|join|Plzdontragequit
|join|Cocoberry
|player|p1|Plzdontragequit|165
|player|p2|Cocoberry|161
|gametype|singles
|gen|6
|tier|OU
|rated
|clearpoke
|poke|p1|Charizard, M, shiny
|poke|p1|Azumarill, F
|poke|p1|Ferrothorn, F
|poke|p1|Landorus-Therian, M
|poke|p1|Keldeo-Resolute
|poke|p1|Latios, M
|poke|p2|Beedrill, F
|poke|p2|Dragonite, F
|poke|p2|Greninja, M
|poke|p2|Rotom-Wash
|poke|p2|Ferrothorn, M
|poke|p2|Excadrill, M
|rule|Swagger Clause: Swagger is banned
|rule|Baton Pass Clause: Limit one PokÃ©mon knowing Baton Pass
|rule|Sleep Clause Mod: Limit one foe put to sleep
|rule|Species Clause: Limit one of each PokÃ©mon
|rule|OHKO Clause: OHKO moves are banned
|rule|Moody Clause: Moody is banned
|rule|Evasion Moves Clause: Evasion moves are banned
|rule|Endless Battle Clause: Forcing endless battles is banned
|rule|HP Percentage Mod: HP is shown in percentages
|teampreview
|
|start
|switch|p1a: Salamander|Charizard, M, shiny|359\/359
|switch|p2a: Rotom-Wash|Rotom-Wash|303\/303
|turn|1
|
|detailschange|p1a: Salamander|Charizard-Mega-X, M, shiny
|message|Charizard has Mega Evolved into Mega Charizard!
|move|p1a: Salamander|Flare Blitz|p2a: Rotom-Wash
|-resisted|p2a: Rotom-Wash
|-damage|p2a: Rotom-Wash|209\/303
|-damage|p1a: Salamander|328\/359|[from] recoil|[of] p2a: Rotom-Wash
|move|p2a: Rotom-Wash|Hydro Pump|p1a: Salamander
|-damage|p1a: Salamander|166\/359
|
|turn|2
|
|move|p1a: Salamander|Roost|p1a: Salamander
|-heal|p1a: Salamander|346\/359
|move|p2a: Rotom-Wash|Hydro Pump|p1a: Salamander
|-damage|p1a: Salamander|196\/359
|
|turn|3
|
|move|p1a: Salamander|Roost|p1a: Salamander
|-heal|p1a: Salamander|359\/359
|move|p2a: Rotom-Wash|Hydro Pump|p1a: Salamander
|-damage|p1a: Salamander|191\/359
|
|turn|4
|
|move|p1a: Salamander|Roost|p1a: Salamander
|-heal|p1a: Salamander|359\/359
|move|p2a: Rotom-Wash|Volt Switch|p1a: Salamander
|-resisted|p1a: Salamander
|-damage|p1a: Salamander|310\/359
|
|switch|p2a: Dragonite|Dragonite, F|324\/324
|
|turn|5
|
|switch|p1a: Landoge|Landorus-Therian, M|325\/325
|-ability|p1a: Landoge|Intimidate|[of] p2a: Dragonite
|-unboost|p2a: Dragonite|atk|1
|move|p2a: Dragonite|Outrage|p1a: Landoge
|-damage|p1a: Landoge|94\/325
|
|turn|6
|
|switch|p1a: Touch Me Harder|Ferrothorn, F|352\/352
|move|p2a: Dragonite|Outrage|p1a: Touch Me Harder
|-resisted|p1a: Touch Me Harder
|-damage|p1a: Touch Me Harder|286\/352
|-damage|p2a: Dragonite|284\/324|[from] ability: Iron Barbs|[of] p1a: Touch Me Harder
|
|-heal|p1a: Touch Me Harder|308\/352|[from] item: Leftovers
|turn|7
|
|move|p2a: Dragonite|Outrage|p1a: Touch Me Harder
|-resisted|p1a: Touch Me Harder
|-damage|p1a: Touch Me Harder|237\/352
|-damage|p2a: Dragonite|244\/324|[from] ability: Iron Barbs|[of] p1a: Touch Me Harder
|move|p1a: Touch Me Harder|Stealth Rock|p2a: Dragonite
|-sidestart|p2: Cocoberry|move: Stealth Rock
|
|-end|p2a: Dragonite|rampage
|-start|p2a: Dragonite|confusion
|-heal|p1a: Touch Me Harder|259\/352|[from] item: Leftovers
|turn|8
|
|switch|p2a: Ferrothorn|Ferrothorn, M|352\/352
|-damage|p2a: Ferrothorn|330\/352|[from] Stealth Rock
|switch|p1a: Energizer|Azumarill, F|401\/401
|
|-heal|p2a: Ferrothorn|352\/352|[from] item: Leftovers
|turn|9
|
|switch|p1a: Salamander|Charizard-Mega-X, M, shiny|310\/359
|move|p2a: Ferrothorn|Stealth Rock|p1a: Salamander
|-sidestart|p1: Plzdontragequit|move: Stealth Rock
|
|turn|10
|
|switch|p2a: Rotom-Wash|Rotom-Wash|209\/303
|-damage|p2a: Rotom-Wash|172\/303|[from] Stealth Rock
|move|p1a: Salamander|Flare Blitz|p2a: Rotom-Wash
|-resisted|p2a: Rotom-Wash
|-damage|p2a: Rotom-Wash|72\/303
|-damage|p1a: Salamander|277\/359|[from] recoil|[of] p2a: Rotom-Wash
|
|turn|11
|
|move|p1a: Salamander|Dragon Dance|p1a: Salamander
|-boost|p1a: Salamander|atk|1
|-boost|p1a: Salamander|spe|1
|move|p2a: Rotom-Wash|Hydro Pump|p1a: Salamander
|-crit|p1a: Salamander
|-damage|p1a: Salamander|64\/359
|
|turn|12
|
|move|p1a: Salamander|Roost|p1a: Salamander
|-heal|p1a: Salamander|244\/359
|move|p2a: Rotom-Wash|Volt Switch|p1a: Salamander
|-resisted|p1a: Salamander
|-damage|p1a: Salamander|190\/359
|
|switch|p2a: Greninja|Greninja, M|285\/285
|-damage|p2a: Greninja|250\/285|[from] Stealth Rock
|
|turn|13
|
|move|p1a: Salamander|Dragon Claw|p2a: Greninja
|-damage|p2a: Greninja|0 fnt
|faint|p2a: Greninja
|
|
|switch|p2a: Beedrill|Beedrill, F|272\/272
|-damage|p2a: Beedrill|204\/272|[from] Stealth Rock
|turn|14
|
|detailschange|p2a: Beedrill|Beedrill-Mega, F
|message|Beedrill has Mega Evolved into Mega Beedrill!
|move|p2a: Beedrill|Protect|p2a: Beedrill
|-singleturn|p2a: Beedrill|Protect
|move|p1a: Salamander|Dragon Dance|p1a: Salamander
|-boost|p1a: Salamander|atk|1
|-boost|p1a: Salamander|spe|1
|
|turn|15
|
|move|p1a: Salamander|Dragon Claw|p2a: Beedrill
|-damage|p2a: Beedrill|0 fnt
|faint|p2a: Beedrill
|
|
|switch|p2a: Rotom-Wash|Rotom-Wash|72\/303
|-damage|p2a: Rotom-Wash|35\/303|[from] Stealth Rock
|turn|16
|
|move|p1a: Salamander|Roost|p1a: Salamander
|-heal|p1a: Salamander|359\/359
|move|p2a: Rotom-Wash|Hydro Pump|p1a: Salamander
|-damage|p1a: Salamander|194\/359
|
|turn|17
|
|move|p1a: Salamander|Roost|p1a: Salamander
|-heal|p1a: Salamander|359\/359
|move|p2a: Rotom-Wash|Hydro Pump|p1a: Salamander
|-crit|p1a: Salamander
|-damage|p1a: Salamander|139\/359
|
|turn|18
|
|move|p1a: Salamander|Roost|p1a: Salamander
|-heal|p1a: Salamander|319\/359
|move|p2a: Rotom-Wash|Hydro Pump|p1a: Salamander
|-damage|p1a: Salamander|156\/359
|
|turn|19
|
|move|p1a: Salamander|Roost|p1a: Salamander
|-heal|p1a: Salamander|336\/359
|move|p2a: Rotom-Wash|Hydro Pump|p1a: Salamander|[miss]
|-miss|p2a: Rotom-Wash|p1a: Salamander
|
|turn|20
|
|move|p1a: Salamander|Dragon Claw|p2a: Rotom-Wash
|-damage|p2a: Rotom-Wash|0 fnt
|faint|p2a: Rotom-Wash
|
|
|switch|p2a: Dragonite|Dragonite, F|244\/324
|-damage|p2a: Dragonite|163\/324|[from] Stealth Rock
|turn|21
|
|move|p2a: Dragonite|Extreme Speed|p1a: Salamander
|-damage|p1a: Salamander|207\/359
|move|p1a: Salamander|Dragon Claw|p2a: Dragonite
|-supereffective|p2a: Dragonite
|-damage|p2a: Dragonite|0 fnt
|faint|p2a: Dragonite
|
|
|switch|p2a: Ferrothorn|Ferrothorn, M|352\/352
|-damage|p2a: Ferrothorn|330\/352|[from] Stealth Rock
|turn|22
|c|âCocoberry|gg
|-message|Cocoberry forfeited.
|
|win|Plzdontragequit
|raw|Ladder updating...
|c|âPlzdontragequit|gg
|leave|Cocoberry
|player|p2
|raw|Plzdontragequit's rating: 1070 &rarr; <strong>1101<\/strong><br \/>(+31 for winning)
|raw|Cocoberry's rating: 1091 &rarr; <strong>1066<\/strong><br \/>(-25 for losing)