|join|mr kiddles
|join|Plzdontragequit
|player|p1|mr kiddles|238
|player|p2|Plzdontragequit|165
|gametype|singles
|gen|6
|tier|OU
|rated
|clearpoke
|poke|p1|Charizard, M
|poke|p1|Landorus-Therian, M
|poke|p1|Rotom-Wash
|poke|p1|Dragonite, F
|poke|p1|Heatran, M
|poke|p1|Scizor, F
|poke|p2|Lucario, M
|poke|p2|Greninja, M
|poke|p2|Aegislash, M
|poke|p2|Togekiss, F
|poke|p2|Forretress, F
|poke|p2|Heatran, F
|rule|Sleep Clause Mod: Limit one foe put to sleep
|rule|Species Clause: Limit one of each Pokemon
|rule|OHKO Clause: OHKO moves are banned
|rule|Moody Clause: Moody is banned
|rule|Evasion Moves Clause: Evasion moves are banned
|rule|Endless Battle Clause: Forcing endless battles is banned.
|rule|HP Percentage Mod: HP is reported as percentages
|teampreview
|callback|decision
|
|start
|switch|p1a: Landorus-Therian|Landorus-Therian, M|320\/320
|switch|p2a: Forretress|Forretress, F|354\/354
|-ability|p1a: Landorus-Therian|Intimidate|[of] p2a: Forretress
|-unboost|p2a: Forretress|atk|1
|turn|1
|callback|decision
|
|move|p1a: Landorus-Therian|U-turn|p2a: Forretress
|-resisted|p2a: Forretress
|-damage|p2a: Forretress|329\/354
|callback|decision
|
|switch|p1a: Charizard|Charizard, M|298\/298
|move|p2a: Forretress|Stealth Rock|p1a: Charizard
|-sidestart|p1: mr kiddles|move: Stealth Rock
|
|-heal|p2a: Forretress|351\/354|[from] item: Leftovers
|turn|2
|callback|decision
|
|switch|p2a: Heatran|Heatran, F|385\/385
|-formechange|p1a: Charizard|Charizard-Mega-X
|message|Charizard has Mega Evolved into Mega Charizard!
|move|p1a: Charizard|Dragon Dance|p1a: Charizard
|-boost|p1a: Charizard|atk|1
|-boost|p1a: Charizard|spe|1
|
|turn|3
|callback|decision
|
|move|p1a: Charizard|Earthquake|p2a: Heatran
|-supereffective|p2a: Heatran
|-damage|p2a: Heatran|0 fnt
|faint|p2a: Heatran
|
|callback|decision
|
|switch|p2a: Aegislash|Aegislash, M|320\/320
|turn|4
|callback|decision
|
|move|p1a: Charizard|Earthquake|p2a: Aegislash
|-supereffective|p2a: Aegislash
|-damage|p2a: Aegislash|34\/320
|-formechange|p2a: Aegislash|Aegislash-Blade
|move|p2a: Aegislash|Shadow Claw|p1a: Charizard
|-damage|p1a: Charizard|154\/298
|
|-heal|p2a: Aegislash|54\/320|[from] item: Leftovers
|turn|5
|callback|decision
|
|-formechange|p2a: Aegislash|Aegislash
|move|p2a: Aegislash|King's Shield|p2a: Aegislash
|-singleturn|p2a: Aegislash|Protect
|move|p1a: Charizard|Earthquake|p2a: Aegislash
|-activate|p2a: Aegislash|Protect
|
|-heal|p2a: Aegislash|74\/320|[from] item: Leftovers
|turn|6
|callback|decision
|
|switch|p2a: Togekiss|Togekiss, F|373\/373
|move|p1a: Charizard|Earthquake|p2a: Togekiss
|-immune|p2a: Togekiss|[msg]
|
|turn|7
|callback|decision
|
|switch|p2a: Forretress|Forretress, F|351\/354
|move|p1a: Charizard|Flare Blitz|p2a: Forretress
|-crit|p2a: Forretress
|-supereffective|p2a: Forretress
|-damage|p2a: Forretress|0 fnt
|-damage|p1a: Charizard|38\/298|[from] recoil|[of] p2a: Forretress
|faint|p2a: Forretress
|
|callback|decision
|
|switch|p2a: Lucario|Lucario, M|281\/281
|turn|8
|callback|decision
|
|-formechange|p2a: Lucario|Lucario-Mega
|message|Lucario has Mega Evolved into Mega Lucario!
|move|p2a: Lucario|Bullet Punch|p1a: Charizard
|-resisted|p1a: Charizard
|-damage|p1a: Charizard|0 fnt
|faint|p1a: Charizard
|
|callback|decision
|
|switch|p1a: Landorus-Therian|Landorus-Therian, M|320\/320
|-damage|p1a: Landorus-Therian|280\/320|[from] Stealth Rock
|-ability|p1a: Landorus-Therian|Intimidate|[of] p2a: Lucario
|-unboost|p2a: Lucario|atk|1
|turn|9
|callback|decision
|
|switch|p2a: Aegislash|Aegislash, M|74\/320
|move|p1a: Landorus-Therian|Earthquake|p2a: Aegislash
|-supereffective|p2a: Aegislash
|-damage|p2a: Aegislash|0 fnt
|faint|p2a: Aegislash
|
|callback|decision
|
|switch|p2a: Togekiss|Togekiss, F|373\/373
|turn|10
|callback|decision
|
|switch|p1a: Heatran|Heatran, M|386\/386
|-damage|p1a: Heatran|338\/386|[from] Stealth Rock
|move|p2a: Togekiss|Air Slash|p1a: Heatran
|-resisted|p1a: Heatran
|-damage|p1a: Heatran|302\/386
|
|-heal|p1a: Heatran|326\/386|[from] item: Leftovers
|turn|11
|callback|decision
|
|move|p2a: Togekiss|Aura Sphere|p1a: Heatran
|-supereffective|p1a: Heatran
|-damage|p1a: Heatran|222\/386
|move|p1a: Heatran|Stealth Rock|p2a: Togekiss
|-sidestart|p2: Plzdontragequit|move: Stealth Rock
|
|-heal|p1a: Heatran|246\/386|[from] item: Leftovers
|turn|12
|callback|decision
|
|switch|p1a: Scizor|Scizor, F|344\/344
|-damage|p1a: Scizor|301\/344|[from] Stealth Rock
|move|p2a: Togekiss|Aura Sphere|p1a: Scizor
|-damage|p1a: Scizor|240\/344
|
|-heal|p1a: Scizor|261\/344|[from] item: Leftovers
|turn|13
|callback|decision
|
|switch|p2a: Lucario|Lucario, M|281\/281
|-formechange|p2a: Lucario|Lucario-Mega
|-damage|p2a: Lucario|273\/281|[from] Stealth Rock
|move|p1a: Scizor|U-turn|p2a: Lucario
|-resisted|p2a: Lucario
|-damage|p2a: Lucario|241\/281
|callback|decision
|
|switch|p1a: Landorus-Therian|Landorus-Therian, M|280\/320
|-damage|p1a: Landorus-Therian|240\/320|[from] Stealth Rock
|-ability|p1a: Landorus-Therian|Intimidate|[of] p2a: Lucario
|-unboost|p2a: Lucario|atk|1
|
|turn|14
|callback|decision
|
|move|p1a: Landorus-Therian|U-turn|p2a: Lucario
|-resisted|p2a: Lucario
|-damage|p2a: Lucario|215\/281
|callback|decision
|
|switch|p1a: Rotom-Wash|Rotom-Wash|304\/304
|-damage|p1a: Rotom-Wash|266\/304|[from] Stealth Rock
|move|p2a: Lucario|Swords Dance|p2a: Lucario
|-boost|p2a: Lucario|atk|2
|
|-heal|p1a: Rotom-Wash|285\/304|[from] item: Leftovers
|turn|15
|callback|decision
|
|move|p2a: Lucario|Close Combat|p1a: Rotom-Wash
|-damage|p1a: Rotom-Wash|0 fnt
|-unboost|p2a: Lucario|def|1
|-unboost|p2a: Lucario|spd|1
|faint|p1a: Rotom-Wash
|
|callback|decision
|
|switch|p1a: Landorus-Therian|Landorus-Therian, M|240\/320
|-damage|p1a: Landorus-Therian|200\/320|[from] Stealth Rock
|-ability|p1a: Landorus-Therian|Intimidate|[of] p2a: Lucario
|-unboost|p2a: Lucario|atk|1
|turn|16
|callback|decision
|
|switch|p2a: Togekiss|Togekiss, F|373\/373
|-damage|p2a: Togekiss|280\/373|[from] Stealth Rock
|move|p1a: Landorus-Therian|Stone Edge|p2a: Togekiss
|-supereffective|p2a: Togekiss
|-damage|p2a: Togekiss|4\/373
|
|-heal|p2a: Togekiss|27\/373|[from] item: Leftovers
|turn|17
|callback|decision
|
|move|p1a: Landorus-Therian|Stone Edge|p2a: Togekiss
|-supereffective|p2a: Togekiss
|-damage|p2a: Togekiss|0 fnt
|faint|p2a: Togekiss
|
|callback|decision
|
|switch|p2a: Lucario|Lucario, M|215\/281
|-formechange|p2a: Lucario|Lucario-Mega
|-damage|p2a: Lucario|207\/281|[from] Stealth Rock
|turn|18
|callback|decision
|
|switch|p1a: Scizor|Scizor, F|261\/344
|-damage|p1a: Scizor|218\/344|[from] Stealth Rock
|move|p2a: Lucario|Swords Dance|p2a: Lucario
|-boost|p2a: Lucario|atk|2
|
|-heal|p1a: Scizor|239\/344|[from] item: Leftovers
|turn|19
|callback|decision
|
|move|p1a: Scizor|Bullet Punch|p2a: Lucario
|-resisted|p2a: Lucario
|-damage|p2a: Lucario|150\/281
|move|p2a: Lucario|Close Combat|p1a: Scizor
|-damage|p1a: Scizor|0 fnt
|-unboost|p2a: Lucario|def|1
|-unboost|p2a: Lucario|spd|1
|faint|p1a: Scizor
|
|callback|decision
|
|switch|p1a: Landorus-Therian|Landorus-Therian, M|200\/320
|-damage|p1a: Landorus-Therian|160\/320|[from] Stealth Rock
|-ability|p1a: Landorus-Therian|Intimidate|[of] p2a: Lucario
|-unboost|p2a: Lucario|atk|1
|turn|20
|callback|decision
|
|move|p2a: Lucario|Bullet Punch|p1a: Landorus-Therian
|-damage|p1a: Landorus-Therian|0 fnt
|faint|p1a: Landorus-Therian
|
|callback|decision
|
|switch|p1a: Dragonite|Dragonite, F|323\/323
|-damage|p1a: Dragonite|243\/323|[from] Stealth Rock
|turn|21
|callback|decision
|
|move|p1a: Dragonite|Extreme Speed|p2a: Lucario
|-resisted|p2a: Lucario
|-damage|p2a: Lucario|26\/281
|move|p2a: Lucario|Close Combat|p1a: Dragonite
|-crit|p1a: Dragonite
|-resisted|p1a: Dragonite
|-damage|p1a: Dragonite|0 fnt
|-unboost|p2a: Lucario|def|1
|-unboost|p2a: Lucario|spd|1
|faint|p1a: Dragonite
|
|callback|decision
|-message|mr kiddles forfeited.
|
|win|Plzdontragequit
|raw|Ladder updating...
|leave|mr kiddles
|player|p1