|join|jidas
|join|Plzdontragequit
|player|p1|jidas|251
|player|p2|Plzdontragequit|165
|gametype|singles
|gen|6
|tier|OU
|rated
|clearpoke
|poke|p1|Sableye, M
|poke|p1|Venusaur, M
|poke|p1|Umbreon, F
|poke|p1|Gliscor, M
|poke|p1|Heatran, M
|poke|p1|Clefable, F
|poke|p2|Lucario, M
|poke|p2|Togekiss, F
|poke|p2|Tyranitar, M
|poke|p2|Excadrill, M
|poke|p2|Trevenant, F
|poke|p2|Heatran, F
|rule|Sleep Clause Mod: Limit one foe put to sleep
|rule|Species Clause: Limit one of each Pokemon
|rule|OHKO Clause: OHKO moves are banned
|rule|Moody Clause: Moody is banned
|rule|Evasion Moves Clause: Evasion moves are banned
|rule|Endless Battle Clause: Forcing endless battles is banned.
|rule|HP Percentage Mod: HP is reported as percentages
|teampreview
|callback|decision
|
|start
|switch|p1a: Sable-Senpai|Sableye, M|304\/304
|switch|p2a: Togekiss|Togekiss, F|373\/373
|turn|1
|callback|decision
|
|switch|p1a: Hot Brisket|Heatran, M|386\/386
|move|p2a: Togekiss|Dazzling Gleam|p1a: Hot Brisket
|-resisted|p1a: Hot Brisket
|-damage|p1a: Hot Brisket|369\/386
|
|turn|2
|callback|decision
|
|switch|p2a: Heatran|Heatran, F|385\/385
|move|p1a: Hot Brisket|Earth Power|p2a: Heatran
|-supereffective|p2a: Heatran
|-damage|p2a: Heatran|77\/385
|
|-heal|p2a: Heatran|101\/385|[from] item: Leftovers
|turn|3
|callback|decision
|chat|jidas|assault vest!!!
|
|move|p1a: Hot Brisket|Earth Power|p2a: Heatran
|-supereffective|p2a: Heatran
|-damage|p2a: Heatran|0 fnt
|faint|p2a: Heatran
|
|callback|decision
|chat|Plzdontragequit|No, just specially defensive.
|chat|jidas|oh
|
|switch|p2a: Tyranitar|Tyranitar, M|404\/404
|-weather|Sandstorm
|turn|4
|callback|decision
|
|switch|p1a: Badfist Caillou|Clefable, F|394\/394
|move|p2a: Tyranitar|Stealth Rock|p1a: Badfist Caillou
|-sidestart|p1: jidas|move: Stealth Rock
|
|-weather|Sandstorm|[upkeep]
|turn|5
|callback|decision
|
|switch|p2a: Excadrill|Excadrill, M|362\/362
|move|p1a: Badfist Caillou|Stealth Rock|p2a: Excadrill
|-sidestart|p2: Plzdontragequit|move: Stealth Rock
|
|-weather|Sandstorm|[upkeep]
|turn|6
|callback|decision
|
|move|p2a: Excadrill|Iron Head|p1a: Badfist Caillou
|-supereffective|p1a: Badfist Caillou
|-damage|p1a: Badfist Caillou|51\/394
|-damage|p2a: Excadrill|326\/362|[from] item: Life Orb
|move|p1a: Badfist Caillou|Flamethrower|p2a: Excadrill
|-supereffective|p2a: Excadrill
|-damage|p2a: Excadrill|146\/362
|
|-weather|Sandstorm|[upkeep]
|-heal|p1a: Badfist Caillou|75\/394|[from] item: Leftovers
|turn|7
|callback|decision
|
|switch|p1a: Hot Brisket|Heatran, M|369\/386
|-damage|p1a: Hot Brisket|321\/386|[from] Stealth Rock
|move|p2a: Excadrill|Rapid Spin|p1a: Hot Brisket
|-resisted|p1a: Hot Brisket
|-damage|p1a: Hot Brisket|304\/386
|-sideend|p2: Plzdontragequit|Stealth Rock|[from] move: Rapid Spin|[of] p2a: Excadrill
|-damage|p2a: Excadrill|110\/362|[from] item: Life Orb
|
|-weather|Sandstorm|[upkeep]
|turn|8
|callback|decision
|
|switch|p2a: Togekiss|Togekiss, F|373\/373
|switch|p1a: Heal Armstrong|Gliscor, M|354\/354
|-damage|p1a: Heal Armstrong|310\/354|[from] Stealth Rock
|
|-weather|none
|-activate|p1a: Heal Armstrong|item: Toxic Orb
|-status|p1a: Heal Armstrong|tox
|turn|9
|callback|decision
|
|move|p1a: Heal Armstrong|Toxic|p2a: Togekiss
|-status|p2a: Togekiss|tox
|move|p2a: Togekiss|Air Slash|p1a: Heal Armstrong
|-damage|p1a: Heal Armstrong|228\/354 tox
|
|-heal|p1a: Heal Armstrong|272\/354 tox|[from] ability: Poison Heal
|-damage|p2a: Togekiss|350\/373 tox|[from] psn
|turn|10
|callback|decision
|
|switch|p2a: Trevenant|Trevenant, F|374\/374
|move|p1a: Heal Armstrong|Substitute|p1a: Heal Armstrong
|-start|p1a: Heal Armstrong|Substitute
|-damage|p1a: Heal Armstrong|184\/354 tox
|
|-heal|p1a: Heal Armstrong|228\/354 tox|[from] ability: Poison Heal
|turn|11
|callback|decision
|
|move|p1a: Heal Armstrong|Toxic|p2a: Trevenant
|-status|p2a: Trevenant|tox
|move|p2a: Trevenant|Curse|p1a: Heal Armstrong
|-start|p1a: Heal Armstrong|Curse|[of] p2a: Trevenant
|-damage|p2a: Trevenant|187\/374 tox
|-enditem|p2a: Trevenant|Sitrus Berry|[eat]
|-heal|p2a: Trevenant|280\/374 tox|[from] item: Sitrus Berry
|
|-heal|p1a: Heal Armstrong|272\/354 tox|[from] ability: Poison Heal
|-damage|p2a: Trevenant|257\/374 tox|[from] psn
|-damage|p1a: Heal Armstrong|184\/354 tox|[from] Curse
|turn|12
|callback|decision
|
|switch|p1a: Officer Nasty|Venusaur, M|364\/364
|-damage|p1a: Officer Nasty|319\/364|[from] Stealth Rock
|switch|p2a: Togekiss|Togekiss, F|350\/373 tox
|
|-heal|p2a: Togekiss|373\/373 tox|[from] item: Leftovers
|-damage|p2a: Togekiss|350\/373 tox|[from] psn
|turn|13
|callback|decision
|
|switch|p2a: Lucario|Lucario, M|281\/281
|-formechange|p1a: Officer Nasty|Venusaur-Mega
|message|Venusaur has Mega Evolved into Mega Venusaur!
|move|p1a: Officer Nasty|Protect|p1a: Officer Nasty
|-fail|p1a: Officer Nasty
|
|turn|14
|callback|decision
|
|switch|p2a: Togekiss|Togekiss, F|350\/373 tox
|move|p1a: Officer Nasty|Leech Seed|p2a: Togekiss
|-start|p2a: Togekiss|move: Leech Seed
|
|-heal|p2a: Togekiss|373\/373 tox|[from] item: Leftovers
|-damage|p2a: Togekiss|327\/373 tox|[from] Leech Seed|[of] p1a: Officer Nasty
|-heal|p1a: Officer Nasty|364\/364|[silent]
|-damage|p2a: Togekiss|304\/373 tox|[from] psn
|turn|15
|callback|decision
|
|switch|p2a: Excadrill|Excadrill, M|110\/362
|move|p1a: Officer Nasty|Knock Off|p2a: Excadrill
|-damage|p2a: Excadrill|18\/362
|-enditem|p2a: Excadrill|Life Orb|[from] move: Knock Off|[of] p1a: Officer Nasty
|
|turn|16
|callback|decision
|
|move|p2a: Excadrill|Earthquake|p1a: Officer Nasty
|-damage|p1a: Officer Nasty|201\/364
|move|p1a: Officer Nasty|Leech Seed|p2a: Excadrill
|-start|p2a: Excadrill|move: Leech Seed
|
|-damage|p2a: Excadrill|0 fnt|[from] Leech Seed|[of] p1a: Officer Nasty
|-heal|p1a: Officer Nasty|219\/364|[silent]
|faint|p2a: Excadrill
|callback|decision
|
|switch|p2a: Togekiss|Togekiss, F|304\/373 tox
|turn|17
|callback|decision
|
|move|p1a: Officer Nasty|Protect|p1a: Officer Nasty
|-singleturn|p1a: Officer Nasty|Protect
|move|p2a: Togekiss|Air Slash|p1a: Officer Nasty
|-activate|p1a: Officer Nasty|Protect
|
|-heal|p2a: Togekiss|327\/373 tox|[from] item: Leftovers
|-damage|p2a: Togekiss|304\/373 tox|[from] psn
|turn|18
|callback|decision
|
|switch|p1a: Hot Brisket|Heatran, M|304\/386
|-damage|p1a: Hot Brisket|256\/386|[from] Stealth Rock
|move|p2a: Togekiss|Air Slash|p1a: Hot Brisket
|-resisted|p1a: Hot Brisket
|-damage|p1a: Hot Brisket|226\/386
|
|-heal|p2a: Togekiss|327\/373 tox|[from] item: Leftovers
|-damage|p2a: Togekiss|281\/373 tox|[from] psn
|turn|19
|callback|decision
|
|switch|p2a: Tyranitar|Tyranitar, M|404\/404
|-weather|Sandstorm
|move|p1a: Hot Brisket|Fire Blast|p2a: Tyranitar
|-resisted|p2a: Tyranitar
|-damage|p2a: Tyranitar|353\/404
|-status|p2a: Tyranitar|brn
|
|-weather|Sandstorm|[upkeep]
|-heal|p2a: Tyranitar|378\/404 brn|[from] item: Leftovers
|-damage|p2a: Tyranitar|328\/404 brn|[from] brn
|turn|20
|callback|decision
|
|switch|p1a: Edgar|Umbreon, F|394\/394
|-damage|p1a: Edgar|345\/394|[from] Stealth Rock
|move|p2a: Tyranitar|Stone Edge|p1a: Edgar|[miss]
|-miss|p2a: Tyranitar|p1a: Edgar
|
|-weather|Sandstorm|[upkeep]
|-damage|p1a: Edgar|321\/394|[from] sandstorm
|-heal|p2a: Tyranitar|353\/404 brn|[from] item: Leftovers
|-heal|p1a: Edgar|345\/394|[from] item: Leftovers
|-damage|p2a: Tyranitar|303\/404 brn|[from] brn
|turn|21
|callback|decision
|
|move|p2a: Tyranitar|Stone Edge|p1a: Edgar|[miss]
|-miss|p2a: Tyranitar|p1a: Edgar
|move|p1a: Edgar|Wish|p1a: Edgar
|
|-weather|Sandstorm|[upkeep]
|-damage|p1a: Edgar|321\/394|[from] sandstorm
|-heal|p2a: Tyranitar|328\/404 brn|[from] item: Leftovers
|-heal|p1a: Edgar|345\/394|[from] item: Leftovers
|-damage|p2a: Tyranitar|278\/404 brn|[from] brn
|turn|22
|callback|decision
|
|switch|p2a: Lucario|Lucario, M|281\/281
|switch|p1a: Badfist Caillou|Clefable, F|75\/394
|
|-weather|Sandstorm|[upkeep]
|-heal|p1a: Badfist Caillou|272\/394|[from] move: Wish|[wisher] Edgar
|-heal|p1a: Badfist Caillou|296\/394|[from] item: Leftovers
|turn|23
|callback|decision
|
|-formechange|p2a: Lucario|Lucario-Mega
|message|Lucario has Mega Evolved into Mega Lucario!
|move|p2a: Lucario|Swords Dance|p2a: Lucario
|-boost|p2a: Lucario|atk|2
|move|p1a: Badfist Caillou|Flamethrower|p2a: Lucario
|-supereffective|p2a: Lucario
|-damage|p2a: Lucario|85\/281
|
|-weather|none
|-heal|p1a: Badfist Caillou|320\/394|[from] item: Leftovers
|turn|24
|callback|decision
|
|move|p2a: Lucario|Bullet Punch|p1a: Badfist Caillou
|-supereffective|p1a: Badfist Caillou
|-damage|p1a: Badfist Caillou|0 fnt
|faint|p1a: Badfist Caillou
|
|callback|decision
|
|switch|p1a: Sable-Senpai|Sableye, M|304\/304
|-damage|p1a: Sable-Senpai|266\/304|[from] Stealth Rock
|turn|25
|callback|decision
|chat|jidas|gg you won
|
|move|p2a: Lucario|Bullet Punch|p1a: Sable-Senpai
|-damage|p1a: Sable-Senpai|0 fnt
|faint|p1a: Sable-Senpai
|
|callback|decision
|
|switch|p1a: Heal Armstrong|Gliscor, M|184\/354 tox
|-damage|p1a: Heal Armstrong|140\/354 tox|[from] Stealth Rock
|turn|26
|callback|decision
|
|move|p2a: Lucario|Close Combat|p1a: Heal Armstrong
|-resisted|p1a: Heal Armstrong
|-damage|p1a: Heal Armstrong|0 fnt
|-unboost|p2a: Lucario|def|1
|-unboost|p2a: Lucario|spd|1
|faint|p1a: Heal Armstrong
|
|callback|decision
|chat|jidas|FAREWELL GOOD SIR
|-message|jidas forfeited.
|
|win|Plzdontragequit
|raw|Ladder updating...
|leave|jidas
|player|p1
|raw|jidas's rating: 1196 &rarr; <strong>1169<\/strong><br \/>(-27 for losing)
|raw|Plzdontragequit's rating: 1170 &rarr; <strong>1196<\/strong><br \/>(+26 for winning)