|join|Plzdontragequit
|join|a_seagull
|player|p1|Plzdontragequit|165
|player|p2|a_seagull|265
|gametype|singles
|gen|6
|tier|OU
|rated
|clearpoke
|poke|p1|Charizard, M, shiny
|poke|p1|Conkeldurr, M
|poke|p1|Greninja, M
|poke|p1|Genesect
|poke|p1|Forretress, F
|poke|p1|Sylveon, F
|poke|p2|Pinsir, M
|poke|p2|Staraptor, M
|poke|p2|Rotom-Wash
|poke|p2|Heatran, M
|poke|p2|Aegislash, F
|poke|p2|Donphan, F
|rule|Sleep Clause Mod: Limit one foe put to sleep
|rule|Species Clause: Limit one of each Pokemon
|rule|OHKO Clause: OHKO moves are banned
|rule|Moody Clause: Moody is banned
|rule|Evasion Moves Clause: Evasion moves are banned
|rule|Endless Battle Clause: Forcing endless battles is banned.
|rule|HP Percentage Mod: HP is reported as percentages
|teampreview
|callback|decision
|
|start
|switch|p1a: Forretress|Forretress, F|354\/354
|switch|p2a: Staraptor|Staraptor, M|311\/311
|turn|1
|callback|decision
|
|move|p2a: Staraptor|U-turn|p1a: Forretress
|-resisted|p1a: Forretress
|-damage|p1a: Forretress|319\/354
|callback|decision
|
|switch|p2a: Heatran|Heatran, M|385\/385
|move|p1a: Forretress|Volt Switch|p2a: Heatran
|-damage|p2a: Heatran|361\/385
|callback|decision
|
|switch|p1a: Conkeldurr|Conkeldurr, M|381\/381
|
|-heal|p2a: Heatran|385\/385|[from] item: Leftovers
|turn|2
|callback|decision
|
|switch|p2a: Aegislash|Aegislash, F|319\/319
|move|p1a: Conkeldurr|Knock Off|p2a: Aegislash
|-supereffective|p2a: Aegislash
|-damage|p2a: Aegislash|117\/319
|-enditem|p2a: Aegislash|Spooky Plate|[from] move: Knock Off|[of] p1a: Conkeldurr
|
|turn|3
|callback|decision
|
|move|p1a: Conkeldurr|Mach Punch|p2a: Aegislash
|-immune|p2a: Aegislash|[msg]
|-formechange|p2a: Aegislash|Aegislash-Blade
|move|p2a: Aegislash|Shadow Ball|p1a: Conkeldurr
|-damage|p1a: Conkeldurr|218\/381
|-unboost|p1a: Conkeldurr|spd|1
|
|turn|4
|callback|decision
|
|switch|p1a: Forretress|Forretress, F|319\/354
|move|p2a: Aegislash|Shadow Ball|p1a: Forretress
|-crit|p1a: Forretress
|-damage|p1a: Forretress|0 fnt
|faint|p1a: Forretress
|
|callback|decision
|
|switch|p1a: Greninja|Greninja, M|285\/285
|turn|5
|callback|decision
|
|switch|p2a: Rotom-Wash|Rotom-Wash|303\/303
|-start|p1a: Greninja|typechange|Water|[from] Protean
|move|p1a: Greninja|Surf|p2a: Rotom-Wash
|-resisted|p2a: Rotom-Wash
|-damage|p2a: Rotom-Wash|226\/303
|-damage|p1a: Greninja|257\/285|[from] item: Life Orb
|
|turn|6
|callback|decision
|
|switch|p1a: Sylveon|Sylveon, F|384\/384
|move|p2a: Rotom-Wash|Volt Switch|p1a: Sylveon
|-damage|p1a: Sylveon|333\/384
|callback|decision
|
|switch|p2a: Staraptor|Staraptor, M|311\/311
|
|-heal|p1a: Sylveon|357\/384|[from] item: Leftovers
|turn|7
|callback|decision
|
|move|p2a: Staraptor|Brave Bird|p1a: Sylveon
|-damage|p1a: Sylveon|0 fnt
|-damage|p2a: Staraptor|193\/311|[from] recoil|[of] p1a: Sylveon
|faint|p1a: Sylveon
|
|callback|decision
|
|switch|p1a: Genesect|Genesect|283\/283
|-boost|p1a: Genesect|spa|1|[from] ability: Download
|turn|8
|callback|decision
|
|move|p1a: Genesect|Ice Beam|p2a: Staraptor
|-supereffective|p2a: Staraptor
|-damage|p2a: Staraptor|0 fnt
|faint|p2a: Staraptor
|
|callback|decision
|
|switch|p2a: Heatran|Heatran, M|385\/385
|turn|9
|callback|decision
|
|switch|p1a: Conkeldurr|Conkeldurr, M|218\/381
|move|p2a: Heatran|Stealth Rock|p1a: Conkeldurr
|-sidestart|p1: Plzdontragequit|move: Stealth Rock
|
|turn|10
|callback|decision
|
|switch|p2a: Aegislash|Aegislash, F|117\/319
|move|p1a: Conkeldurr|Knock Off|p2a: Aegislash
|-supereffective|p2a: Aegislash
|-damage|p2a: Aegislash|0 fnt
|faint|p2a: Aegislash
|
|callback|decision
|
|switch|p2a: Pinsir|Pinsir, M|271\/271
|turn|11
|callback|decision
|
|move|p2a: Pinsir|Swords Dance|p2a: Pinsir
|-boost|p2a: Pinsir|atk|2
|move|p1a: Conkeldurr|Thunder Punch|p2a: Pinsir
|-crit|p2a: Pinsir
|-damage|p2a: Pinsir|124\/271
|-status|p2a: Pinsir|par
|
|turn|12
|callback|decision
|
|-formechange|p2a: Pinsir|Pinsir-Mega
|message|Pinsir has Mega Evolved into Mega Pinsir!
|move|p1a: Conkeldurr|Mach Punch|p2a: Pinsir
|-resisted|p2a: Pinsir
|-damage|p2a: Pinsir|106\/271 par
|cant|p2a: Pinsir|par
|
|turn|13
|callback|decision
|
|cant|p2a: Pinsir|par
|move|p1a: Conkeldurr|Thunder Punch|p2a: Pinsir
|-supereffective|p2a: Pinsir
|-damage|p2a: Pinsir|0 fnt
|faint|p2a: Pinsir
|
|callback|decision
|
|switch|p2a: Donphan|Donphan, F|383\/383
|turn|14
|callback|decision
|
|move|p2a: Donphan|Earthquake|p1a: Conkeldurr
|-damage|p1a: Conkeldurr|83\/381
|move|p1a: Conkeldurr|Drain Punch|p2a: Donphan
|-damage|p2a: Donphan|242\/383
|-heal|p1a: Conkeldurr|154\/381|[from] drain|[of] p2a: Donphan
|
|turn|15
|callback|decision
|
|move|p2a: Donphan|Earthquake|p1a: Conkeldurr
|-damage|p1a: Conkeldurr|24\/381
|move|p1a: Conkeldurr|Drain Punch|p2a: Donphan
|-damage|p2a: Donphan|104\/383
|-heal|p1a: Conkeldurr|93\/381|[from] drain|[of] p2a: Donphan
|
|turn|16
|callback|decision
|
|move|p1a: Conkeldurr|Mach Punch|p2a: Donphan
|-crit|p2a: Donphan
|-damage|p2a: Donphan|0 fnt
|faint|p2a: Donphan
|
|callback|decision
|
|switch|p2a: Rotom-Wash|Rotom-Wash|226\/303
|turn|17
|callback|decision
|
|move|p2a: Rotom-Wash|Hydro Pump|p1a: Conkeldurr
|-damage|p1a: Conkeldurr|0 fnt
|faint|p1a: Conkeldurr
|
|callback|decision
|
|switch|p1a: Genesect|Genesect|283\/283
|-damage|p1a: Genesect|248\/283|[from] Stealth Rock
|-boost|p1a: Genesect|spa|1|[from] ability: Download
|turn|18
|callback|decision
|
|switch|p2a: Heatran|Heatran, M|385\/385
|move|p1a: Genesect|U-turn|p2a: Heatran
|-resisted|p2a: Heatran
|-damage|p2a: Heatran|358\/385
|callback|decision
|
|switch|p1a: Charizard|Charizard, M, shiny|297\/297
|-damage|p1a: Charizard|149\/297|[from] Stealth Rock
|
|-heal|p2a: Heatran|382\/385|[from] item: Leftovers
|turn|19
|callback|decision
|
|move|p1a: Charizard|Dragon Dance|p1a: Charizard
|-boost|p1a: Charizard|atk|1
|-boost|p1a: Charizard|spe|1
|move|p2a: Heatran|Roar|p1a: Charizard
|drag|p1a: Greninja|Greninja, M|257\/285
|-damage|p1a: Greninja|222\/285|[from] Stealth Rock
|
|-heal|p2a: Heatran|385\/385|[from] item: Leftovers
|turn|20
|callback|decision
|
|switch|p2a: Rotom-Wash|Rotom-Wash|226\/303
|-start|p1a: Greninja|typechange|Bug|[from] Protean
|move|p1a: Greninja|U-turn|p2a: Rotom-Wash
|-damage|p2a: Rotom-Wash|156\/303
|-damage|p1a: Greninja|194\/285|[from] item: Life Orb
|callback|decision
|
|switch|p1a: Charizard|Charizard, M, shiny|149\/297
|-damage|p1a: Charizard|1\/297|[from] Stealth Rock
|
|turn|21
|callback|decision
|
|-formechange|p1a: Charizard|Charizard-Mega-X
|message|Charizard has Mega Evolved into Mega Charizard!
|move|p1a: Charizard|Dragon Claw|p2a: Rotom-Wash
|-damage|p2a: Rotom-Wash|26\/303
|move|p2a: Rotom-Wash|Rest|p2a: Rotom-Wash
|-status|p2a: Rotom-Wash|slp
|-heal|p2a: Rotom-Wash|303\/303 slp|[silent]
|-status|p2a: Rotom-Wash|slp|[from] move: Rest
|-enditem|p2a: Rotom-Wash|Chesto Berry|[eat]
|-curestatus|p2a: Rotom-Wash|slp
|
|turn|22
|callback|decision
|
|move|p1a: Charizard|Dragon Claw|p2a: Rotom-Wash
|-damage|p2a: Rotom-Wash|167\/303
|move|p2a: Rotom-Wash|Volt Switch|p1a: Charizard
|-resisted|p1a: Charizard
|-damage|p1a: Charizard|0 fnt
|faint|p1a: Charizard
|callback|decision
|
|switch|p2a: Heatran|Heatran, M|385\/385
|
|callback|decision
|
|switch|p1a: Greninja|Greninja, M|194\/285
|-damage|p1a: Greninja|159\/285|[from] Stealth Rock
|turn|23
|callback|decision
|
|-start|p1a: Greninja|typechange|Water|[from] Protean
|move|p1a: Greninja|Surf|p2a: Heatran
|-supereffective|p2a: Heatran
|-damage|p2a: Heatran|151\/385
|-damage|p1a: Greninja|131\/285|[from] item: Life Orb
|move|p2a: Heatran|Roar|p1a: Greninja
|drag|p1a: Genesect|Genesect|248\/283
|-damage|p1a: Genesect|213\/283|[from] Stealth Rock
|-boost|p1a: Genesect|atk|1|[from] ability: Download
|
|-heal|p2a: Heatran|175\/385|[from] item: Leftovers
|turn|24
|callback|decision
|
|move|p1a: Genesect|Explosion|p2a: Heatran
|-resisted|p2a: Heatran
|-damage|p2a: Heatran|0 fnt
|faint|p2a: Heatran
|faint|p1a: Genesect
|
|callback|decision
|
|switch|p1a: Greninja|Greninja, M|131\/285
|-damage|p1a: Greninja|96\/285|[from] Stealth Rock
|switch|p2a: Rotom-Wash|Rotom-Wash|167\/303
|turn|25
|callback|decision
|
|-start|p1a: Greninja|typechange|Dark|[from] Protean
|move|p1a: Greninja|Dark Pulse|p2a: Rotom-Wash
|-damage|p2a: Rotom-Wash|27\/303
|-damage|p1a: Greninja|68\/285|[from] item: Life Orb
|move|p2a: Rotom-Wash|Volt Switch|p1a: Greninja
|-damage|p1a: Greninja|0 fnt
|faint|p1a: Greninja
|
|win|a_seagull
|raw|Ladder updating...
|chat|a_seagull|yeah fuck you