|join|Courtney Rood
|join|Plzdontragequit
|player|p1|Courtney Rood|4
|player|p2|Plzdontragequit|165
|gametype|singles
|gen|6
|tier|OU
|rated
|clearpoke
|poke|p1|Weavile, M
|poke|p1|Starmie, shiny
|poke|p1|Dragonite, M
|poke|p1|Talonflame, M
|poke|p1|Venusaur, M, shiny
|poke|p1|Empoleon, F
|poke|p2|Lucario, M
|poke|p2|Genesect
|poke|p2|Latios, M
|poke|p2|Heatran, F
|poke|p2|Mandibuzz, F
|poke|p2|Trevenant, F
|rule|Sleep Clause Mod: Limit one foe put to sleep
|rule|Species Clause: Limit one of each Pokemon
|rule|OHKO Clause: OHKO moves are banned
|rule|Moody Clause: Moody is banned
|rule|Evasion Moves Clause: Evasion moves are banned
|rule|Endless Battle Clause: Forcing endless battles is banned.
|rule|HP Percentage Mod: HP is reported as percentages
|teampreview
|callback|decision
|
|start
|switch|p1a: Venusaur|Venusaur, M, shiny|364\/364
|switch|p2a: Genesect|Genesect|283\/283
|-boost|p2a: Genesect|atk|1|[from] ability: Download
|turn|1
|callback|decision
|
|-formechange|p1a: Venusaur|Venusaur-Mega
|message|Venusaur has Mega Evolved into Mega Venusaur!
|move|p2a: Genesect|U-turn|p1a: Venusaur
|-damage|p1a: Venusaur|208\/364
|callback|decision
|
|switch|p2a: Latios|Latios, M|302\/302
|move|p1a: Venusaur|Leech Seed|p2a: Latios
|-start|p2a: Latios|move: Leech Seed
|
|-damage|p2a: Latios|265\/302|[from] Leech Seed|[of] p1a: Venusaur
|-heal|p1a: Venusaur|245\/364|[silent]
|turn|2
|callback|decision
|
|switch|p2a: Genesect|Genesect|283\/283
|-boost|p2a: Genesect|spa|1|[from] ability: Download
|switch|p1a: Weavile|Weavile, M|282\/282
|
|turn|3
|callback|decision
|
|switch|p1a: Talonflame|Talonflame, M|298\/298
|move|p2a: Genesect|U-turn|p1a: Talonflame
|-resisted|p1a: Talonflame
|-damage|p1a: Talonflame|260\/298
|callback|decision
|
|switch|p2a: Heatran|Heatran, F|385\/385
|
|turn|4
|callback|decision
|
|move|p1a: Talonflame|U-turn|p2a: Heatran
|-resisted|p2a: Heatran
|-damage|p2a: Heatran|364\/385
|callback|decision
|
|switch|p1a: Starmie|Starmie, shiny|261\/261
|move|p2a: Heatran|Stealth Rock|p1a: Starmie
|-sidestart|p1: Courtney Rood|move: Stealth Rock
|
|-heal|p2a: Heatran|385\/385|[from] item: Leftovers
|turn|5
|callback|decision
|
|move|p1a: Starmie|Hydro Pump|p2a: Heatran
|-supereffective|p2a: Heatran
|-damage|p2a: Heatran|96\/385
|-damage|p1a: Starmie|235\/261|[from] item: Life Orb
|move|p2a: Heatran|Roar|p1a: Starmie
|drag|p1a: Empoleon|Empoleon, F|372\/372
|-damage|p1a: Empoleon|349\/372|[from] Stealth Rock
|-item|p1a: Empoleon|Air Balloon
|
|-heal|p2a: Heatran|120\/385|[from] item: Leftovers
|turn|6
|callback|decision
|
|move|p2a: Heatran|Lava Plume|p1a: Empoleon
|-damage|p1a: Empoleon|231\/372
|-enditem|p1a: Empoleon|Air Balloon
|move|p1a: Empoleon|Scald|p2a: Heatran
|-supereffective|p2a: Heatran
|-damage|p2a: Heatran|0 fnt
|faint|p2a: Heatran
|
|callback|decision
|
|switch|p2a: Lucario|Lucario, M|281\/281
|turn|7
|callback|decision
|
|-formechange|p2a: Lucario|Lucario-Mega
|message|Lucario has Mega Evolved into Mega Lucario!
|move|p2a: Lucario|Close Combat|p1a: Empoleon
|-supereffective|p1a: Empoleon
|-damage|p1a: Empoleon|0 fnt
|-unboost|p2a: Lucario|def|1
|-unboost|p2a: Lucario|spd|1
|faint|p1a: Empoleon
|
|callback|decision
|
|switch|p1a: Starmie|Starmie, shiny|235\/261
|-damage|p1a: Starmie|203\/261|[from] Stealth Rock
|turn|8
|callback|decision
|join|assissupreme
|
|switch|p2a: Mandibuzz|Mandibuzz, F|423\/423
|move|p1a: Starmie|Rapid Spin|p2a: Mandibuzz
|-damage|p2a: Mandibuzz|411\/423
|-sideend|p1: Courtney Rood|Stealth Rock|[from] move: Rapid Spin|[of] p1a: Starmie
|-damage|p1a: Starmie|177\/261|[from] item: Life Orb
|
|-heal|p2a: Mandibuzz|423\/423|[from] item: Leftovers
|turn|9
|callback|decision
|
|move|p1a: Starmie|Thunderbolt|p2a: Mandibuzz
|-supereffective|p2a: Mandibuzz
|-damage|p2a: Mandibuzz|171\/423
|-damage|p1a: Starmie|151\/261|[from] item: Life Orb
|move|p2a: Mandibuzz|Foul Play|p1a: Starmie
|-supereffective|p1a: Starmie
|-damage|p1a: Starmie|0 fnt
|faint|p1a: Starmie
|
|-heal|p2a: Mandibuzz|197\/423|[from] item: Leftovers
|callback|decision
|
|switch|p1a: Talonflame|Talonflame, M|260\/298
|turn|10
|callback|decision
|
|move|p1a: Talonflame|Brave Bird|p2a: Mandibuzz
|-damage|p2a: Mandibuzz|41\/423
|-damage|p1a: Talonflame|209\/298|[from] recoil|[of] p2a: Mandibuzz
|move|p2a: Mandibuzz|Roost|p2a: Mandibuzz
|-heal|p2a: Mandibuzz|253\/423
|
|-heal|p2a: Mandibuzz|279\/423|[from] item: Leftovers
|turn|11
|callback|decision
|
|switch|p1a: Venusaur|Venusaur, M, shiny|245\/364
|-formechange|p1a: Venusaur|Venusaur-Mega
|move|p2a: Mandibuzz|Roost|p2a: Mandibuzz
|-heal|p2a: Mandibuzz|423\/423
|
|turn|12
|callback|decision
|
|move|p2a: Mandibuzz|Taunt|p1a: Venusaur
|-start|p1a: Venusaur|move: Taunt
|cant|p1a: Venusaur|move: Taunt|Leech Seed
|
|turn|13
|callback|decision
|join|Joeforit
|
|switch|p2a: Lucario|Lucario, M|281\/281
|-formechange|p2a: Lucario|Lucario-Mega
|move|p1a: Venusaur|Sludge Bomb|p2a: Lucario
|-immune|p2a: Lucario|[msg]
|
|turn|14
|callback|decision
|
|move|p2a: Lucario|Bullet Punch|p1a: Venusaur
|-damage|p1a: Venusaur|163\/364
|move|p1a: Venusaur|Hidden Power|p2a: Lucario
|-supereffective|p2a: Lucario
|-damage|p2a: Lucario|87\/281
|
|-end|p1a: Venusaur|move: Taunt
|turn|15
|callback|decision
|
|switch|p2a: Latios|Latios, M|265\/302
|move|p1a: Venusaur|Leech Seed|p2a: Latios
|-start|p2a: Latios|move: Leech Seed
|
|-damage|p2a: Latios|228\/302|[from] Leech Seed|[of] p1a: Venusaur
|-heal|p1a: Venusaur|200\/364|[silent]
|turn|16
|callback|decision
|
|switch|p1a: Weavile|Weavile, M|282\/282
|move|p2a: Latios|Draco Meteor|p1a: Weavile
|-enditem|p1a: Weavile|Focus Sash
|-damage|p1a: Weavile|1\/282
|-unboost|p2a: Latios|spa|2
|-damage|p2a: Latios|198\/302|[from] item: Life Orb
|
|-damage|p2a: Latios|161\/302|[from] Leech Seed|[of] p1a: Weavile
|-heal|p1a: Weavile|38\/282|[silent]
|turn|17
|callback|decision
|
|move|p1a: Weavile|Night Slash|p2a: Latios
|-supereffective|p2a: Latios
|-damage|p2a: Latios|0 fnt
|faint|p2a: Latios
|
|callback|decision
|
|switch|p2a: Lucario|Lucario, M|87\/281
|-formechange|p2a: Lucario|Lucario-Mega
|turn|18
|callback|decision
|
|move|p1a: Weavile|Ice Shard|p2a: Lucario
|-resisted|p2a: Lucario
|-damage|p2a: Lucario|48\/281
|move|p2a: Lucario|Bullet Punch|p1a: Weavile
|-supereffective|p1a: Weavile
|-damage|p1a: Weavile|0 fnt
|faint|p1a: Weavile
|
|callback|decision
|
|switch|p1a: Venusaur|Venusaur, M, shiny|200\/364
|-formechange|p1a: Venusaur|Venusaur-Mega
|turn|19
|callback|decision
|
|move|p2a: Lucario|Close Combat|p1a: Venusaur
|-resisted|p1a: Venusaur
|-damage|p1a: Venusaur|75\/364
|-unboost|p2a: Lucario|def|1
|-unboost|p2a: Lucario|spd|1
|move|p1a: Venusaur|Hidden Power|p2a: Lucario
|-supereffective|p2a: Lucario
|-damage|p2a: Lucario|0 fnt
|faint|p2a: Lucario
|
|callback|decision
|
|switch|p2a: Genesect|Genesect|283\/283
|-boost|p2a: Genesect|spa|1|[from] ability: Download
|turn|20
|callback|decision
|
|switch|p1a: Talonflame|Talonflame, M|209\/298
|move|p2a: Genesect|U-turn|p1a: Talonflame
|-resisted|p1a: Talonflame
|-damage|p1a: Talonflame|168\/298
|callback|decision
|
|switch|p2a: Mandibuzz|Mandibuzz, F|423\/423
|
|turn|21
|callback|decision
|
|move|p1a: Talonflame|U-turn|p2a: Mandibuzz
|-crit|p2a: Mandibuzz
|-damage|p2a: Mandibuzz|324\/423
|callback|decision
|
|switch|p1a: Venusaur|Venusaur, M, shiny|75\/364
|-formechange|p1a: Venusaur|Venusaur-Mega
|move|p2a: Mandibuzz|Foul Play|p1a: Venusaur
|-damage|p1a: Venusaur|0 fnt
|faint|p1a: Venusaur
|
|-heal|p2a: Mandibuzz|350\/423|[from] item: Leftovers
|callback|decision
|
|switch|p1a: Dragonite|Dragonite, M|324\/324
|turn|22
|callback|decision
|
|move|p1a: Dragonite|Dragon Dance|p1a: Dragonite
|-boost|p1a: Dragonite|atk|1
|-boost|p1a: Dragonite|spe|1
|move|p2a: Mandibuzz|Foul Play|p1a: Dragonite
|-damage|p1a: Dragonite|180\/324
|
|-heal|p2a: Mandibuzz|376\/423|[from] item: Leftovers
|turn|23
|callback|decision
|
|move|p1a: Dragonite|Thunder Punch|p2a: Mandibuzz
|-crit|p2a: Mandibuzz
|-supereffective|p2a: Mandibuzz
|-damage|p2a: Mandibuzz|76\/423
|-status|p2a: Mandibuzz|par
|cant|p2a: Mandibuzz|par
|
|-heal|p2a: Mandibuzz|102\/423 par|[from] item: Leftovers
|turn|24
|callback|decision
|
|move|p1a: Dragonite|Thunder Punch|p2a: Mandibuzz
|-crit|p2a: Mandibuzz
|-supereffective|p2a: Mandibuzz
|-damage|p2a: Mandibuzz|0 fnt
|faint|p2a: Mandibuzz
|
|callback|decision
|
|switch|p2a: Genesect|Genesect|283\/283
|-boost|p2a: Genesect|atk|1|[from] ability: Download
|turn|25
|callback|decision
|
|move|p2a: Genesect|Ice Beam|p1a: Dragonite
|-supereffective|p1a: Dragonite
|-damage|p1a: Dragonite|0 fnt
|faint|p1a: Dragonite
|
|callback|decision
|
|switch|p1a: Talonflame|Talonflame, M|168\/298
|turn|26
|callback|decision
|
|switch|p2a: Trevenant|Trevenant, F|373\/373
|move|p1a: Talonflame|Brave Bird|p2a: Trevenant
|-supereffective|p2a: Trevenant
|-damage|p2a: Trevenant|0 fnt
|-damage|p1a: Talonflame|45\/298|[from] recoil|[of] p2a: Trevenant
|faint|p2a: Trevenant
|
|callback|decision
|
|switch|p2a: Genesect|Genesect|283\/283
|-boost|p2a: Genesect|spa|1|[from] ability: Download
|turn|27
|callback|decision
|
|move|p1a: Talonflame|Brave Bird|p2a: Genesect
|-damage|p2a: Genesect|36\/283
|-damage|p1a: Talonflame|0 fnt|[from] recoil|[of] p2a: Genesect
|faint|p1a: Talonflame
|
|win|Plzdontragequit
|raw|Ladder updating...
|raw|Courtney Rood's rating: 1342 &rarr; <strong>1317<\/strong><br \/>(-25 for losing)
|raw|Plzdontragequit's rating: 1339 &rarr; <strong>1364<\/strong><br \/>(+25 for winning)
|chat|Plzdontragequit|GG.
|chat|Courtney Rood|gg