|join|doomthemad
|join|rirao
|player|p1|doomthemad|162
|player|p2|rirao|162
|gametype|singles
|gen|6
|tier|OU
|rated
|clearpoke
|poke|p1|Conkeldurr, M
|poke|p1|Krookodile, M
|poke|p1|Gengar, F
|poke|p1|Metagross
|poke|p1|Heatran, F
|poke|p1|Sylveon, F
|poke|p2|Tyranitar, F, shiny
|poke|p2|Gyarados, M, shiny
|poke|p2|Mew
|poke|p2|Latios, M
|poke|p2|Metagross, shiny
|poke|p2|Scizor, M
|rule|Swagger Clause: Swagger is banned
|rule|Baton Pass Clause: Limit one PokÃ©mon knowing Baton Pass
|rule|Sleep Clause Mod: Limit one foe put to sleep
|rule|Species Clause: Limit one of each PokÃ©mon
|rule|OHKO Clause: OHKO moves are banned
|rule|Moody Clause: Moody is banned
|rule|Evasion Moves Clause: Evasion moves are banned
|rule|Endless Battle Clause: Forcing endless battles is banned
|rule|HP Percentage Mod: HP is shown in percentages
|teampreview
|
|start
|switch|p1a: Krookodile|Krookodile, M|394\/394
|switch|p2a: Lancelot|Metagross, shiny|301\/301
|-ability|p1a: Krookodile|Intimidate|[of] p2a: Lancelot
|-fail|p2a: Lancelot|unboost|[from] ability: Clear Body|[of] p2a: Lancelot
|turn|1
|
|switch|p2a: Gyaratres|Gyarados, M, shiny|332\/332
|move|p1a: Krookodile|Knock Off|p2a: Gyaratres
|-damage|p2a: Gyaratres|178\/332
|-enditem|p2a: Gyaratres|Leftovers|[from] move: Knock Off|[of] p1a: Krookodile
|
|turn|2
|
|switch|p1a: Sylveon|Sylveon, F|394\/394
|move|p2a: Gyaratres|Waterfall|p1a: Sylveon
|-damage|p1a: Sylveon|247\/394
|
|-heal|p1a: Sylveon|271\/394|[from] item: Leftovers
|turn|3
|
|move|p2a: Gyaratres|Bounce|p1a: Sylveon|[still]
|-prepare|p2a: Gyaratres|Bounce|p1a: Sylveon
|move|p1a: Sylveon|Wish|p1a: Sylveon
|
|-heal|p1a: Sylveon|295\/394|[from] item: Leftovers
|turn|4
|
|move|p2a: Gyaratres|Bounce|p1a: Sylveon
|-damage|p1a: Sylveon|156\/394
|move|p1a: Sylveon|Hyper Voice|p2a: Gyaratres
|-damage|p2a: Gyaratres|24\/332
|
|-heal|p1a: Sylveon|353\/394|[from] move: Wish|[wisher] Sylveon
|-heal|p1a: Sylveon|377\/394|[from] item: Leftovers
|turn|5
|
|move|p2a: Gyaratres|Waterfall|p1a: Sylveon
|-damage|p1a: Sylveon|236\/394
|move|p1a: Sylveon|Wish|p1a: Sylveon
|
|-heal|p1a: Sylveon|260\/394|[from] item: Leftovers
|turn|6
|
|switch|p2a: Sizzler|Scizor, M|344\/344
|move|p1a: Sylveon|Hyper Voice|p2a: Sizzler
|-resisted|p2a: Sizzler
|-damage|p2a: Sizzler|259\/344
|
|-heal|p1a: Sylveon|394\/394|[from] move: Wish|[wisher] Sylveon
|turn|7
|
|switch|p1a: Krookodile|Krookodile, M|394\/394
|-ability|p1a: Krookodile|Intimidate|[of] p2a: Sizzler
|-unboost|p2a: Sizzler|atk|1
|move|p2a: Sizzler|U-turn|p1a: Krookodile
|-supereffective|p1a: Krookodile
|-damage|p1a: Krookodile|146\/394
|
|switch|p2a: Latios|Latios, M|302\/302
|
|-heal|p1a: Krookodile|170\/394|[from] item: Leftovers
|turn|8
|
|switch|p1a: Heatran|Heatran, F|351\/351
|move|p2a: Latios|Draco Meteor|p1a: Heatran
|-resisted|p1a: Heatran
|-damage|p1a: Heatran|294\/351
|-unboost|p2a: Latios|spa|2
|
|turn|9
|
|switch|p2a: Gyaratres|Gyarados, M, shiny|24\/332
|move|p1a: Heatran|Ancient Power|p2a: Gyaratres
|-supereffective|p2a: Gyaratres
|-damage|p2a: Gyaratres|0 fnt
|-boost|p1a: Heatran|atk|1
|-boost|p1a: Heatran|def|1
|-boost|p1a: Heatran|spa|1
|-boost|p1a: Heatran|spd|1
|-boost|p1a: Heatran|spe|1
|faint|p2a: Gyaratres
|
|
|switch|p2a: Latios|Latios, M|302\/302
|turn|10
|
|move|p2a: Latios|Trick|p1a: Heatran
|-activate|p2a: Latios|move: Trick|[of] p1a: Heatran
|-item|p1a: Heatran|Choice Scarf|[from] move: Trick
|-item|p2a: Latios|Assault Vest|[from] move: Trick
|move|p1a: Heatran|Flash Cannon|p2a: Latios
|-damage|p2a: Latios|158\/302
|
|turn|11
|
|switch|p2a: Lancelot|Metagross, shiny|301\/301
|move|p1a: Heatran|Flash Cannon|p2a: Lancelot
|-resisted|p2a: Lancelot
|-damage|p2a: Lancelot|175\/301
|
|turn|12
|
|detailschange|p2a: Lancelot|Metagross-Mega, shiny
|message|Metagross has Mega Evolved into Mega Metagross!
|move|p1a: Heatran|Flash Cannon|p2a: Lancelot
|-resisted|p2a: Lancelot
|-damage|p2a: Lancelot|81\/301
|move|p2a: Lancelot|Earthquake|p1a: Heatran
|-supereffective|p1a: Heatran
|-damage|p1a: Heatran|0 fnt
|faint|p1a: Heatran
|
|
|switch|p1a: Krookodile|Krookodile, M|170\/394
|-ability|p1a: Krookodile|Intimidate|[of] p2a: Lancelot
|-unboost|p2a: Lancelot|atk|1
|turn|13
|
|move|p2a: Lancelot|Bullet Punch|p1a: Krookodile
|-crit|p1a: Krookodile
|-damage|p1a: Krookodile|49\/394
|move|p1a: Krookodile|Knock Off|p2a: Lancelot
|-supereffective|p2a: Lancelot
|-damage|p2a: Lancelot|0 fnt
|faint|p2a: Lancelot
|
|-heal|p1a: Krookodile|73\/394|[from] item: Leftovers
|
|switch|p2a: Sizzler|Scizor, M|259\/344
|turn|14
|
|move|p1a: Krookodile|Knock Off|p2a: Sizzler
|-crit|p2a: Sizzler
|-damage|p2a: Sizzler|75\/344
|-enditem|p2a: Sizzler|Choice Band|[from] move: Knock Off|[of] p1a: Krookodile
|move|p2a: Sizzler|U-turn|p1a: Krookodile
|-supereffective|p1a: Krookodile
|-damage|p1a: Krookodile|0 fnt
|faint|p1a: Krookodile
|
|switch|p2a: Mew|Mew|404\/404
|
|
|switch|p1a: Gengar|Gengar, F|262\/262
|turn|15
|
|move|p1a: Gengar|Substitute|p1a: Gengar
|-start|p1a: Gengar|Substitute
|-damage|p1a: Gengar|197\/262
|move|p2a: Mew|Stealth Rock|p1a: Gengar
|-sidestart|p1: doomthemad|move: Stealth Rock
|
|-heal|p1a: Gengar|213\/262|[from] item: Black Sludge
|turn|16
|
|move|p1a: Gengar|Shadow Ball|p2a: Mew
|-supereffective|p2a: Mew
|-damage|p2a: Mew|134\/404
|move|p2a: Mew|Knock Off|p1a: Gengar
|-supereffective|p1a: Gengar
|-end|p1a: Gengar|Substitute
|
|-heal|p1a: Gengar|229\/262|[from] item: Black Sludge
|-heal|p2a: Mew|159\/404|[from] item: Leftovers
|turn|17
|
|move|p1a: Gengar|Substitute|p1a: Gengar
|-start|p1a: Gengar|Substitute
|-damage|p1a: Gengar|164\/262
|move|p2a: Mew|Knock Off|p1a: Gengar
|-supereffective|p1a: Gengar
|-end|p1a: Gengar|Substitute
|
|-heal|p1a: Gengar|180\/262|[from] item: Black Sludge
|-heal|p2a: Mew|184\/404|[from] item: Leftovers
|turn|18
|
|move|p1a: Gengar|Shadow Ball|p2a: Mew
|-supereffective|p2a: Mew
|-damage|p2a: Mew|0 fnt
|faint|p2a: Mew
|
|-heal|p1a: Gengar|196\/262|[from] item: Black Sludge
|
|switch|p2a: Reptar|Tyranitar, F, shiny|342\/342
|-weather|Sandstorm
|turn|19
|
|switch|p2a: Latios|Latios, M|158\/302
|move|p1a: Gengar|Substitute|p1a: Gengar
|-start|p1a: Gengar|Substitute
|-damage|p1a: Gengar|131\/262
|
|-weather|Sandstorm|[upkeep]
|-damage|p1a: Gengar|115\/262|[from] sandstorm
|-damage|p2a: Latios|140\/302|[from] sandstorm
|-heal|p1a: Gengar|131\/262|[from] item: Black Sludge
|turn|20
|
|move|p1a: Gengar|Shadow Ball|p2a: Latios
|-supereffective|p2a: Latios
|-damage|p2a: Latios|0 fnt
|faint|p2a: Latios
|
|-weather|Sandstorm|[upkeep]
|-damage|p1a: Gengar|115\/262|[from] sandstorm
|-heal|p1a: Gengar|131\/262|[from] item: Black Sludge
|
|switch|p2a: Sizzler|Scizor, M|75\/344
|turn|21
|
|move|p2a: Sizzler|Bullet Punch|p1a: Gengar
|-end|p1a: Gengar|Substitute
|move|p1a: Gengar|Shadow Ball|p2a: Sizzler
|-damage|p2a: Sizzler|0 fnt
|faint|p2a: Sizzler
|
|-weather|Sandstorm|[upkeep]
|-damage|p1a: Gengar|115\/262|[from] sandstorm
|-heal|p1a: Gengar|131\/262|[from] item: Black Sludge
|
|switch|p2a: Reptar|Tyranitar, F, shiny|342\/342
|turn|22
|
|move|p1a: Gengar|Substitute|p1a: Gengar
|-start|p1a: Gengar|Substitute
|-damage|p1a: Gengar|66\/262
|move|p2a: Reptar|Dragon Dance|p2a: Reptar
|-boost|p2a: Reptar|atk|1
|-boost|p2a: Reptar|spe|1
|
|-weather|Sandstorm|[upkeep]
|-damage|p1a: Gengar|50\/262|[from] sandstorm
|-heal|p1a: Gengar|66\/262|[from] item: Black Sludge
|turn|23
|
|move|p2a: Reptar|Dragon Dance|p2a: Reptar
|-boost|p2a: Reptar|atk|1
|-boost|p2a: Reptar|spe|1
|move|p1a: Gengar|Disable|p2a: Reptar
|-start|p2a: Reptar|Disable|Dragon Dance
|
|-weather|none
|-heal|p1a: Gengar|82\/262|[from] item: Black Sludge
|turn|24
|
|move|p2a: Reptar|Crunch|p1a: Gengar
|-supereffective|p1a: Gengar
|-end|p1a: Gengar|Substitute
|move|p1a: Gengar|Focus Blast|p2a: Reptar
|-supereffective|p2a: Reptar
|-damage|p2a: Reptar|0 fnt
|faint|p2a: Reptar
|
|win|doomthemad
|raw|Ladder updating...
|raw|doomthemad's rating: 1465 &rarr; <strong>1482<\/strong><br \/>(+17 for winning)
|raw|rirao's rating: 1415 &rarr; <strong>1397<\/strong><br \/>(-18 for losing)
|leave|rirao
|player|p2