|join|PerfectPkmnNiqyue
|join|rirao
|player|p1|PerfectPkmnNiqyue|170
|player|p2|rirao|162
|gametype|singles
|gen|6
|tier|OU
|rated
|clearpoke
|poke|p1|Skarmory, M, shiny
|poke|p1|Cofagrigus, M, shiny
|poke|p1|Terrakion, shiny
|poke|p1|Sceptile, M, shiny
|poke|p1|Jolteon, M, shiny
|poke|p1|Clefable, F, shiny
|poke|p2|Skarmory, M
|poke|p2|Gyarados, M
|poke|p2|Metagross
|poke|p2|Vaporeon, M
|poke|p2|Salamence, M
|poke|p2|Scizor, F
|rule|Swagger Clause: Swagger is banned
|rule|Baton Pass Clause: Limit one PokÃ©mon knowing Baton Pass
|rule|Sleep Clause Mod: Limit one foe put to sleep
|rule|Species Clause: Limit one of each PokÃ©mon
|rule|OHKO Clause: OHKO moves are banned
|rule|Moody Clause: Moody is banned
|rule|Evasion Moves Clause: Evasion moves are banned
|rule|Endless Battle Clause: Forcing endless battles is banned
|rule|HP Percentage Mod: HP is shown in percentages
|teampreview
|
|start
|switch|p1a: Jolteon|Jolteon, M, shiny|272\/272
|switch|p2a: Salamence|Salamence, M|331\/331
|turn|1
|
|move|p1a: Jolteon|Hidden Power|p2a: Salamence
|-supereffective|p2a: Salamence
|-damage|p2a: Salamence|0 fnt
|-damage|p1a: Jolteon|245\/272|[from] item: Life Orb
|faint|p2a: Salamence
|
|
|switch|p2a: Metagross|Metagross|301\/301
|turn|2
|
|move|p1a: Jolteon|Volt Switch|p2a: Metagross
|-damage|p2a: Metagross|144\/301
|-damage|p1a: Jolteon|218\/272|[from] item: Life Orb
|
|switch|p1a: Skarmory|Skarmory, M, shiny|333\/333
|move|p2a: Metagross|Thunder Punch|p1a: Skarmory
|-supereffective|p1a: Skarmory
|-damage|p1a: Skarmory|227\/333
|-damage|p2a: Metagross|94\/301|[from] item: Rocky Helmet|[of] p1a: Skarmory
|
|turn|3
|
|detailschange|p2a: Metagross|Metagross-Mega
|message|Metagross has Mega Evolved into Mega Metagross!
|move|p2a: Metagross|Thunder Punch|p1a: Skarmory
|-supereffective|p1a: Skarmory
|-damage|p1a: Skarmory|75\/333
|-damage|p2a: Metagross|44\/301|[from] item: Rocky Helmet|[of] p1a: Skarmory
|move|p1a: Skarmory|Roost|p1a: Skarmory
|-heal|p1a: Skarmory|242\/333
|
|turn|4
|
|switch|p2a: Vaporeon|Vaporeon, M|464\/464
|move|p1a: Skarmory|Roost|p1a: Skarmory
|-heal|p1a: Skarmory|333\/333
|
|turn|5
|
|move|p1a: Skarmory|Stealth Rock|p2a: Vaporeon
|-sidestart|p2: rirao|move: Stealth Rock
|move|p2a: Vaporeon|Wish|p2a: Vaporeon
|
|turn|6
|
|switch|p2a: Metagross|Metagross-Mega|44\/301
|-damage|p2a: Metagross|26\/301|[from] Stealth Rock
|move|p1a: Skarmory|Whirlwind|p2a: Metagross
|drag|p2a: Vaporeon|Vaporeon, M|464\/464
|-damage|p2a: Vaporeon|406\/464|[from] Stealth Rock
|
|-heal|p2a: Vaporeon|464\/464|[from] move: Wish|[wisher] Vaporeon
|turn|7
|
|switch|p1a: Jolteon|Jolteon, M, shiny|218\/272
|move|p2a: Vaporeon|Wish|p2a: Vaporeon
|
|turn|8
|
|switch|p2a: Scizor|Scizor, F|302\/302
|-damage|p2a: Scizor|265\/302|[from] Stealth Rock
|move|p1a: Jolteon|Thunderbolt|p2a: Scizor
|-damage|p2a: Scizor|58\/302
|-damage|p1a: Jolteon|191\/272|[from] item: Life Orb
|
|-heal|p2a: Scizor|290\/302|[from] move: Wish|[wisher] Vaporeon
|turn|9
|
|switch|p1a: Cofagrigus|Cofagrigus, M, shiny|301\/301
|move|p2a: Scizor|Quick Attack|p1a: Cofagrigus
|-immune|p1a: Cofagrigus|[msg]
|
|turn|10
|
|switch|p2a: Skarmory|Skarmory, M|334\/334
|-damage|p2a: Skarmory|293\/334|[from] Stealth Rock
|move|p1a: Cofagrigus|Will-O-Wisp|p2a: Skarmory
|-status|p2a: Skarmory|brn
|
|-heal|p2a: Skarmory|313\/334 brn|[from] item: Leftovers
|-damage|p2a: Skarmory|272\/334 brn|[from] brn
|turn|11
|
|move|p2a: Skarmory|Spikes|p1a: Cofagrigus
|-sidestart|p1: PerfectPkmnNiqyue|Spikes
|move|p1a: Cofagrigus|Knock Off|p2a: Skarmory
|-damage|p2a: Skarmory|246\/334 brn
|-enditem|p2a: Skarmory|Leftovers|[from] move: Knock Off|[of] p1a: Cofagrigus
|
|-damage|p2a: Skarmory|205\/334 brn|[from] brn
|turn|12
|
|move|p2a: Skarmory|Spikes|p1a: Cofagrigus
|-sidestart|p1: PerfectPkmnNiqyue|Spikes
|move|p1a: Cofagrigus|Shadow Ball|p2a: Skarmory
|-crit|p2a: Skarmory
|-damage|p2a: Skarmory|18\/334 brn
|
|-damage|p2a: Skarmory|0 fnt|[from] brn
|faint|p2a: Skarmory
|
|switch|p2a: Metagross|Metagross-Mega|26\/301
|-damage|p2a: Metagross|8\/301|[from] Stealth Rock
|turn|13
|
|switch|p1a: Skarmory|Skarmory, M, shiny|333\/333
|move|p2a: Metagross|Zen Headbutt|p1a: Skarmory
|-resisted|p1a: Skarmory
|-damage|p1a: Skarmory|270\/333
|-damage|p2a: Metagross|0 fnt|[from] item: Rocky Helmet|[of] p1a: Skarmory
|faint|p2a: Metagross
|
|
|switch|p2a: Scizor|Scizor, F|290\/302
|-damage|p2a: Scizor|253\/302|[from] Stealth Rock
|turn|14
|
|move|p2a: Scizor|Knock Off|p1a: Skarmory
|-damage|p1a: Skarmory|180\/333
|-damage|p2a: Scizor|203\/302|[from] item: Rocky Helmet|[of] p1a: Skarmory
|-enditem|p1a: Skarmory|Rocky Helmet|[from] move: Knock Off|[of] p2a: Scizor
|move|p1a: Skarmory|Roost|p1a: Skarmory
|-heal|p1a: Skarmory|333\/333
|
|turn|15
|
|switch|p2a: Vaporeon|Vaporeon, M|464\/464
|-damage|p2a: Vaporeon|406\/464|[from] Stealth Rock
|move|p1a: Skarmory|Brave Bird|p2a: Vaporeon
|-crit|p2a: Vaporeon
|-damage|p2a: Vaporeon|231\/464
|-damage|p1a: Skarmory|275\/333|[from] recoil|[of] p2a: Vaporeon
|
|-heal|p2a: Vaporeon|260\/464|[from] item: Leftovers
|turn|16
|
|switch|p1a: Clefable|Clefable, F, shiny|351\/351
|move|p2a: Vaporeon|Wish|p2a: Vaporeon
|
|-heal|p2a: Vaporeon|289\/464|[from] item: Leftovers
|turn|17
|
|switch|p2a: Scizor|Scizor, F|203\/302
|-damage|p2a: Scizor|166\/302|[from] Stealth Rock
|move|p1a: Clefable|Flamethrower|p2a: Scizor
|-supereffective|p2a: Scizor
|-damage|p2a: Scizor|0 fnt
|faint|p2a: Scizor
|
|
|switch|p2a: Gyarados|Gyarados, M|332\/332
|-damage|p2a: Gyarados|249\/332|[from] Stealth Rock
|-ability|p2a: Gyarados|Intimidate|[of] p1a: Clefable
|-unboost|p1a: Clefable|atk|1
|turn|18
|
|move|p2a: Gyarados|Substitute|p2a: Gyarados
|-start|p2a: Gyarados|Substitute
|-damage|p2a: Gyarados|166\/332
|move|p1a: Clefable|Cosmic Power|p1a: Clefable
|-boost|p1a: Clefable|def|1
|-boost|p1a: Clefable|spd|1
|
|-heal|p2a: Gyarados|186\/332|[from] item: Leftovers
|turn|19
|
|move|p2a: Gyarados|Dragon Dance|p2a: Gyarados
|-boost|p2a: Gyarados|atk|1
|-boost|p2a: Gyarados|spe|1
|move|p1a: Clefable|Cosmic Power|p1a: Clefable
|-boost|p1a: Clefable|def|1
|-boost|p1a: Clefable|spd|1
|
|-heal|p2a: Gyarados|206\/332|[from] item: Leftovers
|turn|20
|
|move|p2a: Gyarados|Dragon Dance|p2a: Gyarados
|-boost|p2a: Gyarados|atk|1
|-boost|p2a: Gyarados|spe|1
|move|p1a: Clefable|Stored Power|p2a: Gyarados
|-end|p2a: Gyarados|Substitute
|
|-heal|p2a: Gyarados|226\/332|[from] item: Leftovers
|turn|21
|
|move|p2a: Gyarados|Bounce|p1a: Clefable|[still]
|-prepare|p2a: Gyarados|Bounce|p1a: Clefable
|move|p1a: Clefable|Cosmic Power|p1a: Clefable
|-boost|p1a: Clefable|def|1
|-boost|p1a: Clefable|spd|1
|
|-heal|p2a: Gyarados|246\/332|[from] item: Leftovers
|turn|22
|
|move|p2a: Gyarados|Bounce|p1a: Clefable
|-damage|p1a: Clefable|192\/351
|move|p1a: Clefable|Soft-Boiled|p1a: Clefable
|-heal|p1a: Clefable|351\/351
|
|-heal|p2a: Gyarados|266\/332|[from] item: Leftovers
|turn|23
|
|move|p2a: Gyarados|Waterfall|p1a: Clefable
|-damage|p1a: Clefable|206\/351
|move|p1a: Clefable|Stored Power|p2a: Gyarados
|-damage|p2a: Gyarados|150\/332
|
|-heal|p2a: Gyarados|170\/332|[from] item: Leftovers
|turn|24
|
|move|p2a: Gyarados|Waterfall|p1a: Clefable
|-damage|p1a: Clefable|49\/351
|-enditem|p1a: Clefable|Sitrus Berry|[eat]
|-heal|p1a: Clefable|136\/351|[from] item: Sitrus Berry
|move|p1a: Clefable|Cosmic Power|p1a: Clefable
|-boost|p1a: Clefable|def|1
|-boost|p1a: Clefable|spd|1
|
|-heal|p2a: Gyarados|190\/332|[from] item: Leftovers
|turn|25
|
|move|p2a: Gyarados|Waterfall|p1a: Clefable
|-damage|p1a: Clefable|3\/351
|move|p1a: Clefable|Soft-Boiled|p1a: Clefable
|-heal|p1a: Clefable|179\/351
|
|-heal|p2a: Gyarados|210\/332|[from] item: Leftovers
|turn|26
|
|move|p2a: Gyarados|Waterfall|p1a: Clefable
|-damage|p1a: Clefable|53\/351
|move|p1a: Clefable|Soft-Boiled|p1a: Clefable
|-heal|p1a: Clefable|229\/351
|
|-heal|p2a: Gyarados|230\/332|[from] item: Leftovers
|turn|27
|
|move|p2a: Gyarados|Waterfall|p1a: Clefable
|-damage|p1a: Clefable|88\/351
|move|p1a: Clefable|Soft-Boiled|p1a: Clefable
|-heal|p1a: Clefable|264\/351
|
|-heal|p2a: Gyarados|250\/332|[from] item: Leftovers
|turn|28
|
|move|p2a: Gyarados|Dragon Dance|p2a: Gyarados
|-boost|p2a: Gyarados|atk|1
|-boost|p2a: Gyarados|spe|1
|move|p1a: Clefable|Cosmic Power|p1a: Clefable
|-boost|p1a: Clefable|def|1
|-boost|p1a: Clefable|spd|1
|
|-heal|p2a: Gyarados|270\/332|[from] item: Leftovers
|turn|29
|
|move|p2a: Gyarados|Waterfall|p1a: Clefable
|-damage|p1a: Clefable|111\/351
|move|p1a: Clefable|Stored Power|p2a: Gyarados
|-crit|p2a: Gyarados
|-damage|p2a: Gyarados|0 fnt
|faint|p2a: Gyarados
|
|-message|rirao forfeited.
|
|win|PerfectPkmnNiqyue
|raw|Ladder updating...
|leave|rirao
|player|p2
|raw|PerfectPkmnNiqyue's rating: 1375 &rarr; <strong>1399<\/strong><br \/>(+24 for winning)
|raw|rirao's rating: 1443 &rarr; <strong>1419<\/strong><br \/>(-24 for losing)