|join|rirao
|join|antolex
|player|p1|rirao|162
|player|p2|antolex|220
|gametype|singles
|gen|6
|tier|OU
|rated
|clearpoke
|poke|p1|Gyarados, M, shiny
|poke|p1|Scizor, F, shiny
|poke|p1|Heatran, M
|poke|p1|Tyranitar, M, shiny
|poke|p1|Tentacruel, F
|poke|p1|Metagross, shiny
|poke|p2|Mandibuzz, F
|poke|p2|Ninjask, F
|poke|p2|Charizard, F
|poke|p2|Conkeldurr, M
|poke|p2|Sigilyph, M
|poke|p2|Escavalier, F
|rule|Swagger Clause: Swagger is banned
|rule|Baton Pass Clause: Limit one PokÃ©mon knowing Baton Pass
|rule|Sleep Clause Mod: Limit one foe put to sleep
|rule|Species Clause: Limit one of each PokÃ©mon
|rule|OHKO Clause: OHKO moves are banned
|rule|Moody Clause: Moody is banned
|rule|Evasion Moves Clause: Evasion moves are banned
|rule|Endless Battle Clause: Forcing endless battles is banned
|rule|HP Percentage Mod: HP is shown in percentages
|teampreview
|
|start
|switch|p1a: Jalepeno|Heatran, M|323\/323
|switch|p2a: Ninjask|Ninjask, F|326\/326
|-item|p1a: Jalepeno|Air Balloon
|turn|1
|
|move|p2a: Ninjask|Substitute|p2a: Ninjask
|-start|p2a: Ninjask|Substitute
|-damage|p2a: Ninjask|245\/326
|move|p1a: Jalepeno|Stealth Rock|p2a: Ninjask
|-sidestart|p2: antolex|move: Stealth Rock
|
|-heal|p2a: Ninjask|265\/326|[from] item: Leftovers
|-boost|p2a: Ninjask|spe|1|[from] ability: Speed Boost
|turn|2
|
|move|p2a: Ninjask|Swords Dance|p2a: Ninjask
|-boost|p2a: Ninjask|atk|2
|move|p1a: Jalepeno|Lava Plume|p2a: Ninjask
|-supereffective|p2a: Ninjask
|-end|p2a: Ninjask|Substitute
|
|-heal|p2a: Ninjask|285\/326|[from] item: Leftovers
|-boost|p2a: Ninjask|spe|1|[from] ability: Speed Boost
|turn|3
|
|move|p2a: Ninjask|Protect|p2a: Ninjask
|-singleturn|p2a: Ninjask|Protect
|move|p1a: Jalepeno|Lava Plume|p2a: Ninjask
|-activate|p2a: Ninjask|Protect
|
|-heal|p2a: Ninjask|305\/326|[from] item: Leftovers
|-boost|p2a: Ninjask|spe|1|[from] ability: Speed Boost
|turn|4
|
|move|p2a: Ninjask|Substitute|p2a: Ninjask
|-start|p2a: Ninjask|Substitute
|-damage|p2a: Ninjask|224\/326
|move|p1a: Jalepeno|Lava Plume|p2a: Ninjask
|-supereffective|p2a: Ninjask
|-end|p2a: Ninjask|Substitute
|
|-heal|p2a: Ninjask|244\/326|[from] item: Leftovers
|-boost|p2a: Ninjask|spe|1|[from] ability: Speed Boost
|turn|5
|
|move|p2a: Ninjask|Substitute|p2a: Ninjask
|-start|p2a: Ninjask|Substitute
|-damage|p2a: Ninjask|163\/326
|move|p1a: Jalepeno|Lava Plume|p2a: Ninjask
|-supereffective|p2a: Ninjask
|-end|p2a: Ninjask|Substitute
|
|-heal|p2a: Ninjask|183\/326|[from] item: Leftovers
|-boost|p2a: Ninjask|spe|1|[from] ability: Speed Boost
|turn|6
|
|move|p2a: Ninjask|Baton Pass|p2a: Ninjask
|
|switch|p2a: Conkeldurr|Conkeldurr, M|352\/352
|-damage|p2a: Conkeldurr|330\/352|[from] Stealth Rock
|move|p1a: Jalepeno|Lava Plume|p2a: Conkeldurr
|-damage|p2a: Conkeldurr|213\/352
|
|turn|7
|
|move|p1a: Jalepeno|Protect|p1a: Jalepeno
|-singleturn|p1a: Jalepeno|Protect
|move|p2a: Conkeldurr|Drain Punch|p1a: Jalepeno
|-activate|p1a: Jalepeno|Protect
|
|turn|8
|
|switch|p1a: Gyarados|Gyarados, M, shiny|332\/332
|move|p2a: Conkeldurr|Thunder Punch|p1a: Gyarados
|-supereffective|p1a: Gyarados
|-damage|p1a: Gyarados|0 fnt
|-damage|p2a: Conkeldurr|178\/352|[from] item: Life Orb
|faint|p1a: Gyarados
|
|
|switch|p1a: Zix|Scizor, F, shiny|344\/344
|turn|9
|
|move|p2a: Conkeldurr|Drain Punch|p1a: Zix
|-damage|p1a: Zix|0 fnt
|-heal|p2a: Conkeldurr|350\/352|[from] drain|[of] p1a: Zix
|-damage|p2a: Conkeldurr|315\/352|[from] item: Life Orb
|faint|p1a: Zix
|
|
|switch|p1a: Steven|Metagross, shiny|302\/302
|turn|10
|
|move|p2a: Conkeldurr|Drain Punch|p1a: Steven
|-damage|p1a: Steven|0 fnt
|-heal|p2a: Conkeldurr|352\/352|[from] drain|[of] p1a: Steven
|-damage|p2a: Conkeldurr|317\/352|[from] item: Life Orb
|faint|p1a: Steven
|
|-message|rirao forfeited.
|
|win|antolex
|raw|Ladder updating...
|leave|rirao
|player|p1
|raw|rirao's rating: 1450 &rarr; <strong>1428<\/strong><br \/>(-22 for losing)
|raw|antolex's rating: 1399 &rarr; <strong>1422<\/strong><br \/>(+23 for winning)