|join|lick egg cry
|join|rirao
|player|p1|lick egg cry|156
|player|p2|rirao|292
|gametype|singles
|gen|6
|tier|OU
|rated
|clearpoke
|poke|p1|Entei, shiny
|poke|p1|Chansey, F, shiny
|poke|p1|Venusaur, M
|poke|p1|Mew, shiny
|poke|p1|Crawdaunt, F
|poke|p1|Ditto
|poke|p2|Charizard, F
|poke|p2|Tyranitar, M
|poke|p2|Gliscor, M
|poke|p2|Flygon, F
|poke|p2|Metagross
|poke|p2|Greninja, F
|rule|Swagger Clause: Swagger is banned
|rule|Baton Pass Clause: Limit one PokÃ©mon knowing Baton Pass
|rule|Sleep Clause Mod: Limit one foe put to sleep
|rule|Species Clause: Limit one of each PokÃ©mon
|rule|OHKO Clause: OHKO moves are banned
|rule|Moody Clause: Moody is banned
|rule|Evasion Moves Clause: Evasion moves are banned
|rule|Endless Battle Clause: Forcing endless battles is banned
|rule|HP Percentage Mod: HP is shown in percentages
|teampreview
|
|start
|switch|p1a: Mew|Mew, shiny|404\/404
|switch|p2a: Megaman X|Metagross|364\/364
|turn|1
|
|move|p1a: Mew|Fake Out|p2a: Megaman X
|-resisted|p2a: Megaman X
|-damage|p2a: Megaman X|346\/364
|cant|p2a: Megaman X|flinch
|
|turn|2
|
|move|p1a: Mew|Dynamic Punch|p2a: Megaman X
|-damage|p2a: Megaman X|259\/364
|-start|p2a: Megaman X|confusion
|-activate|p2a: Megaman X|confusion
|move|p2a: Megaman X|Stealth Rock|p1a: Mew
|-sidestart|p1: lick egg cry|move: Stealth Rock
|
|turn|3
|
|switch|p2a: BruceWayne|Gliscor, M|354\/354
|move|p1a: Mew|Transform|p2a: BruceWayne
|-transform|p1a: Mew|p2a: BruceWayne
|
|-status|p2a: BruceWayne|tox|[from] item: Toxic Orb
|turn|4
|
|move|p1a: Mew|Taunt|p2a: BruceWayne
|-start|p2a: BruceWayne|move: Taunt
|cant|p2a: BruceWayne|move: Taunt|Taunt
|
|turn|5
|
|switch|p2a: Megaman X|Metagross|259\/364
|move|p1a: Mew|Toxic|p2a: Megaman X
|-fail|p2a: Megaman X
|
|turn|6
|
|switch|p1a: Ditto|Ditto|300\/300
|-damage|p1a: Ditto|263\/300|[from] Stealth Rock
|-transform|p1a: Ditto|p2a: Megaman X
|move|p2a: Megaman X|Meteor Mash|p1a: Ditto
|-resisted|p1a: Ditto
|-damage|p1a: Ditto|187\/300
|
|turn|7
|
|move|p1a: Ditto|Stealth Rock|p2a: Megaman X
|-sidestart|p2: rirao|move: Stealth Rock
|move|p2a: Megaman X|Meteor Mash|p1a: Ditto
|-resisted|p1a: Ditto
|-damage|p1a: Ditto|119\/300
|
|turn|8
|
|switch|p1a: Entei|Entei, shiny|433\/433
|-damage|p1a: Entei|325\/433|[from] Stealth Rock
|-ability|p1a: Entei|Pressure
|move|p2a: Megaman X|Meteor Mash|p1a: Entei
|-resisted|p1a: Entei
|-damage|p1a: Entei|213\/433
|
|turn|9
|
|move|p1a: Entei|Sacred Fire|p2a: Megaman X
|-supereffective|p2a: Megaman X
|-damage|p2a: Megaman X|0 fnt
|-damage|p1a: Entei|170\/433|[from] item: Life Orb
|faint|p2a: Megaman X
|
|
|switch|p2a: LeBron|Tyranitar, M|342\/342
|-damage|p2a: LeBron|300\/342|[from] Stealth Rock
|-weather|Sandstorm
|turn|10
|
|move|p2a: LeBron|Stone Edge|p1a: Entei|[miss]
|-miss|p2a: LeBron|p1a: Entei
|move|p1a: Entei|Sacred Fire|p2a: LeBron|[miss]
|-miss|p1a: Entei|p2a: LeBron
|
|-weather|Sandstorm|[upkeep]
|-damage|p1a: Entei|143\/433|[from] sandstorm
|turn|11
|
|switch|p1a: Mew|Mew, shiny|404\/404
|-damage|p1a: Mew|354\/404|[from] Stealth Rock
|move|p2a: LeBron|Stone Edge|p1a: Mew
|-damage|p1a: Mew|165\/404
|-enditem|p1a: Mew|Red Card|[of] p2a: LeBron
|drag|p2a: Favorite|Charizard, F|298\/298
|-damage|p2a: Favorite|149\/298|[from] Stealth Rock
|
|-weather|Sandstorm|[upkeep]
|-damage|p2a: Favorite|131\/298|[from] sandstorm
|-damage|p1a: Mew|140\/404|[from] sandstorm
|turn|12
|
|move|p2a: Favorite|Roost|p2a: Favorite
|-heal|p2a: Favorite|280\/298
|move|p1a: Mew|Acrobatics|p2a: Favorite
|-damage|p2a: Favorite|128\/298
|
|-weather|Sandstorm|[upkeep]
|-damage|p2a: Favorite|110\/298|[from] sandstorm
|-damage|p1a: Mew|115\/404|[from] sandstorm
|turn|13
|
|detailschange|p2a: Favorite|Charizard-Mega-X, F
|message|Charizard has Mega Evolved into Mega Charizard!
|move|p2a: Favorite|Roost|p2a: Favorite
|-heal|p2a: Favorite|259\/298
|move|p1a: Mew|Transform|p2a: Favorite
|-transform|p1a: Mew|p2a: Favorite
|
|-weather|Sandstorm|[upkeep]
|-damage|p1a: Mew|90\/404|[from] sandstorm
|-damage|p2a: Favorite|241\/298|[from] sandstorm
|turn|14
|
|move|p1a: Mew|Dragon Claw|p2a: Favorite
|-supereffective|p2a: Favorite
|-damage|p2a: Favorite|0 fnt
|faint|p2a: Favorite
|
|-weather|none
|
|switch|p2a: BruceWayne|Gliscor, M|354\/354 tox
|-damage|p2a: BruceWayne|310\/354 tox|[from] Stealth Rock
|turn|15
|
|move|p1a: Mew|Roost|p1a: Mew
|-heal|p1a: Mew|292\/404
|move|p2a: BruceWayne|Toxic|p1a: Mew|[miss]
|-miss|p2a: BruceWayne|p1a: Mew
|
|-heal|p2a: BruceWayne|354\/354 tox|[from] ability: Poison Heal
|turn|16
|
|move|p1a: Mew|Dragon Dance|p1a: Mew
|-boost|p1a: Mew|atk|1
|-boost|p1a: Mew|spe|1
|move|p2a: BruceWayne|Taunt|p1a: Mew
|-start|p1a: Mew|move: Taunt
|
|turn|17
|
|move|p1a: Mew|Dragon Claw|p2a: BruceWayne
|-damage|p2a: BruceWayne|162\/354 tox
|move|p2a: BruceWayne|Toxic|p1a: Mew
|-status|p1a: Mew|tox
|
|-damage|p1a: Mew|267\/404 tox|[from] psn
|-heal|p2a: BruceWayne|206\/354 tox|[from] ability: Poison Heal
|turn|18
|
|move|p2a: BruceWayne|Protect|p2a: BruceWayne
|-singleturn|p2a: BruceWayne|Protect
|move|p1a: Mew|Flare Blitz|p2a: BruceWayne
|-activate|p2a: BruceWayne|Protect
|
|-damage|p1a: Mew|217\/404 tox|[from] psn
|-heal|p2a: BruceWayne|250\/354 tox|[from] ability: Poison Heal
|turn|19
|
|move|p1a: Mew|Dragon Claw|p2a: BruceWayne
|-damage|p2a: BruceWayne|58\/354 tox
|move|p2a: BruceWayne|Roost|p2a: BruceWayne
|-heal|p2a: BruceWayne|235\/354 tox
|
|-damage|p1a: Mew|142\/404 tox|[from] psn
|-heal|p2a: BruceWayne|279\/354 tox|[from] ability: Poison Heal
|-end|p1a: Mew|move: Taunt
|turn|20
|
|move|p1a: Mew|Flare Blitz|p2a: BruceWayne
|-damage|p2a: BruceWayne|0 fnt
|-damage|p1a: Mew|50\/404 tox|[from] recoil|[of] p2a: BruceWayne
|faint|p2a: BruceWayne
|
|-damage|p1a: Mew|0 fnt|[from] psn
|faint|p1a: Mew
|
|switch|p2a: Flygon|Flygon, F|301\/301
|-damage|p2a: Flygon|283\/301|[from] Stealth Rock
|switch|p1a: Entei|Entei, shiny|143\/433
|-damage|p1a: Entei|35\/433|[from] Stealth Rock
|-ability|p1a: Entei|Pressure
|turn|21
|
|move|p1a: Entei|Extreme Speed|p2a: Flygon
|-damage|p2a: Flygon|145\/301
|-damage|p1a: Entei|0 fnt|[from] item: Life Orb
|faint|p1a: Entei
|move|p2a: Flygon|U-turn|p1: Entei|[notarget]
|-notarget
|
|
|switch|p1a: Ditto|Ditto|119\/300
|-damage|p1a: Ditto|82\/300|[from] Stealth Rock
|-transform|p1a: Ditto|p2a: Flygon
|turn|22
|
|move|p1a: Ditto|Outrage|p2a: Flygon
|-crit|p2a: Flygon
|-supereffective|p2a: Flygon
|-damage|p2a: Flygon|0 fnt
|faint|p2a: Flygon
|
|
|switch|p2a: Hayabusa|Greninja, F|286\/286
|-damage|p2a: Hayabusa|251\/286|[from] Stealth Rock
|turn|23
|
|move|p1a: Ditto|Outrage|p2a: Hayabusa
|-damage|p2a: Hayabusa|0 fnt
|faint|p2a: Hayabusa
|
|-end|p1a: Ditto|rampage
|-start|p1a: Ditto|confusion
|
|switch|p2a: LeBron|Tyranitar, M|300\/342
|-damage|p2a: LeBron|258\/342|[from] Stealth Rock
|-weather|Sandstorm
|turn|24
|
|switch|p1a: Crawdaunt|Crawdaunt, F|330\/330
|-damage|p1a: Crawdaunt|289\/330|[from] Stealth Rock
|move|p2a: LeBron|Stone Edge|p1a: Crawdaunt|[miss]
|-miss|p2a: LeBron|p1a: Crawdaunt
|
|-weather|Sandstorm|[upkeep]
|-damage|p1a: Crawdaunt|269\/330|[from] sandstorm
|turn|25
|
|move|p2a: LeBron|Stone Edge|p1a: Crawdaunt
|-damage|p1a: Crawdaunt|49\/330
|move|p1a: Crawdaunt|Crabhammer|p2a: LeBron
|-supereffective|p2a: LeBron
|-damage|p2a: LeBron|0 fnt
|faint|p2a: LeBron
|
|win|lick egg cry
|raw|Ladder updating...
|raw|lick egg cry's rating: 1392 &rarr; <strong>1410<\/strong><br \/>(+18 for winning)
|raw|rirao's rating: 1358 &rarr; <strong>1340<\/strong><br \/>(-18 for losing)
|leave|rirao
|player|p2