|join|rirao
|join|Veteran of Secrecy
|player|p1|rirao|162
|player|p2|Veteran of Secrecy|102
|gametype|singles
|gen|6
|tier|OU
|rated
|clearpoke
|poke|p1|Tyranitar, M, shiny
|poke|p1|Scizor, M
|poke|p1|Quagsire, F
|poke|p1|Metagross, shiny
|poke|p1|Sceptile, M
|poke|p1|Gengar, M
|poke|p2|Scizor, F
|poke|p2|Talonflame, M, shiny
|poke|p2|Tyranitar, M
|poke|p2|Sableye, F
|poke|p2|Slowbro, M
|poke|p2|Landorus, M
|rule|Swagger Clause: Swagger is banned
|rule|Baton Pass Clause: Limit one PokÃ©mon knowing Baton Pass
|rule|Sleep Clause Mod: Limit one foe put to sleep
|rule|Species Clause: Limit one of each PokÃ©mon
|rule|OHKO Clause: OHKO moves are banned
|rule|Moody Clause: Moody is banned
|rule|Evasion Moves Clause: Evasion moves are banned
|rule|Endless Battle Clause: Forcing endless battles is banned
|rule|HP Percentage Mod: HP is shown in percentages
|teampreview
|join|PRThunderGod
|leave|PRThunderGod
|
|start
|switch|p1a: Quagsire|Quagsire, F|394\/394
|switch|p2a: Oh no|Sableye, F|304\/304
|turn|1
|
|switch|p1a: Sceptile|Sceptile, M|282\/282
|move|p2a: Oh no|Will-O-Wisp|p1a: Sceptile
|-status|p1a: Sceptile|brn
|
|-damage|p1a: Sceptile|247\/282 brn|[from] brn
|turn|2
|
|switch|p2a: I CAN HM02!|Talonflame, M, shiny|298\/298
|move|p1a: Sceptile|Leech Seed|p2a: I CAN HM02!
|-start|p2a: I CAN HM02!|move: Leech Seed
|
|-heal|p1a: Sceptile|264\/282 brn|[from] item: Leftovers
|-damage|p2a: I CAN HM02!|261\/298|[from] Leech Seed|[of] p1a: Sceptile
|-heal|p1a: Sceptile|282\/282 brn|[silent]
|-damage|p1a: Sceptile|247\/282 brn|[from] brn
|turn|3
|
|switch|p1a: Quagsire|Quagsire, F|394\/394
|move|p2a: I CAN HM02!|U-turn|p1a: Quagsire
|-damage|p1a: Quagsire|321\/394
|
|switch|p2a: Oh no|Sableye, F|304\/304
|
|-heal|p1a: Quagsire|345\/394|[from] item: Leftovers
|turn|4
|
|move|p2a: Oh no|Knock Off|p1a: Quagsire
|-damage|p1a: Quagsire|270\/394
|-enditem|p1a: Quagsire|Leftovers|[from] move: Knock Off|[of] p2a: Oh no
|move|p1a: Quagsire|Scald|p2a: Oh no
|-damage|p2a: Oh no|244\/304
|
|-heal|p2a: Oh no|263\/304|[from] item: Leftovers
|turn|5
|
|switch|p2a: YouMadBro?|Slowbro, M|394\/394
|move|p1a: Quagsire|Scald|p2a: YouMadBro?
|-resisted|p2a: YouMadBro?
|-damage|p2a: YouMadBro?|369\/394
|
|turn|6
|
|move|p1a: Quagsire|Toxic|p2a: YouMadBro?
|-status|p2a: YouMadBro?|tox
|move|p2a: YouMadBro?|Psyshock|p1a: Quagsire
|-damage|p1a: Quagsire|167\/394
|
|-damage|p2a: YouMadBro?|345\/394 tox|[from] psn
|turn|7
|
|move|p1a: Quagsire|Recover|p1a: Quagsire
|-heal|p1a: Quagsire|364\/394
|move|p2a: YouMadBro?|Ice Beam|p1a: Quagsire
|-damage|p1a: Quagsire|212\/394
|
|-damage|p2a: YouMadBro?|297\/394 tox|[from] psn
|turn|8
|
|switch|p2a: Oh no|Sableye, F|263\/304
|move|p1a: Quagsire|Recover|p1a: Quagsire
|-heal|p1a: Quagsire|394\/394
|
|-heal|p2a: Oh no|282\/304|[from] item: Leftovers
|turn|9
|
|move|p2a: Oh no|Taunt|p1a: Quagsire
|-start|p1a: Quagsire|move: Taunt
|move|p1a: Quagsire|Scald|p2a: Oh no
|-damage|p2a: Oh no|221\/304
|
|-heal|p2a: Oh no|240\/304|[from] item: Leftovers
|turn|10
|
|move|p2a: Oh no|Will-O-Wisp|p1a: Quagsire
|-status|p1a: Quagsire|brn
|move|p1a: Quagsire|Scald|p2a: Oh no
|-damage|p2a: Oh no|180\/304
|-status|p2a: Oh no|brn
|
|-heal|p2a: Oh no|199\/304 brn|[from] item: Leftovers
|-damage|p2a: Oh no|161\/304 brn|[from] brn
|-damage|p1a: Quagsire|345\/394 brn|[from] brn
|turn|11
|
|move|p2a: Oh no|Recover|p2a: Oh no
|-heal|p2a: Oh no|304\/304 brn
|move|p1a: Quagsire|Earthquake|p2a: Oh no
|-damage|p2a: Oh no|240\/304 brn
|
|-heal|p2a: Oh no|259\/304 brn|[from] item: Leftovers
|-damage|p2a: Oh no|221\/304 brn|[from] brn
|-damage|p1a: Quagsire|296\/394 brn|[from] brn
|-end|p1a: Quagsire|move: Taunt
|turn|12
|
|switch|p1a: Gengar|Gengar, M|262\/262
|move|p2a: Oh no|Taunt|p1a: Gengar
|-start|p1a: Gengar|move: Taunt
|
|-heal|p2a: Oh no|240\/304 brn|[from] item: Leftovers
|-damage|p2a: Oh no|202\/304 brn|[from] brn
|turn|13
|
|switch|p2a: GIVE ME HM04!|Tyranitar, M|404\/404
|-weather|Sandstorm
|move|p1a: Gengar|Shadow Ball|p2a: GIVE ME HM04!
|-crit|p2a: GIVE ME HM04!
|-resisted|p2a: GIVE ME HM04!
|-damage|p2a: GIVE ME HM04!|333\/404
|
|-weather|Sandstorm|[upkeep]
|-damage|p1a: Gengar|246\/262|[from] sandstorm
|-heal|p1a: Gengar|262\/262|[from] item: Black Sludge
|turn|14
|
|switch|p1a: Metagross|Metagross, shiny|302\/302
|detailschange|p2a: GIVE ME HM04!|Tyranitar-Mega, M
|message|Tyranitar has Mega Evolved into Mega Tyranitar!
|move|p2a: GIVE ME HM04!|Stealth Rock|p1a: Metagross
|-sidestart|p1: rirao|move: Stealth Rock
|
|-weather|Sandstorm|[upkeep]
|turn|15
|
|switch|p2a: YouMadBro?|Slowbro, M|394\/394 tox
|move|p1a: Metagross|Trick|p2a: YouMadBro?
|-activate|p1a: Metagross|move: Trick|[of] p2a: YouMadBro?
|-item|p2a: YouMadBro?|Choice Scarf|[from] move: Trick
|-item|p1a: Metagross|Assault Vest|[from] move: Trick
|
|-weather|Sandstorm|[upkeep]
|-damage|p2a: YouMadBro?|370\/394 tox|[from] sandstorm
|-damage|p2a: YouMadBro?|346\/394 tox|[from] psn
|turn|16
|
|switch|p1a: Sceptile|Sceptile, M|247\/282 brn
|-damage|p1a: Sceptile|212\/282 brn|[from] Stealth Rock
|move|p2a: YouMadBro?|Fire Blast|p1a: Sceptile
|-supereffective|p1a: Sceptile
|-damage|p1a: Sceptile|0 fnt
|faint|p1a: Sceptile
|
|-weather|Sandstorm|[upkeep]
|-damage|p2a: YouMadBro?|322\/394 tox|[from] sandstorm
|-damage|p2a: YouMadBro?|274\/394 tox|[from] psn
|
|switch|p1a: Quagsire|Quagsire, F|296\/394 brn
|-damage|p1a: Quagsire|272\/394 brn|[from] Stealth Rock
|turn|17
|
|switch|p2a: Oh no|Sableye, F|202\/304 brn
|move|p1a: Quagsire|Toxic|p2a: Oh no
|-fail|p2a: Oh no
|
|-weather|none
|-heal|p2a: Oh no|221\/304 brn|[from] item: Leftovers
|-damage|p2a: Oh no|183\/304 brn|[from] brn
|-damage|p1a: Quagsire|223\/394 brn|[from] brn
|turn|18
|
|switch|p1a: Scizor|Scizor, M|344\/344
|-damage|p1a: Scizor|301\/344|[from] Stealth Rock
|move|p2a: Oh no|Taunt|p1a: Scizor
|-start|p1a: Scizor|move: Taunt
|
|-heal|p2a: Oh no|202\/304 brn|[from] item: Leftovers
|-damage|p2a: Oh no|164\/304 brn|[from] brn
|turn|19
|
|move|p1a: Scizor|Bullet Punch|p2a: Oh no
|-damage|p2a: Oh no|0 fnt
|faint|p2a: Oh no
|
|
|switch|p2a: YouMadBro?|Slowbro, M|394\/394 tox
|turn|20
|
|switch|p1a: Quagsire|Quagsire, F|223\/394 brn
|-damage|p1a: Quagsire|199\/394 brn|[from] Stealth Rock
|move|p2a: YouMadBro?|Fire Blast|p1a: Quagsire
|-resisted|p1a: Quagsire
|-damage|p1a: Quagsire|104\/394 brn
|
|-damage|p2a: YouMadBro?|370\/394 tox|[from] psn
|-damage|p1a: Quagsire|55\/394 brn|[from] brn
|turn|21
|
|move|p2a: YouMadBro?|Fire Blast|p1a: Quagsire
|-resisted|p1a: Quagsire
|-damage|p1a: Quagsire|0 fnt
|faint|p1a: Quagsire
|
|-damage|p2a: YouMadBro?|322\/394 tox|[from] psn
|
|switch|p1a: Tyranitar|Tyranitar, M, shiny|342\/342
|-damage|p1a: Tyranitar|300\/342|[from] Stealth Rock
|-weather|Sandstorm
|turn|22
|
|switch|p2a: I'LL HM01 YOU!|Scizor, F|344\/344
|detailschange|p1a: Tyranitar|Tyranitar-Mega, M, shiny
|message|Tyranitar has Mega Evolved into Mega Tyranitar!
|move|p1a: Tyranitar|Dragon Dance|p1a: Tyranitar
|-boost|p1a: Tyranitar|atk|1
|-boost|p1a: Tyranitar|spe|1
|
|-weather|Sandstorm|[upkeep]
|turn|23
|
|move|p2a: I'LL HM01 YOU!|Bullet Punch|p1a: Tyranitar
|-supereffective|p1a: Tyranitar
|-damage|p1a: Tyranitar|132\/342
|move|p1a: Tyranitar|Fire Punch|p2a: I'LL HM01 YOU!
|-supereffective|p2a: I'LL HM01 YOU!
|-damage|p2a: I'LL HM01 YOU!|0 fnt
|faint|p2a: I'LL HM01 YOU!
|
|-weather|Sandstorm|[upkeep]
|
|switch|p2a: Genie|Landorus, M|320\/320
|turn|24
|
|move|p1a: Tyranitar|Stone Edge|p2a: Genie
|-damage|p2a: Genie|0 fnt
|faint|p2a: Genie
|
|-weather|Sandstorm|[upkeep]
|
|switch|p2a: YouMadBro?|Slowbro, M|394\/394 tox
|turn|25
|
|move|p1a: Tyranitar|Stone Edge|p2a: YouMadBro?
|-damage|p2a: YouMadBro?|90\/394 tox
|move|p2a: YouMadBro?|Scald|p1a: Tyranitar
|-supereffective|p1a: Tyranitar
|-damage|p1a: Tyranitar|0 fnt
|faint|p1a: Tyranitar
|
|-weather|Sandstorm|[upkeep]
|-damage|p2a: YouMadBro?|66\/394 tox|[from] sandstorm
|-damage|p2a: YouMadBro?|42\/394 tox|[from] psn
|
|switch|p1a: Metagross|Metagross, shiny|302\/302
|-damage|p1a: Metagross|284\/302|[from] Stealth Rock
|turn|26
|
|move|p1a: Metagross|Meteor Mash|p2a: YouMadBro?
|-resisted|p2a: YouMadBro?
|-damage|p2a: YouMadBro?|0 fnt
|faint|p2a: YouMadBro?
|
|-weather|none
|
|switch|p2a: I CAN HM02!|Talonflame, M, shiny|261\/298
|turn|27
|
|move|p2a: I CAN HM02!|Flare Blitz|p1a: Metagross
|-supereffective|p1a: Metagross
|-damage|p1a: Metagross|0 fnt
|-damage|p2a: I CAN HM02!|167\/298|[from] recoil|[of] p1a: Metagross
|faint|p1a: Metagross
|
|
|switch|p1a: Gengar|Gengar, M|262\/262
|-damage|p1a: Gengar|230\/262|[from] Stealth Rock
|turn|28
|
|switch|p2a: GIVE ME HM04!|Tyranitar-Mega, M|333\/404
|-weather|Sandstorm
|move|p1a: Gengar|Shadow Ball|p2a: GIVE ME HM04!
|-resisted|p2a: GIVE ME HM04!
|-damage|p2a: GIVE ME HM04!|291\/404
|
|-weather|Sandstorm|[upkeep]
|-damage|p1a: Gengar|214\/262|[from] sandstorm
|-heal|p1a: Gengar|230\/262|[from] item: Black Sludge
|turn|29
|
|move|p1a: Gengar|Substitute|p1a: Gengar
|-start|p1a: Gengar|Substitute
|-damage|p1a: Gengar|165\/262
|move|p2a: GIVE ME HM04!|Crunch|p1a: Gengar
|-supereffective|p1a: Gengar
|-end|p1a: Gengar|Substitute
|
|-weather|Sandstorm|[upkeep]
|-damage|p1a: Gengar|149\/262|[from] sandstorm
|-heal|p1a: Gengar|165\/262|[from] item: Black Sludge
|turn|30
|
|switch|p1a: Scizor|Scizor, M|301\/344
|-damage|p1a: Scizor|258\/344|[from] Stealth Rock
|move|p2a: GIVE ME HM04!|Crunch|p1a: Scizor
|-damage|p1a: Scizor|71\/344
|
|-weather|Sandstorm|[upkeep]
|turn|31
|
|move|p1a: Scizor|Bullet Punch|p2a: GIVE ME HM04!
|-supereffective|p2a: GIVE ME HM04!
|-damage|p2a: GIVE ME HM04!|57\/404
|move|p2a: GIVE ME HM04!|Crunch|p1a: Scizor
|-damage|p1a: Scizor|0 fnt
|faint|p1a: Scizor
|
|-weather|Sandstorm|[upkeep]
|
|switch|p1a: Gengar|Gengar, M|165\/262
|-damage|p1a: Gengar|133\/262|[from] Stealth Rock
|turn|32
|c|âVeteran of Secrecy|gg
|
|move|p1a: Gengar|Shadow Ball|p2a: GIVE ME HM04!
|-resisted|p2a: GIVE ME HM04!
|-damage|p2a: GIVE ME HM04!|18\/404
|move|p2a: GIVE ME HM04!|Crunch|p1a: Gengar
|-supereffective|p1a: Gengar
|-damage|p1a: Gengar|0 fnt
|faint|p1a: Gengar
|
|win|Veteran of Secrecy
|raw|Ladder updating...
|raw|rirao's rating: 1394 &rarr; <strong>1375<\/strong><br \/>(-19 for losing)
|raw|Veteran of Secrecy's rating: 1416 &rarr; <strong>1435<\/strong><br \/>(+19 for winning)
|c|ârirao|gg
|leave|rirao
|player|p1