|join|fartwife
|join|rirao
|player|p1|fartwife|8
|player|p2|rirao|162
|gametype|singles
|gen|6
|tier|OU
|rated
|clearpoke
|poke|p1|Landorus-Therian, M
|poke|p1|Garchomp, F
|poke|p1|Metagross
|poke|p1|Latias, F
|poke|p1|Manaphy
|poke|p1|Gengar, F
|poke|p2|Tyranitar, M, shiny
|poke|p2|Gyarados, F, shiny
|poke|p2|Mew
|poke|p2|Latios, M
|poke|p2|Metagross, shiny
|poke|p2|Ferrothorn, M
|rule|Swagger Clause: Swagger is banned
|rule|Baton Pass Clause: Limit one PokÃ©mon knowing Baton Pass
|rule|Sleep Clause Mod: Limit one foe put to sleep
|rule|Species Clause: Limit one of each PokÃ©mon
|rule|OHKO Clause: OHKO moves are banned
|rule|Moody Clause: Moody is banned
|rule|Evasion Moves Clause: Evasion moves are banned
|rule|Endless Battle Clause: Forcing endless battles is banned
|rule|HP Percentage Mod: HP is shown in percentages
|teampreview
|
|start
|switch|p1a: Tokyo Drift|Garchomp, F|373\/373
|switch|p2a: Ferrothorn|Ferrothorn, M|351\/351
|turn|1
|
|switch|p2a: Mew|Mew|404\/404
|move|p1a: Tokyo Drift|Stealth Rock|p2a: Mew
|-sidestart|p2: rirao|move: Stealth Rock
|
|turn|2
|
|switch|p1a: Tokyo Drift|Manaphy|365\/365
|move|p2a: Mew|Will-O-Wisp|p1a: Tokyo Drift
|-status|p1a: Tokyo Drift|brn
|
|-damage|p1a: Tokyo Drift|320\/365 brn|[from] brn
|turn|3
|
|move|p1a: Tokyo Drift|Rain Dance|p1a: Tokyo Drift
|-weather|RainDance
|move|p2a: Mew|U-turn|p1a: Tokyo Drift
|-damage|p1a: Tokyo Drift|266\/365 brn
|
|switch|p2a: Latios|Latios, M|302\/302
|-damage|p2a: Latios|265\/302|[from] Stealth Rock
|
|-weather|RainDance|[upkeep]
|-curestatus|p1a: Tokyo Drift|brn
|-heal|p1a: Tokyo Drift|288\/365|[from] item: Leftovers
|turn|4
|
|switch|p1a: Tokyo Drift|Metagross|302\/302
|move|p2a: Latios|Draco Meteor|p1a: Tokyo Drift
|-resisted|p1a: Tokyo Drift
|-damage|p1a: Tokyo Drift|176\/302
|-unboost|p2a: Latios|spa|2
|
|-weather|RainDance|[upkeep]
|turn|5
|
|switch|p2a: Ferrothorn|Ferrothorn, M|351\/351
|-damage|p2a: Ferrothorn|330\/351|[from] Stealth Rock
|detailschange|p1a: Tokyo Drift|Metagross-Mega
|-mega|p1a: Tokyo Drift|Metagross|Metagrossite
|move|p1a: Tokyo Drift|Meteor Mash|p2a: Ferrothorn
|-resisted|p2a: Ferrothorn
|-damage|p2a: Ferrothorn|261\/351
|-damage|p1a: Tokyo Drift|139\/302|[from] ability: Iron Barbs|[of] p2a: Ferrothorn
|-damage|p1a: Tokyo Drift|89\/302|[from] item: Rocky Helmet|[of] p2a: Ferrothorn
|
|-weather|RainDance|[upkeep]
|turn|6
|
|move|p1a: Tokyo Drift|Hammer Arm|p2a: Ferrothorn|[miss]
|-miss|p1a: Tokyo Drift|p2a: Ferrothorn
|move|p2a: Ferrothorn|Leech Seed|p1a: Tokyo Drift
|-start|p1a: Tokyo Drift|move: Leech Seed
|
|-weather|RainDance|[upkeep]
|-damage|p1a: Tokyo Drift|52\/302|[from] Leech Seed|[of] p2a: Ferrothorn
|-heal|p2a: Ferrothorn|298\/351|[silent]
|turn|7
|
|switch|p1a: Tokyo Drift|Landorus-Therian, M|381\/381
|-ability|p1a: Tokyo Drift|Intimidate|[of] p2a: Ferrothorn
|-unboost|p2a: Ferrothorn|atk|1
|move|p2a: Ferrothorn|Spikes|p1a: Tokyo Drift
|-sidestart|p1: fartwife|Spikes
|
|-weather|none
|turn|8
|
|move|p1a: Tokyo Drift|Rock Polish|p1a: Tokyo Drift
|-boost|p1a: Tokyo Drift|spe|2
|move|p2a: Ferrothorn|Spikes|p1a: Tokyo Drift
|-sidestart|p1: fartwife|Spikes
|
|turn|9
|
|move|p1a: Tokyo Drift|Swords Dance|p1a: Tokyo Drift
|-boost|p1a: Tokyo Drift|atk|2
|move|p2a: Ferrothorn|Gyro Ball|p1a: Tokyo Drift
|-damage|p1a: Tokyo Drift|270\/381
|
|-heal|p1a: Tokyo Drift|293\/381|[from] item: Leftovers
|turn|10
|
|move|p1a: Tokyo Drift|Swords Dance|p1a: Tokyo Drift
|-boost|p1a: Tokyo Drift|atk|2
|move|p2a: Ferrothorn|Leech Seed|p1a: Tokyo Drift
|-start|p1a: Tokyo Drift|move: Leech Seed
|
|-heal|p1a: Tokyo Drift|316\/381|[from] item: Leftovers
|-damage|p1a: Tokyo Drift|269\/381|[from] Leech Seed|[of] p2a: Ferrothorn
|-heal|p2a: Ferrothorn|345\/351|[silent]
|turn|11
|
|move|p1a: Tokyo Drift|Earthquake|p2a: Ferrothorn
|-damage|p2a: Ferrothorn|0 fnt
|faint|p2a: Ferrothorn
|
|-heal|p1a: Tokyo Drift|292\/381|[from] item: Leftovers
|
|switch|p2a: Latios|Latios, M|265\/302
|-damage|p2a: Latios|228\/302|[from] Stealth Rock
|turn|12
|
|move|p1a: Tokyo Drift|Stone Edge|p2a: Latios
|-crit|p2a: Latios
|-damage|p2a: Latios|0 fnt
|faint|p2a: Latios
|
|-heal|p1a: Tokyo Drift|315\/381|[from] item: Leftovers
|
|switch|p2a: Mew|Mew|404\/404
|-damage|p2a: Mew|354\/404|[from] Stealth Rock
|turn|13
|
|move|p1a: Tokyo Drift|Earthquake|p2a: Mew
|-damage|p2a: Mew|0 fnt
|faint|p2a: Mew
|
|-heal|p1a: Tokyo Drift|338\/381|[from] item: Leftovers
|
|switch|p2a: Gyaratres|Gyarados, F, shiny|331\/331
|-damage|p2a: Gyaratres|249\/331|[from] Stealth Rock
|turn|14
|
|move|p1a: Tokyo Drift|Stone Edge|p2a: Gyaratres
|-supereffective|p2a: Gyaratres
|-damage|p2a: Gyaratres|0 fnt
|faint|p2a: Gyaratres
|
|-heal|p1a: Tokyo Drift|361\/381|[from] item: Leftovers
|
|switch|p2a: Lancelot|Metagross, shiny|301\/301
|-damage|p2a: Lancelot|283\/301|[from] Stealth Rock
|turn|15
|
|detailschange|p2a: Lancelot|Metagross-Mega, shiny
|-mega|p2a: Lancelot|Metagross|Metagrossite
|move|p1a: Tokyo Drift|Earthquake|p2a: Lancelot
|-supereffective|p2a: Lancelot
|-damage|p2a: Lancelot|0 fnt
|faint|p2a: Lancelot
|
|-heal|p1a: Tokyo Drift|381\/381|[from] item: Leftovers
|-message|rirao forfeited.
|
|win|fartwife
|raw|Ladder updating...
|leave|rirao
|player|p2
|raw|fartwife's rating: 1523 &rarr; <strong>1543<\/strong><br \/>(+20 for winning)
|raw|rirao's rating: 1520 &rarr; <strong>1500<\/strong><br \/>(-20 for losing)