|join|Chocolove
|join|rirao
|player|p1|Chocolove|29
|player|p2|rirao|162
|gametype|singles
|gen|6
|tier|OU (suspect test)
|rated
|clearpoke
|poke|p1|Crawdaunt, M
|poke|p1|Raikou
|poke|p1|Heatran, M
|poke|p1|Starmie
|poke|p1|Landorus-Therian, M
|poke|p1|Metagross
|poke|p2|Tyranitar, M, shiny
|poke|p2|Gyarados, F, shiny
|poke|p2|Mew
|poke|p2|Latios, M
|poke|p2|Metagross, shiny
|poke|p2|Scizor, M
|rule|Swagger Clause: Swagger is banned
|rule|Baton Pass Clause: Limit one PokÃ©mon knowing Baton Pass
|rule|Sleep Clause Mod: Limit one foe put to sleep
|rule|Species Clause: Limit one of each PokÃ©mon
|rule|OHKO Clause: OHKO moves are banned
|rule|Moody Clause: Moody is banned
|rule|Evasion Moves Clause: Evasion moves are banned
|rule|Endless Battle Clause: Forcing endless battles is banned
|rule|HP Percentage Mod: HP is shown in percentages
|teampreview
|
|start
|switch|p1a: Based Dog|Landorus-Therian, M|319\/319
|switch|p2a: Mew|Mew|404\/404
|-ability|p1a: Based Dog|Intimidate|[of] p2a: Mew
|-unboost|p2a: Mew|atk|1
|turn|1
|
|move|p1a: Based Dog|U-turn|p2a: Mew
|-supereffective|p2a: Mew
|-damage|p2a: Mew|238\/404
|
|switch|p1a: Lightbringer|Heatran, M|371\/371
|move|p2a: Mew|Stealth Rock|p1a: Lightbringer
|-sidestart|p1: Chocolove|move: Stealth Rock
|
|-heal|p2a: Mew|263\/404|[from] item: Leftovers
|turn|2
|
|move|p2a: Mew|Volt Switch|p1a: Lightbringer
|-damage|p1a: Lightbringer|332\/371
|
|switch|p2a: Gyaratres|Gyarados, F, shiny|331\/331
|move|p1a: Lightbringer|Lava Plume|p2a: Gyaratres
|-resisted|p2a: Gyaratres
|-damage|p2a: Gyaratres|277\/331
|
|-heal|p2a: Gyaratres|297\/331|[from] item: Leftovers
|-heal|p1a: Lightbringer|355\/371|[from] item: Leftovers
|turn|3
|
|move|p2a: Gyaratres|Waterfall|p1a: Lightbringer
|-supereffective|p1a: Lightbringer
|-damage|p1a: Lightbringer|83\/371
|move|p1a: Lightbringer|Roar|p2a: Gyaratres
|drag|p2a: Sizzler|Scizor, M|343\/343
|
|-heal|p1a: Lightbringer|106\/371|[from] item: Leftovers
|turn|4
|
|switch|p2a: Gyaratres|Gyarados, F, shiny|297\/331
|move|p1a: Lightbringer|Stealth Rock|p2a: Gyaratres
|-sidestart|p2: rirao|move: Stealth Rock
|
|-heal|p2a: Gyaratres|317\/331|[from] item: Leftovers
|-heal|p1a: Lightbringer|129\/371|[from] item: Leftovers
|turn|5
|
|move|p2a: Gyaratres|Waterfall|p1a: Lightbringer
|-supereffective|p1a: Lightbringer
|-damage|p1a: Lightbringer|0 fnt
|faint|p1a: Lightbringer
|-boost|p2a: Gyaratres|atk|1|[from] ability: Moxie
|
|-heal|p2a: Gyaratres|331\/331|[from] item: Leftovers
|
|switch|p1a: Not so based|Raikou|321\/321
|-damage|p1a: Not so based|281\/321|[from] Stealth Rock
|-ability|p1a: Not so based|Pressure
|turn|6
|
|switch|p2a: Mew|Mew|263\/404
|-damage|p2a: Mew|213\/404|[from] Stealth Rock
|move|p1a: Not so based|Thunderbolt|p2a: Mew
|-damage|p2a: Mew|83\/404
|
|-heal|p2a: Mew|108\/404|[from] item: Leftovers
|turn|7
|
|move|p1a: Not so based|Thunderbolt|p2a: Mew
|-damage|p2a: Mew|0 fnt
|faint|p2a: Mew
|
|
|switch|p2a: Reptar|Tyranitar, M, shiny|342\/342
|-damage|p2a: Reptar|300\/342|[from] Stealth Rock
|-weather|Sandstorm
|turn|8
|
|move|p1a: Not so based|Volt Switch|p2a: Reptar
|-damage|p2a: Reptar|227\/342
|
|switch|p1a: Based Dog|Landorus-Therian, M|319\/319
|-damage|p1a: Based Dog|280\/319|[from] Stealth Rock
|-ability|p1a: Based Dog|Intimidate|[of] p2a: Reptar
|-unboost|p2a: Reptar|atk|1
|move|p2a: Reptar|Stone Edge|p1a: Based Dog|[miss]
|-miss|p2a: Reptar|p1a: Based Dog
|
|-weather|Sandstorm|[upkeep]
|turn|9
|
|switch|p2a: Sizzler|Scizor, M|343\/343
|-damage|p2a: Sizzler|301\/343|[from] Stealth Rock
|move|p1a: Based Dog|U-turn|p2a: Sizzler
|-resisted|p2a: Sizzler
|-damage|p2a: Sizzler|258\/343
|
|switch|p1a: Not so based|Raikou|281\/321
|-damage|p1a: Not so based|241\/321|[from] Stealth Rock
|-ability|p1a: Not so based|Pressure
|
|-weather|Sandstorm|[upkeep]
|-damage|p1a: Not so based|221\/321|[from] sandstorm
|turn|10
|
|switch|p2a: Latios|Latios, M|302\/302
|-damage|p2a: Latios|265\/302|[from] Stealth Rock
|move|p1a: Not so based|Volt Switch|p2a: Latios
|-resisted|p2a: Latios
|-damage|p2a: Latios|214\/302
|
|switch|p1a: Based Dog|Landorus-Therian, M|280\/319
|-damage|p1a: Based Dog|241\/319|[from] Stealth Rock
|-ability|p1a: Based Dog|Intimidate|[of] p2a: Latios
|-unboost|p2a: Latios|atk|1
|
|-weather|Sandstorm|[upkeep]
|-damage|p2a: Latios|196\/302|[from] sandstorm
|turn|11
|
|move|p2a: Latios|Draco Meteor|p1a: Based Dog
|-damage|p1a: Based Dog|0 fnt
|-unboost|p2a: Latios|spa|2
|faint|p1a: Based Dog
|
|-weather|Sandstorm|[upkeep]
|-damage|p2a: Latios|178\/302|[from] sandstorm
|
|switch|p1a: Bittersteel|Metagross|302\/302
|-damage|p1a: Bittersteel|284\/302|[from] Stealth Rock
|turn|12
|
|switch|p2a: Sizzler|Scizor, M|258\/343
|-damage|p2a: Sizzler|216\/343|[from] Stealth Rock
|detailschange|p1a: Bittersteel|Metagross-Mega
|-mega|p1a: Bittersteel|Metagross|Metagrossite
|move|p1a: Bittersteel|Meteor Mash|p2a: Sizzler
|-resisted|p2a: Sizzler
|-damage|p2a: Sizzler|103\/343
|
|-weather|none
|turn|13
|
|move|p2a: Sizzler|Bullet Punch|p1a: Bittersteel
|-resisted|p1a: Bittersteel
|-damage|p1a: Bittersteel|221\/302
|move|p1a: Bittersteel|Earthquake|p2a: Sizzler
|-crit|p2a: Sizzler
|-damage|p2a: Sizzler|0 fnt
|faint|p2a: Sizzler
|
|
|switch|p2a: Gyaratres|Gyarados, F, shiny|331\/331
|-damage|p2a: Gyaratres|249\/331|[from] Stealth Rock
|turn|14
|
|move|p1a: Bittersteel|Zen Headbutt|p2a: Gyaratres
|-damage|p2a: Gyaratres|0 fnt
|faint|p2a: Gyaratres
|
|
|switch|p2a: Lancelot|Metagross, shiny|301\/301
|-damage|p2a: Lancelot|283\/301|[from] Stealth Rock
|turn|15
|
|detailschange|p2a: Lancelot|Metagross-Mega, shiny
|-mega|p2a: Lancelot|Metagross|Metagrossite
|move|p1a: Bittersteel|Earthquake|p2a: Lancelot
|-crit|p2a: Lancelot
|-supereffective|p2a: Lancelot
|-damage|p2a: Lancelot|0 fnt
|faint|p2a: Lancelot
|
|
|switch|p2a: Reptar|Tyranitar, M, shiny|227\/342
|-damage|p2a: Reptar|185\/342|[from] Stealth Rock
|-weather|Sandstorm
|turn|16
|
|move|p1a: Bittersteel|Meteor Mash|p2a: Reptar
|-supereffective|p2a: Reptar
|-damage|p2a: Reptar|0 fnt
|-boost|p1a: Bittersteel|atk|1
|faint|p2a: Reptar
|
|-weather|Sandstorm|[upkeep]
|-message|rirao forfeited.
|
|win|Chocolove
|raw|Ladder updating...
|leave|rirao
|player|p2
|raw|Chocolove's rating: 1400 &rarr; <strong>1423<\/strong><br \/>(+23 for winning)
|raw|rirao's rating: 1455 &rarr; <strong>1431<\/strong><br \/>(-24 for losing)