|join|kingcold
|join|Wruce Bayne
|player|p1|kingcold|160
|player|p2|Wruce Bayne|161
|gametype|singles
|gen|6
|tier|UU
|rated
|rule|Sleep Clause Mod: Limit one foe put to sleep
|rule|Species Clause: Limit one of each PokÃ©mon
|rule|OHKO Clause: OHKO moves are banned
|rule|Moody Clause: Moody is banned
|rule|Evasion Moves Clause: Evasion moves are banned
|rule|Endless Battle Clause: Forcing endless battles is banned
|rule|HP Percentage Mod: HP is shown in percentages
|clearpoke
|poke|p1|Swampert, M
|poke|p1|Darmanitan, M, shiny
|poke|p1|Crobat, F, shiny
|poke|p1|Sceptile, M
|poke|p1|Jirachi
|poke|p1|Florges, F, shiny
|poke|p2|Beedrill, F
|poke|p2|Darmanitan, M
|poke|p2|Flygon, M, shiny
|poke|p2|Rotom-Heat, shiny
|poke|p2|Jirachi, shiny
|poke|p2|Swampert, M
|rule|Swagger Clause: Swagger is banned
|rule|Baton Pass Clause: Limit one PokÃ©mon knowing Baton Pass
|teampreview
|c|âWruce Bayne|consider me trunks
|
|start
|switch|p1a: Sceptile|Sceptile, M|282\/282
|switch|p2a: Beedrill|Beedrill, F|271\/271
|turn|1
|
|detailschange|p1a: Sceptile|Sceptile-Mega, M
|message|Sceptile has Mega Evolved into Mega Sceptile!
|detailschange|p2a: Beedrill|Beedrill-Mega, F
|message|Beedrill has Mega Evolved into Mega Beedrill!
|move|p2a: Beedrill|Protect|p2a: Beedrill
|-singleturn|p2a: Beedrill|Protect
|move|p1a: Sceptile|Substitute|p1a: Sceptile
|-start|p1a: Sceptile|Substitute
|-damage|p1a: Sceptile|212\/282
|
|turn|2
|
|move|p2a: Beedrill|U-turn|p1a: Sceptile
|-supereffective|p1a: Sceptile
|-end|p1a: Sceptile|Substitute
|
|switch|p2a: Rotom-Heat|Rotom-Heat, shiny|303\/303
|move|p1a: Sceptile|Dragon Pulse|p2a: Rotom-Heat
|-damage|p2a: Rotom-Heat|200\/303
|
|-heal|p2a: Rotom-Heat|218\/303|[from] item: Leftovers
|turn|3
|
|switch|p1a: Swampert|Swampert, M|404\/404
|move|p2a: Rotom-Heat|Overheat|p1a: Swampert|[miss]
|-miss|p2a: Rotom-Heat|p1a: Swampert
|
|-heal|p2a: Rotom-Heat|236\/303|[from] item: Leftovers
|turn|4
|
|move|p2a: Rotom-Heat|Will-O-Wisp|p1a: Swampert
|-status|p1a: Swampert|brn
|move|p1a: Swampert|Stealth Rock|p2a: Rotom-Heat
|-sidestart|p2: Wruce Bayne|move: Stealth Rock
|
|-heal|p2a: Rotom-Heat|254\/303|[from] item: Leftovers
|-damage|p1a: Swampert|354\/404 brn|[from] brn
|turn|5
|
|switch|p2a: Flygon|Flygon, M, shiny|301\/301
|-damage|p2a: Flygon|283\/301|[from] Stealth Rock
|switch|p1a: Jirachi|Jirachi|341\/341
|
|-heal|p2a: Flygon|301\/301|[from] item: Leftovers
|turn|6
|
|move|p1a: Jirachi|U-turn|p2a: Flygon
|-crit|p2a: Flygon
|-damage|p2a: Flygon|186\/301
|
|switch|p1a: Crobat|Crobat, F, shiny|367\/367
|move|p2a: Flygon|Defog|p1a: Crobat
|-unboost|p1a: Crobat|evasion|1
|-sideend|p2: Wruce Bayne|Stealth Rock|[from] move: Defog|[of] p2a: Flygon
|
|-heal|p2a: Flygon|204\/301|[from] item: Leftovers
|turn|7
|
|switch|p1a: Swampert|Swampert, M|354\/404 brn
|move|p2a: Flygon|U-turn|p1a: Swampert
|-damage|p1a: Swampert|298\/404 brn
|
|switch|p2a: Beedrill|Beedrill-Mega, F|271\/271
|
|-heal|p1a: Swampert|323\/404 brn|[from] item: Leftovers
|-damage|p1a: Swampert|273\/404 brn|[from] brn
|turn|8
|
|move|p2a: Beedrill|U-turn|p1a: Swampert
|-damage|p1a: Swampert|141\/404 brn
|
|switch|p2a: Flygon|Flygon, M, shiny|204\/301
|move|p1a: Swampert|Stealth Rock|p2a: Flygon
|-sidestart|p2: Wruce Bayne|move: Stealth Rock
|
|-heal|p2a: Flygon|222\/301|[from] item: Leftovers
|-heal|p1a: Swampert|166\/404 brn|[from] item: Leftovers
|-damage|p1a: Swampert|116\/404 brn|[from] brn
|turn|9
|
|move|p2a: Flygon|Defog|p1a: Swampert
|-unboost|p1a: Swampert|evasion|1
|-sideend|p2: Wruce Bayne|Stealth Rock|[from] move: Defog|[of] p2a: Flygon
|move|p1a: Swampert|Scald|p2a: Flygon
|-damage|p2a: Flygon|65\/301
|-status|p2a: Flygon|brn
|
|-heal|p2a: Flygon|83\/301 brn|[from] item: Leftovers
|-heal|p1a: Swampert|141\/404 brn|[from] item: Leftovers
|-damage|p2a: Flygon|46\/301 brn|[from] brn
|-damage|p1a: Swampert|91\/404 brn|[from] brn
|turn|10
|
|move|p2a: Flygon|Earthquake|p1a: Swampert
|-damage|p1a: Swampert|37\/404 brn
|move|p1a: Swampert|Stealth Rock|p2a: Flygon
|-sidestart|p2: Wruce Bayne|move: Stealth Rock
|
|-heal|p2a: Flygon|64\/301 brn|[from] item: Leftovers
|-heal|p1a: Swampert|62\/404 brn|[from] item: Leftovers
|-damage|p2a: Flygon|27\/301 brn|[from] brn
|-damage|p1a: Swampert|12\/404 brn|[from] brn
|turn|11
|
|switch|p1a: Crobat|Crobat, F, shiny|367\/367
|move|p2a: Flygon|U-turn|p1a: Crobat
|-resisted|p1a: Crobat
|-damage|p1a: Crobat|357\/367
|
|switch|p2a: Swampert|Swampert, M|404\/404
|-damage|p2a: Swampert|379\/404|[from] Stealth Rock
|
|-heal|p1a: Crobat|367\/367|[from] item: Black Sludge
|-heal|p2a: Swampert|404\/404|[from] item: Leftovers
|turn|12
|
|switch|p1a: Sceptile|Sceptile-Mega, M|212\/282
|move|p2a: Swampert|Stealth Rock|p1a: Sceptile
|-sidestart|p1: kingcold|move: Stealth Rock
|
|turn|13
|
|switch|p2a: Jirachi|Jirachi, shiny|404\/404
|-damage|p2a: Jirachi|379\/404|[from] Stealth Rock
|move|p1a: Sceptile|Substitute|p1a: Sceptile
|-start|p1a: Sceptile|Substitute
|-damage|p1a: Sceptile|142\/282
|
|-heal|p2a: Jirachi|404\/404|[from] item: Leftovers
|turn|14
|
|move|p1a: Sceptile|Focus Blast|p2a: Jirachi
|-damage|p2a: Jirachi|251\/404
|move|p2a: Jirachi|Calm Mind|p2a: Jirachi
|-boost|p2a: Jirachi|spa|1
|-boost|p2a: Jirachi|spd|1
|
|-heal|p2a: Jirachi|276\/404|[from] item: Leftovers
|turn|15
|
|switch|p1a: Darmanitan|Darmanitan, M, shiny|351\/351
|-damage|p1a: Darmanitan|264\/351|[from] Stealth Rock
|move|p2a: Jirachi|Psyshock|p1a: Darmanitan
|-damage|p1a: Darmanitan|18\/351
|
|-heal|p2a: Jirachi|301\/404|[from] item: Leftovers
|turn|16
|
|switch|p2a: Swampert|Swampert, M|404\/404
|-damage|p2a: Swampert|379\/404|[from] Stealth Rock
|move|p1a: Darmanitan|Flare Blitz|p2a: Swampert
|-resisted|p2a: Swampert
|-damage|p2a: Swampert|213\/404
|-damage|p1a: Darmanitan|0 fnt|[from] recoil|[of] p2a: Swampert
|faint|p1a: Darmanitan
|
|-heal|p2a: Swampert|238\/404|[from] item: Leftovers
|
|switch|p1a: Sceptile|Sceptile-Mega, M|142\/282
|-damage|p1a: Sceptile|107\/282|[from] Stealth Rock
|turn|17
|
|switch|p1a: Jirachi|Jirachi|341\/341
|-damage|p1a: Jirachi|320\/341|[from] Stealth Rock
|move|p2a: Swampert|Roar|p1a: Jirachi
|drag|p1a: Florges|Florges, F, shiny|360\/360
|-damage|p1a: Florges|315\/360|[from] Stealth Rock
|
|-heal|p1a: Florges|337\/360|[from] item: Leftovers
|-heal|p2a: Swampert|263\/404|[from] item: Leftovers
|turn|18
|
|move|p1a: Florges|Aromatherapy|p1a: Florges
|-cureteam|p1a: Florges|[from] move: Aromatherapy
|move|p2a: Swampert|Roar|p1a: Florges
|drag|p1a: Swampert|Swampert, M|12\/404
|-damage|p1a: Swampert|0 fnt|[from] Stealth Rock
|faint|p1a: Swampert
|
|-heal|p2a: Swampert|288\/404|[from] item: Leftovers
|
|switch|p1a: Sceptile|Sceptile-Mega, M|107\/282
|-damage|p1a: Sceptile|72\/282|[from] Stealth Rock
|turn|19
|
|switch|p2a: Jirachi|Jirachi, shiny|301\/404
|-damage|p2a: Jirachi|276\/404|[from] Stealth Rock
|move|p1a: Sceptile|Giga Drain|p2a: Jirachi
|-resisted|p2a: Jirachi
|-damage|p2a: Jirachi|198\/404
|-heal|p1a: Sceptile|111\/282|[from] drain|[of] p2a: Jirachi
|
|-heal|p2a: Jirachi|223\/404|[from] item: Leftovers
|turn|20
|
|move|p1a: Sceptile|Focus Blast|p2a: Jirachi
|-crit|p2a: Jirachi
|-damage|p2a: Jirachi|3\/404
|move|p2a: Jirachi|Psyshock|p1a: Sceptile
|-damage|p1a: Sceptile|0 fnt
|faint|p1a: Sceptile
|
|-heal|p2a: Jirachi|28\/404|[from] item: Leftovers
|
|switch|p1a: Jirachi|Jirachi|320\/341
|-damage|p1a: Jirachi|299\/341|[from] Stealth Rock
|turn|21
|
|move|p1a: Jirachi|Iron Head|p2a: Jirachi
|-resisted|p2a: Jirachi
|-damage|p2a: Jirachi|0 fnt
|faint|p2a: Jirachi
|
|
|switch|p2a: Rotom-Heat|Rotom-Heat, shiny|254\/303
|-damage|p2a: Rotom-Heat|179\/303|[from] Stealth Rock
|turn|22
|
|switch|p1a: Florges|Florges, F, shiny|337\/360
|-damage|p1a: Florges|292\/360|[from] Stealth Rock
|move|p2a: Rotom-Heat|Will-O-Wisp|p1a: Florges
|-status|p1a: Florges|brn
|
|-heal|p2a: Rotom-Heat|197\/303|[from] item: Leftovers
|-heal|p1a: Florges|314\/360 brn|[from] item: Leftovers
|-damage|p1a: Florges|269\/360 brn|[from] brn
|turn|23
|
|move|p2a: Rotom-Heat|Pain Split|p1a: Florges
|-sethp|p1a: Florges|233\/360 brn|p2a: Rotom-Heat|233\/303|[from] move: Pain Split
|move|p1a: Florges|Calm Mind|p1a: Florges
|-boost|p1a: Florges|spa|1
|-boost|p1a: Florges|spd|1
|
|-heal|p2a: Rotom-Heat|251\/303|[from] item: Leftovers
|-heal|p1a: Florges|255\/360 brn|[from] item: Leftovers
|-damage|p1a: Florges|210\/360 brn|[from] brn
|turn|24
|
|move|p2a: Rotom-Heat|Volt Switch|p1a: Florges
|-damage|p1a: Florges|170\/360 brn
|
|switch|p2a: Swampert|Swampert, M|288\/404
|-damage|p2a: Swampert|263\/404|[from] Stealth Rock
|move|p1a: Florges|Synthesis|p1a: Florges
|-heal|p1a: Florges|350\/360 brn
|
|-heal|p1a: Florges|360\/360 brn|[from] item: Leftovers
|-heal|p2a: Swampert|288\/404|[from] item: Leftovers
|-damage|p1a: Florges|315\/360 brn|[from] brn
|turn|25
|
|move|p1a: Florges|Moonblast|p2a: Swampert
|-damage|p2a: Swampert|92\/404
|move|p2a: Swampert|Earthquake|p1a: Florges
|-damage|p1a: Florges|206\/360 brn
|
|-heal|p1a: Florges|228\/360 brn|[from] item: Leftovers
|-heal|p2a: Swampert|117\/404|[from] item: Leftovers
|-damage|p1a: Florges|183\/360 brn|[from] brn
|turn|26
|
|move|p1a: Florges|Moonblast|p2a: Swampert
|-damage|p2a: Swampert|0 fnt
|faint|p2a: Swampert
|
|-heal|p1a: Florges|205\/360 brn|[from] item: Leftovers
|-damage|p1a: Florges|160\/360 brn|[from] brn
|
|switch|p2a: Flygon|Flygon, M, shiny|27\/301 brn
|-damage|p2a: Flygon|9\/301 brn|[from] Stealth Rock
|turn|27
|
|move|p2a: Flygon|Defog|p1a: Florges
|-unboost|p1a: Florges|evasion|1
|-sideend|p1: kingcold|Stealth Rock|[from] move: Defog|[of] p1a: Florges
|-sideend|p2: Wruce Bayne|Stealth Rock|[from] move: Defog|[of] p2a: Flygon
|move|p1a: Florges|Synthesis|p1a: Florges
|-heal|p1a: Florges|340\/360 brn
|
|-heal|p2a: Flygon|27\/301 brn|[from] item: Leftovers
|-heal|p1a: Florges|360\/360 brn|[from] item: Leftovers
|-damage|p2a: Flygon|0 fnt|[from] brn
|-damage|p1a: Florges|315\/360 brn|[from] brn
|faint|p2a: Flygon
|
|switch|p2a: Beedrill|Beedrill-Mega, F|271\/271
|turn|28
|
|switch|p1a: Jirachi|Jirachi|299\/341
|move|p2a: Beedrill|U-turn|p1a: Jirachi
|-damage|p1a: Jirachi|125\/341
|
|switch|p2a: Rotom-Heat|Rotom-Heat, shiny|251\/303
|
|-heal|p2a: Rotom-Heat|269\/303|[from] item: Leftovers
|turn|29
|
|move|p1a: Jirachi|Iron Head|p2a: Rotom-Heat
|-resisted|p2a: Rotom-Heat
|-damage|p2a: Rotom-Heat|241\/303
|move|p2a: Rotom-Heat|Volt Switch|p1a: Jirachi
|-damage|p1a: Jirachi|41\/341
|
|switch|p2a: Beedrill|Beedrill-Mega, F|271\/271
|
|turn|30
|
|switch|p2a: Rotom-Heat|Rotom-Heat, shiny|241\/303
|move|p1a: Jirachi|Iron Head|p2a: Rotom-Heat
|-resisted|p2a: Rotom-Heat
|-damage|p2a: Rotom-Heat|211\/303
|
|-heal|p2a: Rotom-Heat|229\/303|[from] item: Leftovers
|turn|31
|
|switch|p1a: Florges|Florges, F, shiny|315\/360 brn
|move|p2a: Rotom-Heat|Volt Switch|p1a: Florges
|-damage|p1a: Florges|258\/360 brn
|
|switch|p2a: Beedrill|Beedrill-Mega, F|271\/271
|
|-heal|p1a: Florges|280\/360 brn|[from] item: Leftovers
|-damage|p1a: Florges|235\/360 brn|[from] brn
|turn|32
|
|move|p2a: Beedrill|Poison Jab|p1a: Florges
|-supereffective|p1a: Florges
|-damage|p1a: Florges|0 fnt
|faint|p1a: Florges
|
|
|switch|p1a: Jirachi|Jirachi|41\/341
|turn|33
|
|switch|p2a: Rotom-Heat|Rotom-Heat, shiny|229\/303
|move|p1a: Jirachi|Iron Head|p2a: Rotom-Heat
|-resisted|p2a: Rotom-Heat
|-damage|p2a: Rotom-Heat|202\/303
|
|-heal|p2a: Rotom-Heat|220\/303|[from] item: Leftovers
|turn|34
|-message|kingcold forfeited.
|
|win|Wruce Bayne
|raw|Ladder updating...
|leave|kingcold
|player|p1
|raw|kingcold's rating: 1309 &rarr; <strong>1297<\/strong><br \/>(-12 for losing)
|raw|Wruce Bayne's rating: 1464 &rarr; <strong>1476<\/strong><br \/>(+12 for winning)
|leave|Wruce Bayne
|player|p2