|join|Wruce Bayne
|join|STEELIXXX
|player|p1|Wruce Bayne|161
|player|p2|STEELIXXX|161
|gametype|singles
|gen|6
|tier|UU
|rated
|rule|Sleep Clause Mod: Limit one foe put to sleep
|rule|Species Clause: Limit one of each PokÃ©mon
|rule|OHKO Clause: OHKO moves are banned
|rule|Moody Clause: Moody is banned
|rule|Evasion Moves Clause: Evasion moves are banned
|rule|Endless Battle Clause: Forcing endless battles is banned
|rule|HP Percentage Mod: HP is shown in percentages
|clearpoke
|poke|p1|Sceptile, M
|poke|p1|Mienshao, M, shiny
|poke|p1|Entei, shiny
|poke|p1|Golurk, shiny
|poke|p1|Porygon2, shiny
|poke|p1|Starmie, shiny
|poke|p2|Alakazam, F
|poke|p2|Nidoqueen, F
|poke|p2|Suicune
|poke|p2|Hydreigon, M
|poke|p2|Machamp, F
|poke|p2|Crobat, M
|rule|Swagger Clause: Swagger is banned
|rule|Baton Pass Clause: Limit one PokÃ©mon knowing Baton Pass
|teampreview
|
|start
|switch|p1a: Entei|Entei, shiny|431\/431
|switch|p2a: Suicune|Suicune|404\/404
|-ability|p1a: Entei|Pressure
|-ability|p2a: Suicune|Pressure
|turn|1
|
|switch|p1a: Porygon2|Porygon2, shiny|374\/374
|-ability|p1a: Porygon2|Pressure|[from] ability: Trace|[of] p2a: Suicune
|-ability|p1a: Porygon2|Pressure
|move|p2a: Suicune|Scald|p1a: Porygon2
|-damage|p1a: Porygon2|313\/374
|
|turn|2
|
|move|p2a: Suicune|Substitute|p2a: Suicune
|-start|p2a: Suicune|Substitute
|-damage|p2a: Suicune|303\/404
|move|p1a: Porygon2|Discharge|p2a: Suicune
|-supereffective|p2a: Suicune
|-end|p2a: Suicune|Substitute
|
|-heal|p2a: Suicune|328\/404|[from] item: Leftovers
|turn|3
|
|switch|p2a: Machamp|Machamp, F|322\/322
|move|p1a: Porygon2|Discharge|p2a: Machamp
|-damage|p2a: Machamp|275\/322
|-status|p2a: Machamp|par
|
|turn|4
|
|switch|p1a: Golurk|Golurk, shiny|341\/341
|move|p2a: Machamp|Knock Off|p1a: Golurk
|-supereffective|p1a: Golurk
|-damage|p1a: Golurk|35\/341
|-enditem|p1a: Golurk|Leftovers|[from] move: Knock Off|[of] p2a: Machamp
|
|turn|5
|
|switch|p2a: Crobat|Crobat, M|374\/374
|move|p1a: Golurk|Stealth Rock|p2a: Crobat
|-sidestart|p2: STEELIXXX|move: Stealth Rock
|
|turn|6
|
|move|p2a: Crobat|Defog|p1a: Golurk
|-unboost|p1a: Golurk|evasion|1
|-sideend|p2: STEELIXXX|Stealth Rock|[from] move: Defog|[of] p2a: Crobat
|move|p1a: Golurk|Ice Punch|p2a: Crobat
|-supereffective|p2a: Crobat
|-damage|p2a: Crobat|82\/374
|
|-heal|p2a: Crobat|105\/374|[from] item: Black Sludge
|turn|7
|
|move|p2a: Crobat|Brave Bird|p1a: Golurk
|-damage|p1a: Golurk|0 fnt
|-damage|p2a: Crobat|93\/374|[from] recoil|[of] p1a: Golurk
|faint|p1a: Golurk
|
|-heal|p2a: Crobat|116\/374|[from] item: Black Sludge
|
|switch|p1a: Entei|Entei, shiny|431\/431
|-ability|p1a: Entei|Pressure
|turn|8
|
|switch|p2a: Suicune|Suicune|328\/404
|-ability|p2a: Suicune|Pressure
|switch|p1a: Sceptile|Sceptile, M|281\/281
|
|-heal|p2a: Suicune|353\/404|[from] item: Leftovers
|turn|9
|
|switch|p2a: Hydreigon|Hydreigon, M|325\/325
|detailschange|p1a: Sceptile|Sceptile-Mega, M
|message|Sceptile has Mega Evolved into Mega Sceptile!
|move|p1a: Sceptile|Dragon Pulse|p2a: Hydreigon
|-supereffective|p2a: Hydreigon
|-damage|p2a: Hydreigon|0 fnt
|faint|p2a: Hydreigon
|
|c|âSTEELIXXX|wow
|
|switch|p2a: Machamp|Machamp, F|275\/322 par
|turn|10
|c|âSTEELIXXX|risky
|c|âWruce Bayne|like ur leaving it in to scald me
|c|âSTEELIXXX|lol what
|c|âSTEELIXXX|have you not seen the sub?
|c|âSTEELIXXX|it's not crocune
|c|âWruce Bayne|ur saying, i should've expected you to stay in
|c|âSTEELIXXX|yesd
|c|âSTEELIXXX|exactly
|c|âWruce Bayne|well
|c|âWruce Bayne|u didnt
|c|âWruce Bayne|bc it was logical to the both of us
|c|âWruce Bayne|you had a horrible matchup
|
|switch|p1a: Entei|Entei, shiny|431\/431
|-ability|p1a: Entei|Pressure
|move|p2a: Machamp|Dynamic Punch|p1a: Entei
|-damage|p1a: Entei|191\/431
|-start|p1a: Entei|confusion
|
|turn|11
|c|âSTEELIXXX|if you went for d pulse and me for ice beam i was winning
|c|âSTEELIXXX|it's called a 50\/50..
|c|âSTEELIXXX|that's why i said "risky"
|c|âWruce Bayne|you prob don't have ice beam
|c|âWruce Bayne|and if you do
|c|âSTEELIXXX|lolol
|c|âSTEELIXXX|what
|c|âSTEELIXXX|most subcune have it
|c|âSTEELIXXX|for zygarde mega sceptile and stuff
|c|âWruce Bayne|well tough shit
|c|âWruce Bayne|i made the right play
|
|switch|p2a: Suicune|Suicune|353\/404
|-ability|p2a: Suicune|Pressure
|-activate|p1a: Entei|confusion
|move|p1a: Entei|Sacred Fire|p2a: Suicune|[miss]
|-miss|p1a: Entei|p2a: Suicune
|
|-heal|p2a: Suicune|378\/404|[from] item: Leftovers
|turn|12
|
|switch|p1a: Porygon2|Porygon2, shiny|313\/374
|-ability|p1a: Porygon2|Pressure|[from] ability: Trace|[of] p2a: Suicune
|-ability|p1a: Porygon2|Pressure
|move|p2a: Suicune|Scald|p1a: Porygon2
|-damage|p1a: Porygon2|253\/374
|
|-heal|p2a: Suicune|403\/404|[from] item: Leftovers
|turn|13
|c|âWruce Bayne|u know what else
|c|âWruce Bayne|why would u be a multi attacker suicune
|c|âWruce Bayne|that wouldn't make sense
|c|âSTEELIXXX|??
|c|âWruce Bayne|that means u don't have rest talk
|c|âSTEELIXXX|yeah
|c|âSTEELIXXX|it's common dude
|c|âWruce Bayne|which defeats the purpose of longevity
|c|âWruce Bayne|nah thats retarded
|c|âSTEELIXXX|lol
|c|âSTEELIXXX|you've never been higher than this on the ladder don't you?
|c|âWruce Bayne|well my record is good for an ou player
|c|âSTEELIXXX|yeah
|c|âSTEELIXXX|so i'm telling you here subcune is not uncommon
|
|move|p2a: Suicune|Calm Mind|p2a: Suicune
|-boost|p2a: Suicune|spa|1
|-boost|p2a: Suicune|spd|1
|move|p1a: Porygon2|Discharge|p2a: Suicune
|-supereffective|p2a: Suicune
|-damage|p2a: Suicune|329\/404
|-status|p2a: Suicune|par
|
|-heal|p2a: Suicune|354\/404 par|[from] item: Leftovers
|turn|14
|c|âSTEELIXXX|oh crap
|c|âWruce Bayne|I've seen scald\/roar\/sub rest
|c|âWruce Bayne|but 2 atks
|c|âWruce Bayne|is dumb af
|c|âSTEELIXXX|no it's not -_-
|c|âWruce Bayne|imo
|
|switch|p1a: Sceptile|Sceptile-Mega, M|281\/281
|move|p2a: Suicune|Calm Mind|p2a: Suicune
|-boost|p2a: Suicune|spa|1
|-boost|p2a: Suicune|spd|1
|
|-heal|p2a: Suicune|379\/404 par|[from] item: Leftovers
|turn|15
|
|move|p1a: Sceptile|Giga Drain|p2a: Suicune
|-supereffective|p2a: Suicune
|-damage|p2a: Suicune|245\/404 par
|cant|p2a: Suicune|par
|
|-heal|p2a: Suicune|270\/404 par|[from] item: Leftovers
|turn|16
|
|move|p1a: Sceptile|Leaf Storm|p2a: Suicune
|-supereffective|p2a: Suicune
|-damage|p2a: Suicune|64\/404 par
|-unboost|p1a: Sceptile|spa|2
|cant|p2a: Suicune|par
|
|-heal|p2a: Suicune|89\/404 par|[from] item: Leftovers
|turn|17
|c|âSTEELIXXX|wow
|c|âSTEELIXXX|my doge getting haxed
|
|move|p1a: Sceptile|Leaf Storm|p2a: Suicune
|-supereffective|p2a: Suicune
|-damage|p2a: Suicune|0 fnt
|-unboost|p1a: Sceptile|spa|2
|faint|p2a: Suicune
|
|c|âSTEELIXXX|so badly
|c|âWruce Bayne|on a positive note
|c|âWruce Bayne|the mega sprites
|c|âWruce Bayne|look rly good
|c|âSTEELIXXX|looking a bit big no?
|c|âWruce Bayne|some are
|c|âSTEELIXXX|bigger than the other sprites
|c|âWruce Bayne|like lopunny
|c|âSTEELIXXX|yeah
|c|âWruce Bayne|looks retarded
|c|âSTEELIXXX|sceptile too is a bit big
|c|âWruce Bayne|but metagross and altaria
|c|âWruce Bayne|are perfect
|c|âSTEELIXXX|i've not seen them
|c|âSTEELIXXX|they were banne dhere lol
|
|switch|p2a: Crobat|Crobat, M|116\/374
|turn|18
|c|âWruce Bayne|so ur a big uu player
|c|âSTEELIXXX|also, yes i had ice beal
|c|âWruce Bayne|is sceptile broken here or no
|
|switch|p1a: Porygon2|Porygon2, shiny|253\/374
|-ability|p1a: Porygon2|Infiltrator|[from] ability: Trace|[of] p2a: Crobat
|move|p2a: Crobat|Roost|p2a: Crobat
|-heal|p2a: Crobat|303\/374
|
|-heal|p2a: Crobat|326\/374|[from] item: Black Sludge
|turn|19
|c|âSTEELIXXX|i'm not a "big uu player" lol
|c|âSTEELIXXX|no it's niot
|c|âSTEELIXXX|it's very good however
|c|âSTEELIXXX|i like gig drain d pulse hp fire leaf storm
|c|âWruce Bayne|i have focus over hp fire
|c|âSTEELIXXX|focus?
|c|âSTEELIXXX|punch?
|
|move|p2a: Crobat|U-turn|p1a: Porygon2
|-damage|p1a: Porygon2|209\/374
|
|switch|p2a: Machamp|Machamp, F|275\/322 par
|move|p1a: Porygon2|Ice Beam|p2a: Machamp
|-damage|p2a: Machamp|220\/322 par
|
|turn|20
|c|âWruce Bayne|!data focus blast
|c|~|\/data-move Focus Blast

|c|âSTEELIXXX|oh yeah right
|c|âSTEELIXXX|*facepalm*
|
|switch|p1a: Entei|Entei, shiny|191\/431
|-ability|p1a: Entei|Pressure
|cant|p2a: Machamp|par
|
|turn|21
|c|âSTEELIXXX|aww shit man
|c|âSTEELIXXX|:(
|c|âSTEELIXXX|that's too much
|c|âWruce Bayne|i'll bulldoze
|
|switch|p2a: Crobat|Crobat, M|326\/374
|move|p1a: Entei|Stone Edge|p2a: Crobat|[miss]
|-miss|p1a: Entei|p2a: Crobat
|
|-heal|p2a: Crobat|349\/374|[from] item: Black Sludge
|turn|22
|c|âSTEELIXXX|no it'sd ok
|join|Ladder Hero 6
|c|âWruce Bayne|i meant edge
|c|âWruce Bayne|w.e
|c|âSTEELIXXX|lolol
|
|move|p2a: Crobat|U-turn|p1a: Entei
|-resisted|p1a: Entei
|-damage|p1a: Entei|158\/431
|
|switch|p2a: Nidoqueen|Nidoqueen, F|384\/384
|move|p1a: Entei|Sacred Fire|p2a: Nidoqueen
|-damage|p2a: Nidoqueen|234\/384
|
|turn|23
|c|âSTEELIXXX|exepected a band
|
|move|p1a: Entei|Sacred Fire|p2a: Nidoqueen
|-damage|p2a: Nidoqueen|99\/384
|move|p2a: Nidoqueen|Earth Power|p1a: Entei
|-supereffective|p1a: Entei
|-damage|p1a: Entei|0 fnt
|faint|p1a: Entei
|
|c|âWruce Bayne|nope trying out av
|
|switch|p1a: Sceptile|Sceptile-Mega, M|281\/281
|turn|24
|join|ChewbaccaFlocka
|
|move|p1a: Sceptile|Dragon Pulse|p2a: Nidoqueen
|-damage|p2a: Nidoqueen|0 fnt
|faint|p2a: Nidoqueen
|
|
|switch|p2a: Crobat|Crobat, M|349\/374
|turn|25
|
|switch|p1a: Porygon2|Porygon2, shiny|209\/374
|-ability|p1a: Porygon2|Infiltrator|[from] ability: Trace|[of] p2a: Crobat
|move|p2a: Crobat|Brave Bird|p1a: Porygon2
|-damage|p1a: Porygon2|103\/374
|-damage|p2a: Crobat|314\/374|[from] recoil|[of] p1a: Porygon2
|
|-heal|p2a: Crobat|337\/374|[from] item: Black Sludge
|turn|26
|
|move|p2a: Crobat|U-turn|p1a: Porygon2
|-crit|p1a: Porygon2
|-damage|p1a: Porygon2|41\/374
|
|switch|p2a: Machamp|Machamp, F|220\/322 par
|move|p1a: Porygon2|Recover|p1a: Porygon2
|-heal|p1a: Porygon2|228\/374
|
|turn|27
|
|move|p1a: Porygon2|Ice Beam|p2a: Machamp
|-damage|p2a: Machamp|160\/322 par
|move|p2a: Machamp|Dynamic Punch|p1a: Porygon2
|-supereffective|p1a: Porygon2
|-damage|p1a: Porygon2|0 fnt
|faint|p1a: Porygon2
|
|
|switch|p1a: Starmie|Starmie, shiny|261\/261
|turn|28
|
|move|p1a: Starmie|Psyshock|p2a: Machamp
|-crit|p2a: Machamp
|-supereffective|p2a: Machamp
|-damage|p2a: Machamp|0 fnt
|-damage|p1a: Starmie|235\/261|[from] item: Life Orb
|faint|p2a: Machamp
|
|
|switch|p2a: Alakazam|Alakazam, F|252\/252
|turn|29
|
|detailschange|p2a: Alakazam|Alakazam-Mega, F
|message|Alakazam has Mega Evolved into Mega Alakazam!
|-ability|p2a: Alakazam|Analytic|[from] ability: Trace|[of] p1a: Starmie
|move|p2a: Alakazam|Shadow Ball|p1a: Starmie
|-supereffective|p1a: Starmie
|-damage|p1a: Starmie|0 fnt
|faint|p1a: Starmie
|
|
|switch|p1a: Sceptile|Sceptile-Mega, M|281\/281
|turn|30
|c|âSTEELIXXX|i've a low chance to ko
|c|âSTEELIXXX|apparently
|c|âWruce Bayne|with wha
|c|âSTEELIXXX|alakazam
|c|âWruce Bayne|what move
|c|âSTEELIXXX|dazzing gleam
|c|âWruce Bayne|timid psy
|c|âWruce Bayne|o
|join|Alvadora
|c|âWruce Bayne|i think it'll kill
|c|âSTEELIXXX|lol no
|c|âWruce Bayne|well just click it
|
|move|p2a: Alakazam|Dazzling Gleam|p1a: Sceptile
|-supereffective|p1a: Sceptile
|-damage|p1a: Sceptile|7\/281
|move|p1a: Sceptile|Dragon Pulse|p2a: Alakazam
|-crit|p2a: Alakazam
|-damage|p2a: Alakazam|8\/252
|
|turn|31
|
|move|p2a: Alakazam|Dazzling Gleam|p1a: Sceptile
|-supereffective|p1a: Sceptile
|-damage|p1a: Sceptile|0 fnt
|faint|p1a: Sceptile
|
|c|âSTEELIXXX|welp
|
|switch|p1a: Mienshao|Mienshao, M, shiny|271\/271
|turn|32
|
|move|p1a: Mienshao|Stone Edge|p2a: Alakazam|[miss]
|-miss|p1a: Mienshao|p2a: Alakazam
|move|p2a: Alakazam|Psyshock|p1a: Mienshao
|-supereffective|p1a: Mienshao
|-damage|p1a: Mienshao|0 fnt
|faint|p1a: Mienshao
|
|win|STEELIXXX
|raw|Ladder updating...
|c|âWruce Bayne|gg
|c|âSTEELIXXX|still winning
|raw|Wruce Bayne's rating: 1489 &rarr; <strong>1464<\/strong><br \/>(-25 for losing)
|raw|STEELIXXX's rating: 1403 &rarr; <strong>1428<\/strong><br \/>(+25 for winning)
|c|âSTEELIXXX|gg
|leave|Wruce Bayne
|player|p1