|join|proprioception
|join|DennisEG
|player|p1|proprioception|2
|player|p2|DennisEG|76
|gametype|singles
|gen|6
|tier|OU
|clearpoke
|poke|p1|Keldeo
|poke|p1|Landorus-Therian, M
|poke|p1|Mew
|poke|p1|Tyranitar, M
|poke|p1|Venusaur, M
|poke|p1|Clefable, M
|poke|p2|Bisharp, M
|poke|p2|Landorus-Therian, M
|poke|p2|Azumarill, M
|poke|p2|Thundurus, M
|poke|p2|Latios, M
|poke|p2|Pinsir, F
|rule|Swagger Clause: Swagger is banned
|rule|Baton Pass Clause: Limit one PokÃ©mon knowing Baton Pass
|rule|Sleep Clause Mod: Limit one foe put to sleep
|rule|Species Clause: Limit one of each PokÃ©mon
|rule|OHKO Clause: OHKO moves are banned
|rule|Moody Clause: Moody is banned
|rule|Evasion Moves Clause: Evasion moves are banned
|rule|Endless Battle Clause: Forcing endless battles is banned
|rule|HP Percentage Mod: HP is shown in percentages
|teampreview
|c|âproprioception|hf
|c|âDennisEG|u2
|
|start
|switch|p1a: Keldeo|Keldeo|323\/323
|switch|p2a: Bisharp|Bisharp, M|271\/271
|turn|1
|
|switch|p2a: Azumarill|Azumarill, M|343\/343
|move|p1a: Keldeo|Scald|p2a: Azumarill
|-resisted|p2a: Azumarill
|-damage|p2a: Azumarill|273\/343
|
|turn|2
|
|switch|p1a: Venusaur|Venusaur, M|351\/351
|move|p2a: Azumarill|Play Rough|p1a: Venusaur
|-resisted|p1a: Venusaur
|-damage|p1a: Venusaur|237\/351
|
|turn|3
|
|switch|p2a: Bisharp|Bisharp, M|271\/271
|detailschange|p1a: Venusaur|Venusaur-Mega, M
|message|Venusaur has Mega Evolved into Mega Venusaur!
|move|p1a: Venusaur|Sludge Bomb|p2a: Bisharp
|-immune|p2a: Bisharp|[msg]
|
|turn|4
|
|switch|p1a: Keldeo|Keldeo|323\/323
|move|p2a: Bisharp|Iron Head|p1a: Keldeo
|-resisted|p1a: Keldeo
|-damage|p1a: Keldeo|236\/323
|
|turn|5
|
|switch|p2a: Azumarill|Azumarill, M|273\/343
|move|p1a: Keldeo|Scald|p2a: Azumarill
|-resisted|p2a: Azumarill
|-damage|p2a: Azumarill|200\/343
|
|turn|6
|
|switch|p1a: Venusaur|Venusaur-Mega, M|237\/351
|switch|p2a: Latios|Latios, M|301\/301
|
|turn|7
|
|switch|p2a: Bisharp|Bisharp, M|271\/271
|switch|p1a: Mew|Mew|403\/403
|
|turn|8
|
|switch|p1a: Keldeo|Keldeo|236\/323
|move|p2a: Bisharp|Knock Off|p1a: Keldeo
|-resisted|p1a: Keldeo
|-damage|p1a: Keldeo|138\/323
|-boost|p1a: Keldeo|atk|1|[from] ability: Justified
|-enditem|p1a: Keldeo|Choice Specs|[from] move: Knock Off|[of] p2a: Bisharp
|
|turn|9
|
|switch|p2a: Azumarill|Azumarill, M|200\/343
|move|p1a: Keldeo|Scald|p2a: Azumarill
|-resisted|p2a: Azumarill
|-damage|p2a: Azumarill|153\/343
|
|turn|10
|
|switch|p1a: Venusaur|Venusaur-Mega, M|237\/351
|move|p2a: Azumarill|Play Rough|p1a: Venusaur
|-resisted|p1a: Venusaur
|-damage|p1a: Venusaur|155\/351
|
|turn|11
|
|switch|p2a: Latios|Latios, M|301\/301
|move|p1a: Venusaur|Synthesis|p1a: Venusaur
|-heal|p1a: Venusaur|330\/351
|
|turn|12
|
|switch|p1a: Tyranitar|Tyranitar, M|342\/342
|-weather|Sandstorm
|move|p2a: Latios|Draco Meteor|p1a: Tyranitar
|-damage|p1a: Tyranitar|130\/342
|-unboost|p2a: Latios|spa|2
|-damage|p2a: Latios|271\/301|[from] item: Life Orb
|
|-weather|Sandstorm|[upkeep]
|-damage|p2a: Latios|253\/301|[from] sandstorm
|turn|13
|
|move|p1a: Tyranitar|Pursuit|p2a: Latios
|-supereffective|p2a: Latios
|-damage|p2a: Latios|67\/301
|move|p2a: Latios|Draco Meteor|p1a: Tyranitar|[miss]
|-miss|p2a: Latios|p1a: Tyranitar
|
|-weather|Sandstorm|[upkeep]
|-damage|p2a: Latios|49\/301|[from] sandstorm
|turn|14
|
|move|p1a: Tyranitar|Pursuit|p2a: Latios
|-supereffective|p2a: Latios
|-damage|p2a: Latios|0 fnt
|faint|p2a: Latios
|
|-weather|Sandstorm|[upkeep]
|
|switch|p2a: Landorus-Therian|Landorus-Therian, M|357\/357
|-ability|p2a: Landorus-Therian|Intimidate|[of] p1a: Tyranitar
|-unboost|p1a: Tyranitar|atk|1
|turn|15
|
|switch|p1a: Landorus-Therian|Landorus-Therian, M|375\/375
|-ability|p1a: Landorus-Therian|Intimidate|[of] p2a: Landorus-Therian
|-unboost|p2a: Landorus-Therian|atk|1
|move|p2a: Landorus-Therian|Stealth Rock|p1a: Landorus-Therian
|-sidestart|p1: proprioception|move: Stealth Rock
|
|-weather|Sandstorm|[upkeep]
|turn|16
|
|move|p2a: Landorus-Therian|U-turn|p1a: Landorus-Therian
|-resisted|p1a: Landorus-Therian
|-damage|p1a: Landorus-Therian|355\/375
|
|switch|p2a: Thundurus|Thundurus, M|299\/299
|move|p1a: Landorus-Therian|Stealth Rock|p2a: Thundurus
|-sidestart|p2: DennisEG|move: Stealth Rock
|
|-weather|none
|-heal|p1a: Landorus-Therian|375\/375|[from] item: Leftovers
|turn|17
|
|switch|p2a: Pinsir|Pinsir, F|271\/271
|-damage|p2a: Pinsir|204\/271|[from] Stealth Rock
|switch|p1a: Venusaur|Venusaur-Mega, M|330\/351
|-damage|p1a: Venusaur|287\/351|[from] Stealth Rock
|
|turn|18
|
|switch|p1a: Tyranitar|Tyranitar, M|130\/342
|-damage|p1a: Tyranitar|88\/342|[from] Stealth Rock
|-weather|Sandstorm
|detailschange|p2a: Pinsir|Pinsir-Mega, F
|message|Pinsir has Mega Evolved into Mega Pinsir!
|move|p2a: Pinsir|Swords Dance|p2a: Pinsir
|-boost|p2a: Pinsir|atk|2
|
|-weather|Sandstorm|[upkeep]
|-damage|p2a: Pinsir|188\/271|[from] sandstorm
|turn|19
|
|move|p2a: Pinsir|Quick Attack|p1a: Tyranitar
|-resisted|p1a: Tyranitar
|-damage|p1a: Tyranitar|0 fnt
|faint|p1a: Tyranitar
|
|-weather|Sandstorm|[upkeep]
|-damage|p2a: Pinsir|172\/271|[from] sandstorm
|
|switch|p1a: Landorus-Therian|Landorus-Therian, M|375\/375
|-damage|p1a: Landorus-Therian|329\/375|[from] Stealth Rock
|-ability|p1a: Landorus-Therian|Intimidate|[of] p2a: Pinsir
|-unboost|p2a: Pinsir|atk|1
|turn|20
|
|move|p2a: Pinsir|Frustration|p1a: Landorus-Therian
|-damage|p1a: Landorus-Therian|0 fnt
|faint|p1a: Landorus-Therian
|
|-weather|Sandstorm|[upkeep]
|-damage|p2a: Pinsir|156\/271|[from] sandstorm
|
|switch|p1a: Clefable|Clefable, M|394\/394
|turn|21
|c|âproprioception|jolly?
|c|âDennisEG|yes
|c|âproprioception|76.2 - 89.8%
|c|âDennisEG|se me olvida que hablas espaÃ±ol lol
|c|âproprioception|:[
|
|move|p2a: Pinsir|Frustration|p1a: Clefable
|-damage|p1a: Clefable|0 fnt
|faint|p1a: Clefable
|
|-weather|Sandstorm|[upkeep]
|-damage|p2a: Pinsir|140\/271|[from] sandstorm
|
|switch|p1a: Mew|Mew|403\/403
|-damage|p1a: Mew|353\/403|[from] Stealth Rock
|turn|22
|c|âDennisEG|el draco miss
|
|move|p2a: Pinsir|Frustration|p1a: Mew
|-crit|p1a: Mew
|-damage|p1a: Mew|0 fnt
|faint|p1a: Mew
|
|-weather|none
|
|switch|p1a: Keldeo|Keldeo|138\/323
|-damage|p1a: Keldeo|118\/323|[from] Stealth Rock
|turn|23
|c|âDennisEG|spedef mew ?
|
|move|p2a: Pinsir|Quick Attack|p1a: Keldeo
|-supereffective|p1a: Keldeo
|-damage|p1a: Keldeo|0 fnt
|faint|p1a: Keldeo
|
|c|âproprioception|gg
|leave|proprioception
|player|p1
|c|âDennisEG|gg
|-message|Player 1 lost due to inactivity.
|
|win|DennisEG
|join|thunder n blazes