|join|proprioception
|join|DennisEG
|player|p1|proprioception|2
|player|p2|DennisEG|76
|gametype|singles
|gen|6
|tier|OU
|clearpoke
|poke|p1|Keldeo
|poke|p1|Landorus-Therian, M
|poke|p1|Mew
|poke|p1|Tyranitar, M
|poke|p1|Venusaur, M
|poke|p1|Clefable, M
|poke|p2|Landorus-Therian, M
|poke|p2|Rotom-Wash
|poke|p2|Ferrothorn, M
|poke|p2|Gengar, F, shiny
|poke|p2|Latios, M
|poke|p2|Charizard, M, shiny
|rule|Swagger Clause: Swagger is banned
|rule|Baton Pass Clause: Limit one PokÃ©mon knowing Baton Pass
|rule|Sleep Clause Mod: Limit one foe put to sleep
|rule|Species Clause: Limit one of each PokÃ©mon
|rule|OHKO Clause: OHKO moves are banned
|rule|Moody Clause: Moody is banned
|rule|Evasion Moves Clause: Evasion moves are banned
|rule|Endless Battle Clause: Forcing endless battles is banned
|rule|HP Percentage Mod: HP is shown in percentages
|teampreview
|
|start
|switch|p1a: Clefable|Clefable, M|394\/394
|switch|p2a: Cleaning Act|Rotom-Wash|301\/301
|turn|1
|
|move|p2a: Cleaning Act|Volt Switch|p1a: Clefable
|-damage|p1a: Clefable|319\/394
|
|switch|p2a: SMILE|Gengar, F, shiny|261\/261
|move|p1a: Clefable|Calm Mind|p1a: Clefable
|-boost|p1a: Clefable|spa|1
|-boost|p1a: Clefable|spd|1
|
|-heal|p1a: Clefable|343\/394|[from] item: Leftovers
|turn|2
|
|move|p2a: SMILE|Focus Blast|p1a: Clefable
|-resisted|p1a: Clefable
|-damage|p1a: Clefable|286\/394
|-damage|p2a: SMILE|235\/261|[from] item: Life Orb
|move|p1a: Clefable|Thunder Wave|p2a: SMILE
|-status|p2a: SMILE|par
|
|-heal|p1a: Clefable|310\/394|[from] item: Leftovers
|turn|3
|
|move|p1a: Clefable|Calm Mind|p1a: Clefable
|-boost|p1a: Clefable|spa|1
|-boost|p1a: Clefable|spd|1
|move|p2a: SMILE|Focus Blast|p1a: Clefable|[miss]
|-miss|p2a: SMILE|p1a: Clefable
|
|-heal|p1a: Clefable|334\/394|[from] item: Leftovers
|turn|4
|
|move|p1a: Clefable|Calm Mind|p1a: Clefable
|-boost|p1a: Clefable|spa|1
|-boost|p1a: Clefable|spd|1
|move|p2a: SMILE|Taunt|p1a: Clefable
|-start|p1a: Clefable|move: Taunt
|
|-heal|p1a: Clefable|358\/394|[from] item: Leftovers
|turn|5
|
|move|p1a: Clefable|Moonblast|p2a: SMILE
|-resisted|p2a: SMILE
|-damage|p2a: SMILE|53\/261 par
|cant|p2a: SMILE|par
|
|-heal|p1a: Clefable|382\/394|[from] item: Leftovers
|turn|6
|
|move|p1a: Clefable|Moonblast|p2a: SMILE
|-resisted|p2a: SMILE
|-damage|p2a: SMILE|0 fnt
|faint|p2a: SMILE
|
|-heal|p1a: Clefable|394\/394|[from] item: Leftovers
|
|switch|p2a: Charizard|Charizard, M, shiny|307\/307
|turn|7
|
|move|p2a: Charizard|Dragon Dance|p2a: Charizard
|-boost|p2a: Charizard|atk|1
|-boost|p2a: Charizard|spe|1
|move|p1a: Clefable|Moonblast|p2a: Charizard
|-resisted|p2a: Charizard
|-damage|p2a: Charizard|164\/307
|
|-end|p1a: Clefable|move: Taunt
|turn|8
|join|thunder n blazes
|
|switch|p1a: Tyranitar|Tyranitar, M|342\/342
|-weather|Sandstorm
|detailschange|p2a: Charizard|Charizard-Mega-X, M, shiny
|message|Charizard has Mega Evolved into Mega Charizard!
|move|p2a: Charizard|Flare Blitz|p1a: Tyranitar
|-resisted|p1a: Tyranitar
|-damage|p1a: Tyranitar|164\/342
|-damage|p2a: Charizard|105\/307|[from] recoil|[of] p1a: Tyranitar
|
|-weather|Sandstorm|[upkeep]
|-damage|p2a: Charizard|86\/307|[from] sandstorm
|turn|9
|c| thunder n blazes|.
|
|switch|p1a: Landorus-Therian|Landorus-Therian, M|375\/375
|-ability|p1a: Landorus-Therian|Intimidate|[of] p2a: Charizard
|-unboost|p2a: Charizard|atk|1
|move|p2a: Charizard|Dragon Claw|p1a: Landorus-Therian
|-damage|p1a: Landorus-Therian|231\/375
|
|-weather|Sandstorm|[upkeep]
|-damage|p2a: Charizard|67\/307|[from] sandstorm
|-heal|p1a: Landorus-Therian|254\/375|[from] item: Leftovers
|turn|10
|
|switch|p1a: Clefable|Clefable, M|394\/394
|move|p2a: Charizard|Flare Blitz|p1a: Clefable
|-crit|p1a: Clefable
|-damage|p1a: Clefable|0 fnt
|-damage|p2a: Charizard|0 fnt|[from] recoil|[of] p1a: Clefable
|faint|p1a: Clefable
|faint|p2a: Charizard
|
|-weather|Sandstorm|[upkeep]
|c| thunder n blazes|Bloo no es dominicano? algo asÃ­
|c|âDennisEG|de EspaÃ±a creo vdd?
|c|âproprioception|si
|
|switch|p1a: Mew|Mew|403\/403
|switch|p2a: Cleaning Act|Rotom-Wash|301\/301
|turn|11
|c| thunder n blazes|pensÃ© que conocÃ­a Rep.Dom
|
|move|p1a: Mew|Taunt|p2a: Cleaning Act
|-start|p2a: Cleaning Act|move: Taunt
|cant|p2a: Cleaning Act|move: Taunt|Will-O-Wisp
|
|-weather|Sandstorm|[upkeep]
|-damage|p1a: Mew|378\/403|[from] sandstorm
|-damage|p2a: Cleaning Act|283\/301|[from] sandstorm
|-heal|p1a: Mew|403\/403|[from] item: Leftovers
|turn|12
|
|move|p1a: Mew|Will-O-Wisp|p2a: Cleaning Act|[miss]
|-miss|p1a: Mew|p2a: Cleaning Act
|move|p2a: Cleaning Act|Volt Switch|p1a: Mew
|-damage|p1a: Mew|331\/403
|
|switch|p2a: Landorus-Therian|Landorus-Therian, M|325\/325
|-ability|p2a: Landorus-Therian|Intimidate|[of] p1a: Mew
|-unboost|p1a: Mew|atk|1
|
|-weather|none
|-heal|p1a: Mew|356\/403|[from] item: Leftovers
|turn|13
|
|move|p2a: Landorus-Therian|Knock Off|p1a: Mew
|-crit|p1a: Mew
|-supereffective|p1a: Mew
|-damage|p1a: Mew|0 fnt
|-enditem|p1a: Mew|Leftovers|[from] move: Knock Off|[of] p2a: Landorus-Therian
|faint|p1a: Mew
|
|c|âDennisEG|damn man
|
|switch|p1a: Keldeo|Keldeo|323\/323
|turn|14
|c|âDennisEG|deberas ese importo mucho
|c|âproprioception|ya
|
|switch|p2a: Cleaning Act|Rotom-Wash|283\/301
|switch|p1a: Tyranitar|Tyranitar, M|164\/342
|-weather|Sandstorm
|
|-weather|Sandstorm|[upkeep]
|-damage|p2a: Cleaning Act|265\/301|[from] sandstorm
|turn|15
|
|switch|p1a: Venusaur|Venusaur, M|351\/351
|move|p2a: Cleaning Act|Will-O-Wisp|p1a: Venusaur
|-status|p1a: Venusaur|brn
|
|-weather|Sandstorm|[upkeep]
|-damage|p1a: Venusaur|330\/351 brn|[from] sandstorm
|-damage|p2a: Cleaning Act|247\/301|[from] sandstorm
|-damage|p1a: Venusaur|287\/351 brn|[from] brn
|turn|16
|
|switch|p2a: Latios|Latios, M|301\/301
|detailschange|p1a: Venusaur|Venusaur-Mega, M
|message|Venusaur has Mega Evolved into Mega Venusaur!
|move|p1a: Venusaur|Sludge Bomb|p2a: Latios
|-damage|p2a: Latios|148\/301
|
|-weather|Sandstorm|[upkeep]
|-damage|p2a: Latios|130\/301|[from] sandstorm
|-damage|p1a: Venusaur|266\/351 brn|[from] sandstorm
|-damage|p1a: Venusaur|223\/351 brn|[from] brn
|turn|17
|
|switch|p1a: Keldeo|Keldeo|323\/323
|move|p2a: Latios|Draco Meteor|p1a: Keldeo
|-damage|p1a: Keldeo|0 fnt
|-unboost|p2a: Latios|spa|2
|-damage|p2a: Latios|100\/301|[from] item: Life Orb
|faint|p1a: Keldeo
|
|-weather|Sandstorm|[upkeep]
|-damage|p2a: Latios|82\/301|[from] sandstorm
|
|switch|p1a: Tyranitar|Tyranitar, M|164\/342
|turn|18
|
|move|p1a: Tyranitar|Pursuit|p2a: Latios
|-supereffective|p2a: Latios
|-damage|p2a: Latios|0 fnt
|faint|p2a: Latios
|
|-weather|none
|
|switch|p2a: Landorus-Therian|Landorus-Therian, M|325\/325
|-ability|p2a: Landorus-Therian|Intimidate|[of] p1a: Tyranitar
|-unboost|p1a: Tyranitar|atk|1
|turn|19
|
|move|p2a: Landorus-Therian|U-turn|p1a: Tyranitar
|-supereffective|p1a: Tyranitar
|-damage|p1a: Tyranitar|4\/342
|
|move|p1a: Tyranitar|Pursuit|p2a: Landorus-Therian|[from]Pursuit
|-damage|p2a: Landorus-Therian|213\/325
|switch|p2a: ACNE|Ferrothorn, M|351\/351
|
|turn|20
|
|move|p1a: Tyranitar|Pursuit|p2a: ACNE
|-damage|p2a: ACNE|315\/351
|-damage|p1a: Tyranitar|0 fnt|[from] ability: Iron Barbs|[of] p2a: ACNE
|faint|p1a: Tyranitar
|move|p2a: ACNE|Stealth Rock|p1: Tyranitar
|-sidestart|p1: proprioception|move: Stealth Rock
|
|-heal|p2a: ACNE|336\/351|[from] item: Leftovers
|
|switch|p1a: Venusaur|Venusaur-Mega, M|223\/351 brn
|-damage|p1a: Venusaur|180\/351 brn|[from] Stealth Rock
|turn|21
|
|move|p1a: Venusaur|Synthesis|p1a: Venusaur
|-heal|p1a: Venusaur|351\/351 brn
|move|p2a: ACNE|Gyro Ball|p1a: Venusaur
|-damage|p1a: Venusaur|221\/351 brn
|
|-heal|p2a: ACNE|351\/351|[from] item: Leftovers
|-damage|p1a: Venusaur|178\/351 brn|[from] brn
|turn|22
|
|move|p1a: Venusaur|Synthesis|p1a: Venusaur
|-heal|p1a: Venusaur|351\/351 brn
|move|p2a: ACNE|Gyro Ball|p1a: Venusaur
|-damage|p1a: Venusaur|231\/351 brn
|
|-damage|p1a: Venusaur|188\/351 brn|[from] brn
|turn|23
|
|move|p1a: Venusaur|Hidden Power|p2a: ACNE
|-supereffective|p2a: ACNE
|-damage|p2a: ACNE|151\/351
|move|p2a: ACNE|Gyro Ball|p1a: Venusaur
|-damage|p1a: Venusaur|58\/351 brn
|
|-heal|p2a: ACNE|172\/351|[from] item: Leftovers
|-damage|p1a: Venusaur|15\/351 brn|[from] brn
|turn|24
|
|move|p1a: Venusaur|Synthesis|p1a: Venusaur
|-heal|p1a: Venusaur|190\/351 brn
|move|p2a: ACNE|Gyro Ball|p1a: Venusaur
|-damage|p1a: Venusaur|63\/351 brn
|
|-heal|p2a: ACNE|193\/351|[from] item: Leftovers
|-damage|p1a: Venusaur|20\/351 brn|[from] brn
|turn|25
|
|move|p1a: Venusaur|Synthesis|p1a: Venusaur
|-heal|p1a: Venusaur|195\/351 brn
|move|p2a: ACNE|Gyro Ball|p1a: Venusaur
|-damage|p1a: Venusaur|84\/351 brn
|
|-heal|p2a: ACNE|214\/351|[from] item: Leftovers
|-damage|p1a: Venusaur|41\/351 brn|[from] brn
|turn|26
|
|move|p1a: Venusaur|Synthesis|p1a: Venusaur
|-heal|p1a: Venusaur|216\/351 brn
|move|p2a: ACNE|Gyro Ball|p1a: Venusaur
|-damage|p1a: Venusaur|101\/351 brn
|
|-heal|p2a: ACNE|235\/351|[from] item: Leftovers
|-damage|p1a: Venusaur|58\/351 brn|[from] brn
|turn|27
|
|move|p1a: Venusaur|Synthesis|p1a: Venusaur
|-heal|p1a: Venusaur|233\/351 brn
|move|p2a: ACNE|Gyro Ball|p1a: Venusaur
|-damage|p1a: Venusaur|119\/351 brn
|
|-heal|p2a: ACNE|256\/351|[from] item: Leftovers
|-damage|p1a: Venusaur|76\/351 brn|[from] brn
|turn|28
|
|move|p1a: Venusaur|Synthesis|p1a: Venusaur
|-heal|p1a: Venusaur|251\/351 brn
|move|p2a: ACNE|Gyro Ball|p1a: Venusaur
|-damage|p1a: Venusaur|131\/351 brn
|
|-heal|p2a: ACNE|277\/351|[from] item: Leftovers
|-damage|p1a: Venusaur|88\/351 brn|[from] brn
|turn|29
|
|move|p1a: Venusaur|Giga Drain|p2a: ACNE
|-resisted|p2a: ACNE
|-damage|p2a: ACNE|251\/351
|-heal|p1a: Venusaur|101\/351 brn|[from] drain|[of] p2a: ACNE
|move|p2a: ACNE|Leech Seed|p1a: Venusaur
|-immune|p1a: Venusaur|[msg]
|
|-heal|p2a: ACNE|272\/351|[from] item: Leftovers
|-damage|p1a: Venusaur|58\/351 brn|[from] brn
|turn|30
|
|move|p1a: Venusaur|Giga Drain|p2a: ACNE
|-resisted|p2a: ACNE
|-damage|p2a: ACNE|250\/351
|-heal|p1a: Venusaur|69\/351 brn|[from] drain|[of] p2a: ACNE
|move|p2a: ACNE|Leech Seed|p1a: Venusaur
|-immune|p1a: Venusaur|[msg]
|
|-heal|p2a: ACNE|271\/351|[from] item: Leftovers
|-damage|p1a: Venusaur|26\/351 brn|[from] brn
|turn|31
|
|move|p1a: Venusaur|Synthesis|p1a: Venusaur
|-heal|p1a: Venusaur|201\/351 brn
|move|p2a: ACNE|Leech Seed|p1a: Venusaur
|-immune|p1a: Venusaur|[msg]
|
|-heal|p2a: ACNE|292\/351|[from] item: Leftovers
|-damage|p1a: Venusaur|158\/351 brn|[from] brn
|turn|32
|
|move|p2a: ACNE|Protect|p2a: ACNE
|-singleturn|p2a: ACNE|Protect
|move|p1a: Venusaur|Hidden Power|p2a: ACNE
|-activate|p2a: ACNE|Protect
|
|-heal|p2a: ACNE|313\/351|[from] item: Leftovers
|-damage|p1a: Venusaur|115\/351 brn|[from] brn
|turn|33
|
|move|p1a: Venusaur|Hidden Power|p2a: ACNE
|-supereffective|p2a: ACNE
|-damage|p2a: ACNE|93\/351
|move|p2a: ACNE|Leech Seed|p1a: Venusaur
|-immune|p1a: Venusaur|[msg]
|
|-heal|p2a: ACNE|114\/351|[from] item: Leftovers
|-damage|p1a: Venusaur|72\/351 brn|[from] brn
|turn|34
|
|move|p1a: Venusaur|Hidden Power|p2a: ACNE
|-supereffective|p2a: ACNE
|-damage|p2a: ACNE|0 fnt
|faint|p2a: ACNE
|
|-damage|p1a: Venusaur|29\/351 brn|[from] brn
|
|switch|p2a: Landorus-Therian|Landorus-Therian, M|213\/325
|-ability|p2a: Landorus-Therian|Intimidate|[of] p1a: Venusaur
|-unboost|p1a: Venusaur|atk|1
|turn|35
|
|move|p2a: Landorus-Therian|U-turn|p1a: Venusaur
|-damage|p1a: Venusaur|0 fnt
|faint|p1a: Venusaur
|
|switch|p2a: Cleaning Act|Rotom-Wash|247\/301
|
|
|switch|p1a: Landorus-Therian|Landorus-Therian, M|254\/375
|-damage|p1a: Landorus-Therian|208\/375|[from] Stealth Rock
|-ability|p1a: Landorus-Therian|Intimidate|[of] p2a: Cleaning Act
|-unboost|p2a: Cleaning Act|atk|1
|turn|36
|c|âDennisEG|lastima la hax viejo
|
|move|p1a: Landorus-Therian|Stone Edge|p2a: Cleaning Act
|-damage|p2a: Cleaning Act|173\/301
|move|p2a: Cleaning Act|Hydro Pump|p1a: Landorus-Therian
|-supereffective|p1a: Landorus-Therian
|-damage|p1a: Landorus-Therian|0 fnt
|faint|p1a: Landorus-Therian
|
|win|DennisEG
|leave|proprioception
|player|p1