|join|DennisEG
|join|Shiny Relicanth
|player|p1|DennisEG|1
|player|p2|Shiny Relicanth|25
|gametype|singles
|gen|6
|tier|OU
|rated
|clearpoke
|poke|p1|Kyurem-Black
|poke|p1|Scizor, F
|poke|p1|Azumarill, F
|poke|p1|Landorus-Therian, M
|poke|p1|Infernape, M
|poke|p1|Rotom-Wash
|poke|p2|Keldeo
|poke|p2|Skarmory, F
|poke|p2|Conkeldurr, F
|poke|p2|Chansey, F
|poke|p2|Bisharp, F
|poke|p2|Slowbro, M
|rule|Swagger Clause: Swagger is banned
|rule|Baton Pass Clause: Limit one PokÃ©mon knowing Baton Pass
|rule|Sleep Clause Mod: Limit one foe put to sleep
|rule|Species Clause: Limit one of each PokÃ©mon
|rule|OHKO Clause: OHKO moves are banned
|rule|Moody Clause: Moody is banned
|rule|Evasion Moves Clause: Evasion moves are banned
|rule|Endless Battle Clause: Forcing endless battles is banned
|rule|HP Percentage Mod: HP is shown in percentages
|teampreview
|
|start
|switch|p1a: Kyurem-Black|Kyurem-Black|405\/405
|switch|p2a: Chansey|Chansey, F|704\/704
|-ability|p1a: Kyurem-Black|Teravolt
|turn|1
|
|move|p1a: Kyurem-Black|Substitute|p1a: Kyurem-Black
|-start|p1a: Kyurem-Black|Substitute
|-damage|p1a: Kyurem-Black|304\/405
|move|p2a: Chansey|Thunder Wave|p1a: Kyurem-Black
|
|-heal|p1a: Kyurem-Black|329\/405|[from] item: Leftovers
|turn|2
|
|move|p1a: Kyurem-Black|Fusion Bolt|p2a: Chansey
|-damage|p2a: Chansey|552\/704
|move|p2a: Chansey|Seismic Toss|p1a: Kyurem-Black
|-activate|p1a: Kyurem-Black|Substitute|[damage]
|
|-heal|p1a: Kyurem-Black|354\/405|[from] item: Leftovers
|turn|3
|
|move|p1a: Kyurem-Black|Fusion Bolt|p2a: Chansey
|-damage|p2a: Chansey|382\/704
|move|p2a: Chansey|Soft-Boiled|p2a: Chansey
|-heal|p2a: Chansey|704\/704
|
|-heal|p1a: Kyurem-Black|379\/405|[from] item: Leftovers
|turn|4
|
|move|p1a: Kyurem-Black|Earth Power|p2a: Chansey
|-damage|p2a: Chansey|638\/704
|move|p2a: Chansey|Seismic Toss|p1a: Kyurem-Black
|-end|p1a: Kyurem-Black|Substitute
|
|-heal|p1a: Kyurem-Black|404\/405|[from] item: Leftovers
|turn|5
|
|switch|p1a: Rotom-Wash|Rotom-Wash|241\/241
|move|p2a: Chansey|Seismic Toss|p1a: Rotom-Wash
|-damage|p1a: Rotom-Wash|141\/241
|
|turn|6
|
|switch|p2a: Slowbro|Slowbro, M|394\/394
|move|p1a: Rotom-Wash|Trick|p2a: Slowbro
|-fail|p2a: Slowbro
|
|turn|7
|
|switch|p1a: Scizor|Scizor, F|333\/333
|detailschange|p2a: Slowbro|Slowbro-Mega, M
|-mega|p2a: Slowbro|Slowbro|Slowbronite
|move|p2a: Slowbro|Calm Mind|p2a: Slowbro
|-boost|p2a: Slowbro|spa|1
|-boost|p2a: Slowbro|spd|1
|
|turn|8
|
|detailschange|p1a: Scizor|Scizor-Mega, F
|-mega|p1a: Scizor|Scizor|Scizorite
|move|p1a: Scizor|U-turn|p2a: Slowbro
|-supereffective|p2a: Slowbro
|-damage|p2a: Slowbro|232\/394
|
|switch|p1a: Rotom-Wash|Rotom-Wash|141\/241
|move|p2a: Slowbro|Slack Off|p2a: Slowbro
|-heal|p2a: Slowbro|394\/394
|
|turn|9
|
|move|p1a: Rotom-Wash|Thunderbolt|p2a: Slowbro
|-supereffective|p2a: Slowbro
|-damage|p2a: Slowbro|224\/394
|move|p2a: Slowbro|Calm Mind|p2a: Slowbro
|-boost|p2a: Slowbro|spa|1
|-boost|p2a: Slowbro|spd|1
|
|turn|10
|
|move|p1a: Rotom-Wash|Thunderbolt|p2a: Slowbro
|-supereffective|p2a: Slowbro
|-damage|p2a: Slowbro|98\/394
|move|p2a: Slowbro|Slack Off|p2a: Slowbro
|-heal|p2a: Slowbro|295\/394
|
|turn|11
|
|move|p1a: Rotom-Wash|Thunderbolt|p2a: Slowbro
|-supereffective|p2a: Slowbro
|-damage|p2a: Slowbro|179\/394
|move|p2a: Slowbro|Slack Off|p2a: Slowbro
|-heal|p2a: Slowbro|376\/394
|
|turn|12
|
|switch|p1a: Kyurem-Black|Kyurem-Black|404\/405
|-ability|p1a: Kyurem-Black|Teravolt
|move|p2a: Slowbro|Calm Mind|p2a: Slowbro
|-boost|p2a: Slowbro|spa|1
|-boost|p2a: Slowbro|spd|1
|
|-heal|p1a: Kyurem-Black|405\/405|[from] item: Leftovers
|turn|13
|
|move|p1a: Kyurem-Black|Substitute|p1a: Kyurem-Black
|-start|p1a: Kyurem-Black|Substitute
|-damage|p1a: Kyurem-Black|304\/405
|move|p2a: Slowbro|Psyshock|p1a: Kyurem-Black
|-end|p1a: Kyurem-Black|Substitute
|
|-heal|p1a: Kyurem-Black|329\/405|[from] item: Leftovers
|turn|14
|
|move|p1a: Kyurem-Black|Fusion Bolt|p2a: Slowbro
|-supereffective|p2a: Slowbro
|-damage|p2a: Slowbro|230\/394
|move|p2a: Slowbro|Psyshock|p1a: Kyurem-Black
|-damage|p1a: Kyurem-Black|0 fnt
|faint|p1a: Kyurem-Black
|
|
|switch|p1a: Scizor|Scizor-Mega, F|333\/333
|turn|15
|
|move|p1a: Scizor|U-turn|p2a: Slowbro
|-supereffective|p2a: Slowbro
|-damage|p2a: Slowbro|72\/394
|
|switch|p1a: Landorus-Therian|Landorus-Therian, M|319\/319
|-ability|p1a: Landorus-Therian|Intimidate|[of] p2a: Slowbro
|-unboost|p2a: Slowbro|atk|1
|move|p2a: Slowbro|Slack Off|p2a: Slowbro
|-heal|p2a: Slowbro|269\/394
|
|turn|16
|
|move|p1a: Landorus-Therian|U-turn|p2a: Slowbro
|-supereffective|p2a: Slowbro
|-damage|p2a: Slowbro|177\/394
|
|switch|p1a: Scizor|Scizor-Mega, F|333\/333
|move|p2a: Slowbro|Slack Off|p2a: Slowbro
|-heal|p2a: Slowbro|374\/394
|
|turn|17
|
|move|p1a: Scizor|U-turn|p2a: Slowbro
|-supereffective|p2a: Slowbro
|-damage|p2a: Slowbro|192\/394
|
|switch|p1a: Rotom-Wash|Rotom-Wash|141\/241
|move|p2a: Slowbro|Slack Off|p2a: Slowbro
|-heal|p2a: Slowbro|389\/394
|
|turn|18
|
|move|p1a: Rotom-Wash|Volt Switch|p2a: Slowbro
|-supereffective|p2a: Slowbro
|-damage|p2a: Slowbro|303\/394
|
|switch|p1a: Scizor|Scizor-Mega, F|333\/333
|move|p2a: Slowbro|Calm Mind|p2a: Slowbro
|-boost|p2a: Slowbro|spa|1
|-boost|p2a: Slowbro|spd|1
|
|turn|19
|
|move|p1a: Scizor|U-turn|p2a: Slowbro
|-supereffective|p2a: Slowbro
|-damage|p2a: Slowbro|135\/394
|
|switch|p1a: Landorus-Therian|Landorus-Therian, M|319\/319
|-ability|p1a: Landorus-Therian|Intimidate|[of] p2a: Slowbro
|-unboost|p2a: Slowbro|atk|1
|move|p2a: Slowbro|Slack Off|p2a: Slowbro
|-heal|p2a: Slowbro|332\/394
|
|turn|20
|
|move|p1a: Landorus-Therian|U-turn|p2a: Slowbro
|-supereffective|p2a: Slowbro
|-damage|p2a: Slowbro|230\/394
|
|switch|p1a: Rotom-Wash|Rotom-Wash|141\/241
|move|p2a: Slowbro|Slack Off|p2a: Slowbro
|-heal|p2a: Slowbro|394\/394
|
|turn|21
|
|move|p1a: Rotom-Wash|Volt Switch|p2a: Slowbro
|-supereffective|p2a: Slowbro
|-damage|p2a: Slowbro|322\/394
|
|switch|p1a: Infernape|Infernape, M|293\/293
|move|p2a: Slowbro|Calm Mind|p2a: Slowbro
|-boost|p2a: Slowbro|spa|1
|-boost|p2a: Slowbro|spd|1
|
|turn|22
|
|move|p1a: Infernape|U-turn|p2a: Slowbro
|-supereffective|p2a: Slowbro
|-damage|p2a: Slowbro|254\/394
|
|switch|p1a: Rotom-Wash|Rotom-Wash|141\/241
|move|p2a: Slowbro|Slack Off|p2a: Slowbro
|-heal|p2a: Slowbro|394\/394
|
|turn|23
|
|move|p1a: Rotom-Wash|Volt Switch|p2a: Slowbro
|-supereffective|p2a: Slowbro
|-damage|p2a: Slowbro|340\/394
|
|switch|p1a: Infernape|Infernape, M|293\/293
|move|p2a: Slowbro|Calm Mind|p2a: Slowbro
|-boost|p2a: Slowbro|spa|1
|-boost|p2a: Slowbro|spd|1
|
|turn|24
|
|move|p1a: Infernape|U-turn|p2a: Slowbro
|-supereffective|p2a: Slowbro
|-damage|p2a: Slowbro|270\/394
|
|switch|p1a: Rotom-Wash|Rotom-Wash|141\/241
|move|p2a: Slowbro|Slack Off|p2a: Slowbro
|-heal|p2a: Slowbro|394\/394
|
|turn|25
|
|move|p1a: Rotom-Wash|Volt Switch|p2a: Slowbro
|-supereffective|p2a: Slowbro
|-damage|p2a: Slowbro|340\/394
|
|switch|p1a: Landorus-Therian|Landorus-Therian, M|319\/319
|-ability|p1a: Landorus-Therian|Intimidate|[of] p2a: Slowbro
|-unboost|p2a: Slowbro|atk|1
|move|p2a: Slowbro|Scald|p1a: Landorus-Therian
|-supereffective|p1a: Landorus-Therian
|-damage|p1a: Landorus-Therian|0 fnt
|faint|p1a: Landorus-Therian
|
|
|switch|p1a: Scizor|Scizor-Mega, F|333\/333
|turn|26
|
|move|p1a: Scizor|U-turn|p2a: Slowbro
|-supereffective|p2a: Slowbro
|-damage|p2a: Slowbro|164\/394
|
|switch|p1a: Azumarill|Azumarill, F|401\/401
|move|p2a: Slowbro|Slack Off|p2a: Slowbro
|-heal|p2a: Slowbro|361\/394
|
|turn|27
|
|move|p1a: Azumarill|Play Rough|p2a: Slowbro
|-damage|p2a: Slowbro|256\/394
|move|p2a: Slowbro|Psyshock|p1a: Azumarill
|-damage|p1a: Azumarill|0 fnt
|faint|p1a: Azumarill
|
|
|switch|p1a: Scizor|Scizor-Mega, F|333\/333
|turn|28
|
|move|p1a: Scizor|U-turn|p2a: Slowbro
|-supereffective|p2a: Slowbro
|-damage|p2a: Slowbro|80\/394
|-message|DennisEG forfeited.
|
|switch|p1a: Infernape|Infernape, M|293\/293
|move|p2a: Slowbro|Slack Off|p2a: Slowbro
|-heal|p2a: Slowbro|277\/394
|
|turn|29
|leave|DennisEG
|
|win|Shiny Relicanth
|raw|Ladder updating...
|player|p1
|raw|DennisEG's rating: 1678 &rarr; <strong>1656<\/strong><br \/>(-22 for losing)
|raw|Shiny Relicanth's rating: 1641 &rarr; <strong>1663<\/strong><br \/>(+22 for winning)