|join|la cucaracha sexy
|join|DennisEG
|player|p1|la cucaracha sexy|246
|player|p2|DennisEG|76
|gametype|singles
|gen|6
|tier|OU
|clearpoke
|poke|p1|Charizard, M
|poke|p1|Tyranitar, M
|poke|p1|Landorus, M
|poke|p1|Slowbro, M
|poke|p1|Latios, M
|poke|p1|Ferrothorn, F
|poke|p2|Tyranitar, F
|poke|p2|Slowbro, F
|poke|p2|Landorus-Therian, M
|poke|p2|Gengar, M
|poke|p2|Keldeo-Resolute
|poke|p2|Ferrothorn, M
|rule|Swagger Clause: Swagger is banned
|rule|Baton Pass Clause: Limit one PokÃ©mon knowing Baton Pass
|rule|Sleep Clause Mod: Limit one foe put to sleep
|rule|Species Clause: Limit one of each PokÃ©mon
|rule|OHKO Clause: OHKO moves are banned
|rule|Moody Clause: Moody is banned
|rule|Evasion Moves Clause: Evasion moves are banned
|rule|Endless Battle Clause: Forcing endless battles is banned
|rule|HP Percentage Mod: HP is shown in percentages
|teampreview
|c|âla cucaracha sexy|lag test
|join|Ren-chon
|c|âla cucaracha sexy|if i disconnect
|c|âla cucaracha sexy|dont turn the timer on plz
|c|âDennisEG|ok
|
|start
|switch|p1a: Charizard|Charizard, M|351\/351
|switch|p2a: Keldeo-Resolute|Keldeo-Resolute|323\/323
|turn|1
|
|detailschange|p1a: Charizard|Charizard-Mega-X, M
|message|Charizard has Mega Evolved into Mega Charizard!
|move|p2a: Keldeo-Resolute|Hydro Pump|p1a: Charizard|[miss]
|-miss|p2a: Keldeo-Resolute|p1a: Charizard
|move|p1a: Charizard|Roost|p1a: Charizard
|-fail|p1a: Charizard
|
|turn|2
|
|switch|p1a: Ferrothorn|Ferrothorn, F|352\/352
|move|p2a: Keldeo-Resolute|Hydro Pump|p1a: Ferrothorn|[miss]
|-miss|p2a: Keldeo-Resolute|p1a: Ferrothorn
|
|turn|3
|
|switch|p2a: Ferrothorn|Ferrothorn, M|351\/351
|move|p1a: Ferrothorn|Stealth Rock|p2a: Ferrothorn
|-sidestart|p2: DennisEG|move: Stealth Rock
|
|turn|4
|
|switch|p1a: Charizard|Charizard-Mega-X, M|351\/351
|move|p2a: Ferrothorn|Stealth Rock|p1a: Charizard
|-sidestart|p1: la cucaracha sexy|move: Stealth Rock
|
|turn|5
|
|switch|p2a: Slowbro|Slowbro, F|393\/393
|-damage|p2a: Slowbro|344\/393|[from] Stealth Rock
|move|p1a: Charizard|Will-O-Wisp|p2a: Slowbro
|-status|p2a: Slowbro|brn
|
|-heal|p2a: Slowbro|368\/393 brn|[from] item: Leftovers
|-damage|p2a: Slowbro|319\/393 brn|[from] brn
|turn|6
|
|switch|p1a: Ferrothorn|Ferrothorn, F|352\/352
|-damage|p1a: Ferrothorn|330\/352|[from] Stealth Rock
|move|p2a: Slowbro|Scald|p1a: Ferrothorn
|-resisted|p1a: Ferrothorn
|-damage|p1a: Ferrothorn|298\/352
|
|-heal|p2a: Slowbro|343\/393 brn|[from] item: Leftovers
|-heal|p1a: Ferrothorn|320\/352|[from] item: Leftovers
|-damage|p2a: Slowbro|294\/393 brn|[from] brn
|turn|7
|
|switch|p1a: Tyranitar|Tyranitar, M|342\/342
|-damage|p1a: Tyranitar|300\/342|[from] Stealth Rock
|-weather|Sandstorm
|move|p2a: Slowbro|Scald|p1a: Tyranitar
|-crit|p1a: Tyranitar
|-supereffective|p1a: Tyranitar
|-damage|p1a: Tyranitar|94\/342
|-status|p1a: Tyranitar|brn
|
|-weather|Sandstorm|[upkeep]
|-damage|p2a: Slowbro|270\/393 brn|[from] sandstorm
|-heal|p2a: Slowbro|294\/393 brn|[from] item: Leftovers
|-damage|p1a: Tyranitar|52\/342 brn|[from] brn
|-damage|p2a: Slowbro|245\/393 brn|[from] brn
|turn|8
|c|âla cucaracha sexy|well well well
|
|switch|p2a: Ferrothorn|Ferrothorn, M|351\/351
|-damage|p2a: Ferrothorn|330\/351|[from] Stealth Rock
|move|p1a: Tyranitar|Crunch|p2a: Ferrothorn
|-damage|p2a: Ferrothorn|278\/351
|-damage|p1a: Tyranitar|10\/342 brn|[from] ability: Iron Barbs|[of] p2a: Ferrothorn
|
|-weather|Sandstorm|[upkeep]
|-damage|p1a: Tyranitar|0 fnt|[from] brn
|faint|p1a: Tyranitar
|c|âDennisEG|yeah dat sucks
|
|switch|p1a: Landorus|Landorus, M|319\/319
|-damage|p1a: Landorus|280\/319|[from] Stealth Rock
|turn|9
|
|move|p1a: Landorus|Focus Blast|p2a: Ferrothorn
|-supereffective|p2a: Ferrothorn
|-damage|p2a: Ferrothorn|0 fnt
|faint|p2a: Ferrothorn
|
|-weather|Sandstorm|[upkeep]
|
|switch|p2a: Keldeo-Resolute|Keldeo-Resolute|323\/323
|-damage|p2a: Keldeo-Resolute|303\/323|[from] Stealth Rock
|turn|10
|
|switch|p1a: Slowbro|Slowbro, M|393\/393
|-damage|p1a: Slowbro|344\/393|[from] Stealth Rock
|move|p2a: Keldeo-Resolute|Scald|p1a: Slowbro
|-resisted|p1a: Slowbro
|-damage|p1a: Slowbro|212\/393
|-status|p1a: Slowbro|brn
|
|-weather|Sandstorm|[upkeep]
|-damage|p2a: Keldeo-Resolute|283\/323|[from] sandstorm
|-damage|p1a: Slowbro|188\/393 brn|[from] sandstorm
|-heal|p1a: Slowbro|212\/393 brn|[from] item: Leftovers
|-damage|p1a: Slowbro|163\/393 brn|[from] brn
|turn|11
|
|switch|p2a: Slowbro|Slowbro, F|376\/393 brn
|-damage|p2a: Slowbro|327\/393 brn|[from] Stealth Rock
|move|p1a: Slowbro|Thunder Wave|p2a: Slowbro
|-fail|p2a: Slowbro
|
|-weather|none
|-heal|p1a: Slowbro|187\/393 brn|[from] item: Leftovers
|-heal|p2a: Slowbro|351\/393 brn|[from] item: Leftovers
|-damage|p1a: Slowbro|138\/393 brn|[from] brn
|-damage|p2a: Slowbro|302\/393 brn|[from] brn
|turn|12
|
|move|p2a: Slowbro|Grass Knot|p1a: Slowbro
|-supereffective|p1a: Slowbro
|-damage|p1a: Slowbro|0 fnt
|faint|p1a: Slowbro
|
|-heal|p2a: Slowbro|326\/393 brn|[from] item: Leftovers
|-damage|p2a: Slowbro|277\/393 brn|[from] brn
|
|switch|p1a: Landorus|Landorus, M|280\/319
|-damage|p1a: Landorus|241\/319|[from] Stealth Rock
|turn|13
|
|move|p1a: Landorus|Calm Mind|p1a: Landorus
|-boost|p1a: Landorus|spa|1
|-boost|p1a: Landorus|spd|1
|move|p2a: Slowbro|Scald|p1a: Landorus
|-supereffective|p1a: Landorus
|-damage|p1a: Landorus|101\/319
|-status|p1a: Landorus|brn
|
|-heal|p2a: Slowbro|301\/393 brn|[from] item: Leftovers
|-damage|p1a: Landorus|62\/319 brn|[from] brn
|-damage|p2a: Slowbro|252\/393 brn|[from] brn
|turn|14
|
|switch|p2a: Landorus-Therian|Landorus-Therian, M|325\/325
|-damage|p2a: Landorus-Therian|285\/325|[from] Stealth Rock
|-ability|p2a: Landorus-Therian|Intimidate|[of] p1a: Landorus
|-unboost|p1a: Landorus|atk|1
|move|p1a: Landorus|Psychic|p2a: Landorus-Therian
|-damage|p2a: Landorus-Therian|0 fnt
|faint|p2a: Landorus-Therian
|
|-damage|p1a: Landorus|23\/319 brn|[from] brn
|
|switch|p2a: Gengar|Gengar, M|261\/261
|-damage|p2a: Gengar|229\/261|[from] Stealth Rock
|turn|15
|
|move|p2a: Gengar|Shadow Ball|p1a: Landorus
|-damage|p1a: Landorus|0 fnt
|-damage|p2a: Gengar|203\/261|[from] item: Life Orb
|faint|p1a: Landorus
|
|
|switch|p1a: Ferrothorn|Ferrothorn, F|320\/352
|-damage|p1a: Ferrothorn|298\/352|[from] Stealth Rock
|turn|16
|
|switch|p2a: Keldeo-Resolute|Keldeo-Resolute|283\/323
|-damage|p2a: Keldeo-Resolute|263\/323|[from] Stealth Rock
|move|p1a: Ferrothorn|Gyro Ball|p2a: Keldeo-Resolute
|-resisted|p2a: Keldeo-Resolute
|-damage|p2a: Keldeo-Resolute|174\/323
|
|-heal|p1a: Ferrothorn|320\/352|[from] item: Leftovers
|turn|17
|
|move|p1a: Ferrothorn|Protect|p1a: Ferrothorn
|-singleturn|p1a: Ferrothorn|Protect
|move|p2a: Keldeo-Resolute|Secret Sword|p1a: Ferrothorn
|-activate|p1a: Ferrothorn|Protect
|
|-heal|p1a: Ferrothorn|342\/352|[from] item: Leftovers
|turn|18
|
|switch|p1a: Latios|Latios, M|302\/302
|-damage|p1a: Latios|265\/302|[from] Stealth Rock
|move|p2a: Keldeo-Resolute|Secret Sword|p1a: Latios
|-resisted|p1a: Latios
|-damage|p1a: Latios|138\/302
|
|turn|19
|
|switch|p1a: Ferrothorn|Ferrothorn, F|342\/352
|-damage|p1a: Ferrothorn|320\/352|[from] Stealth Rock
|switch|p2a: Tyranitar|Tyranitar, F|341\/341
|-damage|p2a: Tyranitar|299\/341|[from] Stealth Rock
|-weather|Sandstorm
|
|-weather|Sandstorm|[upkeep]
|-heal|p1a: Ferrothorn|342\/352|[from] item: Leftovers
|turn|20
|
|switch|p2a: Slowbro|Slowbro, F|383\/393 brn
|-damage|p2a: Slowbro|334\/393 brn|[from] Stealth Rock
|move|p1a: Ferrothorn|Gyro Ball|p2a: Slowbro
|-resisted|p2a: Slowbro
|-damage|p2a: Slowbro|311\/393 brn
|
|-weather|Sandstorm|[upkeep]
|-damage|p2a: Slowbro|287\/393 brn|[from] sandstorm
|-heal|p2a: Slowbro|311\/393 brn|[from] item: Leftovers
|-heal|p1a: Ferrothorn|352\/352|[from] item: Leftovers
|-damage|p2a: Slowbro|262\/393 brn|[from] brn
|turn|21
|
|move|p2a: Slowbro|Scald|p1a: Ferrothorn
|-resisted|p1a: Ferrothorn
|-damage|p1a: Ferrothorn|316\/352
|move|p1a: Ferrothorn|Leech Seed|p2a: Slowbro
|-start|p2a: Slowbro|move: Leech Seed
|
|-weather|Sandstorm|[upkeep]
|-damage|p2a: Slowbro|238\/393 brn|[from] sandstorm
|-heal|p2a: Slowbro|262\/393 brn|[from] item: Leftovers
|-heal|p1a: Ferrothorn|338\/352|[from] item: Leftovers
|-damage|p2a: Slowbro|213\/393 brn|[from] Leech Seed|[of] p1a: Ferrothorn
|-heal|p1a: Ferrothorn|352\/352|[silent]
|-damage|p2a: Slowbro|164\/393 brn|[from] brn
|turn|22
|
|switch|p2a: Keldeo-Resolute|Keldeo-Resolute|174\/323
|-damage|p2a: Keldeo-Resolute|154\/323|[from] Stealth Rock
|move|p1a: Ferrothorn|Leech Seed|p2a: Keldeo-Resolute
|-start|p2a: Keldeo-Resolute|move: Leech Seed
|
|-weather|Sandstorm|[upkeep]
|-damage|p2a: Keldeo-Resolute|134\/323|[from] sandstorm
|-damage|p2a: Keldeo-Resolute|94\/323|[from] Leech Seed|[of] p1a: Ferrothorn
|turn|23
|
|move|p2a: Keldeo-Resolute|Secret Sword|p1a: Ferrothorn
|-supereffective|p1a: Ferrothorn
|-damage|p1a: Ferrothorn|0 fnt
|faint|p1a: Ferrothorn
|
|-weather|none
|
|switch|p1a: Charizard|Charizard-Mega-X, M|351\/351
|-damage|p1a: Charizard|264\/351|[from] Stealth Rock
|turn|24
|
|move|p2a: Keldeo-Resolute|Secret Sword|p1a: Charizard
|-damage|p1a: Charizard|50\/351
|move|p1a: Charizard|Flare Blitz|p2a: Keldeo-Resolute
|-resisted|p2a: Keldeo-Resolute
|-damage|p2a: Keldeo-Resolute|0 fnt
|-damage|p1a: Charizard|19\/351|[from] recoil|[of] p2a: Keldeo-Resolute
|faint|p2a: Keldeo-Resolute
|
|c|âla cucaracha sexy|ah damn
|
|switch|p2a: Gengar|Gengar, M|203\/261
|-damage|p2a: Gengar|171\/261|[from] Stealth Rock
|turn|25
|leave|la cucaracha sexy
|player|p1
|join|la cucaracha sexy
|player|p1|la cucaracha sexy|246
|-message|la cucaracha sexy forfeited.
|
|win|DennisEG