|join|CleanerThanRotom-W
|join|DennisEG
|player|p1|CleanerThanRotom-W|226
|player|p2|DennisEG|2
|gametype|singles
|gen|6
|tier|OU
|rated
|clearpoke
|poke|p1|Sableye, M
|poke|p1|Chansey, F
|poke|p1|Cresselia, F
|poke|p1|Gothitelle, F
|poke|p1|Skarmory, M
|poke|p1|Quagsire, M
|poke|p2|Latias, F
|poke|p2|Tentacruel, M
|poke|p2|Weavile, M
|poke|p2|Heatran, M
|poke|p2|Landorus-Therian, M
|poke|p2|Lopunny, M
|rule|Swagger Clause: Swagger is banned
|rule|Baton Pass Clause: Limit one PokÃ©mon knowing Baton Pass
|rule|Sleep Clause Mod: Limit one foe put to sleep
|rule|Species Clause: Limit one of each PokÃ©mon
|rule|OHKO Clause: OHKO moves are banned
|rule|Moody Clause: Moody is banned
|rule|Evasion Moves Clause: Evasion moves are banned
|rule|Endless Battle Clause: Forcing endless battles is banned
|rule|HP Percentage Mod: HP is shown in percentages
|teampreview
|join|TheUberTherian
|c|âCleanerThanRotom-W|lol
|c|âCleanerThanRotom-W|#1 game again
|join|Dark380
|c| Dark380|n_n
|c|âCleanerThanRotom-W|n_n
|c| Dark380|Hi Cleaner
|c| Dark380|Big fan
|c|âCleanerThanRotom-W|hi
|c|âDennisEG|dang yesterday beat subzero
|c|âCleanerThanRotom-W|cool
|
|start
|switch|p1a: Gothitelle|Gothitelle, F|301\/301
|switch|p2a: Lopunny|Lopunny, M|271\/271
|turn|1
|leave|TheUberTherian
|
|switch|p1a: Cresselia|Cresselia, F|444\/444
|detailschange|p2a: Lopunny|Lopunny-Mega, M
|-mega|p2a: Lopunny|Lopunny|Lopunnite
|move|p2a: Lopunny|Fake Out|p1a: Cresselia
|-damage|p1a: Cresselia|390\/444
|
|-heal|p1a: Cresselia|417\/444|[from] item: Leftovers
|turn|2
|
|switch|p2a: Tentacruel|Tentacruel, M|351\/351
|switch|p1a: Gothitelle|Gothitelle, F|301\/301
|
|turn|3
|
|move|p1a: Gothitelle|Psychic|p2a: Tentacruel
|-supereffective|p2a: Tentacruel
|-damage|p2a: Tentacruel|151\/351
|move|p2a: Tentacruel|Acid Spray|p1a: Gothitelle
|-damage|p1a: Gothitelle|262\/301
|-unboost|p1a: Gothitelle|spd|2
|
|-heal|p2a: Tentacruel|172\/351|[from] item: Black Sludge
|turn|4
|
|move|p1a: Gothitelle|Psychic|p2a: Tentacruel
|-supereffective|p2a: Tentacruel
|-damage|p2a: Tentacruel|0 fnt
|faint|p2a: Tentacruel
|
|
|switch|p2a: Weavile|Weavile, M|281\/281
|-ability|p2a: Weavile|Pressure
|turn|5
|
|move|p2a: Weavile|Pursuit|p1a: Gothitelle|[from]Pursuit
|-supereffective|p1a: Gothitelle
|-damage|p1a: Gothitelle|0 fnt
|-damage|p2a: Weavile|253\/281|[from] item: Life Orb
|faint|p1a: Gothitelle
|
|
|switch|p1a: Skarmory|Skarmory, M|334\/334
|turn|6
|
|switch|p2a: Heatran|Heatran, M|380\/380
|switch|p1a: Quagsire|Quagsire, M|393\/393
|
|turn|7
|
|switch|p2a: Latias|Latias, F|321\/321
|move|p1a: Quagsire|Earthquake|p2a: Latias
|-immune|p2a: Latias|[msg]
|
|turn|8
|
|switch|p2a: Weavile|Weavile, M|253\/281
|-ability|p2a: Weavile|Pressure
|switch|p1a: Chansey|Chansey, F|703\/703
|
|turn|9
|
|switch|p1a: Quagsire|Quagsire, M|393\/393
|move|p2a: Weavile|Knock Off|p1a: Quagsire
|-damage|p1a: Quagsire|225\/393
|-enditem|p1a: Quagsire|Leftovers|[from] move: Knock Off|[of] p2a: Weavile
|-damage|p2a: Weavile|225\/281|[from] item: Life Orb
|
|turn|10
|
|move|p2a: Weavile|Icicle Crash|p1a: Quagsire
|-damage|p1a: Quagsire|77\/393
|-damage|p2a: Weavile|197\/281|[from] item: Life Orb
|move|p1a: Quagsire|Recover|p1a: Quagsire
|-heal|p1a: Quagsire|274\/393
|
|turn|11
|
|move|p2a: Weavile|Icicle Crash|p1a: Quagsire
|-damage|p1a: Quagsire|128\/393
|-damage|p2a: Weavile|169\/281|[from] item: Life Orb
|cant|p1a: Quagsire|flinch
|
|turn|12
|c|âCleanerThanRotom-W|nooo
|join|Omegasization
|
|switch|p1a: Skarmory|Skarmory, M|334\/334
|move|p2a: Weavile|Icicle Crash|p1a: Skarmory
|-damage|p1a: Skarmory|227\/334
|-damage|p2a: Weavile|141\/281|[from] item: Life Orb
|
|turn|13
|join|gamerguy1123
|
|switch|p1a: Quagsire|Quagsire, M|128\/393
|move|p2a: Weavile|Knock Off|p1a: Quagsire
|-damage|p1a: Quagsire|7\/393
|-damage|p2a: Weavile|113\/281|[from] item: Life Orb
|
|turn|14
|c| gamerguy1123|mao
|
|move|p2a: Weavile|Pursuit|p1a: Quagsire
|-damage|p1a: Quagsire|0 fnt
|-damage|p2a: Weavile|85\/281|[from] item: Life Orb
|faint|p1a: Quagsire
|
|
|switch|p1a: Skarmory|Skarmory, M|227\/334
|turn|15
|
|switch|p2a: Heatran|Heatran, M|380\/380
|move|p1a: Skarmory|Spikes|p2a: Heatran
|-sidestart|p2: DennisEG|Spikes
|
|turn|16
|
|switch|p1a: Chansey|Chansey, F|703\/703
|move|p2a: Heatran|Stealth Rock|p1a: Chansey
|-sidestart|p1: CleanerThanRotom-W|move: Stealth Rock
|
|turn|17
|join|peekho
|
|move|p2a: Heatran|Taunt|p1a: Chansey
|-start|p1a: Chansey|move: Taunt
|cant|p1a: Chansey|move: Taunt|Stealth Rock
|
|turn|18
|
|switch|p2a: Landorus-Therian|Landorus-Therian, M|325\/325
|-ability|p2a: Landorus-Therian|Intimidate|[of] p1a: Chansey
|-unboost|p1a: Chansey|atk|1
|move|p1a: Chansey|Seismic Toss|p2a: Landorus-Therian
|-damage|p2a: Landorus-Therian|225\/325
|
|turn|19
|
|move|p2a: Landorus-Therian|U-turn|p1a: Chansey
|-damage|p1a: Chansey|576\/703
|
|switch|p2a: Latias|Latias, F|321\/321
|move|p1a: Chansey|Seismic Toss|p2a: Latias
|-damage|p2a: Latias|221\/321
|
|-end|p1a: Chansey|move: Taunt
|turn|20
|
|move|p2a: Latias|Psyshock|p1a: Chansey
|-damage|p1a: Chansey|356\/703
|-damage|p2a: Latias|189\/321|[from] item: Life Orb
|move|p1a: Chansey|Stealth Rock|p2a: Latias
|-sidestart|p2: DennisEG|move: Stealth Rock
|
|turn|21
|
|switch|p2a: Lopunny|Lopunny-Mega, M|271\/271
|-damage|p2a: Lopunny|238\/271|[from] Spikes
|-damage|p2a: Lopunny|222\/271|[from] Stealth Rock
|move|p1a: Chansey|Soft-Boiled|p1a: Chansey
|-heal|p1a: Chansey|703\/703
|
|turn|22
|
|switch|p1a: Cresselia|Cresselia, F|417\/444
|-damage|p1a: Cresselia|362\/444|[from] Stealth Rock
|move|p2a: Lopunny|Frustration|p1a: Cresselia
|-damage|p1a: Cresselia|212\/444
|
|-heal|p1a: Cresselia|239\/444|[from] item: Leftovers
|turn|23
|
|move|p2a: Lopunny|Ice Punch|p1a: Cresselia
|-damage|p1a: Cresselia|168\/444
|move|p1a: Cresselia|Moonlight|p1a: Cresselia
|-heal|p1a: Cresselia|390\/444
|
|-heal|p1a: Cresselia|417\/444|[from] item: Leftovers
|turn|24
|
|switch|p2a: Heatran|Heatran, M|380\/380
|-damage|p2a: Heatran|333\/380|[from] Stealth Rock
|-damage|p2a: Heatran|286\/380|[from] Spikes
|move|p1a: Cresselia|Psyshock|p2a: Heatran
|-resisted|p2a: Heatran
|-damage|p2a: Heatran|249\/380
|
|-heal|p2a: Heatran|272\/380|[from] item: Leftovers
|-heal|p1a: Cresselia|444\/444|[from] item: Leftovers
|turn|25
|
|switch|p1a: Chansey|Chansey, F|703\/703
|-damage|p1a: Chansey|616\/703|[from] Stealth Rock
|move|p2a: Heatran|Lava Plume|p1a: Chansey
|-damage|p1a: Chansey|544\/703
|-status|p1a: Chansey|brn
|
|-heal|p2a: Heatran|295\/380|[from] item: Leftovers
|-damage|p1a: Chansey|457\/703 brn|[from] brn
|turn|26
|
|move|p2a: Heatran|Lava Plume|p1a: Chansey
|-damage|p1a: Chansey|375\/703 brn
|move|p1a: Chansey|Seismic Toss|p2a: Heatran
|-damage|p2a: Heatran|195\/380
|
|-heal|p2a: Heatran|218\/380|[from] item: Leftovers
|-damage|p1a: Chansey|288\/703 brn|[from] brn
|turn|27
|join|TheUberTherian
|
|move|p2a: Heatran|Taunt|p1a: Chansey
|-start|p1a: Chansey|move: Taunt
|move|p1a: Chansey|Seismic Toss|p2a: Heatran
|-damage|p2a: Heatran|118\/380
|
|-heal|p2a: Heatran|141\/380|[from] item: Leftovers
|-damage|p1a: Chansey|201\/703 brn|[from] brn
|turn|28
|
|move|p2a: Heatran|Lava Plume|p1a: Chansey
|-damage|p1a: Chansey|131\/703 brn
|move|p1a: Chansey|Seismic Toss|p2a: Heatran
|-damage|p2a: Heatran|41\/380
|
|-heal|p2a: Heatran|64\/380|[from] item: Leftovers
|-damage|p1a: Chansey|44\/703 brn|[from] brn
|turn|29
|
|move|p2a: Heatran|Lava Plume|p1a: Chansey
|-damage|p1a: Chansey|0 fnt
|faint|p1a: Chansey
|
|-heal|p2a: Heatran|87\/380|[from] item: Leftovers
|
|switch|p1a: Sableye|Sableye, M|303\/303
|-damage|p1a: Sableye|266\/303|[from] Stealth Rock
|turn|30
|c| TheUberTherian|heatran
|c| TheUberTherian|is pro
|c| TheUberTherian|that set
|c| TheUberTherian|is real good
|c|âCleanerThanRotom-W|only because my quagsire flinched
|c| TheUberTherian|lol
|c| TheUberTherian|yea
|c| TheUberTherian|happens
|
|detailschange|p1a: Sableye|Sableye-Mega, M
|-mega|p1a: Sableye|Sableye|Sablenite
|move|p2a: Heatran|Lava Plume|p1a: Sableye
|-damage|p1a: Sableye|191\/303
|-status|p1a: Sableye|brn
|move|p1a: Sableye|Snarl|p2a: Heatran
|-miss|p1a: Sableye|p2a: Heatran
|
|-heal|p2a: Heatran|110\/380|[from] item: Leftovers
|-damage|p1a: Sableye|154\/303 brn|[from] brn
|turn|31
|c| TheUberTherian|shit happens
|c|âCleanerThanRotom-W|LOL
|c| TheUberTherian|LOL
|c| TheUberTherian|the hax
|
|move|p2a: Heatran|Earth Power|p1a: Sableye
|-damage|p1a: Sableye|98\/303 brn
|move|p1a: Sableye|Recover|p1a: Sableye
|-heal|p1a: Sableye|250\/303 brn
|
|-heal|p2a: Heatran|133\/380|[from] item: Leftovers
|-damage|p1a: Sableye|213\/303 brn|[from] brn
|turn|32
|
|move|p2a: Heatran|Earth Power|p1a: Sableye
|-damage|p1a: Sableye|155\/303 brn
|move|p1a: Sableye|Calm Mind|p1a: Sableye
|-boost|p1a: Sableye|spa|1
|-boost|p1a: Sableye|spd|1
|
|-heal|p2a: Heatran|156\/380|[from] item: Leftovers
|-damage|p1a: Sableye|118\/303 brn|[from] brn
|turn|33
|
|switch|p2a: Lopunny|Lopunny-Mega, M|222\/271
|-damage|p2a: Lopunny|206\/271|[from] Stealth Rock
|-damage|p2a: Lopunny|173\/271|[from] Spikes
|move|p1a: Sableye|Recover|p1a: Sableye
|-heal|p1a: Sableye|270\/303 brn
|
|-damage|p1a: Sableye|233\/303 brn|[from] brn
|turn|34
|
|switch|p1a: Cresselia|Cresselia, F|444\/444
|-damage|p1a: Cresselia|389\/444|[from] Stealth Rock
|move|p2a: Lopunny|Frustration|p1a: Cresselia
|-damage|p1a: Cresselia|247\/444
|
|-heal|p1a: Cresselia|274\/444|[from] item: Leftovers
|turn|35
|c|âCleanerThanRotom-W|now i lose 33 points because of this hax
|
|switch|p2a: Latias|Latias, F|189\/321
|-damage|p2a: Latias|149\/321|[from] Stealth Rock
|move|p1a: Cresselia|Moonlight|p1a: Cresselia
|-heal|p1a: Cresselia|444\/444
|
|turn|36
|
|move|p2a: Latias|Draco Meteor|p1a: Cresselia
|-damage|p1a: Cresselia|271\/444
|-unboost|p2a: Latias|spa|2
|-damage|p2a: Latias|117\/321|[from] item: Life Orb
|move|p1a: Cresselia|Toxic|p2a: Latias
|-status|p2a: Latias|tox
|
|-heal|p1a: Cresselia|298\/444|[from] item: Leftovers
|-damage|p2a: Latias|97\/321 tox|[from] psn
|turn|37
|
|move|p2a: Latias|Healing Wish|p2a: Latias
|faint|p2a: Latias
|move|p1a: Cresselia|Moonlight|p1a: Cresselia
|-heal|p1a: Cresselia|444\/444
|
|
|switch|p2a: Weavile|Weavile, M|85\/281
|-heal|p2a: Weavile|281\/281|[from] move: Healing Wish
|-damage|p2a: Weavile|211\/281|[from] Stealth Rock
|-damage|p2a: Weavile|176\/281|[from] Spikes
|-ability|p2a: Weavile|Pressure
|turn|38
|
|move|p2a: Weavile|Knock Off|p1a: Cresselia
|-supereffective|p1a: Cresselia
|-damage|p1a: Cresselia|109\/444
|-enditem|p1a: Cresselia|Leftovers|[from] move: Knock Off|[of] p2a: Weavile
|-damage|p2a: Weavile|148\/281|[from] item: Life Orb
|move|p1a: Cresselia|Toxic|p2a: Weavile
|-status|p2a: Weavile|tox
|
|-damage|p2a: Weavile|131\/281 tox|[from] psn
|turn|39
|
|move|p2a: Weavile|Knock Off|p1a: Cresselia
|-supereffective|p1a: Cresselia
|-damage|p1a: Cresselia|0 fnt
|-damage|p2a: Weavile|103\/281 tox|[from] item: Life Orb
|faint|p1a: Cresselia
|
|-damage|p2a: Weavile|69\/281 tox|[from] psn
|
|switch|p1a: Skarmory|Skarmory, M|227\/334
|-damage|p1a: Skarmory|186\/334|[from] Stealth Rock
|turn|40
|
|move|p2a: Weavile|Knock Off|p1a: Skarmory
|-damage|p1a: Skarmory|69\/334
|-enditem|p1a: Skarmory|Shed Shell|[from] move: Knock Off|[of] p2a: Weavile
|-damage|p2a: Weavile|41\/281 tox|[from] item: Life Orb
|move|p1a: Skarmory|Roost|p1a: Skarmory
|-heal|p1a: Skarmory|236\/334
|
|-damage|p2a: Weavile|0 fnt|[from] psn
|faint|p2a: Weavile
|leave|Omegasization
|
|switch|p2a: Heatran|Heatran, M|156\/380
|-damage|p2a: Heatran|109\/380|[from] Stealth Rock
|-damage|p2a: Heatran|62\/380|[from] Spikes
|turn|41
|
|switch|p1a: Sableye|Sableye-Mega, M|233\/303 brn
|-damage|p1a: Sableye|196\/303 brn|[from] Stealth Rock
|move|p2a: Heatran|Lava Plume|p1a: Sableye
|-damage|p1a: Sableye|115\/303 brn
|
|-heal|p2a: Heatran|85\/380|[from] item: Leftovers
|-damage|p1a: Sableye|78\/303 brn|[from] brn
|turn|42
|
|move|p2a: Heatran|Lava Plume|p1a: Sableye
|-damage|p1a: Sableye|0 fnt
|faint|p1a: Sableye
|
|-heal|p2a: Heatran|108\/380|[from] item: Leftovers
|c|âDennisEG|flich sail the game imo
|c|âCleanerThanRotom-W|i neededmy quagsire
|c|âDennisEG|yeah
|c|âDennisEG|srry man but 30%
|leave|gamerguy1123
|c|âDennisEG|flich
|-message|CleanerThanRotom-W forfeited.
|
|win|DennisEG
|raw|Ladder updating...
|leave|CleanerThanRotom-W
|player|p1
|raw|CleanerThanRotom-W's rating: 1830 &rarr; <strong>1802<\/strong><br \/>(-28 for losing)
|raw|DennisEG's rating: 1671 &rarr; <strong>1700<\/strong><br \/>(+29 for winning)
|leave|DennisEG
|player|p2