|join|DennisEG
|join|SL Bryant
|player|p1|DennisEG|1
|player|p2|SL Bryant|bryant.gif
|gametype|singles
|gen|6
|tier|OU
|clearpoke
|poke|p1|Diancie|item
|poke|p1|Talonflame, M|item
|poke|p1|Ferrothorn, F|item
|poke|p1|Landorus-Therian, M|item
|poke|p1|Keldeo-Resolute|item
|poke|p1|Latios, M|item
|poke|p2|Gyarados, M, shiny|item
|poke|p2|Landorus-Therian, M|item
|poke|p2|Gengar, M, shiny|item
|poke|p2|Rotom-Wash|item
|poke|p2|Infernape, F|item
|poke|p2|Latias, F, shiny|item
|rule|ClÃ¡usula de Swagger: se prohibe el uso de Swagger
|rule|ClÃ¡usula de Baton Pass: se prohÃ­be mÃ¡s de 1 PokÃ©mon con Baton Pass
|rule|ClÃ¡usula-Mod de Dormir: solo puedes dormir a uno de tus oponentes a la vez.
|rule|ClÃ¡usula de Especie: Hasta un PokÃ©mon de cada especie
|rule|ClÃ¡usula de Golpe Fulminante: los movimientos fulminantes (OHKO) estan prohibidos
|rule|ClÃ¡usula de Moody: la habilidad Moody estÃ¡ prohibida
|rule|ClÃ¡usula de Movimientos Evasivos: los movimientos de evasion estan prohibidos
|rule|ClÃ¡usula de Batallas Eternas: forzar batallas eternas estÃ¡ prohibido
|rule|Modo de Porcentaje de HP: el HP es mostrado en porcentaje
|teampreview
|c|âSL Bryant|suerte
|join|NicoTheReaper
|c|âDennisEG|no me violes fuerte pls
|c|+NicoTheReaper|jajajaja humildad...
|c|âSL Bryant|pls tienes a mega diancie xD
|
|start
|switch|p1a: Latios|Latios, M|301\/301
|switch|p2a: Enma|Infernape, F|293\/293
|turn|1
|c|âSL Bryant|esa cosa me hace hijos uwu
|
|switch|p2a: Candy|Latias, F, shiny|302\/302
|move|p1a: Latios|Psyshock|p2a: Candy
|-resisted|p2a: Candy
|-damage|p2a: Candy|208\/302
|-damage|p1a: Latios|271\/301|[from] item: Life Orb
|
|turn|2
|join|ChapulÃ­n colorado
|c|âDennisEG|demos la speed tie ps
|c|âSL Bryant|no te la jugaras xD
|join|Lady Keldeo
|c| ChapulÃ­n colorado|Bryant es haxero
|c|âSL Bryant|mandaras a la diancie o al ferrothor uwu
|c|âDennisEG|claro q si
|
|switch|p1a: Diancie|Diancie|243\/243
|move|p2a: Candy|Draco Meteor|p1a: Diancie
|-immune|p1a: Diancie|[msg]
|
|turn|3
|c| ChapulÃ­n colorado|nunca lo intentes
|c|âDennisEG|tienes hp fire
|c|âSL Bryant|eres un hdp uwu
|c|âDennisEG|lol huele a scarf esa cosa
|
|switch|p2a: Washo|Rotom-Wash|241\/241
|detailschange|p1a: Diancie|Diancie-Mega
|-mega|p1a: Diancie|Diancie|Diancite
|move|p1a: Diancie|Moonblast|p2a: Washo
|-damage|p2a: Washo|19\/241
|
|turn|4
|c|âSL Bryant|merga xD
|c| ChapulÃ­n colorado|ggeadop
|join|God Rolo
|
|switch|p1a: Ferrothorn|Ferrothorn, F|352\/352
|move|p2a: Washo|Hydro Pump|p1a: Ferrothorn|[miss]
|-miss|p2a: Washo|p1a: Ferrothorn
|
|turn|5
|c| God Rolo|QUE NUVV
|
|switch|p2a: Enma|Infernape, F|293\/293
|move|p1a: Ferrothorn|Stealth Rock|p2a: Enma
|-sidestart|p2: SL Bryant|move: Stealth Rock
|
|turn|6
|raw|<div class="broadcast-red"><b>Chat Moderado. Nivel: $!<\/b><br \/>Solo quienes tengan rango $ o superior pueden hablar.<\/div>
|c|âDennisEG|lol
|c|âSL Bryant|uwu
|
|move|p2a: Enma|U-turn|p1a: Ferrothorn
|-damage|p1a: Ferrothorn|286\/352
|-damage|p2a: Enma|257\/293|[from] ability: Iron Barbs|[of] p1a: Ferrothorn
|-damage|p2a: Enma|228\/293|[from] item: Life Orb
|c|âSL Bryant|se queda xD
|c|âDennisEG|get predicted
|
|switch|p2a: Washo|Rotom-Wash|19\/241
|-damage|p2a: Washo|0 fnt|[from] Stealth Rock
|faint|p2a: Washo
|move|p1a: Ferrothorn|Leech Seed|p2: Washo|[notarget]
|-notarget
|
|-heal|p1a: Ferrothorn|308\/352|[from] item: Leftovers
|c|âThueris|ggeadop
|join|ãRxAã Fox Black
|
|switch|p2a: Leo|Landorus-Therian, M|320\/320
|-damage|p2a: Leo|280\/320|[from] Stealth Rock
|-ability|p2a: Leo|Intimidate|[of] p1a: Ferrothorn
|-unboost|p1a: Ferrothorn|atk|1
|turn|7
|
|move|p2a: Leo|Stealth Rock|p1a: Ferrothorn
|-sidestart|p1: DennisEG|move: Stealth Rock
|move|p1a: Ferrothorn|Leech Seed|p2a: Leo
|-start|p2a: Leo|move: Leech Seed
|
|-heal|p1a: Ferrothorn|330\/352|[from] item: Leftovers
|-damage|p2a: Leo|240\/320|[from] Leech Seed|[of] p1a: Ferrothorn
|-heal|p1a: Ferrothorn|352\/352|[silent]
|turn|8
|
|switch|p2a: Enma|Infernape, F|228\/293
|-damage|p2a: Enma|192\/293|[from] Stealth Rock
|move|p1a: Ferrothorn|Leech Seed|p2a: Enma
|-start|p2a: Enma|move: Leech Seed
|
|-damage|p2a: Enma|156\/293|[from] Leech Seed|[of] p1a: Ferrothorn
|turn|9
|
|move|p1a: Ferrothorn|Protect|p1a: Ferrothorn
|-singleturn|p1a: Ferrothorn|Protect
|move|p2a: Enma|Overheat|p1a: Ferrothorn
|-activate|p1a: Ferrothorn|Protect
|
|-damage|p2a: Enma|120\/293|[from] Leech Seed|[of] p1a: Ferrothorn
|turn|10
|
|move|p2a: Enma|Overheat|p1a: Ferrothorn
|-supereffective|p1a: Ferrothorn
|-damage|p1a: Ferrothorn|0 fnt
|-unboost|p2a: Enma|spa|2
|-damage|p2a: Enma|91\/293|[from] item: Life Orb
|faint|p1a: Ferrothorn
|
|
|switch|p1a: Latios|Latios, M|271\/301
|-damage|p1a: Latios|234\/301|[from] Stealth Rock
|turn|11
|
|move|p2a: Enma|Mach Punch|p1a: Latios
|-resisted|p1a: Latios
|-damage|p1a: Latios|181\/301
|-damage|p2a: Enma|62\/293|[from] item: Life Orb
|move|p1a: Latios|Psyshock|p2a: Enma
|-supereffective|p2a: Enma
|-damage|p2a: Enma|0 fnt
|-damage|p1a: Latios|151\/301|[from] item: Life Orb
|faint|p2a: Enma
|
|
|switch|p2a: Leo|Landorus-Therian, M|240\/320
|-damage|p2a: Leo|200\/320|[from] Stealth Rock
|-ability|p2a: Leo|Intimidate|[of] p1a: Latios
|-unboost|p1a: Latios|atk|1
|turn|12
|
|switch|p1a: Landorus-Therian|Landorus-Therian, M|325\/325
|-damage|p1a: Landorus-Therian|285\/325|[from] Stealth Rock
|-ability|p1a: Landorus-Therian|Intimidate|[of] p2a: Leo
|-unboost|p2a: Leo|atk|1
|move|p2a: Leo|Explosion|p1a: Landorus-Therian
|-damage|p1a: Landorus-Therian|53\/325
|faint|p2a: Leo
|
|c|âThueris|ahoqsalesbay
|c|âSL Bryant|pos perdi xD
|
|switch|p2a: Nether|Gyarados, M, shiny|332\/332
|-damage|p2a: Nether|249\/332|[from] Stealth Rock
|-ability|p2a: Nether|Intimidate|[of] p1a: Landorus-Therian
|-unboost|p1a: Landorus-Therian|atk|1
|turn|13
|
|detailschange|p2a: Nether|Gyarados-Mega, M, shiny
|-mega|p2a: Nether|Gyarados|Gyaradosite
|-ability|p2a: Nether|Mold Breaker
|move|p1a: Landorus-Therian|U-turn|p2a: Nether
|-supereffective|p2a: Nether
|-damage|p2a: Nether|131\/332
|
|switch|p1a: Keldeo-Resolute|Keldeo-Resolute|323\/323
|-damage|p1a: Keldeo-Resolute|303\/323|[from] Stealth Rock
|move|p2a: Nether|Dragon Dance|p2a: Nether
|-boost|p2a: Nether|atk|1
|-boost|p2a: Nether|spe|1
|
|turn|14
|c|âSL Bryant|valiendo madre uwu
|
|switch|p2a: Candy|Latias, F, shiny|208\/302
|-damage|p2a: Candy|171\/302|[from] Stealth Rock
|move|p1a: Keldeo-Resolute|Scald|p2a: Candy
|-resisted|p2a: Candy
|-damage|p2a: Candy|79\/302
|
|turn|15
|
|move|p2a: Candy|Psyshock|p1a: Keldeo-Resolute
|-supereffective|p1a: Keldeo-Resolute
|-damage|p1a: Keldeo-Resolute|0 fnt
|-damage|p2a: Candy|49\/302|[from] item: Life Orb
|faint|p1a: Keldeo-Resolute
|
|
|switch|p1a: Diancie|Diancie-Mega|243\/243
|-damage|p1a: Diancie|213\/243|[from] Stealth Rock
|turn|16
|c|âSL Bryant|!dt diancie mega
|c|~|\/data-pokemon Diancie-Mega
|raw|<font size="1"><font color=#585858>Dex#:<\/font> 719&nbsp;|&ThickSpace;<font color=#585858>Altura:<\/font> 1.1 m&nbsp;|&ThickSpace;<font color=#585858>Peso:<\/font> 27.8 kg <em>(60 BP)<\/em>&nbsp;|&ThickSpace;<font color=#585858>Color:<\/font> Gray&nbsp;|&ThickSpace;<font color=#585858>Familia:<\/font> Undiscovered&nbsp;|&ThickSpace;<font color=#585858><font color=#585858>No Evoluciona<\/font><\/font><\/font>
|
|move|p2a: Candy|Healing Wish|p2a: Candy
|faint|p2a: Candy
|move|p1a: Diancie|Rock Polish|p1a: Diancie
|-boost|p1a: Diancie|spe|2
|
|c|âDennisEG|tenes surf ?
|c|âDennisEG|oh
|c|âSL Bryant|no me jodas xD
|c|âThueris|dfopppppppppp
|c|âDennisEG|lol
|c|âSL Bryant|enserio? xD
|c|âDennisEG|:]
|c|âSL Bryant|gg xD
|
|switch|p2a: Ghast|Gengar, M, shiny|262\/262
|-heal|p2a: Ghast|262\/262|[from] move: Healing Wish
|-damage|p2a: Ghast|230\/262|[from] Stealth Rock
|turn|17
|c|âDennisEG|gengar vive quiza
|c|âThueris|ahoc
|
|move|p1a: Diancie|Diamond Storm|p2a: Ghast
|-damage|p2a: Ghast|0 fnt
|-boost|p1a: Diancie|def|1
|faint|p2a: Ghast
|
|c|âSL Bryant|nah xD
|c|âDennisEG|nop
|c|âDennisEG|lol
|
|switch|p2a: Nether|Gyarados-Mega, M, shiny|131\/332
|-damage|p2a: Nether|90\/332|[from] Stealth Rock
|-ability|p2a: Nether|Mold Breaker
|turn|18
|c|âDennisEG|gg
|c|âDennisEG|fren
|c|âSL Bryant|gg xD
|
|move|p1a: Diancie|Moonblast|p2a: Nether
|-crit|p2a: Nether
|-supereffective|p2a: Nether
|-damage|p2a: Nether|0 fnt
|faint|p2a: Nether
|
|win|DennisEG
|c|âSL Bryant|uwu
|leave|ãRxAã Fox Black
|leave|Thueris
|leave|DennisEG
|player|p1
