|inactive|Battle timer is ON: inactive players will automatically lose when time's up.
|J|DennisEG
|J|FlamingVictini PB
|player|p1|DennisEG|76
|player|p2|FlamingVictini PB|101
|gametype|singles
|gen|6
|tier|Random Battle
|rule|Sleep Clause Mod: Limit one foe put to sleep
|rule|HP Percentage Mod: HP is shown in percentages
|
|start
|switch|p1a: Unfezant|Unfezant, L88, M|283\/283
|switch|p2a: Yanmega|Yanmega, L80, F|269\/269
|turn|1
|J|DracoMaster Dab
|c|âDennisEG|:]
|
|switch|p2a: Kyurem-Black|Kyurem-Black, L74|307\/307
|-ability|p2a: Kyurem-Black|Teravolt
|move|p1a: Unfezant|Pluck|p2a: Kyurem-Black
|-damage|p2a: Kyurem-Black|231\/307
|
|-heal|p2a: Kyurem-Black|250\/307|[from] item: Leftovers
|turn|2
|
|switch|p1a: Crawdaunt|Crawdaunt, L76, F|221\/221
|move|p2a: Kyurem-Black|Earth Power|p1a: Crawdaunt
|-damage|p1a: Crawdaunt|136\/221
|
|-heal|p2a: Kyurem-Black|269\/307|[from] item: Leftovers
|turn|3
|c|âFlamingVictini PB|wait why is that the switchin
|c|âFlamingVictini PB|;_;
|J|consecutio
|
|move|p2a: Kyurem-Black|Fusion Bolt|p1a: Crawdaunt
|-supereffective|p1a: Crawdaunt
|-damage|p1a: Crawdaunt|0 fnt
|faint|p1a: Crawdaunt
|
|-heal|p2a: Kyurem-Black|288\/307|[from] item: Leftovers
|
|switch|p1a: Gardevoir|Gardevoir, L74, M|223\/223
|turn|4
|c|âDennisEG|cuz i havent switch in lol
|
|switch|p2a: Delphox|Delphox, L82, F|257\/257
|detailschange|p1a: Gardevoir|Gardevoir-Mega, L74, M
|-mega|p1a: Gardevoir|Gardevoir|Gardevoirite
|move|p1a: Gardevoir|Hyper Voice|p2a: Delphox
|-resisted|p2a: Delphox
|-damage|p2a: Delphox|184\/257
|
|turn|5
|c|âFlamingVictini PB|yum
|
|move|p2a: Delphox|Shadow Ball|p1a: Gardevoir
|-supereffective|p1a: Gardevoir
|-damage|p1a: Gardevoir|121\/223
|move|p1a: Gardevoir|Shadow Ball|p2a: Delphox
|-supereffective|p2a: Delphox
|-damage|p2a: Delphox|58\/257
|
|turn|6
|
|switch|p1a: Diggersby|Diggersby, L76, M|254\/254
|move|p2a: Delphox|Shadow Ball|p1a: Diggersby
|-immune|p1a: Diggersby|[msg]
|
|turn|7
|J|Emma Bae â¥
|J|pyromaniac 963
|J|MONNA LUSA
|
|switch|p2a: Jumpluff|Jumpluff, L88, F|275\/275
|move|p1a: Diggersby|Return|p2a: Jumpluff
|-damage|p2a: Jumpluff|67\/275
|
|-heal|p2a: Jumpluff|84\/275|[from] item: Leftovers
|turn|8
|
|switch|p1a: Unfezant|Unfezant, L88, M|283\/283
|move|p2a: Jumpluff|Giga Drain|p1a: Unfezant
|-resisted|p1a: Unfezant
|-damage|p1a: Unfezant|245\/283
|-heal|p2a: Jumpluff|103\/275|[from] drain|[of] p1a: Unfezant
|
|-heal|p2a: Jumpluff|120\/275|[from] item: Leftovers
|turn|9
|J|I Iike Squirtles
|
|switch|p2a: Kyurem-Black|Kyurem-Black, L74|288\/307
|-ability|p2a: Kyurem-Black|Teravolt
|move|p1a: Unfezant|U-turn|p2a: Kyurem-Black
|-crit|p2a: Kyurem-Black
|-damage|p2a: Kyurem-Black|194\/307
|
|switch|p1a: Gardevoir|Gardevoir-Mega, L74, M|121\/223
|
|-heal|p2a: Kyurem-Black|213\/307|[from] item: Leftovers
|turn|10
|
|switch|p2a: Jumpluff|Jumpluff, L88, F|120\/275
|move|p1a: Gardevoir|Hyper Voice|p2a: Jumpluff
|-damage|p2a: Jumpluff|0 fnt
|faint|p2a: Jumpluff
|
|
|switch|p2a: Tauros|Tauros, L88, M|275\/275
|turn|11
|
|switch|p1a: Cherrim|Cherrim, L88, M|266\/266
|move|p2a: Tauros|Double-Edge|p1a: Cherrim
|-crit|p1a: Cherrim
|-damage|p1a: Cherrim|0 fnt
|-damage|p2a: Tauros|187\/275|[from] recoil|[of] p1a: Cherrim
|-damage|p2a: Tauros|160\/275|[from] item: Life Orb
|faint|p1a: Cherrim
|
|L|pyromaniac 963
|
|switch|p1a: Espeon|Espeon, L78, F|229\/229
|turn|12
|L|Emma Bae â¥
|
|switch|p2a: Palkia|Palkia, L70|242\/242
|-ability|p2a: Palkia|Pressure
|move|p1a: Espeon|Psyshock|p2a: Palkia
|-damage|p2a: Palkia|136\/242
|
|-heal|p2a: Palkia|151\/242|[from] item: Leftovers
|turn|13
|
|move|p1a: Espeon|Dazzling Gleam|p2a: Palkia
|-supereffective|p2a: Palkia
|-damage|p2a: Palkia|37\/242
|move|p2a: Palkia|Surf|p1a: Espeon
|-damage|p1a: Espeon|135\/229
|
|-heal|p1a: Espeon|149\/229|[from] item: Leftovers
|-heal|p2a: Palkia|52\/242|[from] item: Leftovers
|turn|14
|
|switch|p2a: Delphox|Delphox, L82, F|58\/257
|move|p1a: Espeon|Calm Mind|p1a: Espeon
|-boost|p1a: Espeon|spa|1
|-boost|p1a: Espeon|spd|1
|
|-heal|p1a: Espeon|163\/229|[from] item: Leftovers
|turn|15
|J|EG Bastian
|c| EG Bastian|hey flamming
|
|move|p2a: Delphox|Fire Blast|p1a: Espeon
|-damage|p1a: Espeon|82\/229
|move|p1a: Espeon|Psyshock|p2a: Delphox
|-resisted|p2a: Delphox
|-damage|p2a: Delphox|0 fnt
|faint|p2a: Delphox
|
|-heal|p1a: Espeon|96\/229|[from] item: Leftovers
|c| EG Bastian|my opp 
|c|âFlamingVictini PB|oh bastian
|
|switch|p2a: Yanmega|Yanmega, L80, F|269\/269
|turn|16
|
|move|p2a: Yanmega|Protect|p2a: Yanmega
|-singleturn|p2a: Yanmega|Protect
|move|p1a: Espeon|Psyshock|p2a: Yanmega
|-activate|p2a: Yanmega|Protect
|
|-heal|p1a: Espeon|110\/229|[from] item: Leftovers
|-boost|p2a: Yanmega|spe|1|[from] ability: Speed Boost
|turn|17
|
|move|p2a: Yanmega|U-turn|p1a: Espeon
|-supereffective|p1a: Espeon
|-damage|p1a: Espeon|0 fnt
|faint|p1a: Espeon
|
|switch|p2a: Tauros|Tauros, L88, M|160\/275
|
|
|switch|p1a: Unfezant|Unfezant, L88, M|245\/283
|turn|18
|L|MONNA LUSA
|
|move|p2a: Tauros|Rock Slide|p1a: Unfezant
|-supereffective|p1a: Unfezant
|-damage|p1a: Unfezant|42\/283
|move|p1a: Unfezant|Return|p2a: Tauros
|-damage|p2a: Tauros|42\/275
|
|turn|19
|
|move|p2a: Tauros|Rock Climb|p1a: Unfezant
|-damage|p1a: Unfezant|0 fnt
|faint|p1a: Unfezant
|
|c|âFlamingVictini PB|grr why so balky
|
|switch|p1a: Diggersby|Diggersby, L76, M|254\/254
|turn|20
|c|âDennisEG|idk
|
|switch|p2a: Palkia|Palkia, L70|52\/242
|-ability|p2a: Palkia|Pressure
|move|p1a: Diggersby|U-turn|p2a: Palkia
|-damage|p2a: Palkia|0 fnt
|faint|p2a: Palkia
|
|switch|p1a: Gardevoir|Gardevoir-Mega, L74, M|121\/223
|
|
|switch|p2a: Tauros|Tauros, L88, M|42\/275
|turn|21
|c|âFlamingVictini PB|tauros is a monster
|
|switch|p1a: Diggersby|Diggersby, L76, M|254\/254
|move|p2a: Tauros|Rock Climb|p1a: Diggersby
|-damage|p1a: Diggersby|51\/254
|
|turn|22
|c|âDennisEG|yep
|
|switch|p2a: Kyurem-Black|Kyurem-Black, L74|213\/307
|-ability|p2a: Kyurem-Black|Teravolt
|move|p1a: Diggersby|Quick Attack|p2a: Kyurem-Black
|-damage|p2a: Kyurem-Black|144\/307
|
|-heal|p2a: Kyurem-Black|163\/307|[from] item: Leftovers
|turn|23
|
|move|p1a: Diggersby|Quick Attack|p2a: Kyurem-Black
|-damage|p2a: Kyurem-Black|88\/307
|move|p2a: Kyurem-Black|Earth Power|p1a: Diggersby
|-crit|p1a: Diggersby
|-damage|p1a: Diggersby|0 fnt
|faint|p1a: Diggersby
|
|-heal|p2a: Kyurem-Black|107\/307|[from] item: Leftovers
|
|switch|p1a: Gardevoir|Gardevoir-Mega, L74, M|121\/223
|turn|24
|
|move|p1a: Gardevoir|Hyper Voice|p2a: Kyurem-Black
|-supereffective|p2a: Kyurem-Black
|-damage|p2a: Kyurem-Black|0 fnt
|faint|p2a: Kyurem-Black
|
|
|switch|p2a: Tauros|Tauros, L88, M|42\/275
|turn|25
|
|move|p2a: Tauros|Double-Edge|p1a: Gardevoir
|-damage|p1a: Gardevoir|0 fnt
|-damage|p2a: Tauros|2\/275|[from] recoil|[of] p1a: Gardevoir
|-damage|p2a: Tauros|0 fnt|[from] item: Life Orb
|faint|p1a: Gardevoir
|faint|p2a: Tauros
|
|win|FlamingVictini PB
|c|âFlamingVictini PB|gg
|c|âDennisEG|gg maan