|inactive|Battle timer is ON: inactive players will automatically lose when time's up.
|join|DennisEG
|join|Genesis7
|player|p1|DennisEG|76
|player|p2|Genesis7|65
|gametype|singles
|gen|6
|tier|OU
|clearpoke
|poke|p1|Raikou
|poke|p1|Bisharp, M
|poke|p1|Landorus-Therian, M
|poke|p1|Keldeo-Resolute
|poke|p1|Medicham, M
|poke|p1|Latios, M
|poke|p2|Gardevoir, M
|poke|p2|Latios, M
|poke|p2|Keldeo
|poke|p2|Ferrothorn, M
|poke|p2|Tyranitar, F
|poke|p2|Excadrill, M
|rule|Swagger Clause: Swagger is banned
|rule|Baton Pass Clause: Limit one PokÃ©mon knowing Baton Pass
|rule|Sleep Clause Mod: Limit one foe put to sleep
|rule|Species Clause: Limit one of each PokÃ©mon
|rule|OHKO Clause: OHKO moves are banned
|rule|Moody Clause: Moody is banned
|rule|Evasion Moves Clause: Evasion moves are banned
|rule|Endless Battle Clause: Forcing endless battles is banned
|rule|HP Percentage Mod: HP is shown in percentages
|teampreview
|join|kullhadd hekk
|c|âGenesis7|glhf
|
|start
|switch|p1a: Medicham|Medicham, M|261\/261
|switch|p2a: Ferrothorn|Ferrothorn, M|352\/352
|turn|1
|c|âDennisEG|=
|
|detailschange|p1a: Medicham|Medicham-Mega, M
|message|Medicham has Mega Evolved into Mega Medicham!
|move|p2a: Ferrothorn|Protect|p2a: Ferrothorn
|-singleturn|p2a: Ferrothorn|Protect
|move|p1a: Medicham|Fake Out|p2a: Ferrothorn
|-activate|p2a: Ferrothorn|Protect
|
|turn|2
|
|switch|p2a: Latios|Latios, M|299\/299
|move|p1a: Medicham|High Jump Kick|p2a: Latios
|-resisted|p2a: Latios
|-damage|p2a: Latios|61\/299
|
|turn|3
|
|switch|p2a: Keldeo|Keldeo|323\/323
|switch|p1a: Raikou|Raikou|325\/325
|-ability|p1a: Raikou|Pressure
|
|turn|4
|
|switch|p2a: Ferrothorn|Ferrothorn, M|352\/352
|move|p1a: Raikou|Volt Switch|p2a: Ferrothorn
|-resisted|p2a: Ferrothorn
|-damage|p2a: Ferrothorn|306\/352
|
|switch|p1a: Medicham|Medicham-Mega, M|261\/261
|
|-heal|p2a: Ferrothorn|328\/352|[from] item: Leftovers
|turn|5
|
|move|p2a: Ferrothorn|Protect|p2a: Ferrothorn
|-singleturn|p2a: Ferrothorn|Protect
|move|p1a: Medicham|High Jump Kick|p2a: Ferrothorn
|-activate|p2a: Ferrothorn|Protect
|-damage|p1a: Medicham|131\/261|[from] highjumpkick
|
|-heal|p2a: Ferrothorn|350\/352|[from] item: Leftovers
|turn|6
|
|switch|p2a: Gardevoir|Gardevoir, M|277\/277
|-ability|p2a: Gardevoir|Pure Power|[from] ability: Trace|[of] p1a: Medicham
|move|p1a: Medicham|High Jump Kick|p2a: Gardevoir
|-resisted|p2a: Gardevoir
|-damage|p2a: Gardevoir|142\/277
|
|turn|7
|
|switch|p2a: Keldeo|Keldeo|323\/323
|move|p1a: Medicham|Ice Punch|p2a: Keldeo
|-resisted|p2a: Keldeo
|-damage|p2a: Keldeo|240\/323
|
|turn|8
|
|switch|p1a: Raikou|Raikou|325\/325
|-ability|p1a: Raikou|Pressure
|move|p2a: Keldeo|Hydro Pump|p1a: Raikou
|-damage|p1a: Raikou|132\/325
|
|turn|9
|
|switch|p2a: Ferrothorn|Ferrothorn, M|350\/352
|move|p1a: Raikou|Volt Switch|p2a: Ferrothorn
|-resisted|p2a: Ferrothorn
|-damage|p2a: Ferrothorn|303\/352
|
|switch|p1a: Latios|Latios, M|301\/301
|
|-heal|p2a: Ferrothorn|325\/352|[from] item: Leftovers
|turn|10
|
|move|p1a: Latios|Hidden Power|p2a: Ferrothorn
|-supereffective|p2a: Ferrothorn
|-damage|p2a: Ferrothorn|13\/352
|-damage|p1a: Latios|271\/301|[from] item: Life Orb
|move|p2a: Ferrothorn|Stealth Rock|p1a: Latios
|-sidestart|p1: DennisEG|move: Stealth Rock
|
|-heal|p2a: Ferrothorn|35\/352|[from] item: Leftovers
|turn|11
|
|switch|p1a: Landorus-Therian|Landorus-Therian, M|357\/357
|-damage|p1a: Landorus-Therian|313\/357|[from] Stealth Rock
|-ability|p1a: Landorus-Therian|Intimidate|[of] p2a: Ferrothorn
|-unboost|p2a: Ferrothorn|atk|1
|switch|p2a: Tyranitar|Tyranitar, F|404\/404
|-weather|Sandstorm
|
|-weather|Sandstorm|[upkeep]
|-heal|p1a: Landorus-Therian|335\/357|[from] item: Leftovers
|turn|12
|
|switch|p2a: Ferrothorn|Ferrothorn, M|35\/352
|move|p1a: Landorus-Therian|Stealth Rock|p2a: Ferrothorn
|-sidestart|p2: Genesis7|move: Stealth Rock
|
|-weather|Sandstorm|[upkeep]
|-heal|p1a: Landorus-Therian|357\/357|[from] item: Leftovers
|-heal|p2a: Ferrothorn|57\/352|[from] item: Leftovers
|turn|13
|
|move|p1a: Landorus-Therian|Earthquake|p2a: Ferrothorn
|-damage|p2a: Ferrothorn|0 fnt
|faint|p2a: Ferrothorn
|
|-weather|Sandstorm|[upkeep]
|
|switch|p2a: Keldeo|Keldeo|240\/323
|-damage|p2a: Keldeo|220\/323|[from] Stealth Rock
|turn|14
|
|switch|p1a: Raikou|Raikou|132\/325
|-damage|p1a: Raikou|92\/325|[from] Stealth Rock
|-ability|p1a: Raikou|Pressure
|move|p2a: Keldeo|Icy Wind|p1a: Raikou
|-miss|p2a: Keldeo|p1a: Raikou
|
|-weather|Sandstorm|[upkeep]
|-damage|p1a: Raikou|72\/325|[from] sandstorm
|-damage|p2a: Keldeo|200\/323|[from] sandstorm
|turn|15
|c|âGenesis7|ofc
|
|switch|p2a: Latios|Latios, M|61\/299
|-damage|p2a: Latios|24\/299|[from] Stealth Rock
|move|p1a: Raikou|Volt Switch|p2a: Latios
|-resisted|p2a: Latios
|-damage|p2a: Latios|0 fnt
|faint|p2a: Latios
|
|switch|p1a: Medicham|Medicham-Mega, M|131\/261
|-damage|p1a: Medicham|115\/261|[from] Stealth Rock
|
|-weather|Sandstorm|[upkeep]
|-damage|p1a: Medicham|99\/261|[from] sandstorm
|
|switch|p2a: Excadrill|Excadrill, M|361\/361
|-damage|p2a: Excadrill|350\/361|[from] Stealth Rock
|-item|p2a: Excadrill|Air Balloon
|turn|16
|
|switch|p2a: Keldeo|Keldeo|200\/323
|-damage|p2a: Keldeo|180\/323|[from] Stealth Rock
|move|p1a: Medicham|Fake Out|p2a: Keldeo
|-damage|p2a: Keldeo|91\/323
|
|-weather|Sandstorm|[upkeep]
|-damage|p2a: Keldeo|71\/323|[from] sandstorm
|-damage|p1a: Medicham|83\/261|[from] sandstorm
|turn|17
|
|switch|p1a: Latios|Latios, M|271\/301
|-damage|p1a: Latios|234\/301|[from] Stealth Rock
|move|p2a: Keldeo|Scald|p1a: Latios
|-resisted|p1a: Latios
|-damage|p1a: Latios|144\/301
|-status|p1a: Latios|brn
|
|-weather|Sandstorm|[upkeep]
|-damage|p1a: Latios|126\/301 brn|[from] sandstorm
|-damage|p2a: Keldeo|51\/323|[from] sandstorm
|-damage|p1a: Latios|89\/301 brn|[from] brn
|turn|18
|
|move|p1a: Latios|Psyshock|p2a: Keldeo
|-crit|p2a: Keldeo
|-supereffective|p2a: Keldeo
|-damage|p2a: Keldeo|0 fnt
|-damage|p1a: Latios|59\/301 brn|[from] item: Life Orb
|faint|p2a: Keldeo
|
|-weather|none
|-damage|p1a: Latios|22\/301 brn|[from] brn
|
|switch|p2a: Tyranitar|Tyranitar, F|404\/404
|-damage|p2a: Tyranitar|354\/404|[from] Stealth Rock
|-weather|Sandstorm
|turn|19
|
|move|p1a: Latios|Draco Meteor|p2a: Tyranitar
|-damage|p2a: Tyranitar|142\/404
|-unboost|p1a: Latios|spa|2
|-damage|p1a: Latios|0 fnt|[from] item: Life Orb
|faint|p1a: Latios
|move|p2a: Tyranitar|Pursuit|p1: Latios|[notarget]
|-notarget
|
|-weather|Sandstorm|[upkeep]
|
|switch|p1a: Medicham|Medicham-Mega, M|83\/261
|-damage|p1a: Medicham|67\/261|[from] Stealth Rock
|turn|20
|
|move|p1a: Medicham|High Jump Kick|p2a: Tyranitar
|-supereffective|p2a: Tyranitar
|-damage|p2a: Tyranitar|0 fnt
|faint|p2a: Tyranitar
|
|-weather|Sandstorm|[upkeep]
|-damage|p1a: Medicham|51\/261|[from] sandstorm
|
|switch|p2a: Excadrill|Excadrill, M|350\/361
|-damage|p2a: Excadrill|339\/361|[from] Stealth Rock
|-item|p2a: Excadrill|Air Balloon
|turn|21
|
|switch|p1a: Landorus-Therian|Landorus-Therian, M|357\/357
|-damage|p1a: Landorus-Therian|313\/357|[from] Stealth Rock
|-ability|p1a: Landorus-Therian|Intimidate|[of] p2a: Excadrill
|-unboost|p2a: Excadrill|atk|1
|move|p2a: Excadrill|Iron Head|p1a: Landorus-Therian
|-damage|p1a: Landorus-Therian|231\/357
|
|-weather|Sandstorm|[upkeep]
|-heal|p1a: Landorus-Therian|253\/357|[from] item: Leftovers
|turn|22
|
|move|p2a: Excadrill|Iron Head|p1a: Landorus-Therian
|-crit|p1a: Landorus-Therian
|-damage|p1a: Landorus-Therian|82\/357
|move|p1a: Landorus-Therian|U-turn|p2a: Excadrill
|-resisted|p2a: Excadrill
|-damage|p2a: Excadrill|281\/361
|-enditem|p2a: Excadrill|Air Balloon
|
|switch|p1a: Medicham|Medicham-Mega, M|51\/261
|-damage|p1a: Medicham|35\/261|[from] Stealth Rock
|
|-weather|Sandstorm|[upkeep]
|-damage|p1a: Medicham|19\/261|[from] sandstorm
|turn|23
|
|move|p1a: Medicham|Fake Out|p2a: Excadrill
|-resisted|p2a: Excadrill
|-damage|p2a: Excadrill|219\/361
|cant|p2a: Excadrill|flinch
|
|-weather|Sandstorm|[upkeep]
|-damage|p1a: Medicham|3\/261|[from] sandstorm
|turn|24
|
|switch|p1a: Landorus-Therian|Landorus-Therian, M|82\/357
|-damage|p1a: Landorus-Therian|38\/357|[from] Stealth Rock
|-ability|p1a: Landorus-Therian|Intimidate|[of] p2a: Excadrill
|-unboost|p2a: Excadrill|atk|1
|move|p2a: Excadrill|Iron Head|p1a: Landorus-Therian
|-crit|p1a: Landorus-Therian
|-damage|p1a: Landorus-Therian|0 fnt
|faint|p1a: Landorus-Therian
|
|-weather|Sandstorm|[upkeep]
|
|switch|p1a: Bisharp|Bisharp, M|271\/271
|-damage|p1a: Bisharp|255\/271|[from] Stealth Rock
|turn|25
|
|switch|p2a: Gardevoir|Gardevoir, M|142\/277
|-damage|p2a: Gardevoir|108\/277|[from] Stealth Rock
|-ability|p2a: Gardevoir|Defiant|[from] ability: Trace|[of] p1a: Bisharp
|move|p1a: Bisharp|Sucker Punch|p2a: Gardevoir
|-fail|p2a: Gardevoir
|
|-weather|Sandstorm|[upkeep]
|-damage|p2a: Gardevoir|91\/277|[from] sandstorm
|turn|26
|
|detailschange|p2a: Gardevoir|Gardevoir-Mega, M
|message|Gardevoir has Mega Evolved into Mega Gardevoir!
|move|p2a: Gardevoir|Taunt|p1a: Bisharp
|-start|p1a: Bisharp|move: Taunt
|move|p1a: Bisharp|Knock Off|p2a: Gardevoir
|-damage|p2a: Gardevoir|0 fnt
|faint|p2a: Gardevoir
|
|-weather|none
|
|switch|p2a: Excadrill|Excadrill, M|219\/361
|-damage|p2a: Excadrill|208\/361|[from] Stealth Rock
|turn|27
|
|move|p1a: Bisharp|Sucker Punch|p2a: Excadrill
|-damage|p2a: Excadrill|0 fnt
|faint|p2a: Excadrill
|
|win|DennisEG
|leave|Genesis7
|player|p2
|leave|DennisEG
|player|p1