|inactive|Battle timer is ON: inactive players will automatically lose when time's up.
|join|DennisEG
|join|WhiteQueen
|player|p1|DennisEG|102
|player|p2|WhiteQueen|2
|gametype|singles
|gen|5
|tier|[Gen 5] OU
|rule|Evasion Abilities Clause: Evasion abilities are banned
|clearpoke
|poke|p1|Politoed, F
|poke|p1|Terrakion
|poke|p1|Jirachi
|poke|p1|Dragonite, F
|poke|p1|Keldeo
|poke|p1|Latios, M
|poke|p2|Politoed, M
|poke|p2|Dragonite, F
|poke|p2|Dugtrio, F
|poke|p2|Jirachi
|poke|p2|Blastoise, M
|poke|p2|Keldeo
|rule|Sleep Clause Mod: Limit one foe put to sleep
|rule|Species Clause: Limit one of each PokÃ©mon
|rule|OHKO Clause: OHKO moves are banned
|rule|Moody Clause: Moody is banned
|rule|Evasion Moves Clause: Evasion moves are banned
|rule|Endless Battle Clause: Forcing endless battles is banned
|rule|HP Percentage Mod: HP is shown in percentages
|teampreview
|join|Pyrogon
|leave|Pyrogon
|join|basedlord ctc
|
|start
|switch|p1a: Jirachi|Jirachi|341\/341
|switch|p2a: Dragonite|Dragonite, F|323\/323
|turn|1
|
|move|p1a: Jirachi|Iron Head|p2a: Dragonite
|-damage|p2a: Dragonite|263\/323
|cant|p2a: Dragonite|flinch
|
|turn|2
|
|move|p1a: Jirachi|Iron Head|p2a: Dragonite
|-damage|p2a: Dragonite|149\/323
|cant|p2a: Dragonite|flinch
|
|turn|3
|
|switch|p2a: Politoed|Politoed, M|321\/321
|-weather|RainDance|[from] ability: Drizzle|[of] p2a: Politoed
|move|p1a: Jirachi|Iron Head|p2a: Politoed
|-resisted|p2a: Politoed
|-damage|p2a: Politoed|246\/321
|
|-weather|RainDance|[upkeep]
|turn|4
|
|switch|p1a: Politoed|Politoed, F|373\/373
|move|p2a: Politoed|Scald|p1a: Politoed
|-resisted|p1a: Politoed
|-damage|p1a: Politoed|295\/373
|-status|p1a: Politoed|brn
|
|-weather|RainDance|[upkeep]
|-damage|p1a: Politoed|249\/373 brn|[from] brn
|turn|5
|
|move|p2a: Politoed|Scald|p1a: Politoed
|-resisted|p1a: Politoed
|-damage|p1a: Politoed|168\/373 brn
|move|p1a: Politoed|Surf|p2a: Politoed
|-resisted|p2a: Politoed
|-damage|p2a: Politoed|96\/321
|
|-weather|RainDance|[upkeep]
|-damage|p1a: Politoed|122\/373 brn|[from] brn
|turn|6
|
|switch|p2a: Blastoise|Blastoise, M|362\/362
|move|p1a: Politoed|Surf|p2a: Blastoise
|-resisted|p2a: Blastoise
|-damage|p2a: Blastoise|212\/362
|
|-weather|RainDance|[upkeep]
|-heal|p2a: Blastoise|234\/362|[from] ability: Rain Dish
|-heal|p2a: Blastoise|256\/362|[from] item: Leftovers
|-damage|p1a: Politoed|76\/373 brn|[from] brn
|turn|7
|
|switch|p1a: Latios|Latios, M|301\/301
|move|p2a: Blastoise|Scald|p1a: Latios
|-resisted|p1a: Latios
|-damage|p1a: Latios|248\/301
|-status|p1a: Latios|brn
|
|-weather|RainDance|[upkeep]
|-heal|p2a: Blastoise|278\/362|[from] ability: Rain Dish
|-heal|p2a: Blastoise|300\/362|[from] item: Leftovers
|-damage|p1a: Latios|211\/301 brn|[from] brn
|turn|8
|
|move|p2a: Blastoise|Protect|p2a: Blastoise
|-singleturn|p2a: Blastoise|Protect
|move|p1a: Latios|Surf|p2a: Blastoise
|-activate|p2a: Blastoise|Protect
|
|-weather|RainDance|[upkeep]
|-heal|p2a: Blastoise|322\/362|[from] ability: Rain Dish
|-heal|p2a: Blastoise|344\/362|[from] item: Leftovers
|-damage|p1a: Latios|174\/301 brn|[from] brn
|turn|9
|
|move|p1a: Latios|Recover|p1a: Latios
|-heal|p1a: Latios|301\/301 brn
|move|p2a: Blastoise|Scald|p1a: Latios
|-resisted|p1a: Latios
|-damage|p1a: Latios|247\/301 brn
|
|-weather|RainDance|[upkeep]
|-heal|p2a: Blastoise|362\/362|[from] ability: Rain Dish
|-damage|p1a: Latios|210\/301 brn|[from] brn
|turn|10
|
|switch|p2a: Jirachi|Jirachi|404\/404
|move|p1a: Latios|Psyshock|p2a: Jirachi
|-resisted|p2a: Jirachi
|-damage|p2a: Jirachi|359\/404
|-damage|p1a: Latios|180\/301 brn|[from] item: Life Orb
|
|-weather|RainDance|[upkeep]
|-heal|p2a: Jirachi|384\/404|[from] item: Leftovers
|-damage|p1a: Latios|143\/301 brn|[from] brn
|turn|11
|
|move|p1a: Latios|Recover|p1a: Latios
|-heal|p1a: Latios|294\/301 brn
|move|p2a: Jirachi|U-turn|p1a: Latios
|-supereffective|p1a: Latios
|-damage|p1a: Latios|168\/301 brn
|
|switch|p2a: Dugtrio|Dugtrio, F|211\/211
|
|-weather|RainDance|[upkeep]
|-damage|p1a: Latios|131\/301 brn|[from] brn
|turn|12
|join|crashinboombang
|leave|crashinboombang
|
|move|p2a: Dugtrio|Stealth Rock|p1a: Latios
|-sidestart|p1: DennisEG|move: Stealth Rock
|move|p1a: Latios|Recover|p1a: Latios
|-heal|p1a: Latios|282\/301 brn
|
|-weather|RainDance|[upkeep]
|-damage|p1a: Latios|245\/301 brn|[from] brn
|turn|13
|
|switch|p2a: Blastoise|Blastoise, M|362\/362
|move|p1a: Latios|Surf|p2a: Blastoise
|-resisted|p2a: Blastoise
|-damage|p2a: Blastoise|263\/362
|-damage|p1a: Latios|215\/301 brn|[from] item: Life Orb
|
|-weather|RainDance|[upkeep]
|-heal|p2a: Blastoise|285\/362|[from] ability: Rain Dish
|-heal|p2a: Blastoise|307\/362|[from] item: Leftovers
|-damage|p1a: Latios|178\/301 brn|[from] brn
|turn|14
|leave|basedlord ctc
|
|move|p2a: Blastoise|Protect|p2a: Blastoise
|-singleturn|p2a: Blastoise|Protect
|move|p1a: Latios|Draco Meteor|p2a: Blastoise
|-activate|p2a: Blastoise|Protect
|
|-weather|RainDance|[upkeep]
|-heal|p2a: Blastoise|329\/362|[from] ability: Rain Dish
|-heal|p2a: Blastoise|351\/362|[from] item: Leftovers
|-damage|p1a: Latios|141\/301 brn|[from] brn
|turn|15
|
|switch|p2a: Jirachi|Jirachi|384\/404
|move|p1a: Latios|Recover|p1a: Latios
|-heal|p1a: Latios|292\/301 brn
|
|-weather|RainDance|[upkeep]
|-heal|p2a: Jirachi|404\/404|[from] item: Leftovers
|-damage|p1a: Latios|255\/301 brn|[from] brn
|turn|16
|
|switch|p1a: Jirachi|Jirachi|341\/341
|-damage|p1a: Jirachi|320\/341|[from] Stealth Rock
|move|p2a: Jirachi|U-turn|p1a: Jirachi
|-damage|p1a: Jirachi|270\/341
|
|switch|p2a: Keldeo|Keldeo|323\/323
|
|-weather|RainDance|[upkeep]
|turn|17
|
|move|p2a: Keldeo|Surf|p1a: Jirachi
|-damage|p1a: Jirachi|32\/341
|move|p1a: Jirachi|Stealth Rock|p2a: Keldeo
|-sidestart|p2: WhiteQueen|move: Stealth Rock
|
|-weather|RainDance|[upkeep]
|turn|18
|
|switch|p2a: Blastoise|Blastoise, M|351\/362
|-damage|p2a: Blastoise|306\/362|[from] Stealth Rock
|switch|p1a: Politoed|Politoed, F|76\/373 brn
|-damage|p1a: Politoed|30\/373 brn|[from] Stealth Rock
|
|-weather|RainDance|[upkeep]
|-heal|p2a: Blastoise|328\/362|[from] ability: Rain Dish
|-heal|p2a: Blastoise|350\/362|[from] item: Leftovers
|-damage|p1a: Politoed|0 fnt|[from] brn
|faint|p1a: Politoed
|
|switch|p1a: Dragonite|Dragonite, F|323\/323
|-damage|p1a: Dragonite|243\/323|[from] Stealth Rock
|turn|19
|
|move|p1a: Dragonite|Hurricane|p2a: Blastoise
|-damage|p2a: Blastoise|176\/362
|move|p2a: Blastoise|Rapid Spin|p1a: Dragonite
|-damage|p1a: Dragonite|229\/323
|-sideend|p2: WhiteQueen|Stealth Rock|[from] move: Rapid Spin|[of] p2a: Blastoise
|
|-weather|RainDance|[upkeep]
|-heal|p2a: Blastoise|198\/362|[from] ability: Rain Dish
|-heal|p1a: Dragonite|249\/323|[from] item: Leftovers
|-heal|p2a: Blastoise|220\/362|[from] item: Leftovers
|turn|20
|join|bomber
|
|move|p2a: Blastoise|Protect|p2a: Blastoise
|-singleturn|p2a: Blastoise|Protect
|move|p1a: Dragonite|Hurricane|p2a: Blastoise
|-activate|p2a: Blastoise|Protect
|
|-weather|RainDance|[upkeep]
|-heal|p2a: Blastoise|242\/362|[from] ability: Rain Dish
|-heal|p1a: Dragonite|269\/323|[from] item: Leftovers
|-heal|p2a: Blastoise|264\/362|[from] item: Leftovers
|turn|21
|
|move|p1a: Dragonite|Hurricane|p2a: Blastoise
|-damage|p2a: Blastoise|65\/362
|-start|p2a: Blastoise|confusion
|-activate|p2a: Blastoise|confusion
|-damage|p2a: Blastoise|45\/362|[from] confusion
|
|-weather|RainDance|[upkeep]
|-heal|p2a: Blastoise|67\/362|[from] ability: Rain Dish
|-heal|p1a: Dragonite|289\/323|[from] item: Leftovers
|-heal|p2a: Blastoise|89\/362|[from] item: Leftovers
|turn|22
|
|switch|p2a: Jirachi|Jirachi|404\/404
|move|p1a: Dragonite|Hurricane|p2a: Jirachi
|-crit|p2a: Jirachi
|-resisted|p2a: Jirachi
|-damage|p2a: Jirachi|271\/404
|-start|p2a: Jirachi|confusion
|
|-weather|RainDance|[upkeep]
|-heal|p2a: Jirachi|296\/404|[from] item: Leftovers
|-heal|p1a: Dragonite|309\/323|[from] item: Leftovers
|turn|23
|
|-activate|p2a: Jirachi|confusion
|move|p2a: Jirachi|Body Slam|p1a: Dragonite
|-damage|p1a: Dragonite|251\/323
|-status|p1a: Dragonite|par
|move|p1a: Dragonite|Thunder|p2a: Jirachi
|-damage|p2a: Jirachi|207\/404
|-status|p2a: Jirachi|par
|
|-weather|RainDance|[upkeep]
|-heal|p2a: Jirachi|232\/404 par|[from] item: Leftovers
|-heal|p1a: Dragonite|271\/323 par|[from] item: Leftovers
|turn|24
|
|cant|p2a: Jirachi|par
|move|p1a: Dragonite|Hurricane|p2a: Jirachi
|-resisted|p2a: Jirachi
|-damage|p2a: Jirachi|157\/404 par
|
|-weather|RainDance|[upkeep]
|-heal|p2a: Jirachi|182\/404 par|[from] item: Leftovers
|-heal|p1a: Dragonite|291\/323 par|[from] item: Leftovers
|turn|25
|
|-end|p2a: Jirachi|confusion
|move|p2a: Jirachi|Healing Wish|p2a: Jirachi
|faint|p2a: Jirachi
|move|p1a: Dragonite|Thunder|p2: Jirachi|[notarget]
|-notarget
|
|-weather|RainDance|[upkeep]
|-heal|p1a: Dragonite|311\/323 par|[from] item: Leftovers
|
|switch|p2a: Dragonite|Dragonite, F|149\/323
|-heal|p2a: Dragonite|323\/323|[from] move: Healing Wish
|turn|26
|
|move|p2a: Dragonite|Draco Meteor|p1a: Dragonite
|-supereffective|p1a: Dragonite
|-damage|p1a: Dragonite|0 fnt
|-unboost|p2a: Dragonite|spa|2
|faint|p1a: Dragonite
|
|-weather|RainDance|[upkeep]
|
|switch|p1a: Terrakion|Terrakion|323\/323
|-damage|p1a: Terrakion|303\/323|[from] Stealth Rock
|turn|27
|
|switch|p2a: Dugtrio|Dugtrio, F|211\/211
|move|p1a: Terrakion|Substitute|p1a: Terrakion
|-start|p1a: Terrakion|Substitute
|-damage|p1a: Terrakion|223\/323
|
|-weather|RainDance|[upkeep]
|turn|28
|
|move|p2a: Dugtrio|Earthquake|p1a: Terrakion
|-supereffective|p1a: Terrakion
|-end|p1a: Terrakion|Substitute
|move|p1a: Terrakion|Stone Edge|p2a: Dugtrio
|-resisted|p2a: Dugtrio
|-damage|p2a: Dugtrio|65\/211
|
|-weather|RainDance|[upkeep]
|turn|29
|
|move|p2a: Dugtrio|Earthquake|p1a: Terrakion
|-crit|p1a: Terrakion
|-supereffective|p1a: Terrakion
|-damage|p1a: Terrakion|0 fnt
|faint|p1a: Terrakion
|
|-weather|RainDance|[upkeep]
|
|switch|p1a: Jirachi|Jirachi|32\/341
|-damage|p1a: Jirachi|11\/341|[from] Stealth Rock
|turn|30
|
|switch|p2a: Blastoise|Blastoise, M|89\/362
|move|p1a: Jirachi|Iron Head|p2a: Blastoise
|-resisted|p2a: Blastoise
|-damage|p2a: Blastoise|47\/362
|
|-weather|RainDance|[upkeep]
|-heal|p2a: Blastoise|69\/362|[from] ability: Rain Dish
|-heal|p2a: Blastoise|91\/362|[from] item: Leftovers
|turn|31
|
|switch|p1a: Keldeo|Keldeo|323\/323
|-damage|p1a: Keldeo|303\/323|[from] Stealth Rock
|move|p2a: Blastoise|Protect|p2a: Blastoise
|-fail|p2a: Blastoise
|
|-weather|RainDance|[upkeep]
|-heal|p2a: Blastoise|113\/362|[from] ability: Rain Dish
|-heal|p2a: Blastoise|135\/362|[from] item: Leftovers
|turn|32
|leave|bomber
|
|move|p2a: Blastoise|Protect|p2a: Blastoise
|-singleturn|p2a: Blastoise|Protect
|move|p1a: Keldeo|Secret Sword|p2a: Blastoise
|-activate|p2a: Blastoise|Protect
|
|-weather|RainDance|[upkeep]
|-heal|p2a: Blastoise|157\/362|[from] ability: Rain Dish
|-heal|p2a: Blastoise|179\/362|[from] item: Leftovers
|turn|33
|
|move|p1a: Keldeo|Secret Sword|p2a: Blastoise
|-damage|p2a: Blastoise|79\/362
|move|p2a: Blastoise|Scald|p1a: Keldeo
|-resisted|p1a: Keldeo
|-damage|p1a: Keldeo|233\/323
|-status|p1a: Keldeo|brn
|
|-weather|RainDance|[upkeep]
|-heal|p2a: Blastoise|101\/362|[from] ability: Rain Dish
|-heal|p2a: Blastoise|123\/362|[from] item: Leftovers
|-damage|p1a: Keldeo|193\/323 brn|[from] brn
|turn|34
|
|switch|p1a: Latios|Latios, M|255\/301 brn
|-damage|p1a: Latios|218\/301 brn|[from] Stealth Rock
|move|p2a: Blastoise|Protect|p2a: Blastoise
|-fail|p2a: Blastoise
|
|-weather|RainDance|[upkeep]
|-heal|p2a: Blastoise|145\/362|[from] ability: Rain Dish
|-heal|p2a: Blastoise|167\/362|[from] item: Leftovers
|-damage|p1a: Latios|181\/301 brn|[from] brn
|turn|35
|
|switch|p2a: Dugtrio|Dugtrio, F|65\/211
|move|p1a: Latios|Recover|p1a: Latios
|-heal|p1a: Latios|301\/301 brn
|
|-weather|RainDance|[upkeep]
|-damage|p1a: Latios|264\/301 brn|[from] brn
|turn|36
|
|move|p2a: Dugtrio|Memento|p1a: Latios
|-unboost|p1a: Latios|atk|2
|-unboost|p1a: Latios|spa|2
|faint|p2a: Dugtrio
|move|p1a: Latios|Surf|p2: Dugtrio|[notarget]
|-notarget
|
|-weather|RainDance|[upkeep]
|-damage|p1a: Latios|227\/301 brn|[from] brn
|
|switch|p2a: Dragonite|Dragonite, F|323\/323
|turn|37
|
|switch|p1a: Jirachi|Jirachi|11\/341
|-damage|p1a: Jirachi|0 fnt|[from] Stealth Rock
|faint|p1a: Jirachi
|move|p2a: Dragonite|Hurricane|p1: Jirachi|[notarget]
|-notarget
|
|-weather|RainDance|[upkeep]
|
|switch|p1a: Keldeo|Keldeo|193\/323 brn
|-damage|p1a: Keldeo|173\/323 brn|[from] Stealth Rock
|turn|38
|
|move|p1a: Keldeo|Surf|p2a: Dragonite
|-resisted|p2a: Dragonite
|-damage|p2a: Dragonite|256\/323
|move|p2a: Dragonite|Hurricane|p1a: Keldeo
|-supereffective|p1a: Keldeo
|-damage|p1a: Keldeo|0 fnt
|faint|p1a: Keldeo
|
|-weather|RainDance|[upkeep]
|
|switch|p1a: Latios|Latios, M|227\/301 brn
|-damage|p1a: Latios|190\/301 brn|[from] Stealth Rock
|turn|39
|
|move|p1a: Latios|Draco Meteor|p2a: Dragonite
|-supereffective|p2a: Dragonite
|-damage|p2a: Dragonite|0 fnt
|-unboost|p1a: Latios|spa|2
|-damage|p1a: Latios|160\/301 brn|[from] item: Life Orb
|faint|p2a: Dragonite
|
|-weather|RainDance|[upkeep]
|-damage|p1a: Latios|123\/301 brn|[from] brn
|
|switch|p2a: Politoed|Politoed, M|96\/321
|turn|40
|
|move|p2a: Politoed|Ice Beam|p1a: Latios
|-supereffective|p1a: Latios
|-damage|p1a: Latios|0 fnt
|faint|p1a: Latios
|
|win|WhiteQueen
|c|âDennisEG|gg
|c|âWhiteQueen|gg
|leave|WhiteQueen
|player|p2
|leave|DennisEG
|player|p1
|join|Sken
|leave|Sken