|inactive|Battle timer is ON: inactive players will automatically lose when time's up.
|join|DennisEG
|join|an adv
|player|p1|DennisEG|76
|player|p2|an adv|2
|gametype|singles
|gen|4
|tier|[Gen 4] OU
|rule|Sleep Clause Mod: Limit one foe put to sleep
|rule|Species Clause: Limit one of each PokÃ©mon
|rule|OHKO Clause: OHKO moves are banned
|rule|Moody Clause: Moody is banned
|rule|Evasion Moves Clause: Evasion moves are banned
|rule|Endless Battle Clause: Forcing endless battles is banned
|rule|HP Percentage Mod: HP is shown in percentages
|
|start
|switch|p1a: Heatran|Heatran, M|323\/323
|switch|p2a: DJORKAEFF|Azelf|354\/354
|turn|1
|join|BLEED THE FREAK
|c|âan adv|hf
|join|Kojes
|c|âDennisEG|hf fren
|
|move|p2a: DJORKAEFF|Rain Dance|p2a: DJORKAEFF
|-weather|RainDance
|move|p1a: Heatran|Fire Blast|p2a: DJORKAEFF
|-damage|p2a: DJORKAEFF|198\/354
|
|-weather|RainDance|[upkeep]
|turn|2
|
|move|p2a: DJORKAEFF|Taunt|p1a: Heatran
|-start|p1a: Heatran|move: Taunt
|cant|p1a: Heatran|move: Taunt|Stealth Rock
|
|-weather|RainDance|[upkeep]
|turn|3
|
|move|p2a: DJORKAEFF|Stealth Rock|p1a: Heatran
|-sidestart|p1: DennisEG|move: Stealth Rock
|move|p1a: Heatran|Fire Blast|p2a: DJORKAEFF
|-damage|p2a: DJORKAEFF|47\/354
|
|-weather|RainDance|[upkeep]
|turn|4
|
|move|p2a: DJORKAEFF|Explosion|p1a: Heatran
|-resisted|p1a: Heatran
|-damage|p1a: Heatran|118\/323
|faint|p2a: DJORKAEFF
|move|p1a: Heatran|Earth Power|p2: DJORKAEFF|[notarget]
|-notarget
|
|-weather|RainDance|[upkeep]
|-end|p1a: Heatran|move: Taunt
|
|switch|p2a: LIZARAZU|Qwilfish, F|293\/293
|turn|5
|
|move|p2a: LIZARAZU|Waterfall|p1a: Heatran
|-supereffective|p1a: Heatran
|-damage|p1a: Heatran|0 fnt
|-damage|p2a: LIZARAZU|264\/293|[from] item: Life Orb
|faint|p1a: Heatran
|
|-weather|RainDance|[upkeep]
|
|switch|p1a: Suicune|Suicune|349\/349
|-damage|p1a: Suicune|306\/349|[from] Stealth Rock
|-ability|p1a: Suicune|Pressure
|turn|6
|
|move|p2a: LIZARAZU|Explosion|p1a: Suicune
|-damage|p1a: Suicune|0 fnt
|faint|p1a: Suicune
|faint|p2a: LIZARAZU
|
|-weather|RainDance|[upkeep]
|
|switch|p2a: DESCHAMPS|Ludicolo, F|317\/317
|switch|p1a: Breloom|Breloom, F|319\/319
|-damage|p1a: Breloom|300\/319|[from] Stealth Rock
|turn|7
|
|switch|p1a: Jirachi|Jirachi|341\/341
|-damage|p1a: Jirachi|320\/341|[from] Stealth Rock
|move|p2a: DESCHAMPS|Ice Beam|p1a: Jirachi
|-resisted|p1a: Jirachi
|-damage|p1a: Jirachi|263\/341
|-damage|p2a: DESCHAMPS|286\/317|[from] item: Life Orb
|
|-weather|RainDance|[upkeep]
|-heal|p1a: Jirachi|284\/341|[from] item: Leftovers
|turn|8
|
|move|p2a: DESCHAMPS|Hydro Pump|p1a: Jirachi|[miss]
|-miss|p2a: DESCHAMPS|p1a: Jirachi
|move|p1a: Jirachi|Calm Mind|p1a: Jirachi
|-boost|p1a: Jirachi|spa|1
|-boost|p1a: Jirachi|spd|1
|
|-weather|none
|-heal|p1a: Jirachi|305\/341|[from] item: Leftovers
|turn|9
|
|move|p1a: Jirachi|Psychic|p2a: DESCHAMPS
|-crit|p2a: DESCHAMPS
|-damage|p2a: DESCHAMPS|0 fnt
|faint|p2a: DESCHAMPS
|
|-heal|p1a: Jirachi|326\/341|[from] item: Leftovers
|
|switch|p2a: BARTHEZ|Dugtrio, F|212\/212
|turn|10
|c|âDennisEG|:[
|
|move|p2a: BARTHEZ|Earthquake|p1a: Jirachi
|-crit|p1a: Jirachi
|-supereffective|p1a: Jirachi
|-damage|p1a: Jirachi|0 fnt
|-damage|p2a: BARTHEZ|191\/212|[from] item: Life Orb
|faint|p1a: Jirachi
|
|
|switch|p1a: Flygon|Flygon, M|301\/301
|-damage|p1a: Flygon|283\/301|[from] Stealth Rock
|turn|11
|
|move|p2a: BARTHEZ|Sucker Punch|p1a: Flygon
|-damage|p1a: Flygon|166\/301
|-damage|p2a: BARTHEZ|170\/212|[from] item: Life Orb
|move|p1a: Flygon|Outrage|p2a: BARTHEZ
|-damage|p2a: BARTHEZ|0 fnt
|faint|p2a: BARTHEZ
|
|
|switch|p2a: ZIDANE|Zapdos|361\/361
|-ability|p2a: ZIDANE|Pressure
|turn|12
|
|move|p1a: Flygon|Outrage|p2a: ZIDANE
|-damage|p2a: ZIDANE|154\/361
|move|p2a: ZIDANE|Agility|p2a: ZIDANE
|-boost|p2a: ZIDANE|spe|2
|
|-heal|p2a: ZIDANE|176\/361|[from] item: Leftovers
|turn|13
|
|move|p2a: ZIDANE|Hidden Power|p1a: Flygon
|-supereffective|p1a: Flygon
|-damage|p1a: Flygon|0 fnt
|faint|p1a: Flygon
|
|-heal|p2a: ZIDANE|198\/361|[from] item: Leftovers
|
|switch|p1a: Azelf|Azelf|291\/291
|-damage|p1a: Azelf|255\/291|[from] Stealth Rock
|turn|14
|c|âan adv|guess this is deciding the match
|c|âan adv|pls hit
|
|move|p2a: ZIDANE|Thunder|p1a: Azelf|[miss]
|-miss|p2a: ZIDANE|p1a: Azelf
|move|p1a: Azelf|Zen Headbutt|p2a: ZIDANE
|-damage|p2a: ZIDANE|0 fnt
|faint|p2a: ZIDANE
|
|
|switch|p2a: BLANC|Kingdra, M|314\/314
|turn|15
|
|move|p1a: Azelf|Zen Headbutt|p2a: BLANC
|-damage|p2a: BLANC|109\/314
|cant|p2a: BLANC|flinch
|
|turn|16
|c|âDennisEG|oml
|c|âDennisEG|im really sorry fren
|c|âan adv|yo gg fren
|c|âan adv|np
|
|move|p1a: Azelf|Zen Headbutt|p2a: BLANC
|-damage|p2a: BLANC|0 fnt
|faint|p2a: BLANC
|
|win|DennisEG
|c|âDennisEG|maaaan
|c|âDennisEG|gg :[
|c|âan adv|:]
|leave|DennisEG
|player|p1
|leave|an adv
|player|p2
|leave|Kojes