|inactive|Battle timer is ON: inactive players will automatically lose when time's up.
|join|DennisEG
|join|jacob
|player|p1|DennisEG|76
|player|p2|jacob|287
|gametype|singles
|gen|4
|tier|[Gen 4] OU
|rule|Sleep Clause Mod: Limit one foe put to sleep
|rule|Species Clause: Limit one of each PokÃ©mon
|rule|OHKO Clause: OHKO moves are banned
|rule|Moody Clause: Moody is banned
|rule|Evasion Moves Clause: Evasion moves are banned
|rule|Endless Battle Clause: Forcing endless battles is banned
|rule|HP Percentage Mod: HP is shown in percentages
|
|start
|switch|p1a: Metagross|Metagross|361\/361
|switch|p2a: Jirachi|Jirachi|404\/404
|turn|1
|c|âjacob|hf
|
|move|p2a: Jirachi|Stealth Rock|p1a: Metagross
|-sidestart|p1: DennisEG|move: Stealth Rock
|move|p1a: Metagross|Stealth Rock|p2a: Jirachi
|-sidestart|p2: jacob|move: Stealth Rock
|
|turn|2
|c|âDennisEG|u2 man
|
|switch|p2a: Celebi|Celebi|404\/404
|-damage|p2a: Celebi|354\/404|[from] Stealth Rock
|move|p1a: Metagross|Earthquake|p2a: Celebi
|-resisted|p2a: Celebi
|-damage|p2a: Celebi|303\/404
|
|-heal|p2a: Celebi|328\/404|[from] item: Leftovers
|turn|3
|
|move|p2a: Celebi|Thunder Wave|p1a: Metagross
|-status|p1a: Metagross|par
|-enditem|p1a: Metagross|Lum Berry|[eat]
|-curestatus|p1a: Metagross|par
|move|p1a: Metagross|Meteor Mash|p2a: Celebi
|-damage|p2a: Celebi|178\/404
|-boost|p1a: Metagross|atk|1
|
|-heal|p2a: Celebi|203\/404|[from] item: Leftovers
|turn|4
|
|switch|p2a: Gyarados|Gyarados, M|394\/394
|-damage|p2a: Gyarados|296\/394|[from] Stealth Rock
|-ability|p2a: Gyarados|Intimidate|[of] p1a: Metagross
|-fail|p1a: Metagross|unboost|[from] ability: Clear Body|[of] p1a: Metagross
|move|p1a: Metagross|Meteor Mash|p2a: Gyarados|[miss]
|-miss|p1a: Metagross|p2a: Gyarados
|
|-heal|p2a: Gyarados|320\/394|[from] item: Leftovers
|turn|5
|
|switch|p1a: Starmie|Starmie|261\/261
|-damage|p1a: Starmie|229\/261|[from] Stealth Rock
|move|p2a: Gyarados|Dragon Dance|p2a: Gyarados
|-boost|p2a: Gyarados|atk|1
|-boost|p2a: Gyarados|spe|1
|
|-heal|p2a: Gyarados|344\/394|[from] item: Leftovers
|turn|6
|
|switch|p2a: Blissey|Blissey, F|651\/651
|-damage|p2a: Blissey|570\/651|[from] Stealth Rock
|move|p1a: Starmie|Thunderbolt|p2a: Blissey
|-damage|p2a: Blissey|499\/651
|-damage|p1a: Starmie|203\/261|[from] item: Life Orb
|
|-heal|p2a: Blissey|539\/651|[from] item: Leftovers
|turn|7
|
|move|p1a: Starmie|Rapid Spin|p2a: Blissey
|-damage|p2a: Blissey|509\/651
|-sideend|p1: DennisEG|Stealth Rock|[from] move: Rapid Spin|[of] p1a: Starmie
|-damage|p1a: Starmie|177\/261|[from] item: Life Orb
|move|p2a: Blissey|Thunder Wave|p1a: Starmie
|-status|p1a: Starmie|par
|
|-heal|p2a: Blissey|549\/651|[from] item: Leftovers
|turn|8
|
|switch|p2a: Tyranitar|Tyranitar, M|404\/404
|-damage|p2a: Tyranitar|354\/404|[from] Stealth Rock
|-weather|Sandstorm|[from] ability: Sand Stream|[of] p2a: Tyranitar
|switch|p1a: Scizor|Scizor, M|344\/344
|
|-weather|Sandstorm|[upkeep]
|turn|9
|
|switch|p1a: Metagross|Metagross|361\/361
|switch|p2a: Gyarados|Gyarados, M|344\/394
|-damage|p2a: Gyarados|246\/394|[from] Stealth Rock
|-ability|p2a: Gyarados|Intimidate|[of] p1a: Metagross
|-fail|p1a: Metagross|unboost|[from] ability: Clear Body|[of] p1a: Metagross
|
|-weather|Sandstorm|[upkeep]
|-damage|p2a: Gyarados|222\/394|[from] sandstorm
|-heal|p2a: Gyarados|246\/394|[from] item: Leftovers
|turn|10
|
|switch|p1a: Flygon|Flygon, F|301\/301
|move|p2a: Gyarados|Dragon Dance|p2a: Gyarados
|-boost|p2a: Gyarados|atk|1
|-boost|p2a: Gyarados|spe|1
|
|-weather|Sandstorm|[upkeep]
|-damage|p2a: Gyarados|222\/394|[from] sandstorm
|-heal|p2a: Gyarados|246\/394|[from] item: Leftovers
|turn|11
|
|switch|p2a: Jirachi|Jirachi|404\/404
|-damage|p2a: Jirachi|379\/404|[from] Stealth Rock
|move|p1a: Flygon|Outrage|p2a: Jirachi
|-resisted|p2a: Jirachi
|-damage|p2a: Jirachi|315\/404
|
|-weather|Sandstorm|[upkeep]
|-heal|p2a: Jirachi|340\/404|[from] item: Leftovers
|turn|12
|
|move|p1a: Flygon|Outrage|p2a: Jirachi
|-resisted|p2a: Jirachi
|-damage|p2a: Jirachi|276\/404
|move|p2a: Jirachi|Body Slam|p1a: Flygon
|-damage|p1a: Flygon|215\/301
|-status|p1a: Flygon|par
|
|-weather|Sandstorm|[upkeep]
|-heal|p2a: Jirachi|301\/404|[from] item: Leftovers
|turn|13
|
|move|p2a: Jirachi|Zen Headbutt|p1a: Flygon
|-damage|p1a: Flygon|106\/301 par
|move|p1a: Flygon|Outrage|p2a: Jirachi
|-resisted|p2a: Jirachi
|-damage|p2a: Jirachi|241\/404
|
|-end|p1a: Flygon|rampage
|-start|p1a: Flygon|confusion
|-weather|Sandstorm|[upkeep]
|-heal|p2a: Jirachi|266\/404|[from] item: Leftovers
|turn|14
|
|move|p2a: Jirachi|Wish|p2a: Jirachi
|-activate|p1a: Flygon|confusion
|move|p1a: Flygon|Outrage|p2a: Jirachi
|-resisted|p2a: Jirachi
|-damage|p2a: Jirachi|197\/404
|
|-weather|Sandstorm|[upkeep]
|-heal|p2a: Jirachi|222\/404|[from] item: Leftovers
|turn|15
|
|move|p2a: Jirachi|Zen Headbutt|p1a: Flygon
|-damage|p1a: Flygon|0 fnt
|faint|p1a: Flygon
|
|-weather|Sandstorm|[upkeep]
|-heal|p2a: Jirachi|404\/404|[from] move: Wish|[wisher] Jirachi
|
|switch|p1a: Scizor|Scizor, M|344\/344
|turn|16
|join|Genesis7
|
|switch|p2a: Gyarados|Gyarados, M|246\/394
|-damage|p2a: Gyarados|148\/394|[from] Stealth Rock
|-ability|p2a: Gyarados|Intimidate|[of] p1a: Scizor
|-unboost|p1a: Scizor|atk|1
|move|p1a: Scizor|U-turn|p2a: Gyarados
|-resisted|p2a: Gyarados
|-damage|p2a: Gyarados|70\/394
|
|switch|p1a: Lucario|Lucario, M|281\/281
|
|-weather|Sandstorm|[upkeep]
|-damage|p2a: Gyarados|46\/394|[from] sandstorm
|-heal|p2a: Gyarados|70\/394|[from] item: Leftovers
|turn|17
|
|move|p1a: Lucario|Crunch|p2a: Gyarados
|-damage|p2a: Gyarados|0 fnt
|-damage|p1a: Lucario|253\/281|[from] item: Life Orb
|faint|p2a: Gyarados
|
|-weather|Sandstorm|[upkeep]
|
|switch|p2a: Machamp|Machamp, M|384\/384
|-damage|p2a: Machamp|360\/384|[from] Stealth Rock
|turn|18
|
|switch|p1a: Metagross|Metagross|361\/361
|move|p2a: Machamp|Dynamic Punch|p1a: Metagross
|-damage|p1a: Metagross|217\/361
|-start|p1a: Metagross|confusion
|
|-weather|Sandstorm|[upkeep]
|-damage|p2a: Machamp|336\/384|[from] sandstorm
|-heal|p2a: Machamp|360\/384|[from] item: Leftovers
|turn|19
|
|switch|p2a: Jirachi|Jirachi|404\/404
|-damage|p2a: Jirachi|379\/404|[from] Stealth Rock
|-activate|p1a: Metagross|confusion
|move|p1a: Metagross|Meteor Mash|p2a: Jirachi
|-resisted|p2a: Jirachi
|-damage|p2a: Jirachi|306\/404
|
|-weather|Sandstorm|[upkeep]
|-heal|p2a: Jirachi|331\/404|[from] item: Leftovers
|turn|20
|
|move|p2a: Jirachi|Body Slam|p1a: Metagross
|-resisted|p1a: Metagross
|-damage|p1a: Metagross|190\/361
|-status|p1a: Metagross|par
|cant|p1a: Metagross|par
|
|-weather|Sandstorm|[upkeep]
|-heal|p2a: Jirachi|356\/404|[from] item: Leftovers
|turn|21
|
|move|p2a: Jirachi|Stealth Rock|p1a: Metagross
|-sidestart|p1: DennisEG|move: Stealth Rock
|cant|p1a: Metagross|par
|
|-weather|Sandstorm|[upkeep]
|-heal|p2a: Jirachi|381\/404|[from] item: Leftovers
|turn|22
|
|move|p2a: Jirachi|Zen Headbutt|p1a: Metagross
|-resisted|p1a: Metagross
|-damage|p1a: Metagross|171\/361 par
|cant|p1a: Metagross|par
|
|-weather|Sandstorm|[upkeep]
|-heal|p2a: Jirachi|404\/404|[from] item: Leftovers
|turn|23
|
|move|p2a: Jirachi|Zen Headbutt|p1a: Metagross
|-resisted|p1a: Metagross
|-damage|p1a: Metagross|152\/361 par
|-activate|p1a: Metagross|confusion
|move|p1a: Metagross|Earthquake|p2a: Jirachi
|-supereffective|p2a: Jirachi
|-damage|p2a: Jirachi|198\/404
|
|-weather|Sandstorm|[upkeep]
|-heal|p2a: Jirachi|223\/404|[from] item: Leftovers
|turn|24
|
|move|p2a: Jirachi|Wish|p2a: Jirachi
|cant|p1a: Metagross|par
|
|-weather|Sandstorm|[upkeep]
|-heal|p2a: Jirachi|248\/404|[from] item: Leftovers
|turn|25
|
|move|p2a: Jirachi|Zen Headbutt|p1a: Metagross
|-resisted|p1a: Metagross
|-damage|p1a: Metagross|134\/361 par
|-activate|p1a: Metagross|confusion
|move|p1a: Metagross|Earthquake|p2a: Jirachi
|-supereffective|p2a: Jirachi
|-damage|p2a: Jirachi|48\/404
|
|-weather|Sandstorm|[upkeep]
|-heal|p2a: Jirachi|250\/404|[from] move: Wish|[wisher] Jirachi
|-heal|p2a: Jirachi|275\/404|[from] item: Leftovers
|turn|26
|
|move|p2a: Jirachi|Wish|p2a: Jirachi
|-activate|p1a: Metagross|confusion
|-damage|p1a: Metagross|95\/361 par|[from] confusion
|
|-weather|Sandstorm|[upkeep]
|-heal|p2a: Jirachi|300\/404|[from] item: Leftovers
|turn|27
|
|move|p2a: Jirachi|Zen Headbutt|p1a: Metagross
|-resisted|p1a: Metagross
|-damage|p1a: Metagross|75\/361 par
|cant|p1a: Metagross|flinch
|
|-weather|Sandstorm|[upkeep]
|-heal|p2a: Jirachi|404\/404|[from] move: Wish|[wisher] Jirachi
|turn|28
|
|move|p2a: Jirachi|Zen Headbutt|p1a: Metagross
|-resisted|p1a: Metagross
|-damage|p1a: Metagross|58\/361 par
|cant|p1a: Metagross|flinch
|
|-weather|Sandstorm|[upkeep]
|turn|29
|
|move|p2a: Jirachi|Zen Headbutt|p1a: Metagross
|-resisted|p1a: Metagross
|-damage|p1a: Metagross|38\/361 par
|cant|p1a: Metagross|par
|
|-weather|Sandstorm|[upkeep]
|turn|30
|
|move|p2a: Jirachi|Zen Headbutt|p1a: Metagross
|-resisted|p1a: Metagross
|-damage|p1a: Metagross|20\/361 par
|cant|p1a: Metagross|flinch
|
|-weather|Sandstorm|[upkeep]
|turn|31
|
|move|p2a: Jirachi|Zen Headbutt|p1a: Metagross
|-resisted|p1a: Metagross
|-damage|p1a: Metagross|1\/361 par
|-end|p1a: Metagross|confusion
|move|p1a: Metagross|Earthquake|p2a: Jirachi
|-supereffective|p2a: Jirachi
|-damage|p2a: Jirachi|222\/404
|
|-weather|Sandstorm|[upkeep]
|-heal|p2a: Jirachi|247\/404|[from] item: Leftovers
|turn|32
|
|move|p2a: Jirachi|Wish|p2a: Jirachi
|move|p1a: Metagross|Earthquake|p2a: Jirachi
|-supereffective|p2a: Jirachi
|-damage|p2a: Jirachi|65\/404
|
|-weather|Sandstorm|[upkeep]
|-heal|p2a: Jirachi|90\/404|[from] item: Leftovers
|turn|33
|
|move|p2a: Jirachi|Body Slam|p1a: Metagross
|-resisted|p1a: Metagross
|-damage|p1a: Metagross|0 fnt
|faint|p1a: Metagross
|
|-weather|Sandstorm|[upkeep]
|-heal|p2a: Jirachi|292\/404|[from] move: Wish|[wisher] Jirachi
|-heal|p2a: Jirachi|317\/404|[from] item: Leftovers
|
|switch|p1a: Starmie|Starmie|177\/261
|-damage|p1a: Starmie|145\/261|[from] Stealth Rock
|turn|34
|
|move|p1a: Starmie|Rapid Spin|p2a: Jirachi
|-resisted|p2a: Jirachi
|-damage|p2a: Jirachi|311\/404
|-sideend|p1: DennisEG|Stealth Rock|[from] move: Rapid Spin|[of] p1a: Starmie
|-damage|p1a: Starmie|119\/261|[from] item: Life Orb
|move|p2a: Jirachi|Body Slam|p1a: Starmie
|-damage|p1a: Starmie|36\/261
|-status|p1a: Starmie|par
|
|-weather|Sandstorm|[upkeep]
|-damage|p1a: Starmie|20\/261 par|[from] sandstorm
|-heal|p2a: Jirachi|336\/404|[from] item: Leftovers
|turn|35
|
|switch|p1a: Scizor|Scizor, M|344\/344
|move|p2a: Jirachi|Stealth Rock|p1a: Scizor
|-sidestart|p1: DennisEG|move: Stealth Rock
|
|-weather|Sandstorm|[upkeep]
|-heal|p2a: Jirachi|361\/404|[from] item: Leftovers
|turn|36
|
|move|p2a: Jirachi|Wish|p2a: Jirachi
|move|p1a: Scizor|U-turn|p2a: Jirachi
|-damage|p2a: Jirachi|220\/404
|
|switch|p1a: Gengar|Gengar, F|261\/261
|-damage|p1a: Gengar|229\/261|[from] Stealth Rock
|
|-weather|Sandstorm|[upkeep]
|-damage|p1a: Gengar|213\/261|[from] sandstorm
|-heal|p2a: Jirachi|245\/404|[from] item: Leftovers
|turn|37
|
|switch|p2a: Tyranitar|Tyranitar, M|354\/404
|-damage|p2a: Tyranitar|304\/404|[from] Stealth Rock
|move|p1a: Gengar|Focus Blast|p2a: Tyranitar
|-supereffective|p2a: Tyranitar
|-damage|p2a: Tyranitar|0 fnt
|-damage|p1a: Gengar|187\/261|[from] item: Life Orb
|faint|p2a: Tyranitar
|
|-weather|Sandstorm|[upkeep]
|-damage|p1a: Gengar|171\/261|[from] sandstorm
|
|switch|p2a: Machamp|Machamp, M|360\/384
|-damage|p2a: Machamp|336\/384|[from] Stealth Rock
|turn|38
|
|switch|p1a: Starmie|Starmie|20\/261
|-damage|p1a: Starmie|0 fnt|[from] Stealth Rock
|faint|p1a: Starmie
|move|p2a: Machamp|Ice Punch|p1: Starmie|[notarget]
|-notarget
|
|-weather|Sandstorm|[upkeep]
|-damage|p2a: Machamp|312\/384|[from] sandstorm
|-heal|p2a: Machamp|336\/384|[from] item: Leftovers
|
|switch|p1a: Scizor|Scizor, M|344\/344
|-damage|p1a: Scizor|301\/344|[from] Stealth Rock
|turn|39
|
|move|p1a: Scizor|Superpower|p2a: Machamp
|-damage|p2a: Machamp|47\/384
|-unboost|p1a: Scizor|atk|1
|-unboost|p1a: Scizor|def|1
|move|p2a: Machamp|Dynamic Punch|p1a: Scizor
|-crit|p1a: Scizor
|-damage|p1a: Scizor|0 fnt
|faint|p1a: Scizor
|
|-weather|Sandstorm|[upkeep]
|-damage|p2a: Machamp|23\/384|[from] sandstorm
|-heal|p2a: Machamp|47\/384|[from] item: Leftovers
|
|switch|p1a: Lucario|Lucario, M|253\/281
|-damage|p1a: Lucario|245\/281|[from] Stealth Rock
|turn|40
|
|move|p1a: Lucario|Extreme Speed|p2a: Machamp
|-damage|p2a: Machamp|0 fnt
|-damage|p1a: Lucario|217\/281|[from] item: Life Orb
|faint|p2a: Machamp
|
|-weather|Sandstorm|[upkeep]
|
|switch|p2a: Jirachi|Jirachi|245\/404
|-damage|p2a: Jirachi|220\/404|[from] Stealth Rock
|turn|41
|
|move|p1a: Lucario|Close Combat|p2a: Jirachi
|-crit|p2a: Jirachi
|-damage|p2a: Jirachi|0 fnt
|-unboost|p1a: Lucario|def|1
|-unboost|p1a: Lucario|spd|1
|-damage|p1a: Lucario|189\/281|[from] item: Life Orb
|faint|p2a: Jirachi
|
|-weather|Sandstorm|[upkeep]
|
|switch|p2a: Celebi|Celebi|203\/404
|-damage|p2a: Celebi|153\/404|[from] Stealth Rock
|turn|42
|
|move|p1a: Lucario|Crunch|p2a: Celebi
|-supereffective|p2a: Celebi
|-damage|p2a: Celebi|0 fnt
|-damage|p1a: Lucario|161\/281|[from] item: Life Orb
|faint|p2a: Celebi
|
|-weather|Sandstorm|[upkeep]
|
|switch|p2a: Blissey|Blissey, F|549\/651
|-damage|p2a: Blissey|468\/651|[from] Stealth Rock
|turn|43
|
|move|p1a: Lucario|Close Combat|p2a: Blissey
|-supereffective|p2a: Blissey
|-damage|p2a: Blissey|0 fnt
|-unboost|p1a: Lucario|def|1
|-unboost|p1a: Lucario|spd|1
|-damage|p1a: Lucario|133\/281|[from] item: Life Orb
|faint|p2a: Blissey
|
|win|DennisEG
|leave|jacob
|player|p2
|leave|Genesis7
|c|âDennisEG|i think dat crit mattered
