|inactive|Battle timer is ON: inactive players will automatically lose when time's up.
|J|DennisEG
|J|the pdc show
|player|p1|DennisEG|76
|player|p2|the pdc show|144
|gametype|singles
|gen|6
|tier|OU
|clearpoke
|poke|p1|Kyurem-Black, shiny
|poke|p1|Heatran, M, shiny
|poke|p1|Landorus-Therian, M
|poke|p1|Scizor, M
|poke|p1|Gothitelle, F
|poke|p1|Keldeo
|poke|p2|Charizard, F
|poke|p2|Tyranitar, M
|poke|p2|Landorus, M
|poke|p2|Slowbro, F
|poke|p2|Latios, M
|poke|p2|Clefable, F
|rule|Swagger Clause: Swagger is banned
|rule|Baton Pass Clause: Limit one PokÃ©mon knowing Baton Pass
|rule|Sleep Clause Mod: Limit one foe put to sleep
|rule|Species Clause: Limit one of each PokÃ©mon
|rule|OHKO Clause: OHKO moves are banned
|rule|Moody Clause: Moody is banned
|rule|Evasion Moves Clause: Evasion moves are banned
|rule|Endless Battle Clause: Forcing endless battles is banned
|rule|HP Percentage Mod: HP is shown in percentages
|teampreview
|J|craing ;_;
|J|Imanalt
|J|Croven
|J|Saph
|J|marcelodk
|J|Ginku
|J|Ciele
|J|Stathakis
|J|4trackboy
|J|Tom Bus
|J|Magnus42
|J|sugarhigh
|J|mack bus
|J|H-C
|J|metmaver
|J|TFC
|J|Rodri18
|J|skup
|J|McMeghan
|J|SAGA
|J|WECAMEASROMANS
|J|Lohgock
|J|tesung
|J|Tokyo Tomâ¨
|J|Cienight
|J|IAmGingy
|J|tml
|J|2LTD
|J|mccauley
|J|Qwilphish
|J|phil
|J|RiCH HOMiE CHRiS
|c|âthe pdc show|nice lead kingdra
|J|Gizmo
|J|Ken Valbrandur
|J|Qubae
|J|Jukain
|J|Zamrock
|J|Living So Zambian
|J|DestinyUnknown
|
|start
|switch|p1a: Keldeo|Keldeo|351\/351
|switch|p2a: ILLMATIC|Charizard, F|351\/351
|turn|1
|J|Prankster
|J|BasedLord Soldier
|J|Kyuss
|J|Haunted.Shadow
|J|Nails
|
|switch|p2a: REMAIN IN LIGHT|Latios, M|301\/301
|move|p1a: Keldeo|Substitute|p1a: Keldeo
|-start|p1a: Keldeo|Substitute
|-damage|p1a: Keldeo|264\/351
|
|-heal|p1a: Keldeo|285\/351|[from] item: Leftovers
|turn|2
|J|Evil King Arthur
|J|lol alts are weird
|
|move|p2a: REMAIN IN LIGHT|Psyshock|p1a: Keldeo
|-supereffective|p1a: Keldeo
|-end|p1a: Keldeo|Substitute
|-damage|p2a: REMAIN IN LIGHT|271\/301|[from] item: Life Orb
|move|p1a: Keldeo|Scald|p2a: REMAIN IN LIGHT
|-resisted|p2a: REMAIN IN LIGHT
|-damage|p2a: REMAIN IN LIGHT|210\/301
|
|-heal|p1a: Keldeo|306\/351|[from] item: Leftovers
|turn|3
|J|m00n's blanket
|J|Spuun
|J|gorgie
|J|Shots Are Fired
|J|Shadowshade321
|J|Reskk
|J|Bruce Wang
|c| Reskk|hey guys im new here
|J|Draeden
|c| Reskk|can you explain what a pokeman is
|raw|<div class="broadcast-red"><b>Moderated chat was set to %!<\/b><br \/>Only users of rank % and higher can talk.<\/div>
|J|Bastina god
|
|switch|p2a: DOWNWARD SPIRAL|Landorus, M|319\/319
|switch|p1a: Gothitelle|Gothitelle, F|301\/301
|
|turn|4
|J|SoulWind
|J|powerghost1358
|J|Zebraiken
|J|Bastian god
|J|boudouche
|
|move|p1a: Gothitelle|Hidden Power|p2a: DOWNWARD SPIRAL
|-supereffective|p2a: DOWNWARD SPIRAL
|-damage|p2a: DOWNWARD SPIRAL|39\/319
|move|p2a: DOWNWARD SPIRAL|Earth Power|p1a: Gothitelle
|-damage|p1a: Gothitelle|70\/301
|
|turn|5
|J|FU FU Ladder
|
|move|p1a: Gothitelle|Hidden Power|p2a: DOWNWARD SPIRAL
|-supereffective|p2a: DOWNWARD SPIRAL
|-damage|p2a: DOWNWARD SPIRAL|0 fnt
|faint|p2a: DOWNWARD SPIRAL
|
|
|switch|p2a: DIRT|Tyranitar, M|342\/342
|-weather|Sandstorm
|turn|6
|
|move|p2a: DIRT|Pursuit|p1a: Gothitelle
|-supereffective|p1a: Gothitelle
|-damage|p1a: Gothitelle|0 fnt
|faint|p1a: Gothitelle
|
|-weather|Sandstorm|[upkeep]
|
|switch|p1a: Scizor|Scizor, M|335\/335
|turn|7
|
|switch|p2a: ILLMATIC|Charizard, F|351\/351
|detailschange|p1a: Scizor|Scizor-Mega, M
|-mega|p1a: Scizor|Scizor|Scizorite
|move|p1a: Scizor|U-turn|p2a: ILLMATIC
|-resisted|p2a: ILLMATIC
|-damage|p2a: ILLMATIC|310\/351
|J|Alf
|
|switch|p1a: Landorus-Therian|Landorus-Therian, M|325\/325
|-ability|p1a: Landorus-Therian|Intimidate|[of] p2a: ILLMATIC
|-unboost|p2a: ILLMATIC|atk|1
|
|-weather|Sandstorm|[upkeep]
|-damage|p2a: ILLMATIC|289\/351|[from] sandstorm
|turn|8
|c|âthe pdc show|he just gets rocks here @ mey
|J|nisell
|J|robert
|J|e7e
|J|JabbaTheGriffin
|J|ITS IGGY IGGS
|
|switch|p2a: READY TO DIE|Slowbro, F|385\/385
|move|p1a: Landorus-Therian|Stone Edge|p2a: READY TO DIE|[miss]
|-miss|p1a: Landorus-Therian|p2a: READY TO DIE
|
|-weather|Sandstorm|[upkeep]
|-damage|p2a: READY TO DIE|361\/385|[from] sandstorm
|-heal|p2a: READY TO DIE|385\/385|[from] item: Leftovers
|turn|9
|J|Bowlii
|L|Bowlii
|
|switch|p1a: Scizor|Scizor-Mega, M|335\/335
|move|p2a: READY TO DIE|Scald|p1a: Scizor
|-damage|p1a: Scizor|251\/335
|
|-weather|Sandstorm|[upkeep]
|-damage|p2a: READY TO DIE|361\/385|[from] sandstorm
|-heal|p2a: READY TO DIE|385\/385|[from] item: Leftovers
|turn|10
|L|Bruce Wang
|
|move|p1a: Scizor|U-turn|p2a: READY TO DIE
|-crit|p2a: READY TO DIE
|-supereffective|p2a: READY TO DIE
|-damage|p2a: READY TO DIE|109\/385
|
|switch|p1a: Kyurem-Black|Kyurem-Black, shiny|405\/405
|-ability|p1a: Kyurem-Black|Teravolt
|move|p2a: READY TO DIE|Scald|p1a: Kyurem-Black
|-resisted|p1a: Kyurem-Black
|-damage|p1a: Kyurem-Black|351\/405
|
|-weather|none
|-heal|p1a: Kyurem-Black|376\/405|[from] item: Leftovers
|-heal|p2a: READY TO DIE|133\/385|[from] item: Leftovers
|turn|11
|J|gr8astard
|
|switch|p2a: JAR OF FLIES|Clefable, F|394\/394
|move|p1a: Kyurem-Black|Ice Beam|p2a: JAR OF FLIES
|-damage|p2a: JAR OF FLIES|259\/394
|
|-heal|p1a: Kyurem-Black|401\/405|[from] item: Leftovers
|-heal|p2a: JAR OF FLIES|283\/394|[from] item: Leftovers
|turn|12
|J|shurkith
|L|Qwilphish
|J|Celsius
|J|Aqualouis
|J|WildCard Vinc2612
|J|arnyyr
|
|switch|p1a: Heatran|Heatran, M, shiny|380\/380
|move|p2a: JAR OF FLIES|Stealth Rock|p1a: Heatran
|-sidestart|p1: DennisEG|move: Stealth Rock
|
|-heal|p2a: JAR OF FLIES|307\/394|[from] item: Leftovers
|turn|13
|J|1800Rekt
|
|switch|p2a: ILLMATIC|Charizard, F|289\/351
|move|p1a: Heatran|Stealth Rock|p2a: ILLMATIC
|-sidestart|p2: the pdc show|move: Stealth Rock
|
|turn|14
|
|detailschange|p2a: ILLMATIC|Charizard-Mega-X, F
|-mega|p2a: ILLMATIC|Charizard|Charizardite X
|move|p2a: ILLMATIC|Earthquake|p1a: Heatran
|-supereffective|p1a: Heatran
|-damage|p1a: Heatran|0 fnt
|faint|p1a: Heatran
|
|
|switch|p1a: Landorus-Therian|Landorus-Therian, M|325\/325
|-damage|p1a: Landorus-Therian|285\/325|[from] Stealth Rock
|-ability|p1a: Landorus-Therian|Intimidate|[of] p2a: ILLMATIC
|-unboost|p2a: ILLMATIC|atk|1
|turn|15
|J|Sinclair
|J|Vileman
|J|BAIKA
|J|danilo
|c|âthe pdc show|lag
|L|Shadowshade321
|J|Qwilphish
|J|RYOUZAN
|J|Toxzn
|c|âDennisEG|y
|
|switch|p2a: READY TO DIE|Slowbro, F|261\/385
|-damage|p2a: READY TO DIE|213\/385|[from] Stealth Rock
|move|p1a: Landorus-Therian|Earthquake|p2a: READY TO DIE
|-damage|p2a: READY TO DIE|72\/385
|
|-heal|p2a: READY TO DIE|96\/385|[from] item: Leftovers
|turn|16
|J|Double01
|L|sugarhigh
|L|Toxzn
|J|sugarhigh
|J|Toxzn
|
|switch|p1a: Scizor|Scizor-Mega, M|251\/335
|-damage|p1a: Scizor|210\/335|[from] Stealth Rock
|switch|p2a: REMAIN IN LIGHT|Latios, M|210\/301
|-damage|p2a: REMAIN IN LIGHT|173\/301|[from] Stealth Rock
|
|turn|17
|
|move|p2a: REMAIN IN LIGHT|Defog|p1a: Scizor
|-unboost|p1a: Scizor|evasion|1
|-sideend|p1: DennisEG|Stealth Rock|[from] move: Defog|[of] p1a: Scizor
|-sideend|p2: the pdc show|Stealth Rock|[from] move: Defog|[of] p2a: REMAIN IN LIGHT
|move|p1a: Scizor|U-turn|p2a: REMAIN IN LIGHT
|-supereffective|p2a: REMAIN IN LIGHT
|-damage|p2a: REMAIN IN LIGHT|0 fnt
|faint|p2a: REMAIN IN LIGHT
|
|switch|p1a: Landorus-Therian|Landorus-Therian, M|285\/325
|
|J|Halcyon of Light
|J|steAFKeljackal
|J|KratosMana
|
|switch|p2a: READY TO DIE|Slowbro, F|224\/385
|turn|18
|
|move|p1a: Landorus-Therian|U-turn|p2a: READY TO DIE
|-supereffective|p2a: READY TO DIE
|-damage|p2a: READY TO DIE|110\/385
|
|switch|p1a: Scizor|Scizor-Mega, M|210\/335
|move|p2a: READY TO DIE|Slack Off|p2a: READY TO DIE
|-heal|p2a: READY TO DIE|303\/385
|
|-heal|p2a: READY TO DIE|327\/385|[from] item: Leftovers
|turn|19
|
|move|p1a: Scizor|U-turn|p2a: READY TO DIE
|-supereffective|p2a: READY TO DIE
|-damage|p2a: READY TO DIE|153\/385
|J|Heist
|c|âthe pdc show|burn
|
|switch|p1a: Kyurem-Black|Kyurem-Black, shiny|401\/405
|-ability|p1a: Kyurem-Black|Teravolt
|move|p2a: READY TO DIE|Scald|p1a: Kyurem-Black
|-resisted|p1a: Kyurem-Black
|-damage|p1a: Kyurem-Black|352\/405
|-status|p1a: Kyurem-Black|brn
|
|-heal|p1a: Kyurem-Black|377\/405 brn|[from] item: Leftovers
|-heal|p2a: READY TO DIE|177\/385|[from] item: Leftovers
|-damage|p1a: Kyurem-Black|327\/405 brn|[from] brn
|turn|20
|
|move|p1a: Kyurem-Black|Earth Power|p2a: READY TO DIE
|-damage|p2a: READY TO DIE|57\/385
|-unboost|p2a: READY TO DIE|spd|1
|move|p2a: READY TO DIE|Slack Off|p2a: READY TO DIE
|-heal|p2a: READY TO DIE|250\/385
|
|-heal|p1a: Kyurem-Black|352\/405 brn|[from] item: Leftovers
|-heal|p2a: READY TO DIE|274\/385|[from] item: Leftovers
|-damage|p1a: Kyurem-Black|302\/405 brn|[from] brn
|turn|21
|
|switch|p2a: JAR OF FLIES|Clefable, F|307\/394
|move|p1a: Kyurem-Black|Ice Beam|p2a: JAR OF FLIES
|-crit|p2a: JAR OF FLIES
|-damage|p2a: JAR OF FLIES|91\/394
|
|-heal|p1a: Kyurem-Black|327\/405 brn|[from] item: Leftovers
|-heal|p2a: JAR OF FLIES|115\/394|[from] item: Leftovers
|-damage|p1a: Kyurem-Black|277\/405 brn|[from] brn
|turn|22
|J|MeggaScizor
|
|switch|p2a: READY TO DIE|Slowbro, F|385\/385
|move|p1a: Kyurem-Black|Ice Beam|p2a: READY TO DIE
|-resisted|p2a: READY TO DIE
|-damage|p2a: READY TO DIE|286\/385
|
|-heal|p1a: Kyurem-Black|302\/405 brn|[from] item: Leftovers
|-heal|p2a: READY TO DIE|310\/385|[from] item: Leftovers
|-damage|p1a: Kyurem-Black|252\/405 brn|[from] brn
|turn|23
|J|Ada
|
|move|p1a: Kyurem-Black|Earth Power|p2a: READY TO DIE
|-damage|p2a: READY TO DIE|193\/385
|move|p2a: READY TO DIE|Calm Mind|p2a: READY TO DIE
|-boost|p2a: READY TO DIE|spa|1
|-boost|p2a: READY TO DIE|spd|1
|
|-heal|p1a: Kyurem-Black|277\/405 brn|[from] item: Leftovers
|-heal|p2a: READY TO DIE|217\/385|[from] item: Leftovers
|-damage|p1a: Kyurem-Black|227\/405 brn|[from] brn
|turn|24
|
|move|p1a: Kyurem-Black|Fusion Bolt|p2a: READY TO DIE
|-supereffective|p2a: READY TO DIE
|-damage|p2a: READY TO DIE|135\/385
|move|p2a: READY TO DIE|Slack Off|p2a: READY TO DIE
|-heal|p2a: READY TO DIE|328\/385
|
|-heal|p1a: Kyurem-Black|252\/405 brn|[from] item: Leftovers
|-heal|p2a: READY TO DIE|352\/385|[from] item: Leftovers
|-damage|p1a: Kyurem-Black|202\/405 brn|[from] brn
|turn|25
|J|0rbital
|
|move|p1a: Kyurem-Black|Earth Power|p2a: READY TO DIE
|-damage|p2a: READY TO DIE|269\/385
|move|p2a: READY TO DIE|Calm Mind|p2a: READY TO DIE
|-boost|p2a: READY TO DIE|spa|1
|-boost|p2a: READY TO DIE|spd|1
|
|-heal|p1a: Kyurem-Black|227\/405 brn|[from] item: Leftovers
|-heal|p2a: READY TO DIE|293\/385|[from] item: Leftovers
|-damage|p1a: Kyurem-Black|177\/405 brn|[from] brn
|turn|26
|
|move|p1a: Kyurem-Black|Fusion Bolt|p2a: READY TO DIE
|-supereffective|p2a: READY TO DIE
|-damage|p2a: READY TO DIE|203\/385
|move|p2a: READY TO DIE|Calm Mind|p2a: READY TO DIE
|-boost|p2a: READY TO DIE|spa|1
|-boost|p2a: READY TO DIE|spd|1
|
|-heal|p1a: Kyurem-Black|202\/405 brn|[from] item: Leftovers
|-heal|p2a: READY TO DIE|227\/385|[from] item: Leftovers
|-damage|p1a: Kyurem-Black|152\/405 brn|[from] brn
|turn|27
|J|lunarr
|
|move|p1a: Kyurem-Black|Fusion Bolt|p2a: READY TO DIE
|-supereffective|p2a: READY TO DIE
|-damage|p2a: READY TO DIE|137\/385
|move|p2a: READY TO DIE|Slack Off|p2a: READY TO DIE
|-heal|p2a: READY TO DIE|330\/385
|
|-heal|p1a: Kyurem-Black|177\/405 brn|[from] item: Leftovers
|-heal|p2a: READY TO DIE|354\/385|[from] item: Leftovers
|-damage|p1a: Kyurem-Black|127\/405 brn|[from] brn
|turn|28
|
|move|p1a: Kyurem-Black|Fusion Bolt|p2a: READY TO DIE
|-supereffective|p2a: READY TO DIE
|-damage|p2a: READY TO DIE|262\/385
|move|p2a: READY TO DIE|Slack Off|p2a: READY TO DIE
|-heal|p2a: READY TO DIE|385\/385
|
|-heal|p1a: Kyurem-Black|152\/405 brn|[from] item: Leftovers
|-damage|p1a: Kyurem-Black|102\/405 brn|[from] brn
|turn|29
|
|move|p1a: Kyurem-Black|Fusion Bolt|p2a: READY TO DIE
|-supereffective|p2a: READY TO DIE
|-damage|p2a: READY TO DIE|293\/385
|move|p2a: READY TO DIE|Psyshock|p1a: Kyurem-Black
|-damage|p1a: Kyurem-Black|0 fnt
|faint|p1a: Kyurem-Black
|
|-heal|p2a: READY TO DIE|317\/385|[from] item: Leftovers
|J|Mr.378
|J|Asylum Boss Recept
|
|switch|p1a: Scizor|Scizor-Mega, M|210\/335
|turn|30
|L|Mr.378
|
|move|p1a: Scizor|U-turn|p2a: READY TO DIE
|-supereffective|p2a: READY TO DIE
|-damage|p2a: READY TO DIE|141\/385
|
|switch|p1a: Landorus-Therian|Landorus-Therian, M|285\/325
|-ability|p1a: Landorus-Therian|Intimidate|[of] p2a: READY TO DIE
|-unboost|p2a: READY TO DIE|atk|1
|move|p2a: READY TO DIE|Slack Off|p2a: READY TO DIE
|-heal|p2a: READY TO DIE|334\/385
|
|-heal|p2a: READY TO DIE|358\/385|[from] item: Leftovers
|turn|31
|J|S O U L G A Z E R
|L|Toxzn
|
|move|p1a: Landorus-Therian|Knock Off|p2a: READY TO DIE
|-supereffective|p2a: READY TO DIE
|-damage|p2a: READY TO DIE|198\/385
|-enditem|p2a: READY TO DIE|Leftovers|[from] move: Knock Off|[of] p1a: Landorus-Therian
|move|p2a: READY TO DIE|Scald|p1a: Landorus-Therian
|-supereffective|p1a: Landorus-Therian
|-damage|p1a: Landorus-Therian|0 fnt
|faint|p1a: Landorus-Therian
|
|J|Toxzn
|J|Lil Fetus FTW_1
|L|powerghost1358
|
|switch|p1a: Scizor|Scizor-Mega, M|210\/335
|turn|32
|
|move|p1a: Scizor|U-turn|p2a: READY TO DIE
|-supereffective|p2a: READY TO DIE
|-damage|p2a: READY TO DIE|30\/385
|
|switch|p1a: Keldeo|Keldeo|306\/351
|move|p2a: READY TO DIE|Slack Off|p2a: READY TO DIE
|-heal|p2a: READY TO DIE|223\/385
|
|-heal|p1a: Keldeo|327\/351|[from] item: Leftovers
|turn|33
|
|move|p1a: Keldeo|Scald|p2a: READY TO DIE
|-resisted|p2a: READY TO DIE
|-damage|p2a: READY TO DIE|193\/385
|-status|p2a: READY TO DIE|brn
|move|p2a: READY TO DIE|Slack Off|p2a: READY TO DIE
|-heal|p2a: READY TO DIE|385\/385 brn
|
|-heal|p1a: Keldeo|348\/351|[from] item: Leftovers
|-damage|p2a: READY TO DIE|337\/385 brn|[from] brn
|turn|34
|J|the Jaiho
|
|move|p1a: Keldeo|Substitute|p1a: Keldeo
|-start|p1a: Keldeo|Substitute
|-damage|p1a: Keldeo|261\/351
|move|p2a: READY TO DIE|Scald|p1a: Keldeo
|-resisted|p1a: Keldeo
|-end|p1a: Keldeo|Substitute
|
|-heal|p1a: Keldeo|282\/351|[from] item: Leftovers
|-damage|p2a: READY TO DIE|289\/385 brn|[from] brn
|turn|35
|L|Qwilphish
|
|move|p1a: Keldeo|Calm Mind|p1a: Keldeo
|-boost|p1a: Keldeo|spa|1
|-boost|p1a: Keldeo|spd|1
|move|p2a: READY TO DIE|Psyshock|p1a: Keldeo
|-supereffective|p1a: Keldeo
|-damage|p1a: Keldeo|0 fnt
|faint|p1a: Keldeo
|
|-damage|p2a: READY TO DIE|241\/385 brn|[from] brn
|c|âthe pdc show|gg
|c|âthe pdc show|shout out to hugo
|c|âDennisEG|gg
|
|switch|p1a: Scizor|Scizor-Mega, M|210\/335
|turn|36
|c|âthe pdc show|4 the idea
|
|move|p1a: Scizor|U-turn|p2a: READY TO DIE
|-supereffective|p2a: READY TO DIE
|-damage|p2a: READY TO DIE|71\/385 brn
|move|p2a: READY TO DIE|Scald|p1a: Scizor
|-damage|p1a: Scizor|20\/335
|
|-damage|p2a: READY TO DIE|23\/385 brn|[from] brn
|turn|37
|L|Heist
|L|0rbital
|
|move|p1a: Scizor|Bullet Punch|p2a: READY TO DIE
|-crit|p2a: READY TO DIE
|-resisted|p2a: READY TO DIE
|-damage|p2a: READY TO DIE|0 fnt
|faint|p2a: READY TO DIE
|
|
|switch|p2a: ILLMATIC|Charizard-Mega-X, F|289\/351
|turn|38
|L|nisell
|
|move|p1a: Scizor|Bullet Punch|p2a: ILLMATIC
|-resisted|p2a: ILLMATIC
|-damage|p2a: ILLMATIC|241\/351
|move|p2a: ILLMATIC|Flare Blitz|p1a: Scizor
|-supereffective|p1a: Scizor
|-damage|p1a: Scizor|0 fnt
|-damage|p2a: ILLMATIC|234\/351|[from] recoil|[of] p1a: Scizor
|faint|p1a: Scizor
|
|win|the pdc show
|L|SAGA
|L|Ada
|L|Alf
|L|WECAMEASROMANS
|J|Blue'sAlakazam
|L|Aqualouis
|L|MeggaScizor
|L|Bastian god
|L|marcelodk
|L|e7e
|L|Ken Valbrandur
|L|Zebraiken
|L|the Jaiho
|J|Logic
|L|Croven
|L|Sinclair
|L|boudouche
|L|JabbaTheGriffin
|L|Saph
|L|Qubae
|L|Asylum Boss Recept
|L|Ciele
|L|SoulWind
|L|Stathakis
|L|BasedLord Soldier
|L|skup
|L|the pdc show
|player|p2
|L|Vinc2612
|L|Draeden
|L|Jukain
|L|robert
|L|Toxzn
|L|FU FU Ladder
|L|Evil King Arthur
|L|Ginku
|L|Halcyon of Light
|L|Zamrock
|L|2LTD
|L|Cienight
|L|Blue'sAlakazam
|L|Logic
|L|Vileman
|L|tesung
|L|Tokyo Tomâ¨
|L|TFC
|L|Haunted.Shadow
|L|Tom Bus
|L|RYOUZAN
|L|Imanalt
|L|craing ;_;
|L|Magnus42
|J|Haunted.Shadow
|L|Haunted.Shadow
|L|Lil Fetus FTW_1
|L|gorgie
|L|Double01
|L|Celsius
|L|RiCH HOMiE CHRiS
|L|tml
|L|ITS IGGY IGGS
|L|Living So Zambian
|J|The Goomy
|L|The Goomy
|L|gr8astard
|J|The Goomy
|L|The Goomy
|L|Prankster
|L|KratosMana
|L|Spuun
|J|WECAMEASROMANS
|L|WECAMEASROMANS
|L|Reskk
|L|4trackboy
|L|Shots Are Fired
|J|Cienight
|L|S O U L G A Z E R
|J|The Goomy
|L|The Goomy
|J|Bastian god
|L|Bastian god
|L|fookmi?
|L|Rodri18
|L|Cienight
|L|H-C
|L|sugarhigh
|J|Calm Stone
|L|danilo
|L|Lohgock
|J|Croven
|L|mccauley
|L|BAIKA
|L|metmaver
|J|rnd900
|L|McMeghan
|L|Croven
|L|1800Rekt
|L|DestinyUnknown
|L|Gizmo
|L|m00n's blanket
|L|Calm Stone
|L|DennisEG
|player|p1
|L|mack bus
|L|phil
|L|arnyyr
|J|DM35
|L|shurkith
|L|DM35
|L|lunarr
|L|Kyuss