|inactive|Battle timer is ON: inactive players will automatically lose when time's up.
|join|Inflikted
|join|DennisEG
|player|p1|Inflikted|225
|player|p2|DennisEG|76
|gametype|singles
|gen|4
|tier|[Gen 4] OU
|rule|Sleep Clause Mod: Limit one foe put to sleep
|rule|Species Clause: Limit one of each PokÃ©mon
|rule|OHKO Clause: OHKO moves are banned
|rule|Moody Clause: Moody is banned
|rule|Evasion Moves Clause: Evasion moves are banned
|rule|Endless Battle Clause: Forcing endless battles is banned
|rule|HP Percentage Mod: HP is shown in percentages
|
|start
|switch|p1a: KID MUSCLE|Machamp, F|341\/341
|switch|p2a: Heatran|Heatran, F|324\/324
|turn|1
|join|ALEXANDER
|join|Tesung
|join|TPO3
|join|Kojes
|join|fatherofaesthetic
|join|Bel Air
|join|Zellip
|join|LT5A FONes
|join|Freeex@
|join|Bomber
|join|mael oo
|join|4trackboy
|
|move|p2a: Heatran|Stealth Rock|p1a: KID MUSCLE
|-sidestart|p1: Inflikted|move: Stealth Rock
|move|p1a: KID MUSCLE|Dynamic Punch|p2a: Heatran
|-supereffective|p2a: Heatran
|-damage|p2a: Heatran|0 fnt
|faint|p2a: Heatran
|
|
|switch|p2a: Jirachi|Jirachi|341\/341
|turn|2
|join|Maybe un po' omega
|
|move|p2a: Jirachi|Iron Head|p1a: KID MUSCLE
|-crit|p1a: KID MUSCLE
|-damage|p1a: KID MUSCLE|55\/341
|cant|p1a: KID MUSCLE|flinch
|
|turn|3
|leave|Maybe un po' omega
|
|move|p1a: KID MUSCLE|Bullet Punch|p2a: Jirachi
|-resisted|p2a: Jirachi
|-damage|p2a: Jirachi|314\/341
|move|p2a: Jirachi|Iron Head|p1a: KID MUSCLE
|-damage|p1a: KID MUSCLE|0 fnt
|faint|p1a: KID MUSCLE
|
|
|switch|p1a: Rotom-Wash|Rotom-Wash|241\/241
|-damage|p1a: Rotom-Wash|211\/241|[from] Stealth Rock
|turn|4
|
|switch|p2a: Infernape|Infernape, F|293\/293
|move|p1a: Rotom-Wash|Substitute|p1a: Rotom-Wash
|-start|p1a: Rotom-Wash|Substitute
|-damage|p1a: Rotom-Wash|151\/241
|
|-heal|p1a: Rotom-Wash|166\/241|[from] item: Leftovers
|turn|5
|
|move|p2a: Infernape|Flamethrower|p1a: Rotom-Wash
|-end|p1a: Rotom-Wash|Substitute
|move|p1a: Rotom-Wash|Thunderbolt|p2a: Infernape
|-damage|p2a: Infernape|59\/293
|
|-heal|p1a: Rotom-Wash|181\/241|[from] item: Leftovers
|turn|6
|
|switch|p1a: Starmie|Starmie|296\/296
|-damage|p1a: Starmie|259\/296|[from] Stealth Rock
|move|p2a: Infernape|Flamethrower|p1a: Starmie
|-resisted|p1a: Starmie
|-damage|p1a: Starmie|101\/296
|-damage|p2a: Infernape|30\/293|[from] item: Life Orb
|
|-heal|p1a: Starmie|119\/296|[from] item: Leftovers
|turn|7
|
|switch|p2a: Jirachi|Jirachi|314\/341
|move|p1a: Starmie|Rapid Spin|p2a: Jirachi
|-resisted|p2a: Jirachi
|-damage|p2a: Jirachi|309\/341
|-sideend|p1: Inflikted|Stealth Rock|[from] move: Rapid Spin|[of] p1a: Starmie
|
|-heal|p1a: Starmie|137\/296|[from] item: Leftovers
|turn|8
|
|switch|p1a: Rotom-Wash|Rotom-Wash|181\/241
|move|p2a: Jirachi|U-turn|p1a: Rotom-Wash
|-resisted|p1a: Rotom-Wash
|-damage|p1a: Rotom-Wash|147\/241
|
|switch|p2a: Infernape|Infernape, F|30\/293
|
|-heal|p1a: Rotom-Wash|162\/241|[from] item: Leftovers
|turn|9
|
|switch|p1a: Starmie|Starmie|137\/296
|move|p2a: Infernape|Flamethrower|p1a: Starmie
|-resisted|p1a: Starmie
|-damage|p1a: Starmie|0 fnt
|-damage|p2a: Infernape|1\/293|[from] item: Life Orb
|faint|p1a: Starmie
|
|
|switch|p1a: Flygon|Flygon, F|302\/302
|turn|10
|
|switch|p2a: Flygon|Flygon, M|301\/301
|move|p1a: Flygon|U-turn|p2a: Flygon
|-damage|p2a: Flygon|223\/301
|join|C sur que sans bi
|
|switch|p1a: Rotom-Wash|Rotom-Wash|162\/241
|
|-heal|p1a: Rotom-Wash|177\/241|[from] item: Leftovers
|turn|11
|
|switch|p1a: Heatran|Heatran, F|363\/363
|move|p2a: Flygon|U-turn|p1a: Heatran
|-resisted|p1a: Heatran
|-damage|p1a: Heatran|347\/363
|
|switch|p2a: Infernape|Infernape, F|1\/293
|
|turn|12
|
|switch|p1a: Tyranitar|Tyranitar, M|342\/342
|-weather|Sandstorm|[from] ability: Sand Stream|[of] p1a: Tyranitar
|move|p2a: Infernape|Close Combat|p1a: Tyranitar
|-supereffective|p1a: Tyranitar
|-damage|p1a: Tyranitar|0 fnt
|-unboost|p2a: Infernape|def|1
|-unboost|p2a: Infernape|spd|1
|-damage|p2a: Infernape|0 fnt|[from] item: Life Orb
|faint|p1a: Tyranitar
|faint|p2a: Infernape
|
|-weather|Sandstorm|[upkeep]
|
|switch|p1a: Flygon|Flygon, F|302\/302
|switch|p2a: Rotom-Heat|Rotom-Heat|241\/241
|turn|13
|
|move|p1a: Flygon|U-turn|p2a: Rotom-Heat
|-resisted|p2a: Rotom-Heat
|-damage|p2a: Rotom-Heat|211\/241
|
|switch|p1a: Heatran|Heatran, F|347\/363
|move|p2a: Rotom-Heat|Thunderbolt|p1a: Heatran
|-damage|p1a: Heatran|143\/363
|
|-weather|Sandstorm|[upkeep]
|-damage|p2a: Rotom-Heat|196\/241|[from] sandstorm
|turn|14
|
|switch|p1a: Flygon|Flygon, F|302\/302
|move|p2a: Rotom-Heat|Thunderbolt|p1a: Flygon
|-immune|p1a: Flygon|[msg]
|
|-weather|Sandstorm|[upkeep]
|-damage|p2a: Rotom-Heat|181\/241|[from] sandstorm
|turn|15
|
|move|p1a: Flygon|Earthquake|p2a: Rotom-Heat
|-immune|p2a: Rotom-Heat|[msg]
|move|p2a: Rotom-Heat|Thunderbolt|p1a: Flygon
|-immune|p1a: Flygon|[msg]
|
|-weather|Sandstorm|[upkeep]
|-damage|p2a: Rotom-Heat|166\/241|[from] sandstorm
|turn|16
|
|move|p1a: Flygon|Earthquake|p2a: Rotom-Heat
|-immune|p2a: Rotom-Heat|[msg]
|move|p2a: Rotom-Heat|Thunderbolt|p1a: Flygon
|-immune|p1a: Flygon|[msg]
|
|-weather|Sandstorm|[upkeep]
|-damage|p2a: Rotom-Heat|151\/241|[from] sandstorm
|turn|17
|
|switch|p2a: Flygon|Flygon, M|223\/301
|move|p1a: Flygon|Earthquake|p2a: Flygon
|-immune|p2a: Flygon|[msg]
|
|-weather|Sandstorm|[upkeep]
|turn|18
|
|switch|p1a: Heatran|Heatran, F|143\/363
|move|p2a: Flygon|U-turn|p1a: Heatran
|-resisted|p1a: Heatran
|-damage|p1a: Heatran|128\/363
|
|switch|p2a: Rotom-Heat|Rotom-Heat|151\/241
|
|-weather|Sandstorm|[upkeep]
|-damage|p2a: Rotom-Heat|136\/241|[from] sandstorm
|turn|19
|
|move|p2a: Rotom-Heat|Trick|p1a: Heatran
|-activate|p2a: Rotom-Heat|move: Trick|[of] p1a: Heatran
|-item|p1a: Heatran|Choice Specs|[from] move: Trick
|-item|p2a: Rotom-Heat|Passho Berry|[from] move: Trick
|move|p1a: Heatran|Fire Blast|p2a: Rotom-Heat
|-damage|p2a: Rotom-Heat|0 fnt
|faint|p2a: Rotom-Heat
|
|-weather|Sandstorm|[upkeep]
|join|Montreal n_n
|
|switch|p2a: Flygon|Flygon, M|223\/301
|turn|20
|leave|Kojes
|
|move|p2a: Flygon|Outrage|p1a: Heatran
|-resisted|p1a: Heatran
|-damage|p1a: Heatran|50\/363
|move|p1a: Heatran|Fire Blast|p2a: Flygon
|-crit|p2a: Flygon
|-resisted|p2a: Flygon
|-damage|p2a: Flygon|0 fnt
|faint|p2a: Flygon
|
|-weather|Sandstorm|[upkeep]
|
|switch|p2a: Jirachi|Jirachi|309\/341
|turn|21
|
|move|p2a: Jirachi|Iron Head|p1a: Heatran
|-resisted|p1a: Heatran
|-damage|p1a: Heatran|23\/363
|cant|p1a: Heatran|flinch
|
|-weather|Sandstorm|[upkeep]
|turn|22
|
|move|p2a: Jirachi|Iron Head|p1a: Heatran
|-resisted|p1a: Heatran
|-damage|p1a: Heatran|0 fnt
|faint|p1a: Heatran
|
|-weather|Sandstorm|[upkeep]
|
|switch|p1a: Flygon|Flygon, F|302\/302
|turn|23
|
|move|p1a: Flygon|Earthquake|p2a: Jirachi
|-supereffective|p2a: Jirachi
|-damage|p2a: Jirachi|33\/341
|move|p2a: Jirachi|Iron Head|p1a: Flygon
|-damage|p1a: Flygon|155\/302
|
|-weather|Sandstorm|[upkeep]
|turn|24
|
|move|p2a: Jirachi|Iron Head|p1a: Flygon
|-damage|p1a: Flygon|10\/302
|cant|p1a: Flygon|flinch
|
|-weather|Sandstorm|[upkeep]
|turn|25
|join|Kojes
|
|move|p1a: Flygon|Earthquake|p2a: Jirachi
|-supereffective|p2a: Jirachi
|-damage|p2a: Jirachi|0 fnt
|faint|p2a: Jirachi
|
|-weather|Sandstorm|[upkeep]
|
|switch|p2a: Machamp|Machamp, M|381\/381
|turn|26
|
|move|p2a: Machamp|Bullet Punch|p1a: Flygon
|-damage|p1a: Flygon|0 fnt
|faint|p1a: Flygon
|
|-weather|Sandstorm|[upkeep]
|-damage|p2a: Machamp|358\/381|[from] sandstorm
|
|switch|p1a: Rotom-Wash|Rotom-Wash|177\/241
|turn|27
|
|move|p1a: Rotom-Wash|Will-O-Wisp|p2a: Machamp
|-status|p2a: Machamp|brn
|-enditem|p2a: Machamp|Lum Berry|[eat]
|-curestatus|p2a: Machamp|brn
|move|p2a: Machamp|Payback|p1a: Rotom-Wash
|-supereffective|p1a: Rotom-Wash
|-damage|p1a: Rotom-Wash|0 fnt
|faint|p1a: Rotom-Wash
|
|win|DennisEG
|c|âDennisEG|gg
|c|âInflikted|gg
|leave|DennisEG
|player|p2
|leave|Zellip
|leave|Bel Air
|leave|Kojes
|leave|Tesung
|leave|mael oo
|leave|fatherofaesthetic
|leave|Inflikted
|player|p1
|leave|4trackboy