|J|Fortune
|J|DennisEG
|player|p1|Fortune|18
|player|p2|DennisEG|76
|gametype|singles
|gen|6
|tier|OU
|clearpoke
|poke|p1|Pinsir, M
|poke|p1|Kyurem-Black
|poke|p1|Keldeo-Resolute
|poke|p1|Tyranitar, M
|poke|p1|Excadrill, M
|poke|p1|Serperior, F
|poke|p2|Celebi
|poke|p2|Tyranitar, F
|poke|p2|Kyurem-Black
|poke|p2|Scizor, M
|poke|p2|Keldeo-Resolute
|poke|p2|Landorus-Therian, M
|rule|Swagger Clause: Swagger is banned
|rule|Baton Pass Clause: Limit one PokÃ©mon knowing Baton Pass
|rule|Sleep Clause Mod: Limit one foe put to sleep
|rule|Species Clause: Limit one of each PokÃ©mon
|rule|OHKO Clause: OHKO moves are banned
|rule|Moody Clause: Moody is banned
|rule|Evasion Moves Clause: Evasion moves are banned
|rule|Endless Battle Clause: Forcing endless battles is banned
|rule|HP Percentage Mod: HP is shown in percentages
|teampreview
|J|Finchinator
|J|baenail
|J|Shit user
|J|PuddlesA1
|J|Red&Black Swan
|J|Cronenberg
|L|Finchinator
|c|âFortune|gl
|J|metmaver
|J|what a fucking god
|L|what a fucking god
|c|âDennisEG|=
|J|Geotal
|J|Starmei
|J|OpTic Gaga
|L|OpTic Gaga
|
|start
|switch|p1a: chop yo dik off|Pinsir, M|271\/271
|switch|p2a: Scizor|Scizor, M|335\/335
|turn|1
|
|detailschange|p1a: chop yo dik off|Pinsir-Mega, M
|-mega|p1a: chop yo dik off|Pinsir|Pinsirite
|detailschange|p2a: Scizor|Scizor-Mega, M
|-mega|p2a: Scizor|Scizor|Scizorite
|move|p1a: chop yo dik off|Frustration|p2a: Scizor
|-damage|p2a: Scizor|160\/335
|move|p2a: Scizor|U-turn|p1a: chop yo dik off
|-resisted|p1a: chop yo dik off
|-damage|p1a: chop yo dik off|214\/271
|
|switch|p2a: Landorus-Therian|Landorus-Therian, M|357\/357
|-ability|p2a: Landorus-Therian|Intimidate|[of] p1a: chop yo dik off
|-unboost|p1a: chop yo dik off|atk|1
|
|turn|2
|
|switch|p1a: yung buck hehe|Keldeo-Resolute|323\/323
|move|p2a: Landorus-Therian|Stealth Rock|p1a: yung buck hehe
|-sidestart|p1: Fortune|move: Stealth Rock
|
|turn|3
|J|kRATOSmANA
|
|switch|p1a: rip|Serperior, F|291\/291
|-damage|p1a: rip|255\/291|[from] Stealth Rock
|switch|p2a: Celebi|Celebi|404\/404
|
|turn|4
|
|move|p1a: rip|Leaf Storm|p2a: Celebi
|-resisted|p2a: Celebi
|-damage|p2a: Celebi|303\/404
|-boost|p1a: rip|spa|2
|-damage|p1a: rip|226\/291|[from] item: Life Orb
|move|p2a: Celebi|Baton Pass|p2a: Celebi
|J|SuperSmoke
|
|switch|p2a: Kyurem-Black|Kyurem-Black|423\/423
|-ability|p2a: Kyurem-Black|Teravolt
|
|turn|5
|L|PuddlesA1
|
|switch|p1a: fuck lati hehe|Tyranitar, M|403\/403
|-damage|p1a: fuck lati hehe|353\/403|[from] Stealth Rock
|-weather|Sandstorm
|move|p2a: Kyurem-Black|Ice Beam|p1a: fuck lati hehe
|-damage|p1a: fuck lati hehe|266\/403
|
|-weather|Sandstorm|[upkeep]
|-damage|p2a: Kyurem-Black|397\/423|[from] sandstorm
|turn|6
|
|switch|p2a: Keldeo-Resolute|Keldeo-Resolute|323\/323
|move|p1a: fuck lati hehe|Stealth Rock|p2a: Keldeo-Resolute
|-sidestart|p2: DennisEG|move: Stealth Rock
|
|-weather|Sandstorm|[upkeep]
|-damage|p2a: Keldeo-Resolute|303\/323|[from] sandstorm
|turn|7
|J|Yogiras
|
|switch|p1a: yung buck hehe|Keldeo-Resolute|323\/323
|-damage|p1a: yung buck hehe|303\/323|[from] Stealth Rock
|move|p2a: Keldeo-Resolute|Secret Sword|p1a: yung buck hehe
|-damage|p1a: yung buck hehe|56\/323
|
|-weather|Sandstorm|[upkeep]
|-damage|p2a: Keldeo-Resolute|283\/323|[from] sandstorm
|-damage|p1a: yung buck hehe|36\/323|[from] sandstorm
|-heal|p1a: yung buck hehe|56\/323|[from] item: Leftovers
|turn|8
|L|Yogiras
|
|switch|p2a: Celebi|Celebi|303\/404
|-damage|p2a: Celebi|253\/404|[from] Stealth Rock
|move|p1a: yung buck hehe|Secret Sword|p2a: Celebi
|-resisted|p2a: Celebi
|-damage|p2a: Celebi|193\/404
|
|-weather|Sandstorm|[upkeep]
|-damage|p1a: yung buck hehe|36\/323|[from] sandstorm
|-damage|p2a: Celebi|168\/404|[from] sandstorm
|-heal|p1a: yung buck hehe|56\/323|[from] item: Leftovers
|-heal|p2a: Celebi|193\/404|[from] item: Leftovers
|turn|9
|
|switch|p1a: spinnaz|Excadrill, M|361\/361
|-damage|p1a: spinnaz|350\/361|[from] Stealth Rock
|-item|p1a: spinnaz|Air Balloon
|move|p2a: Celebi|Recover|p2a: Celebi
|-heal|p2a: Celebi|395\/404
|
|-weather|Sandstorm|[upkeep]
|-damage|p2a: Celebi|370\/404|[from] sandstorm
|-heal|p2a: Celebi|395\/404|[from] item: Leftovers
|turn|10
|
|move|p1a: spinnaz|Rapid Spin|p2a: Celebi
|-crit|p2a: Celebi
|-damage|p2a: Celebi|365\/404
|-sideend|p1: Fortune|Stealth Rock|[from] move: Rapid Spin|[of] p1a: spinnaz
|move|p2a: Celebi|Seed Bomb|p1a: spinnaz
|-damage|p1a: spinnaz|200\/361
|-enditem|p1a: spinnaz|Air Balloon
|
|-weather|Sandstorm|[upkeep]
|-damage|p2a: Celebi|340\/404|[from] sandstorm
|-heal|p2a: Celebi|365\/404|[from] item: Leftovers
|turn|11
|
|switch|p1a: chop yo dik off|Pinsir-Mega, M|214\/271
|move|p2a: Celebi|Baton Pass|p2a: Celebi
|J|Zamrock
|
|switch|p2a: Landorus-Therian|Landorus-Therian, M|357\/357
|-damage|p2a: Landorus-Therian|313\/357|[from] Stealth Rock
|-ability|p2a: Landorus-Therian|Intimidate|[of] p1a: chop yo dik off
|-unboost|p1a: chop yo dik off|atk|1
|
|-weather|Sandstorm|[upkeep]
|-damage|p1a: chop yo dik off|198\/271|[from] sandstorm
|-heal|p2a: Landorus-Therian|335\/357|[from] item: Leftovers
|turn|12
|
|switch|p1a: big black fat nigg|Kyurem-Black|391\/391
|-ability|p1a: big black fat nigg|Teravolt
|move|p2a: Landorus-Therian|Rock Slide|p1a: big black fat nigg
|-supereffective|p1a: big black fat nigg
|-damage|p1a: big black fat nigg|223\/391
|
|-weather|none
|-heal|p2a: Landorus-Therian|357\/357|[from] item: Leftovers
|turn|13
|
|switch|p2a: Scizor|Scizor-Mega, M|160\/335
|-damage|p2a: Scizor|119\/335|[from] Stealth Rock
|move|p1a: big black fat nigg|Ice Beam|p2a: Scizor
|-resisted|p2a: Scizor
|-damage|p2a: Scizor|53\/335
|-status|p2a: Scizor|frz
|
|turn|14
|J|arnyyr
|
|cant|p2a: Scizor|frz
|move|p1a: big black fat nigg|Ice Beam|p2a: Scizor
|-resisted|p2a: Scizor
|-damage|p2a: Scizor|0 fnt
|faint|p2a: Scizor
|
|
|switch|p2a: Keldeo-Resolute|Keldeo-Resolute|283\/323
|-damage|p2a: Keldeo-Resolute|263\/323|[from] Stealth Rock
|turn|15
|L|arnyyr
|
|switch|p1a: yung buck hehe|Keldeo-Resolute|56\/323
|move|p2a: Keldeo-Resolute|Secret Sword|p1a: yung buck hehe
|-damage|p1a: yung buck hehe|0 fnt
|faint|p1a: yung buck hehe
|
|
|switch|p1a: rip|Serperior, F|226\/291
|turn|16
|
|switch|p2a: Kyurem-Black|Kyurem-Black|397\/423
|-damage|p2a: Kyurem-Black|292\/423|[from] Stealth Rock
|-ability|p2a: Kyurem-Black|Teravolt
|move|p1a: rip|Glare|p2a: Kyurem-Black
|-status|p2a: Kyurem-Black|par
|
|turn|17
|
|switch|p1a: fuck lati hehe|Tyranitar, M|266\/403
|-weather|Sandstorm
|move|p2a: Kyurem-Black|Earth Power|p1a: fuck lati hehe
|-supereffective|p1a: fuck lati hehe
|-damage|p1a: fuck lati hehe|150\/403
|
|-weather|Sandstorm|[upkeep]
|-damage|p2a: Kyurem-Black|266\/423 par|[from] sandstorm
|turn|18
|
|switch|p1a: big black fat nigg|Kyurem-Black|223\/391
|-ability|p1a: big black fat nigg|Teravolt
|switch|p2a: Landorus-Therian|Landorus-Therian, M|357\/357
|-damage|p2a: Landorus-Therian|313\/357|[from] Stealth Rock
|-ability|p2a: Landorus-Therian|Intimidate|[of] p1a: big black fat nigg
|-unboost|p1a: big black fat nigg|atk|1
|
|-weather|Sandstorm|[upkeep]
|-damage|p1a: big black fat nigg|199\/391|[from] sandstorm
|-heal|p2a: Landorus-Therian|335\/357|[from] item: Leftovers
|turn|19
|
|switch|p2a: Tyranitar|Tyranitar, F|341\/341
|-damage|p2a: Tyranitar|299\/341|[from] Stealth Rock
|move|p1a: big black fat nigg|Ice Beam|p2a: Tyranitar
|-damage|p2a: Tyranitar|200\/341
|
|-weather|Sandstorm|[upkeep]
|-damage|p1a: big black fat nigg|175\/391|[from] sandstorm
|turn|20
|
|switch|p1a: spinnaz|Excadrill, M|200\/361
|move|p2a: Tyranitar|Crunch|p1a: spinnaz
|-damage|p1a: spinnaz|0 fnt
|faint|p1a: spinnaz
|
|-weather|Sandstorm|[upkeep]
|
|switch|p1a: big black fat nigg|Kyurem-Black|175\/391
|-ability|p1a: big black fat nigg|Teravolt
|turn|21
|
|move|p1a: big black fat nigg|Outrage|p2a: Tyranitar
|-damage|p2a: Tyranitar|0 fnt
|faint|p2a: Tyranitar
|
|-weather|Sandstorm|[upkeep]
|-damage|p1a: big black fat nigg|151\/391|[from] sandstorm
|
|switch|p2a: Celebi|Celebi|365\/404
|-damage|p2a: Celebi|315\/404|[from] Stealth Rock
|turn|22
|
|move|p1a: big black fat nigg|Outrage|p2a: Celebi
|-damage|p2a: Celebi|149\/404
|move|p2a: Celebi|Recover|p2a: Celebi
|-heal|p2a: Celebi|351\/404
|
|-weather|Sandstorm|[upkeep]
|-damage|p1a: big black fat nigg|127\/391|[from] sandstorm
|-damage|p2a: Celebi|326\/404|[from] sandstorm
|-heal|p2a: Celebi|351\/404|[from] item: Leftovers
|turn|23
|
|move|p1a: big black fat nigg|Outrage|p2a: Celebi
|-damage|p2a: Celebi|183\/404
|move|p2a: Celebi|Recover|p2a: Celebi
|-heal|p2a: Celebi|385\/404
|
|-end|p1a: big black fat nigg|rampage
|-start|p1a: big black fat nigg|confusion
|-weather|Sandstorm|[upkeep]
|-damage|p1a: big black fat nigg|103\/391|[from] sandstorm
|-damage|p2a: Celebi|360\/404|[from] sandstorm
|-heal|p2a: Celebi|385\/404|[from] item: Leftovers
|turn|24
|
|switch|p1a: chop yo dik off|Pinsir-Mega, M|198\/271
|move|p2a: Celebi|Baton Pass|p2a: Celebi
|
|switch|p2a: Landorus-Therian|Landorus-Therian, M|335\/357
|-damage|p2a: Landorus-Therian|291\/357|[from] Stealth Rock
|-ability|p2a: Landorus-Therian|Intimidate|[of] p1a: chop yo dik off
|-unboost|p1a: chop yo dik off|atk|1
|
|-weather|none
|-heal|p2a: Landorus-Therian|313\/357|[from] item: Leftovers
|turn|25
|
|move|p1a: chop yo dik off|Frustration|p2a: Landorus-Therian
|-damage|p2a: Landorus-Therian|172\/357
|move|p2a: Landorus-Therian|Rock Slide|p1a: chop yo dik off
|-supereffective|p1a: chop yo dik off
|-damage|p1a: chop yo dik off|0 fnt
|faint|p1a: chop yo dik off
|
|-heal|p2a: Landorus-Therian|194\/357|[from] item: Leftovers
|
|switch|p1a: rip|Serperior, F|226\/291
|turn|26
|
|move|p1a: rip|Leaf Storm|p2a: Landorus-Therian
|-damage|p2a: Landorus-Therian|0 fnt
|-boost|p1a: rip|spa|2
|-damage|p1a: rip|197\/291|[from] item: Life Orb
|faint|p2a: Landorus-Therian
|
|
|switch|p2a: Celebi|Celebi|385\/404
|-damage|p2a: Celebi|335\/404|[from] Stealth Rock
|turn|27
|
|move|p1a: rip|Hidden Power|p2a: Celebi
|-supereffective|p2a: Celebi
|-damage|p2a: Celebi|80\/404
|-damage|p1a: rip|168\/291|[from] item: Life Orb
|move|p2a: Celebi|Seed Bomb|p1a: rip
|-resisted|p1a: rip
|-damage|p1a: rip|122\/291
|
|-heal|p2a: Celebi|105\/404|[from] item: Leftovers
|turn|28
|c|âFortune|gg
|
|move|p1a: rip|Hidden Power|p2a: Celebi
|-crit|p2a: Celebi
|-supereffective|p2a: Celebi
|-damage|p2a: Celebi|0 fnt
|-damage|p1a: rip|93\/291|[from] item: Life Orb
|faint|p2a: Celebi
|
|
|switch|p2a: Kyurem-Black|Kyurem-Black|266\/423 par
|-damage|p2a: Kyurem-Black|161\/423 par|[from] Stealth Rock
|-ability|p2a: Kyurem-Black|Teravolt
|turn|29
|
|move|p1a: rip|Dragon Pulse|p2a: Kyurem-Black
|-supereffective|p2a: Kyurem-Black
|-damage|p2a: Kyurem-Black|0 fnt
|-damage|p1a: rip|64\/291|[from] item: Life Orb
|faint|p2a: Kyurem-Black
|
|
|switch|p2a: Keldeo-Resolute|Keldeo-Resolute|263\/323
|-damage|p2a: Keldeo-Resolute|243\/323|[from] Stealth Rock
|turn|30
|
|move|p1a: rip|Dragon Pulse|p2a: Keldeo-Resolute
|-damage|p2a: Keldeo-Resolute|53\/323
|-damage|p1a: rip|35\/291|[from] item: Life Orb
|move|p2a: Keldeo-Resolute|Secret Sword|p1a: rip
|-damage|p1a: rip|0 fnt
|faint|p1a: rip
|
|
|switch|p1a: big black fat nigg|Kyurem-Black|103\/391
|-ability|p1a: big black fat nigg|Teravolt
|turn|31
|
|move|p1a: big black fat nigg|Outrage|p2a: Keldeo-Resolute
|-crit|p2a: Keldeo-Resolute
|-damage|p2a: Keldeo-Resolute|0 fnt
|faint|p2a: Keldeo-Resolute
|
|win|Fortune
|c|âDennisEG|gg
|L|Geotal