|inactive|Battle timer is ON: inactive players will automatically lose when time's up.
|J|DennisEG
|J|2LTD
|player|p1|DennisEG|76
|player|p2|2LTD|194
|gametype|singles
|gen|6
|tier|OU
|clearpoke
|poke|p1|Serperior, F
|poke|p1|Dragalge, M
|poke|p1|Clefable, F
|poke|p1|Sharpedo, M
|poke|p1|Seismitoad, F
|poke|p1|Infernape, M
|poke|p2|Shuckle, M
|poke|p2|Diancie
|poke|p2|Cloyster, M
|poke|p2|Pawniard, M
|poke|p2|Sigilyph, M
|poke|p2|Slurpuff, M
|rule|Swagger Clause: Swagger is banned
|rule|Baton Pass Clause: Limit one PokÃ©mon knowing Baton Pass
|rule|Sleep Clause Mod: Limit one foe put to sleep
|rule|Species Clause: Limit one of each PokÃ©mon
|rule|OHKO Clause: OHKO moves are banned
|rule|Moody Clause: Moody is banned
|rule|Evasion Moves Clause: Evasion moves are banned
|rule|Endless Battle Clause: Forcing endless battles is banned
|rule|HP Percentage Mod: HP is shown in percentages
|teampreview
|c|â2LTD|gl
|c|âDennisEG|u2
|J|Starmei
|J|boudouche
|L|boudouche
|J|CrashinBoomBang
|c|+CrashinBoomBang|oh random pokemon tour not ost lame
|c|+CrashinBoomBang|gl both!!
|
|start
|switch|p1a: Seismitoad|Seismitoad, F|413\/413
|switch|p2a: Shuckle|Shuckle, M|244\/244
|turn|1
|c|+Starmei|allstarts?
|c|+Starmei|stars*
|c|âDennisEG|ty cbb
|c|â2LTD|ye
|
|move|p1a: Seismitoad|Scald|p2a: Shuckle
|-supereffective|p2a: Shuckle
|-damage|p2a: Shuckle|172\/244
|move|p2a: Shuckle|Sticky Web|p1a: Seismitoad
|-sidestart|p1: DennisEG|move: Sticky Web
|
|turn|2
|
|move|p1a: Seismitoad|Scald|p2a: Shuckle
|-supereffective|p2a: Shuckle
|-damage|p2a: Shuckle|98\/244
|move|p2a: Shuckle|Stealth Rock|p1a: Seismitoad
|-sidestart|p1: DennisEG|move: Stealth Rock
|
|turn|3
|J|DerSweeper
|J|Stellar
|
|move|p1a: Seismitoad|Scald|p2a: Shuckle
|-crit|p2a: Shuckle
|-supereffective|p2a: Shuckle
|-damage|p2a: Shuckle|0 fnt
|faint|p2a: Shuckle
|
|c|âDennisEG|lol i forget sr
|J|Korby
|L|Stellar
|
|switch|p2a: Slurpuff|Slurpuff, M|306\/306
|turn|4
|
|move|p2a: Slurpuff|Belly Drum|p2a: Slurpuff
|-damage|p2a: Slurpuff|153\/306
|-setboost|p2a: Slurpuff|atk|6|[from] move: Belly Drum
|-enditem|p2a: Slurpuff|Sitrus Berry|[eat]
|-heal|p2a: Slurpuff|229\/306|[from] item: Sitrus Berry
|move|p1a: Seismitoad|Toxic|p2a: Slurpuff
|-status|p2a: Slurpuff|tox
|
|-damage|p2a: Slurpuff|210\/306 tox|[from] psn
|turn|5
|
|switch|p1a: Clefable|Clefable, F|393\/393
|-damage|p1a: Clefable|344\/393|[from] Stealth Rock
|-activate|p1a: Clefable|move: Sticky Web
|-unboost|p1a: Clefable|spe|1
|move|p2a: Slurpuff|Play Rough|p1a: Clefable
|-damage|p1a: Clefable|236\/393
|
|-heal|p1a: Clefable|260\/393|[from] item: Leftovers
|-damage|p2a: Slurpuff|172\/306 tox|[from] psn
|turn|6
|
|switch|p2a: Pawniard|Pawniard, M|231\/231
|move|p1a: Clefable|Moonblast|p2a: Pawniard
|-damage|p2a: Pawniard|6\/231
|
|-heal|p1a: Clefable|284\/393|[from] item: Leftovers
|turn|7
|J|Gee Mick
|
|switch|p1a: Infernape|Infernape, M|293\/293
|-damage|p1a: Infernape|257\/293|[from] Stealth Rock
|-activate|p1a: Infernape|move: Sticky Web
|-unboost|p1a: Infernape|spe|1
|move|p2a: Pawniard|Knock Off|p1a: Infernape
|-resisted|p1a: Infernape
|-damage|p1a: Infernape|156\/293
|-enditem|p1a: Infernape|Life Orb|[from] move: Knock Off|[of] p2a: Pawniard
|
|turn|8
|L|Gee Mick
|
|move|p2a: Pawniard|Sucker Punch|p1a: Infernape
|-resisted|p1a: Infernape
|-damage|p1a: Infernape|64\/293
|move|p1a: Infernape|Thunder Punch|p2a: Pawniard
|-crit|p2a: Pawniard
|-damage|p2a: Pawniard|0 fnt
|faint|p2a: Pawniard
|
|
|switch|p2a: Diancie|Diancie|241\/241
|turn|9
|
|detailschange|p2a: Diancie|Diancie-Mega
|-mega|p2a: Diancie|Diancie|Diancite
|move|p1a: Infernape|Close Combat|p2a: Diancie
|-damage|p2a: Diancie|37\/241
|-unboost|p1a: Infernape|def|1
|-unboost|p1a: Infernape|spd|1
|move|p2a: Diancie|Moonblast|p1a: Infernape
|-damage|p1a: Infernape|0 fnt
|faint|p1a: Infernape
|
|
|switch|p1a: Serperior|Serperior, F|291\/291
|-damage|p1a: Serperior|255\/291|[from] Stealth Rock
|-activate|p1a: Serperior|move: Sticky Web
|-boost|p1a: Serperior|spe|1
|turn|10
|
|switch|p2a: Slurpuff|Slurpuff, M|172\/306 tox
|move|p1a: Serperior|Leaf Storm|p2a: Slurpuff
|-damage|p2a: Slurpuff|0 fnt
|-boost|p1a: Serperior|spa|2
|-damage|p1a: Serperior|226\/291|[from] item: Life Orb
|faint|p2a: Slurpuff
|
|
|switch|p2a: Cloyster|Cloyster, M|241\/241
|turn|11
|
|switch|p1a: Seismitoad|Seismitoad, F|413\/413
|-damage|p1a: Seismitoad|388\/413|[from] Stealth Rock
|-activate|p1a: Seismitoad|move: Sticky Web
|-unboost|p1a: Seismitoad|spe|1
|move|p2a: Cloyster|Icicle Spear|p1a: Seismitoad
|-damage|p1a: Seismitoad|345\/413
|-damage|p1a: Seismitoad|300\/413
|-damage|p1a: Seismitoad|255\/413
|-crit|p1a: Seismitoad
|-damage|p1a: Seismitoad|186\/413
|-damage|p1a: Seismitoad|137\/413
|-hitcount|p1a: Seismitoad|5
|
|-heal|p1a: Seismitoad|162\/413|[from] item: Leftovers
|turn|12
|
|move|p2a: Cloyster|Icicle Spear|p1a: Seismitoad
|-damage|p1a: Seismitoad|114\/413
|-damage|p1a: Seismitoad|72\/413
|-damage|p1a: Seismitoad|24\/413
|-damage|p1a: Seismitoad|0 fnt
|-hitcount|p1a: Seismitoad|4
|faint|p1a: Seismitoad
|
|
|switch|p1a: Clefable|Clefable, F|284\/393
|-activate|p1a: Clefable|move: Sticky Web
|-unboost|p1a: Clefable|spe|1
|-damage|p1a: Clefable|235\/393|[from] Stealth Rock
|turn|13
|
|move|p2a: Cloyster|Icicle Spear|p1a: Clefable
|-damage|p1a: Clefable|201\/393
|-damage|p1a: Clefable|164\/393
|-damage|p1a: Clefable|131\/393
|-crit|p1a: Clefable
|-damage|p1a: Clefable|77\/393
|-damage|p1a: Clefable|43\/393
|-hitcount|p1a: Clefable|5
|move|p1a: Clefable|Moonblast|p2a: Cloyster
|-damage|p2a: Cloyster|31\/241
|
|-heal|p1a: Clefable|67\/393|[from] item: Leftovers
|turn|14
|
|move|p2a: Cloyster|Icicle Spear|p1a: Clefable
|-damage|p1a: Clefable|30\/393
|-damage|p1a: Clefable|0 fnt
|-hitcount|p1a: Clefable|2
|faint|p1a: Clefable
|
|
|switch|p1a: Serperior|Serperior, F|226\/291
|-damage|p1a: Serperior|190\/291|[from] Stealth Rock
|-activate|p1a: Serperior|move: Sticky Web
|-boost|p1a: Serperior|spe|1
|turn|15
|
|switch|p2a: Diancie|Diancie-Mega|37\/241
|move|p1a: Serperior|Giga Drain|p2a: Diancie
|-supereffective|p2a: Diancie
|-damage|p2a: Diancie|0 fnt
|-heal|p1a: Serperior|209\/291|[from] drain|[of] p2a: Diancie
|-damage|p1a: Serperior|180\/291|[from] item: Life Orb
|faint|p2a: Diancie
|
|
|switch|p2a: Sigilyph|Sigilyph, M|348\/348
|turn|16
|
|move|p1a: Serperior|Leaf Storm|p2a: Sigilyph
|-resisted|p2a: Sigilyph
|-damage|p2a: Sigilyph|265\/348
|-boost|p1a: Serperior|spa|2
|-damage|p1a: Serperior|151\/291|[from] item: Life Orb
|move|p2a: Sigilyph|Cosmic Power|p2a: Sigilyph
|-boost|p2a: Sigilyph|def|1
|-boost|p2a: Sigilyph|spd|1
|
|-heal|p2a: Sigilyph|286\/348|[from] item: Leftovers
|turn|17
|
|move|p1a: Serperior|Dragon Pulse|p2a: Sigilyph
|-damage|p2a: Sigilyph|191\/348
|-damage|p1a: Serperior|122\/291|[from] item: Life Orb
|move|p2a: Sigilyph|Cosmic Power|p2a: Sigilyph
|-boost|p2a: Sigilyph|def|1
|-boost|p2a: Sigilyph|spd|1
|
|-heal|p2a: Sigilyph|212\/348|[from] item: Leftovers
|turn|18
|
|move|p1a: Serperior|Leaf Storm|p2a: Sigilyph
|-resisted|p2a: Sigilyph
|-damage|p2a: Sigilyph|130\/348
|-boost|p1a: Serperior|spa|2
|-damage|p1a: Serperior|93\/291|[from] item: Life Orb
|move|p2a: Sigilyph|Roost|p2a: Sigilyph
|-heal|p2a: Sigilyph|304\/348
|
|-heal|p2a: Sigilyph|325\/348|[from] item: Leftovers
|turn|19
|
|move|p1a: Serperior|Dragon Pulse|p2a: Sigilyph
|-damage|p2a: Sigilyph|215\/348
|-damage|p1a: Serperior|64\/291|[from] item: Life Orb
|move|p2a: Sigilyph|Cosmic Power|p2a: Sigilyph
|-boost|p2a: Sigilyph|def|1
|-boost|p2a: Sigilyph|spd|1
|
|-heal|p2a: Sigilyph|236\/348|[from] item: Leftovers
|turn|20
|
|move|p1a: Serperior|Leaf Storm|p2a: Sigilyph
|-crit|p2a: Sigilyph
|-resisted|p2a: Sigilyph
|-damage|p2a: Sigilyph|0 fnt
|-boost|p1a: Serperior|spa|2
|-damage|p1a: Serperior|35\/291|[from] item: Life Orb
|faint|p2a: Sigilyph
|
|c|â2LTD|feels
|
|switch|p2a: Cloyster|Cloyster, M|31\/241
|turn|21
|J|phil
|c|âDennisEG|do u have store power only right ?
|
|move|p1a: Serperior|Giga Drain|p2a: Cloyster
|-supereffective|p2a: Cloyster
|-damage|p2a: Cloyster|0 fnt
|-heal|p1a: Serperior|51\/291|[from] drain|[of] p2a: Cloyster
|-damage|p1a: Serperior|22\/291|[from] item: Life Orb
|faint|p2a: Cloyster
|
|win|DennisEG
|c|â2LTD|nah
|c|â2LTD|heat wave
|c|â2LTD|gg
|c|âDennisEG|oh shit gg
|c|âDennisEG|dude srry
|L|phil
|c|â2LTD|its okay 
|c|â2LTD|it happens
|L|DerSweeper
|L|DennisEG
|player|p1
|J|DennisEG
|L|2LTD
|player|p2
|L|CrashinBoomBang