|inactive|Battle timer is ON: inactive players will automatically lose when time's up.
|join|Drum'n'Bass
|join|DennisEG
|player|p1|Drum'n'Bass|70
|player|p2|DennisEG|76
|gametype|singles
|gen|4
|tier|[Gen 4] OU
|rule|Sleep Clause Mod: Limit one foe put to sleep
|rule|Species Clause: Limit one of each PokÃ©mon
|rule|OHKO Clause: OHKO moves are banned
|rule|Moody Clause: Moody is banned
|rule|Evasion Moves Clause: Evasion moves are banned
|rule|Endless Battle Clause: Forcing endless battles is banned
|rule|HP Percentage Mod: HP is shown in percentages
|
|start
|switch|p1a: Azelf|Azelf|291\/291
|switch|p2a: Heatran|Heatran, F|324\/324
|turn|1
|
|move|p1a: Azelf|U-turn|p2a: Heatran
|-resisted|p2a: Heatran
|-damage|p2a: Heatran|302\/324
|
|switch|p1a: Suicune|Suicune|341\/341
|-ability|p1a: Suicune|Pressure
|move|p2a: Heatran|Flamethrower|p1a: Suicune
|-resisted|p1a: Suicune
|-damage|p1a: Suicune|263\/341
|
|-heal|p1a: Suicune|284\/341|[from] item: Leftovers
|turn|2
|
|move|p1a: Suicune|Hydro Pump|p2a: Heatran
|-supereffective|p2a: Heatran
|-damage|p2a: Heatran|0 fnt
|faint|p2a: Heatran
|
|-heal|p1a: Suicune|305\/341|[from] item: Leftovers
|
|switch|p2a: Rotom-Heat|Rotom-Heat|241\/241
|turn|3
|
|switch|p1a: Flygon|Flygon, M|301\/301
|move|p2a: Rotom-Heat|Thunderbolt|p1a: Flygon
|-immune|p1a: Flygon|[msg]
|
|turn|4
|
|move|p1a: Flygon|U-turn|p2a: Rotom-Heat
|-resisted|p2a: Rotom-Heat
|-damage|p2a: Rotom-Heat|207\/241
|
|switch|p1a: Heatran|Heatran, M|368\/368
|move|p2a: Rotom-Heat|Thunderbolt|p1a: Heatran
|-damage|p1a: Heatran|169\/368
|
|turn|5
|
|switch|p1a: Flygon|Flygon, M|301\/301
|move|p2a: Rotom-Heat|Thunderbolt|p1a: Flygon
|-immune|p1a: Flygon|[msg]
|
|turn|6
|
|switch|p2a: Jirachi|Jirachi|341\/341
|move|p1a: Flygon|Outrage|p2a: Jirachi
|-resisted|p2a: Jirachi
|-damage|p2a: Jirachi|248\/341
|
|turn|7
|
|move|p2a: Jirachi|Ice Punch|p1a: Flygon
|-supereffective|p1a: Flygon
|-damage|p1a: Flygon|0 fnt
|faint|p1a: Flygon
|
|
|switch|p1a: Heatran|Heatran, M|169\/368
|turn|8
|
|switch|p2a: Rotom-Heat|Rotom-Heat|207\/241
|move|p1a: Heatran|Stealth Rock|p2a: Rotom-Heat
|-sidestart|p2: DennisEG|move: Stealth Rock
|
|turn|9
|
|switch|p1a: Jirachi|Jirachi|403\/403
|move|p2a: Rotom-Heat|Thunderbolt|p1a: Jirachi
|-damage|p1a: Jirachi|195\/403
|
|-heal|p1a: Jirachi|220\/403|[from] item: Leftovers
|turn|10
|
|move|p1a: Jirachi|Flash Cannon|p2a: Rotom-Heat
|-resisted|p2a: Rotom-Heat
|-damage|p2a: Rotom-Heat|163\/241
|move|p2a: Rotom-Heat|Thunderbolt|p1a: Jirachi
|-damage|p1a: Jirachi|0 fnt
|faint|p1a: Jirachi
|
|
|switch|p1a: Azelf|Azelf|291\/291
|turn|11
|
|switch|p2a: Jirachi|Jirachi|248\/341
|-damage|p2a: Jirachi|227\/341|[from] Stealth Rock
|move|p1a: Azelf|Zen Headbutt|p2a: Jirachi
|-resisted|p2a: Jirachi
|-damage|p2a: Jirachi|185\/341
|
|turn|12
|
|switch|p1a: Gengar|Gengar, M|261\/261
|move|p2a: Jirachi|U-turn|p1a: Gengar
|-resisted|p1a: Gengar
|-damage|p1a: Gengar|237\/261
|
|switch|p2a: Machamp|Machamp, F|381\/381
|-damage|p2a: Machamp|358\/381|[from] Stealth Rock
|
|turn|13
|
|move|p1a: Gengar|Shadow Ball|p2a: Machamp
|-damage|p2a: Machamp|132\/381
|-damage|p1a: Gengar|211\/261|[from] item: Life Orb
|move|p2a: Machamp|Payback|p1a: Gengar
|-supereffective|p1a: Gengar
|-damage|p1a: Gengar|0 fnt
|faint|p1a: Gengar
|
|
|switch|p1a: Heatran|Heatran, M|169\/368
|turn|14
|
|move|p1a: Heatran|Fire Blast|p2a: Machamp
|-damage|p2a: Machamp|0 fnt
|faint|p2a: Machamp
|
|
|switch|p2a: Infernape|Infernape, M|293\/293
|-damage|p2a: Infernape|257\/293|[from] Stealth Rock
|turn|15
|
|switch|p1a: Azelf|Azelf|291\/291
|move|p2a: Infernape|Close Combat|p1a: Azelf
|-resisted|p1a: Azelf
|-damage|p1a: Azelf|153\/291
|-unboost|p2a: Infernape|def|1
|-unboost|p2a: Infernape|spd|1
|-damage|p2a: Infernape|228\/293|[from] item: Life Orb
|
|turn|16
|
|switch|p2a: Jirachi|Jirachi|185\/341
|-damage|p2a: Jirachi|164\/341|[from] Stealth Rock
|move|p1a: Azelf|U-turn|p2a: Jirachi
|-damage|p2a: Jirachi|60\/341
|
|switch|p1a: Heatran|Heatran, M|169\/368
|
|turn|17
|
|move|p2a: Jirachi|U-turn|p1a: Heatran
|-crit|p1a: Heatran
|-resisted|p1a: Heatran
|-damage|p1a: Heatran|137\/368
|
|switch|p2a: Infernape|Infernape, M|228\/293
|-damage|p2a: Infernape|192\/293|[from] Stealth Rock
|move|p1a: Heatran|Fire Blast|p2a: Infernape
|-resisted|p2a: Infernape
|-damage|p2a: Infernape|9\/293
|
|turn|18
|
|move|p2a: Infernape|Close Combat|p1a: Heatran
|-supereffective|p1a: Heatran
|-damage|p1a: Heatran|0 fnt
|-unboost|p2a: Infernape|def|1
|-unboost|p2a: Infernape|spd|1
|-damage|p2a: Infernape|0 fnt|[from] item: Life Orb
|faint|p1a: Heatran
|faint|p2a: Infernape
|
|
|switch|p2a: Flygon|Flygon, M|301\/301
|-damage|p2a: Flygon|283\/301|[from] Stealth Rock
|switch|p1a: Suicune|Suicune|305\/341
|-ability|p1a: Suicune|Pressure
|turn|19
|join|SockeFTW
|
|move|p2a: Flygon|U-turn|p1a: Suicune
|-damage|p1a: Suicune|244\/341
|
|switch|p2a: Jirachi|Jirachi|60\/341
|-damage|p2a: Jirachi|39\/341|[from] Stealth Rock
|move|p1a: Suicune|Ice Beam|p2a: Jirachi
|-resisted|p2a: Jirachi
|-damage|p2a: Jirachi|0 fnt
|faint|p2a: Jirachi
|
|-heal|p1a: Suicune|265\/341|[from] item: Leftovers
|
|switch|p2a: Rotom-Heat|Rotom-Heat|163\/241
|-damage|p2a: Rotom-Heat|133\/241|[from] Stealth Rock
|turn|20
|
|move|p2a: Rotom-Heat|Thunderbolt|p1a: Suicune
|-supereffective|p1a: Suicune
|-damage|p1a: Suicune|0 fnt
|faint|p1a: Suicune
|
|
|switch|p1a: Azelf|Azelf|153\/291
|turn|21
|
|move|p1a: Azelf|Zen Headbutt|p2a: Rotom-Heat|[miss]
|-miss|p1a: Azelf|p2a: Rotom-Heat
|move|p2a: Rotom-Heat|Thunderbolt|p1a: Azelf
|-damage|p1a: Azelf|0 fnt
|faint|p1a: Azelf
|
|win|DennisEG
|c|âDrum'n'Bass|gg
|c|âDennisEG|gg
|leave|SockeFTW
|leave|DennisEG
|player|p2