|join|lanueba
|join|DennisEG
|player|p1|lanueba|34
|player|p2|DennisEG|76
|gametype|singles
|gen|6
|tier|OU
|clearpoke
|poke|p1|Landorus-Therian, M
|poke|p1|Ferrothorn, M
|poke|p1|Charizard, M
|poke|p1|Tyranitar, M
|poke|p1|Latios, M
|poke|p1|Keldeo
|poke|p2|Raikou
|poke|p2|Bisharp, M
|poke|p2|Landorus-Therian, M
|poke|p2|Keldeo-Resolute
|poke|p2|Medicham, M
|poke|p2|Latios, M
|rule|Swagger Clause: Swagger is banned
|rule|Baton Pass Clause: Limit one PokÃ©mon knowing Baton Pass
|rule|Sleep Clause Mod: Limit one foe put to sleep
|rule|Species Clause: Limit one of each PokÃ©mon
|rule|OHKO Clause: OHKO moves are banned
|rule|Moody Clause: Moody is banned
|rule|Evasion Moves Clause: Evasion moves are banned
|rule|Endless Battle Clause: Forcing endless battles is banned
|rule|HP Percentage Mod: HP is shown in percentages
|teampreview
|join|Tom Bus
|
|start
|switch|p1a: Landorus-Therian|Landorus-Therian, M|382\/382
|switch|p2a: Landorus-Therian|Landorus-Therian, M|357\/357
|-ability|p2a: Landorus-Therian|Intimidate|[of] p1a: Landorus-Therian
|-unboost|p1a: Landorus-Therian|atk|1
|-ability|p1a: Landorus-Therian|Intimidate|[of] p2a: Landorus-Therian
|-unboost|p2a: Landorus-Therian|atk|1
|turn|1
|
|move|p2a: Landorus-Therian|Stealth Rock|p1a: Landorus-Therian
|-sidestart|p1: lanueba|move: Stealth Rock
|move|p1a: Landorus-Therian|Stealth Rock|p2a: Landorus-Therian
|-sidestart|p2: DennisEG|move: Stealth Rock
|
|turn|2
|
|move|p2a: Landorus-Therian|Rock Slide|p1a: Landorus-Therian
|-damage|p1a: Landorus-Therian|338\/382
|move|p1a: Landorus-Therian|Knock Off|p2a: Landorus-Therian
|-damage|p2a: Landorus-Therian|300\/357
|-enditem|p2a: Landorus-Therian|Leftovers|[from] move: Knock Off|[of] p1a: Landorus-Therian
|
|-heal|p1a: Landorus-Therian|361\/382|[from] item: Leftovers
|turn|3
|join|DisfrutaDeLaDisco
|
|move|p2a: Landorus-Therian|Rock Slide|p1a: Landorus-Therian
|-damage|p1a: Landorus-Therian|321\/382
|cant|p1a: Landorus-Therian|flinch
|
|-heal|p1a: Landorus-Therian|344\/382|[from] item: Leftovers
|turn|4
|
|move|p2a: Landorus-Therian|Rock Slide|p1a: Landorus-Therian
|-damage|p1a: Landorus-Therian|298\/382
|move|p1a: Landorus-Therian|U-turn|p2a: Landorus-Therian
|-resisted|p2a: Landorus-Therian
|-damage|p2a: Landorus-Therian|282\/357
|
|switch|p1a: Keldeo|Keldeo|323\/323
|-damage|p1a: Keldeo|303\/323|[from] Stealth Rock
|
|turn|5
|c| DisfrutaDeLaDisco|lanueba is nub 
|join|skup
|
|switch|p1a: Tyranitar|Tyranitar, M|341\/341
|-damage|p1a: Tyranitar|299\/341|[from] Stealth Rock
|-weather|Sandstorm
|switch|p2a: Raikou|Raikou|325\/325
|-damage|p2a: Raikou|285\/325|[from] Stealth Rock
|-ability|p2a: Raikou|Pressure
|
|-weather|Sandstorm|[upkeep]
|-damage|p2a: Raikou|265\/325|[from] sandstorm
|turn|6
|
|switch|p2a: Landorus-Therian|Landorus-Therian, M|282\/357
|-damage|p2a: Landorus-Therian|238\/357|[from] Stealth Rock
|-ability|p2a: Landorus-Therian|Intimidate|[of] p1a: Tyranitar
|-unboost|p1a: Tyranitar|atk|1
|move|p1a: Tyranitar|Earthquake|p2a: Landorus-Therian
|-immune|p2a: Landorus-Therian|[msg]
|
|-weather|Sandstorm|[upkeep]
|turn|7
|join|mack bus
|
|switch|p1a: Keldeo|Keldeo|303\/323
|-damage|p1a: Keldeo|283\/323|[from] Stealth Rock
|move|p2a: Landorus-Therian|U-turn|p1a: Keldeo
|-resisted|p1a: Keldeo
|-damage|p1a: Keldeo|243\/323
|leave|skup
|
|switch|p2a: Raikou|Raikou|265\/325
|-damage|p2a: Raikou|225\/325|[from] Stealth Rock
|-ability|p2a: Raikou|Pressure
|
|-weather|Sandstorm|[upkeep]
|-damage|p2a: Raikou|205\/325|[from] sandstorm
|-damage|p1a: Keldeo|223\/323|[from] sandstorm
|turn|8
|leave|Tom Bus
|
|switch|p1a: Landorus-Therian|Landorus-Therian, M|298\/382
|-damage|p1a: Landorus-Therian|251\/382|[from] Stealth Rock
|-ability|p1a: Landorus-Therian|Intimidate|[of] p2a: Raikou
|-unboost|p2a: Raikou|atk|1
|move|p2a: Raikou|Volt Switch|p1a: Landorus-Therian
|-immune|p1a: Landorus-Therian|[msg]
|
|-weather|Sandstorm|[upkeep]
|-damage|p2a: Raikou|185\/325|[from] sandstorm
|-heal|p1a: Landorus-Therian|274\/382|[from] item: Leftovers
|turn|9
|leave|mack bus
|
|switch|p1a: Tyranitar|Tyranitar, M|299\/341
|-damage|p1a: Tyranitar|257\/341|[from] Stealth Rock
|move|p2a: Raikou|Hidden Power|p1a: Tyranitar
|-damage|p1a: Tyranitar|212\/341
|
|-weather|none
|turn|10
|
|move|p1a: Tyranitar|Pursuit|p2a: Raikou
|-damage|p2a: Raikou|89\/325
|move|p2a: Raikou|Volt Switch|p1a: Tyranitar
|-crit|p1a: Tyranitar
|-damage|p1a: Tyranitar|34\/341
|
|switch|p2a: Medicham|Medicham, M|261\/261
|-damage|p2a: Medicham|245\/261|[from] Stealth Rock
|
|turn|11
|
|switch|p1a: Landorus-Therian|Landorus-Therian, M|274\/382
|-damage|p1a: Landorus-Therian|227\/382|[from] Stealth Rock
|-ability|p1a: Landorus-Therian|Intimidate|[of] p2a: Medicham
|-unboost|p2a: Medicham|atk|1
|detailschange|p2a: Medicham|Medicham-Mega, M
|message|Medicham has Mega Evolved into Mega Medicham!
|move|p2a: Medicham|Fake Out|p1a: Landorus-Therian
|-damage|p1a: Landorus-Therian|186\/382
|
|-heal|p1a: Landorus-Therian|209\/382|[from] item: Leftovers
|turn|12
|
|switch|p1a: Ferrothorn|Ferrothorn, M|350\/350
|-damage|p1a: Ferrothorn|329\/350|[from] Stealth Rock
|move|p2a: Medicham|Ice Punch|p1a: Ferrothorn
|-crit|p1a: Ferrothorn
|-damage|p1a: Ferrothorn|173\/350
|-damage|p2a: Medicham|213\/261|[from] ability: Iron Barbs|[of] p1a: Ferrothorn
|
|-heal|p1a: Ferrothorn|194\/350|[from] item: Leftovers
|turn|13
|
|switch|p2a: Latios|Latios, M|301\/301
|-damage|p2a: Latios|264\/301|[from] Stealth Rock
|switch|p1a: Keldeo|Keldeo|223\/323
|-damage|p1a: Keldeo|203\/323|[from] Stealth Rock
|
|turn|14
|
|switch|p1a: Ferrothorn|Ferrothorn, M|194\/350
|-damage|p1a: Ferrothorn|173\/350|[from] Stealth Rock
|move|p2a: Latios|Psyshock|p1a: Ferrothorn
|-resisted|p1a: Ferrothorn
|-damage|p1a: Ferrothorn|109\/350
|-damage|p2a: Latios|234\/301|[from] item: Life Orb
|
|-heal|p1a: Ferrothorn|130\/350|[from] item: Leftovers
|turn|15
|
|move|p2a: Latios|Draco Meteor|p1a: Ferrothorn
|-resisted|p1a: Ferrothorn
|-damage|p1a: Ferrothorn|25\/350
|-unboost|p2a: Latios|spa|2
|-damage|p2a: Latios|204\/301|[from] item: Life Orb
|move|p1a: Ferrothorn|Leech Seed|p2a: Latios
|-start|p2a: Latios|move: Leech Seed
|
|-heal|p1a: Ferrothorn|46\/350|[from] item: Leftovers
|-damage|p2a: Latios|167\/301|[from] Leech Seed|[of] p1a: Ferrothorn
|-heal|p1a: Ferrothorn|83\/350|[silent]
|turn|16
|
|move|p2a: Latios|Hidden Power|p1a: Ferrothorn
|-supereffective|p1a: Ferrothorn
|-damage|p1a: Ferrothorn|0 fnt
|-damage|p2a: Latios|137\/301|[from] item: Life Orb
|faint|p1a: Ferrothorn
|
|
|switch|p1a: Latios|Latios, M|301\/301
|-damage|p1a: Latios|264\/301|[from] Stealth Rock
|turn|17
|
|switch|p2a: Bisharp|Bisharp, M|271\/271
|-damage|p2a: Bisharp|255\/271|[from] Stealth Rock
|move|p1a: Latios|Draco Meteor|p2a: Bisharp
|-resisted|p2a: Bisharp
|-damage|p2a: Bisharp|67\/271
|-unboost|p1a: Latios|spa|2
|-damage|p1a: Latios|234\/301|[from] item: Life Orb
|
|turn|18
|
|move|p1a: Latios|Draco Meteor|p2a: Bisharp
|-resisted|p2a: Bisharp
|-damage|p2a: Bisharp|0 fnt
|-unboost|p1a: Latios|spa|2
|-damage|p1a: Latios|204\/301|[from] item: Life Orb
|faint|p2a: Bisharp
|
|
|switch|p2a: Raikou|Raikou|89\/325
|-damage|p2a: Raikou|49\/325|[from] Stealth Rock
|-ability|p2a: Raikou|Pressure
|turn|19
|
|switch|p1a: Tyranitar|Tyranitar, M|34\/341
|-damage|p1a: Tyranitar|0 fnt|[from] Stealth Rock
|faint|p1a: Tyranitar
|move|p2a: Raikou|Volt Switch|p1: Tyranitar|[notarget]
|-notarget
|
|
|switch|p1a: Charizard|Charizard, M|359\/359
|-damage|p1a: Charizard|180\/359|[from] Stealth Rock
|turn|20
|
|detailschange|p1a: Charizard|Charizard-Mega-X, M
|message|Charizard has Mega Evolved into Mega Charizard!
|move|p2a: Raikou|Volt Switch|p1a: Charizard
|-resisted|p1a: Charizard
|-damage|p1a: Charizard|126\/359
|
|switch|p2a: Landorus-Therian|Landorus-Therian, M|238\/357
|-damage|p2a: Landorus-Therian|194\/357|[from] Stealth Rock
|-ability|p2a: Landorus-Therian|Intimidate|[of] p1a: Charizard
|-unboost|p1a: Charizard|atk|1
|move|p1a: Charizard|Roost|p1a: Charizard
|-heal|p1a: Charizard|306\/359
|
|turn|21
|
|switch|p1a: Landorus-Therian|Landorus-Therian, M|209\/382
|-damage|p1a: Landorus-Therian|162\/382|[from] Stealth Rock
|-ability|p1a: Landorus-Therian|Intimidate|[of] p2a: Landorus-Therian
|-unboost|p2a: Landorus-Therian|atk|1
|move|p2a: Landorus-Therian|U-turn|p1a: Landorus-Therian
|-resisted|p1a: Landorus-Therian
|-damage|p1a: Landorus-Therian|142\/382
|
|switch|p2a: Medicham|Medicham-Mega, M|213\/261
|-damage|p2a: Medicham|197\/261|[from] Stealth Rock
|
|-heal|p1a: Landorus-Therian|165\/382|[from] item: Leftovers
|turn|22
|
|move|p2a: Medicham|Psycho Cut|p1a: Landorus-Therian
|-damage|p1a: Landorus-Therian|6\/382
|move|p1a: Landorus-Therian|U-turn|p2a: Medicham
|-damage|p2a: Medicham|105\/261
|
|switch|p1a: Latios|Latios, M|204\/301
|-damage|p1a: Latios|167\/301|[from] Stealth Rock
|
|turn|23
|
|move|p1a: Latios|Psyshock|p2a: Medicham
|-damage|p2a: Medicham|0 fnt
|-damage|p1a: Latios|137\/301|[from] item: Life Orb
|faint|p2a: Medicham
|
|
|switch|p2a: Raikou|Raikou|49\/325
|-damage|p2a: Raikou|9\/325|[from] Stealth Rock
|-ability|p2a: Raikou|Pressure
|turn|24
|
|switch|p1a: Landorus-Therian|Landorus-Therian, M|6\/382
|-damage|p1a: Landorus-Therian|0 fnt|[from] Stealth Rock
|faint|p1a: Landorus-Therian
|move|p2a: Raikou|Shadow Ball|p1: Landorus-Therian|[notarget]
|-notarget
|
|
|switch|p1a: Charizard|Charizard-Mega-X, M|306\/359
|-damage|p1a: Charizard|217\/359|[from] Stealth Rock
|turn|25
|
|move|p2a: Raikou|Volt Switch|p1a: Charizard
|-resisted|p1a: Charizard
|-damage|p1a: Charizard|163\/359
|
|switch|p2a: Landorus-Therian|Landorus-Therian, M|194\/357
|-damage|p2a: Landorus-Therian|150\/357|[from] Stealth Rock
|-ability|p2a: Landorus-Therian|Intimidate|[of] p1a: Charizard
|-unboost|p1a: Charizard|atk|1
|move|p1a: Charizard|Roost|p1a: Charizard
|-heal|p1a: Charizard|343\/359
|
|turn|26
|
|move|p1a: Charizard|Will-O-Wisp|p2a: Landorus-Therian
|-status|p2a: Landorus-Therian|brn
|move|p2a: Landorus-Therian|Earthquake|p1a: Charizard
|-supereffective|p1a: Charizard
|-damage|p1a: Charizard|187\/359
|
|-damage|p2a: Landorus-Therian|106\/357 brn|[from] brn
|turn|27
|
|move|p1a: Charizard|Roost|p1a: Charizard
|-heal|p1a: Charizard|359\/359
|move|p2a: Landorus-Therian|U-turn|p1a: Charizard
|-resisted|p1a: Charizard
|-damage|p1a: Charizard|343\/359
|
|switch|p2a: Latios|Latios, M|137\/301
|-damage|p2a: Latios|100\/301|[from] Stealth Rock
|
|turn|28
|
|move|p2a: Latios|Draco Meteor|p1a: Charizard
|-supereffective|p1a: Charizard
|-damage|p1a: Charizard|0 fnt
|-unboost|p2a: Latios|spa|2
|-damage|p2a: Latios|70\/301|[from] item: Life Orb
|faint|p1a: Charizard
|
|
|switch|p1a: Latios|Latios, M|137\/301
|-damage|p1a: Latios|100\/301|[from] Stealth Rock
|turn|29
|join|Kuriyama-san
|
|switch|p2a: Raikou|Raikou|9\/325
|-damage|p2a: Raikou|0 fnt|[from] Stealth Rock
|faint|p2a: Raikou
|move|p1a: Latios|Psyshock|p2: Raikou|[notarget]
|-notarget
|
|c| Kuriyama-san|ola
|
|switch|p2a: Keldeo-Resolute|Keldeo-Resolute|323\/323
|-damage|p2a: Keldeo-Resolute|303\/323|[from] Stealth Rock
|turn|30
|c|âlanueba|gg
|
|move|p2a: Keldeo-Resolute|Secret Sword|p1a: Latios
|-resisted|p1a: Latios
|-damage|p1a: Latios|7\/301
|move|p1a: Latios|Psyshock|p2a: Keldeo-Resolute
|-supereffective|p2a: Keldeo-Resolute
|-damage|p2a: Keldeo-Resolute|0 fnt
|-damage|p1a: Latios|0 fnt|[from] item: Life Orb
|faint|p2a: Keldeo-Resolute
|faint|p1a: Latios
|
|
|switch|p2a: Latios|Latios, M|70\/301
|switch|p1a: Keldeo|Keldeo|203\/323
|-damage|p2a: Latios|33\/301|[from] Stealth Rock
|-damage|p1a: Keldeo|183\/323|[from] Stealth Rock
|turn|31
|c|âDennisEG|gg
|
|move|p2a: Latios|Psyshock|p1a: Keldeo
|-supereffective|p1a: Keldeo
|-damage|p1a: Keldeo|0 fnt
|-damage|p2a: Latios|3\/301|[from] item: Life Orb
|faint|p1a: Keldeo
|
|win|DennisEG