|J|DennisEG
|J|chimpact
|player|p1|DennisEG|101
|player|p2|chimpact|234
|gametype|singles
|gen|6
|tier|OU
|clearpoke
|poke|p1|Diancie
|poke|p1|Talonflame, F
|poke|p1|Ferrothorn, M
|poke|p1|Landorus-Therian, M
|poke|p1|Keldeo-Resolute
|poke|p1|Latios, M
|poke|p2|Charizard, F
|poke|p2|Tyranitar, M
|poke|p2|Gliscor, F
|poke|p2|Starmie
|poke|p2|Jirachi
|poke|p2|Clefable, M
|rule|Swagger Clause: Swagger is banned
|rule|Baton Pass Clause: Limit one PokÃ©mon knowing Baton Pass
|rule|Sleep Clause Mod: Limit one foe put to sleep
|rule|Species Clause: Limit one of each PokÃ©mon
|rule|OHKO Clause: OHKO moves are banned
|rule|Moody Clause: Moody is banned
|rule|Evasion Moves Clause: Evasion moves are banned
|rule|Endless Battle Clause: Forcing endless battles is banned
|rule|HP Percentage Mod: HP is shown in percentages
|teampreview
|J|the pdc show
|J|Gestahl
|J|JohnxYiu
|J|HighWish
|J|kokoloko
|J|c1one
|J|KratosMana
|J|DoomX
|J|GGamer745
|J|RYOUZAN
|J|Dark_380
|J|UnB0lievable
|J|the412gang
|J|powaa
|J|Mediocremon
|c|+JohnxYiu|woo
|J|Arcanine is Regal
|J|I ABR I
|c|+Arcanine is Regal|gl guys
|L|powaa
|c|+JohnxYiu|gl both of u
|J|hENRY
|c|+Dark_380|glhf
|J|powaa
|c| Mediocremon|gl both :]
|J|pye
|c|+c1one|go chimp!
|J|ox the box
|J|z0mOG
|J|Ciele
|c|+pye|lets go dennis :]
|J|Hawkstar
|J|MoxieInfinite
|J|Semenspire
|J|DarkCelebi59
|J|PomMan
|J|Tokyo Tom
|J|Yuttt.annual
|J|DoughBoy
|J|SeventyFive
|J|WECAMEASROMANS
|c|+ox the box|gl u2
|J|Aloha
|J|Fireburn
|J|sugarhigh
|J|Flan76
|J|Tesung
|J|BLINGAS
|J|BKC
|J|Dice
|J|tomibello
|J|SweetStall
|c|+Fireburn|diancie
|c|+Fireburn|noice
|J|Cosine180
|J|doughboy
|c| SweetStall|Dennis<3
|J|Finchinator
|J|Mizu Ladder alt 2
|L|WECAMEASROMANS
|c|+Flan76|gl
|J|slaying these hoes
|J|BAIKA
|c|+Fireburn|mega diancie is such a cool mon
|J|Raish
|J|Bouff
|J|Jirachee
|c| Raish|go chimp!
|c| slaying these hoes|gl both
|J|Lord Emvee
|J|Wiz BITG
|J|Soulgazer
|J|radianthero156
|raw|<div class="broadcast-red"><b>Moderated chat was set to %!<\/b><br \/>Only users of rank % and higher can talk.<\/div>
|J|SAGA
|J|Meeps-
|J|The DragonKnight
|J|MEEPS
|J|jellu
|J|FruitDealer
|J|daftmau5
|J|Ladybug
|J|Ginku
|J|Imanalt
|J|Duncajuwon
|J|toshimelonhead
|J|namehtmas
|J|Funkasaurus
|J|Sadfthadsf
|J|Zamrock
|
|start
|switch|p1a: Keldeo-Resolute|Keldeo-Resolute|323\/323
|switch|p2a: Katara|Starmie|323\/323
|turn|1
|L|Duncajuwon
|J|Dragonite VII
|J|Qá´á´á´É´ EÊsá´
|J|MouseFrog
|J|Lavish Spawn
|J|Duncajuwon
|J|cbt
|J|pyromaniac 963
|J|Veroxus
|J|MemedYourMom
|J|Savage-Jay
|J|Rapture's Finest
|J|FLEIJA
|J|Kyuss
|
|move|p2a: Katara|Scald|p1a: Keldeo-Resolute
|-resisted|p1a: Keldeo-Resolute
|-damage|p1a: Keldeo-Resolute|270\/323
|-status|p1a: Keldeo-Resolute|brn
|move|p1a: Keldeo-Resolute|Hidden Power|p2a: Katara
|-supereffective|p2a: Katara
|-damage|p2a: Katara|65\/323
|
|-heal|p2a: Katara|85\/323|[from] item: Leftovers
|-damage|p1a: Keldeo-Resolute|230\/323 brn|[from] brn
|turn|2
|J|bombarrows
|J|Sinclair
|J|jeronado
|J|Azvyr
|J|mur90
|L|bombarrows
|
|switch|p2a: Momo|Gliscor, F|352\/352
|switch|p1a: Ferrothorn|Ferrothorn, M|352\/352
|
|-status|p2a: Momo|tox|[from] item: Toxic Orb
|turn|3
|J|danilo
|J|Breeloom
|J|Subject 18
|J|Ace_Trainer_Vince
|J|Time Stalling Lmao
|J|KingOfMars
|J|Mistaken
|
|switch|p1a: Keldeo-Resolute|Keldeo-Resolute|230\/323 brn
|move|p2a: Momo|Taunt|p1a: Keldeo-Resolute
|-start|p1a: Keldeo-Resolute|move: Taunt
|
|-damage|p1a: Keldeo-Resolute|190\/323 brn|[from] brn
|turn|4
|L|FLEIJA
|J|february stars
|L|Lavish Spawn
|J|kektus
|L|KingOfMars
|J|meh bh
|J|Rozykli
|J|Vaporeon for Ubers
|J|flyingsweater
|J|Geotal
|J|Lord Kuvira
|L|cbt
|c|âchimpact|this is tuff
|L|SeventyFive
|
|switch|p2a: Yue|Clefable, M|394\/394
|move|p1a: Keldeo-Resolute|Scald|p2a: Yue
|-damage|p2a: Yue|220\/394
|
|-heal|p2a: Yue|244\/394|[from] item: Leftovers
|-damage|p1a: Keldeo-Resolute|150\/323 brn|[from] brn
|turn|5
|J|y4
|J|edgar
|J|Meruu
|L|Veroxus
|J|FLCL
|
|move|p1a: Keldeo-Resolute|Scald|p2a: Yue
|-damage|p2a: Yue|66\/394
|move|p2a: Yue|Soft-Boiled|p2a: Yue
|-heal|p2a: Yue|263\/394
|
|-heal|p2a: Yue|287\/394|[from] item: Leftovers
|-damage|p1a: Keldeo-Resolute|110\/323 brn|[from] brn
|turn|6
|L|Ace_Trainer_Vince
|J|HellfireNJNP
|J|Ace_Trainer_Vince
|J|hairy toenail
|
|move|p1a: Keldeo-Resolute|Scald|p2a: Yue
|-damage|p2a: Yue|89\/394
|move|p2a: Yue|Soft-Boiled|p2a: Yue
|-heal|p2a: Yue|286\/394
|
|-heal|p2a: Yue|310\/394|[from] item: Leftovers
|-damage|p1a: Keldeo-Resolute|70\/323 brn|[from] brn
|-end|p1a: Keldeo-Resolute|move: Taunt
|turn|7
|J|Starkgod
|
|switch|p1a: Ferrothorn|Ferrothorn, M|352\/352
|move|p2a: Yue|Soft-Boiled|p2a: Yue
|-heal|p2a: Yue|394\/394
|
|turn|8
|J|am
|J|RiCH HOMiE CHRiS
|J|the Jaiho
|J|JabbaTheGriffin
|J|Ninety Nine
|J|Apathos
|J|Gary2346
|J|Jefo
|L|Duncajuwon
|J|Savage-Sub0
|
|switch|p2a: Aang|Jirachi|403\/403
|move|p1a: Ferrothorn|Gyro Ball|p2a: Aang
|-resisted|p2a: Aang
|-damage|p2a: Aang|325\/403
|
|-heal|p2a: Aang|350\/403|[from] item: Leftovers
|turn|9
|J|fagitos
|
|move|p2a: Aang|Stealth Rock|p1a: Ferrothorn
|-sidestart|p1: DennisEG|move: Stealth Rock
|move|p1a: Ferrothorn|Stealth Rock|p2a: Aang
|-sidestart|p2: chimpact|move: Stealth Rock
|
|-heal|p2a: Aang|375\/403|[from] item: Leftovers
|turn|10
|
|switch|p1a: Talonflame|Talonflame, F|355\/355
|-damage|p1a: Talonflame|178\/355|[from] Stealth Rock
|move|p2a: Aang|Wish|p2a: Aang
|
|-heal|p1a: Talonflame|200\/355|[from] item: Leftovers
|-heal|p2a: Aang|400\/403|[from] item: Leftovers
|turn|11
|
|switch|p2a: Momo|Gliscor, F|352\/352 tox
|-damage|p2a: Momo|308\/352 tox|[from] Stealth Rock
|move|p1a: Talonflame|Will-O-Wisp|p2a: Momo
|-fail|p2a: Momo
|
|-heal|p2a: Momo|352\/352 tox|[from] move: Wish|[wisher] Aang
|-heal|p1a: Talonflame|222\/355|[from] item: Leftovers
|turn|12
|J|Superbayern
|J|robert
|J|Bluwing
|L|Savage-Sub0
|J|littlelucario
|L|Ace_Trainer_Vince
|J|Mencemeat
|L|SweetStall
|
|move|p1a: Talonflame|Roost|p1a: Talonflame
|-heal|p1a: Talonflame|355\/355
|move|p2a: Momo|Knock Off|p1a: Talonflame
|-damage|p1a: Talonflame|258\/355
|-enditem|p1a: Talonflame|Leftovers|[from] move: Knock Off|[of] p2a: Momo
|
|turn|13
|J|Mychael
|J|MrAldoPls
|c|âchimpact|lag test
|J|Aurious
|J|BASTIAN GOD
|c|@Funkasaurus|no lag here chimp buddy
|
|switch|p1a: Latios|Latios, M|301\/301
|-damage|p1a: Latios|264\/301|[from] Stealth Rock
|move|p2a: Momo|Knock Off|p1a: Latios
|-supereffective|p1a: Latios
|-damage|p1a: Latios|78\/301
|-enditem|p1a: Latios|Life Orb|[from] move: Knock Off|[of] p2a: Momo
|
|turn|14
|L|SAGA
|J|SAGA
|
|switch|p2a: Bumi|Tyranitar, M|353\/353
|-damage|p2a: Bumi|309\/353|[from] Stealth Rock
|-weather|Sandstorm
|move|p1a: Latios|Draco Meteor|p2a: Bumi|[miss]
|-miss|p1a: Latios|p2a: Bumi
|
|-weather|Sandstorm|[upkeep]
|-damage|p1a: Latios|60\/301|[from] sandstorm
|turn|15
|J|Savage-Sub0
|L|Savage-Sub0
|
|move|p2a: Bumi|Stone Edge|p1a: Latios
|-crit|p1a: Latios
|-damage|p1a: Latios|0 fnt
|faint|p1a: Latios
|
|-weather|Sandstorm|[upkeep]
|L|SAGA
|J|MetaPhysical
|J|Savage-Sub0
|J|Druides
|J|kieR
|J|based bastina
|L|Bouff
|J|based bastian
|L|Savage-Sub0
|
|switch|p1a: Ferrothorn|Ferrothorn, M|352\/352
|-damage|p1a: Ferrothorn|330\/352|[from] Stealth Rock
|turn|16
|L|Savage-Jay
|J|Savage-Jay
|J|yohoE
|
|switch|p2a: Yue|Clefable, M|394\/394
|move|p1a: Ferrothorn|Leech Seed|p2a: Yue
|-start|p2a: Yue|move: Leech Seed
|
|-weather|Sandstorm|[upkeep]
|-heal|p1a: Ferrothorn|352\/352|[from] item: Leftovers
|turn|17
|J|Colchonero
|
|switch|p2a: Momo|Gliscor, F|352\/352 tox
|-damage|p2a: Momo|308\/352 tox|[from] Stealth Rock
|move|p1a: Ferrothorn|Leech Seed|p2a: Momo
|-start|p2a: Momo|move: Leech Seed
|
|-weather|Sandstorm|[upkeep]
|-damage|p2a: Momo|264\/352 tox|[from] Leech Seed|[of] p1a: Ferrothorn
|-heal|p2a: Momo|308\/352 tox|[from] ability: Poison Heal
|turn|18
|J|MuhFugginMoose
|J|Sentai Funny
|L|Mediocremon
|J|Mediocremon
|L|Dark_380
|L|Mediocremon
|J|leremyju
|J|gr8astard
|J|Mediocremon
|L|Qá´á´á´É´ EÊsá´
|L|Mistaken
|J|Mistaken
|J|ClasicoPenal
|L|CyberOdin
|
|switch|p1a: Landorus-Therian|Landorus-Therian, M|325\/325
|-damage|p1a: Landorus-Therian|285\/325|[from] Stealth Rock
|-ability|p1a: Landorus-Therian|Intimidate|[of] p2a: Momo
|-unboost|p2a: Momo|atk|1
|move|p2a: Momo|Knock Off|p1a: Landorus-Therian
|-damage|p1a: Landorus-Therian|234\/325
|-enditem|p1a: Landorus-Therian|Choice Scarf|[from] move: Knock Off|[of] p2a: Momo
|
|-weather|none
|-damage|p2a: Momo|264\/352 tox|[from] Leech Seed|[of] p1a: Landorus-Therian
|-heal|p1a: Landorus-Therian|278\/325|[silent]
|-heal|p2a: Momo|308\/352 tox|[from] ability: Poison Heal
|turn|19
|J|Gene Sp
|L|kektus
|
|switch|p2a: Yue|Clefable, M|394\/394
|move|p1a: Landorus-Therian|Knock Off|p2a: Yue
|-resisted|p2a: Yue
|-damage|p2a: Yue|325\/394
|-enditem|p2a: Yue|Leftovers|[from] move: Knock Off|[of] p1a: Landorus-Therian
|
|turn|20
|J|CyberOdin
|J|badaking
|L|AM
|L|flyingsweater
|J|Make Believe
|
|switch|p2a: Momo|Gliscor, F|308\/352 tox
|-damage|p2a: Momo|264\/352 tox|[from] Stealth Rock
|move|p1a: Landorus-Therian|Earthquake|p2a: Momo
|-immune|p2a: Momo|[msg]
|
|-heal|p2a: Momo|308\/352 tox|[from] ability: Poison Heal
|turn|21
|J|Boxy Brown
|J|Rekzz
|J|Hellochi
|J|I'm Virus (~'o')~
|
|move|p1a: Landorus-Therian|Stone Edge|p2a: Momo
|-damage|p2a: Momo|226\/352 tox
|move|p2a: Momo|Knock Off|p1a: Landorus-Therian
|-damage|p1a: Landorus-Therian|221\/325
|
|-heal|p2a: Momo|270\/352 tox|[from] ability: Poison Heal
|turn|22
|J|pfiev_hmt
|J|TheSkyAboveUs
|J|Ke1deo
|
|move|p1a: Landorus-Therian|Knock Off|p2a: Momo
|-damage|p2a: Momo|185\/352 tox
|-enditem|p2a: Momo|Toxic Orb|[from] move: Knock Off|[of] p1a: Landorus-Therian
|move|p2a: Momo|Roost|p2a: Momo
|-heal|p2a: Momo|352\/352 tox
|
|turn|23
|L|Rekzz
|J|SilentVerse
|J|Pixelmaniac
|L|I'm Virus (~'o')~
|L|MrAldoPls
|
|move|p1a: Landorus-Therian|Stone Edge|p2a: Momo|[miss]
|-miss|p1a: Landorus-Therian|p2a: Momo
|move|p2a: Momo|Knock Off|p1a: Landorus-Therian
|-damage|p1a: Landorus-Therian|165\/325
|
|turn|24
|L|Lord Kuvira
|
|move|p1a: Landorus-Therian|Stone Edge|p2a: Momo|[miss]
|-miss|p1a: Landorus-Therian|p2a: Momo
|move|p2a: Momo|Knock Off|p1a: Landorus-Therian
|-damage|p1a: Landorus-Therian|113\/325
|
|turn|25
|J|Lord Kuvira
|
|move|p1a: Landorus-Therian|Knock Off|p2a: Momo
|-damage|p2a: Momo|296\/352 tox
|move|p2a: Momo|Knock Off|p1a: Landorus-Therian
|-damage|p1a: Landorus-Therian|57\/325
|
|-heal|p2a: Momo|340\/352 tox|[from] ability: Poison Heal
|turn|26
|L|Pixelmaniac
|J|Stall Lmao
|J|afsdsaddsadsa
|
|move|p1a: Landorus-Therian|Stone Edge|p2a: Momo
|-damage|p2a: Momo|253\/352 tox
|move|p2a: Momo|Knock Off|p1a: Landorus-Therian
|-damage|p1a: Landorus-Therian|0 fnt
|faint|p1a: Landorus-Therian
|
|-heal|p2a: Momo|297\/352 tox|[from] ability: Poison Heal
|
|switch|p1a: Keldeo-Resolute|Keldeo-Resolute|70\/323 brn
|-damage|p1a: Keldeo-Resolute|50\/323 brn|[from] Stealth Rock
|turn|27
|J|Doomed hi
|L|littlelucario
|
|switch|p2a: Yue|Clefable, M|325\/394
|move|p1a: Keldeo-Resolute|Hydro Pump|p2a: Yue
|-damage|p2a: Yue|45\/394
|
|-damage|p1a: Keldeo-Resolute|10\/323 brn|[from] brn
|turn|28
|L|Boxy Brown
|
|move|p1a: Keldeo-Resolute|Hydro Pump|p2a: Yue
|-damage|p2a: Yue|0 fnt
|faint|p2a: Yue
|
|-damage|p1a: Keldeo-Resolute|0 fnt|[from] brn
|faint|p1a: Keldeo-Resolute
|J|littlelucario
|J|jjkn
|J|reyscarface
|L|jeronado
|L|CyberOdin
|c|âchimpact|thinking
|J|jeronado
|J|Void
|L|gelly
|J|Only Hum4n B31ng
|J|gelly
|L|Make Believe
|J|D4RR3N
|L|Mencemeat
|L|hENRY
|
|switch|p2a: Aang|Jirachi|400\/403
|switch|p1a: Diancie|Diancie|243\/243
|-damage|p2a: Aang|375\/403|[from] Stealth Rock
|-damage|p1a: Diancie|213\/243|[from] Stealth Rock
|turn|29
|J|CyberOdin
|L|Finchinator
|L|Meruu
|
|switch|p1a: Ferrothorn|Ferrothorn, M|352\/352
|-damage|p1a: Ferrothorn|330\/352|[from] Stealth Rock
|move|p2a: Aang|U-turn|p1a: Ferrothorn
|-damage|p1a: Ferrothorn|292\/352
|-damage|p2a: Aang|325\/403|[from] ability: Iron Barbs|[of] p1a: Ferrothorn
|J|Pwnemon
|
|switch|p2a: Zuko|Charizard, F|301\/301
|-damage|p2a: Zuko|151\/301|[from] Stealth Rock
|
|-heal|p1a: Ferrothorn|314\/352|[from] item: Leftovers
|turn|30
|J|Armaldino
|
|detailschange|p2a: Zuko|Charizard-Mega-Y, F
|-mega|p2a: Zuko|Charizard|Charizardite Y
|-weather|SunnyDay
|move|p2a: Zuko|Flamethrower|p1a: Ferrothorn
|-supereffective|p1a: Ferrothorn
|-damage|p1a: Ferrothorn|0 fnt
|faint|p1a: Ferrothorn
|
|-weather|SunnyDay|[upkeep]
|
|switch|p1a: Talonflame|Talonflame, F|258\/355
|-damage|p1a: Talonflame|81\/355|[from] Stealth Rock
|turn|31
|J|Lavish Spawn
|J|Lord Bagel
|
|switch|p2a: Bumi|Tyranitar, M|309\/353
|-damage|p2a: Bumi|265\/353|[from] Stealth Rock
|-weather|Sandstorm
|move|p1a: Talonflame|Roost|p1a: Talonflame
|-heal|p1a: Talonflame|259\/355
|
|-weather|Sandstorm|[upkeep]
|-damage|p1a: Talonflame|237\/355|[from] sandstorm
|turn|32
|L|MuhFugginMoose
|J|Finchinator
|
|move|p2a: Bumi|Stone Edge|p1a: Talonflame
|-supereffective|p1a: Talonflame
|-damage|p1a: Talonflame|0 fnt
|faint|p1a: Talonflame
|
|-weather|Sandstorm|[upkeep]
|L|CyberOdin
|
|switch|p1a: Diancie|Diancie|213\/243
|-damage|p1a: Diancie|183\/243|[from] Stealth Rock
|turn|33
|J|OpTic Gaga
|J|King Tsunami
|L|TheSkyAboveUs
|
|switch|p2a: Aang|Jirachi|325\/403
|-damage|p2a: Aang|300\/403|[from] Stealth Rock
|detailschange|p1a: Diancie|Diancie-Mega
|-mega|p1a: Diancie|Diancie|Diancite
|move|p1a: Diancie|Rock Polish|p1a: Diancie
|-boost|p1a: Diancie|spe|2
|
|-weather|Sandstorm|[upkeep]
|-heal|p2a: Aang|325\/403|[from] item: Leftovers
|turn|34
|J|Rob
|J|kellykelly be
|
|move|p1a: Diancie|Earth Power|p2a: Aang
|-supereffective|p2a: Aang
|-damage|p2a: Aang|133\/403
|-unboost|p2a: Aang|spd|1
|move|p2a: Aang|Iron Head|p1a: Diancie
|-supereffective|p1a: Diancie
|-damage|p1a: Diancie|0 fnt
|faint|p1a: Diancie
|
|win|chimpact
|c|âDennisEG|gg
|L|OpTic Gaga
|L|radianthero156
|c|âchimpact|gg
|L|edgar
|L|Rozykli
|L|I ABR I
|L|yohoE
|L|Flan76
|L|Armaldino
|L|badaking
|L|Zamrock
|L|BKC
|L|pye
|L|mur90
|L|Finchinator
|L|tomibello
|L|hairy toenail
|L|Aurious
|L|Rapture's Finest
|L|Mychael
|L|GGamer745
|L|Sinclair
|L|metagame secrets
|L|the Jaiho
|L|jjkn
|L|kellykelly be
|L|Rob
|L|RiCH HOMiE CHRiS
|J|tomibello
|L|HellfireNJNP
|L|Soulgazer
|L|JohnxYiu
|L|reyscarface
|L|FLCL
|L|tomibello
|L|Jirachee
|L|Gestahl
|L|KratosMana
|L|Lord Emvee
|L|Lavish Spawn
|L|leremyju
|L|Aloha
|L|c1one
|L|Geotal
|L|Cosine180
|L|Void
|L|the412gang
|L|slaying these hoes
|L|Mediocremon
|L|powaa
|L|gr8astard
|L|Fireburn
|L|kokoloko
|L|Mistaken
|L|pyromaniac 963
|L|the pdc show
|J|JohnxYiu
|L|DennisEG
|player|p1
|L|MetaPhysical
|J|Mistaken
|L|Mizu Ladder alt 2
|L|DarkCelebi59
|J|leremyju
|L|based bastian
|L|JohnxYiu
|L|Mistaken
|L|Ox the Box
|L|Pwnemon
|L|chimpact
|player|p2
|L|JabbaTheGriffin
|L|leremyju
|J|DarkCelebi59
|J|Armaldino
|L|Stall Lmao
|L|DarkCelebi59
|L|Armaldino
|L|Tesung
|L|DoomX
|L|Yuttt
|J|Yuttt
|L|toshimelonhead
|L|jeronado
|L|Yuttt
|L|Doomed hi
|L|gelly
|L|Hawkstar
|L|littlelucario
|L|Lord Bagel
|L|Starkgod
|L|namehtmas
|L|UnB0lievable
|L|kieR
|L|Jefo
|L|MEEPS
|L|Ciele
|L|Arcanine is Regal
|L|robert
|L|King Tsunami
|J|Serpi386
|J|Doomed hi
|L|Ke1deo
|L|Doomed hi
|J|Steve Angello
|J|Void
|J|Doomed hi
|L|Steve Angello
|L|Void
|L|Lord Kuvira
|L|Semenspire
|J|based bastian
|L|z0mOG
|L|based bastian
|J|Mychael
|L|Mychael
|J|Geotal
|L|Serpi386
|L|Hellochi
|L|Geotal
|J|Gestahl
|L|afsdsaddsadsa
|L|Gestahl
|L|Savage-Jay
|L|PomMan
|L|meh bh
|L|Vaporeon for Ubers
|J|Ke1deo