|inactive|Battle timer is ON: inactive players will automatically lose when time's up.
|join|DennisEG
|join|flcl
|player|p1|DennisEG|76
|player|p2|flcl|27
|gametype|singles
|gen|5
|tier|[Gen 5] OU
|rule|Evasion Abilities Clause: Evasion abilities are banned
|clearpoke
|poke|p1|Kyurem-Black
|poke|p1|Magnezone
|poke|p1|Skarmory, F
|poke|p1|Gengar, M
|poke|p1|Kingdra, F
|poke|p1|Garchomp, F
|poke|p2|Hippowdon, M
|poke|p2|Ferrothorn, M
|poke|p2|Jellicent, M
|poke|p2|Alakazam, M
|poke|p2|Tyranitar, M
|poke|p2|Latios, M
|rule|Sleep Clause Mod: Limit one foe put to sleep
|rule|Species Clause: Limit one of each PokÃ©mon
|rule|OHKO Clause: OHKO moves are banned
|rule|Moody Clause: Moody is banned
|rule|Evasion Moves Clause: Evasion moves are banned
|rule|Endless Battle Clause: Forcing endless battles is banned
|rule|HP Percentage Mod: HP is shown in percentages
|teampreview
|join|blunderr
|join|Sken
|c|âDennisEG|im lagging so hard
|
|start
|switch|p1a: Skarmory|Skarmory, F|271\/271
|switch|p2a: Latios|Latios, M|301\/301
|turn|1
|
|move|p2a: Latios|Dragon Pulse|p1a: Skarmory
|-crit|p1a: Skarmory
|-resisted|p1a: Skarmory
|-activate|p1a: Skarmory|Sturdy
|-damage|p1a: Skarmory|1\/271
|move|p1a: Skarmory|Stealth Rock|p2a: Latios
|-sidestart|p2: flcl|move: Stealth Rock
|
|turn|2
|-enditem|p1a: Skarmory|Custap Berry|[eat]
|-activate|p1a: Skarmory|Custap Berry
|
|move|p1a: Skarmory|Spikes|p2a: Latios
|-sidestart|p2: flcl|Spikes
|move|p2a: Latios|Dragon Pulse|p1a: Skarmory
|-resisted|p1a: Skarmory
|-damage|p1a: Skarmory|0 fnt
|faint|p1a: Skarmory
|
|
|switch|p1a: Kyurem-Black|Kyurem-Black|391\/391
|-ability|p1a: Kyurem-Black|Teravolt
|turn|3
|
|switch|p2a: Ferrothorn|Ferrothorn, M|352\/352
|-damage|p2a: Ferrothorn|308\/352|[from] Spikes
|-damage|p2a: Ferrothorn|286\/352|[from] Stealth Rock
|move|p1a: Kyurem-Black|Ice Beam|p2a: Ferrothorn
|-damage|p2a: Ferrothorn|193\/352
|
|-heal|p2a: Ferrothorn|215\/352|[from] item: Leftovers
|turn|4
|
|move|p1a: Kyurem-Black|Ice Beam|p2a: Ferrothorn
|-damage|p2a: Ferrothorn|106\/352
|move|p2a: Ferrothorn|Leech Seed|p1a: Kyurem-Black
|-start|p1a: Kyurem-Black|move: Leech Seed
|
|-heal|p2a: Ferrothorn|128\/352|[from] item: Leftovers
|-damage|p1a: Kyurem-Black|343\/391|[from] Leech Seed|[of] p2a: Ferrothorn
|-heal|p2a: Ferrothorn|176\/352|[silent]
|turn|5
|
|switch|p1a: Magnezone|Magnezone|291\/291
|move|p2a: Ferrothorn|Spikes|p1a: Magnezone
|-sidestart|p1: DennisEG|Spikes
|
|-heal|p2a: Ferrothorn|198\/352|[from] item: Leftovers
|turn|6
|
|move|p2a: Ferrothorn|Protect|p2a: Ferrothorn
|-singleturn|p2a: Ferrothorn|Protect
|move|p1a: Magnezone|Hidden Power|p2a: Ferrothorn
|-activate|p2a: Ferrothorn|Protect
|
|-heal|p2a: Ferrothorn|220\/352|[from] item: Leftovers
|turn|7
|
|move|p1a: Magnezone|Hidden Power|p2a: Ferrothorn
|-supereffective|p2a: Ferrothorn
|-damage|p2a: Ferrothorn|0 fnt
|faint|p2a: Ferrothorn
|
|leave|blunderr
|
|switch|p2a: Hippowdon|Hippowdon, M|419\/419
|-damage|p2a: Hippowdon|367\/419|[from] Spikes
|-damage|p2a: Hippowdon|341\/419|[from] Stealth Rock
|-weather|Sandstorm|[from] ability: Sand Stream|[of] p2a: Hippowdon
|turn|8
|
|switch|p1a: Gengar|Gengar, M|261\/261
|move|p2a: Hippowdon|Stealth Rock|p1a: Gengar
|-sidestart|p1: DennisEG|move: Stealth Rock
|
|-weather|Sandstorm|[upkeep]
|-damage|p1a: Gengar|245\/261|[from] sandstorm
|-heal|p1a: Gengar|261\/261|[from] item: Black Sludge
|-heal|p2a: Hippowdon|367\/419|[from] item: Leftovers
|turn|9
|
|move|p1a: Gengar|Focus Blast|p2a: Hippowdon
|-damage|p2a: Hippowdon|189\/419
|move|p2a: Hippowdon|Slack Off|p2a: Hippowdon
|-heal|p2a: Hippowdon|399\/419
|
|-weather|Sandstorm|[upkeep]
|-damage|p1a: Gengar|245\/261|[from] sandstorm
|-heal|p1a: Gengar|261\/261|[from] item: Black Sludge
|-heal|p2a: Hippowdon|419\/419|[from] item: Leftovers
|turn|10
|
|move|p1a: Gengar|Substitute|p1a: Gengar
|-start|p1a: Gengar|Substitute
|-damage|p1a: Gengar|196\/261
|move|p2a: Hippowdon|Ice Fang|p1a: Gengar
|-end|p1a: Gengar|Substitute
|
|-weather|Sandstorm|[upkeep]
|-damage|p1a: Gengar|180\/261|[from] sandstorm
|-heal|p1a: Gengar|196\/261|[from] item: Black Sludge
|turn|11
|
|move|p1a: Gengar|Shadow Ball|p2a: Hippowdon
|-damage|p2a: Hippowdon|245\/419
|move|p2a: Hippowdon|Ice Fang|p1a: Gengar
|-damage|p1a: Gengar|113\/261
|-status|p1a: Gengar|frz
|
|-weather|Sandstorm|[upkeep]
|-damage|p1a: Gengar|97\/261 frz|[from] sandstorm
|-heal|p1a: Gengar|113\/261 frz|[from] item: Black Sludge
|-heal|p2a: Hippowdon|271\/419|[from] item: Leftovers
|turn|12
|
|cant|p1a: Gengar|frz
|move|p2a: Hippowdon|Slack Off|p2a: Hippowdon
|-heal|p2a: Hippowdon|419\/419
|
|-weather|Sandstorm|[upkeep]
|-damage|p1a: Gengar|97\/261 frz|[from] sandstorm
|-heal|p1a: Gengar|113\/261 frz|[from] item: Black Sludge
|turn|13
|
|cant|p1a: Gengar|frz
|move|p2a: Hippowdon|Ice Fang|p1a: Gengar
|-damage|p1a: Gengar|32\/261 frz
|
|-weather|Sandstorm|[upkeep]
|-damage|p1a: Gengar|16\/261 frz|[from] sandstorm
|-heal|p1a: Gengar|32\/261 frz|[from] item: Black Sludge
|turn|14
|
|cant|p1a: Gengar|frz
|move|p2a: Hippowdon|Ice Fang|p1a: Gengar
|-damage|p1a: Gengar|0 fnt
|faint|p1a: Gengar
|
|-weather|Sandstorm|[upkeep]
|
|switch|p1a: Kingdra|Kingdra, F|301\/301
|-damage|p1a: Kingdra|264\/301|[from] Stealth Rock
|-damage|p1a: Kingdra|227\/301|[from] Spikes
|turn|15
|
|switch|p2a: Jellicent|Jellicent, M|403\/403
|-damage|p2a: Jellicent|353\/403|[from] Stealth Rock
|-damage|p2a: Jellicent|303\/403|[from] Spikes
|move|p1a: Kingdra|Rain Dance|p1a: Kingdra
|-weather|RainDance
|
|-weather|RainDance|[upkeep]
|-heal|p2a: Jellicent|328\/403|[from] item: Leftovers
|turn|16
|
|move|p1a: Kingdra|Dragon Dance|p1a: Kingdra
|-boost|p1a: Kingdra|atk|1
|-boost|p1a: Kingdra|spe|1
|move|p2a: Jellicent|Recover|p2a: Jellicent
|-heal|p2a: Jellicent|403\/403
|
|-weather|RainDance|[upkeep]
|turn|17
|
|move|p1a: Kingdra|Dragon Dance|p1a: Kingdra
|-boost|p1a: Kingdra|atk|1
|-boost|p1a: Kingdra|spe|1
|move|p2a: Jellicent|Will-O-Wisp|p1a: Kingdra
|-status|p1a: Kingdra|brn
|-enditem|p1a: Kingdra|Lum Berry|[eat]
|-curestatus|p1a: Kingdra|brn
|
|-weather|RainDance|[upkeep]
|turn|18
|
|move|p1a: Kingdra|Outrage|p2a: Jellicent
|-damage|p2a: Jellicent|0 fnt
|faint|p2a: Jellicent
|
|-weather|RainDance|[upkeep]
|
|switch|p2a: Hippowdon|Hippowdon, M|419\/419
|-damage|p2a: Hippowdon|367\/419|[from] Spikes
|-damage|p2a: Hippowdon|341\/419|[from] Stealth Rock
|-weather|Sandstorm|[from] ability: Sand Stream|[of] p2a: Hippowdon
|turn|19
|
|move|p1a: Kingdra|Outrage|p2a: Hippowdon
|-damage|p2a: Hippowdon|92\/419
|move|p2a: Hippowdon|Earthquake|p1a: Kingdra
|-damage|p1a: Kingdra|97\/301
|
|-end|p1a: Kingdra|rampage
|-start|p1a: Kingdra|confusion
|-weather|Sandstorm|[upkeep]
|-damage|p1a: Kingdra|79\/301|[from] sandstorm
|-heal|p2a: Hippowdon|118\/419|[from] item: Leftovers
|turn|20
|
|-activate|p1a: Kingdra|confusion
|-damage|p1a: Kingdra|0 fnt|[from] confusion
|faint|p1a: Kingdra
|move|p2a: Hippowdon|Slack Off|p2a: Hippowdon
|-heal|p2a: Hippowdon|328\/419
|
|-weather|Sandstorm|[upkeep]
|-heal|p2a: Hippowdon|354\/419|[from] item: Leftovers
|
|switch|p1a: Garchomp|Garchomp, F|357\/357
|-damage|p1a: Garchomp|335\/357|[from] Stealth Rock
|-damage|p1a: Garchomp|291\/357|[from] Spikes
|turn|21
|
|move|p1a: Garchomp|Draco Meteor|p2a: Hippowdon
|-damage|p2a: Hippowdon|80\/419
|-unboost|p1a: Garchomp|spa|2
|-damage|p1a: Garchomp|256\/357|[from] item: Life Orb
|move|p2a: Hippowdon|Ice Fang|p1a: Garchomp
|-supereffective|p1a: Garchomp
|-damage|p1a: Garchomp|16\/357
|-damage|p2a: Hippowdon|28\/419|[from] ability: Rough Skin|[of] p1a: Garchomp
|
|-weather|Sandstorm|[upkeep]
|-heal|p2a: Hippowdon|54\/419|[from] item: Leftovers
|turn|22
|
|move|p1a: Garchomp|Outrage|p2a: Hippowdon
|-damage|p2a: Hippowdon|0 fnt
|-damage|p1a: Garchomp|0 fnt|[from] item: Life Orb
|faint|p2a: Hippowdon
|faint|p1a: Garchomp
|
|-weather|Sandstorm|[upkeep]
|
|switch|p2a: Latios|Latios, M|301\/301
|-damage|p2a: Latios|264\/301|[from] Stealth Rock
|switch|p1a: Magnezone|Magnezone|291\/291
|-damage|p1a: Magnezone|255\/291|[from] Spikes
|-damage|p1a: Magnezone|237\/291|[from] Stealth Rock
|turn|23
|
|move|p2a: Latios|Dragon Pulse|p1a: Magnezone
|-resisted|p1a: Magnezone
|-damage|p1a: Magnezone|117\/291
|move|p1a: Magnezone|Flash Cannon|p2a: Latios
|-damage|p2a: Latios|59\/301
|
|-weather|Sandstorm|[upkeep]
|-damage|p2a: Latios|41\/301|[from] sandstorm
|turn|24
|
|move|p2a: Latios|Dragon Pulse|p1a: Magnezone
|-resisted|p1a: Magnezone
|-damage|p1a: Magnezone|0 fnt
|faint|p1a: Magnezone
|
|-weather|Sandstorm|[upkeep]
|-damage|p2a: Latios|23\/301|[from] sandstorm
|
|switch|p1a: Kyurem-Black|Kyurem-Black|343\/391
|-damage|p1a: Kyurem-Black|295\/391|[from] Spikes
|-damage|p1a: Kyurem-Black|198\/391|[from] Stealth Rock
|-ability|p1a: Kyurem-Black|Teravolt
|turn|25
|
|move|p1a: Kyurem-Black|Outrage|p2a: Latios
|-supereffective|p2a: Latios
|-damage|p2a: Latios|0 fnt
|faint|p2a: Latios
|
|-weather|Sandstorm|[upkeep]
|-damage|p1a: Kyurem-Black|174\/391|[from] sandstorm
|
|switch|p2a: Alakazam|Alakazam, M|251\/251
|turn|26
|
|move|p1a: Kyurem-Black|Outrage|p2a: Alakazam
|-enditem|p2a: Alakazam|Focus Sash
|-damage|p2a: Alakazam|1\/251
|move|p2a: Alakazam|Psyshock|p1a: Kyurem-Black
|-damage|p1a: Kyurem-Black|38\/391
|
|-weather|Sandstorm|[upkeep]
|-damage|p1a: Kyurem-Black|14\/391|[from] sandstorm
|turn|27
|
|move|p1a: Kyurem-Black|Outrage|p2a: Alakazam
|-damage|p2a: Alakazam|0 fnt
|faint|p2a: Alakazam
|
|-end|p1a: Kyurem-Black|rampage
|-start|p1a: Kyurem-Black|confusion
|-weather|Sandstorm|[upkeep]
|-damage|p1a: Kyurem-Black|0 fnt|[from] sandstorm
|faint|p1a: Kyurem-Black
|
|win|flcl
|leave|flcl
|player|p2
|leave|DennisEG
|player|p1
|leave|Sken