|join|sdg657
|join|ronconcamy
|player|p1|sdg657|274
|player|p2|ronconcamy|190
|gametype|singles
|gen|6
|tier|UU
|rated
|rule|Sleep Clause Mod: Limit one foe put to sleep
|rule|Species Clause: Limit one of each Pokemon
|rule|OHKO Clause: OHKO moves are banned
|rule|Moody Clause: Moody is banned
|rule|Evasion Moves Clause: Evasion moves are banned
|rule|Endless Battle Clause: Forcing endless battles is banned.
|rule|HP Percentage Mod: HP is reported as percentages
|clearpoke
|poke|p1|Ambipom, F, shiny
|poke|p1|Darmanitan, M
|poke|p1|Celebi
|poke|p1|Nidoking, M
|poke|p1|Metagross
|poke|p1|Blastoise, M
|poke|p2|Aerodactyl, F
|poke|p2|Florges, F
|poke|p2|Manectric, M
|poke|p2|Cofagrigus, F
|poke|p2|Machamp, F
|poke|p2|Roserade, M
|teampreview
|
|start
|switch|p1a: Ambibomb|Ambipom, F, shiny|291\/291
|switch|p2a: Machamp|Machamp, F|384\/384
|turn|1
|
|switch|p2a: Cofagrigus|Cofagrigus, F|320\/320
|move|p1a: Ambibomb|Fake Out|p2a: Cofagrigus
|-immune|p2a: Cofagrigus|[msg]
|
|turn|2
|
|move|p1a: Ambibomb|Beat Up|p2a: Cofagrigus
|-supereffective|p2a: Cofagrigus
|-damage|p2a: Cofagrigus|294\/320
|-supereffective|p2a: Cofagrigus
|-damage|p2a: Cofagrigus|264\/320
|-supereffective|p2a: Cofagrigus
|-damage|p2a: Cofagrigus|240\/320
|-supereffective|p2a: Cofagrigus
|-damage|p2a: Cofagrigus|214\/320
|-supereffective|p2a: Cofagrigus
|-damage|p2a: Cofagrigus|182\/320
|-supereffective|p2a: Cofagrigus
|-damage|p2a: Cofagrigus|160\/320
|-hitcount|p2a: Cofagrigus|6
|move|p2a: Cofagrigus|Knock Off|p1a: Ambibomb
|-damage|p1a: Ambibomb|234\/291
|-enditem|p1a: Ambibomb|Focus Sash|[from] move: Knock Off|[of] p2a: Cofagrigus
|
|-heal|p2a: Cofagrigus|180\/320|[from] item: Leftovers
|turn|3
|
|switch|p2a: Machamp|Machamp, F|384\/384
|move|p1a: Ambibomb|Knock Off|p2a: Machamp
|-resisted|p2a: Machamp
|-damage|p2a: Machamp|326\/384
|-enditem|p2a: Machamp|Life Orb|[from] move: Knock Off|[of] p1a: Ambibomb
|
|turn|4
|
|move|p1a: Ambibomb|U-turn|p2a: Machamp
|-resisted|p2a: Machamp
|-damage|p2a: Machamp|282\/384
|
|switch|p1a: Serebii|Celebi|396\/396
|move|p2a: Machamp|Earthquake|p1a: Serebii
|-resisted|p1a: Serebii
|-damage|p1a: Serebii|331\/396
|
|-heal|p1a: Serebii|355\/396|[from] item: Leftovers
|turn|5
|
|switch|p2a: Manectric|Manectric, M|282\/282
|move|p1a: Serebii|Psychic|p2a: Manectric
|-damage|p2a: Manectric|50\/282
|
|-heal|p1a: Serebii|379\/396|[from] item: Leftovers
|turn|6
|
|move|p2a: Manectric|Signal Beam|p1a: Serebii
|-supereffective|p1a: Serebii
|-damage|p1a: Serebii|59\/396
|move|p1a: Serebii|Psychic|p2a: Manectric
|-damage|p2a: Manectric|0 fnt
|faint|p2a: Manectric
|
|-heal|p1a: Serebii|83\/396|[from] item: Leftovers
|
|switch|p2a: Aerodactyl|Aerodactyl, F|302\/302
|-ability|p2a: Aerodactyl|Unnerve|p1: sdg657
|turn|7
|
|-formechange|p2a: Aerodactyl|Aerodactyl-Mega
|message|Aerodactyl has Mega Evolved into Mega Aerodactyl!
|move|p2a: Aerodactyl|Earthquake|p1a: Serebii
|-resisted|p1a: Serebii
|-damage|p1a: Serebii|23\/396
|move|p1a: Serebii|Giga Drain|p2a: Aerodactyl
|-damage|p2a: Aerodactyl|179\/302
|-heal|p1a: Serebii|85\/396|[from] drain|[of] p2a: Aerodactyl
|
|-heal|p1a: Serebii|109\/396|[from] item: Leftovers
|turn|8
|
|move|p2a: Aerodactyl|Aerial Ace|p1a: Serebii
|-supereffective|p1a: Serebii
|-damage|p1a: Serebii|0 fnt
|faint|p1a: Serebii
|
|
|switch|p1a: Notsogross|Metagross|364\/364
|-item|p1a: Notsogross|Air Balloon
|turn|9
|
|switch|p2a: Cofagrigus|Cofagrigus, F|180\/320
|move|p1a: Notsogross|Meteor Mash|p2a: Cofagrigus
|-damage|p2a: Cofagrigus|87\/320
|-ability|p1a: Notsogross|Mummy|[from] Mummy
|
|-heal|p2a: Cofagrigus|107\/320|[from] item: Leftovers
|turn|10
|
|switch|p1a: Ambibomb|Ambipom, F, shiny|234\/291
|move|p2a: Cofagrigus|Pain Split|p1a: Ambibomb
|-sethp|p1a: Ambibomb|170\/291|p2a: Cofagrigus|170\/320|[from] move: Pain Split
|
|-heal|p2a: Cofagrigus|190\/320|[from] item: Leftovers
|turn|11
|
|move|p1a: Ambibomb|Knock Off|p2a: Cofagrigus
|-supereffective|p2a: Cofagrigus
|-damage|p2a: Cofagrigus|82\/320
|-ability|p1a: Ambibomb|Mummy|[from] Mummy
|-enditem|p2a: Cofagrigus|Leftovers|[from] move: Knock Off|[of] p1a: Ambibomb
|move|p2a: Cofagrigus|Will-O-Wisp|p1a: Ambibomb
|-status|p1a: Ambibomb|brn
|
|-damage|p1a: Ambibomb|134\/291 brn|[from] brn
|turn|12
|
|move|p1a: Ambibomb|Beat Up|p2a: Cofagrigus
|-supereffective|p2a: Cofagrigus
|-damage|p2a: Cofagrigus|72\/320
|-crit|p2a: Cofagrigus
|-supereffective|p2a: Cofagrigus
|-damage|p2a: Cofagrigus|54\/320
|-supereffective|p2a: Cofagrigus
|-damage|p2a: Cofagrigus|40\/320
|-supereffective|p2a: Cofagrigus
|-damage|p2a: Cofagrigus|30\/320
|-supereffective|p2a: Cofagrigus
|-damage|p2a: Cofagrigus|20\/320
|-hitcount|p2a: Cofagrigus|5
|move|p2a: Cofagrigus|Pain Split|p1a: Ambibomb
|-sethp|p1a: Ambibomb|77\/291 brn|p2a: Cofagrigus|77\/320|[from] move: Pain Split
|
|-damage|p1a: Ambibomb|41\/291 brn|[from] brn
|turn|13
|
|switch|p2a: Machamp|Machamp, F|282\/384
|move|p1a: Ambibomb|Knock Off|p2a: Machamp
|-resisted|p2a: Machamp
|-damage|p2a: Machamp|263\/384
|
|-damage|p1a: Ambibomb|5\/291 brn|[from] brn
|turn|14
|
|move|p2a: Machamp|Bullet Punch|p1a: Ambibomb
|-damage|p1a: Ambibomb|0 fnt
|-ability|p2a: Machamp|Mummy|[from] Mummy
|faint|p1a: Ambibomb
|
|
|switch|p1a: Blastoys|Blastoise, M|362\/362
|turn|15
|
|switch|p2a: Roserade|Roserade, M|281\/281
|-formechange|p1a: Blastoys|Blastoise-Mega
|message|Blastoise has Mega Evolved into Mega Blastoise!
|move|p1a: Blastoys|Water Pulse|p2a: Roserade
|-resisted|p2a: Roserade
|-damage|p2a: Roserade|201\/281
|
|-heal|p2a: Roserade|218\/281|[from] item: Black Sludge
|turn|16
|
|move|p2a: Roserade|Sleep Powder|p1a: Blastoys
|-status|p1a: Blastoys|slp
|cant|p1a: Blastoys|slp
|
|-heal|p2a: Roserade|235\/281|[from] item: Black Sludge
|turn|17
|
|move|p2a: Roserade|Magical Leaf|p1a: Blastoys
|-supereffective|p1a: Blastoys
|-damage|p1a: Blastoys|38\/362 slp
|-curestatus|p1a: Blastoys|slp
|move|p1a: Blastoys|Ice Beam|p2a: Roserade
|-supereffective|p2a: Roserade
|-damage|p2a: Roserade|23\/281
|
|-heal|p2a: Roserade|40\/281|[from] item: Black Sludge
|turn|18
|
|move|p2a: Roserade|Magical Leaf|p1a: Blastoys
|-supereffective|p1a: Blastoys
|-damage|p1a: Blastoys|0 fnt
|faint|p1a: Blastoys
|
|-heal|p2a: Roserade|57\/281|[from] item: Black Sludge
|
|switch|p1a: ALLA DAT|Darmanitan, M|351\/351
|turn|19
|
|switch|p2a: Cofagrigus|Cofagrigus, F|77\/320
|move|p1a: ALLA DAT|Flare Blitz|p2a: Cofagrigus
|-damage|p2a: Cofagrigus|0 fnt
|-damage|p1a: ALLA DAT|326\/351|[from] recoil|[of] p2a: Cofagrigus
|-ability|p1a: ALLA DAT|Mummy|[from] Mummy
|faint|p2a: Cofagrigus
|
|
|switch|p2a: Aerodactyl|Aerodactyl, F|179\/302
|-formechange|p2a: Aerodactyl|Aerodactyl-Mega
|turn|20
|
|switch|p1a: Neetoking|Nidoking, M|304\/304
|move|p2a: Aerodactyl|Stone Edge|p1a: Neetoking|[miss]
|-miss|p2a: Aerodactyl|p1a: Neetoking
|
|turn|21
|
|move|p2a: Aerodactyl|Earthquake|p1a: Neetoking
|-supereffective|p1a: Neetoking
|-damage|p1a: Neetoking|2\/304
|move|p1a: Neetoking|Thunderbolt|p2a: Aerodactyl
|-supereffective|p2a: Aerodactyl
|-damage|p2a: Aerodactyl|0 fnt
|faint|p2a: Aerodactyl
|
|
|switch|p2a: Machamp|Machamp, F|263\/384
|turn|22
|chat|sdg657|#thebulk
|
|move|p2a: Machamp|Bullet Punch|p1a: Neetoking
|-damage|p1a: Neetoking|0 fnt
|faint|p1a: Neetoking
|
|
|switch|p1a: ALLA DAT|Darmanitan, M|326\/351
|turn|23
|
|move|p1a: ALLA DAT|Flare Blitz|p2a: Machamp
|-damage|p2a: Machamp|0 fnt
|-damage|p1a: ALLA DAT|239\/351|[from] recoil|[of] p2a: Machamp
|faint|p2a: Machamp
|
|
|switch|p2a: Florges|Florges, F|360\/360
|turn|24
|
|switch|p1a: Notsogross|Metagross|364\/364
|-item|p1a: Notsogross|Air Balloon
|move|p2a: Florges|Moonblast|p1a: Notsogross
|-resisted|p1a: Notsogross
|-damage|p1a: Notsogross|295\/364
|-enditem|p1a: Notsogross|Air Balloon
|
|turn|25
|
|move|p2a: Florges|Moonblast|p1a: Notsogross
|-resisted|p1a: Notsogross
|-damage|p1a: Notsogross|225\/364
|move|p1a: Notsogross|Meteor Mash|p2a: Florges
|-supereffective|p2a: Florges
|-damage|p2a: Florges|0 fnt
|faint|p2a: Florges
|
|
|switch|p2a: Roserade|Roserade, M|57\/281
|turn|26
|
|move|p1a: Notsogross|Bullet Punch|p2a: Roserade
|-damage|p2a: Roserade|0 fnt
|faint|p2a: Roserade
|
|win|sdg657
|raw|Ladder updating...
|raw|sdg657's rating: 1160 &rarr; <strong>1188<\/strong><br \/>(+28 for winning)
|raw|ronconcamy's rating: 1203 &rarr; <strong>1175<\/strong><br \/>(-28 for losing)
|chat|sdg657|gg