|join|ronconcamy
|join|someguytrying
|player|p1|ronconcamy|190
|player|p2|someguytrying|122
|gametype|singles
|gen|6
|tier|UU
|rated
|rule|Sleep Clause Mod: Limit one foe put to sleep
|rule|Species Clause: Limit one of each PokÃ©mon
|rule|OHKO Clause: OHKO moves are banned
|rule|Moody Clause: Moody is banned
|rule|Evasion Moves Clause: Evasion moves are banned
|rule|Endless Battle Clause: Forcing endless battles is banned
|rule|HP Percentage Mod: HP is shown in percentages
|clearpoke
|poke|p1|Lucario, F, shiny
|poke|p1|Infernape, M
|poke|p1|Braviary, M
|poke|p1|Uxie
|poke|p1|Swampert, M
|poke|p1|Jolteon, M
|poke|p2|Rotom-Heat
|poke|p2|Absol, M
|poke|p2|Suicune
|poke|p2|Machamp, M
|poke|p2|Crobat, M
|poke|p2|Empoleon, M
|rule|Swagger Clause: Swagger is banned
|rule|Baton Pass Clause: Limit one PokÃ©mon knowing Baton Pass
|teampreview
|
|start
|switch|p1a: Swampert|Swampert, M|404\/404
|switch|p2a: Rotom-Heat|Rotom-Heat|303\/303
|turn|1
|
|move|p2a: Rotom-Heat|Will-O-Wisp|p1a: Swampert
|-status|p1a: Swampert|brn
|move|p1a: Swampert|Waterfall|p2a: Rotom-Heat
|-supereffective|p2a: Rotom-Heat
|-damage|p2a: Rotom-Heat|235\/303
|
|-heal|p2a: Rotom-Heat|253\/303|[from] item: Leftovers
|-damage|p1a: Swampert|354\/404 brn|[from] brn
|turn|2
|
|switch|p2a: Suicune|Suicune|404\/404
|-ability|p2a: Suicune|Pressure
|move|p1a: Swampert|Curse|p1a: Swampert
|-boost|p1a: Swampert|atk|1
|-boost|p1a: Swampert|def|1
|-unboost|p1a: Swampert|spe|1
|
|-heal|p1a: Swampert|379\/404 brn|[from] item: Leftovers
|-damage|p1a: Swampert|329\/404 brn|[from] brn
|turn|3
|
|switch|p1a: Jolteon|Jolteon, M|272\/272
|move|p2a: Suicune|Scald|p1a: Jolteon
|-damage|p1a: Jolteon|185\/272
|-status|p1a: Jolteon|brn
|
|-damage|p1a: Jolteon|151\/272 brn|[from] brn
|turn|4
|
|switch|p2a: Rotom-Heat|Rotom-Heat|253\/303
|move|p1a: Jolteon|Thunderbolt|p2a: Rotom-Heat
|-resisted|p2a: Rotom-Heat
|-damage|p2a: Rotom-Heat|146\/303
|
|-heal|p2a: Rotom-Heat|164\/303|[from] item: Leftovers
|-damage|p1a: Jolteon|117\/272 brn|[from] brn
|turn|5
|
|switch|p1a: Lucario|Lucario, F, shiny|281\/281
|-item|p1a: Lucario|Air Balloon
|move|p2a: Rotom-Heat|Overheat|p1a: Lucario
|-supereffective|p1a: Lucario
|-damage|p1a: Lucario|0 fnt
|-enditem|p1a: Lucario|Air Balloon
|-unboost|p2a: Rotom-Heat|spa|2
|faint|p1a: Lucario
|
|-heal|p2a: Rotom-Heat|182\/303|[from] item: Leftovers
|
|switch|p1a: Braviary|Braviary, M|341\/341
|turn|6
|
|move|p1a: Braviary|U-turn|p2a: Rotom-Heat
|-resisted|p2a: Rotom-Heat
|-damage|p2a: Rotom-Heat|153\/303
|
|switch|p1a: Swampert|Swampert, M|329\/404 brn
|move|p2a: Rotom-Heat|Volt Switch|p1a: Swampert
|-immune|p1a: Swampert|[msg]
|
|-heal|p2a: Rotom-Heat|171\/303|[from] item: Leftovers
|-heal|p1a: Swampert|354\/404 brn|[from] item: Leftovers
|-damage|p1a: Swampert|304\/404 brn|[from] brn
|turn|7
|-message|ronconcamy forfeited.
|
|win|someguytrying
|raw|Ladder updating...
|leave|ronconcamy
|player|p1
|raw|ronconcamy's rating: 1342 &rarr; <strong>1317<\/strong><br \/>(-25 for losing)
|raw|someguytrying's rating: 1246 &rarr; <strong>1278<\/strong><br \/>(+32 for winning)