|join|ronconcamy
|join|Haros21
|player|p1|ronconcamy|190
|player|p2|Haros21|76
|gametype|singles
|gen|6
|tier|UU
|rated
|rule|Sleep Clause Mod: Limit one foe put to sleep
|rule|Species Clause: Limit one of each PokÃ©mon
|rule|OHKO Clause: OHKO moves are banned
|rule|Moody Clause: Moody is banned
|rule|Evasion Moves Clause: Evasion moves are banned
|rule|Endless Battle Clause: Forcing endless battles is banned
|rule|HP Percentage Mod: HP is reported as percentages
|clearpoke
|poke|p1|Metagross
|poke|p1|Shaymin
|poke|p1|Swampert, F
|poke|p1|Zoroark, F
|poke|p1|Delphox, M
|poke|p1|Galvantula, F
|poke|p2|Doublade, F
|poke|p2|Kingdra, F
|poke|p2|Swampert, M
|poke|p2|Jirachi
|poke|p2|Crobat, M
|poke|p2|Heracross, M
|rule|Swagger Clause: Swagger is banned
|rule|Baton Pass Clause: Limit one PokÃ©mon knowing Baton Pass
|teampreview
|
|start
|switch|p1a: Galvantula|Galvantula, F|281\/281
|switch|p2a: Kingdra|Kingdra, F|327\/327
|-item|p1a: Galvantula|Air Balloon
|turn|1
|
|move|p1a: Galvantula|Thunder|p2a: Kingdra
|-damage|p2a: Kingdra|153\/327
|move|p2a: Kingdra|Waterfall|p1a: Galvantula
|-damage|p1a: Galvantula|104\/281
|-enditem|p1a: Galvantula|Air Balloon
|
|turn|2
|
|move|p1a: Galvantula|Thunder|p2a: Kingdra
|-damage|p2a: Kingdra|0 fnt
|faint|p2a: Kingdra
|
|
|switch|p2a: Crobat|Crobat, M|353\/353
|turn|3
|
|switch|p1a: Metagross|Metagross|302\/302
|move|p2a: Crobat|Brave Bird|p1a: Metagross
|-resisted|p1a: Metagross
|-damage|p1a: Metagross|254\/302
|-damage|p2a: Crobat|337\/353|[from] recoil|[of] p1a: Metagross
|
|-heal|p2a: Crobat|353\/353|[from] item: Black Sludge
|turn|4
|
|switch|p2a: Swampert|Swampert, M|401\/401
|move|p1a: Metagross|Earthquake|p2a: Swampert
|-damage|p2a: Swampert|309\/401
|
|-heal|p2a: Swampert|334\/401|[from] item: Leftovers
|turn|5
|
|switch|p1a: Shaymin|Shaymin|404\/404
|move|p2a: Swampert|Stealth Rock|p1a: Shaymin
|-sidestart|p1: ronconcamy|move: Stealth Rock
|
|-heal|p2a: Swampert|359\/401|[from] item: Leftovers
|turn|6
|
|switch|p2a: Jirachi|Jirachi|404\/404
|move|p1a: Shaymin|Leech Seed|p2a: Jirachi
|-start|p2a: Jirachi|move: Leech Seed
|
|-damage|p2a: Jirachi|354\/404|[from] Leech Seed|[of] p1a: Shaymin
|turn|7
|
|switch|p2a: Crobat|Crobat, M|353\/353
|move|p1a: Shaymin|Air Slash|p2a: Crobat
|-damage|p2a: Crobat|283\/353
|
|-heal|p2a: Crobat|305\/353|[from] item: Black Sludge
|turn|8
|
|move|p2a: Crobat|Brave Bird|p1a: Shaymin
|-supereffective|p1a: Shaymin
|-damage|p1a: Shaymin|222\/404
|-damage|p2a: Crobat|245\/353|[from] recoil|[of] p1a: Shaymin
|move|p1a: Shaymin|Leech Seed|p2a: Crobat
|-start|p2a: Crobat|move: Leech Seed
|
|-heal|p2a: Crobat|267\/353|[from] item: Black Sludge
|-damage|p2a: Crobat|223\/353|[from] Leech Seed|[of] p1a: Shaymin
|-heal|p1a: Shaymin|266\/404|[silent]
|turn|9
|
|switch|p2a: Doublade|Doublade, F|321\/321
|move|p1a: Shaymin|Leech Seed|p2a: Doublade
|-start|p2a: Doublade|move: Leech Seed
|
|-damage|p2a: Doublade|281\/321|[from] Leech Seed|[of] p1a: Shaymin
|-heal|p1a: Shaymin|306\/404|[silent]
|turn|10
|
|switch|p2a: Crobat|Crobat, M|223\/353
|move|p1a: Shaymin|Leech Seed|p2a: Crobat
|-start|p2a: Crobat|move: Leech Seed
|
|-heal|p2a: Crobat|245\/353|[from] item: Black Sludge
|-damage|p2a: Crobat|201\/353|[from] Leech Seed|[of] p1a: Shaymin
|-heal|p1a: Shaymin|350\/404|[silent]
|turn|11
|
|move|p2a: Crobat|Taunt|p1a: Shaymin
|-start|p1a: Shaymin|move: Taunt
|move|p1a: Shaymin|Air Slash|p2a: Crobat
|-damage|p2a: Crobat|134\/353
|
|-heal|p2a: Crobat|156\/353|[from] item: Black Sludge
|-damage|p2a: Crobat|112\/353|[from] Leech Seed|[of] p1a: Shaymin
|-heal|p1a: Shaymin|394\/404|[silent]
|turn|12
|
|switch|p2a: Doublade|Doublade, F|281\/321
|switch|p1a: Metagross|Metagross|254\/302
|-damage|p1a: Metagross|236\/302|[from] Stealth Rock
|
|turn|13
|
|move|p1a: Metagross|Earthquake|p2a: Doublade
|-supereffective|p2a: Doublade
|-damage|p2a: Doublade|161\/321
|move|p2a: Doublade|Shadow Claw|p1a: Metagross
|-supereffective|p1a: Metagross
|-damage|p1a: Metagross|74\/302
|
|turn|14
|
|move|p2a: Doublade|Shadow Sneak|p1a: Metagross
|-supereffective|p1a: Metagross
|-damage|p1a: Metagross|0 fnt
|faint|p1a: Metagross
|
|
|switch|p1a: Galvantula|Galvantula, F|261\/261
|-damage|p1a: Galvantula|229\/261|[from] Stealth Rock
|turn|15
|
|switch|p2a: Jirachi|Jirachi|354\/404
|move|p1a: Galvantula|Knock Off|p2a: Jirachi
|-supereffective|p2a: Jirachi
|-damage|p2a: Jirachi|0 fnt
|-enditem|p2a: Jirachi|Leftovers|[from] move: Knock Off|[of] p1a: Galvantula
|faint|p2a: Jirachi
|
|
|switch|p2a: Heracross|Heracross, M|301\/301
|turn|16
|
|switch|p1a: Galvantula|Galvantula, F|104\/281
|-damage|p1a: Galvantula|34\/281|[from] Stealth Rock
|move|p2a: Heracross|Close Combat|p1a: Galvantula
|-resisted|p1a: Galvantula
|-damage|p1a: Galvantula|0 fnt
|-unboost|p2a: Heracross|def|1
|-unboost|p2a: Heracross|spd|1
|faint|p1a: Galvantula
|
|
|switch|p1a: Shaymin|Shaymin|394\/404
|-damage|p1a: Shaymin|344\/404|[from] Stealth Rock
|turn|17
|
|switch|p2a: Crobat|Crobat, M|112\/353
|move|p1a: Shaymin|Air Slash|p2a: Crobat
|-damage|p2a: Crobat|36\/353
|
|-heal|p2a: Crobat|58\/353|[from] item: Black Sludge
|turn|18
|
|move|p2a: Crobat|Roost|p2a: Crobat
|-heal|p2a: Crobat|235\/353
|move|p1a: Shaymin|Air Slash|p2a: Crobat
|-damage|p2a: Crobat|157\/353
|
|-heal|p2a: Crobat|179\/353|[from] item: Black Sludge
|turn|19
|
|switch|p1a: Delphox|Delphox, M|292\/292
|-damage|p1a: Delphox|219\/292|[from] Stealth Rock
|move|p2a: Crobat|Taunt|p1a: Delphox
|-start|p1a: Delphox|move: Taunt
|
|-heal|p2a: Crobat|201\/353|[from] item: Black Sludge
|turn|20
|
|switch|p2a: Swampert|Swampert, M|359\/401
|move|p1a: Delphox|Psychic|p2a: Swampert
|-damage|p2a: Swampert|196\/401
|
|-heal|p2a: Swampert|221\/401|[from] item: Leftovers
|turn|21
|
|switch|p1a: Shaymin|Shaymin|344\/404
|-damage|p1a: Shaymin|294\/404|[from] Stealth Rock
|move|p2a: Swampert|Roar|p1a: Shaymin
|drag|p1a: Delphox|Delphox, M|219\/292
|-damage|p1a: Delphox|146\/292|[from] Stealth Rock
|
|-heal|p2a: Swampert|246\/401|[from] item: Leftovers
|turn|22
|
|move|p1a: Delphox|Grass Knot|p2a: Swampert
|-supereffective|p2a: Swampert
|-damage|p2a: Swampert|0 fnt
|faint|p2a: Swampert
|
|
|switch|p2a: Heracross|Heracross, M|301\/301
|turn|23
|
|move|p1a: Delphox|Grass Knot|p2a: Heracross
|-resisted|p2a: Heracross
|-damage|p2a: Heracross|258\/301
|move|p2a: Heracross|Close Combat|p1a: Delphox
|-resisted|p1a: Delphox
|-damage|p1a: Delphox|0 fnt
|-unboost|p2a: Heracross|def|1
|-unboost|p2a: Heracross|spd|1
|faint|p1a: Delphox
|
|
|switch|p1a: Shaymin|Shaymin|294\/404
|-damage|p1a: Shaymin|244\/404|[from] Stealth Rock
|turn|24
|
|switch|p2a: Crobat|Crobat, M|201\/353
|move|p1a: Shaymin|Leech Seed|p2a: Crobat
|-start|p2a: Crobat|move: Leech Seed
|
|-heal|p2a: Crobat|223\/353|[from] item: Black Sludge
|-damage|p2a: Crobat|179\/353|[from] Leech Seed|[of] p1a: Shaymin
|-heal|p1a: Shaymin|288\/404|[silent]
|turn|25
|
|switch|p1a: Swampert|Swampert, F|404\/404
|-damage|p1a: Swampert|379\/404|[from] Stealth Rock
|move|p2a: Crobat|Roost|p2a: Crobat
|-heal|p2a: Crobat|353\/353
|
|-heal|p1a: Swampert|404\/404|[from] item: Leftovers
|-damage|p2a: Crobat|309\/353|[from] Leech Seed|[of] p1a: Swampert
|turn|26
|
|switch|p2a: Heracross|Heracross, M|258\/301
|move|p1a: Swampert|Stealth Rock|p2a: Heracross
|-sidestart|p2: Haros21|move: Stealth Rock
|
|turn|27
|
|move|p2a: Heracross|Close Combat|p1a: Swampert
|-damage|p1a: Swampert|17\/404
|-unboost|p2a: Heracross|def|1
|-unboost|p2a: Heracross|spd|1
|move|p1a: Swampert|Avalanche|p2a: Heracross
|-damage|p2a: Heracross|48\/301
|
|-heal|p1a: Swampert|42\/404|[from] item: Leftovers
|turn|28
|
|move|p2a: Heracross|Close Combat|p1a: Swampert
|-damage|p1a: Swampert|0 fnt
|-unboost|p2a: Heracross|def|1
|-unboost|p2a: Heracross|spd|1
|faint|p1a: Swampert
|
|
|switch|p1a: Zoroark|Zoroark, F|229\/261
|-damage|p1a: Zoroark|197\/261|[from] Stealth Rock
|turn|29
|
|move|p1a: Zoroark|Sucker Punch|p2a: Heracross
|-resisted|p2a: Heracross
|-damage|p2a: Heracross|0 fnt
|faint|p2a: Heracross
|
|
|switch|p2a: Crobat|Crobat, M|309\/353
|-damage|p2a: Crobat|221\/353|[from] Stealth Rock
|turn|30
|
|move|p2a: Crobat|Brave Bird|p1a: Zoroark
|-damage|p1a: Zoroark|0 fnt
|-damage|p2a: Crobat|156\/353|[from] recoil|[of] p1a: Zoroark
|faint|p1a: Zoroark
|
|-heal|p2a: Crobat|178\/353|[from] item: Black Sludge
|
|switch|p1a: Shaymin|Shaymin|288\/404
|-damage|p1a: Shaymin|238\/404|[from] Stealth Rock
|turn|31
|
|move|p2a: Crobat|Taunt|p1a: Shaymin
|-start|p1a: Shaymin|move: Taunt
|move|p1a: Shaymin|Air Slash|p2a: Crobat
|-damage|p2a: Crobat|100\/353
|
|-heal|p2a: Crobat|122\/353|[from] item: Black Sludge
|turn|32
|
|move|p2a: Crobat|Roost|p2a: Crobat
|-heal|p2a: Crobat|299\/353
|move|p1a: Shaymin|Air Slash|p2a: Crobat
|-damage|p2a: Crobat|225\/353
|
|-heal|p2a: Crobat|247\/353|[from] item: Black Sludge
|turn|33
|
|move|p2a: Crobat|Brave Bird|p1a: Shaymin
|-supereffective|p1a: Shaymin
|-damage|p1a: Shaymin|62\/404
|-damage|p2a: Crobat|189\/353|[from] recoil|[of] p1a: Shaymin
|move|p1a: Shaymin|Air Slash|p2a: Crobat
|-damage|p2a: Crobat|120\/353
|
|-heal|p2a: Crobat|142\/353|[from] item: Black Sludge
|-end|p1a: Shaymin|move: Taunt
|turn|34
|chat|Haros21|gg
|
|move|p2a: Crobat|Brave Bird|p1a: Shaymin
|-supereffective|p1a: Shaymin
|-damage|p1a: Shaymin|0 fnt
|-damage|p2a: Crobat|122\/353|[from] recoil|[of] p1a: Shaymin
|faint|p1a: Shaymin
|
|win|Haros21
|raw|Ladder updating...
|raw|ronconcamy's rating: 1341 &rarr; <strong>1326<\/strong><br \/>(-15 for losing)
|raw|Haros21's rating: 1424 &rarr; <strong>1439<\/strong><br \/>(+15 for winning)