|join|ronconcamy
|join|Hogback_fosh_men
|player|p1|ronconcamy|190
|player|p2|Hogback_fosh_men|1
|gametype|singles
|gen|6
|tier|UU
|rated
|rule|Sleep Clause Mod: Limit one foe put to sleep
|rule|Species Clause: Limit one of each Pokemon
|rule|OHKO Clause: OHKO moves are banned
|rule|Moody Clause: Moody is banned
|rule|Evasion Moves Clause: Evasion moves are banned
|rule|Endless Battle Clause: Forcing endless battles is banned.
|rule|HP Percentage Mod: HP is reported as percentages
|clearpoke
|poke|p1|Gigalith, F
|poke|p1|Zoroark, M
|poke|p1|Gallade, M
|poke|p1|Azelf
|poke|p1|Aerodactyl, F
|poke|p1|Muk, M
|poke|p2|Ampharos, M, shiny
|poke|p2|Entei, shiny
|poke|p2|Shaymin
|poke|p2|Krookodile, F
|poke|p2|Florges, F, shiny
|poke|p2|Empoleon, F
|teampreview
|
|start
|switch|p1a: Gigalith|Gigalith, F|374\/374
|switch|p2a: Amphy|Ampharos, M, shiny|384\/384
|turn|1
|
|-ability|p2a: Amphy|Mold Breaker
|detailschange|p2a: Amphy|Ampharos-Mega, M, shiny
|message|Ampharos has Mega Evolved into Mega Ampharos!
|move|p2a: Amphy|Volt Switch|p1a: Gigalith
|-damage|p1a: Gigalith|193\/374
|
|switch|p2a: Shaymin|Shaymin|342\/342
|move|p1a: Gigalith|Stealth Rock|p2a: Shaymin
|-sidestart|p2: Hogback_fosh_men|move: Stealth Rock
|
|turn|2
|
|switch|p1a: Aerodactyl|Aerodactyl, F|302\/302
|-ability|p1a: Aerodactyl|Pressure
|move|p2a: Shaymin|Seed Flare|p1a: Aerodactyl
|-damage|p1a: Aerodactyl|0 fnt
|-damage|p2a: Shaymin|308\/342|[from] item: Life Orb
|faint|p1a: Aerodactyl
|
|
|switch|p1a: Muk|Muk, M|414\/414
|turn|3
|
|move|p2a: Shaymin|Earth Power|p1a: Muk
|-supereffective|p1a: Muk
|-damage|p1a: Muk|235\/414
|-unboost|p1a: Muk|spd|1
|-damage|p2a: Shaymin|274\/342|[from] item: Life Orb
|move|p1a: Muk|Poison Jab|p2a: Shaymin
|-supereffective|p2a: Shaymin
|-damage|p2a: Shaymin|58\/342
|-status|p2a: Shaymin|psn
|
|-heal|p1a: Muk|260\/414|[from] item: Black Sludge
|-damage|p2a: Shaymin|16\/342 psn|[from] psn
|turn|4
|
|switch|p1a: Azelf|Azelf|291\/291
|move|p2a: Shaymin|Air Slash|p1a: Azelf
|-damage|p1a: Azelf|138\/291
|-damage|p2a: Shaymin|0 fnt|[from] item: Life Orb
|faint|p2a: Shaymin
|
|
|switch|p2a: Krookodile|Krookodile, F|332\/332
|-damage|p2a: Krookodile|312\/332|[from] Stealth Rock
|turn|5
|
|move|p2a: Krookodile|Knock Off|p1a: Azelf
|-supereffective|p1a: Azelf
|-damage|p1a: Azelf|0 fnt
|faint|p1a: Azelf
|-boost|p2a: Krookodile|atk|1|[from] ability: Moxie
|
|chat|ronconcamy|gg
|
|switch|p1a: Gallade|Gallade, M|277\/277
|turn|6
|
|move|p2a: Krookodile|Knock Off|p1a: Gallade
|-damage|p1a: Gallade|0 fnt
|faint|p1a: Gallade
|-boost|p2a: Krookodile|atk|1|[from] ability: Moxie
|
|chat|Hogback_fosh_men|gg
|
|switch|p1a: Gigalith|Gigalith, F|262\/262
|turn|7
|
|move|p2a: Krookodile|Knock Off|p1a: Gigalith
|-resisted|p1a: Gigalith
|replace|p1a: Zoroark|Zoroark, M|262\/262
|-damage|p1a: Zoroark|7\/262
|-enditem|p1a: Zoroark|Life Orb|[from] move: Knock Off|[of] p2a: Krookodile
|move|p1a: Zoroark|Dark Pulse|p2a: Krookodile
|-resisted|p2a: Krookodile
|-damage|p2a: Krookodile|223\/332
|
|turn|8
|
|move|p2a: Krookodile|Knock Off|p1a: Zoroark
|-resisted|p1a: Zoroark
|-damage|p1a: Zoroark|0 fnt
|faint|p1a: Zoroark
|-boost|p2a: Krookodile|atk|1|[from] ability: Moxie
|
|
|switch|p1a: Muk|Muk, M|260\/414
|turn|9
|
|move|p2a: Krookodile|Knock Off|p1a: Muk
|-damage|p1a: Muk|0 fnt
|faint|p1a: Muk
|-boost|p2a: Krookodile|atk|1|[from] ability: Moxie
|
|
|switch|p1a: Gigalith|Gigalith, F|193\/374
|turn|10
|
|move|p2a: Krookodile|Knock Off|p1a: Gigalith
|-damage|p1a: Gigalith|0 fnt
|-damage|p2a: Krookodile|168\/332|[from] item: Rocky Helmet|[of] p1a: Gigalith
|faint|p1a: Gigalith
|-boost|p2a: Krookodile|atk|1|[from] ability: Moxie
|
|win|Hogback_fosh_men
|raw|Ladder updating...
|raw|ronconcamy's rating: 1346 &rarr; <strong>1331<\/strong><br \/>(-15 for losing)
|raw|Hogback_fosh_men's rating: 1437 &rarr; <strong>1452<\/strong><br \/>(+15 for winning)