|join|lil manaphy
|join|ninimia
|player|p1|lil manaphy|9
|player|p2|ninimia|265
|gametype|singles
|gen|6
|tier|OU
|rated
|clearpoke
|poke|p1|Lopunny, M
|poke|p1|Rotom-Wash
|poke|p1|Gothitelle, F
|poke|p1|Celebi
|poke|p1|Heatran, F
|poke|p1|Mandibuzz, F
|poke|p2|Froslass, F
|poke|p2|Talonflame, F
|poke|p2|Bisharp, F
|poke|p2|Weavile, F
|poke|p2|Thundurus, M
|poke|p2|Diancie
|rule|Swagger Clause: Swagger is banned
|rule|Baton Pass Clause: Limit one PokÃ©mon knowing Baton Pass
|rule|Sleep Clause Mod: Limit one foe put to sleep
|rule|Species Clause: Limit one of each PokÃ©mon
|rule|OHKO Clause: OHKO moves are banned
|rule|Moody Clause: Moody is banned
|rule|Evasion Moves Clause: Evasion moves are banned
|rule|Endless Battle Clause: Forcing endless battles is banned
|rule|HP Percentage Mod: HP is shown in percentages
|teampreview
|
|start
|switch|p1a: Lopunny|Lopunny, M|271\/271
|switch|p2a: Diancie|Diancie|241\/241
|turn|1
|
|detailschange|p1a: Lopunny|Lopunny-Mega, M
|-mega|p1a: Lopunny|Lopunny|Lopunnite
|move|p1a: Lopunny|Fake Out|p2a: Diancie
|-resisted|p2a: Diancie
|-damage|p2a: Diancie|213\/241
|cant|p2a: Diancie|flinch
|
|turn|2
|
|switch|p1a: Celebi|Celebi|404\/404
|move|p2a: Diancie|Stealth Rock|p1a: Celebi
|-sidestart|p1: lil manaphy|move: Stealth Rock
|
|turn|3
|join|Super Mario Bros
|
|detailschange|p2a: Diancie|Diancie-Mega
|-mega|p2a: Diancie|Diancie|Diancite
|move|p2a: Diancie|Protect|p2a: Diancie
|-singleturn|p2a: Diancie|Protect
|move|p1a: Celebi|Giga Drain|p2a: Diancie
|-activate|p2a: Diancie|Protect
|
|turn|4
|
|switch|p2a: Talonflame|Talonflame, F|297\/297
|move|p1a: Celebi|Baton Pass|p1a: Celebi
|
|switch|p1a: Heatran|Heatran, F|385\/385
|-damage|p1a: Heatran|337\/385|[from] Stealth Rock
|
|-heal|p1a: Heatran|361\/385|[from] item: Leftovers
|turn|5
|
|move|p2a: Talonflame|U-turn|p1a: Heatran
|-resisted|p1a: Heatran
|-damage|p1a: Heatran|336\/385
|
|switch|p2a: Diancie|Diancie-Mega|213\/241
|move|p1a: Heatran|Stealth Rock|p2a: Diancie
|move|p2a: Diancie|Stealth Rock|p1a: Heatran|[from]Magic Bounce
|-fail|p1a: Heatran
|
|-heal|p1a: Heatran|360\/385|[from] item: Leftovers
|turn|6
|
|switch|p1a: Celebi|Celebi|404\/404
|-damage|p1a: Celebi|354\/404|[from] Stealth Rock
|move|p2a: Diancie|Earth Power|p1a: Celebi
|-resisted|p1a: Celebi
|-damage|p1a: Celebi|307\/404
|
|-heal|p1a: Celebi|332\/404|[from] item: Leftovers
|turn|7
|
|switch|p2a: Talonflame|Talonflame, F|297\/297
|move|p1a: Celebi|Baton Pass|p1a: Celebi
|
|switch|p1a: Rotom-Wash|Rotom-Wash|303\/303
|-damage|p1a: Rotom-Wash|266\/303|[from] Stealth Rock
|
|-heal|p1a: Rotom-Wash|284\/303|[from] item: Leftovers
|turn|8
|
|move|p2a: Talonflame|U-turn|p1a: Rotom-Wash
|-damage|p1a: Rotom-Wash|218\/303
|
|switch|p2a: Froslass|Froslass, F|281\/281
|move|p1a: Rotom-Wash|Volt Switch|p2a: Froslass
|-damage|p2a: Froslass|164\/281
|-start|p1a: Rotom-Wash|Disable|Volt Switch
|
|switch|p1a: Lopunny|Lopunny-Mega, M|271\/271
|-damage|p1a: Lopunny|255\/271|[from] Stealth Rock
|
|turn|9
|join|Scotti
|
|switch|p2a: Talonflame|Talonflame, F|297\/297
|move|p1a: Lopunny|Return|p2a: Talonflame
|-damage|p2a: Talonflame|59\/297
|
|turn|10
|
|switch|p1a: Rotom-Wash|Rotom-Wash|218\/303
|-damage|p1a: Rotom-Wash|181\/303|[from] Stealth Rock
|move|p2a: Talonflame|U-turn|p1a: Rotom-Wash
|-damage|p1a: Rotom-Wash|116\/303
|
|switch|p2a: Froslass|Froslass, F|164\/281
|
|-heal|p1a: Rotom-Wash|134\/303|[from] item: Leftovers
|turn|11
|
|move|p2a: Froslass|Spikes|p1a: Rotom-Wash
|-sidestart|p1: lil manaphy|Spikes
|move|p1a: Rotom-Wash|Volt Switch|p2a: Froslass
|-damage|p2a: Froslass|53\/281
|-start|p1a: Rotom-Wash|Disable|Volt Switch
|
|switch|p1a: Lopunny|Lopunny-Mega, M|255\/271
|-damage|p1a: Lopunny|222\/271|[from] Spikes
|-damage|p1a: Lopunny|206\/271|[from] Stealth Rock
|
|turn|12
|
|move|p1a: Lopunny|Power-Up Punch|p2a: Froslass
|-supereffective|p2a: Froslass
|-damage|p2a: Froslass|0 fnt
|-start|p1a: Lopunny|Disable|Power-Up Punch
|-boost|p1a: Lopunny|atk|1
|faint|p2a: Froslass
|
|
|switch|p2a: Thundurus|Thundurus, M|299\/299
|turn|13
|
|switch|p1a: Rotom-Wash|Rotom-Wash|134\/303
|-damage|p1a: Rotom-Wash|97\/303|[from] Stealth Rock
|move|p2a: Thundurus|Thunderbolt|p1a: Rotom-Wash
|-damage|p1a: Rotom-Wash|0 fnt
|-damage|p2a: Thundurus|270\/299|[from] item: Life Orb
|faint|p1a: Rotom-Wash
|
|
|switch|p1a: Gothitelle|Gothitelle, F|301\/301
|-damage|p1a: Gothitelle|264\/301|[from] Stealth Rock
|-damage|p1a: Gothitelle|227\/301|[from] Spikes
|turn|14
|
|move|p2a: Thundurus|Taunt|p1a: Gothitelle
|-start|p1a: Gothitelle|move: Taunt
|move|p1a: Gothitelle|Psychic|p2a: Thundurus
|-damage|p2a: Thundurus|110\/299
|
|turn|15
|
|move|p1a: Gothitelle|Psychic|p2a: Thundurus
|-damage|p2a: Thundurus|0 fnt
|faint|p2a: Thundurus
|
|
|switch|p2a: Bisharp|Bisharp, F|271\/271
|turn|16
|
|switch|p1a: Mandibuzz|Mandibuzz, F|423\/423
|-damage|p1a: Mandibuzz|318\/423|[from] Stealth Rock
|move|p2a: Bisharp|Swords Dance|p2a: Bisharp
|-boost|p2a: Bisharp|atk|2
|
|turn|17
|
|move|p2a: Bisharp|Iron Head|p1a: Mandibuzz
|-damage|p1a: Mandibuzz|53\/423
|-damage|p2a: Bisharp|226\/271|[from] item: Rocky Helmet|[of] p1a: Mandibuzz
|-damage|p2a: Bisharp|199\/271|[from] item: Life Orb
|cant|p1a: Mandibuzz|flinch
|
|turn|18
|
|move|p2a: Bisharp|Iron Head|p1a: Mandibuzz
|-damage|p1a: Mandibuzz|0 fnt
|-damage|p2a: Bisharp|154\/271|[from] item: Rocky Helmet|[of] p1a: Mandibuzz
|-damage|p2a: Bisharp|127\/271|[from] item: Life Orb
|faint|p1a: Mandibuzz
|
|
|switch|p1a: Gothitelle|Gothitelle, F|227\/301
|-damage|p1a: Gothitelle|190\/301|[from] Spikes
|-damage|p1a: Gothitelle|153\/301|[from] Stealth Rock
|turn|19
|
|move|p1a: Gothitelle|Trick|p2a: Bisharp
|-activate|p1a: Gothitelle|move: Trick|[of] p2a: Bisharp
|-item|p2a: Bisharp|Choice Scarf|[from] move: Trick
|-item|p1a: Gothitelle|Life Orb|[from] move: Trick
|move|p2a: Bisharp|Knock Off|p1a: Gothitelle
|-supereffective|p1a: Gothitelle
|-damage|p1a: Gothitelle|0 fnt
|-enditem|p1a: Gothitelle|Life Orb|[from] move: Knock Off|[of] p2a: Bisharp
|faint|p1a: Gothitelle
|
|
|switch|p1a: Lopunny|Lopunny-Mega, M|206\/271
|-damage|p1a: Lopunny|190\/271|[from] Stealth Rock
|-damage|p1a: Lopunny|157\/271|[from] Spikes
|turn|20
|
|move|p1a: Lopunny|Drain Punch|p2a: Bisharp
|-supereffective|p2a: Bisharp
|-damage|p2a: Bisharp|0 fnt
|-heal|p1a: Lopunny|221\/271|[from] drain|[of] p2a: Bisharp
|faint|p2a: Bisharp
|
|
|switch|p2a: Diancie|Diancie-Mega|213\/241
|turn|21
|
|switch|p1a: Heatran|Heatran, F|360\/385
|-damage|p1a: Heatran|312\/385|[from] Stealth Rock
|-damage|p1a: Heatran|264\/385|[from] Spikes
|switch|p2a: Talonflame|Talonflame, F|59\/297
|
|-heal|p1a: Heatran|288\/385|[from] item: Leftovers
|turn|22
|
|move|p2a: Talonflame|U-turn|p1a: Heatran
|-resisted|p1a: Heatran
|-damage|p1a: Heatran|266\/385
|
|switch|p2a: Diancie|Diancie-Mega|213\/241
|move|p1a: Heatran|Lava Plume|p2a: Diancie
|-resisted|p2a: Diancie
|-damage|p2a: Diancie|162\/241
|
|-heal|p1a: Heatran|290\/385|[from] item: Leftovers
|turn|23
|
|move|p1a: Heatran|Protect|p1a: Heatran
|-singleturn|p1a: Heatran|Protect
|move|p2a: Diancie|Earth Power|p1a: Heatran
|-activate|p1a: Heatran|Protect
|
|-heal|p1a: Heatran|314\/385|[from] item: Leftovers
|turn|24
|
|switch|p1a: Celebi|Celebi|332\/404
|-damage|p1a: Celebi|282\/404|[from] Spikes
|-damage|p1a: Celebi|232\/404|[from] Stealth Rock
|move|p2a: Diancie|Earth Power|p1a: Celebi
|-resisted|p1a: Celebi
|-damage|p1a: Celebi|188\/404
|
|-heal|p1a: Celebi|213\/404|[from] item: Leftovers
|turn|25
|
|move|p2a: Diancie|Moonblast|p1a: Celebi
|-damage|p1a: Celebi|77\/404
|move|p1a: Celebi|Recover|p1a: Celebi
|-heal|p1a: Celebi|279\/404
|
|-heal|p1a: Celebi|304\/404|[from] item: Leftovers
|turn|26
|
|switch|p2a: Talonflame|Talonflame, F|59\/297
|move|p1a: Celebi|Giga Drain|p2a: Talonflame
|-resisted|p2a: Talonflame
|-damage|p2a: Talonflame|28\/297
|-heal|p1a: Celebi|320\/404|[from] drain|[of] p2a: Talonflame
|
|-heal|p1a: Celebi|345\/404|[from] item: Leftovers
|turn|27
|
|switch|p1a: Heatran|Heatran, F|314\/385
|-damage|p1a: Heatran|266\/385|[from] Spikes
|-damage|p1a: Heatran|218\/385|[from] Stealth Rock
|move|p2a: Talonflame|U-turn|p1a: Heatran
|-resisted|p1a: Heatran
|-damage|p1a: Heatran|193\/385
|
|switch|p2a: Weavile|Weavile, F|281\/281
|-ability|p2a: Weavile|Pressure
|
|-heal|p1a: Heatran|217\/385|[from] item: Leftovers
|turn|28
|
|move|p2a: Weavile|Low Kick|p1a: Heatran
|-crit|p1a: Heatran
|-supereffective|p1a: Heatran
|-damage|p1a: Heatran|0 fnt
|-damage|p2a: Weavile|253\/281|[from] item: Life Orb
|faint|p1a: Heatran
|
|
|switch|p1a: Lopunny|Lopunny-Mega, M|221\/271
|-damage|p1a: Lopunny|188\/271|[from] Spikes
|-damage|p1a: Lopunny|172\/271|[from] Stealth Rock
|turn|29
|
|switch|p2a: Talonflame|Talonflame, F|28\/297
|move|p1a: Lopunny|Drain Punch|p2a: Talonflame
|-resisted|p2a: Talonflame
|-damage|p2a: Talonflame|0 fnt
|-heal|p1a: Lopunny|186\/271|[from] drain|[of] p2a: Talonflame
|faint|p2a: Talonflame
|
|
|switch|p2a: Diancie|Diancie-Mega|162\/241
|turn|30
|
|switch|p1a: Celebi|Celebi|345\/404
|-damage|p1a: Celebi|295\/404|[from] Spikes
|-damage|p1a: Celebi|245\/404|[from] Stealth Rock
|move|p2a: Diancie|Moonblast|p1a: Celebi
|-damage|p1a: Celebi|104\/404
|
|-heal|p1a: Celebi|129\/404|[from] item: Leftovers
|turn|31
|
|move|p2a: Diancie|Moonblast|p1a: Celebi
|-damage|p1a: Celebi|0 fnt
|faint|p1a: Celebi
|
|
|switch|p1a: Lopunny|Lopunny-Mega, M|186\/271
|-damage|p1a: Lopunny|170\/271|[from] Stealth Rock
|-damage|p1a: Lopunny|137\/271|[from] Spikes
|turn|32
|
|move|p1a: Lopunny|Fake Out|p2a: Diancie
|-resisted|p2a: Diancie
|-damage|p2a: Diancie|125\/241
|cant|p2a: Diancie|flinch
|
|turn|33
|
|move|p1a: Lopunny|Drain Punch|p2a: Diancie
|-damage|p2a: Diancie|0 fnt
|-heal|p1a: Lopunny|200\/271|[from] drain|[of] p2a: Diancie
|faint|p2a: Diancie
|
|
|switch|p2a: Weavile|Weavile, F|253\/281
|-ability|p2a: Weavile|Pressure
|turn|34
|
|move|p1a: Lopunny|Drain Punch|p2a: Weavile
|-crit|p2a: Weavile
|-supereffective|p2a: Weavile
|-damage|p2a: Weavile|0 fnt
|-heal|p1a: Lopunny|271\/271|[from] drain|[of] p2a: Weavile
|faint|p2a: Weavile
|
|win|lil manaphy
|raw|Ladder updating...
|leave|ninimia
|player|p2
|raw|lil manaphy's rating: 1810 &rarr; <strong>1823<\/strong><br \/>(+13 for winning)
|raw|ninimia's rating: 1683 &rarr; <strong>1670<\/strong><br \/>(-13 for losing)