|join|Reverb
|join|ninimia
|player|p1|Reverb|#reverb
|player|p2|ninimia|102
|gametype|singles
|gen|6
|tier|OU
|rated
|clearpoke
|poke|p1|Metagross
|poke|p1|Heatran, F
|poke|p1|Landorus-Therian, M
|poke|p1|Rotom-Wash
|poke|p1|Keldeo-Resolute
|poke|p1|Gengar, M
|poke|p2|Froslass, F
|poke|p2|Talonflame, M
|poke|p2|Bisharp, M
|poke|p2|Weavile, M
|poke|p2|Thundurus, M
|poke|p2|Diancie
|rule|Swagger Clause: Swagger is banned
|rule|Baton Pass Clause: Limit one PokÃ©mon knowing Baton Pass
|rule|Sleep Clause Mod: Limit one foe put to sleep
|rule|Species Clause: Limit one of each PokÃ©mon
|rule|OHKO Clause: OHKO moves are banned
|rule|Moody Clause: Moody is banned
|rule|Evasion Moves Clause: Evasion moves are banned
|rule|Endless Battle Clause: Forcing endless battles is banned
|rule|HP Percentage Mod: HP is shown in percentages
|teampreview
|join|Mistaken
|join|jacksoras
|
|start
|switch|p1a: Rotom-Wash|Rotom-Wash|303\/303
|switch|p2a: Diancie|Diancie|241\/241
|turn|1
|join|Prankster
|
|move|p1a: Rotom-Wash|Hydro Pump|p2a: Diancie
|-supereffective|p2a: Diancie
|-damage|p2a: Diancie|65\/241
|move|p2a: Diancie|Stealth Rock|p1a: Rotom-Wash
|-sidestart|p1: Reverb|move: Stealth Rock
|
|turn|2
|join|AdvanceShip
|
|detailschange|p2a: Diancie|Diancie-Mega
|-mega|p2a: Diancie|Diancie|Diancite
|move|p2a: Diancie|Protect|p2a: Diancie
|-singleturn|p2a: Diancie|Protect
|move|p1a: Rotom-Wash|Volt Switch|p2a: Diancie
|-activate|p2a: Diancie|Protect
|
|turn|3
|
|move|p2a: Diancie|Moonblast|p1a: Rotom-Wash
|-damage|p1a: Rotom-Wash|101\/303
|move|p1a: Rotom-Wash|Volt Switch|p2a: Diancie
|-damage|p2a: Diancie|0 fnt
|faint|p2a: Diancie
|c| jacksoras|wtf o.0
|
|switch|p1a: Metagross|Metagross|301\/301
|-damage|p1a: Metagross|283\/301|[from] Stealth Rock
|
|
|switch|p2a: easy game|Talonflame, M|297\/297
|turn|4
|
|switch|p1a: Rotom-Wash|Rotom-Wash|101\/303
|-damage|p1a: Rotom-Wash|64\/303|[from] Stealth Rock
|move|p2a: easy game|U-turn|p1a: Rotom-Wash
|-damage|p1a: Rotom-Wash|0 fnt
|faint|p1a: Rotom-Wash
|
|switch|p2a: Froslass|Froslass, F|281\/281
|
|
|switch|p1a: Heatran|Heatran, F|385\/385
|-damage|p1a: Heatran|337\/385|[from] Stealth Rock
|turn|5
|
|move|p2a: Froslass|Spikes|p1a: Heatran
|-sidestart|p1: Reverb|Spikes
|move|p1a: Heatran|Lava Plume|p2a: Froslass
|-supereffective|p2a: Froslass
|-enditem|p2a: Froslass|Focus Sash
|-damage|p2a: Froslass|1\/281
|-start|p1a: Heatran|Disable|Lava Plume
|
|-heal|p1a: Heatran|361\/385|[from] item: Leftovers
|turn|6
|
|move|p2a: Froslass|Taunt|p1a: Heatran
|-start|p1a: Heatran|move: Taunt
|cant|p1a: Heatran|move: Taunt|Stealth Rock
|
|-heal|p1a: Heatran|385\/385|[from] item: Leftovers
|turn|7
|
|move|p2a: Froslass|Destiny Bond|p2a: Froslass
|-singlemove|p2a: Froslass|Destiny Bond
|move|p1a: Heatran|Struggle|p2a: Froslass
|-damage|p2a: Froslass|0 fnt
|-damage|p1a: Heatran|289\/385
|faint|p2a: Froslass
|-activate|p2a: Froslass|Destiny Bond
|faint|p1a: Heatran
|
|join|Kawhii Leonard
|c| Mistaken|LOL
|
|switch|p2a: Thundurus|Thundurus, M|299\/299
|switch|p1a: Keldeo-Resolute|Keldeo-Resolute|323\/323
|-damage|p1a: Keldeo-Resolute|303\/323|[from] Stealth Rock
|-damage|p1a: Keldeo-Resolute|263\/323|[from] Spikes
|turn|8
|
|switch|p1a: Landorus-Therian|Landorus-Therian, M|327\/327
|-damage|p1a: Landorus-Therian|287\/327|[from] Stealth Rock
|-ability|p1a: Landorus-Therian|Intimidate|[of] p2a: Thundurus
|-unboost|p2a: Thundurus|atk|1
|move|p2a: Thundurus|Thunderbolt|p1a: Landorus-Therian
|-immune|p1a: Landorus-Therian|[msg]
|
|turn|9
|
|switch|p2a: Bisharp|Bisharp, M|269\/269
|move|p1a: Landorus-Therian|Earthquake|p2a: Bisharp
|-supereffective|p2a: Bisharp
|-damage|p2a: Bisharp|0 fnt
|faint|p2a: Bisharp
|
|join|craing
|
|switch|p2a: easy game|Talonflame, M|297\/297
|turn|10
|
|switch|p1a: Gengar|Gengar, M|261\/261
|-damage|p1a: Gengar|229\/261|[from] Stealth Rock
|move|p2a: easy game|U-turn|p1a: Gengar
|-resisted|p1a: Gengar
|-damage|p1a: Gengar|194\/261
|
|switch|p2a: Weavile|Weavile, M|281\/281
|-ability|p2a: Weavile|Pressure
|
|turn|11
|
|move|p2a: Weavile|Knock Off|p1a: Gengar
|-supereffective|p1a: Gengar
|-damage|p1a: Gengar|0 fnt
|-enditem|p1a: Gengar|Life Orb|[from] move: Knock Off|[of] p2a: Weavile
|-damage|p2a: Weavile|253\/281|[from] item: Life Orb
|faint|p1a: Gengar
|
|
|switch|p1a: Keldeo-Resolute|Keldeo-Resolute|263\/323
|-damage|p1a: Keldeo-Resolute|223\/323|[from] Spikes
|-damage|p1a: Keldeo-Resolute|203\/323|[from] Stealth Rock
|turn|12
|
|switch|p2a: Thundurus|Thundurus, M|299\/299
|move|p1a: Keldeo-Resolute|Scald|p2a: Thundurus
|-damage|p2a: Thundurus|37\/299
|-status|p2a: Thundurus|brn
|
|-damage|p2a: Thundurus|0 fnt|[from] brn
|faint|p2a: Thundurus
|
|switch|p2a: easy game|Talonflame, M|297\/297
|turn|13
|
|switch|p1a: Landorus-Therian|Landorus-Therian, M|287\/327
|-damage|p1a: Landorus-Therian|247\/327|[from] Stealth Rock
|-ability|p1a: Landorus-Therian|Intimidate|[of] p2a: easy game
|-unboost|p2a: easy game|atk|1
|move|p2a: easy game|Brave Bird|p1a: Landorus-Therian
|-damage|p1a: Landorus-Therian|67\/327
|-damage|p2a: easy game|238\/297|[from] recoil|[of] p1a: Landorus-Therian
|
|turn|14
|join|Dell
|
|switch|p1a: Metagross|Metagross|283\/301
|-damage|p1a: Metagross|246\/301|[from] Spikes
|-damage|p1a: Metagross|228\/301|[from] Stealth Rock
|move|p2a: easy game|Brave Bird|p1a: Metagross
|-resisted|p1a: Metagross
|-damage|p1a: Metagross|165\/301
|-damage|p2a: easy game|217\/297|[from] recoil|[of] p1a: Metagross
|
|turn|15
|
|detailschange|p1a: Metagross|Metagross-Mega
|-mega|p1a: Metagross|Metagross|Metagrossite
|move|p2a: easy game|Brave Bird|p1a: Metagross
|-resisted|p1a: Metagross
|-damage|p1a: Metagross|104\/301
|-damage|p2a: easy game|197\/297|[from] recoil|[of] p1a: Metagross
|move|p1a: Metagross|Meteor Mash|p2a: easy game
|-resisted|p2a: easy game
|-damage|p2a: easy game|37\/297
|-boost|p1a: Metagross|atk|1
|
|turn|16
|
|move|p2a: easy game|Brave Bird|p1a: Metagross
|-resisted|p1a: Metagross
|-damage|p1a: Metagross|42\/301
|-damage|p2a: easy game|17\/297|[from] recoil|[of] p1a: Metagross
|move|p1a: Metagross|Meteor Mash|p2a: easy game
|-resisted|p2a: easy game
|-damage|p2a: easy game|0 fnt
|-boost|p1a: Metagross|atk|1
|faint|p2a: easy game
|
|
|switch|p2a: Weavile|Weavile, M|253\/281
|-ability|p2a: Weavile|Pressure
|turn|17
|
|move|p2a: Weavile|Knock Off|p1a: Metagross
|-supereffective|p1a: Metagross
|-damage|p1a: Metagross|0 fnt
|-damage|p2a: Weavile|225\/281|[from] item: Life Orb
|faint|p1a: Metagross
|
|
|switch|p1a: Landorus-Therian|Landorus-Therian, M|67\/327
|-damage|p1a: Landorus-Therian|27\/327|[from] Stealth Rock
|-ability|p1a: Landorus-Therian|Intimidate|[of] p2a: Weavile
|-unboost|p2a: Weavile|atk|1
|turn|18
|
|move|p2a: Weavile|Ice Shard|p1a: Landorus-Therian
|-supereffective|p1a: Landorus-Therian
|-damage|p1a: Landorus-Therian|0 fnt
|-damage|p2a: Weavile|197\/281|[from] item: Life Orb
|faint|p1a: Landorus-Therian
|
|join|Reverend
|
|switch|p1a: Keldeo-Resolute|Keldeo-Resolute|203\/323
|-damage|p1a: Keldeo-Resolute|163\/323|[from] Spikes
|-damage|p1a: Keldeo-Resolute|143\/323|[from] Stealth Rock
|turn|19
|
|move|p2a: Weavile|Knock Off|p1a: Keldeo-Resolute
|-resisted|p1a: Keldeo-Resolute
|-damage|p1a: Keldeo-Resolute|66\/323
|-boost|p1a: Keldeo-Resolute|atk|1|[from] ability: Justified
|-enditem|p1a: Keldeo-Resolute|Choice Specs|[from] move: Knock Off|[of] p2a: Weavile
|-damage|p2a: Weavile|169\/281|[from] item: Life Orb
|move|p1a: Keldeo-Resolute|Secret Sword|p2a: Weavile
|-supereffective|p2a: Weavile
|-damage|p2a: Weavile|0 fnt
|faint|p2a: Weavile
|
|win|Reverb
|raw|Ladder updating...
|leave|ninimia
|raw|Reverb's rating: 1675 &rarr; <strong>1694<\/strong><br \/>(+19 for winning)
|raw|ninimia's rating: 1647 &rarr; <strong>1629<\/strong><br \/>(-18 for losing)
|player|p2
|c|âReverb|gg