|join|trythroughwalls
|join|ninimia
|player|p1|trythroughwalls|102
|player|p2|ninimia|169
|gametype|singles
|gen|6
|tier|OU
|rated
|clearpoke
|poke|p1|Starmie
|poke|p1|Skarmory, M
|poke|p1|Quagsire, M
|poke|p1|Amoonguss, M
|poke|p1|Sableye, M
|poke|p1|Chansey, F
|poke|p2|Froslass, F
|poke|p2|Talonflame, F
|poke|p2|Bisharp, F
|poke|p2|Weavile, F
|poke|p2|Thundurus, M
|poke|p2|Diancie
|rule|Swagger Clause: Swagger is banned
|rule|Baton Pass Clause: Limit one PokÃ©mon knowing Baton Pass
|rule|Sleep Clause Mod: Limit one foe put to sleep
|rule|Species Clause: Limit one of each PokÃ©mon
|rule|OHKO Clause: OHKO moves are banned
|rule|Moody Clause: Moody is banned
|rule|Evasion Moves Clause: Evasion moves are banned
|rule|Endless Battle Clause: Forcing endless battles is banned
|rule|HP Percentage Mod: HP is shown in percentages
|teampreview
|
|start
|switch|p1a: Amoonguss|Amoonguss, M|432\/432
|switch|p2a: Diancie|Diancie|241\/241
|turn|1
|
|move|p2a: Diancie|Stealth Rock|p1a: Amoonguss
|-sidestart|p1: trythroughwalls|move: Stealth Rock
|move|p1a: Amoonguss|Sludge Bomb|p2a: Diancie
|-damage|p2a: Diancie|169\/241
|
|turn|2
|
|switch|p1a: Starmie|Starmie|324\/324
|-damage|p1a: Starmie|284\/324|[from] Stealth Rock
|detailschange|p2a: Diancie|Diancie-Mega
|-mega|p2a: Diancie|Diancie|Diancite
|move|p2a: Diancie|Protect|p2a: Diancie
|-fail|p2a: Diancie
|
|-heal|p1a: Starmie|304\/324|[from] item: Leftovers
|turn|3
|
|switch|p2a: Froslass|Froslass, F|281\/281
|move|p1a: Starmie|Scald|p2a: Froslass
|-damage|p2a: Froslass|152\/281
|-start|p1a: Starmie|Disable|Scald
|
|-heal|p1a: Starmie|324\/324|[from] item: Leftovers
|turn|4
|
|switch|p1a: Amoonguss|Amoonguss, M|432\/432
|-damage|p1a: Amoonguss|378\/432|[from] Stealth Rock
|move|p2a: Froslass|Spikes|p1a: Amoonguss
|-sidestart|p1: trythroughwalls|Spikes
|
|turn|5
|
|move|p2a: Froslass|Taunt|p1a: Amoonguss
|-start|p1a: Amoonguss|move: Taunt
|move|p1a: Amoonguss|Payback|p2a: Froslass
|-supereffective|p2a: Froslass
|-damage|p2a: Froslass|0 fnt
|faint|p2a: Froslass
|
|
|switch|p2a: easy game|Talonflame, F|297\/297
|turn|6
|
|switch|p1a: Quagsire|Quagsire, M|394\/394
|-damage|p1a: Quagsire|345\/394|[from] Spikes
|-damage|p1a: Quagsire|321\/394|[from] Stealth Rock
|move|p2a: easy game|U-turn|p1a: Quagsire
|-damage|p1a: Quagsire|248\/394
|
|switch|p2a: Diancie|Diancie-Mega|169\/241
|
|-heal|p1a: Quagsire|272\/394|[from] item: Leftovers
|turn|7
|
|switch|p2a: easy game|Talonflame, F|297\/297
|switch|p1a: Skarmory|Skarmory, M|334\/334
|-damage|p1a: Skarmory|293\/334|[from] Stealth Rock
|
|turn|8
|
|move|p2a: easy game|Flare Blitz|p1a: Skarmory
|-supereffective|p1a: Skarmory
|-damage|p1a: Skarmory|0 fnt
|-damage|p2a: easy game|200\/297|[from] recoil|[of] p1a: Skarmory
|faint|p1a: Skarmory
|
|
|switch|p1a: Starmie|Starmie|324\/324
|-damage|p1a: Starmie|284\/324|[from] Stealth Rock
|-damage|p1a: Starmie|244\/324|[from] Spikes
|turn|9
|
|switch|p2a: Weavile|Weavile, F|279\/279
|-ability|p2a: Weavile|Pressure
|move|p1a: Starmie|Rapid Spin|p2a: Weavile
|-damage|p2a: Weavile|263\/279
|-sideend|p1: trythroughwalls|Spikes|[from] move: Rapid Spin|[of] p1a: Starmie
|-sideend|p1: trythroughwalls|Stealth Rock|[from] move: Rapid Spin|[of] p1a: Starmie
|
|-heal|p1a: Starmie|264\/324|[from] item: Leftovers
|turn|10
|
|switch|p2a: Diancie|Diancie-Mega|169\/241
|move|p1a: Starmie|Reflect Type|p2a: Diancie
|-start|p1a: Starmie|typechange|[from] move: Reflect Type|[of] p2a: Diancie
|
|-heal|p1a: Starmie|284\/324|[from] item: Leftovers
|turn|11
|
|switch|p1a: Amoonguss|Amoonguss, M|432\/432
|move|p2a: Diancie|Stealth Rock|p1a: Amoonguss
|-sidestart|p1: trythroughwalls|move: Stealth Rock
|
|turn|12
|
|switch|p2a: easy game|Talonflame, F|200\/297
|move|p1a: Amoonguss|Sludge Bomb|p2a: easy game
|-damage|p2a: easy game|83\/297
|
|turn|13
|
|switch|p1a: Chansey|Chansey, F|703\/703
|-damage|p1a: Chansey|616\/703|[from] Stealth Rock
|move|p2a: easy game|U-turn|p1a: Chansey
|-damage|p1a: Chansey|478\/703
|
|switch|p2a: Thundurus|Thundurus, M|299\/299
|
|turn|14
|
|move|p2a: Thundurus|Taunt|p1a: Chansey
|-start|p1a: Chansey|move: Taunt
|move|p1a: Chansey|Seismic Toss|p2a: Thundurus
|-damage|p2a: Thundurus|199\/299
|
|turn|15
|
|switch|p1a: Amoonguss|Amoonguss, M|432\/432
|-damage|p1a: Amoonguss|378\/432|[from] Stealth Rock
|move|p2a: Thundurus|Volt Switch|p1a: Amoonguss
|-resisted|p1a: Amoonguss
|-damage|p1a: Amoonguss|313\/432
|-damage|p2a: Thundurus|170\/299|[from] item: Life Orb
|
|switch|p2a: easy game|Talonflame, F|83\/297
|
|turn|16
|
|switch|p1a: Chansey|Chansey, F|478\/703
|-damage|p1a: Chansey|391\/703|[from] Stealth Rock
|move|p2a: easy game|Brave Bird|p1a: Chansey
|-damage|p1a: Chansey|28\/703
|-damage|p2a: easy game|0 fnt|[from] recoil|[of] p1a: Chansey
|faint|p2a: easy game
|
|
|switch|p2a: Diancie|Diancie-Mega|169\/241
|turn|17
|
|move|p2a: Diancie|Moonblast|p1a: Chansey
|-damage|p1a: Chansey|0 fnt
|faint|p1a: Chansey
|
|
|switch|p1a: Starmie|Starmie|284\/324
|-damage|p1a: Starmie|244\/324|[from] Stealth Rock
|turn|18
|
|switch|p2a: Weavile|Weavile, F|263\/279
|-ability|p2a: Weavile|Pressure
|move|p1a: Starmie|Scald|p2a: Weavile
|-damage|p2a: Weavile|151\/279
|
|-heal|p1a: Starmie|264\/324|[from] item: Leftovers
|turn|19
|
|move|p2a: Weavile|Knock Off|p1a: Starmie
|-supereffective|p1a: Starmie
|-damage|p1a: Starmie|0 fnt
|-enditem|p1a: Starmie|Leftovers|[from] move: Knock Off|[of] p2a: Weavile
|-damage|p2a: Weavile|124\/279|[from] item: Life Orb
|faint|p1a: Starmie
|
|
|switch|p1a: Sableye|Sableye, M|304\/304
|-damage|p1a: Sableye|266\/304|[from] Stealth Rock
|turn|20
|
|switch|p2a: Diancie|Diancie-Mega|169\/241
|move|p1a: Sableye|Snarl|p2a: Diancie
|-resisted|p2a: Diancie
|-damage|p2a: Diancie|148\/241
|-unboost|p2a: Diancie|spa|1
|
|turn|21
|
|switch|p1a: Amoonguss|Amoonguss, M|432\/432
|-damage|p1a: Amoonguss|378\/432|[from] Stealth Rock
|move|p2a: Diancie|Moonblast|p1a: Amoonguss
|-resisted|p1a: Amoonguss
|-damage|p1a: Amoonguss|325\/432
|-unboost|p1a: Amoonguss|spa|1
|
|turn|22
|
|switch|p2a: Thundurus|Thundurus, M|170\/299
|switch|p1a: Sableye|Sableye, M|266\/304
|-damage|p1a: Sableye|228\/304|[from] Stealth Rock
|
|turn|23
|
|detailschange|p1a: Sableye|Sableye-Mega, M
|-mega|p1a: Sableye|Sableye|Sablenite
|move|p1a: Sableye|Recover|p1a: Sableye
|-heal|p1a: Sableye|304\/304
|move|p2a: Thundurus|Volt Switch|p1a: Sableye
|-damage|p1a: Sableye|187\/304
|-damage|p2a: Thundurus|141\/299|[from] item: Life Orb
|
|switch|p2a: Diancie|Diancie-Mega|148\/241
|
|turn|24
|
|switch|p2a: Weavile|Weavile, F|124\/279
|-ability|p2a: Weavile|Pressure
|switch|p1a: Amoonguss|Amoonguss, M|432\/432
|-damage|p1a: Amoonguss|378\/432|[from] Stealth Rock
|
|turn|25
|
|move|p2a: Weavile|Icicle Crash|p1a: Amoonguss
|-supereffective|p1a: Amoonguss
|-damage|p1a: Amoonguss|32\/432
|-damage|p2a: Weavile|97\/279|[from] item: Life Orb
|move|p1a: Amoonguss|Sludge Bomb|p2a: Weavile
|-damage|p2a: Weavile|0 fnt
|faint|p2a: Weavile
|
|
|switch|p2a: Diancie|Diancie-Mega|148\/241
|turn|26
|
|switch|p1a: Sableye|Sableye-Mega, M|187\/304
|-damage|p1a: Sableye|149\/304|[from] Stealth Rock
|move|p2a: Diancie|Moonblast|p1a: Sableye
|-supereffective|p1a: Sableye
|-damage|p1a: Sableye|0 fnt
|faint|p1a: Sableye
|
|
|switch|p1a: Amoonguss|Amoonguss, M|176\/432
|-damage|p1a: Amoonguss|122\/432|[from] Stealth Rock
|turn|27
|
|move|p2a: Diancie|Earth Power|p1a: Amoonguss
|-damage|p1a: Amoonguss|27\/432
|move|p1a: Amoonguss|Giga Drain|p2a: Diancie
|-supereffective|p2a: Diancie
|-damage|p2a: Diancie|2\/241
|-heal|p1a: Amoonguss|100\/432|[from] drain|[of] p2a: Diancie
|
|turn|28
|
|switch|p2a: Thundurus|Thundurus, M|141\/299
|move|p1a: Amoonguss|Giga Drain|p2a: Thundurus
|-resisted|p2a: Thundurus
|-damage|p2a: Thundurus|95\/299
|-heal|p1a: Amoonguss|123\/432|[from] drain|[of] p2a: Thundurus
|
|turn|29
|
|move|p2a: Thundurus|Hidden Power|p1a: Amoonguss
|-supereffective|p1a: Amoonguss
|-damage|p1a: Amoonguss|0 fnt
|-damage|p2a: Thundurus|66\/299|[from] item: Life Orb
|faint|p1a: Amoonguss
|
|
|switch|p1a: Quagsire|Quagsire, M|272\/394
|-damage|p1a: Quagsire|248\/394|[from] Stealth Rock
|turn|30
|-message|trythroughwalls forfeited.
|leave|trythroughwalls
|
|win|ninimia
|raw|Ladder updating...
|player|p1
|raw|trythroughwalls's rating: 1582 &rarr; <strong>1564<\/strong><br \/>(-18 for losing)
|raw|ninimia's rating: 1620 &rarr; <strong>1638<\/strong><br \/>(+18 for winning)