|join|Hades974
|join|ninimia
|player|p1|Hades974|49
|player|p2|ninimia|2
|gametype|singles
|tier|OU
|rated
|rule|Evasion Abilities Clause: Evasion abilities are banned
|clearpoke
|poke|p1|Azelf
|poke|p1|Scizor, F
|poke|p1|Breloom, M
|poke|p1|Lucario, M
|poke|p1|Reuniclus, F
|poke|p1|Dragonite, M
|poke|p2|Thundurus-Therian, M
|poke|p2|Azelf
|poke|p2|Volbeat, M
|poke|p2|Keldeo-Resolute
|poke|p2|Kingdra, M
|poke|p2|Gorebyss, M
|rule|Sleep Clause Mod: Limit one foe put to sleep
|rule|Species Clause: Limit one of each Pokemon
|rule|OHKO Clause: OHKO moves are banned
|rule|Moody Clause: Moody is banned
|rule|Evasion Moves Clause: Evasion moves are banned
|rule|HP Percentage Mod: HP is reported as percentages
|teampreview
|callback|decision
|
|start
|switch|p1a: Azelf|Azelf|291\/291
|switch|p2a: Azelf|Azelf|292\/292
|turn|1
|callback|decision
|
|move|p1a: Azelf|Fire Blast|p2a: Azelf
|-damage|p2a: Azelf|118\/292
|move|p2a: Azelf|Taunt|p1a: Azelf
|-start|p1a: Azelf|move: Taunt
|
|turn|2
|callback|decision
|
|move|p2a: Azelf|Stealth Rock|p1a: Azelf
|-sidestart|p1: Hades974|move: Stealth Rock
|move|p1a: Azelf|Fire Blast|p2a: Azelf
|-damage|p2a: Azelf|0 fnt
|faint|p2a: Azelf
|
|callback|decision
|
|switch|p2a: Gorebyss|Gorebyss, M|314\/314
|turn|3
|callback|decision
|
|move|p1a: Azelf|Thunderbolt|p2a: Gorebyss
|-supereffective|p2a: Gorebyss
|-damage|p2a: Gorebyss|46\/314
|-status|p2a: Gorebyss|par
|move|p2a: Gorebyss|Shell Smash|p2a: Gorebyss
|-boost|p2a: Gorebyss|atk|2
|-boost|p2a: Gorebyss|spa|2
|-boost|p2a: Gorebyss|spe|2
|-unboost|p2a: Gorebyss|def|1
|-unboost|p2a: Gorebyss|spd|1
|-enditem|p2a: Gorebyss|White Herb
|-restoreboost|p2a: Gorebyss|[silent]
|
|turn|4
|callback|decision
|
|move|p1a: Azelf|Thunderbolt|p2a: Gorebyss
|-supereffective|p2a: Gorebyss
|-damage|p2a: Gorebyss|0 fnt
|faint|p2a: Gorebyss
|
|-end|p1a: Azelf|move: Taunt
|callback|decision
|
|switch|p2a: Volbeat|Volbeat, M|333\/333
|turn|5
|callback|decision
|
|move|p2a: Volbeat|Encore|p1a: Azelf
|-start|p1a: Azelf|Encore
|move|p1a: Azelf|Thunderbolt|p2a: Volbeat
|-damage|p2a: Volbeat|211\/333
|
|turn|6
|callback|decision
|
|move|p2a: Volbeat|Baton Pass|p2a: Volbeat
|callback|decision
|
|switch|p2a: Thundurus-Therian|Thundurus-Therian, M|329\/329
|move|p1a: Azelf|Thunderbolt|p2a: Thundurus-Therian
|-immune|p2a: Thundurus-Therian|[msg]
|
|turn|7
|callback|decision
|
|switch|p1a: Breloom|Breloom, M|262\/262
|-damage|p1a: Breloom|246\/262|[from] Stealth Rock
|move|p2a: Thundurus-Therian|Agility|p2a: Thundurus-Therian
|-boost|p2a: Thundurus-Therian|spe|2
|
|turn|8
|callback|decision
|
|move|p2a: Thundurus-Therian|Hidden Power|p1a: Breloom
|-supereffective|p1a: Breloom
|-damage|p1a: Breloom|0 fnt
|-damage|p2a: Thundurus-Therian|297\/329|[from] item: Life Orb
|faint|p1a: Breloom
|
|callback|decision
|
|switch|p1a: Reuniclus|Reuniclus, F|409\/409
|turn|9
|callback|decision
|
|move|p2a: Thundurus-Therian|Thunderbolt|p1a: Reuniclus
|-damage|p1a: Reuniclus|105\/409
|-damage|p2a: Thundurus-Therian|265\/329|[from] item: Life Orb
|move|p1a: Reuniclus|Trick Room|p1a: Reuniclus
|-fieldstart|move: Trick Room|[of] p1a: Reuniclus
|
|turn|10
|callback|decision
|
|move|p1a: Reuniclus|Psychic|p2a: Thundurus-Therian
|-damage|p2a: Thundurus-Therian|14\/329
|move|p2a: Thundurus-Therian|Thunderbolt|p1a: Reuniclus
|-damage|p1a: Reuniclus|0 fnt
|-damage|p2a: Thundurus-Therian|0 fnt|[from] item: Life Orb
|faint|p1a: Reuniclus
|faint|p2a: Thundurus-Therian
|
|callback|decision
|
|switch|p2a: Keldeo-Resolute|Keldeo-Resolute|323\/323
|switch|p1a: Dragonite|Dragonite, M|324\/324
|-damage|p1a: Dragonite|243\/324|[from] Stealth Rock
|turn|11
|callback|decision
|
|move|p1a: Dragonite|Outrage|p2a: Keldeo-Resolute
|-damage|p2a: Keldeo-Resolute|53\/323
|move|p2a: Keldeo-Resolute|Surf|p1a: Dragonite
|-resisted|p1a: Dragonite
|-damage|p1a: Dragonite|165\/324
|
|turn|12
|callback|decision
|
|move|p1a: Dragonite|Outrage|p2a: Keldeo-Resolute
|-damage|p2a: Keldeo-Resolute|0 fnt
|faint|p2a: Keldeo-Resolute
|
|callback|decision
|
|switch|p2a: Volbeat|Volbeat, M|211\/333
|turn|13
|callback|decision
|
|move|p2a: Volbeat|Rain Dance|p2a: Volbeat
|-weather|RainDance
|move|p1a: Dragonite|Outrage|p2a: Volbeat
|-damage|p2a: Volbeat|0 fnt
|faint|p2a: Volbeat
|
|-end|p1a: Dragonite|rampage
|-start|p1a: Dragonite|confusion
|-weather|RainDance|[upkeep]
|-fieldend|move: Trick Room
|callback|decision
|
|switch|p2a: Kingdra|Kingdra, M|298\/298
|-enditem|p1a: Dragonite|Lum Berry|[eat]
|-end|p1a: Dragonite|confusion
|turn|14
|callback|decision
|
|move|p1a: Dragonite|ExtremeSpeed|p2a: Kingdra
|-damage|p2a: Kingdra|190\/298
|move|p2a: Kingdra|Dragon Pulse|p1a: Dragonite
|-supereffective|p1a: Dragonite
|-damage|p1a: Dragonite|0 fnt
|-damage|p2a: Kingdra|161\/298|[from] item: Life Orb
|faint|p1a: Dragonite
|
|-weather|RainDance|[upkeep]
|callback|decision
|
|switch|p1a: Grinpatch|Scizor, F|344\/344
|-damage|p1a: Grinpatch|301\/344|[from] Stealth Rock
|turn|15
|callback|decision
|
|move|p2a: Kingdra|Surf|p1a: Grinpatch
|-damage|p1a: Grinpatch|36\/344
|-damage|p2a: Kingdra|132\/298|[from] item: Life Orb
|move|p1a: Grinpatch|Bug Bite|p2a: Kingdra
|-damage|p2a: Kingdra|0 fnt
|faint|p2a: Kingdra
|
|win|Hades974
|raw|Ladder updating...
|raw|Hades974's rating: 1957 &rarr; <strong>1962<\/strong><br \/>(+5 for winning)
|raw|ninimia's rating: 1939 &rarr; <strong>1936<\/strong><br \/>(-3 for losing)
|chat|Hades974|gg
|leave|ninimia
|player|p2
|chat|Hades974|!