|join|ninimia
|join|Vieira
|player|p1|ninimia|170
|player|p2|Vieira|285
|gametype|singles
|tier|OU
|rated
|rule|Evasion Abilities Clause: Evasion abilities are banned
|clearpoke
|poke|p1|Keldeo-Resolute
|poke|p1|Thundurus-Therian, M
|poke|p1|Azelf
|poke|p1|Espeon, F
|poke|p1|Kingdra, M
|poke|p1|Volbeat, M
|poke|p2|Forretress, M
|poke|p2|Jirachi
|poke|p2|Heatran, F
|poke|p2|Jellicent, F
|poke|p2|Landorus-Therian, M
|poke|p2|Amoonguss, M
|rule|Sleep Clause Mod: Limit one foe put to sleep
|rule|Species Clause: Limit one of each Pokemon
|rule|OHKO Clause: OHKO moves are banned
|rule|Moody Clause: Moody is banned
|rule|Evasion Moves Clause: Evasion moves are banned
|rule|HP Percentage Mod: HP is reported as percentages
|teampreview
|callback|decision
|
|start
|switch|p1a: Azelf|Azelf|292\/292
|switch|p2a: Muffirachi|Jirachi|341\/341
|turn|1
|callback|decision
|
|move|p2a: Muffirachi|U-turn|p1a: Azelf
|-supereffective|p1a: Azelf
|-damage|p1a: Azelf|118\/292
|callback|decision
|
|switch|p2a: Bane|Heatran, F|385\/385
|move|p1a: Azelf|Stealth Rock|p2a: Bane
|-sidestart|p2: Vieira|move: Stealth Rock
|
|turn|2
|callback|decision
|
|move|p1a: Azelf|Taunt|p2a: Bane
|-start|p2a: Bane|move: Taunt
|cant|p2a: Bane|move: Taunt|Toxic
|
|turn|3
|callback|decision
|
|move|p1a: Azelf|U-turn|p2a: Bane
|-resisted|p2a: Bane
|-damage|p2a: Bane|367\/385
|callback|decision
|
|switch|p1a: Keldeo-Resolute|Keldeo-Resolute|323\/323
|move|p2a: Bane|Lava Plume|p1a: Keldeo-Resolute
|-resisted|p1a: Keldeo-Resolute
|-damage|p1a: Keldeo-Resolute|260\/323
|
|-heal|p1a: Keldeo-Resolute|280\/323|[from] item: Leftovers
|-heal|p2a: Bane|385\/385|[from] item: Leftovers
|turn|4
|callback|decision
|
|switch|p1a: Espeon|Espeon, F|334\/334
|switch|p2a: Yoghourt|Amoonguss, M|432\/432
|-damage|p2a: Yoghourt|378\/432|[from] Stealth Rock
|
|-heal|p2a: Yoghourt|405\/432|[from] item: Black Sludge
|turn|5
|callback|decision
|
|switch|p2a: Muffirachi|Jirachi|341\/341
|-damage|p2a: Muffirachi|320\/341|[from] Stealth Rock
|move|p1a: Espeon|Light Screen|p1a: Espeon
|-sidestart|p1: ninimia|move: Light Screen
|
|turn|6
|callback|decision
|
|move|p2a: Muffirachi|U-turn|p1a: Espeon
|-supereffective|p1a: Espeon
|-damage|p1a: Espeon|142\/334
|callback|decision
|
|switch|p2a: Steel Testicle|Forretress, M|354\/354
|-damage|p2a: Steel Testicle|310\/354|[from] Stealth Rock
|move|p1a: Espeon|Reflect|p1a: Espeon
|-sidestart|p1: ninimia|Reflect
|
|-heal|p2a: Steel Testicle|332\/354|[from] item: Leftovers
|turn|7
|callback|decision
|
|move|p1a: Espeon|Psychic|p2a: Steel Testicle
|-resisted|p2a: Steel Testicle
|-damage|p2a: Steel Testicle|234\/354
|move|p2a: Steel Testicle|Volt Switch|p1a: Espeon
|-damage|p1a: Espeon|124\/334
|callback|decision
|
|switch|p2a: Muffirachi|Jirachi|320\/341
|-damage|p2a: Muffirachi|299\/341|[from] Stealth Rock
|
|turn|8
|callback|decision
|
|switch|p1a: Volbeat|Volbeat, M|333\/333
|move|p2a: Muffirachi|Iron Head|p1a: Volbeat
|-damage|p1a: Volbeat|268\/333
|
|turn|9
|callback|decision
|
|switch|p2a: Yoghourt|Amoonguss, M|432\/432
|-damage|p2a: Yoghourt|378\/432|[from] Stealth Rock
|move|p1a: Volbeat|Tail Glow|p1a: Volbeat
|-boost|p1a: Volbeat|spa|3
|
|-heal|p2a: Yoghourt|405\/432|[from] item: Black Sludge
|turn|10
|callback|decision
|
|move|p1a: Volbeat|Baton Pass|p1a: Volbeat
|callback|decision
|
|switch|p1a: Espeon|Espeon, F|124\/334
|move|p2a: Yoghourt|Clear Smog|p1a: Espeon
|-damage|p1a: Espeon|97\/334
|-clearboost|p1a: Espeon
|
|-heal|p2a: Yoghourt|432\/432|[from] item: Black Sludge
|turn|11
|callback|decision
|
|switch|p2a: Muffirachi|Jirachi|299\/341
|-damage|p2a: Muffirachi|278\/341|[from] Stealth Rock
|move|p1a: Espeon|Psychic|p2a: Muffirachi
|-resisted|p2a: Muffirachi
|-damage|p2a: Muffirachi|245\/341
|
|turn|12
|callback|decision
|
|switch|p1a: Thundurus-Therian|Thundurus-Therian, M|329\/329
|move|p2a: Muffirachi|U-turn|p1a: Thundurus-Therian
|-resisted|p1a: Thundurus-Therian
|-damage|p1a: Thundurus-Therian|307\/329
|callback|decision
|
|switch|p2a: Bane|Heatran, F|385\/385
|-damage|p2a: Bane|337\/385|[from] Stealth Rock
|
|-heal|p1a: Thundurus-Therian|327\/329|[from] item: Leftovers
|-heal|p2a: Bane|361\/385|[from] item: Leftovers
|-sideend|p1: ninimia|move: Light Screen
|turn|13
|callback|decision
|
|move|p1a: Thundurus-Therian|Focus Blast|p2a: Bane
|-supereffective|p2a: Bane
|-damage|p2a: Bane|103\/385
|move|p2a: Bane|Toxic|p1a: Thundurus-Therian
|-status|p1a: Thundurus-Therian|tox
|
|-heal|p1a: Thundurus-Therian|329\/329 tox|[from] item: Leftovers
|-heal|p2a: Bane|127\/385|[from] item: Leftovers
|-damage|p1a: Thundurus-Therian|309\/329 tox|[from] psn
|-sideend|p1: ninimia|Reflect
|turn|14
|callback|decision
|
|move|p2a: Bane|Protect|p2a: Bane
|-singleturn|p2a: Bane|Protect
|move|p1a: Thundurus-Therian|Thunderbolt|p2a: Bane
|-activate|p2a: Bane|Protect
|
|-heal|p1a: Thundurus-Therian|329\/329 tox|[from] item: Leftovers
|-heal|p2a: Bane|151\/385|[from] item: Leftovers
|-damage|p1a: Thundurus-Therian|289\/329 tox|[from] psn
|turn|15
|callback|decision
|
|switch|p2a: Yoghourt|Amoonguss, M|432\/432
|-damage|p2a: Yoghourt|378\/432|[from] Stealth Rock
|move|p1a: Thundurus-Therian|Thunderbolt|p2a: Yoghourt
|-resisted|p2a: Yoghourt
|-damage|p2a: Yoghourt|288\/432
|-status|p2a: Yoghourt|par
|
|-heal|p1a: Thundurus-Therian|309\/329 tox|[from] item: Leftovers
|-heal|p2a: Yoghourt|315\/432 par|[from] item: Black Sludge
|-damage|p1a: Thundurus-Therian|249\/329 tox|[from] psn
|turn|16
|callback|decision
|
|switch|p1a: Volbeat|Volbeat, M|268\/333
|cant|p2a: Yoghourt|par
|
|-heal|p2a: Yoghourt|342\/432 par|[from] item: Black Sludge
|turn|17
|callback|decision
|
|move|p1a: Volbeat|Tail Glow|p1a: Volbeat
|-boost|p1a: Volbeat|spa|3
|move|p2a: Yoghourt|Spore|p1a: Volbeat
|-status|p1a: Volbeat|slp
|
|-heal|p2a: Yoghourt|369\/432 par|[from] item: Black Sludge
|turn|18
|callback|decision
|
|switch|p2a: Calrissian|Landorus-Therian, M|382\/382
|-damage|p2a: Calrissian|335\/382|[from] Stealth Rock
|-ability|p2a: Calrissian|Intimidate|[of] p1a: Volbeat
|-unboost|p1a: Volbeat|atk|1
|cant|p1a: Volbeat|slp
|
|-heal|p2a: Calrissian|358\/382|[from] item: Leftovers
|turn|19
|callback|decision
|
|-curestatus|p1a: Volbeat|slp
|move|p1a: Volbeat|Baton Pass|p1a: Volbeat
|callback|decision
|
|switch|p1a: Keldeo-Resolute|Keldeo-Resolute|280\/323
|move|p2a: Calrissian|Stealth Rock|p1a: Keldeo-Resolute
|-sidestart|p1: ninimia|move: Stealth Rock
|
|-heal|p1a: Keldeo-Resolute|300\/323|[from] item: Leftovers
|-heal|p2a: Calrissian|381\/382|[from] item: Leftovers
|turn|20
|callback|decision
|
|switch|p2a: Kurina|Jellicent, F|404\/404
|-damage|p2a: Kurina|354\/404|[from] Stealth Rock
|move|p1a: Keldeo-Resolute|Hidden Power|p2a: Kurina
|-resisted|p2a: Kurina
|-damage|p2a: Kurina|259\/404
|
|-heal|p1a: Keldeo-Resolute|320\/323|[from] item: Leftovers
|-heal|p2a: Kurina|284\/404|[from] item: Leftovers
|turn|21
|callback|decision
|
|move|p1a: Keldeo-Resolute|Surf|p2a: Kurina
|-heal|p2a: Kurina|385\/404|[from] ability: Water Absorb|[of] p1a: Keldeo-Resolute
|move|p2a: Kurina|Recover|p2a: Kurina
|-heal|p2a: Kurina|404\/404
|
|-heal|p1a: Keldeo-Resolute|323\/323|[from] item: Leftovers
|turn|22
|callback|decision
|
|switch|p1a: Volbeat|Volbeat, M|268\/333
|-damage|p1a: Volbeat|185\/333|[from] Stealth Rock
|move|p2a: Kurina|Will-O-Wisp|p1a: Volbeat
|-status|p1a: Volbeat|brn
|
|-damage|p1a: Volbeat|144\/333 brn|[from] brn
|turn|23
|callback|decision
|
|move|p1a: Volbeat|Encore|p2a: Kurina
|-start|p2a: Kurina|Encore
|move|p2a: Kurina|Will-O-Wisp|p1a: Volbeat
|-fail|p1a: Volbeat|brn
|
|-damage|p1a: Volbeat|103\/333 brn|[from] brn
|turn|24
|callback|decision
|
|switch|p2a: Bane|Heatran, F|151\/385
|-damage|p2a: Bane|103\/385|[from] Stealth Rock
|move|p1a: Volbeat|Tail Glow|p1a: Volbeat
|-boost|p1a: Volbeat|spa|3
|
|-heal|p2a: Bane|127\/385|[from] item: Leftovers
|-damage|p1a: Volbeat|62\/333 brn|[from] brn
|turn|25
|callback|decision
|
|move|p1a: Volbeat|Baton Pass|p1a: Volbeat
|callback|decision
|
|switch|p1a: Kingdra|Kingdra, M|298\/298
|-damage|p1a: Kingdra|261\/298|[from] Stealth Rock
|move|p2a: Bane|Roar|p1a: Kingdra
|drag|p1a: Azelf|Azelf|118\/292
|-damage|p1a: Azelf|82\/292|[from] Stealth Rock
|
|-heal|p2a: Bane|151\/385|[from] item: Leftovers
|turn|26
|callback|decision
|
|move|p2a: Bane|Protect|p2a: Bane
|-singleturn|p2a: Bane|Protect
|move|p1a: Azelf|Explosion|p2a: Bane
|-activate|p2a: Bane|Protect
|faint|p1a: Azelf
|
|-heal|p2a: Bane|175\/385|[from] item: Leftovers
|callback|decision
|
|switch|p1a: Volbeat|Volbeat, M|62\/333 brn
|-damage|p1a: Volbeat|0 fnt|[from] Stealth Rock
|faint|p1a: Volbeat
|callback|decision
|-message|ninimia forfeited.
|
|win|Vieira
|raw|Ladder updating...
|raw|ninimia's rating: 1994 &rarr; <strong>1990<\/strong><br \/>(-4 for losing)
|raw|Vieira's rating: 1969 &rarr; <strong>1997<\/strong><br \/>(+28 for winning)
|leave|ninimia
|player|p1