|join|ninimia
|join|jucaolivera
|player|p1|ninimia|170
|player|p2|jucaolivera|1
|gametype|singles
|tier|OU
|rated
|rule|Evasion Abilities Clause: Evasion abilities are banned
|clearpoke
|poke|p1|Keldeo-Resolute
|poke|p1|Thundurus-Therian, M
|poke|p1|Azelf
|poke|p1|Espeon, M
|poke|p1|Kingdra, M
|poke|p1|Volbeat, M
|poke|p2|Politoed, F
|poke|p2|Latias, F, shiny
|poke|p2|Magnezone
|poke|p2|Gyarados, F
|poke|p2|Ferrothorn, F
|poke|p2|Toxicroak, M
|rule|Sleep Clause Mod: Limit one foe put to sleep
|rule|Species Clause: Limit one of each Pokemon
|rule|OHKO Clause: OHKO moves are banned
|rule|Moody Clause: Moody is banned
|rule|Evasion Moves Clause: Evasion moves are banned
|rule|HP Percentage Mod: HP is reported as percentages
|teampreview
|callback|decision
|
|start
|switch|p1a: Azelf|Azelf|292\/292
|switch|p2a: Latias|Latias, F, shiny|364\/364
|turn|1
|callback|decision
|
|move|p1a: Azelf|Stealth Rock|p2a: Latias
|-sidestart|p2: jucaolivera|move: Stealth Rock
|move|p2a: Latias|Substitute|p2a: Latias
|-start|p2a: Latias|Substitute
|-damage|p2a: Latias|273\/364
|
|-heal|p2a: Latias|295\/364|[from] item: Leftovers
|turn|2
|callback|decision
|
|move|p1a: Azelf|U-turn|p2a: Latias
|-supereffective|p2a: Latias
|-end|p2a: Latias|Substitute
|callback|decision
|
|switch|p1a: Volbeat|Volbeat, M|333\/333
|move|p2a: Latias|Dragon Pulse|p1a: Volbeat
|-damage|p1a: Volbeat|200\/333
|
|-heal|p2a: Latias|317\/364|[from] item: Leftovers
|turn|3
|callback|decision
|
|switch|p2a: Ferrothorn|Ferrothorn, F|352\/352
|-damage|p2a: Ferrothorn|330\/352|[from] Stealth Rock
|move|p1a: Volbeat|Tail Glow|p1a: Volbeat
|-boost|p1a: Volbeat|spa|3
|
|-heal|p2a: Ferrothorn|352\/352|[from] item: Leftovers
|turn|4
|callback|decision
|
|move|p1a: Volbeat|Baton Pass|p1a: Volbeat
|callback|decision
|
|switch|p1a: Thundurus-Therian|Thundurus-Therian, M|329\/329
|move|p2a: Ferrothorn|Thunder Wave|p1a: Thundurus-Therian
|-immune|p1a: Thundurus-Therian|[msg]
|
|turn|5
|callback|decision
|
|move|p1a: Thundurus-Therian|Agility|p1a: Thundurus-Therian
|-boost|p1a: Thundurus-Therian|spe|2
|move|p2a: Ferrothorn|Leech Seed|p1a: Thundurus-Therian
|-start|p1a: Thundurus-Therian|move: Leech Seed
|
|-damage|p1a: Thundurus-Therian|288\/329|[from] Leech Seed|[of] p2a: Ferrothorn
|turn|6
|callback|decision
|
|move|p1a: Thundurus-Therian|Focus Blast|p2a: Ferrothorn
|-supereffective|p2a: Ferrothorn
|-damage|p2a: Ferrothorn|0 fnt
|faint|p2a: Ferrothorn
|
|-heal|p1a: Thundurus-Therian|308\/329|[from] item: Leftovers
|callback|decision
|
|switch|p2a: Politoed|Politoed, F|384\/384
|-damage|p2a: Politoed|336\/384|[from] Stealth Rock
|-weather|RainDance|[from] ability: Drizzle|[of] p2a: Politoed
|turn|7
|callback|decision
|
|move|p2a: Politoed|Protect|p2a: Politoed
|-singleturn|p2a: Politoed|Protect
|move|p1a: Thundurus-Therian|Thunderbolt|p2a: Politoed
|-activate|p2a: Politoed|Protect
|
|-weather|RainDance|[upkeep]
|-heal|p1a: Thundurus-Therian|328\/329|[from] item: Leftovers
|-heal|p2a: Politoed|360\/384|[from] item: Leftovers
|-damage|p1a: Thundurus-Therian|287\/329|[from] Leech Seed|[of] p2a: Politoed
|-heal|p2a: Politoed|384\/384|[silent]
|turn|8
|callback|decision
|
|move|p1a: Thundurus-Therian|Thunderbolt|p2a: Politoed
|-supereffective|p2a: Politoed
|-damage|p2a: Politoed|0 fnt
|faint|p2a: Politoed
|
|-weather|RainDance|[upkeep]
|-heal|p1a: Thundurus-Therian|307\/329|[from] item: Leftovers
|callback|decision
|chat|jucaolivera|never played against volbea before, loved what you did with it
|
|switch|p2a: Latias|Latias, F, shiny|317\/364
|-damage|p2a: Latias|272\/364|[from] Stealth Rock
|turn|9
|callback|decision
|
|move|p1a: Thundurus-Therian|Hidden Power|p2a: Latias
|-supereffective|p2a: Latias
|-damage|p2a: Latias|0 fnt
|faint|p2a: Latias
|
|-weather|RainDance|[upkeep]
|-heal|p1a: Thundurus-Therian|327\/329|[from] item: Leftovers
|callback|decision
|
|switch|p2a: Toxicroak|Toxicroak, M|368\/368
|-damage|p2a: Toxicroak|345\/368|[from] Stealth Rock
|turn|10
|callback|decision
|
|move|p1a: Thundurus-Therian|Thunderbolt|p2a: Toxicroak
|-damage|p2a: Toxicroak|0 fnt
|faint|p2a: Toxicroak
|
|-weather|RainDance|[upkeep]
|-heal|p1a: Thundurus-Therian|329\/329|[from] item: Leftovers
|callback|decision
|
|switch|p2a: Magnezone|Magnezone|281\/281
|-damage|p2a: Magnezone|264\/281|[from] Stealth Rock
|turn|11
|callback|decision
|
|move|p1a: Thundurus-Therian|Thunderbolt|p2a: Magnezone
|-resisted|p2a: Magnezone
|-damage|p2a: Magnezone|0 fnt
|faint|p2a: Magnezone
|
|-weather|RainDance|[upkeep]
|callback|decision
|
|switch|p2a: Gyarados|Gyarados, F|375\/375
|-damage|p2a: Gyarados|282\/375|[from] Stealth Rock
|turn|12
|callback|decision
|
|move|p1a: Thundurus-Therian|Thunderbolt|p2a: Gyarados
|-supereffective|p2a: Gyarados
|-damage|p2a: Gyarados|0 fnt
|faint|p2a: Gyarados
|
|win|ninimia
|raw|Ladder updating...
|raw|ninimia's rating: 1988 &rarr; <strong>1994<\/strong><br \/>(+6 for winning)
|raw|jucaolivera's rating: 1916 &rarr; <strong>1893<\/strong><br \/>(-23 for losing)
|chat|ninimia|gg
|leave|ninimia
|player|p1