|join|ninimia
|join|nan
|player|p1|ninimia|102
|player|p2|nan|266
|gametype|singles
|tier|OU
|rated
|rule|Evasion Abilities Clause: Evasion abilities are banned
|clearpoke
|poke|p1|Keldeo-Resolute
|poke|p1|Mew
|poke|p1|Forretress, F
|poke|p1|Espeon, M
|poke|p1|Kingdra, M
|poke|p1|Volbeat, M
|poke|p2|Garchomp, M
|poke|p2|Cloyster, M
|poke|p2|Gyarados, M
|poke|p2|Jirachi
|poke|p2|Latias, F
|poke|p2|Rotom-Wash
|rule|Sleep Clause Mod: Limit one foe put to sleep
|rule|Species Clause: Limit one of each Pokemon
|rule|OHKO Clause: OHKO moves are banned
|rule|Moody Clause: Moody is banned
|rule|Evasion Moves Clause: Evasion moves are banned
|rule|HP Percentage Mod: HP is reported as percentages
|teampreview
|callback|decision
|
|start
|switch|p1a: Forretress|Forretress, F|292\/292
|switch|p2a: Cloyster|Cloyster, M|242\/242
|turn|1
|callback|decision
|
|move|p2a: Cloyster|Shell Smash|p2a: Cloyster
|-boost|p2a: Cloyster|atk|2
|-boost|p2a: Cloyster|spa|2
|-boost|p2a: Cloyster|spe|2
|-unboost|p2a: Cloyster|def|1
|-unboost|p2a: Cloyster|spd|1
|move|p1a: Forretress|Rapid Spin|p2a: Cloyster
|-damage|p2a: Cloyster|226\/242
|
|turn|2
|callback|decision
|
|move|p2a: Cloyster|Rock Blast|p1a: Forretress
|-damage|p1a: Forretress|260\/292
|-damage|p1a: Forretress|228\/292
|-damage|p1a: Forretress|199\/292
|-damage|p1a: Forretress|169\/292
|-damage|p1a: Forretress|137\/292
|-hitcount|p1a: Forretress|5
|move|p1a: Forretress|Stealth Rock|p2a: Cloyster
|-sidestart|p2: nan|move: Stealth Rock
|
|turn|3
|callback|decision
|
|move|p2a: Cloyster|Rock Blast|p1a: Forretress
|-damage|p1a: Forretress|105\/292
|-damage|p1a: Forretress|72\/292
|-crit|p1a: Forretress
|-damage|p1a: Forretress|5\/292
|-damage|p1a: Forretress|0 fnt
|-hitcount|p1a: Forretress|4
|faint|p1a: Forretress
|
|callback|decision
|
|switch|p1a: Keldeo-Resolute|Keldeo-Resolute|323\/323
|turn|4
|callback|decision
|
|move|p2a: Cloyster|Rock Blast|p1a: Keldeo-Resolute
|-resisted|p1a: Keldeo-Resolute
|-damage|p1a: Keldeo-Resolute|295\/323
|-resisted|p1a: Keldeo-Resolute
|-damage|p1a: Keldeo-Resolute|264\/323
|-resisted|p1a: Keldeo-Resolute
|-damage|p1a: Keldeo-Resolute|237\/323
|-resisted|p1a: Keldeo-Resolute
|-damage|p1a: Keldeo-Resolute|209\/323
|-resisted|p1a: Keldeo-Resolute
|-damage|p1a: Keldeo-Resolute|180\/323
|-hitcount|p1a: Keldeo-Resolute|5
|move|p1a: Keldeo-Resolute|Secret Sword|p2a: Cloyster
|-supereffective|p2a: Cloyster
|-damage|p2a: Cloyster|0 fnt
|faint|p2a: Cloyster
|
|-heal|p1a: Keldeo-Resolute|200\/323|[from] item: Leftovers
|callback|decision
|
|switch|p2a: Gyarados|Gyarados, M|332\/332
|-damage|p2a: Gyarados|249\/332|[from] Stealth Rock
|turn|5
|callback|decision
|
|switch|p1a: Volbeat|Volbeat, M|333\/333
|move|p2a: Gyarados|Dragon Dance|p2a: Gyarados
|-boost|p2a: Gyarados|atk|1
|-boost|p2a: Gyarados|spe|1
|
|-heal|p2a: Gyarados|269\/332|[from] item: Leftovers
|turn|6
|callback|decision
|
|move|p1a: Volbeat|Encore|p2a: Gyarados
|-start|p2a: Gyarados|Encore
|move|p2a: Gyarados|Dragon Dance|p2a: Gyarados
|-boost|p2a: Gyarados|atk|1
|-boost|p2a: Gyarados|spe|1
|
|-heal|p2a: Gyarados|289\/332|[from] item: Leftovers
|turn|7
|callback|decision
|
|move|p1a: Volbeat|Tail Glow|p1a: Volbeat
|-boost|p1a: Volbeat|spa|3
|move|p2a: Gyarados|Dragon Dance|p2a: Gyarados
|-boost|p2a: Gyarados|atk|1
|-boost|p2a: Gyarados|spe|1
|
|-heal|p2a: Gyarados|309\/332|[from] item: Leftovers
|turn|8
|callback|decision
|
|move|p1a: Volbeat|Rain Dance|p1a: Volbeat
|-weather|RainDance
|move|p2a: Gyarados|Dragon Dance|p2a: Gyarados
|-boost|p2a: Gyarados|atk|1
|-boost|p2a: Gyarados|spe|1
|
|-weather|RainDance|[upkeep]
|-heal|p2a: Gyarados|329\/332|[from] item: Leftovers
|-end|p2a: Gyarados|Encore
|turn|9
|callback|decision
|
|move|p1a: Volbeat|Encore|p2a: Gyarados
|-start|p2a: Gyarados|Encore
|move|p2a: Gyarados|Dragon Dance|p2a: Gyarados
|-boost|p2a: Gyarados|atk|1
|-boost|p2a: Gyarados|spe|1
|
|-weather|RainDance|[upkeep]
|-heal|p2a: Gyarados|332\/332|[from] item: Leftovers
|turn|10
|callback|decision
|
|move|p1a: Volbeat|Baton Pass|p1a: Volbeat
|callback|decision
|
|switch|p1a: Mew|Mew|342\/342
|move|p2a: Gyarados|Dragon Dance|p2a: Gyarados
|-boost|p2a: Gyarados|atk|1
|-boost|p2a: Gyarados|spe|1
|
|-weather|RainDance|[upkeep]
|turn|11
|callback|decision
|
|move|p2a: Gyarados|Dragon Dance|p2a: Gyarados
|-fail|p2a: Gyarados
|move|p1a: Mew|Psyshock|p2a: Gyarados
|-damage|p2a: Gyarados|0 fnt
|-damage|p1a: Mew|308\/342|[from] item: Life Orb
|faint|p2a: Gyarados
|
|-weather|RainDance|[upkeep]
|callback|decision
|
|switch|p2a: Latias|Latias, F|364\/364
|-damage|p2a: Latias|319\/364|[from] Stealth Rock
|turn|12
|callback|decision
|
|move|p1a: Mew|Shadow Ball|p2a: Latias
|-supereffective|p2a: Latias
|-damage|p2a: Latias|0 fnt
|-damage|p1a: Mew|274\/342|[from] item: Life Orb
|faint|p2a: Latias
|
|-weather|RainDance|[upkeep]
|callback|decision
|
|switch|p2a: Garchomp|Garchomp, M|358\/358
|-damage|p2a: Garchomp|336\/358|[from] Stealth Rock
|turn|13
|callback|decision
|
|move|p2a: Garchomp|Outrage|p1a: Mew
|-damage|p1a: Mew|69\/342
|move|p1a: Mew|Psyshock|p2a: Garchomp
|-damage|p2a: Garchomp|0 fnt
|-damage|p1a: Mew|35\/342|[from] item: Life Orb
|faint|p2a: Garchomp
|
|-weather|RainDance|[upkeep]
|callback|decision
|
|switch|p2a: Jirachi|Jirachi|341\/341
|-damage|p2a: Jirachi|320\/341|[from] Stealth Rock
|turn|14
|callback|decision
|
|move|p1a: Mew|Aura Sphere|p2a: Jirachi
|-damage|p2a: Jirachi|126\/341
|-damage|p1a: Mew|1\/342|[from] item: Life Orb
|move|p2a: Jirachi|Thunderbolt|p1a: Mew
|-damage|p1a: Mew|0 fnt
|faint|p1a: Mew
|
|-weather|RainDance|[upkeep]
|-heal|p2a: Jirachi|147\/341|[from] item: Leftovers
|callback|decision
|
|switch|p1a: Kingdra|Kingdra, M|298\/298
|turn|15
|callback|decision
|
|move|p1a: Kingdra|Surf|p2a: Jirachi
|-damage|p2a: Jirachi|0 fnt
|-damage|p1a: Kingdra|269\/298|[from] item: Life Orb
|faint|p2a: Jirachi
|
|-weather|none
|callback|decision
|
|switch|p2a: Rotom-Wash|Rotom-Wash|241\/241
|-damage|p2a: Rotom-Wash|211\/241|[from] Stealth Rock
|turn|16
|callback|decision
|
|move|p2a: Rotom-Wash|Trick|p1a: Kingdra
|-activate|p2a: Rotom-Wash|move: Trick|[of] p1a: Kingdra
|-item|p1a: Kingdra|Choice Scarf|[from] move: Trick
|-item|p2a: Rotom-Wash|Life Orb|[from] move: Trick
|move|p1a: Kingdra|Draco Meteor|p2a: Rotom-Wash
|-damage|p2a: Rotom-Wash|21\/241
|-unboost|p1a: Kingdra|spa|2
|
|turn|17
|callback|decision
|-message|nan forfeited.
|
|win|ninimia
|raw|Ladder updating...
|raw|ninimia's rating: 1994 &rarr; <strong>2003<\/strong><br \/>(+9 for winning)
|raw|nan's rating: 1972 &rarr; <strong>1968<\/strong><br \/>(-4 for losing)
|leave|nan
|player|p2
|leave|ninimia
|player|p1
|join|nan