|join|RS Cocaine
|join|ninimia
|player|p1|RS Cocaine|29
|player|p2|ninimia|2
|gametype|singles
|gen|6
|tier|OU
|rated
|clearpoke
|poke|p1|Pinsir, F
|poke|p1|Talonflame, F
|poke|p1|Manaphy
|poke|p1|Genesect, shiny
|poke|p1|Excadrill, F
|poke|p1|Raikou
|poke|p2|Talonflame, F
|poke|p2|Bisharp, F
|poke|p2|Weavile, M
|poke|p2|Garchomp, F
|poke|p2|Aegislash, M
|poke|p2|Deoxys-Defense
|rule|Sleep Clause Mod: Limit one foe put to sleep
|rule|Species Clause: Limit one of each Pokemon
|rule|OHKO Clause: OHKO moves are banned
|rule|Moody Clause: Moody is banned
|rule|Evasion Moves Clause: Evasion moves are banned
|rule|Endless Battle Clause: Forcing endless battles is banned.
|rule|HP Percentage Mod: HP is reported as percentages
|teampreview
|callback|decision
|
|start
|switch|p1a: Excadrill|Excadrill, F|362\/362
|switch|p2a: Deoxys-Defense|Deoxys-Defense|303\/303
|-ability|p2a: Deoxys-Defense|Pressure
|-ability|p1a: Excadrill|Mold Breaker
|-item|p1a: Excadrill|Air Balloon
|turn|1
|callback|decision
|
|move|p2a: Deoxys-Defense|Taunt|p1a: Excadrill
|-start|p1a: Excadrill|move: Taunt
|move|p1a: Excadrill|Earthquake|p2a: Deoxys-Defense
|-damage|p2a: Deoxys-Defense|180\/303
|-enditem|p2a: Deoxys-Defense|Red Card|[of] p1a: Excadrill
|drag|p1a: Raikou|Raikou|321\/321
|-ability|p1a: Raikou|Pressure
|
|turn|2
|callback|decision
|
|switch|p1a: Excadrill|Excadrill, F|362\/362
|-ability|p1a: Excadrill|Mold Breaker
|-item|p1a: Excadrill|Air Balloon
|move|p2a: Deoxys-Defense|Taunt|p1a: Excadrill
|-start|p1a: Excadrill|move: Taunt
|
|turn|3
|callback|decision
|
|move|p2a: Deoxys-Defense|Stealth Rock|p1a: Excadrill
|-sidestart|p1: RS Cocaine|move: Stealth Rock
|move|p1a: Excadrill|Iron Head|p2a: Deoxys-Defense
|-damage|p2a: Deoxys-Defense|87\/303
|
|turn|4
|callback|decision
|
|move|p2a: Deoxys-Defense|Spikes|p1a: Excadrill
|-sidestart|p1: RS Cocaine|Spikes
|move|p1a: Excadrill|Rapid Spin|p2a: Deoxys-Defense
|-damage|p2a: Deoxys-Defense|71\/303
|-sideend|p1: RS Cocaine|Spikes|[from] move: Rapid Spin|[of] p1a: Excadrill
|-sideend|p1: RS Cocaine|Stealth Rock|[from] move: Rapid Spin|[of] p1a: Excadrill
|
|turn|5
|callback|decision
|
|move|p2a: Deoxys-Defense|Stealth Rock|p1a: Excadrill
|-sidestart|p1: RS Cocaine|move: Stealth Rock
|move|p1a: Excadrill|Rapid Spin|p2a: Deoxys-Defense
|-crit|p2a: Deoxys-Defense
|-damage|p2a: Deoxys-Defense|47\/303
|-sideend|p1: RS Cocaine|Stealth Rock|[from] move: Rapid Spin|[of] p1a: Excadrill
|
|-end|p1a: Excadrill|move: Taunt
|turn|6
|callback|decision
|
|move|p2a: Deoxys-Defense|Stealth Rock|p1a: Excadrill
|-sidestart|p1: RS Cocaine|move: Stealth Rock
|move|p1a: Excadrill|Rapid Spin|p2a: Deoxys-Defense
|-damage|p2a: Deoxys-Defense|30\/303
|-sideend|p1: RS Cocaine|Stealth Rock|[from] move: Rapid Spin|[of] p1a: Excadrill
|
|turn|7
|callback|decision
|
|switch|p2a: Aegislash|Aegislash, M|261\/261
|-item|p2a: Aegislash|Air Balloon
|move|p1a: Excadrill|Rapid Spin|p2a: Aegislash
|-immune|p2a: Aegislash|[msg]
|
|turn|8
|callback|decision
|
|switch|p1a: Raikou|Raikou|321\/321
|-ability|p1a: Raikou|Pressure
|-formechange|p2a: Aegislash|Aegislash-Blade
|move|p2a: Aegislash|Shadow Ball|p1a: Raikou
|-damage|p1a: Raikou|144\/321
|
|-heal|p1a: Raikou|164\/321|[from] item: Leftovers
|turn|9
|callback|decision
|
|move|p1a: Raikou|Substitute|p1a: Raikou
|-start|p1a: Raikou|Substitute
|-damage|p1a: Raikou|84\/321
|move|p2a: Aegislash|Shadow Ball|p1a: Raikou
|-end|p1a: Raikou|Substitute
|
|-heal|p1a: Raikou|104\/321|[from] item: Leftovers
|turn|10
|callback|decision
|
|move|p1a: Raikou|Thunderbolt|p2a: Aegislash
|-damage|p2a: Aegislash|9\/261
|-enditem|p2a: Aegislash|Air Balloon
|move|p2a: Aegislash|Shadow Ball|p1a: Raikou
|-damage|p1a: Raikou|0 fnt
|faint|p1a: Raikou
|
|callback|decision
|
|switch|p1a: Excadrill|Excadrill, F|362\/362
|-ability|p1a: Excadrill|Mold Breaker
|-item|p1a: Excadrill|Air Balloon
|turn|11
|callback|decision
|
|move|p1a: Excadrill|Earthquake|p2a: Aegislash
|-supereffective|p2a: Aegislash
|-damage|p2a: Aegislash|0 fnt
|faint|p2a: Aegislash
|
|callback|decision
|
|switch|p2a: I <3 my smogonbird|Talonflame, F|297\/297
|turn|12
|callback|decision
|
|move|p2a: I <3 my smogonbird|U-turn|p1a: Excadrill
|-resisted|p1a: Excadrill
|-damage|p1a: Excadrill|280\/362
|-enditem|p1a: Excadrill|Air Balloon
|callback|decision
|
|switch|p2a: Deoxys-Defense|Deoxys-Defense|30\/303
|-ability|p2a: Deoxys-Defense|Pressure
|move|p1a: Excadrill|Stealth Rock|p2a: Deoxys-Defense
|-sidestart|p2: ninimia|move: Stealth Rock
|
|turn|13
|callback|decision
|
|move|p2a: Deoxys-Defense|Taunt|p1a: Excadrill
|-start|p1a: Excadrill|move: Taunt
|move|p1a: Excadrill|Rapid Spin|p2a: Deoxys-Defense
|-damage|p2a: Deoxys-Defense|11\/303
|
|turn|14
|callback|decision
|
|move|p2a: Deoxys-Defense|Stealth Rock|p1a: Excadrill
|-sidestart|p1: RS Cocaine|move: Stealth Rock
|move|p1a: Excadrill|Rapid Spin|p2a: Deoxys-Defense
|-damage|p2a: Deoxys-Defense|0 fnt
|-sideend|p1: RS Cocaine|Stealth Rock|[from] move: Rapid Spin|[of] p1a: Excadrill
|faint|p2a: Deoxys-Defense
|
|callback|decision
|
|switch|p2a: Garchomp|Garchomp, F|358\/358
|-damage|p2a: Garchomp|336\/358|[from] Stealth Rock
|turn|15
|callback|decision
|
|move|p2a: Garchomp|Earthquake|p1a: Excadrill
|-supereffective|p1a: Excadrill
|-damage|p1a: Excadrill|0 fnt
|faint|p1a: Excadrill
|
|callback|decision
|
|switch|p1a: Pinsir|Pinsir, F|271\/271
|turn|16
|callback|decision
|
|-formechange|p1a: Pinsir|Pinsir-Mega
|message|Pinsir has Mega Evolved into Mega Pinsir!
|move|p2a: Garchomp|Outrage|p1a: Pinsir
|-crit|p1a: Pinsir
|-damage|p1a: Pinsir|0 fnt
|faint|p1a: Pinsir
|
|callback|decision
|
|switch|p1a: Genesect|Genesect, shiny|283\/283
|-boost|p1a: Genesect|spa|1|[from] ability: Download
|turn|17
|callback|decision
|
|move|p2a: Garchomp|Outrage|p1a: Genesect
|-resisted|p1a: Genesect
|-damage|p1a: Genesect|168\/283
|move|p1a: Genesect|Ice Beam|p2a: Garchomp
|-supereffective|p2a: Garchomp
|-damage|p2a: Garchomp|0 fnt
|faint|p2a: Garchomp
|
|callback|decision
|
|switch|p2a: Weavile|Weavile, M|282\/282
|-damage|p2a: Weavile|212\/282|[from] Stealth Rock
|-ability|p2a: Weavile|Pressure
|turn|18
|callback|decision
|
|move|p2a: Weavile|Knock Off|p1a: Genesect
|-damage|p1a: Genesect|0 fnt
|-damage|p2a: Weavile|184\/282|[from] item: Life Orb
|faint|p1a: Genesect
|
|callback|decision
|
|switch|p1a: Talonflame|Talonflame, F|297\/297
|turn|19
|callback|decision
|
|move|p2a: Weavile|Ice Shard|p1a: Talonflame
|-damage|p1a: Talonflame|179\/297
|-damage|p2a: Weavile|156\/282|[from] item: Life Orb
|move|p1a: Talonflame|Brave Bird|p2a: Weavile
|-damage|p2a: Weavile|0 fnt
|-damage|p1a: Talonflame|128\/297|[from] recoil|[of] p2a: Weavile
|faint|p2a: Weavile
|
|callback|decision
|
|switch|p2a: Bisharp|Bisharp, F|271\/271
|-damage|p2a: Bisharp|255\/271|[from] Stealth Rock
|turn|20
|callback|decision
|
|move|p1a: Talonflame|Brave Bird|p2a: Bisharp
|-resisted|p2a: Bisharp
|-damage|p2a: Bisharp|117\/271
|-damage|p1a: Talonflame|82\/297|[from] recoil|[of] p2a: Bisharp
|move|p2a: Bisharp|Knock Off|p1a: Talonflame
|-damage|p1a: Talonflame|0 fnt
|-damage|p2a: Bisharp|90\/271|[from] item: Life Orb
|faint|p1a: Talonflame
|
|callback|decision
|
|switch|p1a: Manaphy|Manaphy|341\/341
|turn|21
|callback|decision
|
|move|p2a: Bisharp|Sucker Punch|p1a: Manaphy
|-damage|p1a: Manaphy|133\/341
|-damage|p2a: Bisharp|63\/271|[from] item: Life Orb
|move|p1a: Manaphy|Surf|p2a: Bisharp
|-damage|p2a: Bisharp|0 fnt
|faint|p2a: Bisharp
|
|-heal|p1a: Manaphy|154\/341|[from] item: Leftovers
|callback|decision
|
|switch|p2a: I <3 my smogonbird|Talonflame, F|297\/297
|-damage|p2a: I <3 my smogonbird|149\/297|[from] Stealth Rock
|turn|22
|callback|decision
|
|move|p2a: I <3 my smogonbird|Brave Bird|p1a: Manaphy
|-damage|p1a: Manaphy|0 fnt
|-damage|p2a: I <3 my smogonbird|98\/297|[from] recoil|[of] p1a: Manaphy
|faint|p1a: Manaphy
|
|win|ninimia
|raw|Ladder updating...
|raw|RS Cocaine's rating: 1501 &rarr; <strong>1483<\/strong><br \/>(-18 for losing)
|raw|ninimia's rating: 1598 &rarr; <strong>1617<\/strong><br \/>(+19 for winning)
|leave|ninimia
|player|p2