|join|ninimia
|join|ShootingStarmie
|player|p1|ninimia|265
|player|p2|ShootingStarmie|290
|gametype|singles
|gen|6
|tier|OU
|rated
|clearpoke
|poke|p1|Talonflame, F
|poke|p1|Bisharp, F
|poke|p1|Weavile, F
|poke|p1|Garchomp, F
|poke|p1|Aegislash, F
|poke|p1|Deoxys-Defense
|poke|p2|Excadrill, M
|poke|p2|Pinsir, F
|poke|p2|Talonflame, F
|poke|p2|Rotom-Wash
|poke|p2|Garchomp, M, shiny
|poke|p2|Conkeldurr, F
|rule|Sleep Clause Mod: Limit one foe put to sleep
|rule|Species Clause: Limit one of each Pokemon
|rule|OHKO Clause: OHKO moves are banned
|rule|Moody Clause: Moody is banned
|rule|Evasion Moves Clause: Evasion moves are banned
|rule|Endless Battle Clause: Forcing endless battles is banned.
|rule|HP Percentage Mod: HP is reported as percentages
|teampreview
|callback|decision
|join|Riles
|chat|ShootingStarmie|Oh, this guy is nearly 1600
|chat|ShootingStarmie|.-.
|
|start
|switch|p1a: Deoxys-Defense|Deoxys-Defense|304\/304
|switch|p2a: Talonflame|Talonflame, F|307\/307
|-ability|p1a: Deoxys-Defense|Pressure
|turn|1
|callback|decision
|
|move|p2a: Talonflame|U-turn|p1a: Deoxys-Defense
|-supereffective|p1a: Deoxys-Defense
|-damage|p1a: Deoxys-Defense|166\/304
|-enditem|p1a: Deoxys-Defense|Red Card|[of] p2a: Talonflame
|drag|p2a: Conkeldurr|Conkeldurr, F|351\/351
|move|p1a: Deoxys-Defense|Stealth Rock|p2a: Conkeldurr
|-sidestart|p2: ShootingStarmie|move: Stealth Rock
|
|turn|2
|callback|decision
|
|switch|p2a: Excadrill|Excadrill, M|362\/362
|-damage|p2a: Excadrill|351\/362|[from] Stealth Rock
|-ability|p2a: Excadrill|Mold Breaker
|-item|p2a: Excadrill|Air Balloon
|move|p1a: Deoxys-Defense|Spikes|p2a: Excadrill
|-sidestart|p2: ShootingStarmie|Spikes
|
|turn|3
|callback|decision
|
|switch|p1a: Aegislash|Aegislash, F|261\/261
|-item|p1a: Aegislash|Air Balloon
|move|p2a: Excadrill|Iron Head|p1a: Aegislash
|-resisted|p1a: Aegislash
|-damage|p1a: Aegislash|214\/261
|-enditem|p1a: Aegislash|Air Balloon
|
|turn|4
|callback|decision
|join|Demandred
|
|-formechange|p1a: Aegislash|Aegislash-Blade
|move|p1a: Aegislash|Shadow Sneak|p2a: Excadrill
|-damage|p2a: Excadrill|225\/362
|-enditem|p2a: Excadrill|Air Balloon
|move|p2a: Excadrill|Stealth Rock|p1a: Aegislash
|-sidestart|p1: ninimia|move: Stealth Rock
|
|turn|5
|callback|decision
|chat|Riles|Ninimia boosted imo. :P
|
|move|p2a: Excadrill|Earthquake|p1a: Aegislash
|-supereffective|p1a: Aegislash
|-damage|p1a: Aegislash|0 fnt
|faint|p1a: Aegislash
|
|callback|decision
|
|switch|p1a: Garchomp|Garchomp, F|358\/358
|-damage|p1a: Garchomp|336\/358|[from] Stealth Rock
|turn|6
|callback|decision
|chat|Riles|using baton pass.
|chat|Riles|like everyone else.
|
|switch|p2a: Rotom-Wash|Rotom-Wash|303\/303
|-damage|p2a: Rotom-Wash|266\/303|[from] Stealth Rock
|move|p1a: Garchomp|Earthquake|p2a: Rotom-Wash
|-immune|p2a: Rotom-Wash|[msg]
|
|turn|7
|callback|decision
|join|sadfas
|
|move|p1a: Garchomp|Outrage|p2a: Rotom-Wash
|-damage|p2a: Rotom-Wash|118\/303
|move|p2a: Rotom-Wash|Volt Switch|p1a: Garchomp
|-immune|p1a: Garchomp|[msg]
|
|turn|8
|callback|decision
|
|move|p1a: Garchomp|Outrage|p2a: Rotom-Wash
|-damage|p2a: Rotom-Wash|0 fnt
|faint|p2a: Rotom-Wash
|
|callback|decision
|
|switch|p2a: Garchomp|Garchomp, M, shiny|358\/358
|-damage|p2a: Garchomp|314\/358|[from] Spikes
|-damage|p2a: Garchomp|292\/358|[from] Stealth Rock
|turn|9
|callback|decision
|
|move|p2a: Garchomp|Outrage|p1a: Garchomp
|-supereffective|p1a: Garchomp
|-damage|p1a: Garchomp|0 fnt
|-damage|p2a: Garchomp|248\/358|[from] ability: Rough Skin|[of] p1a: Garchomp
|faint|p1a: Garchomp
|
|callback|decision
|
|switch|p1a: Weavile|Weavile, F|282\/282
|-damage|p1a: Weavile|212\/282|[from] Stealth Rock
|-ability|p1a: Weavile|Pressure
|turn|10
|callback|decision
|
|move|p1a: Weavile|Ice Shard|p2a: Garchomp
|-supereffective|p2a: Garchomp
|-damage|p2a: Garchomp|0 fnt
|-damage|p1a: Weavile|184\/282|[from] item: Life Orb
|faint|p2a: Garchomp
|
|callback|decision
|
|switch|p2a: Conkeldurr|Conkeldurr, F|351\/351
|-damage|p2a: Conkeldurr|308\/351|[from] Spikes
|-damage|p2a: Conkeldurr|287\/351|[from] Stealth Rock
|turn|11
|callback|decision
|
|switch|p1a: Deoxys-Defense|Deoxys-Defense|166\/304
|-damage|p1a: Deoxys-Defense|128\/304|[from] Stealth Rock
|-ability|p1a: Deoxys-Defense|Pressure
|move|p2a: Conkeldurr|Knock Off|p1a: Deoxys-Defense
|-supereffective|p1a: Deoxys-Defense
|-damage|p1a: Deoxys-Defense|0 fnt
|faint|p1a: Deoxys-Defense
|
|callback|decision
|
|switch|p1a: I <3 my smogonbird|Talonflame, F|297\/297
|-damage|p1a: I <3 my smogonbird|149\/297|[from] Stealth Rock
|turn|12
|callback|decision
|
|switch|p2a: Excadrill|Excadrill, M|225\/362
|-damage|p2a: Excadrill|214\/362|[from] Stealth Rock
|-damage|p2a: Excadrill|169\/362|[from] Spikes
|-ability|p2a: Excadrill|Mold Breaker
|move|p1a: I <3 my smogonbird|Brave Bird|p2a: Excadrill
|-resisted|p2a: Excadrill
|-damage|p2a: Excadrill|0 fnt
|-damage|p1a: I <3 my smogonbird|93\/297|[from] recoil|[of] p2a: Excadrill
|faint|p2a: Excadrill
|
|callback|decision
|chat|ShootingStarmie|i can't remember
|chat|ShootingStarmie|if i speed creep other talon .-.
|chat|Riles|if not.
|chat|Riles|he kills to recoil
|
|switch|p2a: Talonflame|Talonflame, F|307\/307
|-damage|p2a: Talonflame|154\/307|[from] Stealth Rock
|turn|13
|callback|decision
|chat|Riles|or maybe not.
|
|move|p1a: I <3 my smogonbird|Brave Bird|p2a: Talonflame
|-damage|p2a: Talonflame|0 fnt
|-damage|p1a: I <3 my smogonbird|42\/297|[from] recoil|[of] p2a: Talonflame
|faint|p2a: Talonflame
|
|callback|decision
|chat|Riles|:x
|
|switch|p2a: Pinsir|Pinsir, F|271\/271
|-damage|p2a: Pinsir|204\/271|[from] Stealth Rock
|-damage|p2a: Pinsir|171\/271|[from] Spikes
|turn|14
|callback|decision
|chat|Riles|LOL.
|
|-formechange|p2a: Pinsir|Pinsir-Mega
|message|Pinsir has Mega Evolved into Mega Pinsir!
|move|p1a: I <3 my smogonbird|Brave Bird|p2a: Pinsir
|-supereffective|p2a: Pinsir
|-damage|p2a: Pinsir|0 fnt
|-damage|p1a: I <3 my smogonbird|0 fnt|[from] recoil|[of] p2a: Pinsir
|faint|p2a: Pinsir
|faint|p1a: I <3 my smogonbird
|
|callback|decision
|chat|ShootingStarmie|i think he wins
|chat|ShootingStarmie|he has 2 x4 weak fighting pokes
|
|switch|p1a: Weavile|Weavile, F|184\/282
|-damage|p1a: Weavile|114\/282|[from] Stealth Rock
|switch|p2a: Conkeldurr|Conkeldurr, F|287\/351
|-damage|p2a: Conkeldurr|244\/351|[from] Spikes
|-damage|p2a: Conkeldurr|223\/351|[from] Stealth Rock
|-ability|p1a: Weavile|Pressure
|turn|15
|callback|decision
|chat|ShootingStarmie|and i think he wins
|chat|ShootingStarmie|lmao
|chat|Riles|LOL.
|join|utvkuv
|chat|Riles|he's real.
|chat|ShootingStarmie|is this a 50\/50?
|chat|ShootingStarmie|i'm not sure .-.
|
|move|p1a: Weavile|Ice Shard|p2a: Conkeldurr
|-damage|p2a: Conkeldurr|122\/351
|-damage|p1a: Weavile|86\/282|[from] item: Life Orb
|move|p2a: Conkeldurr|Mach Punch|p1a: Weavile
|-supereffective|p1a: Weavile
|-damage|p1a: Weavile|0 fnt
|faint|p1a: Weavile
|
|callback|decision
|chat|Riles|i'm pretty sure mach cleans.
|
|switch|p1a: Bisharp|Bisharp, F|271\/271
|-damage|p1a: Bisharp|255\/271|[from] Stealth Rock
|turn|16
|callback|decision
|chat|ShootingStarmie|sucker punch
|chat|Riles|actually.
|chat|ShootingStarmie|pls
|
|move|p1a: Bisharp|Sucker Punch|p2a: Conkeldurr
|-resisted|p2a: Conkeldurr
|-damage|p2a: Conkeldurr|27\/351
|-damage|p1a: Bisharp|228\/271|[from] item: Life Orb
|move|p2a: Conkeldurr|Mach Punch|p1a: Bisharp
|-supereffective|p1a: Bisharp
|-damage|p1a: Bisharp|0 fnt
|faint|p1a: Bisharp
|
|win|ShootingStarmie
|raw|Ladder updating...
|raw|ninimia's rating: 1593 &rarr; <strong>1555<\/strong><br \/>(-38 for losing)
|raw|ShootingStarmie's rating: 1388 &rarr; <strong>1426<\/strong><br \/>(+38 for winning)
|chat|ShootingStarmie|gg
|leave|ninimia
|player|p1
|leave|utvkuv
|chat|Riles|so rude.
|chat|ShootingStarmie|n_n
|chat|ShootingStarmie|just mad
|leave|sadfas
|chat|Riles|LOL.
|leave|ShootingStarmie
|player|p2
|leave|Demandred
|join|sadfas
|leave|sadfas