|join|Lord Woordevold
|join|ninimia
|player|p1|Lord Woordevold|110
|player|p2|ninimia|169
|gametype|singles
|gen|6
|tier|OU
|rated
|clearpoke
|poke|p1|Vaporeon, M
|poke|p1|Venusaur, M
|poke|p1|Skarmory, M
|poke|p1|Rotom-Heat
|poke|p1|Lucario, M
|poke|p1|Garchomp, M
|poke|p2|Talonflame, M
|poke|p2|Bisharp, F
|poke|p2|Weavile, F
|poke|p2|Garchomp, M
|poke|p2|Aegislash, F
|poke|p2|Deoxys-Defense
|rule|Sleep Clause Mod: Limit one foe put to sleep
|rule|Species Clause: Limit one of each Pokemon
|rule|OHKO Clause: OHKO moves are banned
|rule|Moody Clause: Moody is banned
|rule|Evasion Moves Clause: Evasion moves are banned
|rule|Endless Battle Clause: Forcing endless battles is banned.
|rule|HP Percentage Mod: HP is reported as percentages
|teampreview
|callback|decision
|chat|Lord Woordevold|Good luck.
|
|start
|switch|p1a: Rotom-Heat|Rotom-Heat|242\/242
|switch|p2a: Deoxys-Defense|Deoxys-Defense|303\/303
|-ability|p2a: Deoxys-Defense|Pressure
|turn|1
|callback|decision
|
|move|p1a: Rotom-Heat|Trick|p2a: Deoxys-Defense
|-activate|p1a: Rotom-Heat|move: Trick|[of] p2a: Deoxys-Defense
|-item|p2a: Deoxys-Defense|Choice Scarf|[from] move: Trick
|-item|p1a: Rotom-Heat|Red Card|[from] move: Trick
|move|p2a: Deoxys-Defense|Stealth Rock|p1a: Rotom-Heat
|-sidestart|p1: Lord Woordevold|move: Stealth Rock
|
|turn|2
|callback|decision
|
|switch|p2a: Garchomp|Garchomp, M|358\/358
|move|p1a: Rotom-Heat|Volt Switch|p2a: Garchomp
|-immune|p2a: Garchomp|[msg]
|
|turn|3
|callback|decision
|
|switch|p1a: Skarmory|Skarmory, M|334\/334
|-damage|p1a: Skarmory|293\/334|[from] Stealth Rock
|move|p2a: Garchomp|Swords Dance|p2a: Garchomp
|-boost|p2a: Garchomp|atk|2
|
|-heal|p1a: Skarmory|313\/334|[from] item: Leftovers
|turn|4
|callback|decision
|
|move|p2a: Garchomp|Fire Fang|p1a: Skarmory
|-supereffective|p1a: Skarmory
|-damage|p1a: Skarmory|131\/334
|cant|p1a: Skarmory|flinch
|
|-heal|p1a: Skarmory|151\/334|[from] item: Leftovers
|turn|5
|callback|decision
|
|switch|p1a: Rotom-Heat|Rotom-Heat|242\/242
|-damage|p1a: Rotom-Heat|182\/242|[from] Stealth Rock
|move|p2a: Garchomp|Fire Fang|p1a: Rotom-Heat
|-resisted|p1a: Rotom-Heat
|-damage|p1a: Rotom-Heat|112\/242
|-enditem|p1a: Rotom-Heat|Red Card|[of] p2a: Garchomp
|drag|p2a: I <3 my Smogonbird|Talonflame, M|297\/297
|
|turn|6
|callback|decision
|
|move|p2a: I <3 my Smogonbird|U-turn|p1a: Rotom-Heat
|-resisted|p1a: Rotom-Heat
|-damage|p1a: Rotom-Heat|62\/242
|callback|decision
|
|switch|p2a: Deoxys-Defense|Deoxys-Defense|303\/303
|-ability|p2a: Deoxys-Defense|Pressure
|move|p1a: Rotom-Heat|Discharge|p2a: Deoxys-Defense
|-damage|p2a: Deoxys-Defense|219\/303
|
|turn|7
|callback|decision
|
|switch|p2a: Garchomp|Garchomp, M|358\/358
|move|p1a: Rotom-Heat|Volt Switch|p2a: Garchomp
|-immune|p2a: Garchomp|[msg]
|
|turn|8
|callback|decision
|
|switch|p1a: Venusaur|Venusaur, M|364\/364
|-damage|p1a: Venusaur|319\/364|[from] Stealth Rock
|move|p2a: Garchomp|Swords Dance|p2a: Garchomp
|-boost|p2a: Garchomp|atk|2
|
|turn|9
|callback|decision
|
|-formechange|p1a: Venusaur|Venusaur-Mega
|message|Venusaur has Mega Evolved into Mega Venusaur!
|move|p2a: Garchomp|Outrage|p1a: Venusaur
|-damage|p1a: Venusaur|64\/364
|move|p1a: Venusaur|Giga Drain|p2a: Garchomp
|-damage|p2a: Garchomp|229\/358
|-heal|p1a: Venusaur|129\/364|[from] drain|[of] p2a: Garchomp
|
|turn|10
|callback|decision
|
|switch|p1a: Rotom-Heat|Rotom-Heat|62\/242
|-damage|p1a: Rotom-Heat|2\/242|[from] Stealth Rock
|move|p2a: Garchomp|Outrage|p1a: Rotom-Heat
|-damage|p1a: Rotom-Heat|0 fnt
|faint|p1a: Rotom-Heat
|
|-end|p2a: Garchomp|rampage
|-start|p2a: Garchomp|confusion
|callback|decision
|
|switch|p1a: Skarmory|Skarmory, M|151\/334
|-damage|p1a: Skarmory|110\/334|[from] Stealth Rock
|-enditem|p2a: Garchomp|Lum Berry|[eat]
|-end|p2a: Garchomp|confusion
|turn|11
|callback|decision
|
|move|p2a: Garchomp|Fire Fang|p1a: Skarmory
|-supereffective|p1a: Skarmory
|-damage|p1a: Skarmory|0 fnt
|faint|p1a: Skarmory
|
|callback|decision
|
|switch|p1a: Garchomp|Garchomp, M|358\/358
|-damage|p1a: Garchomp|336\/358|[from] Stealth Rock
|turn|12
|callback|decision
|
|move|p1a: Garchomp|Outrage|p2a: Garchomp
|-supereffective|p2a: Garchomp
|-damage|p2a: Garchomp|0 fnt
|-damage|p1a: Garchomp|292\/358|[from] ability: Rough Skin|[of] p2a: Garchomp
|faint|p2a: Garchomp
|
|callback|decision
|
|switch|p2a: Deoxys-Defense|Deoxys-Defense|219\/303
|-ability|p2a: Deoxys-Defense|Pressure
|turn|13
|callback|decision
|
|move|p2a: Deoxys-Defense|Spikes|p1a: Garchomp
|-sidestart|p1: Lord Woordevold|Spikes
|move|p1a: Garchomp|Outrage|p2a: Deoxys-Defense
|-damage|p2a: Deoxys-Defense|83\/303
|
|turn|14
|callback|decision
|
|move|p2a: Deoxys-Defense|Spikes|p1a: Garchomp
|-sidestart|p1: Lord Woordevold|Spikes
|move|p1a: Garchomp|Outrage|p2a: Deoxys-Defense
|-damage|p2a: Deoxys-Defense|0 fnt
|faint|p2a: Deoxys-Defense
|
|-end|p1a: Garchomp|rampage
|-start|p1a: Garchomp|confusion
|callback|decision
|
|switch|p2a: Weavile|Weavile, F|282\/282
|-ability|p2a: Weavile|Pressure
|turn|15
|callback|decision
|
|switch|p1a: Vaporeon|Vaporeon, M|464\/464
|-damage|p1a: Vaporeon|406\/464|[from] Stealth Rock
|-damage|p1a: Vaporeon|329\/464|[from] Spikes
|move|p2a: Weavile|Ice Punch|p1a: Vaporeon
|-resisted|p1a: Vaporeon
|-damage|p1a: Vaporeon|207\/464
|-damage|p2a: Weavile|254\/282|[from] item: Life Orb
|
|-heal|p1a: Vaporeon|236\/464|[from] item: Leftovers
|turn|16
|callback|decision
|
|move|p1a: Vaporeon|Protect|p1a: Vaporeon
|-singleturn|p1a: Vaporeon|Protect
|move|p2a: Weavile|Knock Off|p1a: Vaporeon
|-activate|p1a: Vaporeon|Protect
|
|-heal|p1a: Vaporeon|265\/464|[from] item: Leftovers
|turn|17
|callback|decision
|
|switch|p1a: Lucario|Lucario, M|282\/282
|-damage|p1a: Lucario|274\/282|[from] Stealth Rock
|-damage|p1a: Lucario|227\/282|[from] Spikes
|move|p2a: Weavile|Knock Off|p1a: Lucario
|-resisted|p1a: Lucario
|-damage|p1a: Lucario|75\/282
|-boost|p1a: Lucario|atk|1|[from] ability: Justified
|-enditem|p1a: Lucario|Life Orb|[from] move: Knock Off|[of] p2a: Weavile
|-damage|p2a: Weavile|226\/282|[from] item: Life Orb
|
|turn|18
|callback|decision
|
|move|p1a: Lucario|Extreme Speed|p2a: Weavile
|-crit|p2a: Weavile
|-damage|p2a: Weavile|0 fnt
|faint|p2a: Weavile
|
|callback|decision
|
|switch|p2a: Aegislash|Aegislash, F|261\/261
|-item|p2a: Aegislash|Air Balloon
|turn|19
|callback|decision
|
|move|p1a: Lucario|Crunch|p2a: Aegislash
|-supereffective|p2a: Aegislash
|-damage|p2a: Aegislash|75\/261
|-enditem|p2a: Aegislash|Air Balloon
|-unboost|p2a: Aegislash|def|1
|-formechange|p2a: Aegislash|Aegislash-Blade
|move|p2a: Aegislash|Shadow Ball|p1a: Lucario
|-damage|p1a: Lucario|0 fnt
|faint|p1a: Lucario
|
|callback|decision
|
|switch|p1a: Vaporeon|Vaporeon, M|265\/464
|-damage|p1a: Vaporeon|207\/464|[from] Stealth Rock
|-damage|p1a: Vaporeon|130\/464|[from] Spikes
|turn|20
|callback|decision
|
|move|p1a: Vaporeon|Scald|p2a: Aegislash
|-damage|p2a: Aegislash|0 fnt
|faint|p2a: Aegislash
|
|-heal|p1a: Vaporeon|159\/464|[from] item: Leftovers
|callback|decision
|
|switch|p2a: Bisharp|Bisharp, F|271\/271
|turn|21
|callback|decision
|
|move|p2a: Bisharp|Swords Dance|p2a: Bisharp
|-boost|p2a: Bisharp|atk|2
|move|p1a: Vaporeon|Scald|p2a: Bisharp
|-damage|p2a: Bisharp|124\/271
|
|-heal|p1a: Vaporeon|188\/464|[from] item: Leftovers
|turn|22
|callback|decision
|
|move|p2a: Bisharp|Knock Off|p1a: Vaporeon
|-damage|p1a: Vaporeon|0 fnt
|-damage|p2a: Bisharp|97\/271|[from] item: Life Orb
|faint|p1a: Vaporeon
|
|callback|decision
|
|switch|p1a: Venusaur|Venusaur, M|129\/364
|-formechange|p1a: Venusaur|Venusaur-Mega
|-damage|p1a: Venusaur|84\/364|[from] Stealth Rock
|-damage|p1a: Venusaur|24\/364|[from] Spikes
|turn|23
|callback|decision
|
|move|p2a: Bisharp|Knock Off|p1a: Venusaur
|-damage|p1a: Venusaur|0 fnt
|-damage|p2a: Bisharp|70\/271|[from] item: Life Orb
|faint|p1a: Venusaur
|
|callback|decision
|
|switch|p1a: Garchomp|Garchomp, M|292\/358
|-damage|p1a: Garchomp|233\/358|[from] Spikes
|-damage|p1a: Garchomp|211\/358|[from] Stealth Rock
|turn|24
|callback|decision
|
|move|p2a: Bisharp|Sucker Punch|p1a: Garchomp
|-fail|p1a: Garchomp
|move|p1a: Garchomp|Swords Dance|p1a: Garchomp
|-boost|p1a: Garchomp|atk|2
|
|turn|25
|callback|decision
|
|move|p2a: Bisharp|Sucker Punch|p1a: Garchomp
|-fail|p1a: Garchomp
|move|p1a: Garchomp|Swords Dance|p1a: Garchomp
|-boost|p1a: Garchomp|atk|2
|
|turn|26
|callback|decision
|
|move|p2a: Bisharp|Sucker Punch|p1a: Garchomp
|-fail|p1a: Garchomp
|move|p1a: Garchomp|Swords Dance|p1a: Garchomp
|-boost|p1a: Garchomp|atk|2
|
|turn|27
|callback|decision
|
|move|p2a: Bisharp|Sucker Punch|p1a: Garchomp
|-damage|p1a: Garchomp|0 fnt
|-damage|p2a: Bisharp|37\/271|[from] ability: Rough Skin|[of] p1a: Garchomp
|-damage|p2a: Bisharp|10\/271|[from] item: Life Orb
|faint|p1a: Garchomp
|
|win|ninimia
|raw|Ladder updating...
|chat|Lord Woordevold|haha
|chat|Lord Woordevold|I tried
|chat|Lord Woordevold|:D
|raw|Lord Woordevold's rating: 1498 &rarr; <strong>1472<\/strong><br \/>(-26 for losing)
|raw|ninimia's rating: 1487 &rarr; <strong>1513<\/strong><br \/>(+26 for winning)
|chat|ninimia|gg
|chat|Lord Woordevold|gg
|leave|Lord Woordevold
|player|p1
|join|ksdkdfd