|join|PrettyYoungThing
|join|ninimia
|player|p1|PrettyYoungThing|262
|player|p2|ninimia|2
|gametype|singles
|gen|6
|tier|OU
|rated
|clearpoke
|poke|p1|Conkeldurr, F
|poke|p1|Deoxys-Defense
|poke|p1|Lucario, M
|poke|p1|Bisharp, F
|poke|p1|Thundurus, M
|poke|p1|Aegislash, F
|poke|p2|Talonflame, M
|poke|p2|Bisharp, F
|poke|p2|Weavile, M
|poke|p2|Garchomp, F
|poke|p2|Aegislash, F
|poke|p2|Deoxys-Defense
|rule|Sleep Clause Mod: Limit one foe put to sleep
|rule|Species Clause: Limit one of each Pokemon
|rule|OHKO Clause: OHKO moves are banned
|rule|Moody Clause: Moody is banned
|rule|Evasion Moves Clause: Evasion moves are banned
|rule|Endless Battle Clause: Forcing endless battles is banned.
|rule|HP Percentage Mod: HP is reported as percentages
|teampreview
|callback|decision
|
|start
|switch|p1a: Deoxys-Defense|Deoxys-Defense|304\/304
|switch|p2a: Deoxys-Defense|Deoxys-Defense|303\/303
|-ability|p2a: Deoxys-Defense|Pressure
|-ability|p1a: Deoxys-Defense|Pressure
|turn|1
|callback|decision
|
|move|p2a: Deoxys-Defense|Magic Coat|p2a: Deoxys-Defense
|-singleturn|p2a: Deoxys-Defense|move: Magic Coat
|move|p1a: Deoxys-Defense|Taunt|p2a: Deoxys-Defense
|move|p2a: Deoxys-Defense|Taunt|p1a: Deoxys-Defense|[from]Magic Coat
|-start|p1a: Deoxys-Defense|move: Taunt
|
|turn|2
|callback|decision
|
|switch|p1a: Aegislash|Aegislash, F|320\/320
|move|p2a: Deoxys-Defense|Stealth Rock|p1a: Aegislash
|-sidestart|p1: PrettyYoungThing|move: Stealth Rock
|
|turn|3
|callback|decision
|
|move|p2a: Deoxys-Defense|Spikes|p1a: Aegislash
|-sidestart|p1: PrettyYoungThing|Spikes
|-formechange|p1a: Aegislash|Aegislash-Blade
|move|p1a: Aegislash|Shadow Ball|p2a: Deoxys-Defense
|-supereffective|p2a: Deoxys-Defense
|-damage|p2a: Deoxys-Defense|63\/303
|-unboost|p2a: Deoxys-Defense|spd|1
|-enditem|p2a: Deoxys-Defense|Red Card|[of] p1a: Aegislash
|drag|p1a: Deoxys-Defense|Deoxys-Defense|304\/304
|-damage|p1a: Deoxys-Defense|266\/304|[from] Stealth Rock
|-damage|p1a: Deoxys-Defense|228\/304|[from] Spikes
|-ability|p1a: Deoxys-Defense|Pressure
|
|turn|4
|callback|decision
|
|move|p2a: Deoxys-Defense|Magic Coat|p2a: Deoxys-Defense
|-singleturn|p2a: Deoxys-Defense|move: Magic Coat
|move|p1a: Deoxys-Defense|Stealth Rock|p2a: Deoxys-Defense
|move|p2a: Deoxys-Defense|Stealth Rock|p1a: Deoxys-Defense|[from]Magic Coat
|-fail|p1a: Deoxys-Defense
|
|turn|5
|callback|decision
|
|move|p2a: Deoxys-Defense|Taunt|p1a: Deoxys-Defense
|-start|p1a: Deoxys-Defense|move: Taunt
|cant|p1a: Deoxys-Defense|move: Taunt|Stealth Rock
|
|turn|6
|callback|decision
|
|switch|p1a: Aegislash|Aegislash, F|320\/320
|-damage|p1a: Aegislash|280\/320|[from] Spikes
|-damage|p1a: Aegislash|260\/320|[from] Stealth Rock
|move|p2a: Deoxys-Defense|Spikes|p1a: Aegislash
|-sidestart|p1: PrettyYoungThing|Spikes
|
|-heal|p1a: Aegislash|280\/320|[from] item: Leftovers
|turn|7
|callback|decision
|
|-formechange|p1a: Aegislash|Aegislash-Blade
|move|p1a: Aegislash|Shadow Sneak|p2a: Deoxys-Defense
|-supereffective|p2a: Deoxys-Defense
|-damage|p2a: Deoxys-Defense|0 fnt
|faint|p2a: Deoxys-Defense
|
|-heal|p1a: Aegislash|300\/320|[from] item: Leftovers
|callback|decision
|
|switch|p2a: Bisharp|Bisharp, F|271\/271
|turn|8
|callback|decision
|
|switch|p1a: Conkeldurr|Conkeldurr, F|352\/352
|-damage|p1a: Conkeldurr|294\/352|[from] Spikes
|-damage|p1a: Conkeldurr|272\/352|[from] Stealth Rock
|move|p2a: Bisharp|Knock Off|p1a: Conkeldurr
|-resisted|p1a: Conkeldurr
|-damage|p1a: Conkeldurr|142\/352
|-enditem|p1a: Conkeldurr|Assault Vest|[from] move: Knock Off|[of] p2a: Bisharp
|-damage|p2a: Bisharp|244\/271|[from] item: Life Orb
|
|turn|9
|callback|decision
|
|move|p2a: Bisharp|Iron Head|p1a: Conkeldurr
|-damage|p1a: Conkeldurr|0 fnt
|-damage|p2a: Bisharp|217\/271|[from] item: Life Orb
|faint|p1a: Conkeldurr
|
|callback|decision
|
|switch|p1a: Deoxys-Defense|Deoxys-Defense|228\/304
|-damage|p1a: Deoxys-Defense|190\/304|[from] Stealth Rock
|-damage|p1a: Deoxys-Defense|140\/304|[from] Spikes
|-ability|p1a: Deoxys-Defense|Pressure
|turn|10
|callback|decision
|
|move|p1a: Deoxys-Defense|Stealth Rock|p2a: Bisharp
|-sidestart|p2: ninimia|move: Stealth Rock
|move|p2a: Bisharp|Swords Dance|p2a: Bisharp
|-boost|p2a: Bisharp|atk|2
|
|turn|11
|callback|decision
|
|move|p1a: Deoxys-Defense|Spikes|p2a: Bisharp
|-sidestart|p2: ninimia|Spikes
|move|p2a: Bisharp|Knock Off|p1a: Deoxys-Defense
|-supereffective|p1a: Deoxys-Defense
|-damage|p1a: Deoxys-Defense|0 fnt
|-damage|p2a: Bisharp|190\/271|[from] item: Life Orb
|faint|p1a: Deoxys-Defense
|
|callback|decision
|
|switch|p1a: Lucario|Lucario, M|281\/281
|-damage|p1a: Lucario|273\/281|[from] Stealth Rock
|-damage|p1a: Lucario|227\/281|[from] Spikes
|turn|12
|callback|decision
|
|switch|p2a: Aegislash|Aegislash, F|261\/261
|-damage|p2a: Aegislash|245\/261|[from] Stealth Rock
|-item|p2a: Aegislash|Air Balloon
|move|p1a: Lucario|Close Combat|p2a: Aegislash
|-immune|p2a: Aegislash|[msg]
|
|turn|13
|callback|decision
|
|switch|p1a: Aegislash|Aegislash, F|300\/320
|-damage|p1a: Aegislash|247\/320|[from] Spikes
|-damage|p1a: Aegislash|227\/320|[from] Stealth Rock
|-formechange|p2a: Aegislash|Aegislash-Blade
|move|p2a: Aegislash|Sacred Sword|p1a: Aegislash
|-immune|p1a: Aegislash|[msg]
|
|-heal|p1a: Aegislash|247\/320|[from] item: Leftovers
|turn|14
|callback|decision
|
|-formechange|p2a: Aegislash|Aegislash
|move|p2a: Aegislash|King's Shield|p2a: Aegislash
|-singleturn|p2a: Aegislash|Protect
|-formechange|p1a: Aegislash|Aegislash-Blade
|move|p1a: Aegislash|Shadow Ball|p2a: Aegislash
|-activate|p2a: Aegislash|Protect
|
|-heal|p1a: Aegislash|267\/320|[from] item: Leftovers
|turn|15
|callback|decision
|
|switch|p2a: Bisharp|Bisharp, F|190\/271
|-damage|p2a: Bisharp|174\/271|[from] Stealth Rock
|-damage|p2a: Bisharp|141\/271|[from] Spikes
|-formechange|p1a: Aegislash|Aegislash
|move|p1a: Aegislash|King's Shield|p1a: Aegislash
|-fail|p1a: Aegislash
|
|-heal|p1a: Aegislash|287\/320|[from] item: Leftovers
|turn|16
|callback|decision
|
|switch|p1a: Lucario|Lucario, M|227\/281
|-damage|p1a: Lucario|219\/281|[from] Stealth Rock
|-damage|p1a: Lucario|173\/281|[from] Spikes
|move|p2a: Bisharp|Knock Off|p1a: Lucario
|-resisted|p1a: Lucario
|-damage|p1a: Lucario|63\/281
|-boost|p1a: Lucario|atk|1|[from] ability: Justified
|-damage|p2a: Bisharp|114\/271|[from] item: Life Orb
|
|turn|17
|callback|decision
|
|-formechange|p1a: Lucario|Lucario-Mega
|message|Lucario has Mega Evolved into Mega Lucario!
|move|p1a: Lucario|Extreme Speed|p2a: Bisharp
|-resisted|p2a: Bisharp
|-damage|p2a: Bisharp|38\/271
|move|p2a: Bisharp|Sucker Punch|p1a: Lucario
|-fail|p1a: Lucario
|
|turn|18
|callback|decision
|
|move|p2a: Bisharp|Sucker Punch|p1a: Lucario
|-resisted|p1a: Lucario
|-damage|p1a: Lucario|0 fnt
|-damage|p2a: Bisharp|11\/271|[from] item: Life Orb
|faint|p1a: Lucario
|
|callback|decision
|
|switch|p1a: Thundurus|Thundurus, M|300\/300
|-damage|p1a: Thundurus|225\/300|[from] Stealth Rock
|turn|19
|callback|decision
|
|move|p1a: Thundurus|Thunderbolt|p2a: Bisharp
|-damage|p2a: Bisharp|0 fnt
|faint|p2a: Bisharp
|
|-heal|p1a: Thundurus|243\/300|[from] item: Leftovers
|callback|decision
|
|switch|p2a: Weavile|Weavile, M|282\/282
|-damage|p2a: Weavile|212\/282|[from] Stealth Rock
|-damage|p2a: Weavile|177\/282|[from] Spikes
|-ability|p2a: Weavile|Pressure
|turn|20
|callback|decision
|
|switch|p1a: Aegislash|Aegislash, F|287\/320
|-damage|p1a: Aegislash|234\/320|[from] Spikes
|-damage|p1a: Aegislash|214\/320|[from] Stealth Rock
|move|p2a: Weavile|Knock Off|p1a: Aegislash
|-supereffective|p1a: Aegislash
|-damage|p1a: Aegislash|0 fnt
|-damage|p2a: Weavile|149\/282|[from] item: Life Orb
|faint|p1a: Aegislash
|
|callback|decision
|
|switch|p1a: Thundurus|Thundurus, M|243\/300
|-damage|p1a: Thundurus|168\/300|[from] Stealth Rock
|turn|21
|callback|decision
|
|move|p2a: Weavile|Ice Shard|p1a: Thundurus
|-supereffective|p1a: Thundurus
|-damage|p1a: Thundurus|0 fnt
|-damage|p2a: Weavile|121\/282|[from] item: Life Orb
|faint|p1a: Thundurus
|
|callback|decision
|
|switch|p1a: Bisharp|Bisharp, F|271\/271
|-damage|p1a: Bisharp|226\/271|[from] Spikes
|-damage|p1a: Bisharp|210\/271|[from] Stealth Rock
|turn|22
|callback|decision
|
|move|p1a: Bisharp|Sucker Punch|p2a: Weavile
|-resisted|p2a: Weavile
|-damage|p2a: Weavile|0 fnt
|-damage|p1a: Bisharp|183\/271|[from] item: Life Orb
|faint|p2a: Weavile
|
|callback|decision
|
|switch|p2a: Garchomp|Garchomp, F|358\/358
|-damage|p2a: Garchomp|314\/358|[from] Spikes
|-damage|p2a: Garchomp|292\/358|[from] Stealth Rock
|turn|23
|callback|decision
|
|move|p1a: Bisharp|Sucker Punch|p2a: Garchomp
|-damage|p2a: Garchomp|76\/358
|-damage|p1a: Bisharp|150\/271|[from] ability: Rough Skin|[of] p2a: Garchomp
|-damage|p1a: Bisharp|123\/271|[from] item: Life Orb
|move|p2a: Garchomp|Earthquake|p1a: Bisharp
|-crit|p1a: Bisharp
|-supereffective|p1a: Bisharp
|-damage|p1a: Bisharp|0 fnt
|faint|p1a: Bisharp
|
|win|ninimia
|raw|Ladder updating...
|raw|PrettyYoungThing's rating: 1458 &rarr; <strong>1433<\/strong><br \/>(-25 for losing)
|raw|ninimia's rating: 1459 &rarr; <strong>1484<\/strong><br \/>(+25 for winning)
|leave|ninimia
|player|p2
|leave|PrettyYoungThing
|player|p1
|join|PrettyYoungThing