|join|Will-I-am2
|join|ninimia
|player|p1|Will-I-am2|169
|player|p2|ninimia|102
|gametype|singles
|gen|6
|tier|OU
|rated
|clearpoke
|poke|p1|Hydreigon, F
|poke|p1|Donphan, M
|poke|p1|Registeel
|poke|p1|Gengar, F
|poke|p1|Mandibuzz, F
|poke|p1|Ditto
|poke|p2|Talonflame, M
|poke|p2|Bisharp, M
|poke|p2|Weavile, M
|poke|p2|Garchomp, F
|poke|p2|Banette, F
|poke|p2|Deoxys-Speed
|rule|Sleep Clause Mod: Limit one foe put to sleep
|rule|Species Clause: Limit one of each Pokemon
|rule|OHKO Clause: OHKO moves are banned
|rule|Moody Clause: Moody is banned
|rule|Evasion Moves Clause: Evasion moves are banned
|rule|Endless Battle Clause: Forcing endless battles is banned.
|rule|HP Percentage Mod: HP is reported as percentages
|teampreview
|
|start
|switch|p1a: Hydreigon|Hydreigon, F|331\/331
|switch|p2a: Deoxys-Speed|Deoxys-Speed|304\/304
|-ability|p2a: Deoxys-Speed|Pressure
|turn|1
|
|move|p2a: Deoxys-Speed|Stealth Rock|p1a: Hydreigon
|-sidestart|p1: Will-I-am2|move: Stealth Rock
|move|p1a: Hydreigon|Dark Pulse|p2a: Deoxys-Speed
|-supereffective|p2a: Deoxys-Speed
|-enditem|p2a: Deoxys-Speed|Focus Sash
|-damage|p2a: Deoxys-Speed|1\/304
|
|turn|2
|
|move|p2a: Deoxys-Speed|Spikes|p1a: Hydreigon
|-sidestart|p1: Will-I-am2|Spikes
|move|p1a: Hydreigon|Dark Pulse|p2a: Deoxys-Speed
|-supereffective|p2a: Deoxys-Speed
|-damage|p2a: Deoxys-Speed|0 fnt
|faint|p2a: Deoxys-Speed
|
|
|switch|p2a: Weavile|Weavile, M|282\/282
|turn|3
|
|switch|p1a: Mandibuzz|Mandibuzz, F|424\/424
|-damage|p1a: Mandibuzz|318\/424|[from] Stealth Rock
|move|p2a: Weavile|Ice Punch|p1a: Mandibuzz
|-supereffective|p1a: Mandibuzz
|-damage|p1a: Mandibuzz|97\/424
|-damage|p2a: Weavile|235\/282|[from] item: Rocky Helmet|[of] p1a: Mandibuzz
|-damage|p2a: Weavile|207\/282|[from] item: Life Orb
|
|turn|4
|
|move|p2a: Weavile|Ice Punch|p1a: Mandibuzz
|-supereffective|p1a: Mandibuzz
|-damage|p1a: Mandibuzz|0 fnt
|-damage|p2a: Weavile|160\/282|[from] item: Rocky Helmet|[of] p1a: Mandibuzz
|-damage|p2a: Weavile|132\/282|[from] item: Life Orb
|faint|p1a: Mandibuzz
|
|
|switch|p1a: Ditto|Ditto|299\/299
|-damage|p1a: Ditto|262\/299|[from] Stealth Rock
|-damage|p1a: Ditto|225\/299|[from] Spikes
|-transform|p1a: Ditto|p2a: Weavile
|turn|5
|
|switch|p2a: Banette|Banette, F|332\/332
|-item|p1a: Ditto|Choice Scarf|[from] ability: Frisk|[of] p2a: Banette|[identify]
|move|p1a: Ditto|Low Kick|p2a: Banette
|-immune|p2a: Banette|[msg]
|
|turn|6
|
|switch|p1a: Hydreigon|Hydreigon, F|331\/331
|-damage|p1a: Hydreigon|290\/331|[from] Stealth Rock
|-formechange|p2a: Banette|Banette-Mega
|message|Banette has Mega Evolved into Mega Banette!
|move|p2a: Banette|Infestation|p1a: Hydreigon
|-supereffective|p1a: Hydreigon
|-damage|p1a: Hydreigon|258\/331
|-activate|p1a: Hydreigon|move: Infestation|[of] p2a: Banette
|
|-damage|p1a: Hydreigon|217\/331|[from] move: Infestation|[partiallytrapped]
|turn|7
|
|move|p2a: Banette|Protect|p2a: Banette
|-singleturn|p2a: Banette|Protect
|move|p1a: Hydreigon|Dark Pulse|p2a: Banette
|-activate|p2a: Banette|Protect
|
|-damage|p1a: Hydreigon|176\/331|[from] move: Infestation|[partiallytrapped]
|turn|8
|
|switch|p2a: Bisharp|Bisharp, M|271\/271
|move|p1a: Hydreigon|Dark Pulse|p2a: Bisharp
|-resisted|p2a: Bisharp
|-damage|p2a: Bisharp|131\/271
|
|-end|p1a: Hydreigon|Infestation|[partiallytrapped]
|turn|9
|
|move|p2a: Bisharp|Sucker Punch|p1a: Hydreigon
|-resisted|p1a: Hydreigon
|-damage|p1a: Hydreigon|67\/331
|-damage|p2a: Bisharp|104\/271|[from] item: Life Orb
|move|p1a: Hydreigon|Dark Pulse|p2a: Bisharp
|-crit|p2a: Bisharp
|-resisted|p2a: Bisharp
|-damage|p2a: Bisharp|0 fnt
|faint|p2a: Bisharp
|
|
|switch|p2a: Weavile|Weavile, M|132\/282
|turn|10
|
|move|p2a: Weavile|Ice Punch|p1a: Hydreigon
|-supereffective|p1a: Hydreigon
|-damage|p1a: Hydreigon|0 fnt
|-damage|p2a: Weavile|104\/282|[from] item: Life Orb
|faint|p1a: Hydreigon
|
|
|switch|p1a: Registeel|Registeel|364\/364
|-damage|p1a: Registeel|319\/364|[from] Spikes
|-damage|p1a: Registeel|297\/364|[from] Stealth Rock
|turn|11
|
|move|p2a: Weavile|Knock Off|p1a: Registeel
|-damage|p1a: Registeel|179\/364
|-enditem|p1a: Registeel|Leftovers|[from] move: Knock Off|[of] p2a: Weavile
|-damage|p2a: Weavile|76\/282|[from] item: Life Orb
|move|p1a: Registeel|Thunder Wave|p2a: Weavile
|-status|p2a: Weavile|par
|
|turn|12
|
|move|p1a: Registeel|Stealth Rock|p2a: Weavile
|-sidestart|p2: ninimia|move: Stealth Rock
|cant|p2a: Weavile|par
|
|turn|13
|
|move|p1a: Registeel|Seismic Toss|p2a: Weavile
|-damage|p2a: Weavile|0 fnt
|faint|p2a: Weavile
|
|
|switch|p2a: Talonflame|Talonflame, M|297\/297
|-damage|p2a: Talonflame|149\/297|[from] Stealth Rock
|turn|14
|
|switch|p1a: Ditto|Ditto|225\/299
|-damage|p1a: Ditto|188\/299|[from] Stealth Rock
|-damage|p1a: Ditto|151\/299|[from] Spikes
|-transform|p1a: Ditto|p2a: Talonflame
|move|p2a: Talonflame|Flare Blitz|p1a: Ditto
|-resisted|p1a: Ditto
|-damage|p1a: Ditto|0 fnt
|-damage|p2a: Talonflame|99\/297|[from] recoil|[of] p1a: Ditto
|faint|p1a: Ditto
|
|
|switch|p1a: Donphan|Donphan, M|384\/384
|-damage|p1a: Donphan|336\/384|[from] Spikes
|-damage|p1a: Donphan|312\/384|[from] Stealth Rock
|turn|15
|
|move|p2a: Talonflame|Flare Blitz|p1a: Donphan
|-damage|p1a: Donphan|87\/384
|-damage|p2a: Talonflame|25\/297|[from] recoil|[of] p1a: Donphan
|move|p1a: Donphan|Earthquake|p2a: Talonflame
|-immune|p2a: Talonflame|[msg]
|
|-heal|p1a: Donphan|111\/384|[from] item: Leftovers
|turn|16
|
|move|p1a: Donphan|Ice Shard|p2a: Talonflame
|-damage|p2a: Talonflame|0 fnt
|faint|p2a: Talonflame
|
|-heal|p1a: Donphan|135\/384|[from] item: Leftovers
|
|switch|p2a: Garchomp|Garchomp, F|358\/358
|-damage|p2a: Garchomp|336\/358|[from] Stealth Rock
|turn|17
|
|move|p1a: Donphan|Ice Shard|p2a: Garchomp
|-supereffective|p2a: Garchomp
|-damage|p2a: Garchomp|132\/358
|move|p2a: Garchomp|Earthquake|p1a: Donphan
|-damage|p1a: Donphan|0 fnt
|faint|p1a: Donphan
|
|
|switch|p1a: Gengar|Gengar, F|262\/262
|-damage|p1a: Gengar|230\/262|[from] Stealth Rock
|turn|18
|
|switch|p2a: Banette|Banette, F|332\/332
|-formechange|p2a: Banette|Banette-Mega
|-damage|p2a: Banette|291\/332|[from] Stealth Rock
|move|p1a: Gengar|Shadow Ball|p2a: Banette
|-supereffective|p2a: Banette
|-damage|p2a: Banette|0 fnt
|-damage|p1a: Gengar|204\/262|[from] item: Life Orb
|faint|p2a: Banette
|
|-message|ninimia forfeited.
|
|win|Will-I-am2
|raw|Ladder updating...
|leave|ninimia
|player|p2
|raw|Will-I-am2's rating: 1834 &rarr; <strong>1849<\/strong><br \/>(+15 for winning)
|raw|ninimia's rating: 1736 &rarr; <strong>1722<\/strong><br \/>(-14 for losing)