|join|ninimia
|join|Azure Demon15
|player|p1|ninimia|101
|player|p2|Azure Demon15|126
|gametype|singles
|gen|6
|tier|OU
|rated
|clearpoke
|poke|p1|Talonflame, M
|poke|p1|Bisharp, M
|poke|p1|Weavile, M
|poke|p1|Garchomp, M
|poke|p1|Banette, F
|poke|p1|Deoxys-Speed
|poke|p2|Keldeo, shiny
|poke|p2|Politoed, F
|poke|p2|Venusaur, M, shiny
|poke|p2|Jirachi
|poke|p2|Ludicolo, F
|poke|p2|Azumarill, M
|rule|Sleep Clause Mod: Limit one foe put to sleep
|rule|Species Clause: Limit one of each Pokemon
|rule|OHKO Clause: OHKO moves are banned
|rule|Moody Clause: Moody is banned
|rule|Evasion Moves Clause: Evasion moves are banned
|rule|Endless Battle Clause: Forcing endless battles is banned.
|rule|HP Percentage Mod: HP is reported as percentages
|teampreview
|
|start
|switch|p1a: Deoxys-Speed|Deoxys-Speed|304\/304
|switch|p2a: Jirachi|Jirachi|341\/341
|-ability|p1a: Deoxys-Speed|Pressure
|turn|1
|
|move|p1a: Deoxys-Speed|Taunt|p2a: Jirachi
|-start|p2a: Jirachi|move: Taunt
|move|p2a: Jirachi|Iron Head|p1a: Deoxys-Speed
|-damage|p1a: Deoxys-Speed|165\/304
|
|turn|2
|
|switch|p2a: Politoed|Politoed, F|384\/384
|-weather|RainDance
|move|p1a: Deoxys-Speed|Stealth Rock|p2a: Politoed
|-sidestart|p2: Azure Demon15|move: Stealth Rock
|
|-weather|RainDance|[upkeep]
|turn|3
|
|move|p1a: Deoxys-Speed|Spikes|p2a: Politoed
|-sidestart|p2: Azure Demon15|Spikes
|move|p2a: Politoed|Scald|p1a: Deoxys-Speed
|-damage|p1a: Deoxys-Speed|33\/304
|
|-weather|RainDance|[upkeep]
|turn|4
|
|move|p1a: Deoxys-Speed|Spikes|p2a: Politoed
|-sidestart|p2: Azure Demon15|Spikes
|move|p2a: Politoed|Scald|p1a: Deoxys-Speed
|-damage|p1a: Deoxys-Speed|0 fnt
|faint|p1a: Deoxys-Speed
|
|-weather|RainDance|[upkeep]
|
|switch|p1a: Banette|Banette, F|332\/332
|-item|p2a: Politoed|Damp Rock|[from] ability: Frisk|[of] p1a: Banette|[identify]
|turn|5
|
|-formechange|p1a: Banette|Banette-Mega
|message|Banette has Mega Evolved into Mega Banette!
|move|p2a: Politoed|Toxic|p1a: Banette
|-status|p1a: Banette|tox
|move|p1a: Banette|Infestation|p2a: Politoed
|-damage|p2a: Politoed|373\/384
|-activate|p2a: Politoed|move: Infestation|[of] p1a: Banette
|
|-weather|RainDance|[upkeep]
|-damage|p1a: Banette|312\/332 tox|[from] psn
|-damage|p2a: Politoed|325\/384|[from] move: Infestation|[partiallytrapped]
|turn|6
|
|move|p1a: Banette|Taunt|p2a: Politoed
|-start|p2a: Politoed|move: Taunt
|move|p2a: Politoed|Scald|p1a: Banette
|-damage|p1a: Banette|153\/332 tox
|
|-weather|RainDance|[upkeep]
|-damage|p1a: Banette|113\/332 tox|[from] psn
|-damage|p2a: Politoed|277\/384|[from] move: Infestation|[partiallytrapped]
|turn|7
|
|move|p1a: Banette|Destiny Bond|p1a: Banette
|-singlemove|p1a: Banette|Destiny Bond
|move|p2a: Politoed|Ice Beam|p1a: Banette
|-damage|p1a: Banette|39\/332 tox
|
|-weather|RainDance|[upkeep]
|-damage|p1a: Banette|0 fnt|[from] psn
|-end|p2a: Politoed|Infestation|[partiallytrapped]
|faint|p1a: Banette
|
|switch|p1a: Talonflame|Talonflame, M|297\/297
|turn|8
|
|move|p1a: Talonflame|Brave Bird|p2a: Politoed
|-crit|p2a: Politoed
|-damage|p2a: Politoed|0 fnt
|-damage|p1a: Talonflame|206\/297|[from] recoil|[of] p2a: Politoed
|faint|p2a: Politoed
|
|-weather|RainDance|[upkeep]
|chat|Azure Demon15|Damn crit...
|
|switch|p2a: Azumarill|Azumarill, M|404\/404
|-damage|p2a: Azumarill|337\/404|[from] Spikes
|-damage|p2a: Azumarill|287\/404|[from] Stealth Rock
|turn|9
|
|move|p1a: Talonflame|Brave Bird|p2a: Azumarill
|-damage|p2a: Azumarill|0 fnt
|-damage|p1a: Talonflame|111\/297|[from] recoil|[of] p2a: Azumarill
|faint|p2a: Azumarill
|
|-weather|none
|
|switch|p2a: Ludicolo|Ludicolo, F|301\/301
|-damage|p2a: Ludicolo|251\/301|[from] Spikes
|-damage|p2a: Ludicolo|214\/301|[from] Stealth Rock
|turn|10
|
|move|p1a: Talonflame|Brave Bird|p2a: Ludicolo
|-supereffective|p2a: Ludicolo
|-damage|p2a: Ludicolo|0 fnt
|-damage|p1a: Talonflame|40\/297|[from] recoil|[of] p2a: Ludicolo
|faint|p2a: Ludicolo
|
|
|switch|p2a: Jirachi|Jirachi|341\/341
|-damage|p2a: Jirachi|320\/341|[from] Stealth Rock
|-damage|p2a: Jirachi|264\/341|[from] Spikes
|turn|11
|
|switch|p1a: Garchomp|Garchomp, M|358\/358
|move|p2a: Jirachi|Stealth Rock|p1a: Garchomp
|-sidestart|p1: ninimia|move: Stealth Rock
|
|turn|12
|
|switch|p2a: Venusaur|Venusaur, M, shiny|364\/364
|-damage|p2a: Venusaur|319\/364|[from] Stealth Rock
|-damage|p2a: Venusaur|259\/364|[from] Spikes
|move|p1a: Garchomp|Swords Dance|p1a: Garchomp
|-boost|p1a: Garchomp|atk|2
|
|turn|13
|
|-formechange|p2a: Venusaur|Venusaur-Mega
|message|Venusaur has Mega Evolved into Mega Venusaur!
|move|p1a: Garchomp|Earthquake|p2a: Venusaur
|-damage|p2a: Venusaur|0 fnt
|faint|p2a: Venusaur
|
|
|switch|p2a: Jirachi|Jirachi|264\/341
|-damage|p2a: Jirachi|243\/341|[from] Stealth Rock
|-damage|p2a: Jirachi|187\/341|[from] Spikes
|turn|14
|
|move|p2a: Jirachi|Ice Punch|p1a: Garchomp
|-supereffective|p1a: Garchomp
|-damage|p1a: Garchomp|42\/358
|-damage|p2a: Jirachi|145\/341|[from] ability: Rough Skin|[of] p1a: Garchomp
|move|p1a: Garchomp|Earthquake|p2a: Jirachi
|-supereffective|p2a: Jirachi
|-damage|p2a: Jirachi|0 fnt
|faint|p2a: Jirachi
|
|
|switch|p2a: Keldeo|Keldeo, shiny|323\/323
|-damage|p2a: Keldeo|303\/323|[from] Stealth Rock
|-damage|p2a: Keldeo|250\/323|[from] Spikes
|turn|15
|
|move|p2a: Keldeo|Secret Sword|p1a: Garchomp
|-damage|p1a: Garchomp|0 fnt
|-damage|p2a: Keldeo|218\/323|[from] item: Life Orb
|faint|p1a: Garchomp
|
|
|switch|p1a: Weavile|Weavile, M|282\/282
|-damage|p1a: Weavile|212\/282|[from] Stealth Rock
|turn|16
|
|switch|p1a: Talonflame|Talonflame, M|40\/297
|-damage|p1a: Talonflame|0 fnt|[from] Stealth Rock
|faint|p1a: Talonflame
|move|p2a: Keldeo|Secret Sword|p1: Talonflame|[notarget]
|-notarget
|
|
|switch|p1a: Weavile|Weavile, M|212\/282
|-damage|p1a: Weavile|142\/282|[from] Stealth Rock
|turn|17
|
|move|p1a: Weavile|Ice Shard|p2a: Keldeo
|-resisted|p2a: Keldeo
|-damage|p2a: Keldeo|171\/323
|-damage|p1a: Weavile|114\/282|[from] item: Life Orb
|move|p2a: Keldeo|Secret Sword|p1a: Weavile
|-supereffective|p1a: Weavile
|-damage|p1a: Weavile|0 fnt
|-damage|p2a: Keldeo|139\/323|[from] item: Life Orb
|faint|p1a: Weavile
|
|
|switch|p1a: Bisharp|Bisharp, M|271\/271
|-damage|p1a: Bisharp|255\/271|[from] Stealth Rock
|turn|18
|
|move|p1a: Bisharp|Sucker Punch|p2a: Keldeo
|-resisted|p2a: Keldeo
|-damage|p2a: Keldeo|25\/323
|-boost|p2a: Keldeo|atk|1|[from] ability: Justified
|-damage|p1a: Bisharp|228\/271|[from] item: Life Orb
|move|p2a: Keldeo|Secret Sword|p1a: Bisharp
|-supereffective|p1a: Bisharp
|-damage|p1a: Bisharp|0 fnt
|-damage|p2a: Keldeo|0 fnt|[from] item: Life Orb
|faint|p1a: Bisharp
|faint|p2a: Keldeo
|
|tie
|raw|Ladder updating...
|raw|ninimia's rating: 1776 &rarr; <strong>1769<\/strong><br \/>(-7 for tying)
|raw|Azure Demon15's rating: 1654 &rarr; <strong>1661<\/strong><br \/>(+7 for tying)
|leave|ninimia
|player|p1