|join|RS 7n7
|join|ninimia
|player|p1|RS 7n7|29
|player|p2|ninimia|102
|gametype|singles
|gen|6
|tier|OU
|rated
|clearpoke
|poke|p1|Deoxys-Speed
|poke|p1|Bisharp, M
|poke|p1|Tyranitar, M
|poke|p1|Garchomp, M
|poke|p1|Azumarill, F
|poke|p1|Thundurus, M
|poke|p2|Talonflame, M
|poke|p2|Bisharp, F
|poke|p2|Weavile, F
|poke|p2|Garchomp, M
|poke|p2|Banette, M
|poke|p2|Deoxys-Speed
|rule|Sleep Clause Mod: Limit one foe put to sleep
|rule|Species Clause: Limit one of each Pokemon
|rule|OHKO Clause: OHKO moves are banned
|rule|Moody Clause: Moody is banned
|rule|Evasion Moves Clause: Evasion moves are banned
|rule|Endless Battle Clause: Forcing endless battles is banned.
|rule|HP Percentage Mod: HP is reported as percentages
|teampreview
|
|start
|switch|p1a: Garchomp|Garchomp, M|358\/358
|switch|p2a: Deoxys-Speed|Deoxys-Speed|242\/242
|-ability|p2a: Deoxys-Speed|Pressure
|turn|1
|
|move|p2a: Deoxys-Speed|Stealth Rock|p1a: Garchomp
|-sidestart|p1: RS 7n7|move: Stealth Rock
|move|p1a: Garchomp|Earthquake|p2a: Deoxys-Speed
|-damage|p2a: Deoxys-Speed|56\/242
|
|turn|2
|join|Cienight
|
|move|p2a: Deoxys-Speed|Taunt|p1a: Garchomp
|-start|p1a: Garchomp|move: Taunt
|move|p1a: Garchomp|Earthquake|p2a: Deoxys-Speed
|-damage|p2a: Deoxys-Speed|0 fnt
|faint|p2a: Deoxys-Speed
|
|join|tst_100
|join|testing45
|join|Yolocalypse
|
|switch|p2a: Weavile|Weavile, F|282\/282
|turn|3
|
|move|p2a: Weavile|Ice Punch|p1a: Garchomp
|-supereffective|p1a: Garchomp
|-enditem|p1a: Garchomp|Focus Sash
|-damage|p1a: Garchomp|1\/358
|-damage|p2a: Weavile|247\/282|[from] ability: Rough Skin|[of] p1a: Garchomp
|-damage|p2a: Weavile|219\/282|[from] item: Life Orb
|move|p1a: Garchomp|Outrage|p2a: Weavile
|-damage|p2a: Weavile|0 fnt
|faint|p2a: Weavile
|
|join|26DUDE26
|
|switch|p2a: Talonflame|Talonflame, M|297\/297
|turn|4
|
|move|p2a: Talonflame|U-turn|p1a: Garchomp
|-crit|p1a: Garchomp
|-damage|p1a: Garchomp|0 fnt
|-damage|p2a: Talonflame|260\/297|[from] ability: Rough Skin|[of] p1a: Garchomp
|faint|p1a: Garchomp
|
|switch|p2a: Banette|Banette, M|332\/332
|
|
|switch|p1a: Bisharp|Bisharp, M|271\/271
|-damage|p1a: Bisharp|255\/271|[from] Stealth Rock
|turn|5
|
|-formechange|p2a: Banette|Banette-Mega
|message|Banette has Mega Evolved into Mega Banette!
|move|p1a: Bisharp|Knock Off|p2a: Banette
|-supereffective|p2a: Banette
|-damage|p2a: Banette|51\/332
|-damage|p1a: Bisharp|228\/271|[from] item: Life Orb
|move|p2a: Banette|Infestation|p1a: Bisharp
|-damage|p1a: Bisharp|206\/271
|-activate|p1a: Bisharp|move: Infestation|[of] p2a: Banette
|
|-damage|p1a: Bisharp|173\/271|[from] move: Infestation|[partiallytrapped]
|turn|6
|
|move|p2a: Banette|Protect|p2a: Banette
|-singleturn|p2a: Banette|Protect
|move|p1a: Bisharp|Knock Off|p2a: Banette
|-activate|p2a: Banette|Protect
|
|-damage|p1a: Bisharp|140\/271|[from] move: Infestation|[partiallytrapped]
|turn|7
|
|move|p2a: Banette|Destiny Bond|p2a: Banette
|-singlemove|p2a: Banette|Destiny Bond
|move|p1a: Bisharp|Knock Off|p2a: Banette
|-supereffective|p2a: Banette
|-damage|p2a: Banette|0 fnt
|-damage|p1a: Bisharp|113\/271|[from] item: Life Orb
|faint|p2a: Banette
|-activate|p2a: Banette|Destiny Bond
|faint|p1a: Bisharp
|
|join|AtrueGenius
|chat|tst_100|holy shit that thing looks scary
|join|AjTheEpic
|join|fshckmn
|
|switch|p2a: Bisharp|Bisharp, F|271\/271
|switch|p1a: Azumarill|Azumarill, F|358\/358
|-damage|p1a: Azumarill|314\/358|[from] Stealth Rock
|turn|8
|
|move|p2a: Bisharp|Iron Head|p1a: Azumarill
|-damage|p1a: Azumarill|71\/358
|-damage|p2a: Bisharp|244\/271|[from] item: Life Orb
|cant|p1a: Azumarill|flinch
|
|turn|9
|chat|RS 7n7|lol
|chat|RS 7n7|i hate this game
|
|move|p1a: Azumarill|Aqua Jet|p2a: Bisharp
|-damage|p2a: Bisharp|118\/271
|move|p2a: Bisharp|Knock Off|p1a: Azumarill
|-resisted|p1a: Azumarill
|-damage|p1a: Azumarill|0 fnt
|-damage|p2a: Bisharp|91\/271|[from] item: Life Orb
|faint|p1a: Azumarill
|
|
|switch|p1a: Thundurus|Thundurus, M|299\/299
|-damage|p1a: Thundurus|225\/299|[from] Stealth Rock
|turn|10
|
|move|p1a: Thundurus|Thunderbolt|p2a: Bisharp
|-damage|p2a: Bisharp|0 fnt
|-damage|p1a: Thundurus|196\/299|[from] item: Life Orb
|faint|p2a: Bisharp
|
|
|switch|p2a: Talonflame|Talonflame, M|260\/297
|turn|11
|
|move|p2a: Talonflame|Brave Bird|p1a: Thundurus
|-resisted|p1a: Thundurus
|-damage|p1a: Thundurus|12\/299
|-damage|p2a: Talonflame|199\/297|[from] recoil|[of] p1a: Thundurus
|move|p1a: Thundurus|Thunderbolt|p2a: Talonflame
|-supereffective|p2a: Talonflame
|-damage|p2a: Talonflame|0 fnt
|-damage|p1a: Thundurus|0 fnt|[from] item: Life Orb
|faint|p2a: Talonflame
|faint|p1a: Thundurus
|
|
|switch|p2a: Garchomp|Garchomp, M|358\/358
|switch|p1a: Tyranitar|Tyranitar, M|342\/342
|-damage|p1a: Tyranitar|300\/342|[from] Stealth Rock
|-weather|Sandstorm
|turn|12
|
|-formechange|p1a: Tyranitar|Tyranitar-Mega
|message|Tyranitar has Mega Evolved into Mega Tyranitar!
|move|p2a: Garchomp|Earthquake|p1a: Tyranitar
|-supereffective|p1a: Tyranitar
|-damage|p1a: Tyranitar|60\/342
|move|p1a: Tyranitar|Ice Punch|p2a: Garchomp
|-supereffective|p2a: Garchomp
|-damage|p2a: Garchomp|0 fnt
|-damage|p1a: Tyranitar|18\/342|[from] ability: Rough Skin|[of] p2a: Garchomp
|faint|p2a: Garchomp
|
|win|RS 7n7
|raw|Ladder updating...
|chat|tst_100|nice roll
|raw|RS 7n7's rating: 1913 &rarr; <strong>1925<\/strong><br \/>(+12 for winning)
|raw|ninimia's rating: 1754 &rarr; <strong>1743<\/strong><br \/>(-11 for losing)
|chat|AjTheEpic|Ice beam?
|chat|tst_100|last turn
|chat|tst_100|no
|leave|ninimia
|player|p2
|chat|AjTheEpic|ICE PUNCH
|chat|tst_100|the bb