|join|ninimia
|join|Azure demon15
|player|p1|ninimia|170
|player|p2|Azure demon15|126
|gametype|singles
|gen|6
|tier|OU
|rated
|clearpoke
|poke|p1|Talonflame, M
|poke|p1|Bisharp, M
|poke|p1|Weavile, F
|poke|p1|Garchomp, M
|poke|p1|Banette, F
|poke|p1|Deoxys-Speed
|poke|p2|Deoxys-Speed, shiny
|poke|p2|Bisharp, F, shiny
|poke|p2|Latios, M, shiny
|poke|p2|Heatran, F
|poke|p2|Mandibuzz, F, shiny
|poke|p2|Medicham, F, shiny
|rule|Sleep Clause Mod: Limit one foe put to sleep
|rule|Species Clause: Limit one of each Pokemon
|rule|OHKO Clause: OHKO moves are banned
|rule|Moody Clause: Moody is banned
|rule|Evasion Moves Clause: Evasion moves are banned
|rule|Endless Battle Clause: Forcing endless battles is banned.
|rule|HP Percentage Mod: HP is reported as percentages
|teampreview
|
|start
|switch|p1a: Deoxys-Speed|Deoxys-Speed|304\/304
|switch|p2a: Godspeed|Deoxys-Speed, shiny|241\/241
|-ability|p2a: Godspeed|Pressure
|-ability|p1a: Deoxys-Speed|Pressure
|turn|1
|
|move|p1a: Deoxys-Speed|Magic Coat|p1a: Deoxys-Speed
|-singleturn|p1a: Deoxys-Speed|move: Magic Coat
|move|p2a: Godspeed|Knock Off|p1a: Deoxys-Speed
|-supereffective|p1a: Deoxys-Speed
|-damage|p1a: Deoxys-Speed|57\/304
|-enditem|p1a: Deoxys-Speed|Focus Sash|[from] move: Knock Off|[of] p2a: Godspeed
|-damage|p2a: Godspeed|217\/241|[from] item: Life Orb
|
|turn|2
|
|move|p1a: Deoxys-Speed|Stealth Rock|p2a: Godspeed
|-sidestart|p2: Azure demon15|move: Stealth Rock
|move|p2a: Godspeed|Thunderbolt|p1a: Deoxys-Speed
|-damage|p1a: Deoxys-Speed|0 fnt
|-damage|p2a: Godspeed|193\/241|[from] item: Life Orb
|faint|p1a: Deoxys-Speed
|
|
|switch|p1a: Talonflame|Talonflame, M|297\/297
|turn|3
|
|switch|p2a: Heatran|Heatran, F|386\/386
|-damage|p2a: Heatran|338\/386|[from] Stealth Rock
|move|p1a: Talonflame|Brave Bird|p2a: Heatran
|-resisted|p2a: Heatran
|-damage|p2a: Heatran|215\/386
|-damage|p1a: Talonflame|256\/297|[from] recoil|[of] p2a: Heatran
|
|-heal|p2a: Heatran|239\/386|[from] item: Leftovers
|turn|4
|
|move|p1a: Talonflame|Brave Bird|p2a: Heatran
|-resisted|p2a: Heatran
|-damage|p2a: Heatran|111\/386
|-damage|p1a: Talonflame|214\/297|[from] recoil|[of] p2a: Heatran
|move|p2a: Heatran|Stealth Rock|p1a: Talonflame
|-sidestart|p1: ninimia|move: Stealth Rock
|
|-heal|p2a: Heatran|135\/386|[from] item: Leftovers
|turn|5
|
|move|p1a: Talonflame|Brave Bird|p2a: Heatran
|-crit|p2a: Heatran
|-resisted|p2a: Heatran
|-damage|p2a: Heatran|0 fnt
|-damage|p1a: Talonflame|169\/297|[from] recoil|[of] p2a: Heatran
|faint|p2a: Heatran
|
|
|switch|p2a: Megaman|Bisharp, F, shiny|272\/272
|-damage|p2a: Megaman|255\/272|[from] Stealth Rock
|turn|6
|
|move|p1a: Talonflame|Brave Bird|p2a: Megaman
|-crit|p2a: Megaman
|-resisted|p2a: Megaman
|-damage|p2a: Megaman|66\/272
|-damage|p1a: Talonflame|107\/297|[from] recoil|[of] p2a: Megaman
|move|p2a: Megaman|Knock Off|p1a: Talonflame
|-damage|p1a: Talonflame|0 fnt
|-damage|p2a: Megaman|39\/272|[from] item: Life Orb
|faint|p1a: Talonflame
|
|
|switch|p1a: Weavile|Weavile, F|282\/282
|-damage|p1a: Weavile|212\/282|[from] Stealth Rock
|turn|7
|chat|Azure demon15|Come on with the hax...
|
|move|p2a: Megaman|Sucker Punch|p1a: Weavile
|-resisted|p1a: Weavile
|-damage|p1a: Weavile|76\/282
|-damage|p2a: Megaman|12\/272|[from] item: Life Orb
|move|p1a: Weavile|Knock Off|p2a: Megaman
|-resisted|p2a: Megaman
|-damage|p2a: Megaman|0 fnt
|-damage|p1a: Weavile|48\/282|[from] item: Life Orb
|faint|p2a: Megaman
|
|
|switch|p2a: Medicham|Medicham, F, shiny|261\/261
|-damage|p2a: Medicham|245\/261|[from] Stealth Rock
|turn|8
|
|-formechange|p2a: Medicham|Medicham-Mega
|message|Medicham has Mega Evolved into Mega Medicham!
|move|p2a: Medicham|Fake Out|p1a: Weavile
|-damage|p1a: Weavile|0 fnt
|faint|p1a: Weavile
|
|
|switch|p1a: Banette|Banette, F|332\/332
|-damage|p1a: Banette|291\/332|[from] Stealth Rock
|-item|p2a: Medicham|Medichamite|[from] ability: Frisk|[of] p1a: Banette|[identify]
|turn|9
|
|switch|p2a: Psychojet|Latios, M, shiny|302\/302
|-damage|p2a: Psychojet|265\/302|[from] Stealth Rock
|-formechange|p1a: Banette|Banette-Mega
|message|Banette has Mega Evolved into Mega Banette!
|move|p1a: Banette|Infestation|p2a: Psychojet
|-supereffective|p2a: Psychojet
|-damage|p2a: Psychojet|233\/302
|-activate|p2a: Psychojet|move: Infestation|[of] p1a: Banette
|
|-damage|p2a: Psychojet|196\/302|[from] move: Infestation|[partiallytrapped]
|turn|10
|
|move|p1a: Banette|Destiny Bond|p1a: Banette
|-singlemove|p1a: Banette|Destiny Bond
|move|p2a: Psychojet|Draco Meteor|p1a: Banette
|-damage|p1a: Banette|0 fnt
|-unboost|p2a: Psychojet|spa|2
|faint|p1a: Banette
|-activate|p1a: Banette|Destiny Bond
|faint|p2a: Psychojet
|
|
|switch|p2a: Medicham|Medicham, F, shiny|245\/261
|-formechange|p2a: Medicham|Medicham-Mega
|-damage|p2a: Medicham|229\/261|[from] Stealth Rock
|switch|p1a: Bisharp|Bisharp, M|271\/271
|-damage|p1a: Bisharp|255\/271|[from] Stealth Rock
|turn|11
|
|switch|p1a: Garchomp|Garchomp, M|358\/358
|-damage|p1a: Garchomp|336\/358|[from] Stealth Rock
|move|p2a: Medicham|High Jump Kick|p1a: Garchomp
|-damage|p1a: Garchomp|0 fnt
|-damage|p2a: Medicham|197\/261|[from] ability: Rough Skin|[of] p1a: Garchomp
|faint|p1a: Garchomp
|
|
|switch|p1a: Bisharp|Bisharp, M|255\/271
|-damage|p1a: Bisharp|239\/271|[from] Stealth Rock
|turn|12
|
|move|p1a: Bisharp|Sucker Punch|p2a: Medicham
|-damage|p2a: Medicham|0 fnt
|-damage|p1a: Bisharp|212\/271|[from] item: Life Orb
|faint|p2a: Medicham
|
|
|switch|p2a: Mandibuzz|Mandibuzz, F, shiny|424\/424
|-damage|p2a: Mandibuzz|318\/424|[from] Stealth Rock
|turn|13
|
|move|p1a: Bisharp|Swords Dance|p1a: Bisharp
|-boost|p1a: Bisharp|atk|2
|move|p2a: Mandibuzz|Foul Play|p1a: Bisharp
|-resisted|p1a: Bisharp
|-damage|p1a: Bisharp|26\/271
|
|-heal|p2a: Mandibuzz|344\/424|[from] item: Leftovers
|turn|14
|
|move|p1a: Bisharp|Iron Head|p2a: Mandibuzz
|-damage|p2a: Mandibuzz|54\/424
|-damage|p1a: Bisharp|0 fnt|[from] item: Life Orb
|faint|p1a: Bisharp
|
|win|Azure demon15
|raw|Ladder updating...
|leave|ninimia
|player|p1
|raw|ninimia's rating: 1678 &rarr; <strong>1656<\/strong><br \/>(-22 for losing)
|raw|Azure demon15's rating: 1638 &rarr; <strong>1660<\/strong><br \/>(+22 for winning)