|join|ninimia
|join|dtw
|player|p1|ninimia|170
|player|p2|dtw|1
|gametype|singles
|gen|6
|tier|OU
|rated
|clearpoke
|poke|p1|Talonflame, F
|poke|p1|Bisharp, M
|poke|p1|Weavile, M
|poke|p1|Garchomp, M
|poke|p1|Banette, M
|poke|p1|Deoxys-Speed
|poke|p2|Tyranitar, M
|poke|p2|Landorus, M
|poke|p2|Keldeo
|poke|p2|Ferrothorn, F
|poke|p2|Gyarados, F
|poke|p2|Clefable, F
|rule|Sleep Clause Mod: Limit one foe put to sleep
|rule|Species Clause: Limit one of each Pokemon
|rule|OHKO Clause: OHKO moves are banned
|rule|Moody Clause: Moody is banned
|rule|Evasion Moves Clause: Evasion moves are banned
|rule|Endless Battle Clause: Forcing endless battles is banned.
|rule|HP Percentage Mod: HP is reported as percentages
|teampreview
|
|start
|switch|p1a: Deoxys-Speed|Deoxys-Speed|304\/304
|switch|p2a: Ferrothorn|Ferrothorn, F|352\/352
|-ability|p1a: Deoxys-Speed|Pressure
|turn|1
|
|move|p1a: Deoxys-Speed|Stealth Rock|p2a: Ferrothorn
|-sidestart|p2: dtw|move: Stealth Rock
|move|p2a: Ferrothorn|Gyro Ball|p1a: Deoxys-Speed
|-damage|p1a: Deoxys-Speed|118\/304
|
|turn|2
|
|move|p1a: Deoxys-Speed|Taunt|p2a: Ferrothorn
|-start|p2a: Ferrothorn|move: Taunt
|cant|p2a: Ferrothorn|move: Taunt|Stealth Rock
|
|turn|3
|
|move|p1a: Deoxys-Speed|Spikes|p2a: Ferrothorn
|-sidestart|p2: dtw|Spikes
|move|p2a: Ferrothorn|Gyro Ball|p1a: Deoxys-Speed
|-damage|p1a: Deoxys-Speed|0 fnt
|faint|p1a: Deoxys-Speed
|
|
|switch|p1a: Talonflame|Talonflame, F|297\/297
|turn|4
|
|move|p1a: Talonflame|U-turn|p2a: Ferrothorn
|-damage|p2a: Ferrothorn|293\/352
|-damage|p1a: Talonflame|260\/297|[from] ability: Iron Barbs|[of] p2a: Ferrothorn
|-damage|p1a: Talonflame|211\/297|[from] item: Rocky Helmet|[of] p2a: Ferrothorn
|
|switch|p1a: Banette|Banette, M|332\/332
|-item|p2a: Ferrothorn|Rocky Helmet|[from] ability: Frisk|[of] p1a: Banette|[identify]
|move|p2a: Ferrothorn|Gyro Ball|p1a: Banette
|-damage|p1a: Banette|214\/332
|
|-end|p2a: Ferrothorn|move: Taunt
|turn|5
|
|switch|p2a: Clefable|Clefable, F|394\/394
|-formechange|p1a: Banette|Banette-Mega
|message|Banette has Mega Evolved into Mega Banette!
|move|p1a: Banette|Taunt|p2a: Clefable
|-start|p2a: Clefable|move: Taunt
|
|turn|6
|
|move|p1a: Banette|Infestation|p2a: Clefable
|-resisted|p2a: Clefable
|-damage|p2a: Clefable|385\/394
|-activate|p2a: Clefable|move: Infestation|[of] p1a: Banette
|move|p2a: Clefable|Moonblast|p1a: Banette
|-damage|p1a: Banette|0 fnt
|faint|p1a: Banette
|
|-end|p2a: Clefable|Infestation|[partiallytrapped]
|
|switch|p1a: Bisharp|Bisharp, M|271\/271
|turn|7
|
|switch|p2a: Ferrothorn|Ferrothorn, F|293\/352
|-damage|p2a: Ferrothorn|271\/352|[from] Stealth Rock
|-damage|p2a: Ferrothorn|227\/352|[from] Spikes
|move|p1a: Bisharp|Iron Head|p2a: Ferrothorn
|-resisted|p2a: Ferrothorn
|-damage|p2a: Ferrothorn|165\/352
|-damage|p1a: Bisharp|238\/271|[from] ability: Iron Barbs|[of] p2a: Ferrothorn
|-damage|p1a: Bisharp|193\/271|[from] item: Rocky Helmet|[of] p2a: Ferrothorn
|-damage|p1a: Bisharp|166\/271|[from] item: Life Orb
|
|turn|8
|
|move|p1a: Bisharp|Swords Dance|p1a: Bisharp
|-boost|p1a: Bisharp|atk|2
|move|p2a: Ferrothorn|Thunder Wave|p1a: Bisharp
|-status|p1a: Bisharp|par
|
|turn|9
|
|move|p1a: Bisharp|Swords Dance|p1a: Bisharp
|-boost|p1a: Bisharp|atk|2
|move|p2a: Ferrothorn|Leech Seed|p1a: Bisharp|[miss]
|-miss|p2a: Ferrothorn|p1a: Bisharp
|
|turn|10
|
|move|p1a: Bisharp|Knock Off|p2a: Ferrothorn
|-crit|p2a: Ferrothorn
|-damage|p2a: Ferrothorn|0 fnt
|-damage|p1a: Bisharp|133\/271 par|[from] ability: Iron Barbs|[of] p2a: Ferrothorn
|-damage|p1a: Bisharp|88\/271 par|[from] item: Rocky Helmet|[of] p2a: Ferrothorn
|-damage|p1a: Bisharp|61\/271 par|[from] item: Life Orb
|faint|p2a: Ferrothorn
|
|
|switch|p2a: Clefable|Clefable, F|385\/394
|turn|11
|
|move|p2a: Clefable|Moonblast|p1a: Bisharp
|-damage|p1a: Bisharp|0 fnt
|faint|p1a: Bisharp
|
|
|switch|p1a: Talonflame|Talonflame, F|211\/297
|turn|12
|
|switch|p2a: Tyranitar|Tyranitar, M|342\/342
|-damage|p2a: Tyranitar|300\/342|[from] Spikes
|-damage|p2a: Tyranitar|258\/342|[from] Stealth Rock
|-weather|Sandstorm
|move|p1a: Talonflame|Brave Bird|p2a: Tyranitar
|-resisted|p2a: Tyranitar
|-damage|p2a: Tyranitar|135\/342
|-damage|p1a: Talonflame|170\/297|[from] recoil|[of] p2a: Tyranitar
|
|-weather|Sandstorm|[upkeep]
|-damage|p1a: Talonflame|152\/297|[from] sandstorm
|turn|13
|
|switch|p1a: Garchomp|Garchomp, M|358\/358
|move|p2a: Tyranitar|Ice Punch|p1a: Garchomp
|-supereffective|p1a: Garchomp
|-damage|p1a: Garchomp|6\/358
|-damage|p2a: Tyranitar|93\/342|[from] ability: Rough Skin|[of] p1a: Garchomp
|
|-weather|Sandstorm|[upkeep]
|turn|14
|
|move|p2a: Tyranitar|Ice Punch|p1a: Garchomp
|-supereffective|p1a: Garchomp
|-damage|p1a: Garchomp|0 fnt
|-damage|p2a: Tyranitar|51\/342|[from] ability: Rough Skin|[of] p1a: Garchomp
|faint|p1a: Garchomp
|
|-weather|Sandstorm|[upkeep]
|
|switch|p1a: Weavile|Weavile, M|282\/282
|turn|15
|
|move|p1a: Weavile|Knock Off|p2a: Tyranitar
|-resisted|p2a: Tyranitar
|-damage|p2a: Tyranitar|0 fnt
|-damage|p1a: Weavile|254\/282|[from] item: Life Orb
|faint|p2a: Tyranitar
|
|-weather|Sandstorm|[upkeep]
|-damage|p1a: Weavile|237\/282|[from] sandstorm
|
|switch|p2a: Gyarados|Gyarados, F|353\/353
|-damage|p2a: Gyarados|265\/353|[from] Stealth Rock
|-ability|p2a: Gyarados|Intimidate|[of] p1a: Weavile
|-unboost|p1a: Weavile|atk|1
|turn|16
|
|move|p1a: Weavile|Ice Punch|p2a: Gyarados
|-damage|p2a: Gyarados|125\/353
|-damage|p1a: Weavile|209\/282|[from] item: Life Orb
|move|p2a: Gyarados|Waterfall|p1a: Weavile
|-damage|p1a: Weavile|5\/282
|
|-weather|none
|-heal|p2a: Gyarados|147\/353|[from] item: Leftovers
|turn|17
|
|move|p1a: Weavile|Knock Off|p2a: Gyarados
|-damage|p2a: Gyarados|0 fnt
|-damage|p1a: Weavile|0 fnt|[from] item: Life Orb
|faint|p2a: Gyarados
|faint|p1a: Weavile
|
|
|switch|p1a: Talonflame|Talonflame, F|152\/297
|switch|p2a: Clefable|Clefable, F|385\/394
|turn|18
|
|move|p1a: Talonflame|Brave Bird|p2a: Clefable
|-damage|p2a: Clefable|61\/394
|-damage|p1a: Talonflame|45\/297|[from] recoil|[of] p2a: Clefable
|move|p2a: Clefable|Hidden Power|p1a: Talonflame
|-supereffective|p1a: Talonflame
|-damage|p1a: Talonflame|0 fnt
|faint|p1a: Talonflame
|
|win|dtw
|raw|Ladder updating...
|raw|ninimia's rating: 1754 &rarr; <strong>1731<\/strong><br \/>(-23 for losing)
|raw|dtw's rating: 1709 &rarr; <strong>1731<\/strong><br \/>(+22 for winning)
|leave|ninimia
|player|p1
|chat|dtw|gg