|join|ninimia
|join|Level 56
|player|p1|ninimia|170
|player|p2|Level 56|291
|gametype|singles
|gen|6
|tier|OU
|rated
|clearpoke
|poke|p1|Talonflame, F
|poke|p1|Bisharp, M
|poke|p1|Weavile, M
|poke|p1|Garchomp, M
|poke|p1|Banette, M
|poke|p1|Deoxys-Speed
|poke|p2|Gardevoir, F
|poke|p2|Excadrill, M
|poke|p2|Thundurus, M
|poke|p2|Bisharp, M
|poke|p2|Manaphy
|poke|p2|Deoxys-Speed
|rule|Sleep Clause Mod: Limit one foe put to sleep
|rule|Species Clause: Limit one of each Pokemon
|rule|OHKO Clause: OHKO moves are banned
|rule|Moody Clause: Moody is banned
|rule|Evasion Moves Clause: Evasion moves are banned
|rule|Endless Battle Clause: Forcing endless battles is banned.
|rule|HP Percentage Mod: HP is reported as percentages
|teampreview
|
|start
|switch|p1a: Deoxys-Speed|Deoxys-Speed|303\/303
|switch|p2a: Deoxys-Speed|Deoxys-Speed|241\/241
|-ability|p1a: Deoxys-Speed|Pressure
|-ability|p2a: Deoxys-Speed|Pressure
|turn|1
|
|move|p2a: Deoxys-Speed|Stealth Rock|p1a: Deoxys-Speed
|-sidestart|p1: ninimia|move: Stealth Rock
|move|p1a: Deoxys-Speed|Taunt|p2a: Deoxys-Speed
|-start|p2a: Deoxys-Speed|move: Taunt
|
|turn|2
|
|move|p2a: Deoxys-Speed|Knock Off|p1a: Deoxys-Speed
|-supereffective|p1a: Deoxys-Speed
|-damage|p1a: Deoxys-Speed|117\/303
|-enditem|p1a: Deoxys-Speed|Focus Sash|[from] move: Knock Off|[of] p2a: Deoxys-Speed
|move|p1a: Deoxys-Speed|Stealth Rock|p2a: Deoxys-Speed
|-sidestart|p2: Level 56|move: Stealth Rock
|
|turn|3
|
|move|p1a: Deoxys-Speed|Spikes|p2a: Deoxys-Speed
|-sidestart|p2: Level 56|Spikes
|move|p2a: Deoxys-Speed|Knock Off|p1a: Deoxys-Speed
|-supereffective|p1a: Deoxys-Speed
|-damage|p1a: Deoxys-Speed|0 fnt
|faint|p1a: Deoxys-Speed
|
|
|switch|p1a: Garchomp|Garchomp, M|358\/358
|-damage|p1a: Garchomp|336\/358|[from] Stealth Rock
|turn|4
|
|move|p2a: Deoxys-Speed|Knock Off|p1a: Garchomp
|-damage|p1a: Garchomp|244\/358
|-damage|p2a: Deoxys-Speed|211\/241|[from] ability: Rough Skin|[of] p1a: Garchomp
|-enditem|p1a: Garchomp|Lum Berry|[from] move: Knock Off|[of] p2a: Deoxys-Speed
|move|p1a: Garchomp|Earthquake|p2a: Deoxys-Speed
|-damage|p2a: Deoxys-Speed|13\/241
|
|-end|p2a: Deoxys-Speed|move: Taunt
|turn|5
|
|move|p2a: Deoxys-Speed|Spikes|p1a: Garchomp
|-sidestart|p1: ninimia|Spikes
|move|p1a: Garchomp|Swords Dance|p1a: Garchomp
|-boost|p1a: Garchomp|atk|2
|
|turn|6
|
|move|p2a: Deoxys-Speed|Taunt|p1a: Garchomp
|-start|p1a: Garchomp|move: Taunt
|move|p1a: Garchomp|Earthquake|p2a: Deoxys-Speed
|-crit|p2a: Deoxys-Speed
|-damage|p2a: Deoxys-Speed|0 fnt
|faint|p2a: Deoxys-Speed
|
|
|switch|p2a: Thundurus|Thundurus, M|299\/299
|-damage|p2a: Thundurus|225\/299|[from] Stealth Rock
|turn|7
|
|move|p2a: Thundurus|Hidden Power|p1a: Garchomp
|-supereffective|p1a: Garchomp
|-damage|p1a: Garchomp|0 fnt
|faint|p1a: Garchomp
|
|-heal|p2a: Thundurus|243\/299|[from] item: Leftovers
|
|switch|p1a: Weavile|Weavile, M|282\/282
|-damage|p1a: Weavile|212\/282|[from] Stealth Rock
|-damage|p1a: Weavile|177\/282|[from] Spikes
|turn|8
|
|switch|p2a: Manaphy|Manaphy|341\/341
|-damage|p2a: Manaphy|299\/341|[from] Spikes
|-damage|p2a: Manaphy|257\/341|[from] Stealth Rock
|move|p1a: Weavile|Knock Off|p2a: Manaphy
|-damage|p2a: Manaphy|41\/341
|-enditem|p2a: Manaphy|Leftovers|[from] move: Knock Off|[of] p1a: Weavile
|-damage|p1a: Weavile|149\/282|[from] item: Life Orb
|
|turn|9
|
|move|p1a: Weavile|Knock Off|p2a: Manaphy
|-damage|p2a: Manaphy|0 fnt
|-damage|p1a: Weavile|121\/282|[from] item: Life Orb
|faint|p2a: Manaphy
|
|
|switch|p2a: Excadrill|Excadrill, M|361\/361
|-damage|p2a: Excadrill|316\/361|[from] Spikes
|-damage|p2a: Excadrill|305\/361|[from] Stealth Rock
|-ability|p2a: Excadrill|Mold Breaker
|turn|10
|
|switch|p1a: Banette|Banette, M|332\/332
|-damage|p1a: Banette|291\/332|[from] Spikes
|-damage|p1a: Banette|250\/332|[from] Stealth Rock
|-item|p2a: Excadrill|Choice Scarf|[from] ability: Frisk|[of] p1a: Banette|[identify]
|move|p2a: Excadrill|Iron Head|p1a: Banette
|-damage|p1a: Banette|96\/332
|
|turn|11
|
|-formechange|p1a: Banette|Banette-Mega
|message|Banette has Mega Evolved into Mega Banette!
|move|p1a: Banette|Protect|p1a: Banette
|-singleturn|p1a: Banette|Protect
|move|p2a: Excadrill|Iron Head|p1a: Banette
|-activate|p1a: Banette|Protect
|
|turn|12
|
|move|p1a: Banette|Destiny Bond|p1a: Banette
|-singlemove|p1a: Banette|Destiny Bond
|move|p2a: Excadrill|Iron Head|p1a: Banette
|-damage|p1a: Banette|0 fnt
|faint|p1a: Banette
|-activate|p1a: Banette|Destiny Bond
|faint|p2a: Excadrill
|
|
|switch|p1a: Weavile|Weavile, M|121\/282
|-damage|p1a: Weavile|51\/282|[from] Stealth Rock
|-damage|p1a: Weavile|16\/282|[from] Spikes
|switch|p2a: Bisharp|Bisharp, M|271\/271
|-damage|p2a: Bisharp|238\/271|[from] Spikes
|-damage|p2a: Bisharp|222\/271|[from] Stealth Rock
|turn|13
|
|move|p2a: Bisharp|Sucker Punch|p1a: Weavile
|-resisted|p1a: Weavile
|-damage|p1a: Weavile|0 fnt
|-damage|p2a: Bisharp|195\/271|[from] item: Life Orb
|faint|p1a: Weavile
|
|
|switch|p1a: Bisharp|Bisharp, M|271\/271
|-damage|p1a: Bisharp|255\/271|[from] Stealth Rock
|-damage|p1a: Bisharp|222\/271|[from] Spikes
|turn|14
|
|move|p2a: Bisharp|Knock Off|p1a: Bisharp
|-resisted|p1a: Bisharp
|-damage|p1a: Bisharp|118\/271
|-enditem|p1a: Bisharp|Life Orb|[from] move: Knock Off|[of] p2a: Bisharp
|-damage|p2a: Bisharp|168\/271|[from] item: Life Orb
|move|p1a: Bisharp|Swords Dance|p1a: Bisharp
|-boost|p1a: Bisharp|atk|2
|
|turn|15
|
|move|p1a: Bisharp|Sucker Punch|p2a: Bisharp
|-resisted|p2a: Bisharp
|-damage|p2a: Bisharp|21\/271
|move|p2a: Bisharp|Iron Head|p1a: Bisharp
|-resisted|p1a: Bisharp
|-damage|p1a: Bisharp|27\/271
|-damage|p2a: Bisharp|0 fnt|[from] item: Life Orb
|faint|p2a: Bisharp
|
|
|switch|p2a: Thundurus|Thundurus, M|243\/299
|-damage|p2a: Thundurus|169\/299|[from] Stealth Rock
|turn|16
|
|move|p2a: Thundurus|Thunder Wave|p1a: Bisharp
|-status|p1a: Bisharp|par
|move|p1a: Bisharp|Sucker Punch|p2a: Thundurus
|-fail|p2a: Thundurus
|
|-heal|p2a: Thundurus|187\/299|[from] item: Leftovers
|turn|17
|
|cant|p1a: Bisharp|par
|move|p2a: Thundurus|Thunderbolt|p1a: Bisharp
|-damage|p1a: Bisharp|0 fnt
|faint|p1a: Bisharp
|
|-heal|p2a: Thundurus|205\/299|[from] item: Leftovers
|
|switch|p1a: Talonflame|Talonflame, F|297\/297
|-damage|p1a: Talonflame|149\/297|[from] Stealth Rock
|turn|18
|
|move|p1a: Talonflame|Brave Bird|p2a: Thundurus
|-resisted|p2a: Thundurus
|-damage|p2a: Thundurus|22\/299
|-damage|p1a: Talonflame|89\/297|[from] recoil|[of] p2a: Thundurus
|move|p2a: Thundurus|Thunderbolt|p1a: Talonflame
|-supereffective|p1a: Talonflame
|-damage|p1a: Talonflame|0 fnt
|faint|p1a: Talonflame
|
|win|Level 56
|raw|Ladder updating...
|raw|ninimia's rating: 1857 &rarr; <strong>1835<\/strong><br \/>(-22 for losing)
|raw|Level 56's rating: 1830 &rarr; <strong>1852<\/strong><br \/>(+22 for winning)
|leave|ninimia
|player|p1