|join|UrNemesis357
|join|bsuuuu
|player|p1|UrNemesis357|144
|player|p2|bsuuuu|43
|gametype|singles
|gen|6
|tier|UU
|rated
|rule|Sleep Clause Mod: Limit one foe put to sleep
|rule|Species Clause: Limit one of each PokÃ©mon
|rule|OHKO Clause: OHKO moves are banned
|rule|Moody Clause: Moody is banned
|rule|Evasion Moves Clause: Evasion moves are banned
|rule|Endless Battle Clause: Forcing endless battles is banned
|rule|HP Percentage Mod: HP is shown in percentages
|clearpoke
|poke|p1|Suicune
|poke|p1|Roserade, F
|poke|p1|Infernape, F
|poke|p1|Krookodile, F
|poke|p1|Porygon-Z
|poke|p1|Florges, F
|poke|p2|Swampert, M
|poke|p2|Starmie
|poke|p2|Kingdra, M
|poke|p2|Tornadus, M
|poke|p2|Bronzong
|poke|p2|Zygarde
|rule|Swagger Clause: Swagger is banned
|rule|Baton Pass Clause: Limit one PokÃ©mon knowing Baton Pass
|teampreview
|
|start
|switch|p1a: Infernape|Infernape, F|293\/293
|switch|p2a: Starmie|Starmie|323\/323
|turn|1
|
|switch|p1a: Suicune|Suicune|404\/404
|-ability|p1a: Suicune|Pressure
|move|p2a: Starmie|Scald|p1a: Suicune
|-crit|p1a: Suicune
|-resisted|p1a: Suicune
|-damage|p1a: Suicune|343\/404
|
|-heal|p1a: Suicune|368\/404|[from] item: Leftovers
|turn|2
|
|switch|p2a: Bronzong|Bronzong|337\/337
|switch|p1a: Krookodile|Krookodile, F|331\/331
|-ability|p1a: Krookodile|Intimidate|[of] p2a: Bronzong
|-unboost|p2a: Bronzong|atk|1
|
|turn|3
|
|move|p1a: Krookodile|Pursuit|p2a: Bronzong|[from]Pursuit
|-supereffective|p2a: Bronzong
|-damage|p2a: Bronzong|31\/337
|switch|p2a: Swampert|Swampert, M|342\/342
|
|turn|4
|
|switch|p1a: Roserade|Roserade, F|261\/261
|detailschange|p2a: Swampert|Swampert-Mega, M
|message|Swampert has Mega Evolved into Mega Swampert!
|move|p2a: Swampert|Earthquake|p1a: Roserade
|-damage|p1a: Roserade|0 fnt
|faint|p1a: Roserade
|
|
|switch|p1a: Porygon-Z|Porygon-Z|311\/311
|turn|5
|
|switch|p2a: Bronzong|Bronzong|31\/337
|move|p1a: Porygon-Z|Tri Attack|p2a: Bronzong
|-resisted|p2a: Bronzong
|-damage|p2a: Bronzong|0 fnt
|faint|p2a: Bronzong
|
|
|switch|p2a: Starmie|Starmie|323\/323
|turn|6
|
|move|p1a: Porygon-Z|Tri Attack|p2a: Starmie
|-damage|p2a: Starmie|79\/323
|move|p2a: Starmie|Rain Dance|p2a: Starmie
|-weather|RainDance
|
|-weather|RainDance|[upkeep]
|-heal|p2a: Starmie|99\/323|[from] item: Leftovers
|turn|7
|
|move|p1a: Porygon-Z|Tri Attack|p2a: Starmie
|-damage|p2a: Starmie|0 fnt
|faint|p2a: Starmie
|
|-weather|RainDance|[upkeep]
|
|switch|p2a: Swampert|Swampert-Mega, M|342\/342
|turn|8
|
|switch|p1a: Infernape|Infernape, F|293\/293
|move|p2a: Swampert|Waterfall|p1a: Infernape
|-supereffective|p1a: Infernape
|-damage|p1a: Infernape|0 fnt
|faint|p1a: Infernape
|
|-weather|RainDance|[upkeep]
|
|switch|p1a: Suicune|Suicune|368\/404
|-ability|p1a: Suicune|Pressure
|turn|9
|
|move|p2a: Swampert|Earthquake|p1a: Suicune
|-damage|p1a: Suicune|229\/404
|move|p1a: Suicune|Scald|p2a: Swampert
|-crit|p2a: Swampert
|-damage|p2a: Swampert|152\/342
|-status|p2a: Swampert|brn
|
|-weather|RainDance|[upkeep]
|-heal|p1a: Suicune|254\/404|[from] item: Leftovers
|-damage|p2a: Swampert|110\/342 brn|[from] brn
|turn|10
|
|switch|p2a: Kingdra|Kingdra, M|289\/289
|move|p1a: Suicune|Scald|p2a: Kingdra
|-resisted|p2a: Kingdra
|-damage|p2a: Kingdra|258\/289
|
|-weather|none
|-heal|p1a: Suicune|279\/404|[from] item: Leftovers
|turn|11
|
|switch|p1a: Florges|Florges, F|360\/360
|move|p2a: Kingdra|Hydro Pump|p1a: Florges
|-damage|p1a: Florges|208\/360
|-damage|p2a: Kingdra|230\/289|[from] item: Life Orb
|
|-heal|p1a: Florges|230\/360|[from] item: Leftovers
|turn|12
|
|switch|p2a: Tornadus|Tornadus, M|299\/299
|move|p1a: Florges|Moonblast|p2a: Tornadus
|-damage|p2a: Tornadus|146\/299
|-unboost|p2a: Tornadus|spa|1
|
|-heal|p1a: Florges|252\/360|[from] item: Leftovers
|turn|13
|
|move|p2a: Tornadus|Rain Dance|p2a: Tornadus
|-weather|RainDance
|move|p1a: Florges|Wish|p1a: Florges
|
|-weather|RainDance|[upkeep]
|-heal|p1a: Florges|274\/360|[from] item: Leftovers
|turn|14
|
|move|p1a: Florges|Protect|p1a: Florges
|-singleturn|p1a: Florges|Protect
|move|p2a: Tornadus|Knock Off|p1a: Florges
|-activate|p1a: Florges|Protect
|
|-weather|RainDance|[upkeep]
|-heal|p1a: Florges|360\/360|[from] move: Wish|[wisher] Florges
|turn|15
|
|move|p2a: Tornadus|Knock Off|p1a: Florges
|-resisted|p1a: Florges
|-damage|p1a: Florges|302\/360
|-enditem|p1a: Florges|Leftovers|[from] move: Knock Off|[of] p2a: Tornadus
|-damage|p2a: Tornadus|117\/299|[from] item: Life Orb
|move|p1a: Florges|Wish|p1a: Florges
|
|-weather|RainDance|[upkeep]
|turn|16
|
|switch|p2a: Kingdra|Kingdra, M|230\/289
|move|p1a: Florges|Protect|p1a: Florges
|-fail|p1a: Florges
|
|-weather|RainDance|[upkeep]
|-heal|p1a: Florges|360\/360|[from] move: Wish|[wisher] Florges
|turn|17
|
|switch|p2a: Tornadus|Tornadus, M|117\/299
|move|p1a: Florges|Moonblast|p2a: Tornadus
|-damage|p2a: Tornadus|0 fnt
|faint|p2a: Tornadus
|
|-weather|none
|
|switch|p2a: Kingdra|Kingdra, M|230\/289
|turn|18
|
|move|p2a: Kingdra|Scald|p1a: Florges
|-damage|p1a: Florges|261\/360
|-damage|p2a: Kingdra|202\/289|[from] item: Life Orb
|move|p1a: Florges|Moonblast|p2a: Kingdra
|-supereffective|p2a: Kingdra
|-damage|p2a: Kingdra|0 fnt
|faint|p2a: Kingdra
|
|
|switch|p2a: Swampert|Swampert-Mega, M|110\/342 brn
|turn|19
|
|move|p2a: Swampert|Earthquake|p1a: Florges
|-damage|p1a: Florges|152\/360
|move|p1a: Florges|Wish|p1a: Florges
|
|-damage|p2a: Swampert|68\/342 brn|[from] brn
|turn|20
|
|switch|p2a: Zygarde|Zygarde|358\/358
|-ability|p2a: Zygarde|Aura Break
|move|p1a: Florges|Moonblast|p2a: Zygarde
|-supereffective|p2a: Zygarde
|-damage|p2a: Zygarde|104\/358
|
|-heal|p1a: Florges|332\/360|[from] move: Wish|[wisher] Florges
|turn|21
|-message|bsuuuu forfeited.
|
|win|UrNemesis357
|raw|Ladder updating...
|leave|bsuuuu
|player|p2
|raw|UrNemesis357's rating: 1363 &rarr; <strong>1391<\/strong><br \/>(+28 for winning)
|raw|bsuuuu's rating: 1493 &rarr; <strong>1466<\/strong><br \/>(-27 for losing)