|join|Meruu
|join|bsuuuu
|player|p1|Meruu|174
|player|p2|bsuuuu|43
|gametype|singles
|gen|6
|tier|UU
|rated
|rule|Sleep Clause Mod: Limit one foe put to sleep
|rule|Species Clause: Limit one of each PokÃ©mon
|rule|OHKO Clause: OHKO moves are banned
|rule|Moody Clause: Moody is banned
|rule|Evasion Moves Clause: Evasion moves are banned
|rule|Endless Battle Clause: Forcing endless battles is banned
|rule|HP Percentage Mod: HP is shown in percentages
|clearpoke
|poke|p1|Heliolisk, F
|poke|p1|Swampert, F
|poke|p1|Klefki, M
|poke|p1|Kingdra, M
|poke|p1|Togekiss, M
|poke|p1|Donphan, M
|poke|p2|Pidgeot, F
|poke|p2|Forretress, M
|poke|p2|Alakazam, F
|poke|p2|Entei, shiny
|poke|p2|Krookodile, F
|poke|p2|Raikou
|rule|Swagger Clause: Swagger is banned
|rule|Baton Pass Clause: Limit one PokÃ©mon knowing Baton Pass
|teampreview
|
|start
|switch|p1a: Swampert|Swampert, F|361\/361
|switch|p2a: Pidgeot|Pidgeot, F|307\/307
|turn|1
|c|âMeruu|urgh
|
|detailschange|p2a: Pidgeot|Pidgeot-Mega, F
|message|Pidgeot has Mega Evolved into Mega Pidgeot!
|detailschange|p1a: Swampert|Swampert-Mega, F
|message|Swampert has Mega Evolved into Mega Swampert!
|move|p2a: Pidgeot|Hurricane|p1a: Swampert
|-damage|p1a: Swampert|181\/361
|-start|p1a: Swampert|confusion
|-activate|p1a: Swampert|confusion
|-damage|p1a: Swampert|127\/361|[from] confusion
|
|turn|2
|c|âMeruu|knew it
|c|âMeruu|sigh
|
|switch|p1a: Klefki|Klefki, M|318\/318
|move|p2a: Pidgeot|Heat Wave|p1a: Klefki
|-supereffective|p1a: Klefki
|-damage|p1a: Klefki|120\/318
|
|turn|3
|
|switch|p2a: Krookodile|Krookodile, F|355\/355
|-ability|p2a: Krookodile|Intimidate|[of] p1a: Klefki
|-unboost|p1a: Klefki|atk|1
|move|p1a: Klefki|Rain Dance|p1a: Klefki
|-weather|RainDance
|
|-weather|RainDance|[upkeep]
|turn|4
|
|switch|p1a: Togekiss|Togekiss, M|374\/374
|move|p2a: Krookodile|Stealth Rock|p1a: Togekiss
|-sidestart|p1: Meruu|move: Stealth Rock
|
|-weather|RainDance|[upkeep]
|turn|5
|
|switch|p2a: Raikou|Raikou|321\/321
|-ability|p2a: Raikou|Pressure
|move|p1a: Togekiss|Baton Pass|p1a: Togekiss
|
|switch|p1a: Swampert|Swampert-Mega, F|127\/361
|-damage|p1a: Swampert|105\/361|[from] Stealth Rock
|
|-weather|RainDance|[upkeep]
|turn|6
|
|switch|p2a: Forretress|Forretress, M|353\/353
|move|p1a: Swampert|Waterfall|p2a: Forretress
|-damage|p2a: Forretress|175\/353
|
|-weather|RainDance|[upkeep]
|-heal|p2a: Forretress|197\/353|[from] item: Leftovers
|turn|7
|
|move|p1a: Swampert|Waterfall|p2a: Forretress
|-damage|p2a: Forretress|14\/353
|move|p2a: Forretress|Spikes|p1a: Swampert
|-sidestart|p1: Meruu|Spikes
|
|-weather|RainDance|[upkeep]
|-heal|p2a: Forretress|36\/353|[from] item: Leftovers
|turn|8
|join|dingbat
|
|move|p1a: Swampert|Waterfall|p2a: Forretress
|-damage|p2a: Forretress|0 fnt
|faint|p2a: Forretress
|
|-weather|RainDance|[upkeep]
|join|Bob the Bae
|
|switch|p2a: Entei|Entei, shiny|371\/371
|-ability|p2a: Entei|Pressure
|turn|9
|c|âMeruu|d0es that ko
|
|switch|p1a: Donphan|Donphan, M|334\/334
|-damage|p1a: Donphan|293\/334|[from] Spikes
|-damage|p1a: Donphan|273\/334|[from] Stealth Rock
|switch|p2a: Pidgeot|Pidgeot-Mega, F|307\/307
|
|-weather|RainDance|[upkeep]
|-heal|p1a: Donphan|293\/334|[from] item: Leftovers
|turn|10
|
|move|p2a: Pidgeot|Hurricane|p1a: Donphan
|-crit|p1a: Donphan
|-damage|p1a: Donphan|0 fnt
|faint|p1a: Donphan
|
|-weather|none
|c| Bob the Bae|rip
|c|âMeruu|oml
|c|âMeruu|hax more
|c|âMeruu|baddy FUCK
|c|âbsuuuu|did that one matter lol
|
|switch|p1a: Heliolisk|Heliolisk, F|265\/265
|-damage|p1a: Heliolisk|232\/265|[from] Spikes
|-damage|p1a: Heliolisk|199\/265|[from] Stealth Rock
|turn|11
|
|switch|p2a: Raikou|Raikou|321\/321
|-ability|p2a: Raikou|Pressure
|move|p1a: Heliolisk|Thunder|p2a: Raikou
|-crit|p2a: Raikou
|-resisted|p2a: Raikou
|-damage|p2a: Raikou|217\/321
|-damage|p1a: Heliolisk|173\/265|[from] item: Life Orb
|
|turn|12
|
|move|p2a: Raikou|Thunderbolt|p1a: Heliolisk
|-crit|p1a: Heliolisk
|-resisted|p1a: Heliolisk
|-damage|p1a: Heliolisk|50\/265
|move|p1a: Heliolisk|Hyper Voice|p2a: Raikou
|-crit|p2a: Raikou
|-damage|p2a: Raikou|26\/321
|-damage|p1a: Heliolisk|24\/265|[from] item: Life Orb
|
|turn|13
|c|âMeruu|av
|c|âMeruu|what a shit
|join|Bob the Bro
|
|move|p2a: Raikou|Thunderbolt|p1a: Heliolisk
|-resisted|p1a: Heliolisk
|-damage|p1a: Heliolisk|0 fnt
|faint|p1a: Heliolisk
|
|
|switch|p1a: Klefki|Klefki, M|120\/318
|-damage|p1a: Klefki|101\/318|[from] Stealth Rock
|-damage|p1a: Klefki|62\/318|[from] Spikes
|turn|14
|c| Bob the Bro|mfw meruthis team is shit
|c|âMeruu|hes winning off of
|
|switch|p2a: Krookodile|Krookodile, F|355\/355
|-ability|p2a: Krookodile|Intimidate|[of] p1a: Klefki
|-unboost|p1a: Klefki|atk|1
|move|p1a: Klefki|Rain Dance|p1a: Klefki
|-weather|RainDance
|
|-weather|RainDance|[upkeep]
|turn|15
|c|âMeruu|hurricane hax
|c|âMeruu|as usual
|c|âMeruu|every fucking time i face
|c|âMeruu|a pidgeot
|c|âMeruu|smh
|
|move|p1a: Klefki|Spikes|p2a: Krookodile
|-sidestart|p2: bsuuuu|Spikes
|move|p2a: Krookodile|Taunt|p1a: Klefki
|-start|p1a: Klefki|move: Taunt
|
|-weather|RainDance|[upkeep]
|turn|16
|
|switch|p1a: Togekiss|Togekiss, M|374\/374
|-damage|p1a: Togekiss|281\/374|[from] Stealth Rock
|move|p2a: Krookodile|Knock Off|p1a: Togekiss
|-resisted|p1a: Togekiss
|-damage|p1a: Togekiss|218\/374
|-enditem|p1a: Togekiss|Leftovers|[from] move: Knock Off|[of] p2a: Krookodile
|
|-weather|RainDance|[upkeep]
|turn|17
|c| Bob the Bro|hurricane togekiss
|c| Bob the Bro|imo
|
|switch|p2a: Pidgeot|Pidgeot-Mega, F|307\/307
|switch|p1a: Swampert|Swampert-Mega, F|105\/361
|-damage|p1a: Swampert|60\/361|[from] Spikes
|-damage|p1a: Swampert|38\/361|[from] Stealth Rock
|
|-weather|RainDance|[upkeep]
|turn|18
|
|switch|p2a: Raikou|Raikou|26\/321
|-damage|p2a: Raikou|0 fnt|[from] Spikes
|faint|p2a: Raikou
|move|p1a: Swampert|Waterfall|p2: Raikou|[notarget]
|-notarget
|
|-weather|RainDance|[upkeep]
|
|switch|p2a: Entei|Entei, shiny|371\/371
|-damage|p2a: Entei|325\/371|[from] Spikes
|-ability|p2a: Entei|Pressure
|turn|19
|c|âMeruu|hazards shouldn't even be up
|c|âMeruu|rip
|
|move|p2a: Entei|Extreme Speed|p1a: Swampert
|-damage|p1a: Swampert|0 fnt
|faint|p1a: Swampert
|
|-weather|RainDance|[upkeep]
|
|switch|p1a: Kingdra|Kingdra, M|301\/301
|-damage|p1a: Kingdra|264\/301|[from] Spikes
|-damage|p1a: Kingdra|227\/301|[from] Stealth Rock
|turn|20
|c|âbsuuuu|are u max hp
|
|switch|p2a: Krookodile|Krookodile, F|355\/355
|-damage|p2a: Krookodile|311\/355|[from] Spikes
|-ability|p2a: Krookodile|Intimidate|[of] p1a: Kingdra
|-unboost|p1a: Kingdra|atk|1
|move|p1a: Kingdra|Scald|p2a: Krookodile
|-supereffective|p2a: Krookodile
|-damage|p2a: Krookodile|0 fnt
|faint|p2a: Krookodile
|
|-weather|RainDance|[upkeep]
|
|switch|p2a: Alakazam|Alakazam, F|251\/251
|turn|21
|
|move|p1a: Kingdra|Scald|p2a: Alakazam
|-enditem|p2a: Alakazam|Focus Sash
|-damage|p2a: Alakazam|1\/251
|move|p2a: Alakazam|Dazzling Gleam|p1a: Kingdra
|-supereffective|p1a: Kingdra
|-damage|p1a: Kingdra|35\/301
|
|-weather|none
|turn|22
|
|move|p2a: Alakazam|Psyshock|p1a: Kingdra
|-damage|p1a: Kingdra|0 fnt
|faint|p1a: Kingdra
|
|
|switch|p1a: Klefki|Klefki, M|62\/318
|-damage|p1a: Klefki|43\/318|[from] Stealth Rock
|-damage|p1a: Klefki|4\/318|[from] Spikes
|turn|23
|
|move|p1a: Klefki|Thunder Wave|p2a: Alakazam
|-status|p2a: Alakazam|par
|move|p2a: Alakazam|Psyshock|p1a: Klefki
|-resisted|p1a: Klefki
|-damage|p1a: Klefki|0 fnt
|faint|p1a: Klefki
|
|join|sniperaim
|
|switch|p1a: Togekiss|Togekiss, M|218\/374
|-damage|p1a: Togekiss|125\/374|[from] Stealth Rock
|turn|24
|
|move|p1a: Togekiss|Roost|p1a: Togekiss
|-heal|p1a: Togekiss|312\/374
|move|p2a: Alakazam|Psyshock|p1a: Togekiss
|-damage|p1a: Togekiss|203\/374
|
|turn|25
|
|move|p1a: Togekiss|Roost|p1a: Togekiss
|-heal|p1a: Togekiss|374\/374
|move|p2a: Alakazam|Psyshock|p1a: Togekiss
|-crit|p1a: Togekiss
|-damage|p1a: Togekiss|209\/374
|
|turn|26
|c| sniperaim|bob r we still dating
|c| sniperaim|answer me
|c|âMeruu|jeez
|c|âMeruu|does this guy ever stop haxing
|c|âbsuuuu|lol just roost
|
|switch|p2a: Entei|Entei, shiny|325\/371
|-damage|p2a: Entei|279\/371|[from] Spikes
|-ability|p2a: Entei|Pressure
|move|p1a: Togekiss|Roost|p1a: Togekiss
|-heal|p1a: Togekiss|374\/374
|
|turn|27
|
|move|p2a: Entei|Sacred Fire|p1a: Togekiss
|-damage|p1a: Togekiss|184\/374
|-status|p1a: Togekiss|brn
|move|p1a: Togekiss|Nasty Plot|p1a: Togekiss
|-boost|p1a: Togekiss|spa|2
|
|-damage|p1a: Togekiss|138\/374 brn|[from] brn
|turn|28
|
|move|p2a: Entei|Sacred Fire|p1a: Togekiss
|-damage|p1a: Togekiss|0 fnt
|faint|p1a: Togekiss
|
|win|bsuuuu
|raw|Ladder updating...
|raw|Meruu's rating: 1554 &rarr; <strong>1529<\/strong><br \/>(-25 for losing)
|raw|bsuuuu's rating: 1476 &rarr; <strong>1500<\/strong><br \/>(+24 for winning)
|c|âMeruu|grats on luck
|c|âMeruu|baddy
|c|âbsuuuu|ty
|leave|Meruu
|player|p1
|leave|bsuuuu
|player|p2
|leave|sniperaim
|leave|Bob the Bro
|join|Yellow Skarmory
|leave|Yellow Skarmory