|join|bsuuuu
|join|Coldest Hands
|player|p1|bsuuuu|43
|player|p2|Coldest Hands|143
|gametype|singles
|gen|6
|tier|UU
|rated
|rule|Sleep Clause Mod: Limit one foe put to sleep
|rule|Species Clause: Limit one of each PokÃ©mon
|rule|OHKO Clause: OHKO moves are banned
|rule|Moody Clause: Moody is banned
|rule|Evasion Moves Clause: Evasion moves are banned
|rule|Endless Battle Clause: Forcing endless battles is banned
|rule|HP Percentage Mod: HP is shown in percentages
|clearpoke
|poke|p1|Darmanitan, M
|poke|p1|Celebi
|poke|p1|Aerodactyl, M
|poke|p1|Lucario, F
|poke|p1|Honchkrow, F
|poke|p1|Infernape, M
|poke|p2|Jirachi
|poke|p2|Starmie
|poke|p2|Diancie
|poke|p2|Haxorus, F
|poke|p2|Machamp, F
|poke|p2|Pidgeot, F
|rule|Swagger Clause: Swagger is banned
|rule|Baton Pass Clause: Limit one PokÃ©mon knowing Baton Pass
|teampreview
|join|AAAAAGONNNYYYYY
|join|bad at winning
|join|electronicoldmen
|
|start
|switch|p1a: Celebi|Celebi|403\/403
|switch|p2a: Jirachi|Jirachi|341\/341
|turn|1
|
|move|p2a: Jirachi|U-turn|p1a: Celebi
|-supereffective|p1a: Celebi
|-damage|p1a: Celebi|139\/403
|
|switch|p2a: Birdeus|Pidgeot, F|319\/319
|move|p1a: Celebi|Stealth Rock|p2a: Birdeus
|-sidestart|p2: Coldest Hands|move: Stealth Rock
|
|-heal|p1a: Celebi|164\/403|[from] item: Leftovers
|turn|2
|
|switch|p1a: Aerodactyl|Aerodactyl, M|305\/305
|detailschange|p2a: Birdeus|Pidgeot-Mega, F
|-mega|p2a: Birdeus|Pidgeot|Pidgeotite
|move|p2a: Birdeus|Hurricane|p1a: Aerodactyl
|-resisted|p1a: Aerodactyl
|-damage|p1a: Aerodactyl|186\/305
|-start|p1a: Aerodactyl|confusion
|
|turn|3
|
|switch|p2a: Starmie|Starmie|323\/323
|-damage|p2a: Starmie|283\/323|[from] Stealth Rock
|detailschange|p1a: Aerodactyl|Aerodactyl-Mega, M
|-mega|p1a: Aerodactyl|Aerodactyl|Aerodactylite
|-activate|p1a: Aerodactyl|confusion
|move|p1a: Aerodactyl|Stone Edge|p2a: Starmie
|-damage|p2a: Starmie|117\/323
|
|-heal|p2a: Starmie|137\/323|[from] item: Leftovers
|turn|4
|
|switch|p2a: Jirachi|Jirachi|341\/341
|-damage|p2a: Jirachi|320\/341|[from] Stealth Rock
|-end|p1a: Aerodactyl|confusion
|move|p1a: Aerodactyl|Aerial Ace|p2a: Jirachi
|-resisted|p2a: Jirachi
|-damage|p2a: Jirachi|240\/341
|
|turn|5
|
|switch|p1a: Infernape|Infernape, M|293\/293
|move|p2a: Jirachi|U-turn|p1a: Infernape
|-resisted|p1a: Infernape
|-damage|p1a: Infernape|270\/293
|
|switch|p2a: Diancie|Diancie|304\/304
|-damage|p2a: Diancie|266\/304|[from] Stealth Rock
|
|-heal|p2a: Diancie|285\/304|[from] item: Leftovers
|turn|6
|
|move|p1a: Infernape|Close Combat|p2a: Diancie
|-damage|p2a: Diancie|98\/304
|-unboost|p1a: Infernape|def|1
|-unboost|p1a: Infernape|spd|1
|move|p2a: Diancie|Moonblast|p1a: Infernape
|-damage|p1a: Infernape|54\/293
|-unboost|p1a: Infernape|spa|1
|
|-heal|p2a: Diancie|117\/304|[from] item: Leftovers
|turn|7
|
|switch|p2a: Starmie|Starmie|137\/323
|-damage|p2a: Starmie|97\/323|[from] Stealth Rock
|move|p1a: Infernape|Close Combat|p2a: Starmie
|-resisted|p2a: Starmie
|-damage|p2a: Starmie|0 fnt
|-unboost|p1a: Infernape|def|1
|-unboost|p1a: Infernape|spd|1
|faint|p2a: Starmie
|
|
|switch|p2a: Jirachi|Jirachi|240\/341
|-damage|p2a: Jirachi|219\/341|[from] Stealth Rock
|turn|8
|
|switch|p1a: Darmanitan|Darmanitan, M|351\/351
|move|p2a: Jirachi|Body Slam|p1a: Darmanitan
|-damage|p1a: Darmanitan|209\/351
|-status|p1a: Darmanitan|par
|
|turn|9
|
|switch|p2a: Machamp|Machamp, F|383\/383
|-damage|p2a: Machamp|360\/383|[from] Stealth Rock
|move|p1a: Darmanitan|U-turn|p2a: Machamp
|-resisted|p2a: Machamp
|-damage|p2a: Machamp|301\/383
|
|switch|p1a: Honchkrow|Honchkrow, F|341\/341
|
|turn|10
|
|move|p1a: Honchkrow|Brave Bird|p2a: Machamp
|-supereffective|p2a: Machamp
|-damage|p2a: Machamp|0 fnt
|-damage|p1a: Honchkrow|242\/341|[from] recoil|[of] p2a: Machamp
|-damage|p1a: Honchkrow|208\/341|[from] item: Life Orb
|faint|p2a: Machamp
|-boost|p1a: Honchkrow|atk|1|[from] ability: Moxie
|
|
|switch|p2a: Diancie|Diancie|117\/304
|-damage|p2a: Diancie|79\/304|[from] Stealth Rock
|turn|11
|
|move|p1a: Honchkrow|Brave Bird|p2a: Diancie
|-crit|p2a: Diancie
|-resisted|p2a: Diancie
|-damage|p2a: Diancie|0 fnt
|-damage|p1a: Honchkrow|182\/341|[from] recoil|[of] p2a: Diancie
|-damage|p1a: Honchkrow|148\/341|[from] item: Life Orb
|faint|p2a: Diancie
|-boost|p1a: Honchkrow|atk|1|[from] ability: Moxie
|
|
|switch|p2a: Birdeus|Pidgeot-Mega, F|319\/319
|-damage|p2a: Birdeus|240\/319|[from] Stealth Rock
|turn|12
|
|move|p1a: Honchkrow|Sucker Punch|p2a: Birdeus
|-fail|p2a: Birdeus
|move|p2a: Birdeus|Roost|p2a: Birdeus
|-heal|p2a: Birdeus|319\/319
|
|turn|13
|
|move|p1a: Honchkrow|Sucker Punch|p2a: Birdeus
|-fail|p2a: Birdeus
|move|p2a: Birdeus|Roost|p2a: Birdeus
|-fail|p2a: Birdeus
|
|turn|14
|
|move|p1a: Honchkrow|Sucker Punch|p2a: Birdeus
|-fail|p2a: Birdeus
|move|p2a: Birdeus|Roost|p2a: Birdeus
|-fail|p2a: Birdeus
|
|turn|15
|
|move|p2a: Birdeus|Roost|p2a: Birdeus
|-fail|p2a: Birdeus
|move|p1a: Honchkrow|Roost|p1a: Honchkrow
|-heal|p1a: Honchkrow|319\/341
|
|turn|16
|
|move|p1a: Honchkrow|Sucker Punch|p2a: Birdeus
|-fail|p2a: Birdeus
|move|p2a: Birdeus|Roost|p2a: Birdeus
|-fail|p2a: Birdeus
|
|turn|17
|
|move|p2a: Birdeus|Hurricane|p1a: Honchkrow
|-damage|p1a: Honchkrow|0 fnt
|faint|p1a: Honchkrow
|
|
|switch|p1a: Aerodactyl|Aerodactyl-Mega, M|186\/305
|turn|18
|c| electronicoldmen|GET OUT OF MY HEAD CHARLES
|c| AAAAAGONNNYYYYY|fucking mind reader
|
|move|p1a: Aerodactyl|Stone Edge|p2a: Birdeus
|-supereffective|p2a: Birdeus
|-damage|p2a: Birdeus|0 fnt
|faint|p2a: Birdeus
|
|
|switch|p2a: Jirachi|Jirachi|219\/341
|-damage|p2a: Jirachi|198\/341|[from] Stealth Rock
|turn|19
|
|move|p2a: Jirachi|Iron Head|p1a: Aerodactyl
|-supereffective|p1a: Aerodactyl
|-damage|p1a: Aerodactyl|0 fnt
|faint|p1a: Aerodactyl
|
|
|switch|p1a: Lucario|Lucario, F|279\/279
|turn|20
|
|move|p2a: Jirachi|Iron Head|p1a: Lucario
|-resisted|p1a: Lucario
|-damage|p1a: Lucario|196\/279
|move|p1a: Lucario|Swords Dance|p1a: Lucario
|-boost|p1a: Lucario|atk|2
|
|turn|21
|
|move|p2a: Jirachi|Iron Head|p1a: Lucario
|-resisted|p1a: Lucario
|-damage|p1a: Lucario|118\/279
|move|p1a: Lucario|Earthquake|p2a: Jirachi
|-supereffective|p2a: Jirachi
|-damage|p2a: Jirachi|0 fnt
|-damage|p1a: Lucario|91\/279|[from] item: Life Orb
|faint|p2a: Jirachi
|
|
|switch|p2a: Haxorus|Haxorus, F|293\/293
|-damage|p2a: Haxorus|257\/293|[from] Stealth Rock
|-ability|p2a: Haxorus|Mold Breaker
|turn|22
|
|move|p1a: Lucario|Extreme Speed|p2a: Haxorus
|-damage|p2a: Haxorus|0 fnt
|-damage|p1a: Lucario|64\/279|[from] item: Life Orb
|faint|p2a: Haxorus
|
|win|bsuuuu
|raw|Ladder updating...
|raw|bsuuuu's rating: 1497 &rarr; <strong>1519<\/strong><br \/>(+22 for winning)
|raw|Coldest Hands's rating: 1522 &rarr; <strong>1501<\/strong><br \/>(-21 for losing)
|c|âColdest Hands|gg
|c|âbsuuuu|gg
|leave|bsuuuu
|player|p1
|leave|Coldest Hands
|player|p2
|leave|AAAAAGONNNYYYYY
|join|Coldest Hands
|join|AAAAAGONNNYYYYY
|leave|AAAAAGONNNYYYYY
|leave|bad at winning
|join|bad at winning
|leave|bad at winning
|join|bad at winning
|leave|bad at winning
|join|AAAAAGONNNYYYYY
|leave|AAAAAGONNNYYYYY
|join|bad at winning
|leave|bad at winning
|join|bad at winning
|leave|bad at winning
|leave|electronicoldmen