|join|Duskt70
|join|bsuuuu
|player|p1|Duskt70|33
|player|p2|bsuuuu|43
|gametype|singles
|gen|6
|tier|UU
|rated
|rule|Sleep Clause Mod: Limit one foe put to sleep
|rule|Species Clause: Limit one of each PokÃ©mon
|rule|OHKO Clause: OHKO moves are banned
|rule|Moody Clause: Moody is banned
|rule|Evasion Moves Clause: Evasion moves are banned
|rule|Endless Battle Clause: Forcing endless battles is banned
|rule|HP Percentage Mod: HP is shown in percentages
|clearpoke
|poke|p1|Aggron, F
|poke|p1|Crobat, F
|poke|p1|Kyurem
|poke|p1|Suicune
|poke|p1|Celebi
|poke|p1|Entei, shiny
|poke|p2|Zygarde
|poke|p2|Roserade, M
|poke|p2|Aerodactyl, M
|poke|p2|Starmie
|poke|p2|Jirachi
|poke|p2|Blissey, F
|rule|Swagger Clause: Swagger is banned
|rule|Baton Pass Clause: Limit one PokÃ©mon knowing Baton Pass
|teampreview
|join|Kyla's Nightmare
|
|start
|switch|p1a: Entei|Entei, shiny|371\/371
|switch|p2a: Starmie|Starmie|323\/323
|-ability|p1a: Entei|Pressure
|turn|1
|join|battleplan18
|
|switch|p1a: Celebi|Celebi|341\/341
|move|p2a: Starmie|Scald|p1a: Celebi
|-resisted|p1a: Celebi
|-damage|p1a: Celebi|288\/341
|-status|p1a: Celebi|brn
|
|-heal|p1a: Celebi|309\/341 brn|[from] item: Leftovers
|-damage|p1a: Celebi|267\/341 brn|[from] brn
|turn|2
|c| battleplan18|hax
|
|switch|p2a: Blissey|Blissey, F|651\/651
|switch|p1a: Kyurem|Kyurem|391\/391
|-ability|p1a: Kyurem|Pressure
|
|turn|3
|join|LessThanThreeMan
|
|switch|p1a: Celebi|Celebi|267\/341
|move|p2a: Blissey|Toxic|p1a: Celebi
|-status|p1a: Celebi|tox
|
|-heal|p1a: Celebi|288\/341 tox|[from] item: Leftovers
|-damage|p1a: Celebi|267\/341 tox|[from] psn
|turn|4
|c|âDuskt70|more status
|c|âDuskt70|pls
|join|PaulK618
|
|switch|p1a: Entei|Entei, shiny|371\/371
|-ability|p1a: Entei|Pressure
|switch|p2a: Aerodactyl|Aerodactyl, M|306\/306
|
|turn|5
|c| Kyla's Nightmare|rip duskt
|c| battleplan18|rekt
|c| Kyla's Nightmare|er
|
|switch|p1a: Suicune|Suicune|341\/341
|-ability|p1a: Suicune|Pressure
|detailschange|p2a: Aerodactyl|Aerodactyl-Mega, M
|-mega|p2a: Aerodactyl|Aerodactyl|Aerodactylite
|move|p2a: Aerodactyl|Stealth Rock|p1a: Suicune
|-sidestart|p1: Duskt70|move: Stealth Rock
|
|turn|6
|c| Kyla's Nightmare|kill it dust
|c| Kyla's Nightmare|beat it up
|c|âDuskt70|>dust
|c| LessThanThreeMan|another one bites the dust
|c| LessThanThreeMan|k
|c| LessThanThreeMan|t
|
|switch|p2a: Roserade|Roserade, M|259\/259
|move|p1a: Suicune|Scald|p2a: Roserade
|-resisted|p2a: Roserade
|-damage|p2a: Roserade|198\/259
|
|turn|7
|c|âDuskt70|pfft
|c|âDuskt70|why would i able to get a burn
|c|âDuskt70|*be able
|
|switch|p2a: Aerodactyl|Aerodactyl-Mega, M|306\/306
|switch|p1a: Crobat|Crobat, F|325\/325
|-damage|p1a: Crobat|244\/325|[from] Stealth Rock
|
|turn|8
|c| battleplan18|getting burns why you need to? Never heard of it :P
|
|switch|p1a: Suicune|Suicune|341\/341
|-damage|p1a: Suicune|299\/341|[from] Stealth Rock
|-ability|p1a: Suicune|Pressure
|move|p2a: Aerodactyl|Stone Edge|p1a: Suicune|[miss]
|-miss|p2a: Aerodactyl|p1a: Suicune
|
|-heal|p1a: Suicune|320\/341|[from] item: Leftovers
|turn|9
|c|âbsuuuu|wow
|c|âbsuuuu|hax
|c|âbsuuuu|miss
|c|âbsuuuu|hax
|c|âbsuuuu|wow
|c|âbsuuuu|hax
|c| Kyla's Nightmare|its
|c|âDuskt70|xah
|c|âDuskt70|xah
|c| battleplan18|lol
|c|âDuskt70|xah
|c| Kyla's Nightmare|80%
|c|âDuskt70|xah
|c|âDuskt70|xah
|c|âDuskt70|xah
|c| Kyla's Nightmare|calm
|
|switch|p2a: Roserade|Roserade, M|198\/259
|move|p1a: Suicune|Scald|p2a: Roserade
|-resisted|p2a: Roserade
|-damage|p2a: Roserade|141\/259
|
|-heal|p1a: Suicune|341\/341|[from] item: Leftovers
|turn|10
|c|âbsuuuu|hax
|c| Kyla's Nightmare|ur fucking
|c| Kyla's Nightmare|tits
|c| Kyla's Nightmare|lol
|c| battleplan18|stone miss*
|c| Kyla's Nightmare|pipe the fuck down you two :P
|c|âbsuuuu|haxxxxxxxxx
|
|switch|p1a: Aggron|Aggron, F|344\/344
|-damage|p1a: Aggron|323\/344|[from] Stealth Rock
|move|p2a: Roserade|Giga Drain|p1a: Aggron
|-damage|p1a: Aggron|112\/344
|-heal|p2a: Roserade|247\/259|[from] drain|[of] p1a: Aggron
|-damage|p2a: Roserade|222\/259|[from] item: Life Orb
|
|turn|11
|c|âbsuuuu|hat
|c| Kyla's Nightmare|lmao
|c|âDuskt70|...
|c| battleplan18|rekthax
|c| Kyla's Nightmare|david
|c| Kyla's Nightmare|ur
|c| Kyla's Nightmare|getting
|c| battleplan18|done
|c| Kyla's Nightmare|destroyed
|c| battleplan18|ur dne m8
|c| Kyla's Nightmare|stop losin
|c| Kyla's Nightmare|u got this
|c|âDuskt70|thanks captain obvious
|c|âDuskt70|that's difficult
|c| battleplan18|dun suck m80
|
|switch|p2a: Starmie|Starmie|323\/323
|switch|p1a: Crobat|Crobat, F|244\/325
|-damage|p1a: Crobat|163\/325|[from] Stealth Rock
|
|turn|12
|c| Kyla's Nightmare|you're welcome
|
|move|p1a: Crobat|U-turn|p2a: Starmie
|-supereffective|p2a: Starmie
|-damage|p2a: Starmie|161\/323
|c| Kyla's Nightmare|caption obvious is here to help d:^)
|
|switch|p1a: Celebi|Celebi|267\/341
|-damage|p1a: Celebi|225\/341|[from] Stealth Rock
|move|p2a: Starmie|Psyshock|p1a: Celebi
|-resisted|p1a: Celebi
|-damage|p1a: Celebi|171\/341
|
|-heal|p2a: Starmie|181\/323|[from] item: Leftovers
|-heal|p1a: Celebi|192\/341|[from] item: Leftovers
|turn|13
|c|âDuskt70|no hax
|c| Kyla's Nightmare|just makin sure ur on top of everythin
|c|âDuskt70|pls
|c| battleplan18|<3 Cpt Obvious
|c| Kyla's Nightmare|ty citizen
|
|switch|p2a: Aerodactyl|Aerodactyl-Mega, M|306\/306
|move|p1a: Celebi|Swords Dance|p1a: Celebi
|-boost|p1a: Celebi|atk|2
|
|-heal|p1a: Celebi|213\/341|[from] item: Leftovers
|turn|14
|c| Kyla's Nightmare|i try hard
|c| Kyla's Nightmare|at what i do
|c| Kyla's Nightmare|lmao
|c| battleplan18|You got merch though?
|c|âbsuuuu|o
|c| Kyla's Nightmare|yee
|c| battleplan18|lmao
|c|âDuskt70|uh
|c| Kyla's Nightmare|its in the makin
|c| battleplan18|i need it
|c|âDuskt70|please work
|c|âDuskt70|crit
|c|âDuskt70|crit
|c|âDuskt70|crit
|c|âDuskt70|crit
|c| Kyla's Nightmare|crit
|c| battleplan18|5 hours ago
|c| Kyla's Nightmare|crit
|c| Kyla's Nightmare|cirt
|c|âbsuuuu|inb4
|c| Kyla's Nightmare|crit
|c| Kyla's Nightmare|crit
|c| Kyla's Nightmare|crit
|c| battleplan18|crit
|c| Kyla's Nightmare|crit
|c| Kyla's Nightmare|crit
|c| Kyla's Nightmare|crit
|
|move|p1a: Celebi|Sucker Punch|p2a: Aerodactyl
|-damage|p2a: Aerodactyl|115\/306
|move|p2a: Aerodactyl|Aerial Ace|p1a: Celebi
|-supereffective|p1a: Celebi
|-damage|p1a: Celebi|0 fnt
|faint|p1a: Celebi
|
|c| Kyla's Nightmare|cir
|c| Kyla's Nightmare|ic
|c| Kyla's Nightmare|tit
|c| battleplan18|inb4 the crit
|c| Kyla's Nightmare|cit
|c| Kyla's Nightmare|thas booty
|
|switch|p1a: Suicune|Suicune|341\/341
|-damage|p1a: Suicune|299\/341|[from] Stealth Rock
|-ability|p1a: Suicune|Pressure
|turn|15
|c|âDuskt70|hax
|c| Kyla's Nightmare|david
|c| battleplan18|he got dat booty doeeeee
|c| Kyla's Nightmare|dont make such risky plays
|c| Kyla's Nightmare|it wont work
|
|switch|p2a: Roserade|Roserade, M|222\/259
|move|p1a: Suicune|Substitute|p1a: Suicune
|-start|p1a: Suicune|Substitute
|-damage|p1a: Suicune|214\/341
|
|-heal|p1a: Suicune|235\/341|[from] item: Leftovers
|turn|16
|c|âbsuuuu|hat
|c| battleplan18|don't lose against some one who's avatar is wearing a speedo
|
|move|p2a: Roserade|Giga Drain|p1a: Suicune
|-supereffective|p1a: Suicune
|-end|p1a: Suicune|Substitute
|-heal|p2a: Roserade|259\/259|[from] drain|[of] p1a: Suicune
|-damage|p2a: Roserade|234\/259|[from] item: Life Orb
|move|p1a: Suicune|Ice Beam|p2a: Roserade
|-supereffective|p2a: Roserade
|-damage|p2a: Roserade|44\/259
|
|-heal|p1a: Suicune|256\/341|[from] item: Leftovers
|turn|17
|c| battleplan18|I got a hat
|c| Kyla's Nightmare|yea first rule of being a male
|c| battleplan18|^
|c| battleplan18|Bro code
|c| Kyla's Nightmare|1.) dont wear speedos
|c|âbsuuuu|ha+
|c| Kyla's Nightmare|anywhere
|c| battleplan18|2). Don't wear speedo
|c| Kyla's Nightmare|not even in your own home
|
|switch|p1a: Crobat|Crobat, F|163\/325
|-damage|p1a: Crobat|82\/325|[from] Stealth Rock
|move|p2a: Roserade|Leaf Storm|p1a: Crobat|[miss]
|-miss|p2a: Roserade|p1a: Crobat
|
|turn|18
|c| Kyla's Nightmare|2.) dont wear a pink speedo
|c|âbsuuuu|haxxxxxxxxx
|c|âbsuuuu|ha+++++++
|c|âDuskt70|oh thanks
|c| Kyla's Nightmare|thats all the rules
|c| battleplan18|3). Don't wear F*cking speedos
|c|âbsuuuu|ham
|c| battleplan18|yuum
|c| Kyla's Nightmare|4.) dont compliment other peoples speedos
|
|switch|p2a: Jirachi|Jirachi|403\/403
|move|p1a: Crobat|Defog|p2a: Jirachi
|-unboost|p2a: Jirachi|evasion|1
|-sideend|p1: Duskt70|Stealth Rock|[from] move: Defog|[of] p1a: Crobat
|
|turn|19
|c| battleplan18|I'm hungry...
|c| Kyla's Nightmare|5.) dont say the word speedo
|c|âDuskt70|this
|c|âDuskt70|is inner focus bat
|join|UniterFlash
|c| battleplan18|5). Why is your friend wearing speedos?
|c| UniterFlash|wow
|c| UniterFlash|david your alddering
|c| UniterFlash|laddering*
|c| UniterFlash|is this even real life
|c|âDuskt70|i know
|c| Kyla's Nightmare|6.) dont type speedo
|c|âDuskt70|i'm not blind
|
|switch|p1a: Entei|Entei, shiny|371\/371
|-ability|p1a: Entei|Pressure
|move|p2a: Jirachi|Toxic|p1a: Entei
|-status|p1a: Entei|tox
|
|-damage|p1a: Entei|348\/371 tox|[from] psn
|turn|20
|c|âDuskt70|oh no
|c|âDuskt70|not this set
|c| UniterFlash|YES
|c| battleplan18|7). Don't contradict yourself
|c|âDuskt70|no no no
|c| UniterFlash|REVEAL SUB
|c| UniterFlash|REVEAL IT
|c|âDuskt70|nonononono
|
|move|p2a: Jirachi|Substitute|p2a: Jirachi
|-start|p2a: Jirachi|Substitute
|-damage|p2a: Jirachi|303\/403
|move|p1a: Entei|Sacred Fire|p2a: Jirachi
|-crit|p2a: Jirachi
|-supereffective|p2a: Jirachi
|-end|p2a: Jirachi|Substitute
|
|-heal|p2a: Jirachi|328\/403|[from] item: Leftovers
|-damage|p1a: Entei|302\/371 tox|[from] psn
|turn|21
|c| battleplan18|OOOOOOOOOOOOOOOH
|c| battleplan18|SHREKT
|c| Kyla's Nightmare|8.) make fun of people wearing speedos
|
|move|p2a: Jirachi|Substitute|p2a: Jirachi
|-start|p2a: Jirachi|Substitute
|-damage|p2a: Jirachi|228\/403
|move|p1a: Entei|Sacred Fire|p2a: Jirachi
|-supereffective|p2a: Jirachi
|-end|p2a: Jirachi|Substitute
|
|-heal|p2a: Jirachi|253\/403|[from] item: Leftovers
|-damage|p1a: Entei|233\/371 tox|[from] psn
|turn|22
|c| battleplan18|9). Go back to rule 1
|c| Kyla's Nightmare|9.) if you are old dont wear shorts of any kind
|c| battleplan18|^
|c| Kyla's Nightmare|10.) repear
|c| Kyla's Nightmare|*repeat
|
|switch|p1a: Suicune|Suicune|256\/341
|-ability|p1a: Suicune|Pressure
|move|p2a: Jirachi|Substitute|p2a: Jirachi
|-start|p2a: Jirachi|Substitute
|-damage|p2a: Jirachi|153\/403
|
|-heal|p2a: Jirachi|178\/403|[from] item: Leftovers
|-heal|p1a: Suicune|277\/341|[from] item: Leftovers
|turn|23
|c| battleplan18|You should make a shirt with these high holy rules on them lmao
|
|move|p2a: Jirachi|Toxic|p1a: Suicune
|-status|p1a: Suicune|tox
|move|p1a: Suicune|Substitute|p1a: Suicune
|-start|p1a: Suicune|Substitute
|-damage|p1a: Suicune|192\/341 tox
|
|-heal|p2a: Jirachi|203\/403|[from] item: Leftovers
|-heal|p1a: Suicune|213\/341 tox|[from] item: Leftovers
|-damage|p1a: Suicune|192\/341 tox|[from] psn
|turn|24
|c| Kyla's Nightmare|lmao
|c| Kyla's Nightmare|o wait
|c| Kyla's Nightmare|10 should be
|c| battleplan18|make tons of $$$
|c| Kyla's Nightmare|10.) dont stare at someones shirt to long they will notice
|c| Kyla's Nightmare|since it will be on a shirt
|c| battleplan18|yes
|c| Kyla's Nightmare|:}
|c| battleplan18|Lol 12\/10 -IGN
|
|move|p2a: Jirachi|Fire Punch|p1a: Suicune
|-resisted|p1a: Suicune
|-activate|p1a: Suicune|Substitute|[damage]
|move|p1a: Suicune|Scald|p2a: Jirachi
|-end|p2a: Jirachi|Substitute
|
|-heal|p2a: Jirachi|228\/403|[from] item: Leftovers
|-heal|p1a: Suicune|213\/341 tox|[from] item: Leftovers
|-damage|p1a: Suicune|171\/341 tox|[from] psn
|turn|25
|c| Kyla's Nightmare|wait
|c| Kyla's Nightmare|are you writing this down
|c| battleplan18|Jirachi getting rekt???
|c| battleplan18|Oh no
|c| Kyla's Nightmare|oml
|c| battleplan18|Waoit
|c| battleplan18|brb
|
|switch|p2a: Starmie|Starmie|181\/323
|move|p1a: Suicune|Scald|p2a: Starmie
|-resisted|p2a: Starmie
|-damage|p2a: Starmie|116\/323
|
|-heal|p2a: Starmie|136\/323|[from] item: Leftovers
|-heal|p1a: Suicune|192\/341 tox|[from] item: Leftovers
|-damage|p1a: Suicune|129\/341 tox|[from] psn
|turn|26
|c| Kyla's Nightmare|we gotta write this stuff down
|c| battleplan18|will do
|c| Kyla's Nightmare|and send it to like a shirt company
|c| Kyla's Nightmare|oml this is gonna be awesome
|
|move|p2a: Starmie|Recover|p2a: Starmie
|-heal|p2a: Starmie|298\/323
|move|p1a: Suicune|Scald|p2a: Starmie
|-resisted|p2a: Starmie
|-damage|p2a: Starmie|233\/323
|
|-heal|p2a: Starmie|253\/323|[from] item: Leftovers
|-heal|p1a: Suicune|150\/341 tox|[from] item: Leftovers
|-damage|p1a: Suicune|66\/341 tox|[from] psn
|turn|27
|c| battleplan18|i know of a few shirt designers locally...
|c| battleplan18|sort of
|c| Kyla's Nightmare|oml
|c| battleplan18|I mean San Franciscos sorta local
|c| Kyla's Nightmare|thats gr8
|c| battleplan18|gr8 b8 m8
|
|move|p2a: Starmie|Recover|p2a: Starmie
|-heal|p2a: Starmie|323\/323
|move|p1a: Suicune|Scald|p2a: Starmie
|-resisted|p2a: Starmie
|-damage|p2a: Starmie|248\/323
|-status|p2a: Starmie|brn
|
|-heal|p2a: Starmie|268\/323 brn|[from] item: Leftovers
|-heal|p1a: Suicune|87\/341 tox|[from] item: Leftovers
|-damage|p2a: Starmie|228\/323 brn|[from] brn
|-damage|p1a: Suicune|0 fnt|[from] psn
|faint|p1a: Suicune
|c| battleplan18|r8 8\/8
|c| Kyla's Nightmare|i r8 8\/8 m8
|c| battleplan18|gr8
|c| battleplan18|8
|
|switch|p1a: Crobat|Crobat, F|82\/325
|turn|28
|c| battleplan18|k8
|c| battleplan18|idk8
|c| battleplan18|wt8
|
|switch|p2a: Zygarde|Zygarde|405\/405
|-ability|p2a: Zygarde|Aura Break
|move|p1a: Crobat|U-turn|p2a: Zygarde
|-damage|p2a: Zygarde|346\/405
|
|switch|p1a: Kyurem|Kyurem|391\/391
|-ability|p1a: Kyurem|Pressure
|
|-heal|p2a: Zygarde|371\/405|[from] item: Leftovers
|turn|29
|c| Kyla's Nightmare|lol
|c| battleplan18|I tried....
|
|switch|p2a: Blissey|Blissey, F|651\/651
|move|p1a: Kyurem|Ice Beam|p2a: Blissey
|-damage|p2a: Blissey|533\/651
|-damage|p1a: Kyurem|352\/391|[from] item: Life Orb
|
|-heal|p2a: Blissey|573\/651|[from] item: Leftovers
|turn|30
|c| Kyla's Nightmare|its k
|c| UniterFlash|david
|
|move|p1a: Kyurem|Draco Meteor|p2a: Blissey
|-damage|p2a: Blissey|408\/651
|-unboost|p1a: Kyurem|spa|2
|-damage|p1a: Kyurem|313\/391|[from] item: Life Orb
|move|p2a: Blissey|Seismic Toss|p1a: Kyurem
|-damage|p1a: Kyurem|213\/391
|
|-heal|p2a: Blissey|448\/651|[from] item: Leftovers
|turn|31
|c| UniterFlash|dont lose
|c| UniterFlash|no pressure
|c| battleplan18|no pressure tho
|c| battleplan18|Oh too latew
|c| Kyla's Nightmare|david just remember
|c| Kyla's Nightmare|if you lose
|c| battleplan18|DON"T LOSE
|c| UniterFlash|we will make fun of you
|c| UniterFlash|forever
|c| Kyla's Nightmare|we will still think the same of u
|c| UniterFlash|oh
|c| battleplan18|and ever
|
|move|p1a: Kyurem|Ice Beam|p2a: Blissey
|-damage|p2a: Blissey|388\/651
|-damage|p1a: Kyurem|174\/391|[from] item: Life Orb
|move|p2a: Blissey|Seismic Toss|p1a: Kyurem
|-damage|p1a: Kyurem|74\/391
|
|-heal|p2a: Blissey|428\/651|[from] item: Leftovers
|turn|32
|c| UniterFlash|yea what kyla said
|c| Kyla's Nightmare|lmao shh dont tell him that part yet flash
|c| PaulK618|especially if its a 6 0
|c| battleplan18|oh
|c| Kyla's Nightmare|jk daivd
|c| Kyla's Nightmare|*david
|c| Kyla's Nightmare|u got this
|c|âDuskt70|n
|c| battleplan18|just don't get shrekt
|c| Kyla's Nightmare|beat the shit outta this guy
|c|âDuskt70|this is like
|
|move|p1a: Kyurem|Draco Meteor|p2a: Blissey
|-damage|p2a: Blissey|346\/651
|-unboost|p1a: Kyurem|spa|2
|-damage|p1a: Kyurem|35\/391|[from] item: Life Orb
|move|p2a: Blissey|Wish|p2a: Blissey
|
|-heal|p2a: Blissey|386\/651|[from] item: Leftovers
|turn|33
|c|âDuskt70|anti got this
|c| Kyla's Nightmare|i bet if you fought in real life you would beat the shit outta him
|c| battleplan18|lol switch omg
|c| Kyla's Nightmare|d:^)
|
|switch|p2a: Jirachi|Jirachi|228\/403
|move|p1a: Kyurem|Ice Beam|p2a: Jirachi
|-resisted|p2a: Jirachi
|-damage|p2a: Jirachi|193\/403
|-damage|p1a: Kyurem|0 fnt|[from] item: Life Orb
|faint|p1a: Kyurem
|
|-heal|p2a: Jirachi|403\/403|[from] move: Wish|[wisher] Blissey
|c| Kyla's Nightmare|i mean
|c| Kyla's Nightmare|i would think you would
|c| battleplan18|not you bsuuuuu!
|c| Kyla's Nightmare|cuz ur kinda
|c| Kyla's Nightmare|tall
|
|switch|p1a: Entei|Entei, shiny|233\/371 tox
|-ability|p1a: Entei|Pressure
|turn|34
|c| Kyla's Nightmare|and tall people are at an advantage despite what movies want you to think
|c| battleplan18|kyla likes tall guys confirmd
|c| battleplan18|this just in
|c| Kyla's Nightmare|i mean
|c| Kyla's Nightmare|well
|c| Kyla's Nightmare|i cant deny that
|c| battleplan18|CONFIRMED
|c| Kyla's Nightmare|lol
|c| battleplan18|HALF LIFE 3 CONIRMED
|c| battleplan18|HOENN CONFIRMED
|
|switch|p2a: Roserade|Roserade, M|44\/259
|move|p1a: Entei|Flare Blitz|p2a: Roserade
|-supereffective|p2a: Roserade
|-damage|p2a: Roserade|0 fnt
|-damage|p1a: Entei|218\/371 tox|[from] recoil|[of] p2a: Roserade
|faint|p2a: Roserade
|
|-damage|p1a: Entei|195\/371 tox|[from] psn
|c|âbsuuuu|cant preserve
|c| battleplan18|wait...
|c| Kyla's Nightmare|HALF LIFE 4 CONFIRMED
|c| battleplan18|^^^^
|
|switch|p2a: Aerodactyl|Aerodactyl-Mega, M|115\/306
|turn|35
|c| Kyla's Nightmare|not 3 tho
|c| battleplan18|screw 3
|c| Kyla's Nightmare|they just gonna skip 3
|c| battleplan18|no one likes 3
|c| Kyla's Nightmare|lol
|c| battleplan18|its illuminati
|
|switch|p1a: Crobat|Crobat, F|82\/325
|move|p2a: Aerodactyl|Stealth Rock|p1a: Crobat
|-sidestart|p1: Duskt70|move: Stealth Rock
|
|turn|36
|c| Kyla's Nightmare|DAVID KILLED A MON
|c| Kyla's Nightmare|IT ISNT
|c| Kyla's Nightmare|6-0
|c| Kyla's Nightmare|WHOOP
|c| Kyla's Nightmare|THERE IT IS
|c| battleplan18|omg
|c| Kyla's Nightmare|COME ON AND SLAM
|c| battleplan18|wow
|c| Kyla's Nightmare|AND WELCOME TO THE JAM
|c| battleplan18|rekt
|c| battleplan18|gg
|
|move|p2a: Aerodactyl|Aerial Ace|p1a: Crobat
|-crit|p1a: Crobat
|-damage|p1a: Crobat|0 fnt
|faint|p1a: Crobat
|
|c|âDuskt70|this isn't a jam
|c| battleplan18|no re
|join|waiv
|c| Kyla's Nightmare|david wins
|c| Kyla's Nightmare|gg
|c| Kyla's Nightmare|game over
|c| waiv|gggggg
|
|switch|p1a: Aggron|Aggron, F|112\/344
|-damage|p1a: Aggron|91\/344|[from] Stealth Rock
|turn|37
|c| battleplan18|ur done bsuuuu
|leave|waiv
|c| Kyla's Nightmare|[5:18:12 PM] Kyla: https:\/\/www.youtube.com\/watch?v=hQKmWjGSXeU
|
|detailschange|p1a: Aggron|Aggron-Mega, F
|-mega|p1a: Aggron|Aggron|Aggronite
|move|p2a: Aerodactyl|Fire Fang|p1a: Aggron
|-supereffective|p1a: Aggron
|-damage|p1a: Aggron|12\/344
|move|p1a: Aggron|Heavy Slam|p2a: Aerodactyl
|-supereffective|p2a: Aerodactyl
|-damage|p2a: Aerodactyl|0 fnt
|faint|p2a: Aerodactyl
|
|c| Kyla's Nightmare|https:\/\/www.youtube.com\/watch?v=hQKmWjGSXeU
|c| battleplan18|how'd you do thta?
|c| battleplan18|oh
|c| Kyla's Nightmare|COME ON AND SLAM
|c|âDuskt70|(heavy)
|
|switch|p2a: Zygarde|Zygarde|371\/405
|-ability|p2a: Zygarde|Aura Break
|turn|38
|c| Kyla's Nightmare|this is hype music
|
|move|p2a: Zygarde|Earthquake|p1a: Aggron
|-supereffective|p1a: Aggron
|-damage|p1a: Aggron|0 fnt
|faint|p1a: Aggron
|
|-heal|p2a: Zygarde|396\/405|[from] item: Leftovers
|c|âbsuuuu|aside from all the talking
|c| Kyla's Nightmare|david beat the shit outta this guy irl
|c|âbsuuuu|this was a good battle
|c| Kyla's Nightmare|lol
|c|âDuskt70|gg
|
|switch|p1a: Entei|Entei, shiny|195\/371 tox
|-damage|p1a: Entei|103\/371 tox|[from] Stealth Rock
|-ability|p1a: Entei|Pressure
|turn|39
|c|âbsuuuu|gg bud
|join|waivfu
|c| battleplan18|HYPE
|c| battleplan18|HYPE
|c| Kyla's Nightmare|gg
|c| battleplan18|HYPE
|leave|waivfu
|c| battleplan18|GG
|
|move|p1a: Entei|Flare Blitz|p2a: Zygarde
|-resisted|p2a: Zygarde
|-damage|p2a: Zygarde|264\/405
|-damage|p1a: Entei|59\/371 tox|[from] recoil|[of] p2a: Zygarde
|move|p2a: Zygarde|Earthquake|p1a: Entei
|-supereffective|p1a: Entei
|-damage|p1a: Entei|0 fnt
|faint|p1a: Entei
|
|win|bsuuuu
|raw|Ladder updating...
|raw|Duskt70's rating: 1387 &rarr; <strong>1374<\/strong><br \/>(-13 for losing)
|raw|bsuuuu's rating: 1514 &rarr; <strong>1527<\/strong><br \/>(+13 for winning)