|join|bsuuuu
|join|swmas
|player|p1|bsuuuu|43
|player|p2|swmas|207
|gametype|singles
|gen|6
|tier|UU
|rated
|rule|Sleep Clause Mod: Limit one foe put to sleep
|rule|Species Clause: Limit one of each PokÃ©mon
|rule|OHKO Clause: OHKO moves are banned
|rule|Moody Clause: Moody is banned
|rule|Evasion Moves Clause: Evasion moves are banned
|rule|Endless Battle Clause: Forcing endless battles is banned
|rule|HP Percentage Mod: HP is shown in percentages
|clearpoke
|poke|p1|Darmanitan, F
|poke|p1|Celebi
|poke|p1|Aerodactyl, M
|poke|p1|Lucario, M
|poke|p1|Honchkrow, M
|poke|p1|Infernape, F
|poke|p2|Jirachi
|poke|p2|Lucario, F
|poke|p2|Hydreigon, F
|poke|p2|Arcanine, F
|poke|p2|Porygon-Z
|poke|p2|Meloetta
|rule|Swagger Clause: Swagger is banned
|rule|Baton Pass Clause: Limit one PokÃ©mon knowing Baton Pass
|teampreview
|join|pdc1
|
|start
|switch|p1a: Aerodactyl|Aerodactyl, M|305\/305
|switch|p2a: Arcanine|Arcanine, F|321\/321
|-ability|p2a: Arcanine|Intimidate|[of] p1a: Aerodactyl
|-unboost|p1a: Aerodactyl|atk|1
|turn|1
|
|switch|p2a: Hydreigon|Hydreigon, F|388\/388
|detailschange|p1a: Aerodactyl|Aerodactyl-Mega, M
|-mega|p1a: Aerodactyl|Aerodactyl|Aerodactylite
|move|p1a: Aerodactyl|Stone Edge|p2a: Hydreigon
|-damage|p2a: Hydreigon|237\/388
|
|turn|2
|leave|pdc1
|join|pdc1
|leave|pdc1
|
|move|p1a: Aerodactyl|Aerial Ace|p2a: Hydreigon
|-damage|p2a: Hydreigon|119\/388
|move|p2a: Hydreigon|Draco Meteor|p1a: Aerodactyl
|-crit|p1a: Aerodactyl
|-damage|p1a: Aerodactyl|16\/305
|-unboost|p2a: Hydreigon|spa|2
|
|turn|3
|
|move|p1a: Aerodactyl|Roost|p1a: Aerodactyl
|-heal|p1a: Aerodactyl|169\/305
|move|p2a: Hydreigon|Roost|p2a: Hydreigon
|-heal|p2a: Hydreigon|313\/388
|
|turn|4
|
|move|p1a: Aerodactyl|Roost|p1a: Aerodactyl
|-heal|p1a: Aerodactyl|305\/305
|move|p2a: Hydreigon|Focus Energy|p2a: Hydreigon
|-start|p2a: Hydreigon|move: Focus Energy
|
|turn|5
|
|move|p1a: Aerodactyl|Stone Edge|p2a: Hydreigon
|-damage|p2a: Hydreigon|168\/388
|move|p2a: Hydreigon|Draco Meteor|p1a: Aerodactyl
|-crit|p1a: Aerodactyl
|-damage|p1a: Aerodactyl|26\/305
|-unboost|p2a: Hydreigon|spa|2
|
|turn|6
|
|move|p1a: Aerodactyl|Stone Edge|p2a: Hydreigon
|-damage|p2a: Hydreigon|20\/388
|move|p2a: Hydreigon|Roost|p2a: Hydreigon
|-heal|p2a: Hydreigon|214\/388
|
|turn|7
|
|switch|p1a: Infernape|Infernape, F|293\/293
|move|p2a: Hydreigon|Roost|p2a: Hydreigon
|-heal|p2a: Hydreigon|388\/388
|
|turn|8
|
|switch|p2a: Arcanine|Arcanine, F|321\/321
|-ability|p2a: Arcanine|Intimidate|[of] p1a: Infernape
|-unboost|p1a: Infernape|atk|1
|move|p1a: Infernape|Close Combat|p2a: Arcanine
|-damage|p2a: Arcanine|96\/321
|-unboost|p1a: Infernape|def|1
|-unboost|p1a: Infernape|spd|1
|
|turn|9
|
|switch|p1a: Celebi|Celebi|403\/403
|move|p2a: Arcanine|Extreme Speed|p1a: Celebi
|-damage|p1a: Celebi|272\/403
|
|-heal|p1a: Celebi|297\/403|[from] item: Leftovers
|turn|10
|
|switch|p2a: Jirachi|Jirachi|342\/342
|move|p1a: Celebi|Stealth Rock|p2a: Jirachi
|-sidestart|p2: swmas|move: Stealth Rock
|
|-heal|p1a: Celebi|322\/403|[from] item: Leftovers
|turn|11
|
|switch|p1a: Infernape|Infernape, F|293\/293
|move|p2a: Jirachi|Stealth Rock|p1a: Infernape
|-sidestart|p1: bsuuuu|move: Stealth Rock
|
|turn|12
|
|move|p1a: Infernape|Flare Blitz|p2a: Jirachi
|-supereffective|p2a: Jirachi
|-damage|p2a: Jirachi|0 fnt
|-damage|p1a: Infernape|180\/293|[from] recoil|[of] p2a: Jirachi
|faint|p2a: Jirachi
|
|
|switch|p2a: Hydreigon|Hydreigon, F|388\/388
|-damage|p2a: Hydreigon|340\/388|[from] Stealth Rock
|turn|13
|
|switch|p1a: Lucario|Lucario, M|279\/279
|-damage|p1a: Lucario|271\/279|[from] Stealth Rock
|move|p2a: Hydreigon|Draco Meteor|p1a: Lucario
|-crit|p1a: Lucario
|-resisted|p1a: Lucario
|-damage|p1a: Lucario|91\/279
|-unboost|p2a: Hydreigon|spa|2
|
|turn|14
|
|move|p2a: Hydreigon|Draco Meteor|p1a: Lucario
|-resisted|p1a: Lucario
|-damage|p1a: Lucario|30\/279
|-unboost|p2a: Hydreigon|spa|2
|move|p1a: Lucario|Close Combat|p2a: Hydreigon
|-supereffective|p2a: Hydreigon
|-damage|p2a: Hydreigon|0 fnt
|-unboost|p1a: Lucario|def|1
|-unboost|p1a: Lucario|spd|1
|-damage|p1a: Lucario|3\/279|[from] item: Life Orb
|faint|p2a: Hydreigon
|
|
|switch|p2a: Arcanine|Arcanine, F|96\/321
|-damage|p2a: Arcanine|16\/321|[from] Stealth Rock
|-ability|p2a: Arcanine|Intimidate|[of] p1a: Lucario
|-unboost|p1a: Lucario|atk|1
|turn|15
|
|move|p2a: Arcanine|Extreme Speed|p1a: Lucario
|-resisted|p1a: Lucario
|-damage|p1a: Lucario|0 fnt
|faint|p1a: Lucario
|
|
|switch|p1a: Celebi|Celebi|322\/403
|-damage|p1a: Celebi|272\/403|[from] Stealth Rock
|turn|16
|
|move|p2a: Arcanine|Extreme Speed|p1a: Celebi
|-damage|p1a: Celebi|152\/403
|move|p1a: Celebi|Recover|p1a: Celebi
|-heal|p1a: Celebi|354\/403
|
|-heal|p1a: Celebi|379\/403|[from] item: Leftovers
|turn|17
|
|move|p2a: Arcanine|Extreme Speed|p1a: Celebi
|-damage|p1a: Celebi|243\/403
|move|p1a: Celebi|Recover|p1a: Celebi
|-heal|p1a: Celebi|403\/403
|
|turn|18
|
|move|p2a: Arcanine|Extreme Speed|p1a: Celebi
|-damage|p1a: Celebi|283\/403
|move|p1a: Celebi|U-turn|p2a: Arcanine
|-crit|p2a: Arcanine
|-resisted|p2a: Arcanine
|-damage|p2a: Arcanine|0 fnt
|faint|p2a: Arcanine
|
|switch|p1a: Darmanitan|Darmanitan, F|351\/351
|-damage|p1a: Darmanitan|264\/351|[from] Stealth Rock
|
|
|switch|p2a: Meloetta|Meloetta|404\/404
|-damage|p2a: Meloetta|354\/404|[from] Stealth Rock
|turn|19
|
|move|p2a: Meloetta|Quick Attack|p1a: Darmanitan
|-damage|p1a: Darmanitan|206\/351
|move|p1a: Darmanitan|Flare Blitz|p2a: Meloetta
|-damage|p2a: Meloetta|0 fnt
|-damage|p1a: Darmanitan|89\/351|[from] recoil|[of] p2a: Meloetta
|faint|p2a: Meloetta
|
|
|switch|p2a: Lucario|Lucario, F|282\/282
|-damage|p2a: Lucario|274\/282|[from] Stealth Rock
|turn|20
|
|switch|p1a: Aerodactyl|Aerodactyl-Mega, M|26\/305
|-damage|p1a: Aerodactyl|0 fnt|[from] Stealth Rock
|faint|p1a: Aerodactyl
|move|p2a: Lucario|Extreme Speed|p1: Aerodactyl|[notarget]
|-notarget
|
|
|switch|p1a: Honchkrow|Honchkrow, M|341\/341
|-damage|p1a: Honchkrow|256\/341|[from] Stealth Rock
|turn|21
|
|move|p2a: Lucario|Drain Punch|p1a: Honchkrow
|-damage|p1a: Honchkrow|0 fnt
|-heal|p2a: Lucario|282\/282|[from] drain|[of] p1a: Honchkrow
|-damage|p2a: Lucario|254\/282|[from] item: Life Orb
|faint|p1a: Honchkrow
|
|
|switch|p1a: Celebi|Celebi|283\/403
|-damage|p1a: Celebi|233\/403|[from] Stealth Rock
|turn|22
|
|switch|p2a: Porygon-Z|Porygon-Z|311\/311
|-damage|p2a: Porygon-Z|273\/311|[from] Stealth Rock
|move|p1a: Celebi|Leaf Storm|p2a: Porygon-Z|[miss]
|-miss|p1a: Celebi|p2a: Porygon-Z
|
|-heal|p1a: Celebi|258\/403|[from] item: Leftovers
|turn|23
|
|move|p2a: Porygon-Z|Ice Beam|p1a: Celebi
|-supereffective|p1a: Celebi
|-damage|p1a: Celebi|0 fnt
|faint|p1a: Celebi
|
|
|switch|p1a: Darmanitan|Darmanitan, F|89\/351
|-damage|p1a: Darmanitan|2\/351|[from] Stealth Rock
|turn|24
|
|move|p1a: Darmanitan|Superpower|p2a: Porygon-Z
|-supereffective|p2a: Porygon-Z
|-damage|p2a: Porygon-Z|0 fnt
|-unboost|p1a: Darmanitan|atk|1
|-unboost|p1a: Darmanitan|def|1
|faint|p2a: Porygon-Z
|
|
|switch|p2a: Lucario|Lucario, F|254\/282
|-damage|p2a: Lucario|246\/282|[from] Stealth Rock
|turn|25
|
|move|p2a: Lucario|Extreme Speed|p1a: Darmanitan
|-damage|p1a: Darmanitan|0 fnt
|-damage|p2a: Lucario|218\/282|[from] item: Life Orb
|faint|p1a: Darmanitan
|
|
|switch|p1a: Infernape|Infernape, F|180\/293
|-damage|p1a: Infernape|144\/293|[from] Stealth Rock
|turn|26
|
|move|p2a: Lucario|Extreme Speed|p1a: Infernape
|-damage|p1a: Infernape|0 fnt
|-damage|p2a: Lucario|190\/282|[from] item: Life Orb
|faint|p1a: Infernape
|
|win|swmas
|raw|Ladder updating...
|raw|bsuuuu's rating: 1558 &rarr; <strong>1531<\/strong><br \/>(-27 for losing)
|raw|swmas's rating: 1425 &rarr; <strong>1452<\/strong><br \/>(+27 for winning)
|leave|bsuuuu
|player|p1