|join|King UU
|join|bsuuuu
|player|p1|King UU|#kinguu
|player|p2|bsuuuu|43
|gametype|singles
|gen|6
|tier|UU
|rated
|rule|Sleep Clause Mod: Limit one foe put to sleep
|rule|Species Clause: Limit one of each PokÃ©mon
|rule|OHKO Clause: OHKO moves are banned
|rule|Moody Clause: Moody is banned
|rule|Evasion Moves Clause: Evasion moves are banned
|rule|Endless Battle Clause: Forcing endless battles is banned
|rule|HP Percentage Mod: HP is shown in percentages
|clearpoke
|poke|p1|Serperior, F
|poke|p1|Swampert, F
|poke|p1|Infernape, F
|poke|p1|Crobat, F
|poke|p1|Machamp, M
|poke|p1|Jirachi
|poke|p2|Darmanitan, F
|poke|p2|Celebi
|poke|p2|Aerodactyl, F
|poke|p2|Lucario, F
|poke|p2|Honchkrow, M
|poke|p2|Infernape, M
|rule|Swagger Clause: Swagger is banned
|rule|Baton Pass Clause: Limit one PokÃ©mon knowing Baton Pass
|teampreview
|join|Dice
|
|start
|switch|p1a: Infernape|Infernape, F|293\/293
|switch|p2a: Aerodactyl|Aerodactyl, F|305\/305
|turn|1
|
|detailschange|p2a: Aerodactyl|Aerodactyl-Mega, F
|-mega|p2a: Aerodactyl|Aerodactyl|Aerodactylite
|move|p2a: Aerodactyl|Aerial Ace|p1a: Infernape
|-supereffective|p1a: Infernape
|-enditem|p1a: Infernape|Focus Sash
|-damage|p1a: Infernape|1\/293
|move|p1a: Infernape|Stealth Rock|p2a: Aerodactyl
|-sidestart|p2: bsuuuu|move: Stealth Rock
|
|turn|2
|join|Malefic
|leave|Malefic
|
|switch|p1a: Jirachi|Jirachi|341\/341
|move|p2a: Aerodactyl|Aerial Ace|p1a: Jirachi
|-resisted|p1a: Jirachi
|-damage|p1a: Jirachi|255\/341
|
|turn|3
|
|switch|p2a: Infernape|Infernape, M|293\/293
|-damage|p2a: Infernape|257\/293|[from] Stealth Rock
|move|p1a: Jirachi|Iron Head|p2a: Infernape
|-resisted|p2a: Infernape
|-damage|p2a: Infernape|175\/293
|
|turn|4
|
|switch|p1a: Infernape|Infernape, F|1\/293
|move|p2a: Infernape|U-turn|p1a: Infernape
|-resisted|p1a: Infernape
|-damage|p1a: Infernape|0 fnt
|faint|p1a: Infernape
|
|switch|p2a: Lucario|Lucario, F|279\/279
|-damage|p2a: Lucario|271\/279|[from] Stealth Rock
|
|
|switch|p1a: Crobat|Crobat, F|323\/323
|turn|5
|
|switch|p2a: Aerodactyl|Aerodactyl-Mega, F|305\/305
|-damage|p2a: Aerodactyl|229\/305|[from] Stealth Rock
|move|p1a: Crobat|Brave Bird|p2a: Aerodactyl
|-crit|p2a: Aerodactyl
|-resisted|p2a: Aerodactyl
|-damage|p2a: Aerodactyl|55\/305
|-damage|p1a: Crobat|266\/323|[from] recoil|[of] p2a: Aerodactyl
|
|turn|6
|
|move|p2a: Aerodactyl|Defog|p1a: Crobat
|-unboost|p1a: Crobat|evasion|1
|-sideend|p2: bsuuuu|Stealth Rock|[from] move: Defog|[of] p2a: Aerodactyl
|move|p1a: Crobat|U-turn|p2a: Aerodactyl
|-resisted|p2a: Aerodactyl
|-damage|p2a: Aerodactyl|17\/305
|
|switch|p1a: Jirachi|Jirachi|255\/341
|
|turn|7
|
|switch|p2a: Infernape|Infernape, M|175\/293
|move|p1a: Jirachi|U-turn|p2a: Infernape
|-resisted|p2a: Infernape
|-damage|p2a: Infernape|151\/293
|
|switch|p1a: Swampert|Swampert, F|341\/341
|
|turn|8
|
|detailschange|p1a: Swampert|Swampert-Mega, F
|-mega|p1a: Swampert|Swampert|Swampertite
|move|p2a: Infernape|U-turn|p1a: Swampert
|-damage|p1a: Swampert|245\/341
|join|BenzMafia
|
|switch|p2a: Celebi|Celebi|403\/403
|move|p1a: Swampert|Earthquake|p2a: Celebi
|-resisted|p2a: Celebi
|-damage|p2a: Celebi|297\/403
|
|-heal|p2a: Celebi|322\/403|[from] item: Leftovers
|turn|9
|
|switch|p1a: Jirachi|Jirachi|255\/341
|move|p2a: Celebi|Stealth Rock|p1a: Jirachi
|-sidestart|p1: King UU|move: Stealth Rock
|
|-heal|p2a: Celebi|347\/403|[from] item: Leftovers
|turn|10
|
|switch|p2a: Darmanitan|Darmanitan, F|351\/351
|move|p1a: Jirachi|U-turn|p2a: Darmanitan
|-resisted|p2a: Darmanitan
|-damage|p2a: Darmanitan|300\/351
|
|switch|p1a: Swampert|Swampert-Mega, F|245\/341
|-damage|p1a: Swampert|224\/341|[from] Stealth Rock
|
|turn|11
|
|move|p2a: Darmanitan|U-turn|p1a: Swampert
|-damage|p1a: Swampert|135\/341
|
|switch|p2a: Celebi|Celebi|347\/403
|move|p1a: Swampert|Ice Punch|p2a: Celebi
|-supereffective|p2a: Celebi
|-damage|p2a: Celebi|115\/403
|-status|p2a: Celebi|frz
|
|-heal|p2a: Celebi|140\/403 frz|[from] item: Leftovers
|turn|12
|
|switch|p2a: Honchkrow|Honchkrow, M|341\/341
|move|p1a: Swampert|Waterfall|p2a: Honchkrow
|-damage|p2a: Honchkrow|46\/341
|
|turn|13
|
|move|p2a: Honchkrow|Brave Bird|p1a: Swampert
|-damage|p1a: Swampert|0 fnt
|-damage|p2a: Honchkrow|1\/341|[from] recoil|[of] p1a: Swampert
|-damage|p2a: Honchkrow|0 fnt|[from] item: Life Orb
|faint|p1a: Swampert
|faint|p2a: Honchkrow
|
|
|switch|p1a: Jirachi|Jirachi|255\/341
|switch|p2a: Darmanitan|Darmanitan, F|300\/351
|-damage|p1a: Jirachi|234\/341|[from] Stealth Rock
|turn|14
|
|move|p1a: Jirachi|Zen Headbutt|p2a: Darmanitan
|-damage|p2a: Darmanitan|107\/351
|move|p2a: Darmanitan|Flare Blitz|p1a: Jirachi
|-supereffective|p1a: Jirachi
|-damage|p1a: Jirachi|0 fnt
|-damage|p2a: Darmanitan|30\/351|[from] recoil|[of] p1a: Jirachi
|faint|p1a: Jirachi
|
|
|switch|p1a: Machamp|Machamp, M|321\/321
|-damage|p1a: Machamp|301\/321|[from] Stealth Rock
|turn|15
|
|switch|p2a: Celebi|Celebi|140\/403
|move|p1a: Machamp|Bullet Punch|p2a: Celebi
|-damage|p2a: Celebi|87\/403
|
|-heal|p2a: Celebi|112\/403|[from] item: Leftovers
|turn|16
|
|move|p2a: Celebi|Leaf Storm|p1a: Machamp
|-damage|p1a: Machamp|132\/321
|-unboost|p2a: Celebi|spa|2
|move|p1a: Machamp|Knock Off|p2a: Celebi
|-supereffective|p2a: Celebi
|-damage|p2a: Celebi|0 fnt
|-enditem|p2a: Celebi|Leftovers|[from] move: Knock Off|[of] p1a: Machamp
|faint|p2a: Celebi
|
|
|switch|p2a: Lucario|Lucario, F|271\/279
|turn|17
|
|move|p2a: Lucario|Close Combat|p1a: Machamp
|-damage|p1a: Machamp|0 fnt
|-unboost|p2a: Lucario|def|1
|-unboost|p2a: Lucario|spd|1
|-damage|p2a: Lucario|244\/279|[from] item: Life Orb
|faint|p1a: Machamp
|
|
|switch|p1a: Serperior|Serperior, F|331\/331
|-damage|p1a: Serperior|290\/331|[from] Stealth Rock
|turn|18
|
|move|p2a: Lucario|Extreme Speed|p1a: Serperior
|-damage|p1a: Serperior|156\/331
|-damage|p2a: Lucario|217\/279|[from] item: Life Orb
|move|p1a: Serperior|Substitute|p1a: Serperior
|-start|p1a: Serperior|Substitute
|-damage|p1a: Serperior|74\/331
|
|-heal|p1a: Serperior|94\/331|[from] item: Leftovers
|turn|19
|
|move|p2a: Lucario|Extreme Speed|p1a: Serperior
|-end|p1a: Serperior|Substitute
|-damage|p2a: Lucario|190\/279|[from] item: Life Orb
|move|p1a: Serperior|Glare|p2a: Lucario
|-status|p2a: Lucario|par
|
|-heal|p1a: Serperior|114\/331|[from] item: Leftovers
|turn|20
|
|cant|p2a: Lucario|par
|move|p1a: Serperior|Leaf Storm|p2a: Lucario|[miss]
|-miss|p1a: Serperior|p2a: Lucario
|
|-heal|p1a: Serperior|134\/331|[from] item: Leftovers
|turn|21
|
|cant|p2a: Lucario|par
|move|p1a: Serperior|Leaf Storm|p2a: Lucario|[miss]
|-miss|p1a: Serperior|p2a: Lucario
|
|-heal|p1a: Serperior|154\/331|[from] item: Leftovers
|turn|22
|c|âbsuuuu|wait is contrary released
|c|âKing UU|lol
|c| BenzMafia|epic
|c|âKing UU|yes.
|
|move|p2a: Lucario|Extreme Speed|p1a: Serperior
|-damage|p1a: Serperior|29\/331
|-damage|p2a: Lucario|163\/279 par|[from] item: Life Orb
|move|p1a: Serperior|Leaf Storm|p2a: Lucario
|-resisted|p2a: Lucario
|-damage|p2a: Lucario|21\/279 par
|-boost|p1a: Serperior|spa|2
|
|-heal|p1a: Serperior|49\/331|[from] item: Leftovers
|turn|23
|c|âbsuuuu|oo fun
|
|move|p2a: Lucario|Extreme Speed|p1a: Serperior
|-damage|p1a: Serperior|0 fnt
|-damage|p2a: Lucario|0 fnt|[from] item: Life Orb
|faint|p1a: Serperior
|faint|p2a: Lucario
|
|
|switch|p2a: Darmanitan|Darmanitan, F|30\/351
|switch|p1a: Crobat|Crobat, F|266\/323
|-damage|p1a: Crobat|186\/323|[from] Stealth Rock
|turn|24
|c|âbsuuuu|gg
|
|move|p2a: Darmanitan|Flare Blitz|p1a: Crobat
|-damage|p1a: Crobat|0 fnt
|-damage|p2a: Darmanitan|0 fnt|[from] recoil|[of] p1a: Crobat
|faint|p1a: Crobat
|faint|p2a: Darmanitan
|
|win|bsuuuu
|raw|Ladder updating...
|raw|King UU's rating: 1688 &rarr; <strong>1660<\/strong><br \/>(-28 for losing)
|raw|bsuuuu's rating: 1547 &rarr; <strong>1575<\/strong><br \/>(+28 for winning)
|c|âKing UU|gg
|leave|King UU
|player|p1