|join|ULT Hogg
|join|bsuuuu
|player|p1|ULT Hogg|125
|player|p2|bsuuuu|43
|gametype|singles
|gen|6
|tier|UU
|rated
|rule|Sleep Clause Mod: Limit one foe put to sleep
|rule|Species Clause: Limit one of each PokÃ©mon
|rule|OHKO Clause: OHKO moves are banned
|rule|Moody Clause: Moody is banned
|rule|Evasion Moves Clause: Evasion moves are banned
|rule|Endless Battle Clause: Forcing endless battles is banned
|rule|HP Percentage Mod: HP is shown in percentages
|clearpoke
|poke|p1|Kyurem
|poke|p1|Tentacruel, M
|poke|p1|Florges, F
|poke|p1|Ferroseed, M
|poke|p1|Aerodactyl, F
|poke|p1|Shedinja
|poke|p2|Darmanitan, M
|poke|p2|Celebi
|poke|p2|Aerodactyl, F
|poke|p2|Lucario, F
|poke|p2|Honchkrow, M
|poke|p2|Infernape, M
|rule|Swagger Clause: Swagger is banned
|rule|Baton Pass Clause: Limit one PokÃ©mon knowing Baton Pass
|teampreview
|c|âbsuuuu|ew
|
|start
|switch|p1a: Aerodactyl|Aerodactyl, F|363\/363
|switch|p2a: Aerodactyl|Aerodactyl, F|305\/305
|-ability|p1a: Aerodactyl|Pressure
|turn|1
|
|switch|p1a: Ferroseed|Ferroseed, M|292\/292
|detailschange|p2a: Aerodactyl|Aerodactyl-Mega, F
|-mega|p2a: Aerodactyl|Aerodactyl|Aerodactylite
|move|p2a: Aerodactyl|Stone Edge|p1a: Ferroseed
|-resisted|p1a: Ferroseed
|-damage|p1a: Ferroseed|238\/292
|
|turn|2
|
|switch|p2a: Celebi|Celebi|403\/403
|move|p1a: Ferroseed|Stealth Rock|p2a: Celebi
|-sidestart|p2: bsuuuu|move: Stealth Rock
|
|turn|3
|
|switch|p1a: Kyurem|Kyurem|405\/405
|-ability|p1a: Kyurem|Pressure
|move|p2a: Celebi|Stealth Rock|p1a: Kyurem
|-sidestart|p1: ULT Hogg|move: Stealth Rock
|
|turn|4
|
|switch|p2a: Lucario|Lucario, F|279\/279
|-damage|p2a: Lucario|271\/279|[from] Stealth Rock
|move|p1a: Kyurem|Substitute|p1a: Kyurem
|-start|p1a: Kyurem|Substitute
|-damage|p1a: Kyurem|304\/405
|
|-heal|p1a: Kyurem|329\/405|[from] item: Leftovers
|turn|5
|
|move|p1a: Kyurem|Ice Beam|p2a: Lucario
|-resisted|p2a: Lucario
|-damage|p2a: Lucario|162\/279
|move|p2a: Lucario|Earthquake|p1a: Kyurem
|-end|p1a: Kyurem|Substitute
|-damage|p2a: Lucario|135\/279|[from] item: Life Orb
|
|-heal|p1a: Kyurem|354\/405|[from] item: Leftovers
|turn|6
|
|move|p1a: Kyurem|Substitute|p1a: Kyurem
|-start|p1a: Kyurem|Substitute
|-damage|p1a: Kyurem|253\/405
|move|p2a: Lucario|Close Combat|p1a: Kyurem
|-supereffective|p1a: Kyurem
|-end|p1a: Kyurem|Substitute
|-unboost|p2a: Lucario|def|1
|-unboost|p2a: Lucario|spd|1
|-damage|p2a: Lucario|108\/279|[from] item: Life Orb
|
|-heal|p1a: Kyurem|278\/405|[from] item: Leftovers
|turn|7
|
|switch|p2a: Infernape|Infernape, M|293\/293
|-damage|p2a: Infernape|257\/293|[from] Stealth Rock
|move|p1a: Kyurem|Ice Beam|p2a: Infernape
|-resisted|p2a: Infernape
|-damage|p2a: Infernape|156\/293
|
|-heal|p1a: Kyurem|303\/405|[from] item: Leftovers
|turn|8
|
|switch|p1a: Tentacruel|Tentacruel, M|352\/352
|-damage|p1a: Tentacruel|308\/352|[from] Stealth Rock
|move|p2a: Infernape|U-turn|p1a: Tentacruel
|-resisted|p1a: Tentacruel
|-damage|p1a: Tentacruel|254\/352
|
|switch|p2a: Lucario|Lucario, F|108\/279
|-damage|p2a: Lucario|100\/279|[from] Stealth Rock
|
|-heal|p1a: Tentacruel|276\/352|[from] item: Black Sludge
|turn|9
|
|switch|p1a: Aerodactyl|Aerodactyl, F|363\/363
|-damage|p1a: Aerodactyl|273\/363|[from] Stealth Rock
|-ability|p1a: Aerodactyl|Pressure
|move|p2a: Lucario|Close Combat|p1a: Aerodactyl
|-damage|p1a: Aerodactyl|0 fnt
|-unboost|p2a: Lucario|def|1
|-unboost|p2a: Lucario|spd|1
|-damage|p2a: Lucario|73\/279|[from] item: Life Orb
|faint|p1a: Aerodactyl
|
|
|switch|p1a: Kyurem|Kyurem|303\/405
|-damage|p1a: Kyurem|202\/405|[from] Stealth Rock
|-ability|p1a: Kyurem|Pressure
|turn|10
|
|move|p2a: Lucario|Extreme Speed|p1a: Kyurem
|-damage|p1a: Kyurem|63\/405
|-damage|p2a: Lucario|46\/279|[from] item: Life Orb
|move|p1a: Kyurem|Ice Beam|p2a: Lucario
|-resisted|p2a: Lucario
|-damage|p2a: Lucario|0 fnt
|faint|p2a: Lucario
|
|-heal|p1a: Kyurem|88\/405|[from] item: Leftovers
|
|switch|p2a: Infernape|Infernape, M|156\/293
|-damage|p2a: Infernape|120\/293|[from] Stealth Rock
|turn|11
|
|switch|p1a: Tentacruel|Tentacruel, M|276\/352
|-damage|p1a: Tentacruel|232\/352|[from] Stealth Rock
|move|p2a: Infernape|Close Combat|p1a: Tentacruel
|-resisted|p1a: Tentacruel
|-damage|p1a: Tentacruel|99\/352
|-unboost|p2a: Infernape|def|1
|-unboost|p2a: Infernape|spd|1
|
|-heal|p1a: Tentacruel|121\/352|[from] item: Black Sludge
|turn|12
|
|switch|p1a: Florges|Florges, F|360\/360
|-damage|p1a: Florges|315\/360|[from] Stealth Rock
|move|p2a: Infernape|Close Combat|p1a: Florges
|-resisted|p1a: Florges
|-damage|p1a: Florges|168\/360
|-unboost|p2a: Infernape|def|1
|-unboost|p2a: Infernape|spd|1
|
|-heal|p1a: Florges|190\/360|[from] item: Leftovers
|turn|13
|
|switch|p2a: Darmanitan|Darmanitan, M|351\/351
|-damage|p2a: Darmanitan|264\/351|[from] Stealth Rock
|move|p1a: Florges|Wish|p1a: Florges
|
|-heal|p1a: Florges|212\/360|[from] item: Leftovers
|turn|14
|
|move|p1a: Florges|Protect|p1a: Florges
|-singleturn|p1a: Florges|Protect
|move|p2a: Darmanitan|Flare Blitz|p1a: Florges
|-activate|p1a: Florges|Protect
|
|-heal|p1a: Florges|360\/360|[from] move: Wish|[wisher] Florges
|turn|15
|
|switch|p1a: Ferroseed|Ferroseed, M|238\/292
|-damage|p1a: Ferroseed|220\/292|[from] Stealth Rock
|move|p2a: Darmanitan|Flare Blitz|p1a: Ferroseed
|-supereffective|p1a: Ferroseed
|-damage|p1a: Ferroseed|0 fnt
|-damage|p2a: Darmanitan|221\/351|[from] ability: Iron Barbs|[of] p1a: Ferroseed
|-damage|p2a: Darmanitan|148\/351|[from] recoil|[of] p1a: Ferroseed
|faint|p1a: Ferroseed
|
|
|switch|p1a: Florges|Florges, F|360\/360
|-damage|p1a: Florges|315\/360|[from] Stealth Rock
|turn|16
|
|move|p1a: Florges|Protect|p1a: Florges
|-singleturn|p1a: Florges|Protect
|move|p2a: Darmanitan|Flare Blitz|p1a: Florges
|-activate|p1a: Florges|Protect
|
|-heal|p1a: Florges|337\/360|[from] item: Leftovers
|turn|17
|
|move|p2a: Darmanitan|Flare Blitz|p1a: Florges
|-damage|p1a: Florges|12\/360
|-damage|p2a: Darmanitan|41\/351|[from] recoil|[of] p1a: Florges
|move|p1a: Florges|Wish|p1a: Florges
|
|-heal|p1a: Florges|34\/360|[from] item: Leftovers
|turn|18
|
|move|p1a: Florges|Protect|p1a: Florges
|-singleturn|p1a: Florges|Protect
|move|p2a: Darmanitan|Flare Blitz|p1a: Florges
|-activate|p1a: Florges|Protect
|
|-heal|p1a: Florges|214\/360|[from] move: Wish|[wisher] Florges
|-heal|p1a: Florges|236\/360|[from] item: Leftovers
|turn|19
|
|move|p2a: Darmanitan|Flare Blitz|p1a: Florges
|-damage|p1a: Florges|0 fnt
|-damage|p2a: Darmanitan|0 fnt|[from] recoil|[of] p1a: Florges
|faint|p1a: Florges
|faint|p2a: Darmanitan
|
|
|switch|p2a: Aerodactyl|Aerodactyl-Mega, F|305\/305
|switch|p1a: Kyurem|Kyurem|88\/405
|-damage|p2a: Aerodactyl|229\/305|[from] Stealth Rock
|-damage|p1a: Kyurem|0 fnt|[from] Stealth Rock
|faint|p1a: Kyurem
|
|switch|p1a: Tentacruel|Tentacruel, M|121\/352
|-damage|p1a: Tentacruel|77\/352|[from] Stealth Rock
|turn|20
|
|move|p2a: Aerodactyl|Aerial Ace|p1a: Tentacruel
|-damage|p1a: Tentacruel|0 fnt
|faint|p1a: Tentacruel
|
|
|switch|p1a: Shedinja|Shedinja|1\/1
|-damage|p1a: Shedinja|0 fnt|[from] Stealth Rock
|faint|p1a: Shedinja
|
|win|bsuuuu
|raw|Ladder updating...
|raw|ULT Hogg's rating: 1464 &rarr; <strong>1447<\/strong><br \/>(-17 for losing)
|raw|bsuuuu's rating: 1514 &rarr; <strong>1531<\/strong><br \/>(+17 for winning)