|join|xMario
|join|fatboyfat
|player|p1|xMario|153
|player|p2|fatboyfat|242
|gametype|singles
|gen|6
|tier|UU
|rule|Sleep Clause Mod: Limit one foe put to sleep
|rule|Species Clause: Limit one of each PokÃ©mon
|rule|OHKO Clause: OHKO moves are banned
|rule|Moody Clause: Moody is banned
|rule|Evasion Moves Clause: Evasion moves are banned
|rule|Endless Battle Clause: Forcing endless battles is banned
|rule|HP Percentage Mod: HP is shown in percentages
|clearpoke
|poke|p1|Florges, F, shiny
|poke|p1|Bronzong, shiny
|poke|p1|Krookodile, M
|poke|p1|Tentacruel, M
|poke|p1|Pidgeot, M
|poke|p1|Spiritomb, F
|poke|p2|Beedrill, M
|poke|p2|Raikou
|poke|p2|Machamp, F
|poke|p2|Gligar, F
|poke|p2|Rotom-Heat
|poke|p2|Bronzong
|rule|Swagger Clause: Swagger is banned
|rule|Baton Pass Clause: Limit one PokÃ©mon knowing Baton Pass
|teampreview
|c|âxMario|gl
|c|âfatboyfat|u2
|
|start
|switch|p1a: Spiritomb|Spiritomb, F|303\/303
|switch|p2a: Beedrill|Beedrill, M|291\/291
|turn|1
|
|detailschange|p2a: Beedrill|Beedrill-Mega, M
|message|Beedrill has Mega Evolved into Mega Beedrill!
|move|p2a: Beedrill|U-turn|p1a: Spiritomb
|-damage|p1a: Spiritomb|141\/303
|
|move|p1a: Spiritomb|Pursuit|p2a: Beedrill|[from]Pursuit
|-damage|p2a: Beedrill|0 fnt
|faint|p2a: Beedrill
|
|
|switch|p2a: Rotom-Heat|Rotom-Heat|304\/304
|turn|2
|
|switch|p1a: Florges|Florges, F, shiny|360\/360
|move|p2a: Rotom-Heat|Will-O-Wisp|p1a: Florges
|-status|p1a: Florges|brn
|
|-damage|p1a: Florges|315\/360 brn|[from] brn
|turn|3
|
|move|p2a: Rotom-Heat|Volt Switch|p1a: Florges
|-damage|p1a: Florges|258\/360 brn
|
|switch|p2a: Bronzong|Bronzong|338\/338
|move|p1a: Florges|Wish|p1a: Florges
|
|-heal|p1a: Florges|280\/360 brn|[from] item: Leftovers
|-damage|p1a: Florges|235\/360 brn|[from] brn
|turn|4
|join|askufjbdfkhds
|
|switch|p1a: Spiritomb|Spiritomb, F|141\/303
|move|p2a: Bronzong|Gyro Ball|p1a: Spiritomb
|-damage|p1a: Spiritomb|93\/303
|
|-heal|p1a: Spiritomb|273\/303|[from] move: Wish|[wisher] Florges
|turn|5
|
|move|p1a: Spiritomb|Trick|p2a: Bronzong
|-activate|p1a: Spiritomb|move: Trick|[of] p2a: Bronzong
|-item|p2a: Bronzong|Choice Band|[from] move: Trick
|-item|p1a: Spiritomb|Leftovers|[from] move: Trick
|move|p2a: Bronzong|Toxic|p1a: Spiritomb|[miss]
|-miss|p2a: Bronzong|p1a: Spiritomb
|
|-heal|p1a: Spiritomb|291\/303|[from] item: Leftovers
|turn|6
|
|move|p1a: Spiritomb|Pursuit|p2a: Bronzong|[from]Pursuit
|-supereffective|p2a: Bronzong
|-damage|p2a: Bronzong|108\/338
|switch|p2a: Machamp|Machamp, F|384\/384
|
|-heal|p1a: Spiritomb|303\/303|[from] item: Leftovers
|turn|7
|
|move|p2a: Machamp|Knock Off|p1a: Spiritomb
|-damage|p1a: Spiritomb|185\/303
|-enditem|p1a: Spiritomb|Leftovers|[from] move: Knock Off|[of] p2a: Machamp
|move|p1a: Spiritomb|Will-O-Wisp|p2a: Machamp
|-status|p2a: Machamp|brn
|
|-damage|p2a: Machamp|336\/384 brn|[from] brn
|turn|8
|
|switch|p2a: Rotom-Heat|Rotom-Heat|304\/304
|move|p1a: Spiritomb|Trick|p2a: Rotom-Heat
|-activate|p1a: Spiritomb|move: Trick|[of] p2a: Rotom-Heat
|-item|p1a: Spiritomb|Leftovers|[from] move: Trick
|
|-heal|p1a: Spiritomb|203\/303|[from] item: Leftovers
|turn|9
|
|switch|p1a: Florges|Florges, F, shiny|235\/360 brn
|move|p2a: Rotom-Heat|Volt Switch|p1a: Florges
|-crit|p1a: Florges
|-damage|p1a: Florges|141\/360 brn
|
|switch|p2a: Raikou|Raikou|322\/322
|-ability|p2a: Raikou|Pressure
|
|-heal|p1a: Florges|163\/360 brn|[from] item: Leftovers
|-damage|p1a: Florges|118\/360 brn|[from] brn
|turn|10
|
|switch|p1a: Krookodile|Krookodile, M|335\/335
|move|p2a: Raikou|Thunderbolt|p1a: Krookodile
|-immune|p1a: Krookodile|[msg]
|
|turn|11
|
|switch|p2a: Machamp|Machamp, F|336\/384 brn
|move|p1a: Krookodile|Knock Off|p2a: Machamp
|-crit|p2a: Machamp
|-resisted|p2a: Machamp
|-damage|p2a: Machamp|192\/384 brn
|-enditem|p2a: Machamp|Assault Vest|[from] move: Knock Off|[of] p1a: Krookodile
|
|-damage|p2a: Machamp|144\/384 brn|[from] brn
|turn|12
|
|switch|p1a: Spiritomb|Spiritomb, F|203\/303
|move|p2a: Machamp|Knock Off|p1a: Spiritomb
|-damage|p1a: Spiritomb|145\/303
|-enditem|p1a: Spiritomb|Leftovers|[from] move: Knock Off|[of] p2a: Machamp
|
|-damage|p2a: Machamp|96\/384 brn|[from] brn
|turn|13
|
|move|p1a: Spiritomb|Pursuit|p2a: Machamp|[from]Pursuit
|-crit|p2a: Machamp
|-resisted|p2a: Machamp
|-damage|p2a: Machamp|0 fnt
|faint|p2a: Machamp
|
|join|proprioception
|join|YOUsucke
|
|switch|p2a: Rotom-Heat|Rotom-Heat|304\/304
|turn|14
|
|move|p2a: Rotom-Heat|Overheat|p1a: Spiritomb|[miss]
|-miss|p2a: Rotom-Heat|p1a: Spiritomb
|move|p1a: Spiritomb|Pursuit|p2a: Rotom-Heat
|-damage|p2a: Rotom-Heat|261\/304
|
|turn|15
|
|move|p2a: Rotom-Heat|Overheat|p1a: Spiritomb
|-damage|p1a: Spiritomb|6\/303
|-unboost|p2a: Rotom-Heat|spa|2
|move|p1a: Spiritomb|Pursuit|p2a: Rotom-Heat
|-damage|p2a: Rotom-Heat|216\/304
|
|turn|16
|
|move|p1a: Spiritomb|Sucker Punch|p2a: Rotom-Heat
|-damage|p2a: Rotom-Heat|134\/304
|move|p2a: Rotom-Heat|Volt Switch|p1a: Spiritomb
|-damage|p1a: Spiritomb|0 fnt
|faint|p1a: Spiritomb
|
|switch|p2a: Gligar|Gligar, F|334\/334
|
|
|switch|p1a: Bronzong|Bronzong, shiny|338\/338
|turn|17
|
|move|p2a: Gligar|Stealth Rock|p1a: Bronzong
|-sidestart|p1: xMario|move: Stealth Rock
|move|p1a: Bronzong|Stealth Rock|p2a: Gligar
|-sidestart|p2: fatboyfat|move: Stealth Rock
|
|turn|18
|
|move|p2a: Gligar|U-turn|p1a: Bronzong
|-damage|p1a: Bronzong|305\/338
|
|switch|p2a: Rotom-Heat|Rotom-Heat|134\/304
|-damage|p2a: Rotom-Heat|58\/304|[from] Stealth Rock
|move|p1a: Bronzong|Hidden Power|p2a: Rotom-Heat
|-resisted|p2a: Rotom-Heat
|-damage|p2a: Rotom-Heat|40\/304
|
|-heal|p1a: Bronzong|326\/338|[from] item: Leftovers
|turn|19
|
|switch|p1a: Florges|Florges, F, shiny|118\/360 brn
|-damage|p1a: Florges|73\/360 brn|[from] Stealth Rock
|move|p2a: Rotom-Heat|Pain Split|p1a: Florges
|-sethp|p1a: Florges|56\/360 brn|p2a: Rotom-Heat|56\/304|[from] move: Pain Split
|
|-heal|p1a: Florges|78\/360 brn|[from] item: Leftovers
|-damage|p1a: Florges|33\/360 brn|[from] brn
|turn|20
|
|move|p2a: Rotom-Heat|Overheat|p1a: Florges
|-damage|p1a: Florges|0 fnt
|-unboost|p2a: Rotom-Heat|spa|2
|faint|p1a: Florges
|
|
|switch|p1a: Krookodile|Krookodile, M|335\/335
|-damage|p1a: Krookodile|315\/335|[from] Stealth Rock
|turn|21
|
|move|p1a: Krookodile|Knock Off|p2a: Rotom-Heat
|-damage|p2a: Rotom-Heat|0 fnt
|faint|p2a: Rotom-Heat
|-boost|p1a: Krookodile|atk|1|[from] ability: Moxie
|
|
|switch|p2a: Gligar|Gligar, F|334\/334
|-damage|p2a: Gligar|293\/334|[from] Stealth Rock
|turn|22
|
|move|p1a: Krookodile|Knock Off|p2a: Gligar
|-damage|p2a: Gligar|184\/334
|-enditem|p2a: Gligar|Eviolite|[from] move: Knock Off|[of] p1a: Krookodile
|move|p2a: Gligar|U-turn|p1a: Krookodile
|-supereffective|p1a: Krookodile
|-damage|p1a: Krookodile|215\/335
|
|switch|p2a: Bronzong|Bronzong|108\/338
|-damage|p2a: Bronzong|87\/338|[from] Stealth Rock
|
|turn|23
|
|switch|p2a: Gligar|Gligar, F|184\/334
|-damage|p2a: Gligar|143\/334|[from] Stealth Rock
|move|p1a: Krookodile|Knock Off|p2a: Gligar
|-damage|p2a: Gligar|23\/334
|
|turn|24
|
|move|p1a: Krookodile|Knock Off|p2a: Gligar
|-damage|p2a: Gligar|0 fnt
|faint|p2a: Gligar
|-boost|p1a: Krookodile|atk|1|[from] ability: Moxie
|
|
|switch|p2a: Raikou|Raikou|322\/322
|-damage|p2a: Raikou|282\/322|[from] Stealth Rock
|-ability|p2a: Raikou|Pressure
|turn|25
|
|move|p1a: Krookodile|Knock Off|p2a: Raikou
|-damage|p2a: Raikou|0 fnt
|-enditem|p2a: Raikou|Choice Specs|[from] move: Knock Off|[of] p1a: Krookodile
|faint|p2a: Raikou
|-boost|p1a: Krookodile|atk|1|[from] ability: Moxie
|
|c|âfatboyfat|gg
|
|switch|p2a: Bronzong|Bronzong|87\/338
|-damage|p2a: Bronzong|66\/338|[from] Stealth Rock
|turn|26
|c|âxMario|gg
|
|move|p1a: Krookodile|Knock Off|p2a: Bronzong
|-supereffective|p2a: Bronzong
|-damage|p2a: Bronzong|0 fnt
|-enditem|p2a: Bronzong|Choice Band|[from] move: Knock Off|[of] p1a: Krookodile
|faint|p2a: Bronzong
|-boost|p1a: Krookodile|atk|1|[from] ability: Moxie
|
|win|xMario