|join|LiberalLucario
|join|fatboyfat
|player|p1|LiberalLucario|290
|player|p2|fatboyfat|242
|gametype|singles
|gen|6
|tier|UU
|rated
|rule|Sleep Clause Mod: Limit one foe put to sleep
|rule|Species Clause: Limit one of each PokÃ©mon
|rule|OHKO Clause: OHKO moves are banned
|rule|Moody Clause: Moody is banned
|rule|Evasion Moves Clause: Evasion moves are banned
|rule|Endless Battle Clause: Forcing endless battles is banned
|rule|HP Percentage Mod: HP is shown in percentages
|clearpoke
|poke|p1|Cobalion
|poke|p1|Chandelure, F
|poke|p1|Gligar, F
|poke|p1|Vaporeon, F
|poke|p1|Hydreigon, M
|poke|p1|Ampharos, M
|poke|p2|Reuniclus, F
|poke|p2|Absol, M
|poke|p2|Florges, F
|poke|p2|Forretress, F
|poke|p2|Arcanine, F
|poke|p2|Swampert, F
|rule|Swagger Clause: Swagger is banned
|rule|Baton Pass Clause: Limit one PokÃ©mon knowing Baton Pass
|teampreview
|
|start
|switch|p1a: Ampharos|Ampharos, M|373\/373
|switch|p2a: Arcanine|Arcanine, F|383\/383
|-ability|p2a: Arcanine|Intimidate|[of] p1a: Ampharos
|-unboost|p1a: Ampharos|atk|1
|turn|1
|
|detailschange|p1a: Ampharos|Ampharos-Mega, M
|message|Ampharos has Mega Evolved into Mega Ampharos!
|-ability|p1a: Ampharos|Mold Breaker
|move|p2a: Arcanine|Toxic|p1a: Ampharos
|-status|p1a: Ampharos|tox
|move|p1a: Ampharos|Dragon Pulse|p2a: Arcanine
|-damage|p2a: Arcanine|134\/383
|
|-heal|p2a: Arcanine|157\/383|[from] item: Leftovers
|-damage|p1a: Ampharos|350\/373 tox|[from] psn
|turn|2
|
|move|p2a: Arcanine|Morning Sun|p2a: Arcanine
|-heal|p2a: Arcanine|348\/383
|move|p1a: Ampharos|Volt Switch|p2a: Arcanine
|-damage|p2a: Arcanine|165\/383
|
|switch|p1a: Chandelure|Chandelure, F|289\/289
|
|-heal|p2a: Arcanine|188\/383|[from] item: Leftovers
|turn|3
|join|VBD OTR
|
|move|p1a: Chandelure|Substitute|p1a: Chandelure
|-start|p1a: Chandelure|Substitute
|-damage|p1a: Chandelure|217\/289
|move|p2a: Arcanine|Morning Sun|p2a: Arcanine
|-heal|p2a: Arcanine|379\/383
|
|-heal|p1a: Chandelure|235\/289|[from] item: Leftovers
|-heal|p2a: Arcanine|383\/383|[from] item: Leftovers
|turn|4
|
|move|p1a: Chandelure|Calm Mind|p1a: Chandelure
|-boost|p1a: Chandelure|spa|1
|-boost|p1a: Chandelure|spd|1
|move|p2a: Arcanine|Roar|p1a: Chandelure
|drag|p1a: Hydreigon|Hydreigon, M|325\/325
|
|turn|5
|
|move|p1a: Hydreigon|Dark Pulse|p2a: Arcanine
|-damage|p2a: Arcanine|218\/383
|move|p2a: Arcanine|Toxic|p1a: Hydreigon
|-status|p1a: Hydreigon|tox
|
|-heal|p2a: Arcanine|241\/383|[from] item: Leftovers
|-damage|p1a: Hydreigon|305\/325 tox|[from] psn
|turn|6
|
|move|p1a: Hydreigon|Dark Pulse|p2a: Arcanine
|-damage|p2a: Arcanine|60\/383
|cant|p2a: Arcanine|flinch
|
|-heal|p2a: Arcanine|83\/383|[from] item: Leftovers
|-damage|p1a: Hydreigon|265\/325 tox|[from] psn
|turn|7
|
|switch|p2a: Florges|Florges, F|360\/360
|move|p1a: Hydreigon|Dark Pulse|p2a: Florges
|-resisted|p2a: Florges
|-damage|p2a: Florges|327\/360
|
|-heal|p2a: Florges|349\/360|[from] item: Leftovers
|-damage|p1a: Hydreigon|205\/325 tox|[from] psn
|turn|8
|
|switch|p1a: Chandelure|Chandelure, F|235\/289
|switch|p2a: Swampert|Swampert, F|392\/392
|
|-heal|p1a: Chandelure|253\/289|[from] item: Leftovers
|turn|9
|
|switch|p1a: Hydreigon|Hydreigon, M|205\/325 tox
|move|p2a: Swampert|Waterfall|p1a: Hydreigon
|-resisted|p1a: Hydreigon
|-damage|p1a: Hydreigon|82\/325 tox
|
|-damage|p1a: Hydreigon|62\/325 tox|[from] psn
|turn|10
|
|switch|p2a: Florges|Florges, F|349\/360
|move|p1a: Hydreigon|U-turn|p2a: Florges
|-resisted|p2a: Florges
|-damage|p2a: Florges|308\/360
|
|switch|p1a: Chandelure|Chandelure, F|253\/289
|
|-heal|p1a: Chandelure|271\/289|[from] item: Leftovers
|-heal|p2a: Florges|330\/360|[from] item: Leftovers
|turn|11
|
|switch|p2a: Absol|Absol, M|271\/271
|move|p1a: Chandelure|Substitute|p1a: Chandelure
|-start|p1a: Chandelure|Substitute
|-damage|p1a: Chandelure|199\/289
|
|-heal|p1a: Chandelure|217\/289|[from] item: Leftovers
|turn|12
|
|detailschange|p2a: Absol|Absol-Mega, M
|message|Absol has Mega Evolved into Mega Absol!
|move|p1a: Chandelure|Flamethrower|p2a: Absol
|-damage|p2a: Absol|49\/271
|move|p2a: Absol|Knock Off|p1a: Chandelure
|-supereffective|p1a: Chandelure
|-end|p1a: Chandelure|Substitute
|
|-heal|p1a: Chandelure|235\/289|[from] item: Leftovers
|turn|13
|
|switch|p1a: Cobalion|Cobalion|385\/385
|move|p2a: Absol|Knock Off|p1a: Cobalion
|-resisted|p1a: Cobalion
|-damage|p1a: Cobalion|314\/385
|-boost|p1a: Cobalion|atk|1|[from] ability: Justified
|-enditem|p1a: Cobalion|Leftovers|[from] move: Knock Off|[of] p2a: Absol
|
|turn|14
|
|switch|p2a: Arcanine|Arcanine, F|83\/383
|-ability|p2a: Arcanine|Intimidate|[of] p1a: Cobalion
|-unboost|p1a: Cobalion|atk|1
|move|p1a: Cobalion|Close Combat|p2a: Arcanine
|-damage|p2a: Arcanine|0 fnt
|-unboost|p1a: Cobalion|def|1
|-unboost|p1a: Cobalion|spd|1
|faint|p2a: Arcanine
|
|
|switch|p2a: Swampert|Swampert, F|392\/392
|turn|15
|
|switch|p1a: Vaporeon|Vaporeon, F|451\/451
|move|p2a: Swampert|Waterfall|p1a: Vaporeon
|-immune|p1a: Vaporeon|[msg]
|
|turn|16
|
|switch|p2a: Absol|Absol-Mega, M|49\/271
|move|p1a: Vaporeon|Scald|p2a: Absol
|-damage|p2a: Absol|0 fnt
|faint|p2a: Absol
|
|
|switch|p2a: Forretress|Forretress, F|354\/354
|turn|17
|
|switch|p1a: Chandelure|Chandelure, F|235\/289
|move|p2a: Forretress|Stealth Rock|p1a: Chandelure
|-sidestart|p1: LiberalLucario|move: Stealth Rock
|
|-heal|p1a: Chandelure|253\/289|[from] item: Leftovers
|turn|18
|
|move|p1a: Chandelure|Substitute|p1a: Chandelure
|-start|p1a: Chandelure|Substitute
|-damage|p1a: Chandelure|181\/289
|move|p2a: Forretress|Volt Switch|p1a: Chandelure
|-activate|p1a: Chandelure|Substitute|[damage]
|
|switch|p2a: Swampert|Swampert, F|392\/392
|
|-heal|p1a: Chandelure|199\/289|[from] item: Leftovers
|turn|19
|
|move|p1a: Chandelure|Shadow Ball|p2a: Swampert
|-damage|p2a: Swampert|236\/392
|move|p2a: Swampert|Waterfall|p1a: Chandelure
|-supereffective|p1a: Chandelure
|-end|p1a: Chandelure|Substitute
|
|-heal|p1a: Chandelure|217\/289|[from] item: Leftovers
|turn|20
|
|switch|p1a: Vaporeon|Vaporeon, F|451\/451
|-damage|p1a: Vaporeon|395\/451|[from] Stealth Rock
|switch|p2a: Reuniclus|Reuniclus, F|423\/423
|
|-heal|p1a: Vaporeon|423\/451|[from] item: Leftovers
|turn|21
|
|move|p1a: Vaporeon|Scald|p2a: Reuniclus
|-damage|p2a: Reuniclus|297\/423
|move|p2a: Reuniclus|Calm Mind|p2a: Reuniclus
|-boost|p2a: Reuniclus|spa|1
|-boost|p2a: Reuniclus|spd|1
|
|-heal|p1a: Vaporeon|451\/451|[from] item: Leftovers
|turn|22
|
|move|p1a: Vaporeon|Scald|p2a: Reuniclus
|-crit|p2a: Reuniclus
|-damage|p2a: Reuniclus|116\/423
|-status|p2a: Reuniclus|brn
|move|p2a: Reuniclus|Calm Mind|p2a: Reuniclus
|-boost|p2a: Reuniclus|spa|1
|-boost|p2a: Reuniclus|spd|1
|
|turn|23
|
|switch|p1a: Hydreigon|Hydreigon, M|62\/325 tox
|-damage|p1a: Hydreigon|22\/325 tox|[from] Stealth Rock
|move|p2a: Reuniclus|Recover|p2a: Reuniclus
|-heal|p2a: Reuniclus|328\/423 brn
|
|-damage|p1a: Hydreigon|2\/325 tox|[from] psn
|turn|24
|
|move|p1a: Hydreigon|Dark Pulse|p2a: Reuniclus
|-supereffective|p2a: Reuniclus
|-damage|p2a: Reuniclus|176\/423 brn
|move|p2a: Reuniclus|Recover|p2a: Reuniclus
|-heal|p2a: Reuniclus|388\/423 brn
|
|-damage|p1a: Hydreigon|0 fnt|[from] psn
|faint|p1a: Hydreigon
|
|switch|p1a: Ampharos|Ampharos-Mega, M|350\/373 tox
|-damage|p1a: Ampharos|304\/373 tox|[from] Stealth Rock
|-ability|p1a: Ampharos|Mold Breaker
|turn|25
|
|move|p1a: Ampharos|Dragon Pulse|p2a: Reuniclus
|-damage|p2a: Reuniclus|264\/423 brn
|move|p2a: Reuniclus|Calm Mind|p2a: Reuniclus
|-boost|p2a: Reuniclus|spa|1
|-boost|p2a: Reuniclus|spd|1
|
|-damage|p1a: Ampharos|281\/373 tox|[from] psn
|turn|26
|
|move|p1a: Ampharos|Dragon Pulse|p2a: Reuniclus
|-damage|p2a: Reuniclus|177\/423 brn
|move|p2a: Reuniclus|Recover|p2a: Reuniclus
|-heal|p2a: Reuniclus|389\/423 brn
|
|-damage|p1a: Ampharos|235\/373 tox|[from] psn
|turn|27
|
|move|p1a: Ampharos|Thunderbolt|p2a: Reuniclus
|-damage|p2a: Reuniclus|284\/423 brn
|move|p2a: Reuniclus|Calm Mind|p2a: Reuniclus
|-boost|p2a: Reuniclus|spa|1
|-boost|p2a: Reuniclus|spd|1
|
|-damage|p1a: Ampharos|166\/373 tox|[from] psn
|turn|28
|
|move|p1a: Ampharos|Thunderbolt|p2a: Reuniclus
|-damage|p2a: Reuniclus|205\/423 brn
|move|p2a: Reuniclus|Recover|p2a: Reuniclus
|-heal|p2a: Reuniclus|417\/423 brn
|
|-damage|p1a: Ampharos|74\/373 tox|[from] psn
|turn|29
|
|move|p1a: Ampharos|Thunderbolt|p2a: Reuniclus
|-damage|p2a: Reuniclus|330\/423 brn
|move|p2a: Reuniclus|Recover|p2a: Reuniclus
|-heal|p2a: Reuniclus|423\/423 brn
|
|-damage|p1a: Ampharos|0 fnt|[from] psn
|faint|p1a: Ampharos
|
|switch|p1a: Chandelure|Chandelure, F|217\/289
|-damage|p1a: Chandelure|145\/289|[from] Stealth Rock
|turn|30
|
|move|p1a: Chandelure|Shadow Ball|p2a: Reuniclus
|-supereffective|p2a: Reuniclus
|-damage|p2a: Reuniclus|321\/423 brn
|-unboost|p2a: Reuniclus|spd|1
|move|p2a: Reuniclus|Psyshock|p1a: Chandelure
|-damage|p1a: Chandelure|0 fnt
|faint|p1a: Chandelure
|
|
|switch|p1a: Gligar|Gligar, F|334\/334
|-damage|p1a: Gligar|293\/334|[from] Stealth Rock
|turn|31
|
|move|p1a: Gligar|Roost|p1a: Gligar
|-heal|p1a: Gligar|334\/334
|move|p2a: Reuniclus|Psyshock|p1a: Gligar
|-damage|p1a: Gligar|100\/334
|
|turn|32
|
|move|p1a: Gligar|Roost|p1a: Gligar
|-heal|p1a: Gligar|267\/334
|move|p2a: Reuniclus|Psyshock|p1a: Gligar
|-damage|p1a: Gligar|54\/334
|
|turn|33
|
|move|p1a: Gligar|Roost|p1a: Gligar
|-heal|p1a: Gligar|221\/334
|move|p2a: Reuniclus|Psyshock|p1a: Gligar
|-damage|p1a: Gligar|7\/334
|
|turn|34
|
|move|p1a: Gligar|Roost|p1a: Gligar
|-heal|p1a: Gligar|174\/334
|move|p2a: Reuniclus|Psyshock|p1a: Gligar
|-damage|p1a: Gligar|0 fnt
|faint|p1a: Gligar
|
|-message|LiberalLucario forfeited.
|
|win|fatboyfat
|raw|Ladder updating...
|leave|LiberalLucario
|player|p1
|raw|LiberalLucario's rating: 1552 &rarr; <strong>1532<\/strong><br \/>(-20 for losing)
|raw|fatboyfat's rating: 1551 &rarr; <strong>1572<\/strong><br \/>(+21 for winning)
|join|IheartMagikarp
|leave|VBD OTR
|leave|IheartMagikarp