|join|ArchPhantom
|join|srk1214
|player|p1|ArchPhantom|222
|player|p2|srk1214|102
|gametype|singles
|gen|6
|tier|OU
|clearpoke
|poke|p1|Lopunny, M
|poke|p1|Bisharp, M
|poke|p1|Landorus-Therian, M
|poke|p1|Rotom-Wash
|poke|p1|Empoleon, M
|poke|p1|Gothitelle, M
|poke|p2|Latios, M
|poke|p2|Rotom-Wash
|poke|p2|Clefable, F
|poke|p2|Hawlucha, M
|poke|p2|Metagross
|poke|p2|Landorus-Therian, M
|rule|Swagger Clause: Swagger is banned
|rule|Baton Pass Clause: Limit one PokÃ©mon knowing Baton Pass
|rule|Sleep Clause Mod: Limit one foe put to sleep
|rule|Species Clause: Limit one of each PokÃ©mon
|rule|OHKO Clause: OHKO moves are banned
|rule|Moody Clause: Moody is banned
|rule|Evasion Moves Clause: Evasion moves are banned
|rule|Endless Battle Clause: Forcing endless battles is banned
|rule|HP Percentage Mod: HP is shown in percentages
|teampreview
|c|âArchPhantom|gl
|c|âsrk1214|you too
|
|start
|switch|p1a: Lopunny|Lopunny, M|271\/271
|switch|p2a: Rotom-Wash|Rotom-Wash|303\/303
|turn|1
|
|switch|p2a: Landorus-Therian|Landorus-Therian, M|365\/365
|-ability|p2a: Landorus-Therian|Intimidate|[of] p1a: Lopunny
|-unboost|p1a: Lopunny|atk|1
|detailschange|p1a: Lopunny|Lopunny-Mega, M
|-mega|p1a: Lopunny|Lopunny|Lopunnite
|move|p1a: Lopunny|Fake Out|p2a: Landorus-Therian
|-damage|p2a: Landorus-Therian|329\/365
|
|-heal|p2a: Landorus-Therian|351\/365|[from] item: Leftovers
|turn|2
|
|switch|p1a: Rotom-Wash|Rotom-Wash|303\/303
|switch|p2a: Rotom-Wash|Rotom-Wash|303\/303
|
|turn|3
|
|switch|p1a: Empoleon|Empoleon, M|372\/372
|move|p2a: Rotom-Wash|Will-O-Wisp|p1a: Empoleon
|-status|p1a: Empoleon|brn
|
|-damage|p1a: Empoleon|326\/372 brn|[from] brn
|turn|4
|
|move|p2a: Rotom-Wash|Volt Switch|p1a: Empoleon
|-supereffective|p1a: Empoleon
|-damage|p1a: Empoleon|162\/372 brn
|
|switch|p2a: Landorus-Therian|Landorus-Therian, M|351\/365
|-ability|p2a: Landorus-Therian|Intimidate|[of] p1a: Empoleon
|-unboost|p1a: Empoleon|atk|1
|move|p1a: Empoleon|Stealth Rock|p2a: Landorus-Therian
|-sidestart|p2: srk1214|move: Stealth Rock
|
|-heal|p2a: Landorus-Therian|365\/365|[from] item: Leftovers
|-heal|p1a: Empoleon|185\/372 brn|[from] item: Leftovers
|-damage|p1a: Empoleon|139\/372 brn|[from] brn
|turn|5
|
|switch|p1a: Rotom-Wash|Rotom-Wash|303\/303
|move|p2a: Landorus-Therian|Earthquake|p1a: Rotom-Wash
|-immune|p1a: Rotom-Wash|[msg]
|
|turn|6
|
|move|p2a: Landorus-Therian|U-turn|p1a: Rotom-Wash
|-damage|p1a: Rotom-Wash|250\/303
|
|switch|p2a: Clefable|Clefable, F|394\/394
|move|p1a: Rotom-Wash|Volt Switch|p2a: Clefable
|-damage|p2a: Clefable|312\/394
|
|switch|p1a: Gothitelle|Gothitelle, M|310\/310
|
|-heal|p2a: Clefable|336\/394|[from] item: Leftovers
|turn|7
|
|move|p1a: Gothitelle|Trick|p2a: Clefable
|-activate|p1a: Gothitelle|move: Trick|[of] p2a: Clefable
|-item|p2a: Clefable|Choice Specs|[from] move: Trick
|-item|p1a: Gothitelle|Leftovers|[from] move: Trick
|move|p2a: Clefable|Knock Off|p1a: Gothitelle
|-supereffective|p1a: Gothitelle
|-damage|p1a: Gothitelle|204\/310
|-enditem|p1a: Gothitelle|Leftovers|[from] move: Knock Off|[of] p2a: Clefable
|
|turn|8
|
|move|p1a: Gothitelle|Psyshock|p2a: Clefable
|-damage|p2a: Clefable|207\/394
|move|p2a: Clefable|Knock Off|p1a: Gothitelle
|-supereffective|p1a: Gothitelle
|-damage|p1a: Gothitelle|134\/310
|
|turn|9
|
|move|p1a: Gothitelle|Psyshock|p2a: Clefable
|-damage|p2a: Clefable|74\/394
|move|p2a: Clefable|Knock Off|p1a: Gothitelle
|-supereffective|p1a: Gothitelle
|-damage|p1a: Gothitelle|66\/310
|
|turn|10
|
|move|p1a: Gothitelle|Psyshock|p2a: Clefable
|-damage|p2a: Clefable|0 fnt
|faint|p2a: Clefable
|
|
|switch|p2a: Landorus-Therian|Landorus-Therian, M|365\/365
|-damage|p2a: Landorus-Therian|320\/365|[from] Stealth Rock
|-ability|p2a: Landorus-Therian|Intimidate|[of] p1a: Gothitelle
|-unboost|p1a: Gothitelle|atk|1
|turn|11
|
|move|p2a: Landorus-Therian|Stealth Rock|p1a: Gothitelle
|-sidestart|p1: ArchPhantom|move: Stealth Rock
|move|p1a: Gothitelle|Trick|p2a: Landorus-Therian
|-activate|p1a: Gothitelle|move: Trick|[of] p2a: Landorus-Therian
|-item|p1a: Gothitelle|Leftovers|[from] move: Trick
|
|-heal|p1a: Gothitelle|85\/310|[from] item: Leftovers
|turn|12
|leave|ArchPhantom
|player|p1
|join|ArchPhantom
|player|p1|ArchPhantom|222
|
|switch|p1a: Empoleon|Empoleon, M|139\/372 brn
|-damage|p1a: Empoleon|116\/372 brn|[from] Stealth Rock
|move|p2a: Landorus-Therian|U-turn|p1a: Empoleon
|-resisted|p1a: Empoleon
|-damage|p1a: Empoleon|88\/372 brn
|c|âArchPhantom|dc'd, sorry about that
|c|âsrk1214|np
|
|switch|p2a: Metagross|Metagross|358\/358
|-damage|p2a: Metagross|336\/358|[from] Stealth Rock
|
|-heal|p1a: Empoleon|111\/372 brn|[from] item: Leftovers
|-damage|p1a: Empoleon|65\/372 brn|[from] brn
|turn|13
|
|detailschange|p2a: Metagross|Metagross-Mega
|-mega|p2a: Metagross|Metagross|Metagrossite
|move|p2a: Metagross|Earthquake|p1a: Empoleon
|-supereffective|p1a: Empoleon
|-damage|p1a: Empoleon|0 fnt
|faint|p1a: Empoleon
|
|
|switch|p1a: Landorus-Therian|Landorus-Therian, M|319\/319
|-damage|p1a: Landorus-Therian|280\/319|[from] Stealth Rock
|-ability|p1a: Landorus-Therian|Intimidate|[of] p2a: Metagross
|-unboost|p2a: Metagross|atk|1
|turn|14
|
|switch|p2a: Landorus-Therian|Landorus-Therian, M|320\/365
|-damage|p2a: Landorus-Therian|275\/365|[from] Stealth Rock
|-ability|p2a: Landorus-Therian|Intimidate|[of] p1a: Landorus-Therian
|-unboost|p1a: Landorus-Therian|atk|1
|move|p1a: Landorus-Therian|U-turn|p2a: Landorus-Therian
|-crit|p2a: Landorus-Therian
|-resisted|p2a: Landorus-Therian
|-damage|p2a: Landorus-Therian|224\/365
|
|switch|p1a: Lopunny|Lopunny-Mega, M|271\/271
|-damage|p1a: Lopunny|255\/271|[from] Stealth Rock
|
|turn|15
|
|move|p1a: Lopunny|Ice Punch|p2a: Landorus-Therian
|-supereffective|p2a: Landorus-Therian
|-damage|p2a: Landorus-Therian|0 fnt
|faint|p2a: Landorus-Therian
|
|
|switch|p2a: Rotom-Wash|Rotom-Wash|303\/303
|-damage|p2a: Rotom-Wash|266\/303|[from] Stealth Rock
|turn|16
|
|switch|p1a: Gothitelle|Gothitelle, M|85\/310
|-damage|p1a: Gothitelle|47\/310|[from] Stealth Rock
|move|p2a: Rotom-Wash|Will-O-Wisp|p1a: Gothitelle
|-status|p1a: Gothitelle|brn
|
|-heal|p2a: Rotom-Wash|284\/303|[from] item: Leftovers
|-heal|p1a: Gothitelle|66\/310 brn|[from] item: Leftovers
|-damage|p1a: Gothitelle|28\/310 brn|[from] brn
|turn|17
|
|move|p2a: Rotom-Wash|Hydro Pump|p1a: Gothitelle
|-damage|p1a: Gothitelle|0 fnt
|faint|p1a: Gothitelle
|
|-heal|p2a: Rotom-Wash|302\/303|[from] item: Leftovers
|
|switch|p1a: Bisharp|Bisharp, M|271\/271
|-damage|p1a: Bisharp|255\/271|[from] Stealth Rock
|turn|18
|
|move|p1a: Bisharp|Knock Off|p2a: Rotom-Wash
|-damage|p2a: Rotom-Wash|125\/303
|-enditem|p2a: Rotom-Wash|Leftovers|[from] move: Knock Off|[of] p1a: Bisharp
|-damage|p1a: Bisharp|228\/271|[from] item: Life Orb
|move|p2a: Rotom-Wash|Will-O-Wisp|p1a: Bisharp
|-status|p1a: Bisharp|brn
|
|-damage|p1a: Bisharp|195\/271 brn|[from] brn
|turn|19
|
|move|p1a: Bisharp|Knock Off|p2a: Rotom-Wash
|-damage|p2a: Rotom-Wash|65\/303
|-damage|p1a: Bisharp|168\/271 brn|[from] item: Life Orb
|move|p2a: Rotom-Wash|Volt Switch|p1a: Bisharp
|-damage|p1a: Bisharp|57\/271 brn
|
|switch|p2a: Hawlucha|Hawlucha, M|310\/310
|-damage|p2a: Hawlucha|272\/310|[from] Stealth Rock
|
|-damage|p1a: Bisharp|24\/271 brn|[from] brn
|turn|20
|
|move|p2a: Hawlucha|Swords Dance|p2a: Hawlucha
|-boost|p2a: Hawlucha|atk|2
|move|p1a: Bisharp|Iron Head|p2a: Hawlucha
|-crit|p2a: Hawlucha
|-damage|p2a: Hawlucha|97\/310
|-damage|p1a: Bisharp|0 fnt|[from] item: Life Orb
|faint|p1a: Bisharp
|-enditem|p2a: Hawlucha|Sitrus Berry|[eat]
|-heal|p2a: Hawlucha|174\/310|[from] item: Sitrus Berry
|
|
|switch|p1a: Lopunny|Lopunny-Mega, M|255\/271
|-damage|p1a: Lopunny|239\/271|[from] Stealth Rock
|turn|21
|
|move|p1a: Lopunny|Fake Out|p2a: Hawlucha
|-damage|p2a: Hawlucha|77\/310
|cant|p2a: Hawlucha|flinch
|
|turn|22
|
|switch|p1a: Rotom-Wash|Rotom-Wash|250\/303
|-damage|p1a: Rotom-Wash|213\/303|[from] Stealth Rock
|move|p2a: Hawlucha|Acrobatics|p1a: Rotom-Wash
|-resisted|p1a: Rotom-Wash
|-damage|p1a: Rotom-Wash|100\/303
|
|-heal|p1a: Rotom-Wash|118\/303|[from] item: Leftovers
|turn|23
|
|move|p2a: Hawlucha|High Jump Kick|p1a: Rotom-Wash
|-damage|p1a: Rotom-Wash|0 fnt
|faint|p1a: Rotom-Wash
|
|
|switch|p1a: Lopunny|Lopunny-Mega, M|239\/271
|-damage|p1a: Lopunny|223\/271|[from] Stealth Rock
|turn|24
|
|move|p1a: Lopunny|Fake Out|p2a: Hawlucha
|-damage|p2a: Hawlucha|0 fnt
|faint|p2a: Hawlucha
|
|
|switch|p2a: Latios|Latios, M|301\/301
|-damage|p2a: Latios|264\/301|[from] Stealth Rock
|turn|25
|
|move|p1a: Lopunny|Ice Punch|p2a: Latios
|-supereffective|p2a: Latios
|-damage|p2a: Latios|40\/301
|move|p2a: Latios|Draco Meteor|p1a: Lopunny
|-damage|p1a: Lopunny|0 fnt
|-unboost|p2a: Latios|spa|2
|-damage|p2a: Latios|10\/301|[from] item: Life Orb
|faint|p1a: Lopunny
|
|
|switch|p1a: Landorus-Therian|Landorus-Therian, M|280\/319
|-damage|p1a: Landorus-Therian|241\/319|[from] Stealth Rock
|-ability|p1a: Landorus-Therian|Intimidate|[of] p2a: Latios
|-unboost|p2a: Latios|atk|1
|turn|26
|
|move|p1a: Landorus-Therian|U-turn|p2a: Latios
|-supereffective|p2a: Latios
|-damage|p2a: Latios|0 fnt
|faint|p2a: Latios
|
|
|switch|p2a: Metagross|Metagross-Mega|336\/358
|-damage|p2a: Metagross|314\/358|[from] Stealth Rock
|turn|27
|
|move|p1a: Landorus-Therian|U-turn|p2a: Metagross
|-damage|p2a: Metagross|254\/358
|move|p2a: Metagross|Meteor Mash|p1a: Landorus-Therian
|-damage|p1a: Landorus-Therian|0 fnt
|faint|p1a: Landorus-Therian
|
|win|srk1214
|c|âsrk1214|gg
|c|âArchPhantom|gg