|join|ArchPhantom
|join|Specs Fake-Out
|player|p1|ArchPhantom|238
|player|p2|Specs Fake-Out|110
|gametype|singles
|gen|6
|tier|OU
|clearpoke
|poke|p1|Landorus-Therian, M
|poke|p1|Amoonguss, F
|poke|p1|Rotom-Wash
|poke|p1|Latios, M
|poke|p1|Empoleon, F
|poke|p1|Lopunny, M
|poke|p2|Gallade, M
|poke|p2|Greninja, M
|poke|p2|Heatran, M
|poke|p2|Rotom-Wash
|poke|p2|Landorus-Therian, M
|poke|p2|Latios, M
|rule|Swagger Clause: Swagger is banned
|rule|Baton Pass Clause: Limit one PokÃ©mon knowing Baton Pass
|rule|Sleep Clause Mod: Limit one foe put to sleep
|rule|Species Clause: Limit one of each PokÃ©mon
|rule|OHKO Clause: OHKO moves are banned
|rule|Moody Clause: Moody is banned
|rule|Evasion Moves Clause: Evasion moves are banned
|rule|Endless Battle Clause: Forcing endless battles is banned
|rule|HP Percentage Mod: HP is shown in percentages
|teampreview
|join|crypticTypo
|join|EternusDraco
|join|epicjelly1
|join|Wond3rbread
|c|âArchPhantom|glhf
|c|âSpecs Fake-Out|u2
|join|N0L0
|leave|EternusDraco
|join|EternusDraco
|c| Wond3rbread|hehhe bwoi
|join|Ronflex
|join|Defensive RK9
|leave|Ronflex
|leave|Defensive RK9
|join|fakemcfakerson
|c|âArchPhantom|Spore turn 1
|
|start
|switch|p1a: Lopunny|Lopunny, M|271\/271
|switch|p2a: Rotom-Wash|Rotom-Wash|303\/303
|turn|1
|c|âSpecs Fake-Out|shoulda led gallade
|join|stubird1
|join|TheMooseofDoom
|c|âSpecs Fake-Out|and fucked up your life
|c|âArchPhantom|hehe
|c|âSpecs Fake-Out|:]
|
|detailschange|p1a: Lopunny|Lopunny-Mega, M
|message|Lopunny has Mega Evolved into Mega Lopunny!
|move|p1a: Lopunny|Fake Out|p2a: Rotom-Wash
|-damage|p2a: Rotom-Wash|254\/303
|cant|p2a: Rotom-Wash|flinch
|
|-heal|p2a: Rotom-Wash|272\/303|[from] item: Leftovers
|turn|2
|c| Wond3rbread|lol
|c| stubird1|lego team archphantom lol
|
|switch|p1a: Amoonguss|Amoonguss, F|429\/429
|move|p2a: Rotom-Wash|Volt Switch|p1a: Amoonguss
|-resisted|p1a: Amoonguss
|-damage|p1a: Amoonguss|380\/429
|
|switch|p2a: Latios|Latios, M|301\/301
|
|-heal|p1a: Amoonguss|406\/429|[from] item: Black Sludge
|turn|3
|
|switch|p1a: Empoleon|Empoleon, F|372\/372
|move|p2a: Latios|Psyshock|p1a: Empoleon
|-resisted|p1a: Empoleon
|-damage|p1a: Empoleon|302\/372
|-damage|p2a: Latios|271\/301|[from] item: Life Orb
|
|-heal|p1a: Empoleon|325\/372|[from] item: Leftovers
|turn|4
|
|switch|p1a: Latios|Latios, M|301\/301
|move|p2a: Latios|Thunderbolt|p1a: Latios
|-resisted|p1a: Latios
|-damage|p1a: Latios|235\/301
|-status|p1a: Latios|par
|-damage|p2a: Latios|241\/301|[from] item: Life Orb
|
|turn|5
|c|âSpecs Fake-Out|...
|c|âSpecs Fake-Out|sorry
|c|âArchPhantom|.
|join|FourSuits
|c|âArchPhantom|its k
|
|switch|p1a: Empoleon|Empoleon, F|325\/372
|move|p2a: Latios|Draco Meteor|p1a: Empoleon
|-resisted|p1a: Empoleon
|-damage|p1a: Empoleon|189\/372
|-unboost|p2a: Latios|spa|2
|-damage|p2a: Latios|211\/301|[from] item: Life Orb
|
|-heal|p1a: Empoleon|212\/372|[from] item: Leftovers
|turn|6
|
|switch|p2a: Rotom-Wash|Rotom-Wash|272\/303
|switch|p1a: Landorus-Therian|Landorus-Therian, M|319\/319
|-ability|p1a: Landorus-Therian|Intimidate|[of] p2a: Rotom-Wash
|-unboost|p2a: Rotom-Wash|atk|1
|
|-heal|p2a: Rotom-Wash|290\/303|[from] item: Leftovers
|turn|7
|
|move|p1a: Landorus-Therian|U-turn|p2a: Rotom-Wash
|-damage|p2a: Rotom-Wash|230\/303
|
|switch|p1a: Amoonguss|Amoonguss, F|429\/429
|move|p2a: Rotom-Wash|Volt Switch|p1a: Amoonguss
|-crit|p1a: Amoonguss
|-resisted|p1a: Amoonguss
|-damage|p1a: Amoonguss|358\/429
|
|switch|p2a: Gallade|Gallade, M|277\/277
|
|-heal|p1a: Amoonguss|384\/429|[from] item: Black Sludge
|turn|8
|
|detailschange|p2a: Gallade|Gallade-Mega, M
|message|Gallade has Mega Evolved into Mega Gallade!
|move|p2a: Gallade|Psycho Cut|p1a: Amoonguss
|-supereffective|p1a: Amoonguss
|-damage|p1a: Amoonguss|84\/429
|move|p1a: Amoonguss|Spore|p2a: Gallade
|-status|p2a: Gallade|slp
|
|-heal|p1a: Amoonguss|110\/429|[from] item: Black Sludge
|turn|9
|
|switch|p1a: Lopunny|Lopunny-Mega, M|271\/271
|cant|p2a: Gallade|slp
|
|turn|10
|
|move|p1a: Lopunny|Ice Punch|p2a: Gallade
|-damage|p2a: Gallade|177\/277 slp
|cant|p2a: Gallade|slp
|
|turn|11
|
|switch|p2a: Rotom-Wash|Rotom-Wash|230\/303
|move|p1a: Lopunny|Frustration|p2a: Rotom-Wash
|-damage|p2a: Rotom-Wash|100\/303
|
|-heal|p2a: Rotom-Wash|118\/303|[from] item: Leftovers
|turn|12
|
|move|p1a: Lopunny|Frustration|p2a: Rotom-Wash
|-damage|p2a: Rotom-Wash|0 fnt
|faint|p2a: Rotom-Wash
|
|
|switch|p2a: Landorus-Therian|Landorus-Therian, M|319\/319
|-ability|p2a: Landorus-Therian|Intimidate|[of] p1a: Lopunny
|-unboost|p1a: Lopunny|atk|1
|turn|13
|
|switch|p1a: Rotom-Wash|Rotom-Wash|303\/303
|move|p2a: Landorus-Therian|U-turn|p1a: Rotom-Wash
|-damage|p1a: Rotom-Wash|238\/303
|join|Defensive RK9
|
|switch|p2a: Latios|Latios, M|211\/301
|
|-heal|p1a: Rotom-Wash|256\/303|[from] item: Leftovers
|turn|14
|c|âSpecs Fake-Out|day 67: no rocks on the field just yet
|
|switch|p1a: Empoleon|Empoleon, F|212\/372
|move|p2a: Latios|Draco Meteor|p1a: Empoleon
|-resisted|p1a: Empoleon
|-damage|p1a: Empoleon|69\/372
|-unboost|p2a: Latios|spa|2
|-damage|p2a: Latios|181\/301|[from] item: Life Orb
|
|-heal|p1a: Empoleon|92\/372|[from] item: Leftovers
|turn|15
|c| fakemcfakerson|save ur empoleon for that greninja
|
|switch|p2a: Gallade|Gallade-Mega, M|177\/277 slp
|switch|p1a: Landorus-Therian|Landorus-Therian, M|319\/319
|-ability|p1a: Landorus-Therian|Intimidate|[of] p2a: Gallade
|-unboost|p2a: Gallade|atk|1
|
|turn|16
|
|switch|p2a: Landorus-Therian|Landorus-Therian, M|319\/319
|-ability|p2a: Landorus-Therian|Intimidate|[of] p1a: Landorus-Therian
|-unboost|p1a: Landorus-Therian|atk|1
|move|p1a: Landorus-Therian|Earthquake|p2a: Landorus-Therian
|-immune|p2a: Landorus-Therian|[msg]
|
|turn|17
|
|switch|p1a: Rotom-Wash|Rotom-Wash|256\/303
|move|p2a: Landorus-Therian|Knock Off|p1a: Rotom-Wash
|-damage|p1a: Rotom-Wash|169\/303
|-enditem|p1a: Rotom-Wash|Leftovers|[from] move: Knock Off|[of] p2a: Landorus-Therian
|
|turn|18
|
|switch|p2a: Heatran|Heatran, M|385\/385
|move|p1a: Rotom-Wash|Will-O-Wisp|p2a: Heatran
|-start|p2a: Heatran|ability: Flash Fire
|
|turn|19
|
|move|p1a: Rotom-Wash|Pain Split|p2a: Heatran
|-sethp|p2a: Heatran|277\/385|p1a: Rotom-Wash|277\/303|[from] move: Pain Split
|move|p2a: Heatran|Stealth Rock|p1a: Rotom-Wash
|-sidestart|p1: ArchPhantom|move: Stealth Rock
|
|-heal|p2a: Heatran|301\/385|[from] item: Leftovers
|turn|20
|
|move|p1a: Rotom-Wash|Volt Switch|p2a: Heatran
|-damage|p2a: Heatran|235\/385
|
|switch|p1a: Latios|Latios, M|235\/301 par
|-damage|p1a: Latios|198\/301 par|[from] Stealth Rock
|move|p2a: Heatran|Toxic|p1a: Latios
|-fail|p1a: Latios
|
|-heal|p2a: Heatran|259\/385|[from] item: Leftovers
|turn|21
|c|âSpecs Fake-Out|plays
|
|move|p2a: Heatran|Lava Plume|p1a: Latios
|-resisted|p1a: Latios
|-damage|p1a: Latios|110\/301 par
|move|p1a: Latios|Calm Mind|p1a: Latios
|-boost|p1a: Latios|spa|1
|-boost|p1a: Latios|spd|1
|
|-heal|p2a: Heatran|283\/385|[from] item: Leftovers
|turn|22
|join|Jukain
|
|move|p2a: Heatran|Lava Plume|p1a: Latios
|-resisted|p1a: Latios
|-damage|p1a: Latios|53\/301 par
|move|p1a: Latios|Roost|p1a: Latios
|-heal|p1a: Latios|204\/301 par
|
|-heal|p2a: Heatran|307\/385|[from] item: Leftovers
|turn|23
|
|switch|p2a: Landorus-Therian|Landorus-Therian, M|319\/319
|-ability|p2a: Landorus-Therian|Intimidate|[of] p1a: Latios
|-unboost|p1a: Latios|atk|1
|move|p1a: Latios|Draco Meteor|p2a: Landorus-Therian
|-damage|p2a: Landorus-Therian|0 fnt
|-unboost|p1a: Latios|spa|2
|-damage|p1a: Latios|174\/301 par|[from] item: Life Orb
|faint|p2a: Landorus-Therian
|
|
|switch|p2a: Gallade|Gallade-Mega, M|177\/277 slp
|turn|24
|join|DeepFreezeIV
|join|Fastlanes
|
|cant|p2a: Gallade|slp
|cant|p1a: Latios|par
|
|turn|25
|
|-curestatus|p2a: Gallade|slp
|move|p2a: Gallade|Ice Punch|p1a: Latios
|-supereffective|p1a: Latios
|-damage|p1a: Latios|0 fnt
|faint|p1a: Latios
|
|
|switch|p1a: Landorus-Therian|Landorus-Therian, M|319\/319
|-damage|p1a: Landorus-Therian|280\/319|[from] Stealth Rock
|-ability|p1a: Landorus-Therian|Intimidate|[of] p2a: Gallade
|-unboost|p2a: Gallade|atk|1
|turn|26
|
|move|p1a: Landorus-Therian|U-turn|p2a: Gallade
|-damage|p2a: Gallade|91\/277
|
|switch|p1a: Empoleon|Empoleon, F|92\/372
|-damage|p1a: Empoleon|69\/372|[from] Stealth Rock
|move|p2a: Gallade|Close Combat|p1a: Empoleon
|-supereffective|p1a: Empoleon
|-damage|p1a: Empoleon|0 fnt
|-unboost|p2a: Gallade|def|1
|-unboost|p2a: Gallade|spd|1
|faint|p1a: Empoleon
|
|
|switch|p1a: Landorus-Therian|Landorus-Therian, M|280\/319
|-damage|p1a: Landorus-Therian|241\/319|[from] Stealth Rock
|-ability|p1a: Landorus-Therian|Intimidate|[of] p2a: Gallade
|-unboost|p2a: Gallade|atk|1
|turn|27
|join|King Time Stall
|leave|TheMooseofDoom
|
|switch|p2a: Heatran|Heatran, M|307\/385
|move|p1a: Landorus-Therian|U-turn|p2a: Heatran
|-resisted|p2a: Heatran
|-damage|p2a: Heatran|287\/385
|
|switch|p1a: Lopunny|Lopunny-Mega, M|271\/271
|-damage|p1a: Lopunny|255\/271|[from] Stealth Rock
|
|-heal|p2a: Heatran|311\/385|[from] item: Leftovers
|turn|28
|c| DeepFreezeIV|specs is that the normal offensive gallade?
|c|âSpecs Fake-Out|yeah
|
|move|p2a: Heatran|Protect|p2a: Heatran
|-singleturn|p2a: Heatran|Protect
|move|p1a: Lopunny|High Jump Kick|p2a: Heatran
|-activate|p2a: Heatran|Protect
|-damage|p1a: Lopunny|120\/271|[from] highjumpkick
|
|-heal|p2a: Heatran|335\/385|[from] item: Leftovers
|turn|29
|c| DeepFreezeIV|kk thanks
|
|switch|p2a: Latios|Latios, M|181\/301
|move|p1a: Lopunny|High Jump Kick|p2a: Latios
|-resisted|p2a: Latios
|-damage|p2a: Latios|43\/301
|
|turn|30
|join|Alldaalts
|leave|N0L0
|
|move|p1a: Lopunny|Frustration|p2a: Latios
|-damage|p2a: Latios|0 fnt
|faint|p2a: Latios
|
|
|switch|p2a: Gallade|Gallade-Mega, M|91\/277
|turn|31
|c| epicjelly1|HI
|
|move|p1a: Lopunny|Frustration|p2a: Gallade
|-damage|p2a: Gallade|0 fnt
|faint|p2a: Gallade
|
|
|switch|p2a: Heatran|Heatran, M|335\/385
|turn|32
|leave|stubird1
|
|switch|p1a: Amoonguss|Amoonguss, F|253\/429
|-damage|p1a: Amoonguss|200\/429|[from] Stealth Rock
|move|p2a: Heatran|Lava Plume|p1a: Amoonguss
|-supereffective|p1a: Amoonguss
|-damage|p1a: Amoonguss|0 fnt
|faint|p1a: Amoonguss
|
|-heal|p2a: Heatran|359\/385|[from] item: Leftovers
|
|switch|p1a: Landorus-Therian|Landorus-Therian, M|241\/319
|-damage|p1a: Landorus-Therian|202\/319|[from] Stealth Rock
|-ability|p1a: Landorus-Therian|Intimidate|[of] p2a: Heatran
|-unboost|p2a: Heatran|atk|1
|turn|33
|join|Ah U and skuukzky
|join|Gizmoâ
|
|move|p2a: Heatran|Protect|p2a: Heatran
|-singleturn|p2a: Heatran|Protect
|move|p1a: Landorus-Therian|Earthquake|p2a: Heatran
|-activate|p2a: Heatran|Protect
|
|-heal|p2a: Heatran|383\/385|[from] item: Leftovers
|turn|34
|
|move|p1a: Landorus-Therian|Earthquake|p2a: Heatran
|-supereffective|p2a: Heatran
|-damage|p2a: Heatran|0 fnt
|faint|p2a: Heatran
|
|c| epicjelly1|DID I MISS ANYTHING
|
|switch|p2a: Greninja|Greninja, M|285\/285
|turn|35
|
|move|p1a: Landorus-Therian|Earthquake|p2a: Greninja
|-damage|p2a: Greninja|0 fnt
|faint|p2a: Greninja
|
|win|ArchPhantom
|c|âArchPhantom|gg
|c|âSpecs Fake-Out|gg