|join|ArchPhantom
|join|Amir The LC player
|player|p1|ArchPhantom|238
|player|p2|Amir The LC player|237
|gametype|singles
|gen|6
|tier|OU
|rated
|clearpoke
|poke|p1|Landorus-Therian, M
|poke|p1|Empoleon, M
|poke|p1|Gengar, F
|poke|p1|Bisharp, M
|poke|p1|Rotom-Wash
|poke|p1|Lopunny, F
|poke|p2|Chesnaught, M
|poke|p2|Bronzong
|poke|p2|Slowbro, F
|poke|p2|Altaria, F
|poke|p2|Chansey, F
|poke|p2|Tentacruel, F
|rule|Swagger Clause: Swagger is banned
|rule|Baton Pass Clause: Limit one PokÃ©mon knowing Baton Pass
|rule|Sleep Clause Mod: Limit one foe put to sleep
|rule|Species Clause: Limit one of each PokÃ©mon
|rule|OHKO Clause: OHKO moves are banned
|rule|Moody Clause: Moody is banned
|rule|Evasion Moves Clause: Evasion moves are banned
|rule|Endless Battle Clause: Forcing endless battles is banned
|rule|HP Percentage Mod: HP is shown in percentages
|teampreview
|
|start
|switch|p1a: Bisharp|Bisharp, M|271\/271
|switch|p2a: Bronzong|Bronzong|338\/338
|turn|1
|
|switch|p2a: Chesnaught|Chesnaught, M|379\/379
|move|p1a: Bisharp|Knock Off|p2a: Chesnaught
|-resisted|p2a: Chesnaught
|-damage|p2a: Chesnaught|301\/379
|-enditem|p2a: Chesnaught|Leftovers|[from] move: Knock Off|[of] p1a: Bisharp
|-damage|p1a: Bisharp|244\/271|[from] item: Life Orb
|
|turn|2
|
|switch|p1a: Gengar|Gengar, F|261\/261
|move|p2a: Chesnaught|Leech Seed|p1a: Gengar
|-start|p1a: Gengar|move: Leech Seed
|
|-damage|p1a: Gengar|229\/261|[from] Leech Seed|[of] p2a: Chesnaught
|-heal|p2a: Chesnaught|333\/379|[silent]
|turn|3
|
|switch|p1a: Bisharp|Bisharp, M|244\/271
|switch|p2a: Chansey|Chansey, F|641\/641
|
|turn|4
|
|switch|p2a: Chesnaught|Chesnaught, M|333\/379
|move|p1a: Bisharp|Knock Off|p2a: Chesnaught
|-resisted|p2a: Chesnaught
|-damage|p2a: Chesnaught|281\/379
|-damage|p1a: Bisharp|217\/271|[from] item: Life Orb
|
|turn|5
|
|switch|p1a: Rotom-Wash|Rotom-Wash|304\/304
|move|p2a: Chesnaught|Spikes|p1a: Rotom-Wash
|-sidestart|p1: ArchPhantom|Spikes
|
|turn|6
|
|switch|p2a: Chansey|Chansey, F|641\/641
|move|p1a: Rotom-Wash|Volt Switch|p2a: Chansey
|-damage|p2a: Chansey|599\/641
|
|switch|p1a: Bisharp|Bisharp, M|217\/271
|-damage|p1a: Bisharp|184\/271|[from] Spikes
|
|turn|7
|
|switch|p2a: Chesnaught|Chesnaught, M|281\/379
|move|p1a: Bisharp|Knock Off|p2a: Chesnaught
|-resisted|p2a: Chesnaught
|-damage|p2a: Chesnaught|229\/379
|-damage|p1a: Bisharp|157\/271|[from] item: Life Orb
|
|turn|8
|
|move|p1a: Bisharp|Aerial Ace|p2a: Chesnaught
|-supereffective|p2a: Chesnaught
|-damage|p2a: Chesnaught|0 fnt
|-damage|p1a: Bisharp|130\/271|[from] item: Life Orb
|faint|p2a: Chesnaught
|
|c|âAmir The LC player|well hello
|c|âArchPhantom|lmao
|
|switch|p2a: Tentacruel|Tentacruel, F|364\/364
|turn|9
|
|switch|p1a: Empoleon|Empoleon, M|372\/372
|-damage|p1a: Empoleon|326\/372|[from] Spikes
|move|p2a: Tentacruel|Scald|p1a: Empoleon
|-resisted|p1a: Empoleon
|-damage|p1a: Empoleon|287\/372
|
|-heal|p1a: Empoleon|310\/372|[from] item: Leftovers
|turn|10
|
|move|p2a: Tentacruel|Scald|p1a: Empoleon
|-resisted|p1a: Empoleon
|-damage|p1a: Empoleon|272\/372
|-status|p1a: Empoleon|brn
|move|p1a: Empoleon|Defog|p2a: Tentacruel
|-unboost|p2a: Tentacruel|evasion|1
|-sideend|p1: ArchPhantom|Spikes|[from] move: Defog|[of] p1a: Empoleon
|
|-heal|p1a: Empoleon|295\/372 brn|[from] item: Leftovers
|-damage|p1a: Empoleon|249\/372 brn|[from] brn
|turn|11
|
|switch|p2a: Bronzong|Bronzong|338\/338
|switch|p1a: Rotom-Wash|Rotom-Wash|304\/304
|
|turn|12
|
|move|p1a: Rotom-Wash|Volt Switch|p2a: Bronzong
|-damage|p2a: Bronzong|281\/338
|
|switch|p1a: Bisharp|Bisharp, M|130\/271
|move|p2a: Bronzong|Stealth Rock|p1a: Bisharp
|-sidestart|p1: ArchPhantom|move: Stealth Rock
|
|-heal|p2a: Bronzong|302\/338|[from] item: Leftovers
|turn|13
|
|move|p1a: Bisharp|Knock Off|p2a: Bronzong
|-crit|p2a: Bronzong
|-supereffective|p2a: Bronzong
|-damage|p2a: Bronzong|0 fnt
|-enditem|p2a: Bronzong|Leftovers|[from] move: Knock Off|[of] p1a: Bisharp
|-damage|p1a: Bisharp|103\/271|[from] item: Life Orb
|faint|p2a: Bronzong
|
|c|âAmir The LC player|crit mattered ;-;
|
|switch|p2a: Tentacruel|Tentacruel, F|364\/364
|turn|14
|
|switch|p1a: Empoleon|Empoleon, M|249\/372 brn
|-damage|p1a: Empoleon|226\/372 brn|[from] Stealth Rock
|move|p2a: Tentacruel|Scald|p1a: Empoleon
|-crit|p1a: Empoleon
|-resisted|p1a: Empoleon
|-damage|p1a: Empoleon|175\/372 brn
|
|-heal|p1a: Empoleon|198\/372 brn|[from] item: Leftovers
|-damage|p1a: Empoleon|152\/372 brn|[from] brn
|turn|15
|
|move|p2a: Tentacruel|Scald|p1a: Empoleon
|-resisted|p1a: Empoleon
|-damage|p1a: Empoleon|113\/372 brn
|move|p1a: Empoleon|Defog|p2a: Tentacruel
|-unboost|p2a: Tentacruel|evasion|1
|-sideend|p1: ArchPhantom|Stealth Rock|[from] move: Defog|[of] p1a: Empoleon
|
|-heal|p1a: Empoleon|136\/372 brn|[from] item: Leftovers
|-damage|p1a: Empoleon|90\/372 brn|[from] brn
|turn|16
|
|move|p2a: Tentacruel|Scald|p1a: Empoleon
|-resisted|p1a: Empoleon
|-damage|p1a: Empoleon|52\/372 brn
|move|p1a: Empoleon|Stealth Rock|p2a: Tentacruel
|-sidestart|p2: Amir The LC player|move: Stealth Rock
|
|-heal|p1a: Empoleon|75\/372 brn|[from] item: Leftovers
|-damage|p1a: Empoleon|29\/372 brn|[from] brn
|turn|17
|
|move|p2a: Tentacruel|Rapid Spin|p1a: Empoleon
|-resisted|p1a: Empoleon
|-damage|p1a: Empoleon|25\/372 brn
|-sideend|p2: Amir The LC player|Stealth Rock|[from] move: Rapid Spin|[of] p2a: Tentacruel
|move|p1a: Empoleon|Stealth Rock|p2a: Tentacruel
|-sidestart|p2: Amir The LC player|move: Stealth Rock
|
|-heal|p1a: Empoleon|48\/372 brn|[from] item: Leftovers
|-damage|p1a: Empoleon|2\/372 brn|[from] brn
|turn|18
|
|switch|p1a: Gengar|Gengar, F|229\/261
|move|p2a: Tentacruel|Rapid Spin|p1a: Gengar
|-immune|p1a: Gengar|[msg]
|
|turn|19
|c|âAmir The LC player|ah nb
|c|âAmir The LC player|oh derp
|
|switch|p1a: Empoleon|Empoleon, M|2\/372 brn
|move|p2a: Tentacruel|Scald|p1a: Empoleon
|-resisted|p1a: Empoleon
|-damage|p1a: Empoleon|0 fnt
|faint|p1a: Empoleon
|
|
|switch|p1a: Landorus-Therian|Landorus-Therian, M|319\/319
|-ability|p1a: Landorus-Therian|Intimidate|[of] p2a: Tentacruel
|-unboost|p2a: Tentacruel|atk|1
|turn|20
|
|move|p1a: Landorus-Therian|U-turn|p2a: Tentacruel
|-resisted|p2a: Tentacruel
|-damage|p2a: Tentacruel|325\/364
|
|switch|p1a: Gengar|Gengar, F|229\/261
|move|p2a: Tentacruel|Scald|p1a: Gengar
|-damage|p1a: Gengar|136\/261
|
|-heal|p2a: Tentacruel|347\/364|[from] item: Black Sludge
|turn|21
|
|switch|p1a: Landorus-Therian|Landorus-Therian, M|319\/319
|-ability|p1a: Landorus-Therian|Intimidate|[of] p2a: Tentacruel
|-unboost|p2a: Tentacruel|atk|1
|move|p2a: Tentacruel|Scald|p1a: Landorus-Therian
|-supereffective|p1a: Landorus-Therian
|-damage|p1a: Landorus-Therian|115\/319
|
|-heal|p2a: Tentacruel|364\/364|[from] item: Black Sludge
|turn|22
|
|move|p1a: Landorus-Therian|U-turn|p2a: Tentacruel
|-resisted|p2a: Tentacruel
|-damage|p2a: Tentacruel|321\/364
|
|switch|p1a: Rotom-Wash|Rotom-Wash|304\/304
|move|p2a: Tentacruel|Scald|p1a: Rotom-Wash
|-resisted|p1a: Rotom-Wash
|-damage|p1a: Rotom-Wash|270\/304
|-status|p1a: Rotom-Wash|brn
|
|-heal|p2a: Tentacruel|343\/364|[from] item: Black Sludge
|-heal|p1a: Rotom-Wash|289\/304 brn|[from] item: Leftovers
|-damage|p1a: Rotom-Wash|251\/304 brn|[from] brn
|turn|23
|
|move|p2a: Tentacruel|Rapid Spin|p1a: Rotom-Wash
|-damage|p1a: Rotom-Wash|247\/304 brn
|-sideend|p2: Amir The LC player|Stealth Rock|[from] move: Rapid Spin|[of] p2a: Tentacruel
|move|p1a: Rotom-Wash|Volt Switch|p2a: Tentacruel
|-supereffective|p2a: Tentacruel
|-damage|p2a: Tentacruel|187\/364
|
|switch|p1a: Bisharp|Bisharp, M|103\/271
|
|-heal|p2a: Tentacruel|209\/364|[from] item: Black Sludge
|turn|24
|
|move|p2a: Tentacruel|Scald|p1a: Bisharp
|-damage|p1a: Bisharp|1\/271
|move|p1a: Bisharp|Knock Off|p2a: Tentacruel
|-damage|p2a: Tentacruel|0 fnt
|-enditem|p2a: Tentacruel|Black Sludge|[from] move: Knock Off|[of] p1a: Bisharp
|-damage|p1a: Bisharp|0 fnt|[from] item: Life Orb
|faint|p2a: Tentacruel
|faint|p1a: Bisharp
|
|c|âAmir The LC player|noooooooooooooooooooooooo ;-;
|
|switch|p1a: Lopunny|Lopunny, F|271\/271
|switch|p2a: Altaria|Altaria, F|354\/354
|turn|25
|
|detailschange|p1a: Lopunny|Lopunny-Mega, F
|message|Lopunny has Mega Evolved into Mega Lopunny!
|detailschange|p2a: Altaria|Altaria-Mega, F
|message|Altaria has Mega Evolved into Mega Altaria!
|move|p1a: Lopunny|Fake Out|p2a: Altaria
|-damage|p2a: Altaria|302\/354
|cant|p2a: Altaria|flinch
|
|turn|26
|
|move|p1a: Lopunny|Ice Punch|p2a: Altaria
|-supereffective|p2a: Altaria
|-damage|p2a: Altaria|178\/354
|move|p2a: Altaria|Return|p1a: Lopunny
|-crit|p1a: Lopunny
|-supereffective|p1a: Lopunny
|-damage|p1a: Lopunny|0 fnt
|faint|p1a: Lopunny
|
|
|switch|p1a: Gengar|Gengar, F|136\/261
|turn|27
|
|switch|p2a: Chansey|Chansey, F|599\/641
|move|p1a: Gengar|Sludge Wave|p2a: Chansey
|-damage|p2a: Chansey|496\/641
|-damage|p1a: Gengar|110\/261|[from] item: Life Orb
|
|turn|28
|
|switch|p2a: Slowbro|Slowbro, F|393\/393
|move|p1a: Gengar|Taunt|p2a: Slowbro
|-start|p2a: Slowbro|move: Taunt
|
|turn|29
|
|switch|p2a: Chansey|Chansey, F|496\/641
|move|p1a: Gengar|Shadow Ball|p2a: Chansey
|-immune|p2a: Chansey|[msg]
|
|turn|30
|
|move|p1a: Gengar|Taunt|p2a: Chansey
|-start|p2a: Chansey|move: Taunt
|cant|p2a: Chansey|move: Taunt|Wish
|
|turn|31
|
|move|p1a: Gengar|Shadow Ball|p2a: Chansey
|-immune|p2a: Chansey|[msg]
|move|p2a: Chansey|Seismic Toss|p1a: Gengar
|-immune|p1a: Gengar|[msg]
|
|turn|32
|
|move|p1a: Gengar|Shadow Ball|p2a: Chansey
|-immune|p2a: Chansey|[msg]
|move|p2a: Chansey|Seismic Toss|p1a: Gengar
|-immune|p1a: Gengar|[msg]
|
|-end|p2a: Chansey|move: Taunt
|turn|33
|
|move|p1a: Gengar|Shadow Ball|p2a: Chansey
|-immune|p2a: Chansey|[msg]
|move|p2a: Chansey|Seismic Toss|p1a: Gengar
|-immune|p1a: Gengar|[msg]
|
|turn|34
|
|move|p1a: Gengar|Taunt|p2a: Chansey
|-start|p2a: Chansey|move: Taunt
|cant|p2a: Chansey|move: Taunt|Wish
|
|turn|35
|
|move|p1a: Gengar|Shadow Ball|p2a: Chansey
|-immune|p2a: Chansey|[msg]
|move|p2a: Chansey|Seismic Toss|p1a: Gengar
|-immune|p1a: Gengar|[msg]
|
|turn|36
|
|switch|p2a: Altaria|Altaria-Mega, F|178\/354
|move|p1a: Gengar|Taunt|p2a: Altaria
|-start|p2a: Altaria|move: Taunt
|
|turn|37
|
|move|p1a: Gengar|Sludge Wave|p2a: Altaria
|-supereffective|p2a: Altaria
|-damage|p2a: Altaria|0 fnt
|-damage|p1a: Gengar|84\/261|[from] item: Life Orb
|faint|p2a: Altaria
|
|c|âAmir The LC player|gg
|c|âArchPhantom|gg
|
|switch|p2a: Chansey|Chansey, F|496\/641
|turn|38
|
|switch|p2a: Slowbro|Slowbro, F|393\/393
|move|p1a: Gengar|Taunt|p2a: Slowbro
|-start|p2a: Slowbro|move: Taunt
|
|turn|39
|
|move|p1a: Gengar|Shadow Ball|p2a: Slowbro
|-supereffective|p2a: Slowbro
|-damage|p2a: Slowbro|0 fnt
|-damage|p1a: Gengar|58\/261|[from] item: Life Orb
|faint|p2a: Slowbro
|
|-message|Amir The LC player forfeited.
|
|win|ArchPhantom
|raw|Ladder updating...
|leave|Amir The LC player
|player|p2
|raw|ArchPhantom's rating: 1649 &rarr; <strong>1663<\/strong><br \/>(+14 for winning)
|raw|Amir The LC player's rating: 1526 &rarr; <strong>1513<\/strong><br \/>(-13 for losing)