|join|ArchPhantom
|join|471V3
|join|thespiritinthesky
|join|poek69x
|player|p1|ArchPhantom|224
|player|p2|471V3|158
|gametype|singles
|gen|6
|tier|OU
|clearpoke
|poke|p1|Dragalge, F
|poke|p1|Gyarados, M
|poke|p1|Ferrothorn, M
|poke|p1|Landorus-Therian, M
|poke|p1|Heatran, F
|poke|p1|Latias, F
|poke|p2|Charizard, F
|poke|p2|Tyranitar, M
|poke|p2|Latias, F
|poke|p2|Keldeo-Resolute
|poke|p2|Clefable, F
|poke|p2|Landorus-Therian, M
|rule|Swagger Clause: Swagger is banned
|rule|Baton Pass Clause: Limit one PokÃ©mon knowing Baton Pass
|rule|Sleep Clause Mod: Limit one foe put to sleep
|rule|Species Clause: Limit one of each PokÃ©mon
|rule|OHKO Clause: OHKO moves are banned
|rule|Moody Clause: Moody is banned
|rule|Evasion Moves Clause: Evasion moves are banned
|rule|Endless Battle Clause: Forcing endless battles is banned
|rule|HP Percentage Mod: HP is shown in percentages
|teampreview
|leave|thespiritinthesky
|join|xxrayxx
|join|hidetzugu
|c|â471V3|hf
|
|start
|switch|p1a: Heatran|Heatran, F|323\/323
|switch|p2a: Landorus-Therian|Landorus-Therian, M|319\/319
|-ability|p2a: Landorus-Therian|Intimidate|[of] p1a: Heatran
|-unboost|p1a: Heatran|atk|1
|turn|1
|join|Shadow Poochyena
|c|âArchPhantom|U2
|
|switch|p1a: Landorus-Therian|Landorus-Therian, M|379\/379
|-ability|p1a: Landorus-Therian|Intimidate|[of] p2a: Landorus-Therian
|-unboost|p2a: Landorus-Therian|atk|1
|move|p2a: Landorus-Therian|Earthquake|p1a: Landorus-Therian
|-immune|p1a: Landorus-Therian|[msg]
|
|turn|2
|join|KiraDuskEdge
|join|Greninjaxx
|
|switch|p2a: Charizard|Charizard, F|297\/297
|move|p1a: Landorus-Therian|Stone Edge|p2a: Charizard
|-supereffective|p2a: Charizard
|-damage|p2a: Charizard|0 fnt
|faint|p2a: Charizard
|
|
|switch|p2a: Keldeo-Resolute|Keldeo-Resolute|323\/323
|turn|3
|
|switch|p1a: Ferrothorn|Ferrothorn, M|352\/352
|move|p2a: Keldeo-Resolute|Scald|p1a: Ferrothorn
|-resisted|p1a: Ferrothorn
|-damage|p1a: Ferrothorn|301\/352
|-status|p1a: Ferrothorn|brn
|
|-heal|p1a: Ferrothorn|323\/352 brn|[from] item: Leftovers
|-damage|p1a: Ferrothorn|279\/352 brn|[from] brn
|turn|4
|
|move|p2a: Keldeo-Resolute|Substitute|p2a: Keldeo-Resolute
|-start|p2a: Keldeo-Resolute|Substitute
|-damage|p2a: Keldeo-Resolute|243\/323
|move|p1a: Ferrothorn|Knock Off|p2a: Keldeo-Resolute
|-resisted|p2a: Keldeo-Resolute
|-activate|p2a: Keldeo-Resolute|Substitute|[damage]
|
|-heal|p2a: Keldeo-Resolute|263\/323|[from] item: Leftovers
|-heal|p1a: Ferrothorn|301\/352 brn|[from] item: Leftovers
|-damage|p1a: Ferrothorn|257\/352 brn|[from] brn
|turn|5
|
|switch|p1a: Latias|Latias, F|317\/317
|move|p2a: Keldeo-Resolute|Scald|p1a: Latias
|-resisted|p1a: Latias
|-damage|p1a: Latias|265\/317
|
|-heal|p2a: Keldeo-Resolute|283\/323|[from] item: Leftovers
|turn|6
|
|move|p1a: Latias|Psyshock|p2a: Keldeo-Resolute
|-supereffective|p2a: Keldeo-Resolute
|-end|p2a: Keldeo-Resolute|Substitute
|-damage|p1a: Latias|234\/317|[from] item: Life Orb
|move|p2a: Keldeo-Resolute|Scald|p1a: Latias
|-resisted|p1a: Latias
|-damage|p1a: Latias|177\/317
|
|-heal|p2a: Keldeo-Resolute|303\/323|[from] item: Leftovers
|turn|7
|leave|hidetzugu
|
|switch|p1a: Dragalge|Dragalge, F|301\/301
|move|p2a: Keldeo-Resolute|Scald|p1a: Dragalge
|-crit|p1a: Dragalge
|-resisted|p1a: Dragalge
|-damage|p1a: Dragalge|217\/301
|
|-heal|p2a: Keldeo-Resolute|323\/323|[from] item: Leftovers
|turn|8
|
|switch|p2a: Clefable|Clefable, F|394\/394
|move|p1a: Dragalge|Sludge Wave|p2a: Clefable
|-supereffective|p2a: Clefable
|-damage|p2a: Clefable|0 fnt
|faint|p2a: Clefable
|
|
|switch|p2a: Latias|Latias, F|319\/319
|turn|9
|join|traplord3hunnit
|c| traplord3hunnit|arch fan tom win so i don't look bad
|
|switch|p2a: Keldeo-Resolute|Keldeo-Resolute|323\/323
|switch|p1a: Ferrothorn|Ferrothorn, M|257\/352 brn
|
|-heal|p1a: Ferrothorn|279\/352 brn|[from] item: Leftovers
|-damage|p1a: Ferrothorn|235\/352 brn|[from] brn
|turn|10
|
|switch|p1a: Latias|Latias, F|177\/317
|move|p2a: Keldeo-Resolute|Substitute|p2a: Keldeo-Resolute
|-start|p2a: Keldeo-Resolute|Substitute
|-damage|p2a: Keldeo-Resolute|243\/323
|
|-heal|p2a: Keldeo-Resolute|263\/323|[from] item: Leftovers
|turn|11
|
|switch|p2a: Tyranitar|Tyranitar, M|355\/355
|-weather|Sandstorm
|move|p1a: Latias|Psyshock|p2a: Tyranitar
|-immune|p2a: Tyranitar|[msg]
|
|-weather|Sandstorm|[upkeep]
|-damage|p1a: Latias|158\/317|[from] sandstorm
|turn|12
|
|move|p1a: Latias|Draco Meteor|p2a: Tyranitar
|-damage|p2a: Tyranitar|199\/355
|-unboost|p1a: Latias|spa|2
|-damage|p1a: Latias|127\/317|[from] item: Life Orb
|move|p2a: Tyranitar|Pursuit|p1a: Latias
|-supereffective|p1a: Latias
|-damage|p1a: Latias|0 fnt
|faint|p1a: Latias
|
|-weather|Sandstorm|[upkeep]
|
|switch|p1a: Landorus-Therian|Landorus-Therian, M|379\/379
|-ability|p1a: Landorus-Therian|Intimidate|[of] p2a: Tyranitar
|-unboost|p2a: Tyranitar|atk|1
|turn|13
|
|switch|p2a: Landorus-Therian|Landorus-Therian, M|319\/319
|-ability|p2a: Landorus-Therian|Intimidate|[of] p1a: Landorus-Therian
|-unboost|p1a: Landorus-Therian|atk|1
|move|p1a: Landorus-Therian|U-turn|p2a: Landorus-Therian
|-resisted|p2a: Landorus-Therian
|-damage|p2a: Landorus-Therian|291\/319
|
|switch|p1a: Ferrothorn|Ferrothorn, M|235\/352 brn
|
|-weather|Sandstorm|[upkeep]
|-heal|p2a: Landorus-Therian|310\/319|[from] item: Leftovers
|-heal|p1a: Ferrothorn|257\/352 brn|[from] item: Leftovers
|-damage|p1a: Ferrothorn|213\/352 brn|[from] brn
|turn|14
|
|move|p2a: Landorus-Therian|Swords Dance|p2a: Landorus-Therian
|-boost|p2a: Landorus-Therian|atk|2
|move|p1a: Ferrothorn|Knock Off|p2a: Landorus-Therian
|-damage|p2a: Landorus-Therian|269\/319
|-enditem|p2a: Landorus-Therian|Leftovers|[from] move: Knock Off|[of] p1a: Ferrothorn
|
|-weather|Sandstorm|[upkeep]
|-heal|p1a: Ferrothorn|235\/352 brn|[from] item: Leftovers
|-damage|p1a: Ferrothorn|191\/352 brn|[from] brn
|turn|15
|
|move|p2a: Landorus-Therian|Earthquake|p1a: Ferrothorn
|-damage|p1a: Ferrothorn|0 fnt
|faint|p1a: Ferrothorn
|
|-weather|none
|
|switch|p1a: Landorus-Therian|Landorus-Therian, M|379\/379
|-ability|p1a: Landorus-Therian|Intimidate|[of] p2a: Landorus-Therian
|-unboost|p2a: Landorus-Therian|atk|1
|turn|16
|
|move|p2a: Landorus-Therian|Swords Dance|p2a: Landorus-Therian
|-boost|p2a: Landorus-Therian|atk|2
|move|p1a: Landorus-Therian|Stone Edge|p2a: Landorus-Therian
|-damage|p2a: Landorus-Therian|144\/319
|
|turn|17
|
|move|p2a: Landorus-Therian|Stone Edge|p1a: Landorus-Therian
|-damage|p1a: Landorus-Therian|124\/379
|move|p1a: Landorus-Therian|Stone Edge|p2a: Landorus-Therian|[miss]
|-miss|p1a: Landorus-Therian|p2a: Landorus-Therian
|
|-heal|p1a: Landorus-Therian|147\/379|[from] item: Leftovers
|turn|18
|
|move|p2a: Landorus-Therian|Stone Edge|p1a: Landorus-Therian
|-damage|p1a: Landorus-Therian|0 fnt
|faint|p1a: Landorus-Therian
|
|
|switch|p1a: Heatran|Heatran, F|323\/323
|turn|19
|
|move|p1a: Heatran|Flash Cannon|p2a: Landorus-Therian
|-damage|p2a: Landorus-Therian|0 fnt
|faint|p2a: Landorus-Therian
|
|
|switch|p2a: Keldeo-Resolute|Keldeo-Resolute|263\/323
|turn|20
|
|switch|p1a: Dragalge|Dragalge, F|217\/301
|move|p2a: Keldeo-Resolute|Scald|p1a: Dragalge
|-resisted|p1a: Dragalge
|-damage|p1a: Dragalge|158\/301
|
|-heal|p2a: Keldeo-Resolute|283\/323|[from] item: Leftovers
|turn|21
|
|move|p2a: Keldeo-Resolute|Substitute|p2a: Keldeo-Resolute
|-start|p2a: Keldeo-Resolute|Substitute
|-damage|p2a: Keldeo-Resolute|203\/323
|move|p1a: Dragalge|Toxic Spikes|p2a: Keldeo-Resolute
|-sidestart|p2: 471V3|move: Toxic Spikes
|
|-heal|p2a: Keldeo-Resolute|223\/323|[from] item: Leftovers
|turn|22
|
|move|p2a: Keldeo-Resolute|Scald|p1a: Dragalge
|-crit|p1a: Dragalge
|-resisted|p1a: Dragalge
|-damage|p1a: Dragalge|74\/301
|move|p1a: Dragalge|Sludge Wave|p2a: Keldeo-Resolute
|-end|p2a: Keldeo-Resolute|Substitute
|
|-heal|p2a: Keldeo-Resolute|243\/323|[from] item: Leftovers
|turn|23
|
|move|p2a: Keldeo-Resolute|Secret Sword|p1a: Dragalge
|-resisted|p1a: Dragalge
|-damage|p1a: Dragalge|0 fnt
|faint|p1a: Dragalge
|
|-heal|p2a: Keldeo-Resolute|263\/323|[from] item: Leftovers
|
|switch|p1a: Gyarados|Gyarados, M|333\/333
|-ability|p1a: Gyarados|Intimidate|[of] p2a: Keldeo-Resolute
|-unboost|p2a: Keldeo-Resolute|atk|1
|turn|24
|
|move|p2a: Keldeo-Resolute|Scald|p1a: Gyarados
|-resisted|p1a: Gyarados
|-damage|p1a: Gyarados|261\/333
|-status|p1a: Gyarados|brn
|move|p1a: Gyarados|Dragon Dance|p1a: Gyarados
|-boost|p1a: Gyarados|atk|1
|-boost|p1a: Gyarados|spe|1
|
|-heal|p2a: Keldeo-Resolute|283\/323|[from] item: Leftovers
|-damage|p1a: Gyarados|220\/333 brn|[from] brn
|turn|25
|
|move|p1a: Gyarados|Waterfall|p2a: Keldeo-Resolute
|-resisted|p2a: Keldeo-Resolute
|-damage|p2a: Keldeo-Resolute|229\/323
|move|p2a: Keldeo-Resolute|Substitute|p2a: Keldeo-Resolute
|-start|p2a: Keldeo-Resolute|Substitute
|-damage|p2a: Keldeo-Resolute|149\/323
|
|-heal|p2a: Keldeo-Resolute|169\/323|[from] item: Leftovers
|-damage|p1a: Gyarados|179\/333 brn|[from] brn
|turn|26
|c|âArchPhantom|sigh, once again I lose to RNg
|c|âArchPhantom|gg
|-message|ArchPhantom forfeited.
|c|â471V3|gg
|leave|ArchPhantom
|
|win|471V3
|player|p1
|leave|poek69x