|join|ArchPhantom
|join|birdetta
|player|p1|ArchPhantom|222
|player|p2|birdetta|285
|gametype|singles
|gen|6
|tier|OU
|clearpoke
|poke|p1|Lopunny, F
|poke|p1|Ferrothorn, M
|poke|p1|Landorus-Therian, M
|poke|p1|Slowbro, F
|poke|p1|Latias, F
|poke|p1|Heatran, M
|poke|p2|Metagross
|poke|p2|Manaphy
|poke|p2|Chansey, F
|poke|p2|Heatran, M
|poke|p2|Skarmory, F
|poke|p2|Quagsire, M
|rule|Swagger Clause: Swagger is banned
|rule|Baton Pass Clause: Limit one PokÃ©mon knowing Baton Pass
|rule|Sleep Clause Mod: Limit one foe put to sleep
|rule|Species Clause: Limit one of each PokÃ©mon
|rule|OHKO Clause: OHKO moves are banned
|rule|Moody Clause: Moody is banned
|rule|Evasion Moves Clause: Evasion moves are banned
|rule|Endless Battle Clause: Forcing endless battles is banned
|rule|HP Percentage Mod: HP is shown in percentages
|teampreview
|c|âArchPhantom|have fun
|c|âbirdetta|u2
|
|start
|switch|p1a: Landorus-Therian|Landorus-Therian, M|379\/379
|switch|p2a: flight|Skarmory, F|334\/334
|-ability|p1a: Landorus-Therian|Intimidate|[of] p2a: flight
|-unboost|p2a: flight|atk|1
|turn|1
|
|move|p1a: Landorus-Therian|Stealth Rock|p2a: flight
|-sidestart|p2: birdetta|move: Stealth Rock
|move|p2a: flight|Roost|p2a: flight
|-fail|p2a: flight
|
|turn|2
|
|move|p1a: Landorus-Therian|U-turn|p2a: flight
|-resisted|p2a: flight
|-damage|p2a: flight|323\/334
|-damage|p1a: Landorus-Therian|316\/379|[from] item: Rocky Helmet|[of] p2a: flight
|
|switch|p1a: Lopunny|Lopunny, F|271\/271
|move|p2a: flight|Defog|p1a: Lopunny
|-unboost|p1a: Lopunny|evasion|1
|-sideend|p2: birdetta|Stealth Rock|[from] move: Defog|[of] p2a: flight
|
|turn|3
|
|detailschange|p1a: Lopunny|Lopunny-Mega, F
|-mega|p1a: Lopunny|Lopunny|Lopunnite
|move|p1a: Lopunny|Encore|p2a: flight
|-start|p2a: flight|Encore
|move|p2a: flight|Defog|p1a: Lopunny
|-unboost|p1a: Lopunny|evasion|1
|
|turn|4
|
|switch|p2a: the hermit|Quagsire, M|393\/393
|move|p1a: Lopunny|High Jump Kick|p2a: the hermit
|-damage|p2a: the hermit|188\/393
|
|-heal|p2a: the hermit|212\/393|[from] item: Leftovers
|turn|5
|
|move|p1a: Lopunny|High Jump Kick|p2a: the hermit
|-damage|p2a: the hermit|0 fnt
|faint|p2a: the hermit
|
|
|switch|p2a: flight|Skarmory, F|323\/334
|turn|6
|
|switch|p1a: Heatran|Heatran, M|324\/324
|move|p2a: flight|Brave Bird|p1a: Heatran
|-crit|p1a: Heatran
|-resisted|p1a: Heatran
|-damage|p1a: Heatran|237\/324
|-damage|p2a: flight|294\/334|[from] recoil|[of] p1a: Heatran
|
|turn|7
|
|switch|p1a: Landorus-Therian|Landorus-Therian, M|316\/379
|-ability|p1a: Landorus-Therian|Intimidate|[of] p2a: flight
|-unboost|p2a: flight|atk|1
|switch|p2a: aimless arrow|Manaphy|365\/365
|
|-heal|p1a: Landorus-Therian|339\/379|[from] item: Leftovers
|turn|8
|
|switch|p1a: Ferrothorn|Ferrothorn, M|352\/352
|move|p2a: aimless arrow|Scald|p1a: Ferrothorn
|-resisted|p1a: Ferrothorn
|-damage|p1a: Ferrothorn|304\/352
|
|-heal|p1a: Ferrothorn|326\/352|[from] item: Leftovers
|turn|9
|
|switch|p2a: pandora|Heatran, M|385\/385
|move|p1a: Ferrothorn|Leech Seed|p2a: pandora
|-start|p2a: pandora|move: Leech Seed
|
|-heal|p1a: Ferrothorn|348\/352|[from] item: Leftovers
|-damage|p2a: pandora|337\/385|[from] Leech Seed|[of] p1a: Ferrothorn
|-heal|p1a: Ferrothorn|352\/352|[silent]
|turn|10
|
|switch|p1a: Landorus-Therian|Landorus-Therian, M|339\/379
|-ability|p1a: Landorus-Therian|Intimidate|[of] p2a: pandora
|-unboost|p2a: pandora|atk|1
|move|p2a: pandora|Stealth Rock|p1a: Landorus-Therian
|-sidestart|p1: ArchPhantom|move: Stealth Rock
|
|-heal|p1a: Landorus-Therian|362\/379|[from] item: Leftovers
|-heal|p2a: pandora|361\/385|[from] item: Leftovers
|-damage|p2a: pandora|313\/385|[from] Leech Seed|[of] p1a: Landorus-Therian
|-heal|p1a: Landorus-Therian|379\/379|[silent]
|turn|11
|
|switch|p2a: flight|Skarmory, F|294\/334
|move|p1a: Landorus-Therian|Stealth Rock|p2a: flight
|-sidestart|p2: birdetta|move: Stealth Rock
|
|turn|12
|
|switch|p2a: humming of evil|Metagross|301\/301
|-damage|p2a: humming of evil|283\/301|[from] Stealth Rock
|move|p1a: Landorus-Therian|U-turn|p2a: humming of evil
|-damage|p2a: humming of evil|223\/301
|
|switch|p1a: Slowbro|Slowbro, F|393\/393
|-damage|p1a: Slowbro|344\/393|[from] Stealth Rock
|
|turn|13
|
|switch|p2a: aimless arrow|Manaphy|365\/365
|-damage|p2a: aimless arrow|320\/365|[from] Stealth Rock
|move|p1a: Slowbro|Thunder Wave|p2a: aimless arrow
|-status|p2a: aimless arrow|par
|
|-heal|p2a: aimless arrow|342\/365 par|[from] item: Leftovers
|turn|14
|
|switch|p1a: Ferrothorn|Ferrothorn, M|352\/352
|-damage|p1a: Ferrothorn|330\/352|[from] Stealth Rock
|move|p2a: aimless arrow|Scald|p1a: Ferrothorn
|-resisted|p1a: Ferrothorn
|-damage|p1a: Ferrothorn|286\/352
|
|-heal|p2a: aimless arrow|364\/365 par|[from] item: Leftovers
|-heal|p1a: Ferrothorn|308\/352|[from] item: Leftovers
|turn|15
|
|cant|p2a: aimless arrow|par
|move|p1a: Ferrothorn|Spikes|p2a: aimless arrow
|-sidestart|p2: birdetta|Spikes
|
|-heal|p2a: aimless arrow|365\/365 par|[from] item: Leftovers
|-heal|p1a: Ferrothorn|330\/352|[from] item: Leftovers
|turn|16
|
|switch|p2a: flight|Skarmory, F|294\/334
|-damage|p2a: flight|253\/334|[from] Stealth Rock
|move|p1a: Ferrothorn|Leech Seed|p2a: flight
|-start|p2a: flight|move: Leech Seed
|
|-heal|p1a: Ferrothorn|352\/352|[from] item: Leftovers
|-damage|p2a: flight|212\/334|[from] Leech Seed|[of] p1a: Ferrothorn
|turn|17
|
|switch|p1a: Lopunny|Lopunny-Mega, F|271\/271
|-damage|p1a: Lopunny|255\/271|[from] Stealth Rock
|move|p2a: flight|Defog|p1a: Lopunny
|-unboost|p1a: Lopunny|evasion|1
|-sideend|p1: ArchPhantom|Stealth Rock|[from] move: Defog|[of] p1a: Lopunny
|-sideend|p2: birdetta|Spikes|[from] move: Defog|[of] p2a: flight
|-sideend|p2: birdetta|Stealth Rock|[from] move: Defog|[of] p2a: flight
|
|-damage|p2a: flight|171\/334|[from] Leech Seed|[of] p1a: Lopunny
|-heal|p1a: Lopunny|271\/271|[silent]
|turn|18
|
|move|p1a: Lopunny|Encore|p2a: flight
|-start|p2a: flight|Encore
|move|p2a: flight|Defog|p1a: Lopunny
|-unboost|p1a: Lopunny|evasion|1
|
|-damage|p2a: flight|130\/334|[from] Leech Seed|[of] p1a: Lopunny
|turn|19
|
|move|p1a: Lopunny|Power-Up Punch|p2a: flight
|-damage|p2a: flight|84\/334
|-damage|p1a: Lopunny|226\/271|[from] item: Rocky Helmet|[of] p2a: flight
|-boost|p1a: Lopunny|atk|1
|move|p2a: flight|Defog|p1a: Lopunny
|-unboost|p1a: Lopunny|evasion|1
|
|-damage|p2a: flight|43\/334|[from] Leech Seed|[of] p1a: Lopunny
|-heal|p1a: Lopunny|267\/271|[silent]
|turn|20
|
|switch|p2a: humming of evil|Metagross|223\/301
|move|p1a: Lopunny|Power-Up Punch|p2a: humming of evil
|-damage|p2a: humming of evil|123\/301
|-boost|p1a: Lopunny|atk|1
|
|turn|21
|c|âbirdetta|ugh
|
|detailschange|p2a: humming of evil|Metagross-Mega
|-mega|p2a: humming of evil|Metagross|Metagrossite
|move|p1a: Lopunny|High Jump Kick|p2a: humming of evil
|-damage|p2a: humming of evil|0 fnt
|faint|p2a: humming of evil
|
|
|switch|p2a: aimless arrow|Manaphy|365\/365 par
|turn|22
|
|move|p1a: Lopunny|High Jump Kick|p2a: aimless arrow
|-damage|p2a: aimless arrow|0 fnt
|faint|p2a: aimless arrow
|
|
|switch|p2a: flight|Skarmory, F|43\/334
|turn|23
|
|move|p1a: Lopunny|Power-Up Punch|p2a: flight
|-damage|p2a: flight|0 fnt
|-damage|p1a: Lopunny|222\/271|[from] item: Rocky Helmet|[of] p2a: flight
|-boost|p1a: Lopunny|atk|1
|faint|p2a: flight
|
|
|switch|p2a: pandora|Heatran, M|313\/385
|turn|24
|
|move|p1a: Lopunny|Power-Up Punch|p2a: pandora
|-crit|p2a: pandora
|-supereffective|p2a: pandora
|-damage|p2a: pandora|0 fnt
|-boost|p1a: Lopunny|atk|1
|faint|p2a: pandora
|
|
|switch|p2a: hope|Chansey, F|642\/642
|turn|25
|
|move|p1a: Lopunny|Frustration|p2a: hope
|-damage|p2a: hope|0 fnt
|faint|p2a: hope
|
|win|ArchPhantom
|leave|birdetta
|c|âArchPhantom|gg :3