|join|ArchPhantom
|join|ZNain
|player|p1|ArchPhantom|222
|player|p2|ZNain|283
|gametype|singles
|gen|6
|tier|OU
|rated
|clearpoke
|poke|p1|Lopunny, F
|poke|p1|Ferrothorn, F
|poke|p1|Landorus-Therian, M
|poke|p1|Slowbro, F
|poke|p1|Latias, F
|poke|p1|Heatran, F
|poke|p2|Sableye, F
|poke|p2|Quagsire, F
|poke|p2|Skarmory, M
|poke|p2|Chansey, F
|poke|p2|Amoonguss, M
|poke|p2|Gothitelle, M
|rule|Swagger Clause: Swagger is banned
|rule|Baton Pass Clause: Limit one PokÃ©mon knowing Baton Pass
|rule|Sleep Clause Mod: Limit one foe put to sleep
|rule|Species Clause: Limit one of each PokÃ©mon
|rule|OHKO Clause: OHKO moves are banned
|rule|Moody Clause: Moody is banned
|rule|Evasion Moves Clause: Evasion moves are banned
|rule|Endless Battle Clause: Forcing endless battles is banned
|rule|HP Percentage Mod: HP is shown in percentages
|teampreview
|
|start
|switch|p1a: Landorus-Therian|Landorus-Therian, M|381\/381
|switch|p2a: Sableye|Sableye, F|303\/303
|-ability|p1a: Landorus-Therian|Intimidate|[of] p2a: Sableye
|-unboost|p2a: Sableye|atk|1
|turn|1
|
|switch|p1a: Heatran|Heatran, F|324\/324
|detailschange|p2a: Sableye|Sableye-Mega, F
|-mega|p2a: Sableye|Sableye|Sablenite
|move|p2a: Sableye|Calm Mind|p2a: Sableye
|-boost|p2a: Sableye|spa|1
|-boost|p2a: Sableye|spd|1
|
|turn|2
|
|move|p1a: Heatran|Lava Plume|p2a: Sableye
|-crit|p2a: Sableye
|-damage|p2a: Sableye|114\/303
|-status|p2a: Sableye|brn
|move|p2a: Sableye|Snarl|p1a: Heatran
|-crit|p1a: Heatran
|-damage|p1a: Heatran|185\/324
|-unboost|p1a: Heatran|spa|1
|
|-damage|p2a: Sableye|77\/303 brn|[from] brn
|turn|3
|c|âZNain|,...........................
|c|âZNain|?
|
|switch|p1a: Lopunny|Lopunny, F|271\/271
|move|p2a: Sableye|Recover|p2a: Sableye
|-heal|p2a: Sableye|229\/303 brn
|
|-damage|p2a: Sableye|192\/303 brn|[from] brn
|turn|4
|
|switch|p2a: Skarmory|Skarmory, M|333\/333
|detailschange|p1a: Lopunny|Lopunny-Mega, F
|-mega|p1a: Lopunny|Lopunny|Lopunnite
|move|p1a: Lopunny|High Jump Kick|p2a: Skarmory
|-damage|p2a: Skarmory|186\/333
|
|turn|5
|
|move|p1a: Lopunny|Power-Up Punch|p2a: Skarmory
|-damage|p2a: Skarmory|140\/333
|-boost|p1a: Lopunny|atk|1
|move|p2a: Skarmory|Roost|p2a: Skarmory
|-heal|p2a: Skarmory|307\/333
|
|turn|6
|
|move|p1a: Lopunny|Encore|p2a: Skarmory
|-start|p2a: Skarmory|Encore
|move|p2a: Skarmory|Roost|p2a: Skarmory
|-heal|p2a: Skarmory|333\/333
|
|turn|7
|
|switch|p2a: Quagsire|Quagsire, F|394\/394
|move|p1a: Lopunny|High Jump Kick|p2a: Quagsire
|-damage|p2a: Quagsire|193\/394
|
|-heal|p2a: Quagsire|217\/394|[from] item: Leftovers
|turn|8
|
|move|p1a: Lopunny|High Jump Kick|p2a: Quagsire
|-crit|p2a: Quagsire
|-damage|p2a: Quagsire|0 fnt
|faint|p2a: Quagsire
|
|c|âZNain|REALLY?
|c|âArchPhantom|lmao
|
|switch|p2a: Skarmory|Skarmory, M|333\/333
|turn|9
|c|âZNain|meh
|c|âZNain|FUCK this game
|c|âZNain|crit
|c|âZNain|burn
|c|âZNain|other crit
|
|move|p1a: Lopunny|Frustration|p2a: Skarmory
|-resisted|p2a: Skarmory
|-damage|p2a: Skarmory|249\/333
|move|p2a: Skarmory|Brave Bird|p1a: Lopunny
|-supereffective|p1a: Lopunny
|-damage|p1a: Lopunny|19\/271
|-damage|p2a: Skarmory|166\/333|[from] recoil|[of] p1a: Lopunny
|
|turn|10
|
|move|p1a: Lopunny|High Jump Kick|p2a: Skarmory
|-damage|p2a: Skarmory|0 fnt
|faint|p2a: Skarmory
|
|
|switch|p2a: Amoonguss|Amoonguss, M|432\/432
|turn|11
|
|switch|p1a: Ferrothorn|Ferrothorn, F|352\/352
|move|p2a: Amoonguss|Giga Drain|p1a: Ferrothorn
|-resisted|p1a: Ferrothorn
|-damage|p1a: Ferrothorn|339\/352
|
|-heal|p1a: Ferrothorn|352\/352|[from] item: Leftovers
|turn|12
|
|switch|p2a: Chansey|Chansey, F|703\/703
|switch|p1a: Latias|Latias, F|301\/301
|
|turn|13
|
|move|p1a: Latias|Healing Wish|p1a: Latias
|faint|p1a: Latias
|move|p2a: Chansey|Aromatherapy|p2a: Chansey
|-cureteam|p2a: Chansey|[from] move: Aromatherapy
|
|
|switch|p1a: Lopunny|Lopunny-Mega, F|19\/271
|-heal|p1a: Lopunny|271\/271|[from] move: Healing Wish
|turn|14
|
|switch|p2a: Amoonguss|Amoonguss, M|432\/432
|move|p1a: Lopunny|Power-Up Punch|p2a: Amoonguss
|-resisted|p2a: Amoonguss
|-damage|p2a: Amoonguss|390\/432
|-boost|p1a: Lopunny|atk|1
|
|-heal|p2a: Amoonguss|417\/432|[from] item: Black Sludge
|turn|15
|
|move|p1a: Lopunny|Frustration|p2a: Amoonguss
|-damage|p2a: Amoonguss|104\/432
|move|p2a: Amoonguss|Spore|p1a: Lopunny
|-status|p1a: Lopunny|slp
|
|-heal|p2a: Amoonguss|131\/432|[from] item: Black Sludge
|turn|16
|
|switch|p2a: Gothitelle|Gothitelle, M|301\/301
|cant|p1a: Lopunny|slp
|
|turn|17
|
|cant|p1a: Lopunny|slp
|move|p2a: Gothitelle|Psychic|p1a: Lopunny
|-supereffective|p1a: Lopunny
|-damage|p1a: Lopunny|1\/271 slp
|
|turn|18
|
|cant|p1a: Lopunny|slp
|move|p2a: Gothitelle|Psychic|p1a: Lopunny
|-supereffective|p1a: Lopunny
|-damage|p1a: Lopunny|0 fnt
|faint|p1a: Lopunny
|
|
|switch|p1a: Landorus-Therian|Landorus-Therian, M|381\/381
|-ability|p1a: Landorus-Therian|Intimidate|[of] p2a: Gothitelle
|-unboost|p2a: Gothitelle|atk|1
|turn|19
|
|switch|p2a: Amoonguss|Amoonguss, M|275\/432
|move|p1a: Landorus-Therian|Stealth Rock|p2a: Amoonguss
|-sidestart|p2: ZNain|move: Stealth Rock
|
|-heal|p2a: Amoonguss|302\/432|[from] item: Black Sludge
|turn|20
|
|move|p1a: Landorus-Therian|U-turn|p2a: Amoonguss
|-damage|p2a: Amoonguss|224\/432
|
|switch|p1a: Ferrothorn|Ferrothorn, F|352\/352
|move|p2a: Amoonguss|Giga Drain|p1a: Ferrothorn
|-resisted|p1a: Ferrothorn
|-damage|p1a: Ferrothorn|337\/352
|-heal|p2a: Amoonguss|232\/432|[from] drain|[of] p1a: Ferrothorn
|
|-heal|p2a: Amoonguss|259\/432|[from] item: Black Sludge
|-heal|p1a: Ferrothorn|352\/352|[from] item: Leftovers
|turn|21
|
|switch|p2a: Sableye|Sableye-Mega, F|192\/303
|-damage|p2a: Sableye|155\/303|[from] Stealth Rock
|switch|p1a: Heatran|Heatran, F|185\/324
|
|turn|22
|
|move|p1a: Heatran|Overheat|p2a: Sableye
|-damage|p2a: Sableye|0 fnt
|-unboost|p1a: Heatran|spa|2
|faint|p2a: Sableye
|
|
|switch|p2a: Gothitelle|Gothitelle, M|301\/301
|-damage|p2a: Gothitelle|264\/301|[from] Stealth Rock
|turn|23
|
|move|p1a: Heatran|Overheat|p2a: Gothitelle
|-damage|p2a: Gothitelle|150\/301
|-unboost|p1a: Heatran|spa|2
|move|p2a: Gothitelle|Trick|p1a: Heatran
|-activate|p2a: Gothitelle|move: Trick|[of] p1a: Heatran
|-item|p1a: Heatran|Choice Scarf|[from] move: Trick
|-item|p2a: Gothitelle|Choice Scarf|[from] move: Trick
|
|turn|24
|
|move|p1a: Heatran|Lava Plume|p2a: Gothitelle
|-damage|p2a: Gothitelle|104\/301
|move|p2a: Gothitelle|Calm Mind|p2a: Gothitelle
|-boost|p2a: Gothitelle|spa|1
|-boost|p2a: Gothitelle|spd|1
|
|turn|25
|
|switch|p2a: Chansey|Chansey, F|703\/703
|-damage|p2a: Chansey|616\/703|[from] Stealth Rock
|move|p1a: Heatran|Lava Plume|p2a: Chansey
|-damage|p2a: Chansey|588\/703
|
|turn|26
|c|âZNain|meh
|c|âZNain|just hax
|c|âZNain|this match
|-message|ZNain forfeited.
|
|win|ArchPhantom
|raw|Ladder updating...
|leave|ZNain
|player|p2
|raw|ArchPhantom's rating: 1612 &rarr; <strong>1627<\/strong><br \/>(+15 for winning)
|raw|ZNain's rating: 1518 &rarr; <strong>1504<\/strong><br \/>(-14 for losing)