|join|ArchPhantom
|join|Blessyz
|player|p1|ArchPhantom|222
|player|p2|Blessyz|162
|gametype|singles
|gen|6
|tier|OU
|clearpoke
|poke|p1|Rhyperior, F
|poke|p1|Doublade, M
|poke|p1|Liepard, M
|poke|p1|Chesnaught, M
|poke|p1|Tentacruel, F
|poke|p1|Lopunny, M
|poke|p2|Charizard, F
|poke|p2|Chesnaught, M
|poke|p2|Houndoom, M
|poke|p2|Dugtrio, M
|poke|p2|Sigilyph, M
|poke|p2|Lilligant, F
|rule|Swagger Clause: Swagger is banned
|rule|Baton Pass Clause: Limit one PokÃ©mon knowing Baton Pass
|rule|Sleep Clause Mod: Limit one foe put to sleep
|rule|Species Clause: Limit one of each PokÃ©mon
|rule|OHKO Clause: OHKO moves are banned
|rule|Moody Clause: Moody is banned
|rule|Evasion Moves Clause: Evasion moves are banned
|rule|Endless Battle Clause: Forcing endless battles is banned
|rule|HP Percentage Mod: HP is shown in percentages
|teampreview
|c|âArchPhantom|gl
|c|âBlessyz|u2
|
|start
|switch|p1a: Rhyperior|Rhyperior, F|424\/424
|switch|p2a: Dugtrio|Dugtrio, M|211\/211
|turn|1
|
|move|p2a: Dugtrio|Stealth Rock|p1a: Rhyperior
|-sidestart|p1: ArchPhantom|move: Stealth Rock
|move|p1a: Rhyperior|Stealth Rock|p2a: Dugtrio
|-sidestart|p2: Blessyz|move: Stealth Rock
|
|turn|2
|
|move|p2a: Dugtrio|Earthquake|p1a: Rhyperior
|-supereffective|p1a: Rhyperior
|-damage|p1a: Rhyperior|301\/424
|move|p1a: Rhyperior|Toxic|p2a: Dugtrio
|-status|p2a: Dugtrio|tox
|
|-heal|p1a: Rhyperior|327\/424|[from] item: Leftovers
|-damage|p2a: Dugtrio|198\/211 tox|[from] psn
|turn|3
|
|move|p2a: Dugtrio|Earthquake|p1a: Rhyperior
|-supereffective|p1a: Rhyperior
|-damage|p1a: Rhyperior|213\/424
|move|p1a: Rhyperior|Earthquake|p2a: Dugtrio
|-damage|p2a: Dugtrio|0 fnt
|faint|p2a: Dugtrio
|
|-heal|p1a: Rhyperior|239\/424|[from] item: Leftovers
|
|switch|p2a: Chesnaught|Chesnaught, M|380\/380
|-damage|p2a: Chesnaught|357\/380|[from] Stealth Rock
|turn|4
|
|switch|p1a: Liepard|Liepard, M|332\/332
|-damage|p1a: Liepard|291\/332|[from] Stealth Rock
|move|p2a: Chesnaught|Wood Hammer|p1a: Liepard
|-damage|p1a: Liepard|21\/332
|-damage|p2a: Chesnaught|268\/380|[from] recoil|[of] p1a: Liepard
|
|-heal|p1a: Liepard|41\/332|[from] item: Leftovers
|-heal|p2a: Chesnaught|291\/380|[from] item: Leftovers
|turn|5
|
|switch|p1a: Chesnaught|Chesnaught, M|380\/380
|-damage|p1a: Chesnaught|357\/380|[from] Stealth Rock
|move|p2a: Chesnaught|Wood Hammer|p1a: Chesnaught
|-resisted|p1a: Chesnaught
|-damage|p1a: Chesnaught|309\/380
|-damage|p2a: Chesnaught|275\/380|[from] recoil|[of] p1a: Chesnaught
|
|-heal|p1a: Chesnaught|332\/380|[from] item: Leftovers
|-heal|p2a: Chesnaught|298\/380|[from] item: Leftovers
|turn|6
|
|move|p1a: Chesnaught|Spikes|p2a: Chesnaught
|-sidestart|p2: Blessyz|Spikes
|move|p2a: Chesnaught|Roar|p1a: Chesnaught
|drag|p1a: Tentacruel|Tentacruel, F|364\/364
|-damage|p1a: Tentacruel|319\/364|[from] Stealth Rock
|
|-heal|p1a: Tentacruel|341\/364|[from] item: Black Sludge
|-heal|p2a: Chesnaught|321\/380|[from] item: Leftovers
|turn|7
|
|move|p1a: Tentacruel|Rapid Spin|p2a: Chesnaught
|-damage|p2a: Chesnaught|313\/380
|-sideend|p1: ArchPhantom|Stealth Rock|[from] move: Rapid Spin|[of] p1a: Tentacruel
|move|p2a: Chesnaught|Wood Hammer|p1a: Tentacruel
|-damage|p1a: Tentacruel|197\/364
|-damage|p2a: Chesnaught|265\/380|[from] recoil|[of] p1a: Tentacruel
|
|-heal|p1a: Tentacruel|219\/364|[from] item: Black Sludge
|-heal|p2a: Chesnaught|288\/380|[from] item: Leftovers
|turn|8
|
|switch|p1a: Chesnaught|Chesnaught, M|332\/380
|move|p2a: Chesnaught|Spikes|p1a: Chesnaught
|-sidestart|p1: ArchPhantom|Spikes
|
|-heal|p2a: Chesnaught|311\/380|[from] item: Leftovers
|-heal|p1a: Chesnaught|355\/380|[from] item: Leftovers
|turn|9
|
|switch|p2a: Houndoom|Houndoom, M|291\/291
|-damage|p2a: Houndoom|255\/291|[from] Spikes
|-damage|p2a: Houndoom|183\/291|[from] Stealth Rock
|move|p1a: Chesnaught|Spikes|p2a: Houndoom
|-sidestart|p2: Blessyz|Spikes
|
|-heal|p1a: Chesnaught|378\/380|[from] item: Leftovers
|turn|10
|
|switch|p1a: Doublade|Doublade, M|312\/312
|-damage|p1a: Doublade|273\/312|[from] Spikes
|detailschange|p2a: Houndoom|Houndoom-Mega, M
|-mega|p2a: Houndoom|Houndoom|Houndoominite
|move|p2a: Houndoom|Fire Blast|p1a: Doublade
|-supereffective|p1a: Doublade
|-damage|p1a: Doublade|0 fnt
|faint|p1a: Doublade
|
|
|switch|p1a: Liepard|Liepard, M|41\/332
|-damage|p1a: Liepard|0 fnt|[from] Spikes
|faint|p1a: Liepard
|
|switch|p1a: Tentacruel|Tentacruel, F|219\/364
|-damage|p1a: Tentacruel|174\/364|[from] Spikes
|turn|11
|
|move|p2a: Houndoom|Dark Pulse|p1a: Tentacruel
|-damage|p1a: Tentacruel|50\/364
|cant|p1a: Tentacruel|flinch
|
|-heal|p1a: Tentacruel|72\/364|[from] item: Black Sludge
|turn|12
|c|âBlessyz|SHIT
|c|âBlessyz|sry -_-
|
|move|p2a: Houndoom|Dark Pulse|p1a: Tentacruel
|-damage|p1a: Tentacruel|0 fnt
|faint|p1a: Tentacruel
|
|
|switch|p1a: Lopunny|Lopunny, M|271\/271
|-damage|p1a: Lopunny|238\/271|[from] Spikes
|turn|13
|
|detailschange|p1a: Lopunny|Lopunny-Mega, M
|-mega|p1a: Lopunny|Lopunny|Lopunnite
|move|p2a: Houndoom|Fire Blast|p1a: Lopunny
|-damage|p1a: Lopunny|6\/271
|move|p1a: Lopunny|Power-Up Punch|p2a: Houndoom
|-supereffective|p2a: Houndoom
|-damage|p2a: Houndoom|25\/291
|-boost|p1a: Lopunny|atk|1
|
|turn|14
|
|move|p1a: Lopunny|Power-Up Punch|p2a: Houndoom
|-supereffective|p2a: Houndoom
|-damage|p2a: Houndoom|0 fnt
|-boost|p1a: Lopunny|atk|1
|faint|p2a: Houndoom
|
|
|switch|p2a: Charizard|Charizard, F|297\/297
|-damage|p2a: Charizard|149\/297|[from] Stealth Rock
|turn|15
|c|âBlessyz|euh dude
|
|move|p1a: Lopunny|Frustration|p2a: Charizard
|-damage|p2a: Charizard|0 fnt
|faint|p2a: Charizard
|
|
|switch|p2a: Chesnaught|Chesnaught, M|311\/380
|-damage|p2a: Chesnaught|248\/380|[from] Spikes
|-damage|p2a: Chesnaught|225\/380|[from] Stealth Rock
|turn|16
|
|move|p1a: Lopunny|High Jump Kick|p2a: Chesnaught
|-crit|p2a: Chesnaught
|-damage|p2a: Chesnaught|0 fnt
|faint|p2a: Chesnaught
|
|c|âBlessyz|gg
|
|switch|p2a: Sigilyph|Sigilyph, M|347\/347
|turn|17
|
|move|p1a: Lopunny|Frustration|p2a: Sigilyph
|-damage|p2a: Sigilyph|0 fnt
|faint|p2a: Sigilyph
|
|
|switch|p2a: Lilligant|Lilligant, F|281\/281
|-damage|p2a: Lilligant|235\/281|[from] Spikes
|-damage|p2a: Lilligant|200\/281|[from] Stealth Rock
|turn|18
|c|âArchPhantom|gg
|
|move|p1a: Lopunny|Frustration|p2a: Lilligant
|-damage|p2a: Lilligant|0 fnt
|faint|p2a: Lilligant
|
|win|ArchPhantom