|join|ArchPhantom
|join|Greninjaxx
|player|p1|ArchPhantom|222
|player|p2|Greninjaxx|256
|gametype|singles
|gen|6
|tier|OU
|clearpoke
|poke|p1|Heatran, F
|poke|p1|Togekiss, F
|poke|p1|Sceptile, F
|poke|p1|Landorus-Therian, M
|poke|p1|Slowking, M
|poke|p1|Latios, M
|poke|p2|Gourgeist-*, M
|poke|p2|Altaria, M
|poke|p2|Magnezone
|poke|p2|Empoleon, F
|poke|p2|Crawdaunt, M
|poke|p2|Gliscor, F
|rule|Swagger Clause: Swagger is banned
|rule|Baton Pass Clause: Limit one PokÃ©mon knowing Baton Pass
|rule|Sleep Clause Mod: Limit one foe put to sleep
|rule|Species Clause: Limit one of each PokÃ©mon
|rule|OHKO Clause: OHKO moves are banned
|rule|Moody Clause: Moody is banned
|rule|Evasion Moves Clause: Evasion moves are banned
|rule|Endless Battle Clause: Forcing endless battles is banned
|rule|HP Percentage Mod: HP is shown in percentages
|teampreview
|c|âArchPhantom|Oo team looks crisp
|c|âArchPhantom|good luck
|c|âGreninjaxx|how many teams do u have?
|c|âArchPhantom|100+
|c|âArchPhantom|xD
|c|âGreninjaxx|xD
|
|start
|switch|p1a: Togekiss|Togekiss, F|311\/311
|switch|p2a: Gliscor|Gliscor, F|292\/292
|turn|1
|
|move|p2a: Gliscor|Protect|p2a: Gliscor
|-singleturn|p2a: Gliscor|Protect
|move|p1a: Togekiss|Air Slash|p2a: Gliscor
|-activate|p2a: Gliscor|Protect
|
|-status|p2a: Gliscor|tox|[from] item: Toxic Orb
|turn|2
|
|switch|p2a: Empoleon|Empoleon, F|372\/372
|move|p1a: Togekiss|Air Slash|p2a: Empoleon
|-resisted|p2a: Empoleon
|-damage|p2a: Empoleon|326\/372
|
|-heal|p2a: Empoleon|349\/372|[from] item: Leftovers
|turn|3
|
|move|p1a: Togekiss|Thunder Wave|p2a: Empoleon
|-status|p2a: Empoleon|par
|move|p2a: Empoleon|Flash Cannon|p1a: Togekiss
|-supereffective|p1a: Togekiss
|-damage|p1a: Togekiss|119\/311
|-unboost|p1a: Togekiss|spd|1
|
|-heal|p1a: Togekiss|138\/311|[from] item: Leftovers
|-heal|p2a: Empoleon|372\/372 par|[from] item: Leftovers
|turn|4
|
|move|p1a: Togekiss|Air Slash|p2a: Empoleon
|-resisted|p2a: Empoleon
|-damage|p2a: Empoleon|328\/372 par
|cant|p2a: Empoleon|flinch
|
|-heal|p1a: Togekiss|157\/311|[from] item: Leftovers
|-heal|p2a: Empoleon|351\/372 par|[from] item: Leftovers
|turn|5
|c|âGreninjaxx|sure togehaxx
|c|âArchPhantom|Want some leftovers recivery
|c|âArchPhantom|lol
|
|move|p1a: Togekiss|Air Slash|p2a: Empoleon
|-resisted|p2a: Empoleon
|-damage|p2a: Empoleon|306\/372 par
|move|p2a: Empoleon|Flash Cannon|p1a: Togekiss
|-supereffective|p1a: Togekiss
|-damage|p1a: Togekiss|0 fnt
|faint|p1a: Togekiss
|
|-heal|p2a: Empoleon|329\/372 par|[from] item: Leftovers
|c|âArchPhantom|recovery *
|c|âArchPhantom|nooo
|c|âGreninjaxx|yeaa
|
|switch|p1a: Heatran|Heatran, F|323\/323
|turn|6
|c|âGreninjaxx|risky
|
|switch|p2a: Gourgeist-Super|Gourgeist-Super, M|374\/374
|-item|p1a: Heatran|Leftovers|[from] ability: Frisk|[of] p2a: Gourgeist-Super|[identify]
|move|p1a: Heatran|Magma Storm|p2a: Gourgeist-Super
|-supereffective|p2a: Gourgeist-Super
|-damage|p2a: Gourgeist-Super|0 fnt
|faint|p2a: Gourgeist-Super
|
|c|âGreninjaxx|omg
|c|âGreninjaxx|dafuq
|
|switch|p2a: Altaria|Altaria, M|347\/347
|turn|7
|
|switch|p2a: Gliscor|Gliscor, F|292\/292 tox
|move|p1a: Heatran|Toxic|p2a: Gliscor
|-fail|p2a: Gliscor|tox
|
|turn|8
|
|switch|p1a: Landorus-Therian|Landorus-Therian, M|379\/379
|-ability|p1a: Landorus-Therian|Intimidate|[of] p2a: Gliscor
|-unboost|p2a: Gliscor|atk|1
|move|p2a: Gliscor|Earthquake|p1a: Landorus-Therian
|-immune|p1a: Landorus-Therian|[msg]
|
|turn|9
|
|move|p2a: Gliscor|Knock Off|p1a: Landorus-Therian
|-damage|p1a: Landorus-Therian|343\/379
|-enditem|p1a: Landorus-Therian|Leftovers|[from] move: Knock Off|[of] p2a: Gliscor
|move|p1a: Landorus-Therian|Stealth Rock|p2a: Gliscor
|-sidestart|p2: Greninjaxx|move: Stealth Rock
|
|turn|10
|
|move|p2a: Gliscor|Toxic|p1a: Landorus-Therian
|-status|p1a: Landorus-Therian|tox
|move|p1a: Landorus-Therian|U-turn|p2a: Gliscor
|-resisted|p2a: Gliscor
|-damage|p2a: Gliscor|263\/292 tox
|
|switch|p1a: Sceptile|Sceptile, F|281\/281
|
|-heal|p2a: Gliscor|292\/292 tox|[from] ability: Poison Heal
|turn|11
|
|detailschange|p1a: Sceptile|Sceptile-Mega, F
|-mega|p1a: Sceptile|Sceptile|Sceptilite
|move|p2a: Gliscor|Protect|p2a: Gliscor
|-singleturn|p2a: Gliscor|Protect
|move|p1a: Sceptile|Substitute|p1a: Sceptile
|-start|p1a: Sceptile|Substitute
|-damage|p1a: Sceptile|211\/281
|
|turn|12
|
|switch|p2a: Empoleon|Empoleon, F|329\/372 par
|-damage|p2a: Empoleon|306\/372 par|[from] Stealth Rock
|move|p1a: Sceptile|Dragon Pulse|p2a: Empoleon
|-resisted|p2a: Empoleon
|-damage|p2a: Empoleon|248\/372 par
|
|-heal|p2a: Empoleon|271\/372 par|[from] item: Leftovers
|turn|13
|c|âGreninjaxx|wrong dafuq
|
|switch|p2a: Altaria|Altaria, M|347\/347
|-damage|p2a: Altaria|261\/347|[from] Stealth Rock
|move|p1a: Sceptile|Focus Blast|p2a: Altaria
|-resisted|p2a: Altaria
|-damage|p2a: Altaria|204\/347
|
|turn|14
|join|Resuscitated Hope
|c|âArchPhantom|Ah you got me
|c|âArchPhantom|I should've spammed dragon pulse
|c|âArchPhantom|xD
|
|switch|p1a: Slowking|Slowking, M|394\/394
|detailschange|p2a: Altaria|Altaria-Mega, M
|-mega|p2a: Altaria|Altaria|Altarianite
|move|p2a: Altaria|Roost|p2a: Altaria
|-heal|p2a: Altaria|347\/347
|
|turn|15
|
|move|p2a: Altaria|Hyper Voice|p1a: Slowking
|-damage|p1a: Slowking|297\/394
|move|p1a: Slowking|Scald|p2a: Altaria
|-resisted|p2a: Altaria
|-damage|p2a: Altaria|310\/347
|
|-heal|p1a: Slowking|321\/394|[from] item: Leftovers
|turn|16
|
|move|p2a: Altaria|Hyper Voice|p1a: Slowking
|-damage|p1a: Slowking|221\/394
|move|p1a: Slowking|Thunder Wave|p2a: Altaria
|-status|p2a: Altaria|par
|
|-heal|p1a: Slowking|245\/394|[from] item: Leftovers
|turn|17
|
|switch|p1a: Heatran|Heatran, F|323\/323
|move|p2a: Altaria|Heal Bell|p2a: Altaria
|-cureteam|p2a: Altaria|[from] move: HealBell
|
|turn|18
|leave|Resuscitated Hope
|
|switch|p2a: Gliscor|Gliscor, F|292\/292
|-damage|p2a: Gliscor|256\/292|[from] Stealth Rock
|move|p1a: Heatran|Toxic|p2a: Gliscor
|-status|p2a: Gliscor|tox
|
|-heal|p2a: Gliscor|292\/292 tox|[from] ability: Poison Heal
|turn|19
|
|switch|p1a: Landorus-Therian|Landorus-Therian, M|343\/379 tox
|-ability|p1a: Landorus-Therian|Intimidate|[of] p2a: Gliscor
|-unboost|p2a: Gliscor|atk|1
|switch|p2a: Crawdaunt|Crawdaunt, M|268\/268
|-damage|p2a: Crawdaunt|235\/268|[from] Stealth Rock
|
|-damage|p1a: Landorus-Therian|320\/379 tox|[from] psn
|turn|20
|
|switch|p1a: Slowking|Slowking, M|376\/394
|move|p2a: Crawdaunt|Knock Off|p1a: Slowking
|-supereffective|p1a: Slowking
|-damage|p1a: Slowking|0 fnt
|-enditem|p1a: Slowking|Leftovers|[from] move: Knock Off|[of] p2a: Crawdaunt
|faint|p1a: Slowking
|
|c|âGreninjaxx|was hoping latios
|c|âGreninjaxx|but it's ok xD
|
|switch|p1a: Sceptile|Sceptile-Mega, F|211\/281
|turn|21
|
|switch|p2a: Altaria|Altaria-Mega, M|310\/347
|-damage|p2a: Altaria|267\/347|[from] Stealth Rock
|move|p1a: Sceptile|Giga Drain|p2a: Altaria
|-resisted|p2a: Altaria
|-damage|p2a: Altaria|209\/347
|-heal|p1a: Sceptile|240\/281|[from] drain|[of] p2a: Altaria
|
|turn|22
|
|switch|p1a: Heatran|Heatran, F|323\/323
|move|p2a: Altaria|Roost|p2a: Altaria
|-heal|p2a: Altaria|347\/347
|
|turn|23
|
|switch|p2a: Empoleon|Empoleon, F|271\/372
|-damage|p2a: Empoleon|248\/372|[from] Stealth Rock
|move|p1a: Heatran|Magma Storm|p2a: Empoleon|[miss]
|-miss|p1a: Heatran|p2a: Empoleon
|
|-heal|p2a: Empoleon|271\/372|[from] item: Leftovers
|turn|24
|
|move|p1a: Heatran|Earth Power|p2a: Empoleon
|-supereffective|p2a: Empoleon
|-damage|p2a: Empoleon|115\/372
|move|p2a: Empoleon|Scald|p1a: Heatran
|-supereffective|p1a: Heatran
|-damage|p1a: Heatran|17\/323
|
|-heal|p1a: Heatran|37\/323|[from] item: Leftovers
|-heal|p2a: Empoleon|138\/372|[from] item: Leftovers
|turn|25
|
|switch|p2a: Gliscor|Gliscor, F|292\/292 tox
|-damage|p2a: Gliscor|256\/292 tox|[from] Stealth Rock
|move|p1a: Heatran|Magma Storm|p2a: Gliscor
|-damage|p2a: Gliscor|91\/292 tox
|-activate|p2a: Gliscor|move: Magma Storm|[of] p1a: Heatran
|
|-heal|p1a: Heatran|57\/323|[from] item: Leftovers
|-heal|p2a: Gliscor|127\/292 tox|[from] ability: Poison Heal
|-damage|p2a: Gliscor|91\/292 tox|[from] move: Magma Storm|[partiallytrapped]
|turn|26
|
|move|p2a: Gliscor|Protect|p2a: Gliscor
|-singleturn|p2a: Gliscor|Protect
|move|p1a: Heatran|Magma Storm|p2a: Gliscor
|-activate|p2a: Gliscor|Protect
|
|-heal|p1a: Heatran|77\/323|[from] item: Leftovers
|-heal|p2a: Gliscor|127\/292 tox|[from] ability: Poison Heal
|-damage|p2a: Gliscor|91\/292 tox|[from] move: Magma Storm|[partiallytrapped]
|turn|27
|
|move|p1a: Heatran|Magma Storm|p2a: Gliscor
|-damage|p2a: Gliscor|0 fnt
|faint|p2a: Gliscor
|
|-heal|p1a: Heatran|97\/323|[from] item: Leftovers
|c|âGreninjaxx|scarf?
|c|âArchPhantom|Just max speed
|
|switch|p2a: Magnezone|Magnezone|281\/281
|-damage|p2a: Magnezone|264\/281|[from] Stealth Rock
|turn|28
|c|âGreninjaxx|just annoying
|
|move|p2a: Magnezone|Volt Switch|p1a: Heatran
|-damage|p1a: Heatran|0 fnt
|faint|p1a: Heatran
|c|âArchPhantom|I just lose to Altaria now
|c|âArchPhantom|gg fren
|c|âArchPhantom|in a tour, wish me luck
|-message|ArchPhantom forfeited.
|
|win|Greninjaxx
|leave|ArchPhantom
|player|p1