|join|Starmaster
|join|ArchPhantom
|player|p1|Starmaster|169
|player|p2|ArchPhantom|222
|gametype|singles
|gen|6
|tier|OU
|rated
|clearpoke
|poke|p1|Venusaur, F
|poke|p1|Heatran, F
|poke|p1|Starmie
|poke|p1|Clefable, M
|poke|p1|Landorus-Therian, M
|poke|p1|Tornadus-Therian, M
|poke|p2|Lopunny, M
|poke|p2|Ferrothorn, M
|poke|p2|Landorus-Therian, M
|poke|p2|Slowbro, M
|poke|p2|Latias, F
|poke|p2|Heatran, M
|rule|Swagger Clause: Swagger is banned
|rule|Baton Pass Clause: Limit one PokÃ©mon knowing Baton Pass
|rule|Sleep Clause Mod: Limit one foe put to sleep
|rule|Species Clause: Limit one of each PokÃ©mon
|rule|OHKO Clause: OHKO moves are banned
|rule|Moody Clause: Moody is banned
|rule|Evasion Moves Clause: Evasion moves are banned
|rule|Endless Battle Clause: Forcing endless battles is banned
|rule|HP Percentage Mod: HP is shown in percentages
|teampreview
|
|start
|switch|p1a: Tornadus-Therian|Tornadus-Therian, M|299\/299
|switch|p2a: Heatran|Heatran, M|324\/324
|turn|1
|
|move|p2a: Heatran|Overheat|p1a: Tornadus-Therian|[miss]
|-miss|p2a: Heatran|p1a: Tornadus-Therian
|move|p1a: Tornadus-Therian|Superpower|p2a: Heatran
|-supereffective|p2a: Heatran
|-damage|p2a: Heatran|69\/324
|-unboost|p1a: Tornadus-Therian|atk|1
|-unboost|p1a: Tornadus-Therian|def|1
|-damage|p1a: Tornadus-Therian|270\/299|[from] item: Life Orb
|
|turn|2
|c|âStarmaster|sry
|
|switch|p2a: Landorus-Therian|Landorus-Therian, M|381\/381
|-ability|p2a: Landorus-Therian|Intimidate|[of] p1a: Tornadus-Therian
|-unboost|p1a: Tornadus-Therian|atk|1
|switch|p1a: Heatran|Heatran, F|385\/385
|
|turn|3
|
|move|p2a: Landorus-Therian|Stealth Rock|p1a: Heatran
|-sidestart|p1: Starmaster|move: Stealth Rock
|move|p1a: Heatran|Stealth Rock|p2a: Landorus-Therian
|-sidestart|p2: ArchPhantom|move: Stealth Rock
|
|turn|4
|
|switch|p1a: Landorus-Therian|Landorus-Therian, M|325\/325
|-damage|p1a: Landorus-Therian|285\/325|[from] Stealth Rock
|-ability|p1a: Landorus-Therian|Intimidate|[of] p2a: Landorus-Therian
|-unboost|p2a: Landorus-Therian|atk|1
|move|p2a: Landorus-Therian|Earthquake|p1a: Landorus-Therian
|-immune|p1a: Landorus-Therian|[msg]
|
|turn|5
|
|move|p1a: Landorus-Therian|Knock Off|p2a: Landorus-Therian
|-damage|p2a: Landorus-Therian|270\/381
|-enditem|p2a: Landorus-Therian|Leftovers|[from] move: Knock Off|[of] p1a: Landorus-Therian
|move|p2a: Landorus-Therian|U-turn|p1a: Landorus-Therian
|-resisted|p1a: Landorus-Therian
|-damage|p1a: Landorus-Therian|257\/325
|
|switch|p2a: Lopunny|Lopunny, M|271\/271
|-damage|p2a: Lopunny|238\/271|[from] Stealth Rock
|
|turn|6
|
|switch|p1a: Clefable|Clefable, M|393\/393
|detailschange|p2a: Lopunny|Lopunny-Mega, M
|-mega|p2a: Lopunny|Lopunny|Lopunnite
|move|p2a: Lopunny|Power-Up Punch|p1a: Clefable
|-resisted|p1a: Clefable
|-damage|p1a: Clefable|350\/393
|-boost|p2a: Lopunny|atk|1
|
|-heal|p1a: Clefable|374\/393|[from] item: Leftovers
|turn|7
|
|move|p2a: Lopunny|Frustration|p1a: Clefable
|-damage|p1a: Clefable|74\/393
|move|p1a: Clefable|Moonblast|p2a: Lopunny
|-supereffective|p2a: Lopunny
|-damage|p2a: Lopunny|8\/271
|
|-heal|p1a: Clefable|98\/393|[from] item: Leftovers
|turn|8
|
|move|p2a: Lopunny|Frustration|p1a: Clefable
|-damage|p1a: Clefable|0 fnt
|faint|p1a: Clefable
|
|
|switch|p1a: Landorus-Therian|Landorus-Therian, M|257\/325
|-damage|p1a: Landorus-Therian|217\/325|[from] Stealth Rock
|-ability|p1a: Landorus-Therian|Intimidate|[of] p2a: Lopunny
|-unboost|p2a: Lopunny|atk|1
|turn|9
|
|switch|p2a: Slowbro|Slowbro, M|393\/393
|-damage|p2a: Slowbro|344\/393|[from] Stealth Rock
|move|p1a: Landorus-Therian|U-turn|p2a: Slowbro
|-supereffective|p2a: Slowbro
|-damage|p2a: Slowbro|216\/393
|-damage|p1a: Landorus-Therian|163\/325|[from] item: Rocky Helmet|[of] p2a: Slowbro
|
|switch|p1a: Venusaur|Venusaur, F|349\/349
|-damage|p1a: Venusaur|306\/349|[from] Stealth Rock
|
|turn|10
|
|switch|p2a: Latias|Latias, F|301\/301
|-damage|p2a: Latias|264\/301|[from] Stealth Rock
|detailschange|p1a: Venusaur|Venusaur-Mega, F
|-mega|p1a: Venusaur|Venusaur|Venusaurite
|move|p1a: Venusaur|Giga Drain|p2a: Latias
|-resisted|p2a: Latias
|-damage|p2a: Latias|207\/301
|-heal|p1a: Venusaur|335\/349|[from] drain|[of] p2a: Latias
|
|turn|11
|
|switch|p1a: Heatran|Heatran, F|385\/385
|-damage|p1a: Heatran|337\/385|[from] Stealth Rock
|move|p2a: Latias|Psyshock|p1a: Heatran
|-resisted|p1a: Heatran
|-damage|p1a: Heatran|266\/385
|-damage|p2a: Latias|177\/301|[from] item: Life Orb
|
|-heal|p1a: Heatran|290\/385|[from] item: Leftovers
|turn|12
|
|move|p2a: Latias|Healing Wish|p2a: Latias
|faint|p2a: Latias
|move|p1a: Heatran|Toxic|p2: Latias|[notarget]
|-notarget
|
|-heal|p1a: Heatran|314\/385|[from] item: Leftovers
|
|switch|p2a: Lopunny|Lopunny-Mega, M|8\/271
|-heal|p2a: Lopunny|271\/271|[from] move: Healing Wish
|-damage|p2a: Lopunny|255\/271|[from] Stealth Rock
|turn|13
|
|move|p2a: Lopunny|High Jump Kick|p1a: Heatran
|-crit|p1a: Heatran
|-supereffective|p1a: Heatran
|-damage|p1a: Heatran|0 fnt
|faint|p1a: Heatran
|
|
|switch|p1a: Landorus-Therian|Landorus-Therian, M|163\/325
|-damage|p1a: Landorus-Therian|123\/325|[from] Stealth Rock
|-ability|p1a: Landorus-Therian|Intimidate|[of] p2a: Lopunny
|-unboost|p2a: Lopunny|atk|1
|turn|14
|
|switch|p2a: Landorus-Therian|Landorus-Therian, M|270\/381
|-damage|p2a: Landorus-Therian|223\/381|[from] Stealth Rock
|-ability|p2a: Landorus-Therian|Intimidate|[of] p1a: Landorus-Therian
|-unboost|p1a: Landorus-Therian|atk|1
|move|p1a: Landorus-Therian|Earthquake|p2a: Landorus-Therian
|-immune|p2a: Landorus-Therian|[msg]
|
|turn|15
|
|switch|p1a: Tornadus-Therian|Tornadus-Therian, M|299\/299
|-damage|p1a: Tornadus-Therian|225\/299|[from] Stealth Rock
|move|p2a: Landorus-Therian|U-turn|p1a: Tornadus-Therian
|-resisted|p1a: Tornadus-Therian
|-damage|p1a: Tornadus-Therian|179\/299
|leave|ArchPhantom
|player|p2
|join|ArchPhantom
|player|p2|ArchPhantom|222
|c|âArchPhantom|sorry
|
|switch|p2a: Lopunny|Lopunny-Mega, M|255\/271
|-damage|p2a: Lopunny|239\/271|[from] Stealth Rock
|
|turn|16
|c|âStarmaster|np
|
|switch|p1a: Landorus-Therian|Landorus-Therian, M|123\/325
|-damage|p1a: Landorus-Therian|83\/325|[from] Stealth Rock
|-ability|p1a: Landorus-Therian|Intimidate|[of] p2a: Lopunny
|-unboost|p2a: Lopunny|atk|1
|move|p2a: Lopunny|Frustration|p1a: Landorus-Therian
|-damage|p1a: Landorus-Therian|0 fnt
|faint|p1a: Landorus-Therian
|
|
|switch|p1a: Starmie|Starmie|323\/323
|-damage|p1a: Starmie|283\/323|[from] Stealth Rock
|turn|17
|
|switch|p2a: Ferrothorn|Ferrothorn, M|352\/352
|-damage|p2a: Ferrothorn|330\/352|[from] Stealth Rock
|move|p1a: Starmie|Rapid Spin|p2a: Ferrothorn
|-resisted|p2a: Ferrothorn
|-damage|p2a: Ferrothorn|327\/352
|-damage|p1a: Starmie|243\/323|[from] ability: Iron Barbs|[of] p2a: Ferrothorn
|-sideend|p1: Starmaster|Stealth Rock|[from] move: Rapid Spin|[of] p1a: Starmie
|
|-heal|p1a: Starmie|263\/323|[from] item: Leftovers
|-heal|p2a: Ferrothorn|349\/352|[from] item: Leftovers
|turn|18
|
|switch|p2a: Lopunny|Lopunny-Mega, M|239\/271
|-damage|p2a: Lopunny|223\/271|[from] Stealth Rock
|move|p1a: Starmie|Reflect Type|p2a: Lopunny
|-start|p1a: Starmie|typechange|[from] move: Reflect Type|[of] p2a: Lopunny
|
|-heal|p1a: Starmie|283\/323|[from] item: Leftovers
|turn|19
|
|move|p2a: Lopunny|Encore|p1a: Starmie
|-start|p1a: Starmie|Encore
|move|p1a: Starmie|Reflect Type|p2a: Lopunny
|-start|p1a: Starmie|typechange|[from] move: Reflect Type|[of] p2a: Lopunny
|
|-heal|p1a: Starmie|303\/323|[from] item: Leftovers
|turn|20
|
|switch|p1a: Venusaur|Venusaur-Mega, F|335\/349
|move|p2a: Lopunny|Power-Up Punch|p1a: Venusaur
|-resisted|p1a: Venusaur
|-damage|p1a: Venusaur|305\/349
|-boost|p2a: Lopunny|atk|1
|
|turn|21
|
|move|p2a: Lopunny|Frustration|p1a: Venusaur
|-damage|p1a: Venusaur|71\/349
|move|p1a: Venusaur|Sludge Bomb|p2a: Lopunny
|-damage|p2a: Lopunny|46\/271
|
|turn|22
|-message|Starmaster forfeited.
|leave|Starmaster
|
|win|ArchPhantom
|raw|Ladder updating...
|player|p1
|raw|Starmaster's rating: 1613 &rarr; <strong>1598<\/strong><br \/>(-15 for losing)
|raw|ArchPhantom's rating: 1700 &rarr; <strong>1715<\/strong><br \/>(+15 for winning)