|join|ArchPhantom
|join|Tressed
|player|p1|ArchPhantom|224
|player|p2|Tressed|4
|gametype|singles
|gen|6
|tier|OU
|clearpoke
|poke|p1|Azumarill, F
|poke|p1|Landorus-Therian, M
|poke|p1|Latias, F
|poke|p1|Chesnaught, F
|poke|p1|Heatran, F
|poke|p1|Metagross
|poke|p2|Keldeo
|poke|p2|Metagross
|poke|p2|Entei, shiny
|poke|p2|Tyranitar, F
|poke|p2|Chesnaught, F
|poke|p2|Excadrill, F
|rule|Swagger Clause: Swagger is banned
|rule|Baton Pass Clause: Limit one PokÃ©mon knowing Baton Pass
|rule|Sleep Clause Mod: Limit one foe put to sleep
|rule|Species Clause: Limit one of each PokÃ©mon
|rule|OHKO Clause: OHKO moves are banned
|rule|Moody Clause: Moody is banned
|rule|Evasion Moves Clause: Evasion moves are banned
|rule|Endless Battle Clause: Forcing endless battles is banned
|rule|HP Percentage Mod: HP is shown in percentages
|teampreview
|c|âArchPhantom|glhf
|c|âTressed|alright, you too
|c|âArchPhantom|gl
|c|âArchPhantom|Oh lag
|c|âArchPhantom|lol
|c|âTressed|no kidding
|c|âTressed|.....
|
|start
|switch|p1a: Metagross|Metagross|301\/301
|switch|p2a: Chesnaught|Chesnaught, F|379\/379
|turn|1
|
|switch|p2a: Entei|Entei, shiny|371\/371
|-ability|p2a: Entei|Pressure
|detailschange|p1a: Metagross|Metagross-Mega
|-mega|p1a: Metagross|Metagross|Metagrossite
|move|p1a: Metagross|Zen Headbutt|p2a: Entei
|-damage|p2a: Entei|152\/371
|
|turn|2
|
|switch|p2a: Tyranitar|Tyranitar, F|403\/403
|-weather|Sandstorm
|move|p1a: Metagross|Zen Headbutt|p2a: Tyranitar
|-immune|p2a: Tyranitar|[msg]
|
|-weather|Sandstorm|[upkeep]
|turn|3
|
|move|p1a: Metagross|Hammer Arm|p2a: Tyranitar
|-supereffective|p2a: Tyranitar
|-damage|p2a: Tyranitar|0 fnt
|-unboost|p1a: Metagross|spe|1
|faint|p2a: Tyranitar
|
|-weather|Sandstorm|[upkeep]
|
|switch|p2a: Excadrill|Excadrill, F|361\/361
|-item|p2a: Excadrill|Air Balloon
|turn|4
|
|move|p2a: Excadrill|Iron Head|p1a: Metagross
|-resisted|p1a: Metagross
|-damage|p1a: Metagross|243\/301
|move|p1a: Metagross|Hammer Arm|p2a: Excadrill
|-supereffective|p2a: Excadrill
|-damage|p2a: Excadrill|0 fnt
|-enditem|p2a: Excadrill|Air Balloon
|-unboost|p1a: Metagross|spe|1
|faint|p2a: Excadrill
|
|-weather|Sandstorm|[upkeep]
|c|âTressed|officially bad at video games lol
|c|âArchPhantom|Lol
|
|switch|p2a: Metagross|Metagross|301\/301
|turn|5
|c|âArchPhantom|metagross os just too much
|c|âArchPhantom|team match up
|c|âTressed|yeah
|c|âTressed|for some reason I didn't see there was no meta check on this team
|
|switch|p1a: Chesnaught|Chesnaught, F|380\/380
|detailschange|p2a: Metagross|Metagross-Mega
|-mega|p2a: Metagross|Metagross|Metagrossite
|move|p2a: Metagross|Hammer Arm|p1a: Chesnaught
|-damage|p1a: Chesnaught|273\/380
|-unboost|p2a: Metagross|spe|1
|
|-weather|Sandstorm|[upkeep]
|-damage|p1a: Chesnaught|250\/380|[from] sandstorm
|-heal|p1a: Chesnaught|273\/380|[from] item: Leftovers
|turn|6
|
|switch|p2a: Entei|Entei, shiny|152\/371
|-ability|p2a: Entei|Pressure
|move|p1a: Chesnaught|Spikes|p2a: Entei
|-sidestart|p2: Tressed|Spikes
|
|-weather|Sandstorm|[upkeep]
|-damage|p2a: Entei|129\/371|[from] sandstorm
|-damage|p1a: Chesnaught|250\/380|[from] sandstorm
|-heal|p1a: Chesnaught|273\/380|[from] item: Leftovers
|turn|7
|
|move|p2a: Entei|Sacred Fire|p1a: Chesnaught
|-supereffective|p1a: Chesnaught
|-damage|p1a: Chesnaught|0 fnt
|-damage|p2a: Entei|92\/371|[from] item: Life Orb
|faint|p1a: Chesnaught
|
|-weather|Sandstorm|[upkeep]
|-damage|p2a: Entei|69\/371|[from] sandstorm
|
|switch|p1a: Landorus-Therian|Landorus-Therian, M|379\/379
|-ability|p1a: Landorus-Therian|Intimidate|[of] p2a: Entei
|-unboost|p2a: Entei|atk|1
|turn|8
|
|switch|p2a: Chesnaught|Chesnaught, F|379\/379
|-damage|p2a: Chesnaught|332\/379|[from] Spikes
|move|p1a: Landorus-Therian|Stealth Rock|p2a: Chesnaught
|-sidestart|p2: Tressed|move: Stealth Rock
|
|-weather|Sandstorm|[upkeep]
|-damage|p2a: Chesnaught|309\/379|[from] sandstorm
|-heal|p2a: Chesnaught|332\/379|[from] item: Leftovers
|turn|9
|
|move|p1a: Landorus-Therian|U-turn|p2a: Chesnaught
|-damage|p2a: Chesnaught|280\/379
|
|switch|p1a: Latias|Latias, F|319\/319
|move|p2a: Chesnaught|Super Fang|p1a: Latias
|-damage|p1a: Latias|160\/319
|
|-weather|none
|-heal|p2a: Chesnaught|303\/379|[from] item: Leftovers
|turn|10
|c|âArchPhantom|nice
|
|switch|p2a: Metagross|Metagross-Mega|301\/301
|-damage|p2a: Metagross|283\/301|[from] Stealth Rock
|-damage|p2a: Metagross|246\/301|[from] Spikes
|move|p1a: Latias|Psyshock|p2a: Metagross
|-resisted|p2a: Metagross
|-damage|p2a: Metagross|220\/301
|-damage|p1a: Latias|129\/319|[from] item: Life Orb
|
|turn|11
|c|âTressed|something I'm trying out
|
|switch|p1a: Landorus-Therian|Landorus-Therian, M|379\/379
|-ability|p1a: Landorus-Therian|Intimidate|[of] p2a: Metagross
|-unboost|p2a: Metagross|atk|1
|move|p2a: Metagross|Meteor Mash|p1a: Landorus-Therian
|-damage|p1a: Landorus-Therian|259\/379
|
|-heal|p1a: Landorus-Therian|282\/379|[from] item: Leftovers
|turn|12
|
|switch|p2a: Chesnaught|Chesnaught, F|303\/379
|-damage|p2a: Chesnaught|256\/379|[from] Spikes
|-damage|p2a: Chesnaught|233\/379|[from] Stealth Rock
|move|p1a: Landorus-Therian|U-turn|p2a: Chesnaught
|-damage|p2a: Chesnaught|182\/379
|
|switch|p1a: Heatran|Heatran, F|323\/323
|
|-heal|p2a: Chesnaught|205\/379|[from] item: Leftovers
|turn|13
|
|switch|p2a: Entei|Entei, shiny|69\/371
|-damage|p2a: Entei|23\/371|[from] Spikes
|-damage|p2a: Entei|0 fnt|[from] Stealth Rock
|faint|p2a: Entei
|move|p1a: Heatran|Lava Plume|p2: Entei|[notarget]
|-notarget
|
|
|switch|p2a: Keldeo|Keldeo|323\/323
|-damage|p2a: Keldeo|303\/323|[from] Stealth Rock
|-damage|p2a: Keldeo|263\/323|[from] Spikes
|turn|14
|
|switch|p1a: Azumarill|Azumarill, F|360\/360
|move|p2a: Keldeo|Scald|p1a: Azumarill
|-resisted|p1a: Azumarill
|-damage|p1a: Azumarill|273\/360
|
|-heal|p2a: Keldeo|283\/323|[from] item: Leftovers
|turn|15
|
|move|p2a: Keldeo|Scald|p1a: Azumarill
|-resisted|p1a: Azumarill
|-damage|p1a: Azumarill|191\/360
|-status|p1a: Azumarill|brn
|move|p1a: Azumarill|Play Rough|p2a: Keldeo
|-supereffective|p2a: Keldeo
|-damage|p2a: Keldeo|79\/323
|
|-heal|p2a: Keldeo|99\/323|[from] item: Leftovers
|-damage|p1a: Azumarill|146\/360 brn|[from] brn
|-enditem|p1a: Azumarill|Sitrus Berry|[eat]
|-heal|p1a: Azumarill|236\/360 brn|[from] item: Sitrus Berry
|turn|16
|c|âTressed|hax
|
|switch|p2a: Metagross|Metagross-Mega|220\/301
|-damage|p2a: Metagross|183\/301|[from] Spikes
|-damage|p2a: Metagross|165\/301|[from] Stealth Rock
|move|p1a: Azumarill|Play Rough|p2a: Metagross
|-crit|p2a: Metagross
|-resisted|p2a: Metagross
|-damage|p2a: Metagross|111\/301
|
|-damage|p1a: Azumarill|191\/360 brn|[from] brn
|turn|17
|
|move|p1a: Azumarill|Aqua Jet|p2a: Metagross
|-damage|p2a: Metagross|81\/301
|move|p2a: Metagross|Meteor Mash|p1a: Azumarill
|-damage|p1a: Azumarill|0 fnt
|faint|p1a: Azumarill
|
|
|switch|p1a: Heatran|Heatran, F|323\/323
|turn|18
|
|move|p1a: Heatran|Lava Plume|p2a: Metagross
|-supereffective|p2a: Metagross
|-damage|p2a: Metagross|0 fnt
|faint|p2a: Metagross
|
|c|âTressed|scarf lava plume
|c|âArchPhantom|haha
|c|âTressed|wasn't expecting that
|c|âArchPhantom|for mega sablr
|c|âArchPhantom|sable to burn it
|c|âTressed|gotta try that sometime
|
|switch|p2a: Keldeo|Keldeo|99\/323
|-damage|p2a: Keldeo|59\/323|[from] Spikes
|-damage|p2a: Keldeo|39\/323|[from] Stealth Rock
|turn|19
|
|move|p1a: Heatran|Lava Plume|p2a: Keldeo
|-resisted|p2a: Keldeo
|-damage|p2a: Keldeo|0 fnt
|faint|p2a: Keldeo
|
|c|âTressed|gg
|
|switch|p2a: Chesnaught|Chesnaught, F|205\/379
|-damage|p2a: Chesnaught|158\/379|[from] Spikes
|-damage|p2a: Chesnaught|135\/379|[from] Stealth Rock
|turn|20
|c|âArchPhantom|gg fren
|
|move|p1a: Heatran|Lava Plume|p2a: Chesnaught
|-supereffective|p2a: Chesnaught
|-damage|p2a: Chesnaught|0 fnt
|faint|p2a: Chesnaught
|
|win|ArchPhantom
|c|âTressed|:]