|join|ArchPhantom
|join|TFL
|join|Grumtastic
|c|âArchPhantom|gl
|player|p1|ArchPhantom|222
|player|p2|TFL|263
|gametype|singles
|gen|6
|tier|OU
|clearpoke
|poke|p1|Lopunny, F
|poke|p1|Ferrothorn, M
|poke|p1|Landorus-Therian, M
|poke|p1|Slowbro, F
|poke|p1|Latias, F
|poke|p1|Heatran, M
|poke|p2|Landorus-Therian, M
|poke|p2|Jirachi
|poke|p2|Latias, F
|poke|p2|Keldeo
|poke|p2|Tyranitar, M
|poke|p2|Clefable, F
|rule|Swagger Clause: Swagger is banned
|rule|Baton Pass Clause: Limit one PokÃ©mon knowing Baton Pass
|rule|Sleep Clause Mod: Limit one foe put to sleep
|rule|Species Clause: Limit one of each PokÃ©mon
|rule|OHKO Clause: OHKO moves are banned
|rule|Moody Clause: Moody is banned
|rule|Evasion Moves Clause: Evasion moves are banned
|rule|Endless Battle Clause: Forcing endless battles is banned
|rule|HP Percentage Mod: HP is shown in percentages
|teampreview
|join|Vrin
|
|start
|switch|p1a: Landorus-Therian|Landorus-Therian, M|381\/381
|switch|p2a: Landorus-Therian|Landorus-Therian, M|319\/319
|-ability|p2a: Landorus-Therian|Intimidate|[of] p1a: Landorus-Therian
|-unboost|p1a: Landorus-Therian|atk|1
|-ability|p1a: Landorus-Therian|Intimidate|[of] p2a: Landorus-Therian
|-unboost|p2a: Landorus-Therian|atk|1
|turn|1
|join|Metagross User
|
|move|p2a: Landorus-Therian|Stealth Rock|p1a: Landorus-Therian
|-sidestart|p1: ArchPhantom|move: Stealth Rock
|move|p1a: Landorus-Therian|Stealth Rock|p2a: Landorus-Therian
|-sidestart|p2: TFL|move: Stealth Rock
|
|turn|2
|c| Metagross User|No Metagrosses
|c| Metagross User|wow
|c|âTFL|i'd only use meta on gravity
|
|move|p2a: Landorus-Therian|U-turn|p1a: Landorus-Therian
|-resisted|p1a: Landorus-Therian
|-damage|p1a: Landorus-Therian|352\/381
|c| Metagross User|Nah.
|
|switch|p2a: Keldeo|Keldeo|324\/324
|-damage|p2a: Keldeo|304\/324|[from] Stealth Rock
|move|p1a: Landorus-Therian|U-turn|p2a: Keldeo
|-resisted|p2a: Keldeo
|-damage|p2a: Keldeo|277\/324
|
|switch|p1a: Slowbro|Slowbro, F|393\/393
|-damage|p1a: Slowbro|344\/393|[from] Stealth Rock
|
|turn|3
|c| Grumtastic|dem speed creep landos
|
|switch|p2a: Clefable|Clefable, F|394\/394
|move|p1a: Slowbro|Thunder Wave|p2a: Clefable
|-status|p2a: Clefable|par
|
|turn|4
|c|âTFL|its not speedcreep if you know my set
|join|Jirachi User
|c| Jirachi User|Color tho
|
|switch|p1a: Heatran|Heatran, M|324\/324
|-damage|p1a: Heatran|284\/324|[from] Stealth Rock
|move|p2a: Clefable|Calm Mind|p2a: Clefable
|-boost|p2a: Clefable|spa|1
|-boost|p2a: Clefable|spd|1
|
|turn|5
|
|move|p1a: Heatran|Flash Cannon|p2a: Clefable
|-supereffective|p2a: Clefable
|-damage|p2a: Clefable|220\/394 par
|cant|p2a: Clefable|par
|
|-heal|p2a: Clefable|244\/394 par|[from] item: Leftovers
|turn|6
|c| Jirachi User|TFL using rachi nice
|
|move|p1a: Heatran|Flash Cannon|p2a: Clefable
|-supereffective|p2a: Clefable
|-damage|p2a: Clefable|62\/394 par
|cant|p2a: Clefable|par
|
|-heal|p2a: Clefable|86\/394 par|[from] item: Leftovers
|turn|7
|c|âArchPhantom|Sorry
|c| Grumtastic|lel
|c|âTFL|...i lose now
|
|switch|p2a: Keldeo|Keldeo|277\/324
|-damage|p2a: Keldeo|257\/324|[from] Stealth Rock
|move|p1a: Heatran|Flash Cannon|p2a: Keldeo
|-resisted|p2a: Keldeo
|-damage|p2a: Keldeo|182\/324
|
|turn|8
|c| Jirachi User|Lmaoo
|c| Grumtastic|good by lati check
|
|switch|p1a: Slowbro|Slowbro, F|393\/393
|-damage|p1a: Slowbro|344\/393|[from] Stealth Rock
|move|p2a: Keldeo|Scald|p1a: Slowbro
|-resisted|p1a: Slowbro
|-damage|p1a: Slowbro|221\/393
|
|turn|9
|c| Grumtastic|bye*
|
|switch|p2a: Tyranitar|Tyranitar, M|383\/383
|-damage|p2a: Tyranitar|336\/383|[from] Stealth Rock
|-weather|Sandstorm
|move|p1a: Slowbro|Slack Off|p1a: Slowbro
|-heal|p1a: Slowbro|393\/393
|
|-weather|Sandstorm|[upkeep]
|-damage|p1a: Slowbro|369\/393|[from] sandstorm
|turn|10
|c|âTFL|tran woulda been dead
|c|âTFL|.cri
|c| Grumtastic|catch this crunch
|
|switch|p1a: Ferrothorn|Ferrothorn, M|352\/352
|-damage|p1a: Ferrothorn|330\/352|[from] Stealth Rock
|move|p2a: Tyranitar|Crunch|p1a: Ferrothorn
|-damage|p1a: Ferrothorn|153\/352
|-damage|p2a: Tyranitar|289\/383|[from] ability: Iron Barbs|[of] p1a: Ferrothorn
|
|-weather|Sandstorm|[upkeep]
|-heal|p1a: Ferrothorn|175\/352|[from] item: Leftovers
|turn|11
|c| Grumtastic|banded
|c| Grumtastic|shit that hurt
|
|move|p2a: Tyranitar|Crunch|p1a: Ferrothorn
|-damage|p1a: Ferrothorn|10\/352
|-damage|p2a: Tyranitar|242\/383|[from] ability: Iron Barbs|[of] p1a: Ferrothorn
|move|p1a: Ferrothorn|Spikes|p2a: Tyranitar
|-sidestart|p2: TFL|Spikes
|
|-weather|Sandstorm|[upkeep]
|-heal|p1a: Ferrothorn|32\/352|[from] item: Leftovers
|turn|12
|c| Grumtastic|low rolls
|
|move|p2a: Tyranitar|Crunch|p1a: Ferrothorn
|-damage|p1a: Ferrothorn|0 fnt
|-damage|p2a: Tyranitar|195\/383|[from] ability: Iron Barbs|[of] p1a: Ferrothorn
|faint|p1a: Ferrothorn
|
|-weather|Sandstorm|[upkeep]
|
|switch|p1a: Landorus-Therian|Landorus-Therian, M|352\/381
|-damage|p1a: Landorus-Therian|305\/381|[from] Stealth Rock
|-ability|p1a: Landorus-Therian|Intimidate|[of] p2a: Tyranitar
|-unboost|p2a: Tyranitar|atk|1
|turn|13
|
|switch|p2a: Landorus-Therian|Landorus-Therian, M|319\/319
|-damage|p2a: Landorus-Therian|280\/319|[from] Stealth Rock
|-ability|p2a: Landorus-Therian|Intimidate|[of] p1a: Landorus-Therian
|-unboost|p1a: Landorus-Therian|atk|1
|move|p1a: Landorus-Therian|U-turn|p2a: Landorus-Therian
|-resisted|p2a: Landorus-Therian
|-damage|p2a: Landorus-Therian|254\/319
|join|bested
|
|switch|p1a: Slowbro|Slowbro, F|393\/393
|-damage|p1a: Slowbro|344\/393|[from] Stealth Rock
|
|-weather|none
|turn|14
|
|move|p2a: Landorus-Therian|U-turn|p1a: Slowbro
|-supereffective|p1a: Slowbro
|-damage|p1a: Slowbro|206\/393
|-damage|p2a: Landorus-Therian|201\/319|[from] item: Rocky Helmet|[of] p1a: Slowbro
|
|switch|p2a: Clefable|Clefable, F|86\/394 par
|move|p1a: Slowbro|Scald|p2a: Clefable
|-damage|p2a: Clefable|0 fnt
|faint|p2a: Clefable
|
|
|switch|p2a: Tyranitar|Tyranitar, M|195\/383
|-damage|p2a: Tyranitar|148\/383|[from] Stealth Rock
|-damage|p2a: Tyranitar|101\/383|[from] Spikes
|-weather|Sandstorm
|turn|15
|
|move|p2a: Tyranitar|Crunch|p1a: Slowbro
|-supereffective|p1a: Slowbro
|-damage|p1a: Slowbro|0 fnt
|-damage|p2a: Tyranitar|38\/383|[from] item: Rocky Helmet|[of] p1a: Slowbro
|faint|p1a: Slowbro
|
|-weather|Sandstorm|[upkeep]
|
|switch|p1a: Lopunny|Lopunny, F|271\/271
|-damage|p1a: Lopunny|238\/271|[from] Stealth Rock
|turn|16
|
|detailschange|p1a: Lopunny|Lopunny-Mega, F
|-mega|p1a: Lopunny|Lopunny|Lopunnite
|move|p1a: Lopunny|Power-Up Punch|p2a: Tyranitar
|-crit|p2a: Tyranitar
|-supereffective|p2a: Tyranitar
|-damage|p2a: Tyranitar|0 fnt
|-boost|p1a: Lopunny|atk|1
|faint|p2a: Tyranitar
|
|-weather|Sandstorm|[upkeep]
|-damage|p1a: Lopunny|222\/271|[from] sandstorm
|
|switch|p2a: Landorus-Therian|Landorus-Therian, M|201\/319
|-damage|p2a: Landorus-Therian|162\/319|[from] Stealth Rock
|-ability|p2a: Landorus-Therian|Intimidate|[of] p1a: Lopunny
|-unboost|p1a: Lopunny|atk|1
|turn|17
|
|move|p1a: Lopunny|Frustration|p2a: Landorus-Therian
|-damage|p2a: Landorus-Therian|0 fnt
|faint|p2a: Landorus-Therian
|
|-weather|Sandstorm|[upkeep]
|-damage|p1a: Lopunny|206\/271|[from] sandstorm
|
|switch|p2a: Jirachi|Jirachi|404\/404
|-damage|p2a: Jirachi|354\/404|[from] Spikes
|-damage|p2a: Jirachi|329\/404|[from] Stealth Rock
|turn|18
|
|switch|p1a: Landorus-Therian|Landorus-Therian, M|305\/381
|-damage|p1a: Landorus-Therian|258\/381|[from] Stealth Rock
|-ability|p1a: Landorus-Therian|Intimidate|[of] p2a: Jirachi
|-unboost|p2a: Jirachi|atk|1
|move|p2a: Jirachi|Thunder Wave|p1a: Landorus-Therian
|-immune|p1a: Landorus-Therian|[msg]
|
|-weather|Sandstorm|[upkeep]
|-heal|p2a: Jirachi|354\/404|[from] item: Leftovers
|-heal|p1a: Landorus-Therian|281\/381|[from] item: Leftovers
|turn|19
|
|switch|p2a: Keldeo|Keldeo|182\/324
|-damage|p2a: Keldeo|142\/324|[from] Spikes
|-damage|p2a: Keldeo|122\/324|[from] Stealth Rock
|move|p1a: Landorus-Therian|U-turn|p2a: Keldeo
|-crit|p2a: Keldeo
|-resisted|p2a: Keldeo
|-damage|p2a: Keldeo|60\/324
|
|switch|p1a: Latias|Latias, F|301\/301
|-damage|p1a: Latias|264\/301|[from] Stealth Rock
|
|-weather|none
|turn|20
|
|switch|p2a: Jirachi|Jirachi|354\/404
|-damage|p2a: Jirachi|329\/404|[from] Stealth Rock
|-damage|p2a: Jirachi|279\/404|[from] Spikes
|move|p1a: Latias|Psyshock|p2a: Jirachi
|-resisted|p2a: Jirachi
|-damage|p2a: Jirachi|240\/404
|-damage|p1a: Latias|234\/301|[from] item: Life Orb
|
|-heal|p2a: Jirachi|265\/404|[from] item: Leftovers
|turn|21
|
|switch|p1a: Landorus-Therian|Landorus-Therian, M|281\/381
|-damage|p1a: Landorus-Therian|234\/381|[from] Stealth Rock
|-ability|p1a: Landorus-Therian|Intimidate|[of] p2a: Jirachi
|-unboost|p2a: Jirachi|atk|1
|move|p2a: Jirachi|Toxic|p1a: Landorus-Therian
|-status|p1a: Landorus-Therian|tox
|
|-heal|p2a: Jirachi|290\/404|[from] item: Leftovers
|-heal|p1a: Landorus-Therian|257\/381 tox|[from] item: Leftovers
|-damage|p1a: Landorus-Therian|234\/381 tox|[from] psn
|turn|22
|
|move|p2a: Jirachi|Iron Head|p1a: Landorus-Therian
|-damage|p1a: Landorus-Therian|176\/381 tox
|cant|p1a: Landorus-Therian|flinch
|
|-heal|p2a: Jirachi|315\/404|[from] item: Leftovers
|-heal|p1a: Landorus-Therian|199\/381 tox|[from] item: Leftovers
|-damage|p1a: Landorus-Therian|153\/381 tox|[from] psn
|turn|23
|
|switch|p2a: Latias|Latias, F|363\/363
|-damage|p2a: Latias|318\/363|[from] Stealth Rock
|move|p1a: Landorus-Therian|U-turn|p2a: Latias
|-supereffective|p2a: Latias
|-damage|p2a: Latias|190\/363
|c|âTFL|no eq ic
|
|switch|p1a: Lopunny|Lopunny-Mega, F|206\/271
|-damage|p1a: Lopunny|190\/271|[from] Stealth Rock
|
|turn|24
|
|switch|p1a: Heatran|Heatran, M|284\/324
|-damage|p1a: Heatran|244\/324|[from] Stealth Rock
|detailschange|p2a: Latias|Latias-Mega, F
|-mega|p2a: Latias|Latias|Latiasite
|move|p2a: Latias|Roost|p2a: Latias
|-heal|p2a: Latias|363\/363
|
|turn|25
|c|âArchPhantom|Oh shyt
|
|switch|p1a: Lopunny|Lopunny-Mega, F|190\/271
|-damage|p1a: Lopunny|174\/271|[from] Stealth Rock
|move|p2a: Latias|Substitute|p2a: Latias
|-start|p2a: Latias|Substitute
|-damage|p2a: Latias|273\/363
|
|turn|26
|c| Grumtastic|to real
|
|move|p1a: Lopunny|Encore|p2a: Latias
|-start|p2a: Latias|Encore
|move|p2a: Latias|Substitute|p2a: Latias
|-fail|p2a: Latias|move: Substitute
|
|turn|27
|-message|TFL forfeited.
|c|âTFL|qq
|
|win|ArchPhantom
|c|âArchPhantom|gg
|c|âTFL|jeejee