|join|ArchPhantom
|join|Tricking
|player|p1|ArchPhantom|224
|player|p2|Tricking|182
|gametype|singles
|gen|6
|tier|OU
|clearpoke
|poke|p1|Metagross
|poke|p1|Cresselia, F
|poke|p1|Liepard, M
|poke|p1|Rhyperior, F
|poke|p1|Tentacruel, M
|poke|p1|Hydreigon, M
|poke|p2|Dugtrio, M
|poke|p2|Slurpuff, M
|poke|p2|Diancie
|poke|p2|Camerupt, M
|poke|p2|Chesnaught, F
|poke|p2|Crawdaunt, F
|rule|Swagger Clause: Swagger is banned
|rule|Baton Pass Clause: Limit one PokÃ©mon knowing Baton Pass
|rule|Sleep Clause Mod: Limit one foe put to sleep
|rule|Species Clause: Limit one of each PokÃ©mon
|rule|OHKO Clause: OHKO moves are banned
|rule|Moody Clause: Moody is banned
|rule|Evasion Moves Clause: Evasion moves are banned
|rule|Endless Battle Clause: Forcing endless battles is banned
|rule|HP Percentage Mod: HP is shown in percentages
|teampreview
|c|âArchPhantom|glhf
|c|âTricking|u2
|
|start
|switch|p1a: Hydreigon|Hydreigon, M|325\/325
|switch|p2a: Camerupt|Camerupt, M|343\/343
|turn|1
|
|switch|p2a: Diancie|Diancie|303\/303
|move|p1a: Hydreigon|Draco Meteor|p2a: Diancie
|-immune|p2a: Diancie|[msg]
|
|turn|2
|
|switch|p2a: Camerupt|Camerupt, M|343\/343
|move|p1a: Hydreigon|Flash Cannon|p2a: Camerupt
|-resisted|p2a: Camerupt
|-damage|p2a: Camerupt|262\/343
|-damage|p1a: Hydreigon|293\/325|[from] item: Life Orb
|
|turn|3
|
|detailschange|p2a: Camerupt|Camerupt-Mega, M
|-mega|p2a: Camerupt|Camerupt|Cameruptite
|move|p1a: Hydreigon|Draco Meteor|p2a: Camerupt
|-damage|p2a: Camerupt|0 fnt
|-unboost|p1a: Hydreigon|spa|2
|-damage|p1a: Hydreigon|261\/325|[from] item: Life Orb
|faint|p2a: Camerupt
|
|
|switch|p2a: Slurpuff|Slurpuff, M|306\/306
|turn|4
|
|switch|p1a: Liepard|Liepard, M|332\/332
|move|p2a: Slurpuff|Play Rough|p1a: Liepard
|-supereffective|p1a: Liepard
|-damage|p1a: Liepard|0 fnt
|faint|p1a: Liepard
|
|
|switch|p1a: Metagross|Metagross|301\/301
|turn|5
|
|switch|p2a: Crawdaunt|Crawdaunt, F|268\/268
|detailschange|p1a: Metagross|Metagross-Mega
|-mega|p1a: Metagross|Metagross|Metagrossite
|move|p1a: Metagross|Meteor Mash|p2a: Crawdaunt
|-resisted|p2a: Crawdaunt
|-damage|p2a: Crawdaunt|132\/268
|
|turn|6
|
|move|p2a: Crawdaunt|Aqua Jet|p1a: Metagross
|-damage|p1a: Metagross|213\/301
|-damage|p2a: Crawdaunt|106\/268|[from] item: Life Orb
|move|p1a: Metagross|Hammer Arm|p2a: Crawdaunt
|-supereffective|p2a: Crawdaunt
|-damage|p2a: Crawdaunt|0 fnt
|-unboost|p1a: Metagross|spe|1
|faint|p2a: Crawdaunt
|
|
|switch|p2a: Dugtrio|Dugtrio, M|211\/211
|turn|7
|
|move|p2a: Dugtrio|Earthquake|p1a: Metagross
|-supereffective|p1a: Metagross
|-damage|p1a: Metagross|21\/301
|move|p1a: Metagross|Ice Punch|p2a: Dugtrio
|-supereffective|p2a: Dugtrio
|-enditem|p2a: Dugtrio|Focus Sash
|-damage|p2a: Dugtrio|1\/211
|
|turn|8
|
|move|p2a: Dugtrio|Stealth Rock|p1a: Metagross
|-sidestart|p1: ArchPhantom|move: Stealth Rock
|move|p1a: Metagross|Meteor Mash|p2a: Dugtrio|[miss]
|-miss|p1a: Metagross|p2a: Dugtrio
|
|turn|9
|
|move|p2a: Dugtrio|Earthquake|p1a: Metagross
|-supereffective|p1a: Metagross
|-damage|p1a: Metagross|0 fnt
|faint|p1a: Metagross
|
|c|âTricking|sorry O_O
|
|switch|p1a: Cresselia|Cresselia, F|444\/444
|-damage|p1a: Cresselia|389\/444|[from] Stealth Rock
|turn|10
|
|move|p2a: Dugtrio|Memento|p1a: Cresselia
|-unboost|p1a: Cresselia|atk|2
|-unboost|p1a: Cresselia|spa|2
|faint|p2a: Dugtrio
|move|p1a: Cresselia|Psyshock|p2: Dugtrio|[notarget]
|-notarget
|
|-heal|p1a: Cresselia|416\/444|[from] item: Leftovers
|c|âArchPhantom|it's ok
|
|switch|p2a: Chesnaught|Chesnaught, F|317\/317
|turn|11
|
|switch|p1a: Rhyperior|Rhyperior, F|424\/424
|-damage|p1a: Rhyperior|398\/424|[from] Stealth Rock
|move|p2a: Chesnaught|Substitute|p2a: Chesnaught
|-start|p2a: Chesnaught|Substitute
|-damage|p2a: Chesnaught|238\/317
|
|-heal|p1a: Rhyperior|424\/424|[from] item: Leftovers
|turn|12
|
|move|p2a: Chesnaught|Belly Drum|p2a: Chesnaught
|-damage|p2a: Chesnaught|80\/317
|-setboost|p2a: Chesnaught|atk|6|[from] move: Belly Drum
|move|p1a: Rhyperior|Roar|p2a: Chesnaught
|drag|p2a: Diancie|Diancie|303\/303
|
|turn|13
|c|âTricking|damn
|
|switch|p2a: Chesnaught|Chesnaught, F|80\/317
|move|p1a: Rhyperior|Earthquake|p2a: Chesnaught
|-resisted|p2a: Chesnaught
|-damage|p2a: Chesnaught|14\/317
|-enditem|p2a: Chesnaught|Salac Berry|[eat]
|-boost|p2a: Chesnaught|spe|1|[from] item: Salac Berry
|
|turn|14
|
|switch|p1a: Tentacruel|Tentacruel, M|364\/364
|-damage|p1a: Tentacruel|319\/364|[from] Stealth Rock
|move|p2a: Chesnaught|Seed Bomb|p1a: Tentacruel
|-damage|p1a: Tentacruel|193\/364
|
|-heal|p1a: Tentacruel|215\/364|[from] item: Black Sludge
|turn|15
|
|switch|p1a: Cresselia|Cresselia, F|416\/444
|-damage|p1a: Cresselia|361\/444|[from] Stealth Rock
|move|p2a: Chesnaught|Seed Bomb|p1a: Cresselia
|-damage|p1a: Cresselia|259\/444
|
|-heal|p1a: Cresselia|286\/444|[from] item: Leftovers
|turn|16
|
|move|p2a: Chesnaught|Seed Bomb|p1a: Cresselia
|-damage|p1a: Cresselia|184\/444
|move|p1a: Cresselia|Moonlight|p1a: Cresselia
|-heal|p1a: Cresselia|406\/444
|
|-heal|p1a: Cresselia|433\/444|[from] item: Leftovers
|turn|17
|
|move|p2a: Chesnaught|Seed Bomb|p1a: Cresselia
|-damage|p1a: Cresselia|316\/444
|move|p1a: Cresselia|Psyshock|p2a: Chesnaught
|-supereffective|p2a: Chesnaught
|-damage|p2a: Chesnaught|0 fnt
|faint|p2a: Chesnaught
|
|-heal|p1a: Cresselia|343\/444|[from] item: Leftovers
|
|switch|p2a: Slurpuff|Slurpuff, M|306\/306
|turn|18
|
|move|p2a: Slurpuff|Substitute|p2a: Slurpuff
|-start|p2a: Slurpuff|Substitute
|-damage|p2a: Slurpuff|230\/306
|move|p1a: Cresselia|Thunder Wave|p2a: Slurpuff
|
|-heal|p1a: Cresselia|370\/444|[from] item: Leftovers
|turn|19
|
|switch|p1a: Rhyperior|Rhyperior, F|424\/424
|-damage|p1a: Rhyperior|398\/424|[from] Stealth Rock
|move|p2a: Slurpuff|Belly Drum|p2a: Slurpuff
|-damage|p2a: Slurpuff|77\/306
|-setboost|p2a: Slurpuff|atk|6|[from] move: Belly Drum
|-enditem|p2a: Slurpuff|Sitrus Berry|[eat]
|-heal|p2a: Slurpuff|153\/306|[from] item: Sitrus Berry
|
|-heal|p1a: Rhyperior|424\/424|[from] item: Leftovers
|turn|20
|
|move|p2a: Slurpuff|Play Rough|p1a: Rhyperior
|-damage|p1a: Rhyperior|112\/424
|move|p1a: Rhyperior|Roar|p2a: Slurpuff
|drag|p2a: Diancie|Diancie|303\/303
|
|-heal|p1a: Rhyperior|138\/424|[from] item: Leftovers
|turn|21
|c|âArchPhantom|Phew
|c|âArchPhantom|.cri
|c|âTricking|lmao
|
|switch|p1a: Cresselia|Cresselia, F|370\/444
|-damage|p1a: Cresselia|315\/444|[from] Stealth Rock
|move|p2a: Diancie|Trick Room|p2a: Diancie
|-fieldstart|move: Trick Room|[of] p2a: Diancie
|
|-heal|p1a: Cresselia|342\/444|[from] item: Leftovers
|turn|22
|
|move|p2a: Diancie|Explosion|p1a: Cresselia
|-enditem|p2a: Diancie|Normal Gem|[from] gem|[move] Explosion
|-damage|p1a: Cresselia|65\/444
|faint|p2a: Diancie
|move|p1a: Cresselia|Thunder Wave|p2: Diancie|[notarget]
|-notarget
|
|-heal|p1a: Cresselia|92\/444|[from] item: Leftovers
|c|âTricking|gg man
|c|âArchPhantom|gg :]
|
|switch|p2a: Slurpuff|Slurpuff, M|153\/306
|turn|23
|
|switch|p1a: Rhyperior|Rhyperior, F|138\/424
|-damage|p1a: Rhyperior|112\/424|[from] Stealth Rock
|move|p2a: Slurpuff|Play Rough|p1a: Rhyperior
|-damage|p1a: Rhyperior|34\/424
|
|-heal|p1a: Rhyperior|60\/424|[from] item: Leftovers
|turn|24
|
|move|p1a: Rhyperior|Earthquake|p2a: Slurpuff
|-damage|p2a: Slurpuff|0 fnt
|faint|p2a: Slurpuff
|
|win|ArchPhantom