|join|MuhFugginMoose
|join|ArchPhantom
|player|p1|MuhFugginMoose|146
|player|p2|ArchPhantom|222
|gametype|singles
|gen|6
|tier|OU
|clearpoke
|poke|p1|Landorus-Therian, M, shiny
|poke|p1|Lopunny, F
|poke|p1|Manaphy
|poke|p1|Zapdos
|poke|p1|Heatran, M
|poke|p1|Celebi
|poke|p2|Metagross
|poke|p2|Keldeo
|poke|p2|Ferrothorn, M
|poke|p2|Latios, M
|poke|p2|Heatran, M
|poke|p2|Landorus-Therian, M
|rule|Swagger Clause: Swagger is banned
|rule|Baton Pass Clause: Limit one PokÃ©mon knowing Baton Pass
|rule|Sleep Clause Mod: Limit one foe put to sleep
|rule|Species Clause: Limit one of each PokÃ©mon
|rule|OHKO Clause: OHKO moves are banned
|rule|Moody Clause: Moody is banned
|rule|Evasion Moves Clause: Evasion moves are banned
|rule|Endless Battle Clause: Forcing endless battles is banned
|rule|HP Percentage Mod: HP is shown in percentages
|teampreview
|c|âArchPhantom|glhf
|c|âMuhFugginMoose|welp, gg
|c|âMuhFugginMoose|lol
|c|âArchPhantom|why lol
|c|âMuhFugginMoose|dat megagross.
|c|âMuhFugginMoose|you 2
|c|âArchPhantom|U got the power in the back
|
|start
|switch|p1a: Habits|Landorus-Therian, M, shiny|341\/341
|switch|p2a: Keldeo|Keldeo|323\/323
|-ability|p1a: Habits|Intimidate|[of] p2a: Keldeo
|-unboost|p2a: Keldeo|atk|1
|turn|1
|
|switch|p1a: Rather Be|Celebi|403\/403
|switch|p2a: Landorus-Therian|Landorus-Therian, M|379\/379
|-ability|p2a: Landorus-Therian|Intimidate|[of] p1a: Rather Be
|-unboost|p1a: Rather Be|atk|1
|
|turn|2
|
|switch|p1a: Habits|Landorus-Therian, M, shiny|341\/341
|-ability|p1a: Habits|Intimidate|[of] p2a: Landorus-Therian
|-unboost|p2a: Landorus-Therian|atk|1
|move|p2a: Landorus-Therian|Stealth Rock|p1a: Habits
|-sidestart|p1: MuhFugginMoose|move: Stealth Rock
|
|turn|3
|
|move|p1a: Habits|U-turn|p2a: Landorus-Therian
|-resisted|p2a: Landorus-Therian
|-damage|p2a: Landorus-Therian|344\/379
|
|switch|p1a: Diamond|Zapdos|383\/383
|-damage|p1a: Diamond|288\/383|[from] Stealth Rock
|-ability|p1a: Diamond|Pressure
|move|p2a: Landorus-Therian|U-turn|p1a: Diamond
|-resisted|p1a: Diamond
|-damage|p1a: Diamond|265\/383
|
|switch|p2a: Latios|Latios, M|301\/301
|
|-heal|p1a: Diamond|288\/383|[from] item: Leftovers
|turn|4
|
|switch|p1a: Arcades|Heatran, M|337\/337
|-damage|p1a: Arcades|295\/337|[from] Stealth Rock
|-item|p1a: Arcades|Air Balloon
|move|p2a: Latios|Calm Mind|p2a: Latios
|-boost|p2a: Latios|spa|1
|-boost|p2a: Latios|spd|1
|
|turn|5
|c|âMuhFugginMoose|welp. . .
|
|move|p2a: Latios|Psyshock|p1a: Arcades
|-resisted|p1a: Arcades
|-damage|p1a: Arcades|162\/337
|-enditem|p1a: Arcades|Air Balloon
|-damage|p2a: Latios|271\/301|[from] item: Life Orb
|move|p1a: Arcades|Stealth Rock|p2a: Latios
|-sidestart|p2: ArchPhantom|move: Stealth Rock
|
|turn|6
|
|move|p2a: Latios|Psyshock|p1a: Arcades
|-resisted|p1a: Arcades
|-damage|p1a: Arcades|28\/337
|-damage|p2a: Latios|241\/301|[from] item: Life Orb
|move|p1a: Arcades|Flash Cannon|p2a: Latios
|-damage|p2a: Latios|151\/301
|
|turn|7
|
|move|p2a: Latios|Calm Mind|p2a: Latios
|-boost|p2a: Latios|spa|1
|-boost|p2a: Latios|spd|1
|move|p1a: Arcades|Flash Cannon|p2a: Latios
|-damage|p2a: Latios|87\/301
|
|turn|8
|
|move|p2a: Latios|Roost|p2a: Latios
|-heal|p2a: Latios|238\/301
|move|p1a: Arcades|Lava Plume|p2a: Latios
|-resisted|p2a: Latios
|-damage|p2a: Latios|202\/301
|
|turn|9
|
|move|p2a: Latios|Psyshock|p1a: Arcades
|-resisted|p1a: Arcades
|-damage|p1a: Arcades|0 fnt
|-damage|p2a: Latios|172\/301|[from] item: Life Orb
|faint|p1a: Arcades
|
|
|switch|p1a: Habits|Landorus-Therian, M, shiny|341\/341
|-damage|p1a: Habits|299\/341|[from] Stealth Rock
|-ability|p1a: Habits|Intimidate|[of] p2a: Latios
|-unboost|p2a: Latios|atk|1
|turn|10
|
|switch|p2a: Metagross|Metagross|301\/301
|-damage|p2a: Metagross|283\/301|[from] Stealth Rock
|move|p1a: Habits|U-turn|p2a: Metagross
|-damage|p2a: Metagross|208\/301
|
|switch|p1a: Breathe This Air|Manaphy|365\/365
|-damage|p1a: Breathe This Air|320\/365|[from] Stealth Rock
|
|-heal|p1a: Breathe This Air|342\/365|[from] item: Leftovers
|turn|11
|
|detailschange|p2a: Metagross|Metagross-Mega
|-mega|p2a: Metagross|Metagross|Metagrossite
|move|p1a: Breathe This Air|Scald|p2a: Metagross
|-damage|p2a: Metagross|96\/301
|-status|p2a: Metagross|brn
|move|p2a: Metagross|Zen Headbutt|p1a: Breathe This Air
|-crit|p1a: Breathe This Air
|-damage|p1a: Breathe This Air|179\/365
|
|-heal|p1a: Breathe This Air|201\/365|[from] item: Leftovers
|-damage|p2a: Metagross|59\/301 brn|[from] brn
|turn|12
|c|âArchPhantom|Omg
|c|âArchPhantom|of course
|c|âArchPhantom|lol
|c|âMuhFugginMoose|the save!
|c|âMuhFugginMoose|lol
|
|switch|p2a: Latios|Latios, M|172\/301
|-damage|p2a: Latios|135\/301|[from] Stealth Rock
|switch|p1a: Rather Be|Celebi|403\/403
|-damage|p1a: Rather Be|353\/403|[from] Stealth Rock
|
|-heal|p1a: Rather Be|378\/403|[from] item: Leftovers
|turn|13
|
|move|p2a: Latios|Roost|p2a: Latios
|-heal|p2a: Latios|286\/301
|move|p1a: Rather Be|Baton Pass|p1a: Rather Be
|
|switch|p1a: Habits|Landorus-Therian, M, shiny|299\/341
|-damage|p1a: Habits|257\/341|[from] Stealth Rock
|-ability|p1a: Habits|Intimidate|[of] p2a: Latios
|-unboost|p2a: Latios|atk|1
|
|turn|14
|
|switch|p2a: Heatran|Heatran, M|323\/323
|-damage|p2a: Heatran|283\/323|[from] Stealth Rock
|move|p1a: Habits|Knock Off|p2a: Heatran
|-damage|p2a: Heatran|156\/323
|-enditem|p2a: Heatran|Choice Scarf|[from] move: Knock Off|[of] p1a: Habits
|
|turn|15
|join|hashtagRjx
|
|switch|p1a: Breathe This Air|Manaphy|201\/365
|-damage|p1a: Breathe This Air|156\/365|[from] Stealth Rock
|switch|p2a: Latios|Latios, M|286\/301
|-damage|p2a: Latios|249\/301|[from] Stealth Rock
|
|-heal|p1a: Breathe This Air|178\/365|[from] item: Leftovers
|turn|16
|
|move|p2a: Latios|Calm Mind|p2a: Latios
|-boost|p2a: Latios|spa|1
|-boost|p2a: Latios|spd|1
|move|p1a: Breathe This Air|Scald|p2a: Latios
|-resisted|p2a: Latios
|-damage|p2a: Latios|210\/301
|
|-heal|p1a: Breathe This Air|200\/365|[from] item: Leftovers
|turn|17
|
|move|p2a: Latios|Psyshock|p1a: Breathe This Air
|-damage|p1a: Breathe This Air|0 fnt
|-damage|p2a: Latios|180\/301|[from] item: Life Orb
|faint|p1a: Breathe This Air
|
|
|switch|p1a: Habits|Landorus-Therian, M, shiny|257\/341
|-damage|p1a: Habits|215\/341|[from] Stealth Rock
|-ability|p1a: Habits|Intimidate|[of] p2a: Latios
|-unboost|p2a: Latios|atk|1
|turn|18
|
|switch|p2a: Heatran|Heatran, M|156\/323
|-damage|p2a: Heatran|116\/323|[from] Stealth Rock
|move|p1a: Habits|U-turn|p2a: Heatran
|-resisted|p2a: Heatran
|-damage|p2a: Heatran|93\/323
|
|switch|p1a: Lolita|Lopunny, F|272\/272
|-damage|p1a: Lolita|238\/272|[from] Stealth Rock
|
|turn|19
|
|detailschange|p1a: Lolita|Lopunny-Mega, F
|-mega|p1a: Lolita|Lopunny|Lopunnite
|move|p1a: Lolita|Power-Up Punch|p2a: Heatran
|-supereffective|p2a: Heatran
|-damage|p2a: Heatran|0 fnt
|-boost|p1a: Lolita|atk|1
|faint|p2a: Heatran
|
|
|switch|p2a: Landorus-Therian|Landorus-Therian, M|344\/379
|-damage|p2a: Landorus-Therian|297\/379|[from] Stealth Rock
|-ability|p2a: Landorus-Therian|Intimidate|[of] p1a: Lolita
|-unboost|p1a: Lolita|atk|1
|turn|20
|
|move|p1a: Lolita|Substitute|p1a: Lolita
|-start|p1a: Lolita|Substitute
|-damage|p1a: Lolita|170\/272
|move|p2a: Landorus-Therian|U-turn|p1a: Lolita
|-resisted|p1a: Lolita
|-activate|p1a: Lolita|Substitute|[damage]
|
|switch|p2a: Metagross|Metagross-Mega|59\/301 brn
|-damage|p2a: Metagross|41\/301 brn|[from] Stealth Rock
|
|-damage|p2a: Metagross|4\/301 brn|[from] brn
|turn|21
|
|move|p2a: Metagross|Bullet Punch|p1a: Lolita
|-end|p1a: Lolita|Substitute
|move|p1a: Lolita|Power-Up Punch|p2a: Metagross
|-damage|p2a: Metagross|0 fnt
|-boost|p1a: Lolita|atk|1
|faint|p2a: Metagross
|
|
|switch|p2a: Landorus-Therian|Landorus-Therian, M|297\/379
|-damage|p2a: Landorus-Therian|250\/379|[from] Stealth Rock
|-ability|p2a: Landorus-Therian|Intimidate|[of] p1a: Lolita
|-unboost|p1a: Lolita|atk|1
|turn|22
|
|switch|p1a: Habits|Landorus-Therian, M, shiny|215\/341
|-damage|p1a: Habits|173\/341|[from] Stealth Rock
|-ability|p1a: Habits|Intimidate|[of] p2a: Landorus-Therian
|-unboost|p2a: Landorus-Therian|atk|1
|move|p2a: Landorus-Therian|U-turn|p1a: Habits
|-resisted|p1a: Habits
|-damage|p1a: Habits|144\/341
|
|switch|p2a: Keldeo|Keldeo|323\/323
|-damage|p2a: Keldeo|303\/323|[from] Stealth Rock
|
|-heal|p2a: Keldeo|323\/323|[from] item: Leftovers
|turn|23
|
|move|p1a: Habits|U-turn|p2a: Keldeo
|-resisted|p2a: Keldeo
|-damage|p2a: Keldeo|272\/323
|
|switch|p1a: Rather Be|Celebi|378\/403
|-damage|p1a: Rather Be|328\/403|[from] Stealth Rock
|move|p2a: Keldeo|Calm Mind|p2a: Keldeo
|-boost|p2a: Keldeo|spa|1
|-boost|p2a: Keldeo|spd|1
|
|-heal|p2a: Keldeo|292\/323|[from] item: Leftovers
|-heal|p1a: Rather Be|353\/403|[from] item: Leftovers
|turn|24
|
|move|p2a: Keldeo|Scald|p1a: Rather Be
|-resisted|p1a: Rather Be
|-damage|p1a: Rather Be|268\/403
|move|p1a: Rather Be|Giga Drain|p2a: Keldeo
|-supereffective|p2a: Keldeo
|-damage|p2a: Keldeo|170\/323
|-heal|p1a: Rather Be|329\/403|[from] drain|[of] p2a: Keldeo
|
|-heal|p2a: Keldeo|190\/323|[from] item: Leftovers
|-heal|p1a: Rather Be|354\/403|[from] item: Leftovers
|turn|25
|
|move|p2a: Keldeo|Scald|p1a: Rather Be
|-resisted|p1a: Rather Be
|-damage|p1a: Rather Be|272\/403
|move|p1a: Rather Be|Baton Pass|p1a: Rather Be
|
|switch|p1a: Lolita|Lopunny-Mega, F|170\/272
|-damage|p1a: Lolita|153\/272|[from] Stealth Rock
|
|-heal|p2a: Keldeo|210\/323|[from] item: Leftovers
|turn|26
|
|switch|p2a: Landorus-Therian|Landorus-Therian, M|250\/379
|-damage|p2a: Landorus-Therian|203\/379|[from] Stealth Rock
|-ability|p2a: Landorus-Therian|Intimidate|[of] p1a: Lolita
|-unboost|p1a: Lolita|atk|1
|move|p1a: Lolita|Frustration|p2a: Landorus-Therian
|-damage|p2a: Landorus-Therian|100\/379
|
|-heal|p2a: Landorus-Therian|123\/379|[from] item: Leftovers
|turn|27
|
|switch|p1a: Diamond|Zapdos|288\/383
|-damage|p1a: Diamond|193\/383|[from] Stealth Rock
|-ability|p1a: Diamond|Pressure
|move|p2a: Landorus-Therian|Earthquake|p1a: Diamond
|-immune|p1a: Diamond|[msg]
|
|-heal|p1a: Diamond|216\/383|[from] item: Leftovers
|-heal|p2a: Landorus-Therian|146\/379|[from] item: Leftovers
|turn|28
|
|move|p1a: Diamond|Hidden Power|p2a: Landorus-Therian
|-supereffective|p2a: Landorus-Therian
|-damage|p2a: Landorus-Therian|0 fnt
|faint|p2a: Landorus-Therian
|
|-heal|p1a: Diamond|239\/383|[from] item: Leftovers
|leave|hashtagRjx
|c|âArchPhantom|it's over xD
|
|switch|p2a: Latios|Latios, M|180\/301
|-damage|p2a: Latios|143\/301|[from] Stealth Rock
|turn|29
|c|âMuhFugginMoose|lol, that was scary.
|
|move|p2a: Latios|Calm Mind|p2a: Latios
|-boost|p2a: Latios|spa|1
|-boost|p2a: Latios|spd|1
|move|p1a: Diamond|Hidden Power|p2a: Latios
|-supereffective|p2a: Latios
|-damage|p2a: Latios|71\/301
|
|-heal|p1a: Diamond|262\/383|[from] item: Leftovers
|turn|30
|
|move|p2a: Latios|Roost|p2a: Latios
|-heal|p2a: Latios|222\/301
|move|p1a: Diamond|Hidden Power|p2a: Latios
|-supereffective|p2a: Latios
|-damage|p2a: Latios|150\/301
|
|-heal|p1a: Diamond|285\/383|[from] item: Leftovers
|turn|31
|
|move|p2a: Latios|Calm Mind|p2a: Latios
|-boost|p2a: Latios|spa|1
|-boost|p2a: Latios|spd|1
|move|p1a: Diamond|Hidden Power|p2a: Latios
|-supereffective|p2a: Latios
|-damage|p2a: Latios|96\/301
|
|-heal|p1a: Diamond|308\/383|[from] item: Leftovers
|turn|32
|
|switch|p1a: Habits|Landorus-Therian, M, shiny|144\/341
|-damage|p1a: Habits|102\/341|[from] Stealth Rock
|-ability|p1a: Habits|Intimidate|[of] p2a: Latios
|-unboost|p2a: Latios|atk|1
|move|p2a: Latios|Roost|p2a: Latios
|-heal|p2a: Latios|247\/301
|
|turn|33
|
|move|p1a: Habits|Knock Off|p2a: Latios
|-supereffective|p2a: Latios
|-damage|p2a: Latios|0 fnt
|-enditem|p2a: Latios|Life Orb|[from] move: Knock Off|[of] p1a: Habits
|faint|p2a: Latios
|
|
|switch|p2a: Keldeo|Keldeo|210\/323
|-damage|p2a: Keldeo|190\/323|[from] Stealth Rock
|turn|34
|
|move|p1a: Habits|Knock Off|p2a: Keldeo
|-resisted|p2a: Keldeo
|-damage|p2a: Keldeo|125\/323
|-boost|p2a: Keldeo|atk|1|[from] ability: Justified
|-enditem|p2a: Keldeo|Leftovers|[from] move: Knock Off|[of] p1a: Habits
|move|p2a: Keldeo|Scald|p1a: Habits
|-supereffective|p1a: Habits
|-damage|p1a: Habits|0 fnt
|faint|p1a: Habits
|
|
|switch|p1a: Lolita|Lopunny-Mega, F|153\/272
|-damage|p1a: Lolita|136\/272|[from] Stealth Rock
|turn|35
|
|switch|p2a: Ferrothorn|Ferrothorn, M|352\/352
|-damage|p2a: Ferrothorn|330\/352|[from] Stealth Rock
|move|p1a: Lolita|Frustration|p2a: Ferrothorn
|-resisted|p2a: Ferrothorn
|-damage|p2a: Ferrothorn|264\/352
|-damage|p1a: Lolita|102\/272|[from] ability: Iron Barbs|[of] p2a: Ferrothorn
|
|-heal|p2a: Ferrothorn|286\/352|[from] item: Leftovers
|turn|36
|
|move|p1a: Lolita|Substitute|p1a: Lolita
|-start|p1a: Lolita|Substitute
|-damage|p1a: Lolita|34\/272
|move|p2a: Ferrothorn|Gyro Ball|p1a: Lolita
|-end|p1a: Lolita|Substitute
|
|-heal|p2a: Ferrothorn|308\/352|[from] item: Leftovers
|turn|37
|
|move|p1a: Lolita|Drain Punch|p2a: Ferrothorn
|-supereffective|p2a: Ferrothorn
|-damage|p2a: Ferrothorn|98\/352
|-heal|p1a: Lolita|139\/272|[from] drain|[of] p2a: Ferrothorn
|-damage|p1a: Lolita|105\/272|[from] ability: Iron Barbs|[of] p2a: Ferrothorn
|move|p2a: Ferrothorn|Gyro Ball|p1a: Lolita
|-damage|p1a: Lolita|0 fnt
|faint|p1a: Lolita
|
|-heal|p2a: Ferrothorn|120\/352|[from] item: Leftovers
|c|âMuhFugginMoose|welp.. .
|
|switch|p1a: Rather Be|Celebi|272\/403
|-damage|p1a: Rather Be|222\/403|[from] Stealth Rock
|turn|38
|
|move|p1a: Rather Be|Recover|p1a: Rather Be
|-heal|p1a: Rather Be|403\/403
|move|p2a: Ferrothorn|Spikes|p1a: Rather Be
|-sidestart|p1: MuhFugginMoose|Spikes
|
|-heal|p2a: Ferrothorn|142\/352|[from] item: Leftovers
|turn|39
|
|move|p1a: Rather Be|Nasty Plot|p1a: Rather Be
|-boost|p1a: Rather Be|spa|2
|move|p2a: Ferrothorn|Leech Seed|p1a: Rather Be
|-immune|p1a: Rather Be|[msg]
|
|-heal|p2a: Ferrothorn|164\/352|[from] item: Leftovers
|turn|40
|
|move|p1a: Rather Be|Nasty Plot|p1a: Rather Be
|-boost|p1a: Rather Be|spa|2
|move|p2a: Ferrothorn|Gyro Ball|p1a: Rather Be
|-damage|p1a: Rather Be|256\/403
|
|-heal|p1a: Rather Be|281\/403|[from] item: Leftovers
|-heal|p2a: Ferrothorn|186\/352|[from] item: Leftovers
|turn|41
|
|move|p1a: Rather Be|Nasty Plot|p1a: Rather Be
|-boost|p1a: Rather Be|spa|2
|move|p2a: Ferrothorn|Gyro Ball|p1a: Rather Be
|-damage|p1a: Rather Be|149\/403
|
|-heal|p1a: Rather Be|174\/403|[from] item: Leftovers
|-heal|p2a: Ferrothorn|208\/352|[from] item: Leftovers
|turn|42
|
|move|p1a: Rather Be|Recover|p1a: Rather Be
|-heal|p1a: Rather Be|376\/403
|move|p2a: Ferrothorn|Gyro Ball|p1a: Rather Be
|-damage|p1a: Rather Be|234\/403
|
|-heal|p1a: Rather Be|259\/403|[from] item: Leftovers
|-heal|p2a: Ferrothorn|230\/352|[from] item: Leftovers
|turn|43
|
|move|p1a: Rather Be|Recover|p1a: Rather Be
|-heal|p1a: Rather Be|403\/403
|move|p2a: Ferrothorn|Leech Seed|p1a: Rather Be
|-immune|p1a: Rather Be|[msg]
|
|-heal|p2a: Ferrothorn|252\/352|[from] item: Leftovers
|turn|44
|
|move|p1a: Rather Be|Giga Drain|p2a: Ferrothorn
|-resisted|p2a: Ferrothorn
|-damage|p2a: Ferrothorn|189\/352
|move|p2a: Ferrothorn|Leech Seed|p1a: Rather Be
|-immune|p1a: Rather Be|[msg]
|
|-heal|p2a: Ferrothorn|211\/352|[from] item: Leftovers
|turn|45
|
|move|p1a: Rather Be|Giga Drain|p2a: Ferrothorn
|-resisted|p2a: Ferrothorn
|-damage|p2a: Ferrothorn|144\/352
|move|p2a: Ferrothorn|Leech Seed|p1a: Rather Be
|-immune|p1a: Rather Be|[msg]
|
|-heal|p2a: Ferrothorn|166\/352|[from] item: Leftovers
|turn|46
|c|âMuhFugginMoose|that's sad. . .
|
|move|p1a: Rather Be|Giga Drain|p2a: Ferrothorn
|-resisted|p2a: Ferrothorn
|-damage|p2a: Ferrothorn|100\/352
|move|p2a: Ferrothorn|Gyro Ball|p1a: Rather Be
|-damage|p1a: Rather Be|267\/403
|
|-heal|p1a: Rather Be|292\/403|[from] item: Leftovers
|-heal|p2a: Ferrothorn|122\/352|[from] item: Leftovers
|turn|47
|
|move|p1a: Rather Be|Giga Drain|p2a: Ferrothorn
|-resisted|p2a: Ferrothorn
|-damage|p2a: Ferrothorn|61\/352
|-heal|p1a: Rather Be|323\/403|[from] drain|[of] p2a: Ferrothorn
|move|p2a: Ferrothorn|Gyro Ball|p1a: Rather Be
|-crit|p1a: Rather Be
|-damage|p1a: Rather Be|103\/403
|
|-heal|p1a: Rather Be|128\/403|[from] item: Leftovers
|-heal|p2a: Ferrothorn|83\/352|[from] item: Leftovers
|turn|48
|
|move|p1a: Rather Be|Recover|p1a: Rather Be
|-heal|p1a: Rather Be|330\/403
|move|p2a: Ferrothorn|Gyro Ball|p1a: Rather Be
|-damage|p1a: Rather Be|189\/403
|
|-heal|p1a: Rather Be|214\/403|[from] item: Leftovers
|-heal|p2a: Ferrothorn|105\/352|[from] item: Leftovers
|turn|49
|
|move|p1a: Rather Be|Giga Drain|p2a: Ferrothorn
|-resisted|p2a: Ferrothorn
|-damage|p2a: Ferrothorn|38\/352
|-heal|p1a: Rather Be|248\/403|[from] drain|[of] p2a: Ferrothorn
|move|p2a: Ferrothorn|Power Whip|p1a: Rather Be|[miss]
|-miss|p2a: Ferrothorn|p1a: Rather Be
|
|-heal|p1a: Rather Be|273\/403|[from] item: Leftovers
|-heal|p2a: Ferrothorn|60\/352|[from] item: Leftovers
|turn|50
|
|move|p1a: Rather Be|Giga Drain|p2a: Ferrothorn
|-resisted|p2a: Ferrothorn
|-damage|p2a: Ferrothorn|0 fnt
|-heal|p1a: Rather Be|303\/403|[from] drain|[of] p2a: Ferrothorn
|faint|p2a: Ferrothorn
|
|-heal|p1a: Rather Be|328\/403|[from] item: Leftovers
|
|switch|p2a: Keldeo|Keldeo|125\/323
|-damage|p2a: Keldeo|105\/323|[from] Stealth Rock
|turn|51
|c|âArchPhantom|Super crit here
|c|âMuhFugginMoose|lol
|
|move|p2a: Keldeo|Secret Sword|p1a: Rather Be
|-resisted|p1a: Rather Be
|-damage|p1a: Rather Be|262\/403
|move|p1a: Rather Be|Giga Drain|p2a: Keldeo
|-supereffective|p2a: Keldeo
|-damage|p2a: Keldeo|0 fnt
|-heal|p1a: Rather Be|315\/403|[from] drain|[of] p2a: Keldeo
|faint|p2a: Keldeo
|
|win|MuhFugginMoose
|c|âArchPhantom|gg
|c|âArchPhantom|:]
|c|âMuhFugginMoose|gg bud. :)
|join|looiiyut
|leave|ArchPhantom
|player|p2