|join|A7berto
|join|ArchPhantom
|player|p1|A7berto|210
|player|p2|ArchPhantom|222
|gametype|singles
|gen|6
|tier|OU (suspect test)
|rated
|clearpoke
|poke|p1|Camerupt, M
|poke|p1|Clefable, M
|poke|p1|Tyranitar, F
|poke|p1|Breloom, F
|poke|p1|Mandibuzz, F
|poke|p1|Manaphy
|poke|p2|Manaphy
|poke|p2|Charizard, M
|poke|p2|Amoonguss, F
|poke|p2|Rotom-Wash
|poke|p2|Empoleon, M
|poke|p2|Landorus-Therian, M
|rule|Swagger Clause: Swagger is banned
|rule|Baton Pass Clause: Limit one PokÃ©mon knowing Baton Pass
|rule|Sleep Clause Mod: Limit one foe put to sleep
|rule|Species Clause: Limit one of each PokÃ©mon
|rule|OHKO Clause: OHKO moves are banned
|rule|Moody Clause: Moody is banned
|rule|Evasion Moves Clause: Evasion moves are banned
|rule|Endless Battle Clause: Forcing endless battles is banned
|rule|HP Percentage Mod: HP is shown in percentages
|teampreview
|
|start
|switch|p1a: Breloom|Breloom, F|323\/323
|switch|p2a: Landorus-Therian|Landorus-Therian, M|319\/319
|-ability|p2a: Landorus-Therian|Intimidate|[of] p1a: Breloom
|-unboost|p1a: Breloom|atk|1
|turn|1
|
|move|p2a: Landorus-Therian|U-turn|p1a: Breloom
|-damage|p1a: Breloom|216\/323
|
|switch|p2a: Amoonguss|Amoonguss, F|429\/429
|move|p1a: Breloom|Spore|p2a: Amoonguss
|-fail|p2a: Amoonguss
|
|-status|p1a: Breloom|tox|[from] item: Toxic Orb
|turn|2
|
|switch|p1a: Mandibuzz|Mandibuzz, F|424\/424
|switch|p2a: Charizard|Charizard, M|297\/297
|
|turn|3
|
|move|p2a: Charizard|Will-O-Wisp|p1a: Mandibuzz
|-status|p1a: Mandibuzz|brn
|move|p1a: Mandibuzz|Foul Play|p2a: Charizard
|-damage|p2a: Charizard|248\/297
|
|-damage|p1a: Mandibuzz|371\/424 brn|[from] brn
|turn|4
|
|switch|p1a: Tyranitar|Tyranitar, F|404\/404
|-weather|Sandstorm
|detailschange|p2a: Charizard|Charizard-Mega-Y, M
|-mega|p2a: Charizard|Charizard|Charizardite Y
|-weather|SunnyDay
|move|p2a: Charizard|Fire Blast|p1a: Tyranitar
|-resisted|p1a: Tyranitar
|-damage|p1a: Tyranitar|294\/404
|
|-weather|SunnyDay|[upkeep]
|turn|5
|
|move|p2a: Charizard|Will-O-Wisp|p1a: Tyranitar
|-status|p1a: Tyranitar|brn
|move|p1a: Tyranitar|Pursuit|p2a: Charizard
|-damage|p2a: Charizard|202\/297
|
|-weather|SunnyDay|[upkeep]
|-damage|p1a: Tyranitar|244\/404 brn|[from] brn
|turn|6
|
|move|p2a: Charizard|Roost|p2a: Charizard
|-heal|p2a: Charizard|297\/297
|move|p1a: Tyranitar|Stone Edge|p2a: Charizard
|-supereffective|p2a: Charizard
|-damage|p2a: Charizard|97\/297
|
|-weather|SunnyDay|[upkeep]
|-damage|p1a: Tyranitar|194\/404 brn|[from] brn
|turn|7
|
|move|p2a: Charizard|Roost|p2a: Charizard
|-heal|p2a: Charizard|246\/297
|move|p1a: Tyranitar|Stone Edge|p2a: Charizard
|-supereffective|p2a: Charizard
|-damage|p2a: Charizard|46\/297
|
|-weather|SunnyDay|[upkeep]
|-damage|p1a: Tyranitar|144\/404 brn|[from] brn
|turn|8
|
|move|p2a: Charizard|Earthquake|p1a: Tyranitar
|-supereffective|p1a: Tyranitar
|-damage|p1a: Tyranitar|34\/404 brn
|move|p1a: Tyranitar|Crunch|p2a: Charizard
|-damage|p2a: Charizard|0 fnt
|faint|p2a: Charizard
|
|-weather|none
|-damage|p1a: Tyranitar|0 fnt|[from] brn
|faint|p1a: Tyranitar
|
|switch|p2a: Manaphy|Manaphy|365\/365
|switch|p1a: Breloom|Breloom, F|216\/323 tox
|turn|9
|
|switch|p2a: Amoonguss|Amoonguss, F|429\/429
|switch|p1a: Clefable|Clefable, M|394\/394
|
|turn|10
|
|switch|p1a: Mandibuzz|Mandibuzz, F|371\/424 brn
|move|p2a: Amoonguss|Spore|p1a: Mandibuzz
|-fail|p1a: Mandibuzz
|
|-heal|p1a: Mandibuzz|397\/424 brn|[from] item: Leftovers
|-damage|p1a: Mandibuzz|344\/424 brn|[from] brn
|turn|11
|
|switch|p2a: Manaphy|Manaphy|365\/365
|move|p1a: Mandibuzz|Brave Bird|p2a: Manaphy
|-damage|p2a: Manaphy|313\/365
|-damage|p1a: Mandibuzz|327\/424 brn|[from] recoil|[of] p2a: Manaphy
|
|-heal|p2a: Manaphy|335\/365|[from] item: Leftovers
|-heal|p1a: Mandibuzz|353\/424 brn|[from] item: Leftovers
|-damage|p1a: Mandibuzz|300\/424 brn|[from] brn
|turn|12
|
|switch|p1a: Manaphy|Manaphy|404\/404
|move|p2a: Manaphy|Rain Dance|p2a: Manaphy
|-weather|RainDance
|
|-weather|RainDance|[upkeep]
|-heal|p2a: Manaphy|357\/365|[from] item: Leftovers
|turn|13
|
|move|p2a: Manaphy|Tail Glow|p2a: Manaphy
|-boost|p2a: Manaphy|spa|3
|move|p1a: Manaphy|Calm Mind|p1a: Manaphy
|-boost|p1a: Manaphy|spa|1
|-boost|p1a: Manaphy|spd|1
|
|-weather|RainDance|[upkeep]
|-heal|p2a: Manaphy|365\/365|[from] item: Leftovers
|turn|14
|
|move|p2a: Manaphy|Energy Ball|p1a: Manaphy
|-supereffective|p1a: Manaphy
|-damage|p1a: Manaphy|82\/404
|move|p1a: Manaphy|Calm Mind|p1a: Manaphy
|-boost|p1a: Manaphy|spa|1
|-boost|p1a: Manaphy|spd|1
|
|-weather|RainDance|[upkeep]
|-heal|p1a: Manaphy|107\/404|[from] item: Leftovers
|turn|15
|
|switch|p1a: Clefable|Clefable, M|394\/394
|move|p2a: Manaphy|Energy Ball|p1a: Clefable
|-damage|p1a: Clefable|294\/394
|
|-weather|RainDance|[upkeep]
|-heal|p1a: Clefable|318\/394|[from] item: Leftovers
|turn|16
|
|move|p2a: Manaphy|Scald|p1a: Clefable
|-damage|p1a: Clefable|126\/394
|move|p1a: Clefable|Calm Mind|p1a: Clefable
|-boost|p1a: Clefable|spa|1
|-boost|p1a: Clefable|spd|1
|
|-weather|none
|-heal|p1a: Clefable|150\/394|[from] item: Leftovers
|turn|17
|
|move|p2a: Manaphy|Rain Dance|p2a: Manaphy
|-weather|RainDance
|move|p1a: Clefable|Moonlight|p1a: Clefable
|-heal|p1a: Clefable|248\/394
|
|-weather|RainDance|[upkeep]
|-heal|p1a: Clefable|272\/394|[from] item: Leftovers
|turn|18
|
|move|p2a: Manaphy|Scald|p1a: Clefable
|-damage|p1a: Clefable|140\/394
|move|p1a: Clefable|Calm Mind|p1a: Clefable
|-boost|p1a: Clefable|spa|1
|-boost|p1a: Clefable|spd|1
|
|-weather|RainDance|[upkeep]
|-heal|p1a: Clefable|164\/394|[from] item: Leftovers
|turn|19
|
|move|p2a: Manaphy|Scald|p1a: Clefable
|-damage|p1a: Clefable|64\/394
|move|p1a: Clefable|Moonlight|p1a: Clefable
|-heal|p1a: Clefable|162\/394
|
|-weather|RainDance|[upkeep]
|-heal|p1a: Clefable|186\/394|[from] item: Leftovers
|turn|20
|
|move|p2a: Manaphy|Scald|p1a: Clefable
|-damage|p1a: Clefable|84\/394
|move|p1a: Clefable|Moonlight|p1a: Clefable
|-heal|p1a: Clefable|182\/394
|
|-weather|RainDance|[upkeep]
|-heal|p1a: Clefable|206\/394|[from] item: Leftovers
|turn|21
|
|move|p2a: Manaphy|Scald|p1a: Clefable
|-damage|p1a: Clefable|106\/394
|move|p1a: Clefable|Moonlight|p1a: Clefable
|-heal|p1a: Clefable|204\/394
|
|-weather|none
|-heal|p1a: Clefable|228\/394|[from] item: Leftovers
|turn|22
|
|switch|p2a: Amoonguss|Amoonguss, F|429\/429
|move|p1a: Clefable|Moonblast|p2a: Amoonguss
|-resisted|p2a: Amoonguss
|-damage|p2a: Amoonguss|325\/429
|
|-heal|p1a: Clefable|252\/394|[from] item: Leftovers
|-heal|p2a: Amoonguss|351\/429|[from] item: Black Sludge
|turn|23
|
|move|p1a: Clefable|Flamethrower|p2a: Amoonguss
|-supereffective|p2a: Amoonguss
|-damage|p2a: Amoonguss|93\/429
|move|p2a: Amoonguss|Clear Smog|p1a: Clefable
|-supereffective|p1a: Clefable
|-damage|p1a: Clefable|192\/394
|-clearboost|p1a: Clefable
|
|-heal|p1a: Clefable|216\/394|[from] item: Leftovers
|-heal|p2a: Amoonguss|119\/429|[from] item: Black Sludge
|turn|24
|
|switch|p2a: Empoleon|Empoleon, M|372\/372
|move|p1a: Clefable|Flamethrower|p2a: Empoleon
|-damage|p2a: Empoleon|327\/372
|
|-heal|p2a: Empoleon|350\/372|[from] item: Leftovers
|-heal|p1a: Clefable|240\/394|[from] item: Leftovers
|turn|25
|
|switch|p1a: Breloom|Breloom, F|216\/323 tox
|move|p2a: Empoleon|Stealth Rock|p1a: Breloom
|-sidestart|p1: A7berto|move: Stealth Rock
|
|-heal|p2a: Empoleon|372\/372|[from] item: Leftovers
|-heal|p1a: Breloom|256\/323 tox|[from] ability: Poison Heal
|turn|26
|
|switch|p1a: Mandibuzz|Mandibuzz, F|300\/424 brn
|-damage|p1a: Mandibuzz|194\/424 brn|[from] Stealth Rock
|switch|p2a: Amoonguss|Amoonguss, F|262\/429
|
|-heal|p1a: Mandibuzz|220\/424 brn|[from] item: Leftovers
|-heal|p2a: Amoonguss|288\/429|[from] item: Black Sludge
|-damage|p1a: Mandibuzz|167\/424 brn|[from] brn
|turn|27
|
|switch|p2a: Manaphy|Manaphy|365\/365
|move|p1a: Mandibuzz|Defog|p2a: Manaphy
|-unboost|p2a: Manaphy|evasion|1
|-sideend|p1: A7berto|Stealth Rock|[from] move: Defog|[of] p1a: Mandibuzz
|
|-heal|p1a: Mandibuzz|193\/424 brn|[from] item: Leftovers
|-damage|p1a: Mandibuzz|140\/424 brn|[from] brn
|turn|28
|
|switch|p1a: Breloom|Breloom, F|256\/323 tox
|move|p2a: Manaphy|Rain Dance|p2a: Manaphy
|-weather|RainDance
|
|-weather|RainDance|[upkeep]
|-heal|p1a: Breloom|296\/323 tox|[from] ability: Poison Heal
|turn|29
|
|switch|p2a: Amoonguss|Amoonguss, F|429\/429
|move|p1a: Breloom|Seed Bomb|p2a: Amoonguss
|-crit|p2a: Amoonguss
|-resisted|p2a: Amoonguss
|-damage|p2a: Amoonguss|379\/429
|
|-weather|RainDance|[upkeep]
|-heal|p2a: Amoonguss|405\/429|[from] item: Black Sludge
|-heal|p1a: Breloom|323\/323 tox|[from] ability: Poison Heal
|turn|30
|
|switch|p1a: Mandibuzz|Mandibuzz, F|140\/424 brn
|switch|p2a: Manaphy|Manaphy|365\/365
|
|-weather|RainDance|[upkeep]
|-heal|p1a: Mandibuzz|166\/424 brn|[from] item: Leftovers
|-damage|p1a: Mandibuzz|113\/424 brn|[from] brn
|turn|31
|
|switch|p1a: Breloom|Breloom, F|323\/323 tox
|move|p2a: Manaphy|Scald|p1a: Breloom
|-resisted|p1a: Breloom
|-damage|p1a: Breloom|215\/323 tox
|
|-weather|RainDance|[upkeep]
|-heal|p1a: Breloom|255\/323 tox|[from] ability: Poison Heal
|turn|32
|
|switch|p2a: Amoonguss|Amoonguss, F|429\/429
|move|p1a: Breloom|Spore|p2a: Amoonguss
|-fail|p2a: Amoonguss
|
|-weather|none
|-heal|p1a: Breloom|295\/323 tox|[from] ability: Poison Heal
|turn|33
|
|switch|p1a: Mandibuzz|Mandibuzz, F|113\/424 brn
|move|p2a: Amoonguss|Clear Smog|p1a: Mandibuzz
|-damage|p1a: Mandibuzz|62\/424 brn
|-clearboost|p1a: Mandibuzz
|
|-heal|p1a: Mandibuzz|88\/424 brn|[from] item: Leftovers
|-damage|p1a: Mandibuzz|35\/424 brn|[from] brn
|turn|34
|
|switch|p2a: Rotom-Wash|Rotom-Wash|303\/303
|move|p1a: Mandibuzz|Roost|p1a: Mandibuzz
|-heal|p1a: Mandibuzz|247\/424 brn
|
|-heal|p1a: Mandibuzz|273\/424 brn|[from] item: Leftovers
|-damage|p1a: Mandibuzz|220\/424 brn|[from] brn
|turn|35
|
|switch|p1a: Breloom|Breloom, F|295\/323 tox
|move|p2a: Rotom-Wash|Volt Switch|p1a: Breloom
|-crit|p1a: Breloom
|-resisted|p1a: Breloom
|-damage|p1a: Breloom|223\/323 tox
|
|switch|p2a: Amoonguss|Amoonguss, F|429\/429
|
|-heal|p1a: Breloom|263\/323 tox|[from] ability: Poison Heal
|turn|36
|
|switch|p1a: Mandibuzz|Mandibuzz, F|220\/424 brn
|move|p2a: Amoonguss|Clear Smog|p1a: Mandibuzz
|-damage|p1a: Mandibuzz|172\/424 brn
|-clearboost|p1a: Mandibuzz
|
|-heal|p1a: Mandibuzz|198\/424 brn|[from] item: Leftovers
|-damage|p1a: Mandibuzz|145\/424 brn|[from] brn
|turn|37
|
|switch|p2a: Manaphy|Manaphy|365\/365
|move|p1a: Mandibuzz|Roost|p1a: Mandibuzz
|-heal|p1a: Mandibuzz|357\/424 brn
|
|-heal|p1a: Mandibuzz|383\/424 brn|[from] item: Leftovers
|-damage|p1a: Mandibuzz|330\/424 brn|[from] brn
|turn|38
|
|switch|p1a: Breloom|Breloom, F|263\/323 tox
|move|p2a: Manaphy|Rain Dance|p2a: Manaphy
|-weather|RainDance
|
|-weather|RainDance|[upkeep]
|-heal|p1a: Breloom|303\/323 tox|[from] ability: Poison Heal
|turn|39
|
|switch|p2a: Amoonguss|Amoonguss, F|429\/429
|move|p1a: Breloom|Seed Bomb|p2a: Amoonguss
|-resisted|p2a: Amoonguss
|-damage|p2a: Amoonguss|401\/429
|
|-weather|RainDance|[upkeep]
|-heal|p2a: Amoonguss|427\/429|[from] item: Black Sludge
|-heal|p1a: Breloom|323\/323 tox|[from] ability: Poison Heal
|turn|40
|
|move|p1a: Breloom|Spore|p2a: Amoonguss
|-fail|p2a: Amoonguss
|move|p2a: Amoonguss|Clear Smog|p1a: Breloom
|-supereffective|p1a: Breloom
|-damage|p1a: Breloom|209\/323 tox
|-clearboost|p1a: Breloom
|
|-weather|RainDance|[upkeep]
|-heal|p2a: Amoonguss|429\/429|[from] item: Black Sludge
|-heal|p1a: Breloom|249\/323 tox|[from] ability: Poison Heal
|turn|41
|
|switch|p1a: Mandibuzz|Mandibuzz, F|330\/424 brn
|switch|p2a: Manaphy|Manaphy|365\/365
|
|-weather|RainDance|[upkeep]
|-heal|p1a: Mandibuzz|356\/424 brn|[from] item: Leftovers
|-damage|p1a: Mandibuzz|303\/424 brn|[from] brn
|turn|42
|
|switch|p1a: Breloom|Breloom, F|249\/323 tox
|move|p2a: Manaphy|Tail Glow|p2a: Manaphy
|-boost|p2a: Manaphy|spa|3
|
|-weather|none
|-heal|p1a: Breloom|289\/323 tox|[from] ability: Poison Heal
|turn|43
|
|switch|p2a: Amoonguss|Amoonguss, F|429\/429
|move|p1a: Breloom|Spore|p2a: Amoonguss
|-fail|p2a: Amoonguss
|
|-heal|p1a: Breloom|323\/323 tox|[from] ability: Poison Heal
|turn|44
|
|switch|p1a: Camerupt|Camerupt, M|331\/331
|move|p2a: Amoonguss|Spore|p1a: Camerupt
|-status|p1a: Camerupt|slp
|
|turn|45
|
|switch|p1a: Mandibuzz|Mandibuzz, F|303\/424 brn
|switch|p2a: Empoleon|Empoleon, M|372\/372
|
|-heal|p1a: Mandibuzz|329\/424 brn|[from] item: Leftovers
|-damage|p1a: Mandibuzz|276\/424 brn|[from] brn
|turn|46
|
|move|p1a: Mandibuzz|Roost|p1a: Mandibuzz
|-heal|p1a: Mandibuzz|424\/424 brn
|move|p2a: Empoleon|Stealth Rock|p1a: Mandibuzz
|-sidestart|p1: A7berto|move: Stealth Rock
|
|-damage|p1a: Mandibuzz|371\/424 brn|[from] brn
|turn|47
|
|move|p1a: Mandibuzz|Defog|p2a: Empoleon
|-unboost|p2a: Empoleon|evasion|1
|-sideend|p1: A7berto|Stealth Rock|[from] move: Defog|[of] p1a: Mandibuzz
|move|p2a: Empoleon|Stealth Rock|p1a: Mandibuzz
|-sidestart|p1: A7berto|move: Stealth Rock
|
|-heal|p1a: Mandibuzz|397\/424 brn|[from] item: Leftovers
|-damage|p1a: Mandibuzz|344\/424 brn|[from] brn
|turn|48
|
|move|p1a: Mandibuzz|Defog|p2a: Empoleon
|-unboost|p2a: Empoleon|evasion|1
|-sideend|p1: A7berto|Stealth Rock|[from] move: Defog|[of] p1a: Mandibuzz
|move|p2a: Empoleon|Stealth Rock|p1a: Mandibuzz
|-sidestart|p1: A7berto|move: Stealth Rock
|
|-heal|p1a: Mandibuzz|370\/424 brn|[from] item: Leftovers
|-damage|p1a: Mandibuzz|317\/424 brn|[from] brn
|turn|49
|
|move|p1a: Mandibuzz|Defog|p2a: Empoleon
|-unboost|p2a: Empoleon|evasion|1
|-sideend|p1: A7berto|Stealth Rock|[from] move: Defog|[of] p1a: Mandibuzz
|move|p2a: Empoleon|Stealth Rock|p1a: Mandibuzz
|-sidestart|p1: A7berto|move: Stealth Rock
|
|-heal|p1a: Mandibuzz|343\/424 brn|[from] item: Leftovers
|-damage|p1a: Mandibuzz|290\/424 brn|[from] brn
|turn|50
|
|move|p1a: Mandibuzz|Roost|p1a: Mandibuzz
|-heal|p1a: Mandibuzz|424\/424 brn
|move|p2a: Empoleon|Stealth Rock|p1a: Mandibuzz
|-fail|p1a: Mandibuzz
|
|-damage|p1a: Mandibuzz|371\/424 brn|[from] brn
|turn|51
|
|move|p1a: Mandibuzz|Defog|p2a: Empoleon
|-unboost|p2a: Empoleon|evasion|1
|-sideend|p1: A7berto|Stealth Rock|[from] move: Defog|[of] p1a: Mandibuzz
|move|p2a: Empoleon|Stealth Rock|p1a: Mandibuzz
|-sidestart|p1: A7berto|move: Stealth Rock
|
|-heal|p1a: Mandibuzz|397\/424 brn|[from] item: Leftovers
|-damage|p1a: Mandibuzz|344\/424 brn|[from] brn
|turn|52
|
|move|p1a: Mandibuzz|Defog|p2a: Empoleon
|-unboost|p2a: Empoleon|evasion|1
|-sideend|p1: A7berto|Stealth Rock|[from] move: Defog|[of] p1a: Mandibuzz
|move|p2a: Empoleon|Stealth Rock|p1a: Mandibuzz
|-sidestart|p1: A7berto|move: Stealth Rock
|
|-heal|p1a: Mandibuzz|370\/424 brn|[from] item: Leftovers
|-damage|p1a: Mandibuzz|317\/424 brn|[from] brn
|turn|53
|
|move|p1a: Mandibuzz|Roost|p1a: Mandibuzz
|-heal|p1a: Mandibuzz|424\/424 brn
|move|p2a: Empoleon|Stealth Rock|p1a: Mandibuzz
|-fail|p1a: Mandibuzz
|
|-damage|p1a: Mandibuzz|371\/424 brn|[from] brn
|turn|54
|
|switch|p1a: Breloom|Breloom, F|323\/323 tox
|-damage|p1a: Breloom|303\/323 tox|[from] Stealth Rock
|move|p2a: Empoleon|Stealth Rock|p1a: Breloom
|-fail|p1a: Breloom
|
|-heal|p1a: Breloom|323\/323 tox|[from] ability: Poison Heal
|turn|55
|
|switch|p1a: Camerupt|Camerupt, M|331\/331 slp
|-damage|p1a: Camerupt|290\/331 slp|[from] Stealth Rock
|switch|p2a: Amoonguss|Amoonguss, F|429\/429
|
|turn|56
|
|switch|p2a: Manaphy|Manaphy|365\/365
|detailschange|p1a: Camerupt|Camerupt-Mega, M
|-mega|p1a: Camerupt|Camerupt|Cameruptite
|cant|p1a: Camerupt|slp
|
|turn|57
|
|switch|p1a: Breloom|Breloom, F|323\/323 tox
|-damage|p1a: Breloom|303\/323 tox|[from] Stealth Rock
|move|p2a: Manaphy|Rain Dance|p2a: Manaphy
|-weather|RainDance
|
|-weather|RainDance|[upkeep]
|-heal|p1a: Breloom|323\/323 tox|[from] ability: Poison Heal
|turn|58
|
|switch|p2a: Amoonguss|Amoonguss, F|429\/429
|move|p1a: Breloom|Seed Bomb|p2a: Amoonguss
|-crit|p2a: Amoonguss
|-resisted|p2a: Amoonguss
|-damage|p2a: Amoonguss|387\/429
|
|-weather|RainDance|[upkeep]
|-heal|p2a: Amoonguss|413\/429|[from] item: Black Sludge
|turn|59
|
|switch|p1a: Mandibuzz|Mandibuzz, F|371\/424 brn
|-damage|p1a: Mandibuzz|265\/424 brn|[from] Stealth Rock
|switch|p2a: Manaphy|Manaphy|365\/365
|
|-weather|RainDance|[upkeep]
|-heal|p1a: Mandibuzz|291\/424 brn|[from] item: Leftovers
|-damage|p1a: Mandibuzz|238\/424 brn|[from] brn
|turn|60
|
|switch|p1a: Breloom|Breloom, F|323\/323 tox
|-damage|p1a: Breloom|303\/323 tox|[from] Stealth Rock
|move|p2a: Manaphy|Tail Glow|p2a: Manaphy
|-boost|p2a: Manaphy|spa|3
|
|-weather|RainDance|[upkeep]
|-heal|p1a: Breloom|323\/323 tox|[from] ability: Poison Heal
|turn|61
|
|move|p2a: Manaphy|Scald|p1a: Breloom
|-resisted|p1a: Breloom
|-damage|p1a: Breloom|47\/323 tox
|move|p1a: Breloom|Seed Bomb|p2a: Manaphy
|-supereffective|p2a: Manaphy
|-damage|p2a: Manaphy|135\/365
|
|-weather|none
|-heal|p2a: Manaphy|157\/365|[from] item: Leftovers
|-heal|p1a: Breloom|87\/323 tox|[from] ability: Poison Heal
|turn|62
|
|switch|p1a: Manaphy|Manaphy|107\/404
|-damage|p1a: Manaphy|57\/404|[from] Stealth Rock
|move|p2a: Manaphy|Scald|p1a: Manaphy
|-resisted|p1a: Manaphy
|-damage|p1a: Manaphy|0 fnt
|faint|p1a: Manaphy
|
|-heal|p2a: Manaphy|179\/365|[from] item: Leftovers
|
|switch|p1a: Clefable|Clefable, M|240\/394
|-damage|p1a: Clefable|191\/394|[from] Stealth Rock
|turn|63
|
|move|p2a: Manaphy|Rain Dance|p2a: Manaphy
|-weather|RainDance
|move|p1a: Clefable|Moonblast|p2a: Manaphy
|-damage|p2a: Manaphy|74\/365
|
|-weather|RainDance|[upkeep]
|-heal|p2a: Manaphy|96\/365|[from] item: Leftovers
|-heal|p1a: Clefable|215\/394|[from] item: Leftovers
|turn|64
|
|move|p2a: Manaphy|Scald|p1a: Clefable
|-damage|p1a: Clefable|7\/394
|move|p1a: Clefable|Calm Mind|p1a: Clefable
|-boost|p1a: Clefable|spa|1
|-boost|p1a: Clefable|spd|1
|
|-weather|RainDance|[upkeep]
|-heal|p2a: Manaphy|118\/365|[from] item: Leftovers
|-heal|p1a: Clefable|31\/394|[from] item: Leftovers
|turn|65
|
|move|p2a: Manaphy|Scald|p1a: Clefable
|-damage|p1a: Clefable|0 fnt
|faint|p1a: Clefable
|
|-weather|RainDance|[upkeep]
|-heal|p2a: Manaphy|140\/365|[from] item: Leftovers
|c|âA7berto|gg
|c|âArchPhantom|gg
|c|âA7berto|:)
|c|âArchPhantom|:]
|-message|A7berto forfeited.
|
|win|ArchPhantom
|raw|Ladder updating...
|raw|A7berto's rating: 1397 &rarr; <strong>1377<\/strong><br \/>(-20 for losing)
|raw|ArchPhantom's rating: 1402 &rarr; <strong>1422<\/strong><br \/>(+20 for winning)
|leave|A7berto
|player|p1