|join|ArchPhantom
|join|ExStaz404
|player|p1|ArchPhantom|222
|player|p2|ExStaz404|97
|gametype|singles
|gen|6
|tier|OU (suspect test)
|clearpoke
|poke|p1|Houndoom, M
|poke|p1|Slowbro, F
|poke|p1|Ferrothorn, F
|poke|p1|Landorus-Therian, M
|poke|p1|Latias, F
|poke|p1|Conkeldurr, M
|poke|p2|Dragonite, M, shiny
|poke|p2|Magnezone, shiny
|poke|p2|Gliscor, F, shiny
|poke|p2|Breloom, M, shiny
|poke|p2|Metagross, shiny
|poke|p2|Latias, F, shiny
|rule|Swagger Clause: Swagger is banned
|rule|Baton Pass Clause: Limit one PokÃ©mon knowing Baton Pass
|rule|Sleep Clause Mod: Limit one foe put to sleep
|rule|Species Clause: Limit one of each PokÃ©mon
|rule|OHKO Clause: OHKO moves are banned
|rule|Moody Clause: Moody is banned
|rule|Evasion Moves Clause: Evasion moves are banned
|rule|Endless Battle Clause: Forcing endless battles is banned
|rule|HP Percentage Mod: HP is shown in percentages
|teampreview
|c|âArchPhantom|gl
|join|swaqfeq
|join|ninjatears4u
|c|âExStaz404|You too! :)
|
|start
|switch|p1a: Landorus-Therian|Landorus-Therian, M|319\/319
|switch|p2a: Shaula|Gliscor, F, shiny|354\/354
|-ability|p1a: Landorus-Therian|Intimidate|[of] p2a: Shaula
|-unboost|p2a: Shaula|atk|1
|turn|1
|leave|ninjatears4u
|
|switch|p2a: grouuuuuh|Dragonite, M, shiny|324\/324
|move|p1a: Landorus-Therian|U-turn|p2a: grouuuuuh
|-resisted|p2a: grouuuuuh
|-damage|p2a: grouuuuuh|301\/324
|
|switch|p1a: Latias|Latias, F|301\/301
|
|turn|2
|
|move|p1a: Latias|Draco Meteor|p2a: grouuuuuh
|-supereffective|p2a: grouuuuuh
|-damage|p2a: grouuuuuh|0 fnt
|-unboost|p1a: Latias|spa|2
|-damage|p1a: Latias|271\/301|[from] item: Life Orb
|faint|p2a: grouuuuuh
|
|
|switch|p2a: Shaula|Gliscor, F, shiny|354\/354
|turn|3
|
|switch|p1a: Ferrothorn|Ferrothorn, F|352\/352
|move|p2a: Shaula|Ice Fang|p1a: Ferrothorn
|-damage|p1a: Ferrothorn|304\/352
|-damage|p2a: Shaula|310\/354|[from] ability: Iron Barbs|[of] p1a: Ferrothorn
|
|-heal|p1a: Ferrothorn|326\/352|[from] item: Leftovers
|-status|p2a: Shaula|tox|[from] item: Toxic Orb
|turn|4
|
|switch|p2a: bzzzz bzzzzz|Magnezone, shiny|344\/344
|-item|p2a: bzzzz bzzzzz|Air Balloon
|move|p1a: Ferrothorn|Stealth Rock|p2a: bzzzz bzzzzz
|-sidestart|p2: ExStaz404|move: Stealth Rock
|
|-heal|p1a: Ferrothorn|348\/352|[from] item: Leftovers
|turn|5
|
|move|p2a: bzzzz bzzzzz|Hidden Power|p1a: Ferrothorn
|-supereffective|p1a: Ferrothorn
|-damage|p1a: Ferrothorn|100\/352
|move|p1a: Ferrothorn|Gyro Ball|p2a: bzzzz bzzzzz
|-resisted|p2a: bzzzz bzzzzz
|-damage|p2a: bzzzz bzzzzz|324\/344
|-enditem|p2a: bzzzz bzzzzz|Air Balloon
|
|-heal|p1a: Ferrothorn|122\/352|[from] item: Leftovers
|turn|6
|
|move|p2a: bzzzz bzzzzz|Hidden Power|p1a: Ferrothorn
|-supereffective|p1a: Ferrothorn
|-damage|p1a: Ferrothorn|0 fnt
|faint|p1a: Ferrothorn
|
|
|switch|p1a: Houndoom|Houndoom, M|299\/299
|turn|7
|
|switch|p2a: Shaula|Gliscor, F, shiny|310\/354 tox
|-damage|p2a: Shaula|266\/354 tox|[from] Stealth Rock
|detailschange|p1a: Houndoom|Houndoom-Mega, M
|-mega|p1a: Houndoom|Houndoom|Houndoominite
|move|p1a: Houndoom|Fire Blast|p2a: Shaula
|-damage|p2a: Shaula|19\/354 tox
|
|-heal|p2a: Shaula|63\/354 tox|[from] ability: Poison Heal
|turn|8
|
|move|p1a: Houndoom|Dark Pulse|p2a: Shaula
|-damage|p2a: Shaula|0 fnt
|faint|p2a: Shaula
|
|
|switch|p2a: boingboing|Breloom, M, shiny|262\/262
|-damage|p2a: boingboing|246\/262|[from] Stealth Rock
|turn|9
|
|move|p2a: boingboing|Mach Punch|p1a: Houndoom
|-supereffective|p1a: Houndoom
|-damage|p1a: Houndoom|51\/299
|move|p1a: Houndoom|Fire Blast|p2a: boingboing
|-crit|p2a: boingboing
|-supereffective|p2a: boingboing
|-damage|p2a: boingboing|0 fnt
|faint|p2a: boingboing
|
|
|switch|p2a: Sltsava|Latias, F, shiny|319\/319
|-damage|p2a: Sltsava|280\/319|[from] Stealth Rock
|turn|10
|
|switch|p1a: Conkeldurr|Conkeldurr, M|351\/351
|move|p2a: Sltsava|Draco Meteor|p1a: Conkeldurr
|-damage|p1a: Conkeldurr|168\/351
|-unboost|p2a: Sltsava|spa|2
|-damage|p2a: Sltsava|249\/319|[from] item: Life Orb
|
|turn|11
|
|move|p1a: Conkeldurr|Mach Punch|p2a: Sltsava
|-resisted|p2a: Sltsava
|-damage|p2a: Sltsava|206\/319
|move|p2a: Sltsava|Psyshock|p1a: Conkeldurr
|-supereffective|p1a: Conkeldurr
|-damage|p1a: Conkeldurr|12\/351
|-damage|p2a: Sltsava|175\/319|[from] item: Life Orb
|
|turn|12
|
|move|p1a: Conkeldurr|Mach Punch|p2a: Sltsava
|-resisted|p2a: Sltsava
|-damage|p2a: Sltsava|133\/319
|move|p2a: Sltsava|Roost|p2a: Sltsava
|-heal|p2a: Sltsava|293\/319
|
|turn|13
|leave|swaqfeq
|
|switch|p1a: Slowbro|Slowbro, F|393\/393
|move|p2a: Sltsava|Defog|p1a: Slowbro
|-unboost|p1a: Slowbro|evasion|1
|-sideend|p2: ExStaz404|Stealth Rock|[from] move: Defog|[of] p2a: Sltsava
|
|turn|14
|
|move|p2a: Sltsava|Draco Meteor|p1a: Slowbro
|-damage|p1a: Slowbro|253\/393
|-unboost|p2a: Sltsava|spa|2
|-damage|p2a: Sltsava|262\/319|[from] item: Life Orb
|move|p1a: Slowbro|Fire Blast|p2a: Sltsava
|-resisted|p2a: Sltsava
|-damage|p2a: Sltsava|228\/319
|
|turn|15
|
|switch|p1a: Landorus-Therian|Landorus-Therian, M|319\/319
|-ability|p1a: Landorus-Therian|Intimidate|[of] p2a: Sltsava
|-unboost|p2a: Sltsava|atk|1
|move|p2a: Sltsava|Draco Meteor|p1a: Landorus-Therian
|-damage|p1a: Landorus-Therian|212\/319
|-unboost|p2a: Sltsava|spa|2
|-damage|p2a: Sltsava|197\/319|[from] item: Life Orb
|
|turn|16
|join|ejja breh
|
|move|p1a: Landorus-Therian|U-turn|p2a: Sltsava
|-supereffective|p2a: Sltsava
|-damage|p2a: Sltsava|0 fnt
|faint|p2a: Sltsava
|
|switch|p1a: Houndoom|Houndoom-Mega, M|51\/299
|
|
|switch|p2a: onchonch|Metagross, shiny|301\/301
|turn|17
|
|detailschange|p2a: onchonch|Metagross-Mega, shiny
|-mega|p2a: onchonch|Metagross|Metagrossite
|move|p1a: Houndoom|Fire Blast|p2a: onchonch
|-supereffective|p2a: onchonch
|-damage|p2a: onchonch|0 fnt
|faint|p2a: onchonch
|
|c|âArchPhantom|gg
|
|switch|p2a: bzzzz bzzzzz|Magnezone, shiny|324\/344
|turn|18
|c|âExStaz404|GG
|
|move|p1a: Houndoom|Dark Pulse|p2a: bzzzz bzzzzz
|-damage|p2a: bzzzz bzzzzz|155\/344
|move|p2a: bzzzz bzzzzz|Volt Switch|p1a: Houndoom
|-crit|p1a: Houndoom
|-damage|p1a: Houndoom|0 fnt
|faint|p1a: Houndoom
|
|join|Glozays
|
|switch|p1a: Landorus-Therian|Landorus-Therian, M|212\/319
|-ability|p1a: Landorus-Therian|Intimidate|[of] p2a: bzzzz bzzzzz
|-unboost|p2a: bzzzz bzzzzz|atk|1
|turn|19
|
|move|p1a: Landorus-Therian|Earthquake|p2a: bzzzz bzzzzz
|-supereffective|p2a: bzzzz bzzzzz
|-damage|p2a: bzzzz bzzzzz|0 fnt
|faint|p2a: bzzzz bzzzzz
|
|win|ArchPhantom
|leave|ArchPhantom
|player|p1
|leave|ExStaz404
|player|p2
|leave|Glozays