|join|ArchPhantom
|join|Unban Moody
|player|p1|ArchPhantom|222
|player|p2|Unban Moody|170
|gametype|singles
|gen|6
|tier|OU (suspect test)
|rated
|clearpoke
|poke|p1|Houndoom, F
|poke|p1|Slowbro, M
|poke|p1|Ferrothorn, M
|poke|p1|Landorus-Therian, M
|poke|p1|Latias, F
|poke|p1|Conkeldurr, F
|poke|p2|Altaria, F
|poke|p2|Ferrothorn, M
|poke|p2|Talonflame, M
|poke|p2|Starmie
|poke|p2|Landorus-Therian, M
|poke|p2|Rotom-Wash
|rule|Swagger Clause: Swagger is banned
|rule|Baton Pass Clause: Limit one PokÃ©mon knowing Baton Pass
|rule|Sleep Clause Mod: Limit one foe put to sleep
|rule|Species Clause: Limit one of each PokÃ©mon
|rule|OHKO Clause: OHKO moves are banned
|rule|Moody Clause: Moody is banned
|rule|Evasion Moves Clause: Evasion moves are banned
|rule|Endless Battle Clause: Forcing endless battles is banned
|rule|HP Percentage Mod: HP is shown in percentages
|teampreview
|
|start
|switch|p1a: Conkeldurr|Conkeldurr, F|351\/351
|switch|p2a: Altaria|Altaria, F|353\/353
|turn|1
|
|detailschange|p2a: Altaria|Altaria-Mega, F
|-mega|p2a: Altaria|Altaria|Altarianite
|move|p2a: Altaria|Hyper Voice|p1a: Conkeldurr
|-supereffective|p1a: Conkeldurr
|-damage|p1a: Conkeldurr|151\/351
|move|p1a: Conkeldurr|Poison Jab|p2a: Altaria
|-supereffective|p2a: Altaria
|-damage|p2a: Altaria|189\/353
|
|turn|2
|
|move|p2a: Altaria|Hyper Voice|p1a: Conkeldurr
|-supereffective|p1a: Conkeldurr
|-damage|p1a: Conkeldurr|0 fnt
|faint|p1a: Conkeldurr
|
|
|switch|p1a: Ferrothorn|Ferrothorn, M|352\/352
|turn|3
|
|move|p2a: Altaria|Fire Blast|p1a: Ferrothorn
|-supereffective|p1a: Ferrothorn
|-damage|p1a: Ferrothorn|72\/352
|move|p1a: Ferrothorn|Stealth Rock|p2a: Altaria
|-sidestart|p2: Unban Moody|move: Stealth Rock
|
|-heal|p1a: Ferrothorn|94\/352|[from] item: Leftovers
|turn|4
|
|switch|p1a: Houndoom|Houndoom, F|299\/299
|move|p2a: Altaria|Roost|p2a: Altaria
|-heal|p2a: Altaria|353\/353
|
|turn|5
|
|detailschange|p1a: Houndoom|Houndoom-Mega, F
|-mega|p1a: Houndoom|Houndoom|Houndoominite
|move|p1a: Houndoom|Nasty Plot|p1a: Houndoom
|-boost|p1a: Houndoom|spa|2
|move|p2a: Altaria|Earthquake|p1a: Houndoom
|-supereffective|p1a: Houndoom
|-damage|p1a: Houndoom|103\/299
|
|turn|6
|
|move|p1a: Houndoom|Fire Blast|p2a: Altaria
|-resisted|p2a: Altaria
|-damage|p2a: Altaria|153\/353
|move|p2a: Altaria|Earthquake|p1a: Houndoom
|-supereffective|p1a: Houndoom
|-damage|p1a: Houndoom|0 fnt
|faint|p1a: Houndoom
|
|
|switch|p1a: Latias|Latias, F|301\/301
|turn|7
|
|move|p1a: Latias|Psyshock|p2a: Altaria
|-damage|p2a: Altaria|46\/353
|-damage|p1a: Latias|271\/301|[from] item: Life Orb
|move|p2a: Altaria|Roost|p2a: Altaria
|-heal|p2a: Altaria|223\/353
|
|turn|8
|
|move|p1a: Latias|Healing Wish|p1a: Latias
|faint|p1a: Latias
|move|p2a: Altaria|Roost|p2a: Altaria
|-heal|p2a: Altaria|353\/353
|
|
|switch|p1a: Ferrothorn|Ferrothorn, M|94\/352
|-heal|p1a: Ferrothorn|352\/352|[from] move: Healing Wish
|turn|9
|
|move|p2a: Altaria|Fire Blast|p1a: Ferrothorn
|-supereffective|p1a: Ferrothorn
|-damage|p1a: Ferrothorn|80\/352
|move|p1a: Ferrothorn|Gyro Ball|p2a: Altaria
|-supereffective|p2a: Altaria
|-damage|p2a: Altaria|195\/353
|
|-heal|p1a: Ferrothorn|102\/352|[from] item: Leftovers
|turn|10
|
|move|p2a: Altaria|Fire Blast|p1a: Ferrothorn
|-supereffective|p1a: Ferrothorn
|-damage|p1a: Ferrothorn|0 fnt
|faint|p1a: Ferrothorn
|
|
|switch|p1a: Landorus-Therian|Landorus-Therian, M|319\/319
|-ability|p1a: Landorus-Therian|Intimidate|[of] p2a: Altaria
|-unboost|p2a: Altaria|atk|1
|turn|11
|-message|ArchPhantom forfeited.
|
|win|Unban Moody
|raw|Ladder updating...
|c|âArchPhantom|lol
|leave|ArchPhantom
|player|p1
|raw|ArchPhantom's rating: 1574 &rarr; <strong>1547<\/strong><br \/>(-27 for losing)
|raw|Unban Moody's rating: 1444 &rarr; <strong>1472<\/strong><br \/>(+28 for winning)