|join|Cicero Inc.
|join|ArchPhantom
|player|p1|Cicero Inc.|54
|player|p2|ArchPhantom|222
|gametype|singles
|gen|6
|tier|OU (suspect test)
|clearpoke
|poke|p1|Tyranitar, F
|poke|p1|Excadrill, M
|poke|p1|Rotom-Wash
|poke|p1|Clefable, M
|poke|p1|Altaria, F
|poke|p1|Breloom, M
|poke|p2|Lopunny, M
|poke|p2|Latias, F
|poke|p2|Conkeldurr, M
|poke|p2|Ferrothorn, F
|poke|p2|Heatran, F
|poke|p2|Landorus-Therian, M
|rule|Swagger Clause: Swagger is banned
|rule|Baton Pass Clause: Limit one PokÃ©mon knowing Baton Pass
|rule|Sleep Clause Mod: Limit one foe put to sleep
|rule|Species Clause: Limit one of each PokÃ©mon
|rule|OHKO Clause: OHKO moves are banned
|rule|Moody Clause: Moody is banned
|rule|Evasion Moves Clause: Evasion moves are banned
|rule|Endless Battle Clause: Forcing endless battles is banned
|rule|HP Percentage Mod: HP is shown in percentages
|teampreview
|join|Albacore
|c|âArchPhantom|gl
|c|âCicero Inc.|u2
|
|start
|switch|p1a: Sae|Clefable, M|394\/394
|switch|p2a: Ferrothorn|Ferrothorn, F|352\/352
|turn|1
|join|Shadow Poochyena
|
|switch|p2a: Heatran|Heatran, F|323\/323
|move|p1a: Sae|Stealth Rock|p2a: Heatran
|-sidestart|p2: ArchPhantom|move: Stealth Rock
|
|turn|2
|
|switch|p2a: Lopunny|Lopunny, M|271\/271
|-damage|p2a: Lopunny|238\/271|[from] Stealth Rock
|switch|p1a: Anttya|Rotom-Wash|302\/302
|
|turn|3
|leave|Albacore
|
|switch|p2a: Conkeldurr|Conkeldurr, M|351\/351
|-damage|p2a: Conkeldurr|330\/351|[from] Stealth Rock
|move|p1a: Anttya|Will-O-Wisp|p2a: Conkeldurr
|-status|p2a: Conkeldurr|brn
|
|-damage|p2a: Conkeldurr|287\/351 brn|[from] brn
|turn|4
|c|âCicero Inc.|way nice predictions
|c|âCicero Inc.|considering i shouldve gone for pump
|c|âArchPhantom|:]
|
|move|p1a: Anttya|Hydro Pump|p2a: Conkeldurr
|-damage|p2a: Conkeldurr|190\/351 brn
|move|p2a: Conkeldurr|Ice Punch|p1a: Anttya
|-resisted|p1a: Anttya
|-damage|p1a: Anttya|224\/302
|
|-heal|p1a: Anttya|242\/302|[from] item: Leftovers
|-damage|p2a: Conkeldurr|147\/351 brn|[from] brn
|turn|5
|
|move|p1a: Anttya|Volt Switch|p2a: Conkeldurr
|-crit|p2a: Conkeldurr
|-damage|p2a: Conkeldurr|50\/351 brn
|c|âCicero Inc.|sorry about that
|c|âArchPhantom|np
|
|switch|p1a: Deathonwings|Altaria, F|292\/292
|move|p2a: Conkeldurr|Drain Punch|p1a: Deathonwings
|-resisted|p1a: Deathonwings
|-damage|p1a: Deathonwings|170\/292
|-heal|p2a: Conkeldurr|111\/351 brn|[from] drain|[of] p1a: Deathonwings
|
|-damage|p2a: Conkeldurr|68\/351 brn|[from] brn
|turn|6
|
|switch|p2a: Heatran|Heatran, F|323\/323
|-damage|p2a: Heatran|283\/323|[from] Stealth Rock
|detailschange|p1a: Deathonwings|Altaria-Mega, F
|-mega|p1a: Deathonwings|Altaria|Altarianite
|move|p1a: Deathonwings|Hyper Voice|p2a: Heatran
|-crit|p2a: Heatran
|-resisted|p2a: Heatran
|-damage|p2a: Heatran|199\/323
|
|turn|7
|
|switch|p2a: Latias|Latias, F|301\/301
|-damage|p2a: Latias|264\/301|[from] Stealth Rock
|move|p1a: Deathonwings|Roost|p1a: Deathonwings
|-heal|p1a: Deathonwings|292\/292
|
|turn|8
|
|switch|p2a: Ferrothorn|Ferrothorn, F|352\/352
|-damage|p2a: Ferrothorn|330\/352|[from] Stealth Rock
|move|p1a: Deathonwings|Draco Meteor|p2a: Ferrothorn
|-resisted|p2a: Ferrothorn
|-damage|p2a: Ferrothorn|246\/352
|-unboost|p1a: Deathonwings|spa|2
|
|-heal|p2a: Ferrothorn|268\/352|[from] item: Leftovers
|turn|9
|
|move|p1a: Deathonwings|Fire Blast|p2a: Ferrothorn
|-supereffective|p2a: Ferrothorn
|-damage|p2a: Ferrothorn|92\/352
|move|p2a: Ferrothorn|Gyro Ball|p1a: Deathonwings
|-supereffective|p1a: Deathonwings
|-damage|p1a: Deathonwings|2\/292
|
|-heal|p2a: Ferrothorn|114\/352|[from] item: Leftovers
|turn|10
|c|âCicero Inc.|focus sash mega altaria i see
|c|âArchPhantom|Lol
|
|switch|p2a: Heatran|Heatran, F|199\/323
|-damage|p2a: Heatran|159\/323|[from] Stealth Rock
|move|p1a: Deathonwings|Roost|p1a: Deathonwings
|-heal|p1a: Deathonwings|148\/292
|
|turn|11
|
|switch|p1a: Acast|Tyranitar, F|342\/342
|-weather|Sandstorm
|move|p2a: Heatran|Flash Cannon|p1a: Acast
|-supereffective|p1a: Acast
|-damage|p1a: Acast|144\/342
|
|-weather|Sandstorm|[upkeep]
|turn|12
|
|move|p2a: Heatran|Flash Cannon|p1a: Acast
|-supereffective|p1a: Acast
|-damage|p1a: Acast|0 fnt
|faint|p1a: Acast
|
|-weather|Sandstorm|[upkeep]
|c|âCicero Inc.|nice scarf
|
|switch|p1a: Anttya|Rotom-Wash|242\/302
|turn|13
|
|switch|p2a: Latias|Latias, F|264\/301
|-damage|p2a: Latias|227\/301|[from] Stealth Rock
|move|p1a: Anttya|Volt Switch|p2a: Latias
|-resisted|p2a: Latias
|-damage|p2a: Latias|194\/301
|
|switch|p1a: Deathonwings|Altaria-Mega, F|148\/292
|
|-weather|Sandstorm|[upkeep]
|-damage|p2a: Latias|176\/301|[from] sandstorm
|-damage|p1a: Deathonwings|130\/292|[from] sandstorm
|turn|14
|
|switch|p2a: Heatran|Heatran, F|159\/323
|-damage|p2a: Heatran|119\/323|[from] Stealth Rock
|move|p1a: Deathonwings|Roost|p1a: Deathonwings
|-heal|p1a: Deathonwings|276\/292
|
|-weather|Sandstorm|[upkeep]
|-damage|p1a: Deathonwings|258\/292|[from] sandstorm
|turn|15
|
|switch|p2a: Latias|Latias, F|176\/301
|-damage|p2a: Latias|139\/301|[from] Stealth Rock
|switch|p1a: Anttya|Rotom-Wash|242\/302
|
|-weather|none
|-heal|p1a: Anttya|260\/302|[from] item: Leftovers
|turn|16
|
|switch|p1a: DM35|Excadrill, M|361\/361
|-item|p1a: DM35|Air Balloon
|move|p2a: Latias|Defog|p1a: DM35
|-unboost|p1a: DM35|evasion|1
|-sideend|p2: ArchPhantom|Stealth Rock|[from] move: Defog|[of] p2a: Latias
|
|turn|17
|
|switch|p2a: Landorus-Therian|Landorus-Therian, M|381\/381
|-ability|p2a: Landorus-Therian|Intimidate|[of] p1a: DM35
|-unboost|p1a: DM35|atk|1
|move|p1a: DM35|Swords Dance|p1a: DM35
|-boost|p1a: DM35|atk|2
|
|turn|18
|
|move|p1a: DM35|Iron Head|p2a: Landorus-Therian
|-damage|p2a: Landorus-Therian|204\/381
|move|p2a: Landorus-Therian|U-turn|p1a: DM35
|-resisted|p1a: DM35
|-damage|p1a: DM35|301\/361
|-enditem|p1a: DM35|Air Balloon
|
|switch|p2a: Heatran|Heatran, F|119\/323
|
|turn|19
|
|move|p2a: Heatran|Lava Plume|p1a: DM35
|-supereffective|p1a: DM35
|-damage|p1a: DM35|0 fnt
|faint|p1a: DM35
|
|c|âCicero Inc.|gg
|c|âArchPhantom|gg
|c|âCicero Inc.|overpredicted
|c|âCicero Inc.|good plays
|c|âArchPhantom|thnx
|
|switch|p1a: Deathonwings|Altaria-Mega, F|258\/292
|turn|20
|
|switch|p2a: Conkeldurr|Conkeldurr, M|68\/351 brn
|move|p1a: Deathonwings|Fire Blast|p2a: Conkeldurr
|-damage|p2a: Conkeldurr|0 fnt
|faint|p2a: Conkeldurr
|
|
|switch|p2a: Heatran|Heatran, F|119\/323
|turn|21
|
|switch|p1a: Anttya|Rotom-Wash|260\/302
|move|p2a: Heatran|Lava Plume|p1a: Anttya
|-resisted|p1a: Anttya
|-damage|p1a: Anttya|214\/302
|
|-heal|p1a: Anttya|232\/302|[from] item: Leftovers
|turn|22
|
|switch|p2a: Latias|Latias, F|139\/301
|move|p1a: Anttya|Volt Switch|p2a: Latias
|-resisted|p2a: Latias
|-damage|p2a: Latias|103\/301
|
|switch|p1a: Deathonwings|Altaria-Mega, F|258\/292
|
|turn|23
|
|switch|p2a: Ferrothorn|Ferrothorn, F|114\/352
|switch|p1a: Chimplup|Breloom, M|261\/261
|
|-heal|p2a: Ferrothorn|136\/352|[from] item: Leftovers
|turn|24
|join|req'd by crobro
|
|move|p1a: Chimplup|Mach Punch|p2a: Ferrothorn
|-supereffective|p2a: Ferrothorn
|-damage|p2a: Ferrothorn|0 fnt
|-damage|p1a: Chimplup|229\/261|[from] ability: Iron Barbs|[of] p2a: Ferrothorn
|faint|p2a: Ferrothorn
|
|c|âCicero Inc.|hey
|c|âCicero Inc.|please dont scout
|c|âCicero Inc.|can you leave crobro?
|
|switch|p2a: Latias|Latias, F|103\/301
|turn|25
|
|switch|p1a: Sae|Clefable, M|394\/394
|move|p2a: Latias|Psyshock|p1a: Sae
|-damage|p1a: Sae|254\/394
|-damage|p2a: Latias|73\/301|[from] item: Life Orb
|
|-heal|p1a: Sae|278\/394|[from] item: Leftovers
|turn|26
|leave|req'd by crobro
|join|Albacore
|leave|Albacore
|
|switch|p2a: Lopunny|Lopunny, M|238\/271
|move|p1a: Sae|Soft-Boiled|p1a: Sae
|-heal|p1a: Sae|394\/394
|
|turn|27
|
|detailschange|p2a: Lopunny|Lopunny-Mega, M
|-mega|p2a: Lopunny|Lopunny|Lopunnite
|move|p2a: Lopunny|Encore|p1a: Sae
|-start|p1a: Sae|Encore
|move|p1a: Sae|Soft-Boiled|p1a: Sae
|-fail|p1a: Sae
|
|turn|28
|c|âCicero Inc.|oh snap
|c|âCicero Inc.|oh snap
|
|switch|p1a: Anttya|Rotom-Wash|232\/302
|move|p2a: Lopunny|Power-Up Punch|p1a: Anttya
|-damage|p1a: Anttya|163\/302
|-boost|p2a: Lopunny|atk|1
|
|-heal|p1a: Anttya|181\/302|[from] item: Leftovers
|turn|29
|c|âCicero Inc.|this set is amazing
|c|âArchPhantom|:]
|
|move|p2a: Lopunny|Frustration|p1a: Anttya
|-damage|p1a: Anttya|0 fnt
|faint|p1a: Anttya
|
|
|switch|p1a: Chimplup|Breloom, M|229\/261
|turn|30
|
|move|p2a: Lopunny|Frustration|p1a: Chimplup
|-damage|p1a: Chimplup|0 fnt
|faint|p1a: Chimplup
|
|c|âArchPhantom|phew, jolly mach punch was a roll
|c|âArchPhantom|though
|
|switch|p1a: Sae|Clefable, M|394\/394
|turn|31
|c|âArchPhantom|76-90
|c|âArchPhantom|had to risk it
|c|âCicero Inc.|i overpredicted again
|
|move|p2a: Lopunny|Frustration|p1a: Sae
|-damage|p1a: Sae|159\/394
|move|p1a: Sae|Moonblast|p2a: Lopunny
|-supereffective|p2a: Lopunny
|-damage|p2a: Lopunny|28\/271
|
|-heal|p1a: Sae|183\/394|[from] item: Leftovers
|turn|32
|c|âArchPhantom|this set is glorious
|c|âCicero Inc.|it is
|c|âArchPhantom|needs predictions tho but not bad
|c|âCicero Inc.|well i hope you do well rest of the tour
|c|âCicero Inc.|gg
|c|âArchPhantom|thanks
|c|âArchPhantom|and gg
|
|move|p2a: Lopunny|Frustration|p1a: Sae
|-damage|p1a: Sae|0 fnt
|faint|p1a: Sae
|
|c|âCicero Inc.|what are you voting for on greninja suspect?
|
|switch|p1a: Deathonwings|Altaria-Mega, F|258\/292
|turn|33
|c|âArchPhantom|no ban i think
|c|âCicero Inc.|good to know
|c|âCicero Inc.|gg
|c|âArchPhantom|Gg
|
|move|p2a: Lopunny|Frustration|p1a: Deathonwings
|-damage|p1a: Deathonwings|2\/292
|move|p1a: Deathonwings|Hyper Voice|p2a: Lopunny
|-supereffective|p2a: Lopunny
|-damage|p2a: Lopunny|0 fnt
|faint|p2a: Lopunny
|
|c|âCicero Inc.|that focus band tho
|
|switch|p2a: Heatran|Heatran, F|119\/323
|turn|34
|c|âArchPhantom|haha
|
|move|p2a: Heatran|Flash Cannon|p1a: Deathonwings
|-supereffective|p1a: Deathonwings
|-damage|p1a: Deathonwings|0 fnt
|faint|p1a: Deathonwings
|
|win|ArchPhantom