|join|Red Skies
|join|breeshit
|player|p1|Red Skies|153
|player|p2|breeshit|68
|gametype|singles
|gen|6
|tier|OU
|rated
|clearpoke
|poke|p1|Keldeo
|poke|p1|Gengar, F
|poke|p1|Gallade, M
|poke|p1|Tyranitar, F
|poke|p1|Clefable, M
|poke|p1|Excadrill, M
|poke|p2|Lopunny, F
|poke|p2|Magnezone
|poke|p2|Manaphy
|poke|p2|Latias, F
|poke|p2|Ferrothorn, F
|poke|p2|Gliscor, M
|rule|Swagger Clause: Swagger is banned
|rule|Baton Pass Clause: Limit one PokÃ©mon knowing Baton Pass
|rule|Sleep Clause Mod: Limit one foe put to sleep
|rule|Species Clause: Limit one of each PokÃ©mon
|rule|OHKO Clause: OHKO moves are banned
|rule|Moody Clause: Moody is banned
|rule|Evasion Moves Clause: Evasion moves are banned
|rule|Endless Battle Clause: Forcing endless battles is banned
|rule|HP Percentage Mod: HP is shown in percentages
|teampreview
|
|start
|switch|p1a: Tyranitar|Tyranitar, F|404\/404
|switch|p2a: Gliscor|Gliscor, M|352\/352
|-weather|Sandstorm
|turn|1
|
|move|p2a: Gliscor|Substitute|p2a: Gliscor
|-start|p2a: Gliscor|Substitute
|-damage|p2a: Gliscor|264\/352
|move|p1a: Tyranitar|Stealth Rock|p2a: Gliscor
|-sidestart|p2: breeshit|move: Stealth Rock
|
|-weather|Sandstorm|[upkeep]
|-status|p2a: Gliscor|tox|[from] item: Toxic Orb
|turn|2
|
|switch|p1a: Clefable|Clefable, M|394\/394
|move|p2a: Gliscor|Earthquake|p1a: Clefable
|-damage|p1a: Clefable|291\/394
|
|-weather|Sandstorm|[upkeep]
|-heal|p1a: Clefable|315\/394|[from] item: Leftovers
|-heal|p2a: Gliscor|308\/352 tox|[from] ability: Poison Heal
|turn|3
|
|switch|p2a: Magnezone|Magnezone|300\/300
|-damage|p2a: Magnezone|282\/300|[from] Stealth Rock
|move|p1a: Clefable|Calm Mind|p1a: Clefable
|-boost|p1a: Clefable|spa|1
|-boost|p1a: Clefable|spd|1
|
|-weather|Sandstorm|[upkeep]
|-heal|p1a: Clefable|339\/394|[from] item: Leftovers
|turn|4
|
|move|p2a: Magnezone|Flash Cannon|p1a: Clefable
|-supereffective|p1a: Clefable
|-damage|p1a: Clefable|129\/394
|move|p1a: Clefable|Flamethrower|p2a: Magnezone
|-supereffective|p2a: Magnezone
|-damage|p2a: Magnezone|130\/300
|
|-weather|Sandstorm|[upkeep]
|-heal|p1a: Clefable|153\/394|[from] item: Leftovers
|turn|5
|
|switch|p1a: Keldeo|Keldeo|323\/323
|move|p2a: Magnezone|Flash Cannon|p1a: Keldeo
|-resisted|p1a: Keldeo
|-damage|p1a: Keldeo|231\/323
|
|-weather|Sandstorm|[upkeep]
|-damage|p1a: Keldeo|211\/323|[from] sandstorm
|turn|6
|
|switch|p1a: Tyranitar|Tyranitar, F|404\/404
|move|p2a: Magnezone|Flash Cannon|p1a: Tyranitar
|-supereffective|p1a: Tyranitar
|-damage|p1a: Tyranitar|260\/404
|
|-weather|Sandstorm|[upkeep]
|turn|7
|
|move|p2a: Magnezone|Flash Cannon|p1a: Tyranitar
|-supereffective|p1a: Tyranitar
|-damage|p1a: Tyranitar|92\/404
|move|p1a: Tyranitar|Pursuit|p2a: Magnezone
|-damage|p2a: Magnezone|79\/300
|
|-weather|Sandstorm|[upkeep]
|turn|8
|
|switch|p1a: Keldeo|Keldeo|211\/323
|move|p2a: Magnezone|Flash Cannon|p1a: Keldeo
|-resisted|p1a: Keldeo
|-damage|p1a: Keldeo|127\/323
|-unboost|p1a: Keldeo|spd|1
|
|-weather|none
|turn|9
|
|move|p1a: Keldeo|Scald|p2a: Magnezone
|-damage|p2a: Magnezone|0 fnt
|faint|p2a: Magnezone
|
|
|switch|p2a: Ferrothorn|Ferrothorn, F|352\/352
|-damage|p2a: Ferrothorn|330\/352|[from] Stealth Rock
|turn|10
|
|move|p1a: Keldeo|Scald|p2a: Ferrothorn
|-resisted|p2a: Ferrothorn
|-damage|p2a: Ferrothorn|274\/352
|move|p2a: Ferrothorn|Stealth Rock|p1a: Keldeo
|-sidestart|p1: Red Skies|move: Stealth Rock
|
|-heal|p2a: Ferrothorn|296\/352|[from] item: Leftovers
|turn|11
|
|switch|p1a: Tyranitar|Tyranitar, F|92\/404
|-damage|p1a: Tyranitar|42\/404|[from] Stealth Rock
|-weather|Sandstorm
|move|p2a: Ferrothorn|Power Whip|p1a: Tyranitar|[miss]
|-miss|p2a: Ferrothorn|p1a: Tyranitar
|
|-weather|Sandstorm|[upkeep]
|-heal|p2a: Ferrothorn|318\/352|[from] item: Leftovers
|turn|12
|
|switch|p2a: Manaphy|Manaphy|385\/385
|-damage|p2a: Manaphy|337\/385|[from] Stealth Rock
|move|p1a: Tyranitar|Ice Beam|p2a: Manaphy
|-crit|p2a: Manaphy
|-resisted|p2a: Manaphy
|-damage|p2a: Manaphy|287\/385
|
|-weather|Sandstorm|[upkeep]
|-damage|p2a: Manaphy|263\/385|[from] sandstorm
|-heal|p2a: Manaphy|287\/385|[from] item: Leftovers
|turn|13
|
|move|p2a: Manaphy|Rain Dance|p2a: Manaphy
|-weather|RainDance
|move|p1a: Tyranitar|Stone Edge|p2a: Manaphy
|-damage|p2a: Manaphy|133\/385
|
|-weather|RainDance|[upkeep]
|-heal|p2a: Manaphy|157\/385|[from] item: Leftovers
|turn|14
|
|switch|p1a: Gengar|Gengar, F|262\/262
|-damage|p1a: Gengar|230\/262|[from] Stealth Rock
|move|p2a: Manaphy|Scald|p1a: Gengar
|-damage|p1a: Gengar|2\/262
|
|-weather|RainDance|[upkeep]
|-heal|p2a: Manaphy|181\/385|[from] item: Leftovers
|turn|15
|
|move|p1a: Gengar|Sludge Wave|p2a: Manaphy
|-damage|p2a: Manaphy|0 fnt
|-damage|p1a: Gengar|0 fnt|[from] item: Life Orb
|faint|p2a: Manaphy
|faint|p1a: Gengar
|
|-weather|RainDance|[upkeep]
|
|switch|p2a: Lopunny|Lopunny, F|281\/281
|switch|p1a: Tyranitar|Tyranitar, F|42\/404
|-damage|p2a: Lopunny|246\/281|[from] Stealth Rock
|-damage|p1a: Tyranitar|0 fnt|[from] Stealth Rock
|faint|p1a: Tyranitar
|
|switch|p1a: Gallade|Gallade, M|278\/278
|-damage|p1a: Gallade|261\/278|[from] Stealth Rock
|turn|16
|
|switch|p1a: Excadrill|Excadrill, M|377\/377
|-damage|p1a: Excadrill|366\/377|[from] Stealth Rock
|-item|p1a: Excadrill|Air Balloon
|detailschange|p2a: Lopunny|Lopunny-Mega, F
|message|Lopunny has Mega Evolved into Mega Lopunny!
|move|p2a: Lopunny|Frustration|p1a: Excadrill
|-resisted|p1a: Excadrill
|-damage|p1a: Excadrill|222\/377
|-enditem|p1a: Excadrill|Air Balloon
|
|-weather|RainDance|[upkeep]
|turn|17
|
|move|p2a: Lopunny|High Jump Kick|p1a: Excadrill
|-supereffective|p1a: Excadrill
|-damage|p1a: Excadrill|0 fnt
|faint|p1a: Excadrill
|
|-weather|none
|
|switch|p1a: Keldeo|Keldeo|127\/323
|-damage|p1a: Keldeo|107\/323|[from] Stealth Rock
|turn|18
|
|switch|p2a: Latias|Latias, F|299\/299
|-damage|p2a: Latias|262\/299|[from] Stealth Rock
|move|p1a: Keldeo|Secret Sword|p2a: Latias
|-resisted|p2a: Latias
|-damage|p2a: Latias|172\/299
|
|turn|19
|
|move|p1a: Keldeo|Secret Sword|p2a: Latias
|-resisted|p2a: Latias
|-damage|p2a: Latias|86\/299
|move|p2a: Latias|Roost|p2a: Latias
|-heal|p2a: Latias|236\/299
|
|turn|20
|
|move|p1a: Keldeo|Secret Sword|p2a: Latias
|-resisted|p2a: Latias
|-damage|p2a: Latias|157\/299
|move|p2a: Latias|Psyshock|p1a: Keldeo
|-supereffective|p1a: Keldeo
|-damage|p1a: Keldeo|0 fnt
|-damage|p2a: Latias|128\/299|[from] item: Life Orb
|faint|p1a: Keldeo
|
|
|switch|p1a: Clefable|Clefable, M|153\/394
|turn|21
|
|move|p2a: Latias|Psyshock|p1a: Clefable
|-damage|p1a: Clefable|5\/394
|-damage|p2a: Latias|99\/299|[from] item: Life Orb
|move|p1a: Clefable|Soft-Boiled|p1a: Clefable
|-heal|p1a: Clefable|202\/394
|
|-heal|p1a: Clefable|226\/394|[from] item: Leftovers
|turn|22
|
|switch|p2a: Ferrothorn|Ferrothorn, F|318\/352
|-damage|p2a: Ferrothorn|296\/352|[from] Stealth Rock
|move|p1a: Clefable|Soft-Boiled|p1a: Clefable
|-heal|p1a: Clefable|394\/394
|
|-heal|p2a: Ferrothorn|318\/352|[from] item: Leftovers
|turn|23
|
|move|p1a: Clefable|Calm Mind|p1a: Clefable
|-boost|p1a: Clefable|spa|1
|-boost|p1a: Clefable|spd|1
|move|p2a: Ferrothorn|Gyro Ball|p1a: Clefable
|-supereffective|p1a: Clefable
|-damage|p1a: Clefable|176\/394
|
|-heal|p1a: Clefable|200\/394|[from] item: Leftovers
|-heal|p2a: Ferrothorn|340\/352|[from] item: Leftovers
|turn|24
|
|move|p1a: Clefable|Soft-Boiled|p1a: Clefable
|-heal|p1a: Clefable|394\/394
|move|p2a: Ferrothorn|Gyro Ball|p1a: Clefable
|-supereffective|p1a: Clefable
|-damage|p1a: Clefable|196\/394
|
|-heal|p1a: Clefable|220\/394|[from] item: Leftovers
|-heal|p2a: Ferrothorn|352\/352|[from] item: Leftovers
|turn|25
|
|move|p1a: Clefable|Soft-Boiled|p1a: Clefable
|-heal|p1a: Clefable|394\/394
|move|p2a: Ferrothorn|Gyro Ball|p1a: Clefable
|-supereffective|p1a: Clefable
|-damage|p1a: Clefable|176\/394
|
|-heal|p1a: Clefable|200\/394|[from] item: Leftovers
|turn|26
|
|move|p1a: Clefable|Soft-Boiled|p1a: Clefable
|-heal|p1a: Clefable|394\/394
|move|p2a: Ferrothorn|Gyro Ball|p1a: Clefable
|-crit|p1a: Clefable
|-supereffective|p1a: Clefable
|-damage|p1a: Clefable|118\/394
|
|-heal|p1a: Clefable|142\/394|[from] item: Leftovers
|turn|27
|
|move|p1a: Clefable|Soft-Boiled|p1a: Clefable
|-heal|p1a: Clefable|339\/394
|move|p2a: Ferrothorn|Gyro Ball|p1a: Clefable
|-supereffective|p1a: Clefable
|-damage|p1a: Clefable|151\/394
|
|-heal|p1a: Clefable|175\/394|[from] item: Leftovers
|turn|28
|
|move|p1a: Clefable|Soft-Boiled|p1a: Clefable
|-heal|p1a: Clefable|372\/394
|move|p2a: Ferrothorn|Gyro Ball|p1a: Clefable
|-supereffective|p1a: Clefable
|-damage|p1a: Clefable|184\/394
|
|-heal|p1a: Clefable|208\/394|[from] item: Leftovers
|turn|29
|
|move|p1a: Clefable|Soft-Boiled|p1a: Clefable
|-heal|p1a: Clefable|394\/394
|move|p2a: Ferrothorn|Gyro Ball|p1a: Clefable
|-supereffective|p1a: Clefable
|-damage|p1a: Clefable|176\/394
|
|-heal|p1a: Clefable|200\/394|[from] item: Leftovers
|turn|30
|
|move|p1a: Clefable|Soft-Boiled|p1a: Clefable
|-heal|p1a: Clefable|394\/394
|move|p2a: Ferrothorn|Gyro Ball|p1a: Clefable
|-supereffective|p1a: Clefable
|-damage|p1a: Clefable|206\/394
|
|-heal|p1a: Clefable|230\/394|[from] item: Leftovers
|turn|31
|
|switch|p2a: Gliscor|Gliscor, M|308\/352 tox
|-damage|p2a: Gliscor|264\/352 tox|[from] Stealth Rock
|move|p1a: Clefable|Soft-Boiled|p1a: Clefable
|-heal|p1a: Clefable|394\/394
|
|-heal|p2a: Gliscor|308\/352 tox|[from] ability: Poison Heal
|turn|32
|
|move|p2a: Gliscor|Earthquake|p1a: Clefable
|-damage|p1a: Clefable|297\/394
|move|p1a: Clefable|Calm Mind|p1a: Clefable
|-boost|p1a: Clefable|spa|1
|-boost|p1a: Clefable|spd|1
|
|-heal|p1a: Clefable|321\/394|[from] item: Leftovers
|-heal|p2a: Gliscor|352\/352 tox|[from] ability: Poison Heal
|turn|33
|
|move|p2a: Gliscor|Substitute|p2a: Gliscor
|-start|p2a: Gliscor|Substitute
|-damage|p2a: Gliscor|264\/352 tox
|move|p1a: Clefable|Calm Mind|p1a: Clefable
|-boost|p1a: Clefable|spa|1
|-boost|p1a: Clefable|spd|1
|
|-heal|p1a: Clefable|345\/394|[from] item: Leftovers
|-heal|p2a: Gliscor|308\/352 tox|[from] ability: Poison Heal
|turn|34
|
|move|p2a: Gliscor|Earthquake|p1a: Clefable
|-damage|p1a: Clefable|249\/394
|move|p1a: Clefable|Calm Mind|p1a: Clefable
|-boost|p1a: Clefable|spa|1
|-boost|p1a: Clefable|spd|1
|
|-heal|p1a: Clefable|273\/394|[from] item: Leftovers
|-heal|p2a: Gliscor|352\/352 tox|[from] ability: Poison Heal
|turn|35
|
|move|p2a: Gliscor|Earthquake|p1a: Clefable
|-damage|p1a: Clefable|173\/394
|move|p1a: Clefable|Moonblast|p2a: Gliscor
|-end|p2a: Gliscor|Substitute
|
|-heal|p1a: Clefable|197\/394|[from] item: Leftovers
|turn|36
|
|move|p2a: Gliscor|Earthquake|p1a: Clefable
|-crit|p1a: Clefable
|-damage|p1a: Clefable|41\/394
|move|p1a: Clefable|Soft-Boiled|p1a: Clefable
|-heal|p1a: Clefable|238\/394
|
|-heal|p1a: Clefable|262\/394|[from] item: Leftovers
|turn|37
|
|move|p2a: Gliscor|Earthquake|p1a: Clefable
|-damage|p1a: Clefable|159\/394
|move|p1a: Clefable|Soft-Boiled|p1a: Clefable
|-heal|p1a: Clefable|356\/394
|
|-heal|p1a: Clefable|380\/394|[from] item: Leftovers
|turn|38
|
|move|p2a: Gliscor|Substitute|p2a: Gliscor
|-start|p2a: Gliscor|Substitute
|-damage|p2a: Gliscor|264\/352 tox
|move|p1a: Clefable|Moonblast|p2a: Gliscor
|-end|p2a: Gliscor|Substitute
|
|-heal|p1a: Clefable|394\/394|[from] item: Leftovers
|-heal|p2a: Gliscor|308\/352 tox|[from] ability: Poison Heal
|turn|39
|
|move|p2a: Gliscor|Protect|p2a: Gliscor
|-singleturn|p2a: Gliscor|Protect
|move|p1a: Clefable|Moonblast|p2a: Gliscor
|-activate|p2a: Gliscor|Protect
|
|-heal|p2a: Gliscor|352\/352 tox|[from] ability: Poison Heal
|turn|40
|
|move|p2a: Gliscor|Substitute|p2a: Gliscor
|-start|p2a: Gliscor|Substitute
|-damage|p2a: Gliscor|264\/352 tox
|move|p1a: Clefable|Moonblast|p2a: Gliscor
|-end|p2a: Gliscor|Substitute
|
|-heal|p2a: Gliscor|308\/352 tox|[from] ability: Poison Heal
|turn|41
|
|move|p2a: Gliscor|Substitute|p2a: Gliscor
|-start|p2a: Gliscor|Substitute
|-damage|p2a: Gliscor|220\/352 tox
|move|p1a: Clefable|Moonblast|p2a: Gliscor
|-crit|p2a: Gliscor
|-end|p2a: Gliscor|Substitute
|
|-heal|p2a: Gliscor|264\/352 tox|[from] ability: Poison Heal
|turn|42
|
|move|p2a: Gliscor|Protect|p2a: Gliscor
|-singleturn|p2a: Gliscor|Protect
|move|p1a: Clefable|Moonblast|p2a: Gliscor
|-activate|p2a: Gliscor|Protect
|
|-heal|p2a: Gliscor|308\/352 tox|[from] ability: Poison Heal
|turn|43
|
|move|p2a: Gliscor|Substitute|p2a: Gliscor
|-start|p2a: Gliscor|Substitute
|-damage|p2a: Gliscor|220\/352 tox
|move|p1a: Clefable|Flamethrower|p2a: Gliscor
|-end|p2a: Gliscor|Substitute
|
|-heal|p2a: Gliscor|264\/352 tox|[from] ability: Poison Heal
|turn|44
|
|move|p2a: Gliscor|Protect|p2a: Gliscor
|-singleturn|p2a: Gliscor|Protect
|move|p1a: Clefable|Flamethrower|p2a: Gliscor
|-activate|p2a: Gliscor|Protect
|
|-heal|p2a: Gliscor|308\/352 tox|[from] ability: Poison Heal
|turn|45
|
|move|p2a: Gliscor|Substitute|p2a: Gliscor
|-start|p2a: Gliscor|Substitute
|-damage|p2a: Gliscor|220\/352 tox
|move|p1a: Clefable|Moonblast|p2a: Gliscor
|-end|p2a: Gliscor|Substitute
|
|-heal|p2a: Gliscor|264\/352 tox|[from] ability: Poison Heal
|turn|46
|
|move|p2a: Gliscor|Substitute|p2a: Gliscor
|-start|p2a: Gliscor|Substitute
|-damage|p2a: Gliscor|176\/352 tox
|move|p1a: Clefable|Calm Mind|p1a: Clefable
|-boost|p1a: Clefable|spa|1
|-boost|p1a: Clefable|spd|1
|
|-heal|p2a: Gliscor|220\/352 tox|[from] ability: Poison Heal
|turn|47
|
|move|p2a: Gliscor|Protect|p2a: Gliscor
|-singleturn|p2a: Gliscor|Protect
|move|p1a: Clefable|Flamethrower|p2a: Gliscor
|-activate|p2a: Gliscor|Protect
|
|-heal|p2a: Gliscor|264\/352 tox|[from] ability: Poison Heal
|turn|48
|
|move|p2a: Gliscor|Earthquake|p1a: Clefable
|-damage|p1a: Clefable|285\/394
|move|p1a: Clefable|Flamethrower|p2a: Gliscor
|-end|p2a: Gliscor|Substitute
|
|-heal|p1a: Clefable|309\/394|[from] item: Leftovers
|-heal|p2a: Gliscor|308\/352 tox|[from] ability: Poison Heal
|turn|49
|
|move|p2a: Gliscor|Substitute|p2a: Gliscor
|-start|p2a: Gliscor|Substitute
|-damage|p2a: Gliscor|220\/352 tox
|move|p1a: Clefable|Moonblast|p2a: Gliscor
|-end|p2a: Gliscor|Substitute
|
|-heal|p1a: Clefable|333\/394|[from] item: Leftovers
|-heal|p2a: Gliscor|264\/352 tox|[from] ability: Poison Heal
|turn|50
|
|move|p2a: Gliscor|Protect|p2a: Gliscor
|-singleturn|p2a: Gliscor|Protect
|move|p1a: Clefable|Flamethrower|p2a: Gliscor
|-activate|p2a: Gliscor|Protect
|
|-heal|p1a: Clefable|357\/394|[from] item: Leftovers
|-heal|p2a: Gliscor|308\/352 tox|[from] ability: Poison Heal
|turn|51
|
|move|p2a: Gliscor|Substitute|p2a: Gliscor
|-start|p2a: Gliscor|Substitute
|-damage|p2a: Gliscor|220\/352 tox
|move|p1a: Clefable|Moonblast|p2a: Gliscor
|-end|p2a: Gliscor|Substitute
|
|-heal|p1a: Clefable|381\/394|[from] item: Leftovers
|-heal|p2a: Gliscor|264\/352 tox|[from] ability: Poison Heal
|turn|52
|
|move|p2a: Gliscor|Protect|p2a: Gliscor
|-singleturn|p2a: Gliscor|Protect
|move|p1a: Clefable|Flamethrower|p2a: Gliscor
|-activate|p2a: Gliscor|Protect
|
|-heal|p1a: Clefable|394\/394|[from] item: Leftovers
|-heal|p2a: Gliscor|308\/352 tox|[from] ability: Poison Heal
|turn|53
|
|move|p2a: Gliscor|Substitute|p2a: Gliscor
|-start|p2a: Gliscor|Substitute
|-damage|p2a: Gliscor|220\/352 tox
|move|p1a: Clefable|Flamethrower|p2a: Gliscor
|-end|p2a: Gliscor|Substitute
|
|-heal|p2a: Gliscor|264\/352 tox|[from] ability: Poison Heal
|turn|54
|
|move|p2a: Gliscor|Protect|p2a: Gliscor
|-singleturn|p2a: Gliscor|Protect
|move|p1a: Clefable|Flamethrower|p2a: Gliscor
|-activate|p2a: Gliscor|Protect
|
|-heal|p2a: Gliscor|308\/352 tox|[from] ability: Poison Heal
|turn|55
|
|move|p2a: Gliscor|Substitute|p2a: Gliscor
|-start|p2a: Gliscor|Substitute
|-damage|p2a: Gliscor|220\/352 tox
|move|p1a: Clefable|Flamethrower|p2a: Gliscor
|-end|p2a: Gliscor|Substitute
|
|-heal|p2a: Gliscor|264\/352 tox|[from] ability: Poison Heal
|turn|56
|
|move|p2a: Gliscor|Substitute|p2a: Gliscor
|-start|p2a: Gliscor|Substitute
|-damage|p2a: Gliscor|176\/352 tox
|move|p1a: Clefable|Moonblast|p2a: Gliscor
|-end|p2a: Gliscor|Substitute
|
|-heal|p2a: Gliscor|220\/352 tox|[from] ability: Poison Heal
|turn|57
|
|move|p2a: Gliscor|Protect|p2a: Gliscor
|-singleturn|p2a: Gliscor|Protect
|move|p1a: Clefable|Calm Mind|p1a: Clefable
|-boost|p1a: Clefable|spa|1
|-boost|p1a: Clefable|spd|1
|
|-heal|p2a: Gliscor|264\/352 tox|[from] ability: Poison Heal
|turn|58
|
|move|p2a: Gliscor|Substitute|p2a: Gliscor
|-start|p2a: Gliscor|Substitute
|-damage|p2a: Gliscor|176\/352 tox
|move|p1a: Clefable|Flamethrower|p2a: Gliscor
|-crit|p2a: Gliscor
|-end|p2a: Gliscor|Substitute
|
|-heal|p2a: Gliscor|220\/352 tox|[from] ability: Poison Heal
|turn|59
|
|move|p2a: Gliscor|Protect|p2a: Gliscor
|-singleturn|p2a: Gliscor|Protect
|move|p1a: Clefable|Calm Mind|p1a: Clefable
|-fail|p1a: Clefable
|
|-heal|p2a: Gliscor|264\/352 tox|[from] ability: Poison Heal
|turn|60
|
|move|p2a: Gliscor|Substitute|p2a: Gliscor
|-start|p2a: Gliscor|Substitute
|-damage|p2a: Gliscor|176\/352 tox
|move|p1a: Clefable|Flamethrower|p2a: Gliscor
|-end|p2a: Gliscor|Substitute
|
|-heal|p2a: Gliscor|220\/352 tox|[from] ability: Poison Heal
|turn|61
|
|move|p2a: Gliscor|Protect|p2a: Gliscor
|-singleturn|p2a: Gliscor|Protect
|move|p1a: Clefable|Flamethrower|p2a: Gliscor
|-activate|p2a: Gliscor|Protect
|
|-heal|p2a: Gliscor|264\/352 tox|[from] ability: Poison Heal
|turn|62
|
|move|p2a: Gliscor|Substitute|p2a: Gliscor
|-start|p2a: Gliscor|Substitute
|-damage|p2a: Gliscor|176\/352 tox
|move|p1a: Clefable|Moonblast|p2a: Gliscor
|-end|p2a: Gliscor|Substitute
|
|-heal|p2a: Gliscor|220\/352 tox|[from] ability: Poison Heal
|turn|63
|
|move|p2a: Gliscor|Protect|p2a: Gliscor
|-singleturn|p2a: Gliscor|Protect
|move|p1a: Clefable|Moonblast|p2a: Gliscor
|-activate|p2a: Gliscor|Protect
|
|-heal|p2a: Gliscor|264\/352 tox|[from] ability: Poison Heal
|turn|64
|
|move|p2a: Gliscor|Earthquake|p1a: Clefable
|-damage|p1a: Clefable|286\/394
|move|p1a: Clefable|Moonblast|p2a: Gliscor
|-damage|p2a: Gliscor|0 fnt
|faint|p2a: Gliscor
|
|-heal|p1a: Clefable|310\/394|[from] item: Leftovers
|
|switch|p2a: Latias|Latias, F|99\/299
|-damage|p2a: Latias|62\/299|[from] Stealth Rock
|turn|65
|
|move|p2a: Latias|Psyshock|p1a: Clefable
|-damage|p1a: Clefable|158\/394
|-damage|p2a: Latias|33\/299|[from] item: Life Orb
|move|p1a: Clefable|Soft-Boiled|p1a: Clefable
|-heal|p1a: Clefable|355\/394
|
|-heal|p1a: Clefable|379\/394|[from] item: Leftovers
|turn|66
|
|move|p2a: Latias|Psyshock|p1a: Clefable
|-damage|p1a: Clefable|237\/394
|-damage|p2a: Latias|4\/299|[from] item: Life Orb
|move|p1a: Clefable|Moonblast|p2a: Latias
|-supereffective|p2a: Latias
|-damage|p2a: Latias|0 fnt
|faint|p2a: Latias
|
|-heal|p1a: Clefable|261\/394|[from] item: Leftovers
|
|switch|p2a: Lopunny|Lopunny-Mega, F|246\/281
|-damage|p2a: Lopunny|229\/281|[from] Stealth Rock
|turn|67
|
|switch|p1a: Gallade|Gallade, M|261\/278
|-damage|p1a: Gallade|244\/278|[from] Stealth Rock
|move|p2a: Lopunny|Fake Out|p1a: Gallade
|-damage|p1a: Gallade|132\/278
|
|turn|68
|c|âRed Skies|Fuck
|c|âRed Skies|Steadfast
|
|detailschange|p1a: Gallade|Gallade-Mega, M
|message|Gallade has Mega Evolved into Mega Gallade!
|move|p2a: Lopunny|Frustration|p1a: Gallade
|-damage|p1a: Gallade|0 fnt
|faint|p1a: Gallade
|
|
|switch|p1a: Clefable|Clefable, M|261\/394
|turn|69
|
|move|p2a: Lopunny|Frustration|p1a: Clefable
|-damage|p1a: Clefable|89\/394
|move|p1a: Clefable|Moonblast|p2a: Lopunny
|-supereffective|p2a: Lopunny
|-damage|p2a: Lopunny|1\/281
|-unboost|p2a: Lopunny|spa|1
|
|-heal|p1a: Clefable|113\/394|[from] item: Leftovers
|turn|70
|c|âRed Skies|LOL
|c|âRed Skies|Mim roll
|c|âRed Skies|SP less
|c|âRed Skies|Lmao
|
|move|p2a: Lopunny|Frustration|p1a: Clefable
|-damage|p1a: Clefable|0 fnt
|faint|p1a: Clefable
|
|win|breeshit
|raw|Ladder updating...
|raw|Red Skies's rating: 1557 &rarr; <strong>1539<\/strong><br \/>(-18 for losing)
|raw|breeshit's rating: 1591 &rarr; <strong>1609<\/strong><br \/>(+18 for winning)
|leave|Red Skies
|player|p1