|join|Reverb
|join|Red Skies
|player|p1|Reverb|#reverb
|player|p2|Red Skies|64
|gametype|singles
|gen|6
|tier|OU
|rated
|clearpoke
|poke|p1|Empoleon, M
|poke|p1|Tyranitar, F
|poke|p1|Charizard, M
|poke|p1|Keldeo
|poke|p1|Kyurem-Black
|poke|p1|Landorus-Therian, M
|poke|p2|Landorus, M
|poke|p2|Heatran, M
|poke|p2|Clefable, F
|poke|p2|Azumarill, F
|poke|p2|Rotom-Wash
|poke|p2|Scizor, F
|rule|Swagger Clause: Swagger is banned
|rule|Baton Pass Clause: Limit one PokÃ©mon knowing Baton Pass
|rule|Sleep Clause Mod: Limit one foe put to sleep
|rule|Species Clause: Limit one of each PokÃ©mon
|rule|OHKO Clause: OHKO moves are banned
|rule|Moody Clause: Moody is banned
|rule|Evasion Moves Clause: Evasion moves are banned
|rule|Endless Battle Clause: Forcing endless battles is banned
|rule|HP Percentage Mod: HP is shown in percentages
|teampreview
|join|lil manaphy
|join|mistaken
|
|start
|switch|p1a: Charizard|Charizard, M|297\/297
|switch|p2a: Rotom-Wash|Rotom-Wash|304\/304
|turn|1
|
|switch|p2a: Heatran|Heatran, M|386\/386
|detailschange|p1a: Charizard|Charizard-Mega-Y, M
|message|Charizard has Mega Evolved into Mega Charizard!
|-weather|SunnyDay
|move|p1a: Charizard|Solar Beam|p2a: Heatran|[still]
|-prepare|p1a: Charizard|Solar Beam|p2a: Heatran
|-anim|p1a: Charizard|Solar Beam|p2a: Heatran
|-resisted|p2a: Heatran
|-damage|p2a: Heatran|351\/386
|
|-weather|SunnyDay|[upkeep]
|-heal|p2a: Heatran|375\/386|[from] item: Leftovers
|turn|2
|join|WECAMEASROMANS
|
|move|p1a: Charizard|Earthquake|p2a: Heatran
|-supereffective|p2a: Heatran
|-damage|p2a: Heatran|71\/386
|move|p2a: Heatran|Stealth Rock|p1a: Charizard
|-sidestart|p1: Reverb|move: Stealth Rock
|
|-weather|SunnyDay|[upkeep]
|-heal|p2a: Heatran|95\/386|[from] item: Leftovers
|turn|3
|join|Yuttt.ttttt
|
|move|p2a: Heatran|Protect|p2a: Heatran
|-singleturn|p2a: Heatran|Protect
|move|p1a: Charizard|Earthquake|p2a: Heatran
|-activate|p2a: Heatran|Protect
|
|-weather|SunnyDay|[upkeep]
|-heal|p2a: Heatran|119\/386|[from] item: Leftovers
|turn|4
|join|Robert Edward Lee
|leave|WECAMEASROMANS
|
|switch|p2a: Rotom-Wash|Rotom-Wash|304\/304
|move|p1a: Charizard|Earthquake|p2a: Rotom-Wash
|-immune|p2a: Rotom-Wash|[msg]
|
|-weather|SunnyDay|[upkeep]
|turn|5
|join|Outrageous Fortune
|
|switch|p2a: Heatran|Heatran, M|119\/386
|move|p1a: Charizard|Solar Beam|p2a: Heatran|[still]
|-prepare|p1a: Charizard|Solar Beam|p2a: Heatran
|-anim|p1a: Charizard|Solar Beam|p2a: Heatran
|-resisted|p2a: Heatran
|-damage|p2a: Heatran|86\/386
|
|-weather|none
|-heal|p2a: Heatran|110\/386|[from] item: Leftovers
|turn|6
|
|switch|p1a: Empoleon|Empoleon, M|372\/372
|-damage|p1a: Empoleon|349\/372|[from] Stealth Rock
|switch|p2a: Rotom-Wash|Rotom-Wash|304\/304
|
|-heal|p1a: Empoleon|372\/372|[from] item: Leftovers
|turn|7
|
|move|p2a: Rotom-Wash|Will-O-Wisp|p1a: Empoleon
|-status|p1a: Empoleon|brn
|move|p1a: Empoleon|Defog|p2a: Rotom-Wash
|-unboost|p2a: Rotom-Wash|evasion|1
|-sideend|p1: Reverb|Stealth Rock|[from] move: Defog|[of] p1a: Empoleon
|
|-damage|p1a: Empoleon|326\/372 brn|[from] brn
|turn|8
|
|move|p2a: Rotom-Wash|Will-O-Wisp|p1a: Empoleon
|-fail|p1a: Empoleon|brn
|move|p1a: Empoleon|Stealth Rock|p2a: Rotom-Wash
|-sidestart|p2: Red Skies|move: Stealth Rock
|
|-heal|p1a: Empoleon|349\/372 brn|[from] item: Leftovers
|-damage|p1a: Empoleon|303\/372 brn|[from] brn
|turn|9
|
|move|p2a: Rotom-Wash|Will-O-Wisp|p1a: Empoleon
|-fail|p1a: Empoleon|brn
|move|p1a: Empoleon|Roar|p2a: Rotom-Wash
|drag|p2a: Landorus|Landorus, M|319\/319
|-damage|p2a: Landorus|280\/319|[from] Stealth Rock
|
|-heal|p1a: Empoleon|326\/372 brn|[from] item: Leftovers
|-damage|p1a: Empoleon|280\/372 brn|[from] brn
|turn|10
|
|switch|p1a: Landorus-Therian|Landorus-Therian, M|327\/327
|-ability|p1a: Landorus-Therian|Intimidate|[of] p2a: Landorus
|-unboost|p2a: Landorus|atk|1
|move|p2a: Landorus|Knock Off|p1a: Landorus-Therian
|-damage|p1a: Landorus-Therian|243\/327
|-enditem|p1a: Landorus-Therian|Choice Scarf|[from] move: Knock Off|[of] p2a: Landorus
|-damage|p2a: Landorus|249\/319|[from] item: Life Orb
|
|turn|11
|
|switch|p2a: Scizor|Scizor, F|344\/344
|-damage|p2a: Scizor|301\/344|[from] Stealth Rock
|move|p1a: Landorus-Therian|Explosion|p2a: Scizor
|-resisted|p2a: Scizor
|-damage|p2a: Scizor|178\/344
|faint|p1a: Landorus-Therian
|
|
|switch|p1a: Charizard|Charizard-Mega-Y, M|297\/297
|-weather|SunnyDay
|turn|12
|
|switch|p2a: Heatran|Heatran, M|110\/386
|-damage|p2a: Heatran|62\/386|[from] Stealth Rock
|move|p1a: Charizard|Fire Blast|p2a: Heatran
|-start|p2a: Heatran|ability: Flash Fire
|
|-weather|SunnyDay|[upkeep]
|-heal|p2a: Heatran|86\/386|[from] item: Leftovers
|turn|13
|
|move|p2a: Heatran|Protect|p2a: Heatran
|-singleturn|p2a: Heatran|Protect
|move|p1a: Charizard|Earthquake|p2a: Heatran
|-activate|p2a: Heatran|Protect
|
|-weather|SunnyDay|[upkeep]
|-heal|p2a: Heatran|110\/386|[from] item: Leftovers
|turn|14
|c| Yuttt.ttttt|just
|c| Yuttt.ttttt|dodge
|
|switch|p2a: Rotom-Wash|Rotom-Wash|304\/304
|-damage|p2a: Rotom-Wash|266\/304|[from] Stealth Rock
|move|p1a: Charizard|Earthquake|p2a: Rotom-Wash
|-immune|p2a: Rotom-Wash|[msg]
|
|-weather|SunnyDay|[upkeep]
|-heal|p2a: Rotom-Wash|285\/304|[from] item: Leftovers
|turn|15
|
|switch|p2a: Scizor|Scizor, F|178\/344
|-damage|p2a: Scizor|135\/344|[from] Stealth Rock
|move|p1a: Charizard|Solar Beam|p2a: Scizor|[still]
|-prepare|p1a: Charizard|Solar Beam|p2a: Scizor
|-anim|p1a: Charizard|Solar Beam|p2a: Scizor
|-resisted|p2a: Scizor
|-damage|p2a: Scizor|89\/344
|
|-weather|SunnyDay|[upkeep]
|turn|16
|
|switch|p2a: Rotom-Wash|Rotom-Wash|285\/304
|-damage|p2a: Rotom-Wash|247\/304|[from] Stealth Rock
|move|p1a: Charizard|Earthquake|p2a: Rotom-Wash
|-immune|p2a: Rotom-Wash|[msg]
|
|-weather|none
|-heal|p2a: Rotom-Wash|266\/304|[from] item: Leftovers
|turn|17
|
|switch|p1a: Empoleon|Empoleon, M|280\/372 brn
|move|p2a: Rotom-Wash|Volt Switch|p1a: Empoleon
|-supereffective|p1a: Empoleon
|-damage|p1a: Empoleon|128\/372 brn
|
|switch|p2a: Landorus|Landorus, M|249\/319
|-damage|p2a: Landorus|210\/319|[from] Stealth Rock
|
|-heal|p1a: Empoleon|151\/372 brn|[from] item: Leftovers
|-damage|p1a: Empoleon|105\/372 brn|[from] brn
|turn|18
|join|Squirrelll
|
|move|p2a: Landorus|Earth Power|p1a: Empoleon
|-supereffective|p1a: Empoleon
|-damage|p1a: Empoleon|0 fnt
|faint|p1a: Empoleon
|
|join|iplaytennislol
|
|switch|p1a: Charizard|Charizard-Mega-Y, M|297\/297
|-weather|SunnyDay
|turn|19
|
|move|p2a: Landorus|Sludge Wave|p1a: Charizard
|-damage|p1a: Charizard|133\/297
|move|p1a: Charizard|Fire Blast|p2a: Landorus
|-damage|p2a: Landorus|0 fnt
|faint|p2a: Landorus
|
|-weather|SunnyDay|[upkeep]
|
|switch|p2a: Heatran|Heatran, M|110\/386
|-damage|p2a: Heatran|62\/386|[from] Stealth Rock
|turn|20
|
|move|p1a: Charizard|Earthquake|p2a: Heatran
|-supereffective|p2a: Heatran
|-damage|p2a: Heatran|0 fnt
|faint|p2a: Heatran
|
|-weather|SunnyDay|[upkeep]
|
|switch|p2a: Scizor|Scizor, F|89\/344
|-damage|p2a: Scizor|46\/344|[from] Stealth Rock
|turn|21
|
|detailschange|p2a: Scizor|Scizor-Mega, F
|message|Scizor has Mega Evolved into Mega Scizor!
|move|p1a: Charizard|Earthquake|p2a: Scizor
|-damage|p2a: Scizor|0 fnt
|faint|p2a: Scizor
|
|-weather|SunnyDay|[upkeep]
|
|switch|p2a: Rotom-Wash|Rotom-Wash|266\/304
|-damage|p2a: Rotom-Wash|228\/304|[from] Stealth Rock
|turn|22
|
|move|p1a: Charizard|Solar Beam|p2a: Rotom-Wash|[still]
|-prepare|p1a: Charizard|Solar Beam|p2a: Rotom-Wash
|-anim|p1a: Charizard|Solar Beam|p2a: Rotom-Wash
|-supereffective|p2a: Rotom-Wash
|-damage|p2a: Rotom-Wash|0 fnt
|faint|p2a: Rotom-Wash
|
|-weather|SunnyDay|[upkeep]
|
|switch|p2a: Clefable|Clefable, F|394\/394
|-damage|p2a: Clefable|345\/394|[from] Stealth Rock
|turn|23
|
|move|p1a: Charizard|Roost|p1a: Charizard
|-heal|p1a: Charizard|282\/297
|move|p2a: Clefable|Moonlight|p2a: Clefable
|-heal|p2a: Clefable|394\/394
|
|-weather|none
|turn|24
|
|switch|p1a: Tyranitar|Tyranitar, F|383\/383
|-weather|Sandstorm
|move|p2a: Clefable|Calm Mind|p2a: Clefable
|-boost|p2a: Clefable|spa|1
|-boost|p2a: Clefable|spd|1
|
|-weather|Sandstorm|[upkeep]
|-damage|p2a: Clefable|370\/394|[from] sandstorm
|-heal|p2a: Clefable|394\/394|[from] item: Leftovers
|turn|25
|c| Robert Edward Lee|shiet.jpg
|c|âReverb|real,jpg
|c|âReverb|*.
|
|move|p1a: Tyranitar|Stone Edge|p2a: Clefable
|-damage|p2a: Clefable|106\/394
|move|p2a: Clefable|Moonlight|p2a: Clefable
|-heal|p2a: Clefable|204\/394
|
|-weather|Sandstorm|[upkeep]
|-damage|p2a: Clefable|180\/394|[from] sandstorm
|-heal|p2a: Clefable|204\/394|[from] item: Leftovers
|turn|26
|
|move|p1a: Tyranitar|Stone Edge|p2a: Clefable
|-crit|p2a: Clefable
|-damage|p2a: Clefable|0 fnt
|faint|p2a: Clefable
|
|-weather|Sandstorm|[upkeep]
|
|switch|p2a: Azumarill|Azumarill, F|380\/380
|-damage|p2a: Azumarill|333\/380|[from] Stealth Rock
|turn|27
|
|move|p1a: Tyranitar|Stone Edge|p2a: Azumarill
|-damage|p2a: Azumarill|0 fnt
|faint|p2a: Azumarill
|
|win|Reverb
|raw|Ladder updating...
|c|âReverb|gg
|c|âRed Skies|gg