|join|Red Skies
|join|BANFLINCHHAX
|player|p1|Red Skies|64
|player|p2|BANFLINCHHAX|169
|gametype|singles
|gen|6
|tier|OU
|rated
|clearpoke
|poke|p1|Excadrill, M
|poke|p1|Latios, M
|poke|p1|Azumarill, M
|poke|p1|Keldeo-Resolute
|poke|p1|Medicham, F
|poke|p1|Tyranitar, M
|poke|p2|Latias, F, shiny
|poke|p2|Pinsir, M, shiny
|poke|p2|Talonflame, F, shiny
|poke|p2|Staraptor, M, shiny
|poke|p2|Rotom-Wash, shiny
|poke|p2|Mamoswine, F, shiny
|rule|Swagger Clause: Swagger is banned
|rule|Baton Pass Clause: Limit one PokÃ©mon knowing Baton Pass
|rule|Sleep Clause Mod: Limit one foe put to sleep
|rule|Species Clause: Limit one of each PokÃ©mon
|rule|OHKO Clause: OHKO moves are banned
|rule|Moody Clause: Moody is banned
|rule|Evasion Moves Clause: Evasion moves are banned
|rule|Endless Battle Clause: Forcing endless battles is banned
|rule|HP Percentage Mod: HP is shown in percentages
|teampreview
|
|start
|switch|p1a: Medicham|Medicham, F|262\/262
|switch|p2a: Staraptor|Staraptor, M, shiny|311\/311
|turn|1
|
|detailschange|p1a: Medicham|Medicham-Mega, F
|message|Medicham has Mega Evolved into Mega Medicham!
|move|p1a: Medicham|Fake Out|p2a: Staraptor
|-damage|p2a: Staraptor|202\/311
|cant|p2a: Staraptor|flinch
|
|turn|2
|
|move|p2a: Staraptor|Brave Bird|p1a: Medicham
|-supereffective|p1a: Medicham
|-damage|p1a: Medicham|0 fnt
|-damage|p2a: Staraptor|116\/311|[from] recoil|[of] p1a: Medicham
|faint|p1a: Medicham
|
|
|switch|p1a: Tyranitar|Tyranitar, M|404\/404
|-weather|Sandstorm
|turn|3
|
|switch|p2a: Mamoswine|Mamoswine, F, shiny|361\/361
|move|p1a: Tyranitar|Stealth Rock|p2a: Mamoswine
|-sidestart|p2: BANFLINCHHAX|move: Stealth Rock
|
|-weather|Sandstorm|[upkeep]
|turn|4
|
|move|p2a: Mamoswine|Earthquake|p1a: Tyranitar
|-supereffective|p1a: Tyranitar
|-damage|p1a: Tyranitar|66\/404
|move|p1a: Tyranitar|Stone Edge|p2a: Mamoswine
|-damage|p2a: Mamoswine|166\/361
|
|-weather|Sandstorm|[upkeep]
|turn|5
|
|move|p2a: Mamoswine|Stealth Rock|p1a: Tyranitar
|-sidestart|p1: Red Skies|move: Stealth Rock
|move|p1a: Tyranitar|Stone Edge|p2a: Mamoswine
|-damage|p2a: Mamoswine|0 fnt
|faint|p2a: Mamoswine
|
|-weather|Sandstorm|[upkeep]
|
|switch|p2a: Staraptor|Staraptor, M, shiny|116\/311
|-damage|p2a: Staraptor|39\/311|[from] Stealth Rock
|turn|6
|
|switch|p1a: Azumarill|Azumarill, M|404\/404
|-damage|p1a: Azumarill|354\/404|[from] Stealth Rock
|move|p2a: Staraptor|U-turn|p1a: Azumarill
|-crit|p1a: Azumarill
|-resisted|p1a: Azumarill
|-damage|p1a: Azumarill|240\/404
|
|switch|p2a: Latias|Latias, F, shiny|301\/301
|-damage|p2a: Latias|264\/301|[from] Stealth Rock
|
|-weather|Sandstorm|[upkeep]
|-damage|p2a: Latias|246\/301|[from] sandstorm
|-damage|p1a: Azumarill|215\/404|[from] sandstorm
|turn|7
|
|move|p2a: Latias|Thunderbolt|p1a: Azumarill
|-supereffective|p1a: Azumarill
|-damage|p1a: Azumarill|36\/404
|-damage|p2a: Latias|216\/301|[from] item: Life Orb
|move|p1a: Azumarill|Knock Off|p2a: Latias
|-supereffective|p2a: Latias
|-damage|p2a: Latias|0 fnt
|-enditem|p2a: Latias|Life Orb|[from] move: Knock Off|[of] p1a: Azumarill
|faint|p2a: Latias
|
|-weather|Sandstorm|[upkeep]
|-damage|p1a: Azumarill|11\/404|[from] sandstorm
|
|switch|p2a: Rotom-Wash|Rotom-Wash, shiny|303\/303
|-damage|p2a: Rotom-Wash|266\/303|[from] Stealth Rock
|turn|8
|
|switch|p1a: Excadrill|Excadrill, M|372\/372
|-damage|p1a: Excadrill|361\/372|[from] Stealth Rock
|move|p2a: Rotom-Wash|Hydro Pump|p1a: Excadrill
|-supereffective|p1a: Excadrill
|-damage|p1a: Excadrill|1\/372
|
|-weather|Sandstorm|[upkeep]
|-damage|p2a: Rotom-Wash|248\/303|[from] sandstorm
|turn|9
|
|switch|p2a: Staraptor|Staraptor, M, shiny|39\/311
|-damage|p2a: Staraptor|0 fnt|[from] Stealth Rock
|faint|p2a: Staraptor
|move|p1a: Excadrill|Rock Slide|p2: Staraptor|[notarget]
|-notarget
|
|-weather|Sandstorm|[upkeep]
|
|switch|p2a: Pinsir|Pinsir, M, shiny|271\/271
|-damage|p2a: Pinsir|204\/271|[from] Stealth Rock
|turn|10
|
|detailschange|p2a: Pinsir|Pinsir-Mega, M, shiny
|message|Pinsir has Mega Evolved into Mega Pinsir!
|move|p2a: Pinsir|Quick Attack|p1a: Excadrill
|-resisted|p1a: Excadrill
|-damage|p1a: Excadrill|0 fnt
|faint|p1a: Excadrill
|
|-weather|none
|
|switch|p1a: Latios|Latios, M|301\/301
|-damage|p1a: Latios|264\/301|[from] Stealth Rock
|turn|11
|
|move|p2a: Pinsir|Quick Attack|p1a: Latios
|-damage|p1a: Latios|125\/301
|move|p1a: Latios|Draco Meteor|p2a: Pinsir
|-damage|p2a: Pinsir|0 fnt
|-unboost|p1a: Latios|spa|2
|faint|p2a: Pinsir
|
|
|switch|p2a: Rotom-Wash|Rotom-Wash, shiny|248\/303
|-damage|p2a: Rotom-Wash|211\/303|[from] Stealth Rock
|turn|12
|
|switch|p1a: Azumarill|Azumarill, M|11\/404
|-damage|p1a: Azumarill|0 fnt|[from] Stealth Rock
|faint|p1a: Azumarill
|move|p2a: Rotom-Wash|Hydro Pump|p1: Azumarill|[notarget]
|-notarget
|
|
|switch|p1a: Latios|Latios, M|125\/301
|-damage|p1a: Latios|88\/301|[from] Stealth Rock
|turn|13
|
|move|p1a: Latios|Draco Meteor|p2a: Rotom-Wash
|-damage|p2a: Rotom-Wash|0 fnt
|-unboost|p1a: Latios|spa|2
|faint|p2a: Rotom-Wash
|
|
|switch|p2a: Talonflame|Talonflame, F, shiny|297\/297
|-damage|p2a: Talonflame|149\/297|[from] Stealth Rock
|turn|14
|
|move|p2a: Talonflame|Brave Bird|p1a: Latios
|-damage|p1a: Latios|0 fnt
|-damage|p2a: Talonflame|120\/297|[from] recoil|[of] p1a: Latios
|faint|p1a: Latios
|
|
|switch|p1a: Tyranitar|Tyranitar, M|66\/404
|-damage|p1a: Tyranitar|16\/404|[from] Stealth Rock
|-weather|Sandstorm
|turn|15
|
|switch|p1a: Keldeo-Resolute|Keldeo-Resolute|323\/323
|-damage|p1a: Keldeo-Resolute|303\/323|[from] Stealth Rock
|move|p2a: Talonflame|Brave Bird|p1a: Keldeo-Resolute
|-supereffective|p1a: Keldeo-Resolute
|-damage|p1a: Keldeo-Resolute|0 fnt
|-damage|p2a: Talonflame|20\/297|[from] recoil|[of] p1a: Keldeo-Resolute
|faint|p1a: Keldeo-Resolute
|
|-weather|Sandstorm|[upkeep]
|-damage|p2a: Talonflame|2\/297|[from] sandstorm
|c|âRed Skies|lel
|c|âRed Skies|gg
|
|switch|p1a: Tyranitar|Tyranitar, M|16\/404
|-damage|p1a: Tyranitar|0 fnt|[from] Stealth Rock
|faint|p1a: Tyranitar
|
|win|BANFLINCHHAX
|raw|Ladder updating...