|join|This game is aids
|join|Red Skies
|player|p1|This game is aids|4
|player|p2|Red Skies|64
|gametype|singles
|gen|6
|tier|OU
|rated
|clearpoke
|poke|p1|Tyranitar, F
|poke|p1|Excadrill, M
|poke|p1|Greninja, F
|poke|p1|Pinsir, M
|poke|p1|Talonflame, M
|poke|p1|Dragonite, M
|poke|p2|Excadrill, M
|poke|p2|Clefable, M
|poke|p2|Rotom-Wash
|poke|p2|Keldeo-Resolute
|poke|p2|Medicham, F
|poke|p2|Tyranitar, M
|rule|Swagger Clause: Swagger is banned
|rule|Baton Pass Clause: Limit one PokÃ©mon knowing Baton Pass
|rule|Sleep Clause Mod: Limit one foe put to sleep
|rule|Species Clause: Limit one of each PokÃ©mon
|rule|OHKO Clause: OHKO moves are banned
|rule|Moody Clause: Moody is banned
|rule|Evasion Moves Clause: Evasion moves are banned
|rule|Endless Battle Clause: Forcing endless battles is banned
|rule|HP Percentage Mod: HP is shown in percentages
|teampreview
|
|start
|switch|p1a: Greninja|Greninja, F|286\/286
|switch|p2a: Rotom-Wash|Rotom-Wash|304\/304
|turn|1
|
|move|p1a: Greninja|Hidden Power|p2a: Rotom-Wash
|-start|p1a: Greninja|typechange|Grass|[from] Protean
|-supereffective|p2a: Rotom-Wash
|-damage|p2a: Rotom-Wash|109\/304
|-damage|p1a: Greninja|258\/286|[from] item: Life Orb
|move|p2a: Rotom-Wash|Volt Switch|p1a: Greninja
|-resisted|p1a: Greninja
|-damage|p1a: Greninja|204\/286
|
|switch|p2a: Tyranitar|Tyranitar, M|404\/404
|-weather|Sandstorm
|
|-weather|Sandstorm|[upkeep]
|-damage|p1a: Greninja|187\/286|[from] sandstorm
|turn|2
|join|ORAS OU bom meta
|
|move|p1a: Greninja|Hydro Pump|p2a: Tyranitar|[miss]
|-start|p1a: Greninja|typechange|Water|[from] Protean
|-miss|p1a: Greninja|p2a: Tyranitar
|move|p2a: Tyranitar|Stealth Rock|p1a: Greninja
|-sidestart|p1: This game is aids|move: Stealth Rock
|
|-weather|Sandstorm|[upkeep]
|-damage|p1a: Greninja|170\/286|[from] sandstorm
|turn|3
|
|switch|p2a: Clefable|Clefable, M|394\/394
|move|p1a: Greninja|Hydro Pump|p2a: Clefable
|-damage|p2a: Clefable|178\/394
|-damage|p1a: Greninja|142\/286|[from] item: Life Orb
|
|-weather|Sandstorm|[upkeep]
|-damage|p1a: Greninja|125\/286|[from] sandstorm
|-heal|p2a: Clefable|202\/394|[from] item: Leftovers
|turn|4
|
|move|p1a: Greninja|Hydro Pump|p2a: Clefable
|-damage|p2a: Clefable|0 fnt
|-damage|p1a: Greninja|97\/286|[from] item: Life Orb
|faint|p2a: Clefable
|
|-weather|Sandstorm|[upkeep]
|-damage|p1a: Greninja|80\/286|[from] sandstorm
|
|switch|p2a: Excadrill|Excadrill, M|372\/372
|-item|p2a: Excadrill|Air Balloon
|turn|5
|
|move|p2a: Excadrill|Rock Slide|p1a: Greninja
|-crit|p1a: Greninja
|-damage|p1a: Greninja|0 fnt
|faint|p1a: Greninja
|
|-weather|Sandstorm|[upkeep]
|
|switch|p1a: Dragonite|Dragonite, M|323\/323
|-damage|p1a: Dragonite|243\/323|[from] Stealth Rock
|turn|6
|
|switch|p2a: Tyranitar|Tyranitar, M|404\/404
|move|p1a: Dragonite|Extreme Speed|p2a: Tyranitar
|-resisted|p2a: Tyranitar
|-damage|p2a: Tyranitar|332\/404
|
|-weather|Sandstorm|[upkeep]
|-damage|p1a: Dragonite|223\/323|[from] sandstorm
|turn|7
|
|switch|p1a: Excadrill|Excadrill, M|369\/369
|-damage|p1a: Excadrill|358\/369|[from] Stealth Rock
|move|p2a: Tyranitar|Ice Beam|p1a: Excadrill
|-crit|p1a: Excadrill
|-damage|p1a: Excadrill|213\/369
|
|-weather|Sandstorm|[upkeep]
|turn|8
|
|move|p1a: Excadrill|Rapid Spin|p2a: Tyranitar
|-resisted|p2a: Tyranitar
|-damage|p2a: Tyranitar|316\/404
|-sideend|p1: This game is aids|Stealth Rock|[from] move: Rapid Spin|[of] p1a: Excadrill
|-damage|p1a: Excadrill|177\/369|[from] item: Life Orb
|move|p2a: Tyranitar|Stealth Rock|p1a: Excadrill
|-sidestart|p1: This game is aids|move: Stealth Rock
|
|-weather|none
|turn|9
|
|move|p1a: Excadrill|Rapid Spin|p2a: Tyranitar
|-resisted|p2a: Tyranitar
|-damage|p2a: Tyranitar|300\/404
|-sideend|p1: This game is aids|Stealth Rock|[from] move: Rapid Spin|[of] p1a: Excadrill
|-damage|p1a: Excadrill|141\/369|[from] item: Life Orb
|move|p2a: Tyranitar|Stealth Rock|p1a: Excadrill
|-sidestart|p1: This game is aids|move: Stealth Rock
|
|turn|10
|
|switch|p2a: Rotom-Wash|Rotom-Wash|109\/304
|move|p1a: Excadrill|Rapid Spin|p2a: Rotom-Wash
|-damage|p2a: Rotom-Wash|83\/304
|-sideend|p1: This game is aids|Stealth Rock|[from] move: Rapid Spin|[of] p1a: Excadrill
|-damage|p1a: Excadrill|105\/369|[from] item: Life Orb
|
|-heal|p2a: Rotom-Wash|102\/304|[from] item: Leftovers
|turn|11
|
|move|p1a: Excadrill|Rock Slide|p2a: Rotom-Wash
|-damage|p2a: Rotom-Wash|6\/304
|-damage|p1a: Excadrill|69\/369|[from] item: Life Orb
|cant|p2a: Rotom-Wash|flinch
|
|-heal|p2a: Rotom-Wash|25\/304|[from] item: Leftovers
|turn|12
|
|move|p1a: Excadrill|Rock Slide|p2a: Rotom-Wash
|-damage|p2a: Rotom-Wash|0 fnt
|-damage|p1a: Excadrill|33\/369|[from] item: Life Orb
|faint|p2a: Rotom-Wash
|
|
|switch|p2a: Keldeo-Resolute|Keldeo-Resolute|324\/324
|turn|13
|
|switch|p1a: Dragonite|Dragonite, M|223\/323
|move|p2a: Keldeo-Resolute|Scald|p1a: Dragonite
|-crit|p1a: Dragonite
|-resisted|p1a: Dragonite
|-damage|p1a: Dragonite|120\/323
|
|turn|14
|
|move|p2a: Keldeo-Resolute|Scald|p1a: Dragonite
|-resisted|p1a: Dragonite
|-damage|p1a: Dragonite|55\/323
|-status|p1a: Dragonite|brn
|move|p1a: Dragonite|Outrage|p2a: Keldeo-Resolute
|-damage|p2a: Keldeo-Resolute|120\/324
|
|-damage|p1a: Dragonite|15\/323 brn|[from] brn
|turn|15
|
|move|p2a: Keldeo-Resolute|Scald|p1a: Dragonite
|-crit|p1a: Dragonite
|-resisted|p1a: Dragonite
|-damage|p1a: Dragonite|0 fnt
|faint|p1a: Dragonite
|
|
|switch|p1a: Pinsir|Pinsir, M|271\/271
|turn|16
|
|switch|p2a: Tyranitar|Tyranitar, M|300\/404
|-weather|Sandstorm
|detailschange|p1a: Pinsir|Pinsir-Mega, M
|message|Pinsir has Mega Evolved into Mega Pinsir!
|move|p1a: Pinsir|Quick Attack|p2a: Tyranitar
|-resisted|p2a: Tyranitar
|-damage|p2a: Tyranitar|249\/404
|
|-weather|Sandstorm|[upkeep]
|-damage|p1a: Pinsir|255\/271|[from] sandstorm
|turn|17
|
|switch|p2a: Keldeo-Resolute|Keldeo-Resolute|120\/324
|move|p1a: Pinsir|Earthquake|p2a: Keldeo-Resolute
|-damage|p2a: Keldeo-Resolute|0 fnt
|faint|p2a: Keldeo-Resolute
|
|-weather|Sandstorm|[upkeep]
|-damage|p1a: Pinsir|239\/271|[from] sandstorm
|
|switch|p2a: Excadrill|Excadrill, M|372\/372
|-item|p2a: Excadrill|Air Balloon
|turn|18
|
|switch|p1a: Excadrill|Excadrill, M|33\/369
|move|p2a: Excadrill|Rock Slide|p1a: Excadrill
|-resisted|p1a: Excadrill
|-damage|p1a: Excadrill|0 fnt
|faint|p1a: Excadrill
|
|-weather|Sandstorm|[upkeep]
|
|switch|p1a: Tyranitar|Tyranitar, F|341\/341
|turn|19
|
|move|p2a: Excadrill|Earthquake|p1a: Tyranitar
|-supereffective|p1a: Tyranitar
|-enditem|p1a: Tyranitar|Focus Sash
|-damage|p1a: Tyranitar|1\/341
|move|p1a: Tyranitar|Fire Blast|p2a: Excadrill
|-supereffective|p2a: Excadrill
|-damage|p2a: Excadrill|66\/372
|-enditem|p2a: Excadrill|Air Balloon
|
|-weather|Sandstorm|[upkeep]
|turn|20
|
|move|p2a: Excadrill|Iron Head|p1a: Tyranitar
|-supereffective|p1a: Tyranitar
|-damage|p1a: Tyranitar|0 fnt
|faint|p1a: Tyranitar
|
|-weather|Sandstorm|[upkeep]
|
|switch|p1a: Pinsir|Pinsir-Mega, M|239\/271
|turn|21
|
|move|p1a: Pinsir|Quick Attack|p2a: Excadrill
|-resisted|p2a: Excadrill
|-damage|p2a: Excadrill|0 fnt
|faint|p2a: Excadrill
|
|-weather|Sandstorm|[upkeep]
|-damage|p1a: Pinsir|223\/271|[from] sandstorm
|
|switch|p2a: Tyranitar|Tyranitar, M|249\/404
|turn|22
|
|move|p1a: Pinsir|Earthquake|p2a: Tyranitar
|-supereffective|p2a: Tyranitar
|-damage|p2a: Tyranitar|17\/404
|move|p2a: Tyranitar|Stone Edge|p1a: Pinsir
|-supereffective|p1a: Pinsir
|-damage|p1a: Pinsir|0 fnt
|faint|p1a: Pinsir
|
|-weather|Sandstorm|[upkeep]
|
|switch|p1a: Talonflame|Talonflame, M|309\/309
|turn|23
|
|move|p1a: Talonflame|Brave Bird|p2a: Tyranitar
|-resisted|p2a: Tyranitar
|-damage|p2a: Tyranitar|0 fnt
|-damage|p1a: Talonflame|303\/309|[from] recoil|[of] p2a: Tyranitar
|faint|p2a: Tyranitar
|
|-weather|none
|
|switch|p2a: Medicham|Medicham, F|262\/262
|turn|24
|
|detailschange|p2a: Medicham|Medicham-Mega, F
|message|Medicham has Mega Evolved into Mega Medicham!
|move|p2a: Medicham|Fake Out|p1a: Talonflame
|-damage|p1a: Talonflame|181\/309
|cant|p1a: Talonflame|flinch
|
|turn|25
|
|move|p1a: Talonflame|Brave Bird|p2a: Medicham
|-supereffective|p2a: Medicham
|-damage|p2a: Medicham|0 fnt
|-damage|p1a: Talonflame|95\/309|[from] recoil|[of] p2a: Medicham
|faint|p2a: Medicham
|
|win|This game is aids
|raw|Ladder updating...
|c|âRed Skies|gg sash ttar
|c|âRed Skies|n_n
|raw|This game is aids's rating: 1689 &rarr; <strong>1713<\/strong><br \/>(+24 for winning)
|raw|Red Skies's rating: 1755 &rarr; <strong>1731<\/strong><br \/>(-24 for losing)
|leave|Red Skies
|player|p2
|join|Century Express
|leave|Century Express