|join|RS Swept
|join|Red Skies
|player|p1|RS Swept|29
|player|p2|Red Skies|64
|gametype|singles
|gen|6
|tier|OU
|rated
|clearpoke
|poke|p1|Gothitelle, F
|poke|p1|Skarmory, F
|poke|p1|Cresselia, F
|poke|p1|Quagsire, M
|poke|p1|Sableye, M
|poke|p1|Chansey, F
|poke|p2|Thundurus, M
|poke|p2|Garchomp, M
|poke|p2|Keldeo
|poke|p2|Azumarill, F
|poke|p2|Terrakion
|poke|p2|Metagross
|rule|Swagger Clause: Swagger is banned
|rule|Baton Pass Clause: Limit one PokÃ©mon knowing Baton Pass
|rule|Sleep Clause Mod: Limit one foe put to sleep
|rule|Species Clause: Limit one of each PokÃ©mon
|rule|OHKO Clause: OHKO moves are banned
|rule|Moody Clause: Moody is banned
|rule|Evasion Moves Clause: Evasion moves are banned
|rule|Endless Battle Clause: Forcing endless battles is banned
|rule|HP Percentage Mod: HP is shown in percentages
|teampreview
|
|start
|switch|p1a: Sableye|Sableye, M|303\/303
|switch|p2a: Thundurus|Thundurus, M|300\/300
|turn|1
|
|detailschange|p1a: Sableye|Sableye-Mega, M
|message|Sableye has Mega Evolved into Mega Sableye!
|move|p1a: Sableye|Calm Mind|p1a: Sableye
|-boost|p1a: Sableye|spa|1
|-boost|p1a: Sableye|spd|1
|move|p2a: Thundurus|Thunderbolt|p1a: Sableye
|-damage|p1a: Sableye|194\/303
|-status|p1a: Sableye|par
|-damage|p2a: Thundurus|270\/300|[from] item: Life Orb
|
|turn|2
|join|Mr.Treecko13
|join|Squirrelll
|
|switch|p2a: Azumarill|Azumarill, F|401\/401
|cant|p1a: Sableye|par
|
|turn|3
|c| Mr.Treecko13|i have youtube channel
|
|switch|p1a: Skarmory|Skarmory, F|333\/333
|move|p2a: Azumarill|Knock Off|p1a: Skarmory
|-damage|p1a: Skarmory|218\/333
|-enditem|p1a: Skarmory|Shed Shell|[from] move: Knock Off|[of] p2a: Azumarill
|
|turn|4
|
|switch|p2a: Terrakion|Terrakion|324\/324
|move|p1a: Skarmory|Roost|p1a: Skarmory
|-heal|p1a: Skarmory|333\/333
|
|turn|5
|
|move|p2a: Terrakion|Stone Edge|p1a: Skarmory
|-crit|p1a: Skarmory
|-damage|p1a: Skarmory|186\/333
|move|p1a: Skarmory|Spikes|p2a: Terrakion
|-sidestart|p2: Red Skies|Spikes
|
|turn|6
|leave|Mr.Treecko13
|
|move|p2a: Terrakion|Stealth Rock|p1a: Skarmory
|-sidestart|p1: RS Swept|move: Stealth Rock
|move|p1a: Skarmory|Roost|p1a: Skarmory
|-heal|p1a: Skarmory|333\/333
|
|turn|7
|
|move|p2a: Terrakion|Taunt|p1a: Skarmory
|-start|p1a: Skarmory|move: Taunt
|cant|p1a: Skarmory|move: Taunt|Spikes
|
|turn|8
|
|switch|p1a: Cresselia|Cresselia, F|444\/444
|-damage|p1a: Cresselia|389\/444|[from] Stealth Rock
|move|p2a: Terrakion|Stone Edge|p1a: Cresselia
|-damage|p1a: Cresselia|277\/444
|
|-heal|p1a: Cresselia|304\/444|[from] item: Leftovers
|turn|9
|
|move|p2a: Terrakion|Taunt|p1a: Cresselia
|-start|p1a: Cresselia|move: Taunt
|cant|p1a: Cresselia|move: Taunt|Moonlight
|
|-heal|p1a: Cresselia|331\/444|[from] item: Leftovers
|turn|10
|
|switch|p2a: Metagross|Metagross|302\/302
|-damage|p2a: Metagross|265\/302|[from] Spikes
|move|p1a: Cresselia|Psyshock|p2a: Metagross
|-resisted|p2a: Metagross
|-damage|p2a: Metagross|251\/302
|
|-heal|p1a: Cresselia|358\/444|[from] item: Leftovers
|turn|11
|
|switch|p1a: Quagsire|Quagsire, M|394\/394
|-damage|p1a: Quagsire|370\/394|[from] Stealth Rock
|detailschange|p2a: Metagross|Metagross-Mega
|message|Metagross has Mega Evolved into Mega Metagross!
|move|p2a: Metagross|Meteor Mash|p1a: Quagsire|[miss]
|-miss|p2a: Metagross|p1a: Quagsire
|
|-heal|p1a: Quagsire|394\/394|[from] item: Leftovers
|turn|12
|
|move|p2a: Metagross|Zen Headbutt|p1a: Quagsire
|-damage|p1a: Quagsire|219\/394
|move|p1a: Quagsire|Scald|p2a: Metagross
|-crit|p2a: Metagross
|-damage|p2a: Metagross|163\/302
|
|-heal|p1a: Quagsire|243\/394|[from] item: Leftovers
|turn|13
|join|Lulu6
|join|gelfui
|
|switch|p2a: Azumarill|Azumarill, F|401\/401
|-damage|p2a: Azumarill|351\/401|[from] Spikes
|move|p1a: Quagsire|Recover|p1a: Quagsire
|-heal|p1a: Quagsire|394\/394
|
|turn|14
|join|Wheezer
|
|switch|p1a: Cresselia|Cresselia, F|358\/444
|-damage|p1a: Cresselia|303\/444|[from] Stealth Rock
|move|p2a: Azumarill|Waterfall|p1a: Cresselia
|-damage|p1a: Cresselia|119\/444
|
|-heal|p1a: Cresselia|146\/444|[from] item: Leftovers
|turn|15
|
|move|p1a: Cresselia|Moonlight|p1a: Cresselia
|-heal|p1a: Cresselia|368\/444
|move|p2a: Azumarill|Waterfall|p1a: Cresselia
|-damage|p1a: Cresselia|176\/444
|
|-heal|p1a: Cresselia|203\/444|[from] item: Leftovers
|turn|16
|join|stally the kid
|
|move|p1a: Cresselia|Moonlight|p1a: Cresselia
|-heal|p1a: Cresselia|425\/444
|move|p2a: Azumarill|Waterfall|p1a: Cresselia
|-crit|p1a: Cresselia
|-damage|p1a: Cresselia|172\/444
|
|-heal|p1a: Cresselia|199\/444|[from] item: Leftovers
|turn|17
|join|Harumonia Natura
|join|Endless Sky
|join|I'm Rick Astley
|join|bellicose
|leave|I'm Rick Astley
|
|move|p1a: Cresselia|Moonlight|p1a: Cresselia
|-heal|p1a: Cresselia|421\/444
|move|p2a: Azumarill|Waterfall|p1a: Cresselia
|-damage|p1a: Cresselia|243\/444
|
|-heal|p1a: Cresselia|270\/444|[from] item: Leftovers
|turn|18
|c| Endless Sky|RED SKIES
|c| Endless Sky|SUCH A GOOD USERNAME
|c| Endless Sky|I'm so jealou
|c| Endless Sky|s
|leave|bellicose
|c|âRed Skies|lel
|
|move|p1a: Cresselia|Thunder Wave|p2a: Azumarill
|-status|p2a: Azumarill|par
|move|p2a: Azumarill|Waterfall|p1a: Cresselia
|-damage|p1a: Cresselia|80\/444
|
|-heal|p1a: Cresselia|107\/444|[from] item: Leftovers
|turn|19
|c| Endless Sky|>blue color
|c| Endless Sky|less jealous
|
|move|p1a: Cresselia|Moonlight|p1a: Cresselia
|-heal|p1a: Cresselia|329\/444
|cant|p2a: Azumarill|par
|
|-heal|p1a: Cresselia|356\/444|[from] item: Leftovers
|turn|20
|c| Harumonia Natura|>blue
|c| Harumonia Natura|are u colorblind nigga
|join|hats.marumaru
|
|move|p1a: Cresselia|Skill Swap|p2a: Azumarill
|-activate|p1a: Cresselia|move: Skill Swap|Huge Power|Levitate|[of] p2a: Azumarill
|move|p2a: Azumarill|Waterfall|p1a: Cresselia
|-damage|p1a: Cresselia|266\/444
|
|-heal|p1a: Cresselia|293\/444|[from] item: Leftovers
|turn|21
|c| Endless Sky|oh its purple
|c| Endless Sky|my badx
|c| Endless Sky|xd
|leave|Endless Sky
|join|flyingsweater
|c| Harumonia Natura|x
|
|switch|p2a: Thundurus|Thundurus, M|270\/300
|move|p1a: Cresselia|Moonlight|p1a: Cresselia
|-heal|p1a: Cresselia|444\/444
|
|turn|22
|leave|Harumonia Natura
|join|Zamrock
|join|Jefo
|
|switch|p1a: Quagsire|Quagsire, M|394\/394
|-damage|p1a: Quagsire|370\/394|[from] Stealth Rock
|move|p2a: Thundurus|Thunderbolt|p1a: Quagsire
|-immune|p1a: Quagsire|[msg]
|
|-heal|p1a: Quagsire|394\/394|[from] item: Leftovers
|turn|23
|
|move|p2a: Thundurus|Focus Blast|p1a: Quagsire
|-damage|p1a: Quagsire|160\/394
|-damage|p2a: Thundurus|240\/300|[from] item: Life Orb
|move|p1a: Quagsire|Toxic|p2a: Thundurus|[miss]
|-miss|p1a: Quagsire|p2a: Thundurus
|
|-heal|p1a: Quagsire|184\/394|[from] item: Leftovers
|turn|24
|
|switch|p2a: Metagross|Metagross-Mega|163\/302
|-damage|p2a: Metagross|126\/302|[from] Spikes
|switch|p1a: Chansey|Chansey, F|645\/645
|-damage|p1a: Chansey|565\/645|[from] Stealth Rock
|
|turn|25
|
|switch|p1a: Skarmory|Skarmory, F|333\/333
|-damage|p1a: Skarmory|292\/333|[from] Stealth Rock
|move|p2a: Metagross|Meteor Mash|p1a: Skarmory
|-resisted|p1a: Skarmory
|-damage|p1a: Skarmory|231\/333
|
|turn|26
|
|move|p2a: Metagross|Meteor Mash|p1a: Skarmory
|-resisted|p1a: Skarmory
|-damage|p1a: Skarmory|160\/333
|move|p1a: Skarmory|Roost|p1a: Skarmory
|-heal|p1a: Skarmory|327\/333
|
|turn|27
|
|move|p2a: Metagross|Meteor Mash|p1a: Skarmory
|-resisted|p1a: Skarmory
|-damage|p1a: Skarmory|267\/333
|move|p1a: Skarmory|Spikes|p2a: Metagross
|-sidestart|p2: Red Skies|Spikes
|
|turn|28
|
|move|p2a: Metagross|Meteor Mash|p1a: Skarmory
|-resisted|p1a: Skarmory
|-damage|p1a: Skarmory|195\/333
|move|p1a: Skarmory|Roost|p1a: Skarmory
|-heal|p1a: Skarmory|333\/333
|
|turn|29
|
|move|p2a: Metagross|Meteor Mash|p1a: Skarmory
|-resisted|p1a: Skarmory
|-damage|p1a: Skarmory|271\/333
|move|p1a: Skarmory|Brave Bird|p2a: Metagross
|-resisted|p2a: Metagross
|-damage|p2a: Metagross|87\/302
|-damage|p1a: Skarmory|258\/333|[from] recoil|[of] p2a: Metagross
|
|turn|30
|
|move|p2a: Metagross|Meteor Mash|p1a: Skarmory
|-resisted|p1a: Skarmory
|-damage|p1a: Skarmory|189\/333
|move|p1a: Skarmory|Roost|p1a: Skarmory
|-heal|p1a: Skarmory|333\/333
|
|turn|31
|join|I'm Rick Astley
|c|âRed Skies|o.o
|
|move|p2a: Metagross|Meteor Mash|p1a: Skarmory
|-resisted|p1a: Skarmory
|-damage|p1a: Skarmory|266\/333
|move|p1a: Skarmory|Brave Bird|p2a: Metagross
|-resisted|p2a: Metagross
|-damage|p2a: Metagross|47\/302
|-damage|p1a: Skarmory|253\/333|[from] recoil|[of] p2a: Metagross
|
|turn|32
|c| stally the kid|o.o
|
|move|p2a: Metagross|Ice Punch|p1a: Skarmory
|-damage|p1a: Skarmory|178\/333
|move|p1a: Skarmory|Roost|p1a: Skarmory
|-heal|p1a: Skarmory|333\/333
|
|turn|33
|c| Zamrock|metagross isn't a skarmory counter buddy....
|
|move|p2a: Metagross|Meteor Mash|p1a: Skarmory
|-crit|p1a: Skarmory
|-resisted|p1a: Skarmory
|-damage|p1a: Skarmory|231\/333
|move|p1a: Skarmory|Brave Bird|p2a: Metagross
|-resisted|p2a: Metagross
|-damage|p2a: Metagross|7\/302
|-damage|p1a: Skarmory|218\/333|[from] recoil|[of] p2a: Metagross
|
|turn|34
|c|âRed Skies|Yeah
|
|move|p2a: Metagross|Meteor Mash|p1a: Skarmory
|-resisted|p1a: Skarmory
|-damage|p1a: Skarmory|152\/333
|-boost|p2a: Metagross|atk|1
|move|p1a: Skarmory|Roost|p1a: Skarmory
|-heal|p1a: Skarmory|319\/333
|
|turn|35
|join|PorroPorro
|
|move|p2a: Metagross|Ice Punch|p1a: Skarmory
|-damage|p1a: Skarmory|208\/333
|move|p1a: Skarmory|Spikes|p2a: Metagross
|-sidestart|p2: Red Skies|Spikes
|
|turn|36
|
|move|p2a: Metagross|Meteor Mash|p1a: Skarmory
|-resisted|p1a: Skarmory
|-damage|p1a: Skarmory|112\/333
|move|p1a: Skarmory|Roost|p1a: Skarmory
|-heal|p1a: Skarmory|279\/333
|
|turn|37
|leave|I'm Rick Astley
|c| hats.marumaru|http:\/\/puu.sh\/dzdhX\/1b78d77103.png
|c| hats.marumaru|costa
|c| hats.marumaru|ill have you know
|c| hats.marumaru|jukain is mad as fuck
|c| hats.marumaru|because of you
|c| hats.marumaru|thank you
|c| hats.marumaru|its hilarious
|c| hats.marumaru|http:\/\/puu.sh\/dzdrx\/a1d5adbd66.png
|c| hats.marumaru|http:\/\/puu.sh\/dzeXh\/44eaaa484e.png
|c| hats.marumaru|http:\/\/puu.sh\/dzdgA\/a2ca6a4571.png
|c| hats.marumaru|http:\/\/puu.sh\/dzdDk\/74160161f0.png
|join|hand relief
|join|Calloflochie
|c| Zamrock|Cam, my nigga..
|c|+Calloflochie|hi
|c|+Calloflochie|u returned
|c|+Calloflochie|nice!
|c| Zamrock|yeah
|-message|Red Skies lost due to inactivity.
|
|win|RS Swept
|raw|Ladder updating...
|c|âRS Swept|gege
|c| Zamrock|had shit to take care of
|join|I'm Rick Astley
|leave|flyingsweater
|leave|hand relief
|c|+Calloflochie|i c
|leave|gelfui
|leave|Zamrock
|leave|I'm Rick Astley
|raw|RS Swept's rating: 1949 &rarr; <strong>1955<\/strong><br \/>(+6 for winning)
|raw|Red Skies's rating: 1649 &rarr; <strong>1643<\/strong><br \/>(-6 for losing)
|leave|Calloflochie
|join|LadderSoTall
|leave|Lulu6
|join|Lulu6
|c| LadderSoTall|lol this team really is op
|leave|RS Swept
|player|p1
|leave|Squirrelll
|leave|Wheezer
|leave|hats.marumaru
|leave|LadderSoTall
|leave|stally the kid
|leave|PorroPorro
|leave|Red Skies
|player|p2
|leave|Lulu6
|leave|Jefo