|join|Red Skies
|join|Adaranoy
|player|p1|Red Skies|64
|player|p2|Adaranoy|214
|gametype|singles
|gen|6
|tier|OU
|rated
|clearpoke
|poke|p1|Excadrill, F
|poke|p1|Latios, M
|poke|p1|Azumarill, M
|poke|p1|Keldeo-Resolute
|poke|p1|Medicham, F
|poke|p1|Tyranitar, M
|poke|p2|Azumarill, M
|poke|p2|Manectric, M, shiny
|poke|p2|Gothitelle, M
|poke|p2|Terrakion
|poke|p2|Tornadus-Therian, M
|poke|p2|Landorus-Therian, M
|rule|Swagger Clause: Swagger is banned
|rule|Baton Pass Clause: Limit one PokÃ©mon knowing Baton Pass
|rule|Sleep Clause Mod: Limit one foe put to sleep
|rule|Species Clause: Limit one of each PokÃ©mon
|rule|OHKO Clause: OHKO moves are banned
|rule|Moody Clause: Moody is banned
|rule|Evasion Moves Clause: Evasion moves are banned
|rule|Endless Battle Clause: Forcing endless battles is banned
|rule|HP Percentage Mod: HP is shown in percentages
|teampreview
|
|start
|switch|p1a: Tyranitar|Tyranitar, M|404\/404
|switch|p2a: Strength|Terrakion|323\/323
|-weather|Sandstorm
|turn|1
|
|switch|p1a: Azumarill|Azumarill, M|404\/404
|move|p2a: Strength|Rock Slide|p1a: Azumarill
|-damage|p1a: Azumarill|196\/404
|
|-weather|Sandstorm|[upkeep]
|-damage|p1a: Azumarill|171\/404|[from] sandstorm
|turn|2
|
|switch|p1a: Keldeo-Resolute|Keldeo-Resolute|323\/323
|move|p2a: Strength|Rock Slide|p1a: Keldeo-Resolute
|-resisted|p1a: Keldeo-Resolute
|-damage|p1a: Keldeo-Resolute|239\/323
|
|-weather|Sandstorm|[upkeep]
|-damage|p1a: Keldeo-Resolute|219\/323|[from] sandstorm
|turn|3
|
|switch|p2a: Mr Eggy|Azumarill, M|359\/359
|move|p1a: Keldeo-Resolute|Scald|p2a: Mr Eggy
|-resisted|p2a: Mr Eggy
|-damage|p2a: Mr Eggy|305\/359
|
|-weather|Sandstorm|[upkeep]
|-damage|p1a: Keldeo-Resolute|199\/323|[from] sandstorm
|-damage|p2a: Mr Eggy|283\/359|[from] sandstorm
|turn|4
|
|switch|p1a: Excadrill|Excadrill, F|372\/372
|move|p2a: Mr Eggy|Superpower|p1a: Excadrill
|-supereffective|p1a: Excadrill
|-damage|p1a: Excadrill|0 fnt
|-unboost|p2a: Mr Eggy|atk|1
|-unboost|p2a: Mr Eggy|def|1
|faint|p1a: Excadrill
|
|-weather|Sandstorm|[upkeep]
|-damage|p2a: Mr Eggy|261\/359|[from] sandstorm
|
|switch|p1a: Latios|Latios, M|301\/301
|turn|5
|
|switch|p2a: Gotcha Bitch!|Gothitelle, M|336\/336
|move|p1a: Latios|Psyshock|p2a: Gotcha Bitch!
|-crit|p2a: Gotcha Bitch!
|-resisted|p2a: Gotcha Bitch!
|-damage|p2a: Gotcha Bitch!|215\/336
|
|-weather|Sandstorm|[upkeep]
|-damage|p1a: Latios|283\/301|[from] sandstorm
|-damage|p2a: Gotcha Bitch!|194\/336|[from] sandstorm
|-heal|p2a: Gotcha Bitch!|215\/336|[from] item: Leftovers
|turn|6
|
|switch|p2a: Mr Eggy|Azumarill, M|261\/359
|move|p1a: Latios|Psyshock|p2a: Mr Eggy
|-damage|p2a: Mr Eggy|56\/359
|
|-weather|Sandstorm|[upkeep]
|-damage|p1a: Latios|265\/301|[from] sandstorm
|-damage|p2a: Mr Eggy|34\/359|[from] sandstorm
|turn|7
|
|switch|p2a: Gotcha Bitch!|Gothitelle, M|215\/336
|move|p1a: Latios|Psyshock|p2a: Gotcha Bitch!
|-resisted|p2a: Gotcha Bitch!
|-damage|p2a: Gotcha Bitch!|129\/336
|
|-weather|Sandstorm|[upkeep]
|-damage|p1a: Latios|247\/301|[from] sandstorm
|-damage|p2a: Gotcha Bitch!|108\/336|[from] sandstorm
|-heal|p2a: Gotcha Bitch!|129\/336|[from] item: Leftovers
|turn|8
|
|move|p1a: Latios|Psyshock|p2a: Gotcha Bitch!
|-resisted|p2a: Gotcha Bitch!
|-damage|p2a: Gotcha Bitch!|45\/336
|move|p2a: Gotcha Bitch!|Rest|p2a: Gotcha Bitch!
|-status|p2a: Gotcha Bitch!|slp
|-heal|p2a: Gotcha Bitch!|336\/336 slp|[silent]
|-status|p2a: Gotcha Bitch!|slp|[from] move: Rest
|
|-weather|none
|turn|9
|
|move|p1a: Latios|Psyshock|p2a: Gotcha Bitch!
|-resisted|p2a: Gotcha Bitch!
|-damage|p2a: Gotcha Bitch!|243\/336 slp
|cant|p2a: Gotcha Bitch!|slp
|
|-heal|p2a: Gotcha Bitch!|264\/336 slp|[from] item: Leftovers
|turn|10
|
|move|p1a: Latios|Psyshock|p2a: Gotcha Bitch!
|-resisted|p2a: Gotcha Bitch!
|-damage|p2a: Gotcha Bitch!|177\/336 slp
|cant|p2a: Gotcha Bitch!|slp
|
|-heal|p2a: Gotcha Bitch!|198\/336 slp|[from] item: Leftovers
|turn|11
|
|move|p1a: Latios|Psyshock|p2a: Gotcha Bitch!
|-resisted|p2a: Gotcha Bitch!
|-damage|p2a: Gotcha Bitch!|119\/336 slp
|-curestatus|p2a: Gotcha Bitch!|slp
|move|p2a: Gotcha Bitch!|Calm Mind|p2a: Gotcha Bitch!
|-boost|p2a: Gotcha Bitch!|spa|1
|-boost|p2a: Gotcha Bitch!|spd|1
|
|-heal|p2a: Gotcha Bitch!|140\/336|[from] item: Leftovers
|turn|12
|
|move|p1a: Latios|Psyshock|p2a: Gotcha Bitch!
|-resisted|p2a: Gotcha Bitch!
|-damage|p2a: Gotcha Bitch!|61\/336
|move|p2a: Gotcha Bitch!|Rest|p2a: Gotcha Bitch!
|-status|p2a: Gotcha Bitch!|slp
|-heal|p2a: Gotcha Bitch!|336\/336 slp|[silent]
|-status|p2a: Gotcha Bitch!|slp|[from] move: Rest
|
|turn|13
|
|move|p1a: Latios|Psyshock|p2a: Gotcha Bitch!
|-resisted|p2a: Gotcha Bitch!
|-damage|p2a: Gotcha Bitch!|257\/336 slp
|cant|p2a: Gotcha Bitch!|slp
|
|-heal|p2a: Gotcha Bitch!|278\/336 slp|[from] item: Leftovers
|turn|14
|
|move|p1a: Latios|Psyshock|p2a: Gotcha Bitch!
|-resisted|p2a: Gotcha Bitch!
|-damage|p2a: Gotcha Bitch!|192\/336 slp
|cant|p2a: Gotcha Bitch!|slp
|
|-heal|p2a: Gotcha Bitch!|213\/336 slp|[from] item: Leftovers
|turn|15
|
|move|p1a: Latios|Psyshock|p2a: Gotcha Bitch!
|-resisted|p2a: Gotcha Bitch!
|-damage|p2a: Gotcha Bitch!|125\/336 slp
|-curestatus|p2a: Gotcha Bitch!|slp
|move|p2a: Gotcha Bitch!|Calm Mind|p2a: Gotcha Bitch!
|-boost|p2a: Gotcha Bitch!|spa|1
|-boost|p2a: Gotcha Bitch!|spd|1
|
|-heal|p2a: Gotcha Bitch!|146\/336|[from] item: Leftovers
|turn|16
|
|move|p1a: Latios|Psyshock|p2a: Gotcha Bitch!
|-resisted|p2a: Gotcha Bitch!
|-damage|p2a: Gotcha Bitch!|65\/336
|move|p2a: Gotcha Bitch!|Rest|p2a: Gotcha Bitch!
|-status|p2a: Gotcha Bitch!|slp
|-heal|p2a: Gotcha Bitch!|336\/336 slp|[silent]
|-status|p2a: Gotcha Bitch!|slp|[from] move: Rest
|
|turn|17
|
|move|p1a: Latios|Psyshock|p2a: Gotcha Bitch!
|-resisted|p2a: Gotcha Bitch!
|-damage|p2a: Gotcha Bitch!|252\/336 slp
|cant|p2a: Gotcha Bitch!|slp
|
|-heal|p2a: Gotcha Bitch!|273\/336 slp|[from] item: Leftovers
|turn|18
|
|move|p1a: Latios|Psyshock|p2a: Gotcha Bitch!
|-resisted|p2a: Gotcha Bitch!
|-damage|p2a: Gotcha Bitch!|180\/336 slp
|cant|p2a: Gotcha Bitch!|slp
|
|-heal|p2a: Gotcha Bitch!|201\/336 slp|[from] item: Leftovers
|turn|19
|
|move|p1a: Latios|Psyshock|p2a: Gotcha Bitch!
|-resisted|p2a: Gotcha Bitch!
|-damage|p2a: Gotcha Bitch!|117\/336 slp
|-curestatus|p2a: Gotcha Bitch!|slp
|move|p2a: Gotcha Bitch!|Calm Mind|p2a: Gotcha Bitch!
|-boost|p2a: Gotcha Bitch!|spa|1
|-boost|p2a: Gotcha Bitch!|spd|1
|
|-heal|p2a: Gotcha Bitch!|138\/336|[from] item: Leftovers
|turn|20
|
|move|p1a: Latios|Psyshock|p2a: Gotcha Bitch!
|-resisted|p2a: Gotcha Bitch!
|-damage|p2a: Gotcha Bitch!|50\/336
|move|p2a: Gotcha Bitch!|Rest|p2a: Gotcha Bitch!
|-status|p2a: Gotcha Bitch!|slp
|-heal|p2a: Gotcha Bitch!|336\/336 slp|[silent]
|-status|p2a: Gotcha Bitch!|slp|[from] move: Rest
|
|turn|21
|
|-activate|p1a: Latios|move: Struggle
|move|p1a: Latios|Struggle|p2a: Gotcha Bitch!
|-damage|p2a: Gotcha Bitch!|307\/336 slp
|-damage|p1a: Latios|172\/301
|cant|p2a: Gotcha Bitch!|slp
|
|-heal|p2a: Gotcha Bitch!|328\/336 slp|[from] item: Leftovers
|turn|22
|
|-activate|p1a: Latios|move: Struggle
|move|p1a: Latios|Struggle|p2a: Gotcha Bitch!
|-damage|p2a: Gotcha Bitch!|297\/336 slp
|-damage|p1a: Latios|97\/301
|cant|p2a: Gotcha Bitch!|slp
|
|-heal|p2a: Gotcha Bitch!|318\/336 slp|[from] item: Leftovers
|turn|23
|
|-activate|p1a: Latios|move: Struggle
|move|p1a: Latios|Struggle|p2a: Gotcha Bitch!
|-damage|p2a: Gotcha Bitch!|288\/336 slp
|-damage|p1a: Latios|22\/301
|-curestatus|p2a: Gotcha Bitch!|slp
|move|p2a: Gotcha Bitch!|Calm Mind|p2a: Gotcha Bitch!
|-boost|p2a: Gotcha Bitch!|spa|1
|-boost|p2a: Gotcha Bitch!|spd|1
|
|-heal|p2a: Gotcha Bitch!|309\/336|[from] item: Leftovers
|turn|24
|
|-activate|p1a: Latios|move: Struggle
|move|p1a: Latios|Struggle|p2a: Gotcha Bitch!
|-crit|p2a: Gotcha Bitch!
|-damage|p2a: Gotcha Bitch!|266\/336
|-damage|p1a: Latios|0 fnt
|faint|p1a: Latios
|move|p2a: Gotcha Bitch!|Calm Mind|p2a: Gotcha Bitch!
|-boost|p2a: Gotcha Bitch!|spa|1
|-boost|p2a: Gotcha Bitch!|spd|1
|
|-heal|p2a: Gotcha Bitch!|287\/336|[from] item: Leftovers
|
|switch|p1a: Tyranitar|Tyranitar, M|404\/404
|-weather|Sandstorm
|turn|25
|
|move|p2a: Gotcha Bitch!|Energy Ball|p1a: Tyranitar
|-supereffective|p1a: Tyranitar
|-damage|p1a: Tyranitar|154\/404
|move|p1a: Tyranitar|Stealth Rock|p2a: Gotcha Bitch!
|-sidestart|p2: Adaranoy|move: Stealth Rock
|
|-weather|Sandstorm|[upkeep]
|-damage|p2a: Gotcha Bitch!|266\/336|[from] sandstorm
|-heal|p2a: Gotcha Bitch!|287\/336|[from] item: Leftovers
|turn|26
|
|move|p2a: Gotcha Bitch!|Energy Ball|p1a: Tyranitar
|-supereffective|p1a: Tyranitar
|-damage|p1a: Tyranitar|0 fnt
|faint|p1a: Tyranitar
|
|-weather|Sandstorm|[upkeep]
|-damage|p2a: Gotcha Bitch!|266\/336|[from] sandstorm
|-heal|p2a: Gotcha Bitch!|287\/336|[from] item: Leftovers
|
|switch|p1a: Azumarill|Azumarill, M|171\/404
|turn|27
|
|move|p1a: Azumarill|Aqua Jet|p2a: Gotcha Bitch!
|-damage|p2a: Gotcha Bitch!|217\/336
|move|p2a: Gotcha Bitch!|Psyshock|p1a: Azumarill
|-damage|p1a: Azumarill|0 fnt
|faint|p1a: Azumarill
|
|-weather|Sandstorm|[upkeep]
|-damage|p2a: Gotcha Bitch!|196\/336|[from] sandstorm
|-heal|p2a: Gotcha Bitch!|217\/336|[from] item: Leftovers
|
|switch|p1a: Medicham|Medicham, F|262\/262
|turn|28
|
|detailschange|p1a: Medicham|Medicham-Mega, F
|message|Medicham has Mega Evolved into Mega Medicham!
|move|p1a: Medicham|Fake Out|p2a: Gotcha Bitch!
|-damage|p2a: Gotcha Bitch!|147\/336
|cant|p2a: Gotcha Bitch!|flinch
|
|-weather|Sandstorm|[upkeep]
|-damage|p1a: Medicham|246\/262|[from] sandstorm
|-damage|p2a: Gotcha Bitch!|126\/336|[from] sandstorm
|-heal|p2a: Gotcha Bitch!|147\/336|[from] item: Leftovers
|turn|29
|
|move|p1a: Medicham|Zen Headbutt|p2a: Gotcha Bitch!
|-resisted|p2a: Gotcha Bitch!
|-damage|p2a: Gotcha Bitch!|44\/336
|move|p2a: Gotcha Bitch!|Psyshock|p1a: Medicham
|-damage|p1a: Medicham|0 fnt
|faint|p1a: Medicham
|
|-weather|Sandstorm|[upkeep]
|-damage|p2a: Gotcha Bitch!|23\/336|[from] sandstorm
|-heal|p2a: Gotcha Bitch!|44\/336|[from] item: Leftovers
|
|switch|p1a: Keldeo-Resolute|Keldeo-Resolute|199\/323
|turn|30
|
|move|p1a: Keldeo-Resolute|Hydro Pump|p2a: Gotcha Bitch!
|-damage|p2a: Gotcha Bitch!|2\/336
|move|p2a: Gotcha Bitch!|Psyshock|p1a: Keldeo-Resolute
|-supereffective|p1a: Keldeo-Resolute
|-damage|p1a: Keldeo-Resolute|0 fnt
|faint|p1a: Keldeo-Resolute
|
|win|Adaranoy
|raw|Ladder updating...