|join|breeshit
|join|Red Skies
|player|p1|breeshit|68
|player|p2|Red Skies|153
|gametype|singles
|gen|6
|tier|OU
|rated
|clearpoke
|poke|p1|Lopunny, F
|poke|p1|Magnezone
|poke|p1|Manaphy
|poke|p1|Latias, F
|poke|p1|Ferrothorn, F
|poke|p1|Gliscor, F
|poke|p2|Keldeo
|poke|p2|Gengar, F
|poke|p2|Gallade, M
|poke|p2|Tyranitar, M
|poke|p2|Clefable, F
|poke|p2|Excadrill, F
|rule|Swagger Clause: Swagger is banned
|rule|Baton Pass Clause: Limit one PokÃ©mon knowing Baton Pass
|rule|Sleep Clause Mod: Limit one foe put to sleep
|rule|Species Clause: Limit one of each PokÃ©mon
|rule|OHKO Clause: OHKO moves are banned
|rule|Moody Clause: Moody is banned
|rule|Evasion Moves Clause: Evasion moves are banned
|rule|Endless Battle Clause: Forcing endless battles is banned
|rule|HP Percentage Mod: HP is shown in percentages
|teampreview
|
|start
|switch|p1a: Lopunny|Lopunny, F|281\/281
|switch|p2a: Gallade|Gallade, M|278\/278
|turn|1
|
|detailschange|p1a: Lopunny|Lopunny-Mega, F
|message|Lopunny has Mega Evolved into Mega Lopunny!
|detailschange|p2a: Gallade|Gallade-Mega, M
|message|Gallade has Mega Evolved into Mega Gallade!
|move|p1a: Lopunny|Frustration|p2a: Gallade
|-damage|p2a: Gallade|80\/278
|move|p2a: Gallade|Close Combat|p1a: Lopunny
|-supereffective|p1a: Lopunny
|-damage|p1a: Lopunny|0 fnt
|-unboost|p2a: Gallade|def|1
|-unboost|p2a: Gallade|spd|1
|faint|p1a: Lopunny
|
|
|switch|p1a: Latias|Latias, F|301\/301
|turn|2
|
|move|p2a: Gallade|Ice Punch|p1a: Latias
|-supereffective|p1a: Latias
|-damage|p1a: Latias|65\/301
|move|p1a: Latias|Draco Meteor|p2a: Gallade
|-damage|p2a: Gallade|0 fnt
|-unboost|p1a: Latias|spa|2
|-damage|p1a: Latias|35\/301|[from] item: Life Orb
|faint|p2a: Gallade
|
|
|switch|p2a: Tyranitar|Tyranitar, M|404\/404
|-weather|Sandstorm
|turn|3
|
|move|p2a: Tyranitar|Pursuit|p1a: Latias|[from]Pursuit
|-supereffective|p1a: Latias
|-damage|p1a: Latias|0 fnt
|faint|p1a: Latias
|
|-weather|Sandstorm|[upkeep]
|
|switch|p1a: Manaphy|Manaphy|341\/341
|turn|4
|
|move|p1a: Manaphy|Tail Glow|p1a: Manaphy
|-boost|p1a: Manaphy|spa|3
|move|p2a: Tyranitar|Stealth Rock|p1a: Manaphy
|-sidestart|p1: breeshit|move: Stealth Rock
|
|-weather|Sandstorm|[upkeep]
|-damage|p1a: Manaphy|320\/341|[from] sandstorm
|-heal|p1a: Manaphy|341\/341|[from] item: Leftovers
|turn|5
|
|move|p1a: Manaphy|Scald|p2a: Tyranitar
|-supereffective|p2a: Tyranitar
|-damage|p2a: Tyranitar|110\/404
|move|p2a: Tyranitar|Stone Edge|p1a: Manaphy
|-damage|p1a: Manaphy|181\/341
|
|-weather|Sandstorm|[upkeep]
|-damage|p1a: Manaphy|160\/341|[from] sandstorm
|-heal|p1a: Manaphy|181\/341|[from] item: Leftovers
|turn|6
|
|move|p1a: Manaphy|Scald|p2a: Tyranitar
|-supereffective|p2a: Tyranitar
|-damage|p2a: Tyranitar|0 fnt
|faint|p2a: Tyranitar
|
|-weather|Sandstorm|[upkeep]
|-damage|p1a: Manaphy|160\/341|[from] sandstorm
|-heal|p1a: Manaphy|181\/341|[from] item: Leftovers
|
|switch|p2a: Excadrill|Excadrill, F|377\/377
|-item|p2a: Excadrill|Air Balloon
|turn|7
|
|switch|p1a: Ferrothorn|Ferrothorn, F|352\/352
|-damage|p1a: Ferrothorn|330\/352|[from] Stealth Rock
|move|p2a: Excadrill|Earthquake|p1a: Ferrothorn
|-damage|p1a: Ferrothorn|195\/352
|
|-weather|Sandstorm|[upkeep]
|-heal|p1a: Ferrothorn|217\/352|[from] item: Leftovers
|turn|8
|
|move|p2a: Excadrill|Swords Dance|p2a: Excadrill
|-boost|p2a: Excadrill|atk|2
|move|p1a: Ferrothorn|Leech Seed|p2a: Excadrill
|-start|p2a: Excadrill|move: Leech Seed
|
|-weather|Sandstorm|[upkeep]
|-heal|p1a: Ferrothorn|239\/352|[from] item: Leftovers
|-damage|p2a: Excadrill|330\/377|[from] Leech Seed|[of] p1a: Ferrothorn
|-heal|p1a: Ferrothorn|286\/352|[silent]
|turn|9
|
|move|p2a: Excadrill|Swords Dance|p2a: Excadrill
|-boost|p2a: Excadrill|atk|2
|move|p1a: Ferrothorn|Power Whip|p2a: Excadrill
|-damage|p2a: Excadrill|123\/377
|-enditem|p2a: Excadrill|Air Balloon
|
|-weather|Sandstorm|[upkeep]
|-heal|p1a: Ferrothorn|308\/352|[from] item: Leftovers
|-damage|p2a: Excadrill|76\/377|[from] Leech Seed|[of] p1a: Ferrothorn
|-heal|p1a: Ferrothorn|352\/352|[silent]
|turn|10
|
|switch|p1a: Gliscor|Gliscor, F|352\/352
|-damage|p1a: Gliscor|308\/352|[from] Stealth Rock
|move|p2a: Excadrill|Earthquake|p1a: Gliscor
|-immune|p1a: Gliscor|[msg]
|
|-weather|none
|-damage|p2a: Excadrill|29\/377|[from] Leech Seed|[of] p1a: Gliscor
|-heal|p1a: Gliscor|352\/352|[silent]
|-status|p1a: Gliscor|tox|[from] item: Toxic Orb
|turn|11
|
|move|p1a: Gliscor|Protect|p1a: Gliscor
|-singleturn|p1a: Gliscor|Protect
|move|p2a: Excadrill|Iron Head|p1a: Gliscor
|-activate|p1a: Gliscor|Protect
|
|-damage|p2a: Excadrill|0 fnt|[from] Leech Seed|[of] p1a: Gliscor
|faint|p2a: Excadrill
|
|switch|p2a: Clefable|Clefable, F|394\/394
|turn|12
|
|switch|p1a: Magnezone|Magnezone|300\/300
|-damage|p1a: Magnezone|282\/300|[from] Stealth Rock
|move|p2a: Clefable|Calm Mind|p2a: Clefable
|-boost|p2a: Clefable|spa|1
|-boost|p2a: Clefable|spd|1
|
|turn|13
|
|switch|p2a: Keldeo|Keldeo|323\/323
|move|p1a: Magnezone|Flash Cannon|p2a: Keldeo
|-resisted|p2a: Keldeo
|-damage|p2a: Keldeo|233\/323
|
|turn|14
|
|switch|p1a: Gliscor|Gliscor, F|352\/352 tox
|-damage|p1a: Gliscor|308\/352 tox|[from] Stealth Rock
|move|p2a: Keldeo|Secret Sword|p1a: Gliscor
|-resisted|p1a: Gliscor
|-damage|p1a: Gliscor|258\/352 tox
|
|-heal|p1a: Gliscor|302\/352 tox|[from] ability: Poison Heal
|turn|15
|
|switch|p2a: Gengar|Gengar, F|262\/262
|switch|p1a: Magnezone|Magnezone|282\/300
|-damage|p1a: Magnezone|264\/300|[from] Stealth Rock
|
|turn|16
|
|switch|p2a: Clefable|Clefable, F|394\/394
|move|p1a: Magnezone|Thunderbolt|p2a: Clefable
|-damage|p2a: Clefable|201\/394
|
|-heal|p2a: Clefable|225\/394|[from] item: Leftovers
|turn|17
|
|move|p1a: Magnezone|Flash Cannon|p2a: Clefable
|-crit|p2a: Clefable
|-supereffective|p2a: Clefable
|-damage|p2a: Clefable|0 fnt
|faint|p2a: Clefable
|
|join|Updated Kanto
|
|switch|p2a: Gengar|Gengar, F|262\/262
|turn|18
|join|Akkeshi
|
|move|p2a: Gengar|Focus Blast|p1a: Magnezone
|-supereffective|p1a: Magnezone
|-damage|p1a: Magnezone|0 fnt
|-damage|p2a: Gengar|236\/262|[from] item: Life Orb
|faint|p1a: Magnezone
|
|
|switch|p1a: Ferrothorn|Ferrothorn, F|352\/352
|-damage|p1a: Ferrothorn|330\/352|[from] Stealth Rock
|turn|19
|
|move|p2a: Gengar|Will-O-Wisp|p1a: Ferrothorn
|-status|p1a: Ferrothorn|brn
|move|p1a: Ferrothorn|Gyro Ball|p2a: Gengar
|-damage|p2a: Gengar|98\/262
|
|-heal|p1a: Ferrothorn|352\/352 brn|[from] item: Leftovers
|-damage|p1a: Ferrothorn|308\/352 brn|[from] brn
|turn|20
|c|âbreeshit|>
|c|âbreeshit|nice lorb wisp
|c|âbreeshit|moron!
|
|switch|p2a: Keldeo|Keldeo|233\/323
|move|p1a: Ferrothorn|Power Whip|p2a: Keldeo|[miss]
|-miss|p1a: Ferrothorn|p2a: Keldeo
|
|-heal|p1a: Ferrothorn|330\/352 brn|[from] item: Leftovers
|-damage|p1a: Ferrothorn|286\/352 brn|[from] brn
|turn|21
|c|âbreeshit|h yes
|
|switch|p1a: Gliscor|Gliscor, F|302\/352 tox
|-damage|p1a: Gliscor|258\/352 tox|[from] Stealth Rock
|move|p2a: Keldeo|Secret Sword|p1a: Gliscor
|-resisted|p1a: Gliscor
|-damage|p1a: Gliscor|213\/352 tox
|
|-heal|p1a: Gliscor|257\/352 tox|[from] ability: Poison Heal
|turn|22
|
|switch|p2a: Gengar|Gengar, F|98\/262
|move|p1a: Gliscor|Substitute|p1a: Gliscor
|-start|p1a: Gliscor|Substitute
|-damage|p1a: Gliscor|169\/352 tox
|
|-heal|p1a: Gliscor|213\/352 tox|[from] ability: Poison Heal
|turn|23
|
|switch|p2a: Keldeo|Keldeo|233\/323
|move|p1a: Gliscor|Substitute|p1a: Gliscor
|-fail|p1a: Gliscor|move: Substitute
|
|-heal|p1a: Gliscor|257\/352 tox|[from] ability: Poison Heal
|turn|24
|join|Celtis3459
|
|move|p2a: Keldeo|Scald|p1a: Gliscor
|-supereffective|p1a: Gliscor
|-end|p1a: Gliscor|Substitute
|move|p1a: Gliscor|Toxic|p2a: Keldeo
|-status|p2a: Keldeo|tox
|
|-damage|p2a: Keldeo|213\/323 tox|[from] psn
|-heal|p1a: Gliscor|301\/352 tox|[from] ability: Poison Heal
|turn|25
|
|move|p1a: Gliscor|Protect|p1a: Gliscor
|-singleturn|p1a: Gliscor|Protect
|move|p2a: Keldeo|Scald|p1a: Gliscor
|-activate|p1a: Gliscor|Protect
|
|-damage|p2a: Keldeo|173\/323 tox|[from] psn
|-heal|p1a: Gliscor|345\/352 tox|[from] ability: Poison Heal
|turn|26
|
|switch|p2a: Gengar|Gengar, F|98\/262
|move|p1a: Gliscor|Substitute|p1a: Gliscor
|-start|p1a: Gliscor|Substitute
|-damage|p1a: Gliscor|257\/352 tox
|
|-heal|p1a: Gliscor|301\/352 tox|[from] ability: Poison Heal
|turn|27
|c|âbreeshit|was close
|
|move|p2a: Gengar|Shadow Ball|p1a: Gliscor
|-end|p1a: Gliscor|Substitute
|-damage|p2a: Gengar|72\/262|[from] item: Life Orb
|move|p1a: Gliscor|Substitute|p1a: Gliscor
|-start|p1a: Gliscor|Substitute
|-damage|p1a: Gliscor|213\/352 tox
|
|-heal|p1a: Gliscor|257\/352 tox|[from] ability: Poison Heal
|turn|28
|
|switch|p2a: Keldeo|Keldeo|173\/323 tox
|move|p1a: Gliscor|Substitute|p1a: Gliscor
|-fail|p1a: Gliscor|move: Substitute
|
|-damage|p2a: Keldeo|153\/323 tox|[from] psn
|-heal|p1a: Gliscor|301\/352 tox|[from] ability: Poison Heal
|turn|29
|
|move|p1a: Gliscor|Protect|p1a: Gliscor
|-singleturn|p1a: Gliscor|Protect
|move|p2a: Keldeo|Scald|p1a: Gliscor
|-activate|p1a: Gliscor|Protect
|
|-damage|p2a: Keldeo|113\/323 tox|[from] psn
|-heal|p1a: Gliscor|345\/352 tox|[from] ability: Poison Heal
|turn|30
|
|move|p2a: Keldeo|Scald|p1a: Gliscor
|-supereffective|p1a: Gliscor
|-end|p1a: Gliscor|Substitute
|move|p1a: Gliscor|Earthquake|p2a: Keldeo
|-damage|p2a: Keldeo|0 fnt
|faint|p2a: Keldeo
|
|-heal|p1a: Gliscor|352\/352 tox|[from] ability: Poison Heal
|c|âRed Skies|gg
|leave|Updated Kanto
|c|âbreeshit|gg!!
|
|switch|p2a: Gengar|Gengar, F|72\/262
|turn|31
|
|move|p2a: Gengar|Shadow Ball|p1a: Gliscor
|-damage|p1a: Gliscor|109\/352 tox
|-damage|p2a: Gengar|46\/262|[from] item: Life Orb
|move|p1a: Gliscor|Substitute|p1a: Gliscor
|-start|p1a: Gliscor|Substitute
|-damage|p1a: Gliscor|21\/352 tox
|
|-heal|p1a: Gliscor|65\/352 tox|[from] ability: Poison Heal
|turn|32
|
|move|p1a: Gliscor|Protect|p1a: Gliscor
|-singleturn|p1a: Gliscor|Protect
|move|p2a: Gengar|Shadow Ball|p1a: Gliscor
|-activate|p1a: Gliscor|Protect
|
|-heal|p1a: Gliscor|109\/352 tox|[from] ability: Poison Heal
|turn|33
|
|move|p2a: Gengar|Shadow Ball|p1a: Gliscor
|-end|p1a: Gliscor|Substitute
|-damage|p2a: Gengar|20\/262|[from] item: Life Orb
|move|p1a: Gliscor|Substitute|p1a: Gliscor
|-start|p1a: Gliscor|Substitute
|-damage|p1a: Gliscor|21\/352 tox
|
|-heal|p1a: Gliscor|65\/352 tox|[from] ability: Poison Heal
|turn|34
|-message|Red Skies forfeited.
|
|win|breeshit
|raw|Ladder updating...
|leave|Red Skies
|player|p2