|join|Red Skies
|join|bange
|player|p1|Red Skies|64
|player|p2|bange|142
|gametype|singles
|gen|6
|tier|OU
|rated
|clearpoke
|poke|p1|Thundurus, M
|poke|p1|Garchomp, M
|poke|p1|Greninja, F
|poke|p1|Azumarill, M
|poke|p1|Terrakion
|poke|p1|Metagross
|poke|p2|Heatran, M
|poke|p2|Skarmory, F
|poke|p2|Sableye, M
|poke|p2|Seismitoad, M, shiny
|poke|p2|Whimsicott, F, shiny
|poke|p2|Azelf
|rule|Swagger Clause: Swagger is banned
|rule|Baton Pass Clause: Limit one PokÃ©mon knowing Baton Pass
|rule|Sleep Clause Mod: Limit one foe put to sleep
|rule|Species Clause: Limit one of each PokÃ©mon
|rule|OHKO Clause: OHKO moves are banned
|rule|Moody Clause: Moody is banned
|rule|Evasion Moves Clause: Evasion moves are banned
|rule|Endless Battle Clause: Forcing endless battles is banned
|rule|HP Percentage Mod: HP is shown in percentages
|teampreview
|
|start
|switch|p1a: Terrakion|Terrakion|324\/324
|switch|p2a: Sableye|Sableye, M|304\/304
|turn|1
|
|switch|p1a: Thundurus|Thundurus, M|300\/300
|detailschange|p2a: Sableye|Sableye-Mega, M
|message|Sableye has Mega Evolved into Mega Sableye!
|move|p2a: Sableye|Will-O-Wisp|p1a: Thundurus|[miss]
|-miss|p2a: Sableye|p1a: Thundurus
|
|turn|2
|
|switch|p2a: Seismitoad|Seismitoad, M, shiny|414\/414
|move|p1a: Thundurus|Thunderbolt|p2a: Seismitoad
|-immune|p2a: Seismitoad|[msg]
|
|turn|3
|
|move|p1a: Thundurus|Focus Blast|p2a: Seismitoad
|-damage|p2a: Seismitoad|213\/414
|-unboost|p2a: Seismitoad|spd|1
|-damage|p1a: Thundurus|270\/300|[from] item: Life Orb
|move|p2a: Seismitoad|Stealth Rock|p1a: Thundurus
|-sidestart|p1: Red Skies|move: Stealth Rock
|
|-heal|p2a: Seismitoad|238\/414|[from] item: Leftovers
|turn|4
|
|switch|p2a: Azelf|Azelf|291\/291
|move|p1a: Thundurus|Thunderbolt|p2a: Azelf
|-damage|p2a: Azelf|6\/291
|-damage|p1a: Thundurus|240\/300|[from] item: Life Orb
|
|turn|5
|
|move|p1a: Thundurus|Thunder Wave|p2a: Azelf
|-status|p2a: Azelf|par
|cant|p2a: Azelf|par
|
|turn|6
|
|switch|p2a: Seismitoad|Seismitoad, M, shiny|238\/414
|move|p1a: Thundurus|Thunderbolt|p2a: Seismitoad
|-immune|p2a: Seismitoad|[msg]
|
|-heal|p2a: Seismitoad|263\/414|[from] item: Leftovers
|turn|7
|
|move|p1a: Thundurus|Focus Blast|p2a: Seismitoad
|-crit|p2a: Seismitoad
|-damage|p2a: Seismitoad|0 fnt
|-damage|p1a: Thundurus|210\/300|[from] item: Life Orb
|faint|p2a: Seismitoad
|
|
|switch|p2a: Whimsicott|Whimsicott, F, shiny|261\/261
|turn|8
|
|move|p2a: Whimsicott|Moonblast|p1a: Thundurus
|-damage|p1a: Thundurus|8\/300
|move|p1a: Thundurus|Hidden Power|p2a: Whimsicott
|-supereffective|p2a: Whimsicott
|-damage|p2a: Whimsicott|40\/261
|-damage|p1a: Thundurus|0 fnt|[from] item: Life Orb
|faint|p1a: Thundurus
|
|
|switch|p1a: Garchomp|Garchomp, M|358\/358
|-damage|p1a: Garchomp|336\/358|[from] Stealth Rock
|turn|9
|
|switch|p2a: Sableye|Sableye-Mega, M|304\/304
|move|p1a: Garchomp|Swords Dance|p1a: Garchomp
|-boost|p1a: Garchomp|atk|2
|
|turn|10
|
|switch|p2a: Skarmory|Skarmory, F|334\/334
|move|p1a: Garchomp|Substitute|p1a: Garchomp
|-start|p1a: Garchomp|Substitute
|-damage|p1a: Garchomp|247\/358
|
|turn|11
|
|switch|p2a: Azelf|Azelf|6\/291 par
|move|p1a: Garchomp|Dragon Claw|p2a: Azelf
|-damage|p2a: Azelf|0 fnt
|faint|p2a: Azelf
|
|
|switch|p2a: Whimsicott|Whimsicott, F, shiny|40\/261
|turn|12
|
|move|p2a: Whimsicott|Moonblast|p1a: Garchomp
|-supereffective|p1a: Garchomp
|-damage|p1a: Garchomp|0 fnt
|faint|p1a: Garchomp
|
|
|switch|p1a: Metagross|Metagross|301\/301
|-damage|p1a: Metagross|283\/301|[from] Stealth Rock
|turn|13
|
|switch|p2a: Skarmory|Skarmory, F|334\/334
|detailschange|p1a: Metagross|Metagross-Mega
|message|Metagross has Mega Evolved into Mega Metagross!
|move|p1a: Metagross|Meteor Mash|p2a: Skarmory
|-resisted|p2a: Skarmory
|-damage|p2a: Skarmory|272\/334
|
|turn|14
|
|switch|p1a: Greninja|Greninja, F|285\/285
|-damage|p1a: Greninja|250\/285|[from] Stealth Rock
|move|p2a: Skarmory|Spikes|p1a: Greninja
|-sidestart|p1: Red Skies|Spikes
|
|turn|15
|
|switch|p2a: Whimsicott|Whimsicott, F, shiny|40\/261
|move|p1a: Greninja|Ice Beam|p2a: Whimsicott
|-start|p1a: Greninja|typechange|Ice|[from] Protean
|-supereffective|p2a: Whimsicott
|-damage|p2a: Whimsicott|0 fnt
|-damage|p1a: Greninja|222\/285|[from] item: Life Orb
|faint|p2a: Whimsicott
|
|
|switch|p2a: Heatran|Heatran, M|323\/323
|turn|16
|
|switch|p1a: Terrakion|Terrakion|324\/324
|-damage|p1a: Terrakion|284\/324|[from] Spikes
|-damage|p1a: Terrakion|264\/324|[from] Stealth Rock
|move|p2a: Heatran|Rock Tomb|p1a: Terrakion
|-resisted|p1a: Terrakion
|-damage|p1a: Terrakion|243\/324
|-unboost|p1a: Terrakion|spe|1
|
|turn|17
|
|move|p2a: Heatran|Flash Cannon|p1a: Terrakion
|-supereffective|p1a: Terrakion
|-damage|p1a: Terrakion|0 fnt
|faint|p1a: Terrakion
|
|
|switch|p1a: Azumarill|Azumarill, M|401\/401
|-damage|p1a: Azumarill|351\/401|[from] Stealth Rock
|-damage|p1a: Azumarill|301\/401|[from] Spikes
|turn|18
|
|switch|p2a: Skarmory|Skarmory, F|272\/334
|move|p1a: Azumarill|Waterfall|p2a: Skarmory
|-crit|p2a: Skarmory
|-damage|p2a: Skarmory|55\/334
|
|turn|19
|
|move|p2a: Skarmory|Roost|p2a: Skarmory
|-heal|p2a: Skarmory|222\/334
|move|p1a: Azumarill|Waterfall|p2a: Skarmory
|-damage|p2a: Skarmory|77\/334
|
|turn|20
|
|switch|p1a: Greninja|Greninja, F|222\/285
|-damage|p1a: Greninja|187\/285|[from] Spikes
|-damage|p1a: Greninja|152\/285|[from] Stealth Rock
|move|p2a: Skarmory|Roost|p2a: Skarmory
|-heal|p2a: Skarmory|244\/334
|
|turn|21
|
|switch|p2a: Heatran|Heatran, M|323\/323
|move|p1a: Greninja|Low Kick|p2a: Heatran
|-start|p1a: Greninja|typechange|Fighting|[from] Protean
|-supereffective|p2a: Heatran
|-damage|p2a: Heatran|0 fnt
|-damage|p1a: Greninja|124\/285|[from] item: Life Orb
|faint|p2a: Heatran
|
|
|switch|p2a: Sableye|Sableye-Mega, M|304\/304
|turn|22
|
|move|p1a: Greninja|Ice Beam|p2a: Sableye
|-start|p1a: Greninja|typechange|Ice|[from] Protean
|-damage|p2a: Sableye|164\/304
|-damage|p1a: Greninja|96\/285|[from] item: Life Orb
|move|p2a: Sableye|Will-O-Wisp|p1a: Greninja
|-status|p1a: Greninja|brn
|
|-damage|p1a: Greninja|61\/285 brn|[from] brn
|turn|23
|
|move|p1a: Greninja|Ice Beam|p2a: Sableye
|-damage|p2a: Sableye|24\/304
|-damage|p1a: Greninja|33\/285 brn|[from] item: Life Orb
|move|p2a: Sableye|Recover|p2a: Sableye
|-heal|p2a: Sableye|176\/304
|
|-damage|p1a: Greninja|0 fnt|[from] brn
|faint|p1a: Greninja
|
|switch|p1a: Metagross|Metagross-Mega|283\/301
|-damage|p1a: Metagross|265\/301|[from] Stealth Rock
|-damage|p1a: Metagross|228\/301|[from] Spikes
|turn|24
|
|move|p1a: Metagross|Meteor Mash|p2a: Sableye
|-damage|p2a: Sableye|17\/304
|-boost|p1a: Metagross|atk|1
|move|p2a: Sableye|Recover|p2a: Sableye
|-heal|p2a: Sableye|169\/304
|
|turn|25
|
|move|p1a: Metagross|Meteor Mash|p2a: Sableye
|-damage|p2a: Sableye|0 fnt
|faint|p2a: Sableye
|
|
|switch|p2a: Skarmory|Skarmory, F|244\/334
|turn|26
|
|move|p1a: Metagross|Meteor Mash|p2a: Skarmory
|-resisted|p2a: Skarmory
|-damage|p2a: Skarmory|142\/334
|move|p2a: Skarmory|Roost|p2a: Skarmory
|-heal|p2a: Skarmory|309\/334
|
|turn|27
|
|move|p1a: Metagross|Meteor Mash|p2a: Skarmory
|-resisted|p2a: Skarmory
|-damage|p2a: Skarmory|219\/334
|move|p2a: Skarmory|Counter|p1a: Metagross
|-damage|p1a: Metagross|48\/301
|
|turn|28
|
|move|p1a: Metagross|Ice Punch|p2a: Skarmory
|-damage|p2a: Skarmory|109\/334
|move|p2a: Skarmory|Roost|p2a: Skarmory
|-heal|p2a: Skarmory|276\/334
|
|turn|29
|
|move|p1a: Metagross|Ice Punch|p2a: Skarmory
|-damage|p2a: Skarmory|162\/334
|move|p2a: Skarmory|Counter|p1a: Metagross
|-damage|p1a: Metagross|0 fnt
|faint|p1a: Metagross
|
|
|switch|p1a: Azumarill|Azumarill, M|301\/401
|-damage|p1a: Azumarill|251\/401|[from] Stealth Rock
|-damage|p1a: Azumarill|201\/401|[from] Spikes
|turn|30
|
|move|p2a: Skarmory|Roost|p2a: Skarmory
|-heal|p2a: Skarmory|329\/334
|move|p1a: Azumarill|Waterfall|p2a: Skarmory
|-damage|p2a: Skarmory|173\/334
|
|turn|31
|
|move|p1a: Azumarill|Waterfall|p2a: Skarmory
|-damage|p2a: Skarmory|25\/334
|move|p2a: Skarmory|Counter|p1a: Azumarill
|-damage|p1a: Azumarill|0 fnt
|faint|p1a: Azumarill
|
|win|bange
|raw|Ladder updating...
|raw|Red Skies's rating: 1579 &rarr; <strong>1561<\/strong><br \/>(-18 for losing)
|raw|bange's rating: 1618 &rarr; <strong>1636<\/strong><br \/>(+18 for winning)
|leave|Red Skies
|player|p1