|join|Red Skies
|join|I ABR I
|player|p1|Red Skies|64
|player|p2|I ABR I|291
|gametype|singles
|gen|6
|tier|OU
|rated
|clearpoke
|poke|p1|Excadrill, F
|poke|p1|Clefable, M
|poke|p1|Rotom-Wash
|poke|p1|Keldeo-Resolute
|poke|p1|Medicham, M
|poke|p1|Tyranitar, M
|poke|p2|Sableye, M
|poke|p2|Clefable, M
|poke|p2|Starmie
|poke|p2|Bronzong
|poke|p2|Azumarill, M
|poke|p2|Shaymin
|rule|Swagger Clause: Swagger is banned
|rule|Baton Pass Clause: Limit one PokÃ©mon knowing Baton Pass
|rule|Sleep Clause Mod: Limit one foe put to sleep
|rule|Species Clause: Limit one of each PokÃ©mon
|rule|OHKO Clause: OHKO moves are banned
|rule|Moody Clause: Moody is banned
|rule|Evasion Moves Clause: Evasion moves are banned
|rule|Endless Battle Clause: Forcing endless battles is banned
|rule|HP Percentage Mod: HP is shown in percentages
|teampreview
|
|start
|switch|p1a: Clefable|Clefable, M|394\/394
|switch|p2a: Sableye|Sableye, M|303\/303
|turn|1
|
|switch|p2a: Bronzong|Bronzong|336\/336
|move|p1a: Clefable|Calm Mind|p1a: Clefable
|-boost|p1a: Clefable|spa|1
|-boost|p1a: Clefable|spd|1
|
|turn|2
|join|H1-C
|join|ox the fox
|
|move|p1a: Clefable|Flamethrower|p2a: Bronzong
|-supereffective|p2a: Bronzong
|-damage|p2a: Bronzong|204\/336
|move|p2a: Bronzong|Stealth Rock|p1a: Clefable
|-sidestart|p1: Red Skies|move: Stealth Rock
|
|-heal|p2a: Bronzong|225\/336|[from] item: Leftovers
|turn|3
|join|Yuttt.ttttt
|join|Wond3rbread
|
|switch|p2a: Clefable|Clefable, M|393\/393
|move|p1a: Clefable|Flamethrower|p2a: Clefable
|-damage|p2a: Clefable|333\/393
|
|-heal|p2a: Clefable|357\/393|[from] item: Leftovers
|turn|4
|leave|Yuttt.ttttt
|
|switch|p1a: Tyranitar|Tyranitar, M|404\/404
|-damage|p1a: Tyranitar|354\/404|[from] Stealth Rock
|-weather|Sandstorm
|move|p2a: Clefable|Moonblast|p1a: Tyranitar
|-supereffective|p1a: Tyranitar
|-damage|p1a: Tyranitar|250\/404
|
|-weather|Sandstorm|[upkeep]
|-damage|p2a: Clefable|333\/393|[from] sandstorm
|-heal|p2a: Clefable|357\/393|[from] item: Leftovers
|turn|5
|
|switch|p2a: Sableye|Sableye, M|303\/303
|move|p1a: Tyranitar|Stealth Rock|p2a: Sableye
|-sidestart|p2: I ABR I|move: Stealth Rock
|
|-weather|Sandstorm|[upkeep]
|-damage|p2a: Sableye|285\/303|[from] sandstorm
|turn|6
|join|Sepulchure II
|
|switch|p1a: Clefable|Clefable, M|394\/394
|detailschange|p2a: Sableye|Sableye-Mega, M
|message|Sableye has Mega Evolved into Mega Sableye!
|move|p2a: Sableye|Knock Off|p1a: Clefable
|-resisted|p1a: Clefable
|-damage|p1a: Clefable|343\/394
|-enditem|p1a: Clefable|Leftovers|[from] move: Knock Off|[of] p2a: Sableye
|
|-weather|Sandstorm|[upkeep]
|-damage|p2a: Sableye|267\/303|[from] sandstorm
|turn|7
|c| Wond3rbread|Red Skis has some nice balanced right there :]
|c| Sepulchure II|Abr I came here for u babe
|
|switch|p2a: Starmie|Starmie|323\/323
|-damage|p2a: Starmie|283\/323|[from] Stealth Rock
|move|p1a: Clefable|Moonblast|p2a: Starmie
|-damage|p2a: Starmie|177\/323
|-unboost|p2a: Starmie|spa|1
|
|-weather|Sandstorm|[upkeep]
|-damage|p2a: Starmie|157\/323|[from] sandstorm
|-heal|p2a: Starmie|177\/323|[from] item: Leftovers
|turn|8
|c|âI ABR I|yo
|c| Wond3rbread|the squad
|c|âI ABR I|r u guys linking
|c|âI ABR I|in pokebattle
|c| Wond3rbread|nah
|c| Sepulchure II|No
|c| Wond3rbread|just joining
|
|switch|p1a: Tyranitar|Tyranitar, M|250\/404
|-damage|p1a: Tyranitar|200\/404|[from] Stealth Rock
|move|p2a: Starmie|Rapid Spin|p1a: Tyranitar
|-resisted|p1a: Tyranitar
|-damage|p1a: Tyranitar|196\/404
|-sideend|p2: I ABR I|Stealth Rock|[from] move: Rapid Spin|[of] p2a: Starmie
|
|-weather|Sandstorm|[upkeep]
|-damage|p2a: Starmie|157\/323|[from] sandstorm
|-heal|p2a: Starmie|177\/323|[from] item: Leftovers
|turn|9
|c| Sepulchure II|we just like stalking bad players
|
|move|p2a: Starmie|Scald|p1a: Tyranitar
|-crit|p1a: Tyranitar
|-supereffective|p1a: Tyranitar
|-damage|p1a: Tyranitar|46\/404
|-status|p1a: Tyranitar|brn
|move|p1a: Tyranitar|Pursuit|p2a: Starmie
|-supereffective|p2a: Starmie
|-damage|p2a: Starmie|121\/323
|
|-weather|Sandstorm|[upkeep]
|-damage|p2a: Starmie|101\/323|[from] sandstorm
|-heal|p2a: Starmie|121\/323|[from] item: Leftovers
|-damage|p1a: Tyranitar|0 fnt|[from] brn
|faint|p1a: Tyranitar
|
|switch|p1a: Rotom-Wash|Rotom-Wash|304\/304
|-damage|p1a: Rotom-Wash|266\/304|[from] Stealth Rock
|turn|10
|
|switch|p2a: Shaymin|Shaymin|403\/403
|move|p1a: Rotom-Wash|Volt Switch|p2a: Shaymin
|-resisted|p2a: Shaymin
|-damage|p2a: Shaymin|361\/403
|
|switch|p1a: Medicham|Medicham, M|262\/262
|-damage|p1a: Medicham|246\/262|[from] Stealth Rock
|
|-weather|Sandstorm|[upkeep]
|-damage|p1a: Medicham|230\/262|[from] sandstorm
|-damage|p2a: Shaymin|336\/403|[from] sandstorm
|-heal|p2a: Shaymin|361\/403|[from] item: Leftovers
|turn|11
|c| Wond3rbread|hehe bwoi
|c| Wond3rbread|:]
|
|switch|p2a: Sableye|Sableye-Mega, M|267\/303
|detailschange|p1a: Medicham|Medicham-Mega, M
|message|Medicham has Mega Evolved into Mega Medicham!
|move|p1a: Medicham|Ice Punch|p2a: Sableye
|-damage|p2a: Sableye|155\/303
|
|-weather|none
|turn|12
|c|âI ABR I|spdef sab
|c|âI ABR I|walling medi like a pro
|
|switch|p1a: Clefable|Clefable, M|343\/394
|move|p2a: Sableye|Recover|p2a: Sableye
|-heal|p2a: Sableye|303\/303
|
|turn|13
|c| H1-C|Medi is garb though
|c|âI ABR I|ye it is
|c| H1-C|Slow and gets fucked by Mega Bro and this bitch
|
|switch|p1a: Excadrill|Excadrill, F|372\/372
|-damage|p1a: Excadrill|361\/372|[from] Stealth Rock
|-item|p1a: Excadrill|Air Balloon
|switch|p2a: Starmie|Starmie|121\/323
|
|-heal|p2a: Starmie|141\/323|[from] item: Leftovers
|turn|14
|
|switch|p2a: Sableye|Sableye-Mega, M|303\/303
|move|p1a: Excadrill|Earthquake|p2a: Sableye
|-damage|p2a: Sableye|164\/303
|
|turn|15
|c| Wond3rbread|mega allade>mega medi imo
|c|âI ABR I|nb damage
|c| H1-C|Well yea
|c|âI ABR I|gallade gets walled even harder
|
|move|p1a: Excadrill|Swords Dance|p1a: Excadrill
|-boost|p1a: Excadrill|atk|2
|move|p2a: Sableye|Recover|p2a: Sableye
|-heal|p2a: Sableye|303\/303
|
|turn|16
|c| H1-C|cuz it actually has coverage
|c|âI ABR I|by sab
|c|âI ABR I|o ic
|c| H1-C|Flinch
|c| H1-C|ftw
|c| H1-C|Lets see it
|join|FardinFromPB
|c| Wond3rbread|BOP"
|c| Wond3rbread|ABR Bout to get swept
|
|move|p1a: Excadrill|Iron Head|p2a: Sableye
|-damage|p2a: Sableye|86\/303
|move|p2a: Sableye|Foul Play|p1a: Excadrill
|-damage|p1a: Excadrill|0 fnt
|-enditem|p1a: Excadrill|Air Balloon
|faint|p1a: Excadrill
|
|c| Wond3rbread|by this +2 drill
|c|âI ABR I|nah
|
|switch|p1a: Medicham|Medicham-Mega, M|230\/262
|-damage|p1a: Medicham|214\/262|[from] Stealth Rock
|turn|17
|c|âI ABR I|trust me
|
|switch|p2a: Bronzong|Bronzong|225\/336
|move|p1a: Medicham|Ice Punch|p2a: Bronzong
|-crit|p2a: Bronzong
|-resisted|p2a: Bronzong
|-damage|p2a: Bronzong|123\/336
|-status|p2a: Bronzong|frz
|
|-heal|p2a: Bronzong|144\/336 frz|[from] item: Leftovers
|turn|18
|c|âI ABR I|i was sacking
|c| H1-C|Get
|c| Wond3rbread|why didn't he ewq
|c|âI ABR I|but ok
|c| Wond3rbread|*eq
|
|move|p1a: Medicham|Ice Punch|p2a: Bronzong
|-resisted|p2a: Bronzong
|-damage|p2a: Bronzong|73\/336 frz
|cant|p2a: Bronzong|frz
|
|-heal|p2a: Bronzong|94\/336 frz|[from] item: Leftovers
|turn|19
|c| Wond3rbread|BOP.
|
|move|p1a: Medicham|Ice Punch|p2a: Bronzong
|-resisted|p2a: Bronzong
|-damage|p2a: Bronzong|28\/336 frz
|cant|p2a: Bronzong|frz
|
|-heal|p2a: Bronzong|49\/336 frz|[from] item: Leftovers
|turn|20
|c| H1-C|Fucked
|c| Wond3rbread|Red Skies coming  through
|
|move|p1a: Medicham|Ice Punch|p2a: Bronzong
|-resisted|p2a: Bronzong
|-damage|p2a: Bronzong|0 fnt
|faint|p2a: Bronzong
|
|c|âI ABR I|u dont k my sets boi
|
|switch|p2a: Shaymin|Shaymin|361\/403
|turn|21
|c| Wond3rbread|bruh mega edi got that ice punch
|c| Wond3rbread|botu to 2hko
|c|âI ABR I|ok
|c|âI ABR I|watch
|c|âI ABR I|n learn
|
|move|p1a: Medicham|High Jump Kick|p2a: Shaymin
|-damage|p2a: Shaymin|76\/403
|move|p2a: Shaymin|Healing Wish|p2a: Shaymin
|faint|p2a: Shaymin
|
|
|switch|p2a: Sableye|Sableye-Mega, M|86\/303
|-heal|p2a: Sableye|303\/303|[from] move: Healing Wish
|turn|22
|c| Wond3rbread|he still has
|c| H1-C|This team is so retarded
|c| Wond3rbread|clefable
|c|âI ABR I|h1-c
|c|âI ABR I|godly*
|c| H1-C|No
|c|âI ABR I|and i have
|c|âI ABR I|my own clefable
|c|âI ABR I|for clefable
|c| H1-C|Not even close lol
|
|switch|p1a: Clefable|Clefable, M|343\/394
|move|p2a: Sableye|Foul Play|p1a: Clefable
|-resisted|p1a: Clefable
|-damage|p1a: Clefable|306\/394
|
|turn|23
|c| Wond3rbread|he gonna reveal stored power
|c|âI ABR I|clearly its working
|c| Wond3rbread|and sweep your team
|c|âI ABR I|i beat
|c|âI ABR I|stored clef
|c|âI ABR I|lol
|
|switch|p1a: Rotom-Wash|Rotom-Wash|266\/304
|-damage|p1a: Rotom-Wash|228\/304|[from] Stealth Rock
|switch|p2a: Clefable|Clefable, M|357\/393
|
|-heal|p1a: Rotom-Wash|247\/304|[from] item: Leftovers
|-heal|p2a: Clefable|381\/393|[from] item: Leftovers
|turn|24
|c| H1-C|You havent actually faced a team with any stall breakers
|c| Wond3rbread|unaware isn't affected
|c|âI ABR I|h1-c
|c| Wond3rbread|by stored power
|c|âI ABR I|name a breaker
|c|âI ABR I|wonder
|c|âI ABR I|even if he has full stored
|c|âI ABR I|if im at +6
|c|âI ABR I|it does nothing
|
|move|p1a: Rotom-Wash|Volt Switch|p2a: Clefable
|-damage|p2a: Clefable|314\/393
|c| Wond3rbread|ur cm clef on stall?
|
|switch|p1a: Clefable|Clefable, M|306\/394
|move|p2a: Clefable|Moonblast|p1a: Clefable
|-crit|p1a: Clefable
|-damage|p1a: Clefable|153\/394
|
|-heal|p2a: Clefable|338\/393|[from] item: Leftovers
|turn|25
|c| Wond3rbread|wtf
|c| Wond3rbread|what is ur wish passer
|c|âI ABR I|none
|c| Wond3rbread|lool
|
|move|p1a: Clefable|Soft-Boiled|p1a: Clefable
|-heal|p1a: Clefable|350\/394
|move|p2a: Clefable|Calm Mind|p2a: Clefable
|-boost|p2a: Clefable|spa|1
|-boost|p2a: Clefable|spd|1
|
|-heal|p2a: Clefable|362\/393|[from] item: Leftovers
|turn|26
|c|âI ABR I|everything can self heal
|c|âI ABR I|besides zong
|c| Wond3rbread|what innovation
|
|move|p1a: Clefable|Calm Mind|p1a: Clefable
|-boost|p1a: Clefable|spa|1
|-boost|p1a: Clefable|spd|1
|move|p2a: Clefable|Moonblast|p1a: Clefable
|-damage|p1a: Clefable|178\/394
|
|-heal|p2a: Clefable|386\/393|[from] item: Leftovers
|turn|27
|c| Wond3rbread|poor zong
|c| Wond3rbread|what if it gets lonely
|c| Wond3rbread|or something
|c|âI ABR I|i can always hwish
|c|âI ABR I|like i did with sab
|
|move|p1a: Clefable|Moonblast|p2a: Clefable
|-damage|p2a: Clefable|331\/393
|move|p2a: Clefable|Calm Mind|p2a: Clefable
|-boost|p2a: Clefable|spa|1
|-boost|p2a: Clefable|spd|1
|
|-heal|p2a: Clefable|355\/393|[from] item: Leftovers
|turn|28
|c| Wond3rbread|>sets up on unaware clef w\/ mag guard
|c| Wond3rbread|smart move
|
|switch|p1a: Rotom-Wash|Rotom-Wash|247\/304
|-damage|p1a: Rotom-Wash|209\/304|[from] Stealth Rock
|move|p2a: Clefable|Moonblast|p1a: Rotom-Wash
|-damage|p1a: Rotom-Wash|29\/304
|
|-heal|p1a: Rotom-Wash|48\/304|[from] item: Leftovers
|-heal|p2a: Clefable|379\/393|[from] item: Leftovers
|turn|29
|c| Wond3rbread|>brings in setup fodder
|
|move|p1a: Rotom-Wash|Pain Split|p2a: Clefable
|-sethp|p2a: Clefable|213\/393|p1a: Rotom-Wash|213\/304|[from] move: Pain Split
|move|p2a: Clefable|Moonblast|p1a: Rotom-Wash
|-damage|p1a: Rotom-Wash|42\/304
|-unboost|p1a: Rotom-Wash|spa|1
|
|-heal|p1a: Rotom-Wash|61\/304|[from] item: Leftovers
|-heal|p2a: Clefable|237\/393|[from] item: Leftovers
|turn|30
|c|âI ABR I|whew
|c|âRed Skies|Everyone on that basis with mega Sableye the team
|c|âI ABR I|comp died
|
|move|p1a: Rotom-Wash|Pain Split|p2a: Clefable
|-sethp|p2a: Clefable|149\/393|p1a: Rotom-Wash|149\/304|[from] move: Pain Split
|move|p2a: Clefable|Moonlight|p2a: Clefable
|-heal|p2a: Clefable|345\/393
|
|-heal|p1a: Rotom-Wash|168\/304|[from] item: Leftovers
|-heal|p2a: Clefable|369\/393|[from] item: Leftovers
|turn|31
|
|move|p1a: Rotom-Wash|Pain Split|p2a: Clefable
|-sethp|p2a: Clefable|268\/393|p1a: Rotom-Wash|268\/304|[from] move: Pain Split
|move|p2a: Clefable|Calm Mind|p2a: Clefable
|-boost|p2a: Clefable|spa|1
|-boost|p2a: Clefable|spd|1
|
|-heal|p1a: Rotom-Wash|287\/304|[from] item: Leftovers
|-heal|p2a: Clefable|292\/393|[from] item: Leftovers
|turn|32
|c| Wond3rbread|so true Red Skies
|c| Wond3rbread|why I run
|c| Wond3rbread|dat diancie
|c| Wond3rbread|mag
|c| Wond3rbread|azu core
|c| Wond3rbread|actually that doesn't break this
|
|move|p1a: Rotom-Wash|Will-O-Wisp|p2a: Clefable|[miss]
|-miss|p1a: Rotom-Wash|p2a: Clefable
|move|p2a: Clefable|Moonlight|p2a: Clefable
|-heal|p2a: Clefable|393\/393
|
|-heal|p1a: Rotom-Wash|304\/304|[from] item: Leftovers
|turn|33
|c|âI ABR I|nice
|c|âI ABR I|cancel button
|c|âI ABR I|comin thru
|
|move|p1a: Rotom-Wash|Will-O-Wisp|p2a: Clefable
|-status|p2a: Clefable|brn
|move|p2a: Clefable|Moonblast|p1a: Rotom-Wash
|-damage|p1a: Rotom-Wash|69\/304
|
|-heal|p1a: Rotom-Wash|88\/304|[from] item: Leftovers
|-damage|p2a: Clefable|344\/393 brn|[from] brn
|turn|34
|c| Wond3rbread|nvr works
|c| Wond3rbread|for me
|
|move|p1a: Rotom-Wash|Pain Split|p2a: Clefable
|-sethp|p2a: Clefable|216\/393 brn|p1a: Rotom-Wash|216\/304|[from] move: Pain Split
|move|p2a: Clefable|Heal Bell|p2a: Clefable
|-cureteam|p2a: Clefable|[from] move: HealBell
|
|-heal|p1a: Rotom-Wash|235\/304|[from] item: Leftovers
|-heal|p2a: Clefable|240\/393|[from] item: Leftovers
|turn|35
|
|move|p1a: Rotom-Wash|Will-O-Wisp|p2a: Clefable
|-status|p2a: Clefable|brn
|move|p2a: Clefable|Moonlight|p2a: Clefable
|-heal|p2a: Clefable|393\/393 brn
|
|-heal|p1a: Rotom-Wash|254\/304|[from] item: Leftovers
|-damage|p2a: Clefable|344\/393 brn|[from] brn
|turn|36
|
|move|p1a: Rotom-Wash|Will-O-Wisp|p2a: Clefable
|-fail|p2a: Clefable|brn
|move|p2a: Clefable|Moonblast|p1a: Rotom-Wash
|-damage|p1a: Rotom-Wash|2\/304
|
|-heal|p1a: Rotom-Wash|21\/304|[from] item: Leftovers
|-heal|p2a: Clefable|368\/393 brn|[from] item: Leftovers
|-damage|p2a: Clefable|319\/393 brn|[from] brn
|turn|37
|c| H1-C|So ABR, how does your team beat like Clefable + Stallbreaking Gengar?
|c|âI ABR I|um
|c|âI ABR I|spdef sab
|c| H1-C|Oh
|c|âI ABR I|is the best gengar counter
|c|âI ABR I|in the game
|c|âI ABR I|and
|c| H1-C|because you know
|c| Wond3rbread|even better
|c| H1-C|Clefable cant beat that
|c|âI ABR I|my clef beats other clef
|c| Wond3rbread|than mandiN
|c| ox the fox|n its not :[
|c| ox the fox|mandibuzz is better
|c| Wond3rbread|*mandi
|
|move|p1a: Rotom-Wash|Pain Split|p2a: Clefable
|-sethp|p2a: Clefable|170\/393 brn|p1a: Rotom-Wash|170\/304|[from] move: Pain Split
|move|p2a: Clefable|Moonblast|p1a: Rotom-Wash
|-damage|p1a: Rotom-Wash|0 fnt
|faint|p1a: Rotom-Wash
|
|-heal|p2a: Clefable|194\/393 brn|[from] item: Leftovers
|-damage|p2a: Clefable|145\/393 brn|[from] brn
|c|âI ABR I|nah
|c|âI ABR I|mandi takes sr
|c|âI ABR I|and gets 2hkod by sludge
|
|switch|p1a: Medicham|Medicham-Mega, M|214\/262
|-damage|p1a: Medicham|198\/262|[from] Stealth Rock
|turn|38
|c| Wond3rbread|spdef mandi
|c| H1-C|Honestly
|c| H1-C|you could just get your shit tricked
|c| Wond3rbread|takes a lot less
|
|switch|p2a: Starmie|Starmie|141\/323
|move|p1a: Medicham|Zen Headbutt|p2a: Starmie
|-resisted|p2a: Starmie
|-damage|p2a: Starmie|30\/323
|
|-heal|p2a: Starmie|50\/323|[from] item: Leftovers
|turn|39
|c| Wond3rbread|last time I checked
|c| ox the fox|isn't sab 2hkod after rocks?
|c|âI ABR I|how is the opp
|c| Wond3rbread|probs not
|c|âI ABR I|ever getting rocks
|c|âI ABR I|and they need
|c|âI ABR I|high rolls
|
|move|p1a: Medicham|High Jump Kick|p2a: Starmie
|-crit|p2a: Starmie
|-resisted|p2a: Starmie
|-damage|p2a: Starmie|0 fnt
|faint|p2a: Starmie
|
|
|switch|p2a: Sableye|Sableye-Mega, M|303\/303
|turn|40
|c| Wond3rbread|by getting rocks
|c| Wond3rbread|u get rocked
|c| ox the fox|lol
|c| Wond3rbread|simply
|
|switch|p1a: Keldeo-Resolute|Keldeo-Resolute|324\/324
|-damage|p1a: Keldeo-Resolute|304\/324|[from] Stealth Rock
|move|p2a: Sableye|Foul Play|p1a: Keldeo-Resolute
|-resisted|p1a: Keldeo-Resolute
|-damage|p1a: Keldeo-Resolute|262\/324
|-boost|p1a: Keldeo-Resolute|atk|1|[from] ability: Justified
|
|turn|41
|c| Wond3rbread|put
|
|switch|p2a: Azumarill|Azumarill, M|403\/403
|move|p1a: Keldeo-Resolute|Scald|p2a: Azumarill
|-resisted|p2a: Azumarill
|-damage|p2a: Azumarill|346\/403
|
|-heal|p2a: Azumarill|371\/403|[from] item: Leftovers
|turn|42
|c| H1-C|Your team has a lot of answers to thinks
|c| H1-C|things*
|c|âI ABR I|A+ counter
|c|âI ABR I|over here
|
|move|p1a: Keldeo-Resolute|Scald|p2a: Azumarill
|-resisted|p2a: Azumarill
|-damage|p2a: Azumarill|309\/403
|move|p2a: Azumarill|Toxic|p1a: Keldeo-Resolute
|-status|p1a: Keldeo-Resolute|tox
|
|-heal|p2a: Azumarill|334\/403|[from] item: Leftovers
|-damage|p1a: Keldeo-Resolute|242\/324 tox|[from] psn
|turn|43
|c| H1-C|but like 3 of your mons
|c|âI ABR I|r werid af
|c|âI ABR I|ik
|
|switch|p1a: Clefable|Clefable, M|178\/394
|move|p2a: Azumarill|Scald|p1a: Clefable
|-damage|p1a: Clefable|112\/394
|
|-heal|p2a: Azumarill|359\/403|[from] item: Leftovers
|turn|44
|c| H1-C|well
|c| H1-C|4 actually
|c|âI ABR I|azu is the only mon that beats both zards
|c|âI ABR I|?
|c|âI ABR I|bronzong?
|c| ox the fox|abr how well has shaymin been working out for you
|c| H1-C|Bronzong
|c|âI ABR I|very well
|c| FardinFromPB|sap spinner
|c| H1-C|yea
|c| FardinFromPB|what is this
|c|âI ABR I|nah zong is legit
|c| FardinFromPB|lol
|c|âI ABR I|beats fairies n lando
|
|move|p1a: Clefable|Moonblast|p2a: Azumarill
|-damage|p2a: Azumarill|275\/403
|move|p2a: Azumarill|Scald|p1a: Clefable
|-damage|p1a: Clefable|48\/394
|
|-heal|p2a: Azumarill|300\/403|[from] item: Leftovers
|turn|45
|c| Wond3rbread|>doesn't recover
|
|move|p1a: Clefable|Soft-Boiled|p1a: Clefable
|-heal|p1a: Clefable|245\/394
|move|p2a: Azumarill|Scald|p1a: Clefable
|-damage|p1a: Clefable|185\/394
|-status|p1a: Clefable|brn
|
|-heal|p2a: Azumarill|325\/403|[from] item: Leftovers
|turn|46
|c| Sepulchure II|Have you got the xbone yet
|c|âI ABR I|yes
|c| Sepulchure II|Halo is unplayable
|
|move|p1a: Clefable|Soft-Boiled|p1a: Clefable
|-heal|p1a: Clefable|382\/394 brn
|move|p2a: Azumarill|Scald|p1a: Clefable
|-damage|p1a: Clefable|321\/394 brn
|
|-heal|p2a: Azumarill|350\/403|[from] item: Leftovers
|turn|47
|c|âI ABR I|no
|c|âI ABR I|they fixed servers
|c|âI ABR I|u nub
|
|move|p1a: Clefable|Moonblast|p2a: Azumarill
|-damage|p2a: Azumarill|262\/403
|move|p2a: Azumarill|Scald|p1a: Clefable
|-damage|p1a: Clefable|260\/394 brn
|
|-heal|p2a: Azumarill|287\/403|[from] item: Leftovers
|turn|48
|c| Sepulchure II|Oh I have a ps4
|c| Wond3rbread|go for cm
|c| Sepulchure II|lmap
|
|move|p1a: Clefable|Calm Mind|p1a: Clefable
|-boost|p1a: Clefable|spa|1
|-boost|p1a: Clefable|spd|1
|move|p2a: Azumarill|Scald|p1a: Clefable
|-damage|p1a: Clefable|220\/394 brn
|
|-heal|p2a: Azumarill|312\/403|[from] item: Leftovers
|turn|49
|c| Wond3rbread|whilel u still can
|c|âI ABR I|wonder it doesnt batter
|c|âI ABR I|matter
|c| Wond3rbread|if he has stored power
|c| Wond3rbread|he can hit you
|c|âI ABR I|im waiting til i get a free clef switch
|
|move|p1a: Clefable|Moonblast|p2a: Azumarill
|-damage|p2a: Azumarill|171\/403
|-unboost|p2a: Azumarill|spa|1
|move|p2a: Azumarill|Scald|p1a: Clefable
|-damage|p1a: Clefable|193\/394 brn
|
|-heal|p2a: Azumarill|196\/403|[from] item: Leftovers
|turn|50
|c| Wond3rbread|b4 clef can set up
|c|âI ABR I|i can promise
|c| Wond3rbread|which would actualy win him the game
|c| Wond3rbread|in theory
|c|âI ABR I|he doesnt have stored
|
|move|p1a: Clefable|Soft-Boiled|p1a: Clefable
|-heal|p1a: Clefable|390\/394 brn
|move|p2a: Azumarill|Scald|p1a: Clefable
|-damage|p1a: Clefable|362\/394 brn
|
|-heal|p2a: Azumarill|221\/403|[from] item: Leftovers
|turn|51
|c| Wond3rbread|well its his only hope
|
|move|p1a: Clefable|Moonblast|p2a: Azumarill
|-damage|p2a: Azumarill|83\/403
|-unboost|p2a: Azumarill|spa|1
|move|p2a: Azumarill|Scald|p1a: Clefable
|-damage|p1a: Clefable|341\/394 brn
|
|-heal|p2a: Azumarill|108\/403|[from] item: Leftovers
|turn|52
|c| Wond3rbread|regardless
|c|âI ABR I|he woudl be cming more
|c| Wond3rbread|>doesn't go for +6
|c|âI ABR I|if he had it
|c|âI ABR I|lol
|
|move|p1a: Clefable|Moonblast|p2a: Azumarill
|-damage|p2a: Azumarill|0 fnt
|faint|p2a: Azumarill
|
|
|switch|p2a: Clefable|Clefable, M|145\/393 brn
|turn|53
|c| Wond3rbread|yea he loses
|
|switch|p1a: Medicham|Medicham-Mega, M|198\/262
|-damage|p1a: Medicham|182\/262|[from] Stealth Rock
|move|p2a: Clefable|Moonlight|p2a: Clefable
|-heal|p2a: Clefable|341\/393 brn
|
|-heal|p2a: Clefable|365\/393 brn|[from] item: Leftovers
|-damage|p2a: Clefable|316\/393 brn|[from] brn
|turn|54
|c| Wond3rbread|plz win a speed tie
|c| Wond3rbread|adn crit
|c| Wond3rbread|at the same damn time
|
|switch|p2a: Sableye|Sableye-Mega, M|303\/303
|move|p1a: Medicham|Ice Punch|p2a: Sableye
|-damage|p2a: Sableye|180\/303
|
|turn|55
|c| Wond3rbread|*and
|c| Wond3rbread|did he double
|c| Wond3rbread|dmg
|
|switch|p1a: Keldeo-Resolute|Keldeo-Resolute|242\/324 tox
|-damage|p1a: Keldeo-Resolute|222\/324 tox|[from] Stealth Rock
|move|p2a: Sableye|Recover|p2a: Sableye
|-heal|p2a: Sableye|303\/303
|
|-damage|p1a: Keldeo-Resolute|202\/324 tox|[from] psn
|turn|56
|c|âI ABR I|im p sure
|c|âI ABR I|i can tank
|c| Wond3rbread|does specs hydro
|c| Wond3rbread|2hko?
|c|âI ABR I|did i knock this off or something
|c| Wond3rbread|idk
|c| Wond3rbread|not rly paying attention
|c| ox the fox|no u didnt
|c|âRed Skies|Is scarf dude
|c|âI ABR I|it wasnt
|c|âI ABR I|specs damage
|c|âRed Skies|U won
|c|âI ABR I|against azu
|
|move|p1a: Keldeo-Resolute|Scald|p2a: Sableye
|-damage|p2a: Sableye|188\/303
|move|p2a: Sableye|Recover|p2a: Sableye
|-heal|p2a: Sableye|303\/303
|
|-damage|p1a: Keldeo-Resolute|162\/324 tox|[from] psn
|turn|57
|c| Wond3rbread|than  that's game
|
|move|p1a: Keldeo-Resolute|Scald|p2a: Sableye
|-damage|p2a: Sableye|186\/303
|move|p2a: Sableye|Recover|p2a: Sableye
|-heal|p2a: Sableye|303\/303
|
|-damage|p1a: Keldeo-Resolute|102\/324 tox|[from] psn
|turn|58
|c| Wond3rbread|scald burn plz
|c|âRed Skies|Nevers burns
|c|âI ABR I|i still beat medi
|
|move|p1a: Keldeo-Resolute|Scald|p2a: Sableye
|-damage|p2a: Sableye|201\/303
|move|p2a: Sableye|Recover|p2a: Sableye
|-heal|p2a: Sableye|303\/303
|
|-damage|p1a: Keldeo-Resolute|22\/324 tox|[from] psn
|turn|59
|c| Wond3rbread|ik
|c| Wond3rbread|just for the whittling
|
|move|p1a: Keldeo-Resolute|Scald|p2a: Sableye
|-damage|p2a: Sableye|200\/303
|move|p2a: Sableye|Recover|p2a: Sableye
|-heal|p2a: Sableye|303\/303
|
|-damage|p1a: Keldeo-Resolute|0 fnt|[from] psn
|faint|p1a: Keldeo-Resolute
|c| Wond3rbread|such bs
|c|âI ABR I|there is so much pressure on sab
|c|âI ABR I|lol
|c|âRed Skies|Second time
|c| Wond3rbread|no burn
|
|switch|p1a: Clefable|Clefable, M|341\/394 brn
|turn|60
|
|switch|p2a: Clefable|Clefable, M|316\/393 brn
|move|p1a: Clefable|Moonblast|p2a: Clefable
|-damage|p2a: Clefable|222\/393 brn
|
|-heal|p2a: Clefable|246\/393 brn|[from] item: Leftovers
|-damage|p2a: Clefable|197\/393 brn|[from] brn
|turn|61
|
|move|p1a: Clefable|Moonblast|p2a: Clefable
|-damage|p2a: Clefable|109\/393 brn
|move|p2a: Clefable|Moonlight|p2a: Clefable
|-heal|p2a: Clefable|305\/393 brn
|
|-heal|p2a: Clefable|329\/393 brn|[from] item: Leftovers
|-damage|p2a: Clefable|280\/393 brn|[from] brn
|turn|62
|c|âI ABR I|honestly
|c|âI ABR I|fuck this burn
|c| Wond3rbread|he should've doubled
|
|switch|p1a: Medicham|Medicham-Mega, M|182\/262
|-damage|p1a: Medicham|166\/262|[from] Stealth Rock
|move|p2a: Clefable|Heal Bell|p2a: Clefable
|-cureteam|p2a: Clefable|[from] move: HealBell
|
|-heal|p2a: Clefable|304\/393|[from] item: Leftovers
|turn|63
|c|âI ABR I|there we go
|c| Wond3rbread|lool
|
|switch|p2a: Sableye|Sableye-Mega, M|303\/303
|move|p1a: Medicham|Zen Headbutt|p2a: Sableye
|-immune|p2a: Sableye|[msg]
|
|turn|64
|c| Wond3rbread|all he needs
|join|Yuttt.ttttt
|c| Wond3rbread|is ice punch freeze
|
|switch|p1a: Clefable|Clefable, M|341\/394 brn
|move|p2a: Sableye|Foul Play|p1a: Clefable
|-resisted|p1a: Clefable
|-damage|p1a: Clefable|305\/394 brn
|
|turn|65
|c| Wond3rbread|welp.
|
|switch|p1a: Medicham|Medicham-Mega, M|166\/262
|-damage|p1a: Medicham|150\/262|[from] Stealth Rock
|switch|p2a: Clefable|Clefable, M|304\/393
|
|-heal|p2a: Clefable|328\/393|[from] item: Leftovers
|turn|66
|c|âI ABR I|ur hurting urself
|c|âI ABR I|lol
|
|switch|p2a: Sableye|Sableye-Mega, M|303\/303
|move|p1a: Medicham|Zen Headbutt|p2a: Sableye
|-immune|p2a: Sableye|[msg]
|
|turn|67
|c| Yuttt.ttttt|holy shit u guys took a long time to get to 66 turns
|
|switch|p1a: Clefable|Clefable, M|305\/394 brn
|move|p2a: Sableye|Foul Play|p1a: Clefable
|-crit|p1a: Clefable
|-resisted|p1a: Clefable
|-damage|p1a: Clefable|254\/394 brn
|
|turn|68
|c| Wond3rbread|he doesn't even have to predct
|c| Wond3rbread|go for ice punch
|c| Wond3rbread|give urself a chance
|
|switch|p1a: Medicham|Medicham-Mega, M|150\/262
|-damage|p1a: Medicham|134\/262|[from] Stealth Rock
|switch|p2a: Clefable|Clefable, M|328\/393
|
|-heal|p2a: Clefable|352\/393|[from] item: Leftovers
|turn|69
|c| Wond3rbread|to freeze
|c| Yuttt.ttttt|fking doubles
|
|switch|p2a: Sableye|Sableye-Mega, M|303\/303
|move|p1a: Medicham|Zen Headbutt|p2a: Sableye
|-immune|p2a: Sableye|[msg]
|
|turn|70
|c| Wond3rbread|I would say plays but
|c| ox the fox|lol hes killing himself, and saving u pp
|
|switch|p1a: Clefable|Clefable, M|254\/394 brn
|move|p2a: Sableye|Foul Play|p1a: Clefable
|-resisted|p1a: Clefable
|-damage|p1a: Clefable|215\/394 brn
|
|turn|71
|c| Wond3rbread|GO FOR ICEE PUNCH
|c|âI ABR I|why r u
|c|âI ABR I|doubling
|c|âI ABR I|and taking sr
|
|switch|p1a: Medicham|Medicham-Mega, M|134\/262
|-damage|p1a: Medicham|118\/262|[from] Stealth Rock
|switch|p2a: Clefable|Clefable, M|352\/393
|
|-heal|p2a: Clefable|376\/393|[from] item: Leftovers
|turn|72
|c|âI ABR I|i dont understand
|c| Yuttt.ttttt|damn
|c| Wond3rbread|he needed a freeze
|c|âI ABR I|ur not getting anywhere
|c| Yuttt.ttttt|get outpredicted
|
|switch|p2a: Sableye|Sableye-Mega, M|303\/303
|move|p1a: Medicham|Ice Punch|p2a: Sableye
|-damage|p2a: Sableye|188\/303
|
|turn|73
|c| Wond3rbread|a long time ago
|c| Wond3rbread|but he goes for zen
|join|Landorus
|c| Yuttt.ttttt|FREEZE PLEEZE
|c| Wond3rbread|ech time
|
|move|p1a: Medicham|Ice Punch|p2a: Sableye
|-crit|p2a: Sableye
|-damage|p2a: Sableye|30\/303
|move|p2a: Sableye|Recover|p2a: Sableye
|-heal|p2a: Sableye|182\/303
|
|turn|74
|c| Wond3rbread|wher
|c| Wond3rbread|is the freeze
|
|move|p1a: Medicham|Ice Punch|p2a: Sableye
|-damage|p2a: Sableye|72\/303
|move|p2a: Sableye|Recover|p2a: Sableye
|-heal|p2a: Sableye|224\/303
|
|turn|75
|c|âI ABR I|im wisping
|c|âI ABR I|f this
|
|switch|p1a: Clefable|Clefable, M|215\/394 brn
|move|p2a: Sableye|Recover|p2a: Sableye
|-heal|p2a: Sableye|303\/303
|
|turn|76
|c| Wond3rbread|cmon
|c|âI ABR I|lol
|c| Wond3rbread|freeze
|c| Wond3rbread|wow
|c| Yuttt.ttttt|lier
|c| Wond3rbread|the psyche out
|
|switch|p1a: Medicham|Medicham-Mega, M|118\/262
|-damage|p1a: Medicham|102\/262|[from] Stealth Rock
|switch|p2a: Clefable|Clefable, M|376\/393
|
|-heal|p2a: Clefable|393\/393|[from] item: Leftovers
|turn|77
|c|âI ABR I|liar*
|c|âI ABR I|lol
|c| Yuttt.ttttt|no
|c| Yuttt.ttttt|lier
|
|switch|p2a: Sableye|Sableye-Mega, M|303\/303
|move|p1a: Medicham|Ice Punch|p2a: Sableye
|-damage|p2a: Sableye|185\/303
|
|turn|78
|
|move|p1a: Medicham|Ice Punch|p2a: Sableye
|-damage|p2a: Sableye|79\/303
|move|p2a: Sableye|Recover|p2a: Sableye
|-heal|p2a: Sableye|231\/303
|
|turn|79
|c| Wond3rbread|come on
|c| Wond3rbread|where is
|c| Wond3rbread|the freeze
|c| Landorus|wisp here
|c| ox the fox|wow
|c| Yuttt.ttttt|FREEZE PLEEZE
|
|switch|p1a: Clefable|Clefable, M|215\/394 brn
|move|p2a: Sableye|Recover|p2a: Sableye
|-heal|p2a: Sableye|303\/303
|
|turn|80
|c| Wond3rbread|ABR why have u played
|c| Wond3rbread|so many games
|c|âI ABR I|er
|c|âI ABR I|i test
|c|âI ABR I|new teams
|c| Wond3rbread|lol
|c| Wond3rbread|use an alt
|c| Wond3rbread|ur pulling a lolz
|c| ox the fox|abr we have the same number of wins lol
|c| ox the fox|231
|
|switch|p1a: Medicham|Medicham-Mega, M|102\/262
|-damage|p1a: Medicham|86\/262|[from] Stealth Rock
|move|p2a: Sableye|Foul Play|p1a: Medicham
|-damage|p1a: Medicham|0 fnt
|faint|p1a: Medicham
|
|c| Wond3rbread|I have 42 wins
|c|âI ABR I|fuck u
|c|âI ABR I|lol
|c| Wond3rbread|14 loses
|c| Wond3rbread|swag
|
|switch|p1a: Clefable|Clefable, M|215\/394 brn
|turn|81
|c| Yuttt.ttttt|i have 2 wins
|c|âRed Skies|gg
|c| Yuttt.ttttt|in challenge cup
|c| Yuttt.ttttt|;_;
|c|âI ABR I|gg
|c| Wond3rbread|its all ogre
|c| Yuttt.ttttt|and 4 losses
|-message|Red Skies forfeited.
|
|win|I ABR I
|raw|Ladder updating...
|leave|Red Skies
|player|p1
|leave|I ABR I
|player|p2
|leave|Yuttt.ttttt
|raw|Red Skies's rating: 1694 &rarr; <strong>1665<\/strong><br \/>(-29 for losing)
|raw|I ABR I's rating: 1532 &rarr; <strong>1561<\/strong><br \/>(+29 for winning)
|leave|ox the fox
|join|I ABR I
|leave|Wond3rbread
|leave|I ABR I
|leave|Sepulchure II
|join|ox the fox