|join|Red Skies
|join|Aim for the top
|player|p1|Red Skies|64
|player|p2|Aim for the top|265
|gametype|singles
|gen|6
|tier|OU
|rated
|clearpoke
|poke|p1|Thundurus, M
|poke|p1|Garchomp, F
|poke|p1|Keldeo
|poke|p1|Azumarill, F
|poke|p1|Terrakion
|poke|p1|Metagross
|poke|p2|Gardevoir, F
|poke|p2|Diggersby, F
|poke|p2|Skarmory, M
|poke|p2|Weavile, F
|poke|p2|Thundurus, M
|poke|p2|Garchomp, M
|rule|Swagger Clause: Swagger is banned
|rule|Baton Pass Clause: Limit one PokÃ©mon knowing Baton Pass
|rule|Sleep Clause Mod: Limit one foe put to sleep
|rule|Species Clause: Limit one of each PokÃ©mon
|rule|OHKO Clause: OHKO moves are banned
|rule|Moody Clause: Moody is banned
|rule|Evasion Moves Clause: Evasion moves are banned
|rule|Endless Battle Clause: Forcing endless battles is banned
|rule|HP Percentage Mod: HP is shown in percentages
|teampreview
|
|start
|switch|p1a: Terrakion|Terrakion|324\/324
|switch|p2a: Garchomp|Garchomp, M|358\/358
|turn|1
|
|move|p1a: Terrakion|Stealth Rock|p2a: Garchomp
|-sidestart|p2: Aim for the top|move: Stealth Rock
|move|p2a: Garchomp|Earthquake|p1a: Terrakion
|-supereffective|p1a: Terrakion
|-enditem|p1a: Terrakion|Focus Sash
|-damage|p1a: Terrakion|1\/324
|
|turn|2
|
|move|p1a: Terrakion|Taunt|p2a: Garchomp
|-start|p2a: Garchomp|move: Taunt
|move|p2a: Garchomp|Earthquake|p1a: Terrakion
|-supereffective|p1a: Terrakion
|-damage|p1a: Terrakion|0 fnt
|faint|p1a: Terrakion
|
|
|switch|p1a: Azumarill|Azumarill, F|401\/401
|turn|3
|
|switch|p2a: Skarmory|Skarmory, M|334\/334
|-damage|p2a: Skarmory|293\/334|[from] Stealth Rock
|move|p1a: Azumarill|Waterfall|p2a: Skarmory
|-damage|p2a: Skarmory|146\/334
|
|turn|4
|
|switch|p1a: Thundurus|Thundurus, M|300\/300
|move|p2a: Skarmory|Defog|p1a: Thundurus
|-unboost|p1a: Thundurus|evasion|1
|-sideend|p2: Aim for the top|Stealth Rock|[from] move: Defog|[of] p2a: Skarmory
|
|turn|5
|
|switch|p2a: Garchomp|Garchomp, M|358\/358
|move|p1a: Thundurus|Thunderbolt|p2a: Garchomp
|-immune|p2a: Garchomp|[msg]
|
|turn|6
|
|move|p1a: Thundurus|Hidden Power|p2a: Garchomp
|-supereffective|p2a: Garchomp
|-enditem|p2a: Garchomp|Focus Sash
|-damage|p2a: Garchomp|1\/358
|-damage|p1a: Thundurus|270\/300|[from] item: Life Orb
|move|p2a: Garchomp|Stealth Rock|p1a: Thundurus
|-sidestart|p1: Red Skies|move: Stealth Rock
|
|turn|7
|
|move|p1a: Thundurus|Hidden Power|p2a: Garchomp
|-supereffective|p2a: Garchomp
|-damage|p2a: Garchomp|0 fnt
|-damage|p1a: Thundurus|240\/300|[from] item: Life Orb
|faint|p2a: Garchomp
|
|
|switch|p2a: Thundurus|Thundurus, M|299\/299
|turn|8
|
|move|p1a: Thundurus|Thunderbolt|p2a: Thundurus
|-crit|p2a: Thundurus
|-damage|p2a: Thundurus|0 fnt
|-damage|p1a: Thundurus|210\/300|[from] item: Life Orb
|faint|p2a: Thundurus
|
|c|âAim for the top|k
|
|switch|p2a: Weavile|Weavile, F|282\/282
|turn|9
|c|âAim for the top|i needed that
|c|âRed Skies|lel
|
|switch|p1a: Azumarill|Azumarill, F|401\/401
|-damage|p1a: Azumarill|351\/401|[from] Stealth Rock
|move|p2a: Weavile|Ice Shard|p1a: Azumarill
|-resisted|p1a: Azumarill
|-damage|p1a: Azumarill|294\/401
|-damage|p2a: Weavile|254\/282|[from] item: Life Orb
|
|turn|10
|c|âRed Skies|Sorry bro
|
|move|p2a: Weavile|Knock Off|p1a: Azumarill
|-resisted|p1a: Azumarill
|-damage|p1a: Azumarill|165\/401
|-enditem|p1a: Azumarill|Choice Band|[from] move: Knock Off|[of] p2a: Weavile
|-damage|p2a: Weavile|226\/282|[from] item: Life Orb
|move|p1a: Azumarill|Waterfall|p2a: Weavile
|-damage|p2a: Weavile|0 fnt
|faint|p2a: Weavile
|
|c|âAim for the top|w.e fag
|
|switch|p2a: Skarmory|Skarmory, M|146\/334
|turn|11
|
|switch|p1a: Thundurus|Thundurus, M|210\/300
|-damage|p1a: Thundurus|135\/300|[from] Stealth Rock
|move|p2a: Skarmory|Roost|p2a: Skarmory
|-heal|p2a: Skarmory|313\/334
|
|turn|12
|
|switch|p2a: Diggersby|Diggersby, F|311\/311
|move|p1a: Thundurus|Focus Blast|p2a: Diggersby
|-supereffective|p2a: Diggersby
|-damage|p2a: Diggersby|0 fnt
|-damage|p1a: Thundurus|105\/300|[from] item: Life Orb
|faint|p2a: Diggersby
|
|
|switch|p2a: Gardevoir|Gardevoir, F|277\/277
|turn|13
|
|switch|p1a: Metagross|Metagross|302\/302
|-damage|p1a: Metagross|284\/302|[from] Stealth Rock
|detailschange|p2a: Gardevoir|Gardevoir-Mega, F
|message|Gardevoir has Mega Evolved into Mega Gardevoir!
|move|p2a: Gardevoir|Hyper Voice|p1a: Metagross
|-resisted|p1a: Metagross
|-damage|p1a: Metagross|143\/302
|
|turn|14
|
|detailschange|p1a: Metagross|Metagross-Mega
|message|Metagross has Mega Evolved into Mega Metagross!
|move|p1a: Metagross|Bullet Punch|p2a: Gardevoir
|-supereffective|p2a: Gardevoir
|-damage|p2a: Gardevoir|7\/277
|move|p2a: Gardevoir|Focus Blast|p1a: Metagross
|-crit|p1a: Metagross
|-damage|p1a: Metagross|0 fnt
|faint|p1a: Metagross
|
|c|âAim for the top|lol
|c|âAim for the top|im suprised i hit that
|
|switch|p1a: Keldeo|Keldeo|340\/340
|-damage|p1a: Keldeo|319\/340|[from] Stealth Rock
|turn|15
|c|âRed Skies|So broken dude
|c|âRed Skies|ban for the ubber y\/n
|
|move|p1a: Keldeo|Scald|p2a: Gardevoir
|-damage|p2a: Gardevoir|0 fnt
|faint|p2a: Gardevoir
|
|-heal|p1a: Keldeo|340\/340|[from] item: Leftovers
|
|switch|p2a: Skarmory|Skarmory, M|313\/334
|turn|16
|c|âAim for the top|w.e fag
|
|move|p1a: Keldeo|Calm Mind|p1a: Keldeo
|-boost|p1a: Keldeo|spa|1
|-boost|p1a: Keldeo|spd|1
|move|p2a: Skarmory|Brave Bird|p1a: Keldeo
|-supereffective|p1a: Keldeo
|-damage|p1a: Keldeo|92\/340
|-damage|p2a: Skarmory|231\/334|[from] recoil|[of] p1a: Keldeo
|
|-heal|p1a: Keldeo|113\/340|[from] item: Leftovers
|turn|17
|
|move|p1a: Keldeo|Scald|p2a: Skarmory
|-damage|p2a: Skarmory|0 fnt
|faint|p2a: Skarmory
|
|win|Red Skies
|raw|Ladder updating...
|raw|Red Skies's rating: 1635 &rarr; <strong>1655<\/strong><br \/>(+20 for winning)
|raw|Aim for the top's rating: 1634 &rarr; <strong>1615<\/strong><br \/>(-19 for losing)
|join|e7e