|join|z0mOG
|join|Red Skies
|player|p1|z0mOG|#cpgtan
|player|p2|Red Skies|64
|gametype|singles
|gen|6
|tier|OU
|rated
|clearpoke
|poke|p1|Altaria, M, shiny
|poke|p1|Landorus, M
|poke|p1|Staraptor, F
|poke|p1|Empoleon, F
|poke|p1|Rotom-Wash
|poke|p1|Excadrill, M
|poke|p2|Latios, M
|poke|p2|Landorus-Therian, M
|poke|p2|Metagross
|poke|p2|Rotom-Wash
|poke|p2|Heatran, M
|poke|p2|Greninja, F
|rule|Swagger Clause: Swagger is banned
|rule|Baton Pass Clause: Limit one PokÃ©mon knowing Baton Pass
|rule|Sleep Clause Mod: Limit one foe put to sleep
|rule|Species Clause: Limit one of each PokÃ©mon
|rule|OHKO Clause: OHKO moves are banned
|rule|Moody Clause: Moody is banned
|rule|Evasion Moves Clause: Evasion moves are banned
|rule|Endless Battle Clause: Forcing endless battles is banned
|rule|HP Percentage Mod: HP is shown in percentages
|teampreview
|join|akkeshi
|
|start
|switch|p1a: Spin Cycle|Rotom-Wash|303\/303
|switch|p2a: Landorus-Therian|Landorus-Therian, M|331\/331
|-ability|p2a: Landorus-Therian|Intimidate|[of] p1a: Spin Cycle
|-unboost|p1a: Spin Cycle|atk|1
|turn|1
|
|move|p2a: Landorus-Therian|Knock Off|p1a: Spin Cycle
|-damage|p1a: Spin Cycle|214\/303
|-enditem|p1a: Spin Cycle|Leftovers|[from] move: Knock Off|[of] p2a: Landorus-Therian
|move|p1a: Spin Cycle|Volt Switch|p2a: Landorus-Therian
|-immune|p2a: Landorus-Therian|[msg]
|
|turn|2
|
|switch|p2a: Latios|Latios, M|301\/301
|move|p1a: Spin Cycle|Pain Split|p2a: Latios
|-sethp|p2a: Latios|257\/301|p1a: Spin Cycle|257\/303|[from] move: Pain Split
|
|turn|3
|
|switch|p1a: New Groove|Empoleon, F|371\/371
|detailschange|p2a: Latios|Latios-Mega, M
|message|Latios has Mega Evolved into Mega Latios!
|move|p2a: Latios|Dragon Dance|p2a: Latios
|-boost|p2a: Latios|atk|1
|-boost|p2a: Latios|spe|1
|
|turn|4
|c|âz0mOG|ayyyy
|c|âz0mOG|someone else uses it
|
|switch|p1a: cloud chikn|Altaria, M, shiny|353\/353
|-ability|p1a: cloud chikn|Cloud Nine
|move|p2a: Latios|Dragon Dance|p2a: Latios
|-boost|p2a: Latios|atk|1
|-boost|p2a: Latios|spe|1
|
|turn|5
|c| akkeshi|:^)
|c| akkeshi|very eric
|c|âz0mOG|thought I was alone
|
|detailschange|p1a: cloud chikn|Altaria-Mega, M, shiny
|message|Altaria has Mega Evolved into Mega Altaria!
|move|p2a: Latios|Zen Headbutt|p1a: cloud chikn
|-damage|p1a: cloud chikn|121\/353
|move|p1a: cloud chikn|Hyper Voice|p2a: Latios
|-supereffective|p2a: Latios
|-damage|p2a: Latios|0 fnt
|faint|p2a: Latios
|
|
|switch|p2a: Metagross|Metagross|335\/335
|turn|6
|
|move|p2a: Metagross|Meteor Mash|p1a: cloud chikn
|-supereffective|p1a: cloud chikn
|-damage|p1a: cloud chikn|0 fnt
|-boost|p2a: Metagross|atk|1
|faint|p1a: cloud chikn
|
|
|switch|p1a: Spin Cycle|Rotom-Wash|257\/303
|turn|7
|
|switch|p2a: Heatran|Heatran, M|386\/386
|move|p1a: Spin Cycle|Will-O-Wisp|p2a: Heatran
|-start|p2a: Heatran|ability: Flash Fire
|
|turn|8
|
|move|p1a: Spin Cycle|Hydro Pump|p2a: Heatran
|-supereffective|p2a: Heatran
|-damage|p2a: Heatran|200\/386
|move|p2a: Heatran|Stealth Rock|p1a: Spin Cycle
|-sidestart|p1: z0mOG|move: Stealth Rock
|
|-heal|p2a: Heatran|224\/386|[from] item: Leftovers
|turn|9
|
|move|p1a: Spin Cycle|Volt Switch|p2a: Heatran
|-damage|p2a: Heatran|164\/386
|
|switch|p1a: New Groove|Empoleon, F|371\/371
|-damage|p1a: New Groove|348\/371|[from] Stealth Rock
|move|p2a: Heatran|Toxic|p1a: New Groove
|-fail|p1a: New Groove
|
|-heal|p2a: Heatran|188\/386|[from] item: Leftovers
|-heal|p1a: New Groove|371\/371|[from] item: Leftovers
|turn|10
|
|switch|p2a: Rotom-Wash|Rotom-Wash|304\/304
|move|p1a: New Groove|Stealth Rock|p2a: Rotom-Wash
|-sidestart|p2: Red Skies|move: Stealth Rock
|
|turn|11
|
|move|p2a: Rotom-Wash|Will-O-Wisp|p1a: New Groove
|-status|p1a: New Groove|brn
|move|p1a: New Groove|Scald|p2a: Rotom-Wash
|-resisted|p2a: Rotom-Wash
|-damage|p2a: Rotom-Wash|256\/304
|
|-heal|p2a: Rotom-Wash|275\/304|[from] item: Leftovers
|-damage|p1a: New Groove|325\/371 brn|[from] brn
|turn|12
|
|move|p2a: Rotom-Wash|Hydro Pump|p1a: New Groove
|-resisted|p1a: New Groove
|-damage|p1a: New Groove|274\/371 brn
|move|p1a: New Groove|Roar|p2a: Rotom-Wash
|drag|p2a: Heatran|Heatran, M|188\/386
|-damage|p2a: Heatran|140\/386|[from] Stealth Rock
|
|-heal|p2a: Heatran|164\/386|[from] item: Leftovers
|-heal|p1a: New Groove|297\/371 brn|[from] item: Leftovers
|-damage|p1a: New Groove|251\/371 brn|[from] brn
|turn|13
|
|move|p2a: Heatran|Protect|p2a: Heatran
|-singleturn|p2a: Heatran|Protect
|move|p1a: New Groove|Roar|p2a: Heatran
|drag|p2a: Greninja|Greninja, F|285\/285
|-damage|p2a: Greninja|250\/285|[from] Stealth Rock
|
|-heal|p1a: New Groove|274\/371 brn|[from] item: Leftovers
|-damage|p1a: New Groove|228\/371 brn|[from] brn
|turn|14
|
|switch|p2a: Rotom-Wash|Rotom-Wash|275\/304
|-damage|p2a: Rotom-Wash|237\/304|[from] Stealth Rock
|move|p1a: New Groove|Scald|p2a: Rotom-Wash
|-resisted|p2a: Rotom-Wash
|-damage|p2a: Rotom-Wash|189\/304
|
|-heal|p2a: Rotom-Wash|208\/304|[from] item: Leftovers
|-heal|p1a: New Groove|251\/371 brn|[from] item: Leftovers
|-damage|p1a: New Groove|205\/371 brn|[from] brn
|turn|15
|
|move|p2a: Rotom-Wash|Volt Switch|p1a: New Groove
|-supereffective|p1a: New Groove
|-damage|p1a: New Groove|83\/371 brn
|
|switch|p2a: Metagross|Metagross|335\/335
|-damage|p2a: Metagross|315\/335|[from] Stealth Rock
|move|p1a: New Groove|Scald|p2a: Metagross
|-damage|p2a: Metagross|155\/335
|
|-heal|p1a: New Groove|106\/371 brn|[from] item: Leftovers
|-damage|p1a: New Groove|60\/371 brn|[from] brn
|turn|16
|c|âz0mOG|burn never
|
|move|p2a: Metagross|Thunder Punch|p1a: New Groove
|-supereffective|p1a: New Groove
|-damage|p1a: New Groove|0 fnt
|faint|p1a: New Groove
|
|
|switch|p1a: land of le free|Landorus, M|319\/319
|-damage|p1a: land of le free|280\/319|[from] Stealth Rock
|turn|17
|
|move|p1a: land of le free|Knock Off|p2a: Metagross
|-supereffective|p2a: Metagross
|-damage|p2a: Metagross|12\/335
|-enditem|p2a: Metagross|Shuca Berry|[from] move: Knock Off|[of] p1a: land of le free
|-damage|p1a: land of le free|249\/319|[from] item: Life Orb
|move|p2a: Metagross|Ice Punch|p1a: land of le free
|-supereffective|p1a: land of le free
|-damage|p1a: land of le free|0 fnt
|faint|p1a: land of le free
|
|c|âz0mOG|shuca
|c|âz0mOG|berry
|c|âz0mOG|metagross
|c|âRed Skies|Problem dude?
|c|âz0mOG|no
|c|âz0mOG|just
|c|âRed Skies|Is cool
|c| akkeshi|it's bad
|c|âz0mOG|a bit confused
|c|âz0mOG|as to why you would run that over mega
|c|âz0mOG|ever
|c|âRed Skies|Forced mind games
|
|switch|p1a: Black n' Decker|Excadrill, M|361\/361
|-damage|p1a: Black n' Decker|350\/361|[from] Stealth Rock
|-ability|p1a: Black n' Decker|Mold Breaker
|turn|18
|
|move|p1a: Black n' Decker|Iron Head|p2a: Metagross
|-resisted|p2a: Metagross
|-damage|p2a: Metagross|0 fnt
|-damage|p1a: Black n' Decker|314\/361|[from] item: Life Orb
|faint|p2a: Metagross
|
|
|switch|p2a: Landorus-Therian|Landorus-Therian, M|331\/331
|-damage|p2a: Landorus-Therian|290\/331|[from] Stealth Rock
|-ability|p2a: Landorus-Therian|Intimidate|[of] p1a: Black n' Decker
|-unboost|p1a: Black n' Decker|atk|1
|turn|19
|
|move|p2a: Landorus-Therian|U-turn|p1a: Black n' Decker
|-resisted|p1a: Black n' Decker
|-damage|p1a: Black n' Decker|246\/361
|
|switch|p2a: Heatran|Heatran, M|164\/386
|-damage|p2a: Heatran|116\/386|[from] Stealth Rock
|move|p1a: Black n' Decker|Earthquake|p2a: Heatran
|-supereffective|p2a: Heatran
|-damage|p2a: Heatran|0 fnt
|-damage|p1a: Black n' Decker|210\/361|[from] item: Life Orb
|faint|p2a: Heatran
|
|
|switch|p2a: Landorus-Therian|Landorus-Therian, M|290\/331
|-damage|p2a: Landorus-Therian|249\/331|[from] Stealth Rock
|-ability|p2a: Landorus-Therian|Intimidate|[of] p1a: Black n' Decker
|-unboost|p1a: Black n' Decker|atk|1
|turn|20
|
|switch|p1a: Spin Cycle|Rotom-Wash|257\/303
|-damage|p1a: Spin Cycle|220\/303|[from] Stealth Rock
|move|p2a: Landorus-Therian|U-turn|p1a: Spin Cycle
|-damage|p1a: Spin Cycle|154\/303
|
|switch|p2a: Greninja|Greninja, F|250\/285
|-damage|p2a: Greninja|215\/285|[from] Stealth Rock
|
|turn|21
|
|move|p2a: Greninja|Hidden Power|p1a: Spin Cycle
|-start|p2a: Greninja|typechange|Grass|[from] Protean
|-supereffective|p1a: Spin Cycle
|-damage|p1a: Spin Cycle|0 fnt
|-damage|p2a: Greninja|187\/285|[from] item: Life Orb
|faint|p1a: Spin Cycle
|
|join|ary is bad
|join|Peluda
|
|switch|p1a: home of le brave|Staraptor, F|311\/311
|-damage|p1a: home of le brave|234\/311|[from] Stealth Rock
|turn|22
|c| Peluda|red skies
|c| Peluda|Amazing name
|c| akkeshi|ban gren when?
|c| Peluda|I respect you.
|c|âz0mOG|today please
|c|âRed Skies|lol
|c|âRed Skies|thx
|
|switch|p2a: Rotom-Wash|Rotom-Wash|208\/304
|-damage|p2a: Rotom-Wash|170\/304|[from] Stealth Rock
|move|p1a: home of le brave|Double-Edge|p2a: Rotom-Wash
|-damage|p2a: Rotom-Wash|0 fnt
|-damage|p1a: home of le brave|178\/311|[from] recoil|[of] p2a: Rotom-Wash
|faint|p2a: Rotom-Wash
|
|c|âz0mOG|good one
|c| Peluda|MAN I WISH I THOUGHT OF THAT NAME NOW
|c| Peluda|I'm sad
|
|switch|p2a: Landorus-Therian|Landorus-Therian, M|249\/331
|-damage|p2a: Landorus-Therian|208\/331|[from] Stealth Rock
|-ability|p2a: Landorus-Therian|Intimidate|[of] p1a: home of le brave
|-unboost|p1a: home of le brave|atk|1
|turn|23
|leave|Peluda
|
|switch|p1a: Black n' Decker|Excadrill, M|210\/361
|-damage|p1a: Black n' Decker|199\/361|[from] Stealth Rock
|-ability|p1a: Black n' Decker|Mold Breaker
|move|p2a: Landorus-Therian|Knock Off|p1a: Black n' Decker
|-damage|p1a: Black n' Decker|10\/361
|-enditem|p1a: Black n' Decker|Life Orb|[from] move: Knock Off|[of] p2a: Landorus-Therian
|
|turn|24
|
|switch|p2a: Greninja|Greninja, F|187\/285
|-damage|p2a: Greninja|152\/285|[from] Stealth Rock
|move|p1a: Black n' Decker|Iron Head|p2a: Greninja
|-resisted|p2a: Greninja
|-damage|p2a: Greninja|46\/285
|
|turn|25
|c| ban gren when|ok
|c| ban gren when|ban it
|c|âz0mOG|ok
|
|move|p2a: Greninja|Ice Beam|p1a: Black n' Decker
|-start|p2a: Greninja|typechange|Ice|[from] Protean
|-damage|p1a: Black n' Decker|0 fnt
|-damage|p2a: Greninja|18\/285|[from] item: Life Orb
|faint|p1a: Black n' Decker
|
|
|switch|p1a: home of le brave|Staraptor, F|178\/311
|-damage|p1a: home of le brave|101\/311|[from] Stealth Rock
|turn|26
|
|move|p1a: home of le brave|Brave Bird|p2a: Greninja
|-damage|p2a: Greninja|0 fnt
|-damage|p1a: home of le brave|95\/311|[from] recoil|[of] p2a: Greninja
|faint|p2a: Greninja
|
|
|switch|p2a: Landorus-Therian|Landorus-Therian, M|208\/331
|-damage|p2a: Landorus-Therian|167\/331|[from] Stealth Rock
|-ability|p2a: Landorus-Therian|Intimidate|[of] p1a: home of le brave
|-unboost|p1a: home of le brave|atk|1
|turn|27
|c| ban gren when|nice tilt zom
|c|âRed Skies|g.g
|
|move|p1a: home of le brave|Brave Bird|p2a: Landorus-Therian
|-damage|p2a: Landorus-Therian|4\/331
|-damage|p1a: home of le brave|41\/311|[from] recoil|[of] p2a: Landorus-Therian
|move|p2a: Landorus-Therian|Knock Off|p1a: home of le brave
|-damage|p1a: home of le brave|0 fnt
|-enditem|p1a: home of le brave|Choice Scarf|[from] move: Knock Off|[of] p2a: Landorus-Therian
|faint|p1a: home of le brave
|
|win|Red Skies
|raw|Ladder updating...
|c|âz0mOG|welp
|c|âz0mOG|gg
|raw|z0mOG's rating: 1618 &rarr; <strong>1600<\/strong><br \/>(-18 for losing)
|raw|Red Skies's rating: 1666 &rarr; <strong>1683<\/strong><br \/>(+17 for winning)
|leave|Red Skies
|player|p2
|leave|ban gren when
|join|ban gren when
|leave|z0mOG
|player|p1