|join|Red Skies
|join|Hogback_fosh_men
|player|p1|Red Skies|64
|player|p2|Hogback_fosh_men|1
|gametype|singles
|gen|6
|tier|OU
|rated
|clearpoke
|poke|p1|Excadrill, M
|poke|p1|Clefable, F
|poke|p1|Rotom-Wash
|poke|p1|Greninja, M
|poke|p1|Medicham, F
|poke|p1|Tyranitar, M
|poke|p2|Sharpedo, F
|poke|p2|Heatran, M
|poke|p2|Ferrothorn, F
|poke|p2|Zapdos, shiny
|poke|p2|Conkeldurr, F, shiny
|poke|p2|Gengar, M, shiny
|rule|Swagger Clause: Swagger is banned
|rule|Baton Pass Clause: Limit one PokÃ©mon knowing Baton Pass
|rule|Sleep Clause Mod: Limit one foe put to sleep
|rule|Species Clause: Limit one of each PokÃ©mon
|rule|OHKO Clause: OHKO moves are banned
|rule|Moody Clause: Moody is banned
|rule|Evasion Moves Clause: Evasion moves are banned
|rule|Endless Battle Clause: Forcing endless battles is banned
|rule|HP Percentage Mod: HP is shown in percentages
|teampreview
|
|start
|switch|p1a: Medicham|Medicham, F|262\/262
|switch|p2a: Zappy|Zapdos, shiny|384\/384
|-ability|p2a: Zappy|Pressure
|turn|1
|
|detailschange|p1a: Medicham|Medicham-Mega, F
|message|Medicham has Mega Evolved into Mega Medicham!
|move|p1a: Medicham|Ice Punch|p2a: Zappy
|-supereffective|p2a: Zappy
|-damage|p2a: Zappy|80\/384
|move|p2a: Zappy|Discharge|p1a: Medicham
|-damage|p1a: Medicham|120\/262
|
|-heal|p2a: Zappy|104\/384|[from] item: Leftovers
|turn|2
|
|switch|p2a: Ferrothorn|Ferrothorn, F|352\/352
|move|p1a: Medicham|High Jump Kick|p2a: Ferrothorn
|-supereffective|p2a: Ferrothorn
|-damage|p2a: Ferrothorn|0 fnt
|-damage|p1a: Medicham|88\/262|[from] ability: Iron Barbs|[of] p2a: Ferrothorn
|-damage|p1a: Medicham|45\/262|[from] item: Rocky Helmet|[of] p2a: Ferrothorn
|faint|p2a: Ferrothorn
|
|
|switch|p2a: Nightmare|Gengar, M, shiny|262\/262
|turn|3
|
|switch|p1a: Tyranitar|Tyranitar, M|404\/404
|-weather|Sandstorm
|move|p2a: Nightmare|Focus Blast|p1a: Tyranitar
|-supereffective|p1a: Tyranitar
|-damage|p1a: Tyranitar|0 fnt
|faint|p1a: Tyranitar
|
|-weather|Sandstorm|[upkeep]
|-damage|p2a: Nightmare|246\/262|[from] sandstorm
|
|switch|p1a: Excadrill|Excadrill, M|372\/372
|-item|p1a: Excadrill|Air Balloon
|turn|4
|
|switch|p2a: Zappy|Zapdos, shiny|104\/384
|-ability|p2a: Zappy|Pressure
|move|p1a: Excadrill|Swords Dance|p1a: Excadrill
|-boost|p1a: Excadrill|atk|2
|
|-weather|Sandstorm|[upkeep]
|-damage|p2a: Zappy|80\/384|[from] sandstorm
|-heal|p2a: Zappy|104\/384|[from] item: Leftovers
|turn|5
|
|move|p1a: Excadrill|Rock Slide|p2a: Zappy
|-supereffective|p2a: Zappy
|-damage|p2a: Zappy|0 fnt
|faint|p2a: Zappy
|
|-weather|Sandstorm|[upkeep]
|
|switch|p2a: Heatran|Heatran, M|324\/324
|turn|6
|
|move|p2a: Heatran|Protect|p2a: Heatran
|-singleturn|p2a: Heatran|Protect
|move|p1a: Excadrill|Iron Head|p2a: Heatran
|-activate|p2a: Heatran|Protect
|
|-weather|Sandstorm|[upkeep]
|turn|7
|
|move|p1a: Excadrill|Earthquake|p2a: Heatran
|-supereffective|p2a: Heatran
|-damage|p2a: Heatran|0 fnt
|faint|p2a: Heatran
|
|-weather|Sandstorm|[upkeep]
|
|switch|p2a: UncleRucus|Conkeldurr, F, shiny|401\/401
|turn|8
|
|move|p2a: UncleRucus|Mach Punch|p1a: Excadrill
|-supereffective|p1a: Excadrill
|-damage|p1a: Excadrill|138\/372
|-enditem|p1a: Excadrill|Air Balloon
|move|p1a: Excadrill|Earthquake|p2a: UncleRucus
|-damage|p2a: UncleRucus|0 fnt
|faint|p2a: UncleRucus
|
|-weather|Sandstorm|[upkeep]
|
|switch|p2a: JawsII|Sharpedo, F|282\/282
|turn|9
|
|move|p2a: JawsII|Protect|p2a: JawsII
|-singleturn|p2a: JawsII|Protect
|move|p1a: Excadrill|Earthquake|p2a: JawsII
|-activate|p2a: JawsII|Protect
|
|-weather|Sandstorm|[upkeep]
|-damage|p2a: JawsII|265\/282|[from] sandstorm
|-boost|p2a: JawsII|spe|1|[from] ability: Speed Boost
|turn|10
|
|detailschange|p2a: JawsII|Sharpedo-Mega, F
|message|Sharpedo has Mega Evolved into Mega Sharpedo!
|move|p1a: Excadrill|Iron Head|p2a: JawsII
|-resisted|p2a: JawsII
|-damage|p2a: JawsII|51\/282
|cant|p2a: JawsII|flinch
|
|-weather|none
|turn|11
|
|move|p2a: JawsII|Crunch|p1a: Excadrill
|-damage|p1a: Excadrill|0 fnt
|faint|p1a: Excadrill
|
|
|switch|p1a: Rotom-Wash|Rotom-Wash|304\/304
|turn|12
|
|move|p2a: JawsII|Crunch|p1a: Rotom-Wash
|-damage|p1a: Rotom-Wash|120\/304
|move|p1a: Rotom-Wash|Volt Switch|p2a: JawsII
|-supereffective|p2a: JawsII
|-damage|p2a: JawsII|0 fnt
|faint|p2a: JawsII
|
|switch|p1a: Clefable|Clefable, F|394\/394
|
|
|switch|p2a: Nightmare|Gengar, M, shiny|246\/262
|turn|13
|
|move|p2a: Nightmare|Sludge Bomb|p1a: Clefable
|-supereffective|p1a: Clefable
|-damage|p1a: Clefable|0 fnt
|faint|p1a: Clefable
|
|
|switch|p1a: Greninja|Greninja, M|285\/285
|turn|14
|
|move|p1a: Greninja|Ice Beam|p2a: Nightmare
|-start|p1a: Greninja|typechange|Ice|[from] Protean
|-damage|p2a: Nightmare|43\/262
|-damage|p1a: Greninja|257\/285|[from] item: Life Orb
|move|p2a: Nightmare|Sludge Bomb|p1a: Greninja
|-damage|p1a: Greninja|0 fnt
|faint|p1a: Greninja
|
|
|switch|p1a: Rotom-Wash|Rotom-Wash|120\/304
|turn|15
|
|move|p2a: Nightmare|Sludge Bomb|p1a: Rotom-Wash
|-damage|p1a: Rotom-Wash|0 fnt
|faint|p1a: Rotom-Wash
|
|
|switch|p1a: Medicham|Medicham-Mega, F|45\/262
|turn|16
|
|move|p2a: Nightmare|Sludge Bomb|p1a: Medicham
|-damage|p1a: Medicham|0 fnt
|faint|p1a: Medicham
|
|win|Hogback_fosh_men
|raw|Ladder updating...
|raw|Red Skies's rating: 1675 &rarr; <strong>1646<\/strong><br \/>(-29 for losing)
|raw|Hogback_fosh_men's rating: 1503 &rarr; <strong>1532<\/strong><br \/>(+29 for winning)
|leave|Red Skies
|player|p1
|c|âHogback_fosh_men|lol