|join|Red Skies
|join|Tkey
|player|p1|Red Skies|64
|player|p2|Tkey|55
|gametype|singles
|gen|6
|tier|OU
|rated
|clearpoke
|poke|p1|Slowbro, F
|poke|p1|Venusaur, M
|poke|p1|Heatran, M
|poke|p1|Keldeo-Resolute
|poke|p1|Latios, M
|poke|p1|Diggersby, M
|poke|p2|Metagross
|poke|p2|Latios, M
|poke|p2|Porygon2
|poke|p2|Bisharp, F
|poke|p2|Zapdos
|poke|p2|Terrakion
|rule|Swagger Clause: Swagger is banned
|rule|Baton Pass Clause: Limit one PokÃ©mon knowing Baton Pass
|rule|Sleep Clause Mod: Limit one foe put to sleep
|rule|Species Clause: Limit one of each PokÃ©mon
|rule|OHKO Clause: OHKO moves are banned
|rule|Moody Clause: Moody is banned
|rule|Evasion Moves Clause: Evasion moves are banned
|rule|Endless Battle Clause: Forcing endless battles is banned
|rule|HP Percentage Mod: HP is shown in percentages
|teampreview
|join|folanito
|join|Ni-Pur
|join|yuuy
|
|start
|switch|p1a: Slowbro|Slowbro, F|394\/394
|switch|p2a: Zapdos|Zapdos|371\/371
|-ability|p2a: Zapdos|Pressure
|turn|1
|join|GrandBlack
|
|move|p2a: Zapdos|Hidden Power|p1a: Slowbro
|-resisted|p1a: Slowbro
|-damage|p1a: Slowbro|345\/394
|-damage|p2a: Zapdos|334\/371|[from] item: Life Orb
|move|p1a: Slowbro|Toxic|p2a: Zapdos
|-status|p2a: Zapdos|tox
|
|-heal|p1a: Slowbro|369\/394|[from] item: Leftovers
|-damage|p2a: Zapdos|311\/371 tox|[from] psn
|turn|2
|
|switch|p2a: Bishi|Bisharp, F|304\/304
|switch|p1a: Venusaur|Venusaur, M|364\/364
|
|turn|3
|c| yuuy|y so mny ppl joining o3o
|
|detailschange|p1a: Venusaur|Venusaur-Mega, M
|message|Venusaur has Mega Evolved into Mega Venusaur!
|move|p2a: Bishi|Substitute|p2a: Bishi
|-start|p2a: Bishi|Substitute
|-damage|p2a: Bishi|228\/304
|move|p1a: Venusaur|Hidden Power|p2a: Bishi
|-supereffective|p2a: Bishi
|-end|p2a: Bishi|Substitute
|
|-heal|p2a: Bishi|247\/304|[from] item: Leftovers
|turn|4
yuuy was promoted to Room Voice by Tkey.
|
|switch|p2a: Latios|Latios, M|302\/302
|move|p1a: Venusaur|Leech Seed|p2a: Latios
|-start|p2a: Latios|move: Leech Seed
|
|-damage|p2a: Latios|265\/302|[from] Leech Seed|[of] p1a: Venusaur
|turn|5
|
|move|p2a: Latios|Trick|p1a: Venusaur
|-fail|p1a: Venusaur
|move|p1a: Venusaur|Synthesis|p1a: Venusaur
|
|-damage|p2a: Latios|228\/302|[from] Leech Seed|[of] p1a: Venusaur
|turn|6
|c|+yuuy|!dt natu
|c|~|\/data-pokemon Natu
|raw|<font size="1"><font color=#585858>Dex#:<\/font> 177&nbsp;|&ThickSpace;<font color=#585858>Height:<\/font> 0.2 m&nbsp;|&ThickSpace;<font color=#585858>Weight:<\/font> 2 kg <em>(20 BP)<\/em>&nbsp;|&ThickSpace;<font color=#585858>Dex Colour:<\/font> Green&nbsp;|&ThickSpace;<font color=#585858>Egg Group(s):<\/font> Flying&nbsp;|&ThickSpace;<font color=#585858>Evolution:<\/font> Xatu (25)<\/font>
|c|+yuuy|cutest y\/y
|c| Ni-Pur|jezus fuck
|
|switch|p2a: Terrakion|Terrakion|324\/324
|move|p1a: Venusaur|Leech Seed|p2a: Terrakion
|-start|p2a: Terrakion|move: Leech Seed
|
|-damage|p2a: Terrakion|284\/324|[from] Leech Seed|[of] p1a: Venusaur
|turn|7
|c| Ni-Pur|git gud tkey
|
|move|p2a: Terrakion|Swords Dance|p2a: Terrakion
|-boost|p2a: Terrakion|atk|2
|move|p1a: Venusaur|Giga Drain|p2a: Terrakion
|-supereffective|p2a: Terrakion
|-damage|p2a: Terrakion|66\/324
|
|-damage|p2a: Terrakion|26\/324|[from] Leech Seed|[of] p1a: Venusaur
|turn|8
|c|+yuuy|tiki is good he is just stroking
|
|move|p2a: Terrakion|Stone Edge|p1a: Venusaur
|-damage|p1a: Venusaur|79\/364
|-damage|p2a: Terrakion|0 fnt|[from] item: Life Orb
|faint|p2a: Terrakion
|move|p1a: Venusaur|Synthesis|p1a: Venusaur
|-heal|p1a: Venusaur|261\/364
|
|c|âTkey|;_;
|
|switch|p2a: Latios|Latios, M|228\/302
|turn|9
|c| GrandBlack|ouch
|
|switch|p1a: Heatran|Heatran, M|386\/386
|move|p2a: Latios|Psyshock|p1a: Heatran
|-resisted|p1a: Heatran
|-damage|p1a: Heatran|316\/386
|
|-heal|p1a: Heatran|340\/386|[from] item: Leftovers
|turn|10
|
|switch|p2a: Porygon2|Porygon2|374\/374
|-ability|p2a: Porygon2|Flash Fire|[from] ability: Trace|[of] p1a: Heatran
|move|p1a: Heatran|Stealth Rock|p2a: Porygon2
|-sidestart|p2: Tkey|move: Stealth Rock
|
|-heal|p1a: Heatran|364\/386|[from] item: Leftovers
|turn|11
|
|move|p1a: Heatran|Toxic|p2a: Porygon2|[miss]
|-miss|p1a: Heatran|p2a: Porygon2
|move|p2a: Porygon2|Discharge|p1a: Heatran
|-damage|p1a: Heatran|298\/386
|
|-heal|p1a: Heatran|322\/386|[from] item: Leftovers
|turn|12
|c|+yuuy|!roll 11
|raw|<div class="infobox">Random number (1 - 11): 11<\/div>
|
|switch|p2a: Zapdos|Zapdos|311\/371 tox
|-damage|p2a: Zapdos|219\/371 tox|[from] Stealth Rock
|-ability|p2a: Zapdos|Pressure
|move|p1a: Heatran|Toxic|p2a: Zapdos
|-fail|p2a: Zapdos|tox
|
|-heal|p1a: Heatran|346\/386|[from] item: Leftovers
|-damage|p2a: Zapdos|196\/371 tox|[from] psn
|turn|13
|c|âTkey|noice
|
|move|p1a: Heatran|Protect|p1a: Heatran
|-singleturn|p1a: Heatran|Protect
|move|p2a: Zapdos|Roost|p2a: Zapdos
|-heal|p2a: Zapdos|371\/371 tox
|
|-heal|p1a: Heatran|370\/386|[from] item: Leftovers
|-damage|p2a: Zapdos|325\/371 tox|[from] psn
|turn|14
|c|âTkey|I think I
|c|âTkey|m fugged tho
|c|âTkey|too many misdonks
|
|move|p2a: Zapdos|Thunderbolt|p1a: Heatran
|-damage|p1a: Heatran|224\/386
|-damage|p2a: Zapdos|288\/371 tox|[from] item: Life Orb
|move|p1a: Heatran|Lava Plume|p2a: Zapdos
|-damage|p2a: Zapdos|158\/371 tox
|
|-heal|p1a: Heatran|248\/386|[from] item: Leftovers
|-damage|p2a: Zapdos|89\/371 tox|[from] psn
|turn|15
|
|move|p2a: Zapdos|Roost|p2a: Zapdos
|-heal|p2a: Zapdos|275\/371 tox
|move|p1a: Heatran|Lava Plume|p2a: Zapdos
|-damage|p2a: Zapdos|148\/371 tox
|
|-heal|p1a: Heatran|272\/386|[from] item: Leftovers
|-damage|p2a: Zapdos|56\/371 tox|[from] psn
|turn|16
|
|move|p2a: Zapdos|Roost|p2a: Zapdos
|-heal|p2a: Zapdos|242\/371 tox
|move|p1a: Heatran|Lava Plume|p2a: Zapdos
|-damage|p2a: Zapdos|118\/371 tox
|
|-heal|p1a: Heatran|296\/386|[from] item: Leftovers
|-damage|p2a: Zapdos|3\/371 tox|[from] psn
|turn|17
|
|switch|p2a: Metagross|Metagross|301\/301
|-damage|p2a: Metagross|283\/301|[from] Stealth Rock
|move|p1a: Heatran|Protect|p1a: Heatran
|-fail|p1a: Heatran
|
|-heal|p1a: Heatran|320\/386|[from] item: Leftovers
|turn|18
|
|switch|p1a: Slowbro|Slowbro, F|394\/394
|detailschange|p2a: Metagross|Metagross-Mega
|message|Metagross has Mega Evolved into Mega Metagross!
|move|p2a: Metagross|Earthquake|p1a: Slowbro
|-damage|p1a: Slowbro|309\/394
|
|-heal|p1a: Slowbro|333\/394|[from] item: Leftovers
|turn|19
|
|switch|p2a: Zapdos|Zapdos|3\/371 tox
|-damage|p2a: Zapdos|0 fnt|[from] Stealth Rock
|faint|p2a: Zapdos
|switch|p1a: Heatran|Heatran, M|320\/386
|
|-heal|p1a: Heatran|344\/386|[from] item: Leftovers
|
|switch|p2a: Metagross|Metagross-Mega|283\/301
|-damage|p2a: Metagross|265\/301|[from] Stealth Rock
|turn|20
|
|move|p1a: Heatran|Protect|p1a: Heatran
|-singleturn|p1a: Heatran|Protect
|move|p2a: Metagross|Earthquake|p1a: Heatran
|-activate|p1a: Heatran|Protect
|
|-heal|p1a: Heatran|368\/386|[from] item: Leftovers
|turn|21
|
|switch|p1a: Slowbro|Slowbro, F|394\/394
|move|p2a: Metagross|Earthquake|p1a: Slowbro
|-damage|p1a: Slowbro|300\/394
|
|-heal|p1a: Slowbro|324\/394|[from] item: Leftovers
|turn|22
|
|switch|p2a: Bishi|Bisharp, F|247\/304
|-damage|p2a: Bishi|228\/304|[from] Stealth Rock
|move|p1a: Slowbro|Toxic|p2a: Bishi
|-fail|p2a: Bishi
|
|-heal|p2a: Bishi|247\/304|[from] item: Leftovers
|-heal|p1a: Slowbro|348\/394|[from] item: Leftovers
|turn|23
|
|move|p2a: Bishi|Substitute|p2a: Bishi
|-start|p2a: Bishi|Substitute
|-damage|p2a: Bishi|171\/304
|move|p1a: Slowbro|Scald|p2a: Bishi
|-end|p2a: Bishi|Substitute
|
|-heal|p2a: Bishi|190\/304|[from] item: Leftovers
|-heal|p1a: Slowbro|372\/394|[from] item: Leftovers
|turn|24
|
|switch|p1a: Keldeo-Resolute|Keldeo-Resolute|322\/322
|move|p2a: Bishi|Sucker Punch|p1a: Keldeo-Resolute
|-fail|p1a: Keldeo-Resolute
|
|-heal|p2a: Bishi|209\/304|[from] item: Leftovers
|turn|25
|leave|yuuy
|
|switch|p2a: Metagross|Metagross-Mega|265\/301
|-damage|p2a: Metagross|247\/301|[from] Stealth Rock
|move|p1a: Keldeo-Resolute|Secret Sword|p2a: Metagross
|-damage|p2a: Metagross|75\/301
|
|turn|26
|
|switch|p1a: Slowbro|Slowbro, F|394\/394
|move|p2a: Metagross|Meteor Mash|p1a: Slowbro
|-resisted|p1a: Slowbro
|-damage|p1a: Slowbro|314\/394
|
|-heal|p1a: Slowbro|338\/394|[from] item: Leftovers
|turn|27
|
|move|p2a: Metagross|Earthquake|p1a: Slowbro
|-damage|p1a: Slowbro|243\/394
|move|p1a: Slowbro|Scald|p2a: Metagross
|-damage|p2a: Metagross|0 fnt
|faint|p2a: Metagross
|
|-heal|p1a: Slowbro|267\/394|[from] item: Leftovers
|
|switch|p2a: Latios|Latios, M|228\/302
|-damage|p2a: Latios|191\/302|[from] Stealth Rock
|turn|28
|
|switch|p1a: Venusaur|Venusaur-Mega, M|261\/364
|move|p2a: Latios|Trick|p1a: Venusaur
|-fail|p1a: Venusaur
|
|turn|29
|
|switch|p2a: Porygon2|Porygon2|374\/374
|-damage|p2a: Porygon2|328\/374|[from] Stealth Rock
|-ability|p2a: Porygon2|Thick Fat|[from] ability: Trace|[of] p1a: Venusaur
|move|p1a: Venusaur|Leech Seed|p2a: Porygon2
|-start|p2a: Porygon2|move: Leech Seed
|
|-damage|p2a: Porygon2|282\/374|[from] Leech Seed|[of] p1a: Venusaur
|-heal|p1a: Venusaur|307\/364|[silent]
|turn|30
|
|move|p1a: Venusaur|Giga Drain|p2a: Porygon2
|-damage|p2a: Porygon2|215\/374
|-heal|p1a: Venusaur|341\/364|[from] drain|[of] p2a: Porygon2
|move|p2a: Porygon2|Recover|p2a: Porygon2
|-heal|p2a: Porygon2|374\/374
|
|-damage|p2a: Porygon2|328\/374|[from] Leech Seed|[of] p1a: Venusaur
|-heal|p1a: Venusaur|364\/364|[silent]
|turn|31
|
|switch|p1a: Keldeo-Resolute|Keldeo-Resolute|322\/322
|move|p2a: Porygon2|Tri Attack|p1a: Keldeo-Resolute
|-damage|p1a: Keldeo-Resolute|178\/322
|
|-damage|p2a: Porygon2|282\/374|[from] Leech Seed|[of] p1a: Keldeo-Resolute
|-heal|p1a: Keldeo-Resolute|224\/322|[silent]
|turn|32
|
|move|p1a: Keldeo-Resolute|Secret Sword|p2a: Porygon2
|-supereffective|p2a: Porygon2
|-damage|p2a: Porygon2|0 fnt
|faint|p2a: Porygon2
|
|leave|folanito
|
|switch|p2a: Latios|Latios, M|191\/302
|-damage|p2a: Latios|154\/302|[from] Stealth Rock
|turn|33
|leave|Ni-Pur
|
|switch|p1a: Venusaur|Venusaur-Mega, M|364\/364
|move|p2a: Latios|Trick|p1a: Venusaur
|-fail|p1a: Venusaur
|
|turn|34
|c|âRed Skies|gg
|
|switch|p2a: Bishi|Bisharp, F|209\/304
|-damage|p2a: Bishi|190\/304|[from] Stealth Rock
|move|p1a: Venusaur|Hidden Power|p2a: Bishi
|-crit|p2a: Bishi
|-supereffective|p2a: Bishi
|-damage|p2a: Bishi|0 fnt
|faint|p2a: Bishi
|
|
|switch|p2a: Latios|Latios, M|154\/302
|-damage|p2a: Latios|117\/302|[from] Stealth Rock
|turn|35
|c| GrandBlack|good team red
|c|âRed Skies|thx
|
|switch|p1a: Heatran|Heatran, M|368\/386
|move|p2a: Latios|Trick|p1a: Heatran
|-activate|p2a: Latios|move: Trick|[of] p1a: Heatran
|-item|p1a: Heatran|Choice Scarf|[from] move: Trick
|-item|p2a: Latios|Leftovers|[from] move: Trick
|
|-heal|p2a: Latios|135\/302|[from] item: Leftovers
|turn|36
|
|move|p2a: Latios|Surf|p1a: Heatran
|-supereffective|p1a: Heatran
|-damage|p1a: Heatran|200\/386
|move|p1a: Heatran|Lava Plume|p2a: Latios
|-resisted|p2a: Latios
|-damage|p2a: Latios|83\/302
|-status|p2a: Latios|brn
|
|-heal|p2a: Latios|101\/302 brn|[from] item: Leftovers
|-damage|p2a: Latios|64\/302 brn|[from] brn
|turn|37
|
|move|p2a: Latios|Surf|p1a: Heatran
|-supereffective|p1a: Heatran
|-damage|p1a: Heatran|36\/386
|move|p1a: Heatran|Lava Plume|p2a: Latios
|-resisted|p2a: Latios
|-damage|p2a: Latios|14\/302 brn
|
|-heal|p2a: Latios|32\/302 brn|[from] item: Leftovers
|-damage|p2a: Latios|0 fnt|[from] brn
|faint|p2a: Latios
|
|win|Red Skies
|raw|Ladder updating...
|leave|Tkey
|player|p2
|raw|Red Skies's rating: 1650 &rarr; <strong>1663<\/strong><br \/>(+13 for winning)
|raw|Tkey's rating: 1519 &rarr; <strong>1507<\/strong><br \/>(-12 for losing)