|join|pLeAsE MuRdEr mE
|join|Red Skies
|player|p1|pLeAsE MuRdEr mE|188
|player|p2|Red Skies|64
|gametype|singles
|gen|6
|tier|OU
|rated
|clearpoke
|poke|p1|Keldeo-Resolute
|poke|p1|Bisharp, F, shiny
|poke|p1|Gallade, M
|poke|p1|Gengar, F, shiny
|poke|p1|Landorus, M
|poke|p1|Thundurus, M
|poke|p2|Latios, M
|poke|p2|Garchomp, M
|poke|p2|Keldeo
|poke|p2|Azumarill, F
|poke|p2|Victini
|poke|p2|Metagross
|rule|Swagger Clause: Swagger is banned
|rule|Baton Pass Clause: Limit one PokÃ©mon knowing Baton Pass
|rule|Sleep Clause Mod: Limit one foe put to sleep
|rule|Species Clause: Limit one of each PokÃ©mon
|rule|OHKO Clause: OHKO moves are banned
|rule|Moody Clause: Moody is banned
|rule|Evasion Moves Clause: Evasion moves are banned
|rule|Endless Battle Clause: Forcing endless battles is banned
|rule|HP Percentage Mod: HP is shown in percentages
|teampreview
|
|start
|switch|p1a: you|Gengar, F, shiny|261\/261
|switch|p2a: Azumarill|Azumarill, F|401\/401
|turn|1
|
|move|p1a: you|Sludge Wave|p2a: Azumarill
|-supereffective|p2a: Azumarill
|-damage|p2a: Azumarill|0 fnt
|-damage|p1a: you|235\/261|[from] item: Life Orb
|faint|p2a: Azumarill
|
|
|switch|p2a: Keldeo|Keldeo|340\/340
|turn|2
|
|move|p1a: you|Destiny Bond|p1a: you
|-singlemove|p1a: you|Destiny Bond
|move|p2a: Keldeo|Scald|p1a: you
|-damage|p1a: you|76\/261
|
|turn|3
|
|switch|p2a: Metagross|Metagross|302\/302
|move|p1a: you|Destiny Bond|p1a: you
|-singlemove|p1a: you|Destiny Bond
|
|turn|4
|
|detailschange|p2a: Metagross|Metagross-Mega
|message|Metagross has Mega Evolved into Mega Metagross!
|move|p2a: Metagross|Bullet Punch|p1a: you
|-crit|p1a: you
|-damage|p1a: you|0 fnt
|faint|p1a: you
|-activate|p1a: you|Destiny Bond
|faint|p2a: Metagross
|
|
|switch|p1a: Thundurus|Thundurus, M|299\/299
|switch|p2a: Victini|Victini|341\/341
|turn|5
|
|switch|p1a: ok|Keldeo-Resolute|324\/324
|move|p2a: Victini|V-create|p1a: ok
|-resisted|p1a: ok
|-damage|p1a: ok|98\/324
|-unboost|p2a: Victini|def|1
|-unboost|p2a: Victini|spd|1
|-unboost|p2a: Victini|spe|1
|
|turn|6
|
|switch|p2a: Latios|Latios, M|301\/301
|move|p1a: ok|Scald|p2a: Latios
|-resisted|p2a: Latios
|-damage|p2a: Latios|241\/301
|
|turn|7
|
|switch|p1a: it|Bisharp, F, shiny|272\/272
|move|p2a: Latios|Earthquake|p1a: it
|-supereffective|p1a: it
|-damage|p1a: it|74\/272
|-damage|p2a: Latios|211\/301|[from] item: Life Orb
|
|turn|8
|
|move|p1a: it|Pursuit|p2a: Latios|[from]Pursuit
|-supereffective|p2a: Latios
|-damage|p2a: Latios|0 fnt
|faint|p2a: Latios
|
|
|switch|p2a: Garchomp|Garchomp, M|358\/358
|turn|9
|
|switch|p1a: Thundurus|Thundurus, M|299\/299
|move|p2a: Garchomp|Swords Dance|p2a: Garchomp
|-boost|p2a: Garchomp|atk|2
|
|turn|10
|
|switch|p2a: Victini|Victini|341\/341
|move|p1a: Thundurus|Hidden Power|p2a: Victini
|-resisted|p2a: Victini
|-damage|p2a: Victini|307\/341
|
|turn|11
|
|switch|p1a: ok|Keldeo-Resolute|98\/324
|move|p2a: Victini|V-create|p1a: ok
|-resisted|p1a: ok
|-damage|p1a: ok|0 fnt
|-unboost|p2a: Victini|def|1
|-unboost|p2a: Victini|spd|1
|-unboost|p2a: Victini|spe|1
|faint|p1a: ok
|
|
|switch|p1a: light|Landorus, M|319\/319
|turn|12
|
|switch|p2a: Garchomp|Garchomp, M|358\/358
|move|p1a: light|Earth Power|p2a: Garchomp
|-damage|p2a: Garchomp|92\/358
|
|turn|13
|
|move|p2a: Garchomp|Substitute|p2a: Garchomp
|-start|p2a: Garchomp|Substitute
|-damage|p2a: Garchomp|3\/358
|-enditem|p2a: Garchomp|Salac Berry|[eat]
|-boost|p2a: Garchomp|spe|1|[from] item: Salac Berry
|move|p1a: light|Stealth Rock|p2a: Garchomp
|-sidestart|p2: Red Skies|move: Stealth Rock
|
|turn|14
|
|move|p2a: Garchomp|Swords Dance|p2a: Garchomp
|-boost|p2a: Garchomp|atk|2
|move|p1a: light|Earth Power|p2a: Garchomp
|-end|p2a: Garchomp|Substitute
|
|turn|15
|c|âpLeAsE MuRdEr mE|nb
|
|move|p2a: Garchomp|Outrage|p1a: light
|-crit|p1a: light
|-damage|p1a: light|0 fnt
|faint|p1a: light
|
|
|switch|p1a: it|Bisharp, F, shiny|74\/272
|turn|16
|
|move|p1a: it|Sucker Punch|p2a: Garchomp
|-damage|p2a: Garchomp|0 fnt
|-damage|p1a: it|40\/272|[from] ability: Rough Skin|[of] p2a: Garchomp
|faint|p2a: Garchomp
|
|
|switch|p2a: Keldeo|Keldeo|340\/340
|-damage|p2a: Keldeo|319\/340|[from] Stealth Rock
|turn|17
|
|switch|p1a: Thundurus|Thundurus, M|299\/299
|move|p2a: Keldeo|Calm Mind|p2a: Keldeo
|-boost|p2a: Keldeo|spa|1
|-boost|p2a: Keldeo|spd|1
|
|-heal|p2a: Keldeo|340\/340|[from] item: Leftovers
|turn|18
|
|move|p1a: Thundurus|Thunder Wave|p2a: Keldeo
|-status|p2a: Keldeo|par
|move|p2a: Keldeo|Scald|p1a: Thundurus
|-damage|p1a: Thundurus|76\/299
|
|-heal|p1a: Thundurus|94\/299|[from] item: Leftovers
|turn|19
|
|switch|p1a: yea|Gallade, M|278\/278
|cant|p2a: Keldeo|par
|
|turn|20
|
|detailschange|p1a: yea|Gallade-Mega, M
|message|Gallade has Mega Evolved into Mega Gallade!
|move|p1a: yea|Zen Headbutt|p2a: Keldeo
|-supereffective|p2a: Keldeo
|-damage|p2a: Keldeo|0 fnt
|faint|p2a: Keldeo
|
|
|switch|p2a: Victini|Victini|307\/341
|-damage|p2a: Victini|222\/341|[from] Stealth Rock
|turn|21
|c|âRed Skies|gg
|
|move|p1a: yea|Knock Off|p2a: Victini
|-supereffective|p2a: Victini
|-damage|p2a: Victini|0 fnt
|-enditem|p2a: Victini|Choice Band|[from] move: Knock Off|[of] p1a: yea
|faint|p2a: Victini
|
|win|pLeAsE MuRdEr mE
|raw|Ladder updating...
|c|âpLeAsE MuRdEr mE|gg
|raw|pLeAsE MuRdEr mE's rating: 1660 &rarr; <strong>1678<\/strong><br \/>(+18 for winning)
|raw|Red Skies's rating: 1635 &rarr; <strong>1616<\/strong><br \/>(-19 for losing)