|join|Red Skies
|join|Bellicose
|player|p1|Red Skies|64
|player|p2|Bellicose|266
|gametype|singles
|gen|6
|tier|OU
|rated
|clearpoke
|poke|p1|Mamoswine, M
|poke|p1|Latios, M
|poke|p1|Azumarill, M
|poke|p1|Magnezone
|poke|p1|Heracross, M
|poke|p1|Tyranitar, M
|poke|p2|Tyranitar, M
|poke|p2|Celebi
|poke|p2|Landorus, M
|poke|p2|Alomomola, M
|poke|p2|Medicham, F
|poke|p2|Empoleon, M
|rule|Swagger Clause: Swagger is banned
|rule|Baton Pass Clause: Limit one PokÃ©mon knowing Baton Pass
|rule|Sleep Clause Mod: Limit one foe put to sleep
|rule|Species Clause: Limit one of each PokÃ©mon
|rule|OHKO Clause: OHKO moves are banned
|rule|Moody Clause: Moody is banned
|rule|Evasion Moves Clause: Evasion moves are banned
|rule|Endless Battle Clause: Forcing endless battles is banned
|rule|HP Percentage Mod: HP is shown in percentages
|teampreview
|join|hand relief
|join|EBIP!
|join|Henry
|leave|Henry
|c| hand relief|belli ur teem looks weird
|
|start
|switch|p1a: Azumarill|Azumarill, M|404\/404
|switch|p2a: Medicham|Medicham, F|261\/261
|turn|1
|join|dedic
|join|strOKing
|
|detailschange|p2a: Medicham|Medicham-Mega, F
|message|Medicham has Mega Evolved into Mega Medicham!
|move|p2a: Medicham|Fake Out|p1a: Azumarill
|-damage|p1a: Azumarill|312\/404
|cant|p1a: Azumarill|flinch
|
|turn|2
|
|switch|p2a: Empoleon|Empoleon, M|372\/372
|move|p1a: Azumarill|Knock Off|p2a: Empoleon
|-damage|p2a: Empoleon|242\/372
|-enditem|p2a: Empoleon|Leftovers|[from] move: Knock Off|[of] p1a: Azumarill
|
|turn|3
|
|switch|p1a: Magnezone|Magnezone|282\/282
|move|p2a: Empoleon|Knock Off|p1a: Magnezone
|-damage|p1a: Magnezone|211\/282
|-enditem|p1a: Magnezone|Choice Scarf|[from] move: Knock Off|[of] p2a: Empoleon
|
|turn|4
|c| strOKing|as weird as ur mum
|
|move|p1a: Magnezone|Thunderbolt|p2a: Empoleon
|-supereffective|p2a: Empoleon
|-damage|p2a: Empoleon|0 fnt
|faint|p2a: Empoleon
|
|
|switch|p2a: Medicham|Medicham-Mega, F|261\/261
|turn|5
|
|move|p2a: Medicham|High Jump Kick|p1a: Magnezone
|-supereffective|p1a: Magnezone
|-damage|p1a: Magnezone|0 fnt
|faint|p1a: Magnezone
|
|
|switch|p1a: Azumarill|Azumarill, M|312\/404
|turn|6
|
|switch|p2a: Alomomola|Alomomola, M|534\/534
|move|p1a: Azumarill|Knock Off|p2a: Alomomola
|-damage|p2a: Alomomola|416\/534
|-enditem|p2a: Alomomola|Leftovers|[from] move: Knock Off|[of] p1a: Azumarill
|
|turn|7
|
|switch|p1a: Tyranitar|Tyranitar, M|404\/404
|-weather|Sandstorm
|move|p2a: Alomomola|Toxic|p1a: Tyranitar
|-status|p1a: Tyranitar|tox
|
|-weather|Sandstorm|[upkeep]
|-damage|p2a: Alomomola|383\/534|[from] sandstorm
|-damage|p1a: Tyranitar|379\/404 tox|[from] psn
|turn|8
|
|move|p2a: Alomomola|Wish|p2a: Alomomola
|move|p1a: Tyranitar|Stealth Rock|p2a: Alomomola
|-sidestart|p2: Bellicose|move: Stealth Rock
|
|-weather|Sandstorm|[upkeep]
|-damage|p2a: Alomomola|350\/534|[from] sandstorm
|-heal|p1a: Tyranitar|404\/404 tox|[from] item: Leftovers
|-damage|p1a: Tyranitar|354\/404 tox|[from] psn
|turn|9
|
|switch|p2a: Landorus|Landorus, M|320\/320
|-damage|p2a: Landorus|280\/320|[from] Stealth Rock
|move|p1a: Tyranitar|Stone Edge|p2a: Landorus
|-crit|p2a: Landorus
|-damage|p2a: Landorus|40\/320
|
|-weather|Sandstorm|[upkeep]
|-heal|p2a: Landorus|307\/320|[from] move: Wish|[wisher] Alomomola
|-heal|p1a: Tyranitar|379\/404 tox|[from] item: Leftovers
|-damage|p1a: Tyranitar|304\/404 tox|[from] psn
|turn|10
|
|move|p2a: Landorus|Focus Blast|p1a: Tyranitar
|-supereffective|p1a: Tyranitar
|-damage|p1a: Tyranitar|0 fnt
|faint|p1a: Tyranitar
|
|-weather|Sandstorm|[upkeep]
|
|switch|p1a: Mamoswine|Mamoswine, M|362\/362
|turn|11
|
|switch|p2a: Alomomola|Alomomola, M|528\/534
|-damage|p2a: Alomomola|462\/534|[from] Stealth Rock
|move|p1a: Mamoswine|Earthquake|p2a: Alomomola
|-damage|p2a: Alomomola|267\/534
|-damage|p1a: Mamoswine|326\/362|[from] item: Life Orb
|
|-weather|none
|turn|12
|
|switch|p1a: Heracross|Heracross, M|325\/325
|move|p2a: Alomomola|Wish|p2a: Alomomola
|
|turn|13
|
|switch|p2a: Landorus|Landorus, M|307\/320
|-damage|p2a: Landorus|267\/320|[from] Stealth Rock
|detailschange|p1a: Heracross|Heracross-Mega, M
|message|Heracross has Mega Evolved into Mega Heracross!
|move|p1a: Heracross|Swords Dance|p1a: Heracross
|-boost|p1a: Heracross|atk|2
|
|-heal|p2a: Landorus|320\/320|[from] move: Wish|[wisher] Alomomola
|turn|14
|
|move|p2a: Landorus|Sludge Wave|p1a: Heracross
|-damage|p1a: Heracross|161\/325
|move|p1a: Heracross|Rock Blast|p2a: Landorus
|-damage|p2a: Landorus|233\/320
|-crit|p2a: Landorus
|-damage|p2a: Landorus|100\/320
|-damage|p2a: Landorus|5\/320
|-damage|p2a: Landorus|0 fnt
|-hitcount|p2a: Landorus|4
|faint|p2a: Landorus
|
|
|switch|p2a: Medicham|Medicham-Mega, F|261\/261
|-damage|p2a: Medicham|245\/261|[from] Stealth Rock
|turn|15
|
|switch|p1a: Latios|Latios, M|301\/301
|move|p2a: Medicham|Psycho Cut|p1a: Latios
|-resisted|p1a: Latios
|-damage|p1a: Latios|166\/301
|
|turn|16
|
|switch|p2a: Tyranitar|Tyranitar, M|341\/341
|-damage|p2a: Tyranitar|299\/341|[from] Stealth Rock
|-weather|Sandstorm
|move|p1a: Latios|Trick|p2a: Tyranitar
|-activate|p1a: Latios|move: Trick|[of] p2a: Tyranitar
|-item|p2a: Tyranitar|Choice Specs|[from] move: Trick
|-item|p1a: Latios|Choice Scarf|[from] move: Trick
|
|-weather|Sandstorm|[upkeep]
|-damage|p1a: Latios|148\/301|[from] sandstorm
|turn|17
|
|move|p1a: Latios|Tailwind|p1a: Latios
|-sidestart|p1: Red Skies|move: Tailwind
|move|p2a: Tyranitar|Pursuit|p1a: Latios
|-supereffective|p1a: Latios
|-damage|p1a: Latios|0 fnt
|faint|p1a: Latios
|
|-weather|Sandstorm|[upkeep]
|
|switch|p1a: Heracross|Heracross-Mega, M|161\/325
|turn|18
|
|switch|p2a: Medicham|Medicham-Mega, F|245\/261
|-damage|p2a: Medicham|229\/261|[from] Stealth Rock
|move|p1a: Heracross|Pin Missile|p2a: Medicham
|-damage|p2a: Medicham|160\/261
|-damage|p2a: Medicham|85\/261
|-crit|p2a: Medicham
|-damage|p2a: Medicham|0 fnt
|-hitcount|p2a: Medicham|3
|faint|p2a: Medicham
|
|-weather|Sandstorm|[upkeep]
|-damage|p1a: Heracross|141\/325|[from] sandstorm
|c|âBellicose|  ok?
|
|switch|p2a: Tyranitar|Tyranitar, M|299\/341
|-damage|p2a: Tyranitar|257\/341|[from] Stealth Rock
|turn|19
|
|move|p1a: Heracross|Pin Missile|p2a: Tyranitar
|-supereffective|p2a: Tyranitar
|-damage|p2a: Tyranitar|149\/341
|-supereffective|p2a: Tyranitar
|-damage|p2a: Tyranitar|21\/341
|-supereffective|p2a: Tyranitar
|-damage|p2a: Tyranitar|0 fnt
|-hitcount|p2a: Tyranitar|3
|faint|p2a: Tyranitar
|
|-weather|Sandstorm|[upkeep]
|-damage|p1a: Heracross|121\/325|[from] sandstorm
|
|switch|p2a: Celebi|Celebi|396\/396
|-damage|p2a: Celebi|347\/396|[from] Stealth Rock
|turn|20
|
|switch|p2a: Alomomola|Alomomola, M|445\/534
|-damage|p2a: Alomomola|379\/534|[from] Stealth Rock
|move|p1a: Heracross|Pin Missile|p2a: Alomomola
|-damage|p2a: Alomomola|330\/534
|-damage|p2a: Alomomola|279\/534
|-damage|p2a: Alomomola|222\/534
|-damage|p2a: Alomomola|171\/534
|-damage|p2a: Alomomola|113\/534
|-hitcount|p2a: Alomomola|5
|
|-weather|none
|-sideend|p1: Red Skies|move: Tailwind
|turn|21
|c|âBellicose|Stupid hacking kid
|
|move|p1a: Heracross|Pin Missile|p2a: Alomomola
|-damage|p2a: Alomomola|62\/534
|-damage|p2a: Alomomola|4\/534
|-damage|p2a: Alomomola|0 fnt
|-hitcount|p2a: Alomomola|3
|faint|p2a: Alomomola
|
|
|switch|p2a: Celebi|Celebi|347\/396
|-damage|p2a: Celebi|298\/396|[from] Stealth Rock
|turn|22
|c|âRed Skies|gg dude
|
|move|p2a: Celebi|Leaf Storm|p1a: Heracross|[miss]
|-miss|p2a: Celebi|p1a: Heracross
|move|p1a: Heracross|Pin Missile|p2a: Celebi
|-supereffective|p2a: Celebi
|-damage|p2a: Celebi|58\/396
|-supereffective|p2a: Celebi
|-damage|p2a: Celebi|0 fnt
|-hitcount|p2a: Celebi|2
|faint|p2a: Celebi
|
|win|Red Skies
|raw|Ladder updating...
|leave|Bellicose
|player|p2
|leave|dedic