|join|beancount
|join|Red Skies
|player|p1|beancount|169
|player|p2|Red Skies|64
|gametype|singles
|gen|6
|tier|OU
|rated
|clearpoke
|poke|p1|Bisharp, M
|poke|p1|Gengar, M
|poke|p1|Manectric, M
|poke|p1|Landorus-Therian, M
|poke|p1|Mamoswine, M
|poke|p1|Azumarill, F
|poke|p2|Thundurus, M
|poke|p2|Garchomp, F
|poke|p2|Greninja, M
|poke|p2|Azumarill, F
|poke|p2|Terrakion
|poke|p2|Metagross
|rule|Swagger Clause: Swagger is banned
|rule|Baton Pass Clause: Limit one PokÃ©mon knowing Baton Pass
|rule|Sleep Clause Mod: Limit one foe put to sleep
|rule|Species Clause: Limit one of each PokÃ©mon
|rule|OHKO Clause: OHKO moves are banned
|rule|Moody Clause: Moody is banned
|rule|Evasion Moves Clause: Evasion moves are banned
|rule|Endless Battle Clause: Forcing endless battles is banned
|rule|HP Percentage Mod: HP is shown in percentages
|teampreview
|
|start
|switch|p1a: Mamoswine|Mamoswine, M|381\/381
|switch|p2a: Terrakion|Terrakion|324\/324
|turn|1
|
|move|p2a: Terrakion|Taunt|p1a: Mamoswine
|-immune|p1a: Mamoswine|[msg]|[from] Oblivious
|move|p1a: Mamoswine|Earthquake|p2a: Terrakion
|-crit|p2a: Terrakion
|-supereffective|p2a: Terrakion
|-enditem|p2a: Terrakion|Focus Sash
|-damage|p2a: Terrakion|1\/324
|
|turn|2
|
|move|p1a: Mamoswine|Ice Shard|p2a: Terrakion
|-damage|p2a: Terrakion|0 fnt
|faint|p2a: Terrakion
|
|
|switch|p2a: Azumarill|Azumarill, F|401\/401
|turn|3
|
|move|p2a: Azumarill|Aqua Jet|p1a: Mamoswine
|-supereffective|p1a: Mamoswine
|-damage|p1a: Mamoswine|93\/381
|move|p1a: Mamoswine|Earthquake|p2a: Azumarill
|-damage|p2a: Azumarill|205\/401
|
|turn|4
|
|move|p2a: Azumarill|Aqua Jet|p1a: Mamoswine
|-supereffective|p1a: Mamoswine
|-damage|p1a: Mamoswine|0 fnt
|faint|p1a: Mamoswine
|
|
|switch|p1a: Manectric|Manectric, M|281\/281
|turn|5
|
|switch|p2a: Garchomp|Garchomp, F|358\/358
|detailschange|p1a: Manectric|Manectric-Mega, M
|message|Manectric has Mega Evolved into Mega Manectric!
|-ability|p1a: Manectric|Intimidate|[of] p2a: Garchomp
|-unboost|p2a: Garchomp|atk|1
|move|p1a: Manectric|Thunderbolt|p2a: Garchomp
|-immune|p2a: Garchomp|[msg]
|
|turn|6
|
|switch|p1a: Landorus-Therian|Landorus-Therian, M|320\/320
|-ability|p1a: Landorus-Therian|Intimidate|[of] p2a: Garchomp
|-unboost|p2a: Garchomp|atk|1
|switch|p2a: Azumarill|Azumarill, F|205\/401
|
|turn|7
|
|move|p1a: Landorus-Therian|Earthquake|p2a: Azumarill
|-damage|p2a: Azumarill|0 fnt
|faint|p2a: Azumarill
|
|
|switch|p2a: Thundurus|Thundurus, M|300\/300
|turn|8
|
|switch|p1a: Gengar|Gengar, M|262\/262
|move|p2a: Thundurus|Focus Blast|p1a: Gengar
|-immune|p1a: Gengar|[msg]
|
|turn|9
|
|switch|p1a: Landorus-Therian|Landorus-Therian, M|320\/320
|-ability|p1a: Landorus-Therian|Intimidate|[of] p2a: Thundurus
|-unboost|p2a: Thundurus|atk|1
|move|p2a: Thundurus|Thunderbolt|p1a: Landorus-Therian
|-immune|p1a: Landorus-Therian|[msg]
|
|turn|10
|
|move|p1a: Landorus-Therian|U-turn|p2a: Thundurus
|-resisted|p2a: Thundurus
|-damage|p2a: Thundurus|238\/300
|
|switch|p1a: Bisharp|Bisharp, M|278\/278
|move|p2a: Thundurus|Focus Blast|p1a: Bisharp|[miss]
|-miss|p2a: Thundurus|p1a: Bisharp
|
|turn|11
|
|move|p2a: Thundurus|Thunder Wave|p1a: Bisharp
|-status|p1a: Bisharp|par
|move|p1a: Bisharp|Sucker Punch|p2a: Thundurus
|-fail|p2a: Thundurus
|
|turn|12
|
|switch|p2a: Garchomp|Garchomp, F|358\/358
|move|p1a: Bisharp|Sucker Punch|p2a: Garchomp
|-fail|p2a: Garchomp
|
|turn|13
|
|switch|p1a: Landorus-Therian|Landorus-Therian, M|320\/320
|-ability|p1a: Landorus-Therian|Intimidate|[of] p2a: Garchomp
|-unboost|p2a: Garchomp|atk|1
|move|p2a: Garchomp|Swords Dance|p2a: Garchomp
|-boost|p2a: Garchomp|atk|2
|
|turn|14
|
|move|p1a: Landorus-Therian|Earthquake|p2a: Garchomp
|-damage|p2a: Garchomp|151\/358
|move|p2a: Garchomp|Substitute|p2a: Garchomp
|-start|p2a: Garchomp|Substitute
|-damage|p2a: Garchomp|62\/358
|-enditem|p2a: Garchomp|Salac Berry|[eat]
|-boost|p2a: Garchomp|spe|1|[from] item: Salac Berry
|
|turn|15
|
|move|p2a: Garchomp|Dragon Claw|p1a: Landorus-Therian
|-damage|p1a: Landorus-Therian|83\/320
|move|p1a: Landorus-Therian|Earthquake|p2a: Garchomp
|-end|p2a: Garchomp|Substitute
|
|turn|16
|
|switch|p1a: Bisharp|Bisharp, M|278\/278 par
|move|p2a: Garchomp|Dragon Claw|p1a: Bisharp
|-resisted|p1a: Bisharp
|-damage|p1a: Bisharp|168\/278 par
|
|turn|17
|
|move|p2a: Garchomp|Swords Dance|p2a: Garchomp
|-boost|p2a: Garchomp|atk|2
|move|p1a: Bisharp|Knock Off|p2a: Garchomp
|-damage|p2a: Garchomp|0 fnt
|-damage|p1a: Bisharp|134\/278 par|[from] ability: Rough Skin|[of] p2a: Garchomp
|faint|p2a: Garchomp
|
|
|switch|p2a: Thundurus|Thundurus, M|238\/300
|turn|18
|
|move|p1a: Bisharp|Sucker Punch|p2a: Thundurus
|-damage|p2a: Thundurus|0 fnt
|faint|p2a: Thundurus
|
|
|switch|p2a: Greninja|Greninja, M|285\/285
|turn|19
|
|move|p1a: Bisharp|Sucker Punch|p2a: Greninja
|-crit|p2a: Greninja
|-resisted|p2a: Greninja
|-damage|p2a: Greninja|88\/285
|move|p2a: Greninja|Low Kick|p1a: Bisharp
|-start|p2a: Greninja|typechange|Fighting|[from] Protean
|-supereffective|p1a: Bisharp
|-damage|p1a: Bisharp|0 fnt
|-damage|p2a: Greninja|60\/285|[from] item: Life Orb
|faint|p1a: Bisharp
|
|
|switch|p1a: Manectric|Manectric-Mega, M|281\/281
|-ability|p1a: Manectric|Intimidate|[of] p2a: Greninja
|-unboost|p2a: Greninja|atk|1
|turn|20
|
|move|p1a: Manectric|Volt Switch|p2a: Greninja
|-damage|p2a: Greninja|0 fnt
|faint|p2a: Greninja
|
|switch|p1a: Gengar|Gengar, M|262\/262
|
|-message|Red Skies forfeited.
|
|win|beancount
|raw|Ladder updating...
|leave|Red Skies
|player|p2
|raw|beancount's rating: 1537 &rarr; <strong>1560<\/strong><br \/>(+23 for winning)
|raw|Red Skies's rating: 1577 &rarr; <strong>1554<\/strong><br \/>(-23 for losing)