|join|jack41
|join|Red Skies
|player|p1|jack41|17
|player|p2|Red Skies|64
|gametype|singles
|gen|6
|tier|OU
|rated
|clearpoke
|poke|p1|Heracross, M
|poke|p1|Rotom-Wash
|poke|p1|Tyranitar, M
|poke|p1|Excadrill, F
|poke|p1|Latios, M
|poke|p1|Thundurus, M
|poke|p2|Excadrill, F
|poke|p2|Latios, M
|poke|p2|Azumarill, M
|poke|p2|Keldeo-Resolute
|poke|p2|Medicham, F
|poke|p2|Tyranitar, M
|rule|Swagger Clause: Swagger is banned
|rule|Baton Pass Clause: Limit one PokÃ©mon knowing Baton Pass
|rule|Sleep Clause Mod: Limit one foe put to sleep
|rule|Species Clause: Limit one of each PokÃ©mon
|rule|OHKO Clause: OHKO moves are banned
|rule|Moody Clause: Moody is banned
|rule|Evasion Moves Clause: Evasion moves are banned
|rule|Endless Battle Clause: Forcing endless battles is banned
|rule|HP Percentage Mod: HP is shown in percentages
|teampreview
|c|âjack41|Ilike ur team
|c|âjack41|*I like
|c|âjack41|gl
|c|âRed Skies|u2
|
|start
|switch|p1a: Thundurus|Thundurus, M|299\/299
|switch|p2a: Latios|Latios, M|301\/301
|turn|1
|
|move|p1a: Thundurus|Thunder Wave|p2a: Latios
|-status|p2a: Latios|par
|move|p2a: Latios|Draco Meteor|p1a: Thundurus
|-damage|p1a: Thundurus|0 fnt
|-unboost|p2a: Latios|spa|2
|faint|p1a: Thundurus
|
|
|switch|p1a: Heracross|Heracross, M|301\/301
|turn|2
|
|switch|p2a: Azumarill|Azumarill, M|404\/404
|detailschange|p1a: Heracross|Heracross-Mega, M
|message|Heracross has Mega Evolved into Mega Heracross!
|move|p1a: Heracross|Pin Missile|p2a: Azumarill
|-resisted|p2a: Azumarill
|-damage|p2a: Azumarill|365\/404
|-resisted|p2a: Azumarill
|-damage|p2a: Azumarill|327\/404
|-resisted|p2a: Azumarill
|-damage|p2a: Azumarill|286\/404
|-resisted|p2a: Azumarill
|-damage|p2a: Azumarill|247\/404
|-resisted|p2a: Azumarill
|-damage|p2a: Azumarill|208\/404
|-hitcount|p2a: Azumarill|5
|
|turn|3
|
|move|p2a: Azumarill|Aqua Jet|p1a: Heracross
|-damage|p1a: Heracross|229\/301
|move|p1a: Heracross|Rock Blast|p2a: Azumarill|[miss]
|-miss|p1a: Heracross|p2a: Azumarill
|
|turn|4
|
|move|p2a: Azumarill|Aqua Jet|p1a: Heracross
|-damage|p1a: Heracross|147\/301
|move|p1a: Heracross|Rock Blast|p2a: Azumarill
|-damage|p2a: Azumarill|158\/404
|-damage|p2a: Azumarill|108\/404
|-damage|p2a: Azumarill|57\/404
|-damage|p2a: Azumarill|2\/404
|-damage|p2a: Azumarill|0 fnt
|-hitcount|p2a: Azumarill|5
|faint|p2a: Azumarill
|
|
|switch|p2a: Medicham|Medicham, F|262\/262
|turn|5
|
|switch|p1a: Latios|Latios, M|302\/302
|detailschange|p2a: Medicham|Medicham-Mega, F
|message|Medicham has Mega Evolved into Mega Medicham!
|move|p2a: Medicham|Zen Headbutt|p1a: Latios
|-resisted|p1a: Latios
|-damage|p1a: Latios|138\/302
|
|turn|6
|
|switch|p2a: Tyranitar|Tyranitar, M|404\/404
|-weather|Sandstorm
|move|p1a: Latios|Draco Meteor|p2a: Tyranitar
|-damage|p2a: Tyranitar|277\/404
|-unboost|p1a: Latios|spa|2
|
|-weather|Sandstorm|[upkeep]
|-damage|p1a: Latios|120\/302|[from] sandstorm
|turn|7
|
|switch|p1a: Tyranitar|Tyranitar, M|341\/341
|move|p2a: Tyranitar|Stealth Rock|p1a: Tyranitar
|-sidestart|p1: jack41|move: Stealth Rock
|
|-weather|Sandstorm|[upkeep]
|turn|8
|
|switch|p2a: Medicham|Medicham-Mega, F|262\/262
|move|p1a: Tyranitar|Stealth Rock|p2a: Medicham
|-sidestart|p2: Red Skies|move: Stealth Rock
|
|-weather|Sandstorm|[upkeep]
|-damage|p2a: Medicham|246\/262|[from] sandstorm
|turn|9
|
|move|p2a: Medicham|Drain Punch|p1a: Tyranitar
|-supereffective|p1a: Tyranitar
|-enditem|p1a: Tyranitar|Focus Sash
|-damage|p1a: Tyranitar|1\/341
|-heal|p2a: Medicham|262\/262|[from] drain|[of] p1a: Tyranitar
|move|p1a: Tyranitar|Dark Pulse|p2a: Medicham
|-damage|p2a: Medicham|138\/262
|
|-weather|Sandstorm|[upkeep]
|-damage|p2a: Medicham|122\/262|[from] sandstorm
|turn|10
|
|switch|p1a: Latios|Latios, M|120\/302
|-damage|p1a: Latios|83\/302|[from] Stealth Rock
|move|p2a: Medicham|Drain Punch|p1a: Latios
|-crit|p1a: Latios
|-resisted|p1a: Latios
|-damage|p1a: Latios|0 fnt
|-heal|p2a: Medicham|164\/262|[from] drain|[of] p1a: Latios
|faint|p1a: Latios
|
|-weather|Sandstorm|[upkeep]
|-damage|p2a: Medicham|148\/262|[from] sandstorm
|
|switch|p1a: Excadrill|Excadrill, F|362\/362
|-damage|p1a: Excadrill|351\/362|[from] Stealth Rock
|turn|11
|
|switch|p2a: Tyranitar|Tyranitar, M|277\/404
|-damage|p2a: Tyranitar|227\/404|[from] Stealth Rock
|move|p1a: Excadrill|Iron Head|p2a: Tyranitar
|-supereffective|p2a: Tyranitar
|-damage|p2a: Tyranitar|0 fnt
|-damage|p1a: Excadrill|315\/362|[from] item: Life Orb
|faint|p2a: Tyranitar
|
|-weather|Sandstorm|[upkeep]
|
|switch|p2a: Latios|Latios, M|301\/301 par
|-damage|p2a: Latios|264\/301 par|[from] Stealth Rock
|turn|12
|
|move|p1a: Excadrill|Rapid Spin|p2a: Latios
|-damage|p2a: Latios|225\/301 par
|-sideend|p1: jack41|Stealth Rock|[from] move: Rapid Spin|[of] p1a: Excadrill
|-damage|p1a: Excadrill|279\/362|[from] item: Life Orb
|move|p2a: Latios|Hidden Power|p1a: Excadrill
|-supereffective|p1a: Excadrill
|-damage|p1a: Excadrill|0 fnt
|faint|p1a: Excadrill
|
|-weather|Sandstorm|[upkeep]
|-damage|p2a: Latios|207\/301 par|[from] sandstorm
|c|âjack41|btw just asking does  ur sand teams have problems with scarf lando -t?
|
|switch|p1a: Heracross|Heracross-Mega, M|147\/301
|turn|13
|c|âRed Skies|Well
|c|âRed Skies|Usually have, but I use the Keldeo Scarf for the renvenge
|
|move|p1a: Heracross|Pin Missile|p2a: Latios
|-supereffective|p2a: Latios
|-damage|p2a: Latios|51\/301 par
|-supereffective|p2a: Latios
|-damage|p2a: Latios|0 fnt
|-hitcount|p2a: Latios|2
|faint|p2a: Latios
|
|-weather|none
|c|âjack41|yeah i try and have scarf lati for that
|
|switch|p2a: Medicham|Medicham-Mega, F|148\/262
|-damage|p2a: Medicham|132\/262|[from] Stealth Rock
|turn|14
|c|âjack41|trick kinda helps with stall too
|c|âRed Skies|Yeah
|
|switch|p1a: Tyranitar|Tyranitar, M|1\/341
|-weather|Sandstorm
|move|p2a: Medicham|Zen Headbutt|p1a: Tyranitar
|-immune|p1a: Tyranitar|[msg]
|
|-weather|Sandstorm|[upkeep]
|-damage|p2a: Medicham|116\/262|[from] sandstorm
|turn|15
|
|move|p2a: Medicham|Drain Punch|p1a: Tyranitar
|-supereffective|p1a: Tyranitar
|-damage|p1a: Tyranitar|0 fnt
|-heal|p2a: Medicham|117\/262|[from] drain|[of] p1a: Tyranitar
|faint|p1a: Tyranitar
|
|-weather|Sandstorm|[upkeep]
|-damage|p2a: Medicham|101\/262|[from] sandstorm
|
|switch|p1a: Rotom-Wash|Rotom-Wash|304\/304
|turn|16
|
|move|p2a: Medicham|Zen Headbutt|p1a: Rotom-Wash|[miss]
|-miss|p2a: Medicham|p1a: Rotom-Wash
|move|p1a: Rotom-Wash|Will-O-Wisp|p2a: Medicham
|-status|p2a: Medicham|brn
|
|-weather|Sandstorm|[upkeep]
|-damage|p2a: Medicham|85\/262 brn|[from] sandstorm
|-damage|p1a: Rotom-Wash|285\/304|[from] sandstorm
|-heal|p1a: Rotom-Wash|304\/304|[from] item: Leftovers
|-damage|p2a: Medicham|53\/262 brn|[from] brn
|turn|17
|c|âRed Skies|gg
|
|move|p2a: Medicham|Zen Headbutt|p1a: Rotom-Wash
|-damage|p1a: Rotom-Wash|211\/304
|move|p1a: Rotom-Wash|Hydro Pump|p2a: Medicham
|-damage|p2a: Medicham|0 fnt
|faint|p2a: Medicham
|
|-weather|Sandstorm|[upkeep]
|-damage|p1a: Rotom-Wash|192\/304|[from] sandstorm
|-heal|p1a: Rotom-Wash|211\/304|[from] item: Leftovers
|
|switch|p2a: Excadrill|Excadrill, F|372\/372
|-damage|p2a: Excadrill|361\/372|[from] Stealth Rock
|turn|18
|
|move|p2a: Excadrill|Rock Slide|p1a: Rotom-Wash
|-damage|p1a: Rotom-Wash|119\/304
|-damage|p2a: Excadrill|324\/372|[from] item: Life Orb
|move|p1a: Rotom-Wash|Hydro Pump|p2a: Excadrill
|-supereffective|p2a: Excadrill
|-damage|p2a: Excadrill|0 fnt
|faint|p2a: Excadrill
|
|-weather|none
|-heal|p1a: Rotom-Wash|138\/304|[from] item: Leftovers
|
|switch|p2a: Keldeo-Resolute|Keldeo-Resolute|323\/323
|-damage|p2a: Keldeo-Resolute|303\/323|[from] Stealth Rock
|turn|19
|
|move|p2a: Keldeo-Resolute|Hydro Pump|p1a: Rotom-Wash
|-resisted|p1a: Rotom-Wash
|-damage|p1a: Rotom-Wash|43\/304
|move|p1a: Rotom-Wash|Pain Split|p2a: Keldeo-Resolute
|-sethp|p2a: Keldeo-Resolute|173\/323|p1a: Rotom-Wash|173\/304|[from] move: Pain Split
|
|-heal|p1a: Rotom-Wash|192\/304|[from] item: Leftovers
|turn|20
|
|move|p2a: Keldeo-Resolute|Hydro Pump|p1a: Rotom-Wash
|-resisted|p1a: Rotom-Wash
|-damage|p1a: Rotom-Wash|93\/304
|move|p1a: Rotom-Wash|Volt Switch|p2a: Keldeo-Resolute
|-supereffective|p2a: Keldeo-Resolute
|-damage|p2a: Keldeo-Resolute|0 fnt
|faint|p2a: Keldeo-Resolute
|
|win|jack41
|raw|Ladder updating...
|raw|jack41's rating: 1747 &rarr; <strong>1769<\/strong><br \/>(+22 for winning)
|raw|Red Skies's rating: 1785 &rarr; <strong>1762<\/strong><br \/>(-23 for losing)
|c|âjack41|i thought  i was gonna lose
|c|âjack41|thank u 
|leave|Red Skies
|player|p2