|join|Red Skies
|join|HPrior
|player|p1|Red Skies|64
|player|p2|HPrior|4
|gametype|singles
|gen|6
|tier|OU
|rated
|clearpoke
|poke|p1|Latios, M
|poke|p1|Landorus-Therian, M
|poke|p1|Metagross
|poke|p1|Rotom-Wash
|poke|p1|Heatran, F
|poke|p1|Greninja, F
|poke|p2|Altaria, F
|poke|p2|Keldeo-Resolute
|poke|p2|Landorus-Therian, M
|poke|p2|Jirachi
|poke|p2|Raikou
|poke|p2|Shiftry, M
|rule|Swagger Clause: Swagger is banned
|rule|Baton Pass Clause: Limit one PokÃ©mon knowing Baton Pass
|rule|Sleep Clause Mod: Limit one foe put to sleep
|rule|Species Clause: Limit one of each PokÃ©mon
|rule|OHKO Clause: OHKO moves are banned
|rule|Moody Clause: Moody is banned
|rule|Evasion Moves Clause: Evasion moves are banned
|rule|Endless Battle Clause: Forcing endless battles is banned
|rule|HP Percentage Mod: HP is shown in percentages
|teampreview
|
|start
|switch|p1a: Metagross|Metagross|335\/335
|switch|p2a: Jirachi|Jirachi|341\/341
|turn|1
|
|switch|p1a: Landorus-Therian|Landorus-Therian, M|331\/331
|-ability|p1a: Landorus-Therian|Intimidate|[of] p2a: Jirachi
|-unboost|p2a: Jirachi|atk|1
|move|p2a: Jirachi|U-turn|p1a: Landorus-Therian
|-resisted|p1a: Landorus-Therian
|-damage|p1a: Landorus-Therian|306\/331
|
|switch|p2a: Keldeo-Resolute|Keldeo-Resolute|324\/324
|
|turn|2
|
|switch|p1a: Rotom-Wash|Rotom-Wash|304\/304
|move|p2a: Keldeo-Resolute|Icy Wind|p1a: Rotom-Wash
|-resisted|p1a: Rotom-Wash
|-damage|p1a: Rotom-Wash|265\/304
|-unboost|p1a: Rotom-Wash|spe|1
|
|-heal|p1a: Rotom-Wash|284\/304|[from] item: Leftovers
|turn|3
|
|switch|p2a: Raikou|Raikou|321\/321
|-ability|p2a: Raikou|Pressure
|move|p1a: Rotom-Wash|Will-O-Wisp|p2a: Raikou
|-status|p2a: Raikou|brn
|
|-heal|p1a: Rotom-Wash|303\/304|[from] item: Leftovers
|-damage|p2a: Raikou|281\/321 brn|[from] brn
|turn|4
|
|switch|p1a: Landorus-Therian|Landorus-Therian, M|306\/331
|-ability|p1a: Landorus-Therian|Intimidate|[of] p2a: Raikou
|-unboost|p2a: Raikou|atk|1
|move|p2a: Raikou|Volt Switch|p1a: Landorus-Therian
|-immune|p1a: Landorus-Therian|[msg]
|
|-damage|p2a: Raikou|241\/321 brn|[from] brn
|turn|5
|
|move|p1a: Landorus-Therian|Knock Off|p2a: Raikou
|-damage|p2a: Raikou|81\/321 brn
|-enditem|p2a: Raikou|Assault Vest|[from] move: Knock Off|[of] p1a: Landorus-Therian
|move|p2a: Raikou|Hidden Power|p1a: Landorus-Therian
|-supereffective|p1a: Landorus-Therian
|-damage|p1a: Landorus-Therian|14\/331
|
|-damage|p2a: Raikou|41\/321 brn|[from] brn
|turn|6
|
|switch|p1a: Heatran|Heatran, F|386\/386
|switch|p2a: Altaria|Altaria, F|307\/307
|
|turn|7
|
|detailschange|p2a: Altaria|Altaria-Mega, F
|message|Altaria has Mega Evolved into Mega Altaria!
|move|p2a: Altaria|Earthquake|p1a: Heatran
|-supereffective|p1a: Heatran
|-damage|p1a: Heatran|0 fnt
|faint|p1a: Heatran
|
|
|switch|p1a: Metagross|Metagross|335\/335
|turn|8
|
|switch|p2a: Landorus-Therian|Landorus-Therian, M|382\/382
|-ability|p2a: Landorus-Therian|Intimidate|[of] p1a: Metagross
|-fail|p1a: Metagross|unboost|[from] ability: Clear Body|[of] p1a: Metagross
|move|p1a: Metagross|Meteor Mash|p2a: Landorus-Therian
|-damage|p2a: Landorus-Therian|246\/382
|-damage|p1a: Metagross|280\/335|[from] item: Rocky Helmet|[of] p2a: Landorus-Therian
|
|turn|9
|
|switch|p2a: Raikou|Raikou|41\/321 brn
|-ability|p2a: Raikou|Pressure
|move|p1a: Metagross|Ice Punch|p2a: Raikou
|-damage|p2a: Raikou|0 fnt
|faint|p2a: Raikou
|
|
|switch|p2a: Keldeo-Resolute|Keldeo-Resolute|324\/324
|turn|10
|
|switch|p1a: Rotom-Wash|Rotom-Wash|303\/304
|move|p2a: Keldeo-Resolute|Scald|p1a: Rotom-Wash
|-resisted|p1a: Rotom-Wash
|-damage|p1a: Rotom-Wash|210\/304
|
|-heal|p1a: Rotom-Wash|229\/304|[from] item: Leftovers
|turn|11
|
|switch|p2a: Shiftry|Shiftry, M|321\/321
|move|p1a: Rotom-Wash|Will-O-Wisp|p2a: Shiftry
|-status|p2a: Shiftry|brn
|
|-heal|p1a: Rotom-Wash|248\/304|[from] item: Leftovers
|-damage|p2a: Shiftry|281\/321 brn|[from] brn
|turn|12
|
|switch|p1a: Landorus-Therian|Landorus-Therian, M|14\/331
|-ability|p1a: Landorus-Therian|Intimidate|[of] p2a: Shiftry
|-unboost|p2a: Shiftry|atk|1
|move|p2a: Shiftry|Leaf Storm|p1a: Landorus-Therian
|-damage|p1a: Landorus-Therian|0 fnt
|-unboost|p2a: Shiftry|spa|2
|-damage|p2a: Shiftry|249\/321 brn|[from] item: Life Orb
|faint|p1a: Landorus-Therian
|
|-damage|p2a: Shiftry|209\/321 brn|[from] brn
|
|switch|p1a: Metagross|Metagross|280\/335
|turn|13
|
|move|p2a: Shiftry|Sucker Punch|p1a: Metagross
|-supereffective|p1a: Metagross
|-damage|p1a: Metagross|199\/335
|-damage|p2a: Shiftry|177\/321 brn|[from] item: Life Orb
|move|p1a: Metagross|Meteor Mash|p2a: Shiftry
|-damage|p2a: Shiftry|0 fnt
|-boost|p1a: Metagross|atk|1
|faint|p2a: Shiftry
|
|
|switch|p2a: Keldeo-Resolute|Keldeo-Resolute|324\/324
|turn|14
|
|switch|p1a: Rotom-Wash|Rotom-Wash|248\/304
|move|p2a: Keldeo-Resolute|Secret Sword|p1a: Rotom-Wash
|-damage|p1a: Rotom-Wash|91\/304
|
|-heal|p1a: Rotom-Wash|110\/304|[from] item: Leftovers
|turn|15
|
|move|p2a: Keldeo-Resolute|Secret Sword|p1a: Rotom-Wash
|-damage|p1a: Rotom-Wash|0 fnt
|faint|p1a: Rotom-Wash
|
|
|switch|p1a: Latios|Latios, M|301\/301
|turn|16
|
|switch|p2a: Jirachi|Jirachi|341\/341
|detailschange|p1a: Latios|Latios-Mega, M
|message|Latios has Mega Evolved into Mega Latios!
|move|p1a: Latios|Dragon Dance|p1a: Latios
|-boost|p1a: Latios|atk|1
|-boost|p1a: Latios|spe|1
|
|turn|17
|
|switch|p2a: Landorus-Therian|Landorus-Therian, M|246\/382
|-ability|p2a: Landorus-Therian|Intimidate|[of] p1a: Latios
|-unboost|p1a: Latios|atk|1
|move|p1a: Latios|Earthquake|p2a: Landorus-Therian
|-immune|p2a: Landorus-Therian|[msg]
|
|turn|18
|
|move|p1a: Latios|Draco Meteor|p2a: Landorus-Therian
|-damage|p2a: Landorus-Therian|0 fnt
|-unboost|p1a: Latios|spa|2
|faint|p2a: Landorus-Therian
|
|
|switch|p2a: Altaria|Altaria-Mega, F|307\/307
|turn|19
|
|move|p1a: Latios|Zen Headbutt|p2a: Altaria
|-damage|p2a: Altaria|163\/307
|move|p2a: Altaria|Facade|p1a: Latios
|-supereffective|p1a: Latios
|-damage|p1a: Latios|0 fnt
|faint|p1a: Latios
|
|
|switch|p1a: Greninja|Greninja, F|285\/285
|turn|20
|
|move|p1a: Greninja|Ice Beam|p2a: Altaria
|-start|p1a: Greninja|typechange|Ice|[from] Protean
|-supereffective|p2a: Altaria
|-damage|p2a: Altaria|0 fnt
|-damage|p1a: Greninja|257\/285|[from] item: Life Orb
|faint|p2a: Altaria
|
|
|switch|p2a: Jirachi|Jirachi|341\/341
|turn|21
|
|switch|p1a: Metagross|Metagross|199\/335
|move|p2a: Jirachi|U-turn|p1a: Metagross
|-damage|p1a: Metagross|140\/335
|
|switch|p2a: Keldeo-Resolute|Keldeo-Resolute|324\/324
|
|turn|22
|
|move|p2a: Keldeo-Resolute|Secret Sword|p1a: Metagross
|-damage|p1a: Metagross|0 fnt
|faint|p1a: Metagross
|
|
|switch|p1a: Greninja|Greninja, F|257\/285
|turn|23
|c|âHPrior|gg
|c|âRed Skies|gg
|c|âHPrior|wp
|
|move|p1a: Greninja|Hidden Power|p2a: Keldeo-Resolute
|-start|p1a: Greninja|typechange|Grass|[from] Protean
|-supereffective|p2a: Keldeo-Resolute
|-damage|p2a: Keldeo-Resolute|67\/324
|-damage|p1a: Greninja|229\/285|[from] item: Life Orb
|move|p2a: Keldeo-Resolute|Secret Sword|p1a: Greninja
|-damage|p1a: Greninja|0 fnt
|faint|p1a: Greninja
|
|win|HPrior
|raw|Ladder updating...
|raw|Red Skies's rating: 1551 &rarr; <strong>1526<\/strong><br \/>(-25 for losing)
|raw|HPrior's rating: 1463 &rarr; <strong>1488<\/strong><br \/>(+25 for winning)
|leave|Red Skies
|player|p1