|join|Red Skies
|join|lil manaphy
|player|p1|Red Skies|209
|player|p2|lil manaphy|9
|gametype|singles
|gen|6
|tier|OU
|rated
|clearpoke
|poke|p1|Azumarill, M
|poke|p1|Keldeo-Resolute
|poke|p1|Metagross
|poke|p1|Landorus-Therian, M
|poke|p1|Garchomp, F
|poke|p1|Ferrothorn, F
|poke|p2|Diancie
|poke|p2|Chansey, F
|poke|p2|Gothitelle, F
|poke|p2|Landorus-Therian, M
|poke|p2|Rotom-Wash
|poke|p2|Mandibuzz, F
|rule|Swagger Clause: Swagger is banned
|rule|Baton Pass Clause: Limit one PokÃ©mon knowing Baton Pass
|rule|Sleep Clause Mod: Limit one foe put to sleep
|rule|Species Clause: Limit one of each PokÃ©mon
|rule|OHKO Clause: OHKO moves are banned
|rule|Moody Clause: Moody is banned
|rule|Evasion Moves Clause: Evasion moves are banned
|rule|Endless Battle Clause: Forcing endless battles is banned
|rule|HP Percentage Mod: HP is shown in percentages
|teampreview
|
|start
|switch|p1a: Ferrothorn|Ferrothorn, F|352\/352
|switch|p2a: Diancie|Diancie|241\/241
|turn|1
|
|detailschange|p2a: Diancie|Diancie-Mega
|-mega|p2a: Diancie|Diancie|Diancite
|move|p2a: Diancie|Protect|p2a: Diancie
|-singleturn|p2a: Diancie|Protect
|move|p1a: Ferrothorn|Spikes|p2a: Diancie
|move|p2a: Diancie|Spikes|p1a: Ferrothorn|[from]Magic Bounce
|-sidestart|p1: Red Skies|Spikes
|
|turn|2
|
|switch|p2a: Gothitelle|Gothitelle, F|301\/301
|switch|p1a: Landorus-Therian|Landorus-Therian, M|382\/382
|-ability|p1a: Landorus-Therian|Intimidate|[of] p2a: Gothitelle
|-unboost|p2a: Gothitelle|atk|1
|
|turn|3
|
|switch|p2a: Landorus-Therian|Landorus-Therian, M|382\/382
|-ability|p2a: Landorus-Therian|Intimidate|[of] p1a: Landorus-Therian
|-unboost|p1a: Landorus-Therian|atk|1
|move|p1a: Landorus-Therian|Stealth Rock|p2a: Landorus-Therian
|-sidestart|p2: lil manaphy|move: Stealth Rock
|
|turn|4
|
|move|p1a: Landorus-Therian|U-turn|p2a: Landorus-Therian
|-resisted|p2a: Landorus-Therian
|-damage|p2a: Landorus-Therian|362\/382
|
|switch|p1a: Keldeo-Resolute|Keldeo-Resolute|323\/323
|-damage|p1a: Keldeo-Resolute|283\/323|[from] Spikes
|move|p2a: Landorus-Therian|Stealth Rock|p1a: Keldeo-Resolute
|-sidestart|p1: Red Skies|move: Stealth Rock
|
|-heal|p2a: Landorus-Therian|382\/382|[from] item: Leftovers
|turn|5
|
|switch|p2a: Rotom-Wash|Rotom-Wash|303\/303
|-damage|p2a: Rotom-Wash|266\/303|[from] Stealth Rock
|move|p1a: Keldeo-Resolute|Scald|p2a: Rotom-Wash
|-resisted|p2a: Rotom-Wash
|-damage|p2a: Rotom-Wash|194\/303
|
|-heal|p2a: Rotom-Wash|212\/303|[from] item: Leftovers
|turn|6
|
|move|p1a: Keldeo-Resolute|Scald|p2a: Rotom-Wash
|-resisted|p2a: Rotom-Wash
|-damage|p2a: Rotom-Wash|140\/303
|move|p2a: Rotom-Wash|Will-O-Wisp|p1a: Keldeo-Resolute
|-status|p1a: Keldeo-Resolute|brn
|
|-heal|p2a: Rotom-Wash|158\/303|[from] item: Leftovers
|-damage|p1a: Keldeo-Resolute|243\/323 brn|[from] brn
|turn|7
|
|switch|p1a: Ferrothorn|Ferrothorn, F|352\/352
|-damage|p1a: Ferrothorn|330\/352|[from] Stealth Rock
|-damage|p1a: Ferrothorn|286\/352|[from] Spikes
|move|p2a: Rotom-Wash|Pain Split|p1a: Ferrothorn
|-sethp|p1a: Ferrothorn|222\/352|p2a: Rotom-Wash|222\/303|[from] move: Pain Split
|
|-heal|p2a: Rotom-Wash|240\/303|[from] item: Leftovers
|-heal|p1a: Ferrothorn|244\/352|[from] item: Leftovers
|turn|8
|
|move|p2a: Rotom-Wash|Will-O-Wisp|p1a: Ferrothorn
|-status|p1a: Ferrothorn|brn
|move|p1a: Ferrothorn|Spikes|p2a: Rotom-Wash
|-sidestart|p2: lil manaphy|Spikes
|
|-heal|p2a: Rotom-Wash|258\/303|[from] item: Leftovers
|-heal|p1a: Ferrothorn|266\/352 brn|[from] item: Leftovers
|-damage|p1a: Ferrothorn|222\/352 brn|[from] brn
|turn|9
|
|switch|p2a: Mandibuzz|Mandibuzz, F|424\/424
|-damage|p2a: Mandibuzz|318\/424|[from] Stealth Rock
|switch|p1a: Garchomp|Garchomp, F|371\/371
|-damage|p1a: Garchomp|325\/371|[from] Spikes
|-damage|p1a: Garchomp|302\/371|[from] Stealth Rock
|
|-heal|p2a: Mandibuzz|344\/424|[from] item: Leftovers
|turn|10
|
|switch|p1a: Keldeo-Resolute|Keldeo-Resolute|243\/323 brn
|-damage|p1a: Keldeo-Resolute|223\/323 brn|[from] Stealth Rock
|-damage|p1a: Keldeo-Resolute|183\/323 brn|[from] Spikes
|move|p2a: Mandibuzz|Defog|p1a: Keldeo-Resolute
|-unboost|p1a: Keldeo-Resolute|evasion|1
|-sideend|p1: Red Skies|Spikes|[from] move: Defog|[of] p1a: Keldeo-Resolute
|-sideend|p1: Red Skies|Stealth Rock|[from] move: Defog|[of] p1a: Keldeo-Resolute
|-sideend|p2: lil manaphy|Spikes|[from] move: Defog|[of] p2a: Mandibuzz
|-sideend|p2: lil manaphy|Stealth Rock|[from] move: Defog|[of] p2a: Mandibuzz
|
|-heal|p2a: Mandibuzz|370\/424|[from] item: Leftovers
|-damage|p1a: Keldeo-Resolute|143\/323 brn|[from] brn
|turn|11
|
|switch|p2a: Rotom-Wash|Rotom-Wash|258\/303
|move|p1a: Keldeo-Resolute|Scald|p2a: Rotom-Wash
|-resisted|p2a: Rotom-Wash
|-damage|p2a: Rotom-Wash|192\/303
|-status|p2a: Rotom-Wash|brn
|
|-heal|p2a: Rotom-Wash|210\/303 brn|[from] item: Leftovers
|-damage|p1a: Keldeo-Resolute|103\/323 brn|[from] brn
|-damage|p2a: Rotom-Wash|173\/303 brn|[from] brn
|turn|12
|
|switch|p1a: Garchomp|Garchomp, F|302\/371
|move|p2a: Rotom-Wash|Volt Switch|p1a: Garchomp
|-immune|p1a: Garchomp|[msg]
|
|-heal|p2a: Rotom-Wash|191\/303 brn|[from] item: Leftovers
|-damage|p2a: Rotom-Wash|154\/303 brn|[from] brn
|turn|13
|
|move|p1a: Garchomp|Substitute|p1a: Garchomp
|-start|p1a: Garchomp|Substitute
|-damage|p1a: Garchomp|210\/371
|move|p2a: Rotom-Wash|Pain Split|p1a: Garchomp
|
|-heal|p2a: Rotom-Wash|172\/303 brn|[from] item: Leftovers
|-damage|p2a: Rotom-Wash|135\/303 brn|[from] brn
|turn|14
|
|move|p1a: Garchomp|Swords Dance|p1a: Garchomp
|-boost|p1a: Garchomp|atk|2
|move|p2a: Rotom-Wash|Hydro Pump|p1a: Garchomp
|-end|p1a: Garchomp|Substitute
|
|-heal|p2a: Rotom-Wash|153\/303 brn|[from] item: Leftovers
|-damage|p2a: Rotom-Wash|116\/303 brn|[from] brn
|turn|15
|
|move|p1a: Garchomp|Substitute|p1a: Garchomp
|-start|p1a: Garchomp|Substitute
|-damage|p1a: Garchomp|118\/371
|move|p2a: Rotom-Wash|Hydro Pump|p1a: Garchomp|[miss]
|-miss|p2a: Rotom-Wash|p1a: Garchomp
|
|-heal|p2a: Rotom-Wash|134\/303 brn|[from] item: Leftovers
|-damage|p2a: Rotom-Wash|97\/303 brn|[from] brn
|turn|16
|
|move|p1a: Garchomp|Dragon Claw|p2a: Rotom-Wash
|-damage|p2a: Rotom-Wash|0 fnt
|faint|p2a: Rotom-Wash
|
|
|switch|p2a: Gothitelle|Gothitelle, F|301\/301
|turn|17
|
|move|p2a: Gothitelle|Psychic|p1a: Garchomp
|-end|p1a: Garchomp|Substitute
|move|p1a: Garchomp|Substitute|p1a: Garchomp
|-start|p1a: Garchomp|Substitute
|-damage|p1a: Garchomp|26\/371
|-enditem|p1a: Garchomp|Salac Berry|[eat]
|-boost|p1a: Garchomp|spe|1|[from] item: Salac Berry
|
|turn|18
|
|move|p1a: Garchomp|Earthquake|p2a: Gothitelle
|-damage|p2a: Gothitelle|0 fnt
|faint|p2a: Gothitelle
|
|-message|lil manaphy forfeited.
|leave|lil manaphy
|
|win|Red Skies
|raw|Ladder updating...
|player|p2
|raw|Red Skies's rating: 1625 &rarr; <strong>1646<\/strong><br \/>(+21 for winning)
|raw|lil manaphy's rating: 1643 &rarr; <strong>1622<\/strong><br \/>(-21 for losing)