|join|Red Skies
|join|lil manaphy
|player|p1|Red Skies|209
|player|p2|lil manaphy|9
|gametype|singles
|gen|6
|tier|OU
|rated
|clearpoke
|poke|p1|Azumarill, M
|poke|p1|Excadrill, F
|poke|p1|Sableye, M
|poke|p1|Mew
|poke|p1|Heatran, M
|poke|p1|Ferrothorn, F
|poke|p2|Diancie
|poke|p2|Chansey, F
|poke|p2|Gothitelle, M
|poke|p2|Landorus-Therian, M
|poke|p2|Rotom-Wash
|poke|p2|Mandibuzz, F
|rule|Swagger Clause: Swagger is banned
|rule|Baton Pass Clause: Limit one PokÃ©mon knowing Baton Pass
|rule|Sleep Clause Mod: Limit one foe put to sleep
|rule|Species Clause: Limit one of each PokÃ©mon
|rule|OHKO Clause: OHKO moves are banned
|rule|Moody Clause: Moody is banned
|rule|Evasion Moves Clause: Evasion moves are banned
|rule|Endless Battle Clause: Forcing endless battles is banned
|rule|HP Percentage Mod: HP is shown in percentages
|teampreview
|
|start
|switch|p1a: Sableye|Sableye, M|303\/303
|switch|p2a: Diancie|Diancie|241\/241
|turn|1
|
|switch|p1a: Excadrill|Excadrill, F|361\/361
|-ability|p1a: Excadrill|Mold Breaker
|detailschange|p2a: Diancie|Diancie-Mega
|-mega|p2a: Diancie|Diancie|Diancite
|move|p2a: Diancie|Earth Power|p1a: Excadrill
|-supereffective|p1a: Excadrill
|-damage|p1a: Excadrill|11\/361
|-unboost|p1a: Excadrill|spd|1
|
|turn|2
|
|switch|p2a: Landorus-Therian|Landorus-Therian, M|382\/382
|-ability|p2a: Landorus-Therian|Intimidate|[of] p1a: Excadrill
|-unboost|p1a: Excadrill|atk|1
|move|p1a: Excadrill|Toxic|p2a: Landorus-Therian
|-status|p2a: Landorus-Therian|tox
|
|-damage|p2a: Landorus-Therian|359\/382 tox|[from] psn
|turn|3
|
|switch|p1a: Ferrothorn|Ferrothorn, F|352\/352
|move|p2a: Landorus-Therian|Stealth Rock|p1a: Ferrothorn
|-sidestart|p1: Red Skies|move: Stealth Rock
|
|-heal|p2a: Landorus-Therian|382\/382 tox|[from] item: Leftovers
|-damage|p2a: Landorus-Therian|336\/382 tox|[from] psn
|turn|4
|
|switch|p2a: Gothitelle|Gothitelle, M|301\/301
|move|p1a: Ferrothorn|Stealth Rock|p2a: Gothitelle
|-sidestart|p2: lil manaphy|move: Stealth Rock
|
|turn|5
|
|move|p1a: Ferrothorn|Protect|p1a: Ferrothorn
|-singleturn|p1a: Ferrothorn|Protect
|move|p2a: Gothitelle|Trick|p1a: Ferrothorn
|-activate|p1a: Ferrothorn|Protect
|
|turn|6
|
|move|p2a: Gothitelle|Trick|p1a: Ferrothorn
|-activate|p2a: Gothitelle|move: Trick|[of] p1a: Ferrothorn
|-item|p1a: Ferrothorn|Choice Scarf|[from] move: Trick
|-item|p2a: Gothitelle|Leftovers|[from] move: Trick
|move|p1a: Ferrothorn|Leech Seed|p2a: Gothitelle
|-start|p2a: Gothitelle|move: Leech Seed
|
|-damage|p2a: Gothitelle|264\/301|[from] Leech Seed|[of] p1a: Ferrothorn
|turn|7
|
|move|p2a: Gothitelle|Calm Mind|p2a: Gothitelle
|-boost|p2a: Gothitelle|spa|1
|-boost|p2a: Gothitelle|spd|1
|move|p1a: Ferrothorn|Leech Seed|p2a: Gothitelle
|-fail|p2a: Gothitelle
|
|-heal|p2a: Gothitelle|282\/301|[from] item: Leftovers
|-damage|p2a: Gothitelle|245\/301|[from] Leech Seed|[of] p1a: Ferrothorn
|turn|8
|
|move|p2a: Gothitelle|Calm Mind|p2a: Gothitelle
|-boost|p2a: Gothitelle|spa|1
|-boost|p2a: Gothitelle|spd|1
|move|p1a: Ferrothorn|Leech Seed|p2a: Gothitelle
|-fail|p2a: Gothitelle
|
|-heal|p2a: Gothitelle|263\/301|[from] item: Leftovers
|-damage|p2a: Gothitelle|226\/301|[from] Leech Seed|[of] p1a: Ferrothorn
|turn|9
|
|move|p2a: Gothitelle|Calm Mind|p2a: Gothitelle
|-boost|p2a: Gothitelle|spa|1
|-boost|p2a: Gothitelle|spd|1
|move|p1a: Ferrothorn|Leech Seed|p2a: Gothitelle|[miss]
|-miss|p1a: Ferrothorn|p2a: Gothitelle
|
|-heal|p2a: Gothitelle|244\/301|[from] item: Leftovers
|-damage|p2a: Gothitelle|207\/301|[from] Leech Seed|[of] p1a: Ferrothorn
|turn|10
|
|move|p2a: Gothitelle|Calm Mind|p2a: Gothitelle
|-boost|p2a: Gothitelle|spa|1
|-boost|p2a: Gothitelle|spd|1
|move|p1a: Ferrothorn|Leech Seed|p2a: Gothitelle
|-fail|p2a: Gothitelle
|
|-heal|p2a: Gothitelle|225\/301|[from] item: Leftovers
|-damage|p2a: Gothitelle|188\/301|[from] Leech Seed|[of] p1a: Ferrothorn
|turn|11
|
|move|p2a: Gothitelle|Calm Mind|p2a: Gothitelle
|-boost|p2a: Gothitelle|spa|1
|-boost|p2a: Gothitelle|spd|1
|move|p1a: Ferrothorn|Leech Seed|p2a: Gothitelle
|-fail|p2a: Gothitelle
|
|-heal|p2a: Gothitelle|206\/301|[from] item: Leftovers
|-damage|p2a: Gothitelle|169\/301|[from] Leech Seed|[of] p1a: Ferrothorn
|turn|12
|
|move|p2a: Gothitelle|Calm Mind|p2a: Gothitelle
|-boost|p2a: Gothitelle|spa|1
|-boost|p2a: Gothitelle|spd|1
|move|p1a: Ferrothorn|Leech Seed|p2a: Gothitelle
|-fail|p2a: Gothitelle
|
|-heal|p2a: Gothitelle|187\/301|[from] item: Leftovers
|-damage|p2a: Gothitelle|150\/301|[from] Leech Seed|[of] p1a: Ferrothorn
|turn|13
|
|move|p2a: Gothitelle|Psychic|p1a: Ferrothorn
|-resisted|p1a: Ferrothorn
|-damage|p1a: Ferrothorn|156\/352
|-unboost|p1a: Ferrothorn|spd|1
|move|p1a: Ferrothorn|Leech Seed|p2a: Gothitelle|[miss]
|-miss|p1a: Ferrothorn|p2a: Gothitelle
|
|-heal|p2a: Gothitelle|168\/301|[from] item: Leftovers
|-damage|p2a: Gothitelle|131\/301|[from] Leech Seed|[of] p1a: Ferrothorn
|-heal|p1a: Ferrothorn|193\/352|[silent]
|turn|14
|
|move|p2a: Gothitelle|Rest|p2a: Gothitelle
|-status|p2a: Gothitelle|slp
|-heal|p2a: Gothitelle|301\/301 slp|[silent]
|-status|p2a: Gothitelle|slp|[from] move: Rest
|move|p1a: Ferrothorn|Leech Seed|p2a: Gothitelle
|-fail|p2a: Gothitelle
|
|-damage|p2a: Gothitelle|264\/301 slp|[from] Leech Seed|[of] p1a: Ferrothorn
|-heal|p1a: Ferrothorn|230\/352|[silent]
|turn|15
|
|cant|p2a: Gothitelle|slp
|move|p1a: Ferrothorn|Leech Seed|p2a: Gothitelle
|-fail|p2a: Gothitelle
|
|-heal|p2a: Gothitelle|282\/301 slp|[from] item: Leftovers
|-damage|p2a: Gothitelle|245\/301 slp|[from] Leech Seed|[of] p1a: Ferrothorn
|-heal|p1a: Ferrothorn|267\/352|[silent]
|turn|16
|
|cant|p2a: Gothitelle|slp
|move|p1a: Ferrothorn|Leech Seed|p2a: Gothitelle
|-fail|p2a: Gothitelle
|
|-heal|p2a: Gothitelle|263\/301 slp|[from] item: Leftovers
|-damage|p2a: Gothitelle|226\/301 slp|[from] Leech Seed|[of] p1a: Ferrothorn
|-heal|p1a: Ferrothorn|304\/352|[silent]
|turn|17
|
|-curestatus|p2a: Gothitelle|slp
|move|p2a: Gothitelle|Psychic|p1a: Ferrothorn
|-resisted|p1a: Ferrothorn
|-damage|p1a: Ferrothorn|0 fnt
|faint|p1a: Ferrothorn
|
|-heal|p2a: Gothitelle|244\/301|[from] item: Leftovers
|
|switch|p1a: Heatran|Heatran, M|385\/385
|-damage|p1a: Heatran|337\/385|[from] Stealth Rock
|-item|p1a: Heatran|Air Balloon
|turn|18
|
|move|p2a: Gothitelle|Psychic|p1a: Heatran
|-resisted|p1a: Heatran
|-damage|p1a: Heatran|160\/385
|-enditem|p1a: Heatran|Air Balloon
|move|p1a: Heatran|Toxic|p2a: Gothitelle
|-status|p2a: Gothitelle|tox
|
|-heal|p2a: Gothitelle|262\/301 tox|[from] item: Leftovers
|-damage|p2a: Gothitelle|225\/301 tox|[from] Leech Seed|[of] p1a: Heatran
|-heal|p1a: Heatran|197\/385|[silent]
|-damage|p2a: Gothitelle|207\/301 tox|[from] psn
|turn|19
|
|move|p2a: Gothitelle|Psychic|p1a: Heatran
|-resisted|p1a: Heatran
|-damage|p1a: Heatran|20\/385
|move|p1a: Heatran|Taunt|p2a: Gothitelle
|-start|p2a: Gothitelle|move: Taunt
|
|-heal|p2a: Gothitelle|225\/301 tox|[from] item: Leftovers
|-damage|p2a: Gothitelle|188\/301 tox|[from] Leech Seed|[of] p1a: Heatran
|-heal|p1a: Heatran|57\/385|[silent]
|-damage|p2a: Gothitelle|152\/301 tox|[from] psn
|turn|20
|
|move|p2a: Gothitelle|Psychic|p1a: Heatran
|-resisted|p1a: Heatran
|-damage|p1a: Heatran|0 fnt
|faint|p1a: Heatran
|
|-heal|p2a: Gothitelle|170\/301 tox|[from] item: Leftovers
|-damage|p2a: Gothitelle|116\/301 tox|[from] psn
|
|switch|p1a: Sableye|Sableye, M|303\/303
|-damage|p1a: Sableye|266\/303|[from] Stealth Rock
|turn|21
|
|switch|p2a: Diancie|Diancie-Mega|241\/241
|-damage|p2a: Diancie|211\/241|[from] Stealth Rock
|switch|p1a: Excadrill|Excadrill, F|11\/361
|-damage|p1a: Excadrill|0 fnt|[from] Stealth Rock
|faint|p1a: Excadrill
|
|
|switch|p1a: Mew|Mew|404\/404
|-damage|p1a: Mew|354\/404|[from] Stealth Rock
|turn|22
|
|move|p2a: Diancie|Moonblast|p1a: Mew
|-damage|p1a: Mew|173\/404
|move|p1a: Mew|Substitute|p1a: Mew
|-start|p1a: Mew|Substitute
|-damage|p1a: Mew|72\/404
|
|-heal|p1a: Mew|97\/404|[from] item: Leftovers
|turn|23
|
|move|p2a: Diancie|Ancient Power|p1a: Mew
|-end|p1a: Mew|Substitute
|move|p1a: Mew|Baton Pass|p1a: Mew
|
|switch|p1a: Azumarill|Azumarill, M|404\/404
|-damage|p1a: Azumarill|354\/404|[from] Stealth Rock
|
|turn|24
|
|switch|p2a: Gothitelle|Gothitelle, M|116\/301 tox
|-damage|p2a: Gothitelle|79\/301 tox|[from] Stealth Rock
|move|p1a: Azumarill|Play Rough|p2a: Gothitelle
|-damage|p2a: Gothitelle|0 fnt
|faint|p2a: Gothitelle
|
|
|switch|p2a: Rotom-Wash|Rotom-Wash|303\/303
|-damage|p2a: Rotom-Wash|266\/303|[from] Stealth Rock
|turn|25
|
|switch|p1a: Sableye|Sableye, M|266\/303
|-damage|p1a: Sableye|229\/303|[from] Stealth Rock
|move|p2a: Rotom-Wash|Volt Switch|p1a: Sableye
|-damage|p1a: Sableye|148\/303
|
|switch|p2a: Diancie|Diancie-Mega|211\/241
|-damage|p2a: Diancie|181\/241|[from] Stealth Rock
|
|turn|26
|-message|Red Skies forfeited.
|leave|Red Skies
|
|win|lil manaphy
|raw|Ladder updating...
|player|p1
|raw|Red Skies's rating: 1602 &rarr; <strong>1582<\/strong><br \/>(-20 for losing)
|raw|lil manaphy's rating: 1615 &rarr; <strong>1634<\/strong><br \/>(+19 for winning)