|join|Red Skies
|join|Wond3rbread
|player|p1|Red Skies|209
|player|p2|Wond3rbread|165
|gametype|singles
|gen|6
|tier|OU (suspect test)
|rated
|clearpoke
|poke|p1|Gengar, M
|poke|p1|Azumarill, M
|poke|p1|Lopunny, F
|poke|p1|Landorus-Therian, M
|poke|p1|Kyurem-Black
|poke|p1|Latias, F
|poke|p2|Altaria, F
|poke|p2|Latias, F
|poke|p2|Ferrothorn, F
|poke|p2|Landorus-Therian, M
|poke|p2|Heatran, M
|poke|p2|Manaphy
|rule|Swagger Clause: Swagger is banned
|rule|Baton Pass Clause: Limit one PokÃ©mon knowing Baton Pass
|rule|Sleep Clause Mod: Limit one foe put to sleep
|rule|Species Clause: Limit one of each PokÃ©mon
|rule|OHKO Clause: OHKO moves are banned
|rule|Moody Clause: Moody is banned
|rule|Evasion Moves Clause: Evasion moves are banned
|rule|Endless Battle Clause: Forcing endless battles is banned
|rule|HP Percentage Mod: HP is shown in percentages
|teampreview
|c|âWond3rbread|gl
|c|âWond3rbread|:]
|
|start
|switch|p1a: Kyurem-Black|Kyurem-Black|404\/404
|switch|p2a: Landorus-Therian|Landorus-Therian, M|319\/319
|-ability|p2a: Landorus-Therian|Intimidate|[of] p1a: Kyurem-Black
|-unboost|p1a: Kyurem-Black|atk|1
|-ability|p1a: Kyurem-Black|Teravolt
|turn|1
|
|switch|p2a: Ferrothorn|Ferrothorn, F|352\/352
|move|p1a: Kyurem-Black|Ice Beam|p2a: Ferrothorn
|-damage|p2a: Ferrothorn|229\/352
|
|turn|2
|
|move|p1a: Kyurem-Black|Substitute|p1a: Kyurem-Black
|-start|p1a: Kyurem-Black|Substitute
|-damage|p1a: Kyurem-Black|303\/404
|move|p2a: Ferrothorn|Gyro Ball|p1a: Kyurem-Black
|-supereffective|p1a: Kyurem-Black
|-end|p1a: Kyurem-Black|Substitute
|
|-heal|p1a: Kyurem-Black|328\/404|[from] item: Leftovers
|turn|3
|
|switch|p1a: Landorus-Therian|Landorus-Therian, M|382\/382
|-ability|p1a: Landorus-Therian|Intimidate|[of] p2a: Ferrothorn
|-unboost|p2a: Ferrothorn|atk|1
|move|p2a: Ferrothorn|Gyro Ball|p1a: Landorus-Therian
|-damage|p1a: Landorus-Therian|295\/382
|
|-heal|p1a: Landorus-Therian|318\/382|[from] item: Leftovers
|turn|4
|
|move|p1a: Landorus-Therian|Stealth Rock|p2a: Ferrothorn
|-sidestart|p2: Wond3rbread|move: Stealth Rock
|move|p2a: Ferrothorn|Leech Seed|p1a: Landorus-Therian|[miss]
|-miss|p2a: Ferrothorn|p1a: Landorus-Therian
|
|-heal|p1a: Landorus-Therian|341\/382|[from] item: Leftovers
|turn|5
|c|âWond3rbread|nice.
|
|move|p1a: Landorus-Therian|Earthquake|p2a: Ferrothorn
|-damage|p2a: Ferrothorn|117\/352
|move|p2a: Ferrothorn|Leech Seed|p1a: Landorus-Therian
|-start|p1a: Landorus-Therian|move: Leech Seed
|
|-heal|p1a: Landorus-Therian|364\/382|[from] item: Leftovers
|-damage|p1a: Landorus-Therian|317\/382|[from] Leech Seed|[of] p2a: Ferrothorn
|-heal|p2a: Ferrothorn|164\/352|[silent]
|turn|6
|
|move|p1a: Landorus-Therian|U-turn|p2a: Ferrothorn
|-damage|p2a: Ferrothorn|106\/352
|-damage|p1a: Landorus-Therian|270\/382|[from] ability: Iron Barbs|[of] p2a: Ferrothorn
|
|switch|p1a: Gengar|Gengar, M|261\/261
|move|p2a: Ferrothorn|Stealth Rock|p1a: Gengar
|-sidestart|p1: Red Skies|move: Stealth Rock
|
|turn|7
|
|move|p1a: Gengar|Shadow Ball|p2a: Ferrothorn
|-damage|p2a: Ferrothorn|0 fnt
|-damage|p1a: Gengar|235\/261|[from] item: Life Orb
|faint|p2a: Ferrothorn
|
|
|switch|p2a: Heatran|Heatran, M|337\/337
|-damage|p2a: Heatran|295\/337|[from] Stealth Rock
|turn|8
|
|move|p1a: Gengar|Focus Blast|p2a: Heatran|[miss]
|-miss|p1a: Gengar|p2a: Heatran
|move|p2a: Heatran|Fire Blast|p1a: Gengar|[miss]
|-miss|p2a: Heatran|p1a: Gengar
|
|-heal|p2a: Heatran|316\/337|[from] item: Leftovers
|turn|9
|c|âWond3rbread|lol
|
|switch|p1a: Azumarill|Azumarill, M|400\/400
|-damage|p1a: Azumarill|350\/400|[from] Stealth Rock
|move|p2a: Heatran|Fire Blast|p1a: Azumarill
|-resisted|p1a: Azumarill
|-damage|p1a: Azumarill|221\/400
|
|-heal|p2a: Heatran|337\/337|[from] item: Leftovers
|turn|10
|
|move|p2a: Heatran|Flash Cannon|p1a: Azumarill
|-damage|p1a: Azumarill|25\/400
|-enditem|p1a: Azumarill|Sitrus Berry|[eat]
|-heal|p1a: Azumarill|125\/400|[from] item: Sitrus Berry
|move|p1a: Azumarill|Superpower|p2a: Heatran
|-supereffective|p2a: Heatran
|-damage|p2a: Heatran|33\/337
|-unboost|p1a: Azumarill|atk|1
|-unboost|p1a: Azumarill|def|1
|
|-heal|p2a: Heatran|54\/337|[from] item: Leftovers
|turn|11
|
|move|p1a: Azumarill|Aqua Jet|p2a: Heatran
|-crit|p2a: Heatran
|-supereffective|p2a: Heatran
|-damage|p2a: Heatran|0 fnt
|faint|p2a: Heatran
|
|
|switch|p2a: Latias|Latias, F|301\/301
|-damage|p2a: Latias|264\/301|[from] Stealth Rock
|turn|12
|
|switch|p1a: Latias|Latias, F|305\/305
|-damage|p1a: Latias|267\/305|[from] Stealth Rock
|move|p2a: Latias|Psyshock|p1a: Latias
|-resisted|p1a: Latias
|-damage|p1a: Latias|183\/305
|-damage|p2a: Latias|234\/301|[from] item: Life Orb
|
|turn|13
|
|move|p1a: Latias|Draco Meteor|p2a: Latias|[miss]
|-miss|p1a: Latias|p2a: Latias
|move|p2a: Latias|Draco Meteor|p1a: Latias
|-supereffective|p1a: Latias
|-damage|p1a: Latias|0 fnt
|-unboost|p2a: Latias|spa|2
|-damage|p2a: Latias|204\/301|[from] item: Life Orb
|faint|p1a: Latias
|
|c|âWond3rbread|sry
|
|switch|p1a: Lopunny|Lopunny, F|271\/271
|-damage|p1a: Lopunny|238\/271|[from] Stealth Rock
|turn|14
|
|switch|p2a: Landorus-Therian|Landorus-Therian, M|319\/319
|-damage|p2a: Landorus-Therian|280\/319|[from] Stealth Rock
|-ability|p2a: Landorus-Therian|Intimidate|[of] p1a: Lopunny
|-unboost|p1a: Lopunny|atk|1
|detailschange|p1a: Lopunny|Lopunny-Mega, F
|-mega|p1a: Lopunny|Lopunny|Lopunnite
|move|p1a: Lopunny|Ice Punch|p2a: Landorus-Therian
|-supereffective|p2a: Landorus-Therian
|-damage|p2a: Landorus-Therian|32\/319
|-status|p2a: Landorus-Therian|frz
|
|turn|15
|c|âWond3rbread|lol that's justice.
|
|-curestatus|p2a: Landorus-Therian|frz
|move|p2a: Landorus-Therian|Earthquake|p1a: Lopunny
|-damage|p1a: Lopunny|43\/271
|move|p1a: Lopunny|Ice Punch|p2a: Landorus-Therian
|-supereffective|p2a: Landorus-Therian
|-damage|p2a: Landorus-Therian|0 fnt
|faint|p2a: Landorus-Therian
|
|c|âWond3rbread|lololl the insta unthaw
|
|switch|p2a: Altaria|Altaria, F|291\/291
|-damage|p2a: Altaria|219\/291|[from] Stealth Rock
|turn|16
|
|switch|p1a: Landorus-Therian|Landorus-Therian, M|270\/382
|-damage|p1a: Landorus-Therian|223\/382|[from] Stealth Rock
|-ability|p1a: Landorus-Therian|Intimidate|[of] p2a: Altaria
|-unboost|p2a: Altaria|atk|1
|detailschange|p2a: Altaria|Altaria-Mega, F
|-mega|p2a: Altaria|Altaria|Altarianite
|move|p2a: Altaria|Frustration|p1a: Landorus-Therian
|-damage|p1a: Landorus-Therian|91\/382
|
|-heal|p1a: Landorus-Therian|114\/382|[from] item: Leftovers
|turn|17
|
|move|p2a: Altaria|Dragon Dance|p2a: Altaria
|-boost|p2a: Altaria|atk|1
|-boost|p2a: Altaria|spe|1
|move|p1a: Landorus-Therian|U-turn|p2a: Altaria
|-resisted|p2a: Altaria
|-damage|p2a: Altaria|184\/291
|c|âWond3rbread|fk
|
|switch|p1a: Gengar|Gengar, M|235\/261
|-damage|p1a: Gengar|203\/261|[from] Stealth Rock
|
|turn|18
|c|âWond3rbread|gg
|
|move|p2a: Altaria|Frustration|p1a: Gengar
|-resisted|p1a: Gengar
|-damage|p1a: Gengar|19\/261
|move|p1a: Gengar|Sludge Wave|p2a: Altaria
|-supereffective|p2a: Altaria
|-damage|p2a: Altaria|0 fnt
|-damage|p1a: Gengar|0 fnt|[from] item: Life Orb
|faint|p2a: Altaria
|faint|p1a: Gengar
|
|
|switch|p1a: Lopunny|Lopunny-Mega, F|43\/271
|switch|p2a: Manaphy|Manaphy|404\/404
|-damage|p1a: Lopunny|27\/271|[from] Stealth Rock
|-damage|p2a: Manaphy|354\/404|[from] Stealth Rock
|turn|19
|c|âRed Skies|gg dude
|
|move|p1a: Lopunny|Fake Out|p2a: Manaphy
|-crit|p2a: Manaphy
|-damage|p2a: Manaphy|269\/404
|cant|p2a: Manaphy|flinch
|
|-heal|p2a: Manaphy|294\/404|[from] item: Leftovers
|turn|20
|
|switch|p1a: Landorus-Therian|Landorus-Therian, M|114\/382
|-damage|p1a: Landorus-Therian|67\/382|[from] Stealth Rock
|-ability|p1a: Landorus-Therian|Intimidate|[of] p2a: Manaphy
|-unboost|p2a: Manaphy|atk|1
|move|p2a: Manaphy|Scald|p1a: Landorus-Therian
|-supereffective|p1a: Landorus-Therian
|-damage|p1a: Landorus-Therian|0 fnt
|faint|p1a: Landorus-Therian
|
|-heal|p2a: Manaphy|319\/404|[from] item: Leftovers
|
|switch|p1a: Azumarill|Azumarill, M|125\/400
|-damage|p1a: Azumarill|75\/400|[from] Stealth Rock
|turn|21
|c|âWond3rbread|wait is this a choke?
|
|move|p2a: Manaphy|Scald|p1a: Azumarill
|-resisted|p1a: Azumarill
|-damage|p1a: Azumarill|22\/400
|move|p1a: Azumarill|Play Rough|p2a: Manaphy
|-damage|p2a: Manaphy|165\/404
|
|-heal|p2a: Manaphy|190\/404|[from] item: Leftovers
|turn|22
|c|âWond3rbread|wait nah this doesnt kill
|c|âWond3rbread|nvm
|
|move|p2a: Manaphy|Rain Dance|p2a: Manaphy
|-weather|RainDance
|move|p1a: Azumarill|Play Rough|p2a: Manaphy
|-damage|p2a: Manaphy|51\/404
|
|-weather|RainDance|[upkeep]
|-heal|p2a: Manaphy|76\/404|[from] item: Leftovers
|turn|23
|c|âRed Skies|lol
|c|âRed Skies|gg
|c|âWond3rbread|y g
|
|move|p1a: Azumarill|Aqua Jet|p2a: Manaphy
|-resisted|p2a: Manaphy
|-damage|p2a: Manaphy|29\/404
|move|p2a: Manaphy|Rest|p2a: Manaphy
|-status|p2a: Manaphy|slp
|-heal|p2a: Manaphy|404\/404 slp|[silent]
|-status|p2a: Manaphy|slp|[from] move: Rest
|
|-weather|RainDance|[upkeep]
|-curestatus|p2a: Manaphy|slp
|turn|24
|c|âWond3rbread|*gg
|c|âWond3rbread|oml eating it awp
|
|switch|p1a: Kyurem-Black|Kyurem-Black|328\/404
|-damage|p1a: Kyurem-Black|227\/404|[from] Stealth Rock
|-ability|p1a: Kyurem-Black|Teravolt
|move|p2a: Manaphy|Scald|p1a: Kyurem-Black
|-resisted|p1a: Kyurem-Black
|-damage|p1a: Kyurem-Black|146\/404
|-status|p1a: Kyurem-Black|brn
|
|-weather|RainDance|[upkeep]
|-heal|p1a: Kyurem-Black|171\/404 brn|[from] item: Leftovers
|-damage|p1a: Kyurem-Black|121\/404 brn|[from] brn
|turn|25
|c|âRed Skies|fk
|c|âWond3rbread|if I eta  burn I win
|c|âWond3rbread|YUS
|c|âWond3rbread|getta
|
|move|p1a: Kyurem-Black|Fusion Bolt|p2a: Manaphy
|-supereffective|p2a: Manaphy
|-damage|p2a: Manaphy|306\/404
|move|p2a: Manaphy|Scald|p1a: Kyurem-Black
|-resisted|p1a: Kyurem-Black
|-damage|p1a: Kyurem-Black|34\/404 brn
|
|-weather|RainDance|[upkeep]
|-heal|p1a: Kyurem-Black|59\/404 brn|[from] item: Leftovers
|-heal|p2a: Manaphy|331\/404|[from] item: Leftovers
|-damage|p1a: Kyurem-Black|9\/404 brn|[from] brn
|turn|26
|
|move|p1a: Kyurem-Black|Earth Power|p2a: Manaphy
|-damage|p2a: Manaphy|218\/404
|move|p2a: Manaphy|Scald|p1a: Kyurem-Black
|-resisted|p1a: Kyurem-Black
|-damage|p1a: Kyurem-Black|0 fnt
|faint|p1a: Kyurem-Black
|
|-weather|none
|-heal|p2a: Manaphy|243\/404|[from] item: Leftovers
|c|âWond3rbread|yummy
|
|switch|p1a: Lopunny|Lopunny-Mega, F|27\/271
|-damage|p1a: Lopunny|11\/271|[from] Stealth Rock
|turn|27
|
|move|p1a: Lopunny|Fake Out|p2a: Manaphy
|-damage|p2a: Manaphy|186\/404
|cant|p2a: Manaphy|flinch
|
|-heal|p2a: Manaphy|211\/404|[from] item: Leftovers
|turn|28
|c|âRed Skies|Gonna miss
|c|âRed Skies|I guess
|c|âWond3rbread|comes down to this
|
|move|p1a: Lopunny|High Jump Kick|p2a: Manaphy
|-damage|p2a: Manaphy|43\/404
|move|p2a: Manaphy|Scald|p1a: Lopunny
|-damage|p1a: Lopunny|0 fnt
|faint|p1a: Lopunny
|
|-heal|p2a: Manaphy|68\/404|[from] item: Leftovers
|c|âRed Skies|Oh
|c|âWond3rbread|SURVIVAL
|c|âWond3rbread|lololol
|c|âWond3rbread|really fun game :]
|c|âRed Skies|yeah
|-message|Red Skies forfeited.
|leave|Red Skies
|
|win|Wond3rbread
|raw|Ladder updating...
|player|p1
|raw|Red Skies's rating: 1333 &rarr; <strong>1309<\/strong><br \/>(-24 for losing)
|raw|Wond3rbread's rating: 1264 &rarr; <strong>1294<\/strong><br \/>(+30 for winning)