|J|lincoln.berto
|J|Red Skies
|player|p1|lincoln.berto|265
|player|p2|Red Skies|209
|gametype|singles
|gen|6
|tier|OU
|clearpoke
|poke|p1|Diancie
|poke|p1|Chansey, F
|poke|p1|Keldeo-Resolute
|poke|p1|Rotom-Wash
|poke|p1|Scizor, M
|poke|p1|Landorus-Therian, M
|poke|p2|Gliscor, F
|poke|p2|Azumarill, F
|poke|p2|Skarmory, F
|poke|p2|Metagross
|poke|p2|Celebi
|poke|p2|Keldeo
|rule|Swagger Clause: Swagger is banned
|rule|Baton Pass Clause: Limit one PokÃ©mon knowing Baton Pass
|rule|Sleep Clause Mod: Limit one foe put to sleep
|rule|Species Clause: Limit one of each PokÃ©mon
|rule|OHKO Clause: OHKO moves are banned
|rule|Moody Clause: Moody is banned
|rule|Evasion Moves Clause: Evasion moves are banned
|rule|Endless Battle Clause: Forcing endless battles is banned
|rule|HP Percentage Mod: HP is shown in percentages
|teampreview
|c|âRed Skies|http:\/\/pokeevo.psim.us\/battle-ou-4550
|c|âRed Skies|gl man
|J|frostwyvern
|J|Luz
|J|e7e
|J|molgeraa
|L|molgeraa
|J|Century Express
|
|start
|switch|p1a: Rotom-Wash|Rotom-Wash|304\/304
|switch|p2a: Celebi|Celebi|404\/404
|turn|1
|
|switch|p1a: Chansey|Chansey, F|703\/703
|move|p2a: Celebi|Giga Drain|p1a: Chansey
|-damage|p1a: Chansey|652\/703
|
|turn|2
|
|switch|p2a: Gliscor|Gliscor, F|354\/354
|move|p1a: Chansey|Thunder Wave|p2a: Gliscor
|-immune|p2a: Gliscor|[msg]
|
|-status|p2a: Gliscor|tox|[from] item: Toxic Orb
|turn|3
|
|move|p2a: Gliscor|Knock Off|p1a: Chansey
|-damage|p1a: Chansey|558\/703
|-enditem|p1a: Chansey|Eviolite|[from] move: Knock Off|[of] p2a: Gliscor
|move|p1a: Chansey|Seismic Toss|p2a: Gliscor
|-damage|p2a: Gliscor|254\/354 tox
|
|-heal|p2a: Gliscor|298\/354 tox|[from] ability: Poison Heal
|turn|4
|
|switch|p2a: Celebi|Celebi|404\/404
|move|p1a: Chansey|Soft-Boiled|p1a: Chansey
|-heal|p1a: Chansey|703\/703
|
|turn|5
|J|GoaoTwo
|
|move|p2a: Celebi|Thunder Wave|p1a: Chansey
|-status|p1a: Chansey|par
|move|p1a: Chansey|Seismic Toss|p2a: Celebi
|-damage|p2a: Celebi|304\/404
|
|-heal|p2a: Celebi|329\/404|[from] item: Leftovers
|turn|6
|
|switch|p2a: Gliscor|Gliscor, F|298\/354 tox
|switch|p1a: Landorus-Therian|Landorus-Therian, M|319\/319
|-ability|p1a: Landorus-Therian|Intimidate|[of] p2a: Gliscor
|-unboost|p2a: Gliscor|atk|1
|
|-heal|p2a: Gliscor|342\/354 tox|[from] ability: Poison Heal
|turn|7
|c| frostwyvern|essa chansey usou ingrain?
|c| frostwyvern|a sim
|
|switch|p2a: Skarmory|Skarmory, F|333\/333
|move|p1a: Landorus-Therian|Stealth Rock|p2a: Skarmory
|-sidestart|p2: Red Skies|move: Stealth Rock
|
|turn|8
|
|switch|p1a: Diancie|Diancie|241\/241
|move|p2a: Skarmory|Stealth Rock|p1a: Diancie
|-sidestart|p1: lincoln.berto|move: Stealth Rock
|
|turn|9
|
|detailschange|p1a: Diancie|Diancie-Mega
|-mega|p1a: Diancie|Diancie|Diancite
|move|p1a: Diancie|Moonblast|p2a: Skarmory
|-resisted|p2a: Skarmory
|-damage|p2a: Skarmory|216\/333
|move|p2a: Skarmory|Whirlwind|p1a: Diancie
|move|p1a: Diancie|Whirlwind|p2a: Skarmory|[from]Magic Bounce
|drag|p2a: Keldeo|Keldeo|323\/323
|-damage|p2a: Keldeo|303\/323|[from] Stealth Rock
|
|turn|10
|L|lincoln.berto
|player|p1
|L|frostwyvern
|J|frostwyvern
|J|lighthouses
|J|lincoln.berto
|player|p1|lincoln.berto|265
|
|move|p2a: Keldeo|Scald|p1a: Diancie
|-supereffective|p1a: Diancie
|-damage|p1a: Diancie|0 fnt
|faint|p1a: Diancie
|
|
|switch|p1a: Rotom-Wash|Rotom-Wash|304\/304
|-damage|p1a: Rotom-Wash|266\/304|[from] Stealth Rock
|turn|11
|c|+e7e|chansey calm mind
|c|+e7e|vai levar
|c|+e7e|calm mind e seismic
|
|switch|p2a: Gliscor|Gliscor, F|342\/354 tox
|-damage|p2a: Gliscor|298\/354 tox|[from] Stealth Rock
|move|p1a: Rotom-Wash|Hydro Pump|p2a: Gliscor
|-supereffective|p2a: Gliscor
|-damage|p2a: Gliscor|4\/354 tox
|
|-heal|p1a: Rotom-Wash|285\/304|[from] item: Leftovers
|-heal|p2a: Gliscor|48\/354 tox|[from] ability: Poison Heal
|turn|12
|c| frostwyvern|AHAAAHAAHAAHAHAAHAHAA
|c|+e7e|pqp
|c| frostwyvern|AHAAHAHAAHAAHAAAAAAAAAAAAAAAAAAAAAAAAAAAAA
|c|+e7e|usa drogas
|J|silverghoooost
|c|âRed Skies|EHUAEHAUEHAUE
|
|move|p2a: Gliscor|Roost|p2a: Gliscor
|-heal|p2a: Gliscor|225\/354 tox
|move|p1a: Rotom-Wash|Hydro Pump|p2a: Gliscor
|-supereffective|p2a: Gliscor
|-damage|p2a: Gliscor|0 fnt
|faint|p2a: Gliscor
|
|-heal|p1a: Rotom-Wash|304\/304|[from] item: Leftovers
|c| frostwyvern|aosdjsajdoisajdsa
|c| frostwyvern|asJAIOSDJSAIOJDSA
|
|switch|p2a: Celebi|Celebi|329\/404
|-damage|p2a: Celebi|279\/404|[from] Stealth Rock
|turn|13
|c|+silverghoooost|cara
|c|+silverghoooost|nao sabia q nao tinha team preview nessa ae
|c|+silverghoooost|.x
|c|+e7e|ein
|
|switch|p1a: Scizor|Scizor, M|344\/344
|-damage|p1a: Scizor|301\/344|[from] Stealth Rock
|move|p2a: Celebi|Recover|p2a: Celebi
|-heal|p2a: Celebi|404\/404
|
|-heal|p1a: Scizor|322\/344|[from] item: Leftovers
|turn|14
|c|+e7e|lvou ajudar
|c|+e7e|o cara do outro tiem a ganhar
|c| frostwyvern|cachorro do rall
|c| frostwyvern|jogou os ultimos 2 turnos
|c| frostwyvern|fixed
|
|switch|p2a: Skarmory|Skarmory, F|216\/333
|-damage|p2a: Skarmory|175\/333|[from] Stealth Rock
|move|p1a: Scizor|Knock Off|p2a: Skarmory
|-damage|p2a: Skarmory|121\/333
|-damage|p1a: Scizor|265\/344|[from] item: Rocky Helmet|[of] p2a: Skarmory
|-enditem|p2a: Skarmory|Rocky Helmet|[from] move: Knock Off|[of] p1a: Scizor
|
|-heal|p1a: Scizor|286\/344|[from] item: Leftovers
|turn|15
|c| frostwyvern|ou Ã© o contrÃ¡rio?
|c| frostwyvern|o cachorro dele tava jogando
|c| frostwyvern|e ele voltou agora
|c|+silverghoooost|isso e pelo q
|c|+silverghoooost|?
|c|+silverghoooost|ic da evo?
|c|âRed Skies|Sim
|c| frostwyvern|primeiro vamos falar do seu toba
|c| frostwyvern|que tem como dono a spdy
|
|move|p2a: Skarmory|Roost|p2a: Skarmory
|-heal|p2a: Skarmory|288\/333
|move|p1a: Scizor|Swords Dance|p1a: Scizor
|-boost|p1a: Scizor|atk|2
|
|-heal|p1a: Scizor|307\/344|[from] item: Leftovers
|turn|16
|c|+silverghoooost|qm Ã© o lincon?
|c| frostwyvern|pelo oq eu sei
|
|move|p1a: Scizor|Swords Dance|p1a: Scizor
|-boost|p1a: Scizor|atk|2
|move|p2a: Skarmory|Whirlwind|p1a: Scizor
|drag|p1a: Landorus-Therian|Landorus-Therian, M|319\/319
|-damage|p1a: Landorus-Therian|280\/319|[from] Stealth Rock
|-ability|p1a: Landorus-Therian|Intimidate|[of] p2a: Skarmory
|-unboost|p2a: Skarmory|atk|1
|
|turn|17
|J|LeoDamin
|c|+LeoDamin|cara
|c|+LeoDamin|sÃ³ mita
|c|+LeoDamin|vai
|
|move|p1a: Landorus-Therian|Superpower|p2a: Skarmory
|-crit|p2a: Skarmory
|-damage|p2a: Skarmory|133\/333
|-unboost|p1a: Landorus-Therian|atk|1
|-unboost|p1a: Landorus-Therian|def|1
|move|p2a: Skarmory|Whirlwind|p1a: Landorus-Therian
|drag|p1a: Scizor|Scizor, M|307\/344
|-damage|p1a: Scizor|264\/344|[from] Stealth Rock
|
|-heal|p1a: Scizor|285\/344|[from] item: Leftovers
|turn|18
|c| frostwyvern|damin chega skype
|c| frostwyvern|ASJDOISAJDAS
|c|+LeoDamin|crit bs hax
|c|+e7e|kopasdap
|c|+e7e|tÃ£o falando de tu
|c|+e7e|damin
|c|+LeoDamin|nÃ£o dÃ¡ pra falar
|c|+LeoDamin|heauehauhea
|
|move|p2a: Skarmory|Roost|p2a: Skarmory
|-heal|p2a: Skarmory|300\/333
|move|p1a: Scizor|Swords Dance|p1a: Scizor
|-boost|p1a: Scizor|atk|2
|
|-heal|p1a: Scizor|306\/344|[from] item: Leftovers
|turn|19
|
|move|p1a: Scizor|Swords Dance|p1a: Scizor
|-boost|p1a: Scizor|atk|2
|move|p2a: Skarmory|Whirlwind|p1a: Scizor
|drag|p1a: Rotom-Wash|Rotom-Wash|304\/304
|-damage|p1a: Rotom-Wash|266\/304|[from] Stealth Rock
|
|-heal|p1a: Rotom-Wash|285\/304|[from] item: Leftovers
|turn|20
|c|+silverghoooost|ataca porra
|
|switch|p2a: Celebi|Celebi|404\/404
|-damage|p2a: Celebi|354\/404|[from] Stealth Rock
|move|p1a: Rotom-Wash|Will-O-Wisp|p2a: Celebi
|-status|p2a: Celebi|brn
|
|-heal|p2a: Celebi|379\/404 brn|[from] item: Leftovers
|-heal|p1a: Rotom-Wash|304\/304|[from] item: Leftovers
|-damage|p2a: Celebi|329\/404 brn|[from] brn
|turn|21
|
|switch|p1a: Chansey|Chansey, F|703\/703
|-damage|p1a: Chansey|616\/703|[from] Stealth Rock
|move|p2a: Celebi|Giga Drain|p1a: Chansey
|-damage|p1a: Chansey|525\/703
|-heal|p2a: Celebi|375\/404 brn|[from] drain|[of] p1a: Chansey
|
|-heal|p2a: Celebi|400\/404 brn|[from] item: Leftovers
|-damage|p2a: Celebi|350\/404 brn|[from] brn
|turn|22
|
|switch|p2a: Azumarill|Azumarill, F|403\/403
|-damage|p2a: Azumarill|353\/403|[from] Stealth Rock
|move|p1a: Chansey|Seismic Toss|p2a: Azumarill
|-damage|p2a: Azumarill|253\/403
|
|turn|23
|J|Colorless Dragon
|
|switch|p1a: Scizor|Scizor, M|306\/344
|-damage|p1a: Scizor|263\/344|[from] Stealth Rock
|move|p2a: Azumarill|Play Rough|p1a: Scizor
|-resisted|p1a: Scizor
|-damage|p1a: Scizor|167\/344
|
|-heal|p1a: Scizor|188\/344|[from] item: Leftovers
|turn|24
|c|+silverghoooost|predicado
|c|+silverghoooost|noob
|
|switch|p2a: Skarmory|Skarmory, F|300\/333
|-damage|p2a: Skarmory|259\/333|[from] Stealth Rock
|move|p1a: Scizor|Bullet Punch|p2a: Skarmory
|-resisted|p2a: Skarmory
|-damage|p2a: Skarmory|232\/333
|
|-heal|p1a: Scizor|209\/344|[from] item: Leftovers
|turn|25
|c|+lighthouses|uÃ©
|c|+lighthouses|o rall ta
|c|+lighthouses|perdendo ? AEHEAU
|c|+silverghoooost|sim
|
|move|p1a: Scizor|Swords Dance|p1a: Scizor
|-boost|p1a: Scizor|atk|2
|move|p2a: Skarmory|Whirlwind|p1a: Scizor
|drag|p1a: Landorus-Therian|Landorus-Therian, M|280\/319
|-damage|p1a: Landorus-Therian|241\/319|[from] Stealth Rock
|-ability|p1a: Landorus-Therian|Intimidate|[of] p2a: Skarmory
|-unboost|p2a: Skarmory|atk|1
|
|turn|26
|c|âRed Skies|Sim
|c|+silverghoooost|empatano
|c|+silverghoooost|._.
|c|âRed Skies|Ta hard
|c|+silverghoooost|o nego ta sÃ³ tirando hp do azumaril
|
|move|p1a: Landorus-Therian|Superpower|p2a: Skarmory
|-damage|p2a: Skarmory|127\/333
|-unboost|p1a: Landorus-Therian|atk|1
|-unboost|p1a: Landorus-Therian|def|1
|move|p2a: Skarmory|Roost|p2a: Skarmory
|-heal|p2a: Skarmory|294\/333
|
|turn|27
|c| frostwyvern|ele quis por no hard
|c|+silverghoooost|pra swepa de keldeo
|c|+silverghoooost|hp bug
|c| frostwyvern|entregando o glis
|
|move|p1a: Landorus-Therian|Superpower|p2a: Skarmory
|-damage|p2a: Skarmory|221\/333
|-unboost|p1a: Landorus-Therian|atk|1
|-unboost|p1a: Landorus-Therian|def|1
|move|p2a: Skarmory|Whirlwind|p1a: Landorus-Therian
|drag|p1a: Scizor|Scizor, M|209\/344
|-damage|p1a: Scizor|166\/344|[from] Stealth Rock
|
|-heal|p1a: Scizor|187\/344|[from] item: Leftovers
|turn|28
|
|move|p1a: Scizor|Defog|p2a: Skarmory
|-unboost|p2a: Skarmory|evasion|1
|-sideend|p2: Red Skies|Stealth Rock|[from] move: Defog|[of] p2a: Skarmory
|-sideend|p1: lincoln.berto|Stealth Rock|[from] move: Defog|[of] p1a: Scizor
|move|p2a: Skarmory|Whirlwind|p1a: Scizor
|drag|p1a: Keldeo-Resolute|Keldeo-Resolute|323\/323
|
|turn|29
|
|switch|p2a: Celebi|Celebi|350\/404
|move|p1a: Keldeo-Resolute|Hidden Power|p2a: Celebi
|-supereffective|p2a: Celebi
|-damage|p2a: Celebi|184\/404
|
|-heal|p2a: Celebi|209\/404|[from] item: Leftovers
|turn|30
|c|+silverghoooost|falei
|c| frostwyvern|caralho
|c| frostwyvern|se fosse bug
|c|+silverghoooost|ah
|c|+LeoDamin|onaaado
|c| frostwyvern|era gg
|c| frostwyvern|AUODSSAUHIUHDSA
|c|+e7e|ai se fosse
|c|+silverghoooost|sim
|c|+silverghoooost|eu ia rir
|c|+e7e|bug
|c|+silverghoooost|adhusdhashdhas
|c|+LeoDamin|heauheuaheuaheauheuahea
|
|switch|p1a: Scizor|Scizor, M|187\/344
|move|p2a: Celebi|Recover|p2a: Celebi
|-heal|p2a: Celebi|404\/404
|
|-heal|p1a: Scizor|208\/344|[from] item: Leftovers
|turn|31
|
|switch|p2a: Skarmory|Skarmory, F|221\/333
|move|p1a: Scizor|Swords Dance|p1a: Scizor
|-boost|p1a: Scizor|atk|2
|
|-heal|p1a: Scizor|229\/344|[from] item: Leftovers
|turn|32
|
|move|p1a: Scizor|Knock Off|p2a: Skarmory
|-damage|p2a: Skarmory|143\/333
|move|p2a: Skarmory|Whirlwind|p1a: Scizor
|drag|p1a: Chansey|Chansey, F|525\/703
|
|turn|33
|
|move|p2a: Skarmory|Stealth Rock|p1a: Chansey
|-sidestart|p1: lincoln.berto|move: Stealth Rock
|move|p1a: Chansey|Seismic Toss|p2a: Skarmory
|-damage|p2a: Skarmory|43\/333
|
|turn|34
|
|move|p2a: Skarmory|Roost|p2a: Skarmory
|-heal|p2a: Skarmory|210\/333
|move|p1a: Chansey|Seismic Toss|p2a: Skarmory
|-damage|p2a: Skarmory|110\/333
|
|turn|35
|c|+silverghoooost|achei q ia dar swords dnovo
|c|+silverghoooost|crit
|
|move|p2a: Skarmory|Roost|p2a: Skarmory
|-heal|p2a: Skarmory|277\/333
|move|p1a: Chansey|Thunder Wave|p2a: Skarmory
|-status|p2a: Skarmory|par
|
|turn|36
|c|+silverghoooost|ihhh
|c|+LeoDamin|onaaaaaaaaaaaaaaaaaaaaaaaaaaaaaaaaaaaaaaaaaaaaaaaaaaaaaaaaaaaaado
|c|+silverghoooost|vai na fe
|
|move|p1a: Chansey|Soft-Boiled|p1a: Chansey
|-heal|p1a: Chansey|703\/703
|move|p2a: Skarmory|Whirlwind|p1a: Chansey
|drag|p1a: Rotom-Wash|Rotom-Wash|304\/304
|-damage|p1a: Rotom-Wash|266\/304|[from] Stealth Rock
|
|-heal|p1a: Rotom-Wash|285\/304|[from] item: Leftovers
|turn|37
|c|+LeoDamin|rall
|c|+LeoDamin|vocÃª lembra
|c|+LeoDamin|das apostas
|c|+LeoDamin|nÃ©?
|c| frostwyvern|kkkkkkkkk
|c|+LeoDamin|Eu to ouvindo sim
|c|+e7e|kospadap
|c|+LeoDamin|seu filho da puta
|c|+silverghoooost|rall aposto o cu?
|
|switch|p2a: Celebi|Celebi|404\/404
|move|p1a: Rotom-Wash|Volt Switch|p2a: Celebi
|-resisted|p2a: Celebi
|-damage|p2a: Celebi|371\/404
|c|+LeoDamin|rall apostou mais do que o cu
|
|switch|p1a: Scizor|Scizor, M|229\/344
|-damage|p1a: Scizor|186\/344|[from] Stealth Rock
|
|-heal|p2a: Celebi|396\/404|[from] item: Leftovers
|-heal|p1a: Scizor|207\/344|[from] item: Leftovers
|turn|38
|c|+silverghoooost|eita
|c|+silverghoooost|o q pode se
|c|+silverghoooost|mais
|c|+silverghoooost|valioso
|c|+silverghoooost|que o cu
|c|+LeoDamin|cara
|c| frostwyvern|ai entende\/\ 
|c|+LeoDamin|vocÃª nÃ£o tem ideia
|
|switch|p2a: Keldeo|Keldeo|303\/323
|move|p1a: Scizor|Defog|p2a: Keldeo
|-unboost|p2a: Keldeo|evasion|1
|-sideend|p1: lincoln.berto|Stealth Rock|[from] move: Defog|[of] p1a: Scizor
|
|-heal|p1a: Scizor|228\/344|[from] item: Leftovers
|turn|39
|c| frostwyvern|de apostar o cu
|
|switch|p1a: Rotom-Wash|Rotom-Wash|285\/304
|move|p2a: Keldeo|Secret Sword|p1a: Rotom-Wash
|-damage|p1a: Rotom-Wash|170\/304
|
|-heal|p1a: Rotom-Wash|189\/304|[from] item: Leftovers
|turn|40
|c|+LeoDamin|dano
|c|+LeoDamin|cadÃª
|c|+LeoDamin|oi?
|c|+silverghoooost|o frost
|c| frostwyvern|Ã© cm
|c|+silverghoooost|pego um adv
|c|âRed Skies|Ã bulky
|
|switch|p2a: Celebi|Celebi|396\/404
|move|p1a: Rotom-Wash|Pain Split|p2a: Celebi
|-sethp|p2a: Celebi|292\/404|p1a: Rotom-Wash|292\/304|[from] move: Pain Split
|
|-heal|p2a: Celebi|317\/404|[from] item: Leftovers
|-heal|p1a: Rotom-Wash|304\/304|[from] item: Leftovers
|turn|41
|c|+silverghoooost|q nunca tinha jogado dpp
|c| frostwyvern|S
|c|+silverghoooost|porra
|c|+LeoDamin|iiiih
|c|+LeoDamin|onaaaaado
|c| frostwyvern|eu fui com time zoado
|c|+LeoDamin|sugou
|c|+silverghoooost|.toma
|
|switch|p1a: Scizor|Scizor, M|228\/344
|move|p2a: Celebi|Giga Drain|p1a: Scizor
|-resisted|p1a: Scizor
|-damage|p1a: Scizor|204\/344
|-heal|p2a: Celebi|329\/404|[from] drain|[of] p1a: Scizor
|
|-heal|p2a: Celebi|354\/404|[from] item: Leftovers
|-heal|p1a: Scizor|225\/344|[from] item: Leftovers
|turn|42
|c|+silverghoooost|vamo lincoln roberto
|c|+LeoDamin|cara
|c|+LeoDamin|suga
|c|+silverghoooost|pursuit
|c|+LeoDamin|sÃ³ suga
|c|+silverghoooost|ggwp
|c|+LeoDamin|revela o 
|c|+LeoDamin|hp fire
|c|+silverghoooost|keldeo swep
|c|+silverghoooost|keldeo swep
|
|switch|p2a: Skarmory|Skarmory, F|277\/333 par
|switch|p1a: Keldeo-Resolute|Keldeo-Resolute|323\/323
|
|turn|43
|c|+silverghoooost|ihhh
|c|+silverghoooost|predecado
|c|&Luz|olha o predect
|
|switch|p2a: Celebi|Celebi|354\/404
|move|p1a: Keldeo-Resolute|Hydro Pump|p2a: Celebi|[miss]
|-miss|p1a: Keldeo-Resolute|p2a: Celebi
|
|-heal|p2a: Celebi|379\/404|[from] item: Leftovers
|turn|44
|c|+silverghoooost|bs
|
|switch|p1a: Chansey|Chansey, F|703\/703
|move|p2a: Celebi|Thunder Wave|p1a: Chansey
|-status|p1a: Chansey|par
|
|-heal|p2a: Celebi|404\/404|[from] item: Leftovers
|turn|45
|c|+LeoDamin|rall
|c|+LeoDamin|calma
|c|+LeoDamin|nÃ£o rall
|c|+LeoDamin|vocÃª precisa de ajuda?
|c|+LeoDamin|por que 
|
|switch|p2a: Skarmory|Skarmory, F|277\/333 par
|move|p1a: Chansey|Seismic Toss|p2a: Skarmory
|-damage|p2a: Skarmory|177\/333 par
|
|turn|46
|c|+LeoDamin|o seu celebi
|c|+LeoDamin|tem twave?
|c| frostwyvern|ele tem
|c|+silverghoooost|faz um tp
|c|+LeoDamin|por que
|c|+LeoDamin|nÃ£o
|c| frostwyvern|earth power
|c|+silverghoooost|pro rall porra
|c|+LeoDamin|calma
|c|+LeoDamin|nÃ£o
|c| frostwyvern|n tem BP
|c|+LeoDamin|gente
|c|+LeoDamin|calma
|
|switch|p1a: Keldeo-Resolute|Keldeo-Resolute|323\/323
|move|p2a: Skarmory|Roost|p2a: Skarmory
|-heal|p2a: Skarmory|333\/333 par
|
|turn|47
|c| frostwyvern|sadosadjsaiodjsadsa
|c|+LeoDamin|eu to ajudando
|c|+LeoDamin|o meu amigo
|c|+LeoDamin|deixa eu falar
|c|+LeoDamin|com ele
|c|+LeoDamin|rall
|c|+e7e|ele precisa
|c|+LeoDamin|me ouve
|c|+e7e|de uma ajuda
|c|+silverghoooost|chamando os colega fica facil
|c|+LeoDamin|por que
|c|+LeoDamin|vocÃª tem
|c|+LeoDamin|twave?
|
|switch|p2a: Celebi|Celebi|404\/404
|move|p1a: Keldeo-Resolute|Scald|p2a: Celebi
|-resisted|p2a: Celebi
|-damage|p2a: Celebi|326\/404
|-status|p2a: Celebi|brn
|
|-heal|p2a: Celebi|351\/404 brn|[from] item: Leftovers
|-damage|p2a: Celebi|301\/404 brn|[from] brn
|turn|48
|c|&Luz|ei lincoln
|c|&Luz|chama os seus parceiro de cla
|J|SpDy palpite
|c|&Luz|pra dar palpite tbem
|c|+silverghoooost|lincoln chama seus colega
|J|EuGostoDoNickGoao
|c|+LeoDamin|o cara Ã© tÃ£o
|c|+lighthouses|esses cuzÃ£o da spdy fica recevendo palpite ne
|c| SpDy palpite|sim
|c|+lighthouses|.x
|c|+LeoDamin|crianÃ§a esperanÃ§a
|c|+silverghoooost|eu mandava pm pro arcanjo
|c| SpDy palpite|-_-
|c|+LeoDamin|que nÃ£o tem baton pass
|
|switch|p1a: Chansey|Chansey, F|703\/703
|move|p2a: Celebi|Giga Drain|p1a: Chansey
|-damage|p1a: Chansey|624\/703
|-heal|p2a: Celebi|341\/404 brn|[from] drain|[of] p1a: Chansey
|
|-heal|p2a: Celebi|366\/404 brn|[from] item: Leftovers
|-damage|p2a: Celebi|316\/404 brn|[from] brn
|turn|49
|c|+LeoDamin|puta que pariu
|c|+silverghoooost|isso Ã© contraas regras
|c|+lighthouses|nÃ£o Ã© nem
|c|+lighthouses|teamplay
|c|+lighthouses|Ã© palpite
|c|+silverghoooost|ghostplay 
|c| frostwyvern|vou chamar meu time
|c|+silverghoooost|vo mandar pm
|c|+silverghoooost|pro arcanjo
|c| frostwyvern|pra palpitar
|c|+LeoDamin|se fosse
|c| frostwyvern|tombein
|
|switch|p2a: Skarmory|Skarmory, F|333\/333 par
|move|p1a: Chansey|Seismic Toss|p2a: Skarmory
|-damage|p2a: Skarmory|233\/333 par
|
|turn|50
|c|+LeoDamin|nastypass
|c|+LeoDamin|jÃ¡ tinha terminado
|c|+LeoDamin|sigh
|c|+e7e|sÃ³ lixo
|c|+e7e|joga com teamplay
|
|move|p1a: Chansey|Seismic Toss|p2a: Skarmory
|-damage|p2a: Skarmory|133\/333 par
|cant|p2a: Skarmory|par
|
|turn|51
|c|+lighthouses|palpite > teamplay
|c|+silverghoooost|tao ligado
|c|+LeoDamin|onado
|c|+silverghoooost|q o maluco vai ganhar
|c|+silverghoooost|de 
|c|+silverghoooost|scizor
|c|+silverghoooost|nÃ©
|
|move|p1a: Chansey|Seismic Toss|p2a: Skarmory
|-damage|p2a: Skarmory|33\/333 par
|cant|p2a: Skarmory|par
|
|turn|52
|c|+lighthouses|logico kkk
|c|+LeoDamin|HEUAHEUAHEUAHEUAHEUHAUEHAUEHUAHEUAHEUHAEUHAUEHAUHEA
|c|+LeoDamin|MUITO RUIM
|
|move|p1a: Chansey|Seismic Toss|p2a: Skarmory
|-damage|p2a: Skarmory|0 fnt
|faint|p2a: Skarmory
|
|c|+LeoDamin|PUTA QUE PARIU
|c|+silverghoooost|chupa rall
|c|+lighthouses|AEHUEAUHEAHUEAUHEAUHEA
|c|+silverghoooost|rall vai perder
|c|+silverghoooost|KDPOASKKDOPKOAPKODKPOASPOKDAS
|c|+LeoDamin|skarmory sem brave bird
|c|+silverghoooost|KDPOASKKDOPKOAPKODKPOASPOKDAS
|c|+lighthouses|esse tm dude
|
|switch|p2a: Azumarill|Azumarill, F|253\/403
|turn|53
|c|+lighthouses|ta usando
|c|+silverghoooost|SCIZOR PORRA
|c|+lighthouses|alguma
|c|+lighthouses|bizarrice ?
|c|+LeoDamin|celebi sem bpass
|c|+lighthouses|ou time standard
|c|+LeoDamin|que merda
|c|+LeoDamin|Ã© essa?
|
|switch|p1a: Rotom-Wash|Rotom-Wash|304\/304
|move|p2a: Azumarill|Superpower|p1a: Rotom-Wash
|-damage|p1a: Rotom-Wash|125\/304
|-unboost|p2a: Azumarill|atk|1
|-unboost|p2a: Azumarill|def|1
|
|-heal|p1a: Rotom-Wash|144\/304|[from] item: Leftovers
|turn|54
|c|+LeoDamin|crita agora
|c|+silverghoooost|pow os sets do cara
|c|+silverghoooost|sao normais
|c|+silverghoooost|eu acho
|c|+lighthouses|vish
|c|+lighthouses|entÃ£o nem tem
|c|+lighthouses|desculpa
|c|+lighthouses|.x
|
|switch|p2a: Celebi|Celebi|316\/404
|move|p1a: Rotom-Wash|Will-O-Wisp|p2a: Celebi
|-status|p2a: Celebi|brn
|
|-heal|p2a: Celebi|341\/404 brn|[from] item: Leftovers
|-heal|p1a: Rotom-Wash|163\/304|[from] item: Leftovers
|-damage|p2a: Celebi|291\/404 brn|[from] brn
|turn|55
|c|+LeoDamin|vai ser ruim
|c|+LeoDamin|na puta que pariu
|c|+LeoDamin|meu deus
|c|+silverghoooost|areerrere rall dao cu e fala tche
|c|+LeoDamin|o rall
|c|+LeoDamin|nÃ£o vai perder o cu
|c|+LeoDamin|o cu dele
|L|GoaoTwo
|c|+LeoDamin|sÃ³ vai mudar de dono
|
|switch|p2a: Keldeo|Keldeo|303\/323
|switch|p1a: Scizor|Scizor, M|225\/344
|
|-heal|p1a: Scizor|246\/344|[from] item: Leftovers
|turn|56
|c|+silverghoooost|kenny ja paro de brinca
|c|+silverghoooost|ta mad ja
|c|&Luz|raalll
|
|switch|p1a: Chansey|Chansey, F|624\/703
|move|p2a: Keldeo|Secret Sword|p1a: Chansey
|-supereffective|p1a: Chansey
|-damage|p1a: Chansey|72\/703
|
|turn|57
|c|&Luz|vaoi mamamar
|c|+LeoDamin|vai garoto
|c| frostwyvern|aaaaa
|c|+lighthouses|counter
|c|+LeoDamin|brilha
|c|+LeoDamin|VAI GAROTO
|c|+lighthouses|de keldeo
|c|+LeoDamin|BRILHA
|c|+lighthouses|ta em campo
|c| frostwyvern|circle throw
|c|+LeoDamin|BRILHA RALL
|c|+LeoDamin|BRILHA
|
|switch|p1a: Landorus-Therian|Landorus-Therian, M|241\/319
|-ability|p1a: Landorus-Therian|Intimidate|[of] p2a: Keldeo
|-unboost|p2a: Keldeo|atk|1
|move|p2a: Keldeo|Secret Sword|p1a: Landorus-Therian
|-resisted|p1a: Landorus-Therian
|-damage|p1a: Landorus-Therian|165\/319
|
|turn|58
|c|+lighthouses|ele quer preservar
|c|+LeoDamin|heuaheuaheuaheuah
|c|+lighthouses|o 6-0
|c|+lighthouses|AEHUEAHUAEHUHUHU
|c| SpDy palpite|palpite -.-
|c|+silverghoooost|caralho
|c|+silverghoooost|rall
|c|+silverghoooost|vai perder mesmo
|
|switch|p2a: Azumarill|Azumarill, F|253\/403
|move|p1a: Landorus-Therian|U-turn|p2a: Azumarill
|-resisted|p2a: Azumarill
|-damage|p2a: Azumarill|194\/403
|c|+silverghoooost|puxa um swords na troca
|c|+lighthouses|olha o matchup cara kkk
|c|+silverghoooost|e depois um agility
|
|switch|p1a: Rotom-Wash|Rotom-Wash|163\/304
|
|-heal|p1a: Rotom-Wash|182\/304|[from] item: Leftovers
|turn|59
|c|+silverghoooost|onado
|c|+silverghoooost|joga facil
|c|+silverghoooost|pqp
|
|switch|p2a: Celebi|Celebi|291\/404
|move|p1a: Rotom-Wash|Volt Switch|p2a: Celebi
|-crit|p2a: Celebi
|-resisted|p2a: Celebi
|-damage|p2a: Celebi|241\/404
|
|switch|p1a: Scizor|Scizor, M|246\/344
|
|-heal|p2a: Celebi|266\/404|[from] item: Leftovers
|-heal|p1a: Scizor|267\/344|[from] item: Leftovers
|turn|60
|
|switch|p2a: Keldeo|Keldeo|303\/323
|move|p1a: Scizor|Swords Dance|p1a: Scizor
|-boost|p1a: Scizor|atk|2
|
|-heal|p1a: Scizor|288\/344|[from] item: Leftovers
|turn|61
|
|move|p1a: Scizor|Bullet Punch|p2a: Keldeo
|-resisted|p2a: Keldeo
|-damage|p2a: Keldeo|208\/323
|move|p2a: Keldeo|Scald|p1a: Scizor
|-damage|p1a: Scizor|120\/344
|
|-heal|p1a: Scizor|141\/344|[from] item: Leftovers
|turn|62
|
|switch|p1a: Rotom-Wash|Rotom-Wash|182\/304
|move|p2a: Keldeo|Scald|p1a: Rotom-Wash
|-resisted|p1a: Rotom-Wash
|-damage|p1a: Rotom-Wash|111\/304
|-status|p1a: Rotom-Wash|brn
|
|-heal|p1a: Rotom-Wash|130\/304 brn|[from] item: Leftovers
|-damage|p1a: Rotom-Wash|92\/304 brn|[from] brn
|turn|63
|c| SpDy palpite|Scald Ã© broken
|c|&Luz|eu acho
|c|&Luz|q scald
|c| SpDy palpite|vo bani isso
|c|&Luz|nao eh competitivo
|c|+lighthouses|ow velho
|c|+silverghoooost|olha o acro
|c|+lighthouses|quem ta dando
|c|+silverghoooost|acro
|c|+silverghoooost|acro
|c|+silverghoooost|acro
|c|+lighthouses|palpite pra tu ai ?
|c|+silverghoooost|acro
|
|switch|p2a: Azumarill|Azumarill, F|194\/403
|move|p1a: Rotom-Wash|Pain Split|p2a: Azumarill
|-sethp|p2a: Azumarill|143\/403|p1a: Rotom-Wash|143\/304 brn|[from] move: Pain Split
|
|-heal|p1a: Rotom-Wash|162\/304 brn|[from] item: Leftovers
|-damage|p1a: Rotom-Wash|124\/304 brn|[from] brn
|turn|64
|c|+lighthouses|manda parar
|c|+lighthouses|que ta foda
|c|+silverghoooost|kd o acrobratics
|c|+silverghoooost|porra
|
|switch|p2a: Celebi|Celebi|266\/404
|move|p1a: Rotom-Wash|Volt Switch|p2a: Celebi
|-resisted|p2a: Celebi
|-damage|p2a: Celebi|237\/404
|
|switch|p1a: Scizor|Scizor, M|141\/344
|
|-heal|p2a: Celebi|262\/404|[from] item: Leftovers
|-heal|p1a: Scizor|162\/344|[from] item: Leftovers
|turn|65
|
|move|p2a: Celebi|Earth Power|p1a: Scizor
|-damage|p1a: Scizor|75\/344
|move|p1a: Scizor|Knock Off|p2a: Celebi
|-supereffective|p2a: Celebi
|-damage|p2a: Celebi|80\/404
|-enditem|p2a: Celebi|Leftovers|[from] move: Knock Off|[of] p1a: Scizor
|
|-heal|p1a: Scizor|96\/344|[from] item: Leftovers
|turn|66
|
|switch|p2a: Keldeo|Keldeo|208\/323
|move|p1a: Scizor|Bullet Punch|p2a: Keldeo
|-resisted|p2a: Keldeo
|-damage|p2a: Keldeo|159\/323
|
|-heal|p1a: Scizor|117\/344|[from] item: Leftovers
|turn|67
|
|switch|p1a: Chansey|Chansey, F|72\/703
|move|p2a: Keldeo|Scald|p1a: Chansey
|-damage|p1a: Chansey|0 fnt
|faint|p1a: Chansey
|
|c| SpDy palpite|>.<
|c|+LeoDamin|gente
|c|+LeoDamin|alguÃ©m me explica
|
|switch|p1a: Keldeo-Resolute|Keldeo-Resolute|323\/323
|turn|68
|c|+lighthouses|n da
|c|+LeoDamin|nÃ£o
|c|+silverghoooost|lucy in the skysss
|c|+LeoDamin|calma
|c|+LeoDamin|alguÃ©m me explica
|c|+LeoDamin|por favor
|c|+LeoDamin|por que
|c|+lighthouses|plural
|c|+lighthouses|de sky
|c|+LeoDamin|ele sackou
|c|+lighthouses|Ã© skys nÃ© ?
|c|+LeoDamin|a porra
|c|+LeoDamin|do gliscor
|c|+lighthouses|muito bom
|c|+LeoDamin|?_?
|c|+lighthouses|seu ingles
|c|+lighthouses|parabens
|c| SpDy palpite|Red [sky]es
|
|switch|p2a: Azumarill|Azumarill, F|143\/403
|move|p1a: Keldeo-Resolute|Hidden Power|p2a: Azumarill
|-crit|p2a: Azumarill
|-damage|p2a: Azumarill|0 fnt
|faint|p2a: Azumarill
|
|c|+silverghoooost|ownado
|c|+silverghoooost|KDPOAKSKDPKOASKOPDKA
|
|switch|p2a: Metagross|Metagross|301\/301
|turn|69
|c|+silverghoooost|VAI SEGURO
|c|+silverghoooost|._.
|
|switch|p1a: Rotom-Wash|Rotom-Wash|124\/304 brn
|detailschange|p2a: Metagross|Metagross-Mega
|-mega|p2a: Metagross|Metagross|Metagrossite
|move|p2a: Metagross|Meteor Mash|p1a: Rotom-Wash
|-resisted|p1a: Rotom-Wash
|-damage|p1a: Rotom-Wash|84\/304 brn
|
|-heal|p1a: Rotom-Wash|103\/304 brn|[from] item: Leftovers
|-damage|p1a: Rotom-Wash|65\/304 brn|[from] brn
|turn|70
|
|move|p2a: Metagross|Zen Headbutt|p1a: Rotom-Wash
|-damage|p1a: Rotom-Wash|0 fnt
|faint|p1a: Rotom-Wash
|
|c|+LeoDamin|nunca duvidei que ele conseguiria
|
|switch|p1a: Landorus-Therian|Landorus-Therian, M|165\/319
|-ability|p1a: Landorus-Therian|Intimidate|[of] p2a: Metagross
|-unboost|p2a: Metagross|atk|1
|turn|71
|c|+LeoDamin|sn
|c|+lighthouses|os chokes sÃ£o fortes
|c|+LeoDamin|se o rall
|
|switch|p2a: Celebi|Celebi|80\/404
|move|p1a: Landorus-Therian|Earthquake|p2a: Celebi
|-resisted|p2a: Celebi
|-damage|p2a: Celebi|0 fnt
|faint|p2a: Celebi
|
|c|+LeoDamin|jogar o celebi
|c|+LeoDamin|ele Ã© mito
|c|+LeoDamin|:']
|
|switch|p2a: Keldeo|Keldeo|159\/323
|turn|72
|c|+LeoDamin|vai
|c|+LeoDamin|que tanka
|
|switch|p1a: Keldeo-Resolute|Keldeo-Resolute|323\/323
|move|p2a: Keldeo|Scald|p1a: Keldeo-Resolute
|-resisted|p1a: Keldeo-Resolute
|-damage|p1a: Keldeo-Resolute|240\/323
|
|turn|73
|c|+LeoDamin|o rall
|c|+LeoDamin|vai mamar
|c|+LeoDamin|jÃ¡ era
|c|+LeoDamin|sÃ©rio
|c|+LeoDamin|rofl
|
|switch|p2a: Metagross|Metagross-Mega|301\/301
|move|p1a: Keldeo-Resolute|Hydro Pump|p2a: Metagross
|-damage|p2a: Metagross|21\/301
|
|turn|74
|c|+LeoDamin|o rall perdeu
|c|+LeoDamin|ehauehauehauehuaheuaheuhaeuhaueha
|c|+lighthouses|ainda da
|c|+LeoDamin|nÃ£o
|c|+LeoDamin|ele perdeu
|
|switch|p1a: Landorus-Therian|Landorus-Therian, M|165\/319
|-ability|p1a: Landorus-Therian|Intimidate|[of] p2a: Metagross
|-unboost|p2a: Metagross|atk|1
|move|p2a: Metagross|Zen Headbutt|p1a: Landorus-Therian
|-damage|p1a: Landorus-Therian|23\/319
|
|turn|75
|c|+lighthouses|vai na fe
|c|+LeoDamin|se o lincoln
|c|+lighthouses|que da
|c|+LeoDamin|nÃ£o chokar
|c|+lighthouses|eu nÃ£o creio
|c|+LeoDamin|NÃO
|c|+lighthouses|que ele jogou
|c|+LeoDamin|NÃO
|c|+lighthouses|o landorus
|c|+LeoDamin|NÃO
|c|+LeoDamin|POR QUE
|c|+LeoDamin|VOCÃ CHOKOU
|c|+LeoDamin|ASSIM???
|c|+LeoDamin|NÃO
|c|+LeoDamin|AAAAH
|c|+LeoDamin|NÃO
|c|+lighthouses|puta que me pariu cara
|c|+lighthouses|eu nÃ£o
|c|+lighthouses|acredito
|c|+lighthouses|que ele fez isso
|
|move|p2a: Metagross|Bullet Punch|p1a: Landorus-Therian
|-damage|p1a: Landorus-Therian|0 fnt
|faint|p1a: Landorus-Therian
|
|c|+LeoDamin|PUTA QUE PARIU
|c|+lighthouses|meu pai do ceu
|
|switch|p1a: Scizor|Scizor, M|117\/344
|turn|76
|c|+e7e|damin caraia
|c|+e7e|sem chorar
|c|+LeoDamin|nÃ£o
|c|+LeoDamin|cala a boca
|c|+LeoDamin|vai se foder
|c|+e7e|CHORA NAO
|c|+lighthouses|EHUEHUEAHAU
|
|switch|p2a: Keldeo|Keldeo|159\/323
|move|p1a: Scizor|Bullet Punch|p2a: Keldeo
|-resisted|p2a: Keldeo
|-damage|p2a: Keldeo|114\/323
|
|-heal|p1a: Scizor|138\/344|[from] item: Leftovers
|turn|77
|c|+LeoDamin|gente
|c|+LeoDamin|como isso aconteceu?
|c|+LeoDamin|por que
|L|EuGostoDoNickGoao
|c|+lighthouses|ele conseguiu AEHUEAUHEAHUEHUHUAEUHAEAH
|c|+LeoDamin|ele mandou landt?
|c|+LeoDamin|por que
|c|+lighthouses|ELE IA VENCER DE 6X0
|c|+LeoDamin|nÃ£o
|c|+lighthouses|E CONSEGUIU
|c|+lighthouses|CHOKAR
|c|+LeoDamin|AAAAAAAAAH
|c|+LeoDamin|NÃAAAO
|
|move|p1a: Scizor|Bullet Punch|p2a: Keldeo
|-resisted|p2a: Keldeo
|-damage|p2a: Keldeo|69\/323
|move|p2a: Keldeo|Secret Sword|p1a: Scizor
|-damage|p1a: Scizor|33\/344
|
|-heal|p1a: Scizor|54\/344|[from] item: Leftovers
|turn|78
|c| frostwyvern|OLHA
|c| frostwyvern|O
|
|move|p1a: Scizor|Bullet Punch|p2a: Keldeo
|-resisted|p2a: Keldeo
|-damage|p2a: Keldeo|22\/323
|move|p2a: Keldeo|Secret Sword|p1a: Scizor
|-damage|p1a: Scizor|0 fnt
|faint|p1a: Scizor
|
|c| frostwyvern|CRIT
|c|+LeoDamin|UUUUUUUH
|c|+LeoDamin|TÃO PERTO
|c| frostwyvern|tudo isso
|c| frostwyvern|porque
|c|+LeoDamin|CALMA
|c|+LeoDamin|CALMA
|c|+silverghoooost|agora hein
|c| frostwyvern|entregou
|c|+LeoDamin|NÃO
|c|+LeoDamin|CALMA
|c| frostwyvern|o gliscor
|c| SpDy palpite|tem que acreditar
|c|+LeoDamin|O LINCOLN
|c|+LeoDamin|TEM 10%
|c|+LeoDamin|DE CHANCE
|c|+LeoDamin|DE GANHAR
|
|switch|p1a: Keldeo-Resolute|Keldeo-Resolute|240\/323
|turn|79
|c|+silverghoooost|lol
|c|+lighthouses|ERA PRA TER
|c|+silverghoooost|pq o lincoln
|c|+lighthouses|100%
|c|+silverghoooost|entregou
|c|+lighthouses|DE CHANCE
|c|+silverghoooost|o scizor?
|c|+lighthouses|DE VENCER
|c|+lighthouses|LOL
|c|+LeoDamin|heauehuaheuaheuheuaheuaheuhauhauehuaheuaheueuha
|c|+LeoDamin|porra
|c| frostwyvern|agora troca
|
|move|p2a: Keldeo|Secret Sword|p1a: Keldeo-Resolute
|-damage|p1a: Keldeo-Resolute|60\/323
|move|p1a: Keldeo-Resolute|Scald|p2a: Keldeo
|-resisted|p2a: Keldeo
|-damage|p2a: Keldeo|0 fnt
|faint|p2a: Keldeo
|
|c|+LeoDamin|o rall entregou
|c| frostwyvern|pro gross
|c|+LeoDamin|a porra
|c|+silverghoooost|ah
|c| frostwyvern|estilo rall
|c|+e7e|estilo missplay
|c|+e7e|sempre certo
|c|+LeoDamin|do gliscor
|
|switch|p2a: Metagross|Metagross-Mega|21\/301
|turn|80
|c|+silverghoooost|me liguei agr
|c|+silverghoooost|KKKKKk
|c|+LeoDamin|AI MEU DEUS
|c|+LeoDamin|SOCORRO
|c| frostwyvern|MISS
|c|+LeoDamin|ELE VAI ERRAR
|c|+silverghoooost|nao Ã© full speed
|c| frostwyvern|MISS
|c|+LeoDamin|AAAAAAAAAH
|c|+silverghoooost|ne
|c|+e7e|MISS
|c|+LeoDamin|AAAAAAAAAAAAAAAAAAAAAAAAAAAAAAAH
|c|+lighthouses|MISS
|c|+e7e|OH O MISS
|c|+silverghoooost|MISSA
|c|+lighthouses|MSISSISISISIS
|c|+silverghoooost|MISSA
|c|+silverghoooost|MISSA
|c|+lighthouses|MISS
|c|+silverghoooost|MISSSA
|c|+lighthouses|MISS
|c|+LeoDamin|MISSSSSSSSSSSSSSSSSSSSSSSSSSSSS
|c|+silverghoooost|MISSSA
|c|+lighthouses|MISS
|c|+lighthouses|MISS
|c|+LeoDamin|VAI
|c|+LeoDamin|MISS
|c|+LeoDamin|JÃ ERA
|c|+LeoDamin|TM PORRA
|c|+LeoDamin|PORRA
|c|+LeoDamin|RALL
|c| frostwyvern|DA ZEN
|c|+LeoDamin|PARA DE SER BURRO
|c| frostwyvern|FILHA DA PUTA
|c|+LeoDamin|APERTA ZEN
|c| frostwyvern|DA ZEN
|c| frostwyvern|ZEN
|
|move|p2a: Metagross|Zen Headbutt|p1a: Keldeo-Resolute
|-crit|p1a: Keldeo-Resolute
|-supereffective|p1a: Keldeo-Resolute
|-damage|p1a: Keldeo-Resolute|0 fnt
|faint|p1a: Keldeo-Resolute
|
|win|Red Skies
|c|+LeoDamin|AAAAAAAAAAAAAAAAAAAAAAAAAAAAAAH
|c| frostwyvern|CRITOYU
|c|+LeoDamin|CRITTTT
|c| frostwyvern|ADSOPKDSAOPDSA
|c|+LeoDamin|CRITOOOOOU
|c|âRed Skies|gg
|c|+lighthouses|AEHUEAHEAHUEAH
|c|+lighthouses|AEHUEAHUAEHUAEUHEA
|c|+LeoDamin|Ã TETRAAAAAAA
|c| SpDy palpite|hax
|c|+e7e|pqp
|c| SpDy palpite|bs
|c|+lighthouses|AEHUAEUHEAHUEAHUEAHUEAHUAEHUEAHUAE
|c|+lighthouses|AEOHAEUHAHUHU
|L|frostwyvern
|c|+LeoDamin|HEUAHUEHAUEHAUEHAFIEUHFIASHFA
|c| SpDy palpite|e palpite
|c|+lighthouses|MELHOR PSRTIDS
|c|+lighthouses|DO UNIVERSO
|c| SpDy palpite|vergonhosa essa SpDy
|L|Red Skies
|player|p2
|c| SpDy palpite|-.-
|L|e7e
|L|lincoln.berto
|player|p1
|c| SpDy palpite|n_n
|c| SpDy palpite|gg TM
|J|GoaoTwo
|L|LeoDamin
|L|silverghoooost
|L|lighthouses
|L|GoaoTwo