|join|Red Skies
|join|Seiya
|player|p1|Red Skies|64
|player|p2|Seiya|266
|gametype|singles
|gen|5
|tier|[Gen 5] OU
|rule|Evasion Abilities Clause: Evasion abilities are banned
|clearpoke
|poke|p1|Scizor, M
|poke|p1|Garchomp, M
|poke|p1|Kyurem-Black
|poke|p1|Magnezone
|poke|p1|Starmie
|poke|p1|Dragonite, M
|poke|p2|Tyranitar, F
|poke|p2|Breloom, F
|poke|p2|Celebi
|poke|p2|Magnezone
|poke|p2|Forretress, M
|poke|p2|Landorus-Therian, M
|rule|Sleep Clause Mod: Limit one foe put to sleep
|rule|Species Clause: Limit one of each PokÃ©mon
|rule|OHKO Clause: OHKO moves are banned
|rule|Moody Clause: Moody is banned
|rule|Evasion Moves Clause: Evasion moves are banned
|rule|Endless Battle Clause: Forcing endless battles is banned
|rule|HP Percentage Mod: HP is shown in percentages
|teampreview
|c|âSeiya|time  parecido em 
|c|âSeiya|kkk
|
|start
|switch|p1a: Garchomp|Garchomp, M|358\/358
|switch|p2a: Landorus-Therian|Landorus-Therian, M|319\/319
|-ability|p2a: Landorus-Therian|Intimidate|[of] p1a: Garchomp
|-unboost|p1a: Garchomp|atk|1
|turn|1
|c|âRed Skies|sim lol
|
|move|p2a: Landorus-Therian|Stealth Rock|p1a: Garchomp
|-sidestart|p1: Red Skies|move: Stealth Rock
|move|p1a: Garchomp|Stealth Rock|p2a: Landorus-Therian
|-sidestart|p2: Seiya|move: Stealth Rock
|
|turn|2
|
|switch|p2a: Forretress|Forretress, M|354\/354
|-damage|p2a: Forretress|310\/354|[from] Stealth Rock
|move|p1a: Garchomp|Swords Dance|p1a: Garchomp
|-boost|p1a: Garchomp|atk|2
|
|-heal|p2a: Forretress|332\/354|[from] item: Leftovers
|turn|3
|
|move|p1a: Garchomp|Swords Dance|p1a: Garchomp
|-boost|p1a: Garchomp|atk|2
|move|p2a: Forretress|Hidden Power|p1a: Garchomp
|-supereffective|p1a: Garchomp
|-damage|p1a: Garchomp|190\/358
|
|-heal|p2a: Forretress|354\/354|[from] item: Leftovers
|turn|4
|c|âRed Skies|lol
|
|move|p1a: Garchomp|Earthquake|p2a: Forretress
|-damage|p2a: Forretress|92\/354
|move|p2a: Forretress|Volt Switch|p1a: Garchomp
|-immune|p1a: Garchomp|[msg]
|
|-heal|p2a: Forretress|114\/354|[from] item: Leftovers
|turn|5
|c|âSeiya|hum 
|
|switch|p2a: Landorus-Therian|Landorus-Therian, M|319\/319
|-damage|p2a: Landorus-Therian|280\/319|[from] Stealth Rock
|-ability|p2a: Landorus-Therian|Intimidate|[of] p1a: Garchomp
|-unboost|p1a: Garchomp|atk|1
|move|p1a: Garchomp|Swords Dance|p1a: Garchomp
|-boost|p1a: Garchomp|atk|2
|
|turn|6
|c|âSeiya|ainda arriscou
|c|âRed Skies|Eu ainda ia aguentar
|
|move|p2a: Landorus-Therian|Earthquake|p1a: Garchomp
|-damage|p1a: Garchomp|0 fnt
|faint|p1a: Garchomp
|
|c|âSeiya|mais ia perde nesse turno
|c|âRed Skies|o.o
|
|switch|p1a: Kyurem-Black|Kyurem-Black|391\/391
|-damage|p1a: Kyurem-Black|294\/391|[from] Stealth Rock
|-ability|p1a: Kyurem-Black|Teravolt
|turn|7
|
|switch|p2a: Tyranitar|Tyranitar, F|404\/404
|-damage|p2a: Tyranitar|354\/404|[from] Stealth Rock
|-weather|Sandstorm|[from] ability: Sand Stream|[of] p2a: Tyranitar
|move|p1a: Kyurem-Black|Ice Beam|p2a: Tyranitar
|-damage|p2a: Tyranitar|281\/404
|
|-weather|Sandstorm|[upkeep]
|-damage|p1a: Kyurem-Black|270\/391|[from] sandstorm
|-heal|p2a: Tyranitar|306\/404|[from] item: Leftovers
|turn|8
|
|switch|p1a: Scizor|Scizor, M|282\/282
|-damage|p1a: Scizor|247\/282|[from] Stealth Rock
|move|p2a: Tyranitar|Fire Punch|p1a: Scizor
|-supereffective|p1a: Scizor
|-damage|p1a: Scizor|0 fnt
|faint|p1a: Scizor
|
|-weather|Sandstorm|[upkeep]
|-heal|p2a: Tyranitar|331\/404|[from] item: Leftovers
|
|switch|p1a: Starmie|Starmie|262\/262
|-damage|p1a: Starmie|230\/262|[from] Stealth Rock
|turn|9
|
|move|p1a: Starmie|Hydro Pump|p2a: Tyranitar|[miss]
|-miss|p1a: Starmie|p2a: Tyranitar
|move|p2a: Tyranitar|Crunch|p1a: Starmie
|-supereffective|p1a: Starmie
|-damage|p1a: Starmie|0 fnt
|faint|p1a: Starmie
|
|-weather|Sandstorm|[upkeep]
|-heal|p2a: Tyranitar|356\/404|[from] item: Leftovers
|
|switch|p1a: Magnezone|Magnezone|282\/282
|-damage|p1a: Magnezone|265\/282|[from] Stealth Rock
|turn|10
|
|move|p1a: Magnezone|Flash Cannon|p2a: Tyranitar
|-supereffective|p2a: Tyranitar
|-damage|p2a: Tyranitar|176\/404
|move|p2a: Tyranitar|Superpower|p1a: Magnezone
|-supereffective|p1a: Magnezone
|-damage|p1a: Magnezone|3\/282
|-unboost|p2a: Tyranitar|atk|1
|-unboost|p2a: Tyranitar|def|1
|
|-weather|Sandstorm|[upkeep]
|-heal|p2a: Tyranitar|201\/404|[from] item: Leftovers
|turn|11
|
|switch|p2a: Magnezone|Magnezone|344\/344
|-damage|p2a: Magnezone|323\/344|[from] Stealth Rock
|move|p1a: Magnezone|Flash Cannon|p2a: Magnezone
|-resisted|p2a: Magnezone
|-damage|p2a: Magnezone|283\/344
|
|-weather|Sandstorm|[upkeep]
|-heal|p2a: Magnezone|304\/344|[from] item: Leftovers
|turn|12
|
|move|p1a: Magnezone|Flash Cannon|p2a: Magnezone
|-crit|p2a: Magnezone
|-resisted|p2a: Magnezone
|-damage|p2a: Magnezone|232\/344
|move|p2a: Magnezone|Substitute|p2a: Magnezone
|-start|p2a: Magnezone|Substitute
|-damage|p2a: Magnezone|146\/344
|
|-weather|Sandstorm|[upkeep]
|-heal|p2a: Magnezone|167\/344|[from] item: Leftovers
|turn|13
|
|move|p1a: Magnezone|Flash Cannon|p2a: Magnezone
|-resisted|p2a: Magnezone
|-activate|p2a: Magnezone|Substitute|[damage]
|move|p2a: Magnezone|Charge Beam|p1a: Magnezone
|-resisted|p1a: Magnezone
|-damage|p1a: Magnezone|0 fnt
|-boost|p2a: Magnezone|spa|1
|faint|p1a: Magnezone
|
|-weather|Sandstorm|[upkeep]
|-heal|p2a: Magnezone|188\/344|[from] item: Leftovers
|
|switch|p1a: Kyurem-Black|Kyurem-Black|270\/391
|-damage|p1a: Kyurem-Black|173\/391|[from] Stealth Rock
|-ability|p1a: Kyurem-Black|Teravolt
|turn|14
|c|âSeiya|lol
|c|âSeiya|pq ta dando vacilo d mais
|
|move|p1a: Kyurem-Black|Outrage|p2a: Magnezone
|-resisted|p2a: Magnezone
|-end|p2a: Magnezone|Substitute
|move|p2a: Magnezone|Flash Cannon|p1a: Kyurem-Black
|-supereffective|p1a: Kyurem-Black
|-damage|p1a: Kyurem-Black|0 fnt
|faint|p1a: Kyurem-Black
|
|-weather|Sandstorm|[upkeep]
|-heal|p2a: Magnezone|209\/344|[from] item: Leftovers
|c|âRed Skies|sei la
|
|switch|p1a: Dragonite|Dragonite, M|324\/324
|-damage|p1a: Dragonite|243\/324|[from] Stealth Rock
|turn|15
|c|âRed Skies|sou ruim
|
|switch|p2a: Landorus-Therian|Landorus-Therian, M|280\/319
|-damage|p2a: Landorus-Therian|241\/319|[from] Stealth Rock
|-ability|p2a: Landorus-Therian|Intimidate|[of] p1a: Dragonite
|-unboost|p1a: Dragonite|atk|1
|move|p1a: Dragonite|Dragon Dance|p1a: Dragonite
|-boost|p1a: Dragonite|atk|1
|-boost|p1a: Dragonite|spe|1
|
|-weather|Sandstorm|[upkeep]
|-damage|p1a: Dragonite|223\/324|[from] sandstorm
|turn|16
|c|âSeiya|disso eu ja sabbia lol
|
|move|p2a: Landorus-Therian|Stone Edge|p1a: Dragonite
|-supereffective|p1a: Dragonite
|-damage|p1a: Dragonite|0 fnt
|faint|p1a: Dragonite
|
|win|Seiya