|join|anchor management
|join|Barba atun
|player|p1|anchor management|271
|player|p2|Barba atun|169
|gametype|singles
|gen|5
|tier|[Gen 5] UU
|rule|Sleep Clause Mod: Limit one foe put to sleep
|rule|Species Clause: Limit one of each PokÃ©mon
|rule|OHKO Clause: OHKO moves are banned
|rule|Moody Clause: Moody is banned
|rule|Evasion Moves Clause: Evasion moves are banned
|rule|Endless Battle Clause: Forcing endless battles is banned
|rule|HP Percentage Mod: HP is shown in percentages
|rule|Evasion Abilities Clause: Evasion abilities are banned
|clearpoke
|poke|p1|Zapdos
|poke|p1|Swampert, F
|poke|p1|Victini
|poke|p1|Flygon, M
|poke|p1|Cobalion
|poke|p1|Shaymin
|poke|p2|Piloswine, M, shiny
|poke|p2|Munchlax, M, shiny
|poke|p2|Ferroseed, M
|poke|p2|Simisear, M, shiny
|poke|p2|Sneasel, M
|poke|p2|Misdreavus, M
|teampreview
|join|CoolStoryBrobat
|join|sefolosha
|join|so dynamic
|join|4th try
|join|Tipsy Russian
|chat|sefolosha|wow
|join|xMarth
|
|start
|switch|p1a: Cobalion|Cobalion|329\/329
|switch|p2a: Piloswine|Piloswine, M, shiny|404\/404
|turn|1
|join|emexon
|
|switch|p1a: Swampert|Swampert, F|401\/401
|switch|p2a: Misdreavus|Misdreavus, M|324\/324
|
|turn|2
|chat|CoolStoryBrobat|The fire weaknesses are real
|chat|CoolStoryBrobat|This man don't care
|
|move|p2a: Misdreavus|Will-O-Wisp|p1a: Swampert
|-status|p1a: Swampert|brn
|move|p1a: Swampert|Stealth Rock|p2a: Misdreavus
|-sidestart|p2: Barba atun|move: Stealth Rock
|
|-damage|p1a: Swampert|351\/401 brn|[from] brn
|turn|3
|
|move|p2a: Misdreavus|Shadow Ball|p1a: Swampert
|-damage|p1a: Swampert|261\/401 brn
|-unboost|p1a: Swampert|spd|1
|move|p1a: Swampert|Scald|p2a: Misdreavus
|-damage|p2a: Misdreavus|261\/324
|
|-heal|p1a: Swampert|286\/401 brn|[from] item: Leftovers
|-damage|p1a: Swampert|236\/401 brn|[from] brn
|turn|4
|
|switch|p2a: Munchlax|Munchlax, M, shiny|474\/474
|-damage|p2a: Munchlax|415\/474|[from] Stealth Rock
|switch|p1a: Shaymin|Shaymin|341\/341
|
|turn|5
|
|move|p1a: Shaymin|Leech Seed|p2a: Munchlax
|-start|p2a: Munchlax|move: Leech Seed
|move|p2a: Munchlax|Body Slam|p1a: Shaymin
|-damage|p1a: Shaymin|254\/341
|
|-damage|p2a: Munchlax|356\/474|[from] Leech Seed|[of] p1a: Shaymin
|-heal|p1a: Shaymin|313\/341|[silent]
|turn|6
|
|switch|p1a: Cobalion|Cobalion|329\/329
|switch|p2a: Ferroseed|Ferroseed, M|292\/292
|-damage|p2a: Ferroseed|274\/292|[from] Stealth Rock
|
|turn|7
|
|switch|p2a: Misdreavus|Misdreavus, M|261\/324
|-damage|p2a: Misdreavus|221\/324|[from] Stealth Rock
|move|p1a: Cobalion|Substitute|p1a: Cobalion
|-start|p1a: Cobalion|Substitute
|-damage|p1a: Cobalion|247\/329
|
|-heal|p1a: Cobalion|267\/329|[from] item: Leftovers
|turn|8
|chat|Tipsy Russian|munchlax is all powerful at recieving special attacks
|
|move|p1a: Cobalion|Swords Dance|p1a: Cobalion
|-boost|p1a: Cobalion|atk|2
|move|p2a: Misdreavus|Perish Song|p2a: Misdreavus
|-fieldactivate|move: Perish Song
|
|-start|p1a: Cobalion|perish3
|-start|p2a: Misdreavus|perish3
|-heal|p1a: Cobalion|287\/329|[from] item: Leftovers
|turn|9
|chat|Barba atun|again
|
|switch|p2a: Ferroseed|Ferroseed, M|274\/292
|-damage|p2a: Ferroseed|256\/292|[from] Stealth Rock
|move|p1a: Cobalion|Iron Head|p2a: Ferroseed
|-resisted|p2a: Ferroseed
|-damage|p2a: Ferroseed|201\/292
|-damage|p1a: Cobalion|246\/329|[from] ability: Iron Barbs|[of] p2a: Ferroseed
|
|-start|p1a: Cobalion|perish2
|-heal|p1a: Cobalion|266\/329|[from] item: Leftovers
|turn|10
|chat|Barba atun|i dont have anything
|chat|Barba atun|for that
|
|switch|p1a: Victini|Victini|341\/341
|move|p2a: Ferroseed|Protect|p2a: Ferroseed
|-fail|p2a: Ferroseed
|
|turn|11
|
|move|p2a: Ferroseed|Protect|p2a: Ferroseed
|-singleturn|p2a: Ferroseed|Protect
|move|p1a: Victini|V-create|p2a: Ferroseed
|-activate|p2a: Ferroseed|Protect
|
|turn|12
|
|move|p1a: Victini|V-create|p2a: Ferroseed
|-supereffective|p2a: Ferroseed
|-damage|p2a: Ferroseed|0 fnt
|-damage|p1a: Victini|299\/341|[from] ability: Iron Barbs|[of] p2a: Ferroseed
|-unboost|p1a: Victini|def|1
|-unboost|p1a: Victini|spd|1
|-unboost|p1a: Victini|spe|1
|faint|p2a: Ferroseed
|
|
|switch|p2a: Simisear|Simisear, M, shiny|291\/291
|-damage|p2a: Simisear|219\/291|[from] Stealth Rock
|turn|13
|
|move|p2a: Simisear|Focus Blast|p1a: Victini
|-resisted|p1a: Victini
|-damage|p1a: Victini|212\/341
|move|p1a: Victini|V-create|p2a: Simisear
|-resisted|p2a: Simisear
|-damage|p2a: Simisear|0 fnt
|-unboost|p1a: Victini|def|1
|-unboost|p1a: Victini|spd|1
|-unboost|p1a: Victini|spe|1
|faint|p2a: Simisear
|
|
|switch|p2a: Sneasel|Sneasel, M|252\/252
|-damage|p2a: Sneasel|189\/252|[from] Stealth Rock
|turn|14
|
|switch|p1a: Swampert|Swampert, F|236\/401 brn
|move|p2a: Sneasel|Punishment|p1a: Swampert
|-damage|p1a: Swampert|142\/401 brn
|-damage|p2a: Sneasel|164\/252|[from] item: Life Orb
|
|-heal|p1a: Swampert|167\/401 brn|[from] item: Leftovers
|-damage|p1a: Swampert|117\/401 brn|[from] brn
|turn|15
|
|switch|p2a: Piloswine|Piloswine, M, shiny|404\/404
|-damage|p2a: Piloswine|354\/404|[from] Stealth Rock
|move|p1a: Swampert|Scald|p2a: Piloswine
|-supereffective|p2a: Piloswine
|-damage|p2a: Piloswine|106\/404
|
|-heal|p1a: Swampert|142\/401 brn|[from] item: Leftovers
|-damage|p1a: Swampert|92\/401 brn|[from] brn
|turn|16
|
|move|p1a: Swampert|Scald|p2a: Piloswine
|-supereffective|p2a: Piloswine
|-damage|p2a: Piloswine|0 fnt
|faint|p2a: Piloswine
|
|-heal|p1a: Swampert|117\/401 brn|[from] item: Leftovers
|-damage|p1a: Swampert|67\/401 brn|[from] brn
|
|switch|p2a: Misdreavus|Misdreavus, M|221\/324
|-damage|p2a: Misdreavus|181\/324|[from] Stealth Rock
|turn|17
|
|move|p2a: Misdreavus|Shadow Ball|p1a: Swampert
|-damage|p1a: Swampert|0 fnt
|faint|p1a: Swampert
|
|
|switch|p1a: Flygon|Flygon, M|301\/301
|turn|18
|
|move|p1a: Flygon|Outrage|p2a: Misdreavus
|-damage|p2a: Misdreavus|70\/324
|move|p2a: Misdreavus|Shadow Ball|p1a: Flygon
|-damage|p1a: Flygon|210\/301
|
|turn|19
|
|move|p1a: Flygon|Outrage|p2a: Misdreavus
|-crit|p2a: Misdreavus
|-damage|p2a: Misdreavus|0 fnt
|faint|p2a: Misdreavus
|
|-end|p1a: Flygon|rampage
|-start|p1a: Flygon|confusion
|join|ULT LiberalLucario
|
|switch|p2a: Sneasel|Sneasel, M|164\/252
|-damage|p2a: Sneasel|101\/252|[from] Stealth Rock
|turn|20
|
|-activate|p1a: Flygon|confusion
|move|p1a: Flygon|Outrage|p2a: Sneasel
|-damage|p2a: Sneasel|0 fnt
|faint|p2a: Sneasel
|
|chat|Barba atun|gg
|chat|anchor management|gg
|-message|Barba atun forfeited.
|
|win|anchor management