|join|anchor management
|join|PapaNitoGravelord
|player|p1|anchor management|271
|player|p2|PapaNitoGravelord|254
|gametype|singles
|gen|6
|tier|UU
|rated
|rule|Sleep Clause Mod: Limit one foe put to sleep
|rule|Species Clause: Limit one of each PokÃ©mon
|rule|OHKO Clause: OHKO moves are banned
|rule|Moody Clause: Moody is banned
|rule|Evasion Moves Clause: Evasion moves are banned
|rule|Endless Battle Clause: Forcing endless battles is banned
|rule|HP Percentage Mod: HP is shown in percentages
|clearpoke
|poke|p1|Entei, shiny
|poke|p1|Infernape, M
|poke|p1|Fletchinder, F
|poke|p1|Celebi
|poke|p1|Azelf, shiny
|poke|p1|Blastoise, M
|poke|p2|Machamp, M
|poke|p2|Ampharos, F, shiny
|poke|p2|Victini
|poke|p2|Forretress, F, shiny
|poke|p2|Hydreigon, M, shiny
|poke|p2|Nidoking, M
|rule|Swagger Clause: Swagger is banned
|rule|Baton Pass Clause: Limit one PokÃ©mon knowing Baton Pass
|teampreview
|
|start
|switch|p1a: Azelf|Azelf, shiny|291\/291
|switch|p2a: Jotaro|Machamp, M|364\/364
|turn|1
|
|switch|p2a: DIO|Hydreigon, M, shiny|326\/326
|move|p1a: Azelf|Stealth Rock|p2a: DIO
|-sidestart|p2: PapaNitoGravelord|move: Stealth Rock
|
|turn|2
|join|anti-test
|
|move|p1a: Azelf|Knock Off|p2a: DIO
|-resisted|p2a: DIO
|-damage|p2a: DIO|269\/326
|-enditem|p2a: DIO|Life Orb|[from] move: Knock Off|[of] p1a: Azelf
|move|p2a: DIO|Dark Pulse|p1a: Azelf
|-supereffective|p1a: Azelf
|-enditem|p1a: Azelf|Focus Sash
|-damage|p1a: Azelf|1\/291
|
|turn|3
|
|switch|p1a: Infernape|Infernape, M|293\/293
|move|p2a: DIO|Dark Pulse|p1a: Infernape
|-resisted|p1a: Infernape
|-damage|p1a: Infernape|198\/293
|
|turn|4
|
|move|p1a: Infernape|U-turn|p2a: DIO
|-supereffective|p2a: DIO
|-damage|p2a: DIO|113\/326
|
|switch|p1a: Azelf|Azelf, shiny|1\/291
|move|p2a: DIO|Draco Meteor|p1a: Azelf
|-damage|p1a: Azelf|0 fnt
|-unboost|p2a: DIO|spa|2
|faint|p1a: Azelf
|
|join|bleve
|
|switch|p1a: Infernape|Infernape, M|198\/293
|turn|5
|
|move|p2a: DIO|Protect|p2a: DIO
|-singleturn|p2a: DIO|Protect
|move|p1a: Infernape|U-turn|p2a: DIO
|-activate|p2a: DIO|Protect
|
|turn|6
|
|move|p1a: Infernape|U-turn|p2a: DIO
|-supereffective|p2a: DIO
|-damage|p2a: DIO|0 fnt
|faint|p2a: DIO
|
|switch|p1a: Entei|Entei, shiny|371\/371
|-ability|p1a: Entei|Pressure
|
|
|switch|p2a: Polnareff|Nidoking, M|303\/303
|-damage|p2a: Polnareff|285\/303|[from] Stealth Rock
|turn|7
|
|move|p2a: Polnareff|Earthquake|p1a: Entei
|-supereffective|p1a: Entei
|-damage|p1a: Entei|0 fnt
|faint|p1a: Entei
|
|
|switch|p1a: Celebi|Celebi|341\/341
|turn|8
|
|switch|p2a: Joseph|Forretress, F, shiny|354\/354
|-damage|p2a: Joseph|310\/354|[from] Stealth Rock
|move|p1a: Celebi|Psychic|p2a: Joseph
|-resisted|p2a: Joseph
|-damage|p2a: Joseph|176\/354
|-damage|p1a: Celebi|307\/341|[from] item: Life Orb
|
|-heal|p2a: Joseph|198\/354|[from] item: Leftovers
|turn|9
|join|how do you
|
|move|p1a: Celebi|Psychic|p2a: Joseph
|-resisted|p2a: Joseph
|-damage|p2a: Joseph|65\/354
|-damage|p1a: Celebi|273\/341|[from] item: Life Orb
|move|p2a: Joseph|Stealth Rock|p1a: Celebi
|-sidestart|p1: anchor management|move: Stealth Rock
|
|-heal|p2a: Joseph|87\/354|[from] item: Leftovers
|turn|10
|
|move|p1a: Celebi|Psychic|p2a: Joseph
|-resisted|p2a: Joseph
|-damage|p2a: Joseph|0 fnt
|-damage|p1a: Celebi|239\/341|[from] item: Life Orb
|faint|p2a: Joseph
|
|
|switch|p2a: Jotaro|Machamp, M|364\/364
|-damage|p2a: Jotaro|342\/364|[from] Stealth Rock
|turn|11
|
|switch|p2a: Advol|Victini|341\/341
|-damage|p2a: Advol|256\/341|[from] Stealth Rock
|move|p1a: Celebi|Psychic|p2a: Advol
|-resisted|p2a: Advol
|-damage|p2a: Advol|174\/341
|-damage|p1a: Celebi|205\/341|[from] item: Life Orb
|
|turn|12
|
|move|p1a: Celebi|Psychic|p2a: Advol
|-resisted|p2a: Advol
|-damage|p2a: Advol|88\/341
|-damage|p1a: Celebi|171\/341|[from] item: Life Orb
|move|p2a: Advol|U-turn|p1a: Celebi
|-supereffective|p1a: Celebi
|-damage|p1a: Celebi|0 fnt
|faint|p1a: Celebi
|c| bleve|>advol
|c| bleve|kek
|
|switch|p2a: Jotaro|Machamp, M|342\/364
|-damage|p2a: Jotaro|320\/364|[from] Stealth Rock
|
|
|switch|p1a: Blastoise|Blastoise, M|333\/333
|-damage|p1a: Blastoise|292\/333|[from] Stealth Rock
|turn|13
|c|âPapaNitoGravelord|wait shit i spelt his name wrong
|c|âPapaNitoGravelord|duncurr keeping it
|
|detailschange|p1a: Blastoise|Blastoise-Mega, M
|message|Blastoise has Mega Evolved into Mega Blastoise!
|move|p1a: Blastoise|Scald|p2a: Jotaro
|-damage|p2a: Jotaro|199\/364
|move|p2a: Jotaro|Dynamic Punch|p1a: Blastoise
|-damage|p1a: Blastoise|135\/333
|-start|p1a: Blastoise|confusion
|
|turn|14
|
|-activate|p1a: Blastoise|confusion
|move|p1a: Blastoise|Scald|p2a: Jotaro
|-damage|p2a: Jotaro|72\/364
|-status|p2a: Jotaro|brn
|move|p2a: Jotaro|Dynamic Punch|p1a: Blastoise
|-damage|p1a: Blastoise|57\/333
|
|-damage|p2a: Jotaro|27\/364 brn|[from] brn
|turn|15
|
|-end|p1a: Blastoise|confusion
|move|p1a: Blastoise|Rapid Spin|p2a: Jotaro
|-damage|p2a: Jotaro|11\/364 brn
|-sideend|p1: anchor management|Stealth Rock|[from] move: Rapid Spin|[of] p1a: Blastoise
|move|p2a: Jotaro|Dynamic Punch|p1a: Blastoise
|-damage|p1a: Blastoise|0 fnt
|faint|p1a: Blastoise
|
|-damage|p2a: Jotaro|0 fnt|[from] brn
|faint|p2a: Jotaro
|
|switch|p1a: Infernape|Infernape, M|198\/293
|switch|p2a: Polnareff|Nidoking, M|285\/303
|-damage|p2a: Polnareff|267\/303|[from] Stealth Rock
|turn|16
|
|move|p1a: Infernape|U-turn|p2a: Polnareff
|-resisted|p2a: Polnareff
|-damage|p2a: Polnareff|220\/303
|
|switch|p1a: Fletchinder|Fletchinder, F|291\/291
|move|p2a: Polnareff|Rock Slide|p1a: Fletchinder
|-supereffective|p1a: Fletchinder
|-damage|p1a: Fletchinder|0 fnt
|faint|p1a: Fletchinder
|
|
|switch|p1a: Infernape|Infernape, M|198\/293
|turn|17
|
|move|p1a: Infernape|Flare Blitz|p2a: Polnareff
|-damage|p2a: Polnareff|9\/303
|-damage|p1a: Infernape|128\/293|[from] recoil|[of] p2a: Polnareff
|move|p2a: Polnareff|Rock Slide|p1a: Infernape
|-damage|p1a: Infernape|0 fnt
|faint|p1a: Infernape
|
|win|PapaNitoGravelord
|raw|Ladder updating...
|raw|anchor management's rating: 1572 &rarr; <strong>1540<\/strong><br \/>(-32 for losing)
|raw|PapaNitoGravelord's rating: 1340 &rarr; <strong>1372<\/strong><br \/>(+32 for winning)
|leave|how do you
|leave|anchor management
|player|p1
|c|âPapaNitoGravelord|gg
|c|âPapaNitoGravelord|kek