|join|stuu
|join|anchor management
|player|p1|stuu|110
|player|p2|anchor management|271
|gametype|singles
|gen|6
|tier|UU
|rated
|rule|Sleep Clause Mod: Limit one foe put to sleep
|rule|Species Clause: Limit one of each Pokemon
|rule|OHKO Clause: OHKO moves are banned
|rule|Moody Clause: Moody is banned
|rule|Evasion Moves Clause: Evasion moves are banned
|rule|Endless Battle Clause: Forcing endless battles is banned.
|rule|HP Percentage Mod: HP is reported as percentages
|clearpoke
|poke|p1|Hydreigon, F, shiny
|poke|p1|Nidoking, M
|poke|p1|Florges, F
|poke|p1|Aggron, M
|poke|p1|Starmie, shiny
|poke|p1|Heracross, F
|poke|p2|Salamence, F
|poke|p2|Victini
|poke|p2|Jirachi
|poke|p2|Hydreigon, F
|poke|p2|Azelf, shiny
|poke|p2|Whimsicott, F
|teampreview
|
|start
|switch|p1a: Hydreigon|Hydreigon, F, shiny|325\/325
|switch|p2a: Azelf|Azelf, shiny|291\/291
|turn|1
|
|move|p1a: Hydreigon|U-turn|p2a: Azelf
|-supereffective|p2a: Azelf
|-damage|p2a: Azelf|135\/291
|
|switch|p1a: Aggron|Aggron, M|344\/344
|move|p2a: Azelf|Stealth Rock|p1a: Aggron
|-sidestart|p1: stuu|move: Stealth Rock
|
|turn|2
|
|move|p2a: Azelf|Taunt|p1a: Aggron
|-start|p1a: Aggron|move: Taunt
|move|p1a: Aggron|Heavy Slam|p2a: Azelf
|-damage|p2a: Azelf|0 fnt
|faint|p2a: Azelf
|
|
|switch|p2a: Hydreigon|Hydreigon, F|341\/341
|turn|3
|
|switch|p1a: Florges|Florges, F|360\/360
|-damage|p1a: Florges|315\/360|[from] Stealth Rock
|move|p2a: Hydreigon|Dark Pulse|p1a: Florges
|-resisted|p1a: Florges
|-damage|p1a: Florges|257\/360
|-damage|p2a: Hydreigon|307\/341|[from] item: Life Orb
|
|-heal|p1a: Florges|279\/360|[from] item: Leftovers
|turn|4
|
|switch|p2a: Victini|Victini|341\/341
|move|p1a: Florges|Moonblast|p2a: Victini
|-resisted|p2a: Victini
|-damage|p2a: Victini|279\/341
|
|-heal|p1a: Florges|301\/360|[from] item: Leftovers
|turn|5
|
|move|p1a: Florges|Protect|p1a: Florges
|-singleturn|p1a: Florges|Protect
|move|p2a: Victini|V-create|p1a: Florges
|-activate|p1a: Florges|Protect
|
|-heal|p1a: Florges|323\/360|[from] item: Leftovers
|turn|6
|
|switch|p1a: Starmie|Starmie, shiny|261\/261
|-damage|p1a: Starmie|229\/261|[from] Stealth Rock
|move|p2a: Victini|V-create|p1a: Starmie
|-resisted|p1a: Starmie
|-damage|p1a: Starmie|0 fnt
|-unboost|p2a: Victini|def|1
|-unboost|p2a: Victini|spd|1
|-unboost|p2a: Victini|spe|1
|faint|p1a: Starmie
|
|
|switch|p1a: Hydreigon|Hydreigon, F, shiny|325\/325
|-damage|p1a: Hydreigon|285\/325|[from] Stealth Rock
|turn|7
|
|switch|p2a: Whimsicott|Whimsicott, F|261\/261
|move|p1a: Hydreigon|U-turn|p2a: Whimsicott
|-damage|p2a: Whimsicott|199\/261
|
|switch|p1a: Aggron|Aggron, M|344\/344
|-damage|p1a: Aggron|323\/344|[from] Stealth Rock
|
|turn|8
|
|detailschange|p1a: Aggron|Aggron-Mega, M
|message|Aggron has Mega Evolved into Mega Aggron!
|move|p2a: Whimsicott|Taunt|p1a: Aggron
|-start|p1a: Aggron|move: Taunt
|cant|p1a: Aggron|move: Taunt|Stealth Rock
|
|turn|9
|
|move|p2a: Whimsicott|Hidden Power|p1a: Aggron
|-supereffective|p1a: Aggron
|-damage|p1a: Aggron|212\/344
|-damage|p2a: Whimsicott|173\/261|[from] item: Life Orb
|move|p1a: Aggron|Earthquake|p2a: Whimsicott
|-resisted|p2a: Whimsicott
|-damage|p2a: Whimsicott|92\/261
|
|turn|10
|
|move|p2a: Whimsicott|Hidden Power|p1a: Aggron
|-supereffective|p1a: Aggron
|-damage|p1a: Aggron|83\/344
|-damage|p2a: Whimsicott|66\/261|[from] item: Life Orb
|move|p1a: Aggron|Earthquake|p2a: Whimsicott
|-resisted|p2a: Whimsicott
|-damage|p2a: Whimsicott|0 fnt
|faint|p2a: Whimsicott
|
|-end|p1a: Aggron|move: Taunt
|
|switch|p2a: Salamence|Salamence, F|331\/331
|turn|11
|
|switch|p1a: Florges|Florges, F|323\/360
|-damage|p1a: Florges|278\/360|[from] Stealth Rock
|move|p2a: Salamence|Earthquake|p1a: Florges
|-damage|p1a: Florges|123\/360
|-damage|p2a: Salamence|298\/331|[from] item: Life Orb
|
|-heal|p1a: Florges|145\/360|[from] item: Leftovers
|turn|12
|
|switch|p1a: Hydreigon|Hydreigon, F, shiny|285\/325
|-damage|p1a: Hydreigon|245\/325|[from] Stealth Rock
|move|p2a: Salamence|Substitute|p2a: Salamence
|-start|p2a: Salamence|Substitute
|-damage|p2a: Salamence|216\/331
|
|turn|13
|
|move|p1a: Hydreigon|U-turn|p2a: Salamence
|-resisted|p2a: Salamence
|-activate|p2a: Salamence|Substitute|[damage]
|
|switch|p1a: Aggron|Aggron-Mega, M|83\/344
|-damage|p1a: Aggron|62\/344|[from] Stealth Rock
|move|p2a: Salamence|Dragon Dance|p2a: Salamence
|-boost|p2a: Salamence|atk|1
|-boost|p2a: Salamence|spe|1
|
|turn|14
|
|move|p2a: Salamence|Earthquake|p1a: Aggron
|-supereffective|p1a: Aggron
|-damage|p1a: Aggron|0 fnt
|-damage|p2a: Salamence|183\/331|[from] item: Life Orb
|faint|p1a: Aggron
|-boost|p2a: Salamence|atk|1|[from] ability: Moxie
|
|
|switch|p1a: Hydreigon|Hydreigon, F, shiny|245\/325
|-damage|p1a: Hydreigon|205\/325|[from] Stealth Rock
|turn|15
|
|move|p2a: Salamence|Dragon Claw|p1a: Hydreigon
|-supereffective|p1a: Hydreigon
|-damage|p1a: Hydreigon|0 fnt
|-damage|p2a: Salamence|150\/331|[from] item: Life Orb
|faint|p1a: Hydreigon
|-boost|p2a: Salamence|atk|1|[from] ability: Moxie
|
|-message|stuu forfeited.
|
|win|anchor management
|raw|Ladder updating...
|leave|stuu
|player|p1
|raw|stuu's rating: 1651 &rarr; <strong>1632<\/strong><br \/>(-19 for losing)
|raw|anchor management's rating: 1673 &rarr; <strong>1692<\/strong><br \/>(+19 for winning)
|leave|anchor management
|player|p2
|join|anchor management