|join|anchor management
|join|Nightmare Vampire
|player|p1|anchor management|271
|player|p2|Nightmare Vampire|189
|gametype|singles
|gen|6
|tier|UU
|rated
|rule|Sleep Clause Mod: Limit one foe put to sleep
|rule|Species Clause: Limit one of each Pokemon
|rule|OHKO Clause: OHKO moves are banned
|rule|Moody Clause: Moody is banned
|rule|Evasion Moves Clause: Evasion moves are banned
|rule|Endless Battle Clause: Forcing endless battles is banned.
|rule|HP Percentage Mod: HP is reported as percentages
|clearpoke
|poke|p1|Florges, F
|poke|p1|Flygon, M
|poke|p1|Kecleon, F
|poke|p1|Swampert, M
|poke|p1|Toxicroak, M
|poke|p1|Sigilyph, M
|poke|p2|Snorlax, M
|poke|p2|Suicune, shiny
|poke|p2|Sableye, M, shiny
|poke|p2|Crobat, F
|poke|p2|Florges, F, shiny
|poke|p2|Forretress, M
|teampreview
|chat|Nightmare Vampire|Oh well great
|chat|Nightmare Vampire|So much for getting 1500
|join|imcooked
|chat|Nightmare Vampire|Also hi AM
|
|start
|switch|p1a: Because|Kecleon, F|324\/324
|switch|p2a: Baebat|Crobat, F|331\/331
|turn|1
|chat|anchor management|d\/w
|chat|anchor management|this team is iffy
|
|move|p2a: Baebat|Taunt|p1a: Because
|-start|p1a: Because|move: Taunt
|cant|p1a: Because|move: Taunt|Recover
|
|turn|2
|
|move|p2a: Baebat|U-turn|p1a: Because
|-damage|p1a: Because|239\/324
|
|switch|p2a: Goldeneye|Sableye, M, shiny|303\/303
|-start|p1a: Because|typechange|Electric|[from] Protean
|move|p1a: Because|Thunderbolt|p2a: Goldeneye
|-damage|p2a: Goldeneye|210\/303
|
|-heal|p1a: Because|259\/324|[from] item: Leftovers
|-heal|p2a: Goldeneye|228\/303|[from] item: Leftovers
|turn|3
|chat|Nightmare Vampire|Special Kecleon
|c|âNightmare Vampire|!data Kecleon
|c|~|\/data-pokemon Kecleon

|join|Fagtias
|chat|Nightmare Vampire|Dat base 60 SpA doe
|
|switch|p1a: Florges|Florges, F|360\/360
|move|p2a: Goldeneye|Will-O-Wisp|p1a: Florges
|-status|p1a: Florges|brn
|
|-heal|p2a: Goldeneye|246\/303|[from] item: Leftovers
|-damage|p1a: Florges|315\/360 brn|[from] brn
|turn|4
|
|switch|p1a: Sigilyph|Sigilyph, M|340\/340
|switch|p2a: Peeping Tom|Forretress, M|353\/353
|
|turn|5
|chat|Fagtias|keke
|
|move|p1a: Sigilyph|Air Slash|p2a: Peeping Tom
|-damage|p2a: Peeping Tom|162\/353
|cant|p2a: Peeping Tom|flinch
|
|-heal|p2a: Peeping Tom|184\/353|[from] item: Leftovers
|turn|6
|join|calmed mind
|chat|Nightmare Vampire|Dx
|
|switch|p2a: Memory Foam|Snorlax, M|481\/481
|move|p1a: Sigilyph|Calm Mind|p1a: Sigilyph
|-boost|p1a: Sigilyph|spa|1
|-boost|p1a: Sigilyph|spd|1
|
|turn|7
|chat|Fagtias|it gets np bolt beam
|chat|Fagtias|not bad
|chat|Fagtias|+ stab
|
|move|p1a: Sigilyph|Psyshock|p2a: Memory Foam
|-damage|p2a: Memory Foam|267\/481
|move|p2a: Memory Foam|Body Slam|p1a: Sigilyph
|-damage|p1a: Sigilyph|210\/340
|-status|p1a: Sigilyph|par
|
|-heal|p2a: Memory Foam|297\/481|[from] item: Leftovers
|turn|8
|chat|Fagtias|calmed mind is a faggot nerd
|
|switch|p2a: Goldeneye|Sableye, M, shiny|246\/303
|switch|p1a: Swampert|Swampert, M|401\/401
|
|-heal|p2a: Goldeneye|264\/303|[from] item: Leftovers
|turn|9
|chat|anchor management|if you become electric via protean
|leave|imcooked
|chat|anchor management|i wonder if you lose para
|chat|calmed mind|fagtias is a nigger who sent me a dick pic
|chat|Fagtias|nah its like ditto
|
|move|p2a: Goldeneye|Will-O-Wisp|p1a: Swampert
|-status|p1a: Swampert|brn
|move|p1a: Swampert|Scald|p2a: Goldeneye
|-damage|p2a: Goldeneye|186\/303
|
|-heal|p2a: Goldeneye|204\/303|[from] item: Leftovers
|-damage|p1a: Swampert|351\/401 brn|[from] brn
|turn|10
|chat|calmed mind|sorry for racism
|join|anti-test
|chat|calmed mind|:{
|
|move|p1a: Swampert|Scald|p2a: Goldeneye
|-damage|p2a: Goldeneye|123\/303
|move|p2a: Goldeneye|Knock Off|p1a: Swampert
|-damage|p1a: Swampert|282\/401 brn
|-enditem|p1a: Swampert|Leftovers|[from] move: Knock Off|[of] p2a: Goldeneye
|
|-heal|p2a: Goldeneye|141\/303|[from] item: Leftovers
|-damage|p1a: Swampert|232\/401 brn|[from] brn
|turn|11
|
|switch|p1a: Florges|Florges, F|315\/360 brn
|move|p2a: Goldeneye|Recover|p2a: Goldeneye
|-heal|p2a: Goldeneye|293\/303
|
|-heal|p1a: Florges|337\/360 brn|[from] item: Leftovers
|-heal|p2a: Goldeneye|303\/303|[from] item: Leftovers
|-damage|p1a: Florges|292\/360 brn|[from] brn
|turn|12
|chat|Fagtias|>impblyog imbliciosn
|
|move|p2a: Goldeneye|Taunt|p1a: Florges
|-start|p1a: Florges|move: Taunt
|move|p1a: Florges|Moonblast|p2a: Goldeneye
|-supereffective|p2a: Goldeneye
|-damage|p2a: Goldeneye|51\/303
|-unboost|p2a: Goldeneye|spa|1
|
|-heal|p1a: Florges|314\/360 brn|[from] item: Leftovers
|-heal|p2a: Goldeneye|69\/303|[from] item: Leftovers
|-damage|p1a: Florges|269\/360 brn|[from] brn
|turn|13
|chat|Nightmare Vampire|:\/
|
|switch|p1a: Flygon|Flygon, M|301\/301
|switch|p2a: Baebat|Crobat, F|331\/331
|
|turn|14
|join|Dynamic So
|chat|anti-test|outpredicted
|
|move|p1a: Flygon|U-turn|p2a: Baebat
|-resisted|p2a: Baebat
|-damage|p2a: Baebat|311\/331
|
|switch|p1a: Swampert|Swampert, M|232\/401 brn
|move|p2a: Baebat|U-turn|p1a: Swampert
|-damage|p1a: Swampert|184\/401 brn
|
|switch|p2a: Goldeneye|Sableye, M, shiny|69\/303
|
|-heal|p2a: Goldeneye|87\/303|[from] item: Leftovers
|-damage|p1a: Swampert|134\/401 brn|[from] brn
|turn|15
|chat|Fagtias|nigr
|
|move|p2a: Goldeneye|Recover|p2a: Goldeneye
|-heal|p2a: Goldeneye|239\/303
|move|p1a: Swampert|Scald|p2a: Goldeneye
|-damage|p2a: Goldeneye|166\/303
|
|-heal|p2a: Goldeneye|184\/303|[from] item: Leftovers
|-damage|p1a: Swampert|84\/401 brn|[from] brn
|turn|16
|chat|calmed mind|racist
|chat|Nightmare Vampire|No burn
|chat|Nightmare Vampire|Wow
|
|switch|p2a: Colors of the Wind|Florges, F, shiny|359\/359
|move|p1a: Swampert|Stealth Rock|p2a: Colors of the Wind
|-sidestart|p2: Nightmare Vampire|move: Stealth Rock
|
|-damage|p1a: Swampert|34\/401 brn|[from] brn
|turn|17
|
|switch|p1a: Florges|Florges, F|269\/360 brn
|move|p2a: Colors of the Wind|Wish|p2a: Colors of the Wind
|
|-heal|p1a: Florges|291\/360 brn|[from] item: Leftovers
|-damage|p1a: Florges|246\/360 brn|[from] brn
|turn|18
|
|switch|p2a: Peeping Tom|Forretress, M|184\/353
|-damage|p2a: Peeping Tom|140\/353|[from] Stealth Rock
|move|p1a: Florges|Aromatherapy|p1a: Florges
|-cureteam|p1a: Florges|[from] move: Aromatherapy
|
|-heal|p2a: Peeping Tom|319\/353|[from] move: Wish|[wisher] Colors of the Wind
|-heal|p1a: Florges|268\/360|[from] item: Leftovers
|-heal|p2a: Peeping Tom|341\/353|[from] item: Leftovers
|turn|19
|
|switch|p1a: Sigilyph|Sigilyph, M|210\/340
|move|p2a: Peeping Tom|Rapid Spin|p1a: Sigilyph
|-damage|p1a: Sigilyph|197\/340
|-sideend|p2: Nightmare Vampire|Stealth Rock|[from] move: Rapid Spin|[of] p2a: Peeping Tom
|
|-heal|p2a: Peeping Tom|353\/353|[from] item: Leftovers
|turn|20
|
|move|p1a: Sigilyph|Roost|p1a: Sigilyph
|-heal|p1a: Sigilyph|340\/340
|move|p2a: Peeping Tom|Volt Switch|p1a: Sigilyph
|-damage|p1a: Sigilyph|299\/340
|join|Relentless Valor
|
|switch|p2a: Goldeneye|Sableye, M, shiny|184\/303
|
|-heal|p2a: Goldeneye|202\/303|[from] item: Leftovers
|turn|21
|
|switch|p1a: Swampert|Swampert, M|34\/401
|move|p2a: Goldeneye|Knock Off|p1a: Swampert
|-damage|p1a: Swampert|0 fnt
|faint|p1a: Swampert
|
|-heal|p2a: Goldeneye|220\/303|[from] item: Leftovers
|
|switch|p1a: Florges|Florges, F|268\/360
|turn|22
|
|switch|p2a: Peeping Tom|Forretress, M|353\/353
|move|p1a: Florges|Wish|p1a: Florges
|
|-heal|p1a: Florges|290\/360|[from] item: Leftovers
|turn|23
|
|switch|p1a: Sigilyph|Sigilyph, M|299\/340
|move|p2a: Peeping Tom|Stealth Rock|p1a: Sigilyph
|-sidestart|p1: anchor management|move: Stealth Rock
|
|-heal|p1a: Sigilyph|340\/340|[from] move: Wish|[wisher] Florges
|turn|24
|
|move|p1a: Sigilyph|Calm Mind|p1a: Sigilyph
|-boost|p1a: Sigilyph|spa|1
|-boost|p1a: Sigilyph|spd|1
|move|p2a: Peeping Tom|Volt Switch|p1a: Sigilyph
|-supereffective|p1a: Sigilyph
|-damage|p1a: Sigilyph|280\/340
|
|switch|p2a: Goldeneye|Sableye, M, shiny|220\/303
|
|-heal|p2a: Goldeneye|238\/303|[from] item: Leftovers
|turn|25
|
|move|p1a: Sigilyph|Air Slash|p2a: Goldeneye|[miss]
|-miss|p1a: Sigilyph|p2a: Goldeneye
|move|p2a: Goldeneye|Knock Off|p1a: Sigilyph
|-supereffective|p1a: Sigilyph
|-damage|p1a: Sigilyph|80\/340
|-enditem|p1a: Sigilyph|Life Orb|[from] move: Knock Off|[of] p2a: Goldeneye
|
|-heal|p2a: Goldeneye|256\/303|[from] item: Leftovers
|turn|26
|chat|Fagtias|hax
|chat|Nightmare Vampire|:\/
|chat|Fagtias|hax
|chat|Fagtias|hax
|chat|Nightmare Vampire|No burn and Air Slash miss
|chat|Fagtias|hax
|chat|Fagtias|hax
|chat|Nightmare Vampire|Lol Fatias has it right
|
|move|p1a: Sigilyph|Air Slash|p2a: Goldeneye
|-damage|p2a: Goldeneye|111\/303
|move|p2a: Goldeneye|Knock Off|p1a: Sigilyph
|-supereffective|p1a: Sigilyph
|-damage|p1a: Sigilyph|0 fnt
|faint|p1a: Sigilyph
|
|-heal|p2a: Goldeneye|129\/303|[from] item: Leftovers
|
|switch|p1a: Florges|Florges, F|290\/360
|-damage|p1a: Florges|245\/360|[from] Stealth Rock
|turn|27
|
|switch|p2a: Peeping Tom|Forretress, M|353\/353
|move|p1a: Florges|Moonblast|p2a: Peeping Tom
|-resisted|p2a: Peeping Tom
|-damage|p2a: Peeping Tom|260\/353
|
|-heal|p1a: Florges|267\/360|[from] item: Leftovers
|-heal|p2a: Peeping Tom|282\/353|[from] item: Leftovers
|turn|28
|
|move|p1a: Florges|Wish|p1a: Florges
|move|p2a: Peeping Tom|Spikes|p1a: Florges
|-sidestart|p1: anchor management|Spikes
|
|-heal|p1a: Florges|289\/360|[from] item: Leftovers
|-heal|p2a: Peeping Tom|304\/353|[from] item: Leftovers
|turn|29
|chat|Fagtias|am if u lose to nv
|chat|Fagtias|u should quit
|chat|anchor management|i don't care
|chat|Nightmare Vampire|Thanks Fatias, <_<
|
|switch|p1a: Because|Kecleon, F|259\/324
|-damage|p1a: Because|219\/324|[from] Stealth Rock
|-damage|p1a: Because|179\/324|[from] Spikes
|switch|p2a: Baebat|Crobat, F|311\/331
|
|-heal|p1a: Because|324\/324|[from] move: Wish|[wisher] Florges
|-heal|p2a: Baebat|331\/331|[from] item: Black Sludge
|turn|30
|chat|anchor management|also nice way to indirectly insult
|chat|Nightmare Vampire|Ikr?
|
|move|p2a: Baebat|U-turn|p1a: Because
|-damage|p1a: Because|231\/324
|
|switch|p2a: Colors of the Wind|Florges, F, shiny|359\/359
|-start|p1a: Because|typechange|Dark|[from] Protean
|move|p1a: Because|Nasty Plot|p1a: Because
|-boost|p1a: Because|spa|2
|
|-heal|p1a: Because|251\/324|[from] item: Leftovers
|turn|31
|chat|Fagtias|lol
|chat|Nightmare Vampire|:O
|chat|Dynamic So|nb
|
|move|p2a: Colors of the Wind|Moonblast|p1a: Because
|-supereffective|p1a: Because
|-damage|p1a: Because|53\/324
|-start|p1a: Because|typechange|Normal|[from] Protean
|move|p1a: Because|Recover|p1a: Because
|-heal|p1a: Because|215\/324
|
|-heal|p1a: Because|235\/324|[from] item: Leftovers
|turn|32
|chat|Fagtias|rekt
|chat|Nightmare Vampire|I lose
|
|move|p2a: Colors of the Wind|Wish|p2a: Colors of the Wind
|move|p1a: Because|Recover|p1a: Because
|-heal|p1a: Because|324\/324
|
|turn|33
|chat|Nightmare Vampire|NP Kecleon
|
|switch|p2a: Memory Foam|Snorlax, M|297\/481
|-start|p1a: Because|typechange|Electric|[from] Protean
|move|p1a: Because|Thunderbolt|p2a: Memory Foam
|-damage|p2a: Memory Foam|168\/481
|
|-heal|p2a: Memory Foam|347\/481|[from] move: Wish|[wisher] Colors of the Wind
|-heal|p2a: Memory Foam|377\/481|[from] item: Leftovers
|turn|34
|
|-start|p1a: Because|typechange|Dark|[from] Protean
|move|p1a: Because|Nasty Plot|p1a: Because
|-boost|p1a: Because|spa|2
|move|p2a: Memory Foam|Body Slam|p1a: Because
|-damage|p1a: Because|180\/324
|
|-heal|p1a: Because|200\/324|[from] item: Leftovers
|-heal|p2a: Memory Foam|407\/481|[from] item: Leftovers
|turn|35
|
|-start|p1a: Because|typechange|Electric|[from] Protean
|move|p1a: Because|Thunderbolt|p2a: Memory Foam
|-damage|p2a: Memory Foam|218\/481
|move|p2a: Memory Foam|Body Slam|p1a: Because
|-damage|p1a: Because|59\/324
|
|-heal|p1a: Because|79\/324|[from] item: Leftovers
|-heal|p2a: Memory Foam|248\/481|[from] item: Leftovers
|turn|36
|chat|Nightmare Vampire|No burnsfor you = no para for me
|
|-start|p1a: Because|typechange|Normal|[from] Protean
|move|p1a: Because|Recover|p1a: Because
|-heal|p1a: Because|241\/324
|move|p2a: Memory Foam|Body Slam|p1a: Because
|-damage|p1a: Because|102\/324
|-status|p1a: Because|par
|
|-heal|p2a: Memory Foam|278\/481|[from] item: Leftovers
|-heal|p1a: Because|122\/324 par|[from] item: Leftovers
|turn|37
|chat|Fagtias|body slam is a fgt move
|chat|anti-test|lel
|chat|Fagtias|see
|chat|Nightmare Vampire|Let's see
|
|switch|p1a: Flygon|Flygon, M|301\/301
|-damage|p1a: Flygon|283\/301|[from] Stealth Rock
|move|p2a: Memory Foam|Body Slam|p1a: Flygon
|-damage|p1a: Flygon|141\/301
|-status|p1a: Flygon|par
|
|-heal|p2a: Memory Foam|308\/481|[from] item: Leftovers
|turn|38
|chat|Fagtias|REALLY
|chat|Nightmare Vampire|I forgot you were "Electric"
|chat|anti-test|rng gaming
|chat|Fagtias|COME ON
|chat|Fagtias|WOW
|
|move|p1a: Flygon|Defog|p2a: Memory Foam
|-unboost|p2a: Memory Foam|evasion|1
|-sideend|p1: anchor management|Spikes|[from] move: Defog|[of] p1a: Flygon
|-sideend|p1: anchor management|Stealth Rock|[from] move: Defog|[of] p1a: Flygon
|move|p2a: Memory Foam|Curse|p2a: Memory Foam
|-boost|p2a: Memory Foam|atk|1
|-boost|p2a: Memory Foam|def|1
|-unboost|p2a: Memory Foam|spe|1
|
|-heal|p2a: Memory Foam|338\/481|[from] item: Leftovers
|turn|39
|
|switch|p1a: Toxicroak|Toxicroak, M|345\/345
|move|p2a: Memory Foam|Curse|p2a: Memory Foam
|-boost|p2a: Memory Foam|atk|1
|-boost|p2a: Memory Foam|def|1
|-unboost|p2a: Memory Foam|spe|1
|
|-heal|p2a: Memory Foam|368\/481|[from] item: Leftovers
|turn|40
|
|move|p1a: Toxicroak|Swords Dance|p1a: Toxicroak
|-boost|p1a: Toxicroak|atk|2
|move|p2a: Memory Foam|Body Slam|p1a: Toxicroak
|-damage|p1a: Toxicroak|30\/345
|-status|p1a: Toxicroak|par
|
|-heal|p2a: Memory Foam|398\/481|[from] item: Leftovers
|turn|41
|chat|anti-test|hahaha
|chat|anti-test|gg
|
|cant|p1a: Toxicroak|par
|move|p2a: Memory Foam|Body Slam|p1a: Toxicroak
|-crit|p1a: Toxicroak
|-damage|p1a: Toxicroak|0 fnt
|faint|p1a: Toxicroak
|
|-heal|p2a: Memory Foam|428\/481|[from] item: Leftovers
|chat|Fagtias|body slam is a fgt move
|chat|Nightmare Vampire|Man
|chat|Fagtias|body slam is a fgt move
|-message|anchor management forfeited.
|
|win|Nightmare Vampire
|raw|Ladder updating...
|leave|anchor management
|player|p1
|chat|Nightmare Vampire|The hax is too real
|raw|anchor management's rating: 1636 &rarr; <strong>1608<\/strong><br \/>(-28 for losing)
|raw|Nightmare Vampire's rating: 1492 &rarr; <strong>1520<\/strong><br \/>(+28 for winning)
|chat|Nightmare Vampire|Even for me
|leave|Fagtias
|leave|Dynamic So
|leave|anti-test
|leave|Relentless Valor