|join|xMarth
|join|anchor management
|player|p1|xMarth|153
|player|p2|anchor management|271
|gametype|singles
|gen|6
|tier|UU
|rated
|rule|Sleep Clause Mod: Limit one foe put to sleep
|rule|Species Clause: Limit one of each PokÃ©mon
|rule|OHKO Clause: OHKO moves are banned
|rule|Moody Clause: Moody is banned
|rule|Evasion Moves Clause: Evasion moves are banned
|rule|Endless Battle Clause: Forcing endless battles is banned
|rule|HP Percentage Mod: HP is shown in percentages
|clearpoke
|poke|p1|Cresselia, F
|poke|p1|Dugtrio, M
|poke|p1|Noivern, M
|poke|p1|Cobalion
|poke|p1|Florges, F
|poke|p1|Tentacruel, F
|poke|p2|Haxorus, F
|poke|p2|Lucario, M
|poke|p2|Hawlucha, F
|poke|p2|Crobat, F
|poke|p2|Azelf, shiny
|poke|p2|Fletchinder, M
|rule|Swagger Clause: Swagger is banned
|rule|Baton Pass Clause: Limit one PokÃ©mon knowing Baton Pass
|teampreview
|
|start
|switch|p1a: Cobalion|Cobalion|323\/323
|switch|p2a: Azelf|Azelf, shiny|291\/291
|turn|1
|
|move|p2a: Azelf|Taunt|p1a: Cobalion
|-start|p1a: Cobalion|move: Taunt
|move|p1a: Cobalion|Volt Switch|p2a: Azelf
|-damage|p2a: Azelf|226\/291
|
|switch|p1a: Noivern|Noivern, M|311\/311
|
|turn|2
|
|move|p1a: Noivern|Draco Meteor|p2a: Azelf
|-crit|p2a: Azelf
|-damage|p2a: Azelf|0 fnt
|-unboost|p1a: Noivern|spa|2
|faint|p2a: Azelf
|
|
|switch|p2a: Fletchinder|Fletchinder, M|291\/291
|turn|3
|
|move|p1a: Noivern|U-turn|p2a: Fletchinder
|-resisted|p2a: Fletchinder
|-damage|p2a: Fletchinder|278\/291
|
|switch|p1a: Tentacruel|Tentacruel, F|364\/364
|move|p2a: Fletchinder|Will-O-Wisp|p1a: Tentacruel|[miss]
|-miss|p2a: Fletchinder|p1a: Tentacruel
|
|turn|4
|
|switch|p2a: Haxorus|Haxorus, F|307\/307
|-ability|p2a: Haxorus|Mold Breaker
|move|p1a: Tentacruel|Scald|p2a: Haxorus
|-crit|p2a: Haxorus
|-resisted|p2a: Haxorus
|-damage|p2a: Haxorus|232\/307
|
|turn|5
|
|switch|p1a: Florges|Florges, F|360\/360
|move|p2a: Haxorus|Dragon Dance|p2a: Haxorus
|-boost|p2a: Haxorus|atk|1
|-boost|p2a: Haxorus|spe|1
|
|turn|6
|
|switch|p2a: Crobat|Crobat, F|331\/331
|move|p1a: Florges|Moonblast|p2a: Crobat
|-resisted|p2a: Crobat
|-damage|p2a: Crobat|259\/331
|
|turn|7
|
|switch|p1a: Dugtrio|Dugtrio, M|212\/212
|move|p2a: Crobat|Brave Bird|p1a: Dugtrio
|-damage|p1a: Dugtrio|0 fnt
|-damage|p2a: Crobat|189\/331|[from] recoil|[of] p1a: Dugtrio
|faint|p1a: Dugtrio
|
|
|switch|p1a: Cobalion|Cobalion|323\/323
|turn|8
|
|move|p2a: Crobat|Brave Bird|p1a: Cobalion
|-damage|p1a: Cobalion|128\/323
|-damage|p2a: Crobat|125\/331|[from] recoil|[of] p1a: Cobalion
|move|p1a: Cobalion|Stealth Rock|p2a: Crobat
|-sidestart|p2: anchor management|move: Stealth Rock
|
|-heal|p1a: Cobalion|148\/323|[from] item: Leftovers
|turn|9
|
|move|p2a: Crobat|Brave Bird|p1a: Cobalion
|-damage|p1a: Cobalion|0 fnt
|-damage|p2a: Crobat|76\/331|[from] recoil|[of] p1a: Cobalion
|faint|p1a: Cobalion
|
|
|switch|p1a: Noivern|Noivern, M|311\/311
|turn|10
|
|move|p1a: Noivern|Flamethrower|p2a: Crobat
|-damage|p2a: Crobat|0 fnt
|faint|p2a: Crobat
|
|
|switch|p2a: Fletchinder|Fletchinder, M|278\/291
|-damage|p2a: Fletchinder|133\/291|[from] Stealth Rock
|turn|11
|
|switch|p1a: Tentacruel|Tentacruel, F|364\/364
|move|p2a: Fletchinder|Acrobatics|p1a: Tentacruel
|-damage|p1a: Tentacruel|223\/364
|
|-heal|p1a: Tentacruel|245\/364|[from] item: Black Sludge
|turn|12
|join|EyanZ
|
|move|p2a: Fletchinder|Acrobatics|p1a: Tentacruel
|-damage|p1a: Tentacruel|112\/364
|move|p1a: Tentacruel|Scald|p2a: Fletchinder
|-supereffective|p2a: Fletchinder
|-damage|p2a: Fletchinder|0 fnt
|faint|p2a: Fletchinder
|
|-heal|p1a: Tentacruel|134\/364|[from] item: Black Sludge
|
|switch|p2a: Hawlucha|Hawlucha, F|321\/321
|-damage|p2a: Hawlucha|281\/321|[from] Stealth Rock
|turn|13
|
|move|p2a: Hawlucha|Swords Dance|p2a: Hawlucha
|-boost|p2a: Hawlucha|atk|2
|move|p1a: Tentacruel|Scald|p2a: Hawlucha
|-damage|p2a: Hawlucha|161\/321
|-status|p2a: Hawlucha|brn
|
|-heal|p1a: Tentacruel|156\/364|[from] item: Black Sludge
|-damage|p2a: Hawlucha|121\/321 brn|[from] brn
|-enditem|p2a: Hawlucha|Sitrus Berry|[eat]
|-heal|p2a: Hawlucha|201\/321 brn|[from] item: Sitrus Berry
|turn|14
|
|move|p2a: Hawlucha|Swords Dance|p2a: Hawlucha
|-boost|p2a: Hawlucha|atk|2
|move|p1a: Tentacruel|Scald|p2a: Hawlucha
|-damage|p2a: Hawlucha|96\/321 brn
|
|-heal|p1a: Tentacruel|178\/364|[from] item: Black Sludge
|-damage|p2a: Hawlucha|56\/321 brn|[from] brn
|turn|15
|
|move|p2a: Hawlucha|Acrobatics|p1a: Tentacruel
|-damage|p1a: Tentacruel|0 fnt
|faint|p1a: Tentacruel
|
|-damage|p2a: Hawlucha|16\/321 brn|[from] brn
|
|switch|p1a: Florges|Florges, F|360\/360
|turn|16
|-message|anchor management forfeited.
|
|win|xMarth
|raw|Ladder updating...
|leave|anchor management
|player|p2
|raw|xMarth's rating: 1641 &rarr; <strong>1657<\/strong><br \/>(+16 for winning)
|raw|anchor management's rating: 1564 &rarr; <strong>1549<\/strong><br \/>(-15 for losing)
|leave|xMarth
|player|p1