|join|King UU
|join|anchor management
|player|p1|King UU|10
|player|p2|anchor management|271
|gametype|singles
|gen|6
|tier|UU
|rated
|rule|Sleep Clause Mod: Limit one foe put to sleep
|rule|Species Clause: Limit one of each PokÃ©mon
|rule|OHKO Clause: OHKO moves are banned
|rule|Moody Clause: Moody is banned
|rule|Evasion Moves Clause: Evasion moves are banned
|rule|Endless Battle Clause: Forcing endless battles is banned
|rule|HP Percentage Mod: HP is shown in percentages
|clearpoke
|poke|p1|Victini
|poke|p1|Ampharos, M
|poke|p1|Forretress, F
|poke|p1|Swampert, M
|poke|p1|Umbreon, M
|poke|p1|Crobat, M
|poke|p2|Kingdra, F
|poke|p2|Tornadus, M
|poke|p2|Ampharos, M
|poke|p2|Smeargle, M
|poke|p2|Kabutops, M
|poke|p2|Sableye, F
|rule|Swagger Clause: Swagger is banned
|rule|Baton Pass Clause: Limit one PokÃ©mon knowing Baton Pass
|teampreview
|join|Lixx
|c|âKing UU|erm
|c|âKing UU|anger?
|c|âKing UU|should I.... timer?
|c|âanchor management|im here d\/w
|c|âKing UU|I will wait 2 minutes before stealing your points
|
|start
|switch|p1a: Forretress|Forretress, F|354\/354
|switch|p2a: Ampharos|Ampharos, M|321\/321
|turn|1
|
|detailschange|p2a: Ampharos|Ampharos-Mega, M
|message|Ampharos has Mega Evolved into Mega Ampharos!
|-ability|p2a: Ampharos|Mold Breaker
|move|p2a: Ampharos|Thunder|p1a: Forretress
|-damage|p1a: Forretress|0 fnt
|faint|p1a: Forretress
|
|
|switch|p1a: Ampharos|Ampharos, M|374\/374
|turn|2
|
|switch|p2a: Smeargle|Smeargle, M|314\/314
|detailschange|p1a: Ampharos|Ampharos-Mega, M
|message|Ampharos has Mega Evolved into Mega Ampharos!
|-ability|p1a: Ampharos|Mold Breaker
|move|p1a: Ampharos|Dragon Pulse|p2a: Smeargle
|-enditem|p2a: Smeargle|Focus Sash
|-damage|p2a: Smeargle|1\/314
|
|turn|3
|
|switch|p1a: Umbreon|Umbreon, M|394\/394
|move|p2a: Smeargle|Spore|p1a: Umbreon
|-status|p1a: Umbreon|slp
|
|turn|4
|
|cant|p1a: Umbreon|slp
|move|p2a: Smeargle|Stealth Rock|p1a: Umbreon
|-sidestart|p1: King UU|move: Stealth Rock
|
|turn|5
|join|DaGoldBrick
|
|move|p2a: Smeargle|Spikes|p1a: Umbreon
|-sidestart|p1: King UU|Spikes
|cant|p1a: Umbreon|slp
|
|turn|6
|
|switch|p2a: Sableye|Sableye, F|304\/304
|switch|p1a: Crobat|Crobat, M|331\/331
|-damage|p1a: Crobat|249\/331|[from] Stealth Rock
|
|turn|7
|
|move|p2a: Sableye|Taunt|p1a: Crobat
|-start|p1a: Crobat|move: Taunt
|cant|p1a: Crobat|move: Taunt|Defog
|
|turn|8
|
|move|p1a: Crobat|U-turn|p2a: Sableye
|-damage|p2a: Sableye|215\/304
|
|switch|p1a: Ampharos|Ampharos-Mega, M|374\/374
|-damage|p1a: Ampharos|328\/374|[from] Stealth Rock
|-damage|p1a: Ampharos|282\/374|[from] Spikes
|-ability|p1a: Ampharos|Mold Breaker
|move|p2a: Sableye|Knock Off|p1a: Ampharos
|-damage|p1a: Ampharos|219\/374
|
|turn|9
|c|âanchor management|oh its not scarf anymore
|c|âKing UU|tis
|c|âKing UU|but taunt
|join|boTTTTTTTTTT
|c|âanchor management|o
|c|âKing UU|makes me not use move
|
|switch|p2a: Smeargle|Smeargle, M|1\/314
|move|p1a: Ampharos|Volt Switch|p2a: Smeargle
|-damage|p2a: Smeargle|0 fnt
|faint|p2a: Smeargle
|c|âKing UU|so I can pick
|
|switch|p1a: Crobat|Crobat, M|249\/331
|-damage|p1a: Crobat|167\/331|[from] Stealth Rock
|
|
|switch|p2a: Sableye|Sableye, F|215\/304
|turn|10
|
|move|p2a: Sableye|Taunt|p1a: Crobat
|-start|p1a: Crobat|move: Taunt
|move|p1a: Crobat|Brave Bird|p2a: Sableye
|-damage|p2a: Sableye|0 fnt
|-damage|p1a: Crobat|96\/331|[from] recoil|[of] p2a: Sableye
|faint|p2a: Sableye
|
|leave|Lixx
|join|Lixx
|
|switch|p2a: Liquid Swords|Kabutops, M|261\/261
|turn|11
|
|switch|p1a: Swampert|Swampert, M|404\/404
|-damage|p1a: Swampert|379\/404|[from] Stealth Rock
|-damage|p1a: Swampert|329\/404|[from] Spikes
|move|p2a: Liquid Swords|Aqua Jet|p1a: Swampert
|-damage|p1a: Swampert|259\/404
|-damage|p2a: Liquid Swords|235\/261|[from] item: Life Orb
|
|-heal|p1a: Swampert|284\/404|[from] item: Leftovers
|turn|12
|join|feng
|
|switch|p2a: Tornadus|Tornadus, M|299\/299
|move|p1a: Swampert|Stealth Rock|p2a: Tornadus
|-sidestart|p2: anchor management|move: Stealth Rock
|
|-heal|p1a: Swampert|309\/404|[from] item: Leftovers
|turn|13
|
|switch|p1a: Crobat|Crobat, M|96\/331
|-damage|p1a: Crobat|14\/331|[from] Stealth Rock
|move|p2a: Tornadus|Hurricane|p1a: Crobat
|-damage|p1a: Crobat|0 fnt
|faint|p1a: Crobat
|
|c| Lixx|luqiicity n.n
|c| feng|get shrekt
|
|switch|p1a: Victini|Victini|341\/341
|-damage|p1a: Victini|299\/341|[from] Spikes
|-damage|p1a: Victini|214\/341|[from] Stealth Rock
|turn|14
|
|move|p2a: Tornadus|Rain Dance|p2a: Tornadus
|-weather|RainDance
|move|p1a: Victini|Bolt Strike|p2a: Tornadus
|-supereffective|p2a: Tornadus
|-damage|p2a: Tornadus|0 fnt
|faint|p2a: Tornadus
|
|-weather|RainDance|[upkeep]
|
|switch|p2a: Ampharos|Ampharos-Mega, M|321\/321
|-damage|p2a: Ampharos|281\/321|[from] Stealth Rock
|-ability|p2a: Ampharos|Mold Breaker
|turn|15
|
|switch|p1a: Ampharos|Ampharos-Mega, M|219\/374
|-damage|p1a: Ampharos|173\/374|[from] Stealth Rock
|-damage|p1a: Ampharos|127\/374|[from] Spikes
|-ability|p1a: Ampharos|Mold Breaker
|move|p2a: Ampharos|Agility|p2a: Ampharos
|-boost|p2a: Ampharos|spe|2
|
|-weather|RainDance|[upkeep]
|turn|16
|
|move|p2a: Ampharos|Dragon Pulse|p1a: Ampharos
|-supereffective|p1a: Ampharos
|-damage|p1a: Ampharos|0 fnt
|faint|p1a: Ampharos
|
|-weather|RainDance|[upkeep]
|c| feng|nb
|
|switch|p1a: Swampert|Swampert, M|309\/404
|-damage|p1a: Swampert|284\/404|[from] Stealth Rock
|-damage|p1a: Swampert|234\/404|[from] Spikes
|turn|17
|
|move|p2a: Ampharos|Hidden Power|p1a: Swampert
|-supereffective|p1a: Swampert
|-damage|p1a: Swampert|0 fnt
|faint|p1a: Swampert
|
|-weather|RainDance|[upkeep]
|
|switch|p1a: Umbreon|Umbreon, M|394\/394 slp
|-damage|p1a: Umbreon|345\/394 slp|[from] Stealth Rock
|-damage|p1a: Umbreon|296\/394 slp|[from] Spikes
|turn|18
|
|move|p2a: Ampharos|Thunder|p1a: Umbreon
|-damage|p1a: Umbreon|145\/394 slp
|-curestatus|p1a: Umbreon|slp
|move|p1a: Umbreon|Wish|p1a: Umbreon
|
|-weather|RainDance|[upkeep]
|-heal|p1a: Umbreon|169\/394|[from] item: Leftovers
|turn|19
|
|move|p2a: Ampharos|Thunder|p1a: Umbreon
|-damage|p1a: Umbreon|15\/394
|move|p1a: Umbreon|Foul Play|p2a: Ampharos
|-damage|p2a: Ampharos|205\/321
|
|-weather|RainDance|[upkeep]
|-heal|p1a: Umbreon|212\/394|[from] move: Wish|[wisher] Umbreon
|-heal|p1a: Umbreon|236\/394|[from] item: Leftovers
|turn|20
|c|âanchor management|that is mad weak
|
|move|p1a: Umbreon|Protect|p1a: Umbreon
|-singleturn|p1a: Umbreon|Protect
|move|p2a: Ampharos|Thunder|p1a: Umbreon
|-activate|p1a: Umbreon|Protect
|
|-weather|RainDance|[upkeep]
|-heal|p1a: Umbreon|260\/394|[from] item: Leftovers
|turn|21
|
|move|p2a: Ampharos|Thunder|p1a: Umbreon
|-damage|p1a: Umbreon|104\/394
|-status|p1a: Umbreon|par
|move|p1a: Umbreon|Wish|p1a: Umbreon
|
|-weather|none
|-heal|p1a: Umbreon|128\/394 par|[from] item: Leftovers
|turn|22
|c|âKing UU|You're a mad rebel
|
|move|p1a: Umbreon|Protect|p1a: Umbreon
|-singleturn|p1a: Umbreon|Protect
|move|p2a: Ampharos|Thunder|p1a: Umbreon
|-activate|p1a: Umbreon|Protect
|
|-heal|p1a: Umbreon|325\/394 par|[from] move: Wish|[wisher] Umbreon
|-heal|p1a: Umbreon|349\/394 par|[from] item: Leftovers
|turn|23
|
|move|p2a: Ampharos|Thunder|p1a: Umbreon|[miss]
|-miss|p2a: Ampharos|p1a: Umbreon
|move|p1a: Umbreon|Heal Bell|p1a: Umbreon
|-cureteam|p1a: Umbreon|[from] move: HealBell
|
|-heal|p1a: Umbreon|373\/394|[from] item: Leftovers
|turn|24
|
|move|p2a: Ampharos|Thunder|p1a: Umbreon
|-damage|p1a: Umbreon|222\/394
|-status|p1a: Umbreon|par
|move|p1a: Umbreon|Foul Play|p2a: Ampharos
|-damage|p2a: Ampharos|124\/321
|
|-heal|p1a: Umbreon|246\/394 par|[from] item: Leftovers
|turn|25
|
|move|p2a: Ampharos|Thunder|p1a: Umbreon|[miss]
|-miss|p2a: Ampharos|p1a: Umbreon
|move|p1a: Umbreon|Wish|p1a: Umbreon
|
|-heal|p1a: Umbreon|270\/394 par|[from] item: Leftovers
|turn|26
|
|move|p2a: Ampharos|Thunder|p1a: Umbreon
|-damage|p1a: Umbreon|113\/394 par
|move|p1a: Umbreon|Heal Bell|p1a: Umbreon
|-cureteam|p1a: Umbreon|[from] move: HealBell
|
|-heal|p1a: Umbreon|310\/394|[from] move: Wish|[wisher] Umbreon
|-heal|p1a: Umbreon|334\/394|[from] item: Leftovers
|turn|27
|
|move|p2a: Ampharos|Thunder|p1a: Umbreon
|-damage|p1a: Umbreon|169\/394
|-status|p1a: Umbreon|par
|cant|p1a: Umbreon|par
|
|-heal|p1a: Umbreon|193\/394 par|[from] item: Leftovers
|turn|28
|c|âKing UU|STOP
|c|âanchor management|lol
|c| feng|para here
|
|move|p2a: Ampharos|Thunder|p1a: Umbreon
|-damage|p1a: Umbreon|42\/394 par
|move|p1a: Umbreon|Wish|p1a: Umbreon
|
|-heal|p1a: Umbreon|66\/394 par|[from] item: Leftovers
|turn|29
|c| feng|and hit 2 thunders
|
|move|p1a: Umbreon|Protect|p1a: Umbreon
|-singleturn|p1a: Umbreon|Protect
|move|p2a: Ampharos|Dragon Pulse|p1a: Umbreon
|-activate|p1a: Umbreon|Protect
|
|-heal|p1a: Umbreon|263\/394 par|[from] move: Wish|[wisher] Umbreon
|-heal|p1a: Umbreon|287\/394 par|[from] item: Leftovers
|turn|30
|
|move|p2a: Ampharos|Thunder|p1a: Umbreon
|-crit|p1a: Umbreon
|-damage|p1a: Umbreon|41\/394 par
|cant|p1a: Umbreon|par
|
|-heal|p1a: Umbreon|65\/394 par|[from] item: Leftovers
|turn|31
|c| feng|nb
|c|âKing UU|jesus
|c|âKing UU|anger
|c|âKing UU|that's not even
|c|âKing UU|like
|c|âKing UU|I was
|join|lixx is my grill
|c|âKing UU|gonna win
|leave|Lixx
|c|âKing UU|blegh
|join|Lixx
|
|move|p1a: Umbreon|Protect|p1a: Umbreon
|-singleturn|p1a: Umbreon|Protect
|move|p2a: Ampharos|Dragon Pulse|p1a: Umbreon
|-activate|p1a: Umbreon|Protect
|
|-heal|p1a: Umbreon|89\/394 par|[from] item: Leftovers
|turn|32
|c|âanchor management|king are you trying to achieve rank
|c|âKing UU|yes
|c|âanchor management|because this acc is p. shitty
|c|âanchor management|idc
|c|âKing UU|oh um
|c|âKing UU|only if it your
|c|âKing UU|hearts desire
|
|move|p2a: Ampharos|Dragon Pulse|p1a: Umbreon
|-damage|p1a: Umbreon|0 fnt
|faint|p1a: Umbreon
|
|c|âanchor management|lol
|
|switch|p1a: Victini|Victini|214\/341
|-damage|p1a: Victini|172\/341|[from] Spikes
|-damage|p1a: Victini|87\/341|[from] Stealth Rock
|turn|33
|c|âanchor management|i will
|-message|anchor management forfeited.
|
|win|King UU
|raw|Ladder updating...
|raw|King UU's rating: 1681 &rarr; <strong>1693<\/strong><br \/>(+12 for winning)
|raw|anchor management's rating: 1536 &rarr; <strong>1524<\/strong><br \/>(-12 for losing)
|c| Lixx|good guy anchor
|leave|anchor management
|player|p2
|leave|DaGoldBrick
|leave|Lixx
|leave|feng
|leave|King UU
|player|p1
|join|Lixx
|leave|Lixx
|leave|lixx is my grill
|join|lixx is my grill