|join|DMT
|join|anchor management
|player|p1|DMT|184
|player|p2|anchor management|271
|gametype|singles
|gen|6
|tier|UU
|rated
|rule|Sleep Clause Mod: Limit one foe put to sleep
|rule|Species Clause: Limit one of each PokÃ©mon
|rule|OHKO Clause: OHKO moves are banned
|rule|Moody Clause: Moody is banned
|rule|Evasion Moves Clause: Evasion moves are banned
|rule|Endless Battle Clause: Forcing endless battles is banned
|rule|HP Percentage Mod: HP is shown in percentages
|clearpoke
|poke|p1|Shedinja
|poke|p1|Absol, F
|poke|p1|Xatu, F
|poke|p1|Cobalion
|poke|p1|Archeops, F
|poke|p1|Tentacruel, F
|poke|p2|Suicune
|poke|p2|Lucario, M
|poke|p2|Nidoqueen, F
|poke|p2|Crobat, F
|poke|p2|Azelf, shiny
|poke|p2|Absol, F
|rule|Swagger Clause: Swagger is banned
|rule|Baton Pass Clause: Limit one PokÃ©mon knowing Baton Pass
|teampreview
|c|âDMT|fuk
|c|âDMT|bl dnt hf
|c|âanchor management|:o
|c|âanchor management|i wish i didn't drop hax now
|c|âDMT|lolol
|
|start
|switch|p1a: Redneck|Archeops, F|291\/291
|switch|p2a: Azelf|Azelf, shiny|291\/291
|turn|1
|
|move|p1a: Redneck|U-turn|p2a: Azelf
|-supereffective|p2a: Azelf
|-damage|p2a: Azelf|71\/291
|
|switch|p1a: DOOT DOOT|Xatu, F|334\/334
|move|p2a: Azelf|Knock Off|p1a: DOOT DOOT
|-supereffective|p1a: DOOT DOOT
|-damage|p1a: DOOT DOOT|146\/334
|-damage|p2a: Azelf|23\/291|[from] item: Rocky Helmet|[of] p1a: DOOT DOOT
|-enditem|p1a: DOOT DOOT|Rocky Helmet|[from] move: Knock Off|[of] p2a: Azelf
|
|turn|2
|
|switch|p2a: Crobat|Crobat, F|325\/325
|move|p1a: DOOT DOOT|Roost|p1a: DOOT DOOT
|-heal|p1a: DOOT DOOT|313\/334
|
|turn|3
|
|move|p2a: Crobat|Brave Bird|p1a: DOOT DOOT
|-damage|p1a: DOOT DOOT|73\/334
|-damage|p2a: Crobat|246\/325|[from] recoil|[of] p1a: DOOT DOOT
|move|p1a: DOOT DOOT|U-turn|p2a: Crobat
|-resisted|p2a: Crobat
|-damage|p2a: Crobat|236\/325
|join|Night Mare Vampire
|
|switch|p1a: Combat Clothes|Cobalion|386\/386
|
|turn|4
|
|move|p2a: Crobat|Brave Bird|p1a: Combat Clothes
|-damage|p1a: Combat Clothes|190\/386
|-damage|p2a: Crobat|171\/325|[from] recoil|[of] p1a: Combat Clothes
|move|p1a: Combat Clothes|Iron Head|p2a: Crobat
|-damage|p2a: Crobat|68\/325
|
|turn|5
|c|âDMT|plz stop
|c|âDMT|ur hurting me
|
|switch|p1a: DOOT DOOT|Xatu, F|73\/334
|move|p2a: Crobat|Brave Bird|p1a: DOOT DOOT
|-damage|p1a: DOOT DOOT|0 fnt
|-damage|p2a: Crobat|44\/325|[from] recoil|[of] p1a: DOOT DOOT
|faint|p1a: DOOT DOOT
|
|
|switch|p1a: Win Condition|Shedinja|1\/1
|turn|6
|join|hophipislegit
|c|âDMT|if you have helmet cune
|c|âDMT|or something
|c|âDMT|i will be upset
|
|move|p1a: Win Condition|Shadow Sneak|p2a: Crobat
|-damage|p2a: Crobat|0 fnt
|faint|p2a: Crobat
|
|
|switch|p2a: Absol|Absol, F|281\/281
|turn|7
|c|âDMT|k
|
|detailschange|p2a: Absol|Absol-Mega, F
|message|Absol has Mega Evolved into Mega Absol!
|move|p2a: Absol|Baton Pass|p2a: Absol
|
|switch|p2a: Nidoqueen|Nidoqueen, F|353\/353
|move|p1a: Win Condition|X-Scissor|p2a: Nidoqueen
|-resisted|p2a: Nidoqueen
|-damage|p2a: Nidoqueen|290\/353
|
|turn|8
|c|âDMT|I like u
|
|switch|p1a: Ten Tickles|Tentacruel, F|364\/364
|move|p2a: Nidoqueen|Taunt|p1a: Ten Tickles
|-start|p1a: Ten Tickles|move: Taunt
|
|turn|9
|
|move|p1a: Ten Tickles|Scald|p2a: Nidoqueen
|-supereffective|p2a: Nidoqueen
|-damage|p2a: Nidoqueen|108\/353
|move|p2a: Nidoqueen|Earth Power|p1a: Ten Tickles
|-supereffective|p1a: Ten Tickles
|-damage|p1a: Ten Tickles|68\/364
|
|-heal|p1a: Ten Tickles|90\/364|[from] item: Black Sludge
|turn|10
|c| hophipislegit|BALk
|c|âDMT|it's that careful nature
|c| hophipislegit|or weak nidoqueen
|c|âDMT|or whatever +spdef nature is
|c| hophipislegit|calm
|c|âanchor management|do you not know
|c|âDMT|aye
|c|âanchor management|either pokemons stats
|c|âDMT|?
|c|âanchor management|@hopip
|c| hophipislegit|but
|c| hophipislegit|nidoqueen is stronk
|c| hophipislegit|:[
|c|âanchor management|the damage was expected
|c| hophipislegit|r u
|c|âDMT|!data stronk nidoqueen
No Pokemon, item, move, ability or nature named 'stronk nidoqueen' was found. (Check your spelling?)
|c| hophipislegit|max spa modest?
|c| hophipislegit|with LO?
|
|move|p1a: Ten Tickles|Scald|p2a: Nidoqueen
|-supereffective|p2a: Nidoqueen
|-damage|p2a: Nidoqueen|0 fnt
|faint|p2a: Nidoqueen
|
|-heal|p1a: Ten Tickles|112\/364|[from] item: Black Sludge
|
|switch|p2a: Absol|Absol-Mega, F|281\/281
|turn|11
|
|move|p2a: Absol|Knock Off|p1a: Ten Tickles
|-damage|p1a: Ten Tickles|0 fnt
|-enditem|p1a: Ten Tickles|Black Sludge|[from] move: Knock Off|[of] p2a: Absol
|faint|p1a: Ten Tickles
|
|c| hophipislegit|??
|
|switch|p1a: Combat Clothes|Cobalion|190\/386
|turn|12
|c| hophipislegit|damn it y u no answer
|
|move|p1a: Combat Clothes|Rest|p1a: Combat Clothes
|-status|p1a: Combat Clothes|slp
|-heal|p1a: Combat Clothes|386\/386 slp|[silent]
|-status|p1a: Combat Clothes|slp|[from] move: Rest
|-enditem|p1a: Combat Clothes|Chesto Berry|[eat]
|-curestatus|p1a: Combat Clothes|slp
|move|p2a: Absol|Baton Pass|p2a: Absol
|c|âDMT|?
|
|switch|p2a: Azelf|Azelf, shiny|23\/291
|
|turn|13
|c|âDMT|oh ye queen likely was
|
|switch|p1a: Win Condition|Shedinja|1\/1
|move|p2a: Azelf|Knock Off|p1a: Win Condition
|-supereffective|p1a: Win Condition
|-enditem|p1a: Win Condition|Focus Sash
|-damage|p1a: Win Condition|1\/1
|
|turn|14
|c|âDMT|I didn't mega with absol did I
|c|âDMT|n
|c|âDMT|I did not
|
|move|p1a: Win Condition|Shadow Sneak|p2a: Azelf
|-supereffective|p2a: Azelf
|-damage|p2a: Azelf|0 fnt
|faint|p2a: Azelf
|
|
|switch|p2a: Absol|Absol-Mega, F|281\/281
|turn|15
|leave|Night Mare Vampire
|
|switch|p1a: Fairy\/Dark plz|Absol, F|271\/271
|move|p2a: Absol|Sucker Punch|p1a: Fairy\/Dark plz
|-fail|p1a: Fairy\/Dark plz
|
|turn|16
|
|detailschange|p1a: Fairy\/Dark plz|Absol-Mega, F
|message|Absol has Mega Evolved into Mega Absol!
|move|p2a: Absol|Swords Dance|p2a: Absol
|-boost|p2a: Absol|atk|2
|move|p1a: Fairy\/Dark plz|Baton Pass|p1a: Fairy\/Dark plz
|
|switch|p1a: Combat Clothes|Cobalion|386\/386
|
|turn|17
|
|switch|p2a: Suicune|Suicune|401\/401
|-ability|p2a: Suicune|Pressure
|move|p1a: Combat Clothes|Close Combat|p2a: Suicune
|-damage|p2a: Suicune|295\/401
|-unboost|p1a: Combat Clothes|def|1
|-unboost|p1a: Combat Clothes|spd|1
|
|-heal|p2a: Suicune|320\/401|[from] item: Leftovers
|turn|18
|join|specs umbreon
|
|move|p1a: Combat Clothes|Volt Switch|p2a: Suicune
|-supereffective|p2a: Suicune
|-damage|p2a: Suicune|246\/401
|
|switch|p1a: Win Condition|Shedinja|1\/1
|move|p2a: Suicune|Scald|p1a: Win Condition
|-activate|p1a: Win Condition|ability: Wonder Guard
|
|-heal|p2a: Suicune|271\/401|[from] item: Leftovers
|turn|19
|c|âDMT|plz no air slash
|
|switch|p2a: Lucario|Lucario, M|281\/281
|move|p1a: Win Condition|X-Scissor|p2a: Lucario
|-resisted|p2a: Lucario
|-damage|p2a: Lucario|241\/281
|
|turn|20
|
|switch|p1a: Redneck|Archeops, F|291\/291
|move|p2a: Lucario|Close Combat|p1a: Redneck
|-damage|p1a: Redneck|0 fnt
|-unboost|p2a: Lucario|def|1
|-unboost|p2a: Lucario|spd|1
|-damage|p2a: Lucario|213\/281|[from] item: Life Orb
|faint|p1a: Redneck
|
|
|switch|p1a: Combat Clothes|Cobalion|386\/386
|turn|21
|
|switch|p2a: Suicune|Suicune|271\/401
|-ability|p2a: Suicune|Pressure
|move|p1a: Combat Clothes|Volt Switch|p2a: Suicune
|-supereffective|p2a: Suicune
|-damage|p2a: Suicune|195\/401
|
|switch|p1a: Win Condition|Shedinja|1\/1
|
|-heal|p2a: Suicune|220\/401|[from] item: Leftovers
|turn|22
|
|switch|p2a: Absol|Absol-Mega, F|281\/281
|move|p1a: Win Condition|Swords Dance|p1a: Win Condition
|-boost|p1a: Win Condition|atk|2
|
|turn|23
|
|switch|p1a: Combat Clothes|Cobalion|386\/386
|move|p2a: Absol|Sucker Punch|p1a: Combat Clothes
|-fail|p1a: Combat Clothes
|
|turn|24
|c|âDMT|can I ask
|c|âDMT|why you're suckerpunching
|c|âDMT|and not knocking?
|c|âanchor management|!data justified
|c|~|\/data-ability Justified

|c|âDMT|oh 
|c|âDMT|oh fair
|
|switch|p2a: Suicune|Suicune|220\/401
|-ability|p2a: Suicune|Pressure
|move|p1a: Combat Clothes|Iron Head|p2a: Suicune
|-resisted|p2a: Suicune
|-damage|p2a: Suicune|182\/401
|
|-heal|p2a: Suicune|207\/401|[from] item: Leftovers
|turn|25
|join|anti-test
|c|âanchor management|i don't htink I can win unless you majorly fuck up
|c|âanchor management|gg
|-message|anchor management forfeited.
|
|win|DMT
|raw|Ladder updating...
|raw|DMT's rating: 1597 &rarr; <strong>1618<\/strong><br \/>(+21 for winning)
|raw|anchor management's rating: 1610 &rarr; <strong>1589<\/strong><br \/>(-21 for losing)
|leave|anchor management
|player|p2
|c|âDMT|gg