|join|anchor management
|join|MegaMogwai
|player|p1|anchor management|271
|player|p2|MegaMogwai|219
|gametype|singles
|gen|6
|tier|UU
|rated
|rule|Sleep Clause Mod: Limit one foe put to sleep
|rule|Species Clause: Limit one of each Pokemon
|rule|OHKO Clause: OHKO moves are banned
|rule|Moody Clause: Moody is banned
|rule|Evasion Moves Clause: Evasion moves are banned
|rule|Endless Battle Clause: Forcing endless battles is banned.
|rule|HP Percentage Mod: HP is reported as percentages
|clearpoke
|poke|p1|Celebi
|poke|p1|Fletchinder, F
|poke|p1|Swampert, F
|poke|p1|Crobat, F
|poke|p1|Florges, F
|poke|p1|Forretress, F
|poke|p2|Nidoking, M
|poke|p2|Escavalier, M
|poke|p2|Vaporeon, F
|poke|p2|Rotom-Heat
|poke|p2|Aerodactyl, F
|poke|p2|Absol, F
|teampreview
|
|start
|switch|p1a: Extra|Swampert, F|401\/401
|switch|p2a: Vaporeon|Vaporeon, F|464\/464
|turn|1
|join|Fagtias
|
|move|p2a: Vaporeon|Scald|p1a: Extra
|-damage|p1a: Extra|286\/401
|-status|p1a: Extra|brn
|move|p1a: Extra|Stealth Rock|p2a: Vaporeon
|-sidestart|p2: MegaMogwai|move: Stealth Rock
|
|-heal|p1a: Extra|311\/401 brn|[from] item: Leftovers
|-damage|p1a: Extra|261\/401 brn|[from] brn
|turn|2
|
|switch|p2a: Burgerking|Nidoking, M|303\/303
|-damage|p2a: Burgerking|285\/303|[from] Stealth Rock
|switch|p1a: Props|Forretress, F|354\/354
|
|turn|3
|
|switch|p1a: Antagonist|Crobat, F|349\/349
|move|p2a: Burgerking|Earth Power|p1a: Antagonist
|-immune|p1a: Antagonist|[msg]
|
|turn|4
|
|switch|p1a: Props|Forretress, F|354\/354
|switch|p2a: Vaporeon|Vaporeon, F|464\/464
|-damage|p2a: Vaporeon|406\/464|[from] Stealth Rock
|
|-heal|p2a: Vaporeon|435\/464|[from] item: Leftovers
|turn|5
|
|move|p2a: Vaporeon|Scald|p1a: Props
|-damage|p1a: Props|255\/354
|move|p1a: Props|Spikes|p2a: Vaporeon
|-sidestart|p2: MegaMogwai|Spikes
|
|-heal|p2a: Vaporeon|464\/464|[from] item: Leftovers
|-heal|p1a: Props|277\/354|[from] item: Leftovers
|turn|6
|chat|Fagtias|%sniperaim: i miss angela management. i was gonna confess my feelings
|chat|Fagtias|%sniperaim: i miss angela management. i was gonna confess my feelings
|
|switch|p2a: Burgerking|Nidoking, M|285\/303
|-damage|p2a: Burgerking|248\/303|[from] Spikes
|-damage|p2a: Burgerking|230\/303|[from] Stealth Rock
|move|p1a: Props|Spikes|p2a: Burgerking
|-sidestart|p2: MegaMogwai|Spikes
|
|-heal|p1a: Props|299\/354|[from] item: Leftovers
|turn|7
|chat|anchor management|lol
|
|move|p2a: Burgerking|Thunderbolt|p1a: Props
|-damage|p1a: Props|146\/354
|move|p1a: Props|Spikes|p2a: Burgerking
|-sidestart|p2: MegaMogwai|Spikes
|
|-heal|p1a: Props|168\/354|[from] item: Leftovers
|turn|8
|
|switch|p1a: Stagehand|Celebi|341\/341
|move|p2a: Burgerking|Earth Power|p1a: Stagehand
|-resisted|p1a: Stagehand
|-damage|p1a: Stagehand|240\/341
|
|-heal|p1a: Stagehand|261\/341|[from] item: Leftovers
|turn|9
|chat|Fagtias|i want to use
|chat|Fagtias|escav
|chat|Fagtias|should i use
|chat|Fagtias|lum or lefties?
|chat|anchor management|lefties
|join|Dynamic So
|
|switch|p2a: Stark|Escavalier, M|344\/344
|-damage|p2a: Stark|301\/344|[from] Stealth Rock
|-damage|p2a: Stark|215\/344|[from] Spikes
|move|p1a: Stagehand|Psychic|p2a: Stark
|-resisted|p2a: Stark
|-damage|p2a: Stark|166\/344
|
|-heal|p1a: Stagehand|282\/341|[from] item: Leftovers
|turn|10
|
|switch|p1a: Protagonist|Fletchinder, F|291\/291
|switch|p2a: Jay Leno|Aerodactyl, F|301\/301
|-damage|p2a: Jay Leno|226\/301|[from] Stealth Rock
|-ability|p2a: Jay Leno|Pressure
|
|turn|11
|
|move|p2a: Jay Leno|Defog|p1a: Protagonist
|-unboost|p1a: Protagonist|evasion|1
|-sideend|p2: MegaMogwai|Spikes|[from] move: Defog|[of] p2a: Jay Leno
|-sideend|p2: MegaMogwai|Stealth Rock|[from] move: Defog|[of] p2a: Jay Leno
|move|p1a: Protagonist|Will-O-Wisp|p2a: Jay Leno
|-status|p2a: Jay Leno|brn
|
|-damage|p2a: Jay Leno|189\/301 brn|[from] brn
|turn|12
|
|switch|p1a: Actress|Florges, F|360\/360
|move|p2a: Jay Leno|Stone Edge|p1a: Actress
|-damage|p1a: Actress|276\/360
|
|-heal|p1a: Actress|298\/360|[from] item: Leftovers
|-damage|p2a: Jay Leno|152\/301 brn|[from] brn
|turn|13
|
|move|p2a: Jay Leno|Taunt|p1a: Actress
|-start|p1a: Actress|move: Taunt
|cant|p1a: Actress|move: Taunt|Aromatherapy
|
|-heal|p1a: Actress|320\/360|[from] item: Leftovers
|-damage|p2a: Jay Leno|115\/301 brn|[from] brn
|turn|14
|
|switch|p1a: Props|Forretress, F|168\/354
|move|p2a: Jay Leno|Stealth Rock|p1a: Props
|-sidestart|p1: anchor management|move: Stealth Rock
|
|-heal|p1a: Props|190\/354|[from] item: Leftovers
|-damage|p2a: Jay Leno|78\/301 brn|[from] brn
|turn|15
|
|move|p2a: Jay Leno|Taunt|p1a: Props
|-start|p1a: Props|move: Taunt
|move|p1a: Props|Rapid Spin|p2a: Jay Leno
|-resisted|p2a: Jay Leno
|-damage|p2a: Jay Leno|70\/301 brn
|-sideend|p1: anchor management|Stealth Rock|[from] move: Rapid Spin|[of] p1a: Props
|
|-heal|p1a: Props|212\/354|[from] item: Leftovers
|-damage|p2a: Jay Leno|33\/301 brn|[from] brn
|turn|16
|
|switch|p2a: Burgerking|Nidoking, M|230\/303
|move|p1a: Props|Rapid Spin|p2a: Burgerking
|-damage|p2a: Burgerking|215\/303
|
|-heal|p1a: Props|234\/354|[from] item: Leftovers
|turn|17
|
|move|p2a: Burgerking|Earth Power|p1a: Props
|-damage|p1a: Props|14\/354
|move|p1a: Props|Rapid Spin|p2a: Burgerking
|-damage|p2a: Burgerking|200\/303
|
|-heal|p1a: Props|36\/354|[from] item: Leftovers
|-end|p1a: Props|move: Taunt
|turn|18
|
|move|p2a: Burgerking|Thunderbolt|p1a: Props
|-damage|p1a: Props|0 fnt
|faint|p1a: Props
|
|join|calmed mind
|
|switch|p1a: Extra|Swampert, F|261\/401 brn
|turn|19
|
|move|p2a: Burgerking|Earth Power|p1a: Extra
|-damage|p1a: Extra|31\/401 brn
|move|p1a: Extra|Stealth Rock|p2a: Burgerking
|-sidestart|p2: MegaMogwai|move: Stealth Rock
|
|-heal|p1a: Extra|56\/401 brn|[from] item: Leftovers
|-damage|p1a: Extra|6\/401 brn|[from] brn
|turn|20
|
|switch|p2a: Vaporeon|Vaporeon, F|464\/464
|-damage|p2a: Vaporeon|406\/464|[from] Stealth Rock
|move|p1a: Extra|Scald|p2a: Vaporeon
|-heal|p2a: Vaporeon|464\/464|[from] ability: Water Absorb|[of] p1a: Extra
|
|-heal|p1a: Extra|31\/401 brn|[from] item: Leftovers
|-damage|p1a: Extra|0 fnt|[from] brn
|faint|p1a: Extra
|
|switch|p1a: Stagehand|Celebi|282\/341
|turn|21
|
|switch|p2a: Jay Leno|Aerodactyl, F|33\/301 brn
|-damage|p2a: Jay Leno|0 fnt|[from] Stealth Rock
|faint|p2a: Jay Leno
|move|p1a: Stagehand|Nasty Plot|p1a: Stagehand
|-boost|p1a: Stagehand|spa|2
|
|-heal|p1a: Stagehand|303\/341|[from] item: Leftovers
|
|switch|p2a: Stark|Escavalier, M|166\/344
|-damage|p2a: Stark|123\/344|[from] Stealth Rock
|turn|22
|
|switch|p1a: Protagonist|Fletchinder, F|291\/291
|move|p2a: Stark|Megahorn|p1a: Protagonist
|-resisted|p1a: Protagonist
|-damage|p1a: Protagonist|191\/291
|
|turn|23
|join|zTerribadTastic
|
|switch|p2a: McLoven|Rotom-Heat|304\/304
|-damage|p2a: McLoven|228\/304|[from] Stealth Rock
|move|p1a: Protagonist|Will-O-Wisp|p2a: McLoven
|-fail|p2a: McLoven
|
|-heal|p2a: McLoven|247\/304|[from] item: Leftovers
|turn|24
|
|move|p1a: Protagonist|Roost|p1a: Protagonist
|-heal|p1a: Protagonist|291\/291
|move|p2a: McLoven|Volt Switch|p1a: Protagonist
|-damage|p1a: Protagonist|137\/291
|
|switch|p2a: Vaporeon|Vaporeon, F|464\/464
|-damage|p2a: Vaporeon|406\/464|[from] Stealth Rock
|
|-heal|p2a: Vaporeon|435\/464|[from] item: Leftovers
|turn|25
|
|switch|p1a: Stagehand|Celebi|303\/341
|move|p2a: Vaporeon|Wish|p2a: Vaporeon
|
|-heal|p1a: Stagehand|324\/341|[from] item: Leftovers
|-heal|p2a: Vaporeon|464\/464|[from] item: Leftovers
|turn|26
|
|switch|p2a: Stark|Escavalier, M|123\/344
|-damage|p2a: Stark|80\/344|[from] Stealth Rock
|move|p1a: Stagehand|Psychic|p2a: Stark
|-resisted|p2a: Stark
|-damage|p2a: Stark|37\/344
|
|-heal|p2a: Stark|269\/344|[from] move: Wish|[wisher] Vaporeon
|-heal|p1a: Stagehand|341\/341|[from] item: Leftovers
|turn|27
|
|switch|p1a: Antagonist|Crobat, F|349\/349
|move|p2a: Stark|Knock Off|p1a: Antagonist
|-damage|p1a: Antagonist|200\/349
|-enditem|p1a: Antagonist|Black Sludge|[from] move: Knock Off|[of] p2a: Stark
|
|turn|28
|
|switch|p2a: McLoven|Rotom-Heat|247\/304
|-damage|p2a: McLoven|171\/304|[from] Stealth Rock
|move|p1a: Antagonist|Super Fang|p2a: McLoven
|-damage|p2a: McLoven|86\/304
|
|-heal|p2a: McLoven|105\/304|[from] item: Leftovers
|turn|29
|
|move|p1a: Antagonist|Taunt|p2a: McLoven
|-start|p2a: McLoven|move: Taunt
|move|p2a: McLoven|Volt Switch|p1a: Antagonist
|-supereffective|p1a: Antagonist
|-damage|p1a: Antagonist|8\/349
|
|switch|p2a: Mega Emo|Absol, F|271\/271
|-damage|p2a: Mega Emo|238\/271|[from] Stealth Rock
|
|turn|30
|leave|Dynamic So
|
|detailschange|p2a: Mega Emo|Absol-Mega, F
|message|Absol has Mega Evolved into Mega Absol!
|move|p2a: Mega Emo|Sucker Punch|p1a: Antagonist
|-fail|p1a: Antagonist
|move|p1a: Antagonist|Roost|p1a: Antagonist
|-heal|p1a: Antagonist|183\/349
|
|turn|31
|
|move|p1a: Antagonist|Roost|p1a: Antagonist
|-heal|p1a: Antagonist|349\/349
|move|p2a: Mega Emo|Swords Dance|p2a: Mega Emo
|-boost|p2a: Mega Emo|atk|2
|
|turn|32
|
|move|p2a: Mega Emo|Sucker Punch|p1a: Antagonist
|-fail|p1a: Antagonist
|move|p1a: Antagonist|Roost|p1a: Antagonist
|-fail|p1a: Antagonist
|
|turn|33
|
|move|p2a: Mega Emo|Sucker Punch|p1a: Antagonist
|-damage|p1a: Antagonist|0 fnt
|faint|p1a: Antagonist
|
|
|switch|p1a: Actress|Florges, F|320\/360
|turn|34
|chat|Fagtias|keke
|
|switch|p2a: McLoven|Rotom-Heat|105\/304
|-damage|p2a: McLoven|29\/304|[from] Stealth Rock
|move|p1a: Actress|Moonblast|p2a: McLoven
|-resisted|p2a: McLoven
|-damage|p2a: McLoven|0 fnt
|faint|p2a: McLoven
|
|-heal|p1a: Actress|342\/360|[from] item: Leftovers
|chat|Fagtias|double edge
|chat|Fagtias|double edge
|
|switch|p2a: Burgerking|Nidoking, M|200\/303
|-damage|p2a: Burgerking|182\/303|[from] Stealth Rock
|turn|35
|
|move|p1a: Actress|Protect|p1a: Actress
|-singleturn|p1a: Actress|Protect
|move|p2a: Burgerking|Sludge Wave|p1a: Actress
|-activate|p1a: Actress|Protect
|
|-heal|p1a: Actress|360\/360|[from] item: Leftovers
|turn|36
|
|switch|p1a: Protagonist|Fletchinder, F|137\/291
|move|p2a: Burgerking|Sludge Wave|p1a: Protagonist
|-damage|p1a: Protagonist|0 fnt
|faint|p1a: Protagonist
|
|-message|anchor management forfeited.
|
|win|MegaMogwai
|raw|Ladder updating...
|leave|anchor management
|player|p1
|raw|anchor management's rating: 1635 &rarr; <strong>1610<\/strong><br \/>(-25 for losing)
|raw|MegaMogwai's rating: 1536 &rarr; <strong>1562<\/strong><br \/>(+26 for winning)
|leave|calmed mind
|chat|MegaMogwai|gg
|join|calmed mind
|leave|calmed mind