|join|anchor management
|join|LTI Smogon
|player|p1|anchor management|271
|player|p2|LTI Smogon|287
|gametype|singles
|gen|6
|tier|UU
|rated
|rule|Sleep Clause Mod: Limit one foe put to sleep
|rule|Species Clause: Limit one of each Pokemon
|rule|OHKO Clause: OHKO moves are banned
|rule|Moody Clause: Moody is banned
|rule|Evasion Moves Clause: Evasion moves are banned
|rule|Endless Battle Clause: Forcing endless battles is banned.
|rule|HP Percentage Mod: HP is reported as percentages
|clearpoke
|poke|p1|Salamence, F
|poke|p1|Victini
|poke|p1|Jirachi
|poke|p1|Hydreigon, F
|poke|p1|Azelf, shiny
|poke|p1|Tornadus, M, shiny
|poke|p2|Froslass, F
|poke|p2|Absol, M
|poke|p2|Sableye, F
|poke|p2|Nidoqueen, F
|poke|p2|Mienshao, M
|poke|p2|Roserade, F
|teampreview
|
|start
|switch|p1a: Tornadus|Tornadus, M, shiny|299\/299
|switch|p2a: Froslass|Froslass, F|282\/282
|turn|1
|
|move|p1a: Tornadus|Taunt|p2a: Froslass
|-start|p2a: Froslass|move: Taunt
|move|p2a: Froslass|Icy Wind|p1a: Tornadus
|-supereffective|p1a: Tornadus
|-damage|p1a: Tornadus|137\/299
|-unboost|p1a: Tornadus|spe|1
|
|turn|2
|join|pif ur gay :)
|
|move|p1a: Tornadus|Tailwind|p1a: Tornadus
|-sidestart|p1: anchor management|move: Tailwind
|move|p2a: Froslass|Icy Wind|p1a: Tornadus
|-supereffective|p1a: Tornadus
|-damage|p1a: Tornadus|0 fnt
|faint|p1a: Tornadus
|
|
|switch|p1a: Victini|Victini|341\/341
|turn|3
|chat|pif ur gay :)|rose is useless
|
|switch|p2a: Roserade|Roserade, F|262\/262
|move|p1a: Victini|Trick|p2a: Roserade
|-activate|p1a: Victini|move: Trick|[of] p2a: Roserade
|-item|p2a: Roserade|Choice Band|[from] move: Trick
|-item|p1a: Victini|Life Orb|[from] move: Trick
|
|turn|4
|
|move|p1a: Victini|U-turn|p2a: Roserade
|-damage|p2a: Roserade|129\/262
|-damage|p1a: Victini|307\/341|[from] item: Life Orb
|
|switch|p1a: Azelf|Azelf, shiny|291\/291
|move|p2a: Roserade|Sleep Powder|p1a: Azelf|[miss]
|-miss|p2a: Roserade|p1a: Azelf
|
|turn|5
|
|move|p1a: Azelf|Stealth Rock|p2a: Roserade
|-sidestart|p2: LTI Smogon|move: Stealth Rock
|move|p2a: Roserade|Sleep Powder|p1a: Azelf
|-status|p1a: Azelf|slp
|
|-sideend|p1: anchor management|move: Tailwind
|turn|6
|
|switch|p1a: Jirachi|Jirachi|341\/341
|switch|p2a: Froslass|Froslass, F|282\/282
|-damage|p2a: Froslass|212\/282|[from] Stealth Rock
|
|turn|7
|
|move|p1a: Jirachi|Iron Head|p2a: Froslass
|-supereffective|p2a: Froslass
|-damage|p2a: Froslass|0 fnt
|-start|p1a: Jirachi|Disable|Iron Head
|faint|p2a: Froslass
|
|
|switch|p2a: Absol|Absol, M|272\/272
|-damage|p2a: Absol|238\/272|[from] Stealth Rock
|turn|8
|
|switch|p1a: Hydreigon|Hydreigon, F|341\/341
|detailschange|p2a: Absol|Absol-Mega, M
|message|Absol has Mega Evolved into Mega Absol!
|move|p2a: Absol|Swords Dance|p2a: Absol
|-boost|p2a: Absol|atk|2
|
|turn|9
|
|move|p2a: Absol|Play Rough|p1a: Hydreigon
|-supereffective|p1a: Hydreigon
|-damage|p1a: Hydreigon|0 fnt
|faint|p1a: Hydreigon
|
|
|switch|p1a: Azelf|Azelf, shiny|291\/291 slp
|turn|10
|
|cant|p1a: Azelf|slp
|move|p2a: Absol|Night Slash|p1a: Azelf
|-supereffective|p1a: Azelf
|-enditem|p1a: Azelf|Focus Sash
|-damage|p1a: Azelf|1\/291 slp
|
|turn|11
|
|move|p2a: Absol|Sucker Punch|p1a: Azelf
|-supereffective|p1a: Azelf
|-damage|p1a: Azelf|0 fnt
|faint|p1a: Azelf
|
|
|switch|p1a: Salamence|Salamence, F|331\/331
|turn|12
|
|move|p2a: Absol|Sucker Punch|p1a: Salamence
|-fail|p1a: Salamence
|move|p1a: Salamence|Substitute|p1a: Salamence
|-start|p1a: Salamence|Substitute
|-damage|p1a: Salamence|249\/331
|
|turn|13
|
|move|p2a: Absol|Night Slash|p1a: Salamence
|-end|p1a: Salamence|Substitute
|move|p1a: Salamence|Dragon Claw|p2a: Absol
|-damage|p2a: Absol|0 fnt
|-damage|p1a: Salamence|216\/331|[from] item: Life Orb
|faint|p2a: Absol
|-boost|p1a: Salamence|atk|1|[from] ability: Moxie
|
|
|switch|p2a: Sableye|Sableye, F|304\/304
|-damage|p2a: Sableye|266\/304|[from] Stealth Rock
|turn|14
|
|switch|p1a: Victini|Victini|307\/341
|move|p2a: Sableye|Will-O-Wisp|p1a: Victini
|-fail|p1a: Victini
|
|-heal|p2a: Sableye|285\/304|[from] item: Leftovers
|turn|15
|
|switch|p2a: Roserade|Roserade, F|129\/262
|-damage|p2a: Roserade|97\/262|[from] Stealth Rock
|move|p1a: Victini|V-create|p2a: Roserade
|-supereffective|p2a: Roserade
|-damage|p2a: Roserade|0 fnt
|-unboost|p1a: Victini|def|1
|-unboost|p1a: Victini|spd|1
|-unboost|p1a: Victini|spe|1
|-damage|p1a: Victini|273\/341|[from] item: Life Orb
|faint|p2a: Roserade
|
|
|switch|p2a: Mienshao|Mienshao, M|272\/272
|-damage|p2a: Mienshao|255\/272|[from] Stealth Rock
|turn|16
|join|Jimmy Hopkins
|
|move|p2a: Mienshao|Knock Off|p1a: Victini
|-supereffective|p1a: Victini
|-damage|p1a: Victini|0 fnt
|faint|p1a: Victini
|
|
|switch|p1a: Jirachi|Jirachi|341\/341
|turn|17
|
|switch|p2a: Sableye|Sableye, F|285\/304
|-damage|p2a: Sableye|247\/304|[from] Stealth Rock
|move|p1a: Jirachi|Trick|p2a: Sableye
|-activate|p1a: Jirachi|move: Trick|[of] p2a: Sableye
|-item|p2a: Sableye|Choice Scarf|[from] move: Trick
|-item|p1a: Jirachi|Leftovers|[from] move: Trick
|
|turn|18
|
|move|p2a: Sableye|Will-O-Wisp|p1a: Jirachi
|-status|p1a: Jirachi|brn
|move|p1a: Jirachi|Iron Head|p2a: Sableye
|-damage|p2a: Sableye|169\/304
|
|-damage|p1a: Jirachi|299\/341 brn|[from] brn
|turn|19
|join|DaGoldBrick
|
|switch|p2a: Nidoqueen|Nidoqueen, F|363\/363
|-damage|p2a: Nidoqueen|341\/363|[from] Stealth Rock
|move|p1a: Jirachi|U-turn|p2a: Nidoqueen
|-resisted|p2a: Nidoqueen
|-damage|p2a: Nidoqueen|323\/363
|
|switch|p1a: Salamence|Salamence, F|216\/331
|
|turn|20
|
|move|p1a: Salamence|Earthquake|p2a: Nidoqueen
|-supereffective|p2a: Nidoqueen
|-damage|p2a: Nidoqueen|0 fnt
|-damage|p1a: Salamence|183\/331|[from] item: Life Orb
|faint|p2a: Nidoqueen
|-boost|p1a: Salamence|atk|1|[from] ability: Moxie
|
|
|switch|p2a: Mienshao|Mienshao, M|255\/272
|-damage|p2a: Mienshao|238\/272|[from] Stealth Rock
|turn|21
|
|move|p2a: Mienshao|U-turn|p1a: Salamence
|-resisted|p1a: Salamence
|-damage|p1a: Salamence|132\/331
|
|switch|p2a: Sableye|Sableye, F|169\/304
|-damage|p2a: Sableye|131\/304|[from] Stealth Rock
|move|p1a: Salamence|Dragon Claw|p2a: Sableye
|-damage|p2a: Sableye|0 fnt
|-damage|p1a: Salamence|99\/331|[from] item: Life Orb
|faint|p2a: Sableye
|-boost|p1a: Salamence|atk|1|[from] ability: Moxie
|
|
|switch|p2a: Mienshao|Mienshao, M|238\/272
|-damage|p2a: Mienshao|221\/272|[from] Stealth Rock
|turn|22
|
|move|p2a: Mienshao|High Jump Kick|p1a: Salamence
|-resisted|p1a: Salamence
|-damage|p1a: Salamence|0 fnt
|faint|p1a: Salamence
|
|
|switch|p1a: Jirachi|Jirachi|299\/341 brn
|turn|23
|
|move|p2a: Mienshao|High Jump Kick|p1a: Jirachi
|-damage|p1a: Jirachi|49\/341 brn
|move|p1a: Jirachi|Trick|p2a: Mienshao
|-activate|p1a: Jirachi|move: Trick|[of] p2a: Mienshao
|-item|p2a: Mienshao|Leftovers|[from] move: Trick
|-item|p1a: Jirachi|Choice Scarf|[from] move: Trick
|
|-heal|p2a: Mienshao|238\/272|[from] item: Leftovers
|-damage|p1a: Jirachi|7\/341 brn|[from] brn
|turn|24
|
|move|p1a: Jirachi|Iron Head|p2a: Mienshao
|-crit|p2a: Mienshao
|-damage|p2a: Mienshao|90\/272
|cant|p2a: Mienshao|flinch
|
|-heal|p2a: Mienshao|107\/272|[from] item: Leftovers
|-damage|p1a: Jirachi|0 fnt|[from] brn
|faint|p1a: Jirachi
|
|win|LTI Smogon
|raw|Ladder updating...
|raw|anchor management's rating: 1601 &rarr; <strong>1579<\/strong><br \/>(-22 for losing)
|raw|LTI Smogon's rating: 1562 &rarr; <strong>1584<\/strong><br \/>(+22 for winning)
|leave|anchor management
|player|p1
|leave|LTI Smogon
|player|p2