|join|anchor management
|join|Foxy the Pirate
|player|p1|anchor management|271
|player|p2|Foxy the Pirate|1
|gametype|singles
|gen|6
|tier|UU
|rated
|rule|Sleep Clause Mod: Limit one foe put to sleep
|rule|Species Clause: Limit one of each PokÃ©mon
|rule|OHKO Clause: OHKO moves are banned
|rule|Moody Clause: Moody is banned
|rule|Evasion Moves Clause: Evasion moves are banned
|rule|Endless Battle Clause: Forcing endless battles is banned
|rule|HP Percentage Mod: HP is shown in percentages
|clearpoke
|poke|p1|Suicune
|poke|p1|Lucario, F
|poke|p1|Nidoqueen, F
|poke|p1|Crobat, M
|poke|p1|Azelf, shiny
|poke|p1|Absol, M
|poke|p2|Roserade, M
|poke|p2|Hydreigon, F
|poke|p2|Rhyperior, M
|poke|p2|Victini
|poke|p2|Blastoise, M
|poke|p2|Togekiss, M
|rule|Swagger Clause: Swagger is banned
|rule|Baton Pass Clause: Limit one PokÃ©mon knowing Baton Pass
|teampreview
|
|start
|switch|p1a: Azelf|Azelf, shiny|291\/291
|switch|p2a: Hydreigon|Hydreigon, F|325\/325
|turn|1
|
|move|p2a: Hydreigon|Dark Pulse|p1a: Azelf
|-supereffective|p1a: Azelf
|-enditem|p1a: Azelf|Focus Sash
|-damage|p1a: Azelf|1\/291
|move|p1a: Azelf|Stealth Rock|p2a: Hydreigon
|-sidestart|p2: Foxy the Pirate|move: Stealth Rock
|
|turn|2
|join|bleve
|join|Shit User
|
|switch|p2a: Blastoise|Blastoise, M|358\/358
|-damage|p2a: Blastoise|314\/358|[from] Stealth Rock
|move|p1a: Azelf|Knock Off|p2a: Blastoise
|-damage|p2a: Blastoise|237\/358
|
|turn|3
|
|switch|p2a: Rhyperior|Rhyperior, M|433\/433
|-damage|p2a: Rhyperior|406\/433|[from] Stealth Rock
|move|p1a: Azelf|Explosion|p2a: Rhyperior
|-resisted|p2a: Rhyperior
|-damage|p2a: Rhyperior|292\/433
|faint|p1a: Azelf
|
|-heal|p2a: Rhyperior|319\/433|[from] item: Leftovers
|
|switch|p1a: Nidoqueen|Nidoqueen, F|353\/353
|turn|4
|
|switch|p2a: Hydreigon|Hydreigon, F|325\/325
|-damage|p2a: Hydreigon|285\/325|[from] Stealth Rock
|move|p1a: Nidoqueen|Earth Power|p2a: Hydreigon
|-immune|p2a: Hydreigon|[msg]
|
|turn|5
|
|move|p2a: Hydreigon|Draco Meteor|p1a: Nidoqueen
|-damage|p1a: Nidoqueen|110\/353
|-unboost|p2a: Hydreigon|spa|2
|move|p1a: Nidoqueen|Sludge Wave|p2a: Hydreigon
|-damage|p2a: Hydreigon|58\/325
|
|turn|6
|
|switch|p2a: Roserade|Roserade, M|261\/261
|-damage|p2a: Roserade|229\/261|[from] Stealth Rock
|move|p1a: Nidoqueen|Earth Power|p2a: Roserade
|-damage|p2a: Roserade|21\/261
|
|turn|7
|
|switch|p1a: Crobat|Crobat, M|325\/325
|move|p2a: Roserade|Giga Drain|p1a: Crobat
|-resisted|p1a: Crobat
|-damage|p1a: Crobat|278\/325
|-heal|p2a: Roserade|45\/261|[from] drain|[of] p1a: Crobat
|-damage|p2a: Roserade|19\/261|[from] item: Life Orb
|
|turn|8
|
|move|p1a: Crobat|U-turn|p2a: Roserade
|-damage|p2a: Roserade|0 fnt
|faint|p2a: Roserade
|
|switch|p1a: Lucario|Lucario, F|281\/281
|
|
|switch|p2a: Victini|Victini|341\/341
|-damage|p2a: Victini|256\/341|[from] Stealth Rock
|turn|9
|
|switch|p1a: Absol|Absol, M|281\/281
|move|p2a: Victini|V-create|p1a: Absol
|-damage|p1a: Absol|0 fnt
|-unboost|p2a: Victini|def|1
|-unboost|p2a: Victini|spd|1
|-unboost|p2a: Victini|spe|1
|faint|p1a: Absol
|
|
|switch|p1a: Crobat|Crobat, M|278\/325
|turn|10
|
|switch|p2a: Rhyperior|Rhyperior, M|319\/433
|-damage|p2a: Rhyperior|292\/433|[from] Stealth Rock
|move|p1a: Crobat|U-turn|p2a: Rhyperior
|-damage|p2a: Rhyperior|211\/433
|
|switch|p1a: Lucario|Lucario, F|281\/281
|
|-heal|p2a: Rhyperior|238\/433|[from] item: Leftovers
|turn|11
|
|move|p1a: Lucario|Close Combat|p2a: Rhyperior
|-supereffective|p2a: Rhyperior
|-damage|p2a: Rhyperior|0 fnt
|-unboost|p1a: Lucario|def|1
|-unboost|p1a: Lucario|spd|1
|-damage|p1a: Lucario|253\/281|[from] item: Life Orb
|faint|p2a: Rhyperior
|
|
|switch|p2a: Togekiss|Togekiss, M|373\/373
|-damage|p2a: Togekiss|280\/373|[from] Stealth Rock
|turn|12
|
|switch|p1a: Nidoqueen|Nidoqueen, F|110\/353
|move|p2a: Togekiss|Air Slash|p1a: Nidoqueen|[miss]
|-miss|p2a: Togekiss|p1a: Nidoqueen
|
|-heal|p2a: Togekiss|303\/373|[from] item: Leftovers
|turn|13
|
|switch|p2a: Hydreigon|Hydreigon, F|58\/325
|-damage|p2a: Hydreigon|18\/325|[from] Stealth Rock
|move|p1a: Nidoqueen|Sludge Wave|p2a: Hydreigon
|-damage|p2a: Hydreigon|0 fnt
|faint|p2a: Hydreigon
|
|
|switch|p2a: Blastoise|Blastoise, M|237\/358
|-damage|p2a: Blastoise|193\/358|[from] Stealth Rock
|turn|14
|
|detailschange|p2a: Blastoise|Blastoise-Mega, M
|message|Blastoise has Mega Evolved into Mega Blastoise!
|move|p1a: Nidoqueen|Sludge Wave|p2a: Blastoise
|-damage|p2a: Blastoise|16\/358
|move|p2a: Blastoise|Rapid Spin|p1a: Nidoqueen
|-damage|p1a: Nidoqueen|94\/353
|-sideend|p2: Foxy the Pirate|Stealth Rock|[from] move: Rapid Spin|[of] p2a: Blastoise
|
|turn|15
|
|move|p1a: Nidoqueen|Sludge Wave|p2a: Blastoise
|-damage|p2a: Blastoise|0 fnt
|faint|p2a: Blastoise
|
|c| Shit User|bby u bulk
|
|switch|p2a: Victini|Victini|256\/341
|turn|16
|
|move|p2a: Victini|Zen Headbutt|p1a: Nidoqueen
|-supereffective|p1a: Nidoqueen
|-damage|p1a: Nidoqueen|0 fnt
|faint|p1a: Nidoqueen
|
|
|switch|p1a: Suicune|Suicune|401\/401
|-ability|p1a: Suicune|Pressure
|turn|17
|
|switch|p2a: Togekiss|Togekiss, M|303\/373
|move|p1a: Suicune|Calm Mind|p1a: Suicune
|-boost|p1a: Suicune|spa|1
|-boost|p1a: Suicune|spd|1
|
|-heal|p2a: Togekiss|326\/373|[from] item: Leftovers
|turn|18
|
|move|p1a: Suicune|Scald|p2a: Togekiss
|-damage|p2a: Togekiss|212\/373
|move|p2a: Togekiss|Nasty Plot|p2a: Togekiss
|-boost|p2a: Togekiss|spa|2
|
|-heal|p2a: Togekiss|235\/373|[from] item: Leftovers
|turn|19
|
|move|p1a: Suicune|Scald|p2a: Togekiss
|-damage|p2a: Togekiss|121\/373
|move|p2a: Togekiss|Roost|p2a: Togekiss
|-heal|p2a: Togekiss|308\/373
|
|-heal|p2a: Togekiss|331\/373|[from] item: Leftovers
|turn|20
|c| Shit User|why do you not creep cune
|
|move|p1a: Suicune|Calm Mind|p1a: Suicune
|-boost|p1a: Suicune|spa|1
|-boost|p1a: Suicune|spd|1
|move|p2a: Togekiss|Air Slash|p1a: Suicune
|-damage|p1a: Suicune|305\/401
|
|-heal|p1a: Suicune|330\/401|[from] item: Leftovers
|-heal|p2a: Togekiss|354\/373|[from] item: Leftovers
|turn|21
|c| Shit User|unless this is max speed timid cune
|
|move|p1a: Suicune|Calm Mind|p1a: Suicune
|-boost|p1a: Suicune|spa|1
|-boost|p1a: Suicune|spd|1
|move|p2a: Togekiss|Nasty Plot|p2a: Togekiss
|-boost|p2a: Togekiss|spa|2
|
|-heal|p1a: Suicune|355\/401|[from] item: Leftovers
|-heal|p2a: Togekiss|373\/373|[from] item: Leftovers
|turn|22
|
|move|p1a: Suicune|Scald|p2a: Togekiss
|-crit|p2a: Togekiss
|-damage|p2a: Togekiss|111\/373
|move|p2a: Togekiss|Air Slash|p1a: Suicune
|-crit|p1a: Suicune
|-damage|p1a: Suicune|0 fnt
|faint|p1a: Suicune
|
|-heal|p2a: Togekiss|134\/373|[from] item: Leftovers
|c| Shit User|kek
|
|switch|p1a: Crobat|Crobat, M|278\/325
|turn|23
|
|move|p1a: Crobat|Brave Bird|p2a: Togekiss
|-damage|p2a: Togekiss|0 fnt
|-damage|p1a: Crobat|234\/325|[from] recoil|[of] p2a: Togekiss
|faint|p2a: Togekiss
|
|
|switch|p2a: Victini|Victini|256\/341
|turn|24
|
|move|p1a: Crobat|Brave Bird|p2a: Victini
|-damage|p2a: Victini|3\/341
|-damage|p1a: Crobat|151\/325|[from] recoil|[of] p2a: Victini
|move|p2a: Victini|Bolt Strike|p1a: Crobat
|-supereffective|p1a: Crobat
|-damage|p1a: Crobat|0 fnt
|faint|p1a: Crobat
|
|
|switch|p1a: Lucario|Lucario, F|253\/281
|turn|25
|
|move|p1a: Lucario|Extreme Speed|p2a: Victini
|-damage|p2a: Victini|0 fnt
|-damage|p1a: Lucario|225\/281|[from] item: Life Orb
|faint|p2a: Victini
|
|win|anchor management
|raw|Ladder updating...
|raw|anchor management's rating: 1580 &rarr; <strong>1605<\/strong><br \/>(+25 for winning)
|raw|Foxy the Pirate's rating: 1673 &rarr; <strong>1648<\/strong><br \/>(-25 for losing)
|leave|anchor management
|player|p1
|leave|Foxy the Pirate
|player|p2
|leave|Shit User
|leave|bleve
|join|anchor management