|join|lti flcl
|join|anchor management
|player|p1|lti flcl|8
|player|p2|anchor management|271
|gametype|singles
|gen|6
|tier|UU
|rated
|rule|Sleep Clause Mod: Limit one foe put to sleep
|rule|Species Clause: Limit one of each Pokemon
|rule|OHKO Clause: OHKO moves are banned
|rule|Moody Clause: Moody is banned
|rule|Evasion Moves Clause: Evasion moves are banned
|rule|Endless Battle Clause: Forcing endless battles is banned.
|rule|HP Percentage Mod: HP is reported as percentages
|clearpoke
|poke|p1|Florges, F
|poke|p1|Dugtrio, M
|poke|p1|Mew
|poke|p1|Suicune
|poke|p1|Chandelure, F
|poke|p1|Hydreigon, F
|poke|p2|Chandelure, F
|poke|p2|Heracross, F
|poke|p2|Swampert, F
|poke|p2|Florges, F
|poke|p2|Flygon, M
|poke|p2|Jirachi, shiny
|teampreview
|
|start
|switch|p1a: Chandelure|Chandelure, F|261\/261
|switch|p2a: Flygon|Flygon, M|301\/301
|turn|1
|
|switch|p1a: Suicune|Suicune|404\/404
|-ability|p1a: Suicune|Pressure
|move|p2a: Flygon|U-turn|p1a: Suicune
|-damage|p1a: Suicune|357\/404
|
|switch|p2a: Heracross|Heracross, F|321\/321
|
|-heal|p1a: Suicune|382\/404|[from] item: Leftovers
|turn|2
|
|switch|p1a: Florges|Florges, F|360\/360
|move|p2a: Heracross|Knock Off|p1a: Florges
|-resisted|p1a: Florges
|-damage|p1a: Florges|300\/360
|-enditem|p1a: Florges|Leftovers|[from] move: Knock Off|[of] p2a: Heracross
|
|turn|3
|
|switch|p2a: Swampert|Swampert, F|401\/401
|move|p1a: Florges|Wish|p1a: Florges
|
|turn|4
|
|switch|p1a: Mew|Mew|404\/404
|move|p2a: Swampert|Stealth Rock|p1a: Mew
|-sidestart|p1: lti flcl|move: Stealth Rock
|
|turn|5
|
|switch|p2a: Heracross|Heracross, F|321\/321
|move|p1a: Mew|Defog|p2a: Heracross
|-unboost|p2a: Heracross|evasion|1
|-sideend|p1: lti flcl|Stealth Rock|[from] move: Defog|[of] p1a: Mew
|
|turn|6
|
|switch|p1a: Florges|Florges, F|300\/360
|move|p2a: Heracross|Swords Dance|p2a: Heracross
|-boost|p2a: Heracross|atk|2
|
|turn|7
|
|move|p2a: Heracross|Megahorn|p1a: Florges
|-resisted|p1a: Florges
|-damage|p1a: Florges|69\/360
|move|p1a: Florges|Moonblast|p2a: Heracross
|-supereffective|p2a: Heracross
|-damage|p2a: Heracross|69\/321
|
|-heal|p2a: Heracross|89\/321|[from] item: Leftovers
|turn|8
|join|blouff
|join|LTI lochie
|chat|blouff|shrek him
|
|switch|p1a: Dugtrio|Dugtrio, M|211\/211
|move|p2a: Heracross|Megahorn|p1a: Dugtrio
|-enditem|p1a: Dugtrio|Focus Sash
|-damage|p1a: Dugtrio|1\/211
|
|-heal|p2a: Heracross|109\/321|[from] item: Leftovers
|turn|9
|join|LTI n_n
|
|move|p1a: Dugtrio|Stone Edge|p2a: Heracross
|-damage|p2a: Heracross|0 fnt
|faint|p2a: Heracross
|
|
|switch|p2a: Flygon|Flygon, M|301\/301
|turn|10
|
|switch|p1a: Chandelure|Chandelure, F|261\/261
|move|p2a: Flygon|U-turn|p1a: Chandelure
|-resisted|p1a: Chandelure
|-damage|p1a: Chandelure|244\/261
|
|switch|p2a: Chandelure|Chandelure, F|285\/285
|
|turn|11
|
|switch|p1a: Hydreigon|Hydreigon, F|325\/325
|switch|p2a: Flygon|Flygon, M|301\/301
|
|turn|12
|
|switch|p1a: Chandelure|Chandelure, F|244\/261
|move|p2a: Flygon|U-turn|p1a: Chandelure
|-resisted|p1a: Chandelure
|-damage|p1a: Chandelure|225\/261
|-status|p2a: Flygon|brn
|chat|LTI lochie|LOOOOOOOOOOOOOOOOOOOOL
|
|switch|p2a: Swampert|Swampert, F|401\/401
|
|turn|13
|chat|LTI n_n|lel
|chat|LTI n_n|wot a fgt
|
|move|p1a: Chandelure|Energy Ball|p2a: Swampert
|-supereffective|p2a: Swampert
|-damage|p2a: Swampert|0 fnt
|faint|p2a: Swampert
|
|
|switch|p2a: Florges|Florges, F|360\/360
|turn|14
|join|ImFgt
|
|switch|p1a: Mew|Mew|404\/404
|move|p2a: Florges|Aromatherapy|p2a: Florges
|-cureteam|p2a: Florges|[from] move: Aromatherapy
|
|turn|15
|
|move|p1a: Mew|U-turn|p2a: Florges
|-resisted|p2a: Florges
|-damage|p2a: Florges|334\/360
|
|switch|p1a: Suicune|Suicune|382\/404
|-ability|p1a: Suicune|Pressure
|move|p2a: Florges|Moonblast|p1a: Suicune
|-crit|p1a: Suicune
|-damage|p1a: Suicune|210\/404
|-unboost|p1a: Suicune|spa|1
|
|-heal|p1a: Suicune|235\/404|[from] item: Leftovers
|-heal|p2a: Florges|356\/360|[from] item: Leftovers
|turn|16
|leave|LTI lochie
|leave|ImFgt
|leave|LTI n_n
|
|switch|p2a: Jirachi|Jirachi, shiny|341\/341
|move|p1a: Suicune|Scald|p2a: Jirachi
|-damage|p2a: Jirachi|278\/341
|
|-heal|p1a: Suicune|260\/404|[from] item: Leftovers
|turn|17
|
|switch|p1a: Chandelure|Chandelure, F|225\/261
|move|p2a: Jirachi|Calm Mind|p2a: Jirachi
|-boost|p2a: Jirachi|spa|1
|-boost|p2a: Jirachi|spd|1
|
|turn|18
|
|switch|p1a: Mew|Mew|404\/404
|move|p2a: Jirachi|Shadow Ball|p1a: Mew
|-supereffective|p1a: Mew
|-damage|p1a: Mew|181\/404
|
|-heal|p1a: Mew|206\/404|[from] item: Leftovers
|turn|19
|
|move|p2a: Jirachi|Shadow Ball|p1a: Mew
|-supereffective|p1a: Mew
|-damage|p1a: Mew|0 fnt
|faint|p1a: Mew
|
|
|switch|p1a: Dugtrio|Dugtrio, M|1\/211
|turn|20
|
|move|p1a: Dugtrio|Earthquake|p2a: Jirachi
|-supereffective|p2a: Jirachi
|-damage|p2a: Jirachi|18\/341
|move|p2a: Jirachi|Psyshock|p1a: Dugtrio
|-damage|p1a: Dugtrio|0 fnt
|faint|p1a: Dugtrio
|
|
|switch|p1a: Hydreigon|Hydreigon, F|325\/325
|turn|21
|
|move|p1a: Hydreigon|U-turn|p2a: Jirachi
|-damage|p2a: Jirachi|0 fnt
|faint|p2a: Jirachi
|
|switch|p1a: Suicune|Suicune|260\/404
|-ability|p1a: Suicune|Pressure
|
|-heal|p1a: Suicune|285\/404|[from] item: Leftovers
|
|switch|p2a: Chandelure|Chandelure, F|285\/285
|turn|22
|
|switch|p1a: Florges|Florges, F|69\/360
|move|p2a: Chandelure|Calm Mind|p2a: Chandelure
|-boost|p2a: Chandelure|spa|1
|-boost|p2a: Chandelure|spd|1
|
|turn|23
|
|switch|p1a: Hydreigon|Hydreigon, F|325\/325
|move|p2a: Chandelure|Substitute|p2a: Chandelure
|-start|p2a: Chandelure|Substitute
|-damage|p2a: Chandelure|214\/285
|
|-heal|p2a: Chandelure|231\/285|[from] item: Leftovers
|turn|24
|
|move|p1a: Hydreigon|Dark Pulse|p2a: Chandelure
|-supereffective|p2a: Chandelure
|-end|p2a: Chandelure|Substitute
|move|p2a: Chandelure|Flamethrower|p1a: Hydreigon
|-resisted|p1a: Hydreigon
|-damage|p1a: Hydreigon|166\/325
|
|-heal|p2a: Chandelure|248\/285|[from] item: Leftovers
|turn|25
|
|switch|p2a: Flygon|Flygon, M|301\/301
|move|p1a: Hydreigon|Dark Pulse|p2a: Flygon
|-damage|p2a: Flygon|133\/301
|
|turn|26
|
|switch|p1a: Florges|Florges, F|69\/360
|move|p2a: Flygon|U-turn|p1a: Florges
|-resisted|p1a: Florges
|-damage|p1a: Florges|35\/360
|
|switch|p2a: Chandelure|Chandelure, F|248\/285
|
|-heal|p2a: Chandelure|265\/285|[from] item: Leftovers
|turn|27
|
|switch|p1a: Suicune|Suicune|285\/404
|-ability|p1a: Suicune|Pressure
|move|p2a: Chandelure|Calm Mind|p2a: Chandelure
|-boost|p2a: Chandelure|spa|1
|-boost|p2a: Chandelure|spd|1
|
|-heal|p2a: Chandelure|282\/285|[from] item: Leftovers
|-heal|p1a: Suicune|310\/404|[from] item: Leftovers
|turn|28
|
|move|p2a: Chandelure|Calm Mind|p2a: Chandelure
|-boost|p2a: Chandelure|spa|1
|-boost|p2a: Chandelure|spd|1
|move|p1a: Suicune|Calm Mind|p1a: Suicune
|-boost|p1a: Suicune|spa|1
|-boost|p1a: Suicune|spd|1
|
|-heal|p2a: Chandelure|285\/285|[from] item: Leftovers
|-heal|p1a: Suicune|335\/404|[from] item: Leftovers
|turn|29
|
|move|p2a: Chandelure|Shadow Ball|p1a: Suicune
|-damage|p1a: Suicune|154\/404
|move|p1a: Suicune|Roar|p2a: Chandelure
|drag|p2a: Flygon|Flygon, M|133\/301
|
|-heal|p1a: Suicune|179\/404|[from] item: Leftovers
|turn|30
|
|move|p2a: Flygon|Outrage|p1a: Suicune
|-damage|p1a: Suicune|67\/404
|move|p1a: Suicune|Scald|p2a: Flygon
|-damage|p2a: Flygon|0 fnt
|faint|p2a: Flygon
|
|-heal|p1a: Suicune|92\/404|[from] item: Leftovers
|
|switch|p2a: Chandelure|Chandelure, F|285\/285
|turn|31
|
|move|p2a: Chandelure|Calm Mind|p2a: Chandelure
|-boost|p2a: Chandelure|spa|1
|-boost|p2a: Chandelure|spd|1
|move|p1a: Suicune|Roar|p2a: Chandelure
|drag|p2a: Florges|Florges, F|356\/360
|
|-heal|p1a: Suicune|117\/404|[from] item: Leftovers
|-heal|p2a: Florges|360\/360|[from] item: Leftovers
|turn|32
|join|LTI n_n
|
|move|p1a: Suicune|Calm Mind|p1a: Suicune
|-boost|p1a: Suicune|spa|1
|-boost|p1a: Suicune|spd|1
|move|p2a: Florges|Moonblast|p1a: Suicune
|-damage|p1a: Suicune|59\/404
|-unboost|p1a: Suicune|spa|1
|
|-heal|p1a: Suicune|84\/404|[from] item: Leftovers
|turn|33
|
|move|p1a: Suicune|Calm Mind|p1a: Suicune
|-boost|p1a: Suicune|spa|1
|-boost|p1a: Suicune|spd|1
|move|p2a: Florges|Moonblast|p1a: Suicune
|-crit|p1a: Suicune
|-damage|p1a: Suicune|0 fnt
|faint|p1a: Suicune
|
|
|switch|p1a: Chandelure|Chandelure, F|225\/261
|turn|34
|
|move|p1a: Chandelure|Shadow Ball|p2a: Florges
|-damage|p2a: Florges|201\/360
|-unboost|p2a: Florges|spd|1
|move|p2a: Florges|Moonblast|p1a: Chandelure
|-resisted|p1a: Chandelure
|-damage|p1a: Chandelure|153\/261
|
|-heal|p2a: Florges|223\/360|[from] item: Leftovers
|turn|35
|
|move|p2a: Florges|Protect|p2a: Florges
|-singleturn|p2a: Florges|Protect
|move|p1a: Chandelure|Shadow Ball|p2a: Florges
|-activate|p2a: Florges|Protect
|
|-heal|p2a: Florges|245\/360|[from] item: Leftovers
|turn|36
|
|move|p1a: Chandelure|Shadow Ball|p2a: Florges
|-damage|p2a: Florges|16\/360
|move|p2a: Florges|Wish|p2a: Florges
|
|-heal|p2a: Florges|38\/360|[from] item: Leftovers
|turn|37
|-message|anchor management forfeited.
|
|win|lti flcl
|raw|Ladder updating...
|leave|anchor management
|player|p2
|raw|lti flcl's rating: 1818 &rarr; <strong>1826<\/strong><br \/>(+8 for winning)
|raw|anchor management's rating: 1566 &rarr; <strong>1559<\/strong><br \/>(-7 for losing)
|leave|lti flcl
|player|p1
|leave|LTI n_n
|join|Hydranova
|join|anchor management
|leave|anchor management