|join|anchor management
|join|Foxy the Pirate
|player|p1|anchor management|271
|player|p2|Foxy the Pirate|1
|gametype|singles
|gen|6
|tier|UU
|rated
|rule|Sleep Clause Mod: Limit one foe put to sleep
|rule|Species Clause: Limit one of each PokÃ©mon
|rule|OHKO Clause: OHKO moves are banned
|rule|Moody Clause: Moody is banned
|rule|Evasion Moves Clause: Evasion moves are banned
|rule|Endless Battle Clause: Forcing endless battles is banned
|rule|HP Percentage Mod: HP is shown in percentages
|clearpoke
|poke|p1|Reuniclus, M
|poke|p1|Suicune
|poke|p1|Yanmega, F, shiny
|poke|p1|Togetic, M
|poke|p1|Donphan, F
|poke|p1|Ampharos, F
|poke|p2|Hippowdon, F
|poke|p2|Rotom-Heat
|poke|p2|Stoutland, M, shiny
|poke|p2|Aerodactyl, F
|poke|p2|Florges, F
|poke|p2|Roserade, M
|rule|Swagger Clause: Swagger is banned
|rule|Baton Pass Clause: Limit one PokÃ©mon knowing Baton Pass
|teampreview
|
|start
|switch|p1a: Donphan|Donphan, F|384\/384
|switch|p2a: Rotom-Heat|Rotom-Heat|241\/241
|turn|1
|
|move|p2a: Rotom-Heat|Hidden Power|p1a: Donphan
|-supereffective|p1a: Donphan
|-damage|p1a: Donphan|116\/384
|move|p1a: Donphan|Stealth Rock|p2a: Rotom-Heat
|-sidestart|p2: Foxy the Pirate|move: Stealth Rock
|
|-heal|p1a: Donphan|140\/384|[from] item: Leftovers
|turn|2
|
|switch|p1a: Bravely Default|Togetic, M|313\/313
|move|p2a: Rotom-Heat|Hidden Power|p1a: Bravely Default
|-supereffective|p1a: Bravely Default
|-damage|p1a: Bravely Default|213\/313
|
|turn|3
|
|switch|p2a: Aerodactyl|Aerodactyl, F|331\/331
|-damage|p2a: Aerodactyl|249\/331|[from] Stealth Rock
|-ability|p2a: Aerodactyl|Pressure
|move|p1a: Bravely Default|Baton Pass|p1a: Bravely Default
|join|ahyueah
|
|switch|p1a: Suicune|Suicune|401\/401
|-ability|p1a: Suicune|Pressure
|
|turn|4
|
|switch|p2a: Roserade|Roserade, M|261\/261
|-damage|p2a: Roserade|229\/261|[from] Stealth Rock
|move|p1a: Suicune|Scald|p2a: Roserade
|-resisted|p2a: Roserade
|-damage|p2a: Roserade|187\/261
|
|turn|5
|
|switch|p1a: Donphan|Donphan, F|140\/384
|move|p2a: Roserade|Sludge Bomb|p1a: Donphan
|-resisted|p1a: Donphan
|-damage|p1a: Donphan|30\/384
|-status|p1a: Donphan|psn
|
|-heal|p1a: Donphan|54\/384 psn|[from] item: Leftovers
|-damage|p1a: Donphan|6\/384 psn|[from] psn
|turn|6
|
|switch|p2a: Hippowdon|Hippowdon, F|420\/420
|-damage|p2a: Hippowdon|394\/420|[from] Stealth Rock
|-weather|Sandstorm
|move|p1a: Donphan|Knock Off|p2a: Hippowdon
|-damage|p2a: Hippowdon|315\/420
|-enditem|p2a: Hippowdon|Smooth Rock|[from] move: Knock Off|[of] p1a: Donphan
|
|-weather|Sandstorm|[upkeep]
|-heal|p1a: Donphan|30\/384 psn|[from] item: Leftovers
|-damage|p1a: Donphan|0 fnt|[from] psn
|faint|p1a: Donphan
|
|switch|p1a: Bravely Default|Togetic, M|213\/313
|turn|7
|
|move|p1a: Bravely Default|Magic Coat|p1a: Bravely Default
|-singleturn|p1a: Bravely Default|move: Magic Coat
|move|p2a: Hippowdon|Stealth Rock|p1a: Bravely Default
|move|p1a: Bravely Default|Stealth Rock|p2a: Hippowdon|[from]Magic Coat
|-fail|p2a: Hippowdon
|
|-weather|Sandstorm|[upkeep]
|-damage|p1a: Bravely Default|194\/313|[from] sandstorm
|turn|8
|
|move|p1a: Bravely Default|Magic Coat|p1a: Bravely Default
|-singleturn|p1a: Bravely Default|move: Magic Coat
|move|p2a: Hippowdon|Stealth Rock|p1a: Bravely Default
|move|p1a: Bravely Default|Stealth Rock|p2a: Hippowdon|[from]Magic Coat
|-fail|p2a: Hippowdon
|
|-weather|Sandstorm|[upkeep]
|-damage|p1a: Bravely Default|175\/313|[from] sandstorm
|turn|9
|
|switch|p2a: Aerodactyl|Aerodactyl, F|249\/331
|-damage|p2a: Aerodactyl|167\/331|[from] Stealth Rock
|-ability|p2a: Aerodactyl|Pressure
|move|p1a: Bravely Default|Magic Coat|p1a: Bravely Default
|-singleturn|p1a: Bravely Default|move: Magic Coat
|
|-weather|Sandstorm|[upkeep]
|-damage|p1a: Bravely Default|156\/313|[from] sandstorm
|turn|10
|
|detailschange|p2a: Aerodactyl|Aerodactyl-Mega, F
|message|Aerodactyl has Mega Evolved into Mega Aerodactyl!
|move|p2a: Aerodactyl|Defog|p1a: Bravely Default
|-unboost|p1a: Bravely Default|evasion|1
|-sideend|p2: Foxy the Pirate|Stealth Rock|[from] move: Defog|[of] p2a: Aerodactyl
|move|p1a: Bravely Default|Baton Pass|p1a: Bravely Default
|join|blitzfiend
|join|Dad's Dad
|
|switch|p1a: Suicune|Suicune|401\/401
|-ability|p1a: Suicune|Pressure
|
|-weather|Sandstorm|[upkeep]
|-damage|p1a: Suicune|376\/401|[from] sandstorm
|-heal|p1a: Suicune|401\/401|[from] item: Leftovers
|turn|11
|
|switch|p2a: Roserade|Roserade, M|187\/261
|move|p1a: Suicune|Scald|p2a: Roserade
|-resisted|p2a: Roserade
|-damage|p2a: Roserade|149\/261
|
|-weather|Sandstorm|[upkeep]
|-damage|p2a: Roserade|133\/261|[from] sandstorm
|-damage|p1a: Suicune|376\/401|[from] sandstorm
|-heal|p1a: Suicune|401\/401|[from] item: Leftovers
|turn|12
|
|switch|p1a: Helicopter|Yanmega, F, shiny|313\/313
|move|p2a: Roserade|Leaf Storm|p1a: Helicopter
|-resisted|p1a: Helicopter
|-damage|p1a: Helicopter|222\/313
|-unboost|p2a: Roserade|spa|2
|
|-weather|Sandstorm|[upkeep]
|-damage|p2a: Roserade|117\/261|[from] sandstorm
|-damage|p1a: Helicopter|203\/313|[from] sandstorm
|turn|13
|
|switch|p2a: Florges|Florges, F|360\/360
|move|p1a: Helicopter|Air Slash|p2a: Florges
|-damage|p2a: Florges|246\/360
|-damage|p1a: Helicopter|172\/313|[from] item: Life Orb
|
|-weather|none
|-heal|p2a: Florges|268\/360|[from] item: Leftovers
|-boost|p1a: Helicopter|spe|1|[from] ability: Speed Boost
|turn|14
|
|move|p1a: Helicopter|Air Slash|p2a: Florges
|-damage|p2a: Florges|158\/360
|-damage|p1a: Helicopter|141\/313|[from] item: Life Orb
|move|p2a: Florges|Wish|p2a: Florges
|
|-heal|p2a: Florges|180\/360|[from] item: Leftovers
|-boost|p1a: Helicopter|spe|1|[from] ability: Speed Boost
|turn|15
|
|move|p1a: Helicopter|Air Slash|p2a: Florges
|-damage|p2a: Florges|67\/360
|-damage|p1a: Helicopter|110\/313|[from] item: Life Orb
|move|p2a: Florges|Moonblast|p1a: Helicopter
|-damage|p1a: Helicopter|0 fnt
|faint|p1a: Helicopter
|
|-heal|p2a: Florges|247\/360|[from] move: Wish|[wisher] Florges
|-heal|p2a: Florges|269\/360|[from] item: Leftovers
|
|switch|p1a: Bravely Default|Togetic, M|156\/313
|turn|16
|
|switch|p2a: Aerodactyl|Aerodactyl-Mega, F|167\/331
|move|p1a: Bravely Default|Roost|p1a: Bravely Default
|-heal|p1a: Bravely Default|313\/313
|
|turn|17
|
|move|p2a: Aerodactyl|Roost|p2a: Aerodactyl
|-heal|p2a: Aerodactyl|331\/331
|move|p1a: Bravely Default|Nasty Plot|p1a: Bravely Default
|-boost|p1a: Bravely Default|spa|2
|
|turn|18
|c| Dad's Dad|erm
|c| Dad's Dad|gg
|
|move|p2a: Aerodactyl|Stone Edge|p1a: Bravely Default
|-supereffective|p1a: Bravely Default
|-damage|p1a: Bravely Default|85\/313
|move|p1a: Bravely Default|Baton Pass|p1a: Bravely Default
|c| Dad's Dad|y\/y?
|raw|<div class="broadcast-red"><b>Moderated chat was set to +!<\/b><br \/>Only users of rank + and higher can talk.<\/div>
|
|switch|p1a: Reuniclus|Reuniclus, M|424\/424
|
|turn|19
|
|move|p2a: Aerodactyl|Stone Edge|p1a: Reuniclus
|-crit|p1a: Reuniclus
|-damage|p1a: Reuniclus|106\/424
|move|p1a: Reuniclus|Trick Room|p1a: Reuniclus
|-fieldstart|move: Trick Room|[of] p1a: Reuniclus
|
|turn|20
|join|so dynamic
|
|switch|p2a: Florges|Florges, F|269\/360
|move|p1a: Reuniclus|Psyshock|p2a: Florges
|-damage|p2a: Florges|0 fnt
|faint|p2a: Florges
|
|join|Cobaelion
|
|switch|p2a: Hippowdon|Hippowdon, F|315\/420
|-weather|Sandstorm
|turn|21
ahyueah was promoted to Room Voice by anchor management.
|c|+ahyueah|ty
|
|move|p1a: Reuniclus|Psyshock|p2a: Hippowdon
|-damage|p2a: Hippowdon|46\/420
|move|p2a: Hippowdon|Slack Off|p2a: Hippowdon
|-heal|p2a: Hippowdon|256\/420
|
|-weather|Sandstorm|[upkeep]
|turn|22
|
|move|p1a: Reuniclus|Psyshock|p2a: Hippowdon
|-damage|p2a: Hippowdon|0 fnt
|faint|p2a: Hippowdon
|
|-weather|Sandstorm|[upkeep]
|
|switch|p2a: Aerodactyl|Aerodactyl-Mega, F|331\/331
|turn|23
|
|move|p1a: Reuniclus|Psyshock|p2a: Aerodactyl
|-damage|p2a: Aerodactyl|0 fnt
|faint|p2a: Aerodactyl
|
|-weather|Sandstorm|[upkeep]
|-fieldend|move: Trick Room
|
|switch|p2a: Roserade|Roserade, M|117\/261
|turn|24
|
|move|p2a: Roserade|Sludge Bomb|p1a: Reuniclus
|-damage|p1a: Reuniclus|0 fnt
|faint|p1a: Reuniclus
|
|-weather|Sandstorm|[upkeep]
|-damage|p2a: Roserade|101\/261|[from] sandstorm
|
|switch|p1a: Suicune|Suicune|401\/401
|-ability|p1a: Suicune|Pressure
|turn|25
|
|move|p2a: Roserade|Sludge Bomb|p1a: Suicune
|-crit|p1a: Suicune
|-damage|p1a: Suicune|185\/401
|-status|p1a: Suicune|psn
|move|p1a: Suicune|Scald|p2a: Roserade
|-resisted|p2a: Roserade
|-damage|p2a: Roserade|63\/261
|
|-weather|none
|-heal|p1a: Suicune|210\/401 psn|[from] item: Leftovers
|-damage|p1a: Suicune|160\/401 psn|[from] psn
|turn|26
|
|switch|p2a: Rotom-Heat|Rotom-Heat|241\/241
|move|p1a: Suicune|Scald|p2a: Rotom-Heat
|-supereffective|p2a: Rotom-Heat
|-damage|p2a: Rotom-Heat|89\/241
|
|-heal|p1a: Suicune|185\/401 psn|[from] item: Leftovers
|-damage|p1a: Suicune|135\/401 psn|[from] psn
|turn|27
|
|switch|p1a: Bravely Default|Togetic, M|85\/313
|move|p2a: Rotom-Heat|Volt Switch|p1a: Bravely Default
|-supereffective|p1a: Bravely Default
|-damage|p1a: Bravely Default|0 fnt
|faint|p1a: Bravely Default
|
|switch|p2a: Roserade|Roserade, M|63\/261
|
|
|switch|p1a: Suicune|Suicune|135\/401 psn
|-ability|p1a: Suicune|Pressure
|turn|28
|
|move|p2a: Roserade|Leaf Storm|p1a: Suicune
|-supereffective|p1a: Suicune
|-damage|p1a: Suicune|0 fnt
|-unboost|p2a: Roserade|spa|2
|faint|p1a: Suicune
|
|
|switch|p1a: Ampharos|Ampharos, F|321\/321
|turn|29
|
|detailschange|p1a: Ampharos|Ampharos-Mega, F
|message|Ampharos has Mega Evolved into Mega Ampharos!
|-ability|p1a: Ampharos|Mold Breaker
|move|p2a: Roserade|Leaf Storm|p1a: Ampharos
|-resisted|p1a: Ampharos
|-damage|p1a: Ampharos|268\/321
|-unboost|p2a: Roserade|spa|2
|move|p1a: Ampharos|Agility|p1a: Ampharos
|-boost|p1a: Ampharos|spe|2
|
|turn|30
|
|move|p2a: Roserade|Leaf Storm|p1a: Ampharos
|-resisted|p1a: Ampharos
|-damage|p1a: Ampharos|230\/321
|-unboost|p2a: Roserade|spa|2
|move|p1a: Ampharos|Agility|p1a: Ampharos
|-boost|p1a: Ampharos|spe|2
|
|turn|31
|
|move|p1a: Ampharos|Dragon Pulse|p2a: Roserade
|-damage|p2a: Roserade|0 fnt
|faint|p2a: Roserade
|
|
|switch|p2a: Stoutland|Stoutland, M, shiny|311\/311
|turn|32
|
|move|p1a: Ampharos|Thunderbolt|p2a: Stoutland
|-damage|p2a: Stoutland|89\/311
|-status|p2a: Stoutland|par
|move|p2a: Stoutland|Frustration|p1a: Ampharos
|-damage|p1a: Ampharos|0 fnt
|faint|p1a: Ampharos
|
|win|Foxy the Pirate
|raw|Ladder updating...
|raw|anchor management's rating: 1535 &rarr; <strong>1511<\/strong><br \/>(-24 for losing)
|raw|Foxy the Pirate's rating: 1460 &rarr; <strong>1484<\/strong><br \/>(+24 for winning)
|leave|anchor management
|player|p1
|leave|Dad's Dad
|leave|Cobaelion
|leave|Foxy the Pirate
|player|p2
|leave|so dynamic