|join|dodemoi
|join|ryzed
|player|p1|dodemoi|1
|player|p2|ryzed|101
|gametype|singles
|gen|6
|tier|OU
|rated
|clearpoke
|poke|p1|Ferrothorn, M
|poke|p1|Azumarill, M
|poke|p1|Latios, M
|poke|p1|Keldeo-Resolute
|poke|p1|Manectric, F
|poke|p1|Breloom, M
|poke|p2|Lopunny, M
|poke|p2|Skarmory, M
|poke|p2|Breloom, F
|poke|p2|Azumarill, M
|poke|p2|Bisharp, F
|poke|p2|Gengar, F
|rule|Swagger Clause: Swagger is banned
|rule|Baton Pass Clause: Limit one PokÃ©mon knowing Baton Pass
|rule|Sleep Clause Mod: Limit one foe put to sleep
|rule|Species Clause: Limit one of each PokÃ©mon
|rule|OHKO Clause: OHKO moves are banned
|rule|Moody Clause: Moody is banned
|rule|Evasion Moves Clause: Evasion moves are banned
|rule|Endless Battle Clause: Forcing endless battles is banned
|rule|HP Percentage Mod: HP is shown in percentages
|teampreview
|
|start
|switch|p1a: Manectric|Manectric, F|281\/281
|switch|p2a: Skarmory|Skarmory, M|271\/271
|turn|1
|
|detailschange|p1a: Manectric|Manectric-Mega, F
|-mega|p1a: Manectric|Manectric|Manectite
|-ability|p1a: Manectric|Intimidate|[of] p2a: Skarmory
|-unboost|p2a: Skarmory|atk|1
|move|p1a: Manectric|Thunderbolt|p2a: Skarmory
|-supereffective|p2a: Skarmory
|-activate|p2a: Skarmory|Sturdy
|-damage|p2a: Skarmory|1\/271
|-enditem|p2a: Skarmory|Salac Berry|[eat]
|-boost|p2a: Skarmory|spe|1|[from] item: Salac Berry
|move|p2a: Skarmory|Stealth Rock|p1a: Manectric
|-sidestart|p1: dodemoi|move: Stealth Rock
|
|turn|2
|
|move|p1a: Manectric|Volt Switch|p2a: Skarmory
|-supereffective|p2a: Skarmory
|-damage|p2a: Skarmory|0 fnt
|faint|p2a: Skarmory
|
|switch|p1a: Ferrothorn|Ferrothorn, M|352\/352
|-damage|p1a: Ferrothorn|330\/352|[from] Stealth Rock
|
|-heal|p1a: Ferrothorn|352\/352|[from] item: Leftovers
|
|switch|p2a: Gengar|Gengar, F|261\/261
|turn|3
|
|switch|p1a: Azumarill|Azumarill, M|364\/364
|-damage|p1a: Azumarill|319\/364|[from] Stealth Rock
|move|p2a: Gengar|Focus Blast|p1a: Azumarill
|-resisted|p1a: Azumarill
|-damage|p1a: Azumarill|216\/364
|-damage|p2a: Gengar|235\/261|[from] item: Life Orb
|
|turn|4
|
|move|p2a: Gengar|Sludge Bomb|p1a: Azumarill
|-supereffective|p1a: Azumarill
|-damage|p1a: Azumarill|0 fnt
|-damage|p2a: Gengar|209\/261|[from] item: Life Orb
|faint|p1a: Azumarill
|
|
|switch|p1a: Manectric|Manectric-Mega, F|281\/281
|-damage|p1a: Manectric|246\/281|[from] Stealth Rock
|-ability|p1a: Manectric|Intimidate|[of] p2a: Gengar
|-unboost|p2a: Gengar|atk|1
|turn|5
|
|switch|p2a: Breloom|Breloom, F|261\/261
|move|p1a: Manectric|Thunderbolt|p2a: Breloom
|-resisted|p2a: Breloom
|-damage|p2a: Breloom|128\/261
|
|turn|6
|
|move|p2a: Breloom|Mach Punch|p1a: Manectric
|-damage|p1a: Manectric|125\/281
|move|p1a: Manectric|Flamethrower|p2a: Breloom
|-supereffective|p2a: Breloom
|-damage|p2a: Breloom|0 fnt
|faint|p2a: Breloom
|
|
|switch|p2a: Lopunny|Lopunny, M|271\/271
|turn|7
|
|switch|p1a: Ferrothorn|Ferrothorn, M|352\/352
|-damage|p1a: Ferrothorn|330\/352|[from] Stealth Rock
|detailschange|p2a: Lopunny|Lopunny-Mega, M
|-mega|p2a: Lopunny|Lopunny|Lopunnite
|move|p2a: Lopunny|High Jump Kick|p1a: Ferrothorn
|-supereffective|p1a: Ferrothorn
|-damage|p1a: Ferrothorn|12\/352
|-damage|p2a: Lopunny|238\/271|[from] ability: Iron Barbs|[of] p1a: Ferrothorn
|
|-heal|p1a: Ferrothorn|34\/352|[from] item: Leftovers
|turn|8
|
|move|p2a: Lopunny|Return|p1a: Ferrothorn
|-resisted|p1a: Ferrothorn
|-damage|p1a: Ferrothorn|0 fnt
|-damage|p2a: Lopunny|205\/271|[from] ability: Iron Barbs|[of] p1a: Ferrothorn
|faint|p1a: Ferrothorn
|
|
|switch|p1a: Latios|Latios, M|301\/301
|-damage|p1a: Latios|264\/301|[from] Stealth Rock
|turn|9
|
|switch|p2a: Bisharp|Bisharp, F|272\/272
|move|p1a: Latios|Defog|p2a: Bisharp
|-unboost|p2a: Bisharp|evasion|1
|-boost|p2a: Bisharp|atk|2|[from] ability: Defiant
|-sideend|p1: dodemoi|Stealth Rock|[from] move: Defog|[of] p1a: Latios
|
|turn|10
|
|move|p1a: Latios|Memento|p2a: Bisharp
|-unboost|p2a: Bisharp|atk|2
|-boost|p2a: Bisharp|atk|2|[from] ability: Defiant
|-unboost|p2a: Bisharp|spa|2
|-boost|p2a: Bisharp|atk|2|[from] ability: Defiant
|faint|p1a: Latios
|move|p2a: Bisharp|Knock Off|p1: Latios|[notarget]
|-notarget
|
|c|âdodemoi|oh damn
|
|switch|p1a: Keldeo-Resolute|Keldeo-Resolute|323\/323
|turn|11
|
|move|p2a: Bisharp|Sucker Punch|p1a: Keldeo-Resolute
|-resisted|p1a: Keldeo-Resolute
|-damage|p1a: Keldeo-Resolute|27\/323
|-boost|p1a: Keldeo-Resolute|atk|1|[from] ability: Justified
|-damage|p2a: Bisharp|245\/272|[from] item: Life Orb
|move|p1a: Keldeo-Resolute|Secret Sword|p2a: Bisharp
|-supereffective|p2a: Bisharp
|-damage|p2a: Bisharp|0 fnt
|faint|p2a: Bisharp
|
|
|switch|p2a: Gengar|Gengar, F|209\/261
|turn|12
|
|move|p1a: Keldeo-Resolute|Secret Sword|p2a: Gengar
|-immune|p2a: Gengar|[msg]
|move|p2a: Gengar|Shadow Ball|p1a: Keldeo-Resolute
|-damage|p1a: Keldeo-Resolute|0 fnt
|-damage|p2a: Gengar|183\/261|[from] item: Life Orb
|faint|p1a: Keldeo-Resolute
|
|
|switch|p1a: Manectric|Manectric-Mega, F|125\/281
|-ability|p1a: Manectric|Intimidate|[of] p2a: Gengar
|-unboost|p2a: Gengar|atk|1
|turn|13
|
|switch|p2a: Azumarill|Azumarill, M|358\/358
|move|p1a: Manectric|Thunderbolt|p2a: Azumarill
|-supereffective|p2a: Azumarill
|-damage|p2a: Azumarill|0 fnt
|faint|p2a: Azumarill
|
|
|switch|p2a: Lopunny|Lopunny-Mega, M|205\/271
|turn|14
|
|switch|p2a: Gengar|Gengar, F|183\/261
|switch|p1a: Breloom|Breloom, M|261\/261
|
|turn|15
|
|move|p2a: Gengar|Taunt|p1a: Breloom
|-start|p1a: Breloom|move: Taunt
|move|p1a: Breloom|Rock Tomb|p2a: Gengar
|-damage|p2a: Gengar|29\/261
|-unboost|p2a: Gengar|spe|1
|
|turn|16
|c|âryzed|wp
|c|âdodemoi|YAY!
|
|move|p1a: Breloom|Bullet Seed|p2a: Gengar
|-resisted|p2a: Gengar
|-damage|p2a: Gengar|0 fnt
|-hitcount|p2a: Gengar|1
|faint|p2a: Gengar
|
|c|âryzed|sashed right
|
|switch|p2a: Lopunny|Lopunny-Mega, M|205\/271
|turn|17
|c|âdodemoi|uh huh
|c|âryzed|wouldve lost either way
|c|âdodemoi|don`t have fake out
|c|âdodemoi|please
|
|move|p2a: Lopunny|Fake Out|p1a: Breloom
|-damage|p1a: Breloom|179\/261
|cant|p1a: Breloom|flinch
|
|-end|p1a: Breloom|move: Taunt
|turn|18
|c|âryzed|oh wait
|c|âryzed|you dont have mach punch?
|
|move|p1a: Breloom|Mach Punch|p2a: Lopunny
|-supereffective|p2a: Lopunny
|-damage|p2a: Lopunny|0 fnt
|faint|p2a: Lopunny
|
|win|dodemoi
|raw|Ladder updating...
|c|âdodemoi|well
|c|âryzed|oh course
|raw|dodemoi's rating: 1561 &rarr; <strong>1581<\/strong><br \/>(+20 for winning)
|raw|ryzed's rating: 1555 &rarr; <strong>1536<\/strong><br \/>(-19 for losing)
|c|âdodemoi|it kos!
|c|âryzed|gg
|c|âdodemoi|wow
|c|âdodemoi|gg
|leave|ryzed