|join|ryzed
|join|fuck christmas
|player|p1|ryzed|2
|player|p2|fuck christmas|281
|gametype|singles
|gen|6
|tier|OU
|rated
|clearpoke
|poke|p1|Lopunny, F
|poke|p1|Skarmory, F
|poke|p1|Breloom, F
|poke|p1|Azumarill, F
|poke|p1|Bisharp, F
|poke|p1|Gengar, F
|poke|p2|Altaria, F
|poke|p2|Scizor, F
|poke|p2|Thundurus, M
|poke|p2|Keldeo-Resolute
|poke|p2|Excadrill, M
|poke|p2|Victini
|rule|Swagger Clause: Swagger is banned
|rule|Baton Pass Clause: Limit one PokÃ©mon knowing Baton Pass
|rule|Sleep Clause Mod: Limit one foe put to sleep
|rule|Species Clause: Limit one of each PokÃ©mon
|rule|OHKO Clause: OHKO moves are banned
|rule|Moody Clause: Moody is banned
|rule|Evasion Moves Clause: Evasion moves are banned
|rule|Endless Battle Clause: Forcing endless battles is banned
|rule|HP Percentage Mod: HP is shown in percentages
|teampreview
|
|start
|switch|p1a: Skarmory|Skarmory, F|271\/271
|switch|p2a: Thundurus|Thundurus, M|299\/299
|turn|1
|
|move|p2a: Thundurus|Thunderbolt|p1a: Skarmory
|-supereffective|p1a: Skarmory
|-activate|p1a: Skarmory|Sturdy
|-damage|p1a: Skarmory|1\/271
|-enditem|p1a: Skarmory|Salac Berry|[eat]
|-boost|p1a: Skarmory|spe|1|[from] item: Salac Berry
|move|p1a: Skarmory|Stealth Rock|p2a: Thundurus
|-sidestart|p2: fuck christmas|move: Stealth Rock
|
|turn|2
|
|move|p2a: Thundurus|Taunt|p1a: Skarmory
|-start|p1a: Skarmory|move: Taunt
|cant|p1a: Skarmory|move: Taunt|Spikes
|
|turn|3
|
|switch|p2a: Excadrill|Excadrill, M|361\/361
|-damage|p2a: Excadrill|350\/361|[from] Stealth Rock
|-ability|p2a: Excadrill|Mold Breaker
|-item|p2a: Excadrill|Air Balloon
|move|p1a: Skarmory|Brave Bird|p2a: Excadrill
|-resisted|p2a: Excadrill
|-damage|p2a: Excadrill|224\/361
|-enditem|p2a: Excadrill|Air Balloon
|-damage|p1a: Skarmory|0 fnt|[from] recoil|[of] p2a: Excadrill
|faint|p1a: Skarmory
|
|
|switch|p1a: Lopunny|Lopunny, F|271\/271
|turn|4
|
|switch|p2a: Scizor|Scizor, F|300\/300
|-damage|p2a: Scizor|263\/300|[from] Stealth Rock
|detailschange|p1a: Lopunny|Lopunny-Mega, F
|-mega|p1a: Lopunny|Lopunny|Lopunnite
|move|p1a: Lopunny|High Jump Kick|p2a: Scizor
|-damage|p2a: Scizor|41\/300
|
|turn|5
|
|move|p2a: Scizor|Bullet Punch|p1a: Lopunny
|-crit|p1a: Lopunny
|-damage|p1a: Lopunny|4\/271
|move|p1a: Lopunny|Return|p2a: Scizor
|-resisted|p2a: Scizor
|-damage|p2a: Scizor|0 fnt
|faint|p2a: Scizor
|
|
|switch|p2a: Victini|Victini|341\/341
|-damage|p2a: Victini|256\/341|[from] Stealth Rock
|turn|6
|
|switch|p1a: Azumarill|Azumarill, F|358\/358
|move|p2a: Victini|U-turn|p1a: Azumarill
|-resisted|p1a: Azumarill
|-damage|p1a: Azumarill|317\/358
|
|switch|p2a: Thundurus|Thundurus, M|299\/299
|-damage|p2a: Thundurus|225\/299|[from] Stealth Rock
|
|turn|7
|
|move|p1a: Azumarill|Aqua Jet|p2a: Thundurus
|-damage|p2a: Thundurus|102\/299
|move|p2a: Thundurus|Thunderbolt|p1a: Azumarill
|-supereffective|p1a: Azumarill
|-damage|p1a: Azumarill|0 fnt
|faint|p1a: Azumarill
|
|
|switch|p1a: Lopunny|Lopunny-Mega, F|4\/271
|turn|8
|
|move|p1a: Lopunny|Return|p2a: Thundurus
|-crit|p2a: Thundurus
|-damage|p2a: Thundurus|0 fnt
|faint|p2a: Thundurus
|
|
|switch|p2a: Victini|Victini|256\/341
|-damage|p2a: Victini|171\/341|[from] Stealth Rock
|turn|9
|
|switch|p1a: Breloom|Breloom, F|261\/261
|move|p2a: Victini|V-create|p1a: Breloom
|-supereffective|p1a: Breloom
|-enditem|p1a: Breloom|Focus Sash
|-damage|p1a: Breloom|1\/261
|-unboost|p2a: Victini|def|1
|-unboost|p2a: Victini|spd|1
|-unboost|p2a: Victini|spe|1
|
|turn|10
|
|move|p1a: Breloom|Mach Punch|p2a: Victini
|-resisted|p2a: Victini
|-damage|p2a: Victini|90\/341
|move|p2a: Victini|V-create|p1a: Breloom
|-supereffective|p1a: Breloom
|-damage|p1a: Breloom|0 fnt
|-unboost|p2a: Victini|def|1
|-unboost|p2a: Victini|spd|1
|-unboost|p2a: Victini|spe|1
|faint|p1a: Breloom
|
|
|switch|p1a: Gengar|Gengar, F|261\/261
|turn|11
|
|switch|p2a: Excadrill|Excadrill, M|224\/361
|-damage|p2a: Excadrill|213\/361|[from] Stealth Rock
|-ability|p2a: Excadrill|Mold Breaker
|move|p1a: Gengar|Shadow Ball|p2a: Excadrill
|-damage|p2a: Excadrill|0 fnt
|-damage|p1a: Gengar|235\/261|[from] item: Life Orb
|faint|p2a: Excadrill
|
|
|switch|p2a: Victini|Victini|90\/341
|-damage|p2a: Victini|5\/341|[from] Stealth Rock
|turn|12
|
|switch|p1a: Bisharp|Bisharp, F|272\/272
|move|p2a: Victini|V-create|p1a: Bisharp
|-supereffective|p1a: Bisharp
|-damage|p1a: Bisharp|0 fnt
|-unboost|p2a: Victini|def|1
|-unboost|p2a: Victini|spd|1
|-unboost|p2a: Victini|spe|1
|faint|p1a: Bisharp
|
|
|switch|p1a: Lopunny|Lopunny-Mega, F|4\/271
|turn|13
|
|move|p1a: Lopunny|Return|p2a: Victini
|-damage|p2a: Victini|0 fnt
|faint|p2a: Victini
|
|
|switch|p2a: Altaria|Altaria, F|354\/354
|-damage|p2a: Altaria|266\/354|[from] Stealth Rock
|turn|14
|
|detailschange|p2a: Altaria|Altaria-Mega, F
|-mega|p2a: Altaria|Altaria|Altarianite
|move|p1a: Lopunny|Ice Punch|p2a: Altaria
|-supereffective|p2a: Altaria
|-damage|p2a: Altaria|82\/354
|move|p2a: Altaria|Hyper Voice|p1a: Lopunny
|-supereffective|p1a: Lopunny
|-damage|p1a: Lopunny|0 fnt
|faint|p1a: Lopunny
|
|
|switch|p1a: Gengar|Gengar, F|235\/261
|turn|15
|
|move|p1a: Gengar|Sludge Wave|p2a: Altaria
|-supereffective|p2a: Altaria
|-damage|p2a: Altaria|0 fnt
|-damage|p1a: Gengar|209\/261|[from] item: Life Orb
|faint|p2a: Altaria
|
|
|switch|p2a: Keldeo-Resolute|Keldeo-Resolute|322\/322
|-damage|p2a: Keldeo-Resolute|302\/322|[from] Stealth Rock
|turn|16
|
|move|p1a: Gengar|Sludge Wave|p2a: Keldeo-Resolute
|-damage|p2a: Keldeo-Resolute|47\/322
|-damage|p1a: Gengar|183\/261|[from] item: Life Orb
|move|p2a: Keldeo-Resolute|Scald|p1a: Gengar
|-damage|p1a: Gengar|0 fnt
|-damage|p2a: Keldeo-Resolute|15\/322|[from] item: Life Orb
|faint|p1a: Gengar
|
|win|fuck christmas
|raw|Ladder updating...
|raw|ryzed's rating: 1725 &rarr; <strong>1704<\/strong><br \/>(-21 for losing)
|raw|fuck christmas's rating: 1696 &rarr; <strong>1718<\/strong><br \/>(+22 for winning)
|c|âfuck christmas|gg
|leave|fuck christmas
|player|p2