|join|ryzed
|join|not the hero
|player|p1|ryzed|266
|player|p2|not the hero|183
|gametype|singles
|gen|6
|tier|OU
|rated
|clearpoke
|poke|p1|Latios, M
|poke|p1|Gengar, M
|poke|p1|Wobbuffet, M
|poke|p1|Charizard, F
|poke|p1|Espeon, M
|poke|p1|Scolipede, M
|poke|p2|Lopunny, M
|poke|p2|Landorus-Therian, M
|poke|p2|Espeon, M
|poke|p2|Manaphy
|poke|p2|Manectric, F
|poke|p2|Sylveon, M
|rule|Swagger Clause: Swagger is banned
|rule|Baton Pass Clause: Limit one PokÃ©mon knowing Baton Pass
|rule|Sleep Clause Mod: Limit one foe put to sleep
|rule|Species Clause: Limit one of each PokÃ©mon
|rule|OHKO Clause: OHKO moves are banned
|rule|Moody Clause: Moody is banned
|rule|Evasion Moves Clause: Evasion moves are banned
|rule|Endless Battle Clause: Forcing endless battles is banned
|rule|HP Percentage Mod: HP is shown in percentages
|teampreview
|
|start
|switch|p1a: Latios|Latios, M|364\/364
|switch|p2a: doge|Lopunny, M|333\/333
|turn|1
|
|move|p1a: Latios|Reflect|p1a: Latios
|-sidestart|p1: ryzed|Reflect
|move|p2a: doge|Cosmic Power|p2a: doge
|-boost|p2a: doge|def|1
|-boost|p2a: doge|spd|1
|
|turn|2
|
|move|p1a: Latios|Light Screen|p1a: Latios
|-sidestart|p1: ryzed|move: Light Screen
|move|p2a: doge|Cosmic Power|p2a: doge
|-boost|p2a: doge|def|1
|-boost|p2a: doge|spd|1
|
|turn|3
|
|switch|p1a: Scolipede|Scolipede, M|323\/323
|move|p2a: doge|Cosmic Power|p2a: doge
|-boost|p2a: doge|def|1
|-boost|p2a: doge|spd|1
|
|turn|4
|
|move|p2a: doge|Switcheroo|p1a: Scolipede
|-activate|p2a: doge|move: Trick|[of] p1a: Scolipede
|-item|p1a: Scolipede|Assault Vest|[from] Trick
|-item|p2a: doge|Mental Herb|[from] Trick
|move|p1a: Scolipede|Iron Defense|p1a: Scolipede
|-boost|p1a: Scolipede|def|2
|
|-boost|p1a: Scolipede|spe|1|[from] ability: Speed Boost
|turn|5
|c|ânot the hero|yawn
|
|switch|p1a: Charizard|Charizard, F|360\/360
|move|p2a: doge|Cosmic Power|p2a: doge
|-boost|p2a: doge|def|1
|-boost|p2a: doge|spd|1
|
|turn|6
|
|detailschange|p1a: Charizard|Charizard-Mega-X, F
|-mega|p1a: Charizard|Charizard|Charizardite X
|move|p2a: doge|Baton Pass|p2a: doge
|
|switch|p2a: Sanic Doge|Landorus-Therian, M|339\/339
|-ability|p2a: Sanic Doge|Intimidate|[of] p1a: Charizard
|-unboost|p1a: Charizard|atk|1
|move|p1a: Charizard|Swords Dance|p1a: Charizard
|-boost|p1a: Charizard|atk|2
|
|turn|7
|
|switch|p1a: Wobbuffet|Wobbuffet, M|584\/584
|move|p2a: Sanic Doge|Swords Dance|p2a: Sanic Doge
|-boost|p2a: Sanic Doge|atk|2
|
|turn|8
|
|move|p2a: Sanic Doge|Knock Off|p1a: Wobbuffet
|-supereffective|p1a: Wobbuffet
|-damage|p1a: Wobbuffet|28\/584
|-enditem|p1a: Wobbuffet|Sitrus Berry|[from] move: Knock Off|[of] p2a: Sanic Doge
|-damage|p2a: Sanic Doge|306\/339|[from] item: Life Orb
|move|p1a: Wobbuffet|Encore|p2a: Sanic Doge
|-start|p2a: Sanic Doge|Encore
|
|-sideend|p1: ryzed|Reflect
|turn|9
|
|move|p2a: Sanic Doge|Knock Off|p1a: Wobbuffet
|-supereffective|p1a: Wobbuffet
|-damage|p1a: Wobbuffet|0 fnt
|-damage|p2a: Sanic Doge|273\/339|[from] item: Life Orb
|faint|p1a: Wobbuffet
|
|-sideend|p1: ryzed|move: Light Screen
|
|switch|p1a: Latios|Latios, M|364\/364
|turn|10
|
|move|p1a: Latios|Ice Beam|p2a: Sanic Doge
|-supereffective|p2a: Sanic Doge
|-damage|p2a: Sanic Doge|137\/339
|move|p2a: Sanic Doge|Knock Off|p1a: Latios
|-supereffective|p1a: Latios
|-damage|p1a: Latios|0 fnt
|-enditem|p1a: Latios|Light Clay|[from] move: Knock Off|[of] p2a: Sanic Doge
|-damage|p2a: Sanic Doge|104\/339|[from] item: Life Orb
|faint|p1a: Latios
|
|
|switch|p1a: Gengar|Gengar, M|261\/261
|turn|11
|c|ânot the hero|what le shit is that zero investement ice beam
|
|move|p1a: Gengar|Shadow Ball|p2a: Sanic Doge
|-crit|p2a: Sanic Doge
|-damage|p2a: Sanic Doge|0 fnt
|-damage|p1a: Gengar|235\/261|[from] item: Life Orb
|faint|p2a: Sanic Doge
|
|
|switch|p2a: Lightning doge|Manectric, F|297\/297
|turn|12
|
|detailschange|p2a: Lightning doge|Manectric-Mega, F
|-mega|p2a: Lightning doge|Manectric|Manectite
|-ability|p2a: Lightning doge|Intimidate|[of] p1a: Gengar
|-unboost|p1a: Gengar|atk|1
|move|p1a: Gengar|Sludge Wave|p2a: Lightning doge
|-damage|p2a: Lightning doge|38\/297
|-damage|p1a: Gengar|209\/261|[from] item: Life Orb
|move|p2a: Lightning doge|Volt Switch|p1a: Gengar
|-damage|p1a: Gengar|37\/261
|
|switch|p2a: reflecting doge|Espeon, M|334\/334
|
|turn|13
|
|move|p2a: reflecting doge|Dazzling Gleam|p1a: Gengar
|-resisted|p1a: Gengar
|-damage|p1a: Gengar|0 fnt
|faint|p1a: Gengar
|
|
|switch|p1a: Charizard|Charizard-Mega-X, F|360\/360
|turn|14
|
|switch|p2a: Lightning doge|Manectric-Mega, F|38\/297
|-ability|p2a: Lightning doge|Intimidate|[of] p1a: Charizard
|-unboost|p1a: Charizard|atk|1
|move|p1a: Charizard|Flare Blitz|p2a: Lightning doge
|-damage|p2a: Lightning doge|0 fnt
|-damage|p1a: Charizard|347\/360|[from] recoil|[of] p2a: Lightning doge
|faint|p2a: Lightning doge
|
|
|switch|p2a: cute doge|Manaphy|341\/341
|turn|15
|
|move|p2a: cute doge|Tail Glow|p2a: cute doge
|-boost|p2a: cute doge|spa|3
|move|p1a: Charizard|Swords Dance|p1a: Charizard
|-boost|p1a: Charizard|atk|2
|
|turn|16
|
|move|p2a: cute doge|Scald|p1a: Charizard
|-damage|p1a: Charizard|22\/360
|move|p1a: Charizard|Dragon Claw|p2a: cute doge
|-crit|p2a: cute doge
|-damage|p2a: cute doge|0 fnt
|faint|p2a: cute doge
|
|c|ânot the hero|really
|
|switch|p2a: reflecting doge|Espeon, M|334\/334
|turn|17
|
|switch|p1a: Scolipede|Scolipede, M|323\/323
|move|p2a: reflecting doge|Dazzling Gleam|p1a: Scolipede
|-resisted|p1a: Scolipede
|-damage|p1a: Scolipede|286\/323
|
|turn|18
|
|switch|p1a: Espeon|Espeon, M|334\/334
|move|p2a: reflecting doge|Calm Mind|p2a: reflecting doge
|-boost|p2a: reflecting doge|spa|1
|-boost|p2a: reflecting doge|spd|1
|
|turn|19
|
|move|p2a: reflecting doge|Calm Mind|p2a: reflecting doge
|-boost|p2a: reflecting doge|spa|1
|-boost|p2a: reflecting doge|spd|1
|move|p1a: Espeon|Calm Mind|p1a: Espeon
|-boost|p1a: Espeon|spa|1
|-boost|p1a: Espeon|spd|1
|
|turn|20
|c|ânot the hero|max spdef here, gl
|
|move|p2a: reflecting doge|Calm Mind|p2a: reflecting doge
|-boost|p2a: reflecting doge|spa|1
|-boost|p2a: reflecting doge|spd|1
|move|p1a: Espeon|Calm Mind|p1a: Espeon
|-boost|p1a: Espeon|spa|1
|-boost|p1a: Espeon|spd|1
|
|turn|21
|
|move|p2a: reflecting doge|Calm Mind|p2a: reflecting doge
|-boost|p2a: reflecting doge|spa|1
|-boost|p2a: reflecting doge|spd|1
|move|p1a: Espeon|Calm Mind|p1a: Espeon
|-boost|p1a: Espeon|spa|1
|-boost|p1a: Espeon|spd|1
|
|turn|22
|
|move|p2a: reflecting doge|Calm Mind|p2a: reflecting doge
|-boost|p2a: reflecting doge|spa|1
|-boost|p2a: reflecting doge|spd|1
|move|p1a: Espeon|Calm Mind|p1a: Espeon
|-boost|p1a: Espeon|spa|1
|-boost|p1a: Espeon|spd|1
|
|turn|23
|
|move|p2a: reflecting doge|Calm Mind|p2a: reflecting doge
|-boost|p2a: reflecting doge|spa|1
|-boost|p2a: reflecting doge|spd|1
|move|p1a: Espeon|Stored Power|p2a: reflecting doge
|-resisted|p2a: reflecting doge
|-damage|p2a: reflecting doge|223\/334
|
|-heal|p2a: reflecting doge|243\/334|[from] item: Leftovers
|turn|24
|
|move|p2a: reflecting doge|Stored Power|p1a: Espeon
|-resisted|p1a: Espeon
|-damage|p1a: Espeon|83\/334
|move|p1a: Espeon|Stored Power|p2a: reflecting doge
|-resisted|p2a: reflecting doge
|-damage|p2a: reflecting doge|145\/334
|
|-heal|p2a: reflecting doge|165\/334|[from] item: Leftovers
|-heal|p1a: Espeon|103\/334|[from] item: Leftovers
|turn|25
|-message|ryzed forfeited.
|
|win|not the hero
|raw|Ladder updating...
|raw|ryzed's rating: 1597 &rarr; <strong>1564<\/strong><br \/>(-33 for losing)
|raw|not the hero's rating: 1348 &rarr; <strong>1380<\/strong><br \/>(+32 for winning)
|leave|ryzed
|player|p1