|join|ryzed
|join|Truthster
|player|p1|ryzed|266
|player|p2|Truthster|56
|gametype|singles
|gen|6
|tier|OU
|rated
|clearpoke
|poke|p1|Lopunny, M
|poke|p1|Skarmory, F
|poke|p1|Breloom, M
|poke|p1|Azumarill, M
|poke|p1|Bisharp, M
|poke|p1|Gengar, F
|poke|p2|Metagross
|poke|p2|Mew
|poke|p2|Breloom, F
|poke|p2|Talonflame, M
|poke|p2|Landorus-Therian, M
|poke|p2|Kyurem-Black
|rule|Swagger Clause: Swagger is banned
|rule|Baton Pass Clause: Limit one PokÃ©mon knowing Baton Pass
|rule|Sleep Clause Mod: Limit one foe put to sleep
|rule|Species Clause: Limit one of each PokÃ©mon
|rule|OHKO Clause: OHKO moves are banned
|rule|Moody Clause: Moody is banned
|rule|Evasion Moves Clause: Evasion moves are banned
|rule|Endless Battle Clause: Forcing endless battles is banned
|rule|HP Percentage Mod: HP is shown in percentages
|teampreview
|
|start
|switch|p1a: Gengar|Gengar, F|261\/261
|switch|p2a: Mew|Mew|404\/404
|turn|1
|
|move|p1a: Gengar|Shadow Ball|p2a: Mew
|-supereffective|p2a: Mew
|-damage|p2a: Mew|123\/404
|-damage|p1a: Gengar|235\/261|[from] item: Life Orb
|move|p2a: Mew|Knock Off|p1a: Gengar
|-supereffective|p1a: Gengar
|-damage|p1a: Gengar|17\/261
|-enditem|p1a: Gengar|Life Orb|[from] move: Knock Off|[of] p2a: Mew
|
|-heal|p2a: Mew|148\/404|[from] item: Leftovers
|turn|2
|c|âryzed|thanks
|
|switch|p2a: Talonflame|Talonflame, M|297\/297
|move|p1a: Gengar|Shadow Ball|p2a: Talonflame
|-damage|p2a: Talonflame|99\/297
|
|-heal|p2a: Talonflame|117\/297|[from] item: Leftovers
|turn|3
|
|switch|p1a: Skarmory|Skarmory, F|271\/271
|move|p2a: Talonflame|Flare Blitz|p1a: Skarmory
|-supereffective|p1a: Skarmory
|-damage|p1a: Skarmory|53\/271
|-damage|p2a: Talonflame|45\/297|[from] recoil|[of] p1a: Skarmory
|-enditem|p1a: Skarmory|Salac Berry|[eat]
|-boost|p1a: Skarmory|spe|1|[from] item: Salac Berry
|
|-heal|p2a: Talonflame|63\/297|[from] item: Leftovers
|turn|4
|
|move|p1a: Skarmory|Stealth Rock|p2a: Talonflame
|-sidestart|p2: Truthster|move: Stealth Rock
|move|p2a: Talonflame|Flare Blitz|p1a: Skarmory
|-supereffective|p1a: Skarmory
|-damage|p1a: Skarmory|0 fnt
|-damage|p2a: Talonflame|46\/297|[from] recoil|[of] p1a: Skarmory
|faint|p1a: Skarmory
|
|-heal|p2a: Talonflame|64\/297|[from] item: Leftovers
|
|switch|p1a: Azumarill|Azumarill, M|358\/358
|turn|5
|
|move|p2a: Talonflame|Brave Bird|p1a: Azumarill
|-damage|p1a: Azumarill|196\/358
|-damage|p2a: Talonflame|11\/297|[from] recoil|[of] p1a: Azumarill
|move|p1a: Azumarill|Aqua Jet|p2a: Talonflame
|-supereffective|p2a: Talonflame
|-damage|p2a: Talonflame|0 fnt
|faint|p2a: Talonflame
|
|
|switch|p2a: Mew|Mew|148\/404
|-damage|p2a: Mew|98\/404|[from] Stealth Rock
|turn|6
|
|move|p2a: Mew|Defog|p1a: Azumarill
|-unboost|p1a: Azumarill|evasion|1
|-sideend|p2: Truthster|Stealth Rock|[from] move: Defog|[of] p2a: Mew
|move|p1a: Azumarill|Belly Drum|p1a: Azumarill
|-damage|p1a: Azumarill|17\/358
|-setboost|p1a: Azumarill|atk|6|[from] move: Belly Drum
|-enditem|p1a: Azumarill|Sitrus Berry|[eat]
|-heal|p1a: Azumarill|106\/358|[from] item: Sitrus Berry
|
|-heal|p2a: Mew|123\/404|[from] item: Leftovers
|turn|7
|
|move|p1a: Azumarill|Aqua Jet|p2a: Mew
|-damage|p2a: Mew|0 fnt
|faint|p2a: Mew
|
|
|switch|p2a: Kyurem-Black|Kyurem-Black|454\/454
|-ability|p2a: Kyurem-Black|Teravolt
|turn|8
|
|move|p1a: Azumarill|Aqua Jet|p2a: Kyurem-Black
|-resisted|p2a: Kyurem-Black
|-damage|p2a: Kyurem-Black|277\/454
|move|p2a: Kyurem-Black|Fusion Bolt|p1a: Azumarill
|-supereffective|p1a: Azumarill
|-damage|p1a: Azumarill|0 fnt
|faint|p1a: Azumarill
|
|-heal|p2a: Kyurem-Black|305\/454|[from] item: Leftovers
|
|switch|p1a: Lopunny|Lopunny, M|271\/271
|turn|9
|
|detailschange|p1a: Lopunny|Lopunny-Mega, M
|-mega|p1a: Lopunny|Lopunny|Lopunnite
|move|p1a: Lopunny|Ice Punch|p2a: Kyurem-Black
|-damage|p2a: Kyurem-Black|215\/454
|move|p2a: Kyurem-Black|Ice Beam|p1a: Lopunny
|-damage|p1a: Lopunny|142\/271
|
|-heal|p2a: Kyurem-Black|243\/454|[from] item: Leftovers
|turn|10
|
|move|p1a: Lopunny|High Jump Kick|p2a: Kyurem-Black
|-supereffective|p2a: Kyurem-Black
|-damage|p2a: Kyurem-Black|0 fnt
|faint|p2a: Kyurem-Black
|
|c|âTruthster|good thing i didnt switch
|
|switch|p2a: Metagross|Metagross|363\/363
|turn|11
|
|switch|p1a: Bisharp|Bisharp, M|272\/272
|detailschange|p2a: Metagross|Metagross-Mega
|-mega|p2a: Metagross|Metagross|Metagrossite
|move|p2a: Metagross|Earthquake|p1a: Bisharp
|-supereffective|p1a: Bisharp
|-damage|p1a: Bisharp|0 fnt
|faint|p1a: Bisharp
|
|
|switch|p1a: Gengar|Gengar, F|17\/261
|turn|12
|
|move|p2a: Metagross|Bullet Punch|p1a: Gengar
|-damage|p1a: Gengar|0 fnt
|faint|p1a: Gengar
|
|c|âryzed|wow u had bullet punch
|c|âryzed|why didnt u switch it on azu
|c|âryzed|lmao
|c|âryzed|bad players make me play bad
|
|switch|p1a: Breloom|Breloom, M|261\/261
|turn|13
|c|âTruthster|ouch
|
|move|p1a: Breloom|Spore|p2a: Metagross
|-status|p2a: Metagross|slp
|cant|p2a: Metagross|slp
|
|turn|14
|c|âryzed|rofl
|c|âryzed|slow gross
|
|switch|p1a: Lopunny|Lopunny-Mega, M|142\/271
|switch|p2a: Landorus-Therian|Landorus-Therian, M|319\/319
|-ability|p2a: Landorus-Therian|Intimidate|[of] p1a: Lopunny
|-unboost|p1a: Lopunny|atk|1
|
|turn|15
|
|move|p1a: Lopunny|Ice Punch|p2a: Landorus-Therian
|-supereffective|p2a: Landorus-Therian
|-damage|p2a: Landorus-Therian|47\/319
|move|p2a: Landorus-Therian|Earthquake|p1a: Lopunny
|-crit|p1a: Lopunny
|-damage|p1a: Lopunny|0 fnt
|-damage|p2a: Landorus-Therian|16\/319|[from] item: Life Orb
|faint|p1a: Lopunny
|
|
|switch|p1a: Breloom|Breloom, M|261\/261
|turn|16
|
|move|p1a: Breloom|Mach Punch|p2a: Landorus-Therian
|-resisted|p2a: Landorus-Therian
|-damage|p2a: Landorus-Therian|0 fnt
|faint|p2a: Landorus-Therian
|
|
|switch|p2a: Breloom|Breloom, F|261\/261
|turn|17
|
|move|p2a: Breloom|Mach Punch|p1a: Breloom
|-damage|p1a: Breloom|134\/261
|move|p1a: Breloom|Bullet Seed|p2a: Breloom
|-resisted|p2a: Breloom
|-damage|p2a: Breloom|219\/261
|-resisted|p2a: Breloom
|-damage|p2a: Breloom|180\/261
|-resisted|p2a: Breloom
|-damage|p2a: Breloom|138\/261
|-hitcount|p2a: Breloom|3
|
|turn|18
|
|move|p2a: Breloom|Mach Punch|p1a: Breloom
|-damage|p1a: Breloom|1\/261
|move|p1a: Breloom|Mach Punch|p2a: Breloom
|-crit|p2a: Breloom
|-damage|p2a: Breloom|0 fnt
|faint|p2a: Breloom
|
|
|switch|p2a: Metagross|Metagross-Mega|363\/363 slp
|turn|19
|c|âTruthster|crit may have mattered
|c|âTruthster|jus sayin
|c|âryzed|doesnt matter
|c|âryzed|u win
|c|âryzed|moron
|c|âTruthster|not necessarily
|
|move|p1a: Breloom|Mach Punch|p2a: Metagross
|-damage|p2a: Metagross|288\/363 slp
|-curestatus|p2a: Metagross|slp
|move|p2a: Metagross|Bullet Punch|p1a: Breloom
|-crit|p1a: Breloom
|-damage|p1a: Breloom|0 fnt
|faint|p1a: Breloom
|
|win|Truthster
|raw|Ladder updating...
|c|âTruthster|gg
|raw|ryzed's rating: 1635 &rarr; <strong>1607<\/strong><br \/>(-28 for losing)
|raw|Truthster's rating: 1483 &rarr; <strong>1511<\/strong><br \/>(+28 for winning)
|leave|ryzed
|player|p1