|join|zodiarch
|join|Ryzed
|player|p1|zodiarch|45
|player|p2|Ryzed|169
|gametype|singles
|tier|OU
|rated
|clearpoke
|poke|p1|Honchkrow, F
|poke|p1|Cofagrigus, M
|poke|p1|Lucario, M
|poke|p1|Heliolisk, M
|poke|p1|Talonflame, M
|poke|p1|Exeggutor, F
|poke|p2|Pinsir, F
|poke|p2|Heatran, M
|poke|p2|Clefable, F
|poke|p2|Excadrill, M
|poke|p2|Slowbro, M
|poke|p2|Rotom-Wash
|rule|Sleep Clause Mod: Limit one foe put to sleep
|rule|Species Clause: Limit one of each Pokemon
|rule|OHKO Clause: OHKO moves are banned
|rule|Moody Clause: Moody is banned
|rule|Evasion Moves Clause: Evasion moves are banned
|rule|Endless Battle Clause: Forcing endless battles is banned.
|rule|HP Percentage Mod: HP is reported as percentages
|teampreview
|callback|decision
|
|start
|switch|p1a: Lucario|Lucario, M|281\/281
|switch|p2a: Heatran|Heatran, M|324\/324
|turn|1
|callback|decision
|
|switch|p2a: Slowbro|Slowbro, M|394\/394
|-formechange|p1a: Lucario|Lucario-Mega
|message|Lucario has Mega Evolved into Mega Lucario!
|move|p1a: Lucario|Aura Sphere|p2a: Slowbro
|-resisted|p2a: Slowbro
|-damage|p2a: Slowbro|339\/394
|
|turn|2
|callback|decision
|
|switch|p1a: Exeggutor|Exeggutor, F|394\/394
|move|p2a: Slowbro|Scald|p1a: Exeggutor
|-resisted|p1a: Exeggutor
|-damage|p1a: Exeggutor|327\/394
|
|turn|3
|callback|decision
|
|switch|p2a: Clefable|Clefable, F|394\/394
|move|p1a: Exeggutor|Leech Seed|p2a: Clefable
|-start|p2a: Clefable|move: Leech Seed
|
|turn|4
|callback|decision
|
|move|p2a: Clefable|Moonblast|p1a: Exeggutor
|-damage|p1a: Exeggutor|61\/394
|move|p1a: Exeggutor|Stun Spore|p2a: Clefable
|-status|p2a: Clefable|par
|
|turn|5
|callback|decision
|
|switch|p1a: Talonflame|Talonflame, M|298\/298
|cant|p2a: Clefable|par
|
|turn|6
|callback|decision
|
|switch|p2a: Heatran|Heatran, M|324\/324
|move|p1a: Talonflame|Acrobatics|p2a: Heatran
|-resisted|p2a: Heatran
|-damage|p2a: Heatran|259\/324
|
|-heal|p2a: Heatran|279\/324|[from] item: Leftovers
|turn|7
|callback|decision
|
|move|p1a: Talonflame|U-turn|p2a: Heatran
|-resisted|p2a: Heatran
|-damage|p2a: Heatran|265\/324
|callback|decision
|
|switch|p1a: Honchkrow|Honchkrow, F|404\/404
|move|p2a: Heatran|Stealth Rock|p1a: Honchkrow
|-sidestart|p1: zodiarch|move: Stealth Rock
|
|-heal|p2a: Heatran|285\/324|[from] item: Leftovers
|turn|8
|callback|decision
|
|switch|p2a: Clefable|Clefable, F|394\/394 par
|move|p1a: Honchkrow|Night Slash|p2a: Clefable
|-resisted|p2a: Clefable
|-damage|p2a: Clefable|294\/394 par
|
|turn|9
|callback|decision
|
|move|p1a: Honchkrow|Brave Bird|p2a: Clefable
|-damage|p2a: Clefable|0 fnt
|-damage|p1a: Honchkrow|307\/404|[from] recoil|[of] p2a: Clefable
|faint|p2a: Clefable
|
|callback|decision
|
|switch|p2a: Rotom-Wash|Rotom-Wash|251\/251
|turn|10
|callback|decision
|
|move|p2a: Rotom-Wash|Volt Switch|p1a: Honchkrow
|-supereffective|p1a: Honchkrow
|-damage|p1a: Honchkrow|0 fnt
|faint|p1a: Honchkrow
|callback|decision
|
|switch|p2a: Pinsir|Pinsir, F|272\/272
|
|callback|decision
|
|switch|p1a: Talonflame|Talonflame, M|298\/298
|-damage|p1a: Talonflame|149\/298|[from] Stealth Rock
|turn|11
|callback|decision
|
|switch|p2a: Heatran|Heatran, M|285\/324
|move|p1a: Talonflame|Acrobatics|p2a: Heatran
|-resisted|p2a: Heatran
|-damage|p2a: Heatran|219\/324
|
|-heal|p2a: Heatran|239\/324|[from] item: Leftovers
|turn|12
|callback|decision
|
|move|p1a: Talonflame|Acrobatics|p2a: Heatran
|-resisted|p2a: Heatran
|-damage|p2a: Heatran|173\/324
|move|p2a: Heatran|Toxic|p1a: Talonflame
|-status|p1a: Talonflame|tox
|
|-heal|p2a: Heatran|193\/324|[from] item: Leftovers
|-damage|p1a: Talonflame|131\/298 tox|[from] psn
|turn|13
|callback|decision
|
|switch|p2a: Slowbro|Slowbro, M|394\/394
|move|p1a: Talonflame|Acrobatics|p2a: Slowbro
|-damage|p2a: Slowbro|259\/394
|
|-damage|p1a: Talonflame|95\/298 tox|[from] psn
|turn|14
|callback|decision
|
|switch|p2a: Heatran|Heatran, M|193\/324
|move|p1a: Talonflame|Acrobatics|p2a: Heatran
|-resisted|p2a: Heatran
|-damage|p2a: Heatran|128\/324
|
|-heal|p2a: Heatran|148\/324|[from] item: Leftovers
|-damage|p1a: Talonflame|41\/298 tox|[from] psn
|turn|15
|callback|decision
|
|move|p1a: Talonflame|Acrobatics|p2a: Heatran
|-resisted|p2a: Heatran
|-damage|p2a: Heatran|85\/324
|move|p2a: Heatran|Toxic|p1a: Talonflame
|-fail|p1a: Talonflame|tox
|
|-heal|p2a: Heatran|105\/324|[from] item: Leftovers
|-damage|p1a: Talonflame|0 fnt|[from] psn
|faint|p1a: Talonflame
|callback|decision
|
|switch|p1a: Heliolisk|Heliolisk, M|266\/266
|-damage|p1a: Heliolisk|233\/266|[from] Stealth Rock
|turn|16
|callback|decision
|
|move|p1a: Heliolisk|Parabolic Charge|p2a: Heatran
|-damage|p2a: Heatran|10\/324
|-heal|p1a: Heliolisk|266\/266|[from] drain|[of] p2a: Heatran
|-damage|p1a: Heliolisk|240\/266|[from] item: Life Orb
|move|p2a: Heatran|Earth Power|p1a: Heliolisk
|-supereffective|p1a: Heliolisk
|-damage|p1a: Heliolisk|10\/266
|
|-heal|p2a: Heatran|30\/324|[from] item: Leftovers
|turn|17
|callback|decision
|
|switch|p2a: Excadrill|Excadrill, M|375\/375
|-ability|p2a: Excadrill|Mold Breaker
|-item|p2a: Excadrill|Air Balloon
|move|p1a: Heliolisk|Parabolic Charge|p2a: Excadrill
|-immune|p2a: Excadrill|[msg]
|
|turn|18
|callback|decision
|
|switch|p2a: Rotom-Wash|Rotom-Wash|251\/251
|move|p1a: Heliolisk|Grass Knot|p2a: Rotom-Wash
|-supereffective|p2a: Rotom-Wash
|-damage|p2a: Rotom-Wash|202\/251
|-damage|p1a: Heliolisk|0 fnt|[from] item: Life Orb
|faint|p1a: Heliolisk
|
|callback|decision
|
|switch|p1a: Cofagrigus|Cofagrigus, M|320\/320
|-damage|p1a: Cofagrigus|280\/320|[from] Stealth Rock
|turn|19
|callback|decision
|
|move|p2a: Rotom-Wash|Trick|p1a: Cofagrigus
|-activate|p2a: Rotom-Wash|move: Trick|[of] p1a: Cofagrigus
|-item|p1a: Cofagrigus|Choice Scarf|[from] move: Trick
|-item|p2a: Rotom-Wash|Leftovers|[from] move: Trick
|move|p1a: Cofagrigus|Will-O-Wisp|p2a: Rotom-Wash
|-status|p2a: Rotom-Wash|brn
|
|-heal|p2a: Rotom-Wash|217\/251 brn|[from] item: Leftovers
|-damage|p2a: Rotom-Wash|186\/251 brn|[from] brn
|turn|20
|callback|decision
|
|switch|p1a: Exeggutor|Exeggutor, F|61\/394
|-damage|p1a: Exeggutor|12\/394|[from] Stealth Rock
|move|p2a: Rotom-Wash|Volt Switch|p1a: Exeggutor
|-resisted|p1a: Exeggutor
|-damage|p1a: Exeggutor|0 fnt
|faint|p1a: Exeggutor
|callback|decision
|
|switch|p2a: Heatran|Heatran, M|30\/324
|
|-heal|p2a: Heatran|50\/324|[from] item: Leftovers
|callback|decision
|
|switch|p1a: Lucario|Lucario, M|281\/281
|-formechange|p1a: Lucario|Lucario-Mega
|-damage|p1a: Lucario|273\/281|[from] Stealth Rock
|turn|21
|callback|decision
|
|move|p1a: Lucario|Aura Sphere|p2a: Heatran
|-supereffective|p2a: Heatran
|-damage|p2a: Heatran|0 fnt
|faint|p2a: Heatran
|
|callback|decision
|
|switch|p2a: Slowbro|Slowbro, M|390\/394
|turn|22
|callback|decision
|
|move|p1a: Lucario|Extreme Speed|p2a: Slowbro
|-damage|p2a: Slowbro|313\/394
|move|p2a: Slowbro|Scald|p1a: Lucario
|-damage|p1a: Lucario|153\/281
|
|turn|23
|callback|decision
|
|move|p1a: Lucario|Nasty Plot|p1a: Lucario
|-boost|p1a: Lucario|spa|2
|move|p2a: Slowbro|Scald|p1a: Lucario
|-damage|p1a: Lucario|21\/281
|
|turn|24
|callback|decision
|
|move|p1a: Lucario|Flash Cannon|p2a: Slowbro
|-resisted|p2a: Slowbro
|-damage|p2a: Slowbro|202\/394
|move|p2a: Slowbro|Scald|p1a: Lucario
|-damage|p1a: Lucario|0 fnt
|faint|p1a: Lucario
|
|callback|decision
|
|switch|p1a: Cofagrigus|Cofagrigus, M|280\/320
|-damage|p1a: Cofagrigus|240\/320|[from] Stealth Rock
|turn|25
|callback|decision
|
|move|p1a: Cofagrigus|Shadow Ball|p2a: Slowbro
|-supereffective|p2a: Slowbro
|-damage|p2a: Slowbro|68\/394
|move|p2a: Slowbro|Scald|p1a: Cofagrigus
|-damage|p1a: Cofagrigus|156\/320
|
|turn|26
|callback|decision
|
|switch|p2a: Excadrill|Excadrill, M|375\/375
|-ability|p2a: Excadrill|Mold Breaker
|-item|p2a: Excadrill|Air Balloon
|move|p1a: Cofagrigus|Shadow Ball|p2a: Excadrill
|-damage|p2a: Excadrill|186\/375
|-enditem|p2a: Excadrill|Air Balloon
|
|turn|27
|callback|decision
|
|move|p2a: Excadrill|Earthquake|p1a: Cofagrigus
|-damage|p1a: Cofagrigus|33\/320
|move|p1a: Cofagrigus|Shadow Ball|p2a: Excadrill
|-damage|p2a: Excadrill|0 fnt
|faint|p2a: Excadrill
|
|callback|decision
|
|switch|p2a: Pinsir|Pinsir, F|272\/272
|turn|28
|callback|decision
|
|-formechange|p2a: Pinsir|Pinsir-Mega
|message|Pinsir has Mega Evolved into Mega Pinsir!
|move|p2a: Pinsir|Return|p1a: Cofagrigus
|-damage|p1a: Cofagrigus|0 fnt
|-ability|p2a: Pinsir|Mummy|[from] Mummy
|faint|p1a: Cofagrigus
|
|win|Ryzed
|raw|Ladder updating...
|raw|zodiarch's rating: 1472 &rarr; <strong>1451<\/strong><br \/>(-21 for losing)
|raw|Ryzed's rating: 1413 &rarr; <strong>1574<\/strong><br \/>(+161 for winning)
|leave|zodiarch
|player|p1