|join|Newfriend chumpu
|join|ryzed
|player|p1|Newfriend chumpu|265
|player|p2|ryzed|102
|gametype|singles
|tier|OU
|rated
|clearpoke
|poke|p1|Charizard, M, shiny
|poke|p1|Conkeldurr, M
|poke|p1|Excadrill, M
|poke|p1|Tyranitar, M
|poke|p1|Rotom-Wash
|poke|p1|Sableye, F
|poke|p2|Pinsir, M
|poke|p2|Clefable, F
|poke|p2|Heatran, M
|poke|p2|Excadrill, M
|poke|p2|Slowbro, M
|poke|p2|Rotom-Wash
|rule|Sleep Clause Mod: Limit one foe put to sleep
|rule|Species Clause: Limit one of each Pokemon
|rule|OHKO Clause: OHKO moves are banned
|rule|Moody Clause: Moody is banned
|rule|Evasion Moves Clause: Evasion moves are banned
|rule|Endless Battle Clause: Forcing endless battles is banned.
|rule|HP Percentage Mod: HP is reported as percentages
|teampreview
|callback|decision
|join|lemon pee
|chat|Newfriend chumpu|Dangerous
|
|start
|switch|p1a: Conkeldurr|Conkeldurr, M|393\/393
|switch|p2a: Heatran|Heatran, M|339\/339
|turn|1
|callback|decision
|
|move|p2a: Heatran|Stealth Rock|p1a: Conkeldurr
|-sidestart|p1: Newfriend chumpu|move: Stealth Rock
|move|p1a: Conkeldurr|Knock Off|p2a: Heatran
|-damage|p2a: Heatran|204\/339
|-enditem|p2a: Heatran|Leftovers|[from] move: Knock Off|[of] p1a: Conkeldurr
|
|turn|2
|callback|decision
|
|switch|p2a: Pinsir|Pinsir, M|272\/272
|move|p1a: Conkeldurr|Knock Off|p2a: Pinsir
|-damage|p2a: Pinsir|187\/272
|
|turn|3
|callback|decision
|
|switch|p1a: Rotom-Wash|Rotom-Wash|241\/241
|-damage|p1a: Rotom-Wash|211\/241|[from] Stealth Rock
|-formechange|p2a: Pinsir|Pinsir-Mega
|message|Pinsir has Mega Evolved into Mega Pinsir!
|move|p2a: Pinsir|Return|p1a: Rotom-Wash
|-resisted|p1a: Rotom-Wash
|-damage|p1a: Rotom-Wash|81\/241
|
|turn|4
|callback|decision
|
|switch|p2a: Excadrill|Excadrill, M|369\/369
|-ability|p2a: Excadrill|Mold Breaker
|-item|p2a: Excadrill|Air Balloon
|move|p1a: Rotom-Wash|Volt Switch|p2a: Excadrill
|-immune|p2a: Excadrill|[msg]
|
|turn|5
|callback|decision
|
|switch|p1a: Conkeldurr|Conkeldurr, M|393\/393
|-damage|p1a: Conkeldurr|369\/393|[from] Stealth Rock
|move|p2a: Excadrill|Rock Slide|p1a: Conkeldurr
|-resisted|p1a: Conkeldurr
|-damage|p1a: Conkeldurr|327\/393
|
|turn|6
|callback|decision
|
|switch|p2a: Clefable|Clefable, F|394\/394
|move|p1a: Conkeldurr|Ice Punch|p2a: Clefable
|-damage|p2a: Clefable|268\/394
|
|turn|7
|callback|decision
|
|switch|p1a: Excadrill|Excadrill, M|377\/377
|-damage|p1a: Excadrill|366\/377|[from] Stealth Rock
|move|p2a: Clefable|Moonblast|p1a: Excadrill
|-resisted|p1a: Excadrill
|-damage|p1a: Excadrill|233\/377
|-unboost|p1a: Excadrill|spa|1
|
|turn|8
|callback|decision
|
|switch|p2a: Excadrill|Excadrill, M|369\/369
|-ability|p2a: Excadrill|Mold Breaker
|-item|p2a: Excadrill|Air Balloon
|move|p1a: Excadrill|Rapid Spin|p2a: Excadrill
|-crit|p2a: Excadrill
|-resisted|p2a: Excadrill
|-damage|p2a: Excadrill|333\/369
|-enditem|p2a: Excadrill|Air Balloon
|-sideend|p1: Newfriend chumpu|Stealth Rock|[from] move: Rapid Spin|[of] p1a: Excadrill
|-damage|p1a: Excadrill|196\/377|[from] item: Life Orb
|
|turn|9
|callback|decision
|
|switch|p2a: Pinsir|Pinsir, M|187\/272
|-formechange|p2a: Pinsir|Pinsir-Mega
|switch|p1a: Sableye|Sableye, F|303\/303
|
|turn|10
|callback|decision
|
|switch|p2a: Heatran|Heatran, M|204\/339
|move|p1a: Sableye|Taunt|p2a: Heatran
|-start|p2a: Heatran|move: Taunt
|
|turn|11
|callback|decision
|
|switch|p2a: Clefable|Clefable, F|268\/394
|switch|p1a: Tyranitar|Tyranitar, M|403\/403
|-weather|Sandstorm
|
|-weather|Sandstorm|[upkeep]
|turn|12
|callback|decision
|
|switch|p2a: Excadrill|Excadrill, M|333\/369
|-ability|p2a: Excadrill|Mold Breaker
|move|p1a: Tyranitar|Stealth Rock|p2a: Excadrill
|-sidestart|p2: ryzed|move: Stealth Rock
|
|-weather|Sandstorm|[upkeep]
|turn|13
|callback|decision
|
|switch|p1a: Sableye|Sableye, F|303\/303
|move|p2a: Excadrill|Swords Dance|p2a: Excadrill
|-boost|p2a: Excadrill|atk|2
|
|-weather|Sandstorm|[upkeep]
|-damage|p1a: Sableye|285\/303|[from] sandstorm
|-heal|p1a: Sableye|303\/303|[from] item: Leftovers
|turn|14
|callback|decision
|
|switch|p2a: Heatran|Heatran, M|204\/339
|-damage|p2a: Heatran|162\/339|[from] Stealth Rock
|move|p1a: Sableye|Will-O-Wisp|p2a: Heatran
|-start|p2a: Heatran|ability: Flash Fire
|
|-weather|Sandstorm|[upkeep]
|-damage|p1a: Sableye|285\/303|[from] sandstorm
|-heal|p1a: Sableye|303\/303|[from] item: Leftovers
|turn|15
|callback|decision
|
|switch|p1a: Charizard|Charizard, M, shiny|297\/297
|move|p2a: Heatran|Stealth Rock|p1a: Charizard
|-sidestart|p1: Newfriend chumpu|move: Stealth Rock
|
|-weather|Sandstorm|[upkeep]
|-damage|p1a: Charizard|279\/297|[from] sandstorm
|turn|16
|callback|decision
|
|-formechange|p1a: Charizard|Charizard-Mega-Y
|message|Charizard has Mega Evolved into Mega Charizard!
|-weather|SunnyDay
|move|p1a: Charizard|Earthquake|p2a: Heatran
|-supereffective|p2a: Heatran
|-damage|p2a: Heatran|0 fnt
|faint|p2a: Heatran
|
|-weather|SunnyDay|[upkeep]
|callback|decision
|chat|Newfriend chumpu|just for him
|
|switch|p2a: Rotom-Wash|Rotom-Wash|251\/251
|-damage|p2a: Rotom-Wash|220\/251|[from] Stealth Rock
|turn|17
|callback|decision
|
|switch|p1a: Tyranitar|Tyranitar, M|403\/403
|-damage|p1a: Tyranitar|353\/403|[from] Stealth Rock
|-weather|Sandstorm
|move|p2a: Rotom-Wash|Volt Switch|p1a: Tyranitar
|-damage|p1a: Tyranitar|299\/403
|callback|decision
|
|switch|p2a: Excadrill|Excadrill, M|333\/369
|-damage|p2a: Excadrill|322\/369|[from] Stealth Rock
|-ability|p2a: Excadrill|Mold Breaker
|
|-weather|Sandstorm|[upkeep]
|turn|18
|callback|decision
|
|move|p2a: Excadrill|Earthquake|p1a: Tyranitar
|-supereffective|p1a: Tyranitar
|-damage|p1a: Tyranitar|35\/403
|move|p1a: Tyranitar|Stealth Rock|p2a: Excadrill
|-fail|p2a: Excadrill
|
|-weather|Sandstorm|[upkeep]
|turn|19
|callback|decision
|
|switch|p1a: Sableye|Sableye, F|303\/303
|-damage|p1a: Sableye|266\/303|[from] Stealth Rock
|move|p2a: Excadrill|Rapid Spin|p1a: Sableye
|-immune|p1a: Sableye|[msg]
|
|-weather|Sandstorm|[upkeep]
|-damage|p1a: Sableye|248\/303|[from] sandstorm
|-heal|p1a: Sableye|266\/303|[from] item: Leftovers
|turn|20
|callback|decision
|
|switch|p2a: Clefable|Clefable, F|268\/394
|switch|p1a: Excadrill|Excadrill, M|196\/377
|-damage|p1a: Excadrill|185\/377|[from] Stealth Rock
|
|-weather|Sandstorm|[upkeep]
|turn|21
|callback|decision
|
|move|p1a: Excadrill|Rapid Spin|p2a: Clefable
|-damage|p2a: Clefable|228\/394
|-sideend|p1: Newfriend chumpu|Stealth Rock|[from] move: Rapid Spin|[of] p1a: Excadrill
|-damage|p1a: Excadrill|148\/377|[from] item: Life Orb
|move|p2a: Clefable|Hidden Power|p1a: Excadrill
|-supereffective|p1a: Excadrill
|-damage|p1a: Excadrill|0 fnt
|faint|p1a: Excadrill
|
|-weather|Sandstorm|[upkeep]
|callback|decision
|
|switch|p1a: Charizard|Charizard, M, shiny|279\/297
|-formechange|p1a: Charizard|Charizard-Mega-Y
|-weather|SunnyDay
|turn|22
|callback|decision
|
|move|p1a: Charizard|Flamethrower|p2a: Clefable
|-damage|p2a: Clefable|0 fnt
|faint|p2a: Clefable
|
|-weather|SunnyDay|[upkeep]
|callback|decision
|
|switch|p2a: Rotom-Wash|Rotom-Wash|220\/251
|-damage|p2a: Rotom-Wash|189\/251|[from] Stealth Rock
|turn|23
|callback|decision
|
|switch|p1a: Tyranitar|Tyranitar, M|35\/403
|-weather|Sandstorm
|move|p2a: Rotom-Wash|Volt Switch|p1a: Tyranitar
|-damage|p1a: Tyranitar|0 fnt
|faint|p1a: Tyranitar
|callback|decision
|
|switch|p2a: Slowbro|Slowbro, M|393\/393
|-damage|p2a: Slowbro|344\/393|[from] Stealth Rock
|
|-weather|Sandstorm|[upkeep]
|-damage|p2a: Slowbro|320\/393|[from] sandstorm
|callback|decision
|
|switch|p1a: Charizard|Charizard, M, shiny|279\/297
|-formechange|p1a: Charizard|Charizard-Mega-Y
|-weather|SunnyDay
|turn|24
|callback|decision
|
|switch|p2a: Pinsir|Pinsir, M|187\/272
|-formechange|p2a: Pinsir|Pinsir-Mega
|-damage|p2a: Pinsir|51\/272|[from] Stealth Rock
|move|p1a: Charizard|Solar Beam|p2a: Pinsir|[still]
|-prepare|p1a: Charizard|Solar Beam|p2a: Pinsir
|-anim|p1a: Charizard|Solar Beam|p2a: Pinsir
|-resisted|p2a: Pinsir
|-damage|p2a: Pinsir|10\/272
|
|-weather|SunnyDay|[upkeep]
|turn|25
|callback|decision
|
|switch|p1a: Rotom-Wash|Rotom-Wash|81\/241
|move|p2a: Pinsir|Return|p1a: Rotom-Wash
|-resisted|p1a: Rotom-Wash
|-damage|p1a: Rotom-Wash|0 fnt
|faint|p1a: Rotom-Wash
|
|-weather|SunnyDay|[upkeep]
|callback|decision
|
|switch|p1a: Sableye|Sableye, F|266\/303
|turn|26
|callback|decision
|
|move|p1a: Sableye|Will-O-Wisp|p2a: Pinsir
|-status|p2a: Pinsir|brn
|move|p2a: Pinsir|Return|p1a: Sableye
|-crit|p1a: Sableye
|-damage|p1a: Sableye|88\/303
|
|-weather|SunnyDay|[upkeep]
|-heal|p1a: Sableye|106\/303|[from] item: Leftovers
|-damage|p2a: Pinsir|0 fnt|[from] brn
|faint|p2a: Pinsir
|callback|decision
|
|switch|p2a: Rotom-Wash|Rotom-Wash|189\/251
|-damage|p2a: Rotom-Wash|158\/251|[from] Stealth Rock
|turn|27
|callback|decision
|
|move|p1a: Sableye|Taunt|p2a: Rotom-Wash
|-start|p2a: Rotom-Wash|move: Taunt
|move|p2a: Rotom-Wash|Volt Switch|p1a: Sableye
|-damage|p1a: Sableye|0 fnt
|faint|p1a: Sableye
|callback|decision
|
|switch|p2a: Slowbro|Slowbro, M|393\/393
|-damage|p2a: Slowbro|344\/393|[from] Stealth Rock
|
|-weather|SunnyDay|[upkeep]
|callback|decision
|
|switch|p1a: Conkeldurr|Conkeldurr, M|327\/393
|turn|28
|callback|decision
|
|move|p1a: Conkeldurr|Knock Off|p2a: Slowbro
|-supereffective|p2a: Slowbro
|-damage|p2a: Slowbro|118\/393
|-enditem|p2a: Slowbro|Assault Vest|[from] move: Knock Off|[of] p1a: Conkeldurr
|move|p2a: Slowbro|Psyshock|p1a: Conkeldurr
|-supereffective|p1a: Conkeldurr
|-damage|p1a: Conkeldurr|129\/393
|
|-weather|none
|turn|29
|callback|decision
|
|switch|p2a: Excadrill|Excadrill, M|322\/369
|-damage|p2a: Excadrill|311\/369|[from] Stealth Rock
|-ability|p2a: Excadrill|Mold Breaker
|move|p1a: Conkeldurr|Knock Off|p2a: Excadrill
|-damage|p2a: Excadrill|176\/369
|
|turn|30
|callback|decision
|
|move|p1a: Conkeldurr|Mach Punch|p2a: Excadrill
|-supereffective|p2a: Excadrill
|-damage|p2a: Excadrill|0 fnt
|faint|p2a: Excadrill
|
|callback|decision
|
|switch|p2a: Rotom-Wash|Rotom-Wash|158\/251
|-damage|p2a: Rotom-Wash|127\/251|[from] Stealth Rock
|turn|31
|callback|decision
|
|move|p2a: Rotom-Wash|Hydro Pump|p1a: Conkeldurr
|-damage|p1a: Conkeldurr|0 fnt
|faint|p1a: Conkeldurr
|
|callback|decision
|
|switch|p1a: Charizard|Charizard, M, shiny|279\/297
|-formechange|p1a: Charizard|Charizard-Mega-Y
|-weather|SunnyDay
|turn|32
|callback|decision
|
|switch|p2a: Slowbro|Slowbro, M|249\/393
|-damage|p2a: Slowbro|200\/393|[from] Stealth Rock
|move|p1a: Charizard|Solar Beam|p2a: Slowbro|[still]
|-prepare|p1a: Charizard|Solar Beam|p2a: Slowbro
|-anim|p1a: Charizard|Solar Beam|p2a: Slowbro
|-supereffective|p2a: Slowbro
|-damage|p2a: Slowbro|0 fnt
|faint|p2a: Slowbro
|
|-weather|SunnyDay|[upkeep]
|callback|decision
|
|switch|p2a: Rotom-Wash|Rotom-Wash|127\/251
|-damage|p2a: Rotom-Wash|96\/251|[from] Stealth Rock
|turn|33
|callback|decision
|
|move|p2a: Rotom-Wash|Volt Switch|p1a: Charizard
|-supereffective|p1a: Charizard
|-damage|p1a: Charizard|79\/297
|move|p1a: Charizard|Solar Beam|p2a: Rotom-Wash|[still]
|-prepare|p1a: Charizard|Solar Beam|p2a: Rotom-Wash
|-anim|p1a: Charizard|Solar Beam|p2a: Rotom-Wash
|-supereffective|p2a: Rotom-Wash
|-damage|p2a: Rotom-Wash|0 fnt
|faint|p2a: Rotom-Wash
|
|win|Newfriend chumpu
|raw|Ladder updating...
|chat|Newfriend chumpu|gg wp
|raw|Newfriend chumpu's rating: 2582 &rarr; <strong>2586<\/strong><br \/>(+4 for winning)
|raw|ryzed's rating: 2315 &rarr; <strong>2303<\/strong><br \/>(-12 for losing)
|leave|ryzed
|player|p2