|join|Ryzed
|join|bushaheen
|player|p1|Ryzed|1
|player|p2|bushaheen|163
|gametype|singles
|tier|Pokebank OU (beta)
|rated
|clearpoke
|poke|p1|Slowbro, M
|poke|p1|Tornadus-Therian, M
|poke|p1|Venusaur, M
|poke|p1|Heatran, M
|poke|p1|Skarmory, F
|poke|p1|Chansey, F
|poke|p2|Slaking, M
|poke|p2|Quagsire, M
|poke|p2|Heatran, F
|poke|p2|Hitmontop, M
|poke|p2|Cradily, M
|poke|p2|Ampharos, F
|rule|Sleep Clause Mod: Limit one foe put to sleep
|rule|Species Clause: Limit one of each Pokemon
|rule|Moody Clause: Moody is banned
|rule|OHKO Clause: OHKO moves are banned
|rule|Evasion Moves Clause: Evasion moves are banned
|rule|HP Percentage Mod: HP is reported as percentages
|teampreview
|callback|decision
|
|start
|switch|p1a: Tornadus-Therian|Tornadus-Therian, M|299\/299
|switch|p2a: Ampharos|Ampharos, F|384\/384
|turn|1
|callback|decision
|
|-formechange|p2a: Ampharos|Ampharos-Mega
|message|Ampharos has Mega Evolved into Mega Ampharos!
|-ability|p2a: Ampharos|Mold Breaker
|move|p1a: Tornadus-Therian|U-turn|p2a: Ampharos
|-damage|p2a: Ampharos|322\/384
|callback|decision
|
|switch|p1a: Chansey|Chansey, F|704\/704
|move|p2a: Ampharos|Volt Switch|p1a: Chansey
|-damage|p1a: Chansey|614\/704
|callback|decision
|
|switch|p2a: Slaking|Slaking, M|442\/442
|
|turn|2
|callback|decision
|
|switch|p1a: Heatran|Heatran, M|385\/385
|move|p2a: Slaking|Hammer Arm|p1a: Heatran
|-supereffective|p1a: Heatran
|-damage|p1a: Heatran|115\/385
|-unboost|p2a: Slaking|spe|1
|
|-heal|p1a: Heatran|139\/385|[from] item: Leftovers
|turn|3
|callback|decision
|
|switch|p2a: Cradily|Cradily, M|376\/376
|move|p1a: Heatran|Stealth Rock|p2a: Cradily
|-sidestart|p2: bushaheen|move: Stealth Rock
|
|-heal|p1a: Heatran|163\/385|[from] item: Leftovers
|turn|4
|callback|decision
|
|switch|p1a: Chansey|Chansey, F|614\/704
|move|p2a: Cradily|Stockpile|p2a: Cradily
|-start|p2a: Cradily|stockpile1
|-boost|p2a: Cradily|def|1
|-boost|p2a: Cradily|spd|1
|
|turn|5
|callback|decision
|
|switch|p2a: Heatran|Heatran, F|368\/368
|-damage|p2a: Heatran|322\/368|[from] Stealth Rock
|move|p1a: Chansey|Toxic|p2a: Heatran
|-fail|p2a: Heatran
|
|-heal|p2a: Heatran|345\/368|[from] item: Leftovers
|turn|6
|callback|decision
|
|switch|p1a: Slowbro|Slowbro, M|393\/393
|move|p2a: Heatran|Stealth Rock|p1a: Slowbro
|-sidestart|p1: Ryzed|move: Stealth Rock
|
|-heal|p2a: Heatran|368\/368|[from] item: Leftovers
|turn|7
|callback|decision
|
|switch|p2a: Ampharos|Ampharos, F|322\/384
|-formechange|p2a: Ampharos|Ampharos-Mega
|-damage|p2a: Ampharos|274\/384|[from] Stealth Rock
|-ability|p2a: Ampharos|Mold Breaker
|move|p1a: Slowbro|Psyshock|p2a: Ampharos
|-damage|p2a: Ampharos|183\/384
|
|turn|8
|callback|decision
|
|switch|p1a: Chansey|Chansey, F|614\/704
|-damage|p1a: Chansey|526\/704|[from] Stealth Rock
|move|p2a: Ampharos|Volt Switch|p1a: Chansey
|-damage|p1a: Chansey|432\/704
|callback|decision
|
|switch|p2a: Hitmontop|Hitmontop, M|304\/304
|-damage|p2a: Hitmontop|285\/304|[from] Stealth Rock
|-ability|p2a: Hitmontop|Intimidate|[of] p1a: Chansey
|-unboost|p1a: Chansey|atk|1
|
|-heal|p2a: Hitmontop|304\/304|[from] item: Leftovers
|turn|9
|callback|decision
|
|switch|p1a: Tornadus-Therian|Tornadus-Therian, M|299\/299
|-damage|p1a: Tornadus-Therian|225\/299|[from] Stealth Rock
|move|p2a: Hitmontop|Rapid Spin|p1a: Tornadus-Therian
|-damage|p1a: Tornadus-Therian|206\/299
|-sideend|p2: bushaheen|Stealth Rock|[from] move: Rapid Spin|[of] p2a: Hitmontop
|
|turn|10
|callback|decision
|
|switch|p2a: Heatran|Heatran, F|368\/368
|move|p1a: Tornadus-Therian|Air Slash|p2a: Heatran
|-resisted|p2a: Heatran
|-damage|p2a: Heatran|332\/368
|
|-heal|p2a: Heatran|355\/368|[from] item: Leftovers
|turn|11
|callback|decision
|
|move|p1a: Tornadus-Therian|Knock Off|p2a: Heatran
|-damage|p2a: Heatran|257\/368
|-enditem|p2a: Heatran|Leftovers|[from] move: Knock Off|[of] p1a: Tornadus-Therian
|move|p2a: Heatran|Roar|p1a: Tornadus-Therian
|drag|p1a: Skarmory|Skarmory, F|334\/334
|-damage|p1a: Skarmory|293\/334|[from] Stealth Rock
|
|turn|12
|callback|decision
|
|switch|p1a: Chansey|Chansey, F|432\/704
|-damage|p1a: Chansey|344\/704|[from] Stealth Rock
|move|p2a: Heatran|Earth Power|p1a: Chansey
|-crit|p1a: Chansey
|-damage|p1a: Chansey|240\/704
|
|turn|13
|callback|decision
|
|switch|p2a: Slaking|Slaking, M|442\/442
|move|p1a: Chansey|Soft-Boiled|p1a: Chansey
|-heal|p1a: Chansey|592\/704
|
|turn|14
|callback|decision
|
|move|p2a: Slaking|Hammer Arm|p1a: Chansey
|-supereffective|p1a: Chansey
|-damage|p1a: Chansey|208\/704
|-unboost|p2a: Slaking|spe|1
|move|p1a: Chansey|Soft-Boiled|p1a: Chansey
|-heal|p1a: Chansey|560\/704
|
|turn|15
|callback|decision
|
|switch|p2a: Hitmontop|Hitmontop, M|304\/304
|-ability|p2a: Hitmontop|Intimidate|[of] p1a: Chansey
|-unboost|p1a: Chansey|atk|1
|move|p1a: Chansey|Wish|p1a: Chansey
|
|turn|16
|callback|decision
|
|switch|p1a: Skarmory|Skarmory, F|293\/334
|-damage|p1a: Skarmory|252\/334|[from] Stealth Rock
|move|p2a: Hitmontop|Toxic|p1a: Skarmory
|-fail|p1a: Skarmory
|
|-heal|p1a: Skarmory|334\/334|[from] move: Wish|[wisher] Chansey
|turn|17
|callback|decision
|
|switch|p2a: Heatran|Heatran, F|257\/368
|move|p1a: Skarmory|Defog|p2a: Heatran
|-unboost|p2a: Heatran|evasion|1
|-sideend|p1: Ryzed|Stealth Rock|[from] move: Defog|[of] p1a: Skarmory
|
|turn|18
|callback|decision
|
|switch|p1a: Slowbro|Slowbro, M|393\/393
|move|p2a: Heatran|Stealth Rock|p1a: Slowbro
|-sidestart|p1: Ryzed|move: Stealth Rock
|
|turn|19
|callback|decision
|
|switch|p2a: Cradily|Cradily, M|376\/376
|move|p1a: Slowbro|Scald|p2a: Cradily
|-damage|p2a: Cradily|313\/376
|
|-heal|p2a: Cradily|336\/376|[from] item: Leftovers
|turn|20
|callback|decision
|
|move|p2a: Cradily|Toxic|p1a: Slowbro
|-status|p1a: Slowbro|tox
|move|p1a: Slowbro|Ice Beam|p2a: Cradily
|-supereffective|p2a: Cradily
|-damage|p2a: Cradily|240\/376
|
|-heal|p2a: Cradily|263\/376|[from] item: Leftovers
|-damage|p1a: Slowbro|369\/393 tox|[from] psn
|turn|21
|callback|decision
|
|switch|p1a: Chansey|Chansey, F|560\/704
|-damage|p1a: Chansey|472\/704|[from] Stealth Rock
|move|p2a: Cradily|Recover|p2a: Cradily
|-heal|p2a: Cradily|376\/376
|
|turn|22
|callback|decision
|
|switch|p2a: Heatran|Heatran, F|257\/368
|move|p1a: Chansey|Heal Bell|p1a: Chansey
|-cureteam|p1a: Chansey|[from] move: HealBell
|
|turn|23
|callback|decision
|
|move|p2a: Heatran|Lava Plume|p1a: Chansey
|-damage|p1a: Chansey|381\/704
|move|p1a: Chansey|Soft-Boiled|p1a: Chansey
|-heal|p1a: Chansey|704\/704
|
|turn|24
|callback|decision
|
|move|p1a: Chansey|Wish|p1a: Chansey
|move|p2a: Heatran|Roar|p1a: Chansey
|drag|p1a: Skarmory|Skarmory, F|334\/334
|-damage|p1a: Skarmory|293\/334|[from] Stealth Rock
|
|turn|25
|callback|decision
|
|switch|p1a: Slowbro|Slowbro, M|393\/393
|-damage|p1a: Slowbro|344\/393|[from] Stealth Rock
|move|p2a: Heatran|Roar|p1a: Slowbro
|drag|p1a: Skarmory|Skarmory, F|293\/334
|-damage|p1a: Skarmory|252\/334|[from] Stealth Rock
|
|-heal|p1a: Skarmory|334\/334|[from] move: Wish|[wisher] Chansey
|turn|26
|callback|decision
|
|switch|p1a: Slowbro|Slowbro, M|393\/393
|-damage|p1a: Slowbro|344\/393|[from] Stealth Rock
|move|p2a: Heatran|Lava Plume|p1a: Slowbro
|-crit|p1a: Slowbro
|-resisted|p1a: Slowbro
|-damage|p1a: Slowbro|260\/393
|
|turn|27
|callback|decision
|
|switch|p2a: Cradily|Cradily, M|376\/376
|move|p1a: Slowbro|Scald|p2a: Cradily
|-damage|p2a: Cradily|312\/376
|
|-heal|p2a: Cradily|335\/376|[from] item: Leftovers
|turn|28
|callback|decision
|
|switch|p1a: Skarmory|Skarmory, F|334\/334
|-damage|p1a: Skarmory|293\/334|[from] Stealth Rock
|move|p2a: Cradily|Energy Ball|p1a: Skarmory
|-resisted|p1a: Skarmory
|-damage|p1a: Skarmory|263\/334
|
|-heal|p2a: Cradily|358\/376|[from] item: Leftovers
|turn|29
|callback|decision
|
|switch|p2a: Heatran|Heatran, F|257\/368
|move|p1a: Skarmory|Defog|p2a: Heatran
|-unboost|p2a: Heatran|evasion|1
|-sideend|p1: Ryzed|Stealth Rock|[from] move: Defog|[of] p1a: Skarmory
|
|turn|30
|callback|decision
|
|switch|p1a: Slowbro|Slowbro, M|391\/393
|move|p2a: Heatran|Stealth Rock|p1a: Slowbro
|-sidestart|p1: Ryzed|move: Stealth Rock
|
|turn|31
|callback|decision
|
|switch|p2a: Ampharos|Ampharos, F|183\/384
|-formechange|p2a: Ampharos|Ampharos-Mega
|-ability|p2a: Ampharos|Mold Breaker
|move|p1a: Slowbro|Scald|p2a: Ampharos
|-resisted|p2a: Ampharos
|-damage|p2a: Ampharos|143\/384
|
|turn|32
|callback|decision
|
|move|p2a: Ampharos|Volt Switch|p1a: Slowbro
|-supereffective|p1a: Slowbro
|-damage|p1a: Slowbro|191\/393
|callback|decision
|
|switch|p2a: Slaking|Slaking, M|442\/442
|move|p1a: Slowbro|Ice Beam|p2a: Slaking
|-damage|p2a: Slaking|345\/442
|
|turn|33
|callback|decision
|
|switch|p1a: Skarmory|Skarmory, F|263\/334
|-damage|p1a: Skarmory|222\/334|[from] Stealth Rock
|move|p2a: Slaking|Night Slash|p1a: Skarmory
|-damage|p1a: Skarmory|163\/334
|-damage|p2a: Slaking|272\/442|[from] item: Rocky Helmet|[of] p1a: Skarmory
|
|turn|34
|callback|decision
|
|switch|p2a: Ampharos|Ampharos, F|143\/384
|-formechange|p2a: Ampharos|Ampharos-Mega
|-ability|p2a: Ampharos|Mold Breaker
|move|p1a: Skarmory|Roost|p1a: Skarmory
|-heal|p1a: Skarmory|330\/334
|
|turn|35
|callback|decision
|
|switch|p1a: Chansey|Chansey, F|704\/704
|-damage|p1a: Chansey|616\/704|[from] Stealth Rock
|move|p2a: Ampharos|Volt Switch|p1a: Chansey
|-damage|p1a: Chansey|523\/704
|callback|decision
|
|switch|p2a: Hitmontop|Hitmontop, M|304\/304
|-ability|p2a: Hitmontop|Intimidate|[of] p1a: Chansey
|-unboost|p1a: Chansey|atk|1
|
|turn|36
|callback|decision
|
|switch|p1a: Slowbro|Slowbro, M|322\/393
|-damage|p1a: Slowbro|273\/393|[from] Stealth Rock
|move|p2a: Hitmontop|Close Combat|p1a: Slowbro
|-resisted|p1a: Slowbro
|-damage|p1a: Slowbro|225\/393
|-unboost|p2a: Hitmontop|def|1
|-unboost|p2a: Hitmontop|spd|1
|
|turn|37
|callback|decision
|
|switch|p2a: Cradily|Cradily, M|358\/376
|switch|p1a: Skarmory|Skarmory, F|330\/334
|-damage|p1a: Skarmory|289\/334|[from] Stealth Rock
|
|-heal|p2a: Cradily|376\/376|[from] item: Leftovers
|turn|38
|callback|decision
|
|switch|p2a: Heatran|Heatran, F|257\/368
|move|p1a: Skarmory|Defog|p2a: Heatran
|-unboost|p2a: Heatran|evasion|1
|-sideend|p1: Ryzed|Stealth Rock|[from] move: Defog|[of] p1a: Skarmory
|
|turn|39
|callback|decision
|
|switch|p1a: Slowbro|Slowbro, M|356\/393
|move|p2a: Heatran|Lava Plume|p1a: Slowbro
|-resisted|p1a: Slowbro
|-damage|p1a: Slowbro|301\/393
|-status|p1a: Slowbro|brn
|
|-damage|p1a: Slowbro|252\/393 brn|[from] brn
|turn|40
|callback|decision
|
|switch|p2a: Cradily|Cradily, M|376\/376
|move|p1a: Slowbro|Scald|p2a: Cradily
|-damage|p2a: Cradily|309\/376
|-status|p2a: Cradily|brn
|
|-heal|p2a: Cradily|332\/376 brn|[from] item: Leftovers
|-damage|p2a: Cradily|285\/376 brn|[from] brn
|-damage|p1a: Slowbro|203\/393 brn|[from] brn
|turn|41
|callback|decision
|
|switch|p2a: Heatran|Heatran, F|257\/368
|switch|p1a: Chansey|Chansey, F|523\/704
|
|turn|42
|callback|decision
|
|move|p2a: Heatran|Stealth Rock|p1a: Chansey
|-sidestart|p1: Ryzed|move: Stealth Rock
|move|p1a: Chansey|Wish|p1a: Chansey
|
|turn|43
|callback|decision
|
|move|p1a: Chansey|Heal Bell|p1a: Chansey
|-cureteam|p1a: Chansey|[from] move: HealBell
|move|p2a: Heatran|Roar|p1a: Chansey
|drag|p1a: Skarmory|Skarmory, F|289\/334
|-damage|p1a: Skarmory|248\/334|[from] Stealth Rock
|
|-heal|p1a: Skarmory|334\/334|[from] move: Wish|[wisher] Chansey
|turn|44
|callback|decision
|
|switch|p2a: Ampharos|Ampharos, F|143\/384
|-formechange|p2a: Ampharos|Ampharos-Mega
|-ability|p2a: Ampharos|Mold Breaker
|switch|p1a: Slowbro|Slowbro, M|334\/393
|-damage|p1a: Slowbro|285\/393|[from] Stealth Rock
|
|turn|45
|callback|decision
|
|switch|p1a: Chansey|Chansey, F|523\/704
|-damage|p1a: Chansey|435\/704|[from] Stealth Rock
|move|p2a: Ampharos|Thunderbolt|p1a: Chansey
|-damage|p1a: Chansey|324\/704
|
|turn|46
|callback|decision
|
|switch|p2a: Hitmontop|Hitmontop, M|304\/304
|-ability|p2a: Hitmontop|Intimidate|[of] p1a: Chansey
|-unboost|p1a: Chansey|atk|1
|move|p1a: Chansey|Soft-Boiled|p1a: Chansey
|-heal|p1a: Chansey|676\/704
|
|turn|47
|callback|decision
|
|switch|p1a: Slowbro|Slowbro, M|393\/393
|-damage|p1a: Slowbro|344\/393|[from] Stealth Rock
|move|p2a: Hitmontop|Toxic|p1a: Slowbro
|-status|p1a: Slowbro|tox
|
|-damage|p1a: Slowbro|320\/393 tox|[from] psn
|turn|48
|callback|decision
|
|switch|p2a: Cradily|Cradily, M|285\/376 brn
|move|p1a: Slowbro|Psyshock|p2a: Cradily
|-damage|p2a: Cradily|194\/376 brn
|
|-heal|p2a: Cradily|217\/376 brn|[from] item: Leftovers
|-damage|p2a: Cradily|170\/376 brn|[from] brn
|-damage|p1a: Slowbro|272\/393 tox|[from] psn
|turn|49
|callback|decision
|
|switch|p1a: Heatran|Heatran, M|163\/385
|-damage|p1a: Heatran|115\/385|[from] Stealth Rock
|move|p2a: Cradily|Recover|p2a: Cradily
|-heal|p2a: Cradily|358\/376 brn
|
|-heal|p1a: Heatran|139\/385|[from] item: Leftovers
|-heal|p2a: Cradily|376\/376 brn|[from] item: Leftovers
|-damage|p2a: Cradily|329\/376 brn|[from] brn
|turn|50
|callback|decision
|
|move|p1a: Heatran|Stealth Rock|p2a: Cradily
|-sidestart|p2: bushaheen|move: Stealth Rock
|move|p2a: Cradily|Stockpile|p2a: Cradily
|-start|p2a: Cradily|stockpile1
|-boost|p2a: Cradily|def|1
|-boost|p2a: Cradily|spd|1
|
|-heal|p1a: Heatran|163\/385|[from] item: Leftovers
|-heal|p2a: Cradily|352\/376 brn|[from] item: Leftovers
|-damage|p2a: Cradily|305\/376 brn|[from] brn
|turn|51
|callback|decision
|
|switch|p1a: Chansey|Chansey, F|676\/704
|-damage|p1a: Chansey|588\/704|[from] Stealth Rock
|move|p2a: Cradily|Recover|p2a: Cradily
|-heal|p2a: Cradily|376\/376 brn
|
|-damage|p2a: Cradily|329\/376 brn|[from] brn
|turn|52
|callback|decision
|
|move|p1a: Chansey|Wish|p1a: Chansey
|move|p2a: Cradily|Stockpile|p2a: Cradily
|-start|p2a: Cradily|stockpile2
|-boost|p2a: Cradily|def|1
|-boost|p2a: Cradily|spd|1
|
|-heal|p2a: Cradily|352\/376 brn|[from] item: Leftovers
|-damage|p2a: Cradily|305\/376 brn|[from] brn
|turn|53
|callback|decision
|
|switch|p1a: Heatran|Heatran, M|163\/385
|-damage|p1a: Heatran|115\/385|[from] Stealth Rock
|move|p2a: Cradily|Energy Ball|p1a: Heatran
|-resisted|p1a: Heatran
|-damage|p1a: Heatran|99\/385
|
|-heal|p1a: Heatran|385\/385|[from] move: Wish|[wisher] Chansey
|-heal|p2a: Cradily|328\/376 brn|[from] item: Leftovers
|-damage|p2a: Cradily|281\/376 brn|[from] brn
|turn|54
|callback|decision
|
|move|p2a: Cradily|Stockpile|p2a: Cradily
|-start|p2a: Cradily|stockpile3
|-boost|p2a: Cradily|def|1
|-boost|p2a: Cradily|spd|1
|move|p1a: Heatran|Roar|p2a: Cradily
|-activate|p2a: Cradily|ability: Suction Cups
|
|-heal|p2a: Cradily|304\/376 brn|[from] item: Leftovers
|-damage|p2a: Cradily|257\/376 brn|[from] brn
|turn|55
|callback|decision
|
|switch|p1a: Tornadus-Therian|Tornadus-Therian, M|299\/299
|-damage|p1a: Tornadus-Therian|225\/299|[from] Stealth Rock
|move|p2a: Cradily|Recover|p2a: Cradily
|-heal|p2a: Cradily|376\/376 brn
|
|-damage|p2a: Cradily|329\/376 brn|[from] brn
|turn|56
|callback|decision
|
|move|p1a: Tornadus-Therian|Knock Off|p2a: Cradily
|-damage|p2a: Cradily|289\/376 brn
|-enditem|p2a: Cradily|Leftovers|[from] move: Knock Off|[of] p1a: Tornadus-Therian
|move|p2a: Cradily|Toxic|p1a: Tornadus-Therian
|-status|p1a: Tornadus-Therian|tox
|
|-damage|p1a: Tornadus-Therian|207\/299 tox|[from] psn
|-damage|p2a: Cradily|242\/376 brn|[from] brn
|turn|57
|callback|decision
|
|move|p1a: Tornadus-Therian|U-turn|p2a: Cradily
|-supereffective|p2a: Cradily
|-damage|p2a: Cradily|184\/376 brn
|callback|decision
|
|switch|p1a: Skarmory|Skarmory, F|334\/334
|-damage|p1a: Skarmory|293\/334|[from] Stealth Rock
|move|p2a: Cradily|Recover|p2a: Cradily
|-heal|p2a: Cradily|372\/376 brn
|
|-damage|p2a: Cradily|325\/376 brn|[from] brn
|turn|58
|callback|decision
|
|move|p1a: Skarmory|Defog|p2a: Cradily
|-unboost|p2a: Cradily|evasion|1
|-sideend|p2: bushaheen|Stealth Rock|[from] move: Defog|[of] p2a: Cradily
|-sideend|p1: Ryzed|Stealth Rock|[from] move: Defog|[of] p1a: Skarmory
|move|p2a: Cradily|Energy Ball|p1a: Skarmory
|-resisted|p1a: Skarmory
|-damage|p1a: Skarmory|264\/334
|
|-damage|p2a: Cradily|278\/376 brn|[from] brn
|turn|59
|callback|decision
|
|switch|p1a: Chansey|Chansey, F|588\/704
|move|p2a: Cradily|Recover|p2a: Cradily
|-heal|p2a: Cradily|376\/376 brn
|
|-damage|p2a: Cradily|329\/376 brn|[from] brn
|turn|60
|callback|decision
|
|move|p1a: Chansey|Heal Bell|p1a: Chansey
|-cureteam|p1a: Chansey|[from] move: HealBell
|move|p2a: Cradily|Toxic|p1a: Chansey
|-status|p1a: Chansey|tox
|
|-damage|p1a: Chansey|544\/704 tox|[from] psn
|-damage|p2a: Cradily|282\/376 brn|[from] brn
|turn|61
|callback|decision
|
|switch|p1a: Skarmory|Skarmory, F|264\/334
|move|p2a: Cradily|Toxic|p1a: Skarmory
|-fail|p1a: Skarmory
|
|-damage|p2a: Cradily|235\/376 brn|[from] brn
|turn|62
|callback|decision
|
|move|p1a: Skarmory|Roost|p1a: Skarmory
|-heal|p1a: Skarmory|334\/334
|move|p2a: Cradily|Recover|p2a: Cradily
|-heal|p2a: Cradily|376\/376 brn
|
|-damage|p2a: Cradily|329\/376 brn|[from] brn
|turn|63
|callback|decision
|
|move|p1a: Skarmory|Taunt|p2a: Cradily
|-start|p2a: Cradily|move: Taunt
|move|p2a: Cradily|Energy Ball|p1a: Skarmory
|-resisted|p1a: Skarmory
|-damage|p1a: Skarmory|307\/334
|
|-damage|p2a: Cradily|282\/376 brn|[from] brn
|turn|64
|callback|decision
|
|switch|p1a: Tornadus-Therian|Tornadus-Therian, M|299\/299
|switch|p2a: Ampharos|Ampharos, F|143\/384
|-formechange|p2a: Ampharos|Ampharos-Mega
|-ability|p2a: Ampharos|Mold Breaker
|
|turn|65
|callback|decision
|
|move|p1a: Tornadus-Therian|U-turn|p2a: Ampharos
|-damage|p2a: Ampharos|78\/384
|callback|decision
|
|switch|p1a: Chansey|Chansey, F|544\/704
|move|p2a: Ampharos|Thunderbolt|p1a: Chansey
|-crit|p1a: Chansey
|-damage|p1a: Chansey|379\/704
|
|turn|66
|callback|decision
|
|move|p1a: Chansey|Soft-Boiled|p1a: Chansey
|-heal|p1a: Chansey|704\/704
|move|p2a: Ampharos|Volt Switch|p1a: Chansey
|-damage|p1a: Chansey|608\/704
|callback|decision
|
|switch|p2a: Hitmontop|Hitmontop, M|304\/304
|-ability|p2a: Hitmontop|Intimidate|[of] p1a: Chansey
|-unboost|p1a: Chansey|atk|1
|
|turn|67
|callback|decision
|
|move|p2a: Hitmontop|Close Combat|p1a: Chansey
|-crit|p1a: Chansey
|-supereffective|p1a: Chansey
|-damage|p1a: Chansey|30\/704
|-unboost|p2a: Hitmontop|def|1
|-unboost|p2a: Hitmontop|spd|1
|move|p1a: Chansey|Toxic|p2a: Hitmontop|[miss]
|-miss|p1a: Chansey|p2a: Hitmontop
|
|turn|68
|callback|decision
|
|switch|p1a: Tornadus-Therian|Tornadus-Therian, M|299\/299
|move|p2a: Hitmontop|Close Combat|p1a: Tornadus-Therian
|-resisted|p1a: Tornadus-Therian
|-damage|p1a: Tornadus-Therian|219\/299
|-unboost|p2a: Hitmontop|def|1
|-unboost|p2a: Hitmontop|spd|1
|
|turn|69
|callback|decision
|
|switch|p2a: Heatran|Heatran, F|257\/368
|move|p1a: Tornadus-Therian|Air Slash|p2a: Heatran
|-resisted|p2a: Heatran
|-damage|p2a: Heatran|223\/368
|
|turn|70
|callback|decision
|
|move|p1a: Tornadus-Therian|Superpower|p2a: Heatran
|-supereffective|p2a: Heatran
|-damage|p2a: Heatran|0 fnt
|-unboost|p1a: Tornadus-Therian|atk|1
|-unboost|p1a: Tornadus-Therian|def|1
|faint|p2a: Heatran
|
|callback|decision
|
|switch|p2a: Slaking|Slaking, M|272\/442
|turn|71
|callback|decision
|
|move|p2a: Slaking|Retaliate|p1a: Tornadus-Therian
|-damage|p1a: Tornadus-Therian|0 fnt
|faint|p1a: Tornadus-Therian
|
|callback|decision
|
|switch|p1a: Chansey|Chansey, F|30\/704
|turn|72
|callback|decision
|
|switch|p2a: Hitmontop|Hitmontop, M|304\/304
|-ability|p2a: Hitmontop|Intimidate|[of] p1a: Chansey
|-unboost|p1a: Chansey|atk|1
|move|p1a: Chansey|Soft-Boiled|p1a: Chansey
|-heal|p1a: Chansey|382\/704
|
|turn|73
|callback|decision
|
|move|p2a: Hitmontop|Close Combat|p1a: Chansey
|-supereffective|p1a: Chansey
|-damage|p1a: Chansey|0 fnt
|-unboost|p2a: Hitmontop|def|1
|-unboost|p2a: Hitmontop|spd|1
|faint|p1a: Chansey
|
|callback|decision
|
|switch|p1a: Skarmory|Skarmory, F|307\/334
|turn|74
|callback|decision
|chat|Ryzed|lucky crits op
|
|switch|p2a: Cradily|Cradily, M|282\/376 brn
|move|p1a: Skarmory|Brave Bird|p2a: Cradily
|-damage|p2a: Cradily|173\/376 brn
|-damage|p1a: Skarmory|271\/334|[from] recoil|[of] p2a: Cradily
|
|-damage|p2a: Cradily|126\/376 brn|[from] brn
|turn|75
|callback|decision
|chat|bushaheen|what do you expect from a 75 turn match
|chat|bushaheen|there must be hax
|chat|bushaheen|i cant do anything
|chat|bushaheen|sorry :(
|
|move|p1a: Skarmory|Defog|p2a: Cradily
|-unboost|p2a: Cradily|evasion|1
|move|p2a: Cradily|Recover|p2a: Cradily
|-heal|p2a: Cradily|314\/376 brn
|
|-damage|p2a: Cradily|267\/376 brn|[from] brn
|turn|76
|callback|decision
|
|move|p1a: Skarmory|Taunt|p2a: Cradily
|-start|p2a: Cradily|move: Taunt
|cant|p2a: Cradily|move: Taunt|Recover
|
|-damage|p2a: Cradily|220\/376 brn|[from] brn
|turn|77
|callback|decision
|
|switch|p2a: Ampharos|Ampharos, F|78\/384
|-formechange|p2a: Ampharos|Ampharos-Mega
|-ability|p2a: Ampharos|Mold Breaker
|move|p1a: Skarmory|Brave Bird|p2a: Ampharos
|-resisted|p2a: Ampharos
|-damage|p2a: Ampharos|24\/384
|-damage|p1a: Skarmory|253\/334|[from] recoil|[of] p2a: Ampharos
|
|turn|78
|callback|decision
|
|move|p1a: Skarmory|Brave Bird|p2a: Ampharos
|-resisted|p2a: Ampharos
|-damage|p2a: Ampharos|0 fnt
|-damage|p1a: Skarmory|245\/334|[from] recoil|[of] p2a: Ampharos
|faint|p2a: Ampharos
|
|callback|decision
|
|switch|p2a: Quagsire|Quagsire, M|394\/394
|turn|79
|callback|decision
|
|move|p1a: Skarmory|Taunt|p2a: Quagsire
|-start|p2a: Quagsire|move: Taunt
|move|p2a: Quagsire|Scald|p1a: Skarmory
|-damage|p1a: Skarmory|163\/334
|
|turn|80
|callback|decision
|
|move|p1a: Skarmory|Roost|p1a: Skarmory
|-heal|p1a: Skarmory|330\/334
|move|p2a: Quagsire|Scald|p1a: Skarmory
|-damage|p1a: Skarmory|245\/334
|-status|p1a: Skarmory|brn
|
|-damage|p1a: Skarmory|204\/334 brn|[from] brn
|turn|81
|callback|decision
|
|switch|p1a: Venusaur|Venusaur, M|364\/364
|move|p2a: Quagsire|Scald|p1a: Venusaur
|-resisted|p1a: Venusaur
|-damage|p1a: Venusaur|334\/364
|
|-end|p2a: Quagsire|move: Taunt
|turn|82
|callback|decision
|
|switch|p2a: Cradily|Cradily, M|220\/376 brn
|-formechange|p1a: Venusaur|Venusaur-Mega
|message|Venusaur has Mega Evolved into Mega Venusaur!
|move|p1a: Venusaur|Giga Drain|p2a: Cradily
|-damage|p2a: Cradily|147\/376 brn
|-heal|p1a: Venusaur|364\/364|[from] drain|[of] p2a: Cradily
|
|-damage|p2a: Cradily|100\/376 brn|[from] brn
|turn|83
|callback|decision
|
|switch|p1a: Heatran|Heatran, M|385\/385
|move|p2a: Cradily|Recover|p2a: Cradily
|-heal|p2a: Cradily|288\/376 brn
|
|-damage|p2a: Cradily|241\/376 brn|[from] brn
|turn|84
|callback|decision
|
|switch|p1a: Slowbro|Slowbro, M|393\/393
|switch|p2a: Slaking|Slaking, M|272\/442
|
|turn|85
|callback|decision
|
|switch|p2a: Cradily|Cradily, M|241\/376 brn
|move|p1a: Slowbro|Psyshock|p2a: Cradily
|-damage|p2a: Cradily|136\/376 brn
|
|-damage|p2a: Cradily|89\/376 brn|[from] brn
|turn|86
|callback|decision
|
|move|p2a: Cradily|Recover|p2a: Cradily
|-heal|p2a: Cradily|277\/376 brn
|move|p1a: Slowbro|Psyshock|p2a: Cradily
|-damage|p2a: Cradily|174\/376 brn
|
|-damage|p2a: Cradily|127\/376 brn|[from] brn
|turn|87
|callback|decision
|
|switch|p1a: Heatran|Heatran, M|385\/385
|move|p2a: Cradily|Recover|p2a: Cradily
|-heal|p2a: Cradily|315\/376 brn
|
|-damage|p2a: Cradily|268\/376 brn|[from] brn
|turn|88
|callback|decision
|
|move|p1a: Heatran|Stealth Rock|p2a: Cradily
|-sidestart|p2: bushaheen|move: Stealth Rock
|move|p2a: Cradily|Stockpile|p2a: Cradily
|-start|p2a: Cradily|stockpile1
|-boost|p2a: Cradily|def|1
|-boost|p2a: Cradily|spd|1
|
|-damage|p2a: Cradily|221\/376 brn|[from] brn
|turn|89
|callback|decision
|
|switch|p1a: Skarmory|Skarmory, F|204\/334 brn
|move|p2a: Cradily|Recover|p2a: Cradily
|-heal|p2a: Cradily|376\/376 brn
|
|-damage|p1a: Skarmory|163\/334 brn|[from] brn
|-damage|p2a: Cradily|329\/376 brn|[from] brn
|turn|90
|callback|decision
|
|move|p1a: Skarmory|Roost|p1a: Skarmory
|-heal|p1a: Skarmory|330\/334 brn
|move|p2a: Cradily|Stockpile|p2a: Cradily
|-start|p2a: Cradily|stockpile2
|-boost|p2a: Cradily|def|1
|-boost|p2a: Cradily|spd|1
|
|-damage|p1a: Skarmory|289\/334 brn|[from] brn
|-damage|p2a: Cradily|282\/376 brn|[from] brn
|turn|91
|callback|decision
|
|switch|p2a: Quagsire|Quagsire, M|394\/394
|-damage|p2a: Quagsire|370\/394|[from] Stealth Rock
|move|p1a: Skarmory|Taunt|p2a: Quagsire
|-start|p2a: Quagsire|move: Taunt
|
|-heal|p2a: Quagsire|394\/394|[from] item: Leftovers
|-damage|p1a: Skarmory|248\/334 brn|[from] brn
|turn|92
|callback|decision
|
|switch|p1a: Venusaur|Venusaur, M|364\/364
|-formechange|p1a: Venusaur|Venusaur-Mega
|move|p2a: Quagsire|Scald|p1a: Venusaur
|-resisted|p1a: Venusaur
|-damage|p1a: Venusaur|341\/364
|
|turn|93
|callback|decision
|
|switch|p2a: Cradily|Cradily, M|282\/376 brn
|-damage|p2a: Cradily|235\/376 brn|[from] Stealth Rock
|move|p1a: Venusaur|Roar|p2a: Cradily
|-activate|p2a: Cradily|ability: Suction Cups
|
|-damage|p2a: Cradily|188\/376 brn|[from] brn
|turn|94
|callback|decision
|
|move|p1a: Venusaur|Earthquake|p2a: Cradily
|-damage|p2a: Cradily|104\/376 brn
|move|p2a: Cradily|Recover|p2a: Cradily
|-heal|p2a: Cradily|292\/376 brn
|
|-damage|p2a: Cradily|245\/376 brn|[from] brn
|turn|95
|callback|decision
|
|switch|p1a: Skarmory|Skarmory, F|248\/334 brn
|move|p2a: Cradily|Recover|p2a: Cradily
|-heal|p2a: Cradily|376\/376 brn
|
|-damage|p1a: Skarmory|207\/334 brn|[from] brn
|-damage|p2a: Cradily|329\/376 brn|[from] brn
|turn|96
|callback|decision
|
|switch|p2a: Hitmontop|Hitmontop, M|304\/304
|-damage|p2a: Hitmontop|285\/304|[from] Stealth Rock
|-ability|p2a: Hitmontop|Intimidate|[of] p1a: Skarmory
|-unboost|p1a: Skarmory|atk|1
|move|p1a: Skarmory|Roost|p1a: Skarmory
|-heal|p1a: Skarmory|334\/334 brn
|
|-heal|p2a: Hitmontop|304\/304|[from] item: Leftovers
|-damage|p1a: Skarmory|293\/334 brn|[from] brn
|turn|97
|callback|decision
|
|move|p1a: Skarmory|Brave Bird|p2a: Hitmontop
|-supereffective|p2a: Hitmontop
|-damage|p2a: Hitmontop|248\/304
|-damage|p1a: Skarmory|275\/334 brn|[from] recoil|[of] p2a: Hitmontop
|move|p2a: Hitmontop|Rapid Spin|p1a: Skarmory
|-resisted|p1a: Skarmory
|-damage|p1a: Skarmory|270\/334 brn
|-damage|p2a: Hitmontop|198\/304|[from] item: Rocky Helmet|[of] p1a: Skarmory
|-sideend|p2: bushaheen|Stealth Rock|[from] move: Rapid Spin|[of] p2a: Hitmontop
|
|-heal|p2a: Hitmontop|217\/304|[from] item: Leftovers
|-damage|p1a: Skarmory|229\/334 brn|[from] brn
|turn|98
|callback|decision
|
|switch|p1a: Slowbro|Slowbro, M|393\/393
|switch|p2a: Quagsire|Quagsire, M|394\/394
|
|turn|99
|callback|decision
|
|move|p2a: Quagsire|Scald|p1a: Slowbro
|-resisted|p1a: Slowbro
|-damage|p1a: Slowbro|369\/393
|move|p1a: Slowbro|Scald|p2a: Quagsire
|-crit|p2a: Quagsire
|-damage|p2a: Quagsire|177\/394
|
|-heal|p2a: Quagsire|201\/394|[from] item: Leftovers
|turn|100
|callback|decision
|
|switch|p1a: Venusaur|Venusaur, M|341\/364
|-formechange|p1a: Venusaur|Venusaur-Mega
|move|p2a: Quagsire|Toxic|p1a: Venusaur
|-fail|p1a: Venusaur
|
|-heal|p2a: Quagsire|225\/394|[from] item: Leftovers
|turn|101
|callback|decision
|
|switch|p1a: Heatran|Heatran, M|385\/385
|move|p2a: Quagsire|Protect|p2a: Quagsire
|-fail|p2a: Quagsire
|
|-heal|p2a: Quagsire|249\/394|[from] item: Leftovers
|turn|102
|callback|decision
|
|switch|p2a: Hitmontop|Hitmontop, M|217\/304
|-ability|p2a: Hitmontop|Intimidate|[of] p1a: Heatran
|-unboost|p1a: Heatran|atk|1
|move|p1a: Heatran|Stealth Rock|p2a: Hitmontop
|-sidestart|p2: bushaheen|move: Stealth Rock
|
|-heal|p2a: Hitmontop|236\/304|[from] item: Leftovers
|turn|103
|callback|decision
|
|move|p1a: Heatran|Lava Plume|p2a: Hitmontop
|-damage|p2a: Hitmontop|125\/304
|move|p2a: Hitmontop|Rapid Spin|p1a: Heatran
|-resisted|p1a: Heatran
|-damage|p1a: Heatran|378\/385
|-sideend|p2: bushaheen|Stealth Rock|[from] move: Rapid Spin|[of] p2a: Hitmontop
|
|-heal|p1a: Heatran|385\/385|[from] item: Leftovers
|-heal|p2a: Hitmontop|144\/304|[from] item: Leftovers
|turn|104
|callback|decision
|
|switch|p2a: Quagsire|Quagsire, M|249\/394
|move|p1a: Heatran|Lava Plume|p2a: Quagsire
|-crit|p2a: Quagsire
|-resisted|p2a: Quagsire
|-damage|p2a: Quagsire|114\/394
|
|-heal|p2a: Quagsire|138\/394|[from] item: Leftovers
|turn|105
|callback|decision
|
|move|p1a: Heatran|Stealth Rock|p2a: Quagsire
|-sidestart|p2: bushaheen|move: Stealth Rock
|move|p2a: Quagsire|Recover|p2a: Quagsire
|-heal|p2a: Quagsire|335\/394
|
|-heal|p2a: Quagsire|359\/394|[from] item: Leftovers
|turn|106
|callback|decision
|
|switch|p1a: Venusaur|Venusaur, M|341\/364
|-formechange|p1a: Venusaur|Venusaur-Mega
|move|p2a: Quagsire|Scald|p1a: Venusaur
|-resisted|p1a: Venusaur
|-damage|p1a: Venusaur|317\/364
|-status|p1a: Venusaur|brn
|
|-heal|p2a: Quagsire|383\/394|[from] item: Leftovers
|-damage|p1a: Venusaur|272\/364 brn|[from] brn
|turn|107
|callback|decision
|
|move|p2a: Quagsire|Protect|p2a: Quagsire
|-singleturn|p2a: Quagsire|Protect
|move|p1a: Venusaur|Synthesis|p1a: Venusaur
|-heal|p1a: Venusaur|364\/364 brn
|
|-heal|p2a: Quagsire|394\/394|[from] item: Leftovers
|-damage|p1a: Venusaur|319\/364 brn|[from] brn
|turn|108
|callback|decision
|
|switch|p1a: Skarmory|Skarmory, F|229\/334 brn
|switch|p2a: Cradily|Cradily, M|329\/376 brn
|-damage|p2a: Cradily|282\/376 brn|[from] Stealth Rock
|
|-damage|p1a: Skarmory|188\/334 brn|[from] brn
|-damage|p2a: Cradily|235\/376 brn|[from] brn
|turn|109
|callback|decision
|
|switch|p1a: Slowbro|Slowbro, M|393\/393
|switch|p2a: Quagsire|Quagsire, M|394\/394
|-damage|p2a: Quagsire|370\/394|[from] Stealth Rock
|
|-heal|p2a: Quagsire|394\/394|[from] item: Leftovers
|turn|110
|callback|decision
|chat|bushaheen|longest battle i ever played in my life
|
|move|p2a: Quagsire|Toxic|p1a: Slowbro
|-status|p1a: Slowbro|tox
|move|p1a: Slowbro|Psyshock|p2a: Quagsire
|-damage|p2a: Quagsire|322\/394
|
|-heal|p2a: Quagsire|346\/394|[from] item: Leftovers
|-damage|p1a: Slowbro|369\/393 tox|[from] psn
|turn|111
|callback|decision
|
|switch|p2a: Cradily|Cradily, M|235\/376 brn
|-damage|p2a: Cradily|188\/376 brn|[from] Stealth Rock
|switch|p1a: Skarmory|Skarmory, F|188\/334 brn
|
|-damage|p1a: Skarmory|147\/334 brn|[from] brn
|-damage|p2a: Cradily|141\/376 brn|[from] brn
|turn|112
|callback|decision
|
|move|p1a: Skarmory|Taunt|p2a: Cradily
|-start|p2a: Cradily|move: Taunt
|cant|p2a: Cradily|move: Taunt|Recover
|
|-damage|p1a: Skarmory|106\/334 brn|[from] brn
|-damage|p2a: Cradily|94\/376 brn|[from] brn
|turn|113
|callback|decision
|
|switch|p1a: Heatran|Heatran, M|385\/385
|switch|p2a: Quagsire|Quagsire, M|346\/394
|-damage|p2a: Quagsire|322\/394|[from] Stealth Rock
|
|-heal|p2a: Quagsire|346\/394|[from] item: Leftovers
|turn|114
|callback|decision
|
|move|p2a: Quagsire|Scald|p1a: Heatran
|-supereffective|p1a: Heatran
|-damage|p1a: Heatran|293\/385
|move|p1a: Heatran|Roar|p2a: Quagsire
|drag|p2a: Hitmontop|Hitmontop, M|144\/304
|-damage|p2a: Hitmontop|125\/304|[from] Stealth Rock
|-ability|p2a: Hitmontop|Intimidate|[of] p1a: Heatran
|-unboost|p1a: Heatran|atk|1
|
|-heal|p1a: Heatran|317\/385|[from] item: Leftovers
|-heal|p2a: Hitmontop|144\/304|[from] item: Leftovers
|turn|115
|callback|decision
|
|move|p1a: Heatran|Lava Plume|p2a: Hitmontop
|-damage|p2a: Hitmontop|42\/304
|move|p2a: Hitmontop|Close Combat|p1a: Heatran
|-supereffective|p1a: Heatran
|-damage|p1a: Heatran|39\/385
|-unboost|p2a: Hitmontop|def|1
|-unboost|p2a: Hitmontop|spd|1
|
|-heal|p1a: Heatran|63\/385|[from] item: Leftovers
|-heal|p2a: Hitmontop|61\/304|[from] item: Leftovers
|turn|116
|callback|decision
|
|switch|p2a: Quagsire|Quagsire, M|346\/394
|-damage|p2a: Quagsire|322\/394|[from] Stealth Rock
|move|p1a: Heatran|Lava Plume|p2a: Quagsire
|-resisted|p2a: Quagsire
|-damage|p2a: Quagsire|240\/394
|-status|p2a: Quagsire|brn
|
|-heal|p1a: Heatran|87\/385|[from] item: Leftovers
|-heal|p2a: Quagsire|264\/394 brn|[from] item: Leftovers
|-damage|p2a: Quagsire|215\/394 brn|[from] brn
|turn|117
|callback|decision
|
|switch|p1a: Skarmory|Skarmory, F|106\/334 brn
|move|p2a: Quagsire|Scald|p1a: Skarmory
|-damage|p1a: Skarmory|10\/334 brn
|
|-heal|p2a: Quagsire|239\/394 brn|[from] item: Leftovers
|-damage|p1a: Skarmory|0 fnt|[from] brn
|-damage|p2a: Quagsire|190\/394 brn|[from] brn
|faint|p1a: Skarmory
|callback|decision
|
|switch|p1a: Venusaur|Venusaur, M|319\/364 brn
|-formechange|p1a: Venusaur|Venusaur-Mega
|turn|118
|callback|decision
|
|move|p2a: Quagsire|Protect|p2a: Quagsire
|-singleturn|p2a: Quagsire|Protect
|move|p1a: Venusaur|Giga Drain|p2a: Quagsire
|-activate|p2a: Quagsire|Protect
|
|-heal|p2a: Quagsire|214\/394 brn|[from] item: Leftovers
|-damage|p1a: Venusaur|274\/364 brn|[from] brn
|-damage|p2a: Quagsire|165\/394 brn|[from] brn
|turn|119
|callback|decision
|
|switch|p2a: Hitmontop|Hitmontop, M|61\/304
|-damage|p2a: Hitmontop|42\/304|[from] Stealth Rock
|-ability|p2a: Hitmontop|Intimidate|[of] p1a: Venusaur
|-unboost|p1a: Venusaur|atk|1
|move|p1a: Venusaur|Giga Drain|p2a: Hitmontop
|-damage|p2a: Hitmontop|0 fnt
|-heal|p1a: Venusaur|295\/364 brn|[from] drain|[of] p2a: Hitmontop
|faint|p2a: Hitmontop
|
|-damage|p1a: Venusaur|250\/364 brn|[from] brn
|callback|decision
|
|switch|p2a: Slaking|Slaking, M|272\/442
|-damage|p2a: Slaking|217\/442|[from] Stealth Rock
|turn|120
|callback|decision
|
|move|p2a: Slaking|Retaliate|p1a: Venusaur
|-damage|p1a: Venusaur|31\/364 brn
|move|p1a: Venusaur|Synthesis|p1a: Venusaur
|-heal|p1a: Venusaur|213\/364 brn
|
|-damage|p1a: Venusaur|168\/364 brn|[from] brn
|turn|121
|callback|decision
|
|switch|p2a: Cradily|Cradily, M|94\/376 brn
|-damage|p2a: Cradily|47\/376 brn|[from] Stealth Rock
|move|p1a: Venusaur|Synthesis|p1a: Venusaur
|-heal|p1a: Venusaur|350\/364 brn
|
|-damage|p1a: Venusaur|305\/364 brn|[from] brn
|-damage|p2a: Cradily|0 fnt|[from] brn
|faint|p2a: Cradily
|callback|decision
|
|switch|p2a: Slaking|Slaking, M|217\/442
|-damage|p2a: Slaking|162\/442|[from] Stealth Rock
|turn|122
|callback|decision
|
|move|p2a: Slaking|Retaliate|p1a: Venusaur
|-damage|p1a: Venusaur|92\/364 brn
|move|p1a: Venusaur|Synthesis|p1a: Venusaur
|-heal|p1a: Venusaur|274\/364 brn
|
|-damage|p1a: Venusaur|229\/364 brn|[from] brn
|turn|123
|callback|decision
|
|switch|p2a: Quagsire|Quagsire, M|165\/394 brn
|-damage|p2a: Quagsire|141\/394 brn|[from] Stealth Rock
|move|p1a: Venusaur|Synthesis|p1a: Venusaur
|-heal|p1a: Venusaur|364\/364 brn
|
|-heal|p2a: Quagsire|165\/394 brn|[from] item: Leftovers
|-damage|p1a: Venusaur|319\/364 brn|[from] brn
|-damage|p2a: Quagsire|116\/394 brn|[from] brn
|turn|124
|callback|decision
|
|move|p2a: Quagsire|Protect|p2a: Quagsire
|-singleturn|p2a: Quagsire|Protect
|move|p1a: Venusaur|Giga Drain|p2a: Quagsire
|-activate|p2a: Quagsire|Protect
|
|-heal|p2a: Quagsire|140\/394 brn|[from] item: Leftovers
|-damage|p1a: Venusaur|274\/364 brn|[from] brn
|-damage|p2a: Quagsire|91\/394 brn|[from] brn
|turn|125
|callback|decision
|
|move|p2a: Quagsire|Protect|p2a: Quagsire
|-fail|p2a: Quagsire
|move|p1a: Venusaur|Giga Drain|p2a: Quagsire
|-supereffective|p2a: Quagsire
|-damage|p2a: Quagsire|0 fnt
|-heal|p1a: Venusaur|320\/364 brn|[from] drain|[of] p2a: Quagsire
|faint|p2a: Quagsire
|
|-damage|p1a: Venusaur|275\/364 brn|[from] brn
|callback|decision
|
|switch|p2a: Slaking|Slaking, M|162\/442
|-damage|p2a: Slaking|107\/442|[from] Stealth Rock
|turn|126
|callback|decision
|
|switch|p1a: Heatran|Heatran, M|87\/385
|move|p2a: Slaking|Retaliate|p1a: Heatran
|-resisted|p1a: Heatran
|-damage|p1a: Heatran|0 fnt
|faint|p1a: Heatran
|
|callback|decision
|chat|bushaheen|gg
|
|switch|p1a: Venusaur|Venusaur, M|275\/364 brn
|-formechange|p1a: Venusaur|Venusaur-Mega
|turn|127
|callback|decision
|
|cant|p2a: Slaking|ability: Truant|Retaliate
|move|p1a: Venusaur|Giga Drain|p2a: Slaking
|-damage|p2a: Slaking|0 fnt
|-heal|p1a: Venusaur|329\/364 brn|[from] drain|[of] p2a: Slaking
|faint|p2a: Slaking
|
|win|Ryzed
|raw|Ladder updating...
|raw|Ryzed's rating: 1662 &rarr; <strong>1692<\/strong><br \/>(+30 for winning)
|raw|bushaheen's rating: 1688 &rarr; <strong>1684<\/strong><br \/>(-4 for losing)
|leave|Ryzed
|player|p1