|join|pipasonze
|join|hellmuth_parasek
|player|p1|pipasonze|193
|player|p2|hellmuth_parasek|7
|gametype|singles
|gen|6
|tier|UU
|rated
|rule|Sleep Clause Mod: Limit one foe put to sleep
|rule|Species Clause: Limit one of each PokÃ©mon
|rule|OHKO Clause: OHKO moves are banned
|rule|Moody Clause: Moody is banned
|rule|Evasion Moves Clause: Evasion moves are banned
|rule|Endless Battle Clause: Forcing endless battles is banned
|rule|HP Percentage Mod: HP is shown in percentages
|clearpoke
|poke|p1|Chandelure, F
|poke|p1|Suicune
|poke|p1|Hippowdon, M
|poke|p1|Aerodactyl, M
|poke|p1|Lucario, M
|poke|p1|Roserade, M
|poke|p2|Sharpedo, F
|poke|p2|Ampharos, F
|poke|p2|Arcanine, F
|poke|p2|Exploud, F
|poke|p2|Gligar, M
|poke|p2|Umbreon, F
|rule|Swagger Clause: Swagger is banned
|rule|Baton Pass Clause: Limit one PokÃ©mon knowing Baton Pass
|teampreview
|
|start
|switch|p1a: Hippowdon|Hippowdon, M|420\/420
|switch|p2a: Sharpedo|Sharpedo, F|282\/282
|-weather|Sandstorm
|turn|1
|
|switch|p2a: Gligar|Gligar, M|334\/334
|move|p1a: Hippowdon|Stealth Rock|p2a: Gligar
|-sidestart|p2: hellmuth_parasek|move: Stealth Rock
|
|-weather|Sandstorm|[upkeep]
|turn|2
|
|switch|p1a: Aerodactyl|Aerodactyl, M|331\/331
|-ability|p1a: Aerodactyl|Pressure
|move|p2a: Gligar|Defog|p1a: Aerodactyl
|-unboost|p1a: Aerodactyl|evasion|1
|-sideend|p2: hellmuth_parasek|Stealth Rock|[from] move: Defog|[of] p2a: Gligar
|
|-weather|Sandstorm|[upkeep]
|turn|3
|
|detailschange|p1a: Aerodactyl|Aerodactyl-Mega, M
|message|Aerodactyl has Mega Evolved into Mega Aerodactyl!
|move|p1a: Aerodactyl|Taunt|p2a: Gligar
|-start|p2a: Gligar|move: Taunt
|move|p2a: Gligar|Knock Off|p1a: Aerodactyl
|-damage|p1a: Aerodactyl|285\/331
|
|-weather|Sandstorm|[upkeep]
|turn|4
|
|move|p1a: Aerodactyl|Aerial Ace|p2a: Gligar
|-damage|p2a: Gligar|261\/334
|move|p2a: Gligar|U-turn|p1a: Aerodactyl
|-resisted|p1a: Aerodactyl
|-damage|p1a: Aerodactyl|258\/331
|
|switch|p2a: Umbreon|Umbreon, F|394\/394
|
|-weather|Sandstorm|[upkeep]
|-damage|p2a: Umbreon|370\/394|[from] sandstorm
|-heal|p2a: Umbreon|394\/394|[from] item: Leftovers
|turn|5
|
|switch|p1a: Suicune|Suicune|404\/404
|-ability|p1a: Suicune|Pressure
|move|p2a: Umbreon|Foul Play|p1a: Suicune
|-damage|p1a: Suicune|344\/404
|
|-weather|none
|-heal|p1a: Suicune|369\/404|[from] item: Leftovers
|turn|6
|
|switch|p2a: Ampharos|Ampharos, F|384\/384
|move|p1a: Suicune|Substitute|p1a: Suicune
|-start|p1a: Suicune|Substitute
|-damage|p1a: Suicune|268\/404
|
|-heal|p1a: Suicune|293\/404|[from] item: Leftovers
|turn|7
|
|detailschange|p2a: Ampharos|Ampharos-Mega, F
|message|Ampharos has Mega Evolved into Mega Ampharos!
|-ability|p2a: Ampharos|Mold Breaker
|move|p1a: Suicune|Ice Beam|p2a: Ampharos
|-supereffective|p2a: Ampharos
|-damage|p2a: Ampharos|202\/384
|move|p2a: Ampharos|Volt Switch|p1a: Suicune
|-supereffective|p1a: Suicune
|-end|p1a: Suicune|Substitute
|
|switch|p2a: Exploud|Exploud, F|349\/349
|
|-heal|p1a: Suicune|318\/404|[from] item: Leftovers
|turn|8
|
|switch|p1a: Lucario|Lucario, M|281\/281
|move|p2a: Exploud|Boomburst|p1a: Lucario
|-resisted|p1a: Lucario
|-damage|p1a: Lucario|53\/281
|
|turn|9
|
|switch|p2a: Gligar|Gligar, M|261\/334
|move|p1a: Lucario|Close Combat|p2a: Gligar
|-resisted|p2a: Gligar
|-damage|p2a: Gligar|192\/334
|-unboost|p1a: Lucario|def|1
|-unboost|p1a: Lucario|spd|1
|-damage|p1a: Lucario|25\/281|[from] item: Life Orb
|
|turn|10
|
|switch|p1a: Hippowdon|Hippowdon, M|420\/420
|-weather|Sandstorm
|move|p2a: Gligar|Roost|p2a: Gligar
|-heal|p2a: Gligar|334\/334
|
|-weather|Sandstorm|[upkeep]
|turn|11
|
|move|p2a: Gligar|Knock Off|p1a: Hippowdon
|-damage|p1a: Hippowdon|371\/420
|-enditem|p1a: Hippowdon|Leftovers|[from] move: Knock Off|[of] p2a: Gligar
|move|p1a: Hippowdon|Stealth Rock|p2a: Gligar
|-sidestart|p2: hellmuth_parasek|move: Stealth Rock
|
|-weather|Sandstorm|[upkeep]
|turn|12
|
|move|p2a: Gligar|Defog|p1a: Hippowdon
|-unboost|p1a: Hippowdon|evasion|1
|-sideend|p2: hellmuth_parasek|Stealth Rock|[from] move: Defog|[of] p2a: Gligar
|move|p1a: Hippowdon|Whirlwind|p2a: Gligar
|drag|p2a: Umbreon|Umbreon, F|394\/394
|
|-weather|Sandstorm|[upkeep]
|-damage|p2a: Umbreon|370\/394|[from] sandstorm
|-heal|p2a: Umbreon|394\/394|[from] item: Leftovers
|turn|13
|
|switch|p1a: Lucario|Lucario, M|25\/281
|move|p2a: Umbreon|Wish|p2a: Umbreon
|
|-weather|Sandstorm|[upkeep]
|-damage|p2a: Umbreon|370\/394|[from] sandstorm
|-heal|p2a: Umbreon|394\/394|[from] item: Leftovers
|turn|14
|
|switch|p2a: Gligar|Gligar, M|334\/334
|move|p1a: Lucario|Swords Dance|p1a: Lucario
|-boost|p1a: Lucario|atk|2
|
|-weather|none
|turn|15
|
|move|p1a: Lucario|Close Combat|p2a: Gligar
|-resisted|p2a: Gligar
|-damage|p2a: Gligar|214\/334
|-unboost|p1a: Lucario|def|1
|-unboost|p1a: Lucario|spd|1
|-damage|p1a: Lucario|0 fnt|[from] item: Life Orb
|faint|p1a: Lucario
|move|p2a: Gligar|Knock Off|p1: Lucario|[notarget]
|-notarget
|
|
|switch|p1a: Suicune|Suicune|318\/404
|-ability|p1a: Suicune|Pressure
|turn|16
|
|switch|p2a: Exploud|Exploud, F|349\/349
|move|p1a: Suicune|Calm Mind|p1a: Suicune
|-boost|p1a: Suicune|spa|1
|-boost|p1a: Suicune|spd|1
|
|-heal|p1a: Suicune|343\/404|[from] item: Leftovers
|turn|17
|
|move|p2a: Exploud|Boomburst|p1a: Suicune
|-crit|p1a: Suicune
|-damage|p1a: Suicune|0 fnt
|faint|p1a: Suicune
|
|
|switch|p1a: Aerodactyl|Aerodactyl-Mega, M|258\/331
|turn|18
|
|switch|p2a: Gligar|Gligar, M|214\/334
|move|p1a: Aerodactyl|Aerial Ace|p2a: Gligar
|-damage|p2a: Gligar|147\/334
|
|turn|19
|
|move|p1a: Aerodactyl|Taunt|p2a: Gligar
|-start|p2a: Gligar|move: Taunt
|cant|p2a: Gligar|move: Taunt|Roost
|
|turn|20
|
|move|p1a: Aerodactyl|Aerial Ace|p2a: Gligar
|-damage|p2a: Gligar|74\/334
|move|p2a: Gligar|U-turn|p1a: Aerodactyl
|-resisted|p1a: Aerodactyl
|-damage|p1a: Aerodactyl|235\/331
|
|switch|p2a: Umbreon|Umbreon, F|394\/394
|
|turn|21
|
|switch|p1a: Roserade|Roserade, M|269\/269
|move|p2a: Umbreon|Foul Play|p1a: Roserade
|-crit|p1a: Roserade
|-damage|p1a: Roserade|137\/269
|
|turn|22
|
|move|p2a: Umbreon|Protect|p2a: Umbreon
|-singleturn|p2a: Umbreon|Protect
|move|p1a: Roserade|Spikes|p2a: Umbreon
|-sidestart|p2: hellmuth_parasek|Spikes
|
|turn|23
|
|switch|p2a: Arcanine|Arcanine, F|384\/384
|-damage|p2a: Arcanine|336\/384|[from] Spikes
|-ability|p2a: Arcanine|Intimidate|[of] p1a: Roserade
|-unboost|p1a: Roserade|atk|1
|move|p1a: Roserade|Sludge Bomb|p2a: Arcanine
|-damage|p2a: Arcanine|153\/384
|-status|p2a: Arcanine|psn
|-damage|p1a: Roserade|111\/269|[from] item: Life Orb
|
|-heal|p2a: Arcanine|177\/384 psn|[from] item: Leftovers
|-damage|p2a: Arcanine|129\/384 psn|[from] psn
|turn|24
|
|switch|p1a: Chandelure|Chandelure, F|261\/261
|move|p2a: Arcanine|Morning Sun|p2a: Arcanine
|-heal|p2a: Arcanine|321\/384 psn
|
|-heal|p2a: Arcanine|345\/384 psn|[from] item: Leftovers
|-damage|p2a: Arcanine|297\/384 psn|[from] psn
|turn|25
|
|switch|p1a: Roserade|Roserade, M|111\/269
|switch|p2a: Umbreon|Umbreon, F|394\/394
|-damage|p2a: Umbreon|345\/394|[from] Spikes
|
|-heal|p2a: Umbreon|369\/394|[from] item: Leftovers
|turn|26
|
|move|p1a: Roserade|Sludge Bomb|p2a: Umbreon
|-damage|p2a: Umbreon|243\/394
|-damage|p1a: Roserade|85\/269|[from] item: Life Orb
|move|p2a: Umbreon|Foul Play|p1a: Roserade
|-damage|p1a: Roserade|3\/269
|
|-heal|p2a: Umbreon|267\/394|[from] item: Leftovers
|turn|27
|
|move|p1a: Roserade|Synthesis|p1a: Roserade
|-heal|p1a: Roserade|137\/269
|move|p2a: Umbreon|Wish|p2a: Umbreon
|
|-heal|p2a: Umbreon|291\/394|[from] item: Leftovers
|turn|28
|
|switch|p2a: Gligar|Gligar, M|74\/334
|move|p1a: Roserade|Spikes|p2a: Gligar
|-sidestart|p2: hellmuth_parasek|Spikes
|
|-heal|p2a: Gligar|271\/334|[from] move: Wish|[wisher] Umbreon
|turn|29
|
|move|p1a: Roserade|Giga Drain|p2a: Gligar
|-damage|p2a: Gligar|103\/334
|-heal|p1a: Roserade|221\/269|[from] drain|[of] p2a: Gligar
|-damage|p1a: Roserade|195\/269|[from] item: Life Orb
|move|p2a: Gligar|Defog|p1a: Roserade
|-unboost|p1a: Roserade|evasion|1
|-sideend|p2: hellmuth_parasek|Spikes|[from] move: Defog|[of] p2a: Gligar
|
|turn|30
|
|switch|p2a: Umbreon|Umbreon, F|291\/394
|move|p1a: Roserade|Spikes|p2a: Umbreon
|-sidestart|p2: hellmuth_parasek|Spikes
|
|-heal|p2a: Umbreon|315\/394|[from] item: Leftovers
|turn|31
|
|move|p1a: Roserade|Sludge Bomb|p2a: Umbreon
|-crit|p2a: Umbreon
|-damage|p2a: Umbreon|116\/394
|-damage|p1a: Roserade|169\/269|[from] item: Life Orb
|move|p2a: Umbreon|Foul Play|p1a: Roserade
|-damage|p1a: Roserade|78\/269
|
|-heal|p2a: Umbreon|140\/394|[from] item: Leftovers
|turn|32
|
|move|p1a: Roserade|Synthesis|p1a: Roserade
|-heal|p1a: Roserade|212\/269
|move|p2a: Umbreon|Wish|p2a: Umbreon
|
|-heal|p2a: Umbreon|164\/394|[from] item: Leftovers
|turn|33
|
|move|p1a: Roserade|Giga Drain|p2a: Umbreon
|-damage|p2a: Umbreon|69\/394
|-heal|p1a: Roserade|260\/269|[from] drain|[of] p2a: Umbreon
|-damage|p1a: Roserade|234\/269|[from] item: Life Orb
|move|p2a: Umbreon|Foul Play|p1a: Roserade
|-damage|p1a: Roserade|144\/269
|
|-heal|p2a: Umbreon|266\/394|[from] move: Wish|[wisher] Umbreon
|-heal|p2a: Umbreon|290\/394|[from] item: Leftovers
|turn|34
|
|move|p1a: Roserade|Spikes|p2a: Umbreon
|-sidestart|p2: hellmuth_parasek|Spikes
|move|p2a: Umbreon|Foul Play|p1a: Roserade
|-damage|p1a: Roserade|56\/269
|
|-heal|p2a: Umbreon|314\/394|[from] item: Leftovers
|turn|35
|
|move|p1a: Roserade|Synthesis|p1a: Roserade
|-heal|p1a: Roserade|190\/269
|move|p2a: Umbreon|Foul Play|p1a: Roserade
|-damage|p1a: Roserade|106\/269
|
|-heal|p2a: Umbreon|338\/394|[from] item: Leftovers
|turn|36
|
|move|p1a: Roserade|Synthesis|p1a: Roserade
|-heal|p1a: Roserade|240\/269
|move|p2a: Umbreon|Foul Play|p1a: Roserade
|-damage|p1a: Roserade|159\/269
|
|-heal|p2a: Umbreon|362\/394|[from] item: Leftovers
|turn|37
|
|move|p1a: Roserade|Sludge Bomb|p2a: Umbreon
|-crit|p2a: Umbreon
|-damage|p2a: Umbreon|185\/394
|-damage|p1a: Roserade|133\/269|[from] item: Life Orb
|move|p2a: Umbreon|Foul Play|p1a: Roserade
|-damage|p1a: Roserade|51\/269
|
|-heal|p2a: Umbreon|209\/394|[from] item: Leftovers
|turn|38
|
|move|p1a: Roserade|Synthesis|p1a: Roserade
|-heal|p1a: Roserade|185\/269
|move|p2a: Umbreon|Foul Play|p1a: Roserade
|-damage|p1a: Roserade|92\/269
|
|-heal|p2a: Umbreon|233\/394|[from] item: Leftovers
|turn|39
|
|move|p1a: Roserade|Sludge Bomb|p2a: Umbreon
|-damage|p2a: Umbreon|108\/394
|-damage|p1a: Roserade|66\/269|[from] item: Life Orb
|move|p2a: Umbreon|Foul Play|p1a: Roserade
|-crit|p1a: Roserade
|-damage|p1a: Roserade|0 fnt
|faint|p1a: Roserade
|
|-heal|p2a: Umbreon|132\/394|[from] item: Leftovers
|
|switch|p1a: Aerodactyl|Aerodactyl-Mega, M|235\/331
|turn|40
|
|move|p2a: Umbreon|Protect|p2a: Umbreon
|-singleturn|p2a: Umbreon|Protect
|move|p1a: Aerodactyl|Aerial Ace|p2a: Umbreon
|-activate|p2a: Umbreon|Protect
|
|-heal|p2a: Umbreon|156\/394|[from] item: Leftovers
|turn|41
|
|switch|p2a: Gligar|Gligar, M|103\/334
|move|p1a: Aerodactyl|Aerial Ace|p2a: Gligar
|-damage|p2a: Gligar|31\/334
|
|turn|42
|
|move|p1a: Aerodactyl|Aerial Ace|p2a: Gligar
|-damage|p2a: Gligar|0 fnt
|faint|p2a: Gligar
|
|
|switch|p2a: Sharpedo|Sharpedo, F|282\/282
|-damage|p2a: Sharpedo|235\/282|[from] Spikes
|turn|43
|
|switch|p1a: Hippowdon|Hippowdon, M|371\/420
|-weather|Sandstorm
|move|p2a: Sharpedo|Protect|p2a: Sharpedo
|-fail|p2a: Sharpedo
|
|-weather|Sandstorm|[upkeep]
|-damage|p2a: Sharpedo|218\/282|[from] sandstorm
|-boost|p2a: Sharpedo|spe|1|[from] ability: Speed Boost
|turn|44
|
|switch|p2a: Exploud|Exploud, F|349\/349
|-damage|p2a: Exploud|291\/349|[from] Spikes
|move|p1a: Hippowdon|Earthquake|p2a: Exploud
|-damage|p2a: Exploud|119\/349
|
|-weather|Sandstorm|[upkeep]
|-damage|p2a: Exploud|98\/349|[from] sandstorm
|turn|45
|
|switch|p1a: Chandelure|Chandelure, F|261\/261
|move|p2a: Exploud|Boomburst|p1a: Chandelure
|-damage|p1a: Chandelure|0 fnt
|faint|p1a: Chandelure
|
|-weather|Sandstorm|[upkeep]
|-damage|p2a: Exploud|77\/349|[from] sandstorm
|
|switch|p1a: Aerodactyl|Aerodactyl-Mega, M|235\/331
|turn|46
|
|switch|p2a: Arcanine|Arcanine, F|297\/384 psn
|-damage|p2a: Arcanine|233\/384 psn|[from] Spikes
|-ability|p2a: Arcanine|Intimidate|[of] p1a: Aerodactyl
|-unboost|p1a: Aerodactyl|atk|1
|move|p1a: Aerodactyl|Aerial Ace|p2a: Arcanine
|-damage|p2a: Arcanine|112\/384 psn
|
|-weather|Sandstorm|[upkeep]
|-damage|p2a: Arcanine|88\/384 psn|[from] sandstorm
|-heal|p2a: Arcanine|112\/384 psn|[from] item: Leftovers
|-damage|p2a: Arcanine|64\/384 psn|[from] psn
|turn|47
|
|move|p2a: Arcanine|Extreme Speed|p1a: Aerodactyl
|-crit|p1a: Aerodactyl
|-resisted|p1a: Aerodactyl
|-damage|p1a: Aerodactyl|173\/331
|move|p1a: Aerodactyl|Aerial Ace|p2a: Arcanine
|-damage|p2a: Arcanine|0 fnt
|faint|p2a: Arcanine
|
|-weather|none
|
|switch|p2a: Umbreon|Umbreon, F|156\/394
|-damage|p2a: Umbreon|91\/394|[from] Spikes
|turn|48
|
|move|p2a: Umbreon|Protect|p2a: Umbreon
|-singleturn|p2a: Umbreon|Protect
|move|p1a: Aerodactyl|Taunt|p2a: Umbreon
|-activate|p2a: Umbreon|Protect
|
|-heal|p2a: Umbreon|115\/394|[from] item: Leftovers
|turn|49
|
|move|p1a: Aerodactyl|Roost|p1a: Aerodactyl
|-heal|p1a: Aerodactyl|331\/331
|move|p2a: Umbreon|Foul Play|p1a: Aerodactyl
|-damage|p1a: Aerodactyl|192\/331
|
|-heal|p2a: Umbreon|139\/394|[from] item: Leftovers
|turn|50
|
|switch|p1a: Hippowdon|Hippowdon, M|371\/420
|-weather|Sandstorm
|move|p2a: Umbreon|Foul Play|p1a: Hippowdon
|-damage|p1a: Hippowdon|266\/420
|
|-weather|Sandstorm|[upkeep]
|-damage|p2a: Umbreon|115\/394|[from] sandstorm
|-heal|p2a: Umbreon|139\/394|[from] item: Leftovers
|turn|51
|
|move|p2a: Umbreon|Wish|p2a: Umbreon
|move|p1a: Hippowdon|Earthquake|p2a: Umbreon
|-damage|p2a: Umbreon|27\/394
|
|-weather|Sandstorm|[upkeep]
|-damage|p2a: Umbreon|3\/394|[from] sandstorm
|-heal|p2a: Umbreon|27\/394|[from] item: Leftovers
|turn|52
|
|move|p2a: Umbreon|Protect|p2a: Umbreon
|-singleturn|p2a: Umbreon|Protect
|move|p1a: Hippowdon|Whirlwind|p2a: Umbreon
|drag|p2a: Sharpedo|Sharpedo, F|218\/282
|-damage|p2a: Sharpedo|171\/282|[from] Spikes
|
|-weather|Sandstorm|[upkeep]
|-damage|p2a: Sharpedo|154\/282|[from] sandstorm
|-heal|p2a: Sharpedo|282\/282|[from] move: Wish|[wisher] Umbreon
|turn|53
|
|move|p2a: Sharpedo|Crunch|p1a: Hippowdon
|-damage|p1a: Hippowdon|149\/420
|move|p1a: Hippowdon|Earthquake|p2a: Sharpedo
|-damage|p2a: Sharpedo|29\/282
|
|-weather|Sandstorm|[upkeep]
|-damage|p2a: Sharpedo|12\/282|[from] sandstorm
|-boost|p2a: Sharpedo|spe|1|[from] ability: Speed Boost
|turn|54
|
|move|p2a: Sharpedo|Aqua Jet|p1a: Hippowdon
|-supereffective|p1a: Hippowdon
|-damage|p1a: Hippowdon|29\/420
|move|p1a: Hippowdon|Earthquake|p2a: Sharpedo
|-damage|p2a: Sharpedo|0 fnt
|faint|p2a: Sharpedo
|
|-weather|none
|
|switch|p2a: Exploud|Exploud, F|77\/349
|-damage|p2a: Exploud|19\/349|[from] Spikes
|turn|55
|
|move|p2a: Exploud|Boomburst|p1a: Hippowdon
|-damage|p1a: Hippowdon|0 fnt
|faint|p1a: Hippowdon
|
|
|switch|p1a: Aerodactyl|Aerodactyl-Mega, M|192\/331
|turn|56
|
|move|p1a: Aerodactyl|Aerial Ace|p2a: Exploud
|-damage|p2a: Exploud|0 fnt
|faint|p2a: Exploud
|
|
|switch|p2a: Ampharos|Ampharos-Mega, F|202\/384
|-damage|p2a: Ampharos|138\/384|[from] Spikes
|-ability|p2a: Ampharos|Mold Breaker
|turn|57
|
|move|p1a: Aerodactyl|Earthquake|p2a: Ampharos
|-supereffective|p2a: Ampharos
|-damage|p2a: Ampharos|0 fnt
|faint|p2a: Ampharos
|
|c|âpipasonze|man, this was hard
|
|switch|p2a: Umbreon|Umbreon, F|27\/394
|-damage|p2a: Umbreon|0 fnt|[from] Spikes
|faint|p2a: Umbreon
|
|win|pipasonze
|raw|Ladder updating...
|c|âpipasonze|gg
|raw|pipasonze's rating: 1441 &rarr; <strong>1460<\/strong><br \/>(+19 for winning)
|raw|hellmuth_parasek's rating: 1426 &rarr; <strong>1407<\/strong><br \/>(-19 for losing)
|leave|hellmuth_parasek
|player|p2