|join|pipasonze
|join|GhostChill
|player|p1|pipasonze|120
|player|p2|GhostChill|110
|gametype|singles
|gen|6
|tier|UU
|rated
|clearpoke
|poke|p1|Jellicent, M
|poke|p1|Zangoose, F
|poke|p1|Manectric, M
|poke|p1|Donphan, M
|poke|p1|Tornadus-Therian, M
|poke|p1|Toxicroak, F
|poke|p2|Ampharos, F
|poke|p2|Dragalge, F
|poke|p2|Reuniclus, F
|poke|p2|Chandelure, M
|poke|p2|Whimsicott, F, shiny
|poke|p2|Empoleon, M
|rule|Sleep Clause Mod: Limit one foe put to sleep
|rule|Species Clause: Limit one of each Pokemon
|rule|OHKO Clause: OHKO moves are banned
|rule|Moody Clause: Moody is banned
|rule|Evasion Moves Clause: Evasion moves are banned
|rule|Endless Battle Clause: Forcing endless battles is banned.
|rule|HP Percentage Mod: HP is reported as percentages
|teampreview
|join|AlgebraFalcon
|
|start
|switch|p1a: Manectric|Manectric, M|281\/281
|switch|p2a: Dragalge|Dragalge, F|334\/334
|turn|1
|
|-formechange|p1a: Manectric|Manectric-Mega
|message|Manectric has Mega Evolved into Mega Manectric!
|-ability|p1a: Manectric|Intimidate|[of] p2a: Dragalge
|-unboost|p2a: Dragalge|atk|1
|move|p1a: Manectric|Volt Switch|p2a: Dragalge
|-resisted|p2a: Dragalge
|-damage|p2a: Dragalge|280\/334
|
|switch|p1a: Donphan|Donphan, M|384\/384
|move|p2a: Dragalge|Sludge Wave|p1a: Donphan
|-resisted|p1a: Donphan
|-damage|p1a: Donphan|271\/384
|
|-heal|p1a: Donphan|295\/384|[from] item: Leftovers
|-heal|p2a: Dragalge|300\/334|[from] item: Black Sludge
|turn|2
|
|move|p1a: Donphan|Stealth Rock|p2a: Dragalge
|-sidestart|p2: GhostChill|move: Stealth Rock
|move|p2a: Dragalge|Scald|p1a: Donphan
|-supereffective|p1a: Donphan
|-damage|p1a: Donphan|43\/384
|
|-heal|p1a: Donphan|67\/384|[from] item: Leftovers
|-heal|p2a: Dragalge|320\/334|[from] item: Black Sludge
|turn|3
|
|move|p1a: Donphan|Earthquake|p2a: Dragalge
|-supereffective|p2a: Dragalge
|-damage|p2a: Dragalge|30\/334
|move|p2a: Dragalge|Scald|p1a: Donphan
|-supereffective|p1a: Donphan
|-damage|p1a: Donphan|0 fnt
|faint|p1a: Donphan
|
|-heal|p2a: Dragalge|50\/334|[from] item: Black Sludge
|leave|AlgebraFalcon
|
|switch|p1a: Manectric|Manectric, M|281\/281
|-formechange|p1a: Manectric|Manectric-Mega
|-ability|p1a: Manectric|Intimidate|[of] p2a: Dragalge
|-unboost|p2a: Dragalge|atk|1
|turn|4
|
|move|p1a: Manectric|Hidden Power|p2a: Dragalge
|-supereffective|p2a: Dragalge
|-damage|p2a: Dragalge|0 fnt
|faint|p2a: Dragalge
|
|
|switch|p2a: Ampharos|Ampharos, F|384\/384
|-damage|p2a: Ampharos|336\/384|[from] Stealth Rock
|turn|5
|
|-formechange|p2a: Ampharos|Ampharos-Mega
|message|Ampharos has Mega Evolved into Mega Ampharos!
|-ability|p2a: Ampharos|Mold Breaker
|move|p1a: Manectric|Hidden Power|p2a: Ampharos
|-supereffective|p2a: Ampharos
|-damage|p2a: Ampharos|206\/384
|move|p2a: Ampharos|Dragon Pulse|p1a: Manectric
|-damage|p1a: Manectric|23\/281
|
|turn|6
|
|move|p1a: Manectric|Hidden Power|p2a: Ampharos
|-supereffective|p2a: Ampharos
|-damage|p2a: Ampharos|74\/384
|move|p2a: Ampharos|Dragon Pulse|p1a: Manectric
|-damage|p1a: Manectric|0 fnt
|faint|p1a: Manectric
|
|
|switch|p1a: Zangoose|Zangoose, F|287\/287
|turn|7
|
|move|p1a: Zangoose|Facade|p2a: Ampharos
|-damage|p2a: Ampharos|0 fnt
|faint|p2a: Ampharos
|
|-status|p1a: Zangoose|tox|[from] item: Toxic Orb
|
|switch|p2a: Empoleon|Empoleon, M|372\/372
|-damage|p2a: Empoleon|349\/372|[from] Stealth Rock
|turn|8
|
|move|p1a: Zangoose|Close Combat|p2a: Empoleon
|-supereffective|p2a: Empoleon
|-damage|p2a: Empoleon|0 fnt
|-unboost|p1a: Zangoose|def|1
|-unboost|p1a: Zangoose|spd|1
|faint|p2a: Empoleon
|
|-damage|p1a: Zangoose|270\/287 tox|[from] psn
|
|switch|p2a: Whimsicott|Whimsicott, F, shiny|262\/262
|-damage|p2a: Whimsicott|230\/262|[from] Stealth Rock
|turn|9
|
|switch|p1a: Tornadus-Therian|Tornadus-Therian, M|299\/299
|move|p2a: Whimsicott|Energy Ball|p1a: Tornadus-Therian
|-resisted|p1a: Tornadus-Therian
|-damage|p1a: Tornadus-Therian|259\/299
|-unboost|p1a: Tornadus-Therian|spd|1
|
|turn|10
|
|move|p1a: Tornadus-Therian|Heat Wave|p2a: Whimsicott
|-crit|p2a: Whimsicott
|-supereffective|p2a: Whimsicott
|-damage|p2a: Whimsicott|0 fnt
|faint|p2a: Whimsicott
|
|
|switch|p2a: Reuniclus|Reuniclus, F|424\/424
|turn|11
|
|move|p1a: Tornadus-Therian|Knock Off|p2a: Reuniclus
|-supereffective|p2a: Reuniclus
|-damage|p2a: Reuniclus|292\/424
|-enditem|p2a: Reuniclus|Life Orb|[from] move: Knock Off|[of] p1a: Tornadus-Therian
|move|p2a: Reuniclus|Calm Mind|p2a: Reuniclus
|-boost|p2a: Reuniclus|spa|1
|-boost|p2a: Reuniclus|spd|1
|
|turn|12
|
|move|p1a: Tornadus-Therian|U-turn|p2a: Reuniclus
|-supereffective|p2a: Reuniclus
|-damage|p2a: Reuniclus|188\/424
|
|switch|p1a: Jellicent|Jellicent, M|404\/404
|move|p2a: Reuniclus|Calm Mind|p2a: Reuniclus
|-boost|p2a: Reuniclus|spa|1
|-boost|p2a: Reuniclus|spd|1
|
|turn|13
|
|move|p1a: Jellicent|Shadow Ball|p2a: Reuniclus
|-supereffective|p2a: Reuniclus
|-damage|p2a: Reuniclus|92\/424
|move|p2a: Reuniclus|Recover|p2a: Reuniclus
|-heal|p2a: Reuniclus|304\/424
|
|turn|14
|
|switch|p1a: Zangoose|Zangoose, F|270\/287 tox
|move|p2a: Reuniclus|Psychic|p1a: Zangoose
|-damage|p1a: Zangoose|0 fnt
|faint|p1a: Zangoose
|
|
|switch|p1a: Tornadus-Therian|Tornadus-Therian, M|299\/299
|turn|15
|
|move|p1a: Tornadus-Therian|Knock Off|p2a: Reuniclus
|-supereffective|p2a: Reuniclus
|-damage|p2a: Reuniclus|222\/424
|move|p2a: Reuniclus|Psychic|p1a: Tornadus-Therian
|-damage|p1a: Tornadus-Therian|119\/299
|
|turn|16
|
|move|p1a: Tornadus-Therian|Hurricane|p2a: Reuniclus
|-damage|p2a: Reuniclus|113\/424
|move|p2a: Reuniclus|Recover|p2a: Reuniclus
|-heal|p2a: Reuniclus|325\/424
|
|turn|17
|
|move|p1a: Tornadus-Therian|Hurricane|p2a: Reuniclus
|-damage|p2a: Reuniclus|232\/424
|-start|p2a: Reuniclus|confusion
|-activate|p2a: Reuniclus|confusion
|-damage|p2a: Reuniclus|214\/424|[from] confusion
|
|turn|18
|
|move|p1a: Tornadus-Therian|Knock Off|p2a: Reuniclus
|-supereffective|p2a: Reuniclus
|-damage|p2a: Reuniclus|124\/424
|-end|p2a: Reuniclus|confusion
|move|p2a: Reuniclus|Recover|p2a: Reuniclus
|-heal|p2a: Reuniclus|336\/424
|
|turn|19
|
|move|p1a: Tornadus-Therian|Hurricane|p2a: Reuniclus|[miss]
|-miss|p1a: Tornadus-Therian|p2a: Reuniclus
|move|p2a: Reuniclus|Psychic|p1a: Tornadus-Therian
|-damage|p1a: Tornadus-Therian|0 fnt
|faint|p1a: Tornadus-Therian
|
|
|switch|p1a: Toxicroak|Toxicroak, F|307\/307
|turn|20
|
|move|p1a: Toxicroak|Sucker Punch|p2a: Reuniclus
|-crit|p2a: Reuniclus
|-supereffective|p2a: Reuniclus
|-damage|p2a: Reuniclus|60\/424
|-damage|p1a: Toxicroak|277\/307|[from] item: Life Orb
|move|p2a: Reuniclus|Psychic|p1a: Toxicroak
|-supereffective|p1a: Toxicroak
|-damage|p1a: Toxicroak|0 fnt
|faint|p1a: Toxicroak
|
|
|switch|p1a: Jellicent|Jellicent, M|404\/404
|turn|21
|
|move|p1a: Jellicent|Shadow Ball|p2a: Reuniclus
|-supereffective|p2a: Reuniclus
|-damage|p2a: Reuniclus|0 fnt
|faint|p2a: Reuniclus
|
|
|switch|p2a: Chandelure|Chandelure, M|324\/324
|-damage|p2a: Chandelure|243\/324|[from] Stealth Rock
|turn|22
|
|move|p2a: Chandelure|Energy Ball|p1a: Jellicent
|-supereffective|p1a: Jellicent
|-damage|p1a: Jellicent|226\/404
|move|p1a: Jellicent|Shadow Ball|p2a: Chandelure
|-supereffective|p2a: Chandelure
|-damage|p2a: Chandelure|57\/324
|
|-heal|p2a: Chandelure|77\/324|[from] item: Leftovers
|-heal|p1a: Jellicent|251\/404|[from] item: Leftovers
|turn|23
|
|move|p2a: Chandelure|Shadow Ball|p1a: Jellicent
|-supereffective|p1a: Jellicent
|-damage|p1a: Jellicent|27\/404
|-unboost|p1a: Jellicent|spd|1
|move|p1a: Jellicent|Shadow Ball|p2a: Chandelure
|-supereffective|p2a: Chandelure
|-damage|p2a: Chandelure|0 fnt
|faint|p2a: Chandelure
|
|win|pipasonze
|raw|Ladder updating...
|raw|pipasonze's rating: 1209 &rarr; <strong>1232<\/strong><br \/>(+23 for winning)
|raw|GhostChill's rating: 1184 &rarr; <strong>1161<\/strong><br \/>(-23 for losing)
|chat|GhostChill|gg
|chat|pipasonze|gg