|join|pipasonze
|join|TodgeMyPodge
|player|p1|pipasonze|1
|player|p2|TodgeMyPodge|247
|gametype|singles
|gen|6
|tier|UU
|rated
|rule|Sleep Clause Mod: Limit one foe put to sleep
|rule|Species Clause: Limit one of each PokÃ©mon
|rule|OHKO Clause: OHKO moves are banned
|rule|Moody Clause: Moody is banned
|rule|Evasion Moves Clause: Evasion moves are banned
|rule|Endless Battle Clause: Forcing endless battles is banned
|rule|HP Percentage Mod: HP is reported as percentages
|clearpoke
|poke|p1|Sableye, F
|poke|p1|Sharpedo, M
|poke|p1|Aggron, M
|poke|p1|Qwilfish, M
|poke|p1|Hydreigon, M
|poke|p1|Heracross, F
|poke|p2|Xatu, M
|poke|p2|Kabutops, M
|poke|p2|Arcanine, M
|poke|p2|Hydreigon, M
|poke|p2|Registeel
|poke|p2|Mienshao, M
|rule|Swagger Clause: Swagger is banned
|rule|Baton Pass Clause: Limit one PokÃ©mon knowing Baton Pass
|teampreview
|
|start
|switch|p1a: Heracross|Heracross, F|301\/301
|switch|p2a: Kabutops|Kabutops, M|262\/262
|turn|1
|
|move|p2a: Kabutops|Stone Edge|p1a: Heracross
|-damage|p1a: Heracross|28\/301
|-damage|p2a: Kabutops|236\/262|[from] item: Life Orb
|move|p1a: Heracross|Close Combat|p2a: Kabutops
|-supereffective|p2a: Kabutops
|-damage|p2a: Kabutops|0 fnt
|-unboost|p1a: Heracross|def|1
|-unboost|p1a: Heracross|spd|1
|faint|p2a: Kabutops
|
|
|switch|p2a: Arcanine|Arcanine, M|384\/384
|-ability|p2a: Arcanine|Intimidate|[of] p1a: Heracross
|-unboost|p1a: Heracross|atk|1
|turn|2
|
|switch|p1a: Qwilfish|Qwilfish, M|334\/334
|-ability|p1a: Qwilfish|Intimidate|[of] p2a: Arcanine
|-unboost|p2a: Arcanine|atk|1
|move|p2a: Arcanine|Extreme Speed|p1a: Qwilfish
|-damage|p1a: Qwilfish|297\/334
|
|-heal|p1a: Qwilfish|317\/334|[from] item: Black Sludge
|turn|3
|
|switch|p2a: Registeel|Registeel|364\/364
|switch|p1a: Sableye|Sableye, F|303\/303
|
|turn|4
|
|move|p1a: Sableye|Taunt|p2a: Registeel
|-start|p2a: Registeel|move: Taunt
|cant|p2a: Registeel|move: Taunt|Toxic
|
|turn|5
|
|move|p2a: Registeel|Iron Head|p1a: Sableye
|-damage|p1a: Sableye|209\/303
|move|p1a: Sableye|Knock Off|p2a: Registeel
|-damage|p2a: Registeel|306\/364
|-enditem|p2a: Registeel|Leftovers|[from] move: Knock Off|[of] p1a: Sableye
|
|-heal|p1a: Sableye|227\/303|[from] item: Leftovers
|turn|6
|
|move|p1a: Sableye|Knock Off|p2a: Registeel
|-damage|p2a: Registeel|264\/364
|move|p2a: Registeel|Iron Head|p1a: Sableye
|-crit|p1a: Sableye
|-damage|p1a: Sableye|94\/303
|
|-heal|p1a: Sableye|112\/303|[from] item: Leftovers
|-end|p2a: Registeel|move: Taunt
|turn|7
|
|move|p1a: Sableye|Recover|p1a: Sableye
|-heal|p1a: Sableye|264\/303
|move|p2a: Registeel|Iron Head|p1a: Sableye
|-damage|p1a: Sableye|176\/303
|
|-heal|p1a: Sableye|194\/303|[from] item: Leftovers
|turn|8
|
|switch|p1a: Qwilfish|Qwilfish, M|317\/334
|-ability|p1a: Qwilfish|Intimidate|[of] p2a: Registeel
|-fail|p2a: Registeel|unboost|[from] ability: Clear Body|[of] p2a: Registeel
|switch|p2a: Hydreigon|Hydreigon, M|325\/325
|
|-heal|p1a: Qwilfish|334\/334|[from] item: Black Sludge
|turn|9
|
|move|p2a: Hydreigon|Draco Meteor|p1a: Qwilfish
|-damage|p1a: Qwilfish|0 fnt
|-unboost|p2a: Hydreigon|spa|2
|faint|p1a: Qwilfish
|
|
|switch|p1a: Hydreigon|Hydreigon, M|325\/325
|turn|10
|
|switch|p2a: Registeel|Registeel|264\/364
|move|p1a: Hydreigon|U-turn|p2a: Registeel
|-resisted|p2a: Registeel
|-damage|p2a: Registeel|245\/364
|
|switch|p1a: Aggron|Aggron, M|344\/344
|
|turn|11
|
|detailschange|p1a: Aggron|Aggron-Mega, M
|message|Aggron has Mega Evolved into Mega Aggron!
|move|p1a: Aggron|Earthquake|p2a: Registeel
|-supereffective|p2a: Registeel
|-damage|p2a: Registeel|101\/364
|move|p2a: Registeel|Seismic Toss|p1a: Aggron
|-damage|p1a: Aggron|244\/344
|
|turn|12
|
|switch|p2a: Hydreigon|Hydreigon, M|325\/325
|move|p1a: Aggron|Stealth Rock|p2a: Hydreigon
|-sidestart|p2: TodgeMyPodge|move: Stealth Rock
|
|turn|13
|
|switch|p1a: Heracross|Heracross, F|28\/301
|move|p2a: Hydreigon|Draco Meteor|p1a: Heracross|[miss]
|-miss|p2a: Hydreigon|p1a: Heracross
|
|turn|14
|
|switch|p2a: Arcanine|Arcanine, M|384\/384
|-damage|p2a: Arcanine|288\/384|[from] Stealth Rock
|-ability|p2a: Arcanine|Intimidate|[of] p1a: Heracross
|-unboost|p1a: Heracross|atk|1
|move|p1a: Heracross|Close Combat|p2a: Arcanine
|-damage|p2a: Arcanine|128\/384
|-damage|p1a: Heracross|0 fnt|[from] item: Rocky Helmet|[of] p2a: Arcanine
|faint|p1a: Heracross
|
|
|switch|p1a: Hydreigon|Hydreigon, M|325\/325
|turn|15
|
|move|p1a: Hydreigon|Dark Pulse|p2a: Arcanine
|-damage|p2a: Arcanine|0 fnt
|faint|p2a: Arcanine
|
|
|switch|p2a: Hydreigon|Hydreigon, M|325\/325
|-damage|p2a: Hydreigon|285\/325|[from] Stealth Rock
|turn|16
|
|switch|p1a: Aggron|Aggron-Mega, M|244\/344
|move|p2a: Hydreigon|Draco Meteor|p1a: Aggron|[miss]
|-miss|p2a: Hydreigon|p1a: Aggron
|
|turn|17
|
|move|p2a: Hydreigon|Draco Meteor|p1a: Aggron
|-resisted|p1a: Aggron
|-damage|p1a: Aggron|81\/344
|-unboost|p2a: Hydreigon|spa|2
|move|p1a: Aggron|Roar|p2a: Hydreigon
|drag|p2a: Registeel|Registeel|101\/364
|-damage|p2a: Registeel|79\/364|[from] Stealth Rock
|
|turn|18
|
|move|p2a: Registeel|Seismic Toss|p1a: Aggron
|-damage|p1a: Aggron|0 fnt
|faint|p1a: Aggron
|
|
|switch|p1a: Sharpedo|Sharpedo, M|281\/281
|turn|19
|
|move|p1a: Sharpedo|Waterfall|p2a: Registeel
|-damage|p2a: Registeel|0 fnt
|-damage|p1a: Sharpedo|253\/281|[from] item: Life Orb
|faint|p2a: Registeel
|
|-boost|p1a: Sharpedo|spe|1|[from] ability: Speed Boost
|
|switch|p2a: Mienshao|Mienshao, M|271\/271
|-damage|p2a: Mienshao|255\/271|[from] Stealth Rock
|turn|20
|
|move|p1a: Sharpedo|Protect|p1a: Sharpedo
|-singleturn|p1a: Sharpedo|Protect
|move|p2a: Mienshao|Fake Out|p1a: Sharpedo
|-activate|p1a: Sharpedo|Protect
|
|-boost|p1a: Sharpedo|spe|1|[from] ability: Speed Boost
|turn|21
|
|move|p1a: Sharpedo|Waterfall|p2a: Mienshao
|-crit|p2a: Mienshao
|-damage|p2a: Mienshao|0 fnt
|-damage|p1a: Sharpedo|225\/281|[from] item: Life Orb
|faint|p2a: Mienshao
|
|-boost|p1a: Sharpedo|spe|1|[from] ability: Speed Boost
|
|switch|p2a: Hydreigon|Hydreigon, M|285\/325
|-damage|p2a: Hydreigon|245\/325|[from] Stealth Rock
|turn|22
|
|move|p1a: Sharpedo|Protect|p1a: Sharpedo
|-singleturn|p1a: Sharpedo|Protect
|move|p2a: Hydreigon|Draco Meteor|p1a: Sharpedo
|-activate|p1a: Sharpedo|Protect
|
|-boost|p1a: Sharpedo|spe|1|[from] ability: Speed Boost
|turn|23
|
|switch|p1a: Sableye|Sableye, F|194\/303
|move|p2a: Hydreigon|Draco Meteor|p1a: Sableye
|-damage|p1a: Sableye|0 fnt
|-unboost|p2a: Hydreigon|spa|2
|faint|p1a: Sableye
|
|
|switch|p1a: Hydreigon|Hydreigon, M|325\/325
|turn|24
|
|move|p1a: Hydreigon|Dark Pulse|p2a: Hydreigon
|-resisted|p2a: Hydreigon
|-damage|p2a: Hydreigon|167\/325
|move|p2a: Hydreigon|Draco Meteor|p1a: Hydreigon
|-supereffective|p1a: Hydreigon
|-damage|p1a: Hydreigon|0 fnt
|-unboost|p2a: Hydreigon|spa|2
|faint|p1a: Hydreigon
|
|
|switch|p1a: Sharpedo|Sharpedo, M|225\/281
|turn|25
|
|move|p1a: Sharpedo|Protect|p1a: Sharpedo
|-singleturn|p1a: Sharpedo|Protect
|move|p2a: Hydreigon|Draco Meteor|p1a: Sharpedo
|-activate|p1a: Sharpedo|Protect
|
|-boost|p1a: Sharpedo|spe|1|[from] ability: Speed Boost
|turn|26
|
|switch|p2a: Xatu|Xatu, M|334\/334
|-damage|p2a: Xatu|251\/334|[from] Stealth Rock
|move|p1a: Sharpedo|Ice Beam|p2a: Xatu
|-crit|p2a: Xatu
|-supereffective|p2a: Xatu
|-damage|p2a: Xatu|0 fnt
|-damage|p1a: Sharpedo|197\/281|[from] item: Life Orb
|faint|p2a: Xatu
|
|-boost|p1a: Sharpedo|spe|1|[from] ability: Speed Boost
|
|switch|p2a: Hydreigon|Hydreigon, M|167\/325
|-damage|p2a: Hydreigon|127\/325|[from] Stealth Rock
|turn|27
|chat|TodgeMyPodge|gg
|
|move|p1a: Sharpedo|Ice Beam|p2a: Hydreigon
|-supereffective|p2a: Hydreigon
|-damage|p2a: Hydreigon|0 fnt
|-damage|p1a: Sharpedo|169\/281|[from] item: Life Orb
|faint|p2a: Hydreigon
|
|win|pipasonze
|raw|Ladder updating...
|raw|pipasonze's rating: 1230 &rarr; <strong>1253<\/strong><br \/>(+23 for winning)
|raw|TodgeMyPodge's rating: 1210 &rarr; <strong>1187<\/strong><br \/>(-23 for losing)
|chat|pipasonze|gg
|leave|TodgeMyPodge
|player|p2