|join|dr.sparkz
|join|pipasonze
|player|p1|dr.sparkz|170
|player|p2|pipasonze|193
|gametype|singles
|gen|6
|tier|UU
|rated
|rule|Sleep Clause Mod: Limit one foe put to sleep
|rule|Species Clause: Limit one of each PokÃ©mon
|rule|OHKO Clause: OHKO moves are banned
|rule|Moody Clause: Moody is banned
|rule|Evasion Moves Clause: Evasion moves are banned
|rule|Endless Battle Clause: Forcing endless battles is banned
|rule|HP Percentage Mod: HP is shown in percentages
|clearpoke
|poke|p1|Suicune
|poke|p1|Darmanitan, F
|poke|p1|Forretress, F
|poke|p1|Florges, F
|poke|p1|Rotom-Mow
|poke|p1|Lucario, F
|poke|p2|Umbreon, M
|poke|p2|Togekiss, F
|poke|p2|Jirachi
|poke|p2|Mienshao, F
|poke|p2|Ampharos, F
|poke|p2|Swampert, M
|rule|Swagger Clause: Swagger is banned
|rule|Baton Pass Clause: Limit one PokÃ©mon knowing Baton Pass
|teampreview
|
|start
|switch|p1a: Rotom-Mow|Rotom-Mow|241\/241
|switch|p2a: Ampharos|Ampharos, F|384\/384
|turn|1
|
|detailschange|p2a: Ampharos|Ampharos-Mega, F
|message|Ampharos has Mega Evolved into Mega Ampharos!
|-ability|p2a: Ampharos|Mold Breaker
|move|p1a: Rotom-Mow|Volt Switch|p2a: Ampharos
|-resisted|p2a: Ampharos
|-damage|p2a: Ampharos|360\/384
|
|switch|p1a: Florges|Florges, F|360\/360
|move|p2a: Ampharos|Volt Switch|p1a: Florges
|-damage|p1a: Florges|279\/360
|
|switch|p2a: Jirachi|Jirachi|404\/404
|
|-heal|p1a: Florges|301\/360|[from] item: Leftovers
|turn|2
|
|switch|p1a: Suicune|Suicune|404\/404
|-ability|p1a: Suicune|Pressure
|move|p2a: Jirachi|Substitute|p2a: Jirachi
|-start|p2a: Jirachi|Substitute
|-damage|p2a: Jirachi|303\/404
|
|-heal|p2a: Jirachi|328\/404|[from] item: Leftovers
|turn|3
|
|move|p2a: Jirachi|Toxic|p1a: Suicune
|-status|p1a: Suicune|tox
|move|p1a: Suicune|Scald|p2a: Jirachi
|-activate|p2a: Jirachi|Substitute|[damage]
|
|-heal|p2a: Jirachi|353\/404|[from] item: Leftovers
|-damage|p1a: Suicune|379\/404 tox|[from] psn
|turn|4
|
|switch|p2a: Ampharos|Ampharos-Mega, F|360\/384
|-ability|p2a: Ampharos|Mold Breaker
|switch|p1a: Forretress|Forretress, F|354\/354
|
|turn|5
|
|move|p2a: Ampharos|Volt Switch|p1a: Forretress
|-damage|p1a: Forretress|126\/354
|
|switch|p2a: Jirachi|Jirachi|353\/404
|move|p1a: Forretress|Stealth Rock|p2a: Jirachi
|-sidestart|p2: pipasonze|move: Stealth Rock
|
|-heal|p2a: Jirachi|378\/404|[from] item: Leftovers
|-heal|p1a: Forretress|148\/354|[from] item: Leftovers
|turn|6
|
|switch|p1a: Darmanitan|Darmanitan, F|351\/351
|move|p2a: Jirachi|Fire Punch|p1a: Darmanitan
|-resisted|p1a: Darmanitan
|-damage|p1a: Darmanitan|307\/351
|
|-heal|p2a: Jirachi|403\/404|[from] item: Leftovers
|turn|7
|
|switch|p2a: Swampert|Swampert, M|403\/403
|-damage|p2a: Swampert|378\/403|[from] Stealth Rock
|move|p1a: Darmanitan|Flare Blitz|p2a: Swampert
|-resisted|p2a: Swampert
|-damage|p2a: Swampert|227\/403
|-damage|p1a: Darmanitan|257\/351|[from] recoil|[of] p2a: Swampert
|
|-heal|p2a: Swampert|252\/403|[from] item: Leftovers
|turn|8
|
|switch|p1a: Forretress|Forretress, F|148\/354
|move|p2a: Swampert|Stealth Rock|p1a: Forretress
|-sidestart|p1: dr.sparkz|move: Stealth Rock
|
|-heal|p2a: Swampert|277\/403|[from] item: Leftovers
|-heal|p1a: Forretress|170\/354|[from] item: Leftovers
|turn|9
|
|move|p2a: Swampert|Scald|p1a: Forretress
|-damage|p1a: Forretress|53\/354
|-status|p1a: Forretress|brn
|move|p1a: Forretress|Rapid Spin|p2a: Swampert
|-damage|p2a: Swampert|271\/403
|-sideend|p1: dr.sparkz|Stealth Rock|[from] move: Rapid Spin|[of] p1a: Forretress
|
|-heal|p2a: Swampert|296\/403|[from] item: Leftovers
|-heal|p1a: Forretress|75\/354 brn|[from] item: Leftovers
|-damage|p1a: Forretress|31\/354 brn|[from] brn
|turn|10
|c|âdr.sparkz|ofc
|
|move|p2a: Swampert|Stealth Rock|p1a: Forretress
|-sidestart|p1: dr.sparkz|move: Stealth Rock
|move|p1a: Forretress|Rapid Spin|p2a: Swampert
|-damage|p2a: Swampert|290\/403
|-sideend|p1: dr.sparkz|Stealth Rock|[from] move: Rapid Spin|[of] p1a: Forretress
|
|-heal|p2a: Swampert|315\/403|[from] item: Leftovers
|-heal|p1a: Forretress|53\/354 brn|[from] item: Leftovers
|-damage|p1a: Forretress|9\/354 brn|[from] brn
|turn|11
|
|move|p2a: Swampert|Scald|p1a: Forretress
|-damage|p1a: Forretress|0 fnt
|faint|p1a: Forretress
|
|-heal|p2a: Swampert|340\/403|[from] item: Leftovers
|
|switch|p1a: Rotom-Mow|Rotom-Mow|241\/241
|turn|12
|
|switch|p2a: Ampharos|Ampharos-Mega, F|360\/384
|-damage|p2a: Ampharos|312\/384|[from] Stealth Rock
|-ability|p2a: Ampharos|Mold Breaker
|move|p1a: Rotom-Mow|Trick|p2a: Ampharos
|-fail|p2a: Ampharos
|
|turn|13
|
|switch|p1a: Florges|Florges, F|301\/360
|move|p2a: Ampharos|Volt Switch|p1a: Florges
|-damage|p1a: Florges|220\/360
|
|switch|p2a: Swampert|Swampert, M|340\/403
|-damage|p2a: Swampert|315\/403|[from] Stealth Rock
|
|-heal|p1a: Florges|242\/360|[from] item: Leftovers
|-heal|p2a: Swampert|340\/403|[from] item: Leftovers
|turn|14
|
|move|p1a: Florges|Moonblast|p2a: Swampert
|-damage|p2a: Swampert|195\/403
|move|p2a: Swampert|Stealth Rock|p1a: Florges
|-sidestart|p1: dr.sparkz|move: Stealth Rock
|
|-heal|p1a: Florges|264\/360|[from] item: Leftovers
|-heal|p2a: Swampert|220\/403|[from] item: Leftovers
|turn|15
|
|move|p1a: Florges|Wish|p1a: Florges
|move|p2a: Swampert|Earthquake|p1a: Florges
|-damage|p1a: Florges|80\/360
|
|-heal|p1a: Florges|102\/360|[from] item: Leftovers
|-heal|p2a: Swampert|245\/403|[from] item: Leftovers
|turn|16
|
|switch|p1a: Suicune|Suicune|379\/404 tox
|-damage|p1a: Suicune|329\/404 tox|[from] Stealth Rock
|-ability|p1a: Suicune|Pressure
|move|p2a: Swampert|Roar|p1a: Suicune
|drag|p1a: Lucario|Lucario, F|281\/281
|-damage|p1a: Lucario|273\/281|[from] Stealth Rock
|
|-heal|p1a: Lucario|281\/281|[from] move: Wish|[wisher] Florges
|-heal|p2a: Swampert|270\/403|[from] item: Leftovers
|turn|17
|
|switch|p1a: Rotom-Mow|Rotom-Mow|241\/241
|-damage|p1a: Rotom-Mow|211\/241|[from] Stealth Rock
|move|p2a: Swampert|Earthquake|p1a: Rotom-Mow
|-immune|p1a: Rotom-Mow|[msg]
|
|-heal|p2a: Swampert|295\/403|[from] item: Leftovers
|turn|18
|
|move|p1a: Rotom-Mow|Will-O-Wisp|p2a: Swampert
|-status|p2a: Swampert|brn
|move|p2a: Swampert|Scald|p1a: Rotom-Mow
|-resisted|p1a: Rotom-Mow
|-damage|p1a: Rotom-Mow|175\/241
|
|-heal|p2a: Swampert|320\/403 brn|[from] item: Leftovers
|-damage|p2a: Swampert|270\/403 brn|[from] brn
|turn|19
|
|switch|p1a: Suicune|Suicune|329\/404 tox
|-damage|p1a: Suicune|279\/404 tox|[from] Stealth Rock
|-ability|p1a: Suicune|Pressure
|move|p2a: Swampert|Roar|p1a: Suicune
|drag|p1a: Florges|Florges, F|102\/360
|-damage|p1a: Florges|57\/360|[from] Stealth Rock
|
|-heal|p1a: Florges|79\/360|[from] item: Leftovers
|-heal|p2a: Swampert|295\/403 brn|[from] item: Leftovers
|-damage|p2a: Swampert|245\/403 brn|[from] brn
|turn|20
|
|move|p1a: Florges|Protect|p1a: Florges
|-singleturn|p1a: Florges|Protect
|move|p2a: Swampert|Earthquake|p1a: Florges
|-activate|p1a: Florges|Protect
|
|-heal|p1a: Florges|101\/360|[from] item: Leftovers
|-heal|p2a: Swampert|270\/403 brn|[from] item: Leftovers
|-damage|p2a: Swampert|220\/403 brn|[from] brn
|turn|21
|
|move|p1a: Florges|Wish|p1a: Florges
|move|p2a: Swampert|Earthquake|p1a: Florges
|-damage|p1a: Florges|11\/360
|
|-heal|p1a: Florges|33\/360|[from] item: Leftovers
|-heal|p2a: Swampert|245\/403 brn|[from] item: Leftovers
|-damage|p2a: Swampert|195\/403 brn|[from] brn
|turn|22
|
|move|p1a: Florges|Protect|p1a: Florges
|-singleturn|p1a: Florges|Protect
|move|p2a: Swampert|Roar|p1a: Florges
|drag|p1a: Rotom-Mow|Rotom-Mow|175\/241
|-damage|p1a: Rotom-Mow|145\/241|[from] Stealth Rock
|
|-heal|p1a: Rotom-Mow|241\/241|[from] move: Wish|[wisher] Florges
|-heal|p2a: Swampert|220\/403 brn|[from] item: Leftovers
|-damage|p2a: Swampert|170\/403 brn|[from] brn
|turn|23
|
|move|p1a: Rotom-Mow|Will-O-Wisp|p2a: Swampert|[miss]
|-miss|p1a: Rotom-Mow|p2a: Swampert
|move|p2a: Swampert|Scald|p1a: Rotom-Mow
|-resisted|p1a: Rotom-Mow
|-damage|p1a: Rotom-Mow|200\/241
|-status|p1a: Rotom-Mow|brn
|
|-heal|p2a: Swampert|195\/403 brn|[from] item: Leftovers
|-damage|p1a: Rotom-Mow|170\/241 brn|[from] brn
|-damage|p2a: Swampert|145\/403 brn|[from] brn
|turn|24
|c|âdr.sparkz|dumbest player ive faced today
|
|switch|p1a: Florges|Florges, F|33\/360
|-damage|p1a: Florges|0 fnt|[from] Stealth Rock
|faint|p1a: Florges
|move|p2a: Swampert|Roar|p1: Florges|[notarget]
|-notarget
|
|-heal|p2a: Swampert|170\/403 brn|[from] item: Leftovers
|-damage|p2a: Swampert|120\/403 brn|[from] brn
|
|switch|p1a: Lucario|Lucario, F|281\/281
|-damage|p1a: Lucario|273\/281|[from] Stealth Rock
|turn|25
|
|move|p1a: Lucario|Close Combat|p2a: Swampert
|-damage|p2a: Swampert|0 fnt
|-unboost|p1a: Lucario|def|1
|-unboost|p1a: Lucario|spd|1
|-damage|p1a: Lucario|245\/281|[from] item: Life Orb
|faint|p2a: Swampert
|
|
|switch|p2a: Mienshao|Mienshao, F|271\/271
|-damage|p2a: Mienshao|255\/271|[from] Stealth Rock
|turn|26
|c|âpipasonze|don't insult please
|c|âdr.sparkz|i do though
|
|move|p1a: Lucario|Extreme Speed|p2a: Mienshao
|-damage|p2a: Mienshao|96\/271
|-damage|p1a: Lucario|217\/281|[from] item: Life Orb
|move|p2a: Mienshao|High Jump Kick|p1a: Lucario
|-supereffective|p1a: Lucario
|-damage|p1a: Lucario|0 fnt
|faint|p1a: Lucario
|
|
|switch|p1a: Suicune|Suicune|279\/404 tox
|-damage|p1a: Suicune|229\/404 tox|[from] Stealth Rock
|-ability|p1a: Suicune|Pressure
|turn|27
|
|switch|p2a: Ampharos|Ampharos-Mega, F|312\/384
|-damage|p2a: Ampharos|264\/384|[from] Stealth Rock
|-ability|p2a: Ampharos|Mold Breaker
|move|p1a: Suicune|Rest|p1a: Suicune
|-status|p1a: Suicune|slp
|-heal|p1a: Suicune|404\/404 slp|[silent]
|-status|p1a: Suicune|slp|[from] move: Rest
|
|turn|28
|
|switch|p1a: Rotom-Mow|Rotom-Mow|170\/241 brn
|-damage|p1a: Rotom-Mow|140\/241 brn|[from] Stealth Rock
|move|p2a: Ampharos|Thunderbolt|p1a: Rotom-Mow
|-resisted|p1a: Rotom-Mow
|-damage|p1a: Rotom-Mow|93\/241 brn
|
|-damage|p1a: Rotom-Mow|63\/241 brn|[from] brn
|turn|29
|
|move|p1a: Rotom-Mow|Leaf Storm|p2a: Ampharos|[miss]
|-miss|p1a: Rotom-Mow|p2a: Ampharos
|move|p2a: Ampharos|Dragon Pulse|p1a: Rotom-Mow
|-damage|p1a: Rotom-Mow|0 fnt
|faint|p1a: Rotom-Mow
|
|c|âdr.sparkz|NICE
|
|switch|p1a: Darmanitan|Darmanitan, F|257\/351
|-damage|p1a: Darmanitan|170\/351|[from] Stealth Rock
|turn|30
|
|switch|p2a: Jirachi|Jirachi|403\/404
|-damage|p2a: Jirachi|378\/404|[from] Stealth Rock
|move|p1a: Darmanitan|Earthquake|p2a: Jirachi
|-supereffective|p2a: Jirachi
|-damage|p2a: Jirachi|24\/404
|-damage|p1a: Darmanitan|135\/351|[from] item: Life Orb
|
|-heal|p2a: Jirachi|49\/404|[from] item: Leftovers
|turn|31
|
|move|p2a: Jirachi|Toxic|p1a: Darmanitan
|-status|p1a: Darmanitan|tox
|move|p1a: Darmanitan|Flare Blitz|p2a: Jirachi
|-supereffective|p2a: Jirachi
|-damage|p2a: Jirachi|0 fnt
|-damage|p1a: Darmanitan|119\/351 tox|[from] recoil|[of] p2a: Jirachi
|faint|p2a: Jirachi
|
|-damage|p1a: Darmanitan|98\/351 tox|[from] psn
|c|âdr.sparkz|defensive leftovers with max speed. smart.
|c|âpipasonze|yes it is
|c|âdr.sparkz|not at all
|c|âpipasonze|it's called subtoxic jirachi
|c|âdr.sparkz|its fucking stupid
|c|âdr.sparkz|and idgaf what its called
|c|âpipasonze|then i wonder why it is used by some of the top UU players
|c|âdr.sparkz|1 - false
|
|switch|p2a: Mienshao|Mienshao, F|186\/271
|-damage|p2a: Mienshao|170\/271|[from] Stealth Rock
|turn|32
|c|âdr.sparkz|2 - so you just basically copy ppl
|c|âdr.sparkz|no wonder youre so bad
|
|move|p2a: Mienshao|U-turn|p1a: Darmanitan
|-resisted|p1a: Darmanitan
|-damage|p1a: Darmanitan|28\/351 tox
|
|switch|p2a: Togekiss|Togekiss, F|311\/311
|-damage|p2a: Togekiss|234\/311|[from] Stealth Rock
|move|p1a: Darmanitan|Flare Blitz|p2a: Togekiss
|-damage|p2a: Togekiss|0 fnt
|-damage|p1a: Darmanitan|0 fnt|[from] recoil|[of] p2a: Togekiss
|faint|p2a: Togekiss
|faint|p1a: Darmanitan
|
|
|switch|p1a: Suicune|Suicune|404\/404 slp
|-damage|p1a: Suicune|354\/404 slp|[from] Stealth Rock
|switch|p2a: Ampharos|Ampharos-Mega, F|264\/384
|-damage|p2a: Ampharos|216\/384|[from] Stealth Rock
|-ability|p1a: Suicune|Pressure
|-ability|p2a: Ampharos|Mold Breaker
|turn|33
|c|âpipasonze|i dont get why you're being so aggressive
|c|âdr.sparkz|cause i hate losing, and especially to clueless noobs
|-message|dr.sparkz forfeited.
|
|win|pipasonze
|raw|Ladder updating...
|leave|dr.sparkz
|player|p1
|raw|dr.sparkz's rating: 1519 &rarr; <strong>1498<\/strong><br \/>(-21 for losing)
|raw|pipasonze's rating: 1500 &rarr; <strong>1521<\/strong><br \/>(+21 for winning)
|c|âpipasonze|it's not my fault that your team can't deal with swampert