|join|pipasonze
|join|FallenSword912
|player|p1|pipasonze|193
|player|p2|FallenSword912|256
|gametype|singles
|gen|6
|tier|UU
|rule|Sleep Clause Mod: Limit one foe put to sleep
|rule|Species Clause: Limit one of each PokÃ©mon
|rule|OHKO Clause: OHKO moves are banned
|rule|Moody Clause: Moody is banned
|rule|Evasion Moves Clause: Evasion moves are banned
|rule|Endless Battle Clause: Forcing endless battles is banned
|rule|HP Percentage Mod: HP is shown in percentages
|clearpoke
|poke|p1|Slowking, F
|poke|p1|Aerodactyl, F
|poke|p1|Forretress, F
|poke|p1|Shaymin
|poke|p1|Mienshao, M
|poke|p1|Krookodile, F
|poke|p2|Nidoking, M
|poke|p2|Jirachi
|poke|p2|Ampharos, M, shiny
|poke|p2|Crobat, M
|poke|p2|Lucario, F
|poke|p2|Suicune
|rule|Swagger Clause: Swagger is banned
|rule|Baton Pass Clause: Limit one PokÃ©mon knowing Baton Pass
|teampreview
|c|âpipasonze|gl
|
|start
|switch|p1a: Krookodile|Krookodile, F|331\/331
|switch|p2a: Jack|Nidoking, M|366\/366
|-ability|p1a: Krookodile|Intimidate|[of] p2a: Jack
|-unboost|p2a: Jack|atk|1
|turn|1
|
|switch|p2a: Space Jam|Crobat, M|373\/373
|move|p1a: Krookodile|Knock Off|p2a: Space Jam
|-damage|p2a: Space Jam|102\/373
|-enditem|p2a: Space Jam|Black Sludge|[from] move: Knock Off|[of] p1a: Krookodile
|
|turn|2
|
|move|p2a: Space Jam|Brave Bird|p1a: Krookodile
|-damage|p1a: Krookodile|133\/331
|-damage|p2a: Space Jam|37\/373|[from] recoil|[of] p1a: Krookodile
|move|p1a: Krookodile|Knock Off|p2a: Space Jam
|-damage|p2a: Space Jam|0 fnt
|faint|p2a: Space Jam
|
|
|switch|p2a: Luke=NUKE|Lucario, F|282\/282
|turn|3
|
|switch|p1a: Slowking|Slowking, F|393\/393
|move|p2a: Luke=NUKE|Swords Dance|p2a: Luke=NUKE
|-boost|p2a: Luke=NUKE|atk|2
|
|turn|4
|
|move|p2a: Luke=NUKE|Extreme Speed|p1a: Slowking
|-damage|p1a: Slowking|171\/393
|-damage|p2a: Luke=NUKE|254\/282|[from] item: Life Orb
|move|p1a: Slowking|Dragon Tail|p2a: Luke=NUKE
|-resisted|p2a: Luke=NUKE
|-damage|p2a: Luke=NUKE|232\/282
|drag|p2a: neverused|Jirachi|342\/342
|
|turn|5
|
|switch|p1a: Forretress|Forretress, F|354\/354
|move|p2a: neverused|Iron Head|p1a: Forretress
|-resisted|p1a: Forretress
|-damage|p1a: Forretress|301\/354
|
|-heal|p1a: Forretress|323\/354|[from] item: Leftovers
|turn|6
|
|switch|p2a: Jack|Nidoking, M|366\/366
|move|p1a: Forretress|Stealth Rock|p2a: Jack
|-sidestart|p2: FallenSword912|move: Stealth Rock
|
|-heal|p1a: Forretress|345\/354|[from] item: Leftovers
|turn|7
|
|switch|p1a: Slowking|Slowking, F|302\/393
|move|p2a: Jack|Ice Beam|p1a: Slowking
|-resisted|p1a: Slowking
|-damage|p1a: Slowking|255\/393
|
|turn|8
|
|switch|p2a: $*NUKE*$|Ampharos, M, shiny|322\/322
|-damage|p2a: $*NUKE*$|282\/322|[from] Stealth Rock
|move|p1a: Slowking|Scald|p2a: $*NUKE*$
|-damage|p2a: $*NUKE*$|126\/322
|-status|p2a: $*NUKE*$|brn
|
|-damage|p2a: $*NUKE*$|86\/322 brn|[from] brn
|turn|9
|
|switch|p1a: Mienshao|Mienshao, M|271\/271
|detailschange|p2a: $*NUKE*$|Ampharos-Mega, M, shiny
|message|Ampharos has Mega Evolved into Mega Ampharos!
|-ability|p2a: $*NUKE*$|Mold Breaker
|move|p2a: $*NUKE*$|Thunderbolt|p1a: Mienshao
|-damage|p1a: Mienshao|0 fnt
|faint|p1a: Mienshao
|
|-damage|p2a: $*NUKE*$|46\/322 brn|[from] brn
|
|switch|p1a: Aerodactyl|Aerodactyl, F|331\/331
|-ability|p1a: Aerodactyl|Pressure
|turn|10
|
|detailschange|p1a: Aerodactyl|Aerodactyl-Mega, F
|message|Aerodactyl has Mega Evolved into Mega Aerodactyl!
|move|p1a: Aerodactyl|Earthquake|p2a: $*NUKE*$
|-supereffective|p2a: $*NUKE*$
|-damage|p2a: $*NUKE*$|0 fnt
|faint|p2a: $*NUKE*$
|
|
|switch|p2a: wow fag|Suicune|404\/404
|-damage|p2a: wow fag|354\/404|[from] Stealth Rock
|-ability|p2a: wow fag|Pressure
|turn|11
|
|move|p1a: Aerodactyl|Taunt|p2a: wow fag
|-start|p2a: wow fag|move: Taunt
|move|p2a: wow fag|Scald|p1a: Aerodactyl
|-supereffective|p1a: Aerodactyl
|-damage|p1a: Aerodactyl|139\/331
|
|-heal|p2a: wow fag|379\/404|[from] item: Leftovers
|turn|12
|
|switch|p1a: Shaymin|Shaymin|341\/341
|move|p2a: wow fag|Scald|p1a: Shaymin
|-resisted|p1a: Shaymin
|-damage|p1a: Shaymin|297\/341
|
|-heal|p2a: wow fag|404\/404|[from] item: Leftovers
|turn|13
|
|switch|p2a: neverused|Jirachi|342\/342
|-damage|p2a: neverused|321\/342|[from] Stealth Rock
|move|p1a: Shaymin|Seed Flare|p2a: neverused|[miss]
|-miss|p1a: Shaymin|p2a: neverused
|
|turn|14
|
|switch|p1a: Slowking|Slowking, F|386\/393
|move|p2a: neverused|Stealth Rock|p1a: Slowking
|-sidestart|p1: pipasonze|move: Stealth Rock
|
|turn|15
|
|switch|p2a: wow fag|Suicune|404\/404
|-damage|p2a: wow fag|354\/404|[from] Stealth Rock
|-ability|p2a: wow fag|Pressure
|move|p1a: Slowking|Scald|p2a: wow fag
|-resisted|p2a: wow fag
|-damage|p2a: wow fag|294\/404
|
|-heal|p2a: wow fag|319\/404|[from] item: Leftovers
|turn|16
|
|move|p2a: wow fag|Calm Mind|p2a: wow fag
|-boost|p2a: wow fag|spa|1
|-boost|p2a: wow fag|spd|1
|move|p1a: Slowking|Dragon Tail|p2a: wow fag
|-damage|p2a: wow fag|294\/404
|drag|p2a: neverused|Jirachi|321\/342
|-damage|p2a: neverused|300\/342|[from] Stealth Rock
|
|turn|17
|
|move|p2a: neverused|Iron Head|p1a: Slowking
|-resisted|p1a: Slowking
|-damage|p1a: Slowking|298\/393
|cant|p1a: Slowking|flinch
|
|turn|18
|
|switch|p1a: Forretress|Forretress, F|345\/354
|-damage|p1a: Forretress|301\/354|[from] Stealth Rock
|move|p2a: neverused|Iron Head|p1a: Forretress
|-resisted|p1a: Forretress
|-damage|p1a: Forretress|249\/354
|
|-heal|p1a: Forretress|271\/354|[from] item: Leftovers
|turn|19
|
|move|p2a: neverused|Iron Head|p1a: Forretress
|-resisted|p1a: Forretress
|-damage|p1a: Forretress|219\/354
|move|p1a: Forretress|Rapid Spin|p2a: neverused
|-resisted|p2a: neverused
|-damage|p2a: neverused|293\/342
|-sideend|p1: pipasonze|Stealth Rock|[from] move: Rapid Spin|[of] p1a: Forretress
|
|-heal|p1a: Forretress|241\/354|[from] item: Leftovers
|turn|20
|
|move|p2a: neverused|Iron Head|p1a: Forretress
|-resisted|p1a: Forretress
|-damage|p1a: Forretress|187\/354
|move|p1a: Forretress|Volt Switch|p2a: neverused
|-damage|p2a: neverused|255\/342
|
|switch|p1a: Aerodactyl|Aerodactyl-Mega, F|139\/331
|
|turn|21
|
|switch|p2a: wow fag|Suicune|294\/404
|-damage|p2a: wow fag|244\/404|[from] Stealth Rock
|-ability|p2a: wow fag|Pressure
|move|p1a: Aerodactyl|Earthquake|p2a: wow fag
|-damage|p2a: wow fag|168\/404
|
|-heal|p2a: wow fag|193\/404|[from] item: Leftovers
|turn|22
|
|switch|p1a: Slowking|Slowking, F|393\/393
|move|p2a: wow fag|Scald|p1a: Slowking
|-resisted|p1a: Slowking
|-damage|p1a: Slowking|365\/393
|
|-heal|p2a: wow fag|218\/404|[from] item: Leftovers
|turn|23
|
|move|p2a: wow fag|Scald|p1a: Slowking
|-resisted|p1a: Slowking
|-damage|p1a: Slowking|341\/393
|move|p1a: Slowking|Dragon Tail|p2a: wow fag
|-crit|p2a: wow fag
|-damage|p2a: wow fag|185\/404
|drag|p2a: neverused|Jirachi|255\/342
|-damage|p2a: neverused|234\/342|[from] Stealth Rock
|
|turn|24
|
|switch|p1a: Forretress|Forretress, F|187\/354
|move|p2a: neverused|Iron Head|p1a: Forretress
|-resisted|p1a: Forretress
|-damage|p1a: Forretress|135\/354
|
|-heal|p1a: Forretress|157\/354|[from] item: Leftovers
|turn|25
|
|move|p2a: neverused|Iron Head|p1a: Forretress
|-resisted|p1a: Forretress
|-damage|p1a: Forretress|106\/354
|move|p1a: Forretress|Volt Switch|p2a: neverused
|-damage|p2a: neverused|196\/342
|
|switch|p1a: Aerodactyl|Aerodactyl-Mega, F|139\/331
|
|turn|26
|
|switch|p2a: wow fag|Suicune|185\/404
|-damage|p2a: wow fag|135\/404|[from] Stealth Rock
|-ability|p2a: wow fag|Pressure
|move|p1a: Aerodactyl|Earthquake|p2a: wow fag
|-damage|p2a: wow fag|56\/404
|
|-heal|p2a: wow fag|81\/404|[from] item: Leftovers
|turn|27
|
|move|p1a: Aerodactyl|Aerial Ace|p2a: wow fag
|-damage|p2a: wow fag|0 fnt
|faint|p2a: wow fag
|
|
|switch|p2a: Luke=NUKE|Lucario, F|232\/282
|-damage|p2a: Luke=NUKE|224\/282|[from] Stealth Rock
|turn|28
|
|switch|p1a: Slowking|Slowking, F|393\/393
|move|p2a: Luke=NUKE|Extreme Speed|p1a: Slowking
|-damage|p1a: Slowking|283\/393
|-damage|p2a: Luke=NUKE|196\/282|[from] item: Life Orb
|
|turn|29
|
|move|p2a: Luke=NUKE|Swords Dance|p2a: Luke=NUKE
|-boost|p2a: Luke=NUKE|atk|2
|move|p1a: Slowking|Scald|p2a: Luke=NUKE
|-damage|p2a: Luke=NUKE|19\/282
|-status|p2a: Luke=NUKE|brn
|
|-damage|p2a: Luke=NUKE|0 fnt|[from] brn
|faint|p2a: Luke=NUKE
|c|âpipasonze|sorry :\/
|c|âFallenSword912|HAHAHA OF COURSE YOU GET THE BURN
|c|âFallenSword912|FUCK THIS
|
|switch|p2a: neverused|Jirachi|196\/342
|-damage|p2a: neverused|175\/342|[from] Stealth Rock
|turn|30
|
|move|p2a: neverused|Meteor Mash|p1a: Slowking
|-resisted|p1a: Slowking
|-damage|p1a: Slowking|180\/393
|-boost|p2a: neverused|atk|1
|move|p1a: Slowking|Scald|p2a: neverused
|-damage|p2a: neverused|48\/342
|
|turn|31
|
|move|p2a: neverused|Iron Head|p1a: Slowking
|-resisted|p1a: Slowking
|-damage|p1a: Slowking|39\/393
|cant|p1a: Slowking|flinch
|
|turn|32
|
|move|p2a: neverused|Iron Head|p1a: Slowking
|-resisted|p1a: Slowking
|-damage|p1a: Slowking|0 fnt
|faint|p1a: Slowking
|
|
|switch|p1a: Aerodactyl|Aerodactyl-Mega, F|139\/331
|turn|33
|
|move|p1a: Aerodactyl|Earthquake|p2a: neverused
|-supereffective|p2a: neverused
|-damage|p2a: neverused|0 fnt
|faint|p2a: neverused
|
|
|switch|p2a: Jack|Nidoking, M|366\/366
|-damage|p2a: Jack|344\/366|[from] Stealth Rock
|turn|34
|
|move|p1a: Aerodactyl|Earthquake|p2a: Jack
|-supereffective|p2a: Jack
|-damage|p2a: Jack|58\/366
|move|p2a: Jack|Ice Beam|p1a: Aerodactyl
|-supereffective|p1a: Aerodactyl
|-damage|p1a: Aerodactyl|0 fnt
|faint|p1a: Aerodactyl
|
|
|switch|p1a: Shaymin|Shaymin|297\/341
|turn|35
|
|move|p1a: Shaymin|Psychic|p2a: Jack
|-crit|p2a: Jack
|-supereffective|p2a: Jack
|-damage|p2a: Jack|0 fnt
|-damage|p1a: Shaymin|263\/341|[from] item: Life Orb
|faint|p2a: Jack
|
|win|pipasonze
|leave|FallenSword912
|player|p2