|join|dono123
|join|pipasonze
|player|p1|dono123|266
|player|p2|pipasonze|193
|gametype|singles
|gen|6
|tier|UU
|rule|Sleep Clause Mod: Limit one foe put to sleep
|rule|Species Clause: Limit one of each PokÃ©mon
|rule|OHKO Clause: OHKO moves are banned
|rule|Moody Clause: Moody is banned
|rule|Evasion Moves Clause: Evasion moves are banned
|rule|Endless Battle Clause: Forcing endless battles is banned
|rule|HP Percentage Mod: HP is shown in percentages
|clearpoke
|poke|p1|Azelf
|poke|p1|Chandelure, F
|poke|p1|Metagross
|poke|p1|Crobat, F
|poke|p1|Suicune
|poke|p1|Whimsicott, M
|poke|p2|Slowking, F
|poke|p2|Aerodactyl, M
|poke|p2|Forretress, M
|poke|p2|Shaymin
|poke|p2|Mienshao, M
|poke|p2|Krookodile, M
|rule|Swagger Clause: Swagger is banned
|rule|Baton Pass Clause: Limit one PokÃ©mon knowing Baton Pass
|teampreview
|c|âpipasonze|gl
|c|âdono123|gl
|
|start
|switch|p1a: Crobat|Crobat, F|311\/311
|switch|p2a: Aerodactyl|Aerodactyl, M|331\/331
|-ability|p2a: Aerodactyl|Pressure
|turn|1
|
|switch|p1a: Metagross|Metagross|364\/364
|detailschange|p2a: Aerodactyl|Aerodactyl-Mega, M
|message|Aerodactyl has Mega Evolved into Mega Aerodactyl!
|move|p2a: Aerodactyl|Aerial Ace|p1a: Metagross
|-resisted|p1a: Metagross
|-damage|p1a: Metagross|301\/364
|
|-heal|p1a: Metagross|323\/364|[from] item: Leftovers
|turn|2
|
|switch|p2a: Forretress|Forretress, M|354\/354
|move|p1a: Metagross|Iron Head|p2a: Forretress
|-resisted|p2a: Forretress
|-damage|p2a: Forretress|296\/354
|
|-heal|p1a: Metagross|345\/364|[from] item: Leftovers
|-heal|p2a: Forretress|318\/354|[from] item: Leftovers
|turn|3
|
|switch|p1a: Chandelure|Chandelure, F|261\/261
|move|p2a: Forretress|Stealth Rock|p1a: Chandelure
|-sidestart|p1: dono123|move: Stealth Rock
|
|-heal|p2a: Forretress|340\/354|[from] item: Leftovers
|turn|4
|
|switch|p2a: Slowking|Slowking, F|393\/393
|move|p1a: Chandelure|Flamethrower|p2a: Slowking
|-resisted|p2a: Slowking
|-damage|p2a: Slowking|336\/393
|
|turn|5
|
|switch|p1a: Azelf|Azelf|291\/291
|-damage|p1a: Azelf|255\/291|[from] Stealth Rock
|move|p2a: Slowking|Dragon Tail|p1a: Azelf
|-damage|p1a: Azelf|206\/291
|drag|p1a: Suicune|Suicune|404\/404
|-damage|p1a: Suicune|354\/404|[from] Stealth Rock
|-ability|p1a: Suicune|Pressure
|
|-heal|p1a: Suicune|379\/404|[from] item: Leftovers
|turn|6
|
|switch|p1a: Chandelure|Chandelure, F|261\/261
|-damage|p1a: Chandelure|196\/261|[from] Stealth Rock
|move|p2a: Slowking|Dragon Tail|p1a: Chandelure
|-damage|p1a: Chandelure|162\/261
|drag|p1a: Suicune|Suicune|379\/404
|-damage|p1a: Suicune|329\/404|[from] Stealth Rock
|-ability|p1a: Suicune|Pressure
|
|-heal|p1a: Suicune|354\/404|[from] item: Leftovers
|turn|7
|c|âdono123|brb
|c|âpipasonze|if you take long
|c|âpipasonze|i'll turn on the timer
|c|âpipasonze|i'm going to turn it on because i have to leave after this
|c|âdono123|okay sorry back
|
|move|p1a: Suicune|Scald|p2a: Slowking
|-resisted|p2a: Slowking
|-damage|p2a: Slowking|307\/393
|move|p2a: Slowking|Dragon Tail|p1a: Suicune
|-damage|p1a: Suicune|330\/404
|drag|p1a: Metagross|Metagross|345\/364
|-damage|p1a: Metagross|323\/364|[from] Stealth Rock
|
|-heal|p1a: Metagross|345\/364|[from] item: Leftovers
|turn|8
|
|move|p1a: Metagross|Earthquake|p2a: Slowking
|-damage|p2a: Slowking|160\/393
|move|p2a: Slowking|Scald|p1a: Metagross
|-damage|p1a: Metagross|212\/364
|-status|p1a: Metagross|brn
|
|-heal|p1a: Metagross|234\/364 brn|[from] item: Leftovers
|-damage|p1a: Metagross|189\/364 brn|[from] brn
|turn|9
|
|switch|p2a: Forretress|Forretress, M|340\/354
|move|p1a: Metagross|Earthquake|p2a: Forretress
|-damage|p2a: Forretress|290\/354
|
|-heal|p1a: Metagross|211\/364 brn|[from] item: Leftovers
|-heal|p2a: Forretress|312\/354|[from] item: Leftovers
|-damage|p1a: Metagross|166\/364 brn|[from] brn
|turn|10
|
|switch|p1a: Chandelure|Chandelure, F|162\/261
|-damage|p1a: Chandelure|97\/261|[from] Stealth Rock
|move|p2a: Forretress|Volt Switch|p1a: Chandelure
|-damage|p1a: Chandelure|59\/261
|
|switch|p2a: Aerodactyl|Aerodactyl-Mega, M|331\/331
|
|turn|11
|
|move|p1a: Chandelure|Shadow Ball|p2a: Aerodactyl
|-damage|p2a: Aerodactyl|174\/331
|move|p2a: Aerodactyl|Earthquake|p1a: Chandelure
|-supereffective|p1a: Chandelure
|-damage|p1a: Chandelure|0 fnt
|faint|p1a: Chandelure
|
|
|switch|p1a: Metagross|Metagross|166\/364 brn
|-damage|p1a: Metagross|144\/364 brn|[from] Stealth Rock
|turn|12
|
|switch|p2a: Forretress|Forretress, M|312\/354
|move|p1a: Metagross|Bullet Punch|p2a: Forretress
|-resisted|p2a: Forretress
|-damage|p2a: Forretress|297\/354
|
|-heal|p1a: Metagross|166\/364 brn|[from] item: Leftovers
|-heal|p2a: Forretress|319\/354|[from] item: Leftovers
|-damage|p1a: Metagross|121\/364 brn|[from] brn
|turn|13
|
|move|p1a: Metagross|Earthquake|p2a: Forretress
|-damage|p2a: Forretress|277\/354
|move|p2a: Forretress|Volt Switch|p1a: Metagross
|-damage|p1a: Metagross|81\/364 brn
|
|switch|p2a: Mienshao|Mienshao, M|271\/271
|
|-heal|p1a: Metagross|103\/364 brn|[from] item: Leftovers
|-damage|p1a: Metagross|58\/364 brn|[from] brn
|turn|14
|
|move|p1a: Metagross|Bullet Punch|p2a: Mienshao
|-damage|p2a: Mienshao|211\/271
|move|p2a: Mienshao|U-turn|p1a: Metagross
|-damage|p1a: Metagross|0 fnt
|-damage|p2a: Mienshao|184\/271|[from] item: Life Orb
|faint|p1a: Metagross
|
|switch|p2a: Slowking|Slowking, F|291\/393
|
|
|switch|p1a: Azelf|Azelf|206\/291
|-damage|p1a: Azelf|170\/291|[from] Stealth Rock
|turn|15
|
|switch|p2a: Krookodile|Krookodile, M|331\/331
|-ability|p2a: Krookodile|Intimidate|[of] p1a: Azelf
|-unboost|p1a: Azelf|atk|1
|move|p1a: Azelf|Knock Off|p2a: Krookodile
|-resisted|p2a: Krookodile
|-damage|p2a: Krookodile|286\/331
|-enditem|p2a: Krookodile|Choice Band|[from] move: Knock Off|[of] p1a: Azelf
|
|-heal|p1a: Azelf|188\/291|[from] item: Leftovers
|turn|16
|
|move|p1a: Azelf|U-turn|p2a: Krookodile
|-supereffective|p2a: Krookodile
|-damage|p2a: Krookodile|166\/331
|
|switch|p1a: Crobat|Crobat, F|311\/311
|-damage|p1a: Crobat|234\/311|[from] Stealth Rock
|move|p2a: Krookodile|Knock Off|p1a: Crobat
|-damage|p1a: Crobat|44\/311
|-enditem|p1a: Crobat|Black Sludge|[from] move: Knock Off|[of] p2a: Krookodile
|
|turn|17
|
|switch|p2a: Aerodactyl|Aerodactyl-Mega, M|174\/331
|move|p1a: Crobat|U-turn|p2a: Aerodactyl
|-resisted|p2a: Aerodactyl
|-damage|p2a: Aerodactyl|138\/331
|
|switch|p1a: Suicune|Suicune|330\/404
|-damage|p1a: Suicune|280\/404|[from] Stealth Rock
|-ability|p1a: Suicune|Pressure
|
|-heal|p1a: Suicune|305\/404|[from] item: Leftovers
|turn|18
|
|switch|p2a: Shaymin|Shaymin|341\/341
|move|p1a: Suicune|Calm Mind|p1a: Suicune
|-boost|p1a: Suicune|spa|1
|-boost|p1a: Suicune|spd|1
|
|-heal|p1a: Suicune|330\/404|[from] item: Leftovers
|turn|19
|
|move|p2a: Shaymin|Seed Flare|p1a: Suicune
|-supereffective|p1a: Suicune
|-damage|p1a: Suicune|70\/404
|-unboost|p1a: Suicune|spd|2
|-damage|p2a: Shaymin|307\/341|[from] item: Life Orb
|move|p1a: Suicune|Calm Mind|p1a: Suicune
|-boost|p1a: Suicune|spa|1
|-boost|p1a: Suicune|spd|1
|
|-heal|p1a: Suicune|95\/404|[from] item: Leftovers
|turn|20
|
|move|p2a: Shaymin|Seed Flare|p1a: Suicune
|-supereffective|p1a: Suicune
|-damage|p1a: Suicune|0 fnt
|-damage|p2a: Shaymin|273\/341|[from] item: Life Orb
|faint|p1a: Suicune
|
|
|switch|p1a: Crobat|Crobat, F|44\/311
|-damage|p1a: Crobat|0 fnt|[from] Stealth Rock
|faint|p1a: Crobat
|
|switch|p1a: Azelf|Azelf|188\/291
|-damage|p1a: Azelf|152\/291|[from] Stealth Rock
|turn|21
|
|move|p1a: Azelf|U-turn|p2a: Shaymin
|-supereffective|p2a: Shaymin
|-damage|p2a: Shaymin|109\/341
|
|switch|p1a: Whimsicott|Whimsicott, M|323\/323
|-damage|p1a: Whimsicott|283\/323|[from] Stealth Rock
|move|p2a: Shaymin|Seed Flare|p1a: Whimsicott
|-resisted|p1a: Whimsicott
|-damage|p1a: Whimsicott|131\/323
|-unboost|p1a: Whimsicott|spd|2
|-damage|p2a: Shaymin|75\/341|[from] item: Life Orb
|
|-heal|p1a: Whimsicott|151\/323|[from] item: Leftovers
|turn|22
|
|move|p1a: Whimsicott|Moonblast|p2a: Shaymin
|-damage|p2a: Shaymin|0 fnt
|faint|p2a: Shaymin
|
|-heal|p1a: Whimsicott|171\/323|[from] item: Leftovers
|
|switch|p2a: Aerodactyl|Aerodactyl-Mega, M|138\/331
|turn|23
|
|move|p1a: Whimsicott|Leech Seed|p2a: Aerodactyl
|-start|p2a: Aerodactyl|move: Leech Seed
|move|p2a: Aerodactyl|Aerial Ace|p1a: Whimsicott
|-supereffective|p1a: Whimsicott
|-damage|p1a: Whimsicott|0 fnt
|faint|p1a: Whimsicott
|
|
|switch|p1a: Azelf|Azelf|152\/291
|-damage|p1a: Azelf|116\/291|[from] Stealth Rock
|turn|24
|c|âdono123|gg
|
|move|p2a: Aerodactyl|Aerial Ace|p1a: Azelf
|-damage|p1a: Azelf|0 fnt
|faint|p1a: Azelf
|
|win|pipasonze
|c|âpipasonze|gg