|join|RyanD333
|join|pipasonze
|player|p1|RyanD333|189
|player|p2|pipasonze|120
|gametype|singles
|gen|6
|tier|UU
|rated
|clearpoke
|poke|p1|Honchkrow, M, shiny
|poke|p1|Raikou, shiny
|poke|p1|Bouffalant, F
|poke|p1|Mew
|poke|p1|Linoone, F
|poke|p1|Quagsire, F
|poke|p2|Jellicent, F
|poke|p2|Zangoose, M
|poke|p2|Manectric, F
|poke|p2|Donphan, M
|poke|p2|Tornadus-Therian, M
|poke|p2|Toxicroak, F
|rule|Sleep Clause Mod: Limit one foe put to sleep
|rule|Species Clause: Limit one of each Pokemon
|rule|OHKO Clause: OHKO moves are banned
|rule|Moody Clause: Moody is banned
|rule|Evasion Moves Clause: Evasion moves are banned
|rule|Endless Battle Clause: Forcing endless battles is banned.
|rule|HP Percentage Mod: HP is reported as percentages
|teampreview
|join|â« Ghostlyy â«
|
|start
|switch|p1a: Raikou|Raikou, shiny|322\/322
|switch|p2a: Tornadus-Therian|Tornadus-Therian, M|299\/299
|-ability|p1a: Raikou|Pressure
|turn|1
|
|move|p1a: Raikou|Volt Switch|p2a: Tornadus-Therian
|-supereffective|p2a: Tornadus-Therian
|-damage|p2a: Tornadus-Therian|99\/299
|
|switch|p1a: Bouffalant|Bouffalant, F|394\/394
|move|p2a: Tornadus-Therian|U-turn|p1a: Bouffalant
|-damage|p1a: Bouffalant|339\/394
|
|switch|p2a: Manectric|Manectric, F|281\/281
|
|turn|2
|
|-formechange|p2a: Manectric|Manectric-Mega
|message|Manectric has Mega Evolved into Mega Manectric!
|-ability|p2a: Manectric|Intimidate|[of] p1a: Bouffalant
|-unboost|p1a: Bouffalant|atk|1
|move|p2a: Manectric|Volt Switch|p1a: Bouffalant
|-damage|p1a: Bouffalant|255\/394
|
|switch|p2a: Donphan|Donphan, M|384\/384
|move|p1a: Bouffalant|Earthquake|p2a: Donphan
|-damage|p2a: Donphan|332\/384
|
|-heal|p2a: Donphan|356\/384|[from] item: Leftovers
|turn|3
|
|switch|p1a: Mew|Mew|404\/404
|move|p2a: Donphan|Stealth Rock|p1a: Mew
|-sidestart|p1: RyanD333|move: Stealth Rock
|
|-heal|p2a: Donphan|380\/384|[from] item: Leftovers
|turn|4
|
|switch|p2a: Jellicent|Jellicent, F|404\/404
|move|p1a: Mew|Defog|p2a: Jellicent
|-unboost|p2a: Jellicent|evasion|1
|-sideend|p1: RyanD333|Stealth Rock|[from] move: Defog|[of] p1a: Mew
|
|turn|5
|
|switch|p1a: Raikou|Raikou, shiny|322\/322
|-ability|p1a: Raikou|Pressure
|move|p2a: Jellicent|Shadow Ball|p1a: Raikou
|-damage|p1a: Raikou|232\/322
|
|turn|6
|
|switch|p2a: Donphan|Donphan, M|380\/384
|move|p1a: Raikou|Volt Switch|p2a: Donphan
|-immune|p2a: Donphan|[msg]
|
|-heal|p2a: Donphan|384\/384|[from] item: Leftovers
|turn|7
|
|switch|p1a: Mew|Mew|404\/404
|move|p2a: Donphan|Stealth Rock|p1a: Mew
|-sidestart|p1: RyanD333|move: Stealth Rock
|
|turn|8
|
|move|p1a: Mew|Defog|p2a: Donphan
|-unboost|p2a: Donphan|evasion|1
|-sideend|p1: RyanD333|Stealth Rock|[from] move: Defog|[of] p1a: Mew
|move|p2a: Donphan|Earthquake|p1a: Mew
|-damage|p1a: Mew|289\/404
|
|-heal|p1a: Mew|314\/404|[from] item: Leftovers
|turn|9
|
|move|p1a: Mew|Will-O-Wisp|p2a: Donphan
|-status|p2a: Donphan|brn
|move|p2a: Donphan|Stealth Rock|p1a: Mew
|-sidestart|p1: RyanD333|move: Stealth Rock
|
|-heal|p1a: Mew|339\/404|[from] item: Leftovers
|-damage|p2a: Donphan|336\/384 brn|[from] brn
|turn|10
|
|move|p1a: Mew|Defog|p2a: Donphan
|-unboost|p2a: Donphan|evasion|1
|-sideend|p1: RyanD333|Stealth Rock|[from] move: Defog|[of] p1a: Mew
|move|p2a: Donphan|Toxic|p1a: Mew
|-status|p1a: Mew|tox
|
|-heal|p1a: Mew|364\/404 tox|[from] item: Leftovers
|-heal|p2a: Donphan|360\/384 brn|[from] item: Leftovers
|-damage|p1a: Mew|339\/404 tox|[from] psn
|-damage|p2a: Donphan|312\/384 brn|[from] brn
|turn|11
|
|switch|p1a: Linoone|Linoone, F|298\/298
|switch|p2a: Tornadus-Therian|Tornadus-Therian, M|198\/299
|
|turn|12
|
|switch|p1a: Bouffalant|Bouffalant, F|255\/394
|move|p2a: Tornadus-Therian|U-turn|p1a: Bouffalant
|-damage|p1a: Bouffalant|199\/394
|
|switch|p2a: Zangoose|Zangoose, M|287\/287
|
|-status|p2a: Zangoose|tox|[from] item: Toxic Orb
|turn|13
|
|move|p2a: Zangoose|Facade|p1a: Bouffalant
|-damage|p1a: Bouffalant|0 fnt
|faint|p1a: Bouffalant
|
|-damage|p2a: Zangoose|270\/287 tox|[from] psn
|
|switch|p1a: Quagsire|Quagsire, F|394\/394
|turn|14
|
|switch|p2a: Jellicent|Jellicent, F|404\/404
|move|p1a: Quagsire|Scald|p2a: Jellicent
|-immune|p2a: Jellicent|[msg]
|
|turn|15
|
|switch|p1a: Raikou|Raikou, shiny|232\/322
|-ability|p1a: Raikou|Pressure
|move|p2a: Jellicent|Will-O-Wisp|p1a: Raikou
|-status|p1a: Raikou|brn
|
|-damage|p1a: Raikou|192\/322 brn|[from] brn
|turn|16
|
|move|p1a: Raikou|Hidden Power|p2a: Jellicent
|-resisted|p2a: Jellicent
|-damage|p2a: Jellicent|378\/404
|move|p2a: Jellicent|Shadow Ball|p1a: Raikou
|-damage|p1a: Raikou|102\/322 brn
|
|-heal|p2a: Jellicent|403\/404|[from] item: Leftovers
|-damage|p1a: Raikou|62\/322 brn|[from] brn
|turn|17
|
|switch|p1a: Mew|Mew|339\/404 tox
|move|p2a: Jellicent|Will-O-Wisp|p1a: Mew|[miss]
|-miss|p2a: Jellicent|p1a: Mew
|
|-heal|p1a: Mew|364\/404 tox|[from] item: Leftovers
|-heal|p2a: Jellicent|404\/404|[from] item: Leftovers
|-damage|p1a: Mew|339\/404 tox|[from] psn
|turn|18
|
|switch|p1a: Linoone|Linoone, F|298\/298
|move|p2a: Jellicent|Shadow Ball|p1a: Linoone
|-immune|p1a: Linoone|[msg]
|
|turn|19
|
|move|p1a: Linoone|Belly Drum|p1a: Linoone
|-damage|p1a: Linoone|149\/298
|-setboost|p1a: Linoone|atk|6|[from] move: Belly Drum
|-enditem|p1a: Linoone|Sitrus Berry|[eat]
|-heal|p1a: Linoone|223\/298|[from] item: Sitrus Berry
|move|p2a: Jellicent|Will-O-Wisp|p1a: Linoone|[miss]
|-miss|p2a: Jellicent|p1a: Linoone
|
|turn|20
|
|move|p1a: Linoone|Shadow Claw|p2a: Jellicent
|-supereffective|p2a: Jellicent
|-damage|p2a: Jellicent|0 fnt
|faint|p2a: Jellicent
|
|chat|â« Ghostlyy â«|Wow....
|chat|â« Ghostlyy â«|Linoone. So gewd
|chat|RyanD333|thats unlucky sorry
|
|switch|p2a: Toxicroak|Toxicroak, F|307\/307
|turn|21
|
|move|p1a: Linoone|Extreme Speed|p2a: Toxicroak
|-damage|p2a: Toxicroak|0 fnt
|faint|p2a: Toxicroak
|
|chat|â« Ghostlyy â«|<---- Spectator
|
|switch|p2a: Donphan|Donphan, M|312\/384 brn
|turn|22
|chat|RyanD333|\/me totally knew that
|
|move|p1a: Linoone|Seed Bomb|p2a: Donphan
|-supereffective|p2a: Donphan
|-damage|p2a: Donphan|0 fnt
|faint|p2a: Donphan
|
|
|switch|p2a: Zangoose|Zangoose, M|270\/287 tox
|turn|23
|
|move|p1a: Linoone|Extreme Speed|p2a: Zangoose
|-damage|p2a: Zangoose|0 fnt
|faint|p2a: Zangoose
|
|
|switch|p2a: Manectric|Manectric, F|281\/281
|-formechange|p2a: Manectric|Manectric-Mega
|-ability|p2a: Manectric|Intimidate|[of] p1a: Linoone
|-unboost|p1a: Linoone|atk|1
|turn|24
|
|move|p1a: Linoone|Extreme Speed|p2a: Manectric
|-damage|p2a: Manectric|0 fnt
|faint|p2a: Manectric
|
|
|switch|p2a: Tornadus-Therian|Tornadus-Therian, M|297\/299
|turn|25
|
|move|p1a: Linoone|Extreme Speed|p2a: Tornadus-Therian
|-damage|p2a: Tornadus-Therian|0 fnt
|faint|p2a: Tornadus-Therian
|
|win|RyanD333
|raw|Ladder updating...
|raw|RyanD333's rating: 1253 &rarr; <strong>1275<\/strong><br \/>(+22 for winning)
|raw|pipasonze's rating: 1208 &rarr; <strong>1186<\/strong><br \/>(-22 for losing)
|chat|RyanD333|gg
|leave|pipasonze
|chat|â« Ghostlyy â«|**Oh my God this thing is ripping new assholes**
|player|p2
|chat|â« Ghostlyy â«|**Saved**
|leave|RyanD333
|player|p1