|join|pipasonze
|join|Crustlegary
|player|p1|pipasonze|193
|player|p2|Crustlegary|1
|gametype|singles
|gen|6
|tier|UU
|rated
|rule|Sleep Clause Mod: Limit one foe put to sleep
|rule|Species Clause: Limit one of each PokÃ©mon
|rule|OHKO Clause: OHKO moves are banned
|rule|Moody Clause: Moody is banned
|rule|Evasion Moves Clause: Evasion moves are banned
|rule|Endless Battle Clause: Forcing endless battles is banned
|rule|HP Percentage Mod: HP is shown in percentages
|clearpoke
|poke|p1|Aromatisse, F
|poke|p1|Pidgeot, F
|poke|p1|Swampert, M
|poke|p1|Machamp, F
|poke|p1|Hydreigon, F
|poke|p1|Roserade, F
|poke|p2|Blastoise, F
|poke|p2|Blissey, F
|poke|p2|Chandelure, M
|poke|p2|Lucario, M
|poke|p2|Haxorus, M
|poke|p2|Donphan, F
|rule|Swagger Clause: Swagger is banned
|rule|Baton Pass Clause: Limit one PokÃ©mon knowing Baton Pass
|teampreview
|
|start
|switch|p1a: Pidgeot|Pidgeot, F|307\/307
|switch|p2a: Blastoise|Blastoise, F|361\/361
|turn|1
|
|detailschange|p1a: Pidgeot|Pidgeot-Mega, F
|-mega|p1a: Pidgeot|Pidgeot|Pidgeotite
|detailschange|p2a: Blastoise|Blastoise-Mega, F
|-mega|p2a: Blastoise|Blastoise|Blastoisinite
|move|p1a: Pidgeot|U-turn|p2a: Blastoise
|-damage|p2a: Blastoise|325\/361
|
|switch|p1a: Roserade|Roserade, F|261\/261
|move|p2a: Blastoise|Ice Beam|p1a: Roserade
|-supereffective|p1a: Roserade
|-damage|p1a: Roserade|47\/261
|
|turn|2
|
|switch|p2a: Lucario|Lucario, M|281\/281
|move|p1a: Roserade|Giga Drain|p2a: Lucario
|-resisted|p2a: Lucario
|-damage|p2a: Lucario|168\/281
|-heal|p1a: Roserade|104\/261|[from] drain|[of] p2a: Lucario
|-damage|p1a: Roserade|78\/261|[from] item: Life Orb
|
|turn|3
|
|switch|p1a: Aromatisse|Aromatisse, F|405\/405
|move|p2a: Lucario|Flash Cannon|p1a: Aromatisse
|-supereffective|p1a: Aromatisse
|-damage|p1a: Aromatisse|0 fnt
|faint|p1a: Aromatisse
|
|
|switch|p1a: Swampert|Swampert, M|401\/401
|turn|4
|
|switch|p2a: Blastoise|Blastoise-Mega, F|325\/361
|move|p1a: Swampert|Stealth Rock|p2a: Blastoise
|-sidestart|p2: Crustlegary|move: Stealth Rock
|
|turn|5
|
|move|p2a: Blastoise|Scald|p1a: Swampert
|-damage|p1a: Swampert|280\/401
|move|p1a: Swampert|Earthquake|p2a: Blastoise
|-damage|p2a: Blastoise|213\/361
|
|-heal|p1a: Swampert|305\/401|[from] item: Leftovers
|turn|6
|
|move|p2a: Blastoise|Scald|p1a: Swampert
|-damage|p1a: Swampert|172\/401
|-status|p1a: Swampert|brn
|move|p1a: Swampert|Earthquake|p2a: Blastoise
|-damage|p2a: Blastoise|158\/361
|
|-heal|p1a: Swampert|197\/401 brn|[from] item: Leftovers
|-damage|p1a: Swampert|147\/401 brn|[from] brn
|turn|7
|
|move|p2a: Blastoise|Scald|p1a: Swampert
|-damage|p1a: Swampert|20\/401 brn
|move|p1a: Swampert|Roar|p2a: Blastoise
|drag|p2a: Haxorus|Haxorus, M|293\/293
|-damage|p2a: Haxorus|257\/293|[from] Stealth Rock
|-ability|p2a: Haxorus|Mold Breaker
|
|-heal|p1a: Swampert|45\/401 brn|[from] item: Leftovers
|-damage|p1a: Swampert|0 fnt|[from] brn
|faint|p1a: Swampert
|
|switch|p1a: Pidgeot|Pidgeot-Mega, F|307\/307
|turn|8
|
|switch|p2a: Blissey|Blissey, F|714\/714
|-damage|p2a: Blissey|625\/714|[from] Stealth Rock
|move|p1a: Pidgeot|U-turn|p2a: Blissey
|-damage|p2a: Blissey|544\/714
|
|switch|p1a: Roserade|Roserade, F|78\/261
|
|-heal|p2a: Blissey|588\/714|[from] item: Leftovers
|turn|9
|
|move|p1a: Roserade|Sleep Powder|p2a: Blissey
|-status|p2a: Blissey|slp
|cant|p2a: Blissey|slp
|
|-heal|p2a: Blissey|632\/714 slp|[from] item: Leftovers
|turn|10
|
|switch|p2a: Lucario|Lucario, M|168\/281
|-damage|p2a: Lucario|160\/281|[from] Stealth Rock
|move|p1a: Roserade|Spikes|p2a: Lucario
|-sidestart|p2: Crustlegary|Spikes
|
|turn|11
|
|move|p1a: Roserade|Giga Drain|p2a: Lucario
|-resisted|p2a: Lucario
|-damage|p2a: Lucario|46\/281
|-heal|p1a: Roserade|135\/261|[from] drain|[of] p2a: Lucario
|-damage|p1a: Roserade|109\/261|[from] item: Life Orb
|move|p2a: Lucario|Flash Cannon|p1a: Roserade
|-crit|p1a: Roserade
|-damage|p1a: Roserade|0 fnt
|faint|p1a: Roserade
|
|
|switch|p1a: Pidgeot|Pidgeot-Mega, F|307\/307
|turn|12
|
|move|p1a: Pidgeot|Hurricane|p2a: Lucario
|-damage|p2a: Lucario|0 fnt
|faint|p2a: Lucario
|
|
|switch|p2a: Blissey|Blissey, F|632\/714
|-damage|p2a: Blissey|543\/714|[from] Spikes
|-damage|p2a: Blissey|454\/714|[from] Stealth Rock
|turn|13
|
|move|p1a: Pidgeot|U-turn|p2a: Blissey
|-damage|p2a: Blissey|386\/714
|
|switch|p1a: Machamp|Machamp, F|383\/383
|move|p2a: Blissey|Toxic|p1a: Machamp|[miss]
|-miss|p2a: Blissey|p1a: Machamp
|
|-heal|p2a: Blissey|430\/714|[from] item: Leftovers
|turn|14
|
|switch|p2a: Blastoise|Blastoise-Mega, F|158\/361
|-damage|p2a: Blastoise|113\/361|[from] Spikes
|-damage|p2a: Blastoise|68\/361|[from] Stealth Rock
|move|p1a: Machamp|Close Combat|p2a: Blastoise
|-damage|p2a: Blastoise|0 fnt
|-unboost|p1a: Machamp|def|1
|-unboost|p1a: Machamp|spd|1
|faint|p2a: Blastoise
|
|
|switch|p2a: Chandelure|Chandelure, M|261\/261
|-damage|p2a: Chandelure|229\/261|[from] Spikes
|-damage|p2a: Chandelure|164\/261|[from] Stealth Rock
|turn|15
|
|switch|p1a: Hydreigon|Hydreigon, F|325\/325
|move|p2a: Chandelure|Fire Blast|p1a: Hydreigon
|-resisted|p1a: Hydreigon
|-damage|p1a: Hydreigon|202\/325
|
|turn|16
|
|switch|p2a: Blissey|Blissey, F|430\/714
|-damage|p2a: Blissey|341\/714|[from] Spikes
|-damage|p2a: Blissey|252\/714|[from] Stealth Rock
|move|p1a: Hydreigon|Dark Pulse|p2a: Blissey
|-damage|p2a: Blissey|141\/714
|
|-heal|p2a: Blissey|185\/714|[from] item: Leftovers
|turn|17
|
|switch|p1a: Machamp|Machamp, F|383\/383
|move|p2a: Blissey|Wish|p2a: Blissey
|
|-heal|p2a: Blissey|229\/714|[from] item: Leftovers
|turn|18
|
|switch|p2a: Donphan|Donphan, F|384\/384
|-damage|p2a: Donphan|336\/384|[from] Spikes
|-damage|p2a: Donphan|312\/384|[from] Stealth Rock
|move|p1a: Machamp|Knock Off|p2a: Donphan
|-damage|p2a: Donphan|183\/384
|-enditem|p2a: Donphan|Leftovers|[from] move: Knock Off|[of] p1a: Machamp
|
|-heal|p2a: Donphan|384\/384|[from] move: Wish|[wisher] Blissey
|turn|19
|
|switch|p1a: Pidgeot|Pidgeot-Mega, F|307\/307
|move|p2a: Donphan|Rapid Spin|p1a: Pidgeot
|-damage|p1a: Pidgeot|284\/307
|-sideend|p2: Crustlegary|Spikes|[from] move: Rapid Spin|[of] p2a: Donphan
|-sideend|p2: Crustlegary|Stealth Rock|[from] move: Rapid Spin|[of] p2a: Donphan
|
|turn|20
|
|switch|p2a: Blissey|Blissey, F|229\/714
|move|p1a: Pidgeot|Hurricane|p2a: Blissey
|-damage|p2a: Blissey|67\/714
|
|-heal|p2a: Blissey|111\/714|[from] item: Leftovers
|turn|21
|
|move|p1a: Pidgeot|Hurricane|p2a: Blissey
|-damage|p2a: Blissey|0 fnt
|faint|p2a: Blissey
|
|
|switch|p2a: Chandelure|Chandelure, M|164\/261
|turn|22
|
|switch|p1a: Machamp|Machamp, F|383\/383
|move|p2a: Chandelure|Fire Blast|p1a: Machamp
|-damage|p1a: Machamp|133\/383
|-status|p1a: Machamp|brn
|
|-damage|p1a: Machamp|86\/383 brn|[from] brn
|turn|23
|
|move|p1a: Machamp|Bullet Punch|p2a: Chandelure
|-resisted|p2a: Chandelure
|-damage|p2a: Chandelure|96\/261
|move|p2a: Chandelure|Fire Blast|p1a: Machamp|[miss]
|-miss|p2a: Chandelure|p1a: Machamp
|
|-damage|p1a: Machamp|39\/383 brn|[from] brn
|turn|24
|
|move|p1a: Machamp|Bullet Punch|p2a: Chandelure
|-resisted|p2a: Chandelure
|-damage|p2a: Chandelure|31\/261
|move|p2a: Chandelure|Fire Blast|p1a: Machamp
|-damage|p1a: Machamp|0 fnt
|faint|p1a: Machamp
|
|
|switch|p1a: Hydreigon|Hydreigon, F|202\/325
|turn|25
|
|switch|p2a: Donphan|Donphan, F|384\/384
|move|p1a: Hydreigon|Dark Pulse|p2a: Donphan
|-damage|p2a: Donphan|159\/384
|
|turn|26
|
|move|p1a: Hydreigon|Dark Pulse|p2a: Donphan
|-damage|p2a: Donphan|0 fnt
|faint|p2a: Donphan
|
|
|switch|p2a: Haxorus|Haxorus, M|257\/293
|-ability|p2a: Haxorus|Mold Breaker
|turn|27
|
|move|p1a: Hydreigon|Dark Pulse|p2a: Haxorus
|-damage|p2a: Haxorus|65\/293
|move|p2a: Haxorus|Dragon Dance|p2a: Haxorus
|-boost|p2a: Haxorus|atk|1
|-boost|p2a: Haxorus|spe|1
|
|turn|28
|
|move|p1a: Hydreigon|Dark Pulse|p2a: Haxorus
|-damage|p2a: Haxorus|0 fnt
|faint|p2a: Haxorus
|
|c|âpipasonze|gg
|
|switch|p2a: Chandelure|Chandelure, M|31\/261
|turn|29
|
|move|p1a: Hydreigon|Dark Pulse|p2a: Chandelure
|-supereffective|p2a: Chandelure
|-damage|p2a: Chandelure|0 fnt
|faint|p2a: Chandelure
|
|win|pipasonze
|raw|Ladder updating...
|leave|Crustlegary
|raw|pipasonze's rating: 1502 &rarr; <strong>1520<\/strong><br \/>(+18 for winning)
|raw|Crustlegary's rating: 1461 &rarr; <strong>1443<\/strong><br \/>(-18 for losing)
|player|p2