|join|22dula
|join|pipasonze
|player|p1|22dula|265
|player|p2|pipasonze|193
|gametype|singles
|gen|6
|tier|UU
|rated
|rule|Sleep Clause Mod: Limit one foe put to sleep
|rule|Species Clause: Limit one of each PokÃ©mon
|rule|OHKO Clause: OHKO moves are banned
|rule|Moody Clause: Moody is banned
|rule|Evasion Moves Clause: Evasion moves are banned
|rule|Endless Battle Clause: Forcing endless battles is banned
|rule|HP Percentage Mod: HP is shown in percentages
|clearpoke
|poke|p1|Aerodactyl, F
|poke|p1|Tentacruel, M
|poke|p1|Infernape, M
|poke|p1|Scrafty, F
|poke|p1|Gligar, F
|poke|p1|Porygon-Z
|poke|p2|Aromatisse, F
|poke|p2|Pidgeot, F
|poke|p2|Swampert, F
|poke|p2|Machamp, F
|poke|p2|Hydreigon, M
|poke|p2|Roserade, M
|rule|Swagger Clause: Swagger is banned
|rule|Baton Pass Clause: Limit one PokÃ©mon knowing Baton Pass
|teampreview
|
|start
|switch|p1a: Gligar|Gligar, F|334\/334
|switch|p2a: Hydreigon|Hydreigon, M|325\/325
|turn|1
|
|move|p2a: Hydreigon|U-turn|p1a: Gligar
|-resisted|p1a: Gligar
|-damage|p1a: Gligar|322\/334
|
|switch|p2a: Swampert|Swampert, F|401\/401
|move|p1a: Gligar|Roost|p1a: Gligar
|-heal|p1a: Gligar|334\/334
|
|turn|2
|
|move|p1a: Gligar|Stealth Rock|p2a: Swampert
|-sidestart|p2: pipasonze|move: Stealth Rock
|move|p2a: Swampert|Stealth Rock|p1a: Gligar
|-sidestart|p1: 22dula|move: Stealth Rock
|
|turn|3
|
|switch|p1a: Scrafty|Scrafty, F|334\/334
|-damage|p1a: Scrafty|314\/334|[from] Stealth Rock
|move|p2a: Swampert|Scald|p1a: Scrafty
|-damage|p1a: Scrafty|259\/334
|-status|p1a: Scrafty|brn
|
|-heal|p1a: Scrafty|279\/334 brn|[from] item: Leftovers
|-damage|p1a: Scrafty|238\/334 brn|[from] brn
|turn|4
|
|move|p1a: Scrafty|Knock Off|p2a: Swampert
|-damage|p2a: Swampert|344\/401
|-enditem|p2a: Swampert|Leftovers|[from] move: Knock Off|[of] p1a: Scrafty
|move|p2a: Swampert|Roar|p1a: Scrafty
|drag|p1a: Aerodactyl|Aerodactyl, F|301\/301
|-damage|p1a: Aerodactyl|226\/301|[from] Stealth Rock
|
|turn|5
|
|switch|p1a: Scrafty|Scrafty, F|238\/334 brn
|-damage|p1a: Scrafty|218\/334 brn|[from] Stealth Rock
|move|p2a: Swampert|Scald|p1a: Scrafty
|-damage|p1a: Scrafty|158\/334 brn
|
|-heal|p1a: Scrafty|178\/334 brn|[from] item: Leftovers
|-damage|p1a: Scrafty|137\/334 brn|[from] brn
|turn|6
|
|move|p1a: Scrafty|Drain Punch|p2a: Swampert
|-damage|p2a: Swampert|302\/401
|-heal|p1a: Scrafty|158\/334 brn|[from] drain|[of] p2a: Swampert
|move|p2a: Swampert|Earthquake|p1a: Scrafty
|-damage|p1a: Scrafty|52\/334 brn
|
|-heal|p1a: Scrafty|72\/334 brn|[from] item: Leftovers
|-damage|p1a: Scrafty|31\/334 brn|[from] brn
|turn|7
|
|move|p1a: Scrafty|Rest|p1a: Scrafty
|-status|p1a: Scrafty|slp
|-heal|p1a: Scrafty|334\/334 slp|[silent]
|-status|p1a: Scrafty|slp|[from] move: Rest
|move|p2a: Swampert|Earthquake|p1a: Scrafty
|-damage|p1a: Scrafty|214\/334 slp
|
|-heal|p1a: Scrafty|234\/334 slp|[from] item: Leftovers
|turn|8
|
|cant|p1a: Scrafty|slp
|move|p2a: Swampert|Roar|p1a: Scrafty
|drag|p1a: Aerodactyl|Aerodactyl, F|226\/301
|-damage|p1a: Aerodactyl|151\/301|[from] Stealth Rock
|
|turn|9
|
|switch|p1a: Scrafty|Scrafty, F|234\/334 slp
|-damage|p1a: Scrafty|214\/334 slp|[from] Stealth Rock
|move|p2a: Swampert|Roar|p1a: Scrafty
|drag|p1a: Tentacruel|Tentacruel, M|364\/364
|-damage|p1a: Tentacruel|319\/364|[from] Stealth Rock
|
|-heal|p1a: Tentacruel|341\/364|[from] item: Black Sludge
|turn|10
|
|switch|p1a: Gligar|Gligar, F|334\/334
|-damage|p1a: Gligar|293\/334|[from] Stealth Rock
|move|p2a: Swampert|Earthquake|p1a: Gligar
|-immune|p1a: Gligar|[msg]
|
|turn|11
|
|move|p1a: Gligar|U-turn|p2a: Swampert
|-damage|p2a: Swampert|254\/401
|
|switch|p1a: Porygon-Z|Porygon-Z|311\/311
|-damage|p1a: Porygon-Z|273\/311|[from] Stealth Rock
|move|p2a: Swampert|Roar|p1a: Porygon-Z
|drag|p1a: Aerodactyl|Aerodactyl, F|151\/301
|-damage|p1a: Aerodactyl|76\/301|[from] Stealth Rock
|
|turn|12
|
|switch|p1a: Scrafty|Scrafty, F|214\/334 slp
|-damage|p1a: Scrafty|194\/334 slp|[from] Stealth Rock
|move|p2a: Swampert|Scald|p1a: Scrafty
|-damage|p1a: Scrafty|137\/334 slp
|
|-heal|p1a: Scrafty|157\/334 slp|[from] item: Leftovers
|turn|13
|
|cant|p1a: Scrafty|slp
|move|p2a: Swampert|Roar|p1a: Scrafty
|drag|p1a: Tentacruel|Tentacruel, M|341\/364
|-damage|p1a: Tentacruel|296\/364|[from] Stealth Rock
|
|-heal|p1a: Tentacruel|318\/364|[from] item: Black Sludge
|turn|14
|
|switch|p1a: Gligar|Gligar, F|293\/334
|-damage|p1a: Gligar|252\/334|[from] Stealth Rock
|move|p2a: Swampert|Earthquake|p1a: Gligar
|-immune|p1a: Gligar|[msg]
|
|turn|15
|
|move|p1a: Gligar|U-turn|p2a: Swampert
|-damage|p2a: Swampert|203\/401
|
|switch|p1a: Porygon-Z|Porygon-Z|273\/311
|-damage|p1a: Porygon-Z|235\/311|[from] Stealth Rock
|move|p2a: Swampert|Scald|p1a: Porygon-Z
|-damage|p1a: Porygon-Z|136\/311
|
|turn|16
|
|move|p1a: Porygon-Z|Tri Attack|p2a: Swampert
|-damage|p2a: Swampert|0 fnt
|faint|p2a: Swampert
|
|
|switch|p2a: Pidgeot|Pidgeot, F|307\/307
|-damage|p2a: Pidgeot|231\/307|[from] Stealth Rock
|turn|17
|
|switch|p1a: Tentacruel|Tentacruel, M|318\/364
|-damage|p1a: Tentacruel|273\/364|[from] Stealth Rock
|detailschange|p2a: Pidgeot|Pidgeot-Mega, F
|-mega|p2a: Pidgeot|Pidgeot|Pidgeotite
|move|p2a: Pidgeot|Hurricane|p1a: Tentacruel
|-damage|p1a: Tentacruel|135\/364
|
|-heal|p1a: Tentacruel|157\/364|[from] item: Black Sludge
|turn|18
|
|move|p2a: Pidgeot|U-turn|p1a: Tentacruel
|-resisted|p1a: Tentacruel
|-damage|p1a: Tentacruel|133\/364
|
|switch|p2a: Roserade|Roserade, M|261\/261
|-damage|p2a: Roserade|229\/261|[from] Stealth Rock
|move|p1a: Tentacruel|Rapid Spin|p2a: Roserade
|-damage|p2a: Roserade|213\/261
|-sideend|p1: 22dula|Stealth Rock|[from] move: Rapid Spin|[of] p1a: Tentacruel
|
|-heal|p1a: Tentacruel|155\/364|[from] item: Black Sludge
|turn|19
|
|switch|p1a: Scrafty|Scrafty, F|157\/334 slp
|move|p2a: Roserade|Giga Drain|p1a: Scrafty
|-damage|p1a: Scrafty|40\/334 slp
|-heal|p2a: Roserade|261\/261|[from] drain|[of] p1a: Scrafty
|-damage|p2a: Roserade|235\/261|[from] item: Life Orb
|
|-heal|p1a: Scrafty|60\/334 slp|[from] item: Leftovers
|turn|20
|
|move|p2a: Roserade|Giga Drain|p1a: Scrafty
|-damage|p1a: Scrafty|0 fnt
|-heal|p2a: Roserade|261\/261|[from] drain|[of] p1a: Scrafty
|-damage|p2a: Roserade|235\/261|[from] item: Life Orb
|faint|p1a: Scrafty
|
|
|switch|p1a: Aerodactyl|Aerodactyl, F|76\/301
|turn|21
|
|switch|p2a: Aromatisse|Aromatisse, F|405\/405
|-damage|p2a: Aromatisse|355\/405|[from] Stealth Rock
|detailschange|p1a: Aerodactyl|Aerodactyl-Mega, F
|-mega|p1a: Aerodactyl|Aerodactyl|Aerodactylite
|move|p1a: Aerodactyl|Aerial Ace|p2a: Aromatisse
|-damage|p2a: Aromatisse|235\/405
|
|-heal|p2a: Aromatisse|260\/405|[from] item: Leftovers
|turn|22
|
|switch|p1a: Porygon-Z|Porygon-Z|136\/311
|move|p2a: Aromatisse|Wish|p2a: Aromatisse
|
|-heal|p2a: Aromatisse|285\/405|[from] item: Leftovers
|turn|23
|
|move|p2a: Aromatisse|Protect|p2a: Aromatisse
|-singleturn|p2a: Aromatisse|Protect
|move|p1a: Porygon-Z|Tri Attack|p2a: Aromatisse
|-activate|p2a: Aromatisse|Protect
|
|-heal|p2a: Aromatisse|405\/405|[from] move: Wish|[wisher] Aromatisse
|turn|24
|
|move|p1a: Porygon-Z|Tri Attack|p2a: Aromatisse
|-damage|p2a: Aromatisse|53\/405
|move|p2a: Aromatisse|Moonblast|p1a: Porygon-Z
|-damage|p1a: Porygon-Z|0 fnt
|faint|p1a: Porygon-Z
|
|-heal|p2a: Aromatisse|78\/405|[from] item: Leftovers
|
|switch|p1a: Aerodactyl|Aerodactyl-Mega, F|76\/301
|turn|25
|
|move|p1a: Aerodactyl|Hone Claws|p1a: Aerodactyl
|-boost|p1a: Aerodactyl|atk|1
|-boost|p1a: Aerodactyl|accuracy|1
|move|p2a: Aromatisse|Moonblast|p1a: Aerodactyl
|-damage|p1a: Aerodactyl|0 fnt
|faint|p1a: Aerodactyl
|
|-heal|p2a: Aromatisse|103\/405|[from] item: Leftovers
|
|switch|p1a: Infernape|Infernape, M|293\/293
|turn|26
|
|move|p2a: Aromatisse|Protect|p2a: Aromatisse
|-singleturn|p2a: Aromatisse|Protect
|move|p1a: Infernape|Flare Blitz|p2a: Aromatisse
|-activate|p2a: Aromatisse|Protect
|
|-heal|p2a: Aromatisse|128\/405|[from] item: Leftovers
|turn|27
|
|move|p1a: Infernape|Flare Blitz|p2a: Aromatisse
|-damage|p2a: Aromatisse|0 fnt
|-damage|p1a: Infernape|251\/293|[from] recoil|[of] p2a: Aromatisse
|faint|p2a: Aromatisse
|
|
|switch|p2a: Machamp|Machamp, F|383\/383
|-damage|p2a: Machamp|360\/383|[from] Stealth Rock
|turn|28
|
|switch|p1a: Gligar|Gligar, F|252\/334
|move|p2a: Machamp|Knock Off|p1a: Gligar
|-damage|p1a: Gligar|164\/334
|-enditem|p1a: Gligar|Eviolite|[from] move: Knock Off|[of] p2a: Machamp
|
|turn|29
|
|switch|p2a: Roserade|Roserade, M|235\/261
|-damage|p2a: Roserade|203\/261|[from] Stealth Rock
|move|p1a: Gligar|U-turn|p2a: Roserade
|-damage|p2a: Roserade|139\/261
|
|switch|p1a: Infernape|Infernape, M|251\/293
|
|turn|30
|
|switch|p2a: Hydreigon|Hydreigon, M|325\/325
|-damage|p2a: Hydreigon|285\/325|[from] Stealth Rock
|move|p1a: Infernape|Flare Blitz|p2a: Hydreigon
|-resisted|p2a: Hydreigon
|-damage|p2a: Hydreigon|183\/325
|-status|p2a: Hydreigon|brn
|-damage|p1a: Infernape|217\/293|[from] recoil|[of] p2a: Hydreigon
|
|-damage|p2a: Hydreigon|143\/325 brn|[from] brn
|turn|31
|
|switch|p1a: Tentacruel|Tentacruel, M|155\/364
|move|p2a: Hydreigon|Draco Meteor|p1a: Tentacruel|[miss]
|-miss|p2a: Hydreigon|p1a: Tentacruel
|
|-heal|p1a: Tentacruel|177\/364|[from] item: Black Sludge
|-damage|p2a: Hydreigon|103\/325 brn|[from] brn
|turn|32
|
|move|p2a: Hydreigon|Draco Meteor|p1a: Tentacruel
|-damage|p1a: Tentacruel|26\/364
|-unboost|p2a: Hydreigon|spa|2
|move|p1a: Tentacruel|Toxic Spikes|p2a: Hydreigon
|-sidestart|p2: pipasonze|move: Toxic Spikes
|
|-heal|p1a: Tentacruel|48\/364|[from] item: Black Sludge
|-damage|p2a: Hydreigon|63\/325 brn|[from] brn
|turn|33
|
|move|p2a: Hydreigon|Draco Meteor|p1a: Tentacruel
|-damage|p1a: Tentacruel|0 fnt
|-unboost|p2a: Hydreigon|spa|2
|faint|p1a: Tentacruel
|
|-damage|p2a: Hydreigon|23\/325 brn|[from] brn
|
|switch|p1a: Infernape|Infernape, M|217\/293
|turn|34
|
|move|p1a: Infernape|Flare Blitz|p2a: Hydreigon
|-resisted|p2a: Hydreigon
|-damage|p2a: Hydreigon|0 fnt
|-damage|p1a: Infernape|209\/293|[from] recoil|[of] p2a: Hydreigon
|faint|p2a: Hydreigon
|
|
|switch|p2a: Machamp|Machamp, F|360\/383
|-damage|p2a: Machamp|337\/383|[from] Stealth Rock
|-status|p2a: Machamp|psn
|turn|35
|
|switch|p1a: Gligar|Gligar, F|164\/334
|move|p2a: Machamp|Close Combat|p1a: Gligar
|-resisted|p1a: Gligar
|-damage|p1a: Gligar|0 fnt
|-unboost|p2a: Machamp|def|1
|-unboost|p2a: Machamp|spd|1
|faint|p1a: Gligar
|
|-damage|p2a: Machamp|290\/383 psn|[from] psn
|
|switch|p1a: Infernape|Infernape, M|209\/293
|turn|36
|
|switch|p2a: Roserade|Roserade, M|139\/261
|-damage|p2a: Roserade|107\/261|[from] Stealth Rock
|-sideend|p2: pipasonze|move: Toxic Spikes|[of] p2a: Roserade
|move|p1a: Infernape|Flare Blitz|p2a: Roserade
|-supereffective|p2a: Roserade
|-damage|p2a: Roserade|0 fnt
|-damage|p1a: Infernape|174\/293|[from] recoil|[of] p2a: Roserade
|faint|p2a: Roserade
|
|
|switch|p2a: Machamp|Machamp, F|290\/383 psn
|-damage|p2a: Machamp|267\/383 psn|[from] Stealth Rock
|turn|37
|
|move|p1a: Infernape|Flare Blitz|p2a: Machamp
|-damage|p2a: Machamp|56\/383 psn
|-damage|p1a: Infernape|104\/293|[from] recoil|[of] p2a: Machamp
|move|p2a: Machamp|Close Combat|p1a: Infernape
|-damage|p1a: Infernape|0 fnt
|-unboost|p2a: Machamp|def|1
|-unboost|p2a: Machamp|spd|1
|faint|p1a: Infernape
|
|win|pipasonze
|raw|Ladder updating...
|raw|22dula's rating: 1496 &rarr; <strong>1477<\/strong><br \/>(-19 for losing)
|raw|pipasonze's rating: 1520 &rarr; <strong>1538<\/strong><br \/>(+18 for winning)
|c|âpipasonze|gg
|c|â22dula|gg