|join|dingbat test
|join|pipasonze
|player|p1|dingbat test|3
|player|p2|pipasonze|193
|gametype|singles
|gen|6
|tier|UU
|rated
|rule|Sleep Clause Mod: Limit one foe put to sleep
|rule|Species Clause: Limit one of each PokÃ©mon
|rule|OHKO Clause: OHKO moves are banned
|rule|Moody Clause: Moody is banned
|rule|Evasion Moves Clause: Evasion moves are banned
|rule|Endless Battle Clause: Forcing endless battles is banned
|rule|HP Percentage Mod: HP is shown in percentages
|clearpoke
|poke|p1|Smeargle, F
|poke|p1|Absol, F
|poke|p1|Espeon, F
|poke|p1|Whimsicott, F
|poke|p1|Azelf
|poke|p1|Dugtrio, F
|poke|p2|Chandelure, F
|poke|p2|Nidoqueen, F
|poke|p2|Sableye, M
|poke|p2|Infernape, F
|poke|p2|Hydreigon, F
|poke|p2|Blastoise, F
|rule|Swagger Clause: Swagger is banned
|rule|Baton Pass Clause: Limit one PokÃ©mon knowing Baton Pass
|teampreview
|
|start
|switch|p1a: ordinary fucker|Azelf|354\/354
|switch|p2a: Sableye|Sableye, M|303\/303
|turn|1
|
|switch|p1a: cancer preventer|Absol, F|272\/272
|move|p2a: Sableye|Taunt|p1a: cancer preventer
|-start|p1a: cancer preventer|move: Taunt
|
|turn|2
|join|SmashBrosBrawl
|
|switch|p2a: Hydreigon|Hydreigon, F|325\/325
|detailschange|p1a: cancer preventer|Absol-Mega, F
|message|Absol has Mega Evolved into Mega Absol!
|move|p1a: cancer preventer|Knock Off|p2a: Hydreigon
|-resisted|p2a: Hydreigon
|-damage|p2a: Hydreigon|218\/325
|-enditem|p2a: Hydreigon|Choice Scarf|[from] move: Knock Off|[of] p1a: cancer preventer
|
|turn|3
|c|+SmashBrosBrawl|lol
|
|switch|p1a: cancer maker|Whimsicott, F|324\/324
|move|p2a: Hydreigon|Draco Meteor|p1a: cancer maker
|-immune|p1a: cancer maker|[msg]
|
|turn|4
|c|+SmashBrosBrawl|wow nice
|c|+SmashBrosBrawl|superpower
|
|move|p1a: cancer maker|Encore|p2a: Hydreigon
|-start|p2a: Hydreigon|Encore
|move|p2a: Hydreigon|Draco Meteor|p1a: cancer maker
|-immune|p1a: cancer maker|[msg]
|
|turn|5
|
|switch|p2a: Chandelure|Chandelure, F|261\/261
|move|p1a: cancer maker|Tailwind|p1a: cancer maker
|-sidestart|p1: dingbat test|move: Tailwind
|
|turn|6
|
|move|p1a: cancer maker|Taunt|p2a: Chandelure
|-start|p2a: Chandelure|move: Taunt
|move|p2a: Chandelure|Fire Blast|p1a: cancer maker
|-supereffective|p1a: cancer maker
|-enditem|p1a: cancer maker|Focus Sash
|-damage|p1a: cancer maker|1\/324
|
|turn|7
|
|switch|p1a: ordinary fucker|Azelf|354\/354
|move|p2a: Chandelure|Fire Blast|p1a: ordinary fucker
|-damage|p1a: ordinary fucker|0 fnt
|faint|p1a: ordinary fucker
|
|c|âdingbat test|pwr
|
|switch|p1a: cancer preventer|Absol-Mega, F|272\/272
|turn|8
|
|switch|p2a: Hydreigon|Hydreigon, F|218\/325
|move|p1a: cancer preventer|Swords Dance|p1a: cancer preventer
|-boost|p1a: cancer preventer|atk|2
|
|-sideend|p1: dingbat test|move: Tailwind
|turn|9
|
|move|p1a: cancer preventer|Iron Tail|p2a: Hydreigon
|-damage|p2a: Hydreigon|0 fnt
|faint|p2a: Hydreigon
|
|c|+SmashBrosBrawl|o
|c|âdingbat test|y
|c|+SmashBrosBrawl|mfw risks
|
|switch|p2a: Infernape|Infernape, F|293\/293
|turn|10
|
|switch|p1a: cancer maker|Whimsicott, F|1\/324
|move|p2a: Infernape|Mach Punch|p1a: cancer maker
|-resisted|p1a: cancer maker
|-damage|p1a: cancer maker|0 fnt
|-damage|p2a: Infernape|264\/293|[from] item: Life Orb
|faint|p1a: cancer maker
|
|
|switch|p1a: I'M IN|Dugtrio, F|212\/212
|turn|11
|c|+SmashBrosBrawl|huehuee bwoii
|c|âpipasonze|well played
|
|move|p2a: Infernape|Mach Punch|p1a: I'M IN
|-damage|p1a: I'M IN|31\/212
|-damage|p2a: Infernape|235\/293|[from] item: Life Orb
|move|p1a: I'M IN|Earthquake|p2a: Infernape
|-supereffective|p2a: Infernape
|-damage|p2a: Infernape|0 fnt
|-damage|p1a: I'M IN|10\/212|[from] item: Life Orb
|faint|p2a: Infernape
|
|
|switch|p2a: Blastoise|Blastoise, F|355\/355
|turn|12
|
|detailschange|p2a: Blastoise|Blastoise-Mega, F
|message|Blastoise has Mega Evolved into Mega Blastoise!
|move|p1a: I'M IN|Memento|p2a: Blastoise
|-unboost|p2a: Blastoise|atk|2
|-unboost|p2a: Blastoise|spa|2
|faint|p1a: I'M IN
|move|p2a: Blastoise|Dragon Pulse|p1: I'M IN|[notarget]
|-notarget
|
|
|switch|p1a: cancer|Smeargle, F|273\/273
|turn|13
|
|switch|p2a: Sableye|Sableye, M|303\/303
|move|p1a: cancer|Taunt|p2a: Sableye
|-start|p2a: Sableye|move: Taunt
|
|turn|14
|c|âdingbat test|bop
|
|move|p1a: cancer|Geomancy|p1a: cancer|[still]
|-prepare|p1a: cancer|Geomancy|p1a: cancer
|-enditem|p1a: cancer|Power Herb
|-anim|p1a: cancer|Geomancy|p1a: cancer
|-boost|p1a: cancer|spa|2
|-boost|p1a: cancer|spd|2
|-boost|p1a: cancer|spe|2
|move|p2a: Sableye|Knock Off|p1a: cancer
|-damage|p1a: cancer|189\/273
|
|turn|15
|c|+SmashBrosBrawl|is this getting barned
|
|switch|p2a: Chandelure|Chandelure, F|261\/261
|move|p1a: cancer|Cotton Guard|p1a: cancer
|-boost|p1a: cancer|def|3
|
|turn|16
|c|+SmashBrosBrawl|:^^
|c|âdingbat test|i'm going to
|
|move|p1a: cancer|Baton Pass|p1a: cancer
|
|switch|p1a: cancer|Espeon, F|321\/321
|move|p2a: Chandelure|Trick|p1a: cancer
|-activate|p2a: Chandelure|move: Trick|[of] p1a: cancer
|-item|p1a: cancer|Choice Specs|[from] move: Trick
|-item|p2a: Chandelure|Leftovers|[from] move: Trick
|
|turn|17
|c|âdingbat test|thanks
|c|âdingbat test|i guess
|
|move|p1a: cancer|Dazzling Gleam|p2a: Chandelure
|-resisted|p2a: Chandelure
|-damage|p2a: Chandelure|141\/261
|move|p2a: Chandelure|Shadow Ball|p1a: cancer
|-supereffective|p1a: cancer
|-damage|p1a: cancer|139\/321
|-unboost|p1a: cancer|spd|1
|
|-heal|p2a: Chandelure|157\/261|[from] item: Leftovers
|turn|18
|c|âdingbat test|damn
|c|âdingbat test|predictions fail me dis time :[
|
|switch|p1a: cancer preventer|Absol-Mega, F|272\/272
|move|p2a: Chandelure|Shadow Ball|p1a: cancer preventer
|-resisted|p1a: cancer preventer
|-damage|p1a: cancer preventer|145\/272
|
|-heal|p2a: Chandelure|173\/261|[from] item: Leftovers
|turn|19
|c|+SmashBrosBrawl|fuck
|c|+SmashBrosBrawl|power
|
|switch|p2a: Blastoise|Blastoise-Mega, F|355\/355
|move|p1a: cancer preventer|Knock Off|p2a: Blastoise
|-damage|p2a: Blastoise|244\/355
|
|turn|20
|c|âdingbat test|i might consider
|
|switch|p1a: cancer|Smeargle, F|189\/273
|move|p2a: Blastoise|Dragon Pulse|p1a: cancer
|-damage|p1a: cancer|0 fnt
|faint|p1a: cancer
|
|c|âdingbat test|cottonee
|c|âdingbat test|lol
|
|switch|p1a: cancer|Espeon, F|139\/321
|turn|21
|
|move|p1a: cancer|Dazzling Gleam|p2a: Blastoise
|-damage|p2a: Blastoise|135\/355
|move|p2a: Blastoise|Hydro Pump|p1a: cancer
|-damage|p1a: cancer|0 fnt
|faint|p1a: cancer
|
|
|switch|p1a: cancer preventer|Absol-Mega, F|145\/272
|turn|22
|
|move|p1a: cancer preventer|Sucker Punch|p2a: Blastoise
|-damage|p2a: Blastoise|0 fnt
|faint|p2a: Blastoise
|
|c|+SmashBrosBrawl|bop
|
|switch|p2a: Nidoqueen|Nidoqueen, F|353\/353
|turn|23
|c|âdingbat test|miss
|c|âdingbat test|earth power
|c|âdingbat test|:]
|c|âpipasonze|lol
|c|+SmashBrosBrawl|air baloon
|
|move|p1a: cancer preventer|Knock Off|p2a: Nidoqueen
|-damage|p2a: Nidoqueen|151\/353
|-enditem|p2a: Nidoqueen|Life Orb|[from] move: Knock Off|[of] p1a: cancer preventer
|move|p2a: Nidoqueen|Earth Power|p1a: cancer preventer
|-damage|p1a: cancer preventer|0 fnt
|faint|p1a: cancer preventer
|
|win|pipasonze
|raw|Ladder updating...
|c|+SmashBrosBrawl|go
|c|âpipasonze|GG
|raw|dingbat test's rating: 1598 &rarr; <strong>1570<\/strong><br \/>(-28 for losing)
|raw|pipasonze's rating: 1459 &rarr; <strong>1486<\/strong><br \/>(+27 for winning)
|c|âdingbat test|gg :]
|leave|SmashBrosBrawl
|leave|dingbat test
|player|p1
|leave|pipasonze
|player|p2
|join|pipasonze