|join|pipasonze
|join|the_BIG_Oz
|player|p1|pipasonze|120
|player|p2|the_BIG_Oz|176
|gametype|singles
|gen|6
|tier|UU
|rated
|clearpoke
|poke|p1|Jellicent, M
|poke|p1|Zangoose, F
|poke|p1|Manectric, F
|poke|p1|Donphan, M
|poke|p1|Tornadus-Therian, M
|poke|p1|Toxicroak, F
|poke|p2|Machamp, M
|poke|p2|Rotom-Fan
|poke|p2|Porygon2
|poke|p2|Durant, M
|poke|p2|Starmie
|poke|p2|Vileplume, M
|rule|Sleep Clause Mod: Limit one foe put to sleep
|rule|Species Clause: Limit one of each Pokemon
|rule|OHKO Clause: OHKO moves are banned
|rule|Moody Clause: Moody is banned
|rule|Evasion Moves Clause: Evasion moves are banned
|rule|Endless Battle Clause: Forcing endless battles is banned.
|rule|HP Percentage Mod: HP is reported as percentages
|teampreview
|
|start
|switch|p1a: Manectric|Manectric, F|281\/281
|switch|p2a: Porygon2|Porygon2|374\/374
|turn|1
|
|-formechange|p1a: Manectric|Manectric-Mega
|message|Manectric has Mega Evolved into Mega Manectric!
|-ability|p1a: Manectric|Intimidate|[of] p2a: Porygon2
|-unboost|p2a: Porygon2|atk|1
|move|p1a: Manectric|Volt Switch|p2a: Porygon2
|-damage|p2a: Porygon2|310\/374
|
|switch|p1a: Jellicent|Jellicent, M|404\/404
|move|p2a: Porygon2|Toxic|p1a: Jellicent
|-status|p1a: Jellicent|tox
|
|-damage|p1a: Jellicent|379\/404 tox|[from] psn
|turn|2
|
|move|p1a: Jellicent|Will-O-Wisp|p2a: Porygon2
|-status|p2a: Porygon2|brn
|move|p2a: Porygon2|Shadow Ball|p1a: Jellicent
|-supereffective|p1a: Jellicent
|-damage|p1a: Jellicent|249\/404 tox
|
|-heal|p1a: Jellicent|274\/404 tox|[from] item: Leftovers
|-damage|p1a: Jellicent|224\/404 tox|[from] psn
|-damage|p2a: Porygon2|264\/374 brn|[from] brn
|turn|3
|
|switch|p1a: Zangoose|Zangoose, F|287\/287
|move|p2a: Porygon2|Shadow Ball|p1a: Zangoose
|-immune|p1a: Zangoose|[msg]
|
|-damage|p2a: Porygon2|218\/374 brn|[from] brn
|-status|p1a: Zangoose|tox|[from] item: Toxic Orb
|turn|4
|
|switch|p2a: Durant|Durant, M|257\/257
|move|p1a: Zangoose|Facade|p2a: Durant
|-crit|p2a: Durant
|-resisted|p2a: Durant
|-damage|p2a: Durant|44\/257
|
|-damage|p1a: Zangoose|270\/287 tox|[from] psn
|turn|5
|
|switch|p1a: Toxicroak|Toxicroak, F|307\/307
|move|p2a: Durant|Iron Head|p1a: Toxicroak
|-damage|p1a: Toxicroak|49\/307
|
|turn|6
|
|move|p1a: Toxicroak|Sucker Punch|p2a: Durant
|-fail|p2a: Durant
|move|p2a: Durant|Hone Claws|p2a: Durant
|-boost|p2a: Durant|atk|1
|-boost|p2a: Durant|accuracy|1
|
|turn|7
|
|move|p1a: Toxicroak|Sucker Punch|p2a: Durant
|-fail|p2a: Durant
|move|p2a: Durant|Hone Claws|p2a: Durant
|-boost|p2a: Durant|atk|1
|-boost|p2a: Durant|accuracy|1
|
|turn|8
|
|move|p1a: Toxicroak|Sucker Punch|p2a: Durant
|-fail|p2a: Durant
|move|p2a: Durant|Hone Claws|p2a: Durant
|-boost|p2a: Durant|atk|1
|-boost|p2a: Durant|accuracy|1
|
|turn|9
|
|move|p1a: Toxicroak|Sucker Punch|p2a: Durant
|-damage|p2a: Durant|0 fnt
|-damage|p1a: Toxicroak|19\/307|[from] item: Life Orb
|faint|p2a: Durant
|
|
|switch|p2a: Machamp|Machamp, M|355\/355
|turn|10
|
|move|p2a: Machamp|Bullet Punch|p1a: Toxicroak
|-damage|p1a: Toxicroak|0 fnt
|faint|p1a: Toxicroak
|
|
|switch|p1a: Donphan|Donphan, M|384\/384
|turn|11
|
|move|p2a: Machamp|Knock Off|p1a: Donphan
|-damage|p1a: Donphan|297\/384
|-enditem|p1a: Donphan|Leftovers|[from] move: Knock Off|[of] p2a: Machamp
|move|p1a: Donphan|Stealth Rock|p2a: Machamp
|-sidestart|p2: the_BIG_Oz|move: Stealth Rock
|
|turn|12
|
|move|p2a: Machamp|Dynamic Punch|p1a: Donphan
|-damage|p1a: Donphan|182\/384
|-start|p1a: Donphan|confusion
|-activate|p1a: Donphan|confusion
|-damage|p1a: Donphan|159\/384|[from] confusion
|
|turn|13
|
|switch|p2a: Vileplume|Vileplume, M|354\/354
|-damage|p2a: Vileplume|310\/354|[from] Stealth Rock
|-activate|p1a: Donphan|confusion
|-damage|p1a: Donphan|134\/384|[from] confusion
|
|-heal|p2a: Vileplume|332\/354|[from] item: Black Sludge
|turn|14
|
|switch|p1a: Tornadus-Therian|Tornadus-Therian, M|299\/299
|move|p2a: Vileplume|Giga Drain|p1a: Tornadus-Therian
|-resisted|p1a: Tornadus-Therian
|-damage|p1a: Tornadus-Therian|252\/299
|-heal|p2a: Vileplume|354\/354|[from] drain|[of] p1a: Tornadus-Therian
|
|turn|15
|
|switch|p2a: Rotom-Fan|Rotom-Fan|304\/304
|-damage|p2a: Rotom-Fan|228\/304|[from] Stealth Rock
|move|p1a: Tornadus-Therian|Hurricane|p2a: Rotom-Fan|[miss]
|-miss|p1a: Tornadus-Therian|p2a: Rotom-Fan
|
|-heal|p2a: Rotom-Fan|247\/304|[from] item: Leftovers
|turn|16
|
|move|p1a: Tornadus-Therian|U-turn|p2a: Rotom-Fan
|-resisted|p2a: Rotom-Fan
|-damage|p2a: Rotom-Fan|229\/304
|
|switch|p1a: Manectric|Manectric, F|281\/281
|-formechange|p1a: Manectric|Manectric-Mega
|-ability|p1a: Manectric|Intimidate|[of] p2a: Rotom-Fan
|-unboost|p2a: Rotom-Fan|atk|1
|move|p2a: Rotom-Fan|Thunder Wave|p1a: Manectric
|-fail|p1a: Manectric
|
|-heal|p2a: Rotom-Fan|248\/304|[from] item: Leftovers
|turn|17
|
|switch|p2a: Machamp|Machamp, M|355\/355
|-damage|p2a: Machamp|333\/355|[from] Stealth Rock
|move|p1a: Manectric|Thunderbolt|p2a: Machamp
|-damage|p2a: Machamp|228\/355
|
|turn|18
|
|move|p1a: Manectric|Volt Switch|p2a: Machamp
|-damage|p2a: Machamp|143\/355
|
|switch|p1a: Donphan|Donphan, M|134\/384
|move|p2a: Machamp|Dynamic Punch|p1a: Donphan
|-damage|p1a: Donphan|19\/384
|-start|p1a: Donphan|confusion
|
|turn|19
|
|move|p2a: Machamp|Bullet Punch|p1a: Donphan
|-damage|p1a: Donphan|0 fnt
|faint|p1a: Donphan
|
|
|switch|p1a: Zangoose|Zangoose, F|270\/287 tox
|turn|20
|
|move|p1a: Zangoose|Facade|p2a: Machamp
|-crit|p2a: Machamp
|-damage|p2a: Machamp|0 fnt
|faint|p2a: Machamp
|
|-damage|p1a: Zangoose|253\/287 tox|[from] psn
|
|switch|p2a: Starmie|Starmie|262\/262
|-damage|p2a: Starmie|230\/262|[from] Stealth Rock
|turn|21
|
|switch|p1a: Manectric|Manectric, F|281\/281
|-formechange|p1a: Manectric|Manectric-Mega
|-ability|p1a: Manectric|Intimidate|[of] p2a: Starmie
|-unboost|p2a: Starmie|atk|1
|move|p2a: Starmie|Psyshock|p1a: Manectric
|-damage|p1a: Manectric|128\/281
|
|turn|22
|
|switch|p2a: Vileplume|Vileplume, M|354\/354
|-damage|p2a: Vileplume|310\/354|[from] Stealth Rock
|move|p1a: Manectric|Thunderbolt|p2a: Vileplume
|-resisted|p2a: Vileplume
|-damage|p2a: Vileplume|224\/354
|-status|p2a: Vileplume|par
|
|-heal|p2a: Vileplume|246\/354 par|[from] item: Black Sludge
|turn|23
|
|move|p1a: Manectric|Overheat|p2a: Vileplume
|-supereffective|p2a: Vileplume
|-damage|p2a: Vileplume|0 fnt
|-unboost|p1a: Manectric|spa|2
|faint|p2a: Vileplume
|
|
|switch|p2a: Porygon2|Porygon2|218\/374 brn
|-damage|p2a: Porygon2|172\/374 brn|[from] Stealth Rock
|turn|24
|
|move|p1a: Manectric|Volt Switch|p2a: Porygon2
|-damage|p2a: Porygon2|141\/374 brn
|
|switch|p1a: Tornadus-Therian|Tornadus-Therian, M|299\/299
|move|p2a: Porygon2|Recover|p2a: Porygon2
|-heal|p2a: Porygon2|328\/374 brn
|
|-damage|p2a: Porygon2|282\/374 brn|[from] brn
|turn|25
|
|move|p1a: Tornadus-Therian|Knock Off|p2a: Porygon2
|-damage|p2a: Porygon2|224\/374 brn
|-enditem|p2a: Porygon2|Eviolite|[from] move: Knock Off|[of] p1a: Tornadus-Therian
|move|p2a: Porygon2|Ice Beam|p1a: Tornadus-Therian
|-supereffective|p1a: Tornadus-Therian
|-damage|p1a: Tornadus-Therian|161\/299
|
|-damage|p2a: Porygon2|178\/374 brn|[from] brn
|turn|26
|
|move|p1a: Tornadus-Therian|U-turn|p2a: Porygon2
|-damage|p2a: Porygon2|120\/374 brn
|
|switch|p1a: Manectric|Manectric, F|128\/281
|-formechange|p1a: Manectric|Manectric-Mega
|-ability|p1a: Manectric|Intimidate|[of] p2a: Porygon2
|-unboost|p2a: Porygon2|atk|1
|move|p2a: Porygon2|Ice Beam|p1a: Manectric
|-damage|p1a: Manectric|13\/281
|
|-damage|p2a: Porygon2|74\/374 brn|[from] brn
|turn|27
|
|move|p1a: Manectric|Thunderbolt|p2a: Porygon2
|-damage|p2a: Porygon2|0 fnt
|faint|p2a: Porygon2
|
|
|switch|p2a: Rotom-Fan|Rotom-Fan|248\/304
|-damage|p2a: Rotom-Fan|172\/304|[from] Stealth Rock
|turn|28
|
|move|p1a: Manectric|Thunderbolt|p2a: Rotom-Fan
|-damage|p2a: Rotom-Fan|22\/304
|move|p2a: Rotom-Fan|Thunderbolt|p1a: Manectric
|-resisted|p1a: Manectric
|-damage|p1a: Manectric|0 fnt
|faint|p1a: Manectric
|
|-heal|p2a: Rotom-Fan|41\/304|[from] item: Leftovers
|
|switch|p1a: Tornadus-Therian|Tornadus-Therian, M|260\/299
|turn|29
|
|move|p1a: Tornadus-Therian|Knock Off|p2a: Rotom-Fan
|-damage|p2a: Rotom-Fan|0 fnt
|faint|p2a: Rotom-Fan
|
|
|switch|p2a: Starmie|Starmie|230\/262
|-damage|p2a: Starmie|198\/262|[from] Stealth Rock
|turn|30
|
|move|p1a: Tornadus-Therian|Knock Off|p2a: Starmie
|-supereffective|p2a: Starmie
|-damage|p2a: Starmie|36\/262
|-enditem|p2a: Starmie|Focus Sash|[from] move: Knock Off|[of] p1a: Tornadus-Therian
|move|p2a: Starmie|Surf|p1a: Tornadus-Therian
|-damage|p1a: Tornadus-Therian|161\/299
|
|turn|31
|
|move|p1a: Tornadus-Therian|U-turn|p2a: Starmie
|-supereffective|p2a: Starmie
|-damage|p2a: Starmie|0 fnt
|faint|p2a: Starmie
|
|win|pipasonze
|raw|Ladder updating...
|raw|pipasonze's rating: 1178 &rarr; <strong>1205<\/strong><br \/>(+27 for winning)
|raw|the_BIG_Oz's rating: 1203 &rarr; <strong>1176<\/strong><br \/>(-27 for losing)
|chat|pipasonze|gg
|leave|the_BIG_Oz
|player|p2