|join|ritesha
|join|pipasonze
|player|p1|ritesha|101
|player|p2|pipasonze|193
|gametype|singles
|gen|6
|tier|UU
|rated
|rule|Sleep Clause Mod: Limit one foe put to sleep
|rule|Species Clause: Limit one of each PokÃ©mon
|rule|OHKO Clause: OHKO moves are banned
|rule|Moody Clause: Moody is banned
|rule|Evasion Moves Clause: Evasion moves are banned
|rule|Endless Battle Clause: Forcing endless battles is banned
|rule|HP Percentage Mod: HP is shown in percentages
|clearpoke
|poke|p1|Gallade, M
|poke|p1|Staraptor, M
|poke|p1|Porygon2
|poke|p1|Tentacruel, M
|poke|p1|Klefki, M
|poke|p1|Entei, shiny
|poke|p2|Machamp, F
|poke|p2|Volcarona, F
|poke|p2|Hydreigon, M
|poke|p2|Jirachi
|poke|p2|Tentacruel, M
|poke|p2|Aerodactyl, F
|rule|Swagger Clause: Swagger is banned
|rule|Baton Pass Clause: Limit one PokÃ©mon knowing Baton Pass
|teampreview
|
|start
|switch|p1a: Klefki|Klefki, M|318\/318
|switch|p2a: Jirachi|Jirachi|345\/345
|turn|1
|
|move|p1a: Klefki|Thunder Wave|p2a: Jirachi
|-status|p2a: Jirachi|par
|move|p2a: Jirachi|Stealth Rock|p1a: Klefki
|-sidestart|p1: ritesha|move: Stealth Rock
|
|turn|2
|
|move|p1a: Klefki|Reflect|p1a: Klefki
|-sidestart|p1: ritesha|Reflect
|move|p2a: Jirachi|U-turn|p1a: Klefki
|-resisted|p1a: Klefki
|-damage|p1a: Klefki|312\/318
|
|switch|p2a: Tentacruel|Tentacruel, M|363\/363
|
|turn|3
|
|move|p1a: Klefki|Thunder Wave|p2a: Tentacruel
|-status|p2a: Tentacruel|par
|cant|p2a: Tentacruel|par
|
|turn|4
|
|move|p1a: Klefki|Light Screen|p1a: Klefki
|-sidestart|p1: ritesha|move: Light Screen
|move|p2a: Tentacruel|Scald|p1a: Klefki
|-damage|p1a: Klefki|267\/318
|-status|p1a: Klefki|brn
|
|-damage|p1a: Klefki|228\/318 brn|[from] brn
|turn|5
|
|switch|p1a: Gallade|Gallade, M|340\/340
|-damage|p1a: Gallade|319\/340|[from] Stealth Rock
|cant|p2a: Tentacruel|par
|
|turn|6
|
|switch|p2a: Jirachi|Jirachi|345\/345 par
|detailschange|p1a: Gallade|Gallade-Mega, M
|message|Gallade has Mega Evolved into Mega Gallade!
|move|p1a: Gallade|Substitute|p1a: Gallade
|-start|p1a: Gallade|Substitute
|-damage|p1a: Gallade|234\/340
|
|turn|7
|
|move|p1a: Gallade|Swords Dance|p1a: Gallade
|-boost|p1a: Gallade|atk|2
|move|p2a: Jirachi|Iron Head|p1a: Gallade
|-activate|p1a: Gallade|Substitute|[damage]
|
|turn|8
|
|move|p1a: Gallade|Drain Punch|p2a: Jirachi
|-damage|p2a: Jirachi|95\/345 par
|-heal|p1a: Gallade|340\/340|[from] drain|[of] p2a: Jirachi
|cant|p2a: Jirachi|par
|
|-heal|p2a: Jirachi|116\/345 par|[from] item: Leftovers
|turn|9
|
|move|p1a: Gallade|Drain Punch|p2a: Jirachi
|-damage|p2a: Jirachi|0 fnt
|faint|p2a: Jirachi
|
|-sideend|p1: ritesha|Reflect
|
|switch|p2a: Volcarona|Volcarona, F|373\/373
|turn|10
|
|move|p1a: Gallade|Drain Punch|p2a: Volcarona
|-resisted|p2a: Volcarona
|-damage|p2a: Volcarona|231\/373
|move|p2a: Volcarona|Quiver Dance|p2a: Volcarona
|-boost|p2a: Volcarona|spa|1
|-boost|p2a: Volcarona|spd|1
|-boost|p2a: Volcarona|spe|1
|
|-heal|p2a: Volcarona|254\/373|[from] item: Leftovers
|turn|11
|
|switch|p1a: Klefki|Klefki, M|228\/318 brn
|-damage|p1a: Klefki|209\/318 brn|[from] Stealth Rock
|move|p2a: Volcarona|Roost|p2a: Volcarona
|-heal|p2a: Volcarona|373\/373
|
|-damage|p1a: Klefki|170\/318 brn|[from] brn
|-sideend|p1: ritesha|move: Light Screen
|turn|12
|
|switch|p2a: Tentacruel|Tentacruel, M|363\/363 par
|move|p1a: Klefki|Thunder Wave|p2a: Tentacruel
|-fail|p2a: Tentacruel|par
|
|-damage|p1a: Klefki|131\/318 brn|[from] brn
|turn|13
|
|move|p1a: Klefki|Light Screen|p1a: Klefki
|-sidestart|p1: ritesha|move: Light Screen
|cant|p2a: Tentacruel|par
|
|-damage|p1a: Klefki|92\/318 brn|[from] brn
|turn|14
|
|move|p1a: Klefki|Reflect|p1a: Klefki
|-sidestart|p1: ritesha|Reflect
|move|p2a: Tentacruel|Toxic Spikes|p1a: Klefki
|-sidestart|p1: ritesha|move: Toxic Spikes
|
|-damage|p1a: Klefki|53\/318 brn|[from] brn
|turn|15
|
|switch|p1a: Tentacruel|Tentacruel, M|302\/302
|-damage|p1a: Tentacruel|265\/302|[from] Stealth Rock
|-sideend|p1: ritesha|move: Toxic Spikes|[of] p1a: Tentacruel
|move|p2a: Tentacruel|Scald|p1a: Tentacruel
|-resisted|p1a: Tentacruel
|-damage|p1a: Tentacruel|255\/302
|-status|p1a: Tentacruel|brn
|
|-damage|p1a: Tentacruel|218\/302 brn|[from] brn
|turn|16
|
|switch|p2a: Machamp|Machamp, F|383\/383
|move|p1a: Tentacruel|Rapid Spin|p2a: Machamp
|-damage|p2a: Machamp|376\/383
|-sideend|p1: ritesha|Stealth Rock|[from] move: Rapid Spin|[of] p1a: Tentacruel
|
|-damage|p1a: Tentacruel|181\/302 brn|[from] brn
|turn|17
|
|move|p1a: Tentacruel|Acid Spray|p2a: Machamp
|-damage|p2a: Machamp|333\/383
|-unboost|p2a: Machamp|spd|2
|move|p2a: Machamp|Knock Off|p1a: Tentacruel
|-crit|p1a: Tentacruel
|-damage|p1a: Tentacruel|0 fnt
|-enditem|p1a: Tentacruel|Assault Vest|[from] move: Knock Off|[of] p2a: Machamp
|faint|p1a: Tentacruel
|
|
|switch|p1a: Gallade|Gallade-Mega, M|340\/340
|turn|18
|
|move|p1a: Gallade|Swords Dance|p1a: Gallade
|-boost|p1a: Gallade|atk|2
|move|p2a: Machamp|Close Combat|p1a: Gallade
|-resisted|p1a: Gallade
|-damage|p1a: Gallade|275\/340
|-unboost|p2a: Machamp|def|1
|-unboost|p2a: Machamp|spd|1
|
|turn|19
|
|switch|p1a: Porygon2|Porygon2|374\/374
|move|p2a: Machamp|Close Combat|p1a: Porygon2
|-supereffective|p1a: Porygon2
|-damage|p1a: Porygon2|256\/374
|-unboost|p2a: Machamp|def|1
|-unboost|p2a: Machamp|spd|1
|
|turn|20
|
|switch|p2a: Tentacruel|Tentacruel, M|363\/363 par
|move|p1a: Porygon2|Tri Attack|p2a: Tentacruel
|-damage|p2a: Tentacruel|252\/363 par
|
|-heal|p2a: Tentacruel|274\/363 par|[from] item: Black Sludge
|-sideend|p1: ritesha|move: Light Screen
|turn|21
|
|switch|p1a: Staraptor|Staraptor, M|312\/312
|move|p2a: Tentacruel|Toxic Spikes|p1a: Staraptor
|-sidestart|p1: ritesha|move: Toxic Spikes
|
|-heal|p2a: Tentacruel|296\/363 par|[from] item: Black Sludge
|-sideend|p1: ritesha|Reflect
|turn|22
|
|move|p1a: Staraptor|Brave Bird|p2a: Tentacruel
|-damage|p2a: Tentacruel|44\/363 par
|-damage|p1a: Staraptor|229\/312|[from] recoil|[of] p2a: Tentacruel
|move|p2a: Tentacruel|Ice Beam|p1a: Staraptor
|-supereffective|p1a: Staraptor
|-damage|p1a: Staraptor|65\/312
|
|-heal|p2a: Tentacruel|66\/363 par|[from] item: Black Sludge
|turn|23
|
|move|p1a: Staraptor|Brave Bird|p2a: Tentacruel
|-damage|p2a: Tentacruel|0 fnt
|-damage|p1a: Staraptor|43\/312|[from] recoil|[of] p2a: Tentacruel
|faint|p2a: Tentacruel
|
|
|switch|p2a: Aerodactyl|Aerodactyl, F|331\/331
|-ability|p2a: Aerodactyl|Unnerve|p1: ritesha
|turn|24
|
|detailschange|p2a: Aerodactyl|Aerodactyl-Mega, F
|message|Aerodactyl has Mega Evolved into Mega Aerodactyl!
|move|p1a: Staraptor|Brave Bird|p2a: Aerodactyl
|-resisted|p2a: Aerodactyl
|-damage|p2a: Aerodactyl|189\/331
|-damage|p1a: Staraptor|0 fnt|[from] recoil|[of] p2a: Aerodactyl
|faint|p1a: Staraptor
|move|p2a: Aerodactyl|Aerial Ace|p1: Staraptor|[notarget]
|-notarget
|
|
|switch|p1a: Klefki|Klefki, M|53\/318 brn
|turn|25
|
|switch|p2a: Machamp|Machamp, F|333\/383
|move|p1a: Klefki|Thunder Wave|p2a: Machamp
|-status|p2a: Machamp|par
|
|-damage|p1a: Klefki|14\/318 brn|[from] brn
|turn|26
|
|move|p1a: Klefki|Reflect|p1a: Klefki
|-sidestart|p1: ritesha|Reflect
|move|p2a: Machamp|Bullet Punch|p1a: Klefki
|-damage|p1a: Klefki|0 fnt
|faint|p1a: Klefki
|
|
|switch|p1a: Entei|Entei, shiny|372\/372
|-status|p1a: Entei|psn
|-ability|p1a: Entei|Pressure
|turn|27
|
|move|p1a: Entei|Sacred Fire|p2a: Machamp
|-damage|p2a: Machamp|0 fnt
|faint|p2a: Machamp
|
|-damage|p1a: Entei|326\/372 psn|[from] psn
|
|switch|p2a: Hydreigon|Hydreigon, M|325\/325
|turn|28
|
|move|p2a: Hydreigon|Dark Pulse|p1a: Entei
|-damage|p1a: Entei|152\/372 psn
|move|p1a: Entei|Sacred Fire|p2a: Hydreigon
|-resisted|p2a: Hydreigon
|-damage|p2a: Hydreigon|176\/325
|-status|p2a: Hydreigon|brn
|
|-damage|p2a: Hydreigon|136\/325 brn|[from] brn
|-damage|p1a: Entei|106\/372 psn|[from] psn
|turn|29
|
|move|p2a: Hydreigon|Dark Pulse|p1a: Entei
|-damage|p1a: Entei|0 fnt
|faint|p1a: Entei
|
|-damage|p2a: Hydreigon|96\/325 brn|[from] brn
|
|switch|p1a: Porygon2|Porygon2|256\/374
|-status|p1a: Porygon2|psn
|turn|30
|
|move|p2a: Hydreigon|Dark Pulse|p1a: Porygon2
|-damage|p1a: Porygon2|165\/374 psn
|move|p1a: Porygon2|Recover|p1a: Porygon2
|-heal|p1a: Porygon2|352\/374 psn
|
|-damage|p2a: Hydreigon|56\/325 brn|[from] brn
|-damage|p1a: Porygon2|306\/374 psn|[from] psn
|turn|31
|
|move|p2a: Hydreigon|Dark Pulse|p1a: Porygon2
|-damage|p1a: Porygon2|216\/374 psn
|cant|p1a: Porygon2|flinch
|
|-damage|p2a: Hydreigon|16\/325 brn|[from] brn
|-damage|p1a: Porygon2|170\/374 psn|[from] psn
|turn|32
|
|move|p2a: Hydreigon|Dark Pulse|p1a: Porygon2
|-damage|p1a: Porygon2|65\/374 psn
|move|p1a: Porygon2|Recover|p1a: Porygon2
|-heal|p1a: Porygon2|252\/374 psn
|
|-damage|p2a: Hydreigon|0 fnt|[from] brn
|-damage|p1a: Porygon2|206\/374 psn|[from] psn
|faint|p2a: Hydreigon
|
|switch|p2a: Volcarona|Volcarona, F|373\/373
|turn|33
|
|move|p2a: Volcarona|Quiver Dance|p2a: Volcarona
|-boost|p2a: Volcarona|spa|1
|-boost|p2a: Volcarona|spd|1
|-boost|p2a: Volcarona|spe|1
|move|p1a: Porygon2|Toxic|p2a: Volcarona
|-status|p2a: Volcarona|tox
|
|-damage|p2a: Volcarona|350\/373 tox|[from] psn
|-damage|p1a: Porygon2|160\/374 psn|[from] psn
|-sideend|p1: ritesha|Reflect
|turn|34
|
|move|p2a: Volcarona|Fire Blast|p1a: Porygon2
|-damage|p1a: Porygon2|0 fnt
|faint|p1a: Porygon2
|
|-heal|p2a: Volcarona|373\/373 tox|[from] item: Leftovers
|-damage|p2a: Volcarona|327\/373 tox|[from] psn
|-message|ritesha forfeited.
|
|win|pipasonze
|raw|Ladder updating...
|leave|ritesha
|player|p1
|raw|ritesha's rating: 1286 &rarr; <strong>1264<\/strong><br \/>(-22 for losing)
|raw|pipasonze's rating: 1327 &rarr; <strong>1345<\/strong><br \/>(+18 for winning)