|join|Pleasure Kitten
|join|pipasonze
|player|p1|Pleasure Kitten|265
|player|p2|pipasonze|193
|gametype|singles
|gen|6
|tier|UU
|rated
|rule|Sleep Clause Mod: Limit one foe put to sleep
|rule|Species Clause: Limit one of each PokÃ©mon
|rule|OHKO Clause: OHKO moves are banned
|rule|Moody Clause: Moody is banned
|rule|Evasion Moves Clause: Evasion moves are banned
|rule|Endless Battle Clause: Forcing endless battles is banned
|rule|HP Percentage Mod: HP is shown in percentages
|clearpoke
|poke|p1|Ampharos, M
|poke|p1|Forretress, M
|poke|p1|Swampert, F
|poke|p1|Crobat, M
|poke|p1|Jirachi, shiny
|poke|p1|Virizion
|poke|p2|Chandelure, M
|poke|p2|Suicune
|poke|p2|Hippowdon, M
|poke|p2|Aerodactyl, F
|poke|p2|Lucario, M
|poke|p2|Roserade, M
|rule|Swagger Clause: Swagger is banned
|rule|Baton Pass Clause: Limit one PokÃ©mon knowing Baton Pass
|teampreview
|
|start
|switch|p1a: Swampert|Swampert, F|404\/404
|switch|p2a: Aerodactyl|Aerodactyl, F|331\/331
|-ability|p2a: Aerodactyl|Pressure
|turn|1
|
|detailschange|p2a: Aerodactyl|Aerodactyl-Mega, F
|message|Aerodactyl has Mega Evolved into Mega Aerodactyl!
|move|p2a: Aerodactyl|Taunt|p1a: Swampert
|-start|p1a: Swampert|move: Taunt
|move|p1a: Swampert|Scald|p2a: Aerodactyl
|-supereffective|p2a: Aerodactyl
|-damage|p2a: Aerodactyl|149\/331
|
|turn|2
|
|switch|p2a: Roserade|Roserade, M|269\/269
|move|p1a: Swampert|Earthquake|p2a: Roserade
|-damage|p2a: Roserade|74\/269
|
|turn|3
|
|switch|p2a: Aerodactyl|Aerodactyl-Mega, F|149\/331
|switch|p1a: Crobat|Crobat, M|325\/325
|
|turn|4
|
|switch|p1a: Swampert|Swampert, F|404\/404
|move|p2a: Aerodactyl|Roost|p2a: Aerodactyl
|-heal|p2a: Aerodactyl|315\/331
|
|turn|5
|
|switch|p2a: Roserade|Roserade, M|74\/269
|move|p1a: Swampert|Stealth Rock|p2a: Roserade
|-sidestart|p2: pipasonze|move: Stealth Rock
|
|turn|6
|
|switch|p1a: Virizion|Virizion|324\/324
|move|p2a: Roserade|Spikes|p1a: Virizion
|-sidestart|p1: Pleasure Kitten|Spikes
|
|turn|7
|
|move|p1a: Virizion|Substitute|p1a: Virizion
|-start|p1a: Virizion|Substitute
|-damage|p1a: Virizion|243\/324
|move|p2a: Roserade|Sludge Bomb|p1a: Virizion
|-supereffective|p1a: Virizion
|-end|p1a: Virizion|Substitute
|-damage|p2a: Roserade|48\/269|[from] item: Life Orb
|
|-heal|p1a: Virizion|263\/324|[from] item: Leftovers
|turn|8
|
|move|p1a: Virizion|Close Combat|p2a: Roserade
|-resisted|p2a: Roserade
|-damage|p2a: Roserade|0 fnt
|-unboost|p1a: Virizion|def|1
|-unboost|p1a: Virizion|spd|1
|faint|p2a: Roserade
|
|-heal|p1a: Virizion|283\/324|[from] item: Leftovers
|
|switch|p2a: Chandelure|Chandelure, M|261\/261
|-damage|p2a: Chandelure|196\/261|[from] Stealth Rock
|turn|9
|
|switch|p1a: Swampert|Swampert, F|404\/404
|-damage|p1a: Swampert|354\/404|[from] Spikes
|move|p2a: Chandelure|Shadow Ball|p1a: Swampert
|-damage|p1a: Swampert|197\/404
|-unboost|p1a: Swampert|spd|1
|
|-heal|p1a: Swampert|222\/404|[from] item: Leftovers
|turn|10
|
|switch|p1a: Crobat|Crobat, M|325\/325
|move|p2a: Chandelure|Shadow Ball|p1a: Crobat
|-damage|p1a: Crobat|139\/325
|
|turn|11
|
|move|p1a: Crobat|Brave Bird|p2a: Chandelure
|-damage|p2a: Chandelure|0 fnt
|-damage|p1a: Crobat|74\/325|[from] recoil|[of] p2a: Chandelure
|faint|p2a: Chandelure
|
|
|switch|p2a: Hippowdon|Hippowdon, M|420\/420
|-damage|p2a: Hippowdon|394\/420|[from] Stealth Rock
|-weather|Sandstorm
|turn|12
|
|switch|p1a: Swampert|Swampert, F|222\/404
|-damage|p1a: Swampert|172\/404|[from] Spikes
|move|p2a: Hippowdon|Stealth Rock|p1a: Swampert
|-sidestart|p1: Pleasure Kitten|move: Stealth Rock
|
|-weather|Sandstorm|[upkeep]
|-heal|p1a: Swampert|197\/404|[from] item: Leftovers
|-heal|p2a: Hippowdon|420\/420|[from] item: Leftovers
|turn|13
|join|WEPWN'S SCHLONG
|
|move|p2a: Hippowdon|Earthquake|p1a: Swampert
|-damage|p1a: Swampert|104\/404
|move|p1a: Swampert|Roar|p2a: Hippowdon
|drag|p2a: Suicune|Suicune|404\/404
|-damage|p2a: Suicune|354\/404|[from] Stealth Rock
|-ability|p2a: Suicune|Pressure
|
|-weather|Sandstorm|[upkeep]
|-damage|p2a: Suicune|329\/404|[from] sandstorm
|-heal|p2a: Suicune|354\/404|[from] item: Leftovers
|-heal|p1a: Swampert|129\/404|[from] item: Leftovers
|turn|14
|
|move|p2a: Suicune|Surf|p1a: Swampert
|-damage|p1a: Swampert|0 fnt
|faint|p1a: Swampert
|
|-weather|Sandstorm|[upkeep]
|-damage|p2a: Suicune|329\/404|[from] sandstorm
|-heal|p2a: Suicune|354\/404|[from] item: Leftovers
|
|switch|p1a: Virizion|Virizion|283\/324
|-damage|p1a: Virizion|263\/324|[from] Stealth Rock
|-damage|p1a: Virizion|223\/324|[from] Spikes
|turn|15
|
|switch|p2a: Aerodactyl|Aerodactyl-Mega, F|315\/331
|-damage|p2a: Aerodactyl|233\/331|[from] Stealth Rock
|move|p1a: Virizion|Swords Dance|p1a: Virizion
|-boost|p1a: Virizion|atk|2
|
|-weather|Sandstorm|[upkeep]
|-damage|p1a: Virizion|203\/324|[from] sandstorm
|-heal|p1a: Virizion|223\/324|[from] item: Leftovers
|turn|16
|
|switch|p1a: Forretress|Forretress, M|354\/354
|-damage|p1a: Forretress|310\/354|[from] Spikes
|-damage|p1a: Forretress|266\/354|[from] Stealth Rock
|move|p2a: Aerodactyl|Aerial Ace|p1a: Forretress
|-damage|p1a: Forretress|182\/354
|
|-weather|none
|-heal|p1a: Forretress|204\/354|[from] item: Leftovers
|turn|17
|
|switch|p2a: Suicune|Suicune|354\/404
|-damage|p2a: Suicune|304\/404|[from] Stealth Rock
|-ability|p2a: Suicune|Pressure
|move|p1a: Forretress|Rapid Spin|p2a: Suicune
|-damage|p2a: Suicune|292\/404
|-sideend|p1: Pleasure Kitten|Spikes|[from] move: Rapid Spin|[of] p1a: Forretress
|-sideend|p1: Pleasure Kitten|Stealth Rock|[from] move: Rapid Spin|[of] p1a: Forretress
|
|-heal|p2a: Suicune|317\/404|[from] item: Leftovers
|-heal|p1a: Forretress|226\/354|[from] item: Leftovers
|turn|18
|
|move|p2a: Suicune|Calm Mind|p2a: Suicune
|-boost|p2a: Suicune|spa|1
|-boost|p2a: Suicune|spd|1
|move|p1a: Forretress|Volt Switch|p2a: Suicune
|-crit|p2a: Suicune
|-supereffective|p2a: Suicune
|-damage|p2a: Suicune|211\/404
|
|switch|p1a: Virizion|Virizion|223\/324
|
|-heal|p1a: Virizion|243\/324|[from] item: Leftovers
|-heal|p2a: Suicune|236\/404|[from] item: Leftovers
|turn|19
|join|DatLatias
|
|move|p1a: Virizion|Swords Dance|p1a: Virizion
|-boost|p1a: Virizion|atk|2
|move|p2a: Suicune|Ice Beam|p1a: Virizion
|-supereffective|p1a: Virizion
|-damage|p1a: Virizion|11\/324
|-status|p1a: Virizion|frz
|
|-heal|p1a: Virizion|31\/324 frz|[from] item: Leftovers
|-heal|p2a: Suicune|261\/404|[from] item: Leftovers
|turn|20
|c|âPleasure Kitten|mmmm
|join|Boygirl Next Door
|c|âpipasonze|sorry for the freeze
|
|cant|p1a: Virizion|frz
|move|p2a: Suicune|Ice Beam|p1a: Virizion
|-supereffective|p1a: Virizion
|-damage|p1a: Virizion|0 fnt
|faint|p1a: Virizion
|
|-heal|p2a: Suicune|286\/404|[from] item: Leftovers
|
|switch|p1a: Ampharos|Ampharos, M|384\/384
|turn|21
|
|switch|p2a: Hippowdon|Hippowdon, M|420\/420
|-damage|p2a: Hippowdon|394\/420|[from] Stealth Rock
|-weather|Sandstorm
|detailschange|p1a: Ampharos|Ampharos-Mega, M
|message|Ampharos has Mega Evolved into Mega Ampharos!
|-ability|p1a: Ampharos|Mold Breaker
|move|p1a: Ampharos|Thunderbolt|p2a: Hippowdon
|-immune|p2a: Hippowdon|[msg]
|
|-weather|Sandstorm|[upkeep]
|-damage|p1a: Ampharos|360\/384|[from] sandstorm
|-heal|p2a: Hippowdon|420\/420|[from] item: Leftovers
|turn|22
|
|switch|p1a: Forretress|Forretress, M|226\/354
|move|p2a: Hippowdon|Earthquake|p1a: Forretress
|-damage|p1a: Forretress|154\/354
|
|-weather|Sandstorm|[upkeep]
|-heal|p1a: Forretress|176\/354|[from] item: Leftovers
|turn|23
|
|switch|p2a: Lucario|Lucario, M|281\/281
|-damage|p2a: Lucario|273\/281|[from] Stealth Rock
|move|p1a: Forretress|Toxic|p2a: Lucario
|-fail|p2a: Lucario
|
|-weather|Sandstorm|[upkeep]
|-heal|p1a: Forretress|198\/354|[from] item: Leftovers
|turn|24
|
|move|p2a: Lucario|Swords Dance|p2a: Lucario
|-boost|p2a: Lucario|atk|2
|move|p1a: Forretress|Volt Switch|p2a: Lucario
|-damage|p2a: Lucario|221\/281
|
|switch|p1a: Jirachi|Jirachi, shiny|341\/341
|-item|p1a: Jirachi|Air Balloon
|
|-weather|Sandstorm|[upkeep]
|turn|25
|leave|Boygirl Next Door
|
|switch|p2a: Hippowdon|Hippowdon, M|420\/420
|-damage|p2a: Hippowdon|394\/420|[from] Stealth Rock
|move|p1a: Jirachi|Psyshock|p2a: Hippowdon
|-damage|p2a: Hippowdon|303\/420
|
|-weather|none
|-heal|p2a: Hippowdon|329\/420|[from] item: Leftovers
|turn|26
|
|move|p1a: Jirachi|Calm Mind|p1a: Jirachi
|-boost|p1a: Jirachi|spa|1
|-boost|p1a: Jirachi|spd|1
|move|p2a: Hippowdon|Stealth Rock|p1a: Jirachi
|-sidestart|p1: Pleasure Kitten|move: Stealth Rock
|
|-heal|p2a: Hippowdon|355\/420|[from] item: Leftovers
|turn|27
|
|move|p1a: Jirachi|Energy Ball|p2a: Hippowdon
|-supereffective|p2a: Hippowdon
|-damage|p2a: Hippowdon|83\/420
|move|p2a: Hippowdon|Whirlwind|p1a: Jirachi
|drag|p1a: Ampharos|Ampharos-Mega, M|360\/384
|-damage|p1a: Ampharos|312\/384|[from] Stealth Rock
|-ability|p1a: Ampharos|Mold Breaker
|
|-heal|p2a: Hippowdon|109\/420|[from] item: Leftovers
|turn|28
|
|switch|p1a: Forretress|Forretress, M|198\/354
|-damage|p1a: Forretress|154\/354|[from] Stealth Rock
|move|p2a: Hippowdon|Earthquake|p1a: Forretress
|-damage|p1a: Forretress|85\/354
|
|-heal|p2a: Hippowdon|135\/420|[from] item: Leftovers
|-heal|p1a: Forretress|107\/354|[from] item: Leftovers
|turn|29
|
|move|p2a: Hippowdon|Earthquake|p1a: Forretress
|-damage|p1a: Forretress|32\/354
|move|p1a: Forretress|Rapid Spin|p2a: Hippowdon
|-damage|p2a: Hippowdon|125\/420
|-sideend|p1: Pleasure Kitten|Stealth Rock|[from] move: Rapid Spin|[of] p1a: Forretress
|
|-heal|p2a: Hippowdon|151\/420|[from] item: Leftovers
|-heal|p1a: Forretress|54\/354|[from] item: Leftovers
|turn|30
|
|switch|p2a: Lucario|Lucario, M|221\/281
|-damage|p2a: Lucario|213\/281|[from] Stealth Rock
|move|p1a: Forretress|Spikes|p2a: Lucario
|-sidestart|p2: pipasonze|Spikes
|
|-heal|p1a: Forretress|76\/354|[from] item: Leftovers
|turn|31
|
|move|p2a: Lucario|Swords Dance|p2a: Lucario
|-boost|p2a: Lucario|atk|2
|move|p1a: Forretress|Volt Switch|p2a: Lucario
|-damage|p2a: Lucario|163\/281
|
|switch|p1a: Jirachi|Jirachi, shiny|341\/341
|-item|p1a: Jirachi|Air Balloon
|
|turn|32
|
|move|p2a: Lucario|Extreme Speed|p1a: Jirachi
|-resisted|p1a: Jirachi
|-damage|p1a: Jirachi|214\/341
|-enditem|p1a: Jirachi|Air Balloon
|-damage|p2a: Lucario|135\/281|[from] item: Life Orb
|move|p1a: Jirachi|Psyshock|p2a: Lucario
|-damage|p2a: Lucario|0 fnt
|faint|p2a: Lucario
|
|join|Tipsy Russian
|
|switch|p2a: Aerodactyl|Aerodactyl-Mega, F|233\/331
|-damage|p2a: Aerodactyl|151\/331|[from] Stealth Rock
|turn|33
|
|switch|p1a: Crobat|Crobat, M|74\/325
|move|p2a: Aerodactyl|Earthquake|p1a: Crobat
|-immune|p1a: Crobat|[msg]
|
|turn|34
|
|move|p1a: Crobat|Brave Bird|p2a: Aerodactyl
|-resisted|p2a: Aerodactyl
|-damage|p2a: Aerodactyl|48\/331
|-damage|p1a: Crobat|40\/325|[from] recoil|[of] p2a: Aerodactyl
|move|p2a: Aerodactyl|Roost|p2a: Aerodactyl
|-heal|p2a: Aerodactyl|214\/331
|
|turn|35
|join|EyanZ
|
|switch|p1a: Ampharos|Ampharos-Mega, M|312\/384
|-ability|p1a: Ampharos|Mold Breaker
|move|p2a: Aerodactyl|Aerial Ace|p1a: Ampharos
|-resisted|p1a: Ampharos
|-damage|p1a: Ampharos|262\/384
|
|turn|36
|
|switch|p2a: Hippowdon|Hippowdon, M|151\/420
|-damage|p2a: Hippowdon|125\/420|[from] Stealth Rock
|-damage|p2a: Hippowdon|73\/420|[from] Spikes
|-weather|Sandstorm
|move|p1a: Ampharos|Dragon Pulse|p2a: Hippowdon
|-damage|p2a: Hippowdon|0 fnt
|faint|p2a: Hippowdon
|
|-weather|Sandstorm|[upkeep]
|-damage|p1a: Ampharos|238\/384|[from] sandstorm
|
|switch|p2a: Suicune|Suicune|286\/404
|-damage|p2a: Suicune|236\/404|[from] Spikes
|-damage|p2a: Suicune|186\/404|[from] Stealth Rock
|-ability|p2a: Suicune|Pressure
|turn|37
|
|switch|p2a: Aerodactyl|Aerodactyl-Mega, F|214\/331
|-damage|p2a: Aerodactyl|132\/331|[from] Stealth Rock
|move|p1a: Ampharos|Thunderbolt|p2a: Aerodactyl
|-supereffective|p2a: Aerodactyl
|-damage|p2a: Aerodactyl|0 fnt
|faint|p2a: Aerodactyl
|
|-weather|Sandstorm|[upkeep]
|-damage|p1a: Ampharos|214\/384|[from] sandstorm
|c| Tipsy Russian|the  plays
|join|SuperSawgy
|
|switch|p2a: Suicune|Suicune|186\/404
|-damage|p2a: Suicune|136\/404|[from] Stealth Rock
|-damage|p2a: Suicune|86\/404|[from] Spikes
|-ability|p2a: Suicune|Pressure
|turn|38
|
|move|p2a: Suicune|Ice Beam|p1a: Ampharos
|-supereffective|p1a: Ampharos
|-damage|p1a: Ampharos|54\/384
|move|p1a: Ampharos|Thunderbolt|p2a: Suicune
|-supereffective|p2a: Suicune
|-damage|p2a: Suicune|0 fnt
|faint|p2a: Suicune
|
|win|Pleasure Kitten
|raw|Ladder updating...
|raw|Pleasure Kitten's rating: 1458 &rarr; <strong>1479<\/strong><br \/>(+21 for winning)
|raw|pipasonze's rating: 1477 &rarr; <strong>1456<\/strong><br \/>(-21 for losing)
|leave|Pleasure Kitten
|player|p1
|leave|SuperSawgy
|leave|Tipsy Russian
|join|YoungLegend
|leave|pipasonze
|player|p2
|leave|DatLatias
|leave|YoungLegend