|join|pipasonze
|join|Shiesh
|player|p1|pipasonze|120
|player|p2|Shiesh|160
|gametype|singles
|gen|6
|tier|UU
|rated
|clearpoke
|poke|p1|Jellicent, M
|poke|p1|Zangoose, F
|poke|p1|Manectric, M
|poke|p1|Donphan, F
|poke|p1|Tornadus-Therian, M
|poke|p1|Toxicroak, M
|poke|p2|Arcanine, M
|poke|p2|Donphan, F
|poke|p2|Sceptile, M
|poke|p2|Empoleon, M
|poke|p2|Scrafty, F
|poke|p2|Crobat, F
|rule|Sleep Clause Mod: Limit one foe put to sleep
|rule|Species Clause: Limit one of each Pokemon
|rule|OHKO Clause: OHKO moves are banned
|rule|Moody Clause: Moody is banned
|rule|Evasion Moves Clause: Evasion moves are banned
|rule|Endless Battle Clause: Forcing endless battles is banned.
|rule|HP Percentage Mod: HP is reported as percentages
|teampreview
|chat|Shiesh|gl and hf
|chat|pipasonze|thanks you too
|
|start
|switch|p1a: Tornadus-Therian|Tornadus-Therian, M|299\/299
|switch|p2a: Mr. Buttons|Empoleon, M|308\/308
|turn|1
|
|move|p1a: Tornadus-Therian|Knock Off|p2a: Mr. Buttons
|-damage|p2a: Mr. Buttons|229\/308
|-enditem|p2a: Mr. Buttons|Petaya Berry|[from] move: Knock Off|[of] p1a: Tornadus-Therian
|move|p2a: Mr. Buttons|Substitute|p2a: Mr. Buttons
|-start|p2a: Mr. Buttons|Substitute
|-damage|p2a: Mr. Buttons|152\/308
|
|turn|2
|
|move|p1a: Tornadus-Therian|Heat Wave|p2a: Mr. Buttons
|-end|p2a: Mr. Buttons|Substitute
|move|p2a: Mr. Buttons|Agility|p2a: Mr. Buttons
|-boost|p2a: Mr. Buttons|spe|2
|
|turn|3
|
|move|p2a: Mr. Buttons|Substitute|p2a: Mr. Buttons
|-start|p2a: Mr. Buttons|Substitute
|-damage|p2a: Mr. Buttons|75\/308
|move|p1a: Tornadus-Therian|U-turn|p2a: Mr. Buttons
|-resisted|p2a: Mr. Buttons
|-activate|p2a: Mr. Buttons|Substitute|[damage]
|
|switch|p1a: Jellicent|Jellicent, M|404\/404
|
|turn|4
|
|switch|p2a: General|Scrafty, F|271\/271
|move|p1a: Jellicent|Shadow Ball|p2a: General
|-crit|p2a: General
|-resisted|p2a: General
|-damage|p2a: General|215\/271
|
|turn|5
|
|switch|p1a: Toxicroak|Toxicroak, M|307\/307
|move|p2a: General|Dragon Dance|p2a: General
|-boost|p2a: General|atk|1
|-boost|p2a: General|spe|1
|
|turn|6
|
|move|p2a: General|Drain Punch|p1a: Toxicroak
|-resisted|p1a: Toxicroak
|-damage|p1a: Toxicroak|138\/307
|-heal|p2a: General|271\/271|[from] drain|[of] p1a: Toxicroak
|-damage|p2a: General|244\/271|[from] item: Life Orb
|move|p1a: Toxicroak|Drain Punch|p2a: General
|-supereffective|p2a: General
|-damage|p2a: General|0 fnt
|-heal|p1a: Toxicroak|260\/307|[from] drain|[of] p2a: General
|-damage|p1a: Toxicroak|230\/307|[from] item: Life Orb
|faint|p2a: General
|
|
|switch|p2a: Arwing|Crobat, F|311\/311
|turn|7
|
|move|p2a: Arwing|Pursuit|p1a: Toxicroak|[from]Pursuit
|-resisted|p1a: Toxicroak
|-damage|p1a: Toxicroak|145\/307
|switch|p1a: Donphan|Donphan, F|384\/384
|
|turn|8
|
|switch|p2a: Bushy|Sceptile, M|282\/282
|move|p1a: Donphan|Stealth Rock|p2a: Bushy
|-sidestart|p2: Shiesh|move: Stealth Rock
|
|turn|9
|
|switch|p1a: Tornadus-Therian|Tornadus-Therian, M|299\/299
|move|p2a: Bushy|Substitute|p2a: Bushy
|-start|p2a: Bushy|Substitute
|-damage|p2a: Bushy|212\/282
|
|turn|10
|
|move|p1a: Tornadus-Therian|Heat Wave|p2a: Bushy
|-supereffective|p2a: Bushy
|-end|p2a: Bushy|Substitute
|move|p2a: Bushy|Hidden Power|p1a: Tornadus-Therian
|-supereffective|p1a: Tornadus-Therian
|-damage|p1a: Tornadus-Therian|174\/299
|-damage|p2a: Bushy|184\/282|[from] item: Life Orb
|
|turn|11
|
|switch|p2a: Elle|Donphan, F|384\/384
|-damage|p2a: Elle|360\/384|[from] Stealth Rock
|move|p1a: Tornadus-Therian|Hurricane|p2a: Elle
|-damage|p2a: Elle|104\/384
|
|-heal|p2a: Elle|128\/384|[from] item: Leftovers
|turn|12
|
|move|p1a: Tornadus-Therian|Heat Wave|p2a: Elle
|-damage|p2a: Elle|0 fnt
|faint|p2a: Elle
|
|
|switch|p2a: Arwing|Crobat, F|311\/311
|-damage|p2a: Arwing|234\/311|[from] Stealth Rock
|turn|13
|
|switch|p1a: Manectric|Manectric, M|281\/281
|move|p2a: Arwing|Brave Bird|p1a: Manectric
|-resisted|p1a: Manectric
|-damage|p1a: Manectric|83\/281
|-damage|p2a: Arwing|169\/311|[from] recoil|[of] p1a: Manectric
|
|turn|14
|
|-formechange|p1a: Manectric|Manectric-Mega
|message|Manectric has Mega Evolved into Mega Manectric!
|-ability|p1a: Manectric|Intimidate|[of] p2a: Arwing
|-unboost|p2a: Arwing|atk|1
|move|p2a: Arwing|Brave Bird|p1a: Manectric
|-resisted|p1a: Manectric
|-damage|p1a: Manectric|0 fnt
|-damage|p2a: Arwing|142\/311|[from] recoil|[of] p1a: Manectric
|faint|p1a: Manectric
|
|
|switch|p1a: Toxicroak|Toxicroak, M|145\/307
|turn|15
|
|move|p1a: Toxicroak|Sucker Punch|p2a: Arwing
|-damage|p2a: Arwing|24\/311
|-damage|p1a: Toxicroak|115\/307|[from] item: Life Orb
|move|p2a: Arwing|Brave Bird|p1a: Toxicroak
|-supereffective|p1a: Toxicroak
|-damage|p1a: Toxicroak|0 fnt
|-damage|p2a: Arwing|0 fnt|[from] recoil|[of] p1a: Toxicroak
|faint|p1a: Toxicroak
|faint|p2a: Arwing
|
|
|switch|p1a: Tornadus-Therian|Tornadus-Therian, M|273\/299
|switch|p2a: Mr. Buttons|Empoleon, M|75\/308
|-damage|p2a: Mr. Buttons|56\/308|[from] Stealth Rock
|turn|16
|
|move|p1a: Tornadus-Therian|Heat Wave|p2a: Mr. Buttons
|-damage|p2a: Mr. Buttons|0 fnt
|faint|p2a: Mr. Buttons
|
|
|switch|p2a: Charlie|Arcanine, M|384\/384
|-damage|p2a: Charlie|288\/384|[from] Stealth Rock
|-ability|p2a: Charlie|Intimidate|[of] p1a: Tornadus-Therian
|-unboost|p1a: Tornadus-Therian|atk|1
|turn|17
|
|move|p1a: Tornadus-Therian|U-turn|p2a: Charlie
|-resisted|p2a: Charlie
|-damage|p2a: Charlie|264\/384
|
|switch|p1a: Jellicent|Jellicent, M|404\/404
|move|p2a: Charlie|Crunch|p1a: Jellicent
|-supereffective|p1a: Jellicent
|-damage|p1a: Jellicent|79\/404
|-unboost|p1a: Jellicent|def|1
|-damage|p2a: Charlie|226\/384|[from] item: Life Orb
|
|-heal|p1a: Jellicent|104\/404|[from] item: Leftovers
|turn|18
|
|move|p2a: Charlie|Crunch|p1a: Jellicent
|-supereffective|p1a: Jellicent
|-damage|p1a: Jellicent|0 fnt
|-damage|p2a: Charlie|188\/384|[from] item: Life Orb
|faint|p1a: Jellicent
|
|
|switch|p1a: Zangoose|Zangoose, F|287\/287
|turn|19
|
|move|p1a: Zangoose|Quick Attack|p2a: Charlie
|-damage|p2a: Charlie|115\/384
|move|p2a: Charlie|Close Combat|p1a: Zangoose
|-supereffective|p1a: Zangoose
|-damage|p1a: Zangoose|0 fnt
|-unboost|p2a: Charlie|def|1
|-unboost|p2a: Charlie|spd|1
|-damage|p2a: Charlie|77\/384|[from] item: Life Orb
|faint|p1a: Zangoose
|
|
|switch|p1a: Tornadus-Therian|Tornadus-Therian, M|299\/299
|turn|20
|
|move|p2a: Charlie|Extreme Speed|p1a: Tornadus-Therian
|-damage|p1a: Tornadus-Therian|126\/299
|-damage|p2a: Charlie|39\/384|[from] item: Life Orb
|move|p1a: Tornadus-Therian|Knock Off|p2a: Charlie
|-damage|p2a: Charlie|0 fnt
|faint|p2a: Charlie
|
|
|switch|p2a: Bushy|Sceptile, M|184\/282
|-damage|p2a: Bushy|149\/282|[from] Stealth Rock
|turn|21
|
|move|p1a: Tornadus-Therian|Heat Wave|p2a: Bushy
|-crit|p2a: Bushy
|-supereffective|p2a: Bushy
|-damage|p2a: Bushy|0 fnt
|faint|p2a: Bushy
|
|win|pipasonze
|raw|Ladder updating...
|raw|pipasonze's rating: 1083 &rarr; <strong>1114<\/strong><br \/>(+31 for winning)
|raw|Shiesh's rating: 1125 &rarr; <strong>1097<\/strong><br \/>(-28 for losing)
|chat|Shiesh|gg
|chat|pipasonze|gg