|join|pipasonze
|join|Sibiny
|player|p1|pipasonze|120
|player|p2|Sibiny|265
|gametype|singles
|gen|6
|tier|UU
|rated
|clearpoke
|poke|p1|Jellicent, M
|poke|p1|Zangoose, F
|poke|p1|Manectric, M
|poke|p1|Donphan, F
|poke|p1|Tornadus-Therian, M
|poke|p1|Toxicroak, M
|poke|p2|Roserade, M
|poke|p2|Umbreon, M
|poke|p2|Azelf
|poke|p2|Heracross, F
|poke|p2|Forretress, F
|poke|p2|Barbaracle, F
|rule|Sleep Clause Mod: Limit one foe put to sleep
|rule|Species Clause: Limit one of each Pokemon
|rule|OHKO Clause: OHKO moves are banned
|rule|Moody Clause: Moody is banned
|rule|Evasion Moves Clause: Evasion moves are banned
|rule|Endless Battle Clause: Forcing endless battles is banned.
|rule|HP Percentage Mod: HP is reported as percentages
|teampreview
|
|start
|switch|p1a: Manectric|Manectric, M|281\/281
|switch|p2a: Azelf|Azelf|291\/291
|turn|1
|
|-formechange|p1a: Manectric|Manectric-Mega
|message|Manectric has Mega Evolved into Mega Manectric!
|-ability|p1a: Manectric|Intimidate|[of] p2a: Azelf
|-unboost|p2a: Azelf|atk|1
|move|p2a: Azelf|Psychic|p1a: Manectric
|-damage|p1a: Manectric|0 fnt
|faint|p1a: Manectric
|
|
|switch|p1a: Tornadus-Therian|Tornadus-Therian, M|299\/299
|turn|2
|
|switch|p2a: Forretress|Forretress, F|354\/354
|move|p1a: Tornadus-Therian|Knock Off|p2a: Forretress
|-damage|p2a: Forretress|314\/354
|-damage|p1a: Tornadus-Therian|250\/299|[from] item: Rocky Helmet|[of] p2a: Forretress
|-enditem|p2a: Forretress|Rocky Helmet|[from] move: Knock Off|[of] p1a: Tornadus-Therian
|
|turn|3
|
|move|p1a: Tornadus-Therian|Heat Wave|p2a: Forretress
|-supereffective|p2a: Forretress
|-damage|p2a: Forretress|0 fnt
|faint|p2a: Forretress
|
|
|switch|p2a: Azelf|Azelf|291\/291
|turn|4
|
|move|p1a: Tornadus-Therian|Knock Off|p2a: Azelf
|-supereffective|p2a: Azelf
|-damage|p2a: Azelf|75\/291
|-enditem|p2a: Azelf|Choice Specs|[from] move: Knock Off|[of] p1a: Tornadus-Therian
|move|p2a: Azelf|Thunderbolt|p1a: Tornadus-Therian
|-supereffective|p1a: Tornadus-Therian
|-damage|p1a: Tornadus-Therian|110\/299
|
|turn|5
|-message|Sibiny forfeited.
|
|win|pipasonze
|raw|Ladder updating...
|leave|Sibiny
|player|p2
|raw|pipasonze's rating: 1158 &rarr; <strong>1178<\/strong><br \/>(+20 for winning)
|raw|Sibiny's rating: 1090 &rarr; <strong>1071<\/strong><br \/>(-19 for losing)
|chat|pipasonze|252 SpA Choice Specs Azelf Psychic vs. 0 HP \/ 4 SpD Mega Manectric: 256-303 (91.1 - 107.8%) -- 43.8% chance to OHKO