|join|pipasonze
|join|Obladi
|player|p1|pipasonze|193
|player|p2|Obladi|66
|gametype|singles
|gen|6
|tier|UU
|rated
|rule|Sleep Clause Mod: Limit one foe put to sleep
|rule|Species Clause: Limit one of each PokÃ©mon
|rule|OHKO Clause: OHKO moves are banned
|rule|Moody Clause: Moody is banned
|rule|Evasion Moves Clause: Evasion moves are banned
|rule|Endless Battle Clause: Forcing endless battles is banned
|rule|HP Percentage Mod: HP is shown in percentages
|clearpoke
|poke|p1|Umbreon, M
|poke|p1|Cresselia, F
|poke|p1|Ampharos, F
|poke|p1|Crobat, M
|poke|p1|Krookodile, M
|poke|p1|Tentacruel, F
|poke|p2|Crobat, F
|poke|p2|Empoleon, F
|poke|p2|Cresselia, F
|poke|p2|Krookodile, F
|poke|p2|Whimsicott, F
|poke|p2|Entei, shiny
|rule|Swagger Clause: Swagger is banned
|rule|Baton Pass Clause: Limit one PokÃ©mon knowing Baton Pass
|teampreview
|
|start
|switch|p1a: Crobat|Crobat, M|311\/311
|switch|p2a: Whimsicott|Whimsicott, F|262\/262
|turn|1
|
|switch|p2a: Empoleon|Empoleon, F|372\/372
|move|p1a: Crobat|U-turn|p2a: Empoleon
|-resisted|p2a: Empoleon
|-damage|p2a: Empoleon|314\/372
|
|switch|p1a: Krookodile|Krookodile, M|394\/394
|-ability|p1a: Krookodile|Intimidate|[of] p2a: Empoleon
|-unboost|p2a: Empoleon|atk|1
|
|-heal|p2a: Empoleon|337\/372|[from] item: Leftovers
|turn|2
|
|move|p1a: Krookodile|Stealth Rock|p2a: Empoleon
|-sidestart|p2: Obladi|move: Stealth Rock
|move|p2a: Empoleon|Scald|p1a: Krookodile
|-supereffective|p1a: Krookodile
|-damage|p1a: Krookodile|124\/394
|
|-heal|p1a: Krookodile|148\/394|[from] item: Leftovers
|-heal|p2a: Empoleon|360\/372|[from] item: Leftovers
|turn|3
|
|move|p1a: Krookodile|Earthquake|p2a: Empoleon
|-supereffective|p2a: Empoleon
|-damage|p2a: Empoleon|58\/372
|move|p2a: Empoleon|Defog|p1a: Krookodile
|-unboost|p1a: Krookodile|evasion|1
|-sideend|p2: Obladi|Stealth Rock|[from] move: Defog|[of] p2a: Empoleon
|
|-heal|p1a: Krookodile|172\/394|[from] item: Leftovers
|-heal|p2a: Empoleon|81\/372|[from] item: Leftovers
|turn|4
|
|switch|p2a: Whimsicott|Whimsicott, F|262\/262
|move|p1a: Krookodile|Stealth Rock|p2a: Whimsicott
|-sidestart|p2: Obladi|move: Stealth Rock
|
|-heal|p1a: Krookodile|196\/394|[from] item: Leftovers
|turn|5
|
|switch|p2a: Empoleon|Empoleon, F|81\/372
|-damage|p2a: Empoleon|58\/372|[from] Stealth Rock
|switch|p1a: Crobat|Crobat, M|311\/311
|
|-heal|p2a: Empoleon|81\/372|[from] item: Leftovers
|turn|6
|
|move|p1a: Crobat|Brave Bird|p2a: Empoleon
|-resisted|p2a: Empoleon
|-damage|p2a: Empoleon|0 fnt
|-damage|p1a: Crobat|284\/311|[from] recoil|[of] p2a: Empoleon
|faint|p2a: Empoleon
|
|
|switch|p2a: Krookodile|Krookodile, F|331\/331
|-damage|p2a: Krookodile|311\/331|[from] Stealth Rock
|turn|7
|
|switch|p1a: Ampharos|Ampharos, F|384\/384
|move|p2a: Krookodile|Knock Off|p1a: Ampharos
|-damage|p1a: Ampharos|242\/384
|
|turn|8
|
|switch|p2a: Whimsicott|Whimsicott, F|262\/262
|-damage|p2a: Whimsicott|230\/262|[from] Stealth Rock
|detailschange|p1a: Ampharos|Ampharos-Mega, F
|message|Ampharos has Mega Evolved into Mega Ampharos!
|-ability|p1a: Ampharos|Mold Breaker
|move|p1a: Ampharos|Dragon Pulse|p2a: Whimsicott
|-immune|p2a: Whimsicott|[msg]
|
|turn|9
|
|switch|p1a: Tentacruel|Tentacruel, F|360\/360
|move|p2a: Whimsicott|Moonblast|p1a: Tentacruel
|-resisted|p1a: Tentacruel
|-damage|p1a: Tentacruel|289\/360
|-unboost|p1a: Tentacruel|spa|1
|
|-heal|p1a: Tentacruel|311\/360|[from] item: Black Sludge
|turn|10
|
|switch|p2a: Cresselia|Cresselia, F|444\/444
|-damage|p2a: Cresselia|389\/444|[from] Stealth Rock
|move|p1a: Tentacruel|Toxic Spikes|p2a: Cresselia
|-sidestart|p2: Obladi|move: Toxic Spikes
|
|-heal|p1a: Tentacruel|333\/360|[from] item: Black Sludge
|-heal|p2a: Cresselia|416\/444|[from] item: Leftovers
|turn|11
|
|switch|p1a: Krookodile|Krookodile, M|196\/394
|-ability|p1a: Krookodile|Intimidate|[of] p2a: Cresselia
|-unboost|p2a: Cresselia|atk|1
|move|p2a: Cresselia|Substitute|p2a: Cresselia
|-start|p2a: Cresselia|Substitute
|-damage|p2a: Cresselia|305\/444
|
|-heal|p2a: Cresselia|332\/444|[from] item: Leftovers
|-heal|p1a: Krookodile|220\/394|[from] item: Leftovers
|turn|12
|
|move|p2a: Cresselia|Moonblast|p1a: Krookodile
|-supereffective|p1a: Krookodile
|-damage|p1a: Krookodile|64\/394
|move|p1a: Krookodile|Knock Off|p2a: Cresselia
|-supereffective|p2a: Cresselia
|-end|p2a: Cresselia|Substitute
|
|-heal|p2a: Cresselia|359\/444|[from] item: Leftovers
|-heal|p1a: Krookodile|88\/394|[from] item: Leftovers
|turn|13
|
|move|p2a: Cresselia|Moonblast|p1a: Krookodile
|-supereffective|p1a: Krookodile
|-damage|p1a: Krookodile|0 fnt
|faint|p1a: Krookodile
|
|-heal|p2a: Cresselia|386\/444|[from] item: Leftovers
|
|switch|p1a: Crobat|Crobat, M|284\/311
|turn|14
|
|move|p1a: Crobat|U-turn|p2a: Cresselia
|-supereffective|p2a: Cresselia
|-damage|p2a: Cresselia|258\/444
|
|switch|p1a: Cresselia|Cresselia, F|444\/444
|move|p2a: Cresselia|Psyshock|p1a: Cresselia
|-crit|p1a: Cresselia
|-resisted|p1a: Cresselia
|-damage|p1a: Cresselia|405\/444
|
|-heal|p1a: Cresselia|432\/444|[from] item: Leftovers
|-heal|p2a: Cresselia|285\/444|[from] item: Leftovers
|turn|15
|
|move|p1a: Cresselia|Substitute|p1a: Cresselia
|-start|p1a: Cresselia|Substitute
|-damage|p1a: Cresselia|321\/444
|move|p2a: Cresselia|Substitute|p2a: Cresselia
|-start|p2a: Cresselia|Substitute
|-damage|p2a: Cresselia|174\/444
|
|-heal|p1a: Cresselia|348\/444|[from] item: Leftovers
|-heal|p2a: Cresselia|201\/444|[from] item: Leftovers
|turn|16
|
|move|p1a: Cresselia|Calm Mind|p1a: Cresselia
|-boost|p1a: Cresselia|spa|1
|-boost|p1a: Cresselia|spd|1
|move|p2a: Cresselia|Calm Mind|p2a: Cresselia
|-boost|p2a: Cresselia|spa|1
|-boost|p2a: Cresselia|spd|1
|
|-heal|p1a: Cresselia|375\/444|[from] item: Leftovers
|-heal|p2a: Cresselia|228\/444|[from] item: Leftovers
|turn|17
|
|move|p1a: Cresselia|Calm Mind|p1a: Cresselia
|-boost|p1a: Cresselia|spa|1
|-boost|p1a: Cresselia|spd|1
|move|p2a: Cresselia|Calm Mind|p2a: Cresselia
|-boost|p2a: Cresselia|spa|1
|-boost|p2a: Cresselia|spd|1
|
|-heal|p1a: Cresselia|402\/444|[from] item: Leftovers
|-heal|p2a: Cresselia|255\/444|[from] item: Leftovers
|turn|18
|
|move|p1a: Cresselia|Calm Mind|p1a: Cresselia
|-boost|p1a: Cresselia|spa|1
|-boost|p1a: Cresselia|spd|1
|move|p2a: Cresselia|Calm Mind|p2a: Cresselia
|-boost|p2a: Cresselia|spa|1
|-boost|p2a: Cresselia|spd|1
|
|-heal|p1a: Cresselia|429\/444|[from] item: Leftovers
|-heal|p2a: Cresselia|282\/444|[from] item: Leftovers
|turn|19
|
|move|p1a: Cresselia|Calm Mind|p1a: Cresselia
|-boost|p1a: Cresselia|spa|1
|-boost|p1a: Cresselia|spd|1
|move|p2a: Cresselia|Calm Mind|p2a: Cresselia
|-boost|p2a: Cresselia|spa|1
|-boost|p2a: Cresselia|spd|1
|
|-heal|p1a: Cresselia|444\/444|[from] item: Leftovers
|-heal|p2a: Cresselia|309\/444|[from] item: Leftovers
|turn|20
|
|move|p1a: Cresselia|Calm Mind|p1a: Cresselia
|-boost|p1a: Cresselia|spa|1
|-boost|p1a: Cresselia|spd|1
|move|p2a: Cresselia|Calm Mind|p2a: Cresselia
|-boost|p2a: Cresselia|spa|1
|-boost|p2a: Cresselia|spd|1
|
|-heal|p2a: Cresselia|336\/444|[from] item: Leftovers
|turn|21
|
|move|p1a: Cresselia|Calm Mind|p1a: Cresselia
|-boost|p1a: Cresselia|spa|1
|-boost|p1a: Cresselia|spd|1
|move|p2a: Cresselia|Calm Mind|p2a: Cresselia
|-boost|p2a: Cresselia|spa|1
|-boost|p2a: Cresselia|spd|1
|
|-heal|p2a: Cresselia|363\/444|[from] item: Leftovers
|turn|22
|
|move|p1a: Cresselia|Psyshock|p2a: Cresselia
|-resisted|p2a: Cresselia
|-activate|p2a: Cresselia|Substitute|[damage]
|move|p2a: Cresselia|Psyshock|p1a: Cresselia
|-resisted|p1a: Cresselia
|-activate|p1a: Cresselia|Substitute|[damage]
|
|-heal|p2a: Cresselia|390\/444|[from] item: Leftovers
|turn|23
|
|move|p1a: Cresselia|Psyshock|p2a: Cresselia
|-resisted|p2a: Cresselia
|-end|p2a: Cresselia|Substitute
|move|p2a: Cresselia|Psyshock|p1a: Cresselia
|-crit|p1a: Cresselia
|-resisted|p1a: Cresselia
|-end|p1a: Cresselia|Substitute
|
|-heal|p2a: Cresselia|417\/444|[from] item: Leftovers
|turn|24
|
|move|p1a: Cresselia|Substitute|p1a: Cresselia
|-start|p1a: Cresselia|Substitute
|-damage|p1a: Cresselia|333\/444
|move|p2a: Cresselia|Psyshock|p1a: Cresselia
|-resisted|p1a: Cresselia
|-activate|p1a: Cresselia|Substitute|[damage]
|
|-heal|p1a: Cresselia|360\/444|[from] item: Leftovers
|-heal|p2a: Cresselia|444\/444|[from] item: Leftovers
|turn|25
|
|move|p1a: Cresselia|Psyshock|p2a: Cresselia
|-resisted|p2a: Cresselia
|-damage|p2a: Cresselia|333\/444
|move|p2a: Cresselia|Psyshock|p1a: Cresselia
|-resisted|p1a: Cresselia
|-end|p1a: Cresselia|Substitute
|
|-heal|p1a: Cresselia|387\/444|[from] item: Leftovers
|-heal|p2a: Cresselia|360\/444|[from] item: Leftovers
|turn|26
|
|move|p1a: Cresselia|Psyshock|p2a: Cresselia
|-resisted|p2a: Cresselia
|-damage|p2a: Cresselia|252\/444
|move|p2a: Cresselia|Psyshock|p1a: Cresselia
|-resisted|p1a: Cresselia
|-damage|p1a: Cresselia|276\/444
|
|-heal|p1a: Cresselia|303\/444|[from] item: Leftovers
|-heal|p2a: Cresselia|279\/444|[from] item: Leftovers
|turn|27
|
|move|p1a: Cresselia|Psyshock|p2a: Cresselia
|-resisted|p2a: Cresselia
|-damage|p2a: Cresselia|169\/444
|move|p2a: Cresselia|Psyshock|p1a: Cresselia
|-resisted|p1a: Cresselia
|-damage|p1a: Cresselia|193\/444
|
|-heal|p1a: Cresselia|220\/444|[from] item: Leftovers
|-heal|p2a: Cresselia|196\/444|[from] item: Leftovers
|turn|28
|
|move|p1a: Cresselia|Psyshock|p2a: Cresselia
|-resisted|p2a: Cresselia
|-damage|p2a: Cresselia|91\/444
|move|p2a: Cresselia|Psyshock|p1a: Cresselia
|-resisted|p1a: Cresselia
|-damage|p1a: Cresselia|109\/444
|
|-heal|p1a: Cresselia|136\/444|[from] item: Leftovers
|-heal|p2a: Cresselia|118\/444|[from] item: Leftovers
|turn|29
|
|move|p1a: Cresselia|Psyshock|p2a: Cresselia
|-resisted|p2a: Cresselia
|-damage|p2a: Cresselia|13\/444
|move|p2a: Cresselia|Psyshock|p1a: Cresselia
|-resisted|p1a: Cresselia
|-damage|p1a: Cresselia|24\/444
|
|-heal|p1a: Cresselia|51\/444|[from] item: Leftovers
|-heal|p2a: Cresselia|40\/444|[from] item: Leftovers
|turn|30
|
|move|p1a: Cresselia|Psyshock|p2a: Cresselia
|-resisted|p2a: Cresselia
|-damage|p2a: Cresselia|0 fnt
|faint|p2a: Cresselia
|
|-heal|p1a: Cresselia|78\/444|[from] item: Leftovers
|
|switch|p2a: Crobat|Crobat, F|373\/373
|-damage|p2a: Crobat|280\/373|[from] Stealth Rock
|turn|31
|
|move|p2a: Crobat|Brave Bird|p1a: Cresselia
|-damage|p1a: Cresselia|0 fnt
|-damage|p2a: Crobat|254\/373|[from] recoil|[of] p1a: Cresselia
|faint|p1a: Cresselia
|
|-heal|p2a: Crobat|277\/373|[from] item: Black Sludge
|
|switch|p1a: Tentacruel|Tentacruel, F|333\/360
|turn|32
|
|move|p2a: Crobat|Brave Bird|p1a: Tentacruel
|-damage|p1a: Tentacruel|203\/360
|-damage|p2a: Crobat|234\/373|[from] recoil|[of] p1a: Tentacruel
|move|p1a: Tentacruel|Scald|p2a: Crobat
|-damage|p2a: Crobat|132\/373
|
|-heal|p2a: Crobat|155\/373|[from] item: Black Sludge
|-heal|p1a: Tentacruel|225\/360|[from] item: Black Sludge
|turn|33
|
|move|p2a: Crobat|Brave Bird|p1a: Tentacruel
|-damage|p1a: Tentacruel|84\/360
|-damage|p2a: Crobat|108\/373|[from] recoil|[of] p1a: Tentacruel
|move|p1a: Tentacruel|Scald|p2a: Crobat
|-damage|p2a: Crobat|17\/373
|
|-heal|p2a: Crobat|40\/373|[from] item: Black Sludge
|-heal|p1a: Tentacruel|106\/360|[from] item: Black Sludge
|turn|34
|
|move|p2a: Crobat|Roost|p2a: Crobat
|-heal|p2a: Crobat|227\/373
|move|p1a: Tentacruel|Scald|p2a: Crobat
|-damage|p2a: Crobat|131\/373
|
|-heal|p2a: Crobat|154\/373|[from] item: Black Sludge
|-heal|p1a: Tentacruel|128\/360|[from] item: Black Sludge
|turn|35
|
|move|p2a: Crobat|Brave Bird|p1a: Tentacruel
|-damage|p1a: Tentacruel|0 fnt
|-damage|p2a: Crobat|112\/373|[from] recoil|[of] p1a: Tentacruel
|faint|p1a: Tentacruel
|
|-heal|p2a: Crobat|135\/373|[from] item: Black Sludge
|
|switch|p1a: Crobat|Crobat, M|284\/311
|turn|36
|
|move|p1a: Crobat|Brave Bird|p2a: Crobat
|-damage|p2a: Crobat|0 fnt
|-damage|p1a: Crobat|239\/311|[from] recoil|[of] p2a: Crobat
|faint|p2a: Crobat
|
|
|switch|p2a: Krookodile|Krookodile, F|311\/331
|-status|p2a: Krookodile|psn
|-damage|p2a: Krookodile|291\/331 psn|[from] Stealth Rock
|turn|37
|
|move|p2a: Krookodile|Pursuit|p1a: Crobat|[from]Pursuit
|-damage|p1a: Crobat|53\/311
|switch|p1a: Umbreon|Umbreon, M|394\/394
|
|-damage|p2a: Krookodile|250\/331 psn|[from] psn
|turn|38
|
|switch|p2a: Whimsicott|Whimsicott, F|230\/262
|-damage|p2a: Whimsicott|198\/262|[from] Stealth Rock
|-status|p2a: Whimsicott|psn
|move|p1a: Umbreon|Wish|p1a: Umbreon
|
|-damage|p2a: Whimsicott|166\/262 psn|[from] psn
|turn|39
|
|move|p2a: Whimsicott|Moonblast|p1a: Umbreon
|-supereffective|p1a: Umbreon
|-damage|p1a: Umbreon|184\/394
|move|p1a: Umbreon|Foul Play|p2a: Whimsicott
|-resisted|p2a: Whimsicott
|-damage|p2a: Whimsicott|125\/262 psn
|
|-heal|p1a: Umbreon|381\/394|[from] move: Wish|[wisher] Umbreon
|-heal|p1a: Umbreon|394\/394|[from] item: Leftovers
|-damage|p2a: Whimsicott|93\/262 psn|[from] psn
|turn|40
|
|move|p1a: Umbreon|Protect|p1a: Umbreon
|-singleturn|p1a: Umbreon|Protect
|move|p2a: Whimsicott|Moonblast|p1a: Umbreon
|-activate|p1a: Umbreon|Protect
|
|-damage|p2a: Whimsicott|61\/262 psn|[from] psn
|turn|41
|
|move|p2a: Whimsicott|Moonblast|p1a: Umbreon
|-supereffective|p1a: Umbreon
|-damage|p1a: Umbreon|190\/394
|move|p1a: Umbreon|Wish|p1a: Umbreon
|
|-heal|p1a: Umbreon|214\/394|[from] item: Leftovers
|-damage|p2a: Whimsicott|29\/262 psn|[from] psn
|turn|42
|
|move|p1a: Umbreon|Protect|p1a: Umbreon
|-singleturn|p1a: Umbreon|Protect
|move|p2a: Whimsicott|Moonblast|p1a: Umbreon
|-activate|p1a: Umbreon|Protect
|
|-heal|p1a: Umbreon|394\/394|[from] move: Wish|[wisher] Umbreon
|-damage|p2a: Whimsicott|0 fnt|[from] psn
|faint|p2a: Whimsicott
|
|switch|p2a: Entei|Entei, shiny|371\/371
|-status|p2a: Entei|psn
|-damage|p2a: Entei|279\/371 psn|[from] Stealth Rock
|-ability|p2a: Entei|Pressure
|turn|43
|
|move|p1a: Umbreon|Protect|p1a: Umbreon
|-fail|p1a: Umbreon
|move|p2a: Entei|Sacred Fire|p1a: Umbreon
|-damage|p1a: Umbreon|139\/394
|-status|p1a: Umbreon|brn
|
|-heal|p1a: Umbreon|163\/394 brn|[from] item: Leftovers
|-damage|p2a: Entei|233\/371 psn|[from] psn
|-damage|p1a: Umbreon|114\/394 brn|[from] brn
|turn|44
|
|move|p1a: Umbreon|Protect|p1a: Umbreon
|-singleturn|p1a: Umbreon|Protect
|move|p2a: Entei|Sacred Fire|p1a: Umbreon
|-activate|p1a: Umbreon|Protect
|
|-heal|p1a: Umbreon|138\/394 brn|[from] item: Leftovers
|-damage|p2a: Entei|187\/371 psn|[from] psn
|-damage|p1a: Umbreon|89\/394 brn|[from] brn
|turn|45
|
|move|p2a: Entei|Sacred Fire|p1a: Umbreon
|-damage|p1a: Umbreon|0 fnt
|faint|p1a: Umbreon
|
|-damage|p2a: Entei|141\/371 psn|[from] psn
|
|switch|p1a: Crobat|Crobat, M|53\/311
|turn|46
|
|move|p1a: Crobat|Brave Bird|p2a: Entei
|-damage|p2a: Entei|0 fnt
|-damage|p1a: Crobat|6\/311|[from] recoil|[of] p2a: Entei
|faint|p2a: Entei
|
|
|switch|p2a: Krookodile|Krookodile, F|250\/331 psn
|-damage|p2a: Krookodile|230\/331 psn|[from] Stealth Rock
|turn|47
|
|move|p2a: Krookodile|Knock Off|p1a: Crobat
|-damage|p1a: Crobat|0 fnt
|-enditem|p1a: Crobat|Choice Band|[from] move: Knock Off|[of] p2a: Krookodile
|faint|p1a: Crobat
|-boost|p2a: Krookodile|atk|1|[from] ability: Moxie
|
|-damage|p2a: Krookodile|189\/331 psn|[from] psn
|
|switch|p1a: Ampharos|Ampharos-Mega, F|242\/384
|-ability|p1a: Ampharos|Mold Breaker
|turn|48
|
|move|p2a: Krookodile|Knock Off|p1a: Ampharos
|-damage|p1a: Ampharos|65\/384
|move|p1a: Ampharos|Dragon Pulse|p2a: Krookodile
|-damage|p2a: Krookodile|0 fnt
|faint|p2a: Krookodile
|
|win|pipasonze
|raw|Ladder updating...
|c|âObladi|gg
|raw|pipasonze's rating: 1589 &rarr; <strong>1612<\/strong><br \/>(+23 for winning)
|raw|Obladi's rating: 1635 &rarr; <strong>1612<\/strong><br \/>(-23 for losing)
|leave|Obladi
|player|p2
|c|âpipasonze|GG