|join|pipasonze
|join|muffin101
|player|p1|pipasonze|193
|player|p2|muffin101|76
|gametype|singles
|gen|6
|tier|UU
|rule|Sleep Clause Mod: Limit one foe put to sleep
|rule|Species Clause: Limit one of each PokÃ©mon
|rule|OHKO Clause: OHKO moves are banned
|rule|Moody Clause: Moody is banned
|rule|Evasion Moves Clause: Evasion moves are banned
|rule|Endless Battle Clause: Forcing endless battles is banned
|rule|HP Percentage Mod: HP is shown in percentages
|clearpoke
|poke|p1|Slowking, M
|poke|p1|Aerodactyl, F
|poke|p1|Forretress, M
|poke|p1|Shaymin
|poke|p1|Mienshao, M
|poke|p1|Krookodile, F
|poke|p2|Blastoise, M
|poke|p2|Galvantula, M
|poke|p2|Honchkrow, M, shiny
|poke|p2|Sableye, M
|poke|p2|Vaporeon, F
|poke|p2|Trevenant, F, shiny
|rule|Swagger Clause: Swagger is banned
|rule|Baton Pass Clause: Limit one PokÃ©mon knowing Baton Pass
|teampreview
|c|âpipasonze|gl
|
|start
|switch|p1a: Mienshao|Mienshao, M|271\/271
|switch|p2a: spidey|Galvantula, M|281\/281
|turn|1
|
|move|p1a: Mienshao|Fake Out|p2a: spidey
|-damage|p2a: spidey|186\/281
|-damage|p1a: Mienshao|244\/271|[from] item: Life Orb
|cant|p2a: spidey|flinch
|
|turn|2
|
|switch|p1a: Forretress|Forretress, M|354\/354
|move|p2a: spidey|Sticky Web|p1a: Forretress
|-sidestart|p1: pipasonze|move: Sticky Web
|
|turn|3
|
|switch|p2a: Abe Lincoln's Pet|Honchkrow, M, shiny|372\/372
|move|p1a: Forretress|Stealth Rock|p2a: Abe Lincoln's Pet
|-sidestart|p2: muffin101|move: Stealth Rock
|
|turn|4
|
|move|p2a: Abe Lincoln's Pet|Brave Bird|p1a: Forretress
|-damage|p1a: Forretress|167\/354
|-damage|p2a: Abe Lincoln's Pet|310\/372|[from] recoil|[of] p1a: Forretress
|-damage|p2a: Abe Lincoln's Pet|273\/372|[from] item: Life Orb
|move|p1a: Forretress|Volt Switch|p2a: Abe Lincoln's Pet
|-supereffective|p2a: Abe Lincoln's Pet
|-damage|p2a: Abe Lincoln's Pet|145\/372
|
|switch|p1a: Mienshao|Mienshao, M|271\/271
|-activate|p1a: Mienshao|move: Sticky Web
|-unboost|p1a: Mienshao|spe|1
|
|turn|5
|
|switch|p2a: The Haxmaster|Sableye, M|304\/304
|-damage|p2a: The Haxmaster|266\/304|[from] Stealth Rock
|move|p1a: Mienshao|Fake Out|p2a: The Haxmaster
|-immune|p2a: The Haxmaster|[msg]
|
|-heal|p2a: The Haxmaster|285\/304|[from] item: Leftovers
|turn|6
|
|switch|p1a: Slowking|Slowking, M|393\/393
|-activate|p1a: Slowking|move: Sticky Web
|-unboost|p1a: Slowking|spe|1
|move|p2a: The Haxmaster|Will-O-Wisp|p1a: Slowking
|-status|p1a: Slowking|brn
|
|-heal|p2a: The Haxmaster|304\/304|[from] item: Leftovers
|-damage|p1a: Slowking|344\/393 brn|[from] brn
|turn|7
|
|move|p2a: The Haxmaster|Confuse Ray|p1a: Slowking
|-start|p1a: Slowking|confusion
|-activate|p1a: Slowking|confusion
|-damage|p1a: Slowking|330\/393 brn|[from] confusion
|
|-damage|p1a: Slowking|281\/393 brn|[from] brn
|turn|8
|
|move|p2a: The Haxmaster|Knock Off|p1a: Slowking
|-crit|p1a: Slowking
|-supereffective|p1a: Slowking
|-damage|p1a: Slowking|0 fnt
|-enditem|p1a: Slowking|Assault Vest|[from] move: Knock Off|[of] p2a: The Haxmaster
|faint|p1a: Slowking
|
|c|âpipasonze|it really seems to be the hax master
|
|switch|p1a: Shaymin|Shaymin|341\/341
|-activate|p1a: Shaymin|move: Sticky Web
|-unboost|p1a: Shaymin|spe|1
|turn|9
|
|move|p2a: The Haxmaster|Confuse Ray|p1a: Shaymin
|-start|p1a: Shaymin|confusion
|-activate|p1a: Shaymin|confusion
|move|p1a: Shaymin|Seed Flare|p2a: The Haxmaster|[miss]
|-miss|p1a: Shaymin|p2a: The Haxmaster
|
|turn|10
|c|âmuffin101|IM SO HXY
|c|âmuffin101|JUST SO U KNOW
|c|âmuffin101|I HAX U ALL DAY
|c|âmuffin101|FROM LA TO TOXYO
|c|âmuffin101|lol
|
|-end|p1a: Shaymin|confusion
|move|p1a: Shaymin|Seed Flare|p2a: The Haxmaster
|-damage|p2a: The Haxmaster|88\/304
|-unboost|p2a: The Haxmaster|spd|2
|-damage|p1a: Shaymin|307\/341|[from] item: Life Orb
|move|p2a: The Haxmaster|Knock Off|p1a: Shaymin
|-damage|p1a: Shaymin|220\/341
|-enditem|p1a: Shaymin|Life Orb|[from] move: Knock Off|[of] p2a: The Haxmaster
|
|-heal|p2a: The Haxmaster|107\/304|[from] item: Leftovers
|turn|11
|c|âpipasonze|please shut up
|
|switch|p2a: boo|Trevenant, F, shiny|374\/374
|-damage|p2a: boo|328\/374|[from] Stealth Rock
|move|p1a: Shaymin|Dazzling Gleam|p2a: boo
|-damage|p2a: boo|254\/374
|
|turn|12
|
|switch|p1a: Aerodactyl|Aerodactyl, F|331\/331
|-ability|p1a: Aerodactyl|Pressure
|move|p2a: boo|Toxic|p1a: Aerodactyl
|-status|p1a: Aerodactyl|tox
|
|-damage|p1a: Aerodactyl|311\/331 tox|[from] psn
|turn|13
|
|detailschange|p1a: Aerodactyl|Aerodactyl-Mega, F
|message|Aerodactyl has Mega Evolved into Mega Aerodactyl!
|move|p1a: Aerodactyl|Aerial Ace|p2a: boo
|-supereffective|p2a: boo
|-damage|p2a: boo|0 fnt
|faint|p2a: boo
|
|-damage|p1a: Aerodactyl|271\/331 tox|[from] psn
|
|switch|p2a: DERPDERPDERP|Vaporeon, F|429\/429
|-damage|p2a: DERPDERPDERP|376\/429|[from] Stealth Rock
|turn|14
|
|switch|p1a: Shaymin|Shaymin|220\/341
|-activate|p1a: Shaymin|move: Sticky Web
|-unboost|p1a: Shaymin|spe|1
|move|p2a: DERPDERPDERP|Rain Dance|p2a: DERPDERPDERP
|-weather|RainDance
|
|-weather|RainDance|[upkeep]
|turn|15
|
|move|p1a: Shaymin|Seed Flare|p2a: DERPDERPDERP
|-supereffective|p2a: DERPDERPDERP
|-damage|p2a: DERPDERPDERP|0 fnt
|faint|p2a: DERPDERPDERP
|
|-weather|RainDance|[upkeep]
|leave|muffin101
|player|p2
|-message|Player 2 lost due to inactivity.
|
|win|pipasonze