|join|subzeromkx
|join|Maeckes
|player|p1|subzeromkx|20
|player|p2|Maeckes|251
|gametype|singles
|gen|6
|tier|OU
|rated
|clearpoke
|poke|p1|Celebi
|poke|p1|Gardevoir, F
|poke|p1|Bisharp, F
|poke|p1|Azumarill, M
|poke|p1|Latias, F
|poke|p1|Garchomp, M
|poke|p2|Terrakion
|poke|p2|Tornadus-Therian, M
|poke|p2|Charizard, F
|poke|p2|Ferrothorn, F
|poke|p2|Latios, M
|poke|p2|Slowbro, F
|rule|Swagger Clause: Swagger is banned
|rule|Baton Pass Clause: Limit one PokÃ©mon knowing Baton Pass
|rule|Sleep Clause Mod: Limit one foe put to sleep
|rule|Species Clause: Limit one of each PokÃ©mon
|rule|OHKO Clause: OHKO moves are banned
|rule|Moody Clause: Moody is banned
|rule|Evasion Moves Clause: Evasion moves are banned
|rule|Endless Battle Clause: Forcing endless battles is banned
|rule|HP Percentage Mod: HP is shown in percentages
|teampreview
|
|start
|switch|p1a: Gardevoir|Gardevoir, F|314\/314
|switch|p2a: Terrakion|Terrakion|323\/323
|-ability|p1a: Gardevoir|Justified|[from] ability: Trace|[of] p2a: Terrakion
|turn|1
|
|detailschange|p1a: Gardevoir|Gardevoir-Mega, F
|-mega|p1a: Gardevoir|Gardevoir|Gardevoirite
|move|p2a: Terrakion|Iron Head|p1a: Gardevoir
|-supereffective|p1a: Gardevoir
|-damage|p1a: Gardevoir|0 fnt
|faint|p1a: Gardevoir
|
|
|switch|p1a: Bisharp|Bisharp, F|272\/272
|turn|2
|
|switch|p2a: Charizard|Charizard, F|359\/359
|move|p1a: Bisharp|Swords Dance|p1a: Bisharp
|-boost|p1a: Bisharp|atk|2
|
|turn|3
|
|switch|p1a: Latias|Latias, F|319\/319
|detailschange|p2a: Charizard|Charizard-Mega-X, F
|-mega|p2a: Charizard|Charizard|Charizardite X
|move|p2a: Charizard|Will-O-Wisp|p1a: Latias
|-status|p1a: Latias|brn
|
|-damage|p1a: Latias|280\/319 brn|[from] brn
|turn|4
|
|switch|p1a: Kisame|Garchomp, M|420\/420
|switch|p2a: Tornadus-Therian|Tornadus-Therian, M|348\/348
|
|turn|5
|
|move|p2a: Tornadus-Therian|Knock Off|p1a: Kisame
|-damage|p1a: Kisame|365\/420
|-damage|p2a: Tornadus-Therian|305\/348|[from] ability: Rough Skin|[of] p1a: Kisame
|-damage|p2a: Tornadus-Therian|247\/348|[from] item: Rocky Helmet|[of] p1a: Kisame
|-enditem|p1a: Kisame|Rocky Helmet|[from] move: Knock Off|[of] p2a: Tornadus-Therian
|move|p1a: Kisame|Stealth Rock|p2a: Tornadus-Therian
|-sidestart|p2: Maeckes|move: Stealth Rock
|
|turn|6
|
|switch|p1a: Azumarill|Azumarill, M|363\/363
|move|p2a: Tornadus-Therian|Air Slash|p1a: Azumarill
|-damage|p1a: Azumarill|243\/363
|
|turn|7
|
|move|p2a: Tornadus-Therian|U-turn|p1a: Azumarill
|-resisted|p1a: Azumarill
|-damage|p1a: Azumarill|207\/363
|
|switch|p2a: Slowbro|Slowbro, F|394\/394
|-damage|p2a: Slowbro|345\/394|[from] Stealth Rock
|move|p1a: Azumarill|Play Rough|p2a: Slowbro
|-damage|p2a: Slowbro|150\/394
|
|-heal|p2a: Slowbro|174\/394|[from] item: Leftovers
|turn|8
|
|switch|p1a: Bisharp|Bisharp, F|272\/272
|switch|p2a: Ferrothorn|Ferrothorn, F|352\/352
|-damage|p2a: Ferrothorn|330\/352|[from] Stealth Rock
|
|-heal|p2a: Ferrothorn|352\/352|[from] item: Leftovers
|turn|9
|
|switch|p2a: Charizard|Charizard-Mega-X, F|359\/359
|-damage|p2a: Charizard|270\/359|[from] Stealth Rock
|move|p1a: Bisharp|Swords Dance|p1a: Bisharp
|-boost|p1a: Bisharp|atk|2
|
|turn|10
|
|move|p2a: Charizard|Will-O-Wisp|p1a: Bisharp
|-status|p1a: Bisharp|brn
|move|p1a: Bisharp|Knock Off|p2a: Charizard
|-damage|p2a: Charizard|122\/359
|-damage|p1a: Bisharp|245\/272 brn|[from] item: Life Orb
|
|-damage|p1a: Bisharp|211\/272 brn|[from] brn
|turn|11
|
|move|p2a: Charizard|Roost|p2a: Charizard
|-heal|p2a: Charizard|302\/359
|move|p1a: Bisharp|Swords Dance|p1a: Bisharp
|-boost|p1a: Bisharp|atk|2
|
|-damage|p1a: Bisharp|177\/272 brn|[from] brn
|turn|12
|
|switch|p2a: Ferrothorn|Ferrothorn, F|352\/352
|-damage|p2a: Ferrothorn|330\/352|[from] Stealth Rock
|move|p1a: Bisharp|Sucker Punch|p2a: Ferrothorn
|-fail|p2a: Ferrothorn
|
|-heal|p2a: Ferrothorn|352\/352|[from] item: Leftovers
|-damage|p1a: Bisharp|143\/272 brn|[from] brn
|turn|13
|
|move|p1a: Bisharp|Knock Off|p2a: Ferrothorn
|-damage|p2a: Ferrothorn|148\/352
|-damage|p1a: Bisharp|109\/272 brn|[from] ability: Iron Barbs|[of] p2a: Ferrothorn
|-enditem|p2a: Ferrothorn|Leftovers|[from] move: Knock Off|[of] p1a: Bisharp
|-damage|p1a: Bisharp|82\/272 brn|[from] item: Life Orb
|move|p2a: Ferrothorn|Stealth Rock|p1a: Bisharp
|-sidestart|p1: subzeromkx|move: Stealth Rock
|
|-damage|p1a: Bisharp|48\/272 brn|[from] brn
|turn|14
|-message|subzeromkx forfeited.
|
|win|Maeckes
|raw|Ladder updating...
|leave|subzeromkx
|player|p1
|raw|subzeromkx's rating: 1784 &rarr; <strong>1753<\/strong><br \/>(-31 for losing)
|raw|Maeckes's rating: 1579 &rarr; <strong>1610<\/strong><br \/>(+31 for winning)