|join|Adri989898
|join|Magalli Presidente
|player|p1|Adri989898|99
|player|p2|Magalli Presidente|102
|gametype|singles
|gen|6
|tier|OU
|rated
|clearpoke
|poke|p1|Metagross, shiny
|poke|p1|Zapdos
|poke|p1|Manaphy
|poke|p1|Heatran, F
|poke|p1|Ferrothorn, F
|poke|p1|Landorus-Therian, M
|poke|p2|Scizor, M
|poke|p2|Dugtrio, M
|poke|p2|Celebi
|poke|p2|Heatran, M
|poke|p2|Talonflame, M
|poke|p2|Keldeo-Resolute
|rule|Swagger Clause: Swagger is banned
|rule|Baton Pass Clause: Limit one PokÃ©mon knowing Baton Pass
|rule|Sleep Clause Mod: Limit one foe put to sleep
|rule|Species Clause: Limit one of each PokÃ©mon
|rule|OHKO Clause: OHKO moves are banned
|rule|Moody Clause: Moody is banned
|rule|Evasion Moves Clause: Evasion moves are banned
|rule|Endless Battle Clause: Forcing endless battles is banned
|rule|HP Percentage Mod: HP is shown in percentages
|teampreview
|
|start
|switch|p1a: Landorus-Therian|Landorus-Therian, M|320\/320
|switch|p2a: Scizor|Scizor, M|343\/343
|-ability|p1a: Landorus-Therian|Intimidate|[of] p2a: Scizor
|-unboost|p2a: Scizor|atk|1
|turn|1
|
|detailschange|p2a: Scizor|Scizor-Mega, M
|-mega|p2a: Scizor|Scizor|Scizorite
|move|p1a: Landorus-Therian|U-turn|p2a: Scizor
|-resisted|p2a: Scizor
|-damage|p2a: Scizor|317\/343
|
|switch|p1a: Zapdos|Zapdos|384\/384
|-ability|p1a: Zapdos|Pressure
|move|p2a: Scizor|U-turn|p1a: Zapdos
|-resisted|p1a: Zapdos
|-damage|p1a: Zapdos|352\/384
|
|switch|p2a: Heatran|Heatran, M|385\/385
|
|-heal|p1a: Zapdos|376\/384|[from] item: Leftovers
|turn|2
|
|switch|p1a: Manaphy|Manaphy|341\/341
|move|p2a: Heatran|Stealth Rock|p1a: Manaphy
|-sidestart|p1: Adri989898|move: Stealth Rock
|
|turn|3
|
|switch|p2a: Celebi|Celebi|403\/403
|move|p1a: Manaphy|Tail Glow|p1a: Manaphy
|-boost|p1a: Manaphy|spa|3
|
|turn|4
|
|move|p1a: Manaphy|Ice Beam|p2a: Celebi
|-supereffective|p2a: Celebi
|-damage|p2a: Celebi|73\/403
|move|p2a: Celebi|Giga Drain|p1a: Manaphy
|-supereffective|p1a: Manaphy
|-damage|p1a: Manaphy|149\/341
|-heal|p2a: Celebi|169\/403|[from] drain|[of] p1a: Manaphy
|
|-heal|p1a: Manaphy|170\/341|[from] item: Leftovers
|-heal|p2a: Celebi|194\/403|[from] item: Leftovers
|turn|5
|
|switch|p2a: Keldeo-Resolute|Keldeo-Resolute|323\/323
|move|p1a: Manaphy|Ice Beam|p2a: Keldeo-Resolute
|-resisted|p2a: Keldeo-Resolute
|-damage|p2a: Keldeo-Resolute|199\/323
|
|-heal|p1a: Manaphy|191\/341|[from] item: Leftovers
|turn|6
|
|move|p2a: Keldeo-Resolute|Secret Sword|p1a: Manaphy
|-damage|p1a: Manaphy|32\/341
|move|p1a: Manaphy|Energy Ball|p2a: Keldeo-Resolute
|-supereffective|p2a: Keldeo-Resolute
|-damage|p2a: Keldeo-Resolute|0 fnt
|faint|p2a: Keldeo-Resolute
|
|-heal|p1a: Manaphy|53\/341|[from] item: Leftovers
|
|switch|p2a: Dugtrio|Dugtrio, M|211\/211
|turn|7
|
|move|p2a: Dugtrio|Earthquake|p1a: Manaphy
|-damage|p1a: Manaphy|0 fnt
|faint|p1a: Manaphy
|
|
|switch|p1a: Ferrothorn|Ferrothorn, F|352\/352
|-damage|p1a: Ferrothorn|330\/352|[from] Stealth Rock
|turn|8
|
|switch|p2a: Heatran|Heatran, M|385\/385
|move|p1a: Ferrothorn|Stealth Rock|p2a: Heatran
|-sidestart|p2: Magalli Presidente|move: Stealth Rock
|
|-heal|p1a: Ferrothorn|352\/352|[from] item: Leftovers
|turn|9
|
|switch|p1a: Heatran|Heatran, F|386\/386
|-damage|p1a: Heatran|338\/386|[from] Stealth Rock
|move|p2a: Heatran|Lava Plume|p1a: Heatran
|-start|p1a: Heatran|ability: Flash Fire
|
|-heal|p1a: Heatran|362\/386|[from] item: Leftovers
|turn|10
|
|switch|p2a: Celebi|Celebi|194\/403
|-damage|p2a: Celebi|144\/403|[from] Stealth Rock
|move|p1a: Heatran|Earth Power|p2a: Celebi
|-resisted|p2a: Celebi
|-damage|p2a: Celebi|109\/403
|
|-heal|p2a: Celebi|134\/403|[from] item: Leftovers
|-heal|p1a: Heatran|386\/386|[from] item: Leftovers
|turn|11
|
|move|p2a: Celebi|Recover|p2a: Celebi
|-heal|p2a: Celebi|336\/403
|move|p1a: Heatran|Lava Plume|p2a: Celebi
|-supereffective|p2a: Celebi
|-damage|p2a: Celebi|64\/403
|
|-heal|p2a: Celebi|89\/403|[from] item: Leftovers
|turn|12
|
|move|p2a: Celebi|Recover|p2a: Celebi
|-heal|p2a: Celebi|291\/403
|move|p1a: Heatran|Lava Plume|p2a: Celebi
|-supereffective|p2a: Celebi
|-damage|p2a: Celebi|13\/403
|
|-heal|p2a: Celebi|38\/403|[from] item: Leftovers
|turn|13
|
|move|p2a: Celebi|Giga Drain|p1a: Heatran
|-resisted|p1a: Heatran
|-damage|p1a: Heatran|370\/386
|-heal|p2a: Celebi|46\/403|[from] drain|[of] p1a: Heatran
|move|p1a: Heatran|Earth Power|p2a: Celebi
|-resisted|p2a: Celebi
|-damage|p2a: Celebi|14\/403
|
|-heal|p2a: Celebi|39\/403|[from] item: Leftovers
|-heal|p1a: Heatran|386\/386|[from] item: Leftovers
|turn|14
|
|move|p2a: Celebi|Recover|p2a: Celebi
|-heal|p2a: Celebi|241\/403
|move|p1a: Heatran|Lava Plume|p2a: Celebi
|-supereffective|p2a: Celebi
|-damage|p2a: Celebi|5\/403
|
|-heal|p2a: Celebi|30\/403|[from] item: Leftovers
|turn|15
|
|move|p2a: Celebi|Recover|p2a: Celebi
|-heal|p2a: Celebi|232\/403
|move|p1a: Heatran|Lava Plume|p2a: Celebi
|-supereffective|p2a: Celebi
|-damage|p2a: Celebi|0 fnt
|faint|p2a: Celebi
|
|
|switch|p2a: Dugtrio|Dugtrio, M|211\/211
|-damage|p2a: Dugtrio|198\/211|[from] Stealth Rock
|turn|16
|
|move|p2a: Dugtrio|Earthquake|p1a: Heatran
|-supereffective|p1a: Heatran
|-damage|p1a: Heatran|0 fnt
|faint|p1a: Heatran
|
|
|switch|p1a: Ferrothorn|Ferrothorn, F|352\/352
|-damage|p1a: Ferrothorn|330\/352|[from] Stealth Rock
|turn|17
|
|switch|p2a: Scizor|Scizor-Mega, M|317\/343
|-damage|p2a: Scizor|275\/343|[from] Stealth Rock
|move|p1a: Ferrothorn|Leech Seed|p2a: Scizor
|-start|p2a: Scizor|move: Leech Seed
|
|-heal|p1a: Ferrothorn|352\/352|[from] item: Leftovers
|-damage|p2a: Scizor|233\/343|[from] Leech Seed|[of] p1a: Ferrothorn
|turn|18
|
|switch|p1a: Zapdos|Zapdos|376\/384
|-damage|p1a: Zapdos|280\/384|[from] Stealth Rock
|-ability|p1a: Zapdos|Pressure
|move|p2a: Scizor|Defog|p1a: Zapdos
|-unboost|p1a: Zapdos|evasion|1
|-sideend|p1: Adri989898|Stealth Rock|[from] move: Defog|[of] p1a: Zapdos
|-sideend|p2: Magalli Presidente|Stealth Rock|[from] move: Defog|[of] p2a: Scizor
|
|-heal|p1a: Zapdos|304\/384|[from] item: Leftovers
|-damage|p2a: Scizor|191\/343|[from] Leech Seed|[of] p1a: Zapdos
|-heal|p1a: Zapdos|346\/384|[silent]
|turn|19
|
|switch|p1a: Landorus-Therian|Landorus-Therian, M|320\/320
|-ability|p1a: Landorus-Therian|Intimidate|[of] p2a: Scizor
|-unboost|p2a: Scizor|atk|1
|switch|p2a: Heatran|Heatran, M|385\/385
|
|turn|20
|
|switch|p2a: Talonflame|Talonflame, M|359\/359
|move|p1a: Landorus-Therian|Stone Edge|p2a: Talonflame
|-crit|p2a: Talonflame
|-supereffective|p2a: Talonflame
|-damage|p2a: Talonflame|0 fnt
|faint|p2a: Talonflame
|
|
|switch|p2a: Scizor|Scizor-Mega, M|191\/343
|turn|21
|
|switch|p1a: Zapdos|Zapdos|346\/384
|-ability|p1a: Zapdos|Pressure
|move|p2a: Scizor|U-turn|p1a: Zapdos
|-resisted|p1a: Zapdos
|-damage|p1a: Zapdos|296\/384
|c|âAdri989898|gg
|
|switch|p2a: Heatran|Heatran, M|385\/385
|
|-heal|p1a: Zapdos|320\/384|[from] item: Leftovers
|turn|22
|
|switch|p1a: Landorus-Therian|Landorus-Therian, M|320\/320
|-ability|p1a: Landorus-Therian|Intimidate|[of] p2a: Heatran
|-unboost|p2a: Heatran|atk|1
|move|p2a: Heatran|Stealth Rock|p1a: Landorus-Therian
|-sidestart|p1: Adri989898|move: Stealth Rock
|
|turn|23
|
|switch|p2a: Dugtrio|Dugtrio, M|198\/211
|move|p1a: Landorus-Therian|Earthquake|p2a: Dugtrio
|-damage|p2a: Dugtrio|0 fnt
|faint|p2a: Dugtrio
|
|
|switch|p2a: Scizor|Scizor-Mega, M|191\/343
|turn|24
|
|switch|p1a: Zapdos|Zapdos|320\/384
|-damage|p1a: Zapdos|224\/384|[from] Stealth Rock
|-ability|p1a: Zapdos|Pressure
|move|p2a: Scizor|Roost|p2a: Scizor
|-heal|p2a: Scizor|343\/343
|
|-heal|p1a: Zapdos|248\/384|[from] item: Leftovers
|turn|25
|
|switch|p2a: Heatran|Heatran, M|385\/385
|move|p1a: Zapdos|Roost|p1a: Zapdos
|-heal|p1a: Zapdos|384\/384
|
|turn|26
|
|move|p1a: Zapdos|Defog|p2a: Heatran
|-unboost|p2a: Heatran|evasion|1
|-sideend|p1: Adri989898|Stealth Rock|[from] move: Defog|[of] p1a: Zapdos
|move|p2a: Heatran|Lava Plume|p1a: Zapdos
|-damage|p1a: Zapdos|264\/384
|
|-heal|p1a: Zapdos|288\/384|[from] item: Leftovers
|turn|27
|
|switch|p1a: Metagross|Metagross, shiny|302\/302
|move|p2a: Heatran|Lava Plume|p1a: Metagross
|-supereffective|p1a: Metagross
|-damage|p1a: Metagross|62\/302
|
|turn|28
|
|switch|p2a: Scizor|Scizor-Mega, M|343\/343
|detailschange|p1a: Metagross|Metagross-Mega, shiny
|-mega|p1a: Metagross|Metagross|Metagrossite
|move|p1a: Metagross|Hammer Arm|p2a: Scizor
|-damage|p2a: Scizor|248\/343
|-unboost|p1a: Metagross|spe|1
|
|turn|29
|
|move|p1a: Metagross|Thunder Punch|p2a: Scizor
|-damage|p2a: Scizor|174\/343
|move|p2a: Scizor|U-turn|p1a: Metagross
|-damage|p1a: Metagross|0 fnt
|faint|p1a: Metagross
|
|switch|p2a: Heatran|Heatran, M|385\/385
|
|
|switch|p1a: Landorus-Therian|Landorus-Therian, M|320\/320
|-ability|p1a: Landorus-Therian|Intimidate|[of] p2a: Heatran
|-unboost|p2a: Heatran|atk|1
|turn|30
|
|switch|p2a: Scizor|Scizor-Mega, M|174\/343
|move|p1a: Landorus-Therian|Earthquake|p2a: Scizor
|-damage|p2a: Scizor|56\/343
|
|turn|31
|-message|Magalli Presidente forfeited.
|
|win|Adri989898
|raw|Ladder updating...
|leave|Magalli Presidente
|player|p2
|raw|Adri989898's rating: 1660 &rarr; <strong>1677<\/strong><br \/>(+17 for winning)
|raw|Magalli Presidente's rating: 1597 &rarr; <strong>1580<\/strong><br \/>(-17 for losing)