|join|Magalli Presidente
|join|PoF Coti
|player|p1|Magalli Presidente|265
|player|p2|PoF Coti|221
|gametype|singles
|gen|6
|tier|OU
|clearpoke
|poke|p1|Scizor, M
|poke|p1|Dugtrio, M
|poke|p1|Celebi
|poke|p1|Heatran, M
|poke|p1|Talonflame, M
|poke|p1|Keldeo-Resolute
|poke|p2|Gengar, M, shiny
|poke|p2|Sylveon, F, shiny
|poke|p2|Heatran, M, shiny
|poke|p2|Keldeo-Resolute, shiny
|poke|p2|Gardevoir, F, shiny
|poke|p2|Latios, M, shiny
|rule|Swagger Clause: Swagger is banned
|rule|Baton Pass Clause: Limit one PokÃ©mon knowing Baton Pass
|rule|Sleep Clause Mod: Limit one foe put to sleep
|rule|Species Clause: Limit one of each PokÃ©mon
|rule|OHKO Clause: OHKO moves are banned
|rule|Moody Clause: Moody is banned
|rule|Evasion Moves Clause: Evasion moves are banned
|rule|Endless Battle Clause: Forcing endless battles is banned
|rule|HP Percentage Mod: HP is shown in percentages
|teampreview
|
|start
|switch|p1a: Dugtrio|Dugtrio, M|211\/211
|switch|p2a: Heatran|Heatran, M, shiny|323\/323
|turn|1
|
|move|p1a: Dugtrio|Earthquake|p2a: Heatran
|-supereffective|p2a: Heatran
|-damage|p2a: Heatran|0 fnt
|faint|p2a: Heatran
|
|join|andrea medicham
|join|PoF Gianluigi
|c| andrea medicham|yo
|c|âMagalli Presidente|we
|c|âMagalli Presidente|ah andrea mi son dimenticato di risponderti
|c|âMagalli Presidente|scusami
|c| andrea medicham|si kek
|
|switch|p2a: Keldeo-Resolute|Keldeo-Resolute, shiny|323\/323
|turn|2
|c| andrea medicham|np
|c|âMagalli Presidente|se ci sei adesso battliamo
|c| andrea medicham|k
|
|move|p2a: Keldeo-Resolute|Icy Wind|p1a: Dugtrio
|-supereffective|p1a: Dugtrio
|-damage|p1a: Dugtrio|27\/211
|-unboost|p1a: Dugtrio|spe|1
|move|p1a: Dugtrio|Earthquake|p2a: Keldeo-Resolute
|-damage|p2a: Keldeo-Resolute|193\/323
|
|turn|3
|
|switch|p1a: Scizor|Scizor, M|343\/343
|move|p2a: Keldeo-Resolute|Icy Wind|p1a: Scizor
|-resisted|p1a: Scizor
|-damage|p1a: Scizor|298\/343
|-unboost|p1a: Scizor|spe|1
|
|turn|4
|
|switch|p2a: Gengar|Gengar, M, shiny|262\/262
|detailschange|p1a: Scizor|Scizor-Mega, M
|-mega|p1a: Scizor|Scizor|Scizorite
|move|p1a: Scizor|U-turn|p2a: Gengar
|-resisted|p2a: Gengar
|-damage|p2a: Gengar|222\/262
|
|switch|p1a: Heatran|Heatran, M|385\/385
|
|turn|5
|
|move|p2a: Gengar|Taunt|p1a: Heatran
|-start|p1a: Heatran|move: Taunt
|cant|p1a: Heatran|move: Taunt|Stealth Rock
|
|turn|6
|
|switch|p1a: Talonflame|Talonflame, M|359\/359
|move|p2a: Gengar|Focus Blast|p1a: Talonflame
|-resisted|p1a: Talonflame
|-damage|p1a: Talonflame|277\/359
|-damage|p2a: Gengar|196\/262|[from] item: Life Orb
|
|-heal|p1a: Talonflame|299\/359|[from] item: Leftovers
|turn|7
|
|move|p2a: Gengar|Shadow Ball|p1a: Talonflame
|-damage|p1a: Talonflame|120\/359
|-damage|p2a: Gengar|170\/262|[from] item: Life Orb
|move|p1a: Talonflame|Bulk Up|p1a: Talonflame
|-boost|p1a: Talonflame|atk|1
|-boost|p1a: Talonflame|def|1
|
|-heal|p1a: Talonflame|142\/359|[from] item: Leftovers
|turn|8
|join|Megalucario100
|c| Megalucario100|ANDRI
|
|move|p1a: Talonflame|Roost|p1a: Talonflame
|-heal|p1a: Talonflame|322\/359
|move|p2a: Gengar|Sludge Wave|p1a: Talonflame
|-crit|p1a: Talonflame
|-damage|p1a: Talonflame|6\/359
|-damage|p2a: Gengar|144\/262|[from] item: Life Orb
|
|-heal|p1a: Talonflame|28\/359|[from] item: Leftovers
|turn|9
|c| Megalucario100|NN HA BANNATO MELODY
|c| Megalucario100|E DRAGONS 100
|c| Megalucario100|QUEL PORCO DI LIGHT
|c| Megalucario100|HO VISTO
|c| andrea medicham|lucario
|c| Megalucario100|XK X UN ATTIMO SONO EVASO
|c| andrea medicham|calmo
|c| Megalucario100|cn una telefonata
|c| andrea medicham|dimmelo in mp
|c| Megalucario100|e mi son disconnesso
|c| andrea medicham|plz
|
|switch|p1a: Scizor|Scizor-Mega, M|298\/343
|move|p2a: Gengar|Sludge Wave|p1a: Scizor
|-immune|p1a: Scizor|[msg]
|
|turn|10
|c| Megalucario100|ok
|c| PoF Gianluigi|wtf
|c| andrea medicham|nnt
|c| andrea medicham|Ã¨ un nostro server
|c| andrea medicham|di cui un hacker
|
|move|p1a: Scizor|Bullet Punch|p2a: Gengar
|-damage|p2a: Gengar|0 fnt
|faint|p2a: Gengar
|
|c| andrea medicham|ci sta bannando
|
|switch|p2a: Keldeo-Resolute|Keldeo-Resolute, shiny|193\/323
|turn|11
|c| andrea medicham|tutti
|
|switch|p1a: Celebi|Celebi|403\/403
|move|p2a: Keldeo-Resolute|Hydro Pump|p1a: Celebi|[miss]
|-miss|p2a: Keldeo-Resolute|p1a: Celebi
|
|turn|12
|
|switch|p2a: Latios|Latios, M, shiny|301\/301
|move|p1a: Celebi|Baton Pass|p1a: Celebi
|
|switch|p1a: Scizor|Scizor-Mega, M|298\/343
|
|turn|13
|
|switch|p1a: Heatran|Heatran, M|385\/385
|move|p2a: Latios|Draco Meteor|p1a: Heatran|[miss]
|-miss|p2a: Latios|p1a: Heatran
|
|turn|14
|
|move|p2a: Latios|Earthquake|p1a: Heatran
|-supereffective|p1a: Heatran
|-damage|p1a: Heatran|57\/385
|-damage|p2a: Latios|271\/301|[from] item: Life Orb
|move|p1a: Heatran|Lava Plume|p2a: Latios
|-resisted|p2a: Latios
|-damage|p2a: Latios|221\/301
|
|-heal|p1a: Heatran|81\/385|[from] item: Leftovers
|turn|15
|c|âPoF Coti|di culo giÃ  ne hai eh
|join|gianvito
|c|âMagalli Presidente|scusa?
|c| andrea medicham|voleva dire
|c|âMagalli Presidente|hai crittato sludge wave prima, non iniziamo
|c| andrea medicham|kek
|c| andrea medicham|l'hax is life
|c|âPoF Coti|ho missato 2 dracometeor
|
|switch|p1a: Scizor|Scizor-Mega, M|298\/343
|move|p2a: Latios|Draco Meteor|p1a: Scizor
|-resisted|p1a: Scizor
|-damage|p1a: Scizor|155\/343
|-unboost|p2a: Latios|spa|2
|-damage|p2a: Latios|191\/301|[from] item: Life Orb
|
|turn|16
|c| PoF Gianluigi|dai, hai missato un draco meteor su tran , non gli avrebbe fatto molto
|c| PoF Gianluigi|quind
|c|âMagalli Presidente|e su zor
|c| PoF Gianluigi|non era cosi decisivo
|
|switch|p2a: Keldeo-Resolute|Keldeo-Resolute, shiny|193\/323
|move|p1a: Scizor|U-turn|p2a: Keldeo-Resolute
|-resisted|p2a: Keldeo-Resolute
|-damage|p2a: Keldeo-Resolute|126\/323
|c| andrea medicham|madonna
|c| andrea medicham|fa nnt
|c| andrea medicham|esiste l'hax
|
|switch|p1a: Celebi|Celebi|403\/403
|
|turn|17
|c|âPoF Coti|sommato a eq= gg heatran
|c| PoF Gianluigi|Dipende, non Ã¨ detto
|c|âMagalli Presidente|non che servisse a molto adesso, ma non flammiamo dai
|
|move|p2a: Keldeo-Resolute|Icy Wind|p1a: Celebi
|-crit|p1a: Celebi
|-supereffective|p1a: Celebi
|-damage|p1a: Celebi|243\/403
|-unboost|p1a: Celebi|spe|1
|move|p1a: Celebi|Baton Pass|p1a: Celebi
|c|âPoF Coti|ma non voglio flammare assolutamente
|
|switch|p1a: Scizor|Scizor-Mega, M|155\/343
|
|turn|18
|
|move|p2a: Keldeo-Resolute|Icy Wind|p1a: Scizor
|-miss|p2a: Keldeo-Resolute|p1a: Scizor
|move|p1a: Scizor|Roost|p1a: Scizor
|-heal|p1a: Scizor|327\/343
|
|turn|19
|
|switch|p2a: Gardevoir|Gardevoir, F, shiny|277\/277
|-ability|p2a: Gardevoir|Technician|[from] ability: Trace|[of] p1a: Scizor
|move|p1a: Scizor|U-turn|p2a: Gardevoir
|-damage|p2a: Gardevoir|100\/277
|
|switch|p1a: Dugtrio|Dugtrio, M|27\/211
|
|turn|20
|leave|gianvito
|
|detailschange|p2a: Gardevoir|Gardevoir-Mega, F, shiny
|-mega|p2a: Gardevoir|Gardevoir|Gardevoirite
|move|p1a: Dugtrio|Earthquake|p2a: Gardevoir
|-damage|p2a: Gardevoir|0 fnt
|faint|p2a: Gardevoir
|
|
|switch|p2a: Keldeo-Resolute|Keldeo-Resolute, shiny|126\/323
|turn|21
|
|switch|p1a: Celebi|Celebi|243\/403
|move|p2a: Keldeo-Resolute|Scald|p1a: Celebi
|-crit|p1a: Celebi
|-resisted|p1a: Celebi
|-damage|p1a: Celebi|151\/403
|
|-heal|p1a: Celebi|176\/403|[from] item: Leftovers
|turn|22
|
|switch|p2a: Sylveon|Sylveon, F, shiny|341\/341
|move|p1a: Celebi|Recover|p1a: Celebi
|-heal|p1a: Celebi|378\/403
|
|-heal|p1a: Celebi|403\/403|[from] item: Leftovers
|turn|23
|c| Megalucario100|andri
|c| Megalucario100|DragonPower0210: adesso sbanna
|c| andrea medicham|maronna
|
|move|p1a: Celebi|Baton Pass|p1a: Celebi
|c| andrea medicham|nn rompete in sta lotta
|c| Megalucario100|scusa...
|c| andrea medicham|per cortesia
|c| andrea medicham|np
|
|switch|p1a: Heatran|Heatran, M|81\/385
|move|p2a: Sylveon|Hidden Power|p1a: Heatran
|-start|p1a: Heatran|ability: Flash Fire
|
|-heal|p1a: Heatran|105\/385|[from] item: Leftovers
|turn|24
|
|switch|p2a: Keldeo-Resolute|Keldeo-Resolute, shiny|126\/323
|move|p1a: Heatran|Lava Plume|p2a: Keldeo-Resolute
|-resisted|p2a: Keldeo-Resolute
|-damage|p2a: Keldeo-Resolute|29\/323
|
|-heal|p1a: Heatran|129\/385|[from] item: Leftovers
|turn|25
|
|switch|p1a: Celebi|Celebi|403\/403
|move|p2a: Keldeo-Resolute|Secret Sword|p1a: Celebi
|-resisted|p1a: Celebi
|-damage|p1a: Celebi|322\/403
|
|-heal|p1a: Celebi|347\/403|[from] item: Leftovers
|turn|26
|join|Lord Insanity
|
|move|p2a: Keldeo-Resolute|Secret Sword|p1a: Celebi
|-resisted|p1a: Celebi
|-damage|p1a: Celebi|262\/403
|move|p1a: Celebi|Giga Drain|p2a: Keldeo-Resolute
|-supereffective|p2a: Keldeo-Resolute
|-damage|p2a: Keldeo-Resolute|0 fnt
|-heal|p1a: Celebi|277\/403|[from] drain|[of] p2a: Keldeo-Resolute
|faint|p2a: Keldeo-Resolute
|
|-heal|p1a: Celebi|302\/403|[from] item: Leftovers
|
|switch|p2a: Latios|Latios, M, shiny|191\/301
|turn|27
|
|move|p2a: Latios|Draco Meteor|p1a: Celebi
|-damage|p1a: Celebi|67\/403
|-unboost|p2a: Latios|spa|2
|-damage|p2a: Latios|161\/301|[from] item: Life Orb
|move|p1a: Celebi|Recover|p1a: Celebi
|-heal|p1a: Celebi|269\/403
|
|-heal|p1a: Celebi|294\/403|[from] item: Leftovers
|turn|28
|c| Lord Insanity|Che stronk celebi
|
|move|p2a: Latios|Draco Meteor|p1a: Celebi
|-damage|p1a: Celebi|180\/403
|-unboost|p2a: Latios|spa|2
|-damage|p2a: Latios|131\/301|[from] item: Life Orb
|move|p1a: Celebi|Baton Pass|p1a: Celebi
|c|âPoF Coti|pensavo di missarmi anche quello
|c| andrea medicham|yo insanity
|
|switch|p1a: Talonflame|Talonflame, M|28\/359
|
|-heal|p1a: Talonflame|50\/359|[from] item: Leftovers
|turn|29
|c| andrea medicham|*lord
|c|âMagalli Presidente|dai perfavore
|c| Lord Insanity|Ciao paxxarello
|
|move|p1a: Talonflame|Roost|p1a: Talonflame
|-heal|p1a: Talonflame|230\/359
|move|p2a: Latios|Earthquake|p1a: Talonflame
|-supereffective|p1a: Talonflame
|-damage|p1a: Talonflame|0 fnt
|-damage|p2a: Latios|101\/301|[from] item: Life Orb
|faint|p1a: Talonflame
|
|c|âPoF Coti|lol tranq
|
|switch|p1a: Scizor|Scizor-Mega, M|327\/343
|turn|30
|
|move|p1a: Scizor|Bullet Punch|p2a: Latios
|-damage|p2a: Latios|0 fnt
|faint|p2a: Latios
|
|c| andrea medicham|gigi
|c|âPoF Coti|gigiÃ¹
|c|âMagalli Presidente|gg
|
|switch|p2a: Sylveon|Sylveon, F, shiny|341\/341
|turn|31
|
|switch|p1a: Heatran|Heatran, M|129\/385
|move|p2a: Sylveon|Shadow Ball|p1a: Heatran
|-damage|p1a: Heatran|39\/385
|
|-heal|p1a: Heatran|63\/385|[from] item: Leftovers
|turn|32
|c| Lord Insanity|Specs sylveon
|c|âMagalli Presidente|yy
|c| PoF Gianluigi|ma quel sylveon Ã¨ specs?
|c|âPoF Coti|y
|
|switch|p1a: Scizor|Scizor-Mega, M|327\/343
|move|p2a: Sylveon|Shadow Ball|p1a: Scizor
|-damage|p1a: Scizor|201\/343
|
|turn|33
|c| PoF Gianluigi|strano xD
|c|âMagalli Presidente|ho notato
|
|move|p1a: Scizor|Bullet Punch|p2a: Sylveon
|-supereffective|p2a: Sylveon
|-damage|p2a: Sylveon|45\/341
|move|p2a: Sylveon|Shadow Ball|p1a: Scizor
|-damage|p1a: Scizor|70\/343
|
|turn|34
|c| PoF Gianluigi|non Ã¨ il primo che vedo
|c| Lord Insanity|CioÃ¨ l'ho plasmato io su smogon specs sylveon
|
|move|p1a: Scizor|Bullet Punch|p2a: Sylveon
|-supereffective|p2a: Sylveon
|-damage|p2a: Sylveon|0 fnt
|faint|p2a: Sylveon
|
|win|Magalli Presidente
|c|âPoF Coti|Ã¨ fortissimo