|join|Tamekari
|join|ThisFireBurns
|player|p1|Tamekari|239
|player|p2|ThisFireBurns|101
|gametype|singles
|gen|6
|tier|OU
|clearpoke
|poke|p1|Tyranitar, F
|poke|p1|Aegislash, F
|poke|p1|Keldeo
|poke|p1|Zapdos
|poke|p1|Landorus-Therian, M
|poke|p1|Sylveon, M
|poke|p2|Tyranitar, M
|poke|p2|Rotom-Wash
|poke|p2|Landorus-Therian, M
|poke|p2|Conkeldurr, F
|poke|p2|Scizor, F
|poke|p2|Aegislash, M
|rule|Sleep Clause Mod: Limit one foe put to sleep
|rule|Species Clause: Limit one of each Pokemon
|rule|OHKO Clause: OHKO moves are banned
|rule|Moody Clause: Moody is banned
|rule|Evasion Moves Clause: Evasion moves are banned
|rule|Endless Battle Clause: Forcing endless battles is banned.
|rule|HP Percentage Mod: HP is reported as percentages
|teampreview
|chat|Tamekari|gl
|chat|ThisFireBurns|gl
|join|Jelena Jurenkova
|join|walk outside
|join|J-Man and Channy
|
|start
|switch|p1a: Landorus-Therian|Landorus-Therian, M|382\/382
|switch|p2a: Rotom-Wash|Rotom-Wash|299\/299
|-ability|p1a: Landorus-Therian|Intimidate|[of] p2a: Rotom-Wash
|-unboost|p2a: Rotom-Wash|atk|1
|turn|1
|
|move|p2a: Rotom-Wash|Hydro Pump|p1a: Landorus-Therian
|-supereffective|p1a: Landorus-Therian
|-damage|p1a: Landorus-Therian|34\/382
|move|p1a: Landorus-Therian|Knock Off|p2a: Rotom-Wash
|-crit|p2a: Rotom-Wash
|-damage|p2a: Rotom-Wash|146\/299
|-enditem|p2a: Rotom-Wash|Chesto Berry|[from] move: Knock Off|[of] p1a: Landorus-Therian
|
|-heal|p1a: Landorus-Therian|57\/382|[from] item: Leftovers
|turn|2
|
|switch|p1a: Sylveon|Sylveon, M|394\/394
|move|p2a: Rotom-Wash|Will-O-Wisp|p1a: Sylveon
|-status|p1a: Sylveon|brn
|
|-damage|p1a: Sylveon|345\/394 brn|[from] brn
|turn|3
|
|move|p2a: Rotom-Wash|Volt Switch|p1a: Sylveon
|-damage|p1a: Sylveon|285\/394 brn
|
|switch|p2a: Scizor|Scizor, F|344\/344
|move|p1a: Sylveon|Wish|p1a: Sylveon
|
|-heal|p1a: Sylveon|309\/394 brn|[from] item: Leftovers
|-damage|p1a: Sylveon|260\/394 brn|[from] brn
|turn|4
|
|switch|p1a: Zapdos|Zapdos|384\/384
|-ability|p1a: Zapdos|Pressure
|-formechange|p2a: Scizor|Scizor-Mega
|message|Scizor has Mega Evolved into Mega Scizor!
|move|p2a: Scizor|Bullet Punch|p1a: Zapdos
|-crit|p1a: Zapdos
|-resisted|p1a: Zapdos
|-damage|p1a: Zapdos|291\/384
|
|-heal|p1a: Zapdos|384\/384|[from] move: Wish|[wisher] Sylveon
|turn|5
|
|switch|p2a: Tyranitar|Tyranitar, M|404\/404
|-weather|Sandstorm
|move|p1a: Zapdos|Volt Switch|p2a: Tyranitar
|-damage|p2a: Tyranitar|356\/404
|
|switch|p1a: Keldeo|Keldeo|323\/323
|
|-weather|Sandstorm|[upkeep]
|-damage|p1a: Keldeo|303\/323|[from] sandstorm
|-heal|p2a: Tyranitar|381\/404|[from] item: Leftovers
|turn|6
|
|switch|p2a: Conkeldurr|Conkeldurr, F|414\/414
|move|p1a: Keldeo|Secret Sword|p2a: Conkeldurr
|-damage|p2a: Conkeldurr|252\/414
|
|-weather|Sandstorm|[upkeep]
|-damage|p1a: Keldeo|283\/323|[from] sandstorm
|-damage|p2a: Conkeldurr|227\/414|[from] sandstorm
|turn|7
|
|switch|p1a: Sylveon|Sylveon, M|260\/394 brn
|move|p2a: Conkeldurr|Knock Off|p1a: Sylveon
|-resisted|p1a: Sylveon
|-damage|p1a: Sylveon|172\/394 brn
|-enditem|p1a: Sylveon|Leftovers|[from] move: Knock Off|[of] p2a: Conkeldurr
|
|-weather|Sandstorm|[upkeep]
|-damage|p1a: Sylveon|148\/394 brn|[from] sandstorm
|-damage|p2a: Conkeldurr|202\/414|[from] sandstorm
|-damage|p1a: Sylveon|99\/394 brn|[from] brn
|turn|8
|
|move|p1a: Sylveon|Hyper Voice|p2a: Conkeldurr
|-supereffective|p2a: Conkeldurr
|-damage|p2a: Conkeldurr|0 fnt
|faint|p2a: Conkeldurr
|
|-weather|Sandstorm|[upkeep]
|-damage|p1a: Sylveon|75\/394 brn|[from] sandstorm
|-damage|p1a: Sylveon|26\/394 brn|[from] brn
|
|switch|p2a: Rotom-Wash|Rotom-Wash|146\/299
|turn|9
|
|move|p2a: Rotom-Wash|Volt Switch|p1a: Sylveon
|-damage|p1a: Sylveon|0 fnt
|faint|p1a: Sylveon
|
|switch|p2a: Landorus-Therian|Landorus-Therian, M|319\/319
|
|-weather|none
|
|switch|p1a: Keldeo|Keldeo|283\/323
|turn|10
|
|switch|p2a: Aegislash|Aegislash, M|324\/324
|move|p1a: Keldeo|Icy Wind|p2a: Aegislash
|-resisted|p2a: Aegislash
|-damage|p2a: Aegislash|299\/324
|-unboost|p2a: Aegislash|spe|1
|
|turn|11
|
|switch|p1a: Zapdos|Zapdos|384\/384
|-ability|p1a: Zapdos|Pressure
|-formechange|p2a: Aegislash|Aegislash-Blade
|move|p2a: Aegislash|Shadow Ball|p1a: Zapdos
|-crit|p1a: Zapdos
|-damage|p1a: Zapdos|240\/384
|-unboost|p1a: Zapdos|spd|1
|
|-heal|p1a: Zapdos|264\/384|[from] item: Leftovers
|turn|12
|
|switch|p2a: Tyranitar|Tyranitar, M|381\/404
|-weather|Sandstorm
|move|p1a: Zapdos|Volt Switch|p2a: Tyranitar
|-damage|p2a: Tyranitar|332\/404
|join|Minato
|
|switch|p1a: Keldeo|Keldeo|283\/323
|
|-weather|Sandstorm|[upkeep]
|-damage|p1a: Keldeo|263\/323|[from] sandstorm
|-heal|p2a: Tyranitar|357\/404|[from] item: Leftovers
|turn|13
|
|switch|p2a: Aegislash|Aegislash, M|299\/324
|move|p1a: Keldeo|Secret Sword|p2a: Aegislash
|-immune|p2a: Aegislash|[msg]
|
|-weather|Sandstorm|[upkeep]
|-damage|p1a: Keldeo|243\/323|[from] sandstorm
|turn|14
|
|switch|p1a: Zapdos|Zapdos|264\/384
|-ability|p1a: Zapdos|Pressure
|-formechange|p2a: Aegislash|Aegislash-Blade
|move|p2a: Aegislash|Shadow Ball|p1a: Zapdos
|-damage|p1a: Zapdos|156\/384
|
|-weather|Sandstorm|[upkeep]
|-damage|p1a: Zapdos|132\/384|[from] sandstorm
|-heal|p1a: Zapdos|156\/384|[from] item: Leftovers
|turn|15
|
|switch|p2a: Landorus-Therian|Landorus-Therian, M|319\/319
|-ability|p2a: Landorus-Therian|Intimidate|[of] p1a: Zapdos
|-unboost|p1a: Zapdos|atk|1
|move|p1a: Zapdos|Roost|p1a: Zapdos
|-heal|p1a: Zapdos|348\/384
|
|-weather|Sandstorm|[upkeep]
|-damage|p1a: Zapdos|324\/384|[from] sandstorm
|-heal|p1a: Zapdos|348\/384|[from] item: Leftovers
|turn|16
|
|switch|p1a: Landorus-Therian|Landorus-Therian, M|57\/382
|-ability|p1a: Landorus-Therian|Intimidate|[of] p2a: Landorus-Therian
|-unboost|p2a: Landorus-Therian|atk|1
|move|p2a: Landorus-Therian|Knock Off|p1a: Landorus-Therian
|-damage|p1a: Landorus-Therian|0 fnt
|faint|p1a: Landorus-Therian
|
|-weather|none
|
|switch|p1a: Keldeo|Keldeo|243\/323
|turn|17
|
|switch|p2a: Aegislash|Aegislash, M|299\/324
|move|p1a: Keldeo|Hydro Pump|p2a: Aegislash
|-damage|p2a: Aegislash|172\/324
|
|turn|18
|
|switch|p1a: Zapdos|Zapdos|348\/384
|-ability|p1a: Zapdos|Pressure
|-formechange|p2a: Aegislash|Aegislash-Blade
|move|p2a: Aegislash|Shadow Ball|p1a: Zapdos
|-damage|p1a: Zapdos|240\/384
|-unboost|p1a: Zapdos|spd|1
|
|-heal|p1a: Zapdos|264\/384|[from] item: Leftovers
|turn|19
|
|switch|p2a: Landorus-Therian|Landorus-Therian, M|319\/319
|-ability|p2a: Landorus-Therian|Intimidate|[of] p1a: Zapdos
|-unboost|p1a: Zapdos|atk|1
|move|p1a: Zapdos|Volt Switch|p2a: Landorus-Therian
|-immune|p2a: Landorus-Therian|[msg]
|
|-heal|p1a: Zapdos|288\/384|[from] item: Leftovers
|turn|20
|
|switch|p1a: Keldeo|Keldeo|243\/323
|move|p2a: Landorus-Therian|Earthquake|p1a: Keldeo
|-damage|p1a: Keldeo|12\/323
|
|turn|21
|
|switch|p2a: Tyranitar|Tyranitar, M|357\/404
|-weather|Sandstorm
|move|p1a: Keldeo|Hydro Pump|p2a: Tyranitar|[miss]
|-miss|p1a: Keldeo|p2a: Tyranitar
|
|-weather|Sandstorm|[upkeep]
|-damage|p1a: Keldeo|0 fnt|[from] sandstorm
|-heal|p2a: Tyranitar|382\/404|[from] item: Leftovers
|faint|p1a: Keldeo
|
|switch|p1a: Aegislash|Aegislash, F|324\/324
|turn|22
|
|move|p2a: Tyranitar|Crunch|p1a: Aegislash
|-supereffective|p1a: Aegislash
|-damage|p1a: Aegislash|160\/324
|-enditem|p1a: Aegislash|Weakness Policy
|-boost|p1a: Aegislash|atk|2|[from] item: Weakness Policy
|-boost|p1a: Aegislash|spa|2|[from] item: Weakness Policy
|-formechange|p1a: Aegislash|Aegislash-Blade
|move|p1a: Aegislash|Flash Cannon|p2a: Tyranitar
|-supereffective|p2a: Tyranitar
|-damage|p2a: Tyranitar|40\/404
|
|-weather|Sandstorm|[upkeep]
|-heal|p2a: Tyranitar|65\/404|[from] item: Leftovers
|turn|23
|
|-formechange|p1a: Aegislash|Aegislash
|move|p1a: Aegislash|King's Shield|p1a: Aegislash
|-singleturn|p1a: Aegislash|Protect
|move|p2a: Tyranitar|Crunch|p1a: Aegislash
|-activate|p1a: Aegislash|Protect
|-unboost|p2a: Tyranitar|atk|2
|
|-weather|Sandstorm|[upkeep]
|-heal|p2a: Tyranitar|90\/404|[from] item: Leftovers
|turn|24
|
|move|p2a: Tyranitar|Crunch|p1a: Aegislash
|-supereffective|p1a: Aegislash
|-damage|p1a: Aegislash|76\/324
|-formechange|p1a: Aegislash|Aegislash-Blade
|move|p1a: Aegislash|Flash Cannon|p2a: Tyranitar
|-crit|p2a: Tyranitar
|-supereffective|p2a: Tyranitar
|-damage|p2a: Tyranitar|0 fnt
|faint|p2a: Tyranitar
|
|-weather|Sandstorm|[upkeep]
|
|switch|p2a: Landorus-Therian|Landorus-Therian, M|319\/319
|-ability|p2a: Landorus-Therian|Intimidate|[of] p1a: Aegislash
|-unboost|p1a: Aegislash|atk|1
|turn|25
|
|move|p1a: Aegislash|Shadow Sneak|p2a: Landorus-Therian
|-damage|p2a: Landorus-Therian|205\/319
|move|p2a: Landorus-Therian|Knock Off|p1a: Aegislash
|-supereffective|p1a: Aegislash
|-damage|p1a: Aegislash|0 fnt
|faint|p1a: Aegislash
|
|-weather|none
|
|switch|p1a: Zapdos|Zapdos|288\/384
|-ability|p1a: Zapdos|Pressure
|turn|26
|
|move|p2a: Landorus-Therian|Knock Off|p1a: Zapdos
|-damage|p1a: Zapdos|141\/384
|-enditem|p1a: Zapdos|Leftovers|[from] move: Knock Off|[of] p2a: Landorus-Therian
|move|p1a: Zapdos|Heat Wave|p2a: Landorus-Therian
|-damage|p2a: Landorus-Therian|87\/319
|
|turn|27
|
|switch|p2a: Aegislash|Aegislash, M|172\/324
|move|p1a: Zapdos|Roost|p1a: Zapdos
|-heal|p1a: Zapdos|333\/384
|
|turn|28
|
|move|p1a: Zapdos|Heat Wave|p2a: Aegislash
|-supereffective|p2a: Aegislash
|-damage|p2a: Aegislash|44\/324
|-enditem|p2a: Aegislash|Weakness Policy
|-boost|p2a: Aegislash|atk|2|[from] item: Weakness Policy
|-boost|p2a: Aegislash|spa|2|[from] item: Weakness Policy
|-formechange|p2a: Aegislash|Aegislash-Blade
|move|p2a: Aegislash|Shadow Ball|p1a: Zapdos
|-damage|p1a: Zapdos|129\/384
|
|turn|29
|
|move|p2a: Aegislash|Shadow Sneak|p1a: Zapdos
|-damage|p1a: Zapdos|0 fnt
|faint|p1a: Zapdos
|
|
|switch|p1a: Tyranitar|Tyranitar, F|342\/342
|-weather|Sandstorm
|turn|30
|
|-formechange|p1a: Tyranitar|Tyranitar-Mega
|message|Tyranitar has Mega Evolved into Mega Tyranitar!
|move|p1a: Tyranitar|Crunch|p2a: Aegislash
|-supereffective|p2a: Aegislash
|-damage|p2a: Aegislash|0 fnt
|faint|p2a: Aegislash
|
|-weather|Sandstorm|[upkeep]
|
|switch|p2a: Landorus-Therian|Landorus-Therian, M|87\/319
|-ability|p2a: Landorus-Therian|Intimidate|[of] p1a: Tyranitar
|-unboost|p1a: Tyranitar|atk|1
|turn|31
|
|move|p2a: Landorus-Therian|Earthquake|p1a: Tyranitar
|-supereffective|p1a: Tyranitar
|-damage|p1a: Tyranitar|70\/342
|move|p1a: Tyranitar|Dragon Dance|p1a: Tyranitar
|-boost|p1a: Tyranitar|atk|1
|-boost|p1a: Tyranitar|spe|1
|
|-weather|Sandstorm|[upkeep]
|turn|32
|
|move|p2a: Landorus-Therian|Earthquake|p1a: Tyranitar
|-supereffective|p1a: Tyranitar
|-damage|p1a: Tyranitar|0 fnt
|faint|p1a: Tyranitar
|
|win|ThisFireBurns
|leave|J-Man and Channy
|chat|ThisFireBurns|gg bro
|leave|Jelena Jurenkova