|join|ThisFireBurns
|join|Fireburst
|player|p1|ThisFireBurns|1
|player|p2|Fireburst|68
|gametype|singles
|gen|6
|tier|OU
|rated
|clearpoke
|poke|p1|Mawile, F
|poke|p1|Tyranitar, M
|poke|p1|Latios, M
|poke|p1|Keldeo
|poke|p1|Landorus-Therian, M
|poke|p1|Rotom-Wash
|poke|p2|Pinsir, M
|poke|p2|Deoxys-Defense
|poke|p2|Bisharp, M
|poke|p2|Donphan, M
|poke|p2|Rotom-Wash
|poke|p2|Kyurem-Black
|rule|Sleep Clause Mod: Limit one foe put to sleep
|rule|Species Clause: Limit one of each Pokemon
|rule|OHKO Clause: OHKO moves are banned
|rule|Moody Clause: Moody is banned
|rule|Evasion Moves Clause: Evasion moves are banned
|rule|Endless Battle Clause: Forcing endless battles is banned.
|rule|HP Percentage Mod: HP is reported as percentages
|teampreview
|chat|Fireburst|gl and hf
|
|start
|switch|p1a: Landorus-Therian|Landorus-Therian, M|319\/319
|switch|p2a: Rotom-W|Rotom-Wash|241\/241
|-ability|p1a: Landorus-Therian|Intimidate|[of] p2a: Rotom-W
|-unboost|p2a: Rotom-W|atk|1
|turn|1
|
|move|p2a: Rotom-W|Hydro Pump|p1a: Landorus-Therian
|-supereffective|p1a: Landorus-Therian
|-damage|p1a: Landorus-Therian|0 fnt
|faint|p1a: Landorus-Therian
|
|
|switch|p1a: Keldeo|Keldeo|323\/323
|turn|2
|
|switch|p2a: Deo-D|Deoxys-Defense|304\/304
|-ability|p2a: Deo-D|Pressure
|move|p1a: Keldeo|Scald|p2a: Deo-D
|-damage|p2a: Deo-D|195\/304
|-enditem|p2a: Deo-D|Red Card|[of] p1a: Keldeo
|drag|p1a: Rotom-Wash|Rotom-Wash|304\/304
|
|turn|3
|
|move|p2a: Deo-D|Stealth Rock|p1a: Rotom-Wash
|-sidestart|p1: ThisFireBurns|move: Stealth Rock
|move|p1a: Rotom-Wash|Volt Switch|p2a: Deo-D
|-damage|p2a: Deo-D|149\/304
|
|switch|p1a: Tyranitar|Tyranitar, M|404\/404
|-damage|p1a: Tyranitar|354\/404|[from] Stealth Rock
|-weather|Sandstorm
|
|-weather|Sandstorm|[upkeep]
|-damage|p2a: Deo-D|130\/304|[from] sandstorm
|-heal|p1a: Tyranitar|379\/404|[from] item: Leftovers
|turn|4
|
|move|p2a: Deo-D|Taunt|p1a: Tyranitar
|-start|p1a: Tyranitar|move: Taunt
|move|p1a: Tyranitar|Pursuit|p2a: Deo-D
|-supereffective|p2a: Deo-D
|-damage|p2a: Deo-D|58\/304
|
|-weather|Sandstorm|[upkeep]
|-damage|p2a: Deo-D|39\/304|[from] sandstorm
|-heal|p1a: Tyranitar|404\/404|[from] item: Leftovers
|turn|5
|
|move|p2a: Deo-D|Spikes|p1a: Tyranitar
|-sidestart|p1: ThisFireBurns|Spikes
|move|p1a: Tyranitar|Pursuit|p2a: Deo-D
|-supereffective|p2a: Deo-D
|-damage|p2a: Deo-D|0 fnt
|faint|p2a: Deo-D
|
|-weather|Sandstorm|[upkeep]
|
|switch|p2a: Donphan|Donphan, M|384\/384
|turn|6
|
|switch|p1a: Latios|Latios, M|302\/302
|-damage|p1a: Latios|265\/302|[from] Stealth Rock
|move|p2a: Donphan|Play Rough|p1a: Latios
|-supereffective|p1a: Latios
|-damage|p1a: Latios|0 fnt
|faint|p1a: Latios
|
|-weather|Sandstorm|[upkeep]
|
|switch|p1a: Rotom-Wash|Rotom-Wash|304\/304
|-damage|p1a: Rotom-Wash|266\/304|[from] Stealth Rock
|turn|7
|
|switch|p2a: Rotom-W|Rotom-Wash|241\/241
|move|p1a: Rotom-Wash|Will-O-Wisp|p2a: Rotom-W
|-status|p2a: Rotom-W|brn
|
|-weather|none
|-damage|p2a: Rotom-W|211\/241 brn|[from] brn
|turn|8
|
|move|p2a: Rotom-W|Volt Switch|p1a: Rotom-Wash
|-damage|p1a: Rotom-Wash|193\/304
|
|switch|p2a: Donphan|Donphan, M|384\/384
|move|p1a: Rotom-Wash|Volt Switch|p2a: Donphan
|-immune|p2a: Donphan|[msg]
|
|turn|9
|
|switch|p2a: Rotom-W|Rotom-Wash|211\/241 brn
|move|p1a: Rotom-Wash|Hydro Pump|p2a: Rotom-W|[miss]
|-miss|p1a: Rotom-Wash|p2a: Rotom-W
|
|-damage|p2a: Rotom-W|181\/241 brn|[from] brn
|turn|10
|
|move|p2a: Rotom-W|Thunderbolt|p1a: Rotom-Wash
|-damage|p1a: Rotom-Wash|85\/304
|move|p1a: Rotom-Wash|Hydro Pump|p2a: Rotom-W
|-resisted|p2a: Rotom-W
|-damage|p2a: Rotom-W|121\/241 brn
|
|-damage|p2a: Rotom-W|91\/241 brn|[from] brn
|turn|11
|
|switch|p1a: Tyranitar|Tyranitar, M|404\/404
|-damage|p1a: Tyranitar|354\/404|[from] Stealth Rock
|-damage|p1a: Tyranitar|304\/404|[from] Spikes
|-weather|Sandstorm
|move|p2a: Rotom-W|Thunderbolt|p1a: Tyranitar
|-damage|p1a: Tyranitar|232\/404
|
|-weather|Sandstorm|[upkeep]
|-damage|p2a: Rotom-W|76\/241 brn|[from] sandstorm
|-heal|p1a: Tyranitar|257\/404|[from] item: Leftovers
|-damage|p2a: Rotom-W|46\/241 brn|[from] brn
|turn|12
|
|switch|p2a: Bisharp|Bisharp, M|272\/272
|move|p1a: Tyranitar|Stealth Rock|p2a: Bisharp
|-sidestart|p2: Fireburst|move: Stealth Rock
|
|-weather|Sandstorm|[upkeep]
|-heal|p1a: Tyranitar|282\/404|[from] item: Leftovers
|turn|13
|
|move|p2a: Bisharp|Brick Break|p1a: Tyranitar
|-supereffective|p1a: Tyranitar
|-damage|p1a: Tyranitar|0 fnt
|-damage|p2a: Bisharp|245\/272|[from] item: Life Orb
|faint|p1a: Tyranitar
|
|-weather|Sandstorm|[upkeep]
|
|switch|p1a: Keldeo|Keldeo|323\/323
|-damage|p1a: Keldeo|283\/323|[from] Spikes
|-damage|p1a: Keldeo|263\/323|[from] Stealth Rock
|turn|14
|
|move|p2a: Bisharp|Sucker Punch|p1a: Keldeo
|-resisted|p1a: Keldeo
|-damage|p1a: Keldeo|164\/323
|-boost|p1a: Keldeo|atk|1|[from] ability: Justified
|-damage|p2a: Bisharp|218\/272|[from] item: Life Orb
|move|p1a: Keldeo|Secret Sword|p2a: Bisharp
|-supereffective|p2a: Bisharp
|-damage|p2a: Bisharp|0 fnt
|faint|p2a: Bisharp
|
|-weather|Sandstorm|[upkeep]
|-damage|p1a: Keldeo|144\/323|[from] sandstorm
|
|switch|p2a: Rotom-W|Rotom-Wash|46\/241 brn
|-damage|p2a: Rotom-W|16\/241 brn|[from] Stealth Rock
|turn|15
|
|move|p2a: Rotom-W|Thunderbolt|p1a: Keldeo
|-supereffective|p1a: Keldeo
|-damage|p1a: Keldeo|0 fnt
|faint|p1a: Keldeo
|
|-weather|none
|-damage|p2a: Rotom-W|0 fnt|[from] brn
|faint|p2a: Rotom-W
|
|switch|p2a: Pinsir|Pinsir, M|272\/272
|-damage|p2a: Pinsir|204\/272|[from] Stealth Rock
|switch|p1a: Mawile|Mawile, F|303\/303
|-damage|p1a: Mawile|285\/303|[from] Stealth Rock
|-damage|p1a: Mawile|248\/303|[from] Spikes
|-ability|p2a: Pinsir|Mold Breaker
|-ability|p1a: Mawile|Intimidate|[of] p2a: Pinsir
|-unboost|p2a: Pinsir|atk|1
|turn|16
|
|-formechange|p2a: Pinsir|Pinsir-Mega
|message|Pinsir has Mega Evolved into Mega Pinsir!
|-formechange|p1a: Mawile|Mawile-Mega
|message|Mawile has Mega Evolved into Mega Mawile!
|move|p2a: Pinsir|Earthquake|p1a: Mawile
|-supereffective|p1a: Mawile
|-damage|p1a: Mawile|112\/303
|move|p1a: Mawile|Play Rough|p2a: Pinsir
|-damage|p2a: Pinsir|0 fnt
|faint|p2a: Pinsir
|
|
|switch|p2a: Kyurem-B|Kyurem-Black|408\/408
|-damage|p2a: Kyurem-B|306\/408|[from] Stealth Rock
|-ability|p2a: Kyurem-B|Teravolt
|turn|17
|
|move|p1a: Mawile|Sucker Punch|p2a: Kyurem-B
|-damage|p2a: Kyurem-B|135\/408
|move|p2a: Kyurem-B|Earth Power|p1a: Mawile
|-crit|p1a: Mawile
|-supereffective|p1a: Mawile
|-damage|p1a: Mawile|0 fnt
|faint|p1a: Mawile
|
|-heal|p2a: Kyurem-B|160\/408|[from] item: Leftovers
|
|switch|p1a: Rotom-Wash|Rotom-Wash|85\/304
|-damage|p1a: Rotom-Wash|47\/304|[from] Stealth Rock
|turn|18
|
|move|p2a: Kyurem-B|Earth Power|p1a: Rotom-Wash
|-supereffective|p1a: Rotom-Wash
|-damage|p1a: Rotom-Wash|0 fnt
|faint|p1a: Rotom-Wash
|
|win|Fireburst
|raw|Ladder updating...
|chat|Fireburst|gg
|raw|ThisFireBurns's rating: 1657 &rarr; <strong>1637<\/strong><br \/>(-20 for losing)
|raw|Fireburst's rating: 1582 &rarr; <strong>1607<\/strong><br \/>(+25 for winning)
|leave|ThisFireBurns
|player|p1