|join|LT6Z SDnite
|join|ThisFireBurns
|player|p1|LT6Z SDnite|293
|player|p2|ThisFireBurns|1
|gametype|singles
|gen|6
|tier|OU
|rated
|clearpoke
|poke|p1|Infernape, F
|poke|p1|Venusaur, F
|poke|p1|Bisharp, M
|poke|p1|Latios, M
|poke|p1|Rotom-Wash
|poke|p1|Landorus-Therian, M
|poke|p2|Venusaur, M
|poke|p2|Tyranitar, F
|poke|p2|Keldeo
|poke|p2|Garchomp, M
|poke|p2|Bisharp, M
|poke|p2|Thundurus, M
|rule|Swagger Clause: Swagger is banned
|rule|Baton Pass Clause: Limit one PokÃ©mon knowing Baton Pass
|rule|Sleep Clause Mod: Limit one foe put to sleep
|rule|Species Clause: Limit one of each PokÃ©mon
|rule|OHKO Clause: OHKO moves are banned
|rule|Moody Clause: Moody is banned
|rule|Evasion Moves Clause: Evasion moves are banned
|rule|Endless Battle Clause: Forcing endless battles is banned
|rule|HP Percentage Mod: HP is shown in percentages
|teampreview
|c|âLT6Z SDnite|euri
|
|start
|switch|p1a: Landorus-Therian|Landorus-Therian, M|319\/319
|switch|p2a: Garchomp|Garchomp, M|357\/357
|-ability|p1a: Landorus-Therian|Intimidate|[of] p2a: Garchomp
|-unboost|p2a: Garchomp|atk|1
|turn|1
|
|switch|p2a: Keldeo|Keldeo|323\/323
|move|p1a: Landorus-Therian|Stealth Rock|p2a: Keldeo
|-sidestart|p2: ThisFireBurns|move: Stealth Rock
|
|turn|2
|
|switch|p1a: Venusaur|Venusaur, F|363\/363
|move|p2a: Keldeo|Scald|p1a: Venusaur
|-resisted|p1a: Venusaur
|-damage|p1a: Venusaur|253\/363
|
|turn|3
|
|switch|p2a: Bisharp|Bisharp, M|272\/272
|-damage|p2a: Bisharp|255\/272|[from] Stealth Rock
|detailschange|p1a: Venusaur|Venusaur-Mega, F
|message|Venusaur has Mega Evolved into Mega Venusaur!
|move|p1a: Venusaur|Giga Drain|p2a: Bisharp
|-resisted|p2a: Bisharp
|-damage|p2a: Bisharp|179\/272
|-heal|p1a: Venusaur|291\/363|[from] drain|[of] p2a: Bisharp
|
|turn|4
|
|move|p2a: Bisharp|Taunt|p1a: Venusaur
|-start|p1a: Venusaur|move: Taunt
|cant|p1a: Venusaur|move: Taunt|Leech Seed
|
|turn|5
|
|move|p2a: Bisharp|Iron Head|p1a: Venusaur
|-damage|p1a: Venusaur|166\/363
|-damage|p2a: Bisharp|152\/272|[from] item: Life Orb
|cant|p1a: Venusaur|flinch
|
|turn|6
|
|switch|p1a: Infernape|Infernape, F|293\/293
|move|p2a: Bisharp|Iron Head|p1a: Infernape
|-resisted|p1a: Infernape
|-damage|p1a: Infernape|168\/293
|-damage|p2a: Bisharp|125\/272|[from] item: Life Orb
|
|turn|7
|
|switch|p2a: Garchomp|Garchomp, M|357\/357
|-damage|p2a: Garchomp|335\/357|[from] Stealth Rock
|move|p1a: Infernape|Close Combat|p2a: Garchomp
|-damage|p2a: Garchomp|44\/357
|-damage|p1a: Infernape|132\/293|[from] ability: Rough Skin|[of] p2a: Garchomp
|-unboost|p1a: Infernape|def|1
|-unboost|p1a: Infernape|spd|1
|
|turn|8
|
|switch|p1a: Landorus-Therian|Landorus-Therian, M|319\/319
|-ability|p1a: Landorus-Therian|Intimidate|[of] p2a: Garchomp
|-unboost|p2a: Garchomp|atk|1
|move|p2a: Garchomp|Outrage|p1a: Landorus-Therian
|-crit|p1a: Landorus-Therian
|-damage|p1a: Landorus-Therian|0 fnt
|faint|p1a: Landorus-Therian
|
|
|switch|p1a: Bisharp|Bisharp, M|311\/311
|turn|9
|
|move|p1a: Bisharp|Sucker Punch|p2a: Garchomp
|-damage|p2a: Garchomp|0 fnt
|-damage|p1a: Bisharp|273\/311|[from] ability: Rough Skin|[of] p2a: Garchomp
|faint|p2a: Garchomp
|
|
|switch|p2a: Keldeo|Keldeo|323\/323
|-damage|p2a: Keldeo|303\/323|[from] Stealth Rock
|turn|10
|
|switch|p1a: Latios|Latios, M|301\/301
|move|p2a: Keldeo|Scald|p1a: Latios
|-resisted|p1a: Latios
|-damage|p1a: Latios|203\/301
|-status|p1a: Latios|brn
|
|-damage|p1a: Latios|166\/301 brn|[from] brn
|turn|11
|
|switch|p1a: Rotom-Wash|Rotom-Wash|303\/303
|switch|p2a: Tyranitar|Tyranitar, F|404\/404
|-damage|p2a: Tyranitar|354\/404|[from] Stealth Rock
|-weather|Sandstorm
|
|-weather|Sandstorm|[upkeep]
|-damage|p1a: Rotom-Wash|285\/303|[from] sandstorm
|-heal|p2a: Tyranitar|379\/404|[from] item: Leftovers
|turn|12
|
|move|p1a: Rotom-Wash|Hydro Pump|p2a: Tyranitar
|-supereffective|p2a: Tyranitar
|-damage|p2a: Tyranitar|241\/404
|move|p2a: Tyranitar|Stealth Rock|p1a: Rotom-Wash
|-sidestart|p1: LT6Z SDnite|move: Stealth Rock
|
|-weather|Sandstorm|[upkeep]
|-damage|p1a: Rotom-Wash|267\/303|[from] sandstorm
|-heal|p2a: Tyranitar|266\/404|[from] item: Leftovers
|turn|13
|
|move|p1a: Rotom-Wash|Will-O-Wisp|p2a: Tyranitar
|-status|p2a: Tyranitar|brn
|move|p2a: Tyranitar|Superpower|p1a: Rotom-Wash
|-damage|p1a: Rotom-Wash|226\/303
|-unboost|p2a: Tyranitar|atk|1
|-unboost|p2a: Tyranitar|def|1
|
|-weather|Sandstorm|[upkeep]
|-damage|p1a: Rotom-Wash|208\/303|[from] sandstorm
|-heal|p2a: Tyranitar|291\/404 brn|[from] item: Leftovers
|-damage|p2a: Tyranitar|241\/404 brn|[from] brn
|turn|14
|
|switch|p2a: Venusaur|Venusaur, M|364\/364
|-damage|p2a: Venusaur|319\/364|[from] Stealth Rock
|move|p1a: Rotom-Wash|Will-O-Wisp|p2a: Venusaur
|-status|p2a: Venusaur|brn
|
|-weather|Sandstorm|[upkeep]
|-damage|p1a: Rotom-Wash|190\/303|[from] sandstorm
|-damage|p2a: Venusaur|297\/364 brn|[from] sandstorm
|-damage|p2a: Venusaur|252\/364 brn|[from] brn
|turn|15
|
|detailschange|p2a: Venusaur|Venusaur-Mega, M
|message|Venusaur has Mega Evolved into Mega Venusaur!
|move|p1a: Rotom-Wash|Volt Switch|p2a: Venusaur
|-resisted|p2a: Venusaur
|-damage|p2a: Venusaur|216\/364 brn
|
|switch|p1a: Bisharp|Bisharp, M|273\/311
|-damage|p1a: Bisharp|254\/311|[from] Stealth Rock
|move|p2a: Venusaur|Giga Drain|p1a: Bisharp
|-resisted|p1a: Bisharp
|-damage|p1a: Bisharp|212\/311
|-heal|p2a: Venusaur|237\/364 brn|[from] drain|[of] p1a: Bisharp
|
|-weather|none
|-damage|p2a: Venusaur|192\/364 brn|[from] brn
|turn|16
|
|switch|p1a: Latios|Latios, M|166\/301 brn
|-damage|p1a: Latios|129\/301 brn|[from] Stealth Rock
|move|p2a: Venusaur|Hidden Power|p1a: Latios
|-resisted|p1a: Latios
|-damage|p1a: Latios|103\/301 brn
|
|-damage|p1a: Latios|66\/301 brn|[from] brn
|-damage|p2a: Venusaur|147\/364 brn|[from] brn
|turn|17
|
|switch|p2a: Tyranitar|Tyranitar, F|241\/404 brn
|-damage|p2a: Tyranitar|191\/404 brn|[from] Stealth Rock
|-weather|Sandstorm
|move|p1a: Latios|Roost|p1a: Latios
|-heal|p1a: Latios|217\/301 brn
|
|-weather|Sandstorm|[upkeep]
|-damage|p1a: Latios|199\/301 brn|[from] sandstorm
|-heal|p2a: Tyranitar|216\/404 brn|[from] item: Leftovers
|-damage|p1a: Latios|162\/301 brn|[from] brn
|-damage|p2a: Tyranitar|166\/404 brn|[from] brn
|turn|18
|
|move|p1a: Latios|Roost|p1a: Latios
|-heal|p1a: Latios|301\/301 brn
|move|p2a: Tyranitar|Pursuit|p1a: Latios
|-supereffective|p1a: Latios
|-damage|p1a: Latios|217\/301 brn
|
|-weather|Sandstorm|[upkeep]
|-damage|p1a: Latios|199\/301 brn|[from] sandstorm
|-heal|p2a: Tyranitar|191\/404 brn|[from] item: Leftovers
|-damage|p1a: Latios|162\/301 brn|[from] brn
|-damage|p2a: Tyranitar|141\/404 brn|[from] brn
|turn|19
|
|move|p1a: Latios|Draco Meteor|p2a: Tyranitar
|-damage|p2a: Tyranitar|0 fnt
|-unboost|p1a: Latios|spa|2
|-damage|p1a: Latios|132\/301 brn|[from] item: Life Orb
|faint|p2a: Tyranitar
|
|-weather|Sandstorm|[upkeep]
|-damage|p1a: Latios|114\/301 brn|[from] sandstorm
|-damage|p1a: Latios|77\/301 brn|[from] brn
|
|switch|p2a: Thundurus|Thundurus, M|299\/299
|-damage|p2a: Thundurus|225\/299|[from] Stealth Rock
|turn|20
|
|move|p2a: Thundurus|Thunderbolt|p1a: Latios
|-resisted|p1a: Latios
|-damage|p1a: Latios|0 fnt
|-damage|p2a: Thundurus|196\/299|[from] item: Life Orb
|faint|p1a: Latios
|
|-weather|Sandstorm|[upkeep]
|-damage|p2a: Thundurus|178\/299|[from] sandstorm
|
|switch|p1a: Bisharp|Bisharp, M|212\/311
|-damage|p1a: Bisharp|193\/311|[from] Stealth Rock
|turn|21
|
|move|p2a: Thundurus|Thunder Wave|p1a: Bisharp
|-status|p1a: Bisharp|par
|move|p1a: Bisharp|Pursuit|p2a: Thundurus
|-crit|p2a: Thundurus
|-damage|p2a: Thundurus|19\/299
|
|-weather|none
|turn|22
|
|cant|p1a: Bisharp|par
|move|p2a: Thundurus|Superpower|p1a: Bisharp
|-supereffective|p1a: Bisharp
|-damage|p1a: Bisharp|0 fnt
|-unboost|p2a: Thundurus|atk|1
|-unboost|p2a: Thundurus|def|1
|-damage|p2a: Thundurus|0 fnt|[from] item: Life Orb
|faint|p1a: Bisharp
|faint|p2a: Thundurus
|
|
|switch|p2a: Keldeo|Keldeo|303\/323
|-damage|p2a: Keldeo|283\/323|[from] Stealth Rock
|switch|p1a: Rotom-Wash|Rotom-Wash|190\/303
|-damage|p1a: Rotom-Wash|153\/303|[from] Stealth Rock
|turn|23
|
|move|p2a: Keldeo|Secret Sword|p1a: Rotom-Wash
|-damage|p1a: Rotom-Wash|3\/303
|move|p1a: Rotom-Wash|Rest|p1a: Rotom-Wash
|-status|p1a: Rotom-Wash|slp
|-heal|p1a: Rotom-Wash|303\/303 slp|[silent]
|-status|p1a: Rotom-Wash|slp|[from] move: Rest
|-enditem|p1a: Rotom-Wash|Chesto Berry|[eat]
|-curestatus|p1a: Rotom-Wash|slp
|
|turn|24
|
|move|p2a: Keldeo|Secret Sword|p1a: Rotom-Wash
|-damage|p1a: Rotom-Wash|147\/303
|move|p1a: Rotom-Wash|Volt Switch|p2a: Keldeo
|-crit|p2a: Keldeo
|-supereffective|p2a: Keldeo
|-damage|p2a: Keldeo|0 fnt
|faint|p2a: Keldeo
|
|switch|p1a: Infernape|Infernape, F|132\/293
|-damage|p1a: Infernape|96\/293|[from] Stealth Rock
|
|
|switch|p2a: Bisharp|Bisharp, M|125\/272
|-damage|p2a: Bisharp|108\/272|[from] Stealth Rock
|turn|25
|
|move|p1a: Infernape|Mach Punch|p2a: Bisharp
|-supereffective|p2a: Bisharp
|-damage|p2a: Bisharp|0 fnt
|faint|p2a: Bisharp
|
|
|switch|p2a: Venusaur|Venusaur-Mega, M|147\/364 brn
|-damage|p2a: Venusaur|102\/364 brn|[from] Stealth Rock
|turn|26
|
|switch|p1a: Venusaur|Venusaur-Mega, F|166\/363
|-damage|p1a: Venusaur|121\/363|[from] Stealth Rock
|move|p2a: Venusaur|Synthesis|p2a: Venusaur
|-heal|p2a: Venusaur|284\/364 brn
|
|-damage|p2a: Venusaur|239\/364 brn|[from] brn
|turn|27
|
|move|p1a: Venusaur|Synthesis|p1a: Venusaur
|-heal|p1a: Venusaur|302\/363
|move|p2a: Venusaur|Synthesis|p2a: Venusaur
|-heal|p2a: Venusaur|364\/364 brn
|
|-damage|p2a: Venusaur|319\/364 brn|[from] brn
|turn|28
|
|move|p1a: Venusaur|Sludge Bomb|p2a: Venusaur
|-damage|p2a: Venusaur|220\/364 brn
|move|p2a: Venusaur|Hidden Power|p1a: Venusaur
|-supereffective|p1a: Venusaur
|-damage|p1a: Venusaur|254\/363
|
|-damage|p2a: Venusaur|175\/364 brn|[from] brn
|turn|29
|-message|ThisFireBurns forfeited.
|
|win|LT6Z SDnite
|raw|Ladder updating...
|leave|ThisFireBurns
|player|p2
|raw|LT6Z SDnite's rating: 1826 &rarr; <strong>1842<\/strong><br \/>(+16 for winning)
|raw|ThisFireBurns's rating: 1752 &rarr; <strong>1736<\/strong><br \/>(-16 for losing)