|join|PewPewInc
|join|ThisFireBurns
|player|p1|PewPewInc|281
|player|p2|ThisFireBurns|2
|gametype|singles
|gen|6
|tier|OU
|rated
|clearpoke
|poke|p1|Latios, M
|poke|p1|Aegislash, M, shiny
|poke|p1|Tyranitar, F
|poke|p1|Venusaur, F, shiny
|poke|p1|Landorus-Therian, M, shiny
|poke|p1|Vaporeon, M
|poke|p2|Tyranitar, M
|poke|p2|Rotom-Wash
|poke|p2|Keldeo
|poke|p2|Garchomp, M
|poke|p2|Venusaur, M
|poke|p2|Aegislash, M
|rule|Sleep Clause Mod: Limit one foe put to sleep
|rule|Species Clause: Limit one of each Pokemon
|rule|OHKO Clause: OHKO moves are banned
|rule|Moody Clause: Moody is banned
|rule|Evasion Moves Clause: Evasion moves are banned
|rule|Endless Battle Clause: Forcing endless battles is banned.
|rule|HP Percentage Mod: HP is reported as percentages
|teampreview
|
|start
|switch|p1a: Landorus-Therian|Landorus-Therian, M, shiny|320\/320
|switch|p2a: Tyranitar|Tyranitar, M|404\/404
|-ability|p1a: Landorus-Therian|Intimidate|[of] p2a: Tyranitar
|-unboost|p2a: Tyranitar|atk|1
|-weather|Sandstorm
|turn|1
|join|Disenchanted
|join|uny ^~^
|chat|uny ^~^|nossa rick seu lixo
|chat|uny ^~^|._.
|leave|ThisFireBurns
|player|p2
|join|ThisFireBurns
|player|p2|ThisFireBurns|2
|
|move|p1a: Landorus-Therian|U-turn|p2a: Tyranitar
|-supereffective|p2a: Tyranitar
|-damage|p2a: Tyranitar|228\/404
|
|switch|p1a: Venusaur|Venusaur, F, shiny|364\/364
|move|p2a: Tyranitar|Ice Beam|p1a: Venusaur
|-supereffective|p1a: Venusaur
|-damage|p1a: Venusaur|224\/364
|-status|p1a: Venusaur|frz
|
|-weather|Sandstorm|[upkeep]
|-damage|p1a: Venusaur|202\/364 frz|[from] sandstorm
|-heal|p2a: Tyranitar|253\/404|[from] item: Leftovers
|turn|2
|chat|Disenchanted|aeho
|
|-formechange|p1a: Venusaur|Venusaur-Mega
|message|Venusaur has Mega Evolved into Mega Venusaur!
|cant|p1a: Venusaur|frz
|move|p2a: Tyranitar|Stealth Rock|p1a: Venusaur
|-sidestart|p1: PewPewInc|move: Stealth Rock
|
|-weather|Sandstorm|[upkeep]
|-damage|p1a: Venusaur|180\/364 frz|[from] sandstorm
|-heal|p2a: Tyranitar|278\/404|[from] item: Leftovers
|turn|3
|
|switch|p2a: Garchomp|Garchomp, M|357\/357
|-curestatus|p1a: Venusaur|frz
|move|p1a: Venusaur|Giga Drain|p2a: Garchomp|[miss]
|-miss|p1a: Venusaur|p2a: Garchomp
|
|-weather|Sandstorm|[upkeep]
|-damage|p1a: Venusaur|158\/364|[from] sandstorm
|turn|4
|
|move|p2a: Garchomp|Swords Dance|p2a: Garchomp
|-boost|p2a: Garchomp|atk|2
|move|p1a: Venusaur|Giga Drain|p2a: Garchomp|[miss]
|-miss|p1a: Venusaur|p2a: Garchomp
|
|-weather|Sandstorm|[upkeep]
|-damage|p1a: Venusaur|136\/364|[from] sandstorm
|turn|5
|chat|PewPewInc|omfg
|-message|PewPewInc forfeited.
|
|win|ThisFireBurns
|raw|Ladder updating...
|raw|PewPewInc's rating: 1683 &rarr; <strong>1658<\/strong><br \/>(-25 for losing)
|raw|ThisFireBurns's rating: 1591 &rarr; <strong>1616<\/strong><br \/>(+25 for winning)
|leave|PewPewInc
|player|p1
|chat|ThisFireBurns|BRBRBRBRBRBRBRBRBBRBR
|leave|Disenchanted
|chat|ThisFireBurns|HUEHEUHUEHUHEUHEUHEUE