|join|Hello Goodbye
|join|ThisFireBurns
|player|p1|Hello Goodbye|40
|player|p2|ThisFireBurns|2
|gametype|singles
|gen|6
|tier|OU
|rated
|clearpoke
|poke|p1|Garchomp, F
|poke|p1|Entei, shiny
|poke|p1|Thundurus, M
|poke|p1|Latias, F
|poke|p1|Azumarill, M
|poke|p1|Aegislash, M
|poke|p2|Pinsir, M
|poke|p2|Thundurus, M
|poke|p2|Excadrill, M
|poke|p2|Keldeo
|poke|p2|Latias, F
|poke|p2|Tyranitar, F
|rule|Sleep Clause Mod: Limit one foe put to sleep
|rule|Species Clause: Limit one of each Pokemon
|rule|OHKO Clause: OHKO moves are banned
|rule|Moody Clause: Moody is banned
|rule|Evasion Moves Clause: Evasion moves are banned
|rule|Endless Battle Clause: Forcing endless battles is banned.
|rule|HP Percentage Mod: HP is reported as percentages
|teampreview
|
|start
|switch|p1a: Lati Minaj|Latias, F|301\/301
|switch|p2a: Keldeo|Keldeo|323\/323
|turn|1
|
|switch|p1a: Garchomp Lamar|Garchomp, F|358\/358
|switch|p2a: Tyranitar|Tyranitar, F|404\/404
|-weather|Sandstorm
|
|-weather|Sandstorm|[upkeep]
|turn|2
|
|move|p1a: Garchomp Lamar|Stealth Rock|p2a: Tyranitar
|-sidestart|p2: ThisFireBurns|move: Stealth Rock
|move|p2a: Tyranitar|Ice Beam|p1a: Garchomp Lamar
|-supereffective|p1a: Garchomp Lamar
|-damage|p1a: Garchomp Lamar|46\/358
|
|-weather|Sandstorm|[upkeep]
|turn|3
|
|move|p1a: Garchomp Lamar|Dragon Claw|p2a: Tyranitar
|-damage|p2a: Tyranitar|284\/404
|move|p2a: Tyranitar|Pursuit|p1a: Garchomp Lamar
|-damage|p1a: Garchomp Lamar|0 fnt
|-damage|p2a: Tyranitar|234\/404|[from] ability: Rough Skin|[of] p1a: Garchomp Lamar
|-damage|p2a: Tyranitar|167\/404|[from] item: Rocky Helmet|[of] p1a: Garchomp Lamar
|faint|p1a: Garchomp Lamar
|
|-weather|Sandstorm|[upkeep]
|-heal|p2a: Tyranitar|192\/404|[from] item: Leftovers
|
|switch|p1a: Marill Santana|Azumarill, M|342\/342
|turn|4
|
|move|p1a: Marill Santana|Play Rough|p2a: Tyranitar
|-supereffective|p2a: Tyranitar
|-damage|p2a: Tyranitar|0 fnt
|faint|p2a: Tyranitar
|
|-weather|Sandstorm|[upkeep]
|-damage|p1a: Marill Santana|321\/342|[from] Sandstorm
|
|switch|p2a: Excadrill|Excadrill, M|361\/361
|-damage|p2a: Excadrill|350\/361|[from] Stealth Rock
|turn|5
|
|move|p2a: Excadrill|Rapid Spin|p1a: Marill Santana
|-damage|p1a: Marill Santana|287\/342
|-sideend|p2: ThisFireBurns|Stealth Rock|[from] move: Rapid Spin|[of] p2a: Excadrill
|move|p1a: Marill Santana|Waterfall|p2a: Excadrill
|-supereffective|p2a: Excadrill
|-damage|p2a: Excadrill|0 fnt
|faint|p2a: Excadrill
|
|-weather|none
|
|switch|p2a: Thundurus|Thundurus, M|299\/299
|turn|6
|
|switch|p1a: Lati Minaj|Latias, F|301\/301
|move|p2a: Thundurus|Thunderbolt|p1a: Lati Minaj
|-resisted|p1a: Lati Minaj
|-damage|p1a: Lati Minaj|223\/301
|-damage|p2a: Thundurus|270\/299|[from] item: Life Orb
|
|turn|7
|
|move|p2a: Thundurus|Thunder Wave|p1a: Lati Minaj
|-status|p1a: Lati Minaj|par
|cant|p1a: Lati Minaj|par
|
|turn|8
|
|move|p2a: Thundurus|Hidden Power|p1a: Lati Minaj
|-supereffective|p1a: Lati Minaj
|-damage|p1a: Lati Minaj|77\/301 par
|-damage|p2a: Thundurus|241\/299|[from] item: Life Orb
|cant|p1a: Lati Minaj|par
|
|turn|9
|
|move|p2a: Thundurus|Thunderbolt|p1a: Lati Minaj
|-crit|p1a: Lati Minaj
|-resisted|p1a: Lati Minaj
|-damage|p1a: Lati Minaj|0 fnt
|-damage|p2a: Thundurus|212\/299|[from] item: Life Orb
|faint|p1a: Lati Minaj
|
|
|switch|p1a: 2Stances|Aegislash, M|323\/323
|turn|10
|
|move|p2a: Thundurus|Thunderbolt|p1a: 2Stances
|-damage|p1a: 2Stances|167\/323
|-damage|p2a: Thundurus|183\/299|[from] item: Life Orb
|-formechange|p1a: 2Stances|Aegislash-Blade
|move|p1a: 2Stances|Shadow Ball|p2a: Thundurus
|-damage|p2a: Thundurus|0 fnt
|faint|p2a: Thundurus
|
|-heal|p1a: 2Stances|187\/323|[from] item: Leftovers
|
|switch|p2a: Keldeo|Keldeo|323\/323
|turn|11
|
|-formechange|p1a: 2Stances|Aegislash
|move|p1a: 2Stances|King's Shield|p1a: 2Stances
|-singleturn|p1a: 2Stances|Protect
|move|p2a: Keldeo|Scald|p1a: 2Stances
|-activate|p1a: 2Stances|Protect
|
|-heal|p1a: 2Stances|207\/323|[from] item: Leftovers
|turn|12
|
|move|p2a: Keldeo|Scald|p1a: 2Stances
|-damage|p1a: 2Stances|57\/323
|-formechange|p1a: 2Stances|Aegislash-Blade
|move|p1a: 2Stances|Shadow Ball|p2a: Keldeo
|-damage|p2a: Keldeo|149\/323
|
|-heal|p1a: 2Stances|77\/323|[from] item: Leftovers
|turn|13
|
|move|p1a: 2Stances|Shadow Sneak|p2a: Keldeo
|-damage|p2a: Keldeo|79\/323
|move|p2a: Keldeo|Scald|p1a: 2Stances
|-damage|p1a: 2Stances|0 fnt
|faint|p1a: 2Stances
|
|
|switch|p1a: T. Cole|Thundurus, M|299\/299
|turn|14
|
|switch|p2a: Latias|Latias, F|350\/350
|move|p1a: T. Cole|Thunderbolt|p2a: Latias
|-resisted|p2a: Latias
|-damage|p2a: Latias|267\/350
|-damage|p1a: T. Cole|270\/299|[from] item: Life Orb
|
|turn|15
|
|switch|p1a: MC Entei|Entei, shiny|371\/371
|-ability|p1a: MC Entei|Pressure
|move|p2a: Latias|Psyshock|p1a: MC Entei
|-damage|p1a: MC Entei|207\/371
|-damage|p2a: Latias|232\/350|[from] item: Life Orb
|
|turn|16
|
|move|p1a: MC Entei|Extreme Speed|p2a: Latias
|-damage|p2a: Latias|73\/350
|move|p2a: Latias|Draco Meteor|p1a: MC Entei
|-damage|p1a: MC Entei|0 fnt
|-unboost|p2a: Latias|spa|2
|-damage|p2a: Latias|38\/350|[from] item: Life Orb
|faint|p1a: MC Entei
|
|
|switch|p1a: T. Cole|Thundurus, M|270\/299
|turn|17
|
|move|p1a: T. Cole|Hidden Power|p2a: Latias
|-supereffective|p2a: Latias
|-damage|p2a: Latias|0 fnt
|-damage|p1a: T. Cole|241\/299|[from] item: Life Orb
|faint|p2a: Latias
|
|
|switch|p2a: Pinsir|Pinsir, M|271\/271
|-ability|p2a: Pinsir|Mold Breaker
|turn|18
|
|move|p1a: T. Cole|Thunderbolt|p2a: Pinsir
|-damage|p2a: Pinsir|21\/271
|-damage|p1a: T. Cole|212\/299|[from] item: Life Orb
|move|p2a: Pinsir|Return|p1a: T. Cole
|-damage|p1a: T. Cole|48\/299
|
|turn|19
|
|move|p1a: T. Cole|Thunder Wave|p2a: Pinsir
|-status|p2a: Pinsir|par
|cant|p2a: Pinsir|par
|
|turn|20
|
|switch|p1a: Marill Santana|Azumarill, M|287\/342
|move|p2a: Pinsir|Quick Attack|p1a: Marill Santana
|-damage|p1a: Marill Santana|231\/342
|
|turn|21
|
|-formechange|p2a: Pinsir|Pinsir-Mega
|message|Pinsir has Mega Evolved into Mega Pinsir!
|move|p1a: Marill Santana|Aqua Jet|p2a: Pinsir
|-damage|p2a: Pinsir|0 fnt
|faint|p2a: Pinsir
|
|
|switch|p2a: Keldeo|Keldeo|79\/323
|turn|22
|-message|ThisFireBurns forfeited.
|
|win|Hello Goodbye
|raw|Ladder updating...
|raw|Hello Goodbye's rating: 1653 &rarr; <strong>1674<\/strong><br \/>(+21 for winning)
|raw|ThisFireBurns's rating: 1664 &rarr; <strong>1644<\/strong><br \/>(-20 for losing)
|leave|ThisFireBurns
|player|p2