|join|kullhadd hekk
|join|ThisFireBurns
|player|p1|kullhadd hekk|101
|player|p2|ThisFireBurns|1
|gametype|singles
|gen|6
|tier|OU
|rated
|clearpoke
|poke|p1|Krookodile, M
|poke|p1|Venusaur, M
|poke|p1|Skarmory, M
|poke|p1|Chansey, F
|poke|p1|Aegislash, M
|poke|p1|Quagsire, M
|poke|p2|Gardevoir, F, shiny
|poke|p2|Landorus-Therian, M
|poke|p2|Tyranitar, F
|poke|p2|Conkeldurr, M
|poke|p2|Rotom-Wash
|poke|p2|Latias, F
|rule|Sleep Clause Mod: Limit one foe put to sleep
|rule|Species Clause: Limit one of each Pokemon
|rule|OHKO Clause: OHKO moves are banned
|rule|Moody Clause: Moody is banned
|rule|Evasion Moves Clause: Evasion moves are banned
|rule|Endless Battle Clause: Forcing endless battles is banned.
|rule|HP Percentage Mod: HP is reported as percentages
|teampreview
|
|start
|switch|p1a: Krookodile|Krookodile, M|394\/394
|switch|p2a: Rotom-Wash|Rotom-Wash|299\/299
|-ability|p1a: Krookodile|Intimidate|[of] p2a: Rotom-Wash
|-unboost|p2a: Rotom-Wash|atk|1
|turn|1
|
|switch|p1a: Venusaur|Venusaur, M|363\/363
|move|p2a: Rotom-Wash|Hydro Pump|p1a: Venusaur|[miss]
|-miss|p2a: Rotom-Wash|p1a: Venusaur
|
|turn|2
|
|-formechange|p1a: Venusaur|Venusaur-Mega
|message|Venusaur has Mega Evolved into Mega Venusaur!
|move|p2a: Rotom-Wash|Will-O-Wisp|p1a: Venusaur
|-status|p1a: Venusaur|brn
|move|p1a: Venusaur|Giga Drain|p2a: Rotom-Wash
|-supereffective|p2a: Rotom-Wash
|-damage|p2a: Rotom-Wash|83\/299
|
|-damage|p1a: Venusaur|318\/363 brn|[from] brn
|turn|3
|
|switch|p1a: Chansey|Chansey, F|701\/701
|move|p2a: Rotom-Wash|Volt Switch|p1a: Chansey
|-damage|p1a: Chansey|640\/701
|
|switch|p2a: Landorus-Therian|Landorus-Therian, M|319\/319
|-ability|p2a: Landorus-Therian|Intimidate|[of] p1a: Chansey
|-unboost|p1a: Chansey|atk|1
|
|turn|4
|
|switch|p1a: Skarmory|Skarmory, M|333\/333
|move|p2a: Landorus-Therian|Knock Off|p1a: Skarmory
|-crit|p1a: Skarmory
|-damage|p1a: Skarmory|220\/333
|-damage|p2a: Landorus-Therian|266\/319|[from] item: Rocky Helmet|[of] p1a: Skarmory
|-enditem|p1a: Skarmory|Rocky Helmet|[from] move: Knock Off|[of] p2a: Landorus-Therian
|
|turn|5
|
|switch|p2a: Rotom-Wash|Rotom-Wash|83\/299
|move|p1a: Skarmory|Roost|p1a: Skarmory
|-heal|p1a: Skarmory|333\/333
|
|turn|6
|
|switch|p1a: Chansey|Chansey, F|640\/701
|move|p2a: Rotom-Wash|Volt Switch|p1a: Chansey
|-damage|p1a: Chansey|577\/701
|
|switch|p2a: Conkeldurr|Conkeldurr, M|414\/414
|
|turn|7
|
|switch|p1a: Krookodile|Krookodile, M|394\/394
|-ability|p1a: Krookodile|Intimidate|[of] p2a: Conkeldurr
|-unboost|p2a: Conkeldurr|atk|1
|move|p2a: Conkeldurr|Drain Punch|p1a: Krookodile
|-crit|p1a: Krookodile
|-supereffective|p1a: Krookodile
|-damage|p1a: Krookodile|8\/394
|
|-heal|p1a: Krookodile|32\/394|[from] item: Leftovers
|turn|8
|chat|kullhadd hekk|ewww
|
|switch|p1a: Venusaur|Venusaur, M|318\/363 brn
|-formechange|p1a: Venusaur|Venusaur-Mega
|move|p2a: Conkeldurr|Mach Punch|p1a: Venusaur
|-resisted|p1a: Venusaur
|-damage|p1a: Venusaur|300\/363 brn
|
|-damage|p1a: Venusaur|255\/363 brn|[from] brn
|turn|9
|chat|ThisFireBurns|sorry
|
|switch|p2a: Latias|Latias, F|350\/350
|move|p1a: Venusaur|Giga Drain|p2a: Latias
|-resisted|p2a: Latias
|-damage|p2a: Latias|311\/350
|-heal|p1a: Venusaur|275\/363 brn|[from] drain|[of] p2a: Latias
|
|-damage|p1a: Venusaur|230\/363 brn|[from] brn
|turn|10
|
|switch|p1a: Aegislash|Aegislash, M|324\/324
|move|p2a: Latias|Psyshock|p1a: Aegislash
|-resisted|p1a: Aegislash
|-damage|p1a: Aegislash|279\/324
|-damage|p2a: Latias|276\/350|[from] item: Life Orb
|
|-heal|p1a: Aegislash|299\/324|[from] item: Leftovers
|turn|11
|
|switch|p2a: Tyranitar|Tyranitar, F|404\/404
|-weather|Sandstorm
|move|p1a: Aegislash|Toxic|p2a: Tyranitar
|-status|p2a: Tyranitar|tox
|
|-weather|Sandstorm|[upkeep]
|-heal|p1a: Aegislash|319\/324|[from] item: Leftovers
|-damage|p2a: Tyranitar|379\/404 tox|[from] psn
|turn|12
|
|move|p1a: Aegislash|King's Shield|p1a: Aegislash
|-singleturn|p1a: Aegislash|Protect
|move|p2a: Tyranitar|Stealth Rock|p1a: Aegislash
|-sidestart|p1: kullhadd hekk|move: Stealth Rock
|
|-weather|Sandstorm|[upkeep]
|-heal|p1a: Aegislash|324\/324|[from] item: Leftovers
|-heal|p2a: Tyranitar|404\/404 tox|[from] item: Leftovers
|-damage|p2a: Tyranitar|354\/404 tox|[from] psn
|turn|13
|
|move|p1a: Aegislash|Substitute|p1a: Aegislash
|-start|p1a: Aegislash|Substitute
|-damage|p1a: Aegislash|243\/324
|move|p2a: Tyranitar|Pursuit|p1a: Aegislash
|-supereffective|p1a: Aegislash
|-end|p1a: Aegislash|Substitute
|
|-weather|Sandstorm|[upkeep]
|-heal|p1a: Aegislash|263\/324|[from] item: Leftovers
|-heal|p2a: Tyranitar|379\/404 tox|[from] item: Leftovers
|-damage|p2a: Tyranitar|304\/404 tox|[from] psn
|turn|14
|
|switch|p2a: Conkeldurr|Conkeldurr, M|414\/414
|move|p1a: Aegislash|Substitute|p1a: Aegislash
|-start|p1a: Aegislash|Substitute
|-damage|p1a: Aegislash|182\/324
|
|-weather|Sandstorm|[upkeep]
|-damage|p2a: Conkeldurr|389\/414|[from] sandstorm
|-heal|p1a: Aegislash|202\/324|[from] item: Leftovers
|turn|15
|
|move|p1a: Aegislash|King's Shield|p1a: Aegislash
|-singleturn|p1a: Aegislash|Protect
|move|p2a: Conkeldurr|Drain Punch|p1a: Aegislash
|-immune|p1a: Aegislash|[msg]
|
|-weather|none
|-heal|p1a: Aegislash|222\/324|[from] item: Leftovers
|turn|16
|
|-formechange|p1a: Aegislash|Aegislash-Blade
|move|p1a: Aegislash|Shadow Ball|p2a: Conkeldurr
|-damage|p2a: Conkeldurr|224\/414
|-unboost|p2a: Conkeldurr|spd|1
|move|p2a: Conkeldurr|Knock Off|p1a: Aegislash
|-supereffective|p1a: Aegislash
|-end|p1a: Aegislash|Substitute
|
|-heal|p1a: Aegislash|242\/324|[from] item: Leftovers
|turn|17
|
|move|p1a: Aegislash|Substitute|p1a: Aegislash
|-start|p1a: Aegislash|Substitute
|-damage|p1a: Aegislash|161\/324
|move|p2a: Conkeldurr|Knock Off|p1a: Aegislash
|-supereffective|p1a: Aegislash
|-end|p1a: Aegislash|Substitute
|
|-heal|p1a: Aegislash|181\/324|[from] item: Leftovers
|turn|18
|
|switch|p2a: Tyranitar|Tyranitar, F|304\/404 tox
|-weather|Sandstorm
|-formechange|p1a: Aegislash|Aegislash
|move|p1a: Aegislash|King's Shield|p1a: Aegislash
|-fail|p1a: Aegislash
|
|-weather|Sandstorm|[upkeep]
|-heal|p1a: Aegislash|201\/324|[from] item: Leftovers
|-heal|p2a: Tyranitar|329\/404 tox|[from] item: Leftovers
|-damage|p2a: Tyranitar|304\/404 tox|[from] psn
|turn|19
|
|move|p1a: Aegislash|King's Shield|p1a: Aegislash
|-singleturn|p1a: Aegislash|Protect
|move|p2a: Tyranitar|Pursuit|p1a: Aegislash
|-activate|p1a: Aegislash|Protect
|-unboost|p2a: Tyranitar|atk|2
|
|-weather|Sandstorm|[upkeep]
|-heal|p1a: Aegislash|221\/324|[from] item: Leftovers
|-heal|p2a: Tyranitar|329\/404 tox|[from] item: Leftovers
|-damage|p2a: Tyranitar|279\/404 tox|[from] psn
|turn|20
|
|switch|p2a: Rotom-Wash|Rotom-Wash|83\/299
|move|p1a: Aegislash|Substitute|p1a: Aegislash
|-start|p1a: Aegislash|Substitute
|-damage|p1a: Aegislash|140\/324
|
|-weather|Sandstorm|[upkeep]
|-damage|p2a: Rotom-Wash|65\/299|[from] sandstorm
|-heal|p1a: Aegislash|160\/324|[from] item: Leftovers
|turn|21
|
|move|p2a: Rotom-Wash|Volt Switch|p1a: Aegislash
|-activate|p1a: Aegislash|Substitute|[damage]
|
|switch|p2a: Tyranitar|Tyranitar, F|279\/404 tox
|-formechange|p1a: Aegislash|Aegislash-Blade
|move|p1a: Aegislash|Shadow Ball|p2a: Tyranitar
|-resisted|p2a: Tyranitar
|-damage|p2a: Tyranitar|234\/404 tox
|
|-weather|Sandstorm|[upkeep]
|-heal|p1a: Aegislash|180\/324|[from] item: Leftovers
|-heal|p2a: Tyranitar|259\/404 tox|[from] item: Leftovers
|-damage|p2a: Tyranitar|234\/404 tox|[from] psn
|turn|22
|
|-formechange|p1a: Aegislash|Aegislash
|move|p1a: Aegislash|King's Shield|p1a: Aegislash
|-singleturn|p1a: Aegislash|Protect
|move|p2a: Tyranitar|Stealth Rock|p1a: Aegislash
|-fail|p1a: Aegislash
|
|-weather|none
|-heal|p1a: Aegislash|200\/324|[from] item: Leftovers
|-heal|p2a: Tyranitar|259\/404 tox|[from] item: Leftovers
|-damage|p2a: Tyranitar|209\/404 tox|[from] psn
|turn|23
|
|-formechange|p1a: Aegislash|Aegislash-Blade
|move|p1a: Aegislash|Shadow Ball|p2a: Tyranitar
|-resisted|p2a: Tyranitar
|-damage|p2a: Tyranitar|137\/404 tox
|-unboost|p2a: Tyranitar|spd|1
|move|p2a: Tyranitar|Pursuit|p1a: Aegislash
|-crit|p1a: Aegislash
|-supereffective|p1a: Aegislash
|-end|p1a: Aegislash|Substitute
|
|-heal|p1a: Aegislash|220\/324|[from] item: Leftovers
|-heal|p2a: Tyranitar|162\/404 tox|[from] item: Leftovers
|-damage|p2a: Tyranitar|87\/404 tox|[from] psn
|turn|24
|
|-formechange|p1a: Aegislash|Aegislash
|move|p1a: Aegislash|King's Shield|p1a: Aegislash
|-singleturn|p1a: Aegislash|Protect
|move|p2a: Tyranitar|Pursuit|p1a: Aegislash
|-activate|p1a: Aegislash|Protect
|-unboost|p2a: Tyranitar|atk|2
|
|-heal|p1a: Aegislash|240\/324|[from] item: Leftovers
|-heal|p2a: Tyranitar|112\/404 tox|[from] item: Leftovers
|-damage|p2a: Tyranitar|12\/404 tox|[from] psn
|turn|25
|
|move|p1a: Aegislash|Substitute|p1a: Aegislash
|-start|p1a: Aegislash|Substitute
|-damage|p1a: Aegislash|159\/324
|move|p2a: Tyranitar|Pursuit|p1a: Aegislash
|-supereffective|p1a: Aegislash
|-activate|p1a: Aegislash|Substitute|[damage]
|
|-heal|p1a: Aegislash|179\/324|[from] item: Leftovers
|-heal|p2a: Tyranitar|37\/404 tox|[from] item: Leftovers
|-damage|p2a: Tyranitar|0 fnt|[from] psn
|faint|p2a: Tyranitar
|
|switch|p2a: Rotom-Wash|Rotom-Wash|65\/299
|turn|26
|
|move|p2a: Rotom-Wash|Volt Switch|p1a: Aegislash
|-end|p1a: Aegislash|Substitute
|-message|ThisFireBurns forfeited.
|leave|ThisFireBurns
|
|win|kullhadd hekk
|raw|Ladder updating...
|player|p2
|raw|kullhadd hekk's rating: 1811 &rarr; <strong>1822<\/strong><br \/>(+11 for winning)
|raw|ThisFireBurns's rating: 1650 &rarr; <strong>1639<\/strong><br \/>(-11 for losing)