|join|Mounts
|join|ThisFireBurns
|player|p1|Mounts|101
|player|p2|ThisFireBurns|170
|gametype|singles
|gen|6
|tier|OU
|rated
|clearpoke
|poke|p1|Pinsir, M
|poke|p1|Salamence, F
|poke|p1|Bisharp, F
|poke|p1|Azumarill, M
|poke|p1|Landorus, M
|poke|p1|Deoxys-Speed
|poke|p2|Tyranitar, M
|poke|p2|Latias, F
|poke|p2|Keldeo
|poke|p2|Venusaur, M
|poke|p2|Landorus-Therian, M
|poke|p2|Heatran, F
|rule|Sleep Clause Mod: Limit one foe put to sleep
|rule|Species Clause: Limit one of each Pokemon
|rule|OHKO Clause: OHKO moves are banned
|rule|Moody Clause: Moody is banned
|rule|Evasion Moves Clause: Evasion moves are banned
|rule|Endless Battle Clause: Forcing endless battles is banned.
|rule|HP Percentage Mod: HP is reported as percentages
|teampreview
|
|start
|switch|p1a: Deoxys-Speed|Deoxys-Speed|304\/304
|switch|p2a: Tyranitar|Tyranitar, M|404\/404
|-ability|p1a: Deoxys-Speed|Pressure
|-weather|Sandstorm
|turn|1
|
|move|p1a: Deoxys-Speed|Reflect|p1a: Deoxys-Speed
|-sidestart|p1: Mounts|Reflect
|move|p2a: Tyranitar|Pursuit|p1a: Deoxys-Speed
|-supereffective|p1a: Deoxys-Speed
|-damage|p1a: Deoxys-Speed|240\/304
|
|-weather|Sandstorm|[upkeep]
|-damage|p1a: Deoxys-Speed|221\/304|[from] sandstorm
|turn|2
|
|move|p1a: Deoxys-Speed|Taunt|p2a: Tyranitar
|-start|p2a: Tyranitar|move: Taunt
|cant|p2a: Tyranitar|move: Taunt|Stealth Rock
|
|-weather|Sandstorm|[upkeep]
|-damage|p1a: Deoxys-Speed|202\/304|[from] sandstorm
|turn|3
|
|move|p1a: Deoxys-Speed|Stealth Rock|p2a: Tyranitar
|-sidestart|p2: ThisFireBurns|move: Stealth Rock
|move|p2a: Tyranitar|Pursuit|p1a: Deoxys-Speed
|-supereffective|p1a: Deoxys-Speed
|-damage|p1a: Deoxys-Speed|133\/304
|
|-weather|Sandstorm|[upkeep]
|-damage|p1a: Deoxys-Speed|114\/304|[from] sandstorm
|turn|4
|
|move|p1a: Deoxys-Speed|Light Screen|p1a: Deoxys-Speed
|-sidestart|p1: Mounts|move: Light Screen
|move|p2a: Tyranitar|Pursuit|p1a: Deoxys-Speed
|-supereffective|p1a: Deoxys-Speed
|-damage|p1a: Deoxys-Speed|41\/304
|
|-weather|Sandstorm|[upkeep]
|-damage|p1a: Deoxys-Speed|22\/304|[from] sandstorm
|-end|p2a: Tyranitar|move: Taunt
|turn|5
|
|move|p1a: Deoxys-Speed|Taunt|p2a: Tyranitar
|-start|p2a: Tyranitar|move: Taunt
|cant|p2a: Tyranitar|move: Taunt|Stealth Rock
|
|-weather|none
|turn|6
|
|move|p2a: Tyranitar|Pursuit|p1a: Deoxys-Speed|[from]Pursuit
|-supereffective|p1a: Deoxys-Speed
|-damage|p1a: Deoxys-Speed|0 fnt
|faint|p1a: Deoxys-Speed
|
|
|switch|p1a: Pinsir|Pinsir, M|272\/272
|turn|7
|
|switch|p2a: Landorus-Therian|Landorus-Therian, M|319\/319
|-damage|p2a: Landorus-Therian|280\/319|[from] Stealth Rock
|-ability|p2a: Landorus-Therian|Intimidate|[of] p1a: Pinsir
|-unboost|p1a: Pinsir|atk|1
|-formechange|p1a: Pinsir|Pinsir-Mega
|message|Pinsir has Mega Evolved into Mega Pinsir!
|move|p1a: Pinsir|Swords Dance|p1a: Pinsir
|-boost|p1a: Pinsir|atk|2
|
|turn|8
|
|move|p2a: Landorus-Therian|Stone Edge|p1a: Pinsir
|-supereffective|p1a: Pinsir
|-damage|p1a: Pinsir|30\/272
|move|p1a: Pinsir|Frustration|p2a: Landorus-Therian
|-damage|p2a: Landorus-Therian|0 fnt
|faint|p2a: Landorus-Therian
|
|-sideend|p1: Mounts|Reflect
|
|switch|p2a: Latias|Latias, F|350\/350
|-damage|p2a: Latias|307\/350|[from] Stealth Rock
|turn|9
|
|move|p1a: Pinsir|Quick Attack|p2a: Latias
|-damage|p2a: Latias|127\/350
|move|p2a: Latias|Psyshock|p1a: Pinsir
|-damage|p1a: Pinsir|0 fnt
|-damage|p2a: Latias|92\/350|[from] item: Life Orb
|faint|p1a: Pinsir
|
|
|switch|p1a: Salamence|Salamence, F|375\/375
|-ability|p1a: Salamence|Intimidate|[of] p2a: Latias
|-unboost|p2a: Latias|atk|1
|turn|10
|
|move|p2a: Latias|Draco Meteor|p1a: Salamence
|-supereffective|p1a: Salamence
|-damage|p1a: Salamence|93\/375
|-unboost|p2a: Latias|spa|2
|-damage|p2a: Latias|57\/350|[from] item: Life Orb
|move|p1a: Salamence|Dragon Dance|p1a: Salamence
|-boost|p1a: Salamence|atk|1
|-boost|p1a: Salamence|spe|1
|
|turn|11
|
|move|p1a: Salamence|Dragon Claw|p2a: Latias
|-supereffective|p2a: Latias
|-damage|p2a: Latias|0 fnt
|faint|p2a: Latias
|
|-sideend|p1: Mounts|move: Light Screen
|
|switch|p2a: Venusaur|Venusaur, M|364\/364
|-damage|p2a: Venusaur|319\/364|[from] Stealth Rock
|turn|12
|
|-formechange|p2a: Venusaur|Venusaur-Mega
|message|Venusaur has Mega Evolved into Mega Venusaur!
|move|p1a: Salamence|Roost|p1a: Salamence
|-heal|p1a: Salamence|281\/375
|move|p2a: Venusaur|Sludge Bomb|p1a: Salamence
|-damage|p1a: Salamence|127\/375
|-status|p1a: Salamence|psn
|-enditem|p1a: Salamence|Lum Berry|[eat]
|-curestatus|p1a: Salamence|psn
|
|turn|13
|
|move|p1a: Salamence|Roost|p1a: Salamence
|-heal|p1a: Salamence|315\/375
|move|p2a: Venusaur|Sludge Bomb|p1a: Salamence
|-damage|p1a: Salamence|155\/375
|
|turn|14
|
|move|p1a: Salamence|Roost|p1a: Salamence
|-heal|p1a: Salamence|343\/375
|move|p2a: Venusaur|Sleep Powder|p1a: Salamence
|-status|p1a: Salamence|slp
|
|turn|15
|
|switch|p2a: Keldeo|Keldeo|323\/323
|-damage|p2a: Keldeo|303\/323|[from] Stealth Rock
|cant|p1a: Salamence|slp
|
|turn|16
|
|switch|p1a: Azumarill|Azumarill, M|404\/404
|move|p2a: Keldeo|Icy Wind|p1a: Azumarill
|-resisted|p1a: Azumarill
|-damage|p1a: Azumarill|342\/404
|-unboost|p1a: Azumarill|spe|1
|
|turn|17
|
|switch|p2a: Venusaur|Venusaur, M|319\/364
|-formechange|p2a: Venusaur|Venusaur-Mega
|-damage|p2a: Venusaur|274\/364|[from] Stealth Rock
|switch|p1a: Landorus|Landorus, M|320\/320
|
|turn|18
|
|switch|p2a: Tyranitar|Tyranitar, M|404\/404
|-damage|p2a: Tyranitar|354\/404|[from] Stealth Rock
|-weather|Sandstorm
|move|p1a: Landorus|Psychic|p2a: Tyranitar
|-immune|p2a: Tyranitar|[msg]
|
|-weather|Sandstorm|[upkeep]
|-heal|p2a: Tyranitar|379\/404|[from] item: Leftovers
|turn|19
|
|move|p1a: Landorus|Earth Power|p2a: Tyranitar
|-supereffective|p2a: Tyranitar
|-damage|p2a: Tyranitar|145\/404
|move|p2a: Tyranitar|Ice Beam|p1a: Landorus
|-supereffective|p1a: Landorus
|-damage|p1a: Landorus|8\/320
|
|-weather|Sandstorm|[upkeep]
|-heal|p2a: Tyranitar|170\/404|[from] item: Leftovers
|turn|20
|
|move|p1a: Landorus|Earth Power|p2a: Tyranitar
|-supereffective|p2a: Tyranitar
|-damage|p2a: Tyranitar|0 fnt
|faint|p2a: Tyranitar
|
|-weather|Sandstorm|[upkeep]
|
|switch|p2a: Keldeo|Keldeo|303\/323
|-damage|p2a: Keldeo|283\/323|[from] Stealth Rock
|turn|21
|
|switch|p1a: Azumarill|Azumarill, M|342\/404
|move|p2a: Keldeo|Scald|p1a: Azumarill
|-resisted|p1a: Azumarill
|-damage|p1a: Azumarill|217\/404
|-status|p1a: Azumarill|brn
|
|-weather|Sandstorm|[upkeep]
|-damage|p2a: Keldeo|263\/323|[from] sandstorm
|-damage|p1a: Azumarill|192\/404 brn|[from] sandstorm
|-damage|p1a: Azumarill|142\/404 brn|[from] brn
|-enditem|p1a: Azumarill|Sitrus Berry|[eat]
|-heal|p1a: Azumarill|243\/404 brn|[from] item: Sitrus Berry
|turn|22
|
|move|p2a: Keldeo|Scald|p1a: Azumarill
|-resisted|p1a: Azumarill
|-damage|p1a: Azumarill|107\/404 brn
|move|p1a: Azumarill|Play Rough|p2a: Keldeo
|-supereffective|p2a: Keldeo
|-damage|p2a: Keldeo|47\/323
|-unboost|p2a: Keldeo|atk|1
|
|-weather|none
|-damage|p1a: Azumarill|57\/404 brn|[from] brn
|turn|23
|
|switch|p2a: Heatran|Heatran, F|386\/386
|-damage|p2a: Heatran|338\/386|[from] Stealth Rock
|move|p1a: Azumarill|Aqua Jet|p2a: Heatran
|-supereffective|p2a: Heatran
|-damage|p2a: Heatran|254\/386
|
|-heal|p2a: Heatran|278\/386|[from] item: Leftovers
|-damage|p1a: Azumarill|7\/404 brn|[from] brn
|turn|24
|
|move|p2a: Heatran|Protect|p2a: Heatran
|-singleturn|p2a: Heatran|Protect
|move|p1a: Azumarill|Aqua Jet|p2a: Heatran
|-activate|p2a: Heatran|Protect
|
|-heal|p2a: Heatran|302\/386|[from] item: Leftovers
|-damage|p1a: Azumarill|0 fnt|[from] brn
|faint|p1a: Azumarill
|
|switch|p1a: Landorus|Landorus, M|8\/320
|turn|25
|
|move|p1a: Landorus|Earth Power|p2a: Heatran
|-supereffective|p2a: Heatran
|-damage|p2a: Heatran|0 fnt
|faint|p2a: Heatran
|
|
|switch|p2a: Keldeo|Keldeo|47\/323
|-damage|p2a: Keldeo|27\/323|[from] Stealth Rock
|turn|26
|
|switch|p1a: Salamence|Salamence, F|343\/375 slp
|-ability|p1a: Salamence|Intimidate|[of] p2a: Keldeo
|-unboost|p2a: Keldeo|atk|1
|move|p2a: Keldeo|Secret Sword|p1a: Salamence
|-resisted|p1a: Salamence
|-damage|p1a: Salamence|214\/375 slp
|
|turn|27
|
|move|p2a: Keldeo|Secret Sword|p1a: Salamence
|-crit|p1a: Salamence
|-resisted|p1a: Salamence
|-damage|p1a: Salamence|16\/375 slp
|cant|p1a: Salamence|slp
|
|turn|28
|
|move|p2a: Keldeo|Secret Sword|p1a: Salamence
|-resisted|p1a: Salamence
|-damage|p1a: Salamence|0 fnt
|faint|p1a: Salamence
|
|
|switch|p1a: Bisharp|Bisharp, F|324\/324
|turn|29
|
|switch|p2a: Venusaur|Venusaur, M|274\/364
|-formechange|p2a: Venusaur|Venusaur-Mega
|-damage|p2a: Venusaur|229\/364|[from] Stealth Rock
|move|p1a: Bisharp|Sucker Punch|p2a: Venusaur
|-fail|p2a: Venusaur
|
|turn|30
|
|move|p2a: Venusaur|Sleep Powder|p1a: Bisharp
|-status|p1a: Bisharp|slp
|cant|p1a: Bisharp|slp
|
|turn|31
|
|move|p2a: Venusaur|Giga Drain|p1a: Bisharp
|-resisted|p1a: Bisharp
|-damage|p1a: Bisharp|259\/324 slp
|-heal|p2a: Venusaur|262\/364|[from] drain|[of] p1a: Bisharp
|cant|p1a: Bisharp|slp
|
|turn|32
|
|move|p2a: Venusaur|Giga Drain|p1a: Bisharp
|-resisted|p1a: Bisharp
|-damage|p1a: Bisharp|193\/324 slp
|-heal|p2a: Venusaur|295\/364|[from] drain|[of] p1a: Bisharp
|-curestatus|p1a: Bisharp|slp
|move|p1a: Bisharp|Iron Head|p2a: Venusaur
|-damage|p2a: Venusaur|165\/364
|-damage|p1a: Bisharp|161\/324|[from] item: Life Orb
|
|turn|33
|
|switch|p1a: Landorus|Landorus, M|8\/320
|move|p2a: Venusaur|Sleep Powder|p1a: Landorus|[miss]
|-miss|p2a: Venusaur|p1a: Landorus
|
|turn|34
|-message|ThisFireBurns forfeited.
|
|win|Mounts
|raw|Ladder updating...
|leave|ThisFireBurns
|player|p2
|raw|Mounts's rating: 1707 &rarr; <strong>1727<\/strong><br \/>(+20 for winning)
|raw|ThisFireBurns's rating: 1702 &rarr; <strong>1682<\/strong><br \/>(-20 for losing)
|chat|Mounts|Ã©normeeeeeeeeeeeeeee