|join|ThisFireBurns
|join|Santirivera
|player|p1|ThisFireBurns|101
|player|p2|Santirivera|101
|gametype|singles
|gen|6
|tier|OU
|rated
|clearpoke
|poke|p1|Sceptile, M
|poke|p1|Landorus-Therian, M
|poke|p1|Bisharp, F
|poke|p1|Rotom-Wash
|poke|p1|Garchomp, M
|poke|p1|Thundurus, M
|poke|p2|Chansey, F, shiny
|poke|p2|Ferrothorn, F
|poke|p2|Gliscor, M
|poke|p2|Rotom-Wash
|poke|p2|Scizor, M
|poke|p2|Heatran, F
|rule|Swagger Clause: Swagger is banned
|rule|Baton Pass Clause: Limit one PokÃ©mon knowing Baton Pass
|rule|Sleep Clause Mod: Limit one foe put to sleep
|rule|Species Clause: Limit one of each PokÃ©mon
|rule|OHKO Clause: OHKO moves are banned
|rule|Moody Clause: Moody is banned
|rule|Evasion Moves Clause: Evasion moves are banned
|rule|Endless Battle Clause: Forcing endless battles is banned
|rule|HP Percentage Mod: HP is shown in percentages
|teampreview
|
|start
|switch|p1a: Rotom-Wash|Rotom-Wash|299\/299
|switch|p2a: You dun goofed|Gliscor, M|352\/352
|turn|1
|
|move|p2a: You dun goofed|Protect|p2a: You dun goofed
|-singleturn|p2a: You dun goofed|Protect
|move|p1a: Rotom-Wash|Will-O-Wisp|p2a: You dun goofed
|-activate|p2a: You dun goofed|Protect
|
|-status|p2a: You dun goofed|tox|[from] item: Toxic Orb
|turn|2
|
|move|p2a: You dun goofed|Substitute|p2a: You dun goofed
|-start|p2a: You dun goofed|Substitute
|-damage|p2a: You dun goofed|264\/352 tox
|move|p1a: Rotom-Wash|Hydro Pump|p2a: You dun goofed
|-supereffective|p2a: You dun goofed
|-end|p2a: You dun goofed|Substitute
|
|-heal|p2a: You dun goofed|308\/352 tox|[from] ability: Poison Heal
|turn|3
|
|switch|p1a: Landorus-Therian|Landorus-Therian, M|334\/334
|-ability|p1a: Landorus-Therian|Intimidate|[of] p2a: You dun goofed
|-unboost|p2a: You dun goofed|atk|1
|move|p2a: You dun goofed|Substitute|p2a: You dun goofed
|-start|p2a: You dun goofed|Substitute
|-damage|p2a: You dun goofed|220\/352 tox
|
|-heal|p2a: You dun goofed|264\/352 tox|[from] ability: Poison Heal
|turn|4
|
|switch|p1a: Bisharp|Bisharp, F|271\/271
|move|p2a: You dun goofed|Toxic|p1a: Bisharp
|-fail|p1a: Bisharp
|
|-heal|p2a: You dun goofed|308\/352 tox|[from] ability: Poison Heal
|turn|5
|
|move|p2a: You dun goofed|Earthquake|p1a: Bisharp
|-supereffective|p1a: Bisharp
|-damage|p1a: Bisharp|133\/271
|move|p1a: Bisharp|Knock Off|p2a: You dun goofed
|-end|p2a: You dun goofed|Substitute
|-damage|p1a: Bisharp|106\/271|[from] item: Life Orb
|
|-heal|p2a: You dun goofed|352\/352 tox|[from] ability: Poison Heal
|turn|6
|
|move|p2a: You dun goofed|Substitute|p2a: You dun goofed
|-start|p2a: You dun goofed|Substitute
|-damage|p2a: You dun goofed|264\/352 tox
|move|p1a: Bisharp|Knock Off|p2a: You dun goofed
|-end|p2a: You dun goofed|Substitute
|-damage|p1a: Bisharp|79\/271|[from] item: Life Orb
|
|-heal|p2a: You dun goofed|308\/352 tox|[from] ability: Poison Heal
|turn|7
|
|move|p2a: You dun goofed|Protect|p2a: You dun goofed
|-singleturn|p2a: You dun goofed|Protect
|move|p1a: Bisharp|Knock Off|p2a: You dun goofed
|-activate|p2a: You dun goofed|Protect
|
|-heal|p2a: You dun goofed|352\/352 tox|[from] ability: Poison Heal
|turn|8
|
|move|p1a: Bisharp|Sucker Punch|p2a: You dun goofed
|-fail|p2a: You dun goofed
|move|p2a: You dun goofed|Substitute|p2a: You dun goofed
|-start|p2a: You dun goofed|Substitute
|-damage|p2a: You dun goofed|264\/352 tox
|
|-heal|p2a: You dun goofed|308\/352 tox|[from] ability: Poison Heal
|turn|9
|
|move|p2a: You dun goofed|Protect|p2a: You dun goofed
|-singleturn|p2a: You dun goofed|Protect
|move|p1a: Bisharp|Sucker Punch|p2a: You dun goofed
|-fail|p2a: You dun goofed
|
|-heal|p2a: You dun goofed|352\/352 tox|[from] ability: Poison Heal
|turn|10
|
|move|p1a: Bisharp|Sucker Punch|p2a: You dun goofed
|-end|p2a: You dun goofed|Substitute
|-damage|p1a: Bisharp|52\/271|[from] item: Life Orb
|move|p2a: You dun goofed|Earthquake|p1a: Bisharp
|-supereffective|p1a: Bisharp
|-damage|p1a: Bisharp|0 fnt
|faint|p1a: Bisharp
|
|
|switch|p1a: Sceptile|Sceptile, M|281\/281
|turn|11
|
|detailschange|p1a: Sceptile|Sceptile-Mega, M
|message|Sceptile has Mega Evolved into Mega Sceptile!
|move|p1a: Sceptile|Leaf Storm|p2a: You dun goofed|[miss]
|-miss|p1a: Sceptile|p2a: You dun goofed
|move|p2a: You dun goofed|Substitute|p2a: You dun goofed
|-start|p2a: You dun goofed|Substitute
|-damage|p2a: You dun goofed|264\/352 tox
|
|-heal|p2a: You dun goofed|308\/352 tox|[from] ability: Poison Heal
|turn|12
|c|âThisFireBurns|WTF
|
|move|p1a: Sceptile|Dragon Pulse|p2a: You dun goofed
|-end|p2a: You dun goofed|Substitute
|move|p2a: You dun goofed|Toxic|p1a: Sceptile
|-status|p1a: Sceptile|tox
|
|-damage|p1a: Sceptile|264\/281 tox|[from] psn
|-heal|p2a: You dun goofed|352\/352 tox|[from] ability: Poison Heal
|turn|13
|
|move|p2a: You dun goofed|Protect|p2a: You dun goofed
|-singleturn|p2a: You dun goofed|Protect
|move|p1a: Sceptile|Leaf Storm|p2a: You dun goofed
|-activate|p2a: You dun goofed|Protect
|
|-damage|p1a: Sceptile|230\/281 tox|[from] psn
|turn|14
|
|switch|p2a: Fire Behemoth|Heatran, F|386\/386
|move|p1a: Sceptile|Leaf Storm|p2a: Fire Behemoth
|-resisted|p2a: Fire Behemoth
|-damage|p2a: Fire Behemoth|344\/386
|-unboost|p1a: Sceptile|spa|2
|
|-heal|p2a: Fire Behemoth|368\/386|[from] item: Leftovers
|-damage|p1a: Sceptile|179\/281 tox|[from] psn
|turn|15
|c|âThisFireBurns|off course
|-message|ThisFireBurns forfeited.
|
|win|Santirivera
|raw|Ladder updating...
|leave|ThisFireBurns
|player|p1
|raw|ThisFireBurns's rating: 1538 &rarr; <strong>1517<\/strong><br \/>(-21 for losing)
|raw|Santirivera's rating: 1518 &rarr; <strong>1539<\/strong><br \/>(+21 for winning)