|join|nintendistagamer
|join|ThisFireBurns
|player|p1|nintendistagamer|1
|player|p2|ThisFireBurns|265
|gametype|singles
|gen|6
|tier|OU
|rated
|clearpoke
|poke|p1|Venusaur, M
|poke|p1|Heatran, F
|poke|p1|Bisharp, F
|poke|p1|Starmie
|poke|p1|Landorus-Therian, M
|poke|p1|Conkeldurr, M
|poke|p2|Sceptile, F
|poke|p2|Landorus-Therian, M
|poke|p2|Bisharp, F
|poke|p2|Rotom-Wash
|poke|p2|Garchomp, M
|poke|p2|Thundurus, M
|rule|Swagger Clause: Swagger is banned
|rule|Baton Pass Clause: Limit one PokÃ©mon knowing Baton Pass
|rule|Sleep Clause Mod: Limit one foe put to sleep
|rule|Species Clause: Limit one of each PokÃ©mon
|rule|OHKO Clause: OHKO moves are banned
|rule|Moody Clause: Moody is banned
|rule|Evasion Moves Clause: Evasion moves are banned
|rule|Endless Battle Clause: Forcing endless battles is banned
|rule|HP Percentage Mod: HP is shown in percentages
|teampreview
|
|start
|switch|p1a: Venusaur|Venusaur, M|364\/364
|switch|p2a: Sceptile|Sceptile, F|281\/281
|turn|1
|
|detailschange|p2a: Sceptile|Sceptile-Mega, F
|message|Sceptile has Mega Evolved into Mega Sceptile!
|detailschange|p1a: Venusaur|Venusaur-Mega, M
|message|Venusaur has Mega Evolved into Mega Venusaur!
|move|p2a: Sceptile|Grass Whistle|p1a: Venusaur|[miss]
|-miss|p2a: Sceptile|p1a: Venusaur
|move|p1a: Venusaur|Sludge Bomb|p2a: Sceptile
|-supereffective|p2a: Sceptile
|-damage|p2a: Sceptile|0 fnt
|faint|p2a: Sceptile
|
|
|switch|p2a: Rotom-Wash|Rotom-Wash|299\/299
|turn|2
|c|ânintendistagamer|me deu vontande de te chamar de noob :I
|
|move|p2a: Rotom-Wash|Will-O-Wisp|p1a: Venusaur
|-status|p1a: Venusaur|brn
|move|p1a: Venusaur|Sleep Powder|p2a: Rotom-Wash
|-status|p2a: Rotom-Wash|slp
|-enditem|p2a: Rotom-Wash|Chesto Berry|[eat]
|-curestatus|p2a: Rotom-Wash|slp
|
|-damage|p1a: Venusaur|319\/364 brn|[from] brn
|turn|3
|c|âThisFireBurns|haha
|c|âThisFireBurns|Ã© um move bom
|c|âThisFireBurns|nÃ£o tenho nada contra seu bicho
|c|ânintendistagamer|pera, tu Ã© br
|c|âThisFireBurns|e funfa em grass type
|c|ânintendistagamer|nÃ£o sabia
|c|âThisFireBurns|sim sim haha
|c|âThisFireBurns|nem eu
|c|âThisFireBurns|descobri esses dias
|c|âThisFireBurns|foda Ã© essa acc
|c|âThisFireBurns|=\/
|
|move|p2a: Rotom-Wash|Volt Switch|p1a: Venusaur
|-resisted|p1a: Venusaur
|-damage|p1a: Venusaur|277\/364 brn
|c|ânintendistagamer|=\/
|
|switch|p2a: Bisharp|Bisharp, F|271\/271
|move|p1a: Venusaur|Giga Drain|p2a: Bisharp
|-resisted|p2a: Bisharp
|-damage|p2a: Bisharp|172\/271
|-heal|p1a: Venusaur|327\/364 brn|[from] drain|[of] p2a: Bisharp
|
|-damage|p1a: Venusaur|282\/364 brn|[from] brn
|turn|4
|
|move|p2a: Bisharp|Taunt|p1a: Venusaur
|-start|p1a: Venusaur|move: Taunt
|cant|p1a: Venusaur|move: Taunt|Sleep Powder
|
|-damage|p1a: Venusaur|237\/364 brn|[from] brn
|turn|5
|
|switch|p1a: Conkeldurr|Conkeldurr, M|411\/411
|move|p2a: Bisharp|Iron Head|p1a: Conkeldurr
|-damage|p1a: Conkeldurr|223\/411
|-damage|p2a: Bisharp|145\/271|[from] item: Life Orb
|
|turn|6
|
|move|p2a: Bisharp|Iron Head|p1a: Conkeldurr
|-damage|p1a: Conkeldurr|24\/411
|-damage|p2a: Bisharp|118\/271|[from] item: Life Orb
|move|p1a: Conkeldurr|Drain Punch|p2a: Bisharp
|-supereffective|p2a: Bisharp
|-damage|p2a: Bisharp|0 fnt
|-heal|p1a: Conkeldurr|83\/411|[from] drain|[of] p2a: Bisharp
|faint|p2a: Bisharp
|
|
|switch|p2a: Landorus-Therian|Landorus-Therian, M|334\/334
|-ability|p2a: Landorus-Therian|Intimidate|[of] p1a: Conkeldurr
|-unboost|p1a: Conkeldurr|atk|1
|turn|7
|
|move|p2a: Landorus-Therian|Earthquake|p1a: Conkeldurr
|-damage|p1a: Conkeldurr|0 fnt
|faint|p1a: Conkeldurr
|
|
|switch|p1a: Landorus-Therian|Landorus-Therian, M|320\/320
|-ability|p1a: Landorus-Therian|Intimidate|[of] p2a: Landorus-Therian
|-unboost|p2a: Landorus-Therian|atk|1
|turn|8
|
|switch|p2a: Garchomp|Garchomp, M|357\/357
|move|p1a: Landorus-Therian|U-turn|p2a: Garchomp
|-damage|p2a: Garchomp|270\/357
|-damage|p1a: Landorus-Therian|280\/320|[from] ability: Rough Skin|[of] p2a: Garchomp
|
|switch|p1a: Starmie|Starmie|261\/261
|
|turn|9
|
|switch|p2a: Rotom-Wash|Rotom-Wash|299\/299
|move|p1a: Starmie|Ice Beam|p2a: Rotom-Wash
|-resisted|p2a: Rotom-Wash
|-damage|p2a: Rotom-Wash|246\/299
|-damage|p1a: Starmie|235\/261|[from] item: Life Orb
|
|turn|10
|
|switch|p1a: Heatran|Heatran, F|386\/386
|move|p2a: Rotom-Wash|Volt Switch|p1a: Heatran
|-damage|p1a: Heatran|299\/386
|
|switch|p2a: Garchomp|Garchomp, M|270\/357
|
|-heal|p1a: Heatran|323\/386|[from] item: Leftovers
|turn|11
|
|move|p1a: Heatran|Protect|p1a: Heatran
|-singleturn|p1a: Heatran|Protect
|move|p2a: Garchomp|Stealth Rock|p1a: Heatran
|-sidestart|p1: nintendistagamer|move: Stealth Rock
|
|-heal|p1a: Heatran|347\/386|[from] item: Leftovers
|turn|12
|
|switch|p1a: Landorus-Therian|Landorus-Therian, M|280\/320
|-damage|p1a: Landorus-Therian|240\/320|[from] Stealth Rock
|-ability|p1a: Landorus-Therian|Intimidate|[of] p2a: Garchomp
|-unboost|p2a: Garchomp|atk|1
|move|p2a: Garchomp|Earthquake|p1a: Landorus-Therian
|-immune|p1a: Landorus-Therian|[msg]
|
|turn|13
|
|move|p1a: Landorus-Therian|U-turn|p2a: Garchomp
|-damage|p2a: Garchomp|179\/357
|-damage|p1a: Landorus-Therian|200\/320|[from] ability: Rough Skin|[of] p2a: Garchomp
|
|switch|p1a: Bisharp|Bisharp, F|272\/272
|-damage|p1a: Bisharp|255\/272|[from] Stealth Rock
|move|p2a: Garchomp|Swords Dance|p2a: Garchomp
|-boost|p2a: Garchomp|atk|2
|
|turn|14
|
|switch|p2a: Rotom-Wash|Rotom-Wash|246\/299
|move|p1a: Bisharp|Sucker Punch|p2a: Rotom-Wash
|-fail|p2a: Rotom-Wash
|
|turn|15
|
|switch|p1a: Heatran|Heatran, F|347\/386
|-damage|p1a: Heatran|299\/386|[from] Stealth Rock
|move|p2a: Rotom-Wash|Volt Switch|p1a: Heatran
|-damage|p1a: Heatran|209\/386
|
|switch|p2a: Garchomp|Garchomp, M|179\/357
|
|-heal|p1a: Heatran|233\/386|[from] item: Leftovers
|turn|16
|
|switch|p1a: Landorus-Therian|Landorus-Therian, M|200\/320
|-damage|p1a: Landorus-Therian|160\/320|[from] Stealth Rock
|-ability|p1a: Landorus-Therian|Intimidate|[of] p2a: Garchomp
|-unboost|p2a: Garchomp|atk|1
|move|p2a: Garchomp|Swords Dance|p2a: Garchomp
|-boost|p2a: Garchomp|atk|2
|
|turn|17
|join|So testando bjs
|
|switch|p2a: Landorus-Therian|Landorus-Therian, M|334\/334
|-ability|p2a: Landorus-Therian|Intimidate|[of] p1a: Landorus-Therian
|-unboost|p1a: Landorus-Therian|atk|1
|move|p1a: Landorus-Therian|Earthquake|p2a: Landorus-Therian
|-immune|p2a: Landorus-Therian|[msg]
|
|turn|18
|
|switch|p1a: Heatran|Heatran, F|233\/386
|-damage|p1a: Heatran|185\/386|[from] Stealth Rock
|move|p2a: Landorus-Therian|Earthquake|p1a: Heatran
|-supereffective|p1a: Heatran
|-damage|p1a: Heatran|0 fnt
|faint|p1a: Heatran
|
|
|switch|p1a: Landorus-Therian|Landorus-Therian, M|160\/320
|-damage|p1a: Landorus-Therian|120\/320|[from] Stealth Rock
|-ability|p1a: Landorus-Therian|Intimidate|[of] p2a: Landorus-Therian
|-unboost|p2a: Landorus-Therian|atk|1
|turn|19
|
|move|p1a: Landorus-Therian|Stone Edge|p2a: Landorus-Therian
|-damage|p2a: Landorus-Therian|203\/334
|move|p2a: Landorus-Therian|Earthquake|p1a: Landorus-Therian
|-immune|p1a: Landorus-Therian|[msg]
|
|turn|20
|
|switch|p2a: Garchomp|Garchomp, M|179\/357
|move|p1a: Landorus-Therian|Stone Edge|p2a: Garchomp
|-resisted|p2a: Garchomp
|-damage|p2a: Garchomp|114\/357
|
|turn|21
|
|move|p1a: Landorus-Therian|Stone Edge|p2a: Garchomp|[miss]
|-miss|p1a: Landorus-Therian|p2a: Garchomp
|move|p2a: Garchomp|Outrage|p1a: Landorus-Therian
|-damage|p1a: Landorus-Therian|0 fnt
|faint|p1a: Landorus-Therian
|
|
|switch|p1a: Starmie|Starmie|235\/261
|-damage|p1a: Starmie|203\/261|[from] Stealth Rock
|turn|22
|
|move|p1a: Starmie|Ice Beam|p2a: Garchomp
|-supereffective|p2a: Garchomp
|-damage|p2a: Garchomp|0 fnt
|-damage|p1a: Starmie|177\/261|[from] item: Life Orb
|faint|p2a: Garchomp
|
|
|switch|p2a: Landorus-Therian|Landorus-Therian, M|203\/334
|-ability|p2a: Landorus-Therian|Intimidate|[of] p1a: Starmie
|-unboost|p1a: Starmie|atk|1
|turn|23
|c| So testando bjs|u-turn bolado
|
|switch|p1a: Venusaur|Venusaur-Mega, M|237\/364 brn
|-damage|p1a: Venusaur|192\/364 brn|[from] Stealth Rock
|move|p2a: Landorus-Therian|Earthquake|p1a: Venusaur
|-damage|p1a: Venusaur|17\/364 brn
|
|-damage|p1a: Venusaur|0 fnt|[from] brn
|faint|p1a: Venusaur
|
|switch|p1a: Bisharp|Bisharp, F|255\/272
|-damage|p1a: Bisharp|238\/272|[from] Stealth Rock
|turn|24
|
|switch|p2a: Thundurus|Thundurus, M|299\/299
|move|p1a: Bisharp|Sucker Punch|p2a: Thundurus
|-fail|p2a: Thundurus
|
|turn|25
|
|move|p2a: Thundurus|Superpower|p1a: Bisharp
|-supereffective|p1a: Bisharp
|-damage|p1a: Bisharp|0 fnt
|-unboost|p2a: Thundurus|atk|1
|-unboost|p2a: Thundurus|def|1
|-damage|p2a: Thundurus|270\/299|[from] item: Life Orb
|faint|p1a: Bisharp
|
|c|âThisFireBurns|gg bro
|c|ânintendistagamer|Ã©
|c|ânintendistagamer|preditctei tudo errado
|
|switch|p1a: Starmie|Starmie|177\/261
|-damage|p1a: Starmie|145\/261|[from] Stealth Rock
|turn|26
|
|move|p2a: Thundurus|Thunder Wave|p1a: Starmie
|-status|p1a: Starmie|par
|cant|p1a: Starmie|par
|
|turn|27
|
|move|p2a: Thundurus|Thunderbolt|p1a: Starmie
|-supereffective|p1a: Starmie
|-damage|p1a: Starmie|0 fnt
|-damage|p2a: Thundurus|241\/299|[from] item: Life Orb
|faint|p1a: Starmie
|
|win|ThisFireBurns
|raw|Ladder updating...
|c|âThisFireBurns|vlw bro
|c|âThisFireBurns|te vejo por ai
|c|âThisFireBurns|Ãµ\/
|c|ânintendistagamer|gg
|raw|nintendistagamer's rating: 1580 &rarr; <strong>1556<\/strong><br \/>(-24 for losing)
|raw|ThisFireBurns's rating: 1506 &rarr; <strong>1530<\/strong><br \/>(+24 for winning)
|c|âThisFireBurns|gg
|c| So testando bjs|n
|c| So testando bjs|:l
|c|âThisFireBurns|n?
|c|ânintendistagamer|vou montar outro time :I
|c| So testando bjs|n
|c|ânintendistagamer|\\/
|c|ânintendistagamer|?
|c|âThisFireBurns|jogam na eevo?
|c| So testando bjs|n
|leave|nintendistagamer
|player|p1
|c|âThisFireBurns|oks
|c|âThisFireBurns|bjs
|c| So testando bjs|n
|leave|So testando bjs