|join|p0k3m3n
|join|ThisFireBurns
|player|p1|p0k3m3n|12
|player|p2|ThisFireBurns|266
|gametype|singles
|gen|6
|tier|OU
|rated
|clearpoke
|poke|p1|Venusaur, F
|poke|p1|Chansey, F
|poke|p1|Keldeo
|poke|p1|Bisharp, F
|poke|p1|Skarmory, F
|poke|p1|Heatran, F
|poke|p2|Sceptile, F
|poke|p2|Landorus-Therian, M
|poke|p2|Bisharp, M
|poke|p2|Rotom-Wash
|poke|p2|Garchomp, M
|poke|p2|Thundurus, M
|rule|Swagger Clause: Swagger is banned
|rule|Baton Pass Clause: Limit one PokÃ©mon knowing Baton Pass
|rule|Sleep Clause Mod: Limit one foe put to sleep
|rule|Species Clause: Limit one of each PokÃ©mon
|rule|OHKO Clause: OHKO moves are banned
|rule|Moody Clause: Moody is banned
|rule|Evasion Moves Clause: Evasion moves are banned
|rule|Endless Battle Clause: Forcing endless battles is banned
|rule|HP Percentage Mod: HP is shown in percentages
|teampreview
|
|start
|switch|p1a: Venusaur|Venusaur, F|364\/364
|switch|p2a: Sceptile|Sceptile, F|281\/281
|turn|1
|
|detailschange|p2a: Sceptile|Sceptile-Mega, F
|message|Sceptile has Mega Evolved into Mega Sceptile!
|detailschange|p1a: Venusaur|Venusaur-Mega, F
|message|Venusaur has Mega Evolved into Mega Venusaur!
|move|p2a: Sceptile|Grass Whistle|p1a: Venusaur
|-status|p1a: Venusaur|slp
|cant|p1a: Venusaur|slp
|
|turn|2
|c|âp0k3m3n|wtf
|
|move|p2a: Sceptile|Dragon Pulse|p1a: Venusaur
|-damage|p1a: Venusaur|222\/364 slp
|-curestatus|p1a: Venusaur|slp
|move|p1a: Venusaur|Hidden Power|p2a: Sceptile
|-damage|p2a: Sceptile|214\/281
|
|turn|3
|
|move|p2a: Sceptile|Grass Whistle|p1a: Venusaur|[miss]
|-miss|p2a: Sceptile|p1a: Venusaur
|move|p1a: Venusaur|Synthesis|p1a: Venusaur
|-heal|p1a: Venusaur|364\/364
|
|turn|4
|
|move|p2a: Sceptile|Grass Whistle|p1a: Venusaur
|-status|p1a: Venusaur|slp
|cant|p1a: Venusaur|slp
|
|turn|5
|
|move|p2a: Sceptile|Dragon Pulse|p1a: Venusaur
|-damage|p1a: Venusaur|219\/364 slp
|cant|p1a: Venusaur|slp
|
|turn|6
|
|switch|p1a: Skarmory|Skarmory, F|333\/333
|move|p2a: Sceptile|Dragon Pulse|p1a: Skarmory
|-resisted|p1a: Skarmory
|-damage|p1a: Skarmory|228\/333
|
|turn|7
|
|move|p2a: Sceptile|Focus Blast|p1a: Skarmory
|-damage|p1a: Skarmory|11\/333
|move|p1a: Skarmory|Spikes|p2a: Sceptile
|-sidestart|p2: ThisFireBurns|Spikes
|
|turn|8
|
|switch|p1a: Chansey|Chansey, F|704\/704
|move|p2a: Sceptile|Dragon Pulse|p1a: Chansey
|-damage|p1a: Chansey|592\/704
|
|turn|9
|
|switch|p2a: Bisharp|Bisharp, M|271\/271
|-damage|p2a: Bisharp|238\/271|[from] Spikes
|move|p1a: Chansey|Wish|p1a: Chansey
|
|turn|10
|
|switch|p1a: Venusaur|Venusaur-Mega, F|219\/364 slp
|move|p2a: Bisharp|Knock Off|p1a: Venusaur
|-damage|p1a: Venusaur|120\/364 slp
|-damage|p2a: Bisharp|211\/271|[from] item: Life Orb
|
|-heal|p1a: Venusaur|364\/364 slp|[from] move: Wish|[wisher] Chansey
|turn|11
|
|switch|p1a: Keldeo|Keldeo|323\/323
|move|p2a: Bisharp|Taunt|p1a: Keldeo
|-start|p1a: Keldeo|move: Taunt
|
|turn|12
|
|switch|p2a: Rotom-Wash|Rotom-Wash|299\/299
|move|p1a: Keldeo|Scald|p2a: Rotom-Wash
|-crit|p2a: Rotom-Wash
|-resisted|p2a: Rotom-Wash
|-damage|p2a: Rotom-Wash|193\/299
|
|turn|13
|
|switch|p1a: Venusaur|Venusaur-Mega, F|364\/364 slp
|move|p2a: Rotom-Wash|Volt Switch|p1a: Venusaur
|-crit|p1a: Venusaur
|-resisted|p1a: Venusaur
|-damage|p1a: Venusaur|295\/364 slp
|
|switch|p2a: Garchomp|Garchomp, M|357\/357
|-damage|p2a: Garchomp|313\/357|[from] Spikes
|
|turn|14
|
|switch|p1a: Skarmory|Skarmory, F|11\/333
|move|p2a: Garchomp|Stealth Rock|p1a: Skarmory
|-sidestart|p1: p0k3m3n|move: Stealth Rock
|
|turn|15
|
|move|p2a: Garchomp|Outrage|p1a: Skarmory
|-resisted|p1a: Skarmory
|-damage|p1a: Skarmory|0 fnt
|-damage|p2a: Garchomp|254\/357|[from] item: Rocky Helmet|[of] p1a: Skarmory
|faint|p1a: Skarmory
|
|
|switch|p1a: Heatran|Heatran, F|326\/326
|-damage|p1a: Heatran|286\/326|[from] Stealth Rock
|-item|p1a: Heatran|Air Balloon
|turn|16
|
|move|p2a: Garchomp|Outrage|p1a: Heatran
|-resisted|p1a: Heatran
|-damage|p1a: Heatran|193\/326
|-enditem|p1a: Heatran|Air Balloon
|move|p1a: Heatran|Stealth Rock|p2a: Garchomp
|-sidestart|p2: ThisFireBurns|move: Stealth Rock
|
|turn|17
|
|switch|p1a: Venusaur|Venusaur-Mega, F|295\/364 slp
|-damage|p1a: Venusaur|250\/364 slp|[from] Stealth Rock
|move|p2a: Garchomp|Outrage|p1a: Venusaur
|-damage|p1a: Venusaur|120\/364 slp
|
|-end|p2a: Garchomp|rampage
|-start|p2a: Garchomp|confusion
|turn|18
|-message|p0k3m3n forfeited.
|
|win|ThisFireBurns
|raw|Ladder updating...
|leave|p0k3m3n
|player|p1
|leave|ThisFireBurns
|player|p2
|raw|p0k3m3n's rating: 1475 &rarr; <strong>1455<\/strong><br \/>(-20 for losing)
|raw|ThisFireBurns's rating: 1469 &rarr; <strong>1490<\/strong><br \/>(+21 for winning)
|join|ThisFireBurns