|join|ThisFireBurns
|join|hairyhead1
|player|p1|ThisFireBurns|101
|player|p2|hairyhead1|209
|gametype|singles
|gen|6
|tier|OU
|rated
|clearpoke
|poke|p1|Scizor, M
|poke|p1|Rotom-Wash
|poke|p1|Bisharp, F
|poke|p1|Gardevoir, M
|poke|p1|Landorus-Therian, M
|poke|p1|Talonflame, M
|poke|p2|Serperior, M
|poke|p2|Charizard, F
|poke|p2|Togekiss, M
|poke|p2|Hippowdon, F
|poke|p2|Bisharp, M
|poke|p2|Keldeo-Resolute
|rule|Swagger Clause: Swagger is banned
|rule|Baton Pass Clause: Limit one PokÃ©mon knowing Baton Pass
|rule|Sleep Clause Mod: Limit one foe put to sleep
|rule|Species Clause: Limit one of each PokÃ©mon
|rule|OHKO Clause: OHKO moves are banned
|rule|Moody Clause: Moody is banned
|rule|Evasion Moves Clause: Evasion moves are banned
|rule|Endless Battle Clause: Forcing endless battles is banned
|rule|HP Percentage Mod: HP is shown in percentages
|teampreview
|
|start
|switch|p1a: Talonflame|Talonflame, M|297\/297
|switch|p2a: Keldeo-Resolute|Keldeo-Resolute|323\/323
|turn|1
|
|switch|p2a: Hippowdon|Hippowdon, F|420\/420
|-weather|Sandstorm
|move|p1a: Talonflame|Brave Bird|p2a: Hippowdon
|-damage|p2a: Hippowdon|269\/420
|-damage|p1a: Talonflame|247\/297|[from] recoil|[of] p2a: Hippowdon
|
|-weather|Sandstorm|[upkeep]
|-damage|p1a: Talonflame|229\/297|[from] sandstorm
|-heal|p2a: Hippowdon|295\/420|[from] item: Leftovers
|turn|2
|
|switch|p1a: Landorus-Therian|Landorus-Therian, M|329\/329
|-ability|p1a: Landorus-Therian|Intimidate|[of] p2a: Hippowdon
|-unboost|p2a: Hippowdon|atk|1
|move|p2a: Hippowdon|Stealth Rock|p1a: Landorus-Therian
|-sidestart|p1: ThisFireBurns|move: Stealth Rock
|
|-weather|Sandstorm|[upkeep]
|-heal|p2a: Hippowdon|321\/420|[from] item: Leftovers
|turn|3
|
|move|p1a: Landorus-Therian|Stealth Rock|p2a: Hippowdon
|-sidestart|p2: hairyhead1|move: Stealth Rock
|move|p2a: Hippowdon|Toxic|p1a: Landorus-Therian|[miss]
|-miss|p2a: Hippowdon|p1a: Landorus-Therian
|
|-weather|Sandstorm|[upkeep]
|-heal|p2a: Hippowdon|347\/420|[from] item: Leftovers
|turn|4
|
|switch|p1a: Scizor|Scizor, M|343\/343
|-damage|p1a: Scizor|301\/343|[from] Stealth Rock
|move|p2a: Hippowdon|Toxic|p1a: Scizor
|-fail|p1a: Scizor
|
|-weather|Sandstorm|[upkeep]
|-heal|p2a: Hippowdon|373\/420|[from] item: Leftovers
|turn|5
|
|detailschange|p1a: Scizor|Scizor-Mega, M
|-mega|p1a: Scizor|Scizor|Scizorite
|move|p1a: Scizor|U-turn|p2a: Hippowdon
|-damage|p2a: Hippowdon|300\/420
|
|switch|p1a: Rotom-Wash|Rotom-Wash|299\/299
|-damage|p1a: Rotom-Wash|262\/299|[from] Stealth Rock
|move|p2a: Hippowdon|Earthquake|p1a: Rotom-Wash
|-immune|p1a: Rotom-Wash|[msg]
|
|-weather|none
|-heal|p2a: Hippowdon|326\/420|[from] item: Leftovers
|turn|6
|
|switch|p2a: Serperior|Serperior, M|291\/291
|-damage|p2a: Serperior|255\/291|[from] Stealth Rock
|move|p1a: Rotom-Wash|Hydro Pump|p2a: Serperior
|-crit|p2a: Serperior
|-resisted|p2a: Serperior
|-damage|p2a: Serperior|131\/291
|
|turn|7
|
|switch|p1a: Bisharp|Bisharp, F|271\/271
|-damage|p1a: Bisharp|255\/271|[from] Stealth Rock
|move|p2a: Serperior|Leaf Storm|p1a: Bisharp|[miss]
|-miss|p2a: Serperior|p1a: Bisharp
|
|turn|8
|
|move|p2a: Serperior|Hidden Power|p1a: Bisharp
|-supereffective|p1a: Bisharp
|-damage|p1a: Bisharp|68\/271
|-damage|p2a: Serperior|102\/291|[from] item: Life Orb
|move|p1a: Bisharp|Knock Off|p2a: Serperior
|-damage|p2a: Serperior|0 fnt
|-enditem|p2a: Serperior|Life Orb|[from] move: Knock Off|[of] p1a: Bisharp
|-damage|p1a: Bisharp|41\/271|[from] item: Life Orb
|faint|p2a: Serperior
|
|
|switch|p2a: Keldeo-Resolute|Keldeo-Resolute|323\/323
|-damage|p2a: Keldeo-Resolute|303\/323|[from] Stealth Rock
|turn|9
|
|move|p1a: Bisharp|Sucker Punch|p2a: Keldeo-Resolute
|-resisted|p2a: Keldeo-Resolute
|-damage|p2a: Keldeo-Resolute|196\/323
|-boost|p2a: Keldeo-Resolute|atk|1|[from] ability: Justified
|-damage|p1a: Bisharp|14\/271|[from] item: Life Orb
|move|p2a: Keldeo-Resolute|Secret Sword|p1a: Bisharp
|-supereffective|p1a: Bisharp
|-damage|p1a: Bisharp|0 fnt
|faint|p1a: Bisharp
|
|
|switch|p1a: Gardevoir|Gardevoir, M|277\/277
|-damage|p1a: Gardevoir|243\/277|[from] Stealth Rock
|-ability|p1a: Gardevoir|Justified|[from] ability: Trace|[of] p2a: Keldeo-Resolute
|turn|10
|
|switch|p2a: Togekiss|Togekiss, M|373\/373
|-damage|p2a: Togekiss|280\/373|[from] Stealth Rock
|move|p1a: Gardevoir|Moonblast|p2a: Togekiss
|-damage|p2a: Togekiss|171\/373
|-unboost|p2a: Togekiss|spa|1
|
|-heal|p2a: Togekiss|194\/373|[from] item: Leftovers
|turn|11
|
|move|p1a: Gardevoir|Moonblast|p2a: Togekiss
|-damage|p2a: Togekiss|68\/373
|move|p2a: Togekiss|Defog|p1a: Gardevoir
|-unboost|p1a: Gardevoir|evasion|1
|-sideend|p1: ThisFireBurns|Stealth Rock|[from] move: Defog|[of] p1a: Gardevoir
|-sideend|p2: hairyhead1|Stealth Rock|[from] move: Defog|[of] p2a: Togekiss
|
|-heal|p2a: Togekiss|91\/373|[from] item: Leftovers
|turn|12
|
|move|p1a: Gardevoir|Moonblast|p2a: Togekiss
|-damage|p2a: Togekiss|0 fnt
|faint|p2a: Togekiss
|
|
|switch|p2a: Bisharp|Bisharp, M|314\/314
|turn|13
|
|switch|p1a: Scizor|Scizor-Mega, M|301\/343
|move|p2a: Bisharp|Knock Off|p1a: Scizor
|-damage|p1a: Scizor|210\/343
|-damage|p2a: Bisharp|283\/314|[from] item: Life Orb
|
|turn|14
|
|switch|p2a: Charizard|Charizard, F|297\/297
|move|p1a: Scizor|U-turn|p2a: Charizard
|-resisted|p2a: Charizard
|-damage|p2a: Charizard|259\/297
|
|switch|p1a: Landorus-Therian|Landorus-Therian, M|329\/329
|-ability|p1a: Landorus-Therian|Intimidate|[of] p2a: Charizard
|-unboost|p2a: Charizard|atk|1
|
|turn|15
|
|switch|p2a: Keldeo-Resolute|Keldeo-Resolute|196\/323
|move|p1a: Landorus-Therian|Stone Edge|p2a: Keldeo-Resolute
|-resisted|p2a: Keldeo-Resolute
|-damage|p2a: Keldeo-Resolute|119\/323
|
|turn|16
|
|switch|p1a: Rotom-Wash|Rotom-Wash|262\/299
|move|p2a: Keldeo-Resolute|Hydro Pump|p1a: Rotom-Wash
|-resisted|p1a: Rotom-Wash
|-damage|p1a: Rotom-Wash|169\/299
|
|turn|17
|
|switch|p2a: Hippowdon|Hippowdon, F|326\/420
|-weather|Sandstorm
|move|p1a: Rotom-Wash|Volt Switch|p2a: Hippowdon
|-immune|p2a: Hippowdon|[msg]
|
|-weather|Sandstorm|[upkeep]
|-damage|p1a: Rotom-Wash|151\/299|[from] sandstorm
|-heal|p2a: Hippowdon|352\/420|[from] item: Leftovers
|turn|18
|
|move|p1a: Rotom-Wash|Hydro Pump|p2a: Hippowdon
|-supereffective|p2a: Hippowdon
|-damage|p2a: Hippowdon|0 fnt
|faint|p2a: Hippowdon
|
|-weather|Sandstorm|[upkeep]
|-damage|p1a: Rotom-Wash|133\/299|[from] sandstorm
|
|switch|p2a: Keldeo-Resolute|Keldeo-Resolute|119\/323
|turn|19
|
|switch|p1a: Gardevoir|Gardevoir, M|243\/277
|-ability|p1a: Gardevoir|Justified|[from] ability: Trace|[of] p2a: Keldeo-Resolute
|move|p2a: Keldeo-Resolute|Hidden Power|p1a: Gardevoir
|-damage|p1a: Gardevoir|183\/277
|
|-weather|Sandstorm|[upkeep]
|-damage|p1a: Gardevoir|166\/277|[from] sandstorm
|-damage|p2a: Keldeo-Resolute|99\/323|[from] sandstorm
|turn|20
|
|switch|p2a: Bisharp|Bisharp, M|283\/314
|move|p1a: Gardevoir|Psyshock|p2a: Bisharp
|-immune|p2a: Bisharp|[msg]
|
|-weather|Sandstorm|[upkeep]
|-damage|p1a: Gardevoir|149\/277|[from] sandstorm
|turn|21
|
|move|p2a: Bisharp|Pursuit|p1a: Gardevoir|[from]Pursuit
|-damage|p1a: Gardevoir|0 fnt
|-damage|p2a: Bisharp|252\/314|[from] item: Life Orb
|faint|p1a: Gardevoir
|
|-weather|none
|
|switch|p1a: Scizor|Scizor-Mega, M|210\/343
|turn|22
|
|move|p2a: Bisharp|Iron Head|p1a: Scizor
|-resisted|p1a: Scizor
|-damage|p1a: Scizor|155\/343
|-damage|p2a: Bisharp|221\/314|[from] item: Life Orb
|move|p1a: Scizor|U-turn|p2a: Bisharp
|-damage|p2a: Bisharp|92\/314
|
|switch|p1a: Talonflame|Talonflame, M|229\/297
|
|turn|23
|
|move|p1a: Talonflame|Brave Bird|p2a: Bisharp
|-resisted|p2a: Bisharp
|-damage|p2a: Bisharp|0 fnt
|-damage|p1a: Talonflame|199\/297|[from] recoil|[of] p2a: Bisharp
|faint|p2a: Bisharp
|
|
|switch|p2a: Charizard|Charizard, F|259\/297
|turn|24
|
|detailschange|p2a: Charizard|Charizard-Mega-X, F
|-mega|p2a: Charizard|Charizard|Charizardite X
|move|p1a: Talonflame|Brave Bird|p2a: Charizard
|-damage|p2a: Charizard|36\/297
|-damage|p1a: Talonflame|125\/297|[from] recoil|[of] p2a: Charizard
|move|p2a: Charizard|Dragon Claw|p1a: Talonflame
|-damage|p1a: Talonflame|0 fnt
|faint|p1a: Talonflame
|
|
|switch|p1a: Landorus-Therian|Landorus-Therian, M|329\/329
|-ability|p1a: Landorus-Therian|Intimidate|[of] p2a: Charizard
|-unboost|p2a: Charizard|atk|1
|turn|25
|c|âThisFireBurns|gg
|
|move|p1a: Landorus-Therian|Earthquake|p2a: Charizard
|-supereffective|p2a: Charizard
|-damage|p2a: Charizard|0 fnt
|faint|p2a: Charizard
|
|
|switch|p2a: Keldeo-Resolute|Keldeo-Resolute|99\/323
|turn|26
|
|move|p1a: Landorus-Therian|Earthquake|p2a: Keldeo-Resolute
|-damage|p2a: Keldeo-Resolute|0 fnt
|faint|p2a: Keldeo-Resolute
|
|win|ThisFireBurns
|raw|Ladder updating...
|raw|ThisFireBurns's rating: 1700 &rarr; <strong>1709<\/strong><br \/>(+9 for winning)
|raw|hairyhead1's rating: 1481 &rarr; <strong>1472<\/strong><br \/>(-9 for losing)