|join|Muk the kid
|join|ThisFireBurns
|player|p1|Muk the kid|256
|player|p2|ThisFireBurns|2
|gametype|singles
|gen|6
|tier|OU
|rated
|clearpoke
|poke|p1|Diggersby, M
|poke|p1|Rotom-Wash
|poke|p1|Lopunny, M
|poke|p1|Azumarill, M
|poke|p1|Heatran, F
|poke|p1|Gengar, F
|poke|p2|Scizor, F
|poke|p2|Rotom-Wash
|poke|p2|Bisharp, M
|poke|p2|Gardevoir, F
|poke|p2|Landorus-Therian, M
|poke|p2|Talonflame, M
|rule|Swagger Clause: Swagger is banned
|rule|Baton Pass Clause: Limit one PokÃ©mon knowing Baton Pass
|rule|Sleep Clause Mod: Limit one foe put to sleep
|rule|Species Clause: Limit one of each PokÃ©mon
|rule|OHKO Clause: OHKO moves are banned
|rule|Moody Clause: Moody is banned
|rule|Evasion Moves Clause: Evasion moves are banned
|rule|Endless Battle Clause: Forcing endless battles is banned
|rule|HP Percentage Mod: HP is shown in percentages
|teampreview
|
|start
|switch|p1a: Lopunny|Lopunny, M|271\/271
|switch|p2a: Landorus-Therian|Landorus-Therian, M|329\/329
|-ability|p2a: Landorus-Therian|Intimidate|[of] p1a: Lopunny
|-unboost|p1a: Lopunny|atk|1
|turn|1
|
|switch|p2a: Scizor|Scizor, F|344\/344
|detailschange|p1a: Lopunny|Lopunny-Mega, M
|-mega|p1a: Lopunny|Lopunny|Lopunnite
|move|p1a: Lopunny|Fake Out|p2a: Scizor
|-resisted|p2a: Scizor
|-damage|p2a: Scizor|328\/344
|
|turn|2
|
|switch|p1a: Heatran|Heatran, F|385\/385
|detailschange|p2a: Scizor|Scizor-Mega, F
|-mega|p2a: Scizor|Scizor|Scizorite
|move|p2a: Scizor|U-turn|p1a: Heatran
|-resisted|p1a: Heatran
|-damage|p1a: Heatran|357\/385
|
|switch|p2a: Landorus-Therian|Landorus-Therian, M|329\/329
|-ability|p2a: Landorus-Therian|Intimidate|[of] p1a: Heatran
|-unboost|p1a: Heatran|atk|1
|
|-heal|p1a: Heatran|381\/385|[from] item: Leftovers
|turn|3
|
|move|p2a: Landorus-Therian|Earthquake|p1a: Heatran
|-supereffective|p1a: Heatran
|-damage|p1a: Heatran|0 fnt
|faint|p1a: Heatran
|
|
|switch|p1a: Rotom-Wash|Rotom-Wash|303\/303
|turn|4
|
|switch|p2a: Rotom-Wash|Rotom-Wash|299\/299
|move|p1a: Rotom-Wash|Will-O-Wisp|p2a: Rotom-Wash
|-status|p2a: Rotom-Wash|brn
|
|-damage|p2a: Rotom-Wash|262\/299 brn|[from] brn
|turn|5
|
|move|p2a: Rotom-Wash|Will-O-Wisp|p1a: Rotom-Wash
|-status|p1a: Rotom-Wash|brn
|move|p1a: Rotom-Wash|Volt Switch|p2a: Rotom-Wash
|-damage|p2a: Rotom-Wash|186\/299 brn
|
|switch|p1a: Diggersby|Diggersby, M|311\/311
|
|-damage|p2a: Rotom-Wash|149\/299 brn|[from] brn
|turn|6
|
|switch|p2a: Scizor|Scizor-Mega, F|328\/344
|move|p1a: Diggersby|Return|p2a: Scizor
|-resisted|p2a: Scizor
|-damage|p2a: Scizor|251\/344
|-damage|p1a: Diggersby|280\/311|[from] item: Life Orb
|
|turn|7
|
|move|p1a: Diggersby|Earthquake|p2a: Scizor
|-damage|p2a: Scizor|99\/344
|-damage|p1a: Diggersby|249\/311|[from] item: Life Orb
|move|p2a: Scizor|U-turn|p1a: Diggersby
|-damage|p1a: Diggersby|104\/311
|
|switch|p2a: Landorus-Therian|Landorus-Therian, M|329\/329
|-ability|p2a: Landorus-Therian|Intimidate|[of] p1a: Diggersby
|-unboost|p1a: Diggersby|atk|1
|
|turn|8
|
|move|p2a: Landorus-Therian|U-turn|p1a: Diggersby
|-damage|p1a: Diggersby|0 fnt
|faint|p1a: Diggersby
|
|switch|p2a: Gardevoir|Gardevoir, F|277\/277
|
|
|switch|p1a: Gengar|Gengar, F|261\/261
|-ability|p2a: Gardevoir|Levitate|[from] ability: Trace|[of] p1a: Gengar
|turn|9
|
|move|p2a: Gardevoir|Psyshock|p1a: Gengar
|-crit|p1a: Gengar
|-supereffective|p1a: Gengar
|-damage|p1a: Gengar|0 fnt
|faint|p1a: Gengar
|
|-message|Muk the kid forfeited.
|leave|Muk the kid
|
|win|ThisFireBurns
|raw|Ladder updating...
|player|p1
|raw|Muk the kid's rating: 1699 &rarr; <strong>1678<\/strong><br \/>(-21 for losing)
|raw|ThisFireBurns's rating: 1687 &rarr; <strong>1707<\/strong><br \/>(+20 for winning)
|leave|ThisFireBurns
|player|p2
|join|ThisFireBurns