|join|ThisFireBurns
|join|afctest
|player|p1|ThisFireBurns|1
|player|p2|afctest|265
|gametype|singles
|gen|6
|tier|OU
|rated
|clearpoke
|poke|p1|Manectric, F
|poke|p1|Landorus-Therian, M
|poke|p1|Azumarill, F
|poke|p1|Heatran, M
|poke|p1|Latios, M
|poke|p1|Mew
|poke|p2|Scizor, M
|poke|p2|Starmie
|poke|p2|Rotom-Wash
|poke|p2|Heatran, M
|poke|p2|Landorus-Therian, M, shiny
|poke|p2|Serperior, M, shiny
|rule|Swagger Clause: Swagger is banned
|rule|Baton Pass Clause: Limit one PokÃ©mon knowing Baton Pass
|rule|Sleep Clause Mod: Limit one foe put to sleep
|rule|Species Clause: Limit one of each PokÃ©mon
|rule|OHKO Clause: OHKO moves are banned
|rule|Moody Clause: Moody is banned
|rule|Evasion Moves Clause: Evasion moves are banned
|rule|Endless Battle Clause: Forcing endless battles is banned
|rule|HP Percentage Mod: HP is shown in percentages
|teampreview
|
|start
|switch|p1a: Manectric|Manectric, F|281\/281
|switch|p2a: Serperior|Serperior, M, shiny|291\/291
|turn|1
|
|switch|p2a: Heatran|Heatran, M|386\/386
|switch|p1a: Latios|Latios, M|301\/301
|
|turn|2
|
|switch|p1a: Landorus-Therian|Landorus-Therian, M|329\/329
|-ability|p1a: Landorus-Therian|Intimidate|[of] p2a: Heatran
|-unboost|p2a: Heatran|atk|1
|move|p2a: Heatran|Protect|p2a: Heatran
|-fail|p2a: Heatran
|
|turn|3
|
|move|p1a: Landorus-Therian|Knock Off|p2a: Heatran
|-damage|p2a: Heatran|252\/386
|-enditem|p2a: Heatran|Leftovers|[from] move: Knock Off|[of] p1a: Landorus-Therian
|move|p2a: Heatran|Toxic|p1a: Landorus-Therian
|-status|p1a: Landorus-Therian|tox
|
|-damage|p1a: Landorus-Therian|309\/329 tox|[from] psn
|turn|4
|
|switch|p1a: Heatran|Heatran, M|385\/385
|move|p2a: Heatran|Stealth Rock|p1a: Heatran
|-sidestart|p1: ThisFireBurns|move: Stealth Rock
|
|turn|5
|
|switch|p2a: Starmie|Starmie|262\/262
|move|p1a: Heatran|Stealth Rock|p2a: Starmie
|-sidestart|p2: afctest|move: Stealth Rock
|
|turn|6
|
|switch|p1a: Landorus-Therian|Landorus-Therian, M|309\/329 tox
|-damage|p1a: Landorus-Therian|268\/329 tox|[from] Stealth Rock
|-ability|p1a: Landorus-Therian|Intimidate|[of] p2a: Starmie
|-unboost|p2a: Starmie|atk|1
|move|p2a: Starmie|Rapid Spin|p1a: Landorus-Therian
|-damage|p1a: Landorus-Therian|259\/329 tox
|-sideend|p2: afctest|Stealth Rock|[from] move: Rapid Spin|[of] p2a: Starmie
|
|-damage|p1a: Landorus-Therian|239\/329 tox|[from] psn
|turn|7
|
|switch|p2a: Scizor|Scizor, M|344\/344
|move|p1a: Landorus-Therian|U-turn|p2a: Scizor
|-resisted|p2a: Scizor
|-damage|p2a: Scizor|296\/344
|
|switch|p1a: Heatran|Heatran, M|385\/385
|-damage|p1a: Heatran|337\/385|[from] Stealth Rock
|
|-heal|p1a: Heatran|361\/385|[from] item: Leftovers
|turn|8
|
|switch|p2a: Starmie|Starmie|262\/262
|move|p1a: Heatran|Stealth Rock|p2a: Starmie
|-sidestart|p2: afctest|move: Stealth Rock
|
|-heal|p1a: Heatran|385\/385|[from] item: Leftovers
|turn|9
|
|switch|p1a: Azumarill|Azumarill, F|404\/404
|-damage|p1a: Azumarill|354\/404|[from] Stealth Rock
|move|p2a: Starmie|Rapid Spin|p1a: Azumarill
|-damage|p1a: Azumarill|341\/404
|-sideend|p2: afctest|Stealth Rock|[from] move: Rapid Spin|[of] p2a: Starmie
|
|turn|10
|
|switch|p2a: Scizor|Scizor, M|296\/344
|move|p1a: Azumarill|Knock Off|p2a: Scizor
|-damage|p2a: Scizor|207\/344
|
|turn|11
|
|switch|p1a: Manectric|Manectric, F|281\/281
|-damage|p1a: Manectric|246\/281|[from] Stealth Rock
|detailschange|p2a: Scizor|Scizor-Mega, M
|-mega|p2a: Scizor|Scizor|Scizorite
|move|p2a: Scizor|Roost|p2a: Scizor
|-heal|p2a: Scizor|344\/344
|
|turn|12
|
|switch|p2a: Heatran|Heatran, M|252\/386
|detailschange|p1a: Manectric|Manectric-Mega, F
|-mega|p1a: Manectric|Manectric|Manectite
|-ability|p1a: Manectric|Intimidate|[of] p2a: Heatran
|-unboost|p2a: Heatran|atk|1
|move|p1a: Manectric|Volt Switch|p2a: Heatran
|-damage|p2a: Heatran|170\/386
|
|switch|p1a: Heatran|Heatran, M|385\/385
|-damage|p1a: Heatran|337\/385|[from] Stealth Rock
|
|-heal|p1a: Heatran|361\/385|[from] item: Leftovers
|turn|13
|
|switch|p2a: Starmie|Starmie|262\/262
|move|p1a: Heatran|Stealth Rock|p2a: Starmie
|-sidestart|p2: afctest|move: Stealth Rock
|
|-heal|p1a: Heatran|385\/385|[from] item: Leftovers
|turn|14
|
|switch|p1a: Mew|Mew|404\/404
|-damage|p1a: Mew|354\/404|[from] Stealth Rock
|move|p2a: Starmie|Rapid Spin|p1a: Mew
|-damage|p1a: Mew|346\/404
|-sideend|p2: afctest|Stealth Rock|[from] move: Rapid Spin|[of] p2a: Starmie
|
|-heal|p1a: Mew|371\/404|[from] item: Leftovers
|turn|15
|
|switch|p2a: Serperior|Serperior, M, shiny|291\/291
|move|p1a: Mew|Knock Off|p2a: Serperior
|-damage|p2a: Serperior|211\/291
|-enditem|p2a: Serperior|Leftovers|[from] move: Knock Off|[of] p1a: Mew
|
|-heal|p1a: Mew|396\/404|[from] item: Leftovers
|turn|16
|
|switch|p1a: Heatran|Heatran, M|385\/385
|-damage|p1a: Heatran|337\/385|[from] Stealth Rock
|move|p2a: Serperior|Leaf Storm|p1a: Heatran
|-crit|p1a: Heatran
|-resisted|p1a: Heatran
|-damage|p1a: Heatran|283\/385
|-boost|p2a: Serperior|spa|2
|
|-heal|p1a: Heatran|307\/385|[from] item: Leftovers
|turn|17
|
|move|p2a: Serperior|Hidden Power|p1a: Heatran
|-supereffective|p1a: Heatran
|-damage|p1a: Heatran|0 fnt
|faint|p1a: Heatran
|
|
|switch|p1a: Landorus-Therian|Landorus-Therian, M|239\/329 tox
|-damage|p1a: Landorus-Therian|198\/329 tox|[from] Stealth Rock
|-ability|p1a: Landorus-Therian|Intimidate|[of] p2a: Serperior
|-boost|p2a: Serperior|atk|1
|turn|18
|
|switch|p2a: Landorus-Therian|Landorus-Therian, M, shiny|319\/319
|-ability|p2a: Landorus-Therian|Intimidate|[of] p1a: Landorus-Therian
|-unboost|p1a: Landorus-Therian|atk|1
|move|p1a: Landorus-Therian|U-turn|p2a: Landorus-Therian
|-resisted|p2a: Landorus-Therian
|-damage|p2a: Landorus-Therian|285\/319
|
|switch|p1a: Azumarill|Azumarill, F|341\/404
|-damage|p1a: Azumarill|291\/404|[from] Stealth Rock
|
|turn|19
|
|switch|p2a: Rotom-Wash|Rotom-Wash|304\/304
|move|p1a: Azumarill|Play Rough|p2a: Rotom-Wash
|-damage|p2a: Rotom-Wash|165\/304
|
|-heal|p2a: Rotom-Wash|184\/304|[from] item: Leftovers
|turn|20
|
|move|p2a: Rotom-Wash|Will-O-Wisp|p1a: Azumarill
|-status|p1a: Azumarill|brn
|move|p1a: Azumarill|Knock Off|p2a: Rotom-Wash
|-damage|p2a: Rotom-Wash|131\/304
|-enditem|p2a: Rotom-Wash|Leftovers|[from] move: Knock Off|[of] p1a: Azumarill
|
|-damage|p1a: Azumarill|241\/404 brn|[from] brn
|turn|21
|
|switch|p1a: Landorus-Therian|Landorus-Therian, M|198\/329 tox
|-damage|p1a: Landorus-Therian|157\/329 tox|[from] Stealth Rock
|-ability|p1a: Landorus-Therian|Intimidate|[of] p2a: Rotom-Wash
|-unboost|p2a: Rotom-Wash|atk|1
|move|p2a: Rotom-Wash|Volt Switch|p1a: Landorus-Therian
|-immune|p1a: Landorus-Therian|[msg]
|
|-damage|p1a: Landorus-Therian|137\/329 tox|[from] psn
|turn|22
|
|move|p1a: Landorus-Therian|U-turn|p2a: Rotom-Wash
|-damage|p2a: Rotom-Wash|60\/304
|
|switch|p1a: Mew|Mew|396\/404
|-damage|p1a: Mew|346\/404|[from] Stealth Rock
|move|p2a: Rotom-Wash|Volt Switch|p1a: Mew
|-damage|p1a: Mew|253\/404
|
|switch|p2a: Serperior|Serperior, M, shiny|211\/291
|
|-heal|p1a: Mew|278\/404|[from] item: Leftovers
|turn|23
|c|âafctest|my team counters ur team pretty well lol
|c|âThisFireBurns|yeah
|c|âThisFireBurns|lol
|
|move|p2a: Serperior|Leaf Storm|p1a: Mew
|-damage|p1a: Mew|107\/404
|-boost|p2a: Serperior|spa|2
|move|p1a: Mew|Heal Bell|p1a: Mew
|-cureteam|p1a: Mew|[from] move: HealBell
|
|-heal|p1a: Mew|132\/404|[from] item: Leftovers
|turn|24
|
|switch|p1a: Latios|Latios, M|301\/301
|-damage|p1a: Latios|264\/301|[from] Stealth Rock
|move|p2a: Serperior|Leaf Storm|p1a: Latios
|-resisted|p1a: Latios
|-damage|p1a: Latios|108\/301
|-boost|p2a: Serperior|spa|2
|
|turn|25
|
|move|p2a: Serperior|Dragon Pulse|p1a: Latios
|-supereffective|p1a: Latios
|-damage|p1a: Latios|0 fnt
|faint|p1a: Latios
|
|
|switch|p1a: Landorus-Therian|Landorus-Therian, M|137\/329
|-damage|p1a: Landorus-Therian|96\/329|[from] Stealth Rock
|-ability|p1a: Landorus-Therian|Intimidate|[of] p2a: Serperior
|-boost|p2a: Serperior|atk|1
|turn|26
|
|switch|p2a: Scizor|Scizor-Mega, M|344\/344
|move|p1a: Landorus-Therian|U-turn|p2a: Scizor
|-resisted|p2a: Scizor
|-damage|p2a: Scizor|306\/344
|c|âafctest|i chose starmie over latios btw because of heatrans :P
|
|switch|p1a: Manectric|Manectric-Mega, F|246\/281
|-damage|p1a: Manectric|211\/281|[from] Stealth Rock
|-ability|p1a: Manectric|Intimidate|[of] p2a: Scizor
|-unboost|p2a: Scizor|atk|1
|
|turn|27
|c|âThisFireBurns|nice haha
|c|âafctest|with natural cure its the perfect switch in
|
|switch|p2a: Heatran|Heatran, M|170\/386
|move|p1a: Manectric|Thunderbolt|p2a: Heatran
|-damage|p2a: Heatran|62\/386
|
|turn|28
|
|move|p2a: Heatran|Protect|p2a: Heatran
|-singleturn|p2a: Heatran|Protect
|move|p1a: Manectric|Thunderbolt|p2a: Heatran
|-activate|p2a: Heatran|Protect
|
|turn|29
|
|move|p1a: Manectric|Thunderbolt|p2a: Heatran
|-damage|p2a: Heatran|0 fnt
|faint|p2a: Heatran
|
|
|switch|p2a: Landorus-Therian|Landorus-Therian, M, shiny|285\/319
|-ability|p2a: Landorus-Therian|Intimidate|[of] p1a: Manectric
|-unboost|p1a: Manectric|atk|1
|turn|30
|
|switch|p1a: Landorus-Therian|Landorus-Therian, M|96\/329
|-damage|p1a: Landorus-Therian|55\/329|[from] Stealth Rock
|-ability|p1a: Landorus-Therian|Intimidate|[of] p2a: Landorus-Therian
|-unboost|p2a: Landorus-Therian|atk|1
|move|p2a: Landorus-Therian|U-turn|p1a: Landorus-Therian
|-resisted|p1a: Landorus-Therian
|-damage|p1a: Landorus-Therian|19\/329
|
|switch|p2a: Scizor|Scizor-Mega, M|306\/344
|
|turn|31
|
|switch|p1a: Manectric|Manectric-Mega, F|211\/281
|-damage|p1a: Manectric|176\/281|[from] Stealth Rock
|-ability|p1a: Manectric|Intimidate|[of] p2a: Scizor
|-unboost|p2a: Scizor|atk|1
|move|p2a: Scizor|Bullet Punch|p1a: Manectric
|-resisted|p1a: Manectric
|-damage|p1a: Manectric|122\/281
|
|turn|32
|
|switch|p2a: Rotom-Wash|Rotom-Wash|60\/304
|move|p1a: Manectric|Flamethrower|p2a: Rotom-Wash
|-crit|p2a: Rotom-Wash
|-resisted|p2a: Rotom-Wash
|-damage|p2a: Rotom-Wash|0 fnt
|faint|p2a: Rotom-Wash
|
|
|switch|p2a: Landorus-Therian|Landorus-Therian, M, shiny|285\/319
|-ability|p2a: Landorus-Therian|Intimidate|[of] p1a: Manectric
|-unboost|p1a: Manectric|atk|1
|turn|33
|
|move|p2a: Landorus-Therian|Earthquake|p1a: Manectric
|-supereffective|p1a: Manectric
|-damage|p1a: Manectric|0 fnt
|faint|p1a: Manectric
|
|c|âThisFireBurns|gg bro
|-message|ThisFireBurns forfeited.
|leave|ThisFireBurns
|
|win|afctest
|raw|Ladder updating...
|player|p1
|raw|ThisFireBurns's rating: 1696 &rarr; <strong>1665<\/strong><br \/>(-31 for losing)
|raw|afctest's rating: 1482 &rarr; <strong>1513<\/strong><br \/>(+31 for winning)