|join|jkk kj k
|join|ThisFireBurns
|player|p1|jkk kj k|240
|player|p2|ThisFireBurns|101
|gametype|singles
|gen|6
|tier|OU (suspect test)
|rated
|clearpoke
|poke|p1|Latias, F
|poke|p1|Bisharp, M
|poke|p1|Clefable, M
|poke|p1|Rotom-Wash
|poke|p1|Heatran, F
|poke|p1|Sceptile, M
|poke|p2|Azumarill, F
|poke|p2|Manectric, F
|poke|p2|Landorus-Therian, M
|poke|p2|Latios, M
|poke|p2|Bisharp, M
|poke|p2|Garchomp, F
|rule|Swagger Clause: Swagger is banned
|rule|Baton Pass Clause: Limit one PokÃ©mon knowing Baton Pass
|rule|Sleep Clause Mod: Limit one foe put to sleep
|rule|Species Clause: Limit one of each PokÃ©mon
|rule|OHKO Clause: OHKO moves are banned
|rule|Moody Clause: Moody is banned
|rule|Evasion Moves Clause: Evasion moves are banned
|rule|Endless Battle Clause: Forcing endless battles is banned
|rule|HP Percentage Mod: HP is shown in percentages
|teampreview
|
|start
|switch|p1a: Camarossi|Rotom-Wash|304\/304
|switch|p2a: Manectric|Manectric, F|281\/281
|turn|1
|
|detailschange|p2a: Manectric|Manectric-Mega, F
|-mega|p2a: Manectric|Manectric|Manectite
|-ability|p2a: Manectric|Intimidate|[of] p1a: Camarossi
|-unboost|p1a: Camarossi|atk|1
|move|p2a: Manectric|Thunderbolt|p1a: Camarossi
|-damage|p1a: Camarossi|154\/304
|move|p1a: Camarossi|Pain Split|p2a: Manectric
|-sethp|p2a: Manectric|217\/281|p1a: Camarossi|217\/304|[from] move: Pain Split
|
|-heal|p1a: Camarossi|236\/304|[from] item: Leftovers
|turn|2
|
|move|p2a: Manectric|Volt Switch|p1a: Camarossi
|-damage|p1a: Camarossi|112\/304
|
|switch|p2a: Latios|Latios, M|301\/301
|move|p1a: Camarossi|Will-O-Wisp|p2a: Latios
|-status|p2a: Latios|brn
|
|-heal|p1a: Camarossi|131\/304|[from] item: Leftovers
|-damage|p2a: Latios|264\/301 brn|[from] brn
|turn|3
|
|switch|p1a: Anna|Heatran, F|385\/385
|-item|p1a: Anna|Air Balloon
|move|p2a: Latios|Draco Meteor|p1a: Anna
|-resisted|p1a: Anna
|-damage|p1a: Anna|284\/385
|-enditem|p1a: Anna|Air Balloon
|-unboost|p2a: Latios|spa|2
|-damage|p2a: Latios|234\/301 brn|[from] item: Life Orb
|
|-damage|p2a: Latios|197\/301 brn|[from] brn
|turn|4
|
|move|p2a: Latios|Earthquake|p1a: Anna
|-supereffective|p1a: Anna
|-damage|p1a: Anna|112\/385
|-damage|p2a: Latios|167\/301 brn|[from] item: Life Orb
|move|p1a: Anna|Stealth Rock|p2a: Latios
|-sidestart|p2: ThisFireBurns|move: Stealth Rock
|
|-damage|p2a: Latios|130\/301 brn|[from] brn
|turn|5
|
|switch|p2a: Garchomp|Garchomp, F|357\/357
|-damage|p2a: Garchomp|335\/357|[from] Stealth Rock
|switch|p1a: Camarossi|Rotom-Wash|131\/304
|
|-heal|p1a: Camarossi|150\/304|[from] item: Leftovers
|turn|6
|
|move|p2a: Garchomp|Stealth Rock|p1a: Camarossi
|-sidestart|p1: jkk kj k|move: Stealth Rock
|move|p1a: Camarossi|Hydro Pump|p2a: Garchomp
|-damage|p2a: Garchomp|154\/357
|
|-heal|p1a: Camarossi|169\/304|[from] item: Leftovers
|turn|7
|
|move|p2a: Garchomp|Outrage|p1a: Camarossi
|-damage|p1a: Camarossi|25\/304
|move|p1a: Camarossi|Hydro Pump|p2a: Garchomp|[miss]
|-miss|p1a: Camarossi|p2a: Garchomp
|
|-heal|p1a: Camarossi|44\/304|[from] item: Leftovers
|turn|8
|
|switch|p1a: Weyne|Clefable, M|394\/394
|move|p2a: Garchomp|Outrage|p1a: Weyne
|-immune|p1a: Weyne|[msg]
|
|turn|9
|
|switch|p2a: Bisharp|Bisharp, M|271\/271
|-damage|p2a: Bisharp|255\/271|[from] Stealth Rock
|move|p1a: Weyne|Calm Mind|p1a: Weyne
|-boost|p1a: Weyne|spa|1
|-boost|p1a: Weyne|spd|1
|
|turn|10
|
|move|p2a: Bisharp|Iron Head|p1a: Weyne
|-supereffective|p1a: Weyne
|-damage|p1a: Weyne|40\/394
|-damage|p2a: Bisharp|228\/271|[from] item: Life Orb
|cant|p1a: Weyne|flinch
|
|-heal|p1a: Weyne|64\/394|[from] item: Leftovers
|turn|11
|c|âjkk kj k|hax hax hax
|c|âThisFireBurns|sorry
|c|âThisFireBurns|but happens
|
|move|p2a: Bisharp|Knock Off|p1a: Weyne
|-resisted|p1a: Weyne
|-damage|p1a: Weyne|0 fnt
|-enditem|p1a: Weyne|Leftovers|[from] move: Knock Off|[of] p2a: Bisharp
|-damage|p2a: Bisharp|201\/271|[from] item: Life Orb
|faint|p1a: Weyne
|
|c|âjkk kj k|yes ):
|c|âThisFireBurns|weyne?
|
|switch|p1a: Falckner|Bisharp, M|271\/271
|-damage|p1a: Falckner|255\/271|[from] Stealth Rock
|turn|12
|c|âThisFireBurns|lol
|c|âThisFireBurns|deve ser br
|c|âThisFireBurns|HUASHUASHUASHUAS
|c|âjkk kj k|HEUAEHUHEAUHEAUHEUAH
|c|âjkk kj k|porra
|c|âThisFireBurns|brbrbrbrbr
|c|âjkk kj k|sim
|c|âThisFireBurns|huehuehuehue
|c|âjkk kj k|tu Ã© da evo?
|c|âThisFireBurns|Ã© nois zika
|c|âThisFireBurns|rickbp1 aqui
|c|âjkk kj k|nÃ£o conheÃ§o
|c|âjkk kj k|dou mod do blast :p
|c|âjkk kj k|sou**
|c|âThisFireBurns|ata
|
|move|p2a: Bisharp|Knock Off|p1a: Falckner
|-resisted|p1a: Falckner
|-damage|p1a: Falckner|125\/271
|-enditem|p1a: Falckner|Focus Sash|[from] move: Knock Off|[of] p2a: Bisharp
|-damage|p2a: Bisharp|174\/271|[from] item: Life Orb
|move|p1a: Falckner|Swords Dance|p1a: Falckner
|-boost|p1a: Falckner|atk|2
|
|turn|13
|c|âThisFireBurns|sou das antiga
|c|âThisFireBurns|player aposentado ja
|c|âjkk kj k|eu meio que tÃ´ comeÃ§ando agora
|
|move|p1a: Falckner|Knock Off|p2a: Bisharp
|-resisted|p2a: Bisharp
|-damage|p2a: Bisharp|0 fnt
|-enditem|p2a: Bisharp|Life Orb|[from] move: Knock Off|[of] p1a: Falckner
|faint|p2a: Bisharp
|
|c|âThisFireBurns|entendo
|c|âThisFireBurns|normal
|c|âjkk kj k|joguei bastante xy ou
|c|âjkk kj k|desde o comeÃ§o
|
|switch|p2a: Azumarill|Azumarill, F|403\/403
|-damage|p2a: Azumarill|353\/403|[from] Stealth Rock
|turn|14
|c|âjkk kj k|mas oras esse Ã© o primeiro time
|c|âThisFireBurns|eu nem cheguei a jogar direito kkkk
|c|âThisFireBurns|esse ano foi sÃ³ estudos
|c|âjkk kj k|fiz vestiba esse ano tbm
|c|âjkk kj k|foi foda
|
|move|p1a: Falckner|Iron Head|p2a: Azumarill
|-damage|p2a: Azumarill|0 fnt
|faint|p2a: Azumarill
|
|c|âThisFireBurns|conseguiu algo?
|c|âjkk kj k|jogava nos fds
|c|âjkk kj k|nÃ£o
|c|âjkk kj k|=\/
|c|âjkk kj k|infelizmente
|c|âThisFireBurns|passei pra segunda fase da fuvest
|c|âThisFireBurns|graÃ§as a Deus
|c|âjkk kj k|po, parabÃ©ns
|
|switch|p2a: Garchomp|Garchomp, F|154\/357
|-damage|p2a: Garchomp|132\/357|[from] Stealth Rock
|turn|15
|c|âThisFireBurns|vlw bro
|c|âThisFireBurns|ralei de mais esse nao
|c|âThisFireBurns|ano*
|c|âjkk kj k|tu merece entÃ£o
|c|âjkk kj k|quem rala merece
|
|move|p1a: Falckner|Sucker Punch|p2a: Garchomp
|-fail|p2a: Garchomp
|move|p2a: Garchomp|Stealth Rock|p1a: Falckner
|-fail|p1a: Falckner
|
|turn|16
|c|âThisFireBurns|bom gg bro
|
|move|p1a: Falckner|Sucker Punch|p2a: Garchomp
|-damage|p2a: Garchomp|0 fnt
|-damage|p1a: Falckner|92\/271|[from] ability: Rough Skin|[of] p2a: Garchomp
|faint|p2a: Garchomp
|
|c|âjkk kj k|que isso
|c|âjkk kj k|tem jogo ainda
|
|switch|p2a: Latios|Latios, M|130\/301 brn
|-damage|p2a: Latios|93\/301 brn|[from] Stealth Rock
|turn|17
|c|âThisFireBurns|tem nao haha
|c|âThisFireBurns|bisharp parece estar sendo uma falha do meu time
|c|âThisFireBurns|preciso concertar isso depois
|c|âjkk kj k|o meu, conk
|c|âjkk kj k|conk poison jab destroi minha clefada
|c|âjkk kj k|e de qualquer forma
|
|move|p1a: Falckner|Sucker Punch|p2a: Latios
|-supereffective|p2a: Latios
|-damage|p2a: Latios|0 fnt
|faint|p2a: Latios
|
|c|âjkk kj k|ela perde o leftovers
|c|âThisFireBurns|sim sim
|
|switch|p2a: Landorus-Therian|Landorus-Therian, M|334\/334
|-damage|p2a: Landorus-Therian|293\/334|[from] Stealth Rock
|-ability|p2a: Landorus-Therian|Intimidate|[of] p1a: Falckner
|-unboost|p1a: Falckner|atk|1
|-boost|p1a: Falckner|atk|2|[from] ability: Defiant
|turn|18
|c|âjkk kj k|eu nunca usei bisharp
|c|âjkk kj k|primeira vez
|
|move|p1a: Falckner|Sucker Punch|p2a: Landorus-Therian
|-damage|p2a: Landorus-Therian|0 fnt
|faint|p2a: Landorus-Therian
|
|c|âjkk kj k|to gostando
|c|âjkk kj k|apelÃ£o
|c|âThisFireBurns|bisharp Ã© muito bom
|c|âThisFireBurns|sim sim
|c|âThisFireBurns|se nÃ£o tiver fighting
|c|âjkk kj k|eu achava ele feio
|c|âjkk kj k|hoje em dia
|c|âThisFireBurns|come o time do cara
|c|âjkk kj k|endeuso
|c|âjkk kj k|HEUHAEUHEA
|c|âThisFireBurns|kkkkk
|c|âThisFireBurns|gg bro
|c|âjkk kj k|gg rapaz
|c|âjkk kj k|:p
|
|switch|p2a: Manectric|Manectric-Mega, F|217\/281
|-damage|p2a: Manectric|182\/281|[from] Stealth Rock
|-ability|p2a: Manectric|Intimidate|[of] p1a: Falckner
|-unboost|p1a: Falckner|atk|1
|-boost|p1a: Falckner|atk|2|[from] ability: Defiant
|turn|19
|c|âjkk kj k|boa sorte com a facul, tu vai ano que vem vai ralar no primeiro perÃ­odo
|c|âjkk kj k|fez pra quÃª?
|c|âjkk kj k|prestou, no caso
|c|âjkk kj k|timer nÃ£o para aqui ):
|-message|ThisFireBurns lost due to inactivity.
|
|win|jkk kj k
|raw|Ladder updating...
|raw|jkk kj k's rating: 1241 &rarr; <strong>1260<\/strong><br \/>(+19 for winning)
|raw|ThisFireBurns's rating: 1158 &rarr; <strong>1139<\/strong><br \/>(-19 for losing)
|c|âjkk kj k|btw, boa sorte rapaz \o\/