|join|ThisFireBurns
|join|cogao
|player|p1|ThisFireBurns|102
|player|p2|cogao|3
|gametype|singles
|gen|6
|tier|OU
|clearpoke
|poke|p1|Talonflame, F
|poke|p1|Keldeo
|poke|p1|Scizor, F
|poke|p1|Latios, M
|poke|p1|Thundurus, M
|poke|p1|Mamoswine, F
|poke|p2|Jirachi
|poke|p2|Clefable, M
|poke|p2|Chansey, F
|poke|p2|Venusaur, F
|poke|p2|Rotom-Wash, shiny
|poke|p2|Mandibuzz, F
|rule|Swagger Clause: Swagger is banned
|rule|Baton Pass Clause: Limit one PokÃ©mon knowing Baton Pass
|rule|Sleep Clause Mod: Limit one foe put to sleep
|rule|Species Clause: Limit one of each PokÃ©mon
|rule|OHKO Clause: OHKO moves are banned
|rule|Moody Clause: Moody is banned
|rule|Evasion Moves Clause: Evasion moves are banned
|rule|Endless Battle Clause: Forcing endless battles is banned
|rule|HP Percentage Mod: HP is reported as percentages
|teampreview
|chat|ThisFireBurns|odeio stall, mas vamos lÃ¡
|
|start
|switch|p1a: Latios|Latios, M|301\/301
|switch|p2a: Jirachi|Jirachi|341\/341
|turn|1
|
|switch|p1a: Talonflame|Talonflame, F|297\/297
|move|p2a: Jirachi|U-turn|p1a: Talonflame
|-resisted|p1a: Talonflame
|-damage|p1a: Talonflame|273\/297
|
|switch|p2a: Rotom-Wash|Rotom-Wash, shiny|303\/303
|
|turn|2
|
|switch|p1a: Latios|Latios, M|301\/301
|move|p2a: Rotom-Wash|Will-O-Wisp|p1a: Latios
|-status|p1a: Latios|brn
|
|-damage|p1a: Latios|264\/301 brn|[from] brn
|turn|3
|
|switch|p1a: Mamoswine|Mamoswine, F|361\/361
|switch|p2a: Jirachi|Jirachi|341\/341
|
|turn|4
|
|switch|p1a: Scizor|Scizor, F|344\/344
|move|p2a: Jirachi|Iron Head|p1a: Scizor
|-crit|p1a: Scizor
|-resisted|p1a: Scizor
|-damage|p1a: Scizor|279\/344
|
|turn|5
|
|switch|p2a: Mandibuzz|Mandibuzz, F|423\/423
|detailschange|p1a: Scizor|Scizor-Mega, F
|message|Scizor has Mega Evolved into Mega Scizor!
|move|p1a: Scizor|U-turn|p2a: Mandibuzz
|-damage|p2a: Mandibuzz|339\/423
|-damage|p1a: Scizor|222\/344|[from] item: Rocky Helmet|[of] p2a: Mandibuzz
|
|switch|p1a: Keldeo|Keldeo|323\/323
|
|turn|6
|
|switch|p2a: Venusaur|Venusaur, F|364\/364
|move|p1a: Keldeo|Secret Sword|p2a: Venusaur
|-resisted|p2a: Venusaur
|-damage|p2a: Venusaur|266\/364
|
|turn|7
|
|switch|p1a: Talonflame|Talonflame, F|273\/297
|detailschange|p2a: Venusaur|Venusaur-Mega, F
|message|Venusaur has Mega Evolved into Mega Venusaur!
|move|p2a: Venusaur|Hidden Power|p1a: Talonflame
|-resisted|p1a: Talonflame
|-damage|p1a: Talonflame|238\/297
|
|turn|8
|
|switch|p2a: Rotom-Wash|Rotom-Wash, shiny|303\/303
|move|p1a: Talonflame|Flare Blitz|p2a: Rotom-Wash
|-resisted|p2a: Rotom-Wash
|-damage|p2a: Rotom-Wash|200\/303
|-damage|p1a: Talonflame|204\/297|[from] recoil|[of] p2a: Rotom-Wash
|
|turn|9
|
|switch|p1a: Latios|Latios, M|264\/301 brn
|move|p2a: Rotom-Wash|Volt Switch|p1a: Latios
|-resisted|p1a: Latios
|-damage|p1a: Latios|199\/301 brn
|
|switch|p2a: Jirachi|Jirachi|341\/341
|
|-damage|p1a: Latios|162\/301 brn|[from] brn
|turn|10
|
|switch|p1a: Scizor|Scizor-Mega, F|222\/344
|move|p2a: Jirachi|U-turn|p1a: Scizor
|-resisted|p1a: Scizor
|-damage|p1a: Scizor|201\/344
|
|switch|p2a: Mandibuzz|Mandibuzz, F|339\/423
|
|turn|11
|
|move|p2a: Mandibuzz|Roost|p2a: Mandibuzz
|-heal|p2a: Mandibuzz|423\/423
|move|p1a: Scizor|Roost|p1a: Scizor
|-heal|p1a: Scizor|344\/344
|
|turn|12
|
|move|p2a: Mandibuzz|Foul Play|p1a: Scizor
|-damage|p1a: Scizor|257\/344
|move|p1a: Scizor|U-turn|p2a: Mandibuzz
|-damage|p2a: Mandibuzz|341\/423
|-damage|p1a: Scizor|200\/344|[from] item: Rocky Helmet|[of] p2a: Mandibuzz
|
|switch|p1a: Keldeo|Keldeo|323\/323
|
|turn|13
|
|switch|p2a: Chansey|Chansey, F|704\/704
|move|p1a: Keldeo|Scald|p2a: Chansey
|-damage|p2a: Chansey|577\/704
|-status|p2a: Chansey|brn
|
|-damage|p2a: Chansey|489\/704 brn|[from] brn
|turn|14
|
|switch|p1a: Mamoswine|Mamoswine, F|361\/361
|move|p2a: Chansey|Stealth Rock|p1a: Mamoswine
|-sidestart|p1: ThisFireBurns|move: Stealth Rock
|
|-damage|p2a: Chansey|401\/704 brn|[from] brn
|turn|15
|
|switch|p2a: Venusaur|Venusaur-Mega, F|266\/364
|move|p1a: Mamoswine|Stealth Rock|p2a: Venusaur
|-sidestart|p2: cogao|move: Stealth Rock
|
|turn|16
|
|move|p1a: Mamoswine|Earthquake|p2a: Venusaur
|-damage|p2a: Venusaur|160\/364
|move|p2a: Venusaur|Sludge Bomb|p1a: Mamoswine
|-resisted|p1a: Mamoswine
|-damage|p1a: Mamoswine|266\/361
|
|turn|17
|
|switch|p1a: Latios|Latios, M|162\/301 brn
|-damage|p1a: Latios|125\/301 brn|[from] Stealth Rock
|move|p2a: Venusaur|Synthesis|p2a: Venusaur
|-heal|p2a: Venusaur|342\/364
|
|-damage|p1a: Latios|88\/301 brn|[from] brn
|turn|18
|
|switch|p2a: Jirachi|Jirachi|341\/341
|-damage|p2a: Jirachi|320\/341|[from] Stealth Rock
|move|p1a: Latios|Recover|p1a: Latios
|-heal|p1a: Latios|239\/301 brn
|
|-damage|p1a: Latios|202\/301 brn|[from] brn
|turn|19
|
|switch|p1a: Keldeo|Keldeo|323\/323
|-damage|p1a: Keldeo|303\/323|[from] Stealth Rock
|move|p2a: Jirachi|U-turn|p1a: Keldeo
|-resisted|p1a: Keldeo
|-damage|p1a: Keldeo|268\/323
|
|switch|p2a: Venusaur|Venusaur-Mega, F|342\/364
|-damage|p2a: Venusaur|297\/364|[from] Stealth Rock
|
|turn|20
|
|move|p1a: Keldeo|Scald|p2a: Venusaur
|-crit|p2a: Venusaur
|-resisted|p2a: Venusaur
|-damage|p2a: Venusaur|149\/364
|move|p2a: Venusaur|Giga Drain|p1a: Keldeo
|-supereffective|p1a: Keldeo
|-damage|p1a: Keldeo|50\/323
|-heal|p2a: Venusaur|258\/364|[from] drain|[of] p1a: Keldeo
|
|turn|21
|
|move|p1a: Keldeo|Scald|p2a: Venusaur
|-resisted|p2a: Venusaur
|-damage|p2a: Venusaur|162\/364
|-status|p2a: Venusaur|brn
|move|p2a: Venusaur|Sludge Bomb|p1a: Keldeo
|-damage|p1a: Keldeo|0 fnt
|faint|p1a: Keldeo
|
|-damage|p2a: Venusaur|117\/364 brn|[from] brn
|
|switch|p1a: Latios|Latios, M|202\/301 brn
|-damage|p1a: Latios|165\/301 brn|[from] Stealth Rock
|turn|22
|
|move|p1a: Latios|Earthquake|p2a: Venusaur
|-damage|p2a: Venusaur|85\/364 brn
|-damage|p1a: Latios|135\/301 brn|[from] item: Life Orb
|move|p2a: Venusaur|Synthesis|p2a: Venusaur
|-heal|p2a: Venusaur|267\/364 brn
|
|-damage|p1a: Latios|98\/301 brn|[from] brn
|-damage|p2a: Venusaur|222\/364 brn|[from] brn
|turn|23
|
|switch|p2a: Clefable|Clefable, M|394\/394
|-damage|p2a: Clefable|345\/394|[from] Stealth Rock
|move|p1a: Latios|Psyshock|p2a: Clefable
|-damage|p2a: Clefable|189\/394
|-damage|p1a: Latios|68\/301 brn|[from] item: Life Orb
|
|-heal|p2a: Clefable|213\/394|[from] item: Leftovers
|-damage|p1a: Latios|31\/301 brn|[from] brn
|turn|24
|
|switch|p1a: Scizor|Scizor-Mega, F|200\/344
|-damage|p1a: Scizor|157\/344|[from] Stealth Rock
|move|p2a: Clefable|Wish|p2a: Clefable
|
|-heal|p2a: Clefable|237\/394|[from] item: Leftovers
|turn|25
|
|switch|p2a: Venusaur|Venusaur-Mega, F|222\/364 brn
|-damage|p2a: Venusaur|177\/364 brn|[from] Stealth Rock
|move|p1a: Scizor|Defog|p2a: Venusaur
|-unboost|p2a: Venusaur|evasion|1
|-sideend|p2: cogao|Stealth Rock|[from] move: Defog|[of] p2a: Venusaur
|-sideend|p1: ThisFireBurns|Stealth Rock|[from] move: Defog|[of] p1a: Scizor
|
|-heal|p2a: Venusaur|364\/364 brn|[from] move: Wish|[wisher] Clefable
|-damage|p2a: Venusaur|319\/364 brn|[from] brn
|turn|26
|
|switch|p1a: Talonflame|Talonflame, F|204\/297
|move|p2a: Venusaur|Hidden Power|p1a: Talonflame
|-resisted|p1a: Talonflame
|-damage|p1a: Talonflame|168\/297
|
|-damage|p2a: Venusaur|274\/364 brn|[from] brn
|turn|27
|
|switch|p2a: Mandibuzz|Mandibuzz, F|341\/423
|move|p1a: Talonflame|Flare Blitz|p2a: Mandibuzz
|-damage|p2a: Mandibuzz|151\/423
|-damage|p1a: Talonflame|119\/297|[from] item: Rocky Helmet|[of] p2a: Mandibuzz
|-damage|p1a: Talonflame|56\/297|[from] recoil|[of] p2a: Mandibuzz
|
|turn|28
|
|switch|p2a: Rotom-Wash|Rotom-Wash, shiny|200\/303
|move|p1a: Talonflame|Flare Blitz|p2a: Rotom-Wash
|-resisted|p2a: Rotom-Wash
|-damage|p2a: Rotom-Wash|97\/303
|-damage|p1a: Talonflame|22\/297|[from] recoil|[of] p2a: Rotom-Wash
|
|turn|29
|
|switch|p1a: Mamoswine|Mamoswine, F|266\/361
|move|p2a: Rotom-Wash|Trick|p1a: Mamoswine
|-activate|p2a: Rotom-Wash|move: Trick|[of] p1a: Mamoswine
|-item|p1a: Mamoswine|Choice Specs|[from] move: Trick
|-item|p2a: Rotom-Wash|Focus Sash|[from] move: Trick
|
|turn|30
|
|switch|p2a: Mandibuzz|Mandibuzz, F|151\/423
|move|p1a: Mamoswine|Stealth Rock|p2a: Mandibuzz
|-sidestart|p2: cogao|move: Stealth Rock
|
|turn|31
|
|switch|p1a: Thundurus|Thundurus, M|299\/299
|move|p2a: Mandibuzz|Roost|p2a: Mandibuzz
|-heal|p2a: Mandibuzz|363\/423
|
|turn|32
|
|switch|p2a: Rotom-Wash|Rotom-Wash, shiny|97\/303
|-damage|p2a: Rotom-Wash|60\/303|[from] Stealth Rock
|move|p1a: Thundurus|Thunderbolt|p2a: Rotom-Wash
|-damage|p2a: Rotom-Wash|0 fnt
|-damage|p1a: Thundurus|270\/299|[from] item: Life Orb
|faint|p2a: Rotom-Wash
|
|
|switch|p2a: Chansey|Chansey, F|401\/704
|-damage|p2a: Chansey|313\/704|[from] Stealth Rock
|turn|33
|
|move|p1a: Thundurus|Superpower|p2a: Chansey
|-crit|p2a: Chansey
|-supereffective|p2a: Chansey
|-damage|p2a: Chansey|0 fnt
|-unboost|p1a: Thundurus|atk|1
|-unboost|p1a: Thundurus|def|1
|-damage|p1a: Thundurus|241\/299|[from] item: Life Orb
|faint|p2a: Chansey
|
|chat|ThisFireBurns|eu odeio
|chat|cogao|D:
|chat|ThisFireBurns|essa gorda
|chat|ThisFireBurns|rosa
|
|switch|p2a: Jirachi|Jirachi|320\/341
|-damage|p2a: Jirachi|299\/341|[from] Stealth Rock
|turn|34
|chat|ThisFireBurns|raiva
|chat|ThisFireBurns|te conjuro
|chat|ThisFireBurns|contra o hax
|
|switch|p1a: Scizor|Scizor-Mega, F|157\/344
|move|p2a: Jirachi|Ice Punch|p1a: Scizor
|-resisted|p1a: Scizor
|-damage|p1a: Scizor|134\/344
|-status|p1a: Scizor|frz
|
|turn|35
|chat|ThisFireBurns|POHA RAIVA
|chat|ThisFireBurns|PQ ME TRAI
|chat|ThisFireBurns|D'-
|chat|ThisFireBurns|D'=
|chat|cogao|uÃ©
|
|switch|p2a: Clefable|Clefable, M|237\/394
|-damage|p2a: Clefable|188\/394|[from] Stealth Rock
|switch|p1a: Talonflame|Talonflame, F|22\/297
|
|-heal|p2a: Clefable|212\/394|[from] item: Leftovers
|turn|36
|
|move|p2a: Clefable|Protect|p2a: Clefable
|-singleturn|p2a: Clefable|Protect
|move|p1a: Talonflame|Flare Blitz|p2a: Clefable
|-activate|p2a: Clefable|Protect
|
|-heal|p2a: Clefable|236\/394|[from] item: Leftovers
|turn|37
|
|move|p1a: Talonflame|Flare Blitz|p2a: Clefable
|-damage|p2a: Clefable|0 fnt
|-damage|p1a: Talonflame|0 fnt|[from] recoil|[of] p2a: Clefable
|faint|p2a: Clefable
|faint|p1a: Talonflame
|
|
|switch|p2a: Jirachi|Jirachi|299\/341
|-damage|p2a: Jirachi|278\/341|[from] Stealth Rock
|switch|p1a: Thundurus|Thundurus, M|241\/299
|turn|38
|
|switch|p2a: Venusaur|Venusaur-Mega, F|274\/364 brn
|-damage|p2a: Venusaur|229\/364 brn|[from] Stealth Rock
|move|p1a: Thundurus|Thunder Wave|p2a: Venusaur
|-fail|p2a: Venusaur
|
|-damage|p2a: Venusaur|184\/364 brn|[from] brn
|turn|39
|
|switch|p1a: Scizor|Scizor-Mega, F|134\/344 frz
|move|p2a: Venusaur|Synthesis|p2a: Venusaur
|-heal|p2a: Venusaur|364\/364 brn
|
|-damage|p2a: Venusaur|319\/364 brn|[from] brn
|turn|40
|
|switch|p1a: Mamoswine|Mamoswine, F|266\/361
|move|p2a: Venusaur|Hidden Power|p1a: Mamoswine
|-supereffective|p1a: Mamoswine
|-damage|p1a: Mamoswine|176\/361
|
|-damage|p2a: Venusaur|274\/364 brn|[from] brn
|turn|41
|
|switch|p1a: Scizor|Scizor-Mega, F|134\/344 frz
|move|p2a: Venusaur|Giga Drain|p1a: Scizor
|-resisted|p1a: Scizor
|-damage|p1a: Scizor|106\/344 frz
|-heal|p2a: Venusaur|288\/364 brn|[from] drain|[of] p1a: Scizor
|
|-damage|p2a: Venusaur|243\/364 brn|[from] brn
|turn|42
|
|move|p2a: Venusaur|Synthesis|p2a: Venusaur
|-heal|p2a: Venusaur|364\/364 brn
|cant|p1a: Scizor|frz
|
|-damage|p2a: Venusaur|319\/364 brn|[from] brn
|turn|43
|
|switch|p1a: Mamoswine|Mamoswine, F|176\/361
|move|p2a: Venusaur|Hidden Power|p1a: Mamoswine
|-supereffective|p1a: Mamoswine
|-damage|p1a: Mamoswine|92\/361
|
|-damage|p2a: Venusaur|274\/364 brn|[from] brn
|turn|44
|chat|ThisFireBurns|peguei
|chat|ThisFireBurns|HUSAUHASHU
|
|switch|p2a: Mandibuzz|Mandibuzz, F|363\/423
|-damage|p2a: Mandibuzz|258\/423|[from] Stealth Rock
|move|p1a: Mamoswine|Endeavor|p2a: Mandibuzz
|-damage|p2a: Mandibuzz|92\/423
|-damage|p1a: Mamoswine|32\/361|[from] item: Rocky Helmet|[of] p2a: Mandibuzz
|
|turn|45
|chat|cogao|quase ne
|
|switch|p1a: Thundurus|Thundurus, M|241\/299
|move|p2a: Mandibuzz|Defog|p1a: Thundurus
|-unboost|p1a: Thundurus|evasion|1
|-sideend|p2: cogao|Stealth Rock|[from] move: Defog|[of] p2a: Mandibuzz
|
|turn|46
|chat|ThisFireBurns|quase ne
|
|move|p1a: Thundurus|Thunderbolt|p2a: Mandibuzz
|-supereffective|p2a: Mandibuzz
|-damage|p2a: Mandibuzz|0 fnt
|-damage|p1a: Thundurus|212\/299|[from] item: Life Orb
|faint|p2a: Mandibuzz
|
|
|switch|p2a: Venusaur|Venusaur-Mega, F|274\/364 brn
|turn|47
|
|switch|p1a: Latios|Latios, M|31\/301 brn
|move|p2a: Venusaur|Sludge Bomb|p1a: Latios
|-damage|p1a: Latios|0 fnt
|faint|p1a: Latios
|
|-damage|p2a: Venusaur|229\/364 brn|[from] brn
|
|switch|p1a: Mamoswine|Mamoswine, F|32\/361
|turn|48
|chat|ThisFireBurns|vem monstro
|chat|ThisFireBurns|vem
|
|move|p1a: Mamoswine|Endeavor|p2a: Venusaur
|-damage|p2a: Venusaur|32\/364 brn
|move|p2a: Venusaur|Giga Drain|p1a: Mamoswine
|-supereffective|p1a: Mamoswine
|-damage|p1a: Mamoswine|0 fnt
|-heal|p2a: Venusaur|48\/364 brn|[from] drain|[of] p1a: Mamoswine
|faint|p1a: Mamoswine
|
|-damage|p2a: Venusaur|3\/364 brn|[from] brn
|
|switch|p1a: Thundurus|Thundurus, M|212\/299
|turn|49
|
|move|p1a: Thundurus|Thunderbolt|p2a: Venusaur
|-resisted|p2a: Venusaur
|-damage|p2a: Venusaur|0 fnt
|-damage|p1a: Thundurus|183\/299|[from] item: Life Orb
|faint|p2a: Venusaur
|
|
|switch|p2a: Jirachi|Jirachi|278\/341
|turn|50
|
|move|p1a: Thundurus|Thunder Wave|p2a: Jirachi
|-status|p2a: Jirachi|par
|move|p2a: Jirachi|Ice Punch|p1a: Thundurus
|-supereffective|p1a: Thundurus
|-damage|p1a: Thundurus|0 fnt
|faint|p1a: Thundurus
|
|chat|ThisFireBurns|agora Ã© com vc amigo
|
|switch|p1a: Scizor|Scizor-Mega, F|106\/344 frz
|turn|51
|chat|cogao|agora mais 4 turnos de frozen e eu ganho
|
|cant|p1a: Scizor|frz
|move|p2a: Jirachi|Ice Punch|p1a: Scizor
|-resisted|p1a: Scizor
|-damage|p1a: Scizor|84\/344 frz
|
|turn|52
|chat|ThisFireBurns|bem mais
|chat|ThisFireBurns|UHASUHSAUHSAUH
|chat|cogao|pq o terceiro ice vai ser ch
|
|cant|p1a: Scizor|frz
|cant|p2a: Jirachi|par
|
|turn|53
|
|cant|p1a: Scizor|frz
|move|p2a: Jirachi|Ice Punch|p1a: Scizor
|-resisted|p1a: Scizor
|-damage|p1a: Scizor|63\/344 frz
|
|turn|54
|
|cant|p1a: Scizor|frz
|move|p2a: Jirachi|Ice Punch|p1a: Scizor
|-resisted|p1a: Scizor
|-damage|p1a: Scizor|43\/344 frz
|
|turn|55
|chat|ThisFireBurns|ACORDA FDP
|
|cant|p1a: Scizor|frz
|move|p2a: Jirachi|Ice Punch|p1a: Scizor
|-resisted|p1a: Scizor
|-damage|p1a: Scizor|22\/344 frz
|
|turn|56
|chat|cogao|>acorda
|chat|cogao|>congelado
|
|cant|p1a: Scizor|frz
|cant|p2a: Jirachi|par
|
|turn|57
|
|-curestatus|p1a: Scizor|frz|[from] frz
|move|p1a: Scizor|Roost|p1a: Scizor
|-heal|p1a: Scizor|194\/344
|move|p2a: Jirachi|Ice Punch|p1a: Scizor
|-resisted|p1a: Scizor
|-damage|p1a: Scizor|173\/344
|
|turn|58
|chat|cogao|D:
|chat|ThisFireBurns|ae poha
|chat|ThisFireBurns|SAHUAUHSUHAS
|chat|cogao|gg
|chat|ThisFireBurns|gg bro
|
|move|p1a: Scizor|Roost|p1a: Scizor
|-heal|p1a: Scizor|344\/344
|move|p2a: Jirachi|Ice Punch|p1a: Scizor
|-resisted|p1a: Scizor
|-damage|p1a: Scizor|323\/344
|
|turn|59
|chat|ThisFireBurns|ae batalha foi tensa
|chat|ThisFireBurns|haha
|
|move|p1a: Scizor|U-turn|p2a: Jirachi
|-damage|p2a: Jirachi|161\/341 par
|move|p2a: Jirachi|Ice Punch|p1a: Scizor
|-resisted|p1a: Scizor
|-damage|p1a: Scizor|301\/344
|-status|p1a: Scizor|frz
|
|turn|60
|chat|cogao|foi e eu joguei mal
|chat|cogao|D:
|chat|cogao|OPA
|chat|ThisFireBurns|oia ele
|chat|ThisFireBurns|oia ele
|
|-curestatus|p1a: Scizor|frz|[from] frz
|move|p1a: Scizor|U-turn|p2a: Jirachi
|-damage|p2a: Jirachi|41\/341 par
|move|p2a: Jirachi|Ice Punch|p1a: Scizor
|-resisted|p1a: Scizor
|-damage|p1a: Scizor|281\/344
|-status|p1a: Scizor|frz
|
|turn|61
|chat|cogao|OIAUHEOIAUHEOIAUHE
|chat|ThisFireBurns|MEO DOES
|chat|ThisFireBurns|MEO DEOS
|chat|ThisFireBurns|SALVA ESSA POHA
|chat|ThisFireBurns|PELO AMOR
|chat|ThisFireBurns|USHUHASUHUHSA
|
|cant|p1a: Scizor|frz
|move|p2a: Jirachi|Ice Punch|p1a: Scizor
|-resisted|p1a: Scizor
|-damage|p1a: Scizor|261\/344 frz
|
|turn|62
|
|cant|p1a: Scizor|frz
|move|p2a: Jirachi|Ice Punch|p1a: Scizor
|-resisted|p1a: Scizor
|-damage|p1a: Scizor|242\/344 frz
|
|turn|63
|chat|ThisFireBurns|kagao vc ein
|chat|cogao|dois ch pra eu n morrer no struggle e fica congelado pra sempre pfv
|
|cant|p1a: Scizor|frz
|move|p2a: Jirachi|Ice Punch|p1a: Scizor
|-resisted|p1a: Scizor
|-damage|p1a: Scizor|222\/344 frz
|
|turn|64
|
|cant|p1a: Scizor|frz
|move|p2a: Jirachi|Ice Punch|p1a: Scizor
|-resisted|p1a: Scizor
|-damage|p1a: Scizor|201\/344 frz
|
|turn|65
|
|cant|p1a: Scizor|frz
|move|p2a: Jirachi|Ice Punch|p1a: Scizor
|-resisted|p1a: Scizor
|-damage|p1a: Scizor|178\/344 frz
|
|turn|66
|chat|cogao|se n critar, vai ser a conta o pp
|
|cant|p1a: Scizor|frz
|move|p2a: Jirachi|Ice Punch|p1a: Scizor
|-resisted|p1a: Scizor
|-damage|p1a: Scizor|156\/344 frz
|
|turn|67
|chat|cogao|tenho 8 pp
|chat|cogao|8x6 = 48
|
|cant|p1a: Scizor|frz
|move|p2a: Jirachi|Ice Punch|p1a: Scizor
|-resisted|p1a: Scizor
|-damage|p1a: Scizor|136\/344 frz
|
|turn|68
|chat|ThisFireBurns|meo deos
|chat|ThisFireBurns|se vai ganhar
|chat|ThisFireBurns|isso dae
|chat|ThisFireBurns|ainda
|
|-curestatus|p1a: Scizor|frz|[from] frz
|move|p1a: Scizor|U-turn|p2a: Jirachi
|-damage|p2a: Jirachi|0 fnt
|faint|p2a: Jirachi
|
|win|ThisFireBurns
|chat|ThisFireBurns|ou nÃ£o
|chat|cogao|ou n
|chat|ThisFireBurns|UHASUHASUHASHU
|chat|cogao|oaiheoiauheoiauhe