|join|pom
|join|spuds4ever
|player|p1|pom|101
|player|p2|spuds4ever|2
|gametype|singles
|gen|6
|tier|UU
|rated
|rule|Sleep Clause Mod: Limit one foe put to sleep
|rule|Species Clause: Limit one of each Pokemon
|rule|OHKO Clause: OHKO moves are banned
|rule|Moody Clause: Moody is banned
|rule|Evasion Moves Clause: Evasion moves are banned
|rule|Endless Battle Clause: Forcing endless battles is banned
|rule|HP Percentage Mod: HP is reported as percentages
|clearpoke
|poke|p1|Sceptile, M
|poke|p1|Tornadus, M
|poke|p1|Entei, shiny
|poke|p1|Kingdra, F
|poke|p1|Staraptor, F
|poke|p1|Mew
|poke|p2|Blissey, F
|poke|p2|Forretress, F
|poke|p2|Suicune
|poke|p2|Hydreigon, M
|poke|p2|Victini
|poke|p2|Sableye, M
|rule|Swagger Clause: Swagger is banned
|rule|Baton Pass Clause: Limit 3 pokemon knowing Baton Pass
|teampreview
|chat|spuds4ever|gl hf
|chat|pom|u2
|
|start
|switch|p1a: Entei|Entei, shiny|372\/372
|switch|p2a: Sableye|Sableye, M|241\/241
|-ability|p1a: Entei|Pressure
|turn|1
|
|switch|p2a: Suicune|Suicune|404\/404
|-ability|p2a: Suicune|Pressure
|move|p1a: Entei|Sacred Fire|p2a: Suicune
|-resisted|p2a: Suicune
|-damage|p2a: Suicune|323\/404
|
|-heal|p2a: Suicune|348\/404|[from] item: Leftovers
|turn|2
|
|switch|p1a: Sceptile|Sceptile, M|343\/343
|move|p2a: Suicune|Scald|p1a: Sceptile
|-resisted|p1a: Sceptile
|-damage|p1a: Sceptile|292\/343
|-status|p1a: Sceptile|brn
|
|-heal|p1a: Sceptile|313\/343 brn|[from] item: Leftovers
|-heal|p2a: Suicune|373\/404|[from] item: Leftovers
|-damage|p1a: Sceptile|271\/343 brn|[from] brn
|turn|3
|
|switch|p2a: Hydreigon|Hydreigon, M|388\/388
|move|p1a: Sceptile|Leech Seed|p2a: Hydreigon
|-start|p2a: Hydreigon|move: Leech Seed
|
|-heal|p1a: Sceptile|292\/343 brn|[from] item: Leftovers
|-damage|p2a: Hydreigon|340\/388|[from] Leech Seed|[of] p1a: Sceptile
|-heal|p1a: Sceptile|340\/343 brn|[silent]
|-damage|p1a: Sceptile|298\/343 brn|[from] brn
|turn|4
|
|move|p1a: Sceptile|Focus Blast|p2a: Hydreigon|[miss]
|-miss|p1a: Sceptile|p2a: Hydreigon
|move|p2a: Hydreigon|Dark Pulse|p1a: Sceptile
|-damage|p1a: Sceptile|165\/343 brn
|
|-heal|p1a: Sceptile|186\/343 brn|[from] item: Leftovers
|-heal|p2a: Hydreigon|364\/388|[from] item: Leftovers
|-damage|p2a: Hydreigon|316\/388|[from] Leech Seed|[of] p1a: Sceptile
|-heal|p1a: Sceptile|234\/343 brn|[silent]
|-damage|p1a: Sceptile|192\/343 brn|[from] brn
|turn|5
|chat|spuds4ever|sry
|chat|pom|es ok
|
|switch|p1a: Entei|Entei, shiny|372\/372
|-ability|p1a: Entei|Pressure
|switch|p2a: Victini|Victini|341\/341
|
|turn|6
|
|move|p2a: Victini|U-turn|p1a: Entei
|-resisted|p1a: Entei
|-damage|p1a: Entei|314\/372
|
|switch|p2a: Suicune|Suicune|373\/404
|-ability|p2a: Suicune|Pressure
|move|p1a: Entei|Stone Edge|p2a: Suicune
|-crit|p2a: Suicune
|-damage|p2a: Suicune|189\/404
|
|-heal|p2a: Suicune|214\/404|[from] item: Leftovers
|turn|7
|
|switch|p1a: Sceptile|Sceptile, M|192\/343 brn
|move|p2a: Suicune|Rest|p2a: Suicune
|-status|p2a: Suicune|slp
|-heal|p2a: Suicune|404\/404 slp|[silent]
|-status|p2a: Suicune|slp|[from] move: Rest
|
|-heal|p1a: Sceptile|213\/343 brn|[from] item: Leftovers
|-damage|p1a: Sceptile|171\/343 brn|[from] brn
|turn|8
|
|switch|p2a: Forretress|Forretress, F|354\/354
|move|p1a: Sceptile|Leech Seed|p2a: Forretress
|-start|p2a: Forretress|move: Leech Seed
|
|-heal|p1a: Sceptile|192\/343 brn|[from] item: Leftovers
|-damage|p2a: Forretress|310\/354|[from] Leech Seed|[of] p1a: Sceptile
|-heal|p1a: Sceptile|236\/343 brn|[silent]
|-damage|p1a: Sceptile|194\/343 brn|[from] brn
|turn|9
|
|move|p1a: Sceptile|Focus Blast|p2a: Forretress|[miss]
|-miss|p1a: Sceptile|p2a: Forretress
|move|p2a: Forretress|Stealth Rock|p1a: Sceptile
|-sidestart|p1: pom|move: Stealth Rock
|
|-heal|p1a: Sceptile|215\/343 brn|[from] item: Leftovers
|-heal|p2a: Forretress|332\/354|[from] item: Leftovers
|-damage|p2a: Forretress|288\/354|[from] Leech Seed|[of] p1a: Sceptile
|-heal|p1a: Sceptile|259\/343 brn|[silent]
|-damage|p1a: Sceptile|217\/343 brn|[from] brn
|turn|10
|
|switch|p1a: Mew|Mew|404\/404
|-damage|p1a: Mew|354\/404|[from] Stealth Rock
|switch|p2a: Victini|Victini|341\/341
|
|-heal|p1a: Mew|379\/404|[from] item: Leftovers
|turn|11
|
|move|p2a: Victini|V-create|p1a: Mew
|-damage|p1a: Mew|3\/404
|-unboost|p2a: Victini|def|1
|-unboost|p2a: Victini|spd|1
|-unboost|p2a: Victini|spe|1
|move|p1a: Mew|Defog|p2a: Victini
|-unboost|p2a: Victini|evasion|1
|-sideend|p1: pom|Stealth Rock|[from] move: Defog|[of] p1a: Mew
|
|-heal|p1a: Mew|28\/404|[from] item: Leftovers
|turn|12
|
|move|p1a: Mew|Soft-Boiled|p1a: Mew
|-heal|p1a: Mew|230\/404
|move|p2a: Victini|V-create|p1a: Mew
|-damage|p1a: Mew|0 fnt
|-unboost|p2a: Victini|def|1
|-unboost|p2a: Victini|spd|1
|-unboost|p2a: Victini|spe|1
|faint|p1a: Mew
|
|
|switch|p1a: Kingdra|Kingdra, F|291\/291
|turn|13
|
|switch|p2a: Sableye|Sableye, M|241\/241
|move|p1a: Kingdra|Dragon Dance|p1a: Kingdra
|-boost|p1a: Kingdra|atk|1
|-boost|p1a: Kingdra|spe|1
|
|turn|14
|
|move|p2a: Sableye|Will-O-Wisp|p1a: Kingdra
|-status|p1a: Kingdra|brn
|move|p1a: Kingdra|Dragon Dance|p1a: Kingdra
|-boost|p1a: Kingdra|atk|1
|-boost|p1a: Kingdra|spe|1
|
|-damage|p1a: Kingdra|255\/291 brn|[from] brn
|turn|15
|
|move|p2a: Sableye|Taunt|p1a: Kingdra
|-start|p1a: Kingdra|move: Taunt
|move|p1a: Kingdra|Waterfall|p2a: Sableye
|-damage|p2a: Sableye|85\/241
|
|-heal|p2a: Sableye|100\/241|[from] item: Leftovers
|-damage|p1a: Kingdra|219\/291 brn|[from] brn
|turn|16
|
|switch|p1a: Entei|Entei, shiny|314\/372
|-ability|p1a: Entei|Pressure
|switch|p2a: Suicune|Suicune|404\/404 slp
|-ability|p2a: Suicune|Pressure
|
|turn|17
|
|switch|p1a: Sceptile|Sceptile, M|217\/343 brn
|switch|p2a: Sableye|Sableye, M|100\/241
|
|-heal|p1a: Sceptile|238\/343 brn|[from] item: Leftovers
|-heal|p2a: Sableye|115\/241|[from] item: Leftovers
|-damage|p1a: Sceptile|196\/343 brn|[from] brn
|turn|18
|
|move|p2a: Sableye|Recover|p2a: Sableye
|-heal|p2a: Sableye|236\/241
|move|p1a: Sceptile|Giga Drain|p2a: Sableye
|-damage|p2a: Sableye|142\/241
|-heal|p1a: Sceptile|243\/343 brn|[from] drain|[of] p2a: Sableye
|
|-heal|p1a: Sceptile|264\/343 brn|[from] item: Leftovers
|-heal|p2a: Sableye|157\/241|[from] item: Leftovers
|-damage|p1a: Sceptile|222\/343 brn|[from] brn
|turn|19
|
|switch|p1a: Entei|Entei, shiny|314\/372
|-ability|p1a: Entei|Pressure
|switch|p2a: Victini|Victini|341\/341
|
|turn|20
|
|move|p2a: Victini|U-turn|p1a: Entei
|-crit|p1a: Entei
|-resisted|p1a: Entei
|-damage|p1a: Entei|218\/372
|
|switch|p2a: Suicune|Suicune|404\/404 slp
|-ability|p2a: Suicune|Pressure
|move|p1a: Entei|Stone Edge|p2a: Suicune
|-damage|p2a: Suicune|286\/404 slp
|
|-heal|p2a: Suicune|311\/404 slp|[from] item: Leftovers
|turn|21
|
|switch|p1a: Sceptile|Sceptile, M|222\/343 brn
|cant|p2a: Suicune|slp
|
|-heal|p1a: Sceptile|243\/343 brn|[from] item: Leftovers
|-heal|p2a: Suicune|336\/404 slp|[from] item: Leftovers
|-damage|p1a: Sceptile|201\/343 brn|[from] brn
|turn|22
|
|switch|p2a: Forretress|Forretress, F|288\/354
|move|p1a: Sceptile|Leech Seed|p2a: Forretress
|-start|p2a: Forretress|move: Leech Seed
|
|-heal|p1a: Sceptile|222\/343 brn|[from] item: Leftovers
|-heal|p2a: Forretress|310\/354|[from] item: Leftovers
|-damage|p2a: Forretress|266\/354|[from] Leech Seed|[of] p1a: Sceptile
|-heal|p1a: Sceptile|266\/343 brn|[silent]
|-damage|p1a: Sceptile|224\/343 brn|[from] brn
|turn|23
|
|move|p1a: Sceptile|Focus Blast|p2a: Forretress
|-damage|p2a: Forretress|117\/354
|move|p2a: Forretress|Stealth Rock|p1a: Sceptile
|-sidestart|p1: pom|move: Stealth Rock
|
|-heal|p1a: Sceptile|245\/343 brn|[from] item: Leftovers
|-heal|p2a: Forretress|139\/354|[from] item: Leftovers
|-damage|p2a: Forretress|95\/354|[from] Leech Seed|[of] p1a: Sceptile
|-heal|p1a: Sceptile|289\/343 brn|[silent]
|-damage|p1a: Sceptile|247\/343 brn|[from] brn
|turn|24
|
|switch|p2a: Sableye|Sableye, M|157\/241
|move|p1a: Sceptile|Focus Blast|p2a: Sableye
|-immune|p2a: Sableye|[msg]
|
|-heal|p1a: Sceptile|268\/343 brn|[from] item: Leftovers
|-heal|p2a: Sableye|172\/241|[from] item: Leftovers
|-damage|p1a: Sceptile|226\/343 brn|[from] brn
|turn|25
|
|move|p2a: Sableye|Taunt|p1a: Sceptile
|-start|p1a: Sceptile|move: Taunt
|move|p1a: Sceptile|Giga Drain|p2a: Sableye
|-damage|p2a: Sableye|81\/241
|-heal|p1a: Sceptile|272\/343 brn|[from] drain|[of] p2a: Sableye
|
|-heal|p1a: Sceptile|293\/343 brn|[from] item: Leftovers
|-heal|p2a: Sableye|96\/241|[from] item: Leftovers
|-damage|p1a: Sceptile|251\/343 brn|[from] brn
|turn|26
|
|switch|p1a: Tornadus|Tornadus, M|362\/362
|-damage|p1a: Tornadus|272\/362|[from] Stealth Rock
|move|p2a: Sableye|Knock Off|p1a: Tornadus
|-damage|p1a: Tornadus|196\/362
|
|-heal|p2a: Sableye|111\/241|[from] item: Leftovers
|turn|27
|
|switch|p2a: Blissey|Blissey, F|714\/714
|move|p1a: Tornadus|Bulk Up|p1a: Tornadus
|-boost|p1a: Tornadus|atk|1
|-boost|p1a: Tornadus|def|1
|
|turn|28
|
|move|p1a: Tornadus|Bulk Up|p1a: Tornadus
|-boost|p1a: Tornadus|atk|1
|-boost|p1a: Tornadus|def|1
|move|p2a: Blissey|Seismic Toss|p1a: Tornadus
|-damage|p1a: Tornadus|96\/362
|
|turn|29
|
|move|p1a: Tornadus|Rest|p1a: Tornadus
|-status|p1a: Tornadus|slp
|-heal|p1a: Tornadus|362\/362 slp|[silent]
|-status|p1a: Tornadus|slp|[from] move: Rest
|move|p2a: Blissey|Seismic Toss|p1a: Tornadus
|-damage|p1a: Tornadus|262\/362 slp
|
|turn|30
|
|switch|p2a: Sableye|Sableye, M|111\/241
|cant|p1a: Tornadus|slp
|move|p1a: Tornadus|Sleep Talk|p1a: Tornadus
|move|p1a: Tornadus|Rest|p1a: Tornadus|[from]Sleep Talk
|-fail|p1a: Tornadus
|
|-heal|p2a: Sableye|126\/241|[from] item: Leftovers
|turn|31
|
|cant|p1a: Tornadus|slp
|move|p1a: Tornadus|Sleep Talk|p1a: Tornadus
|move|p1a: Tornadus|Rest|p1a: Tornadus|[from]Sleep Talk
|-fail|p1a: Tornadus
|move|p2a: Sableye|Taunt|p1a: Tornadus
|-start|p1a: Tornadus|move: Taunt
|
|-heal|p2a: Sableye|141\/241|[from] item: Leftovers
|turn|32
|chat|pom|ughhh
|
|move|p2a: Sableye|Will-O-Wisp|p1a: Tornadus
|-fail|p1a: Tornadus
|-curestatus|p1a: Tornadus|slp
|move|p1a: Tornadus|Acrobatics|p2a: Sableye
|-damage|p2a: Sableye|0 fnt
|faint|p2a: Sableye
|
|
|switch|p2a: Suicune|Suicune|336\/404 slp
|-ability|p2a: Suicune|Pressure
|turn|33
|
|move|p1a: Tornadus|Acrobatics|p2a: Suicune
|-damage|p2a: Suicune|134\/404 slp
|cant|p2a: Suicune|slp
|
|-heal|p2a: Suicune|159\/404 slp|[from] item: Leftovers
|turn|34
|
|move|p1a: Tornadus|Acrobatics|p2a: Suicune
|-damage|p2a: Suicune|0 fnt
|faint|p2a: Suicune
|
|-end|p1a: Tornadus|move: Taunt
|
|switch|p2a: Victini|Victini|341\/341
|turn|35
|
|move|p1a: Tornadus|Acrobatics|p2a: Victini
|-damage|p2a: Victini|38\/341
|move|p2a: Victini|Bolt Strike|p1a: Tornadus|[miss]
|-miss|p2a: Victini|p1a: Tornadus
|
|turn|36
|
|move|p1a: Tornadus|Acrobatics|p2a: Victini
|-crit|p2a: Victini
|-damage|p2a: Victini|0 fnt
|faint|p2a: Victini
|
|-message|spuds4ever forfeited.
|
|win|pom
|raw|Ladder updating...
|raw|pom's rating: 1524 &rarr; <strong>1542<\/strong><br \/>(+18 for winning)
|raw|spuds4ever's rating: 1490 &rarr; <strong>1472<\/strong><br \/>(-18 for losing)
|leave|spuds4ever
|player|p2