|join|EyanTeamTest
|join|spuds4ever
|player|p1|EyanTeamTest|126
|player|p2|spuds4ever|265
|gametype|singles
|gen|6
|tier|UU
|rated
|rule|Sleep Clause Mod: Limit one foe put to sleep
|rule|Species Clause: Limit one of each PokÃ©mon
|rule|OHKO Clause: OHKO moves are banned
|rule|Moody Clause: Moody is banned
|rule|Evasion Moves Clause: Evasion moves are banned
|rule|Endless Battle Clause: Forcing endless battles is banned
|rule|HP Percentage Mod: HP is shown in percentages
|clearpoke
|poke|p1|Vaporeon, M
|poke|p1|Mienshao, F
|poke|p1|Whimsicott, M
|poke|p1|Krookodile, M
|poke|p1|Crobat, F
|poke|p1|Jirachi
|poke|p2|Hydreigon, M
|poke|p2|Whimsicott, M
|poke|p2|Jirachi
|poke|p2|Crobat, M
|poke|p2|Swampert, F
|poke|p2|Absol, F
|rule|Swagger Clause: Swagger is banned
|rule|Baton Pass Clause: Limit one PokÃ©mon knowing Baton Pass
|teampreview
|c|âspuds4ever|gl hf
|c|âEyanTeamTest|u2
|join|Cyndequil
|join|Needle Weedle
|
|start
|switch|p1a: Jirachi|Jirachi|341\/341
|switch|p2a: Swampert|Swampert, F|392\/392
|turn|1
|join|Vogas
|
|move|p1a: Jirachi|U-turn|p2a: Swampert
|-damage|p2a: Swampert|318\/392
|
|switch|p1a: Whimsicott|Whimsicott, M|261\/261
|move|p2a: Swampert|Earthquake|p1a: Whimsicott
|-resisted|p1a: Whimsicott
|-damage|p1a: Whimsicott|113\/261
|
|-heal|p1a: Whimsicott|129\/261|[from] item: Leftovers
|turn|2
|
|switch|p2a: Crobat|Crobat, M|311\/311
|move|p1a: Whimsicott|U-turn|p2a: Crobat
|-resisted|p2a: Crobat
|-damage|p2a: Crobat|301\/311
|join|Latios pls
|
|switch|p1a: Krookodile|Krookodile, M|331\/331
|-ability|p1a: Krookodile|Intimidate|[of] p2a: Crobat
|-unboost|p2a: Crobat|atk|1
|
|turn|3
|c| Latios pls|subCM cune too new meta 4 u?
|
|move|p2a: Crobat|U-turn|p1a: Krookodile
|-supereffective|p1a: Krookodile
|-damage|p1a: Krookodile|183\/331
|c| Latios pls|pursuit
|
|switch|p2a: Hydreigon|Hydreigon, M|325\/325
|move|p1a: Krookodile|Knock Off|p2a: Hydreigon
|-resisted|p2a: Hydreigon
|-damage|p2a: Hydreigon|177\/325
|-enditem|p2a: Hydreigon|Life Orb|[from] move: Knock Off|[of] p1a: Krookodile
|
|turn|4
|c| Latios pls|gogo
|c| Needle Weedle|.-.
|
|switch|p1a: Vaporeon|Vaporeon, M|464\/464
|move|p2a: Hydreigon|Superpower|p1a: Vaporeon
|-damage|p1a: Vaporeon|355\/464
|-unboost|p2a: Hydreigon|atk|1
|-unboost|p2a: Hydreigon|def|1
|
|-heal|p1a: Vaporeon|384\/464|[from] item: Leftovers
|turn|5
|
|switch|p2a: Whimsicott|Whimsicott, M|262\/262
|move|p1a: Vaporeon|Wish|p1a: Vaporeon
|
|-heal|p1a: Vaporeon|413\/464|[from] item: Leftovers
|turn|6
|
|move|p2a: Whimsicott|Stun Spore|p1a: Vaporeon
|-status|p1a: Vaporeon|par
|move|p1a: Vaporeon|Baton Pass|p1a: Vaporeon
|
|switch|p1a: Whimsicott|Whimsicott, M|129\/261
|
|-heal|p1a: Whimsicott|261\/261|[from] move: Wish|[wisher] Vaporeon
|turn|7
|
|move|p2a: Whimsicott|Moonblast|p1a: Whimsicott
|-damage|p1a: Whimsicott|49\/261
|-damage|p2a: Whimsicott|236\/262|[from] item: Life Orb
|move|p1a: Whimsicott|Moonblast|p2a: Whimsicott
|-damage|p2a: Whimsicott|71\/262
|-unboost|p2a: Whimsicott|spa|1
|
|-heal|p1a: Whimsicott|65\/261|[from] item: Leftovers
|turn|8
|
|switch|p1a: Jirachi|Jirachi|341\/341
|move|p2a: Whimsicott|Moonblast|p1a: Jirachi
|-resisted|p1a: Jirachi
|-damage|p1a: Jirachi|294\/341
|-damage|p2a: Whimsicott|45\/262|[from] item: Life Orb
|
|-heal|p1a: Jirachi|315\/341|[from] item: Leftovers
|turn|9
|
|switch|p2a: Hydreigon|Hydreigon, M|177\/325
|switch|p1a: Whimsicott|Whimsicott, M|65\/261
|
|-heal|p1a: Whimsicott|81\/261|[from] item: Leftovers
|turn|10
|join|Spirit Realm
|
|switch|p2a: Jirachi|Jirachi|341\/341
|move|p1a: Whimsicott|U-turn|p2a: Jirachi
|-damage|p2a: Jirachi|304\/341
|
|switch|p1a: Krookodile|Krookodile, M|183\/331
|-ability|p1a: Krookodile|Intimidate|[of] p2a: Jirachi
|-unboost|p2a: Jirachi|atk|1
|
|turn|11
|c| Spirit Realm|eyan did you ever test those zygarde teams at all
|c|âEyanTeamTest|yeah
|c|âEyanTeamTest|on a different alt
|c| Spirit Realm|ic
|c| Needle Weedle|super strong imo
|
|move|p2a: Jirachi|Stealth Rock|p1a: Krookodile
|-sidestart|p1: EyanTeamTest|move: Stealth Rock
|move|p1a: Krookodile|Knock Off|p2a: Jirachi
|-supereffective|p2a: Jirachi
|-damage|p2a: Jirachi|0 fnt
|-enditem|p2a: Jirachi|Expert Belt|[from] move: Knock Off|[of] p1a: Krookodile
|faint|p2a: Jirachi
|
|c|âEyanTeamTest|Wasn't too good at using them though
|
|switch|p2a: Absol|Absol, F|271\/271
|turn|12
|c| Spirit Realm|:S
|
|switch|p1a: Whimsicott|Whimsicott, M|81\/261
|-damage|p1a: Whimsicott|49\/261|[from] Stealth Rock
|detailschange|p2a: Absol|Absol-Mega, F
|message|Absol has Mega Evolved into Mega Absol!
|move|p2a: Absol|Knock Off|p1a: Whimsicott
|-resisted|p1a: Whimsicott
|-damage|p1a: Whimsicott|0 fnt
|-enditem|p1a: Whimsicott|Leftovers|[from] move: Knock Off|[of] p2a: Absol
|faint|p1a: Whimsicott
|
|
|switch|p1a: Mienshao|Mienshao, F|271\/271
|-damage|p1a: Mienshao|255\/271|[from] Stealth Rock
|turn|13
|
|switch|p2a: Swampert|Swampert, F|318\/392
|move|p1a: Mienshao|U-turn|p2a: Swampert
|-damage|p2a: Swampert|232\/392
|
|switch|p1a: Krookodile|Krookodile, M|183\/331
|-damage|p1a: Krookodile|163\/331|[from] Stealth Rock
|-ability|p1a: Krookodile|Intimidate|[of] p2a: Swampert
|-unboost|p2a: Swampert|atk|1
|
|turn|14
|leave|Spirit Realm
|
|switch|p2a: Hydreigon|Hydreigon, M|177\/325
|move|p1a: Krookodile|Earthquake|p2a: Hydreigon
|-immune|p2a: Hydreigon|[msg]
|
|turn|15
|
|switch|p1a: Jirachi|Jirachi|315\/341
|-damage|p1a: Jirachi|294\/341|[from] Stealth Rock
|move|p2a: Hydreigon|Dark Pulse|p1a: Jirachi
|-supereffective|p1a: Jirachi
|-damage|p1a: Jirachi|4\/341
|
|-heal|p1a: Jirachi|25\/341|[from] item: Leftovers
|turn|16
|
|switch|p2a: Crobat|Crobat, M|301\/311
|move|p1a: Jirachi|U-turn|p2a: Crobat
|-resisted|p2a: Crobat
|-damage|p2a: Crobat|281\/311
|
|switch|p1a: Vaporeon|Vaporeon, M|413\/464 par
|-damage|p1a: Vaporeon|355\/464 par|[from] Stealth Rock
|
|-heal|p1a: Vaporeon|384\/464 par|[from] item: Leftovers
|turn|17
|
|move|p2a: Crobat|Brave Bird|p1a: Vaporeon
|-crit|p1a: Vaporeon
|-damage|p1a: Vaporeon|0 fnt
|-damage|p2a: Crobat|154\/311|[from] recoil|[of] p1a: Vaporeon
|faint|p1a: Vaporeon
|
|c|âspuds4ever|sry
|c| Latios pls|gg
|c|âEyanTeamTest|It's k
|c|âEyanTeamTest|happens
|c| Latios pls|sack crobat 
|c| Latios pls|eyan could have killed it
|c| Latios pls|be a nice guy
|c| Latios pls|:]
|c|âEyanTeamTest|doesn't matter
|
|switch|p1a: Mienshao|Mienshao, F|255\/271
|-damage|p1a: Mienshao|239\/271|[from] Stealth Rock
|turn|18
|c|âEyanTeamTest|I lose either way
|
|switch|p2a: Swampert|Swampert, F|232\/392
|move|p1a: Mienshao|High Jump Kick|p2a: Swampert
|-damage|p2a: Swampert|0 fnt
|faint|p2a: Swampert
|
|
|switch|p2a: Crobat|Crobat, M|154\/311
|turn|19
|
|switch|p1a: Jirachi|Jirachi|25\/341
|-damage|p1a: Jirachi|4\/341|[from] Stealth Rock
|move|p2a: Crobat|Brave Bird|p1a: Jirachi
|-resisted|p1a: Jirachi
|-damage|p1a: Jirachi|0 fnt
|-damage|p2a: Crobat|153\/311|[from] recoil|[of] p1a: Jirachi
|faint|p1a: Jirachi
|
|
|switch|p1a: Mienshao|Mienshao, F|239\/271
|-damage|p1a: Mienshao|223\/271|[from] Stealth Rock
|turn|20
|
|switch|p2a: Hydreigon|Hydreigon, M|177\/325
|move|p1a: Mienshao|Stone Edge|p2a: Hydreigon
|-damage|p2a: Hydreigon|38\/325
|
|turn|21
|
|move|p1a: Mienshao|Stone Edge|p2a: Hydreigon
|-damage|p2a: Hydreigon|0 fnt
|faint|p2a: Hydreigon
|
|c| Latios pls|gg not scarfed
|
|switch|p2a: Absol|Absol-Mega, F|271\/271
|turn|22
|c| Needle Weedle|yeah gg
|c| Needle Weedle|mien cleans
|c| Latios pls|miss
|c| Needle Weedle|imo
|c|âEyanTeamTest|no lol
|c| Latios pls|PR
|c| Latios pls|miss miss
|c| Needle Weedle|tiem to sack
|c| Latios pls|miss
|c| Latios pls|miss
|
|switch|p1a: Krookodile|Krookodile, M|163\/331
|-damage|p1a: Krookodile|143\/331|[from] Stealth Rock
|-ability|p1a: Krookodile|Intimidate|[of] p2a: Absol
|-unboost|p2a: Absol|atk|1
|move|p2a: Absol|Knock Off|p1a: Krookodile
|-resisted|p1a: Krookodile
|-damage|p1a: Krookodile|63\/331
|-enditem|p1a: Krookodile|Choice Band|[from] move: Knock Off|[of] p2a: Absol
|
|turn|23
|c| Latios pls|u supposed to miss
|c| Needle Weedle|lol
|c| Latios pls|see he doesnt has PR
|
|move|p2a: Absol|Superpower|p1a: Krookodile
|-supereffective|p1a: Krookodile
|-damage|p1a: Krookodile|0 fnt
|-unboost|p2a: Absol|atk|1
|-unboost|p2a: Absol|def|1
|faint|p1a: Krookodile
|
|
|switch|p1a: Crobat|Crobat, F|337\/337
|-damage|p1a: Crobat|253\/337|[from] Stealth Rock
|turn|24
|c| Latios pls|u might actually win
|c| Latios pls|jk
|c| Needle Weedle|not rwal imo
|c| Needle Weedle|real nuff to do it
|c| Latios pls|just bb
|c| Latios pls|spamming=win
|
|switch|p2a: Whimsicott|Whimsicott, M|45\/262
|move|p1a: Crobat|Brave Bird|p2a: Whimsicott
|-supereffective|p2a: Whimsicott
|-damage|p2a: Whimsicott|0 fnt
|-damage|p1a: Crobat|238\/337|[from] recoil|[of] p2a: Whimsicott
|faint|p2a: Whimsicott
|
|-heal|p1a: Crobat|259\/337|[from] item: Black Sludge
|c| Needle Weedle|yeah 
|c| Needle Weedle|won
|c| Needle Weedle|wasy
|c| Latios pls|wait he needs bat to outspeed
|
|switch|p2a: Crobat|Crobat, M|153\/311
|turn|25
|c| Latios pls|.-.
|c| Needle Weedle|true
|c| Latios pls|wat
|
|move|p2a: Crobat|Brave Bird|p1a: Crobat
|-damage|p1a: Crobat|0 fnt
|-damage|p2a: Crobat|68\/311|[from] recoil|[of] p1a: Crobat
|faint|p1a: Crobat
|
|
|switch|p1a: Mienshao|Mienshao, F|223\/271
|-damage|p1a: Mienshao|207\/271|[from] Stealth Rock
|turn|26
|c| Needle Weedle|that looked like band crobat
|c|âEyanTeamTest|gg man
|c| Needle Weedle|js
|c| Latios pls|fake out
|c| Latios pls|leggo
|c|âEyanTeamTest|It is banded
|c|âEyanTeamTest|afaik
|c| Needle Weedle|imo hjk kills
|
|move|p1a: Mienshao|High Jump Kick|p2a: Crobat
|-resisted|p2a: Crobat
|-damage|p2a: Crobat|0 fnt
|faint|p2a: Crobat
|
|c| Latios pls|banded fake out
|c| Needle Weedle|gg
|c| Latios pls|ooooo
|c|âspuds4ever|fair play gg
|
|switch|p2a: Absol|Absol-Mega, F|271\/271
|turn|27
|c| Needle Weedle|(inb4 miss)
|c| Needle Weedle|(inb4 miss)
|c| Latios pls|crit sucker
|c| Needle Weedle|(inb4 miss)
|c|âEyanTeamTest|really nice
|c| Latios pls|crit sucker
|c| Latios pls|crit sucker
|c|âEyanTeamTest|either way
|c| Needle Weedle|sorry
|
|move|p1a: Mienshao|High Jump Kick|p2a: Absol|[miss]
|-miss|p1a: Mienshao|p2a: Absol
|-damage|p1a: Mienshao|72\/271|[from] highjumpkick
|move|p2a: Absol|Superpower|p1a: Mienshao
|-crit|p1a: Mienshao
|-damage|p1a: Mienshao|0 fnt
|-unboost|p2a: Absol|atk|1
|-unboost|p2a: Absol|def|1
|faint|p1a: Mienshao
|
|win|spuds4ever
|raw|Ladder updating...
|c| Latios pls|crit sucker
|c| Latios pls|AHASHCOAHSFOJKAWFKO
|raw|EyanTeamTest's rating: 1493 &rarr; <strong>1479<\/strong><br \/>(-14 for losing)
|raw|spuds4ever's rating: 1609 &rarr; <strong>1623<\/strong><br \/>(+14 for winning)
|c|âEyanTeamTest|yep
|c|âEyanTeamTest|gg
|c| Latios pls|OJBCLJAWBCLJAWCA
|c| Latios pls|kajbcALCWCAW
|c| Latios pls|kj
|c|âspuds4ever|shit bro
|c| Needle Weedle|WOW
|c|âspuds4ever|sry
|c|âEyanTeamTest|oh well
|c| Latios pls|gg
|c| Latios pls|ggg
|c|âEyanTeamTest|its fine
|c| Latios pls|gggg
|c| Latios pls|g
|c| Latios pls|g
|c| Latios pls|g
|c| Latios pls|g
|c| Latios pls|g
|c| Latios pls|gg
|c| Latios pls|gg
|c|âEyanTeamTest|lol
|c|âEyanTeamTest|savint it
|c| Needle Weedle|lol
|c| Latios pls|not even
|c|âEyanTeamTest|:]
|c| Needle Weedle|sorry
|c| Needle Weedle|i called it
|c| Latios pls|gggggg
|c| Latios pls|ggggg
|leave|Needle Weedle
|leave|EyanTeamTest
|player|p1
|leave|spuds4ever
|player|p2
|join|Needle Weedle
|leave|Latios pls
|leave|Needle Weedle
|leave|Cyndequil
|join|EyanTeamTest