|join|spuds4ever
|join|ebip
|player|p1|spuds4ever|1
|player|p2|ebip|68
|gametype|singles
|gen|6
|tier|UU
|rated
|rule|Sleep Clause Mod: Limit one foe put to sleep
|rule|Species Clause: Limit one of each PokÃ©mon
|rule|OHKO Clause: OHKO moves are banned
|rule|Moody Clause: Moody is banned
|rule|Evasion Moves Clause: Evasion moves are banned
|rule|Endless Battle Clause: Forcing endless battles is banned
|rule|HP Percentage Mod: HP is shown in percentages
|clearpoke
|poke|p1|Roserade, M
|poke|p1|Absol, M
|poke|p1|Forretress, F
|poke|p1|Dugtrio, F
|poke|p1|Togekiss, F
|poke|p1|Suicune
|poke|p2|Azelf
|poke|p2|Krookodile, M
|poke|p2|Jirachi
|poke|p2|Infernape, M
|poke|p2|Ampharos, F
|poke|p2|Togekiss, M
|rule|Swagger Clause: Swagger is banned
|rule|Baton Pass Clause: Limit one PokÃ©mon knowing Baton Pass
|teampreview
|join|AssaultVestBlissey
|join|Pmma
|join|CrashingBoomBane
|c|âspuds4ever|gl hf
|join|Druides
|c|âebip|YOu too!
|
|start
|switch|p1a: Absol|Absol, M|271\/271
|switch|p2a: Azelf|Azelf|291\/291
|turn|1
|
|detailschange|p1a: Absol|Absol-Mega, M
|message|Absol has Mega Evolved into Mega Absol!
|move|p1a: Absol|Pursuit|p2a: Azelf|[from]Pursuit
|-supereffective|p2a: Azelf
|-enditem|p2a: Azelf|Focus Sash
|-damage|p2a: Azelf|1\/291
|switch|p2a: Togekiss|Togekiss, M|373\/373
|
|turn|2
|
|switch|p1a: Roserade|Roserade, M|271\/271
|move|p2a: Togekiss|Dazzling Gleam|p1a: Roserade
|-resisted|p1a: Roserade
|-damage|p1a: Roserade|220\/271
|
|turn|3
|
|move|p1a: Roserade|Sleep Powder|p2a: Togekiss|[miss]
|-miss|p1a: Roserade|p2a: Togekiss
|move|p2a: Togekiss|Thunder Wave|p1a: Roserade
|-status|p1a: Roserade|par
|
|turn|4
|
|switch|p1a: Togekiss|Togekiss, F|374\/374
|move|p2a: Togekiss|Air Slash|p1a: Togekiss
|-damage|p1a: Togekiss|284\/374
|
|-heal|p1a: Togekiss|307\/374|[from] item: Leftovers
|turn|5
|
|move|p1a: Togekiss|Nasty Plot|p1a: Togekiss
|-boost|p1a: Togekiss|spa|2
|move|p2a: Togekiss|Thunder Wave|p1a: Togekiss
|-status|p1a: Togekiss|par
|
|-heal|p1a: Togekiss|330\/374 par|[from] item: Leftovers
|turn|6
|
|move|p2a: Togekiss|Air Slash|p1a: Togekiss
|-damage|p1a: Togekiss|234\/374 par
|move|p1a: Togekiss|Heal Bell|p1a: Togekiss
|-cureteam|p1a: Togekiss|[from] move: HealBell
|
|-heal|p1a: Togekiss|257\/374|[from] item: Leftovers
|turn|7
|
|move|p1a: Togekiss|Air Slash|p2a: Togekiss
|-damage|p2a: Togekiss|232\/373
|cant|p2a: Togekiss|flinch
|
|-heal|p1a: Togekiss|280\/374|[from] item: Leftovers
|-heal|p2a: Togekiss|255\/373|[from] item: Leftovers
|turn|8
|
|switch|p2a: Jirachi|Jirachi|341\/341
|move|p1a: Togekiss|Air Slash|p2a: Jirachi
|-resisted|p2a: Jirachi
|-damage|p2a: Jirachi|235\/341
|
|-heal|p1a: Togekiss|303\/374|[from] item: Leftovers
|turn|9
|
|switch|p2a: Azelf|Azelf|1\/291
|switch|p1a: Suicune|Suicune|404\/404
|-ability|p1a: Suicune|Pressure
|
|turn|10
|
|move|p2a: Azelf|Stealth Rock|p1a: Suicune
|-sidestart|p1: spuds4ever|move: Stealth Rock
|move|p1a: Suicune|Scald|p2a: Azelf
|-damage|p2a: Azelf|0 fnt
|faint|p2a: Azelf
|
|
|switch|p2a: Ampharos|Ampharos, F|373\/373
|turn|11
|
|switch|p1a: Forretress|Forretress, F|354\/354
|-damage|p1a: Forretress|310\/354|[from] Stealth Rock
|detailschange|p2a: Ampharos|Ampharos-Mega, F
|message|Ampharos has Mega Evolved into Mega Ampharos!
|-ability|p2a: Ampharos|Mold Breaker
|move|p2a: Ampharos|Volt Switch|p1a: Forretress
|-damage|p1a: Forretress|75\/354
|
|switch|p2a: Krookodile|Krookodile, M|331\/331
|-ability|p2a: Krookodile|Intimidate|[of] p1a: Forretress
|-unboost|p1a: Forretress|atk|1
|
|-heal|p1a: Forretress|97\/354|[from] item: Leftovers
|turn|12
|
|move|p2a: Krookodile|Knock Off|p1a: Forretress
|-damage|p1a: Forretress|0 fnt
|-enditem|p1a: Forretress|Leftovers|[from] move: Knock Off|[of] p2a: Krookodile
|faint|p1a: Forretress
|
|
|switch|p1a: Absol|Absol-Mega, M|271\/271
|-damage|p1a: Absol|238\/271|[from] Stealth Rock
|turn|13
|
|switch|p2a: Togekiss|Togekiss, M|255\/373
|move|p1a: Absol|Knock Off|p2a: Togekiss
|-resisted|p2a: Togekiss
|-damage|p2a: Togekiss|147\/373
|-enditem|p2a: Togekiss|Leftovers|[from] move: Knock Off|[of] p1a: Absol
|
|turn|14
|join|Ebinola
|
|switch|p1a: Togekiss|Togekiss, F|303\/374
|-damage|p1a: Togekiss|210\/374|[from] Stealth Rock
|move|p2a: Togekiss|Roost|p2a: Togekiss
|-heal|p2a: Togekiss|334\/373
|
|-heal|p1a: Togekiss|233\/374|[from] item: Leftovers
|turn|15
|
|move|p1a: Togekiss|Roost|p1a: Togekiss
|-heal|p1a: Togekiss|374\/374
|move|p2a: Togekiss|Thunder Wave|p1a: Togekiss
|-status|p1a: Togekiss|par
|
|turn|16
|
|move|p2a: Togekiss|Air Slash|p1a: Togekiss
|-damage|p1a: Togekiss|286\/374 par
|cant|p1a: Togekiss|flinch
|
|-heal|p1a: Togekiss|309\/374 par|[from] item: Leftovers
|turn|17
|
|move|p2a: Togekiss|Air Slash|p1a: Togekiss
|-damage|p1a: Togekiss|221\/374 par
|cant|p1a: Togekiss|flinch
|
|-heal|p1a: Togekiss|244\/374 par|[from] item: Leftovers
|turn|18
|
|move|p2a: Togekiss|Air Slash|p1a: Togekiss
|-damage|p1a: Togekiss|151\/374 par
|cant|p1a: Togekiss|flinch
|
|-heal|p1a: Togekiss|174\/374 par|[from] item: Leftovers
|turn|19
|
|move|p2a: Togekiss|Air Slash|p1a: Togekiss
|-damage|p1a: Togekiss|83\/374 par
|cant|p1a: Togekiss|flinch
|
|-heal|p1a: Togekiss|106\/374 par|[from] item: Leftovers
|turn|20
|
|move|p2a: Togekiss|Air Slash|p1a: Togekiss
|-damage|p1a: Togekiss|13\/374 par
|cant|p1a: Togekiss|par
|
|-heal|p1a: Togekiss|36\/374 par|[from] item: Leftovers
|turn|21
|c| Ebinola|literal skill
|c|âebip|kek
|c|âspuds4ever|yup, 5 times in a row is going for a record
|
|move|p2a: Togekiss|Dazzling Gleam|p1a: Togekiss
|-crit|p1a: Togekiss
|-damage|p1a: Togekiss|0 fnt
|faint|p1a: Togekiss
|
|c|âebip|Owned!
|
|switch|p1a: Roserade|Roserade, M|220\/271
|-damage|p1a: Roserade|187\/271|[from] Stealth Rock
|turn|22
|c|âebip|lemayo
|
|move|p1a: Roserade|Sleep Powder|p2a: Togekiss
|-status|p2a: Togekiss|slp
|cant|p2a: Togekiss|slp
|
|turn|23
|
|switch|p1a: Dugtrio|Dugtrio, F|212\/212
|-damage|p1a: Dugtrio|199\/212|[from] Stealth Rock
|switch|p2a: Jirachi|Jirachi|235\/341
|
|turn|24
|
|move|p1a: Dugtrio|Sucker Punch|p2a: Jirachi
|-supereffective|p2a: Jirachi
|-damage|p2a: Jirachi|23\/341
|move|p2a: Jirachi|U-turn|p1a: Dugtrio
|-damage|p1a: Dugtrio|78\/212
|leave|Ebinola
|
|switch|p2a: Infernape|Infernape, M|293\/293
|
|turn|25
|
|switch|p1a: Suicune|Suicune|404\/404
|-damage|p1a: Suicune|354\/404|[from] Stealth Rock
|-ability|p1a: Suicune|Pressure
|move|p2a: Infernape|Mach Punch|p1a: Suicune
|-damage|p1a: Suicune|298\/404
|-damage|p2a: Infernape|264\/293|[from] item: Life Orb
|
|-heal|p1a: Suicune|323\/404|[from] item: Leftovers
|turn|26
|c|âebip|nice arena trap
|
|move|p2a: Infernape|Grass Knot|p1a: Suicune
|-supereffective|p1a: Suicune
|-damage|p1a: Suicune|86\/404
|-damage|p2a: Infernape|235\/293|[from] item: Life Orb
|move|p1a: Suicune|Scald|p2a: Infernape
|-supereffective|p2a: Infernape
|-damage|p2a: Infernape|0 fnt
|faint|p2a: Infernape
|
|-heal|p1a: Suicune|111\/404|[from] item: Leftovers
|
|switch|p2a: Krookodile|Krookodile, M|331\/331
|-ability|p2a: Krookodile|Intimidate|[of] p1a: Suicune
|-unboost|p1a: Suicune|atk|1
|turn|27
|
|move|p2a: Krookodile|Earthquake|p1a: Suicune
|-damage|p1a: Suicune|0 fnt
|faint|p1a: Suicune
|
|
|switch|p1a: Absol|Absol-Mega, M|238\/271
|-damage|p1a: Absol|205\/271|[from] Stealth Rock
|turn|28
|
|switch|p2a: Togekiss|Togekiss, M|334\/373 slp
|move|p1a: Absol|Will-O-Wisp|p2a: Togekiss|[miss]
|-miss|p1a: Absol|p2a: Togekiss
|
|turn|29
|
|switch|p1a: Roserade|Roserade, M|187\/271
|-damage|p1a: Roserade|154\/271|[from] Stealth Rock
|cant|p2a: Togekiss|slp
|
|turn|30
|
|move|p1a: Roserade|Spikes|p2a: Togekiss
|-sidestart|p2: ebip|Spikes
|-curestatus|p2a: Togekiss|slp
|move|p2a: Togekiss|Air Slash|p1a: Roserade
|-supereffective|p1a: Roserade
|-damage|p1a: Roserade|0 fnt
|faint|p1a: Roserade
|
|c|âspuds4ever|dat 1 turn sleep
|c|âspuds4ever|flawless
|
|switch|p1a: Dugtrio|Dugtrio, F|78\/212
|-damage|p1a: Dugtrio|65\/212|[from] Stealth Rock
|turn|31
|
|move|p1a: Dugtrio|Stone Edge|p2a: Togekiss
|-supereffective|p2a: Togekiss
|-damage|p2a: Togekiss|46\/373
|move|p2a: Togekiss|Dazzling Gleam|p1a: Dugtrio
|-damage|p1a: Dugtrio|0 fnt
|faint|p1a: Dugtrio
|
|
|switch|p1a: Absol|Absol-Mega, M|205\/271
|-damage|p1a: Absol|172\/271|[from] Stealth Rock
|turn|32
|
|move|p1a: Absol|Knock Off|p2a: Togekiss
|-resisted|p2a: Togekiss
|-damage|p2a: Togekiss|0 fnt
|faint|p2a: Togekiss
|
|
|switch|p2a: Krookodile|Krookodile, M|331\/331
|-damage|p2a: Krookodile|290\/331|[from] Spikes
|-ability|p2a: Krookodile|Intimidate|[of] p1a: Absol
|-unboost|p1a: Absol|atk|1
|turn|33
|
|move|p1a: Absol|Will-O-Wisp|p2a: Krookodile
|-status|p2a: Krookodile|brn
|move|p2a: Krookodile|Earthquake|p1a: Absol
|-damage|p1a: Absol|0 fnt
|faint|p1a: Absol
|
|win|ebip
|raw|Ladder updating...
|raw|spuds4ever's rating: 1585 &rarr; <strong>1571<\/strong><br \/>(-14 for losing)
|raw|ebip's rating: 1694 &rarr; <strong>1708<\/strong><br \/>(+14 for winning)
|c|âspuds4ever|nice hax
|c|âebip|lmao
|c|âebip|KEK
|leave|spuds4ever
|player|p1