|join|Haxxhatred
|join|spuds4ever
|player|p1|Haxxhatred|101
|player|p2|spuds4ever|2
|gametype|singles
|gen|6
|tier|UU
|rated
|rule|Sleep Clause Mod: Limit one foe put to sleep
|rule|Species Clause: Limit one of each Pokemon
|rule|OHKO Clause: OHKO moves are banned
|rule|Moody Clause: Moody is banned
|rule|Evasion Moves Clause: Evasion moves are banned
|rule|Endless Battle Clause: Forcing endless battles is banned
|rule|HP Percentage Mod: HP is reported as percentages
|clearpoke
|poke|p1|Noivern, M
|poke|p1|Crobat, F
|poke|p1|Mismagius, M
|poke|p1|Gallade, M
|poke|p1|Krookodile, F
|poke|p1|Aggron, M
|poke|p2|Toxicroak, M
|poke|p2|Aerodactyl, F
|poke|p2|Heracross, F
|poke|p2|Sableye, M
|poke|p2|Hippowdon, M
|poke|p2|Stoutland, M
|rule|Baton Pass Clause: Limit 3 pokemon knowing Baton Pass
|teampreview
|chat|spuds4ever|gl hf
|
|start
|switch|p1a: Krookodile|Krookodile, F|353\/353
|switch|p2a: Sableye|Sableye, M|300\/300
|-ability|p1a: Krookodile|Intimidate|[of] p2a: Sableye
|-unboost|p2a: Sableye|atk|1
|turn|1
|
|switch|p1a: Mismagius|Mismagius, M|323\/323
|move|p2a: Sableye|Will-O-Wisp|p1a: Mismagius
|-status|p1a: Mismagius|brn
|
|-damage|p1a: Mismagius|283\/323 brn|[from] brn
|turn|2
|
|move|p2a: Sableye|Taunt|p1a: Mismagius
|-start|p1a: Mismagius|move: Taunt
|move|p1a: Mismagius|Shadow Ball|p2a: Sableye
|-damage|p2a: Sableye|183\/300
|-unboost|p2a: Sableye|spd|1
|
|-heal|p1a: Mismagius|303\/323 brn|[from] item: Leftovers
|-heal|p2a: Sableye|201\/300|[from] item: Leftovers
|-damage|p1a: Mismagius|263\/323 brn|[from] brn
|turn|3
|
|switch|p1a: Gallade|Gallade, M|315\/315
|switch|p2a: Hippowdon|Hippowdon, M|420\/420
|-weather|Sandstorm
|
|-weather|Sandstorm|[upkeep]
|-damage|p1a: Gallade|296\/315|[from] sandstorm
|turn|4
|
|move|p1a: Gallade|Taunt|p2a: Hippowdon
|-start|p2a: Hippowdon|move: Taunt
|cant|p2a: Hippowdon|move: Taunt|Stealth Rock
|
|-weather|Sandstorm|[upkeep]
|-damage|p1a: Gallade|277\/315|[from] sandstorm
|turn|5
|
|move|p1a: Gallade|Swords Dance|p1a: Gallade
|-boost|p1a: Gallade|atk|2
|move|p2a: Hippowdon|Earthquake|p1a: Gallade
|-damage|p1a: Gallade|118\/315
|
|-weather|Sandstorm|[upkeep]
|-damage|p1a: Gallade|99\/315|[from] sandstorm
|turn|6
|
|switch|p2a: Sableye|Sableye, M|201\/300
|move|p1a: Gallade|Drain Punch|p2a: Sableye
|-immune|p2a: Sableye|[msg]
|
|-weather|Sandstorm|[upkeep]
|-damage|p1a: Gallade|80\/315|[from] sandstorm
|-damage|p2a: Sableye|183\/300|[from] sandstorm
|-heal|p2a: Sableye|201\/300|[from] item: Leftovers
|turn|7
|
|move|p2a: Sableye|Will-O-Wisp|p1a: Gallade
|-status|p1a: Gallade|brn
|move|p1a: Gallade|Knock Off|p2a: Sableye
|-damage|p2a: Sableye|15\/300
|-enditem|p2a: Sableye|Leftovers|[from] move: Knock Off|[of] p1a: Gallade
|-damage|p1a: Gallade|49\/315 brn|[from] item: Life Orb
|
|-weather|Sandstorm|[upkeep]
|-damage|p1a: Gallade|30\/315 brn|[from] sandstorm
|-damage|p2a: Sableye|0 fnt|[from] sandstorm
|-damage|p1a: Gallade|0 fnt|[from] brn
|faint|p2a: Sableye
|faint|p1a: Gallade
|
|switch|p2a: Stoutland|Stoutland, M|311\/311
|switch|p1a: Krookodile|Krookodile, F|353\/353
|-ability|p1a: Krookodile|Intimidate|[of] p2a: Stoutland
|-unboost|p2a: Stoutland|atk|1
|turn|8
|
|switch|p1a: Mismagius|Mismagius, M|263\/323 brn
|move|p2a: Stoutland|Superpower|p1a: Mismagius
|-immune|p1a: Mismagius|[msg]
|
|-weather|Sandstorm|[upkeep]
|-damage|p1a: Mismagius|243\/323 brn|[from] sandstorm
|-heal|p1a: Mismagius|263\/323 brn|[from] item: Leftovers
|-damage|p1a: Mismagius|223\/323 brn|[from] brn
|turn|9
|
|switch|p2a: Aerodactyl|Aerodactyl, F|331\/331
|-ability|p2a: Aerodactyl|Pressure
|move|p1a: Mismagius|Will-O-Wisp|p2a: Aerodactyl
|-status|p2a: Aerodactyl|brn
|
|-weather|Sandstorm|[upkeep]
|-damage|p1a: Mismagius|203\/323 brn|[from] sandstorm
|-heal|p1a: Mismagius|223\/323 brn|[from] item: Leftovers
|-damage|p2a: Aerodactyl|290\/331 brn|[from] brn
|-damage|p1a: Mismagius|183\/323 brn|[from] brn
|turn|10
|
|switch|p1a: Krookodile|Krookodile, F|353\/353
|-ability|p1a: Krookodile|Intimidate|[of] p2a: Aerodactyl
|-unboost|p2a: Aerodactyl|atk|1
|detailschange|p2a: Aerodactyl|Aerodactyl-Mega, F
|message|Aerodactyl has Mega Evolved into Mega Aerodactyl!
|move|p2a: Aerodactyl|Stone Edge|p1a: Krookodile
|-crit|p1a: Krookodile
|-resisted|p1a: Krookodile
|-damage|p1a: Krookodile|271\/353
|
|-weather|none
|-damage|p2a: Aerodactyl|249\/331 brn|[from] brn
|turn|11
|
|move|p1a: Krookodile|Pursuit|p2a: Aerodactyl|[from]Pursuit
|-damage|p2a: Aerodactyl|35\/331 brn
|-damage|p1a: Krookodile|236\/353|[from] item: Life Orb
|switch|p2a: Hippowdon|Hippowdon, M|420\/420
|-weather|Sandstorm
|
|-weather|Sandstorm|[upkeep]
|turn|12
|
|move|p1a: Krookodile|Taunt|p2a: Hippowdon
|-start|p2a: Hippowdon|move: Taunt
|cant|p2a: Hippowdon|move: Taunt|Stealth Rock
|
|-weather|Sandstorm|[upkeep]
|turn|13
|
|switch|p1a: Crobat|Crobat, F|314\/314
|switch|p2a: Heracross|Heracross, F|331\/331
|
|-weather|Sandstorm|[upkeep]
|-damage|p1a: Crobat|295\/314|[from] sandstorm
|-damage|p2a: Heracross|311\/331|[from] sandstorm
|-heal|p1a: Crobat|314\/314|[from] item: Black Sludge
|turn|14
|
|switch|p1a: Krookodile|Krookodile, F|236\/353
|-ability|p1a: Krookodile|Intimidate|[of] p2a: Heracross
|-unboost|p2a: Heracross|atk|1
|switch|p2a: Hippowdon|Hippowdon, M|420\/420
|
|-weather|Sandstorm|[upkeep]
|turn|15
|
|switch|p1a: Crobat|Crobat, F|314\/314
|move|p2a: Hippowdon|Earthquake|p1a: Crobat
|-immune|p1a: Crobat|[msg]
|
|-weather|Sandstorm|[upkeep]
|-damage|p1a: Crobat|295\/314|[from] sandstorm
|-heal|p1a: Crobat|314\/314|[from] item: Black Sludge
|turn|16
|
|move|p1a: Crobat|Taunt|p2a: Hippowdon
|-start|p2a: Hippowdon|move: Taunt
|move|p2a: Hippowdon|Rock Slide|p1a: Crobat
|-supereffective|p1a: Crobat
|-damage|p1a: Crobat|156\/314
|
|-weather|Sandstorm|[upkeep]
|-damage|p1a: Crobat|137\/314|[from] sandstorm
|-heal|p1a: Crobat|156\/314|[from] item: Black Sludge
|turn|17
|
|switch|p1a: Krookodile|Krookodile, F|236\/353
|-ability|p1a: Krookodile|Intimidate|[of] p2a: Hippowdon
|-unboost|p2a: Hippowdon|atk|1
|move|p2a: Hippowdon|Earthquake|p1a: Krookodile
|-damage|p1a: Krookodile|137\/353
|
|-weather|Sandstorm|[upkeep]
|turn|18
|
|switch|p2a: Heracross|Heracross, F|311\/331
|move|p1a: Krookodile|Knock Off|p2a: Heracross
|-resisted|p2a: Heracross
|-damage|p2a: Heracross|167\/331
|-enditem|p2a: Heracross|Choice Band|[from] move: Knock Off|[of] p1a: Krookodile
|-damage|p1a: Krookodile|102\/353|[from] item: Life Orb
|
|-weather|none
|turn|19
|
|move|p1a: Krookodile|Earthquake|p2a: Heracross
|-resisted|p2a: Heracross
|-damage|p2a: Heracross|23\/331
|-damage|p1a: Krookodile|67\/353|[from] item: Life Orb
|move|p2a: Heracross|Knock Off|p1a: Krookodile
|-resisted|p1a: Krookodile
|-damage|p1a: Krookodile|0 fnt
|faint|p1a: Krookodile
|
|
|switch|p1a: Mismagius|Mismagius, M|183\/323 brn
|turn|20
|
|move|p1a: Mismagius|Shadow Ball|p2a: Heracross
|-damage|p2a: Heracross|0 fnt
|faint|p2a: Heracross
|
|-heal|p1a: Mismagius|203\/323 brn|[from] item: Leftovers
|-damage|p1a: Mismagius|163\/323 brn|[from] brn
|
|switch|p2a: Aerodactyl|Aerodactyl-Mega, F|35\/331 brn
|turn|21
|
|move|p2a: Aerodactyl|Stone Edge|p1a: Mismagius
|-crit|p1a: Mismagius
|-damage|p1a: Mismagius|0 fnt
|faint|p1a: Mismagius
|
|-damage|p2a: Aerodactyl|0 fnt|[from] brn
|faint|p2a: Aerodactyl
|
|switch|p1a: Noivern|Noivern, M|315\/315
|switch|p2a: Hippowdon|Hippowdon, M|420\/420
|-weather|Sandstorm
|turn|22
|
|move|p1a: Noivern|Switcheroo|p2a: Hippowdon
|-activate|p1a: Noivern|move: Trick|[of] p2a: Hippowdon
|-item|p2a: Hippowdon|Choice Scarf|[from] Trick
|-item|p1a: Noivern|Smooth Rock|[from] Trick
|move|p2a: Hippowdon|Slack Off|p2a: Hippowdon
|-fail|p2a: Hippowdon
|
|-weather|Sandstorm|[upkeep]
|-damage|p1a: Noivern|296\/315|[from] sandstorm
|turn|23
|
|switch|p2a: Stoutland|Stoutland, M|311\/311
|move|p1a: Noivern|Hurricane|p2a: Stoutland
|-damage|p2a: Stoutland|137\/311
|
|-weather|Sandstorm|[upkeep]
|-damage|p1a: Noivern|277\/315|[from] sandstorm
|turn|24
|
|move|p2a: Stoutland|Return|p1a: Noivern
|-damage|p1a: Noivern|0 fnt
|faint|p1a: Noivern
|
|-weather|Sandstorm|[upkeep]
|
|switch|p1a: Aggron|Aggron, M|309\/309
|turn|25
|
|switch|p2a: Hippowdon|Hippowdon, M|420\/420
|switch|p1a: Crobat|Crobat, F|156\/314
|
|-weather|Sandstorm|[upkeep]
|-damage|p1a: Crobat|137\/314|[from] sandstorm
|-heal|p1a: Crobat|156\/314|[from] item: Black Sludge
|turn|26
|
|move|p1a: Crobat|Roost|p1a: Crobat
|-heal|p1a: Crobat|313\/314
|move|p2a: Hippowdon|Rock Slide|p1a: Crobat
|-damage|p1a: Crobat|242\/314
|
|-weather|Sandstorm|[upkeep]
|-damage|p1a: Crobat|223\/314|[from] sandstorm
|-heal|p1a: Crobat|242\/314|[from] item: Black Sludge
|turn|27
|
|switch|p2a: Stoutland|Stoutland, M|137\/311
|move|p1a: Crobat|Brave Bird|p2a: Stoutland
|-damage|p2a: Stoutland|0 fnt
|-damage|p1a: Crobat|197\/314|[from] recoil|[of] p2a: Stoutland
|faint|p2a: Stoutland
|
|-weather|Sandstorm|[upkeep]
|-damage|p1a: Crobat|178\/314|[from] sandstorm
|-heal|p1a: Crobat|197\/314|[from] item: Black Sludge
|
|switch|p2a: Toxicroak|Toxicroak, M|337\/337
|turn|28
|
|move|p2a: Toxicroak|Sucker Punch|p1a: Crobat
|-fail|p1a: Crobat
|move|p1a: Crobat|Roost|p1a: Crobat
|-heal|p1a: Crobat|314\/314
|
|-weather|Sandstorm|[upkeep]
|-damage|p1a: Crobat|295\/314|[from] sandstorm
|-damage|p2a: Toxicroak|316\/337|[from] sandstorm
|-heal|p1a: Crobat|314\/314|[from] item: Black Sludge
|turn|29
|
|switch|p2a: Hippowdon|Hippowdon, M|420\/420
|move|p1a: Crobat|Brave Bird|p2a: Hippowdon
|-damage|p2a: Hippowdon|276\/420
|-damage|p1a: Crobat|266\/314|[from] recoil|[of] p2a: Hippowdon
|
|-weather|none
|-heal|p1a: Crobat|285\/314|[from] item: Black Sludge
|turn|30
|
|move|p1a: Crobat|Brave Bird|p2a: Hippowdon
|-damage|p2a: Hippowdon|143\/420
|-damage|p1a: Crobat|241\/314|[from] recoil|[of] p2a: Hippowdon
|move|p2a: Hippowdon|Rock Slide|p1a: Crobat
|-supereffective|p1a: Crobat
|-damage|p1a: Crobat|75\/314
|
|-heal|p1a: Crobat|94\/314|[from] item: Black Sludge
|turn|31
|
|switch|p2a: Toxicroak|Toxicroak, M|316\/337
|move|p1a: Crobat|Roost|p1a: Crobat
|-heal|p1a: Crobat|251\/314
|
|-heal|p1a: Crobat|270\/314|[from] item: Black Sludge
|turn|32
|
|move|p2a: Toxicroak|Sucker Punch|p1a: Crobat
|-damage|p1a: Crobat|124\/314
|-damage|p2a: Toxicroak|283\/337|[from] item: Life Orb
|move|p1a: Crobat|Brave Bird|p2a: Toxicroak
|-supereffective|p2a: Toxicroak
|-damage|p2a: Toxicroak|0 fnt
|-damage|p1a: Crobat|31\/314|[from] recoil|[of] p2a: Toxicroak
|faint|p2a: Toxicroak
|
|-heal|p1a: Crobat|50\/314|[from] item: Black Sludge
|
|switch|p2a: Hippowdon|Hippowdon, M|143\/420
|-weather|Sandstorm
|turn|33
|chat|spuds4ever|gg
|
|move|p1a: Crobat|Defog|p2a: Hippowdon
|-unboost|p2a: Hippowdon|evasion|1
|move|p2a: Hippowdon|Earthquake|p1a: Crobat
|-immune|p1a: Crobat|[msg]
|
|-weather|Sandstorm|[upkeep]
|-damage|p1a: Crobat|31\/314|[from] sandstorm
|-heal|p1a: Crobat|50\/314|[from] item: Black Sludge
|turn|34
|chat|Haxxhatred|gg
|
|move|p1a: Crobat|Defog|p2a: Hippowdon
|-unboost|p2a: Hippowdon|evasion|1
|move|p2a: Hippowdon|Earthquake|p1a: Crobat
|-immune|p1a: Crobat|[msg]
|
|-weather|Sandstorm|[upkeep]
|-damage|p1a: Crobat|31\/314|[from] sandstorm
|-heal|p1a: Crobat|50\/314|[from] item: Black Sludge
|turn|35
|-message|spuds4ever forfeited.
|
|win|Haxxhatred
|raw|Ladder updating...
|leave|spuds4ever
|player|p2
|raw|Haxxhatred's rating: 1299 &rarr; <strong>1332<\/strong><br \/>(+33 for winning)
|raw|spuds4ever's rating: 1414 &rarr; <strong>1387<\/strong><br \/>(-27 for losing)