|join|spuds4ever
|join|Hurpy Durpy
|player|p1|spuds4ever|102
|player|p2|Hurpy Durpy|102
|gametype|singles
|gen|6
|tier|UU
|rated
|rule|Sleep Clause Mod: Limit one foe put to sleep
|rule|Species Clause: Limit one of each PokÃ©mon
|rule|OHKO Clause: OHKO moves are banned
|rule|Moody Clause: Moody is banned
|rule|Evasion Moves Clause: Evasion moves are banned
|rule|Endless Battle Clause: Forcing endless battles is banned
|rule|HP Percentage Mod: HP is shown in percentages
|clearpoke
|poke|p1|Suicune
|poke|p1|Sableye, M
|poke|p1|Jirachi
|poke|p1|Houndoom, F
|poke|p1|Lucario, M
|poke|p1|Celebi
|poke|p2|Swampert, M
|poke|p2|Chandelure, F
|poke|p2|Whimsicott, F, shiny
|poke|p2|Ampharos, M, shiny
|poke|p2|Jirachi
|poke|p2|Hydreigon, F, shiny
|rule|Swagger Clause: Swagger is banned
|rule|Baton Pass Clause: Limit one PokÃ©mon knowing Baton Pass
|teampreview
|c|âspuds4ever|gl hf
|c|âHurpy Durpy|u2
|
|start
|switch|p1a: Sableye|Sableye, M|304\/304
|switch|p2a: Ampharos|Ampharos, M, shiny|373\/373
|turn|1
|
|switch|p1a: Celebi|Celebi|404\/404
|detailschange|p2a: Ampharos|Ampharos-Mega, M, shiny
|message|Ampharos has Mega Evolved into Mega Ampharos!
|-ability|p2a: Ampharos|Mold Breaker
|move|p2a: Ampharos|Thunderbolt|p1a: Celebi
|-resisted|p1a: Celebi
|-damage|p1a: Celebi|321\/404
|-status|p1a: Celebi|par
|
|turn|2
|
|switch|p2a: Jirachi|Jirachi|341\/341
|move|p1a: Celebi|Baton Pass|p1a: Celebi
|
|switch|p1a: Houndoom|Houndoom, F|291\/291
|
|turn|3
|
|detailschange|p1a: Houndoom|Houndoom-Mega, F
|message|Houndoom has Mega Evolved into Mega Houndoom!
|move|p2a: Jirachi|U-turn|p1a: Houndoom
|-damage|p1a: Houndoom|202\/291
|
|move|p1a: Houndoom|Pursuit|p2a: Jirachi|[from]Pursuit
|-supereffective|p2a: Jirachi
|-damage|p2a: Jirachi|165\/341
|switch|p2a: Swampert|Swampert, M|403\/403
|
|turn|4
|
|switch|p1a: Celebi|Celebi|321\/404
|move|p2a: Swampert|Scald|p1a: Celebi
|-resisted|p1a: Celebi
|-damage|p1a: Celebi|290\/404
|
|turn|5
|
|move|p1a: Celebi|Giga Drain|p2a: Swampert
|-supereffective|p2a: Swampert
|-damage|p2a: Swampert|3\/403
|-heal|p1a: Celebi|404\/404|[from] drain|[of] p2a: Swampert
|move|p2a: Swampert|Stealth Rock|p1a: Celebi
|-sidestart|p1: spuds4ever|move: Stealth Rock
|
|-heal|p2a: Swampert|28\/403|[from] item: Leftovers
|turn|6
|
|move|p1a: Celebi|Giga Drain|p2a: Swampert
|-supereffective|p2a: Swampert
|-damage|p2a: Swampert|0 fnt
|faint|p2a: Swampert
|
|
|switch|p2a: Jirachi|Jirachi|165\/341
|turn|7
|
|switch|p1a: Suicune|Suicune|404\/404
|-damage|p1a: Suicune|354\/404|[from] Stealth Rock
|-ability|p1a: Suicune|Pressure
|move|p2a: Jirachi|U-turn|p1a: Suicune
|-damage|p1a: Suicune|310\/404
|
|switch|p2a: Ampharos|Ampharos-Mega, M, shiny|373\/373
|-ability|p2a: Ampharos|Mold Breaker
|
|-heal|p1a: Suicune|335\/404|[from] item: Leftovers
|turn|8
|
|switch|p1a: Celebi|Celebi|404\/404
|-damage|p1a: Celebi|354\/404|[from] Stealth Rock
|move|p2a: Ampharos|Dragon Pulse|p1a: Celebi
|-damage|p1a: Celebi|216\/404
|
|turn|9
|
|move|p1a: Celebi|Recover|p1a: Celebi
|-heal|p1a: Celebi|404\/404
|move|p2a: Ampharos|Dragon Pulse|p1a: Celebi
|-damage|p1a: Celebi|266\/404
|
|turn|10
|
|move|p1a: Celebi|Nasty Plot|p1a: Celebi
|-boost|p1a: Celebi|spa|2
|move|p2a: Ampharos|Volt Switch|p1a: Celebi
|-resisted|p1a: Celebi
|-damage|p1a: Celebi|205\/404
|
|switch|p2a: Jirachi|Jirachi|165\/341
|
|turn|11
|
|move|p2a: Jirachi|U-turn|p1a: Celebi
|-supereffective|p1a: Celebi
|-damage|p1a: Celebi|0 fnt
|faint|p1a: Celebi
|
|switch|p2a: Ampharos|Ampharos-Mega, M, shiny|373\/373
|-ability|p2a: Ampharos|Mold Breaker
|
|
|switch|p1a: Sableye|Sableye, M|304\/304
|-damage|p1a: Sableye|266\/304|[from] Stealth Rock
|turn|12
|
|move|p1a: Sableye|Will-O-Wisp|p2a: Ampharos
|-status|p2a: Ampharos|brn
|move|p2a: Ampharos|Thunderbolt|p1a: Sableye
|-damage|p1a: Sableye|74\/304
|
|-heal|p1a: Sableye|93\/304|[from] item: Leftovers
|-damage|p2a: Ampharos|327\/373 brn|[from] brn
|turn|13
|
|move|p1a: Sableye|Recover|p1a: Sableye
|-heal|p1a: Sableye|245\/304
|move|p2a: Ampharos|Thunderbolt|p1a: Sableye
|-damage|p1a: Sableye|59\/304
|
|-heal|p1a: Sableye|78\/304|[from] item: Leftovers
|-damage|p2a: Ampharos|281\/373 brn|[from] brn
|turn|14
|
|move|p1a: Sableye|Recover|p1a: Sableye
|-heal|p1a: Sableye|230\/304
|move|p2a: Ampharos|Volt Switch|p1a: Sableye
|-damage|p1a: Sableye|85\/304
|
|switch|p2a: Whimsicott|Whimsicott, F, shiny|262\/262
|
|-heal|p1a: Sableye|104\/304|[from] item: Leftovers
|turn|15
|
|move|p2a: Whimsicott|Tailwind|p2a: Whimsicott
|-sidestart|p2: Hurpy Durpy|move: Tailwind
|move|p1a: Sableye|Recover|p1a: Sableye
|-heal|p1a: Sableye|256\/304
|
|-heal|p1a: Sableye|275\/304|[from] item: Leftovers
|turn|16
|
|move|p2a: Whimsicott|Moonblast|p1a: Sableye
|-supereffective|p1a: Sableye
|-damage|p1a: Sableye|0 fnt
|-damage|p2a: Whimsicott|236\/262|[from] item: Life Orb
|faint|p1a: Sableye
|
|
|switch|p1a: Jirachi|Jirachi|341\/341
|-damage|p1a: Jirachi|320\/341|[from] Stealth Rock
|turn|17
|
|switch|p2a: Chandelure|Chandelure, F|289\/289
|move|p1a: Jirachi|Stealth Rock|p2a: Chandelure
|-sidestart|p2: Hurpy Durpy|move: Stealth Rock
|
|-heal|p1a: Jirachi|341\/341|[from] item: Leftovers
|turn|18
|
|move|p2a: Chandelure|Substitute|p2a: Chandelure
|-start|p2a: Chandelure|Substitute
|-damage|p2a: Chandelure|217\/289
|move|p1a: Jirachi|U-turn|p2a: Chandelure
|-resisted|p2a: Chandelure
|-activate|p2a: Chandelure|Substitute|[damage]
|
|switch|p1a: Houndoom|Houndoom-Mega, F|202\/291
|-damage|p1a: Houndoom|130\/291|[from] Stealth Rock
|
|-heal|p2a: Chandelure|235\/289|[from] item: Leftovers
|-sideend|p2: Hurpy Durpy|move: Tailwind
|turn|19
|
|move|p1a: Houndoom|Dark Pulse|p2a: Chandelure
|-supereffective|p2a: Chandelure
|-end|p2a: Chandelure|Substitute
|move|p2a: Chandelure|Shadow Ball|p1a: Houndoom
|-resisted|p1a: Houndoom
|-damage|p1a: Houndoom|56\/291
|
|-heal|p2a: Chandelure|253\/289|[from] item: Leftovers
|turn|20
|
|move|p1a: Houndoom|Dark Pulse|p2a: Chandelure
|-supereffective|p2a: Chandelure
|-damage|p2a: Chandelure|0 fnt
|faint|p2a: Chandelure
|
|
|switch|p2a: Jirachi|Jirachi|165\/341
|-damage|p2a: Jirachi|144\/341|[from] Stealth Rock
|turn|21
|
|move|p2a: Jirachi|Iron Head|p1a: Houndoom
|-resisted|p1a: Houndoom
|-damage|p1a: Houndoom|0 fnt
|faint|p1a: Houndoom
|
|
|switch|p1a: Lucario|Lucario, M|281\/281
|-damage|p1a: Lucario|273\/281|[from] Stealth Rock
|turn|22
|
|move|p2a: Jirachi|Iron Head|p1a: Lucario
|-resisted|p1a: Lucario
|-damage|p1a: Lucario|191\/281
|move|p1a: Lucario|Nasty Plot|p1a: Lucario
|-boost|p1a: Lucario|spa|2
|
|turn|23
|
|move|p1a: Lucario|Vacuum Wave|p2a: Jirachi
|-damage|p2a: Jirachi|0 fnt
|faint|p2a: Jirachi
|
|
|switch|p2a: Whimsicott|Whimsicott, F, shiny|236\/262
|-damage|p2a: Whimsicott|204\/262|[from] Stealth Rock
|turn|24
|
|move|p2a: Whimsicott|Memento|p1a: Lucario
|-unboost|p1a: Lucario|atk|2
|-unboost|p1a: Lucario|spa|2
|faint|p2a: Whimsicott
|move|p1a: Lucario|Flash Cannon|p2: Whimsicott|[notarget]
|-notarget
|
|
|switch|p2a: Ampharos|Ampharos-Mega, M, shiny|281\/373 brn
|-damage|p2a: Ampharos|235\/373 brn|[from] Stealth Rock
|-ability|p2a: Ampharos|Mold Breaker
|turn|25
|
|switch|p1a: Jirachi|Jirachi|341\/341
|-damage|p1a: Jirachi|320\/341|[from] Stealth Rock
|move|p2a: Ampharos|Volt Switch|p1a: Jirachi
|-damage|p1a: Jirachi|146\/341
|
|switch|p2a: Hydreigon|Hydreigon, F, shiny|325\/325
|-damage|p2a: Hydreigon|285\/325|[from] Stealth Rock
|
|-heal|p1a: Jirachi|167\/341|[from] item: Leftovers
|turn|26
|
|move|p1a: Jirachi|U-turn|p2a: Hydreigon
|-supereffective|p2a: Hydreigon
|-damage|p2a: Hydreigon|121\/325
|
|switch|p1a: Suicune|Suicune|335\/404
|-damage|p1a: Suicune|285\/404|[from] Stealth Rock
|-ability|p1a: Suicune|Pressure
|move|p2a: Hydreigon|Dark Pulse|p1a: Suicune
|-damage|p1a: Suicune|124\/404
|-damage|p2a: Hydreigon|89\/325|[from] item: Life Orb
|
|-heal|p1a: Suicune|149\/404|[from] item: Leftovers
|turn|27
|
|switch|p1a: Jirachi|Jirachi|167\/341
|-damage|p1a: Jirachi|146\/341|[from] Stealth Rock
|move|p2a: Hydreigon|Dark Pulse|p1a: Jirachi
|-supereffective|p1a: Jirachi
|-damage|p1a: Jirachi|0 fnt
|-damage|p2a: Hydreigon|57\/325|[from] item: Life Orb
|faint|p1a: Jirachi
|
|
|switch|p1a: Lucario|Lucario, M|191\/281
|-damage|p1a: Lucario|183\/281|[from] Stealth Rock
|turn|28
|
|move|p1a: Lucario|Vacuum Wave|p2a: Hydreigon
|-supereffective|p2a: Hydreigon
|-damage|p2a: Hydreigon|0 fnt
|faint|p2a: Hydreigon
|
|
|switch|p2a: Ampharos|Ampharos-Mega, M, shiny|235\/373 brn
|-damage|p2a: Ampharos|189\/373 brn|[from] Stealth Rock
|-ability|p2a: Ampharos|Mold Breaker
|turn|29
|
|switch|p1a: Suicune|Suicune|149\/404
|-damage|p1a: Suicune|99\/404|[from] Stealth Rock
|-ability|p1a: Suicune|Pressure
|move|p2a: Ampharos|Thunderbolt|p1a: Suicune
|-supereffective|p1a: Suicune
|-damage|p1a: Suicune|0 fnt
|faint|p1a: Suicune
|
|-damage|p2a: Ampharos|143\/373 brn|[from] brn
|c|âspuds4ever|gg
|
|switch|p1a: Lucario|Lucario, M|183\/281
|-damage|p1a: Lucario|175\/281|[from] Stealth Rock
|turn|30
|
|move|p1a: Lucario|Aura Sphere|p2a: Ampharos
|-damage|p2a: Ampharos|0 fnt
|faint|p2a: Ampharos
|
|win|spuds4ever
|raw|Ladder updating...
|raw|spuds4ever's rating: 1539 &rarr; <strong>1549<\/strong><br \/>(+10 for winning)
|raw|Hurpy Durpy's rating: 1354 &rarr; <strong>1343<\/strong><br \/>(-11 for losing)
|c|âHurpy Durpy|gg
|c|âspuds4ever|replays thread?
|c|âHurpy Durpy|if you wanna you can was a good battle
|c|âspuds4ever|yeah, I'll ask