|join|spuds4ever
|join|dancingking
|player|p1|spuds4ever|102
|player|p2|dancingking|213
|gametype|singles
|gen|6
|tier|UU
|rated
|rule|Sleep Clause Mod: Limit one foe put to sleep
|rule|Species Clause: Limit one of each PokÃ©mon
|rule|OHKO Clause: OHKO moves are banned
|rule|Moody Clause: Moody is banned
|rule|Evasion Moves Clause: Evasion moves are banned
|rule|Endless Battle Clause: Forcing endless battles is banned
|rule|HP Percentage Mod: HP is shown in percentages
|clearpoke
|poke|p1|Mienshao, M
|poke|p1|Gligar, F
|poke|p1|Hydreigon, M
|poke|p1|Whimsicott, M
|poke|p1|Ampharos, M
|poke|p1|Forretress, M
|poke|p2|Yanmega, F
|poke|p2|Krookodile, M
|poke|p2|Blastoise, F
|poke|p2|Azelf
|poke|p2|Metagross
|poke|p2|Entei, shiny
|rule|Swagger Clause: Swagger is banned
|rule|Baton Pass Clause: Limit one PokÃ©mon knowing Baton Pass
|teampreview
|c|âspuds4ever|gl hf
|c|âdancingking|you too
|
|start
|switch|p1a: Ampharos|Ampharos, M|369\/369
|switch|p2a: Entei|Entei, shiny|371\/371
|-ability|p2a: Entei|Pressure
|turn|1
|
|detailschange|p1a: Ampharos|Ampharos-Mega, M
|message|Ampharos has Mega Evolved into Mega Ampharos!
|-ability|p1a: Ampharos|Mold Breaker
|move|p2a: Entei|Bulldoze|p1a: Ampharos
|-supereffective|p1a: Ampharos
|-damage|p1a: Ampharos|239\/369
|-unboost|p1a: Ampharos|spe|1
|move|p1a: Ampharos|Volt Switch|p2a: Entei
|-crit|p2a: Entei
|-damage|p2a: Entei|58\/371
|c|âspuds4ever|sry
|
|switch|p1a: Gligar|Gligar, F|333\/333
|
|turn|2
|
|move|p2a: Entei|Sacred Fire|p1a: Gligar
|-damage|p1a: Gligar|237\/333
|-status|p1a: Gligar|brn
|move|p1a: Gligar|Stealth Rock|p2a: Entei
|-sidestart|p2: dancingking|move: Stealth Rock
|
|-damage|p1a: Gligar|196\/333 brn|[from] brn
|turn|3
|
|switch|p2a: Blastoise|Blastoise, F|331\/331
|-damage|p2a: Blastoise|290\/331|[from] Stealth Rock
|move|p1a: Gligar|Roost|p1a: Gligar
|-heal|p1a: Gligar|333\/333 brn
|
|-damage|p1a: Gligar|292\/333 brn|[from] brn
|turn|4
|
|switch|p1a: Hydreigon|Hydreigon, M|325\/325
|detailschange|p2a: Blastoise|Blastoise-Mega, F
|message|Blastoise has Mega Evolved into Mega Blastoise!
|move|p2a: Blastoise|Ice Beam|p1a: Hydreigon
|-supereffective|p1a: Hydreigon
|-damage|p1a: Hydreigon|75\/325
|
|turn|5
|
|move|p1a: Hydreigon|Draco Meteor|p2a: Blastoise
|-damage|p2a: Blastoise|10\/331
|-unboost|p1a: Hydreigon|spa|2
|move|p2a: Blastoise|Rapid Spin|p1a: Hydreigon
|-damage|p1a: Hydreigon|59\/325
|-sideend|p2: dancingking|Stealth Rock|[from] move: Rapid Spin|[of] p2a: Blastoise
|
|turn|6
|
|move|p1a: Hydreigon|Draco Meteor|p2a: Blastoise
|-damage|p2a: Blastoise|0 fnt
|-unboost|p1a: Hydreigon|spa|2
|faint|p2a: Blastoise
|
|
|switch|p2a: Azelf|Azelf|291\/291
|turn|7
|
|move|p2a: Azelf|Taunt|p1a: Hydreigon
|-start|p1a: Hydreigon|move: Taunt
|move|p1a: Hydreigon|Draco Meteor|p2a: Azelf
|-damage|p2a: Azelf|150\/291
|-unboost|p1a: Hydreigon|spa|2
|
|turn|8
|
|switch|p1a: Whimsicott|Whimsicott, M|323\/323
|move|p2a: Azelf|Stealth Rock|p1a: Whimsicott
|-sidestart|p1: spuds4ever|move: Stealth Rock
|
|turn|9
|
|switch|p2a: Metagross|Metagross|301\/301
|move|p1a: Whimsicott|Leech Seed|p2a: Metagross
|-start|p2a: Metagross|move: Leech Seed
|
|-damage|p2a: Metagross|264\/301|[from] Leech Seed|[of] p1a: Whimsicott
|turn|10
|
|switch|p2a: Yanmega|Yanmega, F|313\/313
|switch|p1a: Forretress|Forretress, M|354\/354
|-damage|p1a: Forretress|310\/354|[from] Stealth Rock
|
|-heal|p1a: Forretress|332\/354|[from] item: Leftovers
|turn|11
|
|move|p2a: Yanmega|Air Slash|p1a: Forretress
|-damage|p1a: Forretress|58\/354
|-damage|p2a: Yanmega|282\/313|[from] item: Life Orb
|move|p1a: Forretress|Rapid Spin|p2a: Yanmega
|-damage|p2a: Yanmega|265\/313
|-sideend|p1: spuds4ever|Stealth Rock|[from] move: Rapid Spin|[of] p1a: Forretress
|
|-heal|p1a: Forretress|80\/354|[from] item: Leftovers
|-boost|p2a: Yanmega|spe|1|[from] ability: Speed Boost
|turn|12
|
|move|p2a: Yanmega|Bug Buzz|p1a: Forretress
|-resisted|p1a: Forretress
|-damage|p1a: Forretress|0 fnt
|-damage|p2a: Yanmega|234\/313|[from] item: Life Orb
|faint|p1a: Forretress
|
|-boost|p2a: Yanmega|spe|1|[from] ability: Speed Boost
|
|switch|p1a: Ampharos|Ampharos-Mega, M|239\/369
|-ability|p1a: Ampharos|Mold Breaker
|turn|13
|
|switch|p2a: Krookodile|Krookodile, M|331\/331
|-ability|p2a: Krookodile|Intimidate|[of] p1a: Ampharos
|-unboost|p1a: Ampharos|atk|1
|move|p1a: Ampharos|Dragon Pulse|p2a: Krookodile
|-damage|p2a: Krookodile|48\/331
|
|turn|14
|
|move|p2a: Krookodile|Pursuit|p1a: Ampharos
|-damage|p1a: Ampharos|137\/369
|move|p1a: Ampharos|Dragon Pulse|p2a: Krookodile
|-damage|p2a: Krookodile|0 fnt
|faint|p2a: Krookodile
|
|
|switch|p2a: Azelf|Azelf|150\/291
|turn|15
|
|switch|p1a: Mienshao|Mienshao, M|271\/271
|move|p2a: Azelf|Zen Headbutt|p1a: Mienshao
|-crit|p1a: Mienshao
|-supereffective|p1a: Mienshao
|-damage|p1a: Mienshao|0 fnt
|faint|p1a: Mienshao
|
|
|switch|p1a: Whimsicott|Whimsicott, M|323\/323
|turn|16
|
|move|p1a: Whimsicott|Leech Seed|p2a: Azelf
|-start|p2a: Azelf|move: Leech Seed
|move|p2a: Azelf|Explosion|p1a: Whimsicott
|-damage|p1a: Whimsicott|26\/323
|faint|p2a: Azelf
|
|-heal|p1a: Whimsicott|46\/323|[from] item: Leftovers
|
|switch|p2a: Entei|Entei, shiny|58\/371
|-ability|p2a: Entei|Pressure
|turn|17
|
|move|p2a: Entei|Extreme Speed|p1a: Whimsicott
|-damage|p1a: Whimsicott|0 fnt
|faint|p1a: Whimsicott
|
|
|switch|p1a: Gligar|Gligar, F|292\/333 brn
|turn|18
|
|move|p2a: Entei|Sacred Fire|p1a: Gligar
|-damage|p1a: Gligar|186\/333 brn
|move|p1a: Gligar|Earthquake|p2a: Entei
|-supereffective|p2a: Entei
|-damage|p2a: Entei|0 fnt
|faint|p2a: Entei
|
|-damage|p1a: Gligar|145\/333 brn|[from] brn
|
|switch|p2a: Yanmega|Yanmega, F|234\/313
|turn|19
|
|move|p2a: Yanmega|Air Slash|p1a: Gligar
|-damage|p1a: Gligar|0 fnt
|-damage|p2a: Yanmega|203\/313|[from] item: Life Orb
|faint|p1a: Gligar
|
|-boost|p2a: Yanmega|spe|1|[from] ability: Speed Boost
|
|switch|p1a: Ampharos|Ampharos-Mega, M|137\/369
|-ability|p1a: Ampharos|Mold Breaker
|turn|20
|
|move|p2a: Yanmega|Bug Buzz|p1a: Ampharos
|-damage|p1a: Ampharos|0 fnt
|-damage|p2a: Yanmega|172\/313|[from] item: Life Orb
|faint|p1a: Ampharos
|
|-boost|p2a: Yanmega|spe|1|[from] ability: Speed Boost
|c|âspuds4ever|gg
|
|switch|p1a: Hydreigon|Hydreigon, M|59\/325
|turn|21
|c|âdancingking|gg
|
|move|p2a: Yanmega|Bug Buzz|p1a: Hydreigon
|-supereffective|p1a: Hydreigon
|-damage|p1a: Hydreigon|0 fnt
|-damage|p2a: Yanmega|141\/313|[from] item: Life Orb
|faint|p1a: Hydreigon
|
|win|dancingking
|raw|Ladder updating...
|raw|spuds4ever's rating: 1610 &rarr; <strong>1592<\/strong><br \/>(-18 for losing)
|raw|dancingking's rating: 1645 &rarr; <strong>1663<\/strong><br \/>(+18 for winning)