|join|dudman
|join|spuds4ever
|player|p1|dudman|171
|player|p2|spuds4ever|102
|gametype|singles
|gen|6
|tier|UU
|rated
|rule|Sleep Clause Mod: Limit one foe put to sleep
|rule|Species Clause: Limit one of each PokÃ©mon
|rule|OHKO Clause: OHKO moves are banned
|rule|Moody Clause: Moody is banned
|rule|Evasion Moves Clause: Evasion moves are banned
|rule|Endless Battle Clause: Forcing endless battles is banned
|rule|HP Percentage Mod: HP is shown in percentages
|clearpoke
|poke|p1|Mienshao, F
|poke|p1|Krookodile, M
|poke|p1|Suicune
|poke|p1|Aggron, M
|poke|p1|Chandelure, F
|poke|p1|Whimsicott, M
|poke|p2|Togekiss, F
|poke|p2|Dugtrio, M
|poke|p2|Rotom-Heat
|poke|p2|Blastoise, M
|poke|p2|Forretress, F
|poke|p2|Roserade, F
|rule|Swagger Clause: Swagger is banned
|rule|Baton Pass Clause: Limit one PokÃ©mon knowing Baton Pass
|teampreview
|c|âspuds4ever|gl hf
|c|âdudman|o toge
|
|start
|switch|p1a: Chandelure|Chandelure, F|261\/261
|switch|p2a: Forretress|Forretress, F|353\/353
|turn|1
|c|âspuds4ever|yup legal now
|
|switch|p2a: Rotom-Heat|Rotom-Heat|241\/241
|move|p1a: Chandelure|Shadow Ball|p2a: Rotom-Heat
|-damage|p2a: Rotom-Heat|39\/241
|
|turn|2
|
|switch|p1a: Krookodile|Krookodile, M|331\/331
|-ability|p1a: Krookodile|Intimidate|[of] p2a: Rotom-Heat
|-unboost|p2a: Rotom-Heat|atk|1
|move|p2a: Rotom-Heat|Pain Split|p1a: Krookodile
|-sethp|p1a: Krookodile|185\/331|p2a: Rotom-Heat|185\/241|[from] move: Pain Split
|
|turn|3
|
|switch|p2a: Togekiss|Togekiss, F|368\/368
|move|p1a: Krookodile|Taunt|p2a: Togekiss
|-start|p2a: Togekiss|move: Taunt
|
|turn|4
|
|switch|p1a: Chandelure|Chandelure, F|261\/261
|switch|p2a: Blastoise|Blastoise, M|331\/331
|
|turn|5
|
|switch|p1a: Whimsicott|Whimsicott, M|261\/261
|detailschange|p2a: Blastoise|Blastoise-Mega, M
|message|Blastoise has Mega Evolved into Mega Blastoise!
|move|p2a: Blastoise|Scald|p1a: Whimsicott
|-resisted|p1a: Whimsicott
|-damage|p1a: Whimsicott|164\/261
|
|-heal|p1a: Whimsicott|180\/261|[from] item: Leftovers
|turn|6
|
|switch|p2a: Roserade|Roserade, F|261\/261
|move|p1a: Whimsicott|U-turn|p2a: Roserade
|-damage|p2a: Roserade|209\/261
|
|switch|p1a: Krookodile|Krookodile, M|185\/331
|-ability|p1a: Krookodile|Intimidate|[of] p2a: Roserade
|-unboost|p2a: Roserade|atk|1
|
|turn|7
|
|move|p1a: Krookodile|Pursuit|p2a: Roserade|[from]Pursuit
|-damage|p2a: Roserade|0 fnt
|faint|p2a: Roserade
|
|
|switch|p2a: Togekiss|Togekiss, F|368\/368
|turn|8
|
|switch|p1a: Aggron|Aggron, M|344\/344
|move|p2a: Togekiss|Baton Pass|p2a: Togekiss
|
|switch|p2a: Forretress|Forretress, F|353\/353
|
|turn|9
|
|detailschange|p1a: Aggron|Aggron-Mega, M
|message|Aggron has Mega Evolved into Mega Aggron!
|move|p1a: Aggron|Stealth Rock|p2a: Forretress
|-sidestart|p2: spuds4ever|move: Stealth Rock
|move|p2a: Forretress|Stealth Rock|p1a: Aggron
|-sidestart|p1: dudman|move: Stealth Rock
|
|turn|10
|
|move|p1a: Aggron|Earthquake|p2a: Forretress
|-damage|p2a: Forretress|256\/353
|move|p2a: Forretress|Volt Switch|p1a: Aggron
|-damage|p1a: Aggron|297\/344
|
|switch|p2a: Blastoise|Blastoise-Mega, M|331\/331
|-damage|p2a: Blastoise|290\/331|[from] Stealth Rock
|
|turn|11
|
|switch|p1a: Whimsicott|Whimsicott, M|180\/261
|-damage|p1a: Whimsicott|148\/261|[from] Stealth Rock
|move|p2a: Blastoise|Rapid Spin|p1a: Whimsicott
|-damage|p1a: Whimsicott|132\/261
|-sideend|p2: spuds4ever|Stealth Rock|[from] move: Rapid Spin|[of] p2a: Blastoise
|
|-heal|p1a: Whimsicott|148\/261|[from] item: Leftovers
|turn|12
|
|move|p1a: Whimsicott|U-turn|p2a: Blastoise
|-damage|p2a: Blastoise|259\/331
|
|switch|p1a: Suicune|Suicune|367\/367
|-damage|p1a: Suicune|322\/367|[from] Stealth Rock
|-ability|p1a: Suicune|Pressure
|move|p2a: Blastoise|Ice Beam|p1a: Suicune
|-resisted|p1a: Suicune
|-damage|p1a: Suicune|271\/367
|
|-heal|p1a: Suicune|293\/367|[from] item: Leftovers
|turn|13
|
|switch|p2a: Togekiss|Togekiss, F|368\/368
|move|p1a: Suicune|Calm Mind|p1a: Suicune
|-boost|p1a: Suicune|spa|1
|-boost|p1a: Suicune|spd|1
|
|-heal|p1a: Suicune|315\/367|[from] item: Leftovers
|turn|14
|
|move|p1a: Suicune|Ice Beam|p2a: Togekiss
|-supereffective|p2a: Togekiss
|-damage|p2a: Togekiss|116\/368
|move|p2a: Togekiss|Nasty Plot|p2a: Togekiss
|-boost|p2a: Togekiss|spa|2
|
|-heal|p1a: Suicune|337\/367|[from] item: Leftovers
|-heal|p2a: Togekiss|139\/368|[from] item: Leftovers
|turn|15
|
|switch|p2a: Rotom-Heat|Rotom-Heat|185\/241
|move|p1a: Suicune|Substitute|p1a: Suicune
|-start|p1a: Suicune|Substitute
|-damage|p1a: Suicune|246\/367
|
|-heal|p1a: Suicune|268\/367|[from] item: Leftovers
|turn|16
|
|move|p2a: Rotom-Heat|Volt Switch|p1a: Suicune
|-supereffective|p1a: Suicune
|-end|p1a: Suicune|Substitute
|
|switch|p2a: Dugtrio|Dugtrio, M|211\/211
|move|p1a: Suicune|Scald|p2a: Dugtrio
|-supereffective|p2a: Dugtrio
|-damage|p2a: Dugtrio|0 fnt
|faint|p2a: Dugtrio
|
|-heal|p1a: Suicune|290\/367|[from] item: Leftovers
|
|switch|p2a: Rotom-Heat|Rotom-Heat|185\/241
|turn|17
|
|switch|p1a: Krookodile|Krookodile, M|185\/331
|-damage|p1a: Krookodile|165\/331|[from] Stealth Rock
|-ability|p1a: Krookodile|Intimidate|[of] p2a: Rotom-Heat
|-unboost|p2a: Rotom-Heat|atk|1
|move|p2a: Rotom-Heat|Volt Switch|p1a: Krookodile
|-immune|p1a: Krookodile|[msg]
|
|turn|18
|
|move|p1a: Krookodile|Pursuit|p2a: Rotom-Heat|[from]Pursuit
|-damage|p2a: Rotom-Heat|47\/241
|switch|p2a: Forretress|Forretress, F|256\/353
|
|-heal|p2a: Forretress|278\/353|[from] item: Leftovers
|turn|19
|
|move|p1a: Krookodile|Knock Off|p2a: Forretress
|-damage|p2a: Forretress|128\/353
|-enditem|p2a: Forretress|Leftovers|[from] move: Knock Off|[of] p1a: Krookodile
|move|p2a: Forretress|Volt Switch|p1a: Krookodile
|-immune|p1a: Krookodile|[msg]
|
|turn|20
|
|switch|p2a: Togekiss|Togekiss, F|139\/368
|move|p1a: Krookodile|Earthquake|p2a: Togekiss
|-immune|p2a: Togekiss|[msg]
|
|-heal|p2a: Togekiss|162\/368|[from] item: Leftovers
|turn|21
|
|switch|p1a: Aggron|Aggron-Mega, M|297\/344
|-damage|p1a: Aggron|276\/344|[from] Stealth Rock
|move|p2a: Togekiss|Roost|p2a: Togekiss
|-heal|p2a: Togekiss|346\/368
|
|-heal|p2a: Togekiss|368\/368|[from] item: Leftovers
|turn|22
|
|switch|p2a: Blastoise|Blastoise-Mega, M|259\/331
|move|p1a: Aggron|Earthquake|p2a: Blastoise
|-damage|p2a: Blastoise|146\/331
|
|turn|23
|
|switch|p1a: Suicune|Suicune|290\/367
|-damage|p1a: Suicune|245\/367|[from] Stealth Rock
|-ability|p1a: Suicune|Pressure
|move|p2a: Blastoise|Ice Beam|p1a: Suicune
|-crit|p1a: Suicune
|-resisted|p1a: Suicune
|-damage|p1a: Suicune|165\/367
|
|-heal|p1a: Suicune|187\/367|[from] item: Leftovers
|turn|24
|
|switch|p1a: Whimsicott|Whimsicott, M|148\/261
|-damage|p1a: Whimsicott|116\/261|[from] Stealth Rock
|switch|p2a: Rotom-Heat|Rotom-Heat|47\/241
|
|-heal|p1a: Whimsicott|132\/261|[from] item: Leftovers
|turn|25
|
|move|p2a: Rotom-Heat|Trick|p1a: Whimsicott
|-activate|p2a: Rotom-Heat|move: Trick|[of] p1a: Whimsicott
|-item|p1a: Whimsicott|Choice Scarf|[from] move: Trick
|-item|p2a: Rotom-Heat|Leftovers|[from] move: Trick
|move|p1a: Whimsicott|Moonblast|p2a: Rotom-Heat
|-resisted|p2a: Rotom-Heat
|-damage|p2a: Rotom-Heat|0 fnt
|faint|p2a: Rotom-Heat
|
|
|switch|p2a: Togekiss|Togekiss, F|368\/368
|turn|26
|
|switch|p1a: Aggron|Aggron-Mega, M|276\/344
|-damage|p1a: Aggron|255\/344|[from] Stealth Rock
|move|p2a: Togekiss|Nasty Plot|p2a: Togekiss
|-boost|p2a: Togekiss|spa|2
|
|turn|27
|
|move|p2a: Togekiss|Air Slash|p1a: Aggron
|-resisted|p1a: Aggron
|-damage|p1a: Aggron|124\/344
|move|p1a: Aggron|Heavy Slam|p2a: Togekiss
|-supereffective|p2a: Togekiss
|-damage|p2a: Togekiss|0 fnt
|faint|p2a: Togekiss
|
|c|âspuds4ever|where my flinch nigga
|
|switch|p2a: Blastoise|Blastoise-Mega, M|146\/331
|turn|28
|
|move|p2a: Blastoise|Scald|p1a: Aggron
|-crit|p1a: Aggron
|-damage|p1a: Aggron|0 fnt
|faint|p1a: Aggron
|
|
|switch|p1a: Chandelure|Chandelure, F|261\/261
|-damage|p1a: Chandelure|196\/261|[from] Stealth Rock
|turn|29
|c|âdudman|gg
|c|âspuds4ever|gg
|
|move|p1a: Chandelure|Shadow Ball|p2a: Blastoise
|-damage|p2a: Blastoise|0 fnt
|faint|p2a: Blastoise
|
|
|switch|p2a: Forretress|Forretress, F|128\/353
|turn|30
|
|move|p1a: Chandelure|Shadow Ball|p2a: Forretress
|-damage|p2a: Forretress|0 fnt
|faint|p2a: Forretress
|
|win|dudman
|raw|Ladder updating...
|raw|dudman's rating: 1744 &rarr; <strong>1753<\/strong><br \/>(+9 for winning)
|raw|spuds4ever's rating: 1535 &rarr; <strong>1526<\/strong><br \/>(-9 for losing)
|leave|spuds4ever
|player|p2