|join|spuds4ever
|join|Der Dreckige Dan
|player|p1|spuds4ever|170
|player|p2|Der Dreckige Dan|266
|gametype|singles
|gen|6
|tier|UU
|rated
|rule|Sleep Clause Mod: Limit one foe put to sleep
|rule|Species Clause: Limit one of each PokÃ©mon
|rule|OHKO Clause: OHKO moves are banned
|rule|Moody Clause: Moody is banned
|rule|Evasion Moves Clause: Evasion moves are banned
|rule|Endless Battle Clause: Forcing endless battles is banned
|rule|HP Percentage Mod: HP is shown in percentages
|clearpoke
|poke|p1|Crobat, F
|poke|p1|Swampert, M
|poke|p1|Infernape, F
|poke|p1|Aerodactyl, F
|poke|p1|Cobalion
|poke|p1|Celebi
|poke|p2|Suicune
|poke|p2|Ampharos, M
|poke|p2|Chandelure, M
|poke|p2|Crobat, M
|poke|p2|Empoleon, M
|poke|p2|Flygon, M
|rule|Swagger Clause: Swagger is banned
|rule|Baton Pass Clause: Limit one PokÃ©mon knowing Baton Pass
|teampreview
|c|âspuds4ever|gl hf
|c|âDer Dreckige Dan|gl hf
|
|start
|switch|p1a: Swampert|Swampert, M|392\/392
|switch|p2a: Flygon|Flygon, M|301\/301
|turn|1
|c|âDer Dreckige Dan|haven't we fight a while ago?
|c|âspuds4ever|I think so
|
|move|p2a: Flygon|U-turn|p1a: Swampert
|-damage|p1a: Swampert|317\/392
|
|switch|p2a: Suicune|Suicune|404\/404
|-ability|p2a: Suicune|Pressure
|move|p1a: Swampert|Earthquake|p2a: Suicune
|-damage|p2a: Suicune|218\/404
|
|-heal|p2a: Suicune|243\/404|[from] item: Leftovers
|turn|2
|
|switch|p1a: Celebi|Celebi|404\/404
|move|p2a: Suicune|Calm Mind|p2a: Suicune
|-boost|p2a: Suicune|spa|1
|-boost|p2a: Suicune|spd|1
|
|-heal|p2a: Suicune|268\/404|[from] item: Leftovers
|turn|3
|
|switch|p2a: Crobat|Crobat, M|373\/373
|move|p1a: Celebi|Swords Dance|p1a: Celebi
|-boost|p1a: Celebi|atk|2
|
|turn|4
|
|switch|p1a: Aerodactyl|Aerodactyl, F|302\/302
|-ability|p1a: Aerodactyl|Unnerve|p2: Der Dreckige Dan
|move|p2a: Crobat|Brave Bird|p1a: Aerodactyl
|-resisted|p1a: Aerodactyl
|-damage|p1a: Aerodactyl|217\/302
|-damage|p2a: Crobat|345\/373|[from] recoil|[of] p1a: Aerodactyl
|
|-heal|p2a: Crobat|368\/373|[from] item: Leftovers
|turn|5
|
|switch|p2a: Suicune|Suicune|268\/404
|-ability|p2a: Suicune|Pressure
|detailschange|p1a: Aerodactyl|Aerodactyl-Mega, F
|message|Aerodactyl has Mega Evolved into Mega Aerodactyl!
|move|p1a: Aerodactyl|Stone Edge|p2a: Suicune
|-damage|p2a: Suicune|138\/404
|
|-heal|p2a: Suicune|163\/404|[from] item: Leftovers
|turn|6
|
|switch|p1a: Celebi|Celebi|404\/404
|move|p2a: Suicune|Rest|p2a: Suicune
|-status|p2a: Suicune|slp
|-heal|p2a: Suicune|404\/404 slp|[silent]
|-status|p2a: Suicune|slp|[from] move: Rest
|
|turn|7
|
|switch|p2a: Chandelure|Chandelure, M|281\/281
|move|p1a: Celebi|Baton Pass|p1a: Celebi
|
|switch|p1a: Aerodactyl|Aerodactyl-Mega, F|217\/302
|
|turn|8
|
|move|p1a: Aerodactyl|Pursuit|p2a: Chandelure|[from]Pursuit
|-supereffective|p2a: Chandelure
|-damage|p2a: Chandelure|0 fnt
|faint|p2a: Chandelure
|
|
|switch|p2a: Suicune|Suicune|404\/404 slp
|-ability|p2a: Suicune|Pressure
|turn|9
|
|switch|p1a: Celebi|Celebi|404\/404
|cant|p2a: Suicune|slp
|move|p2a: Suicune|Sleep Talk|p2a: Suicune
|move|p2a: Suicune|Rest|p2a: Suicune|[from]Sleep Talk
|-fail|p2a: Suicune
|
|turn|10
|
|switch|p2a: Crobat|Crobat, M|368\/373
|move|p1a: Celebi|Swords Dance|p1a: Celebi
|-boost|p1a: Celebi|atk|2
|
|-heal|p2a: Crobat|373\/373|[from] item: Leftovers
|turn|11
|
|move|p2a: Crobat|Brave Bird|p1a: Celebi
|-supereffective|p1a: Celebi
|-damage|p1a: Celebi|144\/404
|-enditem|p1a: Celebi|Weakness Policy
|-boost|p1a: Celebi|atk|2|[from] item: Weakness Policy
|-boost|p1a: Celebi|spa|2|[from] item: Weakness Policy
|-damage|p2a: Crobat|287\/373|[from] recoil|[of] p1a: Celebi
|move|p1a: Celebi|Baton Pass|p1a: Celebi
|
|switch|p1a: Aerodactyl|Aerodactyl-Mega, F|217\/302
|
|-heal|p2a: Crobat|310\/373|[from] item: Leftovers
|turn|12
|c|âDer Dreckige Dan|Oh. I remember now the fight
|c|âDer Dreckige Dan|gg
|
|move|p1a: Aerodactyl|Pursuit|p2a: Crobat|[from]Pursuit
|-damage|p2a: Crobat|0 fnt
|faint|p2a: Crobat
|
|
|switch|p2a: Flygon|Flygon, M|301\/301
|turn|13
|
|move|p2a: Flygon|Outrage|p1a: Aerodactyl
|-damage|p1a: Aerodactyl|3\/302
|move|p1a: Aerodactyl|Aqua Tail|p2a: Flygon
|-damage|p2a: Flygon|0 fnt
|faint|p2a: Flygon
|
|
|switch|p2a: Ampharos|Ampharos, M|373\/373
|turn|14
|
|move|p1a: Aerodactyl|Stone Edge|p2a: Ampharos
|-damage|p2a: Ampharos|0 fnt
|faint|p2a: Ampharos
|
|
|switch|p2a: Suicune|Suicune|404\/404 slp
|-ability|p2a: Suicune|Pressure
|turn|15
|c|âspuds4ever|gg
|
|move|p1a: Aerodactyl|Stone Edge|p2a: Suicune
|-damage|p2a: Suicune|0 fnt
|faint|p2a: Suicune
|
|
|switch|p2a: Empoleon|Empoleon, M|372\/372
|turn|16
|
|move|p1a: Aerodactyl|Stone Edge|p2a: Empoleon
|-resisted|p2a: Empoleon
|-damage|p2a: Empoleon|36\/372
|move|p2a: Empoleon|Scald|p1a: Aerodactyl
|-supereffective|p1a: Aerodactyl
|-damage|p1a: Aerodactyl|0 fnt
|faint|p1a: Aerodactyl
|
|-heal|p2a: Empoleon|59\/372|[from] item: Leftovers
|
|switch|p1a: Infernape|Infernape, F|293\/293
|turn|17
|
|move|p1a: Infernape|Close Combat|p2a: Empoleon
|-supereffective|p2a: Empoleon
|-damage|p2a: Empoleon|0 fnt
|-unboost|p1a: Infernape|def|1
|-unboost|p1a: Infernape|spd|1
|-damage|p1a: Infernape|264\/293|[from] item: Life Orb
|faint|p2a: Empoleon
|
|win|spuds4ever
|raw|Ladder updating...
|raw|spuds4ever's rating: 1457 &rarr; <strong>1471<\/strong><br \/>(+14 for winning)
|raw|Der Dreckige Dan's rating: 1348 &rarr; <strong>1334<\/strong><br \/>(-14 for losing)
|leave|spuds4ever
|player|p1
|leave|Der Dreckige Dan
|player|p2