|join|resobbet
|join|Leafstorm121
|player|p1|resobbet|167
|player|p2|Leafstorm121|34
|gametype|singles
|gen|6
|tier|OU
|rated
|clearpoke
|poke|p1|Lopunny, F, shiny
|poke|p1|Greninja, F
|poke|p1|Dragalge, M
|poke|p1|Raikou
|poke|p1|Gothitelle, M
|poke|p1|Skarmory, M
|poke|p2|Politoed, F
|poke|p2|Kingdra, F
|poke|p2|Kabutops, M
|poke|p2|Landorus, M
|poke|p2|Altaria, F
|poke|p2|Mamoswine, M
|rule|Swagger Clause: Swagger is banned
|rule|Baton Pass Clause: Limit one PokÃ©mon knowing Baton Pass
|rule|Sleep Clause Mod: Limit one foe put to sleep
|rule|Species Clause: Limit one of each PokÃ©mon
|rule|OHKO Clause: OHKO moves are banned
|rule|Moody Clause: Moody is banned
|rule|Evasion Moves Clause: Evasion moves are banned
|rule|Endless Battle Clause: Forcing endless battles is banned
|rule|HP Percentage Mod: HP is shown in percentages
|teampreview
|
|start
|switch|p1a: Skarmory|Skarmory, M|271\/271
|switch|p2a: Mamoswine|Mamoswine, M|424\/424
|turn|1
|
|move|p1a: Skarmory|Stealth Rock|p2a: Mamoswine
|-sidestart|p2: Leafstorm121|move: Stealth Rock
|move|p2a: Mamoswine|Stealth Rock|p1a: Skarmory
|-sidestart|p1: resobbet|move: Stealth Rock
|
|turn|2
|
|switch|p2a: Politoed|Politoed, F|384\/384
|-damage|p2a: Politoed|336\/384|[from] Stealth Rock
|-weather|RainDance
|move|p1a: Skarmory|Spikes|p2a: Politoed
|-sidestart|p2: Leafstorm121|Spikes
|
|-weather|RainDance|[upkeep]
|turn|3
|
|move|p1a: Skarmory|Spikes|p2a: Politoed
|-sidestart|p2: Leafstorm121|Spikes
|move|p2a: Politoed|Hydro Pump|p1a: Skarmory|[miss]
|-miss|p2a: Politoed|p1a: Skarmory
|
|-weather|RainDance|[upkeep]
|turn|4
|
|move|p1a: Skarmory|Spikes|p2a: Politoed
|-sidestart|p2: Leafstorm121|Spikes
|move|p2a: Politoed|Hydro Pump|p1a: Skarmory
|-enditem|p1a: Skarmory|Focus Sash
|-damage|p1a: Skarmory|1\/271
|
|-weather|RainDance|[upkeep]
|turn|5
|
|move|p1a: Skarmory|Brave Bird|p2a: Politoed
|-damage|p2a: Politoed|138\/384
|-damage|p1a: Skarmory|0 fnt|[from] recoil|[of] p2a: Politoed
|faint|p1a: Skarmory
|move|p2a: Politoed|Hydro Pump|p1: Skarmory|[notarget]
|-notarget
|
|-weather|RainDance|[upkeep]
|
|switch|p1a: Gothitelle|Gothitelle, M|301\/301
|-damage|p1a: Gothitelle|264\/301|[from] Stealth Rock
|turn|6
|
|move|p1a: Gothitelle|Psychic|p2a: Politoed
|-damage|p2a: Politoed|0 fnt
|faint|p2a: Politoed
|
|-weather|RainDance|[upkeep]
|
|switch|p2a: Kabutops|Kabutops, M|262\/262
|-damage|p2a: Kabutops|230\/262|[from] Stealth Rock
|-damage|p2a: Kabutops|165\/262|[from] Spikes
|turn|7
|
|move|p2a: Kabutops|Waterfall|p1a: Gothitelle
|-damage|p1a: Gothitelle|0 fnt
|-damage|p2a: Kabutops|139\/262|[from] item: Life Orb
|faint|p1a: Gothitelle
|
|-weather|RainDance|[upkeep]
|
|switch|p1a: Dragalge|Dragalge, M|334\/334
|-damage|p1a: Dragalge|293\/334|[from] Stealth Rock
|turn|8
|
|move|p2a: Kabutops|Stone Edge|p1a: Dragalge
|-crit|p1a: Dragalge
|-damage|p1a: Dragalge|0 fnt
|-damage|p2a: Kabutops|113\/262|[from] item: Life Orb
|faint|p1a: Dragalge
|
|-weather|RainDance|[upkeep]
|
|switch|p1a: Raikou|Raikou|341\/341
|-damage|p1a: Raikou|299\/341|[from] Stealth Rock
|-ability|p1a: Raikou|Pressure
|turn|9
|
|move|p2a: Kabutops|Waterfall|p1a: Raikou
|-damage|p1a: Raikou|0 fnt
|-damage|p2a: Kabutops|87\/262|[from] item: Life Orb
|faint|p1a: Raikou
|
|-weather|none
|
|switch|p1a: Lopunny|Lopunny, F, shiny|272\/272
|-damage|p1a: Lopunny|238\/272|[from] Stealth Rock
|turn|10
|
|detailschange|p1a: Lopunny|Lopunny-Mega, F, shiny
|message|Lopunny has Mega Evolved into Mega Lopunny!
|move|p2a: Kabutops|Aqua Jet|p1a: Lopunny
|-damage|p1a: Lopunny|147\/272
|-damage|p2a: Kabutops|61\/262|[from] item: Life Orb
|move|p1a: Lopunny|Power-Up Punch|p2a: Kabutops
|-supereffective|p2a: Kabutops
|-damage|p2a: Kabutops|0 fnt
|-boost|p1a: Lopunny|atk|1
|faint|p2a: Kabutops
|
|
|switch|p2a: Landorus|Landorus, M|320\/320
|-damage|p2a: Landorus|280\/320|[from] Stealth Rock
|turn|11
|
|move|p1a: Lopunny|Ice Punch|p2a: Landorus
|-supereffective|p2a: Landorus
|-damage|p2a: Landorus|0 fnt
|faint|p2a: Landorus
|
|
|switch|p2a: Kingdra|Kingdra, F|291\/291
|-damage|p2a: Kingdra|255\/291|[from] Stealth Rock
|-damage|p2a: Kingdra|183\/291|[from] Spikes
|turn|12
|
|move|p1a: Lopunny|Return|p2a: Kingdra
|-damage|p2a: Kingdra|0 fnt
|faint|p2a: Kingdra
|
|
|switch|p2a: Altaria|Altaria, F|291\/291
|-damage|p2a: Altaria|219\/291|[from] Stealth Rock
|turn|13
|
|detailschange|p2a: Altaria|Altaria-Mega, F
|message|Altaria has Mega Evolved into Mega Altaria!
|move|p1a: Lopunny|Ice Punch|p2a: Altaria
|-supereffective|p2a: Altaria
|-damage|p2a: Altaria|0 fnt
|faint|p2a: Altaria
|
|
|switch|p2a: Mamoswine|Mamoswine, M|424\/424
|-damage|p2a: Mamoswine|318\/424|[from] Spikes
|-damage|p2a: Mamoswine|265\/424|[from] Stealth Rock
|turn|14
|
|move|p1a: Lopunny|Return|p2a: Mamoswine
|-damage|p2a: Mamoswine|0 fnt
|faint|p2a: Mamoswine
|
|win|resobbet
|raw|Ladder updating...
|raw|resobbet's rating: 1566 &rarr; <strong>1588<\/strong><br \/>(+22 for winning)
|raw|Leafstorm121's rating: 1592 &rarr; <strong>1571<\/strong><br \/>(-21 for losing)