|join|Leafstorm121
|join|Nicowhaat
|player|p1|Leafstorm121|34
|player|p2|Nicowhaat|269
|gametype|singles
|gen|6
|tier|OU
|rated
|clearpoke
|poke|p1|Azelf
|poke|p1|Gyarados, F
|poke|p1|Landorus, M
|poke|p1|Thundurus, M
|poke|p1|Greninja, F
|poke|p1|Crawdaunt, F
|poke|p2|Landorus-Therian, M
|poke|p2|Chansey, F
|poke|p2|Sceptile, F
|poke|p2|Rotom-Wash
|poke|p2|Dragonite, F
|poke|p2|Mandibuzz, F
|rule|Swagger Clause: Swagger is banned
|rule|Baton Pass Clause: Limit one PokÃ©mon knowing Baton Pass
|rule|Sleep Clause Mod: Limit one foe put to sleep
|rule|Species Clause: Limit one of each PokÃ©mon
|rule|OHKO Clause: OHKO moves are banned
|rule|Moody Clause: Moody is banned
|rule|Evasion Moves Clause: Evasion moves are banned
|rule|Endless Battle Clause: Forcing endless battles is banned
|rule|HP Percentage Mod: HP is shown in percentages
|teampreview
|c|âNicowhaat|gl hf :)
|c|âLeafstorm121|u2
|
|start
|switch|p1a: Azelf|Azelf|354\/354
|switch|p2a: Landorus-Therian|Landorus-Therian, M|382\/382
|-ability|p2a: Landorus-Therian|Intimidate|[of] p1a: Azelf
|-unboost|p1a: Azelf|atk|1
|turn|1
|
|move|p1a: Azelf|Stealth Rock|p2a: Landorus-Therian
|-sidestart|p2: Nicowhaat|move: Stealth Rock
|move|p2a: Landorus-Therian|Stealth Rock|p1a: Azelf
|-sidestart|p1: Leafstorm121|move: Stealth Rock
|
|turn|2
|
|move|p1a: Azelf|Reflect|p1a: Azelf
|-sidestart|p1: Leafstorm121|Reflect
|move|p2a: Landorus-Therian|U-turn|p1a: Azelf
|-supereffective|p1a: Azelf
|-damage|p1a: Azelf|249\/354
|
|switch|p2a: Sceptile|Sceptile, F|282\/282
|-damage|p2a: Sceptile|247\/282|[from] Stealth Rock
|
|turn|3
|
|detailschange|p2a: Sceptile|Sceptile-Mega, F
|message|Sceptile has Mega Evolved into Mega Sceptile!
|move|p2a: Sceptile|Dragon Pulse|p1a: Azelf
|-damage|p1a: Azelf|27\/354
|move|p1a: Azelf|Light Screen|p1a: Azelf
|-sidestart|p1: Leafstorm121|move: Light Screen
|
|turn|4
|
|move|p2a: Sceptile|Giga Drain|p1a: Azelf
|-damage|p1a: Azelf|0 fnt
|-heal|p2a: Sceptile|261\/282|[from] drain|[of] p1a: Azelf
|faint|p1a: Azelf
|
|
|switch|p1a: Landorus|Landorus, M|320\/320
|-damage|p1a: Landorus|280\/320|[from] Stealth Rock
|turn|5
|
|switch|p2a: Chansey|Chansey, F|704\/704
|-damage|p2a: Chansey|616\/704|[from] Stealth Rock
|move|p1a: Landorus|Calm Mind|p1a: Landorus
|-boost|p1a: Landorus|spa|1
|-boost|p1a: Landorus|spd|1
|
|turn|6
|
|move|p1a: Landorus|Focus Blast|p2a: Chansey
|-supereffective|p2a: Chansey
|-damage|p2a: Chansey|210\/704
|move|p2a: Chansey|Seismic Toss|p1a: Landorus
|-damage|p1a: Landorus|180\/320
|
|turn|7
|
|move|p1a: Landorus|Earth Power|p2a: Chansey
|-damage|p2a: Chansey|0 fnt
|faint|p2a: Chansey
|
|
|switch|p2a: Rotom-Wash|Rotom-Wash|267\/267
|-damage|p2a: Rotom-Wash|234\/267|[from] Stealth Rock
|turn|8
|
|move|p2a: Rotom-Wash|Hydro Pump|p1a: Landorus
|-crit|p1a: Landorus
|-supereffective|p1a: Landorus
|-damage|p1a: Landorus|0 fnt
|faint|p1a: Landorus
|
|
|switch|p1a: Gyarados|Gyarados, F|332\/332
|-damage|p1a: Gyarados|249\/332|[from] Stealth Rock
|-ability|p1a: Gyarados|Intimidate|[of] p2a: Rotom-Wash
|-unboost|p2a: Rotom-Wash|atk|1
|turn|9
|
|switch|p2a: Mandibuzz|Mandibuzz, F|424\/424
|-damage|p2a: Mandibuzz|318\/424|[from] Stealth Rock
|move|p1a: Gyarados|Dragon Dance|p1a: Gyarados
|-boost|p1a: Gyarados|atk|1
|-boost|p1a: Gyarados|spe|1
|
|-heal|p2a: Mandibuzz|344\/424|[from] item: Leftovers
|-sideend|p1: Leafstorm121|Reflect
|turn|10
|
|detailschange|p1a: Gyarados|Gyarados-Mega, F
|message|Gyarados has Mega Evolved into Mega Gyarados!
|-ability|p1a: Gyarados|Mold Breaker
|move|p1a: Gyarados|Dragon Dance|p1a: Gyarados
|-boost|p1a: Gyarados|atk|1
|-boost|p1a: Gyarados|spe|1
|move|p2a: Mandibuzz|Foul Play|p1a: Gyarados
|-resisted|p1a: Gyarados
|-damage|p1a: Gyarados|50\/332
|
|-heal|p2a: Mandibuzz|370\/424|[from] item: Leftovers
|-sideend|p1: Leafstorm121|move: Light Screen
|turn|11
|
|move|p1a: Gyarados|Waterfall|p2a: Mandibuzz
|-damage|p2a: Mandibuzz|117\/424
|move|p2a: Mandibuzz|Foul Play|p1a: Gyarados
|-resisted|p1a: Gyarados
|-damage|p1a: Gyarados|0 fnt
|faint|p1a: Gyarados
|
|-heal|p2a: Mandibuzz|143\/424|[from] item: Leftovers
|
|switch|p1a: Greninja|Greninja, F|285\/285
|-damage|p1a: Greninja|250\/285|[from] Stealth Rock
|turn|12
|
|move|p1a: Greninja|Ice Beam|p2a: Mandibuzz
|-start|p1a: Greninja|typechange|Ice|[from] Protean
|-supereffective|p2a: Mandibuzz
|-damage|p2a: Mandibuzz|0 fnt
|-damage|p1a: Greninja|222\/285|[from] item: Life Orb
|faint|p2a: Mandibuzz
|
|
|switch|p2a: Rotom-Wash|Rotom-Wash|234\/267
|-damage|p2a: Rotom-Wash|201\/267|[from] Stealth Rock
|turn|13
|
|move|p2a: Rotom-Wash|Volt Switch|p1a: Greninja
|-damage|p1a: Greninja|72\/285
|
|switch|p2a: Dragonite|Dragonite, F|324\/324
|-damage|p2a: Dragonite|243\/324|[from] Stealth Rock
|move|p1a: Greninja|Gunk Shot|p2a: Dragonite
|-start|p1a: Greninja|typechange|Poison|[from] Protean
|-damage|p2a: Dragonite|58\/324
|-damage|p1a: Greninja|44\/285|[from] item: Life Orb
|
|turn|14
|
|move|p2a: Dragonite|Extreme Speed|p1a: Greninja
|-damage|p1a: Greninja|0 fnt
|faint|p1a: Greninja
|
|
|switch|p1a: Crawdaunt|Crawdaunt, F|268\/268
|-damage|p1a: Crawdaunt|235\/268|[from] Stealth Rock
|turn|15
|
|move|p2a: Dragonite|Extreme Speed|p1a: Crawdaunt
|-damage|p1a: Crawdaunt|48\/268
|move|p1a: Crawdaunt|Aqua Jet|p2a: Dragonite
|-resisted|p2a: Dragonite
|-damage|p2a: Dragonite|0 fnt
|-damage|p1a: Crawdaunt|22\/268|[from] item: Life Orb
|faint|p2a: Dragonite
|
|
|switch|p2a: Sceptile|Sceptile-Mega, F|261\/282
|-damage|p2a: Sceptile|226\/282|[from] Stealth Rock
|turn|16
|
|move|p2a: Sceptile|Giga Drain|p1a: Crawdaunt
|-supereffective|p1a: Crawdaunt
|-damage|p1a: Crawdaunt|0 fnt
|-heal|p2a: Sceptile|237\/282|[from] drain|[of] p1a: Crawdaunt
|faint|p1a: Crawdaunt
|
|c|âLeafstorm121|gg
|
|switch|p1a: Thundurus|Thundurus, M|300\/300
|-damage|p1a: Thundurus|225\/300|[from] Stealth Rock
|turn|17
|c|âNicowhaat|gg :)
|
|move|p2a: Sceptile|Dragon Pulse|p1a: Thundurus
|-damage|p1a: Thundurus|33\/300
|move|p1a: Thundurus|Hidden Power|p2a: Sceptile
|-supereffective|p2a: Sceptile
|-damage|p2a: Sceptile|0 fnt
|-damage|p1a: Thundurus|3\/300|[from] item: Life Orb
|faint|p2a: Sceptile
|
|
|switch|p2a: Rotom-Wash|Rotom-Wash|201\/267
|-damage|p2a: Rotom-Wash|168\/267|[from] Stealth Rock
|turn|18
|c|âNicowhaat|that was a quick one :o sorry for that crit
|
|move|p2a: Rotom-Wash|Volt Switch|p1a: Thundurus
|-damage|p1a: Thundurus|0 fnt
|faint|p1a: Thundurus
|
|win|Nicowhaat
|raw|Ladder updating...
|raw|Leafstorm121's rating: 1705 &rarr; <strong>1684<\/strong><br \/>(-21 for losing)
|raw|Nicowhaat's rating: 1687 &rarr; <strong>1708<\/strong><br \/>(+21 for winning)
|c|âLeafstorm121|whatever
|leave|Leafstorm121
|player|p1