|join|Leafstorm121
|join|much professional
|player|p1|Leafstorm121|34
|player|p2|much professional|1
|gametype|singles
|gen|6
|tier|OU (suspect test)
|rated
|clearpoke
|poke|p1|Azelf
|poke|p1|Gyarados, M
|poke|p1|Landorus, M
|poke|p1|Thundurus, M
|poke|p1|Scolipede, F
|poke|p1|Manaphy
|poke|p2|Breloom, M
|poke|p2|Scizor, M
|poke|p2|Crawdaunt, M
|poke|p2|Thundurus, M
|poke|p2|Landorus, M
|poke|p2|Lucario, M
|rule|Swagger Clause: Swagger is banned
|rule|Baton Pass Clause: Limit one PokÃ©mon knowing Baton Pass
|rule|Sleep Clause Mod: Limit one foe put to sleep
|rule|Species Clause: Limit one of each PokÃ©mon
|rule|OHKO Clause: OHKO moves are banned
|rule|Moody Clause: Moody is banned
|rule|Evasion Moves Clause: Evasion moves are banned
|rule|Endless Battle Clause: Forcing endless battles is banned
|rule|HP Percentage Mod: HP is shown in percentages
|teampreview
|
|start
|switch|p1a: Azelf|Azelf|354\/354
|switch|p2a: Breloom|Breloom, M|261\/261
|turn|1
|
|move|p1a: Azelf|Stealth Rock|p2a: Breloom
|-sidestart|p2: much professional|move: Stealth Rock
|move|p2a: Breloom|Bullet Seed|p1a: Azelf
|-damage|p1a: Azelf|229\/354
|-damage|p1a: Azelf|115\/354
|-damage|p1a: Azelf|0 fnt
|-hitcount|p1a: Azelf|3
|-damage|p2a: Breloom|235\/261|[from] item: Life Orb
|faint|p1a: Azelf
|
|
|switch|p1a: Thundurus|Thundurus, M|300\/300
|turn|2
|
|move|p1a: Thundurus|Hidden Power|p2a: Breloom
|-supereffective|p2a: Breloom
|-damage|p2a: Breloom|0 fnt
|-damage|p1a: Thundurus|270\/300|[from] item: Life Orb
|faint|p2a: Breloom
|
|
|switch|p2a: Crawdaunt|Crawdaunt, M|267\/267
|-damage|p2a: Crawdaunt|234\/267|[from] Stealth Rock
|turn|3
|
|move|p2a: Crawdaunt|Aqua Jet|p1a: Thundurus
|-damage|p1a: Thundurus|142\/300
|move|p1a: Thundurus|Thunderbolt|p2a: Crawdaunt
|-supereffective|p2a: Crawdaunt
|-damage|p2a: Crawdaunt|0 fnt
|-damage|p1a: Thundurus|112\/300|[from] item: Life Orb
|faint|p2a: Crawdaunt
|
|
|switch|p2a: Lucario|Lucario, M|281\/281
|-damage|p2a: Lucario|273\/281|[from] Stealth Rock
|turn|4
|
|move|p2a: Lucario|Extreme Speed|p1a: Thundurus
|-damage|p1a: Thundurus|0 fnt
|-damage|p2a: Lucario|245\/281|[from] item: Life Orb
|faint|p1a: Thundurus
|
|
|switch|p1a: Scolipede|Scolipede, F|323\/323
|turn|5
|
|move|p2a: Lucario|Ice Punch|p1a: Scolipede
|-crit|p1a: Scolipede
|-damage|p1a: Scolipede|179\/323
|-damage|p2a: Lucario|217\/281|[from] item: Life Orb
|move|p1a: Scolipede|Substitute|p1a: Scolipede
|-start|p1a: Scolipede|Substitute
|-damage|p1a: Scolipede|99\/323
|
|-heal|p1a: Scolipede|119\/323|[from] item: Black Sludge
|-boost|p1a: Scolipede|spe|1|[from] ability: Speed Boost
|turn|6
|
|move|p1a: Scolipede|Iron Defense|p1a: Scolipede
|-boost|p1a: Scolipede|def|2
|move|p2a: Lucario|Swords Dance|p2a: Lucario
|-boost|p2a: Lucario|atk|2
|
|-heal|p1a: Scolipede|139\/323|[from] item: Black Sludge
|-boost|p1a: Scolipede|spe|1|[from] ability: Speed Boost
|turn|7
|
|move|p2a: Lucario|Extreme Speed|p1a: Scolipede
|-end|p1a: Scolipede|Substitute
|-damage|p2a: Lucario|189\/281|[from] item: Life Orb
|move|p1a: Scolipede|Baton Pass|p1a: Scolipede
|
|switch|p1a: Landorus|Landorus, M|320\/320
|
|turn|8
|
|move|p1a: Landorus|Earth Power|p2a: Lucario
|-supereffective|p2a: Lucario
|-damage|p2a: Lucario|0 fnt
|faint|p2a: Lucario
|
|
|switch|p2a: Thundurus|Thundurus, M|299\/299
|-damage|p2a: Thundurus|225\/299|[from] Stealth Rock
|turn|9
|
|move|p1a: Landorus|Sludge Wave|p2a: Thundurus
|-damage|p2a: Thundurus|18\/299
|move|p2a: Thundurus|Hidden Power|p1a: Landorus
|-supereffective|p1a: Landorus
|-damage|p1a: Landorus|0 fnt
|faint|p1a: Landorus
|
|-heal|p2a: Thundurus|36\/299|[from] item: Leftovers
|
|switch|p1a: Gyarados|Gyarados, M|332\/332
|-ability|p1a: Gyarados|Intimidate|[of] p2a: Thundurus
|-unboost|p2a: Thundurus|atk|1
|turn|10
|
|detailschange|p1a: Gyarados|Gyarados-Mega, M
|-mega|p1a: Gyarados|Gyarados|Gyaradosite
|-ability|p1a: Gyarados|Mold Breaker
|move|p2a: Thundurus|Thunderbolt|p1a: Gyarados
|-supereffective|p1a: Gyarados
|-damage|p1a: Gyarados|60\/332
|move|p1a: Gyarados|Waterfall|p2a: Thundurus
|-damage|p2a: Thundurus|0 fnt
|faint|p2a: Thundurus
|
|
|switch|p2a: Landorus|Landorus, M|319\/319
|-damage|p2a: Landorus|280\/319|[from] Stealth Rock
|turn|11
|
|move|p2a: Landorus|Earth Power|p1a: Gyarados
|-damage|p1a: Gyarados|0 fnt
|faint|p1a: Gyarados
|
|
|switch|p1a: Scolipede|Scolipede, F|139\/323
|turn|12
|
|move|p1a: Scolipede|Protect|p1a: Scolipede
|-singleturn|p1a: Scolipede|Protect
|move|p2a: Landorus|Stealth Rock|p1a: Scolipede
|-sidestart|p1: Leafstorm121|move: Stealth Rock
|
|-heal|p1a: Scolipede|159\/323|[from] item: Black Sludge
|-boost|p1a: Scolipede|spe|1|[from] ability: Speed Boost
|turn|13
|
|move|p1a: Scolipede|Substitute|p1a: Scolipede
|-start|p1a: Scolipede|Substitute
|-damage|p1a: Scolipede|79\/323
|move|p2a: Landorus|Earth Power|p1a: Scolipede
|-end|p1a: Scolipede|Substitute
|
|-heal|p1a: Scolipede|99\/323|[from] item: Black Sludge
|-boost|p1a: Scolipede|spe|1|[from] ability: Speed Boost
|turn|14
|
|move|p1a: Scolipede|Baton Pass|p1a: Scolipede
|
|switch|p1a: Manaphy|Manaphy|404\/404
|-damage|p1a: Manaphy|354\/404|[from] Stealth Rock
|move|p2a: Landorus|Earth Power|p1a: Manaphy
|-damage|p1a: Manaphy|93\/404
|
|-heal|p1a: Manaphy|118\/404|[from] item: Leftovers
|turn|15
|
|move|p1a: Manaphy|Surf|p2a: Landorus
|-supereffective|p2a: Landorus
|-damage|p2a: Landorus|0 fnt
|faint|p2a: Landorus
|
|-heal|p1a: Manaphy|143\/404|[from] item: Leftovers
|
|switch|p2a: Scizor|Scizor, M|319\/319
|-damage|p2a: Scizor|280\/319|[from] Stealth Rock
|turn|16
|
|detailschange|p2a: Scizor|Scizor-Mega, M
|-mega|p2a: Scizor|Scizor|Scizorite
|move|p1a: Manaphy|Surf|p2a: Scizor
|-damage|p2a: Scizor|129\/319
|move|p2a: Scizor|Bug Bite|p1a: Manaphy
|-damage|p1a: Manaphy|0 fnt
|faint|p1a: Manaphy
|
|c|âmuch professional|hey leafstorm
|c|âLeafstorm121|gg
|c|âmuch professional|i'm a fan of yours
|c|âLeafstorm121|thanks
|
|switch|p1a: Scolipede|Scolipede, F|99\/323
|-damage|p1a: Scolipede|19\/323|[from] Stealth Rock
|turn|17
|c|âmuch professional|gg
|
|move|p2a: Scizor|Bullet Punch|p1a: Scolipede
|-damage|p1a: Scolipede|0 fnt
|faint|p1a: Scolipede
|
|win|much professional
|raw|Ladder updating...
|raw|Leafstorm121's rating: 1422 &rarr; <strong>1400<\/strong><br \/>(-22 for losing)
|raw|much professional's rating: 1378 &rarr; <strong>1400<\/strong><br \/>(+22 for winning)
|c|âmuch professional|i watch some of your replays
|c|âmuch professional|which is how i know how to counter this team