|join|Lando-T(itjob)
|join|MTL Manectric
|player|p1|Lando-T(itjob)|102
|player|p2|MTL Manectric|125
|gametype|singles
|gen|6
|tier|OU
|clearpoke
|poke|p1|Thundurus, M
|poke|p1|Tyranitar, F
|poke|p1|Landorus, M
|poke|p1|Keldeo
|poke|p1|Latios, M
|poke|p1|Charizard, M
|poke|p2|Bidoof, F
|rule|Swagger Clause: Swagger is banned
|rule|Baton Pass Clause: Limit one PokÃ©mon knowing Baton Pass
|rule|Sleep Clause Mod: Limit one foe put to sleep
|rule|Species Clause: Limit one of each PokÃ©mon
|rule|OHKO Clause: OHKO moves are banned
|rule|Moody Clause: Moody is banned
|rule|Evasion Moves Clause: Evasion moves are banned
|rule|Endless Battle Clause: Forcing endless battles is banned
|rule|HP Percentage Mod: HP is shown in percentages
|teampreview
|
|start
|switch|p1a: av Tyranitar|Tyranitar, F|341\/341
|switch|p2a: Bidoof|Bidoof, F|322\/322
|-weather|Sandstorm
|turn|1
|c|âMTL Manectric|trust me
|c|âMTL Manectric|he got this :]
|
|switch|p1a: av Landorus|Landorus, M|320\/320
|move|p2a: Bidoof|Charge Beam|p1a: av Landorus
|-immune|p1a: av Landorus|[msg]
|
|-weather|Sandstorm|[upkeep]
|-damage|p2a: Bidoof|302\/322|[from] sandstorm
|-heal|p2a: Bidoof|322\/322|[from] item: Leftovers
|turn|2
|c|âLando-T(itjob)|simple
|c|âLando-T(itjob)|obv
|c|âLando-T(itjob)|:)
|c|âMTL Manectric|the new meta is here
|
|switch|p1a: av Keldeo|Keldeo|323\/323
|move|p2a: Bidoof|Aqua Tail|p1a: av Keldeo
|-resisted|p1a: av Keldeo
|-damage|p1a: av Keldeo|287\/323
|
|-weather|Sandstorm|[upkeep]
|-damage|p1a: av Keldeo|267\/323|[from] sandstorm
|-damage|p2a: Bidoof|302\/322|[from] sandstorm
|-heal|p2a: Bidoof|322\/322|[from] item: Leftovers
|turn|3
|c|âMTL Manectric|im getting predicted oml
|
|switch|p1a: av Latios|Latios, M|301\/301
|move|p2a: Bidoof|Charge Beam|p1a: av Latios
|-resisted|p1a: av Latios
|-damage|p1a: av Latios|292\/301
|-boost|p2a: Bidoof|spa|2
|
|-weather|Sandstorm|[upkeep]
|-damage|p1a: av Latios|274\/301|[from] sandstorm
|-damage|p2a: Bidoof|302\/322|[from] sandstorm
|-heal|p2a: Bidoof|322\/322|[from] item: Leftovers
|turn|4
|
|switch|p1a: av Landorus|Landorus, M|320\/320
|move|p2a: Bidoof|Charge Beam|p1a: av Landorus
|-immune|p1a: av Landorus|[msg]
|
|-weather|Sandstorm|[upkeep]
|-damage|p2a: Bidoof|302\/322|[from] sandstorm
|-heal|p2a: Bidoof|322\/322|[from] item: Leftovers
|turn|5
|c|âMTL Manectric|y u do dis
|c|âLando-T(itjob)|y not
|
|switch|p1a: av Keldeo|Keldeo|267\/323
|move|p2a: Bidoof|Aqua Tail|p1a: av Keldeo
|-resisted|p1a: av Keldeo
|-damage|p1a: av Keldeo|231\/323
|
|-weather|none
|turn|6
|c|âMTL Manectric|;n;
|
|switch|p1a: av Latios|Latios, M|274\/301
|move|p2a: Bidoof|Aqua Tail|p1a: av Latios
|-resisted|p1a: av Latios
|-damage|p1a: av Latios|235\/301
|
|turn|7
|c|âMTL Manectric|its here
|c|âMTL Manectric|the god move is here
|c|âLando-T(itjob)|meh
|c|âLando-T(itjob)|teacher came in class
|c|âMTL Manectric|watch
|c|âMTL Manectric|the
|c|âMTL Manectric|ohko
|
|move|p1a: av Latios|Defog|p2a: Bidoof
|-unboost|p2a: Bidoof|evasion|2
|move|p2a: Bidoof|Tackle|p1a: av Latios
|-crit|p1a: av Latios
|-damage|p1a: av Latios|138\/301
|
|turn|8
|c|âMTL Manectric|aaaahhh
|c|âLando-T(itjob)|ur way 2 strong
|
|switch|p1a: av Charizard|Charizard, M|333\/333
|move|p2a: Bidoof|Tackle|p1a: av Charizard
|-damage|p1a: av Charizard|270\/333
|
|turn|9
|c|âMTL Manectric|:]
|
|move|p1a: av Charizard|Dragon Dance|p1a: av Charizard
|-boost|p1a: av Charizard|atk|1
|-boost|p1a: av Charizard|spe|1
|move|p2a: Bidoof|Charge Beam|p1a: av Charizard
|-supereffective|p1a: av Charizard
|-damage|p1a: av Charizard|180\/333
|-boost|p2a: Bidoof|spa|2
|
|turn|10
|
|move|p1a: av Charizard|Dragon Dance|p1a: av Charizard
|-boost|p1a: av Charizard|atk|1
|-boost|p1a: av Charizard|spe|1
|move|p2a: Bidoof|Charge Beam|p1a: av Charizard|[miss]
|-miss|p2a: Bidoof|p1a: av Charizard
|
|turn|11
|c|âLando-T(itjob)|i should forfeit
|c|âLando-T(itjob)|i cant win
|c|âMTL Manectric|:]
|
|detailschange|p1a: av Charizard|Charizard-Mega-X, M
|-mega|p1a: av Charizard|Charizard|Charizardite X
|move|p1a: av Charizard|Dragon Dance|p1a: av Charizard
|-boost|p1a: av Charizard|atk|1
|-boost|p1a: av Charizard|spe|1
|move|p2a: Bidoof|Charge Beam|p1a: av Charizard
|-resisted|p1a: av Charizard
|-damage|p1a: av Charizard|150\/333
|
|turn|12
|
|move|p1a: av Charizard|Dragon Dance|p1a: av Charizard
|-boost|p1a: av Charizard|atk|1
|-boost|p1a: av Charizard|spe|1
|move|p2a: Bidoof|Charge Beam|p1a: av Charizard
|-resisted|p1a: av Charizard
|-damage|p1a: av Charizard|117\/333
|-boost|p2a: Bidoof|spa|2
|
|turn|13
|
|move|p1a: av Charizard|Dragon Dance|p1a: av Charizard
|-boost|p1a: av Charizard|atk|1
|-boost|p1a: av Charizard|spe|1
|move|p2a: Bidoof|Tackle|p1a: av Charizard
|-damage|p1a: av Charizard|72\/333
|
|turn|14
|c|âLando-T(itjob)|btw whats ur 4th move
|c|âMTL Manectric|we there
|c|âLando-T(itjob)|charge beam\/aqua tail\/tackle
|c|âMTL Manectric|ready?
|
|move|p1a: av Charizard|Dragon Dance|p1a: av Charizard
|-boost|p1a: av Charizard|atk|1
|-boost|p1a: av Charizard|spe|1
|move|p2a: Bidoof|Double-Edge|p1a: av Charizard
|-damage|p1a: av Charizard|0 fnt
|-damage|p2a: Bidoof|298\/322|[from] recoil|[of] p1a: av Charizard
|faint|p1a: av Charizard
|
|-heal|p2a: Bidoof|318\/322|[from] item: Leftovers
|c|âMTL Manectric|AHHH
|
|switch|p1a: av Tyranitar|Tyranitar, F|341\/341
|-weather|Sandstorm
|turn|15
|c|âMTL Manectric|YUNG DOOFIUS
|c|âMTL Manectric|WITH THE KO
|c|âLando-T(itjob)|lel
|
|move|p1a: av Tyranitar|Pursuit|p2a: Bidoof
|-damage|p2a: Bidoof|159\/322
|move|p2a: Bidoof|Aqua Tail|p1a: av Tyranitar|[miss]
|-miss|p2a: Bidoof|p1a: av Tyranitar
|
|-weather|Sandstorm|[upkeep]
|-damage|p2a: Bidoof|139\/322|[from] sandstorm
|-heal|p2a: Bidoof|159\/322|[from] item: Leftovers
|turn|16
|c|âMTL Manectric|;n;
|c|âLando-T(itjob)|>>>>bulk,,,,
|c|âLando-T(itjob)|btw y u didnt switch
|c|âMTL Manectric|104 def
|
|switch|p1a: av Landorus|Landorus, M|320\/320
|move|p2a: Bidoof|Aqua Tail|p1a: av Landorus
|-supereffective|p1a: av Landorus
|-damage|p1a: av Landorus|184\/320
|
|-weather|Sandstorm|[upkeep]
|-damage|p2a: Bidoof|139\/322|[from] sandstorm
|-heal|p2a: Bidoof|159\/322|[from] item: Leftovers
|turn|17
|
|move|p1a: av Landorus|Hidden Power|p2a: Bidoof
|-crit|p2a: Bidoof
|-damage|p2a: Bidoof|0 fnt
|-damage|p1a: av Landorus|152\/320|[from] item: Life Orb
|faint|p2a: Bidoof
|
|win|Lando-T(itjob)
|c|âLando-T(itjob)|lel
|c|âLando-T(itjob)|gg
|c|âLando-T(itjob)|sry 4 haxwin
|c|âMTL Manectric|crit mattered
|c|âLando-T(itjob)|:c
|c|âMTL Manectric|lol
|c|âMTL Manectric|gg fren
|c|âLando-T(itjob)|sure it mattered
|c|âLando-T(itjob)|gg
|c|âMTL Manectric|post replay
|c|âLando-T(itjob)|;-;
|c|âMTL Manectric|lol
|leave|MTL Manectric
|player|p2