|join|lil manaphy
|join|MTL Manectric
|player|p1|lil manaphy|9
|player|p2|MTL Manectric|82
|gametype|singles
|gen|6
|tier|OU
|rated
|clearpoke
|poke|p1|Gardevoir, M
|poke|p1|Keldeo
|poke|p1|Amoonguss, F
|poke|p1|Chansey, F
|poke|p1|Mandibuzz, F
|poke|p1|Landorus-Therian, M
|poke|p2|Kyurem-Black
|poke|p2|Thundurus, M
|poke|p2|Azelf
|poke|p2|Pinsir, F
|poke|p2|Excadrill, F
|poke|p2|Keldeo
|rule|Swagger Clause: Swagger is banned
|rule|Baton Pass Clause: Limit one PokÃ©mon knowing Baton Pass
|rule|Sleep Clause Mod: Limit one foe put to sleep
|rule|Species Clause: Limit one of each PokÃ©mon
|rule|OHKO Clause: OHKO moves are banned
|rule|Moody Clause: Moody is banned
|rule|Evasion Moves Clause: Evasion moves are banned
|rule|Endless Battle Clause: Forcing endless battles is banned
|rule|HP Percentage Mod: HP is shown in percentages
|teampreview
|c|âMTL Manectric|omgomgomgomgomgomg
|join|Mega Magic Bounce
|join|Not Alkov
|c|âMTL Manectric|big phan
|c|âMTL Manectric|im scewerd tho
|c| Mega Magic Bounce|wow, it's lil manaphy
|c|âlil manaphy|who
|c| Mega Magic Bounce|yeah bro, you're screwed
|join|b0uff
|
|start
|switch|p1a: Keldeo|Keldeo|323\/323
|switch|p2a: Kyurem-Black|Kyurem-Black|437\/437
|-ability|p2a: Kyurem-Black|Teravolt
|turn|1
|c|âMTL Manectric|when in doubt
|c| Mega Magic Bounce|woah, 1821...
|c|âMTL Manectric|kyurem-aids
|join|MushMunkey
|join|like why2
|
|switch|p1a: Amoonguss|Amoonguss, F|432\/432
|switch|p2a: Azelf|Azelf|292\/292
|
|turn|2
|join|kektus
|
|move|p2a: Azelf|Stealth Rock|p1a: Amoonguss
|-sidestart|p1: lil manaphy|move: Stealth Rock
|move|p1a: Amoonguss|Giga Drain|p2a: Azelf
|-damage|p2a: Azelf|181\/292
|
|turn|3
|join|Z0moG
|join|smailey face
|c| Mega Magic Bounce|i faced ox the box earlier... needless to say, i lost
|join|Stupid fuckin bug
|c| MushMunkey|nobody fucking cares
|c| b0uff|ox the box sucks
|c|âMTL Manectric|wow
|c| Mega Magic Bounce|rude
|c| b0uff|he lost to shurt n the boys
|c|âMTL Manectric|what a friendly croud we have
|c| smailey face|sup breda
|
|move|p2a: Azelf|Fire Blast|p1a: Amoonguss
|-supereffective|p1a: Amoonguss
|-damage|p1a: Amoonguss|188\/432
|move|p1a: Amoonguss|Giga Drain|p2a: Azelf
|-damage|p2a: Azelf|78\/292
|-heal|p1a: Amoonguss|240\/432|[from] drain|[of] p2a: Azelf
|
|-heal|p1a: Amoonguss|267\/432|[from] item: Black Sludge
|turn|4
|c| smailey face|brb
|c|âMTL Manectric|my heart is pounding
|join|Alfredo Enchiladas
|
|switch|p1a: Landorus-Therian|Landorus-Therian, M|382\/382
|-damage|p1a: Landorus-Therian|335\/382|[from] Stealth Rock
|-ability|p1a: Landorus-Therian|Intimidate|[of] p2a: Azelf
|-unboost|p2a: Azelf|atk|1
|move|p2a: Azelf|Explosion|p1a: Landorus-Therian
|-damage|p1a: Landorus-Therian|195\/382
|faint|p2a: Azelf
|
|-heal|p1a: Landorus-Therian|218\/382|[from] item: Leftovers
|c|âMTL Manectric|oml his inside
|
|switch|p2a: Keldeo|Keldeo|323\/323
|turn|5
|c| Alfredo Enchiladas|careful
|
|switch|p2a: Thundurus|Thundurus, M|299\/299
|switch|p1a: Amoonguss|Amoonguss, F|411\/432
|-damage|p1a: Amoonguss|357\/432|[from] Stealth Rock
|
|-heal|p1a: Amoonguss|384\/432|[from] item: Black Sludge
|turn|6
|
|move|p2a: Thundurus|Taunt|p1a: Amoonguss
|-start|p1a: Amoonguss|move: Taunt
|cant|p1a: Amoonguss|move: Taunt|Spore
|
|-heal|p1a: Amoonguss|411\/432|[from] item: Black Sludge
|turn|7
|c| Alfredo Enchiladas|not gud
|
|switch|p1a: Chansey|Chansey, F|703\/703
|-damage|p1a: Chansey|616\/703|[from] Stealth Rock
|move|p2a: Thundurus|Knock Off|p1a: Chansey
|-damage|p1a: Chansey|446\/703
|-enditem|p1a: Chansey|Eviolite|[from] move: Knock Off|[of] p2a: Thundurus
|-damage|p2a: Thundurus|270\/299|[from] item: Life Orb
|
|turn|8
|c| Alfredo Enchiladas|gud
|c| b0uff|you guys are shit lol i play RU in SPL im better than all of you
|c| Alfredo Enchiladas|very gud
|c|âMTL Manectric|yea ik
|
|move|p2a: Thundurus|Taunt|p1a: Chansey
|-start|p1a: Chansey|move: Taunt
|cant|p1a: Chansey|move: Taunt|Wish
|
|turn|9
|
|move|p2a: Thundurus|Volt Switch|p1a: Chansey
|-damage|p1a: Chansey|313\/703
|-damage|p2a: Thundurus|241\/299|[from] item: Life Orb
|c| b0uff|i claim my battle wins in the name of odd future
|
|switch|p2a: Pinsir|Pinsir, F|272\/272
|move|p1a: Chansey|Seismic Toss|p2a: Pinsir
|-damage|p2a: Pinsir|172\/272
|
|turn|10
|c| Mega Magic Bounce|\/\/rank b0uff
|c| Z0moG|bouff=idiot loser idiot
|
|detailschange|p2a: Pinsir|Pinsir-Mega, F
|-mega|p2a: Pinsir|Pinsir|Pinsirite
|move|p2a: Pinsir|Frustration|p1a: Chansey
|-damage|p1a: Chansey|0 fnt
|faint|p1a: Chansey
|
|c| Mega Magic Bounce|lol
|
|switch|p1a: Mandibuzz|Mandibuzz, F|423\/423
|-damage|p1a: Mandibuzz|318\/423|[from] Stealth Rock
|turn|11
|
|switch|p2a: Thundurus|Thundurus, M|241\/299
|move|p1a: Mandibuzz|Defog|p2a: Thundurus
|-unboost|p2a: Thundurus|evasion|1
|-sideend|p1: lil manaphy|Stealth Rock|[from] move: Defog|[of] p1a: Mandibuzz
|
|turn|12
|
|switch|p1a: Amoonguss|Amoonguss, F|432\/432
|move|p2a: Thundurus|Knock Off|p1a: Amoonguss
|-damage|p1a: Amoonguss|318\/432
|-enditem|p1a: Amoonguss|Black Sludge|[from] move: Knock Off|[of] p2a: Thundurus
|-damage|p2a: Thundurus|212\/299|[from] item: Life Orb
|
|turn|13
|
|move|p2a: Thundurus|Taunt|p1a: Amoonguss
|-start|p1a: Amoonguss|move: Taunt
|move|p1a: Amoonguss|Clear Smog|p2a: Thundurus
|-damage|p2a: Thundurus|145\/299
|-clearboost|p2a: Thundurus
|
|turn|14
|c|âMTL Manectric|thanks fren :]
|
|move|p2a: Thundurus|Volt Switch|p1a: Amoonguss
|-resisted|p1a: Amoonguss
|-damage|p1a: Amoonguss|222\/432
|-damage|p2a: Thundurus|116\/299|[from] item: Life Orb
|c| Alfredo Enchiladas|[:
|
|switch|p2a: Kyurem-Black|Kyurem-Black|437\/437
|-ability|p2a: Kyurem-Black|Teravolt
|move|p1a: Amoonguss|Clear Smog|p2a: Kyurem-Black
|-damage|p2a: Kyurem-Black|403\/437
|-clearboost|p2a: Kyurem-Black
|
|turn|15
|c| Mega Magic Bounce|i wonder if mob barley is battling
|
|switch|p1a: Keldeo|Keldeo|323\/323
|move|p2a: Kyurem-Black|Fusion Bolt|p1a: Keldeo
|-supereffective|p1a: Keldeo
|-damage|p1a: Keldeo|43\/323
|
|-heal|p1a: Keldeo|63\/323|[from] item: Leftovers
|turn|16
|c|âMTL Manectric|im inside
|c| Alfredo Enchiladas|swith
|
|switch|p1a: Landorus-Therian|Landorus-Therian, M|218\/382
|-ability|p1a: Landorus-Therian|Intimidate|[of] p2a: Kyurem-Black
|-unboost|p2a: Kyurem-Black|atk|1
|switch|p2a: Thundurus|Thundurus, M|116\/299
|
|-heal|p1a: Landorus-Therian|241\/382|[from] item: Leftovers
|turn|17
|c| Mega Magic Bounce|incoming lando-t
|
|switch|p1a: Amoonguss|Amoonguss, F|366\/432
|move|p2a: Thundurus|Knock Off|p1a: Amoonguss
|-damage|p1a: Amoonguss|296\/432
|-damage|p2a: Thundurus|87\/299|[from] item: Life Orb
|
|turn|18
|c| Mega Magic Bounce|happened before i sent it lol
|
|move|p2a: Thundurus|Taunt|p1a: Amoonguss
|-start|p1a: Amoonguss|move: Taunt
|move|p1a: Amoonguss|Clear Smog|p2a: Thundurus
|-damage|p2a: Thundurus|29\/299
|-clearboost|p2a: Thundurus
|
|turn|19
|
|switch|p2a: Kyurem-Black|Kyurem-Black|403\/437
|-ability|p2a: Kyurem-Black|Teravolt
|move|p1a: Amoonguss|Giga Drain|p2a: Kyurem-Black
|-resisted|p2a: Kyurem-Black
|-damage|p2a: Kyurem-Black|379\/437
|-heal|p1a: Amoonguss|308\/432|[from] drain|[of] p2a: Kyurem-Black
|
|turn|20
|c|âMTL Manectric|im really scared rn
|c| Alfredo Enchiladas|beam
|c|âMTL Manectric|tbh honest
|c|âMTL Manectric|ben
|c|âMTL Manectric|get the fuck out
|
|switch|p1a: Gardevoir|Gardevoir, M|277\/277
|-ability|p1a: Gardevoir|Teravolt|[from] ability: Trace|[of] p2a: Kyurem-Black
|-ability|p1a: Gardevoir|Teravolt
|move|p2a: Kyurem-Black|Ice Beam|p1a: Gardevoir
|-damage|p1a: Gardevoir|138\/277
|-status|p1a: Gardevoir|frz
|
|turn|21
|c|âMTL Manectric|oml
|c|âlil manaphy|comn on
|c| the Infant meme|oqned
|c|âMTL Manectric|sorry
|c| Mega Magic Bounce|lucky
|c|âMTL Manectric|dude
|c| Alfredo Enchiladas|if u real, u switch to darmanatan here
|c|âMTL Manectric|im so sorry
|c|âlil manaphy|can you not
|
|detailschange|p1a: Gardevoir|Gardevoir-Mega, M
|-mega|p1a: Gardevoir|Gardevoir|Gardevoirite
|cant|p1a: Gardevoir|frz
|move|p2a: Kyurem-Black|Ice Beam|p1a: Gardevoir
|-damage|p1a: Gardevoir|20\/277 frz
|
|turn|22
|
|cant|p1a: Gardevoir|frz
|move|p2a: Kyurem-Black|Ice Beam|p1a: Gardevoir
|-damage|p1a: Gardevoir|0 fnt
|faint|p1a: Gardevoir
|
|
|switch|p1a: Keldeo|Keldeo|63\/323
|turn|23
|c|âlil manaphy|bg
|
|switch|p2a: Thundurus|Thundurus, M|29\/299
|move|p1a: Keldeo|Secret Sword|p2a: Thundurus
|-crit|p2a: Thundurus
|-resisted|p2a: Thundurus
|-damage|p2a: Thundurus|0 fnt
|faint|p2a: Thundurus
|
|-heal|p1a: Keldeo|83\/323|[from] item: Leftovers
|c| Alfredo Enchiladas|chris if u real, u got hp fairy
|c|âMTL Manectric|ik
|
|switch|p2a: Pinsir|Pinsir-Mega, F|172\/272
|turn|24
|
|switch|p1a: Mandibuzz|Mandibuzz, F|318\/423
|move|p2a: Pinsir|Quick Attack|p1a: Mandibuzz
|-damage|p1a: Mandibuzz|242\/423
|-damage|p2a: Pinsir|127\/272|[from] item: Rocky Helmet|[of] p1a: Mandibuzz
|
|turn|25
|c| the Infant meme|gg i win
|
|switch|p2a: Keldeo|Keldeo|323\/323
|move|p1a: Mandibuzz|Roost|p1a: Mandibuzz
|-heal|p1a: Mandibuzz|423\/423
|
|turn|26
|
|switch|p2a: Kyurem-Black|Kyurem-Black|379\/437
|-ability|p2a: Kyurem-Black|Teravolt
|switch|p1a: Amoonguss|Amoonguss, F|432\/432
|
|turn|27
|
|move|p2a: Kyurem-Black|Ice Beam|p1a: Amoonguss
|-supereffective|p1a: Amoonguss
|-damage|p1a: Amoonguss|90\/432
|move|p1a: Amoonguss|Spore|p2a: Kyurem-Black
|-status|p2a: Kyurem-Black|slp
|
|turn|28
|join|sdsdss
|
|switch|p2a: Excadrill|Excadrill, F|361\/361
|-ability|p2a: Excadrill|Mold Breaker
|switch|p1a: Keldeo|Keldeo|83\/323
|
|-heal|p1a: Keldeo|103\/323|[from] item: Leftovers
|turn|29
|leave|Z0moG
|
|switch|p1a: Landorus-Therian|Landorus-Therian, M|241\/382
|-ability|p1a: Landorus-Therian|Intimidate|[of] p2a: Excadrill
|-unboost|p2a: Excadrill|atk|1
|move|p2a: Excadrill|Earthquake|p1a: Landorus-Therian
|-immune|p1a: Landorus-Therian|[msg]
|
|-heal|p1a: Landorus-Therian|264\/382|[from] item: Leftovers
|turn|30
|c|âMTL Manectric|oml
|
|switch|p2a: Keldeo|Keldeo|323\/323
|move|p1a: Landorus-Therian|Stealth Rock|p2a: Keldeo
|-sidestart|p2: MTL Manectric|move: Stealth Rock
|
|-heal|p1a: Landorus-Therian|287\/382|[from] item: Leftovers
|turn|31
|
|switch|p1a: Amoonguss|Amoonguss, F|234\/432
|move|p2a: Keldeo|Scald|p1a: Amoonguss
|-resisted|p1a: Amoonguss
|-damage|p1a: Amoonguss|105\/432
|
|turn|32
|c| Alfredo Enchiladas|ooooh
|c| Alfredo Enchiladas|free scald here
|join|req'd by crobro
|c|âMTL Manectric|ben
|c| Mega Magic Bounce|dat specs damage though...
|c|âMTL Manectric|get
|
|switch|p1a: Mandibuzz|Mandibuzz, F|423\/423
|move|p2a: Keldeo|Scald|p1a: Mandibuzz
|-damage|p1a: Mandibuzz|198\/423
|-status|p1a: Mandibuzz|brn
|
|-damage|p1a: Mandibuzz|146\/423 brn|[from] brn
|turn|33
|c|âMTL Manectric|out
|join|PikachuCandy
|c| PikachuCandy|hey manaphy
|c|âMTL Manectric|ouchie
|c| Alfredo Enchiladas|ooooh
|
|move|p2a: Keldeo|Scald|p1a: Mandibuzz
|-crit|p1a: Mandibuzz
|-damage|p1a: Mandibuzz|0 fnt
|faint|p1a: Mandibuzz
|
|join|Z0moG
|
|switch|p1a: Amoonguss|Amoonguss, F|249\/432
|turn|34
|c| Alfredo Enchiladas|gign
|c| Alfredo Enchiladas|gign m8n
|c|âMTL Manectric|dude im sorry
|c| PikachuCandy|Ohh look who it is
|c| Mega Magic Bounce|gg m8s
|
|switch|p2a: Excadrill|Excadrill, F|361\/361
|-damage|p2a: Excadrill|350\/361|[from] Stealth Rock
|-ability|p2a: Excadrill|Mold Breaker
|move|p1a: Amoonguss|Giga Drain|p2a: Excadrill
|-damage|p2a: Excadrill|244\/361
|-heal|p1a: Amoonguss|302\/432|[from] drain|[of] p2a: Excadrill
|
|turn|35
|
|switch|p1a: Landorus-Therian|Landorus-Therian, M|287\/382
|-ability|p1a: Landorus-Therian|Intimidate|[of] p2a: Excadrill
|-unboost|p2a: Excadrill|atk|1
|move|p2a: Excadrill|Rapid Spin|p1a: Landorus-Therian
|-crit|p1a: Landorus-Therian
|-damage|p1a: Landorus-Therian|259\/382
|-sideend|p2: MTL Manectric|Stealth Rock|[from] move: Rapid Spin|[of] p2a: Excadrill
|
|-heal|p1a: Landorus-Therian|282\/382|[from] item: Leftovers
|turn|36
|
|switch|p2a: Keldeo|Keldeo|323\/323
|move|p1a: Landorus-Therian|Stealth Rock|p2a: Keldeo
|-sidestart|p2: MTL Manectric|move: Stealth Rock
|
|-heal|p1a: Landorus-Therian|305\/382|[from] item: Leftovers
|turn|37
|
|switch|p1a: Amoonguss|Amoonguss, F|432\/432
|move|p2a: Keldeo|Icy Wind|p1a: Amoonguss
|-supereffective|p1a: Amoonguss
|-damage|p1a: Amoonguss|184\/432
|-unboost|p1a: Amoonguss|spe|1
|
|turn|38
|c| Z0moG|rekt.
|c| the Infant meme|owned
|
|switch|p1a: Keldeo|Keldeo|103\/323
|move|p2a: Keldeo|Icy Wind|p1a: Keldeo
|-resisted|p1a: Keldeo
|-damage|p1a: Keldeo|46\/323
|-unboost|p1a: Keldeo|spe|1
|
|-heal|p1a: Keldeo|66\/323|[from] item: Leftovers
|turn|39
|c| Alfredo Enchiladas|gign m8n
|c| PikachuCandy|kill her <\/3
|c| PikachuCandy|Go MTL!
|join|Mistaken
|c| the Infant meme|use icy win again
|c| the Infant meme|fwee win
|c| Alfredo Enchiladas|mtl beats lil manaphy
|c| Alfredo Enchiladas|smogon just broke
|c| PikachuCandy|use scald
|
|move|p2a: Keldeo|Icy Wind|p1a: Keldeo
|-miss|p2a: Keldeo|p1a: Keldeo
|move|p1a: Keldeo|Secret Sword|p2a: Keldeo
|-damage|p2a: Keldeo|155\/323
|
|-heal|p1a: Keldeo|86\/323|[from] item: Leftovers
|turn|40
|c|âlil manaphy|"beat"
|c| the Infant meme|wgar rge fycj
|c| PikachuCandy|scald!
|c| the Infant meme|gax
|
|switch|p2a: Kyurem-Black|Kyurem-Black|379\/437 slp
|-damage|p2a: Kyurem-Black|270\/437 slp|[from] Stealth Rock
|-ability|p2a: Kyurem-Black|Teravolt
|move|p1a: Keldeo|Secret Sword|p2a: Kyurem-Black
|-supereffective|p2a: Kyurem-Black
|-damage|p2a: Kyurem-Black|0 fnt
|faint|p2a: Kyurem-Black
|
|-heal|p1a: Keldeo|106\/323|[from] item: Leftovers
|c| the Infant meme|hax
|c| Z0moG|manaphy = hacker
|c|âlil manaphy|freeze hax
|c| Z0moG|b\
|c| Z0moG|t
|c| Z0moG|w
|join|asdfCookie
|join|haxy the child
|
|switch|p2a: Excadrill|Excadrill, F|244\/361
|-damage|p2a: Excadrill|233\/361|[from] Stealth Rock
|-ability|p2a: Excadrill|Mold Breaker
|turn|41
|join|Demandred
|c| haxy the child|your lucky
|
|switch|p1a: Landorus-Therian|Landorus-Therian, M|305\/382
|-ability|p1a: Landorus-Therian|Intimidate|[of] p2a: Excadrill
|-unboost|p2a: Excadrill|atk|1
|move|p2a: Excadrill|Iron Head|p1a: Landorus-Therian
|-crit|p1a: Landorus-Therian
|-damage|p1a: Landorus-Therian|139\/382
|
|-heal|p1a: Landorus-Therian|162\/382|[from] item: Leftovers
|turn|42
|join|b0uff 2
|c|âlil manaphy|i disagree
|
|move|p2a: Excadrill|Iron Head|p1a: Landorus-Therian
|-damage|p1a: Landorus-Therian|86\/382
|cant|p1a: Landorus-Therian|flinch
|
|-heal|p1a: Landorus-Therian|109\/382|[from] item: Leftovers
|turn|43
|c| Mega Magic Bounce|so
|
|move|p2a: Excadrill|Iron Head|p1a: Landorus-Therian
|-damage|p1a: Landorus-Therian|28\/382
|cant|p1a: Landorus-Therian|flinch
|
|-heal|p1a: Landorus-Therian|51\/382|[from] item: Leftovers
|turn|44
|c| req'd by crobro|lol
|c| b0uff 2|i play RU  in spl im better than all of u lol
|c| Mega Magic Bounce|much
|c| Mega Magic Bounce|hax
|c|âMTL Manectric|oml
|c| Alfredo Enchiladas|wow
|join|I Iike Squirtles
|c| PikachuCandy|lel
|c| Z0moG|lo l
|c| Alfredo Enchiladas|omg
|
|switch|p1a: Amoonguss|Amoonguss, F|328\/432
|move|p2a: Excadrill|Iron Head|p1a: Amoonguss
|-damage|p1a: Amoonguss|237\/432
|
|turn|45
|c| PikachuCandy|disagree more
|c| PikachuCandy|spore.?
|
|switch|p2a: Pinsir|Pinsir-Mega, F|127\/272
|-damage|p2a: Pinsir|0 fnt|[from] Stealth Rock
|faint|p2a: Pinsir
|move|p1a: Amoonguss|Spore|p2: Pinsir|[notarget]
|-notarget
|
|c| Alfredo Enchiladas|manaphy has had a rough day
|
|switch|p2a: Keldeo|Keldeo|155\/323
|-damage|p2a: Keldeo|135\/323|[from] Stealth Rock
|turn|46
|c| PikachuCandy|Ohh I see
|c| Z0moG|who cares
|c| Z0moG|manaphy wont be my gf!
|
|switch|p1a: Keldeo|Keldeo|106\/323
|move|p2a: Keldeo|Icy Wind|p1a: Keldeo
|-crit|p1a: Keldeo
|-resisted|p1a: Keldeo
|-damage|p1a: Keldeo|25\/323
|-unboost|p1a: Keldeo|spe|1
|
|-heal|p1a: Keldeo|45\/323|[from] item: Leftovers
|turn|47
|c|âMTL Manectric|oml
|c| req'd by crobro|lol
|c| PikachuCandy|mine either
|c|âMTL Manectric|hax love me
|c| Mega Magic Bounce|lol
|c| PikachuCandy|smg
|
|move|p2a: Keldeo|Icy Wind|p1a: Keldeo
|-resisted|p1a: Keldeo
|-damage|p1a: Keldeo|0 fnt
|faint|p1a: Keldeo
|
|join|el hacker
|
|switch|p1a: Amoonguss|Amoonguss, F|381\/432
|turn|48
|c|âMTL Manectric|yes
|c| PikachuCandy|lel
|join|Polarance
|c| PikachuCandy|run!
|c| Mega Magic Bounce|the hax gods givith
|
|move|p2a: Keldeo|Icy Wind|p1a: Amoonguss
|-supereffective|p1a: Amoonguss
|-damage|p1a: Amoonguss|135\/432
|-unboost|p1a: Amoonguss|spe|1
|move|p1a: Amoonguss|Giga Drain|p2a: Keldeo
|-supereffective|p2a: Keldeo
|-damage|p2a: Keldeo|0 fnt
|-heal|p1a: Amoonguss|203\/432|[from] drain|[of] p2a: Keldeo
|faint|p2a: Keldeo
|
|join|mush the adult
|c| Mega Magic Bounce|the hax gods taketh away
|
|switch|p2a: Excadrill|Excadrill, F|233\/361
|-damage|p2a: Excadrill|222\/361|[from] Stealth Rock
|-ability|p2a: Excadrill|Mold Breaker
|turn|49
|c| Z0moG|sd and reveal expert belt
|
|switch|p1a: Landorus-Therian|Landorus-Therian, M|51\/382
|-ability|p1a: Landorus-Therian|Intimidate|[of] p2a: Excadrill
|-unboost|p2a: Excadrill|atk|1
|move|p2a: Excadrill|Iron Head|p1a: Landorus-Therian
|-damage|p1a: Landorus-Therian|0 fnt
|faint|p1a: Landorus-Therian
|
|
|switch|p1a: Amoonguss|Amoonguss, F|347\/432
|turn|50
|c| Alfredo Enchiladas|u might lose chris
|
|move|p2a: Excadrill|Iron Head|p1a: Amoonguss
|-damage|p1a: Amoonguss|250\/432
|cant|p1a: Amoonguss|flinch
|
|turn|51
|
|move|p2a: Excadrill|Iron Head|p1a: Amoonguss
|-damage|p1a: Amoonguss|165\/432
|cant|p1a: Amoonguss|flinch
|
|turn|52
|c| Z0moG|oLo
|c| req'd by crobro|lol
|c| req'd by crobro|lol
|
|move|p2a: Excadrill|Iron Head|p1a: Amoonguss
|-damage|p1a: Amoonguss|83\/432
|move|p1a: Amoonguss|Spore|p2a: Excadrill
|-status|p2a: Excadrill|slp
|
|turn|53
|c| PikachuCandy|gg
|c| Z0moG|O L O
|c| Z0moG|damn
|c|âMTL Manectric|nuuu
|c| Alfredo Enchiladas|gg
|
|cant|p2a: Excadrill|slp
|move|p1a: Amoonguss|Hidden Power|p2a: Excadrill
|-supereffective|p2a: Excadrill
|-damage|p2a: Excadrill|110\/361 slp
|
|turn|54
|c| Mega Magic Bounce|finally
|c| PikachuCandy|!!
|
|cant|p2a: Excadrill|slp
|move|p1a: Amoonguss|Hidden Power|p2a: Excadrill
|-supereffective|p2a: Excadrill
|-damage|p2a: Excadrill|2\/361 slp
|
|turn|55
|c| PikachuCandy|!!!
|c| PikachuCandy|!!
|
|cant|p2a: Excadrill|slp
|move|p1a: Amoonguss|Giga Drain|p2a: Excadrill
|-damage|p2a: Excadrill|0 fnt
|-heal|p1a: Amoonguss|84\/432|[from] drain|[of] p2a: Excadrill
|faint|p2a: Excadrill
|
|win|lil manaphy
|raw|Ladder updating...
|raw|lil manaphy's rating: 1821 &rarr; <strong>1831<\/strong><br \/>(+10 for winning)
|raw|MTL Manectric's rating: 1638 &rarr; <strong>1627<\/strong><br \/>(-11 for losing)
|c|âlil manaphy|fuck you
|c| PikachuCandy|gg
|c|âMTL Manectric|fuck
|c| Alfredo Enchiladas|wow
|c| Mega Magic Bounce|gg
|c|âMTL Manectric|gg
|leave|Bouff Reqs
|c|âMTL Manectric|i almost won
|c| Alfredo Enchiladas|that was so fuckin close
|leave|req'd by crobro
|c|âMTL Manectric|i choked
|c| Mega Magic Bounce|close game
|c|âlil manaphy|fucking
|c|âlil manaphy|fives flinches
|c|âMTL Manectric|pinsir was win
|leave|b0uff 2
|c|âlil manaphy|and a freeze
|c|âMTL Manectric|mhm
|c| el hacker|lil hackaphy
|c| Mega Magic Bounce|how many crits?
|c|âMTL Manectric|lov u too
|c| el hacker|ur a hacker lil mana
|leave|Polarance
|leave|PikachuCandy
|c| Mega Magic Bounce|lil manaphy
|c| Mega Magic Bounce|me next?
|leave|lil manaphy
|player|p1
|c|âMTL Manectric|lol
|leave|Alfredo Enchiladas
|leave|MTL Manectric
|player|p2
|c| Mega Magic Bounce|guess not
|leave|I Iike Squirtles
|leave|Mega Magic Bounce