|join|Mrs King
|join|YoNegga
|player|p1|Mrs King|275
|player|p2|YoNegga|68
|gametype|singles
|gen|6
|tier|UU
|rated
|rule|Sleep Clause Mod: Limit one foe put to sleep
|rule|Species Clause: Limit one of each PokÃ©mon
|rule|OHKO Clause: OHKO moves are banned
|rule|Moody Clause: Moody is banned
|rule|Evasion Moves Clause: Evasion moves are banned
|rule|Endless Battle Clause: Forcing endless battles is banned
|rule|HP Percentage Mod: HP is shown in percentages
|clearpoke
|poke|p1|Chandelure, F
|poke|p1|Florges, F
|poke|p1|Swampert, M
|poke|p1|Shaymin
|poke|p1|Forretress, F
|poke|p1|Lucario, F
|poke|p2|Medicham, M, shiny
|poke|p2|Entei, shiny
|poke|p2|Sigilyph, M, shiny
|poke|p2|Vaporeon, M, shiny
|poke|p2|Galvantula, M, shiny
|poke|p2|Forretress, M, shiny
|rule|Swagger Clause: Swagger is banned
|rule|Baton Pass Clause: Limit one PokÃ©mon knowing Baton Pass
|teampreview
|c|âMrs King|gl hf
|join|TIMETOTIPTHESCALE
|
|start
|switch|p1a: sp00k|Chandelure, F|261\/261
|switch|p2a: Galvantula|Galvantula, M, shiny|282\/282
|turn|1
|
|move|p1a: sp00k|Shadow Ball|p2a: Galvantula
|-damage|p2a: Galvantula|47\/282
|-unboost|p2a: Galvantula|spd|1
|move|p2a: Galvantula|Thunder Wave|p1a: sp00k
|-status|p1a: sp00k|par
|
|turn|2
|
|move|p2a: Galvantula|Sticky Web|p1a: sp00k
|-sidestart|p1: Mrs King|move: Sticky Web
|move|p1a: sp00k|Shadow Ball|p2a: Galvantula
|-damage|p2a: Galvantula|0 fnt
|faint|p2a: Galvantula
|
|c| TIMETOTIPTHESCALE|Checkmate!
|
|switch|p2a: Forretress|Forretress, M, shiny|354\/354
|turn|3
|
|move|p2a: Forretress|Stealth Rock|p1a: sp00k
|-sidestart|p1: Mrs King|move: Stealth Rock
|move|p1a: sp00k|Shadow Ball|p2a: Forretress
|-damage|p2a: Forretress|108\/354
|-enditem|p2a: Forretress|Red Card|[of] p1a: sp00k
|drag|p1a: Steve|Lucario, F|281\/281
|-damage|p1a: Steve|273\/281|[from] Stealth Rock
|-activate|p1a: Steve|move: Sticky Web
|-unboost|p1a: Steve|spe|1
|
|turn|4
|
|move|p1a: Steve|Close Combat|p2a: Forretress
|-damage|p2a: Forretress|0 fnt
|-unboost|p1a: Steve|def|1
|-unboost|p1a: Steve|spd|1
|-damage|p1a: Steve|245\/281|[from] item: Life Orb
|faint|p2a: Forretress
|
|c| TIMETOTIPTHESCALE|Here's how it's done!
|
|switch|p2a: Sigilyph|Sigilyph, M, shiny|347\/347
|turn|5
|
|move|p2a: Sigilyph|Cosmic Power|p2a: Sigilyph
|-boost|p2a: Sigilyph|def|1
|-boost|p2a: Sigilyph|spd|1
|move|p1a: Steve|Crunch|p2a: Sigilyph
|-supereffective|p2a: Sigilyph
|-damage|p2a: Sigilyph|162\/347
|-damage|p1a: Steve|217\/281|[from] item: Life Orb
|
|-status|p2a: Sigilyph|brn|[from] item: Flame Orb
|turn|6
|
|move|p2a: Sigilyph|Psycho Shift|p1a: Steve
|-status|p1a: Steve|brn
|-curestatus|p2a: Sigilyph|brn
|move|p1a: Steve|Crunch|p2a: Sigilyph
|-supereffective|p2a: Sigilyph
|-damage|p2a: Sigilyph|68\/347
|-damage|p1a: Steve|189\/281 brn|[from] item: Life Orb
|
|-damage|p1a: Steve|154\/281 brn|[from] brn
|-status|p2a: Sigilyph|brn|[from] item: Flame Orb
|turn|7
|
|move|p1a: Steve|Extreme Speed|p2a: Sigilyph
|-damage|p2a: Sigilyph|20\/347 brn
|-damage|p1a: Steve|126\/281 brn|[from] item: Life Orb
|move|p2a: Sigilyph|Roost|p2a: Sigilyph
|-heal|p2a: Sigilyph|194\/347 brn
|
|-damage|p1a: Steve|91\/281 brn|[from] brn
|turn|8
|c|âMrs King|crit
|c|âMrs King|crit
|c|âMrs King|crit
|c|âMrs King|crit
|c|âMrs King|crit
|c|âMrs King|crit
|c|âMrs King|crit
|c|âMrs King|crit
|c|âMrs King|crit
|c|âMrs King|crit
|c|âMrs King|crit
|c|âMrs King|crit
|
|move|p2a: Sigilyph|Roost|p2a: Sigilyph
|-heal|p2a: Sigilyph|347\/347 brn
|move|p1a: Steve|Crunch|p2a: Sigilyph
|-supereffective|p2a: Sigilyph
|-damage|p2a: Sigilyph|251\/347 brn
|-unboost|p2a: Sigilyph|def|1
|-damage|p1a: Steve|63\/281 brn|[from] item: Life Orb
|
|-damage|p1a: Steve|28\/281 brn|[from] brn
|turn|9
|
|move|p2a: Sigilyph|Cosmic Power|p2a: Sigilyph
|-boost|p2a: Sigilyph|def|1
|-boost|p2a: Sigilyph|spd|1
|move|p1a: Steve|Crunch|p2a: Sigilyph
|-supereffective|p2a: Sigilyph
|-damage|p2a: Sigilyph|157\/347 brn
|-damage|p1a: Steve|0 fnt|[from] item: Life Orb
|faint|p1a: Steve
|
|
|switch|p1a: sp00k|Chandelure, F|261\/261 par
|-damage|p1a: sp00k|196\/261 par|[from] Stealth Rock
|-activate|p1a: sp00k|move: Sticky Web
|-unboost|p1a: sp00k|spe|1
|turn|10
|c| TIMETOTIPTHESCALE|Finished!
|
|move|p2a: Sigilyph|Roost|p2a: Sigilyph
|-heal|p2a: Sigilyph|331\/347 brn
|cant|p1a: sp00k|par
|
|turn|11
|
|move|p2a: Sigilyph|Cosmic Power|p2a: Sigilyph
|-boost|p2a: Sigilyph|def|1
|-boost|p2a: Sigilyph|spd|1
|cant|p1a: sp00k|par
|
|turn|12
|
|move|p2a: Sigilyph|Cosmic Power|p2a: Sigilyph
|-boost|p2a: Sigilyph|def|1
|-boost|p2a: Sigilyph|spd|1
|move|p1a: sp00k|Trick|p2a: Sigilyph
|-activate|p1a: sp00k|move: Trick|[of] p2a: Sigilyph
|-item|p2a: Sigilyph|Choice Scarf|[from] move: Trick
|-item|p1a: sp00k|Flame Orb|[from] move: Trick
|
|turn|13
|
|move|p2a: Sigilyph|Stored Power|p1a: sp00k
|-damage|p1a: sp00k|0 fnt
|faint|p1a: sp00k
|
|c| TIMETOTIPTHESCALE|Pick a God and Pray!
|
|switch|p1a: Ches-NOT|Forretress, F|354\/354
|-activate|p1a: Ches-NOT|move: Sticky Web
|-unboost|p1a: Ches-NOT|spe|1
|-damage|p1a: Ches-NOT|310\/354|[from] Stealth Rock
|turn|14
|
|move|p2a: Sigilyph|Stored Power|p1a: Ches-NOT
|-resisted|p1a: Ches-NOT
|-damage|p1a: Ches-NOT|160\/354
|move|p1a: Ches-NOT|Rapid Spin|p2a: Sigilyph
|-damage|p2a: Sigilyph|324\/347 brn
|-sideend|p1: Mrs King|Stealth Rock|[from] move: Rapid Spin|[of] p1a: Ches-NOT
|-sideend|p1: Mrs King|Sticky Web|[from] move: Rapid Spin|[of] p1a: Ches-NOT
|
|-heal|p1a: Ches-NOT|182\/354|[from] item: Leftovers
|turn|15
|
|move|p2a: Sigilyph|Stored Power|p1a: Ches-NOT
|-resisted|p1a: Ches-NOT
|-damage|p1a: Ches-NOT|38\/354
|move|p1a: Ches-NOT|Volt Switch|p2a: Sigilyph
|-supereffective|p2a: Sigilyph
|-damage|p2a: Sigilyph|304\/347 brn
|
|switch|p1a: Amy|Florges, F|360\/360
|
|turn|16
|
|move|p2a: Sigilyph|Stored Power|p1a: Amy
|-damage|p1a: Amy|230\/360
|move|p1a: Amy|Wish|p1a: Amy
|
|-heal|p1a: Amy|252\/360|[from] item: Leftovers
|turn|17
|
|move|p2a: Sigilyph|Stored Power|p1a: Amy
|-damage|p1a: Amy|113\/360
|move|p1a: Amy|Moonblast|p2a: Sigilyph
|-damage|p2a: Sigilyph|265\/347 brn
|
|-heal|p1a: Amy|293\/360|[from] move: Wish|[wisher] Amy
|-heal|p1a: Amy|315\/360|[from] item: Leftovers
|turn|18
|
|move|p2a: Sigilyph|Stored Power|p1a: Amy
|-crit|p1a: Amy
|-damage|p1a: Amy|105\/360
|move|p1a: Amy|Moonblast|p2a: Sigilyph
|-damage|p2a: Sigilyph|229\/347 brn
|-unboost|p2a: Sigilyph|spa|1
|
|-heal|p1a: Amy|127\/360|[from] item: Leftovers
|turn|19
|
|move|p1a: Amy|Protect|p1a: Amy
|-singleturn|p1a: Amy|Protect
|move|p2a: Sigilyph|Stored Power|p1a: Amy
|-activate|p1a: Amy|Protect
|
|-heal|p1a: Amy|149\/360|[from] item: Leftovers
|turn|20
|
|move|p2a: Sigilyph|Stored Power|p1a: Amy
|-damage|p1a: Amy|55\/360
|move|p1a: Amy|Wish|p1a: Amy
|
|-heal|p1a: Amy|77\/360|[from] item: Leftovers
|turn|21
|
|move|p1a: Amy|Protect|p1a: Amy
|-singleturn|p1a: Amy|Protect
|move|p2a: Sigilyph|Stored Power|p1a: Amy
|-activate|p1a: Amy|Protect
|
|-heal|p1a: Amy|257\/360|[from] move: Wish|[wisher] Amy
|-heal|p1a: Amy|279\/360|[from] item: Leftovers
|turn|22
|
|move|p2a: Sigilyph|Stored Power|p1a: Amy
|-damage|p1a: Amy|186\/360
|move|p1a: Amy|Wish|p1a: Amy
|
|-heal|p1a: Amy|208\/360|[from] item: Leftovers
|turn|23
|
|switch|p2a: Entei|Entei, shiny|371\/371
|-ability|p2a: Entei|Pressure
|move|p1a: Amy|Moonblast|p2a: Entei
|-resisted|p2a: Entei
|-damage|p2a: Entei|293\/371
|-unboost|p2a: Entei|spa|1
|
|-heal|p1a: Amy|360\/360|[from] move: Wish|[wisher] Amy
|turn|24
|
|move|p1a: Amy|Protect|p1a: Amy
|-singleturn|p1a: Amy|Protect
|move|p2a: Entei|Sacred Fire|p1a: Amy
|-activate|p1a: Amy|Protect
|
|turn|25
|
|switch|p1a: Swamp Ass|Swampert, M|385\/385
|move|p2a: Entei|Sacred Fire|p1a: Swamp Ass
|-crit|p1a: Swamp Ass
|-resisted|p1a: Swamp Ass
|-damage|p1a: Swamp Ass|232\/385
|
|-heal|p1a: Swamp Ass|256\/385|[from] item: Leftovers
|turn|26
|
|switch|p2a: Vaporeon|Vaporeon, M, shiny|464\/464
|move|p1a: Swamp Ass|Stealth Rock|p2a: Vaporeon
|-sidestart|p2: YoNegga|move: Stealth Rock
|
|-heal|p1a: Swamp Ass|280\/385|[from] item: Leftovers
|turn|27
|
|switch|p1a: plant my seed in u|Shaymin|341\/341
|move|p2a: Vaporeon|Toxic|p1a: plant my seed in u
|-status|p1a: plant my seed in u|tox
|
|-damage|p1a: plant my seed in u|320\/341 tox|[from] psn
|turn|28
|
|move|p2a: Vaporeon|Protect|p2a: Vaporeon
|-singleturn|p2a: Vaporeon|Protect
|move|p1a: plant my seed in u|Earth Power|p2a: Vaporeon
|-activate|p2a: Vaporeon|Protect
|
|-damage|p1a: plant my seed in u|278\/341 tox|[from] psn
|turn|29
|
|move|p1a: plant my seed in u|Seed Flare|p2a: Vaporeon
|-supereffective|p2a: Vaporeon
|-damage|p2a: Vaporeon|9\/464
|-damage|p1a: plant my seed in u|244\/341 tox|[from] item: Life Orb
|move|p2a: Vaporeon|Wish|p2a: Vaporeon
|
|-heal|p2a: Vaporeon|38\/464|[from] item: Leftovers
|-damage|p1a: plant my seed in u|181\/341 tox|[from] psn
|turn|30
|
|move|p2a: Vaporeon|Protect|p2a: Vaporeon
|-singleturn|p2a: Vaporeon|Protect
|move|p1a: plant my seed in u|Rest|p1a: plant my seed in u
|-status|p1a: plant my seed in u|slp
|-heal|p1a: plant my seed in u|341\/341 slp|[silent]
|-status|p1a: plant my seed in u|slp|[from] move: Rest
|
|-heal|p2a: Vaporeon|270\/464|[from] move: Wish|[wisher] Vaporeon
|-heal|p2a: Vaporeon|299\/464|[from] item: Leftovers
|turn|31
|
|switch|p1a: Amy|Florges, F|360\/360
|switch|p2a: Medicham|Medicham, M, shiny|261\/261
|-damage|p2a: Medicham|245\/261|[from] Stealth Rock
|
|turn|32
|
|detailschange|p2a: Medicham|Medicham-Mega, M, shiny
|-mega|p2a: Medicham|Medicham|Medichamite
|move|p2a: Medicham|Fake Out|p1a: Amy
|-damage|p1a: Amy|292\/360
|cant|p1a: Amy|flinch
|
|-heal|p1a: Amy|314\/360|[from] item: Leftovers
|turn|33
|
|switch|p2a: Vaporeon|Vaporeon, M, shiny|299\/464
|-damage|p2a: Vaporeon|241\/464|[from] Stealth Rock
|move|p1a: Amy|Wish|p1a: Amy
|
|-heal|p1a: Amy|336\/360|[from] item: Leftovers
|-heal|p2a: Vaporeon|270\/464|[from] item: Leftovers
|turn|34
|
|switch|p1a: Ches-NOT|Forretress, F|38\/354
|move|p2a: Vaporeon|Scald|p1a: Ches-NOT
|-damage|p1a: Ches-NOT|0 fnt
|faint|p1a: Ches-NOT
|
|-heal|p2a: Vaporeon|299\/464|[from] item: Leftovers
|
|switch|p1a: plant my seed in u|Shaymin|341\/341
|turn|35
|join|5 Year Old Girl
|
|move|p2a: Vaporeon|Protect|p2a: Vaporeon
|-singleturn|p2a: Vaporeon|Protect
|move|p1a: plant my seed in u|Air Slash|p2a: Vaporeon
|-activate|p2a: Vaporeon|Protect
|
|-heal|p2a: Vaporeon|328\/464|[from] item: Leftovers
|turn|36
|
|switch|p2a: Entei|Entei, shiny|293\/371
|-damage|p2a: Entei|201\/371|[from] Stealth Rock
|-ability|p2a: Entei|Pressure
|move|p1a: plant my seed in u|Seed Flare|p2a: Entei
|-resisted|p2a: Entei
|-damage|p2a: Entei|67\/371
|-unboost|p2a: Entei|spd|2
|-damage|p1a: plant my seed in u|307\/341|[from] item: Life Orb
|
|turn|37
|
|move|p1a: plant my seed in u|Earth Power|p2a: Entei
|-supereffective|p2a: Entei
|-damage|p2a: Entei|0 fnt
|-damage|p1a: plant my seed in u|273\/341|[from] item: Life Orb
|faint|p2a: Entei
|
|c| 5 Year Old Girl|I'm Sorry!
|
|switch|p2a: Medicham|Medicham-Mega, M, shiny|245\/261
|-damage|p2a: Medicham|229\/261|[from] Stealth Rock
|turn|38
|
|switch|p1a: Amy|Florges, F|336\/360
|move|p2a: Medicham|Ice Punch|p1a: Amy
|-crit|p1a: Amy
|-damage|p1a: Amy|119\/360
|
|-heal|p1a: Amy|141\/360|[from] item: Leftovers
|turn|39
|c|âMrs King|NICE
|
|move|p1a: Amy|Protect|p1a: Amy
|-singleturn|p1a: Amy|Protect
|move|p2a: Medicham|Ice Punch|p1a: Amy
|-activate|p1a: Amy|Protect
|
|-heal|p1a: Amy|163\/360|[from] item: Leftovers
|turn|40
|
|move|p2a: Medicham|High Jump Kick|p1a: Amy
|-resisted|p1a: Amy
|-damage|p1a: Amy|0 fnt
|faint|p1a: Amy
|
|
|switch|p1a: Swamp Ass|Swampert, M|280\/385
|turn|41
|
|switch|p2a: Vaporeon|Vaporeon, M, shiny|328\/464
|-damage|p2a: Vaporeon|270\/464|[from] Stealth Rock
|move|p1a: Swamp Ass|Scald|p2a: Vaporeon
|-heal|p2a: Vaporeon|386\/464|[from] ability: Water Absorb|[of] p1a: Swamp Ass
|
|-heal|p2a: Vaporeon|415\/464|[from] item: Leftovers
|-heal|p1a: Swamp Ass|304\/385|[from] item: Leftovers
|turn|42
|
|move|p2a: Vaporeon|Toxic|p1a: Swamp Ass
|-status|p1a: Swamp Ass|tox
|move|p1a: Swamp Ass|Earthquake|p2a: Vaporeon
|-damage|p2a: Vaporeon|295\/464
|
|-heal|p2a: Vaporeon|324\/464|[from] item: Leftovers
|-heal|p1a: Swamp Ass|328\/385 tox|[from] item: Leftovers
|-damage|p1a: Swamp Ass|304\/385 tox|[from] psn
|turn|43
|
|switch|p1a: plant my seed in u|Shaymin|273\/341
|move|p2a: Vaporeon|Protect|p2a: Vaporeon
|-fail|p2a: Vaporeon
|
|-heal|p2a: Vaporeon|353\/464|[from] item: Leftovers
|turn|44
|c| 5 Year Old Girl|I challenge my fate!
|
|move|p2a: Vaporeon|Protect|p2a: Vaporeon
|-singleturn|p2a: Vaporeon|Protect
|move|p1a: plant my seed in u|Earth Power|p2a: Vaporeon
|-activate|p2a: Vaporeon|Protect
|
|-heal|p2a: Vaporeon|382\/464|[from] item: Leftovers
|turn|45
|
|move|p1a: plant my seed in u|Seed Flare|p2a: Vaporeon
|-supereffective|p2a: Vaporeon
|-damage|p2a: Vaporeon|0 fnt
|-damage|p1a: plant my seed in u|239\/341|[from] item: Life Orb
|faint|p2a: Vaporeon
|
|
|switch|p2a: Medicham|Medicham-Mega, M, shiny|229\/261
|-damage|p2a: Medicham|213\/261|[from] Stealth Rock
|turn|46
|
|move|p2a: Medicham|Fake Out|p1a: plant my seed in u
|-damage|p1a: plant my seed in u|158\/341
|cant|p1a: plant my seed in u|flinch
|
|turn|47
|c| 5 Year Old Girl|moms watching tv
|
|move|p2a: Medicham|Ice Punch|p1a: plant my seed in u
|-supereffective|p1a: plant my seed in u
|-damage|p1a: plant my seed in u|0 fnt
|faint|p1a: plant my seed in u
|
|
|switch|p1a: Swamp Ass|Swampert, M|304\/385 tox
|turn|48
|leave|5 Year Old Girl
|
|switch|p2a: Sigilyph|Sigilyph, M, shiny|229\/347 brn
|move|p1a: Swamp Ass|Scald|p2a: Sigilyph
|-damage|p2a: Sigilyph|163\/347 brn
|
|-heal|p1a: Swamp Ass|328\/385 tox|[from] item: Leftovers
|-damage|p1a: Swamp Ass|304\/385 tox|[from] psn
|turn|49
|-message|Mrs King forfeited.
|
|win|YoNegga
|raw|Ladder updating...
|leave|Mrs King
|player|p1
|raw|Mrs King's rating: 1492 &rarr; <strong>1460<\/strong><br \/>(-32 for losing)
|raw|YoNegga's rating: 1261 &rarr; <strong>1300<\/strong><br \/>(+39 for winning)