|join|fatd
|join|k4rpman
|player|p1|fatd|278
|player|p2|k4rpman|2
|gametype|singles
|gen|6
|tier|OU
|rated
|clearpoke
|poke|p1|Slowbro, F
|poke|p1|Staraptor, F
|poke|p1|Scizor, F
|poke|p1|Garchomp, F
|poke|p1|Mew, L50
|poke|p1|Mamoswine, M
|poke|p2|Gyarados, F
|poke|p2|Sableye, F
|poke|p2|Hippowdon, F
|poke|p2|Chesnaught, M
|poke|p2|Tentacruel, M
|poke|p2|Jirachi
|rule|Swagger Clause: Swagger is banned
|rule|Baton Pass Clause: Limit one PokÃ©mon knowing Baton Pass
|rule|Sleep Clause Mod: Limit one foe put to sleep
|rule|Species Clause: Limit one of each PokÃ©mon
|rule|OHKO Clause: OHKO moves are banned
|rule|Moody Clause: Moody is banned
|rule|Evasion Moves Clause: Evasion moves are banned
|rule|Endless Battle Clause: Forcing endless battles is banned
|rule|HP Percentage Mod: HP is shown in percentages
|teampreview
|
|start
|switch|p1a: Kim Kardashian|Slowbro, F|394\/394
|switch|p2a: Sableye|Sableye, F|304\/304
|turn|1
|
|switch|p1a: YOLO|Staraptor, F|312\/312
|detailschange|p2a: Sableye|Sableye-Mega, F
|message|Sableye has Mega Evolved into Mega Sableye!
|move|p2a: Sableye|Will-O-Wisp|p1a: YOLO|[miss]
|-miss|p2a: Sableye|p1a: YOLO
|
|turn|2
|
|move|p1a: YOLO|Brave Bird|p2a: Sableye
|-damage|p2a: Sableye|61\/304
|-damage|p1a: YOLO|232\/312|[from] recoil|[of] p2a: Sableye
|move|p2a: Sableye|Will-O-Wisp|p1a: YOLO
|-status|p1a: YOLO|brn
|
|-damage|p1a: YOLO|193\/312 brn|[from] brn
|turn|3
|
|switch|p2a: Hippowdon|Hippowdon, F|420\/420
|move|p1a: YOLO|Brave Bird|p2a: Hippowdon
|-damage|p2a: Hippowdon|303\/420
|-damage|p1a: YOLO|154\/312 brn|[from] recoil|[of] p2a: Hippowdon
|
|-heal|p2a: Hippowdon|329\/420|[from] item: Leftovers
|-damage|p1a: YOLO|115\/312 brn|[from] brn
|turn|4
|
|switch|p1a: Kim Kardashian|Slowbro, F|394\/394
|move|p2a: Hippowdon|Stealth Rock|p1a: Kim Kardashian
|-sidestart|p1: fatd|move: Stealth Rock
|
|-heal|p2a: Hippowdon|355\/420|[from] item: Leftovers
|turn|5
|
|switch|p2a: Chesnaught|Chesnaught, M|380\/380
|move|p1a: Kim Kardashian|Scald|p2a: Chesnaught
|-resisted|p2a: Chesnaught
|-damage|p2a: Chesnaught|321\/380
|
|-heal|p2a: Chesnaught|344\/380|[from] item: Leftovers
|turn|6
|
|switch|p2a: Gyarados|Gyarados, F|393\/393
|-ability|p2a: Gyarados|Intimidate|[of] p1a: Kim Kardashian
|-unboost|p1a: Kim Kardashian|atk|1
|move|p1a: Kim Kardashian|Psyshock|p2a: Gyarados
|-crit|p2a: Gyarados
|-damage|p2a: Gyarados|246\/393
|
|-heal|p2a: Gyarados|270\/393|[from] item: Leftovers
|turn|7
|
|move|p1a: Kim Kardashian|Scald|p2a: Gyarados
|-resisted|p2a: Gyarados
|-damage|p2a: Gyarados|236\/393
|-status|p2a: Gyarados|brn
|move|p2a: Gyarados|Roar|p1a: Kim Kardashian
|drag|p1a: YOU YOU|Mew, L50|195\/195
|-damage|p1a: YOU YOU|171\/195|[from] Stealth Rock
|
|-heal|p2a: Gyarados|260\/393 brn|[from] item: Leftovers
|-heal|p1a: YOU YOU|183\/195|[from] item: Leftovers
|-damage|p2a: Gyarados|211\/393 brn|[from] brn
|turn|8
|
|move|p2a: Gyarados|Rest|p2a: Gyarados
|-status|p2a: Gyarados|slp
|-heal|p2a: Gyarados|393\/393 slp|[silent]
|-status|p2a: Gyarados|slp|[from] move: Rest
|move|p1a: YOU YOU|Defog|p2a: Gyarados
|-unboost|p2a: Gyarados|evasion|1
|-sideend|p1: fatd|Stealth Rock|[from] move: Defog|[of] p1a: YOU YOU
|
|-heal|p1a: YOU YOU|195\/195|[from] item: Leftovers
|turn|9
|
|switch|p2a: Sableye|Sableye-Mega, F|61\/304
|switch|p1a: ScizREkt|Scizor, F|344\/344
|
|turn|10
|
|switch|p2a: Gyarados|Gyarados, F|393\/393 slp
|-ability|p2a: Gyarados|Intimidate|[of] p1a: ScizREkt
|-unboost|p1a: ScizREkt|atk|1
|move|p1a: ScizREkt|U-turn|p2a: Gyarados
|-resisted|p2a: Gyarados
|-damage|p2a: Gyarados|321\/393 slp
|
|switch|p1a: YOLO|Staraptor, F|115\/312 brn
|
|-heal|p2a: Gyarados|345\/393 slp|[from] item: Leftovers
|-damage|p1a: YOLO|76\/312 brn|[from] brn
|turn|11
|
|switch|p2a: Hippowdon|Hippowdon, F|355\/420
|move|p1a: YOLO|Brave Bird|p2a: Hippowdon
|-damage|p2a: Hippowdon|223\/420
|-damage|p1a: YOLO|32\/312 brn|[from] recoil|[of] p2a: Hippowdon
|
|-heal|p2a: Hippowdon|249\/420|[from] item: Leftovers
|-damage|p1a: YOLO|0 fnt|[from] brn
|faint|p1a: YOLO
|
|switch|p1a: Kim Kardashian|Slowbro, F|394\/394
|turn|12
|
|switch|p2a: Gyarados|Gyarados, F|345\/393 slp
|-ability|p2a: Gyarados|Intimidate|[of] p1a: Kim Kardashian
|-unboost|p1a: Kim Kardashian|atk|1
|move|p1a: Kim Kardashian|Calm Mind|p1a: Kim Kardashian
|-boost|p1a: Kim Kardashian|spa|1
|-boost|p1a: Kim Kardashian|spd|1
|
|-heal|p2a: Gyarados|369\/393 slp|[from] item: Leftovers
|turn|13
|
|cant|p2a: Gyarados|slp
|move|p2a: Gyarados|Sleep Talk|p2a: Gyarados
|move|p2a: Gyarados|Rest|p2a: Gyarados|[from]Sleep Talk
|-fail|p2a: Gyarados
|move|p1a: Kim Kardashian|Scald|p2a: Gyarados
|-resisted|p2a: Gyarados
|-damage|p2a: Gyarados|314\/393 slp
|
|-heal|p2a: Gyarados|338\/393 slp|[from] item: Leftovers
|turn|14
|
|cant|p2a: Gyarados|slp
|move|p2a: Gyarados|Sleep Talk|p2a: Gyarados
|move|p2a: Gyarados|Rest|p2a: Gyarados|[from]Sleep Talk
|-fail|p2a: Gyarados
|move|p1a: Kim Kardashian|Psyshock|p2a: Gyarados
|-damage|p2a: Gyarados|190\/393 slp
|
|-heal|p2a: Gyarados|214\/393 slp|[from] item: Leftovers
|turn|15
|
|-curestatus|p2a: Gyarados|slp
|move|p2a: Gyarados|Rest|p2a: Gyarados
|-status|p2a: Gyarados|slp
|-heal|p2a: Gyarados|393\/393 slp|[silent]
|-status|p2a: Gyarados|slp|[from] move: Rest
|move|p1a: Kim Kardashian|Scald|p2a: Gyarados
|-resisted|p2a: Gyarados
|-damage|p2a: Gyarados|333\/393 slp
|
|-heal|p2a: Gyarados|357\/393 slp|[from] item: Leftovers
|turn|16
|
|cant|p2a: Gyarados|slp
|move|p2a: Gyarados|Sleep Talk|p2a: Gyarados
|move|p2a: Gyarados|Roar|p1a: Kim Kardashian|[from]Sleep Talk
|drag|p1a: Twin Blades|Garchomp, F|357\/357
|
|-heal|p2a: Gyarados|381\/393 slp|[from] item: Leftovers
|turn|17
|
|switch|p1a: ScizREkt|Scizor, F|344\/344
|cant|p2a: Gyarados|slp
|move|p2a: Gyarados|Sleep Talk|p2a: Gyarados
|move|p2a: Gyarados|Waterfall|p1a: ScizREkt|[from]Sleep Talk
|-damage|p1a: ScizREkt|233\/344
|
|-heal|p2a: Gyarados|393\/393 slp|[from] item: Leftovers
|turn|18
|
|-curestatus|p2a: Gyarados|slp
|move|p2a: Gyarados|Waterfall|p1a: ScizREkt
|-damage|p1a: ScizREkt|113\/344
|move|p1a: ScizREkt|Knock Off|p2a: Gyarados
|-damage|p2a: Gyarados|186\/393
|-enditem|p2a: Gyarados|Leftovers|[from] move: Knock Off|[of] p1a: ScizREkt
|
|turn|19
|
|move|p2a: Gyarados|Waterfall|p1a: ScizREkt
|-damage|p1a: ScizREkt|2\/344
|move|p1a: ScizREkt|Knock Off|p2a: Gyarados
|-damage|p2a: Gyarados|45\/393
|
|turn|20
|
|switch|p1a: Twin Blades|Garchomp, F|357\/357
|move|p2a: Gyarados|Rest|p2a: Gyarados
|-status|p2a: Gyarados|slp
|-heal|p2a: Gyarados|393\/393 slp|[silent]
|-status|p2a: Gyarados|slp|[from] move: Rest
|
|turn|21
|
|switch|p2a: Chesnaught|Chesnaught, M|344\/380
|move|p1a: Twin Blades|Outrage|p2a: Chesnaught
|-damage|p2a: Chesnaught|218\/380
|
|-heal|p2a: Chesnaught|241\/380|[from] item: Leftovers
|turn|22
|
|move|p1a: Twin Blades|Outrage|p2a: Chesnaught
|-damage|p2a: Chesnaught|99\/380
|move|p2a: Chesnaught|Leech Seed|p1a: Twin Blades
|-start|p1a: Twin Blades|move: Leech Seed
|
|-end|p1a: Twin Blades|rampage
|-start|p1a: Twin Blades|confusion
|-heal|p2a: Chesnaught|122\/380|[from] item: Leftovers
|-damage|p1a: Twin Blades|313\/357|[from] Leech Seed|[of] p2a: Chesnaught
|-heal|p2a: Chesnaught|166\/380|[silent]
|turn|23
|
|switch|p1a: Kim Kardashian|Slowbro, F|394\/394
|move|p2a: Chesnaught|Spikes|p1a: Kim Kardashian
|-sidestart|p1: fatd|Spikes
|
|-heal|p2a: Chesnaught|189\/380|[from] item: Leftovers
|turn|24
|
|move|p2a: Chesnaught|Leech Seed|p1a: Kim Kardashian
|-start|p1a: Kim Kardashian|move: Leech Seed
|move|p1a: Kim Kardashian|Calm Mind|p1a: Kim Kardashian
|-boost|p1a: Kim Kardashian|spa|1
|-boost|p1a: Kim Kardashian|spd|1
|
|-heal|p2a: Chesnaught|212\/380|[from] item: Leftovers
|-damage|p1a: Kim Kardashian|345\/394|[from] Leech Seed|[of] p2a: Chesnaught
|-heal|p2a: Chesnaught|261\/380|[silent]
|turn|25
|
|switch|p2a: Sableye|Sableye-Mega, F|61\/304
|move|p1a: Kim Kardashian|Scald|p2a: Sableye
|-damage|p2a: Sableye|0 fnt
|faint|p2a: Sableye
|
|
|switch|p2a: Tentacruel|Tentacruel, M|364\/364
|turn|26
|
|move|p2a: Tentacruel|Acid Spray|p1a: Kim Kardashian
|-damage|p1a: Kim Kardashian|311\/394
|-unboost|p1a: Kim Kardashian|spd|2
|move|p1a: Kim Kardashian|Psyshock|p2a: Tentacruel
|-supereffective|p2a: Tentacruel
|-damage|p2a: Tentacruel|0 fnt
|faint|p2a: Tentacruel
|
|
|switch|p2a: Jirachi|Jirachi|404\/404
|turn|27
|
|move|p2a: Jirachi|Iron Head|p1a: Kim Kardashian
|-resisted|p1a: Kim Kardashian
|-damage|p1a: Kim Kardashian|281\/394
|move|p1a: Kim Kardashian|Scald|p2a: Jirachi
|-damage|p2a: Jirachi|269\/404
|
|-heal|p2a: Jirachi|294\/404|[from] item: Leftovers
|-damage|p1a: Kim Kardashian|232\/394|[from] Leech Seed|[of] p2a: Jirachi
|-heal|p2a: Jirachi|343\/404|[silent]
|turn|28
|
|switch|p1a: Twin Blades|Garchomp, F|313\/357
|-damage|p1a: Twin Blades|269\/357|[from] Spikes
|move|p2a: Jirachi|Iron Head|p1a: Twin Blades
|-damage|p1a: Twin Blades|173\/357
|-damage|p2a: Jirachi|293\/404|[from] ability: Rough Skin|[of] p1a: Twin Blades
|
|-heal|p2a: Jirachi|318\/404|[from] item: Leftovers
|turn|29
|
|switch|p2a: Gyarados|Gyarados, F|393\/393 slp
|-ability|p2a: Gyarados|Intimidate|[of] p1a: Twin Blades
|-unboost|p1a: Twin Blades|atk|1
|move|p1a: Twin Blades|Fire Blast|p2a: Gyarados
|-resisted|p2a: Gyarados
|-damage|p2a: Gyarados|365\/393 slp
|
|turn|30
|
|switch|p1a: YOU YOU|Mew, L50|195\/195
|-damage|p1a: YOU YOU|171\/195|[from] Spikes
|cant|p2a: Gyarados|slp
|move|p2a: Gyarados|Sleep Talk|p2a: Gyarados
|move|p2a: Gyarados|Waterfall|p1a: YOU YOU|[from]Sleep Talk
|-damage|p1a: YOU YOU|0 fnt
|faint|p1a: YOU YOU
|
|
|switch|p1a: nenbfhf|Mamoswine, M|361\/361
|-damage|p1a: nenbfhf|316\/361|[from] Spikes
|turn|31
|
|move|p1a: nenbfhf|Stealth Rock|p2a: Gyarados
|-sidestart|p2: k4rpman|move: Stealth Rock
|cant|p2a: Gyarados|slp
|move|p2a: Gyarados|Sleep Talk|p2a: Gyarados
|move|p2a: Gyarados|Roar|p1a: nenbfhf|[from]Sleep Talk
|drag|p1a: Twin Blades|Garchomp, F|173\/357
|-damage|p1a: Twin Blades|129\/357|[from] Spikes
|
|turn|32
|
|move|p1a: Twin Blades|Outrage|p2a: Gyarados
|-damage|p2a: Gyarados|131\/393 slp
|-curestatus|p2a: Gyarados|slp
|move|p2a: Gyarados|Waterfall|p1a: Twin Blades
|-damage|p1a: Twin Blades|9\/357
|-damage|p2a: Gyarados|82\/393|[from] ability: Rough Skin|[of] p1a: Twin Blades
|
|turn|33
|
|switch|p2a: Hippowdon|Hippowdon, F|249\/420
|-damage|p2a: Hippowdon|223\/420|[from] Stealth Rock
|move|p1a: Twin Blades|Outrage|p2a: Hippowdon
|-damage|p2a: Hippowdon|70\/420
|
|-end|p1a: Twin Blades|rampage
|-start|p1a: Twin Blades|confusion
|-heal|p2a: Hippowdon|96\/420|[from] item: Leftovers
|turn|34
|
|-activate|p1a: Twin Blades|confusion
|move|p1a: Twin Blades|Outrage|p2a: Hippowdon
|-crit|p2a: Hippowdon
|-damage|p2a: Hippowdon|0 fnt
|faint|p2a: Hippowdon
|
|
|switch|p2a: Gyarados|Gyarados, F|82\/393
|-damage|p2a: Gyarados|0 fnt|[from] Stealth Rock
|faint|p2a: Gyarados
|
|switch|p2a: Chesnaught|Chesnaught, M|261\/380
|-damage|p2a: Chesnaught|238\/380|[from] Stealth Rock
|turn|35
|
|move|p2a: Chesnaught|Spiky Shield|p2a: Chesnaught
|-singleturn|p2a: Chesnaught|move: Protect
|-end|p1a: Twin Blades|confusion
|move|p1a: Twin Blades|Outrage|p2a: Chesnaught
|-activate|p2a: Chesnaught|move: Protect
|-damage|p1a: Twin Blades|0 fnt|[from] Spiky Shield|[of] p2a: Chesnaught
|faint|p1a: Twin Blades
|
|-heal|p2a: Chesnaught|261\/380|[from] item: Leftovers
|
|switch|p1a: ScizREkt|Scizor, F|2\/344
|-damage|p1a: ScizREkt|0 fnt|[from] Spikes
|faint|p1a: ScizREkt
|
|switch|p1a: Kim Kardashian|Slowbro, F|363\/394
|-damage|p1a: Kim Kardashian|314\/394|[from] Spikes
|turn|36
|
|move|p2a: Chesnaught|Leech Seed|p1a: Kim Kardashian
|-start|p1a: Kim Kardashian|move: Leech Seed
|move|p1a: Kim Kardashian|Psyshock|p2a: Chesnaught
|-supereffective|p2a: Chesnaught
|-damage|p2a: Chesnaught|135\/380
|
|-heal|p2a: Chesnaught|158\/380|[from] item: Leftovers
|-damage|p1a: Kim Kardashian|265\/394|[from] Leech Seed|[of] p2a: Chesnaught
|-heal|p2a: Chesnaught|207\/380|[silent]
|turn|37
|
|move|p2a: Chesnaught|Spikes|p1a: Kim Kardashian
|-sidestart|p1: fatd|Spikes
|move|p1a: Kim Kardashian|Scald|p2a: Chesnaught
|-resisted|p2a: Chesnaught
|-damage|p2a: Chesnaught|142\/380
|-status|p2a: Chesnaught|brn
|
|-heal|p2a: Chesnaught|165\/380 brn|[from] item: Leftovers
|-damage|p1a: Kim Kardashian|216\/394|[from] Leech Seed|[of] p2a: Chesnaught
|-heal|p2a: Chesnaught|214\/380 brn|[silent]
|-damage|p2a: Chesnaught|167\/380 brn|[from] brn
|turn|38
|
|switch|p1a: nenbfhf|Mamoswine, M|316\/361
|-damage|p1a: nenbfhf|256\/361|[from] Spikes
|move|p2a: Chesnaught|Spikes|p1a: nenbfhf
|-sidestart|p1: fatd|Spikes
|
|-heal|p2a: Chesnaught|190\/380 brn|[from] item: Leftovers
|-damage|p2a: Chesnaught|143\/380 brn|[from] brn
|turn|39
|
|switch|p2a: Jirachi|Jirachi|318\/404
|-damage|p2a: Jirachi|293\/404|[from] Stealth Rock
|move|p1a: nenbfhf|Earthquake|p2a: Jirachi
|-supereffective|p2a: Jirachi
|-damage|p2a: Jirachi|0 fnt
|faint|p2a: Jirachi
|
|-message|k4rpman forfeited.
|
|win|fatd
|raw|Ladder updating...
|leave|k4rpman
|player|p2
|raw|fatd's rating: 1540 &rarr; <strong>1562<\/strong><br \/>(+22 for winning)
|raw|k4rpman's rating: 1588 &rarr; <strong>1565<\/strong><br \/>(-23 for losing)