|join|KMBraker
|join|RustyEspur
|player|p1|KMBraker|76
|player|p2|RustyEspur|172
|gametype|singles
|gen|6
|tier|UU
|rated
|rule|Sleep Clause Mod: Limit one foe put to sleep
|rule|Species Clause: Limit one of each PokÃ©mon
|rule|OHKO Clause: OHKO moves are banned
|rule|Moody Clause: Moody is banned
|rule|Evasion Moves Clause: Evasion moves are banned
|rule|Endless Battle Clause: Forcing endless battles is banned
|rule|HP Percentage Mod: HP is shown in percentages
|clearpoke
|poke|p1|Beedrill, F
|poke|p1|Entei, shiny
|poke|p1|Quagsire, M
|poke|p1|Altaria, M
|poke|p1|Porygon-Z
|poke|p1|Starmie
|poke|p2|Chesnaught, M
|poke|p2|Milotic, M
|poke|p2|Braviary, M
|poke|p2|Infernape, M
|poke|p2|Porygon-Z
|poke|p2|Forretress, F
|rule|Swagger Clause: Swagger is banned
|rule|Baton Pass Clause: Limit one PokÃ©mon knowing Baton Pass
|teampreview
|
|start
|switch|p1a: Entei|Entei, shiny|371\/371
|switch|p2a: Porygon-Z|Porygon-Z|311\/311
|-ability|p1a: Entei|Pressure
|-boost|p2a: Porygon-Z|spa|1|[from] ability: Download
|turn|1
|
|move|p1a: Entei|Sacred Fire|p2a: Porygon-Z
|-damage|p2a: Porygon-Z|0 fnt
|faint|p2a: Porygon-Z
|
|
|switch|p2a: Infernape|Infernape, M|293\/293
|turn|2
|
|switch|p1a: Quagsire|Quagsire, M|394\/394
|move|p2a: Infernape|Grass Knot|p1a: Quagsire
|-supereffective|p1a: Quagsire
|-damage|p1a: Quagsire|0 fnt
|-damage|p2a: Infernape|264\/293|[from] item: Life Orb
|faint|p1a: Quagsire
|
|
|switch|p1a: Entei|Entei, shiny|371\/371
|-ability|p1a: Entei|Pressure
|turn|3
|
|switch|p2a: Milotic|Milotic, M|394\/394
|move|p1a: Entei|Extreme Speed|p2a: Milotic
|-damage|p2a: Milotic|283\/394
|
|-heal|p2a: Milotic|307\/394|[from] item: Leftovers
|turn|4
|
|switch|p1a: Altaria|Altaria, M|354\/354
|move|p2a: Milotic|Toxic|p1a: Altaria
|-status|p1a: Altaria|tox
|
|-heal|p2a: Milotic|331\/394|[from] item: Leftovers
|-damage|p1a: Altaria|332\/354 tox|[from] psn
|turn|5
|
|move|p2a: Milotic|Ice Beam|p1a: Altaria
|-supereffective|p1a: Altaria
|-damage|p1a: Altaria|124\/354 tox
|move|p1a: Altaria|Dragon Pulse|p2a: Milotic
|-damage|p2a: Milotic|265\/394
|
|-heal|p2a: Milotic|289\/394|[from] item: Leftovers
|-heal|p1a: Altaria|146\/354 tox|[from] item: Leftovers
|-damage|p1a: Altaria|102\/354 tox|[from] psn
|turn|6
|
|switch|p1a: Porygon-Z|Porygon-Z|312\/312
|move|p2a: Milotic|Ice Beam|p1a: Porygon-Z
|-damage|p1a: Porygon-Z|217\/312
|
|-heal|p2a: Milotic|313\/394|[from] item: Leftovers
|turn|7
|
|switch|p2a: Forretress|Forretress, F|312\/312
|move|p1a: Porygon-Z|Ice Beam|p2a: Forretress
|-resisted|p2a: Forretress
|-damage|p2a: Forretress|197\/312
|
|-heal|p2a: Forretress|216\/312|[from] item: Leftovers
|turn|8
|
|switch|p1a: Altaria|Altaria, M|102\/354
|move|p2a: Forretress|Stealth Rock|p1a: Altaria
|-sidestart|p1: KMBraker|move: Stealth Rock
|
|-heal|p1a: Altaria|124\/354|[from] item: Leftovers
|-heal|p2a: Forretress|235\/312|[from] item: Leftovers
|turn|9
|
|switch|p2a: Milotic|Milotic, M|313\/394
|move|p1a: Altaria|Roost|p1a: Altaria
|-heal|p1a: Altaria|301\/354
|
|-heal|p2a: Milotic|337\/394|[from] item: Leftovers
|-heal|p1a: Altaria|323\/354|[from] item: Leftovers
|turn|10
|
|switch|p1a: Starmie|Starmie|261\/261
|-damage|p1a: Starmie|229\/261|[from] Stealth Rock
|move|p2a: Milotic|Ice Beam|p1a: Starmie
|-resisted|p1a: Starmie
|-damage|p1a: Starmie|185\/261
|
|-heal|p2a: Milotic|361\/394|[from] item: Leftovers
|turn|11
|
|move|p1a: Starmie|Rapid Spin|p2a: Milotic
|-damage|p2a: Milotic|352\/394
|-sideend|p1: KMBraker|Stealth Rock|[from] move: Rapid Spin|[of] p1a: Starmie
|move|p2a: Milotic|Toxic|p1a: Starmie
|-status|p1a: Starmie|tox
|
|-heal|p2a: Milotic|376\/394|[from] item: Leftovers
|-damage|p1a: Starmie|169\/261 tox|[from] psn
|turn|12
|
|move|p1a: Starmie|Recover|p1a: Starmie
|-heal|p1a: Starmie|261\/261 tox
|move|p2a: Milotic|Scald|p1a: Starmie
|-resisted|p1a: Starmie
|-damage|p1a: Starmie|211\/261 tox
|
|-heal|p2a: Milotic|394\/394|[from] item: Leftovers
|-damage|p1a: Starmie|179\/261 tox|[from] psn
|turn|13
|
|switch|p1a: Altaria|Altaria, M|323\/354
|move|p2a: Milotic|Scald|p1a: Altaria
|-resisted|p1a: Altaria
|-damage|p1a: Altaria|290\/354
|
|-heal|p1a: Altaria|312\/354|[from] item: Leftovers
|turn|14
|
|move|p2a: Milotic|Scald|p1a: Altaria
|-resisted|p1a: Altaria
|-damage|p1a: Altaria|280\/354
|move|p1a: Altaria|Dragon Pulse|p2a: Milotic
|-damage|p2a: Milotic|331\/394
|
|-heal|p2a: Milotic|355\/394|[from] item: Leftovers
|-heal|p1a: Altaria|302\/354|[from] item: Leftovers
|turn|15
|
|switch|p1a: Porygon-Z|Porygon-Z|217\/312
|move|p2a: Milotic|Scald|p1a: Porygon-Z
|-damage|p1a: Porygon-Z|102\/312
|
|-heal|p2a: Milotic|379\/394|[from] item: Leftovers
|turn|16
|
|move|p1a: Porygon-Z|Thunderbolt|p2a: Milotic
|-supereffective|p2a: Milotic
|-damage|p2a: Milotic|83\/394
|-status|p2a: Milotic|par
|cant|p2a: Milotic|par
|
|-heal|p2a: Milotic|107\/394 par|[from] item: Leftovers
|turn|17
|
|switch|p2a: Chesnaught|Chesnaught, M|380\/380
|move|p1a: Porygon-Z|Thunderbolt|p2a: Chesnaught
|-resisted|p2a: Chesnaught
|-damage|p2a: Chesnaught|283\/380
|
|-heal|p2a: Chesnaught|306\/380|[from] item: Leftovers
|turn|18
|
|switch|p1a: Entei|Entei, shiny|371\/371
|-ability|p1a: Entei|Pressure
|move|p2a: Chesnaught|Leech Seed|p1a: Entei|[miss]
|-miss|p2a: Chesnaught|p1a: Entei
|
|-heal|p2a: Chesnaught|329\/380|[from] item: Leftovers
|turn|19
|
|move|p2a: Chesnaught|Spiky Shield|p2a: Chesnaught
|-singleturn|p2a: Chesnaught|move: Protect
|move|p1a: Entei|Sacred Fire|p2a: Chesnaught
|-activate|p2a: Chesnaught|move: Protect
|
|-heal|p2a: Chesnaught|352\/380|[from] item: Leftovers
|turn|20
|
|switch|p2a: Infernape|Infernape, M|264\/293
|move|p1a: Entei|Sacred Fire|p2a: Infernape
|-resisted|p2a: Infernape
|-damage|p2a: Infernape|74\/293
|
|turn|21
|
|move|p2a: Infernape|Close Combat|p1a: Entei
|-damage|p1a: Entei|114\/371
|-unboost|p2a: Infernape|def|1
|-unboost|p2a: Infernape|spd|1
|-damage|p2a: Infernape|45\/293|[from] item: Life Orb
|move|p1a: Entei|Sacred Fire|p2a: Infernape
|-resisted|p2a: Infernape
|-damage|p2a: Infernape|0 fnt
|faint|p2a: Infernape
|
|
|switch|p2a: Braviary|Braviary, M|341\/341
|turn|22
|
|switch|p1a: Altaria|Altaria, M|302\/354
|move|p2a: Braviary|Brave Bird|p1a: Altaria
|-damage|p1a: Altaria|64\/354
|-damage|p2a: Braviary|262\/341|[from] recoil|[of] p1a: Altaria
|
|-heal|p1a: Altaria|86\/354|[from] item: Leftovers
|turn|23
|
|move|p2a: Braviary|Brave Bird|p1a: Altaria
|-damage|p1a: Altaria|0 fnt
|-damage|p2a: Braviary|234\/341|[from] recoil|[of] p1a: Altaria
|faint|p1a: Altaria
|
|
|switch|p1a: Starmie|Starmie|179\/261
|turn|24
|
|move|p2a: Braviary|Brave Bird|p1a: Starmie
|-damage|p1a: Starmie|0 fnt
|-damage|p2a: Braviary|175\/341|[from] recoil|[of] p1a: Starmie
|faint|p1a: Starmie
|
|
|switch|p1a: Entei|Entei, shiny|114\/371
|-ability|p1a: Entei|Pressure
|turn|25
|
|switch|p2a: Forretress|Forretress, F|235\/312
|move|p1a: Entei|Extreme Speed|p2a: Forretress
|-resisted|p2a: Forretress
|-damage|p2a: Forretress|183\/312
|
|-heal|p2a: Forretress|202\/312|[from] item: Leftovers
|turn|26
|
|switch|p1a: Porygon-Z|Porygon-Z|102\/312
|move|p2a: Forretress|Volt Switch|p1a: Porygon-Z
|-crit|p1a: Porygon-Z
|-damage|p1a: Porygon-Z|17\/312
|
|switch|p2a: Braviary|Braviary, M|175\/341
|
|turn|27
|
|switch|p2a: Milotic|Milotic, M|107\/394 par
|move|p1a: Porygon-Z|Ice Beam|p2a: Milotic
|-resisted|p2a: Milotic
|-damage|p2a: Milotic|43\/394 par
|
|-heal|p2a: Milotic|67\/394 par|[from] item: Leftovers
|turn|28
|
|move|p1a: Porygon-Z|Ice Beam|p2a: Milotic
|-resisted|p2a: Milotic
|-damage|p2a: Milotic|0 fnt
|faint|p2a: Milotic
|
|
|switch|p2a: Forretress|Forretress, F|202\/312
|turn|29
|
|switch|p1a: Beedrill|Beedrill, F|271\/271
|move|p2a: Forretress|Stealth Rock|p1a: Beedrill
|-sidestart|p1: KMBraker|move: Stealth Rock
|
|-heal|p2a: Forretress|221\/312|[from] item: Leftovers
|turn|30
|
|detailschange|p1a: Beedrill|Beedrill-Mega, F
|-mega|p1a: Beedrill|Beedrill|Beedrillite
|move|p1a: Beedrill|Knock Off|p2a: Forretress
|-damage|p2a: Forretress|132\/312
|-enditem|p2a: Forretress|Leftovers|[from] move: Knock Off|[of] p1a: Beedrill
|move|p2a: Forretress|Gyro Ball|p1a: Beedrill
|-damage|p1a: Beedrill|28\/271
|
|turn|31
|
|move|p1a: Beedrill|U-turn|p2a: Forretress
|-crit|p2a: Forretress
|-resisted|p2a: Forretress
|-damage|p2a: Forretress|31\/312
|
|switch|p1a: Porygon-Z|Porygon-Z|17\/312
|-damage|p1a: Porygon-Z|0 fnt|[from] Stealth Rock
|faint|p1a: Porygon-Z
|move|p2a: Forretress|Volt Switch|p1: Porygon-Z|[notarget]
|-notarget
|
|join|napty
|
|switch|p1a: Entei|Entei, shiny|114\/371
|-damage|p1a: Entei|22\/371|[from] Stealth Rock
|-ability|p1a: Entei|Pressure
|turn|32
|
|move|p1a: Entei|Extreme Speed|p2a: Forretress
|-resisted|p2a: Forretress
|-damage|p2a: Forretress|0 fnt
|faint|p2a: Forretress
|
|
|switch|p2a: Chesnaught|Chesnaught, M|352\/380
|turn|33
|
|move|p2a: Chesnaught|Spiky Shield|p2a: Chesnaught
|-singleturn|p2a: Chesnaught|move: Protect
|move|p1a: Entei|Extreme Speed|p2a: Chesnaught
|-activate|p2a: Chesnaught|move: Protect
|-damage|p1a: Entei|0 fnt|[from] Spiky Shield|[of] p2a: Chesnaught
|faint|p1a: Entei
|
|-heal|p2a: Chesnaught|375\/380|[from] item: Leftovers
|-message|KMBraker forfeited.
|
|win|RustyEspur
|raw|Ladder updating...
|leave|KMBraker
|player|p1
|raw|KMBraker's rating: 1326 &rarr; <strong>1308<\/strong><br \/>(-18 for losing)
|raw|RustyEspur's rating: 1356 &rarr; <strong>1374<\/strong><br \/>(+18 for winning)
|c|âRustyEspur|gg
|c| napty|we wish you a merry chirstmas
|c| napty|we wish you a merry chirstmas
|c|âRustyEspur|lol
|c| napty|we wish you a merry christmas
|c| napty|and
|c| napty|a
|c|âRustyEspur|and a happy new year
|c| napty|haappy
|c| napty|new
|c| napty|yearrrrrr
|c| napty|HAHAHAHAHAHHAHAHAHAHAHA
|c|âRustyEspur|forry
|c|âRustyEspur|is good
|c|âRustyEspur|lol
|c|âRustyEspur|<3
|c|âRustyEspur|<3
|c|âRustyEspur|<3
|c| napty|:]
|c| napty|:]
|c| napty|:]
|c| napty|:]
|c| napty|:]
|c| napty|:]
|c| napty|have you ever tried ferroseed in UU
|c|âRustyEspur|lol
|c|âRustyEspur|itll suck
|c|âRustyEspur|wont it
|c| napty|why
|c|âRustyEspur|idk
|c|âRustyEspur|knock off
|c|âRustyEspur|and no passive
|c|âRustyEspur|recovery
|c| napty|leech seed
|c|âRustyEspur|lol
|c| napty|NHHHHHHHHHHHHHHHHHHHHHHHHHHHHHHHHHHHHHHHHHHHHHHHHHHHHHHHHHHHHM%\/ÂµÂ§
|c| napty|my cat walked on my keyboard
|c| napty|you stupid cat
|c|âRustyEspur|btw
|c|âRustyEspur|just now an altaria survived
|c|âRustyEspur|ice beam
|c|âRustyEspur|lol
|c|âRustyEspur|milotic you weak shit
|c|âRustyEspur|eat ur cat
|c| napty|yeah milotic is stupid
|c| napty|btw
|c| napty|i do not
|c| napty|have
|c| napty|a cat
|c| napty|LOL
|c|âRustyEspur|lol
|c| napty|i was just kidding
|c|âRustyEspur|lol
|c|âRustyEspur|lol
|c|âRustyEspur|lol
|c| napty|lol
|c| napty|lol
|c| napty|lol
|c| napty|lol
|c| napty|lol
|c| napty|lol
|c| napty|lol
|c| napty|lol
|c| napty|lol
|c| napty|lol
|leave|RustyEspur
|player|p2
|c| napty|lol
|c| napty|lol
|c| napty|lol
|c| napty|lol
|c| napty|lol
|c| napty|lol
|c| napty|lol
|c| napty|lol
|c| napty|lol
|c| napty|lol
|c| napty|lol
|c| napty|lol
|c| napty|lol
|c| napty|lol
|c| napty|lol
|c| napty|lol
|c| napty|lol
|c| napty|lol
|c| napty|lol
|c| napty|lol
|join|RustyEspur
|c|âRustyEspur|bruh
|c|âRustyEspur|what are you doing here
|c|âRustyEspur|still loling
|c|âRustyEspur|lol
|c|âRustyEspur|lol
|c|âRustyEspur|lol
|c|âRustyEspur|lol
|c|âRustyEspur|lol
|c|âRustyEspur|lol
|c| napty|lol
|c|âRustyEspur|lol
|c|âRustyEspur|ololol
|c|âRustyEspur|lololo
|c|âRustyEspur|lolol
|c|âRustyEspur|lol
|c|âRustyEspur|lol
|c| napty|lol
|c| napty|lol
|c| napty|lol
|c| napty|lol
|c| napty|lol
|c| napty|lol
|c| napty|lol
|c| napty|lol
|c| napty|lol
|c| napty|lol
|c| napty|lol
|c| napty|lol