|join|Norge
|join|RustyEspur
|player|p1|Norge|148
|player|p2|RustyEspur|172
|gametype|singles
|gen|6
|tier|UU
|rated
|rule|Sleep Clause Mod: Limit one foe put to sleep
|rule|Species Clause: Limit one of each PokÃ©mon
|rule|OHKO Clause: OHKO moves are banned
|rule|Moody Clause: Moody is banned
|rule|Evasion Moves Clause: Evasion moves are banned
|rule|Endless Battle Clause: Forcing endless battles is banned
|rule|HP Percentage Mod: HP is shown in percentages
|clearpoke
|poke|p1|Aggron, M
|poke|p1|Snorlax, M
|poke|p1|Raikou
|poke|p1|Hippowdon, F
|poke|p1|Forretress, M
|poke|p1|Virizion
|poke|p2|Chesnaught, F
|poke|p2|Milotic, M
|poke|p2|Braviary, M
|poke|p2|Infernape, M
|poke|p2|Porygon-Z
|poke|p2|Claydol
|rule|Swagger Clause: Swagger is banned
|rule|Baton Pass Clause: Limit one PokÃ©mon knowing Baton Pass
|teampreview
|join|napty
|c| napty|LOL
|c|âRustyEspur|y
|c| napty|you were so focused on defog you forgot about rapid spin
|c|âRustyEspur|lol
|
|start
|switch|p1a: Raikou|Raikou|321\/321
|switch|p2a: Claydol|Claydol|324\/324
|-ability|p1a: Raikou|Pressure
|turn|1
|
|switch|p1a: buttmunch|Forretress, M|354\/354
|move|p2a: Claydol|Stealth Rock|p1a: buttmunch
|-sidestart|p1: Norge|move: Stealth Rock
|
|turn|2
|
|switch|p2a: Infernape|Infernape, M|293\/293
|move|p1a: buttmunch|Rapid Spin|p2a: Infernape
|-damage|p2a: Infernape|270\/293
|-sideend|p1: Norge|Stealth Rock|[from] move: Rapid Spin|[of] p1a: buttmunch
|
|turn|3
|
|switch|p1a: Hippowdon|Hippowdon, F|420\/420
|-weather|Sandstorm
|move|p2a: Infernape|Grass Knot|p1a: Hippowdon
|-supereffective|p1a: Hippowdon
|-damage|p1a: Hippowdon|66\/420
|-damage|p2a: Infernape|241\/293|[from] item: Life Orb
|
|-weather|Sandstorm|[upkeep]
|-damage|p2a: Infernape|223\/293|[from] sandstorm
|-heal|p1a: Hippowdon|92\/420|[from] item: Leftovers
|turn|4
|c| napty|wowoowowowowowowow
|c| napty|gettin wrecked
|c|âRustyEspur|ikr
|
|move|p2a: Infernape|Close Combat|p1a: Hippowdon
|-damage|p1a: Hippowdon|0 fnt
|-unboost|p2a: Infernape|def|1
|-unboost|p2a: Infernape|spd|1
|-damage|p2a: Infernape|194\/293|[from] item: Life Orb
|faint|p1a: Hippowdon
|
|-weather|Sandstorm|[upkeep]
|-damage|p2a: Infernape|176\/293|[from] sandstorm
|c|âRustyEspur|lol i dont have a fire move
|c|âRustyEspur|cos coverage
|
|switch|p1a: Virizion|Virizion|323\/323
|turn|5
|
|move|p2a: Infernape|Overheat|p1a: Virizion
|-supereffective|p1a: Virizion
|-damage|p1a: Virizion|19\/323
|-unboost|p2a: Infernape|spa|2
|-damage|p2a: Infernape|147\/293|[from] item: Life Orb
|move|p1a: Virizion|Focus Blast|p2a: Infernape
|-crit|p2a: Infernape
|-damage|p2a: Infernape|0 fnt
|faint|p2a: Infernape
|
|-weather|Sandstorm|[upkeep]
|-damage|p1a: Virizion|0 fnt|[from] sandstorm
|faint|p1a: Virizion
|c| napty|i cry everytime
|
|switch|p2a: Claydol|Claydol|324\/324
|switch|p1a: Snorlax|Snorlax, M|461\/461
|turn|6
|c|âRustyEspur|lol
|
|switch|p2a: Chesnaught|Chesnaught, F|380\/380
|move|p1a: Snorlax|Return|p2a: Chesnaught
|-crit|p2a: Chesnaught
|-damage|p2a: Chesnaught|131\/380
|
|-weather|Sandstorm|[upkeep]
|-damage|p2a: Chesnaught|108\/380|[from] sandstorm
|-damage|p1a: Snorlax|433\/461|[from] sandstorm
|-heal|p2a: Chesnaught|131\/380|[from] item: Leftovers
|turn|7
|
|switch|p1a: buttmunch|Forretress, M|354\/354
|move|p2a: Chesnaught|Spiky Shield|p2a: Chesnaught
|-fail|p2a: Chesnaught
|
|-weather|none
|-heal|p2a: Chesnaught|154\/380|[from] item: Leftovers
|turn|8
|c| napty|i dont get people who are using sandstorm when it's to their detriment
|c|âRustyEspur|infernape
|c|âRustyEspur|why did you die
|c| napty|this poor virizion dies because of sandstorm
|c|âRustyEspur|ye hippo should use sandstream
|c|âRustyEspur|shouldnt
|c|âRustyEspur|ttar should cos its rock type
|
|move|p2a: Chesnaught|Leech Seed|p1a: buttmunch
|-start|p1a: buttmunch|move: Leech Seed
|move|p1a: buttmunch|Volt Switch|p2a: Chesnaught
|-resisted|p2a: Chesnaught
|-damage|p2a: Chesnaught|131\/380
|c|âRustyEspur|omg
|c|âRustyEspur|the plays
|c| napty|makin plays
|
|switch|p1a: Raikou|Raikou|321\/321
|-ability|p1a: Raikou|Pressure
|
|-heal|p2a: Chesnaught|154\/380|[from] item: Leftovers
|turn|9
|
|move|p2a: Chesnaught|Spiky Shield|p2a: Chesnaught
|-singleturn|p2a: Chesnaught|move: Protect
|move|p1a: Raikou|Signal Beam|p2a: Chesnaught
|-activate|p2a: Chesnaught|move: Protect
|
|-heal|p2a: Chesnaught|177\/380|[from] item: Leftovers
|turn|10
|c| napty|ur defensive core is weak to boltbeam
|
|switch|p2a: Claydol|Claydol|324\/324
|move|p1a: Raikou|Signal Beam|p2a: Claydol
|-supereffective|p2a: Claydol
|-damage|p2a: Claydol|220\/324
|
|-heal|p2a: Claydol|240\/324|[from] item: Leftovers
|turn|11
|c|âRustyEspur|all
|c|âRustyEspur|hhh
|
|switch|p1a: Snorlax|Snorlax, M|433\/461
|move|p2a: Claydol|Stealth Rock|p1a: Snorlax
|-sidestart|p1: Norge|move: Stealth Rock
|
|-heal|p2a: Claydol|260\/324|[from] item: Leftovers
|turn|12
|
|switch|p2a: Milotic|Milotic, M|394\/394
|move|p1a: Snorlax|Return|p2a: Milotic
|-damage|p2a: Milotic|180\/394
|
|-heal|p2a: Milotic|204\/394|[from] item: Leftovers
|turn|13
|c|âRustyEspur|bruh
|c|âRustyEspur|the band
|
|move|p2a: Milotic|Recover|p2a: Milotic
|-heal|p2a: Milotic|394\/394
|move|p1a: Snorlax|Return|p2a: Milotic
|-crit|p2a: Milotic
|-damage|p2a: Milotic|73\/394
|
|-heal|p2a: Milotic|97\/394|[from] item: Leftovers
|turn|14
|c| napty|you don't even have a normal resistance
|
|move|p2a: Milotic|Recover|p2a: Milotic
|-heal|p2a: Milotic|294\/394
|move|p1a: Snorlax|Return|p2a: Milotic
|-damage|p2a: Milotic|59\/394
|
|-heal|p2a: Milotic|83\/394|[from] item: Leftovers
|turn|15
|c|âRustyEspur|it hurts
|c|âRustyEspur|i need a steel
|c| napty|what's the point of healing urself
|c| napty|spread a status and die
|
|move|p2a: Milotic|Toxic|p1a: Snorlax
|-status|p1a: Snorlax|tox
|move|p1a: Snorlax|Return|p2a: Milotic
|-damage|p2a: Milotic|0 fnt
|faint|p2a: Milotic
|
|-damage|p1a: Snorlax|405\/461 tox|[from] psn
|
|switch|p2a: Braviary|Braviary, M|341\/341
|turn|16
|c|âRustyEspur|i need a lil more spA on ape
|
|switch|p1a: buttmunch|Forretress, M|354\/354
|-damage|p1a: buttmunch|310\/354|[from] Stealth Rock
|move|p2a: Braviary|Superpower|p1a: buttmunch
|-crit|p1a: buttmunch
|-damage|p1a: buttmunch|156\/354
|-unboost|p2a: Braviary|atk|1
|-unboost|p2a: Braviary|def|1
|
|-heal|p1a: buttmunch|178\/354|[from] item: Leftovers
|turn|17
|
|switch|p2a: Porygon-Z|Porygon-Z|311\/311
|-boost|p2a: Porygon-Z|spa|1|[from] ability: Download
|move|p1a: buttmunch|Volt Switch|p2a: Porygon-Z
|-damage|p2a: Porygon-Z|266\/311
|
|switch|p1a: Snorlax|Snorlax, M|405\/461 tox
|-damage|p1a: Snorlax|348\/461 tox|[from] Stealth Rock
|
|-damage|p1a: Snorlax|320\/461 tox|[from] psn
|turn|18
|c| napty|hyper beam
|
|switch|p2a: Claydol|Claydol|260\/324
|move|p1a: Snorlax|Return|p2a: Claydol
|-damage|p2a: Claydol|26\/324
|
|-heal|p2a: Claydol|46\/324|[from] item: Leftovers
|-damage|p1a: Snorlax|264\/461 tox|[from] psn
|turn|19
|
|move|p2a: Claydol|Earth Power|p1a: Snorlax
|-damage|p1a: Snorlax|200\/461 tox
|move|p1a: Snorlax|Return|p2a: Claydol
|-damage|p2a: Claydol|0 fnt
|faint|p2a: Claydol
|
|-damage|p1a: Snorlax|116\/461 tox|[from] psn
|
|switch|p2a: Braviary|Braviary, M|341\/341
|turn|20
|
|move|p2a: Braviary|Brave Bird|p1a: Snorlax
|-damage|p1a: Snorlax|0 fnt
|-damage|p2a: Braviary|303\/341|[from] recoil|[of] p1a: Snorlax
|faint|p1a: Snorlax
|
|c| napty|you can win with chesnaught only right there imo
|c|âRustyEspur|but snorlax2strong
|
|switch|p1a: Aggron|Aggron, M|344\/344
|-damage|p1a: Aggron|323\/344|[from] Stealth Rock
|turn|21
|
|switch|p2a: Chesnaught|Chesnaught, F|177\/380
|detailschange|p1a: Aggron|Aggron-Mega, M
|-mega|p1a: Aggron|Aggron|Aggronite
|move|p1a: Aggron|Curse|p1a: Aggron
|-boost|p1a: Aggron|atk|1
|-boost|p1a: Aggron|def|1
|-unboost|p1a: Aggron|spe|1
|
|-heal|p2a: Chesnaught|200\/380|[from] item: Leftovers
|turn|22
|c|âRustyEspur|i couldnt stay in
|
|move|p2a: Chesnaught|Leech Seed|p1a: Aggron
|-start|p1a: Aggron|move: Leech Seed
|move|p1a: Aggron|Curse|p1a: Aggron
|-boost|p1a: Aggron|atk|1
|-boost|p1a: Aggron|def|1
|-unboost|p1a: Aggron|spe|1
|
|-heal|p2a: Chesnaught|223\/380|[from] item: Leftovers
|-damage|p1a: Aggron|280\/344|[from] Leech Seed|[of] p2a: Chesnaught
|-heal|p2a: Chesnaught|266\/380|[silent]
|turn|23
|c| napty|put the seed
|c| napty|drain the punch
|c| napty|lalalalalalala
|c|âRustyEspur|@.@
|
|move|p2a: Chesnaught|Spikes|p1a: Aggron
|-sidestart|p1: Norge|Spikes
|move|p1a: Aggron|Heavy Slam|p2a: Chesnaught
|-damage|p2a: Chesnaught|79\/380
|
|-heal|p2a: Chesnaught|102\/380|[from] item: Leftovers
|-damage|p1a: Aggron|237\/344|[from] Leech Seed|[of] p2a: Chesnaught
|-heal|p2a: Chesnaught|145\/380|[silent]
|turn|24
|c| napty|hell, this hurts
|c| napty|are you invested
|c|âRustyEspur|ikr
|c|âRustyEspur|me?
|c| napty|yes
|c|âRustyEspur|max hp max atk
|
|move|p2a: Chesnaught|Spiky Shield|p2a: Chesnaught
|-singleturn|p2a: Chesnaught|move: Protect
|move|p1a: Aggron|Rest|p1a: Aggron
|-status|p1a: Aggron|slp
|-heal|p1a: Aggron|344\/344 slp|[silent]
|-status|p1a: Aggron|slp|[from] move: Rest
|
|-heal|p2a: Chesnaught|168\/380|[from] item: Leftovers
|-damage|p1a: Aggron|301\/344 slp|[from] Leech Seed|[of] p2a: Chesnaught
|-heal|p2a: Chesnaught|211\/380|[silent]
|turn|25
|c| napty|ok
|c|âRustyEspur|jk
|
|switch|p2a: Porygon-Z|Porygon-Z|266\/311
|-boost|p2a: Porygon-Z|spa|1|[from] ability: Download
|cant|p1a: Aggron|slp
|move|p1a: Aggron|Sleep Talk|p1a: Aggron
|move|p1a: Aggron|Curse|p1a: Aggron|[from]Sleep Talk
|-boost|p1a: Aggron|atk|1
|-boost|p1a: Aggron|def|1
|-unboost|p1a: Aggron|spe|1
|
|-damage|p1a: Aggron|258\/344 slp|[from] Leech Seed|[of] p2a: Porygon-Z
|-heal|p2a: Porygon-Z|309\/311|[silent]
|turn|26
|c|âRustyEspur|i beg
|c|âRustyEspur|i pray
|c| napty|flamethrower
|
|move|p2a: Porygon-Z|Dark Pulse|p1a: Aggron
|-damage|p1a: Aggron|89\/344 slp
|-damage|p2a: Porygon-Z|278\/311|[from] item: Life Orb
|cant|p1a: Aggron|slp
|move|p1a: Aggron|Sleep Talk|p1a: Aggron
|move|p1a: Aggron|Heavy Slam|p2a: Porygon-Z|[from]Sleep Talk
|-damage|p2a: Porygon-Z|0 fnt
|faint|p2a: Porygon-Z
|
|c|âRustyEspur|fk
|
|switch|p2a: Braviary|Braviary, M|303\/341
|turn|27
|
|move|p2a: Braviary|Superpower|p1a: Aggron
|-supereffective|p1a: Aggron
|-damage|p1a: Aggron|46\/344 slp
|-unboost|p2a: Braviary|atk|1
|-unboost|p2a: Braviary|def|1
|-curestatus|p1a: Aggron|slp
|move|p1a: Aggron|Rest|p1a: Aggron
|-status|p1a: Aggron|slp
|-heal|p1a: Aggron|344\/344 slp|[silent]
|-status|p1a: Aggron|slp|[from] move: Rest
|
|-damage|p1a: Aggron|301\/344 slp|[from] Leech Seed|[of] p2a: Braviary
|-heal|p2a: Braviary|341\/341|[silent]
|turn|28
|c|âRustyEspur|tahts game over
|-message|RustyEspur forfeited.
|
|win|Norge
|raw|Ladder updating...
|leave|RustyEspur
|player|p2
|raw|Norge's rating: 1446 &rarr; <strong>1462<\/strong><br \/>(+16 for winning)
|raw|RustyEspur's rating: 1372 &rarr; <strong>1356<\/strong><br \/>(-16 for losing)
|c|âNorge|rekt
|leave|napty