|join|IM A DINNER JACKET
|join|RustyEspur
|player|p1|IM A DINNER JACKET|166
|player|p2|RustyEspur|172
|gametype|singles
|gen|6
|tier|UU
|rated
|rule|Sleep Clause Mod: Limit one foe put to sleep
|rule|Species Clause: Limit one of each PokÃ©mon
|rule|OHKO Clause: OHKO moves are banned
|rule|Moody Clause: Moody is banned
|rule|Evasion Moves Clause: Evasion moves are banned
|rule|Endless Battle Clause: Forcing endless battles is banned
|rule|HP Percentage Mod: HP is shown in percentages
|clearpoke
|poke|p1|Beedrill, F, shiny
|poke|p1|Flygon, F, shiny
|poke|p1|Raikou
|poke|p1|Krookodile, F
|poke|p1|Empoleon, F, shiny
|poke|p1|Toxicroak, M, shiny
|poke|p2|Sharpedo, M
|poke|p2|Roserade, M
|poke|p2|Entei, shiny
|poke|p2|Krookodile, M
|poke|p2|Empoleon, F
|poke|p2|Machamp, F
|rule|Swagger Clause: Swagger is banned
|rule|Baton Pass Clause: Limit one PokÃ©mon knowing Baton Pass
|teampreview
|
|start
|switch|p1a: Krookodile|Krookodile, F|331\/331
|switch|p2a: Machamp|Machamp, F|383\/383
|-ability|p1a: Krookodile|Intimidate|[of] p2a: Machamp
|-unboost|p2a: Machamp|atk|1
|turn|1
|
|move|p1a: Krookodile|Stealth Rock|p2a: Machamp
|-sidestart|p2: RustyEspur|move: Stealth Rock
|move|p2a: Machamp|Dynamic Punch|p1a: Krookodile
|-supereffective|p1a: Krookodile
|-damage|p1a: Krookodile|1\/331
|-start|p1a: Krookodile|confusion
|
|turn|2
|
|move|p2a: Machamp|Bullet Punch|p1a: Krookodile
|-damage|p1a: Krookodile|0 fnt
|faint|p1a: Krookodile
|
|
|switch|p1a: Toxicroak|Toxicroak, M, shiny|308\/308
|turn|3
|
|switch|p2a: Krookodile|Krookodile, M|394\/394
|-damage|p2a: Krookodile|370\/394|[from] Stealth Rock
|-ability|p2a: Krookodile|Intimidate|[of] p1a: Toxicroak
|-unboost|p1a: Toxicroak|atk|1
|move|p1a: Toxicroak|Drain Punch|p2a: Krookodile
|-crit|p2a: Krookodile
|-supereffective|p2a: Krookodile
|-damage|p2a: Krookodile|0 fnt
|-damage|p1a: Toxicroak|278\/308|[from] item: Life Orb
|faint|p2a: Krookodile
|
|
|switch|p2a: Entei|Entei, shiny|371\/371
|-damage|p2a: Entei|279\/371|[from] Stealth Rock
|-ability|p2a: Entei|Pressure
|turn|4
|
|switch|p1a: Empoleon|Empoleon, F, shiny|372\/372
|move|p2a: Entei|Sacred Fire|p1a: Empoleon
|-damage|p1a: Empoleon|72\/372
|-status|p1a: Empoleon|brn
|
|-heal|p1a: Empoleon|95\/372 brn|[from] item: Leftovers
|-damage|p1a: Empoleon|49\/372 brn|[from] brn
|turn|5
|
|move|p2a: Entei|Sacred Fire|p1a: Empoleon
|-damage|p1a: Empoleon|0 fnt
|faint|p1a: Empoleon
|
|
|switch|p1a: Flygon|Flygon, F, shiny|302\/302
|turn|6
|
|switch|p2a: Roserade|Roserade, M|261\/261
|-damage|p2a: Roserade|229\/261|[from] Stealth Rock
|move|p1a: Flygon|Earthquake|p2a: Roserade
|-damage|p2a: Roserade|34\/261
|
|turn|7
|
|move|p1a: Flygon|Earthquake|p2a: Roserade
|-damage|p2a: Roserade|0 fnt
|faint|p2a: Roserade
|
|
|switch|p2a: Machamp|Machamp, F|383\/383
|-damage|p2a: Machamp|360\/383|[from] Stealth Rock
|turn|8
|
|move|p1a: Flygon|Earthquake|p2a: Machamp
|-damage|p2a: Machamp|189\/383
|move|p2a: Machamp|Knock Off|p1a: Flygon
|-damage|p1a: Flygon|146\/302
|-enditem|p1a: Flygon|Choice Scarf|[from] move: Knock Off|[of] p2a: Machamp
|
|turn|9
|
|move|p1a: Flygon|Earthquake|p2a: Machamp
|-damage|p2a: Machamp|9\/383
|move|p2a: Machamp|Dynamic Punch|p1a: Flygon
|-damage|p1a: Flygon|0 fnt
|faint|p1a: Flygon
|
|c|âIM A DINNER JACKET|ofcours elow roll all the fucken time
|
|switch|p1a: Raikou|Raikou|321\/321
|-ability|p1a: Raikou|Pressure
|turn|10
|
|move|p2a: Machamp|Bullet Punch|p1a: Raikou
|-resisted|p1a: Raikou
|-damage|p1a: Raikou|286\/321
|move|p1a: Raikou|Volt Switch|p2a: Machamp
|-damage|p2a: Machamp|0 fnt
|faint|p2a: Machamp
|
|switch|p1a: Beedrill|Beedrill, F, shiny|271\/271
|
|
|switch|p2a: Sharpedo|Sharpedo, M|281\/281
|-damage|p2a: Sharpedo|246\/281|[from] Stealth Rock
|turn|11
|
|switch|p1a: Toxicroak|Toxicroak, M, shiny|278\/308
|move|p2a: Sharpedo|Crunch|p1a: Toxicroak
|-resisted|p1a: Toxicroak
|-damage|p1a: Toxicroak|167\/308
|
|-boost|p2a: Sharpedo|spe|1|[from] ability: Speed Boost
|turn|12
|
|detailschange|p2a: Sharpedo|Sharpedo-Mega, M
|message|Sharpedo has Mega Evolved into Mega Sharpedo!
|move|p2a: Sharpedo|Crunch|p1a: Toxicroak
|-resisted|p1a: Toxicroak
|-damage|p1a: Toxicroak|0 fnt
|faint|p1a: Toxicroak
|
|
|switch|p1a: Raikou|Raikou|286\/321
|-ability|p1a: Raikou|Pressure
|turn|13
|
|move|p2a: Sharpedo|Destiny Bond|p2a: Sharpedo
|-singlemove|p2a: Sharpedo|Destiny Bond
|move|p1a: Raikou|Volt Switch|p2a: Sharpedo
|-supereffective|p2a: Sharpedo
|-damage|p2a: Sharpedo|0 fnt
|faint|p2a: Sharpedo
|-activate|p2a: Sharpedo|Destiny Bond
|faint|p1a: Raikou
|
|
|switch|p1a: Beedrill|Beedrill, F, shiny|271\/271
|switch|p2a: Empoleon|Empoleon, F|372\/372
|-damage|p2a: Empoleon|349\/372|[from] Stealth Rock
|turn|14
|
|detailschange|p1a: Beedrill|Beedrill-Mega, F, shiny
|message|Beedrill has Mega Evolved into Mega Beedrill!
|move|p1a: Beedrill|Drill Run|p2a: Empoleon
|-supereffective|p2a: Empoleon
|-damage|p2a: Empoleon|111\/372
|move|p2a: Empoleon|Scald|p1a: Beedrill
|-damage|p1a: Beedrill|100\/271
|
|-heal|p2a: Empoleon|134\/372|[from] item: Leftovers
|turn|15
|c|âRustyEspur|~~drill run is weak af lol~~
|c|âRustyEspur|~~nice and timerstall~~
|
|move|p1a: Beedrill|Drill Run|p2a: Empoleon
|-supereffective|p2a: Empoleon
|-damage|p2a: Empoleon|0 fnt
|faint|p2a: Empoleon
|
|
|switch|p2a: Entei|Entei, shiny|279\/371
|-damage|p2a: Entei|187\/371|[from] Stealth Rock
|-ability|p2a: Entei|Pressure
|turn|16
|c|âRustyEspur|you are *very* good at this game, fren :]
|c|âRustyEspur|no sarcasm
|c|âRustyEspur|best player on the uu ladder so far :]
|c|âRustyEspur|im honoured to have battled you, fren
|c|âRustyEspur|:]
|-message|IM A DINNER JACKET lost due to inactivity.
|
|win|RustyEspur
|raw|Ladder updating...
|raw|IM A DINNER JACKET's rating: 1359 &rarr; <strong>1340<\/strong><br \/>(-19 for losing)
|raw|RustyEspur's rating: 1373 &rarr; <strong>1392<\/strong><br \/>(+19 for winning)