|join|RustyEspur
|join|HI THERE YOURE YOU
|player|p1|RustyEspur|172
|player|p2|HI THERE YOURE YOU|80
|gametype|singles
|gen|6
|tier|UU
|rated
|rule|Sleep Clause Mod: Limit one foe put to sleep
|rule|Species Clause: Limit one of each PokÃ©mon
|rule|OHKO Clause: OHKO moves are banned
|rule|Moody Clause: Moody is banned
|rule|Evasion Moves Clause: Evasion moves are banned
|rule|Endless Battle Clause: Forcing endless battles is banned
|rule|HP Percentage Mod: HP is shown in percentages
|clearpoke
|poke|p1|Camerupt, F
|poke|p1|Celebi
|poke|p1|Swampert, F
|poke|p1|Chandelure, M
|poke|p1|Lucario, M
|poke|p1|Hydreigon, M
|poke|p2|Blastoise, M
|poke|p2|Dugtrio, M
|poke|p2|Galvantula, M
|poke|p2|Crobat, M
|poke|p2|Mienshao, F
|poke|p2|Porygon-Z
|rule|Swagger Clause: Swagger is banned
|rule|Baton Pass Clause: Limit one PokÃ©mon knowing Baton Pass
|teampreview
|
|start
|switch|p1a: Camerupt|Camerupt, F|344\/344
|switch|p2a: Mienshao|Mienshao, F|271\/271
|turn|1
|
|detailschange|p1a: Camerupt|Camerupt-Mega, F
|message|Camerupt has Mega Evolved into Mega Camerupt!
|move|p2a: Mienshao|Knock Off|p1a: Camerupt
|-damage|p1a: Camerupt|237\/344
|-damage|p2a: Mienshao|244\/271|[from] item: Life Orb
|move|p1a: Camerupt|Earth Power|p2a: Mienshao
|-crit|p2a: Mienshao
|-damage|p2a: Mienshao|0 fnt
|faint|p2a: Mienshao
|
|
|switch|p2a: Crobat|Crobat, M|311\/311
|turn|2
|
|switch|p1a: Swampert|Swampert, F|404\/404
|move|p2a: Crobat|U-turn|p1a: Swampert
|-damage|p1a: Swampert|328\/404
|
|switch|p2a: Galvantula|Galvantula, M|281\/281
|
|-heal|p1a: Swampert|353\/404|[from] item: Leftovers
|turn|3
|
|switch|p1a: Camerupt|Camerupt-Mega, F|237\/344
|move|p2a: Galvantula|Sticky Web|p1a: Camerupt
|-sidestart|p1: RustyEspur|move: Sticky Web
|
|turn|4
|
|switch|p2a: Dugtrio|Dugtrio, M|212\/212
|move|p1a: Camerupt|Will-O-Wisp|p2a: Dugtrio
|-status|p2a: Dugtrio|brn
|
|-damage|p2a: Dugtrio|186\/212 brn|[from] brn
|turn|5
|
|move|p2a: Dugtrio|Earthquake|p1a: Camerupt
|-supereffective|p1a: Camerupt
|-damage|p1a: Camerupt|55\/344
|move|p1a: Camerupt|Earth Power|p2a: Dugtrio
|-damage|p2a: Dugtrio|0 fnt
|faint|p2a: Dugtrio
|
|
|switch|p2a: Crobat|Crobat, M|311\/311
|turn|6
|
|move|p2a: Crobat|U-turn|p1a: Camerupt
|-resisted|p1a: Camerupt
|-damage|p1a: Camerupt|4\/344
|
|switch|p2a: Blastoise|Blastoise, M|362\/362
|move|p1a: Camerupt|Fire Blast|p2a: Blastoise
|-resisted|p2a: Blastoise
|-damage|p2a: Blastoise|230\/362
|
|turn|7
|
|switch|p1a: Celebi|Celebi|404\/404
|-activate|p1a: Celebi|move: Sticky Web
|-unboost|p1a: Celebi|spe|1
|detailschange|p2a: Blastoise|Blastoise-Mega, M
|message|Blastoise has Mega Evolved into Mega Blastoise!
|move|p2a: Blastoise|Ice Beam|p1a: Celebi
|-supereffective|p1a: Celebi
|-damage|p1a: Celebi|218\/404
|
|-heal|p1a: Celebi|243\/404|[from] item: Leftovers
|turn|8
|
|move|p2a: Blastoise|Ice Beam|p1a: Celebi
|-supereffective|p1a: Celebi
|-damage|p1a: Celebi|57\/404
|move|p1a: Celebi|Giga Drain|p2a: Blastoise
|-supereffective|p2a: Blastoise
|-damage|p2a: Blastoise|66\/362
|-heal|p1a: Celebi|139\/404|[from] drain|[of] p2a: Blastoise
|
|-heal|p1a: Celebi|164\/404|[from] item: Leftovers
|turn|9
|
|move|p2a: Blastoise|Ice Beam|p1a: Celebi
|-supereffective|p1a: Celebi
|-damage|p1a: Celebi|0 fnt
|faint|p1a: Celebi
|
|
|switch|p1a: Hydreigon|Hydreigon, M|325\/325
|turn|10
|
|move|p1a: Hydreigon|Dark Pulse|p2a: Blastoise
|-damage|p2a: Blastoise|0 fnt
|faint|p2a: Blastoise
|
|
|switch|p2a: Crobat|Crobat, M|311\/311
|turn|11
|
|switch|p1a: Camerupt|Camerupt-Mega, F|4\/344
|-activate|p1a: Camerupt|move: Sticky Web
|-unboost|p1a: Camerupt|spe|1
|move|p2a: Crobat|Brave Bird|p1a: Camerupt
|-damage|p1a: Camerupt|0 fnt
|-damage|p2a: Crobat|310\/311|[from] recoil|[of] p1a: Camerupt
|faint|p1a: Camerupt
|
|
|switch|p1a: Swampert|Swampert, F|353\/404
|-activate|p1a: Swampert|move: Sticky Web
|-unboost|p1a: Swampert|spe|1
|turn|12
|
|move|p2a: Crobat|Brave Bird|p1a: Swampert
|-damage|p1a: Swampert|166\/404
|-damage|p2a: Crobat|248\/311|[from] recoil|[of] p1a: Swampert
|move|p1a: Swampert|Stealth Rock|p2a: Crobat
|-sidestart|p2: HI THERE YOURE YOU|move: Stealth Rock
|
|-heal|p1a: Swampert|191\/404|[from] item: Leftovers
|turn|13
|
|move|p2a: Crobat|Brave Bird|p1a: Swampert
|-damage|p1a: Swampert|0 fnt
|-damage|p2a: Crobat|185\/311|[from] recoil|[of] p1a: Swampert
|faint|p1a: Swampert
|
|
|switch|p1a: Chandelure|Chandelure, M|261\/261
|-activate|p1a: Chandelure|move: Sticky Web
|-unboost|p1a: Chandelure|spe|1
|turn|14
|
|move|p2a: Crobat|Brave Bird|p1a: Chandelure
|-damage|p1a: Chandelure|0 fnt
|-damage|p2a: Crobat|99\/311|[from] recoil|[of] p1a: Chandelure
|faint|p1a: Chandelure
|
|
|switch|p1a: Lucario|Lucario, M|281\/281
|-activate|p1a: Lucario|move: Sticky Web
|-unboost|p1a: Lucario|spe|1
|turn|15
|
|move|p1a: Lucario|Extreme Speed|p2a: Crobat
|-damage|p2a: Crobat|0 fnt
|-damage|p1a: Lucario|253\/281|[from] item: Life Orb
|faint|p2a: Crobat
|
|
|switch|p2a: Galvantula|Galvantula, M|281\/281
|-damage|p2a: Galvantula|211\/281|[from] Stealth Rock
|turn|16
|
|move|p2a: Galvantula|Volt Switch|p1a: Lucario
|-damage|p1a: Lucario|123\/281
|
|switch|p2a: Porygon-Z|Porygon-Z|312\/312
|-damage|p2a: Porygon-Z|273\/312|[from] Stealth Rock
|move|p1a: Lucario|Swords Dance|p1a: Lucario
|-boost|p1a: Lucario|atk|2
|
|turn|17
|
|move|p1a: Lucario|Extreme Speed|p2a: Porygon-Z
|-damage|p2a: Porygon-Z|0 fnt
|-damage|p1a: Lucario|95\/281|[from] item: Life Orb
|faint|p2a: Porygon-Z
|
|
|switch|p2a: Galvantula|Galvantula, M|211\/281
|-damage|p2a: Galvantula|141\/281|[from] Stealth Rock
|turn|18
|
|move|p1a: Lucario|Extreme Speed|p2a: Galvantula
|-damage|p2a: Galvantula|0 fnt
|-damage|p1a: Lucario|67\/281|[from] item: Life Orb
|faint|p2a: Galvantula
|
|win|RustyEspur
|raw|Ladder updating...
|c|âHI THERE YOURE YOU|gg
|raw|RustyEspur's rating: 1201 &rarr; <strong>1225<\/strong><br \/>(+24 for winning)
|raw|HI THERE YOURE YOU's rating: 1184 &rarr; <strong>1160<\/strong><br \/>(-24 for losing)
|c|âRustyEspur|gg
|leave|HI THERE YOURE YOU
|player|p2