|join|dany_lf
|join|RustyEspur
|player|p1|dany_lf|137
|player|p2|RustyEspur|172
|gametype|singles
|gen|6
|tier|UU
|rated
|rule|Sleep Clause Mod: Limit one foe put to sleep
|rule|Species Clause: Limit one of each PokÃ©mon
|rule|OHKO Clause: OHKO moves are banned
|rule|Moody Clause: Moody is banned
|rule|Evasion Moves Clause: Evasion moves are banned
|rule|Endless Battle Clause: Forcing endless battles is banned
|rule|HP Percentage Mod: HP is shown in percentages
|clearpoke
|poke|p1|Gourgeist-*, F
|poke|p1|Miltank, F
|poke|p1|Umbreon, M, shiny
|poke|p1|Nidoqueen, F
|poke|p1|Milotic, M
|poke|p1|Cinccino, M
|poke|p2|Dragalge, M
|poke|p2|Lopunny, M
|poke|p2|Tentacruel, F
|poke|p2|Fletchinder, M
|poke|p2|Trevenant, F
|poke|p2|Krookodile, F
|rule|Swagger Clause: Swagger is banned
|rule|Baton Pass Clause: Limit one PokÃ©mon knowing Baton Pass
|teampreview
|c|âdany_lf|Lopunny ! 3-
|c|âdany_lf|*-* *
|
|start
|switch|p1a: Cinccino|Cinccino, M|291\/291
|switch|p2a: Dragalge|Dragalge, M|333\/333
|turn|1
|
|switch|p2a: Trevenant|Trevenant, F|311\/311
|move|p1a: Cinccino|Tail Slap|p2a: Trevenant
|-immune|p2a: Trevenant|[msg]
|
|turn|2
|c|âRustyEspur|lol
|
|move|p1a: Cinccino|Rock Blast|p2a: Trevenant|[miss]
|-miss|p1a: Cinccino|p2a: Trevenant
|move|p2a: Trevenant|Horn Leech|p1a: Cinccino
|-damage|p1a: Cinccino|38\/291
|-damage|p2a: Trevenant|280\/311|[from] item: Life Orb
|
|turn|3
|
|move|p1a: Cinccino|U-turn|p2a: Trevenant
|-damage|p2a: Trevenant|188\/311
|
|switch|p1a: Gourgeist-Super|Gourgeist-Super, F|374\/374
|-item|p2a: Trevenant|Life Orb|[from] ability: Frisk|[of] p1a: Gourgeist-Super|[identify]
|move|p2a: Trevenant|Horn Leech|p1a: Gourgeist-Super
|-crit|p1a: Gourgeist-Super
|-resisted|p1a: Gourgeist-Super
|-damage|p1a: Gourgeist-Super|290\/374
|-heal|p2a: Trevenant|230\/311|[from] drain|[of] p1a: Gourgeist-Super
|-damage|p2a: Trevenant|199\/311|[from] item: Life Orb
|
|-heal|p1a: Gourgeist-Super|313\/374|[from] item: Leftovers
|turn|4
|
|move|p2a: Trevenant|Substitute|p2a: Trevenant
|-start|p2a: Trevenant|Substitute
|-damage|p2a: Trevenant|122\/311
|move|p1a: Gourgeist-Super|Will-O-Wisp|p2a: Trevenant
|
|-heal|p1a: Gourgeist-Super|336\/374|[from] item: Leftovers
|turn|5
|
|move|p1a: Gourgeist-Super|Shadow Sneak|p2a: Trevenant
|-supereffective|p2a: Trevenant
|-end|p2a: Trevenant|Substitute
|move|p2a: Trevenant|Shadow Claw|p1a: Gourgeist-Super
|-supereffective|p1a: Gourgeist-Super
|-damage|p1a: Gourgeist-Super|115\/374
|-damage|p2a: Trevenant|91\/311|[from] item: Life Orb
|
|-heal|p1a: Gourgeist-Super|138\/374|[from] item: Leftovers
|turn|6
|
|move|p1a: Gourgeist-Super|Shadow Sneak|p2a: Trevenant
|-supereffective|p2a: Trevenant
|-damage|p2a: Trevenant|0 fnt
|faint|p2a: Trevenant
|
|-heal|p1a: Gourgeist-Super|161\/374|[from] item: Leftovers
|
|switch|p2a: Fletchinder|Fletchinder, M|305\/305
|turn|7
|
|move|p1a: Gourgeist-Super|Protect|p1a: Gourgeist-Super
|-singleturn|p1a: Gourgeist-Super|Protect
|move|p2a: Fletchinder|Acrobatics|p1a: Gourgeist-Super
|-activate|p1a: Gourgeist-Super|Protect
|
|-heal|p1a: Gourgeist-Super|184\/374|[from] item: Leftovers
|turn|8
|
|switch|p1a: Miltank|Miltank, F|394\/394
|move|p2a: Fletchinder|Acrobatics|p1a: Miltank
|-damage|p1a: Miltank|297\/394
|
|-heal|p1a: Miltank|321\/394|[from] item: Leftovers
|turn|9
|
|move|p1a: Miltank|Curse|p1a: Miltank
|-boost|p1a: Miltank|atk|1
|-boost|p1a: Miltank|def|1
|-unboost|p1a: Miltank|spe|1
|move|p2a: Fletchinder|Will-O-Wisp|p1a: Miltank
|-status|p1a: Miltank|brn
|
|-heal|p1a: Miltank|345\/394 brn|[from] item: Leftovers
|-damage|p1a: Miltank|296\/394 brn|[from] brn
|turn|10
|
|move|p2a: Fletchinder|Swords Dance|p2a: Fletchinder
|-boost|p2a: Fletchinder|atk|2
|move|p1a: Miltank|Heal Bell|p1a: Miltank
|-cureteam|p1a: Miltank|[from] move: HealBell
|
|-heal|p1a: Miltank|320\/394|[from] item: Leftovers
|turn|11
|
|move|p2a: Fletchinder|Swords Dance|p2a: Fletchinder
|-boost|p2a: Fletchinder|atk|2
|move|p1a: Miltank|Body Slam|p2a: Fletchinder
|-damage|p2a: Fletchinder|92\/305
|-status|p2a: Fletchinder|par
|
|-heal|p1a: Miltank|344\/394|[from] item: Leftovers
|turn|12
|
|move|p2a: Fletchinder|Acrobatics|p1a: Miltank
|-damage|p1a: Miltank|130\/394
|move|p1a: Miltank|Body Slam|p2a: Fletchinder
|-damage|p2a: Fletchinder|0 fnt
|faint|p2a: Fletchinder
|
|-heal|p1a: Miltank|154\/394|[from] item: Leftovers
|
|switch|p2a: Lopunny|Lopunny, M|271\/271
|turn|13
|
|detailschange|p2a: Lopunny|Lopunny-Mega, M
|message|Lopunny has Mega Evolved into Mega Lopunny!
|move|p2a: Lopunny|High Jump Kick|p1a: Miltank
|-supereffective|p1a: Miltank
|-damage|p1a: Miltank|0 fnt
|faint|p1a: Miltank
|
|
|switch|p1a: Gourgeist-Super|Gourgeist-Super, F|184\/374
|-item|p2a: Lopunny|Lopunnite|[from] ability: Frisk|[of] p1a: Gourgeist-Super|[identify]
|turn|14
|
|switch|p2a: Dragalge|Dragalge, M|333\/333
|move|p1a: Gourgeist-Super|Leech Seed|p2a: Dragalge
|-start|p2a: Dragalge|move: Leech Seed
|
|-heal|p1a: Gourgeist-Super|207\/374|[from] item: Leftovers
|-damage|p2a: Dragalge|292\/333|[from] Leech Seed|[of] p1a: Gourgeist-Super
|-heal|p1a: Gourgeist-Super|248\/374|[silent]
|turn|15
|
|move|p1a: Gourgeist-Super|Will-O-Wisp|p2a: Dragalge
|-status|p2a: Dragalge|brn
|move|p2a: Dragalge|Draco Meteor|p1a: Gourgeist-Super
|-damage|p1a: Gourgeist-Super|0 fnt
|-unboost|p2a: Dragalge|spa|2
|faint|p1a: Gourgeist-Super
|
|-damage|p2a: Dragalge|251\/333 brn|[from] brn
|
|switch|p1a: Cinccino|Cinccino, M|38\/291
|turn|16
|
|switch|p2a: Krookodile|Krookodile, F|394\/394
|-ability|p2a: Krookodile|Intimidate|[of] p1a: Cinccino
|-unboost|p1a: Cinccino|atk|1
|move|p1a: Cinccino|Tail Slap|p2a: Krookodile
|-damage|p2a: Krookodile|370\/394
|-damage|p2a: Krookodile|349\/394
|-damage|p2a: Krookodile|327\/394
|-damage|p2a: Krookodile|303\/394
|-damage|p2a: Krookodile|279\/394
|-hitcount|p2a: Krookodile|5
|
|-heal|p2a: Krookodile|303\/394|[from] item: Leftovers
|turn|17
|
|move|p1a: Cinccino|Bullet Seed|p2a: Krookodile
|-supereffective|p2a: Krookodile
|-damage|p2a: Krookodile|271\/394
|-supereffective|p2a: Krookodile
|-damage|p2a: Krookodile|243\/394
|-supereffective|p2a: Krookodile
|-damage|p2a: Krookodile|211\/394
|-supereffective|p2a: Krookodile
|-damage|p2a: Krookodile|181\/394
|-supereffective|p2a: Krookodile
|-damage|p2a: Krookodile|149\/394
|-hitcount|p2a: Krookodile|5
|cant|p2a: Krookodile|flinch
|
|-heal|p2a: Krookodile|173\/394|[from] item: Leftovers
|turn|18
|
|move|p1a: Cinccino|Bullet Seed|p2a: Krookodile
|-supereffective|p2a: Krookodile
|-damage|p2a: Krookodile|139\/394
|-supereffective|p2a: Krookodile
|-damage|p2a: Krookodile|111\/394
|-supereffective|p2a: Krookodile
|-damage|p2a: Krookodile|79\/394
|-supereffective|p2a: Krookodile
|-damage|p2a: Krookodile|51\/394
|-supereffective|p2a: Krookodile
|-damage|p2a: Krookodile|23\/394
|-hitcount|p2a: Krookodile|5
|move|p2a: Krookodile|Pursuit|p1a: Cinccino
|-damage|p1a: Cinccino|0 fnt
|faint|p1a: Cinccino
|
|-heal|p2a: Krookodile|47\/394|[from] item: Leftovers
|
|switch|p1a: Milotic|Milotic, M|394\/394
|turn|19
|
|move|p2a: Krookodile|Knock Off|p1a: Milotic
|-damage|p1a: Milotic|258\/394
|-damage|p2a: Krookodile|0 fnt|[from] item: Rocky Helmet|[of] p1a: Milotic
|faint|p2a: Krookodile
|move|p1a: Milotic|Scald|p2: Krookodile|[notarget]
|-notarget
|
|
|switch|p2a: Lopunny|Lopunny-Mega, M|271\/271
|turn|20
|
|move|p2a: Lopunny|High Jump Kick|p1a: Milotic
|-damage|p1a: Milotic|0 fnt
|-damage|p2a: Lopunny|226\/271|[from] item: Rocky Helmet|[of] p1a: Milotic
|faint|p1a: Milotic
|
|
|switch|p1a: Nidoqueen|Nidoqueen, F|384\/384
|turn|21
|
|move|p2a: Lopunny|Last Resort|p1a: Nidoqueen
|-damage|p1a: Nidoqueen|101\/384
|move|p1a: Nidoqueen|Sludge Wave|p2a: Lopunny
|-damage|p2a: Lopunny|0 fnt
|faint|p2a: Lopunny
|
|
|switch|p2a: Tentacruel|Tentacruel, F|364\/364
|turn|22
|
|move|p2a: Tentacruel|Scald|p1a: Nidoqueen
|-supereffective|p1a: Nidoqueen
|-damage|p1a: Nidoqueen|0 fnt
|faint|p1a: Nidoqueen
|
|
|switch|p1a: Umbreon|Umbreon, M, shiny|394\/394
|turn|23
|
|move|p2a: Tentacruel|Acid Spray|p1a: Umbreon
|-crit|p1a: Umbreon
|-damage|p1a: Umbreon|358\/394
|-unboost|p1a: Umbreon|spd|2
|move|p1a: Umbreon|Payback|p2a: Tentacruel
|-damage|p2a: Tentacruel|240\/364
|
|-heal|p2a: Tentacruel|262\/364|[from] item: Leftovers
|-heal|p1a: Umbreon|382\/394|[from] item: Leftovers
|turn|24
|
|move|p2a: Tentacruel|Acid Spray|p1a: Umbreon
|-damage|p1a: Umbreon|339\/394
|-unboost|p1a: Umbreon|spd|2
|move|p1a: Umbreon|Payback|p2a: Tentacruel
|-damage|p2a: Tentacruel|153\/364
|
|-heal|p2a: Tentacruel|175\/364|[from] item: Leftovers
|-heal|p1a: Umbreon|363\/394|[from] item: Leftovers
|turn|25
|
|move|p2a: Tentacruel|Acid Spray|p1a: Umbreon
|-damage|p1a: Umbreon|294\/394
|-unboost|p1a: Umbreon|spd|2
|move|p1a: Umbreon|Payback|p2a: Tentacruel
|-damage|p2a: Tentacruel|54\/364
|
|-heal|p2a: Tentacruel|76\/364|[from] item: Leftovers
|-heal|p1a: Umbreon|318\/394|[from] item: Leftovers
|turn|26
|
|move|p2a: Tentacruel|Scald|p1a: Umbreon
|-damage|p1a: Umbreon|125\/394
|move|p1a: Umbreon|Payback|p2a: Tentacruel
|-damage|p2a: Tentacruel|0 fnt
|faint|p2a: Tentacruel
|
|-heal|p1a: Umbreon|149\/394|[from] item: Leftovers
|
|switch|p2a: Dragalge|Dragalge, M|251\/333 brn
|turn|27
|
|move|p1a: Umbreon|Protect|p1a: Umbreon
|-singleturn|p1a: Umbreon|Protect
|move|p2a: Dragalge|Draco Meteor|p1a: Umbreon
|-activate|p1a: Umbreon|Protect
|
|-heal|p1a: Umbreon|173\/394|[from] item: Leftovers
|-damage|p2a: Dragalge|210\/333 brn|[from] brn
|turn|28
|
|move|p1a: Umbreon|Wish|p1a: Umbreon
|move|p2a: Dragalge|Draco Meteor|p1a: Umbreon|[miss]
|-miss|p2a: Dragalge|p1a: Umbreon
|
|-heal|p1a: Umbreon|197\/394|[from] item: Leftovers
|-damage|p2a: Dragalge|169\/333 brn|[from] brn
|turn|29
|
|move|p1a: Umbreon|Protect|p1a: Umbreon
|-singleturn|p1a: Umbreon|Protect
|move|p2a: Dragalge|Draco Meteor|p1a: Umbreon
|-activate|p1a: Umbreon|Protect
|
|-heal|p1a: Umbreon|394\/394|[from] move: Wish|[wisher] Umbreon
|-damage|p2a: Dragalge|128\/333 brn|[from] brn
|turn|30
|
|move|p1a: Umbreon|Payback|p2a: Dragalge
|-damage|p2a: Dragalge|80\/333 brn
|move|p2a: Dragalge|Draco Meteor|p1a: Umbreon|[miss]
|-miss|p2a: Dragalge|p1a: Umbreon
|
|-damage|p2a: Dragalge|39\/333 brn|[from] brn
|turn|31
|
|move|p1a: Umbreon|Wish|p1a: Umbreon
|move|p2a: Dragalge|Draco Meteor|p1a: Umbreon|[miss]
|-miss|p2a: Dragalge|p1a: Umbreon
|
|-damage|p2a: Dragalge|0 fnt|[from] brn
|faint|p2a: Dragalge
|
|win|dany_lf
|raw|Ladder updating...
|c|âdany_lf|^-^
|raw|dany_lf's rating: 1082 &rarr; <strong>1110<\/strong><br \/>(+28 for winning)
|raw|RustyEspur's rating: 1088 &rarr; <strong>1065<\/strong><br \/>(-23 for losing)
|c|âdany_lf|Gg !
|c|âRustyEspur|really
|c|âdany_lf|xDDD
|leave|dany_lf
|player|p1
|c|âRustyEspur|...
|join|dany_lf
|join|IkuSeji
|leave|dany_lf
|join|napty
|c| napty|very
|c| napty|very
|c| napty|very
|c| napty|very
|c| napty|very
|c| napty|bad luck
|c|âRustyEspur|0.001%
|c|âRustyEspur|10%x10%x10%
|c| napty|hahaha
|c|âRustyEspur|reallly
|c|âRustyEspur|whats this
|c| napty|that happens to me once
|c|âRustyEspur|what kind of game is this