|join|RustyEspur
|join|Wavy Hair
|player|p1|RustyEspur|172
|player|p2|Wavy Hair|109
|gametype|singles
|gen|6
|tier|UU
|rated
|rule|Sleep Clause Mod: Limit one foe put to sleep
|rule|Species Clause: Limit one of each PokÃ©mon
|rule|OHKO Clause: OHKO moves are banned
|rule|Moody Clause: Moody is banned
|rule|Evasion Moves Clause: Evasion moves are banned
|rule|Endless Battle Clause: Forcing endless battles is banned
|rule|HP Percentage Mod: HP is shown in percentages
|clearpoke
|poke|p1|Dragalge, M
|poke|p1|Lopunny, F
|poke|p1|Tentacruel, F
|poke|p1|Fletchinder, M
|poke|p1|Trevenant, M
|poke|p1|Krookodile, F
|poke|p2|Beedrill, F
|poke|p2|Hydreigon, M
|poke|p2|Rotom-Heat
|poke|p2|Jirachi
|poke|p2|Blastoise, F
|poke|p2|Zygarde
|rule|Swagger Clause: Swagger is banned
|rule|Baton Pass Clause: Limit one PokÃ©mon knowing Baton Pass
|teampreview
|c|âRustyEspur|lol john origins
|c|âWavy Hair|Maybe lol
|join|Decaymor
|
|start
|switch|p1a: Fletchinder|Fletchinder, M|305\/305
|switch|p2a: Beedrill|Beedrill, F|272\/272
|turn|1
|c|âRustyEspur|acro ohkos right?
|c|âRustyEspur|calc pls
|
|switch|p2a: Rotom-Heat|Rotom-Heat|262\/262
|move|p1a: Fletchinder|Swords Dance|p1a: Fletchinder
|-boost|p1a: Fletchinder|atk|2
|
|turn|2
|
|switch|p1a: Dragalge|Dragalge, M|333\/333
|move|p2a: Rotom-Heat|Thunderbolt|p1a: Dragalge
|-resisted|p1a: Dragalge
|-damage|p1a: Dragalge|234\/333
|
|turn|3
|
|switch|p2a: Jirachi|Jirachi|404\/404
|move|p1a: Dragalge|Draco Meteor|p2a: Jirachi
|-resisted|p2a: Jirachi
|-damage|p2a: Jirachi|251\/404
|-unboost|p1a: Dragalge|spa|2
|
|-heal|p2a: Jirachi|276\/404|[from] item: Leftovers
|turn|4
|
|switch|p1a: Krookodile|Krookodile, F|394\/394
|-ability|p1a: Krookodile|Intimidate|[of] p2a: Jirachi
|-unboost|p2a: Jirachi|atk|1
|move|p2a: Jirachi|Substitute|p2a: Jirachi
|-start|p2a: Jirachi|Substitute
|-damage|p2a: Jirachi|175\/404
|
|-heal|p2a: Jirachi|200\/404|[from] item: Leftovers
|turn|5
|
|move|p2a: Jirachi|Toxic|p1a: Krookodile
|-status|p1a: Krookodile|tox
|move|p1a: Krookodile|Knock Off|p2a: Jirachi
|-crit|p2a: Jirachi
|-supereffective|p2a: Jirachi
|-end|p2a: Jirachi|Substitute
|
|-heal|p2a: Jirachi|225\/404|[from] item: Leftovers
|-damage|p1a: Krookodile|370\/394 tox|[from] psn
|turn|6
|
|switch|p2a: Hydreigon|Hydreigon, M|325\/325
|move|p1a: Krookodile|Knock Off|p2a: Hydreigon
|-resisted|p2a: Hydreigon
|-damage|p2a: Hydreigon|253\/325
|-enditem|p2a: Hydreigon|Life Orb|[from] move: Knock Off|[of] p1a: Krookodile
|
|-heal|p1a: Krookodile|394\/394 tox|[from] item: Leftovers
|-damage|p1a: Krookodile|346\/394 tox|[from] psn
|turn|7
|
|switch|p1a: Tentacruel|Tentacruel, F|364\/364
|move|p2a: Hydreigon|Draco Meteor|p1a: Tentacruel
|-damage|p1a: Tentacruel|225\/364
|-unboost|p2a: Hydreigon|spa|2
|
|-heal|p1a: Tentacruel|247\/364|[from] item: Leftovers
|turn|8
|
|move|p2a: Hydreigon|U-turn|p1a: Tentacruel
|-resisted|p1a: Tentacruel
|-damage|p1a: Tentacruel|206\/364
|
|switch|p2a: Beedrill|Beedrill, F|272\/272
|move|p1a: Tentacruel|Toxic Spikes|p2a: Beedrill
|-sidestart|p2: Wavy Hair|move: Toxic Spikes
|
|-heal|p1a: Tentacruel|228\/364|[from] item: Leftovers
|turn|9
|
|switch|p1a: Fletchinder|Fletchinder, M|305\/305
|detailschange|p2a: Beedrill|Beedrill-Mega, F
|message|Beedrill has Mega Evolved into Mega Beedrill!
|move|p2a: Beedrill|Knock Off|p1a: Fletchinder
|-damage|p1a: Fletchinder|161\/305
|
|turn|10
|
|move|p1a: Fletchinder|Roost|p1a: Fletchinder
|-heal|p1a: Fletchinder|305\/305
|move|p2a: Beedrill|U-turn|p1a: Fletchinder
|-resisted|p1a: Fletchinder
|-damage|p1a: Fletchinder|147\/305
|
|switch|p2a: Rotom-Heat|Rotom-Heat|262\/262
|
|turn|11
|c| Decaymor|that prediction
|
|switch|p1a: Krookodile|Krookodile, F|346\/394 tox
|-ability|p1a: Krookodile|Intimidate|[of] p2a: Rotom-Heat
|-unboost|p2a: Rotom-Heat|atk|1
|move|p2a: Rotom-Heat|Volt Switch|p1a: Krookodile
|-immune|p1a: Krookodile|[msg]
|
|-heal|p1a: Krookodile|370\/394 tox|[from] item: Leftovers
|-damage|p1a: Krookodile|346\/394 tox|[from] psn
|turn|12
|
|move|p1a: Krookodile|Pursuit|p2a: Rotom-Heat|[from]Pursuit
|-damage|p2a: Rotom-Heat|151\/262
|switch|p2a: Blastoise|Blastoise, F|362\/362
|-status|p2a: Blastoise|psn
|
|-heal|p1a: Krookodile|370\/394 tox|[from] item: Leftovers
|-damage|p1a: Krookodile|322\/394 tox|[from] psn
|-damage|p2a: Blastoise|317\/362 psn|[from] psn
|turn|13
|
|switch|p1a: Trevenant|Trevenant, M|311\/311
|move|p2a: Blastoise|Rapid Spin|p1a: Trevenant
|-immune|p1a: Trevenant|[msg]
|
|-heal|p2a: Blastoise|339\/362 psn|[from] item: Leftovers
|-damage|p2a: Blastoise|294\/362 psn|[from] psn
|turn|14
|
|move|p1a: Trevenant|Substitute|p1a: Trevenant
|-start|p1a: Trevenant|Substitute
|-damage|p1a: Trevenant|234\/311
|move|p2a: Blastoise|Toxic|p1a: Trevenant
|
|-heal|p2a: Blastoise|316\/362 psn|[from] item: Leftovers
|-damage|p2a: Blastoise|271\/362 psn|[from] psn
|turn|15
|
|move|p1a: Trevenant|Horn Leech|p2a: Blastoise
|-supereffective|p2a: Blastoise
|-damage|p2a: Blastoise|29\/362 psn
|-heal|p1a: Trevenant|311\/311|[from] drain|[of] p2a: Blastoise
|-damage|p1a: Trevenant|280\/311|[from] item: Life Orb
|move|p2a: Blastoise|Ice Beam|p1a: Trevenant
|-crit|p1a: Trevenant
|-supereffective|p1a: Trevenant
|-end|p1a: Trevenant|Substitute
|
|-heal|p2a: Blastoise|51\/362 psn|[from] item: Leftovers
|-damage|p2a: Blastoise|6\/362 psn|[from] psn
|turn|16
|
|move|p1a: Trevenant|Shadow Claw|p2a: Blastoise
|-damage|p2a: Blastoise|0 fnt
|-damage|p1a: Trevenant|249\/311|[from] item: Life Orb
|faint|p2a: Blastoise
|
|
|switch|p2a: Hydreigon|Hydreigon, M|253\/325
|turn|17
|
|move|p2a: Hydreigon|Dark Pulse|p1a: Trevenant
|-supereffective|p1a: Trevenant
|-damage|p1a: Trevenant|0 fnt
|faint|p1a: Trevenant
|
|
|switch|p1a: Lopunny|Lopunny, F|271\/271
|turn|18
|
|switch|p2a: Jirachi|Jirachi|225\/404
|detailschange|p1a: Lopunny|Lopunny-Mega, F
|message|Lopunny has Mega Evolved into Mega Lopunny!
|move|p1a: Lopunny|High Jump Kick|p2a: Jirachi
|-damage|p2a: Jirachi|0 fnt
|faint|p2a: Jirachi
|
|
|switch|p2a: Beedrill|Beedrill-Mega, F|272\/272
|-sideend|p2: Wavy Hair|move: Toxic Spikes|[of] p2a: Beedrill
|turn|19
|
|move|p2a: Beedrill|U-turn|p1a: Lopunny
|-resisted|p1a: Lopunny
|-damage|p1a: Lopunny|168\/271
|
|switch|p2a: Hydreigon|Hydreigon, M|253\/325
|move|p1a: Lopunny|Last Resort|p2a: Hydreigon
|-damage|p2a: Hydreigon|0 fnt
|faint|p2a: Hydreigon
|
|
|switch|p2a: Beedrill|Beedrill-Mega, F|272\/272
|turn|20
|
|switch|p1a: Krookodile|Krookodile, F|322\/394 tox
|-ability|p1a: Krookodile|Intimidate|[of] p2a: Beedrill
|-unboost|p2a: Beedrill|atk|1
|move|p2a: Beedrill|U-turn|p1a: Krookodile
|-supereffective|p1a: Krookodile
|-damage|p1a: Krookodile|106\/394 tox
|
|switch|p2a: Zygarde|Zygarde|404\/404
|-ability|p2a: Zygarde|Aura Break
|
|-heal|p1a: Krookodile|130\/394 tox|[from] item: Leftovers
|-damage|p1a: Krookodile|106\/394 tox|[from] psn
|turn|21
|
|move|p2a: Zygarde|Coil|p2a: Zygarde
|-boost|p2a: Zygarde|atk|1
|-boost|p2a: Zygarde|def|1
|-boost|p2a: Zygarde|accuracy|1
|move|p1a: Krookodile|Knock Off|p2a: Zygarde
|-damage|p2a: Zygarde|334\/404
|-enditem|p2a: Zygarde|Leftovers|[from] move: Knock Off|[of] p1a: Krookodile
|
|-heal|p1a: Krookodile|130\/394 tox|[from] item: Leftovers
|-damage|p1a: Krookodile|82\/394 tox|[from] psn
|turn|22
|
|move|p2a: Zygarde|Substitute|p2a: Zygarde
|-start|p2a: Zygarde|Substitute
|-damage|p2a: Zygarde|233\/404
|move|p1a: Krookodile|Stealth Rock|p2a: Zygarde
|-sidestart|p2: Wavy Hair|move: Stealth Rock
|
|-heal|p1a: Krookodile|106\/394 tox|[from] item: Leftovers
|-damage|p1a: Krookodile|34\/394 tox|[from] psn
|turn|23
|
|move|p2a: Zygarde|Earthquake|p1a: Krookodile
|-damage|p1a: Krookodile|0 fnt
|faint|p1a: Krookodile
|
|
|switch|p1a: Lopunny|Lopunny-Mega, F|168\/271
|turn|24
|
|move|p1a: Lopunny|High Jump Kick|p2a: Zygarde
|-end|p2a: Zygarde|Substitute
|move|p2a: Zygarde|Earthquake|p1a: Lopunny
|-damage|p1a: Lopunny|0 fnt
|faint|p1a: Lopunny
|
|
|switch|p1a: Fletchinder|Fletchinder, M|147\/305
|turn|25
|
|move|p1a: Fletchinder|Will-O-Wisp|p2a: Zygarde
|-status|p2a: Zygarde|brn
|move|p2a: Zygarde|Dragon Tail|p1a: Fletchinder
|-damage|p1a: Fletchinder|65\/305
|drag|p1a: Tentacruel|Tentacruel, F|228\/364
|
|-heal|p1a: Tentacruel|250\/364|[from] item: Leftovers
|-damage|p2a: Zygarde|183\/404 brn|[from] brn
|turn|26
|
|move|p2a: Zygarde|Coil|p2a: Zygarde
|-boost|p2a: Zygarde|atk|1
|-boost|p2a: Zygarde|def|1
|-boost|p2a: Zygarde|accuracy|1
|move|p1a: Tentacruel|Scald|p2a: Zygarde
|-damage|p2a: Zygarde|123\/404 brn
|
|-heal|p1a: Tentacruel|272\/364|[from] item: Leftovers
|-damage|p2a: Zygarde|73\/404 brn|[from] brn
|turn|27
|
|switch|p1a: Fletchinder|Fletchinder, M|65\/305
|move|p2a: Zygarde|Dragon Tail|p1a: Fletchinder
|-damage|p1a: Fletchinder|0 fnt
|faint|p1a: Fletchinder
|
|-damage|p2a: Zygarde|23\/404 brn|[from] brn
|
|switch|p1a: Tentacruel|Tentacruel, F|272\/364
|turn|28
|
|move|p2a: Zygarde|Earthquake|p1a: Tentacruel
|-supereffective|p1a: Tentacruel
|-damage|p1a: Tentacruel|0 fnt
|faint|p1a: Tentacruel
|
|-damage|p2a: Zygarde|0 fnt|[from] brn
|faint|p2a: Zygarde
|
|switch|p2a: Beedrill|Beedrill-Mega, F|272\/272
|switch|p1a: Dragalge|Dragalge, M|234\/333
|-damage|p2a: Beedrill|204\/272|[from] Stealth Rock
|turn|29
|
|move|p2a: Beedrill|U-turn|p1a: Dragalge
|-resisted|p1a: Dragalge
|-damage|p1a: Dragalge|124\/333
|
|switch|p2a: Rotom-Heat|Rotom-Heat|151\/262
|-damage|p2a: Rotom-Heat|86\/262|[from] Stealth Rock
|move|p1a: Dragalge|Venoshock|p2a: Rotom-Heat
|-damage|p2a: Rotom-Heat|0 fnt
|faint|p2a: Rotom-Heat
|
|
|switch|p2a: Beedrill|Beedrill-Mega, F|204\/272
|-damage|p2a: Beedrill|136\/272|[from] Stealth Rock
|turn|30
|
|move|p2a: Beedrill|Knock Off|p1a: Dragalge
|-damage|p1a: Dragalge|0 fnt
|-enditem|p1a: Dragalge|Dragon Fang|[from] move: Knock Off|[of] p2a: Beedrill
|faint|p1a: Dragalge
|
|win|Wavy Hair
|raw|Ladder updating...
|raw|RustyEspur's rating: 1153 &rarr; <strong>1132<\/strong><br \/>(-21 for losing)
|raw|Wavy Hair's rating: 1209 &rarr; <strong>1230<\/strong><br \/>(+21 for winning)
|c|âWavy Hair|gg
|c|âRustyEspur|gg
|c|âWavy Hair|Was close