|join|RustyEspur
|join|Jaurez93
|player|p1|RustyEspur|172
|player|p2|Jaurez93|265
|gametype|singles
|gen|6
|tier|UU
|rated
|rule|Sleep Clause Mod: Limit one foe put to sleep
|rule|Species Clause: Limit one of each PokÃ©mon
|rule|OHKO Clause: OHKO moves are banned
|rule|Moody Clause: Moody is banned
|rule|Evasion Moves Clause: Evasion moves are banned
|rule|Endless Battle Clause: Forcing endless battles is banned
|rule|HP Percentage Mod: HP is shown in percentages
|clearpoke
|poke|p1|Chesnaught, F
|poke|p1|Zygarde
|poke|p1|Braviary, M
|poke|p1|Infernape, M
|poke|p1|Porygon-Z
|poke|p1|Empoleon, F
|poke|p2|Tornadus, M
|poke|p2|Lanturn, F
|poke|p2|Toxicroak, M
|poke|p2|Ludicolo, M
|poke|p2|Kingdra, F
|poke|p2|Cacturne, F
|rule|Swagger Clause: Swagger is banned
|rule|Baton Pass Clause: Limit one PokÃ©mon knowing Baton Pass
|teampreview
|
|start
|switch|p1a: AMERICABIRD|Braviary, M|341\/341
|switch|p2a: Tornadus|Tornadus, M|362\/362
|turn|1
|
|move|p2a: Tornadus|Rain Dance|p2a: Tornadus
|-weather|RainDance
|move|p1a: AMERICABIRD|Brave Bird|p2a: Tornadus
|-damage|p2a: Tornadus|82\/362
|-damage|p1a: AMERICABIRD|249\/341|[from] recoil|[of] p2a: Tornadus
|
|-weather|RainDance|[upkeep]
|turn|2
|
|move|p1a: AMERICABIRD|Brave Bird|p2a: Tornadus
|-damage|p2a: Tornadus|0 fnt
|-damage|p1a: AMERICABIRD|222\/341|[from] recoil|[of] p2a: Tornadus
|faint|p2a: Tornadus
|
|-weather|RainDance|[upkeep]
|
|switch|p2a: Lanturn|Lanturn, F|454\/454
|turn|3
|
|switch|p1a: Whats this|Zygarde|404\/404
|-ability|p1a: Whats this|Aura Break
|move|p2a: Lanturn|Volt Switch|p1a: Whats this
|-immune|p1a: Whats this|[msg]
|
|-weather|RainDance|[upkeep]
|turn|4
|
|switch|p2a: Ludicolo|Ludicolo, M|302\/302
|move|p1a: Whats this|Substitute|p1a: Whats this
|-start|p1a: Whats this|Substitute
|-damage|p1a: Whats this|303\/404
|
|-weather|RainDance|[upkeep]
|-heal|p1a: Whats this|328\/404|[from] item: Leftovers
|turn|5
|
|move|p2a: Ludicolo|Giga Drain|p1a: Whats this
|-crit|p1a: Whats this
|-end|p1a: Whats this|Substitute
|-damage|p2a: Ludicolo|272\/302|[from] item: Life Orb
|move|p1a: Whats this|Dragon Tail|p2a: Ludicolo
|-damage|p2a: Ludicolo|176\/302
|drag|p2a: Kingdra|Kingdra, F|291\/291
|
|-weather|RainDance|[upkeep]
|-heal|p1a: Whats this|353\/404|[from] item: Leftovers
|turn|6
|
|switch|p1a: P3N5|Empoleon, F|372\/372
|move|p2a: Kingdra|Ice Beam|p1a: P3N5
|-resisted|p1a: P3N5
|-damage|p1a: P3N5|353\/372
|-damage|p2a: Kingdra|262\/291|[from] item: Life Orb
|
|-weather|RainDance|[upkeep]
|-heal|p1a: P3N5|372\/372|[from] item: Leftovers
|turn|7
|
|switch|p2a: Toxicroak|Toxicroak, M|367\/367
|switch|p1a: Pee-Zee|Porygon-Z|311\/311
|-boost|p1a: Pee-Zee|spa|1|[from] ability: Download
|
|-weather|RainDance|[upkeep]
|turn|8
|
|switch|p2a: Lanturn|Lanturn, F|454\/454
|move|p1a: Pee-Zee|Tri Attack|p2a: Lanturn
|-damage|p2a: Lanturn|188\/454
|-damage|p1a: Pee-Zee|280\/311|[from] item: Life Orb
|
|-weather|none
|turn|9
|c|âJaurez93|wow
|
|move|p1a: Pee-Zee|Tri Attack|p2a: Lanturn
|-damage|p2a: Lanturn|0 fnt
|-damage|p1a: Pee-Zee|249\/311|[from] item: Life Orb
|faint|p2a: Lanturn
|
|
|switch|p2a: Cacturne|Cacturne, F|282\/282
|turn|10
|
|move|p2a: Cacturne|Sucker Punch|p1a: Pee-Zee
|-damage|p1a: Pee-Zee|2\/311
|-damage|p2a: Cacturne|254\/282|[from] item: Life Orb
|move|p1a: Pee-Zee|Tri Attack|p2a: Cacturne
|-damage|p2a: Cacturne|0 fnt
|-damage|p1a: Pee-Zee|0 fnt|[from] item: Life Orb
|faint|p2a: Cacturne
|faint|p1a: Pee-Zee
|
|
|switch|p2a: Ludicolo|Ludicolo, M|176\/302
|switch|p1a: AMERICABIRD|Braviary, M|222\/341
|turn|11
|c|âJaurez93|fml
|c|âRustyEspur|lol
|
|move|p1a: AMERICABIRD|Brave Bird|p2a: Ludicolo
|-supereffective|p2a: Ludicolo
|-damage|p2a: Ludicolo|0 fnt
|-damage|p1a: AMERICABIRD|164\/341|[from] recoil|[of] p2a: Ludicolo
|faint|p2a: Ludicolo
|
|c|âRustyEspur|why
|c|âJaurez93|im getting an ass raping
|c|âJaurez93|this is a brand new team
|c|âRustyEspur|lol
|c|âRustyEspur|why no mega swampert
|c|âRustyEspur|on a rain team
|c|âJaurez93|rain isnt the greatest idea in uu
|c|âJaurez93|tru
|c|âRustyEspur|ikr
|
|switch|p2a: Toxicroak|Toxicroak, M|367\/367
|turn|12
|c|âRustyEspur|252+ Atk Life Orb Toxicroak Sucker Punch vs. 0 HP \/ 4 Def Braviary: 136-161 (39.8 - 47.2%) -- guaranteed 3HKO
|c|âRustyEspur|lol
|
|move|p2a: Toxicroak|Sucker Punch|p1a: AMERICABIRD
|-damage|p1a: AMERICABIRD|5\/341
|-damage|p2a: Toxicroak|331\/367|[from] item: Life Orb
|move|p1a: AMERICABIRD|Brave Bird|p2a: Toxicroak
|-supereffective|p2a: Toxicroak
|-damage|p2a: Toxicroak|0 fnt
|-damage|p1a: AMERICABIRD|0 fnt|[from] recoil|[of] p2a: Toxicroak
|faint|p2a: Toxicroak
|faint|p1a: AMERICABIRD
|
|
|switch|p2a: Kingdra|Kingdra, F|262\/291
|switch|p1a: Infernape|Infernape, M|293\/293
|turn|13
|c|âJaurez93|good fucking team bro
|c|âRustyEspur|:]
|
|move|p1a: Infernape|Close Combat|p2a: Kingdra
|-damage|p2a: Kingdra|0 fnt
|-unboost|p1a: Infernape|def|1
|-unboost|p1a: Infernape|spd|1
|-damage|p1a: Infernape|264\/293|[from] item: Life Orb
|faint|p2a: Kingdra
|
|win|RustyEspur
|raw|Ladder updating...
|raw|RustyEspur's rating: 1438 &rarr; <strong>1454<\/strong><br \/>(+16 for winning)
|raw|Jaurez93's rating: 1378 &rarr; <strong>1361<\/strong><br \/>(-17 for losing)
|leave|Jaurez93
|player|p2