|join|RustyEspur
|join|Ritualist
|player|p1|RustyEspur|172
|player|p2|Ritualist|205
|gametype|singles
|gen|6
|tier|UU
|rated
|rule|Sleep Clause Mod: Limit one foe put to sleep
|rule|Species Clause: Limit one of each PokÃ©mon
|rule|OHKO Clause: OHKO moves are banned
|rule|Moody Clause: Moody is banned
|rule|Evasion Moves Clause: Evasion moves are banned
|rule|Endless Battle Clause: Forcing endless battles is banned
|rule|HP Percentage Mod: HP is shown in percentages
|clearpoke
|poke|p1|Gorebyss, F
|poke|p1|Pangoro, M
|poke|p1|Sceptile, F
|poke|p1|Meowstic, M
|poke|p1|Jirachi
|poke|p1|Nidoking, M
|poke|p2|Donphan, M
|poke|p2|Blissey, F, shiny
|poke|p2|Cloyster, M, shiny
|poke|p2|Whimsicott, F
|poke|p2|Shuckle, M
|poke|p2|Xatu, F, shiny
|rule|Swagger Clause: Swagger is banned
|rule|Baton Pass Clause: Limit one PokÃ©mon knowing Baton Pass
|teampreview
|
|start
|switch|p1a: Jirachi|Jirachi|404\/404
|switch|p2a: Warrior|Donphan, M|381\/381
|turn|1
|
|move|p1a: Jirachi|Stealth Rock|p2a: Warrior
|-sidestart|p2: Ritualist|move: Stealth Rock
|move|p2a: Warrior|Stealth Rock|p1a: Jirachi
|-sidestart|p1: RustyEspur|move: Stealth Rock
|
|turn|2
|
|switch|p1a: Sceptile|Sceptile, F|281\/281
|-damage|p1a: Sceptile|246\/281|[from] Stealth Rock
|move|p2a: Warrior|Rapid Spin|p1a: Sceptile
|-damage|p1a: Sceptile|221\/281
|-sideend|p2: Ritualist|Stealth Rock|[from] move: Rapid Spin|[of] p2a: Warrior
|
|turn|3
|
|switch|p2a: Assassin|Whimsicott, F|230\/230
|move|p1a: Sceptile|Giga Drain|p2a: Assassin
|-crit|p2a: Assassin
|-resisted|p2a: Assassin
|-damage|p2a: Assassin|155\/230
|-heal|p1a: Sceptile|259\/281|[from] drain|[of] p2a: Assassin
|
|-heal|p2a: Assassin|169\/230|[from] item: Leftovers
|turn|4
|
|detailschange|p1a: Sceptile|Sceptile-Mega, F
|-mega|p1a: Sceptile|Sceptile|Sceptilite
|move|p2a: Assassin|Toxic|p1a: Sceptile
|-status|p1a: Sceptile|tox
|move|p1a: Sceptile|Hidden Power|p2a: Assassin
|-supereffective|p2a: Assassin
|-damage|p2a: Assassin|45\/230
|
|-heal|p2a: Assassin|59\/230|[from] item: Leftovers
|-damage|p1a: Sceptile|242\/281 tox|[from] psn
|turn|5
|join|BIGSTEELIX
|
|switch|p2a: Healer|Blissey, F, shiny|714\/714
|move|p1a: Sceptile|Hidden Power|p2a: Healer
|-damage|p2a: Healer|665\/714
|
|-heal|p2a: Healer|709\/714|[from] item: Leftovers
|-damage|p1a: Sceptile|208\/281 tox|[from] psn
|turn|6
|
|switch|p1a: Jirachi|Jirachi|404\/404
|-damage|p1a: Jirachi|379\/404|[from] Stealth Rock
|move|p2a: Healer|Wish|p2a: Healer
|
|-heal|p1a: Jirachi|404\/404|[from] item: Leftovers
|-heal|p2a: Healer|714\/714|[from] item: Leftovers
|turn|7
|
|switch|p2a: Magician|Xatu, F, shiny|334\/334
|move|p1a: Jirachi|Iron Head|p2a: Magician
|-damage|p2a: Magician|198\/334
|
|-heal|p2a: Magician|334\/334|[from] move: Wish|[wisher] Healer
|turn|8
|
|move|p2a: Magician|Thunder Wave|p1a: Jirachi
|-status|p1a: Jirachi|par
|move|p1a: Jirachi|Iron Head|p2a: Magician
|-damage|p2a: Magician|211\/334
|
|-heal|p2a: Magician|231\/334|[from] item: Leftovers
|turn|9
|
|switch|p1a: Nidoking|Nidoking, M|303\/303
|-damage|p1a: Nidoking|285\/303|[from] Stealth Rock
|move|p2a: Magician|Confuse Ray|p1a: Nidoking
|-start|p1a: Nidoking|confusion
|
|-heal|p2a: Magician|251\/334|[from] item: Leftovers
|turn|10
|c| BIGSTEELIX|lol
|c|âRustyEspur|confuse ray
|c| BIGSTEELIX|let the coin flips begin
|
|switch|p1a: Jirachi|Jirachi|404\/404 par
|-damage|p1a: Jirachi|379\/404 par|[from] Stealth Rock
|move|p2a: Magician|U-turn|p1a: Jirachi
|-damage|p1a: Jirachi|334\/404 par
|
|switch|p2a: Warrior|Donphan, M|381\/381
|
|-heal|p1a: Jirachi|359\/404 par|[from] item: Leftovers
|turn|11
|
|switch|p1a: Meowstic|Meowstic, M|351\/351
|-damage|p1a: Meowstic|308\/351|[from] Stealth Rock
|move|p2a: Warrior|Earthquake|p1a: Meowstic
|-damage|p1a: Meowstic|127\/351
|
|turn|12
|
|switch|p2a: Healer|Blissey, F, shiny|714\/714
|move|p1a: Meowstic|Reflect|p1a: Meowstic
|-sidestart|p1: RustyEspur|Reflect
|
|turn|13
|
|switch|p1a: Gorebyss|Gorebyss, F|314\/314
|-damage|p1a: Gorebyss|275\/314|[from] Stealth Rock
|move|p2a: Healer|Wish|p2a: Healer
|
|turn|14
|c|âRustyEspur|time to pass
|c| BIGSTEELIX|uhh
|c| BIGSTEELIX|dk
|c|âRustyEspur|wait
|
|switch|p2a: Assassin|Whimsicott, F|59\/230
|move|p1a: Gorebyss|Ice Beam|p2a: Assassin
|-supereffective|p2a: Assassin
|-damage|p2a: Assassin|0 fnt
|faint|p2a: Assassin
|
|c|âRustyEspur|dont say it
|c|âRustyEspur|yesss
|c| BIGSTEELIX|lool
|c|âRustyEspur|bopped
|
|switch|p2a: Magician|Xatu, F, shiny|251\/334
|turn|15
|
|switch|p1a: Jirachi|Jirachi|359\/404 par
|-damage|p1a: Jirachi|334\/404 par|[from] Stealth Rock
|move|p2a: Magician|Thunder Wave|p1a: Jirachi
|-fail|p1a: Jirachi|par
|
|-heal|p2a: Magician|271\/334|[from] item: Leftovers
|-heal|p1a: Jirachi|359\/404 par|[from] item: Leftovers
|turn|16
|
|move|p2a: Magician|Confuse Ray|p1a: Jirachi
|-start|p1a: Jirachi|confusion
|-activate|p1a: Jirachi|confusion
|-damage|p1a: Jirachi|325\/404 par|[from] confusion
|
|-heal|p2a: Magician|291\/334|[from] item: Leftovers
|-heal|p1a: Jirachi|350\/404 par|[from] item: Leftovers
|turn|17
|join|napty
|
|move|p2a: Magician|U-turn|p1a: Jirachi
|-damage|p1a: Jirachi|326\/404 par
|
|switch|p2a: Ranger|Cloyster, M, shiny|241\/241
|-activate|p1a: Jirachi|confusion
|move|p1a: Jirachi|Wish|p1a: Jirachi
|
|-heal|p1a: Jirachi|351\/404 par|[from] item: Leftovers
|turn|18
|
|switch|p1a: Meowstic|Meowstic, M|127\/351
|-damage|p1a: Meowstic|84\/351|[from] Stealth Rock
|move|p2a: Ranger|Shell Smash|p2a: Ranger
|-boost|p2a: Ranger|atk|2
|-boost|p2a: Ranger|spa|2
|-boost|p2a: Ranger|spe|2
|-unboost|p2a: Ranger|def|1
|-unboost|p2a: Ranger|spd|1
|
|-heal|p1a: Meowstic|286\/351|[from] move: Wish|[wisher] Jirachi
|turn|19
|c| BIGSTEELIX|wot
|c| BIGSTEELIX|why would you set up
|
|switch|p2a: Magician|Xatu, F, shiny|291\/334
|move|p1a: Meowstic|Thunder Wave|p2a: Magician
|move|p2a: Magician|Thunder Wave|p1a: Meowstic|[from]Magic Bounce
|-status|p1a: Meowstic|par
|
|-heal|p2a: Magician|311\/334|[from] item: Leftovers
|-sideend|p1: RustyEspur|Reflect
|turn|20
|c| BIGSTEELIX|this
|c|âRustyEspur|lol
|
|switch|p1a: Jirachi|Jirachi|351\/404 par
|-damage|p1a: Jirachi|326\/404 par|[from] Stealth Rock
|move|p2a: Magician|Confuse Ray|p1a: Jirachi
|-start|p1a: Jirachi|confusion
|
|-heal|p2a: Magician|331\/334|[from] item: Leftovers
|-heal|p1a: Jirachi|351\/404 par|[from] item: Leftovers
|turn|21
|
|switch|p1a: Nidoking|Nidoking, M|285\/303
|-damage|p1a: Nidoking|267\/303|[from] Stealth Rock
|move|p2a: Magician|U-turn|p1a: Nidoking
|-resisted|p1a: Nidoking
|-damage|p1a: Nidoking|239\/303
|
|switch|p2a: Warrior|Donphan, M|381\/381
|
|turn|22
|
|switch|p1a: Sceptile|Sceptile-Mega, F|208\/281 tox
|-damage|p1a: Sceptile|173\/281 tox|[from] Stealth Rock
|move|p2a: Warrior|Earthquake|p1a: Sceptile
|-resisted|p1a: Sceptile
|-damage|p1a: Sceptile|83\/281 tox
|
|-damage|p1a: Sceptile|66\/281 tox|[from] psn
|turn|23
|c|âRustyEspur|he doesnt have shard
|c| napty|odd
|
|switch|p2a: Healer|Blissey, F, shiny|714\/714
|move|p1a: Sceptile|Giga Drain|p2a: Healer
|-crit|p2a: Healer
|-damage|p2a: Healer|576\/714
|-heal|p1a: Sceptile|135\/281 tox|[from] drain|[of] p2a: Healer
|
|-heal|p2a: Healer|620\/714|[from] item: Leftovers
|-damage|p1a: Sceptile|101\/281 tox|[from] psn
|turn|24
|
|switch|p1a: Gorebyss|Gorebyss, F|275\/314
|-damage|p1a: Gorebyss|236\/314|[from] Stealth Rock
|move|p2a: Healer|Wish|p2a: Healer
|
|-heal|p2a: Healer|664\/714|[from] item: Leftovers
|turn|25
|c| napty|poison animation has changed
|c| BIGSTEELIX|not odd, maybe cloyster has it
|
|switch|p2a: Magician|Xatu, F, shiny|331\/334
|move|p1a: Gorebyss|Shell Smash|p1a: Gorebyss
|-boost|p1a: Gorebyss|atk|2
|-boost|p1a: Gorebyss|spa|2
|-boost|p1a: Gorebyss|spe|2
|-unboost|p1a: Gorebyss|def|1
|-unboost|p1a: Gorebyss|spd|1
|-enditem|p1a: Gorebyss|White Herb
|-restoreboost|p1a: Gorebyss|[silent]
|
|-heal|p2a: Magician|334\/334|[from] move: Wish|[wisher] Healer
|turn|26
|c| BIGSTEELIX|yeah some animations changed
|c| napty|still uncommon
|c| BIGSTEELIX|like toxic and leaf storm too
|c|âRustyEspur|pangoro
|c|âRustyEspur|or nido
|c| BIGSTEELIX|don't
|c|âRustyEspur|or icebeam
|c| napty|leaf storm has changed? be glad to see it
|
|move|p1a: Gorebyss|Ice Beam|p2a: Magician
|-supereffective|p2a: Magician
|-damage|p2a: Magician|0 fnt
|faint|p2a: Magician
|
|c| BIGSTEELIX|yeah it has leaves
|c|âRustyEspur|lol
|
|switch|p2a: Warrior|Donphan, M|381\/381
|turn|27
|c| BIGSTEELIX|instead of green bubblesd
|c|âRustyEspur|scald or pass
|c| BIGSTEELIX|lol
|c| BIGSTEELIX|scald imo
|
|move|p1a: Gorebyss|Scald|p2a: Warrior
|-supereffective|p2a: Warrior
|-activate|p2a: Warrior|Sturdy
|-damage|p2a: Warrior|1\/381
|move|p2a: Warrior|Roar|p1a: Gorebyss
|drag|p1a: Nidoking|Nidoking, M|239\/303
|-damage|p1a: Nidoking|221\/303|[from] Stealth Rock
|
|-heal|p2a: Warrior|24\/381|[from] item: Leftovers
|turn|28
|c| napty|lol ok
|c| napty|idk
|c| BIGSTEELIX|whattt
|
|switch|p2a: Healer|Blissey, F, shiny|664\/714
|move|p1a: Nidoking|Sludge Wave|p2a: Healer
|-damage|p2a: Healer|539\/714
|
|-heal|p2a: Healer|583\/714|[from] item: Leftovers
|turn|29
|
|switch|p1a: Gorebyss|Gorebyss, F|236\/314
|-damage|p1a: Gorebyss|197\/314|[from] Stealth Rock
|move|p2a: Healer|Wish|p2a: Healer
|
|-heal|p2a: Healer|627\/714|[from] item: Leftovers
|turn|30
|
|switch|p2a: Warrior|Donphan, M|24\/381
|move|p1a: Gorebyss|Shell Smash|p1a: Gorebyss
|-boost|p1a: Gorebyss|atk|2
|-boost|p1a: Gorebyss|spa|2
|-boost|p1a: Gorebyss|spe|2
|-unboost|p1a: Gorebyss|def|1
|-unboost|p1a: Gorebyss|spd|1
|
|-heal|p2a: Warrior|381\/381|[from] move: Wish|[wisher] Healer
|turn|31
|
|switch|p1a: Jirachi|Jirachi|351\/404 par
|-damage|p1a: Jirachi|326\/404 par|[from] Stealth Rock
|move|p2a: Warrior|Earthquake|p1a: Jirachi
|-supereffective|p1a: Jirachi
|-damage|p1a: Jirachi|36\/404 par
|
|-heal|p1a: Jirachi|61\/404 par|[from] item: Leftovers
|turn|32
|c|âRustyEspur|his team is retarded
|
|switch|p2a: Ranger|Cloyster, M, shiny|241\/241
|move|p1a: Jirachi|Stealth Rock|p2a: Ranger
|-sidestart|p2: Ritualist|move: Stealth Rock
|
|-heal|p1a: Jirachi|86\/404 par|[from] item: Leftovers
|turn|33
|
|switch|p1a: Meowstic|Meowstic, M|286\/351 par
|-damage|p1a: Meowstic|243\/351 par|[from] Stealth Rock
|move|p2a: Ranger|Substitute|p2a: Ranger
|-start|p2a: Ranger|Substitute
|-damage|p2a: Ranger|181\/241
|
|turn|34
|
|move|p1a: Meowstic|Reflect|p1a: Meowstic
|-sidestart|p1: RustyEspur|Reflect
|move|p2a: Ranger|Shell Smash|p2a: Ranger
|-boost|p2a: Ranger|atk|2
|-boost|p2a: Ranger|spa|2
|-boost|p2a: Ranger|spe|2
|-unboost|p2a: Ranger|def|1
|-unboost|p2a: Ranger|spd|1
|
|turn|35
|
|move|p2a: Ranger|Shell Smash|p2a: Ranger
|-boost|p2a: Ranger|atk|2
|-boost|p2a: Ranger|spa|2
|-boost|p2a: Ranger|spe|2
|-unboost|p2a: Ranger|def|1
|-unboost|p2a: Ranger|spd|1
|cant|p1a: Meowstic|par
|
|turn|36
|c| BIGSTEELIX|lolol
|c| BIGSTEELIX|gg?
|
|move|p2a: Ranger|Icicle Spear|p1a: Meowstic
|-damage|p1a: Meowstic|168\/351 par
|-damage|p1a: Meowstic|93\/351 par
|-damage|p1a: Meowstic|18\/351 par
|-damage|p1a: Meowstic|0 fnt
|-hitcount|p1a: Meowstic|4
|faint|p1a: Meowstic
|
|c|âRustyEspur|seriously
|c|âRustyEspur|the para mattered
|c| BIGSTEELIX|para op
|c|âRustyEspur|i woulve twaved him
|-message|RustyEspur forfeited.
|leave|RustyEspur
|
|win|Ritualist
|raw|Ladder updating...
|player|p1
|c|âRitualist|hahaha
|c|âRitualist|talk trash then
|c| BIGSTEELIX|he got rekt
|c|âRitualist|forfeit
|c| BIGSTEELIX|lol
|c|âRitualist|hahaha
|raw|RustyEspur's rating: 1454 &rarr; <strong>1428<\/strong><br \/>(-26 for losing)
|raw|Ritualist's rating: 1343 &rarr; <strong>1369<\/strong><br \/>(+26 for winning)
|c|âRitualist|lmao
|leave|BIGSTEELIX
|leave|napty