|join|michael 666
|join|RustyEspur
|player|p1|michael 666|265
|player|p2|RustyEspur|172
|gametype|singles
|gen|6
|tier|UU
|rated
|rule|Sleep Clause Mod: Limit one foe put to sleep
|rule|Species Clause: Limit one of each PokÃ©mon
|rule|OHKO Clause: OHKO moves are banned
|rule|Moody Clause: Moody is banned
|rule|Evasion Moves Clause: Evasion moves are banned
|rule|Endless Battle Clause: Forcing endless battles is banned
|rule|HP Percentage Mod: HP is shown in percentages
|clearpoke
|poke|p1|Goodra, M
|poke|p1|Mienshao, M
|poke|p1|Quagsire, M
|poke|p1|Crobat, M
|poke|p1|Rotom-Heat
|poke|p1|Absol, M
|poke|p2|Chesnaught, M
|poke|p2|Suicune
|poke|p2|Braviary, M
|poke|p2|Infernape, F
|poke|p2|Porygon-Z
|poke|p2|Empoleon, M
|rule|Swagger Clause: Swagger is banned
|rule|Baton Pass Clause: Limit one PokÃ©mon knowing Baton Pass
|teampreview
|
|start
|switch|p1a: Mienshao|Mienshao, M|271\/271
|switch|p2a: NoChest|Chesnaught, M|380\/380
|turn|1
|
|move|p1a: Mienshao|Knock Off|p2a: NoChest
|-resisted|p2a: NoChest
|-damage|p2a: NoChest|337\/380
|-enditem|p2a: NoChest|Leftovers|[from] move: Knock Off|[of] p1a: Mienshao
|-damage|p1a: Mienshao|244\/271|[from] item: Life Orb
|move|p2a: NoChest|Spikes|p1a: Mienshao
|-sidestart|p1: michael 666|Spikes
|
|turn|2
|
|move|p2a: NoChest|Spiky Shield|p2a: NoChest
|-singleturn|p2a: NoChest|move: Protect
|move|p1a: Mienshao|U-turn|p2a: NoChest
|-activate|p2a: NoChest|move: Protect
|-damage|p1a: Mienshao|211\/271|[from] Spiky Shield|[of] p2a: NoChest
|
|turn|3
|
|move|p1a: Mienshao|High Jump Kick|p2a: NoChest|[miss]
|-miss|p1a: Mienshao|p2a: NoChest
|-damage|p1a: Mienshao|76\/271|[from] highjumpkick
|move|p2a: NoChest|Leech Seed|p1a: Mienshao
|-start|p1a: Mienshao|move: Leech Seed
|
|-damage|p1a: Mienshao|43\/271|[from] Leech Seed|[of] p2a: NoChest
|-heal|p2a: NoChest|370\/380|[silent]
|turn|4
|
|switch|p1a: Crobat|Crobat, M|374\/374
|move|p2a: NoChest|Drain Punch|p1a: Crobat
|-resisted|p1a: Crobat
|-damage|p1a: Crobat|345\/374
|-heal|p2a: NoChest|380\/380|[from] drain|[of] p1a: Crobat
|
|-heal|p1a: Crobat|368\/374|[from] item: Black Sludge
|turn|5
|
|switch|p2a: AMERICANBIRD|Braviary, M|341\/341
|move|p1a: Crobat|Defog|p2a: AMERICANBIRD
|-unboost|p2a: AMERICANBIRD|evasion|1
|-boost|p2a: AMERICANBIRD|atk|2|[from] ability: Defiant
|-sideend|p1: michael 666|Spikes|[from] move: Defog|[of] p1a: Crobat
|
|-heal|p1a: Crobat|374\/374|[from] item: Black Sludge
|turn|6
|
|switch|p1a: Quagsire|Quagsire, M|394\/394
|move|p2a: AMERICANBIRD|U-turn|p1a: Quagsire
|-crit|p1a: Quagsire
|-damage|p1a: Quagsire|291\/394
|
|switch|p2a: Pee-Zee|Porygon-Z|311\/311
|-boost|p2a: Pee-Zee|spa|1|[from] ability: Download
|
|-heal|p1a: Quagsire|315\/394|[from] item: Leftovers
|turn|7
|
|switch|p1a: Goodra|Goodra, M|383\/383
|move|p2a: Pee-Zee|Tri Attack|p1a: Goodra
|-damage|p1a: Goodra|231\/383
|-damage|p2a: Pee-Zee|280\/311|[from] item: Life Orb
|
|turn|8
|
|switch|p2a: P3NI5|Empoleon, M|372\/372
|move|p1a: Goodra|Thunderbolt|p2a: P3NI5
|-supereffective|p2a: P3NI5
|-damage|p2a: P3NI5|210\/372
|-status|p2a: P3NI5|par
|
|-heal|p2a: P3NI5|233\/372 par|[from] item: Leftovers
|turn|9
|
|move|p1a: Goodra|Thunderbolt|p2a: P3NI5
|-supereffective|p2a: P3NI5
|-damage|p2a: P3NI5|95\/372 par
|move|p2a: P3NI5|Stealth Rock|p1a: Goodra
|-sidestart|p1: michael 666|move: Stealth Rock
|
|-heal|p2a: P3NI5|118\/372 par|[from] item: Leftovers
|turn|10
|
|move|p1a: Goodra|Thunderbolt|p2a: P3NI5
|-supereffective|p2a: P3NI5
|-damage|p2a: P3NI5|0 fnt
|faint|p2a: P3NI5
|
|
|switch|p2a: Infernape|Infernape, F|293\/293
|turn|11
|
|move|p2a: Infernape|Close Combat|p1a: Goodra
|-damage|p1a: Goodra|0 fnt
|-unboost|p2a: Infernape|spe|1
|-unboost|p2a: Infernape|def|1
|-unboost|p2a: Infernape|spd|1
|-damage|p2a: Infernape|264\/293|[from] item: Life Orb
|faint|p1a: Goodra
|
|
|switch|p1a: Crobat|Crobat, M|374\/374
|-damage|p1a: Crobat|281\/374|[from] Stealth Rock
|turn|12
|
|switch|p2a: AMERICANBIRD|Braviary, M|341\/341
|move|p1a: Crobat|Brave Bird|p2a: AMERICANBIRD
|-damage|p2a: AMERICANBIRD|179\/341
|-damage|p1a: Crobat|228\/374|[from] recoil|[of] p2a: AMERICANBIRD
|
|-heal|p1a: Crobat|251\/374|[from] item: Black Sludge
|turn|13
|
|move|p2a: AMERICANBIRD|Brave Bird|p1a: Crobat
|-damage|p1a: Crobat|19\/374
|-damage|p2a: AMERICANBIRD|102\/341|[from] recoil|[of] p1a: Crobat
|move|p1a: Crobat|Roost|p1a: Crobat
|-heal|p1a: Crobat|206\/374
|
|-heal|p1a: Crobat|229\/374|[from] item: Black Sludge
|turn|14
|
|move|p2a: AMERICANBIRD|Brave Bird|p1a: Crobat
|-damage|p1a: Crobat|0 fnt
|-damage|p2a: AMERICANBIRD|26\/341|[from] recoil|[of] p1a: Crobat
|faint|p1a: Crobat
|
|
|switch|p1a: Mienshao|Mienshao, M|133\/271
|-damage|p1a: Mienshao|117\/271|[from] Stealth Rock
|turn|15
|
|move|p1a: Mienshao|Fake Out|p2a: AMERICANBIRD
|-damage|p2a: AMERICANBIRD|0 fnt
|-damage|p1a: Mienshao|90\/271|[from] item: Life Orb
|faint|p2a: AMERICANBIRD
|
|
|switch|p2a: Infernape|Infernape, F|264\/293
|turn|16
|
|switch|p1a: Quagsire|Quagsire, M|315\/394
|-damage|p1a: Quagsire|291\/394|[from] Stealth Rock
|move|p2a: Infernape|Close Combat|p1a: Quagsire
|-damage|p1a: Quagsire|116\/394
|-unboost|p2a: Infernape|def|1
|-unboost|p2a: Infernape|spd|1
|-damage|p2a: Infernape|235\/293|[from] item: Life Orb
|
|-heal|p1a: Quagsire|140\/394|[from] item: Leftovers
|turn|17
|
|move|p2a: Infernape|Close Combat|p1a: Quagsire
|-damage|p1a: Quagsire|0 fnt
|-unboost|p2a: Infernape|def|1
|-unboost|p2a: Infernape|spd|1
|-damage|p2a: Infernape|206\/293|[from] item: Life Orb
|faint|p1a: Quagsire
|
|
|switch|p1a: Absol|Absol, M|271\/271
|-damage|p1a: Absol|238\/271|[from] Stealth Rock
|-ability|p1a: Absol|Pressure
|turn|18
|
|detailschange|p1a: Absol|Absol-Mega, M
|-mega|p1a: Absol|Absol|Absolite
|move|p2a: Infernape|Mach Punch|p1a: Absol
|-supereffective|p1a: Absol
|-damage|p1a: Absol|0 fnt
|-damage|p2a: Infernape|177\/293|[from] item: Life Orb
|faint|p1a: Absol
|
|-message|michael 666 forfeited.
|
|win|RustyEspur
|raw|Ladder updating...
|raw|michael 666's rating: 1363 &rarr; <strong>1348<\/strong><br \/>(-15 for losing)
|raw|RustyEspur's rating: 1448 &rarr; <strong>1463<\/strong><br \/>(+15 for winning)
|leave|michael 666
|player|p1