|join|RustyEspur
|join|BellyDrumNewMeta
|player|p1|RustyEspur|172
|player|p2|BellyDrumNewMeta|266
|gametype|singles
|gen|6
|tier|UU
|rated
|rule|Sleep Clause Mod: Limit one foe put to sleep
|rule|Species Clause: Limit one of each PokÃ©mon
|rule|OHKO Clause: OHKO moves are banned
|rule|Moody Clause: Moody is banned
|rule|Evasion Moves Clause: Evasion moves are banned
|rule|Endless Battle Clause: Forcing endless battles is banned
|rule|HP Percentage Mod: HP is shown in percentages
|clearpoke
|poke|p1|Chesnaught, F
|poke|p1|Suicune
|poke|p1|Braviary, M
|poke|p1|Infernape, M
|poke|p1|Porygon-Z
|poke|p1|Empoleon, F
|poke|p2|Forretress, F
|poke|p2|Beedrill, M
|poke|p2|Chandelure, F
|poke|p2|Shaymin
|poke|p2|Alomomola, F
|poke|p2|Mienshao, F, shiny
|rule|Swagger Clause: Swagger is banned
|rule|Baton Pass Clause: Limit one PokÃ©mon knowing Baton Pass
|teampreview
|join|BIGSTEELIX
|
|start
|switch|p1a: Pee-Zee|Porygon-Z|311\/311
|switch|p2a: Beedrill|Beedrill, M|271\/271
|-boost|p1a: Pee-Zee|atk|1|[from] ability: Download
|turn|1
|
|switch|p2a: Shaymin|Shaymin|404\/404
|move|p1a: Pee-Zee|Agility|p1a: Pee-Zee
|-boost|p1a: Pee-Zee|spe|2
|
|turn|2
|
|move|p1a: Pee-Zee|Tri Attack|p2a: Shaymin
|-damage|p2a: Shaymin|262\/404
|-damage|p1a: Pee-Zee|280\/311|[from] item: Life Orb
|move|p2a: Shaymin|Seed Flare|p1a: Pee-Zee
|-damage|p1a: Pee-Zee|97\/311
|
|-heal|p2a: Shaymin|287\/404|[from] item: Leftovers
|turn|3
|c|âRustyEspur|lol so fat
|
|switch|p1a: P3NI5|Empoleon, F|372\/372
|move|p2a: Shaymin|Synthesis|p2a: Shaymin
|-heal|p2a: Shaymin|404\/404
|
|turn|4
|c| BIGSTEELIX|use adaptibility imo
|
|move|p2a: Shaymin|Seed Flare|p1a: P3NI5|[miss]
|-miss|p2a: Shaymin|p1a: P3NI5
|move|p1a: P3NI5|Stealth Rock|p2a: Shaymin
|-sidestart|p2: BellyDrumNewMeta|move: Stealth Rock
|
|turn|5
|c|âRustyEspur|but download :<
|c| BIGSTEELIX|download too unreliable
|
|move|p2a: Shaymin|Leech Seed|p1a: P3NI5
|-start|p1a: P3NI5|move: Leech Seed
|move|p1a: P3NI5|Ice Beam|p2a: Shaymin
|-supereffective|p2a: Shaymin
|-damage|p2a: Shaymin|292\/404
|
|-heal|p2a: Shaymin|317\/404|[from] item: Leftovers
|-damage|p1a: P3NI5|326\/372|[from] Leech Seed|[of] p2a: Shaymin
|-heal|p2a: Shaymin|363\/404|[silent]
|turn|6
|
|switch|p1a: AMERICANBIRD|Braviary, M|341\/341
|move|p2a: Shaymin|Seed Flare|p1a: AMERICANBIRD
|-resisted|p1a: AMERICANBIRD
|-damage|p1a: AMERICANBIRD|254\/341
|-unboost|p1a: AMERICANBIRD|spd|2
|-boost|p1a: AMERICANBIRD|atk|2|[from] ability: Defiant
|
|-heal|p2a: Shaymin|388\/404|[from] item: Leftovers
|turn|7
|c| BIGSTEELIX|it's not like genesect who had ohysical attacks to use lol
|c|âRustyEspur|oooooh
|c| BIGSTEELIX|oh damn
|c|âRustyEspur|something dies?
|c| BIGSTEELIX|nah
|c| BIGSTEELIX|alo can take it maybe
|
|switch|p2a: Forretress|Forretress, F|354\/354
|-damage|p2a: Forretress|310\/354|[from] Stealth Rock
|move|p1a: AMERICANBIRD|Brave Bird|p2a: Forretress
|-damage|p2a: Forretress|90\/354
|-damage|p1a: AMERICANBIRD|181\/341|[from] recoil|[of] p2a: Forretress
|
|-heal|p2a: Forretress|112\/354|[from] item: Leftovers
|turn|8
|c| BIGSTEELIX|idk
|c|âRustyEspur|forry too
|c| BIGSTEELIX|no
|c| BIGSTEELIX|not forry
|c|âBellyDrumNewMeta|neither of them can
|c| BIGSTEELIX|lol
|c| BIGSTEELIX|yeah?
|c| BIGSTEELIX|oh shit
|c|âRustyEspur|its so fat
|c| BIGSTEELIX|he gonna revenge with shao prob
|c|âRustyEspur|i survive
|c|âRustyEspur|fake out
|c|âBellyDrumNewMeta|I really want to spin though
|c|âRustyEspur|pretty sure
|
|switch|p2a: Alomomola|Alomomola, F|501\/501
|-damage|p2a: Alomomola|439\/501|[from] Stealth Rock
|move|p1a: AMERICANBIRD|Brave Bird|p2a: Alomomola
|-damage|p2a: Alomomola|30\/501
|-damage|p1a: AMERICANBIRD|46\/341|[from] recoil|[of] p2a: Alomomola
|
|-heal|p2a: Alomomola|61\/501|[from] item: Leftovers
|turn|9
|c| BIGSTEELIX|omg
|c| BIGSTEELIX|what
|c|âRustyEspur|ugh it survived
|c| BIGSTEELIX|but if shao is scarfed you can't survive
|c|âRustyEspur|yea
|c|âRustyEspur|if it is
|c|âBellyDrumNewMeta|sorry, thinking
|c| BIGSTEELIX|lol no prob
|c|âRustyEspur|its okay
|
|switch|p2a: Forretress|Forretress, F|112\/354
|-damage|p2a: Forretress|68\/354|[from] Stealth Rock
|move|p1a: AMERICANBIRD|Brave Bird|p2a: Forretress
|-damage|p2a: Forretress|0 fnt
|-damage|p1a: AMERICANBIRD|24\/341|[from] recoil|[of] p2a: Forretress
|faint|p2a: Forretress
|
|c|âRustyEspur|ooo
|
|switch|p2a: Mienshao|Mienshao, F, shiny|271\/271
|-damage|p2a: Mienshao|255\/271|[from] Stealth Rock
|turn|10
|
|switch|p1a: NoChest|Chesnaught, F|380\/380
|move|p2a: Mienshao|Fake Out|p1a: NoChest
|-damage|p1a: NoChest|338\/380
|-damage|p2a: Mienshao|228\/271|[from] item: Life Orb
|
|-heal|p1a: NoChest|361\/380|[from] item: Leftovers
|turn|11
|c| BIGSTEELIX|lol
|
|move|p2a: Mienshao|U-turn|p1a: NoChest
|-damage|p1a: NoChest|295\/380
|-damage|p2a: Mienshao|201\/271|[from] item: Life Orb
|
|switch|p2a: Alomomola|Alomomola, F|228\/501
|-damage|p2a: Alomomola|166\/501|[from] Stealth Rock
|move|p1a: NoChest|Leech Seed|p2a: Alomomola
|-start|p2a: Alomomola|move: Leech Seed
|
|-heal|p2a: Alomomola|197\/501|[from] item: Leftovers
|-heal|p1a: NoChest|318\/380|[from] item: Leftovers
|-damage|p2a: Alomomola|135\/501|[from] Leech Seed|[of] p1a: NoChest
|-heal|p1a: NoChest|380\/380|[silent]
|turn|12
|c|âRustyEspur|ugh its gonna heal
|c| BIGSTEELIX|seed bolmb?
|
|switch|p2a: Shaymin|Shaymin|388\/404
|-damage|p2a: Shaymin|338\/404|[from] Stealth Rock
|move|p1a: NoChest|Drain Punch|p2a: Shaymin
|-damage|p2a: Shaymin|242\/404
|
|-heal|p2a: Shaymin|267\/404|[from] item: Leftovers
|turn|13
|c|âRustyEspur|no
|c|âRustyEspur|lol
|c| BIGSTEELIX|wtf
|
|switch|p1a: P3NI5|Empoleon, F|326\/372
|move|p2a: Shaymin|Seed Flare|p1a: P3NI5
|-damage|p1a: P3NI5|227\/372
|
|-heal|p2a: Shaymin|292\/404|[from] item: Leftovers
|-heal|p1a: P3NI5|250\/372|[from] item: Leftovers
|turn|14
|c| BIGSTEELIX|don't use it without seed
|c| BIGSTEELIX|you're just asking to be swept by cune here
|c| BIGSTEELIX|it's already weak to scald
|c|âRustyEspur|lol
|
|switch|p1a: Infernape|Infernape, M|293\/293
|move|p2a: Shaymin|Leech Seed|p1a: Infernape|[miss]
|-miss|p2a: Shaymin|p1a: Infernape
|
|-heal|p2a: Shaymin|317\/404|[from] item: Leftovers
|turn|15
|
|switch|p1a: AMERICANBIRD|Braviary, M|24\/341
|switch|p2a: Chandelure|Chandelure, F|273\/273
|-damage|p2a: Chandelure|205\/273|[from] Stealth Rock
|
|turn|16
|
|move|p1a: AMERICANBIRD|Brave Bird|p2a: Chandelure
|-damage|p2a: Chandelure|0 fnt
|-damage|p1a: AMERICANBIRD|0 fnt|[from] recoil|[of] p2a: Chandelure
|faint|p2a: Chandelure
|faint|p1a: AMERICANBIRD
|
|c|âBellyDrumNewMeta|dat tie
|c|âRustyEspur|ur timid?
|c|âBellyDrumNewMeta|yeah, scarfed
|c| BIGSTEELIX|wow
|c|âBellyDrumNewMeta|oh wait nvm
|c|âBellyDrumNewMeta|I have 204 speed
|c| BIGSTEELIX|lol
|c| BIGSTEELIX|ye braviary is so uncommon
|c|âBellyDrumNewMeta|i think that's for base 135s
|c|âBellyDrumNewMeta|I don't really expect to tie with other base 80s
|c|âRustyEspur|lol
|c| BIGSTEELIX|base 135?
|c|âBellyDrumNewMeta|lop, manectric
|
|switch|p1a: Infernape|Infernape, M|293\/293
|switch|p2a: Mienshao|Mienshao, F, shiny|271\/271
|-damage|p2a: Mienshao|255\/271|[from] Stealth Rock
|turn|17
|c| BIGSTEELIX|lopunny left
|c|âBellyDrumNewMeta|crobat
|c|âBellyDrumNewMeta|oh, derp
|c| BIGSTEELIX|and manec is banned
|
|switch|p1a: NoChest|Chesnaught, F|380\/380
|move|p2a: Mienshao|Fake Out|p1a: NoChest
|-damage|p1a: NoChest|340\/380
|-damage|p2a: Mienshao|228\/271|[from] item: Life Orb
|
|-heal|p1a: NoChest|363\/380|[from] item: Leftovers
|turn|18
|c| BIGSTEELIX|too
|
|move|p2a: Mienshao|High Jump Kick|p1a: NoChest
|-damage|p1a: NoChest|194\/380
|-damage|p2a: Mienshao|201\/271|[from] item: Life Orb
|move|p1a: NoChest|Spikes|p2a: Mienshao
|-sidestart|p2: BellyDrumNewMeta|Spikes
|
|-heal|p1a: NoChest|217\/380|[from] item: Leftovers
|turn|19
|
|move|p1a: NoChest|Spiky Shield|p1a: NoChest
|-singleturn|p1a: NoChest|move: Protect
|move|p2a: Mienshao|U-turn|p1a: NoChest
|-activate|p1a: NoChest|move: Protect
|-damage|p2a: Mienshao|168\/271|[from] Spiky Shield|[of] p1a: NoChest
|
|-heal|p1a: NoChest|240\/380|[from] item: Leftovers
|turn|20
|
|move|p2a: Mienshao|High Jump Kick|p1a: NoChest
|-crit|p1a: NoChest
|-damage|p1a: NoChest|0 fnt
|-damage|p2a: Mienshao|141\/271|[from] item: Life Orb
|faint|p1a: NoChest
|
|c|âRustyEspur|are you kidding me
|c| BIGSTEELIX|oh shit
|
|switch|p1a: Infernape|Infernape, M|293\/293
|turn|21
|c|âBellyDrumNewMeta|that's like the fourth or fifth time this one has netted me a crucial crit
|c|âRustyEspur|lol
|
|switch|p2a: Alomomola|Alomomola, F|302\/501
|-damage|p2a: Alomomola|240\/501|[from] Stealth Rock
|-damage|p2a: Alomomola|178\/501|[from] Spikes
|move|p1a: Infernape|Close Combat|p2a: Alomomola
|-damage|p2a: Alomomola|0 fnt
|-unboost|p1a: Infernape|def|1
|-unboost|p1a: Infernape|spd|1
|-damage|p1a: Infernape|264\/293|[from] item: Life Orb
|faint|p2a: Alomomola
|
|c|âRustyEspur|dont survive
|c|âRustyEspur|nice
|c|âBellyDrumNewMeta|have I mega'd Bedroll yet?
|c|âBellyDrumNewMeta|Beedrill*
|c|âBellyDrumNewMeta|fuck
|
|switch|p2a: Mienshao|Mienshao, F, shiny|231\/271
|-damage|p2a: Mienshao|215\/271|[from] Stealth Rock
|-damage|p2a: Mienshao|182\/271|[from] Spikes
|turn|22
|c|âRustyEspur|fake out
|c|âRustyEspur|doesnt kill
|c|âRustyEspur|right?
|c| BIGSTEELIX|of course
|c| BIGSTEELIX|lol
|
|switch|p1a: Suicune|Suicune|404\/404
|-ability|p1a: Suicune|Pressure
|move|p2a: Mienshao|Fake Out|p1a: Suicune
|-damage|p1a: Suicune|366\/404
|-damage|p2a: Mienshao|155\/271|[from] item: Life Orb
|
|-heal|p1a: Suicune|391\/404|[from] item: Leftovers
|turn|23
|c| BIGSTEELIX|why you switched??
|c| BIGSTEELIX|lol
|c|âBellyDrumNewMeta|fuck, the one time the cancel button worked
|c|âBellyDrumNewMeta|I had HJK selected
|c|âRustyEspur|lol
|c|âBellyDrumNewMeta|and you guys were talking about it
|c|âBellyDrumNewMeta|and I was like
|c|âBellyDrumNewMeta|nah
|c|âRustyEspur|its called playing with words
|c| BIGSTEELIX|haha
|
|move|p2a: Mienshao|Knock Off|p1a: Suicune
|-damage|p1a: Suicune|303\/404
|-enditem|p1a: Suicune|Leftovers|[from] move: Knock Off|[of] p2a: Mienshao
|-damage|p2a: Mienshao|128\/271|[from] item: Life Orb
|move|p1a: Suicune|Scald|p2a: Mienshao
|-damage|p2a: Mienshao|0 fnt
|faint|p2a: Mienshao
|
|
|switch|p2a: Beedrill|Beedrill, M|271\/271
|-damage|p2a: Beedrill|204\/271|[from] Stealth Rock
|-damage|p2a: Beedrill|171\/271|[from] Spikes
|turn|24
|c|âRustyEspur|like in the earlier game
|c| BIGSTEELIX|lolo dude base 145 max speed megas outspeeds max speed base 80 with a scarf by one point
|c|âRustyEspur|i said i was going for webs
|join|napty
|c|âBellyDrumNewMeta|.66666 point, actualy
|c|âRustyEspur|and i clicked bug buzz instead
|c| BIGSTEELIX|yeah?
|
|detailschange|p2a: Beedrill|Beedrill-Mega, M
|-mega|p2a: Beedrill|Beedrill|Beedrillite
|move|p2a: Beedrill|U-turn|p1a: Suicune
|-damage|p1a: Suicune|173\/404
|
|switch|p2a: Shaymin|Shaymin|317\/404
|-damage|p2a: Shaymin|267\/404|[from] Spikes
|-damage|p2a: Shaymin|217\/404|[from] Stealth Rock
|move|p1a: Suicune|Scald|p2a: Shaymin
|-crit|p2a: Shaymin
|-resisted|p2a: Shaymin
|-damage|p2a: Shaymin|170\/404
|
|-heal|p2a: Shaymin|195\/404|[from] item: Leftovers
|turn|25
|c| BIGSTEELIX|oh it's napty
|c| napty|hi
|c| BIGSTEELIX|hi
|c|âRustyEspur|bunr
|
|switch|p1a: Infernape|Infernape, M|264\/293
|move|p2a: Shaymin|Seed Flare|p1a: Infernape
|-resisted|p1a: Infernape
|-damage|p1a: Infernape|167\/293
|
|-heal|p2a: Shaymin|220\/404|[from] item: Leftovers
|turn|26
|c|âRustyEspur|do i close combat
|c| napty|hopefully gren will be banned, i really want to do some OU battles
|c|âRustyEspur|or overheat
|c|âRustyEspur|napt
|c| napty|good question
|c| BIGSTEELIX|the voting has not happened yet
|c| napty|close combat imo
|c| BIGSTEELIX|overheat
|c| BIGSTEELIX|imo
|c| BIGSTEELIX|nah he's bulky
|c| BIGSTEELIX|he's leech seed
|c| napty|lol i was joking
|c|âBellyDrumNewMeta|or, "Venusaur-mega-Y", as I like to call it
|c| BIGSTEELIX|ok :X
|c| BIGSTEELIX|lol
|c| napty|no reason to not fire off a overheat
|c|âRustyEspur|well he is spdef
|c| BIGSTEELIX|venusaur went on a diet
|
|move|p1a: Infernape|Close Combat|p2a: Shaymin
|-damage|p2a: Shaymin|0 fnt
|-unboost|p1a: Infernape|def|1
|-unboost|p1a: Infernape|spd|1
|-damage|p1a: Infernape|138\/293|[from] item: Life Orb
|faint|p2a: Shaymin
|
|c|âRustyEspur|CC should kill
|
|switch|p2a: Beedrill|Beedrill-Mega, M|171\/271
|-damage|p2a: Beedrill|104\/271|[from] Stealth Rock
|-damage|p2a: Beedrill|71\/271|[from] Spikes
|turn|27
|c|âRustyEspur|pls kill
|
|move|p1a: Infernape|Mach Punch|p2a: Beedrill
|-resisted|p2a: Beedrill
|-damage|p2a: Beedrill|22\/271
|-damage|p1a: Infernape|109\/293|[from] item: Life Orb
|move|p2a: Beedrill|Poison Jab|p1a: Infernape
|-damage|p1a: Infernape|0 fnt
|faint|p1a: Infernape
|
|c| BIGSTEELIX|lol
|c| BIGSTEELIX|dude
|
|switch|p1a: P3NI5|Empoleon, F|250\/372
|turn|28
|c|âRustyEspur|crit me not
|c|âBellyDrumNewMeta|The one attack Bedroll can stomach
|
|move|p2a: Beedrill|Drill Run|p1a: P3NI5
|-supereffective|p1a: P3NI5
|-damage|p1a: P3NI5|24\/372
|move|p1a: P3NI5|Scald|p2a: Beedrill
|-crit|p2a: Beedrill
|-damage|p2a: Beedrill|0 fnt
|faint|p2a: Beedrill
|
|win|RustyEspur
|raw|Ladder updating...
|c|âBellyDrumNewMeta|pls crit
|raw|RustyEspur's rating: 1449 &rarr; <strong>1464<\/strong><br \/>(+15 for winning)
|raw|BellyDrumNewMeta's rating: 1354 &rarr; <strong>1339<\/strong><br \/>(-15 for losing)
|c|âBellyDrumNewMeta|fuuuuuuck
|c|âRustyEspur|nice
|c|âRustyEspur|gg
|c|âBellyDrumNewMeta|gg
|c| BIGSTEELIX|gg