|join|RustyEspur
|join|Gualino
|player|p1|RustyEspur|172
|player|p2|Gualino|238
|gametype|singles
|gen|6
|tier|UU
|rated
|rule|Sleep Clause Mod: Limit one foe put to sleep
|rule|Species Clause: Limit one of each PokÃ©mon
|rule|OHKO Clause: OHKO moves are banned
|rule|Moody Clause: Moody is banned
|rule|Evasion Moves Clause: Evasion moves are banned
|rule|Endless Battle Clause: Forcing endless battles is banned
|rule|HP Percentage Mod: HP is shown in percentages
|clearpoke
|poke|p1|Galvantula, F
|poke|p1|Ursaring, F
|poke|p1|Blastoise, M
|poke|p1|Cacturne, M
|poke|p1|Jirachi
|poke|p1|Darmanitan, M
|poke|p2|Entei, shiny
|poke|p2|Absol, F
|poke|p2|Roserade, M
|poke|p2|Haxorus, M
|poke|p2|Celebi
|poke|p2|Cloyster, F
|rule|Swagger Clause: Swagger is banned
|rule|Baton Pass Clause: Limit one PokÃ©mon knowing Baton Pass
|teampreview
|
|start
|switch|p1a: Blastoise|Blastoise, M|362\/362
|switch|p2a: Cloyster|Cloyster, F|241\/241
|turn|1
|
|detailschange|p1a: Blastoise|Blastoise-Mega, M
|-mega|p1a: Blastoise|Blastoise|Blastoisinite
|move|p2a: Cloyster|Shell Smash|p2a: Cloyster
|-boost|p2a: Cloyster|atk|2
|-boost|p2a: Cloyster|spa|2
|-boost|p2a: Cloyster|spe|2
|-unboost|p2a: Cloyster|def|1
|-unboost|p2a: Cloyster|spd|1
|move|p1a: Blastoise|Scald|p2a: Cloyster
|-resisted|p2a: Cloyster
|-damage|p2a: Cloyster|78\/241
|
|turn|2
|
|move|p2a: Cloyster|Explosion|p1a: Blastoise
|-damage|p1a: Blastoise|51\/362
|faint|p2a: Cloyster
|move|p1a: Blastoise|Scald|p2: Cloyster|[notarget]
|-notarget
|
|join|napty
|
|switch|p2a: Absol|Absol, F|271\/271
|turn|3
|c| napty|it's wasted potential
|c|âRustyEspur|+2 explosion
|c|âRustyEspur|didnt even kill
|c| napty|you better weaken the blastoise first and sweep with cloyster after that
|c| napty|lol ye
|c| napty|what is ur ev spread
|
|detailschange|p2a: Absol|Absol-Mega, F
|-mega|p2a: Absol|Absol|Absolite
|move|p2a: Absol|Thunderbolt|p1a: Blastoise
|-supereffective|p1a: Blastoise
|-damage|p1a: Blastoise|0 fnt
|faint|p1a: Blastoise
|
|c|âRustyEspur|max hp max spe
|c|âRustyEspur|jk
|c| napty|lol seriously?
|c|âRustyEspur|252 spatk 252 spe
|
|switch|p1a: Darmanitan|Darmanitan, M|351\/351
|turn|4
|
|move|p2a: Absol|Sucker Punch|p1a: Darmanitan
|-damage|p1a: Darmanitan|99\/351
|move|p1a: Darmanitan|Flare Blitz|p2a: Absol
|-damage|p2a: Absol|0 fnt
|-damage|p1a: Darmanitan|10\/351|[from] recoil|[of] p2a: Absol
|faint|p2a: Absol
|
|
|switch|p2a: Entei|Entei, shiny|371\/371
|-ability|p2a: Entei|Pressure
|turn|5
|
|switch|p1a: Jirachi|Jirachi|404\/404
|move|p2a: Entei|Sacred Fire|p1a: Jirachi
|-supereffective|p1a: Jirachi
|-damage|p1a: Jirachi|0 fnt
|faint|p1a: Jirachi
|
|
|switch|p1a: Galvantula|Galvantula, F|281\/281
|turn|6
|
|switch|p2a: Haxorus|Haxorus, M|293\/293
|-ability|p2a: Haxorus|Mold Breaker
|move|p1a: Galvantula|Sticky Web|p2a: Haxorus
|-sidestart|p2: Gualino|move: Sticky Web
|
|turn|7
|
|move|p1a: Galvantula|Thunder Wave|p2a: Haxorus
|-status|p2a: Haxorus|par
|-enditem|p2a: Haxorus|Lum Berry|[eat]
|-curestatus|p2a: Haxorus|par
|move|p2a: Haxorus|Dragon Dance|p2a: Haxorus
|-boost|p2a: Haxorus|atk|1
|-boost|p2a: Haxorus|spe|1
|
|turn|8
|
|move|p2a: Haxorus|Dual Chop|p1a: Galvantula
|-damage|p1a: Galvantula|98\/281
|-damage|p1a: Galvantula|0 fnt
|-hitcount|p1a: Galvantula|2
|faint|p1a: Galvantula
|
|
|switch|p1a: Darmanitan|Darmanitan, M|10\/351
|turn|9
|
|move|p1a: Darmanitan|Superpower|p2a: Haxorus
|-damage|p2a: Haxorus|124\/293
|-unboost|p1a: Darmanitan|atk|1
|-unboost|p1a: Darmanitan|def|1
|move|p2a: Haxorus|Earthquake|p1a: Darmanitan
|-supereffective|p1a: Darmanitan
|-damage|p1a: Darmanitan|0 fnt
|faint|p1a: Darmanitan
|
|
|switch|p1a: Cacturne|Cacturne, M|281\/281
|turn|10
|
|move|p1a: Cacturne|Sucker Punch|p2a: Haxorus
|-damage|p2a: Haxorus|0 fnt
|-damage|p1a: Cacturne|253\/281|[from] item: Life Orb
|faint|p2a: Haxorus
|
|
|switch|p2a: Roserade|Roserade, M|324\/324
|-activate|p2a: Roserade|move: Sticky Web
|-unboost|p2a: Roserade|spe|1
|turn|11
|
|move|p1a: Cacturne|Sucker Punch|p2a: Roserade
|-damage|p2a: Roserade|94\/324
|-damage|p1a: Cacturne|225\/281|[from] item: Life Orb
|move|p2a: Roserade|Sludge Bomb|p1a: Cacturne
|-supereffective|p1a: Cacturne
|-damage|p1a: Cacturne|0 fnt
|faint|p1a: Cacturne
|
|-heal|p2a: Roserade|114\/324|[from] item: Black Sludge
|
|switch|p1a: Ursaring|Ursaring, F|321\/321
|turn|12
|
|move|p1a: Ursaring|Facade|p2a: Roserade
|-damage|p2a: Roserade|0 fnt
|faint|p2a: Roserade
|
|-status|p1a: Ursaring|tox|[from] item: Toxic Orb
|c|âRustyEspur|can i still win?
|c|âRustyEspur|napty
|
|switch|p2a: Entei|Entei, shiny|371\/371
|-activate|p2a: Entei|move: Sticky Web
|-unboost|p2a: Entei|spe|1
|-ability|p2a: Entei|Pressure
|turn|13
|c| napty|idk
|c|âRustyEspur|pls ohko
|c| napty|entei is prety bulk
|
|move|p1a: Ursaring|Facade|p2a: Entei
|-damage|p2a: Entei|0 fnt
|faint|p2a: Entei
|
|-damage|p1a: Ursaring|301\/321 tox|[from] psn
|c| napty|y
|c|âRustyEspur|nice
|c| napty|celebi too
|
|switch|p2a: Celebi|Celebi|341\/341
|-activate|p2a: Celebi|move: Sticky Web
|-unboost|p2a: Celebi|spe|1
|turn|14
|c|âRustyEspur|dies too
|c|âRustyEspur|this hits as hard
|c|âRustyEspur|as jolly mega medi
|c|âRustyEspur|hjk
|
|move|p2a: Celebi|Leaf Storm|p1a: Ursaring
|-damage|p1a: Ursaring|0 fnt
|-unboost|p2a: Celebi|spa|2
|-damage|p2a: Celebi|307\/341|[from] item: Life Orb
|faint|p1a: Ursaring
|
|win|Gualino
|raw|Ladder updating...
|raw|RustyEspur's rating: 1425 &rarr; <strong>1401<\/strong><br \/>(-24 for losing)
|raw|Gualino's rating: 1354 &rarr; <strong>1378<\/strong><br \/>(+24 for winning)
|c|âRustyEspur|wtf
|c|âRustyEspur|lol
|c| napty|lol
|c|âGualino|lol
|leave|Gualino