|join|RustyEspur
|join|22dula
|player|p1|RustyEspur|172
|player|p2|22dula|170
|gametype|singles
|gen|6
|tier|UU
|rated
|rule|Sleep Clause Mod: Limit one foe put to sleep
|rule|Species Clause: Limit one of each PokÃ©mon
|rule|OHKO Clause: OHKO moves are banned
|rule|Moody Clause: Moody is banned
|rule|Evasion Moves Clause: Evasion moves are banned
|rule|Endless Battle Clause: Forcing endless battles is banned
|rule|HP Percentage Mod: HP is shown in percentages
|clearpoke
|poke|p1|Trevenant, F
|poke|p1|Entei, shiny
|poke|p1|Blastoise, M
|poke|p1|Nidoqueen, F
|poke|p1|Jirachi
|poke|p1|Machamp, M
|poke|p2|Quagsire, F
|poke|p2|Noivern, M
|poke|p2|Medicham, M
|poke|p2|Trevenant, M
|poke|p2|Houndoom, M
|poke|p2|Registeel
|rule|Swagger Clause: Swagger is banned
|rule|Baton Pass Clause: Limit one PokÃ©mon knowing Baton Pass
|teampreview
|join|HUGESTEELIX
|c| HUGESTEELIX|gl^^
|c|âRustyEspur|:]
|
|start
|switch|p1a: Nidoqueen|Nidoqueen, F|384\/384
|switch|p2a: Medicham|Medicham, M|261\/261
|turn|1
|c| HUGESTEELIX|ouch
|c|âRustyEspur|a truck
|
|switch|p1a: Jirachi|Jirachi|341\/341
|move|p2a: Medicham|Zen Headbutt|p1a: Jirachi
|-resisted|p1a: Jirachi
|-damage|p1a: Jirachi|281\/341
|-damage|p2a: Medicham|235\/261|[from] item: Life Orb
|
|turn|2
|
|switch|p2a: Registeel|Registeel|364\/364
|move|p1a: Jirachi|Trick|p2a: Registeel
|-activate|p1a: Jirachi|move: Trick|[of] p2a: Registeel
|-item|p2a: Registeel|Choice Scarf|[from] move: Trick
|-item|p1a: Jirachi|Leftovers|[from] move: Trick
|
|-heal|p1a: Jirachi|302\/341|[from] item: Leftovers
|turn|3
|c| HUGESTEELIX|ha
|c| HUGESTEELIX|nice
|c|âRustyEspur|:]
|
|move|p1a: Jirachi|U-turn|p2a: Registeel
|-resisted|p2a: Registeel
|-damage|p2a: Registeel|341\/364
|
|switch|p1a: Trevenant|Trevenant, F|374\/374
|move|p2a: Registeel|Stealth Rock|p1a: Trevenant
|-sidestart|p1: RustyEspur|move: Stealth Rock
|
|turn|4
|c| HUGESTEELIX|trev?
|
|switch|p2a: Houndoom|Houndoom, M|291\/291
|move|p1a: Trevenant|Curse|p2a: Houndoom
|-start|p2a: Houndoom|Curse|[of] p1a: Trevenant
|-damage|p1a: Trevenant|187\/374
|-enditem|p1a: Trevenant|Sitrus Berry|[eat]
|-heal|p1a: Trevenant|280\/374|[from] item: Sitrus Berry
|
|-damage|p2a: Houndoom|219\/291|[from] Curse
|-item|p1a: Trevenant|Sitrus Berry|[from] ability: Harvest
|turn|5
|c| HUGESTEELIX|lol
|c|âRustyEspur|lol
|c| HUGESTEELIX|should have gone to blastoise imo
|
|detailschange|p2a: Houndoom|Houndoom-Mega, M
|-mega|p2a: Houndoom|Houndoom|Houndoominite
|move|p1a: Trevenant|Protect|p1a: Trevenant
|-singleturn|p1a: Trevenant|Protect
|move|p2a: Houndoom|Dark Pulse|p1a: Trevenant
|-activate|p1a: Trevenant|Protect
|
|-damage|p2a: Houndoom|147\/291|[from] Curse
|turn|6
|c| HUGESTEELIX|or nidoqueen
|
|switch|p2a: Medicham|Medicham, M|235\/261
|switch|p1a: Legitasfk|Machamp, M|364\/364
|-damage|p1a: Legitasfk|342\/364|[from] Stealth Rock
|
|turn|7
|
|switch|p1a: Trevenant|Trevenant, F|280\/374
|-damage|p1a: Trevenant|234\/374|[from] Stealth Rock
|move|p2a: Medicham|High Jump Kick|p1a: Trevenant
|-immune|p1a: Trevenant|[msg]
|-damage|p2a: Medicham|105\/261|[from] highjumpkick
|
|turn|8
|c|âRustyEspur|yum
|c| HUGESTEELIX|xD
|
|switch|p1a: Jirachi|Jirachi|302\/341
|-damage|p1a: Jirachi|281\/341|[from] Stealth Rock
|move|p2a: Medicham|Zen Headbutt|p1a: Jirachi
|-crit|p1a: Jirachi
|-resisted|p1a: Jirachi
|-damage|p1a: Jirachi|194\/341
|-damage|p2a: Medicham|79\/261|[from] item: Life Orb
|
|-heal|p1a: Jirachi|215\/341|[from] item: Leftovers
|turn|9
|c|âRustyEspur|the realness
|c| HUGESTEELIX|damn
|
|switch|p2a: Registeel|Registeel|341\/364
|move|p1a: Jirachi|Iron Head|p2a: Registeel
|-resisted|p2a: Registeel
|-damage|p2a: Registeel|300\/364
|
|-heal|p1a: Jirachi|236\/341|[from] item: Leftovers
|turn|10
|
|move|p1a: Jirachi|U-turn|p2a: Registeel
|-resisted|p2a: Registeel
|-damage|p2a: Registeel|276\/364
|join|napty
|
|switch|p1a: Nidoqueen|Nidoqueen, F|384\/384
|-damage|p1a: Nidoqueen|360\/384|[from] Stealth Rock
|move|p2a: Registeel|Thunder Wave|p1a: Nidoqueen
|-immune|p1a: Nidoqueen|[msg]
|
|-heal|p1a: Nidoqueen|384\/384|[from] item: Black Sludge
|turn|11
|
|switch|p2a: Medicham|Medicham, M|79\/261
|move|p1a: Nidoqueen|Stealth Rock|p2a: Medicham
|-sidestart|p2: 22dula|move: Stealth Rock
|
|turn|12
|c| napty|chimp!
|c| HUGESTEELIX|yay
|
|switch|p1a: Jirachi|Jirachi|236\/341
|-damage|p1a: Jirachi|215\/341|[from] Stealth Rock
|move|p2a: Medicham|Zen Headbutt|p1a: Jirachi
|-resisted|p1a: Jirachi
|-damage|p1a: Jirachi|157\/341
|-damage|p2a: Medicham|53\/261|[from] item: Life Orb
|
|-heal|p1a: Jirachi|178\/341|[from] item: Leftovers
|turn|13
|c| napty|what the fuck, isn't medicham OU?
|c|âRustyEspur|chimp!
|
|switch|p2a: Quagsire|Quagsire, F|394\/394
|-damage|p2a: Quagsire|370\/394|[from] Stealth Rock
|move|p1a: Jirachi|Iron Head|p2a: Quagsire
|-resisted|p2a: Quagsire
|-damage|p2a: Quagsire|321\/394
|
|-heal|p1a: Jirachi|199\/341|[from] item: Leftovers
|-heal|p2a: Quagsire|345\/394|[from] item: Leftovers
|turn|14
|c| HUGESTEELIX|no
|c|âRustyEspur|only mega
|c| HUGESTEELIX|non mega isnt
|
|move|p1a: Jirachi|U-turn|p2a: Quagsire
|-damage|p2a: Quagsire|286\/394
|c| napty|thought it was lol
|
|switch|p1a: Blastoise|Blastoise, M|345\/345
|-damage|p1a: Blastoise|302\/345|[from] Stealth Rock
|move|p2a: Quagsire|Toxic|p1a: Blastoise
|-status|p1a: Blastoise|tox
|
|-heal|p2a: Quagsire|310\/394|[from] item: Leftovers
|-damage|p1a: Blastoise|281\/345 tox|[from] psn
|turn|15
|
|switch|p2a: Registeel|Registeel|276\/364
|-damage|p2a: Registeel|254\/364|[from] Stealth Rock
|detailschange|p1a: Blastoise|Blastoise-Mega, M
|-mega|p1a: Blastoise|Blastoise|Blastoisinite
|move|p1a: Blastoise|Dark Pulse|p2a: Registeel
|-damage|p2a: Registeel|152\/364
|
|-damage|p1a: Blastoise|239\/345 tox|[from] psn
|turn|16
|
|move|p1a: Blastoise|Rapid Spin|p2a: Registeel
|-resisted|p2a: Registeel
|-damage|p2a: Registeel|148\/364
|-sideend|p1: RustyEspur|Stealth Rock|[from] move: Rapid Spin|[of] p1a: Blastoise
|move|p2a: Registeel|Stealth Rock|p1a: Blastoise
|-sidestart|p1: RustyEspur|move: Stealth Rock
|
|-damage|p1a: Blastoise|176\/345 tox|[from] psn
|turn|17
|c| HUGESTEELIX|rekt
|c| HUGESTEELIX|:X
|
|switch|p1a: Trevenant|Trevenant, F|234\/374
|-damage|p1a: Trevenant|188\/374|[from] Stealth Rock
|move|p2a: Registeel|Stealth Rock|p1a: Trevenant
|-fail|p1a: Trevenant
|
|turn|18
|
|switch|p2a: Noivern|Noivern, M|311\/311
|-damage|p2a: Noivern|234\/311|[from] Stealth Rock
|-item|p1a: Trevenant|Sitrus Berry|[from] ability: Frisk|[of] p2a: Noivern|[identify]
|move|p1a: Trevenant|Curse|p2a: Noivern
|-start|p2a: Noivern|Curse|[of] p1a: Trevenant
|-damage|p1a: Trevenant|1\/374
|-enditem|p1a: Trevenant|Sitrus Berry|[eat]
|-heal|p1a: Trevenant|94\/374|[from] item: Sitrus Berry
|
|-damage|p2a: Noivern|157\/311|[from] Curse
|-item|p1a: Trevenant|Sitrus Berry|[from] ability: Harvest
|-enditem|p1a: Trevenant|Sitrus Berry|[eat]
|-heal|p1a: Trevenant|187\/374|[from] item: Sitrus Berry
|turn|19
|c| napty|quagsire doesn't get stealth rock, this is weird
|
|switch|p2a: Medicham|Medicham, M|53\/261
|-damage|p2a: Medicham|37\/261|[from] Stealth Rock
|move|p1a: Trevenant|Protect|p1a: Trevenant
|-fail|p1a: Trevenant
|
|turn|20
|
|switch|p1a: Jirachi|Jirachi|199\/341
|-damage|p1a: Jirachi|178\/341|[from] Stealth Rock
|move|p2a: Medicham|Zen Headbutt|p1a: Jirachi
|-resisted|p1a: Jirachi
|-damage|p1a: Jirachi|121\/341
|-damage|p2a: Medicham|11\/261|[from] item: Life Orb
|
|-heal|p1a: Jirachi|142\/341|[from] item: Leftovers
|turn|21
|c| HUGESTEELIX|yeah
|c| HUGESTEELIX|strange
|
|move|p2a: Medicham|Bullet Punch|p1a: Jirachi
|-resisted|p1a: Jirachi
|-damage|p1a: Jirachi|99\/341
|-damage|p2a: Medicham|0 fnt|[from] item: Life Orb
|faint|p2a: Medicham
|move|p1a: Jirachi|U-turn|p2: Medicham|[notarget]
|-notarget
|
|-heal|p1a: Jirachi|120\/341|[from] item: Leftovers
|c| napty|definitly
|
|switch|p2a: Houndoom|Houndoom-Mega, M|147\/291
|-damage|p2a: Houndoom|75\/291|[from] Stealth Rock
|turn|22
|c| HUGESTEELIX|this rachi can happily die now
|
|move|p2a: Houndoom|Dark Pulse|p1a: Jirachi
|-supereffective|p1a: Jirachi
|-damage|p1a: Jirachi|0 fnt
|faint|p1a: Jirachi
|
|
|switch|p1a: Legitasfk|Machamp, M|342\/364
|-damage|p1a: Legitasfk|320\/364|[from] Stealth Rock
|turn|23
|
|switch|p2a: Registeel|Registeel|148\/364
|-damage|p2a: Registeel|126\/364|[from] Stealth Rock
|move|p1a: Legitasfk|Close Combat|p2a: Registeel
|-supereffective|p2a: Registeel
|-damage|p2a: Registeel|0 fnt
|-unboost|p1a: Legitasfk|def|1
|-unboost|p1a: Legitasfk|spd|1
|faint|p2a: Registeel
|
|
|switch|p2a: Noivern|Noivern, M|157\/311
|-damage|p2a: Noivern|80\/311|[from] Stealth Rock
|-item|p1a: Legitasfk|Assault Vest|[from] ability: Frisk|[of] p2a: Noivern|[identify]
|turn|24
|c|âRustyEspur|steelix
|c|âRustyEspur|do i let this die
|c| HUGESTEELIX|no
|c|âRustyEspur|252 SpA Choice Specs Noivern Draco Meteor vs. -1 172 HP \/ 0 SpD Assault Vest Machamp: 298-352 (81.8 - 96.7%) -- guaranteed 2HKO
|c|âRustyEspur|atk or no
|c| HUGESTEELIX|no
|c| HUGESTEELIX|cause he will spam air slash prob
|c| HUGESTEELIX|you have no resist
|c| HUGESTEELIX|lol
|
|switch|p1a: Nidoqueen|Nidoqueen, F|384\/384
|-damage|p1a: Nidoqueen|360\/384|[from] Stealth Rock
|move|p2a: Noivern|Hurricane|p1a: Nidoqueen|[miss]
|-miss|p2a: Noivern|p1a: Nidoqueen
|
|-heal|p1a: Nidoqueen|384\/384|[from] item: Black Sludge
|turn|25
|c| HUGESTEELIX|or hurricane
|c| HUGESTEELIX|lol
|
|move|p2a: Noivern|Hurricane|p1a: Nidoqueen|[miss]
|-miss|p2a: Noivern|p1a: Nidoqueen
|move|p1a: Nidoqueen|Ice Beam|p2a: Noivern
|-supereffective|p2a: Noivern
|-damage|p2a: Noivern|0 fnt
|faint|p2a: Noivern
|
|c|âRustyEspur|lol
|c|â22dula|lol
|c|âRustyEspur|thas why airslash
|c|âRustyEspur|is better
|c|â22dula|its too weak for my liking
|c|â22dula|but gg
|c|âRustyEspur|gg
|-message|22dula forfeited.
|
|win|RustyEspur
|raw|Ladder updating...
|leave|22dula
|player|p2
|raw|RustyEspur's rating: 1500 &rarr; <strong>1513<\/strong><br \/>(+13 for winning)
|raw|22dula's rating: 1364 &rarr; <strong>1352<\/strong><br \/>(-12 for losing)
|c|âRustyEspur|niceeee