|join|Sial
|join|RustyEspur
|player|p1|Sial|200
|player|p2|RustyEspur|172
|gametype|singles
|gen|6
|tier|UU
|rated
|rule|Sleep Clause Mod: Limit one foe put to sleep
|rule|Species Clause: Limit one of each PokÃ©mon
|rule|OHKO Clause: OHKO moves are banned
|rule|Moody Clause: Moody is banned
|rule|Evasion Moves Clause: Evasion moves are banned
|rule|Endless Battle Clause: Forcing endless battles is banned
|rule|HP Percentage Mod: HP is shown in percentages
|clearpoke
|poke|p1|Hippowdon, F
|poke|p1|Mienshao, M
|poke|p1|Slowking, F
|poke|p1|Umbreon, F
|poke|p1|Amoonguss, F
|poke|p1|Entei, shiny
|poke|p2|Galvantula, M
|poke|p2|Ursaring, F
|poke|p2|Blastoise, M
|poke|p2|Cacturne, M
|poke|p2|Jirachi
|poke|p2|Darmanitan, F
|rule|Swagger Clause: Swagger is banned
|rule|Baton Pass Clause: Limit one PokÃ©mon knowing Baton Pass
|teampreview
|
|start
|switch|p1a: Hippowdon|Hippowdon, F|420\/420
|switch|p2a: Blastoise|Blastoise, M|362\/362
|-weather|Sandstorm
|turn|1
|
|switch|p1a: Amoonguss|Amoonguss, F|431\/431
|detailschange|p2a: Blastoise|Blastoise-Mega, M
|-mega|p2a: Blastoise|Blastoise|Blastoisinite
|move|p2a: Blastoise|Scald|p1a: Amoonguss
|-resisted|p1a: Amoonguss
|-damage|p1a: Amoonguss|356\/431
|
|-weather|Sandstorm|[upkeep]
|-damage|p2a: Blastoise|340\/362|[from] sandstorm
|-damage|p1a: Amoonguss|330\/431|[from] sandstorm
|turn|2
|
|switch|p2a: Darmanitan|Darmanitan, F|351\/351
|move|p1a: Amoonguss|Giga Drain|p2a: Darmanitan
|-resisted|p2a: Darmanitan
|-damage|p2a: Darmanitan|217\/351
|-heal|p1a: Amoonguss|397\/431|[from] drain|[of] p2a: Darmanitan
|
|-weather|Sandstorm|[upkeep]
|-damage|p2a: Darmanitan|196\/351|[from] sandstorm
|-damage|p1a: Amoonguss|371\/431|[from] sandstorm
|turn|3
|
|switch|p1a: Slowking|Slowking, F|393\/393
|move|p2a: Darmanitan|U-turn|p1a: Slowking
|-supereffective|p1a: Slowking
|-damage|p1a: Slowking|233\/393
|
|switch|p2a: Jirachi|Jirachi|404\/404
|
|-weather|Sandstorm|[upkeep]
|-damage|p1a: Slowking|209\/393|[from] sandstorm
|-heal|p1a: Slowking|233\/393|[from] item: Leftovers
|turn|4
|
|switch|p1a: Hippowdon|Hippowdon, F|420\/420
|move|p2a: Jirachi|Stealth Rock|p1a: Hippowdon
|-sidestart|p1: Sial|move: Stealth Rock
|
|-weather|Sandstorm|[upkeep]
|turn|5
|
|switch|p2a: Blastoise|Blastoise-Mega, M|340\/362
|move|p1a: Hippowdon|Stealth Rock|p2a: Blastoise
|-sidestart|p2: RustyEspur|move: Stealth Rock
|
|-weather|none
|turn|6
|
|switch|p1a: Amoonguss|Amoonguss, F|431\/431
|-damage|p1a: Amoonguss|378\/431|[from] Stealth Rock
|move|p2a: Blastoise|Ice Beam|p1a: Amoonguss
|-supereffective|p1a: Amoonguss
|-damage|p1a: Amoonguss|166\/431
|
|turn|7
|
|switch|p1a: Umbreon|Umbreon, F|394\/394
|-damage|p1a: Umbreon|345\/394|[from] Stealth Rock
|move|p2a: Blastoise|Ice Beam|p1a: Umbreon
|-damage|p1a: Umbreon|290\/394
|
|-heal|p1a: Umbreon|314\/394|[from] item: Leftovers
|turn|8
|
|move|p2a: Blastoise|Rapid Spin|p1a: Umbreon
|-damage|p1a: Umbreon|300\/394
|-sideend|p2: RustyEspur|Stealth Rock|[from] move: Rapid Spin|[of] p2a: Blastoise
|move|p1a: Umbreon|Toxic|p2a: Blastoise
|-status|p2a: Blastoise|tox
|
|-heal|p1a: Umbreon|324\/394|[from] item: Leftovers
|-damage|p2a: Blastoise|318\/362 tox|[from] psn
|turn|9
|
|switch|p2a: Galvantula|Galvantula, M|281\/281
|move|p1a: Umbreon|Baton Pass|p1a: Umbreon
|
|switch|p1a: Hippowdon|Hippowdon, F|420\/420
|-damage|p1a: Hippowdon|394\/420|[from] Stealth Rock
|-weather|Sandstorm
|
|-weather|Sandstorm|[upkeep]
|-damage|p2a: Galvantula|264\/281|[from] sandstorm
|-heal|p1a: Hippowdon|420\/420|[from] item: Leftovers
|turn|10
|
|move|p2a: Galvantula|Sticky Web|p1a: Hippowdon
|-sidestart|p1: Sial|move: Sticky Web
|move|p1a: Hippowdon|Earthquake|p2a: Galvantula
|-damage|p2a: Galvantula|63\/281
|
|-weather|Sandstorm|[upkeep]
|-damage|p2a: Galvantula|46\/281|[from] sandstorm
|turn|11
|
|move|p2a: Galvantula|Bug Buzz|p1a: Hippowdon
|-damage|p1a: Hippowdon|300\/420
|move|p1a: Hippowdon|Stealth Rock|p2a: Galvantula
|-sidestart|p2: RustyEspur|move: Stealth Rock
|
|-weather|Sandstorm|[upkeep]
|-damage|p2a: Galvantula|29\/281|[from] sandstorm
|-heal|p1a: Hippowdon|326\/420|[from] item: Leftovers
|turn|12
|
|move|p2a: Galvantula|Bug Buzz|p1a: Hippowdon
|-damage|p1a: Hippowdon|208\/420
|move|p1a: Hippowdon|Earthquake|p2a: Galvantula
|-crit|p2a: Galvantula
|-damage|p2a: Galvantula|0 fnt
|faint|p2a: Galvantula
|
|-weather|Sandstorm|[upkeep]
|-heal|p1a: Hippowdon|234\/420|[from] item: Leftovers
|
|switch|p2a: Blastoise|Blastoise-Mega, M|318\/362 tox
|-damage|p2a: Blastoise|273\/362 tox|[from] Stealth Rock
|turn|13
|
|move|p2a: Blastoise|Rapid Spin|p1a: Hippowdon
|-damage|p1a: Hippowdon|221\/420
|-sideend|p2: RustyEspur|Stealth Rock|[from] move: Rapid Spin|[of] p2a: Blastoise
|move|p1a: Hippowdon|Earthquake|p2a: Blastoise
|-damage|p2a: Blastoise|188\/362 tox
|
|-weather|none
|-heal|p1a: Hippowdon|247\/420|[from] item: Leftovers
|-damage|p2a: Blastoise|166\/362 tox|[from] psn
|turn|14
|
|switch|p2a: Ursaring|Ursaring, F|321\/321
|switch|p1a: Umbreon|Umbreon, F|324\/394
|-activate|p1a: Umbreon|move: Sticky Web
|-unboost|p1a: Umbreon|spe|1
|-damage|p1a: Umbreon|275\/394|[from] Stealth Rock
|
|-heal|p1a: Umbreon|299\/394|[from] item: Leftovers
|-status|p2a: Ursaring|brn|[from] item: Flame Orb
|turn|15
|
|move|p2a: Ursaring|Facade|p1a: Umbreon
|-damage|p1a: Umbreon|0 fnt
|faint|p1a: Umbreon
|
|-damage|p2a: Ursaring|281\/321 brn|[from] brn
|
|switch|p1a: Mienshao|Mienshao, M|271\/271
|-damage|p1a: Mienshao|255\/271|[from] Stealth Rock
|-activate|p1a: Mienshao|move: Sticky Web
|-unboost|p1a: Mienshao|spe|1
|turn|16
|
|switch|p2a: Jirachi|Jirachi|404\/404
|move|p1a: Mienshao|Fake Out|p2a: Jirachi
|-resisted|p2a: Jirachi
|-damage|p2a: Jirachi|373\/404
|-damage|p1a: Mienshao|228\/271|[from] item: Life Orb
|
|-heal|p2a: Jirachi|398\/404|[from] item: Leftovers
|turn|17
|
|switch|p1a: Hippowdon|Hippowdon, F|247\/420
|-activate|p1a: Hippowdon|move: Sticky Web
|-unboost|p1a: Hippowdon|spe|1
|-damage|p1a: Hippowdon|221\/420|[from] Stealth Rock
|-weather|Sandstorm
|move|p2a: Jirachi|Wish|p2a: Jirachi
|
|-weather|Sandstorm|[upkeep]
|-heal|p2a: Jirachi|404\/404|[from] item: Leftovers
|-heal|p1a: Hippowdon|247\/420|[from] item: Leftovers
|turn|18
|
|switch|p2a: Blastoise|Blastoise-Mega, M|166\/362 tox
|move|p1a: Hippowdon|Earthquake|p2a: Blastoise
|-crit|p2a: Blastoise
|-damage|p2a: Blastoise|33\/362 tox
|
|-weather|Sandstorm|[upkeep]
|-damage|p2a: Blastoise|11\/362 tox|[from] sandstorm
|-heal|p2a: Blastoise|213\/362 tox|[from] move: Wish|[wisher] Jirachi
|-heal|p1a: Hippowdon|273\/420|[from] item: Leftovers
|-damage|p2a: Blastoise|191\/362 tox|[from] psn
|turn|19
|
|switch|p1a: Slowking|Slowking, F|364\/393
|-damage|p1a: Slowking|315\/393|[from] Stealth Rock
|-activate|p1a: Slowking|move: Sticky Web
|-unboost|p1a: Slowking|spe|1
|move|p2a: Blastoise|Ice Beam|p1a: Slowking
|-resisted|p1a: Slowking
|-damage|p1a: Slowking|275\/393
|
|-weather|Sandstorm|[upkeep]
|-damage|p2a: Blastoise|169\/362 tox|[from] sandstorm
|-damage|p1a: Slowking|251\/393|[from] sandstorm
|-heal|p1a: Slowking|275\/393|[from] item: Leftovers
|-damage|p2a: Blastoise|125\/362 tox|[from] psn
|turn|20
|
|switch|p2a: Jirachi|Jirachi|404\/404
|move|p1a: Slowking|Slack Off|p1a: Slowking
|-heal|p1a: Slowking|393\/393
|
|-weather|Sandstorm|[upkeep]
|-damage|p1a: Slowking|369\/393|[from] sandstorm
|-heal|p1a: Slowking|393\/393|[from] item: Leftovers
|turn|21
|
|switch|p1a: Hippowdon|Hippowdon, F|273\/420
|-damage|p1a: Hippowdon|247\/420|[from] Stealth Rock
|-activate|p1a: Hippowdon|move: Sticky Web
|-unboost|p1a: Hippowdon|spe|1
|move|p2a: Jirachi|Wish|p2a: Jirachi
|
|-weather|none
|-heal|p1a: Hippowdon|273\/420|[from] item: Leftovers
|turn|22
|
|switch|p2a: Ursaring|Ursaring, F|281\/321 brn
|move|p1a: Hippowdon|Stealth Rock|p2a: Ursaring
|-sidestart|p2: RustyEspur|move: Stealth Rock
|
|-heal|p2a: Ursaring|321\/321 brn|[from] move: Wish|[wisher] Jirachi
|-heal|p1a: Hippowdon|299\/420|[from] item: Leftovers
|-damage|p2a: Ursaring|281\/321 brn|[from] brn
|turn|23
|
|move|p2a: Ursaring|Facade|p1a: Hippowdon
|-damage|p1a: Hippowdon|0 fnt
|faint|p1a: Hippowdon
|
|-damage|p2a: Ursaring|241\/321 brn|[from] brn
|
|switch|p1a: Mienshao|Mienshao, M|271\/271
|-activate|p1a: Mienshao|move: Sticky Web
|-unboost|p1a: Mienshao|spe|1
|-damage|p1a: Mienshao|255\/271|[from] Stealth Rock
|turn|24
|
|switch|p2a: Jirachi|Jirachi|404\/404
|-damage|p2a: Jirachi|379\/404|[from] Stealth Rock
|move|p1a: Mienshao|Fake Out|p2a: Jirachi
|-resisted|p2a: Jirachi
|-damage|p2a: Jirachi|347\/404
|-damage|p1a: Mienshao|228\/271|[from] item: Life Orb
|
|-heal|p2a: Jirachi|372\/404|[from] item: Leftovers
|turn|25
|
|move|p2a: Jirachi|Wish|p2a: Jirachi
|move|p1a: Mienshao|Knock Off|p2a: Jirachi
|-supereffective|p2a: Jirachi
|-damage|p2a: Jirachi|60\/404
|-enditem|p2a: Jirachi|Leftovers|[from] move: Knock Off|[of] p1a: Mienshao
|-damage|p1a: Mienshao|201\/271|[from] item: Life Orb
|
|turn|26
|
|move|p2a: Jirachi|Protect|p2a: Jirachi
|-singleturn|p2a: Jirachi|Protect
|move|p1a: Mienshao|U-turn|p2a: Jirachi
|-activate|p2a: Jirachi|Protect
|
|-heal|p2a: Jirachi|262\/404|[from] move: Wish|[wisher] Jirachi
|turn|27
|
|move|p2a: Jirachi|Wish|p2a: Jirachi
|move|p1a: Mienshao|U-turn|p2a: Jirachi
|-damage|p2a: Jirachi|158\/404
|-damage|p1a: Mienshao|174\/271|[from] item: Life Orb
|
|switch|p1a: Entei|Entei, shiny|371\/371
|-damage|p1a: Entei|279\/371|[from] Stealth Rock
|-activate|p1a: Entei|move: Sticky Web
|-unboost|p1a: Entei|spe|1
|-ability|p1a: Entei|Pressure
|
|turn|28
|
|move|p2a: Jirachi|Protect|p2a: Jirachi
|-singleturn|p2a: Jirachi|Protect
|move|p1a: Entei|Sacred Fire|p2a: Jirachi
|-activate|p2a: Jirachi|Protect
|
|-heal|p2a: Jirachi|360\/404|[from] move: Wish|[wisher] Jirachi
|turn|29
|
|switch|p2a: Blastoise|Blastoise-Mega, M|125\/362 tox
|-damage|p2a: Blastoise|80\/362 tox|[from] Stealth Rock
|move|p1a: Entei|Sacred Fire|p2a: Blastoise
|-resisted|p2a: Blastoise
|-damage|p2a: Blastoise|0 fnt
|faint|p2a: Blastoise
|
|
|switch|p2a: Ursaring|Ursaring, F|241\/321 brn
|-damage|p2a: Ursaring|201\/321 brn|[from] Stealth Rock
|turn|30
|
|switch|p1a: Slowking|Slowking, F|393\/393
|-damage|p1a: Slowking|344\/393|[from] Stealth Rock
|-activate|p1a: Slowking|move: Sticky Web
|-unboost|p1a: Slowking|spe|1
|move|p2a: Ursaring|Facade|p1a: Slowking
|-crit|p1a: Slowking
|-damage|p1a: Slowking|0 fnt
|faint|p1a: Slowking
|
|-damage|p2a: Ursaring|161\/321 brn|[from] brn
|
|switch|p1a: Entei|Entei, shiny|279\/371
|-activate|p1a: Entei|move: Sticky Web
|-unboost|p1a: Entei|spe|1
|-damage|p1a: Entei|187\/371|[from] Stealth Rock
|-ability|p1a: Entei|Pressure
|turn|31
|
|switch|p2a: Jirachi|Jirachi|360\/404
|-damage|p2a: Jirachi|335\/404|[from] Stealth Rock
|move|p1a: Entei|Extreme Speed|p2a: Jirachi
|-resisted|p2a: Jirachi
|-damage|p2a: Jirachi|267\/404
|
|turn|32
|
|switch|p1a: Amoonguss|Amoonguss, F|309\/431
|-activate|p1a: Amoonguss|move: Sticky Web
|-unboost|p1a: Amoonguss|spe|1
|-damage|p1a: Amoonguss|256\/431|[from] Stealth Rock
|move|p2a: Jirachi|Wish|p2a: Jirachi
|
|turn|33
|
|move|p2a: Jirachi|Iron Head|p1a: Amoonguss
|-damage|p1a: Amoonguss|118\/431
|cant|p1a: Amoonguss|flinch
|
|-heal|p2a: Jirachi|404\/404|[from] move: Wish|[wisher] Jirachi
|turn|34
|
|move|p2a: Jirachi|Iron Head|p1a: Amoonguss
|-damage|p1a: Amoonguss|0 fnt
|faint|p1a: Amoonguss
|
|
|switch|p1a: Entei|Entei, shiny|187\/371
|-activate|p1a: Entei|move: Sticky Web
|-unboost|p1a: Entei|spe|1
|-damage|p1a: Entei|95\/371|[from] Stealth Rock
|-ability|p1a: Entei|Pressure
|turn|35
|
|move|p2a: Jirachi|Protect|p2a: Jirachi
|-singleturn|p2a: Jirachi|Protect
|move|p1a: Entei|Sacred Fire|p2a: Jirachi
|-activate|p2a: Jirachi|Protect
|
|turn|36
|
|switch|p2a: Darmanitan|Darmanitan, F|196\/351
|-damage|p2a: Darmanitan|109\/351|[from] Stealth Rock
|move|p1a: Entei|Sacred Fire|p2a: Darmanitan
|-resisted|p2a: Darmanitan
|-damage|p2a: Darmanitan|0 fnt
|faint|p2a: Darmanitan
|
|
|switch|p2a: Cacturne|Cacturne, M|281\/281
|-damage|p2a: Cacturne|246\/281|[from] Stealth Rock
|turn|37
|
|move|p2a: Cacturne|Drain Punch|p1a: Entei
|-damage|p1a: Entei|0 fnt
|-heal|p2a: Cacturne|281\/281|[from] drain|[of] p1a: Entei
|-damage|p2a: Cacturne|253\/281|[from] item: Life Orb
|faint|p1a: Entei
|
|
|switch|p1a: Mienshao|Mienshao, M|264\/271
|-activate|p1a: Mienshao|move: Sticky Web
|-unboost|p1a: Mienshao|spe|1
|-damage|p1a: Mienshao|248\/271|[from] Stealth Rock
|turn|38
|
|move|p1a: Mienshao|Fake Out|p2a: Cacturne
|-damage|p2a: Cacturne|166\/281
|-damage|p1a: Mienshao|221\/271|[from] item: Life Orb
|cant|p2a: Cacturne|flinch
|
|turn|39
|c|âRustyEspur|gg
|
|move|p1a: Mienshao|High Jump Kick|p2a: Cacturne
|-crit|p2a: Cacturne
|-supereffective|p2a: Cacturne
|-damage|p2a: Cacturne|0 fnt
|-damage|p1a: Mienshao|194\/271|[from] item: Life Orb
|faint|p2a: Cacturne
|
|c|âSial|gg
|
|switch|p2a: Jirachi|Jirachi|404\/404
|-damage|p2a: Jirachi|379\/404|[from] Stealth Rock
|turn|40
|
|move|p2a: Jirachi|Protect|p2a: Jirachi
|-singleturn|p2a: Jirachi|Protect
|move|p1a: Mienshao|Knock Off|p2a: Jirachi
|-activate|p2a: Jirachi|Protect
|
|turn|41
|
|move|p2a: Jirachi|Wish|p2a: Jirachi
|move|p1a: Mienshao|Knock Off|p2a: Jirachi
|-supereffective|p2a: Jirachi
|-damage|p2a: Jirachi|192\/404
|-damage|p1a: Mienshao|167\/271|[from] item: Life Orb
|
|turn|42
|
|move|p2a: Jirachi|Protect|p2a: Jirachi
|-singleturn|p2a: Jirachi|Protect
|move|p1a: Mienshao|Knock Off|p2a: Jirachi
|-activate|p2a: Jirachi|Protect
|
|-heal|p2a: Jirachi|394\/404|[from] move: Wish|[wisher] Jirachi
|turn|43
|
|move|p2a: Jirachi|Iron Head|p1a: Mienshao
|-damage|p1a: Mienshao|26\/271
|cant|p1a: Mienshao|flinch
|
|turn|44
|
|move|p2a: Jirachi|Iron Head|p1a: Mienshao
|-damage|p1a: Mienshao|0 fnt
|faint|p1a: Mienshao
|
|win|RustyEspur
|raw|Ladder updating...
|raw|Sial's rating: 1314 &rarr; <strong>1300<\/strong><br \/>(-14 for losing)
|raw|RustyEspur's rating: 1419 &rarr; <strong>1433<\/strong><br \/>(+14 for winning)
|leave|Sial
|player|p1