|join|Lamar1993
|join|RustyEspur
|player|p1|Lamar1993|25
|player|p2|RustyEspur|172
|gametype|singles
|gen|6
|tier|UU
|rated
|rule|Sleep Clause Mod: Limit one foe put to sleep
|rule|Species Clause: Limit one of each PokÃ©mon
|rule|OHKO Clause: OHKO moves are banned
|rule|Moody Clause: Moody is banned
|rule|Evasion Moves Clause: Evasion moves are banned
|rule|Endless Battle Clause: Forcing endless battles is banned
|rule|HP Percentage Mod: HP is shown in percentages
|clearpoke
|poke|p1|Empoleon, M, shiny
|poke|p1|Florges, F, shiny
|poke|p1|Chesnaught, F, shiny
|poke|p1|Donphan, M, shiny
|poke|p1|Beedrill, M, shiny
|poke|p1|Darmanitan, M, shiny
|poke|p2|Chesnaught, F
|poke|p2|Suicune
|poke|p2|Braviary, M
|poke|p2|Infernape, M
|poke|p2|Porygon-Z
|poke|p2|Empoleon, M
|rule|Swagger Clause: Swagger is banned
|rule|Baton Pass Clause: Limit one PokÃ©mon knowing Baton Pass
|teampreview
|
|start
|switch|p1a: Empoleon|Empoleon, M, shiny|372\/372
|switch|p2a: NoChest|Chesnaught, F|380\/380
|turn|1
|
|switch|p1a: Florges|Florges, F, shiny|360\/360
|move|p2a: NoChest|Leech Seed|p1a: Florges
|-start|p1a: Florges|move: Leech Seed
|
|-damage|p1a: Florges|315\/360|[from] Leech Seed|[of] p2a: NoChest
|turn|2
|
|switch|p1a: Beedrill|Beedrill, M, shiny|272\/272
|switch|p2a: P3NI5|Empoleon, M|372\/372
|
|turn|3
|
|detailschange|p1a: Beedrill|Beedrill-Mega, M, shiny
|-mega|p1a: Beedrill|Beedrill|Beedrillite
|move|p1a: Beedrill|Knock Off|p2a: P3NI5
|-damage|p2a: P3NI5|224\/372
|-enditem|p2a: P3NI5|Leftovers|[from] move: Knock Off|[of] p1a: Beedrill
|move|p2a: P3NI5|Stealth Rock|p1a: Beedrill
|-sidestart|p1: Lamar1993|move: Stealth Rock
|
|turn|4
|
|switch|p2a: Suicune|Suicune|404\/404
|-ability|p2a: Suicune|Pressure
|move|p1a: Beedrill|U-turn|p2a: Suicune
|-damage|p2a: Suicune|278\/404
|
|switch|p1a: Empoleon|Empoleon, M, shiny|372\/372
|-damage|p1a: Empoleon|349\/372|[from] Stealth Rock
|
|-heal|p2a: Suicune|303\/404|[from] item: Leftovers
|-heal|p1a: Empoleon|372\/372|[from] item: Leftovers
|turn|5
|
|switch|p2a: Infernape|Infernape, M|293\/293
|move|p1a: Empoleon|Stealth Rock|p2a: Infernape
|-sidestart|p2: RustyEspur|move: Stealth Rock
|
|turn|6
|
|switch|p1a: Donphan|Donphan, M, shiny|384\/384
|-damage|p1a: Donphan|360\/384|[from] Stealth Rock
|move|p2a: Infernape|Close Combat|p1a: Donphan
|-damage|p1a: Donphan|218\/384
|-unboost|p2a: Infernape|def|1
|-unboost|p2a: Infernape|spd|1
|-damage|p2a: Infernape|264\/293|[from] item: Life Orb
|
|-heal|p1a: Donphan|242\/384|[from] item: Leftovers
|turn|7
|
|move|p2a: Infernape|Grass Knot|p1a: Donphan
|-supereffective|p1a: Donphan
|-damage|p1a: Donphan|0 fnt
|-damage|p2a: Infernape|235\/293|[from] item: Life Orb
|faint|p1a: Donphan
|
|c|âLamar1993|Nice
|c|âRustyEspur|:[
|
|switch|p1a: Beedrill|Beedrill-Mega, M, shiny|272\/272
|-damage|p1a: Beedrill|204\/272|[from] Stealth Rock
|turn|8
|
|switch|p2a: NoChest|Chesnaught, F|380\/380
|-damage|p2a: NoChest|357\/380|[from] Stealth Rock
|move|p1a: Beedrill|Poison Jab|p2a: NoChest
|-supereffective|p2a: NoChest
|-damage|p2a: NoChest|109\/380
|
|-heal|p2a: NoChest|132\/380|[from] item: Leftovers
|turn|9
|
|move|p2a: NoChest|Spiky Shield|p2a: NoChest
|-singleturn|p2a: NoChest|move: Protect
|move|p1a: Beedrill|Knock Off|p2a: NoChest
|-activate|p2a: NoChest|move: Protect
|-damage|p1a: Beedrill|170\/272|[from] Spiky Shield|[of] p2a: NoChest
|
|-heal|p2a: NoChest|155\/380|[from] item: Leftovers
|turn|10
|
|move|p1a: Beedrill|U-turn|p2a: NoChest
|-damage|p2a: NoChest|43\/380
|
|switch|p1a: Chesnaught|Chesnaught, F, shiny|380\/380
|-damage|p1a: Chesnaught|357\/380|[from] Stealth Rock
|move|p2a: NoChest|Leech Seed|p1a: Chesnaught
|-immune|p1a: Chesnaught|[msg]
|
|-heal|p1a: Chesnaught|380\/380|[from] item: Leftovers
|-heal|p2a: NoChest|66\/380|[from] item: Leftovers
|turn|11
|
|move|p1a: Chesnaught|Hammer Arm|p2a: NoChest
|-damage|p2a: NoChest|0 fnt
|-unboost|p1a: Chesnaught|spe|1
|faint|p2a: NoChest
|
|
|switch|p2a: Pee-Zee|Porygon-Z|311\/311
|-damage|p2a: Pee-Zee|273\/311|[from] Stealth Rock
|-boost|p2a: Pee-Zee|spa|1|[from] ability: Download
|turn|12
|join|napty
|
|move|p1a: Chesnaught|Spiky Shield|p1a: Chesnaught
|-singleturn|p1a: Chesnaught|move: Protect
|move|p2a: Pee-Zee|Tri Attack|p1a: Chesnaught
|-activate|p1a: Chesnaught|move: Protect
|
|turn|13
|
|switch|p1a: Empoleon|Empoleon, M, shiny|372\/372
|-damage|p1a: Empoleon|349\/372|[from] Stealth Rock
|move|p2a: Pee-Zee|Tri Attack|p1a: Empoleon
|-resisted|p1a: Empoleon
|-damage|p1a: Empoleon|245\/372
|-damage|p2a: Pee-Zee|242\/311|[from] item: Life Orb
|
|-heal|p1a: Empoleon|268\/372|[from] item: Leftovers
|turn|14
|
|move|p2a: Pee-Zee|Dark Pulse|p1a: Empoleon
|-damage|p1a: Empoleon|119\/372
|-damage|p2a: Pee-Zee|211\/311|[from] item: Life Orb
|move|p1a: Empoleon|Toxic|p2a: Pee-Zee|[miss]
|-miss|p1a: Empoleon|p2a: Pee-Zee
|
|-heal|p1a: Empoleon|142\/372|[from] item: Leftovers
|turn|15
|
|move|p1a: Empoleon|Protect|p1a: Empoleon
|-singleturn|p1a: Empoleon|Protect
|move|p2a: Pee-Zee|Dark Pulse|p1a: Empoleon
|-activate|p1a: Empoleon|Protect
|
|-heal|p1a: Empoleon|165\/372|[from] item: Leftovers
|turn|16
|
|move|p2a: Pee-Zee|Tri Attack|p1a: Empoleon
|-resisted|p1a: Empoleon
|-damage|p1a: Empoleon|45\/372
|-damage|p2a: Pee-Zee|180\/311|[from] item: Life Orb
|move|p1a: Empoleon|Scald|p2a: Pee-Zee
|-damage|p2a: Pee-Zee|0 fnt
|faint|p2a: Pee-Zee
|
|-heal|p1a: Empoleon|68\/372|[from] item: Leftovers
|
|switch|p2a: Infernape|Infernape, M|235\/293
|-damage|p2a: Infernape|199\/293|[from] Stealth Rock
|turn|17
|
|switch|p1a: Florges|Florges, F, shiny|315\/360
|-damage|p1a: Florges|270\/360|[from] Stealth Rock
|move|p2a: Infernape|Close Combat|p1a: Florges
|-resisted|p1a: Florges
|-damage|p1a: Florges|157\/360
|-unboost|p2a: Infernape|def|1
|-unboost|p2a: Infernape|spd|1
|-damage|p2a: Infernape|170\/293|[from] item: Life Orb
|
|-heal|p1a: Florges|179\/360|[from] item: Leftovers
|turn|18
|c| napty|"rusty" sounds like "imma eat you"
|c| napty|weird
|
|move|p2a: Infernape|Overheat|p1a: Florges
|-damage|p1a: Florges|31\/360
|-unboost|p2a: Infernape|spa|2
|-damage|p2a: Infernape|141\/293|[from] item: Life Orb
|move|p1a: Florges|Wish|p1a: Florges
|
|-heal|p1a: Florges|53\/360|[from] item: Leftovers
|turn|19
|
|switch|p2a: Suicune|Suicune|303\/404
|-damage|p2a: Suicune|253\/404|[from] Stealth Rock
|-ability|p2a: Suicune|Pressure
|move|p1a: Florges|Protect|p1a: Florges
|-fail|p1a: Florges
|
|-heal|p1a: Florges|233\/360|[from] move: Wish|[wisher] Florges
|-heal|p2a: Suicune|278\/404|[from] item: Leftovers
|-heal|p1a: Florges|255\/360|[from] item: Leftovers
|turn|20
|
|switch|p1a: Empoleon|Empoleon, M, shiny|68\/372
|-damage|p1a: Empoleon|45\/372|[from] Stealth Rock
|move|p2a: Suicune|Calm Mind|p2a: Suicune
|-boost|p2a: Suicune|spa|1
|-boost|p2a: Suicune|spd|1
|
|-heal|p2a: Suicune|303\/404|[from] item: Leftovers
|-heal|p1a: Empoleon|68\/372|[from] item: Leftovers
|turn|21
|
|move|p2a: Suicune|Scald|p1a: Empoleon
|-resisted|p1a: Empoleon
|-damage|p1a: Empoleon|26\/372
|-status|p1a: Empoleon|brn
|move|p1a: Empoleon|Scald|p2a: Suicune
|-resisted|p2a: Suicune
|-damage|p2a: Suicune|260\/404
|-status|p2a: Suicune|brn
|
|-heal|p2a: Suicune|285\/404 brn|[from] item: Leftovers
|-heal|p1a: Empoleon|49\/372 brn|[from] item: Leftovers
|-damage|p2a: Suicune|235\/404 brn|[from] brn
|-damage|p1a: Empoleon|3\/372 brn|[from] brn
|turn|22
|c|âRustyEspur|lol wut napty
|
|move|p2a: Suicune|Rest|p2a: Suicune
|-status|p2a: Suicune|slp
|-heal|p2a: Suicune|404\/404 slp|[silent]
|-status|p2a: Suicune|slp|[from] move: Rest
|move|p1a: Empoleon|Scald|p2a: Suicune
|-resisted|p2a: Suicune
|-damage|p2a: Suicune|358\/404 slp
|
|-heal|p2a: Suicune|383\/404 slp|[from] item: Leftovers
|-heal|p1a: Empoleon|26\/372 brn|[from] item: Leftovers
|-damage|p1a: Empoleon|0 fnt|[from] brn
|faint|p1a: Empoleon
|
|switch|p1a: Beedrill|Beedrill-Mega, M, shiny|170\/272
|-damage|p1a: Beedrill|102\/272|[from] Stealth Rock
|turn|23
|
|move|p1a: Beedrill|Knock Off|p2a: Suicune
|-damage|p2a: Suicune|304\/404 slp
|-enditem|p2a: Suicune|Leftovers|[from] move: Knock Off|[of] p1a: Beedrill
|cant|p2a: Suicune|slp
|move|p2a: Suicune|Sleep Talk|p2a: Suicune
|move|p2a: Suicune|Rest|p2a: Suicune|[from]Sleep Talk
|-fail|p2a: Suicune
|
|turn|24
|
|move|p1a: Beedrill|Poison Jab|p2a: Suicune
|-damage|p2a: Suicune|172\/404 slp
|cant|p2a: Suicune|slp
|move|p2a: Suicune|Sleep Talk|p2a: Suicune
|move|p2a: Suicune|Rest|p2a: Suicune|[from]Sleep Talk
|-fail|p2a: Suicune
|
|turn|25
|c| napty|lol animation has changed
|
|move|p1a: Beedrill|U-turn|p2a: Suicune
|-damage|p2a: Suicune|56\/404 slp
|
|switch|p1a: Chesnaught|Chesnaught, F, shiny|380\/380
|-damage|p1a: Chesnaught|357\/380|[from] Stealth Rock
|-curestatus|p2a: Suicune|slp
|move|p2a: Suicune|Rest|p2a: Suicune
|-status|p2a: Suicune|slp
|-heal|p2a: Suicune|404\/404 slp|[silent]
|-status|p2a: Suicune|slp|[from] move: Rest
|
|-heal|p1a: Chesnaught|380\/380|[from] item: Leftovers
|turn|26
|
|cant|p2a: Suicune|slp
|move|p1a: Chesnaught|Leech Seed|p2a: Suicune|[miss]
|-miss|p1a: Chesnaught|p2a: Suicune
|
|turn|27
|
|cant|p2a: Suicune|slp
|move|p2a: Suicune|Sleep Talk|p2a: Suicune
|move|p2a: Suicune|Scald|p1a: Chesnaught|[from]Sleep Talk
|-resisted|p1a: Chesnaught
|-damage|p1a: Chesnaught|299\/380
|-status|p1a: Chesnaught|brn
|move|p1a: Chesnaught|Leech Seed|p2a: Suicune
|-start|p2a: Suicune|move: Leech Seed
|
|-heal|p1a: Chesnaught|322\/380 brn|[from] item: Leftovers
|-damage|p2a: Suicune|354\/404 slp|[from] Leech Seed|[of] p1a: Chesnaught
|-heal|p1a: Chesnaught|372\/380 brn|[silent]
|-damage|p1a: Chesnaught|325\/380 brn|[from] brn
|turn|28
|
|switch|p2a: AMERICANBIRD|Braviary, M|341\/341
|-damage|p2a: AMERICANBIRD|256\/341|[from] Stealth Rock
|switch|p1a: Florges|Florges, F, shiny|255\/360
|-damage|p1a: Florges|210\/360|[from] Stealth Rock
|
|-heal|p1a: Florges|232\/360|[from] item: Leftovers
|turn|29
|
|move|p2a: AMERICANBIRD|Brave Bird|p1a: Florges
|-damage|p1a: Florges|49\/360
|-damage|p2a: AMERICANBIRD|196\/341|[from] recoil|[of] p1a: Florges
|move|p1a: Florges|Wish|p1a: Florges
|
|-heal|p1a: Florges|71\/360|[from] item: Leftovers
|turn|30
|
|switch|p2a: Suicune|Suicune|354\/404 slp
|-damage|p2a: Suicune|304\/404 slp|[from] Stealth Rock
|-ability|p2a: Suicune|Pressure
|move|p1a: Florges|Protect|p1a: Florges
|-fail|p1a: Florges
|
|-heal|p1a: Florges|251\/360|[from] move: Wish|[wisher] Florges
|-heal|p1a: Florges|273\/360|[from] item: Leftovers
|turn|31
|
|-curestatus|p2a: Suicune|slp
|move|p2a: Suicune|Calm Mind|p2a: Suicune
|-boost|p2a: Suicune|spa|1
|-boost|p2a: Suicune|spd|1
|move|p1a: Florges|Aromatherapy|p1a: Florges
|-cureteam|p1a: Florges|[from] move: Aromatherapy
|
|-heal|p1a: Florges|295\/360|[from] item: Leftovers
|turn|32
|
|switch|p1a: Chesnaught|Chesnaught, F, shiny|325\/380
|-damage|p1a: Chesnaught|302\/380|[from] Stealth Rock
|move|p2a: Suicune|Calm Mind|p2a: Suicune
|-boost|p2a: Suicune|spa|1
|-boost|p2a: Suicune|spd|1
|
|-heal|p1a: Chesnaught|325\/380|[from] item: Leftovers
|turn|33
|join|BIGSTEELIX
|
|move|p2a: Suicune|Calm Mind|p2a: Suicune
|-boost|p2a: Suicune|spa|1
|-boost|p2a: Suicune|spd|1
|move|p1a: Chesnaught|Leech Seed|p2a: Suicune
|-start|p2a: Suicune|move: Leech Seed
|
|-heal|p1a: Chesnaught|348\/380|[from] item: Leftovers
|-damage|p2a: Suicune|254\/404|[from] Leech Seed|[of] p1a: Chesnaught
|-heal|p1a: Chesnaught|380\/380|[silent]
|turn|34
|
|move|p1a: Chesnaught|Spiky Shield|p1a: Chesnaught
|-singleturn|p1a: Chesnaught|move: Protect
|move|p2a: Suicune|Rest|p2a: Suicune
|-status|p2a: Suicune|slp
|-heal|p2a: Suicune|404\/404 slp|[silent]
|-status|p2a: Suicune|slp|[from] move: Rest
|
|-damage|p2a: Suicune|354\/404 slp|[from] Leech Seed|[of] p1a: Chesnaught
|turn|35
|c| BIGSTEELIX|i changed shaymin and snorlax
|c| BIGSTEELIX|it works better now
|
|cant|p2a: Suicune|slp
|move|p2a: Suicune|Sleep Talk|p2a: Suicune
|move|p2a: Suicune|Calm Mind|p2a: Suicune|[from]Sleep Talk
|-boost|p2a: Suicune|spa|1
|-boost|p2a: Suicune|spd|1
|move|p1a: Chesnaught|Hammer Arm|p2a: Suicune
|-damage|p2a: Suicune|270\/404 slp
|-unboost|p1a: Chesnaught|spe|1
|
|-damage|p2a: Suicune|220\/404 slp|[from] Leech Seed|[of] p1a: Chesnaught
|turn|36
|c|âRustyEspur|changed to what?
|c| BIGSTEELIX|raikou and diancie
|
|switch|p2a: AMERICANBIRD|Braviary, M|196\/341
|-damage|p2a: AMERICANBIRD|111\/341|[from] Stealth Rock
|move|p1a: Chesnaught|Hammer Arm|p2a: AMERICANBIRD|[miss]
|-miss|p1a: Chesnaught|p2a: AMERICANBIRD
|
|turn|37
|
|move|p1a: Chesnaught|Spiky Shield|p1a: Chesnaught
|-singleturn|p1a: Chesnaught|move: Protect
|move|p2a: AMERICANBIRD|Brave Bird|p1a: Chesnaught
|-activate|p1a: Chesnaught|move: Protect
|-damage|p2a: AMERICANBIRD|69\/341|[from] Spiky Shield|[of] p1a: Chesnaught
|
|turn|38
|c| BIGSTEELIX|i've used it about 3-4 times it worked ok
|c|âLamar1993|wow
|
|switch|p1a: Florges|Florges, F, shiny|295\/360
|-damage|p1a: Florges|250\/360|[from] Stealth Rock
|move|p2a: AMERICANBIRD|Brave Bird|p1a: Florges
|-damage|p1a: Florges|60\/360
|-damage|p2a: AMERICANBIRD|6\/341|[from] recoil|[of] p1a: Florges
|
|-heal|p1a: Florges|82\/360|[from] item: Leftovers
|turn|39
|c| BIGSTEELIX|also, they're resteting mega diancie right now
|c|âRustyEspur|ye
|
|move|p1a: Florges|Protect|p1a: Florges
|-singleturn|p1a: Florges|Protect
|move|p2a: AMERICANBIRD|Brave Bird|p1a: Florges
|-activate|p1a: Florges|Protect
|
|-heal|p1a: Florges|104\/360|[from] item: Leftovers
|turn|40
|c| napty|hi leaf  storm
|c| BIGSTEELIX|idk how they would allow that here
|c| BIGSTEELIX|oh hey$
|
|move|p2a: AMERICANBIRD|Brave Bird|p1a: Florges
|-crit|p1a: Florges
|-damage|p1a: Florges|0 fnt
|-damage|p2a: AMERICANBIRD|0 fnt|[from] recoil|[of] p1a: Florges
|faint|p1a: Florges
|faint|p2a: AMERICANBIRD
|
|
|switch|p1a: Darmanitan|Darmanitan, M, shiny|351\/351
|switch|p2a: P3NI5|Empoleon, M|224\/372
|-damage|p1a: Darmanitan|264\/351|[from] Stealth Rock
|-damage|p2a: P3NI5|201\/372|[from] Stealth Rock
|turn|41
|
|move|p1a: Darmanitan|Superpower|p2a: P3NI5
|-supereffective|p2a: P3NI5
|-damage|p2a: P3NI5|0 fnt
|-unboost|p1a: Darmanitan|atk|1
|-unboost|p1a: Darmanitan|def|1
|faint|p2a: P3NI5
|
|
|switch|p2a: Suicune|Suicune|220\/404 slp
|-damage|p2a: Suicune|170\/404 slp|[from] Stealth Rock
|-ability|p2a: Suicune|Pressure
|turn|42
|
|switch|p1a: Chesnaught|Chesnaught, F, shiny|380\/380
|-damage|p1a: Chesnaught|357\/380|[from] Stealth Rock
|cant|p2a: Suicune|slp
|move|p2a: Suicune|Sleep Talk|p2a: Suicune
|move|p2a: Suicune|Calm Mind|p2a: Suicune|[from]Sleep Talk
|-boost|p2a: Suicune|spa|1
|-boost|p2a: Suicune|spd|1
|
|-heal|p1a: Chesnaught|380\/380|[from] item: Leftovers
|turn|43
|c| napty|pressure is your win condition
|
|-curestatus|p2a: Suicune|slp
|move|p2a: Suicune|Rest|p2a: Suicune
|-status|p2a: Suicune|slp
|-heal|p2a: Suicune|404\/404 slp|[silent]
|-status|p2a: Suicune|slp|[from] move: Rest
|move|p1a: Chesnaught|Leech Seed|p2a: Suicune
|-start|p2a: Suicune|move: Leech Seed
|
|-damage|p2a: Suicune|354\/404 slp|[from] Leech Seed|[of] p1a: Chesnaught
|turn|44
|c| BIGSTEELIX|ye but leech seed
|
|cant|p2a: Suicune|slp
|move|p2a: Suicune|Sleep Talk|p2a: Suicune
|move|p2a: Suicune|Calm Mind|p2a: Suicune|[from]Sleep Talk
|-boost|p2a: Suicune|spa|1
|-boost|p2a: Suicune|spd|1
|move|p1a: Chesnaught|Hammer Arm|p2a: Suicune
|-damage|p2a: Suicune|272\/404 slp
|-unboost|p1a: Chesnaught|spe|1
|
|-damage|p2a: Suicune|222\/404 slp|[from] Leech Seed|[of] p1a: Chesnaught
|turn|45
|c| BIGSTEELIX|:(
|c|âRustyEspur|can i win this one?
|c| BIGSTEELIX|yes
|
|cant|p2a: Suicune|slp
|move|p2a: Suicune|Sleep Talk|p2a: Suicune
|move|p2a: Suicune|Calm Mind|p2a: Suicune|[from]Sleep Talk
|-boost|p2a: Suicune|spa|1
|-boost|p2a: Suicune|spd|1
|move|p1a: Chesnaught|Hammer Arm|p2a: Suicune
|-damage|p2a: Suicune|141\/404 slp
|-unboost|p1a: Chesnaught|spe|1
|
|-damage|p2a: Suicune|91\/404 slp|[from] Leech Seed|[of] p1a: Chesnaught
|turn|46
|c| napty|leech seed doesn't have a lot of PP
|c| BIGSTEELIX|well it's gonna be used once anyway
|
|-curestatus|p2a: Suicune|slp
|move|p2a: Suicune|Rest|p2a: Suicune
|-status|p2a: Suicune|slp
|-heal|p2a: Suicune|404\/404 slp|[silent]
|-status|p2a: Suicune|slp|[from] move: Rest
|move|p1a: Chesnaught|Hammer Arm|p2a: Suicune|[miss]
|-miss|p1a: Chesnaught|p2a: Suicune
|
|-damage|p2a: Suicune|354\/404 slp|[from] Leech Seed|[of] p1a: Chesnaught
|turn|47
|c| napty|what if he switch out
|
|cant|p2a: Suicune|slp
|move|p2a: Suicune|Sleep Talk|p2a: Suicune
|move|p2a: Suicune|Scald|p1a: Chesnaught|[from]Sleep Talk
|-resisted|p1a: Chesnaught
|-damage|p1a: Chesnaught|252\/380
|move|p1a: Chesnaught|Hammer Arm|p2a: Suicune
|-damage|p2a: Suicune|269\/404 slp
|-unboost|p1a: Chesnaught|spe|1
|
|-heal|p1a: Chesnaught|275\/380|[from] item: Leftovers
|-damage|p2a: Suicune|219\/404 slp|[from] Leech Seed|[of] p1a: Chesnaught
|-heal|p1a: Chesnaught|325\/380|[silent]
|turn|48
|c|âRustyEspur|actually ape wins me the game
|c| BIGSTEELIX|that would be rsiky
|c|âRustyEspur|at this point
|c| napty|hammer arm is going to be at 0 PP
|c| napty|no risky at all
|c| BIGSTEELIX|if ape has mach punch maye
|
|cant|p2a: Suicune|slp
|move|p2a: Suicune|Sleep Talk|p2a: Suicune
|move|p2a: Suicune|Rest|p2a: Suicune|[from]Sleep Talk
|-fail|p2a: Suicune
|move|p1a: Chesnaught|Hammer Arm|p2a: Suicune|[miss]
|-miss|p1a: Chesnaught|p2a: Suicune
|
|-heal|p1a: Chesnaught|348\/380|[from] item: Leftovers
|-damage|p2a: Suicune|169\/404 slp|[from] Leech Seed|[of] p1a: Chesnaught
|-heal|p1a: Chesnaught|380\/380|[silent]
|turn|49
|
|-curestatus|p2a: Suicune|slp
|move|p2a: Suicune|Rest|p2a: Suicune
|-status|p2a: Suicune|slp
|-heal|p2a: Suicune|404\/404 slp|[silent]
|-status|p2a: Suicune|slp|[from] move: Rest
|move|p1a: Chesnaught|Hammer Arm|p2a: Suicune
|-crit|p2a: Suicune
|-damage|p2a: Suicune|272\/404 slp
|-unboost|p1a: Chesnaught|spe|1
|
|-damage|p2a: Suicune|222\/404 slp|[from] Leech Seed|[of] p1a: Chesnaught
|turn|50
|c| BIGSTEELIX|lamar chesnaught learns drain punch in oras are you aware??
|c|âLamar1993|yeah
|c| BIGSTEELIX|ok
|c| napty|only 1 hammer arm left
|c|âRustyEspur|how many hammers arms alr?
|c|âRustyEspur|alright
|
|switch|p2a: Infernape|Infernape, M|141\/293
|-damage|p2a: Infernape|105\/293|[from] Stealth Rock
|switch|p1a: Beedrill|Beedrill-Mega, M, shiny|102\/272
|-damage|p1a: Beedrill|34\/272|[from] Stealth Rock
|
|turn|51
|
|move|p2a: Infernape|Mach Punch|p1a: Beedrill
|-resisted|p1a: Beedrill
|-damage|p1a: Beedrill|0 fnt
|-damage|p2a: Infernape|76\/293|[from] item: Life Orb
|faint|p1a: Beedrill
|
|c| BIGSTEELIX|i keep trying to use !data when not in my own battle lol
|
|switch|p1a: Darmanitan|Darmanitan, M, shiny|264\/351
|-damage|p1a: Darmanitan|177\/351|[from] Stealth Rock
|turn|52
|
|move|p2a: Infernape|Mach Punch|p1a: Darmanitan
|-damage|p1a: Darmanitan|33\/351
|-damage|p2a: Infernape|47\/293|[from] item: Life Orb
|move|p1a: Darmanitan|Rock Slide|p2a: Infernape
|-damage|p2a: Infernape|0 fnt
|faint|p2a: Infernape
|
|
|switch|p2a: Suicune|Suicune|222\/404 slp
|-damage|p2a: Suicune|172\/404 slp|[from] Stealth Rock
|-ability|p2a: Suicune|Pressure
|turn|53
|c| napty|lol i prefer dt over data
|
|move|p1a: Darmanitan|Rock Slide|p2a: Suicune
|-damage|p2a: Suicune|93\/404 slp
|cant|p2a: Suicune|slp
|move|p2a: Suicune|Sleep Talk|p2a: Suicune
|move|p2a: Suicune|Scald|p1a: Darmanitan|[from]Sleep Talk
|-supereffective|p1a: Darmanitan
|-damage|p1a: Darmanitan|0 fnt
|faint|p1a: Darmanitan
|
|
|switch|p1a: Chesnaught|Chesnaught, F, shiny|380\/380
|-damage|p1a: Chesnaught|357\/380|[from] Stealth Rock
|turn|54
|c|âRustyEspur|omg
|c|âRustyEspur|the scald
|c|âRustyEspur|i lost
|c| napty|you dont
|c| BIGSTEELIX|you win
|c|âRustyEspur|do i wake now
|c| BIGSTEELIX|no
|c|âRustyEspur|no right
|
|cant|p2a: Suicune|slp
|move|p2a: Suicune|Sleep Talk|p2a: Suicune
|move|p2a: Suicune|Calm Mind|p2a: Suicune|[from]Sleep Talk
|-boost|p2a: Suicune|spa|1
|-boost|p2a: Suicune|spd|1
|move|p1a: Chesnaught|Leech Seed|p2a: Suicune
|-start|p2a: Suicune|move: Leech Seed
|
|-heal|p1a: Chesnaught|380\/380|[from] item: Leftovers
|-damage|p2a: Suicune|43\/404 slp|[from] Leech Seed|[of] p1a: Chesnaught
|turn|55
|c| BIGSTEELIX|but he can't ko
|c|âRustyEspur|he didnt hammer arm?
|
|move|p1a: Chesnaught|Spiky Shield|p1a: Chesnaught
|-singleturn|p1a: Chesnaught|move: Protect
|-curestatus|p2a: Suicune|slp
|move|p2a: Suicune|Rest|p2a: Suicune
|-status|p2a: Suicune|slp
|-heal|p2a: Suicune|404\/404 slp|[silent]
|-status|p2a: Suicune|slp|[from] move: Rest
|
|-damage|p2a: Suicune|354\/404 slp|[from] Leech Seed|[of] p1a: Chesnaught
|turn|56
|c| napty|he only has 1 left
|c| napty|want to keep it prob
|c|âRustyEspur|oh right
|c| napty|for no reason
|
|move|p1a: Chesnaught|Spiky Shield|p1a: Chesnaught
|-fail|p1a: Chesnaught
|cant|p2a: Suicune|slp
|move|p2a: Suicune|Sleep Talk|p2a: Suicune
|move|p2a: Suicune|Scald|p1a: Chesnaught|[from]Sleep Talk
|-resisted|p1a: Chesnaught
|-damage|p1a: Chesnaught|299\/380
|
|-heal|p1a: Chesnaught|322\/380|[from] item: Leftovers
|-damage|p2a: Suicune|304\/404 slp|[from] Leech Seed|[of] p1a: Chesnaught
|-heal|p1a: Chesnaught|372\/380|[silent]
|turn|57
|c|âRustyEspur|clutch suicune
|
|cant|p2a: Suicune|slp
|move|p2a: Suicune|Sleep Talk|p2a: Suicune
|move|p2a: Suicune|Rest|p2a: Suicune|[from]Sleep Talk
|-fail|p2a: Suicune
|move|p1a: Chesnaught|Leech Seed|p2a: Suicune
|-fail|p2a: Suicune
|
|-heal|p1a: Chesnaught|380\/380|[from] item: Leftovers
|-damage|p2a: Suicune|254\/404 slp|[from] Leech Seed|[of] p1a: Chesnaught
|turn|58
|c| BIGSTEELIX|this chesnaught needs seed bomb
|c| napty|ye
|
|move|p1a: Chesnaught|Spiky Shield|p1a: Chesnaught
|-singleturn|p1a: Chesnaught|move: Protect
|-curestatus|p2a: Suicune|slp
|move|p2a: Suicune|Rest|p2a: Suicune
|-status|p2a: Suicune|slp
|-heal|p2a: Suicune|404\/404 slp|[silent]
|-status|p2a: Suicune|slp|[from] move: Rest
|
|-damage|p2a: Suicune|354\/404 slp|[from] Leech Seed|[of] p1a: Chesnaught
|turn|59
|c| napty|such rest
|c|âRustyEspur|rest in case
|
|cant|p2a: Suicune|slp
|move|p2a: Suicune|Sleep Talk|p2a: Suicune
|move|p2a: Suicune|Calm Mind|p2a: Suicune|[from]Sleep Talk
|-boost|p2a: Suicune|spa|1
|-boost|p2a: Suicune|spd|1
|move|p1a: Chesnaught|Leech Seed|p2a: Suicune
|-fail|p2a: Suicune
|
|-damage|p2a: Suicune|304\/404 slp|[from] Leech Seed|[of] p1a: Chesnaught
|turn|60
|c|âRustyEspur|crit or something
|c| BIGSTEELIX|the rest of the team is swept without it, expect beedril which doesnt do much
|c|âLamar1993|GG
|c|âRustyEspur|gg
|c| BIGSTEELIX|gg
|c| napty|kendrick lamar
|c|âLamar1993|I hate stalley
|c| BIGSTEELIX|lol
|c|âRustyEspur|lol
|c|âRustyEspur|ur using
|c|âRustyEspur|chesnaught
|c|âRustyEspur|and florges
|c|âLamar1993|nomore hammer arms
|c|âLamar1993|lol
|c| napty|and empoleon
|
|move|p1a: Chesnaught|Spiky Shield|p1a: Chesnaught
|-singleturn|p1a: Chesnaught|move: Protect
|cant|p2a: Suicune|slp
|move|p2a: Suicune|Sleep Talk|p2a: Suicune
|move|p2a: Suicune|Scald|p1a: Chesnaught|[from]Sleep Talk
|-activate|p1a: Chesnaught|move: Protect
|
|-damage|p2a: Suicune|254\/404 slp|[from] Leech Seed|[of] p1a: Chesnaught
|turn|61
|c| napty|and donphan
|c| napty|and defensive beedrill
|
|-curestatus|p2a: Suicune|slp
|move|p2a: Suicune|Calm Mind|p2a: Suicune
|-boost|p2a: Suicune|spa|1
|-boost|p2a: Suicune|spd|1
|move|p1a: Chesnaught|Leech Seed|p2a: Suicune
|-fail|p2a: Suicune
|
|-damage|p2a: Suicune|204\/404|[from] Leech Seed|[of] p1a: Chesnaught
|turn|62
|c| napty|and defensive darmanitan
|
|move|p1a: Chesnaught|Spiky Shield|p1a: Chesnaught
|-singleturn|p1a: Chesnaught|move: Protect
|move|p2a: Suicune|Rest|p2a: Suicune
|-status|p2a: Suicune|slp
|-heal|p2a: Suicune|404\/404 slp|[silent]
|-status|p2a: Suicune|slp|[from] move: Rest
|
|-damage|p2a: Suicune|354\/404 slp|[from] Leech Seed|[of] p1a: Chesnaught
|turn|63
|c|âRustyEspur|lol
|c| BIGSTEELIX|wot
|
|move|p1a: Chesnaught|Spiky Shield|p1a: Chesnaught
|-fail|p1a: Chesnaught
|cant|p2a: Suicune|slp
|move|p2a: Suicune|Sleep Talk|p2a: Suicune
|move|p2a: Suicune|Calm Mind|p2a: Suicune|[from]Sleep Talk
|-boost|p2a: Suicune|spa|1
|-boost|p2a: Suicune|spd|1
|
|-damage|p2a: Suicune|304\/404 slp|[from] Leech Seed|[of] p1a: Chesnaught
|turn|64
|c| napty|defensive beedrill: toxic, roost, protect, tackle
|c|âRustyEspur|lol
|c| BIGSTEELIX|tackle op
|c|âRustyEspur|i
|c|âRustyEspur|ran
|c|âRustyEspur|out
|c|âRustyEspur|of
|c|âRustyEspur|sleep
|c|âRustyEspur|talks
|
|move|p1a: Chesnaught|Spiky Shield|p1a: Chesnaught
|-singleturn|p1a: Chesnaught|move: Protect
|cant|p2a: Suicune|slp
|
|-damage|p2a: Suicune|254\/404 slp|[from] Leech Seed|[of] p1a: Chesnaught
|turn|65
|
|move|p1a: Chesnaught|Spiky Shield|p1a: Chesnaught
|-fail|p1a: Chesnaught
|-curestatus|p2a: Suicune|slp
|move|p2a: Suicune|Calm Mind|p2a: Suicune
|-boost|p2a: Suicune|spa|1
|-boost|p2a: Suicune|spd|1
|
|-damage|p2a: Suicune|204\/404|[from] Leech Seed|[of] p1a: Chesnaught
|turn|66
|
|move|p1a: Chesnaught|Spiky Shield|p1a: Chesnaught
|-singleturn|p1a: Chesnaught|move: Protect
|move|p2a: Suicune|Rest|p2a: Suicune
|-status|p2a: Suicune|slp
|-heal|p2a: Suicune|404\/404 slp|[silent]
|-status|p2a: Suicune|slp|[from] move: Rest
|
|-damage|p2a: Suicune|354\/404 slp|[from] Leech Seed|[of] p1a: Chesnaught
|turn|67
|
|move|p1a: Chesnaught|Spiky Shield|p1a: Chesnaught
|-fail|p1a: Chesnaught
|cant|p2a: Suicune|slp
|
|-damage|p2a: Suicune|304\/404 slp|[from] Leech Seed|[of] p1a: Chesnaught
|turn|68
|
|move|p1a: Chesnaught|Spiky Shield|p1a: Chesnaught
|-singleturn|p1a: Chesnaught|move: Protect
|cant|p2a: Suicune|slp
|
|-damage|p2a: Suicune|254\/404 slp|[from] Leech Seed|[of] p1a: Chesnaught
|turn|69
|
|move|p1a: Chesnaught|Spiky Shield|p1a: Chesnaught
|-fail|p1a: Chesnaught
|-curestatus|p2a: Suicune|slp
|move|p2a: Suicune|Calm Mind|p2a: Suicune
|-boost|p2a: Suicune|spa|1
|-boost|p2a: Suicune|spd|1
|
|-damage|p2a: Suicune|204\/404|[from] Leech Seed|[of] p1a: Chesnaught
|turn|70
|
|move|p1a: Chesnaught|Spiky Shield|p1a: Chesnaught
|-singleturn|p1a: Chesnaught|move: Protect
|move|p2a: Suicune|Scald|p1a: Chesnaught
|-activate|p1a: Chesnaught|move: Protect
|
|-damage|p2a: Suicune|154\/404|[from] Leech Seed|[of] p1a: Chesnaught
|turn|71
|
|move|p2a: Suicune|Rest|p2a: Suicune
|-status|p2a: Suicune|slp
|-heal|p2a: Suicune|404\/404 slp|[silent]
|-status|p2a: Suicune|slp|[from] move: Rest
|move|p1a: Chesnaught|Synthesis|p1a: Chesnaught
|
|-damage|p2a: Suicune|354\/404 slp|[from] Leech Seed|[of] p1a: Chesnaught
|turn|72
|
|cant|p2a: Suicune|slp
|move|p1a: Chesnaught|Synthesis|p1a: Chesnaught
|
|-damage|p2a: Suicune|304\/404 slp|[from] Leech Seed|[of] p1a: Chesnaught
|turn|73
|
|cant|p2a: Suicune|slp
|move|p1a: Chesnaught|Synthesis|p1a: Chesnaught
|
|-damage|p2a: Suicune|254\/404 slp|[from] Leech Seed|[of] p1a: Chesnaught
|turn|74
|
|-curestatus|p2a: Suicune|slp
|move|p2a: Suicune|Scald|p1a: Chesnaught
|-resisted|p1a: Chesnaught
|-damage|p1a: Chesnaught|161\/380
|-status|p1a: Chesnaught|brn
|move|p1a: Chesnaught|Synthesis|p1a: Chesnaught
|-heal|p1a: Chesnaught|351\/380 brn
|
|-heal|p1a: Chesnaught|374\/380 brn|[from] item: Leftovers
|-damage|p2a: Suicune|204\/404|[from] Leech Seed|[of] p1a: Chesnaught
|-heal|p1a: Chesnaught|380\/380 brn|[silent]
|-damage|p1a: Chesnaught|333\/380 brn|[from] brn
|turn|75
|
|move|p2a: Suicune|Scald|p1a: Chesnaught
|-resisted|p1a: Chesnaught
|-damage|p1a: Chesnaught|111\/380 brn
|move|p1a: Chesnaught|Synthesis|p1a: Chesnaught
|-heal|p1a: Chesnaught|301\/380 brn
|
|-heal|p1a: Chesnaught|324\/380 brn|[from] item: Leftovers
|-damage|p2a: Suicune|154\/404|[from] Leech Seed|[of] p1a: Chesnaught
|-heal|p1a: Chesnaught|374\/380 brn|[silent]
|-damage|p1a: Chesnaught|327\/380 brn|[from] brn
|turn|76
|
|move|p2a: Suicune|Rest|p2a: Suicune
|-status|p2a: Suicune|slp
|-heal|p2a: Suicune|404\/404 slp|[silent]
|-status|p2a: Suicune|slp|[from] move: Rest
|move|p1a: Chesnaught|Synthesis|p1a: Chesnaught
|-heal|p1a: Chesnaught|380\/380 brn
|
|-damage|p2a: Suicune|354\/404 slp|[from] Leech Seed|[of] p1a: Chesnaught
|-damage|p1a: Chesnaught|333\/380 brn|[from] brn
|turn|77
|
|cant|p2a: Suicune|slp
|move|p1a: Chesnaught|Synthesis|p1a: Chesnaught
|-heal|p1a: Chesnaught|380\/380 brn
|
|-damage|p2a: Suicune|304\/404 slp|[from] Leech Seed|[of] p1a: Chesnaught
|-damage|p1a: Chesnaught|333\/380 brn|[from] brn
|turn|78
|c|âRustyEspur|lol r u guys still here
|
|cant|p2a: Suicune|slp
|move|p1a: Chesnaught|Synthesis|p1a: Chesnaught
|-heal|p1a: Chesnaught|380\/380 brn
|
|-damage|p2a: Suicune|254\/404 slp|[from] Leech Seed|[of] p1a: Chesnaught
|-damage|p1a: Chesnaught|333\/380 brn|[from] brn
|turn|79
|c| BIGSTEELIX|yes
|c| BIGSTEELIX|lol
|
|-curestatus|p2a: Suicune|slp
|move|p2a: Suicune|Scald|p1a: Chesnaught
|-resisted|p1a: Chesnaught
|-damage|p1a: Chesnaught|126\/380 brn
|move|p1a: Chesnaught|Struggle|p2a: Suicune
|-damage|p2a: Suicune|241\/404
|-damage|p1a: Chesnaught|31\/380 brn
|
|-heal|p1a: Chesnaught|54\/380 brn|[from] item: Leftovers
|-damage|p2a: Suicune|191\/404|[from] Leech Seed|[of] p1a: Chesnaught
|-heal|p1a: Chesnaught|104\/380 brn|[silent]
|-damage|p1a: Chesnaught|57\/380 brn|[from] brn
|turn|80
|c|âLamar1993|GG
|c|âRustyEspur|the struggle is real
|c|âRustyEspur|ggg
|
|move|p2a: Suicune|Scald|p1a: Chesnaught
|-resisted|p1a: Chesnaught
|-damage|p1a: Chesnaught|0 fnt
|faint|p1a: Chesnaught
|
|win|RustyEspur
|raw|Ladder updating...
|c| BIGSTEELIX|haha
|c| BIGSTEELIX|gg
|raw|Lamar1993's rating: 1358 &rarr; <strong>1339<\/strong><br \/>(-19 for losing)
|raw|RustyEspur's rating: 1374 &rarr; <strong>1393<\/strong><br \/>(+19 for winning)