|join|RustyEspur
|join|200 raven
|player|p1|RustyEspur|172
|player|p2|200 raven|262
|gametype|singles
|gen|6
|tier|UU
|rated
|rule|Sleep Clause Mod: Limit one foe put to sleep
|rule|Species Clause: Limit one of each PokÃ©mon
|rule|OHKO Clause: OHKO moves are banned
|rule|Moody Clause: Moody is banned
|rule|Evasion Moves Clause: Evasion moves are banned
|rule|Endless Battle Clause: Forcing endless battles is banned
|rule|HP Percentage Mod: HP is shown in percentages
|clearpoke
|poke|p1|Galvantula, M
|poke|p1|Ursaring, F
|poke|p1|Blastoise, F
|poke|p1|Cacturne, F
|poke|p1|Jirachi
|poke|p1|Darmanitan, M
|poke|p2|Beedrill, M
|poke|p2|Suicune
|poke|p2|Flygon, M
|poke|p2|Entei, shiny
|poke|p2|Florges, F
|poke|p2|Jolteon, F
|rule|Swagger Clause: Swagger is banned
|rule|Baton Pass Clause: Limit one PokÃ©mon knowing Baton Pass
|teampreview
|
|start
|switch|p1a: Galvantula|Galvantula, M|281\/281
|switch|p2a: Entei|Entei, shiny|372\/372
|-ability|p2a: Entei|Pressure
|turn|1
|
|move|p1a: Galvantula|Sticky Web|p2a: Entei
|-sidestart|p2: 200 raven|move: Sticky Web
|move|p2a: Entei|Sacred Fire|p1a: Galvantula
|-supereffective|p1a: Galvantula
|-enditem|p1a: Galvantula|Focus Sash
|-damage|p1a: Galvantula|1\/281
|-damage|p2a: Entei|335\/372|[from] item: Life Orb
|
|turn|2
|
|switch|p1a: Blastoise|Blastoise, F|299\/299
|move|p2a: Entei|Extreme Speed|p1a: Blastoise
|-damage|p1a: Blastoise|182\/299
|-damage|p2a: Entei|298\/372|[from] item: Life Orb
|
|turn|3
|
|switch|p2a: Florges|Florges, F|360\/360
|-activate|p2a: Florges|move: Sticky Web
|-unboost|p2a: Florges|spe|1
|detailschange|p1a: Blastoise|Blastoise-Mega, F
|-mega|p1a: Blastoise|Blastoise|Blastoisinite
|move|p1a: Blastoise|Water Spout|p2a: Florges
|-damage|p2a: Florges|251\/360
|
|-heal|p2a: Florges|273\/360|[from] item: Leftovers
|turn|4
|
|switch|p1a: Jirachi|Jirachi|404\/404
|move|p2a: Florges|Wish|p2a: Florges
|
|-heal|p2a: Florges|295\/360|[from] item: Leftovers
|turn|5
|join|etdgsgds
|
|switch|p1a: Blastoise|Blastoise-Mega, F|182\/299
|switch|p2a: Flygon|Flygon, M|302\/302
|
|turn|6
|
|move|p2a: Flygon|U-turn|p1a: Blastoise
|-damage|p1a: Blastoise|117\/299
|
|switch|p2a: Florges|Florges, F|295\/360
|-activate|p2a: Florges|move: Sticky Web
|-unboost|p2a: Florges|spe|1
|move|p1a: Blastoise|Ice Beam|p2a: Florges
|-damage|p2a: Florges|225\/360
|
|-heal|p2a: Florges|247\/360|[from] item: Leftovers
|turn|7
|
|switch|p1a: Ursaring|Ursaring, F|321\/321
|move|p2a: Florges|Wish|p2a: Florges
|
|-heal|p2a: Florges|269\/360|[from] item: Leftovers
|-status|p1a: Ursaring|brn|[from] item: Flame Orb
|turn|8
|
|move|p2a: Florges|Protect|p2a: Florges
|-singleturn|p2a: Florges|Protect
|move|p1a: Ursaring|Facade|p2a: Florges
|-activate|p2a: Florges|Protect
|
|-heal|p2a: Florges|360\/360|[from] move: Wish|[wisher] Florges
|-damage|p1a: Ursaring|281\/321 brn|[from] brn
|turn|9
|
|switch|p2a: Suicune|Suicune|404\/404
|-activate|p2a: Suicune|move: Sticky Web
|-unboost|p2a: Suicune|spe|1
|-ability|p2a: Suicune|Pressure
|move|p1a: Ursaring|Facade|p2a: Suicune
|-damage|p2a: Suicune|122\/404
|
|-heal|p2a: Suicune|147\/404|[from] item: Leftovers
|-damage|p1a: Ursaring|241\/321 brn|[from] brn
|turn|10
|
|switch|p2a: Jolteon|Jolteon, F|272\/272
|-activate|p2a: Jolteon|move: Sticky Web
|-unboost|p2a: Jolteon|spe|1
|move|p1a: Ursaring|Facade|p2a: Jolteon
|-damage|p2a: Jolteon|0 fnt
|faint|p2a: Jolteon
|
|-damage|p1a: Ursaring|201\/321 brn|[from] brn
|
|switch|p2a: Beedrill|Beedrill, M|272\/272
|-activate|p2a: Beedrill|move: Sticky Web
|-unboost|p2a: Beedrill|spe|1
|turn|11
|
|switch|p1a: Galvantula|Galvantula, M|1\/281
|detailschange|p2a: Beedrill|Beedrill-Mega, M
|-mega|p2a: Beedrill|Beedrill|Beedrillite
|move|p2a: Beedrill|Protect|p2a: Beedrill
|-fail|p2a: Beedrill
|
|turn|12
|
|switch|p2a: Flygon|Flygon, M|302\/302
|move|p1a: Galvantula|Thunder Wave|p2a: Flygon
|-immune|p2a: Flygon|[msg]
|
|turn|13
|
|switch|p1a: Jirachi|Jirachi|404\/404
|move|p2a: Flygon|Defog|p1a: Jirachi
|-unboost|p1a: Jirachi|evasion|1
|-sideend|p2: 200 raven|Sticky Web|[from] move: Defog|[of] p2a: Flygon
|
|turn|14
|
|switch|p2a: Beedrill|Beedrill-Mega, M|272\/272
|move|p1a: Jirachi|Wish|p1a: Jirachi
|
|turn|15
|
|move|p2a: Beedrill|U-turn|p1a: Jirachi
|-damage|p1a: Jirachi|208\/404
|
|switch|p2a: Flygon|Flygon, M|302\/302
|move|p1a: Jirachi|Stealth Rock|p2a: Flygon
|-sidestart|p2: 200 raven|move: Stealth Rock
|
|-heal|p1a: Jirachi|404\/404|[from] move: Wish|[wisher] Jirachi
|turn|16
|
|move|p2a: Flygon|Earthquake|p1a: Jirachi
|-supereffective|p1a: Jirachi
|-damage|p1a: Jirachi|56\/404
|move|p1a: Jirachi|Wish|p1a: Jirachi
|
|-heal|p1a: Jirachi|81\/404|[from] item: Leftovers
|turn|17
|
|switch|p1a: Blastoise|Blastoise-Mega, F|117\/299
|move|p2a: Flygon|Earthquake|p1a: Blastoise
|-damage|p1a: Blastoise|0 fnt
|faint|p1a: Blastoise
|
|
|switch|p1a: Cacturne|Cacturne, F|281\/281
|turn|18
|
|switch|p2a: Beedrill|Beedrill-Mega, M|272\/272
|-damage|p2a: Beedrill|204\/272|[from] Stealth Rock
|move|p1a: Cacturne|Sucker Punch|p2a: Beedrill
|-fail|p2a: Beedrill
|
|turn|19
|
|move|p1a: Cacturne|Sucker Punch|p2a: Beedrill
|-damage|p2a: Beedrill|0 fnt
|-damage|p1a: Cacturne|253\/281|[from] item: Life Orb
|faint|p2a: Beedrill
|
|
|switch|p2a: Entei|Entei, shiny|298\/372
|-damage|p2a: Entei|205\/372|[from] Stealth Rock
|-ability|p2a: Entei|Pressure
|turn|20
|
|switch|p1a: Jirachi|Jirachi|81\/404
|move|p2a: Entei|Sacred Fire|p1a: Jirachi
|-supereffective|p1a: Jirachi
|-damage|p1a: Jirachi|0 fnt
|-damage|p2a: Entei|168\/372|[from] item: Life Orb
|faint|p1a: Jirachi
|
|
|switch|p1a: Darmanitan|Darmanitan, M|351\/351
|turn|21
|
|switch|p2a: Flygon|Flygon, M|302\/302
|-damage|p2a: Flygon|284\/302|[from] Stealth Rock
|move|p1a: Darmanitan|Superpower|p2a: Flygon
|-damage|p2a: Flygon|106\/302
|-unboost|p1a: Darmanitan|atk|1
|-unboost|p1a: Darmanitan|def|1
|
|turn|22
|
|move|p1a: Darmanitan|Superpower|p2a: Flygon
|-damage|p2a: Flygon|0 fnt
|-unboost|p1a: Darmanitan|atk|1
|-unboost|p1a: Darmanitan|def|1
|faint|p2a: Flygon
|
|
|switch|p2a: Entei|Entei, shiny|168\/372
|-damage|p2a: Entei|75\/372|[from] Stealth Rock
|-ability|p2a: Entei|Pressure
|turn|23
|
|switch|p1a: Galvantula|Galvantula, M|1\/281
|move|p2a: Entei|Extreme Speed|p1a: Galvantula
|-damage|p1a: Galvantula|0 fnt
|-damage|p2a: Entei|38\/372|[from] item: Life Orb
|faint|p1a: Galvantula
|
|
|switch|p1a: Darmanitan|Darmanitan, M|351\/351
|turn|24
|
|move|p2a: Entei|Extreme Speed|p1a: Darmanitan
|-damage|p1a: Darmanitan|160\/351
|-damage|p2a: Entei|1\/372|[from] item: Life Orb
|move|p1a: Darmanitan|U-turn|p2a: Entei
|-crit|p2a: Entei
|-resisted|p2a: Entei
|-damage|p2a: Entei|0 fnt
|faint|p2a: Entei
|
|switch|p1a: Ursaring|Ursaring, F|201\/321 brn
|
|-damage|p1a: Ursaring|161\/321 brn|[from] brn
|
|switch|p2a: Suicune|Suicune|147\/404
|-damage|p2a: Suicune|97\/404|[from] Stealth Rock
|-ability|p2a: Suicune|Pressure
|turn|25
|
|move|p1a: Ursaring|Facade|p2a: Suicune
|-damage|p2a: Suicune|0 fnt
|faint|p2a: Suicune
|
|-damage|p1a: Ursaring|121\/321 brn|[from] brn
|c|â200 raven|gg
|c|âRustyEspur|gg
|-message|200 raven forfeited.
|
|win|RustyEspur
|raw|Ladder updating...
|leave|200 raven
|player|p2
|raw|RustyEspur's rating: 1394 &rarr; <strong>1405<\/strong><br \/>(+11 for winning)
|raw|200 raven's rating: 1220 &rarr; <strong>1207<\/strong><br \/>(-13 for losing)