|join|RustyEspur
|join|iknownothingatall
|player|p1|RustyEspur|172
|player|p2|iknownothingatall|102
|gametype|singles
|gen|6
|tier|UU
|rated
|rule|Sleep Clause Mod: Limit one foe put to sleep
|rule|Species Clause: Limit one of each PokÃ©mon
|rule|OHKO Clause: OHKO moves are banned
|rule|Moody Clause: Moody is banned
|rule|Evasion Moves Clause: Evasion moves are banned
|rule|Endless Battle Clause: Forcing endless battles is banned
|rule|HP Percentage Mod: HP is shown in percentages
|clearpoke
|poke|p1|Chesnaught, M
|poke|p1|Suicune
|poke|p1|Braviary, M
|poke|p1|Infernape, M
|poke|p1|Porygon-Z
|poke|p1|Empoleon, F
|poke|p2|Crobat, M
|poke|p2|Vaporeon, M
|poke|p2|Hydreigon, M
|poke|p2|Rotom-Heat
|poke|p2|Florges, F
|poke|p2|Beedrill, M
|rule|Swagger Clause: Swagger is banned
|rule|Baton Pass Clause: Limit one PokÃ©mon knowing Baton Pass
|teampreview
|
|start
|switch|p1a: Pee-Zee|Porygon-Z|311\/311
|switch|p2a: Crobat|Crobat, M|323\/323
|-boost|p1a: Pee-Zee|atk|1|[from] ability: Download
|turn|1
|
|switch|p1a: P3NI5|Empoleon, F|372\/372
|move|p2a: Crobat|U-turn|p1a: P3NI5
|-resisted|p1a: P3NI5
|-damage|p1a: P3NI5|333\/372
|
|switch|p2a: Rotom-Heat|Rotom-Heat|295\/295
|
|-heal|p1a: P3NI5|356\/372|[from] item: Leftovers
|turn|2
|
|move|p2a: Rotom-Heat|Volt Switch|p1a: P3NI5
|-supereffective|p1a: P3NI5
|-damage|p1a: P3NI5|186\/372
|
|switch|p2a: Crobat|Crobat, M|323\/323
|move|p1a: P3NI5|Stealth Rock|p2a: Crobat
|-sidestart|p2: iknownothingatall|move: Stealth Rock
|
|-heal|p1a: P3NI5|209\/372|[from] item: Leftovers
|turn|3
|
|move|p2a: Crobat|Defog|p1a: P3NI5
|-unboost|p1a: P3NI5|evasion|1
|-sideend|p2: iknownothingatall|Stealth Rock|[from] move: Defog|[of] p2a: Crobat
|move|p1a: P3NI5|Ice Beam|p2a: Crobat
|-crit|p2a: Crobat
|-supereffective|p2a: Crobat
|-damage|p2a: Crobat|47\/323
|
|-heal|p2a: Crobat|67\/323|[from] item: Leftovers
|-heal|p1a: P3NI5|232\/372|[from] item: Leftovers
|turn|4
|
|move|p2a: Crobat|Roost|p2a: Crobat
|-heal|p2a: Crobat|229\/323
|move|p1a: P3NI5|Stealth Rock|p2a: Crobat
|-sidestart|p2: iknownothingatall|move: Stealth Rock
|
|-heal|p2a: Crobat|249\/323|[from] item: Leftovers
|-heal|p1a: P3NI5|255\/372|[from] item: Leftovers
|turn|5
|
|move|p2a: Crobat|Defog|p1a: P3NI5
|-unboost|p1a: P3NI5|evasion|1
|-sideend|p2: iknownothingatall|Stealth Rock|[from] move: Defog|[of] p2a: Crobat
|move|p1a: P3NI5|Ice Beam|p2a: Crobat
|-supereffective|p2a: Crobat
|-damage|p2a: Crobat|63\/323
|
|-heal|p2a: Crobat|83\/323|[from] item: Leftovers
|-heal|p1a: P3NI5|278\/372|[from] item: Leftovers
|turn|6
|
|move|p2a: Crobat|U-turn|p1a: P3NI5
|-resisted|p1a: P3NI5
|-damage|p1a: P3NI5|243\/372
|
|switch|p2a: Rotom-Heat|Rotom-Heat|295\/295
|move|p1a: P3NI5|Scald|p2a: Rotom-Heat
|-supereffective|p2a: Rotom-Heat
|-damage|p2a: Rotom-Heat|109\/295
|
|-heal|p2a: Rotom-Heat|127\/295|[from] item: Leftovers
|-heal|p1a: P3NI5|266\/372|[from] item: Leftovers
|turn|7
|
|switch|p1a: NoChest|Chesnaught, M|380\/380
|move|p2a: Rotom-Heat|Volt Switch|p1a: NoChest
|-resisted|p1a: NoChest
|-damage|p1a: NoChest|312\/380
|
|switch|p2a: Crobat|Crobat, M|83\/323
|
|-heal|p2a: Crobat|103\/323|[from] item: Leftovers
|-heal|p1a: NoChest|335\/380|[from] item: Leftovers
|turn|8
|
|move|p2a: Crobat|Roost|p2a: Crobat
|-heal|p2a: Crobat|265\/323
|move|p1a: NoChest|Leech Seed|p2a: Crobat
|-start|p2a: Crobat|move: Leech Seed
|
|-heal|p2a: Crobat|285\/323|[from] item: Leftovers
|-heal|p1a: NoChest|358\/380|[from] item: Leftovers
|-damage|p2a: Crobat|245\/323|[from] Leech Seed|[of] p1a: NoChest
|-heal|p1a: NoChest|380\/380|[silent]
|turn|9
|
|switch|p2a: Rotom-Heat|Rotom-Heat|127\/295
|move|p1a: NoChest|Spiky Shield|p1a: NoChest
|-fail|p1a: NoChest
|
|-heal|p2a: Rotom-Heat|145\/295|[from] item: Leftovers
|turn|10
|
|move|p1a: NoChest|Spiky Shield|p1a: NoChest
|-singleturn|p1a: NoChest|move: Protect
|move|p2a: Rotom-Heat|Overheat|p1a: NoChest
|-activate|p1a: NoChest|move: Protect
|
|-heal|p2a: Rotom-Heat|163\/295|[from] item: Leftovers
|turn|11
|
|switch|p1a: Suicune|Suicune|404\/404
|-ability|p1a: Suicune|Pressure
|move|p2a: Rotom-Heat|Overheat|p1a: Suicune
|-resisted|p1a: Suicune
|-damage|p1a: Suicune|311\/404
|-unboost|p2a: Rotom-Heat|spa|2
|
|-heal|p2a: Rotom-Heat|181\/295|[from] item: Leftovers
|-heal|p1a: Suicune|336\/404|[from] item: Leftovers
|turn|12
|
|switch|p2a: Vaporeon|Vaporeon, M|451\/451
|switch|p1a: P3NI5|Empoleon, F|266\/372
|
|-heal|p1a: P3NI5|289\/372|[from] item: Leftovers
|turn|13
|
|move|p2a: Vaporeon|Scald|p1a: P3NI5
|-resisted|p1a: P3NI5
|-damage|p1a: P3NI5|250\/372
|-status|p1a: P3NI5|brn
|move|p1a: P3NI5|Stealth Rock|p2a: Vaporeon
|-sidestart|p2: iknownothingatall|move: Stealth Rock
|
|-heal|p1a: P3NI5|273\/372 brn|[from] item: Leftovers
|-damage|p1a: P3NI5|227\/372 brn|[from] brn
|turn|14
|
|switch|p1a: Pee-Zee|Porygon-Z|311\/311
|-boost|p1a: Pee-Zee|spa|1|[from] ability: Download
|move|p2a: Vaporeon|Wish|p2a: Vaporeon
|
|turn|15
|
|switch|p2a: Florges|Florges, F|345\/345
|-damage|p2a: Florges|302\/345|[from] Stealth Rock
|move|p1a: Pee-Zee|Tri Attack|p2a: Florges
|-damage|p2a: Florges|123\/345
|-damage|p1a: Pee-Zee|280\/311|[from] item: Life Orb
|
|-heal|p2a: Florges|345\/345|[from] move: Wish|[wisher] Vaporeon
|turn|16
|
|move|p1a: Pee-Zee|Nasty Plot|p1a: Pee-Zee
|-boost|p1a: Pee-Zee|spa|2
|move|p2a: Florges|Moonblast|p1a: Pee-Zee
|-damage|p1a: Pee-Zee|115\/311
|
|turn|17
|
|move|p1a: Pee-Zee|Tri Attack|p2a: Florges
|-damage|p2a: Florges|80\/345
|-damage|p1a: Pee-Zee|84\/311|[from] item: Life Orb
|move|p2a: Florges|Moonblast|p1a: Pee-Zee
|-damage|p1a: Pee-Zee|0 fnt
|faint|p1a: Pee-Zee
|
|-heal|p2a: Florges|101\/345|[from] item: Leftovers
|
|switch|p1a: AMERICANBIRD|Braviary, M|341\/341
|turn|18
|
|move|p2a: Florges|Protect|p2a: Florges
|-singleturn|p2a: Florges|Protect
|move|p1a: AMERICANBIRD|Brave Bird|p2a: Florges
|-activate|p2a: Florges|Protect
|
|-heal|p2a: Florges|122\/345|[from] item: Leftovers
|turn|19
|
|switch|p2a: Vaporeon|Vaporeon, M|451\/451
|-damage|p2a: Vaporeon|395\/451|[from] Stealth Rock
|move|p1a: AMERICANBIRD|Brave Bird|p2a: Vaporeon
|-damage|p2a: Vaporeon|184\/451
|-damage|p1a: AMERICANBIRD|271\/341|[from] recoil|[of] p2a: Vaporeon
|
|-heal|p2a: Vaporeon|212\/451|[from] item: Leftovers
|turn|20
|
|switch|p1a: Infernape|Infernape, M|293\/293
|move|p2a: Vaporeon|Protect|p2a: Vaporeon
|-fail|p2a: Vaporeon
|
|-heal|p2a: Vaporeon|240\/451|[from] item: Leftovers
|turn|21
|
|move|p2a: Vaporeon|Protect|p2a: Vaporeon
|-singleturn|p2a: Vaporeon|Protect
|move|p1a: Infernape|Close Combat|p2a: Vaporeon
|-activate|p2a: Vaporeon|Protect
|
|-heal|p2a: Vaporeon|268\/451|[from] item: Leftovers
|turn|22
|
|move|p1a: Infernape|Close Combat|p2a: Vaporeon
|-damage|p2a: Vaporeon|46\/451
|-unboost|p1a: Infernape|def|1
|-unboost|p1a: Infernape|spd|1
|-damage|p1a: Infernape|264\/293|[from] item: Life Orb
|move|p2a: Vaporeon|Wish|p2a: Vaporeon
|
|-heal|p2a: Vaporeon|74\/451|[from] item: Leftovers
|turn|23
|
|switch|p1a: Suicune|Suicune|336\/404
|-ability|p1a: Suicune|Pressure
|move|p2a: Vaporeon|Protect|p2a: Vaporeon
|-fail|p2a: Vaporeon
|
|-heal|p2a: Vaporeon|299\/451|[from] move: Wish|[wisher] Vaporeon
|-heal|p1a: Suicune|361\/404|[from] item: Leftovers
|-heal|p2a: Vaporeon|327\/451|[from] item: Leftovers
|turn|24
|
|switch|p1a: NoChest|Chesnaught, M|380\/380
|switch|p2a: Florges|Florges, F|122\/345
|-damage|p2a: Florges|79\/345|[from] Stealth Rock
|
|-heal|p2a: Florges|100\/345|[from] item: Leftovers
|turn|25
|
|move|p2a: Florges|Wish|p2a: Florges
|move|p1a: NoChest|Leech Seed|p2a: Florges
|-start|p2a: Florges|move: Leech Seed
|
|-heal|p2a: Florges|121\/345|[from] item: Leftovers
|-damage|p2a: Florges|78\/345|[from] Leech Seed|[of] p1a: NoChest
|turn|26
|
|switch|p1a: P3NI5|Empoleon, F|227\/372 brn
|move|p2a: Florges|Protect|p2a: Florges
|-fail|p2a: Florges
|
|-heal|p2a: Florges|250\/345|[from] move: Wish|[wisher] Florges
|-heal|p2a: Florges|271\/345|[from] item: Leftovers
|-heal|p1a: P3NI5|250\/372 brn|[from] item: Leftovers
|-damage|p2a: Florges|228\/345|[from] Leech Seed|[of] p1a: P3NI5
|-heal|p1a: P3NI5|293\/372 brn|[silent]
|-damage|p1a: P3NI5|247\/372 brn|[from] brn
|turn|27
|
|switch|p2a: Vaporeon|Vaporeon, M|327\/451
|-damage|p2a: Vaporeon|271\/451|[from] Stealth Rock
|switch|p1a: AMERICANBIRD|Braviary, M|271\/341
|
|-heal|p2a: Vaporeon|299\/451|[from] item: Leftovers
|turn|28
|
|switch|p1a: NoChest|Chesnaught, M|380\/380
|move|p2a: Vaporeon|Wish|p2a: Vaporeon
|
|-heal|p2a: Vaporeon|327\/451|[from] item: Leftovers
|turn|29
|
|switch|p2a: Rotom-Heat|Rotom-Heat|181\/295
|-damage|p2a: Rotom-Heat|108\/295|[from] Stealth Rock
|move|p1a: NoChest|Leech Seed|p2a: Rotom-Heat
|-start|p2a: Rotom-Heat|move: Leech Seed
|
|-heal|p2a: Rotom-Heat|295\/295|[from] move: Wish|[wisher] Vaporeon
|-damage|p2a: Rotom-Heat|259\/295|[from] Leech Seed|[of] p1a: NoChest
|turn|30
|
|switch|p2a: Crobat|Crobat, M|245\/323
|-damage|p2a: Crobat|165\/323|[from] Stealth Rock
|move|p1a: NoChest|Spiky Shield|p1a: NoChest
|-fail|p1a: NoChest
|
|-heal|p2a: Crobat|185\/323|[from] item: Leftovers
|turn|31
|
|switch|p1a: AMERICANBIRD|Braviary, M|271\/341
|move|p2a: Crobat|Defog|p1a: AMERICANBIRD
|-unboost|p1a: AMERICANBIRD|evasion|1
|-boost|p1a: AMERICANBIRD|atk|2|[from] ability: Defiant
|-sideend|p2: iknownothingatall|Stealth Rock|[from] move: Defog|[of] p2a: Crobat
|
|-heal|p2a: Crobat|205\/323|[from] item: Leftovers
|turn|32
|
|switch|p2a: Rotom-Heat|Rotom-Heat|259\/295
|move|p1a: AMERICANBIRD|Facade|p2a: Rotom-Heat
|-damage|p2a: Rotom-Heat|66\/295
|
|-heal|p2a: Rotom-Heat|84\/295|[from] item: Leftovers
|turn|33
|
|switch|p2a: Vaporeon|Vaporeon, M|327\/451
|move|p1a: AMERICANBIRD|Facade|p2a: Vaporeon
|-damage|p2a: Vaporeon|69\/451
|
|-heal|p2a: Vaporeon|97\/451|[from] item: Leftovers
|turn|34
|
|move|p2a: Vaporeon|Protect|p2a: Vaporeon
|-singleturn|p2a: Vaporeon|Protect
|move|p1a: AMERICANBIRD|Facade|p2a: Vaporeon
|-activate|p2a: Vaporeon|Protect
|
|-heal|p2a: Vaporeon|125\/451|[from] item: Leftovers
|turn|35
|
|switch|p2a: Rotom-Heat|Rotom-Heat|84\/295
|move|p1a: AMERICANBIRD|Facade|p2a: Rotom-Heat
|-damage|p2a: Rotom-Heat|0 fnt
|faint|p2a: Rotom-Heat
|
|
|switch|p2a: Hydreigon|Hydreigon, M|325\/325
|turn|36
|
|switch|p1a: P3NI5|Empoleon, F|247\/372 brn
|move|p2a: Hydreigon|Draco Meteor|p1a: P3NI5
|-resisted|p1a: P3NI5
|-damage|p1a: P3NI5|169\/372 brn
|-unboost|p2a: Hydreigon|spa|2
|
|-heal|p1a: P3NI5|192\/372 brn|[from] item: Leftovers
|-damage|p1a: P3NI5|146\/372 brn|[from] brn
|turn|37
|
|switch|p2a: Vaporeon|Vaporeon, M|125\/451
|move|p1a: P3NI5|Stealth Rock|p2a: Vaporeon
|-sidestart|p2: iknownothingatall|move: Stealth Rock
|
|-heal|p2a: Vaporeon|153\/451|[from] item: Leftovers
|-heal|p1a: P3NI5|169\/372 brn|[from] item: Leftovers
|-damage|p1a: P3NI5|123\/372 brn|[from] brn
|turn|38
|
|switch|p1a: NoChest|Chesnaught, M|380\/380
|move|p2a: Vaporeon|Wish|p2a: Vaporeon
|
|-heal|p2a: Vaporeon|181\/451|[from] item: Leftovers
|turn|39
|
|move|p2a: Vaporeon|Protect|p2a: Vaporeon
|-singleturn|p2a: Vaporeon|Protect
|move|p1a: NoChest|Spikes|p2a: Vaporeon
|-sidestart|p2: iknownothingatall|Spikes
|
|-heal|p2a: Vaporeon|406\/451|[from] move: Wish|[wisher] Vaporeon
|-heal|p2a: Vaporeon|434\/451|[from] item: Leftovers
|turn|40
|
|move|p2a: Vaporeon|Wish|p2a: Vaporeon
|move|p1a: NoChest|Leech Seed|p2a: Vaporeon
|-start|p2a: Vaporeon|move: Leech Seed
|
|-heal|p2a: Vaporeon|451\/451|[from] item: Leftovers
|-damage|p2a: Vaporeon|395\/451|[from] Leech Seed|[of] p1a: NoChest
|turn|41
|
|switch|p2a: Crobat|Crobat, M|205\/323
|-damage|p2a: Crobat|125\/323|[from] Stealth Rock
|move|p1a: NoChest|Leech Seed|p2a: Crobat
|-start|p2a: Crobat|move: Leech Seed
|
|-heal|p2a: Crobat|323\/323|[from] move: Wish|[wisher] Vaporeon
|-damage|p2a: Crobat|283\/323|[from] Leech Seed|[of] p1a: NoChest
|turn|42
|
|switch|p1a: AMERICANBIRD|Braviary, M|271\/341
|move|p2a: Crobat|Brave Bird|p1a: AMERICANBIRD
|-damage|p1a: AMERICANBIRD|67\/341
|-damage|p2a: Crobat|216\/323|[from] recoil|[of] p1a: AMERICANBIRD
|
|-heal|p2a: Crobat|236\/323|[from] item: Leftovers
|-damage|p2a: Crobat|196\/323|[from] Leech Seed|[of] p1a: AMERICANBIRD
|-heal|p1a: AMERICANBIRD|107\/341|[silent]
|turn|43
|
|switch|p2a: Vaporeon|Vaporeon, M|395\/451
|-damage|p2a: Vaporeon|339\/451|[from] Spikes
|-damage|p2a: Vaporeon|283\/451|[from] Stealth Rock
|move|p1a: AMERICANBIRD|Brave Bird|p2a: Vaporeon
|-damage|p2a: Vaporeon|82\/451
|-damage|p1a: AMERICANBIRD|41\/341|[from] recoil|[of] p2a: Vaporeon
|
|-heal|p2a: Vaporeon|110\/451|[from] item: Leftovers
|turn|44
|
|move|p2a: Vaporeon|Protect|p2a: Vaporeon
|-singleturn|p2a: Vaporeon|Protect
|move|p1a: AMERICANBIRD|Brave Bird|p2a: Vaporeon
|-activate|p2a: Vaporeon|Protect
|
|-heal|p2a: Vaporeon|138\/451|[from] item: Leftovers
|turn|45
|
|switch|p2a: Florges|Florges, F|228\/345
|-damage|p2a: Florges|185\/345|[from] Stealth Rock
|-damage|p2a: Florges|142\/345|[from] Spikes
|move|p1a: AMERICANBIRD|Brave Bird|p2a: Florges
|-damage|p2a: Florges|0 fnt
|-damage|p1a: AMERICANBIRD|0 fnt|[from] recoil|[of] p2a: Florges
|faint|p2a: Florges
|faint|p1a: AMERICANBIRD
|
|
|switch|p2a: Crobat|Crobat, M|196\/323
|switch|p1a: Infernape|Infernape, M|264\/293
|-damage|p2a: Crobat|116\/323|[from] Stealth Rock
|turn|46
|
|move|p2a: Crobat|Defog|p1a: Infernape
|-unboost|p1a: Infernape|evasion|1
|-sideend|p2: iknownothingatall|Spikes|[from] move: Defog|[of] p2a: Crobat
|-sideend|p2: iknownothingatall|Stealth Rock|[from] move: Defog|[of] p2a: Crobat
|move|p1a: Infernape|Overheat|p2a: Crobat
|-damage|p2a: Crobat|0 fnt
|-unboost|p1a: Infernape|spa|2
|-damage|p1a: Infernape|235\/293|[from] item: Life Orb
|faint|p2a: Crobat
|
|
|switch|p2a: Hydreigon|Hydreigon, M|325\/325
|turn|47
|
|switch|p1a: Suicune|Suicune|361\/404
|-ability|p1a: Suicune|Pressure
|move|p2a: Hydreigon|Draco Meteor|p1a: Suicune
|-crit|p1a: Suicune
|-damage|p1a: Suicune|63\/404
|-unboost|p2a: Hydreigon|spa|2
|
|-heal|p1a: Suicune|88\/404|[from] item: Leftovers
|turn|48
|
|switch|p1a: NoChest|Chesnaught, M|380\/380
|move|p2a: Hydreigon|Draco Meteor|p1a: NoChest
|-damage|p1a: NoChest|224\/380
|-unboost|p2a: Hydreigon|spa|2
|
|-heal|p1a: NoChest|247\/380|[from] item: Leftovers
|turn|49
|
|switch|p2a: Beedrill|Beedrill, M|271\/271
|move|p1a: NoChest|Leech Seed|p2a: Beedrill
|-start|p2a: Beedrill|move: Leech Seed
|
|-heal|p1a: NoChest|270\/380|[from] item: Leftovers
|-damage|p2a: Beedrill|238\/271|[from] Leech Seed|[of] p1a: NoChest
|-heal|p1a: NoChest|303\/380|[silent]
|turn|50
|
|detailschange|p2a: Beedrill|Beedrill-Mega, M
|-mega|p2a: Beedrill|Beedrill|Beedrillite
|move|p1a: NoChest|Spiky Shield|p1a: NoChest
|-singleturn|p1a: NoChest|move: Protect
|move|p2a: Beedrill|U-turn|p1a: NoChest
|-activate|p1a: NoChest|move: Protect
|-damage|p2a: Beedrill|205\/271|[from] Spiky Shield|[of] p1a: NoChest
|
|-heal|p1a: NoChest|326\/380|[from] item: Leftovers
|-damage|p2a: Beedrill|172\/271|[from] Leech Seed|[of] p1a: NoChest
|-heal|p1a: NoChest|359\/380|[silent]
|turn|51
|
|move|p2a: Beedrill|U-turn|p1a: NoChest
|-damage|p1a: NoChest|251\/380
|
|switch|p2a: Hydreigon|Hydreigon, M|325\/325
|move|p1a: NoChest|Drain Punch|p2a: Hydreigon
|-supereffective|p2a: Hydreigon
|-damage|p2a: Hydreigon|91\/325
|-heal|p1a: NoChest|368\/380|[from] drain|[of] p2a: Hydreigon
|
|-heal|p1a: NoChest|380\/380|[from] item: Leftovers
|turn|52
|
|move|p1a: NoChest|Spiky Shield|p1a: NoChest
|-singleturn|p1a: NoChest|move: Protect
|move|p2a: Hydreigon|U-turn|p1a: NoChest
|-activate|p1a: NoChest|move: Protect
|-damage|p2a: Hydreigon|51\/325|[from] Spiky Shield|[of] p1a: NoChest
|
|turn|53
|
|switch|p2a: Vaporeon|Vaporeon, M|138\/451
|move|p1a: NoChest|Leech Seed|p2a: Vaporeon
|-start|p2a: Vaporeon|move: Leech Seed
|
|-heal|p2a: Vaporeon|166\/451|[from] item: Leftovers
|-damage|p2a: Vaporeon|110\/451|[from] Leech Seed|[of] p1a: NoChest
|turn|54
|
|switch|p2a: Beedrill|Beedrill-Mega, M|172\/271
|move|p1a: NoChest|Drain Punch|p2a: Beedrill
|-resisted|p2a: Beedrill
|-damage|p2a: Beedrill|124\/271
|
|turn|55
|
|move|p1a: NoChest|Spiky Shield|p1a: NoChest
|-singleturn|p1a: NoChest|move: Protect
|move|p2a: Beedrill|Poison Jab|p1a: NoChest
|-activate|p1a: NoChest|move: Protect
|-damage|p2a: Beedrill|91\/271|[from] Spiky Shield|[of] p1a: NoChest
|
|turn|56
|
|move|p2a: Beedrill|Poison Jab|p1a: NoChest
|-supereffective|p1a: NoChest
|-damage|p1a: NoChest|112\/380
|-status|p1a: NoChest|psn
|move|p1a: NoChest|Leech Seed|p2a: Beedrill
|-start|p2a: Beedrill|move: Leech Seed
|
|-heal|p1a: NoChest|135\/380 psn|[from] item: Leftovers
|-damage|p2a: Beedrill|58\/271|[from] Leech Seed|[of] p1a: NoChest
|-heal|p1a: NoChest|168\/380 psn|[silent]
|-damage|p1a: NoChest|121\/380 psn|[from] psn
|turn|57
|
|switch|p2a: Vaporeon|Vaporeon, M|110\/451
|switch|p1a: P3NI5|Empoleon, F|123\/372 brn
|
|-heal|p2a: Vaporeon|138\/451|[from] item: Leftovers
|-heal|p1a: P3NI5|146\/372 brn|[from] item: Leftovers
|-damage|p1a: P3NI5|100\/372 brn|[from] brn
|turn|58
|
|move|p2a: Vaporeon|Wish|p2a: Vaporeon
|move|p1a: P3NI5|Stealth Rock|p2a: Vaporeon
|-sidestart|p2: iknownothingatall|move: Stealth Rock
|
|-heal|p2a: Vaporeon|166\/451|[from] item: Leftovers
|-heal|p1a: P3NI5|123\/372 brn|[from] item: Leftovers
|-damage|p1a: P3NI5|77\/372 brn|[from] brn
|turn|59
|
|move|p2a: Vaporeon|Protect|p2a: Vaporeon
|-singleturn|p2a: Vaporeon|Protect
|move|p1a: P3NI5|Ice Beam|p2a: Vaporeon
|-activate|p2a: Vaporeon|Protect
|
|-heal|p2a: Vaporeon|391\/451|[from] move: Wish|[wisher] Vaporeon
|-heal|p2a: Vaporeon|419\/451|[from] item: Leftovers
|-heal|p1a: P3NI5|100\/372 brn|[from] item: Leftovers
|-damage|p1a: P3NI5|54\/372 brn|[from] brn
|turn|60
|
|move|p2a: Vaporeon|Wish|p2a: Vaporeon
|move|p1a: P3NI5|Ice Beam|p2a: Vaporeon
|-resisted|p2a: Vaporeon
|-damage|p2a: Vaporeon|378\/451
|-status|p2a: Vaporeon|frz
|
|-heal|p2a: Vaporeon|406\/451 frz|[from] item: Leftovers
|-heal|p1a: P3NI5|77\/372 brn|[from] item: Leftovers
|-damage|p1a: P3NI5|31\/372 brn|[from] brn
|turn|61
|
|-curestatus|p2a: Vaporeon|frz
|move|p2a: Vaporeon|Scald|p1a: P3NI5
|-resisted|p1a: P3NI5
|-damage|p1a: P3NI5|0 fnt
|faint|p1a: P3NI5
|
|-heal|p2a: Vaporeon|451\/451|[from] move: Wish|[wisher] Vaporeon
|
|switch|p1a: Suicune|Suicune|88\/404
|-ability|p1a: Suicune|Pressure
|turn|62
|
|move|p1a: Suicune|Rest|p1a: Suicune
|-status|p1a: Suicune|slp
|-heal|p1a: Suicune|404\/404 slp|[silent]
|-status|p1a: Suicune|slp|[from] move: Rest
|move|p2a: Vaporeon|Wish|p2a: Vaporeon
|
|turn|63
|
|switch|p1a: Infernape|Infernape, M|235\/293
|switch|p2a: Hydreigon|Hydreigon, M|51\/325
|-damage|p2a: Hydreigon|11\/325|[from] Stealth Rock
|
|-heal|p2a: Hydreigon|236\/325|[from] move: Wish|[wisher] Vaporeon
|turn|64
|
|move|p1a: Infernape|Mach Punch|p2a: Hydreigon
|-supereffective|p2a: Hydreigon
|-damage|p2a: Hydreigon|0 fnt
|-damage|p1a: Infernape|206\/293|[from] item: Life Orb
|faint|p2a: Hydreigon
|
|c|âRustyEspur|ugh
|
|switch|p2a: Vaporeon|Vaporeon, M|451\/451
|-damage|p2a: Vaporeon|395\/451|[from] Stealth Rock
|turn|65
|
|move|p1a: Infernape|Grass Knot|p2a: Vaporeon
|-supereffective|p2a: Vaporeon
|-damage|p2a: Vaporeon|265\/451
|-damage|p1a: Infernape|177\/293|[from] item: Life Orb
|move|p2a: Vaporeon|Scald|p1a: Infernape
|-crit|p1a: Infernape
|-supereffective|p1a: Infernape
|-damage|p1a: Infernape|0 fnt
|faint|p1a: Infernape
|
|-heal|p2a: Vaporeon|293\/451|[from] item: Leftovers
|
|switch|p1a: NoChest|Chesnaught, M|121\/380 psn
|turn|66
|
|move|p2a: Vaporeon|Protect|p2a: Vaporeon
|-singleturn|p2a: Vaporeon|Protect
|move|p1a: NoChest|Leech Seed|p2a: Vaporeon
|-activate|p2a: Vaporeon|Protect
|
|-heal|p2a: Vaporeon|321\/451|[from] item: Leftovers
|-heal|p1a: NoChest|144\/380 psn|[from] item: Leftovers
|-damage|p1a: NoChest|97\/380 psn|[from] psn
|turn|67
|
|move|p2a: Vaporeon|Ice Beam|p1a: NoChest
|-supereffective|p1a: NoChest
|-damage|p1a: NoChest|0 fnt
|faint|p1a: NoChest
|
|-heal|p2a: Vaporeon|349\/451|[from] item: Leftovers
|
|switch|p1a: Suicune|Suicune|404\/404 slp
|-ability|p1a: Suicune|Pressure
|turn|68
|
|cant|p1a: Suicune|slp
|move|p1a: Suicune|Sleep Talk|p1a: Suicune
|move|p1a: Suicune|Rest|p1a: Suicune|[from]Sleep Talk
|-fail|p1a: Suicune
|move|p2a: Vaporeon|Wish|p2a: Vaporeon
|
|-heal|p2a: Vaporeon|377\/451|[from] item: Leftovers
|turn|69
|
|switch|p2a: Beedrill|Beedrill-Mega, M|58\/271
|-damage|p2a: Beedrill|0 fnt|[from] Stealth Rock
|faint|p2a: Beedrill
|cant|p1a: Suicune|slp
|move|p1a: Suicune|Sleep Talk|p1a: Suicune
|move|p1a: Suicune|Rest|p1a: Suicune|[from]Sleep Talk
|-fail|p1a: Suicune
|
|
|switch|p2a: Vaporeon|Vaporeon, M|377\/451
|-damage|p2a: Vaporeon|321\/451|[from] Stealth Rock
|turn|70
|
|-curestatus|p1a: Suicune|slp
|move|p1a: Suicune|Calm Mind|p1a: Suicune
|-boost|p1a: Suicune|spa|1
|-boost|p1a: Suicune|spd|1
|move|p2a: Vaporeon|Ice Beam|p1a: Suicune
|-resisted|p1a: Suicune
|-damage|p1a: Suicune|379\/404
|
|-heal|p1a: Suicune|404\/404|[from] item: Leftovers
|-heal|p2a: Vaporeon|349\/451|[from] item: Leftovers
|turn|71
|
|move|p1a: Suicune|Calm Mind|p1a: Suicune
|-boost|p1a: Suicune|spa|1
|-boost|p1a: Suicune|spd|1
|move|p2a: Vaporeon|Ice Beam|p1a: Suicune
|-crit|p1a: Suicune
|-resisted|p1a: Suicune
|-damage|p1a: Suicune|347\/404
|
|-heal|p1a: Suicune|372\/404|[from] item: Leftovers
|-heal|p2a: Vaporeon|377\/451|[from] item: Leftovers
|turn|72
|
|move|p1a: Suicune|Calm Mind|p1a: Suicune
|-boost|p1a: Suicune|spa|1
|-boost|p1a: Suicune|spd|1
|move|p2a: Vaporeon|Ice Beam|p1a: Suicune
|-resisted|p1a: Suicune
|-damage|p1a: Suicune|357\/404
|
|-heal|p1a: Suicune|382\/404|[from] item: Leftovers
|-heal|p2a: Vaporeon|405\/451|[from] item: Leftovers
|turn|73
|
|move|p1a: Suicune|Calm Mind|p1a: Suicune
|-boost|p1a: Suicune|spa|1
|-boost|p1a: Suicune|spd|1
|move|p2a: Vaporeon|Ice Beam|p1a: Suicune
|-resisted|p1a: Suicune
|-damage|p1a: Suicune|369\/404
|
|-heal|p1a: Suicune|394\/404|[from] item: Leftovers
|-heal|p2a: Vaporeon|433\/451|[from] item: Leftovers
|turn|74
|
|move|p1a: Suicune|Calm Mind|p1a: Suicune
|-boost|p1a: Suicune|spa|1
|-boost|p1a: Suicune|spd|1
|move|p2a: Vaporeon|Ice Beam|p1a: Suicune
|-resisted|p1a: Suicune
|-damage|p1a: Suicune|384\/404
|
|-heal|p1a: Suicune|404\/404|[from] item: Leftovers
|-heal|p2a: Vaporeon|451\/451|[from] item: Leftovers
|turn|75
|
|move|p1a: Suicune|Calm Mind|p1a: Suicune
|-boost|p1a: Suicune|spa|1
|-boost|p1a: Suicune|spd|1
|move|p2a: Vaporeon|Ice Beam|p1a: Suicune
|-resisted|p1a: Suicune
|-damage|p1a: Suicune|395\/404
|
|-heal|p1a: Suicune|404\/404|[from] item: Leftovers
|turn|76
|
|move|p1a: Suicune|Calm Mind|p1a: Suicune
|-fail|p1a: Suicune
|move|p2a: Vaporeon|Ice Beam|p1a: Suicune
|-resisted|p1a: Suicune
|-damage|p1a: Suicune|394\/404
|
|-heal|p1a: Suicune|404\/404|[from] item: Leftovers
|turn|77
|
|move|p1a: Suicune|Calm Mind|p1a: Suicune
|-fail|p1a: Suicune
|move|p2a: Vaporeon|Ice Beam|p1a: Suicune
|-resisted|p1a: Suicune
|-damage|p1a: Suicune|395\/404
|
|-heal|p1a: Suicune|404\/404|[from] item: Leftovers
|turn|78
|-message|iknownothingatall forfeited.
|
|win|RustyEspur
|raw|Ladder updating...
|leave|iknownothingatall
|player|p2
|raw|RustyEspur's rating: 1433 &rarr; <strong>1448<\/strong><br \/>(+15 for winning)
|raw|iknownothingatall's rating: 1335 &rarr; <strong>1320<\/strong><br \/>(-15 for losing)