|join|Suicuninite
|join|Maoenn
|player|p1|Suicuninite|92
|player|p2|Maoenn|222
|gametype|singles
|gen|6
|tier|OU
|rated
|clearpoke
|poke|p1|Landorus-Therian, M
|poke|p1|Charizard, M
|poke|p1|Tentacruel, M
|poke|p1|Ferrothorn, M
|poke|p1|Azumarill, F
|poke|p1|Bisharp, M, shiny
|poke|p2|Aerodactyl, M
|poke|p2|Umbreon, M
|poke|p2|Zapdos
|poke|p2|Talonflame, F
|poke|p2|Gyarados, F, shiny
|poke|p2|Greninja, M, shiny
|rule|Swagger Clause: Swagger is banned
|rule|Baton Pass Clause: Limit one PokÃ©mon knowing Baton Pass
|rule|Sleep Clause Mod: Limit one foe put to sleep
|rule|Species Clause: Limit one of each PokÃ©mon
|rule|OHKO Clause: OHKO moves are banned
|rule|Moody Clause: Moody is banned
|rule|Evasion Moves Clause: Evasion moves are banned
|rule|Endless Battle Clause: Forcing endless battles is banned
|rule|HP Percentage Mod: HP is shown in percentages
|teampreview
|join|tiant
|
|start
|switch|p1a: Landorus-Therian|Landorus-Therian, M|320\/320
|switch|p2a: Aerotactyl|Aerodactyl, M|302\/302
|-ability|p1a: Landorus-Therian|Intimidate|[of] p2a: Aerotactyl
|-unboost|p2a: Aerotactyl|atk|1
|turn|1
|
|move|p1a: Landorus-Therian|U-turn|p2a: Aerotactyl
|-resisted|p2a: Aerotactyl
|-damage|p2a: Aerotactyl|239\/302
|
|switch|p1a: Ferrothorn|Ferrothorn, M|352\/352
|move|p2a: Aerotactyl|Stealth Rock|p1a: Ferrothorn
|-sidestart|p1: Suicuninite|move: Stealth Rock
|
|turn|2
|
|move|p2a: Aerotactyl|Taunt|p1a: Ferrothorn
|-start|p1a: Ferrothorn|move: Taunt
|move|p1a: Ferrothorn|Gyro Ball|p2a: Aerotactyl
|-supereffective|p2a: Aerotactyl
|-damage|p2a: Aerotactyl|0 fnt
|faint|p2a: Aerotactyl
|
|
|switch|p2a: Golgotha|Zapdos|384\/384
|-ability|p2a: Golgotha|Pressure
|turn|3
|
|switch|p1a: Tentacruel|Tentacruel, M|364\/364
|-damage|p1a: Tentacruel|319\/364|[from] Stealth Rock
|move|p2a: Golgotha|Thunderbolt|p1a: Tentacruel
|-supereffective|p1a: Tentacruel
|-damage|p1a: Tentacruel|157\/364
|
|-heal|p1a: Tentacruel|179\/364|[from] item: Black Sludge
|turn|4
|
|move|p1a: Tentacruel|Protect|p1a: Tentacruel
|-singleturn|p1a: Tentacruel|Protect
|move|p2a: Golgotha|Thunderbolt|p1a: Tentacruel
|-activate|p1a: Tentacruel|Protect
|
|-heal|p1a: Tentacruel|201\/364|[from] item: Black Sludge
|turn|5
|
|move|p1a: Tentacruel|Rapid Spin|p2a: Golgotha
|-damage|p2a: Golgotha|376\/384
|-sideend|p1: Suicuninite|Stealth Rock|[from] move: Rapid Spin|[of] p1a: Tentacruel
|move|p2a: Golgotha|Thunderbolt|p1a: Tentacruel
|-supereffective|p1a: Tentacruel
|-damage|p1a: Tentacruel|33\/364
|-status|p1a: Tentacruel|par
|
|-heal|p2a: Golgotha|384\/384|[from] item: Leftovers
|-heal|p1a: Tentacruel|55\/364 par|[from] item: Black Sludge
|turn|6
|c|âSuicuninite|of course hahaha
|
|move|p2a: Golgotha|Thunderbolt|p1a: Tentacruel
|-supereffective|p1a: Tentacruel
|-damage|p1a: Tentacruel|0 fnt
|faint|p1a: Tentacruel
|
|c|âMaoenn|:\/
|
|switch|p1a: Charizard|Charizard, M|297\/297
|turn|7
|c| tiant|gotta go fast
|
|detailschange|p1a: Charizard|Charizard-Mega-Y, M
|message|Charizard has Mega Evolved into Mega Charizard!
|-weather|SunnyDay
|move|p1a: Charizard|Fire Blast|p2a: Golgotha
|-damage|p2a: Golgotha|5\/384
|move|p2a: Golgotha|Thunderbolt|p1a: Charizard
|-supereffective|p1a: Charizard
|-damage|p1a: Charizard|75\/297
|
|-weather|SunnyDay|[upkeep]
|-heal|p2a: Golgotha|29\/384|[from] item: Leftovers
|turn|8
|
|move|p1a: Charizard|Air Slash|p2a: Golgotha
|-resisted|p2a: Golgotha
|-damage|p2a: Golgotha|0 fnt
|faint|p2a: Golgotha
|
|-weather|SunnyDay|[upkeep]
|
|switch|p2a: FalconPawnch|Talonflame, F|298\/298
|turn|9
|
|move|p2a: FalconPawnch|Flare Blitz|p1a: Charizard
|-resisted|p1a: Charizard
|-damage|p1a: Charizard|0 fnt
|-damage|p2a: FalconPawnch|273\/298|[from] recoil|[of] p1a: Charizard
|faint|p1a: Charizard
|
|-weather|SunnyDay|[upkeep]
|
|switch|p1a: Landorus-Therian|Landorus-Therian, M|320\/320
|-ability|p1a: Landorus-Therian|Intimidate|[of] p2a: FalconPawnch
|-unboost|p2a: FalconPawnch|atk|1
|turn|10
|
|switch|p2a: Brume|Umbreon, M|394\/394
|move|p1a: Landorus-Therian|Stone Edge|p2a: Brume
|-damage|p2a: Brume|284\/394
|
|-weather|SunnyDay|[upkeep]
|-heal|p2a: Brume|308\/394|[from] item: Leftovers
|turn|11
|
|switch|p1a: Ferrothorn|Ferrothorn, M|352\/352
|move|p2a: Brume|Wish|p2a: Brume
|
|-weather|none
|-heal|p2a: Brume|332\/394|[from] item: Leftovers
|turn|12
|
|switch|p2a: FalconPawnch|Talonflame, F|273\/298
|move|p1a: Ferrothorn|Stealth Rock|p2a: FalconPawnch
|-sidestart|p2: Maoenn|move: Stealth Rock
|
|-heal|p2a: FalconPawnch|298\/298|[from] move: Wish|[wisher] Brume
|turn|13
|
|move|p2a: FalconPawnch|Flare Blitz|p1a: Ferrothorn
|-supereffective|p1a: Ferrothorn
|-damage|p1a: Ferrothorn|0 fnt
|-damage|p2a: FalconPawnch|261\/298|[from] ability: Iron Barbs|[of] p1a: Ferrothorn
|-damage|p2a: FalconPawnch|145\/298|[from] recoil|[of] p1a: Ferrothorn
|faint|p1a: Ferrothorn
|
|
|switch|p1a: Landorus-Therian|Landorus-Therian, M|320\/320
|-ability|p1a: Landorus-Therian|Intimidate|[of] p2a: FalconPawnch
|-unboost|p2a: FalconPawnch|atk|1
|turn|14
|
|move|p1a: Landorus-Therian|Stone Edge|p2a: FalconPawnch
|-supereffective|p2a: FalconPawnch
|-damage|p2a: FalconPawnch|0 fnt
|faint|p2a: FalconPawnch
|
|
|switch|p2a: Brume|Umbreon, M|332\/394
|-damage|p2a: Brume|283\/394|[from] Stealth Rock
|turn|15
|
|switch|p1a: Bisharp|Bisharp, M, shiny|272\/272
|move|p2a: Brume|Wish|p2a: Brume
|
|-heal|p2a: Brume|307\/394|[from] item: Leftovers
|turn|16
|
|move|p1a: Bisharp|Swords Dance|p1a: Bisharp
|-boost|p1a: Bisharp|atk|2
|move|p2a: Brume|Foul Play|p1a: Bisharp
|-resisted|p1a: Bisharp
|-damage|p1a: Bisharp|97\/272
|
|-heal|p2a: Brume|394\/394|[from] move: Wish|[wisher] Brume
|turn|17
|
|move|p1a: Bisharp|Iron Head|p2a: Brume
|-damage|p2a: Brume|12\/394
|-damage|p1a: Bisharp|70\/272|[from] item: Life Orb
|move|p2a: Brume|Foul Play|p1a: Bisharp
|-resisted|p1a: Bisharp
|-damage|p1a: Bisharp|0 fnt
|faint|p1a: Bisharp
|
|-heal|p2a: Brume|36\/394|[from] item: Leftovers
|
|switch|p1a: Landorus-Therian|Landorus-Therian, M|320\/320
|-ability|p1a: Landorus-Therian|Intimidate|[of] p2a: Brume
|-unboost|p2a: Brume|atk|1
|turn|18
|
|move|p2a: Brume|Protect|p2a: Brume
|-singleturn|p2a: Brume|Protect
|move|p1a: Landorus-Therian|U-turn|p2a: Brume
|-activate|p2a: Brume|Protect
|
|-heal|p2a: Brume|60\/394|[from] item: Leftovers
|turn|19
|c| tiant|you sure hate using azumarill
|
|move|p1a: Landorus-Therian|U-turn|p2a: Brume
|-supereffective|p2a: Brume
|-damage|p2a: Brume|0 fnt
|faint|p2a: Brume
|
|switch|p1a: Azumarill|Azumarill, F|404\/404
|
|c|âSuicuninite|savin git
|c|âSuicuninite|saving it*
|
|switch|p2a: Issormir|Gyarados, F, shiny|332\/332
|-damage|p2a: Issormir|249\/332|[from] Stealth Rock
|-ability|p2a: Issormir|Intimidate|[of] p1a: Azumarill
|-unboost|p1a: Azumarill|atk|1
|turn|20
|c| tiant|thats a long save
|
|move|p2a: Issormir|Ice Fang|p1a: Azumarill
|-resisted|p1a: Azumarill
|-damage|p1a: Azumarill|351\/404
|move|p1a: Azumarill|Belly Drum|p1a: Azumarill
|-damage|p1a: Azumarill|149\/404
|-setboost|p1a: Azumarill|atk|6|[from] move: Belly Drum
|-enditem|p1a: Azumarill|Sitrus Berry|[eat]
|-heal|p1a: Azumarill|250\/404|[from] item: Sitrus Berry
|
|turn|21
|
|detailschange|p2a: Issormir|Gyarados-Mega, F, shiny
|message|Gyarados has Mega Evolved into Mega Gyarados!
|-ability|p2a: Issormir|Mold Breaker
|move|p2a: Issormir|Earthquake|p1a: Azumarill
|-damage|p1a: Azumarill|72\/404
|move|p1a: Azumarill|Play Rough|p2a: Issormir
|-supereffective|p2a: Issormir
|-damage|p2a: Issormir|0 fnt
|faint|p2a: Issormir
|
|
|switch|p2a: Nobunaga|Greninja, M, shiny|286\/286
|-damage|p2a: Nobunaga|251\/286|[from] Stealth Rock
|turn|22
|c|âSuicuninite|paid off
|
|move|p1a: Azumarill|Aqua Jet|p2a: Nobunaga
|-resisted|p2a: Nobunaga
|-damage|p2a: Nobunaga|5\/286
|move|p2a: Nobunaga|Hydro Pump|p1a: Azumarill
|-start|p2a: Nobunaga|typechange|Water|[from] Protean
|-resisted|p1a: Azumarill
|-damage|p1a: Azumarill|0 fnt
|-damage|p2a: Nobunaga|0 fnt|[from] item: Life Orb
|faint|p1a: Azumarill
|faint|p2a: Nobunaga
|
|win|Suicuninite
|raw|Ladder updating...
|raw|Suicuninite's rating: 1440 &rarr; <strong>1459<\/strong><br \/>(+19 for winning)
|raw|Maoenn's rating: 1415 &rarr; <strong>1397<\/strong><br \/>(-18 for losing)
|c|âSuicuninite|gg
|c| tiant|lol