|join|Suicuninite
|join|Aggron
|player|p1|Suicuninite|92
|player|p2|Aggron|2
|gametype|singles
|gen|6
|tier|OU
|rated
|clearpoke
|poke|p1|Landorus-Therian, M
|poke|p1|Charizard, M
|poke|p1|Tentacruel, M
|poke|p1|Ferrothorn, M
|poke|p1|Azumarill, F
|poke|p1|Bisharp, M, shiny
|poke|p2|Scizor, F
|poke|p2|Rotom-Wash
|poke|p2|Talonflame, M
|poke|p2|Whimsicott, F
|poke|p2|Mienshao, M
|poke|p2|Zoroark, F
|rule|Sleep Clause Mod: Limit one foe put to sleep
|rule|Species Clause: Limit one of each Pokemon
|rule|OHKO Clause: OHKO moves are banned
|rule|Moody Clause: Moody is banned
|rule|Evasion Moves Clause: Evasion moves are banned
|rule|Endless Battle Clause: Forcing endless battles is banned.
|rule|HP Percentage Mod: HP is reported as percentages
|teampreview
|chat|Aggron|oh man
|join|Selcouth
|chat|Aggron|what an enjoyable team im facing
|chat|Suicuninite|ahaha
|
|start
|switch|p1a: Landorus-Therian|Landorus-Therian, M|320\/320
|switch|p2a: Rotom-Wash|Rotom-Wash|304\/304
|-ability|p1a: Landorus-Therian|Intimidate|[of] p2a: Rotom-Wash
|-unboost|p2a: Rotom-Wash|atk|1
|turn|1
|
|move|p1a: Landorus-Therian|U-turn|p2a: Rotom-Wash
|-damage|p2a: Rotom-Wash|211\/304
|
|switch|p1a: Tentacruel|Tentacruel, M|364\/364
|move|p2a: Rotom-Wash|Volt Switch|p1a: Tentacruel
|-supereffective|p1a: Tentacruel
|-damage|p1a: Tentacruel|256\/364
|chat|Aggron|hmm
|
|switch|p2a: Whimsicott|Whimsicott, F|324\/324
|
|-heal|p1a: Tentacruel|278\/364|[from] item: Black Sludge
|turn|2
|
|switch|p1a: Ferrothorn|Ferrothorn, M|352\/352
|move|p2a: Whimsicott|U-turn|p1a: Ferrothorn
|-damage|p1a: Ferrothorn|326\/352
|-damage|p2a: Whimsicott|284\/324|[from] ability: Iron Barbs|[of] p1a: Ferrothorn
|
|switch|p2a: Mienshao|Mienshao, M|271\/271
|
|-heal|p1a: Ferrothorn|348\/352|[from] item: Leftovers
|turn|3
|
|switch|p1a: Landorus-Therian|Landorus-Therian, M|320\/320
|-ability|p1a: Landorus-Therian|Intimidate|[of] p2a: Mienshao
|-unboost|p2a: Mienshao|atk|1
|move|p2a: Mienshao|High Jump Kick|p1a: Landorus-Therian
|-resisted|p1a: Landorus-Therian
|-damage|p1a: Landorus-Therian|211\/320
|-damage|p2a: Mienshao|244\/271|[from] item: Life Orb
|
|turn|4
|
|switch|p2a: Rotom-Wash|Rotom-Wash|211\/304
|move|p1a: Landorus-Therian|Earthquake|p2a: Rotom-Wash
|-immune|p2a: Rotom-Wash|[msg]
|
|-heal|p2a: Rotom-Wash|230\/304|[from] item: Leftovers
|turn|5
|chat|Aggron|knew it
|
|switch|p1a: Ferrothorn|Ferrothorn, M|348\/352
|move|p2a: Rotom-Wash|Volt Switch|p1a: Ferrothorn
|-resisted|p1a: Ferrothorn
|-damage|p1a: Ferrothorn|317\/352
|
|switch|p2a: Whimsicott|Whimsicott, F|261\/261
|
|-heal|p1a: Ferrothorn|339\/352|[from] item: Leftovers
|turn|6
|
|move|p2a: Whimsicott|Flamethrower|p1a: Ferrothorn
|-crit|p1a: Ferrothorn
|-supereffective|p1a: Ferrothorn
|-damage|p1a: Ferrothorn|0 fnt
|faint|p1a: Ferrothorn
|
|chat|Aggron|EHAHAHAHA
|chat|Selcouth|hahaha
|chat|Selcouth|it even rused me
|chat|Suicuninite|Fucking zoroark man.
|chat|Aggron|thought you would gyro ball nigga
|
|switch|p1a: Landorus-Therian|Landorus-Therian, M|211\/320
|-ability|p1a: Landorus-Therian|Intimidate|[of] p2a: Whimsicott
|-unboost|p2a: Whimsicott|atk|1
|turn|7
|
|switch|p2a: Scizor|Scizor, F|343\/343
|move|p1a: Landorus-Therian|U-turn|p2a: Scizor
|-resisted|p2a: Scizor
|-damage|p2a: Scizor|308\/343
|
|switch|p1a: Charizard|Charizard, M|297\/297
|
|turn|8
|
|detailschange|p1a: Charizard|Charizard-Mega-Y, M
|message|Charizard has Mega Evolved into Mega Charizard!
|-weather|SunnyDay
|detailschange|p2a: Scizor|Scizor-Mega, F
|message|Scizor has Mega Evolved into Mega Scizor!
|move|p1a: Charizard|Fire Blast|p2a: Scizor
|-supereffective|p2a: Scizor
|-damage|p2a: Scizor|0 fnt
|faint|p2a: Scizor
|
|-weather|SunnyDay|[upkeep]
|chat|Aggron|yolo
|chat|Aggron|damn
|chat|Aggron|hmm
|
|switch|p2a: Rotom-Wash|Rotom-Wash|230\/304
|turn|9
|
|switch|p2a: Whimsicott|Whimsicott, F|284\/324
|move|p1a: Charizard|Solar Beam|p2a: Whimsicott|[still]
|-prepare|p1a: Charizard|Solar Beam|p2a: Whimsicott
|-anim|p1a: Charizard|Solar Beam|p2a: Whimsicott
|-resisted|p2a: Whimsicott
|-damage|p2a: Whimsicott|170\/324
|
|-weather|SunnyDay|[upkeep]
|-heal|p2a: Whimsicott|190\/324|[from] item: Leftovers
|turn|10
|
|switch|p1a: Tentacruel|Tentacruel, M|278\/364
|move|p2a: Whimsicott|Stun Spore|p1a: Tentacruel
|-status|p1a: Tentacruel|par
|
|-weather|SunnyDay|[upkeep]
|-heal|p2a: Whimsicott|210\/324|[from] item: Leftovers
|-heal|p1a: Tentacruel|300\/364 par|[from] item: Black Sludge
|turn|11
|
|move|p2a: Whimsicott|U-turn|p1a: Tentacruel
|-resisted|p1a: Tentacruel
|-damage|p1a: Tentacruel|271\/364 par
|
|switch|p2a: Rotom-Wash|Rotom-Wash|230\/304
|move|p1a: Tentacruel|Toxic|p2a: Rotom-Wash
|-status|p2a: Rotom-Wash|tox
|
|-weather|SunnyDay|[upkeep]
|-heal|p2a: Rotom-Wash|249\/304 tox|[from] item: Leftovers
|-heal|p1a: Tentacruel|293\/364 par|[from] item: Black Sludge
|-damage|p2a: Rotom-Wash|230\/304 tox|[from] psn
|turn|12
|
|cant|p1a: Tentacruel|par
|move|p2a: Rotom-Wash|Volt Switch|p1a: Tentacruel
|-supereffective|p1a: Tentacruel
|-damage|p1a: Tentacruel|185\/364 par
|
|switch|p2a: Mienshao|Mienshao, M|271\/271
|
|-weather|none
|-heal|p1a: Tentacruel|207\/364 par|[from] item: Black Sludge
|turn|13
|
|move|p1a: Tentacruel|Protect|p1a: Tentacruel
|-singleturn|p1a: Tentacruel|Protect
|move|p2a: Mienshao|Swords Dance|p2a: Mienshao
|-boost|p2a: Mienshao|atk|2
|
|-heal|p1a: Tentacruel|229\/364 par|[from] item: Black Sludge
|turn|14
|
|move|p2a: Mienshao|High Jump Kick|p1a: Tentacruel
|-resisted|p1a: Tentacruel
|-damage|p1a: Tentacruel|0 fnt
|-damage|p2a: Mienshao|244\/271|[from] item: Life Orb
|faint|p1a: Tentacruel
|
|
|switch|p1a: Landorus-Therian|Landorus-Therian, M|211\/320
|-ability|p1a: Landorus-Therian|Intimidate|[of] p2a: Mienshao
|-unboost|p2a: Mienshao|atk|1
|turn|15
|
|switch|p2a: Rotom-Wash|Rotom-Wash|230\/304 tox
|move|p1a: Landorus-Therian|Earthquake|p2a: Rotom-Wash
|-immune|p2a: Rotom-Wash|[msg]
|
|-heal|p2a: Rotom-Wash|249\/304 tox|[from] item: Leftovers
|-damage|p2a: Rotom-Wash|230\/304 tox|[from] psn
|turn|16
|chat|Selcouth|man
|chat|Suicuninite|couldnt risk it
|chat|Selcouth|faffing about on here isnt quite as fun anymore
|
|move|p1a: Landorus-Therian|Earthquake|p2a: Rotom-Wash
|-immune|p2a: Rotom-Wash|[msg]
|move|p2a: Rotom-Wash|Volt Switch|p1a: Landorus-Therian
|-immune|p1a: Landorus-Therian|[msg]
|
|-heal|p2a: Rotom-Wash|249\/304 tox|[from] item: Leftovers
|-damage|p2a: Rotom-Wash|211\/304 tox|[from] psn
|turn|17
|chat|Selcouth|because we're not in the absolute marana trench of the ladder
|chat|Selcouth|no retards or shit-talkers to heckle
|chat|Aggron|yeah no more retards
|
|switch|p1a: Charizard|Charizard-Mega-Y, M|297\/297
|-weather|SunnyDay
|move|p2a: Rotom-Wash|Volt Switch|p1a: Charizard
|-supereffective|p1a: Charizard
|-damage|p1a: Charizard|139\/297
|
|switch|p2a: Mienshao|Mienshao, M|271\/271
|
|-weather|SunnyDay|[upkeep]
|turn|18
|
|move|p2a: Mienshao|High Jump Kick|p1a: Charizard
|-resisted|p1a: Charizard
|-damage|p1a: Charizard|0 fnt
|-damage|p2a: Mienshao|244\/271|[from] item: Life Orb
|faint|p1a: Charizard
|
|-weather|SunnyDay|[upkeep]
|
|switch|p1a: Landorus-Therian|Landorus-Therian, M|211\/320
|-ability|p1a: Landorus-Therian|Intimidate|[of] p2a: Mienshao
|-unboost|p2a: Mienshao|atk|1
|turn|19
|
|move|p1a: Landorus-Therian|U-turn|p2a: Mienshao
|-resisted|p2a: Mienshao
|-damage|p2a: Mienshao|170\/271
|chat|Aggron|man
|chat|Suicuninite|i hate my life
|chat|Aggron|im so good
|chat|Suicuninite|...lol
|
|switch|p1a: Bisharp|Bisharp, M, shiny|272\/272
|move|p2a: Mienshao|U-turn|p1a: Bisharp
|-damage|p1a: Bisharp|203\/272
|-damage|p2a: Mienshao|143\/271|[from] item: Life Orb
|chat|Aggron|why did it take this long
|chat|Aggron|to make my volturn
|
|switch|p2a: Whimsicott|Whimsicott, F|261\/261
|
|-weather|SunnyDay|[upkeep]
|turn|20
|
|switch|p1a: Azumarill|Azumarill, F|340\/340
|move|p2a: Whimsicott|Flamethrower|p1a: Azumarill
|-resisted|p1a: Azumarill
|-damage|p1a: Azumarill|211\/340
|
|-weather|SunnyDay|[upkeep]
|turn|21
|
|switch|p2a: Whimsicott|Whimsicott, F|210\/324
|move|p1a: Azumarill|Belly Drum|p1a: Azumarill
|-damage|p1a: Azumarill|41\/340
|-setboost|p1a: Azumarill|atk|6|[from] move: Belly Drum
|-enditem|p1a: Azumarill|Sitrus Berry|[eat]
|-heal|p1a: Azumarill|126\/340|[from] item: Sitrus Berry
|
|-weather|none
|-heal|p2a: Whimsicott|230\/324|[from] item: Leftovers
|turn|22
|chat|Aggron|CALLED IT
|chat|Selcouth|kek
|chat|Aggron|AHAHAHA
|chat|Suicuninite|good for you?
|
|move|p2a: Whimsicott|Encore|p1a: Azumarill
|-start|p1a: Azumarill|Encore
|move|p1a: Azumarill|Belly Drum|p1a: Azumarill
|-fail|p1a: Azumarill
|
|-heal|p2a: Whimsicott|250\/324|[from] item: Leftovers
|turn|23
|chat|Suicuninite|you are one arrogant son of a bitch
|chat|Aggron|hehehe
|chat|Suicuninite|gg i guess?
|-message|Suicuninite forfeited.
|
|win|Aggron
|raw|Ladder updating...
|leave|Suicuninite
|player|p1
|chat|Aggron|yes the heckle is now
|raw|Suicuninite's rating: 1573 &rarr; <strong>1556<\/strong><br \/>(-17 for losing)
|raw|Aggron's rating: 1631 &rarr; <strong>1648<\/strong><br \/>(+17 for winning)
|chat|Aggron|man
|chat|Aggron|im saving this