|join|dtw
|join|Suicuninite
|player|p1|dtw|101
|player|p2|Suicuninite|92
|gametype|singles
|gen|6
|tier|OU
|rated
|clearpoke
|poke|p1|Breloom, F
|poke|p1|Keldeo
|poke|p1|Dugtrio, M
|poke|p1|Scizor, F
|poke|p1|Heatran, M
|poke|p1|Latios, M
|poke|p2|Landorus-Therian, M
|poke|p2|Charizard, M
|poke|p2|Tentacruel, M
|poke|p2|Ferrothorn, M
|poke|p2|Azumarill, F
|poke|p2|Bisharp, M, shiny
|rule|Sleep Clause Mod: Limit one foe put to sleep
|rule|Species Clause: Limit one of each Pokemon
|rule|OHKO Clause: OHKO moves are banned
|rule|Moody Clause: Moody is banned
|rule|Evasion Moves Clause: Evasion moves are banned
|rule|Endless Battle Clause: Forcing endless battles is banned.
|rule|HP Percentage Mod: HP is reported as percentages
|teampreview
|
|start
|switch|p1a: Heatran|Heatran, M|323\/323
|switch|p2a: Landorus-Therian|Landorus-Therian, M|320\/320
|-ability|p2a: Landorus-Therian|Intimidate|[of] p1a: Heatran
|-unboost|p1a: Heatran|atk|1
|-item|p1a: Heatran|Air Balloon
|turn|1
|
|move|p2a: Landorus-Therian|U-turn|p1a: Heatran
|-resisted|p1a: Heatran
|-damage|p1a: Heatran|302\/323
|-enditem|p1a: Heatran|Air Balloon
|
|switch|p2a: Tentacruel|Tentacruel, M|364\/364
|move|p1a: Heatran|Stealth Rock|p2a: Tentacruel
|-sidestart|p2: Suicuninite|move: Stealth Rock
|
|turn|2
|
|move|p2a: Tentacruel|Rapid Spin|p1a: Heatran
|-resisted|p1a: Heatran
|-damage|p1a: Heatran|297\/323
|-sideend|p2: Suicuninite|Stealth Rock|[from] move: Rapid Spin|[of] p2a: Tentacruel
|move|p1a: Heatran|Roar|p2a: Tentacruel
|drag|p2a: Landorus-Therian|Landorus-Therian, M|320\/320
|-ability|p2a: Landorus-Therian|Intimidate|[of] p1a: Heatran
|-unboost|p1a: Heatran|atk|1
|
|turn|3
|
|switch|p1a: Latios|Latios, M|301\/301
|move|p2a: Landorus-Therian|U-turn|p1a: Latios
|-supereffective|p1a: Latios
|-damage|p1a: Latios|69\/301
|
|switch|p2a: Bisharp|Bisharp, M, shiny|272\/272
|
|turn|4
|
|move|p2a: Bisharp|Sucker Punch|p1a: Latios
|-supereffective|p1a: Latios
|-damage|p1a: Latios|0 fnt
|-damage|p2a: Bisharp|245\/272|[from] item: Life Orb
|faint|p1a: Latios
|
|
|switch|p1a: Heatran|Heatran, M|297\/323
|turn|5
|
|switch|p2a: Tentacruel|Tentacruel, M|364\/364
|move|p1a: Heatran|Lava Plume|p2a: Tentacruel
|-resisted|p2a: Tentacruel
|-damage|p2a: Tentacruel|332\/364
|
|-heal|p2a: Tentacruel|354\/364|[from] item: Black Sludge
|turn|6
|
|move|p1a: Heatran|Stealth Rock|p2a: Tentacruel
|-sidestart|p2: Suicuninite|move: Stealth Rock
|move|p2a: Tentacruel|Scald|p1a: Heatran
|-supereffective|p1a: Heatran
|-damage|p1a: Heatran|141\/323
|
|-heal|p2a: Tentacruel|364\/364|[from] item: Black Sludge
|turn|7
|
|move|p1a: Heatran|Lava Plume|p2a: Tentacruel
|-resisted|p2a: Tentacruel
|-damage|p2a: Tentacruel|330\/364
|move|p2a: Tentacruel|Rapid Spin|p1a: Heatran
|-resisted|p1a: Heatran
|-damage|p1a: Heatran|136\/323
|-sideend|p2: Suicuninite|Stealth Rock|[from] move: Rapid Spin|[of] p2a: Tentacruel
|
|-heal|p2a: Tentacruel|352\/364|[from] item: Black Sludge
|turn|8
|
|move|p1a: Heatran|Lava Plume|p2a: Tentacruel
|-resisted|p2a: Tentacruel
|-damage|p2a: Tentacruel|320\/364
|-status|p2a: Tentacruel|brn
|move|p2a: Tentacruel|Scald|p1a: Heatran
|-supereffective|p1a: Heatran
|-damage|p1a: Heatran|0 fnt
|faint|p1a: Heatran
|
|-heal|p2a: Tentacruel|342\/364 brn|[from] item: Black Sludge
|-damage|p2a: Tentacruel|297\/364 brn|[from] brn
|
|switch|p1a: Dugtrio|Dugtrio, M|211\/211
|turn|9
|
|move|p1a: Dugtrio|Earthquake|p2a: Tentacruel
|-supereffective|p2a: Tentacruel
|-damage|p2a: Tentacruel|0 fnt
|faint|p2a: Tentacruel
|
|chat|Suicuninite|balls
|chat|dtw|i wish i still had sr though
|
|switch|p2a: Azumarill|Azumarill, F|404\/404
|turn|10
|
|move|p1a: Dugtrio|Earthquake|p2a: Azumarill
|-damage|p2a: Azumarill|254\/404
|move|p2a: Azumarill|Play Rough|p1a: Dugtrio
|-crit|p1a: Dugtrio
|-enditem|p1a: Dugtrio|Focus Sash
|-damage|p1a: Dugtrio|1\/211
|
|turn|11
|join|OptimusRhymes
|
|move|p2a: Azumarill|Aqua Jet|p1a: Dugtrio
|-supereffective|p1a: Dugtrio
|-damage|p1a: Dugtrio|0 fnt
|faint|p1a: Dugtrio
|
|
|switch|p1a: Breloom|Breloom, F|261\/261
|turn|12
|leave|OptimusRhymes
|
|switch|p2a: Ferrothorn|Ferrothorn, M|352\/352
|move|p1a: Breloom|Bullet Seed|p2a: Ferrothorn
|-resisted|p2a: Ferrothorn
|-damage|p2a: Ferrothorn|338\/352
|-resisted|p2a: Ferrothorn
|-damage|p2a: Ferrothorn|321\/352
|-hitcount|p2a: Ferrothorn|2
|-damage|p1a: Breloom|235\/261|[from] item: Life Orb
|
|-heal|p2a: Ferrothorn|343\/352|[from] item: Leftovers
|turn|13
|
|switch|p1a: Keldeo|Keldeo|323\/323
|move|p2a: Ferrothorn|Thunder Wave|p1a: Keldeo
|-status|p1a: Keldeo|par
|
|-heal|p2a: Ferrothorn|352\/352|[from] item: Leftovers
|turn|14
|
|switch|p2a: Azumarill|Azumarill, F|254\/404
|move|p1a: Keldeo|Secret Sword|p2a: Azumarill
|-resisted|p2a: Azumarill
|-damage|p2a: Azumarill|137\/404
|-damage|p1a: Keldeo|291\/323 par|[from] item: Life Orb
|-enditem|p2a: Azumarill|Sitrus Berry|[eat]
|-heal|p2a: Azumarill|238\/404|[from] item: Sitrus Berry
|
|turn|15
|
|move|p2a: Azumarill|Play Rough|p1a: Keldeo|[miss]
|-miss|p2a: Azumarill|p1a: Keldeo
|move|p1a: Keldeo|Hydro Pump|p2a: Azumarill
|-resisted|p2a: Azumarill
|-damage|p2a: Azumarill|81\/404
|-damage|p1a: Keldeo|259\/323 par|[from] item: Life Orb
|
|turn|16
|
|move|p2a: Azumarill|Play Rough|p1a: Keldeo
|-supereffective|p1a: Keldeo
|-damage|p1a: Keldeo|0 fnt
|faint|p1a: Keldeo
|
|
|switch|p1a: Breloom|Breloom, F|235\/261
|turn|17
|
|move|p2a: Azumarill|Aqua Jet|p1a: Breloom
|-resisted|p1a: Breloom
|-damage|p1a: Breloom|178\/261
|move|p1a: Breloom|Rock Tomb|p2a: Azumarill
|-damage|p2a: Azumarill|0 fnt
|-damage|p1a: Breloom|152\/261|[from] item: Life Orb
|faint|p2a: Azumarill
|
|
|switch|p2a: Ferrothorn|Ferrothorn, M|352\/352
|turn|18
|
|move|p1a: Breloom|Mach Punch|p2a: Ferrothorn
|-supereffective|p2a: Ferrothorn
|-damage|p2a: Ferrothorn|149\/352
|-damage|p1a: Breloom|120\/261|[from] ability: Iron Barbs|[of] p2a: Ferrothorn
|-damage|p1a: Breloom|94\/261|[from] item: Life Orb
|move|p2a: Ferrothorn|Thunder Wave|p1a: Breloom
|-status|p1a: Breloom|par
|
|-heal|p2a: Ferrothorn|171\/352|[from] item: Leftovers
|turn|19
|
|switch|p2a: Landorus-Therian|Landorus-Therian, M|320\/320
|-ability|p2a: Landorus-Therian|Intimidate|[of] p1a: Breloom
|-unboost|p1a: Breloom|atk|1
|move|p1a: Breloom|Spore|p2a: Landorus-Therian
|-status|p2a: Landorus-Therian|slp
|
|turn|20
|
|switch|p2a: Charizard|Charizard, M|297\/297
|move|p1a: Breloom|Rock Tomb|p2a: Charizard
|-supereffective|p2a: Charizard
|-damage|p2a: Charizard|0 fnt
|-damage|p1a: Breloom|68\/261 par|[from] item: Life Orb
|faint|p2a: Charizard
|
|chat|Suicuninite|fuck me man
|
|switch|p2a: Ferrothorn|Ferrothorn, M|171\/352
|turn|21
|chat|dtw|srry
|chat|Suicuninite|nah thats my fault
|
|cant|p1a: Breloom|par
|move|p2a: Ferrothorn|Gyro Ball|p1a: Breloom
|-damage|p1a: Breloom|17\/261 par
|
|-heal|p2a: Ferrothorn|193\/352|[from] item: Leftovers
|turn|22
|
|switch|p2a: Landorus-Therian|Landorus-Therian, M|320\/320 slp
|-ability|p2a: Landorus-Therian|Intimidate|[of] p1a: Breloom
|-unboost|p1a: Breloom|atk|1
|move|p1a: Breloom|Mach Punch|p2a: Landorus-Therian
|-resisted|p2a: Landorus-Therian
|-damage|p2a: Landorus-Therian|278\/320 slp
|-damage|p1a: Breloom|0 fnt|[from] item: Life Orb
|faint|p1a: Breloom
|
|
|switch|p1a: Scizor|Scizor, F|344\/344
|turn|23
|
|switch|p2a: Bisharp|Bisharp, M, shiny|245\/272
|detailschange|p1a: Scizor|Scizor-Mega, F
|message|Scizor has Mega Evolved into Mega Scizor!
|move|p1a: Scizor|Swords Dance|p1a: Scizor
|-boost|p1a: Scizor|atk|2
|
|turn|24
|
|move|p2a: Bisharp|Sucker Punch|p1a: Scizor
|-fail|p1a: Scizor
|move|p1a: Scizor|Swords Dance|p1a: Scizor
|-boost|p1a: Scizor|atk|2
|
|turn|25
|
|move|p2a: Bisharp|Knock Off|p1a: Scizor
|-damage|p1a: Scizor|218\/344
|-damage|p2a: Bisharp|218\/272|[from] item: Life Orb
|move|p1a: Scizor|Swords Dance|p1a: Scizor
|-boost|p1a: Scizor|atk|2
|
|turn|26
|
|move|p2a: Bisharp|Sucker Punch|p1a: Scizor
|-fail|p1a: Scizor
|move|p1a: Scizor|Roost|p1a: Scizor
|-heal|p1a: Scizor|344\/344
|
|turn|27
|
|move|p2a: Bisharp|Sucker Punch|p1a: Scizor
|-fail|p1a: Scizor
|move|p1a: Scizor|Swords Dance|p1a: Scizor
|-fail|p1a: Scizor
|
|turn|28
|chat|Suicuninite|just attack dude you fucking won
|
|move|p2a: Bisharp|Sucker Punch|p1a: Scizor
|-damage|p1a: Scizor|187\/344
|-damage|p2a: Bisharp|191\/272|[from] item: Life Orb
|move|p1a: Scizor|Bug Bite|p2a: Bisharp
|-damage|p2a: Bisharp|0 fnt
|faint|p2a: Bisharp
|
|
|switch|p2a: Ferrothorn|Ferrothorn, M|193\/352
|turn|29
|chat|dtw|i thought i could get to +6
|chat|Suicuninite|you did.
|
|move|p1a: Scizor|Bug Bite|p2a: Ferrothorn
|-damage|p2a: Ferrothorn|0 fnt
|-damage|p1a: Scizor|144\/344|[from] ability: Iron Barbs|[of] p2a: Ferrothorn
|faint|p2a: Ferrothorn
|
|-message|Suicuninite forfeited.
|
|win|dtw
|raw|Ladder updating...
|leave|Suicuninite
|player|p2
|raw|dtw's rating: 1493 &rarr; <strong>1515<\/strong><br \/>(+22 for winning)
|raw|Suicuninite's rating: 1523 &rarr; <strong>1502<\/strong><br \/>(-21 for losing)