|join|Suicuninite
|join|MatiazV
|player|p1|Suicuninite|92
|player|p2|MatiazV|160
|gametype|singles
|gen|6
|tier|OU
|rated
|clearpoke
|poke|p1|Dragonite, F
|poke|p1|Mawile, F, shiny
|poke|p1|Tentacruel, M
|poke|p1|Latios, M, shiny
|poke|p1|Gliscor, M, shiny
|poke|p1|Infernape, M
|poke|p2|Aerodactyl, M
|poke|p2|Infernape, M
|poke|p2|Rotom-Wash
|poke|p2|Breloom, M
|poke|p2|Mawile, M
|poke|p2|Gengar, M
|rule|Sleep Clause Mod: Limit one foe put to sleep
|rule|Species Clause: Limit one of each Pokemon
|rule|OHKO Clause: OHKO moves are banned
|rule|Moody Clause: Moody is banned
|rule|Evasion Moves Clause: Evasion moves are banned
|rule|Endless Battle Clause: Forcing endless battles is banned.
|rule|HP Percentage Mod: HP is reported as percentages
|teampreview
|
|start
|switch|p1a: Infernape|Infernape, M|293\/293
|switch|p2a: Aerodactyl|Aerodactyl, M|301\/301
|-ability|p2a: Aerodactyl|Pressure
|turn|1
|chat|MatiazV|should Suicune have a Mega evo?
|chat|Suicuninite|i think it should
|
|switch|p1a: Gliscor|Gliscor, M, shiny|354\/354
|move|p2a: Aerodactyl|Stealth Rock|p1a: Gliscor
|-sidestart|p1: Suicuninite|move: Stealth Rock
|
|-status|p1a: Gliscor|tox|[from] item: Toxic Orb
|turn|2
|
|move|p2a: Aerodactyl|Taunt|p1a: Gliscor
|-start|p1a: Gliscor|move: Taunt
|cant|p1a: Gliscor|move: Taunt|Toxic
|
|turn|3
|
|switch|p2a: Gengar|Gengar, M|262\/262
|switch|p1a: Mawile|Mawile, F, shiny|304\/304
|-damage|p1a: Mawile|285\/304|[from] Stealth Rock
|-ability|p1a: Mawile|Intimidate|[of] p2a: Gengar
|-unboost|p2a: Gengar|atk|1
|
|turn|4
|
|switch|p2a: Breloom|Breloom, M|262\/262
|detailschange|p1a: Mawile|Mawile-Mega, F, shiny
|message|Mawile has Mega Evolved into Mega Mawile!
|move|p1a: Mawile|Iron Head|p2a: Breloom
|-damage|p2a: Breloom|0 fnt
|faint|p2a: Breloom
|
|chat|MatiazV|:(
|
|switch|p2a: Rotom-Wash|Rotom-Wash|241\/241
|turn|5
|chat|Suicuninite|:p
|
|switch|p1a: Tentacruel|Tentacruel, M|364\/364
|-damage|p1a: Tentacruel|319\/364|[from] Stealth Rock
|move|p2a: Rotom-Wash|Hydro Pump|p1a: Tentacruel
|-resisted|p1a: Tentacruel
|-damage|p1a: Tentacruel|256\/364
|
|-heal|p1a: Tentacruel|278\/364|[from] item: Leftovers
|turn|6
|
|move|p2a: Rotom-Wash|Thunderbolt|p1a: Tentacruel
|-supereffective|p1a: Tentacruel
|-damage|p1a: Tentacruel|86\/364
|move|p1a: Tentacruel|Rapid Spin|p2a: Rotom-Wash
|-damage|p2a: Rotom-Wash|231\/241
|-sideend|p1: Suicuninite|Stealth Rock|[from] move: Rapid Spin|[of] p1a: Tentacruel
|
|-heal|p2a: Rotom-Wash|241\/241|[from] item: Leftovers
|-heal|p1a: Tentacruel|108\/364|[from] item: Leftovers
|turn|7
|
|move|p1a: Tentacruel|Protect|p1a: Tentacruel
|-singleturn|p1a: Tentacruel|Protect
|move|p2a: Rotom-Wash|Volt Switch|p1a: Tentacruel
|-activate|p1a: Tentacruel|Protect
|
|-heal|p1a: Tentacruel|130\/364|[from] item: Leftovers
|turn|8
|
|move|p2a: Rotom-Wash|Volt Switch|p1a: Tentacruel
|-supereffective|p1a: Tentacruel
|-damage|p1a: Tentacruel|0 fnt
|faint|p1a: Tentacruel
|
|switch|p2a: Aerodactyl|Aerodactyl, M|301\/301
|-ability|p2a: Aerodactyl|Pressure
|
|
|switch|p1a: Dragonite|Dragonite, F|324\/324
|turn|9
|
|move|p2a: Aerodactyl|Taunt|p1a: Dragonite
|-start|p1a: Dragonite|move: Taunt
|cant|p1a: Dragonite|move: Taunt|Dragon Dance
|
|turn|10
|
|move|p2a: Aerodactyl|Stealth Rock|p1a: Dragonite
|-sidestart|p1: Suicuninite|move: Stealth Rock
|move|p1a: Dragonite|Dragon Claw|p2a: Aerodactyl
|-crit|p2a: Aerodactyl
|-enditem|p2a: Aerodactyl|Focus Sash
|-damage|p2a: Aerodactyl|1\/301
|
|turn|11
|
|move|p1a: Dragonite|Extreme Speed|p2a: Aerodactyl
|-resisted|p2a: Aerodactyl
|-damage|p2a: Aerodactyl|0 fnt
|faint|p2a: Aerodactyl
|
|-end|p1a: Dragonite|move: Taunt
|
|switch|p2a: Gengar|Gengar, M|262\/262
|turn|12
|
|move|p2a: Gengar|Hidden Power|p1a: Dragonite
|-supereffective|p1a: Dragonite
|-damage|p1a: Dragonite|188\/324
|move|p1a: Dragonite|Dragon Dance|p1a: Dragonite
|-boost|p1a: Dragonite|atk|1
|-boost|p1a: Dragonite|spe|1
|
|turn|13
|
|move|p2a: Gengar|Hidden Power|p1a: Dragonite
|-supereffective|p1a: Dragonite
|-damage|p1a: Dragonite|0 fnt
|faint|p1a: Dragonite
|
|chat|Suicuninite|scarfed gengar? thats new
|chat|MatiazV|:o!
|
|switch|p1a: Infernape|Infernape, M|293\/293
|-damage|p1a: Infernape|257\/293|[from] Stealth Rock
|turn|14
|chat|MatiazV|not as new a Suicunite :P
|chat|Suicuninite|true xD
|
|switch|p2a: Infernape|Infernape, M|293\/293
|move|p1a: Infernape|U-turn|p2a: Infernape
|-resisted|p2a: Infernape
|-damage|p2a: Infernape|270\/293
|
|switch|p1a: Latios|Latios, M, shiny|302\/302
|-damage|p1a: Latios|265\/302|[from] Stealth Rock
|
|turn|15
|
|switch|p2a: Mawile|Mawile, M|304\/304
|-ability|p2a: Mawile|Intimidate|[of] p1a: Latios
|-unboost|p1a: Latios|atk|1
|move|p1a: Latios|Psyshock|p2a: Mawile
|-resisted|p2a: Mawile
|-damage|p2a: Mawile|195\/304
|-damage|p1a: Latios|235\/302|[from] item: Life Orb
|
|turn|16
|
|switch|p1a: Gliscor|Gliscor, M, shiny|354\/354 tox
|-damage|p1a: Gliscor|310\/354 tox|[from] Stealth Rock
|detailschange|p2a: Mawile|Mawile-Mega, M
|message|Mawile has Mega Evolved into Mega Mawile!
|move|p2a: Mawile|Swords Dance|p2a: Mawile
|-boost|p2a: Mawile|atk|2
|
|-heal|p1a: Gliscor|354\/354 tox|[from] ability: Poison Heal
|turn|17
|
|move|p1a: Gliscor|Earthquake|p2a: Mawile
|-supereffective|p2a: Mawile
|-damage|p2a: Mawile|1\/304
|move|p2a: Mawile|Play Rough|p1a: Gliscor
|-damage|p1a: Gliscor|0 fnt
|faint|p1a: Gliscor
|
|chat|MatiazV|:o lucky me
|
|switch|p1a: Mawile|Mawile-Mega, F, shiny|285\/304
|-damage|p1a: Mawile|266\/304|[from] Stealth Rock
|turn|18
|
|move|p1a: Mawile|Sucker Punch|p2a: Mawile
|-resisted|p2a: Mawile
|-damage|p2a: Mawile|0 fnt
|faint|p2a: Mawile
|
|chat|Suicuninite|and lucky me lol
|chat|MatiazV|is yours Jolly?
|chat|MatiazV|or speed tie?
|chat|Suicuninite|Nope, speed tie
|
|switch|p2a: Rotom-Wash|Rotom-Wash|241\/241
|turn|19
|
|move|p2a: Rotom-Wash|Will-O-Wisp|p1a: Mawile|[miss]
|-miss|p2a: Rotom-Wash|p1a: Mawile
|move|p1a: Mawile|Play Rough|p2a: Rotom-Wash
|-damage|p2a: Rotom-Wash|0 fnt
|faint|p2a: Rotom-Wash
|
|chat|MatiazV|:(
|chat|Suicuninite|lucky me twice
|
|switch|p2a: Infernape|Infernape, M|270\/293
|turn|20
|chat|Suicuninite|sorry about that :\/
|
|move|p2a: Infernape|Flare Blitz|p1a: Mawile
|-supereffective|p1a: Mawile
|-damage|p1a: Mawile|0 fnt
|-damage|p2a: Infernape|182\/293|[from] recoil|[of] p1a: Mawile
|faint|p1a: Mawile
|
|
|switch|p1a: Latios|Latios, M, shiny|235\/302
|-damage|p1a: Latios|198\/302|[from] Stealth Rock
|turn|21
|
|move|p1a: Latios|Psyshock|p2a: Infernape
|-supereffective|p2a: Infernape
|-damage|p2a: Infernape|0 fnt
|-damage|p1a: Latios|168\/302|[from] item: Life Orb
|faint|p2a: Infernape
|
|
|switch|p2a: Gengar|Gengar, M|262\/262
|turn|22
|chat|Suicuninite|looks like you've got this one, shoulda saved mawile
|
|move|p2a: Gengar|Shadow Ball|p1a: Latios
|-supereffective|p1a: Latios
|-damage|p1a: Latios|0 fnt
|faint|p1a: Latios
|
|
|switch|p1a: Infernape|Infernape, M|257\/293
|-damage|p1a: Infernape|221\/293|[from] Stealth Rock
|turn|23
|
|move|p2a: Gengar|Shadow Ball|p1a: Infernape
|-damage|p1a: Infernape|44\/293
|move|p1a: Infernape|Flare Blitz|p2a: Gengar
|-damage|p2a: Gengar|0 fnt
|-damage|p1a: Infernape|0 fnt|[from] recoil|[of] p2a: Gengar
|faint|p2a: Gengar
|faint|p1a: Infernape
|
|tie
|raw|Ladder updating...
|raw|Suicuninite's rating: 1515 &rarr; <strong>1514<\/strong><br \/>(-1 for tying)
|raw|MatiazV's rating: 1494 &rarr; <strong>1495<\/strong><br \/>(+1 for tying)
|chat|MatiazV|:O
|chat|Suicuninite|wow.
|chat|Suicuninite|thats... just... wow
|chat|MatiazV|I think I should record this
|chat|MatiazV|xD
|chat|Suicuninite|I've only tied once before
|chat|Suicuninite|Now, to be technical...
|chat|Suicuninite|Since I KO'd your pokemon before mine faints, TECHNICALLY I win that
|chat|Suicuninite|But thats neither here nor there :P
|chat|Suicuninite|GG man!
|chat|MatiazV|good game buddy
|chat|MatiazV|see you around
|chat|Suicuninite|see ya!
|leave|Suicuninite
|player|p1