|join|Suicuninite
|join|shenigami
|player|p1|Suicuninite|92
|player|p2|shenigami|92
|gametype|singles
|gen|6
|tier|OU
|clearpoke
|poke|p1|Charizard, M, shiny
|poke|p1|Skarmory, M
|poke|p1|Sylveon, F, shiny
|poke|p1|Breloom, M, shiny
|poke|p1|Rotom-Wash, shiny
|poke|p1|Latios, M, shiny
|poke|p2|Skarmory, M
|poke|p2|Chansey, F
|poke|p2|Aegislash, M
|poke|p2|Landorus, M
|poke|p2|Latios, M
|poke|p2|Kyurem-Black
|rule|Sleep Clause Mod: Limit one foe put to sleep
|rule|Species Clause: Limit one of each Pokemon
|rule|OHKO Clause: OHKO moves are banned
|rule|Moody Clause: Moody is banned
|rule|Evasion Moves Clause: Evasion moves are banned
|rule|Endless Battle Clause: Forcing endless battles is banned.
|rule|HP Percentage Mod: HP is reported as percentages
|teampreview
|join|Genesis7
|chat|Suicuninite|glhf dude
|join|Crasherrrr
|join|AwkwardCrobat
|join|aCept
|join|Honchkrow Hate
|join|Dr Dre Andre
|join|garura testing
|join|alldayeveryday
|chat|Suicuninite|this team already annoys me lmao... my test team vs this monstrosity
|join|cshue
|join|ethant077
|join|pfcbyam
|leave|garura testing
|chat|Genesis7|gl guys
|leave|Dr Dre Andre
|
|start
|switch|p1a: Rotom-Wash|Rotom-Wash, shiny|241\/241
|switch|p2a: Aegislash|Aegislash, M|324\/324
|turn|1
|
|switch|p2a: Latios|Latios, M|302\/302
|move|p1a: Rotom-Wash|Volt Switch|p2a: Latios
|-resisted|p2a: Latios
|-damage|p2a: Latios|251\/302
|join|Zenzo
|
|switch|p1a: Sylveon|Sylveon, F, shiny|394\/394
|
|turn|2
|join|PikavIDY
|
|switch|p2a: Chansey|Chansey, F|642\/642
|move|p1a: Sylveon|Wish|p1a: Sylveon
|
|turn|3
|join|ox the box
|chat|ox the box|gl guys
|
|switch|p1a: Skarmory|Skarmory, M|334\/334
|move|p2a: Chansey|Thunder Wave|p1a: Skarmory
|-status|p1a: Skarmory|par
|
|turn|4
|leave|ethant077
|join|Th3c14ym0r3
|join|mewtwow
|
|switch|p2a: Kyurem-Black|Kyurem-Black|392\/392
|-ability|p2a: Kyurem-Black|Teravolt
|move|p1a: Skarmory|Stealth Rock|p2a: Kyurem-Black
|-sidestart|p2: shenigami|move: Stealth Rock
|
|turn|5
|
|switch|p1a: Sylveon|Sylveon, F, shiny|394\/394
|move|p2a: Kyurem-Black|Fusion Bolt|p1a: Sylveon
|-damage|p1a: Sylveon|111\/394
|-damage|p2a: Kyurem-Black|353\/392|[from] item: Life Orb
|
|-heal|p1a: Sylveon|135\/394|[from] item: Leftovers
|turn|6
|leave|ox the box
|chat|Suicuninite|misclick, lol
|
|move|p1a: Sylveon|Protect|p1a: Sylveon
|-singleturn|p1a: Sylveon|Protect
|move|p2a: Kyurem-Black|Fusion Bolt|p1a: Sylveon
|-activate|p1a: Sylveon|Protect
|
|-heal|p1a: Sylveon|159\/394|[from] item: Leftovers
|turn|7
|chat|Crasherrrr|*misspay
|chat|Crasherrrr|play&
|chat|Suicuninite|no, misclick.
|
|switch|p2a: Chansey|Chansey, F|642\/642
|-damage|p2a: Chansey|562\/642|[from] Stealth Rock
|switch|p1a: Latios|Latios, M, shiny|302\/302
|
|turn|8
|
|switch|p1a: Rotom-Wash|Rotom-Wash, shiny|241\/241
|move|p2a: Chansey|Thunder Wave|p1a: Rotom-Wash
|-fail|p1a: Rotom-Wash
|
|turn|9
|chat|Zenzo|either way you have like no switch ins for kyurem-b
|leave|aCept
|
|move|p1a: Rotom-Wash|Trick|p2a: Chansey
|-activate|p1a: Rotom-Wash|move: Trick|[of] p2a: Chansey
|-item|p2a: Chansey|Choice Scarf|[from] move: Trick
|-item|p1a: Rotom-Wash|Eviolite|[from] move: Trick
|move|p2a: Chansey|Seismic Toss|p1a: Rotom-Wash
|-damage|p1a: Rotom-Wash|141\/241
|
|turn|10
|
|move|p1a: Rotom-Wash|Volt Switch|p2a: Chansey
|-damage|p2a: Chansey|475\/642
|
|switch|p1a: Sylveon|Sylveon, F, shiny|159\/394
|move|p2a: Chansey|Seismic Toss|p1a: Sylveon
|-damage|p1a: Sylveon|59\/394
|
|-heal|p1a: Sylveon|83\/394|[from] item: Leftovers
|turn|11
|
|move|p1a: Sylveon|Protect|p1a: Sylveon
|-singleturn|p1a: Sylveon|Protect
|move|p2a: Chansey|Seismic Toss|p1a: Sylveon
|-activate|p1a: Sylveon|Protect
|
|-heal|p1a: Sylveon|107\/394|[from] item: Leftovers
|turn|12
|
|move|p2a: Chansey|Seismic Toss|p1a: Sylveon
|-damage|p1a: Sylveon|7\/394
|move|p1a: Sylveon|Wish|p1a: Sylveon
|
|-heal|p1a: Sylveon|31\/394|[from] item: Leftovers
|turn|13
|
|switch|p2a: Landorus|Landorus, M|320\/320
|-damage|p2a: Landorus|280\/320|[from] Stealth Rock
|move|p1a: Sylveon|Protect|p1a: Sylveon
|-fail|p1a: Sylveon
|
|-heal|p1a: Sylveon|228\/394|[from] move: Wish|[wisher] Sylveon
|-heal|p1a: Sylveon|252\/394|[from] item: Leftovers
|turn|14
|
|move|p2a: Landorus|Sludge Wave|p1a: Sylveon
|-supereffective|p1a: Sylveon
|-damage|p1a: Sylveon|26\/394
|move|p1a: Sylveon|Wish|p1a: Sylveon
|
|-heal|p1a: Sylveon|50\/394|[from] item: Leftovers
|turn|15
|
|move|p1a: Sylveon|Protect|p1a: Sylveon
|-singleturn|p1a: Sylveon|Protect
|move|p2a: Landorus|Sludge Wave|p1a: Sylveon
|-activate|p1a: Sylveon|Protect
|
|-heal|p1a: Sylveon|247\/394|[from] move: Wish|[wisher] Sylveon
|-heal|p1a: Sylveon|271\/394|[from] item: Leftovers
|turn|16
|
|switch|p1a: Skarmory|Skarmory, M|334\/334 par
|move|p2a: Landorus|Sludge Wave|p1a: Skarmory
|-immune|p1a: Skarmory|[msg]
|
|turn|17
|
|switch|p2a: Skarmory|Skarmory, M|334\/334
|-damage|p2a: Skarmory|293\/334|[from] Stealth Rock
|move|p1a: Skarmory|Whirlwind|p2a: Skarmory
|drag|p2a: Latios|Latios, M|251\/302
|-damage|p2a: Latios|214\/302|[from] Stealth Rock
|
|turn|18
|
|switch|p1a: Sylveon|Sylveon, F, shiny|271\/394
|move|p2a: Latios|Surf|p1a: Sylveon
|-damage|p1a: Sylveon|189\/394
|-damage|p2a: Latios|184\/302|[from] item: Life Orb
|
|-heal|p1a: Sylveon|213\/394|[from] item: Leftovers
|turn|19
|leave|Honchkrow Hate
|
|switch|p2a: Chansey|Chansey, F|475\/642
|-damage|p2a: Chansey|395\/642|[from] Stealth Rock
|move|p1a: Sylveon|Wish|p1a: Sylveon
|
|-heal|p1a: Sylveon|237\/394|[from] item: Leftovers
|turn|20
|
|move|p1a: Sylveon|Protect|p1a: Sylveon
|-singleturn|p1a: Sylveon|Protect
|move|p2a: Chansey|Seismic Toss|p1a: Sylveon
|-activate|p1a: Sylveon|Protect
|
|-heal|p1a: Sylveon|394\/394|[from] move: Wish|[wisher] Sylveon
|turn|21
|
|move|p2a: Chansey|Seismic Toss|p1a: Sylveon
|-damage|p1a: Sylveon|294\/394
|move|p1a: Sylveon|Wish|p1a: Sylveon
|
|-heal|p1a: Sylveon|318\/394|[from] item: Leftovers
|turn|22
|
|switch|p1a: Charizard|Charizard, M, shiny|298\/298
|move|p2a: Chansey|Seismic Toss|p1a: Charizard
|-damage|p1a: Charizard|198\/298
|
|-heal|p1a: Charizard|298\/298|[from] move: Wish|[wisher] Sylveon
|turn|23
|
|switch|p2a: Landorus|Landorus, M|280\/320
|-damage|p2a: Landorus|240\/320|[from] Stealth Rock
|detailschange|p1a: Charizard|Charizard-Mega-X, M, shiny
|message|Charizard has Mega Evolved into Mega Charizard!
|move|p1a: Charizard|Dragon Dance|p1a: Charizard
|-boost|p1a: Charizard|atk|1
|-boost|p1a: Charizard|spe|1
|
|turn|24
|
|move|p1a: Charizard|Flare Blitz|p2a: Landorus
|-damage|p2a: Landorus|0 fnt
|-damage|p1a: Charizard|219\/298|[from] recoil|[of] p2a: Landorus
|faint|p2a: Landorus
|
|
|switch|p2a: Aegislash|Aegislash, M|324\/324
|-damage|p2a: Aegislash|304\/324|[from] Stealth Rock
|turn|25
|
|move|p1a: Charizard|Flare Blitz|p2a: Aegislash
|-supereffective|p2a: Aegislash
|-damage|p2a: Aegislash|0 fnt
|-damage|p1a: Charizard|119\/298|[from] recoil|[of] p2a: Aegislash
|faint|p2a: Aegislash
|
|
|switch|p2a: Kyurem-Black|Kyurem-Black|353\/392
|-damage|p2a: Kyurem-Black|255\/392|[from] Stealth Rock
|-ability|p2a: Kyurem-Black|Teravolt
|turn|26
|
|move|p1a: Charizard|Dragon Claw|p2a: Kyurem-Black
|-supereffective|p2a: Kyurem-Black
|-damage|p2a: Kyurem-Black|0 fnt
|faint|p2a: Kyurem-Black
|
|
|switch|p2a: Skarmory|Skarmory, M|293\/334
|-damage|p2a: Skarmory|252\/334|[from] Stealth Rock
|turn|27
|chat|Crasherrrr|Charizard is wrecking house
|
|move|p1a: Charizard|Flare Blitz|p2a: Skarmory
|-supereffective|p2a: Skarmory
|-damage|p2a: Skarmory|0 fnt
|-damage|p1a: Charizard|36\/298|[from] recoil|[of] p2a: Skarmory
|faint|p2a: Skarmory
|
|
|switch|p2a: Chansey|Chansey, F|395\/642
|-damage|p2a: Chansey|315\/642|[from] Stealth Rock
|turn|28
|chat|Suicuninite|i knew that charizard was my win condition lol
|
|move|p1a: Charizard|Dragon Claw|p2a: Chansey
|-damage|p2a: Chansey|0 fnt
|faint|p2a: Chansey
|
|leave|PikavIDY
|
|switch|p2a: Latios|Latios, M|184\/302
|-damage|p2a: Latios|147\/302|[from] Stealth Rock
|turn|29
|leave|alldayeveryday
|chat|shenigami|gg
|
|move|p1a: Charizard|Dragon Claw|p2a: Latios
|-supereffective|p2a: Latios
|-damage|p2a: Latios|0 fnt
|faint|p2a: Latios
|
|win|Suicuninite
|chat|Suicuninite|gg man
|chat|Genesis7|gg guys
|leave|shenigami
|player|p2
|chat|Suicuninite|thanks genesis
|leave|Crasherrrr
|chat|Suicuninite|this team aint half bad
|leave|pfcbyam
|leave|Zenzo