|join|sy5
|join|Suicuninite
|player|p1|sy5|1
|player|p2|Suicuninite|92
|gametype|singles
|gen|6
|tier|OU
|clearpoke
|poke|p1|Medicham, M
|poke|p1|Landorus-Therian, M
|poke|p1|Infernape, M
|poke|p1|Ferrothorn, F
|poke|p1|Azumarill, F
|poke|p1|Goodra, F
|poke|p2|Landorus-Therian, M
|poke|p2|Charizard, M
|poke|p2|Tentacruel, M
|poke|p2|Ferrothorn, M
|poke|p2|Azumarill, F
|poke|p2|Bisharp, M, shiny
|rule|Sleep Clause Mod: Limit one foe put to sleep
|rule|Species Clause: Limit one of each Pokemon
|rule|OHKO Clause: OHKO moves are banned
|rule|Moody Clause: Moody is banned
|rule|Evasion Moves Clause: Evasion moves are banned
|rule|Endless Battle Clause: Forcing endless battles is banned.
|rule|HP Percentage Mod: HP is reported as percentages
|teampreview
|chat|Suicuninite|host isnt here, i'll advertise
|chat|sy5|k
|join|XyberPlanetX
|join|Salvaturd
|
|start
|switch|p1a: Goodra|Goodra, F|384\/384
|switch|p2a: Landorus-Therian|Landorus-Therian, M|320\/320
|-ability|p2a: Landorus-Therian|Intimidate|[of] p1a: Goodra
|-unboost|p1a: Goodra|atk|1
|turn|1
|chat|Suicuninite|glhf man
|join|Nani Man
|chat|sy5|gl
|
|move|p2a: Landorus-Therian|U-turn|p1a: Goodra
|-damage|p1a: Goodra|265\/384
|-unboost|p2a: Landorus-Therian|spe|1
|join|jefo
|join|fgjfgjfgjkgj
|join|exodia319
|join|frafrafrofrafra
|chat|jefo|im making a tourney:)
|join|ReadableBeef
|join|Ikehylt
|
|switch|p2a: Tentacruel|Tentacruel, M|364\/364
|move|p1a: Goodra|Dragon Pulse|p2a: Tentacruel
|-damage|p2a: Tentacruel|274\/364
|
|-heal|p2a: Tentacruel|296\/364|[from] item: Black Sludge
|turn|2
|join|Updated Kanto
|leave|ReadableBeef
|leave|Ikehylt
|chat|XyberPlanetX|ou?
|join|trigore
|join|slykiller56
|join|BigBob007
|join|MericaFTW
|chat|BigBob007|its not finals
|chat|BigBob007|its a double elim tourney
|leave|fgjfgjfgjkgj
|
|switch|p1a: Landorus-Therian|Landorus-Therian, M|382\/382
|-ability|p1a: Landorus-Therian|Intimidate|[of] p2a: Tentacruel
|-unboost|p2a: Tentacruel|atk|1
|move|p2a: Tentacruel|Toxic|p1a: Landorus-Therian
|-status|p1a: Landorus-Therian|tox
|
|-heal|p2a: Tentacruel|318\/364|[from] item: Black Sludge
|-damage|p1a: Landorus-Therian|359\/382 tox|[from] psn
|turn|3
|join|fgjfgjfgjkgj
|join|ChaosâHax
|leave|fgjfgjfgjkgj
|chat|XyberPlanetX|wa?
|
|switch|p2a: Landorus-Therian|Landorus-Therian, M|320\/320
|-ability|p2a: Landorus-Therian|Intimidate|[of] p1a: Landorus-Therian
|-unboost|p1a: Landorus-Therian|atk|1
|move|p1a: Landorus-Therian|Knock Off|p2a: Landorus-Therian
|-damage|p2a: Landorus-Therian|190\/320
|-enditem|p2a: Landorus-Therian|Choice Scarf|[from] move: Knock Off|[of] p1a: Landorus-Therian
|-damage|p1a: Landorus-Therian|321\/382 tox|[from] item: Life Orb
|
|-damage|p1a: Landorus-Therian|275\/382 tox|[from] psn
|turn|4
|
|switch|p1a: Ferrothorn|Ferrothorn, F|352\/352
|move|p2a: Landorus-Therian|Knock Off|p1a: Ferrothorn
|-damage|p1a: Ferrothorn|274\/352
|-damage|p2a: Landorus-Therian|150\/320|[from] ability: Iron Barbs|[of] p1a: Ferrothorn
|-damage|p2a: Landorus-Therian|97\/320|[from] item: Rocky Helmet|[of] p1a: Ferrothorn
|-enditem|p1a: Ferrothorn|Rocky Helmet|[from] move: Knock Off|[of] p2a: Landorus-Therian
|
|turn|5
|leave|Nani Man
|join|Ikehylt
|join|coolstar87
|leave|coolstar87
|leave|Salvaturd
|
|switch|p2a: Charizard|Charizard, M|297\/297
|move|p1a: Ferrothorn|Stealth Rock|p2a: Charizard
|-sidestart|p2: Suicuninite|move: Stealth Rock
|
|turn|6
|
|switch|p1a: Goodra|Goodra, F|265\/384
|-weather|SunnyDay
|detailschange|p2a: Charizard|Charizard-Mega-Y, M
|message|Charizard has Mega Evolved into Mega Charizard!
|move|p2a: Charizard|Fire Blast|p1a: Goodra|[miss]
|-miss|p2a: Charizard|p1a: Goodra
|
|-weather|SunnyDay|[upkeep]
|turn|7
|leave|Ikehylt
|
|switch|p2a: Tentacruel|Tentacruel, M|318\/364
|-damage|p2a: Tentacruel|273\/364|[from] Stealth Rock
|move|p1a: Goodra|Dragon Pulse|p2a: Tentacruel
|-damage|p2a: Tentacruel|176\/364
|
|-weather|SunnyDay|[upkeep]
|-heal|p2a: Tentacruel|198\/364|[from] item: Black Sludge
|turn|8
|leave|trigore
|
|move|p2a: Tentacruel|Rapid Spin|p1a: Goodra
|-crit|p1a: Goodra
|-damage|p1a: Goodra|243\/384
|-unboost|p2a: Tentacruel|spe|1
|-sideend|p2: Suicuninite|Stealth Rock|[from] move: Rapid Spin|[of] p2a: Tentacruel
|move|p1a: Goodra|Dragon Pulse|p2a: Tentacruel
|-crit|p2a: Tentacruel
|-damage|p2a: Tentacruel|56\/364
|
|-weather|SunnyDay|[upkeep]
|-heal|p2a: Tentacruel|78\/364|[from] item: Black Sludge
|turn|9
|
|switch|p2a: Bisharp|Bisharp, M, shiny|272\/272
|move|p1a: Goodra|Dragon Pulse|p2a: Bisharp
|-resisted|p2a: Bisharp
|-damage|p2a: Bisharp|175\/272
|
|-weather|SunnyDay|[upkeep]
|turn|10
|
|move|p2a: Bisharp|Knock Off|p1a: Goodra
|-damage|p1a: Goodra|0 fnt
|-unboost|p2a: Bisharp|spe|1
|-boost|p2a: Bisharp|atk|2|[from] ability: Defiant
|-damage|p2a: Bisharp|148\/272|[from] item: Life Orb
|faint|p1a: Goodra
|
|-weather|none
|
|switch|p1a: Ferrothorn|Ferrothorn, F|274\/352
|turn|11
|chat|Suicuninite|was waiting for that ;)
|join|ReadableBeef
|join|saiyantrainer x
|leave|saiyantrainer x
|
|move|p2a: Bisharp|Swords Dance|p2a: Bisharp
|-boost|p2a: Bisharp|atk|2
|move|p1a: Ferrothorn|Stealth Rock|p2a: Bisharp
|-sidestart|p2: Suicuninite|move: Stealth Rock
|
|turn|12
|
|move|p2a: Bisharp|Knock Off|p1a: Ferrothorn
|-damage|p1a: Ferrothorn|8\/352
|-damage|p2a: Bisharp|114\/272|[from] ability: Iron Barbs|[of] p1a: Ferrothorn
|-damage|p2a: Bisharp|87\/272|[from] item: Life Orb
|move|p1a: Ferrothorn|Leech Seed|p2a: Bisharp|[miss]
|-miss|p1a: Ferrothorn|p2a: Bisharp
|
|turn|13
|chat|slykiller56|when did charizard become ou?
|
|move|p2a: Bisharp|Iron Head|p1a: Ferrothorn
|-resisted|p1a: Ferrothorn
|-damage|p1a: Ferrothorn|0 fnt
|-damage|p2a: Bisharp|53\/272|[from] ability: Iron Barbs|[of] p1a: Ferrothorn
|-damage|p2a: Bisharp|26\/272|[from] item: Life Orb
|faint|p1a: Ferrothorn
|
|
|switch|p1a: Medicham|Medicham, M|261\/261
|turn|14
|
|detailschange|p1a: Medicham|Medicham-Mega, M
|message|Medicham has Mega Evolved into Mega Medicham!
|move|p1a: Medicham|Fake Out|p2a: Bisharp
|-resisted|p2a: Bisharp
|-damage|p2a: Bisharp|0 fnt
|faint|p2a: Bisharp
|
|chat|XyberPlanetX|mega zard y\/x
|
|switch|p2a: Landorus-Therian|Landorus-Therian, M|97\/320
|-damage|p2a: Landorus-Therian|57\/320|[from] Stealth Rock
|-ability|p2a: Landorus-Therian|Intimidate|[of] p1a: Medicham
|-unboost|p1a: Medicham|atk|1
|turn|15
|chat|XyberPlanetX|mix sets
|
|move|p1a: Medicham|Ice Punch|p2a: Landorus-Therian
|-supereffective|p2a: Landorus-Therian
|-damage|p2a: Landorus-Therian|0 fnt
|faint|p2a: Landorus-Therian
|
|chat|XyberPlanetX|either physical or special
|chat|slykiller56|true but bisharp?
|chat|slykiller56|why bisharp?
|chat|XyberPlanetX|defiant
|
|switch|p2a: Ferrothorn|Ferrothorn, M|352\/352
|-damage|p2a: Ferrothorn|330\/352|[from] Stealth Rock
|turn|16
|
|switch|p1a: Infernape|Infernape, M|293\/293
|move|p2a: Ferrothorn|Leech Seed|p1a: Infernape
|-start|p1a: Infernape|move: Leech Seed
|
|-heal|p2a: Ferrothorn|352\/352|[from] item: Leftovers
|-damage|p1a: Infernape|257\/293|[from] Leech Seed|[of] p2a: Ferrothorn
|turn|17
|chat|slykiller56|oh
|chat|slykiller56|oh
|
|switch|p2a: Tentacruel|Tentacruel, M|78\/364
|-damage|p2a: Tentacruel|33\/364|[from] Stealth Rock
|move|p1a: Infernape|Flare Blitz|p2a: Tentacruel
|-resisted|p2a: Tentacruel
|-damage|p2a: Tentacruel|0 fnt
|-damage|p1a: Infernape|246\/293|[from] recoil|[of] p2a: Tentacruel
|faint|p2a: Tentacruel
|
|chat|XyberPlanetX|+2 attack everytime any stat is lowered
|
|switch|p2a: Azumarill|Azumarill, F|404\/404
|-damage|p2a: Azumarill|354\/404|[from] Stealth Rock
|turn|18
|leave|Updated Kanto
|
|switch|p1a: Landorus-Therian|Landorus-Therian, M|275\/382 tox
|-ability|p1a: Landorus-Therian|Intimidate|[of] p2a: Azumarill
|-unboost|p2a: Azumarill|atk|1
|move|p2a: Azumarill|Belly Drum|p2a: Azumarill
|-damage|p2a: Azumarill|152\/404
|-setboost|p2a: Azumarill|atk|6|[from] move: Belly Drum
|-enditem|p2a: Azumarill|Sitrus Berry|[eat]
|-heal|p2a: Azumarill|253\/404|[from] item: Sitrus Berry
|
|-damage|p1a: Landorus-Therian|252\/382 tox|[from] psn
|turn|19
|
|move|p2a: Azumarill|Aqua Jet|p1a: Landorus-Therian
|-supereffective|p1a: Landorus-Therian
|-damage|p1a: Landorus-Therian|0 fnt
|faint|p1a: Landorus-Therian
|
|chat|XyberPlanetX|GG
|
|switch|p1a: Medicham|Medicham-Mega, M|261\/261
|turn|20
|
|move|p1a: Medicham|Fake Out|p2a: Azumarill
|-damage|p2a: Azumarill|153\/404
|cant|p2a: Azumarill|flinch
|
|turn|21
|leave|ChaosâHax
|
|switch|p1a: Azumarill|Azumarill, F|404\/404
|move|p2a: Azumarill|Aqua Jet|p1a: Azumarill
|-resisted|p1a: Azumarill
|-damage|p1a: Azumarill|182\/404
|
|-heal|p1a: Azumarill|207\/404|[from] item: Leftovers
|turn|22
|
|move|p1a: Azumarill|Aqua Jet|p2a: Azumarill
|-resisted|p2a: Azumarill
|-damage|p2a: Azumarill|99\/404
|move|p2a: Azumarill|Aqua Jet|p1a: Azumarill
|-resisted|p1a: Azumarill
|-damage|p1a: Azumarill|12\/404
|
|-heal|p1a: Azumarill|37\/404|[from] item: Leftovers
|turn|23
|
|move|p2a: Azumarill|Aqua Jet|p1a: Azumarill
|-resisted|p1a: Azumarill
|-damage|p1a: Azumarill|0 fnt
|faint|p1a: Azumarill
|
|chat|XyberPlanetX|omg
|
|switch|p1a: Medicham|Medicham-Mega, M|261\/261
|turn|24
|
|move|p1a: Medicham|Fake Out|p2a: Azumarill
|-damage|p2a: Azumarill|1\/404
|cant|p2a: Azumarill|flinch
|
|turn|25
|chat|slykiller56|lastly why azumarill? is it because it's a fairy type now?
|chat|Suicuninite|ahhhh not bad
|
|switch|p1a: Infernape|Infernape, M|246\/293
|move|p2a: Azumarill|Aqua Jet|p1a: Infernape
|-supereffective|p1a: Infernape
|-damage|p1a: Infernape|0 fnt
|faint|p1a: Infernape
|
|chat|XyberPlanetX|trying to fake out kill
|
|switch|p1a: Medicham|Medicham-Mega, M|261\/261
|turn|26
|chat|XyberPlanetX| but gg
|chat|slykiller56|wow bad call
|
|move|p1a: Medicham|Fake Out|p2a: Azumarill
|-damage|p2a: Azumarill|0 fnt
|faint|p2a: Azumarill
|
|chat|Suicuninite|its not over
|
|switch|p2a: Ferrothorn|Ferrothorn, M|352\/352
|-damage|p2a: Ferrothorn|330\/352|[from] Stealth Rock
|turn|27
|
|move|p1a: Medicham|High Jump Kick|p2a: Ferrothorn|[miss]
|-miss|p1a: Medicham|p2a: Ferrothorn
|-damage|p1a: Medicham|131\/261|[from] highjumpkick
|move|p2a: Ferrothorn|Thunder Wave|p1a: Medicham
|-status|p1a: Medicham|par
|
|-heal|p2a: Ferrothorn|352\/352|[from] item: Leftovers
|turn|28
|chat|Suicuninite|oooooh...
|chat|slykiller56|gg
|
|move|p1a: Medicham|High Jump Kick|p2a: Ferrothorn
|-supereffective|p2a: Ferrothorn
|-damage|p2a: Ferrothorn|0 fnt
|-damage|p1a: Medicham|99\/261 par|[from] ability: Iron Barbs|[of] p2a: Ferrothorn
|faint|p2a: Ferrothorn
|
|leave|frafrafrofrafra
|chat|sy5|gg
|
|switch|p2a: Charizard|Charizard-Mega-Y, M|297\/297
|-damage|p2a: Charizard|149\/297|[from] Stealth Rock
|-weather|SunnyDay
|turn|29
|chat|XyberPlanetX|gg
|chat|Suicuninite|gg
|chat|XyberPlanetX|wait
|chat|slykiller56|this could be close
|
|move|p2a: Charizard|Air Slash|p1a: Medicham
|-supereffective|p1a: Medicham
|-damage|p1a: Medicham|0 fnt
|faint|p1a: Medicham
|
|win|Suicuninite
|chat|XyberPlanetX|gg
|leave|sy5
|player|p1
|chat|XyberPlanetX|save that holy crap, nigga that was clutched