|join|mackattack93
|join|suicuninite
|c|âmackattack93|we meet again
|c|âsuicuninite|indeed
|player|p1|mackattack93|161
|player|p2|suicuninite|92
|gametype|singles
|gen|6
|tier|OU
|rated
|clearpoke
|poke|p1|Sceptile, F
|poke|p1|Klefki, M
|poke|p1|Salamence, F
|poke|p1|Heatran, F
|poke|p1|Weavile, F
|poke|p1|Starmie
|poke|p2|Talonflame, F
|poke|p2|Latios, M
|poke|p2|Ferrothorn, M
|poke|p2|Rotom-Wash
|poke|p2|Keldeo
|poke|p2|Metagross, shiny
|rule|Swagger Clause: Swagger is banned
|rule|Baton Pass Clause: Limit one PokÃ©mon knowing Baton Pass
|rule|Sleep Clause Mod: Limit one foe put to sleep
|rule|Species Clause: Limit one of each PokÃ©mon
|rule|OHKO Clause: OHKO moves are banned
|rule|Moody Clause: Moody is banned
|rule|Evasion Moves Clause: Evasion moves are banned
|rule|Endless Battle Clause: Forcing endless battles is banned
|rule|HP Percentage Mod: HP is shown in percentages
|teampreview
|c|âmackattack93|and god damn this game is laggy
|c|âsuicuninite|it really is
|
|start
|switch|p1a: Weavile|Weavile, F|281\/281
|switch|p2a: Rotom-Wash|Rotom-Wash|304\/304
|-ability|p1a: Weavile|Pressure
|turn|1
|
|switch|p1a: Heatran|Heatran, F|379\/379
|move|p2a: Rotom-Wash|Will-O-Wisp|p1a: Heatran
|-start|p1a: Heatran|ability: Flash Fire
|
|turn|2
|
|move|p2a: Rotom-Wash|Volt Switch|p1a: Heatran
|-damage|p1a: Heatran|318\/379
|
|switch|p2a: Keldeo|Keldeo|323\/323
|move|p1a: Heatran|Toxic|p2a: Keldeo
|-status|p2a: Keldeo|tox
|
|-heal|p1a: Heatran|341\/379|[from] item: Leftovers
|-damage|p2a: Keldeo|303\/323 tox|[from] psn
|turn|3
|
|switch|p1a: Starmie|Starmie|324\/324
|move|p2a: Keldeo|Scald|p1a: Starmie
|-resisted|p1a: Starmie
|-damage|p1a: Starmie|236\/324
|
|-heal|p1a: Starmie|256\/324|[from] item: Leftovers
|-damage|p2a: Keldeo|263\/323 tox|[from] psn
|turn|4
|
|switch|p2a: Ferrothorn|Ferrothorn, M|352\/352
|switch|p1a: Sceptile|Sceptile, F|281\/281
|
|turn|5
|
|switch|p2a: Talonflame|Talonflame, F|297\/297
|detailschange|p1a: Sceptile|Sceptile-Mega, F
|-mega|p1a: Sceptile|Sceptile|Sceptilite
|move|p1a: Sceptile|Hidden Power|p2a: Talonflame
|-resisted|p2a: Talonflame
|-damage|p2a: Talonflame|247\/297
|
|turn|6
|
|switch|p1a: Heatran|Heatran, F|341\/379
|move|p2a: Talonflame|U-turn|p1a: Heatran
|-resisted|p1a: Heatran
|-damage|p1a: Heatran|320\/379
|
|switch|p2a: Metagross|Metagross, shiny|301\/301
|
|-heal|p1a: Heatran|343\/379|[from] item: Leftovers
|turn|7
|
|switch|p1a: Starmie|Starmie|256\/324
|detailschange|p2a: Metagross|Metagross-Mega, shiny
|-mega|p2a: Metagross|Metagross|Metagrossite
|move|p2a: Metagross|Earthquake|p1a: Starmie
|-damage|p1a: Starmie|121\/324
|
|-heal|p1a: Starmie|141\/324|[from] item: Leftovers
|turn|8
|
|switch|p2a: Rotom-Wash|Rotom-Wash|304\/304
|move|p1a: Starmie|Recover|p1a: Starmie
|-heal|p1a: Starmie|303\/324
|
|-heal|p1a: Starmie|323\/324|[from] item: Leftovers
|turn|9
|
|switch|p1a: Sceptile|Sceptile-Mega, F|281\/281
|move|p2a: Rotom-Wash|Volt Switch|p1a: Sceptile
|-boost|p1a: Sceptile|spa|1|[from] ability: Lightning Rod
|
|turn|10
|c|âsuicuninite|fuck i always forget about that damn ability lol
|c|âmackattack93|haha
|
|switch|p2a: Talonflame|Talonflame, F|247\/297
|move|p1a: Sceptile|Dragon Pulse|p2a: Talonflame
|-damage|p2a: Talonflame|0 fnt
|faint|p2a: Talonflame
|
|c|âsuicuninite|theres nothing i can do
|c|âsuicuninite|this thing has me beat lol
|
|switch|p2a: Keldeo|Keldeo|263\/323 tox
|turn|11
|c|âsuicuninite|leaf storm miss come through
|c|âmackattack93|just one sec gotta calc something
|
|move|p2a: Keldeo|Icy Wind|p1a: Sceptile
|-supereffective|p1a: Sceptile
|-damage|p1a: Sceptile|0 fnt
|faint|p1a: Sceptile
|
|-damage|p2a: Keldeo|243\/323 tox|[from] psn
|c|âmackattack93|fuck me
|c|âsuicuninite|oh yeah
|
|switch|p1a: Klefki|Klefki, M|318\/318
|turn|12
|c|âsuicuninite|im faster
|c|âsuicuninite|lol
|
|switch|p2a: Rotom-Wash|Rotom-Wash|304\/304
|move|p1a: Klefki|Spikes|p2a: Rotom-Wash
|-sidestart|p2: suicuninite|Spikes
|
|turn|13
|
|move|p1a: Klefki|Spikes|p2a: Rotom-Wash
|-sidestart|p2: suicuninite|Spikes
|move|p2a: Rotom-Wash|Will-O-Wisp|p1a: Klefki
|-status|p1a: Klefki|brn
|
|-damage|p1a: Klefki|279\/318 brn|[from] brn
|turn|14
|
|move|p1a: Klefki|Thunder Wave|p2a: Rotom-Wash
|-fail|p2a: Rotom-Wash
|move|p2a: Rotom-Wash|Hydro Pump|p1a: Klefki|[miss]
|-miss|p2a: Rotom-Wash|p1a: Klefki
|
|-heal|p1a: Klefki|298\/318 brn|[from] item: Leftovers
|-damage|p1a: Klefki|259\/318 brn|[from] brn
|turn|15
|c|âmackattack93|i have nothing to stop this
|
|move|p2a: Rotom-Wash|Volt Switch|p1a: Klefki
|-damage|p1a: Klefki|159\/318 brn
|
|switch|p2a: Latios|Latios, M|301\/301
|move|p1a: Klefki|Foul Play|p2a: Latios
|-supereffective|p2a: Latios
|-damage|p2a: Latios|221\/301
|
|-heal|p2a: Latios|239\/301|[from] item: Leftovers
|-heal|p1a: Klefki|178\/318 brn|[from] item: Leftovers
|-damage|p1a: Klefki|139\/318 brn|[from] brn
|turn|16
|
|switch|p2a: Rotom-Wash|Rotom-Wash|304\/304
|move|p1a: Klefki|Thunder Wave|p2a: Rotom-Wash
|-fail|p2a: Rotom-Wash
|
|-heal|p1a: Klefki|158\/318 brn|[from] item: Leftovers
|-damage|p1a: Klefki|119\/318 brn|[from] brn
|turn|17
|
|move|p2a: Rotom-Wash|Hydro Pump|p1a: Klefki
|-damage|p1a: Klefki|0 fnt
|faint|p1a: Klefki
|
|
|switch|p1a: Heatran|Heatran, F|343\/379
|turn|18
|
|move|p2a: Rotom-Wash|Volt Switch|p1a: Heatran
|-damage|p1a: Heatran|271\/379
|
|switch|p2a: Latios|Latios, M|239\/301
|move|p1a: Heatran|Toxic|p2a: Latios|[miss]
|-miss|p1a: Heatran|p2a: Latios
|
|-heal|p2a: Latios|257\/301|[from] item: Leftovers
|-heal|p1a: Heatran|294\/379|[from] item: Leftovers
|turn|19
|
|move|p2a: Latios|Defog|p1a: Heatran
|-unboost|p1a: Heatran|evasion|1
|-sideend|p2: suicuninite|Spikes|[from] move: Defog|[of] p2a: Latios
|move|p1a: Heatran|Toxic|p2a: Latios
|-status|p2a: Latios|tox
|
|-heal|p2a: Latios|275\/301 tox|[from] item: Leftovers
|-heal|p1a: Heatran|317\/379|[from] item: Leftovers
|-damage|p2a: Latios|257\/301 tox|[from] psn
|turn|20
|
|switch|p2a: Keldeo|Keldeo|243\/323 tox
|move|p1a: Heatran|Stealth Rock|p2a: Keldeo
|-sidestart|p2: suicuninite|move: Stealth Rock
|
|-heal|p1a: Heatran|340\/379|[from] item: Leftovers
|-damage|p2a: Keldeo|223\/323 tox|[from] psn
|turn|21
|
|switch|p2a: Rotom-Wash|Rotom-Wash|304\/304
|-damage|p2a: Rotom-Wash|266\/304|[from] Stealth Rock
|switch|p1a: Starmie|Starmie|323\/324
|
|-heal|p1a: Starmie|324\/324|[from] item: Leftovers
|-heal|p2a: Rotom-Wash|285\/304|[from] item: Leftovers
|turn|22
|
|move|p1a: Starmie|Scald|p2a: Rotom-Wash
|-resisted|p2a: Rotom-Wash
|-damage|p2a: Rotom-Wash|253\/304
|-status|p2a: Rotom-Wash|brn
|move|p2a: Rotom-Wash|Volt Switch|p1a: Starmie
|-supereffective|p1a: Starmie
|-damage|p1a: Starmie|142\/324
|c|âsuicuninite|thats unfortunate
|
|switch|p2a: Latios|Latios, M|257\/301 tox
|-damage|p2a: Latios|220\/301 tox|[from] Stealth Rock
|
|-heal|p1a: Starmie|162\/324|[from] item: Leftovers
|-heal|p2a: Latios|238\/301 tox|[from] item: Leftovers
|-damage|p2a: Latios|220\/301 tox|[from] psn
|turn|23
|
|move|p1a: Starmie|Recover|p1a: Starmie
|-heal|p1a: Starmie|324\/324
|move|p2a: Latios|Draco Meteor|p1a: Starmie
|-damage|p1a: Starmie|65\/324
|-unboost|p2a: Latios|spa|2
|
|-heal|p1a: Starmie|85\/324|[from] item: Leftovers
|-heal|p2a: Latios|238\/301 tox|[from] item: Leftovers
|-damage|p2a: Latios|202\/301 tox|[from] psn
|turn|24
|
|move|p1a: Starmie|Recover|p1a: Starmie
|-heal|p1a: Starmie|247\/324
|move|p2a: Latios|Defog|p1a: Starmie
|-unboost|p1a: Starmie|evasion|1
|-sideend|p2: suicuninite|Stealth Rock|[from] move: Defog|[of] p2a: Latios
|
|-heal|p1a: Starmie|267\/324|[from] item: Leftovers
|-heal|p2a: Latios|220\/301 tox|[from] item: Leftovers
|-damage|p2a: Latios|166\/301 tox|[from] psn
|turn|25
|
|switch|p2a: Ferrothorn|Ferrothorn, M|352\/352
|move|p1a: Starmie|Scald|p2a: Ferrothorn
|-resisted|p2a: Ferrothorn
|-damage|p2a: Ferrothorn|316\/352
|
|-heal|p1a: Starmie|287\/324|[from] item: Leftovers
|-heal|p2a: Ferrothorn|338\/352|[from] item: Leftovers
|turn|26
|
|move|p1a: Starmie|Scald|p2a: Ferrothorn
|-crit|p2a: Ferrothorn
|-resisted|p2a: Ferrothorn
|-damage|p2a: Ferrothorn|280\/352
|-status|p2a: Ferrothorn|brn
|move|p2a: Ferrothorn|Leech Seed|p1a: Starmie
|-start|p1a: Starmie|move: Leech Seed
|
|-heal|p1a: Starmie|307\/324|[from] item: Leftovers
|-heal|p2a: Ferrothorn|302\/352 brn|[from] item: Leftovers
|-damage|p1a: Starmie|267\/324|[from] Leech Seed|[of] p2a: Ferrothorn
|-heal|p2a: Ferrothorn|342\/352 brn|[silent]
|-damage|p2a: Ferrothorn|298\/352 brn|[from] brn
|turn|27
|c|âsuicuninite|jesus...
|c|âsuicuninite|2\/3 have burned
|
|switch|p1a: Heatran|Heatran, F|340\/379
|move|p2a: Ferrothorn|Leech Seed|p1a: Heatran
|-start|p1a: Heatran|move: Leech Seed
|
|-heal|p1a: Heatran|363\/379|[from] item: Leftovers
|-heal|p2a: Ferrothorn|320\/352 brn|[from] item: Leftovers
|-damage|p1a: Heatran|316\/379|[from] Leech Seed|[of] p2a: Ferrothorn
|-heal|p2a: Ferrothorn|352\/352 brn|[silent]
|-damage|p2a: Ferrothorn|308\/352 brn|[from] brn
|turn|28
|
|switch|p1a: Weavile|Weavile, F|281\/281
|-ability|p1a: Weavile|Pressure
|switch|p2a: Rotom-Wash|Rotom-Wash|253\/304 brn
|
|-heal|p2a: Rotom-Wash|272\/304 brn|[from] item: Leftovers
|-damage|p2a: Rotom-Wash|234\/304 brn|[from] brn
|turn|29
|
|move|p1a: Weavile|Knock Off|p2a: Rotom-Wash
|-damage|p2a: Rotom-Wash|43\/304 brn
|-enditem|p2a: Rotom-Wash|Leftovers|[from] move: Knock Off|[of] p1a: Weavile
|-damage|p1a: Weavile|253\/281|[from] item: Life Orb
|move|p2a: Rotom-Wash|Hydro Pump|p1a: Weavile|[miss]
|-miss|p2a: Rotom-Wash|p1a: Weavile
|
|-damage|p2a: Rotom-Wash|5\/304 brn|[from] brn
|turn|30
|c|âsuicuninite|now i probably lose
|
|move|p1a: Weavile|Ice Shard|p2a: Rotom-Wash
|-resisted|p2a: Rotom-Wash
|-damage|p2a: Rotom-Wash|0 fnt
|-damage|p1a: Weavile|225\/281|[from] item: Life Orb
|faint|p2a: Rotom-Wash
|
|
|switch|p2a: Keldeo|Keldeo|223\/323 tox
|turn|31
|
|switch|p1a: Starmie|Starmie|267\/324
|move|p2a: Keldeo|Icy Wind|p1a: Starmie
|-crit|p1a: Starmie
|-resisted|p1a: Starmie
|-damage|p1a: Starmie|210\/324
|-unboost|p1a: Starmie|spe|1
|
|-heal|p1a: Starmie|230\/324|[from] item: Leftovers
|-damage|p2a: Keldeo|203\/323 tox|[from] psn
|turn|32
|
|switch|p2a: Latios|Latios, M|166\/301 tox
|move|p1a: Starmie|Ice Beam|p2a: Latios
|-supereffective|p2a: Latios
|-damage|p2a: Latios|34\/301 tox
|
|-heal|p2a: Latios|52\/301 tox|[from] item: Leftovers
|-heal|p1a: Starmie|250\/324|[from] item: Leftovers
|-damage|p2a: Latios|34\/301 tox|[from] psn
|turn|33
|
|switch|p1a: Heatran|Heatran, F|316\/379
|move|p2a: Latios|Draco Meteor|p1a: Heatran
|-resisted|p1a: Heatran
|-damage|p1a: Heatran|227\/379
|-unboost|p2a: Latios|spa|2
|
|-heal|p2a: Latios|52\/301 tox|[from] item: Leftovers
|-heal|p1a: Heatran|250\/379|[from] item: Leftovers
|-damage|p2a: Latios|16\/301 tox|[from] psn
|turn|34
|
|switch|p2a: Metagross|Metagross-Mega, shiny|301\/301
|move|p1a: Heatran|Stealth Rock|p2a: Metagross
|-sidestart|p2: suicuninite|move: Stealth Rock
|
|-heal|p1a: Heatran|273\/379|[from] item: Leftovers
|turn|35
|
|switch|p1a: Starmie|Starmie|250\/324
|move|p2a: Metagross|Earthquake|p1a: Starmie
|-damage|p1a: Starmie|112\/324
|
|-heal|p1a: Starmie|132\/324|[from] item: Leftovers
|turn|36
|
|move|p1a: Starmie|Recover|p1a: Starmie
|-heal|p1a: Starmie|294\/324
|move|p2a: Metagross|Earthquake|p1a: Starmie
|-damage|p1a: Starmie|142\/324
|
|-heal|p1a: Starmie|162\/324|[from] item: Leftovers
|turn|37
|
|move|p1a: Starmie|Recover|p1a: Starmie
|-heal|p1a: Starmie|324\/324
|move|p2a: Metagross|Earthquake|p1a: Starmie
|-damage|p1a: Starmie|178\/324
|
|-heal|p1a: Starmie|198\/324|[from] item: Leftovers
|turn|38
|
|switch|p2a: Latios|Latios, M|16\/301 tox
|-damage|p2a: Latios|0 fnt|[from] Stealth Rock
|faint|p2a: Latios
|move|p1a: Starmie|Scald|p2: Latios|[notarget]
|-notarget
|
|-heal|p1a: Starmie|218\/324|[from] item: Leftovers
|c|âmackattack93|come on gotta get that burn
|c|âmackattack93|nvm
|
|switch|p2a: Ferrothorn|Ferrothorn, M|308\/352 brn
|-damage|p2a: Ferrothorn|286\/352 brn|[from] Stealth Rock
|turn|39
|c|âsuicuninite|you've already gotten plenty lol
|
|switch|p1a: Heatran|Heatran, F|273\/379
|move|p2a: Ferrothorn|Leech Seed|p1a: Heatran
|-start|p1a: Heatran|move: Leech Seed
|
|-heal|p1a: Heatran|296\/379|[from] item: Leftovers
|-heal|p2a: Ferrothorn|308\/352 brn|[from] item: Leftovers
|-damage|p1a: Heatran|249\/379|[from] Leech Seed|[of] p2a: Ferrothorn
|-heal|p2a: Ferrothorn|352\/352 brn|[silent]
|-damage|p2a: Ferrothorn|308\/352 brn|[from] brn
|turn|40
|
|switch|p2a: Keldeo|Keldeo|203\/323 tox
|-damage|p2a: Keldeo|183\/323 tox|[from] Stealth Rock
|move|p1a: Heatran|Lava Plume|p2a: Keldeo
|-resisted|p2a: Keldeo
|-damage|p2a: Keldeo|114\/323 tox
|
|-heal|p1a: Heatran|272\/379|[from] item: Leftovers
|-damage|p1a: Heatran|225\/379|[from] Leech Seed|[of] p2a: Keldeo
|-heal|p2a: Keldeo|161\/323 tox|[silent]
|-damage|p2a: Keldeo|141\/323 tox|[from] psn
|turn|41
|
|switch|p1a: Starmie|Starmie|218\/324
|move|p2a: Keldeo|Scald|p1a: Starmie
|-resisted|p1a: Starmie
|-damage|p1a: Starmie|136\/324
|
|-heal|p1a: Starmie|156\/324|[from] item: Leftovers
|-damage|p2a: Keldeo|101\/323 tox|[from] psn
|turn|42
|c|âsuicuninite|i can't get a burn when i need one lol
|
|switch|p2a: Ferrothorn|Ferrothorn, M|308\/352 brn
|-damage|p2a: Ferrothorn|286\/352 brn|[from] Stealth Rock
|move|p1a: Starmie|Ice Beam|p2a: Ferrothorn
|-damage|p2a: Ferrothorn|230\/352 brn
|
|-heal|p1a: Starmie|176\/324|[from] item: Leftovers
|-heal|p2a: Ferrothorn|252\/352 brn|[from] item: Leftovers
|-damage|p2a: Ferrothorn|208\/352 brn|[from] brn
|turn|43
|
|move|p1a: Starmie|Recover|p1a: Starmie
|-heal|p1a: Starmie|324\/324
|move|p2a: Ferrothorn|Leech Seed|p1a: Starmie
|-start|p1a: Starmie|move: Leech Seed
|
|-heal|p2a: Ferrothorn|230\/352 brn|[from] item: Leftovers
|-damage|p1a: Starmie|284\/324|[from] Leech Seed|[of] p2a: Ferrothorn
|-heal|p2a: Ferrothorn|270\/352 brn|[silent]
|-damage|p2a: Ferrothorn|226\/352 brn|[from] brn
|turn|44
|
|switch|p1a: Heatran|Heatran, F|225\/379
|switch|p2a: Metagross|Metagross-Mega, shiny|301\/301
|-damage|p2a: Metagross|283\/301|[from] Stealth Rock
|
|-heal|p1a: Heatran|248\/379|[from] item: Leftovers
|turn|45
|
|switch|p1a: Starmie|Starmie|284\/324
|move|p2a: Metagross|Earthquake|p1a: Starmie
|-damage|p1a: Starmie|152\/324
|
|-heal|p1a: Starmie|172\/324|[from] item: Leftovers
|turn|46
|c|âsuicuninite|i have to go. gg
|-message|suicuninite forfeited.
|leave|suicuninite
|c|âmackattack93|ok gg
|
|win|mackattack93
|raw|Ladder updating...
|raw|mackattack93's rating: 1544 &rarr; <strong>1566<\/strong><br \/>(+22 for winning)
|raw|suicuninite's rating: 1578 &rarr; <strong>1556<\/strong><br \/>(-22 for losing)
|player|p2