|join|suicuninite
|join|Vizer
|player|p1|suicuninite|92
|player|p2|Vizer|130
|gametype|singles
|gen|6
|tier|OU
|rated
|clearpoke
|poke|p1|Dragonite, M
|poke|p1|Lopunny, F
|poke|p1|Rotom-Wash
|poke|p1|Scizor, F
|poke|p1|Heatran, M
|poke|p1|Latios, M
|poke|p2|Altaria, F
|poke|p2|Tyranitar, M
|poke|p2|Keldeo-Resolute
|poke|p2|Excadrill, M
|poke|p2|Talonflame, F
|poke|p2|Rotom-Wash
|rule|Swagger Clause: Swagger is banned
|rule|Baton Pass Clause: Limit one PokÃ©mon knowing Baton Pass
|rule|Sleep Clause Mod: Limit one foe put to sleep
|rule|Species Clause: Limit one of each PokÃ©mon
|rule|OHKO Clause: OHKO moves are banned
|rule|Moody Clause: Moody is banned
|rule|Evasion Moves Clause: Evasion moves are banned
|rule|Endless Battle Clause: Forcing endless battles is banned
|rule|HP Percentage Mod: HP is shown in percentages
|teampreview
|c|âsuicuninite|glhf
|c|âVizer|have fun]
|
|start
|switch|p1a: Lopunny|Lopunny, F|271\/271
|switch|p2a: Altaria|Altaria, F|353\/353
|turn|1
|
|detailschange|p1a: Lopunny|Lopunny-Mega, F
|-mega|p1a: Lopunny|Lopunny|Lopunnite
|detailschange|p2a: Altaria|Altaria-Mega, F
|-mega|p2a: Altaria|Altaria|Altarianite
|move|p1a: Lopunny|Fake Out|p2a: Altaria
|-damage|p2a: Altaria|307\/353
|cant|p2a: Altaria|flinch
|
|turn|2
|
|switch|p1a: Rotom-Wash|Rotom-Wash|304\/304
|switch|p2a: Keldeo-Resolute|Keldeo-Resolute|323\/323
|
|turn|3
|
|switch|p2a: Altaria|Altaria-Mega, F|307\/353
|move|p1a: Rotom-Wash|Volt Switch|p2a: Altaria
|-resisted|p2a: Altaria
|-damage|p2a: Altaria|262\/353
|
|switch|p1a: Scizor|Scizor, F|344\/344
|
|turn|4
|
|switch|p2a: Rotom-Wash|Rotom-Wash|303\/303
|switch|p1a: Heatran|Heatran, M|386\/386
|
|turn|5
|
|move|p2a: Rotom-Wash|Volt Switch|p1a: Heatran
|-damage|p1a: Heatran|326\/386
|
|switch|p2a: Keldeo-Resolute|Keldeo-Resolute|323\/323
|move|p1a: Heatran|Stealth Rock|p2a: Keldeo-Resolute
|-sidestart|p2: Vizer|move: Stealth Rock
|
|-heal|p1a: Heatran|350\/386|[from] item: Leftovers
|turn|6
|
|switch|p1a: Latios|Latios, M|301\/301
|move|p2a: Keldeo-Resolute|Scald|p1a: Latios
|-resisted|p1a: Latios
|-damage|p1a: Latios|240\/301
|
|turn|7
|
|switch|p1a: Scizor|Scizor, F|344\/344
|move|p2a: Keldeo-Resolute|Scald|p1a: Scizor
|-damage|p1a: Scizor|170\/344
|
|-heal|p1a: Scizor|191\/344|[from] item: Leftovers
|turn|8
|
|switch|p1a: Latios|Latios, M|240\/301
|move|p2a: Keldeo-Resolute|Scald|p1a: Latios
|-resisted|p1a: Latios
|-damage|p1a: Latios|177\/301
|
|turn|9
|
|switch|p2a: Tyranitar|Tyranitar, M|403\/403
|-damage|p2a: Tyranitar|353\/403|[from] Stealth Rock
|-weather|Sandstorm
|move|p1a: Latios|Psyshock|p2a: Tyranitar
|-immune|p2a: Tyranitar|[msg]
|
|-weather|Sandstorm|[upkeep]
|-damage|p1a: Latios|159\/301|[from] sandstorm
|turn|10
|
|move|p2a: Tyranitar|Pursuit|p1a: Latios|[from]Pursuit
|-supereffective|p1a: Latios
|-damage|p1a: Latios|0 fnt
|faint|p1a: Latios
|
|-weather|Sandstorm|[upkeep]
|
|switch|p1a: Lopunny|Lopunny-Mega, F|271\/271
|turn|11
|
|switch|p2a: Rotom-Wash|Rotom-Wash|303\/303
|-damage|p2a: Rotom-Wash|266\/303|[from] Stealth Rock
|move|p1a: Lopunny|High Jump Kick|p2a: Rotom-Wash
|-damage|p2a: Rotom-Wash|89\/303
|
|-weather|Sandstorm|[upkeep]
|-damage|p1a: Lopunny|255\/271|[from] sandstorm
|-damage|p2a: Rotom-Wash|71\/303|[from] sandstorm
|-heal|p2a: Rotom-Wash|89\/303|[from] item: Leftovers
|turn|12
|
|move|p1a: Lopunny|Return|p2a: Rotom-Wash
|-damage|p2a: Rotom-Wash|0 fnt
|faint|p2a: Rotom-Wash
|
|-weather|Sandstorm|[upkeep]
|-damage|p1a: Lopunny|239\/271|[from] sandstorm
|
|switch|p2a: Excadrill|Excadrill, M|361\/361
|-damage|p2a: Excadrill|350\/361|[from] Stealth Rock
|turn|13
|
|switch|p1a: Rotom-Wash|Rotom-Wash|304\/304
|move|p2a: Excadrill|Rapid Spin|p1a: Rotom-Wash
|-damage|p1a: Rotom-Wash|279\/304
|-sideend|p2: Vizer|Stealth Rock|[from] move: Rapid Spin|[of] p2a: Excadrill
|-damage|p2a: Excadrill|314\/361|[from] item: Life Orb
|
|-weather|Sandstorm|[upkeep]
|-damage|p1a: Rotom-Wash|260\/304|[from] sandstorm
|-heal|p1a: Rotom-Wash|279\/304|[from] item: Leftovers
|turn|14
|
|switch|p2a: Altaria|Altaria-Mega, F|262\/353
|move|p1a: Rotom-Wash|Will-O-Wisp|p2a: Altaria
|-status|p2a: Altaria|brn
|
|-weather|Sandstorm|[upkeep]
|-damage|p1a: Rotom-Wash|260\/304|[from] sandstorm
|-damage|p2a: Altaria|240\/353 brn|[from] sandstorm
|-heal|p1a: Rotom-Wash|279\/304|[from] item: Leftovers
|-damage|p2a: Altaria|196\/353 brn|[from] brn
|turn|15
|
|switch|p2a: Talonflame|Talonflame, F|359\/359
|move|p1a: Rotom-Wash|Volt Switch|p2a: Talonflame
|-supereffective|p2a: Talonflame
|-damage|p2a: Talonflame|197\/359
|
|switch|p1a: Dragonite|Dragonite, M|323\/323
|
|-weather|Sandstorm|[upkeep]
|-damage|p2a: Talonflame|175\/359|[from] sandstorm
|-damage|p1a: Dragonite|303\/323|[from] sandstorm
|-heal|p2a: Talonflame|197\/359|[from] item: Leftovers
|turn|16
|c|âsuicuninite|gtg soon so...
|c|âVizer|:(
|c|âsuicuninite|yeah lol
|
|move|p2a: Talonflame|Roost|p2a: Talonflame
|-heal|p2a: Talonflame|359\/359
|move|p1a: Dragonite|Dragon Dance|p1a: Dragonite
|-boost|p1a: Dragonite|atk|1
|-boost|p1a: Dragonite|spe|1
|
|-weather|none
|turn|17
|
|move|p2a: Talonflame|Brave Bird|p1a: Dragonite
|-damage|p1a: Dragonite|185\/323
|-damage|p2a: Talonflame|320\/359|[from] recoil|[of] p1a: Dragonite
|move|p1a: Dragonite|Dragon Claw|p2a: Talonflame
|-damage|p2a: Talonflame|28\/359
|
|-heal|p2a: Talonflame|50\/359|[from] item: Leftovers
|turn|18
|c|âVizer|i was interested in seeing how this would play out
|c|âsuicuninite|me too
|c|âsuicuninite|unless i sweep here haha
|
|move|p1a: Dragonite|Extreme Speed|p2a: Talonflame
|-damage|p2a: Talonflame|0 fnt
|faint|p2a: Talonflame
|
|c|âVizer|haha
|c|âVizer|you might
|c|âsuicuninite|probably not
|
|switch|p2a: Tyranitar|Tyranitar, M|353\/403
|-weather|Sandstorm
|turn|19
|
|move|p1a: Dragonite|Earthquake|p2a: Tyranitar
|-supereffective|p2a: Tyranitar
|-damage|p2a: Tyranitar|65\/403
|move|p2a: Tyranitar|Ice Beam|p1a: Dragonite
|-supereffective|p1a: Dragonite
|-damage|p1a: Dragonite|0 fnt
|faint|p1a: Dragonite
|
|-weather|Sandstorm|[upkeep]
|c|âsuicuninite|yeah i gtg man sorry
|c|âVizer|np
|c|âVizer|i think i still lose though
|c|âVizer|sorry you couldn't stay
|-message|suicuninite forfeited.
|
|win|Vizer
|raw|Ladder updating...
|raw|suicuninite's rating: 1645 &rarr; <strong>1618<\/strong><br \/>(-27 for losing)
|raw|Vizer's rating: 1514 &rarr; <strong>1541<\/strong><br \/>(+27 for winning)
|leave|suicuninite
|player|p1