|join|Suicuninite
|join|swagelle
|player|p1|Suicuninite|92
|player|p2|swagelle|154
|gametype|singles
|gen|6
|tier|OU
|rated
|clearpoke
|poke|p1|Dragonite, F
|poke|p1|Lopunny, F
|poke|p1|Rotom-Wash
|poke|p1|Scizor, M
|poke|p1|Heatran, F
|poke|p1|Latios, M
|poke|p2|Sableye, M
|poke|p2|Excadrill, F
|poke|p2|Manaphy
|poke|p2|Gliscor, M
|poke|p2|Talonflame, F
|poke|p2|Clefable, F
|rule|Swagger Clause: Swagger is banned
|rule|Baton Pass Clause: Limit one PokÃ©mon knowing Baton Pass
|rule|Sleep Clause Mod: Limit one foe put to sleep
|rule|Species Clause: Limit one of each PokÃ©mon
|rule|OHKO Clause: OHKO moves are banned
|rule|Moody Clause: Moody is banned
|rule|Evasion Moves Clause: Evasion moves are banned
|rule|Endless Battle Clause: Forcing endless battles is banned
|rule|HP Percentage Mod: HP is shown in percentages
|teampreview
|c|âswagelle|charizard y or m-lopunny on every single team
|
|start
|switch|p1a: Rotom-Wash|Rotom-Wash|304\/304
|switch|p2a: Hubert|Talonflame, F|322\/322
|turn|1
|c|âSuicuninite|i haven't seen a char y in ages lol
|c|âswagelle|it counters my team, so that's probably why I see it a lot
|c|âSuicuninite|lol
|c|âswagelle|I'm sure the game does that
|
|switch|p2a: Gertrude|Manaphy|401\/401
|move|p1a: Rotom-Wash|Volt Switch|p2a: Gertrude
|-supereffective|p2a: Gertrude
|-damage|p2a: Gertrude|285\/401
|
|switch|p1a: Lopunny|Lopunny, F|271\/271
|
|-heal|p2a: Gertrude|310\/401|[from] item: Leftovers
|turn|2
|
|switch|p2a: Maurice|Gliscor, M|353\/353
|detailschange|p1a: Lopunny|Lopunny-Mega, F
|-mega|p1a: Lopunny|Lopunny|Lopunnite
|move|p1a: Lopunny|Fake Out|p2a: Maurice
|-damage|p2a: Maurice|308\/353
|
|-status|p2a: Maurice|tox|[from] item: Toxic Orb
|turn|3
|
|switch|p2a: Gertrude|Manaphy|310\/401
|move|p1a: Lopunny|Ice Punch|p2a: Gertrude
|-resisted|p2a: Gertrude
|-damage|p2a: Gertrude|260\/401
|
|-heal|p2a: Gertrude|285\/401|[from] item: Leftovers
|turn|4
|
|move|p1a: Lopunny|High Jump Kick|p2a: Gertrude
|-damage|p2a: Gertrude|53\/401
|move|p2a: Gertrude|U-turn|p1a: Lopunny
|-resisted|p1a: Lopunny
|-damage|p1a: Lopunny|245\/271
|
|switch|p2a: Hubert|Talonflame, F|322\/322
|
|turn|5
|
|switch|p1a: Heatran|Heatran, F|386\/386
|move|p2a: Hubert|Brave Bird|p1a: Heatran
|-crit|p1a: Heatran
|-resisted|p1a: Heatran
|-damage|p1a: Heatran|258\/386
|-damage|p2a: Hubert|280\/322|[from] recoil|[of] p1a: Heatran
|
|-heal|p2a: Hubert|300\/322|[from] item: Leftovers
|-heal|p1a: Heatran|282\/386|[from] item: Leftovers
|turn|6
|
|move|p2a: Hubert|Taunt|p1a: Heatran
|-start|p1a: Heatran|move: Taunt
|cant|p1a: Heatran|move: Taunt|Stealth Rock
|
|-heal|p2a: Hubert|320\/322|[from] item: Leftovers
|-heal|p1a: Heatran|306\/386|[from] item: Leftovers
|turn|7
|
|switch|p2a: Maurice|Gliscor, M|308\/353 tox
|move|p1a: Heatran|Lava Plume|p2a: Maurice
|-damage|p2a: Maurice|163\/353 tox
|
|-heal|p1a: Heatran|330\/386|[from] item: Leftovers
|-heal|p2a: Maurice|207\/353 tox|[from] ability: Poison Heal
|turn|8
|
|switch|p1a: Rotom-Wash|Rotom-Wash|304\/304
|move|p2a: Maurice|U-turn|p1a: Rotom-Wash
|-damage|p1a: Rotom-Wash|266\/304
|
|switch|p2a: Sebastian|Sableye, M|303\/303
|
|-heal|p1a: Rotom-Wash|285\/304|[from] item: Leftovers
|turn|9
|
|detailschange|p2a: Sebastian|Sableye-Mega, M
|-mega|p2a: Sebastian|Sableye|Sablenite
|move|p1a: Rotom-Wash|Volt Switch|p2a: Sebastian
|-damage|p2a: Sebastian|249\/303
|c|âswagelle|please
|
|switch|p1a: Heatran|Heatran, F|330\/386
|move|p2a: Sebastian|Knock Off|p1a: Heatran
|-damage|p1a: Heatran|243\/386
|-enditem|p1a: Heatran|Leftovers|[from] move: Knock Off|[of] p2a: Sebastian
|
|turn|10
|
|move|p1a: Heatran|Lava Plume|p2a: Sebastian
|-damage|p2a: Sebastian|173\/303
|move|p2a: Sebastian|Recover|p2a: Sebastian
|-heal|p2a: Sebastian|303\/303
|
|turn|11
|
|switch|p1a: Lopunny|Lopunny-Mega, F|245\/271
|move|p2a: Sebastian|Will-O-Wisp|p1a: Lopunny
|-status|p1a: Lopunny|brn
|
|-damage|p1a: Lopunny|212\/271 brn|[from] brn
|turn|12
|c|âSuicuninite|damn it
|c|âswagelle|I'm a genius
|c|âSuicuninite|i didn't think you'd have it
|c|âswagelle|I'm a motherfucking genius
|c|âSuicuninite|okay calm down
|c|âSuicuninite|it's pokemon
|c|âswagelle|I'm serious
|c|âSuicuninite|so am i
|c|âswagelle|I'm fucking smart as fuck
|-message|Suicuninite forfeited.
|leave|Suicuninite
|
|switch|p2a: Clarence|Clefable, F|393\/393
|move|p1a: Lopunny|High Jump Kick|p2a: Clarence
|-resisted|p2a: Clarence
|-damage|p2a: Clarence|332\/393
|
|-heal|p2a: Clarence|356\/393|[from] item: Leftovers
|-damage|p1a: Lopunny|179\/271 brn|[from] brn
|turn|13
|
|win|swagelle
|raw|Ladder updating...
|player|p1
|raw|Suicuninite's rating: 1564 &rarr; <strong>1544<\/strong><br \/>(-20 for losing)
|raw|swagelle's rating: 1553 &rarr; <strong>1574<\/strong><br \/>(+21 for winning)