|join|Suicuninite
|join|StarZabRighT
|c|âStarZabRighT|HOLY SHIT
|player|p1|Suicuninite|92
|player|p2|StarZabRighT|274
|gametype|singles
|gen|6
|tier|OU
|rated
|clearpoke
|poke|p1|Talonflame, M
|poke|p1|Latios, M
|poke|p1|Ferrothorn, M
|poke|p1|Rotom-Wash
|poke|p1|Keldeo
|poke|p1|Metagross, shiny
|poke|p2|Charizard, F
|poke|p2|Sylveon, F
|poke|p2|Manaphy
|poke|p2|Landorus-Therian, M
|poke|p2|Skarmory, M
|poke|p2|Raikou
|rule|Swagger Clause: Swagger is banned
|rule|Baton Pass Clause: Limit one PokÃ©mon knowing Baton Pass
|rule|Sleep Clause Mod: Limit one foe put to sleep
|rule|Species Clause: Limit one of each PokÃ©mon
|rule|OHKO Clause: OHKO moves are banned
|rule|Moody Clause: Moody is banned
|rule|Evasion Moves Clause: Evasion moves are banned
|rule|Endless Battle Clause: Forcing endless battles is banned
|rule|HP Percentage Mod: HP is shown in percentages
|teampreview
|c|âStarZabRighT|ITS U
|c|âStarZabRighT|YOOOO
|c|âStarZabRighT|IM A SUB
|c|âSuicuninite|YYYYOOOOOOO
|c|âStarZabRighT|HOLY SHIT THIS IS AMAZING
|c|âSuicuninite|THIS IS SO AWESOME HAHAHA
|c|âStarZabRighT|I GET TO BATTLE THE MAN WHO ONE 2 LS TOURNEYS
|c|âStarZabRighT|GLHF MAN UR AWESOME
|c|âSuicuninite|SHIT DUDE IM FLATTERED THANK YOU
|c|âSuicuninite|GLHF@
|c|âSuicuninite|!*
|
|start
|switch|p1a: Rotom-Wash|Rotom-Wash|304\/304
|switch|p2a: Landorus-Therian|Landorus-Therian, M|319\/319
|-ability|p2a: Landorus-Therian|Intimidate|[of] p1a: Rotom-Wash
|-unboost|p1a: Rotom-Wash|atk|1
|turn|1
|
|move|p2a: Landorus-Therian|U-turn|p1a: Rotom-Wash
|-damage|p1a: Rotom-Wash|225\/304
|
|switch|p2a: Raikou|Raikou|321\/321
|-ability|p2a: Raikou|Pressure
|move|p1a: Rotom-Wash|Will-O-Wisp|p2a: Raikou
|-status|p2a: Raikou|brn
|
|-heal|p1a: Rotom-Wash|244\/304|[from] item: Leftovers
|-damage|p2a: Raikou|281\/321 brn|[from] brn
|turn|2
|
|move|p2a: Raikou|Thunderbolt|p1a: Rotom-Wash
|-damage|p1a: Rotom-Wash|93\/304
|move|p1a: Rotom-Wash|Pain Split|p2a: Raikou
|-sethp|p2a: Raikou|187\/321 brn|p1a: Rotom-Wash|187\/304|[from] move: Pain Split
|
|-heal|p1a: Rotom-Wash|206\/304|[from] item: Leftovers
|-damage|p2a: Raikou|147\/321 brn|[from] brn
|turn|3
|
|switch|p2a: Sylveon|Sylveon, F|394\/394
|switch|p1a: Latios|Latios, M|301\/301
|
|turn|4
|
|switch|p1a: Ferrothorn|Ferrothorn, M|352\/352
|move|p2a: Sylveon|Hyper Voice|p1a: Ferrothorn
|-resisted|p1a: Ferrothorn
|-damage|p1a: Ferrothorn|295\/352
|
|-heal|p1a: Ferrothorn|317\/352|[from] item: Leftovers
|turn|5
|
|move|p2a: Sylveon|Wish|p2a: Sylveon
|move|p1a: Ferrothorn|Stealth Rock|p2a: Sylveon
|-sidestart|p2: StarZabRighT|move: Stealth Rock
|
|-heal|p1a: Ferrothorn|339\/352|[from] item: Leftovers
|turn|6
|
|switch|p2a: Raikou|Raikou|147\/321 brn
|-damage|p2a: Raikou|107\/321 brn|[from] Stealth Rock
|-ability|p2a: Raikou|Pressure
|move|p1a: Ferrothorn|Leech Seed|p2a: Raikou
|-start|p2a: Raikou|move: Leech Seed
|
|-heal|p2a: Raikou|304\/321 brn|[from] move: Wish|[wisher] Sylveon
|-heal|p1a: Ferrothorn|352\/352|[from] item: Leftovers
|-damage|p2a: Raikou|264\/321 brn|[from] Leech Seed|[of] p1a: Ferrothorn
|-damage|p2a: Raikou|224\/321 brn|[from] brn
|turn|7
|
|move|p1a: Ferrothorn|Protect|p1a: Ferrothorn
|-singleturn|p1a: Ferrothorn|Protect
|move|p2a: Raikou|Volt Switch|p1a: Ferrothorn
|-activate|p1a: Ferrothorn|Protect
|
|-damage|p2a: Raikou|184\/321 brn|[from] Leech Seed|[of] p1a: Ferrothorn
|-damage|p2a: Raikou|144\/321 brn|[from] brn
|turn|8
|
|move|p2a: Raikou|Volt Switch|p1a: Ferrothorn
|-resisted|p1a: Ferrothorn
|-damage|p1a: Ferrothorn|277\/352
|
|switch|p2a: Skarmory|Skarmory, M|333\/333
|-damage|p2a: Skarmory|292\/333|[from] Stealth Rock
|move|p1a: Ferrothorn|Leech Seed|p2a: Skarmory
|-start|p2a: Skarmory|move: Leech Seed
|
|-heal|p1a: Ferrothorn|299\/352|[from] item: Leftovers
|-damage|p2a: Skarmory|251\/333|[from] Leech Seed|[of] p1a: Ferrothorn
|-heal|p1a: Ferrothorn|340\/352|[silent]
|turn|9
|
|switch|p1a: Rotom-Wash|Rotom-Wash|206\/304
|move|p2a: Skarmory|Defog|p1a: Rotom-Wash
|-unboost|p1a: Rotom-Wash|evasion|1
|-sideend|p2: StarZabRighT|Stealth Rock|[from] move: Defog|[of] p2a: Skarmory
|
|-heal|p1a: Rotom-Wash|225\/304|[from] item: Leftovers
|-damage|p2a: Skarmory|210\/333|[from] Leech Seed|[of] p1a: Rotom-Wash
|-heal|p1a: Rotom-Wash|266\/304|[silent]
|turn|10
|
|switch|p2a: Sylveon|Sylveon, F|394\/394
|move|p1a: Rotom-Wash|Volt Switch|p2a: Sylveon
|-damage|p2a: Sylveon|339\/394
|
|switch|p1a: Metagross|Metagross, shiny|301\/301
|
|-heal|p2a: Sylveon|363\/394|[from] item: Leftovers
|turn|11
|
|switch|p1a: Rotom-Wash|Rotom-Wash|266\/304
|switch|p2a: Skarmory|Skarmory, M|210\/333
|
|-heal|p1a: Rotom-Wash|285\/304|[from] item: Leftovers
|turn|12
|
|switch|p2a: Sylveon|Sylveon, F|363\/394
|move|p1a: Rotom-Wash|Volt Switch|p2a: Sylveon
|-damage|p2a: Sylveon|312\/394
|
|switch|p1a: Metagross|Metagross, shiny|301\/301
|
|-heal|p2a: Sylveon|336\/394|[from] item: Leftovers
|turn|13
|
|switch|p2a: Skarmory|Skarmory, M|210\/333
|detailschange|p1a: Metagross|Metagross-Mega, shiny
|-mega|p1a: Metagross|Metagross|Metagrossite
|move|p1a: Metagross|Meteor Mash|p2a: Skarmory|[miss]
|-miss|p1a: Metagross|p2a: Skarmory
|
|turn|14
|c|âStarZabRighT|Sorry :[
|c|âSuicuninite|meh nbd
|
|switch|p1a: Rotom-Wash|Rotom-Wash|285\/304
|move|p2a: Skarmory|Stealth Rock|p1a: Rotom-Wash
|-sidestart|p1: Suicuninite|move: Stealth Rock
|
|-heal|p1a: Rotom-Wash|304\/304|[from] item: Leftovers
|turn|15
|
|switch|p2a: Sylveon|Sylveon, F|336\/394
|move|p1a: Rotom-Wash|Volt Switch|p2a: Sylveon
|-damage|p2a: Sylveon|288\/394
|
|switch|p1a: Ferrothorn|Ferrothorn, M|340\/352
|-damage|p1a: Ferrothorn|318\/352|[from] Stealth Rock
|
|-heal|p2a: Sylveon|312\/394|[from] item: Leftovers
|-heal|p1a: Ferrothorn|340\/352|[from] item: Leftovers
|turn|16
|
|switch|p2a: Charizard|Charizard, F|333\/333
|move|p1a: Ferrothorn|Stealth Rock|p2a: Charizard
|-sidestart|p2: StarZabRighT|move: Stealth Rock
|
|-heal|p1a: Ferrothorn|352\/352|[from] item: Leftovers
|turn|17
|
|switch|p1a: Rotom-Wash|Rotom-Wash|304\/304
|-damage|p1a: Rotom-Wash|266\/304|[from] Stealth Rock
|detailschange|p2a: Charizard|Charizard-Mega-X, F
|-mega|p2a: Charizard|Charizard|Charizardite X
|move|p2a: Charizard|Dragon Dance|p2a: Charizard
|-boost|p2a: Charizard|atk|1
|-boost|p2a: Charizard|spe|1
|
|-heal|p1a: Rotom-Wash|285\/304|[from] item: Leftovers
|turn|18
|c|âSuicuninite|this thing might just sweep me
|
|move|p2a: Charizard|Dragon Claw|p1a: Rotom-Wash
|-damage|p1a: Rotom-Wash|0 fnt
|faint|p1a: Rotom-Wash
|
|c|âStarZabRighT|yeah
|c|âSuicuninite|JESUS CHRIST
|c|âStarZabRighT|people sleep on mega char x thease days
|
|switch|p1a: Talonflame|Talonflame, M|297\/297
|-damage|p1a: Talonflame|149\/297|[from] Stealth Rock
|turn|19
|c|âStarZabRighT|spdef im guessing right
|c|âSuicuninite|yeah, i still thought I could take one
|
|move|p1a: Talonflame|Brave Bird|p2a: Charizard
|-damage|p2a: Charizard|110\/333
|-damage|p1a: Talonflame|75\/297|[from] recoil|[of] p2a: Charizard
|move|p2a: Charizard|Dragon Claw|p1a: Talonflame
|-damage|p1a: Talonflame|0 fnt
|faint|p1a: Talonflame
|
|c|âStarZabRighT|i did to
|
|switch|p1a: Keldeo|Keldeo|323\/323
|-damage|p1a: Keldeo|303\/323|[from] Stealth Rock
|turn|20
|
|move|p1a: Keldeo|Scald|p2a: Charizard
|-damage|p2a: Charizard|0 fnt
|faint|p2a: Charizard
|
|c|âStarZabRighT|shit
|c|âStarZabRighT|i went to sylv
|c|âStarZabRighT|oh well
|c|âStarZabRighT|it ok
|c|âStarZabRighT|:]
|
|switch|p2a: Sylveon|Sylveon, F|312\/394
|-damage|p2a: Sylveon|263\/394|[from] Stealth Rock
|turn|21
|c|âSuicuninite|yea you probably have this one lol
|c|âStarZabRighT|lol
|
|switch|p1a: Metagross|Metagross-Mega, shiny|301\/301
|-damage|p1a: Metagross|283\/301|[from] Stealth Rock
|switch|p2a: Landorus-Therian|Landorus-Therian, M|319\/319
|-damage|p2a: Landorus-Therian|280\/319|[from] Stealth Rock
|-ability|p2a: Landorus-Therian|Intimidate|[of] p1a: Metagross
|-unboost|p1a: Metagross|atk|1
|
|turn|22
|
|move|p2a: Landorus-Therian|Earthquake|p1a: Metagross
|-supereffective|p1a: Metagross
|-damage|p1a: Metagross|1\/301
|move|p1a: Metagross|Ice Punch|p2a: Landorus-Therian
|-supereffective|p2a: Landorus-Therian
|-damage|p2a: Landorus-Therian|0 fnt
|faint|p2a: Landorus-Therian
|
|c|âSuicuninite|THE SURVIVAL
|c|âStarZabRighT|niceeee
|c|âSuicuninite|i literally lived at 1
|c|âStarZabRighT|wow
|
|switch|p2a: Raikou|Raikou|144\/321 brn
|-damage|p2a: Raikou|104\/321 brn|[from] Stealth Rock
|-ability|p2a: Raikou|Pressure
|turn|23
|c|âStarZabRighT|the bulk
|c|âSuicuninite|you're not kidding lol
|
|switch|p1a: Ferrothorn|Ferrothorn, M|352\/352
|-damage|p1a: Ferrothorn|330\/352|[from] Stealth Rock
|move|p2a: Raikou|Volt Switch|p1a: Ferrothorn
|-resisted|p1a: Ferrothorn
|-damage|p1a: Ferrothorn|254\/352
|
|switch|p2a: Manaphy|Manaphy|404\/404
|-damage|p2a: Manaphy|354\/404|[from] Stealth Rock
|
|-heal|p2a: Manaphy|379\/404|[from] item: Leftovers
|-heal|p1a: Ferrothorn|276\/352|[from] item: Leftovers
|turn|24
|
|move|p2a: Manaphy|Rain Dance|p2a: Manaphy
|-weather|RainDance
|move|p1a: Ferrothorn|Leech Seed|p2a: Manaphy|[miss]
|-miss|p1a: Ferrothorn|p2a: Manaphy
|
|-weather|RainDance|[upkeep]
|-heal|p2a: Manaphy|404\/404|[from] item: Leftovers
|-heal|p1a: Ferrothorn|298\/352|[from] item: Leftovers
|turn|25
|c|âSuicuninite|welp
|c|âSuicuninite|thats not good
|c|âStarZabRighT|sorry man
|
|move|p2a: Manaphy|Tail Glow|p2a: Manaphy
|-boost|p2a: Manaphy|spa|3
|move|p1a: Ferrothorn|Leech Seed|p2a: Manaphy
|-start|p2a: Manaphy|move: Leech Seed
|
|-weather|RainDance|[upkeep]
|-heal|p1a: Ferrothorn|320\/352|[from] item: Leftovers
|-damage|p2a: Manaphy|354\/404|[from] Leech Seed|[of] p1a: Ferrothorn
|-heal|p1a: Ferrothorn|352\/352|[silent]
|turn|26
|c|âSuicuninite|it happens
|c|âStarZabRighT|are u recording?
|c|âSuicuninite|im not :\/
|c|âStarZabRighT|ah
|c|âStarZabRighT|well
|c|âStarZabRighT|its still so amazing to battle u
|
|move|p2a: Manaphy|Tail Glow|p2a: Manaphy
|-boost|p2a: Manaphy|spa|3
|move|p1a: Ferrothorn|Gyro Ball|p2a: Manaphy
|-resisted|p2a: Manaphy
|-damage|p2a: Manaphy|271\/404
|
|-weather|RainDance|[upkeep]
|-heal|p2a: Manaphy|296\/404|[from] item: Leftovers
|-damage|p2a: Manaphy|246\/404|[from] Leech Seed|[of] p1a: Ferrothorn
|turn|27
|c|âSuicuninite|thanks dude :]
|c|âSuicuninite|I'm about to get rekd by this thing though
|c|âStarZabRighT|this morning when i woke up i litteraly thought about u and wondred if i ever got to battle u
|c|âStarZabRighT|and today was the day
|
|move|p2a: Manaphy|Rest|p2a: Manaphy
|-status|p2a: Manaphy|slp
|-heal|p2a: Manaphy|404\/404 slp|[silent]
|-status|p2a: Manaphy|slp|[from] move: Rest
|move|p1a: Ferrothorn|Gyro Ball|p2a: Manaphy
|-resisted|p2a: Manaphy
|-damage|p2a: Manaphy|319\/404 slp
|
|-weather|RainDance|[upkeep]
|-curestatus|p2a: Manaphy|slp
|-heal|p2a: Manaphy|344\/404|[from] item: Leftovers
|-damage|p2a: Manaphy|294\/404|[from] Leech Seed|[of] p1a: Ferrothorn
|turn|28
|c|âSuicuninite|thats awesome :D you know, if you ever want to battle again in the future you can just ask
|
|move|p1a: Ferrothorn|Protect|p1a: Ferrothorn
|-singleturn|p1a: Ferrothorn|Protect
|move|p2a: Manaphy|Scald|p1a: Ferrothorn
|-activate|p1a: Ferrothorn|Protect
|
|-weather|none
|-heal|p2a: Manaphy|319\/404|[from] item: Leftovers
|-damage|p2a: Manaphy|269\/404|[from] Leech Seed|[of] p1a: Ferrothorn
|turn|29
|c|âStarZabRighT|i will be sure to ur so awesome and when i saw ur name pop up my heart dropped
|
|switch|p1a: Latios|Latios, M|301\/301
|-damage|p1a: Latios|264\/301|[from] Stealth Rock
|move|p2a: Manaphy|Scald|p1a: Latios
|-resisted|p1a: Latios
|-damage|p1a: Latios|57\/301
|
|-heal|p1a: Latios|75\/301|[from] item: Leftovers
|-heal|p2a: Manaphy|294\/404|[from] item: Leftovers
|-damage|p2a: Manaphy|244\/404|[from] Leech Seed|[of] p1a: Latios
|-heal|p1a: Latios|125\/301|[silent]
|turn|30
|c|âSuicuninite|thanks so much man! that actually means a lot, i really appreciate that :)
|
|switch|p2a: Sylveon|Sylveon, F|263\/394
|-damage|p2a: Sylveon|214\/394|[from] Stealth Rock
|move|p1a: Latios|Draco Meteor|p2a: Sylveon
|-immune|p2a: Sylveon|[msg]
|
|-heal|p1a: Latios|143\/301|[from] item: Leftovers
|-heal|p2a: Sylveon|238\/394|[from] item: Leftovers
|turn|31
|
|move|p1a: Latios|Defog|p2a: Sylveon
|-unboost|p2a: Sylveon|evasion|1
|-sideend|p2: StarZabRighT|Stealth Rock|[from] move: Defog|[of] p2a: Sylveon
|-sideend|p1: Suicuninite|Stealth Rock|[from] move: Defog|[of] p1a: Latios
|move|p2a: Sylveon|Hyper Voice|p1a: Latios
|-supereffective|p1a: Latios
|-damage|p1a: Latios|0 fnt
|faint|p1a: Latios
|
|-heal|p2a: Sylveon|262\/394|[from] item: Leftovers
|
|switch|p1a: Metagross|Metagross-Mega, shiny|1\/301
|turn|32
|
|switch|p1a: Keldeo|Keldeo|303\/323
|switch|p2a: Raikou|Raikou|104\/321 brn
|-ability|p2a: Raikou|Pressure
|
|-damage|p2a: Raikou|64\/321 brn|[from] brn
|turn|33
|c|âStarZabRighT|yes
|
|switch|p1a: Ferrothorn|Ferrothorn, M|352\/352
|move|p2a: Raikou|Volt Switch|p1a: Ferrothorn
|-resisted|p1a: Ferrothorn
|-damage|p1a: Ferrothorn|282\/352
|
|switch|p2a: Manaphy|Manaphy|244\/404
|
|-heal|p2a: Manaphy|269\/404|[from] item: Leftovers
|-heal|p1a: Ferrothorn|304\/352|[from] item: Leftovers
|turn|34
|
|switch|p2a: Skarmory|Skarmory, M|210\/333
|switch|p1a: Metagross|Metagross-Mega, shiny|1\/301
|
|turn|35
|c|âSuicuninite|damn you're predicting the shit out of me XD
|c|âStarZabRighT|lol
|
|switch|p1a: Ferrothorn|Ferrothorn, M|304\/352
|move|p2a: Skarmory|Roost|p2a: Skarmory
|-heal|p2a: Skarmory|333\/333
|
|-heal|p1a: Ferrothorn|326\/352|[from] item: Leftovers
|turn|36
|
|move|p2a: Skarmory|Stealth Rock|p1a: Ferrothorn
|-sidestart|p1: Suicuninite|move: Stealth Rock
|move|p1a: Ferrothorn|Leech Seed|p2a: Skarmory
|-start|p2a: Skarmory|move: Leech Seed
|
|-heal|p1a: Ferrothorn|348\/352|[from] item: Leftovers
|-damage|p2a: Skarmory|292\/333|[from] Leech Seed|[of] p1a: Ferrothorn
|-heal|p1a: Ferrothorn|352\/352|[silent]
|turn|37
|c|âStarZabRighT|rip metagross
|
|switch|p2a: Manaphy|Manaphy|269\/404
|switch|p1a: Keldeo|Keldeo|303\/323
|-damage|p1a: Keldeo|283\/323|[from] Stealth Rock
|
|-heal|p2a: Manaphy|294\/404|[from] item: Leftovers
|turn|38
|
|switch|p2a: Raikou|Raikou|64\/321 brn
|-ability|p2a: Raikou|Pressure
|move|p1a: Keldeo|Secret Sword|p2a: Raikou
|-crit|p2a: Raikou
|-damage|p2a: Raikou|0 fnt
|faint|p2a: Raikou
|
|
|switch|p2a: Sylveon|Sylveon, F|262\/394
|turn|39
|
|switch|p1a: Ferrothorn|Ferrothorn, M|352\/352
|-damage|p1a: Ferrothorn|330\/352|[from] Stealth Rock
|move|p2a: Sylveon|Wish|p2a: Sylveon
|
|-heal|p2a: Sylveon|286\/394|[from] item: Leftovers
|-heal|p1a: Ferrothorn|352\/352|[from] item: Leftovers
|turn|40
|c|âStarZabRighT|i just made this team too so i was doubting myself so much
|c|âSuicuninite|yeah, this one is okay, it needs improvement
|
|switch|p2a: Manaphy|Manaphy|294\/404
|move|p1a: Ferrothorn|Leech Seed|p2a: Manaphy
|-start|p2a: Manaphy|move: Leech Seed
|
|-heal|p2a: Manaphy|404\/404|[from] move: Wish|[wisher] Sylveon
|-damage|p2a: Manaphy|354\/404|[from] Leech Seed|[of] p1a: Ferrothorn
|turn|41
|c|âStarZabRighT|this is the one u made the teambuilder video on right?
|
|switch|p1a: Keldeo|Keldeo|283\/323
|-damage|p1a: Keldeo|263\/323|[from] Stealth Rock
|move|p2a: Manaphy|Rain Dance|p2a: Manaphy
|-weather|RainDance
|
|-weather|RainDance|[upkeep]
|-heal|p2a: Manaphy|379\/404|[from] item: Leftovers
|-damage|p2a: Manaphy|329\/404|[from] Leech Seed|[of] p1a: Keldeo
|-heal|p1a: Keldeo|313\/323|[silent]
|turn|42
|
|switch|p2a: Sylveon|Sylveon, F|286\/394
|move|p1a: Keldeo|Hydro Pump|p2a: Sylveon
|-damage|p2a: Sylveon|121\/394
|
|-weather|RainDance|[upkeep]
|-heal|p2a: Sylveon|145\/394|[from] item: Leftovers
|turn|43
|
|move|p2a: Sylveon|Protect|p2a: Sylveon
|-singleturn|p2a: Sylveon|Protect
|move|p1a: Keldeo|Hydro Pump|p2a: Sylveon
|-activate|p2a: Sylveon|Protect
|
|-weather|RainDance|[upkeep]
|-heal|p2a: Sylveon|169\/394|[from] item: Leftovers
|turn|44
|c|âSuicuninite|yessir
|
|switch|p2a: Manaphy|Manaphy|329\/404
|move|p1a: Keldeo|Hydro Pump|p2a: Manaphy
|-resisted|p2a: Manaphy
|-damage|p2a: Manaphy|184\/404
|
|-weather|RainDance|[upkeep]
|-heal|p2a: Manaphy|209\/404|[from] item: Leftovers
|turn|45
|
|switch|p1a: Ferrothorn|Ferrothorn, M|352\/352
|-damage|p1a: Ferrothorn|330\/352|[from] Stealth Rock
|move|p2a: Manaphy|Scald|p1a: Ferrothorn
|-resisted|p1a: Ferrothorn
|-damage|p1a: Ferrothorn|264\/352
|
|-weather|none
|-heal|p2a: Manaphy|234\/404|[from] item: Leftovers
|-heal|p1a: Ferrothorn|286\/352|[from] item: Leftovers
|turn|46
|
|move|p2a: Manaphy|Rain Dance|p2a: Manaphy
|-weather|RainDance
|move|p1a: Ferrothorn|Leech Seed|p2a: Manaphy|[miss]
|-miss|p1a: Ferrothorn|p2a: Manaphy
|
|-weather|RainDance|[upkeep]
|-heal|p2a: Manaphy|259\/404|[from] item: Leftovers
|-heal|p1a: Ferrothorn|308\/352|[from] item: Leftovers
|turn|47
|c|âSuicuninite|:\/
|
|move|p2a: Manaphy|Tail Glow|p2a: Manaphy
|-boost|p2a: Manaphy|spa|3
|move|p1a: Ferrothorn|Leech Seed|p2a: Manaphy
|-start|p2a: Manaphy|move: Leech Seed
|
|-weather|RainDance|[upkeep]
|-heal|p2a: Manaphy|284\/404|[from] item: Leftovers
|-heal|p1a: Ferrothorn|330\/352|[from] item: Leftovers
|-damage|p2a: Manaphy|234\/404|[from] Leech Seed|[of] p1a: Ferrothorn
|-heal|p1a: Ferrothorn|352\/352|[silent]
|turn|48
|c|âStarZabRighT|man i dont even have bright powder
|
|switch|p1a: Keldeo|Keldeo|313\/323
|-damage|p1a: Keldeo|293\/323|[from] Stealth Rock
|move|p2a: Manaphy|Rest|p2a: Manaphy
|-status|p2a: Manaphy|slp
|-heal|p2a: Manaphy|404\/404 slp|[silent]
|-status|p2a: Manaphy|slp|[from] move: Rest
|
|-weather|RainDance|[upkeep]
|-curestatus|p2a: Manaphy|slp
|-damage|p2a: Manaphy|354\/404|[from] Leech Seed|[of] p1a: Keldeo
|-heal|p1a: Keldeo|323\/323|[silent]
|turn|49
|c|âSuicuninite|hey man i gtg soon
|c|âSuicuninite|you around?
|-message|StarZabRighT lost due to inactivity.
|
|win|Suicuninite
|raw|Ladder updating...
|c|âSuicuninite|sorry dude i had to put the timer on cuz i gotta go :[ keep in touch alright? later man :]
|raw|Suicuninite's rating: 1523 &rarr; <strong>1544<\/strong><br \/>(+21 for winning)
|raw|StarZabRighT's rating: 1540 &rarr; <strong>1519<\/strong><br \/>(-21 for losing)
|leave|Suicuninite
|player|p1
|join|ghostbear
|join|Neoxprenn
|join|Ninjadeerling
|leave|Neoxprenn
|join|leyn
|leave|ghostbear
|join|killar45
|leave|leyn
|c|âStarZabRighT|hes metagroos was at 1hp
|c|âStarZabRighT|the geme was mine
|c|âStarZabRighT|but my computer
|c|âStarZabRighT|i swear to god im selling it
|leave|Ninjadeerling
|leave|killar45