|join|Suicuninite
|join|CoolPikachu
|player|p1|Suicuninite|92
|player|p2|CoolPikachu|102
|gametype|singles
|gen|6
|tier|OU (suspect test)
|rated
|clearpoke
|poke|p1|Pinsir, M
|poke|p1|Ferrothorn, M
|poke|p1|Vaporeon, F
|poke|p1|Landorus-Therian, M
|poke|p1|Magnezone
|poke|p1|Latios, M
|poke|p2|Altaria, F
|poke|p2|Heatran, M
|poke|p2|Rotom-Wash
|poke|p2|Latios, M
|poke|p2|Scizor, F
|poke|p2|Mamoswine, F
|rule|Swagger Clause: Swagger is banned
|rule|Baton Pass Clause: Limit one PokÃ©mon knowing Baton Pass
|rule|Sleep Clause Mod: Limit one foe put to sleep
|rule|Species Clause: Limit one of each PokÃ©mon
|rule|OHKO Clause: OHKO moves are banned
|rule|Moody Clause: Moody is banned
|rule|Evasion Moves Clause: Evasion moves are banned
|rule|Endless Battle Clause: Forcing endless battles is banned
|rule|HP Percentage Mod: HP is shown in percentages
|teampreview
|
|start
|switch|p1a: Ferrothorn|Ferrothorn, M|352\/352
|switch|p2a: Rotom-Wash|Rotom-Wash|304\/304
|turn|1
|
|move|p2a: Rotom-Wash|Volt Switch|p1a: Ferrothorn
|-resisted|p1a: Ferrothorn
|-damage|p1a: Ferrothorn|316\/352
|
|switch|p2a: Heatran|Heatran, M|385\/385
|move|p1a: Ferrothorn|Stealth Rock|p2a: Heatran
|-sidestart|p2: CoolPikachu|move: Stealth Rock
|
|-heal|p1a: Ferrothorn|338\/352|[from] item: Leftovers
|turn|2
|
|switch|p1a: Vaporeon|Vaporeon, F|464\/464
|move|p2a: Heatran|Lava Plume|p1a: Vaporeon
|-resisted|p1a: Vaporeon
|-damage|p1a: Vaporeon|423\/464
|
|-heal|p1a: Vaporeon|452\/464|[from] item: Leftovers
|turn|3
|
|switch|p2a: Rotom-Wash|Rotom-Wash|304\/304
|-damage|p2a: Rotom-Wash|266\/304|[from] Stealth Rock
|move|p1a: Vaporeon|Wish|p1a: Vaporeon
|
|-heal|p2a: Rotom-Wash|285\/304|[from] item: Leftovers
|-heal|p1a: Vaporeon|464\/464|[from] item: Leftovers
|turn|4
|
|move|p2a: Rotom-Wash|Will-O-Wisp|p1a: Vaporeon
|-status|p1a: Vaporeon|brn
|move|p1a: Vaporeon|Toxic|p2a: Rotom-Wash
|-status|p2a: Rotom-Wash|tox
|
|-heal|p2a: Rotom-Wash|304\/304 tox|[from] item: Leftovers
|-damage|p2a: Rotom-Wash|285\/304 tox|[from] psn
|-damage|p1a: Vaporeon|406\/464 brn|[from] brn
|turn|5
|
|move|p2a: Rotom-Wash|Volt Switch|p1a: Vaporeon
|-supereffective|p1a: Vaporeon
|-damage|p1a: Vaporeon|274\/464 brn
|
|switch|p2a: Latios|Latios, M|301\/301
|-damage|p2a: Latios|264\/301|[from] Stealth Rock
|move|p1a: Vaporeon|Wish|p1a: Vaporeon
|
|-heal|p1a: Vaporeon|303\/464 brn|[from] item: Leftovers
|-damage|p1a: Vaporeon|245\/464 brn|[from] brn
|turn|6
|
|move|p1a: Vaporeon|Protect|p1a: Vaporeon
|-singleturn|p1a: Vaporeon|Protect
|move|p2a: Latios|Energy Ball|p1a: Vaporeon
|-activate|p1a: Vaporeon|Protect
|
|-heal|p1a: Vaporeon|464\/464 brn|[from] move: Wish|[wisher] Vaporeon
|-damage|p1a: Vaporeon|406\/464 brn|[from] brn
|turn|7
|
|switch|p2a: Rotom-Wash|Rotom-Wash|285\/304 tox
|-damage|p2a: Rotom-Wash|247\/304 tox|[from] Stealth Rock
|switch|p1a: Ferrothorn|Ferrothorn, M|338\/352
|
|-heal|p2a: Rotom-Wash|266\/304 tox|[from] item: Leftovers
|-heal|p1a: Ferrothorn|352\/352|[from] item: Leftovers
|-damage|p2a: Rotom-Wash|247\/304 tox|[from] psn
|turn|8
|
|switch|p1a: Vaporeon|Vaporeon, F|406\/464 brn
|move|p2a: Rotom-Wash|Volt Switch|p1a: Vaporeon
|-supereffective|p1a: Vaporeon
|-damage|p1a: Vaporeon|268\/464 brn
|
|switch|p2a: Latios|Latios, M|264\/301
|-damage|p2a: Latios|227\/301|[from] Stealth Rock
|
|-heal|p1a: Vaporeon|297\/464 brn|[from] item: Leftovers
|-damage|p1a: Vaporeon|239\/464 brn|[from] brn
|turn|9
|
|switch|p1a: Ferrothorn|Ferrothorn, M|352\/352
|move|p2a: Latios|Energy Ball|p1a: Ferrothorn
|-resisted|p1a: Ferrothorn
|-damage|p1a: Ferrothorn|329\/352
|
|-heal|p1a: Ferrothorn|351\/352|[from] item: Leftovers
|turn|10
|
|switch|p2a: Scizor|Scizor, F|344\/344
|-damage|p2a: Scizor|301\/344|[from] Stealth Rock
|move|p1a: Ferrothorn|Thunder Wave|p2a: Scizor
|-status|p2a: Scizor|par
|
|-heal|p2a: Scizor|322\/344 par|[from] item: Leftovers
|-heal|p1a: Ferrothorn|352\/352|[from] item: Leftovers
|turn|11
|
|switch|p1a: Landorus-Therian|Landorus-Therian, M|319\/319
|-ability|p1a: Landorus-Therian|Intimidate|[of] p2a: Scizor
|-unboost|p2a: Scizor|atk|1
|cant|p2a: Scizor|par
|
|-heal|p2a: Scizor|343\/344 par|[from] item: Leftovers
|turn|12
|
|move|p1a: Landorus-Therian|U-turn|p2a: Scizor
|-resisted|p2a: Scizor
|-damage|p2a: Scizor|309\/344 par
|
|switch|p1a: Magnezone|Magnezone|343\/343
|move|p2a: Scizor|Defog|p1a: Magnezone
|-unboost|p1a: Magnezone|evasion|1
|-sideend|p2: CoolPikachu|Stealth Rock|[from] move: Defog|[of] p2a: Scizor
|
|-heal|p2a: Scizor|330\/344 par|[from] item: Leftovers
|turn|13
|
|move|p1a: Magnezone|Hidden Power|p2a: Scizor
|-supereffective|p2a: Scizor
|-damage|p2a: Scizor|0 fnt
|faint|p2a: Scizor
|
|
|switch|p2a: Heatran|Heatran, M|385\/385
|turn|14
|
|switch|p1a: Vaporeon|Vaporeon, F|239\/464 brn
|move|p2a: Heatran|Stealth Rock|p1a: Vaporeon
|-sidestart|p1: Suicuninite|move: Stealth Rock
|
|-heal|p1a: Vaporeon|268\/464 brn|[from] item: Leftovers
|-damage|p1a: Vaporeon|210\/464 brn|[from] brn
|turn|15
|
|switch|p2a: Rotom-Wash|Rotom-Wash|247\/304 tox
|move|p1a: Vaporeon|Wish|p1a: Vaporeon
|
|-heal|p2a: Rotom-Wash|266\/304 tox|[from] item: Leftovers
|-heal|p1a: Vaporeon|239\/464 brn|[from] item: Leftovers
|-damage|p2a: Rotom-Wash|247\/304 tox|[from] psn
|-damage|p1a: Vaporeon|181\/464 brn|[from] brn
|turn|16
|
|move|p1a: Vaporeon|Protect|p1a: Vaporeon
|-singleturn|p1a: Vaporeon|Protect
|move|p2a: Rotom-Wash|Volt Switch|p1a: Vaporeon
|-activate|p1a: Vaporeon|Protect
|
|-heal|p1a: Vaporeon|413\/464 brn|[from] move: Wish|[wisher] Vaporeon
|-heal|p2a: Rotom-Wash|266\/304 tox|[from] item: Leftovers
|-heal|p1a: Vaporeon|442\/464 brn|[from] item: Leftovers
|-damage|p2a: Rotom-Wash|228\/304 tox|[from] psn
|-damage|p1a: Vaporeon|384\/464 brn|[from] brn
|turn|17
|
|move|p2a: Rotom-Wash|Volt Switch|p1a: Vaporeon
|-supereffective|p1a: Vaporeon
|-damage|p1a: Vaporeon|262\/464 brn
|
|switch|p2a: Latios|Latios, M|227\/301
|move|p1a: Vaporeon|Wish|p1a: Vaporeon
|
|-heal|p1a: Vaporeon|291\/464 brn|[from] item: Leftovers
|-damage|p1a: Vaporeon|233\/464 brn|[from] brn
|turn|18
|
|move|p1a: Vaporeon|Protect|p1a: Vaporeon
|-singleturn|p1a: Vaporeon|Protect
|move|p2a: Latios|Energy Ball|p1a: Vaporeon
|-activate|p1a: Vaporeon|Protect
|
|-heal|p1a: Vaporeon|464\/464 brn|[from] move: Wish|[wisher] Vaporeon
|-damage|p1a: Vaporeon|406\/464 brn|[from] brn
|turn|19
|
|switch|p2a: Heatran|Heatran, M|385\/385
|move|p1a: Vaporeon|Toxic|p2a: Heatran
|-fail|p2a: Heatran
|
|-heal|p1a: Vaporeon|435\/464 brn|[from] item: Leftovers
|-damage|p1a: Vaporeon|377\/464 brn|[from] brn
|turn|20
|
|switch|p2a: Rotom-Wash|Rotom-Wash|228\/304 tox
|move|p1a: Vaporeon|Wish|p1a: Vaporeon
|
|-heal|p2a: Rotom-Wash|247\/304 tox|[from] item: Leftovers
|-heal|p1a: Vaporeon|406\/464 brn|[from] item: Leftovers
|-damage|p2a: Rotom-Wash|228\/304 tox|[from] psn
|-damage|p1a: Vaporeon|348\/464 brn|[from] brn
|turn|21
|
|move|p2a: Rotom-Wash|Volt Switch|p1a: Vaporeon
|-crit|p1a: Vaporeon
|-supereffective|p1a: Vaporeon
|-damage|p1a: Vaporeon|160\/464 brn
|
|switch|p2a: Latios|Latios, M|227\/301
|move|p1a: Vaporeon|Scald|p2a: Latios
|-resisted|p2a: Latios
|-damage|p2a: Latios|180\/301
|-status|p2a: Latios|brn
|
|-heal|p1a: Vaporeon|392\/464 brn|[from] move: Wish|[wisher] Vaporeon
|-heal|p1a: Vaporeon|421\/464 brn|[from] item: Leftovers
|-damage|p2a: Latios|143\/301 brn|[from] brn
|-damage|p1a: Vaporeon|363\/464 brn|[from] brn
|turn|22
|
|move|p2a: Latios|Energy Ball|p1a: Vaporeon
|-supereffective|p1a: Vaporeon
|-damage|p1a: Vaporeon|176\/464 brn
|move|p1a: Vaporeon|Wish|p1a: Vaporeon
|
|-heal|p1a: Vaporeon|205\/464 brn|[from] item: Leftovers
|-damage|p2a: Latios|106\/301 brn|[from] brn
|-damage|p1a: Vaporeon|147\/464 brn|[from] brn
|turn|23
|
|switch|p2a: Altaria|Altaria, F|291\/291
|move|p1a: Vaporeon|Protect|p1a: Vaporeon
|-fail|p1a: Vaporeon
|
|-heal|p1a: Vaporeon|379\/464 brn|[from] move: Wish|[wisher] Vaporeon
|-heal|p1a: Vaporeon|408\/464 brn|[from] item: Leftovers
|-damage|p1a: Vaporeon|350\/464 brn|[from] brn
|turn|24
|
|detailschange|p2a: Altaria|Altaria-Mega, F
|-mega|p2a: Altaria|Altaria|Altarianite
|move|p2a: Altaria|Dragon Dance|p2a: Altaria
|-boost|p2a: Altaria|atk|1
|-boost|p2a: Altaria|spe|1
|move|p1a: Vaporeon|Toxic|p2a: Altaria
|-status|p2a: Altaria|tox
|
|-heal|p1a: Vaporeon|379\/464 brn|[from] item: Leftovers
|-damage|p2a: Altaria|273\/291 tox|[from] psn
|-damage|p1a: Vaporeon|321\/464 brn|[from] brn
|turn|25
|
|move|p2a: Altaria|Dragon Dance|p2a: Altaria
|-boost|p2a: Altaria|atk|1
|-boost|p2a: Altaria|spe|1
|move|p1a: Vaporeon|Wish|p1a: Vaporeon
|
|-heal|p1a: Vaporeon|350\/464 brn|[from] item: Leftovers
|-damage|p2a: Altaria|237\/291 tox|[from] psn
|-damage|p1a: Vaporeon|292\/464 brn|[from] brn
|turn|26
|
|move|p1a: Vaporeon|Protect|p1a: Vaporeon
|-singleturn|p1a: Vaporeon|Protect
|move|p2a: Altaria|Earthquake|p1a: Vaporeon
|-activate|p1a: Vaporeon|Protect
|
|-heal|p1a: Vaporeon|464\/464 brn|[from] move: Wish|[wisher] Vaporeon
|-damage|p2a: Altaria|183\/291 tox|[from] psn
|-damage|p1a: Vaporeon|406\/464 brn|[from] brn
|turn|27
|
|move|p2a: Altaria|Return|p1a: Vaporeon
|-damage|p1a: Vaporeon|0 fnt
|faint|p1a: Vaporeon
|
|-damage|p2a: Altaria|111\/291 tox|[from] psn
|
|switch|p1a: Landorus-Therian|Landorus-Therian, M|319\/319
|-damage|p1a: Landorus-Therian|280\/319|[from] Stealth Rock
|-ability|p1a: Landorus-Therian|Intimidate|[of] p2a: Altaria
|-unboost|p2a: Altaria|atk|1
|turn|28
|
|switch|p1a: Ferrothorn|Ferrothorn, M|352\/352
|-damage|p1a: Ferrothorn|330\/352|[from] Stealth Rock
|move|p2a: Altaria|Return|p1a: Ferrothorn
|-resisted|p1a: Ferrothorn
|-damage|p1a: Ferrothorn|231\/352
|-damage|p2a: Altaria|75\/291 tox|[from] ability: Iron Barbs|[of] p1a: Ferrothorn
|
|-heal|p1a: Ferrothorn|253\/352|[from] item: Leftovers
|-damage|p2a: Altaria|0 fnt|[from] psn
|faint|p2a: Altaria
|
|switch|p2a: Heatran|Heatran, M|385\/385
|turn|29
|
|switch|p1a: Latios|Latios, M|301\/301
|-damage|p1a: Latios|264\/301|[from] Stealth Rock
|move|p2a: Heatran|Lava Plume|p1a: Latios
|-resisted|p1a: Latios
|-damage|p1a: Latios|213\/301
|
|turn|30
|
|switch|p2a: Rotom-Wash|Rotom-Wash|228\/304 tox
|move|p1a: Latios|Defog|p2a: Rotom-Wash
|-unboost|p2a: Rotom-Wash|evasion|1
|-sideend|p1: Suicuninite|Stealth Rock|[from] move: Defog|[of] p1a: Latios
|
|-heal|p2a: Rotom-Wash|247\/304 tox|[from] item: Leftovers
|-damage|p2a: Rotom-Wash|228\/304 tox|[from] psn
|turn|31
|
|move|p1a: Latios|Draco Meteor|p2a: Rotom-Wash
|-damage|p2a: Rotom-Wash|16\/304 tox
|-unboost|p1a: Latios|spa|2
|-damage|p1a: Latios|183\/301|[from] item: Life Orb
|move|p2a: Rotom-Wash|Will-O-Wisp|p1a: Latios
|-status|p1a: Latios|brn
|
|-heal|p2a: Rotom-Wash|35\/304 tox|[from] item: Leftovers
|-damage|p1a: Latios|146\/301 brn|[from] brn
|-damage|p2a: Rotom-Wash|0 fnt|[from] psn
|faint|p2a: Rotom-Wash
|
|switch|p2a: Latios|Latios, M|106\/301 brn
|turn|32
|
|move|p2a: Latios|Draco Meteor|p1a: Latios
|-supereffective|p1a: Latios
|-damage|p1a: Latios|0 fnt
|-unboost|p2a: Latios|spa|2
|faint|p1a: Latios
|
|-damage|p2a: Latios|69\/301 brn|[from] brn
|
|switch|p1a: Pinsir|Pinsir, M|271\/271
|turn|33
|
|detailschange|p1a: Pinsir|Pinsir-Mega, M
|-mega|p1a: Pinsir|Pinsir|Pinsirite
|move|p2a: Latios|Draco Meteor|p1a: Pinsir
|-damage|p1a: Pinsir|142\/271
|-unboost|p2a: Latios|spa|2
|move|p1a: Pinsir|Swords Dance|p1a: Pinsir
|-boost|p1a: Pinsir|atk|2
|
|-damage|p2a: Latios|32\/301 brn|[from] brn
|turn|34
|
|move|p1a: Pinsir|Quick Attack|p2a: Latios
|-damage|p2a: Latios|0 fnt
|faint|p2a: Latios
|
|
|switch|p2a: Mamoswine|Mamoswine, F|361\/361
|turn|35
|
|move|p2a: Mamoswine|Ice Shard|p1a: Pinsir
|-supereffective|p1a: Pinsir
|-damage|p1a: Pinsir|4\/271
|move|p1a: Pinsir|Quick Attack|p2a: Mamoswine
|-damage|p2a: Mamoswine|120\/361
|
|turn|36
|
|move|p2a: Mamoswine|Ice Shard|p1a: Pinsir
|-supereffective|p1a: Pinsir
|-damage|p1a: Pinsir|0 fnt
|faint|p1a: Pinsir
|
|
|switch|p1a: Ferrothorn|Ferrothorn, M|253\/352
|turn|37
|c|âSuicuninite|wait how'd you outspend my quick attack?
|c|âSuicuninite|speed*
|
|switch|p2a: Heatran|Heatran, M|385\/385
|move|p1a: Ferrothorn|Leech Seed|p2a: Heatran
|-start|p2a: Heatran|move: Leech Seed
|
|-heal|p1a: Ferrothorn|275\/352|[from] item: Leftovers
|-damage|p2a: Heatran|337\/385|[from] Leech Seed|[of] p1a: Ferrothorn
|-heal|p1a: Ferrothorn|323\/352|[silent]
|turn|38
|c|âSuicuninite|is you mamoswine scarfed?
|
|switch|p2a: Mamoswine|Mamoswine, F|120\/361
|switch|p1a: Magnezone|Magnezone|343\/343
|
|turn|39
|
|switch|p1a: Ferrothorn|Ferrothorn, M|323\/352
|move|p2a: Mamoswine|Earthquake|p1a: Ferrothorn
|-damage|p1a: Ferrothorn|206\/352
|
|-heal|p1a: Ferrothorn|228\/352|[from] item: Leftovers
|turn|40
|
|switch|p2a: Heatran|Heatran, M|337\/385
|move|p1a: Ferrothorn|Leech Seed|p2a: Heatran
|-start|p2a: Heatran|move: Leech Seed
|
|-heal|p2a: Heatran|361\/385|[from] item: Leftovers
|-heal|p1a: Ferrothorn|250\/352|[from] item: Leftovers
|-damage|p2a: Heatran|313\/385|[from] Leech Seed|[of] p1a: Ferrothorn
|-heal|p1a: Ferrothorn|298\/352|[silent]
|turn|41
|
|switch|p1a: Magnezone|Magnezone|343\/343
|move|p2a: Heatran|Lava Plume|p1a: Magnezone
|-crit|p1a: Magnezone
|-supereffective|p1a: Magnezone
|-damage|p1a: Magnezone|0 fnt
|faint|p1a: Magnezone
|
|-heal|p2a: Heatran|337\/385|[from] item: Leftovers
|
|switch|p1a: Landorus-Therian|Landorus-Therian, M|280\/319
|-ability|p1a: Landorus-Therian|Intimidate|[of] p2a: Heatran
|-unboost|p2a: Heatran|atk|1
|turn|42
|
|move|p1a: Landorus-Therian|Earthquake|p2a: Heatran
|-supereffective|p2a: Heatran
|-damage|p2a: Heatran|0 fnt
|faint|p2a: Heatran
|
|
|switch|p2a: Mamoswine|Mamoswine, F|120\/361
|turn|43
|
|move|p1a: Landorus-Therian|Earthquake|p2a: Mamoswine
|-damage|p2a: Mamoswine|0 fnt
|faint|p2a: Mamoswine
|
|win|Suicuninite
|raw|Ladder updating...
|raw|Suicuninite's rating: 1319 &rarr; <strong>1334<\/strong><br \/>(+15 for winning)
|raw|CoolPikachu's rating: 1221 &rarr; <strong>1203<\/strong><br \/>(-18 for losing)
|c|âSuicuninite|gg man
|c|âCoolPikachu|gg
|leave|CoolPikachu
|player|p2