|join|Doouchebag
|join|Sacripan'
|player|p1|Doouchebag|102
|player|p2|Sacripan'|265
|gametype|singles
|gen|6
|tier|UU
|rated
|rule|Sleep Clause Mod: Limit one foe put to sleep
|rule|Species Clause: Limit one of each PokÃ©mon
|rule|OHKO Clause: OHKO moves are banned
|rule|Moody Clause: Moody is banned
|rule|Evasion Moves Clause: Evasion moves are banned
|rule|Endless Battle Clause: Forcing endless battles is banned
|rule|HP Percentage Mod: HP is shown in percentages
|clearpoke
|poke|p1|Haxorus, M
|poke|p1|Forretress, F
|poke|p1|Florges, F
|poke|p1|Jirachi
|poke|p1|Swampert, M
|poke|p1|Starmie
|poke|p2|Absol, M
|poke|p2|Raikou
|poke|p2|Nidoqueen, F
|poke|p2|Mienshao, F
|poke|p2|Whimsicott, M
|poke|p2|Crobat, F
|rule|Swagger Clause: Swagger is banned
|rule|Baton Pass Clause: Limit one PokÃ©mon knowing Baton Pass
|teampreview
|
|start
|switch|p1a: Swampert|Swampert, M|403\/403
|switch|p2a: Whimsicott|Whimsicott, M|262\/262
|turn|1
|
|switch|p1a: Forretress|Forretress, F|354\/354
|move|p2a: Whimsicott|U-turn|p1a: Forretress
|-resisted|p1a: Forretress
|-damage|p1a: Forretress|343\/354
|
|switch|p2a: Nidoqueen|Nidoqueen, F|384\/384
|
|-heal|p1a: Forretress|354\/354|[from] item: Leftovers
|turn|2
|
|switch|p1a: Starmie|Starmie|261\/261
|move|p2a: Nidoqueen|Earth Power|p1a: Starmie
|-damage|p1a: Starmie|19\/261
|
|turn|3
|
|switch|p2a: Raikou|Raikou|322\/322
|-ability|p2a: Raikou|Pressure
|move|p1a: Starmie|Hydro Pump|p2a: Raikou
|-damage|p2a: Raikou|135\/322
|-damage|p1a: Starmie|0 fnt|[from] item: Life Orb
|faint|p1a: Starmie
|
|
|switch|p1a: Swampert|Swampert, M|403\/403
|turn|4
|
|detailschange|p1a: Swampert|Swampert-Mega, M
|-mega|p1a: Swampert|Swampert|Swampertite
|move|p2a: Raikou|Hidden Power|p1a: Swampert
|-supereffective|p1a: Swampert
|-damage|p1a: Swampert|215\/403
|move|p1a: Swampert|Waterfall|p2a: Raikou
|-damage|p2a: Raikou|0 fnt
|faint|p2a: Raikou
|
|
|switch|p2a: Whimsicott|Whimsicott, M|262\/262
|turn|5
|
|move|p2a: Whimsicott|U-turn|p1a: Swampert
|-damage|p1a: Swampert|182\/403
|
|switch|p2a: Mienshao|Mienshao, F|271\/271
|move|p1a: Swampert|Rest|p1a: Swampert
|-status|p1a: Swampert|slp
|-heal|p1a: Swampert|403\/403 slp|[silent]
|-status|p1a: Swampert|slp|[from] move: Rest
|
|turn|6
|
|move|p2a: Mienshao|U-turn|p1a: Swampert
|-crit|p1a: Swampert
|-damage|p1a: Swampert|295\/403 slp
|
|switch|p2a: Whimsicott|Whimsicott, M|262\/262
|cant|p1a: Swampert|slp
|move|p1a: Swampert|Sleep Talk|p1a: Swampert
|move|p1a: Swampert|Rest|p1a: Swampert|[from]Sleep Talk
|-fail|p1a: Swampert
|
|turn|7
|
|move|p2a: Whimsicott|Energy Ball|p1a: Swampert
|-crit|p1a: Swampert
|-supereffective|p1a: Swampert
|-damage|p1a: Swampert|0 fnt
|faint|p1a: Swampert
|
|
|switch|p1a: Forretress|Forretress, F|354\/354
|turn|8
|
|switch|p2a: Nidoqueen|Nidoqueen, F|384\/384
|move|p1a: Forretress|Stealth Rock|p2a: Nidoqueen
|-sidestart|p2: Sacripan'|move: Stealth Rock
|
|turn|9
|
|move|p2a: Nidoqueen|Earth Power|p1a: Forretress
|-damage|p1a: Forretress|30\/354
|move|p1a: Forretress|Gyro Ball|p2a: Nidoqueen
|-damage|p2a: Nidoqueen|308\/384
|
|-heal|p1a: Forretress|52\/354|[from] item: Leftovers
|turn|10
|
|move|p2a: Nidoqueen|Earth Power|p1a: Forretress
|-damage|p1a: Forretress|0 fnt
|faint|p1a: Forretress
|
|
|switch|p1a: Haxorus|Haxorus, M|324\/324
|-ability|p1a: Haxorus|Mold Breaker
|turn|11
|
|move|p1a: Haxorus|Earthquake|p2a: Nidoqueen
|-supereffective|p2a: Nidoqueen
|-damage|p2a: Nidoqueen|6\/384
|move|p2a: Nidoqueen|Ice Beam|p1a: Haxorus
|-supereffective|p1a: Haxorus
|-damage|p1a: Haxorus|0 fnt
|faint|p1a: Haxorus
|
|
|switch|p1a: Jirachi|Jirachi|404\/404
|turn|12
|
|switch|p2a: Crobat|Crobat, F|373\/373
|-damage|p2a: Crobat|280\/373|[from] Stealth Rock
|move|p1a: Jirachi|Iron Head|p2a: Crobat
|-damage|p2a: Crobat|163\/373
|
|-heal|p2a: Crobat|186\/373|[from] item: Black Sludge
|turn|13
|
|move|p2a: Crobat|Defog|p1a: Jirachi
|-unboost|p1a: Jirachi|evasion|1
|-sideend|p2: Sacripan'|Stealth Rock|[from] move: Defog|[of] p2a: Crobat
|move|p1a: Jirachi|Substitute|p1a: Jirachi
|-start|p1a: Jirachi|Substitute
|-damage|p1a: Jirachi|303\/404
|
|-heal|p2a: Crobat|209\/373|[from] item: Black Sludge
|-heal|p1a: Jirachi|328\/404|[from] item: Leftovers
|turn|14
|
|move|p2a: Crobat|Roost|p2a: Crobat
|-heal|p2a: Crobat|373\/373
|move|p1a: Jirachi|Fire Punch|p2a: Crobat
|-damage|p2a: Crobat|301\/373
|
|-heal|p2a: Crobat|324\/373|[from] item: Black Sludge
|-heal|p1a: Jirachi|353\/404|[from] item: Leftovers
|turn|15
|
|move|p2a: Crobat|U-turn|p1a: Jirachi
|-activate|p1a: Jirachi|Substitute|[damage]
|
|switch|p2a: Absol|Absol, M|271\/271
|move|p1a: Jirachi|Fire Punch|p2a: Absol
|-damage|p2a: Absol|175\/271
|-status|p2a: Absol|brn
|
|-heal|p1a: Jirachi|378\/404|[from] item: Leftovers
|-damage|p2a: Absol|142\/271 brn|[from] brn
|turn|16
|
|detailschange|p2a: Absol|Absol-Mega, M
|-mega|p2a: Absol|Absol|Absolite
|move|p1a: Jirachi|Iron Head|p2a: Absol
|-damage|p2a: Absol|3\/271 brn
|cant|p2a: Absol|flinch
|
|-heal|p1a: Jirachi|403\/404|[from] item: Leftovers
|-damage|p2a: Absol|0 fnt|[from] brn
|faint|p2a: Absol
|
|switch|p2a: Mienshao|Mienshao, F|271\/271
|turn|17
|
|move|p2a: Mienshao|High Jump Kick|p1a: Jirachi
|-end|p1a: Jirachi|Substitute
|move|p1a: Jirachi|Substitute|p1a: Jirachi
|-start|p1a: Jirachi|Substitute
|-damage|p1a: Jirachi|302\/404
|
|-heal|p1a: Jirachi|327\/404|[from] item: Leftovers
|turn|18
|
|switch|p2a: Whimsicott|Whimsicott, M|262\/262
|move|p1a: Jirachi|Substitute|p1a: Jirachi
|-fail|p1a: Jirachi|move: Substitute
|
|-heal|p1a: Jirachi|352\/404|[from] item: Leftovers
|turn|19
|
|move|p2a: Whimsicott|U-turn|p1a: Jirachi
|-damage|p1a: Jirachi|317\/404
|
|switch|p2a: Mienshao|Mienshao, F|271\/271
|move|p1a: Jirachi|Iron Head|p2a: Mienshao
|-damage|p2a: Mienshao|133\/271
|
|-heal|p1a: Jirachi|342\/404|[from] item: Leftovers
|turn|20
|
|move|p2a: Mienshao|Knock Off|p1a: Jirachi
|-crit|p1a: Jirachi
|-supereffective|p1a: Jirachi
|-end|p1a: Jirachi|Substitute
|move|p1a: Jirachi|Iron Head|p2a: Mienshao
|-damage|p2a: Mienshao|0 fnt
|faint|p2a: Mienshao
|
|-heal|p1a: Jirachi|367\/404|[from] item: Leftovers
|
|switch|p2a: Whimsicott|Whimsicott, M|262\/262
|turn|21
|
|move|p2a: Whimsicott|Switcheroo|p1a: Jirachi
|-activate|p2a: Whimsicott|move: Trick|[of] p1a: Jirachi
|-item|p1a: Jirachi|Choice Specs|[from] Trick
|-item|p2a: Whimsicott|Leftovers|[from] Trick
|move|p1a: Jirachi|Iron Head|p2a: Whimsicott
|-supereffective|p2a: Whimsicott
|-damage|p2a: Whimsicott|64\/262
|
|-heal|p2a: Whimsicott|80\/262|[from] item: Leftovers
|turn|22
|
|move|p2a: Whimsicott|Energy Ball|p1a: Jirachi
|-resisted|p1a: Jirachi
|-damage|p1a: Jirachi|313\/404
|move|p1a: Jirachi|Iron Head|p2a: Whimsicott
|-supereffective|p2a: Whimsicott
|-damage|p2a: Whimsicott|0 fnt
|faint|p2a: Whimsicott
|
|
|switch|p2a: Crobat|Crobat, F|324\/373
|turn|23
|
|switch|p1a: Florges|Florges, F|360\/360
|move|p2a: Crobat|Brave Bird|p1a: Florges
|-damage|p1a: Florges|240\/360
|-damage|p2a: Crobat|284\/373|[from] recoil|[of] p1a: Florges
|
|-heal|p2a: Crobat|307\/373|[from] item: Black Sludge
|-heal|p1a: Florges|262\/360|[from] item: Leftovers
|turn|24
|
|switch|p1a: Jirachi|Jirachi|313\/404
|move|p2a: Crobat|Brave Bird|p1a: Jirachi
|-resisted|p1a: Jirachi
|-damage|p1a: Jirachi|246\/404
|-damage|p2a: Crobat|285\/373|[from] recoil|[of] p1a: Jirachi
|
|-heal|p2a: Crobat|308\/373|[from] item: Black Sludge
|turn|25
|
|move|p2a: Crobat|Brave Bird|p1a: Jirachi
|-resisted|p1a: Jirachi
|-damage|p1a: Jirachi|171\/404
|-damage|p2a: Crobat|283\/373|[from] recoil|[of] p1a: Jirachi
|move|p1a: Jirachi|Fire Punch|p2a: Crobat
|-damage|p2a: Crobat|210\/373
|-status|p2a: Crobat|brn
|
|-heal|p2a: Crobat|233\/373 brn|[from] item: Black Sludge
|-damage|p2a: Crobat|187\/373 brn|[from] brn
|turn|26
|c|âSacripan'|ofc
|c|âSacripan'|:]
|
|switch|p1a: Florges|Florges, F|262\/360
|move|p2a: Crobat|Roost|p2a: Crobat
|-heal|p2a: Crobat|373\/373 brn
|
|-heal|p1a: Florges|284\/360|[from] item: Leftovers
|-damage|p2a: Crobat|327\/373 brn|[from] brn
|turn|27
|
|move|p2a: Crobat|Brave Bird|p1a: Florges
|-damage|p1a: Florges|221\/360
|-damage|p2a: Crobat|306\/373 brn|[from] recoil|[of] p1a: Florges
|move|p1a: Florges|Wish|p1a: Florges
|
|-heal|p2a: Crobat|329\/373 brn|[from] item: Black Sludge
|-heal|p1a: Florges|243\/360|[from] item: Leftovers
|-damage|p2a: Crobat|283\/373 brn|[from] brn
|turn|28
|c|âDoouchebag|jirachi savin ass
|
|switch|p1a: Jirachi|Jirachi|171\/404
|move|p2a: Crobat|U-turn|p1a: Jirachi
|-damage|p1a: Jirachi|144\/404
|c|âSacripan'|just cancer
|c|âSacripan'|"gg"
|-message|Sacripan' forfeited.
|
|win|Doouchebag
|raw|Ladder updating...
|raw|Doouchebag's rating: 1403 &rarr; <strong>1427<\/strong><br \/>(+24 for winning)
|raw|Sacripan&apos;'s rating: 1482 &rarr; <strong>1457<\/strong><br \/>(-25 for losing)