|join|B-War
|join|Doouchebag
|player|p1|B-War|269
|player|p2|Doouchebag|2
|gametype|singles
|gen|6
|tier|UU
|rated
|rule|Sleep Clause Mod: Limit one foe put to sleep
|rule|Species Clause: Limit one of each PokÃ©mon
|rule|OHKO Clause: OHKO moves are banned
|rule|Moody Clause: Moody is banned
|rule|Evasion Moves Clause: Evasion moves are banned
|rule|Endless Battle Clause: Forcing endless battles is banned
|rule|HP Percentage Mod: HP is shown in percentages
|clearpoke
|poke|p1|Hippowdon, M
|poke|p1|Blissey, F
|poke|p1|Gligar, F
|poke|p1|Alakazam, F
|poke|p1|Celebi
|poke|p1|Honchkrow, F
|poke|p2|Raikou
|poke|p2|Flygon, F
|poke|p2|Mienshao, F
|poke|p2|Forretress, M
|poke|p2|Suicune
|poke|p2|Crobat, M
|rule|Swagger Clause: Swagger is banned
|rule|Baton Pass Clause: Limit one PokÃ©mon knowing Baton Pass
|teampreview
|
|start
|switch|p1a: Honchkrow|Honchkrow, F|403\/403
|switch|p2a: Suicune|Suicune|404\/404
|-ability|p2a: Suicune|Pressure
|turn|1
|c|âDoouchebag|another gay defensive core
|
|switch|p1a: Celebi|Celebi|396\/396
|move|p2a: Suicune|Calm Mind|p2a: Suicune
|-boost|p2a: Suicune|spa|1
|-boost|p2a: Suicune|spd|1
|
|turn|2
|c|âB-War|i dont know how thats gay
|
|move|p1a: Celebi|Perish Song|p1a: Celebi
|-fieldactivate|move: Perish Song
|move|p2a: Suicune|Calm Mind|p2a: Suicune
|-boost|p2a: Suicune|spa|1
|-boost|p2a: Suicune|spd|1
|
|-start|p1a: Celebi|perish3
|-start|p2a: Suicune|perish3
|turn|3
|
|move|p1a: Celebi|Nasty Plot|p1a: Celebi
|-boost|p1a: Celebi|spa|2
|move|p2a: Suicune|Scald|p1a: Celebi
|-resisted|p1a: Celebi
|-damage|p1a: Celebi|308\/396
|
|-start|p1a: Celebi|perish2
|-start|p2a: Suicune|perish2
|-heal|p1a: Celebi|332\/396|[from] item: Leftovers
|turn|4
|
|switch|p2a: Crobat|Crobat, M|373\/373
|move|p1a: Celebi|Baton Pass|p1a: Celebi
|
|switch|p1a: Hippowdon|Hippowdon, M|420\/420
|-weather|Sandstorm
|
|-start|p1a: Hippowdon|perish1
|-weather|Sandstorm|[upkeep]
|-damage|p2a: Crobat|350\/373|[from] sandstorm
|-heal|p2a: Crobat|373\/373|[from] item: Black Sludge
|turn|5
|
|switch|p1a: Gligar|Gligar, F|334\/334
|move|p2a: Crobat|U-turn|p1a: Gligar
|-resisted|p1a: Gligar
|-damage|p1a: Gligar|322\/334
|
|switch|p2a: Mienshao|Mienshao, F|271\/271
|
|-weather|Sandstorm|[upkeep]
|-damage|p2a: Mienshao|255\/271|[from] sandstorm
|turn|6
|
|move|p2a: Mienshao|Knock Off|p1a: Gligar
|-damage|p1a: Gligar|253\/334
|-enditem|p1a: Gligar|Eviolite|[from] move: Knock Off|[of] p2a: Mienshao
|-damage|p2a: Mienshao|228\/271|[from] item: Life Orb
|move|p1a: Gligar|Toxic|p2a: Mienshao
|-status|p2a: Mienshao|tox
|
|-weather|Sandstorm|[upkeep]
|-damage|p2a: Mienshao|212\/271 tox|[from] sandstorm
|-damage|p2a: Mienshao|196\/271 tox|[from] psn
|turn|7
|c|âDoouchebag|why the fuck are mega zam and blissey uu?!
|c|âB-War|idk
|
|move|p2a: Mienshao|U-turn|p1a: Gligar
|-resisted|p1a: Gligar
|-damage|p1a: Gligar|217\/334
|-damage|p2a: Mienshao|169\/271 tox|[from] item: Life Orb
|
|switch|p2a: Forretress|Forretress, M|354\/354
|move|p1a: Gligar|Toxic|p2a: Forretress
|-fail|p2a: Forretress
|
|-weather|Sandstorm|[upkeep]
|turn|8
|
|switch|p1a: Honchkrow|Honchkrow, F|403\/403
|move|p2a: Forretress|Stealth Rock|p1a: Honchkrow
|-sidestart|p1: B-War|move: Stealth Rock
|
|-weather|none
|turn|9
|
|move|p1a: Honchkrow|Brave Bird|p2a: Forretress
|-damage|p2a: Forretress|197\/354
|-damage|p1a: Honchkrow|351\/403|[from] recoil|[of] p2a: Forretress
|-damage|p1a: Honchkrow|311\/403|[from] item: Life Orb
|move|p2a: Forretress|Gyro Ball|p1a: Honchkrow
|-damage|p1a: Honchkrow|211\/403
|
|-heal|p2a: Forretress|219\/354|[from] item: Leftovers
|turn|10
|
|switch|p2a: Suicune|Suicune|404\/404
|-ability|p2a: Suicune|Pressure
|move|p1a: Honchkrow|Brave Bird|p2a: Suicune
|-damage|p2a: Suicune|201\/404
|-damage|p1a: Honchkrow|144\/403|[from] recoil|[of] p2a: Suicune
|-damage|p1a: Honchkrow|104\/403|[from] item: Life Orb
|
|-heal|p2a: Suicune|226\/404|[from] item: Leftovers
|turn|11
|c|âDoouchebag|HOW DID THAT DO SO LITTLE!?
|
|move|p2a: Suicune|Rest|p2a: Suicune
|-status|p2a: Suicune|slp
|-heal|p2a: Suicune|404\/404 slp|[silent]
|-status|p2a: Suicune|slp|[from] move: Rest
|move|p1a: Honchkrow|Roost|p1a: Honchkrow
|-heal|p1a: Honchkrow|306\/403
|
|turn|12
|
|cant|p2a: Suicune|slp
|move|p2a: Suicune|Sleep Talk|p2a: Suicune
|move|p2a: Suicune|Calm Mind|p2a: Suicune|[from]Sleep Talk
|-boost|p2a: Suicune|spa|1
|-boost|p2a: Suicune|spd|1
|move|p1a: Honchkrow|Brave Bird|p2a: Suicune
|-damage|p2a: Suicune|217\/404 slp
|-damage|p1a: Honchkrow|244\/403|[from] recoil|[of] p2a: Suicune
|-damage|p1a: Honchkrow|204\/403|[from] item: Life Orb
|
|-heal|p2a: Suicune|242\/404 slp|[from] item: Leftovers
|turn|13
|
|cant|p2a: Suicune|slp
|move|p2a: Suicune|Sleep Talk|p2a: Suicune
|move|p2a: Suicune|Scald|p1a: Honchkrow|[from]Sleep Talk
|-damage|p1a: Honchkrow|0 fnt
|faint|p1a: Honchkrow
|
|-heal|p2a: Suicune|267\/404 slp|[from] item: Leftovers
|
|switch|p1a: Celebi|Celebi|332\/396
|-damage|p1a: Celebi|283\/396|[from] Stealth Rock
|turn|14
|
|switch|p2a: Flygon|Flygon, F|301\/301
|move|p1a: Celebi|Giga Drain|p2a: Flygon
|-damage|p2a: Flygon|150\/301
|-heal|p1a: Celebi|359\/396|[from] drain|[of] p2a: Flygon
|
|-heal|p1a: Celebi|383\/396|[from] item: Leftovers
|turn|15
|
|move|p2a: Flygon|U-turn|p1a: Celebi
|-supereffective|p1a: Celebi
|-damage|p1a: Celebi|107\/396
|
|switch|p2a: Crobat|Crobat, M|373\/373
|move|p1a: Celebi|Giga Drain|p2a: Crobat
|-resisted|p2a: Crobat
|-damage|p2a: Crobat|336\/373
|-heal|p1a: Celebi|126\/396|[from] drain|[of] p2a: Crobat
|
|-heal|p2a: Crobat|359\/373|[from] item: Black Sludge
|-heal|p1a: Celebi|150\/396|[from] item: Leftovers
|turn|16
|
|switch|p1a: Hippowdon|Hippowdon, M|420\/420
|-damage|p1a: Hippowdon|394\/420|[from] Stealth Rock
|-weather|Sandstorm
|move|p2a: Crobat|U-turn|p1a: Hippowdon
|-damage|p1a: Hippowdon|361\/420
|
|switch|p2a: Suicune|Suicune|267\/404 slp
|-ability|p2a: Suicune|Pressure
|
|-weather|Sandstorm|[upkeep]
|-damage|p2a: Suicune|242\/404 slp|[from] sandstorm
|-heal|p2a: Suicune|267\/404 slp|[from] item: Leftovers
|-heal|p1a: Hippowdon|387\/420|[from] item: Leftovers
|turn|17
|
|-curestatus|p2a: Suicune|slp
|move|p2a: Suicune|Scald|p1a: Hippowdon
|-supereffective|p1a: Hippowdon
|-damage|p1a: Hippowdon|139\/420
|move|p1a: Hippowdon|Stealth Rock|p2a: Suicune
|-sidestart|p2: Doouchebag|move: Stealth Rock
|
|-weather|Sandstorm|[upkeep]
|-damage|p2a: Suicune|242\/404|[from] sandstorm
|-heal|p2a: Suicune|267\/404|[from] item: Leftovers
|-heal|p1a: Hippowdon|165\/420|[from] item: Leftovers
|turn|18
|
|switch|p1a: Celebi|Celebi|150\/396
|-damage|p1a: Celebi|101\/396|[from] Stealth Rock
|move|p2a: Suicune|Scald|p1a: Celebi
|-resisted|p1a: Celebi
|-damage|p1a: Celebi|55\/396
|
|-weather|Sandstorm|[upkeep]
|-damage|p1a: Celebi|31\/396|[from] sandstorm
|-damage|p2a: Suicune|242\/404|[from] sandstorm
|-heal|p1a: Celebi|55\/396|[from] item: Leftovers
|-heal|p2a: Suicune|267\/404|[from] item: Leftovers
|turn|19
|
|switch|p2a: Forretress|Forretress, M|219\/354
|-damage|p2a: Forretress|175\/354|[from] Stealth Rock
|move|p1a: Celebi|Giga Drain|p2a: Forretress
|-resisted|p2a: Forretress
|-damage|p2a: Forretress|130\/354
|-heal|p1a: Celebi|78\/396|[from] drain|[of] p2a: Forretress
|
|-weather|Sandstorm|[upkeep]
|-damage|p1a: Celebi|54\/396|[from] sandstorm
|-heal|p1a: Celebi|78\/396|[from] item: Leftovers
|-heal|p2a: Forretress|152\/354|[from] item: Leftovers
|turn|20
|
|switch|p1a: Alakazam|Alakazam, F|251\/251
|move|p2a: Forretress|Rapid Spin|p1a: Alakazam
|-damage|p1a: Alakazam|223\/251
|-sideend|p2: Doouchebag|Stealth Rock|[from] move: Rapid Spin|[of] p2a: Forretress
|
|-weather|none
|-heal|p2a: Forretress|174\/354|[from] item: Leftovers
|turn|21
|
|detailschange|p1a: Alakazam|Alakazam-Mega, F
|-mega|p1a: Alakazam|Alakazam|Alakazite
|-ability|p1a: Alakazam|Sturdy|[from] ability: Trace|[of] p2a: Forretress
|move|p1a: Alakazam|Focus Blast|p2a: Forretress
|-damage|p2a: Forretress|0 fnt
|faint|p2a: Forretress
|
|
|switch|p2a: Flygon|Flygon, F|150\/301
|turn|22
|
|switch|p1a: Gligar|Gligar, F|217\/334
|-damage|p1a: Gligar|176\/334|[from] Stealth Rock
|move|p2a: Flygon|Outrage|p1a: Gligar
|-damage|p1a: Gligar|43\/334
|
|turn|23
|
|move|p2a: Flygon|Outrage|p1a: Gligar
|-crit|p1a: Gligar
|-damage|p1a: Gligar|0 fnt
|faint|p1a: Gligar
|
|
|switch|p1a: Hippowdon|Hippowdon, M|165\/420
|-damage|p1a: Hippowdon|139\/420|[from] Stealth Rock
|-weather|Sandstorm
|turn|24
|
|move|p2a: Flygon|Outrage|p1a: Hippowdon
|-damage|p1a: Hippowdon|28\/420
|move|p1a: Hippowdon|Slack Off|p1a: Hippowdon
|-heal|p1a: Hippowdon|238\/420
|
|-end|p2a: Flygon|rampage
|-start|p2a: Flygon|confusion
|-weather|Sandstorm|[upkeep]
|-heal|p1a: Hippowdon|264\/420|[from] item: Leftovers
|turn|25
|
|switch|p2a: Suicune|Suicune|267\/404
|-ability|p2a: Suicune|Pressure
|move|p1a: Hippowdon|Stealth Rock|p2a: Suicune
|-sidestart|p2: Doouchebag|move: Stealth Rock
|
|-weather|Sandstorm|[upkeep]
|-damage|p2a: Suicune|242\/404|[from] sandstorm
|-heal|p2a: Suicune|267\/404|[from] item: Leftovers
|-heal|p1a: Hippowdon|290\/420|[from] item: Leftovers
|turn|26
|
|switch|p1a: Blissey|Blissey, F|714\/714
|-damage|p1a: Blissey|625\/714|[from] Stealth Rock
|move|p2a: Suicune|Scald|p1a: Blissey
|-damage|p1a: Blissey|559\/714
|
|-weather|Sandstorm|[upkeep]
|-damage|p2a: Suicune|242\/404|[from] sandstorm
|-damage|p1a: Blissey|515\/714|[from] sandstorm
|-heal|p2a: Suicune|267\/404|[from] item: Leftovers
|-heal|p1a: Blissey|559\/714|[from] item: Leftovers
|turn|27
|c|âDoouchebag|NO BURN AFTER HOW MANY SCALDS!?
|
|switch|p1a: Celebi|Celebi|78\/396
|-damage|p1a: Celebi|29\/396|[from] Stealth Rock
|move|p2a: Suicune|Calm Mind|p2a: Suicune
|-boost|p2a: Suicune|spa|1
|-boost|p2a: Suicune|spd|1
|
|-weather|Sandstorm|[upkeep]
|-damage|p1a: Celebi|5\/396|[from] sandstorm
|-damage|p2a: Suicune|242\/404|[from] sandstorm
|-heal|p1a: Celebi|29\/396|[from] item: Leftovers
|-heal|p2a: Suicune|267\/404|[from] item: Leftovers
|turn|28
|
|switch|p2a: Crobat|Crobat, M|359\/373
|-damage|p2a: Crobat|266\/373|[from] Stealth Rock
|move|p1a: Celebi|Giga Drain|p2a: Crobat
|-resisted|p2a: Crobat
|-damage|p2a: Crobat|229\/373
|-heal|p1a: Celebi|48\/396|[from] drain|[of] p2a: Crobat
|
|-weather|none
|-heal|p2a: Crobat|252\/373|[from] item: Black Sludge
|-heal|p1a: Celebi|72\/396|[from] item: Leftovers
|turn|29
|
|switch|p1a: Blissey|Blissey, F|559\/714
|-damage|p1a: Blissey|470\/714|[from] Stealth Rock
|move|p2a: Crobat|U-turn|p1a: Blissey
|-damage|p1a: Blissey|370\/714
|
|switch|p2a: Mienshao|Mienshao, F|259\/271 tox
|-damage|p2a: Mienshao|243\/271 tox|[from] Stealth Rock
|
|-heal|p1a: Blissey|414\/714|[from] item: Leftovers
|-damage|p2a: Mienshao|227\/271 tox|[from] psn
|turn|30
|
|switch|p1a: Celebi|Celebi|72\/396
|-damage|p1a: Celebi|23\/396|[from] Stealth Rock
|move|p2a: Mienshao|High Jump Kick|p1a: Celebi|[miss]
|-miss|p2a: Mienshao|p1a: Celebi
|-damage|p2a: Mienshao|92\/271 tox|[from] highjumpkick
|
|-heal|p1a: Celebi|47\/396|[from] item: Leftovers
|-damage|p2a: Mienshao|60\/271 tox|[from] psn
|turn|31
|c|âDoouchebag|R U SERIOUS!?
|
|switch|p1a: Hippowdon|Hippowdon, M|290\/420
|-damage|p1a: Hippowdon|264\/420|[from] Stealth Rock
|-weather|Sandstorm
|move|p2a: Mienshao|U-turn|p1a: Hippowdon
|-damage|p1a: Hippowdon|202\/420
|-damage|p2a: Mienshao|33\/271 tox|[from] item: Life Orb
|
|switch|p2a: Suicune|Suicune|267\/404
|-damage|p2a: Suicune|217\/404|[from] Stealth Rock
|-ability|p2a: Suicune|Pressure
|
|-weather|Sandstorm|[upkeep]
|-damage|p2a: Suicune|192\/404|[from] sandstorm
|-heal|p2a: Suicune|217\/404|[from] item: Leftovers
|-heal|p1a: Hippowdon|228\/420|[from] item: Leftovers
|turn|32
|
|move|p2a: Suicune|Scald|p1a: Hippowdon
|-supereffective|p1a: Hippowdon
|-damage|p1a: Hippowdon|0 fnt
|faint|p1a: Hippowdon
|
|-weather|Sandstorm|[upkeep]
|-damage|p2a: Suicune|192\/404|[from] sandstorm
|-heal|p2a: Suicune|217\/404|[from] item: Leftovers
|
|switch|p1a: Alakazam|Alakazam-Mega, F|223\/251
|-damage|p1a: Alakazam|192\/251|[from] Stealth Rock
|-ability|p1a: Alakazam|Pressure|[from] ability: Trace|[of] p2a: Suicune
|-ability|p1a: Alakazam|Pressure
|turn|33
|
|move|p1a: Alakazam|Calm Mind|p1a: Alakazam
|-boost|p1a: Alakazam|spa|1
|-boost|p1a: Alakazam|spd|1
|move|p2a: Suicune|Scald|p1a: Alakazam
|-damage|p1a: Alakazam|134\/251
|
|-weather|Sandstorm|[upkeep]
|-damage|p1a: Alakazam|119\/251|[from] sandstorm
|-damage|p2a: Suicune|192\/404|[from] sandstorm
|-heal|p2a: Suicune|217\/404|[from] item: Leftovers
|turn|34
|c|âDoouchebag|STILL NO FUCKING BURN!!
|c|âB-War|lol
|
|move|p1a: Alakazam|Shadow Ball|p2a: Suicune
|-damage|p2a: Suicune|52\/404
|move|p2a: Suicune|Scald|p1a: Alakazam
|-damage|p1a: Alakazam|53\/251
|
|-weather|Sandstorm|[upkeep]
|-damage|p1a: Alakazam|38\/251|[from] sandstorm
|-damage|p2a: Suicune|27\/404|[from] sandstorm
|-heal|p2a: Suicune|52\/404|[from] item: Leftovers
|turn|35
|c|âDoouchebag|WHAT!?
|c|âB-War|yes
|
|move|p1a: Alakazam|Psyshock|p2a: Suicune
|-damage|p2a: Suicune|0 fnt
|faint|p2a: Suicune
|
|-weather|none
|
|switch|p2a: Flygon|Flygon, F|150\/301
|-damage|p2a: Flygon|132\/301|[from] Stealth Rock
|turn|36
|
|switch|p1a: Celebi|Celebi|47\/396
|-damage|p1a: Celebi|0 fnt|[from] Stealth Rock
|faint|p1a: Celebi
|move|p2a: Flygon|Outrage|p1: Celebi|[notarget]
|-notarget
|
|
|switch|p1a: Blissey|Blissey, F|414\/714
|-damage|p1a: Blissey|325\/714|[from] Stealth Rock
|turn|37
|
|move|p2a: Flygon|Outrage|p1a: Blissey
|-damage|p1a: Blissey|0 fnt
|faint|p1a: Blissey
|
|-message|B-War forfeited.
|leave|B-War
|
|win|Doouchebag
|raw|Ladder updating...
|player|p1
|raw|B-War's rating: 1243 &rarr; <strong>1225<\/strong><br \/>(-18 for losing)
|raw|Doouchebag's rating: 1355 &rarr; <strong>1368<\/strong><br \/>(+13 for winning)