|join|Doouchebag
|join|Rigdraf
|player|p1|Doouchebag|2
|player|p2|Rigdraf|10
|gametype|singles
|gen|6
|tier|UU
|rated
|rule|Sleep Clause Mod: Limit one foe put to sleep
|rule|Species Clause: Limit one of each PokÃ©mon
|rule|OHKO Clause: OHKO moves are banned
|rule|Moody Clause: Moody is banned
|rule|Evasion Moves Clause: Evasion moves are banned
|rule|Endless Battle Clause: Forcing endless battles is banned
|rule|HP Percentage Mod: HP is shown in percentages
|clearpoke
|poke|p1|Swampert, M
|poke|p1|Crobat, M
|poke|p1|Noivern, M
|poke|p1|Vaporeon, F
|poke|p1|Mienshao, F
|poke|p1|Celebi
|poke|p2|Chesnaught, F
|poke|p2|Muk, M
|poke|p2|Alakazam, M
|poke|p2|Aerodactyl, M
|poke|p2|Jirachi
|poke|p2|Donphan, F
|rule|Swagger Clause: Swagger is banned
|rule|Baton Pass Clause: Limit one PokÃ©mon knowing Baton Pass
|teampreview
|
|start
|switch|p1a: Crobat|Crobat, M|373\/373
|switch|p2a: Muk|Muk, M|414\/414
|turn|1
|
|move|p1a: Crobat|Brave Bird|p2a: Muk
|-damage|p2a: Muk|224\/414
|-damage|p1a: Crobat|310\/373|[from] recoil|[of] p2a: Muk
|move|p2a: Muk|Ice Punch|p1a: Crobat
|-supereffective|p1a: Crobat
|-damage|p1a: Crobat|166\/373
|
|-heal|p1a: Crobat|189\/373|[from] item: Black Sludge
|-heal|p2a: Muk|249\/414|[from] item: Black Sludge
|turn|2
|
|move|p1a: Crobat|Roost|p1a: Crobat
|-heal|p1a: Crobat|373\/373
|move|p2a: Muk|Curse|p2a: Muk
|-boost|p2a: Muk|atk|1
|-boost|p2a: Muk|def|1
|-unboost|p2a: Muk|spe|1
|
|-heal|p2a: Muk|274\/414|[from] item: Black Sludge
|turn|3
|
|move|p1a: Crobat|U-turn|p2a: Muk
|-resisted|p2a: Muk
|-damage|p2a: Muk|252\/414
|
|switch|p1a: Vaporeon|Vaporeon, F|464\/464
|move|p2a: Muk|Curse|p2a: Muk
|-boost|p2a: Muk|atk|1
|-boost|p2a: Muk|def|1
|-unboost|p2a: Muk|spe|1
|
|-heal|p2a: Muk|277\/414|[from] item: Black Sludge
|turn|4
|
|move|p1a: Vaporeon|Scald|p2a: Muk
|-damage|p2a: Muk|202\/414
|-status|p2a: Muk|brn
|move|p2a: Muk|Poison Jab|p1a: Vaporeon
|-damage|p1a: Vaporeon|359\/464
|-status|p1a: Vaporeon|psn
|
|-heal|p1a: Vaporeon|388\/464 psn|[from] item: Leftovers
|-heal|p2a: Muk|227\/414 brn|[from] item: Black Sludge
|-damage|p1a: Vaporeon|330\/464 psn|[from] psn
|-damage|p2a: Muk|176\/414 brn|[from] brn
|turn|5
|c|âRigdraf|the hax lol
|c|âDoouchebag|yeah right
|
|move|p1a: Vaporeon|Scald|p2a: Muk
|-damage|p2a: Muk|98\/414 brn
|move|p2a: Muk|Poison Jab|p1a: Vaporeon
|-damage|p1a: Vaporeon|228\/464 psn
|
|-heal|p1a: Vaporeon|257\/464 psn|[from] item: Leftovers
|-heal|p2a: Muk|123\/414 brn|[from] item: Black Sludge
|-damage|p1a: Vaporeon|199\/464 psn|[from] psn
|-damage|p2a: Muk|72\/414 brn|[from] brn
|turn|6
|
|move|p1a: Vaporeon|Wish|p1a: Vaporeon
|move|p2a: Muk|Poison Jab|p1a: Vaporeon
|-damage|p1a: Vaporeon|94\/464 psn
|
|-heal|p1a: Vaporeon|123\/464 psn|[from] item: Leftovers
|-heal|p2a: Muk|97\/414 brn|[from] item: Black Sludge
|-damage|p1a: Vaporeon|65\/464 psn|[from] psn
|-damage|p2a: Muk|46\/414 brn|[from] brn
|turn|7
|
|switch|p2a: Jirachi|Jirachi|404\/404
|move|p1a: Vaporeon|Protect|p1a: Vaporeon
|-fail|p1a: Vaporeon
|
|-heal|p1a: Vaporeon|297\/464 psn|[from] move: Wish|[wisher] Vaporeon
|-heal|p1a: Vaporeon|326\/464 psn|[from] item: Leftovers
|-damage|p1a: Vaporeon|268\/464 psn|[from] psn
|turn|8
|
|switch|p1a: Swampert|Swampert, M|404\/404
|move|p2a: Jirachi|Thunder Wave|p1a: Swampert
|-immune|p1a: Swampert|[msg]
|
|turn|9
|
|detailschange|p1a: Swampert|Swampert-Mega, M
|message|Swampert has Mega Evolved into Mega Swampert!
|move|p2a: Jirachi|Stealth Rock|p1a: Swampert
|-sidestart|p1: Doouchebag|move: Stealth Rock
|move|p1a: Swampert|Waterfall|p2a: Jirachi
|-damage|p2a: Jirachi|274\/404
|
|-heal|p2a: Jirachi|299\/404|[from] item: Leftovers
|turn|10
|
|switch|p1a: Noivern|Noivern, M|311\/311
|-damage|p1a: Noivern|234\/311|[from] Stealth Rock
|move|p2a: Jirachi|Wish|p2a: Jirachi
|
|-heal|p2a: Jirachi|324\/404|[from] item: Leftovers
|turn|11
|
|switch|p1a: Vaporeon|Vaporeon, F|268\/464 psn
|-damage|p1a: Vaporeon|210\/464 psn|[from] Stealth Rock
|switch|p2a: Muk|Muk, M|46\/414 brn
|
|-heal|p2a: Muk|248\/414 brn|[from] move: Wish|[wisher] Jirachi
|-heal|p1a: Vaporeon|239\/464 psn|[from] item: Leftovers
|-heal|p2a: Muk|273\/414 brn|[from] item: Black Sludge
|-damage|p1a: Vaporeon|181\/464 psn|[from] psn
|-damage|p2a: Muk|222\/414 brn|[from] brn
|turn|12
|
|switch|p2a: Jirachi|Jirachi|324\/404
|move|p1a: Vaporeon|Wish|p1a: Vaporeon
|
|-heal|p2a: Jirachi|349\/404|[from] item: Leftovers
|-heal|p1a: Vaporeon|210\/464 psn|[from] item: Leftovers
|-damage|p1a: Vaporeon|152\/464 psn|[from] psn
|turn|13
|
|move|p2a: Jirachi|Wish|p2a: Jirachi
|move|p1a: Vaporeon|Heal Bell|p1a: Vaporeon
|-cureteam|p1a: Vaporeon|[from] move: HealBell
|
|-heal|p1a: Vaporeon|384\/464|[from] move: Wish|[wisher] Vaporeon
|-heal|p2a: Jirachi|374\/404|[from] item: Leftovers
|-heal|p1a: Vaporeon|413\/464|[from] item: Leftovers
|turn|14
|
|switch|p2a: Muk|Muk, M|222\/414 brn
|switch|p1a: Mienshao|Mienshao, F|271\/271
|-damage|p1a: Mienshao|255\/271|[from] Stealth Rock
|
|-heal|p2a: Muk|414\/414 brn|[from] move: Wish|[wisher] Jirachi
|-damage|p2a: Muk|363\/414 brn|[from] brn
|turn|15
|c|âRigdraf|this is going nowhere
|
|switch|p2a: Chesnaught|Chesnaught, F|380\/380
|move|p1a: Mienshao|Knock Off|p2a: Chesnaught
|-resisted|p2a: Chesnaught
|-damage|p2a: Chesnaught|342\/380
|-enditem|p2a: Chesnaught|Leftovers|[from] move: Knock Off|[of] p1a: Mienshao
|
|turn|16
|
|switch|p1a: Crobat|Crobat, M|373\/373
|-damage|p1a: Crobat|280\/373|[from] Stealth Rock
|move|p2a: Chesnaught|Leech Seed|p1a: Crobat
|-start|p1a: Crobat|move: Leech Seed
|
|-heal|p1a: Crobat|303\/373|[from] item: Black Sludge
|-damage|p1a: Crobat|257\/373|[from] Leech Seed|[of] p2a: Chesnaught
|-heal|p2a: Chesnaught|380\/380|[silent]
|turn|17
|
|move|p2a: Chesnaught|Spiky Shield|p2a: Chesnaught
|-singleturn|p2a: Chesnaught|move: Protect
|move|p1a: Crobat|Roost|p1a: Crobat
|-heal|p1a: Crobat|373\/373
|
|-damage|p1a: Crobat|327\/373|[from] Leech Seed|[of] p2a: Chesnaught
|turn|18
|
|switch|p2a: Aerodactyl|Aerodactyl, M|302\/302
|move|p1a: Crobat|Defog|p2a: Aerodactyl
|-unboost|p2a: Aerodactyl|evasion|1
|-sideend|p1: Doouchebag|Stealth Rock|[from] move: Defog|[of] p1a: Crobat
|
|-heal|p1a: Crobat|350\/373|[from] item: Black Sludge
|-damage|p1a: Crobat|304\/373|[from] Leech Seed|[of] p2a: Aerodactyl
|turn|19
|
|switch|p1a: Swampert|Swampert-Mega, M|404\/404
|detailschange|p2a: Aerodactyl|Aerodactyl-Mega, M
|message|Aerodactyl has Mega Evolved into Mega Aerodactyl!
|move|p2a: Aerodactyl|Stone Edge|p1a: Swampert
|-resisted|p1a: Swampert
|-damage|p1a: Swampert|318\/404
|
|turn|20
|
|switch|p2a: Chesnaught|Chesnaught, F|380\/380
|switch|p1a: Noivern|Noivern, M|234\/311
|
|turn|21
|
|switch|p2a: Aerodactyl|Aerodactyl-Mega, M|302\/302
|move|p1a: Noivern|Flamethrower|p2a: Aerodactyl
|-resisted|p2a: Aerodactyl
|-damage|p2a: Aerodactyl|234\/302
|
|turn|22
|
|switch|p1a: Vaporeon|Vaporeon, F|413\/464
|move|p2a: Aerodactyl|Crunch|p1a: Vaporeon
|-damage|p1a: Vaporeon|280\/464
|
|-heal|p1a: Vaporeon|309\/464|[from] item: Leftovers
|turn|23
|
|switch|p2a: Muk|Muk, M|363\/414 brn
|move|p1a: Vaporeon|Scald|p2a: Muk
|-damage|p2a: Muk|287\/414 brn
|
|-heal|p1a: Vaporeon|338\/464|[from] item: Leftovers
|-heal|p2a: Muk|312\/414 brn|[from] item: Black Sludge
|-damage|p2a: Muk|261\/414 brn|[from] brn
|turn|24
|
|switch|p1a: Swampert|Swampert-Mega, M|318\/404
|switch|p2a: Jirachi|Jirachi|374\/404
|
|-heal|p2a: Jirachi|399\/404|[from] item: Leftovers
|turn|25
|
|move|p2a: Jirachi|Stealth Rock|p1a: Swampert
|-sidestart|p1: Doouchebag|move: Stealth Rock
|move|p1a: Swampert|Waterfall|p2a: Jirachi
|-damage|p2a: Jirachi|260\/404
|
|-heal|p2a: Jirachi|285\/404|[from] item: Leftovers
|turn|26
|
|switch|p1a: Noivern|Noivern, M|234\/311
|-damage|p1a: Noivern|157\/311|[from] Stealth Rock
|move|p2a: Jirachi|Stealth Rock|p1a: Noivern
|-fail|p1a: Noivern
|
|-heal|p2a: Jirachi|310\/404|[from] item: Leftovers
|turn|27
|c|âRigdraf|what am i doing
|
|move|p1a: Noivern|Flamethrower|p2a: Jirachi
|-supereffective|p2a: Jirachi
|-damage|p2a: Jirachi|114\/404
|move|p2a: Jirachi|Thunder Wave|p1a: Noivern
|-status|p1a: Noivern|par
|
|-heal|p2a: Jirachi|139\/404|[from] item: Leftovers
|turn|28
|
|switch|p1a: Swampert|Swampert-Mega, M|318\/404
|-damage|p1a: Swampert|293\/404|[from] Stealth Rock
|move|p2a: Jirachi|Iron Head|p1a: Swampert
|-resisted|p1a: Swampert
|-damage|p1a: Swampert|249\/404
|
|-heal|p2a: Jirachi|164\/404|[from] item: Leftovers
|turn|29
|
|switch|p2a: Aerodactyl|Aerodactyl-Mega, M|234\/302
|move|p1a: Swampert|Waterfall|p2a: Aerodactyl
|-supereffective|p2a: Aerodactyl
|-damage|p2a: Aerodactyl|0 fnt
|faint|p2a: Aerodactyl
|
|c|âRigdraf|well done
|c|âRigdraf|29 turns in and the first poke faints
|
|switch|p2a: Chesnaught|Chesnaught, F|380\/380
|turn|30
|c|âDoouchebag|ur right! ;D
|
|switch|p1a: Celebi|Celebi|403\/403
|-damage|p1a: Celebi|353\/403|[from] Stealth Rock
|switch|p2a: Muk|Muk, M|261\/414 brn
|
|-heal|p1a: Celebi|378\/403|[from] item: Leftovers
|-heal|p2a: Muk|286\/414 brn|[from] item: Black Sludge
|-damage|p2a: Muk|235\/414 brn|[from] brn
|turn|31
|
|switch|p1a: Crobat|Crobat, M|304\/373
|-damage|p1a: Crobat|211\/373|[from] Stealth Rock
|move|p2a: Muk|Ice Punch|p1a: Crobat
|-supereffective|p1a: Crobat
|-damage|p1a: Crobat|135\/373
|
|-heal|p1a: Crobat|158\/373|[from] item: Black Sludge
|-heal|p2a: Muk|260\/414 brn|[from] item: Black Sludge
|-damage|p2a: Muk|209\/414 brn|[from] brn
|turn|32
|c|âRigdraf|tht burn is killing me
|
|switch|p2a: Donphan|Donphan, F|384\/384
|move|p1a: Crobat|Defog|p2a: Donphan
|-unboost|p2a: Donphan|evasion|1
|-sideend|p1: Doouchebag|Stealth Rock|[from] move: Defog|[of] p1a: Crobat
|
|-heal|p1a: Crobat|181\/373|[from] item: Black Sludge
|turn|33
|
|move|p1a: Crobat|U-turn|p2a: Donphan
|-damage|p2a: Donphan|335\/384
|
|switch|p1a: Vaporeon|Vaporeon, F|338\/464
|move|p2a: Donphan|Knock Off|p1a: Vaporeon
|-damage|p1a: Vaporeon|223\/464
|-enditem|p1a: Vaporeon|Leftovers|[from] move: Knock Off|[of] p2a: Donphan
|
|turn|34
|
|switch|p2a: Chesnaught|Chesnaught, F|380\/380
|move|p1a: Vaporeon|Wish|p1a: Vaporeon
|
|turn|35
|
|switch|p2a: Donphan|Donphan, F|335\/384
|move|p1a: Vaporeon|Heal Bell|p1a: Vaporeon
|-cureteam|p1a: Vaporeon|[from] move: HealBell
|
|-heal|p1a: Vaporeon|455\/464|[from] move: Wish|[wisher] Vaporeon
|turn|36
|c|âRigdraf|i give up man well played
|-message|Rigdraf forfeited.
|
|win|Doouchebag
|raw|Ladder updating...
|leave|Rigdraf
|player|p2
|raw|Doouchebag's rating: 1412 &rarr; <strong>1421<\/strong><br \/>(+9 for winning)
|raw|Rigdraf's rating: 1214 &rarr; <strong>1202<\/strong><br \/>(-12 for losing)