|join|Doouchebag
|join|shinhow
|player|p1|Doouchebag|266
|player|p2|shinhow|126
|gametype|singles
|gen|6
|tier|UU
|rated
|rule|Sleep Clause Mod: Limit one foe put to sleep
|rule|Species Clause: Limit one of each PokÃ©mon
|rule|OHKO Clause: OHKO moves are banned
|rule|Moody Clause: Moody is banned
|rule|Evasion Moves Clause: Evasion moves are banned
|rule|Endless Battle Clause: Forcing endless battles is banned
|rule|HP Percentage Mod: HP is shown in percentages
|clearpoke
|poke|p1|Haxorus, F
|poke|p1|Toxicroak, M
|poke|p1|Aggron, F
|poke|p1|Suicune
|poke|p1|Rotom-Heat
|poke|p1|Umbreon, F
|poke|p2|Infernape, F
|poke|p2|Slurpuff, F
|poke|p2|Cradily, M
|poke|p2|Forretress, F
|poke|p2|Jolteon, F
|poke|p2|Chandelure, F
|rule|Swagger Clause: Swagger is banned
|rule|Baton Pass Clause: Limit one PokÃ©mon knowing Baton Pass
|teampreview
|
|start
|switch|p1a: Haxorus|Haxorus, F|293\/293
|switch|p2a: Infernape|Infernape, F|294\/294
|-ability|p1a: Haxorus|Mold Breaker
|turn|1
|
|move|p2a: Infernape|U-turn|p1a: Haxorus
|-damage|p1a: Haxorus|219\/293
|
|switch|p2a: Slurpuff|Slurpuff, F|306\/306
|move|p1a: Haxorus|Earthquake|p2a: Slurpuff
|-damage|p2a: Slurpuff|72\/306
|-enditem|p2a: Slurpuff|Sitrus Berry|[eat]
|-heal|p2a: Slurpuff|148\/306|[from] item: Sitrus Berry
|
|turn|2
|
|switch|p1a: Aggron|Aggron, F|344\/344
|move|p2a: Slurpuff|Play Rough|p1a: Aggron
|-resisted|p1a: Aggron
|-damage|p1a: Aggron|312\/344
|
|turn|3
|
|detailschange|p1a: Aggron|Aggron-Mega, F
|-mega|p1a: Aggron|Aggron|Aggronite
|move|p2a: Slurpuff|Drain Punch|p1a: Aggron
|-supereffective|p1a: Aggron
|-damage|p1a: Aggron|267\/344
|-heal|p2a: Slurpuff|171\/306|[from] drain|[of] p1a: Aggron
|move|p1a: Aggron|Heavy Slam|p2a: Slurpuff
|-supereffective|p2a: Slurpuff
|-damage|p2a: Slurpuff|0 fnt
|faint|p2a: Slurpuff
|
|
|switch|p2a: Infernape|Infernape, F|294\/294
|turn|4
|
|switch|p1a: Suicune|Suicune|404\/404
|-ability|p1a: Suicune|Pressure
|move|p2a: Infernape|Stealth Rock|p1a: Suicune
|-sidestart|p1: Doouchebag|move: Stealth Rock
|
|turn|5
|
|move|p2a: Infernape|U-turn|p1a: Suicune
|-crit|p1a: Suicune
|-damage|p1a: Suicune|334\/404
|
|switch|p2a: Jolteon|Jolteon, F|271\/271
|move|p1a: Suicune|Calm Mind|p1a: Suicune
|-boost|p1a: Suicune|spa|1
|-boost|p1a: Suicune|spd|1
|
|-heal|p1a: Suicune|359\/404|[from] item: Leftovers
|turn|6
|
|switch|p1a: Rotom-Heat|Rotom-Heat|241\/241
|-damage|p1a: Rotom-Heat|181\/241|[from] Stealth Rock
|move|p2a: Jolteon|Thunderbolt|p1a: Rotom-Heat
|-resisted|p1a: Rotom-Heat
|-damage|p1a: Rotom-Heat|95\/241
|-damage|p2a: Jolteon|244\/271|[from] item: Life Orb
|
|turn|7
|
|switch|p1a: Umbreon|Umbreon, F|394\/394
|-damage|p1a: Umbreon|345\/394|[from] Stealth Rock
|move|p2a: Jolteon|Shadow Ball|p1a: Umbreon
|-resisted|p1a: Umbreon
|-damage|p1a: Umbreon|310\/394
|-damage|p2a: Jolteon|217\/271|[from] item: Life Orb
|
|-heal|p1a: Umbreon|334\/394|[from] item: Leftovers
|turn|8
|
|move|p2a: Jolteon|Volt Switch|p1a: Umbreon
|-crit|p1a: Umbreon
|-damage|p1a: Umbreon|204\/394
|-damage|p2a: Jolteon|190\/271|[from] item: Life Orb
|
|switch|p2a: Infernape|Infernape, F|294\/294
|move|p1a: Umbreon|Wish|p1a: Umbreon
|
|-heal|p1a: Umbreon|228\/394|[from] item: Leftovers
|turn|9
|
|switch|p1a: Haxorus|Haxorus, F|219\/293
|-damage|p1a: Haxorus|183\/293|[from] Stealth Rock
|-ability|p1a: Haxorus|Mold Breaker
|move|p2a: Infernape|Overheat|p1a: Haxorus
|-resisted|p1a: Haxorus
|-damage|p1a: Haxorus|81\/293
|-unboost|p2a: Infernape|spa|2
|
|-heal|p1a: Haxorus|278\/293|[from] move: Wish|[wisher] Umbreon
|turn|10
|
|move|p2a: Infernape|U-turn|p1a: Haxorus
|-damage|p1a: Haxorus|206\/293
|
|switch|p2a: Forretress|Forretress, F|354\/354
|move|p1a: Haxorus|Earthquake|p2a: Forretress
|-damage|p2a: Forretress|226\/354
|
|-heal|p2a: Forretress|248\/354|[from] item: Leftovers
|turn|11
|
|switch|p1a: Toxicroak|Toxicroak, M|307\/307
|-damage|p1a: Toxicroak|288\/307|[from] Stealth Rock
|move|p2a: Forretress|Gyro Ball|p1a: Toxicroak
|-damage|p1a: Toxicroak|143\/307
|
|-heal|p1a: Toxicroak|162\/307|[from] item: Black Sludge
|-heal|p2a: Forretress|270\/354|[from] item: Leftovers
|turn|12
|
|switch|p2a: Chandelure|Chandelure, F|324\/324
|move|p1a: Toxicroak|Swords Dance|p1a: Toxicroak
|-boost|p1a: Toxicroak|atk|2
|
|-heal|p1a: Toxicroak|181\/307|[from] item: Black Sludge
|turn|13
|
|move|p1a: Toxicroak|Sucker Punch|p2a: Chandelure
|-fail|p2a: Chandelure
|move|p2a: Chandelure|Will-O-Wisp|p1a: Toxicroak
|-status|p1a: Toxicroak|brn
|
|-heal|p1a: Toxicroak|200\/307 brn|[from] item: Black Sludge
|-damage|p1a: Toxicroak|162\/307 brn|[from] brn
|turn|14
|
|move|p1a: Toxicroak|Gunk Shot|p2a: Chandelure
|-resisted|p2a: Chandelure
|-damage|p2a: Chandelure|244\/324
|move|p2a: Chandelure|Flamethrower|p1a: Toxicroak
|-damage|p1a: Toxicroak|0 fnt
|faint|p1a: Toxicroak
|
|-heal|p2a: Chandelure|264\/324|[from] item: Leftovers
|
|switch|p1a: Haxorus|Haxorus, F|206\/293
|-damage|p1a: Haxorus|170\/293|[from] Stealth Rock
|-ability|p1a: Haxorus|Mold Breaker
|turn|15
|
|move|p1a: Haxorus|Earthquake|p2a: Chandelure
|-supereffective|p2a: Chandelure
|-damage|p2a: Chandelure|0 fnt
|faint|p2a: Chandelure
|
|
|switch|p2a: Infernape|Infernape, F|294\/294
|turn|16
|
|move|p2a: Infernape|U-turn|p1a: Haxorus
|-damage|p1a: Haxorus|90\/293
|
|switch|p2a: Forretress|Forretress, F|270\/354
|move|p1a: Haxorus|Earthquake|p2a: Forretress
|-damage|p2a: Forretress|146\/354
|
|-heal|p2a: Forretress|168\/354|[from] item: Leftovers
|turn|17
|
|move|p1a: Haxorus|Earthquake|p2a: Forretress
|-damage|p2a: Forretress|51\/354
|move|p2a: Forretress|Volt Switch|p1a: Haxorus
|-resisted|p1a: Haxorus
|-damage|p1a: Haxorus|64\/293
|
|switch|p2a: Infernape|Infernape, F|294\/294
|
|turn|18
|
|switch|p1a: Suicune|Suicune|359\/404
|-damage|p1a: Suicune|309\/404|[from] Stealth Rock
|-ability|p1a: Suicune|Pressure
|move|p2a: Infernape|Close Combat|p1a: Suicune
|-damage|p1a: Suicune|186\/404
|-unboost|p2a: Infernape|def|1
|-unboost|p2a: Infernape|spd|1
|
|-heal|p1a: Suicune|211\/404|[from] item: Leftovers
|turn|19
|
|move|p2a: Infernape|U-turn|p1a: Suicune
|-damage|p1a: Suicune|161\/404
|
|switch|p2a: Cradily|Cradily, M|376\/376
|move|p1a: Suicune|Rest|p1a: Suicune
|-status|p1a: Suicune|slp
|-heal|p1a: Suicune|404\/404 slp|[silent]
|-status|p1a: Suicune|slp|[from] move: Rest
|
|turn|20
|
|switch|p1a: Rotom-Heat|Rotom-Heat|95\/241
|-damage|p1a: Rotom-Heat|35\/241|[from] Stealth Rock
|move|p2a: Cradily|Giga Drain|p1a: Rotom-Heat
|-resisted|p1a: Rotom-Heat
|-damage|p1a: Rotom-Heat|0 fnt
|faint|p1a: Rotom-Heat
|
|
|switch|p1a: Haxorus|Haxorus, F|64\/293
|-damage|p1a: Haxorus|28\/293|[from] Stealth Rock
|-ability|p1a: Haxorus|Mold Breaker
|turn|21
|
|switch|p2a: Forretress|Forretress, F|51\/354
|move|p1a: Haxorus|Outrage|p2a: Forretress
|-resisted|p2a: Forretress
|-damage|p2a: Forretress|0 fnt
|faint|p2a: Forretress
|
|
|switch|p2a: Infernape|Infernape, F|294\/294
|turn|22
|
|move|p2a: Infernape|Close Combat|p1a: Haxorus
|-damage|p1a: Haxorus|0 fnt
|-unboost|p2a: Infernape|def|1
|-unboost|p2a: Infernape|spd|1
|faint|p1a: Haxorus
|
|
|switch|p1a: Suicune|Suicune|404\/404 slp
|-damage|p1a: Suicune|354\/404 slp|[from] Stealth Rock
|-ability|p1a: Suicune|Pressure
|turn|23
|
|move|p2a: Infernape|Close Combat|p1a: Suicune
|-damage|p1a: Suicune|234\/404 slp
|-unboost|p2a: Infernape|def|1
|-unboost|p2a: Infernape|spd|1
|cant|p1a: Suicune|slp
|move|p1a: Suicune|Sleep Talk|p1a: Suicune
|move|p1a: Suicune|Rest|p1a: Suicune|[from]Sleep Talk
|-fail|p1a: Suicune
|
|-heal|p1a: Suicune|259\/404 slp|[from] item: Leftovers
|turn|24
|
|move|p2a: Infernape|U-turn|p1a: Suicune
|-damage|p1a: Suicune|209\/404 slp
|
|switch|p2a: Cradily|Cradily, M|376\/376
|cant|p1a: Suicune|slp
|move|p1a: Suicune|Sleep Talk|p1a: Suicune
|move|p1a: Suicune|Calm Mind|p1a: Suicune|[from]Sleep Talk
|-boost|p1a: Suicune|spa|1
|-boost|p1a: Suicune|spd|1
|
|-heal|p1a: Suicune|234\/404 slp|[from] item: Leftovers
|turn|25
|c|âDoouchebag|YOU STUPID DOG!!
|
|switch|p1a: Umbreon|Umbreon, F|228\/394
|-damage|p1a: Umbreon|179\/394|[from] Stealth Rock
|move|p2a: Cradily|Giga Drain|p1a: Umbreon
|-damage|p1a: Umbreon|133\/394
|
|-heal|p1a: Umbreon|157\/394|[from] item: Leftovers
|turn|26
|
|switch|p2a: Infernape|Infernape, F|294\/294
|move|p1a: Umbreon|Wish|p1a: Umbreon
|
|-heal|p1a: Umbreon|181\/394|[from] item: Leftovers
|turn|27
|
|move|p1a: Umbreon|Protect|p1a: Umbreon
|-singleturn|p1a: Umbreon|Protect
|move|p2a: Infernape|Close Combat|p1a: Umbreon
|-activate|p1a: Umbreon|Protect
|
|-heal|p1a: Umbreon|378\/394|[from] move: Wish|[wisher] Umbreon
|-heal|p1a: Umbreon|394\/394|[from] item: Leftovers
|turn|28
|
|switch|p1a: Suicune|Suicune|234\/404 slp
|-damage|p1a: Suicune|184\/404 slp|[from] Stealth Rock
|-ability|p1a: Suicune|Pressure
|move|p2a: Infernape|Close Combat|p1a: Suicune
|-damage|p1a: Suicune|66\/404 slp
|-unboost|p2a: Infernape|def|1
|-unboost|p2a: Infernape|spd|1
|
|-heal|p1a: Suicune|91\/404 slp|[from] item: Leftovers
|turn|29
|
|move|p2a: Infernape|U-turn|p1a: Suicune
|-damage|p1a: Suicune|47\/404 slp
|
|switch|p2a: Cradily|Cradily, M|376\/376
|-curestatus|p1a: Suicune|slp
|move|p1a: Suicune|Rest|p1a: Suicune
|-status|p1a: Suicune|slp
|-heal|p1a: Suicune|404\/404 slp|[silent]
|-status|p1a: Suicune|slp|[from] move: Rest
|
|turn|30
|c|âDoouchebag|WHY THE FUCK R U USING CRADILY IN UU!?
|
|switch|p1a: Aggron|Aggron-Mega, F|267\/344
|-damage|p1a: Aggron|246\/344|[from] Stealth Rock
|move|p2a: Cradily|Giga Drain|p1a: Aggron
|-resisted|p1a: Aggron
|-damage|p1a: Aggron|207\/344
|
|turn|31
|
|switch|p2a: Infernape|Infernape, F|294\/294
|move|p1a: Aggron|Heavy Slam|p2a: Infernape
|-resisted|p2a: Infernape
|-damage|p2a: Infernape|176\/294
|
|turn|32
|
|switch|p1a: Suicune|Suicune|404\/404 slp
|-damage|p1a: Suicune|354\/404 slp|[from] Stealth Rock
|-ability|p1a: Suicune|Pressure
|move|p2a: Infernape|Overheat|p1a: Suicune
|-resisted|p1a: Suicune
|-damage|p1a: Suicune|285\/404 slp
|-unboost|p2a: Infernape|spa|2
|
|-heal|p1a: Suicune|310\/404 slp|[from] item: Leftovers
|turn|33
|
|move|p2a: Infernape|U-turn|p1a: Suicune
|-damage|p1a: Suicune|258\/404 slp
|
|switch|p2a: Cradily|Cradily, M|376\/376
|cant|p1a: Suicune|slp
|
|-heal|p1a: Suicune|283\/404 slp|[from] item: Leftovers
|turn|34
|
|switch|p1a: Aggron|Aggron-Mega, F|207\/344
|-damage|p1a: Aggron|186\/344|[from] Stealth Rock
|move|p2a: Cradily|Earthquake|p1a: Aggron
|-supereffective|p1a: Aggron
|-damage|p1a: Aggron|149\/344
|
|turn|35
|
|switch|p2a: Infernape|Infernape, F|176\/294
|move|p1a: Aggron|Heavy Slam|p2a: Infernape
|-resisted|p2a: Infernape
|-damage|p2a: Infernape|51\/294
|
|turn|36
|
|switch|p1a: Umbreon|Umbreon, F|394\/394
|-damage|p1a: Umbreon|345\/394|[from] Stealth Rock
|move|p2a: Infernape|Overheat|p1a: Umbreon
|-damage|p1a: Umbreon|251\/394
|-unboost|p2a: Infernape|spa|2
|
|-heal|p1a: Umbreon|275\/394|[from] item: Leftovers
|turn|37
|
|switch|p1a: Suicune|Suicune|283\/404 slp
|-damage|p1a: Suicune|233\/404 slp|[from] Stealth Rock
|-ability|p1a: Suicune|Pressure
|move|p2a: Infernape|U-turn|p1a: Suicune
|-damage|p1a: Suicune|188\/404 slp
|
|switch|p2a: Jolteon|Jolteon, F|190\/271
|
|-heal|p1a: Suicune|213\/404 slp|[from] item: Leftovers
|turn|38
|
|switch|p1a: Umbreon|Umbreon, F|275\/394
|-damage|p1a: Umbreon|226\/394|[from] Stealth Rock
|move|p2a: Jolteon|Volt Switch|p1a: Umbreon
|-damage|p1a: Umbreon|132\/394
|-damage|p2a: Jolteon|163\/271|[from] item: Life Orb
|
|switch|p2a: Infernape|Infernape, F|51\/294
|
|-heal|p1a: Umbreon|156\/394|[from] item: Leftovers
|turn|39
|
|move|p1a: Umbreon|Protect|p1a: Umbreon
|-singleturn|p1a: Umbreon|Protect
|move|p2a: Infernape|U-turn|p1a: Umbreon
|-activate|p1a: Umbreon|Protect
|
|-heal|p1a: Umbreon|180\/394|[from] item: Leftovers
|turn|40
|
|move|p2a: Infernape|U-turn|p1a: Umbreon
|-supereffective|p1a: Umbreon
|-damage|p1a: Umbreon|42\/394
|
|switch|p2a: Cradily|Cradily, M|376\/376
|move|p1a: Umbreon|Wish|p1a: Umbreon
|
|-heal|p1a: Umbreon|66\/394|[from] item: Leftovers
|turn|41
|
|switch|p1a: Aggron|Aggron-Mega, F|149\/344
|-damage|p1a: Aggron|128\/344|[from] Stealth Rock
|move|p2a: Cradily|Stone Edge|p1a: Aggron
|-resisted|p1a: Aggron
|-damage|p1a: Aggron|108\/344
|
|-heal|p1a: Aggron|305\/344|[from] move: Wish|[wisher] Umbreon
|turn|42
|
|move|p1a: Aggron|Stealth Rock|p2a: Cradily
|-sidestart|p2: shinhow|move: Stealth Rock
|move|p2a: Cradily|Giga Drain|p1a: Aggron
|-resisted|p1a: Aggron
|-damage|p1a: Aggron|264\/344
|
|turn|43
|
|move|p1a: Aggron|Heavy Slam|p2a: Cradily
|-supereffective|p2a: Cradily
|-damage|p2a: Cradily|0 fnt
|faint|p2a: Cradily
|
|
|switch|p2a: Jolteon|Jolteon, F|163\/271
|-damage|p2a: Jolteon|130\/271|[from] Stealth Rock
|turn|44
|
|move|p2a: Jolteon|Thunderbolt|p1a: Aggron
|-damage|p1a: Aggron|61\/344
|-status|p1a: Aggron|par
|-damage|p2a: Jolteon|103\/271|[from] item: Life Orb
|move|p1a: Aggron|Earthquake|p2a: Jolteon
|-supereffective|p2a: Jolteon
|-damage|p2a: Jolteon|0 fnt
|faint|p2a: Jolteon
|
|-message|shinhow forfeited.
|
|win|Doouchebag
|raw|Ladder updating...
|c|âDoouchebag|i was gonna say if i got para haxed
|leave|shinhow
|player|p2
|raw|Doouchebag's rating: 1348 &rarr; <strong>1367<\/strong><br \/>(+19 for winning)
|raw|shinhow's rating: 1320 &rarr; <strong>1302<\/strong><br \/>(-18 for losing)