|join|HappyK
|join|Doouchebag
|player|p1|HappyK|273
|player|p2|Doouchebag|2
|gametype|singles
|gen|6
|tier|UU
|rated
|rule|Sleep Clause Mod: Limit one foe put to sleep
|rule|Species Clause: Limit one of each PokÃ©mon
|rule|OHKO Clause: OHKO moves are banned
|rule|Moody Clause: Moody is banned
|rule|Evasion Moves Clause: Evasion moves are banned
|rule|Endless Battle Clause: Forcing endless battles is banned
|rule|HP Percentage Mod: HP is shown in percentages
|clearpoke
|poke|p1|Galvantula, M, shiny
|poke|p1|Zygarde
|poke|p1|Kingdra, M
|poke|p1|Cloyster, F, shiny
|poke|p1|Pidgeot, M
|poke|p1|Jirachi
|poke|p2|Swampert, F
|poke|p2|Crobat, M
|poke|p2|Noivern, F
|poke|p2|Vaporeon, F
|poke|p2|Mienshao, F
|poke|p2|Celebi
|rule|Swagger Clause: Swagger is banned
|rule|Baton Pass Clause: Limit one PokÃ©mon knowing Baton Pass
|teampreview
|
|start
|switch|p1a: Greatvantula|Galvantula, M, shiny|282\/282
|switch|p2a: Noivern|Noivern, F|311\/311
|turn|1
|
|move|p2a: Noivern|Air Slash|p1a: Greatvantula
|-crit|p1a: Greatvantula
|-enditem|p1a: Greatvantula|Focus Sash
|-damage|p1a: Greatvantula|1\/282
|move|p1a: Greatvantula|Thunder Wave|p2a: Noivern
|-status|p2a: Noivern|par
|
|turn|2
|
|switch|p1a: Jimatchi|Jirachi|345\/345
|cant|p2a: Noivern|par
|
|turn|3
|c|âDoouchebag|WHAT!?!?!
|
|switch|p2a: Swampert|Swampert, F|404\/404
|move|p1a: Jimatchi|Ice Punch|p2a: Swampert
|-damage|p2a: Swampert|317\/404
|
|turn|4
|
|switch|p1a: Snitcheot|Pidgeot, M|308\/308
|detailschange|p2a: Swampert|Swampert-Mega, F
|message|Swampert has Mega Evolved into Mega Swampert!
|move|p2a: Swampert|Waterfall|p1a: Snitcheot
|-damage|p1a: Snitcheot|127\/308
|
|turn|5
|
|detailschange|p1a: Snitcheot|Pidgeot-Mega, M
|message|Pidgeot has Mega Evolved into Mega Pidgeot!
|move|p1a: Snitcheot|Hurricane|p2a: Swampert
|-damage|p2a: Swampert|178\/404
|move|p2a: Swampert|Waterfall|p1a: Snitcheot
|-damage|p1a: Snitcheot|0 fnt
|faint|p1a: Snitcheot
|
|c|âHappyK|what what
|
|switch|p1a: Diegarde|Zygarde|397\/397
|-ability|p1a: Diegarde|Aura Break
|turn|6
|
|switch|p2a: Vaporeon|Vaporeon, F|464\/464
|move|p1a: Diegarde|Dragon Dance|p1a: Diegarde
|-boost|p1a: Diegarde|atk|1
|-boost|p1a: Diegarde|spe|1
|
|turn|7
|
|move|p1a: Diegarde|Dragon Dance|p1a: Diegarde
|-boost|p1a: Diegarde|atk|1
|-boost|p1a: Diegarde|spe|1
|move|p2a: Vaporeon|Scald|p1a: Diegarde
|-damage|p1a: Diegarde|297\/397
|
|turn|8
|
|move|p1a: Diegarde|Earthquake|p2a: Vaporeon
|-damage|p2a: Vaporeon|146\/464
|move|p2a: Vaporeon|Scald|p1a: Diegarde
|-damage|p1a: Diegarde|191\/397
|
|-heal|p2a: Vaporeon|175\/464|[from] item: Leftovers
|turn|9
|
|switch|p2a: Celebi|Celebi|403\/403
|move|p1a: Diegarde|Earthquake|p2a: Celebi
|-resisted|p2a: Celebi
|-damage|p2a: Celebi|250\/403
|
|-heal|p2a: Celebi|275\/403|[from] item: Leftovers
|turn|10
|
|move|p1a: Diegarde|Outrage|p2a: Celebi
|-damage|p2a: Celebi|0 fnt
|faint|p2a: Celebi
|
|
|switch|p2a: Vaporeon|Vaporeon, F|175\/464
|turn|11
|
|move|p2a: Vaporeon|Protect|p2a: Vaporeon
|-singleturn|p2a: Vaporeon|Protect
|move|p1a: Diegarde|Outrage|p2a: Vaporeon
|-activate|p2a: Vaporeon|Protect
|
|-end|p1a: Diegarde|rampage
|-start|p1a: Diegarde|confusion
|-heal|p2a: Vaporeon|204\/464|[from] item: Leftovers
|turn|12
|
|-activate|p1a: Diegarde|confusion
|-damage|p1a: Diegarde|123\/397|[from] confusion
|move|p2a: Vaporeon|Scald|p1a: Diegarde
|-damage|p1a: Diegarde|15\/397
|
|-heal|p2a: Vaporeon|233\/464|[from] item: Leftovers
|turn|13
|
|move|p2a: Vaporeon|Protect|p2a: Vaporeon
|-singleturn|p2a: Vaporeon|Protect
|-activate|p1a: Diegarde|confusion
|-damage|p1a: Diegarde|0 fnt|[from] confusion
|faint|p1a: Diegarde
|
|-heal|p2a: Vaporeon|262\/464|[from] item: Leftovers
|
|switch|p1a: Killdra|Kingdra, M|307\/307
|turn|14
|
|switch|p2a: Mienshao|Mienshao, F|271\/271
|move|p1a: Killdra|Focus Energy|p1a: Killdra
|-start|p1a: Killdra|move: Focus Energy
|
|turn|15
|
|move|p2a: Mienshao|Knock Off|p1a: Killdra
|-damage|p1a: Killdra|197\/307
|-enditem|p1a: Killdra|Scope Lens|[from] move: Knock Off|[of] p2a: Mienshao
|move|p1a: Killdra|Draco Meteor|p2a: Mienshao
|-crit|p2a: Mienshao
|-damage|p2a: Mienshao|0 fnt
|-unboost|p1a: Killdra|spa|2
|faint|p2a: Mienshao
|
|
|switch|p2a: Crobat|Crobat, M|373\/373
|turn|16
|
|move|p2a: Crobat|Brave Bird|p1a: Killdra
|-damage|p1a: Killdra|50\/307
|-damage|p2a: Crobat|324\/373|[from] recoil|[of] p1a: Killdra
|move|p1a: Killdra|Draco Meteor|p2a: Crobat
|-damage|p2a: Crobat|204\/373
|-unboost|p1a: Killdra|spa|2
|
|-heal|p2a: Crobat|227\/373|[from] item: Black Sludge
|turn|17
|
|switch|p1a: Jimatchi|Jirachi|345\/345
|move|p2a: Crobat|U-turn|p1a: Jimatchi
|-damage|p1a: Jimatchi|294\/345
|
|switch|p2a: Vaporeon|Vaporeon, F|262\/464
|
|-heal|p2a: Vaporeon|291\/464|[from] item: Leftovers
|turn|18
|
|move|p1a: Jimatchi|Healing Wish|p1a: Jimatchi
|faint|p1a: Jimatchi
|move|p2a: Vaporeon|Wish|p2a: Vaporeon
|
|-heal|p2a: Vaporeon|320\/464|[from] item: Leftovers
|
|switch|p1a: Greatvantula|Galvantula, M, shiny|1\/282
|-heal|p1a: Greatvantula|282\/282|[from] move: Healing Wish
|turn|19
|
|switch|p2a: Swampert|Swampert-Mega, F|178\/404
|move|p1a: Greatvantula|Thunder|p2a: Swampert
|-immune|p2a: Swampert|[msg]
|
|-heal|p2a: Swampert|404\/404|[from] move: Wish|[wisher] Vaporeon
|turn|20
|
|switch|p1a: Killdra|Kingdra, M|50\/307
|move|p2a: Swampert|Waterfall|p1a: Killdra
|-resisted|p1a: Killdra
|-damage|p1a: Killdra|13\/307
|
|turn|21
|
|move|p1a: Killdra|Draco Meteor|p2a: Swampert
|-damage|p2a: Swampert|259\/404
|-unboost|p1a: Killdra|spa|2
|move|p2a: Swampert|Waterfall|p1a: Killdra
|-resisted|p1a: Killdra
|-damage|p1a: Killdra|0 fnt
|faint|p1a: Killdra
|
|
|switch|p1a: Destroyster|Cloyster, F, shiny|241\/241
|turn|22
|
|switch|p2a: Vaporeon|Vaporeon, F|320\/464
|move|p1a: Destroyster|Shell Smash|p1a: Destroyster
|-boost|p1a: Destroyster|atk|2
|-boost|p1a: Destroyster|spa|2
|-boost|p1a: Destroyster|spe|2
|-unboost|p1a: Destroyster|def|1
|-unboost|p1a: Destroyster|spd|1
|
|-heal|p2a: Vaporeon|349\/464|[from] item: Leftovers
|turn|23
|
|move|p1a: Destroyster|Rock Blast|p2a: Vaporeon
|-damage|p2a: Vaporeon|299\/464
|-damage|p2a: Vaporeon|254\/464
|-damage|p2a: Vaporeon|204\/464
|-damage|p2a: Vaporeon|158\/464
|-damage|p2a: Vaporeon|114\/464
|-hitcount|p2a: Vaporeon|5
|move|p2a: Vaporeon|Scald|p1a: Destroyster
|-resisted|p1a: Destroyster
|-damage|p1a: Destroyster|105\/241
|
|-heal|p2a: Vaporeon|143\/464|[from] item: Leftovers
|turn|24
|
|move|p1a: Destroyster|Rock Blast|p2a: Vaporeon
|-damage|p2a: Vaporeon|96\/464
|-damage|p2a: Vaporeon|47\/464
|-damage|p2a: Vaporeon|0 fnt
|-hitcount|p2a: Vaporeon|3
|faint|p2a: Vaporeon
|
|
|switch|p2a: Swampert|Swampert-Mega, F|259\/404
|turn|25
|
|move|p1a: Destroyster|Explosion|p2a: Swampert
|-crit|p2a: Swampert
|-damage|p2a: Swampert|0 fnt
|faint|p1a: Destroyster
|faint|p2a: Swampert
|
|
|switch|p2a: Crobat|Crobat, M|227\/373
|switch|p1a: Greatvantula|Galvantula, M, shiny|282\/282
|turn|26
|c|âDoouchebag|gg
|c|âDoouchebag|THUNDER WAVE GALVANTULA?!?!
|
|move|p2a: Crobat|Brave Bird|p1a: Greatvantula
|-damage|p1a: Greatvantula|57\/282
|-damage|p2a: Crobat|153\/373|[from] recoil|[of] p1a: Greatvantula
|move|p1a: Greatvantula|Thunder|p2a: Crobat
|-supereffective|p2a: Crobat
|-damage|p2a: Crobat|0 fnt
|faint|p2a: Crobat
|
|
|switch|p2a: Noivern|Noivern, F|311\/311 par
|turn|27
|c|âHappyK|of course
|
|move|p1a: Greatvantula|Thunder|p2a: Noivern
|-damage|p2a: Noivern|110\/311 par
|cant|p2a: Noivern|par
|
|turn|28
|c|âDoouchebag|FUCKING CHRIST!
|
|move|p1a: Greatvantula|Thunder|p2a: Noivern
|-damage|p2a: Noivern|0 fnt
|faint|p2a: Noivern
|
|win|HappyK
|raw|Ladder updating...
|raw|HappyK's rating: 1247 &rarr; <strong>1285<\/strong><br \/>(+38 for winning)
|raw|Doouchebag's rating: 1442 &rarr; <strong>1412<\/strong><br \/>(-30 for losing)
|c|âHappyK|for exactly this
|c|âHappyK|gg