|join|Doouchebag
|join|Bicycle Repair Man
|player|p1|Doouchebag|2
|player|p2|Bicycle Repair Man|169
|gametype|singles
|gen|6
|tier|UU
|rated
|rule|Sleep Clause Mod: Limit one foe put to sleep
|rule|Species Clause: Limit one of each PokÃ©mon
|rule|OHKO Clause: OHKO moves are banned
|rule|Moody Clause: Moody is banned
|rule|Evasion Moves Clause: Evasion moves are banned
|rule|Endless Battle Clause: Forcing endless battles is banned
|rule|HP Percentage Mod: HP is shown in percentages
|clearpoke
|poke|p1|Noivern, F
|poke|p1|Gallade, M
|poke|p1|Starmie
|poke|p1|Celebi
|poke|p1|Arcanine, F
|poke|p1|Roserade, F
|poke|p2|Gallade, M
|poke|p2|Honchkrow, F
|poke|p2|Mienshao, M
|poke|p2|Empoleon, M
|poke|p2|Espeon, F
|poke|p2|Vivillon, F
|rule|Swagger Clause: Swagger is banned
|rule|Baton Pass Clause: Limit one PokÃ©mon knowing Baton Pass
|teampreview
|
|start
|switch|p1a: Gallade|Gallade, M|278\/278
|switch|p2a: Margarinefull|Vivillon, F|301\/301
|turn|1
|
|detailschange|p1a: Gallade|Gallade-Mega, M
|message|Gallade has Mega Evolved into Mega Gallade!
|move|p1a: Gallade|Psycho Cut|p2a: Margarinefull
|-crit|p2a: Margarinefull
|-enditem|p2a: Margarinefull|Focus Sash
|-damage|p2a: Margarinefull|1\/301
|move|p2a: Margarinefull|Hurricane|p1a: Gallade
|-supereffective|p1a: Gallade
|-damage|p1a: Gallade|0 fnt
|faint|p1a: Gallade
|
|c|âDoouchebag|fuck off
|c|âBicycle Repair Man|nomen est omen
|
|switch|p1a: Noivern|Noivern, F|311\/311
|turn|2
|
|switch|p2a: Don Corleone|Honchkrow, F|341\/341
|move|p1a: Noivern|Flamethrower|p2a: Don Corleone
|-damage|p2a: Don Corleone|119\/341
|
|turn|3
|
|move|p2a: Don Corleone|Sucker Punch|p1a: Noivern
|-damage|p1a: Noivern|84\/311
|-damage|p2a: Don Corleone|85\/341|[from] item: Life Orb
|move|p1a: Noivern|Flamethrower|p2a: Don Corleone
|-damage|p2a: Don Corleone|0 fnt
|faint|p2a: Don Corleone
|
|
|switch|p2a: Roark Crits Me|Espeon, F|334\/334
|turn|4
|
|switch|p1a: Celebi|Celebi|403\/403
|move|p2a: Roark Crits Me|Light Screen|p2a: Roark Crits Me
|-sidestart|p2: Bicycle Repair Man|move: Light Screen
|
|turn|5
|
|switch|p1a: Noivern|Noivern, F|84\/311
|move|p2a: Roark Crits Me|Reflect|p2a: Roark Crits Me
|-sidestart|p2: Bicycle Repair Man|Reflect
|
|turn|6
|
|move|p1a: Noivern|Draco Meteor|p2a: Roark Crits Me
|-damage|p2a: Roark Crits Me|13\/334
|-unboost|p1a: Noivern|spa|2
|move|p2a: Roark Crits Me|Psychic|p1a: Noivern
|-damage|p1a: Noivern|0 fnt
|faint|p1a: Noivern
|
|
|switch|p1a: Arcanine|Arcanine, F|383\/383
|-ability|p1a: Arcanine|Intimidate|[of] p2a: Roark Crits Me
|-unboost|p2a: Roark Crits Me|atk|1
|turn|7
|
|move|p1a: Arcanine|Extreme Speed|p2a: Roark Crits Me
|-damage|p2a: Roark Crits Me|0 fnt
|faint|p2a: Roark Crits Me
|
|
|switch|p2a: TheSlayerOfRule34|Gallade, M|278\/278
|turn|8
|
|detailschange|p2a: TheSlayerOfRule34|Gallade-Mega, M
|message|Gallade has Mega Evolved into Mega Gallade!
|move|p2a: TheSlayerOfRule34|Swords Dance|p2a: TheSlayerOfRule34
|-boost|p2a: TheSlayerOfRule34|atk|2
|move|p1a: Arcanine|Will-O-Wisp|p2a: TheSlayerOfRule34
|-status|p2a: TheSlayerOfRule34|brn
|
|-damage|p2a: TheSlayerOfRule34|244\/278 brn|[from] brn
|turn|9
|
|move|p2a: TheSlayerOfRule34|Drain Punch|p1a: Arcanine
|-damage|p1a: Arcanine|256\/383
|-heal|p2a: TheSlayerOfRule34|278\/278 brn|[from] drain|[of] p1a: Arcanine
|move|p1a: Arcanine|Flare Blitz|p2a: TheSlayerOfRule34
|-crit|p2a: TheSlayerOfRule34
|-damage|p2a: TheSlayerOfRule34|49\/278 brn
|-damage|p1a: Arcanine|180\/383|[from] recoil|[of] p2a: TheSlayerOfRule34
|
|-heal|p1a: Arcanine|203\/383|[from] item: Leftovers
|-damage|p2a: TheSlayerOfRule34|15\/278 brn|[from] brn
|turn|10
|
|move|p1a: Arcanine|Extreme Speed|p2a: TheSlayerOfRule34
|-damage|p2a: TheSlayerOfRule34|0 fnt
|faint|p2a: TheSlayerOfRule34
|
|-heal|p1a: Arcanine|226\/383|[from] item: Leftovers
|
|switch|p2a: Better Hitmonlee|Mienshao, M|271\/271
|turn|11
|
|move|p2a: Better Hitmonlee|High Jump Kick|p1a: Arcanine
|-damage|p1a: Arcanine|0 fnt
|faint|p1a: Arcanine
|
|-sideend|p2: Bicycle Repair Man|move: Light Screen
|
|switch|p1a: Roserade|Roserade, F|261\/261
|turn|12
|
|move|p2a: Better Hitmonlee|High Jump Kick|p1a: Roserade
|-resisted|p1a: Roserade
|-damage|p1a: Roserade|87\/261
|move|p1a: Roserade|Giga Drain|p2a: Better Hitmonlee
|-damage|p2a: Better Hitmonlee|6\/271
|-heal|p1a: Roserade|220\/261|[from] drain|[of] p2a: Better Hitmonlee
|-damage|p1a: Roserade|194\/261|[from] item: Life Orb
|
|-sideend|p2: Bicycle Repair Man|Reflect
|turn|13
|
|move|p2a: Better Hitmonlee|High Jump Kick|p1a: Roserade
|-resisted|p1a: Roserade
|-damage|p1a: Roserade|0 fnt
|faint|p1a: Roserade
|
|
|switch|p1a: Starmie|Starmie|324\/324
|turn|14
|c|âDoouchebag|fuck damage variation
|
|move|p2a: Better Hitmonlee|High Jump Kick|p1a: Starmie
|-resisted|p1a: Starmie
|-damage|p1a: Starmie|156\/324
|move|p1a: Starmie|Thunderbolt|p2a: Better Hitmonlee
|-damage|p2a: Better Hitmonlee|0 fnt
|faint|p2a: Better Hitmonlee
|
|-heal|p1a: Starmie|176\/324|[from] item: Leftovers
|c|âBicycle Repair Man|damage variation si love
|
|switch|p2a: Seals scare me|Empoleon, M|372\/372
|turn|15
|
|move|p1a: Starmie|Thunderbolt|p2a: Seals scare me
|-supereffective|p2a: Seals scare me
|-damage|p2a: Seals scare me|232\/372
|move|p2a: Seals scare me|Scald|p1a: Starmie
|-resisted|p1a: Starmie
|-damage|p1a: Starmie|92\/324
|-status|p1a: Starmie|brn
|
|-heal|p1a: Starmie|112\/324 brn|[from] item: Leftovers
|-heal|p2a: Seals scare me|255\/372|[from] item: Leftovers
|-damage|p1a: Starmie|72\/324 brn|[from] brn
|turn|16
|
|move|p1a: Starmie|Recover|p1a: Starmie
|-heal|p1a: Starmie|234\/324 brn
|move|p2a: Seals scare me|Scald|p1a: Starmie
|-resisted|p1a: Starmie
|-damage|p1a: Starmie|153\/324 brn
|
|-heal|p1a: Starmie|173\/324 brn|[from] item: Leftovers
|-heal|p2a: Seals scare me|278\/372|[from] item: Leftovers
|-damage|p1a: Starmie|133\/324 brn|[from] brn
|turn|17
|
|switch|p1a: Celebi|Celebi|403\/403
|move|p2a: Seals scare me|Flash Cannon|p1a: Celebi
|-damage|p1a: Celebi|303\/403
|
|-heal|p1a: Celebi|328\/403|[from] item: Leftovers
|-heal|p2a: Seals scare me|301\/372|[from] item: Leftovers
|turn|18
|
|switch|p1a: Starmie|Starmie|133\/324
|move|p2a: Seals scare me|Ice Beam|p1a: Starmie
|-resisted|p1a: Starmie
|-damage|p1a: Starmie|70\/324
|
|-heal|p1a: Starmie|90\/324|[from] item: Leftovers
|-heal|p2a: Seals scare me|324\/372|[from] item: Leftovers
|turn|19
|
|move|p1a: Starmie|Recover|p1a: Starmie
|-heal|p1a: Starmie|252\/324
|move|p2a: Seals scare me|Scald|p1a: Starmie
|-resisted|p1a: Starmie
|-damage|p1a: Starmie|178\/324
|
|-heal|p1a: Starmie|198\/324|[from] item: Leftovers
|-heal|p2a: Seals scare me|347\/372|[from] item: Leftovers
|turn|20
|
|move|p1a: Starmie|Thunderbolt|p2a: Seals scare me
|-supereffective|p2a: Seals scare me
|-damage|p2a: Seals scare me|211\/372
|move|p2a: Seals scare me|Scald|p1a: Starmie
|-resisted|p1a: Starmie
|-damage|p1a: Starmie|124\/324
|
|-heal|p1a: Starmie|144\/324|[from] item: Leftovers
|-heal|p2a: Seals scare me|234\/372|[from] item: Leftovers
|turn|21
|
|move|p1a: Starmie|Thunderbolt|p2a: Seals scare me
|-supereffective|p2a: Seals scare me
|-damage|p2a: Seals scare me|86\/372
|move|p2a: Seals scare me|Scald|p1a: Starmie
|-resisted|p1a: Starmie
|-damage|p1a: Starmie|23\/324
|-status|p1a: Starmie|brn
|
|-heal|p1a: Starmie|43\/324 brn|[from] item: Leftovers
|-heal|p2a: Seals scare me|109\/372|[from] item: Leftovers
|-damage|p1a: Starmie|3\/324 brn|[from] brn
|turn|22
|
|switch|p1a: Celebi|Celebi|328\/403
|move|p2a: Seals scare me|Ice Beam|p1a: Celebi
|-supereffective|p1a: Celebi
|-damage|p1a: Celebi|184\/403
|
|-heal|p1a: Celebi|209\/403|[from] item: Leftovers
|-heal|p2a: Seals scare me|132\/372|[from] item: Leftovers
|turn|23
|c|âDoouchebag|fuck hax
|
|move|p1a: Celebi|Stealth Rock|p2a: Seals scare me
|-sidestart|p2: Bicycle Repair Man|move: Stealth Rock
|move|p2a: Seals scare me|Ice Beam|p1a: Celebi
|-supereffective|p1a: Celebi
|-damage|p1a: Celebi|55\/403
|
|-heal|p1a: Celebi|80\/403|[from] item: Leftovers
|-heal|p2a: Seals scare me|155\/372|[from] item: Leftovers
|turn|24
|
|move|p1a: Celebi|Giga Drain|p2a: Seals scare me
|-damage|p2a: Seals scare me|62\/372
|-heal|p1a: Celebi|127\/403|[from] drain|[of] p2a: Seals scare me
|move|p2a: Seals scare me|Defog|p1a: Celebi
|-unboost|p1a: Celebi|evasion|1
|-sideend|p2: Bicycle Repair Man|Stealth Rock|[from] move: Defog|[of] p2a: Seals scare me
|
|-heal|p1a: Celebi|152\/403|[from] item: Leftovers
|-heal|p2a: Seals scare me|85\/372|[from] item: Leftovers
|turn|25
|
|move|p1a: Celebi|Stealth Rock|p2a: Seals scare me
|-sidestart|p2: Bicycle Repair Man|move: Stealth Rock
|move|p2a: Seals scare me|Scald|p1a: Celebi
|-resisted|p1a: Celebi
|-damage|p1a: Celebi|77\/403
|
|-heal|p1a: Celebi|102\/403|[from] item: Leftovers
|-heal|p2a: Seals scare me|108\/372|[from] item: Leftovers
|turn|26
|
|move|p1a: Celebi|Giga Drain|p2a: Seals scare me
|-damage|p2a: Seals scare me|21\/372
|-heal|p1a: Celebi|146\/403|[from] drain|[of] p2a: Seals scare me
|move|p2a: Seals scare me|Defog|p1a: Celebi
|-unboost|p1a: Celebi|evasion|1
|-sideend|p2: Bicycle Repair Man|Stealth Rock|[from] move: Defog|[of] p2a: Seals scare me
|
|-heal|p1a: Celebi|171\/403|[from] item: Leftovers
|-heal|p2a: Seals scare me|44\/372|[from] item: Leftovers
|turn|27
|
|switch|p2a: Margarinefull|Vivillon, F|1\/301
|move|p1a: Celebi|Stealth Rock|p2a: Margarinefull
|-sidestart|p2: Bicycle Repair Man|move: Stealth Rock
|
|-heal|p1a: Celebi|196\/403|[from] item: Leftovers
|turn|28
|
|move|p2a: Margarinefull|Quiver Dance|p2a: Margarinefull
|-boost|p2a: Margarinefull|spa|1
|-boost|p2a: Margarinefull|spd|1
|-boost|p2a: Margarinefull|spe|1
|move|p1a: Celebi|Giga Drain|p2a: Margarinefull
|-resisted|p2a: Margarinefull
|-damage|p2a: Margarinefull|0 fnt
|-heal|p1a: Celebi|197\/403|[from] drain|[of] p2a: Margarinefull
|faint|p2a: Margarinefull
|
|-heal|p1a: Celebi|222\/403|[from] item: Leftovers
|c|âDoouchebag|no
|c|âDoouchebag|gg
|-message|Bicycle Repair Man forfeited.
|
|win|Doouchebag
|raw|Ladder updating...
|leave|Bicycle Repair Man
|player|p2