|join|DrReuniclus100
|join|Doouchebag
|player|p1|DrReuniclus100|147
|player|p2|Doouchebag|1
|gametype|singles
|gen|6
|tier|UU
|rated
|rule|Sleep Clause Mod: Limit one foe put to sleep
|rule|Species Clause: Limit one of each PokÃ©mon
|rule|OHKO Clause: OHKO moves are banned
|rule|Moody Clause: Moody is banned
|rule|Evasion Moves Clause: Evasion moves are banned
|rule|Endless Battle Clause: Forcing endless battles is banned
|rule|HP Percentage Mod: HP is shown in percentages
|clearpoke
|poke|p1|Diancie
|poke|p1|Zygarde
|poke|p1|Espeon, M
|poke|p1|Lucario, M
|poke|p1|Porygon-Z
|poke|p1|Alakazam, M
|poke|p2|Swampert, M
|poke|p2|Crobat, F
|poke|p2|Noivern, M
|poke|p2|Vaporeon, M
|poke|p2|Mienshao, F
|poke|p2|Celebi
|rule|Swagger Clause: Swagger is banned
|rule|Baton Pass Clause: Limit one PokÃ©mon knowing Baton Pass
|teampreview
|
|start
|switch|p1a: Espeon|Espeon, M|334\/334
|switch|p2a: Swampert|Swampert, M|404\/404
|turn|1
|
|detailschange|p2a: Swampert|Swampert-Mega, M
|message|Swampert has Mega Evolved into Mega Swampert!
|move|p1a: Espeon|Reflect|p1a: Espeon
|-sidestart|p1: DrReuniclus100|Reflect
|move|p2a: Swampert|Waterfall|p1a: Espeon
|-damage|p1a: Espeon|238\/334
|
|turn|2
|
|switch|p2a: Noivern|Noivern, M|311\/311
|move|p1a: Espeon|Light Screen|p1a: Espeon
|-sidestart|p1: DrReuniclus100|move: Light Screen
|
|turn|3
|
|move|p2a: Noivern|Draco Meteor|p1a: Espeon
|-damage|p1a: Espeon|0 fnt
|-unboost|p2a: Noivern|spa|2
|faint|p1a: Espeon
|
|
|switch|p1a: Porygon-Z|Porygon-Z|331\/331
|turn|4
|
|switch|p2a: Celebi|Celebi|403\/403
|move|p1a: Porygon-Z|Agility|p1a: Porygon-Z
|-boost|p1a: Porygon-Z|spe|2
|
|turn|5
|
|move|p1a: Porygon-Z|Nasty Plot|p1a: Porygon-Z
|-boost|p1a: Porygon-Z|spa|2
|move|p2a: Celebi|Perish Song|p2a: Celebi
|-fieldactivate|move: Perish Song
|
|-start|p1a: Porygon-Z|perish3
|-start|p2a: Celebi|perish3
|turn|6
|
|move|p1a: Porygon-Z|Dark Pulse|p2a: Celebi
|-supereffective|p2a: Celebi
|-damage|p2a: Celebi|77\/403
|move|p2a: Celebi|Recover|p2a: Celebi
|-heal|p2a: Celebi|279\/403
|
|-start|p1a: Porygon-Z|perish2
|-start|p2a: Celebi|perish2
|-heal|p2a: Celebi|304\/403|[from] item: Leftovers
|turn|7
|
|switch|p2a: Crobat|Crobat, F|373\/373
|move|p1a: Porygon-Z|Dark Pulse|p2a: Crobat
|-damage|p2a: Crobat|121\/373
|
|-start|p1a: Porygon-Z|perish1
|-heal|p2a: Crobat|144\/373|[from] item: Black Sludge
|turn|8
|
|switch|p1a: Zygarde|Zygarde|407\/407
|-ability|p1a: Zygarde|Aura Break
|move|p2a: Crobat|Roost|p2a: Crobat
|-heal|p2a: Crobat|331\/373
|
|-heal|p2a: Crobat|354\/373|[from] item: Black Sludge
|-sideend|p1: DrReuniclus100|Reflect
|turn|9
|
|move|p2a: Crobat|U-turn|p1a: Zygarde
|-damage|p1a: Zygarde|362\/407
|
|switch|p2a: Noivern|Noivern, M|311\/311
|move|p1a: Zygarde|Dragon Tail|p2a: Noivern
|-crit|p2a: Noivern
|-supereffective|p2a: Noivern
|-damage|p2a: Noivern|69\/311
|drag|p2a: Swampert|Swampert-Mega, M|404\/404
|
|-heal|p1a: Zygarde|387\/407|[from] item: Leftovers
|-sideend|p1: DrReuniclus100|move: Light Screen
|turn|10
|
|move|p1a: Zygarde|Coil|p1a: Zygarde
|-boost|p1a: Zygarde|atk|1
|-boost|p1a: Zygarde|def|1
|-boost|p1a: Zygarde|accuracy|1
|move|p2a: Swampert|Waterfall|p1a: Zygarde
|-damage|p1a: Zygarde|308\/407
|
|-heal|p1a: Zygarde|333\/407|[from] item: Leftovers
|turn|11
|c|âDoouchebag|fucking hax
|
|switch|p2a: Celebi|Celebi|304\/403
|move|p1a: Zygarde|Substitute|p1a: Zygarde
|-start|p1a: Zygarde|Substitute
|-damage|p1a: Zygarde|232\/407
|
|-heal|p1a: Zygarde|257\/407|[from] item: Leftovers
|-heal|p2a: Celebi|329\/403|[from] item: Leftovers
|turn|12
|
|move|p2a: Celebi|Perish Song|p2a: Celebi
|-fieldactivate|move: Perish Song
|move|p1a: Zygarde|Dragon Tail|p2a: Celebi
|-damage|p2a: Celebi|229\/403
|drag|p2a: Noivern|Noivern, M|69\/311
|
|-start|p1a: Zygarde|perish3
|-heal|p1a: Zygarde|282\/407|[from] item: Leftovers
|turn|13
|
|move|p2a: Noivern|Draco Meteor|p1a: Zygarde
|-supereffective|p1a: Zygarde
|-damage|p1a: Zygarde|0 fnt
|-unboost|p2a: Noivern|spa|2
|faint|p1a: Zygarde
|
|
|switch|p1a: Lucario|Lucario, M|281\/281
|turn|14
|
|switch|p2a: Crobat|Crobat, F|354\/373
|move|p1a: Lucario|Swords Dance|p1a: Lucario
|-boost|p1a: Lucario|atk|2
|
|-heal|p2a: Crobat|373\/373|[from] item: Black Sludge
|turn|15
|
|switch|p1a: Diancie|Diancie|304\/304
|move|p2a: Crobat|Brave Bird|p1a: Diancie
|-resisted|p1a: Diancie
|-damage|p1a: Diancie|258\/304
|-damage|p2a: Crobat|358\/373|[from] recoil|[of] p1a: Diancie
|
|-heal|p2a: Crobat|373\/373|[from] item: Black Sludge
|turn|16
|
|move|p2a: Crobat|U-turn|p1a: Diancie
|-resisted|p1a: Diancie
|-damage|p1a: Diancie|240\/304
|
|switch|p2a: Swampert|Swampert-Mega, M|404\/404
|move|p1a: Diancie|Reflect|p1a: Diancie
|-sidestart|p1: DrReuniclus100|Reflect
|
|turn|17
|
|move|p2a: Swampert|Curse|p2a: Swampert
|-boost|p2a: Swampert|atk|1
|-boost|p2a: Swampert|def|1
|-unboost|p2a: Swampert|spe|1
|move|p1a: Diancie|Light Screen|p1a: Diancie
|-sidestart|p1: DrReuniclus100|move: Light Screen
|
|turn|18
|
|move|p1a: Diancie|Explosion|p2a: Swampert
|-damage|p2a: Swampert|264\/404
|faint|p1a: Diancie
|move|p2a: Swampert|Curse|p2a: Swampert
|-boost|p2a: Swampert|atk|1
|-boost|p2a: Swampert|def|1
|-unboost|p2a: Swampert|spe|1
|
|
|switch|p1a: Porygon-Z|Porygon-Z|331\/331
|turn|19
|
|move|p1a: Porygon-Z|Tri Attack|p2a: Swampert
|-damage|p2a: Swampert|116\/404
|move|p2a: Swampert|Waterfall|p1a: Porygon-Z
|-damage|p1a: Porygon-Z|151\/331
|
|turn|20
|
|move|p1a: Porygon-Z|Tri Attack|p2a: Swampert
|-damage|p2a: Swampert|0 fnt
|faint|p2a: Swampert
|
|
|switch|p2a: Noivern|Noivern, M|69\/311
|turn|21
|
|move|p2a: Noivern|Air Slash|p1a: Porygon-Z
|-damage|p1a: Porygon-Z|0 fnt
|faint|p1a: Porygon-Z
|
|
|switch|p1a: Lucario|Lucario, M|281\/281
|turn|22
|
|move|p2a: Noivern|Air Slash|p1a: Lucario
|-damage|p1a: Lucario|49\/281
|move|p1a: Lucario|Swords Dance|p1a: Lucario
|-boost|p1a: Lucario|atk|2
|
|turn|23
|
|move|p1a: Lucario|Extreme Speed|p2a: Noivern
|-damage|p2a: Noivern|0 fnt
|-damage|p1a: Lucario|21\/281|[from] item: Life Orb
|faint|p2a: Noivern
|
|-sideend|p1: DrReuniclus100|Reflect
|
|switch|p2a: Crobat|Crobat, F|373\/373
|turn|24
|
|move|p1a: Lucario|Extreme Speed|p2a: Crobat
|-damage|p2a: Crobat|78\/373
|-damage|p1a: Lucario|0 fnt|[from] item: Life Orb
|faint|p1a: Lucario
|move|p2a: Crobat|Brave Bird|p1: Lucario|[notarget]
|-notarget
|
|-heal|p2a: Crobat|101\/373|[from] item: Black Sludge
|-sideend|p1: DrReuniclus100|move: Light Screen
|
|switch|p1a: Alakazam|Alakazam, M|259\/259
|turn|25
|c|âDoouchebag|gg
|
|detailschange|p1a: Alakazam|Alakazam-Mega, M
|message|Alakazam has Mega Evolved into Mega Alakazam!
|-ability|p1a: Alakazam|Infiltrator|[from] ability: Trace|[of] p2a: Crobat
|move|p1a: Alakazam|Protect|p1a: Alakazam
|-singleturn|p1a: Alakazam|Protect
|move|p2a: Crobat|U-turn|p1a: Alakazam
|-activate|p1a: Alakazam|Protect
|
|-heal|p2a: Crobat|124\/373|[from] item: Black Sludge
|turn|26
|c|âDoouchebag|or not
|
|move|p1a: Alakazam|Psychic|p2a: Crobat
|-supereffective|p2a: Crobat
|-damage|p2a: Crobat|0 fnt
|faint|p2a: Crobat
|
|
|switch|p2a: Celebi|Celebi|229\/403
|turn|27
|
|move|p1a: Alakazam|Shadow Ball|p2a: Celebi
|-supereffective|p2a: Celebi
|-damage|p2a: Celebi|69\/403
|move|p2a: Celebi|Perish Song|p2a: Celebi
|-fieldactivate|move: Perish Song
|
|-start|p1a: Alakazam|perish3
|-start|p2a: Celebi|perish3
|-heal|p2a: Celebi|94\/403|[from] item: Leftovers
|turn|28
|
|switch|p2a: Vaporeon|Vaporeon, M|464\/464
|move|p1a: Alakazam|Shadow Ball|p2a: Vaporeon
|-damage|p2a: Vaporeon|339\/464
|
|-start|p1a: Alakazam|perish2
|-heal|p2a: Vaporeon|368\/464|[from] item: Leftovers
|turn|29
|
|move|p2a: Vaporeon|Protect|p2a: Vaporeon
|-singleturn|p2a: Vaporeon|Protect
|move|p1a: Alakazam|Psychic|p2a: Vaporeon
|-activate|p2a: Vaporeon|Protect
|
|-start|p1a: Alakazam|perish1
|-heal|p2a: Vaporeon|397\/464|[from] item: Leftovers
|turn|30
|c|âDoouchebag|forgot that the mega returned to uu
|
|move|p2a: Vaporeon|Protect|p2a: Vaporeon
|-singleturn|p2a: Vaporeon|Protect
|move|p1a: Alakazam|Psychic|p2a: Vaporeon
|-activate|p2a: Vaporeon|Protect
|
|-start|p1a: Alakazam|perish0
|-heal|p2a: Vaporeon|426\/464|[from] item: Leftovers
|faint|p1a: Alakazam
|
|win|Doouchebag
|raw|Ladder updating...
|c|âDrReuniclus100|you're too much of a douche for this to be a good game
|leave|DrReuniclus100
|player|p1
|raw|DrReuniclus100's rating: 1367 &rarr; <strong>1348<\/strong><br \/>(-19 for losing)
|raw|Doouchebag's rating: 1377 &rarr; <strong>1396<\/strong><br \/>(+19 for winning)