|join|Doouchebag
|join|Chillibeans
|player|p1|Doouchebag|266
|player|p2|Chillibeans|101
|gametype|singles
|gen|6
|tier|UU
|rated
|rule|Sleep Clause Mod: Limit one foe put to sleep
|rule|Species Clause: Limit one of each PokÃ©mon
|rule|OHKO Clause: OHKO moves are banned
|rule|Moody Clause: Moody is banned
|rule|Evasion Moves Clause: Evasion moves are banned
|rule|Endless Battle Clause: Forcing endless battles is banned
|rule|HP Percentage Mod: HP is shown in percentages
|clearpoke
|poke|p1|Haxorus, M
|poke|p1|Toxicroak, M
|poke|p1|Aggron, M
|poke|p1|Suicune
|poke|p1|Rotom-Heat
|poke|p1|Umbreon, M
|poke|p2|Honchkrow, M
|poke|p2|Alakazam, F
|poke|p2|Empoleon, M
|poke|p2|Galvantula, F
|poke|p2|Toxicroak, F
|poke|p2|Donphan, F
|rule|Swagger Clause: Swagger is banned
|rule|Baton Pass Clause: Limit one PokÃ©mon knowing Baton Pass
|teampreview
|
|start
|switch|p1a: Aggron|Aggron, M|344\/344
|switch|p2a: Empoleon|Empoleon, M|372\/372
|turn|1
|
|detailschange|p1a: Aggron|Aggron-Mega, M
|-mega|p1a: Aggron|Aggron|Aggronite
|move|p2a: Empoleon|Scald|p1a: Aggron
|-damage|p1a: Aggron|244\/344
|move|p1a: Aggron|Earthquake|p2a: Empoleon
|-supereffective|p2a: Empoleon
|-damage|p2a: Empoleon|124\/372
|
|-heal|p2a: Empoleon|147\/372|[from] item: Leftovers
|turn|2
|
|switch|p2a: Honchkrow|Honchkrow, M|342\/342
|move|p1a: Aggron|Earthquake|p2a: Honchkrow
|-immune|p2a: Honchkrow|[msg]
|
|turn|3
|
|switch|p2a: Donphan|Donphan, F|383\/383
|move|p1a: Aggron|Heavy Slam|p2a: Donphan
|-damage|p2a: Donphan|271\/383
|
|turn|4
|
|switch|p1a: Rotom-Heat|Rotom-Heat|241\/241
|move|p2a: Donphan|Earthquake|p1a: Rotom-Heat
|-immune|p1a: Rotom-Heat|[msg]
|
|turn|5
|
|switch|p2a: Empoleon|Empoleon, M|147\/372
|move|p1a: Rotom-Heat|Overheat|p2a: Empoleon
|-damage|p2a: Empoleon|11\/372
|-unboost|p1a: Rotom-Heat|spa|2
|
|-heal|p2a: Empoleon|34\/372|[from] item: Leftovers
|turn|6
|
|move|p1a: Rotom-Heat|Overheat|p2a: Empoleon
|-damage|p2a: Empoleon|0 fnt
|-unboost|p1a: Rotom-Heat|spa|2
|faint|p2a: Empoleon
|
|
|switch|p2a: Honchkrow|Honchkrow, M|342\/342
|turn|7
|
|move|p2a: Honchkrow|Pursuit|p1a: Rotom-Heat|[from]Pursuit
|-damage|p1a: Rotom-Heat|49\/241
|-damage|p2a: Honchkrow|308\/342|[from] item: Life Orb
|switch|p1a: Aggron|Aggron-Mega, M|244\/344
|
|turn|8
|c|âDoouchebag|WHAT!?!
|
|switch|p2a: Donphan|Donphan, F|271\/383
|move|p1a: Aggron|Toxic|p2a: Donphan
|-status|p2a: Donphan|tox
|
|-damage|p2a: Donphan|248\/383 tox|[from] psn
|turn|9
|c|âChillibeans|what?
|c|âDoouchebag|PURSUIT HONCHKROW!?
|c|âChillibeans|yea buddy
|c|âDoouchebag|THAT IS PISS WEAK!
|c|âChillibeans|cherrs bro
|c|âChillibeans|cheers
|c|âChillibeans|*
|
|switch|p1a: Suicune|Suicune|404\/404
|-ability|p1a: Suicune|Pressure
|move|p2a: Donphan|Knock Off|p1a: Suicune
|-damage|p1a: Suicune|319\/404
|-enditem|p1a: Suicune|Leftovers|[from] move: Knock Off|[of] p2a: Donphan
|
|-damage|p2a: Donphan|202\/383 tox|[from] psn
|turn|10
|c|âChillibeans|laggggggggggggggggggggggggggggggggg
|c|âDoouchebag|i would run
|
|switch|p1a: Rotom-Heat|Rotom-Heat|49\/241
|move|p2a: Donphan|Knock Off|p1a: Rotom-Heat
|-damage|p1a: Rotom-Heat|0 fnt
|-enditem|p1a: Rotom-Heat|Choice Scarf|[from] move: Knock Off|[of] p2a: Donphan
|faint|p1a: Rotom-Heat
|
|-damage|p2a: Donphan|133\/383 tox|[from] psn
|
|switch|p1a: Haxorus|Haxorus, M|293\/293
|-ability|p1a: Haxorus|Mold Breaker
|turn|11
|
|move|p2a: Donphan|Ice Shard|p1a: Haxorus
|-supereffective|p1a: Haxorus
|-damage|p1a: Haxorus|193\/293
|move|p1a: Haxorus|Dragon Claw|p2a: Donphan
|-damage|p2a: Donphan|0 fnt
|faint|p2a: Donphan
|
|
|switch|p2a: Alakazam|Alakazam, F|251\/251
|turn|12
|
|switch|p1a: Umbreon|Umbreon, M|394\/394
|detailschange|p2a: Alakazam|Alakazam-Mega, F
|-mega|p2a: Alakazam|Alakazam|Alakazite
|-ability|p2a: Alakazam|Synchronize|[from] ability: Trace|[of] p1a: Umbreon
|move|p2a: Alakazam|Dazzling Gleam|p1a: Umbreon
|-supereffective|p1a: Umbreon
|-damage|p1a: Umbreon|254\/394
|
|-heal|p1a: Umbreon|278\/394|[from] item: Leftovers
|turn|13
|
|switch|p2a: Toxicroak|Toxicroak, F|370\/370
|move|p1a: Umbreon|Wish|p1a: Umbreon
|
|-heal|p1a: Umbreon|302\/394|[from] item: Leftovers
|turn|14
|
|switch|p1a: Haxorus|Haxorus, M|193\/293
|-ability|p1a: Haxorus|Mold Breaker
|move|p2a: Toxicroak|Drain Punch|p1a: Haxorus
|-damage|p1a: Haxorus|49\/293
|
|-heal|p1a: Haxorus|246\/293|[from] move: Wish|[wisher] Umbreon
|turn|15
|c|âDoouchebag|god mega zam is pretty broken
|c|âChillibeans|ikr
|c|âDoouchebag|should remain bl that thing
|
|move|p1a: Haxorus|Dragon Claw|p2a: Toxicroak
|-crit|p2a: Toxicroak
|-damage|p2a: Toxicroak|0 fnt
|faint|p2a: Toxicroak
|
|
|switch|p2a: Alakazam|Alakazam-Mega, F|251\/251
|-ability|p2a: Alakazam|Mold Breaker|[from] ability: Trace|[of] p1a: Haxorus
|-ability|p2a: Alakazam|Mold Breaker
|turn|16
|
|switch|p1a: Aggron|Aggron-Mega, M|244\/344
|move|p2a: Alakazam|Dazzling Gleam|p1a: Aggron
|-resisted|p1a: Aggron
|-damage|p1a: Aggron|185\/344
|
|turn|17
|
|switch|p1a: Suicune|Suicune|319\/404
|-ability|p1a: Suicune|Pressure
|move|p2a: Alakazam|Shadow Ball|p1a: Suicune
|-crit|p1a: Suicune
|-damage|p1a: Suicune|147\/404
|
|turn|18
|
|switch|p1a: Umbreon|Umbreon, M|302\/394
|move|p2a: Alakazam|Energy Ball|p1a: Umbreon
|-damage|p1a: Umbreon|221\/394
|-unboost|p1a: Umbreon|spd|1
|
|-heal|p1a: Umbreon|245\/394|[from] item: Leftovers
|turn|19
|
|switch|p1a: Aggron|Aggron-Mega, M|185\/344
|move|p2a: Alakazam|Dazzling Gleam|p1a: Aggron
|-resisted|p1a: Aggron
|-damage|p1a: Aggron|125\/344
|
|turn|20
|c|âDoouchebag|god hax
|
|move|p2a: Alakazam|Shadow Ball|p1a: Aggron
|-damage|p1a: Aggron|7\/344
|move|p1a: Aggron|Heavy Slam|p2a: Alakazam
|-damage|p2a: Alakazam|0 fnt
|faint|p2a: Alakazam
|
|c|âChillibeans|lolz
|
|switch|p2a: Honchkrow|Honchkrow, M|308\/342
|turn|21
|
|move|p2a: Honchkrow|Pursuit|p1a: Aggron
|-damage|p1a: Aggron|0 fnt
|-damage|p2a: Honchkrow|274\/342|[from] item: Life Orb
|faint|p1a: Aggron
|-boost|p2a: Honchkrow|atk|1|[from] ability: Moxie
|
|
|switch|p1a: Toxicroak|Toxicroak, M|307\/307
|turn|22
|
|move|p1a: Toxicroak|Drain Punch|p2a: Honchkrow
|-damage|p2a: Honchkrow|58\/342
|move|p2a: Honchkrow|Brave Bird|p1a: Toxicroak
|-supereffective|p1a: Toxicroak
|-damage|p1a: Toxicroak|0 fnt
|-damage|p2a: Honchkrow|0 fnt|[from] recoil|[of] p1a: Toxicroak
|faint|p1a: Toxicroak
|faint|p2a: Honchkrow
|
|c|âChillibeans|gg
|
|switch|p2a: Galvantula|Galvantula, F|281\/281
|switch|p1a: Haxorus|Haxorus, M|246\/293
|-ability|p1a: Haxorus|Mold Breaker
|turn|23
|c|âDoouchebag|i think u win
|c|âChillibeans|na, im not sash
|c|âChillibeans|im choiced
|
|move|p2a: Galvantula|Bug Buzz|p1a: Haxorus
|-crit|p1a: Haxorus
|-damage|p1a: Haxorus|0 fnt
|faint|p1a: Haxorus
|
|c|âDoouchebag|still
|c|âChillibeans|:\/
|c|âDoouchebag|the hax
|
|switch|p1a: Suicune|Suicune|147\/404
|-ability|p1a: Suicune|Pressure
|turn|24
|
|move|p2a: Galvantula|Bug Buzz|p1a: Suicune
|-damage|p1a: Suicune|21\/404
|move|p1a: Suicune|Rest|p1a: Suicune
|-status|p1a: Suicune|slp
|-heal|p1a: Suicune|404\/404 slp|[silent]
|-status|p1a: Suicune|slp|[from] move: Rest
|
|turn|25
|c|âDoouchebag|oh wow i live that!?
|c|âDoouchebag|i thought i lost
|c|âChillibeans|i have no idea
|c|âDoouchebag|scarf?
|
|move|p2a: Galvantula|Bug Buzz|p1a: Suicune
|-damage|p1a: Suicune|281\/404 slp
|cant|p1a: Suicune|slp
|move|p1a: Suicune|Sleep Talk|p1a: Suicune
|move|p1a: Suicune|Scald|p2a: Galvantula|[from]Sleep Talk
|-damage|p2a: Galvantula|143\/281
|
|turn|26
|c|âChillibeans|searching for a mega crit ftw
|
|move|p2a: Galvantula|Bug Buzz|p1a: Suicune
|-damage|p1a: Suicune|155\/404 slp
|cant|p1a: Suicune|slp
|move|p1a: Suicune|Sleep Talk|p1a: Suicune
|move|p1a: Suicune|Rest|p1a: Suicune|[from]Sleep Talk
|-fail|p1a: Suicune
|
|turn|27
|
|move|p2a: Galvantula|Bug Buzz|p1a: Suicune
|-damage|p1a: Suicune|34\/404 slp
|-curestatus|p1a: Suicune|slp
|move|p1a: Suicune|Rest|p1a: Suicune
|-status|p1a: Suicune|slp
|-heal|p1a: Suicune|404\/404 slp|[silent]
|-status|p1a: Suicune|slp|[from] move: Rest
|
|turn|28
|c|âChillibeans|gg
|
|move|p2a: Galvantula|Bug Buzz|p1a: Suicune
|-damage|p1a: Suicune|292\/404 slp
|cant|p1a: Suicune|slp
|move|p1a: Suicune|Sleep Talk|p1a: Suicune
|move|p1a: Suicune|Scald|p2a: Galvantula|[from]Sleep Talk
|-damage|p2a: Galvantula|17\/281
|
|turn|29
|-message|Chillibeans forfeited.
|
|win|Doouchebag
|raw|Ladder updating...
|leave|Chillibeans
|player|p2
|raw|Doouchebag's rating: 1315 &rarr; <strong>1336<\/strong><br \/>(+21 for winning)
|raw|Chillibeans's rating: 1329 &rarr; <strong>1308<\/strong><br \/>(-21 for losing)