|join|BroingHop
|join|Doouchebag
|player|p1|BroingHop|266
|player|p2|Doouchebag|266
|gametype|singles
|gen|6
|tier|UU
|rated
|rule|Sleep Clause Mod: Limit one foe put to sleep
|rule|Species Clause: Limit one of each PokÃ©mon
|rule|OHKO Clause: OHKO moves are banned
|rule|Moody Clause: Moody is banned
|rule|Evasion Moves Clause: Evasion moves are banned
|rule|Endless Battle Clause: Forcing endless battles is banned
|rule|HP Percentage Mod: HP is shown in percentages
|clearpoke
|poke|p1|Crobat, M
|poke|p1|Forretress, F
|poke|p1|Suicune
|poke|p1|Blissey, F
|poke|p1|Cobalion
|poke|p1|Krookodile, F
|poke|p2|Haxorus, F
|poke|p2|Toxicroak, F
|poke|p2|Aggron, M
|poke|p2|Suicune
|poke|p2|Rotom-Heat
|poke|p2|Umbreon, M
|rule|Swagger Clause: Swagger is banned
|rule|Baton Pass Clause: Limit one PokÃ©mon knowing Baton Pass
|teampreview
|
|start
|switch|p1a: Cobalion|Cobalion|323\/323
|switch|p2a: Rotom-Heat|Rotom-Heat|241\/241
|turn|1
|c|âDoouchebag|wuhhh
|
|switch|p1a: Suicune|Suicune|393\/393
|-ability|p1a: Suicune|Pressure
|move|p2a: Rotom-Heat|Trick|p1a: Suicune
|-activate|p2a: Rotom-Heat|move: Trick|[of] p1a: Suicune
|-item|p1a: Suicune|Choice Scarf|[from] move: Trick
|-item|p2a: Rotom-Heat|Leftovers|[from] move: Trick
|
|turn|2
|
|move|p1a: Suicune|Scald|p2a: Rotom-Heat
|-supereffective|p2a: Rotom-Heat
|-damage|p2a: Rotom-Heat|53\/241
|move|p2a: Rotom-Heat|Volt Switch|p1a: Suicune
|-supereffective|p1a: Suicune
|-damage|p1a: Suicune|199\/393
|
|switch|p2a: Haxorus|Haxorus, F|293\/293
|-ability|p2a: Haxorus|Mold Breaker
|
|turn|3
|
|switch|p1a: Forretress|Forretress, F|323\/323
|move|p2a: Haxorus|Earthquake|p1a: Forretress
|-damage|p1a: Forretress|193\/323
|
|-heal|p1a: Forretress|213\/323|[from] item: Leftovers
|turn|4
|
|move|p2a: Haxorus|Earthquake|p1a: Forretress
|-damage|p1a: Forretress|81\/323
|move|p1a: Forretress|Spikes|p2a: Haxorus
|-sidestart|p2: Doouchebag|Spikes
|
|-heal|p1a: Forretress|101\/323|[from] item: Leftovers
|turn|5
|
|switch|p1a: Krookodile|Krookodile, F|393\/393
|-ability|p1a: Krookodile|Intimidate|[of] p2a: Haxorus
|-unboost|p2a: Haxorus|atk|1
|move|p2a: Haxorus|Earthquake|p1a: Krookodile
|-damage|p1a: Krookodile|250\/393
|
|-heal|p1a: Krookodile|274\/393|[from] item: Leftovers
|turn|6
|
|switch|p2a: Suicune|Suicune|404\/404
|-damage|p2a: Suicune|354\/404|[from] Spikes
|-ability|p2a: Suicune|Pressure
|move|p1a: Krookodile|Stealth Rock|p2a: Suicune
|-sidestart|p2: Doouchebag|move: Stealth Rock
|
|-heal|p1a: Krookodile|298\/393|[from] item: Leftovers
|-heal|p2a: Suicune|379\/404|[from] item: Leftovers
|turn|7
|
|switch|p1a: Suicune|Suicune|199\/393
|-ability|p1a: Suicune|Pressure
|move|p2a: Suicune|Calm Mind|p2a: Suicune
|-boost|p2a: Suicune|spa|1
|-boost|p2a: Suicune|spd|1
|
|-heal|p2a: Suicune|404\/404|[from] item: Leftovers
|turn|8
|
|move|p1a: Suicune|Rest|p1a: Suicune
|-status|p1a: Suicune|slp
|-heal|p1a: Suicune|393\/393 slp|[silent]
|-status|p1a: Suicune|slp|[from] move: Rest
|move|p2a: Suicune|Calm Mind|p2a: Suicune
|-boost|p2a: Suicune|spa|1
|-boost|p2a: Suicune|spd|1
|
|turn|9
|
|switch|p1a: Cobalion|Cobalion|323\/323
|move|p2a: Suicune|Calm Mind|p2a: Suicune
|-boost|p2a: Suicune|spa|1
|-boost|p2a: Suicune|spd|1
|
|turn|10
|
|move|p1a: Cobalion|Toxic|p2a: Suicune
|-status|p2a: Suicune|tox
|move|p2a: Suicune|Scald|p1a: Cobalion
|-damage|p1a: Cobalion|64\/323
|-status|p1a: Cobalion|brn
|
|-heal|p1a: Cobalion|84\/323 brn|[from] item: Leftovers
|-damage|p1a: Cobalion|44\/323 brn|[from] brn
|-damage|p2a: Suicune|379\/404 tox|[from] psn
|turn|11
|
|switch|p1a: Suicune|Suicune|393\/393 slp
|-ability|p1a: Suicune|Pressure
|move|p2a: Suicune|Scald|p1a: Suicune
|-resisted|p1a: Suicune
|-damage|p1a: Suicune|305\/393 slp
|
|-heal|p2a: Suicune|404\/404 tox|[from] item: Leftovers
|-damage|p2a: Suicune|354\/404 tox|[from] psn
|turn|12
|
|move|p2a: Suicune|Rest|p2a: Suicune
|-status|p2a: Suicune|slp
|-heal|p2a: Suicune|404\/404 slp|[silent]
|-status|p2a: Suicune|slp|[from] move: Rest
|cant|p1a: Suicune|slp
|
|turn|13
|
|cant|p2a: Suicune|slp
|move|p2a: Suicune|Sleep Talk|p2a: Suicune
|move|p2a: Suicune|Calm Mind|p2a: Suicune|[from]Sleep Talk
|-boost|p2a: Suicune|spa|1
|-boost|p2a: Suicune|spd|1
|cant|p1a: Suicune|slp
|
|turn|14
|
|cant|p2a: Suicune|slp
|move|p2a: Suicune|Sleep Talk|p2a: Suicune
|move|p2a: Suicune|Scald|p1a: Suicune|[from]Sleep Talk
|-resisted|p1a: Suicune
|-damage|p1a: Suicune|181\/393 slp
|-curestatus|p1a: Suicune|slp
|move|p1a: Suicune|Roar|p2a: Suicune
|drag|p2a: Toxicroak|Toxicroak, F|307\/307
|-damage|p2a: Toxicroak|269\/307|[from] Spikes
|-damage|p2a: Toxicroak|250\/307|[from] Stealth Rock
|
|-heal|p2a: Toxicroak|269\/307|[from] item: Black Sludge
|turn|15
|
|switch|p1a: Crobat|Crobat, M|353\/353
|move|p2a: Toxicroak|Gunk Shot|p1a: Crobat
|-resisted|p1a: Crobat
|-damage|p1a: Crobat|239\/353
|
|-heal|p2a: Toxicroak|288\/307|[from] item: Black Sludge
|turn|16
|
|switch|p2a: Aggron|Aggron, M|344\/344
|-damage|p2a: Aggron|301\/344|[from] Spikes
|-damage|p2a: Aggron|280\/344|[from] Stealth Rock
|move|p1a: Crobat|Acrobatics|p2a: Aggron
|-resisted|p2a: Aggron
|-damage|p2a: Aggron|264\/344
|
|turn|17
|
|detailschange|p2a: Aggron|Aggron-Mega, M
|-mega|p2a: Aggron|Aggron|Aggronite
|move|p1a: Crobat|U-turn|p2a: Aggron
|-resisted|p2a: Aggron
|-damage|p2a: Aggron|253\/344
|
|switch|p1a: Krookodile|Krookodile, F|298\/393
|-ability|p1a: Krookodile|Intimidate|[of] p2a: Aggron
|-unboost|p2a: Aggron|atk|1
|move|p2a: Aggron|Heavy Slam|p1a: Krookodile
|-damage|p1a: Krookodile|186\/393
|
|-heal|p1a: Krookodile|210\/393|[from] item: Leftovers
|turn|18
|
|switch|p2a: Suicune|Suicune|404\/404 slp
|-damage|p2a: Suicune|354\/404 slp|[from] Spikes
|-damage|p2a: Suicune|304\/404 slp|[from] Stealth Rock
|-ability|p2a: Suicune|Pressure
|move|p1a: Krookodile|Earthquake|p2a: Suicune
|-damage|p2a: Suicune|195\/404 slp
|
|-heal|p1a: Krookodile|234\/393|[from] item: Leftovers
|-heal|p2a: Suicune|220\/404 slp|[from] item: Leftovers
|turn|19
|
|move|p1a: Krookodile|Knock Off|p2a: Suicune
|-damage|p2a: Suicune|117\/404 slp
|-enditem|p2a: Suicune|Leftovers|[from] move: Knock Off|[of] p1a: Krookodile
|-curestatus|p2a: Suicune|slp
|move|p2a: Suicune|Scald|p1a: Krookodile
|-supereffective|p1a: Krookodile
|-damage|p1a: Krookodile|16\/393
|
|-heal|p1a: Krookodile|40\/393|[from] item: Leftovers
|turn|20
|
|switch|p1a: Blissey|Blissey, F|651\/651
|move|p2a: Suicune|Rest|p2a: Suicune
|-status|p2a: Suicune|slp
|-heal|p2a: Suicune|404\/404 slp|[silent]
|-status|p2a: Suicune|slp|[from] move: Rest
|
|turn|21
|
|cant|p2a: Suicune|slp
|move|p2a: Suicune|Sleep Talk|p2a: Suicune
|move|p2a: Suicune|Calm Mind|p2a: Suicune|[from]Sleep Talk
|-boost|p2a: Suicune|spa|1
|-boost|p2a: Suicune|spd|1
|move|p1a: Blissey|Heal Bell|p1a: Blissey
|-cureteam|p1a: Blissey|[from] move: HealBell
|
|turn|22
|
|cant|p2a: Suicune|slp
|move|p2a: Suicune|Sleep Talk|p2a: Suicune
|move|p2a: Suicune|Scald|p1a: Blissey|[from]Sleep Talk
|-damage|p1a: Blissey|575\/651
|move|p1a: Blissey|Wish|p1a: Blissey
|
|-heal|p1a: Blissey|615\/651|[from] item: Leftovers
|turn|23
|
|-curestatus|p2a: Suicune|slp
|move|p2a: Suicune|Scald|p1a: Blissey
|-damage|p1a: Blissey|546\/651
|move|p1a: Blissey|Seismic Toss|p2a: Suicune
|-damage|p2a: Suicune|304\/404
|
|-heal|p1a: Blissey|651\/651|[from] move: Wish|[wisher] Blissey
|turn|24
|
|move|p2a: Suicune|Calm Mind|p2a: Suicune
|-boost|p2a: Suicune|spa|1
|-boost|p2a: Suicune|spd|1
|move|p1a: Blissey|Seismic Toss|p2a: Suicune
|-damage|p2a: Suicune|204\/404
|
|turn|25
|
|move|p2a: Suicune|Calm Mind|p2a: Suicune
|-boost|p2a: Suicune|spa|1
|-boost|p2a: Suicune|spd|1
|move|p1a: Blissey|Seismic Toss|p2a: Suicune
|-damage|p2a: Suicune|104\/404
|
|turn|26
|
|move|p2a: Suicune|Rest|p2a: Suicune
|-status|p2a: Suicune|slp
|-heal|p2a: Suicune|404\/404 slp|[silent]
|-status|p2a: Suicune|slp|[from] move: Rest
|move|p1a: Blissey|Wish|p1a: Blissey
|
|turn|27
|
|switch|p1a: Suicune|Suicune|181\/393
|-ability|p1a: Suicune|Pressure
|cant|p2a: Suicune|slp
|move|p2a: Suicune|Sleep Talk|p2a: Suicune
|move|p2a: Suicune|Scald|p1a: Suicune|[from]Sleep Talk
|-resisted|p1a: Suicune
|-damage|p1a: Suicune|82\/393
|
|-heal|p1a: Suicune|393\/393|[from] move: Wish|[wisher] Blissey
|turn|28
|
|cant|p2a: Suicune|slp
|move|p2a: Suicune|Sleep Talk|p2a: Suicune
|move|p2a: Suicune|Rest|p2a: Suicune|[from]Sleep Talk
|-fail|p2a: Suicune
|move|p1a: Suicune|Roar|p2a: Suicune
|drag|p2a: Umbreon|Umbreon, M|394\/394
|-damage|p2a: Umbreon|345\/394|[from] Spikes
|-damage|p2a: Umbreon|296\/394|[from] Stealth Rock
|
|-heal|p2a: Umbreon|320\/394|[from] item: Leftovers
|turn|29
|
|move|p2a: Umbreon|Wish|p2a: Umbreon
|move|p1a: Suicune|Roar|p2a: Umbreon
|drag|p2a: Rotom-Heat|Rotom-Heat|53\/241
|-damage|p2a: Rotom-Heat|0 fnt|[from] Stealth Rock
|faint|p2a: Rotom-Heat
|
|
|switch|p2a: Haxorus|Haxorus, F|293\/293
|-damage|p2a: Haxorus|257\/293|[from] Stealth Rock
|-damage|p2a: Haxorus|221\/293|[from] Spikes
|-ability|p2a: Haxorus|Mold Breaker
|turn|30
|
|move|p2a: Haxorus|Outrage|p1a: Suicune
|-crit|p1a: Suicune
|-damage|p1a: Suicune|33\/393
|move|p1a: Suicune|Roar|p2a: Haxorus
|drag|p2a: Aggron|Aggron-Mega, M|253\/344
|-damage|p2a: Aggron|210\/344|[from] Spikes
|-damage|p2a: Aggron|189\/344|[from] Stealth Rock
|
|-heal|p2a: Aggron|344\/344|[from] move: Wish|[wisher] Umbreon
|turn|31
|
|switch|p1a: Krookodile|Krookodile, F|40\/393
|-ability|p1a: Krookodile|Intimidate|[of] p2a: Aggron
|-unboost|p2a: Aggron|atk|1
|move|p2a: Aggron|Heavy Slam|p1a: Krookodile
|-damage|p1a: Krookodile|0 fnt
|faint|p1a: Krookodile
|
|
|switch|p1a: Blissey|Blissey, F|651\/651
|turn|32
|
|move|p1a: Blissey|Wish|p1a: Blissey
|move|p2a: Aggron|Stealth Rock|p1a: Blissey
|-sidestart|p1: BroingHop|move: Stealth Rock
|
|turn|33
|
|move|p1a: Blissey|Seismic Toss|p2a: Aggron
|-damage|p2a: Aggron|244\/344
|move|p2a: Aggron|Earthquake|p1a: Blissey
|-damage|p1a: Blissey|509\/651
|
|-heal|p1a: Blissey|651\/651|[from] move: Wish|[wisher] Blissey
|turn|34
|
|move|p1a: Blissey|Seismic Toss|p2a: Aggron
|-damage|p2a: Aggron|144\/344
|move|p2a: Aggron|Heavy Slam|p1a: Blissey
|-damage|p1a: Blissey|408\/651
|
|-heal|p1a: Blissey|448\/651|[from] item: Leftovers
|turn|35
|
|switch|p2a: Haxorus|Haxorus, F|221\/293
|-damage|p2a: Haxorus|185\/293|[from] Spikes
|-damage|p2a: Haxorus|149\/293|[from] Stealth Rock
|-ability|p2a: Haxorus|Mold Breaker
|move|p1a: Blissey|Wish|p1a: Blissey
|
|-heal|p1a: Blissey|488\/651|[from] item: Leftovers
|turn|36
|
|move|p1a: Blissey|Protect|p1a: Blissey
|-singleturn|p1a: Blissey|Protect
|move|p2a: Haxorus|Outrage|p1a: Blissey
|-activate|p1a: Blissey|Protect
|
|-heal|p1a: Blissey|651\/651|[from] move: Wish|[wisher] Blissey
|turn|37
|
|switch|p1a: Cobalion|Cobalion|44\/323
|-damage|p1a: Cobalion|34\/323|[from] Stealth Rock
|move|p2a: Haxorus|Outrage|p1a: Cobalion
|-resisted|p1a: Cobalion
|-damage|p1a: Cobalion|0 fnt
|faint|p1a: Cobalion
|
|
|switch|p1a: Crobat|Crobat, M|239\/353
|-damage|p1a: Crobat|151\/353|[from] Stealth Rock
|turn|38
|
|move|p1a: Crobat|Acrobatics|p2a: Haxorus
|-crit|p2a: Haxorus
|-damage|p2a: Haxorus|0 fnt
|faint|p2a: Haxorus
|
|
|switch|p2a: Suicune|Suicune|404\/404 slp
|-damage|p2a: Suicune|354\/404 slp|[from] Spikes
|-damage|p2a: Suicune|304\/404 slp|[from] Stealth Rock
|-ability|p2a: Suicune|Pressure
|turn|39
|raw|<div class="broadcast-blue"><b>A new seasonal, Spacetime Funtimes, is now available!<\/b><\/div>
|
|move|p1a: Crobat|Roost|p1a: Crobat
|-heal|p1a: Crobat|328\/353
|-curestatus|p2a: Suicune|slp
|move|p2a: Suicune|Scald|p1a: Crobat
|-damage|p1a: Crobat|229\/353
|
|turn|40
|
|move|p1a: Crobat|U-turn|p2a: Suicune
|-damage|p2a: Suicune|264\/404
|
|switch|p1a: Blissey|Blissey, F|651\/651
|-damage|p1a: Blissey|570\/651|[from] Stealth Rock
|move|p2a: Suicune|Scald|p1a: Blissey
|-damage|p1a: Blissey|521\/651
|
|-heal|p1a: Blissey|561\/651|[from] item: Leftovers
|turn|41
|
|move|p2a: Suicune|Calm Mind|p2a: Suicune
|-boost|p2a: Suicune|spa|1
|-boost|p2a: Suicune|spd|1
|move|p1a: Blissey|Wish|p1a: Blissey
|
|-heal|p1a: Blissey|601\/651|[from] item: Leftovers
|turn|42
|
|move|p2a: Suicune|Scald|p1a: Blissey
|-damage|p1a: Blissey|523\/651
|move|p1a: Blissey|Seismic Toss|p2a: Suicune
|-damage|p2a: Suicune|164\/404
|
|-heal|p1a: Blissey|651\/651|[from] move: Wish|[wisher] Blissey
|turn|43
|
|move|p2a: Suicune|Scald|p1a: Blissey
|-damage|p1a: Blissey|575\/651
|-status|p1a: Blissey|brn
|move|p1a: Blissey|Wish|p1a: Blissey
|
|-heal|p1a: Blissey|615\/651 brn|[from] item: Leftovers
|-damage|p1a: Blissey|534\/651 brn|[from] brn
|turn|44
|
|move|p2a: Suicune|Rest|p2a: Suicune
|-status|p2a: Suicune|slp
|-heal|p2a: Suicune|404\/404 slp|[silent]
|-status|p2a: Suicune|slp|[from] move: Rest
|move|p1a: Blissey|Heal Bell|p1a: Blissey
|-cureteam|p1a: Blissey|[from] move: HealBell
|
|-heal|p1a: Blissey|651\/651|[from] move: Wish|[wisher] Blissey
|turn|45
|
|cant|p2a: Suicune|slp
|move|p2a: Suicune|Sleep Talk|p2a: Suicune
|move|p2a: Suicune|Rest|p2a: Suicune|[from]Sleep Talk
|-fail|p2a: Suicune
|move|p1a: Blissey|Seismic Toss|p2a: Suicune
|-damage|p2a: Suicune|304\/404 slp
|
|turn|46
|
|cant|p2a: Suicune|slp
|move|p2a: Suicune|Sleep Talk|p2a: Suicune
|move|p2a: Suicune|Scald|p1a: Blissey|[from]Sleep Talk
|-damage|p1a: Blissey|578\/651
|-status|p1a: Blissey|brn
|move|p1a: Blissey|Seismic Toss|p2a: Suicune
|-damage|p2a: Suicune|204\/404 slp
|
|-heal|p1a: Blissey|618\/651 brn|[from] item: Leftovers
|-damage|p1a: Blissey|537\/651 brn|[from] brn
|turn|47
|
|-curestatus|p2a: Suicune|slp
|move|p2a: Suicune|Calm Mind|p2a: Suicune
|-boost|p2a: Suicune|spa|1
|-boost|p2a: Suicune|spd|1
|move|p1a: Blissey|Wish|p1a: Blissey
|
|-heal|p1a: Blissey|577\/651 brn|[from] item: Leftovers
|-damage|p1a: Blissey|496\/651 brn|[from] brn
|turn|48
|
|move|p2a: Suicune|Calm Mind|p2a: Suicune
|-boost|p2a: Suicune|spa|1
|-boost|p2a: Suicune|spd|1
|move|p1a: Blissey|Seismic Toss|p2a: Suicune
|-damage|p2a: Suicune|104\/404
|
|-heal|p1a: Blissey|651\/651 brn|[from] move: Wish|[wisher] Blissey
|-damage|p1a: Blissey|570\/651 brn|[from] brn
|turn|49
|
|move|p2a: Suicune|Scald|p1a: Blissey
|-damage|p1a: Blissey|434\/651 brn
|move|p1a: Blissey|Wish|p1a: Blissey
|
|-heal|p1a: Blissey|474\/651 brn|[from] item: Leftovers
|-damage|p1a: Blissey|393\/651 brn|[from] brn
|turn|50
|
|move|p2a: Suicune|Rest|p2a: Suicune
|-status|p2a: Suicune|slp
|-heal|p2a: Suicune|404\/404 slp|[silent]
|-status|p2a: Suicune|slp|[from] move: Rest
|move|p1a: Blissey|Seismic Toss|p2a: Suicune
|-damage|p2a: Suicune|304\/404 slp
|
|-heal|p1a: Blissey|651\/651 brn|[from] move: Wish|[wisher] Blissey
|-damage|p1a: Blissey|570\/651 brn|[from] brn
|turn|51
|
|cant|p2a: Suicune|slp
|move|p2a: Suicune|Sleep Talk|p2a: Suicune
|move|p2a: Suicune|Rest|p2a: Suicune|[from]Sleep Talk
|-fail|p2a: Suicune
|move|p1a: Blissey|Wish|p1a: Blissey
|
|-heal|p1a: Blissey|610\/651 brn|[from] item: Leftovers
|-damage|p1a: Blissey|529\/651 brn|[from] brn
|turn|52
|
|cant|p2a: Suicune|slp
|move|p2a: Suicune|Sleep Talk|p2a: Suicune
|move|p2a: Suicune|Scald|p1a: Blissey|[from]Sleep Talk
|-damage|p1a: Blissey|411\/651 brn
|move|p1a: Blissey|Heal Bell|p1a: Blissey
|-cureteam|p1a: Blissey|[from] move: HealBell
|
|-heal|p1a: Blissey|651\/651|[from] move: Wish|[wisher] Blissey
|turn|53
|
|-curestatus|p2a: Suicune|slp
|move|p2a: Suicune|Calm Mind|p2a: Suicune
|-boost|p2a: Suicune|spa|1
|-boost|p2a: Suicune|spd|1
|move|p1a: Blissey|Seismic Toss|p2a: Suicune
|-damage|p2a: Suicune|204\/404
|
|turn|54
|
|move|p2a: Suicune|Calm Mind|p2a: Suicune
|-boost|p2a: Suicune|spa|1
|-boost|p2a: Suicune|spd|1
|move|p1a: Blissey|Seismic Toss|p2a: Suicune
|-damage|p2a: Suicune|104\/404
|
|turn|55
|
|move|p2a: Suicune|Calm Mind|p2a: Suicune
|-boost|p2a: Suicune|spa|1
|-boost|p2a: Suicune|spd|1
|move|p1a: Blissey|Seismic Toss|p2a: Suicune
|-damage|p2a: Suicune|4\/404
|
|turn|56
|
|move|p2a: Suicune|Rest|p2a: Suicune
|-status|p2a: Suicune|slp
|-heal|p2a: Suicune|404\/404 slp|[silent]
|-status|p2a: Suicune|slp|[from] move: Rest
|move|p1a: Blissey|Wish|p1a: Blissey
|
|turn|57
|
|move|p1a: Blissey|Protect|p1a: Blissey
|-singleturn|p1a: Blissey|Protect
|cant|p2a: Suicune|slp
|move|p2a: Suicune|Sleep Talk|p2a: Suicune
|move|p2a: Suicune|Rest|p2a: Suicune|[from]Sleep Talk
|-fail|p2a: Suicune
|
|turn|58
|
|move|p1a: Blissey|Protect|p1a: Blissey
|-singleturn|p1a: Blissey|Protect
|cant|p2a: Suicune|slp
|move|p2a: Suicune|Sleep Talk|p2a: Suicune
|move|p2a: Suicune|Calm Mind|p2a: Suicune|[from]Sleep Talk
|-fail|p2a: Suicune
|
|turn|59
|
|move|p1a: Blissey|Protect|p1a: Blissey
|-fail|p1a: Blissey
|-curestatus|p2a: Suicune|slp
|move|p2a: Suicune|Scald|p1a: Blissey
|-damage|p1a: Blissey|437\/651
|
|-heal|p1a: Blissey|477\/651|[from] item: Leftovers
|turn|60
|
|move|p2a: Suicune|Scald|p1a: Blissey
|-damage|p1a: Blissey|285\/651
|-status|p1a: Blissey|brn
|move|p1a: Blissey|Seismic Toss|p2a: Suicune
|-damage|p2a: Suicune|304\/404
|
|-heal|p1a: Blissey|325\/651 brn|[from] item: Leftovers
|-damage|p1a: Blissey|244\/651 brn|[from] brn
|turn|61
|
|move|p2a: Suicune|Scald|p1a: Blissey
|-damage|p1a: Blissey|48\/651 brn
|move|p1a: Blissey|Wish|p1a: Blissey
|
|-heal|p1a: Blissey|88\/651 brn|[from] item: Leftovers
|-damage|p1a: Blissey|7\/651 brn|[from] brn
|turn|62
|
|move|p1a: Blissey|Protect|p1a: Blissey
|-singleturn|p1a: Blissey|Protect
|move|p2a: Suicune|Scald|p1a: Blissey
|-activate|p1a: Blissey|Protect
|
|-heal|p1a: Blissey|332\/651 brn|[from] move: Wish|[wisher] Blissey
|-heal|p1a: Blissey|372\/651 brn|[from] item: Leftovers
|-damage|p1a: Blissey|291\/651 brn|[from] brn
|turn|63
|
|move|p2a: Suicune|Scald|p1a: Blissey
|-damage|p1a: Blissey|104\/651 brn
|move|p1a: Blissey|Heal Bell|p1a: Blissey
|-cureteam|p1a: Blissey|[from] move: HealBell
|
|-heal|p1a: Blissey|144\/651|[from] item: Leftovers
|turn|64
|
|move|p1a: Blissey|Protect|p1a: Blissey
|-singleturn|p1a: Blissey|Protect
|move|p2a: Suicune|Scald|p1a: Blissey
|-activate|p1a: Blissey|Protect
|
|-heal|p1a: Blissey|184\/651|[from] item: Leftovers
|turn|65
|c|âDoouchebag|gg
|
|move|p1a: Blissey|Protect|p1a: Blissey
|-fail|p1a: Blissey
|move|p2a: Suicune|Scald|p1a: Blissey
|-damage|p1a: Blissey|0 fnt
|faint|p1a: Blissey
|
|
|switch|p1a: Crobat|Crobat, M|229\/353
|-damage|p1a: Crobat|141\/353|[from] Stealth Rock
|turn|66
|
|move|p1a: Crobat|Defog|p2a: Suicune
|-unboost|p2a: Suicune|evasion|1
|-sideend|p2: Doouchebag|Spikes|[from] move: Defog|[of] p2a: Suicune
|-sideend|p2: Doouchebag|Stealth Rock|[from] move: Defog|[of] p2a: Suicune
|-sideend|p1: BroingHop|Stealth Rock|[from] move: Defog|[of] p1a: Crobat
|move|p2a: Suicune|Scald|p1a: Crobat
|-damage|p1a: Crobat|0 fnt
|faint|p1a: Crobat
|
|
|switch|p1a: Suicune|Suicune|33\/393
|-ability|p1a: Suicune|Pressure
|turn|67
|
|move|p1a: Suicune|Rest|p1a: Suicune
|-status|p1a: Suicune|slp
|-heal|p1a: Suicune|393\/393 slp|[silent]
|-status|p1a: Suicune|slp|[from] move: Rest
|move|p2a: Suicune|Scald|p1a: Suicune
|-resisted|p1a: Suicune
|-damage|p1a: Suicune|243\/393 slp
|
|turn|68
|
|cant|p1a: Suicune|slp
|move|p2a: Suicune|Scald|p1a: Suicune
|-resisted|p1a: Suicune
|-damage|p1a: Suicune|80\/393 slp
|
|turn|69
|
|cant|p1a: Suicune|slp
|move|p2a: Suicune|Scald|p1a: Suicune
|-resisted|p1a: Suicune
|-damage|p1a: Suicune|0 fnt
|faint|p1a: Suicune
|
|
|switch|p1a: Forretress|Forretress, F|101\/323
|turn|70
|
|move|p2a: Suicune|Rest|p2a: Suicune
|-status|p2a: Suicune|slp
|-heal|p2a: Suicune|404\/404 slp|[silent]
|-status|p2a: Suicune|slp|[from] move: Rest
|move|p1a: Forretress|Gyro Ball|p2a: Suicune
|-resisted|p2a: Suicune
|-damage|p2a: Suicune|376\/404 slp
|
|-heal|p1a: Forretress|121\/323|[from] item: Leftovers
|turn|71
|
|cant|p2a: Suicune|slp
|move|p2a: Suicune|Sleep Talk|p2a: Suicune
|move|p2a: Suicune|Calm Mind|p2a: Suicune|[from]Sleep Talk
|-fail|p2a: Suicune
|move|p1a: Forretress|Spikes|p2a: Suicune
|-sidestart|p2: Doouchebag|Spikes
|
|-heal|p1a: Forretress|141\/323|[from] item: Leftovers
|turn|72
|
|cant|p2a: Suicune|slp
|move|p2a: Suicune|Sleep Talk|p2a: Suicune
|move|p2a: Suicune|Rest|p2a: Suicune|[from]Sleep Talk
|-fail|p2a: Suicune
|move|p1a: Forretress|Spikes|p2a: Suicune
|-sidestart|p2: Doouchebag|Spikes
|
|-heal|p1a: Forretress|161\/323|[from] item: Leftovers
|turn|73
|
|-curestatus|p2a: Suicune|slp
|move|p2a: Suicune|Rest|p2a: Suicune
|-status|p2a: Suicune|slp
|-heal|p2a: Suicune|404\/404 slp|[silent]
|-status|p2a: Suicune|slp|[from] move: Rest
|move|p1a: Forretress|Spikes|p2a: Suicune
|-sidestart|p2: Doouchebag|Spikes
|
|-heal|p1a: Forretress|181\/323|[from] item: Leftovers
|turn|74
|
|cant|p2a: Suicune|slp
|move|p2a: Suicune|Sleep Talk|p2a: Suicune
|move|p2a: Suicune|Rest|p2a: Suicune|[from]Sleep Talk
|-fail|p2a: Suicune
|move|p1a: Forretress|Spikes|p2a: Suicune
|-fail|p2a: Suicune
|
|-heal|p1a: Forretress|201\/323|[from] item: Leftovers
|turn|75
|
|cant|p2a: Suicune|slp
|move|p2a: Suicune|Sleep Talk|p2a: Suicune
|move|p2a: Suicune|Calm Mind|p2a: Suicune|[from]Sleep Talk
|-fail|p2a: Suicune
|move|p1a: Forretress|Spikes|p2a: Suicune
|-fail|p2a: Suicune
|
|-heal|p1a: Forretress|221\/323|[from] item: Leftovers
|turn|76
|
|switch|p2a: Umbreon|Umbreon, M|320\/394
|-damage|p2a: Umbreon|222\/394|[from] Spikes
|move|p1a: Forretress|Rapid Spin|p2a: Umbreon
|-damage|p2a: Umbreon|205\/394
|
|-heal|p2a: Umbreon|229\/394|[from] item: Leftovers
|-heal|p1a: Forretress|241\/323|[from] item: Leftovers
|turn|77
|
|move|p2a: Umbreon|Wish|p2a: Umbreon
|move|p1a: Forretress|Rapid Spin|p2a: Umbreon
|-damage|p2a: Umbreon|213\/394
|
|-heal|p2a: Umbreon|237\/394|[from] item: Leftovers
|-heal|p1a: Forretress|261\/323|[from] item: Leftovers
|turn|78
|
|move|p2a: Umbreon|Foul Play|p1a: Forretress
|-damage|p1a: Forretress|198\/323
|move|p1a: Forretress|Rapid Spin|p2a: Umbreon
|-damage|p2a: Umbreon|220\/394
|
|-heal|p2a: Umbreon|394\/394|[from] move: Wish|[wisher] Umbreon
|-heal|p1a: Forretress|218\/323|[from] item: Leftovers
|turn|79
|
|move|p2a: Umbreon|Wish|p2a: Umbreon
|move|p1a: Forretress|Rapid Spin|p2a: Umbreon
|-damage|p2a: Umbreon|379\/394
|
|-heal|p2a: Umbreon|394\/394|[from] item: Leftovers
|-heal|p1a: Forretress|238\/323|[from] item: Leftovers
|turn|80
|
|switch|p2a: Toxicroak|Toxicroak, F|288\/307
|-damage|p2a: Toxicroak|212\/307|[from] Spikes
|move|p1a: Forretress|Rapid Spin|p2a: Toxicroak
|-damage|p2a: Toxicroak|187\/307
|
|-heal|p2a: Toxicroak|307\/307|[from] move: Wish|[wisher] Umbreon
|-heal|p1a: Forretress|258\/323|[from] item: Leftovers
|turn|81
|
|move|p2a: Toxicroak|Swords Dance|p2a: Toxicroak
|-boost|p2a: Toxicroak|atk|2
|move|p1a: Forretress|Earthquake|p2a: Toxicroak
|-supereffective|p2a: Toxicroak
|-damage|p2a: Toxicroak|77\/307
|
|-heal|p2a: Toxicroak|96\/307|[from] item: Black Sludge
|-heal|p1a: Forretress|278\/323|[from] item: Leftovers
|turn|82
|
|move|p2a: Toxicroak|Drain Punch|p1a: Forretress
|-damage|p1a: Forretress|128\/323
|-heal|p2a: Toxicroak|171\/307|[from] drain|[of] p1a: Forretress
|move|p1a: Forretress|Earthquake|p2a: Toxicroak
|-supereffective|p2a: Toxicroak
|-damage|p2a: Toxicroak|0 fnt
|faint|p2a: Toxicroak
|
|-heal|p1a: Forretress|148\/323|[from] item: Leftovers
|
|switch|p2a: Umbreon|Umbreon, M|394\/394
|-damage|p2a: Umbreon|296\/394|[from] Spikes
|turn|83
|
|move|p2a: Umbreon|Foul Play|p1a: Forretress
|-damage|p1a: Forretress|87\/323
|move|p1a: Forretress|Earthquake|p2a: Umbreon
|-damage|p2a: Umbreon|218\/394
|
|-heal|p2a: Umbreon|242\/394|[from] item: Leftovers
|-heal|p1a: Forretress|107\/323|[from] item: Leftovers
|turn|84
|
|move|p2a: Umbreon|Foul Play|p1a: Forretress
|-crit|p1a: Forretress
|-damage|p1a: Forretress|0 fnt
|faint|p1a: Forretress
|
|win|Doouchebag
|raw|Ladder updating...
|raw|BroingHop's rating: 1467 &rarr; <strong>1440<\/strong><br \/>(-27 for losing)
|raw|Doouchebag's rating: 1340 &rarr; <strong>1367<\/strong><br \/>(+27 for winning)
|c|âDoouchebag|gg