|join|Doouchebag
|join|Pick36
|player|p1|Doouchebag|2
|player|p2|Pick36|110
|gametype|singles
|gen|6
|tier|UU
|rated
|rule|Sleep Clause Mod: Limit one foe put to sleep
|rule|Species Clause: Limit one of each PokÃ©mon
|rule|OHKO Clause: OHKO moves are banned
|rule|Moody Clause: Moody is banned
|rule|Evasion Moves Clause: Evasion moves are banned
|rule|Endless Battle Clause: Forcing endless battles is banned
|rule|HP Percentage Mod: HP is shown in percentages
|clearpoke
|poke|p1|Entei, shiny
|poke|p1|Vaporeon, M
|poke|p1|Trevenant, M
|poke|p1|Mienshao, M
|poke|p1|Forretress, M
|poke|p1|Goodra, M
|poke|p2|Toxicroak, M
|poke|p2|Whimsicott, M, shiny
|poke|p2|Escavalier, M
|poke|p2|Swampert, M
|poke|p2|Noivern, F
|poke|p2|Bronzong
|rule|Swagger Clause: Swagger is banned
|rule|Baton Pass Clause: Limit one PokÃ©mon knowing Baton Pass
|teampreview
|c|âPick36|gl hf
|
|start
|switch|p1a: Trevenant|Trevenant, M|374\/374
|switch|p2a: Noivern|Noivern, F|311\/311
|turn|1
|
|switch|p1a: Vaporeon|Vaporeon, M|464\/464
|move|p2a: Noivern|Hurricane|p1a: Vaporeon
|-crit|p1a: Vaporeon
|-damage|p1a: Vaporeon|196\/464
|-start|p1a: Vaporeon|confusion
|
|-heal|p1a: Vaporeon|225\/464|[from] item: Leftovers
|turn|2
|c|âDoouchebag|and the hax begins
|c|âPick36|sorry :(
|
|switch|p2a: Toxicroak|Toxicroak, M|307\/307
|-activate|p1a: Vaporeon|confusion
|move|p1a: Vaporeon|Protect|p1a: Vaporeon
|-fail|p1a: Vaporeon
|
|-heal|p1a: Vaporeon|254\/464|[from] item: Leftovers
|turn|3
|
|switch|p1a: Entei|Entei, shiny|371\/371
|-ability|p1a: Entei|Pressure
|move|p2a: Toxicroak|Swords Dance|p2a: Toxicroak
|-boost|p2a: Toxicroak|atk|2
|
|turn|4
|
|move|p2a: Toxicroak|Sucker Punch|p1a: Entei
|-damage|p1a: Entei|173\/371
|-damage|p2a: Toxicroak|277\/307|[from] item: Life Orb
|move|p1a: Entei|Sacred Fire|p2a: Toxicroak
|-damage|p2a: Toxicroak|0 fnt
|faint|p2a: Toxicroak
|
|
|switch|p2a: Swampert|Swampert, M|341\/341
|turn|5
|
|switch|p1a: Trevenant|Trevenant, M|374\/374
|detailschange|p2a: Swampert|Swampert-Mega, M
|-mega|p2a: Swampert|Swampert|Swampertite
|move|p2a: Swampert|Rain Dance|p2a: Swampert
|-weather|RainDance
|
|-weather|RainDance|[upkeep]
|turn|6
|
|switch|p2a: Noivern|Noivern, F|311\/311
|move|p1a: Trevenant|Curse|p2a: Noivern
|-start|p2a: Noivern|Curse|[of] p1a: Trevenant
|-damage|p1a: Trevenant|187\/374
|-enditem|p1a: Trevenant|Sitrus Berry|[eat]
|-heal|p1a: Trevenant|280\/374|[from] item: Sitrus Berry
|
|-weather|RainDance|[upkeep]
|-damage|p2a: Noivern|234\/311|[from] Curse
|turn|7
|
|switch|p1a: Goodra|Goodra, M|384\/384
|move|p2a: Noivern|Hurricane|p1a: Goodra
|-damage|p1a: Goodra|306\/384
|
|-weather|RainDance|[upkeep]
|-damage|p2a: Noivern|157\/311|[from] Curse
|turn|8
|
|switch|p1a: Entei|Entei, shiny|173\/371
|-ability|p1a: Entei|Pressure
|move|p2a: Noivern|Draco Meteor|p1a: Entei
|-damage|p1a: Entei|0 fnt
|-unboost|p2a: Noivern|spa|2
|faint|p1a: Entei
|
|-weather|RainDance|[upkeep]
|-damage|p2a: Noivern|80\/311|[from] Curse
|
|switch|p1a: Goodra|Goodra, M|306\/384
|turn|9
|
|switch|p2a: Whimsicott|Whimsicott, M, shiny|261\/261
|move|p1a: Goodra|Thunderbolt|p2a: Whimsicott
|-resisted|p2a: Whimsicott
|-damage|p2a: Whimsicott|191\/261
|
|-weather|none
|turn|10
|
|switch|p1a: Forretress|Forretress, M|354\/354
|move|p2a: Whimsicott|Moonblast|p1a: Forretress
|-crit|p1a: Forretress
|-resisted|p1a: Forretress
|-damage|p1a: Forretress|156\/354
|-damage|p2a: Whimsicott|165\/261|[from] item: Life Orb
|
|-heal|p1a: Forretress|178\/354|[from] item: Leftovers
|turn|11
|c|âDoouchebag|the hax man
|
|switch|p2a: Noivern|Noivern, F|80\/311
|move|p1a: Forretress|Stealth Rock|p2a: Noivern
|-sidestart|p2: Pick36|move: Stealth Rock
|
|-heal|p1a: Forretress|200\/354|[from] item: Leftovers
|turn|12
|
|switch|p1a: Goodra|Goodra, M|306\/384
|move|p2a: Noivern|Flamethrower|p1a: Goodra
|-resisted|p1a: Goodra
|-damage|p1a: Goodra|285\/384
|
|turn|13
|
|move|p2a: Noivern|Draco Meteor|p1a: Goodra
|-supereffective|p1a: Goodra
|-damage|p1a: Goodra|105\/384
|-unboost|p2a: Noivern|spa|2
|move|p1a: Goodra|Sludge Wave|p2a: Noivern
|-damage|p2a: Noivern|0 fnt
|faint|p2a: Noivern
|
|
|switch|p2a: Escavalier|Escavalier, M|343\/343
|-damage|p2a: Escavalier|301\/343|[from] Stealth Rock
|turn|14
|
|move|p1a: Goodra|Fire Blast|p2a: Escavalier
|-supereffective|p2a: Escavalier
|-damage|p2a: Escavalier|0 fnt
|faint|p2a: Escavalier
|
|
|switch|p2a: Whimsicott|Whimsicott, M, shiny|165\/261
|-damage|p2a: Whimsicott|133\/261|[from] Stealth Rock
|turn|15
|
|move|p2a: Whimsicott|Moonblast|p1a: Goodra
|-supereffective|p1a: Goodra
|-damage|p1a: Goodra|0 fnt
|-damage|p2a: Whimsicott|107\/261|[from] item: Life Orb
|faint|p1a: Goodra
|
|
|switch|p1a: Forretress|Forretress, M|200\/354
|turn|16
|
|move|p2a: Whimsicott|Moonblast|p1a: Forretress
|-crit|p1a: Forretress
|-resisted|p1a: Forretress
|-damage|p1a: Forretress|13\/354
|-unboost|p1a: Forretress|spa|1
|-damage|p2a: Whimsicott|81\/261|[from] item: Life Orb
|move|p1a: Forretress|Volt Switch|p2a: Whimsicott
|-resisted|p2a: Whimsicott
|-damage|p2a: Whimsicott|66\/261
|c|âDoouchebag|WHAT IS THIS HAX TODAY!?
|
|switch|p1a: Trevenant|Trevenant, M|280\/374
|
|-item|p1a: Trevenant|Sitrus Berry|[from] ability: Harvest
|turn|17
|
|move|p2a: Whimsicott|Moonblast|p1a: Trevenant
|-damage|p1a: Trevenant|131\/374
|-unboost|p1a: Trevenant|spa|1
|-damage|p2a: Whimsicott|40\/261|[from] item: Life Orb
|-enditem|p1a: Trevenant|Sitrus Berry|[eat]
|-heal|p1a: Trevenant|224\/374|[from] item: Sitrus Berry
|move|p1a: Trevenant|Substitute|p1a: Trevenant
|-start|p1a: Trevenant|Substitute
|-damage|p1a: Trevenant|131\/374
|
|turn|18
|
|move|p2a: Whimsicott|Encore|p1a: Trevenant
|-start|p1a: Trevenant|Encore
|move|p1a: Trevenant|Substitute|p1a: Trevenant
|-fail|p1a: Trevenant|move: Substitute
|
|turn|19
|
|move|p2a: Whimsicott|Moonblast|p1a: Trevenant
|-end|p1a: Trevenant|Substitute
|-damage|p2a: Whimsicott|14\/261|[from] item: Life Orb
|move|p1a: Trevenant|Substitute|p1a: Trevenant
|-start|p1a: Trevenant|Substitute
|-damage|p1a: Trevenant|38\/374
|
|turn|20
|
|move|p2a: Whimsicott|Moonblast|p1a: Trevenant
|-end|p1a: Trevenant|Substitute
|-damage|p2a: Whimsicott|0 fnt|[from] item: Life Orb
|faint|p2a: Whimsicott
|move|p1a: Trevenant|Substitute|p1a: Trevenant
|-fail|p1a: Trevenant|move: Substitute|[weak]
|
|-end|p1a: Trevenant|Encore
|-item|p1a: Trevenant|Sitrus Berry|[from] ability: Harvest
|
|switch|p2a: Swampert|Swampert-Mega, M|341\/341
|-enditem|p1a: Trevenant|Sitrus Berry|[eat]
|-heal|p1a: Trevenant|131\/374|[from] item: Sitrus Berry
|-damage|p2a: Swampert|320\/341|[from] Stealth Rock
|turn|21
|
|move|p2a: Swampert|Earthquake|p1a: Trevenant
|-resisted|p1a: Trevenant
|-damage|p1a: Trevenant|3\/374
|move|p1a: Trevenant|Horn Leech|p2a: Swampert
|-supereffective|p2a: Swampert
|-damage|p2a: Swampert|0 fnt
|-heal|p1a: Trevenant|163\/374|[from] drain|[of] p2a: Swampert
|faint|p2a: Swampert
|
|
|switch|p2a: Bronzong|Bronzong|337\/337
|-damage|p2a: Bronzong|316\/337|[from] Stealth Rock
|turn|22
|c|âDoouchebag|gimme dat health back son
|
|move|p1a: Trevenant|Substitute|p1a: Trevenant
|-start|p1a: Trevenant|Substitute
|-damage|p1a: Trevenant|70\/374
|move|p2a: Bronzong|Stealth Rock|p1a: Trevenant
|-sidestart|p1: Doouchebag|move: Stealth Rock
|
|turn|23
|
|move|p1a: Trevenant|Leech Seed|p2a: Bronzong
|-start|p2a: Bronzong|move: Leech Seed
|move|p2a: Bronzong|Earthquake|p1a: Trevenant
|-resisted|p1a: Trevenant
|-activate|p1a: Trevenant|Substitute|[damage]
|
|-damage|p2a: Bronzong|274\/337|[from] Leech Seed|[of] p1a: Trevenant
|-heal|p1a: Trevenant|112\/374|[silent]
|turn|24
|
|move|p1a: Trevenant|Horn Leech|p2a: Bronzong
|-resisted|p2a: Bronzong
|-damage|p2a: Bronzong|240\/337
|-heal|p1a: Trevenant|129\/374|[from] drain|[of] p2a: Bronzong
|move|p2a: Bronzong|Stealth Rock|p1a: Trevenant
|-fail|p1a: Trevenant
|
|-damage|p2a: Bronzong|198\/337|[from] Leech Seed|[of] p1a: Trevenant
|-heal|p1a: Trevenant|171\/374|[silent]
|-item|p1a: Trevenant|Sitrus Berry|[from] ability: Harvest
|-enditem|p1a: Trevenant|Sitrus Berry|[eat]
|-heal|p1a: Trevenant|264\/374|[from] item: Sitrus Berry
|turn|25
|c|âPick36|gg
|
|move|p1a: Trevenant|Curse|p2a: Bronzong
|-start|p2a: Bronzong|Curse|[of] p1a: Trevenant
|-damage|p1a: Trevenant|77\/374
|move|p2a: Bronzong|Earthquake|p1a: Trevenant
|-resisted|p1a: Trevenant
|-activate|p1a: Trevenant|Substitute|[damage]
|
|-damage|p2a: Bronzong|156\/337|[from] Leech Seed|[of] p1a: Trevenant
|-heal|p1a: Trevenant|119\/374|[silent]
|-damage|p2a: Bronzong|72\/337|[from] Curse
|-item|p1a: Trevenant|Sitrus Berry|[from] ability: Harvest
|-enditem|p1a: Trevenant|Sitrus Berry|[eat]
|-heal|p1a: Trevenant|212\/374|[from] item: Sitrus Berry
|turn|26
|c|âDoouchebag|gg
|c|âDoouchebag|haxor
|c|âDoouchebag|;D
|
|move|p1a: Trevenant|Horn Leech|p2a: Bronzong
|-resisted|p2a: Bronzong
|-damage|p2a: Bronzong|43\/337
|-heal|p1a: Trevenant|227\/374|[from] drain|[of] p2a: Bronzong
|move|p2a: Bronzong|Earthquake|p1a: Trevenant
|-resisted|p1a: Trevenant
|-end|p1a: Trevenant|Substitute
|
|-damage|p2a: Bronzong|1\/337|[from] Leech Seed|[of] p1a: Trevenant
|-heal|p1a: Trevenant|269\/374|[silent]
|-damage|p2a: Bronzong|0 fnt|[from] Curse
|faint|p2a: Bronzong
|
|win|Doouchebag
|raw|Ladder updating...
|raw|Doouchebag's rating: 1404 &rarr; <strong>1417<\/strong><br \/>(+13 for winning)
|raw|Pick36's rating: 1264 &rarr; <strong>1249<\/strong><br \/>(-15 for losing)