|join|Doouchebag
|join|m8 chill
|player|p1|Doouchebag|266
|player|p2|m8 chill|52
|gametype|singles
|gen|6
|tier|UU
|rated
|rule|Sleep Clause Mod: Limit one foe put to sleep
|rule|Species Clause: Limit one of each PokÃ©mon
|rule|OHKO Clause: OHKO moves are banned
|rule|Moody Clause: Moody is banned
|rule|Evasion Moves Clause: Evasion moves are banned
|rule|Endless Battle Clause: Forcing endless battles is banned
|rule|HP Percentage Mod: HP is shown in percentages
|clearpoke
|poke|p1|Haxorus, F
|poke|p1|Toxicroak, M
|poke|p1|Aggron, M
|poke|p1|Suicune
|poke|p1|Rotom-Heat
|poke|p1|Umbreon, F
|poke|p2|Arcanine, M
|poke|p2|Porygon-Z
|poke|p2|Swampert, F
|poke|p2|Magneton
|poke|p2|Vaporeon, M
|poke|p2|Articuno
|rule|Swagger Clause: Swagger is banned
|rule|Baton Pass Clause: Limit one PokÃ©mon knowing Baton Pass
|teampreview
|
|start
|switch|p1a: Haxorus|Haxorus, F|293\/293
|switch|p2a: Vaporeon|Vaporeon, M|463\/463
|-ability|p1a: Haxorus|Mold Breaker
|turn|1
|
|move|p1a: Haxorus|Outrage|p2a: Vaporeon
|-damage|p2a: Vaporeon|0 fnt
|faint|p2a: Vaporeon
|
|
|switch|p2a: Arcanine|Arcanine, M|383\/383
|-ability|p2a: Arcanine|Intimidate|[of] p1a: Haxorus
|-unboost|p1a: Haxorus|atk|1
|turn|2
|
|move|p2a: Arcanine|Extreme Speed|p1a: Haxorus
|-damage|p1a: Haxorus|128\/293
|move|p1a: Haxorus|Outrage|p2a: Arcanine
|-damage|p2a: Arcanine|98\/383
|
|-end|p1a: Haxorus|rampage
|-start|p1a: Haxorus|confusion
|turn|3
|
|switch|p1a: Suicune|Suicune|404\/404
|-ability|p1a: Suicune|Pressure
|move|p2a: Arcanine|Extreme Speed|p1a: Suicune
|-damage|p1a: Suicune|317\/404
|
|-heal|p1a: Suicune|342\/404|[from] item: Leftovers
|turn|4
|
|switch|p2a: Articuno|Articuno|321\/321
|-ability|p2a: Articuno|Pressure
|move|p1a: Suicune|Scald|p2a: Articuno
|-damage|p2a: Articuno|249\/321
|
|-heal|p1a: Suicune|367\/404|[from] item: Leftovers
|turn|5
|
|switch|p1a: Aggron|Aggron, M|344\/344
|move|p2a: Articuno|Freeze-Dry|p1a: Aggron
|-resisted|p1a: Aggron
|-damage|p1a: Aggron|242\/344
|
|turn|6
|
|switch|p2a: Swampert|Swampert, F|403\/403
|detailschange|p1a: Aggron|Aggron-Mega, M
|-mega|p1a: Aggron|Aggron|Aggronite
|move|p1a: Aggron|Stealth Rock|p2a: Swampert
|-sidestart|p2: m8 chill|move: Stealth Rock
|
|turn|7
|
|switch|p1a: Haxorus|Haxorus, F|128\/293
|-ability|p1a: Haxorus|Mold Breaker
|move|p2a: Swampert|Earthquake|p1a: Haxorus
|-damage|p1a: Haxorus|0 fnt
|faint|p1a: Haxorus
|
|
|switch|p1a: Suicune|Suicune|367\/404
|-ability|p1a: Suicune|Pressure
|turn|8
|
|move|p1a: Suicune|Calm Mind|p1a: Suicune
|-boost|p1a: Suicune|spa|1
|-boost|p1a: Suicune|spd|1
|move|p2a: Swampert|Earthquake|p1a: Suicune
|-damage|p1a: Suicune|202\/404
|
|-heal|p1a: Suicune|227\/404|[from] item: Leftovers
|turn|9
|
|move|p1a: Suicune|Calm Mind|p1a: Suicune
|-boost|p1a: Suicune|spa|1
|-boost|p1a: Suicune|spd|1
|move|p2a: Swampert|Earthquake|p1a: Suicune
|-crit|p1a: Suicune
|-damage|p1a: Suicune|0 fnt
|faint|p1a: Suicune
|
|c|âDoouchebag|fuck you
|
|switch|p1a: Rotom-Heat|Rotom-Heat|241\/241
|turn|10
|c|âm8 chill|m8 chill
|
|switch|p2a: Magneton|Magneton|241\/241
|-damage|p2a: Magneton|226\/241|[from] Stealth Rock
|move|p1a: Rotom-Heat|Trick|p2a: Magneton
|-activate|p1a: Rotom-Heat|move: Trick|[of] p2a: Magneton
|-item|p2a: Magneton|Choice Scarf|[from] move: Trick
|-item|p1a: Rotom-Heat|Choice Specs|[from] move: Trick
|
|turn|11
|
|move|p2a: Magneton|Hidden Power|p1a: Rotom-Heat
|-supereffective|p1a: Rotom-Heat
|-damage|p1a: Rotom-Heat|109\/241
|move|p1a: Rotom-Heat|Overheat|p2a: Magneton
|-supereffective|p2a: Magneton
|-damage|p2a: Magneton|0 fnt
|-unboost|p1a: Rotom-Heat|spa|2
|faint|p2a: Magneton
|
|c|âDoouchebag|hidden power what?
|
|switch|p2a: Arcanine|Arcanine, M|98\/383
|-damage|p2a: Arcanine|3\/383|[from] Stealth Rock
|-ability|p2a: Arcanine|Intimidate|[of] p1a: Rotom-Heat
|-unboost|p1a: Rotom-Heat|atk|1
|turn|12
|
|move|p2a: Arcanine|Extreme Speed|p1a: Rotom-Heat
|-damage|p1a: Rotom-Heat|0 fnt
|faint|p1a: Rotom-Heat
|
|
|switch|p1a: Umbreon|Umbreon, F|394\/394
|turn|13
|
|move|p2a: Arcanine|Extreme Speed|p1a: Umbreon
|-damage|p1a: Umbreon|262\/394
|move|p1a: Umbreon|Foul Play|p2a: Arcanine
|-damage|p2a: Arcanine|0 fnt
|faint|p2a: Arcanine
|
|-heal|p1a: Umbreon|286\/394|[from] item: Leftovers
|
|switch|p2a: Articuno|Articuno|249\/321
|-damage|p2a: Articuno|89\/321|[from] Stealth Rock
|-ability|p2a: Articuno|Pressure
|turn|14
|
|move|p2a: Articuno|Frost Breath|p1a: Umbreon
|-crit|p1a: Umbreon
|-damage|p1a: Umbreon|163\/394
|move|p1a: Umbreon|Foul Play|p2a: Articuno
|-damage|p2a: Articuno|8\/321
|
|-heal|p1a: Umbreon|187\/394|[from] item: Leftovers
|turn|15
|
|move|p2a: Articuno|Frost Breath|p1a: Umbreon|[miss]
|-miss|p2a: Articuno|p1a: Umbreon
|move|p1a: Umbreon|Wish|p1a: Umbreon
|
|-heal|p1a: Umbreon|211\/394|[from] item: Leftovers
|turn|16
|
|move|p2a: Articuno|Frost Breath|p1a: Umbreon
|-crit|p1a: Umbreon
|-damage|p1a: Umbreon|100\/394
|move|p1a: Umbreon|Foul Play|p2a: Articuno
|-damage|p2a: Articuno|0 fnt
|faint|p2a: Articuno
|
|-heal|p1a: Umbreon|297\/394|[from] move: Wish|[wisher] Umbreon
|-heal|p1a: Umbreon|321\/394|[from] item: Leftovers
|
|switch|p2a: Swampert|Swampert, F|403\/403
|-damage|p2a: Swampert|378\/403|[from] Stealth Rock
|turn|17
|
|move|p1a: Umbreon|Foul Play|p2a: Swampert
|-damage|p2a: Swampert|209\/403
|move|p2a: Swampert|Earthquake|p1a: Umbreon
|-damage|p1a: Umbreon|81\/394
|
|-heal|p1a: Umbreon|105\/394|[from] item: Leftovers
|turn|18
|
|move|p1a: Umbreon|Foul Play|p2a: Swampert
|-damage|p2a: Swampert|16\/403
|move|p2a: Swampert|Earthquake|p1a: Umbreon
|-damage|p1a: Umbreon|0 fnt
|faint|p1a: Umbreon
|
|
|switch|p1a: Toxicroak|Toxicroak, M|307\/307
|turn|19
|
|move|p1a: Toxicroak|Drain Punch|p2a: Swampert
|-damage|p2a: Swampert|0 fnt
|faint|p2a: Swampert
|
|
|switch|p2a: Porygon-Z|Porygon-Z|311\/311
|-damage|p2a: Porygon-Z|273\/311|[from] Stealth Rock
|turn|20
|
|move|p1a: Toxicroak|Sucker Punch|p2a: Porygon-Z
|-damage|p2a: Porygon-Z|161\/311
|move|p2a: Porygon-Z|Tri Attack|p1a: Toxicroak
|-damage|p1a: Toxicroak|0 fnt
|faint|p1a: Toxicroak
|
|c|âDoouchebag|IS EVERYTHING CHOICED!?
|
|switch|p1a: Aggron|Aggron-Mega, M|242\/344
|turn|21
|
|move|p2a: Porygon-Z|Tri Attack|p1a: Aggron
|-resisted|p1a: Aggron
|-damage|p1a: Aggron|62\/344
|-status|p1a: Aggron|par
|cant|p1a: Aggron|par
|
|turn|22
|c|âDoouchebag|fuck you
|c|âm8 chill|isnt that awesome
|
|move|p2a: Porygon-Z|Tri Attack|p1a: Aggron
|-resisted|p1a: Aggron
|-damage|p1a: Aggron|0 fnt
|faint|p1a: Aggron
|
|win|m8 chill
|raw|Ladder updating...
|c|âm8 chill|:]