|join|Doouchebag
|join|juliandc142
|player|p1|Doouchebag|2
|player|p2|juliandc142|102
|gametype|singles
|gen|6
|tier|UU
|rated
|rule|Sleep Clause Mod: Limit one foe put to sleep
|rule|Species Clause: Limit one of each PokÃ©mon
|rule|OHKO Clause: OHKO moves are banned
|rule|Moody Clause: Moody is banned
|rule|Evasion Moves Clause: Evasion moves are banned
|rule|Endless Battle Clause: Forcing endless battles is banned
|rule|HP Percentage Mod: HP is shown in percentages
|clearpoke
|poke|p1|Swampert, F
|poke|p1|Crobat, F
|poke|p1|Noivern, M
|poke|p1|Vaporeon, F
|poke|p1|Mienshao, F
|poke|p1|Celebi
|poke|p2|Hippowdon, F
|poke|p2|Empoleon, M
|poke|p2|Beedrill, F
|poke|p2|Pangoro, F
|poke|p2|Starmie
|poke|p2|Noivern, F
|rule|Swagger Clause: Swagger is banned
|rule|Baton Pass Clause: Limit one PokÃ©mon knowing Baton Pass
|teampreview
|
|start
|switch|p1a: Swampert|Swampert, F|404\/404
|switch|p2a: Hippowdon|Hippowdon, F|419\/419
|-weather|Sandstorm
|turn|1
|
|detailschange|p1a: Swampert|Swampert-Mega, F
|-mega|p1a: Swampert|Swampert|Swampertite
|move|p1a: Swampert|Waterfall|p2a: Hippowdon
|-supereffective|p2a: Hippowdon
|-damage|p2a: Hippowdon|245\/419
|-damage|p1a: Swampert|337\/404|[from] item: Rocky Helmet|[of] p2a: Hippowdon
|move|p2a: Hippowdon|Stealth Rock|p1a: Swampert
|-sidestart|p1: Doouchebag|move: Stealth Rock
|
|-weather|Sandstorm|[upkeep]
|turn|2
|
|switch|p1a: Vaporeon|Vaporeon, F|464\/464
|-damage|p1a: Vaporeon|406\/464|[from] Stealth Rock
|move|p2a: Hippowdon|Slack Off|p2a: Hippowdon
|-heal|p2a: Hippowdon|419\/419
|
|-weather|Sandstorm|[upkeep]
|-damage|p1a: Vaporeon|377\/464|[from] sandstorm
|-heal|p1a: Vaporeon|406\/464|[from] item: Leftovers
|turn|3
|
|switch|p2a: Noivern|Noivern, F|311\/311
|move|p1a: Vaporeon|Scald|p2a: Noivern
|-resisted|p2a: Noivern
|-damage|p2a: Noivern|251\/311
|
|-weather|Sandstorm|[upkeep]
|-damage|p2a: Noivern|232\/311|[from] sandstorm
|-damage|p1a: Vaporeon|377\/464|[from] sandstorm
|-heal|p1a: Vaporeon|406\/464|[from] item: Leftovers
|turn|4
|
|move|p1a: Vaporeon|Protect|p1a: Vaporeon
|-singleturn|p1a: Vaporeon|Protect
|move|p2a: Noivern|Switcheroo|p1a: Vaporeon
|-activate|p1a: Vaporeon|Protect
|
|-weather|Sandstorm|[upkeep]
|-damage|p2a: Noivern|213\/311|[from] sandstorm
|-damage|p1a: Vaporeon|377\/464|[from] sandstorm
|-heal|p1a: Vaporeon|406\/464|[from] item: Leftovers
|turn|5
|
|switch|p2a: Empoleon|Empoleon, M|372\/372
|switch|p1a: Swampert|Swampert-Mega, F|337\/404
|-damage|p1a: Swampert|312\/404|[from] Stealth Rock
|
|-weather|none
|turn|6
|
|switch|p1a: Celebi|Celebi|403\/403
|-damage|p1a: Celebi|353\/403|[from] Stealth Rock
|move|p2a: Empoleon|Toxic|p1a: Celebi
|-status|p1a: Celebi|tox
|
|-heal|p1a: Celebi|378\/403 tox|[from] item: Leftovers
|-damage|p1a: Celebi|353\/403 tox|[from] psn
|turn|7
|
|switch|p2a: Beedrill|Beedrill, F|271\/271
|move|p1a: Celebi|Stealth Rock|p2a: Beedrill
|-sidestart|p2: juliandc142|move: Stealth Rock
|
|-heal|p1a: Celebi|378\/403 tox|[from] item: Leftovers
|-damage|p1a: Celebi|328\/403 tox|[from] psn
|turn|8
|
|switch|p1a: Crobat|Crobat, F|373\/373
|-damage|p1a: Crobat|280\/373|[from] Stealth Rock
|detailschange|p2a: Beedrill|Beedrill-Mega, F
|-mega|p2a: Beedrill|Beedrill|Beedrillite
|move|p2a: Beedrill|Protect|p2a: Beedrill
|-fail|p2a: Beedrill
|
|-heal|p1a: Crobat|303\/373|[from] item: Black Sludge
|turn|9
|
|move|p2a: Beedrill|U-turn|p1a: Crobat
|-resisted|p1a: Crobat
|-damage|p1a: Crobat|243\/373
|
|switch|p2a: Hippowdon|Hippowdon, F|419\/419
|-damage|p2a: Hippowdon|393\/419|[from] Stealth Rock
|-weather|Sandstorm
|move|p1a: Crobat|U-turn|p2a: Hippowdon
|-damage|p2a: Hippowdon|354\/419
|-damage|p1a: Crobat|181\/373|[from] item: Rocky Helmet|[of] p2a: Hippowdon
|
|switch|p1a: Vaporeon|Vaporeon, F|406\/464
|-damage|p1a: Vaporeon|348\/464|[from] Stealth Rock
|
|-weather|Sandstorm|[upkeep]
|-damage|p1a: Vaporeon|319\/464|[from] sandstorm
|-heal|p1a: Vaporeon|348\/464|[from] item: Leftovers
|turn|10
|
|switch|p2a: Starmie|Starmie|261\/261
|-damage|p2a: Starmie|229\/261|[from] Stealth Rock
|move|p1a: Vaporeon|Scald|p2a: Starmie
|-crit|p2a: Starmie
|-resisted|p2a: Starmie
|-damage|p2a: Starmie|148\/261
|-status|p2a: Starmie|brn
|
|-weather|Sandstorm|[upkeep]
|-damage|p2a: Starmie|132\/261 brn|[from] sandstorm
|-damage|p1a: Vaporeon|319\/464|[from] sandstorm
|-heal|p1a: Vaporeon|348\/464|[from] item: Leftovers
|-damage|p2a: Starmie|100\/261 brn|[from] brn
|turn|11
|
|move|p1a: Vaporeon|Protect|p1a: Vaporeon
|-singleturn|p1a: Vaporeon|Protect
|move|p2a: Starmie|Rapid Spin|p1a: Vaporeon
|-activate|p1a: Vaporeon|Protect
|
|-weather|Sandstorm|[upkeep]
|-damage|p2a: Starmie|84\/261 brn|[from] sandstorm
|-damage|p1a: Vaporeon|319\/464|[from] sandstorm
|-heal|p1a: Vaporeon|348\/464|[from] item: Leftovers
|-damage|p2a: Starmie|52\/261 brn|[from] brn
|turn|12
|
|move|p2a: Starmie|Rapid Spin|p1a: Vaporeon
|-damage|p1a: Vaporeon|340\/464
|-sideend|p2: juliandc142|Stealth Rock|[from] move: Rapid Spin|[of] p2a: Starmie
|-damage|p2a: Starmie|26\/261 brn|[from] item: Life Orb
|move|p1a: Vaporeon|Scald|p2a: Starmie
|-resisted|p2a: Starmie
|-damage|p2a: Starmie|0 fnt
|faint|p2a: Starmie
|
|-weather|Sandstorm|[upkeep]
|-damage|p1a: Vaporeon|311\/464|[from] sandstorm
|-heal|p1a: Vaporeon|340\/464|[from] item: Leftovers
|
|switch|p2a: Pangoro|Pangoro, F|359\/359
|turn|13
|
|move|p2a: Pangoro|Knock Off|p1a: Vaporeon
|-damage|p1a: Vaporeon|124\/464
|-enditem|p1a: Vaporeon|Leftovers|[from] move: Knock Off|[of] p2a: Pangoro
|-damage|p2a: Pangoro|324\/359|[from] item: Life Orb
|move|p1a: Vaporeon|Wish|p1a: Vaporeon
|
|-weather|none
|turn|14
|
|move|p1a: Vaporeon|Protect|p1a: Vaporeon
|-singleturn|p1a: Vaporeon|Protect
|move|p2a: Pangoro|Knock Off|p1a: Vaporeon
|-activate|p1a: Vaporeon|Protect
|
|-heal|p1a: Vaporeon|356\/464|[from] move: Wish|[wisher] Vaporeon
|turn|15
|
|move|p2a: Pangoro|Parting Shot|p1a: Vaporeon
|-unboost|p1a: Vaporeon|atk|1
|-unboost|p1a: Vaporeon|spa|1
|
|switch|p2a: Empoleon|Empoleon, M|372\/372
|move|p1a: Vaporeon|Wish|p1a: Vaporeon
|
|turn|16
|
|move|p1a: Vaporeon|Scald|p2a: Empoleon
|-resisted|p2a: Empoleon
|-damage|p2a: Empoleon|348\/372
|move|p2a: Empoleon|Toxic|p1a: Vaporeon
|-status|p1a: Vaporeon|tox
|
|-heal|p1a: Vaporeon|464\/464 tox|[from] move: Wish|[wisher] Vaporeon
|-heal|p2a: Empoleon|371\/372|[from] item: Leftovers
|-damage|p1a: Vaporeon|435\/464 tox|[from] psn
|turn|17
|
|move|p1a: Vaporeon|Scald|p2a: Empoleon
|-resisted|p2a: Empoleon
|-damage|p2a: Empoleon|349\/372
|move|p2a: Empoleon|Toxic|p1a: Vaporeon
|-fail|p1a: Vaporeon|tox
|
|-heal|p2a: Empoleon|372\/372|[from] item: Leftovers
|-damage|p1a: Vaporeon|377\/464 tox|[from] psn
|turn|18
|
|switch|p1a: Celebi|Celebi|328\/403
|-damage|p1a: Celebi|278\/403|[from] Stealth Rock
|switch|p2a: Noivern|Noivern, F|213\/311
|
|-heal|p1a: Celebi|303\/403|[from] item: Leftovers
|turn|19
|
|switch|p1a: Swampert|Swampert-Mega, F|312\/404
|-damage|p1a: Swampert|287\/404|[from] Stealth Rock
|move|p2a: Noivern|Air Slash|p1a: Swampert
|-damage|p1a: Swampert|211\/404
|
|turn|20
|
|switch|p2a: Hippowdon|Hippowdon, F|354\/419
|-weather|Sandstorm
|move|p1a: Swampert|Waterfall|p2a: Hippowdon
|-supereffective|p2a: Hippowdon
|-damage|p2a: Hippowdon|186\/419
|-damage|p1a: Swampert|144\/404|[from] item: Rocky Helmet|[of] p2a: Hippowdon
|
|-weather|Sandstorm|[upkeep]
|turn|21
|
|move|p1a: Swampert|Rest|p1a: Swampert
|-status|p1a: Swampert|slp
|-heal|p1a: Swampert|404\/404 slp|[silent]
|-status|p1a: Swampert|slp|[from] move: Rest
|move|p2a: Hippowdon|Slack Off|p2a: Hippowdon
|-heal|p2a: Hippowdon|396\/419
|
|-weather|Sandstorm|[upkeep]
|turn|22
|
|switch|p2a: Beedrill|Beedrill-Mega, F|271\/271
|cant|p1a: Swampert|slp
|move|p1a: Swampert|Sleep Talk|p1a: Swampert
|move|p1a: Swampert|Waterfall|p2a: Beedrill|[from]Sleep Talk
|-damage|p2a: Beedrill|21\/271
|
|-weather|Sandstorm|[upkeep]
|-damage|p2a: Beedrill|5\/271|[from] sandstorm
|turn|23
|
|move|p2a: Beedrill|U-turn|p1a: Swampert
|-damage|p1a: Swampert|218\/404 slp
|
|switch|p2a: Pangoro|Pangoro, F|324\/359
|cant|p1a: Swampert|slp
|move|p1a: Swampert|Sleep Talk|p1a: Swampert
|move|p1a: Swampert|Waterfall|p2a: Pangoro|[from]Sleep Talk
|-damage|p2a: Pangoro|150\/359
|
|-weather|Sandstorm|[upkeep]
|-damage|p2a: Pangoro|128\/359|[from] sandstorm
|turn|24
|c|âDoouchebag|IT LIVED THAT!?
|c|âjuliandc142|ikr
|
|switch|p1a: Mienshao|Mienshao, F|271\/271
|-damage|p1a: Mienshao|255\/271|[from] Stealth Rock
|move|p2a: Pangoro|Drain Punch|p1a: Mienshao
|-damage|p1a: Mienshao|0 fnt
|-heal|p2a: Pangoro|256\/359|[from] drain|[of] p1a: Mienshao
|-damage|p2a: Pangoro|221\/359|[from] item: Life Orb
|faint|p1a: Mienshao
|
|-weather|none
|
|switch|p1a: Noivern|Noivern, M|311\/311
|-damage|p1a: Noivern|234\/311|[from] Stealth Rock
|turn|25
|
|switch|p2a: Empoleon|Empoleon, M|372\/372
|move|p1a: Noivern|Draco Meteor|p2a: Empoleon
|-crit|p2a: Empoleon
|-resisted|p2a: Empoleon
|-damage|p2a: Empoleon|225\/372
|-unboost|p1a: Noivern|spa|2
|
|-heal|p2a: Empoleon|248\/372|[from] item: Leftovers
|turn|26
|
|switch|p1a: Celebi|Celebi|303\/403
|-damage|p1a: Celebi|253\/403|[from] Stealth Rock
|switch|p2a: Beedrill|Beedrill-Mega, F|5\/271
|
|-heal|p1a: Celebi|278\/403|[from] item: Leftovers
|turn|27
|
|switch|p1a: Crobat|Crobat, F|181\/373
|-damage|p1a: Crobat|88\/373|[from] Stealth Rock
|move|p2a: Beedrill|U-turn|p1a: Crobat
|-resisted|p1a: Crobat
|-damage|p1a: Crobat|33\/373
|
|switch|p2a: Noivern|Noivern, F|213\/311
|
|-heal|p1a: Crobat|56\/373|[from] item: Black Sludge
|turn|28
|
|move|p2a: Noivern|Draco Meteor|p1a: Crobat
|-crit|p1a: Crobat
|-damage|p1a: Crobat|0 fnt
|-unboost|p2a: Noivern|spa|2
|faint|p1a: Crobat
|
|
|switch|p1a: Swampert|Swampert-Mega, F|218\/404 slp
|-damage|p1a: Swampert|193\/404 slp|[from] Stealth Rock
|turn|29
|
|switch|p2a: Empoleon|Empoleon, M|248\/372
|-curestatus|p1a: Swampert|slp
|move|p1a: Swampert|Rest|p1a: Swampert
|-status|p1a: Swampert|slp
|-heal|p1a: Swampert|404\/404 slp|[silent]
|-status|p1a: Swampert|slp|[from] move: Rest
|
|-heal|p2a: Empoleon|271\/372|[from] item: Leftovers
|turn|30
|
|cant|p1a: Swampert|slp
|move|p1a: Swampert|Sleep Talk|p1a: Swampert
|move|p1a: Swampert|Waterfall|p2a: Empoleon|[from]Sleep Talk
|-resisted|p2a: Empoleon
|-damage|p2a: Empoleon|197\/372
|move|p2a: Empoleon|Ice Beam|p1a: Swampert
|-damage|p1a: Swampert|349\/404 slp
|
|-heal|p2a: Empoleon|220\/372|[from] item: Leftovers
|turn|31
|
|cant|p1a: Swampert|slp
|move|p1a: Swampert|Sleep Talk|p1a: Swampert
|move|p1a: Swampert|Waterfall|p2a: Empoleon|[from]Sleep Talk
|-resisted|p2a: Empoleon
|-damage|p2a: Empoleon|148\/372
|cant|p2a: Empoleon|flinch
|
|-heal|p2a: Empoleon|171\/372|[from] item: Leftovers
|turn|32
|
|-curestatus|p1a: Swampert|slp
|move|p1a: Swampert|Waterfall|p2a: Empoleon
|-resisted|p2a: Empoleon
|-damage|p2a: Empoleon|99\/372
|move|p2a: Empoleon|Toxic|p1a: Swampert|[miss]
|-miss|p2a: Empoleon|p1a: Swampert
|
|-heal|p2a: Empoleon|122\/372|[from] item: Leftovers
|turn|33
|
|move|p1a: Swampert|Curse|p1a: Swampert
|-boost|p1a: Swampert|atk|1
|-boost|p1a: Swampert|def|1
|-unboost|p1a: Swampert|spe|1
|move|p2a: Empoleon|Toxic|p1a: Swampert
|-status|p1a: Swampert|tox
|
|-heal|p2a: Empoleon|145\/372|[from] item: Leftovers
|-damage|p1a: Swampert|324\/404 tox|[from] psn
|turn|34
|
|switch|p2a: Pangoro|Pangoro, F|221\/359
|move|p1a: Swampert|Rest|p1a: Swampert
|-status|p1a: Swampert|slp
|-heal|p1a: Swampert|404\/404 slp|[silent]
|-status|p1a: Swampert|slp|[from] move: Rest
|
|turn|35
|
|move|p2a: Pangoro|Parting Shot|p1a: Swampert
|-unboost|p1a: Swampert|atk|1
|-unboost|p1a: Swampert|spa|1
|
|switch|p2a: Empoleon|Empoleon, M|145\/372
|cant|p1a: Swampert|slp
|move|p1a: Swampert|Sleep Talk|p1a: Swampert
|move|p1a: Swampert|Curse|p1a: Swampert|[from]Sleep Talk
|-boost|p1a: Swampert|atk|1
|-boost|p1a: Swampert|def|1
|-unboost|p1a: Swampert|spe|1
|
|-heal|p2a: Empoleon|168\/372|[from] item: Leftovers
|turn|36
|
|switch|p2a: Hippowdon|Hippowdon, F|396\/419
|-weather|Sandstorm
|cant|p1a: Swampert|slp
|move|p1a: Swampert|Sleep Talk|p1a: Swampert
|move|p1a: Swampert|Rest|p1a: Swampert|[from]Sleep Talk
|-fail|p1a: Swampert
|
|-weather|Sandstorm|[upkeep]
|turn|37
|
|-curestatus|p1a: Swampert|slp
|move|p1a: Swampert|Waterfall|p2a: Hippowdon
|-supereffective|p2a: Hippowdon
|-damage|p2a: Hippowdon|160\/419
|-damage|p1a: Swampert|337\/404|[from] item: Rocky Helmet|[of] p2a: Hippowdon
|move|p2a: Hippowdon|Roar|p1a: Swampert
|drag|p1a: Noivern|Noivern, M|234\/311
|-damage|p1a: Noivern|157\/311|[from] Stealth Rock
|
|-weather|Sandstorm|[upkeep]
|-damage|p1a: Noivern|138\/311|[from] sandstorm
|turn|38
|
|move|p1a: Noivern|Draco Meteor|p2a: Hippowdon
|-damage|p2a: Hippowdon|0 fnt
|-unboost|p1a: Noivern|spa|2
|faint|p2a: Hippowdon
|
|-weather|Sandstorm|[upkeep]
|-damage|p1a: Noivern|119\/311|[from] sandstorm
|
|switch|p2a: Noivern|Noivern, F|213\/311
|turn|39
|
|move|p2a: Noivern|Draco Meteor|p1a: Noivern
|-crit|p1a: Noivern
|-supereffective|p1a: Noivern
|-damage|p1a: Noivern|0 fnt
|-unboost|p2a: Noivern|spa|2
|faint|p1a: Noivern
|
|-weather|Sandstorm|[upkeep]
|-damage|p2a: Noivern|194\/311|[from] sandstorm
|
|switch|p1a: Swampert|Swampert-Mega, F|337\/404
|-damage|p1a: Swampert|312\/404|[from] Stealth Rock
|turn|40
|
|switch|p2a: Beedrill|Beedrill-Mega, F|5\/271
|move|p1a: Swampert|Curse|p1a: Swampert
|-boost|p1a: Swampert|atk|1
|-boost|p1a: Swampert|def|1
|-unboost|p1a: Swampert|spe|1
|
|-weather|none
|turn|41
|
|move|p2a: Beedrill|Poison Jab|p1a: Swampert
|-resisted|p1a: Swampert
|-damage|p1a: Swampert|251\/404
|-status|p1a: Swampert|psn
|move|p1a: Swampert|Rest|p1a: Swampert
|-status|p1a: Swampert|slp
|-heal|p1a: Swampert|404\/404 slp|[silent]
|-status|p1a: Swampert|slp|[from] move: Rest
|
|turn|42
|c|âDoouchebag|wow did you count the sandstorm turns?
|
|move|p2a: Beedrill|U-turn|p1a: Swampert
|-damage|p1a: Swampert|282\/404 slp
|
|switch|p2a: Pangoro|Pangoro, F|221\/359
|cant|p1a: Swampert|slp
|move|p1a: Swampert|Sleep Talk|p1a: Swampert
|move|p1a: Swampert|Waterfall|p2a: Pangoro|[from]Sleep Talk
|-damage|p2a: Pangoro|0 fnt
|faint|p2a: Pangoro
|
|c|âjuliandc142|actually i didnt lol
|
|switch|p2a: Noivern|Noivern, F|194\/311
|turn|43
|
|move|p2a: Noivern|Draco Meteor|p1a: Swampert
|-damage|p1a: Swampert|162\/404 slp
|-unboost|p2a: Noivern|spa|2
|cant|p1a: Swampert|slp
|move|p1a: Swampert|Sleep Talk|p1a: Swampert
|move|p1a: Swampert|Waterfall|p2a: Noivern|[from]Sleep Talk
|-resisted|p2a: Noivern
|-damage|p2a: Noivern|72\/311
|
|turn|44
|
|move|p2a: Noivern|Draco Meteor|p1a: Swampert
|-damage|p1a: Swampert|93\/404 slp
|-unboost|p2a: Noivern|spa|2
|-curestatus|p1a: Swampert|slp
|move|p1a: Swampert|Rest|p1a: Swampert
|-status|p1a: Swampert|slp
|-heal|p1a: Swampert|404\/404 slp|[silent]
|-status|p1a: Swampert|slp|[from] move: Rest
|
|turn|45
|
|switch|p2a: Empoleon|Empoleon, M|168\/372
|cant|p1a: Swampert|slp
|move|p1a: Swampert|Sleep Talk|p1a: Swampert
|move|p1a: Swampert|Waterfall|p2a: Empoleon|[from]Sleep Talk
|-resisted|p2a: Empoleon
|-damage|p2a: Empoleon|66\/372
|
|-heal|p2a: Empoleon|89\/372|[from] item: Leftovers
|turn|46
|
|move|p2a: Empoleon|Ice Beam|p1a: Swampert
|-damage|p1a: Swampert|350\/404 slp
|cant|p1a: Swampert|slp
|move|p1a: Swampert|Sleep Talk|p1a: Swampert
|move|p1a: Swampert|Curse|p1a: Swampert|[from]Sleep Talk
|-boost|p1a: Swampert|atk|1
|-boost|p1a: Swampert|def|1
|-unboost|p1a: Swampert|spe|1
|
|-heal|p2a: Empoleon|112\/372|[from] item: Leftovers
|turn|47
|
|move|p2a: Empoleon|Ice Beam|p1a: Swampert
|-damage|p1a: Swampert|301\/404 slp
|-curestatus|p1a: Swampert|slp
|move|p1a: Swampert|Waterfall|p2a: Empoleon
|-crit|p2a: Empoleon
|-resisted|p2a: Empoleon
|-damage|p2a: Empoleon|0 fnt
|faint|p2a: Empoleon
|
|
|switch|p2a: Noivern|Noivern, F|72\/311
|turn|48
|c|âjuliandc142|i totally forgot swampert was in UU. gg
|c|âjuliandc142|mega*
|
|move|p2a: Noivern|Draco Meteor|p1a: Swampert
|-damage|p1a: Swampert|169\/404
|-unboost|p2a: Noivern|spa|2
|move|p1a: Swampert|Waterfall|p2a: Noivern
|-resisted|p2a: Noivern
|-damage|p2a: Noivern|0 fnt
|faint|p2a: Noivern
|
|c|âDoouchebag|gg
|
|switch|p2a: Beedrill|Beedrill-Mega, F|5\/271
|turn|49
|
|move|p2a: Beedrill|U-turn|p1a: Swampert
|-damage|p1a: Swampert|87\/404
|move|p1a: Swampert|Waterfall|p2a: Beedrill
|-damage|p2a: Beedrill|0 fnt
|faint|p2a: Beedrill
|
|win|Doouchebag
|raw|Ladder updating...
|raw|Doouchebag's rating: 1351 &rarr; <strong>1368<\/strong><br \/>(+17 for winning)
|raw|juliandc142's rating: 1292 &rarr; <strong>1271<\/strong><br \/>(-21 for losing)
|leave|juliandc142
|player|p2