|join|Unity Zeall
|join|Doouchebag
|player|p1|Unity Zeall|102
|player|p2|Doouchebag|170
|gametype|singles
|gen|6
|tier|UU
|rated
|rule|Sleep Clause Mod: Limit one foe put to sleep
|rule|Species Clause: Limit one of each PokÃ©mon
|rule|OHKO Clause: OHKO moves are banned
|rule|Moody Clause: Moody is banned
|rule|Evasion Moves Clause: Evasion moves are banned
|rule|Endless Battle Clause: Forcing endless battles is banned
|rule|HP Percentage Mod: HP is shown in percentages
|clearpoke
|poke|p1|Forretress, F, shiny
|poke|p1|Florges, F, shiny
|poke|p1|Mienshao, F, shiny
|poke|p1|Abomasnow, F, shiny
|poke|p1|Raikou, shiny
|poke|p1|Zygarde
|poke|p2|Noivern, M
|poke|p2|Gallade, M
|poke|p2|Starmie
|poke|p2|Celebi
|poke|p2|Arcanine, M
|poke|p2|Roserade, M
|rule|Swagger Clause: Swagger is banned
|rule|Baton Pass Clause: Limit one PokÃ©mon knowing Baton Pass
|teampreview
|
|start
|switch|p1a: Forretress|Forretress, F, shiny|354\/354
|switch|p2a: Gallade|Gallade, M|278\/278
|turn|1
|join|SSShadc
|
|detailschange|p2a: Gallade|Gallade-Mega, M
|message|Gallade has Mega Evolved into Mega Gallade!
|move|p2a: Gallade|Knock Off|p1a: Forretress
|-damage|p1a: Forretress|251\/354
|-enditem|p1a: Forretress|Leftovers|[from] move: Knock Off|[of] p2a: Gallade
|move|p1a: Forretress|Stealth Rock|p2a: Gallade
|-sidestart|p2: Doouchebag|move: Stealth Rock
|
|turn|2
|
|switch|p2a: Starmie|Starmie|324\/324
|-damage|p2a: Starmie|284\/324|[from] Stealth Rock
|move|p1a: Forretress|Gyro Ball|p2a: Starmie
|-resisted|p2a: Starmie
|-damage|p2a: Starmie|233\/324
|
|-heal|p2a: Starmie|253\/324|[from] item: Leftovers
|turn|3
|
|move|p2a: Starmie|Rapid Spin|p1a: Forretress
|-resisted|p1a: Forretress
|-damage|p1a: Forretress|247\/354
|-sideend|p2: Doouchebag|Stealth Rock|[from] move: Rapid Spin|[of] p2a: Starmie
|move|p1a: Forretress|Volt Switch|p2a: Starmie
|-supereffective|p2a: Starmie
|-damage|p2a: Starmie|161\/324
|
|switch|p1a: Raikou|Raikou, shiny|321\/321
|-ability|p1a: Raikou|Pressure
|
|-heal|p2a: Starmie|181\/324|[from] item: Leftovers
|turn|4
|join|mypowermightgoout
|
|switch|p2a: Celebi|Celebi|403\/403
|move|p1a: Raikou|Discharge|p2a: Celebi
|-resisted|p2a: Celebi
|-damage|p2a: Celebi|358\/403
|-status|p2a: Celebi|par
|
|-heal|p2a: Celebi|383\/403 par|[from] item: Leftovers
|turn|5
|
|move|p1a: Raikou|Hidden Power|p2a: Celebi
|-crit|p2a: Celebi
|-supereffective|p2a: Celebi
|-damage|p2a: Celebi|241\/403 par
|move|p2a: Celebi|Stealth Rock|p1a: Raikou
|-sidestart|p1: Unity Zeall|move: Stealth Rock
|
|-heal|p2a: Celebi|266\/403 par|[from] item: Leftovers
|turn|6
|
|move|p1a: Raikou|Volt Switch|p2a: Celebi
|-resisted|p2a: Celebi
|-damage|p2a: Celebi|221\/403 par
|
|switch|p1a: Abomasnow|Abomasnow, F, shiny|383\/383
|-damage|p1a: Abomasnow|288\/383|[from] Stealth Rock
|-weather|Hail
|move|p2a: Celebi|Recover|p2a: Celebi
|-heal|p2a: Celebi|403\/403 par
|
|-weather|Hail|[upkeep]
|-damage|p2a: Celebi|378\/403 par|[from] hail
|-heal|p2a: Celebi|403\/403 par|[from] item: Leftovers
|turn|7
|
|switch|p2a: Arcanine|Arcanine, M|383\/383
|-ability|p2a: Arcanine|Intimidate|[of] p1a: Abomasnow
|-unboost|p1a: Abomasnow|atk|1
|detailschange|p1a: Abomasnow|Abomasnow-Mega, F, shiny
|message|Abomasnow has Mega Evolved into Mega Abomasnow!
|move|p1a: Abomasnow|Swords Dance|p1a: Abomasnow
|-boost|p1a: Abomasnow|atk|2
|
|-weather|Hail|[upkeep]
|-damage|p2a: Arcanine|360\/383|[from] hail
|-heal|p2a: Arcanine|383\/383|[from] item: Leftovers
|turn|8
|
|switch|p1a: Florges|Florges, F, shiny|360\/360
|-damage|p1a: Florges|315\/360|[from] Stealth Rock
|move|p2a: Arcanine|Flare Blitz|p1a: Florges
|-damage|p1a: Florges|167\/360
|-status|p1a: Florges|brn
|-damage|p2a: Arcanine|334\/383|[from] recoil|[of] p1a: Florges
|
|-weather|Hail|[upkeep]
|-damage|p2a: Arcanine|311\/383|[from] hail
|-damage|p1a: Florges|145\/360 brn|[from] hail
|-heal|p2a: Arcanine|334\/383|[from] item: Leftovers
|-heal|p1a: Florges|167\/360 brn|[from] item: Leftovers
|-damage|p1a: Florges|122\/360 brn|[from] brn
|turn|9
|
|move|p2a: Arcanine|Flare Blitz|p1a: Florges
|-damage|p1a: Florges|0 fnt
|-damage|p2a: Arcanine|294\/383|[from] recoil|[of] p1a: Florges
|faint|p1a: Florges
|
|-weather|Hail|[upkeep]
|-damage|p2a: Arcanine|271\/383|[from] hail
|-heal|p2a: Arcanine|294\/383|[from] item: Leftovers
|
|switch|p1a: Zygarde|Zygarde|357\/357
|-damage|p1a: Zygarde|335\/357|[from] Stealth Rock
|-ability|p1a: Zygarde|Aura Break
|turn|10
|
|move|p1a: Zygarde|Dragon Dance|p1a: Zygarde
|-boost|p1a: Zygarde|atk|1
|-boost|p1a: Zygarde|spe|1
|move|p2a: Arcanine|Will-O-Wisp|p1a: Zygarde
|-status|p1a: Zygarde|brn
|-enditem|p1a: Zygarde|Lum Berry|[eat]
|-curestatus|p1a: Zygarde|brn
|
|-weather|none
|-heal|p2a: Arcanine|317\/383|[from] item: Leftovers
|turn|11
|
|switch|p2a: Celebi|Celebi|403\/403
|move|p1a: Zygarde|Earthquake|p2a: Celebi
|-resisted|p2a: Celebi
|-damage|p2a: Celebi|282\/403
|
|-heal|p2a: Celebi|307\/403|[from] item: Leftovers
|turn|12
|
|move|p1a: Zygarde|Outrage|p2a: Celebi
|-damage|p2a: Celebi|3\/403
|move|p2a: Celebi|Perish Song|p2a: Celebi
|-fieldactivate|move: Perish Song
|
|-start|p1a: Zygarde|perish3
|-start|p2a: Celebi|perish3
|-heal|p2a: Celebi|28\/403|[from] item: Leftovers
|turn|13
|
|switch|p2a: Arcanine|Arcanine, M|317\/383
|-ability|p2a: Arcanine|Intimidate|[of] p1a: Zygarde
|-unboost|p1a: Zygarde|atk|1
|move|p1a: Zygarde|Outrage|p2a: Arcanine
|-damage|p2a: Arcanine|145\/383
|
|-start|p1a: Zygarde|perish2
|-heal|p2a: Arcanine|168\/383|[from] item: Leftovers
|turn|14
|
|switch|p2a: Celebi|Celebi|28\/403
|move|p1a: Zygarde|Outrage|p2a: Celebi
|-damage|p2a: Celebi|0 fnt
|faint|p2a: Celebi
|
|-end|p1a: Zygarde|rampage
|-start|p1a: Zygarde|confusion
|-start|p1a: Zygarde|perish1
|
|switch|p2a: Gallade|Gallade-Mega, M|278\/278
|turn|15
|
|switch|p1a: Forretress|Forretress, F, shiny|247\/354
|-damage|p1a: Forretress|203\/354|[from] Stealth Rock
|move|p2a: Gallade|Swords Dance|p2a: Gallade
|-boost|p2a: Gallade|atk|2
|
|turn|16
|
|move|p2a: Gallade|Close Combat|p1a: Forretress
|-damage|p1a: Forretress|0 fnt
|-unboost|p2a: Gallade|def|1
|-unboost|p2a: Gallade|spd|1
|faint|p1a: Forretress
|
|
|switch|p1a: Mienshao|Mienshao, F, shiny|272\/272
|-damage|p1a: Mienshao|255\/272|[from] Stealth Rock
|turn|17
|
|move|p1a: Mienshao|Knock Off|p2a: Gallade
|-damage|p2a: Gallade|165\/278
|move|p2a: Gallade|Psycho Cut|p1a: Mienshao
|-supereffective|p1a: Mienshao
|-damage|p1a: Mienshao|0 fnt
|faint|p1a: Mienshao
|
|
|switch|p1a: Abomasnow|Abomasnow-Mega, F, shiny|288\/383
|-damage|p1a: Abomasnow|193\/383|[from] Stealth Rock
|-weather|Hail
|turn|18
|
|move|p1a: Abomasnow|Ice Shard|p2a: Gallade
|-damage|p2a: Gallade|39\/278
|move|p2a: Gallade|Close Combat|p1a: Abomasnow
|-supereffective|p1a: Abomasnow
|-damage|p1a: Abomasnow|0 fnt
|-unboost|p2a: Gallade|def|1
|-unboost|p2a: Gallade|spd|1
|faint|p1a: Abomasnow
|
|-weather|Hail|[upkeep]
|-damage|p2a: Gallade|22\/278|[from] hail
|
|switch|p1a: Zygarde|Zygarde|335\/357
|-damage|p1a: Zygarde|313\/357|[from] Stealth Rock
|-ability|p1a: Zygarde|Aura Break
|turn|19
|
|move|p1a: Zygarde|Extreme Speed|p2a: Gallade
|-damage|p2a: Gallade|0 fnt
|faint|p2a: Gallade
|
|-weather|Hail|[upkeep]
|-damage|p1a: Zygarde|291\/357|[from] hail
|
|switch|p2a: Noivern|Noivern, M|311\/311
|turn|20
|
|move|p2a: Noivern|Draco Meteor|p1a: Zygarde
|-supereffective|p1a: Zygarde
|-damage|p1a: Zygarde|0 fnt
|-unboost|p2a: Noivern|spa|2
|faint|p1a: Zygarde
|
|-weather|Hail|[upkeep]
|-damage|p2a: Noivern|292\/311|[from] hail
|
|switch|p1a: Raikou|Raikou, shiny|321\/321
|-damage|p1a: Raikou|281\/321|[from] Stealth Rock
|-ability|p1a: Raikou|Pressure
|turn|21
|
|switch|p2a: Roserade|Roserade, M|261\/261
|move|p1a: Raikou|Discharge|p2a: Roserade
|-resisted|p2a: Roserade
|-damage|p2a: Roserade|193\/261
|
|-weather|Hail|[upkeep]
|-damage|p1a: Raikou|261\/321|[from] hail
|-damage|p2a: Roserade|177\/261|[from] hail
|turn|22
|
|move|p1a: Raikou|Extrasensory|p2a: Roserade
|-supereffective|p2a: Roserade
|-damage|p2a: Roserade|17\/261
|cant|p2a: Roserade|flinch
|
|-weather|none
|turn|23
|
|move|p1a: Raikou|Extrasensory|p2a: Roserade
|-supereffective|p2a: Roserade
|-damage|p2a: Roserade|0 fnt
|faint|p2a: Roserade
|
|c|âDoouchebag|god damn it
|
|switch|p2a: Noivern|Noivern, M|292\/311
|turn|24
|
|move|p2a: Noivern|Draco Meteor|p1a: Raikou
|-damage|p1a: Raikou|83\/321
|-unboost|p2a: Noivern|spa|2
|move|p1a: Raikou|Discharge|p2a: Noivern
|-damage|p2a: Noivern|121\/311
|
|turn|25
|
|move|p2a: Noivern|Draco Meteor|p1a: Raikou|[miss]
|-miss|p2a: Noivern|p1a: Raikou
|move|p1a: Raikou|Discharge|p2a: Noivern
|-damage|p2a: Noivern|0 fnt
|faint|p2a: Noivern
|
|c|âDoouchebag|FUCKING CHRIST!
|
|switch|p2a: Arcanine|Arcanine, M|168\/383
|-ability|p2a: Arcanine|Intimidate|[of] p1a: Raikou
|-unboost|p1a: Raikou|atk|1
|turn|26
|c| SSShadc|lol
|
|move|p2a: Arcanine|Extreme Speed|p1a: Raikou
|-damage|p1a: Raikou|0 fnt
|faint|p1a: Raikou
|
|win|Doouchebag
|raw|Ladder updating...
|raw|Unity Zeall's rating: 1269 &rarr; <strong>1251<\/strong><br \/>(-18 for losing)
|raw|Doouchebag's rating: 1360 &rarr; <strong>1375<\/strong><br \/>(+15 for winning)
|leave|Unity Zeall
|player|p1