|join|Fennek
|join|Doouchebag
|player|p1|Fennek|260
|player|p2|Doouchebag|266
|gametype|singles
|gen|6
|tier|UU
|rated
|rule|Sleep Clause Mod: Limit one foe put to sleep
|rule|Species Clause: Limit one of each PokÃ©mon
|rule|OHKO Clause: OHKO moves are banned
|rule|Moody Clause: Moody is banned
|rule|Evasion Moves Clause: Evasion moves are banned
|rule|Endless Battle Clause: Forcing endless battles is banned
|rule|HP Percentage Mod: HP is shown in percentages
|clearpoke
|poke|p1|Beedrill, F
|poke|p1|Diancie
|poke|p1|Trevenant, F
|poke|p1|Hydreigon, M
|poke|p1|Doublade, M
|poke|p1|Starmie
|poke|p2|Kyurem
|poke|p2|Florges, F
|poke|p2|Empoleon, M
|poke|p2|Krookodile, M
|poke|p2|Beedrill, M
|poke|p2|Milotic, M
|rule|Swagger Clause: Swagger is banned
|rule|Baton Pass Clause: Limit one PokÃ©mon knowing Baton Pass
|teampreview
|
|start
|switch|p1a: Hydreigon|Hydreigon, M|325\/325
|switch|p2a: Beedrill|Beedrill, M|271\/271
|turn|1
|
|switch|p1a: Doublade|Doublade, M|322\/322
|detailschange|p2a: Beedrill|Beedrill-Mega, M
|-mega|p2a: Beedrill|Beedrill|Beedrillite
|move|p2a: Beedrill|Protect|p2a: Beedrill
|-fail|p2a: Beedrill
|
|turn|2
|
|move|p2a: Beedrill|U-turn|p1a: Doublade
|-crit|p1a: Doublade
|-resisted|p1a: Doublade
|-damage|p1a: Doublade|289\/322
|
|switch|p2a: Krookodile|Krookodile, M|331\/331
|-ability|p2a: Krookodile|Intimidate|[of] p1a: Doublade
|-unboost|p1a: Doublade|atk|1
|move|p1a: Doublade|Swords Dance|p1a: Doublade
|-boost|p1a: Doublade|atk|2
|
|turn|3
|
|move|p2a: Krookodile|Knock Off|p1a: Doublade
|-supereffective|p1a: Doublade
|-damage|p1a: Doublade|79\/322
|-enditem|p1a: Doublade|Eviolite|[from] move: Knock Off|[of] p2a: Krookodile
|move|p1a: Doublade|Iron Head|p2a: Krookodile
|-crit|p2a: Krookodile
|-damage|p2a: Krookodile|46\/331
|
|turn|4
|c|âDoouchebag|FUCK YOU!
|
|move|p1a: Doublade|Shadow Sneak|p2a: Krookodile
|-resisted|p2a: Krookodile
|-damage|p2a: Krookodile|0 fnt
|faint|p2a: Krookodile
|
|c|âFennek|cry
|
|switch|p2a: Kyurem|Kyurem|405\/405
|-ability|p2a: Kyurem|Pressure
|turn|5
|
|move|p2a: Kyurem|Earth Power|p1a: Doublade
|-supereffective|p1a: Doublade
|-damage|p1a: Doublade|0 fnt
|faint|p1a: Doublade
|
|
|switch|p1a: Trevenant|Trevenant, F|373\/373
|turn|6
|
|move|p2a: Kyurem|Substitute|p2a: Kyurem
|-start|p2a: Kyurem|Substitute
|-damage|p2a: Kyurem|304\/405
|move|p1a: Trevenant|Leech Seed|p2a: Kyurem
|
|-heal|p2a: Kyurem|329\/405|[from] item: Leftovers
|turn|7
|
|move|p2a: Kyurem|Ice Beam|p1a: Trevenant
|-supereffective|p1a: Trevenant
|-damage|p1a: Trevenant|109\/373
|move|p1a: Trevenant|Shadow Claw|p2a: Kyurem
|-crit|p2a: Kyurem
|-end|p2a: Kyurem|Substitute
|
|-heal|p2a: Kyurem|354\/405|[from] item: Leftovers
|turn|8
|c|âDoouchebag|HAHAHAHAHAHAHAHA!
|
|switch|p1a: Diancie|Diancie|304\/304
|move|p2a: Kyurem|Substitute|p2a: Kyurem
|-start|p2a: Kyurem|Substitute
|-damage|p2a: Kyurem|253\/405
|
|-heal|p2a: Kyurem|278\/405|[from] item: Leftovers
|turn|9
|
|move|p1a: Diancie|Protect|p1a: Diancie
|-singleturn|p1a: Diancie|Protect
|move|p2a: Kyurem|Earth Power|p1a: Diancie
|-activate|p1a: Diancie|Protect
|
|-heal|p2a: Kyurem|303\/405|[from] item: Leftovers
|turn|10
|
|move|p2a: Kyurem|Ice Beam|p1a: Diancie
|-damage|p1a: Diancie|216\/304
|move|p1a: Diancie|Moonblast|p2a: Kyurem
|-crit|p2a: Kyurem
|-supereffective|p2a: Kyurem
|-end|p2a: Kyurem|Substitute
|
|-heal|p2a: Kyurem|328\/405|[from] item: Leftovers
|-heal|p1a: Diancie|235\/304|[from] item: Leftovers
|turn|11
|
|switch|p2a: Empoleon|Empoleon, M|372\/372
|move|p1a: Diancie|Moonblast|p2a: Empoleon
|-resisted|p2a: Empoleon
|-damage|p2a: Empoleon|330\/372
|-unboost|p2a: Empoleon|spa|1
|
|-heal|p2a: Empoleon|353\/372|[from] item: Leftovers
|-heal|p1a: Diancie|254\/304|[from] item: Leftovers
|turn|12
|
|move|p2a: Empoleon|Stealth Rock|p1a: Diancie
|-sidestart|p1: Fennek|move: Stealth Rock
|move|p1a: Diancie|Stealth Rock|p2a: Empoleon
|-sidestart|p2: Doouchebag|move: Stealth Rock
|
|-heal|p2a: Empoleon|372\/372|[from] item: Leftovers
|-heal|p1a: Diancie|273\/304|[from] item: Leftovers
|turn|13
|
|switch|p1a: Hydreigon|Hydreigon, M|325\/325
|-damage|p1a: Hydreigon|285\/325|[from] Stealth Rock
|move|p2a: Empoleon|Scald|p1a: Hydreigon
|-resisted|p1a: Hydreigon
|-damage|p1a: Hydreigon|247\/325
|-status|p1a: Hydreigon|brn
|
|-damage|p1a: Hydreigon|207\/325 brn|[from] brn
|turn|14
|c|âDoouchebag|HAHAHAHAHAHAHA!
|
|switch|p2a: Florges|Florges, F|360\/360
|-damage|p2a: Florges|315\/360|[from] Stealth Rock
|move|p1a: Hydreigon|Earth Power|p2a: Florges
|-damage|p2a: Florges|245\/360
|
|-heal|p2a: Florges|267\/360|[from] item: Leftovers
|-damage|p1a: Hydreigon|167\/325 brn|[from] brn
|turn|15
|
|switch|p1a: Trevenant|Trevenant, F|109\/373
|-damage|p1a: Trevenant|63\/373|[from] Stealth Rock
|move|p2a: Florges|Moonblast|p1a: Trevenant
|-damage|p1a: Trevenant|0 fnt
|faint|p1a: Trevenant
|
|-heal|p2a: Florges|289\/360|[from] item: Leftovers
|
|switch|p1a: Beedrill|Beedrill, F|271\/271
|-damage|p1a: Beedrill|204\/271|[from] Stealth Rock
|turn|16
|
|switch|p2a: Milotic|Milotic, M|394\/394
|-damage|p2a: Milotic|345\/394|[from] Stealth Rock
|detailschange|p1a: Beedrill|Beedrill-Mega, F
|-mega|p1a: Beedrill|Beedrill|Beedrillite
|move|p1a: Beedrill|Poison Jab|p2a: Milotic
|-damage|p2a: Milotic|163\/394
|-status|p2a: Milotic|psn
|
|-heal|p2a: Milotic|187\/394 psn|[from] item: Leftovers
|-damage|p2a: Milotic|138\/394 psn|[from] psn
|turn|17
|c|âDoouchebag|thx
|
|move|p1a: Beedrill|Knock Off|p2a: Milotic
|-damage|p2a: Milotic|60\/394 psn
|-enditem|p2a: Milotic|Leftovers|[from] move: Knock Off|[of] p1a: Beedrill
|move|p2a: Milotic|Recover|p2a: Milotic
|-heal|p2a: Milotic|257\/394 psn
|
|-damage|p2a: Milotic|208\/394 psn|[from] psn
|turn|18
|
|move|p1a: Beedrill|U-turn|p2a: Milotic
|-damage|p2a: Milotic|98\/394 psn
|
|switch|p1a: Starmie|Starmie|261\/261
|-damage|p1a: Starmie|229\/261|[from] Stealth Rock
|move|p2a: Milotic|Recover|p2a: Milotic
|-heal|p2a: Milotic|295\/394 psn
|
|-damage|p2a: Milotic|246\/394 psn|[from] psn
|turn|19
|
|switch|p2a: Empoleon|Empoleon, M|372\/372
|-damage|p2a: Empoleon|349\/372|[from] Stealth Rock
|move|p1a: Starmie|Rapid Spin|p2a: Empoleon
|-resisted|p2a: Empoleon
|-damage|p2a: Empoleon|341\/372
|-sideend|p1: Fennek|Stealth Rock|[from] move: Rapid Spin|[of] p1a: Starmie
|-damage|p1a: Starmie|203\/261|[from] item: Life Orb
|
|-heal|p2a: Empoleon|364\/372|[from] item: Leftovers
|turn|20
|
|switch|p1a: Hydreigon|Hydreigon, M|167\/325 brn
|move|p2a: Empoleon|Stealth Rock|p1a: Hydreigon
|-sidestart|p1: Fennek|move: Stealth Rock
|
|-heal|p2a: Empoleon|372\/372|[from] item: Leftovers
|-damage|p1a: Hydreigon|127\/325 brn|[from] brn
|turn|21
|
|switch|p2a: Kyurem|Kyurem|328\/405
|-damage|p2a: Kyurem|227\/405|[from] Stealth Rock
|-ability|p2a: Kyurem|Pressure
|move|p1a: Hydreigon|Earth Power|p2a: Kyurem
|-crit|p2a: Kyurem
|-damage|p2a: Kyurem|56\/405
|
|-heal|p2a: Kyurem|81\/405|[from] item: Leftovers
|-damage|p1a: Hydreigon|87\/325 brn|[from] brn
|turn|22
|
|switch|p2a: Florges|Florges, F|289\/360
|-damage|p2a: Florges|244\/360|[from] Stealth Rock
|move|p1a: Hydreigon|Earth Power|p2a: Florges
|-damage|p2a: Florges|170\/360
|
|-heal|p2a: Florges|192\/360|[from] item: Leftovers
|-damage|p1a: Hydreigon|47\/325 brn|[from] brn
|turn|23
|
|move|p1a: Hydreigon|Earth Power|p2a: Florges
|-damage|p2a: Florges|122\/360
|move|p2a: Florges|Wish|p2a: Florges
|
|-heal|p2a: Florges|144\/360|[from] item: Leftovers
|-damage|p1a: Hydreigon|7\/325 brn|[from] brn
|turn|24
|
|move|p2a: Florges|Protect|p2a: Florges
|-singleturn|p2a: Florges|Protect
|move|p1a: Hydreigon|Earth Power|p2a: Florges
|-activate|p2a: Florges|Protect
|
|-heal|p2a: Florges|324\/360|[from] move: Wish|[wisher] Florges
|-heal|p2a: Florges|346\/360|[from] item: Leftovers
|-damage|p1a: Hydreigon|0 fnt|[from] brn
|faint|p1a: Hydreigon
|
|switch|p1a: Beedrill|Beedrill-Mega, F|204\/271
|-damage|p1a: Beedrill|137\/271|[from] Stealth Rock
|turn|25
|
|switch|p2a: Kyurem|Kyurem|81\/405
|-damage|p2a: Kyurem|0 fnt|[from] Stealth Rock
|faint|p2a: Kyurem
|move|p1a: Beedrill|Knock Off|p2: Kyurem|[notarget]
|-notarget
|
|
|switch|p2a: Milotic|Milotic, M|246\/394 psn
|-damage|p2a: Milotic|197\/394 psn|[from] Stealth Rock
|turn|26
|
|move|p1a: Beedrill|Poison Jab|p2a: Milotic
|-damage|p2a: Milotic|61\/394 psn
|move|p2a: Milotic|Recover|p2a: Milotic
|-heal|p2a: Milotic|258\/394 psn
|
|-damage|p2a: Milotic|209\/394 psn|[from] psn
|turn|27
|
|move|p1a: Beedrill|Protect|p1a: Beedrill
|-singleturn|p1a: Beedrill|Protect
|move|p2a: Milotic|Scald|p1a: Beedrill
|-activate|p1a: Beedrill|Protect
|
|-damage|p2a: Milotic|160\/394 psn|[from] psn
|turn|28
|
|move|p1a: Beedrill|Poison Jab|p2a: Milotic
|-damage|p2a: Milotic|36\/394 psn
|move|p2a: Milotic|Scald|p1a: Beedrill
|-damage|p1a: Beedrill|20\/271
|-status|p1a: Beedrill|brn
|
|-damage|p1a: Beedrill|0 fnt|[from] brn
|-damage|p2a: Milotic|0 fnt|[from] psn
|faint|p1a: Beedrill
|faint|p2a: Milotic
|c|âDoouchebag|YES!
|c|âDoouchebag|gg
|
|switch|p2a: Beedrill|Beedrill-Mega, M|271\/271
|switch|p1a: Starmie|Starmie|203\/261
|-damage|p2a: Beedrill|204\/271|[from] Stealth Rock
|-damage|p1a: Starmie|171\/261|[from] Stealth Rock
|turn|29
|
|move|p2a: Beedrill|U-turn|p1a: Starmie
|-supereffective|p1a: Starmie
|-damage|p1a: Starmie|0 fnt
|faint|p1a: Starmie
|
|switch|p2a: Empoleon|Empoleon, M|372\/372
|-damage|p2a: Empoleon|349\/372|[from] Stealth Rock
|
|-heal|p2a: Empoleon|372\/372|[from] item: Leftovers
|
|switch|p1a: Diancie|Diancie|273\/304
|-damage|p1a: Diancie|235\/304|[from] Stealth Rock
|turn|30
|
|move|p2a: Empoleon|Scald|p1a: Diancie
|-supereffective|p1a: Diancie
|-damage|p1a: Diancie|115\/304
|move|p1a: Diancie|Moonblast|p2a: Empoleon
|-resisted|p2a: Empoleon
|-damage|p2a: Empoleon|330\/372
|
|-heal|p2a: Empoleon|353\/372|[from] item: Leftovers
|-heal|p1a: Diancie|134\/304|[from] item: Leftovers
|turn|31
|
|move|p2a: Empoleon|Scald|p1a: Diancie
|-supereffective|p1a: Diancie
|-damage|p1a: Diancie|14\/304
|-status|p1a: Diancie|brn
|move|p1a: Diancie|Moonblast|p2a: Empoleon
|-resisted|p2a: Empoleon
|-damage|p2a: Empoleon|312\/372
|
|-heal|p2a: Empoleon|335\/372|[from] item: Leftovers
|-heal|p1a: Diancie|33\/304 brn|[from] item: Leftovers
|-damage|p1a: Diancie|0 fnt|[from] brn
|faint|p1a: Diancie
|
|win|Doouchebag
|raw|Ladder updating...
|raw|Fennek's rating: 1381 &rarr; <strong>1364<\/strong><br \/>(-17 for losing)
|raw|Doouchebag's rating: 1429 &rarr; <strong>1446<\/strong><br \/>(+17 for winning)