|join|Earthes
|join|Doouchebag
|player|p1|Earthes|248
|player|p2|Doouchebag|101
|gametype|singles
|gen|6
|tier|UU
|rated
|rule|Sleep Clause Mod: Limit one foe put to sleep
|rule|Species Clause: Limit one of each PokÃ©mon
|rule|OHKO Clause: OHKO moves are banned
|rule|Moody Clause: Moody is banned
|rule|Evasion Moves Clause: Evasion moves are banned
|rule|Endless Battle Clause: Forcing endless battles is banned
|rule|HP Percentage Mod: HP is shown in percentages
|clearpoke
|poke|p1|Sharpedo, M
|poke|p1|Florges, F
|poke|p1|Donphan, M
|poke|p1|Toxicroak, M
|poke|p1|Noivern, F
|poke|p1|Darmanitan, M
|poke|p2|Cloyster, F
|poke|p2|Espeon, F
|poke|p2|Quagsire, F
|poke|p2|Pidgeot, M
|poke|p2|Forretress, M
|poke|p2|Chandelure, M
|rule|Swagger Clause: Swagger is banned
|rule|Baton Pass Clause: Limit one PokÃ©mon knowing Baton Pass
|teampreview
|join|CIA AGENT
|c| CIA AGENT|BANE?
|
|start
|switch|p1a: Rick Addison|Darmanitan, M|351\/351
|switch|p2a: Pidgeot|Pidgeot, M|307\/307
|turn|1
|c|âEarthes|Where exactly did you see Bane?
|
|switch|p2a: Quagsire|Quagsire, F|394\/394
|move|p1a: Rick Addison|Rock Slide|p2a: Quagsire
|-crit|p2a: Quagsire
|-resisted|p2a: Quagsire
|-damage|p2a: Quagsire|321\/394
|
|-heal|p2a: Quagsire|345\/394|[from] item: Leftovers
|turn|2
|c| CIA AGENT|CLOYSTER.
|
|switch|p1a: Senhime|Noivern, F|311\/311
|move|p2a: Quagsire|Toxic|p1a: Senhime
|-status|p1a: Senhime|tox
|
|-heal|p2a: Quagsire|369\/394|[from] item: Leftovers
|-damage|p1a: Senhime|292\/311 tox|[from] psn
|turn|3
|c| CIA AGENT|TELL ME ABOUT HIM.
|c| CIA AGENT|WHY DOES HE WEAR THE CUNT?
|
|switch|p2a: Forretress|Forretress, M|354\/354
|move|p1a: Senhime|Draco Meteor|p2a: Forretress
|-resisted|p2a: Forretress
|-damage|p2a: Forretress|204\/354
|-unboost|p1a: Senhime|spa|2
|
|-heal|p2a: Forretress|226\/354|[from] item: Leftovers
|-damage|p1a: Senhime|254\/311 tox|[from] psn
|turn|4
|c|âEarthes|>not why does he smash the shell
|
|switch|p1a: Shibata Katsuie|Donphan, M|383\/383
|switch|p2a: Espeon|Espeon, F|333\/333
|
|turn|5
|
|move|p2a: Espeon|Reflect|p2a: Espeon
|-sidestart|p2: Doouchebag|Reflect
|move|p1a: Shibata Katsuie|Knock Off|p2a: Espeon
|-supereffective|p2a: Espeon
|-damage|p2a: Espeon|149\/333
|-enditem|p2a: Espeon|Light Clay|[from] move: Knock Off|[of] p1a: Shibata Katsuie
|
|turn|6
|
|move|p2a: Espeon|Light Screen|p2a: Espeon
|-sidestart|p2: Doouchebag|move: Light Screen
|move|p1a: Shibata Katsuie|Knock Off|p2a: Espeon
|-supereffective|p2a: Espeon
|-damage|p2a: Espeon|20\/333
|
|turn|7
|c| CIA AGENT|DONPHAN?
|
|move|p2a: Espeon|Psyshock|p1a: Shibata Katsuie
|-damage|p1a: Shibata Katsuie|272\/383
|move|p1a: Shibata Katsuie|Knock Off|p2a: Espeon
|-supereffective|p2a: Espeon
|-damage|p2a: Espeon|0 fnt
|faint|p2a: Espeon
|
|
|switch|p2a: Cloyster|Cloyster, F|241\/241
|turn|8
|
|switch|p1a: Rance|Sharpedo, M|281\/281
|move|p2a: Cloyster|Shell Smash|p2a: Cloyster
|-boost|p2a: Cloyster|atk|2
|-boost|p2a: Cloyster|spa|2
|-boost|p2a: Cloyster|spe|2
|-unboost|p2a: Cloyster|def|1
|-unboost|p2a: Cloyster|spd|1
|-enditem|p2a: Cloyster|White Herb
|-restoreboost|p2a: Cloyster|[silent]
|
|turn|9
|c| CIA AGENT|AND HERE WE
|c| CIA AGENT|GO
|c|âEarthes|Must be nice, not having to think.
|
|move|p1a: Rance|Protect|p1a: Rance
|-singleturn|p1a: Rance|Protect
|move|p2a: Cloyster|Rock Blast|p1a: Rance
|-activate|p1a: Rance|Protect
|
|-boost|p1a: Rance|spe|1|[from] ability: Speed Boost
|turn|10
|
|move|p1a: Rance|Protect|p1a: Rance
|-singleturn|p1a: Rance|Protect
|move|p2a: Cloyster|Rock Blast|p1a: Rance
|-activate|p1a: Rance|Protect
|
|-sideend|p2: Doouchebag|move: Light Screen
|-boost|p1a: Rance|spe|1|[from] ability: Speed Boost
|turn|11
|
|detailschange|p1a: Rance|Sharpedo-Mega, M
|-mega|p1a: Rance|Sharpedo|Sharpedonite
|move|p1a: Rance|Crunch|p2a: Cloyster
|-damage|p2a: Cloyster|165\/241
|move|p2a: Cloyster|Rock Blast|p1a: Rance|[miss]
|-miss|p2a: Cloyster|p1a: Rance
|
|turn|12
|c|âDoouchebag|FUCK!!
|
|move|p1a: Rance|Protect|p1a: Rance
|-singleturn|p1a: Rance|Protect
|move|p2a: Cloyster|Rock Blast|p1a: Rance
|-activate|p1a: Rance|Protect
|
|-sideend|p2: Doouchebag|Reflect
|turn|13
|
|move|p1a: Rance|Crunch|p2a: Cloyster
|-damage|p2a: Cloyster|12\/241
|-unboost|p2a: Cloyster|def|1
|move|p2a: Cloyster|Rock Blast|p1a: Rance
|-damage|p1a: Rance|222\/281
|-damage|p1a: Rance|157\/281
|-damage|p1a: Rance|90\/281
|-crit|p1a: Rance
|-damage|p1a: Rance|1\/281
|-damage|p1a: Rance|0 fnt
|-hitcount|p1a: Rance|5
|faint|p1a: Rance
|
|c|âDoouchebag|FUCK CHRIST HAX!
|c| CIA AGENT|kek
|c|âEarthes|Cry moar.
|
|switch|p1a: Dokuganryuu|Toxicroak, M|370\/370
|turn|14
|c| CIA AGENT|HAPPENING?
|
|switch|p2a: Quagsire|Quagsire, F|369\/394
|move|p1a: Dokuganryuu|Sucker Punch|p2a: Quagsire
|-fail|p2a: Quagsire
|
|-heal|p2a: Quagsire|393\/394|[from] item: Leftovers
|turn|15
|c|âDoouchebag|modchat+
|c| CIA AGENT|lel
|c|âEarthes|Nope.
|
|switch|p1a: Sill Plain|Florges, F|360\/360
|move|p2a: Quagsire|Earthquake|p1a: Sill Plain
|-damage|p1a: Sill Plain|218\/360
|
|-heal|p1a: Sill Plain|240\/360|[from] item: Leftovers
|-heal|p2a: Quagsire|394\/394|[from] item: Leftovers
|turn|16
|c| CIA AGENT|this is your fate
|c| CIA AGENT|fate\/stay mad
|
|move|p1a: Sill Plain|Aromatherapy|p1a: Sill Plain
|-cureteam|p1a: Sill Plain|[from] move: Aromatherapy
|move|p2a: Quagsire|Toxic|p1a: Sill Plain
|-status|p1a: Sill Plain|tox
|
|-heal|p1a: Sill Plain|262\/360 tox|[from] item: Leftovers
|-damage|p1a: Sill Plain|240\/360 tox|[from] psn
|turn|17
|
|switch|p2a: Cloyster|Cloyster, F|12\/241
|move|p1a: Sill Plain|Moonblast|p2a: Cloyster
|-damage|p2a: Cloyster|0 fnt
|faint|p2a: Cloyster
|
|-heal|p1a: Sill Plain|262\/360 tox|[from] item: Leftovers
|-damage|p1a: Sill Plain|218\/360 tox|[from] psn
|c| CIA AGENT|BYE
|c| CIA AGENT|BYE
|c|âEarthes|You could have stopped this
|
|switch|p2a: Pidgeot|Pidgeot, M|307\/307
|turn|18
|c|âEarthes|All you had to do was Forfeit.
|c| CIA AGENT|IT'S
|c|âEarthes|Why didn't you forefeit?
|c| CIA AGENT|HAPPENING
|
|detailschange|p2a: Pidgeot|Pidgeot-Mega, M
|-mega|p2a: Pidgeot|Pidgeot|Pidgeotite
|move|p2a: Pidgeot|Hurricane|p1a: Sill Plain
|-damage|p1a: Sill Plain|101\/360 tox
|-start|p1a: Sill Plain|confusion
|-activate|p1a: Sill Plain|confusion
|move|p1a: Sill Plain|Aromatherapy|p1a: Sill Plain
|-cureteam|p1a: Sill Plain|[from] move: Aromatherapy
|
|-heal|p1a: Sill Plain|123\/360|[from] item: Leftovers
|turn|19
|
|move|p2a: Pidgeot|Hurricane|p1a: Sill Plain
|-damage|p1a: Sill Plain|12\/360
|-end|p1a: Sill Plain|confusion
|move|p1a: Sill Plain|Wish|p1a: Sill Plain
|
|-heal|p1a: Sill Plain|34\/360|[from] item: Leftovers
|turn|20
|c| CIA AGENT|BASED
|
|switch|p2a: Chandelure|Chandelure, M|261\/261
|move|p1a: Sill Plain|Protect|p1a: Sill Plain
|-fail|p1a: Sill Plain
|
|-heal|p1a: Sill Plain|214\/360|[from] move: Wish|[wisher] Sill Plain
|-heal|p1a: Sill Plain|236\/360|[from] item: Leftovers
|turn|21
|
|move|p1a: Sill Plain|Protect|p1a: Sill Plain
|-singleturn|p1a: Sill Plain|Protect
|move|p2a: Chandelure|Fire Blast|p1a: Sill Plain
|-activate|p1a: Sill Plain|Protect
|
|-heal|p1a: Sill Plain|258\/360|[from] item: Leftovers
|turn|22
|
|move|p2a: Chandelure|Fire Blast|p1a: Sill Plain
|-damage|p1a: Sill Plain|66\/360
|move|p1a: Sill Plain|Moonblast|p2a: Chandelure
|-resisted|p2a: Chandelure
|-damage|p2a: Chandelure|189\/261
|-unboost|p2a: Chandelure|spa|1
|
|-heal|p1a: Sill Plain|88\/360|[from] item: Leftovers
|turn|23
|
|move|p1a: Sill Plain|Protect|p1a: Sill Plain
|-singleturn|p1a: Sill Plain|Protect
|move|p2a: Chandelure|Fire Blast|p1a: Sill Plain
|-activate|p1a: Sill Plain|Protect
|
|-heal|p1a: Sill Plain|110\/360|[from] item: Leftovers
|turn|24
|c|âDoouchebag|modchat+1
|
|move|p1a: Sill Plain|Protect|p1a: Sill Plain
|-fail|p1a: Sill Plain
|move|p2a: Chandelure|Fire Blast|p1a: Sill Plain|[miss]
|-miss|p2a: Chandelure|p1a: Sill Plain
|
|-heal|p1a: Sill Plain|132\/360|[from] item: Leftovers
|turn|25
|c| CIA AGENT|STAY
|c| CIA AGENT|MAD
|c| CIA AGENT|>MISS
|c|âEarthes|Ah nope
|c| CIA AGENT|KEK
|
|switch|p2a: Quagsire|Quagsire, F|394\/394
|move|p1a: Sill Plain|Protect|p1a: Sill Plain
|-fail|p1a: Sill Plain
|
|-heal|p1a: Sill Plain|154\/360|[from] item: Leftovers
|turn|26
|c|âDoouchebag|fuck you
|
|move|p1a: Sill Plain|Protect|p1a: Sill Plain
|-singleturn|p1a: Sill Plain|Protect
|move|p2a: Quagsire|Toxic|p1a: Sill Plain
|-activate|p1a: Sill Plain|Protect
|
|-heal|p1a: Sill Plain|176\/360|[from] item: Leftovers
|turn|27
|c| CIA AGENT|DONTE?
|
|move|p1a: Sill Plain|Moonblast|p2a: Quagsire
|-damage|p2a: Quagsire|225\/394
|move|p2a: Quagsire|Scald|p1a: Sill Plain
|-damage|p1a: Sill Plain|143\/360
|
|-heal|p1a: Sill Plain|165\/360|[from] item: Leftovers
|-heal|p2a: Quagsire|249\/394|[from] item: Leftovers
|turn|28
|c| CIA AGENT|nice damage nerd
|
|switch|p2a: Forretress|Forretress, M|226\/354
|move|p1a: Sill Plain|Moonblast|p2a: Forretress
|-resisted|p2a: Forretress
|-damage|p2a: Forretress|163\/354
|
|-heal|p1a: Sill Plain|187\/360|[from] item: Leftovers
|-heal|p2a: Forretress|185\/354|[from] item: Leftovers
|turn|29
|
|switch|p1a: Shibata Katsuie|Donphan, M|272\/383
|move|p2a: Forretress|Stealth Rock|p1a: Shibata Katsuie
|-sidestart|p1: Earthes|move: Stealth Rock
|
|-heal|p2a: Forretress|207\/354|[from] item: Leftovers
|turn|30
|
|switch|p2a: Quagsire|Quagsire, F|249\/394
|move|p1a: Shibata Katsuie|Knock Off|p2a: Quagsire
|-damage|p2a: Quagsire|158\/394
|-enditem|p2a: Quagsire|Leftovers|[from] move: Knock Off|[of] p1a: Shibata Katsuie
|
|turn|31
|
|switch|p1a: Senhime|Noivern, F|254\/311
|-damage|p1a: Senhime|177\/311|[from] Stealth Rock
|move|p2a: Quagsire|Recover|p2a: Quagsire
|-heal|p2a: Quagsire|355\/394
|
|turn|32
|
|switch|p2a: Forretress|Forretress, M|207\/354
|move|p1a: Senhime|Draco Meteor|p2a: Forretress
|-crit|p2a: Forretress
|-resisted|p2a: Forretress
|-damage|p2a: Forretress|3\/354
|-unboost|p1a: Senhime|spa|2
|
|-heal|p2a: Forretress|25\/354|[from] item: Leftovers
|turn|33
|
|switch|p2a: Pidgeot|Pidgeot-Mega, M|307\/307
|move|p1a: Senhime|Draco Meteor|p2a: Pidgeot
|-damage|p2a: Pidgeot|135\/307
|-unboost|p1a: Senhime|spa|2
|
|turn|34
|
|switch|p1a: Sill Plain|Florges, F|187\/360
|-damage|p1a: Sill Plain|142\/360|[from] Stealth Rock
|move|p2a: Pidgeot|Hurricane|p1a: Sill Plain
|-damage|p1a: Sill Plain|33\/360
|
|-heal|p1a: Sill Plain|55\/360|[from] item: Leftovers
|turn|35
|
|move|p1a: Sill Plain|Protect|p1a: Sill Plain
|-singleturn|p1a: Sill Plain|Protect
|move|p2a: Pidgeot|Hurricane|p1a: Sill Plain
|-activate|p1a: Sill Plain|Protect
|
|-heal|p1a: Sill Plain|77\/360|[from] item: Leftovers
|turn|36
|
|move|p1a: Sill Plain|Protect|p1a: Sill Plain
|-fail|p1a: Sill Plain
|move|p2a: Pidgeot|Hurricane|p1a: Sill Plain
|-damage|p1a: Sill Plain|0 fnt
|faint|p1a: Sill Plain
|
|
|switch|p1a: Senhime|Noivern, F|177\/311
|-damage|p1a: Senhime|100\/311|[from] Stealth Rock
|turn|37
|
|switch|p2a: Forretress|Forretress, M|25\/354
|move|p1a: Senhime|Draco Meteor|p2a: Forretress
|-resisted|p2a: Forretress
|-damage|p2a: Forretress|0 fnt
|-unboost|p1a: Senhime|spa|2
|faint|p2a: Forretress
|
|
|switch|p2a: Chandelure|Chandelure, M|189\/261
|turn|38
|
|switch|p1a: Rick Addison|Darmanitan, M|351\/351
|-damage|p1a: Rick Addison|264\/351|[from] Stealth Rock
|move|p2a: Chandelure|Shadow Ball|p1a: Rick Addison
|-crit|p1a: Rick Addison
|-damage|p1a: Rick Addison|0 fnt
|faint|p1a: Rick Addison
|
|
|switch|p1a: Senhime|Noivern, F|100\/311
|-damage|p1a: Senhime|23\/311|[from] Stealth Rock
|turn|39
|
|switch|p2a: Pidgeot|Pidgeot-Mega, M|135\/307
|move|p1a: Senhime|Draco Meteor|p2a: Pidgeot
|-damage|p2a: Pidgeot|0 fnt
|-unboost|p1a: Senhime|spa|2
|faint|p2a: Pidgeot
|
|
|switch|p2a: Chandelure|Chandelure, M|189\/261
|turn|40
|
|move|p1a: Senhime|Draco Meteor|p2a: Chandelure
|-damage|p2a: Chandelure|39\/261
|-unboost|p1a: Senhime|spa|2
|move|p2a: Chandelure|Shadow Ball|p1a: Senhime
|-damage|p1a: Senhime|0 fnt
|faint|p1a: Senhime
|
|
|switch|p1a: Dokuganryuu|Toxicroak, M|370\/370
|-damage|p1a: Dokuganryuu|347\/370|[from] Stealth Rock
|turn|41
|c|âDoouchebag|gg
|
|switch|p2a: Quagsire|Quagsire, F|355\/394
|move|p1a: Dokuganryuu|Sucker Punch|p2a: Quagsire
|-fail|p2a: Quagsire
|
|-heal|p1a: Dokuganryuu|370\/370|[from] item: Black Sludge
|turn|42
|c|âDoouchebag|lag test
|c|âDoouchebag|gg you haxor
|
|move|p1a: Dokuganryuu|Drain Punch|p2a: Quagsire
|-damage|p2a: Quagsire|247\/394
|move|p2a: Quagsire|Earthquake|p1a: Dokuganryuu
|-supereffective|p1a: Dokuganryuu
|-damage|p1a: Dokuganryuu|86\/370
|
|-heal|p1a: Dokuganryuu|109\/370|[from] item: Black Sludge
|turn|43
|c|âEarthes|gg you shitter
|
|switch|p1a: Shibata Katsuie|Donphan, M|272\/383
|-damage|p1a: Shibata Katsuie|249\/383|[from] Stealth Rock
|move|p2a: Quagsire|Recover|p2a: Quagsire
|-heal|p2a: Quagsire|394\/394
|
|turn|44
|
|switch|p1a: Dokuganryuu|Toxicroak, M|109\/370
|-damage|p1a: Dokuganryuu|86\/370|[from] Stealth Rock
|move|p2a: Quagsire|Scald|p1a: Dokuganryuu
|-heal|p1a: Dokuganryuu|178\/370|[from] ability: Dry Skin|[of] p2a: Quagsire
|
|-heal|p1a: Dokuganryuu|201\/370|[from] item: Black Sludge
|turn|45
|c|âDoouchebag|wont help you
|
|switch|p1a: Shibata Katsuie|Donphan, M|249\/383
|-damage|p1a: Shibata Katsuie|226\/383|[from] Stealth Rock
|move|p2a: Quagsire|Earthquake|p1a: Shibata Katsuie
|-damage|p1a: Shibata Katsuie|132\/383
|
|turn|46
|
|move|p1a: Shibata Katsuie|Earthquake|p2a: Quagsire
|-damage|p2a: Quagsire|247\/394
|move|p2a: Quagsire|Scald|p1a: Shibata Katsuie
|-supereffective|p1a: Shibata Katsuie
|-damage|p1a: Shibata Katsuie|0 fnt
|faint|p1a: Shibata Katsuie
|
|
|switch|p1a: Dokuganryuu|Toxicroak, M|201\/370
|-damage|p1a: Dokuganryuu|178\/370|[from] Stealth Rock
|turn|47
|
|move|p1a: Dokuganryuu|Drain Punch|p2a: Quagsire
|-damage|p2a: Quagsire|135\/394
|-heal|p1a: Dokuganryuu|234\/370|[from] drain|[of] p2a: Quagsire
|move|p2a: Quagsire|Earthquake|p1a: Dokuganryuu
|-supereffective|p1a: Dokuganryuu
|-damage|p1a: Dokuganryuu|0 fnt
|faint|p1a: Dokuganryuu
|
|win|Doouchebag
|raw|Ladder updating...
|raw|Earthes's rating: 1553 &rarr; <strong>1529<\/strong><br \/>(-24 for losing)
|raw|Doouchebag's rating: 1470 &rarr; <strong>1495<\/strong><br \/>(+25 for winning)
|leave|CIA AGENT