|join|Doouchebag
|join|XxBlodxX
|player|p1|Doouchebag|102
|player|p2|XxBlodxX|264
|gametype|singles
|gen|6
|tier|UU
|rated
|rule|Sleep Clause Mod: Limit one foe put to sleep
|rule|Species Clause: Limit one of each PokÃ©mon
|rule|OHKO Clause: OHKO moves are banned
|rule|Moody Clause: Moody is banned
|rule|Evasion Moves Clause: Evasion moves are banned
|rule|Endless Battle Clause: Forcing endless battles is banned
|rule|HP Percentage Mod: HP is shown in percentages
|clearpoke
|poke|p1|Lucario, M
|poke|p1|Porygon-Z
|poke|p1|Swampert, F
|poke|p1|Umbreon, M
|poke|p1|Crobat, F
|poke|p1|Mienshao, M
|poke|p2|Beedrill, F
|poke|p2|Empoleon, F
|poke|p2|Noivern, M
|poke|p2|Blissey, F
|poke|p2|Chandelure, F
|poke|p2|Hitmontop, M
|rule|Swagger Clause: Swagger is banned
|rule|Baton Pass Clause: Limit one PokÃ©mon knowing Baton Pass
|teampreview
|join|Babouchou
|
|start
|switch|p1a: Swampert|Swampert, F|404\/404
|switch|p2a: Beedrill|Beedrill, F|271\/271
|turn|1
|
|detailschange|p2a: Beedrill|Beedrill-Mega, F
|-mega|p2a: Beedrill|Beedrill|Beedrillite
|move|p2a: Beedrill|U-turn|p1a: Swampert
|-damage|p1a: Swampert|248\/404
|
|switch|p2a: Noivern|Noivern, M|311\/311
|move|p1a: Swampert|Earthquake|p2a: Noivern
|-immune|p2a: Noivern|[msg]
|
|-heal|p1a: Swampert|273\/404|[from] item: Leftovers
|turn|2
|
|switch|p1a: Umbreon|Umbreon, M|394\/394
|move|p2a: Noivern|Draco Meteor|p1a: Umbreon
|-damage|p1a: Umbreon|222\/394
|-unboost|p2a: Noivern|spa|2
|
|-heal|p1a: Umbreon|246\/394|[from] item: Leftovers
|turn|3
|
|switch|p2a: Empoleon|Empoleon, F|372\/372
|move|p1a: Umbreon|Wish|p1a: Umbreon
|
|-heal|p1a: Umbreon|270\/394|[from] item: Leftovers
|turn|4
|
|switch|p1a: Mienshao|Mienshao, M|271\/271
|move|p2a: Empoleon|Stealth Rock|p1a: Mienshao
|-sidestart|p1: Doouchebag|move: Stealth Rock
|
|turn|5
|
|move|p2a: Empoleon|Protect|p2a: Empoleon
|-singleturn|p2a: Empoleon|Protect
|move|p1a: Mienshao|Knock Off|p2a: Empoleon
|-activate|p2a: Empoleon|Protect
|
|turn|6
|
|switch|p2a: Hitmontop|Hitmontop, M|303\/303
|-ability|p2a: Hitmontop|Intimidate|[of] p1a: Mienshao
|-unboost|p1a: Mienshao|atk|1
|move|p1a: Mienshao|Knock Off|p2a: Hitmontop
|-resisted|p2a: Hitmontop
|-damage|p2a: Hitmontop|263\/303
|-enditem|p2a: Hitmontop|Assault Vest|[from] move: Knock Off|[of] p1a: Mienshao
|
|turn|7
|
|switch|p1a: Crobat|Crobat, F|373\/373
|-damage|p1a: Crobat|280\/373|[from] Stealth Rock
|move|p2a: Hitmontop|Close Combat|p1a: Crobat
|-resisted|p1a: Crobat
|-damage|p1a: Crobat|228\/373
|-unboost|p2a: Hitmontop|def|1
|-unboost|p2a: Hitmontop|spd|1
|
|-heal|p1a: Crobat|251\/373|[from] item: Black Sludge
|turn|8
|
|switch|p2a: Empoleon|Empoleon, F|372\/372
|move|p1a: Crobat|Defog|p2a: Empoleon
|-unboost|p2a: Empoleon|evasion|1
|-sideend|p1: Doouchebag|Stealth Rock|[from] move: Defog|[of] p1a: Crobat
|
|-heal|p1a: Crobat|274\/373|[from] item: Black Sludge
|turn|9
|
|move|p1a: Crobat|U-turn|p2a: Empoleon
|-crit|p2a: Empoleon
|-resisted|p2a: Empoleon
|-damage|p2a: Empoleon|342\/372
|
|switch|p1a: Lucario|Lucario, M|281\/281
|move|p2a: Empoleon|Stealth Rock|p1a: Lucario
|-sidestart|p1: Doouchebag|move: Stealth Rock
|
|-heal|p2a: Empoleon|365\/372|[from] item: Leftovers
|turn|10
|
|move|p1a: Lucario|Earthquake|p2a: Empoleon
|-supereffective|p2a: Empoleon
|-damage|p2a: Empoleon|147\/372
|-damage|p1a: Lucario|253\/281|[from] item: Life Orb
|move|p2a: Empoleon|Roar|p1a: Lucario
|drag|p1a: Porygon-Z|Porygon-Z|311\/311
|-damage|p1a: Porygon-Z|273\/311|[from] Stealth Rock
|
|-heal|p2a: Empoleon|170\/372|[from] item: Leftovers
|turn|11
|
|switch|p2a: Blissey|Blissey, F|714\/714
|move|p1a: Porygon-Z|Tri Attack|p2a: Blissey
|-damage|p2a: Blissey|482\/714
|
|-heal|p2a: Blissey|526\/714|[from] item: Leftovers
|turn|12
|
|switch|p1a: Lucario|Lucario, M|253\/281
|-damage|p1a: Lucario|245\/281|[from] Stealth Rock
|move|p2a: Blissey|Wish|p2a: Blissey
|
|-heal|p2a: Blissey|570\/714|[from] item: Leftovers
|turn|13
|
|switch|p2a: Hitmontop|Hitmontop, M|263\/303
|-ability|p2a: Hitmontop|Intimidate|[of] p1a: Lucario
|-unboost|p1a: Lucario|atk|1
|move|p1a: Lucario|Close Combat|p2a: Hitmontop
|-damage|p2a: Hitmontop|86\/303
|-unboost|p1a: Lucario|def|1
|-unboost|p1a: Lucario|spd|1
|-damage|p1a: Lucario|217\/281|[from] item: Life Orb
|
|-heal|p2a: Hitmontop|303\/303|[from] move: Wish|[wisher] Blissey
|turn|14
|
|switch|p1a: Crobat|Crobat, F|274\/373
|-damage|p1a: Crobat|181\/373|[from] Stealth Rock
|move|p2a: Hitmontop|Close Combat|p1a: Crobat
|-resisted|p1a: Crobat
|-damage|p1a: Crobat|125\/373
|-unboost|p2a: Hitmontop|def|1
|-unboost|p2a: Hitmontop|spd|1
|
|-heal|p1a: Crobat|148\/373|[from] item: Black Sludge
|turn|15
|
|move|p1a: Crobat|Roost|p1a: Crobat
|-heal|p1a: Crobat|335\/373
|move|p2a: Hitmontop|Stone Edge|p1a: Crobat|[miss]
|-miss|p2a: Hitmontop|p1a: Crobat
|
|-heal|p1a: Crobat|358\/373|[from] item: Black Sludge
|turn|16
|
|switch|p2a: Empoleon|Empoleon, F|170\/372
|move|p1a: Crobat|Brave Bird|p2a: Empoleon
|-resisted|p2a: Empoleon
|-damage|p2a: Empoleon|116\/372
|-damage|p1a: Crobat|340\/373|[from] recoil|[of] p2a: Empoleon
|
|-heal|p1a: Crobat|363\/373|[from] item: Black Sludge
|-heal|p2a: Empoleon|139\/372|[from] item: Leftovers
|turn|17
|
|move|p1a: Crobat|U-turn|p2a: Empoleon
|-resisted|p2a: Empoleon
|-damage|p2a: Empoleon|118\/372
|
|switch|p1a: Umbreon|Umbreon, M|270\/394
|-damage|p1a: Umbreon|221\/394|[from] Stealth Rock
|move|p2a: Empoleon|Scald|p1a: Umbreon
|-damage|p1a: Umbreon|124\/394
|
|-heal|p1a: Umbreon|148\/394|[from] item: Leftovers
|-heal|p2a: Empoleon|141\/372|[from] item: Leftovers
|turn|18
|
|move|p1a: Umbreon|Wish|p1a: Umbreon
|move|p2a: Empoleon|Scald|p1a: Umbreon
|-damage|p1a: Umbreon|84\/394
|-status|p1a: Umbreon|brn
|-status|p2a: Empoleon|brn
|
|-heal|p1a: Umbreon|108\/394 brn|[from] item: Leftovers
|-heal|p2a: Empoleon|164\/372 brn|[from] item: Leftovers
|-damage|p1a: Umbreon|59\/394 brn|[from] brn
|-damage|p2a: Empoleon|118\/372 brn|[from] brn
|turn|19
|
|move|p1a: Umbreon|Protect|p1a: Umbreon
|-singleturn|p1a: Umbreon|Protect
|move|p2a: Empoleon|Roar|p1a: Umbreon
|drag|p1a: Swampert|Swampert, F|273\/404
|-damage|p1a: Swampert|248\/404|[from] Stealth Rock
|
|-heal|p1a: Swampert|404\/404|[from] move: Wish|[wisher] Umbreon
|-heal|p2a: Empoleon|141\/372 brn|[from] item: Leftovers
|-damage|p2a: Empoleon|95\/372 brn|[from] brn
|turn|20
|
|switch|p2a: Blissey|Blissey, F|570\/714
|move|p1a: Swampert|Stealth Rock|p2a: Blissey
|-sidestart|p2: XxBlodxX|move: Stealth Rock
|
|-heal|p2a: Blissey|614\/714|[from] item: Leftovers
|turn|21
|
|switch|p1a: Umbreon|Umbreon, M|59\/394 brn
|-damage|p1a: Umbreon|10\/394 brn|[from] Stealth Rock
|move|p2a: Blissey|Heal Bell|p2a: Blissey
|-cureteam|p2a: Blissey|[from] move: HealBell
|
|-heal|p1a: Umbreon|34\/394 brn|[from] item: Leftovers
|-heal|p2a: Blissey|658\/714|[from] item: Leftovers
|-damage|p1a: Umbreon|0 fnt|[from] brn
|faint|p1a: Umbreon
|
|switch|p1a: Lucario|Lucario, M|217\/281
|-damage|p1a: Lucario|209\/281|[from] Stealth Rock
|turn|22
|
|switch|p2a: Hitmontop|Hitmontop, M|303\/303
|-damage|p2a: Hitmontop|285\/303|[from] Stealth Rock
|-ability|p2a: Hitmontop|Intimidate|[of] p1a: Lucario
|-unboost|p1a: Lucario|atk|1
|move|p1a: Lucario|Swords Dance|p1a: Lucario
|-boost|p1a: Lucario|atk|2
|
|turn|23
|
|move|p1a: Lucario|Close Combat|p2a: Hitmontop
|-damage|p2a: Hitmontop|0 fnt
|-unboost|p1a: Lucario|def|1
|-unboost|p1a: Lucario|spd|1
|-damage|p1a: Lucario|181\/281|[from] item: Life Orb
|faint|p2a: Hitmontop
|
|
|switch|p2a: Chandelure|Chandelure, F|261\/261
|-damage|p2a: Chandelure|196\/261|[from] Stealth Rock
|turn|24
|
|move|p2a: Chandelure|Flamethrower|p1a: Lucario
|-supereffective|p1a: Lucario
|-damage|p1a: Lucario|0 fnt
|faint|p1a: Lucario
|
|
|switch|p1a: Mienshao|Mienshao, M|271\/271
|-damage|p1a: Mienshao|255\/271|[from] Stealth Rock
|turn|25
|
|switch|p2a: Empoleon|Empoleon, F|95\/372
|-damage|p2a: Empoleon|72\/372|[from] Stealth Rock
|move|p1a: Mienshao|Knock Off|p2a: Empoleon
|-damage|p2a: Empoleon|0 fnt
|-enditem|p2a: Empoleon|Leftovers|[from] move: Knock Off|[of] p1a: Mienshao
|faint|p2a: Empoleon
|
|
|switch|p2a: Noivern|Noivern, M|311\/311
|-damage|p2a: Noivern|234\/311|[from] Stealth Rock
|turn|26
|
|switch|p1a: Porygon-Z|Porygon-Z|273\/311
|-damage|p1a: Porygon-Z|235\/311|[from] Stealth Rock
|move|p2a: Noivern|Air Slash|p1a: Porygon-Z
|-damage|p1a: Porygon-Z|40\/311
|
|turn|27
|
|move|p2a: Noivern|Air Slash|p1a: Porygon-Z
|-damage|p1a: Porygon-Z|0 fnt
|faint|p1a: Porygon-Z
|
|
|switch|p1a: Crobat|Crobat, F|363\/373
|-damage|p1a: Crobat|270\/373|[from] Stealth Rock
|turn|28
|
|move|p2a: Noivern|Air Slash|p1a: Crobat
|-crit|p1a: Crobat
|-damage|p1a: Crobat|0 fnt
|faint|p1a: Crobat
|
|c|âDoouchebag|FUCK YOU!!!!
|
|switch|p1a: Swampert|Swampert, F|404\/404
|-damage|p1a: Swampert|379\/404|[from] Stealth Rock
|turn|29
|
|move|p2a: Noivern|Air Slash|p1a: Swampert
|-damage|p1a: Swampert|201\/404
|move|p1a: Swampert|Scald|p2a: Noivern
|-resisted|p2a: Noivern
|-damage|p2a: Noivern|189\/311
|
|-heal|p1a: Swampert|226\/404|[from] item: Leftovers
|turn|30
|leave|Babouchou
|
|move|p2a: Noivern|Air Slash|p1a: Swampert
|-crit|p1a: Swampert
|-damage|p1a: Swampert|0 fnt
|faint|p1a: Swampert
|
|-message|Doouchebag forfeited.
|leave|Doouchebag
|
|win|XxBlodxX
|raw|Ladder updating...
|player|p1
|raw|Doouchebag's rating: 1515 &rarr; <strong>1486<\/strong><br \/>(-29 for losing)
|raw|XxBlodxX's rating: 1363 &rarr; <strong>1391<\/strong><br \/>(+28 for winning)