|join|JohnOrigins
|join|Doouchebag
|player|p1|JohnOrigins|92
|player|p2|Doouchebag|265
|gametype|singles
|gen|6
|tier|UU
|rated
|rule|Sleep Clause Mod: Limit one foe put to sleep
|rule|Species Clause: Limit one of each PokÃ©mon
|rule|OHKO Clause: OHKO moves are banned
|rule|Moody Clause: Moody is banned
|rule|Evasion Moves Clause: Evasion moves are banned
|rule|Endless Battle Clause: Forcing endless battles is banned
|rule|HP Percentage Mod: HP is shown in percentages
|clearpoke
|poke|p1|Machamp, F
|poke|p1|Swampert, F
|poke|p1|Florges, F
|poke|p1|Jirachi
|poke|p1|Crobat, M
|poke|p1|Porygon-Z
|poke|p2|Medicham, F
|poke|p2|Quagsire, F
|poke|p2|Umbreon, M
|poke|p2|Entei, shiny
|poke|p2|Noivern, M
|poke|p2|Forretress, M
|rule|Swagger Clause: Swagger is banned
|rule|Baton Pass Clause: Limit one PokÃ©mon knowing Baton Pass
|teampreview
|
|start
|switch|p1a: Jirachi|Jirachi|341\/341
|switch|p2a: Medicham|Medicham, F|261\/261
|turn|1
|
|detailschange|p2a: Medicham|Medicham-Mega, F
|-mega|p2a: Medicham|Medicham|Medichamite
|move|p2a: Medicham|Fake Out|p1a: Jirachi
|-resisted|p1a: Jirachi
|-damage|p1a: Jirachi|299\/341
|cant|p1a: Jirachi|flinch
|
|turn|2
|
|switch|p2a: Quagsire|Quagsire, F|394\/394
|move|p1a: Jirachi|U-turn|p2a: Quagsire
|-damage|p2a: Quagsire|335\/394
|
|switch|p1a: Swampert|Swampert, F|404\/404
|
|-heal|p2a: Quagsire|359\/394|[from] item: Leftovers
|turn|3
|
|detailschange|p1a: Swampert|Swampert-Mega, F
|-mega|p1a: Swampert|Swampert|Swampertite
|move|p1a: Swampert|Stealth Rock|p2a: Quagsire
|-sidestart|p2: Doouchebag|move: Stealth Rock
|move|p2a: Quagsire|Scald|p1a: Swampert
|-damage|p1a: Swampert|344\/404
|
|-heal|p2a: Quagsire|383\/394|[from] item: Leftovers
|turn|4
|
|move|p1a: Swampert|Earthquake|p2a: Quagsire
|-damage|p2a: Quagsire|218\/394
|move|p2a: Quagsire|Scald|p1a: Swampert
|-damage|p1a: Swampert|281\/404
|
|-heal|p2a: Quagsire|242\/394|[from] item: Leftovers
|turn|5
|
|switch|p1a: Porygon-Z|Porygon-Z|311\/311
|-boost|p1a: Porygon-Z|spa|1|[from] ability: Download
|move|p2a: Quagsire|Recover|p2a: Quagsire
|-heal|p2a: Quagsire|394\/394
|
|turn|6
|
|switch|p2a: Umbreon|Umbreon, M|394\/394
|-damage|p2a: Umbreon|345\/394|[from] Stealth Rock
|move|p1a: Porygon-Z|Tri Attack|p2a: Umbreon
|-damage|p2a: Umbreon|141\/394
|-damage|p1a: Porygon-Z|280\/311|[from] item: Life Orb
|
|-heal|p2a: Umbreon|165\/394|[from] item: Leftovers
|turn|7
|
|move|p1a: Porygon-Z|Agility|p1a: Porygon-Z
|-boost|p1a: Porygon-Z|spe|2
|move|p2a: Umbreon|Foul Play|p1a: Porygon-Z
|-damage|p1a: Porygon-Z|160\/311
|
|-heal|p2a: Umbreon|189\/394|[from] item: Leftovers
|turn|8
|
|move|p1a: Porygon-Z|Tri Attack|p2a: Umbreon
|-damage|p2a: Umbreon|0 fnt
|-damage|p1a: Porygon-Z|129\/311|[from] item: Life Orb
|faint|p2a: Umbreon
|
|
|switch|p2a: Forretress|Forretress, M|354\/354
|-damage|p2a: Forretress|310\/354|[from] Stealth Rock
|turn|9
|
|move|p1a: Porygon-Z|Thunderbolt|p2a: Forretress
|-damage|p2a: Forretress|0 fnt
|-damage|p1a: Porygon-Z|98\/311|[from] item: Life Orb
|faint|p2a: Forretress
|
|
|switch|p2a: Medicham|Medicham-Mega, F|261\/261
|-damage|p2a: Medicham|245\/261|[from] Stealth Rock
|turn|10
|
|switch|p1a: Florges|Florges, F|360\/360
|move|p2a: Medicham|Fake Out|p1a: Florges
|-crit|p1a: Florges
|-damage|p1a: Florges|250\/360
|
|-heal|p1a: Florges|272\/360|[from] item: Leftovers
|turn|11
|
|switch|p2a: Quagsire|Quagsire, F|394\/394
|-damage|p2a: Quagsire|370\/394|[from] Stealth Rock
|move|p1a: Florges|Wish|p1a: Florges
|
|-heal|p1a: Florges|294\/360|[from] item: Leftovers
|-heal|p2a: Quagsire|394\/394|[from] item: Leftovers
|turn|12
|
|switch|p1a: Swampert|Swampert-Mega, F|281\/404
|move|p2a: Quagsire|Earthquake|p1a: Swampert
|-damage|p1a: Swampert|187\/404
|
|-heal|p1a: Swampert|367\/404|[from] move: Wish|[wisher] Florges
|turn|13
|
|switch|p1a: Machamp|Machamp, F|344\/344
|move|p2a: Quagsire|Scald|p1a: Machamp
|-damage|p1a: Machamp|296\/344
|
|turn|14
|
|move|p1a: Machamp|Dynamic Punch|p2a: Quagsire
|-damage|p2a: Quagsire|244\/394
|-start|p2a: Quagsire|confusion
|-activate|p2a: Quagsire|confusion
|-damage|p2a: Quagsire|221\/394|[from] confusion
|
|-heal|p2a: Quagsire|245\/394|[from] item: Leftovers
|turn|15
|
|move|p1a: Machamp|Knock Off|p2a: Quagsire
|-damage|p2a: Quagsire|139\/394
|-enditem|p2a: Quagsire|Leftovers|[from] move: Knock Off|[of] p1a: Machamp
|-end|p2a: Quagsire|confusion
|move|p2a: Quagsire|Recover|p2a: Quagsire
|-heal|p2a: Quagsire|336\/394
|
|turn|16
|
|move|p1a: Machamp|Dynamic Punch|p2a: Quagsire
|-damage|p2a: Quagsire|189\/394
|-start|p2a: Quagsire|confusion
|-activate|p2a: Quagsire|confusion
|move|p2a: Quagsire|Scald|p1a: Machamp
|-damage|p1a: Machamp|247\/344
|-status|p1a: Machamp|brn
|
|-damage|p1a: Machamp|204\/344 brn|[from] brn
|turn|17
|
|switch|p1a: Porygon-Z|Porygon-Z|98\/311
|-boost|p1a: Porygon-Z|spa|1|[from] ability: Download
|-end|p2a: Quagsire|confusion
|move|p2a: Quagsire|Recover|p2a: Quagsire
|-heal|p2a: Quagsire|386\/394
|
|turn|18
|
|move|p1a: Porygon-Z|Tri Attack|p2a: Quagsire
|-damage|p2a: Quagsire|74\/394
|-damage|p1a: Porygon-Z|67\/311|[from] item: Life Orb
|move|p2a: Quagsire|Earthquake|p1a: Porygon-Z
|-damage|p1a: Porygon-Z|0 fnt
|faint|p1a: Porygon-Z
|
|
|switch|p1a: Swampert|Swampert-Mega, F|367\/404
|turn|19
|
|switch|p2a: Noivern|Noivern, M|311\/311
|-damage|p2a: Noivern|234\/311|[from] Stealth Rock
|move|p1a: Swampert|Earthquake|p2a: Noivern
|-immune|p2a: Noivern|[msg]
|
|turn|20
|
|switch|p2a: Entei|Entei, shiny|371\/371
|-damage|p2a: Entei|279\/371|[from] Stealth Rock
|-ability|p2a: Entei|Pressure
|move|p1a: Swampert|Ice Punch|p2a: Entei
|-resisted|p2a: Entei
|-damage|p2a: Entei|221\/371
|
|turn|21
|
|move|p2a: Entei|Sacred Fire|p1a: Swampert
|-resisted|p1a: Swampert
|-damage|p1a: Swampert|246\/404
|-status|p1a: Swampert|brn
|move|p1a: Swampert|Waterfall|p2a: Entei
|-supereffective|p2a: Entei
|-damage|p2a: Entei|15\/371
|
|-damage|p1a: Swampert|196\/404 brn|[from] brn
|turn|22
|-message|Doouchebag forfeited.
|
|win|JohnOrigins
|raw|Ladder updating...
|leave|Doouchebag
|player|p2
|raw|JohnOrigins's rating: 1514 &rarr; <strong>1531<\/strong><br \/>(+17 for winning)
|raw|Doouchebag's rating: 1464 &rarr; <strong>1447<\/strong><br \/>(-17 for losing)