|join|meeowiekins
|join|pelucas
|player|p1|meeowiekins|160
|player|p2|pelucas|170
|gametype|singles
|gen|6
|tier|UU
|rated
|rule|Sleep Clause Mod: Limit one foe put to sleep
|rule|Species Clause: Limit one of each PokÃ©mon
|rule|OHKO Clause: OHKO moves are banned
|rule|Moody Clause: Moody is banned
|rule|Evasion Moves Clause: Evasion moves are banned
|rule|Endless Battle Clause: Forcing endless battles is banned
|rule|HP Percentage Mod: HP is shown in percentages
|clearpoke
|poke|p1|Uxie
|poke|p1|Whimsicott, M
|poke|p1|Haxorus, F
|poke|p1|Exploud, M
|poke|p1|Crobat, M
|poke|p1|Alomomola, F
|poke|p2|Rotom-Mow
|poke|p2|Tentacruel, M
|poke|p2|Gligar, M
|poke|p2|Mienshao, M
|poke|p2|Entei, shiny
|poke|p2|Combusken, F
|rule|Swagger Clause: Swagger is banned
|rule|Baton Pass Clause: Limit one PokÃ©mon knowing Baton Pass
|teampreview
|
|start
|switch|p1a: Uxie|Uxie|354\/354
|switch|p2a: Rotom-Mow|Rotom-Mow|241\/241
|turn|1
|
|move|p2a: Rotom-Mow|Will-O-Wisp|p1a: Uxie
|-status|p1a: Uxie|brn
|move|p1a: Uxie|Stealth Rock|p2a: Rotom-Mow
|-sidestart|p2: pelucas|move: Stealth Rock
|
|-damage|p1a: Uxie|310\/354 brn|[from] brn
|turn|2
|
|switch|p2a: Gligar|Gligar, M|334\/334
|-damage|p2a: Gligar|293\/334|[from] Stealth Rock
|move|p1a: Uxie|U-turn|p2a: Gligar
|-resisted|p2a: Gligar
|-damage|p2a: Gligar|287\/334
|
|switch|p1a: Exploud|Exploud, M|350\/350
|
|turn|3
|
|move|p1a: Exploud|Boomburst|p2a: Gligar
|-damage|p2a: Gligar|16\/334
|move|p2a: Gligar|Earthquake|p1a: Exploud
|-damage|p1a: Exploud|208\/350
|
|turn|4
|
|move|p1a: Exploud|Boomburst|p2a: Gligar
|-damage|p2a: Gligar|0 fnt
|faint|p2a: Gligar
|
|
|switch|p2a: Mienshao|Mienshao, M|271\/271
|-damage|p2a: Mienshao|255\/271|[from] Stealth Rock
|turn|5
|
|switch|p1a: Alomomola|Alomomola, F|471\/471
|move|p2a: Mienshao|U-turn|p1a: Alomomola
|-damage|p1a: Alomomola|405\/471
|
|switch|p2a: Tentacruel|Tentacruel, M|362\/362
|-damage|p2a: Tentacruel|317\/362|[from] Stealth Rock
|
|-heal|p2a: Tentacruel|339\/362|[from] item: Black Sludge
|-heal|p1a: Alomomola|434\/471|[from] item: Leftovers
|turn|6
|
|move|p2a: Tentacruel|Rapid Spin|p1a: Alomomola
|-damage|p1a: Alomomola|425\/471
|-sideend|p2: pelucas|Stealth Rock|[from] move: Rapid Spin|[of] p2a: Tentacruel
|move|p1a: Alomomola|Scald|p2a: Tentacruel
|-resisted|p2a: Tentacruel
|-damage|p2a: Tentacruel|321\/362
|-status|p2a: Tentacruel|brn
|
|-heal|p2a: Tentacruel|343\/362 brn|[from] item: Black Sludge
|-heal|p1a: Alomomola|454\/471|[from] item: Leftovers
|-damage|p2a: Tentacruel|298\/362 brn|[from] brn
|turn|7
|
|move|p2a: Tentacruel|Toxic Spikes|p1a: Alomomola
|-sidestart|p1: meeowiekins|move: Toxic Spikes
|move|p1a: Alomomola|Wish|p1a: Alomomola
|
|-heal|p2a: Tentacruel|320\/362 brn|[from] item: Black Sludge
|-heal|p1a: Alomomola|471\/471|[from] item: Leftovers
|-damage|p2a: Tentacruel|275\/362 brn|[from] brn
|turn|8
|
|switch|p2a: Rotom-Mow|Rotom-Mow|241\/241
|switch|p1a: Exploud|Exploud, M|208\/350
|-status|p1a: Exploud|psn
|
|-heal|p1a: Exploud|350\/350 psn|[from] move: Wish|[wisher] Alomomola
|-damage|p1a: Exploud|307\/350 psn|[from] psn
|turn|9
|
|switch|p1a: Uxie|Uxie|310\/354 brn
|move|p2a: Rotom-Mow|Leaf Storm|p1a: Uxie
|-damage|p1a: Uxie|165\/354 brn
|-unboost|p2a: Rotom-Mow|spa|2
|
|-heal|p1a: Uxie|187\/354 brn|[from] item: Leftovers
|-damage|p1a: Uxie|143\/354 brn|[from] brn
|turn|10
|
|switch|p2a: Tentacruel|Tentacruel, M|275\/362 brn
|move|p1a: Uxie|Thunder Wave|p2a: Tentacruel
|-fail|p2a: Tentacruel
|
|-heal|p2a: Tentacruel|297\/362 brn|[from] item: Black Sludge
|-heal|p1a: Uxie|165\/354 brn|[from] item: Leftovers
|-damage|p2a: Tentacruel|252\/362 brn|[from] brn
|-damage|p1a: Uxie|121\/354 brn|[from] brn
|turn|11
|
|switch|p1a: Crobat|Crobat, M|374\/374
|move|p2a: Tentacruel|Rapid Spin|p1a: Crobat
|-damage|p1a: Crobat|366\/374
|
|-heal|p2a: Tentacruel|274\/362 brn|[from] item: Black Sludge
|-damage|p2a: Tentacruel|229\/362 brn|[from] brn
|turn|12
|
|move|p1a: Crobat|Defog|p2a: Tentacruel
|-unboost|p2a: Tentacruel|evasion|1
|-sideend|p1: meeowiekins|Toxic Spikes|[from] move: Defog|[of] p1a: Crobat
|move|p2a: Tentacruel|Scald|p1a: Crobat
|-damage|p1a: Crobat|276\/374
|-status|p1a: Crobat|brn
|
|-heal|p2a: Tentacruel|251\/362 brn|[from] item: Black Sludge
|-damage|p1a: Crobat|230\/374 brn|[from] brn
|-damage|p2a: Tentacruel|206\/362 brn|[from] brn
|turn|13
|
|move|p1a: Crobat|Brave Bird|p2a: Tentacruel
|-damage|p2a: Tentacruel|113\/362 brn
|-damage|p1a: Crobat|199\/374 brn|[from] recoil|[of] p2a: Tentacruel
|move|p2a: Tentacruel|Toxic Spikes|p1a: Crobat
|-sidestart|p1: meeowiekins|move: Toxic Spikes
|
|-heal|p2a: Tentacruel|135\/362 brn|[from] item: Black Sludge
|-damage|p1a: Crobat|153\/374 brn|[from] brn
|-damage|p2a: Tentacruel|90\/362 brn|[from] brn
|turn|14
|
|switch|p2a: Rotom-Mow|Rotom-Mow|241\/241
|move|p1a: Crobat|Roost|p1a: Crobat
|-heal|p1a: Crobat|340\/374 brn
|
|-damage|p1a: Crobat|294\/374 brn|[from] brn
|turn|15
|
|switch|p1a: Uxie|Uxie|121\/354 brn
|move|p2a: Rotom-Mow|Volt Switch|p1a: Uxie
|-damage|p1a: Uxie|43\/354 brn
|
|switch|p2a: Mienshao|Mienshao, M|255\/271
|
|-heal|p1a: Uxie|65\/354 brn|[from] item: Leftovers
|-damage|p1a: Uxie|21\/354 brn|[from] brn
|turn|16
|
|move|p2a: Mienshao|U-turn|p1a: Uxie
|-supereffective|p1a: Uxie
|-damage|p1a: Uxie|0 fnt
|faint|p1a: Uxie
|
|switch|p2a: Rotom-Mow|Rotom-Mow|241\/241
|
|
|switch|p1a: Exploud|Exploud, M|307\/350 psn
|turn|17
|
|move|p2a: Rotom-Mow|Volt Switch|p1a: Exploud
|-damage|p1a: Exploud|136\/350 psn
|
|switch|p2a: Tentacruel|Tentacruel, M|90\/362 brn
|move|p1a: Exploud|Boomburst|p2a: Tentacruel
|-damage|p2a: Tentacruel|0 fnt
|faint|p2a: Tentacruel
|
|-damage|p1a: Exploud|93\/350 psn|[from] psn
|
|switch|p2a: Mienshao|Mienshao, M|255\/271
|turn|18
|
|switch|p1a: Whimsicott|Whimsicott, M|324\/324
|-status|p1a: Whimsicott|psn
|move|p2a: Mienshao|U-turn|p1a: Whimsicott
|-damage|p1a: Whimsicott|237\/324 psn
|
|switch|p2a: Entei|Entei, shiny|434\/434
|-ability|p2a: Entei|Pressure
|
|-heal|p1a: Whimsicott|257\/324 psn|[from] item: Leftovers
|-damage|p1a: Whimsicott|217\/324 psn|[from] psn
|turn|19
|
|move|p1a: Whimsicott|Tailwind|p1a: Whimsicott
|-sidestart|p1: meeowiekins|move: Tailwind
|move|p2a: Entei|Sacred Fire|p1a: Whimsicott
|-supereffective|p1a: Whimsicott
|-damage|p1a: Whimsicott|0 fnt
|faint|p1a: Whimsicott
|
|
|switch|p1a: Haxorus|Haxorus, F|302\/302
|-status|p1a: Haxorus|psn
|-ability|p1a: Haxorus|Mold Breaker
|-enditem|p1a: Haxorus|Lum Berry|[eat]
|-curestatus|p1a: Haxorus|psn
|turn|20
|
|move|p1a: Haxorus|Outrage|p2a: Entei
|-damage|p2a: Entei|149\/434
|move|p2a: Entei|Sacred Fire|p1a: Haxorus
|-resisted|p1a: Haxorus
|-damage|p1a: Haxorus|210\/302
|-status|p1a: Haxorus|brn
|
|-damage|p1a: Haxorus|173\/302 brn|[from] brn
|turn|21
|
|move|p2a: Entei|Extreme Speed|p1a: Haxorus
|-damage|p1a: Haxorus|61\/302 brn
|move|p1a: Haxorus|Outrage|p2a: Entei
|-damage|p2a: Entei|8\/434
|
|-damage|p1a: Haxorus|24\/302 brn|[from] brn
|turn|22
|
|move|p2a: Entei|Extreme Speed|p1a: Haxorus
|-damage|p1a: Haxorus|0 fnt
|faint|p1a: Haxorus
|
|-sideend|p1: meeowiekins|move: Tailwind
|
|switch|p1a: Crobat|Crobat, M|294\/374 brn
|turn|23
|
|move|p2a: Entei|Extreme Speed|p1a: Crobat
|-damage|p1a: Crobat|183\/374 brn
|move|p1a: Crobat|Roost|p1a: Crobat
|-heal|p1a: Crobat|370\/374 brn
|
|-damage|p1a: Crobat|324\/374 brn|[from] brn
|turn|24
|
|move|p2a: Entei|Extreme Speed|p1a: Crobat
|-damage|p1a: Crobat|209\/374 brn
|move|p1a: Crobat|Defog|p2a: Entei
|-unboost|p2a: Entei|evasion|1
|-sideend|p1: meeowiekins|Toxic Spikes|[from] move: Defog|[of] p1a: Crobat
|
|-damage|p1a: Crobat|163\/374 brn|[from] brn
|turn|25
|
|move|p1a: Crobat|Brave Bird|p2a: Entei
|-damage|p2a: Entei|0 fnt
|-damage|p1a: Crobat|160\/374 brn|[from] recoil|[of] p2a: Entei
|faint|p2a: Entei
|
|-damage|p1a: Crobat|114\/374 brn|[from] brn
|
|switch|p2a: Mienshao|Mienshao, M|255\/271
|turn|26
|c|âpelucas|i like your team man
|
|switch|p1a: Alomomola|Alomomola, F|471\/471
|move|p2a: Mienshao|Knock Off|p1a: Alomomola
|-damage|p1a: Alomomola|380\/471
|-enditem|p1a: Alomomola|Leftovers|[from] move: Knock Off|[of] p2a: Mienshao
|
|turn|27
|c|âmeeowiekins|thanks
|
|switch|p2a: Rotom-Mow|Rotom-Mow|241\/241
|move|p1a: Alomomola|Toxic|p2a: Rotom-Mow
|-status|p2a: Rotom-Mow|tox
|
|-damage|p2a: Rotom-Mow|226\/241 tox|[from] psn
|turn|28
|
|move|p1a: Alomomola|Protect|p1a: Alomomola
|-singleturn|p1a: Alomomola|Protect
|move|p2a: Rotom-Mow|Volt Switch|p1a: Alomomola
|-activate|p1a: Alomomola|Protect
|
|-damage|p2a: Rotom-Mow|196\/241 tox|[from] psn
|turn|29
|
|move|p2a: Rotom-Mow|Volt Switch|p1a: Alomomola
|-crit|p1a: Alomomola
|-supereffective|p1a: Alomomola
|-damage|p1a: Alomomola|0 fnt
|faint|p1a: Alomomola
|c|âmeeowiekins|:\/
|
|switch|p2a: Mienshao|Mienshao, M|255\/271
|
|
|switch|p1a: Exploud|Exploud, M|93\/350 psn
|turn|30
|c|âpelucas|i was specs i wonder if you would of survived
|c|âmeeowiekins|252 SpA Choice Specs Rotom-C Volt Switch vs. 232 HP \/ 252 SpD Alomomola: 372-438 (70.3 - 82.7%)
|c|âpelucas|sorry if it mattered though :l
|c|âmeeowiekins|i run a bit of hp too
|c|âmeeowiekins|so unless modest it mattered
|c|âmeeowiekins|its w\/e tho
|c|âpelucas|yea ur right
|c|âpelucas|i was timid
|c|âmeeowiekins|still a longshot to win
|
|move|p2a: Mienshao|Knock Off|p1a: Exploud
|-damage|p1a: Exploud|0 fnt
|-enditem|p1a: Exploud|Choice Specs|[from] move: Knock Off|[of] p2a: Mienshao
|faint|p1a: Exploud
|
|
|switch|p1a: Crobat|Crobat, M|114\/374 brn
|turn|31
|
|move|p2a: Mienshao|Knock Off|p1a: Crobat
|-damage|p1a: Crobat|0 fnt
|-enditem|p1a: Crobat|Sky Plate|[from] move: Knock Off|[of] p2a: Mienshao
|faint|p1a: Crobat
|
|win|pelucas
|raw|Ladder updating...
|raw|meeowiekins's rating: 1501 &rarr; <strong>1479<\/strong><br \/>(-22 for losing)
|raw|pelucas's rating: 1464 &rarr; <strong>1487<\/strong><br \/>(+23 for winning)
|c|âmeeowiekins|gg
|c|âpelucas|gg
|leave|meeowiekins
|player|p1