|join|meeowiekins
|join|Mydonut
|player|p1|meeowiekins|160
|player|p2|Mydonut|153
|gametype|singles
|gen|6
|tier|UU
|rule|Sleep Clause Mod: Limit one foe put to sleep
|rule|Species Clause: Limit one of each PokÃ©mon
|rule|OHKO Clause: OHKO moves are banned
|rule|Moody Clause: Moody is banned
|rule|Evasion Moves Clause: Evasion moves are banned
|rule|Endless Battle Clause: Forcing endless battles is banned
|rule|HP Percentage Mod: HP is shown in percentages
|clearpoke
|poke|p1|Shedinja
|poke|p1|Xatu, F
|poke|p1|Tentacruel, F
|poke|p1|Krookodile, M
|poke|p1|Aromatisse, M
|poke|p1|Rotom-Heat
|poke|p2|Cacturne, F, shiny
|poke|p2|Aggron, F, shiny
|poke|p2|Vaporeon, M
|poke|p2|Nidoking, M, shiny
|poke|p2|Crobat, F
|poke|p2|Raikou, shiny
|rule|Swagger Clause: Swagger is banned
|rule|Baton Pass Clause: Limit one PokÃ©mon knowing Baton Pass
|teampreview
|c|âmeeowiekins|oml
|join|roast toast
|join|pokeraintpoop
|join|timethyme
|c|âmeeowiekins|this still isnt finals
|c|âmeeowiekins|jesus
|join|Nervous System
|join|thunderkid blitz
|
|start
|switch|p1a: Rotom-Heat|Rotom-Heat|241\/241
|switch|p2a: Vaporeon|Vaporeon, M|464\/464
|turn|1
|
|move|p2a: Vaporeon|Detect|p2a: Vaporeon
|-singleturn|p2a: Vaporeon|Protect
|move|p1a: Rotom-Heat|Volt Switch|p2a: Vaporeon
|-activate|p2a: Vaporeon|Protect
|
|turn|2
|c| roast toast|hipster
|
|switch|p1a: Krookodile|Krookodile, M|332\/332
|switch|p2a: Nidoking|Nidoking, M, shiny|303\/303
|
|turn|3
|c| Nervous System|Hahahaha
|join|so dynamic
|
|switch|p2a: Vaporeon|Vaporeon, M|464\/464
|move|p1a: Krookodile|Knock Off|p2a: Vaporeon
|-damage|p2a: Vaporeon|292\/464
|-enditem|p2a: Vaporeon|Leftovers|[from] move: Knock Off|[of] p1a: Krookodile
|
|turn|4
|
|switch|p1a: Tentacruel|Tentacruel, F|364\/364
|move|p2a: Vaporeon|Baton Pass|p2a: Vaporeon
|join|ANGER MANAGEMENT
|
|switch|p2a: Nidoking|Nidoking, M, shiny|303\/303
|
|turn|5
|
|switch|p1a: Rotom-Heat|Rotom-Heat|241\/241
|move|p2a: Nidoking|Earth Power|p1a: Rotom-Heat
|-immune|p1a: Rotom-Heat|[msg]
|
|turn|6
|c| so dynamic|fire blast nidoking here
|c| so dynamic|o
|join|Meruu
|c|âmeeowiekins|i get bopped by that
|c|âmeeowiekins|far too often
|
|switch|p2a: Vaporeon|Vaporeon, M|292\/464
|move|p1a: Rotom-Heat|Overheat|p2a: Vaporeon
|-crit|p2a: Vaporeon
|-resisted|p2a: Vaporeon
|-damage|p2a: Vaporeon|45\/464
|-unboost|p1a: Rotom-Heat|spa|2
|
|turn|7
|c| so dynamic|thats so pointless on it though
|c|âmeeowiekins|ik
|
|switch|p1a: Â¯\_(ã)_\/Â¯|Shedinja|1\/1
|switch|p2a: Raikou|Raikou, shiny|322\/322
|-ability|p2a: Raikou|Pressure
|
|turn|8
|
|move|p1a: Â¯\_(ã)_\/Â¯|Protect|p1a: Â¯\_(ã)_\/Â¯
|-singleturn|p1a: Â¯\_(ã)_\/Â¯|Protect
|move|p2a: Raikou|Shadow Ball|p1a: Â¯\_(ã)_\/Â¯
|-activate|p1a: Â¯\_(ã)_\/Â¯|Protect
|
|turn|9
|c| so dynamic|the most 
|
|switch|p1a: Aromatisse|Aromatisse, M|406\/406
|move|p2a: Raikou|Volt Switch|p1a: Aromatisse
|-damage|p1a: Aromatisse|279\/406
|c| roast toast|stay in
|c| so dynamic|random stuff just screws over shed
|c|âmeeowiekins|^
|
|switch|p2a: Aggron|Aggron, F, shiny|344\/344
|
|-heal|p1a: Aromatisse|304\/406|[from] item: Leftovers
|turn|10
|c|âmeeowiekins|thats why i have protect
|
|switch|p1a: Rotom-Heat|Rotom-Heat|241\/241
|detailschange|p2a: Aggron|Aggron-Mega, F, shiny
|message|Aggron has Mega Evolved into Mega Aggron!
|move|p2a: Aggron|Stealth Rock|p1a: Rotom-Heat
|-sidestart|p1: meeowiekins|move: Stealth Rock
|
|turn|11
|join|big schlong mcdong
|c| pokeraintpoop|steal rocks n roar is pre hard
|
|switch|p2a: Vaporeon|Vaporeon, M|45\/464
|move|p1a: Rotom-Heat|Overheat|p2a: Vaporeon
|-resisted|p2a: Vaporeon
|-damage|p2a: Vaporeon|0 fnt
|-unboost|p1a: Rotom-Heat|spa|2
|faint|p2a: Vaporeon
|
|c| pokeraintpoop|stealth
|c|âmeeowiekins|aggron is such an awkward mon for this team to deal with
|
|switch|p2a: Raikou|Raikou, shiny|322\/322
|-ability|p2a: Raikou|Pressure
|turn|12
|join|silverbackkap
|
|move|p2a: Raikou|Aura Sphere|p1a: Rotom-Heat
|-damage|p1a: Rotom-Heat|152\/241
|move|p1a: Rotom-Heat|Overheat|p2a: Raikou
|-damage|p2a: Raikou|214\/322
|-unboost|p1a: Rotom-Heat|spa|2
|
|turn|13
|join|Volbeatdown
|leave|silverbackkap
|
|switch|p1a: Aromatisse|Aromatisse, M|304\/406
|-damage|p1a: Aromatisse|254\/406|[from] Stealth Rock
|move|p2a: Raikou|Volt Switch|p1a: Aromatisse
|-damage|p1a: Aromatisse|121\/406
|c| Volbeatdown|meeowiekins
|
|switch|p2a: Nidoking|Nidoking, M, shiny|303\/303
|
|-heal|p1a: Aromatisse|146\/406|[from] item: Leftovers
|turn|14
|join|silverbackkap
|c|âmeeowiekins|yo
|c| Volbeatdown|im bring rampardos next time
|c|âmeeowiekins|suicide lead
|c|âmeeowiekins|?
|
|move|p1a: Aromatisse|Protect|p1a: Aromatisse
|-singleturn|p1a: Aromatisse|Protect
|move|p2a: Nidoking|Poison Jab|p1a: Aromatisse
|-activate|p1a: Aromatisse|Protect
|
|-heal|p1a: Aromatisse|171\/406|[from] item: Leftovers
|turn|15
|c| Volbeatdown|mold breaker Stealth Rocks
|c| Volbeatdown|tbh
|join|Bassy To
|leave|Bassy To
|
|move|p2a: Nidoking|Earth Power|p1a: Aromatisse
|-damage|p1a: Aromatisse|7\/406
|move|p1a: Aromatisse|Wish|p1a: Aromatisse
|
|-heal|p1a: Aromatisse|32\/406|[from] item: Leftovers
|turn|16
|
|move|p1a: Aromatisse|Protect|p1a: Aromatisse
|-singleturn|p1a: Aromatisse|Protect
|move|p2a: Nidoking|Poison Jab|p1a: Aromatisse
|-activate|p1a: Aromatisse|Protect
|
|-heal|p1a: Aromatisse|235\/406|[from] move: Wish|[wisher] Aromatisse
|-heal|p1a: Aromatisse|260\/406|[from] item: Leftovers
|turn|17
|join|tolstoy
|c| tolstoy|oh
|c| tolstoy|OH
|c| tolstoy|NICE SHEDINJA
|c| pokeraintpoop|nidomixed?
|c|âmeeowiekins|hi dmt
|c| tolstoy|hi
|c|âMydonut|yep
|c| so dynamic|ice beam here
|c| tolstoy|I need to make another team
|
|switch|p1a: Xatu|Xatu, F|271\/271
|-damage|p1a: Xatu|204\/271|[from] Stealth Rock
|move|p2a: Nidoking|Poison Jab|p1a: Xatu
|-damage|p1a: Xatu|0 fnt
|faint|p1a: Xatu
|
|
|switch|p1a: Krookodile|Krookodile, M|332\/332
|-damage|p1a: Krookodile|312\/332|[from] Stealth Rock
|turn|18
|c| roast toast|._.
|c| roast toast|stay in
|
|switch|p2a: Crobat|Crobat, F|321\/321
|move|p1a: Krookodile|Earthquake|p2a: Crobat
|-immune|p2a: Crobat|[msg]
|
|turn|19
|
|switch|p1a: Aromatisse|Aromatisse, M|260\/406
|-damage|p1a: Aromatisse|210\/406|[from] Stealth Rock
|move|p2a: Crobat|U-turn|p1a: Aromatisse
|-resisted|p1a: Aromatisse
|-damage|p1a: Aromatisse|181\/406
|c| Volbeatdown|meowie confirmed terribad
|c| Volbeatdown|tbh
|
|switch|p2a: Nidoking|Nidoking, M, shiny|303\/303
|
|-heal|p1a: Aromatisse|206\/406|[from] item: Leftovers
|turn|20
|
|switch|p1a: Krookodile|Krookodile, M|312\/332
|-damage|p1a: Krookodile|292\/332|[from] Stealth Rock
|move|p2a: Nidoking|Earth Power|p1a: Krookodile
|-damage|p1a: Krookodile|93\/332
|
|turn|21
|c|âmeeowiekins|STAHP
|c| Volbeatdown|oml
|
|switch|p2a: Cacturne|Cacturne, F, shiny|282\/282
|move|p1a: Krookodile|Earthquake|p2a: Cacturne
|-resisted|p2a: Cacturne
|-damage|p2a: Cacturne|166\/282
|
|turn|22
|
|switch|p1a: Tentacruel|Tentacruel, F|364\/364
|-damage|p1a: Tentacruel|319\/364|[from] Stealth Rock
|move|p2a: Cacturne|Sucker Punch|p1a: Tentacruel
|-fail|p1a: Tentacruel
|
|-heal|p1a: Tentacruel|341\/364|[from] item: Black Sludge
|turn|23
|c| Volbeatdown|if he sds
|c| Volbeatdown|oh
|c| Volbeatdown|what
|c| Volbeatdown|why
|
|move|p1a: Tentacruel|Rapid Spin|p2a: Cacturne
|-crit|p2a: Cacturne
|-damage|p2a: Cacturne|138\/282
|-sideend|p1: meeowiekins|Stealth Rock|[from] move: Rapid Spin|[of] p1a: Tentacruel
|move|p2a: Cacturne|Seed Bomb|p1a: Tentacruel
|-damage|p1a: Tentacruel|82\/364
|-damage|p2a: Cacturne|110\/282|[from] item: Life Orb
|
|-heal|p1a: Tentacruel|104\/364|[from] item: Black Sludge
|turn|24
|
|switch|p1a: Â¯\_(ã)_\/Â¯|Shedinja|1\/1
|move|p2a: Cacturne|Sucker Punch|p1a: Â¯\_(ã)_\/Â¯
|-fail|p1a: Â¯\_(ã)_\/Â¯
|
|turn|25
|c| roast toast|dmg tbh
|
|switch|p2a: Crobat|Crobat, F|321\/321
|move|p1a: Â¯\_(ã)_\/Â¯|Swords Dance|p1a: Â¯\_(ã)_\/Â¯
|-boost|p1a: Â¯\_(ã)_\/Â¯|atk|2
|
|turn|26
|join|Dad's Dad
|c| Volbeatdown|toxic cacturne
|c| so dynamic|ogre
|c| roast toast|aww
|
|switch|p1a: Aromatisse|Aromatisse, M|206\/406
|move|p2a: Crobat|Brave Bird|p1a: Aromatisse
|-damage|p1a: Aromatisse|62\/406
|-damage|p2a: Crobat|273\/321|[from] recoil|[of] p1a: Aromatisse
|
|-heal|p2a: Crobat|293\/321|[from] item: Black Sludge
|-heal|p1a: Aromatisse|87\/406|[from] item: Leftovers
|turn|27
|c| so dynamic|didnt u win if u just stayed in
|
|move|p1a: Aromatisse|Protect|p1a: Aromatisse
|-singleturn|p1a: Aromatisse|Protect
|move|p2a: Crobat|Brave Bird|p1a: Aromatisse
|-activate|p1a: Aromatisse|Protect
|
|-heal|p2a: Crobat|313\/321|[from] item: Black Sludge
|-heal|p1a: Aromatisse|112\/406|[from] item: Leftovers
|turn|28
|c|âmeeowiekins|n
|c| so dynamic|i mean
|c| thunderkid blitz|double protect here
|
|move|p1a: Aromatisse|Protect|p1a: Aromatisse
|-fail|p1a: Aromatisse
|move|p2a: Crobat|Brave Bird|p1a: Aromatisse
|-damage|p1a: Aromatisse|0 fnt
|-damage|p2a: Crobat|276\/321|[from] recoil|[of] p1a: Aromatisse
|faint|p1a: Aromatisse
|
|-heal|p2a: Crobat|296\/321|[from] item: Black Sludge
|c| so dynamic|dont u kill kou at +2
|c|âmeeowiekins|not even close
|c| so dynamic|o
|c| roast toast|i don't think it 2hkoes bat
|
|switch|p1a: Rotom-Heat|Rotom-Heat|152\/241
|turn|29
|leave|pokeraintpoop
|
|move|p2a: Crobat|U-turn|p1a: Rotom-Heat
|-resisted|p1a: Rotom-Heat
|-damage|p1a: Rotom-Heat|120\/241
|
|switch|p2a: Raikou|Raikou, shiny|214\/322
|-ability|p2a: Raikou|Pressure
|move|p1a: Rotom-Heat|Overheat|p2a: Raikou
|-damage|p2a: Raikou|0 fnt
|-unboost|p1a: Rotom-Heat|spa|2
|faint|p2a: Raikou
|
|
|switch|p2a: Nidoking|Nidoking, M, shiny|303\/303
|turn|30
|
|switch|p1a: Â¯\_(ã)_\/Â¯|Shedinja|1\/1
|move|p2a: Nidoking|Poison Jab|p1a: Â¯\_(ã)_\/Â¯
|-activate|p1a: Â¯\_(ã)_\/Â¯|ability: Wonder Guard
|
|turn|31
|
|switch|p2a: Crobat|Crobat, F|296\/321
|move|p1a: Â¯\_(ã)_\/Â¯|Swords Dance|p1a: Â¯\_(ã)_\/Â¯
|-boost|p1a: Â¯\_(ã)_\/Â¯|atk|2
|
|-heal|p2a: Crobat|316\/321|[from] item: Black Sludge
|turn|32
|
|switch|p1a: Tentacruel|Tentacruel, F|104\/364
|move|p2a: Crobat|Brave Bird|p1a: Tentacruel
|-damage|p1a: Tentacruel|0 fnt
|-damage|p2a: Crobat|282\/321|[from] recoil|[of] p1a: Tentacruel
|faint|p1a: Tentacruel
|
|-heal|p2a: Crobat|302\/321|[from] item: Black Sludge
|
|switch|p1a: Rotom-Heat|Rotom-Heat|120\/241
|turn|33
|
|move|p2a: Crobat|Brave Bird|p1a: Rotom-Heat
|-resisted|p1a: Rotom-Heat
|-damage|p1a: Rotom-Heat|48\/241
|-damage|p2a: Crobat|278\/321|[from] recoil|[of] p1a: Rotom-Heat
|move|p1a: Rotom-Heat|Overheat|p2a: Crobat
|-damage|p2a: Crobat|0 fnt
|-unboost|p1a: Rotom-Heat|spa|2
|faint|p2a: Crobat
|
|
|switch|p2a: Aggron|Aggron-Mega, F, shiny|344\/344
|turn|34
|c| roast toast|c-comeback
|
|switch|p1a: Â¯\_(ã)_\/Â¯|Shedinja|1\/1
|move|p2a: Aggron|Stealth Rock|p1a: Â¯\_(ã)_\/Â¯
|-sidestart|p1: meeowiekins|move: Stealth Rock
|
|turn|35
|c|âmeeowiekins|please
|c|âmeeowiekins|dont have
|c|âmeeowiekins|roar
|c|âMydonut|nope
|c|âmeeowiekins|pleassssssssssssssssssssssssssssse
|
|move|p1a: Â¯\_(ã)_\/Â¯|Swords Dance|p1a: Â¯\_(ã)_\/Â¯
|-boost|p1a: Â¯\_(ã)_\/Â¯|atk|2
|move|p2a: Aggron|Toxic|p1a: Â¯\_(ã)_\/Â¯
|-status|p1a: Â¯\_(ã)_\/Â¯|tox
|
|-damage|p1a: Â¯\_(ã)_\/Â¯|0 fnt|[from] psn
|faint|p1a: Â¯\_(ã)_\/Â¯
|c| roast toast|dtail
|c|âMydonut|better
|c|+ANGER MANAGEMENT|lo
|c|âmeeowiekins|ofc
|c|âmeeowiekins|ofc
|c|âmeeowiekins|ofc
|c|+ANGER MANAGEMENT|l
|c| so dynamic|g_g
|c|âmeeowiekins|ofc
|c| thunderkid blitz|lol
|
|switch|p1a: Rotom-Heat|Rotom-Heat|48\/241
|-damage|p1a: Rotom-Heat|0 fnt|[from] Stealth Rock
|faint|p1a: Rotom-Heat
|
|switch|p1a: Krookodile|Krookodile, M|93\/332
|-damage|p1a: Krookodile|73\/332|[from] Stealth Rock
|turn|36
|c|âmeeowiekins|gg
|
|move|p1a: Krookodile|Earthquake|p2a: Aggron
|-supereffective|p2a: Aggron
|-damage|p2a: Aggron|235\/344
|move|p2a: Aggron|Heavy Slam|p1a: Krookodile
|-damage|p1a: Krookodile|0 fnt
|faint|p1a: Krookodile
|
|win|Mydonut
|c|âMydonut|gg
|c|âmeeowiekins|gdi
|leave|so dynamic
|leave|Nervous System
|leave|roast toast
|c|âmeeowiekins|toxic
|leave|ANGER MANAGEMENT
|leave|thunderkid blitz
|leave|Mydonut
|player|p2
|leave|meeowiekins
|player|p1
|leave|Meruu
|leave|silverbackkap
|leave|Volbeatdown
|join|yanultimate
|leave|DMT
|leave|big schlong mcdong
|leave|timethyme