|join|meeowiekins
|join|BasedAaron
|player|p1|meeowiekins|160
|player|p2|BasedAaron|66
|gametype|singles
|gen|6
|tier|UU
|rule|Sleep Clause Mod: Limit one foe put to sleep
|rule|Species Clause: Limit one of each PokÃ©mon
|rule|OHKO Clause: OHKO moves are banned
|rule|Moody Clause: Moody is banned
|rule|Evasion Moves Clause: Evasion moves are banned
|rule|Endless Battle Clause: Forcing endless battles is banned
|rule|HP Percentage Mod: HP is reported as percentages
|clearpoke
|poke|p1|Lucario, M
|poke|p1|Infernape, M
|poke|p1|Azelf
|poke|p1|Crobat, M
|poke|p1|Blastoise, F
|poke|p1|Flygon, F
|poke|p2|Haxorus, M
|poke|p2|Jirachi
|poke|p2|Blissey, F
|poke|p2|Lucario, M
|poke|p2|Swampert, M
|poke|p2|Crobat, M
|rule|Swagger Clause: Swagger is banned
|rule|Baton Pass Clause: Limit one PokÃ©mon knowing Baton Pass
|teampreview
|chat|BasedAaron|gl hf
|join|Duskt70
|join|Vyld
|
|start
|switch|p1a: Azelf|Azelf|292\/292
|switch|p2a: Swampert|Swampert, M|401\/401
|turn|1
|
|switch|p2a: Jirachi|Jirachi|341\/341
|move|p1a: Azelf|Taunt|p2a: Jirachi
|-start|p2a: Jirachi|move: Taunt
|
|turn|2
|
|move|p2a: Jirachi|Body Slam|p1a: Azelf
|-damage|p1a: Azelf|177\/292
|-status|p1a: Azelf|par
|move|p1a: Azelf|Knock Off|p2a: Jirachi
|-supereffective|p2a: Jirachi
|-damage|p2a: Jirachi|113\/341
|-enditem|p2a: Jirachi|Choice Scarf|[from] move: Knock Off|[of] p1a: Azelf
|
|turn|3
|
|switch|p2a: Lucario|Lucario, M|281\/281
|switch|p1a: Infernape|Infernape, M|293\/293
|
|turn|4
|
|switch|p2a: Crobat|Crobat, M|331\/331
|move|p1a: Infernape|Flare Blitz|p2a: Crobat
|-damage|p2a: Crobat|35\/331
|-damage|p1a: Infernape|195\/293|[from] recoil|[of] p2a: Crobat
|-damage|p1a: Infernape|166\/293|[from] item: Life Orb
|
|turn|5
|
|switch|p1a: Azelf|Azelf|177\/292 par
|move|p2a: Crobat|Brave Bird|p1a: Azelf
|-damage|p1a: Azelf|0 fnt
|-damage|p2a: Crobat|0 fnt|[from] recoil|[of] p1a: Azelf
|faint|p1a: Azelf
|faint|p2a: Crobat
|
|
|switch|p1a: Infernape|Infernape, M|166\/293
|switch|p2a: Blissey|Blissey, F|714\/714
|turn|6
|
|switch|p2a: Swampert|Swampert, M|401\/401
|move|p1a: Infernape|Close Combat|p2a: Swampert
|-damage|p2a: Swampert|205\/401
|-unboost|p1a: Infernape|def|1
|-unboost|p1a: Infernape|spd|1
|-damage|p1a: Infernape|137\/293|[from] item: Life Orb
|
|-heal|p2a: Swampert|230\/401|[from] item: Leftovers
|turn|7
|
|switch|p2a: Jirachi|Jirachi|113\/341
|move|p1a: Infernape|Grass Knot|p2a: Jirachi
|-crit|p2a: Jirachi
|-resisted|p2a: Jirachi
|-damage|p2a: Jirachi|96\/341
|-damage|p1a: Infernape|108\/293|[from] item: Life Orb
|
|turn|8
|chat|Duskt70|these switches
|
|move|p1a: Infernape|Close Combat|p2a: Jirachi
|-damage|p2a: Jirachi|0 fnt
|-unboost|p1a: Infernape|def|1
|-unboost|p1a: Infernape|spd|1
|-damage|p1a: Infernape|79\/293|[from] item: Life Orb
|faint|p2a: Jirachi
|
|
|switch|p2a: Lucario|Lucario, M|281\/281
|turn|9
|
|switch|p1a: Crobat|Crobat, M|325\/325
|move|p2a: Lucario|Extreme Speed|p1a: Crobat
|-damage|p1a: Crobat|178\/325
|-damage|p2a: Lucario|253\/281|[from] item: Life Orb
|
|turn|10
|
|switch|p2a: Blissey|Blissey, F|714\/714
|move|p1a: Crobat|Brave Bird|p2a: Blissey
|-damage|p2a: Blissey|275\/714
|-damage|p1a: Crobat|33\/325|[from] recoil|[of] p2a: Blissey
|
|-heal|p2a: Blissey|319\/714|[from] item: Leftovers
|turn|11
|
|switch|p2a: Swampert|Swampert, M|230\/401
|move|p1a: Crobat|Brave Bird|p2a: Swampert
|-damage|p2a: Swampert|53\/401
|-damage|p1a: Crobat|0 fnt|[from] recoil|[of] p2a: Swampert
|faint|p1a: Crobat
|
|-heal|p2a: Swampert|78\/401|[from] item: Leftovers
|leave|Duskt70
|
|switch|p1a: Infernape|Infernape, M|79\/293
|turn|12
|
|move|p1a: Infernape|Close Combat|p2a: Swampert
|-crit|p2a: Swampert
|-damage|p2a: Swampert|0 fnt
|-unboost|p1a: Infernape|def|1
|-unboost|p1a: Infernape|spd|1
|-damage|p1a: Infernape|50\/293|[from] item: Life Orb
|faint|p2a: Swampert
|
|leave|Vyld
|
|switch|p2a: Haxorus|Haxorus, M|331\/331
|-ability|p2a: Haxorus|Mold Breaker
|turn|13
|
|move|p1a: Infernape|Close Combat|p2a: Haxorus
|-damage|p2a: Haxorus|84\/331
|-unboost|p1a: Infernape|def|1
|-unboost|p1a: Infernape|spd|1
|-damage|p1a: Infernape|21\/293|[from] item: Life Orb
|move|p2a: Haxorus|Dragon Dance|p2a: Haxorus
|-boost|p2a: Haxorus|atk|1
|-boost|p2a: Haxorus|spe|1
|
|turn|14
|
|move|p2a: Haxorus|Earthquake|p1a: Infernape
|-supereffective|p1a: Infernape
|-damage|p1a: Infernape|0 fnt
|faint|p1a: Infernape
|
|
|switch|p1a: Flygon|Flygon, F|301\/301
|turn|15
|
|switch|p2a: Blissey|Blissey, F|319\/714
|move|p1a: Flygon|Earthquake|p2a: Blissey
|-damage|p2a: Blissey|42\/714
|
|-heal|p2a: Blissey|86\/714|[from] item: Leftovers
|turn|16
|
|move|p1a: Flygon|Earthquake|p2a: Blissey
|-damage|p2a: Blissey|0 fnt
|faint|p2a: Blissey
|
|
|switch|p2a: Haxorus|Haxorus, M|84\/331
|-ability|p2a: Haxorus|Mold Breaker
|turn|17
|
|move|p1a: Flygon|Earthquake|p2a: Haxorus
|-damage|p2a: Haxorus|0 fnt
|faint|p2a: Haxorus
|
|chat|BasedAaron|gg
|chat|meeowiekins|gg
|
|switch|p2a: Lucario|Lucario, M|253\/281
|turn|18
|
|move|p1a: Flygon|Earthquake|p2a: Lucario
|-supereffective|p2a: Lucario
|-damage|p2a: Lucario|0 fnt
|faint|p2a: Lucario
|
|win|meeowiekins
|leave|meeowiekins
|player|p1