|join|Mohammad
|join|meeowiekins
|player|p1|Mohammad|169
|player|p2|meeowiekins|160
|gametype|singles
|gen|6
|tier|UU
|rated
|rule|Sleep Clause Mod: Limit one foe put to sleep
|rule|Species Clause: Limit one of each PokÃ©mon
|rule|OHKO Clause: OHKO moves are banned
|rule|Moody Clause: Moody is banned
|rule|Evasion Moves Clause: Evasion moves are banned
|rule|Endless Battle Clause: Forcing endless battles is banned
|rule|HP Percentage Mod: HP is shown in percentages
|clearpoke
|poke|p1|Forretress, F, shiny
|poke|p1|Porygon2, shiny
|poke|p1|Jirachi, shiny
|poke|p1|Blastoise, M, shiny
|poke|p1|Haxorus, F, shiny
|poke|p1|Yanmega, M, shiny
|poke|p2|Lucario, F
|poke|p2|Infernape, F
|poke|p2|Azelf
|poke|p2|Crobat, F
|poke|p2|Blastoise, F
|poke|p2|Flygon, M
|rule|Swagger Clause: Swagger is banned
|rule|Baton Pass Clause: Limit one PokÃ©mon knowing Baton Pass
|teampreview
|
|start
|switch|p1a: Blastoise|Blastoise, M, shiny|362\/362
|switch|p2a: Infernape|Infernape, F|293\/293
|turn|1
|
|switch|p2a: Blastoise|Blastoise, F|362\/362
|detailschange|p1a: Blastoise|Blastoise-Mega, M, shiny
|message|Blastoise has Mega Evolved into Mega Blastoise!
|move|p1a: Blastoise|Water Pulse|p2a: Blastoise
|-crit|p2a: Blastoise
|-resisted|p2a: Blastoise
|-damage|p2a: Blastoise|224\/362
|
|turn|2
|
|detailschange|p2a: Blastoise|Blastoise-Mega, F
|message|Blastoise has Mega Evolved into Mega Blastoise!
|move|p2a: Blastoise|Dark Pulse|p1a: Blastoise
|-damage|p1a: Blastoise|245\/362
|move|p1a: Blastoise|Aura Sphere|p2a: Blastoise
|-damage|p2a: Blastoise|82\/362
|
|turn|3
|
|move|p1a: Blastoise|Aura Sphere|p2a: Blastoise
|-damage|p2a: Blastoise|0 fnt
|faint|p2a: Blastoise
|
|
|switch|p2a: Crobat|Crobat, F|323\/323
|turn|4
|
|move|p2a: Crobat|U-turn|p1a: Blastoise
|-damage|p1a: Blastoise|162\/362
|
|switch|p2a: Azelf|Azelf|292\/292
|move|p1a: Blastoise|Water Pulse|p2a: Azelf
|-damage|p2a: Azelf|61\/292
|
|turn|5
|
|move|p2a: Azelf|Stealth Rock|p1a: Blastoise
|-sidestart|p1: Mohammad|move: Stealth Rock
|move|p1a: Blastoise|Dark Pulse|p2a: Azelf
|-supereffective|p2a: Azelf
|-damage|p2a: Azelf|0 fnt
|faint|p2a: Azelf
|
|
|switch|p2a: Infernape|Infernape, F|293\/293
|turn|6
|
|move|p2a: Infernape|Grass Knot|p1a: Blastoise
|-supereffective|p1a: Blastoise
|-damage|p1a: Blastoise|0 fnt
|-damage|p2a: Infernape|264\/293|[from] item: Life Orb
|faint|p1a: Blastoise
|
|
|switch|p1a: Haxorus|Haxorus, F, shiny|324\/324
|-damage|p1a: Haxorus|284\/324|[from] Stealth Rock
|-ability|p1a: Haxorus|Mold Breaker
|turn|7
|
|switch|p2a: Crobat|Crobat, F|323\/323
|move|p1a: Haxorus|Dragon Dance|p1a: Haxorus
|-boost|p1a: Haxorus|atk|1
|-boost|p1a: Haxorus|spe|1
|
|-heal|p1a: Haxorus|304\/324|[from] item: Leftovers
|turn|8
|
|move|p1a: Haxorus|Outrage|p2a: Crobat
|-damage|p2a: Crobat|0 fnt
|faint|p2a: Crobat
|
|-heal|p1a: Haxorus|324\/324|[from] item: Leftovers
|
|switch|p2a: Flygon|Flygon, M|301\/301
|turn|9
|
|move|p2a: Flygon|Outrage|p1a: Haxorus
|-supereffective|p1a: Haxorus
|-damage|p1a: Haxorus|0 fnt
|faint|p1a: Haxorus
|
|
|switch|p1a: Jirachi|Jirachi, shiny|397\/397
|-damage|p1a: Jirachi|373\/397|[from] Stealth Rock
|turn|10
|
|move|p2a: Flygon|Outrage|p1a: Jirachi
|-resisted|p1a: Jirachi
|-damage|p1a: Jirachi|289\/397
|move|p1a: Jirachi|Iron Head|p2a: Flygon
|-damage|p2a: Flygon|138\/301
|
|-end|p2a: Flygon|rampage
|-start|p2a: Flygon|confusion
|-heal|p1a: Jirachi|313\/397|[from] item: Leftovers
|turn|11
|
|switch|p2a: Lucario|Lucario, F|281\/281
|move|p1a: Jirachi|Zen Headbutt|p2a: Lucario
|-damage|p2a: Lucario|109\/281
|
|-heal|p1a: Jirachi|337\/397|[from] item: Leftovers
|turn|12
|
|move|p2a: Lucario|Close Combat|p1a: Jirachi
|-crit|p1a: Jirachi
|-damage|p1a: Jirachi|0 fnt
|-unboost|p2a: Lucario|def|1
|-unboost|p2a: Lucario|spd|1
|-damage|p2a: Lucario|81\/281|[from] item: Life Orb
|faint|p1a: Jirachi
|
|
|switch|p1a: Forretress|Forretress, F, shiny|354\/354
|-damage|p1a: Forretress|310\/354|[from] Stealth Rock
|turn|13
|
|switch|p2a: Infernape|Infernape, F|264\/293
|move|p1a: Forretress|Rapid Spin|p2a: Infernape
|-damage|p2a: Infernape|245\/293
|-sideend|p1: Mohammad|Stealth Rock|[from] move: Rapid Spin|[of] p1a: Forretress
|
|-heal|p1a: Forretress|332\/354|[from] item: Leftovers
|turn|14
|
|move|p2a: Infernape|Nasty Plot|p2a: Infernape
|-boost|p2a: Infernape|spa|2
|move|p1a: Forretress|Gyro Ball|p2a: Infernape
|-resisted|p2a: Infernape
|-damage|p2a: Infernape|164\/293
|
|-heal|p1a: Forretress|354\/354|[from] item: Leftovers
|turn|15
|
|move|p2a: Infernape|Nasty Plot|p2a: Infernape
|-boost|p2a: Infernape|spa|2
|move|p1a: Forretress|Gyro Ball|p2a: Infernape
|-crit|p2a: Infernape
|-resisted|p2a: Infernape
|-damage|p2a: Infernape|38\/293
|
|turn|16
|
|move|p2a: Infernape|Fire Blast|p1a: Forretress
|-supereffective|p1a: Forretress
|-activate|p1a: Forretress|Sturdy
|-damage|p1a: Forretress|1\/354
|-damage|p2a: Infernape|9\/293|[from] item: Life Orb
|move|p1a: Forretress|Gyro Ball|p2a: Infernape
|-resisted|p2a: Infernape
|-damage|p2a: Infernape|0 fnt
|faint|p2a: Infernape
|
|-heal|p1a: Forretress|23\/354|[from] item: Leftovers
|
|switch|p2a: Lucario|Lucario, F|81\/281
|turn|17
|
|move|p2a: Lucario|Close Combat|p1a: Forretress
|-damage|p1a: Forretress|0 fnt
|-unboost|p2a: Lucario|def|1
|-unboost|p2a: Lucario|spd|1
|-damage|p2a: Lucario|53\/281|[from] item: Life Orb
|faint|p1a: Forretress
|
|
|switch|p1a: Yanmega|Yanmega, M, shiny|344\/344
|turn|18
|
|move|p2a: Lucario|Swords Dance|p2a: Lucario
|-boost|p2a: Lucario|atk|2
|move|p1a: Yanmega|Giga Drain|p2a: Lucario
|-resisted|p2a: Lucario
|-damage|p2a: Lucario|0 fnt
|-damage|p1a: Yanmega|310\/344|[from] item: Life Orb
|faint|p2a: Lucario
|
|-boost|p1a: Yanmega|spe|1|[from] ability: Speed Boost
|
|switch|p2a: Flygon|Flygon, M|138\/301
|turn|19
|
|move|p1a: Yanmega|Protect|p1a: Yanmega
|-singleturn|p1a: Yanmega|Protect
|move|p2a: Flygon|Outrage|p1a: Yanmega
|-activate|p1a: Yanmega|Protect
|
|-boost|p1a: Yanmega|spe|1|[from] ability: Speed Boost
|turn|20
|
|move|p1a: Yanmega|Bug Buzz|p2a: Flygon
|-damage|p2a: Flygon|0 fnt
|-damage|p1a: Yanmega|276\/344|[from] item: Life Orb
|faint|p2a: Flygon
|
|win|Mohammad
|raw|Ladder updating...
|raw|Mohammad's rating: 1520 &rarr; <strong>1542<\/strong><br \/>(+22 for winning)
|raw|meeowiekins's rating: 1545 &rarr; <strong>1523<\/strong><br \/>(-22 for losing)
|leave|Mohammad
|player|p1