|join|ousurvey
|join|meeowiekins
|player|p1|ousurvey|42
|player|p2|meeowiekins|160
|gametype|singles
|gen|6
|tier|UU
|rated
|rule|Sleep Clause Mod: Limit one foe put to sleep
|rule|Species Clause: Limit one of each Pokemon
|rule|OHKO Clause: OHKO moves are banned
|rule|Moody Clause: Moody is banned
|rule|Evasion Moves Clause: Evasion moves are banned
|rule|Endless Battle Clause: Forcing endless battles is banned.
|rule|HP Percentage Mod: HP is reported as percentages
|clearpoke
|poke|p1|Florges, F
|poke|p1|Arcanine, M
|poke|p1|Porygon2
|poke|p1|Scrafty, F
|poke|p1|Chandelure, F
|poke|p1|Blastoise, M
|poke|p2|Froslass, F
|poke|p2|Absol, F
|poke|p2|Darmanitan, F
|poke|p2|Nidoqueen, F
|poke|p2|Florges, F
|poke|p2|Rotom-Mow
|teampreview
|chat|ousurvey|gl, hf
|
|start
|switch|p1a: Chandy|Chandelure, F|261\/261
|switch|p2a: Froslass|Froslass, F|343\/343
|turn|1
|
|move|p1a: Chandy|Flamethrower|p2a: Froslass
|-supereffective|p2a: Froslass
|-enditem|p2a: Froslass|Focus Sash
|-damage|p2a: Froslass|1\/343
|-start|p1a: Chandy|Disable|Flamethrower
|move|p2a: Froslass|Spikes|p1a: Chandy
|-sidestart|p1: ousurvey|Spikes
|
|turn|2
|
|switch|p1a: Majora|Florges, F|360\/360
|-damage|p1a: Majora|315\/360|[from] Spikes
|move|p2a: Froslass|Spikes|p1a: Majora
|-sidestart|p1: ousurvey|Spikes
|
|-heal|p1a: Majora|337\/360|[from] item: Leftovers
|turn|3
|
|switch|p2a: Nidoqueen|Nidoqueen, F|384\/384
|move|p1a: Majora|Calm Mind|p1a: Majora
|-boost|p1a: Majora|spa|1
|-boost|p1a: Majora|spd|1
|
|-heal|p1a: Majora|359\/360|[from] item: Leftovers
|turn|4
|
|move|p2a: Nidoqueen|Sludge Wave|p1a: Majora
|-supereffective|p1a: Majora
|-damage|p1a: Majora|232\/360
|move|p1a: Majora|Moonblast|p2a: Nidoqueen
|-resisted|p2a: Nidoqueen
|-damage|p2a: Nidoqueen|270\/384
|-unboost|p2a: Nidoqueen|spa|1
|
|-heal|p1a: Majora|254\/360|[from] item: Leftovers
|turn|5
|
|switch|p2a: Darmanitan|Darmanitan, F|351\/351
|move|p1a: Majora|Wish|p1a: Majora
|
|-heal|p1a: Majora|276\/360|[from] item: Leftovers
|turn|6
|
|move|p2a: Darmanitan|Flare Blitz|p1a: Majora
|-damage|p1a: Majora|3\/360
|-damage|p2a: Darmanitan|261\/351|[from] recoil|[of] p1a: Majora
|move|p1a: Majora|Moonblast|p2a: Darmanitan
|-resisted|p2a: Darmanitan
|-damage|p2a: Darmanitan|99\/351
|
|-heal|p1a: Majora|183\/360|[from] move: Wish|[wisher] Majora
|-heal|p1a: Majora|205\/360|[from] item: Leftovers
|turn|7
|
|switch|p2a: Absol|Absol, F|271\/271
|switch|p1a: Doge|Arcanine, M|383\/383
|-damage|p1a: Doge|320\/383|[from] Spikes
|-ability|p1a: Doge|Intimidate|[of] p2a: Absol
|-unboost|p2a: Absol|atk|1
|
|-heal|p1a: Doge|343\/383|[from] item: Leftovers
|turn|8
|
|switch|p2a: Nidoqueen|Nidoqueen, F|270\/384
|move|p1a: Doge|Will-O-Wisp|p2a: Nidoqueen|[miss]
|-miss|p1a: Doge|p2a: Nidoqueen
|
|-heal|p1a: Doge|366\/383|[from] item: Leftovers
|turn|9
|chat|ousurvey|sigh
|
|switch|p1a: R2P2|Porygon2|374\/374
|-damage|p1a: R2P2|312\/374|[from] Spikes
|-boost|p1a: R2P2|spa|1|[from] ability: Download
|move|p2a: Nidoqueen|Stealth Rock|p1a: R2P2
|-sidestart|p1: ousurvey|move: Stealth Rock
|
|turn|10
|
|switch|p2a: Florges|Florges, F|360\/360
|move|p1a: R2P2|Ice Beam|p2a: Florges
|-damage|p2a: Florges|258\/360
|
|-heal|p2a: Florges|280\/360|[from] item: Leftovers
|turn|11
|
|move|p2a: Florges|Toxic|p1a: R2P2
|-status|p1a: R2P2|tox
|move|p1a: R2P2|Tri Attack|p2a: Florges
|-damage|p2a: Florges|148\/360
|-status|p2a: Florges|brn
|
|-heal|p2a: Florges|170\/360 brn|[from] item: Leftovers
|-damage|p2a: Florges|125\/360 brn|[from] brn
|-damage|p1a: R2P2|289\/374 tox|[from] psn
|turn|12
|
|switch|p1a: Majora|Florges, F|205\/360
|-damage|p1a: Majora|160\/360|[from] Stealth Rock
|-damage|p1a: Majora|100\/360|[from] Spikes
|move|p2a: Florges|Wish|p2a: Florges
|
|-heal|p1a: Majora|122\/360|[from] item: Leftovers
|-heal|p2a: Florges|147\/360 brn|[from] item: Leftovers
|-damage|p2a: Florges|102\/360 brn|[from] brn
|turn|13
|
|move|p1a: Majora|Moonblast|p2a: Florges
|-damage|p2a: Florges|12\/360 brn
|move|p2a: Florges|Moonblast|p1a: Majora
|-damage|p1a: Majora|32\/360
|-unboost|p1a: Majora|spa|1
|
|-heal|p2a: Florges|192\/360 brn|[from] move: Wish|[wisher] Florges
|-heal|p1a: Majora|54\/360|[from] item: Leftovers
|-heal|p2a: Florges|214\/360 brn|[from] item: Leftovers
|-damage|p2a: Florges|169\/360 brn|[from] brn
|turn|14
|
|move|p1a: Majora|Aromatherapy|p1a: Majora
|-cureteam|p1a: Majora|[from] move: Aromatherapy
|move|p2a: Florges|Moonblast|p1a: Majora
|-damage|p1a: Majora|0 fnt
|faint|p1a: Majora
|
|-heal|p2a: Florges|191\/360 brn|[from] item: Leftovers
|-damage|p2a: Florges|146\/360 brn|[from] brn
|
|switch|p1a: Doge|Arcanine, M|366\/383
|-damage|p1a: Doge|271\/383|[from] Stealth Rock
|-damage|p1a: Doge|208\/383|[from] Spikes
|-ability|p1a: Doge|Intimidate|[of] p2a: Florges
|-unboost|p2a: Florges|atk|1
|turn|15
|
|switch|p2a: Nidoqueen|Nidoqueen, F|270\/384
|move|p1a: Doge|Flare Blitz|p2a: Nidoqueen
|-damage|p2a: Nidoqueen|155\/384
|-damage|p1a: Doge|170\/383|[from] recoil|[of] p2a: Nidoqueen
|
|-heal|p1a: Doge|193\/383|[from] item: Leftovers
|turn|16
|
|move|p1a: Doge|Morning Sun|p1a: Doge
|-heal|p1a: Doge|383\/383
|move|p2a: Nidoqueen|Sludge Wave|p1a: Doge
|-damage|p1a: Doge|253\/383
|
|-heal|p1a: Doge|276\/383|[from] item: Leftovers
|turn|17
|
|move|p1a: Doge|Flare Blitz|p2a: Nidoqueen
|-damage|p2a: Nidoqueen|40\/384
|-status|p2a: Nidoqueen|brn
|-damage|p1a: Doge|238\/383|[from] recoil|[of] p2a: Nidoqueen
|move|p2a: Nidoqueen|Earth Power|p1a: Doge
|-supereffective|p1a: Doge
|-damage|p1a: Doge|0 fnt
|faint|p1a: Doge
|
|-damage|p2a: Nidoqueen|0 fnt|[from] brn
|faint|p2a: Nidoqueen
|
|switch|p1a: Spin 2 Win|Blastoise, M|361\/361
|-damage|p1a: Spin 2 Win|316\/361|[from] Stealth Rock
|-damage|p1a: Spin 2 Win|256\/361|[from] Spikes
|switch|p2a: Florges|Florges, F|146\/360 brn
|turn|18
|
|switch|p2a: Froslass|Froslass, F|1\/343
|detailschange|p1a: Spin 2 Win|Blastoise-Mega, M
|message|Blastoise has Mega Evolved into Mega Blastoise!
|move|p1a: Spin 2 Win|Scald|p2a: Froslass
|-damage|p2a: Froslass|0 fnt
|faint|p2a: Froslass
|
|
|switch|p2a: Rotom-Mow|Rotom-Mow|304\/304
|turn|19
|
|switch|p1a: Chandy|Chandelure, F|261\/261
|-damage|p1a: Chandy|218\/261|[from] Spikes
|-damage|p1a: Chandy|153\/261|[from] Stealth Rock
|move|p2a: Rotom-Mow|Volt Switch|p1a: Chandy
|-damage|p1a: Chandy|0 fnt
|faint|p1a: Chandy
|
|switch|p2a: Absol|Absol, F|271\/271
|
|
|switch|p1a: Spin 2 Win|Blastoise-Mega, M|256\/361
|-damage|p1a: Spin 2 Win|211\/361|[from] Stealth Rock
|-damage|p1a: Spin 2 Win|151\/361|[from] Spikes
|turn|20
|
|detailschange|p2a: Absol|Absol-Mega, F
|message|Absol has Mega Evolved into Mega Absol!
|move|p2a: Absol|Sucker Punch|p1a: Spin 2 Win
|-damage|p1a: Spin 2 Win|10\/361
|move|p1a: Spin 2 Win|Rapid Spin|p2a: Absol
|-damage|p2a: Absol|249\/271
|-sideend|p1: ousurvey|Spikes|[from] move: Rapid Spin|[of] p1a: Spin 2 Win
|-sideend|p1: ousurvey|Stealth Rock|[from] move: Rapid Spin|[of] p1a: Spin 2 Win
|
|turn|21
|chat|ousurvey|I dislike it when the first turn wrecks the whole game
|
|move|p2a: Absol|Knock Off|p1a: Spin 2 Win
|-damage|p1a: Spin 2 Win|0 fnt
|faint|p1a: Spin 2 Win
|
|
|switch|p1a: Scrafty|Scrafty, F|329\/329
|turn|22
|
|switch|p2a: Florges|Florges, F|146\/360 brn
|move|p1a: Scrafty|Poison Jab|p2a: Florges
|-supereffective|p2a: Florges
|-damage|p2a: Florges|0 fnt
|faint|p2a: Florges
|
|
|switch|p2a: Darmanitan|Darmanitan, F|99\/351
|turn|23
|
|move|p2a: Darmanitan|U-turn|p1a: Scrafty
|-damage|p1a: Scrafty|256\/329
|
|switch|p2a: Absol|Absol-Mega, F|249\/271
|move|p1a: Scrafty|Drain Punch|p2a: Absol
|-supereffective|p2a: Absol
|-damage|p2a: Absol|0 fnt
|-heal|p1a: Scrafty|329\/329|[from] drain|[of] p2a: Absol
|faint|p2a: Absol
|
|
|switch|p2a: Rotom-Mow|Rotom-Mow|304\/304
|turn|24
|
|move|p2a: Rotom-Mow|Leaf Storm|p1a: Scrafty|[miss]
|-miss|p2a: Rotom-Mow|p1a: Scrafty
|move|p1a: Scrafty|Knock Off|p2a: Rotom-Mow
|-crit|p2a: Rotom-Mow
|-damage|p2a: Rotom-Mow|108\/304
|-enditem|p2a: Rotom-Mow|Choice Specs|[from] move: Knock Off|[of] p1a: Scrafty
|
|turn|25
|chat|ousurvey|sorry
|chat|ousurvey|I guess that is revenge
|
|move|p2a: Rotom-Mow|Leaf Storm|p1a: Scrafty
|-damage|p1a: Scrafty|137\/329
|-unboost|p2a: Rotom-Mow|spa|2
|move|p1a: Scrafty|Dragon Dance|p1a: Scrafty
|-boost|p1a: Scrafty|atk|1
|-boost|p1a: Scrafty|spe|1
|
|-heal|p1a: Scrafty|157\/329|[from] item: Leftovers
|turn|26
|
|move|p1a: Scrafty|Dragon Dance|p1a: Scrafty
|-boost|p1a: Scrafty|atk|1
|-boost|p1a: Scrafty|spe|1
|move|p2a: Rotom-Mow|Volt Switch|p1a: Scrafty
|-damage|p1a: Scrafty|100\/329
|
|switch|p2a: Darmanitan|Darmanitan, F|99\/351
|
|-heal|p1a: Scrafty|120\/329|[from] item: Leftovers
|turn|27
|
|move|p2a: Darmanitan|Flare Blitz|p1a: Scrafty
|-damage|p1a: Scrafty|0 fnt
|-damage|p2a: Darmanitan|59\/351|[from] recoil|[of] p1a: Scrafty
|faint|p1a: Scrafty
|
|
|switch|p1a: R2P2|Porygon2|289\/374
|-boost|p1a: R2P2|atk|1|[from] ability: Download
|turn|28
|
|move|p2a: Darmanitan|Flare Blitz|p1a: R2P2
|-damage|p1a: R2P2|84\/374
|-damage|p2a: Darmanitan|0 fnt|[from] recoil|[of] p1a: R2P2
|faint|p2a: Darmanitan
|move|p1a: R2P2|Recover|p1a: R2P2
|-heal|p1a: R2P2|271\/374
|
|
|switch|p2a: Rotom-Mow|Rotom-Mow|108\/304
|turn|29
|chat|ousurvey|gg
|
|move|p2a: Rotom-Mow|Volt Switch|p1a: R2P2
|-damage|p1a: R2P2|189\/374
|move|p1a: R2P2|Ice Beam|p2a: Rotom-Mow
|-supereffective|p2a: Rotom-Mow
|-damage|p2a: Rotom-Mow|0 fnt
|faint|p2a: Rotom-Mow
|
|win|ousurvey
|raw|Ladder updating...
|chat|meeowiekins|gg
|raw|ousurvey's rating: 1241 &rarr; <strong>1266<\/strong><br \/>(+25 for winning)
|raw|meeowiekins's rating: 1237 &rarr; <strong>1212<\/strong><br \/>(-25 for losing)
|leave|meeowiekins
|player|p2