|join|UrNemesis357
|join|meeowiekins
|player|p1|UrNemesis357|144
|player|p2|meeowiekins|160
|gametype|singles
|gen|6
|tier|UU
|rated
|rule|Sleep Clause Mod: Limit one foe put to sleep
|rule|Species Clause: Limit one of each PokÃ©mon
|rule|OHKO Clause: OHKO moves are banned
|rule|Moody Clause: Moody is banned
|rule|Evasion Moves Clause: Evasion moves are banned
|rule|Endless Battle Clause: Forcing endless battles is banned
|rule|HP Percentage Mod: HP is shown in percentages
|clearpoke
|poke|p1|Alakazam, M
|poke|p1|Gligar, F
|poke|p1|Whimsicott, M
|poke|p1|Chandelure, F
|poke|p1|Hydreigon, F, shiny
|poke|p1|Mienshao, F
|poke|p2|Crobat, F
|poke|p2|Raikou
|poke|p2|Swampert, M
|poke|p2|Celebi
|poke|p2|Krookodile, M
|poke|p2|Jirachi
|rule|Swagger Clause: Swagger is banned
|rule|Baton Pass Clause: Limit one PokÃ©mon knowing Baton Pass
|teampreview
|
|start
|switch|p1a: Ride the Wind|Whimsicott, M|261\/261
|switch|p2a: Krookodile|Krookodile, M|331\/331
|-ability|p2a: Krookodile|Intimidate|[of] p1a: Ride the Wind
|-unboost|p1a: Ride the Wind|atk|1
|turn|1
|
|switch|p2a: Crobat|Crobat, F|359\/359
|move|p1a: Ride the Wind|U-turn|p2a: Crobat
|-resisted|p2a: Crobat
|-damage|p2a: Crobat|351\/359
|
|switch|p1a: Wandering Souls|Chandelure, F|297\/297
|
|-heal|p2a: Crobat|359\/359|[from] item: Black Sludge
|turn|2
|
|move|p2a: Crobat|Brave Bird|p1a: Wandering Souls
|-crit|p1a: Wandering Souls
|-damage|p1a: Wandering Souls|63\/297
|-damage|p2a: Crobat|282\/359|[from] recoil|[of] p1a: Wandering Souls
|move|p1a: Wandering Souls|Fire Blast|p2a: Crobat
|-damage|p2a: Crobat|0 fnt
|faint|p2a: Crobat
|
|c|âUrNemesis357|ouch
|
|switch|p2a: Krookodile|Krookodile, M|331\/331
|-ability|p2a: Krookodile|Intimidate|[of] p1a: Wandering Souls
|-unboost|p1a: Wandering Souls|atk|1
|turn|3
|
|move|p2a: Krookodile|Knock Off|p1a: Wandering Souls
|-supereffective|p1a: Wandering Souls
|-damage|p1a: Wandering Souls|0 fnt
|-enditem|p1a: Wandering Souls|Choice Specs|[from] move: Knock Off|[of] p2a: Krookodile
|faint|p1a: Wandering Souls
|
|
|switch|p1a: Pirouetta|Mienshao, F|271\/271
|turn|4
|
|move|p1a: Pirouetta|U-turn|p2a: Krookodile
|-supereffective|p2a: Krookodile
|-damage|p2a: Krookodile|147\/331
|
|switch|p1a: Ride the Wind|Whimsicott, M|261\/261
|move|p2a: Krookodile|Knock Off|p1a: Ride the Wind
|-resisted|p1a: Ride the Wind
|-damage|p1a: Ride the Wind|136\/261
|-enditem|p1a: Ride the Wind|Leftovers|[from] move: Knock Off|[of] p2a: Krookodile
|
|turn|5
|
|move|p1a: Ride the Wind|U-turn|p2a: Krookodile
|-supereffective|p2a: Krookodile
|-damage|p2a: Krookodile|53\/331
|c|âmeeowiekins|^_^
|
|switch|p1a: Medusa|Hydreigon, F, shiny|325\/325
|move|p2a: Krookodile|Knock Off|p1a: Medusa
|-resisted|p1a: Medusa
|-damage|p1a: Medusa|193\/325
|-enditem|p1a: Medusa|Life Orb|[from] move: Knock Off|[of] p2a: Krookodile
|
|turn|6
|
|move|p1a: Medusa|Dark Pulse|p2a: Krookodile
|-resisted|p2a: Krookodile
|-damage|p2a: Krookodile|0 fnt
|faint|p2a: Krookodile
|
|
|switch|p2a: Celebi|Celebi|341\/341
|turn|7
|
|switch|p1a: Gligar|Gligar, F|334\/334
|move|p2a: Celebi|Dazzling Gleam|p1a: Gligar
|-damage|p1a: Gligar|280\/334
|
|turn|8
|
|switch|p2a: Swampert|Swampert, M|404\/404
|move|p1a: Gligar|U-turn|p2a: Swampert
|-damage|p2a: Swampert|371\/404
|
|switch|p1a: Omniscient|Alakazam, M|291\/291
|
|-heal|p2a: Swampert|396\/404|[from] item: Leftovers
|turn|9
|
|switch|p2a: Jirachi|Jirachi|341\/341
|detailschange|p1a: Omniscient|Alakazam-Mega, M
|message|Alakazam has Mega Evolved into Mega Alakazam!
|-ability|p1a: Omniscient|Serene Grace|[from] ability: Trace|[of] p2a: Jirachi
|move|p1a: Omniscient|Shadow Ball|p2a: Jirachi
|-supereffective|p2a: Jirachi
|-damage|p2a: Jirachi|117\/341
|
|turn|10
|c|âUrNemesis357|goten
|c|âUrNemesis357|gotem
|
|move|p2a: Jirachi|Iron Head|p1a: Omniscient
|-damage|p1a: Omniscient|122\/291
|move|p1a: Omniscient|Shadow Ball|p2a: Jirachi
|-crit|p2a: Jirachi
|-supereffective|p2a: Jirachi
|-damage|p2a: Jirachi|0 fnt
|faint|p2a: Jirachi
|
|
|switch|p2a: Celebi|Celebi|341\/341
|turn|11
|
|move|p1a: Omniscient|Shadow Ball|p2a: Celebi
|-supereffective|p2a: Celebi
|-damage|p2a: Celebi|87\/341
|move|p2a: Celebi|Leaf Storm|p1a: Omniscient
|-damage|p1a: Omniscient|0 fnt
|-unboost|p2a: Celebi|spa|2
|faint|p1a: Omniscient
|
|-heal|p2a: Celebi|108\/341|[from] item: Leftovers
|
|switch|p1a: Pirouetta|Mienshao, F|271\/271
|turn|12
|
|move|p1a: Pirouetta|U-turn|p2a: Celebi
|-supereffective|p2a: Celebi
|-damage|p2a: Celebi|0 fnt
|faint|p2a: Celebi
|
|switch|p1a: Gligar|Gligar, F|280\/334
|
|
|switch|p2a: Swampert|Swampert, M|396\/404
|turn|13
|
|move|p1a: Gligar|U-turn|p2a: Swampert
|-damage|p2a: Swampert|362\/404
|
|switch|p1a: Medusa|Hydreigon, F, shiny|193\/325
|move|p2a: Swampert|Scald|p1a: Medusa
|-resisted|p1a: Medusa
|-damage|p1a: Medusa|144\/325
|
|-heal|p2a: Swampert|387\/404|[from] item: Leftovers
|turn|14
|
|move|p1a: Medusa|Draco Meteor|p2a: Swampert|[miss]
|-miss|p1a: Medusa|p2a: Swampert
|move|p2a: Swampert|Stealth Rock|p1a: Medusa
|-sidestart|p1: UrNemesis357|move: Stealth Rock
|
|-heal|p2a: Swampert|404\/404|[from] item: Leftovers
|turn|15
|
|move|p1a: Medusa|Draco Meteor|p2a: Swampert
|-damage|p2a: Swampert|187\/404
|-unboost|p1a: Medusa|spa|2
|move|p2a: Swampert|Scald|p1a: Medusa
|-resisted|p1a: Medusa
|-damage|p1a: Medusa|92\/325
|-status|p1a: Medusa|brn
|
|-heal|p2a: Swampert|212\/404|[from] item: Leftovers
|-damage|p1a: Medusa|52\/325 brn|[from] brn
|turn|16
|
|move|p1a: Medusa|Draco Meteor|p2a: Swampert
|-damage|p2a: Swampert|103\/404
|-unboost|p1a: Medusa|spa|2
|move|p2a: Swampert|Scald|p1a: Medusa
|-resisted|p1a: Medusa
|-damage|p1a: Medusa|0 fnt
|faint|p1a: Medusa
|
|-heal|p2a: Swampert|128\/404|[from] item: Leftovers
|
|switch|p1a: Ride the Wind|Whimsicott, M|136\/261
|-damage|p1a: Ride the Wind|104\/261|[from] Stealth Rock
|turn|17
|
|move|p1a: Ride the Wind|Moonblast|p2a: Swampert
|-damage|p2a: Swampert|2\/404
|move|p2a: Swampert|Earthquake|p1a: Ride the Wind
|-resisted|p1a: Ride the Wind
|-damage|p1a: Ride the Wind|38\/261
|
|-heal|p2a: Swampert|27\/404|[from] item: Leftovers
|turn|18
|
|move|p1a: Ride the Wind|Giga Drain|p2a: Swampert
|-supereffective|p2a: Swampert
|-damage|p2a: Swampert|0 fnt
|-heal|p1a: Ride the Wind|52\/261|[from] drain|[of] p2a: Swampert
|faint|p2a: Swampert
|
|
|switch|p2a: Raikou|Raikou|322\/322
|-ability|p2a: Raikou|Pressure
|turn|19
|
|move|p1a: Ride the Wind|Moonblast|p2a: Raikou
|-damage|p2a: Raikou|208\/322
|move|p2a: Raikou|Substitute|p2a: Raikou
|-start|p2a: Raikou|Substitute
|-damage|p2a: Raikou|128\/322
|
|-heal|p2a: Raikou|148\/322|[from] item: Leftovers
|turn|20
|
|move|p1a: Ride the Wind|Encore|p2a: Raikou
|-start|p2a: Raikou|Encore
|move|p2a: Raikou|Substitute|p2a: Raikou
|-fail|p2a: Raikou|move: Substitute
|
|-heal|p2a: Raikou|168\/322|[from] item: Leftovers
|turn|21
|
|move|p1a: Ride the Wind|Giga Drain|p2a: Raikou
|-end|p2a: Raikou|Substitute
|-heal|p1a: Ride the Wind|92\/261|[from] drain|[of] p2a: Raikou
|move|p2a: Raikou|Substitute|p2a: Raikou
|-start|p2a: Raikou|Substitute
|-damage|p2a: Raikou|88\/322
|
|-heal|p2a: Raikou|108\/322|[from] item: Leftovers
|turn|22
|c|âmeeowiekins|gg
|c|âUrNemesis357|gg
|-message|meeowiekins forfeited.
|
|win|UrNemesis357
|raw|Ladder updating...
|raw|UrNemesis357's rating: 1475 &rarr; <strong>1493<\/strong><br \/>(+18 for winning)
|raw|meeowiekins's rating: 1449 &rarr; <strong>1431<\/strong><br \/>(-18 for losing)
|leave|meeowiekins
|player|p2