|join|meeowiekins
|join|xMarth
|player|p1|meeowiekins|160
|player|p2|xMarth|153
|gametype|singles
|gen|6
|tier|UU
|rated
|rule|Sleep Clause Mod: Limit one foe put to sleep
|rule|Species Clause: Limit one of each PokÃ©mon
|rule|OHKO Clause: OHKO moves are banned
|rule|Moody Clause: Moody is banned
|rule|Evasion Moves Clause: Evasion moves are banned
|rule|Endless Battle Clause: Forcing endless battles is banned
|rule|HP Percentage Mod: HP is shown in percentages
|clearpoke
|poke|p1|Gligar, F
|poke|p1|Vaporeon, F
|poke|p1|Staraptor, F
|poke|p1|Mienshao, M
|poke|p1|Raikou
|poke|p1|Jirachi
|poke|p2|Lopunny, F
|poke|p2|Hydreigon, F
|poke|p2|Jirachi, shiny
|poke|p2|Tentacruel, M
|poke|p2|Gligar, F
|poke|p2|Umbreon, M
|rule|Swagger Clause: Swagger is banned
|rule|Baton Pass Clause: Limit one PokÃ©mon knowing Baton Pass
|teampreview
|c|âxMarth|fuck someone not bad
|c|âmeeowiekins|fuck someone not bad
|c|âxMarth|havent faced a competent raptor yet lol
|c|âmeeowiekins|raptor is scurry
|c|âxMarth|still put it on my broke list for bans
|
|start
|switch|p1a: Mienshao|Mienshao, M|271\/271
|switch|p2a: Hydreigon|Hydreigon, F|325\/325
|turn|1
|c|âmeeowiekins|wow r00d
|join|Shit user
|
|switch|p2a: Tentacruel|Tentacruel, M|364\/364
|move|p1a: Mienshao|U-turn|p2a: Tentacruel
|-resisted|p2a: Tentacruel
|-damage|p2a: Tentacruel|324\/364
|c| Shit user|marth r u council
|
|switch|p1a: Raikou|Raikou|322\/322
|-ability|p1a: Raikou|Pressure
|
|-heal|p2a: Tentacruel|346\/364|[from] item: Black Sludge
|turn|2
|
|switch|p2a: Umbreon|Umbreon, M|394\/394
|move|p1a: Raikou|Volt Switch|p2a: Umbreon
|-damage|p2a: Umbreon|295\/394
|-damage|p1a: Raikou|290\/322|[from] item: Life Orb
|
|switch|p1a: Staraptor|Staraptor, F|312\/312
|
|-heal|p2a: Umbreon|319\/394|[from] item: Leftovers
|turn|3
|
|move|p2a: Umbreon|Protect|p2a: Umbreon
|-singleturn|p2a: Umbreon|Protect
|move|p1a: Staraptor|Brave Bird|p2a: Umbreon
|-activate|p2a: Umbreon|Protect
|
|-heal|p2a: Umbreon|343\/394|[from] item: Leftovers
|turn|4
|c| Shit User|n
|c|âxMarth|rachi gets 2hkoed y\/n?
|c|âxMarth|prolly huh
|c| Shit User|prolly
|
|switch|p2a: Jirachi|Jirachi, shiny|341\/341
|move|p1a: Staraptor|Brave Bird|p2a: Jirachi
|-resisted|p2a: Jirachi
|-damage|p2a: Jirachi|153\/341
|-damage|p1a: Staraptor|250\/312|[from] recoil|[of] p2a: Jirachi
|
|-heal|p2a: Jirachi|174\/341|[from] item: Leftovers
|turn|5
|c| Shit User|lol
|c|âxMarth|speed tie go
|c| Shit User|risk it imo
|
|switch|p1a: Gligar|Gligar, F|334\/334
|move|p2a: Jirachi|Psyshock|p1a: Gligar
|-damage|p1a: Gligar|258\/334
|
|-heal|p2a: Jirachi|195\/341|[from] item: Leftovers
|turn|6
|
|switch|p2a: Gligar|Gligar, F|334\/334
|move|p1a: Gligar|U-turn|p2a: Gligar
|-resisted|p2a: Gligar
|-damage|p2a: Gligar|324\/334
|c| Shit User|i doubt umbreon was killed by brave bird from there
|c|âmeeowiekins|it was close
|c|âmeeowiekins|a roll
|
|switch|p1a: Vaporeon|Vaporeon, F|464\/464
|
|turn|7
|c|âxMarth|band prolly coulda
|c| Shit User|really
|
|move|p2a: Gligar|Stealth Rock|p1a: Vaporeon
|-sidestart|p1: meeowiekins|move: Stealth Rock
|move|p1a: Vaporeon|Scald|p2a: Gligar
|-supereffective|p2a: Gligar
|-damage|p2a: Gligar|120\/334
|-status|p2a: Gligar|brn
|
|-damage|p2a: Gligar|79\/334 brn|[from] brn
|turn|8
|c|âxMarth|its not much weaker than bandatan
|
|move|p2a: Gligar|U-turn|p1a: Vaporeon
|-damage|p1a: Vaporeon|442\/464
|c| Shit User|252 Atk Choice Band Reckless Staraptor Brave Bird vs. 252 HP \/ 4 Def Umbreon: 306-361 (77.6 - 91.6%) -- guaranteed 2HKO after Leftovers recovery
|
|switch|p2a: Tentacruel|Tentacruel, M|346\/364
|move|p1a: Vaporeon|Baton Pass|p1a: Vaporeon
|c| Shit User|hmm roll
|
|switch|p1a: Raikou|Raikou|290\/322
|-damage|p1a: Raikou|250\/322|[from] Stealth Rock
|-ability|p1a: Raikou|Pressure
|
|-heal|p2a: Tentacruel|364\/364|[from] item: Black Sludge
|turn|9
|
|switch|p2a: Hydreigon|Hydreigon, F|325\/325
|move|p1a: Raikou|Thunderbolt|p2a: Hydreigon
|-resisted|p2a: Hydreigon
|-damage|p2a: Hydreigon|228\/325
|-damage|p1a: Raikou|218\/322|[from] item: Life Orb
|
|turn|10
|
|switch|p1a: Vaporeon|Vaporeon, F|442\/464
|-damage|p1a: Vaporeon|384\/464|[from] Stealth Rock
|move|p2a: Hydreigon|U-turn|p1a: Vaporeon
|-damage|p1a: Vaporeon|324\/464
|
|switch|p2a: Tentacruel|Tentacruel, M|364\/364
|
|-heal|p1a: Vaporeon|353\/464|[from] item: Leftovers
|turn|11
|c| Shit User|muhmentom
|
|move|p2a: Tentacruel|Toxic Spikes|p1a: Vaporeon
|-sidestart|p1: meeowiekins|move: Toxic Spikes
|move|p1a: Vaporeon|Wish|p1a: Vaporeon
|
|-heal|p1a: Vaporeon|382\/464|[from] item: Leftovers
|turn|12
|
|move|p2a: Tentacruel|Toxic|p1a: Vaporeon
|-status|p1a: Vaporeon|tox
|move|p1a: Vaporeon|Baton Pass|p1a: Vaporeon
|c| Shit User|um rekt
|
|switch|p1a: Gligar|Gligar, F|258\/334
|-damage|p1a: Gligar|217\/334|[from] Stealth Rock
|
|-heal|p1a: Gligar|334\/334|[from] move: Wish|[wisher] Vaporeon
|turn|13
|
|move|p2a: Tentacruel|Toxic|p1a: Gligar
|-status|p1a: Gligar|tox
|move|p1a: Gligar|Defog|p2a: Tentacruel
|-unboost|p2a: Tentacruel|evasion|1
|-sideend|p1: meeowiekins|Toxic Spikes|[from] move: Defog|[of] p1a: Gligar
|-sideend|p1: meeowiekins|Stealth Rock|[from] move: Defog|[of] p1a: Gligar
|
|-damage|p1a: Gligar|314\/334 tox|[from] psn
|turn|14
|c|âxMarth|nice defensive core on timer
|
|switch|p1a: Vaporeon|Vaporeon, F|382\/464 tox
|move|p2a: Tentacruel|Scald|p1a: Vaporeon
|-heal|p1a: Vaporeon|464\/464 tox|[from] ability: Water Absorb|[of] p2a: Tentacruel
|
|-damage|p1a: Vaporeon|435\/464 tox|[from] psn
|turn|15
|c| Shit User|this is why
|c| Shit User|blissey
|c| Shit User|all day erry day
|c| Shit User|n_n
|join|YMASTEST
|
|move|p2a: Tentacruel|Toxic Spikes|p1a: Vaporeon
|-sidestart|p1: meeowiekins|move: Toxic Spikes
|move|p1a: Vaporeon|Wish|p1a: Vaporeon
|
|-heal|p1a: Vaporeon|464\/464 tox|[from] item: Leftovers
|-damage|p1a: Vaporeon|406\/464 tox|[from] psn
|turn|16
|
|switch|p2a: Umbreon|Umbreon, M|343\/394
|move|p1a: Vaporeon|Baton Pass|p1a: Vaporeon
|
|switch|p1a: Jirachi|Jirachi|404\/404
|
|-heal|p2a: Umbreon|367\/394|[from] item: Leftovers
|turn|17
|c| Shit User|o
|
|move|p1a: Jirachi|Stealth Rock|p2a: Umbreon
|-sidestart|p2: xMarth|move: Stealth Rock
|move|p2a: Umbreon|Heal Bell|p2a: Umbreon
|-cureteam|p2a: Umbreon|[from] move: HealBell
|
|-heal|p2a: Umbreon|391\/394|[from] item: Leftovers
|turn|18
|
|move|p1a: Jirachi|U-turn|p2a: Umbreon
|-crit|p2a: Umbreon
|-supereffective|p2a: Umbreon
|-damage|p2a: Umbreon|235\/394
|
|switch|p1a: Vaporeon|Vaporeon, F|406\/464 tox
|move|p2a: Umbreon|Wish|p2a: Umbreon
|
|-heal|p2a: Umbreon|259\/394|[from] item: Leftovers
|-heal|p1a: Vaporeon|435\/464 tox|[from] item: Leftovers
|-damage|p1a: Vaporeon|406\/464 tox|[from] psn
|turn|19
|
|switch|p2a: Tentacruel|Tentacruel, M|364\/364
|-damage|p2a: Tentacruel|319\/364|[from] Stealth Rock
|move|p1a: Vaporeon|Scald|p2a: Tentacruel
|-resisted|p2a: Tentacruel
|-damage|p2a: Tentacruel|278\/364
|
|-heal|p2a: Tentacruel|364\/364|[from] move: Wish|[wisher] Umbreon
|-heal|p1a: Vaporeon|435\/464 tox|[from] item: Leftovers
|-damage|p1a: Vaporeon|377\/464 tox|[from] psn
|turn|20
|
|move|p2a: Tentacruel|Rapid Spin|p1a: Vaporeon
|-damage|p1a: Vaporeon|366\/464 tox
|-sideend|p2: xMarth|Stealth Rock|[from] move: Rapid Spin|[of] p2a: Tentacruel
|move|p1a: Vaporeon|Baton Pass|p1a: Vaporeon
|
|switch|p1a: Staraptor|Staraptor, F|250\/312
|
|turn|21
|
|move|p1a: Staraptor|U-turn|p2a: Tentacruel
|-resisted|p2a: Tentacruel
|-damage|p2a: Tentacruel|312\/364
|
|switch|p1a: Vaporeon|Vaporeon, F|366\/464 tox
|move|p2a: Tentacruel|Scald|p1a: Vaporeon
|-heal|p1a: Vaporeon|464\/464 tox|[from] ability: Water Absorb|[of] p2a: Tentacruel
|
|-heal|p2a: Tentacruel|334\/364|[from] item: Black Sludge
|-damage|p1a: Vaporeon|435\/464 tox|[from] psn
|turn|22
|
|switch|p2a: Lopunny|Lopunny, F|271\/271
|move|p1a: Vaporeon|Scald|p2a: Lopunny
|-damage|p2a: Lopunny|163\/271
|
|-heal|p1a: Vaporeon|464\/464 tox|[from] item: Leftovers
|-damage|p1a: Vaporeon|406\/464 tox|[from] psn
|turn|23
|
|detailschange|p2a: Lopunny|Lopunny-Mega, F
|message|Lopunny has Mega Evolved into Mega Lopunny!
|move|p2a: Lopunny|Substitute|p2a: Lopunny
|-start|p2a: Lopunny|Substitute
|-damage|p2a: Lopunny|96\/271
|move|p1a: Vaporeon|Scald|p2a: Lopunny
|-end|p2a: Lopunny|Substitute
|
|-heal|p1a: Vaporeon|435\/464 tox|[from] item: Leftovers
|-damage|p1a: Vaporeon|348\/464 tox|[from] psn
|turn|24
|
|switch|p1a: Jirachi|Jirachi|404\/404
|move|p2a: Lopunny|Substitute|p2a: Lopunny
|-start|p2a: Lopunny|Substitute
|-damage|p2a: Lopunny|29\/271
|
|turn|25
|
|move|p2a: Lopunny|High Jump Kick|p1a: Jirachi
|-damage|p1a: Jirachi|229\/404
|move|p1a: Jirachi|Iron Head|p2a: Lopunny
|-end|p2a: Lopunny|Substitute
|
|-heal|p1a: Jirachi|254\/404|[from] item: Leftovers
|turn|26
|c| Shit User|lol
|c| Shit User|muh raptor counter
|c|âmeeowiekins|:]
|c|âxMarth|man fuck that def rachi
|c|âmeeowiekins|defensive rachi is so good
|
|switch|p2a: Tentacruel|Tentacruel, M|334\/364
|move|p1a: Jirachi|Iron Head|p2a: Tentacruel
|-resisted|p2a: Tentacruel
|-damage|p2a: Tentacruel|290\/364
|
|-heal|p2a: Tentacruel|312\/364|[from] item: Black Sludge
|-heal|p1a: Jirachi|279\/404|[from] item: Leftovers
|turn|27
|join|Can I Kek It
|
|move|p2a: Tentacruel|Scald|p1a: Jirachi
|-damage|p1a: Jirachi|201\/404
|move|p1a: Jirachi|U-turn|p2a: Tentacruel
|-resisted|p2a: Tentacruel
|-damage|p2a: Tentacruel|287\/364
|
|switch|p1a: Staraptor|Staraptor, F|250\/312
|
|-heal|p2a: Tentacruel|309\/364|[from] item: Black Sludge
|turn|28
|c| Shit User|n
|c| Shit User|o bby
|c| Shit User|here comes
|c| Shit User|the bird
|c|âmeeowiekins|lol
|c| Shit User|max speed tenta
|c| Shit User|calling it
|c| Shit User|he wins tie
|c|âmeeowiekins|O_O
|c|âxMarth|live plox
|
|move|p1a: Staraptor|Brave Bird|p2a: Tentacruel
|-damage|p2a: Tentacruel|0 fnt
|-damage|p1a: Staraptor|148\/312|[from] recoil|[of] p2a: Tentacruel
|faint|p2a: Tentacruel
|
|c|âmeeowiekins|doesnt live
|c| Shit User|n-nice
|
|switch|p2a: Lopunny|Lopunny-Mega, F|29\/271
|turn|29
|c|âmeeowiekins|has a chance to ohko
|
|switch|p1a: Gligar|Gligar, F|314\/334 tox
|move|p2a: Lopunny|Frustration|p1a: Gligar
|-damage|p1a: Gligar|184\/334 tox
|
|-damage|p1a: Gligar|164\/334 tox|[from] psn
|turn|30
|c| Shit User|is that on phys def
|c| Shit User|0.0
|c|âmeeowiekins|mhm
|
|move|p2a: Lopunny|Frustration|p1a: Gligar
|-damage|p1a: Gligar|50\/334 tox
|move|p1a: Gligar|Earthquake|p2a: Lopunny
|-damage|p2a: Lopunny|0 fnt
|faint|p2a: Lopunny
|
|-damage|p1a: Gligar|10\/334 tox|[from] psn
|
|switch|p2a: Jirachi|Jirachi, shiny|195\/341
|turn|31
|
|switch|p1a: Jirachi|Jirachi|201\/404
|move|p2a: Jirachi|Moonblast|p1a: Jirachi
|-resisted|p1a: Jirachi
|-damage|p1a: Jirachi|151\/404
|-unboost|p1a: Jirachi|spa|1
|
|-heal|p2a: Jirachi|216\/341|[from] item: Leftovers
|-heal|p1a: Jirachi|176\/404|[from] item: Leftovers
|turn|32
|
|move|p2a: Jirachi|Substitute|p2a: Jirachi
|-start|p2a: Jirachi|Substitute
|-damage|p2a: Jirachi|131\/341
|move|p1a: Jirachi|Healing Wish|p1a: Jirachi
|faint|p1a: Jirachi
|
|-heal|p2a: Jirachi|152\/341|[from] item: Leftovers
|c| Shit User|plays
|
|switch|p1a: Gligar|Gligar, F|10\/334 tox
|-heal|p1a: Gligar|334\/334|[from] move: Healing Wish
|turn|33
|c|âxMarth|oh fuck that
|
|move|p2a: Jirachi|Psyshock|p1a: Gligar
|-damage|p1a: Gligar|261\/334
|move|p1a: Gligar|Earthquake|p2a: Jirachi
|-supereffective|p2a: Jirachi
|-end|p2a: Jirachi|Substitute
|
|-heal|p2a: Jirachi|173\/341|[from] item: Leftovers
|turn|34
|
|switch|p2a: Gligar|Gligar, F|79\/334
|move|p1a: Gligar|Earthquake|p2a: Gligar
|-immune|p2a: Gligar|[msg]
|
|turn|35
|
|move|p2a: Gligar|Roost|p2a: Gligar
|-heal|p2a: Gligar|246\/334
|move|p1a: Gligar|U-turn|p2a: Gligar
|-damage|p2a: Gligar|223\/334
|leave|Can I Kek It
|c| Shit User|not every day momentum some days pointless defog
|
|switch|p1a: Raikou|Raikou|218\/322
|-status|p1a: Raikou|psn
|-ability|p1a: Raikou|Pressure
|
|-damage|p1a: Raikou|178\/322 psn|[from] psn
|turn|36
|
|move|p1a: Raikou|Hidden Power|p2a: Gligar
|-supereffective|p2a: Gligar
|-damage|p2a: Gligar|0 fnt
|-damage|p1a: Raikou|146\/322 psn|[from] item: Life Orb
|faint|p2a: Gligar
|
|-damage|p1a: Raikou|106\/322 psn|[from] psn
|c| Shit User|o
|c|âxMarth|idk why i overpredicted there
|
|switch|p2a: Hydreigon|Hydreigon, F|228\/325
|turn|37
|c|âmeeowiekins|nah i predictd the overpredict
|c| Shit User|:^)
|c|âmeeowiekins|;]
|c| Shit User|thats what
|c| Shit User|low ladder says
|c|âmeeowiekins|lol
|
|move|p2a: Hydreigon|U-turn|p1a: Raikou
|-damage|p1a: Raikou|33\/322 psn
|
|switch|p2a: Umbreon|Umbreon, M|259\/394
|move|p1a: Raikou|Hidden Power|p2a: Umbreon
|-damage|p2a: Umbreon|207\/394
|-damage|p1a: Raikou|1\/322 psn|[from] item: Life Orb
|
|-heal|p2a: Umbreon|231\/394|[from] item: Leftovers
|-damage|p1a: Raikou|0 fnt|[from] psn
|faint|p1a: Raikou
|
|switch|p1a: Staraptor|Staraptor, F|148\/312
|turn|38
|
|move|p2a: Umbreon|Protect|p2a: Umbreon
|-singleturn|p2a: Umbreon|Protect
|move|p1a: Staraptor|Close Combat|p2a: Umbreon
|-activate|p2a: Umbreon|Protect
|
|-heal|p2a: Umbreon|255\/394|[from] item: Leftovers
|turn|39
|c|âxMarth|thisll do less dmg than bb watch
|
|switch|p2a: Jirachi|Jirachi, shiny|173\/341
|move|p1a: Staraptor|Close Combat|p2a: Jirachi
|-damage|p2a: Jirachi|0 fnt
|-unboost|p1a: Staraptor|def|1
|-unboost|p1a: Staraptor|spd|1
|faint|p2a: Jirachi
|
|c|âxMarth|fuck
|
|switch|p2a: Hydreigon|Hydreigon, F|228\/325
|turn|40
|c|âmeeowiekins|rip
|
|switch|p1a: Vaporeon|Vaporeon, F|348\/464 tox
|move|p2a: Hydreigon|Dark Pulse|p1a: Vaporeon
|-damage|p1a: Vaporeon|201\/464 tox
|
|-heal|p1a: Vaporeon|230\/464 tox|[from] item: Leftovers
|-damage|p1a: Vaporeon|201\/464 tox|[from] psn
|turn|41
|
|move|p2a: Hydreigon|Dark Pulse|p1a: Vaporeon
|-damage|p1a: Vaporeon|56\/464 tox
|move|p1a: Vaporeon|Wish|p1a: Vaporeon
|
|-heal|p1a: Vaporeon|85\/464 tox|[from] item: Leftovers
|-damage|p1a: Vaporeon|27\/464 tox|[from] psn
|turn|42
|
|move|p2a: Hydreigon|Dark Pulse|p1a: Vaporeon
|-damage|p1a: Vaporeon|0 fnt
|faint|p1a: Vaporeon
|
|
|switch|p1a: Mienshao|Mienshao, M|271\/271
|-status|p1a: Mienshao|psn
|turn|43
|c| Shit User|nice
|
|move|p1a: Mienshao|U-turn|p2a: Hydreigon
|-supereffective|p2a: Hydreigon
|-damage|p2a: Hydreigon|42\/325
|
|switch|p1a: Gligar|Gligar, F|261\/334
|move|p2a: Hydreigon|Dark Pulse|p1a: Gligar
|-damage|p1a: Gligar|180\/334
|
|turn|44
|
|move|p2a: Hydreigon|Dark Pulse|p1a: Gligar
|-damage|p1a: Gligar|86\/334
|move|p1a: Gligar|U-turn|p2a: Hydreigon
|-supereffective|p2a: Hydreigon
|-damage|p2a: Hydreigon|0 fnt
|faint|p2a: Hydreigon
|
|switch|p1a: Staraptor|Staraptor, F|148\/312
|
|c|âmeeowiekins|gg
|
|switch|p2a: Umbreon|Umbreon, M|255\/394
|turn|45
|
|move|p1a: Staraptor|Close Combat|p2a: Umbreon
|-supereffective|p2a: Umbreon
|-damage|p2a: Umbreon|0 fnt
|-unboost|p1a: Staraptor|def|1
|-unboost|p1a: Staraptor|spd|1
|faint|p2a: Umbreon
|
|win|meeowiekins
|raw|Ladder updating...
|raw|meeowiekins's rating: 1441 &rarr; <strong>1465<\/strong><br \/>(+24 for winning)
|raw|xMarth's rating: 1513 &rarr; <strong>1488<\/strong><br \/>(-25 for losing)
|leave|xMarth
|player|p2
|leave|Shit User