|join|meeowiekins
|join|ChunkChunky
|player|p1|meeowiekins|160
|player|p2|ChunkChunky|59
|gametype|singles
|gen|6
|tier|UU
|rated
|rule|Sleep Clause Mod: Limit one foe put to sleep
|rule|Species Clause: Limit one of each PokÃ©mon
|rule|OHKO Clause: OHKO moves are banned
|rule|Moody Clause: Moody is banned
|rule|Evasion Moves Clause: Evasion moves are banned
|rule|Endless Battle Clause: Forcing endless battles is banned
|rule|HP Percentage Mod: HP is shown in percentages
|clearpoke
|poke|p1|Crobat, M
|poke|p1|Raikou
|poke|p1|Swampert, M
|poke|p1|Celebi
|poke|p1|Krookodile, F
|poke|p1|Jirachi
|poke|p2|Tornadus, M
|poke|p2|Relicanth, M
|poke|p2|Omastar, F
|poke|p2|Swampert, M
|poke|p2|Qwilfish, F
|poke|p2|Poliwrath, M
|rule|Swagger Clause: Swagger is banned
|rule|Baton Pass Clause: Limit one PokÃ©mon knowing Baton Pass
|teampreview
|
|start
|switch|p1a: Raikou|Raikou|322\/322
|switch|p2a: old nigga daddy|Relicanth, M|341\/341
|-ability|p1a: Raikou|Pressure
|turn|1
|
|move|p1a: Raikou|Thunderbolt|p2a: old nigga daddy
|-supereffective|p2a: old nigga daddy
|-activate|p2a: old nigga daddy|Sturdy
|-damage|p2a: old nigga daddy|1\/341
|move|p2a: old nigga daddy|Rain Dance|p2a: old nigga daddy
|-weather|RainDance
|
|-weather|RainDance|[upkeep]
|turn|2
|
|move|p1a: Raikou|Thunderbolt|p2a: old nigga daddy
|-supereffective|p2a: old nigga daddy
|-damage|p2a: old nigga daddy|0 fnt
|faint|p2a: old nigga daddy
|
|-weather|RainDance|[upkeep]
|
|switch|p2a: no name|Omastar, F|282\/282
|turn|3
|
|move|p2a: no name|Shell Smash|p2a: no name
|-boost|p2a: no name|atk|2
|-boost|p2a: no name|spa|2
|-boost|p2a: no name|spe|2
|-unboost|p2a: no name|def|1
|-unboost|p2a: no name|spd|1
|move|p1a: Raikou|Thunderbolt|p2a: no name
|-supereffective|p2a: no name
|-enditem|p2a: no name|Focus Sash
|-damage|p2a: no name|1\/282
|-status|p2a: no name|par
|
|-weather|RainDance|[upkeep]
|turn|4
|c|âChunkChunky|.
|join|i wish i had hoes
|c|âmeeowiekins|n_n
|c|âChunkChunky|can you not
|c| i wish i had hoes|loooooooooooool
|c|âChunkChunky|go for calm mind
|
|move|p1a: Raikou|Thunderbolt|p2a: no name
|-supereffective|p2a: no name
|-damage|p2a: no name|0 fnt
|faint|p2a: no name
|
|-weather|RainDance|[upkeep]
|c|âChunkChunky|thanks
|
|switch|p2a: no name|Swampert, M|341\/341
|turn|5
|
|switch|p1a: Celebi|Celebi|341\/341
|detailschange|p2a: no name|Swampert-Mega, M
|message|Swampert has Mega Evolved into Mega Swampert!
|move|p2a: no name|Ice Punch|p1a: Celebi
|-supereffective|p1a: Celebi
|-damage|p1a: Celebi|121\/341
|
|-weather|RainDance|[upkeep]
|-heal|p1a: Celebi|142\/341|[from] item: Leftovers
|turn|6
|c|âmeeowiekins|you were sash
|c|âmeeowiekins|why is there still rain
|
|switch|p1a: Swampert|Swampert, M|404\/404
|move|p2a: no name|Ice Punch|p1a: Swampert
|-damage|p1a: Swampert|317\/404
|-status|p1a: Swampert|frz
|
|-weather|RainDance|[upkeep]
|-heal|p1a: Swampert|342\/404 frz|[from] item: Leftovers
|turn|7
|c|âChunkChunky|somebody doesn't know how to read
|c|âmeeowiekins|sorry i dont know the abilities
|c|âmeeowiekins|of irrelevant pokemon
|c|âChunkChunky|k
|
|move|p2a: no name|Waterfall|p1a: Swampert
|-damage|p1a: Swampert|146\/404 frz
|-curestatus|p1a: Swampert|frz
|move|p1a: Swampert|Scald|p2a: no name
|-damage|p2a: no name|235\/341
|
|-weather|RainDance|[upkeep]
|-heal|p1a: Swampert|171\/404|[from] item: Leftovers
|turn|8
|
|switch|p1a: Crobat|Crobat, M|359\/359
|move|p2a: no name|Waterfall|p1a: Crobat
|-damage|p1a: Crobat|71\/359
|
|-weather|none
|-heal|p1a: Crobat|93\/359|[from] item: Black Sludge
|turn|9
|
|move|p1a: Crobat|Brave Bird|p2a: no name
|-damage|p2a: no name|94\/341
|-damage|p1a: Crobat|46\/359|[from] recoil|[of] p2a: no name
|move|p2a: no name|Waterfall|p1a: Crobat
|-damage|p1a: Crobat|0 fnt
|faint|p1a: Crobat
|
|
|switch|p1a: Celebi|Celebi|142\/341
|turn|10
|
|switch|p2a: no name|Tornadus, M|299\/299
|move|p1a: Celebi|Psychic|p2a: no name
|-damage|p2a: no name|146\/299
|
|-heal|p1a: Celebi|163\/341|[from] item: Leftovers
|turn|11
|
|switch|p1a: Raikou|Raikou|322\/322
|-ability|p1a: Raikou|Pressure
|move|p2a: no name|Rain Dance|p2a: no name
|-weather|RainDance
|
|-weather|RainDance|[upkeep]
|turn|12
|
|move|p1a: Raikou|Substitute|p1a: Raikou
|-start|p1a: Raikou|Substitute
|-damage|p1a: Raikou|242\/322
|move|p2a: no name|Hurricane|p1a: Raikou
|-resisted|p1a: Raikou
|-end|p1a: Raikou|Substitute
|
|-weather|RainDance|[upkeep]
|-heal|p1a: Raikou|262\/322|[from] item: Leftovers
|turn|13
|
|move|p1a: Raikou|Substitute|p1a: Raikou
|-start|p1a: Raikou|Substitute
|-damage|p1a: Raikou|182\/322
|move|p2a: no name|U-turn|p1a: Raikou
|-activate|p1a: Raikou|Substitute|[damage]
|
|switch|p2a: no name|Qwilfish, F|272\/272
|
|-weather|RainDance|[upkeep]
|-heal|p1a: Raikou|202\/322|[from] item: Leftovers
|turn|14
|c| i wish i had hoes|tf
|
|move|p2a: no name|Waterfall|p1a: Raikou
|-end|p1a: Raikou|Substitute
|move|p1a: Raikou|Thunderbolt|p2a: no name
|-supereffective|p2a: no name
|-damage|p2a: no name|0 fnt
|faint|p2a: no name
|
|-weather|RainDance|[upkeep]
|-heal|p1a: Raikou|222\/322|[from] item: Leftovers
|
|switch|p2a: no name|Swampert-Mega, M|94\/341
|turn|15
|
|switch|p1a: Celebi|Celebi|163\/341
|move|p2a: no name|Waterfall|p1a: Celebi
|-resisted|p1a: Celebi
|-damage|p1a: Celebi|43\/341
|
|-weather|RainDance|[upkeep]
|-heal|p1a: Celebi|64\/341|[from] item: Leftovers
|turn|16
|
|move|p2a: no name|Waterfall|p1a: Celebi
|-resisted|p1a: Celebi
|-damage|p1a: Celebi|0 fnt
|faint|p1a: Celebi
|
|-weather|RainDance|[upkeep]
|
|switch|p1a: Krookodile|Krookodile, F|331\/331
|-ability|p1a: Krookodile|Intimidate|[of] p2a: no name
|-unboost|p2a: no name|atk|1
|turn|17
|
|move|p2a: no name|Waterfall|p1a: Krookodile
|-supereffective|p1a: Krookodile
|-damage|p1a: Krookodile|0 fnt
|faint|p1a: Krookodile
|
|-weather|RainDance|[upkeep]
|
|switch|p1a: Jirachi|Jirachi|341\/341
|turn|18
|
|move|p1a: Jirachi|Zen Headbutt|p2a: no name
|-damage|p2a: no name|0 fnt
|faint|p2a: no name
|
|-weather|none
|
|switch|p2a: no name|Tornadus, M|146\/299
|turn|19
|c|âChunkChunky|lol
|c|âChunkChunky|scarf zen headbutt
|
|move|p2a: no name|Rain Dance|p2a: no name
|-weather|RainDance
|move|p1a: Jirachi|Zen Headbutt|p2a: no name
|-damage|p2a: no name|0 fnt
|faint|p2a: no name
|
|-weather|RainDance|[upkeep]
|
|switch|p2a: no name|Poliwrath, M|322\/322
|turn|20
|c|âmeeowiekins|calling shit a gimmick
|c|âmeeowiekins|running this team
|
|move|p2a: no name|Waterfall|p1a: Jirachi
|-damage|p1a: Jirachi|176\/341
|move|p1a: Jirachi|Zen Headbutt|p2a: no name
|-supereffective|p2a: no name
|-damage|p2a: no name|80\/322
|-enditem|p2a: no name|Sitrus Berry|[eat]
|-heal|p2a: no name|160\/322|[from] item: Sitrus Berry
|
|-weather|RainDance|[upkeep]
|turn|21
|c| i wish i had hoes|i use zen
|c|âChunkChunky|I didn't say it was a gimmick
|c| i wish i had hoes|is gud
|c|âChunkChunky|flinch or no?
|c| i wish i had hoes|no
|c|âChunkChunky|meowie?
|c|âmeeowiekins|!pick flinch, no flinch
|raw|<div class="infobox"><em>We randomly picked:<\/em> flinch<\/div>
|c|âmeeowiekins|pk
|c|âChunkChunky|k
|c|âmeeowiekins|fk
|
|move|p2a: no name|Waterfall|p1a: Jirachi
|-damage|p1a: Jirachi|14\/341
|cant|p1a: Jirachi|flinch
|
|-weather|RainDance|[upkeep]
|turn|22
|c| i wish i had hoes|dam
|c|âChunkChunky|too ez
|c| i wish i had hoes|is it ogre?
|
|switch|p1a: Swampert|Swampert, M|171\/404
|move|p2a: no name|Waterfall|p1a: Swampert
|-damage|p1a: Swampert|48\/404
|
|-weather|RainDance|[upkeep]
|-heal|p1a: Swampert|73\/404|[from] item: Leftovers
|turn|23
|c|âmeeowiekins|oh
|c|âmeeowiekins|weak
|c| i wish i had hoes|4 turns left
|
|move|p2a: no name|Waterfall|p1a: Swampert
|-damage|p1a: Swampert|0 fnt
|faint|p1a: Swampert
|
|-weather|RainDance|[upkeep]
|c| i wish i had hoes|3
|
|switch|p1a: Raikou|Raikou|222\/322
|-ability|p1a: Raikou|Pressure
|turn|24
|c|âChunkChunky|just spam sub
|c|âmeeowiekins|youre
|c|âmeeowiekins|faster
|
|move|p2a: no name|Waterfall|p1a: Raikou
|-damage|p1a: Raikou|0 fnt
|faint|p1a: Raikou
|
|-weather|RainDance|[upkeep]
|c| i wish i had hoes|2
|
|switch|p1a: Jirachi|Jirachi|14\/341
|turn|25
|c|âChunkChunky|I thought you were scarf sub?
|
|move|p2a: no name|Waterfall|p1a: Jirachi
|-damage|p1a: Jirachi|0 fnt
|faint|p1a: Jirachi
|
|win|ChunkChunky
|raw|Ladder updating...
|raw|meeowiekins's rating: 1440 &rarr; <strong>1410<\/strong><br \/>(-30 for losing)
|raw|ChunkChunky's rating: 1255 &rarr; <strong>1293<\/strong><br \/>(+38 for winning)
|leave|meeowiekins
|player|p1