|join|FEARSOME MAW
|join|meeowiekins
|player|p1|FEARSOME MAW|265
|player|p2|meeowiekins|160
|gametype|singles
|gen|6
|tier|UU
|rule|Sleep Clause Mod: Limit one foe put to sleep
|rule|Species Clause: Limit one of each PokÃ©mon
|rule|OHKO Clause: OHKO moves are banned
|rule|Moody Clause: Moody is banned
|rule|Evasion Moves Clause: Evasion moves are banned
|rule|Endless Battle Clause: Forcing endless battles is banned
|rule|HP Percentage Mod: HP is shown in percentages
|clearpoke
|poke|p1|Houndoom, F
|poke|p1|Chesnaught, F
|poke|p1|Flygon, F
|poke|p1|Florges, F
|poke|p1|Donphan, F
|poke|p1|Raikou
|poke|p2|Swampert, F
|poke|p2|Celebi
|poke|p2|Crobat, M
|poke|p2|Cobalion
|poke|p2|Alomomola, M
|poke|p2|Raikou
|rule|Swagger Clause: Swagger is banned
|rule|Baton Pass Clause: Limit one PokÃ©mon knowing Baton Pass
|teampreview
|join|Frickett
|
|start
|switch|p1a: Chesnaught|Chesnaught, F|380\/380
|switch|p2a: Raikou|Raikou|322\/322
|-ability|p2a: Raikou|Pressure
|turn|1
|
|move|p2a: Raikou|Extrasensory|p1a: Chesnaught
|-supereffective|p1a: Chesnaught
|-damage|p1a: Chesnaught|38\/380
|move|p1a: Chesnaught|Spikes|p2a: Raikou
|-sidestart|p2: meeowiekins|Spikes
|
|-heal|p1a: Chesnaught|61\/380|[from] item: Leftovers
|turn|2
|
|switch|p2a: Cobalion|Cobalion|323\/323
|-damage|p2a: Cobalion|283\/323|[from] Spikes
|switch|p1a: Houndoom|Houndoom, F|292\/292
|
|-heal|p2a: Cobalion|303\/323|[from] item: Leftovers
|turn|3
|leave|Frickett
|
|switch|p1a: Donphan|Donphan, F|384\/384
|move|p2a: Cobalion|Stealth Rock|p1a: Donphan
|-sidestart|p1: FEARSOME MAW|move: Stealth Rock
|
|-heal|p2a: Cobalion|323\/323|[from] item: Leftovers
|turn|4
|
|switch|p2a: Celebi|Celebi|341\/341
|-damage|p2a: Celebi|299\/341|[from] Spikes
|move|p1a: Donphan|Rapid Spin|p2a: Celebi
|-damage|p2a: Celebi|275\/341
|-sideend|p1: FEARSOME MAW|Stealth Rock|[from] move: Rapid Spin|[of] p1a: Donphan
|
|turn|5
|
|switch|p1a: Florges|Florges, F|360\/360
|move|p2a: Celebi|Nasty Plot|p2a: Celebi
|-boost|p2a: Celebi|spa|2
|
|turn|6
|
|move|p2a: Celebi|Giga Drain|p1a: Florges
|-damage|p1a: Florges|177\/360
|-heal|p2a: Celebi|341\/341|[from] drain|[of] p1a: Florges
|-damage|p2a: Celebi|307\/341|[from] item: Life Orb
|move|p1a: Florges|Toxic|p2a: Celebi
|-status|p2a: Celebi|tox
|
|-heal|p1a: Florges|199\/360|[from] item: Leftovers
|-damage|p2a: Celebi|286\/341 tox|[from] psn
|turn|7
|
|move|p1a: Florges|Protect|p1a: Florges
|-singleturn|p1a: Florges|Protect
|move|p2a: Celebi|Nasty Plot|p2a: Celebi
|-boost|p2a: Celebi|spa|2
|
|-heal|p1a: Florges|221\/360|[from] item: Leftovers
|-damage|p2a: Celebi|244\/341 tox|[from] psn
|turn|8
|
|move|p2a: Celebi|Giga Drain|p1a: Florges
|-damage|p1a: Florges|0 fnt
|-heal|p2a: Celebi|341\/341 tox|[from] drain|[of] p1a: Florges
|-damage|p2a: Celebi|307\/341 tox|[from] item: Life Orb
|faint|p1a: Florges
|
|-damage|p2a: Celebi|244\/341 tox|[from] psn
|
|switch|p1a: Flygon|Flygon, F|301\/301
|turn|9
|
|switch|p2a: Crobat|Crobat, M|373\/373
|move|p1a: Flygon|U-turn|p2a: Crobat
|-resisted|p2a: Crobat
|-damage|p2a: Crobat|353\/373
|
|switch|p1a: Raikou|Raikou|322\/322
|-ability|p1a: Raikou|Pressure
|
|-heal|p2a: Crobat|373\/373|[from] item: Black Sludge
|turn|10
|
|switch|p1a: Chesnaught|Chesnaught, F|61\/380
|move|p2a: Crobat|U-turn|p1a: Chesnaught
|-damage|p1a: Chesnaught|29\/380
|
|switch|p2a: Raikou|Raikou|322\/322
|-damage|p2a: Raikou|282\/322|[from] Spikes
|-ability|p2a: Raikou|Pressure
|
|-heal|p1a: Chesnaught|52\/380|[from] item: Leftovers
|turn|11
|
|move|p1a: Chesnaught|Spiky Shield|p1a: Chesnaught
|-singleturn|p1a: Chesnaught|move: Protect
|move|p2a: Raikou|Hidden Power|p1a: Chesnaught
|-activate|p1a: Chesnaught|move: Protect
|
|-heal|p1a: Chesnaught|75\/380|[from] item: Leftovers
|turn|12
|
|switch|p1a: Houndoom|Houndoom, F|292\/292
|move|p2a: Raikou|Hidden Power|p1a: Houndoom
|-resisted|p1a: Houndoom
|-damage|p1a: Houndoom|230\/292
|
|turn|13
|
|switch|p2a: Swampert|Swampert, F|373\/373
|-damage|p2a: Swampert|327\/373|[from] Spikes
|detailschange|p1a: Houndoom|Houndoom-Mega, F
|message|Houndoom has Mega Evolved into Mega Houndoom!
|move|p1a: Houndoom|Fire Blast|p2a: Swampert
|-resisted|p2a: Swampert
|-damage|p2a: Swampert|212\/373
|-status|p2a: Swampert|brn
|
|-damage|p2a: Swampert|166\/373 brn|[from] brn
|turn|14
|
|move|p1a: Houndoom|Hidden Power|p2a: Swampert
|-supereffective|p2a: Swampert
|-damage|p2a: Swampert|0 fnt
|faint|p2a: Swampert
|
|c|âFEARSOME MAW|the burn didn't matter too much cause i have hp grass
|
|switch|p2a: Crobat|Crobat, M|373\/373
|turn|15
|
|switch|p1a: Raikou|Raikou|322\/322
|-ability|p1a: Raikou|Pressure
|move|p2a: Crobat|U-turn|p1a: Raikou
|-damage|p1a: Raikou|248\/322
|
|switch|p2a: Raikou|Raikou|282\/322
|-damage|p2a: Raikou|242\/322|[from] Spikes
|-ability|p2a: Raikou|Pressure
|
|-heal|p1a: Raikou|268\/322|[from] item: Leftovers
|turn|16
|
|move|p1a: Raikou|Calm Mind|p1a: Raikou
|-boost|p1a: Raikou|spa|1
|-boost|p1a: Raikou|spd|1
|move|p2a: Raikou|Volt Switch|p1a: Raikou
|-resisted|p1a: Raikou
|-damage|p1a: Raikou|209\/322
|
|switch|p2a: Celebi|Celebi|244\/341
|-damage|p2a: Celebi|202\/341|[from] Spikes
|
|-heal|p1a: Raikou|229\/322|[from] item: Leftovers
|turn|17
|
|move|p1a: Raikou|Calm Mind|p1a: Raikou
|-boost|p1a: Raikou|spa|1
|-boost|p1a: Raikou|spd|1
|move|p2a: Celebi|Earth Power|p1a: Raikou
|-supereffective|p1a: Raikou
|-damage|p1a: Raikou|107\/322
|-damage|p2a: Celebi|168\/341|[from] item: Life Orb
|
|-heal|p1a: Raikou|127\/322|[from] item: Leftovers
|turn|18
|
|move|p1a: Raikou|Hidden Power|p2a: Celebi
|-supereffective|p2a: Celebi
|-damage|p2a: Celebi|0 fnt
|faint|p2a: Celebi
|
|-heal|p1a: Raikou|147\/322|[from] item: Leftovers
|
|switch|p2a: Cobalion|Cobalion|323\/323
|-damage|p2a: Cobalion|283\/323|[from] Spikes
|turn|19
|
|move|p1a: Raikou|Thunderbolt|p2a: Cobalion
|-damage|p2a: Cobalion|0 fnt
|faint|p2a: Cobalion
|
|-heal|p1a: Raikou|167\/322|[from] item: Leftovers
|
|switch|p2a: Crobat|Crobat, M|373\/373
|turn|20
|
|move|p2a: Crobat|U-turn|p1a: Raikou
|-damage|p1a: Raikou|94\/322
|
|switch|p2a: Alomomola|Alomomola, M|472\/472
|-damage|p2a: Alomomola|413\/472|[from] Spikes
|move|p1a: Raikou|Thunderbolt|p2a: Alomomola
|-supereffective|p2a: Alomomola
|-damage|p2a: Alomomola|0 fnt
|faint|p2a: Alomomola
|
|-heal|p1a: Raikou|114\/322|[from] item: Leftovers
|
|switch|p2a: Raikou|Raikou|242\/322
|-damage|p2a: Raikou|202\/322|[from] Spikes
|-ability|p2a: Raikou|Pressure
|turn|21
|
|move|p1a: Raikou|Thunderbolt|p2a: Raikou
|-resisted|p2a: Raikou
|-damage|p2a: Raikou|64\/322
|move|p2a: Raikou|Extrasensory|p1a: Raikou
|-damage|p1a: Raikou|51\/322
|
|-heal|p1a: Raikou|71\/322|[from] item: Leftovers
|turn|22
|
|move|p1a: Raikou|Thunderbolt|p2a: Raikou
|-resisted|p2a: Raikou
|-damage|p2a: Raikou|0 fnt
|faint|p2a: Raikou
|
|-heal|p1a: Raikou|91\/322|[from] item: Leftovers
|
|switch|p2a: Crobat|Crobat, M|373\/373
|turn|23
|
|move|p2a: Crobat|Brave Bird|p1a: Raikou
|-resisted|p1a: Raikou
|-damage|p1a: Raikou|0 fnt
|-damage|p2a: Crobat|343\/373|[from] recoil|[of] p1a: Raikou
|faint|p1a: Raikou
|
|-heal|p2a: Crobat|366\/373|[from] item: Black Sludge
|
|switch|p1a: Donphan|Donphan, F|384\/384
|turn|24
|
|move|p1a: Donphan|Ice Shard|p2a: Crobat
|-supereffective|p2a: Crobat
|-damage|p2a: Crobat|246\/373
|move|p2a: Crobat|Brave Bird|p1a: Donphan
|-damage|p1a: Donphan|270\/384
|-damage|p2a: Crobat|208\/373|[from] recoil|[of] p1a: Donphan
|
|-heal|p2a: Crobat|231\/373|[from] item: Black Sludge
|-heal|p1a: Donphan|294\/384|[from] item: Leftovers
|turn|25
|join|Scarfed Sableye
|
|move|p1a: Donphan|Ice Shard|p2a: Crobat
|-supereffective|p2a: Crobat
|-damage|p2a: Crobat|107\/373
|move|p2a: Crobat|U-turn|p1a: Donphan
|-damage|p1a: Donphan|247\/384
|
|-heal|p2a: Crobat|130\/373|[from] item: Black Sludge
|-heal|p1a: Donphan|271\/384|[from] item: Leftovers
|turn|26
|
|move|p2a: Crobat|Roost|p2a: Crobat
|-heal|p2a: Crobat|317\/373
|move|p1a: Donphan|Earthquake|p2a: Crobat
|-supereffective|p2a: Crobat
|-damage|p2a: Crobat|0 fnt
|faint|p2a: Crobat
|
|win|FEARSOME MAW
|c|âmeeowiekins|gg
|leave|meeowiekins
|player|p2
|c|âFEARSOME MAW|gg