|join|meeowiekins
|join|Rusl2
|player|p1|meeowiekins|160
|player|p2|Rusl2|102
|gametype|singles
|gen|6
|tier|UU
|rated
|rule|Sleep Clause Mod: Limit one foe put to sleep
|rule|Species Clause: Limit one of each PokÃ©mon
|rule|OHKO Clause: OHKO moves are banned
|rule|Moody Clause: Moody is banned
|rule|Evasion Moves Clause: Evasion moves are banned
|rule|Endless Battle Clause: Forcing endless battles is banned
|rule|HP Percentage Mod: HP is shown in percentages
|clearpoke
|poke|p1|Vaporeon, M
|poke|p1|Dugtrio, F
|poke|p1|Beedrill, F
|poke|p1|Rotom-Heat
|poke|p1|Forretress, F
|poke|p1|Celebi
|poke|p2|Entei, shiny
|poke|p2|Galvantula, F
|poke|p2|Donphan, M
|poke|p2|Azelf
|poke|p2|Flygon, F
|poke|p2|Honchkrow, M
|rule|Swagger Clause: Swagger is banned
|rule|Baton Pass Clause: Limit one PokÃ©mon knowing Baton Pass
|teampreview
|
|start
|switch|p1a: Vaporeon|Vaporeon, M|464\/464
|switch|p2a: Azelf|Azelf|291\/291
|turn|1
|
|move|p2a: Azelf|Stealth Rock|p1a: Vaporeon
|-sidestart|p1: meeowiekins|move: Stealth Rock
|move|p1a: Vaporeon|Scald|p2a: Azelf
|-crit|p2a: Azelf
|-damage|p2a: Azelf|99\/291
|
|turn|2
|
|switch|p2a: Galvantula|Galvantula, F|281\/281
|move|p1a: Vaporeon|Scald|p2a: Galvantula
|-damage|p2a: Galvantula|137\/281
|
|turn|3
|
|switch|p1a: Dugtrio|Dugtrio, F|212\/212
|-damage|p1a: Dugtrio|199\/212|[from] Stealth Rock
|move|p2a: Galvantula|Giga Drain|p1a: Dugtrio
|-supereffective|p1a: Dugtrio
|-damage|p1a: Dugtrio|5\/212
|-heal|p2a: Galvantula|234\/281|[from] drain|[of] p1a: Dugtrio
|
|turn|4
|
|move|p1a: Dugtrio|Earthquake|p2a: Galvantula
|-damage|p2a: Galvantula|0 fnt
|faint|p2a: Galvantula
|
|
|switch|p2a: Entei|Entei, shiny|434\/434
|-ability|p2a: Entei|Pressure
|turn|5
|
|move|p2a: Entei|Extreme Speed|p1a: Dugtrio
|-damage|p1a: Dugtrio|0 fnt
|faint|p1a: Dugtrio
|
|
|switch|p1a: Forretress|Forretress, F|354\/354
|-damage|p1a: Forretress|310\/354|[from] Stealth Rock
|turn|6
|
|move|p2a: Entei|Sacred Fire|p1a: Forretress
|-supereffective|p1a: Forretress
|-damage|p1a: Forretress|0 fnt
|faint|p1a: Forretress
|
|
|switch|p1a: Vaporeon|Vaporeon, M|464\/464
|-damage|p1a: Vaporeon|406\/464|[from] Stealth Rock
|turn|7
|
|move|p2a: Entei|Sacred Fire|p1a: Vaporeon
|-resisted|p1a: Vaporeon
|-damage|p1a: Vaporeon|316\/464
|move|p1a: Vaporeon|Scald|p2a: Entei
|-supereffective|p2a: Entei
|-damage|p2a: Entei|264\/434
|
|-heal|p1a: Vaporeon|345\/464|[from] item: Leftovers
|turn|8
|
|switch|p2a: Flygon|Flygon, F|301\/301
|move|p1a: Vaporeon|Wish|p1a: Vaporeon
|
|-heal|p1a: Vaporeon|374\/464|[from] item: Leftovers
|turn|9
|
|move|p2a: Flygon|Outrage|p1a: Vaporeon
|-damage|p1a: Vaporeon|130\/464
|move|p1a: Vaporeon|Scald|p2a: Flygon
|-damage|p2a: Flygon|180\/301
|
|-heal|p1a: Vaporeon|362\/464|[from] move: Wish|[wisher] Vaporeon
|-heal|p1a: Vaporeon|391\/464|[from] item: Leftovers
|turn|10
|
|move|p2a: Flygon|Outrage|p1a: Vaporeon
|-crit|p1a: Vaporeon
|-damage|p1a: Vaporeon|24\/464
|move|p1a: Vaporeon|Wish|p1a: Vaporeon
|
|-heal|p1a: Vaporeon|53\/464|[from] item: Leftovers
|turn|11
|
|move|p1a: Vaporeon|Protect|p1a: Vaporeon
|-singleturn|p1a: Vaporeon|Protect
|move|p2a: Flygon|Outrage|p1a: Vaporeon
|-activate|p1a: Vaporeon|Protect
|
|-end|p2a: Flygon|rampage
|-start|p2a: Flygon|confusion
|-heal|p1a: Vaporeon|285\/464|[from] move: Wish|[wisher] Vaporeon
|-heal|p1a: Vaporeon|314\/464|[from] item: Leftovers
|turn|12
|
|-activate|p2a: Flygon|confusion
|move|p2a: Flygon|Outrage|p1a: Vaporeon
|-damage|p1a: Vaporeon|56\/464
|move|p1a: Vaporeon|Wish|p1a: Vaporeon
|
|-heal|p1a: Vaporeon|85\/464|[from] item: Leftovers
|turn|13
|
|move|p1a: Vaporeon|Protect|p1a: Vaporeon
|-singleturn|p1a: Vaporeon|Protect
|-activate|p2a: Flygon|confusion
|-damage|p2a: Flygon|106\/301|[from] confusion
|
|-end|p2a: Flygon|rampage
|-heal|p1a: Vaporeon|317\/464|[from] move: Wish|[wisher] Vaporeon
|-heal|p1a: Vaporeon|346\/464|[from] item: Leftovers
|turn|14
|
|-activate|p2a: Flygon|confusion
|move|p2a: Flygon|Outrage|p1a: Vaporeon
|-damage|p1a: Vaporeon|76\/464
|move|p1a: Vaporeon|Wish|p1a: Vaporeon
|
|-heal|p1a: Vaporeon|105\/464|[from] item: Leftovers
|turn|15
|
|move|p1a: Vaporeon|Protect|p1a: Vaporeon
|-singleturn|p1a: Vaporeon|Protect
|-activate|p2a: Flygon|confusion
|-damage|p2a: Flygon|30\/301|[from] confusion
|
|-end|p2a: Flygon|rampage
|-heal|p1a: Vaporeon|337\/464|[from] move: Wish|[wisher] Vaporeon
|-heal|p1a: Vaporeon|366\/464|[from] item: Leftovers
|turn|16
|
|-end|p2a: Flygon|confusion
|move|p2a: Flygon|Outrage|p1a: Vaporeon
|-damage|p1a: Vaporeon|125\/464
|move|p1a: Vaporeon|Wish|p1a: Vaporeon
|
|-heal|p1a: Vaporeon|154\/464|[from] item: Leftovers
|turn|17
|join|NekoNecross
|leave|NekoNecross
|
|move|p1a: Vaporeon|Protect|p1a: Vaporeon
|-singleturn|p1a: Vaporeon|Protect
|move|p2a: Flygon|Outrage|p1a: Vaporeon
|-activate|p1a: Vaporeon|Protect
|
|-end|p2a: Flygon|rampage
|-start|p2a: Flygon|confusion
|-heal|p1a: Vaporeon|386\/464|[from] move: Wish|[wisher] Vaporeon
|-heal|p1a: Vaporeon|415\/464|[from] item: Leftovers
|turn|18
|
|-activate|p2a: Flygon|confusion
|-damage|p2a: Flygon|0 fnt|[from] confusion
|faint|p2a: Flygon
|move|p1a: Vaporeon|Wish|p1a: Vaporeon
|
|-heal|p1a: Vaporeon|444\/464|[from] item: Leftovers
|
|switch|p2a: Donphan|Donphan, M|384\/384
|turn|19
|
|move|p1a: Vaporeon|Scald|p2a: Donphan
|-supereffective|p2a: Donphan
|-damage|p2a: Donphan|90\/384
|move|p2a: Donphan|Knock Off|p1a: Vaporeon
|-damage|p1a: Vaporeon|325\/464
|-enditem|p1a: Vaporeon|Leftovers|[from] move: Knock Off|[of] p2a: Donphan
|
|-heal|p1a: Vaporeon|464\/464|[from] move: Wish|[wisher] Vaporeon
|-heal|p2a: Donphan|114\/384|[from] item: Leftovers
|turn|20
|
|move|p1a: Vaporeon|Scald|p2a: Donphan
|-supereffective|p2a: Donphan
|-damage|p2a: Donphan|0 fnt
|faint|p2a: Donphan
|
|
|switch|p2a: Azelf|Azelf|99\/291
|turn|21
|
|move|p1a: Vaporeon|Protect|p1a: Vaporeon
|-singleturn|p1a: Vaporeon|Protect
|move|p2a: Azelf|Fire Punch|p1a: Vaporeon
|-activate|p1a: Vaporeon|Protect
|
|turn|22
|
|move|p2a: Azelf|Explosion|p1a: Vaporeon
|-damage|p1a: Vaporeon|194\/464
|faint|p2a: Azelf
|move|p1a: Vaporeon|Scald|p2: Azelf|[notarget]
|-notarget
|
|
|switch|p2a: Honchkrow|Honchkrow, M|341\/341
|turn|23
|
|move|p2a: Honchkrow|Brave Bird|p1a: Vaporeon
|-damage|p1a: Vaporeon|0 fnt
|-damage|p2a: Honchkrow|277\/341|[from] recoil|[of] p1a: Vaporeon
|-damage|p2a: Honchkrow|243\/341|[from] item: Life Orb
|faint|p1a: Vaporeon
|-boost|p2a: Honchkrow|atk|1|[from] ability: Moxie
|
|
|switch|p1a: Celebi|Celebi|404\/404
|-damage|p1a: Celebi|354\/404|[from] Stealth Rock
|turn|24
|
|move|p2a: Honchkrow|Sucker Punch|p1a: Celebi
|-fail|p1a: Celebi
|move|p1a: Celebi|Thunder Wave|p2a: Honchkrow
|-status|p2a: Honchkrow|par
|
|-heal|p1a: Celebi|379\/404|[from] item: Leftovers
|turn|25
|
|move|p2a: Honchkrow|Sucker Punch|p1a: Celebi
|-fail|p1a: Celebi
|move|p1a: Celebi|Recover|p1a: Celebi
|-heal|p1a: Celebi|404\/404
|
|turn|26
|
|move|p1a: Celebi|Recover|p1a: Celebi
|-fail|p1a: Celebi
|move|p2a: Honchkrow|Brave Bird|p1a: Celebi
|-supereffective|p1a: Celebi
|-damage|p1a: Celebi|0 fnt
|-damage|p2a: Honchkrow|110\/341 par|[from] recoil|[of] p1a: Celebi
|-damage|p2a: Honchkrow|76\/341 par|[from] item: Life Orb
|faint|p1a: Celebi
|-boost|p2a: Honchkrow|atk|1|[from] ability: Moxie
|
|
|switch|p1a: Rotom-Heat|Rotom-Heat|241\/241
|-damage|p1a: Rotom-Heat|181\/241|[from] Stealth Rock
|turn|27
|
|move|p2a: Honchkrow|Sucker Punch|p1a: Rotom-Heat
|-damage|p1a: Rotom-Heat|0 fnt
|-damage|p2a: Honchkrow|42\/341 par|[from] item: Life Orb
|faint|p1a: Rotom-Heat
|-boost|p2a: Honchkrow|atk|1|[from] ability: Moxie
|
|
|switch|p1a: Beedrill|Beedrill, F|272\/272
|-damage|p1a: Beedrill|204\/272|[from] Stealth Rock
|turn|28
|
|detailschange|p1a: Beedrill|Beedrill-Mega, F
|message|Beedrill has Mega Evolved into Mega Beedrill!
|move|p1a: Beedrill|Swords Dance|p1a: Beedrill
|-boost|p1a: Beedrill|atk|2
|move|p2a: Honchkrow|Brave Bird|p1a: Beedrill
|-crit|p1a: Beedrill
|-supereffective|p1a: Beedrill
|-damage|p1a: Beedrill|0 fnt
|-damage|p2a: Honchkrow|0 fnt|[from] recoil|[of] p1a: Beedrill
|faint|p1a: Beedrill
|faint|p2a: Honchkrow
|
|win|Rusl2
|raw|Ladder updating...
|c|âRusl2|gg
|raw|meeowiekins's rating: 1462 &rarr; <strong>1431<\/strong><br \/>(-31 for losing)
|raw|Rusl2's rating: 1250 &rarr; <strong>1289<\/strong><br \/>(+39 for winning)
|c|âmeeowiekins|gg
|c|âRusl2|lord honchkrow
|leave|meeowiekins
|player|p1