|join|feng
|join|meeowiekins
|player|p1|feng|23
|player|p2|meeowiekins|160
|gametype|singles
|gen|6
|tier|UU
|rated
|rule|Sleep Clause Mod: Limit one foe put to sleep
|rule|Species Clause: Limit one of each PokÃ©mon
|rule|OHKO Clause: OHKO moves are banned
|rule|Moody Clause: Moody is banned
|rule|Evasion Moves Clause: Evasion moves are banned
|rule|Endless Battle Clause: Forcing endless battles is banned
|rule|HP Percentage Mod: HP is shown in percentages
|clearpoke
|poke|p1|Kingdra, F
|poke|p1|Crobat, F
|poke|p1|Aggron, F
|poke|p1|Blissey, F
|poke|p1|Alomomola, M
|poke|p1|Krookodile, F
|poke|p2|Lucario, F
|poke|p2|Infernape, F
|poke|p2|Azelf
|poke|p2|Crobat, F
|poke|p2|Blastoise, M
|poke|p2|Flygon, M
|rule|Swagger Clause: Swagger is banned
|rule|Baton Pass Clause: Limit one PokÃ©mon knowing Baton Pass
|teampreview
|c|âmeeowiekins|hello again
|c|âfeng|hi
|c|âmeeowiekins|lol
|c|âmeeowiekins|now i know your secrets >:)
|
|start
|switch|p1a: Beta|Crobat, F|325\/325
|switch|p2a: Azelf|Azelf|292\/292
|turn|1
|c|âfeng|my team is on rmt lol
|c|âfeng|there is no secret
|c|âmeeowiekins|oh 
|c|âmeeowiekins|lol
|c|âmeeowiekins|i would bring my tailwind team
|c|âmeeowiekins|but that core
|join|H & A winter
|c|âmeeowiekins|is literally impossible to break with it
|
|move|p1a: Beta|Acrobatics|p2a: Azelf
|-damage|p2a: Azelf|105\/292
|move|p2a: Azelf|Knock Off|p1a: Beta
|-damage|p1a: Beta|236\/325
|
|turn|2
|
|switch|p2a: Blastoise|Blastoise, M|362\/362
|move|p1a: Beta|Acrobatics|p2a: Blastoise
|-damage|p2a: Blastoise|248\/362
|
|turn|3
|
|switch|p1a: Tau|Blissey, F|714\/714
|switch|p2a: Lucario|Lucario, F|281\/281
|
|turn|4
|
|switch|p1a: Delta|Alomomola, M|534\/534
|move|p2a: Lucario|Close Combat|p1a: Delta
|-damage|p1a: Delta|323\/534
|-damage|p2a: Lucario|235\/281|[from] item: Rocky Helmet|[of] p1a: Delta
|-unboost|p2a: Lucario|def|1
|-unboost|p2a: Lucario|spd|1
|-damage|p2a: Lucario|207\/281|[from] item: Life Orb
|
|turn|5
|join|Thexor
|leave|Thexor
|
|move|p2a: Lucario|Swords Dance|p2a: Lucario
|-boost|p2a: Lucario|atk|2
|move|p1a: Delta|Scald|p2a: Lucario
|-damage|p2a: Lucario|123\/281
|
|turn|6
|
|switch|p1a: Beta|Crobat, F|236\/325
|move|p2a: Lucario|Close Combat|p1a: Beta
|-resisted|p1a: Beta
|-damage|p1a: Beta|75\/325
|-unboost|p2a: Lucario|def|1
|-unboost|p2a: Lucario|spd|1
|-damage|p2a: Lucario|95\/281|[from] item: Life Orb
|
|turn|7
|
|switch|p1a: Delta|Alomomola, M|501\/534
|move|p2a: Lucario|Close Combat|p1a: Delta
|-damage|p1a: Delta|14\/534
|-damage|p2a: Lucario|49\/281|[from] item: Rocky Helmet|[of] p1a: Delta
|-unboost|p2a: Lucario|def|1
|-unboost|p2a: Lucario|spd|1
|-damage|p2a: Lucario|21\/281|[from] item: Life Orb
|
|turn|8
|join|ID: Hell
|
|switch|p1a: Beta|Crobat, F|75\/325
|move|p2a: Lucario|Close Combat|p1a: Beta
|-resisted|p1a: Beta
|-damage|p1a: Beta|0 fnt
|-unboost|p2a: Lucario|def|1
|-unboost|p2a: Lucario|spd|1
|-damage|p2a: Lucario|0 fnt|[from] item: Life Orb
|faint|p1a: Beta
|faint|p2a: Lucario
|
|
|switch|p2a: Azelf|Azelf|105\/292
|switch|p1a: Omega|Kingdra, F|291\/291
|turn|9
|
|move|p2a: Azelf|Explosion|p1a: Omega
|-damage|p1a: Omega|0 fnt
|faint|p2a: Azelf
|faint|p1a: Omega
|
|
|switch|p2a: Infernape|Infernape, F|293\/293
|switch|p1a: Delta|Alomomola, M|192\/534
|turn|10
|
|switch|p1a: Tau|Blissey, F|714\/714
|move|p2a: Infernape|Nasty Plot|p2a: Infernape
|-boost|p2a: Infernape|spa|2
|
|turn|11
|
|move|p2a: Infernape|Nasty Plot|p2a: Infernape
|-boost|p2a: Infernape|spa|2
|move|p1a: Tau|Wish|p1a: Tau
|
|turn|12
|
|move|p2a: Infernape|Nasty Plot|p2a: Infernape
|-boost|p2a: Infernape|spa|2
|move|p1a: Tau|Seismic Toss|p2a: Infernape
|-damage|p2a: Infernape|193\/293
|
|turn|13
|
|move|p2a: Infernape|Fire Blast|p1a: Tau
|-damage|p1a: Tau|50\/714
|-damage|p2a: Infernape|164\/293|[from] item: Life Orb
|move|p1a: Tau|Wish|p1a: Tau
|
|-heal|p1a: Tau|94\/714|[from] item: Leftovers
|turn|14
|c|âmeeowiekins|oml
|c|âmeeowiekins|idk whats more impressive
|c|âmeeowiekins|that blissey lived that
|c|âmeeowiekins|or that infernape did that much to a blissey
|
|move|p1a: Tau|Protect|p1a: Tau
|-singleturn|p1a: Tau|Protect
|move|p2a: Infernape|Fire Blast|p1a: Tau
|-activate|p1a: Tau|Protect
|
|-heal|p1a: Tau|451\/714|[from] move: Wish|[wisher] Tau
|-heal|p1a: Tau|495\/714|[from] item: Leftovers
|turn|15
|
|move|p2a: Infernape|Fire Blast|p1a: Tau
|-damage|p1a: Tau|0 fnt
|-damage|p2a: Infernape|135\/293|[from] item: Life Orb
|faint|p1a: Tau
|
|
|switch|p1a: Rho|Aggron, F|344\/344
|turn|16
|
|move|p2a: Infernape|Fire Blast|p1a: Rho|[miss]
|-miss|p2a: Infernape|p1a: Rho
|move|p1a: Rho|Metal Burst|p2a: Infernape
|-fail|p2a: Infernape
|
|turn|17
|c|âmeeowiekins|youre a clever one
|join|it's still summer?
|leave|it's still summer?
|
|move|p2a: Infernape|Fire Blast|p1a: Rho
|-activate|p1a: Rho|Sturdy
|-damage|p1a: Rho|1\/344
|-status|p1a: Rho|brn
|-damage|p2a: Infernape|106\/293|[from] item: Life Orb
|move|p1a: Rho|Metal Burst|p2a: Infernape
|-damage|p2a: Infernape|0 fnt
|faint|p2a: Infernape
|
|-damage|p1a: Rho|0 fnt|[from] brn
|faint|p1a: Rho
|
|switch|p2a: Crobat|Crobat, F|325\/325
|switch|p1a: Phi|Krookodile, F|331\/331
|-ability|p1a: Phi|Intimidate|[of] p2a: Crobat
|-unboost|p2a: Crobat|atk|1
|turn|18
|
|move|p2a: Crobat|U-turn|p1a: Phi
|-supereffective|p1a: Phi
|-damage|p1a: Phi|173\/331
|
|switch|p2a: Flygon|Flygon, M|301\/301
|move|p1a: Phi|Knock Off|p2a: Flygon
|-damage|p2a: Flygon|16\/301
|-enditem|p2a: Flygon|Choice Scarf|[from] move: Knock Off|[of] p1a: Phi
|
|turn|19
|
|move|p2a: Flygon|Outrage|p1a: Phi
|-damage|p1a: Phi|0 fnt
|faint|p1a: Phi
|
|
|switch|p1a: Delta|Alomomola, M|370\/534
|turn|20
|c|âmeeowiekins|oh fk
|c|âmeeowiekins|i thought
|c|âmeeowiekins|that was at 30
|c|âmeeowiekins|lol
|
|move|p2a: Flygon|Outrage|p1a: Delta
|-damage|p1a: Delta|211\/534
|-damage|p2a: Flygon|0 fnt|[from] item: Rocky Helmet|[of] p1a: Delta
|faint|p2a: Flygon
|move|p1a: Delta|Wish|p1a: Delta
|
|
|switch|p2a: Crobat|Crobat, F|325\/325
|turn|21
|
|move|p2a: Crobat|Cross Poison|p1a: Delta
|-damage|p1a: Delta|90\/534
|-damage|p2a: Crobat|271\/325|[from] item: Rocky Helmet|[of] p1a: Delta
|move|p1a: Delta|Knock Off|p2a: Crobat
|-damage|p2a: Crobat|202\/325
|-enditem|p2a: Crobat|Choice Band|[from] move: Knock Off|[of] p1a: Delta
|
|-heal|p1a: Delta|357\/534|[from] move: Wish|[wisher] Delta
|turn|22
|
|move|p2a: Crobat|Cross Poison|p1a: Delta
|-damage|p1a: Delta|278\/534
|-damage|p2a: Crobat|148\/325|[from] item: Rocky Helmet|[of] p1a: Delta
|move|p1a: Delta|Wish|p1a: Delta
|
|turn|23
|
|move|p2a: Crobat|Cross Poison|p1a: Delta
|-damage|p1a: Delta|202\/534
|-damage|p2a: Crobat|94\/325|[from] item: Rocky Helmet|[of] p1a: Delta
|-status|p1a: Delta|psn
|move|p1a: Delta|Scald|p2a: Crobat
|-damage|p2a: Crobat|48\/325
|
|-heal|p1a: Delta|469\/534 psn|[from] move: Wish|[wisher] Delta
|-damage|p1a: Delta|403\/534 psn|[from] psn
|turn|24
|
|switch|p2a: Blastoise|Blastoise, M|248\/362
|move|p1a: Delta|Wish|p1a: Delta
|
|-damage|p1a: Delta|337\/534 psn|[from] psn
|turn|25
|
|detailschange|p2a: Blastoise|Blastoise-Mega, M
|message|Blastoise has Mega Evolved into Mega Blastoise!
|move|p2a: Blastoise|Dark Pulse|p1a: Delta
|-damage|p1a: Delta|115\/534 psn
|move|p1a: Delta|Toxic|p2a: Blastoise|[miss]
|-miss|p1a: Delta|p2a: Blastoise
|
|-heal|p1a: Delta|382\/534 psn|[from] move: Wish|[wisher] Delta
|-damage|p1a: Delta|316\/534 psn|[from] psn
|turn|26
|
|move|p2a: Blastoise|Dark Pulse|p1a: Delta
|-damage|p1a: Delta|91\/534 psn
|move|p1a: Delta|Scald|p2a: Blastoise
|-resisted|p2a: Blastoise
|-damage|p2a: Blastoise|230\/362
|-status|p2a: Blastoise|brn
|
|-damage|p2a: Blastoise|185\/362 brn|[from] brn
|-damage|p1a: Delta|25\/534 psn|[from] psn
|turn|27
|c|âmeeowiekins|gg
|c|âfeng|gg
|
|move|p2a: Blastoise|Dark Pulse|p1a: Delta
|-damage|p1a: Delta|0 fnt
|faint|p1a: Delta
|
|win|meeowiekins
|raw|Ladder updating...
|raw|feng's rating: 1747 &rarr; <strong>1717<\/strong><br \/>(-30 for losing)
|raw|meeowiekins's rating: 1550 &rarr; <strong>1580<\/strong><br \/>(+30 for winning)
|c|âmeeowiekins|that was a really cool play with aggron
|leave|feng
|player|p1