|join|Omegateck
|join|meeowiekins
|player|p1|Omegateck|1
|player|p2|meeowiekins|160
|gametype|singles
|gen|6
|tier|UU
|rated
|rule|Sleep Clause Mod: Limit one foe put to sleep
|rule|Species Clause: Limit one of each PokÃ©mon
|rule|OHKO Clause: OHKO moves are banned
|rule|Moody Clause: Moody is banned
|rule|Evasion Moves Clause: Evasion moves are banned
|rule|Endless Battle Clause: Forcing endless battles is banned
|rule|HP Percentage Mod: HP is shown in percentages
|clearpoke
|poke|p1|Blastoise, F
|poke|p1|Darmanitan, F
|poke|p1|Zoroark, F
|poke|p1|Crobat, F
|poke|p1|Rhyperior, M
|poke|p1|Umbreon, M
|poke|p2|Uxie
|poke|p2|Whimsicott, F
|poke|p2|Haxorus, M
|poke|p2|Exploud, M
|poke|p2|Crobat, M
|poke|p2|Alomomola, M
|rule|Swagger Clause: Swagger is banned
|rule|Baton Pass Clause: Limit one PokÃ©mon knowing Baton Pass
|teampreview
|
|start
|switch|p1a: Rhyperior|Rhyperior, M|434\/434
|switch|p2a: Uxie|Uxie|354\/354
|turn|1
|
|move|p2a: Uxie|Stealth Rock|p1a: Rhyperior
|-sidestart|p1: Omegateck|move: Stealth Rock
|move|p1a: Rhyperior|Rock Blast|p2a: Uxie
|-damage|p2a: Uxie|323\/354
|-damage|p2a: Uxie|290\/354
|-crit|p2a: Uxie
|-damage|p2a: Uxie|238\/354
|-hitcount|p2a: Uxie|3
|
|-heal|p2a: Uxie|260\/354|[from] item: Leftovers
|turn|2
|
|move|p2a: Uxie|U-turn|p1a: Rhyperior
|-damage|p1a: Rhyperior|401\/434
|join|I<3Magikarp
|
|switch|p2a: Alomomola|Alomomola, M|481\/481
|move|p1a: Rhyperior|Stealth Rock|p2a: Alomomola
|-sidestart|p2: meeowiekins|move: Stealth Rock
|
|-heal|p1a: Rhyperior|428\/434|[from] item: Leftovers
|turn|3
|c| I<3Magikarp|hey
|c| I<3Magikarp|this isn't DMt
|c|âmeeowiekins|ikr
|c| I<3Magikarp|wtf bruh
|c|âmeeowiekins|:[
|
|switch|p1a: Blastoise|Blastoise, F|362\/362
|-damage|p1a: Blastoise|317\/362|[from] Stealth Rock
|move|p2a: Alomomola|Wish|p2a: Alomomola
|
|turn|4
|c| I<3Magikarp|he went offline
|c| I<3Magikarp|kek
|c|âmeeowiekins|ik
|c|âmeeowiekins|lel
|
|detailschange|p1a: Blastoise|Blastoise-Mega, F
|message|Blastoise has Mega Evolved into Mega Blastoise!
|move|p1a: Blastoise|Rapid Spin|p2a: Alomomola
|-damage|p2a: Alomomola|467\/481
|-sideend|p1: Omegateck|Stealth Rock|[from] move: Rapid Spin|[of] p1a: Blastoise
|move|p2a: Alomomola|Mirror Coat|p1a: Blastoise
|-fail|p1a: Blastoise
|
|-heal|p2a: Alomomola|481\/481|[from] move: Wish|[wisher] Alomomola
|turn|5
|c|âmeeowiekins|tfw im dumb
|
|move|p1a: Blastoise|Water Pulse|p2a: Alomomola
|-resisted|p2a: Alomomola
|-damage|p2a: Alomomola|361\/481
|move|p2a: Alomomola|Wish|p2a: Alomomola
|
|-heal|p2a: Alomomola|391\/481|[from] item: Leftovers
|turn|6
|
|switch|p1a: Umbreon|Umbreon, M|394\/394
|move|p2a: Alomomola|Scald|p1a: Umbreon
|-damage|p1a: Umbreon|366\/394
|-status|p1a: Umbreon|brn
|-status|p2a: Alomomola|brn
|
|-heal|p2a: Alomomola|481\/481 brn|[from] move: Wish|[wisher] Alomomola
|-heal|p1a: Umbreon|390\/394 brn|[from] item: Leftovers
|-damage|p1a: Umbreon|341\/394 brn|[from] brn
|-damage|p2a: Alomomola|421\/481 brn|[from] brn
|turn|7
|
|move|p1a: Umbreon|Wish|p1a: Umbreon
|move|p2a: Alomomola|Wish|p2a: Alomomola
|
|-heal|p1a: Umbreon|365\/394 brn|[from] item: Leftovers
|-heal|p2a: Alomomola|451\/481 brn|[from] item: Leftovers
|-damage|p1a: Umbreon|316\/394 brn|[from] brn
|-damage|p2a: Alomomola|391\/481 brn|[from] brn
|turn|8
|join|piperaim
|
|switch|p2a: Uxie|Uxie|260\/354
|-damage|p2a: Uxie|216\/354|[from] Stealth Rock
|move|p1a: Umbreon|Heal Bell|p1a: Umbreon
|-cureteam|p1a: Umbreon|[from] move: HealBell
|
|-heal|p1a: Umbreon|394\/394|[from] move: Wish|[wisher] Umbreon
|-heal|p2a: Uxie|354\/354|[from] move: Wish|[wisher] Alomomola
|turn|9
|
|move|p2a: Uxie|Stealth Rock|p1a: Umbreon
|-sidestart|p1: Omegateck|move: Stealth Rock
|move|p1a: Umbreon|Foul Play|p2a: Uxie
|-supereffective|p2a: Uxie
|-damage|p2a: Uxie|220\/354
|
|-heal|p2a: Uxie|242\/354|[from] item: Leftovers
|turn|10
|
|move|p2a: Uxie|U-turn|p1a: Umbreon
|-supereffective|p1a: Umbreon
|-damage|p1a: Umbreon|308\/394
|
|switch|p2a: Alomomola|Alomomola, M|481\/481 brn
|-damage|p2a: Alomomola|421\/481 brn|[from] Stealth Rock
|move|p1a: Umbreon|Foul Play|p2a: Alomomola
|-damage|p2a: Alomomola|360\/481 brn
|
|-heal|p2a: Alomomola|390\/481 brn|[from] item: Leftovers
|-heal|p1a: Umbreon|332\/394|[from] item: Leftovers
|-damage|p2a: Alomomola|330\/481 brn|[from] brn
|turn|11
|join|Emma Bae
|
|move|p2a: Alomomola|Wish|p2a: Alomomola
|move|p1a: Umbreon|Wish|p1a: Umbreon
|
|-heal|p1a: Umbreon|356\/394|[from] item: Leftovers
|-heal|p2a: Alomomola|360\/481 brn|[from] item: Leftovers
|-damage|p2a: Alomomola|300\/481 brn|[from] brn
|turn|12
|
|switch|p1a: Blastoise|Blastoise-Mega, F|317\/362
|-damage|p1a: Blastoise|272\/362|[from] Stealth Rock
|switch|p2a: Exploud|Exploud, M|350\/350
|-damage|p2a: Exploud|307\/350|[from] Stealth Rock
|
|-heal|p1a: Blastoise|362\/362|[from] move: Wish|[wisher] Umbreon
|-heal|p2a: Exploud|350\/350|[from] move: Wish|[wisher] Alomomola
|turn|13
|
|switch|p1a: Rhyperior|Rhyperior, M|428\/434
|-damage|p1a: Rhyperior|401\/434|[from] Stealth Rock
|move|p2a: Exploud|Boomburst|p1a: Rhyperior
|-resisted|p1a: Rhyperior
|-damage|p1a: Rhyperior|239\/434
|
|-heal|p1a: Rhyperior|266\/434|[from] item: Leftovers
|turn|14
|
|switch|p2a: Alomomola|Alomomola, M|460\/481 brn
|-damage|p2a: Alomomola|400\/481 brn|[from] Stealth Rock
|move|p1a: Rhyperior|Earthquake|p2a: Alomomola
|-damage|p2a: Alomomola|264\/481 brn
|
|-heal|p2a: Alomomola|294\/481 brn|[from] item: Leftovers
|-heal|p1a: Rhyperior|293\/434|[from] item: Leftovers
|-damage|p2a: Alomomola|234\/481 brn|[from] brn
|turn|15
|
|switch|p1a: Blastoise|Blastoise-Mega, F|362\/362
|-damage|p1a: Blastoise|317\/362|[from] Stealth Rock
|move|p2a: Alomomola|Wish|p2a: Alomomola
|
|-heal|p2a: Alomomola|264\/481 brn|[from] item: Leftovers
|-damage|p2a: Alomomola|204\/481 brn|[from] brn
|turn|16
|
|move|p2a: Alomomola|Protect|p2a: Alomomola
|-singleturn|p2a: Alomomola|Protect
|move|p1a: Blastoise|Rapid Spin|p2a: Alomomola
|-activate|p2a: Alomomola|Protect
|
|-heal|p2a: Alomomola|444\/481 brn|[from] move: Wish|[wisher] Alomomola
|-heal|p2a: Alomomola|474\/481 brn|[from] item: Leftovers
|-damage|p2a: Alomomola|414\/481 brn|[from] brn
|turn|17
|
|switch|p2a: Exploud|Exploud, M|350\/350
|-damage|p2a: Exploud|307\/350|[from] Stealth Rock
|move|p1a: Blastoise|Dark Pulse|p2a: Exploud
|-damage|p2a: Exploud|88\/350
|
|turn|18
|c|âmeeowiekins|tfw didnt click mirror coat
|
|move|p2a: Exploud|Boomburst|p1a: Blastoise
|-damage|p1a: Blastoise|32\/362
|move|p1a: Blastoise|Dark Pulse|p2a: Exploud
|-damage|p2a: Exploud|0 fnt
|faint|p2a: Exploud
|
|
|switch|p2a: Crobat|Crobat, M|325\/325
|-damage|p2a: Crobat|244\/325|[from] Stealth Rock
|turn|19
|
|move|p2a: Crobat|Brave Bird|p1a: Blastoise
|-damage|p1a: Blastoise|0 fnt
|-damage|p2a: Crobat|233\/325|[from] recoil|[of] p1a: Blastoise
|faint|p1a: Blastoise
|
|
|switch|p1a: Darmanitan|Darmanitan, F|351\/351
|-damage|p1a: Darmanitan|264\/351|[from] Stealth Rock
|turn|20
|
|switch|p2a: Alomomola|Alomomola, M|481\/481 brn
|-damage|p2a: Alomomola|421\/481 brn|[from] Stealth Rock
|move|p1a: Darmanitan|Flare Blitz|p2a: Alomomola
|-resisted|p2a: Alomomola
|-damage|p2a: Alomomola|303\/481 brn
|-damage|p1a: Darmanitan|225\/351|[from] recoil|[of] p2a: Alomomola
|
|-heal|p2a: Alomomola|333\/481 brn|[from] item: Leftovers
|-damage|p2a: Alomomola|273\/481 brn|[from] brn
|turn|21
|
|switch|p1a: Umbreon|Umbreon, M|356\/394
|-damage|p1a: Umbreon|307\/394|[from] Stealth Rock
|move|p2a: Alomomola|Wish|p2a: Alomomola
|
|-heal|p1a: Umbreon|331\/394|[from] item: Leftovers
|-heal|p2a: Alomomola|303\/481 brn|[from] item: Leftovers
|-damage|p2a: Alomomola|243\/481 brn|[from] brn
|turn|22
|
|switch|p2a: Crobat|Crobat, M|233\/325
|-damage|p2a: Crobat|152\/325|[from] Stealth Rock
|move|p1a: Umbreon|Wish|p1a: Umbreon
|
|-heal|p2a: Crobat|325\/325|[from] move: Wish|[wisher] Alomomola
|-heal|p1a: Umbreon|355\/394|[from] item: Leftovers
|turn|23
|
|move|p2a: Crobat|U-turn|p1a: Umbreon
|-supereffective|p1a: Umbreon
|-damage|p1a: Umbreon|227\/394
|
|switch|p2a: Whimsicott|Whimsicott, F|262\/262
|-damage|p2a: Whimsicott|230\/262|[from] Stealth Rock
|move|p1a: Umbreon|Foul Play|p2a: Whimsicott
|-resisted|p2a: Whimsicott
|-damage|p2a: Whimsicott|186\/262
|
|-heal|p1a: Umbreon|394\/394|[from] move: Wish|[wisher] Umbreon
|-heal|p2a: Whimsicott|202\/262|[from] item: Leftovers
|turn|24
|
|switch|p1a: Crobat|Crobat, F|311\/311
|-damage|p1a: Crobat|234\/311|[from] Stealth Rock
|move|p2a: Whimsicott|U-turn|p1a: Crobat
|-resisted|p1a: Crobat
|-damage|p1a: Crobat|224\/311
|
|switch|p2a: Crobat|Crobat, M|325\/325
|-damage|p2a: Crobat|244\/325|[from] Stealth Rock
|
|turn|25
|
|switch|p1a: Rhyperior|Rhyperior, M|293\/434
|-damage|p1a: Rhyperior|266\/434|[from] Stealth Rock
|move|p2a: Crobat|Brave Bird|p1a: Rhyperior
|-resisted|p1a: Rhyperior
|-damage|p1a: Rhyperior|182\/434
|-damage|p2a: Crobat|216\/325|[from] recoil|[of] p1a: Rhyperior
|
|-heal|p1a: Rhyperior|209\/434|[from] item: Leftovers
|turn|26
|
|switch|p1a: Darmanitan|Darmanitan, F|261\/261
|-damage|p1a: Darmanitan|229\/261|[from] Stealth Rock
|move|p2a: Crobat|U-turn|p1a: Darmanitan
|-supereffective|p1a: Darmanitan
|replace|p1a: Zoroark|Zoroark, F|229\/261
|-damage|p1a: Zoroark|49\/261
|
|switch|p2a: Whimsicott|Whimsicott, F|202\/262
|-damage|p2a: Whimsicott|170\/262|[from] Stealth Rock
|
|-heal|p2a: Whimsicott|186\/262|[from] item: Leftovers
|turn|27
|
|move|p2a: Whimsicott|U-turn|p1a: Zoroark
|-supereffective|p1a: Zoroark
|-damage|p1a: Zoroark|0 fnt
|faint|p1a: Zoroark
|
|switch|p2a: Alomomola|Alomomola, M|403\/481 brn
|-damage|p2a: Alomomola|343\/481 brn|[from] Stealth Rock
|
|-heal|p2a: Alomomola|373\/481 brn|[from] item: Leftovers
|-damage|p2a: Alomomola|313\/481 brn|[from] brn
|
|switch|p1a: Umbreon|Umbreon, M|394\/394
|-damage|p1a: Umbreon|345\/394|[from] Stealth Rock
|turn|28
|c|âmeeowiekins|tfw 1 for 1 with scald burns
|
|move|p2a: Alomomola|Wish|p2a: Alomomola
|move|p1a: Umbreon|Wish|p1a: Umbreon
|
|-heal|p2a: Alomomola|343\/481 brn|[from] item: Leftovers
|-heal|p1a: Umbreon|369\/394|[from] item: Leftovers
|-damage|p2a: Alomomola|283\/481 brn|[from] brn
|turn|29
|c|âmeeowiekins|feels good man
|
|switch|p2a: Uxie|Uxie|242\/354
|-damage|p2a: Uxie|198\/354|[from] Stealth Rock
|switch|p1a: Rhyperior|Rhyperior, M|209\/434
|-damage|p1a: Rhyperior|182\/434|[from] Stealth Rock
|
|-heal|p1a: Rhyperior|379\/434|[from] move: Wish|[wisher] Umbreon
|-heal|p2a: Uxie|354\/354|[from] move: Wish|[wisher] Alomomola
|-heal|p1a: Rhyperior|406\/434|[from] item: Leftovers
|turn|30
|
|move|p1a: Rhyperior|Protect|p1a: Rhyperior
|-singleturn|p1a: Rhyperior|Protect
|move|p2a: Uxie|Knock Off|p1a: Rhyperior
|-activate|p1a: Rhyperior|Protect
|
|-heal|p1a: Rhyperior|433\/434|[from] item: Leftovers
|turn|31
|
|move|p2a: Uxie|Knock Off|p1a: Rhyperior
|-damage|p1a: Rhyperior|384\/434
|-enditem|p1a: Rhyperior|Leftovers|[from] move: Knock Off|[of] p2a: Uxie
|move|p1a: Rhyperior|Rock Blast|p2a: Uxie
|-damage|p2a: Uxie|321\/354
|-damage|p2a: Uxie|290\/354
|-hitcount|p2a: Uxie|2
|
|-heal|p2a: Uxie|312\/354|[from] item: Leftovers
|turn|32
|join|I<3Magikarp
|
|move|p2a: Uxie|U-turn|p1a: Rhyperior
|-damage|p1a: Rhyperior|347\/434
|
|switch|p2a: Alomomola|Alomomola, M|443\/481 brn
|-damage|p2a: Alomomola|383\/481 brn|[from] Stealth Rock
|move|p1a: Rhyperior|Rock Blast|p2a: Alomomola
|-damage|p2a: Alomomola|349\/481 brn
|-damage|p2a: Alomomola|312\/481 brn
|-damage|p2a: Alomomola|278\/481 brn
|-hitcount|p2a: Alomomola|3
|
|-heal|p2a: Alomomola|308\/481 brn|[from] item: Leftovers
|-damage|p2a: Alomomola|248\/481 brn|[from] brn
|turn|33
|
|move|p2a: Alomomola|Wish|p2a: Alomomola
|move|p1a: Rhyperior|Earthquake|p2a: Alomomola
|-damage|p2a: Alomomola|121\/481 brn
|
|-heal|p2a: Alomomola|151\/481 brn|[from] item: Leftovers
|-damage|p2a: Alomomola|91\/481 brn|[from] brn
|turn|34
|
|switch|p1a: Umbreon|Umbreon, M|369\/394
|-damage|p1a: Umbreon|320\/394|[from] Stealth Rock
|move|p2a: Alomomola|Protect|p2a: Alomomola
|-fail|p2a: Alomomola
|
|-heal|p2a: Alomomola|331\/481 brn|[from] move: Wish|[wisher] Alomomola
|-heal|p1a: Umbreon|344\/394|[from] item: Leftovers
|-heal|p2a: Alomomola|361\/481 brn|[from] item: Leftovers
|-damage|p2a: Alomomola|301\/481 brn|[from] brn
|turn|35
|
|move|p2a: Alomomola|Wish|p2a: Alomomola
|move|p1a: Umbreon|Wish|p1a: Umbreon
|
|-heal|p1a: Umbreon|368\/394|[from] item: Leftovers
|-heal|p2a: Alomomola|331\/481 brn|[from] item: Leftovers
|-damage|p2a: Alomomola|271\/481 brn|[from] brn
|turn|36
|
|move|p2a: Alomomola|Scald|p1a: Umbreon
|-damage|p1a: Umbreon|340\/394
|move|p1a: Umbreon|Foul Play|p2a: Alomomola
|-damage|p2a: Alomomola|217\/481 brn
|
|-heal|p1a: Umbreon|394\/394|[from] move: Wish|[wisher] Umbreon
|-heal|p2a: Alomomola|457\/481 brn|[from] move: Wish|[wisher] Alomomola
|-heal|p2a: Alomomola|481\/481 brn|[from] item: Leftovers
|-damage|p2a: Alomomola|421\/481 brn|[from] brn
|turn|37
|
|move|p1a: Umbreon|Wish|p1a: Umbreon
|move|p2a: Alomomola|Wish|p2a: Alomomola
|
|-heal|p2a: Alomomola|451\/481 brn|[from] item: Leftovers
|-damage|p2a: Alomomola|391\/481 brn|[from] brn
|turn|38
|
|move|p1a: Umbreon|Foul Play|p2a: Alomomola
|-damage|p2a: Alomomola|334\/481 brn
|move|p2a: Alomomola|Scald|p1a: Umbreon
|-damage|p1a: Umbreon|367\/394
|
|-heal|p1a: Umbreon|394\/394|[from] move: Wish|[wisher] Umbreon
|-heal|p2a: Alomomola|481\/481 brn|[from] move: Wish|[wisher] Alomomola
|-damage|p2a: Alomomola|421\/481 brn|[from] brn
|turn|39
|
|move|p2a: Alomomola|Wish|p2a: Alomomola
|move|p1a: Umbreon|Foul Play|p2a: Alomomola
|-damage|p2a: Alomomola|364\/481 brn
|
|-heal|p2a: Alomomola|394\/481 brn|[from] item: Leftovers
|-damage|p2a: Alomomola|334\/481 brn|[from] brn
|turn|40
|
|switch|p2a: Whimsicott|Whimsicott, F|186\/262
|-damage|p2a: Whimsicott|154\/262|[from] Stealth Rock
|move|p1a: Umbreon|Wish|p1a: Umbreon
|
|-heal|p2a: Whimsicott|262\/262|[from] move: Wish|[wisher] Alomomola
|turn|41
|
|switch|p1a: Darmanitan|Darmanitan, F|225\/351
|-damage|p1a: Darmanitan|138\/351|[from] Stealth Rock
|move|p2a: Whimsicott|U-turn|p1a: Darmanitan
|-crit|p1a: Darmanitan
|-resisted|p1a: Darmanitan
|-damage|p1a: Darmanitan|91\/351
|
|switch|p2a: Alomomola|Alomomola, M|481\/481 brn
|-damage|p2a: Alomomola|421\/481 brn|[from] Stealth Rock
|
|-heal|p1a: Darmanitan|288\/351|[from] move: Wish|[wisher] Umbreon
|-heal|p2a: Alomomola|451\/481 brn|[from] item: Leftovers
|-damage|p2a: Alomomola|391\/481 brn|[from] brn
|turn|42
|
|move|p1a: Darmanitan|U-turn|p2a: Alomomola
|-damage|p2a: Alomomola|313\/481 brn
|
|switch|p1a: Umbreon|Umbreon, M|394\/394
|-damage|p1a: Umbreon|345\/394|[from] Stealth Rock
|move|p2a: Alomomola|Scald|p1a: Umbreon
|-damage|p1a: Umbreon|315\/394
|
|-heal|p1a: Umbreon|339\/394|[from] item: Leftovers
|-heal|p2a: Alomomola|343\/481 brn|[from] item: Leftovers
|-damage|p2a: Alomomola|283\/481 brn|[from] brn
|turn|43
|
|switch|p2a: Whimsicott|Whimsicott, F|262\/262
|-damage|p2a: Whimsicott|230\/262|[from] Stealth Rock
|move|p1a: Umbreon|Foul Play|p2a: Whimsicott
|-resisted|p2a: Whimsicott
|-damage|p2a: Whimsicott|191\/262
|
|-heal|p2a: Whimsicott|207\/262|[from] item: Leftovers
|-heal|p1a: Umbreon|363\/394|[from] item: Leftovers
|turn|44
|
|move|p2a: Whimsicott|Moonblast|p1a: Umbreon
|-supereffective|p1a: Umbreon
|-damage|p1a: Umbreon|211\/394
|move|p1a: Umbreon|Wish|p1a: Umbreon
|
|-heal|p2a: Whimsicott|223\/262|[from] item: Leftovers
|-heal|p1a: Umbreon|235\/394|[from] item: Leftovers
|turn|45
|
|switch|p1a: Crobat|Crobat, F|224\/311
|-damage|p1a: Crobat|147\/311|[from] Stealth Rock
|move|p2a: Whimsicott|Moonblast|p1a: Crobat
|-crit|p1a: Crobat
|-resisted|p1a: Crobat
|-damage|p1a: Crobat|33\/311
|
|-heal|p1a: Crobat|230\/311|[from] move: Wish|[wisher] Umbreon
|-heal|p2a: Whimsicott|239\/262|[from] item: Leftovers
|turn|46
|
|switch|p2a: Alomomola|Alomomola, M|443\/481 brn
|-damage|p2a: Alomomola|383\/481 brn|[from] Stealth Rock
|move|p1a: Crobat|Brave Bird|p2a: Alomomola
|-damage|p2a: Alomomola|199\/481 brn
|-damage|p1a: Crobat|169\/311|[from] recoil|[of] p2a: Alomomola
|
|-heal|p2a: Alomomola|229\/481 brn|[from] item: Leftovers
|-damage|p2a: Alomomola|169\/481 brn|[from] brn
|turn|47
|leave|Emma Bae
|
|move|p1a: Crobat|Brave Bird|p2a: Alomomola
|-damage|p2a: Alomomola|0 fnt
|-damage|p1a: Crobat|113\/311|[from] recoil|[of] p2a: Alomomola
|faint|p2a: Alomomola
|
|
|switch|p2a: Uxie|Uxie|312\/354
|-damage|p2a: Uxie|268\/354|[from] Stealth Rock
|turn|48
|
|move|p1a: Crobat|Roost|p1a: Crobat
|-heal|p1a: Crobat|269\/311
|move|p2a: Uxie|Thunder Wave|p1a: Crobat
|-status|p1a: Crobat|par
|
|-heal|p2a: Uxie|290\/354|[from] item: Leftovers
|turn|49
|
|move|p2a: Uxie|Knock Off|p1a: Crobat
|-damage|p1a: Crobat|192\/311 par
|-enditem|p1a: Crobat|Sky Plate|[from] move: Knock Off|[of] p2a: Uxie
|move|p1a: Crobat|U-turn|p2a: Uxie
|-supereffective|p2a: Uxie
|-damage|p2a: Uxie|186\/354
|c|âmeeowiekins|nb
|
|switch|p1a: Umbreon|Umbreon, M|235\/394
|-damage|p1a: Umbreon|186\/394|[from] Stealth Rock
|
|-heal|p2a: Uxie|208\/354|[from] item: Leftovers
|-heal|p1a: Umbreon|210\/394|[from] item: Leftovers
|turn|50
|c|âmeeowiekins|!dt sky pl8
No Pokemon, item, move, ability or nature named 'sky pl8' was found. Showing the data of 'Sky Plate' instead.
|c|~|\/data-item Sky Plate
|raw|<font size="1"><font color=#585858>Fling Base Power:<\/font> 90<\/font>
|
|move|p2a: Uxie|U-turn|p1a: Umbreon
|-supereffective|p1a: Umbreon
|-damage|p1a: Umbreon|122\/394
|
|switch|p2a: Haxorus|Haxorus, M|294\/294
|-damage|p2a: Haxorus|258\/294|[from] Stealth Rock
|-ability|p2a: Haxorus|Mold Breaker
|move|p1a: Umbreon|Wish|p1a: Umbreon
|
|-heal|p1a: Umbreon|146\/394|[from] item: Leftovers
|turn|51
|
|move|p2a: Haxorus|Outrage|p1a: Umbreon
|-damage|p1a: Umbreon|0 fnt
|faint|p1a: Umbreon
|
|
|switch|p1a: Rhyperior|Rhyperior, M|347\/434
|-damage|p1a: Rhyperior|320\/434|[from] Stealth Rock
|turn|52
|
|move|p2a: Haxorus|Outrage|p1a: Rhyperior
|-damage|p1a: Rhyperior|49\/434
|move|p1a: Rhyperior|Earthquake|p2a: Haxorus
|-damage|p2a: Haxorus|81\/294
|
|-end|p2a: Haxorus|rampage
|-start|p2a: Haxorus|confusion
|turn|53
|
|switch|p2a: Uxie|Uxie|208\/354
|-damage|p2a: Uxie|164\/354|[from] Stealth Rock
|move|p1a: Rhyperior|Rock Blast|p2a: Uxie
|-damage|p2a: Uxie|134\/354
|-damage|p2a: Uxie|103\/354
|-damage|p2a: Uxie|72\/354
|-damage|p2a: Uxie|42\/354
|-damage|p2a: Uxie|6\/354
|-hitcount|p2a: Uxie|5
|
|-heal|p2a: Uxie|28\/354|[from] item: Leftovers
|turn|54
|
|move|p2a: Uxie|Knock Off|p1a: Rhyperior
|-damage|p1a: Rhyperior|15\/434
|move|p1a: Rhyperior|Rock Blast|p2a: Uxie
|-damage|p2a: Uxie|0 fnt
|-hitcount|p2a: Uxie|1
|faint|p2a: Uxie
|
|join|Emma Bae
|
|switch|p2a: Whimsicott|Whimsicott, F|239\/262
|-damage|p2a: Whimsicott|207\/262|[from] Stealth Rock
|turn|55
|
|move|p2a: Whimsicott|Giga Drain|p1a: Rhyperior
|-supereffective|p1a: Rhyperior
|-damage|p1a: Rhyperior|0 fnt
|-heal|p2a: Whimsicott|215\/262|[from] drain|[of] p1a: Rhyperior
|faint|p1a: Rhyperior
|
|-heal|p2a: Whimsicott|231\/262|[from] item: Leftovers
|
|switch|p1a: Crobat|Crobat, F|192\/311 par
|-damage|p1a: Crobat|115\/311 par|[from] Stealth Rock
|turn|56
|
|move|p2a: Whimsicott|Tailwind|p2a: Whimsicott
|-sidestart|p2: meeowiekins|move: Tailwind
|move|p1a: Crobat|Roost|p1a: Crobat
|-heal|p1a: Crobat|271\/311 par
|
|-heal|p2a: Whimsicott|247\/262|[from] item: Leftovers
|turn|57
|
|switch|p2a: Crobat|Crobat, M|216\/325
|-damage|p2a: Crobat|135\/325|[from] Stealth Rock
|move|p1a: Crobat|Taunt|p2a: Crobat
|-start|p2a: Crobat|move: Taunt
|
|turn|58
|join|LessThanThreeMan
|leave|LessThanThreeMan
|
|move|p2a: Crobat|Brave Bird|p1a: Crobat
|-damage|p1a: Crobat|42\/311 par
|-damage|p2a: Crobat|59\/325|[from] recoil|[of] p1a: Crobat
|move|p1a: Crobat|Brave Bird|p2a: Crobat
|-damage|p2a: Crobat|0 fnt
|-damage|p1a: Crobat|23\/311 par|[from] recoil|[of] p2a: Crobat
|faint|p2a: Crobat
|
|
|switch|p2a: Whimsicott|Whimsicott, F|247\/262
|-damage|p2a: Whimsicott|215\/262|[from] Stealth Rock
|turn|59
|
|move|p2a: Whimsicott|Moonblast|p1a: Crobat
|-resisted|p1a: Crobat
|-damage|p1a: Crobat|0 fnt
|faint|p1a: Crobat
|
|-heal|p2a: Whimsicott|231\/262|[from] item: Leftovers
|-sideend|p2: meeowiekins|move: Tailwind
|
|switch|p1a: Darmanitan|Darmanitan, F|288\/351
|-damage|p1a: Darmanitan|201\/351|[from] Stealth Rock
|turn|60
|
|move|p2a: Whimsicott|Tailwind|p2a: Whimsicott
|-sidestart|p2: meeowiekins|move: Tailwind
|move|p1a: Darmanitan|Flare Blitz|p2a: Whimsicott
|-supereffective|p2a: Whimsicott
|-damage|p2a: Whimsicott|0 fnt
|-damage|p1a: Darmanitan|125\/351|[from] recoil|[of] p2a: Whimsicott
|faint|p2a: Whimsicott
|
|c|âmeeowiekins|gg
|
|switch|p2a: Haxorus|Haxorus, M|81\/294
|-damage|p2a: Haxorus|45\/294|[from] Stealth Rock
|-ability|p2a: Haxorus|Mold Breaker
|turn|61
|
|move|p2a: Haxorus|Dragon Claw|p1a: Darmanitan
|-damage|p1a: Darmanitan|0 fnt
|faint|p1a: Darmanitan
|
|win|meeowiekins
|raw|Ladder updating...
|c|âOmegateck|gg
|raw|Omegateck's rating: 1528 &rarr; <strong>1509<\/strong><br \/>(-19 for losing)
|raw|meeowiekins's rating: 1546 &rarr; <strong>1565<\/strong><br \/>(+19 for winning)
|leave|Omegateck
|player|p1