|join|aKai_RiNGo
|join|meeowiekins
|player|p1|aKai_RiNGo|168
|player|p2|meeowiekins|160
|gametype|singles
|gen|6
|tier|UU
|rated
|rule|Sleep Clause Mod: Limit one foe put to sleep
|rule|Species Clause: Limit one of each Pokemon
|rule|OHKO Clause: OHKO moves are banned
|rule|Moody Clause: Moody is banned
|rule|Evasion Moves Clause: Evasion moves are banned
|rule|Endless Battle Clause: Forcing endless battles is banned.
|rule|HP Percentage Mod: HP is reported as percentages
|clearpoke
|poke|p1|Aerodactyl, M
|poke|p1|Arcanine, M
|poke|p1|Weezing, F
|poke|p1|Milotic, M
|poke|p1|Flygon, M, shiny
|poke|p1|Ambipom, M
|poke|p2|Galvantula, M
|poke|p2|Cobalion
|poke|p2|Aerodactyl, M
|poke|p2|Flygon, M
|poke|p2|Chandelure, M
|poke|p2|Roserade, F
|teampreview
|
|start
|switch|p1a: Aerodactyl|Aerodactyl, M|302\/302
|switch|p2a: Galvantula|Galvantula, M|281\/281
|-ability|p1a: Aerodactyl|Pressure
|turn|1
|
|detailschange|p1a: Aerodactyl|Aerodactyl-Mega, M
|message|Aerodactyl has Mega Evolved into Mega Aerodactyl!
|move|p1a: Aerodactyl|Stone Edge|p2a: Galvantula|[miss]
|-miss|p1a: Aerodactyl|p2a: Galvantula
|move|p2a: Galvantula|Thunder|p1a: Aerodactyl
|-supereffective|p1a: Aerodactyl
|-damage|p1a: Aerodactyl|0 fnt
|faint|p1a: Aerodactyl
|
|
|switch|p1a: Ambipom|Ambipom, M|292\/292
|turn|2
|
|switch|p2a: Chandelure|Chandelure, M|277\/277
|move|p1a: Ambipom|Acrobatics|p2a: Chandelure
|-damage|p2a: Chandelure|168\/277
|-damage|p1a: Ambipom|263\/292|[from] item: Life Orb
|
|turn|3
|
|switch|p2a: Aerodactyl|Aerodactyl, M|339\/339
|move|p1a: Ambipom|U-turn|p2a: Aerodactyl
|-resisted|p2a: Aerodactyl
|-damage|p2a: Aerodactyl|278\/339
|-damage|p1a: Ambipom|234\/292|[from] item: Life Orb
|
|switch|p1a: Milotic|Milotic, M|394\/394
|
|turn|4
|
|switch|p2a: Galvantula|Galvantula, M|281\/281
|move|p1a: Milotic|Scald|p2a: Galvantula
|-damage|p2a: Galvantula|139\/281
|-status|p2a: Galvantula|brn
|
|-damage|p2a: Galvantula|104\/281 brn|[from] brn
|turn|5
|
|switch|p1a: Flygon|Flygon, M, shiny|301\/301
|move|p2a: Galvantula|Sticky Web|p1a: Flygon
|-sidestart|p1: aKai_RiNGo|move: Sticky Web
|
|-damage|p2a: Galvantula|69\/281 brn|[from] brn
|turn|6
|
|move|p2a: Galvantula|Energy Ball|p1a: Flygon
|-damage|p1a: Flygon|195\/301
|-unboost|p1a: Flygon|spd|1
|move|p1a: Flygon|Fire Punch|p2a: Galvantula
|-supereffective|p2a: Galvantula
|-damage|p2a: Galvantula|0 fnt
|faint|p2a: Galvantula
|
|
|switch|p2a: Chandelure|Chandelure, M|168\/277
|turn|7
|
|move|p1a: Flygon|Earthquake|p2a: Chandelure
|-supereffective|p2a: Chandelure
|-damage|p2a: Chandelure|0 fnt
|faint|p2a: Chandelure
|
|
|switch|p2a: Cobalion|Cobalion|323\/323
|turn|8
|
|move|p2a: Cobalion|Close Combat|p1a: Flygon
|-damage|p1a: Flygon|0 fnt
|-unboost|p2a: Cobalion|def|1
|-unboost|p2a: Cobalion|spd|1
|-damage|p2a: Cobalion|291\/323|[from] item: Life Orb
|faint|p1a: Flygon
|
|
|switch|p1a: Weezing|Weezing, F|334\/334
|turn|9
|
|switch|p2a: Roserade|Roserade, F|261\/261
|move|p1a: Weezing|Flamethrower|p2a: Roserade
|-supereffective|p2a: Roserade
|-damage|p2a: Roserade|137\/261
|
|turn|10
|
|move|p2a: Roserade|Sleep Powder|p1a: Weezing
|-status|p1a: Weezing|slp
|cant|p1a: Weezing|slp
|
|turn|11
|
|switch|p2a: Aerodactyl|Aerodactyl, M|278\/339
|switch|p1a: Arcanine|Arcanine, M|321\/321
|-activate|p1a: Arcanine|move: Sticky Web
|-unboost|p1a: Arcanine|spe|1
|-ability|p1a: Arcanine|Intimidate|[of] p2a: Aerodactyl
|-unboost|p2a: Aerodactyl|atk|1
|
|turn|12
|
|switch|p1a: Weezing|Weezing, F|334\/334 slp
|detailschange|p2a: Aerodactyl|Aerodactyl-Mega, M
|message|Aerodactyl has Mega Evolved into Mega Aerodactyl!
|move|p2a: Aerodactyl|Stone Edge|p1a: Weezing
|-damage|p1a: Weezing|246\/334 slp
|
|-heal|p1a: Weezing|266\/334 slp|[from] item: Black Sludge
|turn|13
|
|switch|p2a: Flygon|Flygon, M|301\/301
|-curestatus|p1a: Weezing|slp
|move|p1a: Weezing|Thunderbolt|p2a: Flygon
|-immune|p2a: Flygon|[msg]
|
|-heal|p1a: Weezing|286\/334|[from] item: Black Sludge
|turn|14
|
|move|p2a: Flygon|U-turn|p1a: Weezing
|-resisted|p1a: Weezing
|-damage|p1a: Weezing|253\/334
|
|switch|p2a: Roserade|Roserade, F|137\/261
|move|p1a: Weezing|Toxic|p2a: Roserade
|-fail|p2a: Roserade
|
|-heal|p1a: Weezing|273\/334|[from] item: Black Sludge
|turn|15
|
|move|p2a: Roserade|Sleep Powder|p1a: Weezing
|-status|p1a: Weezing|slp
|cant|p1a: Weezing|slp
|
|-heal|p1a: Weezing|293\/334 slp|[from] item: Black Sludge
|turn|16
|
|move|p2a: Roserade|Giga Drain|p1a: Weezing
|-resisted|p1a: Weezing
|-damage|p1a: Weezing|166\/334 slp
|-heal|p2a: Roserade|201\/261|[from] drain|[of] p1a: Weezing
|-damage|p2a: Roserade|175\/261|[from] item: Life Orb
|cant|p1a: Weezing|slp
|
|-heal|p1a: Weezing|186\/334 slp|[from] item: Black Sludge
|turn|17
|
|move|p2a: Roserade|Giga Drain|p1a: Weezing
|-resisted|p1a: Weezing
|-damage|p1a: Weezing|69\/334 slp
|-heal|p2a: Roserade|234\/261|[from] drain|[of] p1a: Weezing
|-damage|p2a: Roserade|208\/261|[from] item: Life Orb
|-curestatus|p1a: Weezing|slp
|move|p1a: Weezing|Flamethrower|p2a: Roserade
|-supereffective|p2a: Roserade
|-damage|p2a: Roserade|82\/261
|
|-heal|p1a: Weezing|89\/334|[from] item: Black Sludge
|turn|18
|
|move|p2a: Roserade|Giga Drain|p1a: Weezing
|-resisted|p1a: Weezing
|-damage|p1a: Weezing|0 fnt
|-heal|p2a: Roserade|127\/261|[from] drain|[of] p1a: Weezing
|-damage|p2a: Roserade|101\/261|[from] item: Life Orb
|faint|p1a: Weezing
|
|
|switch|p1a: Ambipom|Ambipom, M|234\/292
|-activate|p1a: Ambipom|move: Sticky Web
|-unboost|p1a: Ambipom|spe|1
|turn|19
|
|switch|p2a: Cobalion|Cobalion|291\/323
|move|p1a: Ambipom|Fake Out|p2a: Cobalion
|-resisted|p2a: Cobalion
|-damage|p2a: Cobalion|247\/323
|-damage|p1a: Ambipom|205\/292|[from] item: Life Orb
|
|turn|20
|
|move|p2a: Cobalion|Close Combat|p1a: Ambipom
|-supereffective|p1a: Ambipom
|-damage|p1a: Ambipom|0 fnt
|-unboost|p2a: Cobalion|def|1
|-unboost|p2a: Cobalion|spd|1
|-damage|p2a: Cobalion|215\/323|[from] item: Life Orb
|faint|p1a: Ambipom
|
|-message|aKai_RiNGo forfeited.
|
|win|meeowiekins
|raw|Ladder updating...
|leave|aKai_RiNGo
|player|p1