|join|meeowiekins
|join|iplaytennislol
|player|p1|meeowiekins|160
|player|p2|iplaytennislol|175
|gametype|singles
|gen|6
|tier|UU
|rule|Sleep Clause Mod: Limit one foe put to sleep
|rule|Species Clause: Limit one of each PokÃ©mon
|rule|OHKO Clause: OHKO moves are banned
|rule|Moody Clause: Moody is banned
|rule|Evasion Moves Clause: Evasion moves are banned
|rule|Endless Battle Clause: Forcing endless battles is banned
|rule|HP Percentage Mod: HP is shown in percentages
|clearpoke
|poke|p1|Uxie
|poke|p1|Whimsicott, F
|poke|p1|Krookodile, F
|poke|p1|Exploud, M
|poke|p1|Crobat, F
|poke|p1|Alomomola, F
|poke|p2|Trevenant, F, shiny
|poke|p2|Mienshao, F
|poke|p2|Victini
|poke|p2|Shuckle, M, shiny
|poke|p2|Lucario, F
|poke|p2|Nidoking, M
|rule|Swagger Clause: Swagger is banned
|rule|Baton Pass Clause: Limit one PokÃ©mon knowing Baton Pass
|teampreview
|join|Wonto
|c|âmeeowiekins|oh fk
|join|TNBM
|join|Pre8==Dted pu
|join|Frickett
|join|Grinfamy
|c|âmeeowiekins|im not prepared for cathy
|join|Kekpert
|c|âmeeowiekins|cathy too stronk
|c|âiplaytennislol|:^]
|join|Tipsy Russian
|c|âiplaytennislol|gl hf
|join|mr. timelapse
|join|Living Proof
|c|âmeeowiekins|you too :]
|c| Grinfamy|just pray for +spa
|
|start
|switch|p1a: Whimsicott|Whimsicott, F|262\/262
|switch|p2a: ShuckieMyDick|Shuckle, M, shiny|230\/230
|turn|1
|
|move|p1a: Whimsicott|Giga Drain|p2a: ShuckieMyDick
|-damage|p2a: ShuckieMyDick|188\/230
|move|p2a: ShuckieMyDick|Stealth Rock|p1a: Whimsicott
|-sidestart|p1: meeowiekins|move: Stealth Rock
|
|turn|2
|
|move|p1a: Whimsicott|U-turn|p2a: ShuckieMyDick
|-damage|p2a: ShuckieMyDick|171\/230
|
|switch|p1a: Uxie|Uxie|354\/354
|-damage|p1a: Uxie|310\/354|[from] Stealth Rock
|move|p2a: ShuckieMyDick|Sticky Web|p1a: Uxie
|-sidestart|p1: meeowiekins|move: Sticky Web
|
|-heal|p1a: Uxie|332\/354|[from] item: Leftovers
|turn|3
|c| TNBM|Dont worry about the shuckle he just throws it away after its finish, so hes literally playin with 5 pokes (=
|join|Shit in a Bucket
|
|move|p1a: Uxie|Stealth Rock|p2a: ShuckieMyDick
|-sidestart|p2: iplaytennislol|move: Stealth Rock
|move|p2a: ShuckieMyDick|Encore|p1a: Uxie
|-start|p1a: Uxie|Encore
|
|-heal|p1a: Uxie|354\/354|[from] item: Leftovers
|turn|4
|c| Shit in a Bucket|u play tennis lol
|
|switch|p1a: Whimsicott|Whimsicott, F|262\/262
|-activate|p1a: Whimsicott|move: Sticky Web
|-unboost|p1a: Whimsicott|spe|1
|-damage|p1a: Whimsicott|230\/262|[from] Stealth Rock
|move|p2a: ShuckieMyDick|Knock Off|p1a: Whimsicott
|-resisted|p1a: Whimsicott
|-damage|p1a: Whimsicott|205\/262
|-enditem|p1a: Whimsicott|Leftovers|[from] move: Knock Off|[of] p2a: ShuckieMyDick
|
|turn|5
|c|âiplaytennislol|i do :]
|join|GeathDrips
|
|move|p1a: Whimsicott|Giga Drain|p2a: ShuckieMyDick
|-damage|p2a: ShuckieMyDick|128\/230
|-heal|p1a: Whimsicott|227\/262|[from] drain|[of] p2a: ShuckieMyDick
|move|p2a: ShuckieMyDick|Encore|p1a: Whimsicott
|-start|p1a: Whimsicott|Encore
|
|turn|6
|join|genthreebestgen
|
|move|p1a: Whimsicott|Giga Drain|p2a: ShuckieMyDick
|-damage|p2a: ShuckieMyDick|80\/230
|-heal|p1a: Whimsicott|251\/262|[from] drain|[of] p2a: ShuckieMyDick
|move|p2a: ShuckieMyDick|Knock Off|p1a: Whimsicott
|-resisted|p1a: Whimsicott
|-damage|p1a: Whimsicott|234\/262
|
|turn|7
|
|switch|p2a: maek a dacne|Victini|341\/341
|-damage|p2a: maek a dacne|256\/341|[from] Stealth Rock
|move|p1a: Whimsicott|Giga Drain|p2a: maek a dacne
|-resisted|p2a: maek a dacne
|-damage|p2a: maek a dacne|205\/341
|-heal|p1a: Whimsicott|260\/262|[from] drain|[of] p2a: maek a dacne
|
|turn|8
|
|switch|p1a: Uxie|Uxie|354\/354
|-damage|p1a: Uxie|310\/354|[from] Stealth Rock
|move|p2a: maek a dacne|V-create|p1a: Uxie
|-damage|p1a: Uxie|0 fnt
|-unboost|p2a: maek a dacne|def|1
|-unboost|p2a: maek a dacne|spd|1
|-unboost|p2a: maek a dacne|spe|1
|faint|p1a: Uxie
|
|join|kyla-kylls
|c|âmeeowiekins|oof
|c|âiplaytennislol|you have a mega luvdisc
|c|âiplaytennislol|:[
|c| Pre8==Dted pu|so what will you be replacing tini with tennis lol
|
|switch|p1a: Krookodile|Krookodile, F|331\/331
|-damage|p1a: Krookodile|311\/331|[from] Stealth Rock
|-activate|p1a: Krookodile|move: Sticky Web
|-unboost|p1a: Krookodile|spe|1
|-ability|p1a: Krookodile|Intimidate|[of] p2a: maek a dacne
|-unboost|p2a: maek a dacne|atk|1
|turn|9
|c|âmeeowiekins|oh
|c|âmeeowiekins|oh
|c|âmeeowiekins|web
|
|switch|p1a: Alomomola|Alomomola, F|471\/471
|-damage|p1a: Alomomola|413\/471|[from] Stealth Rock
|-activate|p1a: Alomomola|move: Sticky Web
|-unboost|p1a: Alomomola|spe|1
|move|p2a: maek a dacne|V-create|p1a: Alomomola
|-resisted|p1a: Alomomola
|-damage|p1a: Alomomola|309\/471
|-unboost|p2a: maek a dacne|def|1
|-unboost|p2a: maek a dacne|spd|1
|-unboost|p2a: maek a dacne|spe|1
|
|-heal|p1a: Alomomola|338\/471|[from] item: Leftovers
|turn|10
|join|blitzfiend
|c|âiplaytennislol|i have tried entei
|c| TNBM|bolt strike m8
|c|âiplaytennislol|but nothing can replace tini ;_;
|
|switch|p2a: ShuckieMyDick|Shuckle, M, shiny|80\/230
|-damage|p2a: ShuckieMyDick|23\/230|[from] Stealth Rock
|move|p1a: Alomomola|Wish|p1a: Alomomola
|
|-heal|p1a: Alomomola|367\/471|[from] item: Leftovers
|turn|11
|c| Grinfamy|use cb darm
|
|move|p1a: Alomomola|Scald|p2a: ShuckieMyDick
|-supereffective|p2a: ShuckieMyDick
|-damage|p2a: ShuckieMyDick|0 fnt
|faint|p2a: ShuckieMyDick
|
|-heal|p1a: Alomomola|471\/471|[from] move: Wish|[wisher] Alomomola
|
|switch|p2a: Cathy|Trevenant, F, shiny|312\/312
|-damage|p2a: Cathy|273\/312|[from] Stealth Rock
|turn|12
|
|move|p2a: Cathy|Substitute|p2a: Cathy
|-start|p2a: Cathy|Substitute
|-damage|p2a: Cathy|195\/312
|move|p1a: Alomomola|Wish|p1a: Alomomola
|
|turn|13
|c| Tipsy Russian|cathy gonna go in
|join|specs umbreon
|
|switch|p2a: jump up jump up|Mienshao, F|271\/271
|-damage|p2a: jump up jump up|255\/271|[from] Stealth Rock
|switch|p1a: Crobat|Crobat, F|325\/325
|-damage|p1a: Crobat|244\/325|[from] Stealth Rock
|
|-heal|p1a: Crobat|325\/325|[from] move: Wish|[wisher] Alomomola
|turn|14
|c| Grinfamy|#votecathy2018
|leave|Kekpert
|
|switch|p1a: Alomomola|Alomomola, F|471\/471
|-activate|p1a: Alomomola|move: Sticky Web
|-unboost|p1a: Alomomola|spe|1
|-damage|p1a: Alomomola|413\/471|[from] Stealth Rock
|move|p2a: jump up jump up|Stone Edge|p1a: Alomomola
|-crit|p1a: Alomomola
|-damage|p1a: Alomomola|271\/471
|
|-heal|p1a: Alomomola|300\/471|[from] item: Leftovers
|turn|15
|
|switch|p2a: Dance Dance Dance|Lucario, F|281\/281
|-damage|p2a: Dance Dance Dance|273\/281|[from] Stealth Rock
|move|p1a: Alomomola|Wish|p1a: Alomomola
|
|-heal|p1a: Alomomola|329\/471|[from] item: Leftovers
|turn|16
|join|King UU
|
|switch|p1a: Krookodile|Krookodile, F|311\/331
|-activate|p1a: Krookodile|move: Sticky Web
|-unboost|p1a: Krookodile|spe|1
|-damage|p1a: Krookodile|291\/331|[from] Stealth Rock
|-ability|p1a: Krookodile|Intimidate|[of] p2a: Dance Dance Dance
|-unboost|p2a: Dance Dance Dance|atk|1
|move|p2a: Dance Dance Dance|Nasty Plot|p2a: Dance Dance Dance
|-boost|p2a: Dance Dance Dance|spa|2
|
|-heal|p1a: Krookodile|331\/331|[from] move: Wish|[wisher] Alomomola
|turn|17
|c|âmeeowiekins|why am i so dumb
|c|âmeeowiekins|web again
|c|âmeeowiekins|oml
|c| Pre8==Dted pu|you're not dumb I promise you fren :)
|c| King UU|cause you're not really good at eating cookies
|c| King UU|and that's a pretty inexcusable fact.
|
|move|p2a: Dance Dance Dance|Aura Sphere|p1a: Krookodile
|-supereffective|p1a: Krookodile
|-damage|p1a: Krookodile|0 fnt
|-damage|p2a: Dance Dance Dance|245\/281|[from] item: Life Orb
|faint|p1a: Krookodile
|
|
|switch|p1a: Crobat|Crobat, F|325\/325
|-damage|p1a: Crobat|244\/325|[from] Stealth Rock
|turn|18
|join|Super Mario Kek
|join|Kekpert
|c| Grinfamy|shouldve run scarfed av
|
|move|p1a: Crobat|Brave Bird|p2a: Dance Dance Dance
|-damage|p2a: Dance Dance Dance|0 fnt
|-damage|p1a: Crobat|163\/325|[from] recoil|[of] p2a: Dance Dance Dance
|faint|p2a: Dance Dance Dance
|
|c| Grinfamy|the only krook that beats spekial luke
|
|switch|p2a: jump up jump up|Mienshao, F|255\/271
|-damage|p2a: jump up jump up|239\/271|[from] Stealth Rock
|turn|19
|c| Super Mario Kek|that happen when you dont play e-s lucario
|c| Super Mario Kek|kek
|
|switch|p1a: Alomomola|Alomomola, F|471\/471
|-damage|p1a: Alomomola|413\/471|[from] Stealth Rock
|-activate|p1a: Alomomola|move: Sticky Web
|-unboost|p1a: Alomomola|spe|1
|move|p2a: jump up jump up|Knock Off|p1a: Alomomola
|-damage|p1a: Alomomola|313\/471
|-enditem|p1a: Alomomola|Leftovers|[from] move: Knock Off|[of] p2a: jump up jump up
|
|turn|20
|leave|kyla-kylls
|c|âmeeowiekins|!data Sky Pl8
No Pokemon, item, move, ability or nature named 'Sky Pl8' was found. Showing the data of 'Sky Plate' instead.
|c|~|\/data-item Sky Plate

|
|switch|p2a: maek a dacne|Victini|205\/341
|-damage|p2a: maek a dacne|120\/341|[from] Stealth Rock
|move|p1a: Alomomola|Wish|p1a: Alomomola
|
|turn|21
|
|move|p1a: Alomomola|Protect|p1a: Alomomola
|-singleturn|p1a: Alomomola|Protect
|move|p2a: maek a dacne|V-create|p1a: Alomomola
|-activate|p1a: Alomomola|Protect
|
|-heal|p1a: Alomomola|471\/471|[from] move: Wish|[wisher] Alomomola
|turn|22
|
|switch|p2a: King UU|Nidoking, M|303\/303
|-damage|p2a: King UU|285\/303|[from] Stealth Rock
|move|p1a: Alomomola|Scald|p2a: King UU
|-supereffective|p2a: King UU
|-damage|p2a: King UU|147\/303
|
|turn|23
|join|joltage
|
|switch|p1a: Exploud|Exploud, M|350\/350
|-damage|p1a: Exploud|307\/350|[from] Stealth Rock
|-activate|p1a: Exploud|move: Sticky Web
|-unboost|p1a: Exploud|spe|1
|move|p2a: King UU|Sludge Wave|p1a: Exploud
|-damage|p1a: Exploud|0 fnt
|faint|p1a: Exploud
|
|
|switch|p1a: Whimsicott|Whimsicott, F|260\/262
|-damage|p1a: Whimsicott|228\/262|[from] Stealth Rock
|-activate|p1a: Whimsicott|move: Sticky Web
|-unboost|p1a: Whimsicott|spe|1
|turn|24
|c| Super Mario Kek|what is this
|
|move|p1a: Whimsicott|Tailwind|p1a: Whimsicott
|-sidestart|p1: meeowiekins|move: Tailwind
|move|p2a: King UU|Sludge Wave|p1a: Whimsicott
|-supereffective|p1a: Whimsicott
|-damage|p1a: Whimsicott|0 fnt
|faint|p1a: Whimsicott
|
|
|switch|p1a: Crobat|Crobat, F|163\/325
|-damage|p1a: Crobat|82\/325|[from] Stealth Rock
|turn|25
|c| Super Mario Kek|you damn gobogreed
|c| Grinfamy|o hey he has swave
|c| Super Mario Kek|oh kek
|c| Grinfamy|let me go into 4x weak mon
|
|switch|p2a: maek a dacne|Victini|120\/341
|-damage|p2a: maek a dacne|35\/341|[from] Stealth Rock
|move|p1a: Crobat|Brave Bird|p2a: maek a dacne
|-damage|p2a: maek a dacne|0 fnt
|-damage|p1a: Crobat|70\/325|[from] recoil|[of] p2a: maek a dacne
|faint|p2a: maek a dacne
|
|c| Super Mario Kek|but tailwind only will last 1 turn more
|c| Super Mario Kek|kek
|c|âmeeowiekins|2 more hits
|
|switch|p2a: King UU|Nidoking, M|147\/303
|-damage|p2a: King UU|129\/303|[from] Stealth Rock
|turn|26
|c|âmeeowiekins|if you tailwind and die
|c|âmeeowiekins|you get 3
|c| King UU|heh
|c| King UU|hehehehe
|
|move|p1a: Crobat|Brave Bird|p2a: King UU
|-damage|p2a: King UU|0 fnt
|-damage|p1a: Crobat|27\/325|[from] recoil|[of] p2a: King UU
|faint|p2a: King UU
|
|
|switch|p2a: jump up jump up|Mienshao, F|239\/271
|-damage|p2a: jump up jump up|223\/271|[from] Stealth Rock
|turn|27
|
|move|p1a: Crobat|Roost|p1a: Crobat
|-heal|p1a: Crobat|190\/325
|move|p2a: jump up jump up|U-turn|p1a: Crobat
|-resisted|p1a: Crobat
|-damage|p1a: Crobat|143\/325
|c|âiplaytennislol|wat
|
|switch|p2a: Cathy|Trevenant, F, shiny|195\/312
|-damage|p2a: Cathy|156\/312|[from] Stealth Rock
|
|-sideend|p1: meeowiekins|move: Tailwind
|turn|28
|c|âiplaytennislol|welp 
|c|âmeeowiekins|!DATA SKY PL8
No Pokemon, item, move, ability or nature named 'SKY PL8' was found. Showing the data of 'Sky Plate' instead.
|c|~|\/data-item Sky Plate

|c|âiplaytennislol|i chokeed
|c|âiplaytennislol|greeeat
|c|âiplaytennislol|greeeat
|
|move|p1a: Crobat|Brave Bird|p2a: Cathy
|-supereffective|p2a: Cathy
|-damage|p2a: Cathy|0 fnt
|-damage|p1a: Crobat|92\/325|[from] recoil|[of] p2a: Cathy
|faint|p2a: Cathy
|
|
|switch|p2a: jump up jump up|Mienshao, F|223\/271
|-damage|p2a: jump up jump up|207\/271|[from] Stealth Rock
|turn|29
|c|âmeeowiekins|sky pl8 babyy
|c| Shit in a Bucket|I WANT FORZA HORIZON 2
|c| Shit in a Bucket|SO BADLY
|
|move|p2a: jump up jump up|High Jump Kick|p1a: Crobat
|-resisted|p1a: Crobat
|-damage|p1a: Crobat|8\/325
|move|p1a: Crobat|Brave Bird|p2a: jump up jump up
|-supereffective|p2a: jump up jump up
|-damage|p2a: jump up jump up|0 fnt
|-damage|p1a: Crobat|0 fnt|[from] recoil|[of] p2a: jump up jump up
|faint|p2a: jump up jump up
|faint|p1a: Crobat
|
|win|meeowiekins
|c| Grinfamy|rip cathy
|c| Shit in a Bucket|LIKE U DONT EVEN KNOW
|c| Super Mario Kek|3
|c| Grinfamy|BLUK
|c|âiplaytennislol|ggggggggggg
|c|âmeeowiekins|gg
|leave|Living Proof
|c| Super Mario Kek|nightmare
|leave|iplaytennislol
|player|p2
|leave|Grinfamy
|leave|blitzfiend
|leave|TNBM
|leave|genthreebestgen
|leave|joltage
|leave|Shit in a Bucket
|leave|Frickett
|leave|Tipsy Russian
|leave|Wonto
|leave|Kekpert
|leave|specs umbreon
|leave|King UU
|join|blitzfiend
|leave|blitzfiend
|join|Saganabyss
|leave|Saganabyss
|join|TheSaucyWench
|leave|TheSaucyWench
|leave|GeathDrips