|join|meeowiekins
|join|Idontfuckingknow
|player|p1|meeowiekins|160
|player|p2|Idontfuckingknow|101
|gametype|singles
|gen|6
|tier|UU
|rated
|rule|Sleep Clause Mod: Limit one foe put to sleep
|rule|Species Clause: Limit one of each PokÃ©mon
|rule|OHKO Clause: OHKO moves are banned
|rule|Moody Clause: Moody is banned
|rule|Evasion Moves Clause: Evasion moves are banned
|rule|Endless Battle Clause: Forcing endless battles is banned
|rule|HP Percentage Mod: HP is shown in percentages
|clearpoke
|poke|p1|Shedinja
|poke|p1|Xatu, M
|poke|p1|Tentacruel, F
|poke|p1|Krookodile, F
|poke|p1|Aromatisse, F
|poke|p1|Rotom-Heat
|poke|p2|Arcanine, F
|poke|p2|Hydreigon, M
|poke|p2|Maractus, F
|poke|p2|Forretress, M
|poke|p2|Alakazam, F
|poke|p2|Lucario, M
|rule|Swagger Clause: Swagger is banned
|rule|Baton Pass Clause: Limit one PokÃ©mon knowing Baton Pass
|teampreview
|
|start
|switch|p1a: Tentacruel|Tentacruel, F|364\/364
|switch|p2a: Lucario|Lucario, M|281\/281
|turn|1
|
|switch|p2a: Maractus|Maractus, F|354\/354
|switch|p1a: Â¯\_(ã)_\/Â¯|Shedinja|1\/1
|
|turn|2
|
|move|p1a: Â¯\_(ã)_\/Â¯|Protect|p1a: Â¯\_(ã)_\/Â¯
|-singleturn|p1a: Â¯\_(ã)_\/Â¯|Protect
|move|p2a: Maractus|Leech Seed|p1a: Â¯\_(ã)_\/Â¯
|-activate|p1a: Â¯\_(ã)_\/Â¯|Protect
|
|turn|3
|
|switch|p1a: Rotom-Heat|Rotom-Heat|241\/241
|move|p2a: Maractus|Leech Seed|p1a: Rotom-Heat
|-start|p1a: Rotom-Heat|move: Leech Seed
|
|-damage|p1a: Rotom-Heat|211\/241|[from] Leech Seed|[of] p2a: Maractus
|turn|4
|
|switch|p2a: Arcanine|Arcanine, F|384\/384
|-ability|p2a: Arcanine|Intimidate|[of] p1a: Rotom-Heat
|-unboost|p1a: Rotom-Heat|atk|1
|move|p1a: Rotom-Heat|Volt Switch|p2a: Arcanine
|-damage|p2a: Arcanine|254\/384
|
|switch|p1a: Tentacruel|Tentacruel, F|364\/364
|
|-heal|p2a: Arcanine|278\/384|[from] item: Leftovers
|turn|5
|
|move|p1a: Tentacruel|Toxic Spikes|p2a: Arcanine
|-sidestart|p2: Idontfuckingknow|move: Toxic Spikes
|move|p2a: Arcanine|Will-O-Wisp|p1a: Tentacruel
|-status|p1a: Tentacruel|brn
|
|-heal|p2a: Arcanine|302\/384|[from] item: Leftovers
|-damage|p1a: Tentacruel|319\/364 brn|[from] brn
|turn|6
|
|switch|p2a: Forretress|Forretress, M|354\/354
|move|p1a: Tentacruel|Scald|p2a: Forretress
|-damage|p2a: Forretress|236\/354
|-status|p2a: Forretress|brn
|
|-heal|p1a: Tentacruel|341\/364 brn|[from] item: Black Sludge
|-heal|p2a: Forretress|258\/354 brn|[from] item: Leftovers
|-damage|p1a: Tentacruel|296\/364 brn|[from] brn
|-damage|p2a: Forretress|214\/354 brn|[from] brn
|turn|7
|
|switch|p1a: Xatu|Xatu, M|271\/271
|move|p2a: Forretress|Rapid Spin|p1a: Xatu
|-damage|p1a: Xatu|262\/271
|-sideend|p2: Idontfuckingknow|Toxic Spikes|[from] move: Rapid Spin|[of] p2a: Forretress
|
|-heal|p2a: Forretress|236\/354 brn|[from] item: Leftovers
|-damage|p2a: Forretress|192\/354 brn|[from] brn
|turn|8
|
|switch|p2a: Arcanine|Arcanine, F|302\/384
|-ability|p2a: Arcanine|Intimidate|[of] p1a: Xatu
|-unboost|p1a: Xatu|atk|1
|move|p1a: Xatu|Heat Wave|p2a: Arcanine
|-resisted|p2a: Arcanine
|-damage|p2a: Arcanine|254\/384
|-damage|p1a: Xatu|235\/271|[from] item: Life Orb
|
|-heal|p2a: Arcanine|278\/384|[from] item: Leftovers
|turn|9
|
|switch|p1a: Rotom-Heat|Rotom-Heat|211\/241
|switch|p2a: Alakazam|Alakazam, F|252\/252
|
|turn|10
|
|switch|p1a: Â¯\_(ã)_\/Â¯|Shedinja|1\/1
|move|p2a: Alakazam|Psyshock|p1a: Â¯\_(ã)_\/Â¯
|-activate|p1a: Â¯\_(ã)_\/Â¯|ability: Wonder Guard
|
|turn|11
|
|switch|p2a: Arcanine|Arcanine, F|278\/384
|-ability|p2a: Arcanine|Intimidate|[of] p1a: Â¯\_(ã)_\/Â¯
|-unboost|p1a: Â¯\_(ã)_\/Â¯|atk|1
|move|p1a: Â¯\_(ã)_\/Â¯|X-Scissor|p2a: Arcanine
|-resisted|p2a: Arcanine
|-damage|p2a: Arcanine|227\/384
|
|-heal|p2a: Arcanine|251\/384|[from] item: Leftovers
|turn|12
|
|switch|p2a: Hydreigon|Hydreigon, M|325\/325
|switch|p1a: Rotom-Heat|Rotom-Heat|211\/241
|
|turn|13
|
|switch|p1a: Aromatisse|Aromatisse, F|406\/406
|move|p2a: Hydreigon|Draco Meteor|p1a: Aromatisse
|-immune|p1a: Aromatisse|[msg]
|
|turn|14
|
|switch|p2a: Arcanine|Arcanine, F|251\/384
|-ability|p2a: Arcanine|Intimidate|[of] p1a: Aromatisse
|-unboost|p1a: Aromatisse|atk|1
|move|p1a: Aromatisse|Aromatherapy|p1a: Aromatisse
|-cureteam|p1a: Aromatisse|[from] move: Aromatherapy
|
|-heal|p2a: Arcanine|275\/384|[from] item: Leftovers
|turn|15
|
|move|p2a: Arcanine|Flare Blitz|p1a: Aromatisse
|-damage|p1a: Aromatisse|267\/406
|-damage|p2a: Arcanine|229\/384|[from] recoil|[of] p1a: Aromatisse
|move|p1a: Aromatisse|Wish|p1a: Aromatisse
|
|-heal|p2a: Arcanine|253\/384|[from] item: Leftovers
|-heal|p1a: Aromatisse|292\/406|[from] item: Leftovers
|turn|16
|
|switch|p1a: Tentacruel|Tentacruel, F|296\/364
|move|p2a: Arcanine|Will-O-Wisp|p1a: Tentacruel
|-status|p1a: Tentacruel|brn
|
|-heal|p1a: Tentacruel|364\/364 brn|[from] move: Wish|[wisher] Aromatisse
|-heal|p2a: Arcanine|277\/384|[from] item: Leftovers
|-damage|p1a: Tentacruel|319\/364 brn|[from] brn
|turn|17
|
|switch|p2a: Maractus|Maractus, F|354\/354
|move|p1a: Tentacruel|Toxic Spikes|p2a: Maractus
|-sidestart|p2: Idontfuckingknow|move: Toxic Spikes
|
|-heal|p1a: Tentacruel|341\/364 brn|[from] item: Black Sludge
|-damage|p1a: Tentacruel|296\/364 brn|[from] brn
|turn|18
|
|switch|p1a: Xatu|Xatu, M|235\/271
|move|p2a: Maractus|Wood Hammer|p1a: Xatu
|-resisted|p1a: Xatu
|-damage|p1a: Xatu|93\/271
|-damage|p2a: Maractus|307\/354|[from] recoil|[of] p1a: Xatu
|-damage|p2a: Maractus|272\/354|[from] item: Life Orb
|
|turn|19
|
|switch|p1a: Rotom-Heat|Rotom-Heat|211\/241
|move|p2a: Maractus|Sucker Punch|p1a: Rotom-Heat
|-fail|p1a: Rotom-Heat
|
|turn|20
|
|switch|p2a: Hydreigon|Hydreigon, M|325\/325
|move|p1a: Rotom-Heat|Overheat|p2a: Hydreigon
|-resisted|p2a: Hydreigon
|-damage|p2a: Hydreigon|163\/325
|-unboost|p1a: Rotom-Heat|spa|2
|
|turn|21
|
|switch|p2a: Lucario|Lucario, M|281\/281
|switch|p1a: Aromatisse|Aromatisse, F|292\/406
|
|-heal|p1a: Aromatisse|317\/406|[from] item: Leftovers
|turn|22
|
|move|p2a: Lucario|Stone Edge|p1a: Aromatisse
|-damage|p1a: Aromatisse|191\/406
|-damage|p2a: Lucario|253\/281|[from] item: Life Orb
|move|p1a: Aromatisse|Moonblast|p2a: Lucario
|-damage|p2a: Lucario|112\/281
|
|-heal|p1a: Aromatisse|216\/406|[from] item: Leftovers
|turn|23
|-message|Idontfuckingknow forfeited.
|
|win|meeowiekins
|raw|Ladder updating...
|leave|Idontfuckingknow
|player|p2
|raw|meeowiekins's rating: 1571 &rarr; <strong>1579<\/strong><br \/>(+8 for winning)
|raw|Idontfuckingknow's rating: 1352 &rarr; <strong>1344<\/strong><br \/>(-8 for losing)