|join|meeowiekins
|join|Pootytoots
|player|p1|meeowiekins|160
|player|p2|Pootytoots|148
|gametype|singles
|gen|6
|tier|UU
|rated
|rule|Sleep Clause Mod: Limit one foe put to sleep
|rule|Species Clause: Limit one of each PokÃ©mon
|rule|OHKO Clause: OHKO moves are banned
|rule|Moody Clause: Moody is banned
|rule|Evasion Moves Clause: Evasion moves are banned
|rule|Endless Battle Clause: Forcing endless battles is banned
|rule|HP Percentage Mod: HP is shown in percentages
|clearpoke
|poke|p1|Mienshao, F
|poke|p1|Machamp, M
|poke|p1|Lucario, F
|poke|p1|Froslass, F
|poke|p1|Aerodactyl, F
|poke|p1|Swampert, M
|poke|p2|Mienshao, M
|poke|p2|Celebi
|poke|p2|Krookodile, F
|poke|p2|Crobat, M
|poke|p2|Rotom-Heat
|poke|p2|Florges, F
|rule|Swagger Clause: Swagger is banned
|rule|Baton Pass Clause: Limit one PokÃ©mon knowing Baton Pass
|teampreview
|
|start
|switch|p1a: Froslass|Froslass, F|344\/344
|switch|p2a: Crobat|Crobat, M|373\/373
|turn|1
|
|move|p2a: Crobat|U-turn|p1a: Froslass
|-resisted|p1a: Froslass
|-damage|p1a: Froslass|306\/344
|
|switch|p2a: Krookodile|Krookodile, F|331\/331
|move|p1a: Froslass|Spikes|p2a: Krookodile
|-sidestart|p2: Pootytoots|Spikes
|
|turn|2
|
|move|p2a: Krookodile|Pursuit|p1a: Froslass|[from]Pursuit
|-supereffective|p1a: Froslass
|-damage|p1a: Froslass|0 fnt
|-damage|p2a: Krookodile|298\/331|[from] item: Life Orb
|faint|p1a: Froslass
|-boost|p2a: Krookodile|atk|1|[from] ability: Moxie
|
|
|switch|p1a: Aerodactyl|Aerodactyl, F|343\/343
|-ability|p1a: Aerodactyl|Pressure
|turn|3
|
|switch|p2a: Rotom-Heat|Rotom-Heat|304\/304
|detailschange|p1a: Aerodactyl|Aerodactyl-Mega, F
|message|Aerodactyl has Mega Evolved into Mega Aerodactyl!
|move|p1a: Aerodactyl|Aqua Tail|p2a: Rotom-Heat
|-supereffective|p2a: Rotom-Heat
|-damage|p2a: Rotom-Heat|112\/304
|
|-heal|p2a: Rotom-Heat|131\/304|[from] item: Leftovers
|turn|4
|
|switch|p2a: Celebi|Celebi|404\/404
|-damage|p2a: Celebi|354\/404|[from] Spikes
|move|p1a: Aerodactyl|Aqua Tail|p2a: Celebi
|-resisted|p2a: Celebi
|-damage|p2a: Celebi|305\/404
|
|turn|5
|
|switch|p1a: Machamp|Machamp, M|372\/372
|move|p2a: Celebi|Baton Pass|p2a: Celebi
|
|switch|p2a: Crobat|Crobat, M|373\/373
|
|turn|6
|
|move|p2a: Crobat|Brave Bird|p1a: Machamp
|-supereffective|p1a: Machamp
|-damage|p1a: Machamp|34\/372
|-damage|p2a: Crobat|261\/373|[from] recoil|[of] p1a: Machamp
|move|p1a: Machamp|Knock Off|p2a: Crobat
|-damage|p2a: Crobat|27\/373
|-enditem|p2a: Crobat|Black Sludge|[from] move: Knock Off|[of] p1a: Machamp
|
|turn|7
|
|move|p2a: Crobat|Defog|p1a: Machamp
|-unboost|p1a: Machamp|evasion|1
|-sideend|p2: Pootytoots|Spikes|[from] move: Defog|[of] p2a: Crobat
|move|p1a: Machamp|Knock Off|p2a: Crobat
|-damage|p2a: Crobat|0 fnt
|faint|p2a: Crobat
|
|
|switch|p2a: Krookodile|Krookodile, F|298\/331
|turn|8
|
|move|p2a: Krookodile|Pursuit|p1a: Machamp
|-resisted|p1a: Machamp
|-damage|p1a: Machamp|0 fnt
|-damage|p2a: Krookodile|265\/331|[from] item: Life Orb
|faint|p1a: Machamp
|-boost|p2a: Krookodile|atk|1|[from] ability: Moxie
|
|
|switch|p1a: Mienshao|Mienshao, F|271\/271
|turn|9
|
|switch|p2a: Florges|Florges, F|360\/360
|move|p1a: Mienshao|High Jump Kick|p2a: Florges
|-resisted|p2a: Florges
|-damage|p2a: Florges|227\/360
|
|-heal|p2a: Florges|249\/360|[from] item: Leftovers
|turn|10
|
|switch|p1a: Swampert|Swampert, M|404\/404
|move|p2a: Florges|Wish|p2a: Florges
|
|-heal|p2a: Florges|271\/360|[from] item: Leftovers
|turn|11
|
|move|p2a: Florges|Moonblast|p1a: Swampert
|-damage|p1a: Swampert|260\/404
|move|p1a: Swampert|Stealth Rock|p2a: Florges
|-sidestart|p2: Pootytoots|move: Stealth Rock
|
|-heal|p2a: Florges|360\/360|[from] move: Wish|[wisher] Florges
|-heal|p1a: Swampert|285\/404|[from] item: Leftovers
|turn|12
|
|move|p2a: Florges|Wish|p2a: Florges
|move|p1a: Swampert|Earthquake|p2a: Florges
|-damage|p2a: Florges|225\/360
|
|-heal|p2a: Florges|247\/360|[from] item: Leftovers
|-heal|p1a: Swampert|310\/404|[from] item: Leftovers
|turn|13
|
|switch|p2a: Celebi|Celebi|305\/404
|-damage|p2a: Celebi|255\/404|[from] Stealth Rock
|move|p1a: Swampert|Roar|p2a: Celebi
|drag|p2a: Mienshao|Mienshao, M|271\/271
|-damage|p2a: Mienshao|255\/271|[from] Stealth Rock
|
|-heal|p2a: Mienshao|271\/271|[from] move: Wish|[wisher] Florges
|-heal|p1a: Swampert|335\/404|[from] item: Leftovers
|turn|14
|
|move|p2a: Mienshao|U-turn|p1a: Swampert
|-damage|p1a: Swampert|276\/404
|
|switch|p2a: Celebi|Celebi|255\/404
|-damage|p2a: Celebi|205\/404|[from] Stealth Rock
|move|p1a: Swampert|Earthquake|p2a: Celebi
|-crit|p2a: Celebi
|-resisted|p2a: Celebi
|-damage|p2a: Celebi|133\/404
|
|-heal|p1a: Swampert|301\/404|[from] item: Leftovers
|turn|15
|
|switch|p1a: Lucario|Lucario, F|281\/281
|move|p2a: Celebi|Recover|p2a: Celebi
|-heal|p2a: Celebi|335\/404
|
|turn|16
|
|switch|p2a: Mienshao|Mienshao, M|271\/271
|-damage|p2a: Mienshao|255\/271|[from] Stealth Rock
|move|p1a: Lucario|Swords Dance|p1a: Lucario
|-boost|p1a: Lucario|atk|2
|
|turn|17
|
|move|p1a: Lucario|Extreme Speed|p2a: Mienshao
|-damage|p2a: Mienshao|0 fnt
|-damage|p1a: Lucario|253\/281|[from] item: Life Orb
|faint|p2a: Mienshao
|
|
|switch|p2a: Florges|Florges, F|247\/360
|-damage|p2a: Florges|202\/360|[from] Stealth Rock
|turn|18
|
|move|p1a: Lucario|Earthquake|p2a: Florges
|-damage|p2a: Florges|0 fnt
|-damage|p1a: Lucario|225\/281|[from] item: Life Orb
|faint|p2a: Florges
|
|
|switch|p2a: Celebi|Celebi|335\/404
|-damage|p2a: Celebi|285\/404|[from] Stealth Rock
|turn|19
|
|move|p1a: Lucario|Extreme Speed|p2a: Celebi
|-damage|p2a: Celebi|117\/404
|-damage|p1a: Lucario|197\/281|[from] item: Life Orb
|move|p2a: Celebi|Seed Bomb|p1a: Lucario
|-resisted|p1a: Lucario
|-damage|p1a: Lucario|140\/281
|
|turn|20
|
|move|p1a: Lucario|Extreme Speed|p2a: Celebi
|-damage|p2a: Celebi|0 fnt
|-damage|p1a: Lucario|112\/281|[from] item: Life Orb
|faint|p2a: Celebi
|
|
|switch|p2a: Krookodile|Krookodile, F|265\/331
|-damage|p2a: Krookodile|245\/331|[from] Stealth Rock
|turn|21
|
|move|p1a: Lucario|Extreme Speed|p2a: Krookodile
|-damage|p2a: Krookodile|0 fnt
|-damage|p1a: Lucario|84\/281|[from] item: Life Orb
|faint|p2a: Krookodile
|
|c|âmeeowiekins|gg
|c|âPootytoots|gg meowie, DrReuniclus btw
|
|switch|p2a: Rotom-Heat|Rotom-Heat|131\/304
|-damage|p2a: Rotom-Heat|55\/304|[from] Stealth Rock
|turn|22
|c|âmeeowiekins|ya ik
|c|âmeeowiekins|gg
|c|âmeeowiekins|:]
|
|move|p1a: Lucario|Extreme Speed|p2a: Rotom-Heat
|-damage|p2a: Rotom-Heat|0 fnt
|-damage|p1a: Lucario|56\/281|[from] item: Life Orb
|faint|p2a: Rotom-Heat
|
|win|meeowiekins
|raw|Ladder updating...
|raw|meeowiekins's rating: 1567 &rarr; <strong>1578<\/strong><br \/>(+11 for winning)
|raw|Pootytoots's rating: 1391 &rarr; <strong>1380<\/strong><br \/>(-11 for losing)