|join|meeowiekins
|join|supermoospower
|player|p1|meeowiekins|160
|player|p2|supermoospower|101
|gametype|singles
|gen|6
|tier|UU
|rated
|rule|Sleep Clause Mod: Limit one foe put to sleep
|rule|Species Clause: Limit one of each Pokemon
|rule|OHKO Clause: OHKO moves are banned
|rule|Moody Clause: Moody is banned
|rule|Evasion Moves Clause: Evasion moves are banned
|rule|Endless Battle Clause: Forcing endless battles is banned.
|rule|HP Percentage Mod: HP is reported as percentages
|clearpoke
|poke|p1|Lucario, F
|poke|p1|Infernape, F
|poke|p1|Azelf
|poke|p1|Crobat, M
|poke|p1|Blastoise, F
|poke|p1|Flygon, F
|poke|p2|Hydreigon, F
|poke|p2|Crobat, F
|poke|p2|Swampert, F
|poke|p2|Lucario, M
|poke|p2|Entei, shiny
|poke|p2|Roserade, F
|teampreview
|
|start
|switch|p1a: Azelf|Azelf|292\/292
|switch|p2a: Crobat|Crobat, F|355\/355
|turn|1
|
|move|p2a: Crobat|Taunt|p1a: Azelf
|-start|p1a: Azelf|move: Taunt
|cant|p1a: Azelf|move: Taunt|Stealth Rock
|
|turn|2
|
|move|p2a: Crobat|U-turn|p1a: Azelf
|-supereffective|p1a: Azelf
|-damage|p1a: Azelf|126\/292
|
|switch|p2a: Swampert|Swampert, F|404\/404
|move|p1a: Azelf|Knock Off|p2a: Swampert
|-damage|p2a: Swampert|322\/404
|-enditem|p2a: Swampert|Leftovers|[from] move: Knock Off|[of] p1a: Azelf
|
|turn|3
|
|switch|p1a: Blastoise|Blastoise, F|362\/362
|move|p2a: Swampert|Stealth Rock|p1a: Blastoise
|-sidestart|p1: meeowiekins|move: Stealth Rock
|
|turn|4
|
|switch|p2a: Roserade|Roserade, F|261\/261
|detailschange|p1a: Blastoise|Blastoise-Mega, F
|message|Blastoise has Mega Evolved into Mega Blastoise!
|move|p1a: Blastoise|Rapid Spin|p2a: Roserade
|-damage|p2a: Roserade|241\/261
|-sideend|p1: meeowiekins|Stealth Rock|[from] move: Rapid Spin|[of] p1a: Blastoise
|
|turn|5
|
|switch|p1a: Azelf|Azelf|126\/292
|move|p2a: Roserade|Dazzling Gleam|p1a: Azelf
|-damage|p1a: Azelf|0 fnt
|-damage|p2a: Roserade|215\/261|[from] item: Life Orb
|faint|p1a: Azelf
|
|
|switch|p1a: Crobat|Crobat, M|325\/325
|turn|6
|
|switch|p2a: Swampert|Swampert, F|322\/404
|move|p1a: Crobat|Brave Bird|p2a: Swampert
|-damage|p2a: Swampert|144\/404
|-damage|p1a: Crobat|266\/325|[from] recoil|[of] p2a: Swampert
|
|turn|7
|
|move|p1a: Crobat|Brave Bird|p2a: Swampert
|-damage|p2a: Swampert|0 fnt
|-damage|p1a: Crobat|218\/325|[from] recoil|[of] p2a: Swampert
|faint|p2a: Swampert
|
|
|switch|p2a: Entei|Entei, shiny|405\/405
|-ability|p2a: Entei|Pressure
|turn|8
|
|switch|p1a: Blastoise|Blastoise-Mega, F|362\/362
|move|p2a: Entei|Sacred Fire|p1a: Blastoise
|-resisted|p1a: Blastoise
|-damage|p1a: Blastoise|304\/362
|-status|p1a: Blastoise|brn
|
|-damage|p1a: Blastoise|259\/362 brn|[from] brn
|turn|9
|
|switch|p2a: Roserade|Roserade, F|215\/261
|switch|p1a: Crobat|Crobat, M|218\/325
|
|turn|10
|
|switch|p2a: Hydreigon|Hydreigon, F|325\/325
|move|p1a: Crobat|Brave Bird|p2a: Hydreigon
|-damage|p2a: Hydreigon|43\/325
|-damage|p1a: Crobat|125\/325|[from] recoil|[of] p2a: Hydreigon
|
|turn|11
|
|move|p2a: Hydreigon|Dark Pulse|p1a: Crobat
|-damage|p1a: Crobat|0 fnt
|faint|p1a: Crobat
|
|
|switch|p1a: Lucario|Lucario, F|281\/281
|turn|12
|
|switch|p2a: Crobat|Crobat, F|355\/355
|move|p1a: Lucario|Swords Dance|p1a: Lucario
|-boost|p1a: Lucario|atk|2
|
|turn|13
|
|move|p1a: Lucario|Extreme Speed|p2a: Crobat
|-damage|p2a: Crobat|76\/355
|-damage|p1a: Lucario|253\/281|[from] item: Life Orb
|move|p2a: Crobat|Brave Bird|p1a: Lucario
|-damage|p1a: Lucario|39\/281
|-damage|p2a: Crobat|5\/355|[from] recoil|[of] p1a: Lucario
|
|-heal|p2a: Crobat|27\/355|[from] item: Black Sludge
|turn|14
|
|move|p1a: Lucario|Extreme Speed|p2a: Crobat
|-damage|p2a: Crobat|0 fnt
|-damage|p1a: Lucario|11\/281|[from] item: Life Orb
|faint|p2a: Crobat
|
|
|switch|p2a: Entei|Entei, shiny|405\/405
|-ability|p2a: Entei|Pressure
|turn|15
|
|switch|p1a: Blastoise|Blastoise-Mega, F|259\/362 brn
|move|p2a: Entei|Extreme Speed|p1a: Blastoise
|-damage|p1a: Blastoise|200\/362 brn
|
|-damage|p1a: Blastoise|155\/362 brn|[from] brn
|turn|16
|
|move|p2a: Entei|Stone Edge|p1a: Blastoise
|-crit|p1a: Blastoise
|-damage|p1a: Blastoise|31\/362 brn
|move|p1a: Blastoise|Water Pulse|p2a: Entei
|-supereffective|p2a: Entei
|-damage|p2a: Entei|165\/405
|
|-damage|p1a: Blastoise|0 fnt|[from] brn
|faint|p1a: Blastoise
|
|switch|p1a: Infernape|Infernape, F|293\/293
|turn|17
|
|move|p2a: Entei|Extreme Speed|p1a: Infernape
|-damage|p1a: Infernape|148\/293
|move|p1a: Infernape|Close Combat|p2a: Entei
|-damage|p2a: Entei|0 fnt
|-unboost|p1a: Infernape|def|1
|-unboost|p1a: Infernape|spd|1
|-damage|p1a: Infernape|119\/293|[from] item: Life Orb
|faint|p2a: Entei
|
|
|switch|p2a: Roserade|Roserade, F|215\/261
|turn|18
|
|switch|p1a: Lucario|Lucario, F|11\/281
|move|p2a: Roserade|Giga Drain|p1a: Lucario
|-resisted|p1a: Lucario
|-damage|p1a: Lucario|0 fnt
|-heal|p2a: Roserade|221\/261|[from] drain|[of] p1a: Lucario
|-damage|p2a: Roserade|195\/261|[from] item: Life Orb
|faint|p1a: Lucario
|
|
|switch|p1a: Infernape|Infernape, F|119\/293
|turn|19
|
|move|p1a: Infernape|Flare Blitz|p2a: Roserade
|-supereffective|p2a: Roserade
|-damage|p2a: Roserade|0 fnt
|-damage|p1a: Infernape|55\/293|[from] recoil|[of] p2a: Roserade
|-damage|p1a: Infernape|26\/293|[from] item: Life Orb
|faint|p2a: Roserade
|
|
|switch|p2a: Lucario|Lucario, M|281\/281
|turn|20
|
|switch|p1a: Flygon|Flygon, F|301\/301
|move|p2a: Lucario|Extreme Speed|p1a: Flygon
|-damage|p1a: Flygon|166\/301
|-damage|p2a: Lucario|253\/281|[from] item: Life Orb
|
|turn|21
|
|move|p1a: Flygon|U-turn|p2a: Lucario
|-resisted|p2a: Lucario
|-damage|p2a: Lucario|230\/281
|
|switch|p1a: Infernape|Infernape, F|26\/293
|move|p2a: Lucario|Close Combat|p1a: Infernape
|-damage|p1a: Infernape|0 fnt
|-unboost|p2a: Lucario|def|1
|-unboost|p2a: Lucario|spd|1
|-damage|p2a: Lucario|202\/281|[from] item: Life Orb
|faint|p1a: Infernape
|
|
|switch|p1a: Flygon|Flygon, F|166\/301
|turn|22
|
|move|p2a: Lucario|Extreme Speed|p1a: Flygon
|-damage|p1a: Flygon|27\/301
|-damage|p2a: Lucario|174\/281|[from] item: Life Orb
|move|p1a: Flygon|Outrage|p2a: Lucario
|-resisted|p2a: Lucario
|-damage|p2a: Lucario|0 fnt
|faint|p2a: Lucario
|
|chat|meeowiekins|gg
|chat|supermoospower|shoot 
|chat|supermoospower|gg
|
|switch|p2a: Hydreigon|Hydreigon, F|43\/325
|turn|23
|chat|meeowiekins|flygon can do damage?!
|chat|meeowiekins|since when?
|
|move|p1a: Flygon|Outrage|p2a: Hydreigon
|-supereffective|p2a: Hydreigon
|-damage|p2a: Hydreigon|0 fnt
|faint|p2a: Hydreigon
|
|win|meeowiekins
|raw|Ladder updating...
|raw|meeowiekins's rating: 1453 &rarr; <strong>1467<\/strong><br \/>(+14 for winning)
|raw|supermoospower's rating: 1344 &rarr; <strong>1330<\/strong><br \/>(-14 for losing)
|chat|meeowiekins|gg bud
|leave|supermoospower
|player|p2