|join|Thaimex17
|join|meeowiekins
|player|p1|Thaimex17|2
|player|p2|meeowiekins|160
|gametype|singles
|gen|6
|tier|UU
|rated
|rule|Sleep Clause Mod: Limit one foe put to sleep
|rule|Species Clause: Limit one of each PokÃ©mon
|rule|OHKO Clause: OHKO moves are banned
|rule|Moody Clause: Moody is banned
|rule|Evasion Moves Clause: Evasion moves are banned
|rule|Endless Battle Clause: Forcing endless battles is banned
|rule|HP Percentage Mod: HP is reported as percentages
|clearpoke
|poke|p1|Umbreon, M, shiny
|poke|p1|Chandelure, F
|poke|p1|Nidoking, M
|poke|p1|Aerodactyl, F
|poke|p1|Forretress, F
|poke|p1|Kingdra, M
|poke|p2|Lucario, M
|poke|p2|Infernape, F
|poke|p2|Azelf
|poke|p2|Crobat, M
|poke|p2|Blastoise, F
|poke|p2|Flygon, M
|rule|Swagger Clause: Swagger is banned
|rule|Baton Pass Clause: Limit one PokÃ©mon knowing Baton Pass
|teampreview
|
|start
|switch|p1a: Forretress|Forretress, F|354\/354
|switch|p2a: Azelf|Azelf|292\/292
|turn|1
|
|move|p2a: Azelf|Taunt|p1a: Forretress
|-start|p1a: Forretress|move: Taunt
|move|p1a: Forretress|Volt Switch|p2a: Azelf
|-damage|p2a: Azelf|245\/292
|
|switch|p1a: Chandelure|Chandelure, F|261\/261
|
|turn|2
|
|switch|p2a: Flygon|Flygon, M|301\/301
|move|p1a: Chandelure|Shadow Ball|p2a: Flygon
|-damage|p2a: Flygon|115\/301
|
|turn|3
|
|switch|p1a: Aerodactyl|Aerodactyl, F|302\/302
|-ability|p1a: Aerodactyl|Unnerve|p2: meeowiekins
|move|p2a: Flygon|U-turn|p1a: Aerodactyl
|-resisted|p1a: Aerodactyl
|-damage|p1a: Aerodactyl|253\/302
|
|switch|p2a: Blastoise|Blastoise, F|362\/362
|
|turn|4
|
|switch|p1a: Umbreon|Umbreon, M, shiny|394\/394
|detailschange|p2a: Blastoise|Blastoise-Mega, F
|message|Blastoise has Mega Evolved into Mega Blastoise!
|move|p2a: Blastoise|Water Pulse|p1a: Umbreon
|-damage|p1a: Umbreon|304\/394
|
|-heal|p1a: Umbreon|328\/394|[from] item: Leftovers
|turn|5
|
|switch|p2a: Infernape|Infernape, F|293\/293
|move|p1a: Umbreon|Foul Play|p2a: Infernape
|-resisted|p2a: Infernape
|-damage|p2a: Infernape|182\/293
|
|-heal|p1a: Umbreon|352\/394|[from] item: Leftovers
|turn|6
|
|move|p1a: Umbreon|Protect|p1a: Umbreon
|-singleturn|p1a: Umbreon|Protect
|move|p2a: Infernape|Stone Edge|p1a: Umbreon
|-activate|p1a: Umbreon|Protect
|
|-heal|p1a: Umbreon|376\/394|[from] item: Leftovers
|turn|7
|
|move|p2a: Infernape|Close Combat|p1a: Umbreon
|-supereffective|p1a: Umbreon
|-damage|p1a: Umbreon|0 fnt
|-unboost|p2a: Infernape|def|1
|-unboost|p2a: Infernape|spd|1
|-damage|p2a: Infernape|153\/293|[from] item: Life Orb
|faint|p1a: Umbreon
|
|
|switch|p1a: Kingdra|Kingdra, M|291\/291
|turn|8
|
|move|p2a: Infernape|Close Combat|p1a: Kingdra
|-damage|p1a: Kingdra|36\/291
|-unboost|p2a: Infernape|def|1
|-unboost|p2a: Infernape|spd|1
|-damage|p2a: Infernape|124\/293|[from] item: Life Orb
|move|p1a: Kingdra|Dragon Dance|p1a: Kingdra
|-boost|p1a: Kingdra|atk|1
|-boost|p1a: Kingdra|spe|1
|
|turn|9
|
|switch|p2a: Azelf|Azelf|245\/292
|move|p1a: Kingdra|Waterfall|p2a: Azelf
|-damage|p2a: Azelf|0 fnt
|faint|p2a: Azelf
|
|
|switch|p2a: Lucario|Lucario, M|281\/281
|turn|10
|
|switch|p1a: Chandelure|Chandelure, F|261\/261
|move|p2a: Lucario|Extreme Speed|p1a: Chandelure
|-immune|p1a: Chandelure|[msg]
|
|turn|11
|
|move|p1a: Chandelure|Shadow Ball|p2a: Lucario
|-damage|p2a: Lucario|74\/281
|move|p2a: Lucario|Crunch|p1a: Chandelure
|-supereffective|p1a: Chandelure
|-damage|p1a: Chandelure|22\/261
|-damage|p2a: Lucario|46\/281|[from] item: Life Orb
|
|turn|12
|
|switch|p1a: Forretress|Forretress, F|354\/354
|move|p2a: Lucario|Crunch|p1a: Forretress
|-damage|p1a: Forretress|290\/354
|-damage|p2a: Lucario|18\/281|[from] item: Life Orb
|
|-heal|p1a: Forretress|312\/354|[from] item: Leftovers
|turn|13
|
|switch|p2a: Blastoise|Blastoise-Mega, F|362\/362
|move|p1a: Forretress|Volt Switch|p2a: Blastoise
|-crit|p2a: Blastoise
|-supereffective|p2a: Blastoise
|-damage|p2a: Blastoise|258\/362
|
|switch|p1a: Nidoking|Nidoking, M|304\/304
|
|turn|14
|
|move|p1a: Nidoking|Thunderbolt|p2a: Blastoise
|-supereffective|p2a: Blastoise
|-damage|p2a: Blastoise|32\/362
|move|p2a: Blastoise|Water Pulse|p1a: Nidoking
|-supereffective|p1a: Nidoking
|-damage|p1a: Nidoking|0 fnt
|faint|p1a: Nidoking
|
|
|switch|p1a: Chandelure|Chandelure, F|22\/261
|turn|15
|
|move|p1a: Chandelure|Shadow Ball|p2a: Blastoise
|-damage|p2a: Blastoise|0 fnt
|faint|p2a: Blastoise
|
|
|switch|p2a: Flygon|Flygon, M|115\/301
|turn|16
|
|switch|p1a: Forretress|Forretress, F|312\/354
|move|p2a: Flygon|Stone Edge|p1a: Forretress
|-damage|p1a: Forretress|254\/354
|
|-heal|p1a: Forretress|276\/354|[from] item: Leftovers
|turn|17
|
|switch|p2a: Lucario|Lucario, M|18\/281
|move|p1a: Forretress|Stealth Rock|p2a: Lucario
|-sidestart|p2: meeowiekins|move: Stealth Rock
|
|-heal|p1a: Forretress|298\/354|[from] item: Leftovers
|turn|18
|
|move|p2a: Lucario|Close Combat|p1a: Forretress
|-crit|p1a: Forretress
|-damage|p1a: Forretress|90\/354
|-unboost|p2a: Lucario|def|1
|-unboost|p2a: Lucario|spd|1
|-damage|p2a: Lucario|0 fnt|[from] item: Life Orb
|faint|p2a: Lucario
|move|p1a: Forretress|Volt Switch|p2: Lucario|[notarget]
|-notarget
|
|-heal|p1a: Forretress|112\/354|[from] item: Leftovers
|
|switch|p2a: Infernape|Infernape, F|124\/293
|-damage|p2a: Infernape|88\/293|[from] Stealth Rock
|turn|19
|
|move|p2a: Infernape|Close Combat|p1a: Forretress
|-damage|p1a: Forretress|0 fnt
|-unboost|p2a: Infernape|def|1
|-unboost|p2a: Infernape|spd|1
|-damage|p2a: Infernape|59\/293|[from] item: Life Orb
|faint|p1a: Forretress
|
|
|switch|p1a: Chandelure|Chandelure, F|22\/261
|turn|20
|
|move|p1a: Chandelure|Shadow Ball|p2a: Infernape
|-damage|p2a: Infernape|0 fnt
|faint|p2a: Infernape
|
|
|switch|p2a: Crobat|Crobat, M|325\/325
|-damage|p2a: Crobat|244\/325|[from] Stealth Rock
|turn|21
|
|move|p1a: Chandelure|Shadow Ball|p2a: Crobat
|-crit|p2a: Crobat
|-damage|p2a: Crobat|0 fnt
|faint|p2a: Crobat
|
|
|switch|p2a: Flygon|Flygon, M|115\/301
|-damage|p2a: Flygon|97\/301|[from] Stealth Rock
|turn|22
|
|move|p2a: Flygon|Stone Edge|p1a: Chandelure
|-crit|p1a: Chandelure
|-supereffective|p1a: Chandelure
|-damage|p1a: Chandelure|0 fnt
|faint|p1a: Chandelure
|
|
|switch|p1a: Kingdra|Kingdra, M|36\/291
|turn|23
|
|move|p2a: Flygon|Stone Edge|p1a: Kingdra
|-damage|p1a: Kingdra|0 fnt
|faint|p1a: Kingdra
|
|
|switch|p1a: Aerodactyl|Aerodactyl, F|253\/302
|-ability|p1a: Aerodactyl|Unnerve|p2: meeowiekins
|turn|24
|
|detailschange|p1a: Aerodactyl|Aerodactyl-Mega, F
|message|Aerodactyl has Mega Evolved into Mega Aerodactyl!
|move|p2a: Flygon|Stone Edge|p1a: Aerodactyl
|-supereffective|p1a: Aerodactyl
|-damage|p1a: Aerodactyl|7\/302
|move|p1a: Aerodactyl|Aerial Ace|p2a: Flygon
|-damage|p2a: Flygon|0 fnt
|faint|p2a: Flygon
|
|win|Thaimex17
|raw|Ladder updating...
|raw|Thaimex17's rating: 1427 &rarr; <strong>1449<\/strong><br \/>(+22 for winning)
|raw|meeowiekins's rating: 1461 &rarr; <strong>1439<\/strong><br \/>(-22 for losing)
|chat|meeowiekins|gg
|chat|Thaimex17|Gg
|chat|meeowiekins|that shadow ball crit
|chat|meeowiekins|but oh well
|leave|meeowiekins
|player|p2