|join|meeowiekins
|join|Benja_Improved
|player|p1|meeowiekins|160
|player|p2|Benja_Improved|293
|gametype|singles
|gen|6
|tier|UU
|rule|Sleep Clause Mod: Limit one foe put to sleep
|rule|Species Clause: Limit one of each PokÃ©mon
|rule|OHKO Clause: OHKO moves are banned
|rule|Moody Clause: Moody is banned
|rule|Evasion Moves Clause: Evasion moves are banned
|rule|Endless Battle Clause: Forcing endless battles is banned
|rule|HP Percentage Mod: HP is shown in percentages
|clearpoke
|poke|p1|Uxie
|poke|p1|Whimsicott, F
|poke|p1|Haxorus, M
|poke|p1|Exploud, F
|poke|p1|Crobat, M
|poke|p1|Alomomola, M
|poke|p2|Togekiss, M
|poke|p2|Yanmega, F
|poke|p2|Alakazam, M
|poke|p2|Rhyperior, M
|poke|p2|Victini
|poke|p2|Absol, F
|rule|Swagger Clause: Swagger is banned
|rule|Baton Pass Clause: Limit one PokÃ©mon knowing Baton Pass
|teampreview
|c|âmeeowiekins|>nasty pass
|c|âBenja_Improved|same
|c|âBenja_Improved|lol
|c|âBenja_Improved|its great to see another nasty fanatic
|
|start
|switch|p1a: Uxie|Uxie|354\/354
|switch|p2a: Absol|Absol, F|271\/271
|turn|1
|
|switch|p1a: Alomomola|Alomomola, M|471\/471
|detailschange|p2a: Absol|Absol-Mega, F
|message|Absol has Mega Evolved into Mega Absol!
|move|p2a: Absol|Knock Off|p1a: Alomomola
|-damage|p1a: Alomomola|324\/471
|-enditem|p1a: Alomomola|Leftovers|[from] move: Knock Off|[of] p2a: Absol
|
|turn|2
|join|Dad's Dad
|
|move|p2a: Absol|Swords Dance|p2a: Absol
|-boost|p2a: Absol|atk|2
|move|p1a: Alomomola|Wish|p1a: Alomomola
|
|turn|3
|
|move|p2a: Absol|Knock Off|p1a: Alomomola
|-crit|p1a: Alomomola
|-damage|p1a: Alomomola|2\/471
|move|p1a: Alomomola|Scald|p2a: Absol
|-damage|p2a: Absol|195\/271
|
|-heal|p1a: Alomomola|237\/471|[from] move: Wish|[wisher] Alomomola
|turn|4
|
|move|p2a: Absol|Sucker Punch|p1a: Alomomola
|-fail|p1a: Alomomola
|move|p1a: Alomomola|Wish|p1a: Alomomola
|
|turn|5
|c|âBenja_Improved|ugh
|
|move|p2a: Absol|Swords Dance|p2a: Absol
|-boost|p2a: Absol|atk|2
|move|p1a: Alomomola|Scald|p2a: Absol
|-damage|p2a: Absol|123\/271
|
|-heal|p1a: Alomomola|471\/471|[from] move: Wish|[wisher] Alomomola
|turn|6
|
|move|p2a: Absol|Knock Off|p1a: Alomomola
|-damage|p1a: Alomomola|144\/471
|move|p1a: Alomomola|Wish|p1a: Alomomola
|
|turn|7
|c|âBenja_Improved|the might of alolololololomoooooola
|c|âBenja_Improved|tis too stronk
|
|move|p1a: Alomomola|Protect|p1a: Alomomola
|-singleturn|p1a: Alomomola|Protect
|move|p2a: Absol|Knock Off|p1a: Alomomola
|-activate|p1a: Alomomola|Protect
|
|-heal|p1a: Alomomola|379\/471|[from] move: Wish|[wisher] Alomomola
|turn|8
|
|move|p2a: Absol|Superpower|p1a: Alomomola
|-damage|p1a: Alomomola|0 fnt
|-unboost|p2a: Absol|atk|1
|-unboost|p2a: Absol|def|1
|faint|p1a: Alomomola
|
|
|switch|p1a: Whimsicott|Whimsicott, F|324\/324
|turn|9
|
|move|p1a: Whimsicott|Encore|p2a: Absol
|move|p2a: Absol|Encore|p1a: Whimsicott|[from]Magic Bounce
|-fail|p1a: Whimsicott
|move|p2a: Absol|Knock Off|p1a: Whimsicott
|-resisted|p1a: Whimsicott
|-damage|p1a: Whimsicott|75\/324
|-enditem|p1a: Whimsicott|Leftovers|[from] move: Knock Off|[of] p2a: Absol
|
|turn|10
|c| Dad's Dad|rekt
|c|âmeeowiekins|wow im dumb
|c|âmeeowiekins|lol
|c|âBenja_Improved|fell da powa
|
|move|p2a: Absol|Knock Off|p1a: Whimsicott
|-resisted|p1a: Whimsicott
|-damage|p1a: Whimsicott|0 fnt
|faint|p1a: Whimsicott
|
|
|switch|p1a: Crobat|Crobat, M|374\/374
|turn|11
|
|move|p2a: Absol|Sucker Punch|p1a: Crobat
|-damage|p1a: Crobat|0 fnt
|faint|p1a: Crobat
|
|
|switch|p1a: Uxie|Uxie|354\/354
|turn|12
|
|move|p2a: Absol|Knock Off|p1a: Uxie
|-supereffective|p1a: Uxie
|-damage|p1a: Uxie|0 fnt
|-enditem|p1a: Uxie|Leftovers|[from] move: Knock Off|[of] p2a: Absol
|faint|p1a: Uxie
|
|
|switch|p1a: Exploud|Exploud, F|350\/350
|turn|13
|c|âBenja_Improved|THIS IS IMPROVED BENJA
|c|âmeeowiekins|weak to absol
|c|âmeeowiekins|noted
|
|move|p2a: Absol|Sucker Punch|p1a: Exploud
|-damage|p1a: Exploud|0 fnt
|faint|p1a: Exploud
|
|
|switch|p1a: Haxorus|Haxorus, M|302\/302
|-ability|p1a: Haxorus|Mold Breaker
|turn|14
|
|move|p2a: Absol|Knock Off|p1a: Haxorus
|-crit|p1a: Haxorus
|-damage|p1a: Haxorus|0 fnt
|-enditem|p1a: Haxorus|Lum Berry|[from] move: Knock Off|[of] p2a: Absol
|faint|p1a: Haxorus
|
|win|Benja_Improved
|c|âmeeowiekins|gg i suppose
|leave|meeowiekins
|player|p1
|leave|Dad's Dad