|join|meeowiekins
|join|railguns
|player|p1|meeowiekins|160
|player|p2|railguns|170
|gametype|singles
|gen|6
|tier|UU
|rated
|rule|Sleep Clause Mod: Limit one foe put to sleep
|rule|Species Clause: Limit one of each PokÃ©mon
|rule|OHKO Clause: OHKO moves are banned
|rule|Moody Clause: Moody is banned
|rule|Evasion Moves Clause: Evasion moves are banned
|rule|Endless Battle Clause: Forcing endless battles is banned
|rule|HP Percentage Mod: HP is shown in percentages
|clearpoke
|poke|p1|Cobalion
|poke|p1|Raikou
|poke|p1|Blastoise, M
|poke|p1|Celebi
|poke|p1|Krookodile, F
|poke|p1|Jirachi
|poke|p2|Darmanitan, M
|poke|p2|Mienshao, F
|poke|p2|Hippowdon, F
|poke|p2|Pidgeot, M
|poke|p2|Blastoise, F
|poke|p2|Roserade, M
|rule|Swagger Clause: Swagger is banned
|rule|Baton Pass Clause: Limit one PokÃ©mon knowing Baton Pass
|teampreview
|
|start
|switch|p1a: Blastoise|Blastoise, M|331\/331
|switch|p2a: Darmanitan|Darmanitan, M|351\/351
|turn|1
|
|switch|p2a: Roserade|Roserade, M|262\/262
|detailschange|p1a: Blastoise|Blastoise-Mega, M
|message|Blastoise has Mega Evolved into Mega Blastoise!
|move|p1a: Blastoise|Ice Beam|p2a: Roserade
|-supereffective|p2a: Roserade
|-damage|p2a: Roserade|10\/262
|
|turn|2
|
|switch|p1a: Cobalion|Cobalion|362\/362
|move|p2a: Roserade|Leaf Storm|p1a: Cobalion
|-resisted|p1a: Cobalion
|-damage|p1a: Cobalion|187\/362
|-unboost|p2a: Roserade|spa|2
|-damage|p2a: Roserade|0 fnt|[from] item: Life Orb
|faint|p2a: Roserade
|
|-heal|p1a: Cobalion|209\/362|[from] item: Leftovers
|
|switch|p2a: Mienshao|Mienshao, F|271\/271
|turn|3
|
|move|p2a: Mienshao|U-turn|p1a: Cobalion
|-resisted|p1a: Cobalion
|-damage|p1a: Cobalion|192\/362
|
|switch|p2a: Hippowdon|Hippowdon, F|420\/420
|-weather|Sandstorm
|move|p1a: Cobalion|Stealth Rock|p2a: Hippowdon
|-sidestart|p2: railguns|move: Stealth Rock
|
|-weather|Sandstorm|[upkeep]
|-heal|p1a: Cobalion|214\/362|[from] item: Leftovers
|turn|4
|
|move|p1a: Cobalion|Taunt|p2a: Hippowdon
|-start|p2a: Hippowdon|move: Taunt
|cant|p2a: Hippowdon|move: Taunt|Stealth Rock
|
|-weather|Sandstorm|[upkeep]
|-heal|p1a: Cobalion|236\/362|[from] item: Leftovers
|turn|5
|
|switch|p1a: Celebi|Celebi|341\/341
|move|p2a: Hippowdon|Ice Fang|p1a: Celebi
|-supereffective|p1a: Celebi
|-damage|p1a: Celebi|221\/341
|
|-weather|Sandstorm|[upkeep]
|-damage|p1a: Celebi|200\/341|[from] sandstorm
|-heal|p1a: Celebi|221\/341|[from] item: Leftovers
|turn|6
|
|switch|p2a: Pidgeot|Pidgeot, M|307\/307
|-damage|p2a: Pidgeot|231\/307|[from] Stealth Rock
|move|p1a: Celebi|Psychic|p2a: Pidgeot
|-damage|p2a: Pidgeot|47\/307
|
|-weather|Sandstorm|[upkeep]
|-damage|p1a: Celebi|200\/341|[from] sandstorm
|-damage|p2a: Pidgeot|28\/307|[from] sandstorm
|-heal|p1a: Celebi|221\/341|[from] item: Leftovers
|turn|7
|
|switch|p1a: Jirachi|Jirachi|341\/341
|detailschange|p2a: Pidgeot|Pidgeot-Mega, M
|message|Pidgeot has Mega Evolved into Mega Pidgeot!
|move|p2a: Pidgeot|Hurricane|p1a: Jirachi
|-resisted|p1a: Jirachi
|-damage|p1a: Jirachi|231\/341
|-start|p1a: Jirachi|confusion
|
|-weather|none
|turn|8
|
|-activate|p1a: Jirachi|confusion
|move|p1a: Jirachi|Iron Head|p2a: Pidgeot
|-damage|p2a: Pidgeot|0 fnt
|faint|p2a: Pidgeot
|
|
|switch|p2a: Mienshao|Mienshao, F|271\/271
|-damage|p2a: Mienshao|255\/271|[from] Stealth Rock
|turn|9
|
|switch|p1a: Cobalion|Cobalion|236\/362
|move|p2a: Mienshao|High Jump Kick|p1a: Cobalion
|-supereffective|p1a: Cobalion
|-damage|p1a: Cobalion|0 fnt
|faint|p1a: Cobalion
|
|
|switch|p1a: Celebi|Celebi|221\/341
|turn|10
|
|switch|p2a: Hippowdon|Hippowdon, F|420\/420
|-damage|p2a: Hippowdon|394\/420|[from] Stealth Rock
|-weather|Sandstorm
|move|p1a: Celebi|Psychic|p2a: Hippowdon
|-damage|p2a: Hippowdon|273\/420
|
|-weather|Sandstorm|[upkeep]
|-damage|p1a: Celebi|200\/341|[from] sandstorm
|-heal|p1a: Celebi|221\/341|[from] item: Leftovers
|-heal|p2a: Hippowdon|299\/420|[from] item: Leftovers
|turn|11
|
|switch|p2a: Darmanitan|Darmanitan, M|351\/351
|-damage|p2a: Darmanitan|264\/351|[from] Stealth Rock
|move|p1a: Celebi|Leaf Storm|p2a: Darmanitan|[miss]
|-miss|p1a: Celebi|p2a: Darmanitan
|
|-weather|Sandstorm|[upkeep]
|-damage|p1a: Celebi|200\/341|[from] sandstorm
|-damage|p2a: Darmanitan|243\/351|[from] sandstorm
|-heal|p1a: Celebi|221\/341|[from] item: Leftovers
|turn|12
|
|switch|p1a: Blastoise|Blastoise-Mega, M|331\/331
|move|p2a: Darmanitan|U-turn|p1a: Blastoise
|-damage|p1a: Blastoise|237\/331
|-damage|p2a: Darmanitan|208\/351|[from] item: Life Orb
|
|switch|p2a: Mienshao|Mienshao, F|255\/271
|-damage|p2a: Mienshao|239\/271|[from] Stealth Rock
|
|-weather|Sandstorm|[upkeep]
|-damage|p2a: Mienshao|223\/271|[from] sandstorm
|-damage|p1a: Blastoise|217\/331|[from] sandstorm
|turn|13
|
|switch|p1a: Raikou|Raikou|322\/322
|-ability|p1a: Raikou|Pressure
|move|p2a: Mienshao|High Jump Kick|p1a: Raikou
|-damage|p1a: Raikou|0 fnt
|faint|p1a: Raikou
|
|-weather|Sandstorm|[upkeep]
|-damage|p2a: Mienshao|207\/271|[from] sandstorm
|
|switch|p1a: Celebi|Celebi|221\/341
|turn|14
|
|switch|p2a: Hippowdon|Hippowdon, F|299\/420
|-damage|p2a: Hippowdon|273\/420|[from] Stealth Rock
|move|p1a: Celebi|Psychic|p2a: Hippowdon
|-damage|p2a: Hippowdon|164\/420
|
|-weather|none
|-heal|p1a: Celebi|242\/341|[from] item: Leftovers
|-heal|p2a: Hippowdon|190\/420|[from] item: Leftovers
|turn|15
|
|move|p1a: Celebi|Leaf Storm|p2a: Hippowdon
|-supereffective|p2a: Hippowdon
|-damage|p2a: Hippowdon|0 fnt
|-unboost|p1a: Celebi|spa|2
|faint|p2a: Hippowdon
|
|-heal|p1a: Celebi|263\/341|[from] item: Leftovers
|
|switch|p2a: Mienshao|Mienshao, F|207\/271
|-damage|p2a: Mienshao|191\/271|[from] Stealth Rock
|turn|16
|
|switch|p1a: Jirachi|Jirachi|231\/341
|move|p2a: Mienshao|U-turn|p1a: Jirachi
|-damage|p1a: Jirachi|146\/341
|
|switch|p2a: Blastoise|Blastoise, F|362\/362
|-damage|p2a: Blastoise|317\/362|[from] Stealth Rock
|
|-heal|p2a: Blastoise|339\/362|[from] item: Leftovers
|turn|17
|
|switch|p2a: Darmanitan|Darmanitan, M|208\/351
|-damage|p2a: Darmanitan|121\/351|[from] Stealth Rock
|move|p1a: Jirachi|U-turn|p2a: Darmanitan
|-resisted|p2a: Darmanitan
|-damage|p2a: Darmanitan|67\/351
|
|switch|p1a: Celebi|Celebi|263\/341
|
|-heal|p1a: Celebi|284\/341|[from] item: Leftovers
|turn|18
|
|move|p1a: Celebi|Psychic|p2a: Darmanitan
|-damage|p2a: Darmanitan|0 fnt
|faint|p2a: Darmanitan
|
|-heal|p1a: Celebi|305\/341|[from] item: Leftovers
|
|switch|p2a: Mienshao|Mienshao, F|191\/271
|-damage|p2a: Mienshao|175\/271|[from] Stealth Rock
|turn|19
|
|switch|p1a: Krookodile|Krookodile, F|331\/331
|-ability|p1a: Krookodile|Intimidate|[of] p2a: Mienshao
|-unboost|p2a: Mienshao|atk|1
|move|p2a: Mienshao|High Jump Kick|p1a: Krookodile
|-supereffective|p1a: Krookodile
|-damage|p1a: Krookodile|0 fnt
|faint|p1a: Krookodile
|
|
|switch|p1a: Celebi|Celebi|305\/341
|turn|20
|
|switch|p2a: Blastoise|Blastoise, F|339\/362
|-damage|p2a: Blastoise|294\/362|[from] Stealth Rock
|move|p1a: Celebi|Leaf Storm|p2a: Blastoise|[miss]
|-miss|p1a: Celebi|p2a: Blastoise
|
|-heal|p1a: Celebi|326\/341|[from] item: Leftovers
|-heal|p2a: Blastoise|316\/362|[from] item: Leftovers
|turn|21
|
|move|p1a: Celebi|Leaf Storm|p2a: Blastoise
|-supereffective|p2a: Blastoise
|-damage|p2a: Blastoise|0 fnt
|-unboost|p1a: Celebi|spa|2
|faint|p2a: Blastoise
|
|-heal|p1a: Celebi|341\/341|[from] item: Leftovers
|
|switch|p2a: Mienshao|Mienshao, F|175\/271
|-damage|p2a: Mienshao|159\/271|[from] Stealth Rock
|turn|22
|
|move|p2a: Mienshao|High Jump Kick|p1a: Celebi
|-resisted|p1a: Celebi
|-damage|p1a: Celebi|207\/341
|move|p1a: Celebi|Psychic|p2a: Mienshao
|-supereffective|p2a: Mienshao
|-damage|p2a: Mienshao|0 fnt
|faint|p2a: Mienshao
|
|win|meeowiekins
|raw|Ladder updating...
|c|âmeeowiekins|gg
|leave|railguns
|player|p2
|raw|meeowiekins's rating: 1342 &rarr; <strong>1356<\/strong><br \/>(+14 for winning)
|raw|railguns's rating: 1241 &rarr; <strong>1223<\/strong><br \/>(-18 for losing)