|join|meeowiekins
|join|Shitty Music Team
|player|p1|meeowiekins|160
|player|p2|Shitty Music Team|2
|gametype|singles
|gen|6
|tier|UU
|rated
|rule|Sleep Clause Mod: Limit one foe put to sleep
|rule|Species Clause: Limit one of each PokÃ©mon
|rule|OHKO Clause: OHKO moves are banned
|rule|Moody Clause: Moody is banned
|rule|Evasion Moves Clause: Evasion moves are banned
|rule|Endless Battle Clause: Forcing endless battles is banned
|rule|HP Percentage Mod: HP is shown in percentages
|clearpoke
|poke|p1|Gligar, M
|poke|p1|Vaporeon, M
|poke|p1|Staraptor, M
|poke|p1|Mienshao, F
|poke|p1|Raikou
|poke|p1|Jirachi
|poke|p2|Glalie, F
|poke|p2|Mienshao, M
|poke|p2|Togekiss, F
|poke|p2|Suicune
|poke|p2|Forretress, F
|poke|p2|Zygarde
|rule|Swagger Clause: Swagger is banned
|rule|Baton Pass Clause: Limit one PokÃ©mon knowing Baton Pass
|teampreview
|
|start
|switch|p1a: Staraptor|Staraptor, M|312\/312
|switch|p2a: Fine China|Forretress, F|354\/354
|turn|1
|
|move|p1a: Staraptor|U-turn|p2a: Fine China
|-resisted|p2a: Fine China
|-damage|p2a: Fine China|312\/354
|
|switch|p1a: Gligar|Gligar, M|334\/334
|move|p2a: Fine China|Stealth Rock|p1a: Gligar
|-sidestart|p1: meeowiekins|move: Stealth Rock
|
|-heal|p2a: Fine China|334\/354|[from] item: Leftovers
|turn|2
|
|switch|p2a: Rude|Glalie, F|301\/301
|move|p1a: Gligar|Defog|p2a: Rude
|-unboost|p2a: Rude|evasion|1
|-sideend|p1: meeowiekins|Stealth Rock|[from] move: Defog|[of] p1a: Gligar
|
|turn|3
|
|switch|p1a: Vaporeon|Vaporeon, M|464\/464
|detailschange|p2a: Rude|Glalie-Mega, F
|message|Glalie has Mega Evolved into Mega Glalie!
|move|p2a: Rude|Super Fang|p1a: Vaporeon
|-damage|p1a: Vaporeon|232\/464
|
|-heal|p1a: Vaporeon|261\/464|[from] item: Leftovers
|turn|4
|
|switch|p1a: Jirachi|Jirachi|341\/341
|move|p2a: Rude|Freeze-Dry|p1a: Jirachi
|-resisted|p1a: Jirachi
|-damage|p1a: Jirachi|294\/341
|
|-heal|p1a: Jirachi|315\/341|[from] item: Leftovers
|turn|5
|
|switch|p2a: Dark Horse|Suicune|404\/404
|-ability|p2a: Dark Horse|Pressure
|move|p1a: Jirachi|Stealth Rock|p2a: Dark Horse
|-sidestart|p2: Shitty Music Team|move: Stealth Rock
|
|-heal|p1a: Jirachi|336\/341|[from] item: Leftovers
|turn|6
|
|move|p1a: Jirachi|U-turn|p2a: Dark Horse
|-damage|p2a: Dark Horse|356\/404
|
|switch|p1a: Raikou|Raikou|322\/322
|-ability|p1a: Raikou|Pressure
|move|p2a: Dark Horse|Substitute|p2a: Dark Horse
|-start|p2a: Dark Horse|Substitute
|-damage|p2a: Dark Horse|255\/404
|
|-heal|p2a: Dark Horse|280\/404|[from] item: Leftovers
|turn|7
|
|move|p1a: Raikou|Thunderbolt|p2a: Dark Horse
|-supereffective|p2a: Dark Horse
|-end|p2a: Dark Horse|Substitute
|-damage|p1a: Raikou|290\/322|[from] item: Life Orb
|move|p2a: Dark Horse|Ice Beam|p1a: Raikou
|-damage|p1a: Raikou|224\/322
|
|-heal|p2a: Dark Horse|305\/404|[from] item: Leftovers
|turn|8
|
|switch|p2a: Zygarde|Zygarde|357\/357
|-damage|p2a: Zygarde|335\/357|[from] Stealth Rock
|-ability|p2a: Zygarde|Aura Break
|move|p1a: Raikou|Thunderbolt|p2a: Zygarde
|-immune|p2a: Zygarde|[msg]
|
|turn|9
|
|switch|p1a: Staraptor|Staraptor, M|312\/312
|switch|p2a: Fine China|Forretress, F|334\/354
|-damage|p2a: Fine China|290\/354|[from] Stealth Rock
|
|-heal|p2a: Fine China|312\/354|[from] item: Leftovers
|turn|10
|
|move|p1a: Staraptor|Brave Bird|p2a: Fine China
|-damage|p2a: Fine China|60\/354
|-damage|p1a: Staraptor|229\/312|[from] recoil|[of] p2a: Fine China
|move|p2a: Fine China|Rapid Spin|p1a: Staraptor
|-damage|p1a: Staraptor|210\/312
|-sideend|p2: Shitty Music Team|Stealth Rock|[from] move: Rapid Spin|[of] p2a: Fine China
|
|-heal|p2a: Fine China|82\/354|[from] item: Leftovers
|turn|11
|
|move|p1a: Staraptor|Brave Bird|p2a: Fine China
|-damage|p2a: Fine China|0 fnt
|-damage|p1a: Staraptor|183\/312|[from] recoil|[of] p2a: Fine China
|faint|p2a: Fine China
|
|join|interplanet janet
|
|switch|p2a: Rude|Glalie-Mega, F|301\/301
|turn|12
|
|switch|p1a: Jirachi|Jirachi|336\/341
|move|p2a: Rude|Return|p1a: Jirachi
|-resisted|p1a: Jirachi
|-damage|p1a: Jirachi|216\/341
|
|-heal|p1a: Jirachi|237\/341|[from] item: Leftovers
|turn|13
|
|move|p1a: Jirachi|Iron Head|p2a: Rude
|-supereffective|p2a: Rude
|-damage|p2a: Rude|37\/301
|move|p2a: Rude|Earthquake|p1a: Jirachi
|-supereffective|p1a: Jirachi
|-damage|p1a: Jirachi|0 fnt
|faint|p1a: Jirachi
|
|
|switch|p1a: Mienshao|Mienshao, F|271\/271
|turn|14
|
|switch|p2a: Fancy|Mienshao, M|271\/271
|move|p1a: Mienshao|U-turn|p2a: Fancy
|-resisted|p2a: Fancy
|-damage|p2a: Fancy|208\/271
|
|switch|p1a: Gligar|Gligar, M|334\/334
|
|turn|15
|
|move|p2a: Fancy|U-turn|p1a: Gligar
|-crit|p1a: Gligar
|-resisted|p1a: Gligar
|-damage|p1a: Gligar|293\/334
|
|switch|p2a: Rude|Glalie-Mega, F|37\/301
|move|p1a: Gligar|U-turn|p2a: Rude
|-damage|p2a: Rude|0 fnt
|faint|p2a: Rude
|
|switch|p1a: Mienshao|Mienshao, F|271\/271
|
|
|switch|p2a: Fancy|Mienshao, M|208\/271
|turn|16
|
|switch|p1a: Gligar|Gligar, M|293\/334
|move|p2a: Fancy|High Jump Kick|p1a: Gligar|[miss]
|-miss|p2a: Fancy|p1a: Gligar
|-damage|p2a: Fancy|73\/271|[from] highjumpkick
|
|turn|17
|
|switch|p2a: Zygarde|Zygarde|335\/357
|-ability|p2a: Zygarde|Aura Break
|move|p1a: Gligar|Earthquake|p2a: Zygarde
|-damage|p2a: Zygarde|262\/357
|
|turn|18
|
|move|p2a: Zygarde|Dragon Dance|p2a: Zygarde
|-boost|p2a: Zygarde|atk|1
|-boost|p2a: Zygarde|spe|1
|move|p1a: Gligar|U-turn|p2a: Zygarde
|-damage|p2a: Zygarde|226\/357
|
|switch|p1a: Vaporeon|Vaporeon, M|261\/464
|
|-heal|p1a: Vaporeon|290\/464|[from] item: Leftovers
|turn|19
|join|Eyan
|
|move|p2a: Zygarde|Dragon Dance|p2a: Zygarde
|-boost|p2a: Zygarde|atk|1
|-boost|p2a: Zygarde|spe|1
|move|p1a: Vaporeon|Scald|p2a: Zygarde
|-damage|p2a: Zygarde|121\/357
|-status|p2a: Zygarde|brn
|-enditem|p2a: Zygarde|Lum Berry|[eat]
|-curestatus|p2a: Zygarde|brn
|
|-heal|p1a: Vaporeon|319\/464|[from] item: Leftovers
|turn|20
|
|move|p2a: Zygarde|Outrage|p1a: Vaporeon
|-damage|p1a: Vaporeon|0 fnt
|faint|p1a: Vaporeon
|
|
|switch|p1a: Gligar|Gligar, M|293\/334
|turn|21
|
|move|p2a: Zygarde|Outrage|p1a: Gligar
|-damage|p1a: Gligar|82\/334
|move|p1a: Gligar|Earthquake|p2a: Zygarde
|-damage|p2a: Zygarde|42\/357
|
|-end|p2a: Zygarde|rampage
|-start|p2a: Zygarde|confusion
|turn|22
|
|-activate|p2a: Zygarde|confusion
|move|p2a: Zygarde|Outrage|p1a: Gligar
|-damage|p1a: Gligar|0 fnt
|faint|p1a: Gligar
|
|
|switch|p1a: Staraptor|Staraptor, M|183\/312
|turn|23
|
|-activate|p2a: Zygarde|confusion
|-damage|p2a: Zygarde|0 fnt|[from] confusion
|faint|p2a: Zygarde
|move|p1a: Staraptor|Double-Edge|p2: Zygarde|[notarget]
|-notarget
|
|
|switch|p2a: Fancy|Mienshao, M|73\/271
|turn|24
|
|move|p2a: Fancy|High Jump Kick|p1a: Staraptor
|-damage|p1a: Staraptor|0 fnt
|faint|p1a: Staraptor
|
|
|switch|p1a: Mienshao|Mienshao, F|271\/271
|turn|25
|
|switch|p2a: Blank Space|Togekiss, F|359\/359
|move|p1a: Mienshao|Poison Jab|p2a: Blank Space
|-supereffective|p2a: Blank Space
|-damage|p2a: Blank Space|149\/359
|
|-heal|p2a: Blank Space|171\/359|[from] item: Leftovers
|turn|26
|
|switch|p1a: Raikou|Raikou|224\/322
|-ability|p1a: Raikou|Pressure
|switch|p2a: Dark Horse|Suicune|305\/404
|-ability|p2a: Dark Horse|Pressure
|
|-heal|p2a: Dark Horse|330\/404|[from] item: Leftovers
|turn|27
|
|move|p1a: Raikou|Thunderbolt|p2a: Dark Horse
|-supereffective|p2a: Dark Horse
|-damage|p2a: Dark Horse|15\/404
|-damage|p1a: Raikou|192\/322|[from] item: Life Orb
|move|p2a: Dark Horse|Scald|p1a: Raikou
|-damage|p1a: Raikou|110\/322
|
|-heal|p2a: Dark Horse|40\/404|[from] item: Leftovers
|turn|28
|
|move|p1a: Raikou|Thunderbolt|p2a: Dark Horse
|-supereffective|p2a: Dark Horse
|-damage|p2a: Dark Horse|0 fnt
|-damage|p1a: Raikou|78\/322|[from] item: Life Orb
|faint|p2a: Dark Horse
|
|
|switch|p2a: Fancy|Mienshao, M|73\/271
|turn|29
|
|move|p2a: Fancy|High Jump Kick|p1a: Raikou
|-damage|p1a: Raikou|0 fnt
|faint|p1a: Raikou
|
|
|switch|p1a: Mienshao|Mienshao, F|271\/271
|turn|30
|
|move|p2a: Fancy|High Jump Kick|p1a: Mienshao
|-damage|p1a: Mienshao|0 fnt
|faint|p1a: Mienshao
|
|win|Shitty Music Team
|raw|Ladder updating...
|c|âmeeowiekins|gg
|raw|meeowiekins's rating: 1224 &rarr; <strong>1192<\/strong><br \/>(-32 for losing)
|raw|Shitty Music Team's rating: 1135 &rarr; <strong>1166<\/strong><br \/>(+31 for winning)
|c|âShitty Music Team|gg
|leave|interplanet janet