|join|Torm
|join|meeowiekins
|player|p1|Torm|107
|player|p2|meeowiekins|160
|gametype|singles
|gen|6
|tier|UU
|rule|Sleep Clause Mod: Limit one foe put to sleep
|rule|Species Clause: Limit one of each PokÃ©mon
|rule|OHKO Clause: OHKO moves are banned
|rule|Moody Clause: Moody is banned
|rule|Evasion Moves Clause: Evasion moves are banned
|rule|Endless Battle Clause: Forcing endless battles is banned
|rule|HP Percentage Mod: HP is reported as percentages
|clearpoke
|poke|p1|Feraligatr, M
|poke|p1|Darmanitan, M
|poke|p1|Abomasnow, F
|poke|p1|Alomomola, M
|poke|p1|Gligar, M
|poke|p1|Blissey, F
|poke|p2|Heracross, M
|poke|p2|Rotom-Heat
|poke|p2|Celebi
|poke|p2|Blastoise, F
|poke|p2|Crobat, F
|poke|p2|Lucario, F
|rule|Swagger Clause: Swagger is banned
|rule|Baton Pass Clause: Limit one PokÃ©mon knowing Baton Pass
|teampreview
|join|Big Papa Reginald
|join|Dudeman130498
|join|TTM Styx
|join|ULT Thisbemyalt
|join|fev'
|join|MetalPyro
|join|klirGEE
|join|NTBroskf
|join|Pirate Marowak
|join|zTerribad's Dad
|join|FiddleFarts101
|join|Dokkerich
|join|SmashBrosBrawl
|join|ULT Jabby
|join|Vyld
|join|zTerribadTastic
|join|RaioGelo
|chat|ULT Jabby|torm whyd you use your weak team its the finals!!
|join|optixx
|chat|zTerribad's Dad|please don't pay attention to the prediction of zterrabdastic
|chat|meeowiekins|fuck
|join|stinky smelly poo
|chat|RaioGelo|dis gun b gud
|chat|ULT Thisbemyalt|Ah he has the new sigilyph of NU
|chat|meeowiekins|this is the wrong team
|chat|zTerribadTastic|the NU feat darm and bliss
|chat|meeowiekins|nooooo
|chat|zTerribadTastic|is here
|chat|zTerribad's Dad|they are out of range
|chat|meeowiekins|this team is fucking trash
|chat|optixx|Sexy team x3
|chat|zTerribadTastic|oh, how real
|chat|SmashBrosBrawl|mfw entire team hard walled
|chat|zTerribadTastic|is feraligator this game
|chat|SmashBrosBrawl|unless thats a mexican celebi
|chat|SmashBrosBrawl|is that a mexican celebi
|chat|RaioGelo|ye
|
|start
|switch|p1a: Darmanitan|Darmanitan, M|351\/351
|switch|p2a: Heracross|Heracross, M|302\/302
|turn|1
|chat|Vyld|mexican celebi?
|chat|zTerribadTastic|click flare, the game
|chat|SmashBrosBrawl|>leading with heracross
|chat|RaioGelo|what a good start
|chat|SmashBrosBrawl|,,,
|
|switch|p2a: Blastoise|Blastoise, F|362\/362
|move|p1a: Darmanitan|Flare Blitz|p2a: Blastoise
|-resisted|p2a: Blastoise
|-damage|p2a: Blastoise|225\/362
|-damage|p1a: Darmanitan|306\/351|[from] recoil|[of] p2a: Blastoise
|
|turn|2
|join|HDizzleCrizzle
|raw|<div class="broadcast-red"><b>Moderated chat was set to +!<\/b><br \/>Only users of rank + and higher can talk.<\/div>
|chat|ULT Jabby|torm whyd you use your weak team
|join|sniperaim
|chat|zTerribadTastic|LO\/10
|chat|RaioGelo|u turn imo
|
|switch|p1a: Blissey|Blissey, F|714\/714
|switch|p2a: Heracross|Heracross, M|302\/302
|
|turn|3
|chat|SmashBrosBrawl|bolt strike
|chat|SmashBrosBrawl|o wait
|
|switch|p1a: Alomomola|Alomomola, M|481\/481
|move|p2a: Heracross|Knock Off|p1a: Alomomola
|-damage|p1a: Alomomola|315\/481
|-damage|p2a: Heracross|252\/302|[from] item: Rocky Helmet|[of] p1a: Alomomola
|-enditem|p1a: Alomomola|Rocky Helmet|[from] move: Knock Off|[of] p2a: Heracross
|
|turn|4
|
|switch|p2a: Celebi|Celebi|404\/404
|move|p1a: Alomomola|Toxic|p2a: Celebi
|-status|p2a: Celebi|tox
|
|-damage|p2a: Celebi|379\/404 tox|[from] psn
|turn|5
|
|switch|p1a: Blissey|Blissey, F|714\/714
|move|p2a: Celebi|Stealth Rock|p1a: Blissey
|-sidestart|p1: Torm|move: Stealth Rock
|
|-heal|p2a: Celebi|404\/404 tox|[from] item: Leftovers
|-damage|p2a: Celebi|354\/404 tox|[from] psn
|turn|6
|chat|SmashBrosBrawl|fuck
|chat|SmashBrosBrawl|not mexican
|leave|HDizzleCrizzle
|
|switch|p2a: Heracross|Heracross, M|252\/302
|move|p1a: Blissey|Stealth Rock|p2a: Heracross
|-sidestart|p2: meeowiekins|move: Stealth Rock
|
|turn|7
|join|DRUDDIE
|
|switch|p1a: Gligar|Gligar, M|333\/333
|-damage|p1a: Gligar|292\/333|[from] Stealth Rock
|move|p2a: Heracross|Megahorn|p1a: Gligar
|-resisted|p1a: Gligar
|-damage|p1a: Gligar|208\/333
|
|turn|8
|leave|RaioGelo
|
|switch|p2a: Blastoise|Blastoise, F|225\/362
|-damage|p2a: Blastoise|180\/362|[from] Stealth Rock
|move|p1a: Gligar|Roost|p1a: Gligar
|-heal|p1a: Gligar|333\/333
|
|turn|9
|
|switch|p1a: Blissey|Blissey, F|714\/714
|-damage|p1a: Blissey|625\/714|[from] Stealth Rock
|detailschange|p2a: Blastoise|Blastoise-Mega, F
|message|Blastoise has Mega Evolved into Mega Blastoise!
|move|p2a: Blastoise|Rapid Spin|p1a: Blissey
|-damage|p1a: Blissey|598\/714
|-sideend|p2: meeowiekins|Stealth Rock|[from] move: Rapid Spin|[of] p2a: Blastoise
|
|-heal|p1a: Blissey|642\/714|[from] item: Leftovers
|turn|10
|
|switch|p2a: Crobat|Crobat, F|374\/374
|move|p1a: Blissey|Stealth Rock|p2a: Crobat
|-sidestart|p2: meeowiekins|move: Stealth Rock
|
|-heal|p1a: Blissey|686\/714|[from] item: Leftovers
|turn|11
|
|switch|p1a: Alomomola|Alomomola, M|475\/481
|-damage|p1a: Alomomola|415\/481|[from] Stealth Rock
|move|p2a: Crobat|Toxic|p1a: Alomomola
|-status|p1a: Alomomola|tox
|
|-damage|p1a: Alomomola|385\/481 tox|[from] psn
|turn|12
|
|move|p2a: Crobat|Taunt|p1a: Alomomola
|-start|p1a: Alomomola|move: Taunt
|move|p1a: Alomomola|Scald|p2a: Crobat
|-damage|p2a: Crobat|320\/374
|
|-heal|p2a: Crobat|343\/374|[from] item: Leftovers
|-damage|p1a: Alomomola|325\/481 tox|[from] psn
|turn|13
|chat|SmashBrosBrawl|o
|chat|SmashBrosBrawl|nb
|
|switch|p1a: Gligar|Gligar, M|333\/333
|-damage|p1a: Gligar|292\/333|[from] Stealth Rock
|move|p2a: Crobat|Brave Bird|p1a: Gligar
|-damage|p1a: Gligar|220\/333
|-damage|p2a: Crobat|319\/374|[from] recoil|[of] p1a: Gligar
|
|-heal|p2a: Crobat|342\/374|[from] item: Leftovers
|turn|14
|join|Juanito4
|
|move|p2a: Crobat|Taunt|p1a: Gligar
|-start|p1a: Gligar|move: Taunt
|move|p1a: Gligar|U-turn|p2a: Crobat
|-resisted|p2a: Crobat
|-damage|p2a: Crobat|329\/374
|
|switch|p1a: Darmanitan|Darmanitan, M|306\/351
|-damage|p1a: Darmanitan|219\/351|[from] Stealth Rock
|
|-heal|p2a: Crobat|352\/374|[from] item: Leftovers
|turn|15
|
|switch|p2a: Blastoise|Blastoise-Mega, F|180\/362
|-damage|p2a: Blastoise|135\/362|[from] Stealth Rock
|move|p1a: Darmanitan|Flare Blitz|p2a: Blastoise
|-resisted|p2a: Blastoise
|-damage|p2a: Blastoise|1\/362
|-damage|p1a: Darmanitan|175\/351|[from] recoil|[of] p2a: Blastoise
|
|turn|16
|
|move|p1a: Darmanitan|Flare Blitz|p2a: Blastoise
|-resisted|p2a: Blastoise
|-damage|p2a: Blastoise|0 fnt
|-damage|p1a: Darmanitan|174\/351|[from] recoil|[of] p2a: Blastoise
|faint|p2a: Blastoise
|
|join|Pink Dragon
|
|switch|p2a: Lucario|Lucario, F|281\/281
|-damage|p2a: Lucario|273\/281|[from] Stealth Rock
|turn|17
|join|bouff
|
|switch|p1a: Gligar|Gligar, M|220\/333
|-damage|p1a: Gligar|179\/333|[from] Stealth Rock
|move|p2a: Lucario|Nasty Plot|p2a: Lucario
|-boost|p2a: Lucario|spa|2
|
|turn|18
|join|Mael oo
|chat|SmashBrosBrawl|!
|leave|ULT Thisbemyalt
|chat|Torm|oh shit
|leave|Mael oo
|join|ULT Thisbemyalt
|join|bouff: bouff
|
|switch|p1a: Darmanitan|Darmanitan, M|174\/351
|-damage|p1a: Darmanitan|87\/351|[from] Stealth Rock
|move|p2a: Lucario|Dark Pulse|p1a: Darmanitan
|-damage|p1a: Darmanitan|0 fnt
|-damage|p2a: Lucario|245\/281|[from] item: Life Orb
|faint|p1a: Darmanitan
|
|
|switch|p1a: Feraligatr|Feraligatr, M|369\/369
|-damage|p1a: Feraligatr|323\/369|[from] Stealth Rock
|turn|19
|join|shrekt n kekt
|leave|LET ME TALK HERE
|join|meow wins kek
|join|LET ME TALK HERE
|
|switch|p2a: Celebi|Celebi|354\/404
|-damage|p2a: Celebi|304\/404|[from] Stealth Rock
|move|p1a: Feraligatr|Waterfall|p2a: Celebi
|-resisted|p2a: Celebi
|-damage|p2a: Celebi|255\/404
|
|-heal|p2a: Celebi|280\/404|[from] item: Leftovers
|turn|20
|join|namehtmas
|leave|LET ME TALK HERE
|
|switch|p2a: Heracross|Heracross, M|252\/302
|-damage|p2a: Heracross|215\/302|[from] Stealth Rock
|switch|p1a: Abomasnow|Abomasnow, F|381\/381
|-damage|p1a: Abomasnow|286\/381|[from] Stealth Rock
|-weather|Hail
|
|-weather|Hail|[upkeep]
|-damage|p2a: Heracross|197\/302|[from] hail
|turn|21
|join|VOICE ME NOW
|
|switch|p1a: Alomomola|Alomomola, M|481\/481 tox
|-damage|p1a: Alomomola|421\/481 tox|[from] Stealth Rock
|move|p2a: Heracross|Megahorn|p1a: Alomomola
|-damage|p1a: Alomomola|114\/481 tox
|
|-weather|Hail|[upkeep]
|-damage|p2a: Heracross|179\/302|[from] hail
|-damage|p1a: Alomomola|84\/481 tox|[from] hail
|-damage|p1a: Alomomola|54\/481 tox|[from] psn
|turn|22
|join|djb2909
|leave|VOICE ME NOW
|
|move|p2a: Heracross|Megahorn|p1a: Alomomola
|-damage|p1a: Alomomola|0 fnt
|faint|p1a: Alomomola
|
|-weather|Hail|[upkeep]
|-damage|p2a: Heracross|161\/302|[from] hail
|
|switch|p1a: Gligar|Gligar, M|179\/333
|-damage|p1a: Gligar|138\/333|[from] Stealth Rock
|turn|23
|join|NICE BAND HERA
|join|HDizzleCrizzle
|
|switch|p2a: Rotom-Heat|Rotom-Heat|304\/304
|-damage|p2a: Rotom-Heat|228\/304|[from] Stealth Rock
|move|p1a: Gligar|Roost|p1a: Gligar
|-heal|p1a: Gligar|305\/333
|
|-weather|Hail|[upkeep]
|-damage|p1a: Gligar|285\/333|[from] hail
|-damage|p2a: Rotom-Heat|209\/304|[from] hail
|-heal|p2a: Rotom-Heat|228\/304|[from] item: Leftovers
|turn|24
|
|move|p1a: Gligar|U-turn|p2a: Rotom-Heat
|-resisted|p2a: Rotom-Heat
|-damage|p2a: Rotom-Heat|208\/304
|
|switch|p1a: Blissey|Blissey, F|686\/714
|-damage|p1a: Blissey|597\/714|[from] Stealth Rock
|move|p2a: Rotom-Heat|Will-O-Wisp|p1a: Blissey
|-status|p1a: Blissey|brn
|
|-weather|none
|-heal|p2a: Rotom-Heat|227\/304|[from] item: Leftovers
|-heal|p1a: Blissey|641\/714 brn|[from] item: Leftovers
|-damage|p1a: Blissey|552\/714 brn|[from] brn
|turn|25
|join|USE TICKLE
|leave|USE TICKLE
|
|move|p2a: Rotom-Heat|Volt Switch|p1a: Blissey
|-damage|p1a: Blissey|494\/714 brn
|
|switch|p2a: Crobat|Crobat, F|352\/374
|-damage|p2a: Crobat|259\/374|[from] Stealth Rock
|move|p1a: Blissey|Seismic Toss|p2a: Crobat
|-damage|p2a: Crobat|159\/374
|
|-heal|p2a: Crobat|182\/374|[from] item: Leftovers
|-heal|p1a: Blissey|538\/714 brn|[from] item: Leftovers
|-damage|p1a: Blissey|449\/714 brn|[from] brn
|turn|26
|join|USE TICKLE
|join|Choke on this Nerd
|leave|USE TICKLE
|
|switch|p1a: Feraligatr|Feraligatr, M|323\/369
|-damage|p1a: Feraligatr|277\/369|[from] Stealth Rock
|move|p2a: Crobat|Toxic|p1a: Feraligatr
|-status|p1a: Feraligatr|tox
|-enditem|p1a: Feraligatr|Lum Berry|[eat]
|-curestatus|p1a: Feraligatr|tox
|
|-heal|p2a: Crobat|205\/374|[from] item: Leftovers
|turn|27
|join|USE TICKLE
|leave|USE TICKLE
|join|USE TICKLE
|join|smelliott
|leave|USE TICKLE
|join|USE TICKLE
|leave|USE TICKLE
|join|USE TICKLE
|leave|NICE BAND HERA
|leave|USE TICKLE
|join|USE TICKLE
|join|LVG
|join|VOICE USE TICKLE
|
|switch|p2a: Celebi|Celebi|280\/404
|-damage|p2a: Celebi|230\/404|[from] Stealth Rock
|move|p1a: Feraligatr|Waterfall|p2a: Celebi
|-resisted|p2a: Celebi
|-damage|p2a: Celebi|182\/404
|
|-heal|p2a: Celebi|207\/404|[from] item: Leftovers
|turn|28
|leave|USE TICKLE
|join|USE TICKLE
|
|switch|p1a: Abomasnow|Abomasnow, F|286\/381
|-damage|p1a: Abomasnow|191\/381|[from] Stealth Rock
|-weather|Hail
|move|p2a: Celebi|Recover|p2a: Celebi
|-heal|p2a: Celebi|404\/404
|
|-weather|Hail|[upkeep]
|-damage|p2a: Celebi|379\/404|[from] hail
|-heal|p2a: Celebi|404\/404|[from] item: Leftovers
|turn|29
|leave|VOICE USE TICKLE
|leave|USE TICKLE
|join|VOICE USE TICKLE
|join|USE TICKLE
|
|switch|p2a: Rotom-Heat|Rotom-Heat|227\/304
|-damage|p2a: Rotom-Heat|151\/304|[from] Stealth Rock
|detailschange|p1a: Abomasnow|Abomasnow-Mega, F
|message|Abomasnow has Mega Evolved into Mega Abomasnow!
|move|p1a: Abomasnow|Seed Bomb|p2a: Rotom-Heat
|-resisted|p2a: Rotom-Heat
|-damage|p2a: Rotom-Heat|76\/304
|
|-weather|Hail|[upkeep]
|-damage|p2a: Rotom-Heat|57\/304|[from] hail
|-heal|p2a: Rotom-Heat|76\/304|[from] item: Leftovers
|turn|30
|leave|USE TICKLE
|join|USE TICKLE
|
|switch|p1a: Blissey|Blissey, F|449\/714
|-damage|p1a: Blissey|360\/714|[from] Stealth Rock
|move|p2a: Rotom-Heat|Pain Split|p1a: Blissey
|-sethp|p1a: Blissey|218\/714|p2a: Rotom-Heat|218\/304|[from] move: Pain Split
|
|-weather|Hail|[upkeep]
|-damage|p2a: Rotom-Heat|199\/304|[from] hail
|-damage|p1a: Blissey|174\/714|[from] hail
|-heal|p2a: Rotom-Heat|218\/304|[from] item: Leftovers
|-heal|p1a: Blissey|218\/714|[from] item: Leftovers
|turn|31
|leave|VOICE USE TICKLE
|leave|USE TICKLE
|join|VOICE USE TICKLE
|join|USE TICKLE
|
|move|p2a: Rotom-Heat|Volt Switch|p1a: Blissey
|-damage|p1a: Blissey|152\/714
|leave|USE TICKLE
|
|switch|p2a: Heracross|Heracross, M|161\/302
|-damage|p2a: Heracross|124\/302|[from] Stealth Rock
|move|p1a: Blissey|Soft-Boiled|p1a: Blissey
|-heal|p1a: Blissey|509\/714
|
|-weather|Hail|[upkeep]
|-damage|p2a: Heracross|106\/302|[from] hail
|-damage|p1a: Blissey|465\/714|[from] hail
|-heal|p1a: Blissey|509\/714|[from] item: Leftovers
|turn|32
|join|USE TICKLE
|leave|VOICE USE TICKLE
|join|VOICE USE TICKLE
|
|switch|p1a: Gligar|Gligar, M|285\/333
|-damage|p1a: Gligar|244\/333|[from] Stealth Rock
|move|p2a: Heracross|Knock Off|p1a: Gligar
|-crit|p1a: Gligar
|-damage|p1a: Gligar|110\/333
|-enditem|p1a: Gligar|Eviolite|[from] move: Knock Off|[of] p2a: Heracross
|
|-weather|none
|turn|33
|leave|USE TICKLE
|join|USE TICKLE
|leave|USE TICKLE
|
|switch|p2a: Crobat|Crobat, F|205\/374
|-damage|p2a: Crobat|112\/374|[from] Stealth Rock
|move|p1a: Gligar|Roost|p1a: Gligar
|-heal|p1a: Gligar|277\/333
|
|-heal|p2a: Crobat|135\/374|[from] item: Leftovers
|turn|34
|join|USE TICKLE
|leave|TICKLE MY FANNY
|join|TICKLE MY FANNY
|leave|TICKLE MY FANNY
|join|TICKLE MY FANNY
|leave|TICKLE MY FANNY
|join|TICKLE MY FANNY
|join|Toenail Testing
|leave|BAN ZTERRIBAD
|
|move|p2a: Crobat|Roost|p2a: Crobat
|-heal|p2a: Crobat|322\/374
|move|p1a: Gligar|Defog|p2a: Crobat
|-unboost|p2a: Crobat|evasion|1
|-sideend|p2: meeowiekins|Stealth Rock|[from] move: Defog|[of] p2a: Crobat
|-sideend|p1: Torm|Stealth Rock|[from] move: Defog|[of] p1a: Gligar
|
|-heal|p2a: Crobat|345\/374|[from] item: Leftovers
|turn|35
|join|BAN ZTERRIBAD
|leave|USE TICKLE
|join|USE TICKLE
|leave|USE TICKLE
|
|move|p2a: Crobat|Toxic|p1a: Gligar
|-status|p1a: Gligar|tox
|move|p1a: Gligar|U-turn|p2a: Crobat
|-resisted|p2a: Crobat
|-damage|p2a: Crobat|331\/374
|join|USE TICKLE
|
|switch|p1a: Abomasnow|Abomasnow-Mega, F|191\/381
|-weather|Hail
|
|-weather|Hail|[upkeep]
|-damage|p2a: Crobat|308\/374|[from] hail
|-heal|p2a: Crobat|331\/374|[from] item: Leftovers
|turn|36
|leave|USE TICKLE
|join|USE TICKLE
|
|switch|p2a: Rotom-Heat|Rotom-Heat|218\/304
|move|p1a: Abomasnow|Ice Shard|p2a: Rotom-Heat
|-resisted|p2a: Rotom-Heat
|-damage|p2a: Rotom-Heat|179\/304
|
|-weather|Hail|[upkeep]
|-damage|p2a: Rotom-Heat|160\/304|[from] hail
|-heal|p2a: Rotom-Heat|179\/304|[from] item: Leftovers
|turn|37
|leave|USE TICKLE
|
|switch|p1a: Blissey|Blissey, F|509\/714
|move|p2a: Rotom-Heat|Volt Switch|p1a: Blissey
|-damage|p1a: Blissey|445\/714
|join|USE TICKLE
|
|switch|p2a: Heracross|Heracross, M|106\/302
|
|-weather|Hail|[upkeep]
|-damage|p2a: Heracross|88\/302|[from] hail
|-damage|p1a: Blissey|401\/714|[from] hail
|-heal|p1a: Blissey|445\/714|[from] item: Leftovers
|turn|38
|leave|USE TICKLE
|
|switch|p1a: Gligar|Gligar, M|277\/333 tox
|move|p2a: Heracross|Close Combat|p1a: Gligar
|-resisted|p1a: Gligar
|-damage|p1a: Gligar|148\/333 tox
|-unboost|p2a: Heracross|def|1
|-unboost|p2a: Heracross|spd|1
|
|-weather|Hail|[upkeep]
|-damage|p2a: Heracross|70\/302|[from] hail
|-damage|p1a: Gligar|128\/333 tox|[from] hail
|-damage|p1a: Gligar|108\/333 tox|[from] psn
|turn|39
|join|USE TICKLE
|leave|USE TICKLE
|join|USE TICKLE
|
|move|p2a: Heracross|Close Combat|p1a: Gligar
|-crit|p1a: Gligar
|-resisted|p1a: Gligar
|-damage|p1a: Gligar|0 fnt
|-unboost|p2a: Heracross|def|1
|-unboost|p2a: Heracross|spd|1
|faint|p1a: Gligar
|
|-weather|none
|leave|LVG
|
|switch|p1a: Abomasnow|Abomasnow-Mega, F|191\/381
|-weather|Hail
|turn|40
|
|switch|p2a: Rotom-Heat|Rotom-Heat|179\/304
|move|p1a: Abomasnow|Seed Bomb|p2a: Rotom-Heat
|-resisted|p2a: Rotom-Heat
|-damage|p2a: Rotom-Heat|108\/304
|
|-weather|Hail|[upkeep]
|-damage|p2a: Rotom-Heat|89\/304|[from] hail
|-heal|p2a: Rotom-Heat|108\/304|[from] item: Leftovers
|turn|41
|leave|USE TICKLE
|join|USE TICKLE
|
|move|p2a: Rotom-Heat|Overheat|p1a: Abomasnow
|-crit|p1a: Abomasnow
|-supereffective|p1a: Abomasnow
|-damage|p1a: Abomasnow|0 fnt
|-unboost|p2a: Rotom-Heat|spa|2
|faint|p1a: Abomasnow
|
|-weather|Hail|[upkeep]
|-damage|p2a: Rotom-Heat|89\/304|[from] hail
|-heal|p2a: Rotom-Heat|108\/304|[from] item: Leftovers
|
|switch|p1a: Feraligatr|Feraligatr, M|277\/369
|turn|42
|leave|USE TICKLE
|
|move|p2a: Rotom-Heat|Will-O-Wisp|p1a: Feraligatr
|-status|p1a: Feraligatr|brn
|move|p1a: Feraligatr|Swords Dance|p1a: Feraligatr
|-boost|p1a: Feraligatr|atk|2
|
|-weather|Hail|[upkeep]
|-damage|p2a: Rotom-Heat|89\/304|[from] hail
|-damage|p1a: Feraligatr|254\/369 brn|[from] hail
|-heal|p2a: Rotom-Heat|108\/304|[from] item: Leftovers
|-damage|p1a: Feraligatr|208\/369 brn|[from] brn
|turn|43
|join|USE TICKLE
|
|move|p1a: Feraligatr|Aqua Jet|p2a: Rotom-Heat
|-supereffective|p2a: Rotom-Heat
|-damage|p2a: Rotom-Heat|0 fnt
|faint|p2a: Rotom-Heat
|
|-weather|Hail|[upkeep]
|-damage|p1a: Feraligatr|185\/369 brn|[from] hail
|-damage|p1a: Feraligatr|139\/369 brn|[from] brn
|leave|BAN ZTERRIBAD
|leave|Choke on this Nerd
|
|switch|p2a: Celebi|Celebi|404\/404
|turn|44
|
|move|p2a: Celebi|Giga Drain|p1a: Feraligatr
|-supereffective|p1a: Feraligatr
|-damage|p1a: Feraligatr|0 fnt
|faint|p1a: Feraligatr
|
|-weather|none
|join|NICE BURN FERA
|
|switch|p1a: Blissey|Blissey, F|445\/714
|turn|45
|join|ah yueah
|
|switch|p2a: Crobat|Crobat, F|331\/374
|move|p1a: Blissey|Seismic Toss|p2a: Crobat
|-damage|p2a: Crobat|231\/374
|
|-heal|p2a: Crobat|254\/374|[from] item: Leftovers
|-heal|p1a: Blissey|489\/714|[from] item: Leftovers
|turn|46
|leave|ah yueah
|
|move|p2a: Crobat|Toxic|p1a: Blissey
|-status|p1a: Blissey|tox
|move|p1a: Blissey|Seismic Toss|p2a: Crobat
|-damage|p2a: Crobat|154\/374
|
|-heal|p2a: Crobat|177\/374|[from] item: Leftovers
|-heal|p1a: Blissey|533\/714 tox|[from] item: Leftovers
|-damage|p1a: Blissey|489\/714 tox|[from] psn
|turn|47
|
|move|p2a: Crobat|Taunt|p1a: Blissey
|-start|p1a: Blissey|move: Taunt
|move|p1a: Blissey|Seismic Toss|p2a: Crobat
|-damage|p2a: Crobat|77\/374
|
|-heal|p2a: Crobat|100\/374|[from] item: Leftovers
|-heal|p1a: Blissey|533\/714 tox|[from] item: Leftovers
|-damage|p1a: Blissey|445\/714 tox|[from] psn
|turn|48
|leave|SWEEP WITH LUCARIO
|join|SWEEP WITH LUCARIO
|
|move|p2a: Crobat|Roost|p2a: Crobat
|-heal|p2a: Crobat|287\/374
|move|p1a: Blissey|Seismic Toss|p2a: Crobat
|-damage|p2a: Crobat|187\/374
|
|-heal|p2a: Crobat|210\/374|[from] item: Leftovers
|-heal|p1a: Blissey|489\/714 tox|[from] item: Leftovers
|-damage|p1a: Blissey|357\/714 tox|[from] psn
|turn|49
|
|move|p2a: Crobat|Brave Bird|p1a: Blissey
|-damage|p1a: Blissey|110\/714 tox
|-damage|p2a: Crobat|128\/374|[from] recoil|[of] p1a: Blissey
|move|p1a: Blissey|Seismic Toss|p2a: Crobat
|-damage|p2a: Crobat|28\/374
|
|-heal|p2a: Crobat|51\/374|[from] item: Leftovers
|-heal|p1a: Blissey|154\/714 tox|[from] item: Leftovers
|-damage|p1a: Blissey|0 fnt|[from] psn
|faint|p1a: Blissey
|
|win|meeowiekins
|leave|Torm
|player|p1
|chat|meeowiekins|gg
|leave|stinky smelly poo
|leave|SmashBrosBrawl
|leave|TTM Styx
|leave|USE TICKLE
|leave|Toenail Testing
|leave|sniperaim
|leave|FiddleFarts101
|leave|smelliott
|leave|ULT Jabby
|leave|Vyld
|leave|HDizzleCrizzle
|leave|bouff
|leave|djb2909
|leave|SWEEP WITH LUCARIO
|leave|Pirate Marowak
|leave|ULT Thisbemyalt
|leave|MetalPyro
|leave|fev'
|leave|klirGEE
|leave|DRUDDIE
|leave|tfw ult
|leave|Big Papa Reginald
|join|Falling Dowwn
|leave|Falling Dowwn
|leave|Juanito4
|leave|zTerribadTastic
|join|Falling Dowwn
|leave|Falling Dowwn