|join|Super Mario Kek
|join|meeowiekins
|player|p1|Super Mario Kek|176
|player|p2|meeowiekins|160
|gametype|singles
|gen|6
|tier|UU
|rule|Sleep Clause Mod: Limit one foe put to sleep
|rule|Species Clause: Limit one of each PokÃ©mon
|rule|OHKO Clause: OHKO moves are banned
|rule|Moody Clause: Moody is banned
|rule|Evasion Moves Clause: Evasion moves are banned
|rule|Endless Battle Clause: Forcing endless battles is banned
|rule|HP Percentage Mod: HP is shown in percentages
|clearpoke
|poke|p1|Rhyperior, M, shiny
|poke|p1|Ferroseed, M
|poke|p1|Alomomola, M
|poke|p1|Heliolisk, M, shiny
|poke|p1|Jellicent, M, shiny
|poke|p1|Durant, M, shiny
|poke|p2|Shedinja
|poke|p2|Xatu, M
|poke|p2|Tentacruel, F
|poke|p2|Krookodile, M
|poke|p2|Aromatisse, M
|poke|p2|Rotom-Heat
|rule|Swagger Clause: Swagger is banned
|rule|Baton Pass Clause: Limit one PokÃ©mon knowing Baton Pass
|teampreview
|c|âmeeowiekins|REMATCH BITCH
|join|Pinkin Lark
|c|âSuper Mario Kek|KEK
|c|âmeeowiekins|:]
|c|âSuper Mario Kek|that has
|c| Pinkin Lark|OH SHIT
|
|start
|switch|p1a: Rhyperior|Rhyperior, M, shiny|434\/434
|switch|p2a: Rotom-Heat|Rotom-Heat|241\/241
|turn|1
|c|âSuper Mario Kek|heat wave know?
|c|âmeeowiekins|n
|c|âSuper Mario Kek|now*
|join|Yellow Skarmory
|
|switch|p1a: Heliolisk|Heliolisk, M, shiny|265\/265
|move|p2a: Rotom-Heat|Hidden Power|p1a: Heliolisk
|-damage|p1a: Heliolisk|153\/265
|
|turn|2
|join|Emma Bae â¥
|join|nannerham
|join|Mike Hunts
|c|âSuper Mario Kek|mfw the damage is real
|
|switch|p2a: Aromatisse|Aromatisse, M|406\/406
|move|p1a: Heliolisk|Volt Switch|p2a: Aromatisse
|-crit|p2a: Aromatisse
|-damage|p2a: Aromatisse|220\/406
|join|Nvoo
|c| Mike Hunts|where is hype
|c| Pinkin Lark|the nightmare is real
|c| Emma Bae â¥|Please meeow
|c|âmeeowiekins|wow
|c|âSuper Mario Kek|kek
|c|âmeeowiekins|wow
|c|âmeeowiekins|wow
|c|âmeeowiekins|wow
|c|âmeeowiekins|wow
|
|switch|p1a: Rhyperior|Rhyperior, M, shiny|434\/434
|
|-heal|p2a: Aromatisse|245\/406|[from] item: Leftovers
|turn|3
|c| Yellow Skarmory|CRIT
|c|âSuper Mario Kek|DANCE
|
|switch|p2a: Xatu|Xatu, M|271\/271
|move|p1a: Rhyperior|Earthquake|p2a: Xatu
|-immune|p2a: Xatu|[msg]
|
|turn|4
|join|nacho500
|
|switch|p1a: Jellicent|Jellicent, M, shiny|404\/404
|move|p2a: Xatu|Grass Knot|p1a: Jellicent
|-supereffective|p1a: Jellicent
|-damage|p1a: Jellicent|235\/404
|-damage|p2a: Xatu|244\/271|[from] item: Life Orb
|
|-heal|p1a: Jellicent|260\/404|[from] item: Leftovers
|turn|5
|c| Mike Hunts|oOo predonked
|c| nannerham|deja vu
|c| Yellow Skarmory|EARTHQUAKES
|c|âmeeowiekins|fking stupid ghost
|c| Pinkin Lark|except...
|c|âSuper Mario Kek|SILENCE
|c| Mike Hunts|o its the LO xatu again
|c| Pinkin Lark|no surprise toxic this time
|
|switch|p2a: Aromatisse|Aromatisse, M|245\/406
|move|p1a: Jellicent|Recover|p1a: Jellicent
|-heal|p1a: Jellicent|404\/404
|
|-heal|p2a: Aromatisse|270\/406|[from] item: Leftovers
|turn|6
|
|switch|p1a: Rhyperior|Rhyperior, M, shiny|434\/434
|move|p2a: Aromatisse|Wish|p2a: Aromatisse
|
|-heal|p2a: Aromatisse|295\/406|[from] item: Leftovers
|turn|7
|
|switch|p2a: Tentacruel|Tentacruel, F|364\/364
|move|p1a: Rhyperior|Rock Blast|p2a: Tentacruel
|-damage|p2a: Tentacruel|309\/364
|-crit|p2a: Tentacruel
|-damage|p2a: Tentacruel|233\/364
|-hitcount|p2a: Tentacruel|2
|
|-heal|p2a: Tentacruel|364\/364|[from] move: Wish|[wisher] Aromatisse
|turn|8
|c| Mike Hunts|y jelli and alo
|c| Mike Hunts|psl tell
|c|âSuper Mario Kek|pls
|c|âSuper Mario Kek|survive
|
|move|p2a: Tentacruel|Scald|p1a: Rhyperior
|-supereffective|p1a: Rhyperior
|-damage|p1a: Rhyperior|89\/434
|-status|p1a: Rhyperior|brn
|move|p1a: Rhyperior|Earthquake|p2a: Tentacruel
|-supereffective|p2a: Tentacruel
|-damage|p2a: Tentacruel|142\/364
|
|-heal|p2a: Tentacruel|164\/364|[from] item: Black Sludge
|-heal|p1a: Rhyperior|116\/434 brn|[from] item: Leftovers
|-damage|p1a: Rhyperior|62\/434 brn|[from] brn
|turn|9
|c|âSuper Mario Kek|no
|c|âSuper Mario Kek|NO
|c|âSuper Mario Kek|WHY BURN
|c| Pinkin Lark|he lived
|
|move|p2a: Tentacruel|Toxic Spikes|p1a: Rhyperior
|-sidestart|p1: Super Mario Kek|move: Toxic Spikes
|move|p1a: Rhyperior|Earthquake|p2a: Tentacruel
|-supereffective|p2a: Tentacruel
|-damage|p2a: Tentacruel|0 fnt
|faint|p2a: Tentacruel
|
|-heal|p1a: Rhyperior|89\/434 brn|[from] item: Leftovers
|-damage|p1a: Rhyperior|35\/434 brn|[from] brn
|c|âmeeowiekins|kek
|c| Mike Hunts|kekekekeke
|c|âSuper Mario Kek|WHAT
|c| Pinkin Lark|kek
|c|âSuper Mario Kek|IS THIS
|c|âSuper Mario Kek|LOL
|c| Yellow Skarmory|Because wynaut
|join|Tipsy Russian
|c| Mike Hunts|its charma from ur last luck match mario =))
|
|switch|p2a: Xatu|Xatu, M|244\/271
|turn|10
|
|move|p2a: Xatu|Psyshock|p1a: Rhyperior
|-damage|p1a: Rhyperior|0 fnt
|-damage|p2a: Xatu|217\/271|[from] item: Life Orb
|faint|p1a: Rhyperior
|
|
|switch|p1a: Heliolisk|Heliolisk, M, shiny|153\/265
|-status|p1a: Heliolisk|psn
|turn|11
|
|switch|p1a: Alomomola|Alomomola, M|534\/534
|-status|p1a: Alomomola|psn
|switch|p2a: Â¯\_(ã)_\/Â¯|Shedinja|1\/1
|
|-damage|p1a: Alomomola|468\/534 psn|[from] psn
|turn|12
|c|âSuper Mario Kek|kek>
|
|switch|p2a: Aromatisse|Aromatisse, M|295\/406
|move|p1a: Alomomola|Knock Off|p2a: Aromatisse
|-resisted|p2a: Aromatisse
|-damage|p2a: Aromatisse|266\/406
|-enditem|p2a: Aromatisse|Leftovers|[from] move: Knock Off|[of] p1a: Alomomola
|
|-heal|p1a: Alomomola|501\/534 psn|[from] item: Leftovers
|-damage|p1a: Alomomola|435\/534 psn|[from] psn
|turn|13
|
|move|p1a: Alomomola|Wish|p1a: Alomomola
|move|p2a: Aromatisse|Wish|p2a: Aromatisse
|
|-heal|p1a: Alomomola|468\/534 psn|[from] item: Leftovers
|-damage|p1a: Alomomola|402\/534 psn|[from] psn
|turn|14
|c| Yellow Skarmory|Ã¥**â«Ã§âÂ´ÆÂ©ËËâËÂ¬ÂµËÃ¸ÏÅÂ®Ãâ Â¨âââÂ¥Î©**
|
|move|p1a: Alomomola|Toxic|p2a: Aromatisse
|-status|p2a: Aromatisse|tox
|move|p2a: Aromatisse|Moonblast|p1a: Alomomola
|-damage|p1a: Alomomola|204\/534 psn
|
|-heal|p1a: Alomomola|471\/534 psn|[from] move: Wish|[wisher] Alomomola
|-heal|p2a: Aromatisse|406\/406 tox|[from] move: Wish|[wisher] Aromatisse
|-heal|p1a: Alomomola|504\/534 psn|[from] item: Leftovers
|-damage|p1a: Alomomola|438\/534 psn|[from] psn
|-damage|p2a: Aromatisse|381\/406 tox|[from] psn
|turn|15
|c|âSuper Mario Kek|lol
|c|âSuper Mario Kek|he is being possed
|
|move|p1a: Alomomola|Wish|p1a: Alomomola
|move|p2a: Aromatisse|Aromatherapy|p2a: Aromatisse
|-cureteam|p2a: Aromatisse|[from] move: Aromatherapy
|
|-heal|p1a: Alomomola|471\/534 psn|[from] item: Leftovers
|-damage|p1a: Alomomola|405\/534 psn|[from] psn
|turn|16
|c| Yellow Skarmory|dubble wish
|
|switch|p1a: Heliolisk|Heliolisk, M, shiny|153\/265 psn
|switch|p2a: Rotom-Heat|Rotom-Heat|241\/241
|
|-heal|p1a: Heliolisk|265\/265 psn|[from] move: Wish|[wisher] Alomomola
|-damage|p1a: Heliolisk|232\/265 psn|[from] psn
|turn|17
|c| Mike Hunts|YS ill give u those letter upper case
|
|switch|p2a: Aromatisse|Aromatisse, M|381\/406
|move|p1a: Heliolisk|Surf|p2a: Aromatisse
|-damage|p2a: Aromatisse|259\/406
|
|-damage|p1a: Heliolisk|199\/265 psn|[from] psn
|turn|18
|c| Mike Hunts|ÃÃÃ
|c| Mike Hunts|=)
|c|âSuper Mario Kek|kek
|c|âSuper Mario Kek|i have lost
|
|switch|p1a: Ferroseed|Ferroseed, M|292\/292
|move|p2a: Aromatisse|Moonblast|p1a: Ferroseed
|-resisted|p1a: Ferroseed
|-damage|p1a: Ferroseed|251\/292
|
|turn|19
|join|schlamaladingdong
|c| Yellow Skarmory|ÃÃÃÃÃÃÃ
|c| Pinkin Lark|as long as ferro lives
|c| Pinkin Lark|theres hope
|
|switch|p2a: Rotom-Heat|Rotom-Heat|241\/241
|move|p1a: Ferroseed|Gyro Ball|p2a: Rotom-Heat
|-resisted|p2a: Rotom-Heat
|-damage|p2a: Rotom-Heat|217\/241
|
|turn|20
|
|move|p1a: Ferroseed|Protect|p1a: Ferroseed
|-singleturn|p1a: Ferroseed|Protect
|move|p2a: Rotom-Heat|Overheat|p1a: Ferroseed
|-activate|p1a: Ferroseed|Protect
|
|turn|21
|
|switch|p2a: Aromatisse|Aromatisse, M|259\/406
|switch|p1a: Jellicent|Jellicent, M, shiny|404\/404
|-status|p1a: Jellicent|psn
|
|-damage|p1a: Jellicent|354\/404 psn|[from] psn
|turn|22
|c| Mike Hunts|why isnt ferro moving
|c| Yellow Skarmory|9% epic DAMAGAE
|
|switch|p1a: Durant|Durant, M, shiny|258\/258
|move|p2a: Aromatisse|Wish|p2a: Aromatisse
|
|turn|23
|c| Mike Hunts|its like spikey eared pichu sprite
|
|switch|p2a: Rotom-Heat|Rotom-Heat|217\/241
|move|p1a: Durant|Superpower|p2a: Rotom-Heat
|-damage|p2a: Rotom-Heat|0 fnt
|-unboost|p1a: Durant|atk|1
|-unboost|p1a: Durant|def|1
|-damage|p1a: Durant|233\/258|[from] item: Life Orb
|faint|p2a: Rotom-Heat
|
|c|âSuper Mario Kek|LOL
|c|âmeeowiekins|welp
|c| Pinkin Lark|oh shit
|c|âSuper Mario Kek|i was expecing
|c| Yellow Skarmory|OW
|c|âSuper Mario Kek|krokoboy
|c|âSuper Mario Kek|tbh
|c|âSuper Mario Kek|but
|c|âSuper Mario Kek|kek
|
|switch|p2a: Krookodile|Krookodile, M|332\/332
|turn|24
|
|switch|p1a: Alomomola|Alomomola, M|534\/534 psn
|move|p2a: Krookodile|Earthquake|p1a: Alomomola
|-damage|p1a: Alomomola|392\/534 psn
|
|-heal|p1a: Alomomola|425\/534 psn|[from] item: Leftovers
|-damage|p1a: Alomomola|359\/534 psn|[from] psn
|turn|25
|
|switch|p2a: Xatu|Xatu, M|217\/271
|move|p1a: Alomomola|Wish|p1a: Alomomola
|
|-heal|p1a: Alomomola|392\/534 psn|[from] item: Leftovers
|-damage|p1a: Alomomola|326\/534 psn|[from] psn
|turn|26
|c|âSuper Mario Kek|damn kroko
|join|So Dynamic
|join|elitesniper
|
|switch|p1a: Durant|Durant, M, shiny|233\/258
|move|p2a: Xatu|Roost|p2a: Xatu
|-heal|p2a: Xatu|271\/271
|
|-heal|p1a: Durant|258\/258|[from] move: Wish|[wisher] Alomomola
|turn|27
|
|move|p1a: Durant|X-Scissor|p2a: Xatu
|-damage|p2a: Xatu|0 fnt
|-damage|p1a: Durant|233\/258|[from] item: Life Orb
|faint|p2a: Xatu
|
|c|âSuper Mario Kek|lol
|c|âmeeowiekins|fk u xatu
|c|âmeeowiekins|u shit
|c|âSuper Mario Kek|does
|c| Yellow Skarmory|OUXH
|c| nannerham|durant coming through
|c|âSuper Mario Kek|that actually
|c| Yellow Skarmory|OUCH*
|c|âSuper Mario Kek|kill it?
|c|âmeeowiekins|xatu so bad
|c|âSuper Mario Kek|mfw 
|c|âmeeowiekins|oml
|join|BlindyMcBlind
|join|Noriya
|c|âSuper Mario Kek|not miss
|
|switch|p2a: Â¯\_(ã)_\/Â¯|Shedinja|1\/1
|turn|28
|
|switch|p1a: Ferroseed|Ferroseed, M|251\/292
|move|p2a: Â¯\_(ã)_\/Â¯|Swords Dance|p2a: Â¯\_(ã)_\/Â¯
|-boost|p2a: Â¯\_(ã)_\/Â¯|atk|2
|
|turn|29
|c|âmeeowiekins|miss seed for me
|c|âmeeowiekins|thx
|leave|nacho500
|
|move|p2a: Â¯\_(ã)_\/Â¯|Swords Dance|p2a: Â¯\_(ã)_\/Â¯
|-boost|p2a: Â¯\_(ã)_\/Â¯|atk|2
|move|p1a: Ferroseed|Leech Seed|p2a: Â¯\_(ã)_\/Â¯
|-start|p2a: Â¯\_(ã)_\/Â¯|move: Leech Seed
|
|-damage|p2a: Â¯\_(ã)_\/Â¯|0 fnt|[from] Leech Seed|[of] p1a: Ferroseed
|-heal|p1a: Ferroseed|252\/292|[silent]
|faint|p2a: Â¯\_(ã)_\/Â¯
|c|âSuper Mario Kek|kek
|c|âmeeowiekins|or not
|
|switch|p2a: Aromatisse|Aromatisse, M|259\/406
|turn|30
|-message|meeowiekins forfeited.
|
|win|Super Mario Kek
|c| Pinkin Lark|ferro too well trained
|c|âmeeowiekins|gg
|leave|elitesniper
|c| Emma Bae â¥| yeah super mario kek won the tourney
|leave|meeowiekins
|player|p2
|leave|Emma Bae â¥
|leave|Pinkin Lark
|leave|nannerham