|join|MEEOWIEKINS
|join|CoolTrainerGary
|player|p1|MEEOWIEKINS|160
|player|p2|CoolTrainerGary|2
|gametype|singles
|gen|6
|tier|UU
|rated
|rule|Sleep Clause Mod: Limit one foe put to sleep
|rule|Species Clause: Limit one of each PokÃ©mon
|rule|OHKO Clause: OHKO moves are banned
|rule|Moody Clause: Moody is banned
|rule|Evasion Moves Clause: Evasion moves are banned
|rule|Endless Battle Clause: Forcing endless battles is banned
|rule|HP Percentage Mod: HP is shown in percentages
|clearpoke
|poke|p1|Crobat, M
|poke|p1|Raikou
|poke|p1|Swampert, F
|poke|p1|Celebi
|poke|p1|Jirachi
|poke|p1|Machamp, M
|poke|p2|Absol, F
|poke|p2|Roserade, M
|poke|p2|Jellicent, M
|poke|p2|Donphan, F
|poke|p2|Diancie
|poke|p2|Braviary, M
|rule|Swagger Clause: Swagger is banned
|rule|Baton Pass Clause: Limit one PokÃ©mon knowing Baton Pass
|teampreview
|
|start
|switch|p1a: Swampert|Swampert, F|404\/404
|switch|p2a: Roserade|Roserade, M|324\/324
|turn|1
|
|switch|p1a: Crobat|Crobat, M|363\/363
|move|p2a: Roserade|Spikes|p1a: Crobat
|-sidestart|p1: MEEOWIEKINS|Spikes
|
|turn|2
|
|switch|p2a: Diancie|Diancie|304\/304
|move|p1a: Crobat|Defog|p2a: Diancie
|-fail|p2a: Diancie|unboost|[from] ability: Clear Body|[of] p2a: Diancie
|-sideend|p1: MEEOWIEKINS|Spikes|[from] move: Defog|[of] p1a: Crobat
|
|turn|3
|
|move|p1a: Crobat|U-turn|p2a: Diancie
|-resisted|p2a: Diancie
|-damage|p2a: Diancie|283\/304
|
|switch|p1a: Swampert|Swampert, F|404\/404
|move|p2a: Diancie|Stealth Rock|p1a: Swampert
|-sidestart|p1: MEEOWIEKINS|move: Stealth Rock
|
|-heal|p2a: Diancie|302\/304|[from] item: Leftovers
|turn|4
|
|switch|p2a: Roserade|Roserade, M|324\/324
|move|p1a: Swampert|Earthquake|p2a: Roserade
|-damage|p2a: Roserade|138\/324
|
|-heal|p2a: Roserade|158\/324|[from] item: Black Sludge
|turn|5
|join|newfren
|
|switch|p2a: Braviary|Braviary, M|341\/341
|switch|p1a: Crobat|Crobat, M|363\/363
|-damage|p1a: Crobat|273\/363|[from] Stealth Rock
|
|-heal|p1a: Crobat|295\/363|[from] item: Black Sludge
|turn|6
|c| newfren|finally
|
|switch|p1a: Swampert|Swampert, F|404\/404
|-damage|p1a: Swampert|379\/404|[from] Stealth Rock
|move|p2a: Braviary|Return|p1a: Swampert
|-damage|p1a: Swampert|240\/404
|
|-heal|p1a: Swampert|265\/404|[from] item: Leftovers
|turn|7
|
|switch|p2a: Roserade|Roserade, M|158\/324
|move|p1a: Swampert|Stealth Rock|p2a: Roserade
|-sidestart|p2: CoolTrainerGary|move: Stealth Rock
|
|-heal|p2a: Roserade|178\/324|[from] item: Black Sludge
|-heal|p1a: Swampert|290\/404|[from] item: Leftovers
|turn|8
|c| newfren|pls lose to sub bulk up braviary
|
|switch|p1a: Crobat|Crobat, M|295\/363
|-damage|p1a: Crobat|205\/363|[from] Stealth Rock
|move|p2a: Roserade|Spikes|p1a: Crobat
|-sidestart|p1: MEEOWIEKINS|Spikes
|
|-heal|p1a: Crobat|227\/363|[from] item: Black Sludge
|-heal|p2a: Roserade|198\/324|[from] item: Black Sludge
|turn|9
|c|âMEEOWIEKINS|ill try
|c| newfren|go to diancie!!!!
|c| newfren|!!!!!
|c| newfren|!!!!!!!!
|c| newfren|!!!!!!!!!!!!!!
|
|switch|p2a: Braviary|Braviary, M|341\/341
|-damage|p2a: Braviary|256\/341|[from] Stealth Rock
|move|p1a: Crobat|Defog|p2a: Braviary
|-unboost|p2a: Braviary|evasion|1
|-boost|p2a: Braviary|atk|2|[from] ability: Defiant
|-sideend|p2: CoolTrainerGary|Stealth Rock|[from] move: Defog|[of] p2a: Braviary
|-sideend|p1: MEEOWIEKINS|Spikes|[from] move: Defog|[of] p1a: Crobat
|-sideend|p1: MEEOWIEKINS|Stealth Rock|[from] move: Defog|[of] p1a: Crobat
|
|-heal|p1a: Crobat|249\/363|[from] item: Black Sludge
|turn|10
|c|âMEEOWIEKINS|oh
|c|âMEEOWIEKINS|oh
|c|âMEEOWIEKINS|oh
|c|âMEEOWIEKINS|oh
|c|âMEEOWIEKINS|oh
|c|âMEEOWIEKINS|oh
|c| newfren|ah the counter
|c|âCoolTrainerGary|lol
|c|âMEEOWIEKINS|gg
|c|âMEEOWIEKINS|lol
|c| newfren|hit the x
|c| newfren|tbh
|c| newfren|the big red one
|c| newfren|in the top right
|
|switch|p1a: Swampert|Swampert, F|290\/404
|move|p2a: Braviary|Brave Bird|p1a: Swampert
|-damage|p1a: Swampert|0 fnt
|-damage|p2a: Braviary|160\/341|[from] recoil|[of] p1a: Swampert
|faint|p1a: Swampert
|
|c|âMEEOWIEKINS|scarf braviary destroys my wholeteam
|
|switch|p1a: Jirachi|Jirachi|341\/341
|turn|11
|c|âMEEOWIEKINS|why does it destroy my whole team
|c|âCoolTrainerGary|not rly lol
|c|âMEEOWIEKINS|uhh
|
|switch|p2a: Jellicent|Jellicent, M|404\/404
|move|p1a: Jirachi|U-turn|p2a: Jellicent
|-resisted|p2a: Jellicent
|-damage|p2a: Jellicent|372\/404
|c| newfren|watch it 2hko this
|c|âMEEOWIEKINS|hullo?
|c| newfren|u wot
|
|switch|p1a: Celebi|Celebi|341\/341
|
|-heal|p2a: Jellicent|397\/404|[from] item: Leftovers
|turn|12
|c|âMEEOWIEKINS|how does it not destroy me
|c| newfren|pert is gone
|c|âCoolTrainerGary|what rachi variant
|c| newfren|donphan sweeps now
|c|âMEEOWIEKINS|donphan sweeps everything
|c|âMEEOWIEKINS|lets be honest
|
|move|p1a: Celebi|Swords Dance|p1a: Celebi
|-boost|p1a: Celebi|atk|2
|move|p2a: Jellicent|Ice Beam|p1a: Celebi
|-supereffective|p1a: Celebi
|-damage|p1a: Celebi|221\/341
|
|-heal|p1a: Celebi|242\/341|[from] item: Leftovers
|-heal|p2a: Jellicent|404\/404|[from] item: Leftovers
|turn|13
|
|move|p1a: Celebi|Seed Bomb|p2a: Jellicent
|-supereffective|p2a: Jellicent
|-damage|p2a: Jellicent|0 fnt
|faint|p2a: Jellicent
|
|-heal|p1a: Celebi|263\/341|[from] item: Leftovers
|
|switch|p2a: Donphan|Donphan, F|364\/364
|turn|14
|
|move|p1a: Celebi|Seed Bomb|p2a: Donphan
|-crit|p2a: Donphan
|-supereffective|p2a: Donphan
|-activate|p2a: Donphan|Sturdy
|-damage|p2a: Donphan|1\/364
|move|p2a: Donphan|Knock Off|p1a: Celebi
|-supereffective|p1a: Celebi
|-damage|p1a: Celebi|15\/341
|-enditem|p1a: Celebi|Leftovers|[from] move: Knock Off|[of] p2a: Donphan
|
|-heal|p2a: Donphan|23\/364|[from] item: Leftovers
|turn|15
|c| newfren|ice shard
|c| newfren|please
|
|move|p1a: Celebi|Sucker Punch|p2a: Donphan
|-damage|p2a: Donphan|0 fnt
|faint|p2a: Donphan
|
|
|switch|p2a: Absol|Absol, F|271\/271
|turn|16
|
|detailschange|p2a: Absol|Absol-Mega, F
|-mega|p2a: Absol|Absol|Absolite
|move|p2a: Absol|Sucker Punch|p1a: Celebi
|-supereffective|p1a: Celebi
|-damage|p1a: Celebi|0 fnt
|faint|p1a: Celebi
|
|
|switch|p1a: Machamp|Machamp, M|322\/322
|turn|17
|c| newfren|just give him the kill ctg
|c| newfren|or play his rough
|
|switch|p2a: Roserade|Roserade, M|198\/324
|move|p1a: Machamp|Close Combat|p2a: Roserade
|-resisted|p2a: Roserade
|-damage|p2a: Roserade|0 fnt
|-unboost|p1a: Machamp|def|1
|-unboost|p1a: Machamp|spd|1
|faint|p2a: Roserade
|
|
|switch|p2a: Braviary|Braviary, M|160\/341
|turn|18
|c| newfren|MEEOWIEKINS: (Private to newfren) play rough doesnt ohko
|c| newfren|this is horse shit
|c|âMEEOWIEKINS|thx
|c|âMEEOWIEKINS|252 Atk Mega Absol Play Rough vs. 0 HP \/ 0 Def Machamp: 262-310 (81.6 - 96.5%) -- guaranteed 2HKO
|c|âMEEOWIEKINS|since ive been revealed
|c| newfren|cat is bad
|
|switch|p1a: Crobat|Crobat, M|249\/363
|move|p2a: Braviary|U-turn|p1a: Crobat
|-crit|p1a: Crobat
|-resisted|p1a: Crobat
|-damage|p1a: Crobat|215\/363
|c|âMEEOWIEKINS|i just realized i dont have a mega
|c|âMEEOWIEKINS|thats kinda lame
|c| newfren|mega your pert
|
|switch|p2a: Diancie|Diancie|302\/304
|
|-heal|p1a: Crobat|237\/363|[from] item: Black Sludge
|-heal|p2a: Diancie|304\/304|[from] item: Leftovers
|turn|19
|c| newfren|like ynot
|c|âMEEOWIEKINS|isnt lefties pert better than mega?
|c|âCoolTrainerGary|yeah
|c| newfren|mega has more def
|c| newfren|but you don't have wish I guess
|
|move|p1a: Crobat|U-turn|p2a: Diancie
|-resisted|p2a: Diancie
|-damage|p2a: Diancie|284\/304
|c|âMEEOWIEKINS|also what playstyle would you file this team as
|c|âMEEOWIEKINS|is it balance?
|c| newfren|bulky o
|c|âMEEOWIEKINS|or offense
|
|switch|p1a: Jirachi|Jirachi|341\/341
|move|p2a: Diancie|Earth Power|p1a: Jirachi
|-supereffective|p1a: Jirachi
|-damage|p1a: Jirachi|135\/341
|
|-heal|p2a: Diancie|303\/304|[from] item: Leftovers
|turn|20
|c|âCoolTrainerGary|mine or yours
|c| newfren|this is textbook bulky offense
|c|âMEEOWIEKINS|okay
|c| newfren|iron head for a free kill
|c| newfren|here
|
|move|p1a: Jirachi|Iron Head|p2a: Diancie
|-supereffective|p2a: Diancie
|-damage|p2a: Diancie|0 fnt
|faint|p2a: Diancie
|
|
|switch|p2a: Absol|Absol-Mega, F|271\/271
|turn|21
|
|move|p1a: Jirachi|Iron Head|p2a: Absol
|-damage|p2a: Absol|85\/271
|cant|p2a: Absol|flinch
|
|turn|22
|c| newfren|nb
|c|âCoolTrainerGary|SD was my only hope
|
|move|p2a: Absol|Sucker Punch|p1a: Jirachi
|-supereffective|p1a: Jirachi
|-damage|p1a: Jirachi|0 fnt
|faint|p1a: Jirachi
|
|c|âCoolTrainerGary|gg
|
|switch|p1a: Machamp|Machamp, M|322\/322
|turn|23
|
|move|p2a: Absol|Play Rough|p1a: Machamp
|-supereffective|p1a: Machamp
|-damage|p1a: Machamp|24\/322
|move|p1a: Machamp|Close Combat|p2a: Absol
|-supereffective|p2a: Absol
|-damage|p2a: Absol|0 fnt
|-unboost|p1a: Machamp|def|1
|-unboost|p1a: Machamp|spd|1
|faint|p2a: Absol
|
|c| newfren|haha
|c|âMEEOWIEKINS|ez live
|c|âMEEOWIEKINS|well return could crit
|
|switch|p2a: Braviary|Braviary, M|160\/341
|turn|24
|c|âMEEOWIEKINS|i suppose
|c| newfren|bullet punch here
|
|move|p2a: Braviary|Return|p1a: Machamp
|-damage|p1a: Machamp|0 fnt
|faint|p1a: Machamp
|
|c|âMEEOWIEKINS|im banded m8
|
|switch|p1a: Raikou|Raikou|322\/322
|-ability|p1a: Raikou|Pressure
|turn|25
|c| newfren|i
|c| newfren|k
|c|âMEEOWIEKINS|n_n
|
|move|p2a: Braviary|Return|p1a: Raikou
|-damage|p1a: Raikou|103\/322
|move|p1a: Raikou|Thunderbolt|p2a: Braviary
|-supereffective|p2a: Braviary
|-damage|p2a: Braviary|0 fnt
|faint|p2a: Braviary
|
|win|MEEOWIEKINS
|raw|Ladder updating...
|raw|MEEOWIEKINS's rating: 1559 &rarr; <strong>1571<\/strong><br \/>(+12 for winning)
|raw|CoolTrainerGary's rating: 1418 &rarr; <strong>1406<\/strong><br \/>(-12 for losing)
|c|âCoolTrainerGary|gg
|c|âMEEOWIEKINS|gg