|join|meeowiekins
|join|In memory of DMT
|player|p1|meeowiekins|160
|player|p2|In memory of DMT|123
|gametype|singles
|gen|6
|tier|UU
|rated
|rule|Sleep Clause Mod: Limit one foe put to sleep
|rule|Species Clause: Limit one of each PokÃ©mon
|rule|OHKO Clause: OHKO moves are banned
|rule|Moody Clause: Moody is banned
|rule|Evasion Moves Clause: Evasion moves are banned
|rule|Endless Battle Clause: Forcing endless battles is banned
|rule|HP Percentage Mod: HP is shown in percentages
|clearpoke
|poke|p1|Crobat, M
|poke|p1|Raikou
|poke|p1|Swampert, F
|poke|p1|Celebi
|poke|p1|Jirachi
|poke|p1|Machamp, F
|poke|p2|Suicune
|poke|p2|Yanmega, F, shiny
|poke|p2|Jirachi, shiny
|poke|p2|Togetic, M
|poke|p2|Donphan, F
|poke|p2|Sceptile, F
|rule|Swagger Clause: Swagger is banned
|rule|Baton Pass Clause: Limit one PokÃ©mon knowing Baton Pass
|teampreview
|c|âmeeowiekins|:[
|c|âmeeowiekins|dmt
|c|âmeeowiekins|:[
|c|âIn memory of DMT|qq
|
|start
|switch|p1a: Crobat|Crobat, M|363\/363
|switch|p2a: Schweinsteiger|Donphan, F|382\/382
|turn|1
|
|move|p1a: Crobat|U-turn|p2a: Schweinsteiger
|-damage|p2a: Schweinsteiger|332\/382
|
|switch|p1a: Celebi|Celebi|341\/341
|move|p2a: Schweinsteiger|Knock Off|p1a: Celebi
|-supereffective|p1a: Celebi
|-damage|p1a: Celebi|135\/341
|-enditem|p1a: Celebi|Leftovers|[from] move: Knock Off|[of] p2a: Schweinsteiger
|
|-heal|p2a: Schweinsteiger|355\/382|[from] item: Leftovers
|turn|2
|
|move|p1a: Celebi|Seed Bomb|p2a: Schweinsteiger
|-supereffective|p2a: Schweinsteiger
|-damage|p2a: Schweinsteiger|169\/382
|move|p2a: Schweinsteiger|Stealth Rock|p1a: Celebi
|-sidestart|p1: meeowiekins|move: Stealth Rock
|
|-heal|p2a: Schweinsteiger|192\/382|[from] item: Leftovers
|turn|3
|
|switch|p1a: Swampert|Swampert, F|404\/404
|-damage|p1a: Swampert|379\/404|[from] Stealth Rock
|switch|p2a: Jirachi|Jirachi, shiny|341\/341
|
|-heal|p1a: Swampert|404\/404|[from] item: Leftovers
|turn|4
|
|move|p2a: Jirachi|U-turn|p1a: Swampert
|-damage|p1a: Swampert|354\/404
|
|switch|p2a: Sceptile|Sceptile, F|281\/281
|move|p1a: Swampert|Stealth Rock|p2a: Sceptile
|-sidestart|p2: In memory of DMT|move: Stealth Rock
|
|-heal|p1a: Swampert|379\/404|[from] item: Leftovers
|turn|5
|
|switch|p1a: Jirachi|Jirachi|341\/341
|-damage|p1a: Jirachi|320\/341|[from] Stealth Rock
|detailschange|p2a: Sceptile|Sceptile-Mega, F
|-mega|p2a: Sceptile|Sceptile|Sceptilite
|move|p2a: Sceptile|Hidden Power|p1a: Jirachi
|-supereffective|p1a: Jirachi
|-damage|p1a: Jirachi|170\/341
|
|turn|6
|
|switch|p2a: Jirachi|Jirachi, shiny|341\/341
|-damage|p2a: Jirachi|320\/341|[from] Stealth Rock
|move|p1a: Jirachi|U-turn|p2a: Jirachi
|-damage|p2a: Jirachi|244\/341
|
|switch|p1a: Swampert|Swampert, F|379\/404
|-damage|p1a: Swampert|354\/404|[from] Stealth Rock
|
|-heal|p1a: Swampert|379\/404|[from] item: Leftovers
|turn|7
|
|move|p2a: Jirachi|Trick|p1a: Swampert
|-activate|p2a: Jirachi|move: Trick|[of] p1a: Swampert
|-item|p1a: Swampert|Choice Scarf|[from] move: Trick
|-item|p2a: Jirachi|Leftovers|[from] move: Trick
|move|p1a: Swampert|Roar|p2a: Jirachi
|drag|p2a: Helicopter|Yanmega, F, shiny|313\/313
|-damage|p2a: Helicopter|157\/313|[from] Stealth Rock
|
|turn|8
|
|move|p2a: Helicopter|Air Slash|p1a: Swampert
|-damage|p1a: Swampert|184\/404
|-damage|p2a: Helicopter|126\/313|[from] item: Life Orb
|cant|p1a: Swampert|flinch
|
|-boost|p2a: Helicopter|spe|1|[from] ability: Speed Boost
|turn|9
|c|âmeeowiekins|nooo
|
|move|p2a: Helicopter|Giga Drain|p1a: Swampert
|-supereffective|p1a: Swampert
|-damage|p1a: Swampert|0 fnt
|-heal|p2a: Helicopter|218\/313|[from] drain|[of] p1a: Swampert
|-damage|p2a: Helicopter|187\/313|[from] item: Life Orb
|faint|p1a: Swampert
|
|-boost|p2a: Helicopter|spe|1|[from] ability: Speed Boost
|
|switch|p1a: Crobat|Crobat, M|363\/363
|-damage|p1a: Crobat|273\/363|[from] Stealth Rock
|turn|10
|
|switch|p2a: Jirachi|Jirachi, shiny|244\/341
|-damage|p2a: Jirachi|223\/341|[from] Stealth Rock
|move|p1a: Crobat|Brave Bird|p2a: Jirachi
|-resisted|p2a: Jirachi
|-damage|p2a: Jirachi|157\/341
|-damage|p1a: Crobat|251\/363|[from] recoil|[of] p2a: Jirachi
|
|-heal|p1a: Crobat|273\/363|[from] item: Black Sludge
|-heal|p2a: Jirachi|178\/341|[from] item: Leftovers
|turn|11
|
|move|p1a: Crobat|U-turn|p2a: Jirachi
|-damage|p2a: Jirachi|125\/341
|
|switch|p1a: Jirachi|Jirachi|170\/341
|-damage|p1a: Jirachi|149\/341|[from] Stealth Rock
|move|p2a: Jirachi|Iron Head|p1a: Jirachi
|-resisted|p1a: Jirachi
|-damage|p1a: Jirachi|92\/341
|
|-heal|p2a: Jirachi|146\/341|[from] item: Leftovers
|turn|12
|
|move|p1a: Jirachi|U-turn|p2a: Jirachi
|-damage|p2a: Jirachi|73\/341
|
|switch|p1a: Machamp|Machamp, F|322\/322
|-damage|p1a: Machamp|302\/322|[from] Stealth Rock
|move|p2a: Jirachi|U-turn|p1a: Machamp
|-resisted|p1a: Machamp
|-damage|p1a: Machamp|260\/322
|
|switch|p2a: Schweinsteiger|Donphan, F|192\/382
|-damage|p2a: Schweinsteiger|169\/382|[from] Stealth Rock
|
|-heal|p2a: Schweinsteiger|192\/382|[from] item: Leftovers
|turn|13
|
|move|p1a: Machamp|Close Combat|p2a: Schweinsteiger
|-damage|p2a: Schweinsteiger|0 fnt
|-unboost|p1a: Machamp|def|1
|-unboost|p1a: Machamp|spd|1
|faint|p2a: Schweinsteiger
|
|
|switch|p2a: Bravely Default|Togetic, M|313\/313
|-damage|p2a: Bravely Default|235\/313|[from] Stealth Rock
|turn|14
|
|switch|p1a: Raikou|Raikou|322\/322
|-damage|p1a: Raikou|282\/322|[from] Stealth Rock
|-ability|p1a: Raikou|Pressure
|move|p2a: Bravely Default|Baton Pass|p2a: Bravely Default
|
|switch|p2a: Sceptile|Sceptile-Mega, F|281\/281
|-damage|p2a: Sceptile|246\/281|[from] Stealth Rock
|
|-heal|p1a: Raikou|302\/322|[from] item: Leftovers
|turn|15
|
|move|p2a: Sceptile|Dragon Pulse|p1a: Raikou
|-damage|p1a: Raikou|124\/322
|move|p1a: Raikou|Hidden Power|p2a: Sceptile
|-supereffective|p2a: Sceptile
|-damage|p2a: Sceptile|0 fnt
|faint|p2a: Sceptile
|
|-heal|p1a: Raikou|144\/322|[from] item: Leftovers
|
|switch|p2a: Bravely Default|Togetic, M|235\/313
|-damage|p2a: Bravely Default|157\/313|[from] Stealth Rock
|turn|16
|
|move|p1a: Raikou|Thunderbolt|p2a: Bravely Default
|-supereffective|p2a: Bravely Default
|-damage|p2a: Bravely Default|17\/313
|move|p2a: Bravely Default|Roost|p2a: Bravely Default
|-heal|p2a: Bravely Default|174\/313
|
|-heal|p1a: Raikou|164\/322|[from] item: Leftovers
|turn|17
|
|switch|p1a: Jirachi|Jirachi|92\/341
|-damage|p1a: Jirachi|71\/341|[from] Stealth Rock
|move|p2a: Bravely Default|Roost|p2a: Bravely Default
|-heal|p2a: Bravely Default|313\/313
|
|turn|18
|
|switch|p2a: Suicune|Suicune|404\/404
|-damage|p2a: Suicune|354\/404|[from] Stealth Rock
|-ability|p2a: Suicune|Pressure
|move|p1a: Jirachi|Healing Wish|p1a: Jirachi
|faint|p1a: Jirachi
|
|-heal|p2a: Suicune|379\/404|[from] item: Leftovers
|
|switch|p1a: Raikou|Raikou|164\/322
|-heal|p1a: Raikou|322\/322|[from] move: Healing Wish
|-damage|p1a: Raikou|282\/322|[from] Stealth Rock
|-ability|p1a: Raikou|Pressure
|turn|19
|
|move|p1a: Raikou|Calm Mind|p1a: Raikou
|-boost|p1a: Raikou|spa|1
|-boost|p1a: Raikou|spd|1
|move|p2a: Suicune|Scald|p1a: Raikou
|-damage|p1a: Raikou|222\/322
|
|-heal|p1a: Raikou|242\/322|[from] item: Leftovers
|-heal|p2a: Suicune|404\/404|[from] item: Leftovers
|turn|20
|-message|In memory of DMT forfeited.
|leave|In memory of DMT
|c|âmeeowiekins|gg
|
|win|meeowiekins
|raw|Ladder updating...
|player|p2
|raw|meeowiekins's rating: 1616 &rarr; <strong>1624<\/strong><br \/>(+8 for winning)
|raw|In memory of DMT's rating: 1380 &rarr; <strong>1372<\/strong><br \/>(-8 for losing)
|join|Mike Hunts
|leave|Mike Hunts
|join|Mike Hunts
|leave|Mike Hunts
|join|xShiba
|leave|xShiba
|join|uunubnub
|leave|uunubnub
|join|uunubnub
|leave|uunubnub
|join|uunubnub
|leave|uunubnub
|join|uunubnub
|leave|uunubnub