|join|King UU
|join|meeowiekins
|player|p1|King UU|29
|player|p2|meeowiekins|160
|gametype|singles
|gen|6
|tier|UU
|rated
|rule|Sleep Clause Mod: Limit one foe put to sleep
|rule|Species Clause: Limit one of each PokÃ©mon
|rule|OHKO Clause: OHKO moves are banned
|rule|Moody Clause: Moody is banned
|rule|Evasion Moves Clause: Evasion moves are banned
|rule|Endless Battle Clause: Forcing endless battles is banned
|rule|HP Percentage Mod: HP is shown in percentages
|clearpoke
|poke|p1|Victini
|poke|p1|Ampharos, F
|poke|p1|Forretress, F
|poke|p1|Swampert, M
|poke|p1|Umbreon, M
|poke|p1|Crobat, M
|poke|p2|Lucario, M
|poke|p2|Infernape, F
|poke|p2|Azelf
|poke|p2|Crobat, M
|poke|p2|Blastoise, F
|poke|p2|Flygon, M
|rule|Swagger Clause: Swagger is banned
|rule|Baton Pass Clause: Limit one PokÃ©mon knowing Baton Pass
|teampreview
|c|âmeeowiekins|sup buddy
|join|BenzMafia
|c|âKing UU|heyo
|
|start
|switch|p1a: Ampharos|Ampharos, F|374\/374
|switch|p2a: Azelf|Azelf|292\/292
|turn|1
|
|detailschange|p1a: Ampharos|Ampharos-Mega, F
|message|Ampharos has Mega Evolved into Mega Ampharos!
|-ability|p1a: Ampharos|Mold Breaker
|move|p2a: Azelf|Stealth Rock|p1a: Ampharos
|-sidestart|p1: King UU|move: Stealth Rock
|move|p1a: Ampharos|Volt Switch|p2a: Azelf
|-damage|p2a: Azelf|84\/292
|
|switch|p1a: Crobat|Crobat, M|331\/331
|-damage|p1a: Crobat|249\/331|[from] Stealth Rock
|
|turn|2
|
|move|p1a: Crobat|Brave Bird|p2a: Azelf
|-damage|p2a: Azelf|0 fnt
|-damage|p1a: Crobat|221\/331|[from] recoil|[of] p2a: Azelf
|faint|p2a: Azelf
|
|
|switch|p2a: Blastoise|Blastoise, F|362\/362
|turn|3
|
|switch|p1a: Umbreon|Umbreon, M|394\/394
|-damage|p1a: Umbreon|345\/394|[from] Stealth Rock
|switch|p2a: Lucario|Lucario, M|281\/281
|
|-heal|p1a: Umbreon|369\/394|[from] item: Leftovers
|turn|4
|
|switch|p1a: Forretress|Forretress, F|354\/354
|-damage|p1a: Forretress|310\/354|[from] Stealth Rock
|move|p2a: Lucario|Close Combat|p1a: Forretress
|-crit|p1a: Forretress
|-damage|p1a: Forretress|59\/354
|-unboost|p2a: Lucario|def|1
|-unboost|p2a: Lucario|spd|1
|-damage|p2a: Lucario|253\/281|[from] item: Life Orb
|
|-heal|p1a: Forretress|81\/354|[from] item: Leftovers
|turn|5
|c|âmeeowiekins|sorry
|
|move|p2a: Lucario|Close Combat|p1a: Forretress
|-damage|p1a: Forretress|0 fnt
|-unboost|p2a: Lucario|def|1
|-unboost|p2a: Lucario|spd|1
|-damage|p2a: Lucario|225\/281|[from] item: Life Orb
|faint|p1a: Forretress
|
|
|switch|p1a: Swampert|Swampert, M|404\/404
|-damage|p1a: Swampert|379\/404|[from] Stealth Rock
|turn|6
|
|switch|p2a: Blastoise|Blastoise, F|362\/362
|move|p1a: Swampert|Stealth Rock|p2a: Blastoise
|-sidestart|p2: meeowiekins|move: Stealth Rock
|
|-heal|p1a: Swampert|404\/404|[from] item: Leftovers
|turn|7
|
|switch|p1a: Ampharos|Ampharos-Mega, F|374\/374
|-damage|p1a: Ampharos|328\/374|[from] Stealth Rock
|-ability|p1a: Ampharos|Mold Breaker
|detailschange|p2a: Blastoise|Blastoise-Mega, F
|message|Blastoise has Mega Evolved into Mega Blastoise!
|move|p2a: Blastoise|Water Pulse|p1a: Ampharos
|-resisted|p1a: Ampharos
|-damage|p1a: Ampharos|269\/374
|
|turn|8
|
|move|p2a: Blastoise|Dragon Pulse|p1a: Ampharos
|-supereffective|p1a: Ampharos
|-damage|p1a: Ampharos|51\/374
|move|p1a: Ampharos|Dragon Pulse|p2a: Blastoise
|-damage|p2a: Blastoise|179\/362
|
|turn|9
|join|Happee
|
|move|p2a: Blastoise|Dragon Pulse|p1a: Ampharos
|-supereffective|p1a: Ampharos
|-damage|p1a: Ampharos|0 fnt
|faint|p1a: Ampharos
|
|
|switch|p1a: Umbreon|Umbreon, M|369\/394
|-damage|p1a: Umbreon|320\/394|[from] Stealth Rock
|turn|10
|
|move|p2a: Blastoise|Rapid Spin|p1a: Umbreon
|-damage|p1a: Umbreon|305\/394
|-sideend|p2: meeowiekins|Stealth Rock|[from] move: Rapid Spin|[of] p2a: Blastoise
|move|p1a: Umbreon|Wish|p1a: Umbreon
|
|-heal|p1a: Umbreon|329\/394|[from] item: Leftovers
|turn|11
|
|move|p2a: Blastoise|Water Pulse|p1a: Umbreon
|-damage|p1a: Umbreon|248\/394
|move|p1a: Umbreon|Foul Play|p2a: Blastoise
|-crit|p2a: Blastoise
|-damage|p2a: Blastoise|76\/362
|
|-heal|p1a: Umbreon|394\/394|[from] move: Wish|[wisher] Umbreon
|turn|12
|join|joltage
|
|switch|p2a: Crobat|Crobat, M|325\/325
|move|p1a: Umbreon|Wish|p1a: Umbreon
|
|turn|13
|
|move|p2a: Crobat|U-turn|p1a: Umbreon
|-supereffective|p1a: Umbreon
|-damage|p1a: Umbreon|204\/394
|
|switch|p2a: Lucario|Lucario, M|225\/281
|move|p1a: Umbreon|Foul Play|p2a: Lucario
|-resisted|p2a: Lucario
|-damage|p2a: Lucario|123\/281
|-boost|p2a: Lucario|atk|1|[from] ability: Justified
|
|-heal|p1a: Umbreon|394\/394|[from] move: Wish|[wisher] Umbreon
|turn|14
|
|move|p1a: Umbreon|Protect|p1a: Umbreon
|-singleturn|p1a: Umbreon|Protect
|move|p2a: Lucario|Close Combat|p1a: Umbreon
|-activate|p1a: Umbreon|Protect
|
|turn|15
|
|switch|p1a: Swampert|Swampert, M|404\/404
|-damage|p1a: Swampert|379\/404|[from] Stealth Rock
|move|p2a: Lucario|Close Combat|p1a: Swampert
|-damage|p1a: Swampert|62\/404
|-unboost|p2a: Lucario|def|1
|-unboost|p2a: Lucario|spd|1
|-damage|p2a: Lucario|95\/281|[from] item: Life Orb
|
|-heal|p1a: Swampert|87\/404|[from] item: Leftovers
|turn|16
|
|move|p2a: Lucario|Close Combat|p1a: Swampert
|-damage|p1a: Swampert|0 fnt
|-unboost|p2a: Lucario|def|1
|-unboost|p2a: Lucario|spd|1
|-damage|p2a: Lucario|67\/281|[from] item: Life Orb
|faint|p1a: Swampert
|
|
|switch|p1a: Victini|Victini|341\/341
|-damage|p1a: Victini|256\/341|[from] Stealth Rock
|turn|17
|
|move|p2a: Lucario|Extreme Speed|p1a: Victini
|-damage|p1a: Victini|78\/341
|-damage|p2a: Lucario|39\/281|[from] item: Life Orb
|move|p1a: Victini|Zen Headbutt|p2a: Lucario
|-damage|p2a: Lucario|0 fnt
|faint|p2a: Lucario
|
|
|switch|p2a: Crobat|Crobat, M|325\/325
|turn|18
|
|move|p2a: Crobat|U-turn|p1a: Victini
|-damage|p1a: Victini|0 fnt
|faint|p1a: Victini
|
|switch|p2a: Flygon|Flygon, M|301\/301
|
|
|switch|p1a: Umbreon|Umbreon, M|394\/394
|-damage|p1a: Umbreon|345\/394|[from] Stealth Rock
|turn|19
|join|xFalse
|
|move|p1a: Umbreon|Protect|p1a: Umbreon
|-singleturn|p1a: Umbreon|Protect
|move|p2a: Flygon|U-turn|p1a: Umbreon
|-activate|p1a: Umbreon|Protect
|
|-heal|p1a: Umbreon|369\/394|[from] item: Leftovers
|turn|20
|
|move|p2a: Flygon|U-turn|p1a: Umbreon
|-supereffective|p1a: Umbreon
|-damage|p1a: Umbreon|251\/394
|
|switch|p2a: Infernape|Infernape, F|293\/293
|move|p1a: Umbreon|Wish|p1a: Umbreon
|
|-heal|p1a: Umbreon|275\/394|[from] item: Leftovers
|turn|21
|
|switch|p1a: Crobat|Crobat, M|221\/331
|-damage|p1a: Crobat|139\/331|[from] Stealth Rock
|move|p2a: Infernape|Fire Blast|p1a: Crobat
|-damage|p1a: Crobat|0 fnt
|-damage|p2a: Infernape|264\/293|[from] item: Life Orb
|faint|p1a: Crobat
|
|
|switch|p1a: Umbreon|Umbreon, M|275\/394
|-damage|p1a: Umbreon|226\/394|[from] Stealth Rock
|turn|22
|c|âKing UU|gg
|c|âmeeowiekins|gg
|
|move|p2a: Infernape|Nasty Plot|p2a: Infernape
|-boost|p2a: Infernape|spa|2
|move|p1a: Umbreon|Foul Play|p2a: Infernape
|-resisted|p2a: Infernape
|-damage|p2a: Infernape|189\/293
|
|-heal|p1a: Umbreon|250\/394|[from] item: Leftovers
|turn|23
|
|move|p1a: Umbreon|Protect|p1a: Umbreon
|-singleturn|p1a: Umbreon|Protect
|move|p2a: Infernape|Fire Blast|p1a: Umbreon
|-activate|p1a: Umbreon|Protect
|
|-heal|p1a: Umbreon|274\/394|[from] item: Leftovers
|turn|24
|
|move|p2a: Infernape|Fire Blast|p1a: Umbreon
|-damage|p1a: Umbreon|32\/394
|-damage|p2a: Infernape|160\/293|[from] item: Life Orb
|move|p1a: Umbreon|Wish|p1a: Umbreon
|
|-heal|p1a: Umbreon|56\/394|[from] item: Leftovers
|turn|25
|join|I<3Magikarp
|leave|xFalse
|
|move|p2a: Infernape|Nasty Plot|p2a: Infernape
|-boost|p2a: Infernape|spa|2
|move|p1a: Umbreon|Foul Play|p2a: Infernape
|-resisted|p2a: Infernape
|-damage|p2a: Infernape|90\/293
|
|-heal|p1a: Umbreon|253\/394|[from] move: Wish|[wisher] Umbreon
|-heal|p1a: Umbreon|277\/394|[from] item: Leftovers
|turn|26
|
|move|p1a: Umbreon|Protect|p1a: Umbreon
|-singleturn|p1a: Umbreon|Protect
|move|p2a: Infernape|Fire Blast|p1a: Umbreon
|-activate|p1a: Umbreon|Protect
|
|-heal|p1a: Umbreon|301\/394|[from] item: Leftovers
|turn|27
|
|move|p1a: Umbreon|Protect|p1a: Umbreon
|-fail|p1a: Umbreon
|move|p2a: Infernape|Fire Blast|p1a: Umbreon
|-crit|p1a: Umbreon
|-damage|p1a: Umbreon|0 fnt
|-damage|p2a: Infernape|61\/293|[from] item: Life Orb
|faint|p1a: Umbreon
|
|win|meeowiekins
|raw|Ladder updating...
|c|âmeeowiekins|gg bu
|c|âKing UU|gg
|raw|King UU's rating: 1671 &rarr; <strong>1648<\/strong><br \/>(-23 for losing)
|raw|meeowiekins's rating: 1604 &rarr; <strong>1628<\/strong><br \/>(+24 for winning)
|leave|I<3Magikarp
|leave|King UU
|player|p1
|leave|joltage