|join|meeowiekins
|join|Century Express
|player|p1|meeowiekins|160
|player|p2|Century Express|145
|gametype|singles
|gen|6
|tier|UU
|rated
|rule|Sleep Clause Mod: Limit one foe put to sleep
|rule|Species Clause: Limit one of each PokÃ©mon
|rule|OHKO Clause: OHKO moves are banned
|rule|Moody Clause: Moody is banned
|rule|Evasion Moves Clause: Evasion moves are banned
|rule|Endless Battle Clause: Forcing endless battles is banned
|rule|HP Percentage Mod: HP is shown in percentages
|clearpoke
|poke|p1|Crobat, M
|poke|p1|Raikou
|poke|p1|Swampert, M
|poke|p1|Celebi
|poke|p1|Jirachi
|poke|p1|Mienshao, M
|poke|p2|Alakazam, M
|poke|p2|Suicune
|poke|p2|Umbreon, M
|poke|p2|Crobat, F
|poke|p2|Nidoqueen, F
|poke|p2|Jirachi
|rule|Swagger Clause: Swagger is banned
|rule|Baton Pass Clause: Limit one PokÃ©mon knowing Baton Pass
|teampreview
|join|Yun0 Gasai
|
|start
|switch|p1a: Jirachi|Jirachi|341\/341
|switch|p2a: Shoot Star|Jirachi|341\/341
|turn|1
|
|move|p1a: Jirachi|U-turn|p2a: Shoot Star
|-damage|p2a: Shoot Star|269\/341
|
|switch|p1a: Swampert|Swampert, M|404\/404
|move|p2a: Shoot Star|U-turn|p1a: Swampert
|-damage|p1a: Swampert|350\/404
|
|switch|p2a: Shadowplay|Umbreon, M|390\/390
|
|-heal|p1a: Swampert|375\/404|[from] item: Leftovers
|turn|2
|join|LessThanThreeMan
|
|move|p2a: Shadowplay|Foul Play|p1a: Swampert
|-damage|p1a: Swampert|282\/404
|move|p1a: Swampert|Stealth Rock|p2a: Shadowplay
|-sidestart|p2: Century Express|move: Stealth Rock
|
|-heal|p1a: Swampert|307\/404|[from] item: Leftovers
|turn|3
|
|switch|p1a: Mienshao|Mienshao, M|271\/271
|move|p2a: Shadowplay|Foul Play|p1a: Mienshao
|-resisted|p1a: Mienshao
|-damage|p1a: Mienshao|153\/271
|
|turn|4
|
|move|p2a: Shadowplay|Protect|p2a: Shadowplay
|-singleturn|p2a: Shadowplay|Protect
|move|p1a: Mienshao|U-turn|p2a: Shadowplay
|-activate|p2a: Shadowplay|Protect
|
|turn|5
|
|move|p1a: Mienshao|U-turn|p2a: Shadowplay
|-supereffective|p2a: Shadowplay
|-damage|p2a: Shadowplay|164\/390
|
|switch|p1a: Swampert|Swampert, M|307\/404
|move|p2a: Shadowplay|Wish|p2a: Shadowplay
|
|-heal|p2a: Shadowplay|188\/390|[from] item: Leftovers
|-heal|p1a: Swampert|332\/404|[from] item: Leftovers
|turn|6
|
|move|p2a: Shadowplay|Foul Play|p1a: Swampert
|-damage|p1a: Swampert|239\/404
|move|p1a: Swampert|Roar|p2a: Shadowplay
|drag|p2a: Czarina|Nidoqueen, F|360\/360
|-damage|p2a: Czarina|338\/360|[from] Stealth Rock
|
|-heal|p2a: Czarina|360\/360|[from] move: Wish|[wisher] Shadowplay
|-heal|p1a: Swampert|264\/404|[from] item: Leftovers
|turn|7
|
|move|p2a: Czarina|Earth Power|p1a: Swampert
|-damage|p1a: Swampert|34\/404
|move|p1a: Swampert|Scald|p2a: Czarina
|-supereffective|p2a: Czarina
|-damage|p2a: Czarina|64\/360
|
|-heal|p1a: Swampert|59\/404|[from] item: Leftovers
|turn|8
|
|move|p2a: Czarina|Stealth Rock|p1a: Swampert
|-sidestart|p1: meeowiekins|move: Stealth Rock
|move|p1a: Swampert|Scald|p2a: Czarina
|-supereffective|p2a: Czarina
|-damage|p2a: Czarina|0 fnt
|faint|p2a: Czarina
|
|-heal|p1a: Swampert|84\/404|[from] item: Leftovers
|
|switch|p2a: Aquatarkus|Suicune|399\/399
|-damage|p2a: Aquatarkus|350\/399|[from] Stealth Rock
|-ability|p2a: Aquatarkus|Pressure
|turn|9
|
|switch|p1a: Celebi|Celebi|341\/341
|-damage|p1a: Celebi|299\/341|[from] Stealth Rock
|move|p2a: Aquatarkus|Ice Beam|p1a: Celebi
|-supereffective|p1a: Celebi
|-damage|p1a: Celebi|169\/341
|
|-heal|p1a: Celebi|190\/341|[from] item: Leftovers
|-heal|p2a: Aquatarkus|374\/399|[from] item: Leftovers
|turn|10
|
|switch|p2a: Shoot Star|Jirachi|269\/341
|-damage|p2a: Shoot Star|248\/341|[from] Stealth Rock
|move|p1a: Celebi|Psychic|p2a: Shoot Star
|-resisted|p2a: Shoot Star
|-damage|p2a: Shoot Star|218\/341
|
|-heal|p1a: Celebi|211\/341|[from] item: Leftovers
|turn|11
|
|switch|p1a: Crobat|Crobat, M|359\/359
|-damage|p1a: Crobat|270\/359|[from] Stealth Rock
|move|p2a: Shoot Star|U-turn|p1a: Crobat
|-resisted|p1a: Crobat
|-damage|p1a: Crobat|249\/359
|
|switch|p2a: Shadowplay|Umbreon, M|188\/390
|-damage|p2a: Shadowplay|140\/390|[from] Stealth Rock
|
|-heal|p1a: Crobat|271\/359|[from] item: Black Sludge
|-heal|p2a: Shadowplay|164\/390|[from] item: Leftovers
|turn|12
|
|move|p1a: Crobat|U-turn|p2a: Shadowplay
|-supereffective|p2a: Shadowplay
|-damage|p2a: Shadowplay|52\/390
|c| Yun0 Gasai|easiest swamp
|c| Yun0 Gasai|of ur life
|
|switch|p1a: Swampert|Swampert, M|84\/404
|-damage|p1a: Swampert|59\/404|[from] Stealth Rock
|move|p2a: Shadowplay|Wish|p2a: Shadowplay
|
|-heal|p2a: Shadowplay|76\/390|[from] item: Leftovers
|-heal|p1a: Swampert|84\/404|[from] item: Leftovers
|turn|13
|
|move|p2a: Shadowplay|Foul Play|p1a: Swampert
|-damage|p1a: Swampert|0 fnt
|faint|p1a: Swampert
|
|-heal|p2a: Shadowplay|271\/390|[from] move: Wish|[wisher] Shadowplay
|-heal|p2a: Shadowplay|295\/390|[from] item: Leftovers
|c| Yun0 Gasai|ack
|
|switch|p1a: Mienshao|Mienshao, M|153\/271
|-damage|p1a: Mienshao|137\/271|[from] Stealth Rock
|turn|14
|
|move|p2a: Shadowplay|Protect|p2a: Shadowplay
|-singleturn|p2a: Shadowplay|Protect
|move|p1a: Mienshao|U-turn|p2a: Shadowplay
|-activate|p2a: Shadowplay|Protect
|
|-heal|p2a: Shadowplay|319\/390|[from] item: Leftovers
|turn|15
|join|bob the feng
|
|move|p1a: Mienshao|U-turn|p2a: Shadowplay
|-supereffective|p2a: Shadowplay
|-damage|p2a: Shadowplay|81\/390
|
|switch|p1a: Raikou|Raikou|322\/322
|-damage|p1a: Raikou|282\/322|[from] Stealth Rock
|-ability|p1a: Raikou|Pressure
|move|p2a: Shadowplay|Wish|p2a: Shadowplay
|
|-heal|p1a: Raikou|302\/322|[from] item: Leftovers
|-heal|p2a: Shadowplay|105\/390|[from] item: Leftovers
|turn|16
|
|move|p2a: Shadowplay|Protect|p2a: Shadowplay
|-singleturn|p2a: Shadowplay|Protect
|move|p1a: Raikou|Calm Mind|p1a: Raikou
|-boost|p1a: Raikou|spa|1
|-boost|p1a: Raikou|spd|1
|
|-heal|p2a: Shadowplay|300\/390|[from] move: Wish|[wisher] Shadowplay
|-heal|p1a: Raikou|322\/322|[from] item: Leftovers
|-heal|p2a: Shadowplay|324\/390|[from] item: Leftovers
|turn|17
|
|move|p1a: Raikou|Calm Mind|p1a: Raikou
|-boost|p1a: Raikou|spa|1
|-boost|p1a: Raikou|spd|1
|move|p2a: Shadowplay|Foul Play|p1a: Raikou
|-damage|p1a: Raikou|204\/322
|
|-heal|p1a: Raikou|224\/322|[from] item: Leftovers
|-heal|p2a: Shadowplay|348\/390|[from] item: Leftovers
|turn|18
|
|move|p1a: Raikou|Thunderbolt|p2a: Shadowplay
|-damage|p2a: Shadowplay|186\/390
|move|p2a: Shadowplay|Foul Play|p1a: Raikou
|-damage|p1a: Raikou|121\/322
|
|-heal|p1a: Raikou|141\/322|[from] item: Leftovers
|-heal|p2a: Shadowplay|210\/390|[from] item: Leftovers
|turn|19
|
|move|p1a: Raikou|Calm Mind|p1a: Raikou
|-boost|p1a: Raikou|spa|1
|-boost|p1a: Raikou|spd|1
|move|p2a: Shadowplay|Foul Play|p1a: Raikou
|-damage|p1a: Raikou|27\/322
|
|-heal|p1a: Raikou|47\/322|[from] item: Leftovers
|-heal|p2a: Shadowplay|234\/390|[from] item: Leftovers
|turn|20
|
|switch|p2a: Aquatarkus|Suicune|374\/399
|-damage|p2a: Aquatarkus|325\/399|[from] Stealth Rock
|-ability|p2a: Aquatarkus|Pressure
|move|p1a: Raikou|Thunderbolt|p2a: Aquatarkus
|-supereffective|p2a: Aquatarkus
|-damage|p2a: Aquatarkus|0 fnt
|faint|p2a: Aquatarkus
|
|-heal|p1a: Raikou|67\/322|[from] item: Leftovers
|c| Yun0 Gasai|lol
|c| Yun0 Gasai|hello
|c| Yun0 Gasai|HELLO
|
|switch|p2a: Spoon Waltz|Alakazam, M|274\/274
|turn|21
|
|switch|p1a: Mienshao|Mienshao, M|137\/271
|-damage|p1a: Mienshao|121\/271|[from] Stealth Rock
|detailschange|p2a: Spoon Waltz|Alakazam-Mega, M
|message|Alakazam has Mega Evolved into Mega Alakazam!
|-ability|p2a: Spoon Waltz|Reckless|[from] ability: Trace|[of] p1a: Mienshao
|move|p2a: Spoon Waltz|Psyshock|p1a: Mienshao
|-supereffective|p1a: Mienshao
|-damage|p1a: Mienshao|0 fnt
|faint|p1a: Mienshao
|
|
|switch|p1a: Jirachi|Jirachi|341\/341
|-damage|p1a: Jirachi|320\/341|[from] Stealth Rock
|turn|22
|c|âCentury Express|if i lose crobat, Mienshao sweeps, if Jirachi, i lose the Healing Wish .derp
|c| Yun0 Gasai|umbreon wasnt going to be koed
|c| Yun0 Gasai|and he isnt scarf shao lmfao
|c|âCentury Express|I'm unlucky anyways
|
|switch|p2a: Shoot Star|Jirachi|218\/341
|-damage|p2a: Shoot Star|197\/341|[from] Stealth Rock
|move|p1a: Jirachi|Iron Head|p2a: Shoot Star
|-resisted|p2a: Shoot Star
|-damage|p2a: Shoot Star|132\/341
|
|turn|23
|
|move|p2a: Shoot Star|Healing Wish|p2a: Shoot Star
|faint|p2a: Shoot Star
|move|p1a: Jirachi|Iron Head|p2: Shoot Star|[notarget]
|-notarget
|
|join|Reunickles
|
|switch|p2a: Shadowplay|Umbreon, M|234\/390
|-heal|p2a: Shadowplay|390\/390|[from] move: Healing Wish
|-damage|p2a: Shadowplay|342\/390|[from] Stealth Rock
|turn|24
|c| Reunickles|meeowie r u winning?
|c| Yun0 Gasai|n
|c| Reunickles|o
|
|move|p1a: Jirachi|Iron Head|p2a: Shadowplay
|-damage|p2a: Shadowplay|228\/390
|move|p2a: Shadowplay|Wish|p2a: Shadowplay
|
|-heal|p2a: Shadowplay|252\/390|[from] item: Leftovers
|turn|25
|c| Yun0 Gasai|inner focus
|c| Yun0 Gasai|geg
|
|move|p1a: Jirachi|Iron Head|p2a: Shadowplay
|-damage|p2a: Shadowplay|144\/390
|move|p2a: Shadowplay|Foul Play|p1a: Jirachi
|-supereffective|p1a: Jirachi
|-damage|p1a: Jirachi|42\/341
|
|-heal|p2a: Shadowplay|339\/390|[from] move: Wish|[wisher] Shadowplay
|-heal|p2a: Shadowplay|363\/390|[from] item: Leftovers
|turn|26
|c|âmeeowiekins|gg
|
|move|p2a: Shadowplay|Protect|p2a: Shadowplay
|-singleturn|p2a: Shadowplay|Protect
|move|p1a: Jirachi|Iron Head|p2a: Shadowplay
|-activate|p2a: Shadowplay|Protect
|
|-heal|p2a: Shadowplay|387\/390|[from] item: Leftovers
|turn|27
|
|move|p1a: Jirachi|Iron Head|p2a: Shadowplay
|-crit|p2a: Shadowplay
|-damage|p2a: Shadowplay|222\/390
|cant|p2a: Shadowplay|flinch
|
|-heal|p2a: Shadowplay|246\/390|[from] item: Leftovers
|turn|28
|c|âmeeowiekins|oh
|c|âmeeowiekins|OH
|
|move|p2a: Shadowplay|Protect|p2a: Shadowplay
|-singleturn|p2a: Shadowplay|Protect
|move|p1a: Jirachi|Iron Head|p2a: Shadowplay
|-activate|p2a: Shadowplay|Protect
|
|-heal|p2a: Shadowplay|270\/390|[from] item: Leftovers
|turn|29
|c| Reunickles|kek
|c| LessThanThreeMan|gonna pull through
|c| Reunickles|keeeeeeek
|c| LessThanThreeMan|imo
|
|move|p1a: Jirachi|Iron Head|p2a: Shadowplay
|-damage|p2a: Shadowplay|162\/390
|move|p2a: Shadowplay|Wish|p2a: Shadowplay
|
|-heal|p2a: Shadowplay|186\/390|[from] item: Leftovers
|turn|30
|c|âmeeowiekins|gogogogo rachi
|c| Yun0 Gasai|jesus chrsit
|c| LessThanThreeMan|calling it
|c| LessThanThreeMan|rn
|c| Reunickles|gogogogogogogogogogogogogoogogogoog
|c| Yun0 Gasai|dont fucking pull off
|c|âmeeowiekins|wtf is this 60%
|c| Yun0 Gasai|im gonna puke
|
|move|p1a: Jirachi|Iron Head|p2a: Shadowplay
|-damage|p2a: Shadowplay|83\/390
|cant|p2a: Shadowplay|flinch
|
|-heal|p2a: Shadowplay|278\/390|[from] move: Wish|[wisher] Shadowplay
|-heal|p2a: Shadowplay|302\/390|[from] item: Leftovers
|turn|31
|
|move|p2a: Shadowplay|Protect|p2a: Shadowplay
|-singleturn|p2a: Shadowplay|Protect
|move|p1a: Jirachi|Iron Head|p2a: Shadowplay
|-activate|p2a: Shadowplay|Protect
|
|-heal|p2a: Shadowplay|326\/390|[from] item: Leftovers
|turn|32
|c| LessThanThreeMan|did you pick the wrong ability :^
|c| Reunickles|If this pulls through
|
|move|p1a: Jirachi|Iron Head|p2a: Shadowplay
|-damage|p2a: Shadowplay|215\/390
|move|p2a: Shadowplay|Wish|p2a: Shadowplay
|
|-heal|p2a: Shadowplay|239\/390|[from] item: Leftovers
|turn|33
|
|move|p1a: Jirachi|Iron Head|p2a: Shadowplay
|-damage|p2a: Shadowplay|125\/390
|move|p2a: Shadowplay|Foul Play|p1a: Jirachi
|-supereffective|p1a: Jirachi
|-damage|p1a: Jirachi|0 fnt
|faint|p1a: Jirachi
|
|-heal|p2a: Shadowplay|320\/390|[from] move: Wish|[wisher] Shadowplay
|-heal|p2a: Shadowplay|344\/390|[from] item: Leftovers
|c|âmeeowiekins|this is the fucking
|c| Reunickles|o
|c|âmeeowiekins|worst jirachi
|c| Reunickles|rip
|c|âmeeowiekins|of all time
|
|switch|p1a: Celebi|Celebi|211\/341
|-damage|p1a: Celebi|169\/341|[from] Stealth Rock
|turn|34
|c| Reunickles|kek
|c| Yun0 Gasai|why is your umbreon counters
|
|move|p1a: Celebi|Nasty Plot|p1a: Celebi
|-boost|p1a: Celebi|spa|2
|move|p2a: Shadowplay|Foul Play|p1a: Celebi
|-supereffective|p1a: Celebi
|-damage|p1a: Celebi|0 fnt
|faint|p1a: Celebi
|
|-heal|p2a: Shadowplay|368\/390|[from] item: Leftovers
|c| Yun0 Gasai|a mienshao
|
|switch|p1a: Crobat|Crobat, M|271\/359
|-damage|p1a: Crobat|182\/359|[from] Stealth Rock
|turn|35
|join|dingbat
|c|âmeeowiekins|because this team is bad
|
|move|p1a: Crobat|U-turn|p2a: Shadowplay
|-supereffective|p2a: Shadowplay
|-damage|p2a: Shadowplay|256\/390
|c| Yun0 Gasai|k
|
|switch|p1a: Raikou|Raikou|67\/322
|-damage|p1a: Raikou|27\/322|[from] Stealth Rock
|-ability|p1a: Raikou|Pressure
|move|p2a: Shadowplay|Foul Play|p1a: Raikou
|-damage|p1a: Raikou|0 fnt
|faint|p1a: Raikou
|
|-heal|p2a: Shadowplay|280\/390|[from] item: Leftovers
|
|switch|p1a: Crobat|Crobat, M|182\/359
|-damage|p1a: Crobat|93\/359|[from] Stealth Rock
|turn|36
|
|move|p1a: Crobat|Brave Bird|p2a: Shadowplay
|-damage|p2a: Shadowplay|151\/390
|-damage|p1a: Crobat|50\/359|[from] recoil|[of] p2a: Shadowplay
|move|p2a: Shadowplay|Foul Play|p1a: Crobat
|-damage|p1a: Crobat|0 fnt
|faint|p1a: Crobat
|
|win|Century Express
|raw|Ladder updating...
|c| LessThanThreeMan|ez scarf crits here
|c|âmeeowiekins|gg
|c|âCentury Express|gg
|raw|meeowiekins's rating: 1458 &rarr; <strong>1443<\/strong><br \/>(-15 for losing)
|raw|Century Express's rating: 1554 &rarr; <strong>1568<\/strong><br \/>(+14 for winning)
|leave|Yun0 Gasai
|leave|meeowiekins
|player|p1
|leave|dingbat
|leave|Reunickles
|leave|LessThanThreeMan