|join|meeowiekins
|join|I'm real yo
|player|p1|meeowiekins|160
|player|p2|I'm real yo|257
|gametype|singles
|gen|6
|tier|UU
|rated
|rule|Sleep Clause Mod: Limit one foe put to sleep
|rule|Species Clause: Limit one of each PokÃ©mon
|rule|OHKO Clause: OHKO moves are banned
|rule|Moody Clause: Moody is banned
|rule|Evasion Moves Clause: Evasion moves are banned
|rule|Endless Battle Clause: Forcing endless battles is banned
|rule|HP Percentage Mod: HP is shown in percentages
|clearpoke
|poke|p1|Sceptile, F
|poke|p1|Machamp, F
|poke|p1|Vaporeon, M
|poke|p1|Gligar, F
|poke|p1|Jirachi
|poke|p1|Rotom-Heat
|poke|p2|Umbreon, F
|poke|p2|Golbat, M
|poke|p2|Nidoqueen, F
|poke|p2|Alakazam, M
|poke|p2|Darmanitan, F
|poke|p2|Jolteon, M
|rule|Swagger Clause: Swagger is banned
|rule|Baton Pass Clause: Limit one PokÃ©mon knowing Baton Pass
|teampreview
|join|Lord on Toast
|
|start
|switch|p1a: Vaporeon|Vaporeon, M|464\/464
|switch|p2a: No Quidding|Nidoqueen, F|384\/384
|turn|1
|
|move|p2a: No Quidding|Poison Jab|p1a: Vaporeon
|-damage|p1a: Vaporeon|257\/464
|move|p1a: Vaporeon|Scald|p2a: No Quidding
|-supereffective|p2a: No Quidding
|-damage|p2a: No Quidding|138\/384
|
|-heal|p1a: Vaporeon|286\/464|[from] item: Leftovers
|turn|2
|
|switch|p2a: Sha'id|Umbreon, F|394\/394
|move|p1a: Vaporeon|Wish|p1a: Vaporeon
|
|-heal|p1a: Vaporeon|315\/464|[from] item: Leftovers
|turn|3
|
|switch|p1a: Machamp|Machamp, F|321\/321
|move|p2a: Sha'id|Wish|p2a: Sha'id
|
|turn|4
|
|switch|p2a: Brobat|Golbat, M|354\/354
|move|p1a: Machamp|Knock Off|p2a: Brobat
|-crit|p2a: Brobat
|-damage|p2a: Brobat|172\/354
|-enditem|p2a: Brobat|Eviolite|[from] move: Knock Off|[of] p1a: Machamp
|
|-heal|p2a: Brobat|354\/354|[from] move: Wish|[wisher] Sha'id
|turn|5
|
|switch|p1a: Jirachi|Jirachi|341\/341
|move|p2a: Brobat|U-turn|p1a: Jirachi
|-damage|p1a: Jirachi|291\/341
|
|switch|p2a: Stupid Monkey|Darmanitan, F|351\/351
|
|-heal|p1a: Jirachi|312\/341|[from] item: Leftovers
|turn|6
|
|move|p1a: Jirachi|Stealth Rock|p2a: Stupid Monkey
|-sidestart|p2: I'm real yo|move: Stealth Rock
|move|p2a: Stupid Monkey|Flare Blitz|p1a: Jirachi
|-supereffective|p1a: Jirachi
|-damage|p1a: Jirachi|0 fnt
|-damage|p2a: Stupid Monkey|248\/351|[from] recoil|[of] p1a: Jirachi
|faint|p1a: Jirachi
|
|
|switch|p1a: Vaporeon|Vaporeon, M|315\/464
|turn|7
|
|move|p2a: Stupid Monkey|Flare Blitz|p1a: Vaporeon
|-resisted|p1a: Vaporeon
|-damage|p1a: Vaporeon|75\/464
|-damage|p2a: Stupid Monkey|169\/351|[from] recoil|[of] p1a: Vaporeon
|move|p1a: Vaporeon|Wish|p1a: Vaporeon
|
|-heal|p1a: Vaporeon|104\/464|[from] item: Leftovers
|turn|8
|
|move|p1a: Vaporeon|Protect|p1a: Vaporeon
|-singleturn|p1a: Vaporeon|Protect
|move|p2a: Stupid Monkey|Flare Blitz|p1a: Vaporeon
|-activate|p1a: Vaporeon|Protect
|
|-heal|p1a: Vaporeon|336\/464|[from] move: Wish|[wisher] Vaporeon
|-heal|p1a: Vaporeon|365\/464|[from] item: Leftovers
|turn|9
|
|move|p2a: Stupid Monkey|Flare Blitz|p1a: Vaporeon
|-resisted|p1a: Vaporeon
|-damage|p1a: Vaporeon|130\/464
|-damage|p2a: Stupid Monkey|91\/351|[from] recoil|[of] p1a: Vaporeon
|move|p1a: Vaporeon|Wish|p1a: Vaporeon
|
|-heal|p1a: Vaporeon|159\/464|[from] item: Leftovers
|turn|10
|
|switch|p2a: Sunduru|Jolteon, M|272\/272
|-damage|p2a: Sunduru|238\/272|[from] Stealth Rock
|move|p1a: Vaporeon|Protect|p1a: Vaporeon
|-fail|p1a: Vaporeon
|
|-heal|p1a: Vaporeon|391\/464|[from] move: Wish|[wisher] Vaporeon
|-heal|p1a: Vaporeon|420\/464|[from] item: Leftovers
|turn|11
|
|move|p1a: Vaporeon|Protect|p1a: Vaporeon
|-singleturn|p1a: Vaporeon|Protect
|move|p2a: Sunduru|Hidden Power|p1a: Vaporeon
|-activate|p1a: Vaporeon|Protect
|
|-heal|p1a: Vaporeon|449\/464|[from] item: Leftovers
|turn|12
|
|switch|p2a: Sha'id|Umbreon, F|394\/394
|-damage|p2a: Sha'id|345\/394|[from] Stealth Rock
|switch|p1a: Gligar|Gligar, F|334\/334
|
|-heal|p2a: Sha'id|369\/394|[from] item: Leftovers
|turn|13
|
|move|p1a: Gligar|U-turn|p2a: Sha'id
|-supereffective|p2a: Sha'id
|-damage|p2a: Sha'id|289\/394
|
|switch|p1a: Machamp|Machamp, F|321\/321
|move|p2a: Sha'id|Wish|p2a: Sha'id
|
|-heal|p2a: Sha'id|313\/394|[from] item: Leftovers
|turn|14
|
|switch|p2a: Brobat|Golbat, M|354\/354
|-damage|p2a: Brobat|266\/354|[from] Stealth Rock
|move|p1a: Machamp|Ice Punch|p2a: Brobat
|-supereffective|p2a: Brobat
|-damage|p2a: Brobat|2\/354
|
|-heal|p2a: Brobat|199\/354|[from] move: Wish|[wisher] Sha'id
|turn|15
|
|move|p2a: Brobat|Brave Bird|p1a: Machamp
|-supereffective|p1a: Machamp
|-damage|p1a: Machamp|63\/321
|-damage|p2a: Brobat|114\/354|[from] recoil|[of] p1a: Machamp
|move|p1a: Machamp|Ice Punch|p2a: Brobat
|-supereffective|p2a: Brobat
|-damage|p2a: Brobat|0 fnt
|faint|p2a: Brobat
|
|
|switch|p2a: No Quidding|Nidoqueen, F|138\/384
|-damage|p2a: No Quidding|114\/384|[from] Stealth Rock
|turn|16
|
|switch|p1a: Vaporeon|Vaporeon, M|449\/464
|move|p2a: No Quidding|Poison Jab|p1a: Vaporeon
|-damage|p1a: Vaporeon|238\/464
|
|-heal|p1a: Vaporeon|267\/464|[from] item: Leftovers
|turn|17
|
|move|p2a: No Quidding|Poison Jab|p1a: Vaporeon
|-damage|p1a: Vaporeon|55\/464
|move|p1a: Vaporeon|Wish|p1a: Vaporeon
|
|-heal|p1a: Vaporeon|84\/464|[from] item: Leftovers
|turn|18
|
|move|p1a: Vaporeon|Protect|p1a: Vaporeon
|-singleturn|p1a: Vaporeon|Protect
|move|p2a: No Quidding|Stealth Rock|p1a: Vaporeon
|-sidestart|p1: meeowiekins|move: Stealth Rock
|
|-heal|p1a: Vaporeon|316\/464|[from] move: Wish|[wisher] Vaporeon
|-heal|p1a: Vaporeon|345\/464|[from] item: Leftovers
|turn|19
|
|move|p2a: No Quidding|Poison Jab|p1a: Vaporeon
|-damage|p1a: Vaporeon|145\/464
|move|p1a: Vaporeon|Scald|p2a: No Quidding
|-crit|p2a: No Quidding
|-supereffective|p2a: No Quidding
|-damage|p2a: No Quidding|0 fnt
|faint|p2a: No Quidding
|
|-heal|p1a: Vaporeon|174\/464|[from] item: Leftovers
|
|switch|p2a: Stupid Monkey|Darmanitan, F|91\/351
|-damage|p2a: Stupid Monkey|4\/351|[from] Stealth Rock
|turn|20
|
|move|p1a: Vaporeon|Protect|p1a: Vaporeon
|-singleturn|p1a: Vaporeon|Protect
|move|p2a: Stupid Monkey|Flare Blitz|p1a: Vaporeon
|-activate|p1a: Vaporeon|Protect
|
|-heal|p1a: Vaporeon|203\/464|[from] item: Leftovers
|turn|21
|
|move|p2a: Stupid Monkey|Flare Blitz|p1a: Vaporeon
|-resisted|p1a: Vaporeon
|-damage|p1a: Vaporeon|0 fnt
|-damage|p2a: Stupid Monkey|0 fnt|[from] recoil|[of] p1a: Vaporeon
|faint|p1a: Vaporeon
|faint|p2a: Stupid Monkey
|
|
|switch|p2a: Sunduru|Jolteon, M|238\/272
|switch|p1a: Machamp|Machamp, F|63\/321
|-damage|p2a: Sunduru|204\/272|[from] Stealth Rock
|-damage|p1a: Machamp|43\/321|[from] Stealth Rock
|turn|22
|
|switch|p1a: Gligar|Gligar, F|334\/334
|-damage|p1a: Gligar|293\/334|[from] Stealth Rock
|move|p2a: Sunduru|Hidden Power|p1a: Gligar
|-supereffective|p1a: Gligar
|-damage|p1a: Gligar|37\/334
|
|turn|23
|
|move|p2a: Sunduru|Hidden Power|p1a: Gligar
|-supereffective|p1a: Gligar
|-damage|p1a: Gligar|0 fnt
|faint|p1a: Gligar
|
|
|switch|p1a: Rotom-Heat|Rotom-Heat|241\/241
|-damage|p1a: Rotom-Heat|181\/241|[from] Stealth Rock
|turn|24
|
|switch|p2a: Sha'id|Umbreon, F|313\/394
|-damage|p2a: Sha'id|264\/394|[from] Stealth Rock
|move|p1a: Rotom-Heat|Volt Switch|p2a: Sha'id
|-damage|p2a: Sha'id|198\/394
|
|switch|p1a: Machamp|Machamp, F|43\/321
|-damage|p1a: Machamp|23\/321|[from] Stealth Rock
|
|-heal|p2a: Sha'id|222\/394|[from] item: Leftovers
|turn|25
|
|move|p2a: Sha'id|Protect|p2a: Sha'id
|-singleturn|p2a: Sha'id|Protect
|move|p1a: Machamp|Close Combat|p2a: Sha'id
|-activate|p2a: Sha'id|Protect
|
|-heal|p2a: Sha'id|246\/394|[from] item: Leftovers
|turn|26
|
|move|p1a: Machamp|Close Combat|p2a: Sha'id
|-supereffective|p2a: Sha'id
|-damage|p2a: Sha'id|0 fnt
|-unboost|p1a: Machamp|def|1
|-unboost|p1a: Machamp|spd|1
|faint|p2a: Sha'id
|
|
|switch|p2a: Sunduru|Jolteon, M|204\/272
|-damage|p2a: Sunduru|170\/272|[from] Stealth Rock
|turn|27
|
|move|p2a: Sunduru|Hidden Power|p1a: Machamp
|-damage|p1a: Machamp|0 fnt
|faint|p1a: Machamp
|
|
|switch|p1a: Rotom-Heat|Rotom-Heat|181\/241
|-damage|p1a: Rotom-Heat|121\/241|[from] Stealth Rock
|turn|28
|
|move|p1a: Rotom-Heat|Overheat|p2a: Sunduru
|-damage|p2a: Sunduru|0 fnt
|-unboost|p1a: Rotom-Heat|spa|2
|faint|p2a: Sunduru
|
|
|switch|p2a: Spoonman|Alakazam, M|252\/252
|turn|29
|
|detailschange|p2a: Spoonman|Alakazam-Mega, M
|message|Alakazam has Mega Evolved into Mega Alakazam!
|-ability|p2a: Spoonman|Levitate|[from] ability: Trace|[of] p1a: Rotom-Heat
|move|p1a: Rotom-Heat|Overheat|p2a: Spoonman
|-damage|p2a: Spoonman|141\/252
|-unboost|p1a: Rotom-Heat|spa|2
|move|p2a: Spoonman|Calm Mind|p2a: Spoonman
|-boost|p2a: Spoonman|spa|1
|-boost|p2a: Spoonman|spd|1
|
|turn|30
|
|switch|p1a: Sceptile|Sceptile, F|282\/282
|-damage|p1a: Sceptile|247\/282|[from] Stealth Rock
|move|p2a: Spoonman|Calm Mind|p2a: Spoonman
|-boost|p2a: Spoonman|spa|1
|-boost|p2a: Spoonman|spd|1
|
|turn|31
|
|detailschange|p1a: Sceptile|Sceptile-Mega, F
|message|Sceptile has Mega Evolved into Mega Sceptile!
|move|p2a: Spoonman|Dazzling Gleam|p1a: Sceptile
|-crit|p1a: Sceptile
|-supereffective|p1a: Sceptile
|-damage|p1a: Sceptile|0 fnt
|faint|p1a: Sceptile
|
|
|switch|p1a: Rotom-Heat|Rotom-Heat|121\/241
|-damage|p1a: Rotom-Heat|61\/241|[from] Stealth Rock
|turn|32
|
|move|p1a: Rotom-Heat|Overheat|p2a: Spoonman
|-damage|p2a: Spoonman|32\/252
|-unboost|p1a: Rotom-Heat|spa|2
|move|p2a: Spoonman|Psyshock|p1a: Rotom-Heat
|-damage|p1a: Rotom-Heat|0 fnt
|faint|p1a: Rotom-Heat
|
|win|I'm real yo
|raw|Ladder updating...
|raw|meeowiekins's rating: 1451 &rarr; <strong>1421<\/strong><br \/>(-30 for losing)
|raw|I&apos;m real yo's rating: 1248 &rarr; <strong>1287<\/strong><br \/>(+39 for winning)
|c|âI'm real yo|gg
|c|âmeeowiekins|gg
|leave|Lord on Toast