|join|FlamingVictini PB
|join|foncused
|player|p1|FlamingVictini PB|99
|player|p2|foncused|1
|gametype|singles
|gen|6
|tier|OU
|rated
|clearpoke
|poke|p1|Diancie
|poke|p1|Gengar, M
|poke|p1|Bisharp, M
|poke|p1|Latios, M
|poke|p1|Landorus-Therian, M
|poke|p1|Talonflame, F
|poke|p2|Heracross, F
|poke|p2|Lopunny, F
|poke|p2|Infernape, M
|poke|p2|Latios, M
|poke|p2|Raikou
|poke|p2|Landorus-Therian, M
|rule|Swagger Clause: Swagger is banned
|rule|Baton Pass Clause: Limit one PokÃ©mon knowing Baton Pass
|rule|Sleep Clause Mod: Limit one foe put to sleep
|rule|Species Clause: Limit one of each PokÃ©mon
|rule|OHKO Clause: OHKO moves are banned
|rule|Moody Clause: Moody is banned
|rule|Evasion Moves Clause: Evasion moves are banned
|rule|Endless Battle Clause: Forcing endless battles is banned
|rule|HP Percentage Mod: HP is shown in percentages
|teampreview
|join|Rawk Hawk
|
|start
|switch|p1a: Landorus-Therian|Landorus-Therian, M|319\/319
|switch|p2a: Landorus-Therian|Landorus-Therian, M|319\/319
|-ability|p2a: Landorus-Therian|Intimidate|[of] p1a: Landorus-Therian
|-unboost|p1a: Landorus-Therian|atk|1
|-ability|p1a: Landorus-Therian|Intimidate|[of] p2a: Landorus-Therian
|-unboost|p2a: Landorus-Therian|atk|1
|turn|1
|
|move|p2a: Landorus-Therian|Knock Off|p1a: Landorus-Therian
|-damage|p1a: Landorus-Therian|222\/319
|-enditem|p1a: Landorus-Therian|Focus Sash|[from] move: Knock Off|[of] p2a: Landorus-Therian
|move|p1a: Landorus-Therian|Stealth Rock|p2a: Landorus-Therian
|-sidestart|p2: foncused|move: Stealth Rock
|
|turn|2
|
|switch|p2a: Infernape|Infernape, M|293\/293
|-damage|p2a: Infernape|257\/293|[from] Stealth Rock
|move|p1a: Landorus-Therian|Knock Off|p2a: Infernape
|-resisted|p2a: Infernape
|-damage|p2a: Infernape|205\/293
|-enditem|p2a: Infernape|Focus Sash|[from] move: Knock Off|[of] p1a: Landorus-Therian
|
|turn|3
|
|switch|p1a: Diancie|Diancie|241\/241
|move|p2a: Infernape|Stealth Rock|p1a: Diancie
|-sidestart|p1: FlamingVictini PB|move: Stealth Rock
|
|turn|4
|
|detailschange|p1a: Diancie|Diancie-Mega
|-mega|p1a: Diancie|Diancie|Diancite
|move|p2a: Infernape|Close Combat|p1a: Diancie
|-damage|p1a: Diancie|72\/241
|-unboost|p2a: Infernape|def|1
|-unboost|p2a: Infernape|spd|1
|move|p1a: Diancie|Rock Polish|p1a: Diancie
|-boost|p1a: Diancie|spe|2
|
|turn|5
|
|move|p2a: Infernape|Mach Punch|p1a: Diancie
|-damage|p1a: Diancie|0 fnt
|faint|p1a: Diancie
|
|
|switch|p1a: Gengar|Gengar, M|259\/259
|-damage|p1a: Gengar|227\/259|[from] Stealth Rock
|turn|6
|
|switch|p2a: Raikou|Raikou|321\/321
|-damage|p2a: Raikou|281\/321|[from] Stealth Rock
|-ability|p2a: Raikou|Pressure
|move|p1a: Gengar|Shadow Ball|p2a: Raikou
|-damage|p2a: Raikou|156\/321
|-damage|p1a: Gengar|202\/259|[from] item: Life Orb
|
|turn|7
|
|switch|p1a: Bisharp|Bisharp, M|269\/269
|-damage|p1a: Bisharp|253\/269|[from] Stealth Rock
|move|p2a: Raikou|Shadow Ball|p1a: Bisharp
|-resisted|p1a: Bisharp
|-damage|p1a: Bisharp|196\/269
|
|turn|8
|
|switch|p2a: Heracross|Heracross, F|308\/308
|-damage|p2a: Heracross|270\/308|[from] Stealth Rock
|move|p1a: Bisharp|Iron Head|p2a: Heracross
|-damage|p2a: Heracross|39\/308
|-damage|p1a: Bisharp|170\/269|[from] item: Life Orb
|
|turn|9
|
|switch|p2a: Infernape|Infernape, M|205\/293
|-damage|p2a: Infernape|169\/293|[from] Stealth Rock
|move|p1a: Bisharp|Sucker Punch|p2a: Infernape
|-fail|p2a: Infernape
|
|turn|10
|
|switch|p1a: Landorus-Therian|Landorus-Therian, M|222\/319
|-damage|p1a: Landorus-Therian|183\/319|[from] Stealth Rock
|-ability|p1a: Landorus-Therian|Intimidate|[of] p2a: Infernape
|-unboost|p2a: Infernape|atk|1
|move|p2a: Infernape|Flamethrower|p1a: Landorus-Therian
|-damage|p1a: Landorus-Therian|45\/319
|
|turn|11
|
|move|p2a: Infernape|Flamethrower|p1a: Landorus-Therian
|-crit|p1a: Landorus-Therian
|-damage|p1a: Landorus-Therian|0 fnt
|faint|p1a: Landorus-Therian
|
|
|switch|p1a: Talonflame|Talonflame, F|305\/305
|-damage|p1a: Talonflame|153\/305|[from] Stealth Rock
|turn|12
|
|move|p1a: Talonflame|Swords Dance|p1a: Talonflame
|-boost|p1a: Talonflame|atk|2
|move|p2a: Infernape|Close Combat|p1a: Talonflame
|-crit|p1a: Talonflame
|-resisted|p1a: Talonflame
|-damage|p1a: Talonflame|0 fnt
|-unboost|p2a: Infernape|def|1
|-unboost|p2a: Infernape|spd|1
|faint|p1a: Talonflame
|
|
|switch|p1a: Gengar|Gengar, M|202\/259
|-damage|p1a: Gengar|170\/259|[from] Stealth Rock
|turn|13
|
|move|p1a: Gengar|Sludge Wave|p2a: Infernape
|-damage|p2a: Infernape|0 fnt
|-damage|p1a: Gengar|145\/259|[from] item: Life Orb
|faint|p2a: Infernape
|
|c|âFlamingVictini PB|jesus crhist
|
|switch|p2a: Lopunny|Lopunny, F|271\/271
|-damage|p2a: Lopunny|238\/271|[from] Stealth Rock
|turn|14
|c|âfoncused|huh?
|c|âFlamingVictini PB|so luke
|c|âFlamingVictini PB|lukE
|
|switch|p1a: Latios|Latios, M|302\/302
|-damage|p1a: Latios|265\/302|[from] Stealth Rock
|detailschange|p2a: Lopunny|Lopunny-Mega, F
|-mega|p2a: Lopunny|Lopunny|Lopunnite
|move|p2a: Lopunny|Fake Out|p1a: Latios
|-damage|p1a: Latios|172\/302
|
|turn|15
|
|switch|p2a: Heracross|Heracross, F|39\/308
|-damage|p2a: Heracross|1\/308|[from] Stealth Rock
|move|p1a: Latios|Draco Meteor|p2a: Heracross
|-damage|p2a: Heracross|0 fnt
|-unboost|p1a: Latios|spa|2
|faint|p2a: Heracross
|
|
|switch|p2a: Landorus-Therian|Landorus-Therian, M|319\/319
|-damage|p2a: Landorus-Therian|280\/319|[from] Stealth Rock
|-ability|p2a: Landorus-Therian|Intimidate|[of] p1a: Latios
|-unboost|p1a: Latios|atk|1
|turn|16
|
|switch|p1a: Gengar|Gengar, M|145\/259
|-damage|p1a: Gengar|113\/259|[from] Stealth Rock
|move|p2a: Landorus-Therian|U-turn|p1a: Gengar
|-resisted|p1a: Gengar
|-damage|p1a: Gengar|78\/259
|
|switch|p2a: Lopunny|Lopunny-Mega, F|238\/271
|-damage|p2a: Lopunny|222\/271|[from] Stealth Rock
|
|turn|17
|
|move|p2a: Lopunny|Return|p1a: Gengar
|-crit|p1a: Gengar
|-damage|p1a: Gengar|0 fnt
|faint|p1a: Gengar
|
|
|switch|p1a: Latios|Latios, M|172\/302
|-damage|p1a: Latios|135\/302|[from] Stealth Rock
|turn|18
|
|switch|p2a: Raikou|Raikou|156\/321
|-damage|p2a: Raikou|116\/321|[from] Stealth Rock
|-ability|p2a: Raikou|Pressure
|move|p1a: Latios|Draco Meteor|p2a: Raikou
|-damage|p2a: Raikou|0 fnt
|-unboost|p1a: Latios|spa|2
|faint|p2a: Raikou
|
|
|switch|p2a: Landorus-Therian|Landorus-Therian, M|280\/319
|-damage|p2a: Landorus-Therian|241\/319|[from] Stealth Rock
|-ability|p2a: Landorus-Therian|Intimidate|[of] p1a: Latios
|-unboost|p1a: Latios|atk|1
|turn|19
|c|âFlamingVictini PB|crit
|
|move|p1a: Latios|Draco Meteor|p2a: Landorus-Therian
|-damage|p2a: Landorus-Therian|109\/319
|-unboost|p1a: Latios|spa|2
|move|p2a: Landorus-Therian|U-turn|p1a: Latios
|-crit|p1a: Latios
|-supereffective|p1a: Latios
|-damage|p1a: Latios|0 fnt
|faint|p1a: Latios
|
|switch|p2a: Lopunny|Lopunny-Mega, F|222\/271
|-damage|p2a: Lopunny|206\/271|[from] Stealth Rock
|
|-message|FlamingVictini PB forfeited.
|
|win|foncused
|raw|Ladder updating...
|leave|FlamingVictini PB
|player|p1
|raw|FlamingVictini PB's rating: 1731 &rarr; <strong>1700<\/strong><br \/>(-31 for losing)
|raw|foncused's rating: 1515 &rarr; <strong>1546<\/strong><br \/>(+31 for winning)
|c|âfoncused|hey I could miss hjk