|join|HJ Suspect
|join|FlamingVictini PB
|player|p1|HJ Suspect|46
|player|p2|FlamingVictini PB|99
|gametype|singles
|gen|6
|tier|OU (suspect test)
|rated
|clearpoke
|poke|p1|Azelf
|poke|p1|Raikou
|poke|p1|Landorus-Therian, M
|poke|p1|Hawlucha, M
|poke|p1|Metagross
|poke|p1|Manaphy
|poke|p2|Infernape, F
|poke|p2|Keldeo
|poke|p2|Metagross
|poke|p2|Thundurus, M
|poke|p2|Dragonite, F
|poke|p2|Bisharp, M
|rule|Swagger Clause: Swagger is banned
|rule|Baton Pass Clause: Limit one PokÃ©mon knowing Baton Pass
|rule|Sleep Clause Mod: Limit one foe put to sleep
|rule|Species Clause: Limit one of each PokÃ©mon
|rule|OHKO Clause: OHKO moves are banned
|rule|Moody Clause: Moody is banned
|rule|Evasion Moves Clause: Evasion moves are banned
|rule|Endless Battle Clause: Forcing endless battles is banned
|rule|HP Percentage Mod: HP is shown in percentages
|teampreview
|
|start
|switch|p1a: Azelf|Azelf|353\/353
|switch|p2a: Infernape|Infernape, F|262\/262
|turn|1
|
|move|p1a: Azelf|Taunt|p2a: Infernape
|-start|p2a: Infernape|move: Taunt
|move|p2a: Infernape|Fire Blast|p1a: Azelf|[miss]
|-miss|p2a: Infernape|p1a: Azelf
|
|turn|2
|
|move|p1a: Azelf|Stealth Rock|p2a: Infernape
|-sidestart|p2: FlamingVictini PB|move: Stealth Rock
|move|p2a: Infernape|Fire Blast|p1a: Azelf
|-damage|p1a: Azelf|143\/353
|
|turn|3
|
|switch|p2a: Metagross|Metagross|301\/301
|-damage|p2a: Metagross|283\/301|[from] Stealth Rock
|move|p1a: Azelf|Explosion|p2a: Metagross
|-resisted|p2a: Metagross
|-damage|p2a: Metagross|183\/301
|faint|p1a: Azelf
|
|
|switch|p1a: Raikou|Raikou|321\/321
|-ability|p1a: Raikou|Pressure
|turn|4
|
|detailschange|p2a: Metagross|Metagross-Mega
|-mega|p2a: Metagross|Metagross|Metagrossite
|move|p1a: Raikou|Thunderbolt|p2a: Metagross
|-crit|p2a: Metagross
|-damage|p2a: Metagross|0 fnt
|faint|p2a: Metagross
|
|
|switch|p2a: Ben OGay|Bisharp, M|271\/271
|-damage|p2a: Ben OGay|255\/271|[from] Stealth Rock
|turn|5
|
|move|p2a: Ben OGay|Knock Off|p1a: Raikou
|-damage|p1a: Raikou|101\/321
|-enditem|p1a: Raikou|Choice Specs|[from] move: Knock Off|[of] p2a: Ben OGay
|move|p1a: Raikou|Thunderbolt|p2a: Ben OGay
|-damage|p2a: Ben OGay|72\/271
|
|turn|6
|
|switch|p1a: Hawlucha|Hawlucha, M|302\/302
|move|p2a: Ben OGay|Knock Off|p1a: Hawlucha
|-resisted|p1a: Hawlucha
|-damage|p1a: Hawlucha|197\/302
|-enditem|p1a: Hawlucha|Sitrus Berry|[from] move: Knock Off|[of] p2a: Ben OGay
|
|turn|7
|
|switch|p2a: Thundurus|Thundurus, M|299\/299
|-damage|p2a: Thundurus|225\/299|[from] Stealth Rock
|move|p1a: Hawlucha|High Jump Kick|p2a: Thundurus
|-resisted|p2a: Thundurus
|-damage|p2a: Thundurus|87\/299
|
|turn|8
|
|move|p1a: Hawlucha|High Jump Kick|p2a: Thundurus
|-crit|p2a: Thundurus
|-resisted|p2a: Thundurus
|-damage|p2a: Thundurus|0 fnt
|faint|p2a: Thundurus
|
|c|âFlamingVictini PB|wait i activated unburden?
|
|switch|p2a: Dragonite|Dragonite, F|323\/323
|-damage|p2a: Dragonite|243\/323|[from] Stealth Rock
|turn|9
|
|move|p2a: Dragonite|Extreme Speed|p1a: Hawlucha
|-damage|p1a: Hawlucha|0 fnt
|faint|p1a: Hawlucha
|
|
|switch|p1a: Metagross|Metagross|301\/301
|turn|10
|
|switch|p2a: Infernape|Infernape, F|262\/262
|-damage|p2a: Infernape|230\/262|[from] Stealth Rock
|detailschange|p1a: Metagross|Metagross-Mega
|-mega|p1a: Metagross|Metagross|Metagrossite
|move|p1a: Metagross|Meteor Mash|p2a: Infernape
|-resisted|p2a: Infernape
|-damage|p2a: Infernape|33\/262
|
|turn|11
|
|move|p2a: Infernape|Vacuum Wave|p1a: Metagross
|-damage|p1a: Metagross|241\/301
|move|p1a: Metagross|Meteor Mash|p2a: Infernape
|-resisted|p2a: Infernape
|-damage|p2a: Infernape|0 fnt
|faint|p2a: Infernape
|
|
|switch|p2a: Ben OGay|Bisharp, M|72\/271
|-damage|p2a: Ben OGay|56\/271|[from] Stealth Rock
|turn|12
|
|move|p2a: Ben OGay|Knock Off|p1a: Metagross
|-supereffective|p1a: Metagross
|-damage|p1a: Metagross|89\/301
|move|p1a: Metagross|Meteor Mash|p2a: Ben OGay
|-resisted|p2a: Ben OGay
|-damage|p2a: Ben OGay|0 fnt
|-boost|p1a: Metagross|atk|1
|faint|p2a: Ben OGay
|
|
|switch|p2a: Keldeo|Keldeo|323\/323
|-damage|p2a: Keldeo|303\/323|[from] Stealth Rock
|turn|13
|c|âFlamingVictini PB|gg
|
|move|p1a: Metagross|Zen Headbutt|p2a: Keldeo
|-supereffective|p2a: Keldeo
|-damage|p2a: Keldeo|0 fnt
|faint|p2a: Keldeo
|
|
|switch|p2a: Dragonite|Dragonite, F|243\/323
|-damage|p2a: Dragonite|163\/323|[from] Stealth Rock
|turn|14
|
|move|p1a: Metagross|Pursuit|p2a: Dragonite
|-damage|p2a: Dragonite|57\/323
|move|p2a: Dragonite|Outrage|p1a: Metagross
|-resisted|p1a: Metagross
|-damage|p1a: Metagross|0 fnt
|faint|p1a: Metagross
|
|
|switch|p1a: Landorus-Therian|Landorus-Therian, M|319\/319
|-ability|p1a: Landorus-Therian|Intimidate|[of] p2a: Dragonite
|-unboost|p2a: Dragonite|atk|1
|turn|15
|
|move|p1a: Landorus-Therian|Knock Off|p2a: Dragonite
|-damage|p2a: Dragonite|0 fnt
|-enditem|p2a: Dragonite|Choice Band|[from] move: Knock Off|[of] p1a: Landorus-Therian
|faint|p2a: Dragonite
|
|win|HJ Suspect
|raw|Ladder updating...
|raw|HJ Suspect's rating: 1603 &rarr; <strong>1620<\/strong><br \/>(+17 for winning)
|raw|FlamingVictini PB's rating: 1552 &rarr; <strong>1535<\/strong><br \/>(-17 for losing)
|leave|HJ Suspect
|player|p1
|join|HJ Suspect
|join|GizmoGreninjaTest