|join|FlamingVictini PB
|join|ohgeedubs
|player|p1|FlamingVictini PB|99
|player|p2|ohgeedubs|4
|gametype|singles
|gen|6
|tier|OU (suspect test)
|rated
|clearpoke
|poke|p1|Jirachi
|poke|p1|Keldeo
|poke|p1|Talonflame, M
|poke|p1|Latios, M
|poke|p1|Altaria, M
|poke|p1|Landorus-Therian, M
|poke|p2|Sylveon, F
|poke|p2|Manaphy
|poke|p2|Cobalion
|poke|p2|Landorus-Therian, M
|poke|p2|Manectric, M
|poke|p2|Hydreigon, M
|rule|Swagger Clause: Swagger is banned
|rule|Baton Pass Clause: Limit one PokÃ©mon knowing Baton Pass
|rule|Sleep Clause Mod: Limit one foe put to sleep
|rule|Species Clause: Limit one of each PokÃ©mon
|rule|OHKO Clause: OHKO moves are banned
|rule|Moody Clause: Moody is banned
|rule|Evasion Moves Clause: Evasion moves are banned
|rule|Endless Battle Clause: Forcing endless battles is banned
|rule|HP Percentage Mod: HP is shown in percentages
|teampreview
|
|start
|switch|p1a: Altaria|Altaria, M|291\/291
|switch|p2a: Goat|Cobalion|358\/358
|turn|1
|
|switch|p1a: Landorus-Therian|Landorus-Therian, M|365\/365
|-ability|p1a: Landorus-Therian|Intimidate|[of] p2a: Goat
|-unboost|p2a: Goat|atk|1
|move|p2a: Goat|Stealth Rock|p1a: Landorus-Therian
|-sidestart|p1: FlamingVictini PB|move: Stealth Rock
|
|turn|2
|
|switch|p2a: Jelly|Manaphy|364\/364
|move|p1a: Landorus-Therian|Earthquake|p2a: Jelly
|-damage|p2a: Jelly|199\/364
|
|-heal|p2a: Jelly|221\/364|[from] item: Leftovers
|turn|3
|join|CleanerThanRotom-W
|join|Albyness
|leave|CleanerThanRotom-W
|
|switch|p1a: Latios|Latios, M|301\/301
|-damage|p1a: Latios|264\/301|[from] Stealth Rock
|move|p2a: Jelly|Scald|p1a: Latios
|-resisted|p1a: Latios
|-damage|p1a: Latios|210\/301
|-status|p1a: Latios|brn
|
|-heal|p2a: Jelly|243\/364|[from] item: Leftovers
|-damage|p1a: Latios|173\/301 brn|[from] brn
|turn|4
|
|switch|p2a: Goat|Cobalion|358\/358
|move|p1a: Latios|Roost|p1a: Latios
|-heal|p1a: Latios|301\/301 brn
|
|-damage|p1a: Latios|264\/301 brn|[from] brn
|turn|5
|
|move|p1a: Latios|Psyshock|p2a: Goat
|-damage|p2a: Goat|212\/358
|-damage|p1a: Latios|234\/301 brn|[from] item: Life Orb
|move|p2a: Goat|Iron Head|p1a: Latios
|-damage|p1a: Latios|113\/301 brn
|
|-heal|p2a: Goat|234\/358|[from] item: Leftovers
|-damage|p1a: Latios|76\/301 brn|[from] brn
|turn|6
|
|switch|p1a: Keldeo|Keldeo|323\/323
|-damage|p1a: Keldeo|303\/323|[from] Stealth Rock
|move|p2a: Goat|Stealth Rock|p1a: Keldeo
|-fail|p1a: Keldeo
|
|-heal|p1a: Keldeo|323\/323|[from] item: Leftovers
|-heal|p2a: Goat|256\/358|[from] item: Leftovers
|turn|7
|
|switch|p2a: Sylveon|Sylveon, F|390\/390
|move|p1a: Keldeo|Scald|p2a: Sylveon
|-damage|p2a: Sylveon|272\/390
|
|turn|8
|
|switch|p1a: Jirachi|Jirachi|404\/404
|-damage|p1a: Jirachi|379\/404|[from] Stealth Rock
|move|p2a: Sylveon|Baton Pass|p2a: Sylveon
|
|switch|p2a: Dog|Manectric, M|281\/281
|
|-heal|p1a: Jirachi|404\/404|[from] item: Leftovers
|turn|9
|
|detailschange|p2a: Dog|Manectric-Mega, M
|-mega|p2a: Dog|Manectric|Manectite
|-ability|p2a: Dog|Intimidate|[of] p1a: Jirachi
|-unboost|p1a: Jirachi|atk|1
|move|p2a: Dog|Flamethrower|p1a: Jirachi
|-supereffective|p1a: Jirachi
|-damage|p1a: Jirachi|230\/404
|move|p1a: Jirachi|Wish|p1a: Jirachi
|
|-heal|p1a: Jirachi|255\/404|[from] item: Leftovers
|turn|10
|
|move|p2a: Dog|Thunderbolt|p1a: Jirachi
|-damage|p1a: Jirachi|131\/404
|move|p1a: Jirachi|Fire Punch|p2a: Dog
|-damage|p2a: Dog|230\/281
|
|-heal|p1a: Jirachi|333\/404|[from] move: Wish|[wisher] Jirachi
|-heal|p1a: Jirachi|358\/404|[from] item: Leftovers
|turn|11
|
|move|p2a: Dog|Volt Switch|p1a: Jirachi
|-damage|p1a: Jirachi|253\/404
|
|switch|p2a: Tiger|Landorus-Therian, M|319\/319
|-ability|p2a: Tiger|Intimidate|[of] p1a: Jirachi
|-unboost|p1a: Jirachi|atk|1
|move|p1a: Jirachi|Wish|p1a: Jirachi
|
|-heal|p1a: Jirachi|278\/404|[from] item: Leftovers
|turn|12
|
|move|p1a: Jirachi|Protect|p1a: Jirachi
|-singleturn|p1a: Jirachi|Protect
|move|p2a: Tiger|Knock Off|p1a: Jirachi
|-activate|p1a: Jirachi|Protect
|
|-heal|p1a: Jirachi|404\/404|[from] move: Wish|[wisher] Jirachi
|turn|13
|
|switch|p1a: Altaria|Altaria, M|291\/291
|-damage|p1a: Altaria|219\/291|[from] Stealth Rock
|move|p2a: Tiger|Earthquake|p1a: Altaria
|-immune|p1a: Altaria|[msg]
|
|turn|14
|
|switch|p2a: Goat|Cobalion|256\/358
|detailschange|p1a: Altaria|Altaria-Mega, M
|-mega|p1a: Altaria|Altaria|Altarianite
|move|p1a: Altaria|Roost|p1a: Altaria
|-heal|p1a: Altaria|291\/291
|
|-heal|p2a: Goat|278\/358|[from] item: Leftovers
|turn|15
|
|switch|p1a: Landorus-Therian|Landorus-Therian, M|365\/365
|-damage|p1a: Landorus-Therian|320\/365|[from] Stealth Rock
|-ability|p1a: Landorus-Therian|Intimidate|[of] p2a: Goat
|-unboost|p2a: Goat|atk|1
|move|p2a: Goat|Iron Head|p1a: Landorus-Therian
|-damage|p1a: Landorus-Therian|271\/365
|
|-heal|p2a: Goat|300\/358|[from] item: Leftovers
|-heal|p1a: Landorus-Therian|293\/365|[from] item: Leftovers
|turn|16
|
|switch|p2a: Jelly|Manaphy|243\/364
|move|p1a: Landorus-Therian|Stealth Rock|p2a: Jelly
|-sidestart|p2: ohgeedubs|move: Stealth Rock
|
|-heal|p2a: Jelly|265\/364|[from] item: Leftovers
|-heal|p1a: Landorus-Therian|315\/365|[from] item: Leftovers
|turn|17
|
|switch|p1a: Keldeo|Keldeo|323\/323
|-damage|p1a: Keldeo|303\/323|[from] Stealth Rock
|move|p2a: Jelly|Scald|p1a: Keldeo
|-resisted|p1a: Keldeo
|-damage|p1a: Keldeo|240\/323
|
|-heal|p1a: Keldeo|260\/323|[from] item: Leftovers
|-heal|p2a: Jelly|287\/364|[from] item: Leftovers
|turn|18
|
|move|p1a: Keldeo|Secret Sword|p2a: Jelly
|-damage|p2a: Jelly|136\/364
|move|p2a: Jelly|Psychic|p1a: Keldeo
|-supereffective|p1a: Keldeo
|-damage|p1a: Keldeo|62\/323
|
|-heal|p1a: Keldeo|82\/323|[from] item: Leftovers
|-heal|p2a: Jelly|158\/364|[from] item: Leftovers
|turn|19
|
|move|p1a: Keldeo|Secret Sword|p2a: Jelly
|-damage|p2a: Jelly|14\/364
|move|p2a: Jelly|Psychic|p1a: Keldeo
|-supereffective|p1a: Keldeo
|-damage|p1a: Keldeo|0 fnt
|faint|p1a: Keldeo
|
|-heal|p2a: Jelly|36\/364|[from] item: Leftovers
|
|switch|p1a: Latios|Latios, M|76\/301 brn
|-damage|p1a: Latios|39\/301 brn|[from] Stealth Rock
|turn|20
|
|move|p1a: Latios|Psyshock|p2a: Jelly
|-damage|p2a: Jelly|0 fnt
|-damage|p1a: Latios|9\/301 brn|[from] item: Life Orb
|faint|p2a: Jelly
|
|-damage|p1a: Latios|0 fnt|[from] brn
|faint|p1a: Latios
|
|switch|p2a: Dog|Manectric-Mega, M|230\/281
|switch|p1a: Altaria|Altaria-Mega, M|291\/291
|-damage|p2a: Dog|195\/281|[from] Stealth Rock
|-ability|p2a: Dog|Intimidate|[of] p1a: Altaria
|-unboost|p1a: Altaria|atk|1
|-damage|p1a: Altaria|255\/291|[from] Stealth Rock
|turn|21
|
|move|p2a: Dog|Volt Switch|p1a: Altaria
|-resisted|p1a: Altaria
|-damage|p1a: Altaria|195\/291
|
|switch|p2a: Goat|Cobalion|300\/358
|-damage|p2a: Goat|289\/358|[from] Stealth Rock
|move|p1a: Altaria|Return|p2a: Goat
|-damage|p2a: Goat|162\/358
|
|-heal|p2a: Goat|184\/358|[from] item: Leftovers
|turn|22
|
|switch|p1a: Landorus-Therian|Landorus-Therian, M|315\/365
|-damage|p1a: Landorus-Therian|270\/365|[from] Stealth Rock
|-ability|p1a: Landorus-Therian|Intimidate|[of] p2a: Goat
|-unboost|p2a: Goat|atk|1
|move|p2a: Goat|Iron Head|p1a: Landorus-Therian
|-damage|p1a: Landorus-Therian|222\/365
|
|-heal|p2a: Goat|206\/358|[from] item: Leftovers
|-heal|p1a: Landorus-Therian|244\/365|[from] item: Leftovers
|turn|23
|
|switch|p2a: Tiger|Landorus-Therian, M|319\/319
|-damage|p2a: Tiger|280\/319|[from] Stealth Rock
|-ability|p2a: Tiger|Intimidate|[of] p1a: Landorus-Therian
|-unboost|p1a: Landorus-Therian|atk|1
|move|p1a: Landorus-Therian|U-turn|p2a: Tiger
|-resisted|p2a: Tiger
|-damage|p2a: Tiger|250\/319
|
|switch|p1a: Altaria|Altaria-Mega, M|195\/291
|-damage|p1a: Altaria|159\/291|[from] Stealth Rock
|
|turn|24
|
|switch|p1a: Landorus-Therian|Landorus-Therian, M|244\/365
|-damage|p1a: Landorus-Therian|199\/365|[from] Stealth Rock
|-ability|p1a: Landorus-Therian|Intimidate|[of] p2a: Tiger
|-unboost|p2a: Tiger|atk|1
|move|p2a: Tiger|Earthquake|p1a: Landorus-Therian
|-immune|p1a: Landorus-Therian|[msg]
|
|-heal|p1a: Landorus-Therian|221\/365|[from] item: Leftovers
|turn|25
|
|move|p2a: Tiger|U-turn|p1a: Landorus-Therian
|-resisted|p1a: Landorus-Therian
|-damage|p1a: Landorus-Therian|194\/365
|
|switch|p2a: Dragon|Hydreigon, M|325\/325
|-damage|p2a: Dragon|285\/325|[from] Stealth Rock
|move|p1a: Landorus-Therian|Stone Edge|p2a: Dragon
|-damage|p2a: Dragon|173\/325
|
|-heal|p1a: Landorus-Therian|216\/365|[from] item: Leftovers
|turn|26
|
|switch|p1a: Talonflame|Talonflame, M|319\/319
|-damage|p1a: Talonflame|160\/319|[from] Stealth Rock
|move|p2a: Dragon|Dark Pulse|p1a: Talonflame
|-damage|p1a: Talonflame|0 fnt
|faint|p1a: Talonflame
|
|
|switch|p1a: Altaria|Altaria-Mega, M|159\/291
|-damage|p1a: Altaria|123\/291|[from] Stealth Rock
|turn|27
|
|move|p2a: Dragon|Dark Pulse|p1a: Altaria
|-resisted|p1a: Altaria
|-damage|p1a: Altaria|51\/291
|move|p1a: Altaria|Dragon Dance|p1a: Altaria
|-boost|p1a: Altaria|atk|1
|-boost|p1a: Altaria|spe|1
|
|turn|28
|
|move|p2a: Dragon|Dark Pulse|p1a: Altaria
|-resisted|p1a: Altaria
|-damage|p1a: Altaria|0 fnt
|faint|p1a: Altaria
|
|c|âFlamingVictini PB|o
|c|âFlamingVictini PB|:[
|c|âFlamingVictini PB|gg
|c|âohgeedubs|phew
|c|âohgeedubs|gg
|-message|FlamingVictini PB forfeited.
|leave|FlamingVictini PB
|
|win|ohgeedubs
|raw|Ladder updating...
|player|p1
|raw|FlamingVictini PB's rating: 1511 &rarr; <strong>1486<\/strong><br \/>(-25 for losing)
|raw|ohgeedubs's rating: 1435 &rarr; <strong>1459<\/strong><br \/>(+24 for winning)