|join|To Save SPL
|join|FlamingVictini PB
|c|âFlamingVictini PB|we have the exact same record lmao
|player|p1|To Save SPL|1
|player|p2|FlamingVictini PB|99
|gametype|singles
|gen|6
|tier|OU (suspect test)
|rated
|clearpoke
|poke|p1|Garchomp, F
|poke|p1|Keldeo
|poke|p1|Scizor, F
|poke|p1|Bisharp, F
|poke|p1|Latios, M
|poke|p1|Landorus-Therian, M
|poke|p2|Azelf
|poke|p2|Gengar, M
|poke|p2|Gyarados, M
|poke|p2|Raikou
|poke|p2|Scizor, F
|poke|p2|Garchomp, M
|rule|Swagger Clause: Swagger is banned
|rule|Baton Pass Clause: Limit one PokÃ©mon knowing Baton Pass
|rule|Sleep Clause Mod: Limit one foe put to sleep
|rule|Species Clause: Limit one of each PokÃ©mon
|rule|OHKO Clause: OHKO moves are banned
|rule|Moody Clause: Moody is banned
|rule|Evasion Moves Clause: Evasion moves are banned
|rule|Endless Battle Clause: Forcing endless battles is banned
|rule|HP Percentage Mod: HP is shown in percentages
|teampreview
|c|âTo Save SPL|crisp
|c|âTo Save SPL|gl
|c|âFlamingVictini PB|is ninja gonna ruin spl in your opinion?
|c|âFlamingVictini PB|u2
|c|âTo Save SPL|ye
|c|âTo Save SPL|vote ban bro
|c|âFlamingVictini PB|what's your main?
|
|start
|switch|p1a: Garchomp|Garchomp, F|357\/357
|switch|p2a: Azelf|Azelf|291\/291
|turn|1
|
|move|p2a: Azelf|Taunt|p1a: Garchomp
|-start|p1a: Garchomp|move: Taunt
|move|p1a: Garchomp|Dragon Claw|p2a: Azelf
|-damage|p2a: Azelf|87\/291
|
|turn|2
|c|âTo Save SPL|kratosmana
|c|âFlamingVictini PB|ahh ic
|
|move|p2a: Azelf|Stealth Rock|p1a: Garchomp
|-sidestart|p1: To Save SPL|move: Stealth Rock
|move|p1a: Garchomp|Dragon Claw|p2a: Azelf
|-damage|p2a: Azelf|0 fnt
|faint|p2a: Azelf
|
|c|âFlamingVictini PB|nice n keld > gren
|c|âTo Save SPL|innovated the cbb offense haha
|
|switch|p2a: Gengar|Gengar, M|261\/261
|turn|3
|c|âFlamingVictini PB|yh
|
|move|p2a: Gengar|Focus Blast|p1a: Garchomp|[miss]
|-miss|p2a: Gengar|p1a: Garchomp
|move|p1a: Garchomp|Dragon Claw|p2a: Gengar
|-damage|p2a: Gengar|45\/261
|
|-end|p1a: Garchomp|move: Taunt
|turn|4
|c|âFlamingVictini PB|smhknew it
|c|âTo Save SPL|sorry bro
|c|âFlamingVictini PB|w\/e
|c|âFlamingVictini PB|should've played safer regardless
|
|move|p2a: Gengar|Shadow Ball|p1a: Garchomp
|-crit|p1a: Garchomp
|-damage|p1a: Garchomp|18\/357
|-damage|p2a: Gengar|19\/261|[from] item: Life Orb
|move|p1a: Garchomp|Stealth Rock|p2a: Gengar
|-sidestart|p2: FlamingVictini PB|move: Stealth Rock
|
|turn|5
|
|move|p2a: Gengar|Shadow Ball|p1a: Garchomp
|-damage|p1a: Garchomp|0 fnt
|-damage|p2a: Gengar|0 fnt|[from] item: Life Orb
|faint|p1a: Garchomp
|faint|p2a: Gengar
|
|
|switch|p2a: Raikou|Raikou|321\/321
|switch|p1a: Scizor|Scizor, F|289\/289
|-damage|p2a: Raikou|281\/321|[from] Stealth Rock
|-ability|p2a: Raikou|Pressure
|-damage|p1a: Scizor|253\/289|[from] Stealth Rock
|turn|6
|join|chimpact
|
|detailschange|p1a: Scizor|Scizor-Mega, F
|-mega|p1a: Scizor|Scizor|Scizorite
|move|p2a: Raikou|Volt Switch|p1a: Scizor
|-damage|p1a: Scizor|67\/289
|
|switch|p2a: Scizor|Scizor, F|287\/287
|-damage|p2a: Scizor|252\/287|[from] Stealth Rock
|move|p1a: Scizor|Bug Bite|p2a: Scizor
|-resisted|p2a: Scizor
|-damage|p2a: Scizor|156\/287
|
|turn|7
|
|switch|p1a: Keldeo|Keldeo|323\/323
|-damage|p1a: Keldeo|303\/323|[from] Stealth Rock
|move|p2a: Scizor|Superpower|p1a: Keldeo
|-damage|p1a: Keldeo|96\/323
|-unboost|p2a: Scizor|atk|1
|-unboost|p2a: Scizor|def|1
|-damage|p2a: Scizor|128\/287|[from] item: Life Orb
|
|turn|8
|join|Key
|
|move|p2a: Scizor|Bullet Punch|p1a: Keldeo
|-resisted|p1a: Keldeo
|-damage|p1a: Keldeo|44\/323
|-damage|p2a: Scizor|100\/287|[from] item: Life Orb
|move|p1a: Keldeo|Secret Sword|p2a: Scizor
|-damage|p2a: Scizor|0 fnt
|-damage|p1a: Keldeo|12\/323|[from] item: Life Orb
|faint|p2a: Scizor
|
|
|switch|p2a: Raikou|Raikou|281\/321
|-damage|p2a: Raikou|241\/321|[from] Stealth Rock
|-ability|p2a: Raikou|Pressure
|turn|9
|
|move|p2a: Raikou|Volt Switch|p1a: Keldeo
|-supereffective|p1a: Keldeo
|-damage|p1a: Keldeo|0 fnt
|faint|p1a: Keldeo
|
|switch|p2a: Garchomp|Garchomp, M|357\/357
|-damage|p2a: Garchomp|335\/357|[from] Stealth Rock
|
|join|free the people
|
|switch|p1a: Latios|Latios, M|302\/302
|-damage|p1a: Latios|265\/302|[from] Stealth Rock
|turn|10
|join|Yuttt.ttttt
|leave|Yuttt.ttttt
|join|Jamminn
|
|switch|p1a: Scizor|Scizor-Mega, F|67\/289
|-damage|p1a: Scizor|31\/289|[from] Stealth Rock
|move|p2a: Garchomp|Fire Blast|p1a: Scizor
|-supereffective|p1a: Scizor
|-damage|p1a: Scizor|0 fnt
|faint|p1a: Scizor
|
|c|âFlamingVictini PB|lag is gr8
|c|âTo Save SPL|feel ya
|
|switch|p1a: Latios|Latios, M|265\/302
|-damage|p1a: Latios|228\/302|[from] Stealth Rock
|turn|11
|
|move|p2a: Garchomp|Fire Blast|p1a: Latios
|-crit|p1a: Latios
|-resisted|p1a: Latios
|-damage|p1a: Latios|179\/302
|-status|p1a: Latios|brn
|move|p1a: Latios|Psyshock|p2a: Garchomp
|-damage|p2a: Garchomp|147\/357
|-damage|p1a: Latios|149\/302 brn|[from] item: Life Orb
|
|-damage|p1a: Latios|112\/302 brn|[from] brn
|turn|12
|
|move|p2a: Garchomp|Fire Blast|p1a: Latios
|-resisted|p1a: Latios
|-damage|p1a: Latios|80\/302 brn
|move|p1a: Latios|Psyshock|p2a: Garchomp
|-damage|p2a: Garchomp|0 fnt
|-damage|p1a: Latios|50\/302 brn|[from] item: Life Orb
|faint|p2a: Garchomp
|
|-damage|p1a: Latios|13\/302 brn|[from] brn
|join|Mark the DAHKNESS
|join|Ailurophilia
|
|switch|p2a: Raikou|Raikou|241\/321
|-damage|p2a: Raikou|201\/321|[from] Stealth Rock
|-ability|p2a: Raikou|Pressure
|turn|13
|
|move|p2a: Raikou|Thunderbolt|p1a: Latios
|-resisted|p1a: Latios
|-damage|p1a: Latios|0 fnt
|faint|p1a: Latios
|
|
|switch|p1a: Landorus-Therian|Landorus-Therian, M|325\/325
|-damage|p1a: Landorus-Therian|285\/325|[from] Stealth Rock
|-ability|p1a: Landorus-Therian|Intimidate|[of] p2a: Raikou
|-unboost|p2a: Raikou|atk|1
|turn|14
|
|move|p1a: Landorus-Therian|Stone Edge|p2a: Raikou
|-damage|p2a: Raikou|49\/321
|move|p2a: Raikou|Thunderbolt|p1a: Landorus-Therian
|-immune|p1a: Landorus-Therian|[msg]
|
|turn|15
|c| Jamminn|*:]*
|
|move|p1a: Landorus-Therian|Stone Edge|p2a: Raikou
|-damage|p2a: Raikou|0 fnt
|faint|p2a: Raikou
|
|
|switch|p2a: Gyarados|Gyarados, M|331\/331
|-damage|p2a: Gyarados|249\/331|[from] Stealth Rock
|-ability|p2a: Gyarados|Intimidate|[of] p1a: Landorus-Therian
|-unboost|p1a: Landorus-Therian|atk|1
|turn|16
|
|switch|p1a: Bisharp|Bisharp, F|271\/271
|-damage|p1a: Bisharp|255\/271|[from] Stealth Rock
|detailschange|p2a: Gyarados|Gyarados-Mega, M
|-mega|p2a: Gyarados|Gyarados|Gyaradosite
|-ability|p2a: Gyarados|Mold Breaker
|move|p2a: Gyarados|Dragon Dance|p2a: Gyarados
|-boost|p2a: Gyarados|atk|1
|-boost|p2a: Gyarados|spe|1
|
|turn|17
|join|LOLG
|c| Jamminn|:[
|c|âTo Save SPL|:[
|
|move|p2a: Gyarados|Dragon Dance|p2a: Gyarados
|-boost|p2a: Gyarados|atk|1
|-boost|p2a: Gyarados|spe|1
|move|p1a: Bisharp|Iron Head|p2a: Gyarados
|-resisted|p2a: Gyarados
|-damage|p2a: Gyarados|162\/331
|-damage|p1a: Bisharp|228\/271|[from] item: Life Orb
|
|turn|18
|c|âTo Save SPL|gg
|leave|Mark the DAHKNESS
|c|âFlamingVictini PB|why didn't u roost
|c|âFlamingVictini PB|with lati
|
|switch|p1a: Landorus-Therian|Landorus-Therian, M|285\/325
|-damage|p1a: Landorus-Therian|245\/325|[from] Stealth Rock
|-ability|p1a: Landorus-Therian|Intimidate|[of] p2a: Gyarados
|-unboost|p2a: Gyarados|atk|1
|move|p2a: Gyarados|Waterfall|p1a: Landorus-Therian
|-supereffective|p1a: Landorus-Therian
|-damage|p1a: Landorus-Therian|0 fnt
|faint|p1a: Landorus-Therian
|
|c|âTo Save SPL|u had no reason not to switch to kou
|c|âTo Save SPL|but i guess u predicted that
|
|switch|p1a: Bisharp|Bisharp, F|228\/271
|-damage|p1a: Bisharp|212\/271|[from] Stealth Rock
|turn|19
|c|âTo Save SPL|cuz u couldnt let me roost
|c|âTo Save SPL|otherwise it would be game
|c|âFlamingVictini PB|yh bisharp so threatening
|
|move|p1a: Bisharp|Sucker Punch|p2a: Gyarados
|-resisted|p2a: Gyarados
|-damage|p2a: Gyarados|87\/331
|-damage|p1a: Bisharp|185\/271|[from] item: Life Orb
|move|p2a: Gyarados|Waterfall|p1a: Bisharp
|-damage|p1a: Bisharp|0 fnt
|faint|p1a: Bisharp
|
|win|FlamingVictini PB
|raw|Ladder updating...
|raw|To Save SPL's rating: 1327 &rarr; <strong>1306<\/strong><br \/>(-21 for losing)
|raw|FlamingVictini PB's rating: 1303 &rarr; <strong>1324<\/strong><br \/>(+21 for winning)
|c|âFlamingVictini PB|although i don' tsee how kou helps
|c|âTo Save SPL|gg
|join|yrs
|c|âFlamingVictini PB|g
|leave|Jamminn
|leave|To Save SPL
|c|âFlamingVictini PB|gg*