|join|WECAMEASROMANS
|join|FlamingVictini PB
|player|p1|WECAMEASROMANS|2
|player|p2|FlamingVictini PB|99
|gametype|singles
|gen|6
|tier|OU
|clearpoke
|poke|p1|Slowbro, F
|poke|p1|Gliscor, F
|poke|p1|Jirachi
|poke|p1|Manectric, M
|poke|p1|Chesnaught, M
|poke|p1|Dragonite, M
|poke|p2|Landorus, M
|poke|p2|Azumarill, F
|poke|p2|Manectric, F
|poke|p2|Bisharp, F
|poke|p2|Breloom, M
|poke|p2|Gengar, F
|rule|Swagger Clause: Swagger is banned
|rule|Baton Pass Clause: Limit one PokÃ©mon knowing Baton Pass
|rule|Sleep Clause Mod: Limit one foe put to sleep
|rule|Species Clause: Limit one of each PokÃ©mon
|rule|OHKO Clause: OHKO moves are banned
|rule|Moody Clause: Moody is banned
|rule|Evasion Moves Clause: Evasion moves are banned
|rule|Endless Battle Clause: Forcing endless battles is banned
|rule|HP Percentage Mod: HP is shown in percentages
|teampreview
|join|iplaytennislol
|join|Tom Bus
|join|mack bus
|join|Squirrelll
|join|lil manaphy
|c|âWECAMEASROMANS|gl
|join|haunter
|join|ox the fox
|join|Henry
|join|Robert Edward Lee
|join|Ninety Nine
|join|Murkrow Jupiter
|c|âFlamingVictini PB|btw forgive me if i dc mid battle
|join|Dolph The Showoff
|join|Mistaken
|c|+Mistaken|is this olt
|c|+mack bus|y
|join|The Goomy
|
|start
|switch|p1a: Manectric|Manectric, M|281\/281
|switch|p2a: Manectric|Manectric, F|281\/281
|turn|1
|join|Swagilyph
|c|âWECAMEASROMANS|pls pls pls
|c|âWECAMEASROMANS|lose the speed tie here
|
|detailschange|p2a: Manectric|Manectric-Mega, F
|message|Manectric has Mega Evolved into Mega Manectric!
|-ability|p2a: Manectric|Intimidate|[of] p1a: Manectric
|-unboost|p1a: Manectric|atk|1
|detailschange|p1a: Manectric|Manectric-Mega, M
|message|Manectric has Mega Evolved into Mega Manectric!
|-ability|p1a: Manectric|Intimidate|[of] p2a: Manectric
|-unboost|p2a: Manectric|atk|1
|move|p2a: Manectric|Flamethrower|p1a: Manectric
|-damage|p1a: Manectric|143\/281
|move|p1a: Manectric|Overheat|p2a: Manectric
|-damage|p2a: Manectric|97\/281
|-unboost|p1a: Manectric|spa|2
|
|turn|2
|join|Hollywood
|
|switch|p1a: Dragonite|Dragonite, M|377\/377
|move|p2a: Manectric|Volt Switch|p1a: Dragonite
|-crit|p1a: Dragonite
|-damage|p1a: Dragonite|303\/377
|
|switch|p2a: Landorus|Landorus, M|319\/319
|
|-heal|p1a: Dragonite|326\/377|[from] item: Leftovers
|turn|3
|
|move|p2a: Landorus|Stealth Rock|p1a: Dragonite
|-sidestart|p1: WECAMEASROMANS|move: Stealth Rock
|move|p1a: Dragonite|Dragon Claw|p2a: Landorus
|-damage|p2a: Landorus|168\/319
|
|-heal|p1a: Dragonite|349\/377|[from] item: Leftovers
|turn|4
|
|move|p2a: Landorus|Earth Power|p1a: Dragonite
|-immune|p1a: Dragonite|[msg]
|move|p1a: Dragonite|Roost|p1a: Dragonite
|-heal|p1a: Dragonite|377\/377
|
|turn|5
|join|g00gle 1t
|leave|g00gle 1t
|
|move|p2a: Landorus|Sludge Wave|p1a: Dragonite
|-damage|p1a: Dragonite|308\/377
|move|p1a: Dragonite|Dragon Claw|p2a: Landorus
|-damage|p2a: Landorus|27\/319
|
|-heal|p1a: Dragonite|331\/377|[from] item: Leftovers
|turn|6
|
|switch|p2a: Azumarill|Azumarill, F|358\/358
|move|p1a: Dragonite|Roost|p1a: Dragonite
|-heal|p1a: Dragonite|377\/377
|
|turn|7
|
|switch|p1a: Slowbro|Slowbro, F|393\/393
|-damage|p1a: Slowbro|344\/393|[from] Stealth Rock
|move|p2a: Azumarill|Play Rough|p1a: Slowbro
|-damage|p1a: Slowbro|211\/393
|
|-heal|p1a: Slowbro|235\/393|[from] item: Leftovers
|turn|8
|join|Louisxd
|
|switch|p2a: Breloom|Breloom, M|261\/261
|move|p1a: Slowbro|Psyshock|p2a: Breloom
|-crit|p2a: Breloom
|-supereffective|p2a: Breloom
|-enditem|p2a: Breloom|Focus Sash
|-damage|p2a: Breloom|1\/261
|
|-heal|p1a: Slowbro|259\/393|[from] item: Leftovers
|turn|9
|
|switch|p1a: Chesnaught|Chesnaught, M|379\/379
|-damage|p1a: Chesnaught|356\/379|[from] Stealth Rock
|move|p2a: Breloom|Force Palm|p1a: Chesnaught
|-damage|p1a: Chesnaught|251\/379
|
|-heal|p1a: Chesnaught|274\/379|[from] item: Leftovers
|turn|10
|
|move|p2a: Breloom|Force Palm|p1a: Chesnaught
|-damage|p1a: Chesnaught|156\/379
|-status|p1a: Chesnaught|par
|move|p1a: Chesnaught|Spikes|p2a: Breloom
|-sidestart|p2: FlamingVictini PB|Spikes
|
|-heal|p1a: Chesnaught|179\/379 par|[from] item: Leftovers
|turn|11
|
|cant|p1a: Chesnaught|par
|move|p2a: Breloom|Force Palm|p1a: Chesnaught
|-damage|p1a: Chesnaught|70\/379 par
|
|-heal|p1a: Chesnaught|93\/379 par|[from] item: Leftovers
|turn|12
|
|move|p1a: Chesnaught|Spiky Shield|p1a: Chesnaught
|-singleturn|p1a: Chesnaught|move: Protect
|move|p2a: Breloom|Spore|p1a: Chesnaught
|-activate|p1a: Chesnaught|move: Protect
|
|-heal|p1a: Chesnaught|116\/379 par|[from] item: Leftovers
|turn|13
|
|move|p2a: Breloom|Force Palm|p1a: Chesnaught
|-damage|p1a: Chesnaught|2\/379 par
|move|p1a: Chesnaught|Hammer Arm|p2a: Breloom
|-damage|p2a: Breloom|0 fnt
|-unboost|p1a: Chesnaught|spe|1
|faint|p2a: Breloom
|
|-heal|p1a: Chesnaught|25\/379 par|[from] item: Leftovers
|c|+Mistaken|nice
|
|switch|p2a: Gengar|Gengar, F|269\/269
|turn|14
|
|move|p2a: Gengar|Substitute|p2a: Gengar
|-start|p2a: Gengar|Substitute
|-damage|p2a: Gengar|202\/269
|move|p1a: Chesnaught|Spikes|p2a: Gengar
|-sidestart|p2: FlamingVictini PB|Spikes
|
|-heal|p2a: Gengar|218\/269|[from] item: Black Sludge
|-heal|p1a: Chesnaught|48\/379 par|[from] item: Leftovers
|turn|15
|
|move|p2a: Gengar|Hex|p1a: Chesnaught
|-damage|p1a: Chesnaught|0 fnt
|faint|p1a: Chesnaught
|
|-heal|p2a: Gengar|234\/269|[from] item: Black Sludge
|
|switch|p1a: Dragonite|Dragonite, M|377\/377
|-damage|p1a: Dragonite|283\/377|[from] Stealth Rock
|turn|16
|
|move|p2a: Gengar|Will-O-Wisp|p1a: Dragonite
|-status|p1a: Dragonite|brn
|move|p1a: Dragonite|Dragon Claw|p2a: Gengar
|-end|p2a: Gengar|Substitute
|
|-heal|p2a: Gengar|250\/269|[from] item: Black Sludge
|-heal|p1a: Dragonite|306\/377 brn|[from] item: Leftovers
|-damage|p1a: Dragonite|259\/377 brn|[from] brn
|turn|17
|join|jacob
|
|move|p2a: Gengar|Hex|p1a: Dragonite
|-damage|p1a: Dragonite|69\/377 brn
|move|p1a: Dragonite|Roost|p1a: Dragonite
|-heal|p1a: Dragonite|258\/377 brn
|
|-heal|p2a: Gengar|266\/269|[from] item: Black Sludge
|-heal|p1a: Dragonite|281\/377 brn|[from] item: Leftovers
|-damage|p1a: Dragonite|234\/377 brn|[from] brn
|turn|18
|
|move|p2a: Gengar|Substitute|p2a: Gengar
|-start|p2a: Gengar|Substitute
|-damage|p2a: Gengar|199\/269
|move|p1a: Dragonite|Dragon Claw|p2a: Gengar
|-end|p2a: Gengar|Substitute
|
|-heal|p2a: Gengar|215\/269|[from] item: Black Sludge
|-heal|p1a: Dragonite|257\/377 brn|[from] item: Leftovers
|-damage|p1a: Dragonite|210\/377 brn|[from] brn
|turn|19
|
|move|p2a: Gengar|Hex|p1a: Dragonite
|-damage|p1a: Dragonite|11\/377 brn
|move|p1a: Dragonite|Dragon Claw|p2a: Gengar
|-damage|p2a: Gengar|110\/269
|
|-heal|p2a: Gengar|126\/269|[from] item: Black Sludge
|-heal|p1a: Dragonite|34\/377 brn|[from] item: Leftovers
|-damage|p1a: Dragonite|0 fnt|[from] brn
|faint|p1a: Dragonite
|
|switch|p1a: Slowbro|Slowbro, F|390\/393
|-damage|p1a: Slowbro|341\/393|[from] Stealth Rock
|turn|20
|join|Based Godfish
|leave|jacob
|join|jacob
|
|switch|p2a: Landorus|Landorus, M|27\/319
|move|p1a: Slowbro|Psyshock|p2a: Landorus
|-damage|p2a: Landorus|0 fnt
|faint|p2a: Landorus
|
|-heal|p1a: Slowbro|365\/393|[from] item: Leftovers
|leave|jacob
|
|switch|p2a: Bisharp|Bisharp, F|269\/269
|-damage|p2a: Bisharp|225\/269|[from] Spikes
|turn|21
|
|switch|p1a: Gliscor|Gliscor, F|352\/352
|-damage|p1a: Gliscor|308\/352|[from] Stealth Rock
|move|p2a: Bisharp|Knock Off|p1a: Gliscor
|-damage|p1a: Gliscor|172\/352
|-enditem|p1a: Gliscor|Toxic Orb|[from] move: Knock Off|[of] p2a: Bisharp
|-damage|p2a: Bisharp|199\/269|[from] item: Life Orb
|
|turn|22
|
|switch|p2a: Gengar|Gengar, F|126\/269
|move|p1a: Gliscor|Roost|p1a: Gliscor
|-heal|p1a: Gliscor|348\/352
|
|-heal|p2a: Gengar|142\/269|[from] item: Black Sludge
|turn|23
|
|move|p2a: Gengar|Will-O-Wisp|p1a: Gliscor
|-status|p1a: Gliscor|brn
|move|p1a: Gliscor|Knock Off|p2a: Gengar
|-crit|p2a: Gengar
|-supereffective|p2a: Gengar
|-damage|p2a: Gengar|0 fnt
|-enditem|p2a: Gengar|Black Sludge|[from] move: Knock Off|[of] p1a: Gliscor
|faint|p2a: Gengar
|
|-damage|p1a: Gliscor|304\/352 brn|[from] brn
|join|Oglemi
|join|dedic
|join|innovamania
|
|switch|p2a: Azumarill|Azumarill, F|358\/358
|-damage|p2a: Azumarill|299\/358|[from] Spikes
|turn|24
|
|move|p1a: Gliscor|Knock Off|p2a: Azumarill
|-resisted|p2a: Azumarill
|-damage|p2a: Azumarill|277\/358
|-enditem|p2a: Azumarill|Sitrus Berry|[from] move: Knock Off|[of] p1a: Gliscor
|move|p2a: Azumarill|Belly Drum|p2a: Azumarill
|-damage|p2a: Azumarill|98\/358
|-setboost|p2a: Azumarill|atk|6|[from] move: Belly Drum
|
|-damage|p1a: Gliscor|260\/352 brn|[from] brn
|turn|25
|
|switch|p1a: Slowbro|Slowbro, F|393\/393
|-damage|p1a: Slowbro|344\/393|[from] Stealth Rock
|move|p2a: Azumarill|Aqua Jet|p1a: Slowbro
|-resisted|p1a: Slowbro
|-damage|p1a: Slowbro|224\/393
|
|-heal|p1a: Slowbro|248\/393|[from] item: Leftovers
|turn|26
|
|move|p2a: Azumarill|Play Rough|p1a: Slowbro|[miss]
|-miss|p2a: Azumarill|p1a: Slowbro
|move|p1a: Slowbro|Psyshock|p2a: Azumarill
|-damage|p2a: Azumarill|0 fnt
|faint|p2a: Azumarill
|
|-heal|p1a: Slowbro|272\/393|[from] item: Leftovers
|c|âWECAMEASROMANS|sry
|join|Magnemite
|c|âFlamingVictini PB|how did i know ;_;
|join|Christo 666
|leave|WECAMEASROMANS
|player|p1
|c|&Oglemi|no one join
|join|WECAMEASROMANS
|player|p1|WECAMEASROMANS|2
|leave|Murkrow Jupiter
|
|switch|p2a: Bisharp|Bisharp, F|199\/269
|-damage|p2a: Bisharp|155\/269|[from] Spikes
|turn|27
|
|move|p2a: Bisharp|Knock Off|p1a: Slowbro
|-crit|p1a: Slowbro
|-supereffective|p1a: Slowbro
|-damage|p1a: Slowbro|0 fnt
|-enditem|p1a: Slowbro|Leftovers|[from] move: Knock Off|[of] p2a: Bisharp
|-damage|p2a: Bisharp|129\/269|[from] item: Life Orb
|faint|p1a: Slowbro
|
|
|switch|p1a: Gliscor|Gliscor, F|260\/352 brn
|-damage|p1a: Gliscor|216\/352 brn|[from] Stealth Rock
|turn|28
|
|switch|p2a: Manectric|Manectric-Mega, F|97\/281
|-damage|p2a: Manectric|51\/281|[from] Spikes
|-ability|p2a: Manectric|Intimidate|[of] p1a: Gliscor
|-unboost|p1a: Gliscor|atk|1
|move|p1a: Gliscor|Earthquake|p2a: Manectric
|-supereffective|p2a: Manectric
|-damage|p2a: Manectric|0 fnt
|faint|p2a: Manectric
|
|-damage|p1a: Gliscor|172\/352 brn|[from] brn
|
|switch|p2a: Bisharp|Bisharp, F|129\/269
|-damage|p2a: Bisharp|85\/269|[from] Spikes
|turn|29
|
|move|p2a: Bisharp|Iron Head|p1a: Gliscor
|-damage|p1a: Gliscor|42\/352 brn
|-damage|p2a: Bisharp|59\/269|[from] item: Life Orb
|cant|p1a: Gliscor|flinch
|
|-damage|p1a: Gliscor|0 fnt|[from] brn
|faint|p1a: Gliscor
|
|switch|p1a: Jirachi|Jirachi|404\/404
|-damage|p1a: Jirachi|379\/404|[from] Stealth Rock
|turn|30
|
|move|p1a: Jirachi|Protect|p1a: Jirachi
|-singleturn|p1a: Jirachi|Protect
|move|p2a: Bisharp|Knock Off|p1a: Jirachi
|-activate|p1a: Jirachi|Protect
|
|-heal|p1a: Jirachi|404\/404|[from] item: Leftovers
|turn|31
|
|move|p1a: Jirachi|Iron Head|p2a: Bisharp
|-crit|p2a: Bisharp
|-resisted|p2a: Bisharp
|-damage|p2a: Bisharp|0 fnt
|faint|p2a: Bisharp
|
|win|WECAMEASROMANS
|c|âWECAMEASROMANS|gg
|c|âFlamingVictini PB|gg
|leave|iplaytennislol
|leave|WECAMEASROMANS
|player|p1
|leave|mack bus
|leave|haunter
|leave|Oglemi
|leave|Tom Bus
|leave|Louisxd