|inactive|Battle timer is ON: inactive players will automatically lose when time's up.
|J|sugarhigh
|J|FlamingVictini PB
|player|p1|sugarhigh|290
|player|p2|FlamingVictini PB|101
|gametype|singles
|gen|1
|tier|[Gen 1] Random Battle
|rule|Sleep Clause Mod: Limit one foe put to sleep
|rule|Freeze Clause Mod: Limit one foe frozen
|rule|HP Percentage Mod: HP is shown in percentages
|
|start
|switch|p1a: Electabuzz|Electabuzz, L86|287\/287
|switch|p2a: Clefable|Clefable, L86|339\/339
|turn|1
|
|switch|p2a: Dugtrio|Dugtrio, L86|236\/236
|move|p1a: Electabuzz|Thunder Wave|p2a: Dugtrio
|-immune|p2a: Dugtrio|[msg]
|
|turn|2
|c|âFlamingVictini PB|wish we had arena trap
|c|âsugarhigh|y
|
|switch|p1a: Ivysaur|Ivysaur, L86|279\/279
|move|p2a: Dugtrio|Substitute|p2a: Dugtrio
|-start|p2a: Dugtrio|Substitute
|-damage|p2a: Dugtrio|177\/236
|
|turn|3
|
|move|p2a: Dugtrio|Sand Attack|p1a: Ivysaur
|-unboost|p1a: Ivysaur|accuracy|1
|move|p1a: Ivysaur|Razor Leaf|p2a: Dugtrio|[miss]
|-miss|p1a: Ivysaur
|
|turn|4
|c|âFlamingVictini PB|yum
|J|RedKingAlmighty
|
|move|p2a: Dugtrio|Slash|p1a: Ivysaur
|-crit|p1a: Ivysaur
|-damage|p1a: Ivysaur|180\/279
|move|p1a: Ivysaur|Razor Leaf|p2a: Dugtrio
|-crit|p2a: Dugtrio
|-supereffective|p2a: Dugtrio
|-end|p2a: Dugtrio|Substitute
|
|turn|5
|
|switch|p2a: Jynx|Jynx, L82|274\/274
|move|p1a: Ivysaur|Sleep Powder|p2a: Jynx
|-status|p2a: Jynx|slp
|
|turn|6
|c|âFlamingVictini PB|wanted to sub again
|c|âFlamingVictini PB|rip
|
|cant|p2a: Jynx|slp
|move|p1a: Ivysaur|Swords Dance|p1a: Ivysaur
|-boost|p1a: Ivysaur|atk|2
|
|turn|7
|c|âFlamingVictini PB|nice accurate sleep powder tho
|
|cant|p2a: Jynx|slp
|-curestatus|p2a: Jynx|slp
|move|p1a: Ivysaur|Razor Leaf|p2a: Jynx|[miss]
|-miss|p1a: Ivysaur
|
|turn|8
|
|move|p2a: Jynx|Psychic|p1a: Ivysaur
|-supereffective|p1a: Ivysaur
|-damage|p1a: Ivysaur|2\/279
|move|p1a: Ivysaur|Body Slam|p2a: Jynx
|-damage|p2a: Jynx|106\/274
|
|turn|9
|
|switch|p1a: Electabuzz|Electabuzz, L86|287\/287
|move|p2a: Jynx|Psychic|p1a: Electabuzz
|-crit|p1a: Electabuzz
|-damage|p1a: Electabuzz|117\/287
|
|turn|10
|
|move|p1a: Electabuzz|Thunderbolt|p2a: Jynx
|-damage|p2a: Jynx|12\/274
|move|p2a: Jynx|Blizzard|p1a: Electabuzz
|-damage|p1a: Electabuzz|5\/287
|
|turn|11
|
|switch|p2a: Dugtrio|Dugtrio, L86|177\/236
|move|p1a: Electabuzz|Seismic Toss|p2a: Dugtrio
|-damage|p2a: Dugtrio|91\/236
|
|turn|12
|
|move|p2a: Dugtrio|Slash|p1a: Electabuzz
|-crit|p1a: Electabuzz
|-damage|p1a: Electabuzz|0 fnt
|faint|p1a: Electabuzz
|
|switch|p1a: Jynx|Jynx, L82|274\/274
|turn|13
|
|move|p2a: Dugtrio|Sand Attack|p1a: Jynx
|-unboost|p1a: Jynx|accuracy|1
|move|p1a: Jynx|Blizzard|p2a: Dugtrio
|-supereffective|p2a: Dugtrio
|-damage|p2a: Dugtrio|0 fnt
|faint|p2a: Dugtrio
|c|âFlamingVictini PB|how do u hit that
|
|switch|p2a: Clefable|Clefable, L86|339\/339
|turn|14
|c|âsugarhigh|its 90% this gen
|
|switch|p1a: Snorlax|Snorlax, L82|430\/430
|move|p2a: Clefable|Thunderbolt|p1a: Snorlax
|-damage|p1a: Snorlax|352\/430
|
|turn|15
|
|move|p2a: Clefable|Sing|p1a: Snorlax
|-status|p1a: Snorlax|slp
|cant|p1a: Snorlax|slp
|
|turn|16
|c|âFlamingVictini PB|ah
|
|switch|p2a: Golem|Golem, L82|299\/299
|switch|p1a: Kadabra|Kadabra, L86|244\/244
|
|turn|17
|
|move|p1a: Kadabra|Psychic|p2a: Golem
|-damage|p2a: Golem|148\/299
|move|p2a: Golem|Earthquake|p1a: Kadabra
|-damage|p1a: Kadabra|46\/244
|
|turn|18
|
|switch|p2a: Clefable|Clefable, L86|339\/339
|move|p1a: Kadabra|Psychic|p2a: Clefable
|-damage|p2a: Clefable|228\/339
|
|turn|19
|
|switch|p1a: Nidorina|Nidorina, L88|303\/303
|move|p2a: Clefable|Thunderbolt|p1a: Nidorina
|-damage|p1a: Nidorina|224\/303
|
|turn|20
|
|move|p1a: Nidorina|Double-Edge|p2a: Clefable
|-damage|p2a: Clefable|168\/339
|-damage|p1a: Nidorina|209\/303|[from] recoil|[of] p2a: Clefable
|move|p2a: Clefable|Counter|p1a: Nidorina
|-damage|p1a: Nidorina|89\/303
|
|turn|21
|
|move|p2a: Clefable|Thunder|p1a: Nidorina
|-crit|p1a: Nidorina
|-damage|p1a: Nidorina|0 fnt
|faint|p1a: Nidorina
|
|switch|p1a: Jynx|Jynx, L82|274\/274
|turn|22
|
|move|p1a: Jynx|Lovely Kiss|p2a: Clefable
|-status|p2a: Clefable|slp
|cant|p2a: Clefable|slp
|-curestatus|p2a: Clefable|slp
|
|turn|23
|
|move|p1a: Jynx|Lovely Kiss|p2a: Clefable
|-status|p2a: Clefable|slp
|cant|p2a: Clefable|slp
|
|turn|24
|
|move|p1a: Jynx|Blizzard|p2a: Clefable
|-damage|p2a: Clefable|57\/339 slp
|cant|p2a: Clefable|slp
|
|turn|25
|c|âFlamingVictini PB|so lukE
|
|move|p1a: Jynx|Blizzard|p2a: Clefable|[miss]
|-miss|p1a: Jynx
|cant|p2a: Clefable|slp
|
|turn|26
|
|move|p1a: Jynx|Blizzard|p2a: Clefable|[miss]
|-miss|p1a: Jynx
|cant|p2a: Clefable|slp
|
|turn|27
|
|move|p1a: Jynx|Psychic|p2a: Clefable
|-damage|p2a: Clefable|0 fnt
|faint|p2a: Clefable
|
|switch|p2a: Jynx|Jynx, L82|12\/274
|turn|28
|
|move|p2a: Jynx|Blizzard|p1a: Jynx
|-resisted|p1a: Jynx
|-damage|p1a: Jynx|213\/274
|move|p1a: Jynx|Psychic|p2a: Jynx
|-resisted|p2a: Jynx
|-damage|p2a: Jynx|0 fnt
|faint|p2a: Jynx
|
|switch|p2a: Golem|Golem, L82|148\/299
|turn|29
|
|move|p1a: Jynx|Blizzard|p2a: Golem
|-supereffective|p2a: Golem
|-damage|p2a: Golem|0 fnt
|faint|p2a: Golem
|c|âFlamingVictini PB|sighh
|c|âFlamingVictini PB|gg
|
|switch|p2a: Exeggutor|Exeggutor, L82|324\/324
|turn|30
|
|move|p1a: Jynx|Lovely Kiss|p2a: Exeggutor|[miss]
|-miss|p1a: Jynx
|move|p2a: Exeggutor|Stun Spore|p1a: Jynx
|-status|p1a: Jynx|par
|
|turn|31
|
|move|p2a: Exeggutor|Egg Bomb|p1a: Jynx
|-damage|p1a: Jynx|107\/274 par
|move|p1a: Jynx|Lovely Kiss|p2a: Exeggutor|[miss]
|-miss|p1a: Jynx
|
|turn|32
|
|move|p2a: Exeggutor|Hyper Beam|p1a: Jynx
|-damage|p1a: Jynx|0 fnt
|faint|p1a: Jynx
|c|âFlamingVictini PB|yessss
|
|switch|p1a: Snorlax|Snorlax, L82|352\/430 slp
|turn|33
|
|move|p2a: Exeggutor|Egg Bomb|p1a: Snorlax
|-damage|p1a: Snorlax|276\/430 slp
|cant|p1a: Snorlax|slp
|
|turn|34
|
|move|p2a: Exeggutor|Egg Bomb|p1a: Snorlax
|-damage|p1a: Snorlax|188\/430 slp
|cant|p1a: Snorlax|slp
|
|turn|35
|
|move|p2a: Exeggutor|Egg Bomb|p1a: Snorlax|[miss]
|-miss|p2a: Exeggutor
|cant|p1a: Snorlax|slp
|
|turn|36
|
|move|p2a: Exeggutor|Egg Bomb|p1a: Snorlax|[miss]
|-miss|p2a: Exeggutor
|cant|p1a: Snorlax|slp
|
|turn|37
|c|âsugarhigh|how
|c|âFlamingVictini PB|fkkkk
|c|âsugarhigh|can u be asleep
|c|âsugarhigh|for SO FUCKING LONG
|
|move|p2a: Exeggutor|Egg Bomb|p1a: Snorlax
|-damage|p1a: Snorlax|113\/430 slp
|cant|p1a: Snorlax|slp
|-curestatus|p1a: Snorlax|slp
|
|turn|38
|
|move|p2a: Exeggutor|Hyper Beam|p1a: Snorlax
|-damage|p1a: Snorlax|0 fnt
|faint|p1a: Snorlax
|c|âFlamingVictini PB|ahhhh
|-message|sugarhigh forfeited.
|
|win|FlamingVictini PB
|c|âsugarhigh|so dum
|c|âsugarhigh|lol
|c|âFlamingVictini PB|rofl