|join|QuiteWheen
|join|deluks917
|player|p1|QuiteWheen|8
|player|p2|deluks917|23
|gametype|singles
|gen|6
|tier|UU
|rated
|rule|Sleep Clause Mod: Limit one foe put to sleep
|rule|Species Clause: Limit one of each PokÃ©mon
|rule|OHKO Clause: OHKO moves are banned
|rule|Moody Clause: Moody is banned
|rule|Evasion Moves Clause: Evasion moves are banned
|rule|Endless Battle Clause: Forcing endless battles is banned
|rule|HP Percentage Mod: HP is shown in percentages
|clearpoke
|poke|p1|Pidgeot, M
|poke|p1|Tentacruel, F
|poke|p1|Krookodile, M
|poke|p1|Jirachi
|poke|p1|Kyurem, shiny
|poke|p1|Mienshao, F, shiny
|poke|p2|Blissey, F
|poke|p2|Spiritomb, M
|poke|p2|Tentacruel, M
|poke|p2|Gligar, M
|poke|p2|Quagsire, M
|poke|p2|Aromatisse, F
|rule|Swagger Clause: Swagger is banned
|rule|Baton Pass Clause: Limit one PokÃ©mon knowing Baton Pass
|teampreview
|
|start
|switch|p1a: Krookodile|Krookodile, M|331\/331
|switch|p2a: Gligar|Gligar, M|324\/324
|-ability|p1a: Krookodile|Intimidate|[of] p2a: Gligar
|-unboost|p2a: Gligar|atk|1
|turn|1
|join|i wuv gen5
|
|move|p1a: Krookodile|Taunt|p2a: Gligar
|-start|p2a: Gligar|move: Taunt
|cant|p2a: Gligar|move: Taunt|Stealth Rock
|
|turn|2
|
|switch|p2a: Aromatisse|Aromatisse, F|400\/400
|move|p1a: Krookodile|Knock Off|p2a: Aromatisse
|-resisted|p2a: Aromatisse
|-damage|p2a: Aromatisse|311\/400
|-enditem|p2a: Aromatisse|Leftovers|[from] move: Knock Off|[of] p1a: Krookodile
|
|turn|3
|
|move|p1a: Krookodile|Earthquake|p2a: Aromatisse
|-damage|p2a: Aromatisse|164\/400
|move|p2a: Aromatisse|Moonblast|p1a: Krookodile
|-supereffective|p1a: Krookodile
|-damage|p1a: Krookodile|37\/331
|-unboost|p1a: Krookodile|spa|1
|
|turn|4
|
|switch|p1a: Jirachi|Jirachi|404\/404
|move|p2a: Aromatisse|Wish|p2a: Aromatisse
|
|turn|5
|
|move|p2a: Aromatisse|Protect|p2a: Aromatisse
|-singleturn|p2a: Aromatisse|Protect
|move|p1a: Jirachi|Stealth Rock|p2a: Aromatisse
|-sidestart|p2: deluks917|move: Stealth Rock
|
|-heal|p2a: Aromatisse|364\/400|[from] move: Wish|[wisher] Aromatisse
|turn|6
|
|switch|p2a: Gligar|Gligar, M|324\/324
|-damage|p2a: Gligar|284\/324|[from] Stealth Rock
|move|p1a: Jirachi|U-turn|p2a: Gligar
|-resisted|p2a: Gligar
|-damage|p2a: Gligar|271\/324
|
|switch|p1a: Pidgeot|Pidgeot, M|319\/319
|
|turn|7
|
|switch|p2a: Blissey|Blissey, F|656\/656
|-damage|p2a: Blissey|574\/656|[from] Stealth Rock
|detailschange|p1a: Pidgeot|Pidgeot-Mega, M
|message|Pidgeot has Mega Evolved into Mega Pidgeot!
|move|p1a: Pidgeot|Work Up|p1a: Pidgeot
|-boost|p1a: Pidgeot|atk|1
|-boost|p1a: Pidgeot|spa|1
|
|-heal|p2a: Blissey|615\/656|[from] item: Leftovers
|turn|8
|
|move|p1a: Pidgeot|Hurricane|p2a: Blissey
|-damage|p2a: Blissey|422\/656
|move|p2a: Blissey|Toxic|p1a: Pidgeot
|-status|p1a: Pidgeot|tox
|
|-heal|p2a: Blissey|463\/656|[from] item: Leftovers
|-damage|p1a: Pidgeot|300\/319 tox|[from] psn
|turn|9
|
|move|p1a: Pidgeot|Work Up|p1a: Pidgeot
|-boost|p1a: Pidgeot|atk|1
|-boost|p1a: Pidgeot|spa|1
|move|p2a: Blissey|Soft-Boiled|p2a: Blissey
|-heal|p2a: Blissey|656\/656
|
|-damage|p1a: Pidgeot|262\/319 tox|[from] psn
|turn|10
|
|move|p1a: Pidgeot|Hurricane|p2a: Blissey
|-damage|p2a: Blissey|415\/656
|move|p2a: Blissey|Seismic Toss|p1a: Pidgeot
|-damage|p1a: Pidgeot|162\/319 tox
|
|-heal|p2a: Blissey|456\/656|[from] item: Leftovers
|-damage|p1a: Pidgeot|105\/319 tox|[from] psn
|turn|11
|
|move|p1a: Pidgeot|Hurricane|p2a: Blissey
|-damage|p2a: Blissey|203\/656
|move|p2a: Blissey|Soft-Boiled|p2a: Blissey
|-heal|p2a: Blissey|531\/656
|
|-heal|p2a: Blissey|572\/656|[from] item: Leftovers
|-damage|p1a: Pidgeot|29\/319 tox|[from] psn
|turn|12
|
|move|p1a: Pidgeot|Roost|p1a: Pidgeot
|-heal|p1a: Pidgeot|189\/319 tox
|move|p2a: Blissey|Soft-Boiled|p2a: Blissey
|-heal|p2a: Blissey|656\/656
|
|-damage|p1a: Pidgeot|94\/319 tox|[from] psn
|turn|13
|
|switch|p1a: Tentacruel|Tentacruel, F|361\/361
|move|p2a: Blissey|Soft-Boiled|p2a: Blissey
|-fail|p2a: Blissey
|
|turn|14
|
|switch|p2a: Tentacruel|Tentacruel, M|352\/352
|-damage|p2a: Tentacruel|308\/352|[from] Stealth Rock
|move|p1a: Tentacruel|Knock Off|p2a: Tentacruel
|-damage|p2a: Tentacruel|251\/352
|-enditem|p2a: Tentacruel|Leftovers|[from] move: Knock Off|[of] p1a: Tentacruel
|
|turn|15
|
|move|p1a: Tentacruel|Scald|p2a: Tentacruel
|-resisted|p2a: Tentacruel
|-damage|p2a: Tentacruel|222\/352
|-status|p2a: Tentacruel|brn
|move|p2a: Tentacruel|Rapid Spin|p1a: Tentacruel
|-crit|p1a: Tentacruel
|-damage|p1a: Tentacruel|352\/361
|-sideend|p2: deluks917|Stealth Rock|[from] move: Rapid Spin|[of] p2a: Tentacruel
|
|-heal|p1a: Tentacruel|361\/361|[from] item: Black Sludge
|-damage|p2a: Tentacruel|178\/352 brn|[from] brn
|turn|16
|
|switch|p2a: Blissey|Blissey, F|656\/656
|move|p1a: Tentacruel|Toxic Spikes|p2a: Blissey
|-sidestart|p2: deluks917|move: Toxic Spikes
|
|turn|17
|
|switch|p1a: Jirachi|Jirachi|404\/404
|move|p2a: Blissey|Aromatherapy|p2a: Blissey
|-cureteam|p2a: Blissey|[from] move: Aromatherapy
|
|turn|18
|
|switch|p2a: Gligar|Gligar, M|271\/324
|move|p1a: Jirachi|U-turn|p2a: Gligar
|-resisted|p2a: Gligar
|-damage|p2a: Gligar|258\/324
|
|switch|p1a: Pidgeot|Pidgeot-Mega, M|94\/319 tox
|
|-damage|p1a: Pidgeot|75\/319 tox|[from] psn
|turn|19
|
|switch|p2a: Blissey|Blissey, F|656\/656
|-status|p2a: Blissey|psn
|move|p1a: Pidgeot|Roost|p1a: Pidgeot
|-heal|p1a: Pidgeot|235\/319 tox
|
|-damage|p1a: Pidgeot|197\/319 tox|[from] psn
|-damage|p2a: Blissey|574\/656 psn|[from] psn
|turn|20
|
|switch|p1a: Jirachi|Jirachi|404\/404
|move|p2a: Blissey|Seismic Toss|p1a: Jirachi
|-damage|p1a: Jirachi|304\/404
|
|-heal|p1a: Jirachi|329\/404|[from] item: Leftovers
|-heal|p2a: Blissey|615\/656 psn|[from] item: Leftovers
|-damage|p2a: Blissey|533\/656 psn|[from] psn
|turn|21
|
|switch|p2a: Tentacruel|Tentacruel, M|178\/352
|-sideend|p2: deluks917|move: Toxic Spikes|[of] p2a: Tentacruel
|move|p1a: Jirachi|Stealth Rock|p2a: Tentacruel
|-sidestart|p2: deluks917|move: Stealth Rock
|
|-heal|p1a: Jirachi|354\/404|[from] item: Leftovers
|turn|22
|
|switch|p2a: Gligar|Gligar, M|258\/324
|-damage|p2a: Gligar|218\/324|[from] Stealth Rock
|move|p1a: Jirachi|Iron Head|p2a: Gligar
|-damage|p2a: Gligar|176\/324
|
|-heal|p1a: Jirachi|379\/404|[from] item: Leftovers
|turn|23
|
|move|p1a: Jirachi|Iron Head|p2a: Gligar
|-crit|p2a: Gligar
|-damage|p2a: Gligar|107\/324
|cant|p2a: Gligar|flinch
|
|-heal|p1a: Jirachi|404\/404|[from] item: Leftovers
|turn|24
|
|move|p1a: Jirachi|Iron Head|p2a: Gligar
|-damage|p2a: Gligar|64\/324
|cant|p2a: Gligar|flinch
|
|turn|25
|
|move|p1a: Jirachi|Iron Head|p2a: Gligar
|-damage|p2a: Gligar|16\/324
|cant|p2a: Gligar|flinch
|
|turn|26
|
|move|p1a: Jirachi|Iron Head|p2a: Gligar
|-damage|p2a: Gligar|0 fnt
|faint|p2a: Gligar
|
|
|switch|p2a: Tentacruel|Tentacruel, M|178\/352
|-damage|p2a: Tentacruel|134\/352|[from] Stealth Rock
|turn|27
|
|move|p1a: Jirachi|Iron Head|p2a: Tentacruel
|-resisted|p2a: Tentacruel
|-damage|p2a: Tentacruel|85\/352
|cant|p2a: Tentacruel|flinch
|
|turn|28
|
|move|p1a: Jirachi|Iron Head|p2a: Tentacruel
|-resisted|p2a: Tentacruel
|-damage|p2a: Tentacruel|40\/352
|cant|p2a: Tentacruel|flinch
|
|turn|29
|
|move|p1a: Jirachi|Iron Head|p2a: Tentacruel
|-resisted|p2a: Tentacruel
|-damage|p2a: Tentacruel|0 fnt
|faint|p2a: Tentacruel
|
|
|switch|p2a: Quagsire|Quagsire, M|384\/384
|-damage|p2a: Quagsire|360\/384|[from] Stealth Rock
|turn|30
|
|move|p1a: Jirachi|U-turn|p2a: Quagsire
|-damage|p2a: Quagsire|314\/384
|
|switch|p1a: omfuga fetish|Kyurem, shiny|391\/391
|-ability|p1a: omfuga fetish|Pressure
|move|p2a: Quagsire|Scald|p1a: omfuga fetish
|-resisted|p1a: omfuga fetish
|-damage|p1a: omfuga fetish|353\/391
|-status|p1a: omfuga fetish|brn
|
|-heal|p2a: Quagsire|338\/384|[from] item: Leftovers
|-damage|p1a: omfuga fetish|305\/391 brn|[from] brn
|turn|31
|
|switch|p1a: Tentacruel|Tentacruel, F|361\/361
|switch|p2a: Blissey|Blissey, F|533\/656
|-damage|p2a: Blissey|451\/656|[from] Stealth Rock
|
|-heal|p2a: Blissey|492\/656|[from] item: Leftovers
|turn|32
|
|move|p1a: Tentacruel|Toxic Spikes|p2a: Blissey
|-sidestart|p2: deluks917|move: Toxic Spikes
|move|p2a: Blissey|Seismic Toss|p1a: Tentacruel
|-damage|p1a: Tentacruel|261\/361
|
|-heal|p1a: Tentacruel|283\/361|[from] item: Black Sludge
|-heal|p2a: Blissey|533\/656|[from] item: Leftovers
|turn|33
|
|move|p1a: Tentacruel|Knock Off|p2a: Blissey
|-damage|p2a: Blissey|438\/656
|-enditem|p2a: Blissey|Leftovers|[from] move: Knock Off|[of] p1a: Tentacruel
|move|p2a: Blissey|Seismic Toss|p1a: Tentacruel
|-damage|p1a: Tentacruel|183\/361
|
|-heal|p1a: Tentacruel|205\/361|[from] item: Black Sludge
|turn|34
|
|switch|p1a: Jirachi|Jirachi|404\/404
|move|p2a: Blissey|Soft-Boiled|p2a: Blissey
|-heal|p2a: Blissey|656\/656
|
|turn|35
|
|switch|p2a: Quagsire|Quagsire, M|338\/384
|-damage|p2a: Quagsire|314\/384|[from] Stealth Rock
|-status|p2a: Quagsire|psn
|move|p1a: Jirachi|U-turn|p2a: Quagsire
|-damage|p2a: Quagsire|269\/384 psn
|
|switch|p1a: Pidgeot|Pidgeot-Mega, M|197\/319 tox
|
|-heal|p2a: Quagsire|293\/384 psn|[from] item: Leftovers
|-damage|p1a: Pidgeot|178\/319 tox|[from] psn
|-damage|p2a: Quagsire|245\/384 psn|[from] psn
|turn|36
|
|switch|p2a: Blissey|Blissey, F|656\/656
|-status|p2a: Blissey|psn
|-damage|p2a: Blissey|574\/656 psn|[from] Stealth Rock
|move|p1a: Pidgeot|Hurricane|p2a: Blissey
|-damage|p2a: Blissey|445\/656 psn
|
|-damage|p1a: Pidgeot|140\/319 tox|[from] psn
|-damage|p2a: Blissey|363\/656 psn|[from] psn
|turn|37
|
|move|p1a: Pidgeot|Roost|p1a: Pidgeot
|-heal|p1a: Pidgeot|300\/319 tox
|move|p2a: Blissey|Aromatherapy|p2a: Blissey
|-cureteam|p2a: Blissey|[from] move: Aromatherapy
|
|-damage|p1a: Pidgeot|243\/319 tox|[from] psn
|turn|38
|
|switch|p1a: Jirachi|Jirachi|404\/404
|move|p2a: Blissey|Soft-Boiled|p2a: Blissey
|-heal|p2a: Blissey|656\/656
|
|turn|39
|
|switch|p2a: Spiritomb|Spiritomb, M|304\/304
|-status|p2a: Spiritomb|psn
|-damage|p2a: Spiritomb|266\/304 psn|[from] Stealth Rock
|-ability|p2a: Spiritomb|Pressure
|move|p1a: Jirachi|Iron Head|p2a: Spiritomb
|-damage|p2a: Spiritomb|206\/304 psn
|
|-heal|p2a: Spiritomb|225\/304 psn|[from] item: Leftovers
|-damage|p2a: Spiritomb|187\/304 psn|[from] psn
|turn|40
|
|move|p1a: Jirachi|Iron Head|p2a: Spiritomb
|-damage|p2a: Spiritomb|123\/304 psn
|cant|p2a: Spiritomb|flinch
|
|-heal|p2a: Spiritomb|142\/304 psn|[from] item: Leftovers
|-damage|p2a: Spiritomb|104\/304 psn|[from] psn
|turn|41
|
|move|p1a: Jirachi|Iron Head|p2a: Spiritomb
|-damage|p2a: Spiritomb|34\/304 psn
|cant|p2a: Spiritomb|flinch
|
|-heal|p2a: Spiritomb|53\/304 psn|[from] item: Leftovers
|-damage|p2a: Spiritomb|15\/304 psn|[from] psn
|turn|42
|-message|deluks917 forfeited.
|
|win|QuiteWheen
|raw|Ladder updating...
|raw|QuiteWheen's rating: 1452 &rarr; <strong>1476<\/strong><br \/>(+24 for winning)
|raw|deluks917's rating: 1526 &rarr; <strong>1502<\/strong><br \/>(-24 for losing)
|leave|deluks917
|player|p2