|join|Axeilss
|join|QuiteWheen
|player|p1|Axeilss|265
|player|p2|QuiteWheen|8
|gametype|singles
|gen|6
|tier|UU
|rated
|rule|Sleep Clause Mod: Limit one foe put to sleep
|rule|Species Clause: Limit one of each PokÃ©mon
|rule|OHKO Clause: OHKO moves are banned
|rule|Moody Clause: Moody is banned
|rule|Evasion Moves Clause: Evasion moves are banned
|rule|Endless Battle Clause: Forcing endless battles is banned
|rule|HP Percentage Mod: HP is shown in percentages
|clearpoke
|poke|p1|Kingdra, M, shiny
|poke|p1|Alakazam, F
|poke|p1|Aerodactyl, M, shiny
|poke|p1|Donphan, F
|poke|p1|Chandelure, F, shiny
|poke|p1|Roserade, M
|poke|p2|Pidgeot, M
|poke|p2|Tentacruel, F
|poke|p2|Krookodile, M
|poke|p2|Jirachi
|poke|p2|Goodra, F
|poke|p2|Mienshao, F, shiny
|rule|Swagger Clause: Swagger is banned
|rule|Baton Pass Clause: Limit one PokÃ©mon knowing Baton Pass
|teampreview
|
|start
|switch|p1a: Donphan|Donphan, F|322\/322
|switch|p2a: Krookodile|Krookodile, M|331\/331
|-ability|p2a: Krookodile|Intimidate|[of] p1a: Donphan
|-unboost|p1a: Donphan|atk|1
|turn|1
|
|move|p2a: Krookodile|Taunt|p1a: Donphan
|-start|p1a: Donphan|move: Taunt
|cant|p1a: Donphan|move: Taunt|Stealth Rock
|
|turn|2
|
|move|p2a: Krookodile|Knock Off|p1a: Donphan
|-damage|p1a: Donphan|196\/322
|-enditem|p1a: Donphan|Leftovers|[from] move: Knock Off|[of] p2a: Krookodile
|move|p1a: Donphan|Earthquake|p2a: Krookodile
|-damage|p2a: Krookodile|204\/331
|
|turn|3
|
|move|p1a: Donphan|Ice Shard|p2a: Krookodile
|-supereffective|p2a: Krookodile
|-damage|p2a: Krookodile|136\/331
|move|p2a: Krookodile|Earthquake|p1a: Donphan
|-damage|p1a: Donphan|79\/322
|
|-end|p1a: Donphan|move: Taunt
|turn|4
|join|i see i say
|
|move|p2a: Krookodile|Earthquake|p1a: Donphan
|-damage|p1a: Donphan|0 fnt
|faint|p1a: Donphan
|
|
|switch|p1a: Kingdra|Kingdra, M, shiny|291\/291
|turn|5
|
|move|p2a: Krookodile|Taunt|p1a: Kingdra
|-start|p1a: Kingdra|move: Taunt
|move|p1a: Kingdra|Ice Beam|p2a: Krookodile
|-supereffective|p2a: Krookodile
|-damage|p2a: Krookodile|0 fnt
|faint|p2a: Krookodile
|
|
|switch|p2a: Jirachi|Jirachi|404\/404
|turn|6
|
|move|p1a: Kingdra|Ice Beam|p2a: Jirachi
|-resisted|p2a: Jirachi
|-damage|p2a: Jirachi|352\/404
|move|p2a: Jirachi|Stealth Rock|p1a: Kingdra
|-sidestart|p1: Axeilss|move: Stealth Rock
|
|-heal|p2a: Jirachi|377\/404|[from] item: Leftovers
|turn|7
|
|switch|p1a: Chandelure|Chandelure, F, shiny|292\/292
|-damage|p1a: Chandelure|219\/292|[from] Stealth Rock
|move|p2a: Jirachi|Thunder Wave|p1a: Chandelure
|-status|p1a: Chandelure|par
|
|-heal|p2a: Jirachi|402\/404|[from] item: Leftovers
|turn|8
|
|switch|p2a: Goodra|Goodra, F|321\/321
|move|p1a: Chandelure|Flamethrower|p2a: Goodra
|-resisted|p2a: Goodra
|-damage|p2a: Goodra|235\/321
|-damage|p1a: Chandelure|190\/292 par|[from] item: Life Orb
|
|turn|9
|
|move|p2a: Goodra|Outrage|p1a: Chandelure
|-damage|p1a: Chandelure|0 fnt
|faint|p1a: Chandelure
|
|
|switch|p1a: Alakazam|Alakazam, F|272\/272
|-damage|p1a: Alakazam|238\/272|[from] Stealth Rock
|turn|10
|
|detailschange|p1a: Alakazam|Alakazam-Mega, F
|message|Alakazam has Mega Evolved into Mega Alakazam!
|-ability|p1a: Alakazam|Sap Sipper|[from] ability: Trace|[of] p2a: Goodra
|move|p1a: Alakazam|Dazzling Gleam|p2a: Goodra
|-supereffective|p2a: Goodra
|-damage|p2a: Goodra|93\/321
|move|p2a: Goodra|Outrage|p1a: Alakazam
|-damage|p1a: Alakazam|0 fnt
|faint|p1a: Alakazam
|
|-end|p2a: Goodra|rampage
|-start|p2a: Goodra|confusion
|
|switch|p1a: Aerodactyl|Aerodactyl, M, shiny|322\/322
|-damage|p1a: Aerodactyl|242\/322|[from] Stealth Rock
|turn|11
|
|switch|p2a: Jirachi|Jirachi|402\/404
|move|p1a: Aerodactyl|Stone Edge|p2a: Jirachi
|-resisted|p2a: Jirachi
|-damage|p2a: Jirachi|331\/404
|
|-heal|p2a: Jirachi|356\/404|[from] item: Leftovers
|turn|12
|
|move|p1a: Aerodactyl|Crunch|p2a: Jirachi
|-supereffective|p2a: Jirachi
|-damage|p2a: Jirachi|200\/404
|move|p2a: Jirachi|Thunder Wave|p1a: Aerodactyl
|-status|p1a: Aerodactyl|par
|
|-heal|p2a: Jirachi|225\/404|[from] item: Leftovers
|turn|13
|
|move|p2a: Jirachi|Iron Head|p1a: Aerodactyl
|-supereffective|p1a: Aerodactyl
|-damage|p1a: Aerodactyl|24\/322 par
|move|p1a: Aerodactyl|Crunch|p2a: Jirachi
|-supereffective|p2a: Jirachi
|-damage|p2a: Jirachi|75\/404
|
|-heal|p2a: Jirachi|100\/404|[from] item: Leftovers
|turn|14
|
|move|p2a: Jirachi|Iron Head|p1a: Aerodactyl
|-crit|p1a: Aerodactyl
|-supereffective|p1a: Aerodactyl
|-damage|p1a: Aerodactyl|0 fnt
|faint|p1a: Aerodactyl
|
|-heal|p2a: Jirachi|125\/404|[from] item: Leftovers
|
|switch|p1a: Kingdra|Kingdra, M, shiny|291\/291
|-damage|p1a: Kingdra|255\/291|[from] Stealth Rock
|turn|15
|
|move|p1a: Kingdra|Surf|p2a: Jirachi
|-crit|p2a: Jirachi
|-damage|p2a: Jirachi|0 fnt
|faint|p2a: Jirachi
|
|
|switch|p2a: Mienshao|Mienshao, F, shiny|271\/271
|turn|16
|
|move|p2a: Mienshao|High Jump Kick|p1a: Kingdra
|-damage|p1a: Kingdra|0 fnt
|faint|p1a: Kingdra
|
|
|switch|p1a: Roserade|Roserade, M|324\/324
|-damage|p1a: Roserade|284\/324|[from] Stealth Rock
|turn|17
|
|move|p2a: Mienshao|High Jump Kick|p1a: Roserade
|-resisted|p1a: Roserade
|-damage|p1a: Roserade|83\/324
|move|p1a: Roserade|Sludge Bomb|p2a: Mienshao
|-damage|p2a: Mienshao|66\/271
|-status|p2a: Mienshao|psn
|
|-heal|p1a: Roserade|103\/324|[from] item: Black Sludge
|-damage|p2a: Mienshao|33\/271 psn|[from] psn
|turn|18
|
|move|p2a: Mienshao|High Jump Kick|p1a: Roserade
|-resisted|p1a: Roserade
|-damage|p1a: Roserade|0 fnt
|faint|p1a: Roserade
|
|win|QuiteWheen
|raw|Ladder updating...
|raw|Axeilss's rating: 1157 &rarr; <strong>1130<\/strong><br \/>(-27 for losing)
|raw|QuiteWheen's rating: 1131 &rarr; <strong>1158<\/strong><br \/>(+27 for winning)
|leave|Axeilss
|player|p1
|leave|QuiteWheen
|player|p2