|join|xShiba
|join|QuiteWheen
|player|p1|xShiba|260
|player|p2|QuiteWheen|8
|gametype|singles
|gen|6
|tier|UU
|rule|Sleep Clause Mod: Limit one foe put to sleep
|rule|Species Clause: Limit one of each PokÃ©mon
|rule|OHKO Clause: OHKO moves are banned
|rule|Moody Clause: Moody is banned
|rule|Evasion Moves Clause: Evasion moves are banned
|rule|Endless Battle Clause: Forcing endless battles is banned
|rule|HP Percentage Mod: HP is shown in percentages
|clearpoke
|poke|p1|Yanmega, M, shiny
|poke|p1|Sharpedo, M, shiny
|poke|p1|Florges, F, shiny
|poke|p1|Forretress, M
|poke|p1|Zygarde
|poke|p1|Jirachi, shiny
|poke|p2|Pidgeot, M
|poke|p2|Tentacruel, F
|poke|p2|Krookodile, M
|poke|p2|Jirachi
|poke|p2|Kyurem, shiny
|poke|p2|Mienshao, F, shiny
|rule|Swagger Clause: Swagger is banned
|rule|Baton Pass Clause: Limit one PokÃ©mon knowing Baton Pass
|teampreview
|join|LarryBusJr
|join|DrReunicklus
|join|LessThanThreeMan
|join|dingbat
|
|start
|switch|p1a: Call Me Hax God|Jirachi, shiny|341\/341
|switch|p2a: Krookodile|Krookodile, M|331\/331
|-ability|p2a: Krookodile|Intimidate|[of] p1a: Call Me Hax God
|-unboost|p1a: Call Me Hax God|atk|1
|turn|1
|
|move|p1a: Call Me Hax God|U-turn|p2a: Krookodile
|-supereffective|p2a: Krookodile
|-damage|p2a: Krookodile|227\/331
|
|move|p2a: Krookodile|Pursuit|p1a: Call Me Hax God|[from]Pursuit
|-supereffective|p1a: Call Me Hax God
|-damage|p1a: Call Me Hax God|29\/341
|switch|p1a: Paulie|Forretress, M|354\/354
|
|turn|2
|c|âxShiba|.
|c| dingbat|NOT EVEN KO
|
|move|p2a: Krookodile|Taunt|p1a: Paulie
|-start|p1a: Paulie|move: Taunt
|cant|p1a: Paulie|move: Taunt|Stealth Rock
|
|turn|3
|c| dingbat|NOT
|c| dingbat|EVEN
|c|âxShiba|zzz
|c|âxShiba|I hate lead krook
|c|âxShiba|with a passion
|
|move|p2a: Krookodile|Knock Off|p1a: Paulie
|-damage|p1a: Paulie|251\/354
|-enditem|p1a: Paulie|Leftovers|[from] move: Knock Off|[of] p2a: Krookodile
|move|p1a: Paulie|Gyro Ball|p2a: Krookodile
|-damage|p2a: Krookodile|106\/331
|
|turn|4
|c|âQuiteWheen|blame it on
|c|âQuiteWheen|dodmen
|
|switch|p2a: Tentacruel|Tentacruel, F|361\/361
|move|p1a: Paulie|Gyro Ball|p2a: Tentacruel
|-resisted|p2a: Tentacruel
|-damage|p2a: Tentacruel|319\/361
|
|-heal|p2a: Tentacruel|341\/361|[from] item: Black Sludge
|-end|p1a: Paulie|move: Taunt
|turn|5
|c|âQuiteWheen|he pulled that shit on me
|
|move|p2a: Tentacruel|Toxic Spikes|p1a: Paulie
|-sidestart|p1: xShiba|move: Toxic Spikes
|move|p1a: Paulie|Volt Switch|p2a: Tentacruel
|-supereffective|p2a: Tentacruel
|-damage|p2a: Tentacruel|273\/361
|c| dingbat|it smashed ass
|
|switch|p1a: Call Me Hax God|Jirachi, shiny|29\/341
|
|-heal|p2a: Tentacruel|295\/361|[from] item: Black Sludge
|turn|6
|c| dingbat|y\/n
|join|Dad's Dad
|c|âQuiteWheen|yeah
|join|tomibello
|c|âQuiteWheen|,,,
|c|âQuiteWheen|it fucking demolished me
|
|switch|p2a: Krookodile|Krookodile, M|106\/331
|-ability|p2a: Krookodile|Intimidate|[of] p1a: Call Me Hax God
|-unboost|p1a: Call Me Hax God|atk|1
|move|p1a: Call Me Hax God|U-turn|p2a: Krookodile
|-supereffective|p2a: Krookodile
|-damage|p2a: Krookodile|0 fnt
|faint|p2a: Krookodile
|c| tomibello|WQ?
|
|switch|p1a: Paulie|Forretress, M|251\/354
|
|
|switch|p2a: Pidgeot|Pidgeot, M|319\/319
|turn|7
|join|i ran away
|c| dingbat|lol no
|c|âQuiteWheen|no
|
|switch|p1a: Nightshade|Florges, F, shiny|360\/360
|-status|p1a: Nightshade|psn
|detailschange|p2a: Pidgeot|Pidgeot-Mega, M
|message|Pidgeot has Mega Evolved into Mega Pidgeot!
|move|p2a: Pidgeot|Heat Wave|p1a: Nightshade
|-damage|p1a: Nightshade|280\/360 psn
|
|-heal|p1a: Nightshade|302\/360 psn|[from] item: Leftovers
|-damage|p1a: Nightshade|257\/360 psn|[from] psn
|turn|8
|c|âQuiteWheen|im QW
|join|0kayTHen
|
|move|p2a: Pidgeot|Work Up|p2a: Pidgeot
|-boost|p2a: Pidgeot|atk|1
|-boost|p2a: Pidgeot|spa|1
|move|p1a: Nightshade|Wish|p1a: Nightshade
|
|-heal|p1a: Nightshade|279\/360 psn|[from] item: Leftovers
|-damage|p1a: Nightshade|234\/360 psn|[from] psn
|turn|9
|c| dingbat|BIRD JESUSU
|c|âxShiba|O_O
|c| DrReunicklus|not
|c| DrReunicklus|bad
|c| dingbat|oml
|
|move|p2a: Pidgeot|Work Up|p2a: Pidgeot
|-boost|p2a: Pidgeot|atk|1
|-boost|p2a: Pidgeot|spa|1
|move|p1a: Nightshade|Moonblast|p2a: Pidgeot
|-damage|p2a: Pidgeot|162\/319
|
|-heal|p1a: Nightshade|360\/360 psn|[from] move: Wish|[wisher] Nightshade
|-damage|p1a: Nightshade|315\/360 psn|[from] psn
|turn|10
|c| dingbat|ur gonna get
|c| dingbat|a rude awakening
|c| dingbat|here
|
|move|p2a: Pidgeot|Hurricane|p1a: Nightshade
|-damage|p1a: Nightshade|41\/360 psn
|move|p1a: Nightshade|Moonblast|p2a: Pidgeot
|-damage|p2a: Pidgeot|23\/319
|
|-heal|p1a: Nightshade|63\/360 psn|[from] item: Leftovers
|-damage|p1a: Nightshade|18\/360 psn|[from] psn
|turn|11
|
|move|p2a: Pidgeot|Roost|p2a: Pidgeot
|-heal|p2a: Pidgeot|183\/319
|move|p1a: Nightshade|Moonblast|p2a: Pidgeot
|-damage|p2a: Pidgeot|26\/319
|
|-heal|p1a: Nightshade|40\/360 psn|[from] item: Leftovers
|-damage|p1a: Nightshade|0 fnt|[from] psn
|faint|p1a: Nightshade
|c| dingbat|donk
|c| DrReunicklus|o
|c| dingbat|wow
|
|switch|p1a: Call Me Hax God|Jirachi, shiny|29\/341
|turn|12
|c| dingbat|that was actually
|c| dingbat|gud play
|c|âQuiteWheen|remember kids
|c|âQuiteWheen|work up boosts pidgeot's attack
|c|âQuiteWheen|so don't try to do it vs foul play mons
|c|âQuiteWheen|LOL
|c| dingbat|umbreon will r8p
|
|switch|p2a: Tentacruel|Tentacruel, F|295\/361
|move|p1a: Call Me Hax God|U-turn|p2a: Tentacruel
|-resisted|p2a: Tentacruel
|-damage|p2a: Tentacruel|264\/361
|
|switch|p1a: Paulie|Forretress, M|251\/354
|
|-heal|p2a: Tentacruel|286\/361|[from] item: Black Sludge
|turn|13
|c|âQuiteWheen|that shit actually happened to me
|
|move|p2a: Tentacruel|Scald|p1a: Paulie
|-damage|p1a: Paulie|142\/354
|move|p1a: Paulie|Rapid Spin|p2a: Tentacruel
|-damage|p2a: Tentacruel|272\/361
|-sideend|p1: xShiba|Toxic Spikes|[from] move: Rapid Spin|[of] p1a: Paulie
|
|-heal|p2a: Tentacruel|294\/361|[from] item: Black Sludge
|turn|14
|
|move|p2a: Tentacruel|Toxic Spikes|p1a: Paulie
|-sidestart|p1: xShiba|move: Toxic Spikes
|move|p1a: Paulie|Stealth Rock|p2a: Tentacruel
|-sidestart|p2: QuiteWheen|move: Stealth Rock
|
|-heal|p2a: Tentacruel|316\/361|[from] item: Black Sludge
|turn|15
|c| dingbat|tht sounds painful
|
|move|p2a: Tentacruel|Scald|p1a: Paulie
|-damage|p1a: Paulie|13\/354
|-status|p1a: Paulie|brn
|move|p1a: Paulie|Rapid Spin|p2a: Tentacruel
|-damage|p2a: Tentacruel|307\/361
|-sideend|p1: xShiba|Toxic Spikes|[from] move: Rapid Spin|[of] p1a: Paulie
|
|-heal|p2a: Tentacruel|329\/361|[from] item: Black Sludge
|-damage|p1a: Paulie|0 fnt|[from] brn
|faint|p1a: Paulie
|c|âQuiteWheen|fuck
|c|âxShiba|fk your t-spikes
|c| dingbat|fk ur t-spikes
|c|âQuiteWheen|it's gg
|c|âQuiteWheen|if that's dd zygarde
|c|âxShiba|n
|
|switch|p1a: BL Where|Zygarde|404\/404
|-ability|p1a: BL Where|Aura Break
|turn|16
|c| dingbat|bl
|c| dingbat|where
|
|move|p1a: BL Where|Substitute|p1a: BL Where
|-start|p1a: BL Where|Substitute
|-damage|p1a: BL Where|303\/404
|move|p2a: Tentacruel|Toxic Spikes|p1a: BL Where
|-sidestart|p1: xShiba|move: Toxic Spikes
|
|-heal|p1a: BL Where|328\/404|[from] item: Leftovers
|-heal|p2a: Tentacruel|351\/361|[from] item: Black Sludge
|turn|17
|c|âQuiteWheen|i hate that pokemon
|
|move|p1a: BL Where|Coil|p1a: BL Where
|-boost|p1a: BL Where|atk|1
|-boost|p1a: BL Where|def|1
|-boost|p1a: BL Where|accuracy|1
|move|p2a: Tentacruel|Rapid Spin|p1a: BL Where
|-activate|p1a: BL Where|Substitute|[damage]
|-sideend|p2: QuiteWheen|Stealth Rock|[from] move: Rapid Spin|[of] p2a: Tentacruel
|
|-heal|p1a: BL Where|353\/404|[from] item: Leftovers
|-heal|p2a: Tentacruel|361\/361|[from] item: Black Sludge
|turn|18
|c|âQuiteWheen|smh
|c|âxShiba|you cant break i sub
|c|âxShiba|im pretty sure
|c|âxShiba|with tenta
|c|âQuiteWheen|y
|c| 0kayTHen|the battle of the spinners
|c| dingbat|ice beam tenta
|c| LessThanThreeMan|why are you
|c| dingbat|zzzz
|c| LessThanThreeMan|giving this so many free turns
|c| LessThanThreeMan|?
|c| DrReunicklus|^
|
|switch|p2a: Pidgeot|Pidgeot-Mega, M|26\/319
|move|p1a: BL Where|Coil|p1a: BL Where
|-boost|p1a: BL Where|atk|1
|-boost|p1a: BL Where|def|1
|-boost|p1a: BL Where|accuracy|1
|
|-heal|p1a: BL Where|378\/404|[from] item: Leftovers
|turn|19
|
|move|p2a: Pidgeot|Hurricane|p1a: BL Where
|-end|p1a: BL Where|Substitute
|move|p1a: BL Where|Dragon Tail|p2a: Pidgeot
|-damage|p2a: Pidgeot|0 fnt
|faint|p2a: Pidgeot
|
|-heal|p1a: BL Where|403\/404|[from] item: Leftovers
|
|switch|p2a: omfuga fetish|Kyurem, shiny|391\/391
|-ability|p2a: omfuga fetish|Pressure
|turn|20
|c| 0kayTHen|extreme speed coming through
|c| dingbat|kyurem kills
|c| 0kayTHen|or naw
|c| DrReunicklus|kyurem gonna outspeeeeeeed
|c| DrReunicklus|zoom zoom
|c|âQuiteWheen|this is not a kyurem
|c| LessThanThreeMan|yeah kyu does for sure
|c|âQuiteWheen|this is an omfuga fetish
|c|âQuiteWheen|there's a difference
|c| dingbat|:]]]]]]]]]]]]
|
|switch|p1a: Call Me Hax God|Jirachi, shiny|29\/341
|move|p2a: omfuga fetish|Ice Beam|p1a: Call Me Hax God
|-resisted|p1a: Call Me Hax God
|-damage|p1a: Call Me Hax God|0 fnt
|faint|p1a: Call Me Hax God
|
|c| LessThanThreeMan|but if he had gotten than pidgeot fodder wrong
|c| LessThanThreeMan|there would still be a sub :p
|c| dingbat|nice
|c| dingbat|n
|c| dingbat|stronk
|c|âxShiba|mfw
|c|âxShiba|i dont
|c|âxShiba|have anything
|c|âxShiba|zzz
|
|switch|p1a: Bopped|Yanmega, M, shiny|314\/314
|turn|21
|join|Zhaf
|
|move|p1a: Bopped|Protect|p1a: Bopped
|-singleturn|p1a: Bopped|Protect
|move|p2a: omfuga fetish|Ice Beam|p1a: Bopped
|-activate|p1a: Bopped|Protect
|
|-boost|p1a: Bopped|spe|1|[from] ability: Speed Boost
|turn|22
|
|move|p1a: Bopped|Air Slash|p2a: omfuga fetish
|-damage|p2a: omfuga fetish|206\/391
|-damage|p1a: Bopped|283\/314|[from] item: Life Orb
|cant|p2a: omfuga fetish|flinch
|
|-boost|p1a: Bopped|spe|1|[from] ability: Speed Boost
|turn|23
|c| DrReunicklus|flinch
|c|âxShiba|eZ
|c| dingbat|RIP
|c| DrReunicklus|to
|c| DrReunicklus|death
|
|switch|p2a: Jirachi|Jirachi|404\/404
|move|p1a: Bopped|Bug Buzz|p2a: Jirachi
|-damage|p2a: Jirachi|236\/404
|-damage|p1a: Bopped|252\/314|[from] item: Life Orb
|
|-heal|p2a: Jirachi|261\/404|[from] item: Leftovers
|-boost|p1a: Bopped|spe|1|[from] ability: Speed Boost
|turn|24
|c| dingbat|nice
|c| dingbat|n
|c| dingbat|spd
|
|move|p1a: Bopped|Bug Buzz|p2a: Jirachi
|-damage|p2a: Jirachi|105\/404
|-damage|p1a: Bopped|221\/314|[from] item: Life Orb
|move|p2a: Jirachi|Thunder Wave|p1a: Bopped
|-status|p1a: Bopped|par
|
|-heal|p2a: Jirachi|130\/404|[from] item: Leftovers
|-boost|p1a: Bopped|spe|1|[from] ability: Speed Boost
|turn|25
|c|âxShiba|fk
|c| DrReunicklus|o
|
|move|p2a: Jirachi|Stealth Rock|p1a: Bopped
|-sidestart|p1: xShiba|move: Stealth Rock
|move|p1a: Bopped|Bug Buzz|p2a: Jirachi
|-damage|p2a: Jirachi|0 fnt
|-damage|p1a: Bopped|190\/314 par|[from] item: Life Orb
|faint|p2a: Jirachi
|
|-boost|p1a: Bopped|spe|1|[from] ability: Speed Boost
|
|switch|p2a: omfuga fetish|Kyurem, shiny|206\/391
|-ability|p2a: omfuga fetish|Pressure
|turn|26
|
|move|p1a: Bopped|Protect|p1a: Bopped
|-singleturn|p1a: Bopped|Protect
|move|p2a: omfuga fetish|Ice Beam|p1a: Bopped
|-activate|p1a: Bopped|Protect
|
|-boost|p1a: Bopped|spe|1|[from] ability: Speed Boost
|turn|27
|
|move|p2a: omfuga fetish|Ice Beam|p1a: Bopped
|-supereffective|p1a: Bopped
|-damage|p1a: Bopped|0 fnt
|faint|p1a: Bopped
|
|c|âxShiba|rip
|
|switch|p1a: Fuccboii|Sharpedo, M, shiny|281\/281
|-status|p1a: Fuccboii|psn
|-damage|p1a: Fuccboii|246\/281 psn|[from] Stealth Rock
|turn|28
|c| dingbat|nice
|c| dingbat|outspeed
|
|move|p1a: Fuccboii|Protect|p1a: Fuccboii
|-singleturn|p1a: Fuccboii|Protect
|move|p2a: omfuga fetish|Ice Beam|p1a: Fuccboii
|-activate|p1a: Fuccboii|Protect
|
|-damage|p1a: Fuccboii|211\/281 psn|[from] psn
|-boost|p1a: Fuccboii|spe|1|[from] ability: Speed Boost
|turn|29
|
|detailschange|p1a: Fuccboii|Sharpedo-Mega, M, shiny
|message|Sharpedo has Mega Evolved into Mega Sharpedo!
|move|p1a: Fuccboii|Crunch|p2a: omfuga fetish
|-damage|p2a: omfuga fetish|0 fnt
|faint|p2a: omfuga fetish
|
|-damage|p1a: Fuccboii|176\/281 psn|[from] psn
|
|switch|p2a: Mienshao|Mienshao, F, shiny|271\/271
|turn|30
|c| LessThanThreeMan|ez jolly
|c|âxShiba|are you running
|c| DrReunicklus|zoom
|c| DrReunicklus|zoom
|c| dingbat|take the 50%
|c|âxShiba|dual scarf
|c| dingbat|take the 50%
|c| dingbat|take the 50%
|c|âQuiteWheen|i only have
|c| DrReunicklus|zooooooooooooooooom
|c| dingbat|i wanna run
|c| dingbat|3 scarfers
|c| dingbat|on 1 team
|c| dingbat|pl0x
|
|move|p2a: Mienshao|U-turn|p1a: Fuccboii
|-supereffective|p1a: Fuccboii
|-damage|p1a: Fuccboii|0 fnt
|faint|p1a: Fuccboii
|c|âQuiteWheen|scarfshao
|c|âQuiteWheen|kyurem is specs
|
|switch|p2a: Tentacruel|Tentacruel, F|361\/361
|
|c|âxShiba|ah
|
|switch|p1a: BL Where|Zygarde|403\/404
|-damage|p1a: BL Where|378\/404|[from] Stealth Rock
|-status|p1a: BL Where|psn
|-ability|p1a: BL Where|Aura Break
|turn|31
|join|Frickett
|
|switch|p2a: Mienshao|Mienshao, F, shiny|271\/271
|move|p1a: BL Where|Coil|p1a: BL Where
|-boost|p1a: BL Where|atk|1
|-boost|p1a: BL Where|def|1
|-boost|p1a: BL Where|accuracy|1
|
|-heal|p1a: BL Where|403\/404 psn|[from] item: Leftovers
|-damage|p1a: BL Where|353\/404 psn|[from] psn
|turn|32
|join|Decision Makers
|leave|Frickett
|
|move|p2a: Mienshao|High Jump Kick|p1a: BL Where
|-damage|p1a: BL Where|202\/404 psn
|move|p1a: BL Where|Earthquake|p2a: Mienshao
|-damage|p2a: Mienshao|1\/271
|
|-heal|p1a: BL Where|227\/404 psn|[from] item: Leftovers
|-damage|p1a: BL Where|177\/404 psn|[from] psn
|turn|33
|c| dingbat|1%
|c|âxShiba|.
|c| dingbat|1%
|c| DrReunicklus|it lived
|c| dingbat|1%
|c| dingbat|1%
|c| LessThanThreeMan|oof
|c| DrReunicklus|kek
|c| dingbat|1%
|
|switch|p2a: Tentacruel|Tentacruel, F|361\/361
|move|p1a: BL Where|Earthquake|p2a: Tentacruel
|-supereffective|p2a: Tentacruel
|-damage|p2a: Tentacruel|37\/361
|
|-heal|p1a: BL Where|202\/404 psn|[from] item: Leftovers
|-heal|p2a: Tentacruel|59\/361|[from] item: Black Sludge
|-damage|p1a: BL Where|152\/404 psn|[from] psn
|turn|34
|c| DrReunicklus|kek
|c| DrReunicklus|kek
|c| LessThanThreeMan|dodge inc
|c| DrReunicklus|it lived too
|c| DrReunicklus|everythings living
|c|âQuiteWheen|you're gonna win right
|
|move|p1a: BL Where|Earthquake|p2a: Tentacruel
|-supereffective|p2a: Tentacruel
|-damage|p2a: Tentacruel|0 fnt
|faint|p2a: Tentacruel
|
|-heal|p1a: BL Where|177\/404 psn|[from] item: Leftovers
|-damage|p1a: BL Where|127\/404 psn|[from] psn
|
|switch|p2a: Mienshao|Mienshao, F, shiny|1\/271
|turn|35
|c| dingbat|y
|c|âQuiteWheen|o
|
|move|p2a: Mienshao|High Jump Kick|p1a: BL Where
|-damage|p1a: BL Where|0 fnt
|faint|p1a: BL Where
|
|win|QuiteWheen
|c|âQuiteWheen|gg
|c|âxShiba|gg
|c| dingbat|1 hp?