|join|Century Express
|join|QuiteWheen
|player|p1|Century Express|145
|player|p2|QuiteWheen|8
|gametype|singles
|gen|6
|tier|UU
|rated
|rule|Sleep Clause Mod: Limit one foe put to sleep
|rule|Species Clause: Limit one of each PokÃ©mon
|rule|OHKO Clause: OHKO moves are banned
|rule|Moody Clause: Moody is banned
|rule|Evasion Moves Clause: Evasion moves are banned
|rule|Endless Battle Clause: Forcing endless battles is banned
|rule|HP Percentage Mod: HP is shown in percentages
|clearpoke
|poke|p1|Alakazam, M
|poke|p1|Suicune
|poke|p1|Umbreon, M
|poke|p1|Crobat, M
|poke|p1|Nidoqueen, F
|poke|p1|Jirachi
|poke|p2|Pidgeot, M
|poke|p2|Tentacruel, F
|poke|p2|Krookodile, M
|poke|p2|Jirachi
|poke|p2|Kyurem, shiny
|poke|p2|Mienshao, F, shiny
|rule|Swagger Clause: Swagger is banned
|rule|Baton Pass Clause: Limit one PokÃ©mon knowing Baton Pass
|teampreview
|
|start
|switch|p1a: Czarina|Nidoqueen, F|360\/360
|switch|p2a: omfuga fetish|Kyurem, shiny|391\/391
|-ability|p2a: omfuga fetish|Pressure
|turn|1
|
|switch|p1a: Shadowplay|Umbreon, M|390\/390
|move|p2a: omfuga fetish|Draco Meteor|p1a: Shadowplay
|-damage|p1a: Shadowplay|146\/390
|-unboost|p2a: omfuga fetish|spa|2
|
|-heal|p1a: Shadowplay|170\/390|[from] item: Leftovers
|turn|2
|
|switch|p2a: Jirachi|Jirachi|404\/404
|move|p1a: Shadowplay|Wish|p1a: Shadowplay
|
|-heal|p1a: Shadowplay|194\/390|[from] item: Leftovers
|turn|3
|
|move|p2a: Jirachi|Stealth Rock|p1a: Shadowplay
|-sidestart|p1: Century Express|move: Stealth Rock
|move|p1a: Shadowplay|Foul Play|p2a: Jirachi
|-supereffective|p2a: Jirachi
|-damage|p2a: Jirachi|186\/404
|
|-heal|p1a: Shadowplay|389\/390|[from] move: Wish|[wisher] Shadowplay
|-heal|p2a: Jirachi|211\/404|[from] item: Leftovers
|-heal|p1a: Shadowplay|390\/390|[from] item: Leftovers
|turn|4
|
|move|p2a: Jirachi|U-turn|p1a: Shadowplay
|-supereffective|p1a: Shadowplay
|-damage|p1a: Shadowplay|290\/390
|
|switch|p2a: Tentacruel|Tentacruel, F|361\/361
|move|p1a: Shadowplay|Wish|p1a: Shadowplay
|
|-heal|p1a: Shadowplay|314\/390|[from] item: Leftovers
|turn|5
|
|switch|p2a: Krookodile|Krookodile, M|331\/331
|-ability|p2a: Krookodile|Intimidate|[of] p1a: Shadowplay
|-unboost|p1a: Shadowplay|atk|1
|switch|p1a: Purple Haze|Crobat, M|339\/339
|-damage|p1a: Purple Haze|255\/339|[from] Stealth Rock
|
|-heal|p1a: Purple Haze|339\/339|[from] move: Wish|[wisher] Shadowplay
|turn|6
|
|move|p1a: Purple Haze|Defog|p2a: Krookodile
|-unboost|p2a: Krookodile|evasion|1
|-sideend|p1: Century Express|Stealth Rock|[from] move: Defog|[of] p1a: Purple Haze
|move|p2a: Krookodile|Knock Off|p1a: Purple Haze
|-damage|p1a: Purple Haze|182\/339
|
|turn|7
|
|move|p1a: Purple Haze|Acrobatics|p2a: Krookodile
|-damage|p2a: Krookodile|175\/331
|move|p2a: Krookodile|Pursuit|p1a: Purple Haze
|-damage|p1a: Purple Haze|80\/339
|
|turn|8
|
|move|p1a: Purple Haze|Roost|p1a: Purple Haze
|-heal|p1a: Purple Haze|250\/339
|move|p2a: Krookodile|Earthquake|p1a: Purple Haze
|-supereffective|p1a: Purple Haze
|-damage|p1a: Purple Haze|0 fnt
|faint|p1a: Purple Haze
|
|
|switch|p1a: Spoon Waltz|Alakazam, M|274\/274
|turn|9
|
|switch|p2a: Jirachi|Jirachi|211\/404
|detailschange|p1a: Spoon Waltz|Alakazam-Mega, M
|message|Alakazam has Mega Evolved into Mega Alakazam!
|-ability|p1a: Spoon Waltz|Serene Grace|[from] ability: Trace|[of] p2a: Jirachi
|move|p1a: Spoon Waltz|Focus Blast|p2a: Jirachi
|-damage|p2a: Jirachi|85\/404
|
|-heal|p2a: Jirachi|110\/404|[from] item: Leftovers
|turn|10
|
|switch|p2a: Krookodile|Krookodile, M|175\/331
|-ability|p2a: Krookodile|Intimidate|[of] p1a: Spoon Waltz
|-unboost|p1a: Spoon Waltz|atk|1
|move|p1a: Spoon Waltz|Focus Blast|p2a: Krookodile|[miss]
|-miss|p1a: Spoon Waltz|p2a: Krookodile
|
|turn|11
|
|move|p1a: Spoon Waltz|Energy Ball|p2a: Krookodile
|-supereffective|p2a: Krookodile
|-damage|p2a: Krookodile|0 fnt
|faint|p2a: Krookodile
|
|
|switch|p2a: Mienshao|Mienshao, F, shiny|271\/271
|turn|12
|
|switch|p1a: Czarina|Nidoqueen, F|360\/360
|move|p2a: Mienshao|U-turn|p1a: Czarina
|-resisted|p1a: Czarina
|-damage|p1a: Czarina|318\/360
|
|switch|p2a: omfuga fetish|Kyurem, shiny|391\/391
|-ability|p2a: omfuga fetish|Pressure
|
|turn|13
|
|switch|p1a: Shoot Star|Jirachi|341\/341
|move|p2a: omfuga fetish|Ice Beam|p1a: Shoot Star
|-resisted|p1a: Shoot Star
|-damage|p1a: Shoot Star|202\/341
|-status|p1a: Shoot Star|frz
|
|turn|14
|
|switch|p1a: Aquatarkus|Suicune|399\/399
|-ability|p1a: Aquatarkus|Pressure
|switch|p2a: Jirachi|Jirachi|110\/404
|
|-heal|p2a: Jirachi|135\/404|[from] item: Leftovers
|turn|15
|
|move|p2a: Jirachi|Stealth Rock|p1a: Aquatarkus
|-sidestart|p1: Century Express|move: Stealth Rock
|move|p1a: Aquatarkus|Calm Mind|p1a: Aquatarkus
|-boost|p1a: Aquatarkus|spa|1
|-boost|p1a: Aquatarkus|spd|1
|
|-heal|p2a: Jirachi|160\/404|[from] item: Leftovers
|turn|16
|
|move|p2a: Jirachi|U-turn|p1a: Aquatarkus
|-damage|p1a: Aquatarkus|364\/399
|
|switch|p2a: Pidgeot|Pidgeot, M|319\/319
|move|p1a: Aquatarkus|Scald|p2a: Pidgeot
|-damage|p2a: Pidgeot|160\/319
|
|-heal|p1a: Aquatarkus|388\/399|[from] item: Leftovers
|turn|17
|
|detailschange|p2a: Pidgeot|Pidgeot-Mega, M
|message|Pidgeot has Mega Evolved into Mega Pidgeot!
|move|p2a: Pidgeot|Hurricane|p1a: Aquatarkus
|-damage|p1a: Aquatarkus|261\/399
|move|p1a: Aquatarkus|Calm Mind|p1a: Aquatarkus
|-boost|p1a: Aquatarkus|spa|1
|-boost|p1a: Aquatarkus|spd|1
|
|-heal|p1a: Aquatarkus|285\/399|[from] item: Leftovers
|turn|18
|
|move|p2a: Pidgeot|Hurricane|p1a: Aquatarkus
|-damage|p1a: Aquatarkus|191\/399
|move|p1a: Aquatarkus|Scald|p2a: Pidgeot
|-damage|p2a: Pidgeot|0 fnt
|faint|p2a: Pidgeot
|
|-heal|p1a: Aquatarkus|215\/399|[from] item: Leftovers
|
|switch|p2a: Mienshao|Mienshao, F, shiny|271\/271
|turn|19
|
|move|p2a: Mienshao|High Jump Kick|p1a: Aquatarkus
|-damage|p1a: Aquatarkus|46\/399
|move|p1a: Aquatarkus|Scald|p2a: Mienshao
|-damage|p2a: Mienshao|18\/271
|-status|p2a: Mienshao|brn
|
|-heal|p1a: Aquatarkus|70\/399|[from] item: Leftovers
|-damage|p2a: Mienshao|0 fnt|[from] brn
|faint|p2a: Mienshao
|
|switch|p2a: omfuga fetish|Kyurem, shiny|391\/391
|-ability|p2a: omfuga fetish|Pressure
|turn|20
|
|switch|p1a: Czarina|Nidoqueen, F|318\/360
|-damage|p1a: Czarina|296\/360|[from] Stealth Rock
|move|p2a: omfuga fetish|Dragon Pulse|p1a: Czarina
|-damage|p1a: Czarina|19\/360
|
|turn|21
|
|move|p2a: omfuga fetish|Dragon Pulse|p1a: Czarina
|-damage|p1a: Czarina|0 fnt
|faint|p1a: Czarina
|
|
|switch|p1a: Shadowplay|Umbreon, M|314\/390
|-damage|p1a: Shadowplay|266\/390|[from] Stealth Rock
|turn|22
|
|switch|p2a: Tentacruel|Tentacruel, F|361\/361
|move|p1a: Shadowplay|Heal Bell|p1a: Shadowplay
|-cureteam|p1a: Shadowplay|[from] move: HealBell
|
|-heal|p1a: Shadowplay|290\/390|[from] item: Leftovers
|turn|23
|
|move|p2a: Tentacruel|Toxic Spikes|p1a: Shadowplay
|-sidestart|p1: Century Express|move: Toxic Spikes
|move|p1a: Shadowplay|Wish|p1a: Shadowplay
|
|-heal|p1a: Shadowplay|314\/390|[from] item: Leftovers
|turn|24
|
|switch|p1a: Spoon Waltz|Alakazam-Mega, M|274\/274
|-status|p1a: Spoon Waltz|psn
|-damage|p1a: Spoon Waltz|240\/274 psn|[from] Stealth Rock
|-ability|p1a: Spoon Waltz|Liquid Ooze|[from] ability: Trace|[of] p2a: Tentacruel
|move|p2a: Tentacruel|Knock Off|p1a: Spoon Waltz
|-supereffective|p1a: Spoon Waltz
|-damage|p1a: Spoon Waltz|144\/274 psn
|
|-heal|p1a: Spoon Waltz|274\/274 psn|[from] move: Wish|[wisher] Shadowplay
|-damage|p1a: Spoon Waltz|240\/274 psn|[from] psn
|turn|25
|
|switch|p2a: Jirachi|Jirachi|160\/404
|move|p1a: Spoon Waltz|Psyshock|p2a: Jirachi
|-resisted|p2a: Jirachi
|-damage|p2a: Jirachi|118\/404
|
|-heal|p2a: Jirachi|143\/404|[from] item: Leftovers
|-damage|p1a: Spoon Waltz|206\/274 psn|[from] psn
|turn|26
|
|switch|p1a: Shoot Star|Jirachi|202\/341
|-damage|p1a: Shoot Star|181\/341|[from] Stealth Rock
|move|p2a: Jirachi|Iron Head|p1a: Shoot Star
|-resisted|p1a: Shoot Star
|-damage|p1a: Shoot Star|136\/341
|
|-heal|p2a: Jirachi|168\/404|[from] item: Leftovers
|turn|27
|
|switch|p2a: Tentacruel|Tentacruel, F|361\/361
|move|p1a: Shoot Star|U-turn|p2a: Tentacruel
|-resisted|p2a: Tentacruel
|-damage|p2a: Tentacruel|329\/361
|
|switch|p1a: Spoon Waltz|Alakazam-Mega, M|206\/274 psn
|-damage|p1a: Spoon Waltz|172\/274 psn|[from] Stealth Rock
|-ability|p1a: Spoon Waltz|Liquid Ooze|[from] ability: Trace|[of] p2a: Tentacruel
|
|-heal|p2a: Tentacruel|351\/361|[from] item: Black Sludge
|-damage|p1a: Spoon Waltz|138\/274 psn|[from] psn
|turn|28
|
|move|p1a: Spoon Waltz|Focus Blast|p2a: Tentacruel
|-resisted|p2a: Tentacruel
|-damage|p2a: Tentacruel|272\/361
|-unboost|p2a: Tentacruel|spd|1
|move|p2a: Tentacruel|Knock Off|p1a: Spoon Waltz
|-supereffective|p1a: Spoon Waltz
|-damage|p1a: Spoon Waltz|42\/274 psn
|
|-heal|p2a: Tentacruel|294\/361|[from] item: Black Sludge
|-damage|p1a: Spoon Waltz|8\/274 psn|[from] psn
|turn|29
|
|switch|p2a: Jirachi|Jirachi|168\/404
|move|p1a: Spoon Waltz|Focus Blast|p2a: Jirachi
|-damage|p2a: Jirachi|36\/404
|
|-heal|p2a: Jirachi|61\/404|[from] item: Leftovers
|-damage|p1a: Spoon Waltz|0 fnt|[from] psn
|faint|p1a: Spoon Waltz
|
|switch|p1a: Shoot Star|Jirachi|136\/341
|-damage|p1a: Shoot Star|115\/341|[from] Stealth Rock
|turn|30
|
|switch|p2a: omfuga fetish|Kyurem, shiny|391\/391
|-ability|p2a: omfuga fetish|Pressure
|move|p1a: Shoot Star|Healing Wish|p1a: Shoot Star
|faint|p1a: Shoot Star
|
|
|switch|p1a: Aquatarkus|Suicune|70\/399
|-heal|p1a: Aquatarkus|399\/399|[from] move: Healing Wish
|-status|p1a: Aquatarkus|psn
|-damage|p1a: Aquatarkus|350\/399 psn|[from] Stealth Rock
|-ability|p1a: Aquatarkus|Pressure
|turn|31
|
|switch|p1a: Shadowplay|Umbreon, M|314\/390
|-status|p1a: Shadowplay|psn
|-damage|p1a: Shadowplay|266\/390 psn|[from] Stealth Rock
|move|p2a: omfuga fetish|Draco Meteor|p1a: Shadowplay
|-damage|p1a: Shadowplay|47\/390 psn
|-unboost|p2a: omfuga fetish|spa|2
|
|-heal|p1a: Shadowplay|71\/390 psn|[from] item: Leftovers
|-damage|p1a: Shadowplay|23\/390 psn|[from] psn
|turn|32
|
|switch|p2a: Jirachi|Jirachi|61\/404
|move|p1a: Shadowplay|Foul Play|p2a: Jirachi
|-supereffective|p2a: Jirachi
|-damage|p2a: Jirachi|0 fnt
|faint|p2a: Jirachi
|
|-heal|p1a: Shadowplay|47\/390 psn|[from] item: Leftovers
|-damage|p1a: Shadowplay|0 fnt|[from] psn
|faint|p1a: Shadowplay
|
|switch|p2a: omfuga fetish|Kyurem, shiny|391\/391
|switch|p1a: Aquatarkus|Suicune|350\/399 psn
|-ability|p2a: omfuga fetish|Pressure
|-damage|p1a: Aquatarkus|301\/399 psn|[from] Stealth Rock
|-ability|p1a: Aquatarkus|Pressure
|turn|33
|
|move|p2a: omfuga fetish|Dragon Pulse|p1a: Aquatarkus
|-damage|p1a: Aquatarkus|91\/399 psn
|move|p1a: Aquatarkus|Rest|p1a: Aquatarkus
|-status|p1a: Aquatarkus|slp
|-heal|p1a: Aquatarkus|399\/399 slp|[silent]
|-status|p1a: Aquatarkus|slp|[from] move: Rest
|
|turn|34
|
|move|p2a: omfuga fetish|Dragon Pulse|p1a: Aquatarkus
|-crit|p1a: Aquatarkus
|-damage|p1a: Aquatarkus|83\/399 slp
|cant|p1a: Aquatarkus|slp
|
|-heal|p1a: Aquatarkus|107\/399 slp|[from] item: Leftovers
|turn|35
|c|âCentury Express|gg
|
|move|p2a: omfuga fetish|Dragon Pulse|p1a: Aquatarkus
|-crit|p1a: Aquatarkus
|-damage|p1a: Aquatarkus|0 fnt
|faint|p1a: Aquatarkus
|
|win|QuiteWheen
|raw|Ladder updating...
|c|âQuiteWheen|gg
|raw|Century Express's rating: 1549 &rarr; <strong>1533<\/strong><br \/>(-16 for losing)
|raw|QuiteWheen's rating: 1616 &rarr; <strong>1632<\/strong><br \/>(+16 for winning)
|leave|QuiteWheen
|player|p2