|join|WhatDelphoxsay
|join|KingOfSimbas
|player|p1|WhatDelphoxsay|101
|player|p2|KingOfSimbas|7
|gametype|singles
|gen|6
|tier|UU
|rated
|rule|Sleep Clause Mod: Limit one foe put to sleep
|rule|Species Clause: Limit one of each PokÃ©mon
|rule|OHKO Clause: OHKO moves are banned
|rule|Moody Clause: Moody is banned
|rule|Evasion Moves Clause: Evasion moves are banned
|rule|Endless Battle Clause: Forcing endless battles is banned
|rule|HP Percentage Mod: HP is shown in percentages
|clearpoke
|poke|p1|Dusclops, F
|poke|p1|Reuniclus, F
|poke|p1|Ampharos, M
|poke|p1|Chandelure, M
|poke|p1|Hariyama, F
|poke|p1|Cresselia, F
|poke|p2|Absol, F
|poke|p2|Gligar, F
|poke|p2|Victini
|poke|p2|Amoonguss, M
|poke|p2|Raikou
|poke|p2|Clawitzer, F
|rule|Swagger Clause: Swagger is banned
|rule|Baton Pass Clause: Limit one PokÃ©mon knowing Baton Pass
|teampreview
|
|start
|switch|p1a: Chandelure|Chandelure, M|324\/324
|switch|p2a: Clawitzer|Clawitzer, F|346\/346
|turn|1
|
|move|p2a: Clawitzer|Scald|p1a: Chandelure
|-supereffective|p1a: Chandelure
|-enditem|p1a: Chandelure|Focus Sash
|-damage|p1a: Chandelure|1\/324
|move|p1a: Chandelure|Trick Room|p1a: Chandelure
|-fieldstart|move: Trick Room|[of] p1a: Chandelure
|
|turn|2
|
|move|p1a: Chandelure|Energy Ball|p2a: Clawitzer
|-supereffective|p2a: Clawitzer
|-damage|p2a: Clawitzer|52\/346
|move|p2a: Clawitzer|Scald|p1a: Chandelure
|-supereffective|p1a: Chandelure
|-damage|p1a: Chandelure|0 fnt
|faint|p1a: Chandelure
|
|
|switch|p1a: Ampharos|Ampharos, M|384\/384
|turn|3
|
|detailschange|p1a: Ampharos|Ampharos-Mega, M
|message|Ampharos has Mega Evolved into Mega Ampharos!
|-ability|p1a: Ampharos|Mold Breaker
|move|p1a: Ampharos|Dragon Pulse|p2a: Clawitzer
|-damage|p2a: Clawitzer|0 fnt
|faint|p2a: Clawitzer
|
|
|switch|p2a: Amoonguss|Amoonguss, M|432\/432
|turn|4
|
|move|p2a: Amoonguss|Spore|p1a: Ampharos
|-status|p1a: Ampharos|slp
|cant|p1a: Ampharos|slp
|
|turn|5
|
|move|p2a: Amoonguss|Toxic|p1a: Ampharos
|-fail|p1a: Ampharos
|cant|p1a: Ampharos|slp
|
|-fieldend|move: Trick Room
|turn|6
|
|switch|p1a: Dusclops|Dusclops, F|284\/284
|-item|p2a: Amoonguss|Black Sludge|[from] ability: Frisk|[of] p1a: Dusclops|[identify]
|switch|p2a: Victini|Victini|342\/342
|
|turn|7
|
|move|p2a: Victini|V-create|p1a: Dusclops
|-damage|p1a: Dusclops|113\/284
|-unboost|p2a: Victini|def|1
|-unboost|p2a: Victini|spd|1
|-unboost|p2a: Victini|spe|1
|move|p1a: Dusclops|Trick Room|p1a: Dusclops
|-fieldstart|move: Trick Room|[of] p1a: Dusclops
|
|turn|8
|
|move|p1a: Dusclops|Pain Split|p2a: Victini
|-sethp|p2a: Victini|227\/342|p1a: Dusclops|227\/284|[from] move: Pain Split
|move|p2a: Victini|V-create|p1a: Dusclops
|-damage|p1a: Dusclops|58\/284
|-unboost|p2a: Victini|def|1
|-unboost|p2a: Victini|spd|1
|-unboost|p2a: Victini|spe|1
|
|turn|9
|
|move|p1a: Dusclops|Night Shade|p2a: Victini
|-damage|p2a: Victini|127\/342
|move|p2a: Victini|V-create|p1a: Dusclops
|-damage|p1a: Dusclops|0 fnt
|-unboost|p2a: Victini|def|1
|-unboost|p2a: Victini|spd|1
|-unboost|p2a: Victini|spe|1
|faint|p1a: Dusclops
|
|
|switch|p1a: Hariyama|Hariyama, F|492\/492
|turn|10
|
|switch|p2a: Gligar|Gligar, F|334\/334
|move|p1a: Hariyama|Fake Out|p2a: Gligar
|-damage|p2a: Gligar|309\/334
|
|-status|p1a: Hariyama|brn|[from] item: Flame Orb
|turn|11
|
|move|p1a: Hariyama|Ice Punch|p2a: Gligar
|-supereffective|p2a: Gligar
|-damage|p2a: Gligar|37\/334
|move|p2a: Gligar|Stealth Rock|p1a: Hariyama
|-sidestart|p1: WhatDelphoxsay|move: Stealth Rock
|
|-damage|p1a: Hariyama|431\/492 brn|[from] brn
|-fieldend|move: Trick Room
|turn|12
|
|move|p2a: Gligar|Taunt|p1a: Hariyama
|-start|p1a: Hariyama|move: Taunt
|move|p1a: Hariyama|Ice Punch|p2a: Gligar
|-supereffective|p2a: Gligar
|-damage|p2a: Gligar|0 fnt
|faint|p2a: Gligar
|
|-damage|p1a: Hariyama|370\/492 brn|[from] brn
|
|switch|p2a: Victini|Victini|127\/342
|turn|13
|
|move|p2a: Victini|V-create|p1a: Hariyama
|-damage|p1a: Hariyama|0 fnt
|-unboost|p2a: Victini|def|1
|-unboost|p2a: Victini|spd|1
|-unboost|p2a: Victini|spe|1
|faint|p1a: Hariyama
|
|
|switch|p1a: Cresselia|Cresselia, F|444\/444
|-damage|p1a: Cresselia|389\/444|[from] Stealth Rock
|turn|14
|
|move|p2a: Victini|V-create|p1a: Cresselia
|-damage|p1a: Cresselia|0 fnt
|-unboost|p2a: Victini|def|1
|-unboost|p2a: Victini|spd|1
|-unboost|p2a: Victini|spe|1
|faint|p1a: Cresselia
|
|
|switch|p1a: Reuniclus|Reuniclus, F|424\/424
|turn|15
|
|move|p2a: Victini|V-create|p1a: Reuniclus
|-crit|p1a: Reuniclus
|-damage|p1a: Reuniclus|0 fnt
|-unboost|p2a: Victini|def|1
|-unboost|p2a: Victini|spd|1
|-unboost|p2a: Victini|spe|1
|faint|p1a: Reuniclus
|
|-message|WhatDelphoxsay forfeited.
|
|win|KingOfSimbas
|raw|Ladder updating...
|leave|WhatDelphoxsay
|player|p1
|raw|WhatDelphoxsay's rating: 1385 &rarr; <strong>1371<\/strong><br \/>(-14 for losing)
|raw|KingOfSimbas's rating: 1496 &rarr; <strong>1510<\/strong><br \/>(+14 for winning)