|join|kingofsimbas
|join|2276a
|player|p1|kingofsimbas|126
|player|p2|2276a|162
|gametype|singles
|gen|6
|tier|UU
|rated
|rule|Sleep Clause Mod: Limit one foe put to sleep
|rule|Species Clause: Limit one of each PokÃ©mon
|rule|OHKO Clause: OHKO moves are banned
|rule|Moody Clause: Moody is banned
|rule|Evasion Moves Clause: Evasion moves are banned
|rule|Endless Battle Clause: Forcing endless battles is banned
|rule|HP Percentage Mod: HP is shown in percentages
|clearpoke
|poke|p1|Beedrill, F, shiny
|poke|p1|Diancie
|poke|p1|Raikou
|poke|p1|Alakazam, F
|poke|p1|Vaporeon, M
|poke|p1|Forretress, F
|poke|p2|Suicune
|poke|p2|Zygarde
|poke|p2|Forretress, M
|poke|p2|Chandelure, M
|poke|p2|Shaymin
|poke|p2|Aerodactyl, M
|rule|Swagger Clause: Swagger is banned
|rule|Baton Pass Clause: Limit one PokÃ©mon knowing Baton Pass
|teampreview
|
|start
|switch|p1a: Diancie|Diancie|255\/255
|switch|p2a: Zygarde|Zygarde|379\/379
|-ability|p2a: Zygarde|Aura Break
|turn|1
|
|move|p2a: Zygarde|Earthquake|p1a: Diancie
|-supereffective|p1a: Diancie
|-damage|p1a: Diancie|93\/255
|move|p1a: Diancie|Stealth Rock|p2a: Zygarde
|-sidestart|p2: 2276a|move: Stealth Rock
|
|turn|2
|
|move|p2a: Zygarde|Earthquake|p1a: Diancie
|-supereffective|p1a: Diancie
|-damage|p1a: Diancie|0 fnt
|faint|p1a: Diancie
|
|
|switch|p1a: Vaporeon|Vaporeon, M|463\/463
|turn|3
|
|switch|p1a: Raikou|Raikou|321\/321
|-ability|p1a: Raikou|Pressure
|move|p2a: Zygarde|Substitute|p2a: Zygarde
|-start|p2a: Zygarde|Substitute
|-damage|p2a: Zygarde|285\/379
|
|-heal|p2a: Zygarde|308\/379|[from] item: Leftovers
|turn|4
|c|âkingofsimbas|omg
|
|move|p1a: Raikou|Hidden Power|p2a: Zygarde
|-activate|p2a: Zygarde|Substitute|[damage]
|move|p2a: Zygarde|Earthquake|p1a: Raikou
|-supereffective|p1a: Raikou
|-damage|p1a: Raikou|33\/321
|
|-heal|p1a: Raikou|53\/321|[from] item: Leftovers
|-heal|p2a: Zygarde|331\/379|[from] item: Leftovers
|turn|5
|
|move|p1a: Raikou|Hidden Power|p2a: Zygarde
|-end|p2a: Zygarde|Substitute
|move|p2a: Zygarde|Earthquake|p1a: Raikou
|-supereffective|p1a: Raikou
|-damage|p1a: Raikou|0 fnt
|faint|p1a: Raikou
|
|-heal|p2a: Zygarde|354\/379|[from] item: Leftovers
|
|switch|p1a: Vaporeon|Vaporeon, M|463\/463
|turn|6
|
|move|p2a: Zygarde|Substitute|p2a: Zygarde
|-start|p2a: Zygarde|Substitute
|-damage|p2a: Zygarde|260\/379
|move|p1a: Vaporeon|Ice Beam|p2a: Zygarde
|-supereffective|p2a: Zygarde
|-end|p2a: Zygarde|Substitute
|
|-heal|p2a: Zygarde|283\/379|[from] item: Leftovers
|turn|7
|
|switch|p2a: Forretress|Forretress, M|353\/353
|-damage|p2a: Forretress|309\/353|[from] Stealth Rock
|move|p1a: Vaporeon|Ice Beam|p2a: Forretress
|-resisted|p2a: Forretress
|-damage|p2a: Forretress|260\/353
|
|-heal|p2a: Forretress|282\/353|[from] item: Leftovers
|turn|8
|
|move|p1a: Vaporeon|Hidden Power|p2a: Forretress
|-supereffective|p2a: Forretress
|-damage|p2a: Forretress|0 fnt
|faint|p2a: Forretress
|
|
|switch|p2a: Aerodactyl|Aerodactyl, M|301\/301
|-damage|p2a: Aerodactyl|226\/301|[from] Stealth Rock
|turn|9
|
|detailschange|p2a: Aerodactyl|Aerodactyl-Mega, M
|-mega|p2a: Aerodactyl|Aerodactyl|Aerodactylite
|move|p2a: Aerodactyl|Thunder Fang|p1a: Vaporeon
|-crit|p1a: Vaporeon
|-supereffective|p1a: Vaporeon
|-damage|p1a: Vaporeon|0 fnt
|faint|p1a: Vaporeon
|
|
|switch|p1a: Forretress|Forretress, F|354\/354
|turn|10
|
|move|p2a: Aerodactyl|Thunder Fang|p1a: Forretress
|-crit|p1a: Forretress
|-damage|p1a: Forretress|257\/354
|-status|p1a: Forretress|par
|move|p1a: Forretress|Gyro Ball|p2a: Aerodactyl
|-supereffective|p2a: Aerodactyl
|-damage|p2a: Aerodactyl|0 fnt
|faint|p2a: Aerodactyl
|
|-heal|p1a: Forretress|279\/354 par|[from] item: Leftovers
|
|switch|p2a: Chandelure|Chandelure, M|261\/261
|-damage|p2a: Chandelure|196\/261|[from] Stealth Rock
|turn|11
|
|move|p2a: Chandelure|Flamethrower|p1a: Forretress
|-supereffective|p1a: Forretress
|-damage|p1a: Forretress|0 fnt
|faint|p1a: Forretress
|
|
|switch|p1a: Alakazam|Alakazam, F|251\/251
|turn|12
|
|move|p2a: Chandelure|Flamethrower|p1a: Alakazam
|-damage|p1a: Alakazam|83\/251
|move|p1a: Alakazam|Calm Mind|p1a: Alakazam
|-boost|p1a: Alakazam|spa|1
|-boost|p1a: Alakazam|spd|1
|
|turn|13
|
|move|p2a: Chandelure|Flamethrower|p1a: Alakazam
|-damage|p1a: Alakazam|0 fnt
|faint|p1a: Alakazam
|
|
|switch|p1a: Stacey|Beedrill, F, shiny|271\/271
|turn|14
|
|switch|p2a: Zygarde|Zygarde|283\/379
|-damage|p2a: Zygarde|260\/379|[from] Stealth Rock
|-ability|p2a: Zygarde|Aura Break
|detailschange|p1a: Stacey|Beedrill-Mega, F, shiny
|-mega|p1a: Stacey|Beedrill|Beedrillite
|move|p1a: Stacey|Poison Jab|p2a: Zygarde
|-resisted|p2a: Zygarde
|-damage|p2a: Zygarde|172\/379
|
|-heal|p2a: Zygarde|195\/379|[from] item: Leftovers
|turn|15
|
|move|p1a: Stacey|Poison Jab|p2a: Zygarde
|-resisted|p2a: Zygarde
|-damage|p2a: Zygarde|112\/379
|move|p2a: Zygarde|Coil|p2a: Zygarde
|-boost|p2a: Zygarde|atk|1
|-boost|p2a: Zygarde|def|1
|-boost|p2a: Zygarde|accuracy|1
|
|-heal|p2a: Zygarde|135\/379|[from] item: Leftovers
|turn|16
|
|move|p1a: Stacey|Poison Jab|p2a: Zygarde
|-resisted|p2a: Zygarde
|-damage|p2a: Zygarde|75\/379
|-status|p2a: Zygarde|psn
|move|p2a: Zygarde|Earthquake|p1a: Stacey
|-damage|p1a: Stacey|0 fnt
|faint|p1a: Stacey
|
|win|2276a
|raw|Ladder updating...
|raw|kingofsimbas's rating: 1341 &rarr; <strong>1320<\/strong><br \/>(-21 for losing)
|raw|2276a's rating: 1331 &rarr; <strong>1352<\/strong><br \/>(+21 for winning)