|join|y\/n Sage DH
|join|KingOfSimbas
|player|p1|y\/n Sage DH|108
|player|p2|KingOfSimbas|7
|gametype|singles
|gen|6
|tier|UU
|rated
|rule|Sleep Clause Mod: Limit one foe put to sleep
|rule|Species Clause: Limit one of each PokÃ©mon
|rule|OHKO Clause: OHKO moves are banned
|rule|Moody Clause: Moody is banned
|rule|Evasion Moves Clause: Evasion moves are banned
|rule|Endless Battle Clause: Forcing endless battles is banned
|rule|HP Percentage Mod: HP is reported as percentages
|clearpoke
|poke|p1|Meloetta
|poke|p1|Rhyperior, F
|poke|p1|Alomomola, M
|poke|p1|Virizion
|poke|p1|Crobat, F
|poke|p1|Umbreon, F
|poke|p2|Aggron, F
|poke|p2|Heracross, M
|poke|p2|Mew
|poke|p2|Porygon2
|poke|p2|Crobat, M
|poke|p2|Sableye, M
|rule|Swagger Clause: Swagger is banned
|rule|Baton Pass Clause: Limit one PokÃ©mon knowing Baton Pass
|teampreview
|chat|y\/n Sage DH|gl hf
|
|start
|switch|p1a: Brobat|Crobat, F|343\/343
|switch|p2a: Aggron|Aggron, F|344\/344
|turn|1
|
|detailschange|p2a: Aggron|Aggron-Mega, F
|message|Aggron has Mega Evolved into Mega Aggron!
|move|p1a: Brobat|U-turn|p2a: Aggron
|-resisted|p2a: Aggron
|-damage|p2a: Aggron|327\/344
|
|switch|p1a: Big Luvdisc|Alomomola, M|534\/534
|move|p2a: Aggron|Iron Head|p1a: Big Luvdisc
|-resisted|p1a: Big Luvdisc
|-damage|p1a: Big Luvdisc|463\/534
|-damage|p2a: Aggron|270\/344|[from] item: Rocky Helmet|[of] p1a: Big Luvdisc
|
|turn|2
|join|So Dynamic
|
|switch|p2a: Porygon2|Porygon2|311\/311
|move|p1a: Big Luvdisc|Wish|p1a: Big Luvdisc
|
|turn|3
|chat|y\/n Sage DH|megaggron is tough too
|
|switch|p1a: Verizon|Virizion|324\/324
|move|p2a: Porygon2|Charge Beam|p1a: Verizon
|-resisted|p1a: Verizon
|-damage|p1a: Verizon|292\/324
|-boost|p2a: Porygon2|spa|1
|
|-heal|p1a: Verizon|324\/324|[from] move: Wish|[wisher] Big Luvdisc
|turn|4
|
|move|p1a: Verizon|Swords Dance|p1a: Verizon
|-boost|p1a: Verizon|atk|2
|move|p2a: Porygon2|Tri Attack|p1a: Verizon
|-damage|p1a: Verizon|122\/324
|
|turn|5
|
|switch|p2a: Crobat|Crobat, M|351\/351
|move|p1a: Verizon|Close Combat|p2a: Crobat
|-resisted|p2a: Crobat
|-damage|p2a: Crobat|215\/351
|-unboost|p1a: Verizon|def|1
|-unboost|p1a: Verizon|spd|1
|-damage|p1a: Verizon|90\/324|[from] item: Life Orb
|
|-heal|p2a: Crobat|236\/351|[from] item: Leftovers
|turn|6
|
|switch|p1a: Big Luvdisc|Alomomola, M|534\/534
|move|p2a: Crobat|U-turn|p1a: Big Luvdisc
|-damage|p1a: Big Luvdisc|487\/534
|-damage|p2a: Crobat|178\/351|[from] item: Rocky Helmet|[of] p1a: Big Luvdisc
|
|switch|p2a: Porygon2|Porygon2|311\/311
|
|turn|7
|
|move|p1a: Big Luvdisc|Toxic|p2a: Porygon2
|-status|p2a: Porygon2|tox
|move|p2a: Porygon2|Shadow Ball|p1a: Big Luvdisc
|-damage|p1a: Big Luvdisc|252\/534
|
|-damage|p2a: Porygon2|292\/311 tox|[from] psn
|turn|8
|
|switch|p1a: Taylor Swift|Meloetta|404\/404
|move|p2a: Porygon2|Shadow Ball|p1a: Taylor Swift
|-immune|p1a: Taylor Swift|[msg]
|
|-damage|p2a: Porygon2|254\/311 tox|[from] psn
|turn|9
|
|move|p1a: Taylor Swift|Hyper Voice|p2a: Porygon2
|-damage|p2a: Porygon2|145\/311 tox
|move|p2a: Porygon2|Tri Attack|p1a: Taylor Swift
|-crit|p1a: Taylor Swift
|-damage|p1a: Taylor Swift|269\/404
|
|-damage|p2a: Porygon2|88\/311 tox|[from] psn
|turn|10
|
|switch|p2a: Sableye|Sableye, M|304\/304
|move|p1a: Taylor Swift|Hyper Voice|p2a: Sableye
|-immune|p2a: Sableye|[msg]
|
|turn|11
|
|switch|p2a: Aggron|Aggron-Mega, F|270\/344
|move|p1a: Taylor Swift|Dazzling Gleam|p2a: Aggron
|-resisted|p2a: Aggron
|-damage|p2a: Aggron|206\/344
|
|turn|12
|
|switch|p1a: Big Luvdisc|Alomomola, M|430\/534
|move|p2a: Aggron|Dragon Tail|p1a: Big Luvdisc
|-damage|p1a: Big Luvdisc|361\/534
|-damage|p2a: Aggron|149\/344|[from] item: Rocky Helmet|[of] p1a: Big Luvdisc
|drag|p1a: Verizon|Virizion|90\/324
|
|turn|13
|
|move|p1a: Verizon|Close Combat|p2a: Aggron
|-supereffective|p2a: Aggron
|-damage|p2a: Aggron|0 fnt
|-unboost|p1a: Verizon|def|1
|-unboost|p1a: Verizon|spd|1
|-damage|p1a: Verizon|58\/324|[from] item: Life Orb
|faint|p2a: Aggron
|
|
|switch|p2a: Crobat|Crobat, M|178\/351
|turn|14
|
|switch|p1a: Roadblock|Rhyperior, F|434\/434
|move|p2a: Crobat|U-turn|p1a: Roadblock
|-damage|p1a: Roadblock|387\/434
|
|switch|p2a: Mew|Mew|341\/341
|
|-heal|p1a: Roadblock|414\/434|[from] item: Leftovers
|turn|15
|
|move|p2a: Mew|Trick|p1a: Roadblock
|-activate|p2a: Mew|move: Trick|[of] p1a: Roadblock
|-item|p1a: Roadblock|Choice Specs|[from] move: Trick
|-item|p2a: Mew|Leftovers|[from] move: Trick
|move|p1a: Roadblock|Stealth Rock|p2a: Mew
|-sidestart|p2: KingOfSimbas|move: Stealth Rock
|
|turn|16
|
|switch|p1a: Polaris|Umbreon, F|394\/394
|move|p2a: Mew|Psychic|p1a: Polaris
|-immune|p1a: Polaris|[msg]
|
|turn|17
|join|Dark H Spook
|
|move|p2a: Mew|Dazzling Gleam|p1a: Polaris
|-supereffective|p1a: Polaris
|-damage|p1a: Polaris|300\/394
|move|p1a: Polaris|Foul Play|p2a: Mew
|-supereffective|p2a: Mew
|-damage|p2a: Mew|131\/341
|
|-heal|p2a: Mew|152\/341|[from] item: Leftovers
|-heal|p1a: Polaris|324\/394|[from] item: Leftovers
|turn|18
|
|move|p2a: Mew|Dazzling Gleam|p1a: Polaris
|-supereffective|p1a: Polaris
|-damage|p1a: Polaris|226\/394
|move|p1a: Polaris|Foul Play|p2a: Mew
|-supereffective|p2a: Mew
|-damage|p2a: Mew|0 fnt
|faint|p2a: Mew
|
|-heal|p1a: Polaris|250\/394|[from] item: Leftovers
|
|switch|p2a: Heracross|Heracross, M|302\/302
|-damage|p2a: Heracross|265\/302|[from] Stealth Rock
|turn|19
|leave|Dark H Spook
|
|switch|p1a: Big Luvdisc|Alomomola, M|534\/534
|move|p2a: Heracross|Stone Edge|p1a: Big Luvdisc
|-damage|p1a: Big Luvdisc|392\/534
|-damage|p2a: Heracross|235\/302|[from] item: Life Orb
|
|turn|20
|
|switch|p2a: Crobat|Crobat, M|178\/351
|-damage|p2a: Crobat|91\/351|[from] Stealth Rock
|move|p1a: Big Luvdisc|Wish|p1a: Big Luvdisc
|
|-heal|p2a: Crobat|112\/351|[from] item: Leftovers
|turn|21
|
|switch|p1a: Taylor Swift|Meloetta|269\/404
|move|p2a: Crobat|Roost|p2a: Crobat
|-heal|p2a: Crobat|288\/351
|
|-heal|p1a: Taylor Swift|404\/404|[from] move: Wish|[wisher] Big Luvdisc
|-heal|p2a: Crobat|309\/351|[from] item: Leftovers
|turn|22
|
|move|p2a: Crobat|Defog|p1a: Taylor Swift
|-unboost|p1a: Taylor Swift|evasion|1
|-sideend|p2: KingOfSimbas|Stealth Rock|[from] move: Defog|[of] p2a: Crobat
|move|p1a: Taylor Swift|Psychic|p2a: Crobat
|-supereffective|p2a: Crobat
|-damage|p2a: Crobat|0 fnt
|faint|p2a: Crobat
|
|
|switch|p2a: Sableye|Sableye, M|304\/304
|turn|23
|
|move|p2a: Sableye|Calm Mind|p2a: Sableye
|-boost|p2a: Sableye|spa|1
|-boost|p2a: Sableye|spd|1
|move|p1a: Taylor Swift|Dazzling Gleam|p2a: Sableye
|-supereffective|p2a: Sableye
|-damage|p2a: Sableye|108\/304
|
|-heal|p2a: Sableye|127\/304|[from] item: Leftovers
|turn|24
|
|move|p2a: Sableye|Calm Mind|p2a: Sableye
|-boost|p2a: Sableye|spa|1
|-boost|p2a: Sableye|spd|1
|move|p1a: Taylor Swift|Dazzling Gleam|p2a: Sableye
|-supereffective|p2a: Sableye
|-damage|p2a: Sableye|0 fnt
|faint|p2a: Sableye
|
|
|switch|p2a: Heracross|Heracross, M|235\/302
|turn|25
|chat|y\/n Sage DH|what moves did sable have
|
|switch|p1a: Big Luvdisc|Alomomola, M|534\/534
|move|p2a: Heracross|Megahorn|p1a: Big Luvdisc
|-damage|p1a: Big Luvdisc|299\/534
|-damage|p2a: Heracross|185\/302|[from] item: Rocky Helmet|[of] p1a: Big Luvdisc
|-damage|p2a: Heracross|155\/302|[from] item: Life Orb
|
|turn|26
|
|switch|p2a: Porygon2|Porygon2|88\/311 tox
|move|p1a: Big Luvdisc|Wish|p1a: Big Luvdisc
|
|-damage|p2a: Porygon2|69\/311 tox|[from] psn
|turn|27
|
|switch|p1a: Verizon|Virizion|58\/324
|move|p2a: Porygon2|Recover|p2a: Porygon2
|-heal|p2a: Porygon2|225\/311 tox
|
|-heal|p1a: Verizon|324\/324|[from] move: Wish|[wisher] Big Luvdisc
|-damage|p2a: Porygon2|187\/311 tox|[from] psn
|turn|28
|
|move|p1a: Verizon|Close Combat|p2a: Porygon2
|-supereffective|p2a: Porygon2
|-damage|p2a: Porygon2|0 fnt
|-unboost|p1a: Verizon|def|1
|-unboost|p1a: Verizon|spd|1
|-damage|p1a: Verizon|292\/324|[from] item: Life Orb
|faint|p2a: Porygon2
|
|-message|KingOfSimbas forfeited.
|
|win|y\/n Sage DH
|raw|Ladder updating...
|leave|KingOfSimbas
|player|p2
|raw|y&#x2f;n Sage DH's rating: 1437 &rarr; <strong>1455<\/strong><br \/>(+18 for winning)
|raw|KingOfSimbas's rating: 1406 &rarr; <strong>1388<\/strong><br \/>(-18 for losing)
|leave|y\/n Sage DH
|player|p1