|join|KingOfSimbas
|join|Tom AtoeSauce
|player|p1|KingOfSimbas|7
|player|p2|Tom AtoeSauce|206
|gametype|singles
|gen|6
|tier|UU
|rated
|rule|Sleep Clause Mod: Limit one foe put to sleep
|rule|Species Clause: Limit one of each PokÃ©mon
|rule|OHKO Clause: OHKO moves are banned
|rule|Moody Clause: Moody is banned
|rule|Evasion Moves Clause: Evasion moves are banned
|rule|Endless Battle Clause: Forcing endless battles is banned
|rule|HP Percentage Mod: HP is shown in percentages
|clearpoke
|poke|p1|Hippowdon, M
|poke|p1|Stoutland, F
|poke|p1|Aerodactyl, F
|poke|p1|Alakazam, F
|poke|p1|Tentacruel, M
|poke|p1|Aromatisse, M
|poke|p2|Blastoise, F, shiny
|poke|p2|Arcanine, F, shiny
|poke|p2|Nidoking, M, shiny
|poke|p2|Exeggutor, F, shiny
|poke|p2|Alakazam, F, shiny
|poke|p2|Rhyperior, F, shiny
|rule|Swagger Clause: Swagger is banned
|rule|Baton Pass Clause: Limit one PokÃ©mon knowing Baton Pass
|teampreview
|
|start
|switch|p1a: Tentacruel|Tentacruel, M|364\/364
|switch|p2a: Rhyperior|Rhyperior, F, shiny|434\/434
|turn|1
|
|move|p1a: Tentacruel|Scald|p2a: Rhyperior
|-supereffective|p2a: Rhyperior
|-damage|p2a: Rhyperior|161\/434
|move|p2a: Rhyperior|Earthquake|p1a: Tentacruel
|-supereffective|p1a: Tentacruel
|-damage|p1a: Tentacruel|0 fnt
|faint|p1a: Tentacruel
|
|
|switch|p1a: Alakazam|Alakazam, F|252\/252
|turn|2
|
|switch|p2a: Arcanine|Arcanine, F, shiny|384\/384
|move|p1a: Alakazam|Shadow Ball|p2a: Arcanine
|-damage|p2a: Arcanine|297\/384
|
|-heal|p2a: Arcanine|321\/384|[from] item: Leftovers
|turn|3
|
|switch|p1a: Aromatisse|Aromatisse, M|406\/406
|move|p2a: Arcanine|Will-O-Wisp|p1a: Aromatisse
|-status|p1a: Aromatisse|brn
|
|-heal|p2a: Arcanine|345\/384|[from] item: Leftovers
|-damage|p1a: Aromatisse|356\/406 brn|[from] brn
|turn|4
|
|switch|p1a: Hippowdon|Hippowdon, M|420\/420
|-weather|Sandstorm
|move|p2a: Arcanine|Protect|p2a: Arcanine
|-fail|p2a: Arcanine
|
|-weather|Sandstorm|[upkeep]
|-damage|p2a: Arcanine|321\/384|[from] sandstorm
|-heal|p2a: Arcanine|345\/384|[from] item: Leftovers
|turn|5
|
|move|p2a: Arcanine|Will-O-Wisp|p1a: Hippowdon
|-status|p1a: Hippowdon|brn
|move|p1a: Hippowdon|Stealth Rock|p2a: Arcanine
|-sidestart|p2: Tom AtoeSauce|move: Stealth Rock
|
|-weather|Sandstorm|[upkeep]
|-damage|p2a: Arcanine|321\/384|[from] sandstorm
|-heal|p2a: Arcanine|345\/384|[from] item: Leftovers
|-damage|p1a: Hippowdon|368\/420 brn|[from] brn
|turn|6
|
|move|p2a: Arcanine|Flare Blitz|p1a: Hippowdon
|-damage|p1a: Hippowdon|272\/420 brn
|-damage|p2a: Arcanine|313\/384|[from] recoil|[of] p1a: Hippowdon
|move|p1a: Hippowdon|Roar|p2a: Arcanine
|drag|p2a: Rhyperior|Rhyperior, F, shiny|161\/434
|-damage|p2a: Rhyperior|134\/434|[from] Stealth Rock
|
|-weather|Sandstorm|[upkeep]
|-heal|p1a: Hippowdon|298\/420 brn|[from] item: Leftovers
|-damage|p1a: Hippowdon|246\/420 brn|[from] brn
|turn|7
|
|move|p1a: Hippowdon|Slack Off|p1a: Hippowdon
|-heal|p1a: Hippowdon|420\/420 brn
|move|p2a: Rhyperior|Avalanche|p1a: Hippowdon
|-supereffective|p1a: Hippowdon
|-damage|p1a: Hippowdon|306\/420 brn
|
|-weather|Sandstorm|[upkeep]
|-heal|p1a: Hippowdon|332\/420 brn|[from] item: Leftovers
|-damage|p1a: Hippowdon|280\/420 brn|[from] brn
|turn|8
|
|switch|p1a: Aromatisse|Aromatisse, M|356\/406 brn
|move|p2a: Rhyperior|Earthquake|p1a: Aromatisse
|-damage|p1a: Aromatisse|137\/406 brn
|
|-weather|none
|-heal|p1a: Aromatisse|162\/406 brn|[from] item: Leftovers
|-damage|p1a: Aromatisse|112\/406 brn|[from] brn
|turn|9
|
|switch|p2a: Blastoise|Blastoise, F, shiny|362\/362
|-damage|p2a: Blastoise|317\/362|[from] Stealth Rock
|move|p1a: Aromatisse|Moonblast|p2a: Blastoise
|-damage|p2a: Blastoise|197\/362
|-unboost|p2a: Blastoise|spa|1
|
|-heal|p1a: Aromatisse|137\/406 brn|[from] item: Leftovers
|-damage|p1a: Aromatisse|87\/406 brn|[from] brn
|turn|10
|
|detailschange|p2a: Blastoise|Blastoise-Mega, F, shiny
|message|Blastoise has Mega Evolved into Mega Blastoise!
|move|p2a: Blastoise|Rapid Spin|p1a: Aromatisse
|-damage|p1a: Aromatisse|72\/406 brn
|-sideend|p2: Tom AtoeSauce|Stealth Rock|[from] move: Rapid Spin|[of] p2a: Blastoise
|move|p1a: Aromatisse|Moonblast|p2a: Blastoise
|-damage|p2a: Blastoise|95\/362
|-unboost|p2a: Blastoise|spa|1
|
|-heal|p1a: Aromatisse|97\/406 brn|[from] item: Leftovers
|-damage|p1a: Aromatisse|47\/406 brn|[from] brn
|turn|11
|
|move|p2a: Blastoise|Water Pulse|p1a: Aromatisse
|-damage|p1a: Aromatisse|0 fnt
|faint|p1a: Aromatisse
|
|
|switch|p1a: Alakazam|Alakazam, F|252\/252
|turn|12
|
|move|p1a: Alakazam|Psyshock|p2a: Blastoise
|-damage|p2a: Blastoise|0 fnt
|faint|p2a: Blastoise
|
|
|switch|p2a: Arcanine|Arcanine, F, shiny|313\/384
|turn|13
|
|switch|p1a: Hippowdon|Hippowdon, M|280\/420 brn
|-weather|Sandstorm
|switch|p2a: Alakazam|Alakazam, F, shiny|252\/252
|
|-weather|Sandstorm|[upkeep]
|-heal|p1a: Hippowdon|306\/420 brn|[from] item: Leftovers
|-damage|p1a: Hippowdon|254\/420 brn|[from] brn
|turn|14
|
|move|p2a: Alakazam|Energy Ball|p1a: Hippowdon
|-supereffective|p1a: Hippowdon
|-damage|p1a: Hippowdon|0 fnt
|faint|p1a: Hippowdon
|
|-weather|Sandstorm|[upkeep]
|
|switch|p1a: Alakazam|Alakazam, F|252\/252
|turn|15
|
|switch|p2a: Rhyperior|Rhyperior, F, shiny|134\/434
|move|p1a: Alakazam|Shadow Ball|p2a: Rhyperior
|-damage|p2a: Rhyperior|68\/434
|
|-weather|Sandstorm|[upkeep]
|turn|16
|
|move|p1a: Alakazam|Shadow Ball|p2a: Rhyperior
|-damage|p2a: Rhyperior|0 fnt
|faint|p2a: Rhyperior
|
|-weather|Sandstorm|[upkeep]
|
|switch|p2a: Arcanine|Arcanine, F, shiny|313\/384
|turn|17
|
|switch|p1a: Stoutland|Stoutland, F|311\/311
|move|p2a: Arcanine|Flare Blitz|p1a: Stoutland
|-damage|p1a: Stoutland|134\/311
|-damage|p2a: Arcanine|255\/384|[from] recoil|[of] p1a: Stoutland
|
|-weather|none
|-heal|p2a: Arcanine|279\/384|[from] item: Leftovers
|turn|18
|
|move|p2a: Arcanine|Protect|p2a: Arcanine
|-singleturn|p2a: Arcanine|Protect
|move|p1a: Stoutland|Return|p2a: Arcanine
|-activate|p2a: Arcanine|Protect
|
|-heal|p2a: Arcanine|303\/384|[from] item: Leftovers
|turn|19
|
|switch|p2a: Exeggutor|Exeggutor, F, shiny|394\/394
|move|p1a: Stoutland|Return|p2a: Exeggutor
|-damage|p2a: Exeggutor|195\/394
|
|-heal|p2a: Exeggutor|219\/394|[from] item: Leftovers
|turn|20
|
|move|p1a: Stoutland|Return|p2a: Exeggutor
|-damage|p2a: Exeggutor|8\/394
|move|p2a: Exeggutor|Giga Drain|p1a: Stoutland
|-damage|p1a: Stoutland|13\/311
|-heal|p2a: Exeggutor|69\/394|[from] drain|[of] p1a: Stoutland
|
|-heal|p2a: Exeggutor|93\/394|[from] item: Leftovers
|turn|21
|
|move|p1a: Stoutland|Return|p2a: Exeggutor
|-damage|p2a: Exeggutor|0 fnt
|faint|p2a: Exeggutor
|
|
|switch|p2a: Nidoking|Nidoking, M, shiny|303\/303
|turn|22
|
|move|p2a: Nidoking|Poison Jab|p1a: Stoutland
|-damage|p1a: Stoutland|0 fnt
|faint|p1a: Stoutland
|
|
|switch|p1a: Serj tankian|Aerodactyl, F|302\/302
|turn|23
|
|detailschange|p1a: Serj tankian|Aerodactyl-Mega, F
|message|Aerodactyl has Mega Evolved into Mega Aerodactyl!
|move|p1a: Serj tankian|Aerial Ace|p2a: Nidoking
|-damage|p2a: Nidoking|129\/303
|move|p2a: Nidoking|Thunderbolt|p1a: Serj tankian
|-supereffective|p1a: Serj tankian
|-damage|p1a: Serj tankian|81\/302
|
|turn|24
|
|move|p1a: Serj tankian|Aerial Ace|p2a: Nidoking
|-damage|p2a: Nidoking|0 fnt
|faint|p2a: Nidoking
|
|
|switch|p2a: Alakazam|Alakazam, F, shiny|252\/252
|turn|25
|
|move|p1a: Serj tankian|Aerial Ace|p2a: Alakazam
|-enditem|p2a: Alakazam|Focus Sash
|-damage|p2a: Alakazam|1\/252
|move|p2a: Alakazam|Psyshock|p1a: Serj tankian
|-damage|p1a: Serj tankian|0 fnt
|faint|p1a: Serj tankian
|
|
|switch|p1a: Alakazam|Alakazam, F|252\/252
|turn|26
|
|move|p1a: Alakazam|Calm Mind|p1a: Alakazam
|-boost|p1a: Alakazam|spa|1
|-boost|p1a: Alakazam|spd|1
|move|p2a: Alakazam|Shadow Ball|p1a: Alakazam
|-supereffective|p1a: Alakazam
|-damage|p1a: Alakazam|102\/252
|
|turn|27
|
|move|p1a: Alakazam|Psyshock|p2a: Alakazam
|-crit|p2a: Alakazam
|-resisted|p2a: Alakazam
|-damage|p2a: Alakazam|0 fnt
|faint|p2a: Alakazam
|
|
|switch|p2a: Arcanine|Arcanine, F, shiny|303\/384
|turn|28
|
|move|p1a: Alakazam|Psyshock|p2a: Arcanine
|-damage|p2a: Arcanine|57\/384
|move|p2a: Arcanine|Flare Blitz|p1a: Alakazam
|-damage|p1a: Alakazam|0 fnt
|-damage|p2a: Arcanine|23\/384|[from] recoil|[of] p1a: Alakazam
|faint|p1a: Alakazam
|
|win|Tom AtoeSauce
|raw|Ladder updating...
|raw|KingOfSimbas's rating: 1423 &rarr; <strong>1399<\/strong><br \/>(-24 for losing)
|raw|Tom AtoeSauce's rating: 1349 &rarr; <strong>1373<\/strong><br \/>(+24 for winning)