|join|kingofsimbas
|join|pussyvillage
|player|p1|kingofsimbas|7
|player|p2|pussyvillage|237
|gametype|singles
|gen|6
|tier|UU
|rated
|rule|Sleep Clause Mod: Limit one foe put to sleep
|rule|Species Clause: Limit one of each PokÃ©mon
|rule|OHKO Clause: OHKO moves are banned
|rule|Moody Clause: Moody is banned
|rule|Evasion Moves Clause: Evasion moves are banned
|rule|Endless Battle Clause: Forcing endless battles is banned
|rule|HP Percentage Mod: HP is shown in percentages
|clearpoke
|poke|p1|Pidgeot, F
|poke|p1|Chandelure, F
|poke|p1|Jirachi
|poke|p1|Dugtrio, F
|poke|p1|Suicune
|poke|p1|Lucario, M
|poke|p2|Porygon2
|poke|p2|Cresselia, F
|poke|p2|Infernape, M
|poke|p2|Tentacruel, F
|poke|p2|Hydreigon, M
|poke|p2|Jirachi
|rule|Swagger Clause: Swagger is banned
|rule|Baton Pass Clause: Limit one PokÃ©mon knowing Baton Pass
|teampreview
|
|start
|switch|p1a: Jirachi|Jirachi|341\/341
|switch|p2a: Cresselia|Cresselia, F|444\/444
|turn|1
|
|switch|p2a: Jirachi|Jirachi|403\/403
|move|p1a: Jirachi|Trick|p2a: Jirachi
|-activate|p1a: Jirachi|move: Trick|[of] p2a: Jirachi
|-item|p2a: Jirachi|Choice Scarf|[from] move: Trick
|-item|p1a: Jirachi|Light Clay|[from] move: Trick
|
|turn|2
|join|QueenHonchkrow
|leave|QueenHonchkrow
|
|move|p2a: Jirachi|Iron Head|p1a: Jirachi
|-resisted|p1a: Jirachi
|-damage|p1a: Jirachi|296\/341
|cant|p1a: Jirachi|flinch
|
|turn|3
|
|move|p2a: Jirachi|Iron Head|p1a: Jirachi
|-resisted|p1a: Jirachi
|-damage|p1a: Jirachi|252\/341
|move|p1a: Jirachi|U-turn|p2a: Jirachi
|-damage|p2a: Jirachi|325\/403
|
|switch|p1a: Pidgeot|Pidgeot, F|307\/307
|
|turn|4
|
|detailschange|p1a: Pidgeot|Pidgeot-Mega, F
|-mega|p1a: Pidgeot|Pidgeot|Pidgeotite
|move|p2a: Jirachi|Iron Head|p1a: Pidgeot
|-damage|p1a: Pidgeot|199\/307
|cant|p1a: Pidgeot|flinch
|
|turn|5
|
|move|p1a: Pidgeot|Heat Wave|p2a: Jirachi
|-supereffective|p2a: Jirachi
|-damage|p2a: Jirachi|159\/403
|move|p2a: Jirachi|Iron Head|p1a: Pidgeot
|-damage|p1a: Pidgeot|85\/307
|
|turn|6
|
|switch|p2a: Tentacruel|Tentacruel, F|363\/363
|move|p1a: Pidgeot|Roost|p1a: Pidgeot
|-heal|p1a: Pidgeot|239\/307
|
|turn|7
|
|switch|p1a: Jirachi|Jirachi|252\/341
|move|p2a: Tentacruel|Scald|p1a: Jirachi
|-damage|p1a: Jirachi|179\/341
|
|turn|8
|
|move|p1a: Jirachi|Trick|p2a: Tentacruel
|-activate|p1a: Jirachi|move: Trick|[of] p2a: Tentacruel
|-item|p2a: Tentacruel|Light Clay|[from] move: Trick
|-item|p1a: Jirachi|Black Sludge|[from] move: Trick
|move|p2a: Tentacruel|Toxic Spikes|p1a: Jirachi
|-sidestart|p1: kingofsimbas|move: Toxic Spikes
|
|-damage|p1a: Jirachi|137\/341|[from] item: Black Sludge
|turn|9
|
|move|p1a: Jirachi|U-turn|p2a: Tentacruel
|-resisted|p2a: Tentacruel
|-damage|p2a: Tentacruel|327\/363
|
|switch|p1a: Pidgeot|Pidgeot-Mega, F|239\/307
|move|p2a: Tentacruel|Confuse Ray|p1a: Pidgeot
|-start|p1a: Pidgeot|confusion
|
|turn|10
|
|-activate|p1a: Pidgeot|confusion
|-damage|p1a: Pidgeot|212\/307|[from] confusion
|move|p2a: Tentacruel|Scald|p1a: Pidgeot
|-damage|p1a: Pidgeot|118\/307
|
|turn|11
|
|-end|p1a: Pidgeot|confusion
|move|p1a: Pidgeot|Roost|p1a: Pidgeot
|-heal|p1a: Pidgeot|272\/307
|move|p2a: Tentacruel|Scald|p1a: Pidgeot
|-damage|p1a: Pidgeot|172\/307
|
|turn|12
|
|move|p1a: Pidgeot|Defog|p2a: Tentacruel
|-fail|p2a: Tentacruel|unboost|[from] ability: Clear Body|[of] p2a: Tentacruel
|-sideend|p1: kingofsimbas|Toxic Spikes|[from] move: Defog|[of] p1a: Pidgeot
|move|p2a: Tentacruel|Scald|p1a: Pidgeot
|-damage|p1a: Pidgeot|81\/307
|
|turn|13
|
|move|p1a: Pidgeot|Roost|p1a: Pidgeot
|-heal|p1a: Pidgeot|235\/307
|move|p2a: Tentacruel|Confuse Ray|p1a: Pidgeot
|-start|p1a: Pidgeot|confusion
|
|turn|14
|
|-activate|p1a: Pidgeot|confusion
|-damage|p1a: Pidgeot|208\/307|[from] confusion
|move|p2a: Tentacruel|Scald|p1a: Pidgeot
|-damage|p1a: Pidgeot|123\/307
|
|turn|15
|
|-end|p1a: Pidgeot|confusion
|move|p1a: Pidgeot|Roost|p1a: Pidgeot
|-heal|p1a: Pidgeot|277\/307
|move|p2a: Tentacruel|Scald|p1a: Pidgeot
|-damage|p1a: Pidgeot|175\/307
|
|turn|16
|
|move|p1a: Pidgeot|Hurricane|p2a: Tentacruel
|-damage|p2a: Tentacruel|155\/363
|move|p2a: Tentacruel|Confuse Ray|p1a: Pidgeot
|-start|p1a: Pidgeot|confusion
|
|turn|17
|
|-activate|p1a: Pidgeot|confusion
|-damage|p1a: Pidgeot|147\/307|[from] confusion
|move|p2a: Tentacruel|Toxic Spikes|p1a: Pidgeot
|-sidestart|p1: kingofsimbas|move: Toxic Spikes
|
|turn|18
|
|switch|p2a: Porygon2|Porygon2|373\/373
|-ability|p2a: Porygon2|No Guard|[from] ability: Trace|[of] p1a: Pidgeot
|-end|p1a: Pidgeot|confusion
|move|p1a: Pidgeot|Hurricane|p2a: Porygon2
|-crit|p2a: Porygon2
|-damage|p2a: Porygon2|177\/373
|
|turn|19
|
|move|p1a: Pidgeot|Roost|p1a: Pidgeot
|-heal|p1a: Pidgeot|301\/307
|move|p2a: Porygon2|Recover|p2a: Porygon2
|-heal|p2a: Porygon2|364\/373
|
|turn|20
|
|switch|p1a: Jirachi|Jirachi|137\/341
|move|p2a: Porygon2|Discharge|p1a: Jirachi
|-damage|p1a: Jirachi|48\/341
|
|-damage|p1a: Jirachi|6\/341|[from] item: Black Sludge
|turn|21
|
|switch|p2a: Tentacruel|Tentacruel, F|155\/363
|move|p1a: Jirachi|Trick|p2a: Tentacruel
|-activate|p1a: Jirachi|move: Trick|[of] p2a: Tentacruel
|-item|p2a: Tentacruel|Black Sludge|[from] move: Trick
|-item|p1a: Jirachi|Light Clay|[from] move: Trick
|
|-heal|p2a: Tentacruel|177\/363|[from] item: Black Sludge
|turn|22
|
|move|p1a: Jirachi|Iron Head|p2a: Tentacruel
|-resisted|p2a: Tentacruel
|-damage|p2a: Tentacruel|117\/363
|cant|p2a: Tentacruel|flinch
|
|-heal|p2a: Tentacruel|139\/363|[from] item: Black Sludge
|turn|23
|
|move|p1a: Jirachi|Iron Head|p2a: Tentacruel
|-resisted|p2a: Tentacruel
|-damage|p2a: Tentacruel|82\/363
|move|p2a: Tentacruel|Scald|p1a: Jirachi
|-damage|p1a: Jirachi|0 fnt
|faint|p1a: Jirachi
|
|-heal|p2a: Tentacruel|104\/363|[from] item: Black Sludge
|
|switch|p1a: Pidgeot|Pidgeot-Mega, F|301\/307
|turn|24
|
|switch|p2a: Cresselia|Cresselia, F|444\/444
|move|p1a: Pidgeot|Hurricane|p2a: Cresselia
|-crit|p2a: Cresselia
|-damage|p2a: Cresselia|216\/444
|
|-heal|p2a: Cresselia|243\/444|[from] item: Leftovers
|turn|25
|
|move|p1a: Pidgeot|Hurricane|p2a: Cresselia
|-damage|p2a: Cresselia|93\/444
|-start|p2a: Cresselia|confusion
|-activate|p2a: Cresselia|confusion
|move|p2a: Cresselia|Moonlight|p2a: Cresselia
|-heal|p2a: Cresselia|315\/444
|
|-heal|p2a: Cresselia|342\/444|[from] item: Leftovers
|turn|26
|
|move|p1a: Pidgeot|Hurricane|p2a: Cresselia
|-damage|p2a: Cresselia|179\/444
|-activate|p2a: Cresselia|confusion
|-damage|p2a: Cresselia|166\/444|[from] confusion
|
|-heal|p2a: Cresselia|193\/444|[from] item: Leftovers
|turn|27
|
|switch|p2a: Porygon2|Porygon2|364\/373
|-ability|p2a: Porygon2|No Guard|[from] ability: Trace|[of] p1a: Pidgeot
|move|p1a: Pidgeot|Hurricane|p2a: Porygon2
|-damage|p2a: Porygon2|216\/373
|-start|p2a: Porygon2|confusion
|
|turn|28
|
|move|p1a: Pidgeot|Hurricane|p2a: Porygon2
|-damage|p2a: Porygon2|68\/373
|-activate|p2a: Porygon2|confusion
|-damage|p2a: Porygon2|50\/373|[from] confusion
|
|turn|29
|
|switch|p2a: Cresselia|Cresselia, F|193\/444
|move|p1a: Pidgeot|Heat Wave|p2a: Cresselia
|-damage|p2a: Cresselia|103\/444
|
|-heal|p2a: Cresselia|130\/444|[from] item: Leftovers
|turn|30
|
|move|p1a: Pidgeot|Hurricane|p2a: Cresselia
|-damage|p2a: Cresselia|0 fnt
|faint|p2a: Cresselia
|
|
|switch|p2a: Jirachi|Jirachi|159\/403
|turn|31
|
|move|p1a: Pidgeot|Heat Wave|p2a: Jirachi
|-supereffective|p2a: Jirachi
|-damage|p2a: Jirachi|0 fnt
|faint|p2a: Jirachi
|
|
|switch|p2a: Hydreigon|Hydreigon, M|325\/325
|turn|32
|
|switch|p1a: Suicune|Suicune|404\/404
|-status|p1a: Suicune|psn
|-ability|p1a: Suicune|Pressure
|move|p2a: Hydreigon|Crunch|p1a: Suicune
|-damage|p1a: Suicune|232\/404 psn
|
|-heal|p1a: Suicune|257\/404 psn|[from] item: Leftovers
|-damage|p1a: Suicune|207\/404 psn|[from] psn
|turn|33
|
|switch|p2a: Tentacruel|Tentacruel, F|104\/363
|move|p1a: Suicune|Ice Beam|p2a: Tentacruel
|-resisted|p2a: Tentacruel
|-damage|p2a: Tentacruel|63\/363
|
|-heal|p2a: Tentacruel|85\/363|[from] item: Black Sludge
|-heal|p1a: Suicune|232\/404 psn|[from] item: Leftovers
|-damage|p1a: Suicune|182\/404 psn|[from] psn
|turn|34
|
|move|p2a: Tentacruel|Confuse Ray|p1a: Suicune
|-start|p1a: Suicune|confusion
|-activate|p1a: Suicune|confusion
|-damage|p1a: Suicune|163\/404 psn|[from] confusion
|
|-heal|p2a: Tentacruel|107\/363|[from] item: Black Sludge
|-heal|p1a: Suicune|188\/404 psn|[from] item: Leftovers
|-damage|p1a: Suicune|138\/404 psn|[from] psn
|turn|35
|
|switch|p2a: Porygon2|Porygon2|50\/373
|-ability|p2a: Porygon2|Pressure|[from] ability: Trace|[of] p1a: Suicune
|-ability|p2a: Porygon2|Pressure
|-end|p1a: Suicune|confusion
|move|p1a: Suicune|Hidden Power|p2a: Porygon2
|-damage|p2a: Porygon2|7\/373
|
|-heal|p1a: Suicune|163\/404 psn|[from] item: Leftovers
|-damage|p1a: Suicune|113\/404 psn|[from] psn
|turn|36
|
|move|p1a: Suicune|Ice Beam|p2a: Porygon2
|-damage|p2a: Porygon2|0 fnt
|faint|p2a: Porygon2
|
|-heal|p1a: Suicune|138\/404 psn|[from] item: Leftovers
|-damage|p1a: Suicune|88\/404 psn|[from] psn
|
|switch|p2a: Hydreigon|Hydreigon, M|325\/325
|turn|37
|
|move|p2a: Hydreigon|Crunch|p1a: Suicune
|-damage|p1a: Suicune|0 fnt
|faint|p1a: Suicune
|
|
|switch|p1a: Dugtrio|Dugtrio, F|211\/211
|-status|p1a: Dugtrio|psn
|turn|38
|
|move|p1a: Dugtrio|Rock Slide|p2a: Hydreigon
|-crit|p2a: Hydreigon
|-damage|p2a: Hydreigon|221\/325
|move|p2a: Hydreigon|Crunch|p1a: Dugtrio
|-enditem|p1a: Dugtrio|Focus Sash
|-damage|p1a: Dugtrio|1\/211 psn
|-unboost|p1a: Dugtrio|def|1
|
|-damage|p1a: Dugtrio|0 fnt|[from] psn
|faint|p1a: Dugtrio
|
|switch|p1a: Lucario|Lucario, M|281\/281
|turn|39
|
|switch|p2a: Tentacruel|Tentacruel, F|107\/363
|move|p1a: Lucario|Extreme Speed|p2a: Tentacruel
|-damage|p2a: Tentacruel|0 fnt
|-damage|p1a: Lucario|253\/281|[from] item: Life Orb
|faint|p2a: Tentacruel
|
|
|switch|p2a: Infernape|Infernape, M|293\/293
|turn|40
|
|move|p1a: Lucario|Extreme Speed|p2a: Infernape
|-damage|p2a: Infernape|128\/293
|-damage|p1a: Lucario|225\/281|[from] item: Life Orb
|move|p2a: Infernape|Rock Tomb|p1a: Lucario
|-resisted|p1a: Lucario
|-damage|p1a: Lucario|205\/281
|-unboost|p1a: Lucario|spe|1
|
|turn|41
|
|move|p1a: Lucario|Extreme Speed|p2a: Infernape
|-damage|p2a: Infernape|0 fnt
|-damage|p1a: Lucario|177\/281|[from] item: Life Orb
|faint|p2a: Infernape
|
|
|switch|p2a: Hydreigon|Hydreigon, M|221\/325
|turn|42
|
|move|p1a: Lucario|Extreme Speed|p2a: Hydreigon
|-damage|p2a: Hydreigon|96\/325
|-damage|p1a: Lucario|149\/281|[from] item: Life Orb
|move|p2a: Hydreigon|Crunch|p1a: Lucario
|-resisted|p1a: Lucario
|-damage|p1a: Lucario|36\/281
|
|turn|43
|-message|pussyvillage forfeited.
|
|win|kingofsimbas
|raw|Ladder updating...
|leave|pussyvillage
|player|p2
|raw|kingofsimbas's rating: 1299 &rarr; <strong>1315<\/strong><br \/>(+16 for winning)
|raw|pussyvillage's rating: 1166 &rarr; <strong>1150<\/strong><br \/>(-16 for losing)