|join|Technosis
|join|kingofsimbas
|player|p1|Technosis|102
|player|p2|kingofsimbas|7
|gametype|singles
|gen|6
|tier|UU
|rated
|rule|Sleep Clause Mod: Limit one foe put to sleep
|rule|Species Clause: Limit one of each PokÃ©mon
|rule|OHKO Clause: OHKO moves are banned
|rule|Moody Clause: Moody is banned
|rule|Evasion Moves Clause: Evasion moves are banned
|rule|Endless Battle Clause: Forcing endless battles is banned
|rule|HP Percentage Mod: HP is shown in percentages
|clearpoke
|poke|p1|Celebi
|poke|p1|Sharpedo, M
|poke|p1|Entei, shiny
|poke|p1|Forretress, M
|poke|p1|Hippowdon, M
|poke|p1|Florges, F
|poke|p2|Aggron, F
|poke|p2|Cloyster, F
|poke|p2|Florges, F
|poke|p2|Serperior, M
|poke|p2|Gastrodon, F
|poke|p2|Jirachi
|rule|Swagger Clause: Swagger is banned
|rule|Baton Pass Clause: Limit one PokÃ©mon knowing Baton Pass
|teampreview
|
|start
|switch|p1a: Forretress|Forretress, M|354\/354
|switch|p2a: Jirachi|Jirachi|397\/397
|turn|1
|
|move|p2a: Jirachi|U-turn|p1a: Forretress
|-resisted|p1a: Forretress
|-damage|p1a: Forretress|328\/354
|
|switch|p2a: clint|Cloyster, F|242\/242
|move|p1a: Forretress|Spikes|p2a: clint
|-sidestart|p2: kingofsimbas|Spikes
|
|-heal|p1a: Forretress|350\/354|[from] item: Leftovers
|turn|2
|
|move|p2a: clint|Shell Smash|p2a: clint
|-boost|p2a: clint|atk|2
|-boost|p2a: clint|spa|2
|-boost|p2a: clint|spe|2
|-unboost|p2a: clint|def|1
|-unboost|p2a: clint|spd|1
|-enditem|p2a: clint|White Herb
|-restoreboost|p2a: clint|[silent]
|move|p1a: Forretress|Gyro Ball|p2a: clint
|-damage|p2a: clint|149\/242
|
|-heal|p1a: Forretress|354\/354|[from] item: Leftovers
|turn|3
|
|move|p2a: clint|Razor Shell|p1a: Forretress
|-damage|p1a: Forretress|185\/354
|-unboost|p1a: Forretress|def|1
|move|p1a: Forretress|Spikes|p2a: clint
|-sidestart|p2: kingofsimbas|Spikes
|
|-heal|p1a: Forretress|207\/354|[from] item: Leftovers
|turn|4
|
|move|p2a: clint|Razor Shell|p1a: Forretress
|-damage|p1a: Forretress|0 fnt
|faint|p1a: Forretress
|
|
|switch|p1a: Hippowdon|Hippowdon, M|420\/420
|turn|5
|
|move|p2a: clint|Icicle Spear|p1a: Hippowdon
|-supereffective|p1a: Hippowdon
|-damage|p1a: Hippowdon|294\/420
|-supereffective|p1a: Hippowdon
|-damage|p1a: Hippowdon|160\/420
|-supereffective|p1a: Hippowdon
|-damage|p1a: Hippowdon|16\/420
|-supereffective|p1a: Hippowdon
|-damage|p1a: Hippowdon|0 fnt
|-hitcount|p1a: Hippowdon|4
|faint|p1a: Hippowdon
|
|
|switch|p1a: Entei|Entei, shiny|371\/371
|-ability|p1a: Entei|Pressure
|turn|6
|
|move|p2a: clint|Razor Shell|p1a: Entei
|-supereffective|p1a: Entei
|-damage|p1a: Entei|0 fnt
|faint|p1a: Entei
|
|
|switch|p1a: Celebi|Celebi|341\/341
|turn|7
|
|move|p2a: clint|Icicle Spear|p1a: Celebi
|-supereffective|p1a: Celebi
|-damage|p1a: Celebi|189\/341
|-crit|p1a: Celebi
|-supereffective|p1a: Celebi
|-damage|p1a: Celebi|0 fnt
|-hitcount|p1a: Celebi|2
|faint|p1a: Celebi
|
|
|switch|p1a: Sharpedo|Sharpedo, M|281\/281
|turn|8
|
|move|p1a: Sharpedo|Protect|p1a: Sharpedo
|-singleturn|p1a: Sharpedo|Protect
|move|p2a: clint|Shell Smash|p2a: clint
|-boost|p2a: clint|atk|2
|-boost|p2a: clint|spa|2
|-boost|p2a: clint|spe|2
|-unboost|p2a: clint|def|1
|-unboost|p2a: clint|spd|1
|
|-boost|p1a: Sharpedo|spe|1|[from] ability: Speed Boost
|turn|9
|
|detailschange|p1a: Sharpedo|Sharpedo-Mega, M
|-mega|p1a: Sharpedo|Sharpedo|Sharpedonite
|move|p2a: clint|Icicle Spear|p1a: Sharpedo
|-resisted|p1a: Sharpedo
|-damage|p1a: Sharpedo|198\/281
|-resisted|p1a: Sharpedo
|-damage|p1a: Sharpedo|120\/281
|-resisted|p1a: Sharpedo
|-damage|p1a: Sharpedo|34\/281
|-crit|p1a: Sharpedo
|-resisted|p1a: Sharpedo
|-damage|p1a: Sharpedo|0 fnt
|-hitcount|p1a: Sharpedo|4
|faint|p1a: Sharpedo
|
|
|switch|p1a: Florges|Florges, F|360\/360
|turn|10
|-message|Technosis forfeited.
|
|win|kingofsimbas
|raw|Ladder updating...
|leave|Technosis
|player|p1
|raw|Technosis's rating: 1259 &rarr; <strong>1239<\/strong><br \/>(-20 for losing)
|raw|kingofsimbas's rating: 1331 &rarr; <strong>1346<\/strong><br \/>(+15 for winning)