|join|The big lebroski
|join|KingOfSimbas
|player|p1|The big lebroski|101
|player|p2|KingOfSimbas|7
|gametype|singles
|gen|6
|tier|UU
|rated
|rule|Sleep Clause Mod: Limit one foe put to sleep
|rule|Species Clause: Limit one of each PokÃ©mon
|rule|OHKO Clause: OHKO moves are banned
|rule|Moody Clause: Moody is banned
|rule|Evasion Moves Clause: Evasion moves are banned
|rule|Endless Battle Clause: Forcing endless battles is banned
|rule|HP Percentage Mod: HP is shown in percentages
|clearpoke
|poke|p1|Sceptile, M
|poke|p1|Entei, shiny
|poke|p1|Swampert, F
|poke|p1|Umbreon, F
|poke|p1|Crobat, F
|poke|p1|Jirachi
|poke|p2|Beedrill, F
|poke|p2|Starmie
|poke|p2|Serperior, M
|poke|p2|Diancie
|poke|p2|Gligar, M
|poke|p2|Typhlosion, M
|rule|Swagger Clause: Swagger is banned
|rule|Baton Pass Clause: Limit one PokÃ©mon knowing Baton Pass
|teampreview
|
|start
|switch|p1a: Jirachi|Jirachi|341\/341
|switch|p2a: Typhlosion|Typhlosion, M|297\/297
|turn|1
|
|move|p1a: Jirachi|U-turn|p2a: Typhlosion
|-resisted|p2a: Typhlosion
|-damage|p2a: Typhlosion|253\/297
|
|switch|p1a: Umbreon|Umbreon, F|394\/394
|move|p2a: Typhlosion|Eruption|p1a: Umbreon
|-damage|p1a: Umbreon|253\/394
|
|-heal|p1a: Umbreon|277\/394|[from] item: Leftovers
|turn|2
|
|switch|p2a: Gligar|Gligar, M|333\/333
|move|p1a: Umbreon|Wish|p1a: Umbreon
|
|-heal|p1a: Umbreon|301\/394|[from] item: Leftovers
|turn|3
|
|switch|p1a: Swampert|Swampert, F|401\/401
|move|p2a: Gligar|Stealth Rock|p1a: Swampert
|-sidestart|p1: The big lebroski|move: Stealth Rock
|
|turn|4
|
|move|p2a: Gligar|U-turn|p1a: Swampert
|-damage|p1a: Swampert|369\/401
|
|switch|p2a: Serperior|Serperior, M|291\/291
|move|p1a: Swampert|Stealth Rock|p2a: Serperior
|-sidestart|p2: KingOfSimbas|move: Stealth Rock
|
|-heal|p1a: Swampert|394\/401|[from] item: Leftovers
|turn|5
|
|switch|p2a: Starmie|Starmie|324\/324
|-damage|p2a: Starmie|284\/324|[from] Stealth Rock
|switch|p1a: Crobat|Crobat, F|373\/373
|-damage|p1a: Crobat|280\/373|[from] Stealth Rock
|
|-heal|p1a: Crobat|303\/373|[from] item: Black Sludge
|-heal|p2a: Starmie|304\/324|[from] item: Leftovers
|turn|6
|
|move|p1a: Crobat|Defog|p2a: Starmie
|-unboost|p2a: Starmie|evasion|1
|-sideend|p2: KingOfSimbas|Stealth Rock|[from] move: Defog|[of] p2a: Starmie
|-sideend|p1: The big lebroski|Stealth Rock|[from] move: Defog|[of] p1a: Crobat
|move|p2a: Starmie|Thunder Wave|p1a: Crobat
|-status|p1a: Crobat|par
|
|-heal|p2a: Starmie|324\/324|[from] item: Leftovers
|-heal|p1a: Crobat|326\/373 par|[from] item: Black Sludge
|turn|7
|
|switch|p1a: Umbreon|Umbreon, F|301\/394
|move|p2a: Starmie|Scald|p1a: Umbreon
|-damage|p1a: Umbreon|247\/394
|
|-heal|p1a: Umbreon|271\/394|[from] item: Leftovers
|turn|8
|
|move|p2a: Starmie|Thunder Wave|p1a: Umbreon
|-status|p1a: Umbreon|par
|-status|p2a: Starmie|par
|cant|p1a: Umbreon|par
|
|-heal|p1a: Umbreon|295\/394 par|[from] item: Leftovers
|turn|9
|
|switch|p2a: Beedrill|Beedrill, F|271\/271
|move|p1a: Umbreon|Heal Bell|p1a: Umbreon
|-cureteam|p1a: Umbreon|[from] move: HealBell
|
|-heal|p1a: Umbreon|319\/394|[from] item: Leftovers
|turn|10
|
|switch|p1a: Crobat|Crobat, F|326\/373
|detailschange|p2a: Beedrill|Beedrill-Mega, F
|-mega|p2a: Beedrill|Beedrill|Beedrillite
|move|p2a: Beedrill|Substitute|p2a: Beedrill
|-start|p2a: Beedrill|Substitute
|-damage|p2a: Beedrill|204\/271
|
|-heal|p1a: Crobat|349\/373|[from] item: Black Sludge
|turn|11
|
|move|p2a: Beedrill|Poison Jab|p1a: Crobat
|-crit|p1a: Crobat
|-resisted|p1a: Crobat
|-damage|p1a: Crobat|184\/373
|move|p1a: Crobat|Brave Bird|p2a: Beedrill
|-supereffective|p2a: Beedrill
|-damage|p2a: Beedrill|0 fnt
|-damage|p1a: Crobat|117\/373|[from] recoil|[of] p2a: Beedrill
|faint|p2a: Beedrill
|
|-heal|p1a: Crobat|140\/373|[from] item: Black Sludge
|c|âKingOfSimbas|u fucker
|c|âThe big lebroski|What did you think?
|
|switch|p2a: Typhlosion|Typhlosion, M|253\/297
|turn|12
|c|âKingOfSimbas|im high
|
|switch|p1a: Umbreon|Umbreon, F|319\/394
|move|p2a: Typhlosion|Will-O-Wisp|p1a: Umbreon
|-status|p1a: Umbreon|brn
|
|-heal|p1a: Umbreon|343\/394 brn|[from] item: Leftovers
|-damage|p1a: Umbreon|294\/394 brn|[from] brn
|turn|13
|c|âThe big lebroski|Ok, but still
|
|switch|p2a: Serperior|Serperior, M|291\/291
|move|p1a: Umbreon|Heal Bell|p1a: Umbreon
|-cureteam|p1a: Umbreon|[from] move: HealBell
|
|-heal|p1a: Umbreon|318\/394|[from] item: Leftovers
|turn|14
|c|âKingOfSimbas|im just pressing buttons
|
|move|p2a: Serperior|Leaf Storm|p1a: Umbreon
|-damage|p1a: Umbreon|215\/394
|-boost|p2a: Serperior|spa|2
|move|p1a: Umbreon|Wish|p1a: Umbreon
|
|-heal|p1a: Umbreon|239\/394|[from] item: Leftovers
|turn|15
|
|switch|p1a: Crobat|Crobat, F|140\/373
|move|p2a: Serperior|Leaf Storm|p1a: Crobat|[miss]
|-miss|p2a: Serperior|p1a: Crobat
|
|-heal|p1a: Crobat|337\/373|[from] move: Wish|[wisher] Umbreon
|-heal|p1a: Crobat|360\/373|[from] item: Black Sludge
|turn|16
|
|switch|p2a: Gligar|Gligar, M|333\/333
|move|p1a: Crobat|Brave Bird|p2a: Gligar
|-damage|p2a: Gligar|267\/333
|-damage|p1a: Crobat|338\/373|[from] recoil|[of] p2a: Gligar
|
|-heal|p1a: Crobat|361\/373|[from] item: Black Sludge
|turn|17
|
|move|p1a: Crobat|Taunt|p2a: Gligar
|-start|p2a: Gligar|move: Taunt
|cant|p2a: Gligar|move: Taunt|Stealth Rock
|
|-heal|p1a: Crobat|373\/373|[from] item: Black Sludge
|turn|18
|
|switch|p1a: Swampert|Swampert, F|394\/401
|move|p2a: Gligar|U-turn|p1a: Swampert
|-damage|p1a: Swampert|358\/401
|
|switch|p2a: Serperior|Serperior, M|291\/291
|
|-heal|p1a: Swampert|383\/401|[from] item: Leftovers
|turn|19
|
|switch|p1a: Crobat|Crobat, F|373\/373
|move|p2a: Serperior|Leaf Storm|p1a: Crobat
|-resisted|p1a: Crobat
|-damage|p1a: Crobat|327\/373
|-boost|p2a: Serperior|spa|2
|
|-heal|p1a: Crobat|350\/373|[from] item: Black Sludge
|turn|20
|
|switch|p2a: Diancie|Diancie|304\/304
|move|p1a: Crobat|Brave Bird|p2a: Diancie
|-resisted|p2a: Diancie
|-damage|p2a: Diancie|267\/304
|-damage|p1a: Crobat|338\/373|[from] recoil|[of] p2a: Diancie
|
|-heal|p1a: Crobat|361\/373|[from] item: Black Sludge
|-heal|p2a: Diancie|286\/304|[from] item: Leftovers
|turn|21
|
|switch|p1a: Swampert|Swampert, F|383\/401
|switch|p2a: Gligar|Gligar, M|267\/333
|
|-heal|p1a: Swampert|401\/401|[from] item: Leftovers
|turn|22
|
|move|p2a: Gligar|Stealth Rock|p1a: Swampert
|-sidestart|p1: The big lebroski|move: Stealth Rock
|move|p1a: Swampert|Scald|p2a: Gligar
|-supereffective|p2a: Gligar
|-damage|p2a: Gligar|99\/333
|-status|p2a: Gligar|brn
|
|-damage|p2a: Gligar|58\/333 brn|[from] brn
|turn|23
|
|move|p2a: Gligar|U-turn|p1a: Swampert
|-damage|p1a: Swampert|384\/401
|
|switch|p2a: Serperior|Serperior, M|291\/291
|move|p1a: Swampert|Stealth Rock|p2a: Serperior
|-sidestart|p2: KingOfSimbas|move: Stealth Rock
|
|-heal|p1a: Swampert|401\/401|[from] item: Leftovers
|turn|24
|
|switch|p2a: Starmie|Starmie|324\/324
|-damage|p2a: Starmie|284\/324|[from] Stealth Rock
|switch|p1a: Jirachi|Jirachi|341\/341
|-damage|p1a: Jirachi|320\/341|[from] Stealth Rock
|
|-heal|p2a: Starmie|304\/324|[from] item: Leftovers
|turn|25
|
|move|p1a: Jirachi|U-turn|p2a: Starmie
|-supereffective|p2a: Starmie
|-damage|p2a: Starmie|148\/324
|
|switch|p1a: Umbreon|Umbreon, F|239\/394
|-damage|p1a: Umbreon|190\/394|[from] Stealth Rock
|move|p2a: Starmie|Thunder Wave|p1a: Umbreon
|-status|p1a: Umbreon|par
|-status|p2a: Starmie|par
|
|-heal|p2a: Starmie|168\/324 par|[from] item: Leftovers
|-heal|p1a: Umbreon|214\/394 par|[from] item: Leftovers
|turn|26
|
|move|p2a: Starmie|Rapid Spin|p1a: Umbreon
|-damage|p1a: Umbreon|204\/394 par
|-sideend|p2: KingOfSimbas|Stealth Rock|[from] move: Rapid Spin|[of] p2a: Starmie
|move|p1a: Umbreon|Heal Bell|p1a: Umbreon
|-cureteam|p1a: Umbreon|[from] move: HealBell
|
|-heal|p1a: Umbreon|228\/394|[from] item: Leftovers
|-heal|p2a: Starmie|188\/324 par|[from] item: Leftovers
|turn|27
|
|move|p1a: Umbreon|Wish|p1a: Umbreon
|move|p2a: Starmie|Recover|p2a: Starmie
|-heal|p2a: Starmie|324\/324 par
|
|-heal|p1a: Umbreon|252\/394|[from] item: Leftovers
|turn|28
|
|move|p1a: Umbreon|Foul Play|p2a: Starmie
|-supereffective|p2a: Starmie
|-damage|p2a: Starmie|150\/324 par
|move|p2a: Starmie|Thunder Wave|p1a: Umbreon
|-status|p1a: Umbreon|par
|
|-heal|p1a: Umbreon|394\/394 par|[from] move: Wish|[wisher] Umbreon
|-heal|p2a: Starmie|170\/324 par|[from] item: Leftovers
|turn|29
|
|switch|p2a: Serperior|Serperior, M|291\/291
|cant|p1a: Umbreon|par
|
|turn|30
|
|switch|p1a: Jirachi|Jirachi|320\/341
|-damage|p1a: Jirachi|299\/341|[from] Stealth Rock
|move|p2a: Serperior|Leaf Storm|p1a: Jirachi|[miss]
|-miss|p2a: Serperior|p1a: Jirachi
|
|turn|31
|
|switch|p2a: Typhlosion|Typhlosion, M|253\/297
|move|p1a: Jirachi|U-turn|p2a: Typhlosion
|-resisted|p2a: Typhlosion
|-damage|p2a: Typhlosion|208\/297
|
|switch|p1a: Entei|Entei, shiny|371\/371
|-damage|p1a: Entei|279\/371|[from] Stealth Rock
|-ability|p1a: Entei|Pressure
|
|turn|32
|
|switch|p2a: Diancie|Diancie|286\/304
|move|p1a: Entei|Stone Edge|p2a: Diancie
|-damage|p2a: Diancie|184\/304
|
|-heal|p2a: Diancie|203\/304|[from] item: Leftovers
|turn|33
|
|switch|p1a: Swampert|Swampert, F|401\/401
|-damage|p1a: Swampert|376\/401|[from] Stealth Rock
|move|p2a: Diancie|Dazzling Gleam|p1a: Swampert
|-damage|p1a: Swampert|282\/401
|
|-heal|p1a: Swampert|307\/401|[from] item: Leftovers
|-heal|p2a: Diancie|222\/304|[from] item: Leftovers
|turn|34
|
|switch|p2a: Starmie|Starmie|170\/324
|move|p1a: Swampert|Stealth Rock|p2a: Starmie
|-sidestart|p2: KingOfSimbas|move: Stealth Rock
|
|-heal|p2a: Starmie|190\/324|[from] item: Leftovers
|-heal|p1a: Swampert|332\/401|[from] item: Leftovers
|turn|35
|
|move|p2a: Starmie|Rapid Spin|p1a: Swampert
|-damage|p1a: Swampert|323\/401
|-sideend|p2: KingOfSimbas|Stealth Rock|[from] move: Rapid Spin|[of] p2a: Starmie
|move|p1a: Swampert|Earthquake|p2a: Starmie
|-damage|p2a: Starmie|46\/324
|
|-heal|p2a: Starmie|66\/324|[from] item: Leftovers
|-heal|p1a: Swampert|348\/401|[from] item: Leftovers
|turn|36
|
|switch|p1a: Jirachi|Jirachi|299\/341
|-damage|p1a: Jirachi|278\/341|[from] Stealth Rock
|move|p2a: Starmie|Recover|p2a: Starmie
|-heal|p2a: Starmie|228\/324
|
|-heal|p2a: Starmie|248\/324|[from] item: Leftovers
|turn|37
|
|switch|p2a: Typhlosion|Typhlosion, M|208\/297
|move|p1a: Jirachi|U-turn|p2a: Typhlosion
|-resisted|p2a: Typhlosion
|-damage|p2a: Typhlosion|169\/297
|
|switch|p1a: Entei|Entei, shiny|279\/371
|-damage|p1a: Entei|187\/371|[from] Stealth Rock
|-ability|p1a: Entei|Pressure
|
|turn|38
|
|switch|p2a: Diancie|Diancie|222\/304
|move|p1a: Entei|Sacred Fire|p2a: Diancie
|-resisted|p2a: Diancie
|-damage|p2a: Diancie|144\/304
|-status|p2a: Diancie|brn
|
|-heal|p2a: Diancie|163\/304 brn|[from] item: Leftovers
|-damage|p2a: Diancie|125\/304 brn|[from] brn
|turn|39
|
|switch|p1a: Crobat|Crobat, F|361\/373
|-damage|p1a: Crobat|268\/373|[from] Stealth Rock
|move|p2a: Diancie|Rest|p2a: Diancie
|-status|p2a: Diancie|slp
|-heal|p2a: Diancie|304\/304 slp|[silent]
|-status|p2a: Diancie|slp|[from] move: Rest
|
|-heal|p1a: Crobat|291\/373|[from] item: Black Sludge
|turn|40
|
|switch|p2a: Starmie|Starmie|248\/324
|move|p1a: Crobat|Defog|p2a: Starmie
|-unboost|p2a: Starmie|evasion|1
|-sideend|p1: The big lebroski|Stealth Rock|[from] move: Defog|[of] p1a: Crobat
|
|-heal|p1a: Crobat|314\/373|[from] item: Black Sludge
|-heal|p2a: Starmie|268\/324|[from] item: Leftovers
|turn|41
|
|switch|p1a: Umbreon|Umbreon, F|394\/394 par
|move|p2a: Starmie|Scald|p1a: Umbreon
|-damage|p1a: Umbreon|339\/394 par
|
|-heal|p2a: Starmie|288\/324|[from] item: Leftovers
|-heal|p1a: Umbreon|363\/394 par|[from] item: Leftovers
|turn|42
|
|switch|p2a: Gligar|Gligar, M|58\/333 brn
|move|p1a: Umbreon|Heal Bell|p1a: Umbreon
|-cureteam|p1a: Umbreon|[from] move: HealBell
|
|-heal|p1a: Umbreon|387\/394|[from] item: Leftovers
|-damage|p2a: Gligar|17\/333 brn|[from] brn
|turn|43
|
|move|p1a: Umbreon|Protect|p1a: Umbreon
|-singleturn|p1a: Umbreon|Protect
|move|p2a: Gligar|Roost|p2a: Gligar
|-heal|p2a: Gligar|184\/333 brn
|
|-heal|p1a: Umbreon|394\/394|[from] item: Leftovers
|-damage|p2a: Gligar|143\/333 brn|[from] brn
|turn|44
|
|switch|p1a: Jirachi|Jirachi|278\/341
|move|p2a: Gligar|Roost|p2a: Gligar
|-heal|p2a: Gligar|310\/333 brn
|
|-damage|p2a: Gligar|269\/333 brn|[from] brn
|turn|45
|
|move|p1a: Jirachi|Ice Punch|p2a: Gligar
|-supereffective|p2a: Gligar
|-damage|p2a: Gligar|129\/333 brn
|move|p2a: Gligar|Stealth Rock|p1a: Jirachi
|-sidestart|p1: The big lebroski|move: Stealth Rock
|
|-damage|p2a: Gligar|88\/333 brn|[from] brn
|turn|46
|
|switch|p2a: Diancie|Diancie|304\/304 slp
|move|p1a: Jirachi|Ice Punch|p2a: Diancie
|-damage|p2a: Diancie|261\/304 slp
|
|-heal|p2a: Diancie|280\/304 slp|[from] item: Leftovers
|turn|47
|
|switch|p1a: Crobat|Crobat, F|314\/373
|-damage|p1a: Crobat|221\/373|[from] Stealth Rock
|switch|p2a: Starmie|Starmie|288\/324
|
|-heal|p1a: Crobat|244\/373|[from] item: Black Sludge
|-heal|p2a: Starmie|308\/324|[from] item: Leftovers
|turn|48
|
|switch|p1a: Umbreon|Umbreon, F|394\/394
|-damage|p1a: Umbreon|345\/394|[from] Stealth Rock
|move|p2a: Starmie|Thunder Wave|p1a: Umbreon
|-status|p1a: Umbreon|par
|-status|p2a: Starmie|par
|
|-heal|p2a: Starmie|324\/324 par|[from] item: Leftovers
|-heal|p1a: Umbreon|369\/394 par|[from] item: Leftovers
|turn|49
|
|switch|p2a: Diancie|Diancie|280\/304 slp
|move|p1a: Umbreon|Heal Bell|p1a: Umbreon
|-cureteam|p1a: Umbreon|[from] move: HealBell
|
|-heal|p1a: Umbreon|393\/394|[from] item: Leftovers
|-heal|p2a: Diancie|299\/304 slp|[from] item: Leftovers
|turn|50
|
|move|p1a: Umbreon|Wish|p1a: Umbreon
|cant|p2a: Diancie|slp
|move|p2a: Diancie|Sleep Talk|p2a: Diancie
|move|p2a: Diancie|Rest|p2a: Diancie|[from]Sleep Talk
|-fail|p2a: Diancie
|
|-heal|p1a: Umbreon|394\/394|[from] item: Leftovers
|-heal|p2a: Diancie|304\/304 slp|[from] item: Leftovers
|turn|51
|
|switch|p1a: Jirachi|Jirachi|278\/341
|-damage|p1a: Jirachi|257\/341|[from] Stealth Rock
|switch|p2a: Starmie|Starmie|324\/324
|
|-heal|p1a: Jirachi|341\/341|[from] move: Wish|[wisher] Umbreon
|turn|52
|
|switch|p2a: Diancie|Diancie|304\/304 slp
|move|p1a: Jirachi|U-turn|p2a: Diancie
|-resisted|p2a: Diancie
|-damage|p2a: Diancie|284\/304 slp
|
|switch|p1a: Sceptile|Sceptile, M|281\/281
|-damage|p1a: Sceptile|246\/281|[from] Stealth Rock
|
|-heal|p2a: Diancie|303\/304 slp|[from] item: Leftovers
|turn|53
|
|detailschange|p1a: Sceptile|Sceptile-Mega, M
|-mega|p1a: Sceptile|Sceptile|Sceptilite
|move|p1a: Sceptile|Substitute|p1a: Sceptile
|-start|p1a: Sceptile|Substitute
|-damage|p1a: Sceptile|176\/281
|cant|p2a: Diancie|slp
|
|-heal|p2a: Diancie|304\/304 slp|[from] item: Leftovers
|turn|54
|
|move|p1a: Sceptile|Giga Drain|p2a: Diancie
|-supereffective|p2a: Diancie
|-damage|p2a: Diancie|94\/304 slp
|-heal|p1a: Sceptile|281\/281|[from] drain|[of] p2a: Diancie
|-curestatus|p2a: Diancie|slp
|move|p2a: Diancie|Dazzling Gleam|p1a: Sceptile
|-supereffective|p1a: Sceptile
|-end|p1a: Sceptile|Substitute
|
|-heal|p2a: Diancie|113\/304|[from] item: Leftovers
|turn|55
|
|switch|p2a: Typhlosion|Typhlosion, M|169\/297
|move|p1a: Sceptile|Giga Drain|p2a: Typhlosion
|-crit|p2a: Typhlosion
|-resisted|p2a: Typhlosion
|-damage|p2a: Typhlosion|39\/297
|
|turn|56
|
|move|p2a: Typhlosion|Hidden Power|p1a: Sceptile
|-supereffective|p1a: Sceptile
|-damage|p1a: Sceptile|0 fnt
|faint|p1a: Sceptile
|
|c|âThe big lebroski|wp
|c|âKingOfSimbas|finally on turn 56
|c|âKingOfSimbas|lmqo
|c|âThe big lebroski|I did not think you had hp ice
|c|âKingOfSimbas|me neither
|c|âThe big lebroski|i figured you would go for a fire move and i would live that
|
|switch|p1a: Entei|Entei, shiny|187\/371
|-damage|p1a: Entei|95\/371|[from] Stealth Rock
|-ability|p1a: Entei|Pressure
|turn|57
|
|switch|p2a: Diancie|Diancie|113\/304
|move|p1a: Entei|Sacred Fire|p2a: Diancie
|-resisted|p2a: Diancie
|-damage|p2a: Diancie|39\/304
|
|-heal|p2a: Diancie|58\/304|[from] item: Leftovers
|turn|58
|
|move|p1a: Entei|Sacred Fire|p2a: Diancie
|-resisted|p2a: Diancie
|-damage|p2a: Diancie|0 fnt
|faint|p2a: Diancie
|
|c|âThe big lebroski|I think you should have sacked typhlosion
|
|switch|p2a: Starmie|Starmie|324\/324
|turn|59
|
|switch|p1a: Umbreon|Umbreon, F|394\/394
|-damage|p1a: Umbreon|345\/394|[from] Stealth Rock
|move|p2a: Starmie|Scald|p1a: Umbreon
|-damage|p1a: Umbreon|285\/394
|
|-heal|p1a: Umbreon|309\/394|[from] item: Leftovers
|turn|60
|
|switch|p2a: Gligar|Gligar, M|88\/333 brn
|move|p1a: Umbreon|Wish|p1a: Umbreon
|
|-heal|p1a: Umbreon|333\/394|[from] item: Leftovers
|-damage|p2a: Gligar|47\/333 brn|[from] brn
|turn|61
|
|move|p2a: Gligar|Roost|p2a: Gligar
|-heal|p2a: Gligar|214\/333 brn
|move|p1a: Umbreon|Foul Play|p2a: Gligar
|-damage|p2a: Gligar|169\/333 brn
|
|-heal|p1a: Umbreon|394\/394|[from] move: Wish|[wisher] Umbreon
|-damage|p2a: Gligar|128\/333 brn|[from] brn
|turn|62
|
|move|p2a: Gligar|Roost|p2a: Gligar
|-heal|p2a: Gligar|295\/333 brn
|move|p1a: Umbreon|Wish|p1a: Umbreon
|
|-damage|p2a: Gligar|254\/333 brn|[from] brn
|turn|63
|
|switch|p1a: Crobat|Crobat, F|244\/373
|-damage|p1a: Crobat|151\/373|[from] Stealth Rock
|move|p2a: Gligar|U-turn|p1a: Crobat
|-resisted|p1a: Crobat
|-damage|p1a: Crobat|145\/373
|
|switch|p2a: Starmie|Starmie|324\/324
|
|-heal|p1a: Crobat|342\/373|[from] move: Wish|[wisher] Umbreon
|-heal|p1a: Crobat|365\/373|[from] item: Black Sludge
|turn|64
|
|move|p1a: Crobat|Defog|p2a: Starmie
|-unboost|p2a: Starmie|evasion|1
|-sideend|p1: The big lebroski|Stealth Rock|[from] move: Defog|[of] p1a: Crobat
|move|p2a: Starmie|Thunder Wave|p1a: Crobat
|-status|p1a: Crobat|par
|
|-heal|p1a: Crobat|373\/373 par|[from] item: Black Sludge
|turn|65
|
|switch|p1a: Umbreon|Umbreon, F|394\/394
|move|p2a: Starmie|Scald|p1a: Umbreon
|-damage|p1a: Umbreon|331\/394
|
|-heal|p1a: Umbreon|355\/394|[from] item: Leftovers
|turn|66
|
|switch|p2a: Gligar|Gligar, M|254\/333 brn
|move|p1a: Umbreon|Heal Bell|p1a: Umbreon
|-cureteam|p1a: Umbreon|[from] move: HealBell
|
|-heal|p1a: Umbreon|379\/394|[from] item: Leftovers
|-damage|p2a: Gligar|213\/333 brn|[from] brn
|turn|67
|
|move|p2a: Gligar|Stealth Rock|p1a: Umbreon
|-sidestart|p1: The big lebroski|move: Stealth Rock
|move|p1a: Umbreon|Wish|p1a: Umbreon
|
|-heal|p1a: Umbreon|394\/394|[from] item: Leftovers
|-damage|p2a: Gligar|172\/333 brn|[from] brn
|turn|68
|
|switch|p1a: Crobat|Crobat, F|373\/373
|-damage|p1a: Crobat|280\/373|[from] Stealth Rock
|move|p2a: Gligar|Earthquake|p1a: Crobat
|-immune|p1a: Crobat|[msg]
|
|-heal|p1a: Crobat|373\/373|[from] move: Wish|[wisher] Umbreon
|-damage|p2a: Gligar|131\/333 brn|[from] brn
|turn|69
|
|move|p1a: Crobat|Taunt|p2a: Gligar
|-start|p2a: Gligar|move: Taunt
|move|p2a: Gligar|U-turn|p1a: Crobat
|-resisted|p1a: Crobat
|-damage|p1a: Crobat|367\/373
|
|switch|p2a: Starmie|Starmie|324\/324
|
|-heal|p1a: Crobat|373\/373|[from] item: Black Sludge
|turn|70
|
|move|p1a: Crobat|Defog|p2a: Starmie
|-unboost|p2a: Starmie|evasion|1
|-sideend|p1: The big lebroski|Stealth Rock|[from] move: Defog|[of] p1a: Crobat
|move|p2a: Starmie|Thunder Wave|p1a: Crobat
|-status|p1a: Crobat|par
|
|turn|71
|
|switch|p2a: Gligar|Gligar, M|131\/333 brn
|switch|p1a: Umbreon|Umbreon, F|394\/394
|
|-damage|p2a: Gligar|90\/333 brn|[from] brn
|turn|72
|
|move|p2a: Gligar|Roost|p2a: Gligar
|-heal|p2a: Gligar|257\/333 brn
|move|p1a: Umbreon|Heal Bell|p1a: Umbreon
|-cureteam|p1a: Umbreon|[from] move: HealBell
|
|-damage|p2a: Gligar|216\/333 brn|[from] brn
|turn|73
|
|switch|p1a: Crobat|Crobat, F|373\/373
|move|p2a: Gligar|Stealth Rock|p1a: Crobat
|-sidestart|p1: The big lebroski|move: Stealth Rock
|
|-damage|p2a: Gligar|175\/333 brn|[from] brn
|turn|74
|
|move|p1a: Crobat|Defog|p2a: Gligar
|-unboost|p2a: Gligar|evasion|1
|-sideend|p1: The big lebroski|Stealth Rock|[from] move: Defog|[of] p1a: Crobat
|move|p2a: Gligar|Roost|p2a: Gligar
|-heal|p2a: Gligar|333\/333 brn
|
|-damage|p2a: Gligar|292\/333 brn|[from] brn
|turn|75
|
|move|p1a: Crobat|Brave Bird|p2a: Gligar
|-damage|p2a: Gligar|232\/333 brn
|-damage|p1a: Crobat|353\/373|[from] recoil|[of] p2a: Gligar
|move|p2a: Gligar|U-turn|p1a: Crobat
|-resisted|p1a: Crobat
|-damage|p1a: Crobat|347\/373
|
|switch|p2a: Starmie|Starmie|324\/324
|
|-heal|p1a: Crobat|370\/373|[from] item: Black Sludge
|turn|76
|
|move|p1a: Crobat|Taunt|p2a: Starmie
|-start|p2a: Starmie|move: Taunt
|move|p2a: Starmie|Scald|p1a: Crobat
|-damage|p1a: Crobat|261\/373
|
|-heal|p1a: Crobat|284\/373|[from] item: Black Sludge
|turn|77
|
|move|p1a: Crobat|Brave Bird|p2a: Starmie
|-damage|p2a: Starmie|173\/324
|-damage|p1a: Crobat|234\/373|[from] recoil|[of] p2a: Starmie
|move|p2a: Starmie|Scald|p1a: Crobat
|-damage|p1a: Crobat|125\/373
|
|-heal|p1a: Crobat|148\/373|[from] item: Black Sludge
|-heal|p2a: Starmie|193\/324|[from] item: Leftovers
|turn|78
|
|move|p1a: Crobat|Roost|p1a: Crobat
|-heal|p1a: Crobat|335\/373
|move|p2a: Starmie|Scald|p1a: Crobat
|-damage|p1a: Crobat|212\/373
|
|-heal|p1a: Crobat|235\/373|[from] item: Black Sludge
|-heal|p2a: Starmie|213\/324|[from] item: Leftovers
|-end|p2a: Starmie|move: Taunt
|turn|79
|
|switch|p1a: Umbreon|Umbreon, F|394\/394
|move|p2a: Starmie|Scald|p1a: Umbreon
|-damage|p1a: Umbreon|340\/394
|-status|p1a: Umbreon|brn
|-status|p2a: Starmie|brn
|
|-heal|p2a: Starmie|233\/324 brn|[from] item: Leftovers
|-heal|p1a: Umbreon|364\/394 brn|[from] item: Leftovers
|-damage|p2a: Starmie|193\/324 brn|[from] brn
|-damage|p1a: Umbreon|315\/394 brn|[from] brn
|turn|80
|
|switch|p2a: Gligar|Gligar, M|232\/333 brn
|move|p1a: Umbreon|Heal Bell|p1a: Umbreon
|-cureteam|p1a: Umbreon|[from] move: HealBell
|
|-heal|p1a: Umbreon|339\/394|[from] item: Leftovers
|-damage|p2a: Gligar|191\/333 brn|[from] brn
|turn|81
|
|switch|p1a: Crobat|Crobat, F|235\/373
|move|p2a: Gligar|Stealth Rock|p1a: Crobat
|-sidestart|p1: The big lebroski|move: Stealth Rock
|
|-heal|p1a: Crobat|258\/373|[from] item: Black Sludge
|-damage|p2a: Gligar|150\/333 brn|[from] brn
|turn|82
|
|move|p1a: Crobat|Defog|p2a: Gligar
|-unboost|p2a: Gligar|evasion|1
|-sideend|p1: The big lebroski|Stealth Rock|[from] move: Defog|[of] p1a: Crobat
|move|p2a: Gligar|U-turn|p1a: Crobat
|-resisted|p1a: Crobat
|-damage|p1a: Crobat|252\/373
|
|switch|p2a: Typhlosion|Typhlosion, M|39\/297
|
|-heal|p1a: Crobat|275\/373|[from] item: Black Sludge
|turn|83
|
|switch|p1a: Umbreon|Umbreon, F|339\/394
|move|p2a: Typhlosion|Fire Blast|p1a: Umbreon|[miss]
|-miss|p2a: Typhlosion|p1a: Umbreon
|
|-heal|p1a: Umbreon|363\/394|[from] item: Leftovers
|turn|84
|
|switch|p2a: Gligar|Gligar, M|150\/333 brn
|move|p1a: Umbreon|Foul Play|p2a: Gligar
|-damage|p2a: Gligar|105\/333 brn
|
|-heal|p1a: Umbreon|387\/394|[from] item: Leftovers
|-damage|p2a: Gligar|64\/333 brn|[from] brn
|turn|85
|
|switch|p1a: Jirachi|Jirachi|341\/341
|move|p2a: Gligar|Roost|p2a: Gligar
|-heal|p2a: Gligar|231\/333 brn
|
|-damage|p2a: Gligar|190\/333 brn|[from] brn
|turn|86
|
|switch|p2a: Starmie|Starmie|193\/324
|move|p1a: Jirachi|U-turn|p2a: Starmie
|-supereffective|p2a: Starmie
|-damage|p2a: Starmie|45\/324
|
|switch|p1a: Crobat|Crobat, F|275\/373
|
|-heal|p1a: Crobat|298\/373|[from] item: Black Sludge
|-heal|p2a: Starmie|65\/324|[from] item: Leftovers
|turn|87
|
|switch|p2a: Gligar|Gligar, M|190\/333 brn
|move|p1a: Crobat|Brave Bird|p2a: Gligar
|-damage|p2a: Gligar|130\/333 brn
|-damage|p1a: Crobat|278\/373|[from] recoil|[of] p2a: Gligar
|
|-heal|p1a: Crobat|301\/373|[from] item: Black Sludge
|-damage|p2a: Gligar|89\/333 brn|[from] brn
|turn|88
|
|move|p1a: Crobat|Taunt|p2a: Gligar
|-start|p2a: Gligar|move: Taunt
|move|p2a: Gligar|U-turn|p1a: Crobat
|-resisted|p1a: Crobat
|-damage|p1a: Crobat|295\/373
|
|switch|p2a: Typhlosion|Typhlosion, M|39\/297
|
|-heal|p1a: Crobat|318\/373|[from] item: Black Sludge
|turn|89
|
|switch|p1a: Umbreon|Umbreon, F|387\/394
|move|p2a: Typhlosion|Fire Blast|p1a: Umbreon
|-crit|p1a: Umbreon
|-damage|p1a: Umbreon|149\/394
|
|-heal|p1a: Umbreon|173\/394|[from] item: Leftovers
|turn|90
|
|switch|p2a: Serperior|Serperior, M|291\/291
|move|p1a: Umbreon|Protect|p1a: Umbreon
|-fail|p1a: Umbreon
|
|-heal|p1a: Umbreon|197\/394|[from] item: Leftovers
|turn|91
|
|move|p2a: Serperior|Dragon Pulse|p1a: Umbreon
|-damage|p1a: Umbreon|155\/394
|move|p1a: Umbreon|Wish|p1a: Umbreon
|
|-heal|p1a: Umbreon|179\/394|[from] item: Leftovers
|turn|92
|
|switch|p2a: Gligar|Gligar, M|89\/333 brn
|switch|p1a: Jirachi|Jirachi|341\/341
|
|-damage|p2a: Gligar|48\/333 brn|[from] brn
|turn|93
|raw|<div class="broadcast-blue"><b>Nickname error has been fixed.<\/b><\/div>
|
|move|p1a: Jirachi|Ice Punch|p2a: Gligar
|-supereffective|p2a: Gligar
|-damage|p2a: Gligar|0 fnt
|faint|p2a: Gligar
|
|
|switch|p2a: Starmie|Starmie|65\/324
|turn|94
|
|switch|p1a: Umbreon|Umbreon, F|179\/394
|move|p2a: Starmie|Recover|p2a: Starmie
|-heal|p2a: Starmie|227\/324
|
|-heal|p2a: Starmie|247\/324|[from] item: Leftovers
|-heal|p1a: Umbreon|203\/394|[from] item: Leftovers
|turn|95
|
|move|p2a: Starmie|Thunder Wave|p1a: Umbreon
|-status|p1a: Umbreon|par
|-status|p2a: Starmie|par
|move|p1a: Umbreon|Wish|p1a: Umbreon
|
|-heal|p2a: Starmie|267\/324 par|[from] item: Leftovers
|-heal|p1a: Umbreon|227\/394 par|[from] item: Leftovers
|turn|96
|
|switch|p2a: Serperior|Serperior, M|291\/291
|cant|p1a: Umbreon|par
|
|-heal|p1a: Umbreon|394\/394 par|[from] move: Wish|[wisher] Umbreon
|turn|97
|
|switch|p1a: Crobat|Crobat, F|318\/373
|move|p2a: Serperior|Leaf Storm|p1a: Crobat
|-resisted|p1a: Crobat
|-damage|p1a: Crobat|271\/373
|-boost|p2a: Serperior|spa|2
|
|-heal|p1a: Crobat|294\/373|[from] item: Black Sludge
|turn|98
|
|move|p2a: Serperior|Leaf Storm|p1a: Crobat
|-resisted|p1a: Crobat
|-damage|p1a: Crobat|191\/373
|-boost|p2a: Serperior|spa|2
|move|p1a: Crobat|Brave Bird|p2a: Serperior
|-supereffective|p2a: Serperior
|-damage|p2a: Serperior|25\/291
|-damage|p1a: Crobat|103\/373|[from] recoil|[of] p2a: Serperior
|
|-heal|p1a: Crobat|126\/373|[from] item: Black Sludge
|turn|99
|
|switch|p1a: Jirachi|Jirachi|341\/341
|move|p2a: Serperior|Leaf Storm|p1a: Jirachi
|-resisted|p1a: Jirachi
|-damage|p1a: Jirachi|115\/341
|-boost|p2a: Serperior|spa|2
|
|turn|100
|
|move|p2a: Serperior|Leaf Storm|p1a: Jirachi
|-resisted|p1a: Jirachi
|-damage|p1a: Jirachi|0 fnt
|faint|p1a: Jirachi
|
|
|switch|p1a: Entei|Entei, shiny|95\/371
|-ability|p1a: Entei|Pressure
|turn|101
|c|âThe big lebroski|made a mistake there, did not know you had two scarfers on your team
|
|move|p1a: Entei|Extreme Speed|p2a: Serperior
|-damage|p2a: Serperior|0 fnt
|faint|p2a: Serperior
|
|
|switch|p2a: Starmie|Starmie|267\/324
|turn|102
|
|switch|p1a: Swampert|Swampert, F|348\/401
|move|p2a: Starmie|Scald|p1a: Swampert
|-damage|p1a: Swampert|243\/401
|
|-heal|p2a: Starmie|287\/324|[from] item: Leftovers
|-heal|p1a: Swampert|268\/401|[from] item: Leftovers
|turn|103
|
|move|p2a: Starmie|Scald|p1a: Swampert
|-damage|p1a: Swampert|156\/401
|move|p1a: Swampert|Stealth Rock|p2a: Starmie
|-sidestart|p2: KingOfSimbas|move: Stealth Rock
|
|-heal|p2a: Starmie|307\/324|[from] item: Leftovers
|-heal|p1a: Swampert|181\/401|[from] item: Leftovers
|turn|104
|
|move|p2a: Starmie|Scald|p1a: Swampert
|-damage|p1a: Swampert|69\/401
|move|p1a: Swampert|Earthquake|p2a: Starmie
|-damage|p2a: Starmie|159\/324
|
|-heal|p2a: Starmie|179\/324|[from] item: Leftovers
|-heal|p1a: Swampert|94\/401|[from] item: Leftovers
|turn|105
|
|move|p2a: Starmie|Recover|p2a: Starmie
|-heal|p2a: Starmie|324\/324
|move|p1a: Swampert|Roar|p2a: Starmie
|drag|p2a: Typhlosion|Typhlosion, M|39\/297
|-damage|p2a: Typhlosion|0 fnt|[from] Stealth Rock
|faint|p2a: Typhlosion
|
|-heal|p1a: Swampert|119\/401|[from] item: Leftovers
|
|switch|p2a: Starmie|Starmie|324\/324
|-damage|p2a: Starmie|284\/324|[from] Stealth Rock
|turn|106
|
|move|p2a: Starmie|Scald|p1a: Swampert
|-damage|p1a: Swampert|23\/401
|move|p1a: Swampert|Earthquake|p2a: Starmie
|-damage|p2a: Starmie|133\/324
|
|-heal|p2a: Starmie|153\/324|[from] item: Leftovers
|-heal|p1a: Swampert|48\/401|[from] item: Leftovers
|turn|107
|
|move|p2a: Starmie|Recover|p2a: Starmie
|-heal|p2a: Starmie|315\/324
|move|p1a: Swampert|Earthquake|p2a: Starmie
|-damage|p2a: Starmie|162\/324
|
|-heal|p2a: Starmie|182\/324|[from] item: Leftovers
|-heal|p1a: Swampert|73\/401|[from] item: Leftovers
|turn|108
|
|move|p2a: Starmie|Scald|p1a: Swampert
|-damage|p1a: Swampert|0 fnt
|faint|p1a: Swampert
|
|-heal|p2a: Starmie|202\/324|[from] item: Leftovers
|
|switch|p1a: Crobat|Crobat, F|126\/373
|turn|109
|
|move|p1a: Crobat|Brave Bird|p2a: Starmie
|-damage|p2a: Starmie|61\/324
|-damage|p1a: Crobat|79\/373|[from] recoil|[of] p2a: Starmie
|move|p2a: Starmie|Thunder Wave|p1a: Crobat
|-status|p1a: Crobat|par
|
|-heal|p2a: Starmie|81\/324|[from] item: Leftovers
|-heal|p1a: Crobat|102\/373 par|[from] item: Black Sludge
|turn|110
|
|move|p2a: Starmie|Scald|p1a: Crobat
|-damage|p1a: Crobat|0 fnt
|faint|p1a: Crobat
|
|-heal|p2a: Starmie|101\/324|[from] item: Leftovers
|
|switch|p1a: Entei|Entei, shiny|95\/371
|-ability|p1a: Entei|Pressure
|turn|111
|
|move|p1a: Entei|Extreme Speed|p2a: Starmie
|-damage|p2a: Starmie|0 fnt
|faint|p2a: Starmie
|
|win|The big lebroski
|raw|Ladder updating...
|c|âThe big lebroski|should of went with recover there
|raw|The big lebroski's rating: 1379 &rarr; <strong>1397<\/strong><br \/>(+18 for winning)
|raw|KingOfSimbas's rating: 1347 &rarr; <strong>1328<\/strong><br \/>(-19 for losing)
|leave|KingOfSimbas
|player|p2
|c|âThe big lebroski|gg