|join|kingofsimbas
|join|Aqua Mann
|player|p1|kingofsimbas|7
|player|p2|Aqua Mann|226
|gametype|singles
|gen|6
|tier|UU
|rated
|rule|Sleep Clause Mod: Limit one foe put to sleep
|rule|Species Clause: Limit one of each PokÃ©mon
|rule|OHKO Clause: OHKO moves are banned
|rule|Moody Clause: Moody is banned
|rule|Evasion Moves Clause: Evasion moves are banned
|rule|Endless Battle Clause: Forcing endless battles is banned
|rule|HP Percentage Mod: HP is shown in percentages
|clearpoke
|poke|p1|Medicham, F, shiny
|poke|p1|Serperior, M, shiny
|poke|p1|Donphan, M
|poke|p1|Vaporeon, M, shiny
|poke|p1|Kingdra, F, shiny
|poke|p1|Ditto
|poke|p2|Sharpedo, M
|poke|p2|Machamp, M
|poke|p2|Reuniclus, F, shiny
|poke|p2|Froslass, F
|poke|p2|Swampert, F
|poke|p2|Spiritomb, F, shiny
|rule|Swagger Clause: Swagger is banned
|rule|Baton Pass Clause: Limit one PokÃ©mon knowing Baton Pass
|teampreview
|
|start
|switch|p1a: Kingdra|Kingdra, F, shiny|291\/291
|switch|p2a: Froslass|Froslass, F|344\/344
|turn|1
|
|move|p2a: Froslass|Spikes|p1a: Kingdra
|-sidestart|p1: kingofsimbas|Spikes
|move|p1a: Kingdra|Substitute|p1a: Kingdra
|-start|p1a: Kingdra|Substitute
|-damage|p1a: Kingdra|219\/291
|
|-heal|p1a: Kingdra|237\/291|[from] item: Leftovers
|turn|2
|
|move|p2a: Froslass|Taunt|p1a: Kingdra
|-start|p1a: Kingdra|move: Taunt
|move|p1a: Kingdra|Waterfall|p2a: Froslass
|-damage|p2a: Froslass|173\/344
|
|-heal|p1a: Kingdra|255\/291|[from] item: Leftovers
|turn|3
|
|move|p2a: Froslass|Spikes|p1a: Kingdra
|-sidestart|p1: kingofsimbas|Spikes
|move|p1a: Kingdra|Waterfall|p2a: Froslass
|-damage|p2a: Froslass|8\/344
|
|-heal|p1a: Kingdra|273\/291|[from] item: Leftovers
|turn|4
|
|switch|p1a: Vaporeon|Vaporeon, M, shiny|464\/464
|-damage|p1a: Vaporeon|387\/464|[from] Spikes
|move|p2a: Froslass|Destiny Bond|p2a: Froslass
|-singlemove|p2a: Froslass|Destiny Bond
|
|-heal|p1a: Vaporeon|416\/464|[from] item: Leftovers
|turn|5
|
|move|p2a: Froslass|Taunt|p1a: Vaporeon
|-start|p1a: Vaporeon|move: Taunt
|cant|p1a: Vaporeon|move: Taunt|Toxic
|
|-heal|p1a: Vaporeon|445\/464|[from] item: Leftovers
|turn|6
|
|switch|p1a: Ditto|Ditto|299\/299
|-damage|p1a: Ditto|250\/299|[from] Spikes
|-transform|p1a: Ditto|p2a: Froslass
|move|p2a: Froslass|Destiny Bond|p2a: Froslass
|-singlemove|p2a: Froslass|Destiny Bond
|
|turn|7
|
|switch|p2a: Spiritomb|Spiritomb, F, shiny|294\/294
|move|p1a: Ditto|Taunt|p2a: Spiritomb
|-start|p2a: Spiritomb|move: Taunt
|
|turn|8
|
|move|p2a: Spiritomb|Pursuit|p1a: Ditto|[from]Pursuit
|-supereffective|p1a: Ditto
|-damage|p1a: Ditto|0 fnt
|faint|p1a: Ditto
|
|
|switch|p1a: Vaporeon|Vaporeon, M, shiny|445\/464
|-damage|p1a: Vaporeon|368\/464|[from] Spikes
|turn|9
|
|switch|p2a: Machamp|Machamp, M|364\/364
|move|p1a: Vaporeon|Toxic|p2a: Machamp
|-status|p2a: Machamp|tox
|
|-heal|p1a: Vaporeon|397\/464|[from] item: Leftovers
|-damage|p2a: Machamp|342\/364 tox|[from] psn
|turn|10
|
|move|p1a: Vaporeon|Protect|p1a: Vaporeon
|-singleturn|p1a: Vaporeon|Protect
|move|p2a: Machamp|Knock Off|p1a: Vaporeon
|-activate|p1a: Vaporeon|Protect
|
|-heal|p1a: Vaporeon|426\/464|[from] item: Leftovers
|-damage|p2a: Machamp|298\/364 tox|[from] psn
|turn|11
|
|move|p2a: Machamp|Knock Off|p1a: Vaporeon
|-damage|p1a: Vaporeon|154\/464
|-enditem|p1a: Vaporeon|Leftovers|[from] move: Knock Off|[of] p2a: Machamp
|move|p1a: Vaporeon|Wish|p1a: Vaporeon
|
|-damage|p2a: Machamp|232\/364 tox|[from] psn
|turn|12
|
|switch|p2a: Froslass|Froslass, F|8\/344
|switch|p1a: Donphan|Donphan, M|384\/384
|-damage|p1a: Donphan|320\/384|[from] Spikes
|
|-heal|p1a: Donphan|384\/384|[from] move: Wish|[wisher] Vaporeon
|turn|13
|
|switch|p2a: Swampert|Swampert, F|403\/403
|move|p1a: Donphan|Ice Shard|p2a: Swampert
|-damage|p2a: Swampert|371\/403
|
|-heal|p2a: Swampert|396\/403|[from] item: Leftovers
|turn|14
|
|move|p1a: Donphan|Stealth Rock|p2a: Swampert
|-sidestart|p2: Aqua Mann|move: Stealth Rock
|move|p2a: Swampert|Roar|p1a: Donphan
|drag|p1a: Medicham|Medicham, F, shiny|261\/261
|-damage|p1a: Medicham|218\/261|[from] Spikes
|
|-heal|p2a: Swampert|403\/403|[from] item: Leftovers
|turn|15
|
|detailschange|p1a: Medicham|Medicham-Mega, F, shiny
|-mega|p1a: Medicham|Medicham|Medichamite
|move|p1a: Medicham|Fake Out|p2a: Swampert
|-damage|p2a: Swampert|337\/403
|cant|p2a: Swampert|flinch
|
|-heal|p2a: Swampert|362\/403|[from] item: Leftovers
|turn|16
|
|switch|p1a: Vaporeon|Vaporeon, M, shiny|154\/464
|-damage|p1a: Vaporeon|77\/464|[from] Spikes
|move|p2a: Swampert|Earthquake|p1a: Vaporeon
|-damage|p1a: Vaporeon|0 fnt
|faint|p1a: Vaporeon
|
|-heal|p2a: Swampert|387\/403|[from] item: Leftovers
|
|switch|p1a: Serperior|Serperior, M, shiny|291\/291
|-damage|p1a: Serperior|243\/291|[from] Spikes
|turn|17
|
|switch|p2a: Froslass|Froslass, F|8\/344
|-damage|p2a: Froslass|0 fnt|[from] Stealth Rock
|faint|p2a: Froslass
|move|p1a: Serperior|Leaf Storm|p2: Froslass|[notarget]
|-notarget
|
|
|switch|p2a: Reuniclus|Reuniclus, F, shiny|409\/409
|turn|18
|
|move|p1a: Serperior|Leaf Storm|p2a: Reuniclus
|-damage|p2a: Reuniclus|225\/409
|-boost|p1a: Serperior|spa|2
|move|p2a: Reuniclus|Trick Room|p2a: Reuniclus
|-fieldstart|move: Trick Room|[of] p2a: Reuniclus
|
|turn|19
|
|switch|p1a: Kingdra|Kingdra, F, shiny|273\/291
|-damage|p1a: Kingdra|225\/291|[from] Spikes
|move|p2a: Reuniclus|Psyshock|p1a: Kingdra
|-damage|p1a: Kingdra|13\/291
|
|-heal|p1a: Kingdra|31\/291|[from] item: Leftovers
|turn|20
|
|move|p2a: Reuniclus|Psyshock|p1a: Kingdra
|-damage|p1a: Kingdra|0 fnt
|faint|p1a: Kingdra
|
|
|switch|p1a: Medicham|Medicham-Mega, F, shiny|218\/261
|-damage|p1a: Medicham|175\/261|[from] Spikes
|turn|21
|
|switch|p2a: Swampert|Swampert, F|387\/403
|-damage|p2a: Swampert|362\/403|[from] Stealth Rock
|move|p1a: Medicham|Fake Out|p2a: Swampert
|-damage|p2a: Swampert|294\/403
|
|-heal|p2a: Swampert|319\/403|[from] item: Leftovers
|turn|22
|
|move|p1a: Medicham|Drain Punch|p2a: Swampert
|-damage|p2a: Swampert|117\/403
|-heal|p1a: Medicham|261\/261|[from] drain|[of] p2a: Swampert
|move|p2a: Swampert|Roar|p1a: Medicham
|drag|p1a: Serperior|Serperior, M, shiny|243\/291
|-damage|p1a: Serperior|195\/291|[from] Spikes
|
|-heal|p2a: Swampert|142\/403|[from] item: Leftovers
|-fieldend|move: Trick Room
|turn|23
|
|move|p1a: Serperior|Leaf Storm|p2a: Swampert
|-supereffective|p2a: Swampert
|-damage|p2a: Swampert|0 fnt
|-boost|p1a: Serperior|spa|2
|faint|p2a: Swampert
|
|
|switch|p2a: Sharpedo|Sharpedo, M|281\/281
|-damage|p2a: Sharpedo|246\/281|[from] Stealth Rock
|turn|24
|
|move|p1a: Serperior|Leaf Storm|p2a: Sharpedo|[miss]
|-miss|p1a: Serperior|p2a: Sharpedo
|move|p2a: Sharpedo|Crunch|p1a: Serperior
|-damage|p1a: Serperior|35\/291
|
|-boost|p2a: Sharpedo|spe|1|[from] ability: Speed Boost
|turn|25
|
|move|p1a: Serperior|Leaf Storm|p2a: Sharpedo
|-supereffective|p2a: Sharpedo
|-damage|p2a: Sharpedo|0 fnt
|-boost|p1a: Serperior|spa|2
|faint|p2a: Sharpedo
|
|
|switch|p2a: Machamp|Machamp, M|232\/364 tox
|-damage|p2a: Machamp|210\/364 tox|[from] Stealth Rock
|turn|26
|
|move|p2a: Machamp|Bullet Punch|p1a: Serperior
|-damage|p1a: Serperior|0 fnt
|faint|p1a: Serperior
|
|-damage|p2a: Machamp|188\/364 tox|[from] psn
|
|switch|p1a: Medicham|Medicham-Mega, F, shiny|261\/261
|-damage|p1a: Medicham|218\/261|[from] Spikes
|turn|27
|
|move|p1a: Medicham|Bullet Punch|p2a: Machamp
|-damage|p2a: Machamp|92\/364 tox
|move|p2a: Machamp|Bullet Punch|p1a: Medicham
|-damage|p1a: Medicham|121\/261
|
|-damage|p2a: Machamp|48\/364 tox|[from] psn
|turn|28
|
|move|p1a: Medicham|Bullet Punch|p2a: Machamp
|-damage|p2a: Machamp|0 fnt
|faint|p2a: Machamp
|
|
|switch|p2a: Spiritomb|Spiritomb, F, shiny|294\/294
|-damage|p2a: Spiritomb|258\/294|[from] Stealth Rock
|turn|29
|
|move|p1a: Medicham|Bullet Punch|p2a: Spiritomb
|-damage|p2a: Spiritomb|179\/294
|move|p2a: Spiritomb|Sucker Punch|p1a: Medicham
|-fail|p1a: Medicham
|
|turn|30
|
|move|p1a: Medicham|Bullet Punch|p2a: Spiritomb
|-damage|p2a: Spiritomb|92\/294
|move|p2a: Spiritomb|Will-O-Wisp|p1a: Medicham
|-status|p1a: Medicham|brn
|
|-damage|p1a: Medicham|89\/261 brn|[from] brn
|turn|31
|
|move|p1a: Medicham|Bullet Punch|p2a: Spiritomb
|-damage|p2a: Spiritomb|49\/294
|move|p2a: Spiritomb|Pursuit|p1a: Medicham
|-damage|p1a: Medicham|1\/261 brn
|
|-damage|p1a: Medicham|0 fnt|[from] brn
|faint|p1a: Medicham
|
|switch|p1a: Donphan|Donphan, M|384\/384
|-damage|p1a: Donphan|320\/384|[from] Spikes
|turn|32
|
|move|p2a: Spiritomb|Sucker Punch|p1a: Donphan
|-fail|p1a: Donphan
|move|p1a: Donphan|Stealth Rock|p2a: Spiritomb
|-fail|p2a: Spiritomb
|
|-heal|p1a: Donphan|344\/384|[from] item: Leftovers
|turn|33
|c|âkingofsimbas|loooooool
|
|move|p1a: Donphan|Ice Shard|p2a: Spiritomb
|-damage|p2a: Spiritomb|17\/294
|move|p2a: Spiritomb|Sucker Punch|p1a: Donphan
|-fail|p1a: Donphan
|
|-heal|p1a: Donphan|368\/384|[from] item: Leftovers
|turn|34
|
|move|p1a: Donphan|Ice Shard|p2a: Spiritomb
|-damage|p2a: Spiritomb|0 fnt
|faint|p2a: Spiritomb
|
|-heal|p1a: Donphan|384\/384|[from] item: Leftovers
|
|switch|p2a: Reuniclus|Reuniclus, F, shiny|225\/409
|turn|35
|
|move|p1a: Donphan|Earthquake|p2a: Reuniclus
|-damage|p2a: Reuniclus|75\/409
|move|p2a: Reuniclus|Trick Room|p2a: Reuniclus
|-fieldstart|move: Trick Room|[of] p2a: Reuniclus
|
|turn|36
|c|âkingofsimbas|gg
|
|move|p2a: Reuniclus|Focus Blast|p1a: Donphan
|-damage|p1a: Donphan|106\/384
|-unboost|p1a: Donphan|spd|1
|move|p1a: Donphan|Earthquake|p2a: Reuniclus
|-crit|p2a: Reuniclus
|-damage|p2a: Reuniclus|0 fnt
|faint|p2a: Reuniclus
|
|win|kingofsimbas
|raw|Ladder updating...
|raw|kingofsimbas's rating: 1427 &rarr; <strong>1443<\/strong><br \/>(+16 for winning)
|raw|Aqua Mann's rating: 1363 &rarr; <strong>1347<\/strong><br \/>(-16 for losing)
|c|âAqua Mann|gg
|leave|Aqua Mann
|player|p2