|join|Coffee Creature
|join|KingOfSimbas
|player|p1|Coffee Creature|169
|player|p2|KingOfSimbas|7
|gametype|singles
|gen|6
|tier|UU
|rated
|rule|Sleep Clause Mod: Limit one foe put to sleep
|rule|Species Clause: Limit one of each PokÃ©mon
|rule|OHKO Clause: OHKO moves are banned
|rule|Moody Clause: Moody is banned
|rule|Evasion Moves Clause: Evasion moves are banned
|rule|Endless Battle Clause: Forcing endless battles is banned
|rule|HP Percentage Mod: HP is shown in percentages
|clearpoke
|poke|p1|Kingdra, M
|poke|p1|Lucario, M
|poke|p1|Umbreon, M
|poke|p1|Pidgeot, M
|poke|p1|Cofagrigus, M
|poke|p1|Haxorus, M
|poke|p2|Swampert, F
|poke|p2|Tornadus, M
|poke|p2|Florges, F
|poke|p2|Bronzong
|poke|p2|Gligar, M
|poke|p2|Mienshao, M
|rule|Swagger Clause: Swagger is banned
|rule|Baton Pass Clause: Limit one PokÃ©mon knowing Baton Pass
|teampreview
|
|start
|switch|p1a: Seti I|Cofagrigus, M|319\/319
|switch|p2a: Mienshao|Mienshao, M|271\/271
|turn|1
|
|move|p2a: Mienshao|U-turn|p1a: Seti I
|-resisted|p1a: Seti I
|-damage|p1a: Seti I|284\/319
|-endability|p2a: Mienshao|regenerator|[from] Mummy
|-ability|p2a: Mienshao|Mummy|[from] Mummy
|-damage|p2a: Mienshao|244\/271|[from] item: Life Orb
|
|switch|p2a: RainGuru|Tornadus, M|300\/300
|move|p1a: Seti I|Will-O-Wisp|p2a: RainGuru
|-status|p2a: RainGuru|brn
|
|-heal|p1a: Seti I|303\/319|[from] item: Leftovers
|-damage|p2a: RainGuru|263\/300 brn|[from] brn
|turn|2
|
|move|p2a: RainGuru|Rain Dance|p2a: RainGuru
|-weather|RainDance
|move|p1a: Seti I|Shadow Ball|p2a: RainGuru
|-damage|p2a: RainGuru|160\/300 brn
|
|-weather|RainDance|[upkeep]
|-heal|p1a: Seti I|319\/319|[from] item: Leftovers
|-damage|p2a: RainGuru|123\/300 brn|[from] brn
|turn|3
|
|move|p2a: RainGuru|Hurricane|p1a: Seti I
|-damage|p1a: Seti I|193\/319
|move|p1a: Seti I|Shadow Ball|p2a: RainGuru
|-crit|p2a: RainGuru
|-damage|p2a: RainGuru|0 fnt
|faint|p2a: RainGuru
|
|-weather|RainDance|[upkeep]
|-heal|p1a: Seti I|212\/319|[from] item: Leftovers
|
|switch|p2a: Gligar|Gligar, M|333\/333
|turn|4
|
|switch|p1a: Icarus|Pidgeot, M|307\/307
|move|p2a: Gligar|Taunt|p1a: Icarus
|-start|p1a: Icarus|move: Taunt
|
|-weather|RainDance|[upkeep]
|turn|5
|
|detailschange|p1a: Icarus|Pidgeot-Mega, M
|-mega|p1a: Icarus|Pidgeot|Pidgeotite
|move|p1a: Icarus|Hurricane|p2a: Gligar
|-damage|p2a: Gligar|152\/333
|move|p2a: Gligar|Toxic|p1a: Icarus
|-status|p1a: Icarus|tox
|
|-weather|RainDance|[upkeep]
|-damage|p1a: Icarus|288\/307 tox|[from] psn
|turn|6
|
|switch|p1a: Catastrophe|Umbreon, M|393\/393
|switch|p2a: Bronzong|Bronzong|338\/338
|
|-weather|RainDance|[upkeep]
|-damage|p2a: Bronzong|296\/338|[from] item: Black Sludge
|turn|7
|
|move|p1a: Catastrophe|Heal Bell|p1a: Catastrophe
|-cureteam|p1a: Catastrophe|[from] move: HealBell
|move|p2a: Bronzong|Trick|p1a: Catastrophe
|-activate|p2a: Bronzong|move: Trick|[of] p1a: Catastrophe
|-item|p1a: Catastrophe|Black Sludge|[from] move: Trick
|-item|p2a: Bronzong|Leftovers|[from] move: Trick
|
|-weather|RainDance|[upkeep]
|-damage|p1a: Catastrophe|344\/393|[from] item: Black Sludge
|-heal|p2a: Bronzong|317\/338|[from] item: Leftovers
|turn|8
|
|move|p1a: Catastrophe|Wish|p1a: Catastrophe
|move|p2a: Bronzong|Stealth Rock|p1a: Catastrophe
|-sidestart|p1: Coffee Creature|move: Stealth Rock
|
|-weather|RainDance|[upkeep]
|-damage|p1a: Catastrophe|295\/393|[from] item: Black Sludge
|-heal|p2a: Bronzong|338\/338|[from] item: Leftovers
|turn|9
|
|switch|p2a: Gligar|Gligar, M|152\/333
|move|p1a: Catastrophe|Foul Play|p2a: Gligar
|-damage|p2a: Gligar|112\/333
|
|-weather|none
|-heal|p1a: Catastrophe|393\/393|[from] move: Wish|[wisher] Catastrophe
|-damage|p1a: Catastrophe|344\/393|[from] item: Black Sludge
|turn|10
|
|switch|p1a: Cadejo|Lucario, M|281\/281
|-damage|p1a: Cadejo|273\/281|[from] Stealth Rock
|move|p2a: Gligar|Roost|p2a: Gligar
|-heal|p2a: Gligar|279\/333
|
|turn|11
|
|move|p1a: Cadejo|Psychic|p2a: Gligar
|-damage|p2a: Gligar|165\/333
|-damage|p1a: Cadejo|245\/281|[from] item: Life Orb
|move|p2a: Gligar|Earthquake|p1a: Cadejo
|-supereffective|p1a: Cadejo
|-damage|p1a: Cadejo|15\/281
|
|turn|12
|
|switch|p1a: Icarus|Pidgeot-Mega, M|288\/307
|-damage|p1a: Icarus|212\/307|[from] Stealth Rock
|switch|p2a: Bronzong|Bronzong|338\/338
|
|turn|13
|
|move|p1a: Icarus|Heat Wave|p2a: Bronzong
|-crit|p2a: Bronzong
|-supereffective|p2a: Bronzong
|-damage|p2a: Bronzong|130\/338
|-status|p2a: Bronzong|brn
|move|p2a: Bronzong|Gyro Ball|p1a: Icarus
|-damage|p1a: Icarus|124\/307
|
|-heal|p2a: Bronzong|151\/338 brn|[from] item: Leftovers
|-damage|p2a: Bronzong|109\/338 brn|[from] brn
|turn|14
|
|switch|p2a: Florges|Florges, F|347\/347
|move|p1a: Icarus|Defog|p2a: Florges
|-unboost|p2a: Florges|evasion|1
|-sideend|p1: Coffee Creature|Stealth Rock|[from] move: Defog|[of] p1a: Icarus
|
|turn|15
|
|move|p1a: Icarus|Roost|p1a: Icarus
|-heal|p1a: Icarus|278\/307
|move|p2a: Florges|Moonblast|p1a: Icarus
|-damage|p1a: Icarus|127\/307
|-unboost|p1a: Icarus|spa|1
|
|turn|16
|
|move|p1a: Icarus|Hurricane|p2a: Florges
|-damage|p2a: Florges|260\/347
|move|p2a: Florges|Wish|p2a: Florges
|
|-heal|p2a: Florges|281\/347|[from] item: Leftovers
|turn|17
|
|switch|p1a: Seti I|Cofagrigus, M|212\/319
|move|p2a: Florges|Moonblast|p1a: Seti I
|-damage|p1a: Seti I|128\/319
|-unboost|p1a: Seti I|spa|1
|
|-heal|p2a: Florges|347\/347|[from] move: Wish|[wisher] Florges
|-heal|p1a: Seti I|147\/319|[from] item: Leftovers
|turn|18
|
|move|p2a: Florges|Wish|p2a: Florges
|move|p1a: Seti I|Pain Split|p2a: Florges
|-sethp|p2a: Florges|247\/347|p1a: Seti I|247\/319|[from] move: Pain Split
|
|-heal|p2a: Florges|268\/347|[from] item: Leftovers
|-heal|p1a: Seti I|266\/319|[from] item: Leftovers
|turn|19
|
|switch|p2a: Gligar|Gligar, M|165\/333
|move|p1a: Seti I|Will-O-Wisp|p2a: Gligar
|-status|p2a: Gligar|brn
|
|-heal|p2a: Gligar|333\/333 brn|[from] move: Wish|[wisher] Florges
|-heal|p1a: Seti I|285\/319|[from] item: Leftovers
|-damage|p2a: Gligar|292\/333 brn|[from] brn
|turn|20
|
|switch|p1a: Catastrophe|Umbreon, M|344\/393
|move|p2a: Gligar|Toxic|p1a: Catastrophe
|-status|p1a: Catastrophe|tox
|
|-damage|p1a: Catastrophe|295\/393 tox|[from] item: Black Sludge
|-damage|p2a: Gligar|251\/333 brn|[from] brn
|-damage|p1a: Catastrophe|271\/393 tox|[from] psn
|turn|21
|
|move|p2a: Gligar|Taunt|p1a: Catastrophe
|-start|p1a: Catastrophe|move: Taunt
|cant|p1a: Catastrophe|move: Taunt|Wish
|
|-damage|p1a: Catastrophe|222\/393 tox|[from] item: Black Sludge
|-damage|p2a: Gligar|210\/333 brn|[from] brn
|-damage|p1a: Catastrophe|174\/393 tox|[from] psn
|turn|22
|
|switch|p1a: Cadejo|Lucario, M|15\/281
|move|p2a: Gligar|Toxic|p1a: Cadejo
|-fail|p1a: Cadejo
|
|-damage|p2a: Gligar|169\/333 brn|[from] brn
|turn|23
|
|move|p1a: Cadejo|Flash Cannon|p2a: Gligar
|-damage|p2a: Gligar|13\/333 brn
|-damage|p1a: Cadejo|0 fnt|[from] item: Life Orb
|faint|p1a: Cadejo
|move|p2a: Gligar|Roost|p2a: Gligar
|-heal|p2a: Gligar|180\/333 brn
|
|-damage|p2a: Gligar|139\/333 brn|[from] brn
|
|switch|p1a: Slasher|Haxorus, M|293\/293
|-ability|p1a: Slasher|Mold Breaker
|turn|24
|
|switch|p2a: Florges|Florges, F|268\/347
|move|p1a: Slasher|Poison Jab|p2a: Florges
|-supereffective|p2a: Florges
|-damage|p2a: Florges|26\/347
|
|-heal|p2a: Florges|47\/347|[from] item: Leftovers
|turn|25
|
|move|p1a: Slasher|Poison Jab|p2a: Florges
|-supereffective|p2a: Florges
|-damage|p2a: Florges|0 fnt
|faint|p2a: Florges
|
|
|switch|p2a: Bronzong|Bronzong|109\/338 brn
|turn|26
|
|switch|p1a: Catastrophe|Umbreon, M|174\/393 tox
|move|p2a: Bronzong|Rain Dance|p2a: Bronzong
|-weather|RainDance
|
|-weather|RainDance|[upkeep]
|-damage|p1a: Catastrophe|125\/393 tox|[from] item: Black Sludge
|-heal|p2a: Bronzong|130\/338 brn|[from] item: Leftovers
|-damage|p1a: Catastrophe|101\/393 tox|[from] psn
|-damage|p2a: Bronzong|88\/338 brn|[from] brn
|turn|27
|
|move|p1a: Catastrophe|Foul Play|p2a: Bronzong
|-supereffective|p2a: Bronzong
|-damage|p2a: Bronzong|0 fnt
|faint|p2a: Bronzong
|
|-weather|RainDance|[upkeep]
|-damage|p1a: Catastrophe|52\/393 tox|[from] item: Black Sludge
|-damage|p1a: Catastrophe|4\/393 tox|[from] psn
|
|switch|p2a: Swampert|Swampert, F|342\/342
|turn|28
|
|detailschange|p2a: Swampert|Swampert-Mega, F
|-mega|p2a: Swampert|Swampert|Swampertite
|move|p2a: Swampert|Ice Punch|p1a: Catastrophe
|-damage|p1a: Catastrophe|0 fnt
|faint|p1a: Catastrophe
|
|-weather|RainDance|[upkeep]
|
|switch|p1a: Seti I|Cofagrigus, M|285\/319
|turn|29
|
|switch|p2a: Gligar|Gligar, M|139\/333 brn
|move|p1a: Seti I|Will-O-Wisp|p2a: Gligar
|-fail|p2a: Gligar|brn
|
|-weather|RainDance|[upkeep]
|-heal|p1a: Seti I|304\/319|[from] item: Leftovers
|-damage|p2a: Gligar|98\/333 brn|[from] brn
|turn|30
|
|switch|p1a: Icarus|Pidgeot-Mega, M|127\/307
|move|p2a: Gligar|Roost|p2a: Gligar
|-heal|p2a: Gligar|265\/333 brn
|
|-weather|none
|-damage|p2a: Gligar|224\/333 brn|[from] brn
|turn|31
|
|move|p1a: Icarus|Hurricane|p2a: Gligar
|-crit|p2a: Gligar
|-damage|p2a: Gligar|0 fnt
|faint|p2a: Gligar
|
|
|switch|p2a: Mienshao|Mienshao, M|244\/271
|turn|32
|
|switch|p1a: Seti I|Cofagrigus, M|304\/319
|move|p2a: Mienshao|Fake Out|p1a: Seti I
|-immune|p1a: Seti I|[msg]
|
|-heal|p1a: Seti I|319\/319|[from] item: Leftovers
|turn|33
|
|move|p2a: Mienshao|Poison Jab|p1a: Seti I
|-resisted|p1a: Seti I
|-damage|p1a: Seti I|272\/319
|-endability|p2a: Mienshao|regenerator|[from] Mummy
|-ability|p2a: Mienshao|Mummy|[from] Mummy
|-status|p1a: Seti I|psn
|-damage|p2a: Mienshao|217\/271|[from] item: Life Orb
|move|p1a: Seti I|Will-O-Wisp|p2a: Mienshao
|-status|p2a: Mienshao|brn
|
|-heal|p1a: Seti I|291\/319 psn|[from] item: Leftovers
|-damage|p2a: Mienshao|184\/271 brn|[from] brn
|-damage|p1a: Seti I|252\/319 psn|[from] psn
|turn|34
|
|switch|p1a: Slasher|Haxorus, M|293\/293
|-ability|p1a: Slasher|Mold Breaker
|move|p2a: Mienshao|Poison Jab|p1a: Slasher
|-damage|p1a: Slasher|224\/293
|-damage|p2a: Mienshao|157\/271 brn|[from] item: Life Orb
|
|-damage|p2a: Mienshao|124\/271 brn|[from] brn
|turn|35
|
|move|p1a: Slasher|Outrage|p2a: Mienshao
|-damage|p2a: Mienshao|0 fnt
|-endability|p1a: Slasher|moldbreaker|[from] Mummy
|-ability|p1a: Slasher|Mummy|[from] Mummy
|faint|p2a: Mienshao
|
|
|switch|p2a: Swampert|Swampert-Mega, F|342\/342
|turn|36
|
|move|p1a: Slasher|Outrage|p2a: Swampert
|-damage|p2a: Swampert|87\/342
|move|p2a: Swampert|Ice Punch|p1a: Slasher
|-supereffective|p1a: Slasher
|-damage|p1a: Slasher|0 fnt
|-endability|p2a: Swampert|swiftswim|[from] Mummy
|-ability|p2a: Swampert|Mummy|[from] Mummy
|faint|p1a: Slasher
|
|
|switch|p1a: Icarus|Pidgeot-Mega, M|127\/307
|turn|37
|
|move|p1a: Icarus|Hurricane|p2a: Swampert
|-damage|p2a: Swampert|0 fnt
|faint|p2a: Swampert
|
|win|Coffee Creature
|raw|Ladder updating...
|raw|Coffee Creature's rating: 1231 &rarr; <strong>1263<\/strong><br \/>(+32 for winning)
|raw|KingOfSimbas's rating: 1340 &rarr; <strong>1314<\/strong><br \/>(-26 for losing)
|leave|KingOfSimbas
|player|p2