|join|YunoGasaiThe2nd
|join|Fantaboi
|player|p1|YunoGasaiThe2nd|283
|player|p2|Fantaboi|1
|gametype|singles
|gen|6
|tier|UU
|rated
|rule|Sleep Clause Mod: Limit one foe put to sleep
|rule|Species Clause: Limit one of each PokÃ©mon
|rule|OHKO Clause: OHKO moves are banned
|rule|Moody Clause: Moody is banned
|rule|Evasion Moves Clause: Evasion moves are banned
|rule|Endless Battle Clause: Forcing endless battles is banned
|rule|HP Percentage Mod: HP is shown in percentages
|clearpoke
|poke|p1|Lucario, M
|poke|p1|Milotic, F
|poke|p1|Roserade, F, shiny
|poke|p1|Espeon, M
|poke|p1|Arcanine, M
|poke|p1|Hydreigon, M
|poke|p2|Jirachi
|poke|p2|Quagsire, M
|poke|p2|Mienshao, M
|poke|p2|Alakazam, F
|poke|p2|Honchkrow, F
|poke|p2|Infernape, F
|rule|Swagger Clause: Swagger is banned
|rule|Baton Pass Clause: Limit one PokÃ©mon knowing Baton Pass
|teampreview
|
|start
|switch|p1a: Arcanine|Arcanine, M|383\/383
|switch|p2a: Alakazam|Alakazam, F|251\/251
|-ability|p1a: Arcanine|Intimidate|[of] p2a: Alakazam
|-unboost|p2a: Alakazam|atk|1
|turn|1
|
|switch|p2a: Quagsire|Quagsire, M|394\/394
|move|p1a: Arcanine|Flare Blitz|p2a: Quagsire
|-resisted|p2a: Quagsire
|-damage|p2a: Quagsire|333\/394
|-damage|p1a: Arcanine|363\/383|[from] recoil|[of] p2a: Quagsire
|
|-heal|p1a: Arcanine|383\/383|[from] item: Leftovers
|-heal|p2a: Quagsire|357\/394|[from] item: Leftovers
|turn|2
|
|move|p1a: Arcanine|Toxic|p2a: Quagsire
|-status|p2a: Quagsire|tox
|move|p2a: Quagsire|Toxic|p1a: Arcanine
|-status|p1a: Arcanine|tox
|
|-heal|p2a: Quagsire|381\/394 tox|[from] item: Leftovers
|-damage|p1a: Arcanine|360\/383 tox|[from] psn
|-damage|p2a: Quagsire|357\/394 tox|[from] psn
|turn|3
|
|switch|p1a: Espeon|Espeon, M|271\/271
|move|p2a: Quagsire|Toxic|p1a: Espeon
|move|p1a: Espeon|Toxic|p2a: Quagsire|[from]Magic Bounce
|-fail|p2a: Quagsire|tox
|
|-heal|p2a: Quagsire|381\/394 tox|[from] item: Leftovers
|-damage|p2a: Quagsire|333\/394 tox|[from] psn
|turn|4
|
|switch|p2a: Honchkrow|Honchkrow, F|362\/362
|move|p1a: Espeon|Grass Knot|p2a: Honchkrow
|-resisted|p2a: Honchkrow
|-damage|p2a: Honchkrow|309\/362
|
|turn|5
|join|Typhlosion271
|
|move|p1a: Espeon|Baton Pass|p1a: Espeon
|
|switch|p1a: Arcanine|Arcanine, M|360\/383 tox
|-ability|p1a: Arcanine|Intimidate|[of] p2a: Honchkrow
|-unboost|p2a: Honchkrow|atk|1
|move|p2a: Honchkrow|Night Slash|p1a: Arcanine
|-crit|p1a: Arcanine
|-damage|p1a: Arcanine|233\/383 tox
|
|-heal|p1a: Arcanine|256\/383 tox|[from] item: Leftovers
|-damage|p1a: Arcanine|233\/383 tox|[from] psn
|turn|6
|
|move|p2a: Honchkrow|Protect|p2a: Honchkrow
|-singleturn|p2a: Honchkrow|Protect
|move|p1a: Arcanine|Morning Sun|p1a: Arcanine
|-heal|p1a: Arcanine|383\/383 tox
|
|-damage|p1a: Arcanine|337\/383 tox|[from] psn
|turn|7
|
|switch|p1a: Milotic|Milotic, F|393\/393
|switch|p2a: Quagsire|Quagsire, M|333\/394 tox
|
|-heal|p2a: Quagsire|357\/394 tox|[from] item: Leftovers
|-damage|p2a: Quagsire|333\/394 tox|[from] psn
|turn|8
|
|move|p1a: Milotic|Scald|p2a: Quagsire
|-heal|p2a: Quagsire|394\/394 tox|[from] ability: Water Absorb|[of] p1a: Milotic
|move|p2a: Quagsire|Toxic|p1a: Milotic
|-status|p1a: Milotic|tox
|
|-damage|p1a: Milotic|369\/393 tox|[from] psn
|-damage|p2a: Quagsire|346\/394 tox|[from] psn
|turn|9
|c| Typhlosion271|water absorb.....
|c| Typhlosion271|?!dwquocwnehovbwevw
|c|âFantaboi|:P
|
|switch|p1a: Roserade|Roserade, F, shiny|261\/261
|switch|p2a: Mienshao|Mienshao, M|271\/271
|
|turn|10
|c| Typhlosion271|who even use that.......
|
|move|p2a: Mienshao|Fake Out|p1a: Roserade
|-damage|p1a: Roserade|170\/261
|-damage|p2a: Mienshao|244\/271|[from] item: Life Orb
|cant|p1a: Roserade|flinch
|
|-heal|p1a: Roserade|186\/261|[from] item: Black Sludge
|turn|11
|
|switch|p1a: Milotic|Milotic, F|369\/393 tox
|move|p2a: Mienshao|U-turn|p1a: Milotic
|-damage|p1a: Milotic|305\/393 tox
|-damage|p2a: Mienshao|217\/271|[from] item: Life Orb
|c|âFantaboi|me lmao
|
|switch|p2a: Jirachi|Jirachi|404\/404
|
|-heal|p1a: Milotic|329\/393 tox|[from] item: Leftovers
|-damage|p1a: Milotic|305\/393 tox|[from] psn
|turn|12
|
|move|p2a: Jirachi|Thunder|p1a: Milotic|[miss]
|-miss|p2a: Jirachi|p1a: Milotic
|move|p1a: Milotic|Recover|p1a: Milotic
|-heal|p1a: Milotic|393\/393 tox
|
|-damage|p1a: Milotic|345\/393 tox|[from] psn
|turn|13
|
|switch|p1a: Arcanine|Arcanine, M|337\/383 tox
|-ability|p1a: Arcanine|Intimidate|[of] p2a: Jirachi
|-unboost|p2a: Jirachi|atk|1
|move|p2a: Jirachi|Thunder|p1a: Arcanine
|-damage|p1a: Arcanine|242\/383 tox
|
|-heal|p1a: Arcanine|265\/383 tox|[from] item: Leftovers
|-damage|p1a: Arcanine|242\/383 tox|[from] psn
|turn|14
|
|move|p2a: Jirachi|Protect|p2a: Jirachi
|-singleturn|p2a: Jirachi|Protect
|move|p1a: Arcanine|Morning Sun|p1a: Arcanine
|-heal|p1a: Arcanine|383\/383 tox
|
|-damage|p1a: Arcanine|337\/383 tox|[from] psn
|turn|15
|c| Typhlosion271|but but but, vaporeon!! um, gastrodon!!!, and UNAWARE!!!
|
|switch|p1a: Espeon|Espeon, M|271\/271
|move|p2a: Jirachi|Protect|p2a: Jirachi
|-fail|p2a: Jirachi
|
|turn|16
|
|move|p1a: Espeon|Hidden Power|p2a: Jirachi
|-supereffective|p2a: Jirachi
|-damage|p2a: Jirachi|250\/404
|move|p2a: Jirachi|Iron Head|p1a: Espeon
|-damage|p1a: Espeon|166\/271
|
|turn|17
|
|move|p1a: Espeon|Hidden Power|p2a: Jirachi
|-supereffective|p2a: Jirachi
|-damage|p2a: Jirachi|118\/404
|move|p2a: Jirachi|Wish|p2a: Jirachi
|
|turn|18
|c| Typhlosion271|and thunder rachi!!!
|
|switch|p1a: Hydreigon|Hydreigon, M|325\/325
|move|p2a: Jirachi|Protect|p2a: Jirachi
|-fail|p2a: Jirachi
|
|-heal|p2a: Jirachi|320\/404|[from] move: Wish|[wisher] Jirachi
|turn|19
|
|switch|p2a: Quagsire|Quagsire, M|346\/394 tox
|move|p1a: Hydreigon|Dark Pulse|p2a: Quagsire
|-damage|p2a: Quagsire|151\/394 tox
|
|-heal|p2a: Quagsire|175\/394 tox|[from] item: Leftovers
|-damage|p2a: Quagsire|151\/394 tox|[from] psn
|turn|20
|
|move|p1a: Hydreigon|Dark Pulse|p2a: Quagsire
|-damage|p2a: Quagsire|0 fnt
|faint|p2a: Quagsire
|
|
|switch|p2a: Mienshao|Mienshao, M|271\/271
|turn|21
|
|switch|p1a: Arcanine|Arcanine, M|337\/383 tox
|-ability|p1a: Arcanine|Intimidate|[of] p2a: Mienshao
|-unboost|p2a: Mienshao|atk|1
|move|p2a: Mienshao|Fake Out|p1a: Arcanine
|-damage|p1a: Arcanine|301\/383 tox
|-damage|p2a: Mienshao|244\/271|[from] item: Life Orb
|
|-heal|p1a: Arcanine|324\/383 tox|[from] item: Leftovers
|-damage|p1a: Arcanine|301\/383 tox|[from] psn
|turn|22
|
|move|p2a: Mienshao|Stone Edge|p1a: Arcanine
|-supereffective|p1a: Arcanine
|-damage|p1a: Arcanine|127\/383 tox
|-damage|p2a: Mienshao|217\/271|[from] item: Life Orb
|move|p1a: Arcanine|Flare Blitz|p2a: Mienshao
|-damage|p2a: Mienshao|0 fnt
|-damage|p1a: Arcanine|55\/383 tox|[from] recoil|[of] p2a: Mienshao
|faint|p2a: Mienshao
|
|-heal|p1a: Arcanine|78\/383 tox|[from] item: Leftovers
|-damage|p1a: Arcanine|32\/383 tox|[from] psn
|
|switch|p2a: Infernape|Infernape, F|293\/293
|turn|23
|
|switch|p1a: Milotic|Milotic, F|345\/393 tox
|move|p2a: Infernape|Earthquake|p1a: Milotic
|-damage|p1a: Milotic|291\/393 tox
|
|-heal|p1a: Milotic|315\/393 tox|[from] item: Leftovers
|-damage|p1a: Milotic|291\/393 tox|[from] psn
|turn|24
|
|switch|p2a: Jirachi|Jirachi|320\/404
|move|p1a: Milotic|Scald|p2a: Jirachi
|-damage|p2a: Jirachi|227\/404
|-status|p2a: Jirachi|brn
|
|-heal|p1a: Milotic|315\/393 tox|[from] item: Leftovers
|-damage|p2a: Jirachi|177\/404 brn|[from] brn
|-damage|p1a: Milotic|267\/393 tox|[from] psn
|turn|25
|
|switch|p1a: Arcanine|Arcanine, M|32\/383 tox
|-ability|p1a: Arcanine|Intimidate|[of] p2a: Jirachi
|-unboost|p2a: Jirachi|atk|1
|move|p2a: Jirachi|Wish|p2a: Jirachi
|
|-heal|p1a: Arcanine|55\/383 tox|[from] item: Leftovers
|-damage|p2a: Jirachi|127\/404 brn|[from] brn
|-damage|p1a: Arcanine|32\/383 tox|[from] psn
|turn|26
|
|move|p2a: Jirachi|Thunder|p1a: Arcanine|[miss]
|-miss|p2a: Jirachi|p1a: Arcanine
|move|p1a: Arcanine|Morning Sun|p1a: Arcanine
|-heal|p1a: Arcanine|223\/383 tox
|
|-heal|p2a: Jirachi|329\/404 brn|[from] move: Wish|[wisher] Jirachi
|-heal|p1a: Arcanine|246\/383 tox|[from] item: Leftovers
|-damage|p2a: Jirachi|279\/404 brn|[from] brn
|-damage|p1a: Arcanine|200\/383 tox|[from] psn
|turn|27
|
|switch|p2a: Infernape|Infernape, F|293\/293
|move|p1a: Arcanine|Flare Blitz|p2a: Infernape
|-crit|p2a: Infernape
|-resisted|p2a: Infernape
|-damage|p2a: Infernape|137\/293
|-damage|p1a: Arcanine|149\/383 tox|[from] recoil|[of] p2a: Infernape
|
|-heal|p1a: Arcanine|172\/383 tox|[from] item: Leftovers
|-damage|p1a: Arcanine|103\/383 tox|[from] psn
|turn|28
|leave|Typhlosion271
|
|switch|p1a: Milotic|Milotic, F|267\/393 tox
|move|p2a: Infernape|Close Combat|p1a: Milotic
|-damage|p1a: Milotic|173\/393 tox
|-unboost|p2a: Infernape|def|1
|-unboost|p2a: Infernape|spd|1
|
|-heal|p1a: Milotic|197\/393 tox|[from] item: Leftovers
|-damage|p1a: Milotic|173\/393 tox|[from] psn
|turn|29
|
|switch|p2a: Jirachi|Jirachi|279\/404 brn
|switch|p1a: Lucario|Lucario, M|281\/281
|
|-damage|p2a: Jirachi|229\/404 brn|[from] brn
|turn|30
|
|move|p1a: Lucario|Swords Dance|p1a: Lucario
|-boost|p1a: Lucario|atk|2
|move|p2a: Jirachi|Wish|p2a: Jirachi
|
|-damage|p2a: Jirachi|179\/404 brn|[from] brn
|turn|31
|
|move|p1a: Lucario|Earthquake|p2a: Jirachi
|-supereffective|p2a: Jirachi
|-damage|p2a: Jirachi|0 fnt
|-damage|p1a: Lucario|253\/281|[from] item: Life Orb
|faint|p2a: Jirachi
|
|
|switch|p2a: Infernape|Infernape, F|137\/293
|turn|32
|
|move|p1a: Lucario|Extreme Speed|p2a: Infernape
|-damage|p2a: Infernape|0 fnt
|-damage|p1a: Lucario|225\/281|[from] item: Life Orb
|faint|p2a: Infernape
|
|
|switch|p2a: Alakazam|Alakazam, F|251\/251
|turn|33
|
|move|p1a: Lucario|Extreme Speed|p2a: Alakazam
|-damage|p2a: Alakazam|0 fnt
|-damage|p1a: Lucario|197\/281|[from] item: Life Orb
|faint|p2a: Alakazam
|
|
|switch|p2a: Honchkrow|Honchkrow, F|309\/362
|turn|34
|
|move|p1a: Lucario|Extreme Speed|p2a: Honchkrow
|-damage|p2a: Honchkrow|0 fnt
|-damage|p1a: Lucario|169\/281|[from] item: Life Orb
|faint|p2a: Honchkrow
|
|win|YunoGasaiThe2nd
|raw|Ladder updating...
|raw|YunoGasaiThe2nd's rating: 1064 &rarr; <strong>1095<\/strong><br \/>(+31 for winning)
|raw|Fantaboi's rating: 1074 &rarr; <strong>1052<\/strong><br \/>(-22 for losing)
|c|âYunoGasaiThe2nd|gg
|leave|Fantaboi
|player|p2