|join|Zannorith
|join|YunoGasaiThe2nd
|player|p1|Zannorith|266
|player|p2|YunoGasaiThe2nd|283
|gametype|singles
|gen|6
|tier|UU
|rated
|rule|Sleep Clause Mod: Limit one foe put to sleep
|rule|Species Clause: Limit one of each PokÃ©mon
|rule|OHKO Clause: OHKO moves are banned
|rule|Moody Clause: Moody is banned
|rule|Evasion Moves Clause: Evasion moves are banned
|rule|Endless Battle Clause: Forcing endless battles is banned
|rule|HP Percentage Mod: HP is shown in percentages
|clearpoke
|poke|p1|Absol, M
|poke|p1|Tentacruel, F
|poke|p1|Nidoking, M
|poke|p1|Cresselia, F
|poke|p1|Trevenant, M
|poke|p1|Lucario, F
|poke|p2|Lucario, M
|poke|p2|Starmie
|poke|p2|Roserade, F, shiny
|poke|p2|Espeon, M
|poke|p2|Arcanine, M
|poke|p2|Hydreigon, M
|rule|Swagger Clause: Swagger is banned
|rule|Baton Pass Clause: Limit one PokÃ©mon knowing Baton Pass
|teampreview
|
|start
|switch|p1a: Tentacruel|Tentacruel, F|363\/363
|switch|p2a: Hydreigon|Hydreigon, M|325\/325
|turn|1
|
|move|p2a: Hydreigon|U-turn|p1a: Tentacruel
|-resisted|p1a: Tentacruel
|-damage|p1a: Tentacruel|327\/363
|
|switch|p2a: Espeon|Espeon, M|271\/271
|move|p1a: Tentacruel|Toxic Spikes|p2a: Espeon
|move|p2a: Espeon|Toxic Spikes|p1a: Tentacruel|[from]Magic Bounce
|-sidestart|p1: Zannorith|move: Toxic Spikes
|
|-heal|p1a: Tentacruel|349\/363|[from] item: Leftovers
|turn|2
|
|move|p2a: Espeon|Baton Pass|p2a: Espeon
|
|switch|p2a: Hydreigon|Hydreigon, M|325\/325
|move|p1a: Tentacruel|Rapid Spin|p2a: Hydreigon
|-damage|p2a: Hydreigon|311\/325
|-sideend|p1: Zannorith|Toxic Spikes|[from] move: Rapid Spin|[of] p1a: Tentacruel
|
|-heal|p1a: Tentacruel|363\/363|[from] item: Leftovers
|turn|3
|
|move|p2a: Hydreigon|U-turn|p1a: Tentacruel
|-resisted|p1a: Tentacruel
|-damage|p1a: Tentacruel|324\/363
|
|switch|p2a: Espeon|Espeon, M|271\/271
|move|p1a: Tentacruel|Toxic|p2a: Espeon
|move|p2a: Espeon|Toxic|p1a: Tentacruel|[from]Magic Bounce|[miss]
|-miss|p2a: Espeon|p1a: Tentacruel
|
|-heal|p1a: Tentacruel|346\/363|[from] item: Leftovers
|turn|4
|
|move|p2a: Espeon|Psyshock|p1a: Tentacruel
|-supereffective|p1a: Tentacruel
|-damage|p1a: Tentacruel|0 fnt
|faint|p1a: Tentacruel
|
|
|switch|p1a: Absol|Absol, M|272\/272
|turn|5
|
|move|p2a: Espeon|Baton Pass|p2a: Espeon
|
|switch|p2a: Arcanine|Arcanine, M|383\/383
|-ability|p2a: Arcanine|Intimidate|[of] p1a: Absol
|-unboost|p1a: Absol|atk|1
|move|p1a: Absol|Knock Off|p2a: Arcanine
|-damage|p2a: Arcanine|287\/383
|-enditem|p2a: Arcanine|Leftovers|[from] move: Knock Off|[of] p1a: Absol
|
|turn|6
|
|move|p1a: Absol|Night Slash|p2a: Arcanine
|-crit|p2a: Arcanine
|-damage|p2a: Arcanine|139\/383
|move|p2a: Arcanine|Will-O-Wisp|p1a: Absol
|-status|p1a: Absol|brn
|
|-damage|p1a: Absol|238\/272 brn|[from] brn
|turn|7
|
|switch|p1a: Nidoking|Nidoking, M|304\/304
|move|p2a: Arcanine|Morning Sun|p2a: Arcanine
|-heal|p2a: Arcanine|330\/383
|
|turn|8
|
|switch|p2a: Hydreigon|Hydreigon, M|311\/325
|move|p1a: Nidoking|Earthquake|p2a: Hydreigon
|-immune|p2a: Hydreigon|[msg]
|
|turn|9
|
|switch|p1a: Lucario|Lucario, F|343\/343
|move|p2a: Hydreigon|Draco Meteor|p1a: Lucario
|-resisted|p1a: Lucario
|-damage|p1a: Lucario|198\/343
|-unboost|p2a: Hydreigon|spa|2
|
|turn|10
|
|switch|p2a: Arcanine|Arcanine, M|330\/383
|-ability|p2a: Arcanine|Intimidate|[of] p1a: Lucario
|-unboost|p1a: Lucario|atk|1
|move|p1a: Lucario|Dragon Pulse|p2a: Arcanine
|-damage|p2a: Arcanine|217\/383
|
|turn|11
|
|switch|p1a: Nidoking|Nidoking, M|304\/304
|move|p2a: Arcanine|Flare Blitz|p1a: Nidoking
|-damage|p1a: Nidoking|124\/304
|-damage|p2a: Arcanine|158\/383|[from] recoil|[of] p1a: Nidoking
|
|turn|12
|
|switch|p2a: Hydreigon|Hydreigon, M|311\/325
|move|p1a: Nidoking|Superpower|p2a: Hydreigon
|-supereffective|p2a: Hydreigon
|-damage|p2a: Hydreigon|0 fnt
|-unboost|p1a: Nidoking|atk|1
|-unboost|p1a: Nidoking|def|1
|-damage|p1a: Nidoking|94\/304|[from] item: Life Orb
|faint|p2a: Hydreigon
|
|
|switch|p2a: Arcanine|Arcanine, M|158\/383
|-ability|p2a: Arcanine|Intimidate|[of] p1a: Nidoking
|-unboost|p1a: Nidoking|atk|1
|turn|13
|
|move|p2a: Arcanine|Extreme Speed|p1a: Nidoking
|-damage|p1a: Nidoking|0 fnt
|faint|p1a: Nidoking
|
|
|switch|p1a: Cresselia|Cresselia, F|444\/444
|turn|14
|
|move|p1a: Cresselia|Thunder Wave|p2a: Arcanine
|-status|p2a: Arcanine|par
|move|p2a: Arcanine|Will-O-Wisp|p1a: Cresselia
|-status|p1a: Cresselia|brn
|
|-damage|p1a: Cresselia|389\/444 brn|[from] brn
|turn|15
|
|switch|p2a: Roserade|Roserade, F, shiny|261\/261
|move|p1a: Cresselia|Calm Mind|p1a: Cresselia
|-boost|p1a: Cresselia|spa|1
|-boost|p1a: Cresselia|spd|1
|
|-damage|p1a: Cresselia|334\/444 brn|[from] brn
|turn|16
|
|move|p2a: Roserade|Sludge Bomb|p1a: Cresselia
|-damage|p1a: Cresselia|249\/444 brn
|move|p1a: Cresselia|Psychic|p2a: Roserade
|-supereffective|p2a: Roserade
|-damage|p2a: Roserade|7\/261
|-unboost|p2a: Roserade|spd|1
|
|-heal|p2a: Roserade|23\/261|[from] item: Black Sludge
|-damage|p1a: Cresselia|194\/444 brn|[from] brn
|turn|17
|
|move|p2a: Roserade|Leaf Storm|p1a: Cresselia
|-damage|p1a: Cresselia|76\/444 brn
|-unboost|p2a: Roserade|spa|2
|move|p1a: Cresselia|Moonlight|p1a: Cresselia
|-heal|p1a: Cresselia|298\/444 brn
|
|-heal|p2a: Roserade|39\/261|[from] item: Black Sludge
|-damage|p1a: Cresselia|243\/444 brn|[from] brn
|turn|18
|
|move|p2a: Roserade|Spikes|p1a: Cresselia
|-sidestart|p1: Zannorith|Spikes
|move|p1a: Cresselia|Moonlight|p1a: Cresselia
|-heal|p1a: Cresselia|444\/444 brn
|
|-heal|p2a: Roserade|55\/261|[from] item: Black Sludge
|-damage|p1a: Cresselia|389\/444 brn|[from] brn
|turn|19
|
|switch|p2a: Lucario|Lucario, M|281\/281
|move|p1a: Cresselia|Calm Mind|p1a: Cresselia
|-boost|p1a: Cresselia|spa|1
|-boost|p1a: Cresselia|spd|1
|
|-damage|p1a: Cresselia|334\/444 brn|[from] brn
|turn|20
|
|move|p2a: Lucario|Swords Dance|p2a: Lucario
|-boost|p2a: Lucario|atk|2
|move|p1a: Cresselia|Psychic|p2a: Lucario
|-damage|p2a: Lucario|47\/281
|
|-damage|p1a: Cresselia|279\/444 brn|[from] brn
|turn|21
|
|move|p2a: Lucario|Extreme Speed|p1a: Cresselia
|-damage|p1a: Cresselia|96\/444 brn
|-damage|p2a: Lucario|19\/281|[from] item: Life Orb
|move|p1a: Cresselia|Psychic|p2a: Lucario
|-damage|p2a: Lucario|0 fnt
|faint|p2a: Lucario
|
|-damage|p1a: Cresselia|41\/444 brn|[from] brn
|
|switch|p2a: Roserade|Roserade, F, shiny|55\/261
|turn|22
|
|move|p2a: Roserade|Leaf Storm|p1a: Cresselia
|-damage|p1a: Cresselia|0 fnt
|-unboost|p2a: Roserade|spa|2
|faint|p1a: Cresselia
|
|-heal|p2a: Roserade|71\/261|[from] item: Black Sludge
|
|switch|p1a: Lucario|Lucario, F|198\/343
|-damage|p1a: Lucario|156\/343|[from] Spikes
|turn|23
|
|switch|p2a: Arcanine|Arcanine, M|158\/383 par
|-ability|p2a: Arcanine|Intimidate|[of] p1a: Lucario
|-unboost|p1a: Lucario|atk|1
|move|p1a: Lucario|Extreme Speed|p2a: Arcanine
|-damage|p2a: Arcanine|118\/383 par
|
|turn|24
|
|move|p1a: Lucario|Aura Sphere|p2a: Arcanine
|-damage|p2a: Arcanine|0 fnt
|faint|p2a: Arcanine
|
|
|switch|p2a: Espeon|Espeon, M|271\/271
|turn|25
|
|switch|p1a: Absol|Absol, M|238\/272 brn
|-damage|p1a: Absol|204\/272 brn|[from] Spikes
|move|p2a: Espeon|Hidden Power|p1a: Absol
|-damage|p1a: Absol|105\/272 brn
|
|-damage|p1a: Absol|71\/272 brn|[from] brn
|turn|26
|
|switch|p2a: Roserade|Roserade, F, shiny|71\/261
|move|p1a: Absol|Night Slash|p2a: Roserade
|-crit|p2a: Roserade
|-damage|p2a: Roserade|0 fnt
|faint|p2a: Roserade
|
|-damage|p1a: Absol|37\/272 brn|[from] brn
|
|switch|p2a: Starmie|Starmie|261\/261
|turn|27
|
|move|p2a: Starmie|Thunderbolt|p1a: Absol
|-damage|p1a: Absol|0 fnt
|faint|p1a: Absol
|
|
|switch|p1a: Trevenant|Trevenant, M|361\/361
|-damage|p1a: Trevenant|316\/361|[from] Spikes
|turn|28
|
|switch|p2a: Espeon|Espeon, M|271\/271
|move|p1a: Trevenant|Horn Leech|p2a: Espeon
|-damage|p2a: Espeon|109\/271
|-heal|p1a: Trevenant|361\/361|[from] drain|[of] p2a: Espeon
|
|turn|29
|
|move|p2a: Espeon|Hidden Power|p1a: Trevenant
|-supereffective|p1a: Trevenant
|-damage|p1a: Trevenant|217\/361
|move|p1a: Trevenant|Horn Leech|p2a: Espeon
|-damage|p2a: Espeon|0 fnt
|-heal|p1a: Trevenant|272\/361|[from] drain|[of] p2a: Espeon
|faint|p2a: Espeon
|
|
|switch|p2a: Starmie|Starmie|261\/261
|turn|30
|
|move|p2a: Starmie|Ice Beam|p1a: Trevenant
|-supereffective|p1a: Trevenant
|-damage|p1a: Trevenant|90\/361
|-enditem|p1a: Trevenant|Sitrus Berry|[eat]
|-heal|p1a: Trevenant|180\/361|[from] item: Sitrus Berry
|move|p1a: Trevenant|Horn Leech|p2a: Starmie
|-supereffective|p2a: Starmie
|-damage|p2a: Starmie|15\/261
|-heal|p1a: Trevenant|303\/361|[from] drain|[of] p2a: Starmie
|
|-heal|p2a: Starmie|31\/261|[from] item: Leftovers
|-item|p1a: Trevenant|Sitrus Berry|[from] ability: Harvest
|turn|31
|c|âZannorith|gg
|
|move|p2a: Starmie|Ice Beam|p1a: Trevenant
|-supereffective|p1a: Trevenant
|-damage|p1a: Trevenant|123\/361
|-enditem|p1a: Trevenant|Sitrus Berry|[eat]
|-heal|p1a: Trevenant|213\/361|[from] item: Sitrus Berry
|move|p1a: Trevenant|Horn Leech|p2a: Starmie
|-supereffective|p2a: Starmie
|-damage|p2a: Starmie|0 fnt
|-heal|p1a: Trevenant|229\/361|[from] drain|[of] p2a: Starmie
|faint|p2a: Starmie
|
|win|Zannorith
|raw|Ladder updating...
|c|âYunoGasaiThe2nd|gg
|raw|Zannorith's rating: 1117 &rarr; <strong>1144<\/strong><br \/>(+27 for winning)
|raw|YunoGasaiThe2nd's rating: 1142 &rarr; <strong>1115<\/strong><br \/>(-27 for losing)
|leave|YunoGasaiThe2nd
|player|p2