|join|CheckmateWeee
|join|Leafstorm121
|player|p1|CheckmateWeee|170
|player|p2|Leafstorm121|34
|gametype|singles
|gen|6
|tier|OU
|rated
|clearpoke
|poke|p1|Swampert, F
|poke|p1|Kabutops, F
|poke|p1|Politoed, M
|poke|p1|Magnezone
|poke|p1|Thundurus, M
|poke|p1|Ludicolo, F
|poke|p2|Azelf
|poke|p2|Diancie
|poke|p2|Landorus, M
|poke|p2|Thundurus, M
|poke|p2|Volcarona, F
|poke|p2|Lucario, M
|rule|Swagger Clause: Swagger is banned
|rule|Baton Pass Clause: Limit one PokÃ©mon knowing Baton Pass
|rule|Sleep Clause Mod: Limit one foe put to sleep
|rule|Species Clause: Limit one of each PokÃ©mon
|rule|OHKO Clause: OHKO moves are banned
|rule|Moody Clause: Moody is banned
|rule|Evasion Moves Clause: Evasion moves are banned
|rule|Endless Battle Clause: Forcing endless battles is banned
|rule|HP Percentage Mod: HP is shown in percentages
|teampreview
|
|start
|switch|p1a: Thundurus|Thundurus, M|299\/299
|switch|p2a: Azelf|Azelf|354\/354
|turn|1
|
|move|p1a: Thundurus|Taunt|p2a: Azelf
|-start|p2a: Azelf|move: Taunt
|cant|p2a: Azelf|move: Taunt|Stealth Rock
|
|turn|2
|
|switch|p2a: Diancie|Diancie|241\/241
|switch|p1a: Swampert|Swampert, F|366\/366
|
|turn|3
|
|switch|p2a: Azelf|Azelf|354\/354
|detailschange|p1a: Swampert|Swampert-Mega, F
|message|Swampert has Mega Evolved into Mega Swampert!
|move|p1a: Swampert|Waterfall|p2a: Azelf
|-damage|p2a: Azelf|117\/354
|
|turn|4
|
|move|p2a: Azelf|Reflect|p2a: Azelf
|-sidestart|p2: Leafstorm121|Reflect
|move|p1a: Swampert|Waterfall|p2a: Azelf
|-damage|p2a: Azelf|3\/354
|
|turn|5
|
|switch|p1a: Magnezone|Magnezone|344\/344
|move|p2a: Azelf|Stealth Rock|p1a: Magnezone
|-sidestart|p1: CheckmateWeee|move: Stealth Rock
|
|turn|6
|
|move|p2a: Azelf|Light Screen|p2a: Azelf
|-sidestart|p2: Leafstorm121|move: Light Screen
|move|p1a: Magnezone|Flash Cannon|p2a: Azelf
|-damage|p2a: Azelf|0 fnt
|faint|p2a: Azelf
|
|
|switch|p2a: Lucario|Lucario, M|281\/281
|turn|7
|
|move|p2a: Lucario|Swords Dance|p2a: Lucario
|-boost|p2a: Lucario|atk|2
|move|p1a: Magnezone|Volt Switch|p2a: Lucario
|-damage|p2a: Lucario|185\/281
|
|switch|p1a: Politoed|Politoed, M|384\/384
|-damage|p1a: Politoed|336\/384|[from] Stealth Rock
|-weather|RainDance
|
|-weather|RainDance|[upkeep]
|turn|8
|
|move|p2a: Lucario|Close Combat|p1a: Politoed
|-damage|p1a: Politoed|0 fnt
|-unboost|p2a: Lucario|def|1
|-unboost|p2a: Lucario|spd|1
|-damage|p2a: Lucario|157\/281|[from] item: Life Orb
|faint|p1a: Politoed
|
|-weather|RainDance|[upkeep]
|
|switch|p1a: Kabutops|Kabutops, F|261\/261
|-damage|p1a: Kabutops|229\/261|[from] Stealth Rock
|turn|9
|
|move|p1a: Kabutops|Waterfall|p2a: Lucario
|-damage|p2a: Lucario|0 fnt
|-damage|p1a: Kabutops|203\/261|[from] item: Life Orb
|faint|p2a: Lucario
|
|-weather|RainDance|[upkeep]
|
|switch|p2a: Thundurus|Thundurus, M|300\/300
|turn|10
|
|switch|p1a: Swampert|Swampert-Mega, F|366\/366
|-damage|p1a: Swampert|344\/366|[from] Stealth Rock
|move|p2a: Thundurus|Thunderbolt|p1a: Swampert
|-immune|p1a: Swampert|[msg]
|
|-weather|RainDance|[upkeep]
|turn|11
|
|move|p1a: Swampert|Waterfall|p2a: Thundurus
|-damage|p2a: Thundurus|110\/300
|move|p2a: Thundurus|Focus Blast|p1a: Swampert
|-damage|p1a: Swampert|182\/366
|-damage|p2a: Thundurus|80\/300|[from] item: Life Orb
|
|-weather|RainDance|[upkeep]
|-sideend|p2: Leafstorm121|Reflect
|turn|12
|
|move|p1a: Swampert|Waterfall|p2a: Thundurus
|-damage|p2a: Thundurus|0 fnt
|faint|p2a: Thundurus
|
|-weather|RainDance|[upkeep]
|
|switch|p2a: Diancie|Diancie|241\/241
|turn|13
|
|move|p1a: Swampert|Waterfall|p2a: Diancie
|-supereffective|p2a: Diancie
|-damage|p2a: Diancie|0 fnt
|faint|p2a: Diancie
|
|-weather|RainDance|[upkeep]
|-sideend|p2: Leafstorm121|move: Light Screen
|
|switch|p2a: Volcarona|Volcarona, F|335\/335
|turn|14
|
|move|p1a: Swampert|Waterfall|p2a: Volcarona
|-supereffective|p2a: Volcarona
|-damage|p2a: Volcarona|0 fnt
|-status|p1a: Swampert|brn
|faint|p2a: Volcarona
|
|-weather|none
|-damage|p1a: Swampert|137\/366 brn|[from] brn
|
|switch|p2a: Landorus|Landorus, M|320\/320
|turn|15
|
|move|p2a: Landorus|Earth Power|p1a: Swampert
|-damage|p1a: Swampert|0 fnt
|faint|p1a: Swampert
|
|
|switch|p1a: Thundurus|Thundurus, M|299\/299
|-damage|p1a: Thundurus|225\/299|[from] Stealth Rock
|turn|16
|
|move|p1a: Thundurus|Rain Dance|p1a: Thundurus
|-weather|RainDance
|move|p2a: Landorus|Psychic|p1a: Thundurus
|-damage|p1a: Thundurus|33\/299
|
|-weather|RainDance|[upkeep]
|turn|17
|
|move|p1a: Thundurus|Taunt|p2a: Landorus
|-start|p2a: Landorus|move: Taunt
|move|p2a: Landorus|Psychic|p1a: Thundurus
|-damage|p1a: Thundurus|0 fnt
|faint|p1a: Thundurus
|
|-weather|RainDance|[upkeep]
|
|switch|p1a: Ludicolo|Ludicolo, F|301\/301
|-damage|p1a: Ludicolo|264\/301|[from] Stealth Rock
|turn|18
|
|move|p1a: Ludicolo|Ice Beam|p2a: Landorus
|-supereffective|p2a: Landorus
|-damage|p2a: Landorus|0 fnt
|-damage|p1a: Ludicolo|234\/301|[from] item: Life Orb
|faint|p2a: Landorus
|
|win|CheckmateWeee
|raw|Ladder updating...
|c|âLeafstorm121|gg
|raw|Ladder (probably) updated, but score could not be retrieved (timeout).
|raw|Ladder (probably) updated, but score could not be retrieved (Error: socket hang up).