|join|Oldmanbrian
|join|Leafstorm121
|player|p1|Oldmanbrian|244
|player|p2|Leafstorm121|34
|gametype|singles
|gen|6
|tier|OU
|rated
|clearpoke
|poke|p1|Sylveon, F
|poke|p1|Aerodactyl, M
|poke|p1|Starmie
|poke|p1|Scizor, M
|poke|p1|Garchomp, M
|poke|p1|Raikou
|poke|p2|Azelf
|poke|p2|Lopunny, F
|poke|p2|Landorus, M
|poke|p2|Thundurus, M
|poke|p2|Greninja, F
|poke|p2|Crawdaunt, M
|rule|Swagger Clause: Swagger is banned
|rule|Baton Pass Clause: Limit one PokÃ©mon knowing Baton Pass
|rule|Sleep Clause Mod: Limit one foe put to sleep
|rule|Species Clause: Limit one of each PokÃ©mon
|rule|OHKO Clause: OHKO moves are banned
|rule|Moody Clause: Moody is banned
|rule|Evasion Moves Clause: Evasion moves are banned
|rule|Endless Battle Clause: Forcing endless battles is banned
|rule|HP Percentage Mod: HP is shown in percentages
|teampreview
|
|start
|switch|p1a: Scizor|Scizor, M|343\/343
|switch|p2a: Azelf|Azelf|354\/354
|turn|1
|
|move|p2a: Azelf|Stealth Rock|p1a: Scizor
|-sidestart|p1: Oldmanbrian|move: Stealth Rock
|move|p1a: Scizor|Knock Off|p2a: Azelf
|-supereffective|p2a: Azelf
|-damage|p2a: Azelf|0 fnt
|-enditem|p2a: Azelf|Light Clay|[from] move: Knock Off|[of] p1a: Scizor
|faint|p2a: Azelf
|
|
|switch|p2a: Lopunny|Lopunny, F|272\/272
|turn|2
|
|switch|p1a: Garchomp|Garchomp, M|420\/420
|-damage|p1a: Garchomp|394\/420|[from] Stealth Rock
|detailschange|p2a: Lopunny|Lopunny-Mega, F
|message|Lopunny has Mega Evolved into Mega Lopunny!
|move|p2a: Lopunny|Substitute|p2a: Lopunny
|-start|p2a: Lopunny|Substitute
|-damage|p2a: Lopunny|204\/272
|
|turn|3
|
|move|p2a: Lopunny|Power-Up Punch|p1a: Garchomp
|-damage|p1a: Garchomp|337\/420
|-damage|p2a: Lopunny|170\/272|[from] ability: Rough Skin|[of] p1a: Garchomp
|-damage|p2a: Lopunny|125\/272|[from] item: Rocky Helmet|[of] p1a: Garchomp
|-boost|p2a: Lopunny|atk|1
|move|p1a: Garchomp|Earthquake|p2a: Lopunny
|-end|p2a: Lopunny|Substitute
|
|turn|4
|
|move|p2a: Lopunny|Return|p1a: Garchomp
|-damage|p1a: Garchomp|115\/420
|-damage|p2a: Lopunny|91\/272|[from] ability: Rough Skin|[of] p1a: Garchomp
|-damage|p2a: Lopunny|46\/272|[from] item: Rocky Helmet|[of] p1a: Garchomp
|move|p1a: Garchomp|Stealth Rock|p2a: Lopunny
|-sidestart|p2: Leafstorm121|move: Stealth Rock
|
|turn|5
|
|move|p2a: Lopunny|Drain Punch|p1a: Garchomp
|-damage|p1a: Garchomp|0 fnt
|-heal|p2a: Lopunny|104\/272|[from] drain|[of] p1a: Garchomp
|-damage|p2a: Lopunny|70\/272|[from] ability: Rough Skin|[of] p1a: Garchomp
|-damage|p2a: Lopunny|25\/272|[from] item: Rocky Helmet|[of] p1a: Garchomp
|faint|p1a: Garchomp
|
|
|switch|p1a: Scizor|Scizor, M|343\/343
|-damage|p1a: Scizor|301\/343|[from] Stealth Rock
|turn|6
|
|move|p1a: Scizor|Bullet Punch|p2a: Lopunny
|-damage|p2a: Lopunny|0 fnt
|faint|p2a: Lopunny
|
|
|switch|p2a: Crawdaunt|Crawdaunt, M|268\/268
|-damage|p2a: Crawdaunt|235\/268|[from] Stealth Rock
|turn|7
|
|switch|p1a: Sylveon|Sylveon, F|392\/392
|-damage|p1a: Sylveon|343\/392|[from] Stealth Rock
|move|p2a: Crawdaunt|Crabhammer|p1a: Sylveon
|-damage|p1a: Sylveon|1\/392
|
|turn|8
|
|move|p2a: Crawdaunt|Aqua Jet|p1a: Sylveon
|-damage|p1a: Sylveon|0 fnt
|faint|p1a: Sylveon
|
|
|switch|p1a: Starmie|Starmie|261\/261
|-damage|p1a: Starmie|229\/261|[from] Stealth Rock
|turn|9
|
|move|p1a: Starmie|Thunderbolt|p2a: Crawdaunt
|-supereffective|p2a: Crawdaunt
|-damage|p2a: Crawdaunt|0 fnt
|-damage|p1a: Starmie|203\/261|[from] item: Life Orb
|faint|p2a: Crawdaunt
|
|
|switch|p2a: Greninja|Greninja, F|285\/285
|-damage|p2a: Greninja|250\/285|[from] Stealth Rock
|turn|10
|
|switch|p1a: Scizor|Scizor, M|301\/343
|-damage|p1a: Scizor|259\/343|[from] Stealth Rock
|move|p2a: Greninja|Grass Knot|p1a: Scizor
|-start|p2a: Greninja|typechange|Grass|[from] Protean
|-resisted|p1a: Scizor
|-damage|p1a: Scizor|206\/343
|-damage|p2a: Greninja|222\/285|[from] item: Life Orb
|
|turn|11
|
|move|p1a: Scizor|Bullet Punch|p2a: Greninja
|-damage|p2a: Greninja|0 fnt
|faint|p2a: Greninja
|
|
|switch|p2a: Thundurus|Thundurus, M|300\/300
|-damage|p2a: Thundurus|225\/300|[from] Stealth Rock
|turn|12
|
|move|p1a: Scizor|Bullet Punch|p2a: Thundurus
|-resisted|p2a: Thundurus
|-damage|p2a: Thundurus|115\/300
|move|p2a: Thundurus|Thunderbolt|p1a: Scizor
|-damage|p1a: Scizor|0 fnt
|-damage|p2a: Thundurus|85\/300|[from] item: Life Orb
|faint|p1a: Scizor
|
|
|switch|p1a: Raikou|Raikou|321\/321
|-damage|p1a: Raikou|281\/321|[from] Stealth Rock
|-ability|p1a: Raikou|Pressure
|turn|13
|
|move|p1a: Raikou|Hidden Power|p2a: Thundurus
|-supereffective|p2a: Thundurus
|-damage|p2a: Thundurus|0 fnt
|faint|p2a: Thundurus
|
|-message|Leafstorm121 forfeited.
|
|win|Oldmanbrian
|raw|Ladder updating...
|leave|Leafstorm121
|player|p2