|join|golurkk
|join|Leafstorm121
|player|p1|golurkk|195
|player|p2|Leafstorm121|34
|gametype|singles
|gen|6
|tier|OU
|rated
|clearpoke
|poke|p1|Scizor, M, shiny
|poke|p1|Manaphy, shiny
|poke|p1|Thundurus, M
|poke|p1|Landorus-Therian, M
|poke|p1|Cobalion
|poke|p1|Latios, M
|poke|p2|Azelf
|poke|p2|Gyarados, F
|poke|p2|Landorus, M
|poke|p2|Thundurus, M
|poke|p2|Scolipede, M
|poke|p2|Manaphy
|rule|Swagger Clause: Swagger is banned
|rule|Baton Pass Clause: Limit one PokÃ©mon knowing Baton Pass
|rule|Sleep Clause Mod: Limit one foe put to sleep
|rule|Species Clause: Limit one of each PokÃ©mon
|rule|OHKO Clause: OHKO moves are banned
|rule|Moody Clause: Moody is banned
|rule|Evasion Moves Clause: Evasion moves are banned
|rule|Endless Battle Clause: Forcing endless battles is banned
|rule|HP Percentage Mod: HP is shown in percentages
|teampreview
|
|start
|switch|p1a: Thundurus|Thundurus, M|299\/299
|switch|p2a: Azelf|Azelf|354\/354
|turn|1
|
|move|p1a: Thundurus|Taunt|p2a: Azelf
|-start|p2a: Azelf|move: Taunt
|cant|p2a: Azelf|move: Taunt|Stealth Rock
|
|turn|2
|
|switch|p2a: Landorus|Landorus, M|320\/320
|switch|p1a: sAMuel L|Landorus-Therian, M|381\/381
|-ability|p1a: sAMuel L|Intimidate|[of] p2a: Landorus
|-unboost|p2a: Landorus|atk|1
|
|turn|3
|
|move|p2a: Landorus|Psychic|p1a: sAMuel L
|-damage|p1a: sAMuel L|194\/381
|move|p1a: sAMuel L|Stealth Rock|p2a: Landorus
|-sidestart|p2: Leafstorm121|move: Stealth Rock
|
|-heal|p1a: sAMuel L|217\/381|[from] item: Leftovers
|turn|4
|
|move|p2a: Landorus|Psychic|p1a: sAMuel L
|-damage|p1a: sAMuel L|30\/381
|move|p1a: sAMuel L|U-turn|p2a: Landorus
|-resisted|p2a: Landorus
|-damage|p2a: Landorus|276\/320
|
|switch|p1a: Thundurus|Thundurus, M|299\/299
|
|turn|5
|
|move|p1a: Thundurus|Hidden Power|p2a: Landorus
|-supereffective|p2a: Landorus
|-damage|p2a: Landorus|0 fnt
|faint|p2a: Landorus
|
|
|switch|p2a: Thundurus|Thundurus, M|300\/300
|-damage|p2a: Thundurus|225\/300|[from] Stealth Rock
|turn|6
|
|move|p1a: Thundurus|Volt Switch|p2a: Thundurus
|-damage|p2a: Thundurus|74\/300
|
|switch|p1a: Latios|Latios, M|301\/301
|move|p2a: Thundurus|Thunderbolt|p1a: Latios
|-resisted|p1a: Latios
|-damage|p1a: Latios|214\/301
|-damage|p2a: Thundurus|44\/300|[from] item: Life Orb
|
|turn|7
|
|move|p1a: Latios|Psyshock|p2a: Thundurus
|-damage|p2a: Thundurus|0 fnt
|faint|p2a: Thundurus
|
|
|switch|p2a: Azelf|Azelf|354\/354
|-damage|p2a: Azelf|310\/354|[from] Stealth Rock
|turn|8
|
|switch|p1a: sAMuel L|Landorus-Therian, M|30\/381
|-ability|p1a: sAMuel L|Intimidate|[of] p2a: Azelf
|-unboost|p2a: Azelf|atk|1
|move|p2a: Azelf|Light Screen|p2a: Azelf
|-sidestart|p2: Leafstorm121|move: Light Screen
|
|-heal|p1a: sAMuel L|53\/381|[from] item: Leftovers
|turn|9
|
|move|p2a: Azelf|Stealth Rock|p1a: sAMuel L
|-sidestart|p1: golurkk|move: Stealth Rock
|move|p1a: sAMuel L|U-turn|p2a: Azelf
|-supereffective|p2a: Azelf
|-damage|p2a: Azelf|104\/354
|
|switch|p1a: flAMberge|Cobalion|358\/358
|-damage|p1a: flAMberge|347\/358|[from] Stealth Rock
|
|-heal|p1a: flAMberge|358\/358|[from] item: Leftovers
|turn|10
|
|move|p2a: Azelf|Reflect|p2a: Azelf
|-sidestart|p2: Leafstorm121|Reflect
|move|p1a: flAMberge|Iron Head|p2a: Azelf
|-crit|p2a: Azelf
|-damage|p2a: Azelf|0 fnt
|faint|p2a: Azelf
|
|
|switch|p2a: Manaphy|Manaphy|404\/404
|-damage|p2a: Manaphy|354\/404|[from] Stealth Rock
|turn|11
|
|move|p1a: flAMberge|Taunt|p2a: Manaphy
|-start|p2a: Manaphy|move: Taunt
|cant|p2a: Manaphy|move: Taunt|Tail Glow
|
|-heal|p2a: Manaphy|379\/404|[from] item: Leftovers
|turn|12
|
|move|p1a: flAMberge|Volt Switch|p2a: Manaphy
|-supereffective|p2a: Manaphy
|-damage|p2a: Manaphy|334\/404
|
|switch|p1a: Latios|Latios, M|214\/301
|-damage|p1a: Latios|177\/301|[from] Stealth Rock
|move|p2a: Manaphy|Surf|p1a: Latios
|-resisted|p1a: Latios
|-damage|p1a: Latios|108\/301
|
|-heal|p2a: Manaphy|359\/404|[from] item: Leftovers
|turn|13
|
|move|p1a: Latios|Trick|p2a: Manaphy
|-activate|p1a: Latios|move: Trick|[of] p2a: Manaphy
|-item|p2a: Manaphy|Choice Scarf|[from] move: Trick
|-item|p1a: Latios|Leftovers|[from] move: Trick
|move|p2a: Manaphy|Ice Beam|p1a: Latios
|-supereffective|p1a: Latios
|-damage|p1a: Latios|0 fnt
|faint|p1a: Latios
|
|-end|p2a: Manaphy|move: Taunt
|
|switch|p1a: murakAMi|Manaphy, shiny|351\/351
|-damage|p1a: murakAMi|308\/351|[from] Stealth Rock
|turn|14
|
|switch|p2a: Gyarados|Gyarados, F|332\/332
|-damage|p2a: Gyarados|249\/332|[from] Stealth Rock
|-ability|p2a: Gyarados|Intimidate|[of] p1a: murakAMi
|-unboost|p1a: murakAMi|atk|1
|move|p1a: murakAMi|Tail Glow|p1a: murakAMi
|-boost|p1a: murakAMi|spa|3
|
|-heal|p1a: murakAMi|329\/351|[from] item: Leftovers
|turn|15
|
|detailschange|p2a: Gyarados|Gyarados-Mega, F
|message|Gyarados has Mega Evolved into Mega Gyarados!
|-ability|p2a: Gyarados|Mold Breaker
|move|p1a: murakAMi|Energy Ball|p2a: Gyarados
|-supereffective|p2a: Gyarados
|-damage|p2a: Gyarados|45\/332
|move|p2a: Gyarados|Crunch|p1a: murakAMi
|-damage|p1a: murakAMi|152\/351
|
|-heal|p1a: murakAMi|173\/351|[from] item: Leftovers
|-sideend|p2: Leafstorm121|move: Light Screen
|turn|16
|
|move|p1a: murakAMi|Energy Ball|p2a: Gyarados
|-supereffective|p2a: Gyarados
|-damage|p2a: Gyarados|0 fnt
|faint|p2a: Gyarados
|
|-heal|p1a: murakAMi|194\/351|[from] item: Leftovers
|
|switch|p2a: Manaphy|Manaphy|359\/404
|-damage|p2a: Manaphy|309\/404|[from] Stealth Rock
|turn|17
|
|move|p2a: Manaphy|Surf|p1a: murakAMi
|-resisted|p1a: murakAMi
|-damage|p1a: murakAMi|122\/351
|move|p1a: murakAMi|Energy Ball|p2a: Manaphy
|-supereffective|p2a: Manaphy
|-damage|p2a: Manaphy|0 fnt
|faint|p2a: Manaphy
|
|-heal|p1a: murakAMi|143\/351|[from] item: Leftovers
|-sideend|p2: Leafstorm121|Reflect
|c|âLeafstorm121|gg
|c|âgolurkk|your team is vile
|-message|Leafstorm121 forfeited.
|
|switch|p2a: Scolipede|Scolipede, M|323\/323
|-damage|p2a: Scolipede|243\/323|[from] Stealth Rock
|turn|18
|
|win|golurkk
|raw|Ladder updating...
|c|âLeafstorm121|Actually, it's pretty good in the right situations
|raw|golurkk's rating: 1666 &rarr; <strong>1689<\/strong><br \/>(+23 for winning)
|raw|Leafstorm121's rating: 1712 &rarr; <strong>1689<\/strong><br \/>(-23 for losing)