|join|wish killer
|join|Leafstorm121
|player|p1|wish killer|101
|player|p2|Leafstorm121|34
|gametype|singles
|gen|6
|tier|OU
|rated
|clearpoke
|poke|p1|Bisharp, F
|poke|p1|Venusaur, M
|poke|p1|Heatran, F
|poke|p1|Keldeo
|poke|p1|Chansey, F
|poke|p1|Skarmory, F
|poke|p2|Azelf
|poke|p2|Gyarados, M
|poke|p2|Landorus, M
|poke|p2|Thundurus, M
|poke|p2|Scolipede, M
|poke|p2|Manaphy
|rule|Swagger Clause: Swagger is banned
|rule|Baton Pass Clause: Limit one PokÃ©mon knowing Baton Pass
|rule|Sleep Clause Mod: Limit one foe put to sleep
|rule|Species Clause: Limit one of each PokÃ©mon
|rule|OHKO Clause: OHKO moves are banned
|rule|Moody Clause: Moody is banned
|rule|Evasion Moves Clause: Evasion moves are banned
|rule|Endless Battle Clause: Forcing endless battles is banned
|rule|HP Percentage Mod: HP is shown in percentages
|teampreview
|
|start
|switch|p1a: Heatran|Heatran, F|340\/340
|switch|p2a: Azelf|Azelf|354\/354
|-item|p1a: Heatran|Air Balloon
|turn|1
|
|move|p2a: Azelf|Taunt|p1a: Heatran
|-start|p1a: Heatran|move: Taunt
|move|p1a: Heatran|Fire Blast|p2a: Azelf|[miss]
|-miss|p1a: Heatran|p2a: Azelf
|
|turn|2
|
|move|p2a: Azelf|Stealth Rock|p1a: Heatran
|-sidestart|p1: wish killer|move: Stealth Rock
|move|p1a: Heatran|Fire Blast|p2a: Azelf
|-damage|p2a: Azelf|144\/354
|
|turn|3
|
|move|p2a: Azelf|Light Screen|p2a: Azelf
|-sidestart|p2: Leafstorm121|move: Light Screen
|move|p1a: Heatran|Fire Blast|p2a: Azelf
|-damage|p2a: Azelf|40\/354
|-status|p2a: Azelf|brn
|
|-damage|p2a: Azelf|0 fnt|[from] brn
|-end|p1a: Heatran|move: Taunt
|faint|p2a: Azelf
|
|switch|p2a: Gyarados|Gyarados, M|332\/332
|-ability|p2a: Gyarados|Intimidate|[of] p1a: Heatran
|-unboost|p1a: Heatran|atk|1
|turn|4
|
|detailschange|p2a: Gyarados|Gyarados-Mega, M
|message|Gyarados has Mega Evolved into Mega Gyarados!
|-ability|p2a: Gyarados|Mold Breaker
|move|p1a: Heatran|Stealth Rock|p2a: Gyarados
|-sidestart|p2: Leafstorm121|move: Stealth Rock
|move|p2a: Gyarados|Taunt|p1a: Heatran
|-start|p1a: Heatran|move: Taunt
|
|turn|5
|
|switch|p1a: Venusaur|Venusaur, M|364\/364
|-damage|p1a: Venusaur|319\/364|[from] Stealth Rock
|move|p2a: Gyarados|Dragon Dance|p2a: Gyarados
|-boost|p2a: Gyarados|atk|1
|-boost|p2a: Gyarados|spe|1
|
|turn|6
|
|detailschange|p1a: Venusaur|Venusaur-Mega, M
|message|Venusaur has Mega Evolved into Mega Venusaur!
|move|p2a: Gyarados|Taunt|p1a: Venusaur
|-start|p1a: Venusaur|move: Taunt
|cant|p1a: Venusaur|move: Taunt|Leech Seed
|
|turn|7
|
|move|p2a: Gyarados|Crunch|p1a: Venusaur
|-damage|p1a: Venusaur|151\/364
|move|p1a: Venusaur|Giga Drain|p2a: Gyarados
|-crit|p2a: Gyarados
|-supereffective|p2a: Gyarados
|-damage|p2a: Gyarados|78\/332
|-heal|p1a: Venusaur|278\/364|[from] drain|[of] p2a: Gyarados
|
|turn|8
|
|move|p2a: Gyarados|Crunch|p1a: Venusaur
|-damage|p1a: Venusaur|125\/364
|move|p1a: Venusaur|Giga Drain|p2a: Gyarados
|-supereffective|p2a: Gyarados
|-damage|p2a: Gyarados|0 fnt
|-heal|p1a: Venusaur|164\/364|[from] drain|[of] p2a: Gyarados
|faint|p2a: Gyarados
|
|-end|p1a: Venusaur|move: Taunt
|
|switch|p2a: Landorus|Landorus, M|320\/320
|-damage|p2a: Landorus|280\/320|[from] Stealth Rock
|turn|9
|
|switch|p1a: Chansey|Chansey, F|684\/684
|-damage|p1a: Chansey|599\/684|[from] Stealth Rock
|move|p2a: Landorus|Earth Power|p1a: Chansey
|-damage|p1a: Chansey|447\/684
|
|turn|10
|
|switch|p2a: Scolipede|Scolipede, M|323\/323
|-damage|p2a: Scolipede|243\/323|[from] Stealth Rock
|move|p1a: Chansey|Seismic Toss|p2a: Scolipede
|-damage|p2a: Scolipede|143\/323
|
|-heal|p2a: Scolipede|163\/323|[from] item: Black Sludge
|-sideend|p2: Leafstorm121|move: Light Screen
|turn|11
|
|switch|p1a: Skarmory|Skarmory, F|334\/334
|-damage|p1a: Skarmory|293\/334|[from] Stealth Rock
|move|p2a: Scolipede|Substitute|p2a: Scolipede
|-start|p2a: Scolipede|Substitute
|-damage|p2a: Scolipede|83\/323
|
|-heal|p2a: Scolipede|103\/323|[from] item: Black Sludge
|-boost|p2a: Scolipede|spe|1|[from] ability: Speed Boost
|turn|12
|
|move|p2a: Scolipede|Baton Pass|p2a: Scolipede
|
|switch|p2a: Thundurus|Thundurus, M|300\/300
|-damage|p2a: Thundurus|225\/300|[from] Stealth Rock
|move|p1a: Skarmory|Whirlwind|p2a: Thundurus
|drag|p2a: Scolipede|Scolipede, M|103\/323
|-damage|p2a: Scolipede|23\/323|[from] Stealth Rock
|
|-heal|p2a: Scolipede|43\/323|[from] item: Black Sludge
|turn|13
|
|switch|p2a: Thundurus|Thundurus, M|225\/300
|-damage|p2a: Thundurus|150\/300|[from] Stealth Rock
|move|p1a: Skarmory|Spikes|p2a: Thundurus
|-sidestart|p2: Leafstorm121|Spikes
|
|turn|14
|
|move|p2a: Thundurus|Thunderbolt|p1a: Skarmory
|-supereffective|p1a: Skarmory
|-damage|p1a: Skarmory|0 fnt
|-damage|p2a: Thundurus|120\/300|[from] item: Life Orb
|faint|p1a: Skarmory
|
|
|switch|p1a: Venusaur|Venusaur-Mega, M|164\/364
|-damage|p1a: Venusaur|119\/364|[from] Stealth Rock
|turn|15
|
|move|p2a: Thundurus|Hidden Power|p1a: Venusaur
|-supereffective|p1a: Venusaur
|-damage|p1a: Venusaur|38\/364
|-damage|p2a: Thundurus|90\/300|[from] item: Life Orb
|move|p1a: Venusaur|Giga Drain|p2a: Thundurus
|-resisted|p2a: Thundurus
|-damage|p2a: Thundurus|31\/300
|-heal|p1a: Venusaur|68\/364|[from] drain|[of] p2a: Thundurus
|
|turn|16
|
|switch|p1a: Chansey|Chansey, F|447\/684
|-damage|p1a: Chansey|362\/684|[from] Stealth Rock
|move|p2a: Thundurus|Hidden Power|p1a: Chansey
|-damage|p1a: Chansey|310\/684
|-damage|p2a: Thundurus|1\/300|[from] item: Life Orb
|
|turn|17
|
|move|p2a: Thundurus|Nasty Plot|p2a: Thundurus
|-boost|p2a: Thundurus|spa|2
|move|p1a: Chansey|Soft-Boiled|p1a: Chansey
|-heal|p1a: Chansey|652\/684
|
|turn|18
|
|move|p2a: Thundurus|Focus Blast|p1a: Chansey
|-supereffective|p1a: Chansey
|-damage|p1a: Chansey|244\/684
|-damage|p2a: Thundurus|0 fnt|[from] item: Life Orb
|faint|p2a: Thundurus
|move|p1a: Chansey|Soft-Boiled|p1a: Chansey
|-heal|p1a: Chansey|586\/684
|
|
|switch|p2a: Manaphy|Manaphy|404\/404
|-damage|p2a: Manaphy|354\/404|[from] Spikes
|-damage|p2a: Manaphy|304\/404|[from] Stealth Rock
|turn|19
|
|move|p2a: Manaphy|Tail Glow|p2a: Manaphy
|-boost|p2a: Manaphy|spa|3
|move|p1a: Chansey|Thunder Wave|p2a: Manaphy
|-status|p2a: Manaphy|par
|
|-heal|p2a: Manaphy|329\/404 par|[from] item: Leftovers
|turn|20
|
|move|p1a: Chansey|Seismic Toss|p2a: Manaphy
|-damage|p2a: Manaphy|229\/404 par
|move|p2a: Manaphy|Rain Dance|p2a: Manaphy
|-weather|RainDance
|
|-weather|RainDance|[upkeep]
|-curestatus|p2a: Manaphy|par
|-heal|p2a: Manaphy|254\/404|[from] item: Leftovers
|turn|21
|
|move|p2a: Manaphy|Surf|p1a: Chansey
|-damage|p1a: Chansey|264\/684
|move|p1a: Chansey|Seismic Toss|p2a: Manaphy
|-damage|p2a: Manaphy|154\/404
|
|-weather|RainDance|[upkeep]
|-heal|p2a: Manaphy|179\/404|[from] item: Leftovers
|turn|22
|
|move|p2a: Manaphy|Surf|p1a: Chansey
|-damage|p1a: Chansey|0 fnt
|faint|p1a: Chansey
|
|-weather|RainDance|[upkeep]
|-heal|p2a: Manaphy|204\/404|[from] item: Leftovers
|
|switch|p1a: Bisharp|Bisharp, F|334\/334
|-damage|p1a: Bisharp|314\/334|[from] Stealth Rock
|turn|23
|
|move|p1a: Bisharp|Sucker Punch|p2a: Manaphy
|-damage|p2a: Manaphy|47\/404
|move|p2a: Manaphy|Surf|p1a: Bisharp
|-damage|p1a: Bisharp|0 fnt
|faint|p1a: Bisharp
|
|-weather|RainDance|[upkeep]
|-heal|p2a: Manaphy|72\/404|[from] item: Leftovers
|
|switch|p1a: Keldeo|Keldeo|323\/323
|-damage|p1a: Keldeo|303\/323|[from] Stealth Rock
|turn|24
|
|move|p1a: Keldeo|Secret Sword|p2a: Manaphy
|-damage|p2a: Manaphy|0 fnt
|faint|p2a: Manaphy
|
|-weather|none
|-heal|p1a: Keldeo|323\/323|[from] item: Leftovers
|
|switch|p2a: Landorus|Landorus, M|280\/320
|-damage|p2a: Landorus|240\/320|[from] Stealth Rock
|turn|25
|
|move|p1a: Keldeo|Scald|p2a: Landorus
|-supereffective|p2a: Landorus
|-damage|p2a: Landorus|0 fnt
|faint|p2a: Landorus
|
|c|âLeafstorm121|gg
|
|switch|p2a: Scolipede|Scolipede, M|43\/323
|-damage|p2a: Scolipede|0 fnt|[from] Stealth Rock
|faint|p2a: Scolipede
|
|win|wish killer
|raw|Ladder updating...
|raw|wish killer's rating: 1834 &rarr; <strong>1852<\/strong><br \/>(+18 for winning)
|raw|Leafstorm121's rating: 1791 &rarr; <strong>1774<\/strong><br \/>(-17 for losing)