|join|Reverb
|join|Leafstorm121
|player|p1|Reverb|#reverb
|player|p2|Leafstorm121|34
|gametype|singles
|gen|6
|tier|OU
|rated
|clearpoke
|poke|p1|Empoleon, F
|poke|p1|Tyranitar, F
|poke|p1|Charizard, M
|poke|p1|Keldeo
|poke|p1|Kyurem-Black
|poke|p1|Landorus-Therian, M
|poke|p2|Azelf
|poke|p2|Gyarados, M
|poke|p2|Landorus, M
|poke|p2|Thundurus, M
|poke|p2|Greninja, M
|poke|p2|Crawdaunt, M
|rule|Swagger Clause: Swagger is banned
|rule|Baton Pass Clause: Limit one PokÃ©mon knowing Baton Pass
|rule|Sleep Clause Mod: Limit one foe put to sleep
|rule|Species Clause: Limit one of each PokÃ©mon
|rule|OHKO Clause: OHKO moves are banned
|rule|Moody Clause: Moody is banned
|rule|Evasion Moves Clause: Evasion moves are banned
|rule|Endless Battle Clause: Forcing endless battles is banned
|rule|HP Percentage Mod: HP is shown in percentages
|teampreview
|
|start
|switch|p1a: Landorus-Therian|Landorus-Therian, M|327\/327
|switch|p2a: Azelf|Azelf|354\/354
|-ability|p1a: Landorus-Therian|Intimidate|[of] p2a: Azelf
|-unboost|p2a: Azelf|atk|1
|turn|1
|
|move|p1a: Landorus-Therian|U-turn|p2a: Azelf
|-supereffective|p2a: Azelf
|-damage|p2a: Azelf|96\/354
|
|switch|p1a: Tyranitar|Tyranitar, F|383\/383
|-weather|Sandstorm
|move|p2a: Azelf|Stealth Rock|p1a: Tyranitar
|-sidestart|p1: Reverb|move: Stealth Rock
|
|-weather|Sandstorm|[upkeep]
|-damage|p2a: Azelf|74\/354|[from] sandstorm
|turn|2
|join|Squirrelll
|join|RS Swept
|
|switch|p1a: Landorus-Therian|Landorus-Therian, M|327\/327
|-damage|p1a: Landorus-Therian|287\/327|[from] Stealth Rock
|-ability|p1a: Landorus-Therian|Intimidate|[of] p2a: Azelf
|-unboost|p2a: Azelf|atk|1
|move|p2a: Azelf|Taunt|p1a: Landorus-Therian
|-start|p1a: Landorus-Therian|move: Taunt
|
|-weather|Sandstorm|[upkeep]
|-damage|p2a: Azelf|52\/354|[from] sandstorm
|turn|3
|
|move|p1a: Landorus-Therian|U-turn|p2a: Azelf
|-supereffective|p2a: Azelf
|-damage|p2a: Azelf|0 fnt
|faint|p2a: Azelf
|
|switch|p1a: Kyurem-Black|Kyurem-Black|391\/391
|-damage|p1a: Kyurem-Black|294\/391|[from] Stealth Rock
|-ability|p1a: Kyurem-Black|Teravolt
|
|-weather|Sandstorm|[upkeep]
|-damage|p1a: Kyurem-Black|270\/391|[from] sandstorm
|join|jake5
|
|switch|p2a: Thundurus|Thundurus, M|300\/300
|turn|4
|
|move|p1a: Kyurem-Black|Outrage|p2a: Thundurus
|-damage|p2a: Thundurus|0 fnt
|faint|p2a: Thundurus
|
|-weather|Sandstorm|[upkeep]
|-damage|p1a: Kyurem-Black|246\/391|[from] sandstorm
|c|âLeafstorm121|another two scarf team? come on
|
|switch|p2a: Landorus|Landorus, M|320\/320
|turn|5
|
|move|p1a: Kyurem-Black|Outrage|p2a: Landorus
|-damage|p2a: Landorus|34\/320
|move|p2a: Landorus|Focus Blast|p1a: Kyurem-Black
|-supereffective|p1a: Kyurem-Black
|-damage|p1a: Kyurem-Black|0 fnt
|faint|p1a: Kyurem-Black
|
|-weather|none
|
|switch|p1a: Landorus-Therian|Landorus-Therian, M|287\/327
|-damage|p1a: Landorus-Therian|247\/327|[from] Stealth Rock
|-ability|p1a: Landorus-Therian|Intimidate|[of] p2a: Landorus
|-unboost|p2a: Landorus|atk|1
|turn|6
|join|Gros orteil ï£¿ï£¿ï£¿
|
|move|p1a: Landorus-Therian|U-turn|p2a: Landorus
|-resisted|p2a: Landorus
|-damage|p2a: Landorus|0 fnt
|faint|p2a: Landorus
|
|switch|p1a: Empoleon|Empoleon, F|372\/372
|-damage|p1a: Empoleon|349\/372|[from] Stealth Rock
|
|-heal|p1a: Empoleon|372\/372|[from] item: Leftovers
|join|I Iike Squirtles
|
|switch|p2a: Crawdaunt|Crawdaunt, M|268\/268
|turn|7
|
|move|p2a: Crawdaunt|Knock Off|p1a: Empoleon
|-damage|p1a: Empoleon|192\/372
|-enditem|p1a: Empoleon|Leftovers|[from] move: Knock Off|[of] p2a: Crawdaunt
|move|p1a: Empoleon|Defog|p2a: Crawdaunt
|-unboost|p2a: Crawdaunt|evasion|1
|-sideend|p1: Reverb|Stealth Rock|[from] move: Defog|[of] p1a: Empoleon
|
|turn|8
|
|switch|p2a: Greninja|Greninja, M|285\/285
|move|p1a: Empoleon|Stealth Rock|p2a: Greninja
|-sidestart|p2: Leafstorm121|move: Stealth Rock
|
|turn|9
|
|move|p2a: Greninja|Grass Knot|p1a: Empoleon
|-start|p2a: Greninja|typechange|Grass|[from] Protean
|-damage|p1a: Empoleon|39\/372
|-damage|p2a: Greninja|257\/285|[from] item: Life Orb
|move|p1a: Empoleon|Scald|p2a: Greninja
|-resisted|p2a: Greninja
|-damage|p2a: Greninja|152\/285
|-status|p2a: Greninja|brn
|
|-damage|p2a: Greninja|117\/285 brn|[from] brn
|turn|10
|c| Squirrelll|gknot?
|c| Squirrelll|what does that even hit
|
|move|p2a: Greninja|Surf|p1a: Empoleon
|-start|p2a: Greninja|typechange|Water|[from] Protean
|-resisted|p1a: Empoleon
|-damage|p1a: Empoleon|0 fnt
|-damage|p2a: Greninja|89\/285 brn|[from] item: Life Orb
|faint|p1a: Empoleon
|
|-damage|p2a: Greninja|54\/285 brn|[from] brn
|
|switch|p1a: Landorus-Therian|Landorus-Therian, M|247\/327
|-ability|p1a: Landorus-Therian|Intimidate|[of] p2a: Greninja
|-unboost|p2a: Greninja|atk|1
|turn|11
|c|âLeafstorm121|Keldeo, Tyranitar, just to name things I see right now
|
|move|p1a: Landorus-Therian|U-turn|p2a: Greninja
|-crit|p2a: Greninja
|-damage|p2a: Greninja|0 fnt
|faint|p2a: Greninja
|c| Squirrelll|lowkick
|c| Squirrelll|extra
|c|âLeafstorm121|Well I'll consider that
|c| Squirrelll|cover more mons if your targeting those
|c| Squirrelll|and hp grass is better if you want to go that route
|
|switch|p1a: Charizard|Charizard, M|297\/297
|
|c| Squirrelll|so you can beat rotom-w
|
|switch|p2a: Gyarados|Gyarados, M|332\/332
|-damage|p2a: Gyarados|249\/332|[from] Stealth Rock
|-ability|p2a: Gyarados|Intimidate|[of] p1a: Charizard
|-unboost|p1a: Charizard|atk|1
|turn|12
|
|detailschange|p1a: Charizard|Charizard-Mega-Y, M
|message|Charizard has Mega Evolved into Mega Charizard!
|-weather|SunnyDay
|move|p1a: Charizard|Solar Beam|p2a: Gyarados|[still]
|-prepare|p1a: Charizard|Solar Beam|p2a: Gyarados
|-anim|p1a: Charizard|Solar Beam|p2a: Gyarados
|-damage|p2a: Gyarados|54\/332
|move|p2a: Gyarados|Dragon Dance|p2a: Gyarados
|-boost|p2a: Gyarados|atk|1
|-boost|p2a: Gyarados|spe|1
|
|-weather|SunnyDay|[upkeep]
|turn|13
|
|detailschange|p2a: Gyarados|Gyarados-Mega, M
|message|Gyarados has Mega Evolved into Mega Gyarados!
|-ability|p2a: Gyarados|Mold Breaker
|move|p2a: Gyarados|Waterfall|p1a: Charizard
|-supereffective|p1a: Charizard
|-damage|p1a: Charizard|0 fnt
|faint|p1a: Charizard
|
|-weather|SunnyDay|[upkeep]
|
|switch|p1a: Landorus-Therian|Landorus-Therian, M|247\/327
|-ability|p1a: Landorus-Therian|Intimidate|[of] p2a: Gyarados
|-unboost|p2a: Gyarados|atk|1
|turn|14
|
|move|p1a: Landorus-Therian|U-turn|p2a: Gyarados
|-supereffective|p2a: Gyarados
|-damage|p2a: Gyarados|0 fnt
|faint|p2a: Gyarados
|
|switch|p1a: Keldeo|Keldeo|323\/323
|
|-weather|SunnyDay|[upkeep]
|c|âReverb|gg
|c|âLeafstorm121|gg
|join|haunter
|
|switch|p2a: Crawdaunt|Crawdaunt, M|268\/268
|-damage|p2a: Crawdaunt|235\/268|[from] Stealth Rock
|turn|15
|
|move|p1a: Keldeo|Secret Sword|p2a: Crawdaunt
|-supereffective|p2a: Crawdaunt
|-damage|p2a: Crawdaunt|0 fnt
|faint|p2a: Crawdaunt
|
|win|Reverb
|raw|Ladder updating...