|join|lil manaphy
|join|Leafstorm121
|player|p1|lil manaphy|34
|player|p2|Leafstorm121|34
|gametype|singles
|gen|6
|tier|OU
|rated
|clearpoke
|poke|p1|Diancie
|poke|p1|Ferrothorn, M
|poke|p1|Gothitelle, M
|poke|p1|Landorus-Therian, M
|poke|p1|Conkeldurr, M
|poke|p1|Mandibuzz, F
|poke|p2|Azelf
|poke|p2|Gyarados, M
|poke|p2|Landorus, M
|poke|p2|Thundurus, M
|poke|p2|Scolipede, M
|poke|p2|Manaphy
|rule|Swagger Clause: Swagger is banned
|rule|Baton Pass Clause: Limit one PokÃ©mon knowing Baton Pass
|rule|Sleep Clause Mod: Limit one foe put to sleep
|rule|Species Clause: Limit one of each PokÃ©mon
|rule|OHKO Clause: OHKO moves are banned
|rule|Moody Clause: Moody is banned
|rule|Evasion Moves Clause: Evasion moves are banned
|rule|Endless Battle Clause: Forcing endless battles is banned
|rule|HP Percentage Mod: HP is shown in percentages
|teampreview
|
|start
|switch|p1a: Diancie|Diancie|241\/241
|switch|p2a: Azelf|Azelf|354\/354
|turn|1
|
|move|p2a: Azelf|Light Screen|p2a: Azelf
|-sidestart|p2: Leafstorm121|move: Light Screen
|move|p1a: Diancie|Moonblast|p2a: Azelf
|-damage|p2a: Azelf|259\/354
|
|turn|2
|
|detailschange|p1a: Diancie|Diancie-Mega
|-mega|p1a: Diancie|Diancie|Diancite
|move|p1a: Diancie|Protect|p1a: Diancie
|-singleturn|p1a: Diancie|Protect
|move|p2a: Azelf|Reflect|p2a: Azelf
|-sidestart|p2: Leafstorm121|Reflect
|
|turn|3
|
|switch|p2a: Scolipede|Scolipede, M|323\/323
|move|p1a: Diancie|Ancient Power|p2a: Scolipede
|-supereffective|p2a: Scolipede
|-damage|p2a: Scolipede|148\/323
|
|-heal|p2a: Scolipede|168\/323|[from] item: Black Sludge
|turn|4
|
|move|p2a: Scolipede|Protect|p2a: Scolipede
|-singleturn|p2a: Scolipede|Protect
|move|p1a: Diancie|Ancient Power|p2a: Scolipede
|-activate|p2a: Scolipede|Protect
|
|-heal|p2a: Scolipede|188\/323|[from] item: Black Sludge
|-boost|p2a: Scolipede|spe|1|[from] ability: Speed Boost
|turn|5
|
|move|p2a: Scolipede|Substitute|p2a: Scolipede
|-start|p2a: Scolipede|Substitute
|-damage|p2a: Scolipede|108\/323
|move|p1a: Diancie|Ancient Power|p2a: Scolipede
|-supereffective|p2a: Scolipede
|-end|p2a: Scolipede|Substitute
|
|-heal|p2a: Scolipede|128\/323|[from] item: Black Sludge
|-boost|p2a: Scolipede|spe|1|[from] ability: Speed Boost
|turn|6
|
|move|p2a: Scolipede|Substitute|p2a: Scolipede
|-start|p2a: Scolipede|Substitute
|-damage|p2a: Scolipede|48\/323
|move|p1a: Diancie|Moonblast|p2a: Scolipede
|-resisted|p2a: Scolipede
|-activate|p2a: Scolipede|Substitute|[damage]
|
|-heal|p2a: Scolipede|68\/323|[from] item: Black Sludge
|-boost|p2a: Scolipede|spe|1|[from] ability: Speed Boost
|turn|7
|
|move|p2a: Scolipede|Baton Pass|p2a: Scolipede
|
|switch|p2a: Manaphy|Manaphy|404\/404
|move|p1a: Diancie|Moonblast|p2a: Manaphy
|-end|p2a: Manaphy|Substitute
|
|turn|8
|
|switch|p1a: Ferrothorn|Ferrothorn, M|352\/352
|move|p2a: Manaphy|Tail Glow|p2a: Manaphy
|-boost|p2a: Manaphy|spa|3
|
|-sideend|p2: Leafstorm121|move: Light Screen
|turn|9
|
|move|p2a: Manaphy|Tail Glow|p2a: Manaphy
|-boost|p2a: Manaphy|spa|3
|move|p1a: Ferrothorn|Power Whip|p2a: Manaphy
|-supereffective|p2a: Manaphy
|-damage|p2a: Manaphy|269\/404
|
|-heal|p2a: Manaphy|294\/404|[from] item: Leftovers
|-sideend|p2: Leafstorm121|Reflect
|turn|10
|
|move|p2a: Manaphy|Ice Beam|p1a: Ferrothorn
|-damage|p1a: Ferrothorn|41\/352
|move|p1a: Ferrothorn|Power Whip|p2a: Manaphy
|-supereffective|p2a: Manaphy
|-damage|p2a: Manaphy|28\/404
|
|-heal|p2a: Manaphy|53\/404|[from] item: Leftovers
|turn|11
|
|move|p2a: Manaphy|Surf|p1a: Ferrothorn
|-resisted|p1a: Ferrothorn
|-damage|p1a: Ferrothorn|0 fnt
|faint|p1a: Ferrothorn
|
|-heal|p2a: Manaphy|78\/404|[from] item: Leftovers
|
|switch|p1a: Conkeldurr|Conkeldurr, M|352\/352
|turn|12
|
|move|p1a: Conkeldurr|Mach Punch|p2a: Manaphy
|-damage|p2a: Manaphy|0 fnt
|faint|p2a: Manaphy
|
|
|switch|p2a: Scolipede|Scolipede, M|68\/323
|turn|13
|
|move|p2a: Scolipede|Iron Defense|p2a: Scolipede
|-boost|p2a: Scolipede|def|2
|move|p1a: Conkeldurr|Knock Off|p2a: Scolipede
|-damage|p2a: Scolipede|19\/323
|-enditem|p2a: Scolipede|Black Sludge|[from] move: Knock Off|[of] p1a: Conkeldurr
|
|-boost|p2a: Scolipede|spe|1|[from] ability: Speed Boost
|turn|14
|
|move|p2a: Scolipede|Baton Pass|p2a: Scolipede
|
|switch|p2a: Gyarados|Gyarados, M|332\/332
|-ability|p2a: Gyarados|Intimidate|[of] p1a: Conkeldurr
|-unboost|p1a: Conkeldurr|atk|1
|move|p1a: Conkeldurr|Knock Off|p2a: Gyarados
|-damage|p2a: Gyarados|297\/332
|
|turn|15
|
|switch|p1a: Mandibuzz|Mandibuzz, F|424\/424
|move|p2a: Gyarados|Dragon Dance|p2a: Gyarados
|-boost|p2a: Gyarados|atk|1
|-boost|p2a: Gyarados|spe|1
|
|turn|16
|
|detailschange|p2a: Gyarados|Gyarados-Mega, M
|-mega|p2a: Gyarados|Gyarados|Gyaradosite
|-ability|p2a: Gyarados|Mold Breaker
|move|p2a: Gyarados|Taunt|p1a: Mandibuzz
|-start|p1a: Mandibuzz|move: Taunt
|move|p1a: Mandibuzz|Foul Play|p2a: Gyarados
|-resisted|p2a: Gyarados
|-damage|p2a: Gyarados|217\/332
|
|turn|17
|
|move|p2a: Gyarados|Waterfall|p1a: Mandibuzz
|-damage|p1a: Mandibuzz|231\/424
|move|p1a: Mandibuzz|Foul Play|p2a: Gyarados
|-resisted|p2a: Gyarados
|-damage|p2a: Gyarados|137\/332
|
|-heal|p1a: Mandibuzz|257\/424|[from] item: Leftovers
|turn|18
|
|move|p2a: Gyarados|Waterfall|p1a: Mandibuzz
|-damage|p1a: Mandibuzz|61\/424
|move|p1a: Mandibuzz|Foul Play|p2a: Gyarados
|-resisted|p2a: Gyarados
|-damage|p2a: Gyarados|64\/332
|
|-heal|p1a: Mandibuzz|87\/424|[from] item: Leftovers
|-end|p1a: Mandibuzz|move: Taunt
|turn|19
|
|move|p2a: Gyarados|Waterfall|p1a: Mandibuzz
|-damage|p1a: Mandibuzz|0 fnt
|faint|p1a: Mandibuzz
|
|
|switch|p1a: Conkeldurr|Conkeldurr, M|352\/352
|turn|20
|
|move|p1a: Conkeldurr|Mach Punch|p2a: Gyarados
|-supereffective|p2a: Gyarados
|-damage|p2a: Gyarados|0 fnt
|faint|p2a: Gyarados
|
|
|switch|p2a: Azelf|Azelf|259\/354
|turn|21
|
|switch|p1a: Diancie|Diancie-Mega|241\/241
|move|p2a: Azelf|Reflect|p2a: Azelf
|-sidestart|p2: Leafstorm121|Reflect
|
|turn|22
|
|switch|p2a: Scolipede|Scolipede, M|19\/323
|move|p1a: Diancie|Ancient Power|p2a: Scolipede
|-supereffective|p2a: Scolipede
|-damage|p2a: Scolipede|0 fnt
|faint|p2a: Scolipede
|
|
|switch|p2a: Thundurus|Thundurus, M|300\/300
|turn|23
|
|move|p2a: Thundurus|Nasty Plot|p2a: Thundurus
|-boost|p2a: Thundurus|spa|2
|move|p1a: Diancie|Ancient Power|p2a: Thundurus
|-supereffective|p2a: Thundurus
|-damage|p2a: Thundurus|22\/300
|
|turn|24
|
|move|p2a: Thundurus|Thunderbolt|p1a: Diancie
|-damage|p1a: Diancie|0 fnt
|-damage|p2a: Thundurus|0 fnt|[from] item: Life Orb
|faint|p1a: Diancie
|faint|p2a: Thundurus
|
|
|switch|p2a: Landorus|Landorus, M|320\/320
|switch|p1a: Conkeldurr|Conkeldurr, M|352\/352
|turn|25
|
|move|p2a: Landorus|Earth Power|p1a: Conkeldurr
|-damage|p1a: Conkeldurr|188\/352
|move|p1a: Conkeldurr|Knock Off|p2a: Landorus
|-damage|p2a: Landorus|252\/320
|-enditem|p2a: Landorus|Life Orb|[from] move: Knock Off|[of] p1a: Conkeldurr
|
|turn|26
|
|move|p2a: Landorus|Calm Mind|p2a: Landorus
|-boost|p2a: Landorus|spa|1
|-boost|p2a: Landorus|spd|1
|move|p1a: Conkeldurr|Stone Edge|p2a: Landorus
|-damage|p2a: Landorus|177\/320
|
|turn|27
|
|move|p2a: Landorus|Earth Power|p1a: Conkeldurr
|-damage|p1a: Conkeldurr|0 fnt
|faint|p1a: Conkeldurr
|
|
|switch|p1a: Gothitelle|Gothitelle, M|301\/301
|turn|28
|
|move|p1a: Gothitelle|Psychic|p2a: Landorus
|-damage|p2a: Landorus|81\/320
|-unboost|p2a: Landorus|spd|1
|move|p2a: Landorus|Sludge Wave|p1a: Gothitelle
|-damage|p1a: Gothitelle|102\/301
|
|-sideend|p2: Leafstorm121|Reflect
|turn|29
|
|move|p1a: Gothitelle|Psychic|p2a: Landorus
|-damage|p2a: Landorus|0 fnt
|faint|p2a: Landorus
|
|c|âLeafstorm121|gg
|c|âlil manaphy|gg
|
|switch|p2a: Azelf|Azelf|259\/354
|turn|30
|
|move|p2a: Azelf|Taunt|p1a: Gothitelle
|-start|p1a: Gothitelle|move: Taunt
|move|p1a: Gothitelle|Psychic|p2a: Azelf
|-resisted|p2a: Azelf
|-damage|p2a: Azelf|175\/354
|
|turn|31
|c|âlil manaphy|that team you have
|c|âlil manaphy|is so scary
|
|move|p2a: Azelf|Taunt|p1a: Gothitelle
|-fail|p1a: Gothitelle
|move|p1a: Gothitelle|Psychic|p2a: Azelf
|-resisted|p2a: Azelf
|-damage|p2a: Azelf|94\/354
|
|turn|32
|c|âLeafstorm121|thanks
|
|move|p2a: Azelf|Taunt|p1a: Gothitelle
|-fail|p1a: Gothitelle
|move|p1a: Gothitelle|Psychic|p2a: Azelf
|-resisted|p2a: Azelf
|-damage|p2a: Azelf|5\/354
|
|-end|p1a: Gothitelle|move: Taunt
|turn|33
|
|move|p2a: Azelf|Taunt|p1a: Gothitelle
|-start|p1a: Gothitelle|move: Taunt
|move|p1a: Gothitelle|Psychic|p2a: Azelf
|-resisted|p2a: Azelf
|-damage|p2a: Azelf|0 fnt
|faint|p2a: Azelf
|
|win|lil manaphy
|raw|Ladder updating...
|raw|lil manaphy's rating: 1701 &rarr; <strong>1720<\/strong><br \/>(+19 for winning)
|raw|Leafstorm121's rating: 1690 &rarr; <strong>1671<\/strong><br \/>(-19 for losing)
|leave|Leafstorm121
|player|p2