|join|MuhFugginMoose
|join|happysushiguy
|player|p1|MuhFugginMoose|146
|player|p2|happysushiguy|265
|gametype|singles
|gen|6
|tier|ORAS OU
|rated
|rule|Sleep Clause Mod: Limit one foe put to sleep
|rule|Species Clause: Limit one of each PokÃ©mon
|rule|OHKO Clause: OHKO moves are banned
|rule|Moody Clause: Moody is banned
|rule|Evasion Moves Clause: Evasion moves are banned
|rule|Endless Battle Clause: Forcing endless battles is banned
|rule|HP Percentage Mod: HP is shown in percentages
|clearpoke
|poke|p1|Lopunny, F
|poke|p1|Greninja, M
|poke|p1|Talonflame, F
|poke|p1|Clefable, F
|poke|p1|Latios, M
|poke|p1|Ferrothorn, F
|poke|p2|Beedrill, M
|poke|p2|Azumarill, F
|poke|p2|Chansey, F
|poke|p2|Latios, M
|poke|p2|Slowbro, F
|poke|p2|Greninja, F
|rule|Swagger Clause: Swagger is banned
|rule|Baton Pass Clause: Limit one PokÃ©mon knowing Baton Pass
|teampreview
|
|start
|switch|p1a: Habits|Talonflame, F|359\/359
|switch|p2a: Latios|Latios, M|302\/302
|turn|1
|
|switch|p2a: Slowbro|Slowbro, F|394\/394
|move|p1a: Habits|Will-O-Wisp|p2a: Slowbro
|-status|p2a: Slowbro|brn
|
|-damage|p2a: Slowbro|345\/394 brn|[from] brn
|turn|2
|
|move|p1a: Habits|Taunt|p2a: Slowbro
|-start|p2a: Slowbro|move: Taunt
|move|p2a: Slowbro|Scald|p1a: Habits
|-supereffective|p1a: Habits
|-damage|p1a: Habits|195\/359
|
|-heal|p1a: Habits|217\/359|[from] item: Leftovers
|-heal|p2a: Slowbro|369\/394 brn|[from] item: Leftovers
|-damage|p2a: Slowbro|320\/394 brn|[from] brn
|turn|3
|
|switch|p2a: Azumarill|Azumarill, F|404\/404
|move|p1a: Habits|Roost|p1a: Habits
|-heal|p1a: Habits|359\/359
|
|turn|4
|
|move|p2a: Azumarill|Aqua Jet|p1a: Habits
|-supereffective|p1a: Habits
|-damage|p1a: Habits|23\/359
|move|p1a: Habits|Will-O-Wisp|p2a: Azumarill
|-status|p2a: Azumarill|brn
|
|-heal|p1a: Habits|45\/359|[from] item: Leftovers
|-damage|p2a: Azumarill|354\/404 brn|[from] brn
|turn|5
|
|switch|p2a: Greninja|Greninja, F|285\/285
|move|p1a: Habits|Roost|p1a: Habits
|-heal|p1a: Habits|225\/359
|
|-heal|p1a: Habits|247\/359|[from] item: Leftovers
|turn|6
|
|switch|p1a: Ferrothorn|Ferrothorn, F|352\/352
|move|p2a: Greninja|Hydro Pump|p1a: Ferrothorn
|-start|p2a: Greninja|typechange|Water|[from] Protean
|-resisted|p1a: Ferrothorn
|-damage|p1a: Ferrothorn|289\/352
|
|-heal|p1a: Ferrothorn|311\/352|[from] item: Leftovers
|turn|7
|
|switch|p2a: Latios|Latios, M|302\/302
|move|p1a: Ferrothorn|Stealth Rock|p2a: Latios
|-sidestart|p2: happysushiguy|move: Stealth Rock
|
|-heal|p1a: Ferrothorn|333\/352|[from] item: Leftovers
|turn|8
|
|move|p2a: Latios|Hidden Power|p1a: Ferrothorn
|-supereffective|p1a: Ferrothorn
|-damage|p1a: Ferrothorn|1\/352
|move|p1a: Ferrothorn|Leech Seed|p2a: Latios
|-start|p2a: Latios|move: Leech Seed
|
|-heal|p1a: Ferrothorn|23\/352|[from] item: Leftovers
|-damage|p2a: Latios|265\/302|[from] Leech Seed|[of] p1a: Ferrothorn
|-heal|p1a: Ferrothorn|60\/352|[silent]
|turn|9
|
|move|p1a: Ferrothorn|Protect|p1a: Ferrothorn
|-singleturn|p1a: Ferrothorn|Protect
|move|p2a: Latios|Hidden Power|p1a: Ferrothorn
|-activate|p1a: Ferrothorn|Protect
|
|-heal|p1a: Ferrothorn|82\/352|[from] item: Leftovers
|-damage|p2a: Latios|228\/302|[from] Leech Seed|[of] p1a: Ferrothorn
|-heal|p1a: Ferrothorn|119\/352|[silent]
|turn|10
|
|switch|p1a: Habits|Talonflame, F|247\/359
|move|p2a: Latios|Hidden Power|p1a: Habits
|-resisted|p1a: Habits
|-damage|p1a: Habits|195\/359
|
|-heal|p1a: Habits|217\/359|[from] item: Leftovers
|-damage|p2a: Latios|191\/302|[from] Leech Seed|[of] p1a: Habits
|-heal|p1a: Habits|254\/359|[silent]
|turn|11
|
|switch|p2a: Slowbro|Slowbro, F|394\/394 brn
|-damage|p2a: Slowbro|345\/394 brn|[from] Stealth Rock
|move|p1a: Habits|Roost|p1a: Habits
|-heal|p1a: Habits|359\/359
|
|-heal|p2a: Slowbro|369\/394 brn|[from] item: Leftovers
|-damage|p2a: Slowbro|320\/394 brn|[from] brn
|turn|12
|
|move|p1a: Habits|Brave Bird|p2a: Slowbro
|-damage|p2a: Slowbro|236\/394 brn
|-damage|p1a: Habits|331\/359|[from] recoil|[of] p2a: Slowbro
|move|p2a: Slowbro|Scald|p1a: Habits
|-supereffective|p1a: Habits
|-damage|p1a: Habits|169\/359
|
|-heal|p1a: Habits|191\/359|[from] item: Leftovers
|-heal|p2a: Slowbro|260\/394 brn|[from] item: Leftovers
|-damage|p2a: Slowbro|211\/394 brn|[from] brn
|turn|13
|
|move|p1a: Habits|Roost|p1a: Habits
|-heal|p1a: Habits|359\/359
|move|p2a: Slowbro|Scald|p1a: Habits
|-supereffective|p1a: Habits
|-damage|p1a: Habits|185\/359
|
|-heal|p1a: Habits|207\/359|[from] item: Leftovers
|-heal|p2a: Slowbro|235\/394 brn|[from] item: Leftovers
|-damage|p2a: Slowbro|186\/394 brn|[from] brn
|turn|14
|
|move|p1a: Habits|Roost|p1a: Habits
|-heal|p1a: Habits|359\/359
|move|p2a: Slowbro|Thunder Wave|p1a: Habits
|-status|p1a: Habits|par
|
|-heal|p2a: Slowbro|210\/394 brn|[from] item: Leftovers
|-damage|p2a: Slowbro|161\/394 brn|[from] brn
|turn|15
|
|move|p2a: Slowbro|Slack Off|p2a: Slowbro
|-heal|p2a: Slowbro|358\/394 brn
|cant|p1a: Habits|par
|
|-heal|p2a: Slowbro|382\/394 brn|[from] item: Leftovers
|-damage|p2a: Slowbro|333\/394 brn|[from] brn
|turn|16
|
|move|p2a: Slowbro|Scald|p1a: Habits
|-supereffective|p1a: Habits
|-damage|p1a: Habits|197\/359 par
|cant|p1a: Habits|par
|
|-heal|p2a: Slowbro|357\/394 brn|[from] item: Leftovers
|-heal|p1a: Habits|219\/359 par|[from] item: Leftovers
|-damage|p2a: Slowbro|308\/394 brn|[from] brn
|turn|17
|
|switch|p2a: Greninja|Greninja, F|285\/285
|-damage|p2a: Greninja|250\/285|[from] Stealth Rock
|move|p1a: Habits|Roost|p1a: Habits
|-heal|p1a: Habits|359\/359 par
|
|turn|18
|
|switch|p1a: Ferrothorn|Ferrothorn, F|119\/352
|move|p2a: Greninja|Hydro Pump|p1a: Ferrothorn
|-start|p2a: Greninja|typechange|Water|[from] Protean
|-resisted|p1a: Ferrothorn
|-damage|p1a: Ferrothorn|53\/352
|
|-heal|p1a: Ferrothorn|75\/352|[from] item: Leftovers
|turn|19
|
|switch|p2a: Slowbro|Slowbro, F|394\/394 brn
|-damage|p2a: Slowbro|345\/394 brn|[from] Stealth Rock
|move|p1a: Ferrothorn|Leech Seed|p2a: Slowbro
|-start|p2a: Slowbro|move: Leech Seed
|
|-heal|p2a: Slowbro|369\/394 brn|[from] item: Leftovers
|-heal|p1a: Ferrothorn|97\/352|[from] item: Leftovers
|-damage|p2a: Slowbro|320\/394 brn|[from] Leech Seed|[of] p1a: Ferrothorn
|-heal|p1a: Ferrothorn|146\/352|[silent]
|-damage|p2a: Slowbro|271\/394 brn|[from] brn
|turn|20
|
|move|p1a: Ferrothorn|Protect|p1a: Ferrothorn
|-singleturn|p1a: Ferrothorn|Protect
|move|p2a: Slowbro|Slack Off|p2a: Slowbro
|-heal|p2a: Slowbro|394\/394 brn
|
|-heal|p1a: Ferrothorn|168\/352|[from] item: Leftovers
|-damage|p2a: Slowbro|345\/394 brn|[from] Leech Seed|[of] p1a: Ferrothorn
|-heal|p1a: Ferrothorn|217\/352|[silent]
|-damage|p2a: Slowbro|296\/394 brn|[from] brn
|turn|21
|
|move|p2a: Slowbro|Flamethrower|p1a: Ferrothorn
|-supereffective|p1a: Ferrothorn
|-damage|p1a: Ferrothorn|0 fnt
|faint|p1a: Ferrothorn
|
|-heal|p2a: Slowbro|320\/394 brn|[from] item: Leftovers
|-damage|p2a: Slowbro|271\/394 brn|[from] brn
|
|switch|p1a: Catch You|Greninja, M|285\/285
|turn|22
|
|switch|p2a: Chansey|Chansey, F|704\/704
|-damage|p2a: Chansey|616\/704|[from] Stealth Rock
|move|p1a: Catch You|Dark Pulse|p2a: Chansey
|-start|p1a: Catch You|typechange|Dark|[from] Protean
|-damage|p2a: Chansey|522\/704
|-damage|p1a: Catch You|257\/285|[from] item: Life Orb
|
|turn|23
|
|switch|p1a: Lolita|Lopunny, F|295\/295
|move|p2a: Chansey|Toxic|p1a: Lolita
|-status|p1a: Lolita|tox
|
|-damage|p1a: Lolita|277\/295 tox|[from] psn
|turn|24
|
|switch|p2a: Slowbro|Slowbro, F|394\/394 brn
|-damage|p2a: Slowbro|345\/394 brn|[from] Stealth Rock
|detailschange|p1a: Lolita|Lopunny-Mega, F
|message|Lopunny has Mega Evolved into Mega Lopunny!
|move|p1a: Lolita|Return|p2a: Slowbro
|-damage|p2a: Slowbro|210\/394 brn
|
|-heal|p2a: Slowbro|234\/394 brn|[from] item: Leftovers
|-damage|p1a: Lolita|241\/295 tox|[from] psn
|-damage|p2a: Slowbro|185\/394 brn|[from] brn
|turn|25
|
|switch|p1a: Catch You|Greninja, M|257\/285
|move|p2a: Slowbro|Slack Off|p2a: Slowbro
|-heal|p2a: Slowbro|382\/394 brn
|
|-heal|p2a: Slowbro|394\/394 brn|[from] item: Leftovers
|-damage|p2a: Slowbro|345\/394 brn|[from] brn
|turn|26
|
|move|p1a: Catch You|Gunk Shot|p2a: Slowbro
|-start|p1a: Catch You|typechange|Poison|[from] Protean
|-damage|p2a: Slowbro|224\/394 brn
|-damage|p1a: Catch You|229\/285|[from] item: Life Orb
|move|p2a: Slowbro|Scald|p1a: Catch You
|-damage|p1a: Catch You|100\/285
|
|-heal|p2a: Slowbro|248\/394 brn|[from] item: Leftovers
|-damage|p2a: Slowbro|199\/394 brn|[from] brn
|turn|27
|
|switch|p2a: Chansey|Chansey, F|522\/704
|-damage|p2a: Chansey|434\/704|[from] Stealth Rock
|move|p1a: Catch You|Dark Pulse|p2a: Chansey
|-start|p1a: Catch You|typechange|Dark|[from] Protean
|-damage|p2a: Chansey|343\/704
|-damage|p1a: Catch You|72\/285|[from] item: Life Orb
|
|turn|28
|
|switch|p2a: Slowbro|Slowbro, F|330\/394 brn
|-damage|p2a: Slowbro|281\/394 brn|[from] Stealth Rock
|move|p1a: Catch You|Gunk Shot|p2a: Slowbro
|-start|p1a: Catch You|typechange|Poison|[from] Protean
|-crit|p2a: Slowbro
|-damage|p2a: Slowbro|98\/394 brn
|-damage|p1a: Catch You|44\/285|[from] item: Life Orb
|
|-heal|p2a: Slowbro|122\/394 brn|[from] item: Leftovers
|-damage|p2a: Slowbro|73\/394 brn|[from] brn
|turn|29
|
|switch|p2a: Azumarill|Azumarill, F|354\/404 brn
|-damage|p2a: Azumarill|304\/404 brn|[from] Stealth Rock
|move|p1a: Catch You|Gunk Shot|p2a: Azumarill|[miss]
|-miss|p1a: Catch You|p2a: Azumarill
|
|-damage|p2a: Azumarill|254\/404 brn|[from] brn
|turn|30
|
|move|p2a: Azumarill|Aqua Jet|p1a: Catch You
|-damage|p1a: Catch You|0 fnt
|faint|p1a: Catch You
|
|-damage|p2a: Azumarill|204\/404 brn|[from] brn
|
|switch|p1a: Lolita|Lopunny-Mega, F|241\/295 tox
|turn|31
|
|move|p2a: Azumarill|Aqua Jet|p1a: Lolita
|-damage|p1a: Lolita|177\/295 tox
|move|p1a: Lolita|Return|p2a: Azumarill
|-damage|p2a: Azumarill|0 fnt
|faint|p2a: Azumarill
|
|-damage|p1a: Lolita|159\/295 tox|[from] psn
|
|switch|p2a: Latios|Latios, M|191\/302
|-damage|p2a: Latios|154\/302|[from] Stealth Rock
|turn|32
|
|switch|p1a: Clefable|Clefable, F|394\/394
|move|p2a: Latios|Psyshock|p1a: Clefable
|-damage|p1a: Clefable|178\/394
|
|-heal|p1a: Clefable|202\/394|[from] item: Leftovers
|turn|33
|
|move|p2a: Latios|Psyshock|p1a: Clefable
|-damage|p1a: Clefable|0 fnt
|faint|p1a: Clefable
|
|
|switch|p1a: Latios|Latios, M|302\/302
|turn|34
|
|switch|p2a: Chansey|Chansey, F|343\/704
|-damage|p2a: Chansey|255\/704|[from] Stealth Rock
|move|p1a: Latios|Psyshock|p2a: Chansey
|-damage|p2a: Chansey|9\/704
|-damage|p1a: Latios|272\/302|[from] item: Life Orb
|
|turn|35
|
|move|p1a: Latios|Hidden Power|p2a: Chansey
|-supereffective|p2a: Chansey
|-damage|p2a: Chansey|0 fnt
|-damage|p1a: Latios|242\/302|[from] item: Life Orb
|faint|p2a: Chansey
|
|
|switch|p2a: Greninja|Greninja, F|250\/285
|-damage|p2a: Greninja|215\/285|[from] Stealth Rock
|turn|36
|
|move|p2a: Greninja|U-turn|p1a: Latios
|-start|p2a: Greninja|typechange|Bug|[from] Protean
|-supereffective|p1a: Latios
|-damage|p1a: Latios|32\/302
|
|switch|p2a: Beedrill|Beedrill, M|272\/272
|-damage|p2a: Beedrill|204\/272|[from] Stealth Rock
|move|p1a: Latios|Hidden Power|p2a: Beedrill
|-resisted|p2a: Beedrill
|-damage|p2a: Beedrill|178\/272
|-damage|p1a: Latios|2\/302|[from] item: Life Orb
|
|turn|37
|
|detailschange|p2a: Beedrill|Beedrill-Mega, M
|message|Beedrill has Mega Evolved into Mega Beedrill!
|move|p1a: Latios|Psyshock|p2a: Beedrill
|-supereffective|p2a: Beedrill
|-damage|p2a: Beedrill|0 fnt
|-damage|p1a: Latios|0 fnt|[from] item: Life Orb
|faint|p2a: Beedrill
|faint|p1a: Latios
|
|
|switch|p2a: Slowbro|Slowbro, F|204\/394 brn
|-damage|p2a: Slowbro|155\/394 brn|[from] Stealth Rock
|switch|p1a: Habits|Talonflame, F|359\/359 par
|turn|38
|
|move|p1a: Habits|Brave Bird|p2a: Slowbro
|-damage|p2a: Slowbro|76\/394 brn
|-damage|p1a: Habits|333\/359 par|[from] recoil|[of] p2a: Slowbro
|move|p2a: Slowbro|Slack Off|p2a: Slowbro
|-heal|p2a: Slowbro|273\/394 brn
|
|-heal|p2a: Slowbro|297\/394 brn|[from] item: Leftovers
|-heal|p1a: Habits|355\/359 par|[from] item: Leftovers
|-damage|p2a: Slowbro|248\/394 brn|[from] brn
|turn|39
|
|move|p2a: Slowbro|Slack Off|p2a: Slowbro
|-heal|p2a: Slowbro|394\/394 brn
|cant|p1a: Habits|par
|
|-heal|p1a: Habits|359\/359 par|[from] item: Leftovers
|-damage|p2a: Slowbro|345\/394 brn|[from] brn
|turn|40
|
|move|p1a: Habits|Brave Bird|p2a: Slowbro
|-damage|p2a: Slowbro|260\/394 brn
|-damage|p1a: Habits|331\/359 par|[from] recoil|[of] p2a: Slowbro
|move|p2a: Slowbro|Scald|p1a: Habits
|-supereffective|p1a: Habits
|-damage|p1a: Habits|173\/359 par
|
|-heal|p2a: Slowbro|284\/394 brn|[from] item: Leftovers
|-heal|p1a: Habits|195\/359 par|[from] item: Leftovers
|-damage|p2a: Slowbro|235\/394 brn|[from] brn
|turn|41
|
|move|p1a: Habits|Roost|p1a: Habits
|-heal|p1a: Habits|359\/359 par
|move|p2a: Slowbro|Slack Off|p2a: Slowbro
|-heal|p2a: Slowbro|394\/394 brn
|
|-damage|p2a: Slowbro|345\/394 brn|[from] brn
|turn|42
|
|move|p2a: Slowbro|Scald|p1a: Habits
|-supereffective|p1a: Habits
|-damage|p1a: Habits|183\/359 par
|cant|p1a: Habits|par
|
|-heal|p2a: Slowbro|369\/394 brn|[from] item: Leftovers
|-heal|p1a: Habits|205\/359 par|[from] item: Leftovers
|-damage|p2a: Slowbro|320\/394 brn|[from] brn
|turn|43
|
|move|p1a: Habits|Roost|p1a: Habits
|-heal|p1a: Habits|359\/359 par
|move|p2a: Slowbro|Scald|p1a: Habits
|-supereffective|p1a: Habits
|-damage|p1a: Habits|177\/359 par
|
|-heal|p2a: Slowbro|344\/394 brn|[from] item: Leftovers
|-heal|p1a: Habits|199\/359 par|[from] item: Leftovers
|-damage|p2a: Slowbro|295\/394 brn|[from] brn
|turn|44
|
|move|p1a: Habits|Roost|p1a: Habits
|-heal|p1a: Habits|359\/359 par
|move|p2a: Slowbro|Scald|p1a: Habits
|-supereffective|p1a: Habits
|-damage|p1a: Habits|173\/359 par
|
|-heal|p2a: Slowbro|319\/394 brn|[from] item: Leftovers
|-heal|p1a: Habits|195\/359 par|[from] item: Leftovers
|-damage|p2a: Slowbro|270\/394 brn|[from] brn
|turn|45
|
|switch|p1a: Lolita|Lopunny-Mega, F|159\/295 tox
|move|p2a: Slowbro|Scald|p1a: Lolita
|-damage|p1a: Lolita|59\/295 tox
|
|-heal|p2a: Slowbro|294\/394 brn|[from] item: Leftovers
|-damage|p1a: Lolita|41\/295 tox|[from] psn
|-damage|p2a: Slowbro|245\/394 brn|[from] brn
|turn|46
|
|move|p1a: Lolita|Healing Wish|p1a: Lolita
|faint|p1a: Lolita
|move|p2a: Slowbro|Slack Off|p2a: Slowbro
|-heal|p2a: Slowbro|394\/394 brn
|
|-damage|p2a: Slowbro|345\/394 brn|[from] brn
|
|switch|p1a: Habits|Talonflame, F|195\/359 par
|-heal|p1a: Habits|359\/359|[from] move: Healing Wish
|turn|47
|
|move|p1a: Habits|Taunt|p2a: Slowbro
|-start|p2a: Slowbro|move: Taunt
|cant|p2a: Slowbro|move: Taunt|Thunder Wave
|
|-heal|p2a: Slowbro|369\/394 brn|[from] item: Leftovers
|-damage|p2a: Slowbro|320\/394 brn|[from] brn
|turn|48
|
|move|p1a: Habits|Brave Bird|p2a: Slowbro
|-damage|p2a: Slowbro|235\/394 brn
|-damage|p1a: Habits|331\/359|[from] recoil|[of] p2a: Slowbro
|move|p2a: Slowbro|Scald|p1a: Habits
|-supereffective|p1a: Habits
|-damage|p1a: Habits|149\/359
|
|-heal|p1a: Habits|171\/359|[from] item: Leftovers
|-heal|p2a: Slowbro|259\/394 brn|[from] item: Leftovers
|-damage|p2a: Slowbro|210\/394 brn|[from] brn
|turn|49
|
|move|p1a: Habits|Roost|p1a: Habits
|-heal|p1a: Habits|351\/359
|move|p2a: Slowbro|Scald|p1a: Habits
|-supereffective|p1a: Habits
|-damage|p1a: Habits|171\/359
|
|-heal|p1a: Habits|193\/359|[from] item: Leftovers
|-heal|p2a: Slowbro|234\/394 brn|[from] item: Leftovers
|-damage|p2a: Slowbro|185\/394 brn|[from] brn
|-end|p2a: Slowbro|move: Taunt
|turn|50
|
|move|p1a: Habits|Taunt|p2a: Slowbro
|-start|p2a: Slowbro|move: Taunt
|move|p2a: Slowbro|Scald|p1a: Habits
|-crit|p1a: Habits
|-supereffective|p1a: Habits
|-damage|p1a: Habits|0 fnt
|faint|p1a: Habits
|
|win|happysushiguy
|raw|Ladder updating...
|raw|MuhFugginMoose's rating: 1135 &rarr; <strong>1106<\/strong><br \/>(-29 for losing)
|raw|happysushiguy's rating: 1089 &rarr; <strong>1119<\/strong><br \/>(+30 for winning)
|leave|happysushiguy
|player|p2