|join|MuhFugginMoose
|join|spackmoose
|player|p1|MuhFugginMoose|146
|player|p2|spackmoose|130
|gametype|singles
|gen|6
|tier|ORAS OU
|rated
|rule|Sleep Clause Mod: Limit one foe put to sleep
|rule|Species Clause: Limit one of each PokÃ©mon
|rule|OHKO Clause: OHKO moves are banned
|rule|Moody Clause: Moody is banned
|rule|Evasion Moves Clause: Evasion moves are banned
|rule|Endless Battle Clause: Forcing endless battles is banned
|rule|HP Percentage Mod: HP is shown in percentages
|clearpoke
|poke|p1|Lopunny, F
|poke|p1|Greninja, M
|poke|p1|Landorus-Therian, M
|poke|p1|Heatran, M, shiny
|poke|p1|Latios, M
|poke|p1|Azumarill, F, shiny
|poke|p2|Metagross, shiny
|poke|p2|Latios, M
|poke|p2|Florges, F
|poke|p2|Conkeldurr, F
|poke|p2|Manaphy
|poke|p2|Manectric, F
|rule|Swagger Clause: Swagger is banned
|rule|Baton Pass Clause: Limit one PokÃ©mon knowing Baton Pass
|teampreview
|
|start
|switch|p1a: Habits|Landorus-Therian, M|341\/341
|switch|p2a: Manaphy|Manaphy|342\/342
|-ability|p1a: Habits|Intimidate|[of] p2a: Manaphy
|-unboost|p2a: Manaphy|atk|1
|turn|1
|
|move|p2a: Manaphy|U-turn|p1a: Habits
|-resisted|p1a: Habits
|-damage|p1a: Habits|317\/341
|
|switch|p2a: Florges|Florges, F|320\/320
|move|p1a: Habits|U-turn|p2a: Florges
|-resisted|p2a: Florges
|-damage|p2a: Florges|262\/320
|
|switch|p1a: Catch You|Greninja, M|285\/285
|
|-heal|p2a: Florges|282\/320|[from] item: Leftovers
|turn|2
|
|move|p2a: Florges|Protect|p2a: Florges
|-singleturn|p2a: Florges|Protect
|move|p1a: Catch You|Gunk Shot|p2a: Florges
|-start|p1a: Catch You|typechange|Poison|[from] Protean
|-activate|p2a: Florges|Protect
|
|-heal|p2a: Florges|302\/320|[from] item: Leftovers
|turn|3
|
|switch|p2a: Metagross|Metagross, shiny|302\/302
|move|p1a: Catch You|Dark Pulse|p2a: Metagross
|-start|p1a: Catch You|typechange|Dark|[from] Protean
|-supereffective|p2a: Metagross
|-damage|p2a: Metagross|0 fnt
|-damage|p1a: Catch You|257\/285|[from] item: Life Orb
|faint|p2a: Metagross
|
|
|switch|p2a: Manectric|Manectric, F|282\/282
|turn|4
|
|move|p2a: Manectric|Volt Switch|p1a: Catch You
|-damage|p1a: Catch You|107\/285
|
|switch|p2a: Florges|Florges, F|302\/320
|move|p1a: Catch You|Hydro Pump|p2a: Florges
|-start|p1a: Catch You|typechange|Water|[from] Protean
|-damage|p2a: Florges|195\/320
|-damage|p1a: Catch You|79\/285|[from] item: Life Orb
|
|-heal|p2a: Florges|215\/320|[from] item: Leftovers
|turn|5
|
|move|p1a: Catch You|Gunk Shot|p2a: Florges|[miss]
|-start|p1a: Catch You|typechange|Poison|[from] Protean
|-miss|p1a: Catch You|p2a: Florges
|move|p2a: Florges|Moonblast|p1a: Catch You
|-resisted|p1a: Catch You
|-damage|p1a: Catch You|0 fnt
|faint|p1a: Catch You
|
|-heal|p2a: Florges|235\/320|[from] item: Leftovers
|
|switch|p1a: Weigh Me Down|Heatran, M, shiny|337\/337
|-item|p1a: Weigh Me Down|Air Balloon
|turn|6
|
|move|p2a: Florges|Protect|p2a: Florges
|-singleturn|p2a: Florges|Protect
|move|p1a: Weigh Me Down|Stealth Rock|p2a: Florges
|-sidestart|p2: spackmoose|move: Stealth Rock
|
|-heal|p2a: Florges|255\/320|[from] item: Leftovers
|turn|7
|
|move|p1a: Weigh Me Down|Flash Cannon|p2a: Florges
|-supereffective|p2a: Florges
|-damage|p2a: Florges|99\/320
|move|p2a: Florges|Moonblast|p1a: Weigh Me Down
|-resisted|p1a: Weigh Me Down
|-damage|p1a: Weigh Me Down|304\/337
|-enditem|p1a: Weigh Me Down|Air Balloon
|
|-heal|p2a: Florges|119\/320|[from] item: Leftovers
|turn|8
|
|move|p2a: Florges|Protect|p2a: Florges
|-singleturn|p2a: Florges|Protect
|move|p1a: Weigh Me Down|Lava Plume|p2a: Florges
|-activate|p2a: Florges|Protect
|
|-heal|p2a: Florges|139\/320|[from] item: Leftovers
|turn|9
|
|switch|p2a: Manaphy|Manaphy|342\/342
|-damage|p2a: Manaphy|300\/342|[from] Stealth Rock
|move|p1a: Weigh Me Down|Flash Cannon|p2a: Manaphy
|-resisted|p2a: Manaphy
|-damage|p2a: Manaphy|224\/342
|
|turn|10
|
|move|p2a: Manaphy|Waterfall|p1a: Weigh Me Down
|-supereffective|p1a: Weigh Me Down
|-damage|p1a: Weigh Me Down|74\/337
|move|p1a: Weigh Me Down|Earth Power|p2a: Manaphy
|-crit|p2a: Manaphy
|-damage|p2a: Manaphy|36\/342
|-unboost|p2a: Manaphy|spd|1
|
|turn|11
|
|move|p2a: Manaphy|Waterfall|p1a: Weigh Me Down
|-supereffective|p1a: Weigh Me Down
|-damage|p1a: Weigh Me Down|0 fnt
|faint|p1a: Weigh Me Down
|
|
|switch|p1a: Lolita|Lopunny, F|295\/295
|turn|12
|
|switch|p2a: Florges|Florges, F|139\/320
|-damage|p2a: Florges|99\/320|[from] Stealth Rock
|detailschange|p1a: Lolita|Lopunny-Mega, F
|message|Lopunny has Mega Evolved into Mega Lopunny!
|move|p1a: Lolita|Return|p2a: Florges
|-damage|p2a: Florges|0 fnt
|faint|p2a: Florges
|
|
|switch|p2a: Manectric|Manectric, F|282\/282
|-damage|p2a: Manectric|247\/282|[from] Stealth Rock
|turn|13
|
|switch|p1a: Habits|Landorus-Therian, M|317\/341
|-ability|p1a: Habits|Intimidate|[of] p2a: Manectric
|-unboost|p2a: Manectric|atk|1
|move|p2a: Manectric|Volt Switch|p1a: Habits
|-immune|p1a: Habits|[msg]
|
|turn|14
|
|switch|p2a: Latios|Latios, M|302\/302
|-damage|p2a: Latios|265\/302|[from] Stealth Rock
|move|p1a: Habits|U-turn|p2a: Latios
|-supereffective|p2a: Latios
|-damage|p2a: Latios|39\/302
|
|switch|p1a: Lolita|Lopunny-Mega, F|295\/295
|
|turn|15
|
|move|p2a: Latios|Draco Meteor|p1a: Lolita
|-damage|p1a: Lolita|85\/295
|-unboost|p2a: Latios|spa|2
|move|p1a: Lolita|Return|p2a: Latios
|-damage|p2a: Latios|0 fnt
|faint|p2a: Latios
|
|
|switch|p2a: Manectric|Manectric, F|247\/282
|-damage|p2a: Manectric|212\/282|[from] Stealth Rock
|turn|16
|
|move|p2a: Manectric|Flamethrower|p1a: Lolita
|-damage|p1a: Lolita|0 fnt
|faint|p1a: Lolita
|
|
|switch|p1a: Habits|Landorus-Therian, M|317\/341
|-ability|p1a: Habits|Intimidate|[of] p2a: Manectric
|-unboost|p2a: Manectric|atk|1
|turn|17
|
|move|p2a: Manectric|Flamethrower|p1a: Habits
|-damage|p1a: Habits|207\/341
|move|p1a: Habits|Earthquake|p2a: Manectric
|-supereffective|p2a: Manectric
|-damage|p2a: Manectric|0 fnt
|faint|p2a: Manectric
|
|
|switch|p2a: Manaphy|Manaphy|36\/342
|-damage|p2a: Manaphy|0 fnt|[from] Stealth Rock
|faint|p2a: Manaphy
|
|switch|p2a: Conkeldurr|Conkeldurr, F|414\/414
|-damage|p2a: Conkeldurr|389\/414|[from] Stealth Rock
|turn|18
|
|move|p1a: Habits|Earthquake|p2a: Conkeldurr
|-damage|p2a: Conkeldurr|170\/414
|move|p2a: Conkeldurr|Ice Punch|p1a: Habits
|-supereffective|p1a: Habits
|-damage|p1a: Habits|0 fnt
|faint|p1a: Habits
|
|
|switch|p1a: The Beat|Latios, M|302\/302
|turn|19
|
|move|p1a: The Beat|Psyshock|p2a: Conkeldurr
|-supereffective|p2a: Conkeldurr
|-damage|p2a: Conkeldurr|0 fnt
|-damage|p1a: The Beat|272\/302|[from] item: Life Orb
|faint|p2a: Conkeldurr
|
|win|MuhFugginMoose
|raw|Ladder updating...
|raw|MuhFugginMoose's rating: 1161 &rarr; <strong>1180<\/strong><br \/>(+19 for winning)
|raw|spackmoose's rating: 1074 &rarr; <strong>1058<\/strong><br \/>(-16 for losing)
|leave|spackmoose
|player|p2