|join|LoD) Iruga
|join|MuhFugginMoose
|player|p1|LoD) Iruga|282
|player|p2|MuhFugginMoose|80
|gametype|singles
|gen|6
|tier|OU
|rated
|clearpoke
|poke|p1|Rotom-Wash
|poke|p1|Heatran, F
|poke|p1|Donphan, F
|poke|p1|Chansey, F
|poke|p1|Azumarill, F
|poke|p1|Pinsir, F
|poke|p2|Mawile, F, shiny
|poke|p2|Bisharp, M
|poke|p2|Talonflame, F
|poke|p2|Haxorus, M
|poke|p2|Deoxys-Speed, shiny
|poke|p2|Conkeldurr, M
|rule|Sleep Clause Mod: Limit one foe put to sleep
|rule|Species Clause: Limit one of each Pokemon
|rule|OHKO Clause: OHKO moves are banned
|rule|Moody Clause: Moody is banned
|rule|Evasion Moves Clause: Evasion moves are banned
|rule|Endless Battle Clause: Forcing endless battles is banned.
|rule|HP Percentage Mod: HP is reported as percentages
|teampreview
|
|start
|switch|p1a: Animadora|Rotom-Wash|304\/304
|switch|p2a: Blade|Haxorus, M|302\/302
|-ability|p2a: Blade|Mold Breaker
|turn|1
|
|move|p2a: Blade|Earthquake|p1a: Animadora
|-supereffective|p1a: Animadora
|-damage|p1a: Animadora|108\/304
|move|p1a: Animadora|Will-O-Wisp|p2a: Blade
|-status|p2a: Blade|brn
|-enditem|p2a: Blade|Lum Berry|[eat]
|-curestatus|p2a: Blade|brn
|
|-heal|p1a: Animadora|127\/304|[from] item: Leftovers
|turn|2
|
|switch|p1a: Justicia|Azumarill, F|404\/404
|move|p2a: Blade|Earthquake|p1a: Justicia
|-damage|p1a: Justicia|229\/404
|
|turn|3
|
|switch|p1a: Soltera|Heatran, F|386\/386
|move|p2a: Blade|Earthquake|p1a: Soltera
|-supereffective|p1a: Soltera
|-damage|p1a: Soltera|0 fnt
|faint|p1a: Soltera
|
|
|switch|p1a: Justicia|Azumarill, F|229\/404
|turn|4
|
|move|p2a: Blade|Earthquake|p1a: Justicia
|-damage|p1a: Justicia|50\/404
|move|p1a: Justicia|Play Rough|p2a: Blade
|-supereffective|p2a: Blade
|-damage|p2a: Blade|0 fnt
|faint|p2a: Blade
|
|
|switch|p2a: Alpha|Deoxys-Speed, shiny|241\/241
|-ability|p2a: Alpha|Pressure
|turn|5
|
|switch|p1a: Veraniega|Chansey, F|704\/704
|move|p2a: Alpha|Thunderbolt|p1a: Veraniega
|-damage|p1a: Veraniega|629\/704
|-damage|p2a: Alpha|217\/241|[from] item: Life Orb
|
|turn|6
|
|switch|p2a: Mr.Roids|Conkeldurr, M|414\/414
|move|p1a: Veraniega|Soft-Boiled|p1a: Veraniega
|-heal|p1a: Veraniega|704\/704
|
|turn|7
|
|switch|p1a: Cachimba|Donphan, F|384\/384
|move|p2a: Mr.Roids|Knock Off|p1a: Cachimba
|-damage|p1a: Cachimba|301\/384
|-enditem|p1a: Cachimba|Leftovers|[from] move: Knock Off|[of] p2a: Mr.Roids
|
|turn|8
|
|switch|p2a: Alpha|Deoxys-Speed, shiny|217\/241
|-ability|p2a: Alpha|Pressure
|move|p1a: Cachimba|Stealth Rock|p2a: Alpha
|-sidestart|p2: MuhFugginMoose|move: Stealth Rock
|
|turn|9
|
|switch|p1a: Veraniega|Chansey, F|704\/704
|move|p2a: Alpha|Nasty Plot|p2a: Alpha
|-boost|p2a: Alpha|spa|2
|
|turn|10
|
|move|p2a: Alpha|Nasty Plot|p2a: Alpha
|-boost|p2a: Alpha|spa|2
|move|p1a: Veraniega|Toxic|p2a: Alpha|[miss]
|-miss|p1a: Veraniega|p2a: Alpha
|
|turn|11
|
|move|p2a: Alpha|Nasty Plot|p2a: Alpha
|-boost|p2a: Alpha|spa|2
|move|p1a: Veraniega|Seismic Toss|p2a: Alpha
|-damage|p2a: Alpha|117\/241
|
|turn|12
|
|switch|p1a: Justicia|Azumarill, F|50\/404
|move|p2a: Alpha|Psycho Boost|p1a: Justicia
|-damage|p1a: Justicia|0 fnt
|-unboost|p2a: Alpha|spa|2
|-damage|p2a: Alpha|93\/241|[from] item: Life Orb
|faint|p1a: Justicia
|
|
|switch|p1a: PinguinoGuardian|Pinsir, F|271\/271
|-ability|p1a: PinguinoGuardian|Mold Breaker
|turn|13
|
|detailschange|p1a: PinguinoGuardian|Pinsir-Mega, F
|message|Pinsir has Mega Evolved into Mega Pinsir!
|move|p1a: PinguinoGuardian|Quick Attack|p2a: Alpha
|-damage|p2a: Alpha|0 fnt
|faint|p2a: Alpha
|
|
|switch|p2a: Tec|Bisharp, M|271\/271
|-damage|p2a: Tec|255\/271|[from] Stealth Rock
|turn|14
|
|move|p2a: Tec|Sucker Punch|p1a: PinguinoGuardian
|-damage|p1a: PinguinoGuardian|114\/271
|move|p1a: PinguinoGuardian|Earthquake|p2a: Tec
|-supereffective|p2a: Tec
|-damage|p2a: Tec|0 fnt
|faint|p2a: Tec
|
|
|switch|p2a: Garuda|Talonflame, F|298\/298
|-damage|p2a: Garuda|149\/298|[from] Stealth Rock
|turn|15
|
|switch|p1a: Cachimba|Donphan, F|301\/384
|move|p2a: Garuda|Brave Bird|p1a: Cachimba
|-damage|p1a: Cachimba|130\/384
|-damage|p2a: Garuda|93\/298|[from] recoil|[of] p1a: Cachimba
|
|turn|16
|
|move|p2a: Garuda|Brave Bird|p1a: Cachimba
|-damage|p1a: Cachimba|0 fnt
|-damage|p2a: Garuda|50\/298|[from] recoil|[of] p1a: Cachimba
|faint|p1a: Cachimba
|
|
|switch|p1a: Animadora|Rotom-Wash|127\/304
|turn|17
|
|move|p2a: Garuda|Brave Bird|p1a: Animadora
|-resisted|p1a: Animadora
|-damage|p1a: Animadora|34\/304
|-damage|p2a: Garuda|19\/298|[from] recoil|[of] p1a: Animadora
|move|p1a: Animadora|Volt Switch|p2a: Garuda
|-supereffective|p2a: Garuda
|-damage|p2a: Garuda|0 fnt
|faint|p2a: Garuda
|
|switch|p1a: PinguinoGuardian|Pinsir-Mega, F|114\/271
|
|
|switch|p2a: Tessa|Mawile, F, shiny|303\/303
|-damage|p2a: Tessa|285\/303|[from] Stealth Rock
|-ability|p2a: Tessa|Intimidate|[of] p1a: PinguinoGuardian
|-unboost|p1a: PinguinoGuardian|atk|1
|turn|18
|
|switch|p1a: Animadora|Rotom-Wash|34\/304
|detailschange|p2a: Tessa|Mawile-Mega, F, shiny
|message|Mawile has Mega Evolved into Mega Mawile!
|move|p2a: Tessa|Sucker Punch|p1a: Animadora
|-fail|p1a: Animadora
|
|-heal|p1a: Animadora|53\/304|[from] item: Leftovers
|turn|19
|
|switch|p2a: Mr.Roids|Conkeldurr, M|414\/414
|-damage|p2a: Mr.Roids|389\/414|[from] Stealth Rock
|move|p1a: Animadora|Pain Split|p2a: Mr.Roids
|-sethp|p2a: Mr.Roids|221\/414|p1a: Animadora|221\/304|[from] move: Pain Split
|
|-heal|p1a: Animadora|240\/304|[from] item: Leftovers
|turn|20
|
|move|p1a: Animadora|Volt Switch|p2a: Mr.Roids
|-damage|p2a: Mr.Roids|139\/414
|
|switch|p1a: Veraniega|Chansey, F|704\/704
|move|p2a: Mr.Roids|Drain Punch|p1a: Veraniega
|-supereffective|p1a: Veraniega
|-damage|p1a: Veraniega|282\/704
|-heal|p2a: Mr.Roids|350\/414|[from] drain|[of] p1a: Veraniega
|
|turn|21
|
|move|p1a: Veraniega|Seismic Toss|p2a: Mr.Roids
|-damage|p2a: Mr.Roids|250\/414
|move|p2a: Mr.Roids|Ice Punch|p1a: Veraniega
|-damage|p1a: Veraniega|136\/704
|
|turn|22
|
|move|p1a: Veraniega|Seismic Toss|p2a: Mr.Roids
|-damage|p2a: Mr.Roids|150\/414
|move|p2a: Mr.Roids|Drain Punch|p1a: Veraniega
|-supereffective|p1a: Veraniega
|-damage|p1a: Veraniega|0 fnt
|-heal|p2a: Mr.Roids|218\/414|[from] drain|[of] p1a: Veraniega
|faint|p1a: Veraniega
|
|
|switch|p1a: PinguinoGuardian|Pinsir-Mega, F|114\/271
|turn|23
|
|switch|p2a: Tessa|Mawile-Mega, F, shiny|285\/303
|-damage|p2a: Tessa|267\/303|[from] Stealth Rock
|move|p1a: PinguinoGuardian|Return|p2a: Tessa
|-resisted|p2a: Tessa
|-damage|p2a: Tessa|162\/303
|
|turn|24
|
|move|p1a: PinguinoGuardian|Earthquake|p2a: Tessa
|-supereffective|p2a: Tessa
|-damage|p2a: Tessa|0 fnt
|faint|p2a: Tessa
|
|chat|LoD) Iruga|gg
|chat|MuhFugginMoose|nice
|
|switch|p2a: Mr.Roids|Conkeldurr, M|218\/414
|-damage|p2a: Mr.Roids|193\/414|[from] Stealth Rock
|turn|25
|
|move|p1a: PinguinoGuardian|Return|p2a: Mr.Roids
|-supereffective|p2a: Mr.Roids
|-damage|p2a: Mr.Roids|0 fnt
|faint|p2a: Mr.Roids
|
|win|LoD) Iruga
|raw|Ladder updating...
|raw|LoD) Iruga's rating: 1543 &rarr; <strong>1565<\/strong><br \/>(+22 for winning)
|raw|MuhFugginMoose's rating: 1579 &rarr; <strong>1557<\/strong><br \/>(-22 for losing)
|leave|MuhFugginMoose
|player|p2