|join|MuhFugginMoose
|join|Salami Party
|player|p1|MuhFugginMoose|80
|player|p2|Salami Party|265
|gametype|singles
|gen|6
|tier|OU
|rated
|clearpoke
|poke|p1|Mawile, F, shiny
|poke|p1|Kyurem-Black, shiny
|poke|p1|Latias, F
|poke|p1|Heatran, M, shiny
|poke|p1|Breloom, M
|poke|p1|Landorus-Therian, M
|poke|p2|Jolteon, F
|poke|p2|Pinsir, F
|poke|p2|Nidoking, M
|poke|p2|Weavile, M
|poke|p2|Drapion, M
|poke|p2|Clefable, F
|rule|Swagger Clause: Swagger is banned
|rule|Baton Pass Clause: Limit one PokÃ©mon knowing Baton Pass
|rule|Sleep Clause Mod: Limit one foe put to sleep
|rule|Species Clause: Limit one of each PokÃ©mon
|rule|OHKO Clause: OHKO moves are banned
|rule|Moody Clause: Moody is banned
|rule|Evasion Moves Clause: Evasion moves are banned
|rule|Endless Battle Clause: Forcing endless battles is banned
|rule|HP Percentage Mod: HP is shown in percentages
|teampreview
|
|start
|switch|p1a: Slater|Landorus-Therian, M|341\/341
|switch|p2a: Orson|Drapion, M|344\/344
|-ability|p1a: Slater|Intimidate|[of] p2a: Orson
|-unboost|p2a: Orson|atk|1
|turn|1
|
|switch|p2a: Vengaboys|Clefable, F|394\/394
|move|p1a: Slater|U-turn|p2a: Vengaboys
|-resisted|p2a: Vengaboys
|-damage|p2a: Vengaboys|346\/394
|
|switch|p1a: NotSoGrump|Heatran, M, shiny|337\/337
|-item|p1a: NotSoGrump|Air Balloon
|
|-heal|p2a: Vengaboys|370\/394|[from] item: Leftovers
|turn|2
|
|move|p1a: NotSoGrump|Stealth Rock|p2a: Vengaboys
|-sidestart|p2: Salami Party|move: Stealth Rock
|move|p2a: Vengaboys|Moonblast|p1a: NotSoGrump
|-resisted|p1a: NotSoGrump
|-damage|p1a: NotSoGrump|313\/337
|-enditem|p1a: NotSoGrump|Air Balloon
|-unboost|p1a: NotSoGrump|spa|1
|
|-heal|p2a: Vengaboys|394\/394|[from] item: Leftovers
|turn|3
|
|switch|p2a: Dies daily|Jolteon, F|272\/272
|-damage|p2a: Dies daily|238\/272|[from] Stealth Rock
|move|p1a: NotSoGrump|Flash Cannon|p2a: Dies daily
|-resisted|p2a: Dies daily
|-damage|p2a: Dies daily|183\/272
|-unboost|p2a: Dies daily|spd|1
|
|turn|4
|
|switch|p1a: Tec|Breloom, M|323\/323
|move|p2a: Dies daily|Hidden Power|p1a: Tec
|-supereffective|p1a: Tec
|-damage|p1a: Tec|50\/323
|-damage|p2a: Dies daily|156\/272|[from] item: Life Orb
|
|-status|p1a: Tec|tox|[from] item: Toxic Orb
|turn|5
|
|move|p2a: Dies daily|Hidden Power|p1a: Tec
|-supereffective|p1a: Tec
|-damage|p1a: Tec|0 fnt
|-damage|p2a: Dies daily|129\/272|[from] item: Life Orb
|faint|p1a: Tec
|
|
|switch|p1a: Slater|Landorus-Therian, M|341\/341
|-ability|p1a: Slater|Intimidate|[of] p2a: Dies daily
|-unboost|p2a: Dies daily|atk|1
|turn|6
|
|move|p1a: Slater|U-turn|p2a: Dies daily
|-damage|p2a: Dies daily|0 fnt
|faint|p2a: Dies daily
|
|switch|p1a: Method|Kyurem-Black, shiny|405\/405
|-ability|p1a: Method|Teravolt
|
|
|switch|p2a: Vengaboys|Clefable, F|394\/394
|turn|7
|
|switch|p1a: NotSoGrump|Heatran, M, shiny|313\/337
|move|p2a: Vengaboys|Cosmic Power|p2a: Vengaboys
|-boost|p2a: Vengaboys|def|1
|-boost|p2a: Vengaboys|spd|1
|
|turn|8
|
|move|p1a: NotSoGrump|Flash Cannon|p2a: Vengaboys
|-supereffective|p2a: Vengaboys
|-damage|p2a: Vengaboys|212\/394
|move|p2a: Vengaboys|Cosmic Power|p2a: Vengaboys
|-boost|p2a: Vengaboys|def|1
|-boost|p2a: Vengaboys|spd|1
|
|-heal|p2a: Vengaboys|236\/394|[from] item: Leftovers
|turn|9
|
|move|p1a: NotSoGrump|Flash Cannon|p2a: Vengaboys
|-supereffective|p2a: Vengaboys
|-damage|p2a: Vengaboys|92\/394
|move|p2a: Vengaboys|Soft-Boiled|p2a: Vengaboys
|-heal|p2a: Vengaboys|289\/394
|
|-heal|p2a: Vengaboys|313\/394|[from] item: Leftovers
|turn|10
|
|move|p1a: NotSoGrump|Flash Cannon|p2a: Vengaboys
|-supereffective|p2a: Vengaboys
|-damage|p2a: Vengaboys|167\/394
|move|p2a: Vengaboys|Cosmic Power|p2a: Vengaboys
|-boost|p2a: Vengaboys|def|1
|-boost|p2a: Vengaboys|spd|1
|
|-heal|p2a: Vengaboys|191\/394|[from] item: Leftovers
|turn|11
|
|move|p1a: NotSoGrump|Flash Cannon|p2a: Vengaboys
|-supereffective|p2a: Vengaboys
|-damage|p2a: Vengaboys|77\/394
|move|p2a: Vengaboys|Soft-Boiled|p2a: Vengaboys
|-heal|p2a: Vengaboys|274\/394
|
|-heal|p2a: Vengaboys|298\/394|[from] item: Leftovers
|turn|12
|
|move|p1a: NotSoGrump|Flash Cannon|p2a: Vengaboys
|-supereffective|p2a: Vengaboys
|-damage|p2a: Vengaboys|172\/394
|move|p2a: Vengaboys|Cosmic Power|p2a: Vengaboys
|-boost|p2a: Vengaboys|def|1
|-boost|p2a: Vengaboys|spd|1
|
|-heal|p2a: Vengaboys|196\/394|[from] item: Leftovers
|turn|13
|
|move|p1a: NotSoGrump|Flash Cannon|p2a: Vengaboys
|-supereffective|p2a: Vengaboys
|-damage|p2a: Vengaboys|100\/394
|move|p2a: Vengaboys|Soft-Boiled|p2a: Vengaboys
|-heal|p2a: Vengaboys|297\/394
|
|-heal|p2a: Vengaboys|321\/394|[from] item: Leftovers
|turn|14
|chat|MuhFugginMoose|really
|chat|Salami Party|really
|
|move|p1a: NotSoGrump|Flash Cannon|p2a: Vengaboys
|-supereffective|p2a: Vengaboys
|-damage|p2a: Vengaboys|217\/394
|move|p2a: Vengaboys|Cosmic Power|p2a: Vengaboys
|-boost|p2a: Vengaboys|def|1
|-boost|p2a: Vengaboys|spd|1
|
|-heal|p2a: Vengaboys|241\/394|[from] item: Leftovers
|turn|15
|chat|Salami Party|you'll crit anyways
|chat|MuhFugginMoose|8 in, yet t happen
|
|move|p1a: NotSoGrump|Flash Cannon|p2a: Vengaboys
|-supereffective|p2a: Vengaboys
|-damage|p2a: Vengaboys|151\/394
|move|p2a: Vengaboys|Soft-Boiled|p2a: Vengaboys
|-heal|p2a: Vengaboys|348\/394
|
|-heal|p2a: Vengaboys|372\/394|[from] item: Leftovers
|turn|16
|
|move|p1a: NotSoGrump|Flash Cannon|p2a: Vengaboys
|-supereffective|p2a: Vengaboys
|-damage|p2a: Vengaboys|286\/394
|move|p2a: Vengaboys|Cosmic Power|p2a: Vengaboys
|-boost|p2a: Vengaboys|def|1
|-boost|p2a: Vengaboys|spd|1
|
|-heal|p2a: Vengaboys|310\/394|[from] item: Leftovers
|turn|17
|
|move|p1a: NotSoGrump|Lava Plume|p2a: Vengaboys
|-damage|p2a: Vengaboys|271\/394
|-status|p2a: Vengaboys|brn
|move|p2a: Vengaboys|Work Up|p2a: Vengaboys
|-boost|p2a: Vengaboys|atk|1
|-boost|p2a: Vengaboys|spa|1
|
|-heal|p2a: Vengaboys|295\/394 brn|[from] item: Leftovers
|turn|18
|
|move|p1a: NotSoGrump|Earth Power|p2a: Vengaboys
|-damage|p2a: Vengaboys|265\/394 brn
|move|p2a: Vengaboys|Work Up|p2a: Vengaboys
|-boost|p2a: Vengaboys|atk|1
|-boost|p2a: Vengaboys|spa|1
|
|-heal|p2a: Vengaboys|289\/394 brn|[from] item: Leftovers
|turn|19
|
|move|p1a: NotSoGrump|Flash Cannon|p2a: Vengaboys
|-supereffective|p2a: Vengaboys
|-damage|p2a: Vengaboys|215\/394 brn
|-unboost|p2a: Vengaboys|spd|1
|move|p2a: Vengaboys|Work Up|p2a: Vengaboys
|-boost|p2a: Vengaboys|atk|1
|-boost|p2a: Vengaboys|spa|1
|
|-heal|p2a: Vengaboys|239\/394 brn|[from] item: Leftovers
|turn|20
|
|move|p1a: NotSoGrump|Flash Cannon|p2a: Vengaboys
|-supereffective|p2a: Vengaboys
|-damage|p2a: Vengaboys|159\/394 brn
|move|p2a: Vengaboys|Soft-Boiled|p2a: Vengaboys
|-heal|p2a: Vengaboys|356\/394 brn
|
|-heal|p2a: Vengaboys|380\/394 brn|[from] item: Leftovers
|turn|21
|chat|MuhFugginMoose|wtfd
|
|move|p1a: NotSoGrump|Earth Power|p2a: Vengaboys
|-damage|p2a: Vengaboys|349\/394 brn
|move|p2a: Vengaboys|Cosmic Power|p2a: Vengaboys
|-boost|p2a: Vengaboys|spd|1
|
|-heal|p2a: Vengaboys|373\/394 brn|[from] item: Leftovers
|turn|22
|chat|MuhFugginMoose|jesus christ
|
|move|p1a: NotSoGrump|Lava Plume|p2a: Vengaboys
|-damage|p2a: Vengaboys|337\/394 brn
|move|p2a: Vengaboys|Work Up|p2a: Vengaboys
|-boost|p2a: Vengaboys|atk|1
|-boost|p2a: Vengaboys|spa|1
|
|-heal|p2a: Vengaboys|361\/394 brn|[from] item: Leftovers
|turn|23
|
|move|p1a: NotSoGrump|Lava Plume|p2a: Vengaboys
|-damage|p2a: Vengaboys|327\/394 brn
|move|p2a: Vengaboys|Work Up|p2a: Vengaboys
|-boost|p2a: Vengaboys|atk|1
|-boost|p2a: Vengaboys|spa|1
|
|-heal|p2a: Vengaboys|351\/394 brn|[from] item: Leftovers
|turn|24
|
|move|p1a: NotSoGrump|Lava Plume|p2a: Vengaboys
|-damage|p2a: Vengaboys|314\/394 brn
|move|p2a: Vengaboys|Work Up|p2a: Vengaboys
|-boost|p2a: Vengaboys|atk|1
|-boost|p2a: Vengaboys|spa|1
|
|-heal|p2a: Vengaboys|338\/394 brn|[from] item: Leftovers
|turn|25
|
|move|p1a: NotSoGrump|Lava Plume|p2a: Vengaboys
|-damage|p2a: Vengaboys|304\/394 brn
|move|p2a: Vengaboys|Moonblast|p1a: NotSoGrump
|-crit|p1a: NotSoGrump
|-resisted|p1a: NotSoGrump
|-damage|p1a: NotSoGrump|171\/337
|-unboost|p1a: NotSoGrump|spa|1
|
|-heal|p2a: Vengaboys|328\/394 brn|[from] item: Leftovers
|turn|26
|
|move|p1a: NotSoGrump|Flash Cannon|p2a: Vengaboys
|-supereffective|p2a: Vengaboys
|-damage|p2a: Vengaboys|278\/394 brn
|move|p2a: Vengaboys|Moonblast|p1a: NotSoGrump
|-resisted|p1a: NotSoGrump
|-damage|p1a: NotSoGrump|72\/337
|-unboost|p1a: NotSoGrump|spa|1
|
|-heal|p2a: Vengaboys|302\/394 brn|[from] item: Leftovers
|turn|27
|chat|MuhFugginMoose|lol I
|chat|MuhFugginMoose|i
|
|move|p1a: NotSoGrump|Flash Cannon|p2a: Vengaboys
|-supereffective|p2a: Vengaboys
|-damage|p2a: Vengaboys|266\/394 brn
|move|p2a: Vengaboys|Moonblast|p1a: NotSoGrump
|-resisted|p1a: NotSoGrump
|-damage|p1a: NotSoGrump|0 fnt
|faint|p1a: NotSoGrump
|
|-heal|p2a: Vengaboys|290\/394 brn|[from] item: Leftovers
|chat|MuhFugginMoose|i'll crit anyways
|chat|MuhFugginMoose|fuck you
|chat|Salami Party|hey
|chat|Salami Party|not my fault
|chat|MuhFugginMoose|fuck you
|
|switch|p1a: Tessa|Mawile, F, shiny|284\/284
|-ability|p1a: Tessa|Intimidate|[of] p2a: Vengaboys
|-unboost|p2a: Vengaboys|atk|1
|turn|28
|
|detailschange|p1a: Tessa|Mawile-Mega, F, shiny
|message|Mawile has Mega Evolved into Mega Mawile!
|move|p1a: Tessa|Play Rough|p2a: Vengaboys
|-damage|p2a: Vengaboys|206\/394 brn
|move|p2a: Vengaboys|Moonblast|p1a: Tessa
|-resisted|p1a: Tessa
|-damage|p1a: Tessa|51\/284
|-unboost|p1a: Tessa|spa|1
|
|-heal|p2a: Vengaboys|230\/394 brn|[from] item: Leftovers
|turn|29
|
|move|p1a: Tessa|Play Rough|p2a: Vengaboys
|-damage|p2a: Vengaboys|151\/394 brn
|move|p2a: Vengaboys|Soft-Boiled|p2a: Vengaboys
|-heal|p2a: Vengaboys|348\/394 brn
|
|-heal|p2a: Vengaboys|372\/394 brn|[from] item: Leftovers
|turn|30
|chat|Salami Party|please, why are you acting childish now?
|
|move|p1a: Tessa|Play Rough|p2a: Vengaboys
|-damage|p2a: Vengaboys|294\/394 brn
|move|p2a: Vengaboys|Moonblast|p1a: Tessa
|-resisted|p1a: Tessa
|-damage|p1a: Tessa|0 fnt
|faint|p1a: Tessa
|
|-heal|p2a: Vengaboys|318\/394 brn|[from] item: Leftovers
|chat|MuhFugginMoose|fuck you
|
|switch|p1a: Method|Kyurem-Black, shiny|405\/405
|-ability|p1a: Method|Teravolt
|turn|31
|
|move|p1a: Method|Ice Beam|p2a: Vengaboys
|-damage|p2a: Vengaboys|279\/394 brn
|move|p2a: Vengaboys|Moonblast|p1a: Method
|-supereffective|p1a: Method
|-damage|p1a: Method|0 fnt
|faint|p1a: Method
|
|-heal|p2a: Vengaboys|303\/394 brn|[from] item: Leftovers
|
|switch|p1a: Latias|Latias, F|319\/319
|turn|32
|
|move|p1a: Latias|Psyshock|p2a: Vengaboys
|-damage|p2a: Vengaboys|264\/394 brn
|-damage|p1a: Latias|288\/319|[from] item: Life Orb
|move|p2a: Vengaboys|Moonblast|p1a: Latias
|-supereffective|p1a: Latias
|-damage|p1a: Latias|0 fnt
|faint|p1a: Latias
|
|-heal|p2a: Vengaboys|288\/394 brn|[from] item: Leftovers
|chat|MuhFugginMoose|this is fucking stupid
|chat|MuhFugginMoose|you whould not have won
|chat|MuhFugginMoose|period
|
|switch|p1a: Slater|Landorus-Therian, M|341\/341
|-ability|p1a: Slater|Intimidate|[of] p2a: Vengaboys
|-unboost|p2a: Vengaboys|atk|1
|turn|33
|chat|Salami Party|but yet somehow i did
|
|move|p1a: Slater|Stone Edge|p2a: Vengaboys|[miss]
|-miss|p1a: Slater|p2a: Vengaboys
|move|p2a: Vengaboys|Moonblast|p1a: Slater
|-damage|p1a: Slater|0 fnt
|faint|p1a: Slater
|
|win|Salami Party
|raw|Ladder updating...
|raw|MuhFugginMoose's rating: 1379 &rarr; <strong>1358<\/strong><br \/>(-21 for losing)
|raw|Salami Party's rating: 1364 &rarr; <strong>1385<\/strong><br \/>(+21 for winning)
|chat|MuhFugginMoose|because fucking hax
|chat|MuhFugginMoose|you fag
|chat|MuhFugginMoose|:)
|chat|Salami Party|fag?
|chat|Salami Party|hax?
|chat|MuhFugginMoose|tis what i said
|chat|MuhFugginMoose|I used 26 moves, none of them crits
|chat|MuhFugginMoose|you should have been dead
|chat|MuhFugginMoose|period
|chat|Salami Party|why are you getting so angry about a kids game?
|leave|MuhFugginMoose
|player|p1