|join|MuhFugginMoose
|join|brownninja7
|player|p1|MuhFugginMoose|96
|player|p2|brownninja7|131
|gametype|singles
|gen|6
|tier|OU
|rated
|clearpoke
|poke|p1|Forretress, M
|poke|p1|Umbreon, M
|poke|p1|Venusaur, F, shiny
|poke|p1|Sableye, M, shiny
|poke|p1|Vaporeon, F
|poke|p1|Chansey, F
|poke|p2|Electivire, F
|poke|p2|Zoroark, F
|poke|p2|Swampert, F
|poke|p2|Porygon-Z
|poke|p2|Glaceon, F
|poke|p2|Gallade, M
|rule|Sleep Clause Mod: Limit one foe put to sleep
|rule|Species Clause: Limit one of each Pokemon
|rule|OHKO Clause: OHKO moves are banned
|rule|Moody Clause: Moody is banned
|rule|Evasion Moves Clause: Evasion moves are banned
|rule|Endless Battle Clause: Forcing endless battles is banned.
|rule|HP Percentage Mod: HP is reported as percentages
|teampreview
|
|start
|switch|p1a: BallO'Haz|Forretress, M|354\/354
|switch|p2a: Gallade|Gallade, M|261\/261
|turn|1
|
|move|p2a: Gallade|Flamethrower|p1a: BallO'Haz
|-supereffective|p1a: BallO'Haz
|-activate|p1a: BallO'Haz|Sturdy
|-damage|p1a: BallO'Haz|1\/354
|move|p1a: BallO'Haz|Toxic Spikes|p2a: Gallade
|-sidestart|p2: brownninja7|move: Toxic Spikes
|
|-heal|p1a: BallO'Haz|23\/354|[from] item: Leftovers
|turn|2
|
|switch|p1a: Ariel|Vaporeon, F|464\/464
|move|p2a: Gallade|Flamethrower|p1a: Ariel
|-resisted|p1a: Ariel
|-damage|p1a: Ariel|403\/464
|
|-heal|p1a: Ariel|432\/464|[from] item: Leftovers
|turn|3
|
|move|p2a: Gallade|Dark Pulse|p1a: Ariel
|-damage|p1a: Ariel|284\/464
|move|p1a: Ariel|Wish|p1a: Ariel
|
|-heal|p1a: Ariel|313\/464|[from] item: Leftovers
|turn|4
|
|move|p2a: Gallade|Nasty Plot|p2a: Gallade
|-boost|p2a: Gallade|spa|2
|move|p1a: Ariel|Scald|p2a: Gallade
|replace|p2a: Zoroark|Zoroark, F|261\/261
|-damage|p2a: Zoroark|78\/261
|
|-heal|p1a: Ariel|464\/464|[from] move: Wish|[wisher] Ariel
|turn|5
|
|move|p2a: Zoroark|Dark Pulse|p1a: Ariel
|-crit|p1a: Ariel
|-damage|p1a: Ariel|0 fnt
|faint|p1a: Ariel
|
|chat|MuhFugginMoose|of course
|
|switch|p1a: Chansey|Chansey, F|704\/704
|turn|6
|
|move|p2a: Zoroark|Nasty Plot|p2a: Zoroark
|-boost|p2a: Zoroark|spa|2
|move|p1a: Chansey|Seismic Toss|p2a: Zoroark|[miss]
|-miss|p1a: Chansey|p2a: Zoroark
|
|turn|7
|chat|MuhFugginMoose|excuse me?
|chat|MuhFugginMoose|What the fuck?
|chat|MuhFugginMoose|what item do you have on this thing?
|
|move|p2a: Zoroark|Dark Pulse|p1a: Chansey
|-crit|p1a: Chansey
|-damage|p1a: Chansey|314\/704
|cant|p1a: Chansey|flinch
|
|turn|8
|chat|brownninja7|ur entire team is stall
|chat|MuhFugginMoose|cool what Item do you have on this
|chat|brownninja7|brightpowder
|
|move|p2a: Zoroark|Dark Pulse|p1a: Chansey
|-damage|p1a: Chansey|16\/704
|move|p1a: Chansey|Seismic Toss|p2a: Zoroark
|-damage|p2a: Zoroark|0 fnt
|faint|p2a: Zoroark
|
|chat|MuhFugginMoose|fuck you
|
|switch|p2a: Porygon-Z|Porygon-Z|312\/312
|-status|p2a: Porygon-Z|psn
|turn|9
|
|switch|p1a: BallO'Haz|Forretress, M|23\/354
|move|p2a: Porygon-Z|Tri Attack|p1a: BallO'Haz
|-resisted|p1a: BallO'Haz
|-damage|p1a: BallO'Haz|0 fnt
|faint|p1a: BallO'Haz
|
|-damage|p2a: Porygon-Z|273\/312 psn|[from] psn
|
|switch|p1a: GiveMeYourSoul|Venusaur, F, shiny|364\/364
|turn|10
|
|-formechange|p1a: GiveMeYourSoul|Venusaur-Mega
|message|Venusaur has Mega Evolved into Mega Venusaur!
|move|p2a: Porygon-Z|Tri Attack|p1a: GiveMeYourSoul
|-damage|p1a: GiveMeYourSoul|224\/364
|move|p1a: GiveMeYourSoul|Leech Seed|p2a: Porygon-Z
|-start|p2a: Porygon-Z|move: Leech Seed
|
|-damage|p2a: Porygon-Z|234\/312 psn|[from] Leech Seed|[of] p1a: GiveMeYourSoul
|-heal|p1a: GiveMeYourSoul|263\/364|[silent]
|-damage|p2a: Porygon-Z|195\/312 psn|[from] psn
|turn|11
|
|move|p2a: Porygon-Z|Tri Attack|p1a: GiveMeYourSoul
|-damage|p1a: GiveMeYourSoul|115\/364
|move|p1a: GiveMeYourSoul|Giga Drain|p2a: Porygon-Z
|-damage|p2a: Porygon-Z|72\/312 psn
|-heal|p1a: GiveMeYourSoul|177\/364|[from] drain|[of] p2a: Porygon-Z
|
|-damage|p2a: Porygon-Z|33\/312 psn|[from] Leech Seed|[of] p1a: GiveMeYourSoul
|-heal|p1a: GiveMeYourSoul|216\/364|[silent]
|-damage|p2a: Porygon-Z|0 fnt|[from] psn
|faint|p2a: Porygon-Z
|
|switch|p2a: Gallade|Gallade, M|277\/277
|-status|p2a: Gallade|psn
|-enditem|p2a: Gallade|Lum Berry|[eat]
|-curestatus|p2a: Gallade|psn
|turn|12
|
|switch|p1a: MindFck|Sableye, M, shiny|304\/304
|move|p2a: Gallade|Psycho Cut|p1a: MindFck
|-immune|p1a: MindFck|[msg]
|
|turn|13
|
|switch|p2a: Glaceon|Glaceon, F|334\/334
|-status|p2a: Glaceon|psn
|move|p1a: MindFck|Will-O-Wisp|p2a: Glaceon
|-fail|p2a: Glaceon
|
|-damage|p2a: Glaceon|293\/334 psn|[from] psn
|turn|14
|
|move|p2a: Glaceon|Ice Beam|p1a: MindFck
|-damage|p1a: MindFck|52\/304
|-status|p1a: MindFck|frz
|cant|p1a: MindFck|frz
|
|-heal|p1a: MindFck|71\/304 frz|[from] item: Leftovers
|-damage|p2a: Glaceon|252\/334 psn|[from] psn
|turn|15
|chat|MuhFugginMoose|oh my god\/. . .
|chat|MuhFugginMoose|das;dSklfgchgx
|chat|MuhFugginMoose|'cxhgfty
|chat|MuhFugginMoose|hb4dg 
|chat|MuhFugginMoose|jv
|chat|MuhFugginMoose|bj
|chat|MuhFugginMoose|nugk6y
|chat|MuhFugginMoose|hnf
|chat|MuhFugginMoose|gtfu
|chat|MuhFugginMoose|v tdr
|chat|MuhFugginMoose|Are you fucking shitting me?!
|
|-curestatus|p1a: MindFck|frz
|move|p1a: MindFck|Recover|p1a: MindFck
|-heal|p1a: MindFck|223\/304
|move|p2a: Glaceon|Ice Beam|p1a: MindFck
|-crit|p1a: MindFck
|-damage|p1a: MindFck|0 fnt
|faint|p1a: MindFck
|
|-damage|p2a: Glaceon|211\/334 psn|[from] psn
|chat|MuhFugginMoose|is this shit serious?!
|
|switch|p1a: Moose|Umbreon, M|394\/394
|turn|16
|chat|brownninja7|chill bro
|
|move|p2a: Glaceon|Ice Beam|p1a: Moose
|-damage|p1a: Moose|247\/394
|move|p1a: Moose|Curse|p1a: Moose
|-boost|p1a: Moose|atk|1
|-boost|p1a: Moose|def|1
|-unboost|p1a: Moose|spe|1
|
|-heal|p1a: Moose|271\/394|[from] item: Leftovers
|-damage|p2a: Glaceon|170\/334 psn|[from] psn
|turn|17
|chat|MuhFugginMoose|fuck you
|chat|MuhFugginMoose|I've been haxed almost every trn
|
|move|p1a: Moose|Protect|p1a: Moose
|-singleturn|p1a: Moose|Protect
|move|p2a: Glaceon|Ice Beam|p1a: Moose
|-activate|p1a: Moose|Protect
|
|-heal|p1a: Moose|295\/394|[from] item: Leftovers
|-damage|p2a: Glaceon|129\/334 psn|[from] psn
|turn|18
|
|move|p2a: Glaceon|Ice Beam|p1a: Moose
|-damage|p1a: Moose|132\/394
|-status|p1a: Moose|frz
|cant|p1a: Moose|frz
|
|-heal|p1a: Moose|156\/394 frz|[from] item: Leftovers
|-damage|p2a: Glaceon|88\/334 psn|[from] psn
|turn|19
|
|cant|p1a: Moose|frz
|move|p2a: Glaceon|Ice Beam|p1a: Moose
|-damage|p1a: Moose|0 fnt
|faint|p1a: Moose
|
|-damage|p2a: Glaceon|47\/334 psn|[from] psn
|join|Jai1991
|join|RayKazuto
|join|marcosotoluna
|
|switch|p1a: Chansey|Chansey, F|16\/704
|turn|20
|
|move|p2a: Glaceon|Ice Beam|p1a: Chansey
|-damage|p1a: Chansey|0 fnt
|faint|p1a: Chansey
|
|-damage|p2a: Glaceon|6\/334 psn|[from] psn
|join|GoingYolo
|
|switch|p1a: GiveMeYourSoul|Venusaur, F, shiny|216\/364
|-formechange|p1a: GiveMeYourSoul|Venusaur-Mega
|turn|21
|join|Elw4
|chat|marcosotoluna|its a glaceon sweep
|
|move|p1a: GiveMeYourSoul|Synthesis|p1a: GiveMeYourSoul
|-heal|p1a: GiveMeYourSoul|364\/364
|move|p2a: Glaceon|Ice Beam|p1a: GiveMeYourSoul
|-supereffective|p1a: GiveMeYourSoul
|-damage|p1a: GiveMeYourSoul|190\/364
|
|-damage|p2a: Glaceon|0 fnt|[from] psn
|faint|p2a: Glaceon
|join|Elianto
|chat|MuhFugginMoose|it's a shit ton of bullshit hax
|
|switch|p2a: Gallade|Gallade, M|277\/277
|-status|p2a: Gallade|psn
|turn|22
|join|Staphylococcus A.
|
|move|p2a: Gallade|Psycho Cut|p1a: GiveMeYourSoul
|-supereffective|p1a: GiveMeYourSoul
|-damage|p1a: GiveMeYourSoul|0 fnt
|faint|p1a: GiveMeYourSoul
|
|win|brownninja7
|raw|Ladder updating...
|chat|marcosotoluna|how
|raw|MuhFugginMoose's rating: 1154 &rarr; <strong>1131<\/strong><br \/>(-23 for losing)
|raw|brownninja7's rating: 1181 &rarr; <strong>1204<\/strong><br \/>(+23 for winning)
|join|zeldafan2000
|chat|MuhFugginMoose|watch it over
|chat|Staphylococcus A.|lolol
|join|Timid_Tepig
|chat|MuhFugginMoose|from the beginning
|leave|marcosotoluna
|join|Kim Jong Illest