|join|MuhFugginMoose
|join|Rambovic
|player|p1|MuhFugginMoose|96
|player|p2|Rambovic|2
|gametype|singles
|gen|6
|tier|OU
|rated
|clearpoke
|poke|p1|Forretress, F
|poke|p1|Umbreon, M
|poke|p1|Venusaur, F, shiny
|poke|p1|Sableye, F, shiny
|poke|p1|Vaporeon, F
|poke|p1|Chansey, F
|poke|p2|Registeel
|poke|p2|Slowbro, F
|poke|p2|Starmie
|poke|p2|Scizor, F
|poke|p2|Dragonite, F, shiny
|poke|p2|Umbreon, F
|rule|Sleep Clause Mod: Limit one foe put to sleep
|rule|Species Clause: Limit one of each Pokemon
|rule|OHKO Clause: OHKO moves are banned
|rule|Moody Clause: Moody is banned
|rule|Evasion Moves Clause: Evasion moves are banned
|rule|Endless Battle Clause: Forcing endless battles is banned.
|rule|HP Percentage Mod: HP is reported as percentages
|teampreview
|
|start
|switch|p1a: MindFck|Sableye, F, shiny|304\/304
|switch|p2a: Slowbro|Slowbro, F|394\/394
|turn|1
|
|switch|p2a: Umbreon|Umbreon, F|394\/394
|move|p1a: MindFck|Knock Off|p2a: Umbreon
|-resisted|p2a: Umbreon
|-damage|p2a: Umbreon|352\/394
|-enditem|p2a: Umbreon|Leftovers|[from] move: Knock Off|[of] p1a: MindFck
|
|turn|2
|
|move|p1a: MindFck|Taunt|p2a: Umbreon
|-start|p2a: Umbreon|move: Taunt
|move|p2a: Umbreon|Foul Play|p1a: MindFck
|-damage|p1a: MindFck|198\/304
|
|-heal|p1a: MindFck|217\/304|[from] item: Leftovers
|turn|3
|
|switch|p1a: Chansey|Chansey, F|704\/704
|move|p2a: Umbreon|Foul Play|p1a: Chansey
|-damage|p1a: Chansey|674\/704
|
|turn|4
|
|switch|p2a: Slowbro|Slowbro, F|394\/394
|move|p1a: Chansey|Toxic|p2a: Slowbro
|-status|p2a: Slowbro|tox
|
|-damage|p2a: Slowbro|370\/394 tox|[from] psn
|turn|5
|
|switch|p2a: Registeel|Registeel|364\/364
|move|p1a: Chansey|Seismic Toss|p2a: Registeel
|-damage|p2a: Registeel|264\/364
|
|-heal|p2a: Registeel|286\/364|[from] item: Leftovers
|turn|6
|
|move|p1a: Chansey|Seismic Toss|p2a: Registeel
|-damage|p2a: Registeel|186\/364
|move|p2a: Registeel|Stealth Rock|p1a: Chansey
|-sidestart|p1: MuhFugginMoose|move: Stealth Rock
|
|-heal|p2a: Registeel|208\/364|[from] item: Leftovers
|turn|7
|
|switch|p1a: MindFck|Sableye, F, shiny|217\/304
|-damage|p1a: MindFck|179\/304|[from] Stealth Rock
|move|p2a: Registeel|Rest|p2a: Registeel
|-status|p2a: Registeel|slp
|-heal|p2a: Registeel|364\/364 slp|[silent]
|-status|p2a: Registeel|slp|[from] move: Rest
|
|-heal|p1a: MindFck|198\/304|[from] item: Leftovers
|turn|8
|
|switch|p2a: Umbreon|Umbreon, F|352\/394
|move|p1a: MindFck|Knock Off|p2a: Umbreon
|-resisted|p2a: Umbreon
|-damage|p2a: Umbreon|322\/394
|
|-heal|p1a: MindFck|217\/304|[from] item: Leftovers
|turn|9
|
|move|p1a: MindFck|Taunt|p2a: Umbreon
|-start|p2a: Umbreon|move: Taunt
|move|p2a: Umbreon|Foul Play|p1a: MindFck
|-damage|p1a: MindFck|105\/304
|
|-heal|p1a: MindFck|124\/304|[from] item: Leftovers
|turn|10
|
|move|p1a: MindFck|Recover|p1a: MindFck
|-heal|p1a: MindFck|276\/304
|move|p2a: Umbreon|Foul Play|p1a: MindFck
|-damage|p1a: MindFck|170\/304
|
|-heal|p1a: MindFck|189\/304|[from] item: Leftovers
|turn|11
|
|switch|p2a: Slowbro|Slowbro, F|394\/394 tox
|switch|p1a: Chansey|Chansey, F|674\/704
|-damage|p1a: Chansey|586\/704|[from] Stealth Rock
|
|-damage|p2a: Slowbro|370\/394 tox|[from] psn
|turn|12
|
|switch|p2a: Umbreon|Umbreon, F|322\/394
|move|p1a: Chansey|Seismic Toss|p2a: Umbreon
|-damage|p2a: Umbreon|222\/394
|
|turn|13
|
|move|p2a: Umbreon|Heal Bell|p2a: Umbreon
|-cureteam|p2a: Umbreon|[from] move: HealBell
|move|p1a: Chansey|Toxic|p2a: Umbreon
|-status|p2a: Umbreon|tox
|-status|p1a: Chansey|tox
|
|-damage|p2a: Umbreon|198\/394 tox|[from] psn
|-damage|p1a: Chansey|542\/704 tox|[from] psn
|turn|14
|
|move|p2a: Umbreon|Heal Bell|p2a: Umbreon
|-cureteam|p2a: Umbreon|[from] move: HealBell
|move|p1a: Chansey|Seismic Toss|p2a: Umbreon
|-damage|p2a: Umbreon|98\/394
|
|-damage|p1a: Chansey|454\/704 tox|[from] psn
|turn|15
|
|move|p2a: Umbreon|Moonlight|p2a: Umbreon
|-heal|p2a: Umbreon|295\/394
|move|p1a: Chansey|Seismic Toss|p2a: Umbreon
|-damage|p2a: Umbreon|195\/394
|
|-damage|p1a: Chansey|322\/704 tox|[from] psn
|turn|16
|
|move|p2a: Umbreon|Moonlight|p2a: Umbreon
|-heal|p2a: Umbreon|392\/394
|move|p1a: Chansey|Toxic|p2a: Umbreon
|-status|p2a: Umbreon|tox
|
|-damage|p2a: Umbreon|368\/394 tox|[from] psn
|-damage|p1a: Chansey|146\/704 tox|[from] psn
|turn|17
|
|switch|p1a: MindFck|Sableye, F, shiny|189\/304
|-damage|p1a: MindFck|151\/304|[from] Stealth Rock
|move|p2a: Umbreon|Heal Bell|p2a: Umbreon
|-cureteam|p2a: Umbreon|[from] move: HealBell
|
|-heal|p1a: MindFck|170\/304|[from] item: Leftovers
|turn|18
|
|move|p1a: MindFck|Will-O-Wisp|p2a: Umbreon|[miss]
|-miss|p1a: MindFck|p2a: Umbreon
|move|p2a: Umbreon|Foul Play|p1a: MindFck
|-damage|p1a: MindFck|64\/304
|
|-heal|p1a: MindFck|83\/304|[from] item: Leftovers
|turn|19
|
|move|p1a: MindFck|Recover|p1a: MindFck
|-heal|p1a: MindFck|235\/304
|move|p2a: Umbreon|Foul Play|p1a: MindFck
|-damage|p1a: MindFck|129\/304
|
|-heal|p1a: MindFck|148\/304|[from] item: Leftovers
|turn|20
|
|switch|p2a: Slowbro|Slowbro, F|394\/394
|move|p1a: MindFck|Will-O-Wisp|p2a: Slowbro
|-status|p2a: Slowbro|brn
|
|-heal|p1a: MindFck|167\/304|[from] item: Leftovers
|-damage|p2a: Slowbro|345\/394 brn|[from] brn
|turn|21
|
|move|p1a: MindFck|Knock Off|p2a: Slowbro
|-crit|p2a: Slowbro
|-supereffective|p2a: Slowbro
|-damage|p2a: Slowbro|145\/394 brn
|-enditem|p2a: Slowbro|Leftovers|[from] move: Knock Off|[of] p1a: MindFck
|move|p2a: Slowbro|Flamethrower|p1a: MindFck
|-damage|p1a: MindFck|101\/304
|
|-heal|p1a: MindFck|120\/304|[from] item: Leftovers
|-damage|p2a: Slowbro|96\/394 brn|[from] brn
|turn|22
|
|switch|p2a: Umbreon|Umbreon, F|368\/394
|move|p1a: MindFck|Recover|p1a: MindFck
|-heal|p1a: MindFck|272\/304
|
|-heal|p1a: MindFck|291\/304|[from] item: Leftovers
|turn|23
|
|switch|p2a: Slowbro|Slowbro, F|227\/394 brn
|move|p1a: MindFck|Will-O-Wisp|p2a: Slowbro
|-fail|p2a: Slowbro|brn
|
|-heal|p1a: MindFck|304\/304|[from] item: Leftovers
|-damage|p2a: Slowbro|178\/394 brn|[from] brn
|turn|24
|
|switch|p2a: Umbreon|Umbreon, F|368\/394
|move|p1a: MindFck|Taunt|p2a: Umbreon
|-start|p2a: Umbreon|move: Taunt
|
|turn|25
|
|switch|p2a: Slowbro|Slowbro, F|309\/394 brn
|move|p1a: MindFck|Will-O-Wisp|p2a: Slowbro|[miss]
|-miss|p1a: MindFck|p2a: Slowbro
|
|-damage|p2a: Slowbro|260\/394 brn|[from] brn
|turn|26
|
|switch|p2a: Umbreon|Umbreon, F|368\/394
|move|p1a: MindFck|Will-O-Wisp|p2a: Umbreon
|-status|p2a: Umbreon|brn
|-status|p1a: MindFck|brn
|
|-damage|p2a: Umbreon|319\/394 brn|[from] brn
|-damage|p1a: MindFck|266\/304 brn|[from] brn
|turn|27
|
|switch|p2a: Slowbro|Slowbro, F|391\/394 brn
|move|p1a: MindFck|Taunt|p2a: Slowbro
|-start|p2a: Slowbro|move: Taunt
|
|-heal|p1a: MindFck|285\/304 brn|[from] item: Leftovers
|-damage|p1a: MindFck|247\/304 brn|[from] brn
|-damage|p2a: Slowbro|342\/394 brn|[from] brn
|turn|28
|
|switch|p2a: Umbreon|Umbreon, F|319\/394 brn
|move|p1a: MindFck|Taunt|p2a: Umbreon
|-start|p2a: Umbreon|move: Taunt
|
|-heal|p1a: MindFck|266\/304 brn|[from] item: Leftovers
|-damage|p2a: Umbreon|270\/394 brn|[from] brn
|-damage|p1a: MindFck|228\/304 brn|[from] brn
|turn|29
|
|switch|p2a: Registeel|Registeel|364\/364
|switch|p1a: Chansey|Chansey, F|146\/704
|-damage|p1a: Chansey|58\/704|[from] Stealth Rock
|
|turn|30
|
|move|p1a: Chansey|Soft-Boiled|p1a: Chansey
|-heal|p1a: Chansey|410\/704
|move|p2a: Registeel|Seismic Toss|p1a: Chansey
|-damage|p1a: Chansey|310\/704
|
|turn|31
|
|switch|p2a: Umbreon|Umbreon, F|270\/394 brn
|move|p1a: Chansey|Soft-Boiled|p1a: Chansey
|-heal|p1a: Chansey|662\/704
|
|-damage|p2a: Umbreon|221\/394 brn|[from] brn
|turn|32
|
|move|p2a: Umbreon|Heal Bell|p2a: Umbreon
|-cureteam|p2a: Umbreon|[from] move: HealBell
|move|p1a: Chansey|Toxic|p2a: Umbreon
|-status|p2a: Umbreon|tox
|-status|p1a: Chansey|tox
|
|-damage|p2a: Umbreon|197\/394 tox|[from] psn
|-damage|p1a: Chansey|618\/704 tox|[from] psn
|turn|33
|
|switch|p2a: Slowbro|Slowbro, F|394\/394
|move|p1a: Chansey|Toxic|p2a: Slowbro
|-status|p2a: Slowbro|tox
|
|-damage|p1a: Chansey|530\/704 tox|[from] psn
|-damage|p2a: Slowbro|370\/394 tox|[from] psn
|turn|34
|
|switch|p1a: MindFck|Sableye, F, shiny|228\/304 brn
|-damage|p1a: MindFck|190\/304 brn|[from] Stealth Rock
|switch|p2a: Registeel|Registeel|364\/364
|
|-heal|p1a: MindFck|209\/304 brn|[from] item: Leftovers
|-damage|p1a: MindFck|171\/304 brn|[from] brn
|turn|35
|
|switch|p2a: Umbreon|Umbreon, F|197\/394 tox
|move|p1a: MindFck|Knock Off|p2a: Umbreon
|-resisted|p2a: Umbreon
|-damage|p2a: Umbreon|182\/394 tox
|
|-heal|p1a: MindFck|190\/304 brn|[from] item: Leftovers
|-damage|p2a: Umbreon|158\/394 tox|[from] psn
|-damage|p1a: MindFck|152\/304 brn|[from] brn
|turn|36
|
|switch|p2a: Slowbro|Slowbro, F|394\/394 tox
|move|p1a: MindFck|Taunt|p2a: Slowbro
|-start|p2a: Slowbro|move: Taunt
|
|-heal|p1a: MindFck|171\/304 brn|[from] item: Leftovers
|-damage|p1a: MindFck|133\/304 brn|[from] brn
|-damage|p2a: Slowbro|370\/394 tox|[from] psn
|turn|37
|
|switch|p2a: Registeel|Registeel|364\/364
|move|p1a: MindFck|Recover|p1a: MindFck
|-heal|p1a: MindFck|285\/304 brn
|
|-heal|p1a: MindFck|304\/304 brn|[from] item: Leftovers
|-damage|p1a: MindFck|266\/304 brn|[from] brn
|turn|38
|
|switch|p2a: Slowbro|Slowbro, F|394\/394 tox
|move|p1a: MindFck|Knock Off|p2a: Slowbro
|-supereffective|p2a: Slowbro
|-damage|p2a: Slowbro|356\/394 tox
|
|-heal|p1a: MindFck|285\/304 brn|[from] item: Leftovers
|-damage|p1a: MindFck|247\/304 brn|[from] brn
|-damage|p2a: Slowbro|332\/394 tox|[from] psn
|turn|39
|
|switch|p2a: Registeel|Registeel|364\/364
|move|p1a: MindFck|Knock Off|p2a: Registeel
|-damage|p2a: Registeel|337\/364
|-enditem|p2a: Registeel|Leftovers|[from] move: Knock Off|[of] p1a: MindFck
|
|-heal|p1a: MindFck|266\/304 brn|[from] item: Leftovers
|-damage|p1a: MindFck|228\/304 brn|[from] brn
|turn|40
|
|switch|p2a: Slowbro|Slowbro, F|394\/394 tox
|move|p1a: MindFck|Knock Off|p2a: Slowbro
|-supereffective|p2a: Slowbro
|-damage|p2a: Slowbro|350\/394 tox
|
|-heal|p1a: MindFck|247\/304 brn|[from] item: Leftovers
|-damage|p1a: MindFck|209\/304 brn|[from] brn
|-damage|p2a: Slowbro|326\/394 tox|[from] psn
|turn|41
|
|switch|p1a: Chansey|Chansey, F|530\/704
|-damage|p1a: Chansey|442\/704|[from] Stealth Rock
|switch|p2a: Registeel|Registeel|337\/364
|
|turn|42
|
|move|p2a: Registeel|Seismic Toss|p1a: Chansey
|-damage|p1a: Chansey|342\/704
|move|p1a: Chansey|Seismic Toss|p2a: Registeel
|-damage|p2a: Registeel|237\/364
|
|turn|43
|
|move|p2a: Registeel|Seismic Toss|p1a: Chansey
|-damage|p1a: Chansey|242\/704
|move|p1a: Chansey|Soft-Boiled|p1a: Chansey
|-heal|p1a: Chansey|594\/704
|
|turn|44
|
|move|p2a: Registeel|Thunder Wave|p1a: Chansey
|-status|p1a: Chansey|par
|move|p1a: Chansey|Seismic Toss|p2a: Registeel
|-damage|p2a: Registeel|137\/364
|
|turn|45
|
|move|p2a: Registeel|Rest|p2a: Registeel
|-status|p2a: Registeel|slp
|-heal|p2a: Registeel|364\/364 slp|[silent]
|-status|p2a: Registeel|slp|[from] move: Rest
|move|p1a: Chansey|Heal Bell|p1a: Chansey
|-cureteam|p1a: Chansey|[from] move: HealBell
|
|turn|46
|
|switch|p2a: Umbreon|Umbreon, F|158\/394 tox
|move|p1a: Chansey|Seismic Toss|p2a: Umbreon
|-damage|p2a: Umbreon|58\/394 tox
|
|-damage|p2a: Umbreon|34\/394 tox|[from] psn
|turn|47
|
|move|p2a: Umbreon|Moonlight|p2a: Umbreon
|-heal|p2a: Umbreon|231\/394 tox
|move|p1a: Chansey|Seismic Toss|p2a: Umbreon
|-damage|p2a: Umbreon|131\/394 tox
|
|-damage|p2a: Umbreon|83\/394 tox|[from] psn
|turn|48
|
|move|p2a: Umbreon|Moonlight|p2a: Umbreon
|-heal|p2a: Umbreon|280\/394 tox
|move|p1a: Chansey|Seismic Toss|p2a: Umbreon
|-damage|p2a: Umbreon|180\/394 tox
|
|-damage|p2a: Umbreon|108\/394 tox|[from] psn
|turn|49
|
|move|p2a: Umbreon|Heal Bell|p2a: Umbreon
|-cureteam|p2a: Umbreon|[from] move: HealBell
|move|p1a: Chansey|Seismic Toss|p2a: Umbreon
|-damage|p2a: Umbreon|8\/394
|
|turn|50
|
|move|p2a: Umbreon|Moonlight|p2a: Umbreon
|-heal|p2a: Umbreon|205\/394
|move|p1a: Chansey|Toxic|p2a: Umbreon
|-status|p2a: Umbreon|tox
|-status|p1a: Chansey|tox
|
|-damage|p2a: Umbreon|181\/394 tox|[from] psn
|-damage|p1a: Chansey|550\/704 tox|[from] psn
|turn|51
|
|switch|p1a: MindFck|Sableye, F, shiny|209\/304
|-damage|p1a: MindFck|171\/304|[from] Stealth Rock
|move|p2a: Umbreon|Moonlight|p2a: Umbreon
|-heal|p2a: Umbreon|378\/394 tox
|
|-heal|p1a: MindFck|190\/304|[from] item: Leftovers
|-damage|p2a: Umbreon|330\/394 tox|[from] psn
|turn|52
|
|switch|p2a: Registeel|Registeel|364\/364
|move|p1a: MindFck|Taunt|p2a: Registeel
|-start|p2a: Registeel|move: Taunt
|
|-heal|p1a: MindFck|209\/304|[from] item: Leftovers
|turn|53
|
|switch|p2a: Slowbro|Slowbro, F|394\/394
|move|p1a: MindFck|Will-O-Wisp|p2a: Slowbro
|-status|p2a: Slowbro|brn
|
|-heal|p1a: MindFck|228\/304|[from] item: Leftovers
|-damage|p2a: Slowbro|345\/394 brn|[from] brn
|turn|54
|
|switch|p2a: Registeel|Registeel|364\/364
|move|p1a: MindFck|Knock Off|p2a: Registeel
|-damage|p2a: Registeel|328\/364
|
|-heal|p1a: MindFck|247\/304|[from] item: Leftovers
|turn|55
|
|move|p1a: MindFck|Taunt|p2a: Registeel
|-start|p2a: Registeel|move: Taunt
|cant|p2a: Registeel|move: Taunt|Thunder Wave
|
|-heal|p1a: MindFck|266\/304|[from] item: Leftovers
|turn|56
|
|switch|p2a: Slowbro|Slowbro, F|394\/394 brn
|move|p1a: MindFck|Will-O-Wisp|p2a: Slowbro
|-fail|p2a: Slowbro|brn
|
|-heal|p1a: MindFck|285\/304|[from] item: Leftovers
|-damage|p2a: Slowbro|345\/394 brn|[from] brn
|turn|57
|
|switch|p2a: Registeel|Registeel|328\/364
|move|p1a: MindFck|Will-O-Wisp|p2a: Registeel
|-status|p2a: Registeel|brn
|
|-heal|p1a: MindFck|304\/304|[from] item: Leftovers
|-damage|p2a: Registeel|283\/364 brn|[from] brn
|turn|58
|
|switch|p1a: BallO'Haz|Forretress, F|354\/354
|-damage|p1a: BallO'Haz|310\/354|[from] Stealth Rock
|switch|p2a: Umbreon|Umbreon, F|330\/394 tox
|
|-heal|p1a: BallO'Haz|332\/354|[from] item: Leftovers
|-damage|p2a: Umbreon|306\/394 tox|[from] psn
|turn|59
|
|move|p2a: Umbreon|Heal Bell|p2a: Umbreon
|-cureteam|p2a: Umbreon|[from] move: HealBell
|move|p1a: BallO'Haz|Stealth Rock|p2a: Umbreon
|-sidestart|p2: Rambovic|move: Stealth Rock
|
|-heal|p1a: BallO'Haz|354\/354|[from] item: Leftovers
|turn|60
|
|move|p2a: Umbreon|Yawn|p1a: BallO'Haz
|-start|p1a: BallO'Haz|move: Yawn|[of] p2a: Umbreon
|move|p1a: BallO'Haz|Toxic Spikes|p2a: Umbreon
|-sidestart|p2: Rambovic|move: Toxic Spikes
|
|turn|61
|
|switch|p2a: Starmie|Starmie|261\/261
|-damage|p2a: Starmie|229\/261|[from] Stealth Rock
|-status|p2a: Starmie|psn
|move|p1a: BallO'Haz|Toxic Spikes|p2a: Starmie
|-sidestart|p2: Rambovic|move: Toxic Spikes
|
|-status|p1a: BallO'Haz|slp
|-damage|p2a: Starmie|197\/261 psn|[from] psn
|turn|62
|
|switch|p1a: MindFck|Sableye, F, shiny|304\/304
|-damage|p1a: MindFck|266\/304|[from] Stealth Rock
|move|p2a: Starmie|Surf|p1a: MindFck
|-damage|p1a: MindFck|142\/304
|
|-heal|p1a: MindFck|161\/304|[from] item: Leftovers
|-damage|p2a: Starmie|165\/261 psn|[from] psn
|turn|63
|
|move|p1a: MindFck|Recover|p1a: MindFck
|-heal|p1a: MindFck|304\/304
|move|p2a: Starmie|Surf|p1a: MindFck
|-crit|p1a: MindFck
|-damage|p1a: MindFck|112\/304
|
|-heal|p1a: MindFck|131\/304|[from] item: Leftovers
|-damage|p2a: Starmie|133\/261 psn|[from] psn
|turn|64
|
|switch|p2a: Slowbro|Slowbro, F|394\/394
|-damage|p2a: Slowbro|345\/394|[from] Stealth Rock
|-status|p2a: Slowbro|tox
|move|p1a: MindFck|Recover|p1a: MindFck
|-heal|p1a: MindFck|283\/304
|
|-heal|p1a: MindFck|302\/304|[from] item: Leftovers
|-damage|p2a: Slowbro|321\/394 tox|[from] psn
|turn|65
|leave|Rambovic
|player|p2
|-message|rambovic lost due to inactivity.
|
|win|MuhFugginMoose
|raw|Ladder updating...
|raw|MuhFugginMoose's rating: 1241 &rarr; <strong>1265<\/strong><br \/>(+24 for winning)
|raw|Rambovic's rating: 1219 &rarr; <strong>1196<\/strong><br \/>(-23 for losing)
|join|bagelface
|join|PikaLord1234
|join|Creamyy~
|join|BanadianFTW
|join|SAO Otaku
|leave|Creamyy~
|leave|BanadianFTW
|leave|SAO Otaku
|join|Shane Grace
|leave|PikaLord1234
|join|Stuffu
|leave|Shane Grace
|leave|MuhFugginMoose
|player|p1
|join|MuhFugginMoose