|join|OPGGNORE
|join|Black Kids
|player|p1|OPGGNORE|102
|player|p2|Black Kids|214
|gametype|singles
|gen|6
|tier|ORAS OU
|rated
|rule|Sleep Clause Mod: Limit one foe put to sleep
|rule|Species Clause: Limit one of each PokÃ©mon
|rule|OHKO Clause: OHKO moves are banned
|rule|Moody Clause: Moody is banned
|rule|Evasion Moves Clause: Evasion moves are banned
|rule|Endless Battle Clause: Forcing endless battles is banned
|rule|HP Percentage Mod: HP is shown in percentages
|clearpoke
|poke|p1|Salamence, F
|poke|p1|Magneton
|poke|p1|Wobbuffet, F
|poke|p1|Excadrill, M
|poke|p1|Clefable, F
|poke|p1|Dugtrio, F
|poke|p2|Breloom, F
|poke|p2|Metagross, shiny
|poke|p2|Sableye, F
|poke|p2|Swampert, F
|poke|p2|Exploud, F
|poke|p2|Altaria, F, shiny
|rule|Swagger Clause: Swagger is banned
|rule|Baton Pass Clause: Limit one PokÃ©mon knowing Baton Pass
|teampreview
|
|start
|switch|p1a: Magneton|Magneton|242\/242
|switch|p2a: Swampert|Swampert, F|400\/400
|turn|1
|
|switch|p1a: Clefable|Clefable, F|394\/394
|move|p2a: Swampert|Stealth Rock|p1a: Clefable
|-sidestart|p1: OPGGNORE|move: Stealth Rock
|
|turn|2
|
|switch|p2a: Metagross|Metagross, shiny|361\/361
|move|p1a: Clefable|Flamethrower|p2a: Metagross
|-supereffective|p2a: Metagross
|-damage|p2a: Metagross|257\/361
|
|turn|3
|
|switch|p1a: Magneton|Magneton|242\/242
|-damage|p1a: Magneton|227\/242|[from] Stealth Rock
|move|p2a: Metagross|Meteor Mash|p1a: Magneton
|-resisted|p1a: Magneton
|-damage|p1a: Magneton|177\/242
|
|turn|4
|
|move|p1a: Magneton|Thunderbolt|p2a: Metagross
|-crit|p2a: Metagross
|-damage|p2a: Metagross|104\/361
|move|p2a: Metagross|Earthquake|p1a: Magneton
|-supereffective|p1a: Magneton
|-damage|p1a: Magneton|0 fnt
|faint|p1a: Magneton
|
|
|switch|p1a: Excadrill|Excadrill, M|362\/362
|-damage|p1a: Excadrill|351\/362|[from] Stealth Rock
|-item|p1a: Excadrill|Air Balloon
|turn|5
|
|move|p2a: Metagross|Bullet Punch|p1a: Excadrill
|-resisted|p1a: Excadrill
|-damage|p1a: Excadrill|290\/362
|-enditem|p1a: Excadrill|Air Balloon
|move|p1a: Excadrill|Earthquake|p2a: Metagross
|-supereffective|p2a: Metagross
|-damage|p2a: Metagross|0 fnt
|faint|p2a: Metagross
|
|
|switch|p2a: Swampert|Swampert, F|400\/400
|turn|6
|
|move|p1a: Excadrill|Stealth Rock|p2a: Swampert
|-sidestart|p2: Black Kids|move: Stealth Rock
|move|p2a: Swampert|Scald|p1a: Excadrill
|-supereffective|p1a: Excadrill
|-damage|p1a: Excadrill|54\/362
|
|turn|7
|
|move|p1a: Excadrill|Rapid Spin|p2a: Swampert
|-damage|p2a: Swampert|380\/400
|-sideend|p1: OPGGNORE|Stealth Rock|[from] move: Rapid Spin|[of] p1a: Excadrill
|move|p2a: Swampert|Scald|p1a: Excadrill
|-supereffective|p1a: Excadrill
|-damage|p1a: Excadrill|0 fnt
|faint|p1a: Excadrill
|
|-heal|p2a: Swampert|400\/400|[from] item: Leftovers
|
|switch|p1a: Salamence|Salamence, F|394\/394
|turn|8
|
|detailschange|p1a: Salamence|Salamence-Mega, F
|message|Salamence has Mega Evolved into Mega Salamence!
|move|p1a: Salamence|Dragon Dance|p1a: Salamence
|-boost|p1a: Salamence|atk|1
|-boost|p1a: Salamence|spe|1
|move|p2a: Swampert|Roar|p1a: Salamence
|drag|p1a: Dugtrio|Dugtrio, F|212\/212
|
|turn|9
|
|move|p1a: Dugtrio|Screech|p2a: Swampert
|-unboost|p2a: Swampert|def|2
|move|p2a: Swampert|Stealth Rock|p1a: Dugtrio
|-sidestart|p1: OPGGNORE|move: Stealth Rock
|
|turn|10
|
|move|p1a: Dugtrio|Earthquake|p2a: Swampert
|-damage|p2a: Swampert|208\/400
|move|p2a: Swampert|Scald|p1a: Dugtrio
|-supereffective|p1a: Dugtrio
|-enditem|p1a: Dugtrio|Focus Sash
|-damage|p1a: Dugtrio|1\/212
|
|-heal|p2a: Swampert|233\/400|[from] item: Leftovers
|turn|11
|
|move|p1a: Dugtrio|Earthquake|p2a: Swampert
|-damage|p2a: Swampert|50\/400
|move|p2a: Swampert|Roar|p1a: Dugtrio
|drag|p1a: Wobbuffet|Wobbuffet, F|584\/584
|-damage|p1a: Wobbuffet|511\/584|[from] Stealth Rock
|
|-heal|p2a: Swampert|75\/400|[from] item: Leftovers
|-heal|p1a: Wobbuffet|547\/584|[from] item: Leftovers
|turn|12
|
|move|p1a: Wobbuffet|Encore|p2a: Swampert
|-start|p2a: Swampert|Encore
|move|p2a: Swampert|Roar|p1a: Wobbuffet
|drag|p1a: Clefable|Clefable, F|394\/394
|
|-heal|p2a: Swampert|100\/400|[from] item: Leftovers
|turn|13
|
|move|p1a: Clefable|Moonblast|p2a: Swampert
|-damage|p2a: Swampert|0 fnt
|faint|p2a: Swampert
|
|
|switch|p2a: Exploud|Exploud, F|349\/349
|-damage|p2a: Exploud|306\/349|[from] Stealth Rock
|turn|14
|
|switch|p1a: Dugtrio|Dugtrio, F|1\/212
|-damage|p1a: Dugtrio|0 fnt|[from] Stealth Rock
|faint|p1a: Dugtrio
|move|p2a: Exploud|Boomburst|p1: Dugtrio|[notarget]
|-notarget
|
|
|switch|p1a: Wobbuffet|Wobbuffet, F|547\/584
|-damage|p1a: Wobbuffet|474\/584|[from] Stealth Rock
|turn|15
|
|move|p2a: Exploud|Boomburst|p1a: Wobbuffet
|-damage|p1a: Wobbuffet|179\/584
|move|p1a: Wobbuffet|Mirror Coat|p2a: Exploud
|-damage|p2a: Exploud|0 fnt
|faint|p2a: Exploud
|
|-heal|p1a: Wobbuffet|215\/584|[from] item: Leftovers
|
|switch|p2a: Mega Fluff|Altaria, F, shiny|305\/305
|-damage|p2a: Mega Fluff|229\/305|[from] Stealth Rock
|turn|16
|
|detailschange|p2a: Mega Fluff|Altaria-Mega, F, shiny
|message|Altaria has Mega Evolved into Mega Altaria!
|move|p2a: Mega Fluff|Dragon Dance|p2a: Mega Fluff
|-boost|p2a: Mega Fluff|atk|1
|-boost|p2a: Mega Fluff|spe|1
|move|p1a: Wobbuffet|Destiny Bond|p1a: Wobbuffet
|-singlemove|p1a: Wobbuffet|Destiny Bond
|
|-heal|p1a: Wobbuffet|251\/584|[from] item: Leftovers
|turn|17
|
|move|p2a: Mega Fluff|Dragon Dance|p2a: Mega Fluff
|-boost|p2a: Mega Fluff|atk|1
|-boost|p2a: Mega Fluff|spe|1
|move|p1a: Wobbuffet|Encore|p2a: Mega Fluff
|-start|p2a: Mega Fluff|Encore
|
|-heal|p1a: Wobbuffet|287\/584|[from] item: Leftovers
|turn|18
|
|switch|p1a: Salamence|Salamence-Mega, F|394\/394
|-damage|p1a: Salamence|296\/394|[from] Stealth Rock
|move|p2a: Mega Fluff|Dragon Dance|p2a: Mega Fluff
|-boost|p2a: Mega Fluff|atk|1
|-boost|p2a: Mega Fluff|spe|1
|
|turn|19
|
|move|p2a: Mega Fluff|Dragon Dance|p2a: Mega Fluff
|-boost|p2a: Mega Fluff|atk|1
|-boost|p2a: Mega Fluff|spe|1
|move|p1a: Salamence|Return|p2a: Mega Fluff
|-damage|p2a: Mega Fluff|16\/305
|
|turn|20
|
|move|p2a: Mega Fluff|Dragon Dance|p2a: Mega Fluff
|-boost|p2a: Mega Fluff|atk|1
|-boost|p2a: Mega Fluff|spe|1
|move|p1a: Salamence|Return|p2a: Mega Fluff
|-damage|p2a: Mega Fluff|0 fnt
|faint|p2a: Mega Fluff
|
|
|switch|p2a: Sableye|Sableye, F|304\/304
|-damage|p2a: Sableye|266\/304|[from] Stealth Rock
|turn|21
|
|switch|p1a: Clefable|Clefable, F|394\/394
|move|p2a: Sableye|Will-O-Wisp|p1a: Clefable
|-status|p1a: Clefable|brn
|
|-heal|p2a: Sableye|285\/304|[from] item: Leftovers
|turn|22
|
|move|p1a: Clefable|Moonblast|p2a: Sableye
|-crit|p2a: Sableye
|-supereffective|p2a: Sableye
|-damage|p2a: Sableye|3\/304
|-unboost|p2a: Sableye|spa|1
|move|p2a: Sableye|Knock Off|p1a: Clefable
|-resisted|p1a: Clefable
|-damage|p1a: Clefable|356\/394 brn
|-enditem|p1a: Clefable|Leftovers|[from] move: Knock Off|[of] p2a: Sableye
|
|-heal|p2a: Sableye|22\/304|[from] item: Leftovers
|turn|23
|
|move|p1a: Clefable|Moonblast|p2a: Sableye
|-supereffective|p2a: Sableye
|-damage|p2a: Sableye|0 fnt
|faint|p2a: Sableye
|
|
|switch|p2a: Breloom|Breloom, F|261\/261
|-damage|p2a: Breloom|245\/261|[from] Stealth Rock
|turn|24
|c|âOPGGNORE|g
|c|âOPGGNORE|g
|
|move|p2a: Breloom|Rock Tomb|p1a: Clefable
|-damage|p1a: Clefable|266\/394 brn
|-unboost|p1a: Clefable|spe|1
|move|p1a: Clefable|Moonblast|p2a: Breloom
|-supereffective|p2a: Breloom
|-damage|p2a: Breloom|0 fnt
|faint|p2a: Breloom
|
|win|OPGGNORE
|raw|Ladder updating...
|raw|OPGGNORE's rating: 1419 &rarr; <strong>1435<\/strong><br \/>(+16 for winning)
|raw|Black Kids's rating: 1344 &rarr; <strong>1328<\/strong><br \/>(-16 for losing)
|c|âBlack Kids|gg