|join|OPGGNORE
|join|KeepRaving
|player|p1|OPGGNORE|102
|player|p2|KeepRaving|33
|gametype|singles
|gen|6
|tier|ORAS OU
|rated
|rule|Sleep Clause Mod: Limit one foe put to sleep
|rule|Species Clause: Limit one of each PokÃ©mon
|rule|OHKO Clause: OHKO moves are banned
|rule|Moody Clause: Moody is banned
|rule|Evasion Moves Clause: Evasion moves are banned
|rule|Endless Battle Clause: Forcing endless battles is banned
|rule|HP Percentage Mod: HP is shown in percentages
|clearpoke
|poke|p1|Diancie
|poke|p1|Keldeo
|poke|p1|Skarmory, F
|poke|p1|Landorus-Therian, M
|poke|p1|Mew, shiny
|poke|p1|Crawdaunt, F
|poke|p2|Azelf, shiny
|poke|p2|Garchomp, M
|poke|p2|Rotom-Wash
|poke|p2|Gengar, F, shiny
|poke|p2|Heatran, M
|poke|p2|Gallade, M
|rule|Swagger Clause: Swagger is banned
|rule|Baton Pass Clause: Limit one PokÃ©mon knowing Baton Pass
|teampreview
|
|start
|switch|p1a: Diancie|Diancie|241\/241
|switch|p2a: Mystogon|Rotom-Wash|242\/242
|turn|1
|
|detailschange|p1a: Diancie|Diancie-Mega
|message|Diancie has Mega Evolved into Mega Diancie!
|move|p2a: Mystogon|Volt Switch|p1a: Diancie
|-damage|p1a: Diancie|138\/241
|
|switch|p2a: Heatran|Heatran, M|324\/324
|-item|p2a: Heatran|Air Balloon
|move|p1a: Diancie|Diamond Storm|p2a: Heatran
|-damage|p2a: Heatran|164\/324
|-enditem|p2a: Heatran|Air Balloon
|
|turn|2
|
|move|p1a: Diancie|Earth Power|p2a: Heatran
|-supereffective|p2a: Heatran
|-damage|p2a: Heatran|0 fnt
|faint|p2a: Heatran
|
|
|switch|p2a: Gallade|Gallade, M|277\/277
|turn|3
|
|switch|p1a: Skarmory|Skarmory, F|334\/334
|detailschange|p2a: Gallade|Gallade-Mega, M
|message|Gallade has Mega Evolved into Mega Gallade!
|move|p2a: Gallade|Drain Punch|p1a: Skarmory
|-damage|p1a: Skarmory|240\/334
|-damage|p2a: Gallade|231\/277|[from] item: Rocky Helmet|[of] p1a: Skarmory
|
|turn|4
|
|switch|p2a: Mystogon|Rotom-Wash|242\/242
|move|p1a: Skarmory|Stealth Rock|p2a: Mystogon
|-sidestart|p2: KeepRaving|move: Stealth Rock
|
|turn|5
|
|switch|p1a: Landorus-Therian|Landorus-Therian, M|320\/320
|-ability|p1a: Landorus-Therian|Intimidate|[of] p2a: Mystogon
|-unboost|p2a: Mystogon|atk|1
|move|p2a: Mystogon|Hydro Pump|p1a: Landorus-Therian
|-supereffective|p1a: Landorus-Therian
|-damage|p1a: Landorus-Therian|0 fnt
|faint|p1a: Landorus-Therian
|
|
|switch|p1a: Crawdaunt|Crawdaunt, F|267\/267
|turn|6
|
|switch|p2a: Natsu|Garchomp, M|358\/358
|-damage|p2a: Natsu|336\/358|[from] Stealth Rock
|move|p1a: Crawdaunt|Knock Off|p2a: Natsu
|-damage|p2a: Natsu|37\/358
|-damage|p1a: Crawdaunt|234\/267|[from] ability: Rough Skin|[of] p2a: Natsu
|-enditem|p2a: Natsu|Yache Berry|[from] move: Knock Off|[of] p1a: Crawdaunt
|-damage|p1a: Crawdaunt|208\/267|[from] item: Life Orb
|
|turn|7
|
|move|p1a: Crawdaunt|Aqua Jet|p2a: Natsu
|-damage|p2a: Natsu|0 fnt
|-damage|p1a: Crawdaunt|175\/267|[from] ability: Rough Skin|[of] p2a: Natsu
|-damage|p1a: Crawdaunt|149\/267|[from] item: Life Orb
|faint|p2a: Natsu
|
|
|switch|p2a: Gallade|Gallade-Mega, M|231\/277
|-damage|p2a: Gallade|214\/277|[from] Stealth Rock
|turn|8
|
|switch|p1a: Skarmory|Skarmory, F|240\/334
|move|p2a: Gallade|Drain Punch|p1a: Skarmory
|-damage|p1a: Skarmory|153\/334
|-heal|p2a: Gallade|258\/277|[from] drain|[of] p1a: Skarmory
|-damage|p2a: Gallade|212\/277|[from] item: Rocky Helmet|[of] p1a: Skarmory
|
|turn|9
|
|move|p2a: Gallade|Swords Dance|p2a: Gallade
|-boost|p2a: Gallade|atk|2
|move|p1a: Skarmory|Whirlwind|p2a: Gallade
|drag|p2a: Mystogon|Rotom-Wash|242\/242
|-damage|p2a: Mystogon|212\/242|[from] Stealth Rock
|
|turn|10
|
|move|p2a: Mystogon|Thunderbolt|p1a: Skarmory
|-supereffective|p1a: Skarmory
|-damage|p1a: Skarmory|0 fnt
|faint|p1a: Skarmory
|
|
|switch|p1a: Mew|Mew, shiny|404\/404
|turn|11
|
|move|p2a: Mystogon|Thunderbolt|p1a: Mew
|-damage|p1a: Mew|287\/404
|move|p1a: Mew|Will-O-Wisp|p2a: Mystogon
|-status|p2a: Mystogon|brn
|
|-heal|p1a: Mew|312\/404|[from] item: Leftovers
|-damage|p2a: Mystogon|182\/242 brn|[from] brn
|turn|12
|
|switch|p2a: Shido|Azelf, shiny|292\/292
|-damage|p2a: Shido|256\/292|[from] Stealth Rock
|move|p1a: Mew|Will-O-Wisp|p2a: Shido
|-status|p2a: Shido|brn
|
|-heal|p1a: Mew|337\/404|[from] item: Leftovers
|-damage|p2a: Shido|220\/292 brn|[from] brn
|turn|13
|
|switch|p1a: Diancie|Diancie-Mega|138\/241
|move|p2a: Shido|Fire Blast|p1a: Diancie
|-resisted|p1a: Diancie
|-damage|p1a: Diancie|67\/241
|-damage|p2a: Shido|191\/292 brn|[from] item: Life Orb
|
|-damage|p2a: Shido|155\/292 brn|[from] brn
|turn|14
|
|switch|p1a: Mew|Mew, shiny|337\/404
|move|p2a: Shido|Energy Ball|p1a: Mew
|-damage|p1a: Mew|232\/404
|-damage|p2a: Shido|126\/292 brn|[from] item: Life Orb
|
|-heal|p1a: Mew|257\/404|[from] item: Leftovers
|-damage|p2a: Shido|90\/292 brn|[from] brn
|turn|15
|
|move|p2a: Shido|U-turn|p1a: Mew
|-supereffective|p1a: Mew
|-damage|p1a: Mew|179\/404
|-damage|p2a: Shido|61\/292 brn|[from] item: Life Orb
|
|switch|p2a: Mystogon|Rotom-Wash|182\/242 brn
|-damage|p2a: Mystogon|152\/242 brn|[from] Stealth Rock
|move|p1a: Mew|Roost|p1a: Mew
|-heal|p1a: Mew|381\/404
|
|-heal|p1a: Mew|404\/404|[from] item: Leftovers
|-damage|p2a: Mystogon|122\/242 brn|[from] brn
|turn|16
|
|switch|p1a: Diancie|Diancie-Mega|67\/241
|move|p2a: Mystogon|Volt Switch|p1a: Diancie
|-damage|p1a: Diancie|0 fnt
|faint|p1a: Diancie
|
|switch|p2a: Scary Lucy|Gengar, F, shiny|261\/261
|-damage|p2a: Scary Lucy|229\/261|[from] Stealth Rock
|
|-heal|p2a: Scary Lucy|245\/261|[from] item: Black Sludge
|
|switch|p1a: Keldeo|Keldeo|324\/324
|turn|17
|
|move|p2a: Scary Lucy|Shadow Ball|p1a: Keldeo
|-damage|p1a: Keldeo|180\/324
|move|p1a: Keldeo|Scald|p2a: Scary Lucy
|-damage|p2a: Scary Lucy|58\/261
|-status|p2a: Scary Lucy|brn
|
|-heal|p2a: Scary Lucy|74\/261 brn|[from] item: Black Sludge
|-heal|p1a: Keldeo|200\/324|[from] item: Leftovers
|-damage|p2a: Scary Lucy|42\/261 brn|[from] brn
|turn|18
|
|move|p2a: Scary Lucy|Will-O-Wisp|p1a: Keldeo|[miss]
|-miss|p2a: Scary Lucy|p1a: Keldeo
|move|p1a: Keldeo|Scald|p2a: Scary Lucy
|-damage|p2a: Scary Lucy|0 fnt
|faint|p2a: Scary Lucy
|
|-heal|p1a: Keldeo|220\/324|[from] item: Leftovers
|
|switch|p2a: Mystogon|Rotom-Wash|122\/242 brn
|-damage|p2a: Mystogon|92\/242 brn|[from] Stealth Rock
|turn|19
|
|switch|p1a: Mew|Mew, shiny|404\/404
|move|p2a: Mystogon|Thunderbolt|p1a: Mew
|-damage|p1a: Mew|289\/404
|
|-heal|p1a: Mew|314\/404|[from] item: Leftovers
|-damage|p2a: Mystogon|62\/242 brn|[from] brn
|turn|20
|
|move|p2a: Mystogon|Thunderbolt|p1a: Mew
|-damage|p1a: Mew|212\/404
|move|p1a: Mew|Roost|p1a: Mew
|-heal|p1a: Mew|404\/404
|
|-damage|p2a: Mystogon|32\/242 brn|[from] brn
|turn|21
|
|move|p2a: Mystogon|Thunderbolt|p1a: Mew
|-damage|p1a: Mew|286\/404
|-status|p1a: Mew|par
|move|p1a: Mew|Knock Off|p2a: Mystogon
|-damage|p2a: Mystogon|0 fnt
|-enditem|p2a: Mystogon|Choice Scarf|[from] move: Knock Off|[of] p1a: Mew
|faint|p2a: Mystogon
|
|-heal|p1a: Mew|311\/404 par|[from] item: Leftovers
|
|switch|p2a: Gallade|Gallade-Mega, M|212\/277
|-damage|p2a: Gallade|195\/277|[from] Stealth Rock
|turn|22
|
|move|p2a: Gallade|Swords Dance|p2a: Gallade
|-boost|p2a: Gallade|atk|2
|cant|p1a: Mew|par
|
|-heal|p1a: Mew|336\/404 par|[from] item: Leftovers
|turn|23
|c|âOPGGNORE|wow
|c|âOPGGNORE|gg
|
|move|p2a: Gallade|Shadow Sneak|p1a: Mew
|-supereffective|p1a: Mew
|-damage|p1a: Mew|126\/404 par
|move|p1a: Mew|Will-O-Wisp|p2a: Gallade|[miss]
|-miss|p1a: Mew|p2a: Gallade
|
|-heal|p1a: Mew|151\/404 par|[from] item: Leftovers
|turn|24
|c|âOPGGNORE|wtf
|
|move|p2a: Gallade|Shadow Sneak|p1a: Mew
|-supereffective|p1a: Mew
|-damage|p1a: Mew|0 fnt
|faint|p1a: Mew
|
|
|switch|p1a: Keldeo|Keldeo|220\/324
|turn|25
|
|move|p2a: Gallade|Zen Headbutt|p1a: Keldeo
|-supereffective|p1a: Keldeo
|-damage|p1a: Keldeo|0 fnt
|faint|p1a: Keldeo
|
|
|switch|p1a: Crawdaunt|Crawdaunt, F|149\/267
|turn|26
|c|âKeepRaving|lol
|
|move|p1a: Crawdaunt|Aqua Jet|p2a: Gallade
|-crit|p2a: Gallade
|-damage|p2a: Gallade|0 fnt
|-damage|p1a: Crawdaunt|123\/267|[from] item: Life Orb
|faint|p2a: Gallade
|
|c|âOPGGNORE|lucky n bad
|
|switch|p2a: Shido|Azelf, shiny|61\/292 brn
|-damage|p2a: Shido|25\/292 brn|[from] Stealth Rock
|turn|27
|c|âOPGGNORE|lol
|
|move|p1a: Crawdaunt|Aqua Jet|p2a: Shido
|-damage|p2a: Shido|0 fnt
|-damage|p1a: Crawdaunt|97\/267|[from] item: Life Orb
|faint|p2a: Shido
|
|win|OPGGNORE
|raw|Ladder updating...
|raw|OPGGNORE's rating: 1292 &rarr; <strong>1321<\/strong><br \/>(+29 for winning)
|raw|KeepRaving's rating: 1350 &rarr; <strong>1327<\/strong><br \/>(-23 for losing)
|c|âKeepRaving|gg
|c|âOPGGNORE|gg nub