|join|OPGGNORE
|join|ggbeforetime
|player|p1|OPGGNORE|169
|player|p2|ggbeforetime|165
|gametype|singles
|gen|6
|tier|ORAS OU
|rated
|rule|Sleep Clause Mod: Limit one foe put to sleep
|rule|Species Clause: Limit one of each PokÃ©mon
|rule|OHKO Clause: OHKO moves are banned
|rule|Moody Clause: Moody is banned
|rule|Evasion Moves Clause: Evasion moves are banned
|rule|Endless Battle Clause: Forcing endless battles is banned
|rule|HP Percentage Mod: HP is shown in percentages
|clearpoke
|poke|p1|Pidgeot, M
|poke|p1|Mandibuzz, F
|poke|p1|Chansey, F
|poke|p1|Terrakion
|poke|p1|Talonflame, M
|poke|p1|Raikou
|poke|p2|Sceptile, M
|poke|p2|Greninja, M
|poke|p2|Excadrill, M
|poke|p2|Talonflame, M
|poke|p2|Slowbro, M
|poke|p2|Clefable, F
|rule|Swagger Clause: Swagger is banned
|rule|Baton Pass Clause: Limit one PokÃ©mon knowing Baton Pass
|teampreview
|
|start
|switch|p1a: Chansey|Chansey, F|704\/704
|switch|p2a: Sailor Moon|Clefable, F|394\/394
|turn|1
|
|move|p2a: Sailor Moon|Stealth Rock|p1a: Chansey
|-sidestart|p1: OPGGNORE|move: Stealth Rock
|move|p1a: Chansey|Thunder Wave|p2a: Sailor Moon
|-status|p2a: Sailor Moon|par
|
|turn|2
|
|switch|p2a: Barry|Excadrill, M|362\/362
|-ability|p2a: Barry|Mold Breaker
|move|p1a: Chansey|Seismic Toss|p2a: Barry
|-damage|p2a: Barry|262\/362
|
|turn|3
|
|switch|p1a: Mandibuzz|Mandibuzz, F|424\/424
|-damage|p1a: Mandibuzz|318\/424|[from] Stealth Rock
|move|p2a: Barry|Iron Head|p1a: Mandibuzz
|-damage|p1a: Mandibuzz|210\/424
|
|-heal|p1a: Mandibuzz|236\/424|[from] item: Leftovers
|turn|4
|
|move|p2a: Barry|Iron Head|p1a: Mandibuzz
|-damage|p1a: Mandibuzz|139\/424
|move|p1a: Mandibuzz|Knock Off|p2a: Barry
|-damage|p2a: Barry|147\/362
|-enditem|p2a: Barry|Choice Scarf|[from] move: Knock Off|[of] p1a: Mandibuzz
|
|-heal|p1a: Mandibuzz|165\/424|[from] item: Leftovers
|turn|5
|
|move|p2a: Barry|Rock Slide|p1a: Mandibuzz
|-supereffective|p1a: Mandibuzz
|-damage|p1a: Mandibuzz|45\/424
|cant|p1a: Mandibuzz|flinch
|
|-heal|p1a: Mandibuzz|71\/424|[from] item: Leftovers
|turn|6
|c|âOPGGNORE|nah
|c|âOPGGNORE|bs
|
|move|p2a: Barry|Iron Head|p1a: Mandibuzz
|-damage|p1a: Mandibuzz|0 fnt
|faint|p1a: Mandibuzz
|
|
|switch|p1a: Pidgeot|Pidgeot, M|307\/307
|-damage|p1a: Pidgeot|231\/307|[from] Stealth Rock
|turn|7
|c|âOPGGNORE|won by hax
|
|switch|p2a: Ay meng|Slowbro, M|394\/394
|detailschange|p1a: Pidgeot|Pidgeot-Mega, M
|message|Pidgeot has Mega Evolved into Mega Pidgeot!
|move|p1a: Pidgeot|Heat Wave|p2a: Ay meng
|-resisted|p2a: Ay meng
|-damage|p2a: Ay meng|351\/394
|
|turn|8
|
|move|p1a: Pidgeot|Hurricane|p2a: Ay meng
|-damage|p2a: Ay meng|192\/394
|move|p2a: Ay meng|Psyshock|p1a: Pidgeot
|-crit|p1a: Pidgeot
|-damage|p1a: Pidgeot|20\/307
|
|turn|9
|c|âOPGGNORE|hack some more pls
|c|âggbeforetime|cry moar
|
|move|p1a: Pidgeot|Hurricane|p2a: Ay meng
|-damage|p2a: Ay meng|21\/394
|move|p2a: Ay meng|Ice Beam|p1a: Pidgeot
|-supereffective|p1a: Pidgeot
|-damage|p1a: Pidgeot|0 fnt
|faint|p1a: Pidgeot
|
|c|âOPGGNORE|whoahhhhhh
|c|âOPGGNORE|no need to be rude 
|c|âggbeforetime|lmao
|
|switch|p1a: Raikou|Raikou|322\/322
|-damage|p1a: Raikou|282\/322|[from] Stealth Rock
|-ability|p1a: Raikou|Pressure
|turn|10
|
|switch|p2a: Sailor Moon|Clefable, F|394\/394 par
|move|p1a: Raikou|Calm Mind|p1a: Raikou
|-boost|p1a: Raikou|spa|1
|-boost|p1a: Raikou|spd|1
|
|-heal|p1a: Raikou|302\/322|[from] item: Leftovers
|turn|11
|c|âOPGGNORE|was so funny?
|
|move|p1a: Raikou|Calm Mind|p1a: Raikou
|-boost|p1a: Raikou|spa|1
|-boost|p1a: Raikou|spd|1
|move|p2a: Sailor Moon|Moonblast|p1a: Raikou
|-damage|p1a: Raikou|248\/322
|
|-heal|p1a: Raikou|268\/322|[from] item: Leftovers
|turn|12
|
|move|p1a: Raikou|Thunderbolt|p2a: Sailor Moon
|-damage|p2a: Sailor Moon|61\/394 par
|move|p2a: Sailor Moon|Moonblast|p1a: Raikou
|-damage|p1a: Raikou|213\/322
|
|-heal|p1a: Raikou|233\/322|[from] item: Leftovers
|-heal|p2a: Sailor Moon|85\/394 par|[from] item: Leftovers
|turn|13
|
|move|p1a: Raikou|Thunderbolt|p2a: Sailor Moon
|-damage|p2a: Sailor Moon|0 fnt
|faint|p2a: Sailor Moon
|
|-heal|p1a: Raikou|253\/322|[from] item: Leftovers
|
|switch|p2a: Barry|Excadrill, M|147\/362
|-ability|p2a: Barry|Mold Breaker
|turn|14
|
|move|p1a: Raikou|Hidden Power|p2a: Barry
|-damage|p2a: Barry|0 fnt
|faint|p2a: Barry
|
|-heal|p1a: Raikou|273\/322|[from] item: Leftovers
|
|switch|p2a: Captain|Talonflame, M|297\/297
|turn|15
|
|move|p1a: Raikou|Thunderbolt|p2a: Captain
|-supereffective|p2a: Captain
|-damage|p2a: Captain|0 fnt
|faint|p2a: Captain
|
|-heal|p1a: Raikou|293\/322|[from] item: Leftovers
|
|switch|p2a: Freddy|Greninja, M|285\/285
|turn|16
|c|âOPGGNORE|looooooooooooooooooooooooooool
|
|move|p2a: Freddy|Gunk Shot|p1a: Raikou|[miss]
|-start|p2a: Freddy|typechange|Poison|[from] Protean
|-miss|p2a: Freddy|p1a: Raikou
|move|p1a: Raikou|Thunderbolt|p2a: Freddy
|-crit|p2a: Freddy
|-damage|p2a: Freddy|0 fnt
|faint|p2a: Freddy
|
|-heal|p1a: Raikou|313\/322|[from] item: Leftovers
|
|switch|p2a: Rex|Sceptile, M|281\/281
|turn|17
|c|âOPGGNORE|lel
|
|detailschange|p2a: Rex|Sceptile-Mega, M
|message|Sceptile has Mega Evolved into Mega Sceptile!
|move|p2a: Rex|Substitute|p2a: Rex
|-start|p2a: Rex|Substitute
|-damage|p2a: Rex|211\/281
|move|p1a: Raikou|Hidden Power|p2a: Rex
|-supereffective|p2a: Rex
|-end|p2a: Rex|Substitute
|
|-heal|p1a: Raikou|322\/322|[from] item: Leftovers
|turn|18
|c|âOPGGNORE|did you know that my hp ice is 4* effective
|c|âOPGGNORE|against your sceptile
|c|âOPGGNORE|because you're grass dragon
|c|âggbeforetime|>what is scouting
|c|âOPGGNORE|and each one is 2x weak to ice
|c|âOPGGNORE|hence overall sceptile is 4x weak to ice
|c|âOPGGNORE|MATHS
|
|move|p2a: Rex|Earthquake|p1a: Raikou
|-supereffective|p1a: Raikou
|-damage|p1a: Raikou|120\/322
|move|p1a: Raikou|Hidden Power|p2a: Rex
|-supereffective|p2a: Rex
|-damage|p2a: Rex|0 fnt
|faint|p2a: Rex
|
|-heal|p1a: Raikou|140\/322|[from] item: Leftovers
|
|switch|p2a: Ay meng|Slowbro, M|152\/394
|turn|19
|c|âOPGGNORE|gg nub
|-message|ggbeforetime lost due to inactivity.
|
|win|OPGGNORE
|raw|Ladder updating...
|raw|OPGGNORE's rating: 1244 &rarr; <strong>1275<\/strong><br \/>(+31 for winning)
|raw|ggbeforetime's rating: 1342 &rarr; <strong>1316<\/strong><br \/>(-26 for losing)