|join|xavierplata123
|join|opggnore
|player|p1|xavierplata123|144
|player|p2|opggnore|265
|gametype|singles
|gen|6
|tier|ORAS OU
|rated
|rule|Sleep Clause Mod: Limit one foe put to sleep
|rule|Species Clause: Limit one of each PokÃ©mon
|rule|OHKO Clause: OHKO moves are banned
|rule|Moody Clause: Moody is banned
|rule|Evasion Moves Clause: Evasion moves are banned
|rule|Endless Battle Clause: Forcing endless battles is banned
|rule|HP Percentage Mod: HP is shown in percentages
|clearpoke
|poke|p1|Sableye, F
|poke|p1|Ferrothorn, M, shiny
|poke|p1|Sylveon, F, shiny
|poke|p1|Talonflame, F
|poke|p1|Scizor, M
|poke|p1|Azumarill, F, shiny
|poke|p2|Pidgeot, M
|poke|p2|Mandibuzz, F
|poke|p2|Chansey, F
|poke|p2|Terrakion
|poke|p2|Talonflame, M
|poke|p2|Raikou
|rule|Swagger Clause: Swagger is banned
|rule|Baton Pass Clause: Limit one PokÃ©mon knowing Baton Pass
|teampreview
|
|start
|switch|p1a: Sableye|Sableye, F|241\/241
|switch|p2a: Raikou|Raikou|322\/322
|-ability|p2a: Raikou|Pressure
|turn|1
|
|detailschange|p1a: Sableye|Sableye-Mega, F
|message|Sableye has Mega Evolved into Mega Sableye!
|move|p2a: Raikou|Volt Switch|p1a: Sableye
|-damage|p1a: Sableye|165\/241
|join|hrsetse
|
|switch|p2a: Talonflame|Talonflame, M|298\/298
|move|p1a: Sableye|Knock Off|p2a: Talonflame
|-damage|p2a: Talonflame|168\/298
|-enditem|p2a: Talonflame|Sharp Beak|[from] move: Knock Off|[of] p1a: Sableye
|
|turn|2
|
|switch|p1a: Azumarill|Azumarill, F, shiny|379\/379
|move|p2a: Talonflame|Swords Dance|p2a: Talonflame
|-boost|p2a: Talonflame|atk|2
|
|turn|3
|
|move|p2a: Talonflame|Brave Bird|p1a: Azumarill
|-damage|p1a: Azumarill|24\/379
|-damage|p2a: Talonflame|51\/298|[from] recoil|[of] p1a: Azumarill
|move|p1a: Azumarill|Waterfall|p2a: Talonflame
|-supereffective|p2a: Talonflame
|-damage|p2a: Talonflame|0 fnt
|faint|p2a: Talonflame
|
|leave|hrsetse
|
|switch|p2a: Raikou|Raikou|322\/322
|-ability|p2a: Raikou|Pressure
|turn|4
|
|switch|p1a: Sylveon|Sylveon, F, shiny|394\/394
|move|p2a: Raikou|Thunderbolt|p1a: Sylveon
|-damage|p1a: Sylveon|306\/394
|
|-heal|p1a: Sylveon|330\/394|[from] item: Leftovers
|turn|5
|
|move|p2a: Raikou|Calm Mind|p2a: Raikou
|-boost|p2a: Raikou|spa|1
|-boost|p2a: Raikou|spd|1
|move|p1a: Sylveon|Hyper Voice|p2a: Raikou
|-damage|p2a: Raikou|226\/322
|
|-heal|p2a: Raikou|246\/322|[from] item: Leftovers
|-heal|p1a: Sylveon|354\/394|[from] item: Leftovers
|turn|6
|
|move|p2a: Raikou|Thunderbolt|p1a: Sylveon
|-damage|p1a: Sylveon|219\/394
|move|p1a: Sylveon|Toxic|p2a: Raikou
|-status|p2a: Raikou|tox
|
|-heal|p2a: Raikou|266\/322 tox|[from] item: Leftovers
|-heal|p1a: Sylveon|243\/394|[from] item: Leftovers
|-damage|p2a: Raikou|246\/322 tox|[from] psn
|turn|7
|
|move|p1a: Sylveon|Detect|p1a: Sylveon
|-singleturn|p1a: Sylveon|Protect
|move|p2a: Raikou|Volt Switch|p1a: Sylveon
|-activate|p1a: Sylveon|Protect
|
|-heal|p2a: Raikou|266\/322 tox|[from] item: Leftovers
|-heal|p1a: Sylveon|267\/394|[from] item: Leftovers
|-damage|p2a: Raikou|226\/322 tox|[from] psn
|turn|8
|
|move|p2a: Raikou|Volt Switch|p1a: Sylveon
|-damage|p1a: Sylveon|161\/394
|
|switch|p2a: Chansey|Chansey, F|704\/704
|move|p1a: Sylveon|Toxic|p2a: Chansey|[miss]
|-miss|p1a: Sylveon|p2a: Chansey
|
|-heal|p1a: Sylveon|185\/394|[from] item: Leftovers
|turn|9
|
|switch|p1a: Sableye|Sableye-Mega, F|165\/241
|move|p2a: Chansey|Thunder Wave|p1a: Sableye
|move|p1a: Sableye|Thunder Wave|p2a: Chansey|[from]Magic Bounce
|-status|p2a: Chansey|par
|
|turn|10
|
|switch|p2a: Pidgeot|Pidgeot, M|307\/307
|move|p1a: Sableye|Pain Split|p2a: Pidgeot
|-sethp|p2a: Pidgeot|236\/307|p1a: Sableye|236\/241|[from] move: Pain Split
|
|turn|11
|
|switch|p1a: Ferrothorn|Ferrothorn, M, shiny|352\/352
|detailschange|p2a: Pidgeot|Pidgeot-Mega, M
|message|Pidgeot has Mega Evolved into Mega Pidgeot!
|move|p2a: Pidgeot|U-turn|p1a: Ferrothorn
|-damage|p1a: Ferrothorn|326\/352
|-damage|p2a: Pidgeot|198\/307|[from] ability: Iron Barbs|[of] p1a: Ferrothorn
|
|switch|p2a: Terrakion|Terrakion|323\/323
|
|-heal|p1a: Ferrothorn|348\/352|[from] item: Leftovers
|turn|12
|
|move|p1a: Ferrothorn|Protect|p1a: Ferrothorn
|-singleturn|p1a: Ferrothorn|Protect
|move|p2a: Terrakion|Substitute|p2a: Terrakion
|-start|p2a: Terrakion|Substitute
|-damage|p2a: Terrakion|243\/323
|
|-heal|p2a: Terrakion|263\/323|[from] item: Leftovers
|-heal|p1a: Ferrothorn|352\/352|[from] item: Leftovers
|turn|13
|
|move|p2a: Terrakion|Swords Dance|p2a: Terrakion
|-boost|p2a: Terrakion|atk|2
|move|p1a: Ferrothorn|Power Whip|p2a: Terrakion
|-supereffective|p2a: Terrakion
|-end|p2a: Terrakion|Substitute
|
|-heal|p2a: Terrakion|283\/323|[from] item: Leftovers
|turn|14
|
|move|p2a: Terrakion|Substitute|p2a: Terrakion
|-start|p2a: Terrakion|Substitute
|-damage|p2a: Terrakion|203\/323
|move|p1a: Ferrothorn|Power Whip|p2a: Terrakion
|-supereffective|p2a: Terrakion
|-end|p2a: Terrakion|Substitute
|
|-heal|p2a: Terrakion|223\/323|[from] item: Leftovers
|turn|15
|
|move|p2a: Terrakion|Substitute|p2a: Terrakion
|-start|p2a: Terrakion|Substitute
|-damage|p2a: Terrakion|143\/323
|move|p1a: Ferrothorn|Power Whip|p2a: Terrakion
|-supereffective|p2a: Terrakion
|-end|p2a: Terrakion|Substitute
|
|-heal|p2a: Terrakion|163\/323|[from] item: Leftovers
|turn|16
|
|move|p2a: Terrakion|Close Combat|p1a: Ferrothorn
|-supereffective|p1a: Ferrothorn
|-damage|p1a: Ferrothorn|0 fnt
|-damage|p2a: Terrakion|123\/323|[from] ability: Iron Barbs|[of] p1a: Ferrothorn
|-unboost|p2a: Terrakion|def|1
|-unboost|p2a: Terrakion|spd|1
|faint|p1a: Ferrothorn
|
|-heal|p2a: Terrakion|143\/323|[from] item: Leftovers
|
|switch|p1a: Scizor|Scizor, M|344\/344
|turn|17
|
|switch|p2a: Mandibuzz|Mandibuzz, F|424\/424
|move|p1a: Scizor|Bullet Punch|p2a: Mandibuzz
|-damage|p2a: Mandibuzz|307\/424
|
|-heal|p2a: Mandibuzz|333\/424|[from] item: Leftovers
|turn|18
|
|switch|p1a: Azumarill|Azumarill, F, shiny|24\/379
|move|p2a: Mandibuzz|Knock Off|p1a: Azumarill
|-resisted|p1a: Azumarill
|-damage|p1a: Azumarill|0 fnt
|-enditem|p1a: Azumarill|Assault Vest|[from] move: Knock Off|[of] p2a: Mandibuzz
|faint|p1a: Azumarill
|
|-heal|p2a: Mandibuzz|359\/424|[from] item: Leftovers
|
|switch|p1a: Sylveon|Sylveon, F, shiny|185\/394
|turn|19
|
|switch|p2a: Chansey|Chansey, F|704\/704
|move|p1a: Sylveon|Detect|p1a: Sylveon
|-fail|p1a: Sylveon
|
|-heal|p1a: Sylveon|209\/394|[from] item: Leftovers
|turn|20
|
|move|p1a: Sylveon|Psyshock|p2a: Chansey
|-damage|p2a: Chansey|611\/704
|move|p2a: Chansey|Thunder Wave|p1a: Sylveon
|-status|p1a: Sylveon|par
|
|-heal|p1a: Sylveon|233\/394 par|[from] item: Leftovers
|turn|21
|
|cant|p1a: Sylveon|par
|move|p2a: Chansey|Wish|p2a: Chansey
|
|-heal|p1a: Sylveon|257\/394 par|[from] item: Leftovers
|turn|22
|
|switch|p1a: Scizor|Scizor, M|344\/344
|move|p2a: Chansey|Seismic Toss|p1a: Scizor
|-damage|p1a: Scizor|244\/344
|
|-heal|p2a: Chansey|704\/704|[from] move: Wish|[wisher] Chansey
|turn|23
|
|move|p1a: Scizor|Superpower|p2a: Chansey
|-supereffective|p2a: Chansey
|-damage|p2a: Chansey|100\/704
|-unboost|p1a: Scizor|atk|1
|-unboost|p1a: Scizor|def|1
|move|p2a: Chansey|Thunder Wave|p1a: Scizor
|-status|p1a: Scizor|par
|
|turn|24
|
|move|p2a: Chansey|Soft-Boiled|p2a: Chansey
|-heal|p2a: Chansey|452\/704
|move|p1a: Scizor|Superpower|p2a: Chansey
|-supereffective|p2a: Chansey
|-damage|p2a: Chansey|32\/704
|-unboost|p1a: Scizor|atk|1
|-unboost|p1a: Scizor|def|1
|
|turn|25
|
|move|p2a: Chansey|Soft-Boiled|p2a: Chansey
|-heal|p2a: Chansey|384\/704
|move|p1a: Scizor|Superpower|p2a: Chansey
|-supereffective|p2a: Chansey
|-damage|p2a: Chansey|88\/704
|-unboost|p1a: Scizor|atk|1
|-unboost|p1a: Scizor|def|1
|
|turn|26
|
|move|p2a: Chansey|Soft-Boiled|p2a: Chansey
|-heal|p2a: Chansey|440\/704
|move|p1a: Scizor|Superpower|p2a: Chansey
|-supereffective|p2a: Chansey
|-damage|p2a: Chansey|200\/704
|-unboost|p1a: Scizor|atk|1
|-unboost|p1a: Scizor|def|1
|
|turn|27
|
|switch|p1a: Sableye|Sableye-Mega, F|236\/241
|move|p2a: Chansey|Soft-Boiled|p2a: Chansey
|-heal|p2a: Chansey|552\/704
|
|turn|28
|
|switch|p2a: Pidgeot|Pidgeot-Mega, M|198\/307
|move|p1a: Sableye|Will-O-Wisp|p2a: Pidgeot
|-status|p2a: Pidgeot|brn
|
|-damage|p2a: Pidgeot|160\/307 brn|[from] brn
|turn|29
|
|move|p2a: Pidgeot|Hurricane|p1a: Sableye
|-damage|p1a: Sableye|92\/241
|move|p1a: Sableye|Recover|p1a: Sableye
|-heal|p1a: Sableye|213\/241
|
|-damage|p2a: Pidgeot|122\/307 brn|[from] brn
|turn|30
|
|move|p2a: Pidgeot|U-turn|p1a: Sableye
|-damage|p1a: Sableye|198\/241
|
|switch|p2a: Terrakion|Terrakion|143\/323
|move|p1a: Sableye|Recover|p1a: Sableye
|-heal|p1a: Sableye|241\/241
|
|-heal|p2a: Terrakion|163\/323|[from] item: Leftovers
|turn|31
|
|move|p2a: Terrakion|Substitute|p2a: Terrakion
|-start|p2a: Terrakion|Substitute
|-damage|p2a: Terrakion|83\/323
|move|p1a: Sableye|Will-O-Wisp|p2a: Terrakion
|
|-heal|p2a: Terrakion|103\/323|[from] item: Leftovers
|turn|32
|
|switch|p1a: Scizor|Scizor, M|244\/344 par
|move|p2a: Terrakion|Swords Dance|p2a: Terrakion
|-boost|p2a: Terrakion|atk|2
|
|-heal|p2a: Terrakion|123\/323|[from] item: Leftovers
|turn|33
|
|move|p1a: Scizor|Bullet Punch|p2a: Terrakion
|-supereffective|p2a: Terrakion
|-end|p2a: Terrakion|Substitute
|move|p2a: Terrakion|Close Combat|p1a: Scizor
|-damage|p1a: Scizor|0 fnt
|-unboost|p2a: Terrakion|def|1
|-unboost|p2a: Terrakion|spd|1
|faint|p1a: Scizor
|
|-heal|p2a: Terrakion|143\/323|[from] item: Leftovers
|
|switch|p1a: Talonflame|Talonflame, F|298\/298
|turn|34
|
|switch|p2a: Raikou|Raikou|226\/322 tox
|-ability|p2a: Raikou|Pressure
|move|p1a: Talonflame|Brave Bird|p2a: Raikou
|-crit|p2a: Raikou
|-resisted|p2a: Raikou
|-damage|p2a: Raikou|33\/322 tox
|-damage|p1a: Talonflame|234\/298|[from] recoil|[of] p2a: Raikou
|
|-heal|p2a: Raikou|53\/322 tox|[from] item: Leftovers
|-damage|p2a: Raikou|33\/322 tox|[from] psn
|turn|35
|c|âopggnore|niccceeee
|
|move|p1a: Talonflame|U-turn|p2a: Raikou
|-damage|p2a: Raikou|0 fnt
|faint|p2a: Raikou
|
|switch|p1a: Sylveon|Sylveon, F, shiny|257\/394 par
|
|-heal|p1a: Sylveon|281\/394 par|[from] item: Leftovers
|
|switch|p2a: Terrakion|Terrakion|143\/323
|turn|36
|
|move|p1a: Sylveon|Detect|p1a: Sylveon
|-singleturn|p1a: Sylveon|Protect
|move|p2a: Terrakion|Stone Edge|p1a: Sylveon
|-activate|p1a: Sylveon|Protect
|
|-heal|p2a: Terrakion|163\/323|[from] item: Leftovers
|-heal|p1a: Sylveon|305\/394 par|[from] item: Leftovers
|turn|37
|
|switch|p2a: Chansey|Chansey, F|552\/704
|move|p1a: Sylveon|Hyper Voice|p2a: Chansey
|-damage|p2a: Chansey|465\/704
|
|-heal|p1a: Sylveon|329\/394 par|[from] item: Leftovers
|turn|38
|
|switch|p1a: Sableye|Sableye-Mega, F|241\/241
|move|p2a: Chansey|Wish|p2a: Chansey
|
|turn|39
|
|switch|p2a: Pidgeot|Pidgeot-Mega, M|122\/307 brn
|move|p1a: Sableye|Knock Off|p2a: Pidgeot
|-damage|p2a: Pidgeot|35\/307 brn
|
|-heal|p2a: Pidgeot|307\/307 brn|[from] move: Wish|[wisher] Chansey
|-damage|p2a: Pidgeot|269\/307 brn|[from] brn
|turn|40
|
|move|p2a: Pidgeot|U-turn|p1a: Sableye
|-damage|p1a: Sableye|226\/241
|
|switch|p2a: Chansey|Chansey, F|465\/704
|move|p1a: Sableye|Recover|p1a: Sableye
|-heal|p1a: Sableye|241\/241
|
|turn|41
|
|move|p2a: Chansey|Wish|p2a: Chansey
|move|p1a: Sableye|Knock Off|p2a: Chansey
|-crit|p2a: Chansey
|-damage|p2a: Chansey|278\/704
|-enditem|p2a: Chansey|Eviolite|[from] move: Knock Off|[of] p1a: Sableye
|
|turn|42
|
|move|p2a: Chansey|Soft-Boiled|p2a: Chansey
|-heal|p2a: Chansey|630\/704
|move|p1a: Sableye|Knock Off|p2a: Chansey
|-damage|p2a: Chansey|503\/704
|
|-heal|p2a: Chansey|704\/704|[from] move: Wish|[wisher] Chansey
|turn|43
|
|switch|p1a: Talonflame|Talonflame, F|234\/298
|move|p2a: Chansey|Wish|p2a: Chansey
|
|turn|44
|
|move|p1a: Talonflame|Brave Bird|p2a: Chansey
|-damage|p2a: Chansey|317\/704
|-damage|p1a: Talonflame|106\/298|[from] recoil|[of] p2a: Chansey
|move|p2a: Chansey|Seismic Toss|p1a: Talonflame
|-damage|p1a: Talonflame|6\/298
|
|-heal|p2a: Chansey|669\/704|[from] move: Wish|[wisher] Chansey
|turn|45
|
|move|p1a: Talonflame|Brave Bird|p2a: Chansey
|-damage|p2a: Chansey|285\/704
|-damage|p1a: Talonflame|0 fnt|[from] recoil|[of] p2a: Chansey
|faint|p1a: Talonflame
|move|p2a: Chansey|Wish|p2a: Chansey
|
|
|switch|p1a: Sableye|Sableye-Mega, F|241\/241
|turn|46
|
|move|p2a: Chansey|Soft-Boiled|p2a: Chansey
|-heal|p2a: Chansey|637\/704
|move|p1a: Sableye|Will-O-Wisp|p2a: Chansey|[miss]
|-miss|p1a: Sableye|p2a: Chansey
|
|-heal|p2a: Chansey|704\/704|[from] move: Wish|[wisher] Chansey
|turn|47
|
|switch|p2a: Pidgeot|Pidgeot-Mega, M|269\/307 brn
|move|p1a: Sableye|Will-O-Wisp|p2a: Pidgeot
|-fail|p2a: Pidgeot|brn
|
|-damage|p2a: Pidgeot|231\/307 brn|[from] brn
|turn|48
|
|move|p2a: Pidgeot|Hurricane|p1a: Sableye
|-damage|p1a: Sableye|97\/241
|-start|p1a: Sableye|confusion
|-activate|p1a: Sableye|confusion
|move|p1a: Sableye|Knock Off|p2a: Pidgeot
|-damage|p2a: Pidgeot|143\/307 brn
|
|-damage|p2a: Pidgeot|105\/307 brn|[from] brn
|turn|49
|
|switch|p1a: Sylveon|Sylveon, F, shiny|329\/394 par
|move|p2a: Pidgeot|Hurricane|p1a: Sylveon
|-damage|p1a: Sylveon|214\/394 par
|
|-heal|p1a: Sylveon|238\/394 par|[from] item: Leftovers
|-damage|p2a: Pidgeot|67\/307 brn|[from] brn
|turn|50
|
|switch|p2a: Chansey|Chansey, F|704\/704
|move|p1a: Sylveon|Detect|p1a: Sylveon
|-fail|p1a: Sylveon
|
|-heal|p1a: Sylveon|262\/394 par|[from] item: Leftovers
|turn|51
|
|move|p2a: Chansey|Wish|p2a: Chansey
|move|p1a: Sylveon|Hyper Voice|p2a: Chansey
|-damage|p2a: Chansey|553\/704
|
|-heal|p1a: Sylveon|286\/394 par|[from] item: Leftovers
|turn|52
|
|move|p2a: Chansey|Seismic Toss|p1a: Sylveon
|-damage|p1a: Sylveon|186\/394 par
|move|p1a: Sylveon|Hyper Voice|p2a: Chansey
|-damage|p2a: Chansey|411\/704
|
|-heal|p2a: Chansey|704\/704|[from] move: Wish|[wisher] Chansey
|-heal|p1a: Sylveon|210\/394 par|[from] item: Leftovers
|turn|53
|
|switch|p2a: Mandibuzz|Mandibuzz, F|359\/424
|move|p1a: Sylveon|Hyper Voice|p2a: Mandibuzz
|-supereffective|p2a: Mandibuzz
|-damage|p2a: Mandibuzz|53\/424
|
|-heal|p2a: Mandibuzz|79\/424|[from] item: Leftovers
|-heal|p1a: Sylveon|234\/394 par|[from] item: Leftovers
|turn|54
|
|move|p2a: Mandibuzz|Knock Off|p1a: Sylveon
|-resisted|p1a: Sylveon
|-damage|p1a: Sylveon|182\/394 par
|-enditem|p1a: Sylveon|Leftovers|[from] move: Knock Off|[of] p2a: Mandibuzz
|move|p1a: Sylveon|Hyper Voice|p2a: Mandibuzz
|-supereffective|p2a: Mandibuzz
|-damage|p2a: Mandibuzz|0 fnt
|faint|p2a: Mandibuzz
|
|
|switch|p2a: Pidgeot|Pidgeot-Mega, M|67\/307 brn
|turn|55
|
|move|p2a: Pidgeot|Hurricane|p1a: Sylveon
|-damage|p1a: Sylveon|59\/394 par
|-start|p1a: Sylveon|confusion
|-activate|p1a: Sylveon|confusion
|-damage|p1a: Sylveon|30\/394 par|[from] confusion
|
|-damage|p2a: Pidgeot|29\/307 brn|[from] brn
|turn|56
|
|switch|p2a: Chansey|Chansey, F|704\/704
|cant|p1a: Sylveon|par
|
|turn|57
|
|move|p2a: Chansey|Seismic Toss|p1a: Sylveon
|-damage|p1a: Sylveon|0 fnt
|faint|p1a: Sylveon
|
|
|switch|p1a: Sableye|Sableye-Mega, F|97\/241
|turn|58
|
|move|p2a: Chansey|Wish|p2a: Chansey
|move|p1a: Sableye|Recover|p1a: Sableye
|-heal|p1a: Sableye|218\/241
|
|turn|59
|
|switch|p2a: Pidgeot|Pidgeot-Mega, M|29\/307 brn
|move|p1a: Sableye|Recover|p1a: Sableye
|-heal|p1a: Sableye|241\/241
|
|-heal|p2a: Pidgeot|307\/307 brn|[from] move: Wish|[wisher] Chansey
|-damage|p2a: Pidgeot|269\/307 brn|[from] brn
|turn|60
|
|move|p2a: Pidgeot|Hurricane|p1a: Sableye
|-damage|p1a: Sableye|93\/241
|move|p1a: Sableye|Knock Off|p2a: Pidgeot
|-damage|p2a: Pidgeot|176\/307 brn
|
|-damage|p2a: Pidgeot|138\/307 brn|[from] brn
|turn|61
|
|move|p2a: Pidgeot|Heat Wave|p1a: Sableye
|-damage|p1a: Sableye|11\/241
|move|p1a: Sableye|Knock Off|p2a: Pidgeot
|-damage|p2a: Pidgeot|48\/307 brn
|
|-damage|p2a: Pidgeot|10\/307 brn|[from] brn
|turn|62
|
|move|p2a: Pidgeot|Hurricane|p1a: Sableye
|-damage|p1a: Sableye|0 fnt
|faint|p1a: Sableye
|
|win|opggnore
|raw|Ladder updating...
|raw|xavierplata123's rating: 1111 &rarr; <strong>1088<\/strong><br \/>(-23 for losing)
|raw|opggnore's rating: 1138 &rarr; <strong>1161<\/strong><br \/>(+23 for winning)