|join|opggnore
|join|kuhb
|player|p1|opggnore|102
|player|p2|kuhb|2
|gametype|singles
|gen|6
|tier|ORAS OU
|rated
|rule|Sleep Clause Mod: Limit one foe put to sleep
|rule|Species Clause: Limit one of each PokÃ©mon
|rule|OHKO Clause: OHKO moves are banned
|rule|Moody Clause: Moody is banned
|rule|Evasion Moves Clause: Evasion moves are banned
|rule|Endless Battle Clause: Forcing endless battles is banned
|rule|HP Percentage Mod: HP is shown in percentages
|clearpoke
|poke|p1|Sableye, M
|poke|p1|Greninja, M
|poke|p1|Chansey, F
|poke|p1|Skarmory, M
|poke|p1|Klefki, M
|poke|p1|Bisharp, F
|poke|p2|Landorus-Therian, M
|poke|p2|Greninja, M
|poke|p2|Magnezone
|poke|p2|Latios, M
|poke|p2|Ferrothorn, F
|poke|p2|Salamence, M
|rule|Swagger Clause: Swagger is banned
|rule|Baton Pass Clause: Limit one PokÃ©mon knowing Baton Pass
|teampreview
|
|start
|switch|p1a: Sableye|Sableye, M|304\/304
|switch|p2a: Ferrothorn|Ferrothorn, F|352\/352
|turn|1
|
|detailschange|p1a: Sableye|Sableye-Mega, M
|message|Sableye has Mega Evolved into Mega Sableye!
|move|p1a: Sableye|Will-O-Wisp|p2a: Ferrothorn
|-status|p2a: Ferrothorn|brn
|move|p2a: Ferrothorn|Gyro Ball|p1a: Sableye
|-damage|p1a: Sableye|288\/304
|
|-damage|p2a: Ferrothorn|308\/352 brn|[from] brn
|turn|2
|
|switch|p2a: Salamence|Salamence, M|393\/393
|-ability|p2a: Salamence|Intimidate|[of] p1a: Sableye
|-unboost|p1a: Sableye|atk|1
|move|p1a: Sableye|Will-O-Wisp|p2a: Salamence
|-status|p2a: Salamence|brn
|
|-damage|p2a: Salamence|344\/393 brn|[from] brn
|turn|3
|
|switch|p1a: Skarmory|Skarmory, M|334\/334
|detailschange|p2a: Salamence|Salamence-Mega, M
|message|Salamence has Mega Evolved into Mega Salamence!
|move|p2a: Salamence|Dragon Dance|p2a: Salamence
|-boost|p2a: Salamence|atk|1
|-boost|p2a: Salamence|spe|1
|
|-damage|p2a: Salamence|295\/393 brn|[from] brn
|turn|4
|
|switch|p2a: Magnezone|Magnezone|344\/344
|move|p1a: Skarmory|Stealth Rock|p2a: Magnezone
|-sidestart|p2: kuhb|move: Stealth Rock
|
|turn|5
|
|switch|p1a: Chansey|Chansey, F|704\/704
|move|p2a: Magnezone|Thunderbolt|p1a: Chansey
|-damage|p1a: Chansey|544\/704
|
|turn|6
|
|switch|p2a: Ferrothorn|Ferrothorn, F|308\/352 brn
|-damage|p2a: Ferrothorn|286\/352 brn|[from] Stealth Rock
|move|p1a: Chansey|Wish|p1a: Chansey
|
|-damage|p2a: Ferrothorn|242\/352 brn|[from] brn
|turn|7
|
|switch|p1a: Sableye|Sableye-Mega, M|288\/304
|switch|p2a: Latios|Latios, M|302\/302
|-damage|p2a: Latios|265\/302|[from] Stealth Rock
|
|-heal|p1a: Sableye|304\/304|[from] move: Wish|[wisher] Chansey
|turn|8
|
|switch|p1a: Klefki|Klefki, M|318\/318
|move|p2a: Latios|Draco Meteor|p1a: Klefki
|-immune|p1a: Klefki|[msg]
|
|turn|9
|
|switch|p2a: Magnezone|Magnezone|344\/344
|-damage|p2a: Magnezone|323\/344|[from] Stealth Rock
|move|p1a: Klefki|Switcheroo|p2a: Magnezone
|-activate|p1a: Klefki|move: Trick|[of] p2a: Magnezone
|-item|p2a: Magnezone|Choice Band|[from] Trick
|-item|p1a: Klefki|Choice Specs|[from] Trick
|
|turn|10
|
|move|p1a: Klefki|Spikes|p2a: Magnezone
|-sidestart|p2: kuhb|Spikes
|move|p2a: Magnezone|Thunderbolt|p1a: Klefki
|-damage|p1a: Klefki|123\/318
|
|turn|11
|
|move|p1a: Klefki|Spikes|p2a: Magnezone
|-sidestart|p2: kuhb|Spikes
|move|p2a: Magnezone|Thunderbolt|p1a: Klefki
|-damage|p1a: Klefki|0 fnt
|faint|p1a: Klefki
|
|
|switch|p1a: Sableye|Sableye-Mega, M|304\/304
|turn|12
|
|move|p2a: Magnezone|Thunderbolt|p1a: Sableye
|-damage|p1a: Sableye|150\/304
|move|p1a: Sableye|Calm Mind|p1a: Sableye
|-boost|p1a: Sableye|spa|1
|-boost|p1a: Sableye|spd|1
|
|turn|13
|
|move|p2a: Magnezone|Thunderbolt|p1a: Sableye
|-damage|p1a: Sableye|47\/304
|move|p1a: Sableye|Recover|p1a: Sableye
|-heal|p1a: Sableye|199\/304
|
|turn|14
|
|switch|p2a: Latios|Latios, M|265\/302
|-damage|p2a: Latios|228\/302|[from] Stealth Rock
|move|p1a: Sableye|Recover|p1a: Sableye
|-heal|p1a: Sableye|304\/304
|
|turn|15
|
|move|p2a: Latios|Draco Meteor|p1a: Sableye
|-damage|p1a: Sableye|131\/304
|-unboost|p2a: Latios|spa|2
|-damage|p2a: Latios|198\/302|[from] item: Life Orb
|move|p1a: Sableye|Calm Mind|p1a: Sableye
|-boost|p1a: Sableye|spa|1
|-boost|p1a: Sableye|spd|1
|
|turn|16
|
|move|p2a: Latios|Defog|p1a: Sableye
|move|p1a: Sableye|Defog|p2a: Latios|[from]Magic Bounce
|-unboost|p2a: Latios|evasion|1
|-sideend|p2: kuhb|Spikes|[from] move: Defog|[of] p2a: Latios
|-sideend|p2: kuhb|Stealth Rock|[from] move: Defog|[of] p2a: Latios
|move|p1a: Sableye|Recover|p1a: Sableye
|-heal|p1a: Sableye|283\/304
|
|turn|17
|
|switch|p2a: Landorus-Therian|Landorus-Therian, M|320\/320
|-ability|p2a: Landorus-Therian|Intimidate|[of] p1a: Sableye
|-unboost|p1a: Sableye|atk|1
|move|p1a: Sableye|Shadow Ball|p2a: Landorus-Therian
|-damage|p2a: Landorus-Therian|124\/320
|
|turn|18
|
|move|p2a: Landorus-Therian|Earthquake|p1a: Sableye
|-damage|p1a: Sableye|165\/304
|move|p1a: Sableye|Will-O-Wisp|p2a: Landorus-Therian
|-status|p2a: Landorus-Therian|brn
|
|-damage|p2a: Landorus-Therian|84\/320 brn|[from] brn
|turn|19
|
|move|p2a: Landorus-Therian|Earthquake|p1a: Sableye
|-damage|p1a: Sableye|102\/304
|move|p1a: Sableye|Recover|p1a: Sableye
|-heal|p1a: Sableye|254\/304
|
|-damage|p2a: Landorus-Therian|44\/320 brn|[from] brn
|turn|20
|
|move|p2a: Landorus-Therian|Earthquake|p1a: Sableye
|-damage|p1a: Sableye|197\/304
|move|p1a: Sableye|Calm Mind|p1a: Sableye
|-boost|p1a: Sableye|spa|1
|-boost|p1a: Sableye|spd|1
|
|-damage|p2a: Landorus-Therian|4\/320 brn|[from] brn
|turn|21
|
|move|p2a: Landorus-Therian|Earthquake|p1a: Sableye
|-damage|p1a: Sableye|139\/304
|move|p1a: Sableye|Recover|p1a: Sableye
|-heal|p1a: Sableye|291\/304
|
|-damage|p2a: Landorus-Therian|0 fnt|[from] brn
|faint|p2a: Landorus-Therian
|-message|kuhb forfeited.
|
|win|opggnore
|raw|Ladder updating...
|raw|opggnore's rating: 1474 &rarr; <strong>1489<\/strong><br \/>(+15 for winning)
|raw|kuhb's rating: 1378 &rarr; <strong>1363<\/strong><br \/>(-15 for losing)
|leave|kuhb
|player|p2