|join|AAron 33
|join|opggnore
|player|p1|AAron 33|248
|player|p2|opggnore|266
|gametype|singles
|gen|6
|tier|ORAS OU
|rated
|rule|Sleep Clause Mod: Limit one foe put to sleep
|rule|Species Clause: Limit one of each PokÃ©mon
|rule|OHKO Clause: OHKO moves are banned
|rule|Moody Clause: Moody is banned
|rule|Evasion Moves Clause: Evasion moves are banned
|rule|Endless Battle Clause: Forcing endless battles is banned
|rule|HP Percentage Mod: HP is shown in percentages
|clearpoke
|poke|p1|Slowbro, F, shiny
|poke|p1|Conkeldurr, F
|poke|p1|Landorus-Therian, M
|poke|p1|Latios, M
|poke|p1|Ferrothorn, M
|poke|p1|Greninja, M, shiny
|poke|p2|Sableye, M
|poke|p2|Cresselia, F
|poke|p2|Skarmory, F
|poke|p2|Gothitelle, M
|poke|p2|Chansey, F
|poke|p2|Quagsire, F
|rule|Swagger Clause: Swagger is banned
|rule|Baton Pass Clause: Limit one PokÃ©mon knowing Baton Pass
|teampreview
|
|start
|switch|p1a: Ferrothorn|Ferrothorn, M|352\/352
|switch|p2a: Sableye|Sableye, M|304\/304
|turn|1
|
|detailschange|p2a: Sableye|Sableye-Mega, M
|message|Sableye has Mega Evolved into Mega Sableye!
|move|p2a: Sableye|Calm Mind|p2a: Sableye
|-boost|p2a: Sableye|spa|1
|-boost|p2a: Sableye|spd|1
|move|p1a: Ferrothorn|Power Whip|p2a: Sableye
|-crit|p2a: Sableye
|-damage|p2a: Sableye|132\/304
|
|turn|2
|
|move|p2a: Sableye|Recover|p2a: Sableye
|-heal|p2a: Sableye|284\/304
|move|p1a: Ferrothorn|Power Whip|p2a: Sableye|[miss]
|-miss|p1a: Ferrothorn|p2a: Sableye
|
|turn|3
|
|switch|p1a: Conkeldurr|Conkeldurr, F|414\/414
|move|p2a: Sableye|Calm Mind|p2a: Sableye
|-boost|p2a: Sableye|spa|1
|-boost|p2a: Sableye|spd|1
|
|turn|4
|
|move|p1a: Conkeldurr|Poison Jab|p2a: Sableye
|-resisted|p2a: Sableye
|-damage|p2a: Sableye|250\/304
|move|p2a: Sableye|Calm Mind|p2a: Sableye
|-boost|p2a: Sableye|spa|1
|-boost|p2a: Sableye|spd|1
|
|turn|5
|
|move|p1a: Conkeldurr|Poison Jab|p2a: Sableye
|-resisted|p2a: Sableye
|-damage|p2a: Sableye|218\/304
|move|p2a: Sableye|Shadow Ball|p1a: Conkeldurr
|-damage|p1a: Conkeldurr|236\/414
|
|turn|6
|
|move|p1a: Conkeldurr|Poison Jab|p2a: Sableye
|-resisted|p2a: Sableye
|-damage|p2a: Sableye|184\/304
|move|p2a: Sableye|Shadow Ball|p1a: Conkeldurr
|-damage|p1a: Conkeldurr|40\/414
|
|turn|7
|
|move|p1a: Conkeldurr|Poison Jab|p2a: Sableye
|-resisted|p2a: Sableye
|-damage|p2a: Sableye|147\/304
|move|p2a: Sableye|Recover|p2a: Sableye
|-heal|p2a: Sableye|299\/304
|
|turn|8
|
|move|p1a: Conkeldurr|Poison Jab|p2a: Sableye
|-resisted|p2a: Sableye
|-damage|p2a: Sableye|265\/304
|move|p2a: Sableye|Shadow Ball|p1a: Conkeldurr
|-damage|p1a: Conkeldurr|0 fnt
|faint|p1a: Conkeldurr
|
|
|switch|p1a: Landorus-Therian|Landorus-Therian, M|382\/382
|-ability|p1a: Landorus-Therian|Intimidate|[of] p2a: Sableye
|-unboost|p2a: Sableye|atk|1
|turn|9
|
|move|p1a: Landorus-Therian|Earthquake|p2a: Sableye
|-damage|p2a: Sableye|124\/304
|move|p2a: Sableye|Will-O-Wisp|p1a: Landorus-Therian
|-status|p1a: Landorus-Therian|brn
|
|-damage|p1a: Landorus-Therian|335\/382 brn|[from] brn
|turn|10
|
|move|p1a: Landorus-Therian|Earthquake|p2a: Sableye
|-damage|p2a: Sableye|52\/304
|move|p2a: Sableye|Recover|p2a: Sableye
|-heal|p2a: Sableye|204\/304
|
|-damage|p1a: Landorus-Therian|288\/382 brn|[from] brn
|turn|11
|
|move|p1a: Landorus-Therian|Earthquake|p2a: Sableye
|-damage|p2a: Sableye|141\/304
|move|p2a: Sableye|Recover|p2a: Sableye
|-heal|p2a: Sableye|293\/304
|
|-damage|p1a: Landorus-Therian|241\/382 brn|[from] brn
|turn|12
|
|switch|p1a: Greninja|Greninja, M, shiny|285\/285
|move|p2a: Sableye|Calm Mind|p2a: Sableye
|-boost|p2a: Sableye|spa|1
|-boost|p2a: Sableye|spd|1
|
|turn|13
|
|move|p1a: Greninja|Gunk Shot|p2a: Sableye
|-start|p1a: Greninja|typechange|Poison|[from] Protean
|-resisted|p2a: Sableye
|-damage|p2a: Sableye|254\/304
|-status|p2a: Sableye|psn
|move|p2a: Sableye|Shadow Ball|p1a: Greninja
|-enditem|p1a: Greninja|Focus Sash
|-damage|p1a: Greninja|1\/285
|
|-damage|p2a: Sableye|216\/304 psn|[from] psn
|turn|14
|
|move|p1a: Greninja|Hydro Pump|p2a: Sableye
|-start|p1a: Greninja|typechange|Water|[from] Protean
|-damage|p2a: Sableye|168\/304 psn
|move|p2a: Sableye|Shadow Ball|p1a: Greninja
|-damage|p1a: Greninja|0 fnt
|faint|p1a: Greninja
|
|-damage|p2a: Sableye|130\/304 psn|[from] psn
|
|switch|p1a: Landorus-Therian|Landorus-Therian, M|241\/382 brn
|-ability|p1a: Landorus-Therian|Intimidate|[of] p2a: Sableye
|-unboost|p2a: Sableye|atk|1
|turn|15
|
|move|p1a: Landorus-Therian|Earthquake|p2a: Sableye
|-damage|p2a: Sableye|66\/304 psn
|move|p2a: Sableye|Recover|p2a: Sableye
|-heal|p2a: Sableye|218\/304 psn
|
|-damage|p1a: Landorus-Therian|194\/382 brn|[from] brn
|-damage|p2a: Sableye|180\/304 psn|[from] psn
|turn|16
|
|move|p1a: Landorus-Therian|Earthquake|p2a: Sableye
|-damage|p2a: Sableye|111\/304 psn
|move|p2a: Sableye|Calm Mind|p2a: Sableye
|-boost|p2a: Sableye|spa|1
|-boost|p2a: Sableye|spd|1
|
|-damage|p1a: Landorus-Therian|147\/382 brn|[from] brn
|-damage|p2a: Sableye|73\/304 psn|[from] psn
|turn|17
|
|move|p1a: Landorus-Therian|Earthquake|p2a: Sableye
|-damage|p2a: Sableye|1\/304 psn
|move|p2a: Sableye|Recover|p2a: Sableye
|-heal|p2a: Sableye|153\/304 psn
|
|-damage|p1a: Landorus-Therian|100\/382 brn|[from] brn
|-damage|p2a: Sableye|115\/304 psn|[from] psn
|turn|18
|
|move|p1a: Landorus-Therian|Earthquake|p2a: Sableye
|-damage|p2a: Sableye|46\/304 psn
|move|p2a: Sableye|Recover|p2a: Sableye
|-heal|p2a: Sableye|198\/304 psn
|
|-damage|p1a: Landorus-Therian|53\/382 brn|[from] brn
|-damage|p2a: Sableye|160\/304 psn|[from] psn
|turn|19
|
|move|p1a: Landorus-Therian|Earthquake|p2a: Sableye
|-damage|p2a: Sableye|93\/304 psn
|move|p2a: Sableye|Recover|p2a: Sableye
|-heal|p2a: Sableye|245\/304 psn
|
|-damage|p1a: Landorus-Therian|6\/382 brn|[from] brn
|-damage|p2a: Sableye|207\/304 psn|[from] psn
|turn|20
|
|move|p1a: Landorus-Therian|Earthquake|p2a: Sableye
|-damage|p2a: Sableye|141\/304 psn
|move|p2a: Sableye|Recover|p2a: Sableye
|-heal|p2a: Sableye|293\/304 psn
|
|-damage|p1a: Landorus-Therian|0 fnt|[from] brn
|-damage|p2a: Sableye|255\/304 psn|[from] psn
|faint|p1a: Landorus-Therian
|
|switch|p1a: Ferrothorn|Ferrothorn, M|352\/352
|turn|21
|
|move|p2a: Sableye|Will-O-Wisp|p1a: Ferrothorn
|-status|p1a: Ferrothorn|brn
|-enditem|p1a: Ferrothorn|Lum Berry|[eat]
|-curestatus|p1a: Ferrothorn|brn
|move|p1a: Ferrothorn|Power Whip|p2a: Sableye|[miss]
|-miss|p1a: Ferrothorn|p2a: Sableye
|
|-damage|p2a: Sableye|217\/304 psn|[from] psn
|turn|22
|
|move|p2a: Sableye|Shadow Ball|p1a: Ferrothorn
|-damage|p1a: Ferrothorn|136\/352
|move|p1a: Ferrothorn|Power Whip|p2a: Sableye
|-damage|p2a: Sableye|112\/304 psn
|
|-damage|p2a: Sableye|74\/304 psn|[from] psn
|turn|23
|
|move|p2a: Sableye|Recover|p2a: Sableye
|-heal|p2a: Sableye|226\/304 psn
|move|p1a: Ferrothorn|Power Whip|p2a: Sableye
|-damage|p2a: Sableye|117\/304 psn
|
|-damage|p2a: Sableye|79\/304 psn|[from] psn
|turn|24
|
|move|p2a: Sableye|Recover|p2a: Sableye
|-heal|p2a: Sableye|231\/304 psn
|move|p1a: Ferrothorn|Power Whip|p2a: Sableye
|-damage|p2a: Sableye|119\/304 psn
|
|-damage|p2a: Sableye|81\/304 psn|[from] psn
|turn|25
|
|move|p2a: Sableye|Recover|p2a: Sableye
|-heal|p2a: Sableye|233\/304 psn
|move|p1a: Ferrothorn|Power Whip|p2a: Sableye
|-damage|p2a: Sableye|124\/304 psn
|
|-damage|p2a: Sableye|86\/304 psn|[from] psn
|turn|26
|
|move|p2a: Sableye|Recover|p2a: Sableye
|-heal|p2a: Sableye|238\/304 psn
|move|p1a: Ferrothorn|Power Whip|p2a: Sableye
|-crit|p2a: Sableye
|-damage|p2a: Sableye|85\/304 psn
|
|-damage|p2a: Sableye|47\/304 psn|[from] psn
|turn|27
|
|move|p2a: Sableye|Recover|p2a: Sableye
|-heal|p2a: Sableye|199\/304 psn
|move|p1a: Ferrothorn|Power Whip|p2a: Sableye
|-damage|p2a: Sableye|94\/304 psn
|
|-damage|p2a: Sableye|56\/304 psn|[from] psn
|turn|28
|
|move|p2a: Sableye|Recover|p2a: Sableye
|-heal|p2a: Sableye|208\/304 psn
|move|p1a: Ferrothorn|Power Whip|p2a: Sableye
|-damage|p2a: Sableye|103\/304 psn
|
|-damage|p2a: Sableye|65\/304 psn|[from] psn
|turn|29
|
|move|p2a: Sableye|Recover|p2a: Sableye
|-heal|p2a: Sableye|217\/304 psn
|move|p1a: Ferrothorn|Power Whip|p2a: Sableye|[miss]
|-miss|p1a: Ferrothorn|p2a: Sableye
|
|-damage|p2a: Sableye|179\/304 psn|[from] psn
|turn|30
|
|move|p2a: Sableye|Shadow Ball|p1a: Ferrothorn
|-damage|p1a: Ferrothorn|0 fnt
|faint|p1a: Ferrothorn
|
|-damage|p2a: Sableye|141\/304 psn|[from] psn
|
|switch|p1a: Latios|Latios, M|302\/302
|turn|31
|
|move|p1a: Latios|Draco Meteor|p2a: Sableye
|-damage|p2a: Sableye|71\/304 psn
|-unboost|p1a: Latios|spa|2
|-damage|p1a: Latios|272\/302|[from] item: Life Orb
|move|p2a: Sableye|Shadow Ball|p1a: Latios
|-supereffective|p1a: Latios
|-damage|p1a: Latios|0 fnt
|faint|p1a: Latios
|
|-damage|p2a: Sableye|33\/304 psn|[from] psn
|
|switch|p1a: Slowbro|Slowbro, F, shiny|394\/394
|turn|32
|
|detailschange|p1a: Slowbro|Slowbro-Mega, F, shiny
|message|Slowbro has Mega Evolved into Mega Slowbro!
|move|p1a: Slowbro|Scald|p2a: Sableye
|-damage|p2a: Sableye|3\/304 psn
|move|p2a: Sableye|Shadow Ball|p1a: Slowbro
|-supereffective|p1a: Slowbro
|-damage|p1a: Slowbro|0 fnt
|faint|p1a: Slowbro
|
|win|opggnore
|raw|Ladder updating...