|join|S7R1K3R
|join|OPGGNORE
|player|p1|S7R1K3R|293
|player|p2|OPGGNORE|169
|gametype|singles
|gen|6
|tier|ORAS OU
|rated
|rule|Sleep Clause Mod: Limit one foe put to sleep
|rule|Species Clause: Limit one of each PokÃ©mon
|rule|OHKO Clause: OHKO moves are banned
|rule|Moody Clause: Moody is banned
|rule|Evasion Moves Clause: Evasion moves are banned
|rule|Endless Battle Clause: Forcing endless battles is banned
|rule|HP Percentage Mod: HP is shown in percentages
|clearpoke
|poke|p1|Sceptile, M
|poke|p1|Lucario, M
|poke|p1|Espeon, M
|poke|p1|Milotic, F
|poke|p1|Garchomp, F
|poke|p1|Zapdos
|poke|p2|Diancie
|poke|p2|Keldeo
|poke|p2|Skarmory, F
|poke|p2|Landorus-Therian, M
|poke|p2|Mew, shiny
|poke|p2|Crawdaunt, F
|rule|Swagger Clause: Swagger is banned
|rule|Baton Pass Clause: Limit one PokÃ©mon knowing Baton Pass
|teampreview
|
|start
|switch|p1a: Milotic|Milotic, F|394\/394
|switch|p2a: Diancie|Diancie|241\/241
|turn|1
|
|switch|p2a: Mew|Mew, shiny|395\/395
|move|p1a: Milotic|Scald|p2a: Mew
|-damage|p2a: Mew|319\/395
|
|-heal|p2a: Mew|343\/395|[from] item: Leftovers
|turn|2
|join|Kabuto Yakushi
|
|switch|p1a: Espeon|Espeon, M|272\/272
|move|p2a: Mew|Knock Off|p1a: Espeon
|-supereffective|p1a: Espeon
|-damage|p1a: Espeon|50\/272
|-enditem|p1a: Espeon|Life Orb|[from] move: Knock Off|[of] p2a: Mew
|
|-heal|p2a: Mew|367\/395|[from] item: Leftovers
|turn|3
|
|move|p1a: Espeon|Yawn|p2a: Mew
|-start|p2a: Mew|move: Yawn|[of] p1a: Espeon
|move|p2a: Mew|Knock Off|p1a: Espeon
|-supereffective|p1a: Espeon
|-damage|p1a: Espeon|0 fnt
|faint|p1a: Espeon
|
|-heal|p2a: Mew|391\/395|[from] item: Leftovers
|
|switch|p1a: Sceptile|Sceptile, M|282\/282
|turn|4
|
|switch|p2a: Skarmory|Skarmory, F|334\/334
|detailschange|p1a: Sceptile|Sceptile-Mega, M
|message|Sceptile has Mega Evolved into Mega Sceptile!
|move|p1a: Sceptile|Substitute|p1a: Sceptile
|-start|p1a: Sceptile|Substitute
|-damage|p1a: Sceptile|212\/282
|
|turn|5
|
|move|p1a: Sceptile|Focus Blast|p2a: Skarmory|[miss]
|-miss|p1a: Sceptile|p2a: Skarmory
|move|p2a: Skarmory|Whirlwind|p1a: Sceptile
|drag|p1a: Lucario|Lucario, M|281\/281
|
|turn|6
|
|move|p1a: Lucario|Swords Dance|p1a: Lucario
|-boost|p1a: Lucario|atk|2
|move|p2a: Skarmory|Stealth Rock|p1a: Lucario
|-sidestart|p1: S7R1K3R|move: Stealth Rock
|
|turn|7
|
|move|p1a: Lucario|Close Combat|p2a: Skarmory
|-damage|p2a: Skarmory|38\/334
|-damage|p1a: Lucario|235\/281|[from] item: Rocky Helmet|[of] p2a: Skarmory
|-unboost|p1a: Lucario|def|1
|-unboost|p1a: Lucario|spd|1
|-damage|p1a: Lucario|207\/281|[from] item: Life Orb
|move|p2a: Skarmory|Counter|p1a: Lucario
|-damage|p1a: Lucario|0 fnt
|faint|p1a: Lucario
|
|
|switch|p1a: Sceptile|Sceptile-Mega, M|212\/282
|-damage|p1a: Sceptile|177\/282|[from] Stealth Rock
|turn|8
|
|move|p1a: Sceptile|Dragon Pulse|p2a: Skarmory
|-resisted|p2a: Skarmory
|-damage|p2a: Skarmory|0 fnt
|faint|p2a: Skarmory
|
|
|switch|p2a: Landorus-Therian|Landorus-Therian, M|320\/320
|-ability|p2a: Landorus-Therian|Intimidate|[of] p1a: Sceptile
|-unboost|p1a: Sceptile|atk|1
|turn|9
|
|switch|p1a: Zapdos|Zapdos|384\/384
|-damage|p1a: Zapdos|288\/384|[from] Stealth Rock
|-ability|p1a: Zapdos|Pressure
|move|p2a: Landorus-Therian|U-turn|p1a: Zapdos
|-crit|p1a: Zapdos
|-resisted|p1a: Zapdos
|-damage|p1a: Zapdos|230\/384
|-damage|p2a: Landorus-Therian|267\/320|[from] item: Rocky Helmet|[of] p1a: Zapdos
|
|switch|p2a: Diancie|Diancie|241\/241
|
|turn|10
|
|detailschange|p2a: Diancie|Diancie-Mega
|message|Diancie has Mega Evolved into Mega Diancie!
|move|p1a: Zapdos|Discharge|p2a: Diancie
|-damage|p2a: Diancie|115\/241
|move|p2a: Diancie|Diamond Storm|p1a: Zapdos
|-supereffective|p1a: Zapdos
|-damage|p1a: Zapdos|0 fnt
|-boost|p2a: Diancie|def|1
|faint|p1a: Zapdos
|
|
|switch|p1a: Sceptile|Sceptile-Mega, M|177\/282
|-damage|p1a: Sceptile|142\/282|[from] Stealth Rock
|turn|11
|
|move|p1a: Sceptile|Substitute|p1a: Sceptile
|-start|p1a: Sceptile|Substitute
|-damage|p1a: Sceptile|72\/282
|move|p2a: Diancie|Moonblast|p1a: Sceptile
|-supereffective|p1a: Sceptile
|-end|p1a: Sceptile|Substitute
|
|turn|12
|
|move|p1a: Sceptile|Giga Drain|p2a: Diancie
|-supereffective|p2a: Diancie
|-damage|p2a: Diancie|0 fnt
|-heal|p1a: Sceptile|130\/282|[from] drain|[of] p2a: Diancie
|faint|p2a: Diancie
|
|
|switch|p2a: Landorus-Therian|Landorus-Therian, M|267\/320
|-ability|p2a: Landorus-Therian|Intimidate|[of] p1a: Sceptile
|-unboost|p1a: Sceptile|atk|1
|turn|13
|
|switch|p1a: Milotic|Milotic, F|394\/394
|-damage|p1a: Milotic|345\/394|[from] Stealth Rock
|move|p2a: Landorus-Therian|U-turn|p1a: Milotic
|-damage|p1a: Milotic|259\/394
|
|switch|p2a: Keldeo|Keldeo|324\/324
|
|-heal|p1a: Milotic|283\/394|[from] item: Leftovers
|turn|14
|
|move|p2a: Keldeo|Substitute|p2a: Keldeo
|-start|p2a: Keldeo|Substitute
|-damage|p2a: Keldeo|243\/324
|move|p1a: Milotic|Toxic|p2a: Keldeo
|
|-heal|p2a: Keldeo|263\/324|[from] item: Leftovers
|-heal|p1a: Milotic|307\/394|[from] item: Leftovers
|turn|15
|
|move|p2a: Keldeo|Calm Mind|p2a: Keldeo
|-boost|p2a: Keldeo|spa|1
|-boost|p2a: Keldeo|spd|1
|move|p1a: Milotic|Scald|p2a: Keldeo
|-crit|p2a: Keldeo
|-resisted|p2a: Keldeo
|-activate|p2a: Keldeo|Substitute|[damage]
|
|-heal|p2a: Keldeo|283\/324|[from] item: Leftovers
|-heal|p1a: Milotic|331\/394|[from] item: Leftovers
|turn|16
|leave|Kabuto Yakushi
|
|switch|p1a: Garchomp|Garchomp, F|358\/358
|-damage|p1a: Garchomp|336\/358|[from] Stealth Rock
|move|p2a: Keldeo|Calm Mind|p2a: Keldeo
|-boost|p2a: Keldeo|spa|1
|-boost|p2a: Keldeo|spd|1
|
|-heal|p2a: Keldeo|303\/324|[from] item: Leftovers
|turn|17
|
|move|p1a: Garchomp|Earthquake|p2a: Keldeo
|-end|p2a: Keldeo|Substitute
|move|p2a: Keldeo|Substitute|p2a: Keldeo
|-start|p2a: Keldeo|Substitute
|-damage|p2a: Keldeo|222\/324
|
|-heal|p2a: Keldeo|242\/324|[from] item: Leftovers
|turn|18
|
|move|p1a: Garchomp|Earthquake|p2a: Keldeo
|-end|p2a: Keldeo|Substitute
|move|p2a: Keldeo|Scald|p1a: Garchomp
|-damage|p1a: Garchomp|9\/358
|
|-heal|p2a: Keldeo|262\/324|[from] item: Leftovers
|turn|19
|
|switch|p2a: Landorus-Therian|Landorus-Therian, M|267\/320
|-ability|p2a: Landorus-Therian|Intimidate|[of] p1a: Garchomp
|-unboost|p1a: Garchomp|atk|1
|move|p1a: Garchomp|Earthquake|p2a: Landorus-Therian
|-immune|p2a: Landorus-Therian|[msg]
|
|turn|20
|
|switch|p1a: Milotic|Milotic, F|331\/394
|-damage|p1a: Milotic|282\/394|[from] Stealth Rock
|move|p2a: Landorus-Therian|U-turn|p1a: Milotic
|-damage|p1a: Milotic|194\/394
|
|switch|p2a: Keldeo|Keldeo|262\/324
|
|-heal|p2a: Keldeo|282\/324|[from] item: Leftovers
|-heal|p1a: Milotic|218\/394|[from] item: Leftovers
|turn|21
|
|switch|p1a: Garchomp|Garchomp, F|9\/358
|-damage|p1a: Garchomp|0 fnt|[from] Stealth Rock
|faint|p1a: Garchomp
|move|p2a: Keldeo|Substitute|p2a: Keldeo
|-start|p2a: Keldeo|Substitute
|-damage|p2a: Keldeo|201\/324
|
|-heal|p2a: Keldeo|221\/324|[from] item: Leftovers
|-message|S7R1K3R forfeited.
|
|win|OPGGNORE
|raw|Ladder updating...
|c|âOPGGNORE|gg
|leave|S7R1K3R
|player|p1
|raw|S7R1K3R's rating: 1351 &rarr; <strong>1334<\/strong><br \/>(-17 for losing)
|raw|OPGGNORE's rating: 1400 &rarr; <strong>1417<\/strong><br \/>(+17 for winning)