|join|LivingTarget
|join|OPGGNORE
|player|p1|LivingTarget|238
|player|p2|OPGGNORE|265
|gametype|singles
|gen|6
|tier|ORAS OU
|rated
|rule|Sleep Clause Mod: Limit one foe put to sleep
|rule|Species Clause: Limit one of each PokÃ©mon
|rule|OHKO Clause: OHKO moves are banned
|rule|Moody Clause: Moody is banned
|rule|Evasion Moves Clause: Evasion moves are banned
|rule|Endless Battle Clause: Forcing endless battles is banned
|rule|HP Percentage Mod: HP is shown in percentages
|clearpoke
|poke|p1|Lopunny, F
|poke|p1|Cloyster, M
|poke|p1|Latios, M
|poke|p1|Bisharp, F
|poke|p1|Ferrothorn, F
|poke|p1|Chansey, F
|poke|p2|Salamence, M
|poke|p2|Magneton
|poke|p2|Wobbuffet, F
|poke|p2|Excadrill, M
|poke|p2|Clefable, M
|poke|p2|Dugtrio, F
|rule|Swagger Clause: Swagger is banned
|rule|Baton Pass Clause: Limit one PokÃ©mon knowing Baton Pass
|teampreview
|
|start
|switch|p1a: Ferrothorn|Ferrothorn, F|352\/352
|switch|p2a: Wobbuffet|Wobbuffet, F|584\/584
|turn|1
|
|switch|p2a: Magneton|Magneton|242\/242
|move|p1a: Ferrothorn|Leech Seed|p2a: Magneton
|-start|p2a: Magneton|move: Leech Seed
|
|-damage|p2a: Magneton|212\/242|[from] Leech Seed|[of] p1a: Ferrothorn
|turn|2
|
|move|p2a: Magneton|Volt Switch|p1a: Ferrothorn
|-resisted|p1a: Ferrothorn
|-damage|p1a: Ferrothorn|301\/352
|
|switch|p2a: Wobbuffet|Wobbuffet, F|584\/584
|move|p1a: Ferrothorn|Stealth Rock|p2a: Wobbuffet
|-sidestart|p2: OPGGNORE|move: Stealth Rock
|
|turn|3
|
|move|p2a: Wobbuffet|Encore|p1a: Ferrothorn
|-start|p1a: Ferrothorn|Encore
|move|p1a: Ferrothorn|Stealth Rock|p2a: Wobbuffet
|-fail|p2a: Wobbuffet
|
|turn|4
|
|switch|p2a: Magneton|Magneton|212\/242
|-damage|p2a: Magneton|197\/242|[from] Stealth Rock
|switch|p1a: Bisharp|Bisharp, F|291\/291
|
|turn|5
|
|move|p2a: Magneton|Volt Switch|p1a: Bisharp
|-damage|p1a: Bisharp|128\/291
|
|switch|p2a: Wobbuffet|Wobbuffet, F|584\/584
|-damage|p2a: Wobbuffet|511\/584|[from] Stealth Rock
|move|p1a: Bisharp|Swords Dance|p1a: Bisharp
|-boost|p1a: Bisharp|atk|2
|
|-heal|p2a: Wobbuffet|547\/584|[from] item: Leftovers
|turn|6
|
|move|p1a: Bisharp|Knock Off|p2a: Wobbuffet
|-supereffective|p2a: Wobbuffet
|-damage|p2a: Wobbuffet|0 fnt
|-enditem|p2a: Wobbuffet|Leftovers|[from] move: Knock Off|[of] p1a: Bisharp
|faint|p2a: Wobbuffet
|
|
|switch|p2a: Dugtrio|Dugtrio, F|212\/212
|-damage|p2a: Dugtrio|199\/212|[from] Stealth Rock
|turn|7
|
|move|p1a: Bisharp|Sucker Punch|p2a: Dugtrio
|-fail|p2a: Dugtrio
|move|p2a: Dugtrio|Stealth Rock|p1a: Bisharp
|-sidestart|p1: LivingTarget|move: Stealth Rock
|
|turn|8
|
|move|p1a: Bisharp|Sucker Punch|p2a: Dugtrio
|-fail|p2a: Dugtrio
|move|p2a: Dugtrio|Stealth Rock|p1a: Bisharp
|-fail|p1a: Bisharp
|
|turn|9
|
|move|p1a: Bisharp|Sucker Punch|p2a: Dugtrio
|-fail|p2a: Dugtrio
|move|p2a: Dugtrio|Stealth Rock|p1a: Bisharp
|-fail|p1a: Bisharp
|
|turn|10
|
|switch|p2a: Clefable|Clefable, M|394\/394
|move|p1a: Bisharp|Sucker Punch|p2a: Clefable
|-fail|p2a: Clefable
|
|turn|11
|
|switch|p2a: Magneton|Magneton|197\/242
|-damage|p2a: Magneton|182\/242|[from] Stealth Rock
|move|p1a: Bisharp|Iron Head|p2a: Magneton
|-resisted|p2a: Magneton
|-damage|p2a: Magneton|98\/242
|
|turn|12
|
|switch|p2a: Dugtrio|Dugtrio, F|199\/212
|-damage|p2a: Dugtrio|186\/212|[from] Stealth Rock
|move|p1a: Bisharp|Knock Off|p2a: Dugtrio
|-damage|p2a: Dugtrio|0 fnt
|-enditem|p2a: Dugtrio|Focus Sash|[from] move: Knock Off|[of] p1a: Bisharp
|faint|p2a: Dugtrio
|
|
|switch|p2a: Salamence|Salamence, M|394\/394
|-damage|p2a: Salamence|296\/394|[from] Stealth Rock
|turn|13
|
|move|p1a: Bisharp|Sucker Punch|p2a: Salamence
|-fail|p2a: Salamence
|move|p2a: Salamence|Dragon Dance|p2a: Salamence
|-boost|p2a: Salamence|atk|1
|-boost|p2a: Salamence|spe|1
|
|turn|14
|
|move|p2a: Salamence|Dragon Dance|p2a: Salamence
|-boost|p2a: Salamence|atk|1
|-boost|p2a: Salamence|spe|1
|move|p1a: Bisharp|Iron Head|p2a: Salamence
|-damage|p2a: Salamence|0 fnt
|faint|p2a: Salamence
|
|
|switch|p2a: Excadrill|Excadrill, M|362\/362
|-damage|p2a: Excadrill|351\/362|[from] Stealth Rock
|-item|p2a: Excadrill|Air Balloon
|turn|15
|
|move|p2a: Excadrill|Stealth Rock|p1a: Bisharp
|-fail|p1a: Bisharp
|move|p1a: Bisharp|Knock Off|p2a: Excadrill
|-damage|p2a: Excadrill|0 fnt
|-enditem|p2a: Excadrill|Air Balloon
|-enditem|p2a: Excadrill|Air Balloon|[from] move: Knock Off|[of] p1a: Bisharp
|faint|p2a: Excadrill
|
|
|switch|p2a: Magneton|Magneton|98\/242
|-damage|p2a: Magneton|83\/242|[from] Stealth Rock
|turn|16
|
|move|p2a: Magneton|Hidden Power|p1a: Bisharp
|-supereffective|p1a: Bisharp
|-damage|p1a: Bisharp|0 fnt
|faint|p1a: Bisharp
|
|
|switch|p1a: Lopunny|Lopunny, F|272\/272
|-damage|p1a: Lopunny|238\/272|[from] Stealth Rock
|turn|17
|
|switch|p2a: Clefable|Clefable, M|394\/394
|detailschange|p1a: Lopunny|Lopunny-Mega, F
|message|Lopunny has Mega Evolved into Mega Lopunny!
|move|p1a: Lopunny|Fake Out|p2a: Clefable
|-damage|p2a: Clefable|325\/394
|
|-heal|p2a: Clefable|349\/394|[from] item: Leftovers
|turn|18
|
|switch|p1a: Ferrothorn|Ferrothorn, F|301\/352
|-damage|p1a: Ferrothorn|279\/352|[from] Stealth Rock
|move|p2a: Clefable|Moonblast|p1a: Ferrothorn
|-resisted|p1a: Ferrothorn
|-damage|p1a: Ferrothorn|228\/352
|
|-heal|p2a: Clefable|373\/394|[from] item: Leftovers
|turn|19
|
|switch|p2a: Magneton|Magneton|83\/242
|-damage|p2a: Magneton|68\/242|[from] Stealth Rock
|move|p1a: Ferrothorn|Gyro Ball|p2a: Magneton
|-resisted|p2a: Magneton
|-damage|p2a: Magneton|26\/242
|
|turn|20
|
|switch|p1a: Chansey|Chansey, F|704\/704
|-damage|p1a: Chansey|616\/704|[from] Stealth Rock
|move|p2a: Magneton|Hidden Power|p1a: Chansey
|-damage|p1a: Chansey|570\/704
|
|turn|21
|
|switch|p2a: Clefable|Clefable, M|373\/394
|move|p1a: Chansey|Wish|p1a: Chansey
|
|-heal|p2a: Clefable|394\/394|[from] item: Leftovers
|turn|22
|
|switch|p1a: Ferrothorn|Ferrothorn, F|228\/352
|-damage|p1a: Ferrothorn|206\/352|[from] Stealth Rock
|move|p2a: Clefable|Flamethrower|p1a: Ferrothorn
|-supereffective|p1a: Ferrothorn
|-damage|p1a: Ferrothorn|0 fnt
|faint|p1a: Ferrothorn
|
|
|switch|p1a: Chansey|Chansey, F|570\/704
|-damage|p1a: Chansey|482\/704|[from] Stealth Rock
|turn|23
|
|move|p2a: Clefable|Calm Mind|p2a: Clefable
|-boost|p2a: Clefable|spa|1
|-boost|p2a: Clefable|spd|1
|move|p1a: Chansey|Wish|p1a: Chansey
|
|turn|24
|
|move|p2a: Clefable|Moonblast|p1a: Chansey
|-damage|p1a: Chansey|377\/704
|move|p1a: Chansey|Seismic Toss|p2a: Clefable
|-damage|p2a: Clefable|294\/394
|
|-heal|p1a: Chansey|704\/704|[from] move: Wish|[wisher] Chansey
|-heal|p2a: Clefable|318\/394|[from] item: Leftovers
|turn|25
|
|switch|p1a: Cloyster|Cloyster, M|242\/242
|-damage|p1a: Cloyster|182\/242|[from] Stealth Rock
|move|p2a: Clefable|Calm Mind|p2a: Clefable
|-boost|p2a: Clefable|spa|1
|-boost|p2a: Clefable|spd|1
|
|-heal|p2a: Clefable|342\/394|[from] item: Leftovers
|turn|26
|
|move|p1a: Cloyster|Icicle Spear|p2a: Clefable
|-damage|p2a: Clefable|309\/394
|-damage|p2a: Clefable|278\/394
|-damage|p2a: Clefable|247\/394
|-damage|p2a: Clefable|217\/394
|-damage|p2a: Clefable|183\/394
|-hitcount|p2a: Clefable|5
|move|p2a: Clefable|Moonblast|p1a: Cloyster
|-crit|p1a: Cloyster
|-damage|p1a: Cloyster|0 fnt
|faint|p1a: Cloyster
|
|-heal|p2a: Clefable|207\/394|[from] item: Leftovers
|
|switch|p1a: Lopunny|Lopunny-Mega, F|238\/272
|-damage|p1a: Lopunny|221\/272|[from] Stealth Rock
|turn|27
|
|move|p1a: Lopunny|Fake Out|p2a: Clefable
|-damage|p2a: Clefable|141\/394
|cant|p2a: Clefable|flinch
|
|-heal|p2a: Clefable|165\/394|[from] item: Leftovers
|turn|28
|
|move|p1a: Lopunny|Return|p2a: Clefable
|-damage|p2a: Clefable|6\/394
|move|p2a: Clefable|Soft-Boiled|p2a: Clefable
|-heal|p2a: Clefable|203\/394
|
|-heal|p2a: Clefable|227\/394|[from] item: Leftovers
|turn|29
|
|move|p1a: Lopunny|Return|p2a: Clefable
|-damage|p2a: Clefable|50\/394
|move|p2a: Clefable|Soft-Boiled|p2a: Clefable
|-heal|p2a: Clefable|247\/394
|
|-heal|p2a: Clefable|271\/394|[from] item: Leftovers
|turn|30
|
|move|p1a: Lopunny|Power-Up Punch|p2a: Clefable
|-resisted|p2a: Clefable
|-damage|p2a: Clefable|238\/394
|-boost|p1a: Lopunny|atk|1
|move|p2a: Clefable|Soft-Boiled|p2a: Clefable
|-heal|p2a: Clefable|394\/394
|
|turn|31
|
|move|p1a: Lopunny|Return|p2a: Clefable
|-damage|p2a: Clefable|165\/394
|move|p2a: Clefable|Moonblast|p1a: Lopunny
|-supereffective|p1a: Lopunny
|-damage|p1a: Lopunny|0 fnt
|faint|p1a: Lopunny
|
|-heal|p2a: Clefable|189\/394|[from] item: Leftovers
|
|switch|p1a: Latios|Latios, M|302\/302
|-damage|p1a: Latios|265\/302|[from] Stealth Rock
|turn|32
|
|move|p1a: Latios|Psyshock|p2a: Clefable
|-damage|p2a: Clefable|17\/394
|-damage|p1a: Latios|235\/302|[from] item: Life Orb
|move|p2a: Clefable|Soft-Boiled|p2a: Clefable
|-heal|p2a: Clefable|214\/394
|
|-heal|p2a: Clefable|238\/394|[from] item: Leftovers
|turn|33
|
|move|p1a: Latios|Psyshock|p2a: Clefable
|-damage|p2a: Clefable|86\/394
|-damage|p1a: Latios|205\/302|[from] item: Life Orb
|move|p2a: Clefable|Soft-Boiled|p2a: Clefable
|-heal|p2a: Clefable|283\/394
|
|-heal|p2a: Clefable|307\/394|[from] item: Leftovers
|turn|34
|
|move|p1a: Latios|Psyshock|p2a: Clefable
|-damage|p2a: Clefable|146\/394
|-damage|p1a: Latios|175\/302|[from] item: Life Orb
|move|p2a: Clefable|Moonblast|p1a: Latios
|-supereffective|p1a: Latios
|-damage|p1a: Latios|0 fnt
|faint|p1a: Latios
|
|-heal|p2a: Clefable|170\/394|[from] item: Leftovers
|
|switch|p1a: Chansey|Chansey, F|704\/704
|-damage|p1a: Chansey|616\/704|[from] Stealth Rock
|turn|35
|
|move|p2a: Clefable|Calm Mind|p2a: Clefable
|-boost|p2a: Clefable|spa|1
|-boost|p2a: Clefable|spd|1
|move|p1a: Chansey|Seismic Toss|p2a: Clefable
|-damage|p2a: Clefable|70\/394
|
|-heal|p2a: Clefable|94\/394|[from] item: Leftovers
|turn|36
|
|move|p2a: Clefable|Soft-Boiled|p2a: Clefable
|-heal|p2a: Clefable|291\/394
|move|p1a: Chansey|Seismic Toss|p2a: Clefable
|-damage|p2a: Clefable|191\/394
|
|-heal|p2a: Clefable|215\/394|[from] item: Leftovers
|turn|37
|
|move|p2a: Clefable|Calm Mind|p2a: Clefable
|-boost|p2a: Clefable|spa|1
|-boost|p2a: Clefable|spd|1
|move|p1a: Chansey|Seismic Toss|p2a: Clefable
|-damage|p2a: Clefable|115\/394
|
|-heal|p2a: Clefable|139\/394|[from] item: Leftovers
|turn|38
|
|move|p2a: Clefable|Calm Mind|p2a: Clefable
|-boost|p2a: Clefable|spa|1
|-boost|p2a: Clefable|spd|1
|move|p1a: Chansey|Seismic Toss|p2a: Clefable
|-damage|p2a: Clefable|39\/394
|
|-heal|p2a: Clefable|63\/394|[from] item: Leftovers
|turn|39
|
|move|p2a: Clefable|Soft-Boiled|p2a: Clefable
|-heal|p2a: Clefable|260\/394
|move|p1a: Chansey|Seismic Toss|p2a: Clefable
|-damage|p2a: Clefable|160\/394
|
|-heal|p2a: Clefable|184\/394|[from] item: Leftovers
|turn|40
|
|move|p2a: Clefable|Calm Mind|p2a: Clefable
|-boost|p2a: Clefable|spa|1
|-boost|p2a: Clefable|spd|1
|move|p1a: Chansey|Seismic Toss|p2a: Clefable
|-damage|p2a: Clefable|84\/394
|
|-heal|p2a: Clefable|108\/394|[from] item: Leftovers
|turn|41
|
|move|p2a: Clefable|Moonblast|p1a: Chansey
|-damage|p1a: Chansey|327\/704
|move|p1a: Chansey|Seismic Toss|p2a: Clefable
|-damage|p2a: Clefable|8\/394
|
|-heal|p2a: Clefable|32\/394|[from] item: Leftovers
|turn|42
|
|move|p2a: Clefable|Soft-Boiled|p2a: Clefable
|-heal|p2a: Clefable|229\/394
|move|p1a: Chansey|Wish|p1a: Chansey
|
|-heal|p2a: Clefable|253\/394|[from] item: Leftovers
|turn|43
|
|move|p2a: Clefable|Moonblast|p1a: Chansey
|-damage|p1a: Chansey|59\/704
|move|p1a: Chansey|Seismic Toss|p2a: Clefable
|-damage|p2a: Clefable|153\/394
|
|-heal|p1a: Chansey|411\/704|[from] move: Wish|[wisher] Chansey
|-heal|p2a: Clefable|177\/394|[from] item: Leftovers
|turn|44
|
|move|p2a: Clefable|Moonblast|p1a: Chansey
|-damage|p1a: Chansey|146\/704
|-unboost|p1a: Chansey|spa|1
|move|p1a: Chansey|Wish|p1a: Chansey
|
|-heal|p2a: Clefable|201\/394|[from] item: Leftovers
|turn|45
|
|move|p1a: Chansey|Protect|p1a: Chansey
|-singleturn|p1a: Chansey|Protect
|move|p2a: Clefable|Moonblast|p1a: Chansey
|-activate|p1a: Chansey|Protect
|
|-heal|p1a: Chansey|498\/704|[from] move: Wish|[wisher] Chansey
|-heal|p2a: Clefable|225\/394|[from] item: Leftovers
|turn|46
|
|move|p2a: Clefable|Moonblast|p1a: Chansey
|-damage|p1a: Chansey|206\/704
|move|p1a: Chansey|Wish|p1a: Chansey
|
|-heal|p2a: Clefable|249\/394|[from] item: Leftovers
|turn|47
|
|move|p1a: Chansey|Protect|p1a: Chansey
|-singleturn|p1a: Chansey|Protect
|move|p2a: Clefable|Calm Mind|p2a: Clefable
|-fail|p2a: Clefable
|
|-heal|p1a: Chansey|558\/704|[from] move: Wish|[wisher] Chansey
|-heal|p2a: Clefable|273\/394|[from] item: Leftovers
|turn|48
|
|move|p2a: Clefable|Flamethrower|p1a: Chansey
|-damage|p1a: Chansey|373\/704
|move|p1a: Chansey|Wish|p1a: Chansey
|
|-heal|p2a: Clefable|297\/394|[from] item: Leftovers
|turn|49
|
|move|p2a: Clefable|Flamethrower|p1a: Chansey
|-damage|p1a: Chansey|198\/704
|move|p1a: Chansey|Seismic Toss|p2a: Clefable
|-damage|p2a: Clefable|197\/394
|
|-heal|p1a: Chansey|550\/704|[from] move: Wish|[wisher] Chansey
|-heal|p2a: Clefable|221\/394|[from] item: Leftovers
|turn|50
|
|move|p2a: Clefable|Moonblast|p1a: Chansey
|-damage|p1a: Chansey|291\/704
|move|p1a: Chansey|Wish|p1a: Chansey
|
|-heal|p2a: Clefable|245\/394|[from] item: Leftovers
|turn|51
|
|move|p2a: Clefable|Flamethrower|p1a: Chansey
|-damage|p1a: Chansey|108\/704
|-status|p1a: Chansey|brn
|move|p1a: Chansey|Seismic Toss|p2a: Clefable
|-damage|p2a: Clefable|145\/394
|
|-heal|p1a: Chansey|460\/704 brn|[from] move: Wish|[wisher] Chansey
|-heal|p2a: Clefable|169\/394|[from] item: Leftovers
|-damage|p1a: Chansey|372\/704 brn|[from] brn
|turn|52
|
|move|p2a: Clefable|Moonblast|p1a: Chansey
|-damage|p1a: Chansey|89\/704 brn
|move|p1a: Chansey|Wish|p1a: Chansey
|
|-heal|p2a: Clefable|193\/394|[from] item: Leftovers
|-damage|p1a: Chansey|1\/704 brn|[from] brn
|turn|53
|
|move|p1a: Chansey|Protect|p1a: Chansey
|-singleturn|p1a: Chansey|Protect
|move|p2a: Clefable|Flamethrower|p1a: Chansey
|-activate|p1a: Chansey|Protect
|
|-heal|p1a: Chansey|353\/704 brn|[from] move: Wish|[wisher] Chansey
|-heal|p2a: Clefable|217\/394|[from] item: Leftovers
|-damage|p1a: Chansey|265\/704 brn|[from] brn
|turn|54
|
|move|p2a: Clefable|Moonblast|p1a: Chansey
|-crit|p1a: Chansey
|-damage|p1a: Chansey|0 fnt
|faint|p1a: Chansey
|
|win|OPGGNORE
|raw|Ladder updating...