|join|fdhhaHDF
|join|opggnore
|player|p1|fdhhaHDF|249
|player|p2|opggnore|265
|gametype|singles
|gen|6
|tier|ORAS OU
|rated
|rule|Sleep Clause Mod: Limit one foe put to sleep
|rule|Species Clause: Limit one of each PokÃ©mon
|rule|OHKO Clause: OHKO moves are banned
|rule|Moody Clause: Moody is banned
|rule|Evasion Moves Clause: Evasion moves are banned
|rule|Endless Battle Clause: Forcing endless battles is banned
|rule|HP Percentage Mod: HP is shown in percentages
|clearpoke
|poke|p1|Sceptile, F
|poke|p1|Slurpuff, M, shiny
|poke|p1|Diggersby, M, shiny
|poke|p1|Greninja, F, shiny
|poke|p1|Klefki, M, shiny
|poke|p1|Avalugg, F
|poke|p2|Pidgeot, M
|poke|p2|Mandibuzz, F
|poke|p2|Chansey, F
|poke|p2|Terrakion
|poke|p2|Talonflame, F
|poke|p2|Raikou
|rule|Swagger Clause: Swagger is banned
|rule|Baton Pass Clause: Limit one PokÃ©mon knowing Baton Pass
|teampreview
|
|start
|switch|p1a: Diggersby|Diggersby, M, shiny|311\/311
|switch|p2a: Raikou|Raikou|322\/322
|-ability|p2a: Raikou|Pressure
|turn|1
|
|switch|p2a: Mandibuzz|Mandibuzz, F|424\/424
|move|p1a: Diggersby|Return|p2a: Mandibuzz
|-damage|p2a: Mandibuzz|181\/424
|
|-heal|p2a: Mandibuzz|207\/424|[from] item: Leftovers
|turn|2
|
|switch|p2a: Terrakion|Terrakion|323\/323
|move|p1a: Diggersby|Return|p2a: Terrakion
|-resisted|p2a: Terrakion
|-damage|p2a: Terrakion|138\/323
|
|-heal|p2a: Terrakion|158\/323|[from] item: Leftovers
|turn|3
|
|switch|p1a: Klefki|Klefki, M, shiny|318\/318
|move|p2a: Terrakion|Substitute|p2a: Terrakion
|-start|p2a: Terrakion|Substitute
|-damage|p2a: Terrakion|78\/323
|
|-heal|p2a: Terrakion|98\/323|[from] item: Leftovers
|turn|4
|
|switch|p1a: Avalugg|Avalugg, F|393\/393
|move|p2a: Terrakion|Close Combat|p1a: Avalugg
|-crit|p1a: Avalugg
|-supereffective|p1a: Avalugg
|-damage|p1a: Avalugg|109\/393
|-damage|p2a: Terrakion|45\/323|[from] item: Rocky Helmet|[of] p1a: Avalugg
|-unboost|p2a: Terrakion|def|1
|-unboost|p2a: Terrakion|spd|1
|
|-heal|p2a: Terrakion|65\/323|[from] item: Leftovers
|turn|5
|
|move|p2a: Terrakion|Swords Dance|p2a: Terrakion
|-boost|p2a: Terrakion|atk|2
|move|p1a: Avalugg|Avalanche|p2a: Terrakion
|-end|p2a: Terrakion|Substitute
|
|-heal|p2a: Terrakion|85\/323|[from] item: Leftovers
|turn|6
|
|move|p2a: Terrakion|Stone Edge|p1a: Avalugg
|-supereffective|p1a: Avalugg
|-damage|p1a: Avalugg|0 fnt
|faint|p1a: Avalugg
|
|-heal|p2a: Terrakion|105\/323|[from] item: Leftovers
|
|switch|p1a: Sceptile|Sceptile, F|282\/282
|turn|7
|
|switch|p2a: Chansey|Chansey, F|704\/704
|detailschange|p1a: Sceptile|Sceptile-Mega, F
|message|Sceptile has Mega Evolved into Mega Sceptile!
|move|p1a: Sceptile|Dragon Pulse|p2a: Chansey
|-damage|p2a: Chansey|584\/704
|
|turn|8
|
|move|p1a: Sceptile|Focus Blast|p2a: Chansey
|-supereffective|p2a: Chansey
|-damage|p2a: Chansey|372\/704
|move|p2a: Chansey|Seismic Toss|p1a: Sceptile
|-damage|p1a: Sceptile|182\/282
|
|turn|9
|
|switch|p1a: Diggersby|Diggersby, M, shiny|311\/311
|move|p2a: Chansey|Soft-Boiled|p2a: Chansey
|-heal|p2a: Chansey|704\/704
|
|turn|10
|
|switch|p2a: Mandibuzz|Mandibuzz, F|207\/424
|move|p1a: Diggersby|Return|p2a: Mandibuzz
|-damage|p2a: Mandibuzz|0 fnt
|faint|p2a: Mandibuzz
|
|
|switch|p2a: Terrakion|Terrakion|105\/323
|turn|11
|
|move|p2a: Terrakion|Close Combat|p1a: Diggersby
|-supereffective|p1a: Diggersby
|-damage|p1a: Diggersby|0 fnt
|-unboost|p2a: Terrakion|def|1
|-unboost|p2a: Terrakion|spd|1
|faint|p1a: Diggersby
|
|-heal|p2a: Terrakion|125\/323|[from] item: Leftovers
|
|switch|p1a: Sceptile|Sceptile-Mega, F|182\/282
|turn|12
|
|switch|p2a: Chansey|Chansey, F|704\/704
|move|p1a: Sceptile|Dragon Pulse|p2a: Chansey
|-damage|p2a: Chansey|595\/704
|
|turn|13
|
|switch|p1a: Slurpuff|Slurpuff, M, shiny|332\/332
|move|p2a: Chansey|Thunder Wave|p1a: Slurpuff
|-status|p1a: Slurpuff|par
|
|turn|14
|
|switch|p2a: Terrakion|Terrakion|125\/323
|move|p1a: Slurpuff|Belly Drum|p1a: Slurpuff
|-damage|p1a: Slurpuff|166\/332 par
|-setboost|p1a: Slurpuff|atk|6|[from] move: Belly Drum
|-enditem|p1a: Slurpuff|Sitrus Berry|[eat]
|-heal|p1a: Slurpuff|249\/332 par|[from] item: Sitrus Berry
|
|-heal|p2a: Terrakion|145\/323|[from] item: Leftovers
|turn|15
|
|move|p2a: Terrakion|Substitute|p2a: Terrakion
|-start|p2a: Terrakion|Substitute
|-damage|p2a: Terrakion|65\/323
|cant|p1a: Slurpuff|par
|
|-heal|p2a: Terrakion|85\/323|[from] item: Leftovers
|turn|16
|c|âfdhhaHDF|that was crucial
|
|move|p2a: Terrakion|Stone Edge|p1a: Slurpuff
|-crit|p1a: Slurpuff
|-damage|p1a: Slurpuff|0 fnt
|faint|p1a: Slurpuff
|
|-heal|p2a: Terrakion|105\/323|[from] item: Leftovers
|c|âopggnore|sure
|-message|fdhhaHDF forfeited.
|
|win|opggnore
|raw|Ladder updating...
|raw|fdhhaHDF's rating: 1051 &rarr; <strong>1037<\/strong><br \/>(-14 for losing)
|raw|opggnore's rating: 1118 &rarr; <strong>1138<\/strong><br \/>(+20 for winning)
|leave|fdhhaHDF
|player|p1