|join|Pokemaster4747
|join|OPGGNORE
|player|p1|Pokemaster4747|40
|player|p2|OPGGNORE|266
|gametype|singles
|gen|6
|tier|ORAS OU
|rated
|rule|Sleep Clause Mod: Limit one foe put to sleep
|rule|Species Clause: Limit one of each PokÃ©mon
|rule|OHKO Clause: OHKO moves are banned
|rule|Moody Clause: Moody is banned
|rule|Evasion Moves Clause: Evasion moves are banned
|rule|Endless Battle Clause: Forcing endless battles is banned
|rule|HP Percentage Mod: HP is shown in percentages
|clearpoke
|poke|p1|Diancie
|poke|p1|Arcanine, M, shiny
|poke|p1|Scizor, M, shiny
|poke|p1|Rotom-Wash
|poke|p1|Tornadus-Therian, M
|poke|p1|Garchomp, M
|poke|p2|Salamence, F
|poke|p2|Magneton
|poke|p2|Wobbuffet, M
|poke|p2|Excadrill, F
|poke|p2|Clefable, M
|poke|p2|Chansey, F
|rule|Swagger Clause: Swagger is banned
|rule|Baton Pass Clause: Limit one PokÃ©mon knowing Baton Pass
|teampreview
|
|start
|switch|p1a: Rotom-Wash|Rotom-Wash|304\/304
|switch|p2a: Excadrill|Excadrill, F|362\/362
|-ability|p2a: Excadrill|Mold Breaker
|-item|p2a: Excadrill|Air Balloon
|turn|1
|
|switch|p1a: Tornadus-Therian|Tornadus-Therian, M|299\/299
|move|p2a: Excadrill|Stealth Rock|p1a: Tornadus-Therian
|-sidestart|p1: Pokemaster4747|move: Stealth Rock
|
|turn|2
|
|switch|p2a: Clefable|Clefable, M|394\/394
|move|p1a: Tornadus-Therian|U-turn|p2a: Clefable
|-resisted|p2a: Clefable
|-damage|p2a: Clefable|355\/394
|-damage|p1a: Tornadus-Therian|270\/299|[from] item: Life Orb
|
|switch|p1a: Scizor|Scizor, M, shiny|281\/281
|-damage|p1a: Scizor|246\/281|[from] Stealth Rock
|
|-heal|p2a: Clefable|379\/394|[from] item: Leftovers
|turn|3
|
|move|p1a: Scizor|U-turn|p2a: Clefable
|-resisted|p2a: Clefable
|-damage|p2a: Clefable|283\/394
|
|switch|p1a: Garchomp|Garchomp, M|357\/357
|-damage|p1a: Garchomp|335\/357|[from] Stealth Rock
|move|p2a: Clefable|Flamethrower|p1a: Garchomp
|-resisted|p1a: Garchomp
|-damage|p1a: Garchomp|293\/357
|
|-heal|p2a: Clefable|307\/394|[from] item: Leftovers
|turn|4
|
|move|p1a: Garchomp|Iron Head|p2a: Clefable
|-crit|p2a: Clefable
|-supereffective|p2a: Clefable
|-damage|p2a: Clefable|69\/394
|move|p2a: Clefable|Moonblast|p1a: Garchomp
|-supereffective|p1a: Garchomp
|-damage|p1a: Garchomp|59\/357
|-unboost|p1a: Garchomp|spa|1
|
|-heal|p2a: Clefable|93\/394|[from] item: Leftovers
|turn|5
|c|âOPGGNORE|nice crit
|
|switch|p1a: Diancie|Diancie|257\/257
|-damage|p1a: Diancie|225\/257|[from] Stealth Rock
|move|p2a: Clefable|Moonblast|p1a: Diancie
|-damage|p1a: Diancie|141\/257
|
|-heal|p2a: Clefable|117\/394|[from] item: Leftovers
|turn|6
|
|switch|p2a: Wobbuffet|Wobbuffet, M|584\/584
|detailschange|p1a: Diancie|Diancie-Mega
|message|Diancie has Mega Evolved into Mega Diancie!
|move|p1a: Diancie|Moonblast|p2a: Wobbuffet
|-damage|p2a: Wobbuffet|293\/584
|
|-heal|p2a: Wobbuffet|329\/584|[from] item: Leftovers
|turn|7
|
|move|p1a: Diancie|Rock Polish|p1a: Diancie
|-boost|p1a: Diancie|spe|2
|move|p2a: Wobbuffet|Destiny Bond|p2a: Wobbuffet
|-singlemove|p2a: Wobbuffet|Destiny Bond
|
|-heal|p2a: Wobbuffet|365\/584|[from] item: Leftovers
|turn|8
|
|move|p1a: Diancie|Rock Polish|p1a: Diancie
|-boost|p1a: Diancie|spe|2
|move|p2a: Wobbuffet|Mirror Coat|p1a: Diancie
|-fail|p1a: Diancie
|
|-heal|p2a: Wobbuffet|401\/584|[from] item: Leftovers
|turn|9
|
|move|p1a: Diancie|Diamond Storm|p2a: Wobbuffet
|-damage|p2a: Wobbuffet|184\/584
|move|p2a: Wobbuffet|Mirror Coat|p1a: Diancie
|-fail|p1a: Diancie
|
|-heal|p2a: Wobbuffet|220\/584|[from] item: Leftovers
|turn|10
|
|move|p1a: Diancie|Moonblast|p2a: Wobbuffet
|-damage|p2a: Wobbuffet|0 fnt
|faint|p2a: Wobbuffet
|
|
|switch|p2a: Excadrill|Excadrill, F|362\/362
|-ability|p2a: Excadrill|Mold Breaker
|-item|p2a: Excadrill|Air Balloon
|turn|11
|
|switch|p1a: Tornadus-Therian|Tornadus-Therian, M|299\/299
|-damage|p1a: Tornadus-Therian|225\/299|[from] Stealth Rock
|move|p2a: Excadrill|Iron Head|p1a: Tornadus-Therian
|-damage|p1a: Tornadus-Therian|11\/299
|
|turn|12
|
|switch|p2a: Clefable|Clefable, M|117\/394
|move|p1a: Tornadus-Therian|Superpower|p2a: Clefable
|-resisted|p2a: Clefable
|-damage|p2a: Clefable|47\/394
|-unboost|p1a: Tornadus-Therian|atk|1
|-unboost|p1a: Tornadus-Therian|def|1
|-damage|p1a: Tornadus-Therian|0 fnt|[from] item: Life Orb
|faint|p1a: Tornadus-Therian
|
|-heal|p2a: Clefable|71\/394|[from] item: Leftovers
|
|switch|p1a: Scizor|Scizor, M, shiny|246\/281
|-damage|p1a: Scizor|211\/281|[from] Stealth Rock
|turn|13
|
|move|p1a: Scizor|Knock Off|p2a: Clefable
|-resisted|p2a: Clefable
|-damage|p2a: Clefable|0 fnt
|-enditem|p2a: Clefable|Leftovers|[from] move: Knock Off|[of] p1a: Scizor
|faint|p2a: Clefable
|
|
|switch|p2a: Magneton|Magneton|242\/242
|turn|14
|
|move|p2a: Magneton|Hidden Power|p1a: Scizor
|-supereffective|p1a: Scizor
|-damage|p1a: Scizor|0 fnt
|faint|p1a: Scizor
|
|
|switch|p1a: Garchomp|Garchomp, M|59\/357
|-damage|p1a: Garchomp|37\/357|[from] Stealth Rock
|turn|15
|c|âOPGGNORE|lcalc
|
|move|p1a: Garchomp|Earthquake|p2a: Magneton
|-supereffective|p2a: Magneton
|-damage|p2a: Magneton|0 fnt
|faint|p2a: Magneton
|
|
|switch|p2a: Salamence|Salamence, F|387\/387
|-ability|p2a: Salamence|Intimidate|[of] p1a: Garchomp
|-unboost|p1a: Garchomp|atk|1
|turn|16
|
|switch|p1a: Rotom-Wash|Rotom-Wash|304\/304
|-damage|p1a: Rotom-Wash|266\/304|[from] Stealth Rock
|detailschange|p2a: Salamence|Salamence-Mega, F
|message|Salamence has Mega Evolved into Mega Salamence!
|move|p2a: Salamence|Dragon Dance|p2a: Salamence
|-boost|p2a: Salamence|atk|1
|-boost|p2a: Salamence|spe|1
|
|-heal|p1a: Rotom-Wash|285\/304|[from] item: Leftovers
|turn|17
|
|move|p2a: Salamence|Substitute|p2a: Salamence
|-start|p2a: Salamence|Substitute
|-damage|p2a: Salamence|291\/387
|move|p1a: Rotom-Wash|Volt Switch|p2a: Salamence
|-activate|p2a: Salamence|Substitute|[damage]
|
|switch|p1a: Arcanine|Arcanine, M, shiny|384\/384
|-damage|p1a: Arcanine|288\/384|[from] Stealth Rock
|-activate|p2a: Salamence|Substitute|ability: Intimidate|[of] p1a: Arcanine
|
|turn|18
|
|move|p1a: Arcanine|Extreme Speed|p2a: Salamence
|-end|p2a: Salamence|Substitute
|move|p2a: Salamence|Dragon Dance|p2a: Salamence
|-boost|p2a: Salamence|atk|1
|-boost|p2a: Salamence|spe|1
|
|turn|19
|
|move|p1a: Arcanine|Extreme Speed|p2a: Salamence
|-damage|p2a: Salamence|239\/387
|move|p2a: Salamence|Substitute|p2a: Salamence
|-start|p2a: Salamence|Substitute
|-damage|p2a: Salamence|143\/387
|
|turn|20
|
|move|p1a: Arcanine|Extreme Speed|p2a: Salamence
|-activate|p2a: Salamence|Substitute|[damage]
|move|p2a: Salamence|Roost|p2a: Salamence
|-heal|p2a: Salamence|337\/387
|
|turn|21
|
|move|p1a: Arcanine|Extreme Speed|p2a: Salamence
|-end|p2a: Salamence|Substitute
|move|p2a: Salamence|Dragon Dance|p2a: Salamence
|-boost|p2a: Salamence|atk|1
|-boost|p2a: Salamence|spe|1
|
|turn|22
|
|move|p2a: Salamence|Substitute|p2a: Salamence
|-start|p2a: Salamence|Substitute
|-damage|p2a: Salamence|241\/387
|move|p1a: Arcanine|Will-O-Wisp|p2a: Salamence
|
|turn|23
|
|move|p1a: Arcanine|Extreme Speed|p2a: Salamence
|-activate|p2a: Salamence|Substitute|[damage]
|move|p2a: Salamence|Return|p1a: Arcanine
|-damage|p1a: Arcanine|0 fnt
|-damage|p2a: Salamence|177\/387|[from] item: Rocky Helmet|[of] p1a: Arcanine
|faint|p1a: Arcanine
|
|
|switch|p1a: Diancie|Diancie-Mega|141\/257
|-damage|p1a: Diancie|109\/257|[from] Stealth Rock
|turn|24
|
|move|p2a: Salamence|Return|p1a: Diancie
|-resisted|p1a: Diancie
|-damage|p1a: Diancie|0 fnt
|faint|p1a: Diancie
|
|
|switch|p1a: Garchomp|Garchomp, M|37\/357
|-damage|p1a: Garchomp|15\/357|[from] Stealth Rock
|turn|25
|
|move|p2a: Salamence|Return|p1a: Garchomp
|-damage|p1a: Garchomp|0 fnt
|-damage|p2a: Salamence|129\/387|[from] ability: Rough Skin|[of] p1a: Garchomp
|faint|p1a: Garchomp
|
|
|switch|p1a: Rotom-Wash|Rotom-Wash|285\/304
|-damage|p1a: Rotom-Wash|247\/304|[from] Stealth Rock
|turn|26
|
|move|p2a: Salamence|Return|p1a: Rotom-Wash
|-resisted|p1a: Rotom-Wash
|-damage|p1a: Rotom-Wash|0 fnt
|faint|p1a: Rotom-Wash
|
|win|OPGGNORE
|raw|Ladder updating...
|raw|Pokemaster4747's rating: 1334 &rarr; <strong>1321<\/strong><br \/>(-13 for losing)
|raw|OPGGNORE's rating: 1468 &rarr; <strong>1480<\/strong><br \/>(+12 for winning)