|join|brolatypus
|join|OPGGNORE
|player|p1|brolatypus|1
|player|p2|OPGGNORE|1
|gametype|singles
|gen|6
|tier|ORAS OU
|rated
|rule|Sleep Clause Mod: Limit one foe put to sleep
|rule|Species Clause: Limit one of each PokÃ©mon
|rule|OHKO Clause: OHKO moves are banned
|rule|Moody Clause: Moody is banned
|rule|Evasion Moves Clause: Evasion moves are banned
|rule|Endless Battle Clause: Forcing endless battles is banned
|rule|HP Percentage Mod: HP is shown in percentages
|clearpoke
|poke|p1|Charizard, M, shiny
|poke|p1|Salamence, F
|poke|p1|Gengar, M
|poke|p1|Rotom-Wash
|poke|p1|Terrakion
|poke|p1|Landorus-Therian, M
|poke|p2|Pidgeot, F
|poke|p2|Mandibuzz, F
|poke|p2|Chansey, F
|poke|p2|Terrakion
|poke|p2|Talonflame, M
|poke|p2|Raikou
|rule|Swagger Clause: Swagger is banned
|rule|Baton Pass Clause: Limit one PokÃ©mon knowing Baton Pass
|teampreview
|c|âbrolatypus|terraking
|c|âOPGGNORE|hmm
|
|start
|switch|p1a: Terrakion|Terrakion|323\/323
|switch|p2a: Pidgeot|Pidgeot, F|307\/307
|turn|1
|
|detailschange|p2a: Pidgeot|Pidgeot-Mega, F
|message|Pidgeot has Mega Evolved into Mega Pidgeot!
|move|p1a: Terrakion|Stealth Rock|p2a: Pidgeot
|-sidestart|p2: OPGGNORE|move: Stealth Rock
|move|p2a: Pidgeot|Hurricane|p1a: Terrakion
|-damage|p1a: Terrakion|104\/323
|
|turn|2
|
|move|p2a: Pidgeot|Hurricane|p1a: Terrakion
|-damage|p1a: Terrakion|0 fnt
|faint|p1a: Terrakion
|
|
|switch|p1a: Landorus-Therian|Landorus-Therian, M|382\/382
|-ability|p1a: Landorus-Therian|Intimidate|[of] p2a: Pidgeot
|-unboost|p2a: Pidgeot|atk|1
|turn|3
|
|move|p2a: Pidgeot|U-turn|p1a: Landorus-Therian
|-resisted|p1a: Landorus-Therian
|-damage|p1a: Landorus-Therian|366\/382
|
|switch|p2a: Mandibuzz|Mandibuzz, F|424\/424
|-damage|p2a: Mandibuzz|318\/424|[from] Stealth Rock
|move|p1a: Landorus-Therian|Rock Slide|p2a: Mandibuzz
|-supereffective|p2a: Mandibuzz
|-damage|p2a: Mandibuzz|136\/424
|-damage|p1a: Landorus-Therian|328\/382|[from] item: Life Orb
|
|-heal|p2a: Mandibuzz|162\/424|[from] item: Leftovers
|turn|4
|
|switch|p2a: Terrakion|Terrakion|323\/323
|-damage|p2a: Terrakion|303\/323|[from] Stealth Rock
|move|p1a: Landorus-Therian|Rock Slide|p2a: Terrakion
|-crit|p2a: Terrakion
|-resisted|p2a: Terrakion
|-damage|p2a: Terrakion|191\/323
|-damage|p1a: Landorus-Therian|290\/382|[from] item: Life Orb
|
|-heal|p2a: Terrakion|211\/323|[from] item: Leftovers
|turn|5
|
|move|p2a: Terrakion|Stone Edge|p1a: Landorus-Therian
|-damage|p1a: Landorus-Therian|104\/382
|move|p1a: Landorus-Therian|Earthquake|p2a: Terrakion
|-crit|p2a: Terrakion
|-supereffective|p2a: Terrakion
|-damage|p2a: Terrakion|0 fnt
|-damage|p1a: Landorus-Therian|66\/382|[from] item: Life Orb
|faint|p2a: Terrakion
|
|
|switch|p2a: Raikou|Raikou|322\/322
|-damage|p2a: Raikou|282\/322|[from] Stealth Rock
|-ability|p2a: Raikou|Pressure
|turn|6
|
|move|p2a: Raikou|Hidden Power|p1a: Landorus-Therian
|-supereffective|p1a: Landorus-Therian
|-damage|p1a: Landorus-Therian|0 fnt
|faint|p1a: Landorus-Therian
|
|-heal|p2a: Raikou|302\/322|[from] item: Leftovers
|
|switch|p1a: Rotom-Wash|Rotom-Wash|304\/304
|turn|7
|
|move|p2a: Raikou|Volt Switch|p1a: Rotom-Wash
|-damage|p1a: Rotom-Wash|220\/304
|
|switch|p2a: Chansey|Chansey, F|704\/704
|-damage|p2a: Chansey|616\/704|[from] Stealth Rock
|move|p1a: Rotom-Wash|Will-O-Wisp|p2a: Chansey
|-status|p2a: Chansey|brn
|
|-heal|p1a: Rotom-Wash|239\/304|[from] item: Leftovers
|-damage|p2a: Chansey|528\/704 brn|[from] brn
|turn|8
|
|move|p1a: Rotom-Wash|Volt Switch|p2a: Chansey
|-damage|p2a: Chansey|470\/704 brn
|
|switch|p1a: Charizard|Charizard, M, shiny|298\/298
|move|p2a: Chansey|Wish|p2a: Chansey
|
|-damage|p2a: Chansey|382\/704 brn|[from] brn
|turn|9
|
|move|p1a: Charizard|Belly Drum|p1a: Charizard
|-damage|p1a: Charizard|149\/298
|-setboost|p1a: Charizard|atk|6|[from] move: Belly Drum
|-enditem|p1a: Charizard|Sitrus Berry|[eat]
|-heal|p1a: Charizard|223\/298|[from] item: Sitrus Berry
|move|p2a: Chansey|Thunder Wave|p1a: Charizard
|-status|p1a: Charizard|par
|
|-heal|p2a: Chansey|704\/704 brn|[from] move: Wish|[wisher] Chansey
|-damage|p2a: Chansey|616\/704 brn|[from] brn
|turn|10
|
|move|p2a: Chansey|Wish|p2a: Chansey
|cant|p1a: Charizard|par
|
|-damage|p2a: Chansey|528\/704 brn|[from] brn
|turn|11
|
|move|p2a: Chansey|Seismic Toss|p1a: Charizard
|-damage|p1a: Charizard|123\/298 par
|move|p1a: Charizard|Flame Charge|p2a: Chansey
|-damage|p2a: Chansey|189\/704 brn
|-boost|p1a: Charizard|spe|1
|
|-heal|p2a: Chansey|541\/704 brn|[from] move: Wish|[wisher] Chansey
|-damage|p2a: Chansey|453\/704 brn|[from] brn
|turn|12
|
|move|p2a: Chansey|Seismic Toss|p1a: Charizard
|-damage|p1a: Charizard|23\/298 par
|move|p1a: Charizard|Roost|p1a: Charizard
|-heal|p1a: Charizard|172\/298 par
|
|-damage|p2a: Chansey|365\/704 brn|[from] brn
|turn|13
|
|move|p2a: Chansey|Wish|p2a: Chansey
|cant|p1a: Charizard|par
|
|-damage|p2a: Chansey|277\/704 brn|[from] brn
|turn|14
|
|switch|p2a: Mandibuzz|Mandibuzz, F|162\/424
|-damage|p2a: Mandibuzz|56\/424|[from] Stealth Rock
|move|p1a: Charizard|Roost|p1a: Charizard
|-heal|p1a: Charizard|298\/298 par
|
|-heal|p2a: Mandibuzz|408\/424|[from] move: Wish|[wisher] Chansey
|-heal|p2a: Mandibuzz|424\/424|[from] item: Leftovers
|turn|15
|
|move|p2a: Mandibuzz|Defog|p1a: Charizard
|-unboost|p1a: Charizard|evasion|1
|-sideend|p2: OPGGNORE|Stealth Rock|[from] move: Defog|[of] p2a: Mandibuzz
|move|p1a: Charizard|Dragon Claw|p2a: Mandibuzz
|-damage|p2a: Mandibuzz|226\/424
|
|-heal|p2a: Mandibuzz|252\/424|[from] item: Leftovers
|turn|16
|
|move|p2a: Mandibuzz|Foul Play|p1a: Charizard
|-damage|p1a: Charizard|0 fnt
|faint|p1a: Charizard
|
|-heal|p2a: Mandibuzz|278\/424|[from] item: Leftovers
|
|switch|p1a: Rotom-Wash|Rotom-Wash|239\/304
|turn|17
|
|switch|p2a: Raikou|Raikou|302\/322
|-ability|p2a: Raikou|Pressure
|move|p1a: Rotom-Wash|Will-O-Wisp|p2a: Raikou
|-status|p2a: Raikou|brn
|
|-heal|p2a: Raikou|322\/322 brn|[from] item: Leftovers
|-heal|p1a: Rotom-Wash|258\/304|[from] item: Leftovers
|-damage|p2a: Raikou|282\/322 brn|[from] brn
|turn|18
|
|move|p1a: Rotom-Wash|Protect|p1a: Rotom-Wash
|-singleturn|p1a: Rotom-Wash|Protect
|move|p2a: Raikou|Calm Mind|p2a: Raikou
|-boost|p2a: Raikou|spa|1
|-boost|p2a: Raikou|spd|1
|
|-heal|p2a: Raikou|302\/322 brn|[from] item: Leftovers
|-heal|p1a: Rotom-Wash|277\/304|[from] item: Leftovers
|-damage|p2a: Raikou|262\/322 brn|[from] brn
|turn|19
|
|move|p2a: Raikou|Thunderbolt|p1a: Rotom-Wash
|-damage|p1a: Rotom-Wash|124\/304
|move|p1a: Rotom-Wash|Volt Switch|p2a: Raikou
|-resisted|p2a: Raikou
|-damage|p2a: Raikou|234\/322 brn
|
|switch|p1a: Salamence|Salamence, F|394\/394
|-ability|p1a: Salamence|Intimidate|[of] p2a: Raikou
|-unboost|p2a: Raikou|atk|1
|
|-heal|p2a: Raikou|254\/322 brn|[from] item: Leftovers
|-damage|p2a: Raikou|214\/322 brn|[from] brn
|turn|20
|
|detailschange|p1a: Salamence|Salamence-Mega, F
|message|Salamence has Mega Evolved into Mega Salamence!
|move|p2a: Raikou|Hidden Power|p1a: Salamence
|-supereffective|p1a: Salamence
|-damage|p1a: Salamence|0 fnt
|faint|p1a: Salamence
|
|-heal|p2a: Raikou|234\/322 brn|[from] item: Leftovers
|-damage|p2a: Raikou|194\/322 brn|[from] brn
|
|switch|p1a: Gengar|Gengar, M|262\/262
|turn|21
|
|move|p2a: Raikou|Thunderbolt|p1a: Gengar
|-damage|p1a: Gengar|0 fnt
|faint|p1a: Gengar
|
|-heal|p2a: Raikou|214\/322 brn|[from] item: Leftovers
|-damage|p2a: Raikou|174\/322 brn|[from] brn
|
|switch|p1a: Rotom-Wash|Rotom-Wash|124\/304
|turn|22
|
|move|p1a: Rotom-Wash|Protect|p1a: Rotom-Wash
|-singleturn|p1a: Rotom-Wash|Protect
|move|p2a: Raikou|Thunderbolt|p1a: Rotom-Wash
|-activate|p1a: Rotom-Wash|Protect
|
|-heal|p2a: Raikou|194\/322 brn|[from] item: Leftovers
|-heal|p1a: Rotom-Wash|143\/304|[from] item: Leftovers
|-damage|p2a: Raikou|154\/322 brn|[from] brn
|turn|23
|
|move|p2a: Raikou|Thunderbolt|p1a: Rotom-Wash
|-damage|p1a: Rotom-Wash|0 fnt
|faint|p1a: Rotom-Wash
|
|win|OPGGNORE
|raw|Ladder updating...
|raw|brolatypus's rating: 1040 &rarr; <strong>1028<\/strong><br \/>(-12 for losing)
|raw|OPGGNORE's rating: 1127 &rarr; <strong>1146<\/strong><br \/>(+19 for winning)