|join|Josh777
|join|OPGGNORE
|player|p1|Josh777|265
|player|p2|OPGGNORE|2
|gametype|singles
|gen|6
|tier|ORAS OU
|rated
|rule|Sleep Clause Mod: Limit one foe put to sleep
|rule|Species Clause: Limit one of each PokÃ©mon
|rule|OHKO Clause: OHKO moves are banned
|rule|Moody Clause: Moody is banned
|rule|Evasion Moves Clause: Evasion moves are banned
|rule|Endless Battle Clause: Forcing endless battles is banned
|rule|HP Percentage Mod: HP is shown in percentages
|clearpoke
|poke|p1|Sceptile, F
|poke|p1|Greninja, M
|poke|p1|Landorus-Therian, M
|poke|p1|Scizor, F
|poke|p1|Rotom-Wash
|poke|p1|Talonflame, F
|poke|p2|Diancie
|poke|p2|Keldeo
|poke|p2|Skarmory, M
|poke|p2|Landorus-Therian, M
|poke|p2|Mew, shiny
|poke|p2|Crawdaunt, M
|rule|Swagger Clause: Swagger is banned
|rule|Baton Pass Clause: Limit one PokÃ©mon knowing Baton Pass
|teampreview
|
|start
|switch|p1a: Scizor|Scizor, F|343\/343
|switch|p2a: Landorus-Therian|Landorus-Therian, M|320\/320
|-ability|p2a: Landorus-Therian|Intimidate|[of] p1a: Scizor
|-unboost|p1a: Scizor|atk|1
|turn|1
|join|Hellochi
|
|move|p2a: Landorus-Therian|U-turn|p1a: Scizor
|-resisted|p1a: Scizor
|-damage|p1a: Scizor|291\/343
|
|switch|p2a: Skarmory|Skarmory, M|334\/334
|move|p1a: Scizor|U-turn|p2a: Skarmory
|-resisted|p2a: Skarmory
|-damage|p2a: Skarmory|324\/334
|-damage|p1a: Scizor|234\/343|[from] item: Rocky Helmet|[of] p2a: Skarmory
|
|switch|p1a: Rotom-Wash|Rotom-Wash|304\/304
|
|turn|2
|
|switch|p2a: Mew|Mew, shiny|404\/404
|move|p1a: Rotom-Wash|Will-O-Wisp|p2a: Mew
|-status|p2a: Mew|brn
|-status|p1a: Rotom-Wash|brn
|
|-damage|p2a: Mew|354\/404 brn|[from] brn
|-damage|p1a: Rotom-Wash|266\/304 brn|[from] brn
|turn|3
|
|move|p2a: Mew|Knock Off|p1a: Rotom-Wash
|-damage|p1a: Rotom-Wash|235\/304 brn
|-enditem|p1a: Rotom-Wash|Leftovers|[from] move: Knock Off|[of] p2a: Mew
|move|p1a: Rotom-Wash|Volt Switch|p2a: Mew
|-damage|p2a: Mew|279\/404 brn
|
|switch|p1a: Greninja|Greninja, M|285\/285
|
|-heal|p2a: Mew|304\/404 brn|[from] item: Leftovers
|-damage|p2a: Mew|254\/404 brn|[from] brn
|turn|4
|
|move|p1a: Greninja|Dark Pulse|p2a: Mew
|-start|p1a: Greninja|typechange|Dark|[from] Protean
|-supereffective|p2a: Mew
|-damage|p2a: Mew|4\/404 brn
|-damage|p1a: Greninja|257\/285|[from] item: Life Orb
|move|p2a: Mew|Knock Off|p1a: Greninja
|-resisted|p1a: Greninja
|-damage|p1a: Greninja|229\/285
|-enditem|p1a: Greninja|Life Orb|[from] move: Knock Off|[of] p2a: Mew
|
|-heal|p2a: Mew|29\/404 brn|[from] item: Leftovers
|-damage|p2a: Mew|0 fnt|[from] brn
|faint|p2a: Mew
|
|switch|p2a: Landorus-Therian|Landorus-Therian, M|320\/320
|-ability|p2a: Landorus-Therian|Intimidate|[of] p1a: Greninja
|-unboost|p1a: Greninja|atk|1
|turn|5
|
|switch|p1a: Landorus-Therian|Landorus-Therian, M|381\/381
|-ability|p1a: Landorus-Therian|Intimidate|[of] p2a: Landorus-Therian
|-unboost|p2a: Landorus-Therian|atk|1
|move|p2a: Landorus-Therian|U-turn|p1a: Landorus-Therian
|-crit|p1a: Landorus-Therian
|-resisted|p1a: Landorus-Therian
|-damage|p1a: Landorus-Therian|321\/381
|
|switch|p2a: Keldeo|Keldeo|324\/324
|
|-heal|p1a: Landorus-Therian|344\/381|[from] item: Leftovers
|turn|6
|
|switch|p1a: Rotom-Wash|Rotom-Wash|235\/304 brn
|move|p2a: Keldeo|Substitute|p2a: Keldeo
|-start|p2a: Keldeo|Substitute
|-damage|p2a: Keldeo|243\/324
|
|-heal|p2a: Keldeo|263\/324|[from] item: Leftovers
|-damage|p1a: Rotom-Wash|197\/304 brn|[from] brn
|turn|7
|
|move|p2a: Keldeo|Secret Sword|p1a: Rotom-Wash
|-damage|p1a: Rotom-Wash|76\/304 brn
|move|p1a: Rotom-Wash|Volt Switch|p2a: Keldeo
|-supereffective|p2a: Keldeo
|-end|p2a: Keldeo|Substitute
|
|switch|p1a: Sceptile|Sceptile, F|281\/281
|
|-heal|p2a: Keldeo|283\/324|[from] item: Leftovers
|turn|8
|
|switch|p2a: Skarmory|Skarmory, M|324\/334
|detailschange|p1a: Sceptile|Sceptile-Mega, F
|message|Sceptile has Mega Evolved into Mega Sceptile!
|move|p1a: Sceptile|Leaf Storm|p2a: Skarmory
|-resisted|p2a: Skarmory
|-damage|p2a: Skarmory|239\/334
|-unboost|p1a: Sceptile|spa|2
|
|turn|9
|
|switch|p1a: Rotom-Wash|Rotom-Wash|76\/304 brn
|move|p2a: Skarmory|Stealth Rock|p1a: Rotom-Wash
|-sidestart|p1: Josh777|move: Stealth Rock
|
|-damage|p1a: Rotom-Wash|38\/304 brn|[from] brn
|turn|10
|
|move|p1a: Rotom-Wash|Will-O-Wisp|p2a: Skarmory
|-status|p2a: Skarmory|brn
|move|p2a: Skarmory|Whirlwind|p1a: Rotom-Wash
|drag|p1a: Scizor|Scizor, F|234\/343
|-damage|p1a: Scizor|192\/343|[from] Stealth Rock
|
|-heal|p1a: Scizor|213\/343|[from] item: Leftovers
|-damage|p2a: Skarmory|198\/334 brn|[from] brn
|turn|11
|
|switch|p2a: Keldeo|Keldeo|283\/324
|move|p1a: Scizor|Roost|p1a: Scizor
|-heal|p1a: Scizor|343\/343
|
|-heal|p2a: Keldeo|303\/324|[from] item: Leftovers
|turn|12
|
|move|p2a: Keldeo|Substitute|p2a: Keldeo
|-start|p2a: Keldeo|Substitute
|-damage|p2a: Keldeo|222\/324
|move|p1a: Scizor|U-turn|p2a: Keldeo
|-resisted|p2a: Keldeo
|-activate|p2a: Keldeo|Substitute|[damage]
|
|switch|p1a: Greninja|Greninja, M|229\/285
|-damage|p1a: Greninja|194\/285|[from] Stealth Rock
|
|-heal|p2a: Keldeo|242\/324|[from] item: Leftovers
|turn|13
|
|move|p1a: Greninja|Hydro Pump|p2a: Keldeo
|-start|p1a: Greninja|typechange|Water|[from] Protean
|-crit|p2a: Keldeo
|-resisted|p2a: Keldeo
|-end|p2a: Keldeo|Substitute
|move|p2a: Keldeo|Substitute|p2a: Keldeo
|-start|p2a: Keldeo|Substitute
|-damage|p2a: Keldeo|161\/324
|
|-heal|p2a: Keldeo|181\/324|[from] item: Leftovers
|turn|14
|
|move|p1a: Greninja|Hydro Pump|p2a: Keldeo
|-resisted|p2a: Keldeo
|-end|p2a: Keldeo|Substitute
|move|p2a: Keldeo|Secret Sword|p1a: Greninja
|-damage|p1a: Greninja|0 fnt
|faint|p1a: Greninja
|
|-heal|p2a: Keldeo|201\/324|[from] item: Leftovers
|
|switch|p1a: Rotom-Wash|Rotom-Wash|38\/304 brn
|-damage|p1a: Rotom-Wash|0 fnt|[from] Stealth Rock
|faint|p1a: Rotom-Wash
|
|switch|p1a: Sceptile|Sceptile-Mega, F|281\/281
|-damage|p1a: Sceptile|246\/281|[from] Stealth Rock
|turn|15
|
|switch|p2a: Crawdaunt|Crawdaunt, M|267\/267
|move|p1a: Sceptile|Leaf Storm|p2a: Crawdaunt
|-supereffective|p2a: Crawdaunt
|-damage|p2a: Crawdaunt|0 fnt
|-unboost|p1a: Sceptile|spa|2
|faint|p2a: Crawdaunt
|
|
|switch|p2a: Landorus-Therian|Landorus-Therian, M|320\/320
|-ability|p2a: Landorus-Therian|Intimidate|[of] p1a: Sceptile
|-unboost|p1a: Sceptile|atk|1
|turn|16
|
|switch|p1a: Landorus-Therian|Landorus-Therian, M|344\/381
|-damage|p1a: Landorus-Therian|297\/381|[from] Stealth Rock
|-ability|p1a: Landorus-Therian|Intimidate|[of] p2a: Landorus-Therian
|-unboost|p2a: Landorus-Therian|atk|1
|move|p2a: Landorus-Therian|U-turn|p1a: Landorus-Therian
|-resisted|p1a: Landorus-Therian
|-damage|p1a: Landorus-Therian|270\/381
|
|switch|p2a: Keldeo|Keldeo|201\/324
|
|-heal|p2a: Keldeo|221\/324|[from] item: Leftovers
|-heal|p1a: Landorus-Therian|293\/381|[from] item: Leftovers
|turn|17
|
|move|p2a: Keldeo|Scald|p1a: Landorus-Therian
|-supereffective|p1a: Landorus-Therian
|-damage|p1a: Landorus-Therian|0 fnt
|faint|p1a: Landorus-Therian
|
|-heal|p2a: Keldeo|241\/324|[from] item: Leftovers
|
|switch|p1a: Sceptile|Sceptile-Mega, F|246\/281
|-damage|p1a: Sceptile|211\/281|[from] Stealth Rock
|turn|18
|
|switch|p2a: Diancie|Diancie|241\/241
|move|p1a: Sceptile|Hidden Power|p2a: Diancie
|-resisted|p2a: Diancie
|-damage|p2a: Diancie|212\/241
|
|turn|19
|
|move|p1a: Sceptile|Leaf Storm|p2a: Diancie
|-supereffective|p2a: Diancie
|-damage|p2a: Diancie|0 fnt
|-unboost|p1a: Sceptile|spa|2
|faint|p2a: Diancie
|
|
|switch|p2a: Landorus-Therian|Landorus-Therian, M|320\/320
|-ability|p2a: Landorus-Therian|Intimidate|[of] p1a: Sceptile
|-unboost|p1a: Sceptile|atk|1
|turn|20
|
|switch|p1a: Scizor|Scizor, F|343\/343
|-damage|p1a: Scizor|301\/343|[from] Stealth Rock
|move|p2a: Landorus-Therian|U-turn|p1a: Scizor
|-resisted|p1a: Scizor
|-damage|p1a: Scizor|250\/343
|
|switch|p2a: Keldeo|Keldeo|241\/324
|
|-heal|p2a: Keldeo|261\/324|[from] item: Leftovers
|-heal|p1a: Scizor|271\/343|[from] item: Leftovers
|turn|21
|
|move|p2a: Keldeo|Substitute|p2a: Keldeo
|-start|p2a: Keldeo|Substitute
|-damage|p2a: Keldeo|180\/324
|move|p1a: Scizor|U-turn|p2a: Keldeo
|-resisted|p2a: Keldeo
|-activate|p2a: Keldeo|Substitute|[damage]
|
|switch|p1a: Sceptile|Sceptile-Mega, F|211\/281
|-damage|p1a: Sceptile|176\/281|[from] Stealth Rock
|
|-heal|p2a: Keldeo|200\/324|[from] item: Leftovers
|turn|22
|
|move|p1a: Sceptile|Dragon Pulse|p2a: Keldeo
|-end|p2a: Keldeo|Substitute
|move|p2a: Keldeo|Secret Sword|p1a: Sceptile
|-damage|p1a: Sceptile|0 fnt
|faint|p1a: Sceptile
|
|-heal|p2a: Keldeo|220\/324|[from] item: Leftovers
|c|âJosh777|gg
|-message|Josh777 forfeited.
|
|win|OPGGNORE
|raw|Ladder updating...
|c|âOPGGNORE|gg
|leave|Josh777
|player|p1
|raw|Josh777's rating: 1371 &rarr; <strong>1350<\/strong><br \/>(-21 for losing)
|raw|OPGGNORE's rating: 1352 &rarr; <strong>1373<\/strong><br \/>(+21 for winning)