|join|OPGGNORE
|join|TheUberTherian
|player|p1|OPGGNORE|2
|player|p2|TheUberTherian|101
|gametype|singles
|gen|6
|tier|OU
|rated
|clearpoke
|poke|p1|Diancie
|poke|p1|Chansey, F
|poke|p1|Gliscor, M
|poke|p1|Heatran, M
|poke|p1|Gothitelle, M
|poke|p1|Ferrothorn, M
|poke|p2|Infernape, F
|poke|p2|Thundurus-Therian, M
|poke|p2|Zoroark, F
|poke|p2|Mamoswine, M
|poke|p2|Scizor, M
|poke|p2|Rotom-Wash
|rule|Swagger Clause: Swagger is banned
|rule|Baton Pass Clause: Limit one PokÃ©mon knowing Baton Pass
|rule|Sleep Clause Mod: Limit one foe put to sleep
|rule|Species Clause: Limit one of each PokÃ©mon
|rule|OHKO Clause: OHKO moves are banned
|rule|Moody Clause: Moody is banned
|rule|Evasion Moves Clause: Evasion moves are banned
|rule|Endless Battle Clause: Forcing endless battles is banned
|rule|HP Percentage Mod: HP is shown in percentages
|teampreview
|
|start
|switch|p1a: Gothitelle|Gothitelle, M|282\/282
|switch|p2a: Rotom-Wash|Rotom-Wash|261\/261
|turn|1
|
|move|p1a: Gothitelle|Trick|p2a: Rotom-Wash
|-activate|p1a: Gothitelle|move: Trick|[of] p2a: Rotom-Wash
|-item|p2a: Rotom-Wash|Choice Scarf|[from] move: Trick
|-item|p1a: Gothitelle|Life Orb|[from] move: Trick
|move|p2a: Rotom-Wash|Knock Off|p1a: Gothitelle
|-supereffective|p1a: Gothitelle
|-damage|p1a: Gothitelle|12\/282
|-enditem|p1a: Gothitelle|Life Orb|[from] move: Knock Off|[of] p2a: Rotom-Wash
|
|turn|2
|join|Akatsuki1033
|c|âOPGGNORE|wut
|c|âTheUberTherian|Yup
|
|switch|p1a: Diancie|Diancie|241\/241
|move|p2a: Rotom-Wash|Knock Off|p1a: Diancie
|-resisted|p1a: Diancie
|-damage|p1a: Diancie|211\/241
|
|turn|3
|c|âOPGGNORE|im blown away
|c| Akatsuki1033|is zoroark like in every one of ur teams?
|c|âTheUberTherian|new rotom move
|
|switch|p2a: Rotom-Wash|Rotom-Wash|304\/304
|detailschange|p1a: Diancie|Diancie-Mega
|message|Diancie has Mega Evolved into Mega Diancie!
|move|p1a: Diancie|Moonblast|p2a: Rotom-Wash
|-damage|p2a: Rotom-Wash|142\/304
|
|-heal|p2a: Rotom-Wash|161\/304|[from] item: Leftovers
|turn|4
|c|âTheUberTherian|Ya zoroark is like my fav poke
|c|âOPGGNORE|lol
|
|switch|p2a: Scizor|Scizor, M|344\/344
|move|p1a: Diancie|Moonblast|p2a: Scizor
|-resisted|p2a: Scizor
|-damage|p2a: Scizor|218\/344
|
|turn|5
|
|detailschange|p2a: Scizor|Scizor-Mega, M
|message|Scizor has Mega Evolved into Mega Scizor!
|move|p1a: Diancie|Diamond Storm|p2a: Scizor
|-damage|p2a: Scizor|107\/344
|-boost|p1a: Diancie|def|1
|move|p2a: Scizor|U-turn|p1a: Diancie
|-resisted|p1a: Diancie
|-damage|p1a: Diancie|177\/241
|
|switch|p2a: Mamoswine|Mamoswine, M|361\/361
|
|turn|6
|c| Akatsuki1033|I can see its value on volt-turn
|
|move|p1a: Diancie|Moonblast|p2a: Mamoswine
|-damage|p2a: Mamoswine|48\/361
|move|p2a: Mamoswine|Stealth Rock|p1a: Diancie
|move|p1a: Diancie|Stealth Rock|p2a: Mamoswine|[from]Magic Bounce
|-sidestart|p2: TheUberTherian|move: Stealth Rock
|
|turn|7
|c|âTheUberTherian|TROLOLOL
|c|âTheUberTherian|forgot
|c|âTheUberTherian|WHy the fuck
|c|âTheUberTherian|do i always forget
|
|move|p2a: Mamoswine|Ice Shard|p1a: Diancie
|-damage|p1a: Diancie|135\/241
|move|p1a: Diancie|Moonblast|p2a: Mamoswine
|-damage|p2a: Mamoswine|0 fnt
|faint|p2a: Mamoswine
|
|
|switch|p2a: Scizor|Scizor-Mega, M|107\/344
|-damage|p2a: Scizor|64\/344|[from] Stealth Rock
|turn|8
|
|switch|p1a: Gothitelle|Gothitelle, M|12\/282
|move|p2a: Scizor|Bullet Punch|p1a: Gothitelle
|-damage|p1a: Gothitelle|0 fnt
|faint|p1a: Gothitelle
|
|
|switch|p1a: Heatran|Heatran, M|386\/386
|turn|9
|
|switch|p2a: Rotom-Wash|Rotom-Wash|161\/304
|-damage|p2a: Rotom-Wash|123\/304|[from] Stealth Rock
|move|p1a: Heatran|Lava Plume|p2a: Rotom-Wash
|-resisted|p2a: Rotom-Wash
|-damage|p2a: Rotom-Wash|84\/304
|
|-heal|p2a: Rotom-Wash|103\/304|[from] item: Leftovers
|turn|10
|c| Akatsuki1033|is this like a 5th gen team?
|
|switch|p1a: Ferrothorn|Ferrothorn, M|352\/352
|move|p2a: Rotom-Wash|Pain Split|p1a: Ferrothorn
|-sethp|p1a: Ferrothorn|227\/352|p2a: Rotom-Wash|227\/304|[from] move: Pain Split
|
|-heal|p2a: Rotom-Wash|246\/304|[from] item: Leftovers
|-heal|p1a: Ferrothorn|249\/352|[from] item: Leftovers
|turn|11
|c|âTheUberTherian|no
|
|move|p2a: Rotom-Wash|Will-O-Wisp|p1a: Ferrothorn
|-status|p1a: Ferrothorn|brn
|move|p1a: Ferrothorn|Spikes|p2a: Rotom-Wash
|-sidestart|p2: TheUberTherian|Spikes
|
|-heal|p2a: Rotom-Wash|265\/304|[from] item: Leftovers
|-heal|p1a: Ferrothorn|271\/352 brn|[from] item: Leftovers
|-damage|p1a: Ferrothorn|227\/352 brn|[from] brn
|turn|12
|c| Akatsuki1033|o
|
|move|p2a: Rotom-Wash|Volt Switch|p1a: Ferrothorn
|-resisted|p1a: Ferrothorn
|-damage|p1a: Ferrothorn|191\/352 brn
|
|switch|p2a: Scizor|Scizor-Mega, M|64\/344
|-damage|p2a: Scizor|21\/344|[from] Spikes
|-damage|p2a: Scizor|0 fnt|[from] Stealth Rock
|faint|p2a: Scizor
|move|p1a: Ferrothorn|Spikes|p2: Scizor
|-sidestart|p2: TheUberTherian|Spikes
|
|-heal|p1a: Ferrothorn|213\/352 brn|[from] item: Leftovers
|-damage|p1a: Ferrothorn|169\/352 brn|[from] brn
|
|switch|p2a: Infernape|Infernape, F|293\/293
|-damage|p2a: Infernape|245\/293|[from] Spikes
|-damage|p2a: Infernape|209\/293|[from] Stealth Rock
|turn|13
|c|âTheUberTherian|ah
|c|âTheUberTherian|Cool
|
|move|p2a: Infernape|Close Combat|p1a: Ferrothorn
|-crit|p1a: Ferrothorn
|-supereffective|p1a: Ferrothorn
|-damage|p1a: Ferrothorn|0 fnt
|-damage|p2a: Infernape|173\/293|[from] ability: Iron Barbs|[of] p1a: Ferrothorn
|-unboost|p2a: Infernape|def|1
|-unboost|p2a: Infernape|spd|1
|-damage|p2a: Infernape|144\/293|[from] item: Life Orb
|faint|p1a: Ferrothorn
|
|
|switch|p1a: Gliscor|Gliscor, M|354\/354
|turn|14
|
|move|p2a: Infernape|Hidden Power|p1a: Gliscor
|-crit|p1a: Gliscor
|-supereffective|p1a: Gliscor
|-damage|p1a: Gliscor|0 fnt
|-damage|p2a: Infernape|115\/293|[from] item: Life Orb
|faint|p1a: Gliscor
|
|c|âTheUberTherian|hate
|c|âOPGGNORE|uh oh
|c|âTheUberTherian|that shit
|
|switch|p1a: Heatran|Heatran, M|386\/386
|turn|15
|c|âTheUberTherian|:P
|
|move|p2a: Infernape|Close Combat|p1a: Heatran
|-supereffective|p1a: Heatran
|-damage|p1a: Heatran|1\/386
|-unboost|p2a: Infernape|def|1
|-unboost|p2a: Infernape|spd|1
|-damage|p2a: Infernape|86\/293|[from] item: Life Orb
|move|p1a: Heatran|Earth Power|p2a: Infernape
|-supereffective|p2a: Infernape
|-damage|p2a: Infernape|0 fnt
|faint|p2a: Infernape
|
|-heal|p1a: Heatran|25\/386|[from] item: Leftovers
|c| Akatsuki1033|the plays
|c|âOPGGNORE|HEATRAN
|c| Akatsuki1033|lol
|c|âOPGGNORE|THE DEFENSIVE MONSTER
|c|âTheUberTherian|lol
|c|âTheUberTherian|nigga the luck
|c|âOPGGNORE|holy shit
|c|âTheUberTherian|1 percent
|c| Akatsuki1033|thats a well trained heatran
|c|âOPGGNORE|I knew that def investment would come I handy one day
|c|âTheUberTherian|;(
|
|switch|p2a: Thundurus-Therian|Thundurus-Therian, M|299\/299
|-damage|p2a: Thundurus-Therian|225\/299|[from] Stealth Rock
|turn|16
|c|âTheUberTherian|welp ur lucky i messed up on  evs of infernape
|
|move|p1a: Heatran|Protect|p1a: Heatran
|-singleturn|p1a: Heatran|Protect
|move|p2a: Thundurus-Therian|Volt Switch|p1a: Heatran
|-activate|p1a: Heatran|Protect
|
|-heal|p1a: Heatran|49\/386|[from] item: Leftovers
|turn|17
|c|âOPGGNORE|nah
|c|âOPGGNORE|i just have full def and hp evs
|
|switch|p1a: Chansey|Chansey, F|704\/704
|move|p2a: Thundurus-Therian|Volt Switch|p1a: Chansey
|-damage|p1a: Chansey|614\/704
|
|switch|p2a: Zoroark|Zoroark, F|261\/261
|-damage|p2a: Zoroark|218\/261|[from] Spikes
|-damage|p2a: Zoroark|186\/261|[from] Stealth Rock
|
|turn|18
|
|switch|p2a: Rotom-Wash|Rotom-Wash|265\/304
|-damage|p2a: Rotom-Wash|227\/304|[from] Stealth Rock
|move|p1a: Chansey|Wish|p1a: Chansey
|
|-heal|p2a: Rotom-Wash|246\/304|[from] item: Leftovers
|turn|19
|
|move|p2a: Rotom-Wash|Hydro Pump|p1a: Chansey
|-damage|p1a: Chansey|532\/704
|move|p1a: Chansey|Seismic Toss|p2a: Rotom-Wash
|-damage|p2a: Rotom-Wash|146\/304
|
|-heal|p1a: Chansey|704\/704|[from] move: Wish|[wisher] Chansey
|-heal|p2a: Rotom-Wash|165\/304|[from] item: Leftovers
|turn|20
|
|switch|p1a: Heatran|Heatran, M|49\/386
|move|p2a: Rotom-Wash|Will-O-Wisp|p1a: Heatran
|-start|p1a: Heatran|ability: Flash Fire
|
|-heal|p2a: Rotom-Wash|184\/304|[from] item: Leftovers
|-heal|p1a: Heatran|73\/386|[from] item: Leftovers
|turn|21
|
|move|p1a: Heatran|Protect|p1a: Heatran
|-singleturn|p1a: Heatran|Protect
|move|p2a: Rotom-Wash|Hydro Pump|p1a: Heatran
|-activate|p1a: Heatran|Protect
|
|-heal|p2a: Rotom-Wash|203\/304|[from] item: Leftovers
|-heal|p1a: Heatran|97\/386|[from] item: Leftovers
|turn|22
|c|âTheUberTherian|useless
|
|move|p2a: Rotom-Wash|Volt Switch|p1a: Heatran
|-damage|p1a: Heatran|36\/386
|c|âOPGGNORE|plays
|
|switch|p2a: Thundurus-Therian|Thundurus-Therian, M|186\/261
|-damage|p2a: Thundurus-Therian|154\/261|[from] Stealth Rock
|-damage|p2a: Thundurus-Therian|111\/261|[from] Spikes
|move|p1a: Heatran|Lava Plume|p2a: Thundurus-Therian
|replace|p2a: Zoroark|Zoroark, F|111\/261
|-damage|p2a: Zoroark|0 fnt
|faint|p2a: Zoroark
|
|-heal|p1a: Heatran|60\/386|[from] item: Leftovers
|
|switch|p2a: Rotom-Wash|Rotom-Wash|203\/304
|-damage|p2a: Rotom-Wash|165\/304|[from] Stealth Rock
|turn|23
|c|âTheUberTherian|does
|c|âTheUberTherian|chansey
|c|âTheUberTherian|have toxic?
|c|âOPGGNORE|no
|
|move|p1a: Heatran|Protect|p1a: Heatran
|-singleturn|p1a: Heatran|Protect
|move|p2a: Rotom-Wash|Hydro Pump|p1a: Heatran
|-activate|p1a: Heatran|Protect
|
|-heal|p2a: Rotom-Wash|184\/304|[from] item: Leftovers
|-heal|p1a: Heatran|84\/386|[from] item: Leftovers
|turn|24
|c|âOPGGNORE|i mean yes
|c|âOPGGNORE|actually no
|c|âOPGGNORE|it doesnt
|
|switch|p1a: Chansey|Chansey, F|704\/704
|move|p2a: Rotom-Wash|Hydro Pump|p1a: Chansey
|-damage|p1a: Chansey|622\/704
|
|-heal|p2a: Rotom-Wash|203\/304|[from] item: Leftovers
|turn|25
|c|âTheUberTherian|its kinda useless
|c|âTheUberTherian|then
|
|move|p2a: Rotom-Wash|Pain Split|p1a: Chansey
|-sethp|p1a: Chansey|412\/704|p2a: Rotom-Wash|304\/304|[from] move: Pain Split
|move|p1a: Chansey|Seismic Toss|p2a: Rotom-Wash
|-damage|p2a: Rotom-Wash|204\/304
|
|-heal|p2a: Rotom-Wash|223\/304|[from] item: Leftovers
|turn|26
|
|move|p2a: Rotom-Wash|Will-O-Wisp|p1a: Chansey
|-status|p1a: Chansey|brn
|move|p1a: Chansey|Seismic Toss|p2a: Rotom-Wash
|-damage|p2a: Rotom-Wash|123\/304
|
|-heal|p2a: Rotom-Wash|142\/304|[from] item: Leftovers
|-damage|p1a: Chansey|324\/704 brn|[from] brn
|turn|27
|
|switch|p1a: Heatran|Heatran, M|84\/386
|move|p2a: Rotom-Wash|Pain Split|p1a: Heatran
|-sethp|p1a: Heatran|113\/386|p2a: Rotom-Wash|113\/304|[from] move: Pain Split
|
|-heal|p2a: Rotom-Wash|132\/304|[from] item: Leftovers
|-heal|p1a: Heatran|137\/386|[from] item: Leftovers
|turn|28
|c|âOPGGNORE|ty for hp
|
|move|p2a: Rotom-Wash|Hydro Pump|p1a: Heatran
|-supereffective|p1a: Heatran
|-damage|p1a: Heatran|0 fnt
|faint|p1a: Heatran
|
|-heal|p2a: Rotom-Wash|151\/304|[from] item: Leftovers
|c|âTheUberTherian|np
|c|âOPGGNORE|aww
|
|switch|p1a: Diancie|Diancie-Mega|135\/241
|turn|29
|
|move|p1a: Diancie|Moonblast|p2a: Rotom-Wash
|-damage|p2a: Rotom-Wash|0 fnt
|faint|p2a: Rotom-Wash
|
|c|âTheUberTherian|dang
|c|âTheUberTherian|that thing
|
|switch|p2a: Thundurus-Therian|Thundurus-Therian, M|225\/299
|-damage|p2a: Thundurus-Therian|151\/299|[from] Stealth Rock
|turn|30
|c|âOPGGNORE|this matchup
|c|âOPGGNORE|you should have won
|
|move|p2a: Thundurus-Therian|Focus Blast|p1a: Diancie
|-damage|p1a: Diancie|0 fnt
|faint|p1a: Diancie
|
|c|âTheUberTherian|ya
|c| Akatsuki1033|Yea
|
|switch|p1a: Chansey|Chansey, F|324\/704
|turn|31
|c| Akatsuki1033|ape wrecks a lot of your team
|c|âOPGGNORE|if you crit you still win
|c|âTheUberTherian|people mess up
|
|move|p2a: Thundurus-Therian|Focus Blast|p1a: Chansey|[miss]
|-miss|p2a: Thundurus-Therian|p1a: Chansey
|move|p1a: Chansey|Soft-Boiled|p1a: Chansey
|-heal|p1a: Chansey|676\/704
|
|turn|32
|c|âOPGGNORE|mamo completely destroys
|c| Akatsuki1033|lol
|c|âOPGGNORE|mamo + infernape
|c|âOPGGNORE|+ scizor
|c|âOPGGNORE|how did you lose
|
|move|p2a: Thundurus-Therian|Focus Blast|p1a: Chansey
|-supereffective|p1a: Chansey
|-damage|p1a: Chansey|490\/704
|move|p1a: Chansey|Seismic Toss|p2a: Thundurus-Therian
|-damage|p2a: Thundurus-Therian|51\/299
|
|turn|33
|c|âOPGGNORE|my plays were too good
|
|move|p2a: Thundurus-Therian|Focus Blast|p1a: Chansey
|-supereffective|p1a: Chansey
|-damage|p1a: Chansey|310\/704
|move|p1a: Chansey|Seismic Toss|p2a: Thundurus-Therian
|-damage|p2a: Thundurus-Therian|0 fnt
|faint|p2a: Thundurus-Therian
|
|win|OPGGNORE
|raw|Ladder updating...
|raw|OPGGNORE's rating: 1551 &rarr; <strong>1575<\/strong><br \/>(+24 for winning)
|raw|TheUberTherian's rating: 1613 &rarr; <strong>1590<\/strong><br \/>(-23 for losing)
|c|âOPGGNORE|gg
|c|âTheUberTherian|Sure
|c|âTheUberTherian|lol