|join|OPGGNORE
|join|illestt
|player|p1|OPGGNORE|170
|player|p2|illestt|248
|gametype|singles
|gen|6
|tier|OU
|rated
|clearpoke
|poke|p1|Tyranitar, M
|poke|p1|Excadrill, M
|poke|p1|Rotom-Wash
|poke|p1|Talonflame, F
|poke|p1|Breloom, F
|poke|p1|Ferrothorn, F
|poke|p2|Azumarill, M, shiny
|poke|p2|Crawdaunt, M
|poke|p2|Manectric, M, shiny
|poke|p2|Gengar, M
|poke|p2|Landorus-Therian, M, shiny
|poke|p2|Garchomp, F
|rule|Swagger Clause: Swagger is banned
|rule|Baton Pass Clause: Limit one PokÃ©mon knowing Baton Pass
|rule|Sleep Clause Mod: Limit one foe put to sleep
|rule|Species Clause: Limit one of each PokÃ©mon
|rule|OHKO Clause: OHKO moves are banned
|rule|Moody Clause: Moody is banned
|rule|Evasion Moves Clause: Evasion moves are banned
|rule|Endless Battle Clause: Forcing endless battles is banned
|rule|HP Percentage Mod: HP is shown in percentages
|teampreview
|
|start
|switch|p1a: Breloom|Breloom, F|262\/262
|switch|p2a: Washington|Landorus-Therian, M, shiny|320\/320
|-ability|p2a: Washington|Intimidate|[of] p1a: Breloom
|-unboost|p1a: Breloom|atk|1
|turn|1
|
|switch|p1a: Ferrothorn|Ferrothorn, F|352\/352
|move|p2a: Washington|U-turn|p1a: Ferrothorn
|-damage|p1a: Ferrothorn|301\/352
|-damage|p2a: Washington|280\/320|[from] ability: Iron Barbs|[of] p1a: Ferrothorn
|
|switch|p2a: Mega Man|Manectric, M, shiny|282\/282
|
|-heal|p1a: Ferrothorn|323\/352|[from] item: Leftovers
|turn|2
|join|mochigold
|
|switch|p1a: Tyranitar|Tyranitar, M|342\/342
|-weather|Sandstorm
|detailschange|p2a: Mega Man|Manectric-Mega, M, shiny
|message|Manectric has Mega Evolved into Mega Manectric!
|-ability|p2a: Mega Man|Intimidate|[of] p1a: Tyranitar
|-unboost|p1a: Tyranitar|atk|1
|move|p2a: Mega Man|Volt Switch|p1a: Tyranitar
|-damage|p1a: Tyranitar|257\/342
|
|switch|p2a: Cynthia|Garchomp, F|358\/358
|
|-weather|Sandstorm|[upkeep]
|turn|3
|
|detailschange|p1a: Tyranitar|Tyranitar-Mega, M
|message|Tyranitar has Mega Evolved into Mega Tyranitar!
|move|p2a: Cynthia|Stealth Rock|p1a: Tyranitar
|-sidestart|p1: OPGGNORE|move: Stealth Rock
|move|p1a: Tyranitar|Ice Punch|p2a: Cynthia
|-supereffective|p2a: Cynthia
|-damage|p2a: Cynthia|50\/358
|-damage|p1a: Tyranitar|215\/342|[from] ability: Rough Skin|[of] p2a: Cynthia
|
|-weather|Sandstorm|[upkeep]
|turn|4
|
|switch|p1a: Excadrill|Excadrill, M|362\/362
|-damage|p1a: Excadrill|351\/362|[from] Stealth Rock
|-item|p1a: Excadrill|Air Balloon
|move|p2a: Cynthia|Earthquake|p1a: Excadrill
|-immune|p1a: Excadrill|[msg]
|
|-weather|Sandstorm|[upkeep]
|turn|5
|
|move|p1a: Excadrill|Rapid Spin|p2a: Cynthia
|-damage|p2a: Cynthia|22\/358
|-damage|p1a: Excadrill|306\/362|[from] ability: Rough Skin|[of] p2a: Cynthia
|-sideend|p1: OPGGNORE|Stealth Rock|[from] move: Rapid Spin|[of] p1a: Excadrill
|move|p2a: Cynthia|Dragon Claw|p1a: Excadrill
|-resisted|p1a: Excadrill
|-damage|p1a: Excadrill|195\/362
|-enditem|p1a: Excadrill|Air Balloon
|
|-weather|Sandstorm|[upkeep]
|turn|6
|
|switch|p2a: Washington|Landorus-Therian, M, shiny|280\/320
|-ability|p2a: Washington|Intimidate|[of] p1a: Excadrill
|-unboost|p1a: Excadrill|atk|1
|move|p1a: Excadrill|Iron Head|p2a: Washington
|-damage|p2a: Washington|160\/320
|
|-weather|none
|turn|7
|
|switch|p1a: Talonflame|Talonflame, F|298\/298
|move|p2a: Washington|U-turn|p1a: Talonflame
|-resisted|p1a: Talonflame
|-damage|p1a: Talonflame|269\/298
|
|switch|p2a: Mega Man|Manectric-Mega, M, shiny|282\/282
|-ability|p2a: Mega Man|Intimidate|[of] p1a: Talonflame
|-unboost|p1a: Talonflame|atk|1
|
|turn|8
|
|switch|p1a: Breloom|Breloom, F|262\/262
|move|p2a: Mega Man|Volt Switch|p1a: Breloom
|-crit|p1a: Breloom
|-resisted|p1a: Breloom
|-damage|p1a: Breloom|114\/262
|
|switch|p2a: Boo!|Gengar, M|262\/262
|
|turn|9
|
|switch|p1a: Ferrothorn|Ferrothorn, F|323\/352
|move|p2a: Boo!|Shadow Ball|p1a: Ferrothorn
|-damage|p1a: Ferrothorn|166\/352
|-unboost|p1a: Ferrothorn|spd|1
|-damage|p2a: Boo!|236\/262|[from] item: Life Orb
|
|-heal|p1a: Ferrothorn|188\/352|[from] item: Leftovers
|turn|10
|
|switch|p2a: Cynthia|Garchomp, F|22\/358
|switch|p1a: Talonflame|Talonflame, F|269\/298
|
|turn|11
|
|move|p1a: Talonflame|U-turn|p2a: Cynthia
|-damage|p2a: Cynthia|0 fnt
|-damage|p1a: Talonflame|232\/298|[from] ability: Rough Skin|[of] p2a: Cynthia
|faint|p2a: Cynthia
|
|switch|p1a: Tyranitar|Tyranitar-Mega, M|215\/342
|-weather|Sandstorm
|
|-weather|Sandstorm|[upkeep]
|
|switch|p2a: Golden Showers|Azumarill, M, shiny|401\/401
|turn|12
|
|switch|p1a: Ferrothorn|Ferrothorn, F|188\/352
|move|p2a: Golden Showers|Waterfall|p1a: Ferrothorn
|-resisted|p1a: Ferrothorn
|-damage|p1a: Ferrothorn|134\/352
|-damage|p2a: Golden Showers|351\/401|[from] ability: Iron Barbs|[of] p1a: Ferrothorn
|
|-weather|Sandstorm|[upkeep]
|-damage|p2a: Golden Showers|326\/401|[from] sandstorm
|-heal|p1a: Ferrothorn|156\/352|[from] item: Leftovers
|turn|13
|
|switch|p2a: Washington|Landorus-Therian, M, shiny|160\/320
|-ability|p2a: Washington|Intimidate|[of] p1a: Ferrothorn
|-unboost|p1a: Ferrothorn|atk|1
|move|p1a: Ferrothorn|Stealth Rock|p2a: Washington
|-sidestart|p2: illestt|move: Stealth Rock
|
|-weather|Sandstorm|[upkeep]
|-heal|p1a: Ferrothorn|178\/352|[from] item: Leftovers
|turn|14
|
|move|p2a: Washington|Earthquake|p1a: Ferrothorn
|-damage|p1a: Ferrothorn|64\/352
|move|p1a: Ferrothorn|Leech Seed|p2a: Washington
|-start|p2a: Washington|move: Leech Seed
|
|-weather|Sandstorm|[upkeep]
|-heal|p1a: Ferrothorn|86\/352|[from] item: Leftovers
|-damage|p2a: Washington|120\/320|[from] Leech Seed|[of] p1a: Ferrothorn
|-heal|p1a: Ferrothorn|126\/352|[silent]
|turn|15
|
|move|p2a: Washington|Earthquake|p1a: Ferrothorn
|-damage|p1a: Ferrothorn|8\/352
|move|p1a: Ferrothorn|Leech Seed|p2a: Washington
|-fail|p2a: Washington
|
|-weather|none
|-heal|p1a: Ferrothorn|30\/352|[from] item: Leftovers
|-damage|p2a: Washington|80\/320|[from] Leech Seed|[of] p1a: Ferrothorn
|-heal|p1a: Ferrothorn|70\/352|[silent]
|turn|16
|
|move|p2a: Washington|Earthquake|p1a: Ferrothorn
|-damage|p1a: Ferrothorn|0 fnt
|faint|p1a: Ferrothorn
|
|
|switch|p1a: Rotom-Wash|Rotom-Wash|304\/304
|turn|17
|
|move|p2a: Washington|Earthquake|p1a: Rotom-Wash
|-immune|p1a: Rotom-Wash|[msg]
|move|p1a: Rotom-Wash|Hydro Pump|p2a: Washington
|-supereffective|p2a: Washington
|-damage|p2a: Washington|0 fnt
|faint|p2a: Washington
|
|
|switch|p2a: Boo!|Gengar, M|236\/262
|-damage|p2a: Boo!|204\/262|[from] Stealth Rock
|turn|18
|
|move|p2a: Boo!|Sludge Wave|p1a: Rotom-Wash
|-damage|p1a: Rotom-Wash|104\/304
|-damage|p2a: Boo!|178\/262|[from] item: Life Orb
|move|p1a: Rotom-Wash|Volt Switch|p2a: Boo!
|-crit|p2a: Boo!
|-damage|p2a: Boo!|7\/262
|
|switch|p1a: Talonflame|Talonflame, F|232\/298
|
|turn|19
|
|move|p1a: Talonflame|U-turn|p2a: Boo!
|-crit|p2a: Boo!
|-resisted|p2a: Boo!
|-damage|p2a: Boo!|0 fnt
|faint|p2a: Boo!
|
|switch|p1a: Tyranitar|Tyranitar-Mega, M|215\/342
|-weather|Sandstorm
|
|-weather|Sandstorm|[upkeep]
|
|switch|p2a: Sebastian|Crawdaunt, M|268\/268
|-damage|p2a: Sebastian|235\/268|[from] Stealth Rock
|turn|20
|
|move|p2a: Sebastian|Aqua Jet|p1a: Tyranitar
|-supereffective|p1a: Tyranitar
|-damage|p1a: Tyranitar|54\/342
|-damage|p2a: Sebastian|209\/268|[from] item: Life Orb
|move|p1a: Tyranitar|Stone Edge|p2a: Sebastian
|-damage|p2a: Sebastian|0 fnt
|faint|p2a: Sebastian
|
|-weather|Sandstorm|[upkeep]
|
|switch|p2a: Golden Showers|Azumarill, M, shiny|326\/401
|-damage|p2a: Golden Showers|276\/401|[from] Stealth Rock
|turn|21
|
|switch|p1a: Rotom-Wash|Rotom-Wash|104\/304
|move|p2a: Golden Showers|Aqua Jet|p1a: Rotom-Wash
|-resisted|p1a: Rotom-Wash
|-damage|p1a: Rotom-Wash|72\/304
|
|-weather|Sandstorm|[upkeep]
|-damage|p1a: Rotom-Wash|53\/304|[from] sandstorm
|-damage|p2a: Golden Showers|251\/401|[from] sandstorm
|-heal|p1a: Rotom-Wash|72\/304|[from] item: Leftovers
|turn|22
|
|switch|p2a: Mega Man|Manectric-Mega, M, shiny|282\/282
|-damage|p2a: Mega Man|247\/282|[from] Stealth Rock
|-ability|p2a: Mega Man|Intimidate|[of] p1a: Rotom-Wash
|-unboost|p1a: Rotom-Wash|atk|1
|move|p1a: Rotom-Wash|Volt Switch|p2a: Mega Man
|-resisted|p2a: Mega Man
|-damage|p2a: Mega Man|198\/282
|
|switch|p1a: Excadrill|Excadrill, M|195\/362
|
|-weather|Sandstorm|[upkeep]
|-damage|p2a: Mega Man|181\/282|[from] sandstorm
|turn|23
|
|move|p1a: Excadrill|Earthquake|p2a: Mega Man
|-crit|p2a: Mega Man
|-supereffective|p2a: Mega Man
|-damage|p2a: Mega Man|0 fnt
|faint|p2a: Mega Man
|
|-weather|none
|
|switch|p2a: Golden Showers|Azumarill, M, shiny|251\/401
|-damage|p2a: Golden Showers|201\/401|[from] Stealth Rock
|turn|24
|
|move|p2a: Golden Showers|Aqua Jet|p1a: Excadrill
|-supereffective|p1a: Excadrill
|-damage|p1a: Excadrill|0 fnt
|faint|p1a: Excadrill
|
|
|switch|p1a: Breloom|Breloom, F|114\/262
|turn|25
|
|move|p2a: Golden Showers|Aqua Jet|p1a: Breloom
|-resisted|p1a: Breloom
|-damage|p1a: Breloom|66\/262
|move|p1a: Breloom|Bullet Seed|p2a: Golden Showers
|-supereffective|p2a: Golden Showers
|-damage|p2a: Golden Showers|0 fnt
|-hitcount|p2a: Golden Showers|1
|-damage|p1a: Breloom|40\/262|[from] item: Life Orb
|faint|p2a: Golden Showers
|
|win|OPGGNORE
|raw|Ladder updating...
|raw|OPGGNORE's rating: 1674 &rarr; <strong>1693<\/strong><br \/>(+19 for winning)
|raw|illestt's rating: 1655 &rarr; <strong>1636<\/strong><br \/>(-19 for losing)
|leave|illestt
|player|p2