|join|OPGGNORE
|join|ZaelTX
|player|p1|OPGGNORE|266
|player|p2|ZaelTX|250
|gametype|singles
|gen|6
|tier|OU
|rated
|clearpoke
|poke|p1|Diancie
|poke|p1|Keldeo-Resolute
|poke|p1|Ferrothorn, M
|poke|p1|Rotom-Wash
|poke|p1|Landorus-Therian, M
|poke|p1|Ditto
|poke|p2|Talonflame, M
|poke|p2|Greninja, F
|poke|p2|Gengar, F
|poke|p2|Scizor, F
|poke|p2|Latios, M
|poke|p2|Terrakion
|rule|Swagger Clause: Swagger is banned
|rule|Baton Pass Clause: Limit one PokÃ©mon knowing Baton Pass
|rule|Sleep Clause Mod: Limit one foe put to sleep
|rule|Species Clause: Limit one of each PokÃ©mon
|rule|OHKO Clause: OHKO moves are banned
|rule|Moody Clause: Moody is banned
|rule|Evasion Moves Clause: Evasion moves are banned
|rule|Endless Battle Clause: Forcing endless battles is banned
|rule|HP Percentage Mod: HP is shown in percentages
|teampreview
|
|start
|switch|p1a: Ditto|Ditto|299\/299
|switch|p2a: Oal no centralizo|Greninja, F|285\/285
|-transform|p1a: Ditto|p2a: Oal no centralizo
|turn|1
|
|switch|p2a: Rajoy|Scizor, F|343\/343
|move|p1a: Ditto|Ice Beam|p2a: Rajoy
|-start|p1a: Ditto|typechange|Ice|[from] Protean
|-resisted|p2a: Rajoy
|-damage|p2a: Rajoy|280\/343
|
|turn|2
|
|switch|p1a: Landorus-Therian|Landorus-Therian, M|320\/320
|-ability|p1a: Landorus-Therian|Intimidate|[of] p2a: Rajoy
|-unboost|p2a: Rajoy|atk|1
|detailschange|p2a: Rajoy|Scizor-Mega, F
|message|Scizor has Mega Evolved into Mega Scizor!
|move|p2a: Rajoy|Knock Off|p1a: Landorus-Therian
|-damage|p1a: Landorus-Therian|242\/320
|-enditem|p1a: Landorus-Therian|Choice Scarf|[from] move: Knock Off|[of] p2a: Rajoy
|
|turn|3
|
|move|p1a: Landorus-Therian|U-turn|p2a: Rajoy
|-resisted|p2a: Rajoy
|-damage|p2a: Rajoy|247\/343
|
|switch|p1a: Rotom-Wash|Rotom-Wash|304\/304
|move|p2a: Rajoy|Knock Off|p1a: Rotom-Wash
|-damage|p1a: Rotom-Wash|254\/304
|-enditem|p1a: Rotom-Wash|Leftovers|[from] move: Knock Off|[of] p2a: Rajoy
|
|turn|4
|
|switch|p2a: High Ladder|Latios, M|302\/302
|move|p1a: Rotom-Wash|Volt Switch|p2a: High Ladder
|-resisted|p2a: High Ladder
|-damage|p2a: High Ladder|262\/302
|
|switch|p1a: Ditto|Ditto|299\/299
|-transform|p1a: Ditto|p2a: High Ladder
|
|turn|5
|
|switch|p2a: Rajoy|Scizor-Mega, F|247\/343
|move|p1a: Ditto|Draco Meteor|p2a: Rajoy|[miss]
|-miss|p1a: Ditto|p2a: Rajoy
|
|turn|6
|
|switch|p1a: Rotom-Wash|Rotom-Wash|254\/304
|move|p2a: Rajoy|Swords Dance|p2a: Rajoy
|-boost|p2a: Rajoy|atk|2
|
|turn|7
|
|switch|p2a: High Ladder|Latios, M|262\/302
|move|p1a: Rotom-Wash|Will-O-Wisp|p2a: High Ladder
|-status|p2a: High Ladder|brn
|
|-damage|p2a: High Ladder|225\/302 brn|[from] brn
|turn|8
|
|switch|p2a: Guilas|Gengar, F|262\/262
|move|p1a: Rotom-Wash|Volt Switch|p2a: Guilas
|-damage|p2a: Guilas|154\/262
|
|switch|p1a: Ditto|Ditto|299\/299
|-transform|p1a: Ditto|p2a: Guilas
|
|-heal|p2a: Guilas|170\/262|[from] item: Leftovers
|turn|9
|
|switch|p2a: Rajoy|Scizor-Mega, F|247\/343
|move|p1a: Ditto|Shadow Ball|p2a: Rajoy
|-damage|p2a: Rajoy|114\/343
|
|turn|10
|
|move|p2a: Rajoy|Bullet Punch|p1a: Ditto
|-damage|p1a: Ditto|142\/299
|move|p1a: Ditto|Shadow Ball|p2a: Rajoy
|-damage|p2a: Rajoy|0 fnt
|faint|p2a: Rajoy
|
|
|switch|p2a: Flechipollas|Talonflame, M|297\/297
|turn|11
|
|switch|p1a: Diancie|Diancie|241\/241
|move|p2a: Flechipollas|U-turn|p1a: Diancie
|-resisted|p1a: Diancie
|-damage|p1a: Diancie|204\/241
|
|switch|p2a: Oal no centralizo|Greninja, F|285\/285
|
|turn|12
|
|switch|p1a: Ferrothorn|Ferrothorn, M|352\/352
|move|p2a: Oal no centralizo|Gunk Shot|p1a: Ferrothorn
|-start|p2a: Oal no centralizo|typechange|Poison|[from] Protean
|-immune|p1a: Ferrothorn|[msg]
|
|turn|13
|
|switch|p2a: San Fermin|Terrakion|323\/323
|move|p1a: Ferrothorn|Gyro Ball|p2a: San Fermin
|-supereffective|p2a: San Fermin
|-enditem|p2a: San Fermin|Focus Sash
|-damage|p2a: San Fermin|1\/323
|
|turn|14
|
|move|p2a: San Fermin|Stealth Rock|p1a: Ferrothorn
|-sidestart|p1: OPGGNORE|move: Stealth Rock
|move|p1a: Ferrothorn|Stealth Rock|p2a: San Fermin
|-sidestart|p2: ZaelTX|move: Stealth Rock
|
|turn|15
|
|switch|p1a: Landorus-Therian|Landorus-Therian, M|242\/320
|-damage|p1a: Landorus-Therian|202\/320|[from] Stealth Rock
|-ability|p1a: Landorus-Therian|Intimidate|[of] p2a: San Fermin
|-unboost|p2a: San Fermin|atk|1
|move|p2a: San Fermin|Close Combat|p1a: Landorus-Therian
|-resisted|p1a: Landorus-Therian
|-damage|p1a: Landorus-Therian|129\/320
|-unboost|p2a: San Fermin|def|1
|-unboost|p2a: San Fermin|spd|1
|
|turn|16
|
|move|p2a: San Fermin|Stone Edge|p1a: Landorus-Therian
|-damage|p1a: Landorus-Therian|9\/320
|move|p1a: Landorus-Therian|Earthquake|p2a: San Fermin
|-supereffective|p2a: San Fermin
|-damage|p2a: San Fermin|0 fnt
|faint|p2a: San Fermin
|
|
|switch|p2a: Oal no centralizo|Greninja, F|285\/285
|-damage|p2a: Oal no centralizo|250\/285|[from] Stealth Rock
|turn|17
|
|move|p2a: Oal no centralizo|Dark Pulse|p1a: Landorus-Therian
|-start|p2a: Oal no centralizo|typechange|Dark|[from] Protean
|-damage|p1a: Landorus-Therian|0 fnt
|-damage|p2a: Oal no centralizo|222\/285|[from] item: Life Orb
|faint|p1a: Landorus-Therian
|
|
|switch|p1a: Keldeo-Resolute|Keldeo-Resolute|324\/324
|-damage|p1a: Keldeo-Resolute|304\/324|[from] Stealth Rock
|turn|18
|
|move|p2a: Oal no centralizo|Gunk Shot|p1a: Keldeo-Resolute
|-start|p2a: Oal no centralizo|typechange|Poison|[from] Protean
|-damage|p1a: Keldeo-Resolute|86\/324
|-status|p1a: Keldeo-Resolute|psn
|-damage|p2a: Oal no centralizo|194\/285|[from] item: Life Orb
|move|p1a: Keldeo-Resolute|Scald|p2a: Oal no centralizo
|-damage|p2a: Oal no centralizo|0 fnt
|faint|p2a: Oal no centralizo
|
|-heal|p1a: Keldeo-Resolute|106\/324 psn|[from] item: Leftovers
|-damage|p1a: Keldeo-Resolute|66\/324 psn|[from] psn
|
|switch|p2a: High Ladder|Latios, M|225\/302 brn
|-damage|p2a: High Ladder|188\/302 brn|[from] Stealth Rock
|turn|19
|
|move|p2a: High Ladder|Defog|p1a: Keldeo-Resolute
|-unboost|p1a: Keldeo-Resolute|evasion|1
|-sideend|p1: OPGGNORE|Stealth Rock|[from] move: Defog|[of] p1a: Keldeo-Resolute
|-sideend|p2: ZaelTX|Stealth Rock|[from] move: Defog|[of] p2a: High Ladder
|move|p1a: Keldeo-Resolute|Scald|p2a: High Ladder
|-resisted|p2a: High Ladder
|-damage|p2a: High Ladder|122\/302 brn
|
|-heal|p1a: Keldeo-Resolute|86\/324 psn|[from] item: Leftovers
|-damage|p2a: High Ladder|85\/302 brn|[from] brn
|-damage|p1a: Keldeo-Resolute|46\/324 psn|[from] psn
|turn|20
|
|switch|p1a: Ferrothorn|Ferrothorn, M|352\/352
|move|p2a: High Ladder|Recover|p2a: High Ladder
|-heal|p2a: High Ladder|236\/302 brn
|
|-damage|p2a: High Ladder|199\/302 brn|[from] brn
|turn|21
|
|switch|p2a: Flechipollas|Talonflame, M|297\/297
|move|p1a: Ferrothorn|Stealth Rock|p2a: Flechipollas
|-sidestart|p2: ZaelTX|move: Stealth Rock
|
|turn|22
|
|switch|p1a: Keldeo-Resolute|Keldeo-Resolute|46\/324 psn
|move|p2a: Flechipollas|Flare Blitz|p1a: Keldeo-Resolute
|-resisted|p1a: Keldeo-Resolute
|-damage|p1a: Keldeo-Resolute|0 fnt
|-damage|p2a: Flechipollas|282\/297|[from] recoil|[of] p1a: Keldeo-Resolute
|faint|p1a: Keldeo-Resolute
|
|
|switch|p1a: Diancie|Diancie|204\/241
|turn|23
|
|detailschange|p1a: Diancie|Diancie-Mega
|message|Diancie has Mega Evolved into Mega Diancie!
|move|p2a: Flechipollas|Flare Blitz|p1a: Diancie
|-resisted|p1a: Diancie
|-damage|p1a: Diancie|81\/241
|-damage|p2a: Flechipollas|241\/297|[from] recoil|[of] p1a: Diancie
|move|p1a: Diancie|Rock Polish|p1a: Diancie
|-boost|p1a: Diancie|spe|2
|
|turn|24
|
|switch|p2a: High Ladder|Latios, M|199\/302 brn
|-damage|p2a: High Ladder|162\/302 brn|[from] Stealth Rock
|move|p1a: Diancie|Diamond Storm|p2a: High Ladder
|-damage|p2a: High Ladder|0 fnt
|-boost|p1a: Diancie|def|1
|faint|p2a: High Ladder
|
|
|switch|p2a: Guilas|Gengar, F|170\/262
|-damage|p2a: Guilas|138\/262|[from] Stealth Rock
|turn|25
|
|move|p1a: Diancie|Diamond Storm|p2a: Guilas
|-damage|p2a: Guilas|0 fnt
|-boost|p1a: Diancie|def|1
|faint|p2a: Guilas
|
|c|âZaelTX|...
|c|âOPGGNORE|gg\
|c|âZaelTX|gh
|-message|ZaelTX forfeited.
|
|win|OPGGNORE
|raw|Ladder updating...
|leave|ZaelTX
|player|p2
|raw|OPGGNORE's rating: 1418 &rarr; <strong>1441<\/strong><br \/>(+23 for winning)
|raw|ZaelTX's rating: 1462 &rarr; <strong>1440<\/strong><br \/>(-22 for losing)