|join|OPGGNORE
|join|Kai Gina
|player|p1|OPGGNORE|101
|player|p2|Kai Gina|185
|gametype|singles
|gen|6
|tier|OU
|rated
|clearpoke
|poke|p1|Gothitelle, F
|poke|p1|Medicham, F
|poke|p1|Raikou
|poke|p1|Skarmory, F
|poke|p1|Chansey, F
|poke|p1|Keldeo-Resolute
|poke|p2|Keldeo
|poke|p2|Latios, M
|poke|p2|Skarmory, F
|poke|p2|Sylveon, F
|poke|p2|Excadrill, F
|poke|p2|Charizard, F
|rule|Swagger Clause: Swagger is banned
|rule|Baton Pass Clause: Limit one PokÃ©mon knowing Baton Pass
|rule|Sleep Clause Mod: Limit one foe put to sleep
|rule|Species Clause: Limit one of each PokÃ©mon
|rule|OHKO Clause: OHKO moves are banned
|rule|Moody Clause: Moody is banned
|rule|Evasion Moves Clause: Evasion moves are banned
|rule|Endless Battle Clause: Forcing endless battles is banned
|rule|HP Percentage Mod: HP is shown in percentages
|teampreview
|
|start
|switch|p1a: Chansey|Chansey, F|704\/704
|switch|p2a: Excadrill|Excadrill, F|424\/424
|-ability|p2a: Excadrill|Mold Breaker
|-item|p2a: Excadrill|Air Balloon
|turn|1
|
|move|p2a: Excadrill|Stealth Rock|p1a: Chansey
|-sidestart|p1: OPGGNORE|move: Stealth Rock
|move|p1a: Chansey|Seismic Toss|p2a: Excadrill
|-damage|p2a: Excadrill|324\/424
|-enditem|p2a: Excadrill|Air Balloon
|
|turn|2
|
|switch|p1a: Skarmory|Skarmory, F|334\/334
|-damage|p1a: Skarmory|293\/334|[from] Stealth Rock
|move|p2a: Excadrill|Earthquake|p1a: Skarmory
|-immune|p1a: Skarmory|[msg]
|
|turn|3
|
|switch|p2a: Charizard|Charizard, F|298\/298
|move|p1a: Skarmory|Stealth Rock|p2a: Charizard
|-sidestart|p2: Kai Gina|move: Stealth Rock
|
|turn|4
|
|detailschange|p2a: Charizard|Charizard-Mega-X, F
|message|Charizard has Mega Evolved into Mega Charizard!
|move|p2a: Charizard|Dragon Dance|p2a: Charizard
|-boost|p2a: Charizard|atk|1
|-boost|p2a: Charizard|spe|1
|move|p1a: Skarmory|Whirlwind|p2a: Charizard
|drag|p2a: Excadrill|Excadrill, F|324\/424
|-damage|p2a: Excadrill|311\/424|[from] Stealth Rock
|-ability|p2a: Excadrill|Mold Breaker
|
|turn|5
|
|move|p2a: Excadrill|Rapid Spin|p1a: Skarmory
|-resisted|p1a: Skarmory
|-damage|p1a: Skarmory|285\/334
|-sideend|p2: Kai Gina|Stealth Rock|[from] move: Rapid Spin|[of] p2a: Excadrill
|move|p1a: Skarmory|Roost|p1a: Skarmory
|-heal|p1a: Skarmory|334\/334
|
|turn|6
|
|move|p2a: Excadrill|Rock Slide|p1a: Skarmory
|-damage|p1a: Skarmory|278\/334
|move|p1a: Skarmory|Stealth Rock|p2a: Excadrill
|-sidestart|p2: Kai Gina|move: Stealth Rock
|
|turn|7
|
|move|p2a: Excadrill|Rapid Spin|p1a: Skarmory
|-resisted|p1a: Skarmory
|-damage|p1a: Skarmory|270\/334
|-sideend|p2: Kai Gina|Stealth Rock|[from] move: Rapid Spin|[of] p2a: Excadrill
|move|p1a: Skarmory|Roost|p1a: Skarmory
|-heal|p1a: Skarmory|334\/334
|
|turn|8
|
|move|p2a: Excadrill|Rock Slide|p1a: Skarmory
|-damage|p1a: Skarmory|280\/334
|cant|p1a: Skarmory|flinch
|
|turn|9
|
|switch|p2a: Charizard|Charizard-Mega-X, F|298\/298
|move|p1a: Skarmory|Stealth Rock|p2a: Charizard
|-sidestart|p2: Kai Gina|move: Stealth Rock
|
|turn|10
|
|move|p2a: Charizard|Flare Blitz|p1a: Skarmory
|-supereffective|p1a: Skarmory
|-damage|p1a: Skarmory|0 fnt
|-damage|p2a: Charizard|206\/298|[from] recoil|[of] p1a: Skarmory
|faint|p1a: Skarmory
|
|
|switch|p1a: Keldeo-Resolute|Keldeo-Resolute|324\/324
|-damage|p1a: Keldeo-Resolute|304\/324|[from] Stealth Rock
|turn|11
|
|switch|p2a: Sylveon|Sylveon, F|394\/394
|-damage|p2a: Sylveon|345\/394|[from] Stealth Rock
|move|p1a: Keldeo-Resolute|Icy Wind|p2a: Sylveon
|-crit|p2a: Sylveon
|-damage|p2a: Sylveon|289\/394
|-unboost|p2a: Sylveon|spe|1
|
|-heal|p1a: Keldeo-Resolute|324\/324|[from] item: Leftovers
|-heal|p2a: Sylveon|313\/394|[from] item: Leftovers
|turn|12
|
|switch|p1a: Gothitelle|Gothitelle, F|282\/282
|-damage|p1a: Gothitelle|247\/282|[from] Stealth Rock
|switch|p2a: Skarmory|Skarmory, F|334\/334
|-damage|p2a: Skarmory|293\/334|[from] Stealth Rock
|
|-heal|p2a: Skarmory|313\/334|[from] item: Leftovers
|turn|13
|
|move|p1a: Gothitelle|Trick|p2a: Skarmory
|-activate|p1a: Gothitelle|move: Trick|[of] p2a: Skarmory
|-item|p2a: Skarmory|Choice Scarf|[from] move: Trick
|-item|p1a: Gothitelle|Leftovers|[from] move: Trick
|move|p2a: Skarmory|Spikes|p1a: Gothitelle
|-sidestart|p1: OPGGNORE|Spikes
|
|-heal|p1a: Gothitelle|264\/282|[from] item: Leftovers
|turn|14
|
|move|p2a: Skarmory|Spikes|p1a: Gothitelle
|-sidestart|p1: OPGGNORE|Spikes
|move|p1a: Gothitelle|Calm Mind|p1a: Gothitelle
|-boost|p1a: Gothitelle|spa|1
|-boost|p1a: Gothitelle|spd|1
|
|-heal|p1a: Gothitelle|281\/282|[from] item: Leftovers
|turn|15
|
|move|p2a: Skarmory|Spikes|p1a: Gothitelle
|-sidestart|p1: OPGGNORE|Spikes
|move|p1a: Gothitelle|Psychic|p2a: Skarmory
|-crit|p2a: Skarmory
|-resisted|p2a: Skarmory
|-damage|p2a: Skarmory|116\/334
|
|-heal|p1a: Gothitelle|282\/282|[from] item: Leftovers
|turn|16
|
|move|p2a: Skarmory|Spikes|p1a: Gothitelle
|-fail|p1a: Gothitelle
|move|p1a: Gothitelle|Calm Mind|p1a: Gothitelle
|-boost|p1a: Gothitelle|spa|1
|-boost|p1a: Gothitelle|spd|1
|
|turn|17
|
|move|p2a: Skarmory|Spikes|p1a: Gothitelle
|-fail|p1a: Gothitelle
|move|p1a: Gothitelle|Calm Mind|p1a: Gothitelle
|-boost|p1a: Gothitelle|spa|1
|-boost|p1a: Gothitelle|spd|1
|
|turn|18
|
|move|p2a: Skarmory|Spikes|p1a: Gothitelle
|-fail|p1a: Gothitelle
|move|p1a: Gothitelle|Calm Mind|p1a: Gothitelle
|-boost|p1a: Gothitelle|spa|1
|-boost|p1a: Gothitelle|spd|1
|
|turn|19
|
|move|p2a: Skarmory|Spikes|p1a: Gothitelle
|-fail|p1a: Gothitelle
|move|p1a: Gothitelle|Calm Mind|p1a: Gothitelle
|-boost|p1a: Gothitelle|spa|1
|-boost|p1a: Gothitelle|spd|1
|
|turn|20
|
|move|p2a: Skarmory|Spikes|p1a: Gothitelle
|-fail|p1a: Gothitelle
|move|p1a: Gothitelle|Calm Mind|p1a: Gothitelle
|-boost|p1a: Gothitelle|spa|1
|-boost|p1a: Gothitelle|spd|1
|
|turn|21
|
|move|p2a: Skarmory|Spikes|p1a: Gothitelle
|-fail|p1a: Gothitelle
|move|p1a: Gothitelle|Trick|p2a: Skarmory
|-activate|p1a: Gothitelle|move: Trick|[of] p2a: Skarmory
|-item|p2a: Skarmory|Leftovers|[from] move: Trick
|-item|p1a: Gothitelle|Choice Scarf|[from] move: Trick
|
|-heal|p2a: Skarmory|136\/334|[from] item: Leftovers
|turn|22
|
|move|p1a: Gothitelle|Psychic|p2a: Skarmory
|-resisted|p2a: Skarmory
|-damage|p2a: Skarmory|0 fnt
|faint|p2a: Skarmory
|
|
|switch|p2a: Excadrill|Excadrill, F|311\/424
|-damage|p2a: Excadrill|298\/424|[from] Stealth Rock
|-ability|p2a: Excadrill|Mold Breaker
|turn|23
|
|move|p1a: Gothitelle|Psychic|p2a: Excadrill
|-resisted|p2a: Excadrill
|-damage|p2a: Excadrill|0 fnt
|faint|p2a: Excadrill
|
|
|switch|p2a: Latios|Latios, M|301\/301
|-damage|p2a: Latios|264\/301|[from] Stealth Rock
|turn|24
|
|move|p1a: Gothitelle|Psychic|p2a: Latios
|-resisted|p2a: Latios
|-damage|p2a: Latios|41\/301
|move|p2a: Latios|Psyshock|p1a: Gothitelle
|-resisted|p1a: Gothitelle
|-damage|p1a: Gothitelle|190\/282
|-damage|p2a: Latios|11\/301|[from] item: Life Orb
|
|turn|25
|
|move|p1a: Gothitelle|Psychic|p2a: Latios
|-resisted|p2a: Latios
|-damage|p2a: Latios|0 fnt
|faint|p2a: Latios
|
|
|switch|p2a: Sylveon|Sylveon, F|313\/394
|-damage|p2a: Sylveon|264\/394|[from] Stealth Rock
|turn|26
|
|move|p2a: Sylveon|Protect|p2a: Sylveon
|-singleturn|p2a: Sylveon|Protect
|move|p1a: Gothitelle|Psychic|p2a: Sylveon
|-activate|p2a: Sylveon|Protect
|
|-heal|p2a: Sylveon|288\/394|[from] item: Leftovers
|turn|27
|
|move|p1a: Gothitelle|Psychic|p2a: Sylveon
|-damage|p2a: Sylveon|0 fnt
|faint|p2a: Sylveon
|
|
|switch|p2a: Charizard|Charizard-Mega-X, F|206\/298
|-damage|p2a: Charizard|132\/298|[from] Stealth Rock
|turn|28
|
|move|p1a: Gothitelle|Psychic|p2a: Charizard
|-damage|p2a: Charizard|0 fnt
|faint|p2a: Charizard
|
|
|switch|p2a: Keldeo|Keldeo|322\/322
|-damage|p2a: Keldeo|302\/322|[from] Stealth Rock
|turn|29
|
|move|p1a: Gothitelle|Psychic|p2a: Keldeo
|-supereffective|p2a: Keldeo
|-damage|p2a: Keldeo|0 fnt
|faint|p2a: Keldeo
|
|win|OPGGNORE
|raw|Ladder updating...
|raw|OPGGNORE's rating: 1594 &rarr; <strong>1610<\/strong><br \/>(+16 for winning)
|raw|Kai Gina's rating: 1529 &rarr; <strong>1512<\/strong><br \/>(-17 for losing)
|leave|Kai Gina
|player|p2