|join|OPGGNORE
|join|AfricanPrincess
|player|p1|OPGGNORE|169
|player|p2|AfricanPrincess|170
|gametype|singles
|gen|6
|tier|OU
|rated
|clearpoke
|poke|p1|Diancie
|poke|p1|Chansey, F
|poke|p1|Gliscor, M
|poke|p1|Heatran, F
|poke|p1|Gothitelle, F
|poke|p1|Ferrothorn, M
|poke|p2|Conkeldurr, M
|poke|p2|Rotom-Wash
|poke|p2|Landorus-Therian, M
|poke|p2|Latios, M
|poke|p2|Scizor, M
|poke|p2|Azumarill, F
|rule|Swagger Clause: Swagger is banned
|rule|Baton Pass Clause: Limit one PokÃ©mon knowing Baton Pass
|rule|Sleep Clause Mod: Limit one foe put to sleep
|rule|Species Clause: Limit one of each PokÃ©mon
|rule|OHKO Clause: OHKO moves are banned
|rule|Moody Clause: Moody is banned
|rule|Evasion Moves Clause: Evasion moves are banned
|rule|Endless Battle Clause: Forcing endless battles is banned
|rule|HP Percentage Mod: HP is shown in percentages
|teampreview
|
|start
|switch|p1a: Gothitelle|Gothitelle, F|282\/282
|switch|p2a: Scizor|Scizor, M|281\/281
|turn|1
|c|âAfricanPrincess|fk
|
|switch|p1a: Gliscor|Gliscor, M|354\/354
|move|p2a: Scizor|U-turn|p1a: Gliscor
|-resisted|p1a: Gliscor
|-damage|p1a: Gliscor|313\/354
|c|âAfricanPrincess|jk
|
|switch|p2a: Landorus-Therian|Landorus-Therian, M|382\/382
|-ability|p2a: Landorus-Therian|Intimidate|[of] p1a: Gliscor
|-unboost|p1a: Gliscor|atk|1
|
|-status|p1a: Gliscor|tox|[from] item: Toxic Orb
|turn|2
|
|move|p1a: Gliscor|Taunt|p2a: Landorus-Therian
|-start|p2a: Landorus-Therian|move: Taunt
|cant|p2a: Landorus-Therian|move: Taunt|Stealth Rock
|
|-heal|p1a: Gliscor|354\/354 tox|[from] ability: Poison Heal
|turn|3
|
|move|p1a: Gliscor|Toxic|p2a: Landorus-Therian
|-status|p2a: Landorus-Therian|tox
|move|p2a: Landorus-Therian|Hidden Power|p1a: Gliscor
|-supereffective|p1a: Gliscor
|-damage|p1a: Gliscor|82\/354 tox
|
|-heal|p1a: Gliscor|126\/354 tox|[from] ability: Poison Heal
|-damage|p2a: Landorus-Therian|359\/382 tox|[from] psn
|turn|4
|
|move|p1a: Gliscor|Protect|p1a: Gliscor
|-singleturn|p1a: Gliscor|Protect
|move|p2a: Landorus-Therian|U-turn|p1a: Gliscor
|-activate|p1a: Gliscor|Protect
|
|-heal|p2a: Landorus-Therian|382\/382 tox|[from] item: Leftovers
|-heal|p1a: Gliscor|170\/354 tox|[from] ability: Poison Heal
|-damage|p2a: Landorus-Therian|336\/382 tox|[from] psn
|-end|p2a: Landorus-Therian|move: Taunt
|turn|5
|
|switch|p1a: Ferrothorn|Ferrothorn, M|352\/352
|switch|p2a: Conkeldurr|Conkeldurr, M|393\/393
|
|turn|6
|
|move|p2a: Conkeldurr|Drain Punch|p1a: Ferrothorn
|-supereffective|p1a: Ferrothorn
|-damage|p1a: Ferrothorn|218\/352
|-damage|p2a: Conkeldurr|344\/393|[from] ability: Iron Barbs|[of] p1a: Ferrothorn
|move|p1a: Ferrothorn|Leech Seed|p2a: Conkeldurr
|-start|p2a: Conkeldurr|move: Leech Seed
|
|-heal|p1a: Ferrothorn|240\/352|[from] item: Leftovers
|-damage|p2a: Conkeldurr|295\/393|[from] Leech Seed|[of] p1a: Ferrothorn
|-heal|p1a: Ferrothorn|289\/352|[silent]
|turn|7
|
|switch|p2a: Landorus-Therian|Landorus-Therian, M|336\/382 tox
|-ability|p2a: Landorus-Therian|Intimidate|[of] p1a: Ferrothorn
|-unboost|p1a: Ferrothorn|atk|1
|move|p1a: Ferrothorn|Spikes|p2a: Landorus-Therian
|-sidestart|p2: AfricanPrincess|Spikes
|
|-heal|p2a: Landorus-Therian|359\/382 tox|[from] item: Leftovers
|-heal|p1a: Ferrothorn|311\/352|[from] item: Leftovers
|-damage|p2a: Landorus-Therian|336\/382 tox|[from] psn
|turn|8
|
|move|p2a: Landorus-Therian|Stealth Rock|p1a: Ferrothorn
|-sidestart|p1: OPGGNORE|move: Stealth Rock
|move|p1a: Ferrothorn|Leech Seed|p2a: Landorus-Therian|[miss]
|-miss|p1a: Ferrothorn|p2a: Landorus-Therian
|
|-heal|p2a: Landorus-Therian|359\/382 tox|[from] item: Leftovers
|-heal|p1a: Ferrothorn|333\/352|[from] item: Leftovers
|-damage|p2a: Landorus-Therian|313\/382 tox|[from] psn
|turn|9
|
|move|p2a: Landorus-Therian|Earthquake|p1a: Ferrothorn
|-damage|p1a: Ferrothorn|243\/352
|move|p1a: Ferrothorn|Leech Seed|p2a: Landorus-Therian
|-start|p2a: Landorus-Therian|move: Leech Seed
|
|-heal|p2a: Landorus-Therian|336\/382 tox|[from] item: Leftovers
|-heal|p1a: Ferrothorn|265\/352|[from] item: Leftovers
|-damage|p2a: Landorus-Therian|289\/382 tox|[from] Leech Seed|[of] p1a: Ferrothorn
|-heal|p1a: Ferrothorn|312\/352|[silent]
|-damage|p2a: Landorus-Therian|220\/382 tox|[from] psn
|turn|10
|
|switch|p2a: Rotom-Wash|Rotom-Wash|304\/304
|move|p1a: Ferrothorn|Protect|p1a: Ferrothorn
|-fail|p1a: Ferrothorn
|
|-heal|p1a: Ferrothorn|334\/352|[from] item: Leftovers
|turn|11
|
|switch|p1a: Gothitelle|Gothitelle, F|282\/282
|-damage|p1a: Gothitelle|247\/282|[from] Stealth Rock
|move|p2a: Rotom-Wash|Will-O-Wisp|p1a: Gothitelle|[miss]
|-miss|p2a: Rotom-Wash|p1a: Gothitelle
|
|turn|12
|
|move|p1a: Gothitelle|Trick|p2a: Rotom-Wash
|-activate|p1a: Gothitelle|move: Trick|[of] p2a: Rotom-Wash
|-item|p2a: Rotom-Wash|Choice Scarf|[from] move: Trick
|-item|p1a: Gothitelle|Leftovers|[from] move: Trick
|move|p2a: Rotom-Wash|Volt Switch|p1a: Gothitelle
|-damage|p1a: Gothitelle|168\/282
|
|switch|p2a: Azumarill|Azumarill, F|364\/364
|-damage|p2a: Azumarill|319\/364|[from] Spikes
|
|-heal|p1a: Gothitelle|185\/282|[from] item: Leftovers
|turn|13
|
|switch|p1a: Ferrothorn|Ferrothorn, M|334\/352
|-damage|p1a: Ferrothorn|312\/352|[from] Stealth Rock
|move|p2a: Azumarill|Belly Drum|p2a: Azumarill
|-damage|p2a: Azumarill|137\/364
|-setboost|p2a: Azumarill|atk|6|[from] move: Belly Drum
|-enditem|p2a: Azumarill|Sitrus Berry|[eat]
|-heal|p2a: Azumarill|228\/364|[from] item: Sitrus Berry
|
|-heal|p1a: Ferrothorn|334\/352|[from] item: Leftovers
|turn|14
|
|move|p1a: Ferrothorn|Protect|p1a: Ferrothorn
|-singleturn|p1a: Ferrothorn|Protect
|move|p2a: Azumarill|Play Rough|p1a: Ferrothorn
|-activate|p1a: Ferrothorn|Protect
|
|-heal|p1a: Ferrothorn|352\/352|[from] item: Leftovers
|turn|15
|
|move|p2a: Azumarill|Play Rough|p1a: Ferrothorn
|-resisted|p1a: Ferrothorn
|-damage|p1a: Ferrothorn|120\/352
|-damage|p2a: Azumarill|183\/364|[from] ability: Iron Barbs|[of] p1a: Ferrothorn
|move|p1a: Ferrothorn|Leech Seed|p2a: Azumarill
|-start|p2a: Azumarill|move: Leech Seed
|
|-heal|p1a: Ferrothorn|142\/352|[from] item: Leftovers
|-damage|p2a: Azumarill|138\/364|[from] Leech Seed|[of] p1a: Ferrothorn
|-heal|p1a: Ferrothorn|187\/352|[silent]
|turn|16
|
|move|p1a: Ferrothorn|Protect|p1a: Ferrothorn
|-singleturn|p1a: Ferrothorn|Protect
|move|p2a: Azumarill|Play Rough|p1a: Ferrothorn
|-activate|p1a: Ferrothorn|Protect
|
|-heal|p1a: Ferrothorn|209\/352|[from] item: Leftovers
|-damage|p2a: Azumarill|93\/364|[from] Leech Seed|[of] p1a: Ferrothorn
|-heal|p1a: Ferrothorn|254\/352|[silent]
|turn|17
|
|move|p2a: Azumarill|Play Rough|p1a: Ferrothorn
|-resisted|p1a: Ferrothorn
|-damage|p1a: Ferrothorn|35\/352
|-damage|p2a: Azumarill|48\/364|[from] ability: Iron Barbs|[of] p1a: Ferrothorn
|move|p1a: Ferrothorn|Spikes|p2a: Azumarill
|-sidestart|p2: AfricanPrincess|Spikes
|
|-heal|p1a: Ferrothorn|57\/352|[from] item: Leftovers
|-damage|p2a: Azumarill|3\/364|[from] Leech Seed|[of] p1a: Ferrothorn
|-heal|p1a: Ferrothorn|102\/352|[silent]
|turn|18
|
|switch|p2a: Latios|Latios, M|302\/302
|move|p1a: Ferrothorn|Protect|p1a: Ferrothorn
|-fail|p1a: Ferrothorn
|
|-heal|p1a: Ferrothorn|124\/352|[from] item: Leftovers
|turn|19
|
|move|p1a: Ferrothorn|Protect|p1a: Ferrothorn
|-singleturn|p1a: Ferrothorn|Protect
|move|p2a: Latios|Trick|p1a: Ferrothorn
|-activate|p1a: Ferrothorn|Protect
|
|-heal|p1a: Ferrothorn|146\/352|[from] item: Leftovers
|turn|20
|
|switch|p1a: Diancie|Diancie|241\/241
|-damage|p1a: Diancie|211\/241|[from] Stealth Rock
|move|p2a: Latios|Trick|p1a: Diancie
|-fail|p1a: Diancie
|
|turn|21
|
|switch|p2a: Azumarill|Azumarill, F|3\/364
|-damage|p2a: Azumarill|0 fnt|[from] Spikes
|faint|p2a: Azumarill
|detailschange|p1a: Diancie|Diancie-Mega
|message|Diancie has Mega Evolved into Mega Diancie!
|move|p1a: Diancie|Moonblast|p2: Azumarill|[notarget]
|-notarget
|
|
|switch|p2a: Rotom-Wash|Rotom-Wash|304\/304
|turn|22
|
|switch|p1a: Chansey|Chansey, F|704\/704
|-damage|p1a: Chansey|616\/704|[from] Stealth Rock
|move|p2a: Rotom-Wash|Hydro Pump|p1a: Chansey
|-damage|p1a: Chansey|529\/704
|
|turn|23
|
|switch|p2a: Landorus-Therian|Landorus-Therian, M|220\/382 tox
|-ability|p2a: Landorus-Therian|Intimidate|[of] p1a: Chansey
|-unboost|p1a: Chansey|atk|1
|move|p1a: Chansey|Wish|p1a: Chansey
|
|-heal|p2a: Landorus-Therian|243\/382 tox|[from] item: Leftovers
|-damage|p2a: Landorus-Therian|220\/382 tox|[from] psn
|turn|24
|
|switch|p1a: Ferrothorn|Ferrothorn, M|146\/352
|-damage|p1a: Ferrothorn|124\/352|[from] Stealth Rock
|move|p2a: Landorus-Therian|Earthquake|p1a: Ferrothorn
|-crit|p1a: Ferrothorn
|-damage|p1a: Ferrothorn|0 fnt
|faint|p1a: Ferrothorn
|
|-heal|p2a: Landorus-Therian|243\/382 tox|[from] item: Leftovers
|-damage|p2a: Landorus-Therian|197\/382 tox|[from] psn
|c|âOPGGNORE|wow
|c|âAfricanPrincess|swag
|c|âOPGGNORE|lucky n bad
|
|switch|p1a: Diancie|Diancie-Mega|211\/241
|-damage|p1a: Diancie|181\/241|[from] Stealth Rock
|turn|25
|
|move|p1a: Diancie|Moonblast|p2a: Landorus-Therian
|-damage|p2a: Landorus-Therian|0 fnt
|faint|p2a: Landorus-Therian
|
|c|âAfricanPrincess|mad
|c|âOPGGNORE|garbage
|
|switch|p2a: Scizor|Scizor, M|281\/281
|-damage|p2a: Scizor|235\/281|[from] Spikes
|turn|26
|
|switch|p1a: Gliscor|Gliscor, M|170\/354 tox
|-damage|p1a: Gliscor|126\/354 tox|[from] Stealth Rock
|move|p2a: Scizor|U-turn|p1a: Gliscor
|-crit|p1a: Gliscor
|-resisted|p1a: Gliscor
|-damage|p1a: Gliscor|72\/354 tox
|
|switch|p2a: Conkeldurr|Conkeldurr, M|295\/393
|-damage|p2a: Conkeldurr|230\/393|[from] Spikes
|
|-heal|p1a: Gliscor|116\/354 tox|[from] ability: Poison Heal
|turn|27
|
|move|p1a: Gliscor|Protect|p1a: Gliscor
|-singleturn|p1a: Gliscor|Protect
|move|p2a: Conkeldurr|Ice Punch|p1a: Gliscor
|-activate|p1a: Gliscor|Protect
|
|-heal|p1a: Gliscor|160\/354 tox|[from] ability: Poison Heal
|turn|28
|
|switch|p1a: Diancie|Diancie-Mega|181\/241
|-damage|p1a: Diancie|151\/241|[from] Stealth Rock
|move|p2a: Conkeldurr|Ice Punch|p1a: Diancie
|-crit|p1a: Diancie
|-damage|p1a: Diancie|29\/241
|
|turn|29
|c|âOPGGNORE|wow
|c|âAfricanPrincess|mad
|
|move|p2a: Conkeldurr|Mach Punch|p1a: Diancie
|-damage|p1a: Diancie|0 fnt
|faint|p1a: Diancie
|
|
|switch|p1a: Gothitelle|Gothitelle, F|185\/282
|-damage|p1a: Gothitelle|150\/282|[from] Stealth Rock
|turn|30
|
|move|p1a: Gothitelle|Psychic|p2a: Conkeldurr
|-supereffective|p2a: Conkeldurr
|-damage|p2a: Conkeldurr|44\/393
|move|p2a: Conkeldurr|Poison Jab|p1a: Gothitelle
|-damage|p1a: Gothitelle|64\/282
|-status|p1a: Gothitelle|psn
|
|-heal|p1a: Gothitelle|81\/282 psn|[from] item: Leftovers
|-damage|p1a: Gothitelle|46\/282 psn|[from] psn
|turn|31
|
|move|p2a: Conkeldurr|Mach Punch|p1a: Gothitelle
|-resisted|p1a: Gothitelle
|-damage|p1a: Gothitelle|11\/282 psn
|move|p1a: Gothitelle|Rest|p1a: Gothitelle
|-status|p1a: Gothitelle|slp
|-heal|p1a: Gothitelle|282\/282 slp|[silent]
|-status|p1a: Gothitelle|slp|[from] move: Rest
|
|turn|32
|
|cant|p1a: Gothitelle|slp
|move|p2a: Conkeldurr|Poison Jab|p1a: Gothitelle
|-damage|p1a: Gothitelle|191\/282 slp
|
|-heal|p1a: Gothitelle|208\/282 slp|[from] item: Leftovers
|turn|33
|
|cant|p1a: Gothitelle|slp
|move|p2a: Conkeldurr|Drain Punch|p1a: Gothitelle
|-resisted|p1a: Gothitelle
|-damage|p1a: Gothitelle|142\/282 slp
|-heal|p2a: Conkeldurr|77\/393|[from] drain|[of] p1a: Gothitelle
|
|-heal|p1a: Gothitelle|159\/282 slp|[from] item: Leftovers
|turn|34
|
|-curestatus|p1a: Gothitelle|slp
|move|p1a: Gothitelle|Psychic|p2a: Conkeldurr
|-supereffective|p2a: Conkeldurr
|-damage|p2a: Conkeldurr|0 fnt
|faint|p2a: Conkeldurr
|
|-heal|p1a: Gothitelle|176\/282|[from] item: Leftovers
|
|switch|p2a: Scizor|Scizor, M|235\/281
|-damage|p2a: Scizor|189\/281|[from] Spikes
|turn|35
|
|switch|p1a: Gliscor|Gliscor, M|160\/354 tox
|-damage|p1a: Gliscor|116\/354 tox|[from] Stealth Rock
|move|p2a: Scizor|U-turn|p1a: Gliscor
|-resisted|p1a: Gliscor
|-damage|p1a: Gliscor|74\/354 tox
|
|switch|p2a: Latios|Latios, M|302\/302
|
|-heal|p1a: Gliscor|118\/354 tox|[from] ability: Poison Heal
|turn|36
|
|move|p1a: Gliscor|Protect|p1a: Gliscor
|-singleturn|p1a: Gliscor|Protect
|move|p2a: Latios|Trick|p1a: Gliscor
|-activate|p1a: Gliscor|Protect
|
|-heal|p1a: Gliscor|162\/354 tox|[from] ability: Poison Heal
|turn|37
|
|switch|p1a: Gothitelle|Gothitelle, F|176\/282
|-damage|p1a: Gothitelle|141\/282|[from] Stealth Rock
|move|p2a: Latios|Trick|p1a: Gothitelle
|-activate|p2a: Latios|move: Trick|[of] p1a: Gothitelle
|-item|p1a: Gothitelle|Choice Specs|[from] move: Trick
|-item|p2a: Latios|Leftovers|[from] move: Trick
|
|turn|38
|
|move|p2a: Latios|Draco Meteor|p1a: Gothitelle
|-crit|p1a: Gothitelle
|-damage|p1a: Gothitelle|0 fnt
|-unboost|p2a: Latios|spa|2
|faint|p1a: Gothitelle
|
|
|switch|p1a: Heatran|Heatran, F|386\/386
|-damage|p1a: Heatran|338\/386|[from] Stealth Rock
|turn|39
|
|switch|p2a: Rotom-Wash|Rotom-Wash|304\/304
|move|p1a: Heatran|Stealth Rock|p2a: Rotom-Wash
|-sidestart|p2: AfricanPrincess|move: Stealth Rock
|
|-heal|p1a: Heatran|362\/386|[from] item: Leftovers
|turn|40
|
|move|p1a: Heatran|Protect|p1a: Heatran
|-singleturn|p1a: Heatran|Protect
|move|p2a: Rotom-Wash|Hydro Pump|p1a: Heatran
|-activate|p1a: Heatran|Protect
|
|-heal|p1a: Heatran|386\/386|[from] item: Leftovers
|turn|41
|
|move|p2a: Rotom-Wash|Hydro Pump|p1a: Heatran
|-supereffective|p1a: Heatran
|-damage|p1a: Heatran|182\/386
|move|p1a: Heatran|Lava Plume|p2a: Rotom-Wash
|-resisted|p2a: Rotom-Wash
|-damage|p2a: Rotom-Wash|266\/304
|
|-heal|p1a: Heatran|206\/386|[from] item: Leftovers
|turn|42
|
|move|p1a: Heatran|Protect|p1a: Heatran
|-singleturn|p1a: Heatran|Protect
|move|p2a: Rotom-Wash|Hydro Pump|p1a: Heatran
|-activate|p1a: Heatran|Protect
|
|-heal|p1a: Heatran|230\/386|[from] item: Leftovers
|turn|43
|
|switch|p2a: Latios|Latios, M|302\/302
|-damage|p2a: Latios|265\/302|[from] Stealth Rock
|switch|p1a: Chansey|Chansey, F|529\/704
|-damage|p1a: Chansey|441\/704|[from] Stealth Rock
|
|-heal|p2a: Latios|283\/302|[from] item: Leftovers
|turn|44
|
|move|p2a: Latios|Trick|p1a: Chansey
|-activate|p2a: Latios|move: Trick|[of] p1a: Chansey
|-item|p1a: Chansey|Leftovers|[from] move: Trick
|-item|p2a: Latios|Eviolite|[from] move: Trick
|move|p1a: Chansey|Thunder Wave|p2a: Latios
|-status|p2a: Latios|par
|
|-heal|p1a: Chansey|485\/704|[from] item: Leftovers
|turn|45
|
|switch|p2a: Rotom-Wash|Rotom-Wash|266\/304
|-damage|p2a: Rotom-Wash|228\/304|[from] Stealth Rock
|move|p1a: Chansey|Wish|p1a: Chansey
|
|-heal|p1a: Chansey|529\/704|[from] item: Leftovers
|turn|46
|
|move|p2a: Rotom-Wash|Hydro Pump|p1a: Chansey
|-damage|p1a: Chansey|388\/704
|move|p1a: Chansey|Seismic Toss|p2a: Rotom-Wash
|-damage|p2a: Rotom-Wash|128\/304
|
|-heal|p1a: Chansey|704\/704|[from] move: Wish|[wisher] Chansey
|turn|47
|
|switch|p2a: Scizor|Scizor, M|189\/281
|-damage|p2a: Scizor|143\/281|[from] Spikes
|-damage|p2a: Scizor|108\/281|[from] Stealth Rock
|move|p1a: Chansey|Seismic Toss|p2a: Scizor
|-damage|p2a: Scizor|8\/281
|
|turn|48
|
|switch|p1a: Gliscor|Gliscor, M|162\/354 tox
|-damage|p1a: Gliscor|118\/354 tox|[from] Stealth Rock
|move|p2a: Scizor|Superpower|p1a: Gliscor
|-resisted|p1a: Gliscor
|-damage|p1a: Gliscor|70\/354 tox
|-unboost|p2a: Scizor|atk|1
|-unboost|p2a: Scizor|def|1
|
|-heal|p1a: Gliscor|114\/354 tox|[from] ability: Poison Heal
|turn|49
|c|âOPGGNORE|lololololol
|
|switch|p2a: Rotom-Wash|Rotom-Wash|128\/304
|-damage|p2a: Rotom-Wash|90\/304|[from] Stealth Rock
|move|p1a: Gliscor|Protect|p1a: Gliscor
|-fail|p1a: Gliscor
|
|-heal|p1a: Gliscor|158\/354 tox|[from] ability: Poison Heal
|turn|50
|
|move|p1a: Gliscor|Protect|p1a: Gliscor
|-singleturn|p1a: Gliscor|Protect
|move|p2a: Rotom-Wash|Pain Split|p1a: Gliscor
|-activate|p1a: Gliscor|Protect
|
|-heal|p1a: Gliscor|202\/354 tox|[from] ability: Poison Heal
|turn|51
|c|âOPGGNORE|gg nub
|c|âAfricanPrincess|gg
|c|âAfricanPrincess|need something to kill ferro
|
|move|p2a: Rotom-Wash|Pain Split|p1a: Gliscor
|-sethp|p1a: Gliscor|146\/354 tox|p2a: Rotom-Wash|146\/304|[from] move: Pain Split
|move|p1a: Gliscor|Toxic|p2a: Rotom-Wash
|-status|p2a: Rotom-Wash|tox
|
|-damage|p2a: Rotom-Wash|127\/304 tox|[from] psn
|-heal|p1a: Gliscor|190\/354 tox|[from] ability: Poison Heal
|turn|52
|c|âAfricanPrincess|that's not latios
|c|âAfricanPrincess|lol
|c|âOPGGNORE|need to get good
|c|âAfricanPrincess|im better than you
|
|move|p2a: Rotom-Wash|Pain Split|p1a: Gliscor
|-sethp|p1a: Gliscor|158\/354 tox|p2a: Rotom-Wash|158\/304 tox|[from] move: Pain Split
|move|p1a: Gliscor|Taunt|p2a: Rotom-Wash
|-start|p2a: Rotom-Wash|move: Taunt
|
|-damage|p2a: Rotom-Wash|120\/304 tox|[from] psn
|-heal|p1a: Gliscor|202\/354 tox|[from] ability: Poison Heal
|turn|53
|c|âOPGGNORE|sure
|c|âOPGGNORE|that's why I beat you even with your hax
|c|âAfricanPrincess|only noobs use megas
|c|âOPGGNORE|kk
|c|âAfricanPrincess|you suck at league too
|c|âAfricanPrincess|noob
|c|âOPGGNORE|what is league?
|-message|AfricanPrincess forfeited.
|
|win|OPGGNORE
|raw|Ladder updating...
|leave|AfricanPrincess
|player|p2
|raw|OPGGNORE's rating: 1557 &rarr; <strong>1570<\/strong><br \/>(+13 for winning)
|raw|AfricanPrincess's rating: 1432 &rarr; <strong>1419<\/strong><br \/>(-13 for losing)
|c|âOPGGNORE|free points