|join|carv
|join|opggnore
|player|p1|carv|170
|player|p2|opggnore|169
|gametype|singles
|gen|6
|tier|OU
|rated
|clearpoke
|poke|p1|Skarmory, F
|poke|p1|Gothitelle, F
|poke|p1|Medicham, F
|poke|p1|Heatran, F
|poke|p1|Bisharp, M
|poke|p1|Mew
|poke|p2|Dragonite, F
|poke|p2|Wobbuffet, F
|poke|p2|Bisharp, M
|poke|p2|Mew
|poke|p2|Zapdos
|poke|p2|Venusaur, M
|rule|Swagger Clause: Swagger is banned
|rule|Baton Pass Clause: Limit one PokÃ©mon knowing Baton Pass
|rule|Sleep Clause Mod: Limit one foe put to sleep
|rule|Species Clause: Limit one of each PokÃ©mon
|rule|OHKO Clause: OHKO moves are banned
|rule|Moody Clause: Moody is banned
|rule|Evasion Moves Clause: Evasion moves are banned
|rule|Endless Battle Clause: Forcing endless battles is banned
|rule|HP Percentage Mod: HP is shown in percentages
|teampreview
carv made this room private.
|
|start
|switch|p1a: Gothitelle|Gothitelle, F|281\/281
|switch|p2a: Mew|Mew|378\/378
|turn|1
|
|move|p1a: Gothitelle|Trick|p2a: Mew
|-activate|p1a: Gothitelle|move: Trick|[of] p2a: Mew
|-item|p2a: Mew|Choice Scarf|[from] move: Trick
|-item|p1a: Gothitelle|Leftovers|[from] move: Trick
|move|p2a: Mew|Knock Off|p1a: Gothitelle
|-supereffective|p1a: Gothitelle
|-damage|p1a: Gothitelle|111\/281
|-enditem|p1a: Gothitelle|Leftovers|[from] move: Knock Off|[of] p2a: Mew
|
|turn|2
|
|move|p2a: Mew|Knock Off|p1a: Gothitelle
|-supereffective|p1a: Gothitelle
|-damage|p1a: Gothitelle|3\/281
|move|p1a: Gothitelle|Thunderbolt|p2a: Mew
|-damage|p2a: Mew|314\/378
|
|turn|3
|
|move|p2a: Mew|Knock Off|p1a: Gothitelle
|-supereffective|p1a: Gothitelle
|-damage|p1a: Gothitelle|0 fnt
|faint|p1a: Gothitelle
|
|
|switch|p1a: Medicham|Medicham, F|261\/261
|turn|4
|
|switch|p1a: Heatran|Heatran, F|323\/323
|move|p2a: Mew|Knock Off|p1a: Heatran
|-damage|p1a: Heatran|252\/323
|-enditem|p1a: Heatran|Leftovers|[from] move: Knock Off|[of] p2a: Mew
|
|turn|5
|
|switch|p2a: Dragonite|Dragonite, F|363\/363
|move|p1a: Heatran|Toxic|p2a: Dragonite
|-status|p2a: Dragonite|tox
|-enditem|p2a: Dragonite|Lum Berry|[eat]
|-curestatus|p2a: Dragonite|tox
|
|turn|6
|
|switch|p1a: Skarmory|Skarmory, F|334\/334
|move|p2a: Dragonite|Substitute|p2a: Dragonite
|-start|p2a: Dragonite|Substitute
|-damage|p2a: Dragonite|273\/363
|
|turn|7
|
|switch|p2a: Wobbuffet|Wobbuffet, F|584\/584
|move|p1a: Skarmory|Whirlwind|p2a: Wobbuffet
|drag|p2a: Dragonite|Dragonite, F|273\/363
|
|turn|8
|
|switch|p2a: Wobbuffet|Wobbuffet, F|584\/584
|move|p1a: Skarmory|Stealth Rock|p2a: Wobbuffet
|-sidestart|p2: opggnore|move: Stealth Rock
|
|turn|9
|
|move|p2a: Wobbuffet|Encore|p1a: Skarmory
|-start|p1a: Skarmory|Encore
|move|p1a: Skarmory|Stealth Rock|p2a: Wobbuffet
|-fail|p2a: Wobbuffet
|
|turn|10
|
|switch|p2a: Bisharp|Bisharp, M|271\/271
|-damage|p2a: Bisharp|255\/271|[from] Stealth Rock
|move|p1a: Skarmory|Stealth Rock|p2a: Bisharp
|-fail|p2a: Bisharp
|
|turn|11
|
|move|p2a: Bisharp|Swords Dance|p2a: Bisharp
|-boost|p2a: Bisharp|atk|2
|move|p1a: Skarmory|Stealth Rock|p2a: Bisharp
|-fail|p2a: Bisharp
|
|-end|p1a: Skarmory|Encore
|turn|12
|
|move|p2a: Bisharp|Knock Off|p1a: Skarmory
|-crit|p1a: Skarmory
|-activate|p1a: Skarmory|Sturdy
|-damage|p1a: Skarmory|1\/334
|-damage|p2a: Bisharp|210\/271|[from] item: Rocky Helmet|[of] p1a: Skarmory
|-enditem|p1a: Skarmory|Rocky Helmet|[from] move: Knock Off|[of] p2a: Bisharp
|move|p1a: Skarmory|Whirlwind|p2a: Bisharp
|drag|p2a: Dragonite|Dragonite, F|273\/363
|-damage|p2a: Dragonite|183\/363|[from] Stealth Rock
|
|turn|13
|
|switch|p2a: Wobbuffet|Wobbuffet, F|584\/584
|-damage|p2a: Wobbuffet|511\/584|[from] Stealth Rock
|move|p1a: Skarmory|Whirlwind|p2a: Wobbuffet
|drag|p2a: Venusaur|Venusaur, M|364\/364
|-damage|p2a: Venusaur|319\/364|[from] Stealth Rock
|
|turn|14
|
|switch|p2a: Wobbuffet|Wobbuffet, F|511\/584
|-damage|p2a: Wobbuffet|438\/584|[from] Stealth Rock
|move|p1a: Skarmory|Spikes|p2a: Wobbuffet
|-sidestart|p2: opggnore|Spikes
|
|-heal|p2a: Wobbuffet|474\/584|[from] item: Leftovers
|turn|15
|
|move|p1a: Skarmory|Spikes|p2a: Wobbuffet
|-sidestart|p2: opggnore|Spikes
|move|p2a: Wobbuffet|Encore|p1a: Skarmory
|-start|p1a: Skarmory|Encore
|
|-heal|p2a: Wobbuffet|510\/584|[from] item: Leftovers
|turn|16
|
|switch|p2a: Zapdos|Zapdos|384\/384
|-damage|p2a: Zapdos|288\/384|[from] Stealth Rock
|-ability|p2a: Zapdos|Pressure
|move|p1a: Skarmory|Spikes|p2a: Zapdos
|-sidestart|p2: opggnore|Spikes
|
|-heal|p2a: Zapdos|312\/384|[from] item: Leftovers
|turn|17
|
|switch|p1a: Bisharp|Bisharp, M|271\/271
|move|p2a: Zapdos|Defog|p1a: Bisharp
|-unboost|p1a: Bisharp|evasion|1
|-boost|p1a: Bisharp|atk|2|[from] ability: Defiant
|-sideend|p2: opggnore|Spikes|[from] move: Defog|[of] p2a: Zapdos
|-sideend|p2: opggnore|Stealth Rock|[from] move: Defog|[of] p2a: Zapdos
|
|-heal|p2a: Zapdos|336\/384|[from] item: Leftovers
|turn|18
|
|switch|p2a: Dragonite|Dragonite, F|183\/363
|move|p1a: Bisharp|Knock Off|p2a: Dragonite
|-damage|p2a: Dragonite|0 fnt
|-damage|p1a: Bisharp|244\/271|[from] item: Life Orb
|faint|p2a: Dragonite
|
|
|switch|p2a: Mew|Mew|314\/378
|turn|19
|
|move|p2a: Mew|Will-O-Wisp|p1a: Bisharp
|-status|p1a: Bisharp|brn
|move|p1a: Bisharp|Knock Off|p2a: Mew
|-supereffective|p2a: Mew
|-damage|p2a: Mew|0 fnt
|-enditem|p2a: Mew|Choice Scarf|[from] move: Knock Off|[of] p1a: Bisharp
|-damage|p1a: Bisharp|217\/271 brn|[from] item: Life Orb
|faint|p2a: Mew
|
|-damage|p1a: Bisharp|184\/271 brn|[from] brn
|
|switch|p2a: Venusaur|Venusaur, M|319\/364
|turn|20
|
|detailschange|p2a: Venusaur|Venusaur-Mega, M
|message|Venusaur has Mega Evolved into Mega Venusaur!
|move|p1a: Bisharp|Knock Off|p2a: Venusaur
|-damage|p2a: Venusaur|222\/364
|-damage|p1a: Bisharp|157\/271 brn|[from] item: Life Orb
|move|p2a: Venusaur|Leech Seed|p1a: Bisharp
|-start|p1a: Bisharp|move: Leech Seed
|
|-damage|p1a: Bisharp|124\/271 brn|[from] Leech Seed|[of] p2a: Venusaur
|-heal|p2a: Venusaur|255\/364|[silent]
|-damage|p1a: Bisharp|91\/271 brn|[from] brn
|turn|21
|
|move|p1a: Bisharp|Iron Head|p2a: Venusaur
|-damage|p2a: Venusaur|137\/364
|-damage|p1a: Bisharp|64\/271 brn|[from] item: Life Orb
|move|p2a: Venusaur|Leech Seed|p1a: Bisharp
|-fail|p1a: Bisharp
|
|-damage|p1a: Bisharp|31\/271 brn|[from] Leech Seed|[of] p2a: Venusaur
|-heal|p2a: Venusaur|170\/364|[silent]
|-damage|p1a: Bisharp|0 fnt|[from] brn
|faint|p1a: Bisharp
|
|switch|p1a: Medicham|Medicham, F|261\/261
|turn|22
|
|switch|p2a: Wobbuffet|Wobbuffet, F|510\/584
|detailschange|p1a: Medicham|Medicham-Mega, F
|message|Medicham has Mega Evolved into Mega Medicham!
|move|p1a: Medicham|Psycho Cut|p2a: Wobbuffet
|-crit|p2a: Wobbuffet
|-resisted|p2a: Wobbuffet
|-damage|p2a: Wobbuffet|329\/584
|
|-heal|p2a: Wobbuffet|365\/584|[from] item: Leftovers
|turn|23
|
|move|p1a: Medicham|Fake Out|p2a: Wobbuffet
|-message|(Fake Out only works your first turn out.)
|-fail|p2a: Wobbuffet
|move|p2a: Wobbuffet|Counter|p1a: Medicham
|-fail|p1a: Medicham
|
|-heal|p2a: Wobbuffet|401\/584|[from] item: Leftovers
|turn|24
|
|move|p1a: Medicham|Fake Out|p2a: Wobbuffet
|-message|(Fake Out only works your first turn out.)
|-fail|p2a: Wobbuffet
|move|p2a: Wobbuffet|Encore|p1a: Medicham
|-start|p1a: Medicham|Encore
|
|-heal|p2a: Wobbuffet|437\/584|[from] item: Leftovers
|turn|25
|
|switch|p2a: Bisharp|Bisharp, M|210\/271
|move|p1a: Medicham|Fake Out|p2a: Bisharp
|-message|(Fake Out only works your first turn out.)
|-fail|p2a: Bisharp
|
|turn|26
|
|switch|p1a: Heatran|Heatran, F|252\/323
|move|p2a: Bisharp|Swords Dance|p2a: Bisharp
|-boost|p2a: Bisharp|atk|2
|
|turn|27
|
|move|p2a: Bisharp|Sucker Punch|p1a: Heatran
|-damage|p1a: Heatran|0 fnt
|faint|p1a: Heatran
|
|
|switch|p1a: Mew|Mew|404\/404
|turn|28
|
|move|p2a: Bisharp|Knock Off|p1a: Mew
|-supereffective|p1a: Mew
|-damage|p1a: Mew|0 fnt
|-enditem|p1a: Mew|Leftovers|[from] move: Knock Off|[of] p2a: Bisharp
|faint|p1a: Mew
|
|-message|carv forfeited.
|
|win|opggnore
|raw|Ladder updating...
|leave|carv
|player|p1
|raw|carv's rating: 1565 &rarr; <strong>1548<\/strong><br \/>(-17 for losing)
|raw|opggnore's rating: 1525 &rarr; <strong>1547<\/strong><br \/>(+22 for winning)