|join|HellfireNJNP
|join|OPGGNORE
|player|p1|HellfireNJNP|265
|player|p2|OPGGNORE|2
|gametype|singles
|gen|6
|tier|OU
|rated
|clearpoke
|poke|p1|Talonflame, M
|poke|p1|Rotom-Wash
|poke|p1|Excadrill, F
|poke|p1|Kyurem-Black
|poke|p1|Pinsir, F
|poke|p1|Thundurus, M
|poke|p2|Diggersby, M, shiny
|poke|p2|Raikou, shiny
|poke|p2|Azelf, shiny
|poke|p2|Bisharp, F
|poke|p2|Slowbro, M, shiny
|poke|p2|Landorus, M
|rule|Swagger Clause: Swagger is banned
|rule|Baton Pass Clause: Limit one PokÃ©mon knowing Baton Pass
|rule|Sleep Clause Mod: Limit one foe put to sleep
|rule|Species Clause: Limit one of each PokÃ©mon
|rule|OHKO Clause: OHKO moves are banned
|rule|Moody Clause: Moody is banned
|rule|Evasion Moves Clause: Evasion moves are banned
|rule|Endless Battle Clause: Forcing endless battles is banned
|rule|HP Percentage Mod: HP is shown in percentages
|teampreview
|join|Shadow of Colossal
|c|âHellfireNJNP|u no amir?
|c|âOPGGNORE|?
|c|âHellfireNJNP|u no amir?
|c|âOPGGNORE|no
|
|start
|switch|p1a: Thundurus|Thundurus, M|300\/300
|switch|p2a: Azelf|Azelf, shiny|291\/291
|turn|1
|c|âOPGGNORE|no amir
|
|move|p1a: Thundurus|Taunt|p2a: Azelf
|-start|p2a: Azelf|move: Taunt
|cant|p2a: Azelf|move: Taunt|Stealth Rock
|
|turn|2
|join|testtard
|c|âHellfireNJNP|kk
|
|switch|p2a: Raikou|Raikou, shiny|321\/321
|-ability|p2a: Raikou|Pressure
|move|p1a: Thundurus|Volt Switch|p2a: Raikou
|-crit|p2a: Raikou
|-resisted|p2a: Raikou
|-damage|p2a: Raikou|212\/321
|-damage|p1a: Thundurus|270\/300|[from] item: Life Orb
|
|switch|p1a: Kyurem-Black|Kyurem-Black|417\/417
|-ability|p1a: Kyurem-Black|Teravolt
|
|-heal|p2a: Raikou|232\/321|[from] item: Leftovers
|turn|3
|
|move|p2a: Raikou|Volt Switch|p1a: Kyurem-Black
|-resisted|p1a: Kyurem-Black
|-damage|p1a: Kyurem-Black|367\/417
|
|switch|p2a: Azelf|Azelf, shiny|291\/291
|move|p1a: Kyurem-Black|Substitute|p1a: Kyurem-Black
|-start|p1a: Kyurem-Black|Substitute
|-damage|p1a: Kyurem-Black|263\/417
|
|turn|4
|
|move|p2a: Azelf|Stealth Rock|p1a: Kyurem-Black
|-sidestart|p1: HellfireNJNP|move: Stealth Rock
|move|p1a: Kyurem-Black|Ice Beam|p2a: Azelf
|-damage|p2a: Azelf|93\/291
|
|turn|5
|
|move|p2a: Azelf|Explosion|p1a: Kyurem-Black
|-end|p1a: Kyurem-Black|Substitute
|faint|p2a: Azelf
|move|p1a: Kyurem-Black|Substitute|p1a: Kyurem-Black
|-start|p1a: Kyurem-Black|Substitute
|-damage|p1a: Kyurem-Black|159\/417
|
|
|switch|p2a: Slowbro|Slowbro, M, shiny|394\/394
|turn|6
|
|detailschange|p2a: Slowbro|Slowbro-Mega, M, shiny
|-mega|p2a: Slowbro|Slowbro|Slowbronite
|move|p1a: Kyurem-Black|Fusion Bolt|p2a: Slowbro
|-supereffective|p2a: Slowbro
|-damage|p2a: Slowbro|244\/394
|move|p2a: Slowbro|Psyshock|p1a: Kyurem-Black
|-end|p1a: Kyurem-Black|Substitute
|
|turn|7
|
|move|p1a: Kyurem-Black|Fusion Bolt|p2a: Slowbro
|-supereffective|p2a: Slowbro
|-damage|p2a: Slowbro|92\/394
|move|p2a: Slowbro|Slack Off|p2a: Slowbro
|-heal|p2a: Slowbro|289\/394
|
|turn|8
|
|move|p1a: Kyurem-Black|Fusion Bolt|p2a: Slowbro
|-supereffective|p2a: Slowbro
|-damage|p2a: Slowbro|143\/394
|move|p2a: Slowbro|Psyshock|p1a: Kyurem-Black
|-damage|p1a: Kyurem-Black|0 fnt
|faint|p1a: Kyurem-Black
|
|
|switch|p1a: Thundurus|Thundurus, M|270\/300
|-damage|p1a: Thundurus|195\/300|[from] Stealth Rock
|turn|9
|
|switch|p2a: Diggersby|Diggersby, M, shiny|311\/311
|move|p1a: Thundurus|Volt Switch|p2a: Diggersby
|-immune|p2a: Diggersby|[msg]
|
|turn|10
|
|switch|p1a: Rotom-Wash|Rotom-Wash|304\/304
|-damage|p1a: Rotom-Wash|266\/304|[from] Stealth Rock
|move|p2a: Diggersby|Return|p1a: Rotom-Wash
|-damage|p1a: Rotom-Wash|46\/304
|-damage|p2a: Diggersby|280\/311|[from] item: Life Orb
|
|-heal|p1a: Rotom-Wash|65\/304|[from] item: Leftovers
|turn|11
|
|move|p2a: Diggersby|Return|p1a: Rotom-Wash
|-damage|p1a: Rotom-Wash|0 fnt
|-damage|p2a: Diggersby|249\/311|[from] item: Life Orb
|faint|p1a: Rotom-Wash
|
|
|switch|p1a: Pinsir|Pinsir, F|272\/272
|-damage|p1a: Pinsir|204\/272|[from] Stealth Rock
|-ability|p1a: Pinsir|Mold Breaker
|turn|12
|
|switch|p2a: Raikou|Raikou, shiny|232\/321
|-ability|p2a: Raikou|Pressure
|detailschange|p1a: Pinsir|Pinsir-Mega, F
|-mega|p1a: Pinsir|Pinsir|Pinsirite
|move|p1a: Pinsir|Return|p2a: Raikou
|-resisted|p2a: Raikou
|-damage|p2a: Raikou|61\/321
|
|-heal|p2a: Raikou|81\/321|[from] item: Leftovers
|turn|13
|
|switch|p2a: Landorus|Landorus, M|319\/319
|switch|p1a: Excadrill|Excadrill, F|361\/361
|-damage|p1a: Excadrill|350\/361|[from] Stealth Rock
|-ability|p1a: Excadrill|Mold Breaker
|
|turn|14
|
|move|p1a: Excadrill|Rapid Spin|p2a: Landorus
|-damage|p2a: Landorus|289\/319
|-sideend|p1: HellfireNJNP|Stealth Rock|[from] move: Rapid Spin|[of] p1a: Excadrill
|move|p2a: Landorus|Earth Power|p1a: Excadrill
|-supereffective|p1a: Excadrill
|-damage|p1a: Excadrill|0 fnt
|faint|p1a: Excadrill
|
|
|switch|p1a: Thundurus|Thundurus, M|195\/300
|turn|15
|
|move|p1a: Thundurus|Thunderbolt|p2a: Landorus
|-immune|p2a: Landorus|[msg]
|move|p2a: Landorus|Psychic|p1a: Thundurus
|-damage|p1a: Thundurus|0 fnt
|faint|p1a: Thundurus
|
|
|switch|p1a: Pinsir|Pinsir-Mega, F|204\/272
|turn|16
|
|move|p1a: Pinsir|Return|p2a: Landorus
|-crit|p2a: Landorus
|-damage|p2a: Landorus|0 fnt
|faint|p2a: Landorus
|
|
|switch|p2a: Raikou|Raikou, shiny|81\/321
|-ability|p2a: Raikou|Pressure
|turn|17
|
|move|p1a: Pinsir|Quick Attack|p2a: Raikou
|-resisted|p2a: Raikou
|-damage|p2a: Raikou|10\/321
|move|p2a: Raikou|Thunderbolt|p1a: Pinsir
|-supereffective|p1a: Pinsir
|-damage|p1a: Pinsir|0 fnt
|faint|p1a: Pinsir
|
|-heal|p2a: Raikou|30\/321|[from] item: Leftovers
|
|switch|p1a: Talonflame|Talonflame, M|298\/298
|turn|18
|
|move|p1a: Talonflame|Brave Bird|p2a: Raikou
|-resisted|p2a: Raikou
|-damage|p2a: Raikou|0 fnt
|-damage|p1a: Talonflame|288\/298|[from] recoil|[of] p2a: Raikou
|faint|p2a: Raikou
|
|
|switch|p2a: Slowbro|Slowbro-Mega, M, shiny|143\/394
|turn|19
|
|move|p1a: Talonflame|Brave Bird|p2a: Slowbro
|-damage|p2a: Slowbro|0 fnt
|-damage|p1a: Talonflame|241\/298|[from] recoil|[of] p2a: Slowbro
|faint|p2a: Slowbro
|
|
|switch|p2a: Bisharp|Bisharp, F|272\/272
|turn|20
|
|move|p1a: Talonflame|Brave Bird|p2a: Bisharp
|-resisted|p2a: Bisharp
|-damage|p2a: Bisharp|146\/272
|-damage|p1a: Talonflame|199\/298|[from] recoil|[of] p2a: Bisharp
|move|p2a: Bisharp|Knock Off|p1a: Talonflame
|-damage|p1a: Talonflame|0 fnt
|-enditem|p1a: Talonflame|Choice Band|[from] move: Knock Off|[of] p2a: Bisharp
|faint|p1a: Talonflame
|
|win|OPGGNORE
|raw|Ladder updating...
|raw|HellfireNJNP's rating: 1609 &rarr; <strong>1592<\/strong><br \/>(-17 for losing)
|raw|OPGGNORE's rating: 1659 &rarr; <strong>1676<\/strong><br \/>(+17 for winning)
|c|âOPGGNORE|gg