|join|markastan
|join|OPGGNORE
|player|p1|markastan|20
|player|p2|OPGGNORE|265
|gametype|singles
|gen|6
|tier|OU
|rated
|clearpoke
|poke|p1|Kyurem-Black, shiny
|poke|p1|Scizor, M, shiny
|poke|p1|Keldeo-Resolute, shiny
|poke|p1|Latias, F, shiny
|poke|p1|Landorus-Therian, M, shiny
|poke|p1|Manaphy, shiny
|poke|p2|Togekiss, M
|poke|p2|Metagross
|poke|p2|Garchomp, M
|poke|p2|Crawdaunt, F
|poke|p2|Breloom, F
|poke|p2|Heatran, M
|rule|Swagger Clause: Swagger is banned
|rule|Baton Pass Clause: Limit one PokÃ©mon knowing Baton Pass
|rule|Sleep Clause Mod: Limit one foe put to sleep
|rule|Species Clause: Limit one of each PokÃ©mon
|rule|OHKO Clause: OHKO moves are banned
|rule|Moody Clause: Moody is banned
|rule|Evasion Moves Clause: Evasion moves are banned
|rule|Endless Battle Clause: Forcing endless battles is banned
|rule|HP Percentage Mod: HP is shown in percentages
|teampreview
|
|start
|switch|p1a: Kyurem-Dark|Kyurem-Black, shiny|404\/404
|switch|p2a: Togekiss|Togekiss, M|374\/374
|-ability|p1a: Kyurem-Dark|Teravolt
|turn|1
|
|move|p1a: Kyurem-Dark|Ice Beam|p2a: Togekiss
|-supereffective|p2a: Togekiss
|-damage|p2a: Togekiss|109\/374
|-damage|p1a: Kyurem-Dark|364\/404|[from] item: Life Orb
|move|p2a: Togekiss|Thunder Wave|p1a: Kyurem-Dark
|-status|p1a: Kyurem-Dark|par
|
|-heal|p2a: Togekiss|132\/374|[from] item: Leftovers
|turn|2
|
|move|p2a: Togekiss|Roost|p2a: Togekiss
|-heal|p2a: Togekiss|319\/374
|cant|p1a: Kyurem-Dark|par
|
|-heal|p2a: Togekiss|342\/374|[from] item: Leftovers
|turn|3
|
|move|p2a: Togekiss|Air Slash|p1a: Kyurem-Dark
|-damage|p1a: Kyurem-Dark|240\/404 par
|cant|p1a: Kyurem-Dark|flinch
|
|-heal|p2a: Togekiss|365\/374|[from] item: Leftovers
|turn|4
|
|move|p2a: Togekiss|Air Slash|p1a: Kyurem-Dark
|-damage|p1a: Kyurem-Dark|116\/404 par
|cant|p1a: Kyurem-Dark|par
|
|-heal|p2a: Togekiss|374\/374|[from] item: Leftovers
|turn|5
|
|move|p2a: Togekiss|Air Slash|p1a: Kyurem-Dark
|-damage|p1a: Kyurem-Dark|0 fnt
|faint|p1a: Kyurem-Dark
|
|
|switch|p1a: Manaphy|Manaphy, shiny|401\/401
|turn|6
|
|move|p1a: Manaphy|Rain Dance|p1a: Manaphy
|-weather|RainDance
|move|p2a: Togekiss|Thunder Wave|p1a: Manaphy
|-status|p1a: Manaphy|par
|
|-weather|RainDance|[upkeep]
|-curestatus|p1a: Manaphy|par
|turn|7
|c|âmarkastan|go into breloom
|c|âmarkastan|:p
|c|âOPGGNORE|im scurred
|
|switch|p2a: Breloom|Breloom, F|261\/261
|move|p1a: Manaphy|Tail Glow|p1a: Manaphy
|-boost|p1a: Manaphy|spa|3
|
|-weather|RainDance|[upkeep]
|turn|8
|
|move|p2a: Breloom|Spore|p1a: Manaphy
|-status|p1a: Manaphy|slp
|cant|p1a: Manaphy|slp
|
|-weather|RainDance|[upkeep]
|-curestatus|p1a: Manaphy|slp
|turn|9
|
|move|p2a: Breloom|Spore|p1a: Manaphy
|-status|p1a: Manaphy|slp
|cant|p1a: Manaphy|slp
|
|-weather|RainDance|[upkeep]
|-curestatus|p1a: Manaphy|slp
|turn|10
|c|âmarkastan|lol
|
|switch|p1a: Landorus-Therian|Landorus-Therian, M, shiny|381\/381
|-ability|p1a: Landorus-Therian|Intimidate|[of] p2a: Breloom
|-unboost|p2a: Breloom|atk|1
|move|p2a: Breloom|Spore|p1a: Landorus-Therian
|-status|p1a: Landorus-Therian|slp
|
|-weather|none
|turn|11
|
|switch|p2a: Metagross|Metagross|301\/301
|switch|p1a: SitrusBerry|Latias, F, shiny|319\/319
|
|turn|12
|
|detailschange|p2a: Metagross|Metagross-Mega
|-mega|p2a: Metagross|Metagross|Metagrossite
|move|p1a: SitrusBerry|Healing Wish|p1a: SitrusBerry
|faint|p1a: SitrusBerry
|move|p2a: Metagross|Power-Up Punch|p1: SitrusBerry|[notarget]
|-notarget
|
|
|switch|p1a: Manaphy|Manaphy, shiny|401\/401
|-heal|p1a: Manaphy|401\/401|[from] move: Healing Wish
|turn|13
|c|âmarkastan|lol
|
|switch|p2a: Breloom|Breloom, F|261\/261
|move|p1a: Manaphy|Tail Glow|p1a: Manaphy
|-boost|p1a: Manaphy|spa|3
|
|turn|14
|
|move|p2a: Breloom|Bullet Seed|p1a: Manaphy
|-supereffective|p1a: Manaphy
|-damage|p1a: Manaphy|211\/401
|-supereffective|p1a: Manaphy
|-damage|p1a: Manaphy|45\/401
|-supereffective|p1a: Manaphy
|-damage|p1a: Manaphy|0 fnt
|-hitcount|p1a: Manaphy|3
|-damage|p2a: Breloom|235\/261|[from] item: Life Orb
|faint|p1a: Manaphy
|
|c|âOPGGNORE|lol
|
|switch|p1a: Landorus-Therian|Landorus-Therian, M, shiny|381\/381 slp
|-ability|p1a: Landorus-Therian|Intimidate|[of] p2a: Breloom
|-unboost|p2a: Breloom|atk|1
|turn|15
|c|âmarkastan|?
|c|âmarkastan|am i good?
|
|move|p2a: Breloom|Swords Dance|p2a: Breloom
|-boost|p2a: Breloom|atk|2
|cant|p1a: Landorus-Therian|slp
|
|turn|16
|c|âmarkastan|am i good battler?
|
|move|p2a: Breloom|Bullet Seed|p1a: Landorus-Therian
|-damage|p1a: Landorus-Therian|282\/381 slp
|-damage|p1a: Landorus-Therian|168\/381 slp
|-hitcount|p1a: Landorus-Therian|2
|-damage|p2a: Breloom|209\/261|[from] item: Life Orb
|cant|p1a: Landorus-Therian|slp
|
|-heal|p1a: Landorus-Therian|191\/381 slp|[from] item: Leftovers
|turn|17
|
|move|p2a: Breloom|Bullet Seed|p1a: Landorus-Therian
|-damage|p1a: Landorus-Therian|77\/381 slp
|-damage|p1a: Landorus-Therian|0 fnt
|-hitcount|p1a: Landorus-Therian|2
|-damage|p2a: Breloom|183\/261|[from] item: Life Orb
|faint|p1a: Landorus-Therian
|
|
|switch|p1a: Not A Brony|Keldeo-Resolute, shiny|323\/323
|turn|18
|c|âOPGGNORE|no you copy teams
|c|âOPGGNORE|so not really
|
|switch|p2a: Togekiss|Togekiss, M|374\/374
|move|p1a: Not A Brony|Secret Sword|p2a: Togekiss
|-resisted|p2a: Togekiss
|-damage|p2a: Togekiss|337\/374
|
|-heal|p2a: Togekiss|360\/374|[from] item: Leftovers
|turn|19
|c|âmarkastan|what u mean i copy teams
|
|switch|p1a: Scizor|Scizor, M, shiny|343\/343
|move|p2a: Togekiss|Air Slash|p1a: Scizor
|-damage|p1a: Scizor|249\/343
|
|-heal|p2a: Togekiss|374\/374|[from] item: Leftovers
|turn|20
|c|âOPGGNORE|I mean you sopy teams
|c|âOPGGNORE|copy and paste
|
|detailschange|p1a: Scizor|Scizor-Mega, M, shiny
|-mega|p1a: Scizor|Scizor|Scizorite
|move|p2a: Togekiss|Thunder Wave|p1a: Scizor
|-status|p1a: Scizor|par
|cant|p1a: Scizor|par
|
|turn|21
|c|âmarkastan|i dont
|
|switch|p2a: Heatran|Heatran, M|386\/386
|move|p1a: Scizor|Bullet Punch|p2a: Heatran
|-crit|p2a: Heatran
|-resisted|p2a: Heatran
|-damage|p2a: Heatran|351\/386
|
|-heal|p2a: Heatran|375\/386|[from] item: Leftovers
|turn|22
|c|âOPGGNORE|uh huh
|c|âOPGGNORE|that's why I ve seens this exact team b4
|c|âmarkastan|thats me
|c|âOPGGNORE|with the keldeo with the same nickname
|c|âOPGGNORE|sure
|
|move|p2a: Heatran|Lava Plume|p1a: Scizor
|-supereffective|p1a: Scizor
|-damage|p1a: Scizor|0 fnt
|faint|p1a: Scizor
|
|-heal|p2a: Heatran|386\/386|[from] item: Leftovers
|
|switch|p1a: Not A Brony|Keldeo-Resolute, shiny|323\/323
|turn|23
|
|switch|p2a: Togekiss|Togekiss, M|374\/374
|move|p1a: Not A Brony|Hidden Power|p2a: Togekiss
|-supereffective|p2a: Togekiss
|-damage|p2a: Togekiss|288\/374
|
|-heal|p2a: Togekiss|311\/374|[from] item: Leftovers
|turn|24
|
|move|p1a: Not A Brony|Hidden Power|p2a: Togekiss
|-supereffective|p2a: Togekiss
|-damage|p2a: Togekiss|215\/374
|move|p2a: Togekiss|Thunder Wave|p1a: Not A Brony
|-status|p1a: Not A Brony|par
|
|-heal|p2a: Togekiss|238\/374|[from] item: Leftovers
|turn|25
|c|âmarkastan|can u make a team with me?
|c|âmarkastan|i need a good team
|c|âmarkastan|which wont be beaten
|c|âOPGGNORE|you have one
|
|move|p2a: Togekiss|Air Slash|p1a: Not A Brony
|-supereffective|p1a: Not A Brony
|-damage|p1a: Not A Brony|81\/323 par
|cant|p1a: Not A Brony|par
|
|-heal|p2a: Togekiss|261\/374|[from] item: Leftovers
|turn|26
|c|âOPGGNORE|you have a good team
|c|âmarkastan|do u think this team is good?
|c|âOPGGNORE|a very good team
|c|âmarkastan|the problem is
|c|âmarkastan|me
|c|âmarkastan|right?
|c|âOPGGNORE|uh
|
|move|p2a: Togekiss|Air Slash|p1a: Not A Brony
|-supereffective|p1a: Not A Brony
|-damage|p1a: Not A Brony|0 fnt
|faint|p1a: Not A Brony
|
|win|OPGGNORE
|raw|Ladder updating...
|raw|markastan's rating: 1459 &rarr; <strong>1440<\/strong><br \/>(-19 for losing)
|raw|OPGGNORE's rating: 1479 &rarr; <strong>1498<\/strong><br \/>(+19 for winning)
|c|âOPGGNORE|yeh
|c|âOPGGNORE|no offence