|join|OPGGNORE
|join|onurbs
|player|p1|OPGGNORE|2
|player|p2|onurbs|290
|gametype|singles
|gen|6
|tier|OU (suspect test)
|rated
|clearpoke
|poke|p1|Azelf
|poke|p1|Seismitoad, M
|poke|p1|Skarmory, F
|poke|p1|Heatran, M
|poke|p1|Manectric, M
|poke|p1|Amoonguss, F
|poke|p2|Rotom-Wash
|poke|p2|Heatran, F
|poke|p2|Landorus-Therian, M
|poke|p2|Scizor, M
|poke|p2|Latias, F
|poke|p2|Clefable, F
|rule|Swagger Clause: Swagger is banned
|rule|Baton Pass Clause: Limit one PokÃ©mon knowing Baton Pass
|rule|Sleep Clause Mod: Limit one foe put to sleep
|rule|Species Clause: Limit one of each PokÃ©mon
|rule|OHKO Clause: OHKO moves are banned
|rule|Moody Clause: Moody is banned
|rule|Evasion Moves Clause: Evasion moves are banned
|rule|Endless Battle Clause: Forcing endless battles is banned
|rule|HP Percentage Mod: HP is shown in percentages
|teampreview
|
|start
|switch|p1a: Azelf|Azelf|291\/291
|switch|p2a: Landorus-Therian|Landorus-Therian, M|320\/320
|-ability|p2a: Landorus-Therian|Intimidate|[of] p1a: Azelf
|-unboost|p1a: Azelf|atk|1
|turn|1
|
|move|p1a: Azelf|Hidden Power|p2a: Landorus-Therian
|-supereffective|p2a: Landorus-Therian
|-damage|p2a: Landorus-Therian|0 fnt
|faint|p2a: Landorus-Therian
|
|
|switch|p2a: Heatran|Heatran, F|386\/386
|turn|2
|
|switch|p1a: Seismitoad|Seismitoad, M|414\/414
|move|p2a: Heatran|Stealth Rock|p1a: Seismitoad
|-sidestart|p1: OPGGNORE|move: Stealth Rock
|
|turn|3
|
|switch|p2a: Rotom-Wash|Rotom-Wash|304\/304
|move|p1a: Seismitoad|Stealth Rock|p2a: Rotom-Wash
|-sidestart|p2: onurbs|move: Stealth Rock
|
|turn|4
|
|move|p2a: Rotom-Wash|Will-O-Wisp|p1a: Seismitoad
|-status|p1a: Seismitoad|brn
|move|p1a: Seismitoad|Toxic|p2a: Rotom-Wash
|-status|p2a: Rotom-Wash|tox
|
|-damage|p2a: Rotom-Wash|285\/304 tox|[from] psn
|-damage|p1a: Seismitoad|363\/414 brn|[from] brn
|turn|5
|
|move|p2a: Rotom-Wash|Hydro Pump|p1a: Seismitoad
|-heal|p1a: Seismitoad|414\/414 brn|[from] ability: Water Absorb|[of] p2a: Rotom-Wash
|move|p1a: Seismitoad|Scald|p2a: Rotom-Wash
|-crit|p2a: Rotom-Wash
|-resisted|p2a: Rotom-Wash
|-damage|p2a: Rotom-Wash|224\/304 tox
|
|-heal|p2a: Rotom-Wash|243\/304 tox|[from] item: Leftovers
|-damage|p2a: Rotom-Wash|205\/304 tox|[from] psn
|-damage|p1a: Seismitoad|363\/414 brn|[from] brn
|turn|6
|
|switch|p2a: Latias|Latias, F|301\/301
|-damage|p2a: Latias|264\/301|[from] Stealth Rock
|move|p1a: Seismitoad|Scald|p2a: Latias
|-resisted|p2a: Latias
|-damage|p2a: Latias|232\/301
|-status|p2a: Latias|brn
|
|-heal|p1a: Seismitoad|388\/414 brn|[from] item: Leftovers
|-damage|p2a: Latias|195\/301 brn|[from] brn
|-damage|p1a: Seismitoad|337\/414 brn|[from] brn
|turn|7
|
|switch|p2a: Rotom-Wash|Rotom-Wash|205\/304 tox
|-damage|p2a: Rotom-Wash|167\/304 tox|[from] Stealth Rock
|switch|p1a: Heatran|Heatran, M|386\/386
|-damage|p1a: Heatran|338\/386|[from] Stealth Rock
|
|-heal|p2a: Rotom-Wash|186\/304 tox|[from] item: Leftovers
|-heal|p1a: Heatran|362\/386|[from] item: Leftovers
|-damage|p2a: Rotom-Wash|167\/304 tox|[from] psn
|turn|8
|
|move|p1a: Heatran|Protect|p1a: Heatran
|-singleturn|p1a: Heatran|Protect
|move|p2a: Rotom-Wash|Volt Switch|p1a: Heatran
|-activate|p1a: Heatran|Protect
|
|-heal|p2a: Rotom-Wash|186\/304 tox|[from] item: Leftovers
|-heal|p1a: Heatran|386\/386|[from] item: Leftovers
|-damage|p2a: Rotom-Wash|148\/304 tox|[from] psn
|turn|9
|
|switch|p1a: Seismitoad|Seismitoad, M|337\/414 brn
|-damage|p1a: Seismitoad|312\/414 brn|[from] Stealth Rock
|move|p2a: Rotom-Wash|Hydro Pump|p1a: Seismitoad
|-heal|p1a: Seismitoad|414\/414 brn|[from] ability: Water Absorb|[of] p2a: Rotom-Wash
|
|-heal|p2a: Rotom-Wash|167\/304 tox|[from] item: Leftovers
|-damage|p2a: Rotom-Wash|110\/304 tox|[from] psn
|-damage|p1a: Seismitoad|363\/414 brn|[from] brn
|turn|10
|
|switch|p2a: Clefable|Clefable, F|394\/394
|switch|p1a: Amoonguss|Amoonguss, F|432\/432
|-damage|p1a: Amoonguss|378\/432|[from] Stealth Rock
|
|-heal|p1a: Amoonguss|405\/432|[from] item: Black Sludge
|turn|11
|
|move|p2a: Clefable|Flamethrower|p1a: Amoonguss
|-supereffective|p1a: Amoonguss
|-damage|p1a: Amoonguss|235\/432
|move|p1a: Amoonguss|Spore|p2a: Clefable
|-status|p2a: Clefable|slp
|
|-heal|p1a: Amoonguss|262\/432|[from] item: Black Sludge
|turn|12
|
|switch|p1a: Azelf|Azelf|291\/291
|-damage|p1a: Azelf|255\/291|[from] Stealth Rock
|cant|p2a: Clefable|slp
|
|turn|13
|
|switch|p2a: Rotom-Wash|Rotom-Wash|110\/304 tox
|-damage|p2a: Rotom-Wash|72\/304 tox|[from] Stealth Rock
|move|p1a: Azelf|U-turn|p2a: Rotom-Wash
|-damage|p2a: Rotom-Wash|30\/304 tox
|
|switch|p1a: Manectric|Manectric, M|281\/281
|-damage|p1a: Manectric|246\/281|[from] Stealth Rock
|
|-heal|p2a: Rotom-Wash|49\/304 tox|[from] item: Leftovers
|-damage|p2a: Rotom-Wash|30\/304 tox|[from] psn
|turn|14
|
|detailschange|p1a: Manectric|Manectric-Mega, M
|-mega|p1a: Manectric|Manectric|Manectite
|-ability|p1a: Manectric|Intimidate|[of] p2a: Rotom-Wash
|-unboost|p2a: Rotom-Wash|atk|1
|move|p1a: Manectric|Volt Switch|p2a: Rotom-Wash
|-damage|p2a: Rotom-Wash|0 fnt
|faint|p2a: Rotom-Wash
|
|switch|p1a: Azelf|Azelf|255\/291
|-damage|p1a: Azelf|219\/291|[from] Stealth Rock
|
|
|switch|p2a: Heatran|Heatran, F|386\/386
|-damage|p2a: Heatran|338\/386|[from] Stealth Rock
|turn|15
|
|move|p2a: Heatran|Protect|p2a: Heatran
|-singleturn|p2a: Heatran|Protect
|move|p1a: Azelf|U-turn|p2a: Heatran
|-activate|p2a: Heatran|Protect
|
|-heal|p2a: Heatran|362\/386|[from] item: Leftovers
|turn|16
|
|move|p1a: Azelf|U-turn|p2a: Heatran
|-resisted|p2a: Heatran
|-damage|p2a: Heatran|346\/386
|
|switch|p1a: Heatran|Heatran, M|386\/386
|-damage|p1a: Heatran|338\/386|[from] Stealth Rock
|move|p2a: Heatran|Lava Plume|p1a: Heatran
|-start|p1a: Heatran|ability: Flash Fire
|
|-heal|p2a: Heatran|370\/386|[from] item: Leftovers
|-heal|p1a: Heatran|362\/386|[from] item: Leftovers
|turn|17
|
|move|p1a: Heatran|Protect|p1a: Heatran
|-singleturn|p1a: Heatran|Protect
|move|p2a: Heatran|Toxic|p1a: Heatran
|-activate|p1a: Heatran|Protect
|
|-heal|p2a: Heatran|386\/386|[from] item: Leftovers
|-heal|p1a: Heatran|386\/386|[from] item: Leftovers
|turn|18
|
|move|p2a: Heatran|Toxic|p1a: Heatran
|-fail|p1a: Heatran
|move|p1a: Heatran|Roar|p2a: Heatran
|drag|p2a: Scizor|Scizor, M|344\/344
|-damage|p2a: Scizor|301\/344|[from] Stealth Rock
|
|turn|19
|-message|onurbs forfeited.
|
|win|OPGGNORE
|raw|Ladder updating...
|leave|onurbs
|player|p2
|raw|OPGGNORE's rating: 1260 &rarr; <strong>1278<\/strong><br \/>(+18 for winning)
|raw|onurbs's rating: 1163 &rarr; <strong>1145<\/strong><br \/>(-18 for losing)