|join|OPGGNORE
|join|Scyrel
|player|p1|OPGGNORE|1
|player|p2|Scyrel|170
|gametype|singles
|gen|6
|tier|OU (suspect test)
|rated
|clearpoke
|poke|p1|Scizor, F
|poke|p1|Keldeo-Resolute
|poke|p1|Mandibuzz, F
|poke|p1|Chansey, F
|poke|p1|Landorus-Therian, M
|poke|p1|Sylveon, M
|poke|p2|Ferrothorn, M
|poke|p2|Gengar, M
|poke|p2|Clefable, M
|poke|p2|Starmie
|poke|p2|Ampharos, M
|poke|p2|Terrakion
|rule|Swagger Clause: Swagger is banned
|rule|Baton Pass Clause: Limit one PokÃ©mon knowing Baton Pass
|rule|Sleep Clause Mod: Limit one foe put to sleep
|rule|Species Clause: Limit one of each PokÃ©mon
|rule|OHKO Clause: OHKO moves are banned
|rule|Moody Clause: Moody is banned
|rule|Evasion Moves Clause: Evasion moves are banned
|rule|Endless Battle Clause: Forcing endless battles is banned
|rule|HP Percentage Mod: HP is shown in percentages
|teampreview
|
|start
|switch|p1a: Scizor|Scizor, F|281\/281
|switch|p2a: Ferrothorn|Ferrothorn, M|352\/352
|turn|1
|
|detailschange|p1a: Scizor|Scizor-Mega, F
|-mega|p1a: Scizor|Scizor|Scizorite
|move|p2a: Ferrothorn|Protect|p2a: Ferrothorn
|-singleturn|p2a: Ferrothorn|Protect
|move|p1a: Scizor|Swords Dance|p1a: Scizor
|-boost|p1a: Scizor|atk|2
|
|turn|2
|
|switch|p2a: Gengar|Gengar, M|261\/261
|move|p1a: Scizor|Superpower|p2a: Gengar
|-immune|p2a: Gengar|[msg]
|
|turn|3
|
|switch|p2a: Ferrothorn|Ferrothorn, M|352\/352
|move|p1a: Scizor|Bullet Punch|p2a: Ferrothorn
|-resisted|p2a: Ferrothorn
|-damage|p2a: Ferrothorn|265\/352
|-damage|p1a: Scizor|246\/281|[from] ability: Iron Barbs|[of] p2a: Ferrothorn
|-damage|p1a: Scizor|200\/281|[from] item: Rocky Helmet|[of] p2a: Ferrothorn
|
|turn|4
|
|switch|p2a: Gengar|Gengar, M|261\/261
|move|p1a: Scizor|Superpower|p2a: Gengar
|-immune|p2a: Gengar|[msg]
|
|turn|5
|
|move|p1a: Scizor|Bullet Punch|p2a: Gengar
|-damage|p2a: Gengar|0 fnt
|faint|p2a: Gengar
|
|
|switch|p2a: Starmie|Starmie|261\/261
|turn|6
|
|switch|p1a: Chansey|Chansey, F|704\/704
|move|p2a: Starmie|Hydro Pump|p1a: Chansey|[miss]
|-miss|p2a: Starmie|p1a: Chansey
|
|turn|7
|
|switch|p2a: Ampharos|Ampharos, M|383\/383
|move|p1a: Chansey|Stealth Rock|p2a: Ampharos
|-sidestart|p2: Scyrel|move: Stealth Rock
|
|turn|8
|
|detailschange|p2a: Ampharos|Ampharos-Mega, M
|-mega|p2a: Ampharos|Ampharos|Ampharosite
|-ability|p2a: Ampharos|Mold Breaker
|move|p2a: Ampharos|Volt Switch|p1a: Chansey
|-damage|p1a: Chansey|619\/704
|
|switch|p2a: Ferrothorn|Ferrothorn, M|265\/352
|-damage|p2a: Ferrothorn|243\/352|[from] Stealth Rock
|move|p1a: Chansey|Seismic Toss|p2a: Ferrothorn
|-damage|p2a: Ferrothorn|143\/352
|-damage|p1a: Chansey|531\/704|[from] ability: Iron Barbs|[of] p2a: Ferrothorn
|-damage|p1a: Chansey|414\/704|[from] item: Rocky Helmet|[of] p2a: Ferrothorn
|
|turn|9
|
|switch|p1a: Keldeo-Resolute|Keldeo-Resolute|324\/324
|move|p2a: Ferrothorn|Leech Seed|p1a: Keldeo-Resolute
|-start|p1a: Keldeo-Resolute|move: Leech Seed
|
|-damage|p1a: Keldeo-Resolute|284\/324|[from] Leech Seed|[of] p2a: Ferrothorn
|-heal|p2a: Ferrothorn|183\/352|[silent]
|turn|10
|
|switch|p1a: Landorus-Therian|Landorus-Therian, M|320\/320
|-ability|p1a: Landorus-Therian|Intimidate|[of] p2a: Ferrothorn
|-unboost|p2a: Ferrothorn|atk|1
|switch|p2a: Clefable|Clefable, M|394\/394
|
|turn|11
|
|move|p1a: Landorus-Therian|Earthquake|p2a: Clefable
|-damage|p2a: Clefable|219\/394
|move|p2a: Clefable|Flamethrower|p1a: Landorus-Therian
|-damage|p1a: Landorus-Therian|208\/320
|-status|p1a: Landorus-Therian|brn
|
|-damage|p1a: Landorus-Therian|168\/320 brn|[from] brn
|turn|12
|c|âOPGGNORE|wow
|
|switch|p1a: Sylveon|Sylveon, M|394\/394
|move|p2a: Clefable|Soft-Boiled|p2a: Clefable
|-heal|p2a: Clefable|394\/394
|
|turn|13
|c|âOPGGNORE|nice hax
|
|move|p1a: Sylveon|Hyper Voice|p2a: Clefable
|-damage|p2a: Clefable|91\/394
|move|p2a: Clefable|Calm Mind|p2a: Clefable
|-boost|p2a: Clefable|spa|1
|-boost|p2a: Clefable|spd|1
|
|turn|14
|
|switch|p2a: Terrakion|Terrakion|323\/323
|-damage|p2a: Terrakion|303\/323|[from] Stealth Rock
|move|p1a: Sylveon|Hyper Voice|p2a: Terrakion
|-supereffective|p2a: Terrakion
|-damage|p2a: Terrakion|0 fnt
|faint|p2a: Terrakion
|
|
|switch|p2a: Ferrothorn|Ferrothorn, M|183\/352
|-damage|p2a: Ferrothorn|161\/352|[from] Stealth Rock
|turn|15
|
|switch|p1a: Keldeo-Resolute|Keldeo-Resolute|284\/324
|move|p2a: Ferrothorn|Leech Seed|p1a: Keldeo-Resolute
|-start|p1a: Keldeo-Resolute|move: Leech Seed
|
|-heal|p1a: Keldeo-Resolute|304\/324|[from] item: Leftovers
|-damage|p1a: Keldeo-Resolute|264\/324|[from] Leech Seed|[of] p2a: Ferrothorn
|-heal|p2a: Ferrothorn|201\/352|[silent]
|turn|16
|
|switch|p2a: Starmie|Starmie|261\/261
|-damage|p2a: Starmie|229\/261|[from] Stealth Rock
|move|p1a: Keldeo-Resolute|Calm Mind|p1a: Keldeo-Resolute
|-boost|p1a: Keldeo-Resolute|spa|1
|-boost|p1a: Keldeo-Resolute|spd|1
|
|-heal|p1a: Keldeo-Resolute|284\/324|[from] item: Leftovers
|-damage|p1a: Keldeo-Resolute|244\/324|[from] Leech Seed|[of] p2a: Starmie
|-heal|p2a: Starmie|261\/261|[silent]
|turn|17
|
|switch|p1a: Chansey|Chansey, F|414\/704
|move|p2a: Starmie|Rapid Spin|p1a: Chansey
|-damage|p1a: Chansey|393\/704
|-sideend|p2: Scyrel|Stealth Rock|[from] move: Rapid Spin|[of] p2a: Starmie
|-damage|p2a: Starmie|235\/261|[from] item: Life Orb
|
|turn|18
|
|switch|p2a: Ferrothorn|Ferrothorn, M|201\/352
|move|p1a: Chansey|Soft-Boiled|p1a: Chansey
|-heal|p1a: Chansey|704\/704
|
|turn|19
|
|move|p1a: Chansey|Stealth Rock|p2a: Ferrothorn
|-sidestart|p2: Scyrel|move: Stealth Rock
|move|p2a: Ferrothorn|Leech Seed|p1a: Chansey
|-start|p1a: Chansey|move: Leech Seed
|
|-damage|p1a: Chansey|616\/704|[from] Leech Seed|[of] p2a: Ferrothorn
|-heal|p2a: Ferrothorn|289\/352|[silent]
|turn|20
|
|move|p1a: Chansey|Thunder Wave|p2a: Ferrothorn
|-status|p2a: Ferrothorn|par
|move|p2a: Ferrothorn|Stealth Rock|p1a: Chansey
|-sidestart|p1: OPGGNORE|move: Stealth Rock
|
|-damage|p1a: Chansey|528\/704|[from] Leech Seed|[of] p2a: Ferrothorn
|-heal|p2a: Ferrothorn|352\/352 par|[silent]
|turn|21
|
|switch|p1a: Mandibuzz|Mandibuzz, F|424\/424
|-damage|p1a: Mandibuzz|318\/424|[from] Stealth Rock
|move|p2a: Ferrothorn|Leech Seed|p1a: Mandibuzz
|-start|p1a: Mandibuzz|move: Leech Seed
|
|-heal|p1a: Mandibuzz|344\/424|[from] item: Leftovers
|-damage|p1a: Mandibuzz|291\/424|[from] Leech Seed|[of] p2a: Ferrothorn
|turn|22
|
|switch|p1a: Keldeo-Resolute|Keldeo-Resolute|244\/324
|-damage|p1a: Keldeo-Resolute|224\/324|[from] Stealth Rock
|move|p2a: Ferrothorn|Stealth Rock|p1a: Keldeo-Resolute
|-fail|p1a: Keldeo-Resolute
|
|-heal|p1a: Keldeo-Resolute|244\/324|[from] item: Leftovers
|turn|23
|
|switch|p2a: Starmie|Starmie|235\/261
|-damage|p2a: Starmie|203\/261|[from] Stealth Rock
|move|p1a: Keldeo-Resolute|Secret Sword|p2a: Starmie
|-resisted|p2a: Starmie
|-damage|p2a: Starmie|116\/261
|
|-heal|p1a: Keldeo-Resolute|264\/324|[from] item: Leftovers
|turn|24
|
|switch|p1a: Chansey|Chansey, F|528\/704
|-damage|p1a: Chansey|440\/704|[from] Stealth Rock
|move|p2a: Starmie|Psyshock|p1a: Chansey
|-crit|p1a: Chansey
|-damage|p1a: Chansey|73\/704
|-damage|p2a: Starmie|90\/261|[from] item: Life Orb
|
|turn|25
|c|âOPGGNORE|wow
|c|âOPGGNORE|just wow
|
|move|p2a: Starmie|Psyshock|p1a: Chansey
|-damage|p1a: Chansey|0 fnt
|-damage|p2a: Starmie|64\/261|[from] item: Life Orb
|faint|p1a: Chansey
|
|c|âOPGGNORE|lucky n bad
|
|switch|p1a: Landorus-Therian|Landorus-Therian, M|168\/320 brn
|-damage|p1a: Landorus-Therian|128\/320 brn|[from] Stealth Rock
|-ability|p1a: Landorus-Therian|Intimidate|[of] p2a: Starmie
|-unboost|p2a: Starmie|atk|1
|turn|26
|
|switch|p2a: Ferrothorn|Ferrothorn, M|352\/352 par
|-damage|p2a: Ferrothorn|330\/352 par|[from] Stealth Rock
|move|p1a: Landorus-Therian|U-turn|p2a: Ferrothorn
|-damage|p2a: Ferrothorn|300\/352 par
|-damage|p1a: Landorus-Therian|88\/320 brn|[from] ability: Iron Barbs|[of] p2a: Ferrothorn
|-damage|p1a: Landorus-Therian|35\/320 brn|[from] item: Rocky Helmet|[of] p2a: Ferrothorn
|
|switch|p1a: Scizor|Scizor-Mega, F|200\/281
|-damage|p1a: Scizor|165\/281|[from] Stealth Rock
|
|turn|27
|
|move|p1a: Scizor|Swords Dance|p1a: Scizor
|-boost|p1a: Scizor|atk|2
|move|p2a: Ferrothorn|Leech Seed|p1a: Scizor
|-start|p1a: Scizor|move: Leech Seed
|
|-damage|p1a: Scizor|130\/281|[from] Leech Seed|[of] p2a: Ferrothorn
|-heal|p2a: Ferrothorn|335\/352 par|[silent]
|turn|28
|
|switch|p2a: Ampharos|Ampharos-Mega, M|383\/383
|-damage|p2a: Ampharos|336\/383|[from] Stealth Rock
|-ability|p2a: Ampharos|Mold Breaker
|move|p1a: Scizor|Superpower|p2a: Ampharos
|-damage|p2a: Ampharos|21\/383
|-unboost|p1a: Scizor|atk|1
|-unboost|p1a: Scizor|def|1
|
|-damage|p1a: Scizor|95\/281|[from] Leech Seed|[of] p2a: Ampharos
|-heal|p2a: Ampharos|56\/383|[silent]
|turn|29
|
|switch|p2a: Ferrothorn|Ferrothorn, M|335\/352 par
|-damage|p2a: Ferrothorn|313\/352 par|[from] Stealth Rock
|move|p1a: Scizor|Knock Off|p2a: Ferrothorn
|-damage|p2a: Ferrothorn|176\/352 par
|-damage|p1a: Scizor|60\/281|[from] ability: Iron Barbs|[of] p2a: Ferrothorn
|-damage|p1a: Scizor|14\/281|[from] item: Rocky Helmet|[of] p2a: Ferrothorn
|-enditem|p2a: Ferrothorn|Rocky Helmet|[from] move: Knock Off|[of] p1a: Scizor
|
|-damage|p1a: Scizor|0 fnt|[from] Leech Seed|[of] p2a: Ferrothorn
|-heal|p2a: Ferrothorn|190\/352 par|[silent]
|faint|p1a: Scizor
|
|switch|p1a: Keldeo-Resolute|Keldeo-Resolute|264\/324
|-damage|p1a: Keldeo-Resolute|244\/324|[from] Stealth Rock
|turn|30
|
|switch|p2a: Ampharos|Ampharos-Mega, M|56\/383
|-damage|p2a: Ampharos|9\/383|[from] Stealth Rock
|-ability|p2a: Ampharos|Mold Breaker
|move|p1a: Keldeo-Resolute|Substitute|p1a: Keldeo-Resolute
|-start|p1a: Keldeo-Resolute|Substitute
|-damage|p1a: Keldeo-Resolute|163\/324
|
|-heal|p1a: Keldeo-Resolute|183\/324|[from] item: Leftovers
|turn|31
|c|âOPGGNORE|worst player ive ever faced
|
|move|p1a: Keldeo-Resolute|Secret Sword|p2a: Ampharos
|-damage|p2a: Ampharos|0 fnt
|faint|p2a: Ampharos
|
|-heal|p1a: Keldeo-Resolute|203\/324|[from] item: Leftovers
|
|switch|p2a: Starmie|Starmie|64\/261
|-damage|p2a: Starmie|32\/261|[from] Stealth Rock
|turn|32
|
|move|p2a: Starmie|Psyshock|p1a: Keldeo-Resolute
|-supereffective|p1a: Keldeo-Resolute
|-end|p1a: Keldeo-Resolute|Substitute
|-damage|p2a: Starmie|6\/261|[from] item: Life Orb
|move|p1a: Keldeo-Resolute|Secret Sword|p2a: Starmie
|-resisted|p2a: Starmie
|-damage|p2a: Starmie|0 fnt
|faint|p2a: Starmie
|
|-heal|p1a: Keldeo-Resolute|223\/324|[from] item: Leftovers
|
|switch|p2a: Ferrothorn|Ferrothorn, M|190\/352 par
|-damage|p2a: Ferrothorn|168\/352 par|[from] Stealth Rock
|turn|33
|
|move|p1a: Keldeo-Resolute|Substitute|p1a: Keldeo-Resolute
|-start|p1a: Keldeo-Resolute|Substitute
|-damage|p1a: Keldeo-Resolute|142\/324
|move|p2a: Ferrothorn|Power Whip|p1a: Keldeo-Resolute
|-supereffective|p1a: Keldeo-Resolute
|-end|p1a: Keldeo-Resolute|Substitute
|
|-heal|p1a: Keldeo-Resolute|162\/324|[from] item: Leftovers
|turn|34
|
|move|p1a: Keldeo-Resolute|Substitute|p1a: Keldeo-Resolute
|-start|p1a: Keldeo-Resolute|Substitute
|-damage|p1a: Keldeo-Resolute|81\/324
|cant|p2a: Ferrothorn|par
|
|-heal|p1a: Keldeo-Resolute|101\/324|[from] item: Leftovers
|turn|35
|
|cant|p2a: Ferrothorn|par
|move|p1a: Keldeo-Resolute|Calm Mind|p1a: Keldeo-Resolute
|-boost|p1a: Keldeo-Resolute|spa|1
|-boost|p1a: Keldeo-Resolute|spd|1
|
|-heal|p1a: Keldeo-Resolute|121\/324|[from] item: Leftovers
|turn|36
|c|âOPGGNORE|did you go for protect
|c|âOPGGNORE|are you a sped
|
|move|p1a: Keldeo-Resolute|Secret Sword|p2a: Ferrothorn
|-supereffective|p2a: Ferrothorn
|-damage|p2a: Ferrothorn|0 fnt
|faint|p2a: Ferrothorn
|
|-heal|p1a: Keldeo-Resolute|141\/324|[from] item: Leftovers
|
|switch|p2a: Clefable|Clefable, M|91\/394
|turn|37
|c|âOPGGNORE|u gonna time stall now
|c|âOPGGNORE|worst player
|c|âOPGGNORE|lucky n bad
|
|move|p1a: Keldeo-Resolute|Scald|p2a: Clefable
|-damage|p2a: Clefable|0 fnt
|faint|p2a: Clefable
|
|win|OPGGNORE
|raw|Ladder updating...
|raw|OPGGNORE's rating: 1365 &rarr; <strong>1384<\/strong><br \/>(+19 for winning)
|raw|Scyrel's rating: 1343 &rarr; <strong>1324<\/strong><br \/>(-19 for losing)
|leave|Scyrel