|join|OPGGNORE
|join|John Apricorn
|player|p1|OPGGNORE|265
|player|p2|John Apricorn|16
|gametype|singles
|gen|6
|tier|OU (suspect test)
|rated
|clearpoke
|poke|p1|Scizor, M
|poke|p1|Keldeo-Resolute
|poke|p1|Mandibuzz, F
|poke|p1|Chansey, F
|poke|p1|Landorus-Therian, M
|poke|p1|Sylveon, M
|poke|p2|Metagross
|poke|p2|Keldeo-Resolute
|poke|p2|Rotom-Wash, shiny
|poke|p2|Landorus-Therian, M
|poke|p2|Latios, M, shiny
|poke|p2|Heatran, F
|rule|Swagger Clause: Swagger is banned
|rule|Baton Pass Clause: Limit one PokÃ©mon knowing Baton Pass
|rule|Sleep Clause Mod: Limit one foe put to sleep
|rule|Species Clause: Limit one of each PokÃ©mon
|rule|OHKO Clause: OHKO moves are banned
|rule|Moody Clause: Moody is banned
|rule|Evasion Moves Clause: Evasion moves are banned
|rule|Endless Battle Clause: Forcing endless battles is banned
|rule|HP Percentage Mod: HP is shown in percentages
|teampreview
|
|start
|switch|p1a: Sylveon|Sylveon, M|394\/394
|switch|p2a: Keldeo-Resolute|Keldeo-Resolute|323\/323
|turn|1
|
|switch|p2a: Heatran|Heatran, F|323\/323
|move|p1a: Sylveon|Hidden Power|p2a: Heatran
|-supereffective|p2a: Heatran
|-damage|p2a: Heatran|0 fnt
|faint|p2a: Heatran
|
|
|switch|p2a: Metagross|Metagross|301\/301
|turn|2
|
|switch|p1a: Mandibuzz|Mandibuzz, F|424\/424
|detailschange|p2a: Metagross|Metagross-Mega
|-mega|p2a: Metagross|Metagross|Metagrossite
|move|p2a: Metagross|Meteor Mash|p1a: Mandibuzz
|-damage|p1a: Mandibuzz|252\/424
|
|-heal|p1a: Mandibuzz|278\/424|[from] item: Leftovers
|turn|3
|
|switch|p2a: Keldeo-Resolute|Keldeo-Resolute|323\/323
|move|p1a: Mandibuzz|Toxic|p2a: Keldeo-Resolute|[miss]
|-miss|p1a: Mandibuzz|p2a: Keldeo-Resolute
|
|-heal|p1a: Mandibuzz|304\/424|[from] item: Leftovers
|turn|4
|c|âOPGGNORE|course
|
|switch|p1a: Sylveon|Sylveon, M|394\/394
|move|p2a: Keldeo-Resolute|Scald|p1a: Sylveon
|-damage|p1a: Sylveon|282\/394
|
|turn|5
|
|switch|p2a: Metagross|Metagross-Mega|301\/301
|move|p1a: Sylveon|Hyper Voice|p2a: Metagross
|-resisted|p2a: Metagross
|-damage|p2a: Metagross|150\/301
|
|turn|6
|
|switch|p1a: Landorus-Therian|Landorus-Therian, M|320\/320
|-ability|p1a: Landorus-Therian|Intimidate|[of] p2a: Metagross
|-unboost|p2a: Metagross|atk|1
|move|p2a: Metagross|Meteor Mash|p1a: Landorus-Therian
|-damage|p1a: Landorus-Therian|158\/320
|
|turn|7
|
|switch|p2a: Landorus-Therian|Landorus-Therian, M|379\/379
|-ability|p2a: Landorus-Therian|Intimidate|[of] p1a: Landorus-Therian
|-unboost|p1a: Landorus-Therian|atk|1
|move|p1a: Landorus-Therian|U-turn|p2a: Landorus-Therian
|-resisted|p2a: Landorus-Therian
|-damage|p2a: Landorus-Therian|355\/379
|
|switch|p1a: Keldeo-Resolute|Keldeo-Resolute|324\/324
|
|-heal|p2a: Landorus-Therian|378\/379|[from] item: Leftovers
|turn|8
|
|switch|p2a: Latios|Latios, M, shiny|301\/301
|move|p1a: Keldeo-Resolute|Scald|p2a: Latios
|-resisted|p2a: Latios
|-damage|p2a: Latios|232\/301
|
|turn|9
|
|switch|p2a: Keldeo-Resolute|Keldeo-Resolute|323\/323
|switch|p1a: Chansey|Chansey, F|704\/704
|
|turn|10
|leave|John Apricorn
|player|p2
|join|John Apricorn
|player|p2|John Apricorn|16
|
|move|p2a: Keldeo-Resolute|Substitute|p2a: Keldeo-Resolute
|-start|p2a: Keldeo-Resolute|Substitute
|-damage|p2a: Keldeo-Resolute|243\/323
|move|p1a: Chansey|Thunder Wave|p2a: Keldeo-Resolute
|
|-heal|p2a: Keldeo-Resolute|263\/323|[from] item: Leftovers
|turn|11
|
|switch|p1a: Sylveon|Sylveon, M|282\/394
|move|p2a: Keldeo-Resolute|Scald|p1a: Sylveon
|-damage|p1a: Sylveon|161\/394
|-status|p1a: Sylveon|brn
|
|-heal|p2a: Keldeo-Resolute|283\/323|[from] item: Leftovers
|-damage|p1a: Sylveon|112\/394 brn|[from] brn
|turn|12
|c|âOPGGNORE|wow
|
|switch|p2a: Metagross|Metagross-Mega|150\/301
|switch|p1a: Keldeo-Resolute|Keldeo-Resolute|324\/324
|
|turn|13
|
|switch|p2a: Keldeo-Resolute|Keldeo-Resolute|283\/323
|switch|p1a: Mandibuzz|Mandibuzz, F|304\/424
|
|-heal|p2a: Keldeo-Resolute|303\/323|[from] item: Leftovers
|-heal|p1a: Mandibuzz|330\/424|[from] item: Leftovers
|turn|14
|
|switch|p1a: Keldeo-Resolute|Keldeo-Resolute|324\/324
|move|p2a: Keldeo-Resolute|Scald|p1a: Keldeo-Resolute
|-crit|p1a: Keldeo-Resolute
|-resisted|p1a: Keldeo-Resolute
|-damage|p1a: Keldeo-Resolute|216\/324
|-status|p1a: Keldeo-Resolute|brn
|
|-heal|p2a: Keldeo-Resolute|323\/323|[from] item: Leftovers
|-heal|p1a: Keldeo-Resolute|236\/324 brn|[from] item: Leftovers
|-damage|p1a: Keldeo-Resolute|196\/324 brn|[from] brn
|turn|15
|c|âOPGGNORE|lucky n bad
|
|switch|p2a: Rotom-Wash|Rotom-Wash, shiny|303\/303
|switch|p1a: Landorus-Therian|Landorus-Therian, M|158\/320
|-ability|p1a: Landorus-Therian|Intimidate|[of] p2a: Rotom-Wash
|-unboost|p2a: Rotom-Wash|atk|1
|
|turn|16
|
|move|p1a: Landorus-Therian|U-turn|p2a: Rotom-Wash
|-damage|p2a: Rotom-Wash|230\/303
|
|switch|p1a: Chansey|Chansey, F|704\/704
|move|p2a: Rotom-Wash|Volt Switch|p1a: Chansey
|-damage|p1a: Chansey|644\/704
|
|switch|p2a: Metagross|Metagross-Mega|150\/301
|
|turn|17
|
|move|p2a: Metagross|Meteor Mash|p1a: Chansey
|-damage|p1a: Chansey|319\/704
|move|p1a: Chansey|Thunder Wave|p2a: Metagross
|-status|p2a: Metagross|par
|
|turn|18
|
|move|p1a: Chansey|Soft-Boiled|p1a: Chansey
|-heal|p1a: Chansey|671\/704
|move|p2a: Metagross|Meteor Mash|p1a: Chansey
|-damage|p1a: Chansey|379\/704
|
|turn|19
|
|move|p1a: Chansey|Soft-Boiled|p1a: Chansey
|-heal|p1a: Chansey|704\/704
|cant|p2a: Metagross|par
|
|turn|20
|
|move|p1a: Chansey|Stealth Rock|p2a: Metagross
|-sidestart|p2: John Apricorn|move: Stealth Rock
|move|p2a: Metagross|Meteor Mash|p1a: Chansey
|-damage|p1a: Chansey|379\/704
|-boost|p2a: Metagross|atk|1
|
|turn|21
|
|switch|p1a: Sylveon|Sylveon, M|112\/394 brn
|move|p2a: Metagross|Hammer Arm|p1a: Sylveon
|-resisted|p1a: Sylveon
|-damage|p1a: Sylveon|0 fnt
|-unboost|p2a: Metagross|spe|1
|faint|p1a: Sylveon
|
|
|switch|p1a: Mandibuzz|Mandibuzz, F|330\/424
|turn|22
|
|switch|p2a: Keldeo-Resolute|Keldeo-Resolute|323\/323
|-damage|p2a: Keldeo-Resolute|303\/323|[from] Stealth Rock
|move|p1a: Mandibuzz|Foul Play|p2a: Keldeo-Resolute
|-resisted|p2a: Keldeo-Resolute
|-damage|p2a: Keldeo-Resolute|271\/323
|-boost|p2a: Keldeo-Resolute|atk|1|[from] ability: Justified
|
|-heal|p2a: Keldeo-Resolute|291\/323|[from] item: Leftovers
|-heal|p1a: Mandibuzz|356\/424|[from] item: Leftovers
|turn|23
|
|switch|p1a: Keldeo-Resolute|Keldeo-Resolute|196\/324 brn
|move|p2a: Keldeo-Resolute|Substitute|p2a: Keldeo-Resolute
|-start|p2a: Keldeo-Resolute|Substitute
|-damage|p2a: Keldeo-Resolute|211\/323
|
|-heal|p2a: Keldeo-Resolute|231\/323|[from] item: Leftovers
|-heal|p1a: Keldeo-Resolute|216\/324 brn|[from] item: Leftovers
|-damage|p1a: Keldeo-Resolute|176\/324 brn|[from] brn
|turn|24
|
|move|p2a: Keldeo-Resolute|Secret Sword|p1a: Keldeo-Resolute
|-damage|p1a: Keldeo-Resolute|19\/324 brn
|move|p1a: Keldeo-Resolute|Secret Sword|p2a: Keldeo-Resolute
|-end|p2a: Keldeo-Resolute|Substitute
|
|-heal|p2a: Keldeo-Resolute|251\/323|[from] item: Leftovers
|-heal|p1a: Keldeo-Resolute|39\/324 brn|[from] item: Leftovers
|-damage|p1a: Keldeo-Resolute|0 fnt|[from] brn
|faint|p1a: Keldeo-Resolute
|
|switch|p1a: Landorus-Therian|Landorus-Therian, M|158\/320
|-ability|p1a: Landorus-Therian|Intimidate|[of] p2a: Keldeo-Resolute
|-unboost|p2a: Keldeo-Resolute|atk|1
|turn|25
|
|move|p1a: Landorus-Therian|U-turn|p2a: Keldeo-Resolute
|-resisted|p2a: Keldeo-Resolute
|-damage|p2a: Keldeo-Resolute|200\/323
|
|switch|p1a: Mandibuzz|Mandibuzz, F|356\/424
|move|p2a: Keldeo-Resolute|Substitute|p2a: Keldeo-Resolute
|-start|p2a: Keldeo-Resolute|Substitute
|-damage|p2a: Keldeo-Resolute|120\/323
|
|-heal|p2a: Keldeo-Resolute|140\/323|[from] item: Leftovers
|-heal|p1a: Mandibuzz|382\/424|[from] item: Leftovers
|turn|26
|
|move|p2a: Keldeo-Resolute|Calm Mind|p2a: Keldeo-Resolute
|-boost|p2a: Keldeo-Resolute|spa|1
|-boost|p2a: Keldeo-Resolute|spd|1
|move|p1a: Mandibuzz|Foul Play|p2a: Keldeo-Resolute
|-resisted|p2a: Keldeo-Resolute
|-activate|p2a: Keldeo-Resolute|Substitute|[damage]
|
|-heal|p2a: Keldeo-Resolute|160\/323|[from] item: Leftovers
|-heal|p1a: Mandibuzz|408\/424|[from] item: Leftovers
|turn|27
|-message|OPGGNORE forfeited.
|
|win|John Apricorn
|raw|Ladder updating...
|leave|OPGGNORE
|player|p1
|raw|OPGGNORE's rating: 1406 &rarr; <strong>1384<\/strong><br \/>(-22 for losing)
|raw|John Apricorn's rating: 1367 &rarr; <strong>1389<\/strong><br \/>(+22 for winning)