|join|OPGGNORE
|join|Risona
|player|p1|OPGGNORE|1
|player|p2|Risona|6
|gametype|singles
|gen|6
|tier|OU (suspect test)
|rated
|clearpoke
|poke|p1|Azelf
|poke|p1|Seismitoad, F
|poke|p1|Skarmory, M
|poke|p1|Heatran, M
|poke|p1|Manectric, M
|poke|p1|Amoonguss, M
|poke|p2|Bisharp, M, shiny
|poke|p2|Rotom-Wash, shiny
|poke|p2|Magnezone
|poke|p2|Gallade, M, shiny
|poke|p2|Clefable, F
|poke|p2|Latios, M
|rule|Swagger Clause: Swagger is banned
|rule|Baton Pass Clause: Limit one PokÃ©mon knowing Baton Pass
|rule|Sleep Clause Mod: Limit one foe put to sleep
|rule|Species Clause: Limit one of each PokÃ©mon
|rule|OHKO Clause: OHKO moves are banned
|rule|Moody Clause: Moody is banned
|rule|Evasion Moves Clause: Evasion moves are banned
|rule|Endless Battle Clause: Forcing endless battles is banned
|rule|HP Percentage Mod: HP is shown in percentages
|teampreview
|
|start
|switch|p1a: Azelf|Azelf|291\/291
|switch|p2a: Rotom-W|Rotom-Wash, shiny|304\/304
|turn|1
|
|move|p1a: Azelf|U-turn|p2a: Rotom-W
|-damage|p2a: Rotom-W|258\/304
|
|switch|p1a: Seismitoad|Seismitoad, F|414\/414
|move|p2a: Rotom-W|Volt Switch|p1a: Seismitoad
|-immune|p1a: Seismitoad|[msg]
|
|-heal|p2a: Rotom-W|277\/304|[from] item: Leftovers
|turn|2
|
|switch|p2a: Magnezone|Magnezone|281\/281
|move|p1a: Seismitoad|Stealth Rock|p2a: Magnezone
|-sidestart|p2: Risona|move: Stealth Rock
|
|turn|3
|
|switch|p2a: Rotom-W|Rotom-Wash, shiny|277\/304
|-damage|p2a: Rotom-W|239\/304|[from] Stealth Rock
|move|p1a: Seismitoad|Earthquake|p2a: Rotom-W
|-immune|p2a: Rotom-W|[msg]
|
|-heal|p2a: Rotom-W|258\/304|[from] item: Leftovers
|turn|4
|
|move|p2a: Rotom-W|Will-O-Wisp|p1a: Seismitoad
|-status|p1a: Seismitoad|brn
|move|p1a: Seismitoad|Toxic|p2a: Rotom-W|[miss]
|-miss|p1a: Seismitoad|p2a: Rotom-W
|
|-heal|p2a: Rotom-W|277\/304|[from] item: Leftovers
|-damage|p1a: Seismitoad|363\/414 brn|[from] brn
|turn|5
|c|âOPGGNORE|k
|
|switch|p2a: toe|Clefable, F|394\/394
|-damage|p2a: toe|345\/394|[from] Stealth Rock
|move|p1a: Seismitoad|Scald|p2a: toe
|-damage|p2a: toe|258\/394
|-status|p2a: toe|brn
|
|-heal|p1a: Seismitoad|388\/414 brn|[from] item: Leftovers
|-heal|p2a: toe|282\/394 brn|[from] item: Leftovers
|-damage|p1a: Seismitoad|337\/414 brn|[from] brn
|-damage|p2a: toe|233\/394 brn|[from] brn
|turn|6
|
|switch|p1a: Skarmory|Skarmory, M|333\/333
|move|p2a: toe|Wish|p2a: toe
|
|-heal|p2a: toe|257\/394 brn|[from] item: Leftovers
|-damage|p2a: toe|208\/394 brn|[from] brn
|turn|7
|
|switch|p2a: Magnezone|Magnezone|281\/281
|-damage|p2a: Magnezone|264\/281|[from] Stealth Rock
|move|p1a: Skarmory|Spikes|p2a: Magnezone
|-sidestart|p2: Risona|Spikes
|
|-heal|p2a: Magnezone|281\/281|[from] move: Wish|[wisher] toe
|turn|8
|
|switch|p1a: Manectric|Manectric, M|281\/281
|move|p2a: Magnezone|Thunderbolt|p1a: Manectric
|-boost|p1a: Manectric|spa|1|[from] ability: Lightning Rod
|
|turn|9
|
|switch|p2a: toe|Clefable, F|208\/394 brn
|-damage|p2a: toe|159\/394 brn|[from] Stealth Rock
|-damage|p2a: toe|110\/394 brn|[from] Spikes
|detailschange|p1a: Manectric|Manectric-Mega, M
|-mega|p1a: Manectric|Manectric|Manectite
|-ability|p1a: Manectric|Intimidate|[of] p2a: toe
|-unboost|p2a: toe|atk|1
|move|p1a: Manectric|Thunderbolt|p2a: toe
|-damage|p2a: toe|0 fnt
|faint|p2a: toe
|
|
|switch|p2a: Bisharp|Bisharp, M, shiny|272\/272
|-damage|p2a: Bisharp|238\/272|[from] Spikes
|-damage|p2a: Bisharp|221\/272|[from] Stealth Rock
|turn|10
|
|move|p1a: Manectric|Flamethrower|p2a: Bisharp
|-supereffective|p2a: Bisharp
|-damage|p2a: Bisharp|0 fnt
|faint|p2a: Bisharp
|
|
|switch|p2a: Latios|Latios, M|301\/301
|-damage|p2a: Latios|264\/301|[from] Stealth Rock
|turn|11
|
|move|p1a: Manectric|Volt Switch|p2a: Latios
|-resisted|p2a: Latios
|-damage|p2a: Latios|174\/301
|
|switch|p1a: Heatran|Heatran, M|386\/386
|move|p2a: Latios|Surf|p1a: Heatran
|-crit|p1a: Heatran
|-supereffective|p1a: Heatran
|-damage|p1a: Heatran|58\/386
|-damage|p2a: Latios|144\/301|[from] item: Life Orb
|
|-heal|p1a: Heatran|82\/386|[from] item: Leftovers
|turn|12
|
|switch|p1a: Seismitoad|Seismitoad, F|337\/414 brn
|move|p2a: Latios|Defog|p1a: Seismitoad
|-unboost|p1a: Seismitoad|evasion|1
|-sideend|p2: Risona|Spikes|[from] move: Defog|[of] p2a: Latios
|-sideend|p2: Risona|Stealth Rock|[from] move: Defog|[of] p2a: Latios
|
|-heal|p1a: Seismitoad|362\/414 brn|[from] item: Leftovers
|-damage|p1a: Seismitoad|311\/414 brn|[from] brn
|turn|13
|
|switch|p1a: Skarmory|Skarmory, M|333\/333
|move|p2a: Latios|Psyshock|p1a: Skarmory
|-resisted|p1a: Skarmory
|-damage|p1a: Skarmory|284\/333
|-damage|p2a: Latios|114\/301|[from] item: Life Orb
|
|turn|14
|
|move|p2a: Latios|Surf|p1a: Skarmory
|-damage|p1a: Skarmory|92\/333
|-damage|p2a: Latios|84\/301|[from] item: Life Orb
|move|p1a: Skarmory|Spikes|p2a: Latios
|-sidestart|p2: Risona|Spikes
|
|turn|15
|
|move|p2a: Latios|Draco Meteor|p1a: Skarmory
|-resisted|p1a: Skarmory
|-damage|p1a: Skarmory|0 fnt
|-unboost|p2a: Latios|spa|2
|-damage|p2a: Latios|54\/301|[from] item: Life Orb
|faint|p1a: Skarmory
|
|
|switch|p1a: Azelf|Azelf|291\/291
|turn|16
|
|switch|p2a: Magnezone|Magnezone|281\/281
|-damage|p2a: Magnezone|246\/281|[from] Spikes
|move|p1a: Azelf|U-turn|p2a: Magnezone
|-resisted|p2a: Magnezone
|-damage|p2a: Magnezone|219\/281
|
|switch|p1a: Seismitoad|Seismitoad, F|311\/414 brn
|
|-heal|p1a: Seismitoad|336\/414 brn|[from] item: Leftovers
|-damage|p1a: Seismitoad|285\/414 brn|[from] brn
|turn|17
|
|switch|p2a: Latios|Latios, M|54\/301
|switch|p1a: Manectric|Manectric-Mega, M|281\/281
|-ability|p1a: Manectric|Intimidate|[of] p2a: Latios
|-unboost|p2a: Latios|atk|1
|
|turn|18
|
|switch|p2a: Rotom-W|Rotom-Wash, shiny|277\/304
|move|p1a: Manectric|Thunderbolt|p2a: Rotom-W
|-damage|p2a: Rotom-W|118\/304
|
|-heal|p2a: Rotom-W|137\/304|[from] item: Leftovers
|turn|19
|
|move|p1a: Manectric|Thunderbolt|p2a: Rotom-W
|-damage|p2a: Rotom-W|0 fnt
|faint|p2a: Rotom-W
|
|
|switch|p2a: Gallade|Gallade, M, shiny|278\/278
|-damage|p2a: Gallade|244\/278|[from] Spikes
|turn|20
|
|detailschange|p2a: Gallade|Gallade-Mega, M, shiny
|-mega|p2a: Gallade|Gallade|Galladite
|move|p1a: Manectric|Volt Switch|p2a: Gallade
|-damage|p2a: Gallade|135\/278
|
|switch|p1a: Heatran|Heatran, M|82\/386
|move|p2a: Gallade|Close Combat|p1a: Heatran
|-supereffective|p1a: Heatran
|-damage|p1a: Heatran|0 fnt
|-unboost|p2a: Gallade|def|1
|-unboost|p2a: Gallade|spd|1
|faint|p1a: Heatran
|
|
|switch|p1a: Manectric|Manectric-Mega, M|281\/281
|-ability|p1a: Manectric|Intimidate|[of] p2a: Gallade
|-unboost|p2a: Gallade|atk|1
|turn|21
|
|switch|p2a: Latios|Latios, M|54\/301
|move|p1a: Manectric|Thunderbolt|p2a: Latios
|-resisted|p2a: Latios
|-damage|p2a: Latios|0 fnt
|faint|p2a: Latios
|
|
|switch|p2a: Gallade|Gallade-Mega, M, shiny|135\/278
|-damage|p2a: Gallade|101\/278|[from] Spikes
|turn|22
|
|move|p1a: Manectric|Thunderbolt|p2a: Gallade
|-damage|p2a: Gallade|0 fnt
|faint|p2a: Gallade
|
|
|switch|p2a: Magnezone|Magnezone|219\/281
|-damage|p2a: Magnezone|184\/281|[from] Spikes
|turn|23
|
|move|p1a: Manectric|Flamethrower|p2a: Magnezone
|-supereffective|p2a: Magnezone
|-damage|p2a: Magnezone|0 fnt
|faint|p2a: Magnezone
|
|win|OPGGNORE
|raw|Ladder updating...
|raw|OPGGNORE's rating: 1384 &rarr; <strong>1401<\/strong><br \/>(+17 for winning)
|raw|Risona's rating: 1337 &rarr; <strong>1320<\/strong><br \/>(-17 for losing)