|join|Markas
|join|OPGGNORE
|player|p1|Markas|20
|player|p2|OPGGNORE|170
|gametype|singles
|gen|6
|tier|OU (suspect test)
|rated
|clearpoke
|poke|p1|Kyurem-Black, shiny
|poke|p1|Scizor, M, shiny
|poke|p1|Keldeo-Resolute, shiny
|poke|p1|Latias, F, shiny
|poke|p1|Landorus-Therian, M, shiny
|poke|p1|Manaphy, shiny
|poke|p2|Gyarados, M
|poke|p2|Ferrothorn, M
|poke|p2|Heatran, M
|poke|p2|Lopunny, M
|poke|p2|Landorus-Therian, M
|poke|p2|Excadrill, M
|rule|Swagger Clause: Swagger is banned
|rule|Baton Pass Clause: Limit one PokÃ©mon knowing Baton Pass
|rule|Sleep Clause Mod: Limit one foe put to sleep
|rule|Species Clause: Limit one of each PokÃ©mon
|rule|OHKO Clause: OHKO moves are banned
|rule|Moody Clause: Moody is banned
|rule|Evasion Moves Clause: Evasion moves are banned
|rule|Endless Battle Clause: Forcing endless battles is banned
|rule|HP Percentage Mod: HP is shown in percentages
|teampreview
|
|start
|switch|p1a: Kyurem-Dark|Kyurem-Black, shiny|391\/391
|switch|p2a: Landorus-Therian|Landorus-Therian, M|319\/319
|-ability|p2a: Landorus-Therian|Intimidate|[of] p1a: Kyurem-Dark
|-unboost|p1a: Kyurem-Dark|atk|1
|-ability|p1a: Kyurem-Dark|Teravolt
|turn|1
|
|switch|p2a: Ferrothorn|Ferrothorn, M|352\/352
|move|p1a: Kyurem-Dark|Ice Beam|p2a: Ferrothorn
|-damage|p2a: Ferrothorn|161\/352
|-damage|p1a: Kyurem-Dark|352\/391|[from] item: Life Orb
|
|-heal|p2a: Ferrothorn|183\/352|[from] item: Leftovers
|turn|2
|
|move|p2a: Ferrothorn|Protect|p2a: Ferrothorn
|-singleturn|p2a: Ferrothorn|Protect
|move|p1a: Kyurem-Dark|Hidden Power|p2a: Ferrothorn
|-activate|p2a: Ferrothorn|Protect
|
|-heal|p2a: Ferrothorn|205\/352|[from] item: Leftovers
|turn|3
|
|move|p1a: Kyurem-Dark|Hidden Power|p2a: Ferrothorn
|-supereffective|p2a: Ferrothorn
|-damage|p2a: Ferrothorn|0 fnt
|-damage|p1a: Kyurem-Dark|313\/391|[from] item: Life Orb
|faint|p2a: Ferrothorn
|
|
|switch|p2a: Lopunny|Lopunny, M|271\/271
|turn|4
|
|switch|p1a: Landorus-Therian|Landorus-Therian, M, shiny|381\/381
|-ability|p1a: Landorus-Therian|Intimidate|[of] p2a: Lopunny
|-unboost|p2a: Lopunny|atk|1
|detailschange|p2a: Lopunny|Lopunny-Mega, M
|-mega|p2a: Lopunny|Lopunny|Lopunnite
|move|p2a: Lopunny|Power-Up Punch|p1a: Landorus-Therian
|-resisted|p1a: Landorus-Therian
|-damage|p1a: Landorus-Therian|361\/381
|-boost|p2a: Lopunny|atk|1
|
|-heal|p1a: Landorus-Therian|381\/381|[from] item: Leftovers
|turn|5
|
|switch|p1a: Scizor|Scizor, M, shiny|343\/343
|move|p2a: Lopunny|Power-Up Punch|p1a: Scizor
|-damage|p1a: Scizor|276\/343
|-boost|p2a: Lopunny|atk|1
|
|turn|6
|
|detailschange|p1a: Scizor|Scizor-Mega, M, shiny
|-mega|p1a: Scizor|Scizor|Scizorite
|move|p2a: Lopunny|High Jump Kick|p1a: Scizor
|-damage|p1a: Scizor|27\/343
|move|p1a: Scizor|Superpower|p2a: Lopunny
|-supereffective|p2a: Lopunny
|-damage|p2a: Lopunny|0 fnt
|-unboost|p1a: Scizor|atk|1
|-unboost|p1a: Scizor|def|1
|faint|p2a: Lopunny
|
|c|âMarkas|lol
|
|switch|p2a: Gyarados|Gyarados, M|352\/352
|-ability|p2a: Gyarados|Intimidate|[of] p1a: Scizor
|-unboost|p1a: Scizor|atk|1
|turn|7
|
|switch|p1a: Kyurem-Dark|Kyurem-Black, shiny|313\/391
|-ability|p1a: Kyurem-Dark|Teravolt
|move|p2a: Gyarados|Dragon Dance|p2a: Gyarados
|-boost|p2a: Gyarados|atk|1
|-boost|p2a: Gyarados|spe|1
|
|turn|8
|
|move|p2a: Gyarados|Substitute|p2a: Gyarados
|-start|p2a: Gyarados|Substitute
|-damage|p2a: Gyarados|264\/352
|move|p1a: Kyurem-Dark|Fusion Bolt|p2a: Gyarados
|-supereffective|p2a: Gyarados
|-end|p2a: Gyarados|Substitute
|-damage|p1a: Kyurem-Dark|274\/391|[from] item: Life Orb
|
|-heal|p2a: Gyarados|286\/352|[from] item: Leftovers
|turn|9
|c|âMarkas|im mixed
|join|32two
|
|move|p2a: Gyarados|Substitute|p2a: Gyarados
|-start|p2a: Gyarados|Substitute
|-damage|p2a: Gyarados|198\/352
|move|p1a: Kyurem-Dark|Fusion Bolt|p2a: Gyarados
|-supereffective|p2a: Gyarados
|-end|p2a: Gyarados|Substitute
|-damage|p1a: Kyurem-Dark|235\/391|[from] item: Life Orb
|
|-heal|p2a: Gyarados|220\/352|[from] item: Leftovers
|turn|10
|c|âMarkas|ok this is annoying
|
|move|p2a: Gyarados|Substitute|p2a: Gyarados
|-start|p2a: Gyarados|Substitute
|-damage|p2a: Gyarados|132\/352
|move|p1a: Kyurem-Dark|Ice Beam|p2a: Gyarados
|-end|p2a: Gyarados|Substitute
|-damage|p1a: Kyurem-Dark|196\/391|[from] item: Life Orb
|
|-heal|p2a: Gyarados|154\/352|[from] item: Leftovers
|turn|11
|
|move|p2a: Gyarados|Bounce|p1a: Kyurem-Dark|[still]
|-prepare|p2a: Gyarados|Bounce|p1a: Kyurem-Dark
|move|p1a: Kyurem-Dark|Fusion Bolt|p2a: Gyarados|[miss]
|-miss|p1a: Kyurem-Dark|p2a: Gyarados
|
|-heal|p2a: Gyarados|176\/352|[from] item: Leftovers
|turn|12
|
|switch|p1a: Landorus-Therian|Landorus-Therian, M, shiny|381\/381
|-ability|p1a: Landorus-Therian|Intimidate|[of] p2a: Gyarados
|-unboost|p2a: Gyarados|atk|1
|move|p2a: Gyarados|Bounce|p1a: Landorus-Therian
|-damage|p1a: Landorus-Therian|258\/381
|-status|p1a: Landorus-Therian|par
|
|-heal|p2a: Gyarados|198\/352|[from] item: Leftovers
|-heal|p1a: Landorus-Therian|281\/381 par|[from] item: Leftovers
|turn|13
|
|move|p2a: Gyarados|Substitute|p2a: Gyarados
|-start|p2a: Gyarados|Substitute
|-damage|p2a: Gyarados|110\/352
|move|p1a: Landorus-Therian|Stone Edge|p2a: Gyarados
|-supereffective|p2a: Gyarados
|-end|p2a: Gyarados|Substitute
|
|-heal|p2a: Gyarados|132\/352|[from] item: Leftovers
|-heal|p1a: Landorus-Therian|304\/381 par|[from] item: Leftovers
|turn|14
|
|move|p2a: Gyarados|Dragon Dance|p2a: Gyarados
|-boost|p2a: Gyarados|atk|1
|-boost|p2a: Gyarados|spe|1
|cant|p1a: Landorus-Therian|par
|
|-heal|p2a: Gyarados|154\/352|[from] item: Leftovers
|-heal|p1a: Landorus-Therian|327\/381 par|[from] item: Leftovers
|turn|15
|
|move|p2a: Gyarados|Substitute|p2a: Gyarados
|-start|p2a: Gyarados|Substitute
|-damage|p2a: Gyarados|66\/352
|move|p1a: Landorus-Therian|Stone Edge|p2a: Gyarados|[miss]
|-miss|p1a: Landorus-Therian|p2a: Gyarados
|
|-heal|p2a: Gyarados|88\/352|[from] item: Leftovers
|-heal|p1a: Landorus-Therian|350\/381 par|[from] item: Leftovers
|turn|16
|c|âMarkas|gg
|c|âMarkas|im gonna lose
|
|move|p2a: Gyarados|Waterfall|p1a: Landorus-Therian
|-supereffective|p1a: Landorus-Therian
|-damage|p1a: Landorus-Therian|0 fnt
|faint|p1a: Landorus-Therian
|
|-heal|p2a: Gyarados|110\/352|[from] item: Leftovers
|
|switch|p1a: Not A Brony|Keldeo-Resolute, shiny|323\/323
|turn|17
|
|move|p2a: Gyarados|Bounce|p1a: Not A Brony|[still]
|-prepare|p2a: Gyarados|Bounce|p1a: Not A Brony
|move|p1a: Not A Brony|Icy Wind|p2a: Gyarados
|-miss|p1a: Not A Brony|p2a: Gyarados
|
|-heal|p2a: Gyarados|132\/352|[from] item: Leftovers
|turn|18
|
|switch|p1a: Scizor|Scizor-Mega, M, shiny|27\/343
|move|p2a: Gyarados|Bounce|p1a: Scizor
|-damage|p1a: Scizor|0 fnt
|faint|p1a: Scizor
|
|-heal|p2a: Gyarados|154\/352|[from] item: Leftovers
|
|switch|p1a: Manaphy|Manaphy, shiny|401\/401
|turn|19
|
|move|p2a: Gyarados|Dragon Dance|p2a: Gyarados
|-boost|p2a: Gyarados|atk|1
|-boost|p2a: Gyarados|spe|1
|move|p1a: Manaphy|Tail Glow|p1a: Manaphy
|-boost|p1a: Manaphy|spa|3
|
|-heal|p2a: Gyarados|176\/352|[from] item: Leftovers
|turn|20
|
|move|p2a: Gyarados|Waterfall|p1a: Manaphy
|-resisted|p1a: Manaphy
|-damage|p1a: Manaphy|254\/401
|move|p1a: Manaphy|Rain Dance|p1a: Manaphy
|-weather|RainDance
|
|-weather|RainDance|[upkeep]
|-heal|p2a: Gyarados|198\/352|[from] item: Leftovers
|-heal|p1a: Manaphy|279\/401|[from] item: Leftovers
|turn|21
|
|move|p2a: Gyarados|Bounce|p1a: Manaphy|[still]
|-prepare|p2a: Gyarados|Bounce|p1a: Manaphy
|move|p1a: Manaphy|Scald|p2a: Gyarados|[miss]
|-miss|p1a: Manaphy|p2a: Gyarados
|
|-weather|RainDance|[upkeep]
|-heal|p2a: Gyarados|220\/352|[from] item: Leftovers
|-heal|p1a: Manaphy|304\/401|[from] item: Leftovers
|turn|22
|
|move|p2a: Gyarados|Bounce|p1a: Manaphy
|-damage|p1a: Manaphy|12\/401
|move|p1a: Manaphy|Rest|p1a: Manaphy
|-status|p1a: Manaphy|slp
|-heal|p1a: Manaphy|401\/401 slp|[silent]
|-status|p1a: Manaphy|slp|[from] move: Rest
|
|-weather|RainDance|[upkeep]
|-heal|p2a: Gyarados|242\/352|[from] item: Leftovers
|-curestatus|p1a: Manaphy|slp
|turn|23
|
|move|p2a: Gyarados|Dragon Dance|p2a: Gyarados
|-boost|p2a: Gyarados|atk|1
|-boost|p2a: Gyarados|spe|1
|move|p1a: Manaphy|Scald|p2a: Gyarados
|-resisted|p2a: Gyarados
|-end|p2a: Gyarados|Substitute
|
|-weather|RainDance|[upkeep]
|-heal|p2a: Gyarados|264\/352|[from] item: Leftovers
|turn|24
|
|move|p2a: Gyarados|Bounce|p1a: Manaphy|[still]
|-prepare|p2a: Gyarados|Bounce|p1a: Manaphy
|move|p1a: Manaphy|Scald|p2a: Gyarados|[miss]
|-miss|p1a: Manaphy|p2a: Gyarados
|
|-weather|none
|-heal|p2a: Gyarados|286\/352|[from] item: Leftovers
|turn|25
|join|branflakes325
|
|move|p2a: Gyarados|Bounce|p1a: Manaphy
|-damage|p1a: Manaphy|67\/401
|move|p1a: Manaphy|Scald|p2a: Gyarados
|-resisted|p2a: Gyarados
|-damage|p2a: Gyarados|167\/352
|-status|p2a: Gyarados|brn
|
|-heal|p2a: Gyarados|189\/352 brn|[from] item: Leftovers
|-heal|p1a: Manaphy|92\/401|[from] item: Leftovers
|-damage|p2a: Gyarados|145\/352 brn|[from] brn
|turn|26
|c|âMarkas|urgh
|
|move|p2a: Gyarados|Waterfall|p1a: Manaphy
|-resisted|p1a: Manaphy
|-damage|p1a: Manaphy|14\/401
|cant|p1a: Manaphy|flinch
|
|-heal|p2a: Gyarados|167\/352 brn|[from] item: Leftovers
|-heal|p1a: Manaphy|39\/401|[from] item: Leftovers
|-damage|p2a: Gyarados|123\/352 brn|[from] brn
|turn|27
|c|âMarkas|fuck
|
|switch|p1a: SitrusBerry|Latias, F, shiny|319\/319
|move|p2a: Gyarados|Waterfall|p1a: SitrusBerry
|-resisted|p1a: SitrusBerry
|-damage|p1a: SitrusBerry|223\/319
|
|-heal|p2a: Gyarados|145\/352 brn|[from] item: Leftovers
|-damage|p2a: Gyarados|101\/352 brn|[from] brn
|turn|28
|
|move|p2a: Gyarados|Dragon Dance|p2a: Gyarados
|-boost|p2a: Gyarados|atk|1
|-boost|p2a: Gyarados|spe|1
|move|p1a: SitrusBerry|Healing Wish|p1a: SitrusBerry
|faint|p1a: SitrusBerry
|
|-heal|p2a: Gyarados|123\/352 brn|[from] item: Leftovers
|-damage|p2a: Gyarados|79\/352 brn|[from] brn
|
|switch|p1a: Manaphy|Manaphy, shiny|39\/401
|-heal|p1a: Manaphy|401\/401|[from] move: Healing Wish
|turn|29
|
|move|p2a: Gyarados|Bounce|p1a: Manaphy|[still]
|-prepare|p2a: Gyarados|Bounce|p1a: Manaphy
|move|p1a: Manaphy|Scald|p2a: Gyarados|[miss]
|-miss|p1a: Manaphy|p2a: Gyarados
|
|-heal|p2a: Gyarados|101\/352 brn|[from] item: Leftovers
|-damage|p2a: Gyarados|57\/352 brn|[from] brn
|turn|30
|
|switch|p1a: Kyurem-Dark|Kyurem-Black, shiny|196\/391
|-ability|p1a: Kyurem-Dark|Teravolt
|move|p2a: Gyarados|Bounce|p1a: Kyurem-Dark
|-damage|p1a: Kyurem-Dark|0 fnt
|faint|p1a: Kyurem-Dark
|
|-heal|p2a: Gyarados|79\/352 brn|[from] item: Leftovers
|-damage|p2a: Gyarados|35\/352 brn|[from] brn
|
|switch|p1a: Manaphy|Manaphy, shiny|401\/401
|turn|31
|c|âMarkas|i think i still lost
|
|move|p2a: Gyarados|Bounce|p1a: Manaphy|[still]
|-prepare|p2a: Gyarados|Bounce|p1a: Manaphy
|move|p1a: Manaphy|Scald|p2a: Gyarados|[miss]
|-miss|p1a: Manaphy|p2a: Gyarados
|
|-heal|p2a: Gyarados|57\/352 brn|[from] item: Leftovers
|-damage|p2a: Gyarados|13\/352 brn|[from] brn
|turn|32
|
|move|p2a: Gyarados|Bounce|p1a: Manaphy
|-damage|p1a: Manaphy|197\/401
|move|p1a: Manaphy|Rain Dance|p1a: Manaphy
|-weather|RainDance
|
|-weather|RainDance|[upkeep]
|-heal|p2a: Gyarados|35\/352 brn|[from] item: Leftovers
|-heal|p1a: Manaphy|222\/401|[from] item: Leftovers
|-damage|p2a: Gyarados|0 fnt|[from] brn
|faint|p2a: Gyarados
|
|switch|p2a: Excadrill|Excadrill, M|414\/414
|-ability|p2a: Excadrill|Mold Breaker
|-item|p2a: Excadrill|Air Balloon
|turn|33
|
|move|p1a: Manaphy|Scald|p2a: Excadrill
|-supereffective|p2a: Excadrill
|-damage|p2a: Excadrill|30\/414
|-enditem|p2a: Excadrill|Air Balloon
|move|p2a: Excadrill|Earthquake|p1a: Manaphy
|-damage|p1a: Manaphy|24\/401
|
|-weather|RainDance|[upkeep]
|-heal|p1a: Manaphy|49\/401|[from] item: Leftovers
|turn|34
|
|move|p1a: Manaphy|Scald|p2a: Excadrill
|-supereffective|p2a: Excadrill
|-damage|p2a: Excadrill|0 fnt
|faint|p2a: Excadrill
|
|-weather|RainDance|[upkeep]
|-heal|p1a: Manaphy|74\/401|[from] item: Leftovers
|
|switch|p2a: Landorus-Therian|Landorus-Therian, M|319\/319
|-ability|p2a: Landorus-Therian|Intimidate|[of] p1a: Manaphy
|-unboost|p1a: Manaphy|atk|1
|turn|35
|
|move|p2a: Landorus-Therian|Earthquake|p1a: Manaphy
|-damage|p1a: Manaphy|0 fnt
|faint|p1a: Manaphy
|
|-weather|RainDance|[upkeep]
|
|switch|p1a: Not A Brony|Keldeo-Resolute, shiny|323\/323
|turn|36
|
|move|p1a: Not A Brony|Scald|p2a: Landorus-Therian
|-supereffective|p2a: Landorus-Therian
|-damage|p2a: Landorus-Therian|0 fnt
|faint|p2a: Landorus-Therian
|
|-weather|none
|
|switch|p2a: Heatran|Heatran, M|386\/386
|turn|37
|
|move|p1a: Not A Brony|Scald|p2a: Heatran
|-supereffective|p2a: Heatran
|-damage|p2a: Heatran|168\/386
|move|p2a: Heatran|Toxic|p1a: Not A Brony
|-status|p1a: Not A Brony|tox
|
|-heal|p2a: Heatran|192\/386|[from] item: Leftovers
|-damage|p1a: Not A Brony|303\/323 tox|[from] psn
|turn|38
|
|move|p2a: Heatran|Protect|p2a: Heatran
|-singleturn|p2a: Heatran|Protect
|move|p1a: Not A Brony|Scald|p2a: Heatran
|-activate|p2a: Heatran|Protect
|
|-heal|p2a: Heatran|216\/386|[from] item: Leftovers
|-damage|p1a: Not A Brony|263\/323 tox|[from] psn
|turn|39
|c|âMarkas|not this
|
|move|p2a: Heatran|Protect|p2a: Heatran
|-singleturn|p2a: Heatran|Protect
|move|p1a: Not A Brony|Scald|p2a: Heatran
|-activate|p2a: Heatran|Protect
|
|-heal|p2a: Heatran|240\/386|[from] item: Leftovers
|-damage|p1a: Not A Brony|203\/323 tox|[from] psn
|turn|40
|
|move|p1a: Not A Brony|Scald|p2a: Heatran
|-supereffective|p2a: Heatran
|-damage|p2a: Heatran|34\/386
|move|p2a: Heatran|Lava Plume|p1a: Not A Brony
|-resisted|p1a: Not A Brony
|-damage|p1a: Not A Brony|134\/323 tox
|
|-heal|p2a: Heatran|58\/386|[from] item: Leftovers
|-damage|p1a: Not A Brony|54\/323 tox|[from] psn
|turn|41
|c|âMarkas|cfk
|
|move|p2a: Heatran|Protect|p2a: Heatran
|-singleturn|p2a: Heatran|Protect
|move|p1a: Not A Brony|Scald|p2a: Heatran
|-activate|p2a: Heatran|Protect
|
|-heal|p2a: Heatran|82\/386|[from] item: Leftovers
|-damage|p1a: Not A Brony|0 fnt|[from] psn
|faint|p1a: Not A Brony
|
|win|OPGGNORE
|raw|Ladder updating...
|c| branflakes325|lol
|c|âOPGGNORE|lol
|raw|Markas's rating: 1496 &rarr; <strong>1471<\/strong><br \/>(-25 for losing)
|raw|OPGGNORE's rating: 1410 &rarr; <strong>1435<\/strong><br \/>(+25 for winning)
|c|âMarkas|the double protect
|c|âMarkas|-.-
|leave|Markas
|player|p1
|c| branflakes325|deserved imo
|leave|branflakes325