|join|OPGGNORE
|join|Champion Maxfield
|player|p1|OPGGNORE|170
|player|p2|Champion Maxfield|291
|gametype|singles
|gen|6
|tier|OU (suspect test)
|rated
|clearpoke
|poke|p1|Scizor, M
|poke|p1|Keldeo-Resolute
|poke|p1|Mandibuzz, F
|poke|p1|Chansey, F
|poke|p1|Landorus-Therian, M
|poke|p1|Sylveon, M
|poke|p2|Garchomp, M
|poke|p2|Metagross
|poke|p2|Milotic, M
|poke|p2|Roserade, F
|poke|p2|Kingdra, F
|poke|p2|Sableye, M
|rule|Swagger Clause: Swagger is banned
|rule|Baton Pass Clause: Limit one PokÃ©mon knowing Baton Pass
|rule|Sleep Clause Mod: Limit one foe put to sleep
|rule|Species Clause: Limit one of each PokÃ©mon
|rule|OHKO Clause: OHKO moves are banned
|rule|Moody Clause: Moody is banned
|rule|Evasion Moves Clause: Evasion moves are banned
|rule|Endless Battle Clause: Forcing endless battles is banned
|rule|HP Percentage Mod: HP is shown in percentages
|teampreview
|c|âChampion Maxfield|Best of luck
|c|âOPGGNORE|u2
|
|start
|switch|p1a: Keldeo-Resolute|Keldeo-Resolute|324\/324
|switch|p2a: Francis|Milotic, M|394\/394
|turn|1
|
|move|p1a: Keldeo-Resolute|Substitute|p1a: Keldeo-Resolute
|-start|p1a: Keldeo-Resolute|Substitute
|-damage|p1a: Keldeo-Resolute|243\/324
|move|p2a: Francis|Scald|p1a: Keldeo-Resolute
|-resisted|p1a: Keldeo-Resolute
|-activate|p1a: Keldeo-Resolute|Substitute|[damage]
|
|-heal|p1a: Keldeo-Resolute|263\/324|[from] item: Leftovers
|turn|2
|
|switch|p2a: Boquerade|Roserade, F|261\/261
|move|p1a: Keldeo-Resolute|Calm Mind|p1a: Keldeo-Resolute
|-boost|p1a: Keldeo-Resolute|spa|1
|-boost|p1a: Keldeo-Resolute|spd|1
|
|-heal|p1a: Keldeo-Resolute|283\/324|[from] item: Leftovers
|turn|3
|
|move|p1a: Keldeo-Resolute|Secret Sword|p2a: Boquerade
|-resisted|p2a: Boquerade
|-damage|p2a: Boquerade|102\/261
|move|p2a: Boquerade|Leaf Storm|p1a: Keldeo-Resolute
|-supereffective|p1a: Keldeo-Resolute
|-end|p1a: Keldeo-Resolute|Substitute
|-unboost|p2a: Boquerade|spa|2
|
|-heal|p1a: Keldeo-Resolute|303\/324|[from] item: Leftovers
|turn|4
|
|move|p1a: Keldeo-Resolute|Substitute|p1a: Keldeo-Resolute
|-start|p1a: Keldeo-Resolute|Substitute
|-damage|p1a: Keldeo-Resolute|222\/324
|move|p2a: Boquerade|Leaf Storm|p1a: Keldeo-Resolute
|-crit|p1a: Keldeo-Resolute
|-supereffective|p1a: Keldeo-Resolute
|-end|p1a: Keldeo-Resolute|Substitute
|-unboost|p2a: Boquerade|spa|2
|
|-heal|p1a: Keldeo-Resolute|242\/324|[from] item: Leftovers
|turn|5
|
|switch|p2a: Puck|Sableye, M|303\/303
|move|p1a: Keldeo-Resolute|Substitute|p1a: Keldeo-Resolute
|-start|p1a: Keldeo-Resolute|Substitute
|-damage|p1a: Keldeo-Resolute|161\/324
|
|-heal|p1a: Keldeo-Resolute|181\/324|[from] item: Leftovers
|turn|6
|
|detailschange|p2a: Puck|Sableye-Mega, M
|-mega|p2a: Puck|Sableye|Sablenite
|move|p2a: Puck|Calm Mind|p2a: Puck
|-boost|p2a: Puck|spa|1
|-boost|p2a: Puck|spd|1
|move|p1a: Keldeo-Resolute|Scald|p2a: Puck
|-damage|p2a: Puck|182\/303
|-status|p2a: Puck|brn
|
|-heal|p1a: Keldeo-Resolute|201\/324|[from] item: Leftovers
|-damage|p2a: Puck|145\/303 brn|[from] brn
|turn|7
|
|move|p1a: Keldeo-Resolute|Calm Mind|p1a: Keldeo-Resolute
|-boost|p1a: Keldeo-Resolute|spa|1
|-boost|p1a: Keldeo-Resolute|spd|1
|move|p2a: Puck|Recover|p2a: Puck
|-heal|p2a: Puck|297\/303 brn
|
|-heal|p1a: Keldeo-Resolute|221\/324|[from] item: Leftovers
|-damage|p2a: Puck|260\/303 brn|[from] brn
|turn|8
|
|move|p1a: Keldeo-Resolute|Scald|p2a: Puck
|-damage|p2a: Puck|80\/303 brn
|move|p2a: Puck|Calm Mind|p2a: Puck
|-boost|p2a: Puck|spa|1
|-boost|p2a: Puck|spd|1
|
|-heal|p1a: Keldeo-Resolute|241\/324|[from] item: Leftovers
|-damage|p2a: Puck|43\/303 brn|[from] brn
|turn|9
|
|move|p1a: Keldeo-Resolute|Scald|p2a: Puck
|-damage|p2a: Puck|0 fnt
|faint|p2a: Puck
|
|-heal|p1a: Keldeo-Resolute|261\/324|[from] item: Leftovers
|
|switch|p2a: Queendra|Kingdra, F|291\/291
|turn|10
|c|âChampion Maxfield|It's so tragic to see the lack of originality in this metagame
|
|move|p1a: Keldeo-Resolute|Secret Sword|p2a: Queendra
|-damage|p2a: Queendra|0 fnt
|faint|p2a: Queendra
|
|-heal|p1a: Keldeo-Resolute|281\/324|[from] item: Leftovers
|
|switch|p2a: Draco|Garchomp, M|357\/357
|turn|11
|c|âOPGGNORE|take your salt somewhere else pls
|
|move|p2a: Draco|Outrage|p1a: Keldeo-Resolute
|-crit|p1a: Keldeo-Resolute
|-end|p1a: Keldeo-Resolute|Substitute
|move|p1a: Keldeo-Resolute|Scald|p2a: Draco
|-damage|p2a: Draco|36\/357
|
|-heal|p1a: Keldeo-Resolute|301\/324|[from] item: Leftovers
|turn|12
|c|âChampion Maxfield|It's just a lack of taste
|
|move|p2a: Draco|Outrage|p1a: Keldeo-Resolute
|-damage|p1a: Keldeo-Resolute|58\/324
|move|p1a: Keldeo-Resolute|Scald|p2a: Draco
|-damage|p2a: Draco|0 fnt
|faint|p2a: Draco
|
|-heal|p1a: Keldeo-Resolute|78\/324|[from] item: Leftovers
|c|âOPGGNORE|kk
|
|switch|p2a: Boquerade|Roserade, F|102\/261
|turn|13
|c|âOPGGNORE|go play UU then
|
|move|p1a: Keldeo-Resolute|Secret Sword|p2a: Boquerade
|-resisted|p2a: Boquerade
|-damage|p2a: Boquerade|0 fnt
|faint|p2a: Boquerade
|
|-heal|p1a: Keldeo-Resolute|98\/324|[from] item: Leftovers
|c|âChampion Maxfield|But anyway
|
|switch|p2a: HAL|Metagross|363\/363
|turn|14
|
|move|p1a: Keldeo-Resolute|Scald|p2a: HAL
|-damage|p2a: HAL|164\/363
|move|p2a: HAL|Earthquake|p1a: Keldeo-Resolute
|-damage|p1a: Keldeo-Resolute|0 fnt
|faint|p1a: Keldeo-Resolute
|
|
|switch|p1a: Landorus-Therian|Landorus-Therian, M|320\/320
|-ability|p1a: Landorus-Therian|Intimidate|[of] p2a: HAL
|-fail|p2a: HAL|unboost|[from] ability: Clear Body|[of] p2a: HAL
|turn|15
|
|switch|p2a: Francis|Milotic, M|394\/394
|move|p1a: Landorus-Therian|Earthquake|p2a: Francis
|-damage|p2a: Francis|192\/394
|
|-heal|p2a: Francis|216\/394|[from] item: Leftovers
|turn|16
|
|move|p1a: Landorus-Therian|Earthquake|p2a: Francis
|-damage|p2a: Francis|5\/394
|move|p2a: Francis|Rest|p2a: Francis
|-status|p2a: Francis|slp
|-heal|p2a: Francis|394\/394 slp|[silent]
|-status|p2a: Francis|slp|[from] move: Rest
|
|turn|17
|leave|Champion Maxfield
|player|p2
|join|Champion Maxfield
|player|p2|Champion Maxfield|291
|
|move|p1a: Landorus-Therian|Earthquake|p2a: Francis
|-damage|p2a: Francis|271\/394 slp
|cant|p2a: Francis|slp
|move|p2a: Francis|Sleep Talk|p2a: Francis
|move|p2a: Francis|Rest|p2a: Francis|[from]Sleep Talk
|-fail|p2a: Francis
|
|-heal|p2a: Francis|295\/394 slp|[from] item: Leftovers
|turn|18
|
|move|p1a: Landorus-Therian|Earthquake|p2a: Francis
|-damage|p2a: Francis|165\/394 slp
|cant|p2a: Francis|slp
|move|p2a: Francis|Sleep Talk|p2a: Francis
|move|p2a: Francis|Rest|p2a: Francis|[from]Sleep Talk
|-fail|p2a: Francis
|
|-heal|p2a: Francis|189\/394 slp|[from] item: Leftovers
|turn|19
|
|move|p1a: Landorus-Therian|Earthquake|p2a: Francis
|-damage|p2a: Francis|48\/394 slp
|-curestatus|p2a: Francis|slp
|move|p2a: Francis|Rest|p2a: Francis
|-status|p2a: Francis|slp
|-heal|p2a: Francis|394\/394 slp|[silent]
|-status|p2a: Francis|slp|[from] move: Rest
|
|turn|20
|c|âOPGGNORE|gg
|
|switch|p1a: Sylveon|Sylveon, M|394\/394
|cant|p2a: Francis|slp
|move|p2a: Francis|Sleep Talk|p2a: Francis
|move|p2a: Francis|Scald|p1a: Sylveon|[from]Sleep Talk
|-damage|p1a: Sylveon|318\/394
|
|turn|21
|
|switch|p2a: HAL|Metagross|164\/363
|move|p1a: Sylveon|Hyper Voice|p2a: HAL
|-resisted|p2a: HAL
|-damage|p2a: HAL|59\/363
|
|turn|22
|
|switch|p1a: Scizor|Scizor, M|281\/281
|move|p2a: HAL|Meteor Mash|p1a: Scizor
|-resisted|p1a: Scizor
|-damage|p1a: Scizor|194\/281
|
|turn|23
|
|switch|p2a: Francis|Milotic, M|394\/394 slp
|detailschange|p1a: Scizor|Scizor-Mega, M
|-mega|p1a: Scizor|Scizor|Scizorite
|move|p1a: Scizor|Knock Off|p2a: Francis
|-damage|p2a: Francis|301\/394 slp
|-enditem|p2a: Francis|Leftovers|[from] move: Knock Off|[of] p1a: Scizor
|
|turn|24
|
|move|p1a: Scizor|Swords Dance|p1a: Scizor
|-boost|p1a: Scizor|atk|2
|cant|p2a: Francis|slp
|move|p2a: Francis|Sleep Talk|p2a: Francis
|move|p2a: Francis|Ice Beam|p1a: Scizor|[from]Sleep Talk
|-resisted|p1a: Scizor
|-damage|p1a: Scizor|158\/281
|
|turn|25
|
|move|p1a: Scizor|Superpower|p2a: Francis
|-damage|p2a: Francis|103\/394 slp
|-unboost|p1a: Scizor|atk|1
|-unboost|p1a: Scizor|def|1
|-curestatus|p2a: Francis|slp
|move|p2a: Francis|Scald|p1a: Scizor
|-crit|p1a: Scizor
|-damage|p1a: Scizor|0 fnt
|faint|p1a: Scizor
|
|
|switch|p1a: Landorus-Therian|Landorus-Therian, M|320\/320
|-ability|p1a: Landorus-Therian|Intimidate|[of] p2a: Francis
|-unboost|p2a: Francis|atk|1
|turn|26
|
|move|p1a: Landorus-Therian|Earthquake|p2a: Francis
|-damage|p2a: Francis|0 fnt
|faint|p2a: Francis
|
|
|switch|p2a: HAL|Metagross|59\/363
|turn|27
|c|âChampion Maxfield|Hard to lose with one of smogon's teams isn't it?
|c|âChampion Maxfield|but well won, if that's what you enjoy!
|c|âOPGGNORE|well I made this team by myself
|c|âOPGGNORE|so....
|
|move|p1a: Landorus-Therian|Earthquake|p2a: HAL
|-supereffective|p2a: HAL
|-damage|p2a: HAL|0 fnt
|faint|p2a: HAL
|
|win|OPGGNORE
|raw|Ladder updating...
|raw|OPGGNORE's rating: 1232 &rarr; <strong>1249<\/strong><br \/>(+17 for winning)
|raw|Champion Maxfield's rating: 1125 &rarr; <strong>1108<\/strong><br \/>(-17 for losing)