|join|OPGGNORE
|join|Dr.Pack
|player|p1|OPGGNORE|2
|player|p2|Dr.Pack|291
|gametype|singles
|gen|6
|tier|OU (suspect test)
|rated
|clearpoke
|poke|p1|Azelf
|poke|p1|Seismitoad, F
|poke|p1|Skarmory, F
|poke|p1|Heatran, M
|poke|p1|Manectric, F
|poke|p1|Amoonguss, F
|poke|p2|Landorus-Therian, M
|poke|p2|Sylveon, F
|poke|p2|Heatran, F
|poke|p2|Zapdos
|poke|p2|Keldeo
|poke|p2|Pinsir, M
|rule|Swagger Clause: Swagger is banned
|rule|Baton Pass Clause: Limit one PokÃ©mon knowing Baton Pass
|rule|Sleep Clause Mod: Limit one foe put to sleep
|rule|Species Clause: Limit one of each PokÃ©mon
|rule|OHKO Clause: OHKO moves are banned
|rule|Moody Clause: Moody is banned
|rule|Evasion Moves Clause: Evasion moves are banned
|rule|Endless Battle Clause: Forcing endless battles is banned
|rule|HP Percentage Mod: HP is shown in percentages
|teampreview
|
|start
|switch|p1a: Azelf|Azelf|291\/291
|switch|p2a: Keldeo|Keldeo|323\/323
|turn|1
|
|switch|p2a: Heatran|Heatran, F|385\/385
|move|p1a: Azelf|Psyshock|p2a: Heatran
|-resisted|p2a: Heatran
|-damage|p2a: Heatran|319\/385
|
|-heal|p2a: Heatran|343\/385|[from] item: Leftovers
|turn|2
|
|switch|p1a: Seismitoad|Seismitoad, F|414\/414
|move|p2a: Heatran|Lava Plume|p1a: Seismitoad
|-resisted|p1a: Seismitoad
|-damage|p1a: Seismitoad|341\/414
|
|-heal|p2a: Heatran|367\/385|[from] item: Leftovers
|-heal|p1a: Seismitoad|366\/414|[from] item: Leftovers
|turn|3
|
|switch|p2a: Sylveon|Sylveon, F|381\/381
|move|p1a: Seismitoad|Earthquake|p2a: Sylveon
|-damage|p2a: Sylveon|213\/381
|
|-heal|p1a: Seismitoad|391\/414|[from] item: Leftovers
|turn|4
|
|switch|p1a: Heatran|Heatran, M|386\/386
|move|p2a: Sylveon|Hyper Voice|p1a: Heatran
|-resisted|p1a: Heatran
|-damage|p1a: Heatran|332\/386
|
|-heal|p1a: Heatran|356\/386|[from] item: Leftovers
|turn|5
|
|switch|p1a: Manectric|Manectric, F|281\/281
|switch|p2a: Keldeo|Keldeo|323\/323
|
|turn|6
|
|switch|p1a: Amoonguss|Amoonguss, F|432\/432
|move|p2a: Keldeo|Hydro Pump|p1a: Amoonguss
|-resisted|p1a: Amoonguss
|-damage|p1a: Amoonguss|268\/432
|
|-heal|p1a: Amoonguss|295\/432|[from] item: Black Sludge
|turn|7
|
|switch|p2a: Sylveon|Sylveon, F|213\/381
|move|p1a: Amoonguss|Spore|p2a: Sylveon
|-status|p2a: Sylveon|slp
|
|-heal|p1a: Amoonguss|322\/432|[from] item: Black Sludge
|turn|8
|
|switch|p2a: Keldeo|Keldeo|323\/323
|switch|p1a: Azelf|Azelf|291\/291
|
|turn|9
|
|switch|p2a: Heatran|Heatran, F|367\/385
|move|p1a: Azelf|U-turn|p2a: Heatran
|-resisted|p2a: Heatran
|-damage|p2a: Heatran|351\/385
|
|switch|p1a: Seismitoad|Seismitoad, F|391\/414
|
|-heal|p2a: Heatran|375\/385|[from] item: Leftovers
|-heal|p1a: Seismitoad|414\/414|[from] item: Leftovers
|turn|10
|
|switch|p2a: Keldeo|Keldeo|323\/323
|move|p1a: Seismitoad|Earthquake|p2a: Keldeo
|-damage|p2a: Keldeo|190\/323
|
|turn|11
|
|move|p2a: Keldeo|Secret Sword|p1a: Seismitoad
|-damage|p1a: Seismitoad|231\/414
|move|p1a: Seismitoad|Stealth Rock|p2a: Keldeo
|-sidestart|p2: Dr.Pack|move: Stealth Rock
|
|-heal|p1a: Seismitoad|256\/414|[from] item: Leftovers
|turn|12
|
|switch|p1a: Azelf|Azelf|291\/291
|move|p2a: Keldeo|Secret Sword|p1a: Azelf
|-resisted|p1a: Azelf
|-damage|p1a: Azelf|123\/291
|
|turn|13
|
|switch|p2a: Zapdos|Zapdos|383\/383
|-damage|p2a: Zapdos|288\/383|[from] Stealth Rock
|-ability|p2a: Zapdos|Pressure
|move|p1a: Azelf|U-turn|p2a: Zapdos
|-resisted|p2a: Zapdos
|-damage|p2a: Zapdos|259\/383
|
|switch|p1a: Seismitoad|Seismitoad, F|256\/414
|
|-heal|p2a: Zapdos|282\/383|[from] item: Leftovers
|-heal|p1a: Seismitoad|281\/414|[from] item: Leftovers
|turn|14
|
|move|p2a: Zapdos|Defog|p1a: Seismitoad
|-unboost|p1a: Seismitoad|evasion|1
|-sideend|p2: Dr.Pack|Stealth Rock|[from] move: Defog|[of] p2a: Zapdos
|move|p1a: Seismitoad|Toxic|p2a: Zapdos
|-status|p2a: Zapdos|tox
|
|-heal|p2a: Zapdos|305\/383 tox|[from] item: Leftovers
|-heal|p1a: Seismitoad|306\/414|[from] item: Leftovers
|-damage|p2a: Zapdos|282\/383 tox|[from] psn
|turn|15
|
|switch|p2a: Landorus-Therian|Landorus-Therian, M|319\/319
|-ability|p2a: Landorus-Therian|Intimidate|[of] p1a: Seismitoad
|-unboost|p1a: Seismitoad|atk|1
|move|p1a: Seismitoad|Stealth Rock|p2a: Landorus-Therian
|-sidestart|p2: Dr.Pack|move: Stealth Rock
|
|-heal|p1a: Seismitoad|331\/414|[from] item: Leftovers
|turn|16
|
|move|p2a: Landorus-Therian|Knock Off|p1a: Seismitoad
|-damage|p1a: Seismitoad|230\/414
|-enditem|p1a: Seismitoad|Leftovers|[from] move: Knock Off|[of] p2a: Landorus-Therian
|move|p1a: Seismitoad|Scald|p2a: Landorus-Therian
|-supereffective|p2a: Landorus-Therian
|-damage|p2a: Landorus-Therian|133\/319
|
|turn|17
|
|switch|p2a: Zapdos|Zapdos|282\/383 tox
|-damage|p2a: Zapdos|187\/383 tox|[from] Stealth Rock
|-ability|p2a: Zapdos|Pressure
|move|p1a: Seismitoad|Earthquake|p2a: Zapdos
|-immune|p2a: Zapdos|[msg]
|
|-heal|p2a: Zapdos|210\/383 tox|[from] item: Leftovers
|-damage|p2a: Zapdos|187\/383 tox|[from] psn
|turn|18
|
|move|p2a: Zapdos|Roost|p2a: Zapdos
|-heal|p2a: Zapdos|379\/383 tox
|move|p1a: Seismitoad|Earthquake|p2a: Zapdos
|-crit|p2a: Zapdos
|-supereffective|p2a: Zapdos
|-damage|p2a: Zapdos|95\/383 tox
|
|-heal|p2a: Zapdos|118\/383 tox|[from] item: Leftovers
|-damage|p2a: Zapdos|72\/383 tox|[from] psn
|turn|19
|
|move|p2a: Zapdos|Defog|p1a: Seismitoad
|-unboost|p1a: Seismitoad|evasion|1
|-sideend|p2: Dr.Pack|Stealth Rock|[from] move: Defog|[of] p2a: Zapdos
|move|p1a: Seismitoad|Stealth Rock|p2a: Zapdos
|-sidestart|p2: Dr.Pack|move: Stealth Rock
|
|-heal|p2a: Zapdos|95\/383 tox|[from] item: Leftovers
|-damage|p2a: Zapdos|26\/383 tox|[from] psn
|turn|20
|
|move|p2a: Zapdos|Defog|p1a: Seismitoad
|-unboost|p1a: Seismitoad|evasion|1
|-sideend|p2: Dr.Pack|Stealth Rock|[from] move: Defog|[of] p2a: Zapdos
|move|p1a: Seismitoad|Earthquake|p2a: Zapdos
|-immune|p2a: Zapdos|[msg]
|
|-heal|p2a: Zapdos|49\/383 tox|[from] item: Leftovers
|-damage|p2a: Zapdos|0 fnt|[from] psn
|faint|p2a: Zapdos
|
|switch|p2a: Pinsir|Pinsir, M|271\/271
|turn|21
|
|switch|p1a: Skarmory|Skarmory, F|333\/333
|detailschange|p2a: Pinsir|Pinsir-Mega, M
|-mega|p2a: Pinsir|Pinsir|Pinsirite
|move|p2a: Pinsir|Frustration|p1a: Skarmory
|-resisted|p1a: Skarmory
|-damage|p1a: Skarmory|261\/333
|
|turn|22
|
|switch|p2a: Heatran|Heatran, F|375\/385
|move|p1a: Skarmory|Spikes|p2a: Heatran
|-sidestart|p2: Dr.Pack|Spikes
|
|-heal|p2a: Heatran|385\/385|[from] item: Leftovers
|turn|23
|
|switch|p2a: Pinsir|Pinsir-Mega, M|271\/271
|switch|p1a: Heatran|Heatran, M|356\/386
|
|-heal|p1a: Heatran|380\/386|[from] item: Leftovers
|turn|24
|
|switch|p1a: Skarmory|Skarmory, F|261\/333
|move|p2a: Pinsir|Earthquake|p1a: Skarmory
|-immune|p1a: Skarmory|[msg]
|
|turn|25
|
|move|p2a: Pinsir|Swords Dance|p2a: Pinsir
|-boost|p2a: Pinsir|atk|2
|move|p1a: Skarmory|Whirlwind|p2a: Pinsir
|drag|p2a: Heatran|Heatran, F|385\/385
|-damage|p2a: Heatran|337\/385|[from] Spikes
|
|-heal|p2a: Heatran|361\/385|[from] item: Leftovers
|turn|26
|
|switch|p2a: Landorus-Therian|Landorus-Therian, M|133\/319
|-ability|p2a: Landorus-Therian|Intimidate|[of] p1a: Skarmory
|-unboost|p1a: Skarmory|atk|1
|switch|p1a: Heatran|Heatran, M|380\/386
|
|-heal|p1a: Heatran|386\/386|[from] item: Leftovers
|turn|27
|
|move|p1a: Heatran|Protect|p1a: Heatran
|-singleturn|p1a: Heatran|Protect
|move|p2a: Landorus-Therian|Earthquake|p1a: Heatran
|-activate|p1a: Heatran|Protect
|
|turn|28
|
|switch|p2a: Keldeo|Keldeo|190\/323
|-damage|p2a: Keldeo|150\/323|[from] Spikes
|switch|p1a: Azelf|Azelf|123\/291
|
|turn|29
|
|switch|p2a: Pinsir|Pinsir-Mega, M|271\/271
|move|p1a: Azelf|U-turn|p2a: Pinsir
|-crit|p2a: Pinsir
|-resisted|p2a: Pinsir
|-damage|p2a: Pinsir|229\/271
|
|switch|p1a: Manectric|Manectric, F|281\/281
|
|turn|30
|
|switch|p2a: Heatran|Heatran, F|361\/385
|-damage|p2a: Heatran|313\/385|[from] Spikes
|detailschange|p1a: Manectric|Manectric-Mega, F
|-mega|p1a: Manectric|Manectric|Manectite
|-ability|p1a: Manectric|Intimidate|[of] p2a: Heatran
|-unboost|p2a: Heatran|atk|1
|move|p1a: Manectric|Thunderbolt|p2a: Heatran
|-damage|p2a: Heatran|202\/385
|
|-heal|p2a: Heatran|226\/385|[from] item: Leftovers
|turn|31
|
|move|p1a: Manectric|Volt Switch|p2a: Heatran
|-damage|p2a: Heatran|124\/385
|
|switch|p1a: Seismitoad|Seismitoad, F|230\/414
|move|p2a: Heatran|Stealth Rock|p1a: Seismitoad
|-sidestart|p1: OPGGNORE|move: Stealth Rock
|
|-heal|p2a: Heatran|148\/385|[from] item: Leftovers
|turn|32
|
|move|p2a: Heatran|Lava Plume|p1a: Seismitoad
|-resisted|p1a: Seismitoad
|-damage|p1a: Seismitoad|147\/414
|-status|p1a: Seismitoad|brn
|move|p1a: Seismitoad|Stealth Rock|p2a: Heatran
|-sidestart|p2: Dr.Pack|move: Stealth Rock
|
|-heal|p2a: Heatran|172\/385|[from] item: Leftovers
|-damage|p1a: Seismitoad|96\/414 brn|[from] brn
|turn|33
|
|move|p2a: Heatran|Lava Plume|p1a: Seismitoad
|-resisted|p1a: Seismitoad
|-damage|p1a: Seismitoad|15\/414 brn
|move|p1a: Seismitoad|Earthquake|p2a: Heatran
|-supereffective|p2a: Heatran
|-damage|p2a: Heatran|0 fnt
|faint|p2a: Heatran
|
|-damage|p1a: Seismitoad|0 fnt|[from] brn
|faint|p1a: Seismitoad
|
|switch|p2a: Keldeo|Keldeo|150\/323
|switch|p1a: Heatran|Heatran, M|386\/386
|-damage|p2a: Keldeo|110\/323|[from] Spikes
|-damage|p2a: Keldeo|90\/323|[from] Stealth Rock
|-damage|p1a: Heatran|338\/386|[from] Stealth Rock
|turn|34
|
|move|p1a: Heatran|Protect|p1a: Heatran
|-singleturn|p1a: Heatran|Protect
|move|p2a: Keldeo|Scald|p1a: Heatran
|-activate|p1a: Heatran|Protect
|
|-heal|p1a: Heatran|362\/386|[from] item: Leftovers
|turn|35
|
|move|p2a: Keldeo|Scald|p1a: Heatran
|-supereffective|p1a: Heatran
|-damage|p1a: Heatran|62\/386
|move|p1a: Heatran|Lava Plume|p2a: Keldeo
|-resisted|p2a: Keldeo
|-damage|p2a: Keldeo|26\/323
|
|-heal|p1a: Heatran|86\/386|[from] item: Leftovers
|turn|36
|
|switch|p1a: Amoonguss|Amoonguss, F|432\/432
|-damage|p1a: Amoonguss|378\/432|[from] Stealth Rock
|move|p2a: Keldeo|Scald|p1a: Amoonguss
|-resisted|p1a: Amoonguss
|-damage|p1a: Amoonguss|242\/432
|-status|p1a: Amoonguss|brn
|
|-heal|p1a: Amoonguss|269\/432 brn|[from] item: Black Sludge
|-damage|p1a: Amoonguss|215\/432 brn|[from] brn
|turn|37
|
|move|p2a: Keldeo|Scald|p1a: Amoonguss
|-resisted|p1a: Amoonguss
|-damage|p1a: Amoonguss|95\/432 brn
|move|p1a: Amoonguss|Synthesis|p1a: Amoonguss
|-heal|p1a: Amoonguss|311\/432 brn
|
|-heal|p1a: Amoonguss|338\/432 brn|[from] item: Black Sludge
|-damage|p1a: Amoonguss|284\/432 brn|[from] brn
|turn|38
|
|move|p2a: Keldeo|Scald|p1a: Amoonguss
|-resisted|p1a: Amoonguss
|-damage|p1a: Amoonguss|162\/432 brn
|move|p1a: Amoonguss|Synthesis|p1a: Amoonguss
|-heal|p1a: Amoonguss|378\/432 brn
|
|-heal|p1a: Amoonguss|405\/432 brn|[from] item: Black Sludge
|-damage|p1a: Amoonguss|351\/432 brn|[from] brn
|turn|39
|
|move|p2a: Keldeo|Scald|p1a: Amoonguss
|-resisted|p1a: Amoonguss
|-damage|p1a: Amoonguss|233\/432 brn
|move|p1a: Amoonguss|Giga Drain|p2a: Keldeo
|-supereffective|p2a: Keldeo
|-damage|p2a: Keldeo|0 fnt
|-heal|p1a: Amoonguss|246\/432 brn|[from] drain|[of] p2a: Keldeo
|faint|p2a: Keldeo
|
|-heal|p1a: Amoonguss|273\/432 brn|[from] item: Black Sludge
|-damage|p1a: Amoonguss|219\/432 brn|[from] brn
|
|switch|p2a: Pinsir|Pinsir-Mega, M|229\/271
|-damage|p2a: Pinsir|94\/271|[from] Stealth Rock
|turn|40
|
|move|p2a: Pinsir|Frustration|p1a: Amoonguss
|-supereffective|p1a: Amoonguss
|-damage|p1a: Amoonguss|0 fnt
|faint|p1a: Amoonguss
|
|
|switch|p1a: Manectric|Manectric-Mega, F|281\/281
|-damage|p1a: Manectric|246\/281|[from] Stealth Rock
|-ability|p1a: Manectric|Intimidate|[of] p2a: Pinsir
|-unboost|p2a: Pinsir|atk|1
|turn|41
|
|move|p2a: Pinsir|Quick Attack|p1a: Manectric
|-crit|p1a: Manectric
|-resisted|p1a: Manectric
|-damage|p1a: Manectric|142\/281
|move|p1a: Manectric|Hidden Power|p2a: Pinsir
|-supereffective|p2a: Pinsir
|-damage|p2a: Pinsir|0 fnt
|faint|p2a: Pinsir
|
|
|switch|p2a: Landorus-Therian|Landorus-Therian, M|133\/319
|-damage|p2a: Landorus-Therian|94\/319|[from] Stealth Rock
|-ability|p2a: Landorus-Therian|Intimidate|[of] p1a: Manectric
|-unboost|p1a: Manectric|atk|1
|turn|42
|
|switch|p1a: Skarmory|Skarmory, F|261\/333
|-damage|p1a: Skarmory|220\/333|[from] Stealth Rock
|move|p2a: Landorus-Therian|Stone Edge|p1a: Skarmory|[miss]
|-miss|p2a: Landorus-Therian|p1a: Skarmory
|
|turn|43
|
|move|p2a: Landorus-Therian|Stone Edge|p1a: Skarmory
|-damage|p1a: Skarmory|143\/333
|move|p1a: Skarmory|Roost|p1a: Skarmory
|-heal|p1a: Skarmory|310\/333
|
|turn|44
|
|switch|p2a: Sylveon|Sylveon, F|213\/381 slp
|-damage|p2a: Sylveon|166\/381 slp|[from] Stealth Rock
|-damage|p2a: Sylveon|119\/381 slp|[from] Spikes
|move|p1a: Skarmory|Spikes|p2a: Sylveon
|-sidestart|p2: Dr.Pack|Spikes
|
|turn|45
|
|move|p1a: Skarmory|Spikes|p2a: Sylveon
|-sidestart|p2: Dr.Pack|Spikes
|cant|p2a: Sylveon|slp
|
|turn|46
|
|cant|p2a: Sylveon|slp
|move|p1a: Skarmory|Whirlwind|p2a: Sylveon
|drag|p2a: Landorus-Therian|Landorus-Therian, M|94\/319
|-damage|p2a: Landorus-Therian|55\/319|[from] Stealth Rock
|-ability|p2a: Landorus-Therian|Intimidate|[of] p1a: Skarmory
|-unboost|p1a: Skarmory|atk|1
|
|turn|47
|-message|Dr.Pack forfeited.
|
|win|OPGGNORE
|raw|Ladder updating...
|leave|Dr.Pack
|player|p2
|raw|OPGGNORE's rating: 1228 &rarr; <strong>1260<\/strong><br \/>(+32 for winning)
|raw|Dr.Pack's rating: 1321 &rarr; <strong>1296<\/strong><br \/>(-25 for losing)