|join|opggnore
|join|Commander Robin
|player|p1|opggnore|266
|player|p2|Commander Robin|169
|gametype|singles
|gen|6
|tier|OU (suspect test)
|rated
|clearpoke
|poke|p1|Azelf
|poke|p1|Seismitoad, M
|poke|p1|Skarmory, F
|poke|p1|Heatran, M
|poke|p1|Manectric, M
|poke|p1|Amoonguss, F
|poke|p2|Gallade, M
|poke|p2|Sableye, M
|poke|p2|Togekiss, F
|poke|p2|Landorus-Therian, M
|poke|p2|Latios, M
|poke|p2|Keldeo
|rule|Swagger Clause: Swagger is banned
|rule|Baton Pass Clause: Limit one PokÃ©mon knowing Baton Pass
|rule|Sleep Clause Mod: Limit one foe put to sleep
|rule|Species Clause: Limit one of each PokÃ©mon
|rule|OHKO Clause: OHKO moves are banned
|rule|Moody Clause: Moody is banned
|rule|Evasion Moves Clause: Evasion moves are banned
|rule|Endless Battle Clause: Forcing endless battles is banned
|rule|HP Percentage Mod: HP is shown in percentages
|teampreview
|
|start
|switch|p1a: Azelf|Azelf|291\/291
|switch|p2a: Landorus-Therian|Landorus-Therian, M|319\/319
|-ability|p2a: Landorus-Therian|Intimidate|[of] p1a: Azelf
|-unboost|p1a: Azelf|atk|1
|turn|1
|
|move|p1a: Azelf|Hidden Power|p2a: Landorus-Therian
|-supereffective|p2a: Landorus-Therian
|-damage|p2a: Landorus-Therian|0 fnt
|faint|p2a: Landorus-Therian
|
|
|switch|p2a: Gallade|Gallade, M|278\/278
|turn|2
|
|switch|p1a: Skarmory|Skarmory, F|333\/333
|detailschange|p2a: Gallade|Gallade-Mega, M
|-mega|p2a: Gallade|Gallade|Galladite
|move|p2a: Gallade|Swords Dance|p2a: Gallade
|-boost|p2a: Gallade|atk|2
|
|turn|3
|
|move|p2a: Gallade|Ice Punch|p1a: Skarmory
|-damage|p1a: Skarmory|216\/333
|move|p1a: Skarmory|Counter|p2a: Gallade
|-damage|p2a: Gallade|44\/278
|
|turn|4
|
|move|p2a: Gallade|Close Combat|p1a: Skarmory
|-damage|p1a: Skarmory|0 fnt
|-unboost|p2a: Gallade|def|1
|-unboost|p2a: Gallade|spd|1
|faint|p1a: Skarmory
|
|
|switch|p1a: Azelf|Azelf|291\/291
|turn|5
|
|switch|p2a: Sableye|Sableye, M|304\/304
|move|p1a: Azelf|U-turn|p2a: Sableye
|-damage|p2a: Sableye|215\/304
|
|switch|p1a: Manectric|Manectric, M|281\/281
|
|-heal|p2a: Sableye|234\/304|[from] item: Leftovers
|turn|6
|
|detailschange|p1a: Manectric|Manectric-Mega, M
|-mega|p1a: Manectric|Manectric|Manectite
|-ability|p1a: Manectric|Intimidate|[of] p2a: Sableye
|-unboost|p2a: Sableye|atk|1
|move|p2a: Sableye|Will-O-Wisp|p1a: Manectric
|-status|p1a: Manectric|brn
|move|p1a: Manectric|Volt Switch|p2a: Sableye
|-damage|p2a: Sableye|107\/304
|
|switch|p1a: Heatran|Heatran, M|386\/386
|
|-heal|p2a: Sableye|126\/304|[from] item: Leftovers
|turn|7
|
|switch|p2a: Keldeo|Keldeo|323\/323
|move|p1a: Heatran|Lava Plume|p2a: Keldeo
|-resisted|p2a: Keldeo
|-damage|p2a: Keldeo|262\/323
|
|turn|8
|
|switch|p2a: Latios|Latios, M|301\/301
|switch|p1a: Amoonguss|Amoonguss, F|432\/432
|
|turn|9
|
|move|p2a: Latios|Psyshock|p1a: Amoonguss
|-supereffective|p1a: Amoonguss
|-damage|p1a: Amoonguss|86\/432
|-damage|p2a: Latios|271\/301|[from] item: Life Orb
|move|p1a: Amoonguss|Spore|p2a: Latios
|-status|p2a: Latios|slp
|
|-heal|p1a: Amoonguss|113\/432|[from] item: Black Sludge
|turn|10
|
|switch|p2a: Togekiss|Togekiss, F|373\/373
|switch|p1a: Seismitoad|Seismitoad, M|414\/414
|
|turn|11
|
|move|p2a: Togekiss|Heal Bell|p2a: Togekiss
|-cureteam|p2a: Togekiss|[from] move: HealBell
|move|p1a: Seismitoad|Stealth Rock|p2a: Togekiss
|-sidestart|p2: Commander Robin|move: Stealth Rock
|
|turn|12
|
|move|p2a: Togekiss|Air Slash|p1a: Seismitoad
|-damage|p1a: Seismitoad|288\/414
|move|p1a: Seismitoad|Toxic|p2a: Togekiss
|-status|p2a: Togekiss|tox
|
|-heal|p1a: Seismitoad|313\/414|[from] item: Leftovers
|-damage|p2a: Togekiss|350\/373 tox|[from] psn
|turn|13
|
|switch|p1a: Azelf|Azelf|291\/291
|move|p2a: Togekiss|Air Slash|p1a: Azelf
|-damage|p1a: Azelf|150\/291
|
|-heal|p2a: Togekiss|373\/373 tox|[from] item: Leftovers
|-damage|p2a: Togekiss|327\/373 tox|[from] psn
|turn|14
|
|move|p1a: Azelf|Trick|p2a: Togekiss
|-activate|p1a: Azelf|move: Trick|[of] p2a: Togekiss
|-item|p2a: Togekiss|Choice Scarf|[from] move: Trick
|-item|p1a: Azelf|Leftovers|[from] move: Trick
|move|p2a: Togekiss|Thunder Wave|p1a: Azelf
|-status|p1a: Azelf|par
|
|-heal|p1a: Azelf|168\/291 par|[from] item: Leftovers
|-damage|p2a: Togekiss|258\/373 tox|[from] psn
|turn|15
|
|switch|p2a: Keldeo|Keldeo|262\/323
|-damage|p2a: Keldeo|242\/323|[from] Stealth Rock
|move|p1a: Azelf|U-turn|p2a: Keldeo
|-resisted|p2a: Keldeo
|-damage|p2a: Keldeo|204\/323
|
|switch|p1a: Manectric|Manectric-Mega, M|281\/281 brn
|-ability|p1a: Manectric|Intimidate|[of] p2a: Keldeo
|-unboost|p2a: Keldeo|atk|1
|
|-damage|p1a: Manectric|246\/281 brn|[from] brn
|turn|16
|
|switch|p2a: Latios|Latios, M|271\/301
|-damage|p2a: Latios|234\/301|[from] Stealth Rock
|move|p1a: Manectric|Volt Switch|p2a: Latios
|-resisted|p2a: Latios
|-damage|p2a: Latios|178\/301
|
|switch|p1a: Heatran|Heatran, M|386\/386
|
|turn|17
|
|move|p2a: Latios|Defog|p1a: Heatran
|-unboost|p1a: Heatran|evasion|1
|-sideend|p2: Commander Robin|Stealth Rock|[from] move: Defog|[of] p2a: Latios
|move|p1a: Heatran|Toxic|p2a: Latios
|-status|p2a: Latios|tox
|
|-damage|p2a: Latios|160\/301 tox|[from] psn
|turn|18
|
|move|p2a: Latios|Draco Meteor|p1a: Heatran
|-resisted|p1a: Heatran
|-damage|p1a: Heatran|265\/386
|-unboost|p2a: Latios|spa|2
|-damage|p2a: Latios|130\/301 tox|[from] item: Life Orb
|move|p1a: Heatran|Roar|p2a: Latios
|drag|p2a: Sableye|Sableye, M|126\/304
|
|-heal|p1a: Heatran|289\/386|[from] item: Leftovers
|-heal|p2a: Sableye|145\/304|[from] item: Leftovers
|turn|19
|
|move|p2a: Sableye|Taunt|p1a: Heatran
|-start|p1a: Heatran|move: Taunt
|move|p1a: Heatran|Lava Plume|p2a: Sableye
|-damage|p2a: Sableye|25\/304
|
|-heal|p1a: Heatran|313\/386|[from] item: Leftovers
|-heal|p2a: Sableye|44\/304|[from] item: Leftovers
|turn|20
|
|switch|p2a: Togekiss|Togekiss, F|258\/373 tox
|move|p1a: Heatran|Lava Plume|p2a: Togekiss
|-crit|p2a: Togekiss
|-damage|p2a: Togekiss|95\/373 tox
|
|-heal|p1a: Heatran|337\/386|[from] item: Leftovers
|-damage|p2a: Togekiss|72\/373 tox|[from] psn
|turn|21
|
|move|p2a: Togekiss|Heal Bell|p2a: Togekiss
|-cureteam|p2a: Togekiss|[from] move: HealBell
|move|p1a: Heatran|Lava Plume|p2a: Togekiss
|-crit|p2a: Togekiss
|-damage|p2a: Togekiss|0 fnt
|faint|p2a: Togekiss
|
|-heal|p1a: Heatran|361\/386|[from] item: Leftovers
|-end|p1a: Heatran|move: Taunt
|
|switch|p2a: Gallade|Gallade-Mega, M|44\/278
|turn|22
|
|switch|p1a: Azelf|Azelf|168\/291 par
|move|p2a: Gallade|Close Combat|p1a: Azelf
|-resisted|p1a: Azelf
|-damage|p1a: Azelf|0 fnt
|-unboost|p2a: Gallade|def|1
|-unboost|p2a: Gallade|spd|1
|faint|p1a: Azelf
|
|
|switch|p1a: Manectric|Manectric-Mega, M|246\/281 brn
|-ability|p1a: Manectric|Intimidate|[of] p2a: Gallade
|-unboost|p2a: Gallade|atk|1
|turn|23
|
|switch|p2a: Sableye|Sableye, M|44\/304
|move|p1a: Manectric|Volt Switch|p2a: Sableye
|-damage|p2a: Sableye|0 fnt
|faint|p2a: Sableye
|
|switch|p1a: Seismitoad|Seismitoad, M|313\/414
|
|-heal|p1a: Seismitoad|338\/414|[from] item: Leftovers
|
|switch|p2a: Gallade|Gallade-Mega, M|44\/278
|turn|24
|
|move|p2a: Gallade|Close Combat|p1a: Seismitoad
|-damage|p1a: Seismitoad|101\/414
|-unboost|p2a: Gallade|def|1
|-unboost|p2a: Gallade|spd|1
|move|p1a: Seismitoad|Earthquake|p2a: Gallade
|-damage|p2a: Gallade|0 fnt
|faint|p2a: Gallade
|
|-heal|p1a: Seismitoad|126\/414|[from] item: Leftovers
|
|switch|p2a: Keldeo|Keldeo|204\/323
|turn|25
|
|switch|p1a: Amoonguss|Amoonguss, F|257\/432
|move|p2a: Keldeo|Secret Sword|p1a: Amoonguss
|-resisted|p1a: Amoonguss
|-damage|p1a: Amoonguss|189\/432
|
|-heal|p1a: Amoonguss|216\/432|[from] item: Black Sludge
|turn|26
|
|move|p2a: Keldeo|Icy Wind|p1a: Amoonguss
|-supereffective|p1a: Amoonguss
|-damage|p1a: Amoonguss|29\/432
|-unboost|p1a: Amoonguss|spe|1
|move|p1a: Amoonguss|Spore|p2a: Keldeo
|-status|p2a: Keldeo|slp
|
|-heal|p1a: Amoonguss|56\/432|[from] item: Black Sludge
|turn|27
|
|cant|p2a: Keldeo|slp
|move|p1a: Amoonguss|Sludge Bomb|p2a: Keldeo
|-damage|p2a: Keldeo|99\/323 slp
|
|-heal|p1a: Amoonguss|83\/432|[from] item: Black Sludge
|turn|28
|
|cant|p2a: Keldeo|slp
|move|p1a: Amoonguss|Giga Drain|p2a: Keldeo
|-supereffective|p2a: Keldeo
|-damage|p2a: Keldeo|0 fnt
|-heal|p1a: Amoonguss|133\/432|[from] drain|[of] p2a: Keldeo
|faint|p2a: Keldeo
|
|-heal|p1a: Amoonguss|160\/432|[from] item: Black Sludge
|
|switch|p2a: Latios|Latios, M|130\/301
|turn|29
|
|switch|p1a: Heatran|Heatran, M|361\/386
|move|p2a: Latios|Psyshock|p1a: Heatran
|-resisted|p1a: Heatran
|-damage|p1a: Heatran|287\/386
|-damage|p2a: Latios|100\/301|[from] item: Life Orb
|
|-heal|p1a: Heatran|311\/386|[from] item: Leftovers
|turn|30
|
|move|p2a: Latios|Draco Meteor|p1a: Heatran
|-resisted|p1a: Heatran
|-damage|p1a: Heatran|202\/386
|-unboost|p2a: Latios|spa|2
|-damage|p2a: Latios|70\/301|[from] item: Life Orb
|move|p1a: Heatran|Lava Plume|p2a: Latios
|-resisted|p2a: Latios
|-damage|p2a: Latios|13\/301
|
|-heal|p1a: Heatran|226\/386|[from] item: Leftovers
|turn|31
|
|move|p2a: Latios|Draco Meteor|p1a: Heatran
|-resisted|p1a: Heatran
|-damage|p1a: Heatran|173\/386
|-unboost|p2a: Latios|spa|2
|-damage|p2a: Latios|0 fnt|[from] item: Life Orb
|faint|p2a: Latios
|
|win|opggnore
|raw|Ladder updating...
|raw|opggnore's rating: 1000 &rarr; <strong>1045<\/strong><br \/>(+45 for winning)
|raw|Commander Robin's rating: 1041 &rarr; <strong>1023<\/strong><br \/>(-18 for losing)
|c|âopggnore|gg
|c|âCommander Robin|gg
|leave|opggnore