|join|OPGGNORE
|join|khalid710
|player|p1|OPGGNORE|2
|player|p2|khalid710|265
|gametype|singles
|gen|6
|tier|OU (suspect test)
|rated
|clearpoke
|poke|p1|Scizor, F
|poke|p1|Keldeo-Resolute
|poke|p1|Mandibuzz, F
|poke|p1|Chansey, F
|poke|p1|Landorus-Therian, M
|poke|p1|Sylveon, F
|poke|p2|Entei, shiny
|poke|p2|Blastoise, M
|poke|p2|Dragonite, M
|poke|p2|Excadrill, M
|poke|p2|Thundurus-Therian, M
|poke|p2|Sableye, M
|rule|Swagger Clause: Swagger is banned
|rule|Baton Pass Clause: Limit one PokÃ©mon knowing Baton Pass
|rule|Sleep Clause Mod: Limit one foe put to sleep
|rule|Species Clause: Limit one of each PokÃ©mon
|rule|OHKO Clause: OHKO moves are banned
|rule|Moody Clause: Moody is banned
|rule|Evasion Moves Clause: Evasion moves are banned
|rule|Endless Battle Clause: Forcing endless battles is banned
|rule|HP Percentage Mod: HP is shown in percentages
|teampreview
|
|start
|switch|p1a: Keldeo-Resolute|Keldeo-Resolute|324\/324
|switch|p2a: Entei|Entei, shiny|371\/371
|-ability|p2a: Entei|Pressure
|turn|1
|
|move|p1a: Keldeo-Resolute|Substitute|p1a: Keldeo-Resolute
|-start|p1a: Keldeo-Resolute|Substitute
|-damage|p1a: Keldeo-Resolute|243\/324
|move|p2a: Entei|Sacred Fire|p1a: Keldeo-Resolute
|-crit|p1a: Keldeo-Resolute
|-resisted|p1a: Keldeo-Resolute
|-end|p1a: Keldeo-Resolute|Substitute
|
|-heal|p1a: Keldeo-Resolute|263\/324|[from] item: Leftovers
|turn|2
|
|move|p1a: Keldeo-Resolute|Scald|p2a: Entei
|-supereffective|p2a: Entei
|-damage|p2a: Entei|3\/371
|move|p2a: Entei|Sacred Fire|p1a: Keldeo-Resolute
|-resisted|p1a: Keldeo-Resolute
|-damage|p1a: Keldeo-Resolute|107\/324
|-status|p1a: Keldeo-Resolute|brn
|
|-heal|p1a: Keldeo-Resolute|127\/324 brn|[from] item: Leftovers
|-damage|p1a: Keldeo-Resolute|87\/324 brn|[from] brn
|turn|3
|c|âOPGGNORE|wow
|c|âkhalid710|lmao
|
|move|p1a: Keldeo-Resolute|Scald|p2a: Entei
|-supereffective|p2a: Entei
|-damage|p2a: Entei|0 fnt
|faint|p2a: Entei
|
|-heal|p1a: Keldeo-Resolute|107\/324 brn|[from] item: Leftovers
|-damage|p1a: Keldeo-Resolute|67\/324 brn|[from] brn
|c|âOPGGNORE|the luck
|
|switch|p2a: Blastoise|Blastoise, M|361\/361
|turn|4
|
|switch|p1a: Chansey|Chansey, F|704\/704
|detailschange|p2a: Blastoise|Blastoise-Mega, M
|-mega|p2a: Blastoise|Blastoise|Blastoisinite
|move|p2a: Blastoise|Water Pulse|p1a: Chansey
|-damage|p1a: Chansey|578\/704
|-start|p1a: Chansey|confusion
|
|turn|5
|
|switch|p2a: Sableye|Sableye, M|304\/304
|-activate|p1a: Chansey|confusion
|-damage|p1a: Chansey|571\/704|[from] confusion
|
|turn|6
|
|switch|p1a: Sylveon|Sylveon, F|394\/394
|move|p2a: Sableye|Night Shade|p1a: Sylveon
|-damage|p1a: Sylveon|294\/394
|
|turn|7
|
|move|p2a: Sableye|Toxic|p1a: Sylveon
|-status|p1a: Sylveon|tox
|move|p1a: Sylveon|Hyper Voice|p2a: Sableye
|-supereffective|p2a: Sableye
|-damage|p2a: Sableye|0 fnt
|faint|p2a: Sableye
|
|-damage|p1a: Sylveon|270\/394 tox|[from] psn
|
|switch|p2a: Thundurus-Therian|Thundurus-Therian, M|300\/300
|turn|8
|
|switch|p1a: Chansey|Chansey, F|571\/704
|move|p2a: Thundurus-Therian|Nasty Plot|p2a: Thundurus-Therian
|-boost|p2a: Thundurus-Therian|spa|2
|
|turn|9
|
|move|p2a: Thundurus-Therian|Thunderbolt|p1a: Chansey
|-damage|p1a: Chansey|282\/704
|-damage|p2a: Thundurus-Therian|270\/300|[from] item: Life Orb
|move|p1a: Chansey|Stealth Rock|p2a: Thundurus-Therian
|-sidestart|p2: khalid710|move: Stealth Rock
|
|turn|10
|
|switch|p1a: Keldeo-Resolute|Keldeo-Resolute|67\/324 brn
|move|p2a: Thundurus-Therian|Thunderbolt|p1a: Keldeo-Resolute
|-supereffective|p1a: Keldeo-Resolute
|-damage|p1a: Keldeo-Resolute|0 fnt
|-damage|p2a: Thundurus-Therian|240\/300|[from] item: Life Orb
|faint|p1a: Keldeo-Resolute
|
|
|switch|p1a: Landorus-Therian|Landorus-Therian, M|320\/320
|-ability|p1a: Landorus-Therian|Intimidate|[of] p2a: Thundurus-Therian
|-unboost|p2a: Thundurus-Therian|atk|1
|turn|11
|
|move|p1a: Landorus-Therian|Knock Off|p2a: Thundurus-Therian
|-damage|p2a: Thundurus-Therian|70\/300
|-enditem|p2a: Thundurus-Therian|Life Orb|[from] move: Knock Off|[of] p1a: Landorus-Therian
|move|p2a: Thundurus-Therian|Hidden Power|p1a: Landorus-Therian
|-supereffective|p1a: Landorus-Therian
|-damage|p1a: Landorus-Therian|0 fnt
|faint|p1a: Landorus-Therian
|
|
|switch|p1a: Scizor|Scizor, F|281\/281
|turn|12
|
|detailschange|p1a: Scizor|Scizor-Mega, F
|-mega|p1a: Scizor|Scizor|Scizorite
|move|p1a: Scizor|Bullet Punch|p2a: Thundurus-Therian
|-crit|p2a: Thundurus-Therian
|-resisted|p2a: Thundurus-Therian
|-damage|p2a: Thundurus-Therian|0 fnt
|faint|p2a: Thundurus-Therian
|
|
|switch|p2a: Blastoise|Blastoise-Mega, M|361\/361
|-damage|p2a: Blastoise|316\/361|[from] Stealth Rock
|turn|13
|
|switch|p1a: Chansey|Chansey, F|282\/704
|move|p2a: Blastoise|Water Pulse|p1a: Chansey
|-damage|p1a: Chansey|176\/704
|-start|p1a: Chansey|confusion
|
|turn|14
|c|âOPGGNORE|wow
|c|âOPGGNORE|tice
|c|âkhalid710|lol
|c|âOPGGNORE|twice*
|
|move|p2a: Blastoise|Aura Sphere|p1a: Chansey
|-supereffective|p1a: Chansey
|-damage|p1a: Chansey|0 fnt
|faint|p1a: Chansey
|
|c|âkhalid710|this is too funny
|c|âOPGGNORE|nvd
|
|switch|p1a: Sylveon|Sylveon, F|270\/394 tox
|turn|15
|
|move|p2a: Blastoise|Water Pulse|p1a: Sylveon
|-damage|p1a: Sylveon|132\/394 tox
|-start|p1a: Sylveon|confusion
|-activate|p1a: Sylveon|confusion
|-damage|p1a: Sylveon|101\/394 tox|[from] confusion
|
|-damage|p1a: Sylveon|77\/394 tox|[from] psn
|turn|16
|c|âkhalid710|LMAO
|c|âOPGGNORE|:(
|
|move|p2a: Blastoise|Water Pulse|p1a: Sylveon
|-damage|p1a: Sylveon|0 fnt
|faint|p1a: Sylveon
|
|
|switch|p1a: Scizor|Scizor-Mega, F|281\/281
|turn|17
|
|move|p1a: Scizor|Swords Dance|p1a: Scizor
|-boost|p1a: Scizor|atk|2
|move|p2a: Blastoise|Water Pulse|p1a: Scizor
|-damage|p1a: Scizor|101\/281
|-start|p1a: Scizor|confusion
|
|turn|18
|c|âkhalid710|HAHAHA
|
|-activate|p1a: Scizor|confusion
|-damage|p1a: Scizor|0 fnt|[from] confusion
|faint|p1a: Scizor
|move|p2a: Blastoise|Water Pulse|p1: Scizor|[notarget]
|-notarget
|
|c|âkhalid710|IM DYING
|c|âOPGGNORE|im crying
|c|âkhalid710|THIS IS TOO FUNNY
|c|âOPGGNORE|this game hates me
|
|switch|p1a: Mandibuzz|Mandibuzz, F|424\/424
|turn|19
|
|move|p1a: Mandibuzz|Toxic|p2a: Blastoise
|-status|p2a: Blastoise|tox
|move|p2a: Blastoise|Ice Beam|p1a: Mandibuzz
|-supereffective|p1a: Mandibuzz
|-damage|p1a: Mandibuzz|186\/424
|
|-heal|p1a: Mandibuzz|212\/424|[from] item: Leftovers
|-damage|p2a: Blastoise|294\/361 tox|[from] psn
|turn|20
|
|move|p1a: Mandibuzz|Roost|p1a: Mandibuzz
|-heal|p1a: Mandibuzz|424\/424
|move|p2a: Blastoise|Ice Beam|p1a: Mandibuzz
|-damage|p1a: Mandibuzz|298\/424
|-status|p1a: Mandibuzz|frz
|
|-heal|p1a: Mandibuzz|324\/424 frz|[from] item: Leftovers
|-damage|p2a: Blastoise|250\/361 tox|[from] psn
|turn|21
|c|âkhalid710|HAHAHA
|c|âOPGGNORE|are you srs
|c|âkhalid710|I CANT STOP LAUGHING
|
|cant|p1a: Mandibuzz|frz
|move|p2a: Blastoise|Water Pulse|p1a: Mandibuzz
|-damage|p1a: Mandibuzz|140\/424 frz
|
|-heal|p1a: Mandibuzz|166\/424 frz|[from] item: Leftovers
|-damage|p2a: Blastoise|184\/361 tox|[from] psn
|turn|22
|
|cant|p1a: Mandibuzz|frz
|move|p2a: Blastoise|Water Pulse|p1a: Mandibuzz
|-damage|p1a: Mandibuzz|0 fnt
|faint|p1a: Mandibuzz
|
|win|khalid710
|raw|Ladder updating...
|raw|OPGGNORE's rating: 1327 &rarr; <strong>1305<\/strong><br \/>(-22 for losing)
|raw|khalid710's rating: 1284 &rarr; <strong>1312<\/strong><br \/>(+28 for winning)
|c|âkhalid710|MY STOMACH HURTS
|c|âkhalid710|gg
|c|âOPGGNORE|are u srs  lol
|c|âkhalid710|mega blastoise really didnt like u lol
|c|âOPGGNORE|no
|c|âOPGGNORE|this game dude
|c|âOPGGNORE|actually hates me
|c|âOPGGNORE|I aint even mad
|c|âOPGGNORE|that was ridiculous
|c|âOPGGNORE|gg
|c|âkhalid710|im going to save this
|c|âkhalid710|gg
|c|âOPGGNORE|already have
|c|âkhalid710|lmao
|c|âOPGGNORE|smogon better change things
|c|âOPGGNORE|you do realise I would have won
|c|âkhalid710|hey hey u never know
|c|âOPGGNORE|lol
|c|âOPGGNORE|ok cya
|c|âkhalid710|cya
|leave|OPGGNORE
|player|p1