|join|ContentDeleted
|join|kratossnake
|player|p1|ContentDeleted|121
|player|p2|kratossnake|159
|gametype|singles
|gen|6
|tier|ORAS OU
|rule|Sleep Clause Mod: Limit one foe put to sleep
|rule|Species Clause: Limit one of each PokÃ©mon
|rule|OHKO Clause: OHKO moves are banned
|rule|Moody Clause: Moody is banned
|rule|Evasion Moves Clause: Evasion moves are banned
|rule|Endless Battle Clause: Forcing endless battles is banned
|rule|HP Percentage Mod: HP is shown in percentages
|clearpoke
|poke|p1|Sylveon, M
|poke|p1|Slowbro, M
|poke|p1|Ferrothorn, F
|poke|p1|Skarmory, F
|poke|p1|Hippowdon, F
|poke|p1|Rotom-Wash
|poke|p2|Bisharp, M
|poke|p2|Heatran, F
|poke|p2|Chansey, F
|poke|p2|Skarmory, F
|poke|p2|Amoonguss, M
|poke|p2|Gallade, M
|rule|Swagger Clause: Swagger is banned
|rule|Baton Pass Clause: Limit one PokÃ©mon knowing Baton Pass
|teampreview
|join|FaK3R
|
|start
|switch|p1a: Hippowdon|Hippowdon, F|358\/358
|switch|p2a: Mushroom|Amoonguss, M|432\/432
|-weather|Sandstorm
|turn|1
|
|switch|p1a: Punisher|Ferrothorn, F|290\/290
|switch|p2a: Hotshot|Heatran, F|324\/324
|-item|p2a: Hotshot|Air Balloon
|
|-weather|Sandstorm|[upkeep]
|turn|2
|
|switch|p1a: Loading Brain|Slowbro, M|331\/331
|move|p2a: Hotshot|Stealth Rock|p1a: Loading Brain
|-sidestart|p1: ContentDeleted|move: Stealth Rock
|
|-weather|Sandstorm|[upkeep]
|-damage|p1a: Loading Brain|311\/331|[from] sandstorm
|-heal|p1a: Loading Brain|331\/331|[from] item: Leftovers
|turn|3
|join|LadderToEz
|
|switch|p2a: Mushroom|Amoonguss, M|432\/432
|move|p1a: Loading Brain|Scald|p2a: Mushroom
|-resisted|p2a: Mushroom
|-damage|p2a: Mushroom|381\/432
|
|-weather|Sandstorm|[upkeep]
|-damage|p1a: Loading Brain|311\/331|[from] sandstorm
|-damage|p2a: Mushroom|354\/432|[from] sandstorm
|-heal|p2a: Mushroom|381\/432|[from] item: Black Sludge
|-heal|p1a: Loading Brain|331\/331|[from] item: Leftovers
|turn|4
|
|switch|p1a: Punisher|Ferrothorn, F|290\/290
|-damage|p1a: Punisher|272\/290|[from] Stealth Rock
|switch|p2a: Gall|Gallade, M|277\/277
|
|-weather|Sandstorm|[upkeep]
|-damage|p2a: Gall|260\/277|[from] sandstorm
|turn|5
|
|switch|p1a: Skarmory|Skarmory, F|272\/272
|-damage|p1a: Skarmory|238\/272|[from] Stealth Rock
|detailschange|p2a: Gall|Gallade-Mega, M
|message|Gallade has Mega Evolved into Mega Gallade!
|move|p2a: Gall|Swords Dance|p2a: Gall
|-boost|p2a: Gall|atk|2
|
|-weather|none
|-heal|p1a: Skarmory|255\/272|[from] item: Leftovers
|turn|6
|join|Funnelby
|
|move|p2a: Gall|Close Combat|p1a: Skarmory
|-damage|p1a: Skarmory|0 fnt
|-unboost|p2a: Gall|def|1
|-unboost|p2a: Gall|spd|1
|faint|p1a: Skarmory
|
|leave|FaK3R
|
|switch|p1a: Kawaii =:_:=|Sylveon, M|335\/335
|-damage|p1a: Kawaii =:_:=|294\/335|[from] Stealth Rock
|turn|7
|
|move|p1a: Kawaii =:_:=|Protect|p1a: Kawaii =:_:=
|-singleturn|p1a: Kawaii =:_:=|Protect
|move|p2a: Gall|Zen Headbutt|p1a: Kawaii =:_:=
|-activate|p1a: Kawaii =:_:=|Protect
|
|-heal|p1a: Kawaii =:_:=|314\/335|[from] item: Leftovers
|turn|8
|
|move|p2a: Gall|Zen Headbutt|p1a: Kawaii =:_:=
|-damage|p1a: Kawaii =:_:=|0 fnt
|faint|p1a: Kawaii =:_:=
|
|
|switch|p1a: Loading Brain|Slowbro, M|331\/331
|-damage|p1a: Loading Brain|290\/331|[from] Stealth Rock
|turn|9
|
|move|p2a: Gall|Knock Off|p1a: Loading Brain
|-supereffective|p1a: Loading Brain
|-damage|p1a: Loading Brain|0 fnt
|-enditem|p1a: Loading Brain|Leftovers|[from] move: Knock Off|[of] p2a: Gall
|faint|p1a: Loading Brain
|
|
|switch|p1a: Hippowdon|Hippowdon, F|358\/358
|-damage|p1a: Hippowdon|336\/358|[from] Stealth Rock
|-weather|Sandstorm
|turn|10
|
|move|p2a: Gall|Close Combat|p1a: Hippowdon
|-damage|p1a: Hippowdon|0 fnt
|-unboost|p2a: Gall|def|1
|-unboost|p2a: Gall|spd|1
|faint|p1a: Hippowdon
|
|-weather|Sandstorm|[upkeep]
|-damage|p2a: Gall|243\/277|[from] sandstorm
|c| LadderToEz|gg?
|c|âContentDeleted|Yeah ;_;
|c|âContentDeleted|OP Sweep
|
|switch|p1a: Rotom-Wash|Rotom-Wash|242\/242
|-damage|p1a: Rotom-Wash|212\/242|[from] Stealth Rock
|turn|11
|
|move|p2a: Gall|Close Combat|p1a: Rotom-Wash
|-damage|p1a: Rotom-Wash|0 fnt
|-unboost|p2a: Gall|def|1
|-unboost|p2a: Gall|spd|1
|faint|p1a: Rotom-Wash
|
|-weather|Sandstorm|[upkeep]
|-damage|p2a: Gall|226\/277|[from] sandstorm
|c|âContentDeleted|Note to Self: Talonflame
|
|switch|p1a: Punisher|Ferrothorn, F|272\/290
|-damage|p1a: Punisher|254\/290|[from] Stealth Rock
|turn|12
|
|move|p2a: Gall|Close Combat|p1a: Punisher
|-supereffective|p1a: Punisher
|-damage|p1a: Punisher|0 fnt
|-damage|p2a: Gall|192\/277|[from] ability: Iron Barbs|[of] p1a: Punisher
|-damage|p2a: Gall|146\/277|[from] item: Rocky Helmet|[of] p1a: Punisher
|-unboost|p2a: Gall|def|1
|-unboost|p2a: Gall|spd|1
|faint|p1a: Punisher
|
|win|kratossnake
|c| LadderToEz|lol
|c|âContentDeleted|gg
|c|âContentDeleted|Got sweeped ;_;
|c| LadderToEz|dat 6-0
|leave|kratossnake
|player|p2
|leave|ContentDeleted
|player|p1
|join|Dadede
|leave|LadderToEz