|join|Roi Pika
|join|kratossnake
|player|p1|Roi Pika|265
|player|p2|kratossnake|159
|gametype|singles
|gen|6
|tier|ORAS OU
|rule|Sleep Clause Mod: Limit one foe put to sleep
|rule|Species Clause: Limit one of each PokÃ©mon
|rule|OHKO Clause: OHKO moves are banned
|rule|Moody Clause: Moody is banned
|rule|Evasion Moves Clause: Evasion moves are banned
|rule|Endless Battle Clause: Forcing endless battles is banned
|rule|HP Percentage Mod: HP is shown in percentages
|clearpoke
|poke|p1|Politoed, M, shiny
|poke|p1|Swampert, M, shiny
|poke|p1|Kabutops, M
|poke|p1|Latios, M
|poke|p1|Scizor, F
|poke|p1|Landorus, M
|poke|p2|Bisharp, M
|poke|p2|Heatran, F
|poke|p2|Chansey, F
|poke|p2|Skarmory, M
|poke|p2|Amoonguss, M
|poke|p2|Gallade, M
|rule|Swagger Clause: Swagger is banned
|rule|Baton Pass Clause: Limit one PokÃ©mon knowing Baton Pass
|teampreview
|join|LadderToEz
|join|divad03
|join|Dadede
|join|ContentDeleted
|leave|ContentDeleted
|join|Frogtaco
|c|âRoi Pika|gl hf
|
|start
|switch|p1a: Politoed|Politoed, M, shiny|384\/384
|switch|p2a: Mushroom|Amoonguss, M|432\/432
|-weather|RainDance
|turn|1
|join|diancieisathreat
|join|Sieke
|
|move|p1a: Politoed|Ice Beam|p2a: Mushroom
|-supereffective|p2a: Mushroom
|-damage|p2a: Mushroom|244\/432
|move|p2a: Mushroom|Giga Drain|p1a: Politoed
|-supereffective|p1a: Politoed
|-damage|p1a: Politoed|238\/384
|-heal|p2a: Mushroom|317\/432|[from] drain|[of] p1a: Politoed
|
|-weather|RainDance|[upkeep]
|-heal|p2a: Mushroom|344\/432|[from] item: Black Sludge
|turn|2
|
|switch|p1a: Scizor|Scizor, F|344\/344
|move|p2a: Mushroom|Spore|p1a: Scizor
|-status|p1a: Scizor|slp
|
|-weather|RainDance|[upkeep]
|-heal|p2a: Mushroom|371\/432|[from] item: Black Sludge
|turn|3
|
|switch|p1a: Latios|Latios, M|302\/302
|switch|p2a: Hotshot|Heatran, F|324\/324
|-item|p2a: Hotshot|Air Balloon
|
|-weather|RainDance|[upkeep]
|turn|4
|
|switch|p1a: Landorus|Landorus, M|320\/320
|switch|p2a: Healer|Chansey, F|704\/704
|
|-weather|RainDance|[upkeep]
|turn|5
|
|move|p1a: Landorus|Stealth Rock|p2a: Healer
|-sidestart|p2: kratossnake|move: Stealth Rock
|move|p2a: Healer|Seismic Toss|p1a: Landorus
|-damage|p1a: Landorus|220\/320
|
|-weather|RainDance|[upkeep]
|turn|6
|
|switch|p1a: Scizor|Scizor, F|344\/344 slp
|move|p2a: Healer|Seismic Toss|p1a: Scizor
|-damage|p1a: Scizor|244\/344 slp
|
|-weather|RainDance|[upkeep]
|turn|7
|leave|divad03
|leave|diancieisathreat
|
|switch|p2a: Hotshot|Heatran, F|324\/324
|-damage|p2a: Hotshot|284\/324|[from] Stealth Rock
|-item|p2a: Hotshot|Air Balloon
|cant|p1a: Scizor|slp
|
|-weather|RainDance|[upkeep]
|turn|8
|join|JDynasty
|leave|Sieke
|join|dhiswudhiua
|
|switch|p1a: Swampert|Swampert, M, shiny|341\/341
|move|p2a: Hotshot|Stealth Rock|p1a: Swampert
|-sidestart|p1: Roi Pika|move: Stealth Rock
|
|-weather|none
|turn|9
|
|switch|p2a: Mushroom|Amoonguss, M|432\/432
|-damage|p2a: Mushroom|378\/432|[from] Stealth Rock
|detailschange|p1a: Swampert|Swampert-Mega, M, shiny
|message|Swampert has Mega Evolved into Mega Swampert!
|move|p1a: Swampert|Waterfall|p2a: Mushroom
|-resisted|p2a: Mushroom
|-damage|p2a: Mushroom|291\/432
|
|-heal|p2a: Mushroom|318\/432|[from] item: Black Sludge
|turn|10
|
|switch|p1a: Latios|Latios, M|302\/302
|-damage|p1a: Latios|265\/302|[from] Stealth Rock
|move|p2a: Mushroom|Giga Drain|p1a: Latios
|-crit|p1a: Latios
|-resisted|p1a: Latios
|-damage|p1a: Latios|213\/302
|-heal|p2a: Mushroom|344\/432|[from] drain|[of] p1a: Latios
|
|-heal|p2a: Mushroom|371\/432|[from] item: Black Sludge
|turn|11
|
|switch|p2a: Sharpnxggia|Bisharp, M|272\/272
|-damage|p2a: Sharpnxggia|255\/272|[from] Stealth Rock
|move|p1a: Latios|Defog|p2a: Sharpnxggia
|-unboost|p2a: Sharpnxggia|evasion|1
|-boost|p2a: Sharpnxggia|atk|2|[from] ability: Defiant
|-sideend|p2: kratossnake|Stealth Rock|[from] move: Defog|[of] p2a: Sharpnxggia
|-sideend|p1: Roi Pika|Stealth Rock|[from] move: Defog|[of] p1a: Latios
|
|-heal|p2a: Sharpnxggia|272\/272|[from] item: Leftovers
|turn|12
|
|move|p1a: Latios|Hidden Power|p2a: Sharpnxggia
|-supereffective|p2a: Sharpnxggia
|-damage|p2a: Sharpnxggia|20\/272
|-damage|p1a: Latios|183\/302|[from] item: Life Orb
|move|p2a: Sharpnxggia|Pursuit|p1a: Latios
|-supereffective|p1a: Latios
|-damage|p1a: Latios|0 fnt
|faint|p1a: Latios
|
|-heal|p2a: Sharpnxggia|37\/272|[from] item: Leftovers
|
|switch|p1a: Scizor|Scizor, F|244\/344 slp
|turn|13
|
|cant|p1a: Scizor|slp
|move|p2a: Sharpnxggia|Knock Off|p1a: Scizor
|-damage|p1a: Scizor|0 fnt
|-enditem|p1a: Scizor|Choice Band|[from] move: Knock Off|[of] p2a: Sharpnxggia
|faint|p1a: Scizor
|
|-heal|p2a: Sharpnxggia|54\/272|[from] item: Leftovers
|
|switch|p1a: Politoed|Politoed, M, shiny|238\/384
|-weather|RainDance
|turn|14
|
|move|p2a: Sharpnxggia|Knock Off|p1a: Politoed
|-damage|p1a: Politoed|0 fnt
|-enditem|p1a: Politoed|Damp Rock|[from] move: Knock Off|[of] p2a: Sharpnxggia
|faint|p1a: Politoed
|
|-weather|RainDance|[upkeep]
|-heal|p2a: Sharpnxggia|71\/272|[from] item: Leftovers
|
|switch|p1a: Swampert|Swampert-Mega, M, shiny|341\/341
|turn|15
|
|move|p2a: Sharpnxggia|Sucker Punch|p1a: Swampert
|-damage|p1a: Swampert|77\/341
|move|p1a: Swampert|Waterfall|p2a: Sharpnxggia
|-damage|p2a: Sharpnxggia|0 fnt
|faint|p2a: Sharpnxggia
|
|-weather|RainDance|[upkeep]
|
|switch|p2a: Mushroom|Amoonguss, M|432\/432
|turn|16
|
|move|p1a: Swampert|Ice Punch|p2a: Mushroom
|-supereffective|p2a: Mushroom
|-damage|p2a: Mushroom|194\/432
|move|p2a: Mushroom|Giga Drain|p1a: Swampert
|-supereffective|p1a: Swampert
|-damage|p1a: Swampert|0 fnt
|-heal|p2a: Mushroom|233\/432|[from] drain|[of] p1a: Swampert
|faint|p1a: Swampert
|
|-weather|RainDance|[upkeep]
|-heal|p2a: Mushroom|260\/432|[from] item: Black Sludge
|
|switch|p1a: Landorus|Landorus, M|220\/320
|turn|17
|
|switch|p2a: Healer|Chansey, F|704\/704
|move|p1a: Landorus|Psychic|p2a: Healer
|-damage|p2a: Healer|624\/704
|
|-weather|RainDance|[upkeep]
|turn|18
|join|Sieke
|
|switch|p1a: Kabutops|Kabutops, M|262\/262
|move|p2a: Healer|Seismic Toss|p1a: Kabutops
|-damage|p1a: Kabutops|162\/262
|
|-weather|RainDance|[upkeep]
|turn|19
|
|switch|p2a: Mushroom|Amoonguss, M|404\/432
|move|p1a: Kabutops|Swords Dance|p1a: Kabutops
|-boost|p1a: Kabutops|atk|2
|
|-weather|RainDance|[upkeep]
|-heal|p2a: Mushroom|431\/432|[from] item: Black Sludge
|turn|20
|
|switch|p2a: Hotshot|Heatran, F|284\/324
|-item|p2a: Hotshot|Air Balloon
|move|p1a: Kabutops|Rock Slide|p2a: Hotshot
|-damage|p2a: Hotshot|0 fnt
|-enditem|p2a: Hotshot|Air Balloon
|-damage|p1a: Kabutops|136\/262|[from] item: Life Orb
|faint|p2a: Hotshot
|
|-weather|RainDance|[upkeep]
|c| dhiswudhiua|w
|c| dhiswudhiua|t
|c| dhiswudhiua|f
|
|switch|p2a: Skarm|Skarmory, M|334\/334
|turn|21
|
|move|p1a: Kabutops|Waterfall|p2a: Skarm
|-crit|p2a: Skarm
|-activate|p2a: Skarm|Sturdy
|-damage|p2a: Skarm|1\/334
|-damage|p1a: Kabutops|93\/262|[from] item: Rocky Helmet|[of] p2a: Skarm
|-damage|p1a: Kabutops|67\/262|[from] item: Life Orb
|cant|p2a: Skarm|flinch
|
|-weather|none
|turn|22
|
|move|p1a: Kabutops|Rock Slide|p2a: Skarm
|-damage|p2a: Skarm|0 fnt
|-damage|p1a: Kabutops|41\/262|[from] item: Life Orb
|faint|p2a: Skarm
|
|
|switch|p2a: Mushroom|Amoonguss, M|432\/432
|turn|23
|c| dhiswudhiua|holy shit
|
|move|p1a: Kabutops|Rock Slide|p2a: Mushroom
|-crit|p2a: Mushroom
|-damage|p2a: Mushroom|0 fnt
|-damage|p1a: Kabutops|15\/262|[from] item: Life Orb
|faint|p2a: Mushroom
|
|
|switch|p2a: Gall|Gallade, M|277\/277
|turn|24
|c| Sieke|holly hax
|
|detailschange|p2a: Gall|Gallade-Mega, M
|message|Gallade has Mega Evolved into Mega Gallade!
|move|p2a: Gall|Knock Off|p1a: Kabutops
|-damage|p1a: Kabutops|0 fnt
|-enditem|p1a: Kabutops|Life Orb|[from] move: Knock Off|[of] p2a: Gall
|faint|p1a: Kabutops
|
|
|switch|p1a: Landorus|Landorus, M|220\/320
|turn|25
|
|move|p2a: Gall|Knock Off|p1a: Landorus
|-crit|p1a: Landorus
|-damage|p1a: Landorus|3\/320
|-enditem|p1a: Landorus|Focus Sash|[from] move: Knock Off|[of] p2a: Gall
|move|p1a: Landorus|Earth Power|p2a: Gall
|-damage|p2a: Gall|99\/277
|
|turn|26
|leave|Sieke
|
|move|p2a: Gall|Knock Off|p1a: Landorus
|-crit|p1a: Landorus
|-damage|p1a: Landorus|0 fnt
|faint|p1a: Landorus
|
|win|kratossnake
|c| dhiswudhiua|I have never sen HP bars go down so fast
|c|âRoi Pika|gg
|leave|kratossnake
|player|p2
|c| dhiswudhiua|seen*
|leave|JDynasty
|c| dhiswudhiua|how did I even miss this battle