|join|helkijin
|join|KratosSnake
|player|p1|helkijin|170
|player|p2|KratosSnake|159
|gametype|singles
|gen|6
|tier|OU
|rated
|clearpoke
|poke|p1|Politoed, M
|poke|p1|Swampert, M
|poke|p1|Tornadus-Therian, M
|poke|p1|Starmie
|poke|p1|Chesnaught, M
|poke|p1|Empoleon, F
|poke|p2|Skarmory, M, shiny
|poke|p2|Greninja, F
|poke|p2|Thundurus, M
|poke|p2|Ditto, shiny
|poke|p2|Keldeo-Resolute
|poke|p2|Metagross, shiny
|rule|Swagger Clause: Swagger is banned
|rule|Baton Pass Clause: Limit one PokÃ©mon knowing Baton Pass
|rule|Sleep Clause Mod: Limit one foe put to sleep
|rule|Species Clause: Limit one of each PokÃ©mon
|rule|OHKO Clause: OHKO moves are banned
|rule|Moody Clause: Moody is banned
|rule|Evasion Moves Clause: Evasion moves are banned
|rule|Endless Battle Clause: Forcing endless battles is banned
|rule|HP Percentage Mod: HP is shown in percentages
|teampreview
|c|âhelkijin|are you kratosmana?
|c|âKratosSnake|no
|
|start
|switch|p1a: Politoed|Politoed, M|383\/383
|switch|p2a: Metal Gear Ray|Skarmory, M, shiny|334\/334
|-weather|RainDance
|turn|1
|
|move|p2a: Metal Gear Ray|Stealth Rock|p1a: Politoed
|-sidestart|p1: helkijin|move: Stealth Rock
|move|p1a: Politoed|Scald|p2a: Metal Gear Ray
|-damage|p2a: Metal Gear Ray|153\/334
|
|-weather|RainDance|[upkeep]
|turn|2
|
|switch|p2a: Zeus|Thundurus, M|298\/298
|move|p1a: Politoed|Scald|p2a: Zeus
|-damage|p2a: Zeus|118\/298
|
|-weather|RainDance|[upkeep]
|turn|3
|
|switch|p2a: Poseidon|Keldeo-Resolute|323\/323
|switch|p1a: Chesnaught|Chesnaught, M|379\/379
|-damage|p1a: Chesnaught|356\/379|[from] Stealth Rock
|
|-weather|RainDance|[upkeep]
|-heal|p1a: Chesnaught|379\/379|[from] item: Leftovers
|turn|4
|
|switch|p2a: Arsenal Gear|Metagross, shiny|301\/301
|move|p1a: Chesnaught|Spiky Shield|p1a: Chesnaught
|-fail|p1a: Chesnaught
|
|-weather|RainDance|[upkeep]
|turn|5
|
|switch|p1a: Starmie|Starmie|261\/261
|-damage|p1a: Starmie|229\/261|[from] Stealth Rock
|detailschange|p2a: Arsenal Gear|Metagross-Mega, shiny
|message|Metagross has Mega Evolved into Mega Metagross!
|move|p2a: Arsenal Gear|Zen Headbutt|p1a: Starmie
|-resisted|p1a: Starmie
|-damage|p1a: Starmie|118\/261
|
|-weather|RainDance|[upkeep]
|turn|6
|
|move|p1a: Starmie|Hydro Pump|p2a: Arsenal Gear
|-damage|p2a: Arsenal Gear|0 fnt
|-damage|p1a: Starmie|92\/261|[from] item: Life Orb
|faint|p2a: Arsenal Gear
|
|-weather|RainDance|[upkeep]
|
|switch|p2a: Gray Fox|Greninja, F|286\/286
|turn|7
|
|switch|p1a: Empoleon|Empoleon, F|371\/371
|-damage|p1a: Empoleon|348\/371|[from] Stealth Rock
|move|p2a: Gray Fox|Hydro Pump|p1a: Empoleon
|-start|p2a: Gray Fox|typechange|Water|[from] Protean
|-resisted|p1a: Empoleon
|-damage|p1a: Empoleon|193\/371
|-damage|p2a: Gray Fox|258\/286|[from] item: Life Orb
|
|-weather|RainDance|[upkeep]
|turn|8
|
|move|p2a: Gray Fox|Hydro Pump|p1a: Empoleon
|-resisted|p1a: Empoleon
|-damage|p1a: Empoleon|42\/371
|-damage|p2a: Gray Fox|230\/286|[from] item: Life Orb
|move|p1a: Empoleon|Stealth Rock|p2a: Gray Fox
|-sidestart|p2: KratosSnake|move: Stealth Rock
|
|-weather|none
|turn|9
|
|move|p2a: Gray Fox|Hidden Power|p1a: Empoleon
|-start|p2a: Gray Fox|typechange|Fire|[from] Protean
|-damage|p1a: Empoleon|0 fnt
|-damage|p2a: Gray Fox|202\/286|[from] item: Life Orb
|faint|p1a: Empoleon
|
|
|switch|p1a: Politoed|Politoed, M|383\/383
|-damage|p1a: Politoed|336\/383|[from] Stealth Rock
|-weather|RainDance
|turn|10
|
|switch|p2a: Metal Gear Ray|Skarmory, M, shiny|153\/334
|-damage|p2a: Metal Gear Ray|112\/334|[from] Stealth Rock
|move|p1a: Politoed|Scald|p2a: Metal Gear Ray
|-damage|p2a: Metal Gear Ray|0 fnt
|faint|p2a: Metal Gear Ray
|
|-weather|RainDance|[upkeep]
|
|switch|p2a: Zeus|Thundurus, M|118\/298
|-damage|p2a: Zeus|44\/298|[from] Stealth Rock
|turn|11
|
|switch|p1a: Chesnaught|Chesnaught, M|379\/379
|-damage|p1a: Chesnaught|356\/379|[from] Stealth Rock
|move|p2a: Zeus|Hidden Power|p1a: Chesnaught
|-supereffective|p1a: Chesnaught
|-damage|p1a: Chesnaught|0 fnt
|-damage|p2a: Zeus|15\/298|[from] item: Life Orb
|faint|p1a: Chesnaught
|
|-weather|RainDance|[upkeep]
|
|switch|p1a: Swampert|Swampert, M|341\/341
|-damage|p1a: Swampert|320\/341|[from] Stealth Rock
|turn|12
|
|detailschange|p1a: Swampert|Swampert-Mega, M
|message|Swampert has Mega Evolved into Mega Swampert!
|move|p2a: Zeus|Hidden Power|p1a: Swampert
|-damage|p1a: Swampert|211\/341
|-damage|p2a: Zeus|0 fnt|[from] item: Life Orb
|faint|p2a: Zeus
|move|p1a: Swampert|Waterfall|p2: Zeus|[notarget]
|-notarget
|
|-weather|RainDance|[upkeep]
|
|switch|p2a: Decoy Octopus|Ditto, shiny|299\/299
|-damage|p2a: Decoy Octopus|262\/299|[from] Stealth Rock
|-transform|p2a: Decoy Octopus|p1a: Swampert
|turn|13
|
|switch|p1a: Politoed|Politoed, M|336\/383
|-damage|p1a: Politoed|289\/383|[from] Stealth Rock
|move|p2a: Decoy Octopus|Waterfall|p1a: Politoed
|-resisted|p1a: Politoed
|-damage|p1a: Politoed|148\/383
|
|-weather|RainDance|[upkeep]
|turn|14
|
|switch|p2a: Poseidon|Keldeo-Resolute|323\/323
|-damage|p2a: Poseidon|303\/323|[from] Stealth Rock
|move|p1a: Politoed|Rest|p1a: Politoed
|-status|p1a: Politoed|slp
|-heal|p1a: Politoed|383\/383 slp|[silent]
|-status|p1a: Politoed|slp|[from] move: Rest
|
|-weather|RainDance|[upkeep]
|turn|15
|
|switch|p1a: Starmie|Starmie|92\/261
|-damage|p1a: Starmie|60\/261|[from] Stealth Rock
|move|p2a: Poseidon|Hydro Pump|p1a: Starmie
|-resisted|p1a: Starmie
|-damage|p1a: Starmie|0 fnt
|faint|p1a: Starmie
|
|-weather|RainDance|[upkeep]
|
|switch|p1a: Tornadus-Therian|Tornadus-Therian, M|301\/301
|-damage|p1a: Tornadus-Therian|226\/301|[from] Stealth Rock
|turn|16
|
|move|p1a: Tornadus-Therian|Hurricane|p2a: Poseidon
|-supereffective|p2a: Poseidon
|-damage|p2a: Poseidon|0 fnt
|-damage|p1a: Tornadus-Therian|196\/301|[from] item: Life Orb
|faint|p2a: Poseidon
|
|-weather|RainDance|[upkeep]
|
|switch|p2a: Gray Fox|Greninja, F|202\/286
|-damage|p2a: Gray Fox|167\/286|[from] Stealth Rock
|turn|17
|
|move|p2a: Gray Fox|Gunk Shot|p1a: Tornadus-Therian
|-start|p2a: Gray Fox|typechange|Poison|[from] Protean
|-damage|p1a: Tornadus-Therian|5\/301
|-status|p1a: Tornadus-Therian|psn
|-damage|p2a: Gray Fox|139\/286|[from] item: Life Orb
|move|p1a: Tornadus-Therian|Hurricane|p2a: Gray Fox
|-damage|p2a: Gray Fox|0 fnt
|-damage|p1a: Tornadus-Therian|0 fnt|[from] item: Life Orb
|faint|p2a: Gray Fox
|faint|p1a: Tornadus-Therian
|
|-weather|none
|
|switch|p1a: Politoed|Politoed, M|383\/383 slp
|switch|p2a: Decoy Octopus|Ditto, shiny|262\/299
|-damage|p1a: Politoed|336\/383 slp|[from] Stealth Rock
|-weather|RainDance
|-damage|p2a: Decoy Octopus|225\/299|[from] Stealth Rock
|-transform|p2a: Decoy Octopus|p1a: Politoed
|turn|18
|c|âhelkijin|gg
|
|move|p2a: Decoy Octopus|Scald|p1a: Politoed
|-resisted|p1a: Politoed
|-damage|p1a: Politoed|287\/383 slp
|cant|p1a: Politoed|slp
|move|p1a: Politoed|Sleep Talk|p1a: Politoed
|move|p1a: Politoed|Rest|p1a: Politoed|[from]Sleep Talk
|-fail|p1a: Politoed
|
|-weather|RainDance|[upkeep]
|turn|19
|c|âKratosSnake|gg
|-message|KratosSnake forfeited.
|
|win|helkijin
|raw|Ladder updating...
|leave|KratosSnake
|player|p2