|join|KratosSnake
|join|lt5a miles
|player|p1|KratosSnake|153
|player|p2|lt5a miles|265
|gametype|singles
|gen|6
|tier|OU
|rated
|clearpoke
|poke|p1|Latias, F
|poke|p1|Bisharp, F
|poke|p1|Keldeo
|poke|p1|Magnezone
|poke|p1|Gardevoir, M
|poke|p1|Landorus-Therian, M
|poke|p2|Abomasnow, F
|poke|p2|Mamoswine, F
|poke|p2|Froslass, F
|poke|p2|Clefable, L1, F
|poke|p2|Ditto
|poke|p2|Solosis, L1, F
|rule|Swagger Clause: Swagger is banned
|rule|Baton Pass Clause: Limit one PokÃ©mon knowing Baton Pass
|rule|Sleep Clause Mod: Limit one foe put to sleep
|rule|Species Clause: Limit one of each PokÃ©mon
|rule|OHKO Clause: OHKO moves are banned
|rule|Moody Clause: Moody is banned
|rule|Evasion Moves Clause: Evasion moves are banned
|rule|Endless Battle Clause: Forcing endless battles is banned
|rule|HP Percentage Mod: HP is shown in percentages
|teampreview
|
|start
|switch|p1a: Keldeo|Keldeo|323\/323
|switch|p2a: Mamoswine|Mamoswine, F|361\/361
|turn|1
|
|switch|p2a: Abomasnow|Abomasnow, F|384\/384
|-weather|Hail
|move|p1a: Keldeo|Scald|p2a: Abomasnow
|-resisted|p2a: Abomasnow
|-damage|p2a: Abomasnow|256\/384
|-status|p2a: Abomasnow|brn
|
|-weather|Hail|[upkeep]
|-damage|p1a: Keldeo|303\/323|[from] hail
|-damage|p2a: Abomasnow|208\/384 brn|[from] brn
|turn|2
|
|switch|p1a: Bisharp|Bisharp, F|272\/272
|switch|p2a: Froslass|Froslass, F|281\/281
|
|-weather|Hail|[upkeep]
|-damage|p1a: Bisharp|255\/272|[from] hail
|turn|3
|
|move|p2a: Froslass|Spikes|p1a: Bisharp
|-sidestart|p1: KratosSnake|Spikes
|move|p1a: Bisharp|Stealth Rock|p2a: Froslass
|-sidestart|p2: lt5a miles|move: Stealth Rock
|
|-weather|Hail|[upkeep]
|-damage|p1a: Bisharp|238\/272|[from] hail
|turn|4
|
|move|p2a: Froslass|Spikes|p1a: Bisharp
|-sidestart|p1: KratosSnake|Spikes
|move|p1a: Bisharp|Knock Off|p2a: Froslass
|-supereffective|p2a: Froslass
|-enditem|p2a: Froslass|Focus Sash
|-damage|p2a: Froslass|1\/281
|
|-weather|Hail|[upkeep]
|-damage|p1a: Bisharp|221\/272|[from] hail
|turn|5
|
|switch|p1a: Magnezone|Magnezone|282\/282
|-damage|p1a: Magnezone|235\/282|[from] Spikes
|move|p2a: Froslass|Destiny Bond|p2a: Froslass
|-singlemove|p2a: Froslass|Destiny Bond
|
|-weather|Hail|[upkeep]
|-damage|p1a: Magnezone|218\/282|[from] hail
|turn|6
|
|switch|p1a: Landorus-Therian|Landorus-Therian, M|320\/320
|-ability|p1a: Landorus-Therian|Intimidate|[of] p2a: Froslass
|-unboost|p2a: Froslass|atk|1
|move|p2a: Froslass|Blizzard|p1a: Landorus-Therian
|-supereffective|p1a: Landorus-Therian
|-damage|p1a: Landorus-Therian|0 fnt
|faint|p1a: Landorus-Therian
|
|-weather|Hail|[upkeep]
|
|switch|p1a: Magnezone|Magnezone|218\/282
|-damage|p1a: Magnezone|171\/282|[from] Spikes
|turn|7
|
|move|p1a: Magnezone|Volt Switch|p2a: Froslass
|-damage|p2a: Froslass|0 fnt
|faint|p2a: Froslass
|
|switch|p1a: Keldeo|Keldeo|303\/323
|-damage|p1a: Keldeo|250\/323|[from] Spikes
|
|-weather|Hail|[upkeep]
|-damage|p1a: Keldeo|230\/323|[from] hail
|
|switch|p2a: Clefable|Clefable, L1, F|13\/13
|turn|8
|
|move|p1a: Keldeo|Scald|p2a: Clefable
|-enditem|p2a: Clefable|Focus Sash
|-damage|p2a: Clefable|1\/13
|move|p2a: Clefable|Endeavor|p1a: Keldeo
|-damage|p1a: Keldeo|1\/323
|
|-weather|none
|turn|9
|
|move|p2a: Clefable|Protect|p2a: Clefable
|-singleturn|p2a: Clefable|Protect
|move|p1a: Keldeo|Scald|p2a: Clefable
|-activate|p2a: Clefable|Protect
|
|turn|10
|
|switch|p2a: Abomasnow|Abomasnow, F|208\/384 brn
|-damage|p2a: Abomasnow|112\/384 brn|[from] Stealth Rock
|-weather|Hail
|move|p1a: Keldeo|Scald|p2a: Abomasnow
|-resisted|p2a: Abomasnow
|-damage|p2a: Abomasnow|0 fnt
|faint|p2a: Abomasnow
|
|-weather|Hail|[upkeep]
|-damage|p1a: Keldeo|0 fnt|[from] hail
|faint|p1a: Keldeo
|
|switch|p1a: Gardevoir|Gardevoir, M|277\/277
|-damage|p1a: Gardevoir|231\/277|[from] Spikes
|switch|p2a: Solosis|Solosis, L1, F|12\/12
|-ability|p1a: Gardevoir|Magic Guard|[from] ability: Trace|[of] p2a: Solosis
|turn|11
|
|detailschange|p1a: Gardevoir|Gardevoir-Mega, M
|message|Gardevoir has Mega Evolved into Mega Gardevoir!
|move|p1a: Gardevoir|Hyper Voice|p2a: Solosis
|-enditem|p2a: Solosis|Focus Sash
|-damage|p2a: Solosis|1\/12
|move|p2a: Solosis|Trick Room|p2a: Solosis
|-fieldstart|move: Trick Room|[of] p2a: Solosis
|
|-weather|Hail|[upkeep]
|-damage|p1a: Gardevoir|214\/277|[from] hail
|turn|12
|
|switch|p1a: Bisharp|Bisharp, F|221\/272
|-damage|p1a: Bisharp|176\/272|[from] Spikes
|move|p2a: Solosis|Endeavor|p1a: Bisharp
|-damage|p1a: Bisharp|1\/272
|
|-weather|Hail|[upkeep]
|-damage|p1a: Bisharp|0 fnt|[from] hail
|faint|p1a: Bisharp
|-message|KratosSnake forfeited.
|
|win|lt5a miles
|raw|Ladder updating...
|leave|KratosSnake
|player|p1
|raw|KratosSnake's rating: 1767 &rarr; <strong>1753<\/strong><br \/>(-14 for losing)
|raw|lt5a miles's rating: 1872 &rarr; <strong>1886<\/strong><br \/>(+14 for winning)