|join|LT7Z LoomMyHomie
|join|KratosSnake
|player|p1|LT7Z LoomMyHomie|278
|player|p2|KratosSnake|159
|gametype|singles
|gen|6
|tier|OU
|rated
|clearpoke
|poke|p1|Manectric, F
|poke|p1|Garchomp, F
|poke|p1|Breloom, M, shiny
|poke|p1|Azumarill, M
|poke|p1|Landorus-Therian, M
|poke|p1|Gengar, M
|poke|p2|Charizard, F
|poke|p2|Tyranitar, M
|poke|p2|Excadrill, F
|poke|p2|Gothitelle, M
|poke|p2|Venusaur, F
|poke|p2|Keldeo
|rule|Swagger Clause: Swagger is banned
|rule|Baton Pass Clause: Limit one PokÃ©mon knowing Baton Pass
|rule|Sleep Clause Mod: Limit one foe put to sleep
|rule|Species Clause: Limit one of each PokÃ©mon
|rule|OHKO Clause: OHKO moves are banned
|rule|Moody Clause: Moody is banned
|rule|Evasion Moves Clause: Evasion moves are banned
|rule|Endless Battle Clause: Forcing endless battles is banned
|rule|HP Percentage Mod: HP is shown in percentages
|teampreview
|
|start
|switch|p1a: Garchomp|Garchomp, F|358\/358
|switch|p2a: Gothitelle|Gothitelle, M|301\/301
|turn|1
|
|move|p2a: Gothitelle|Trick|p1a: Garchomp
|-activate|p2a: Gothitelle|move: Trick|[of] p1a: Garchomp
|-item|p1a: Garchomp|Choice Scarf|[from] move: Trick
|-item|p2a: Gothitelle|Lum Berry|[from] move: Trick
|move|p1a: Garchomp|Dragon Claw|p2a: Gothitelle
|-damage|p2a: Gothitelle|145\/301
|
|turn|2
|
|move|p1a: Garchomp|Dragon Claw|p2a: Gothitelle
|-damage|p2a: Gothitelle|0 fnt
|faint|p2a: Gothitelle
|
|
|switch|p2a: Tyranitar|Tyranitar, M|403\/403
|-weather|Sandstorm
|turn|3
|
|switch|p1a: Azumarill|Azumarill, M|400\/400
|move|p2a: Tyranitar|Stealth Rock|p1a: Azumarill
|-sidestart|p1: LT7Z LoomMyHomie|move: Stealth Rock
|
|-weather|Sandstorm|[upkeep]
|-damage|p1a: Azumarill|375\/400|[from] sandstorm
|turn|4
|
|switch|p2a: Venusaur|Venusaur, F|302\/302
|switch|p1a: Gengar|Gengar, M|262\/262
|-damage|p1a: Gengar|230\/262|[from] Stealth Rock
|
|-weather|Sandstorm|[upkeep]
|-damage|p1a: Gengar|214\/262|[from] sandstorm
|-damage|p2a: Venusaur|284\/302|[from] sandstorm
|turn|5
|
|switch|p2a: Tyranitar|Tyranitar, M|403\/403
|move|p1a: Gengar|Sludge Wave|p2a: Tyranitar
|-resisted|p2a: Tyranitar
|-damage|p2a: Tyranitar|346\/403
|-damage|p1a: Gengar|188\/262|[from] item: Life Orb
|
|-weather|Sandstorm|[upkeep]
|-damage|p1a: Gengar|172\/262|[from] sandstorm
|turn|6
|
|switch|p2a: Keldeo|Keldeo|323\/323
|move|p1a: Gengar|Focus Blast|p2a: Keldeo
|-damage|p2a: Keldeo|112\/323
|-damage|p1a: Gengar|146\/262|[from] item: Life Orb
|
|-weather|Sandstorm|[upkeep]
|-damage|p2a: Keldeo|92\/323|[from] sandstorm
|-damage|p1a: Gengar|130\/262|[from] sandstorm
|turn|7
|
|move|p2a: Keldeo|Scald|p1a: Gengar
|-damage|p1a: Gengar|0 fnt
|faint|p1a: Gengar
|
|-weather|Sandstorm|[upkeep]
|-damage|p2a: Keldeo|72\/323|[from] sandstorm
|
|switch|p1a: Garchomp|Garchomp, F|358\/358
|-damage|p1a: Garchomp|336\/358|[from] Stealth Rock
|turn|8
|
|switch|p2a: Charizard|Charizard, F|297\/297
|move|p1a: Garchomp|Dragon Claw|p2a: Charizard
|-damage|p2a: Charizard|129\/297
|
|-weather|Sandstorm|[upkeep]
|-damage|p2a: Charizard|111\/297|[from] sandstorm
|turn|9
|
|switch|p2a: Excadrill|Excadrill, F|361\/361
|move|p1a: Garchomp|Dragon Claw|p2a: Excadrill
|-resisted|p2a: Excadrill
|-damage|p2a: Excadrill|257\/361
|
|-weather|Sandstorm|[upkeep]
|turn|10
|
|switch|p1a: Landorus-Therian|Landorus-Therian, M|320\/320
|-damage|p1a: Landorus-Therian|280\/320|[from] Stealth Rock
|-ability|p1a: Landorus-Therian|Intimidate|[of] p2a: Excadrill
|-unboost|p2a: Excadrill|atk|1
|move|p2a: Excadrill|Iron Head|p1a: Landorus-Therian
|-damage|p1a: Landorus-Therian|124\/320
|-damage|p2a: Excadrill|221\/361|[from] item: Life Orb
|
|-weather|none
|turn|11
|
|switch|p2a: Tyranitar|Tyranitar, M|346\/403
|-weather|Sandstorm
|move|p1a: Landorus-Therian|Earthquake|p2a: Tyranitar
|-supereffective|p2a: Tyranitar
|-damage|p2a: Tyranitar|44\/403
|
|-weather|Sandstorm|[upkeep]
|turn|12
|
|switch|p2a: Charizard|Charizard, F|111\/297
|move|p1a: Landorus-Therian|Earthquake|p2a: Charizard
|-immune|p2a: Charizard|[msg]
|
|-weather|Sandstorm|[upkeep]
|-damage|p2a: Charizard|93\/297|[from] sandstorm
|turn|13
|
|switch|p1a: Garchomp|Garchomp, F|336\/358
|-damage|p1a: Garchomp|314\/358|[from] Stealth Rock
|detailschange|p2a: Charizard|Charizard-Mega-Y, F
|message|Charizard has Mega Evolved into Mega Charizard!
|-weather|SunnyDay
|move|p2a: Charizard|Roost|p2a: Charizard
|-heal|p2a: Charizard|242\/297
|
|-weather|SunnyDay|[upkeep]
|turn|14
|
|move|p1a: Garchomp|Dragon Claw|p2a: Charizard
|-damage|p2a: Charizard|56\/297
|move|p2a: Charizard|Solar Beam|p1a: Garchomp|[still]
|-prepare|p2a: Charizard|Solar Beam|p1a: Garchomp
|-anim|p2a: Charizard|Solar Beam|p1a: Garchomp
|-damage|p1a: Garchomp|121\/358
|
|-weather|SunnyDay|[upkeep]
|turn|15
|
|switch|p2a: Tyranitar|Tyranitar, M|44\/403
|-weather|Sandstorm
|move|p1a: Garchomp|Dragon Claw|p2a: Tyranitar
|-damage|p2a: Tyranitar|0 fnt
|faint|p2a: Tyranitar
|
|-weather|Sandstorm|[upkeep]
|
|switch|p2a: Excadrill|Excadrill, F|221\/361
|turn|16
|
|switch|p1a: Breloom|Breloom, M, shiny|323\/323
|-damage|p1a: Breloom|303\/323|[from] Stealth Rock
|move|p2a: Excadrill|Iron Head|p1a: Breloom
|-damage|p1a: Breloom|126\/323
|-damage|p2a: Excadrill|185\/361|[from] item: Life Orb
|
|-weather|Sandstorm|[upkeep]
|-damage|p1a: Breloom|106\/323|[from] sandstorm
|-status|p1a: Breloom|tox|[from] item: Toxic Orb
|turn|17
|
|switch|p2a: Venusaur|Venusaur, F|284\/302
|move|p1a: Breloom|Spore|p2a: Venusaur
|-fail|p2a: Venusaur
|
|-weather|Sandstorm|[upkeep]
|-damage|p2a: Venusaur|266\/302|[from] sandstorm
|-damage|p1a: Breloom|86\/323 tox|[from] sandstorm
|-heal|p1a: Breloom|126\/323 tox|[from] ability: Poison Heal
|turn|18
|
|-singleturn|p1a: Breloom|move: Focus Punch
|move|p2a: Venusaur|Sludge Bomb|p1a: Breloom
|-crit|p1a: Breloom
|-supereffective|p1a: Breloom
|-damage|p1a: Breloom|0 fnt
|-damage|p2a: Venusaur|236\/302|[from] item: Life Orb
|faint|p1a: Breloom
|
|-weather|Sandstorm|[upkeep]
|-damage|p2a: Venusaur|218\/302|[from] sandstorm
|
|switch|p1a: Manectric|Manectric, F|281\/281
|-damage|p1a: Manectric|246\/281|[from] Stealth Rock
|turn|19
|
|switch|p2a: Keldeo|Keldeo|72\/323
|detailschange|p1a: Manectric|Manectric-Mega, F
|message|Manectric has Mega Evolved into Mega Manectric!
|-ability|p1a: Manectric|Intimidate|[of] p2a: Keldeo
|-unboost|p2a: Keldeo|atk|1
|move|p1a: Manectric|Flamethrower|p2a: Keldeo
|-resisted|p2a: Keldeo
|-damage|p2a: Keldeo|10\/323
|
|-weather|Sandstorm|[upkeep]
|-damage|p2a: Keldeo|0 fnt|[from] sandstorm
|-damage|p1a: Manectric|229\/281|[from] sandstorm
|faint|p2a: Keldeo
|
|switch|p2a: Excadrill|Excadrill, F|185\/361
|turn|20
|
|switch|p1a: Landorus-Therian|Landorus-Therian, M|124\/320
|-damage|p1a: Landorus-Therian|84\/320|[from] Stealth Rock
|-ability|p1a: Landorus-Therian|Intimidate|[of] p2a: Excadrill
|-unboost|p2a: Excadrill|atk|1
|move|p2a: Excadrill|Iron Head|p1a: Landorus-Therian
|-damage|p1a: Landorus-Therian|0 fnt
|-damage|p2a: Excadrill|149\/361|[from] item: Life Orb
|faint|p1a: Landorus-Therian
|
|-weather|Sandstorm|[upkeep]
|
|switch|p1a: Azumarill|Azumarill, M|375\/400
|-damage|p1a: Azumarill|325\/400|[from] Stealth Rock
|turn|21
|
|move|p1a: Azumarill|Aqua Jet|p2a: Excadrill
|-supereffective|p2a: Excadrill
|-damage|p2a: Excadrill|0 fnt
|faint|p2a: Excadrill
|
|-weather|Sandstorm|[upkeep]
|-damage|p1a: Azumarill|300\/400|[from] sandstorm
|
|switch|p2a: Venusaur|Venusaur, F|218\/302
|turn|22
|
|move|p2a: Venusaur|Giga Drain|p1a: Azumarill
|-supereffective|p1a: Azumarill
|-damage|p1a: Azumarill|35\/400
|-heal|p2a: Venusaur|302\/302|[from] drain|[of] p1a: Azumarill
|-damage|p2a: Venusaur|272\/302|[from] item: Life Orb
|move|p1a: Azumarill|Play Rough|p2a: Venusaur
|-crit|p2a: Venusaur
|-resisted|p2a: Venusaur
|-damage|p2a: Venusaur|104\/302
|
|-weather|none
|turn|23
|
|move|p1a: Azumarill|Aqua Jet|p2a: Venusaur
|-resisted|p2a: Venusaur
|-damage|p2a: Venusaur|53\/302
|move|p2a: Venusaur|Giga Drain|p1a: Azumarill
|-supereffective|p1a: Azumarill
|-damage|p1a: Azumarill|0 fnt
|-heal|p2a: Venusaur|71\/302|[from] drain|[of] p1a: Azumarill
|-damage|p2a: Venusaur|41\/302|[from] item: Life Orb
|faint|p1a: Azumarill
|
|
|switch|p1a: Manectric|Manectric-Mega, F|229\/281
|-damage|p1a: Manectric|194\/281|[from] Stealth Rock
|-ability|p1a: Manectric|Intimidate|[of] p2a: Venusaur
|-unboost|p2a: Venusaur|atk|1
|turn|24
|
|switch|p2a: Charizard|Charizard-Mega-Y, F|56\/297
|-weather|SunnyDay
|move|p1a: Manectric|Thunderbolt|p2a: Charizard
|-supereffective|p2a: Charizard
|-damage|p2a: Charizard|0 fnt
|faint|p2a: Charizard
|
|-weather|SunnyDay|[upkeep]
|
|switch|p2a: Venusaur|Venusaur, F|41\/302
|turn|25
|
|move|p2a: Venusaur|Sleep Powder|p1a: Manectric
|-status|p1a: Manectric|slp
|cant|p1a: Manectric|slp
|
|-weather|SunnyDay|[upkeep]
|turn|26
|
|move|p2a: Venusaur|Giga Drain|p1a: Manectric
|-damage|p1a: Manectric|3\/281 slp
|-heal|p2a: Venusaur|137\/302|[from] drain|[of] p1a: Manectric
|-damage|p2a: Venusaur|107\/302|[from] item: Life Orb
|cant|p1a: Manectric|slp
|
|-weather|SunnyDay|[upkeep]
|turn|27
|
|move|p2a: Venusaur|Giga Drain|p1a: Manectric
|-damage|p1a: Manectric|0 fnt
|-heal|p2a: Venusaur|109\/302|[from] drain|[of] p1a: Manectric
|-damage|p2a: Venusaur|79\/302|[from] item: Life Orb
|faint|p1a: Manectric
|
|-weather|SunnyDay|[upkeep]
|
|switch|p1a: Garchomp|Garchomp, F|121\/358
|-damage|p1a: Garchomp|99\/358|[from] Stealth Rock
|turn|28
|-message|LT7Z LoomMyHomie forfeited.
|
|win|KratosSnake
|raw|Ladder updating...
|leave|LT7Z LoomMyHomie
|player|p1
|raw|LT7Z LoomMyHomie's rating: 1820 &rarr; <strong>1802<\/strong><br \/>(-18 for losing)
|raw|KratosSnake's rating: 1848 &rarr; <strong>1866<\/strong><br \/>(+18 for winning)