|join|KratosSnake
|join|GrimoireGod
|player|p1|KratosSnake|159
|player|p2|GrimoireGod|218
|gametype|singles
|gen|6
|tier|OU
|rated
|clearpoke
|poke|p1|Charizard, F
|poke|p1|Chansey, F, shiny
|poke|p1|Skarmory, F, shiny
|poke|p1|Quagsire, F, shiny
|poke|p1|Gothitelle, F, shiny
|poke|p1|Amoonguss, F, shiny
|poke|p2|Landorus-Therian, M
|poke|p2|Conkeldurr, M
|poke|p2|Magnezone
|poke|p2|Azumarill, M
|poke|p2|Pinsir, M
|poke|p2|Empoleon, F
|rule|Swagger Clause: Swagger is banned
|rule|Baton Pass Clause: Limit one PokÃ©mon knowing Baton Pass
|rule|Sleep Clause Mod: Limit one foe put to sleep
|rule|Species Clause: Limit one of each PokÃ©mon
|rule|OHKO Clause: OHKO moves are banned
|rule|Moody Clause: Moody is banned
|rule|Evasion Moves Clause: Evasion moves are banned
|rule|Endless Battle Clause: Forcing endless battles is banned
|rule|HP Percentage Mod: HP is shown in percentages
|teampreview
|
|start
|switch|p1a: Charizard|Charizard, F|359\/359
|switch|p2a: Landorus-Therian|Landorus-Therian, M|328\/328
|-ability|p2a: Landorus-Therian|Intimidate|[of] p1a: Charizard
|-unboost|p1a: Charizard|atk|1
|turn|1
|
|switch|p1a: Skarmory|Skarmory, F, shiny|334\/334
|move|p2a: Landorus-Therian|Stone Edge|p1a: Skarmory
|-damage|p1a: Skarmory|257\/334
|
|turn|2
|join|LT8A jake5
|
|switch|p2a: Magnezone|Magnezone|282\/282
|move|p1a: Skarmory|Stealth Rock|p2a: Magnezone
|-sidestart|p2: GrimoireGod|move: Stealth Rock
|
|turn|3
|
|switch|p1a: Quagsire|Quagsire, F, shiny|394\/394
|move|p2a: Magnezone|Volt Switch|p1a: Quagsire
|-immune|p1a: Quagsire|[msg]
|
|turn|4
|
|switch|p2a: Conkeldurr|Conkeldurr, M|365\/365
|-damage|p2a: Conkeldurr|343\/365|[from] Stealth Rock
|switch|p1a: Amoonguss|Amoonguss, F, shiny|432\/432
|
|turn|5
|
|switch|p2a: Empoleon|Empoleon, F|371\/371
|-damage|p2a: Empoleon|348\/371|[from] Stealth Rock
|move|p1a: Amoonguss|Spore|p2a: Empoleon
|-status|p2a: Empoleon|slp
|
|-heal|p2a: Empoleon|371\/371 slp|[from] item: Leftovers
|turn|6
|
|switch|p2a: Landorus-Therian|Landorus-Therian, M|328\/328
|-damage|p2a: Landorus-Therian|287\/328|[from] Stealth Rock
|-ability|p2a: Landorus-Therian|Intimidate|[of] p1a: Amoonguss
|-unboost|p1a: Amoonguss|atk|1
|switch|p1a: Gothitelle|Gothitelle, F, shiny|301\/301
|
|turn|7
|
|switch|p1a: Charizard|Charizard, F|359\/359
|move|p2a: Landorus-Therian|U-turn|p1a: Charizard
|-resisted|p1a: Charizard
|-damage|p1a: Charizard|334\/359
|
|switch|p2a: Azumarill|Azumarill, M|349\/349
|-damage|p2a: Azumarill|306\/349|[from] Stealth Rock
|
|turn|8
|
|detailschange|p1a: Charizard|Charizard-Mega-X, F
|message|Charizard has Mega Evolved into Mega Charizard!
|move|p1a: Charizard|Will-O-Wisp|p2a: Azumarill
|-status|p2a: Azumarill|brn
|move|p2a: Azumarill|Waterfall|p1a: Charizard
|-damage|p1a: Charizard|213\/359
|
|-damage|p2a: Azumarill|263\/349 brn|[from] brn
|turn|9
|
|switch|p2a: Landorus-Therian|Landorus-Therian, M|287\/328
|-damage|p2a: Landorus-Therian|246\/328|[from] Stealth Rock
|-ability|p2a: Landorus-Therian|Intimidate|[of] p1a: Charizard
|-unboost|p1a: Charizard|atk|1
|move|p1a: Charizard|Roost|p1a: Charizard
|-heal|p1a: Charizard|359\/359
|
|turn|10
|
|switch|p1a: Skarmory|Skarmory, F, shiny|257\/334
|move|p2a: Landorus-Therian|U-turn|p1a: Skarmory
|-resisted|p1a: Skarmory
|-damage|p1a: Skarmory|244\/334
|
|switch|p2a: Conkeldurr|Conkeldurr, M|343\/365
|-damage|p2a: Conkeldurr|321\/365|[from] Stealth Rock
|
|turn|11
|
|switch|p1a: Charizard|Charizard-Mega-X, F|359\/359
|move|p2a: Conkeldurr|Knock Off|p1a: Charizard
|-damage|p1a: Charizard|283\/359
|
|turn|12
|
|switch|p1a: Gothitelle|Gothitelle, F, shiny|301\/301
|move|p2a: Conkeldurr|Drain Punch|p1a: Gothitelle
|-resisted|p1a: Gothitelle
|-damage|p1a: Gothitelle|217\/301
|-heal|p2a: Conkeldurr|363\/365|[from] drain|[of] p1a: Gothitelle
|
|turn|13
|
|move|p1a: Gothitelle|Psychic|p2a: Conkeldurr
|-supereffective|p2a: Conkeldurr
|-damage|p2a: Conkeldurr|183\/365
|move|p2a: Conkeldurr|Knock Off|p1a: Gothitelle
|-supereffective|p1a: Gothitelle
|-damage|p1a: Gothitelle|0 fnt
|-enditem|p1a: Gothitelle|Choice Scarf|[from] move: Knock Off|[of] p2a: Conkeldurr
|faint|p1a: Gothitelle
|
|
|switch|p1a: Quagsire|Quagsire, F, shiny|394\/394
|turn|14
|
|move|p2a: Conkeldurr|Drain Punch|p1a: Quagsire
|-damage|p1a: Quagsire|265\/394
|-heal|p2a: Conkeldurr|248\/365|[from] drain|[of] p1a: Quagsire
|move|p1a: Quagsire|Toxic|p2a: Conkeldurr
|-status|p2a: Conkeldurr|tox
|
|-heal|p1a: Quagsire|289\/394|[from] item: Leftovers
|-damage|p2a: Conkeldurr|226\/365 tox|[from] psn
|turn|15
|c| LT8A jake5|lol this team getting 6-0'd by conky
|
|move|p2a: Conkeldurr|Drain Punch|p1a: Quagsire
|-damage|p1a: Quagsire|87\/394
|-heal|p2a: Conkeldurr|327\/365 tox|[from] drain|[of] p1a: Quagsire
|move|p1a: Quagsire|Recover|p1a: Quagsire
|-heal|p1a: Quagsire|284\/394
|
|-heal|p1a: Quagsire|308\/394|[from] item: Leftovers
|-damage|p2a: Conkeldurr|283\/365 tox|[from] psn
|turn|16
|
|switch|p2a: Pinsir|Pinsir, M|271\/271
|-damage|p2a: Pinsir|204\/271|[from] Stealth Rock
|move|p1a: Quagsire|Recover|p1a: Quagsire
|-heal|p1a: Quagsire|394\/394
|
|turn|17
|
|detailschange|p2a: Pinsir|Pinsir-Mega, M
|message|Pinsir has Mega Evolved into Mega Pinsir!
|move|p2a: Pinsir|Substitute|p2a: Pinsir
|-start|p2a: Pinsir|Substitute
|-damage|p2a: Pinsir|137\/271
|move|p1a: Quagsire|Toxic|p2a: Pinsir
|
|turn|18
|
|move|p2a: Pinsir|Return|p1a: Quagsire
|-crit|p1a: Quagsire
|-damage|p1a: Quagsire|55\/394
|move|p1a: Quagsire|Scald|p2a: Pinsir
|-end|p2a: Pinsir|Substitute
|
|-heal|p1a: Quagsire|79\/394|[from] item: Leftovers
|turn|19
|
|switch|p1a: Skarmory|Skarmory, F, shiny|244\/334
|move|p2a: Pinsir|Return|p1a: Skarmory
|-resisted|p1a: Skarmory
|-damage|p1a: Skarmory|169\/334
|
|turn|20
|
|switch|p2a: Empoleon|Empoleon, F|371\/371 slp
|-damage|p2a: Empoleon|348\/371 slp|[from] Stealth Rock
|move|p1a: Skarmory|Roost|p1a: Skarmory
|-heal|p1a: Skarmory|334\/334
|
|-heal|p2a: Empoleon|371\/371 slp|[from] item: Leftovers
|turn|21
|
|switch|p1a: Quagsire|Quagsire, F, shiny|79\/394
|cant|p2a: Empoleon|slp
|
|-heal|p1a: Quagsire|103\/394|[from] item: Leftovers
|turn|22
|
|-curestatus|p2a: Empoleon|slp
|move|p2a: Empoleon|Defog|p1a: Quagsire
|-unboost|p1a: Quagsire|evasion|1
|-sideend|p2: GrimoireGod|Stealth Rock|[from] move: Defog|[of] p2a: Empoleon
|move|p1a: Quagsire|Recover|p1a: Quagsire
|-heal|p1a: Quagsire|300\/394
|
|-heal|p1a: Quagsire|324\/394|[from] item: Leftovers
|turn|23
|
|move|p2a: Empoleon|Stealth Rock|p1a: Quagsire
|-sidestart|p1: KratosSnake|move: Stealth Rock
|move|p1a: Quagsire|Earthquake|p2a: Empoleon
|-supereffective|p2a: Empoleon
|-damage|p2a: Empoleon|207\/371
|
|-heal|p2a: Empoleon|230\/371|[from] item: Leftovers
|-heal|p1a: Quagsire|348\/394|[from] item: Leftovers
|turn|24
|
|move|p2a: Empoleon|Scald|p1a: Quagsire
|-damage|p1a: Quagsire|209\/394
|move|p1a: Quagsire|Earthquake|p2a: Empoleon
|-supereffective|p2a: Empoleon
|-damage|p2a: Empoleon|62\/371
|
|-heal|p2a: Empoleon|85\/371|[from] item: Leftovers
|-heal|p1a: Quagsire|233\/394|[from] item: Leftovers
|turn|25
|
|switch|p2a: Conkeldurr|Conkeldurr, M|283\/365 tox
|move|p1a: Quagsire|Recover|p1a: Quagsire
|-heal|p1a: Quagsire|394\/394
|
|-damage|p2a: Conkeldurr|261\/365 tox|[from] psn
|turn|26
|
|switch|p2a: Pinsir|Pinsir-Mega, M|137\/271
|move|p1a: Quagsire|Recover|p1a: Quagsire
|-fail|p1a: Quagsire
|
|turn|27
|
|switch|p1a: Skarmory|Skarmory, F, shiny|334\/334
|-damage|p1a: Skarmory|293\/334|[from] Stealth Rock
|move|p2a: Pinsir|Substitute|p2a: Pinsir
|-start|p2a: Pinsir|Substitute
|-damage|p2a: Pinsir|70\/271
|
|turn|28
|
|move|p2a: Pinsir|Return|p1a: Skarmory
|-crit|p1a: Skarmory
|-resisted|p1a: Skarmory
|-damage|p1a: Skarmory|180\/334
|move|p1a: Skarmory|Brave Bird|p2a: Pinsir
|-supereffective|p2a: Pinsir
|-end|p2a: Pinsir|Substitute
|-damage|p1a: Skarmory|158\/334|[from] recoil|[of] p2a: Pinsir
|
|turn|29
|
|move|p2a: Pinsir|Substitute|p2a: Pinsir
|-start|p2a: Pinsir|Substitute
|-damage|p2a: Pinsir|3\/271
|move|p1a: Skarmory|Roost|p1a: Skarmory
|-heal|p1a: Skarmory|325\/334
|
|turn|30
|
|move|p2a: Pinsir|Flail|p1a: Skarmory
|-resisted|p1a: Skarmory
|-damage|p1a: Skarmory|169\/334
|move|p1a: Skarmory|Roost|p1a: Skarmory
|-heal|p1a: Skarmory|334\/334
|
|turn|31
|
|move|p2a: Pinsir|Flail|p1a: Skarmory
|-resisted|p1a: Skarmory
|-damage|p1a: Skarmory|178\/334
|move|p1a: Skarmory|Defog|p2a: Pinsir
|-sideend|p1: KratosSnake|Stealth Rock|[from] move: Defog|[of] p1a: Skarmory
|
|turn|32
|c| LT8A jake5|lol
|c| LT8A jake5|inb4 sweep
|
|move|p2a: Pinsir|Flail|p1a: Skarmory
|-resisted|p1a: Skarmory
|-damage|p1a: Skarmory|29\/334
|move|p1a: Skarmory|Roost|p1a: Skarmory
|-heal|p1a: Skarmory|196\/334
|
|turn|33
|c|âGrimoireGod|no 1 :[
|
|move|p2a: Pinsir|Flail|p1a: Skarmory
|-resisted|p1a: Skarmory
|-damage|p1a: Skarmory|54\/334
|move|p1a: Skarmory|Roost|p1a: Skarmory
|-heal|p1a: Skarmory|221\/334
|
|turn|34
|c| LT8A jake5|unless he got wihrliwnd
|c| LT8A jake5|flail has more pp
|
|move|p2a: Pinsir|Flail|p1a: Skarmory
|-resisted|p1a: Skarmory
|-damage|p1a: Skarmory|59\/334
|move|p1a: Skarmory|Roost|p1a: Skarmory
|-heal|p1a: Skarmory|226\/334
|
|turn|35
|c| LT8A jake5|so you should beat him
|
|move|p2a: Pinsir|Flail|p1a: Skarmory
|-resisted|p1a: Skarmory
|-damage|p1a: Skarmory|76\/334
|move|p1a: Skarmory|Roost|p1a: Skarmory
|-heal|p1a: Skarmory|243\/334
|
|turn|36
|
|move|p2a: Pinsir|Flail|p1a: Skarmory
|-resisted|p1a: Skarmory
|-damage|p1a: Skarmory|99\/334
|move|p1a: Skarmory|Roost|p1a: Skarmory
|-heal|p1a: Skarmory|266\/334
|
|turn|37
|c| LT8A jake5|and you can always hope for a crit
|c| LT8A jake5|although
|c| LT8A jake5|he is gaining health steadily
|c|âGrimoireGod|yeah
|c| LT8A jake5|you'll probs need at least one crit
|c| LT8A jake5|in this turn or the next
|c| LT8A jake5|if you don't get it 
|c| LT8A jake5|well we'l see
|c| LT8A jake5|you might even need that tbh
|
|move|p2a: Pinsir|Flail|p1a: Skarmory
|-resisted|p1a: Skarmory
|-damage|p1a: Skarmory|110\/334
|move|p1a: Skarmory|Brave Bird|p2a: Pinsir
|-supereffective|p2a: Pinsir
|-end|p2a: Pinsir|Substitute
|-damage|p1a: Skarmory|88\/334|[from] recoil|[of] p2a: Pinsir
|
|turn|38
|c| LT8A jake5|who needs to trap skarm
|c| LT8A jake5|when you can beat it
|c| LT8A jake5|k ded skarm
|c|âGrimoireGod|I really hate how it does not just go to 1 hp :\/
|c| LT8A jake5|run endure
|c| LT8A jake5|LOL
|c|âGrimoireGod|kek
|
|switch|p1a: Amoonguss|Amoonguss, F, shiny|432\/432
|move|p2a: Pinsir|Flail|p1a: Amoonguss
|-supereffective|p1a: Amoonguss
|-damage|p1a: Amoonguss|0 fnt
|faint|p1a: Amoonguss
|
|
|switch|p1a: Chansey|Chansey, F, shiny|704\/704
|turn|39
|c| LT8A jake5|eh chansey can probs take one lol
|
|move|p2a: Pinsir|Flail|p1a: Chansey
|-damage|p1a: Chansey|19\/704
|move|p1a: Chansey|Seismic Toss|p2a: Pinsir
|-damage|p2a: Pinsir|0 fnt
|faint|p2a: Pinsir
|
|c|âGrimoireGod|rip
|c| LT8A jake5|damage
|
|switch|p2a: Conkeldurr|Conkeldurr, M|261\/365 tox
|turn|40
|
|move|p1a: Chansey|Soft-Boiled|p1a: Chansey
|-heal|p1a: Chansey|371\/704
|move|p2a: Conkeldurr|Drain Punch|p1a: Chansey
|-supereffective|p1a: Chansey
|-damage|p1a: Chansey|0 fnt
|-heal|p2a: Conkeldurr|365\/365 tox|[from] drain|[of] p1a: Chansey
|faint|p1a: Chansey
|
|-damage|p2a: Conkeldurr|343\/365 tox|[from] psn
|c|âGrimoireGod|if only rocks were up
|c| LT8A jake5|hmm
|
|switch|p1a: Quagsire|Quagsire, F, shiny|394\/394
|turn|41
|c| LT8A jake5|you'll have to pp stall his quaggy lol
|
|move|p2a: Conkeldurr|Knock Off|p1a: Quagsire
|-damage|p1a: Quagsire|236\/394
|-enditem|p1a: Quagsire|Leftovers|[from] move: Knock Off|[of] p2a: Conkeldurr
|move|p1a: Quagsire|Earthquake|p2a: Conkeldurr
|-damage|p2a: Conkeldurr|238\/365 tox
|
|-damage|p2a: Conkeldurr|194\/365 tox|[from] psn
|turn|42
|c| LT8A jake5|lol that did nothing
|
|move|p2a: Conkeldurr|Drain Punch|p1a: Quagsire
|-crit|p1a: Quagsire
|-damage|p1a: Quagsire|0 fnt
|-heal|p2a: Conkeldurr|312\/365 tox|[from] drain|[of] p1a: Quagsire
|faint|p1a: Quagsire
|
|-damage|p2a: Conkeldurr|246\/365 tox|[from] psn
|c| LT8A jake5|if you crit here :O
|c| LT8A jake5|hahahahhahah
|c|âGrimoireGod|haha
|c| LT8A jake5|called it
|c|âKratosSnake|gg
|c|âGrimoireGod|it's ogre
|c|âGrimoireGod|probably
|c| LT8A jake5|no kratos is in trouble
|c|âGrimoireGod|gg
|-message|KratosSnake forfeited.
|
|win|GrimoireGod
|raw|Ladder updating...
|leave|KratosSnake
|player|p1
|raw|KratosSnake's rating: 1881 &rarr; <strong>1849<\/strong><br \/>(-32 for losing)
|raw|GrimoireGod's rating: 1656 &rarr; <strong>1688<\/strong><br \/>(+32 for winning)
|c|âGrimoireGod|I dropped too much
|c|âGrimoireGod|:[