|join|KratosSnake
|join|LT7Z retard
|player|p1|KratosSnake|159
|player|p2|LT7Z retard|237
|gametype|singles
|gen|6
|tier|OU
|rated
|clearpoke
|poke|p1|Bisharp, F
|poke|p1|Heatran, M
|poke|p1|Chansey, F
|poke|p1|Skarmory, M
|poke|p1|Amoonguss, M
|poke|p1|Medicham, F, shiny
|poke|p2|Scizor, M
|poke|p2|Victini
|poke|p2|Thundurus, M
|poke|p2|Breloom, M
|poke|p2|Mew, shiny
|poke|p2|Kyurem-Black, shiny
|rule|Swagger Clause: Swagger is banned
|rule|Baton Pass Clause: Limit one PokÃ©mon knowing Baton Pass
|rule|Sleep Clause Mod: Limit one foe put to sleep
|rule|Species Clause: Limit one of each PokÃ©mon
|rule|OHKO Clause: OHKO moves are banned
|rule|Moody Clause: Moody is banned
|rule|Evasion Moves Clause: Evasion moves are banned
|rule|Endless Battle Clause: Forcing endless battles is banned
|rule|HP Percentage Mod: HP is shown in percentages
|teampreview
|
|start
|switch|p1a: Sabrina|Medicham, F, shiny|265\/265
|switch|p2a: Breloom|Breloom, M|261\/261
|turn|1
|
|switch|p2a: Mew|Mew, shiny|404\/404
|detailschange|p1a: Sabrina|Medicham-Mega, F, shiny
|message|Medicham has Mega Evolved into Mega Medicham!
|move|p1a: Sabrina|Fake Out|p2a: Mew
|-damage|p2a: Mew|340\/404
|
|-heal|p2a: Mew|365\/404|[from] item: Leftovers
|turn|2
|
|switch|p1a: Hotshot|Heatran, M|324\/324
|-item|p1a: Hotshot|Air Balloon
|move|p2a: Mew|Stealth Rock|p1a: Hotshot
|-sidestart|p1: KratosSnake|move: Stealth Rock
|
|-heal|p2a: Mew|390\/404|[from] item: Leftovers
|turn|3
|
|move|p1a: Hotshot|Fire Blast|p2a: Mew
|-damage|p2a: Mew|206\/404
|move|p2a: Mew|U-turn|p1a: Hotshot
|-resisted|p1a: Hotshot
|-damage|p1a: Hotshot|312\/324
|-enditem|p1a: Hotshot|Air Balloon
|
|switch|p2a: Thundurus|Thundurus, M|299\/299
|
|turn|4
|
|switch|p1a: Mushroom|Amoonguss, M|432\/432
|-damage|p1a: Mushroom|378\/432|[from] Stealth Rock
|move|p2a: Thundurus|Volt Switch|p1a: Mushroom
|-resisted|p1a: Mushroom
|-damage|p1a: Mushroom|313\/432
|
|switch|p2a: Victini|Victini|341\/341
|
|-heal|p1a: Mushroom|340\/432|[from] item: Black Sludge
|turn|5
|
|move|p2a: Victini|V-create|p1a: Mushroom
|-supereffective|p1a: Mushroom
|-damage|p1a: Mushroom|0 fnt
|-unboost|p2a: Victini|def|1
|-unboost|p2a: Victini|spd|1
|-unboost|p2a: Victini|spe|1
|faint|p1a: Mushroom
|
|
|switch|p1a: Hotshot|Heatran, M|312\/324
|-damage|p1a: Hotshot|272\/324|[from] Stealth Rock
|turn|6
|
|switch|p2a: Thundurus|Thundurus, M|299\/299
|move|p1a: Hotshot|Stealth Rock|p2a: Thundurus
|-sidestart|p2: LT7Z retard|move: Stealth Rock
|
|turn|7
|
|switch|p1a: Healer|Chansey, F|704\/704
|-damage|p1a: Healer|616\/704|[from] Stealth Rock
|move|p2a: Thundurus|Focus Blast|p1a: Healer|[miss]
|-miss|p2a: Thundurus|p1a: Healer
|
|turn|8
|
|move|p2a: Thundurus|Volt Switch|p1a: Healer
|-damage|p1a: Healer|537\/704
|
|switch|p2a: Scizor|Scizor, M|343\/343
|-damage|p2a: Scizor|301\/343|[from] Stealth Rock
|move|p1a: Healer|Seismic Toss|p2a: Scizor
|-damage|p2a: Scizor|201\/343
|
|turn|9
|
|switch|p1a: Skarm|Skarmory, M|334\/334
|-damage|p1a: Skarm|293\/334|[from] Stealth Rock
|detailschange|p2a: Scizor|Scizor-Mega, M
|message|Scizor has Mega Evolved into Mega Scizor!
|move|p2a: Scizor|U-turn|p1a: Skarm
|-resisted|p1a: Skarm
|-damage|p1a: Skarm|275\/334
|-damage|p2a: Scizor|144\/343|[from] item: Rocky Helmet|[of] p1a: Skarm
|
|switch|p2a: Thundurus|Thundurus, M|299\/299
|-damage|p2a: Thundurus|225\/299|[from] Stealth Rock
|
|-heal|p2a: Thundurus|243\/299|[from] item: Leftovers
|turn|10
|
|switch|p1a: Hotshot|Heatran, M|272\/324
|-damage|p1a: Hotshot|232\/324|[from] Stealth Rock
|move|p2a: Thundurus|Volt Switch|p1a: Hotshot
|-damage|p1a: Hotshot|123\/324
|
|switch|p2a: Kyurem-Black|Kyurem-Black, shiny|391\/391
|-damage|p2a: Kyurem-Black|294\/391|[from] Stealth Rock
|-ability|p2a: Kyurem-Black|Teravolt
|
|turn|11
|
|move|p2a: Kyurem-Black|Fusion Bolt|p1a: Hotshot
|-damage|p1a: Hotshot|0 fnt
|faint|p1a: Hotshot
|
|
|switch|p1a: Sabrina|Medicham-Mega, F, shiny|265\/265
|-damage|p1a: Sabrina|249\/265|[from] Stealth Rock
|turn|12
|
|switch|p2a: Mew|Mew, shiny|206\/404
|-damage|p2a: Mew|156\/404|[from] Stealth Rock
|move|p1a: Sabrina|Fake Out|p2a: Mew
|-damage|p2a: Mew|88\/404
|
|-heal|p2a: Mew|113\/404|[from] item: Leftovers
|turn|13
|
|move|p1a: Sabrina|Ice Punch|p2a: Mew
|-damage|p2a: Mew|6\/404
|move|p2a: Mew|Roost|p2a: Mew
|-heal|p2a: Mew|208\/404
|
|-heal|p2a: Mew|233\/404|[from] item: Leftovers
|turn|14
|
|switch|p1a: Sharpnxggia|Bisharp, F|272\/272
|-damage|p1a: Sharpnxggia|255\/272|[from] Stealth Rock
|move|p2a: Mew|Will-O-Wisp|p1a: Sharpnxggia|[miss]
|-miss|p2a: Mew|p1a: Sharpnxggia
|
|-heal|p2a: Mew|258\/404|[from] item: Leftovers
|-heal|p1a: Sharpnxggia|272\/272|[from] item: Leftovers
|turn|15
|
|move|p2a: Mew|Will-O-Wisp|p1a: Sharpnxggia
|-status|p1a: Sharpnxggia|brn
|move|p1a: Sharpnxggia|Knock Off|p2a: Mew
|-supereffective|p2a: Mew
|-damage|p2a: Mew|124\/404
|-enditem|p2a: Mew|Leftovers|[from] move: Knock Off|[of] p1a: Sharpnxggia
|
|-damage|p1a: Sharpnxggia|238\/272 brn|[from] brn
|turn|16
|
|switch|p1a: Sabrina|Medicham-Mega, F, shiny|249\/265
|-damage|p1a: Sabrina|233\/265|[from] Stealth Rock
|move|p2a: Mew|Roost|p2a: Mew
|-heal|p2a: Mew|326\/404
|
|turn|17
|
|move|p1a: Sabrina|Fake Out|p2a: Mew
|-damage|p2a: Mew|265\/404
|cant|p2a: Mew|flinch
|
|turn|18
|
|move|p1a: Sabrina|High Jump Kick|p2a: Mew
|-resisted|p2a: Mew
|-damage|p2a: Mew|107\/404
|move|p2a: Mew|Roost|p2a: Mew
|-heal|p2a: Mew|309\/404
|
|turn|19
|
|move|p1a: Sabrina|Ice Punch|p2a: Mew
|-damage|p2a: Mew|191\/404
|move|p2a: Mew|Will-O-Wisp|p1a: Sabrina
|-status|p1a: Sabrina|brn
|
|-damage|p1a: Sabrina|200\/265 brn|[from] brn
|turn|20
|-message|KratosSnake forfeited.
|
|win|LT7Z retard
|raw|Ladder updating...
|leave|KratosSnake
|player|p1
|raw|KratosSnake's rating: 1894 &rarr; <strong>1872<\/strong><br \/>(-22 for losing)
|raw|LT7Z retard's rating: 1857 &rarr; <strong>1879<\/strong><br \/>(+22 for winning)