|join|TheBlueSunshine
|join|KratosSnake
|player|p1|TheBlueSunshine|167
|player|p2|KratosSnake|159
|gametype|singles
|gen|6
|tier|OU
|rated
|clearpoke
|poke|p1|Muk, F
|poke|p1|Gyarados, F
|poke|p1|Dragonite, M
|poke|p1|Landorus, M
|poke|p1|Ferrothorn, M
|poke|p1|Gastrodon, M
|poke|p2|Skarmory, M, shiny
|poke|p2|Thundurus, M
|poke|p2|Keldeo-Resolute
|poke|p2|Metagross, shiny
|poke|p2|Bisharp, M
|poke|p2|Dragonite, F
|rule|Swagger Clause: Swagger is banned
|rule|Baton Pass Clause: Limit one PokÃ©mon knowing Baton Pass
|rule|Sleep Clause Mod: Limit one foe put to sleep
|rule|Species Clause: Limit one of each PokÃ©mon
|rule|OHKO Clause: OHKO moves are banned
|rule|Moody Clause: Moody is banned
|rule|Evasion Moves Clause: Evasion moves are banned
|rule|Endless Battle Clause: Forcing endless battles is banned
|rule|HP Percentage Mod: HP is shown in percentages
|teampreview
|
|start
|switch|p1a: Dragonite|Dragonite, M|370\/370
|switch|p2a: Metal Gear Ray|Skarmory, M, shiny|334\/334
|turn|1
|
|move|p2a: Metal Gear Ray|Stealth Rock|p1a: Dragonite
|-sidestart|p1: TheBlueSunshine|move: Stealth Rock
|move|p1a: Dragonite|Fire Blast|p2a: Metal Gear Ray
|-supereffective|p2a: Metal Gear Ray
|-activate|p2a: Metal Gear Ray|Sturdy
|-damage|p2a: Metal Gear Ray|1\/334
|-damage|p1a: Dragonite|333\/370|[from] item: Life Orb
|
|turn|2
|
|switch|p2a: Arsenal Gear|Metagross, shiny|301\/301
|switch|p1a: Ferrothorn|Ferrothorn, M|352\/352
|-damage|p1a: Ferrothorn|330\/352|[from] Stealth Rock
|
|turn|3
|
|switch|p2a: Metal Gear Ray|Skarmory, M, shiny|1\/334
|move|p1a: Ferrothorn|Leech Seed|p2a: Metal Gear Ray
|-start|p2a: Metal Gear Ray|move: Leech Seed
|
|-damage|p2a: Metal Gear Ray|0 fnt|[from] Leech Seed|[of] p1a: Ferrothorn
|-heal|p1a: Ferrothorn|331\/352|[silent]
|faint|p2a: Metal Gear Ray
|
|switch|p2a: Zeus|Thundurus, M|299\/299
|turn|4
|
|move|p2a: Zeus|Superpower|p1a: Ferrothorn
|-supereffective|p1a: Ferrothorn
|-damage|p1a: Ferrothorn|139\/352
|-damage|p2a: Zeus|262\/299|[from] ability: Iron Barbs|[of] p1a: Ferrothorn
|-unboost|p2a: Zeus|atk|1
|-unboost|p2a: Zeus|def|1
|-damage|p2a: Zeus|233\/299|[from] item: Life Orb
|move|p1a: Ferrothorn|Stealth Rock|p2a: Zeus
|-sidestart|p2: KratosSnake|move: Stealth Rock
|
|turn|5
|
|move|p2a: Zeus|Superpower|p1a: Ferrothorn
|-supereffective|p1a: Ferrothorn
|-damage|p1a: Ferrothorn|12\/352
|-damage|p2a: Zeus|196\/299|[from] ability: Iron Barbs|[of] p1a: Ferrothorn
|-unboost|p2a: Zeus|atk|1
|-unboost|p2a: Zeus|def|1
|-damage|p2a: Zeus|167\/299|[from] item: Life Orb
|move|p1a: Ferrothorn|Leech Seed|p2a: Zeus
|-start|p2a: Zeus|move: Leech Seed
|
|-damage|p2a: Zeus|130\/299|[from] Leech Seed|[of] p1a: Ferrothorn
|-heal|p1a: Ferrothorn|49\/352|[silent]
|turn|6
|
|switch|p2a: Arsenal Gear|Metagross, shiny|301\/301
|-damage|p2a: Arsenal Gear|283\/301|[from] Stealth Rock
|move|p1a: Ferrothorn|Protect|p1a: Ferrothorn
|-fail|p1a: Ferrothorn
|
|turn|7
|
|detailschange|p2a: Arsenal Gear|Metagross-Mega, shiny
|-mega|p2a: Arsenal Gear|Metagross|Metagrossite
|move|p2a: Arsenal Gear|Meteor Mash|p1a: Ferrothorn
|-resisted|p1a: Ferrothorn
|-damage|p1a: Ferrothorn|0 fnt
|-damage|p2a: Arsenal Gear|246\/301|[from] ability: Iron Barbs|[of] p1a: Ferrothorn
|-boost|p2a: Arsenal Gear|atk|1
|faint|p1a: Ferrothorn
|
|
|switch|p1a: Gastrodon|Gastrodon, M|404\/404
|-damage|p1a: Gastrodon|379\/404|[from] Stealth Rock
|turn|8
|
|move|p2a: Arsenal Gear|Grass Knot|p1a: Gastrodon
|-supereffective|p1a: Gastrodon
|-damage|p1a: Gastrodon|135\/404
|move|p1a: Gastrodon|Counter|p2a: Arsenal Gear
|-fail|p2a: Arsenal Gear
|
|-heal|p1a: Gastrodon|160\/404|[from] item: Leftovers
|turn|9
|
|move|p2a: Arsenal Gear|Grass Knot|p1a: Gastrodon
|-supereffective|p1a: Gastrodon
|-damage|p1a: Gastrodon|0 fnt
|faint|p1a: Gastrodon
|
|
|switch|p1a: Gyarados|Gyarados, F|332\/332
|-damage|p1a: Gyarados|249\/332|[from] Stealth Rock
|-ability|p1a: Gyarados|Intimidate|[of] p2a: Arsenal Gear
|-unboost|p2a: Arsenal Gear|atk|1
|turn|10
|
|detailschange|p1a: Gyarados|Gyarados-Mega, F
|-mega|p1a: Gyarados|Gyarados|Gyaradosite
|-ability|p1a: Gyarados|Mold Breaker
|move|p2a: Arsenal Gear|Thunder Punch|p1a: Gyarados
|-supereffective|p1a: Gyarados
|-damage|p1a: Gyarados|5\/332
|move|p1a: Gyarados|Dragon Dance|p1a: Gyarados
|-boost|p1a: Gyarados|atk|1
|-boost|p1a: Gyarados|spe|1
|
|turn|11
|
|move|p2a: Arsenal Gear|Bullet Punch|p1a: Gyarados
|-resisted|p1a: Gyarados
|-damage|p1a: Gyarados|0 fnt
|faint|p1a: Gyarados
|
|
|switch|p1a: Landorus|Landorus, M|320\/320
|-damage|p1a: Landorus|280\/320|[from] Stealth Rock
|turn|12
|
|switch|p2a: Zeus|Thundurus, M|130\/299
|-damage|p2a: Zeus|56\/299|[from] Stealth Rock
|move|p1a: Landorus|Earth Power|p2a: Zeus
|-immune|p2a: Zeus|[msg]
|
|turn|13
|c|âTheBlueSunshine|WHAT
|c|âTheBlueSunshine|I USED RP
|
|move|p2a: Zeus|Hidden Power|p1a: Landorus
|-supereffective|p1a: Landorus
|-damage|p1a: Landorus|0 fnt
|-damage|p2a: Zeus|27\/299|[from] item: Life Orb
|faint|p1a: Landorus
|
|-message|TheBlueSunshine forfeited.
|leave|TheBlueSunshine
|
|switch|p1a: Dragonite|Dragonite, M|333\/370
|-damage|p1a: Dragonite|241\/370|[from] Stealth Rock
|turn|14
|
|win|KratosSnake
|raw|Ladder updating...
|player|p1
|raw|TheBlueSunshine's rating: 1777 &rarr; <strong>1758<\/strong><br \/>(-19 for losing)
|raw|KratosSnake's rating: 1786 &rarr; <strong>1805<\/strong><br \/>(+19 for winning)