|join|AjTheEpic
|join|KratosSnake
|player|p1|AjTheEpic|110
|player|p2|KratosSnake|159
|gametype|singles
|gen|6
|tier|OU
|clearpoke
|poke|p1|Jirachi
|poke|p1|Medicham, M
|poke|p1|Gliscor, F
|poke|p1|Keldeo
|poke|p1|Dragonite, F
|poke|p1|Ditto
|poke|p2|Bisharp, M
|poke|p2|Heatran, M
|poke|p2|Venusaur, M
|poke|p2|Chansey, F, shiny
|poke|p2|Skarmory, M
|poke|p2|Ditto, shiny
|rule|Swagger Clause: Swagger is banned
|rule|Baton Pass Clause: Limit one PokÃ©mon knowing Baton Pass
|rule|Sleep Clause Mod: Limit one foe put to sleep
|rule|Species Clause: Limit one of each PokÃ©mon
|rule|OHKO Clause: OHKO moves are banned
|rule|Moody Clause: Moody is banned
|rule|Evasion Moves Clause: Evasion moves are banned
|rule|Endless Battle Clause: Forcing endless battles is banned
|rule|HP Percentage Mod: HP is shown in percentages
|teampreview
|join|IAmGingy
|c|âAjTheEpic|Oh man
|c| IAmGingy|a
|join|KratosMana
|c| IAmGingy|ditto
|c|âAjTheEpic|I keep drawing semistall
|join|JDynasty
|c| IAmGingy|wait
|join|Dylan0
|c| IAmGingy|its
|join|DualGenies2
|c| IAmGingy|cleaners team
|c|âAjTheEpic|nah
|c| IAmGingy|with ditto over keld
|c|âAjTheEpic|It's missing
|c| IAmGingy|-
|c|âAjTheEpic|keldeo
|join|Omegasization
|join|cheryl blossom
|
|start
|switch|p1a: MonicaLewinsky|Jirachi|341\/341
|switch|p2a: Shapeshifter|Ditto, shiny|299\/299
|-transform|p2a: Shapeshifter|p1a: MonicaLewinsky
|turn|1
|join|Toxzn
|
|move|p1a: MonicaLewinsky|U-turn|p2a: Shapeshifter
|-damage|p2a: Shapeshifter|222\/299
|c| JDynasty|wait so who made that team anyways lol
|
|switch|p1a: Here's JOHNY|Gliscor, F|354\/354
|move|p2a: Shapeshifter|U-turn|p1a: Here's JOHNY
|-resisted|p1a: Here's JOHNY
|-damage|p1a: Here's JOHNY|321\/354
|c| cheryl blossom|who is
|c| JDynasty|wasnt it wish killer
|c| cheryl blossom|kratossnake
|c| cheryl blossom|?
|
|switch|p2a: Sunny|Heatran, M|324\/324
|-item|p2a: Sunny|Air Balloon
|
|-status|p1a: Here's JOHNY|tox|[from] item: Toxic Orb
|turn|2
|c| KratosMana|fan
|c| KratosMana|ofc
|join|RedKingAlmighty
|
|move|p2a: Sunny|Stealth Rock|p1a: Here's JOHNY
|-sidestart|p1: AjTheEpic|move: Stealth Rock
|move|p1a: Here's JOHNY|Ice Fang|p2a: Sunny
|-resisted|p2a: Sunny
|-damage|p2a: Sunny|312\/324
|-enditem|p2a: Sunny|Air Balloon
|
|-heal|p1a: Here's JOHNY|354\/354 tox|[from] ability: Poison Heal
|turn|3
|c| IAmGingy|kratos is v popular
|c| IAmGingy|:]
|c| KratosMana|oo
|c| JDynasty|how
|c| Omegasization|nuuu
|c| Omegasization|aj>kratox
|c| Omegasization|:c
|
|switch|p2a: Skarm|Skarmory, M|334\/334
|move|p1a: Here's JOHNY|Baton Pass|p1a: Here's JOHNY
|c| KratosMana|,
|c| Omegasization|:D
|c| Omegasization|not u
|c|âAjTheEpic|I bet that skarm has defog
|
|switch|p1a: Crossdresser|Ditto|299\/299
|-damage|p1a: Crossdresser|262\/299|[from] Stealth Rock
|-transform|p1a: Crossdresser|p2a: Skarm
|
|turn|4
|c|âAjTheEpic|Omfl
|c|âAjTheEpic|how does this bitch
|c| KratosMana|i dont see him winning wc nor getting slam playoffs nor being the dark horse player of the year
|c| KratosMana|dashe
|join|Wiz fiz in my butt
|c|âAjTheEpic|clear hazaards?
|c| cheryl blossom|ditto
|c| cheryl blossom|-
|join|Funnelby
|c| Omegasization|with his own ditto
|c| Omegasization|kek
|
|move|p1a: Crossdresser|Spikes|p2a: Skarm
|-sidestart|p2: KratosSnake|Spikes
|move|p2a: Skarm|Spikes|p1a: Crossdresser
|-sidestart|p1: AjTheEpic|Spikes
|
|turn|5
|c| Toxzn|smogon
|leave|Wiz fiz in my butt
|c| Toxzn|means nothing
|c| Toxzn|noob
|
|move|p1a: Crossdresser|Spikes|p2a: Skarm
|-sidestart|p2: KratosSnake|Spikes
|move|p2a: Skarm|Spikes|p1a: Crossdresser
|-sidestart|p1: AjTheEpic|Spikes
|
|turn|6
|c| Toxzn|!!!
|c| KratosMana|:(
|
|move|p1a: Crossdresser|Spikes|p2a: Skarm
|-sidestart|p2: KratosSnake|Spikes
|move|p2a: Skarm|Spikes|p1a: Crossdresser
|-sidestart|p1: AjTheEpic|Spikes
|
|turn|7
|c| cheryl blossom|tox
|c| cheryl blossom|santos is still
|c| cheryl blossom|going storng
|c| Toxzn|ik lol
|c| Toxzn|he's a god
|
|switch|p2a: Weed|Venusaur, M|364\/364
|-damage|p2a: Weed|273\/364|[from] Spikes
|move|p1a: Crossdresser|Spikes|p2a: Weed
|-fail|p2a: Weed
|
|turn|8
|c| cheryl blossom|first anti.. then leftiez
|c| Toxzn|anti u will
|c| cheryl blossom|who will stop this man
|c| Toxzn|donate ur trophy to santos17
|
|switch|p1a: Here's JOHNY|Gliscor, F|354\/354 tox
|-damage|p1a: Here's JOHNY|310\/354 tox|[from] Stealth Rock
|detailschange|p2a: Weed|Venusaur-Mega, M
|message|Venusaur has Mega Evolved into Mega Venusaur!
|move|p2a: Weed|Leech Seed|p1a: Here's JOHNY
|-start|p1a: Here's JOHNY|move: Leech Seed
|
|-damage|p1a: Here's JOHNY|266\/354 tox|[from] Leech Seed|[of] p2a: Weed
|-heal|p2a: Weed|317\/364|[silent]
|-heal|p1a: Here's JOHNY|310\/354 tox|[from] ability: Poison Heal
|turn|9
|c| Toxzn|yn
|c| KratosMana|y
|
|switch|p1a: Crossdresser|Ditto|262\/299
|-damage|p1a: Crossdresser|188\/299|[from] Spikes
|-damage|p1a: Crossdresser|151\/299|[from] Stealth Rock
|-transform|p1a: Crossdresser|p2a: Weed
|move|p2a: Weed|Giga Drain|p1a: Crossdresser
|-resisted|p1a: Crossdresser
|-damage|p1a: Crossdresser|129\/299
|-heal|p2a: Weed|328\/364|[from] drain|[of] p1a: Crossdresser
|
|turn|10
|c| KratosMana|why do i see
|
|switch|p2a: Skarm|Skarmory, M|334\/334
|move|p1a: Crossdresser|Synthesis|p1a: Crossdresser
|-heal|p1a: Crossdresser|278\/299
|
|turn|11
|c| IAmGingy|thts one
|c| IAmGingy|small
|c| KratosMana|both teams with a ditto
|c| IAmGingy|plant
|c| Toxzn|good mon
|
|move|p1a: Crossdresser|Synthesis|p1a: Crossdresser
|-heal|p1a: Crossdresser|299\/299
|move|p2a: Skarm|Whirlwind|p1a: Crossdresser
|drag|p1a: Daddy's Belt|Keldeo|323\/323
|-damage|p1a: Daddy's Belt|303\/323|[from] Stealth Rock
|-damage|p1a: Daddy's Belt|223\/323|[from] Spikes
|
|turn|12
|c| KratosMana|amazing
|c| IAmGingy|stay
|c| IAmGingy|in
|c|âAjTheEpic|oml, not bad
|c| IAmGingy|hes
|
|switch|p2a: Yuna|Chansey, F, shiny|704\/704
|-damage|p2a: Yuna|528\/704|[from] Spikes
|move|p1a: Daddy's Belt|Swords Dance|p1a: Daddy's Belt
|-boost|p1a: Daddy's Belt|atk|2
|
|turn|13
|c| IAmGingy|physical
|c|âAjTheEpic|FUCK HIM UP
|c| IAmGingy|HELLO
|c| cheryl blossom|LOL
|c| KratosMana|LOL
|c| cheryl blossom|GGG
|c| IAmGingy|LISTEN TO ME
|c| IAmGingy|LOL
|
|switch|p2a: Weed|Venusaur-Mega, M|328\/364
|-damage|p2a: Weed|237\/364|[from] Spikes
|move|p1a: Daddy's Belt|Close Combat|p2a: Weed
|-resisted|p2a: Weed
|-damage|p2a: Weed|127\/364
|-unboost|p1a: Daddy's Belt|def|1
|-unboost|p1a: Daddy's Belt|spd|1
|-damage|p1a: Daddy's Belt|191\/323|[from] item: Life Orb
|
|turn|14
|c|âAjTheEpic|plz
|c| KratosMana|garbage set
|c| IAmGingy|BOUNCE
|c| cheryl blossom|...
|c| IAmGingy|NOW
|
|move|p1a: Daddy's Belt|Aerial Ace|p2a: Weed
|-supereffective|p2a: Weed
|-damage|p2a: Weed|0 fnt
|-damage|p1a: Daddy's Belt|159\/323|[from] item: Life Orb
|faint|p2a: Weed
|
|c| cheryl blossom|lool
|c|âAjTheEpic|I don't have bounce
|c| IAmGingy|LOL
|c| KratosMana|LLOOOOOOOOOOOOOOOOL
|c| IAmGingy|LOOOOOOOOOOOOOOOOL
|c|âAjTheEpic|only skill
|
|switch|p2a: Shapeshifter|Ditto, shiny|222\/299
|-damage|p2a: Shapeshifter|148\/299|[from] Spikes
|-transform|p2a: Shapeshifter|p1a: Daddy's Belt
|turn|15
|c| cheryl blossom|hes gonna
|c| cheryl blossom|reverse swep
|join|her friendly smile
|c|âAjTheEpic|hold on, calc
|c| IAmGingy|go to rachi
|c| IAmGingy|on the
|c| IAmGingy|aa
|c| IAmGingy|y\/n
|c| cheryl blossom|aqua jet doesnt kill
|c| cheryl blossom|..
|c| cheryl blossom|gingy, why would he not cc.. hello
|join|zFay
|c| KratosMana|hes new
|c| IAmGingy|santos
|c| IAmGingy|chokes
|
|move|p1a: Daddy's Belt|Aqua Jet|p2a: Shapeshifter
|-resisted|p2a: Shapeshifter
|-damage|p2a: Shapeshifter|51\/299
|-damage|p1a: Daddy's Belt|127\/323|[from] item: Life Orb
|move|p2a: Shapeshifter|Aerial Ace|p1a: Daddy's Belt
|-supereffective|p1a: Daddy's Belt
|-damage|p1a: Daddy's Belt|0 fnt
|faint|p1a: Daddy's Belt
|
|join|Th3Ender
|c| IAmGingy|:[
|c|âAjTheEpic|This is fine
|c| IAmGingy|i told you
|c| IAmGingy|hed aa
|c| KratosMana|santos lost to a random
|join|S3cret
|join|minorpentatonic
|join|MoB Barley
|c| Th3Ender|oml
|join|Liloo
|join|Iohpeso
|leave|S3cret
|
|switch|p1a: Crossdresser|Ditto|299\/299
|-damage|p1a: Crossdresser|225\/299|[from] Spikes
|-damage|p1a: Crossdresser|188\/299|[from] Stealth Rock
|turn|16
|c| Th3Ender|the sd keld
|c| Th3Ender|is here
|c| cheryl blossom|WTFf
|c| cheryl blossom|santos lost
|c|âAjTheEpic|...
|c| Toxzn|nice
|c| KratosMana|pl\ysx
|c| Omegasization|you cant use imposter
|c| Th3Ender|yo what da fawk are you doing
|join|claudioo2
|c| Toxzn|mech knowledge
|leave|MoB Barley
|c|âAjTheEpic|Actually, this is new
|c| KratosMana|spoaoppppppo
|c| Omegasization|on a ditto
|c| KratosMana|oo
|c| Omegasization|kek
|leave|claudioo2
|
|move|p2a: Shapeshifter|Aerial Ace|p1a: Crossdresser
|-damage|p1a: Crossdresser|7\/299
|move|p1a: Crossdresser|Transform|p2a: Shapeshifter
|-fail|p2a: Shapeshifter
|
|turn|17
|leave|Iohpeso
|c| cheryl blossom|LOL
|c| cheryl blossom|did
|c| cheryl blossom|aj
|c| cheryl blossom|really
|c| IAmGingy|LOL
|c| cheryl blossom|LOOOL
|
|switch|p1a: MonicaLewinsky|Jirachi|341\/341
|-damage|p1a: MonicaLewinsky|320\/341|[from] Stealth Rock
|-damage|p1a: MonicaLewinsky|235\/341|[from] Spikes
|move|p2a: Shapeshifter|Aerial Ace|p1a: MonicaLewinsky
|-resisted|p1a: MonicaLewinsky
|-damage|p1a: MonicaLewinsky|189\/341
|
|turn|18
|c| KratosMana|delicious
|c| IAmGingy|LOOOOOOOOOOOOOOOOOL
|c|âAjTheEpic|Oh wait. he's locked
|c| KratosMana|AND THEN
|c| KratosMana|HE SWITCHES
|c|âAjTheEpic|goddamn
|leave|Th3Ender
|c| cheryl blossom|what a god
|
|move|p2a: Shapeshifter|Aerial Ace|p1a: MonicaLewinsky
|-resisted|p1a: MonicaLewinsky
|-damage|p1a: MonicaLewinsky|141\/341
|move|p1a: MonicaLewinsky|U-turn|p2a: Shapeshifter
|-resisted|p2a: Shapeshifter
|-damage|p2a: Shapeshifter|0 fnt
|faint|p2a: Shapeshifter
|join|claudioo2
|
|switch|p1a: Here's JOHNY|Gliscor, F|310\/354 tox
|-damage|p1a: Here's JOHNY|266\/354 tox|[from] Stealth Rock
|
|-heal|p1a: Here's JOHNY|310\/354 tox|[from] ability: Poison Heal
|
|switch|p2a: Skarm|Skarmory, M|334\/334
|turn|19
|leave|minorpentatonic
|c| RedKingAlmighty|kind of like democracy.
|leave|zFay
|
|move|p1a: Here's JOHNY|Swords Dance|p1a: Here's JOHNY
|-boost|p1a: Here's JOHNY|atk|2
|move|p2a: Skarm|Whirlwind|p1a: Here's JOHNY
|drag|p1a: Crossdresser|Ditto|7\/299
|-damage|p1a: Crossdresser|0 fnt|[from] Stealth Rock
|faint|p1a: Crossdresser
|
|c| KratosMana|,
|
|switch|p1a: MonicaLewinsky|Jirachi|141\/341
|-damage|p1a: MonicaLewinsky|120\/341|[from] Stealth Rock
|-damage|p1a: MonicaLewinsky|35\/341|[from] Spikes
|turn|20
|
|switch|p2a: Sunny|Heatran, M|312\/324
|-damage|p2a: Sunny|231\/324|[from] Spikes
|move|p1a: MonicaLewinsky|Trick|p2a: Sunny
|-activate|p1a: MonicaLewinsky|move: Trick|[of] p2a: Sunny
|-item|p2a: Sunny|Choice Scarf|[from] move: Trick
|
|turn|21
|c| Toxzn|plays
|
|move|p2a: Sunny|Fire Blast|p1a: MonicaLewinsky
|-supereffective|p1a: MonicaLewinsky
|-damage|p1a: MonicaLewinsky|0 fnt
|faint|p1a: MonicaLewinsky
|
|
|switch|p1a: Muh Bird Team|Dragonite, F|324\/324
|-damage|p1a: Muh Bird Team|243\/324|[from] Stealth Rock
|turn|22
|
|switch|p2a: Skarm|Skarmory, M|334\/334
|move|p1a: Muh Bird Team|Dragon Dance|p1a: Muh Bird Team
|-boost|p1a: Muh Bird Team|atk|1
|-boost|p1a: Muh Bird Team|spe|1
|
|-heal|p1a: Muh Bird Team|263\/324|[from] item: Leftovers
|turn|23
|join|Raptori
|
|move|p1a: Muh Bird Team|Dragon Claw|p2a: Skarm
|-resisted|p2a: Skarm
|-damage|p2a: Skarm|263\/334
|-damage|p1a: Muh Bird Team|209\/324|[from] item: Rocky Helmet|[of] p2a: Skarm
|move|p2a: Skarm|Whirlwind|p1a: Muh Bird Team
|drag|p1a: Jeffrey Dahmer|Medicham, M|261\/261
|-damage|p1a: Jeffrey Dahmer|196\/261|[from] Spikes
|-damage|p1a: Jeffrey Dahmer|180\/261|[from] Stealth Rock
|
|turn|24
|join|junkoite42
|
|detailschange|p1a: Jeffrey Dahmer|Medicham-Mega, M
|message|Medicham has Mega Evolved into Mega Medicham!
|move|p1a: Jeffrey Dahmer|High Jump Kick|p2a: Skarm
|-damage|p2a: Skarm|40\/334
|-damage|p1a: Jeffrey Dahmer|137\/261|[from] item: Rocky Helmet|[of] p2a: Skarm
|move|p2a: Skarm|Roost|p2a: Skarm
|-heal|p2a: Skarm|207\/334
|
|turn|25
|c|âAjTheEpic|Damn
|c| KratosMana|welp
|c| IAmGingy|ummmmm]
|c|âAjTheEpic|taking that HJK too well
|
|switch|p2a: Yuna|Chansey, F, shiny|528\/704
|-damage|p2a: Yuna|352\/704|[from] Spikes
|move|p1a: Jeffrey Dahmer|High Jump Kick|p2a: Yuna
|-supereffective|p2a: Yuna
|-damage|p2a: Yuna|0 fnt
|faint|p2a: Yuna
|
|join|S3cret
|c| JDynasty|its over
|
|switch|p2a: Sunny|Heatran, M|231\/324
|-damage|p2a: Sunny|150\/324|[from] Spikes
|turn|26
|c|âAjTheEpic|no
|c|âAjTheEpic|he has that tran
|c| JDynasty|oh yeah
|c|âAjTheEpic|I gave him a bit too much tbh
|c| JDynasty|scarf
|c| IAmGingy|tht u tricked
|c| KratosMana|protect
|
|switch|p1a: Muh Bird Team|Dragonite, F|209\/324
|-damage|p1a: Muh Bird Team|128\/324|[from] Stealth Rock
|move|p2a: Sunny|Fire Blast|p1a: Muh Bird Team
|-resisted|p1a: Muh Bird Team
|-damage|p1a: Muh Bird Team|33\/324
|
|-heal|p1a: Muh Bird Team|53\/324|[from] item: Leftovers
|turn|27
|c| IAmGingy|a scarf onto
|c| IAmGingy|lol
|c| KratosMana|o
|c|âAjTheEpic|miss plox
|
|move|p2a: Sunny|Fire Blast|p1a: Muh Bird Team
|-resisted|p1a: Muh Bird Team
|-damage|p1a: Muh Bird Team|0 fnt
|faint|p1a: Muh Bird Team
|
|
|switch|p1a: Here's JOHNY|Gliscor, F|310\/354 tox
|-damage|p1a: Here's JOHNY|266\/354 tox|[from] Stealth Rock
|turn|28
|leave|Omegasization
|c| Toxzn|hope ur
|c| Toxzn|gliscor
|c| Toxzn|is fast
|
|move|p2a: Sunny|Fire Blast|p1a: Here's JOHNY
|-crit|p1a: Here's JOHNY
|-damage|p1a: Here's JOHNY|22\/354 tox
|move|p1a: Here's JOHNY|Swords Dance|p1a: Here's JOHNY
|-boost|p1a: Here's JOHNY|atk|2
|
|-heal|p1a: Here's JOHNY|66\/354 tox|[from] ability: Poison Heal
|turn|29
|c|âAjTheEpic|ah shit
|c| RedKingAlmighty|ouch
|c|âAjTheEpic|I thought he'd switch to skarm
|
|move|p2a: Sunny|Fire Blast|p1a: Here's JOHNY
|-damage|p1a: Here's JOHNY|0 fnt
|faint|p1a: Here's JOHNY
|
|c|âAjTheEpic|The no miss tho
|
|switch|p1a: Jeffrey Dahmer|Medicham-Mega, M|137\/261
|-damage|p1a: Jeffrey Dahmer|72\/261|[from] Spikes
|-damage|p1a: Jeffrey Dahmer|56\/261|[from] Stealth Rock
|turn|30
|c| RedKingAlmighty|thats game
|leave|DualGenies2
|
|move|p2a: Sunny|Fire Blast|p1a: Jeffrey Dahmer|[miss]
|-miss|p2a: Sunny|p1a: Jeffrey Dahmer
|move|p1a: Jeffrey Dahmer|High Jump Kick|p2a: Sunny
|-supereffective|p2a: Sunny
|-damage|p2a: Sunny|0 fnt
|faint|p2a: Sunny
|
|c| Toxzn|sharp wins with damage
|
|switch|p2a: Skarm|Skarmory, M|207\/334
|turn|31
|c|âAjTheEpic|GG tho
|c| cheryl blossom|skarm is rocky
|c| cheryl blossom|he lost
|c|âKratosSnake|gg
|
|move|p1a: Jeffrey Dahmer|High Jump Kick|p2a: Skarm
|-damage|p2a: Skarm|0 fnt
|-damage|p1a: Jeffrey Dahmer|13\/261|[from] item: Rocky Helmet|[of] p2a: Skarm
|faint|p2a: Skarm
|
|
|switch|p2a: sharp|Bisharp, M|272\/272
|-damage|p2a: sharp|204\/272|[from] Spikes
|turn|32
|c| KratosMana|inb4
|c| KratosMana|problems
|
|move|p1a: Jeffrey Dahmer|Bullet Punch|p2a: sharp
|-resisted|p2a: sharp
|-damage|p2a: sharp|160\/272
|move|p2a: sharp|Sucker Punch|p1a: Jeffrey Dahmer
|-fail|p1a: Jeffrey Dahmer
|
|-heal|p2a: sharp|177\/272|[from] item: Leftovers
|turn|33
|c| KratosMana|vs blim
|c| KratosMana|rite now
|c| KratosMana|yep
|c| cheryl blossom|lgi
|c| JDynasty|lol
|
|move|p1a: Jeffrey Dahmer|Bullet Punch|p2a: sharp
|-resisted|p2a: sharp
|-damage|p2a: sharp|137\/272
|move|p2a: sharp|Sucker Punch|p1a: Jeffrey Dahmer
|-fail|p1a: Jeffrey Dahmer
|
|-heal|p2a: sharp|154\/272|[from] item: Leftovers
|turn|34
|c| JDynasty|this is something
|c| RedKingAlmighty|50\/50
|c|âAjTheEpic|hmm
|c| RedKingAlmighty|not bad aj
|
|move|p1a: Jeffrey Dahmer|Bullet Punch|p2a: sharp
|-resisted|p2a: sharp
|-damage|p2a: sharp|108\/272
|move|p2a: sharp|Sucker Punch|p1a: Jeffrey Dahmer
|-fail|p1a: Jeffrey Dahmer
|
|-heal|p2a: sharp|125\/272|[from] item: Leftovers
|turn|35
|c| cheryl blossom|hes gonna outplay all 8 sucker punches and then miss
|c| cheryl blossom|HJK
|c| JDynasty|lol
|c| RedKingAlmighty|^
|c| JDynasty|thatd be funny
|
|move|p1a: Jeffrey Dahmer|Bullet Punch|p2a: sharp
|-resisted|p2a: sharp
|-damage|p2a: sharp|78\/272
|move|p2a: sharp|Sucker Punch|p1a: Jeffrey Dahmer
|-fail|p1a: Jeffrey Dahmer
|
|-heal|p2a: sharp|95\/272|[from] item: Leftovers
|turn|36
|c| KratosMana|knock here.
|join|Iohpeso
|c| RedKingAlmighty|this is intense
|c| Toxzn|just stall each turn
|
|move|p1a: Jeffrey Dahmer|Bullet Punch|p2a: sharp
|-resisted|p2a: sharp
|-damage|p2a: sharp|50\/272
|move|p2a: sharp|Sucker Punch|p1a: Jeffrey Dahmer
|-fail|p1a: Jeffrey Dahmer
|
|-heal|p2a: sharp|67\/272|[from] item: Leftovers
|turn|37
|c| Toxzn|so he clicks cancel
|c| KratosMana|sigh
|c| JDynasty|wow
|c| Toxzn|like 8 times
|c| Toxzn|he will feel the pressure
|c| Toxzn|and collapse
|c| KratosMana|now
|c| Toxzn|u will win by default
|c| cheryl blossom|how many left
|c| RedKingAlmighty|this is insane.
|join|santos17
|c| cheryl blossom|SANTOS
|c| cheryl blossom|SEVENTEEN
|
|move|p1a: Jeffrey Dahmer|Bullet Punch|p2a: sharp
|-resisted|p2a: sharp
|-damage|p2a: sharp|23\/272
|move|p2a: sharp|Sucker Punch|p1a: Jeffrey Dahmer
|-fail|p1a: Jeffrey Dahmer
|
|-heal|p2a: sharp|40\/272|[from] item: Leftovers
|turn|38
|c| JDynasty|heh
|c|âAjTheEpic|OML
|c| JDynasty|aj won
|c| Toxzn|low
|c| cheryl blossom|LOL
|c| IAmGingy|LOL
|c| Toxzn|roll
|c| cheryl blossom|HE DID IT
|c| Toxzn|pls
|
|move|p1a: Jeffrey Dahmer|Bullet Punch|p2a: sharp
|-resisted|p2a: sharp
|-damage|p2a: sharp|0 fnt
|faint|p2a: sharp
|
|win|AjTheEpic
|c|âAjTheEpic|FUCKING
|c| cheryl blossom|LOOOL
|c| santos17|cheryl!
|c|âAjTheEpic|GET WRECKED
|leave|Toxzn
|leave|S3cret
|leave|junkoite42
|leave|KratosSnake
|leave|cheryl blossom
|c| her friendly smile|g
|join|AlmightyJeffwinger
|player|p2
|leave|her friendly smile
|c| JDynasty|that dude is stunned
|join|yoman5
|leave|Raptori
|leave|KratosMana
|leave|Dylan0
|c| JDynasty|prob crying rite now
|leave|AjTheEpic
|player|p1
|leave|santos17
|leave|JDynasty
|join|AjTheEpic
|leave|RedKingAlmighty
|leave|IAmGingy
|leave|AjTheEpic
|leave|Iohpeso
|join|Sucker Lunch
|leave|Funnelby
|leave|claudioo2