|join|LT8Z SoZ
|join|kratossnake
|player|p1|LT8Z SoZ|30
|player|p2|kratossnake|159
|gametype|singles
|gen|6
|tier|OU
|rated
|clearpoke
|poke|p1|Scizor, F
|poke|p1|Zapdos
|poke|p1|Gardevoir, M
|poke|p1|Bisharp, M
|poke|p1|Rotom-Wash
|poke|p1|Landorus-Therian, M
|poke|p2|Greninja, F
|poke|p2|Terrakion
|poke|p2|Rotom-Wash
|poke|p2|Landorus-Therian, M
|poke|p2|Bisharp, M
|poke|p2|Gardevoir, M
|rule|Swagger Clause: Swagger is banned
|rule|Baton Pass Clause: Limit one PokÃ©mon knowing Baton Pass
|rule|Sleep Clause Mod: Limit one foe put to sleep
|rule|Species Clause: Limit one of each PokÃ©mon
|rule|OHKO Clause: OHKO moves are banned
|rule|Moody Clause: Moody is banned
|rule|Evasion Moves Clause: Evasion moves are banned
|rule|Endless Battle Clause: Forcing endless battles is banned
|rule|HP Percentage Mod: HP is shown in percentages
|teampreview
|
|start
|switch|p1a: Bisharp|Bisharp, M|272\/272
|switch|p2a: Gardevoir|Gardevoir, M|277\/277
|-ability|p2a: Gardevoir|Defiant|[from] ability: Trace|[of] p1a: Bisharp
|turn|1
|
|switch|p2a: Terrakion|Terrakion|323\/323
|move|p1a: Bisharp|Iron Head|p2a: Terrakion
|-supereffective|p2a: Terrakion
|-damage|p2a: Terrakion|5\/323
|
|turn|2
|
|move|p2a: Terrakion|Stealth Rock|p1a: Bisharp
|-sidestart|p1: LT8Z SoZ|move: Stealth Rock
|move|p1a: Bisharp|Iron Head|p2a: Terrakion
|-supereffective|p2a: Terrakion
|-damage|p2a: Terrakion|0 fnt
|faint|p2a: Terrakion
|
|
|switch|p2a: Greninja|Greninja, F|285\/285
|turn|3
|
|move|p2a: Greninja|Hydro Pump|p1a: Bisharp|[miss]
|-start|p2a: Greninja|typechange|Water|[from] Protean
|-miss|p2a: Greninja|p1a: Bisharp
|move|p1a: Bisharp|Knock Off|p2a: Greninja
|-damage|p2a: Greninja|62\/285
|-enditem|p2a: Greninja|Life Orb|[from] move: Knock Off|[of] p1a: Bisharp
|
|turn|4
|
|switch|p2a: Rotom-Wash|Rotom-Wash|304\/304
|move|p1a: Bisharp|Sucker Punch|p2a: Rotom-Wash
|-fail|p2a: Rotom-Wash
|
|turn|5
|
|move|p1a: Bisharp|Stealth Rock|p2a: Rotom-Wash
|-sidestart|p2: kratossnake|move: Stealth Rock
|move|p2a: Rotom-Wash|Will-O-Wisp|p1a: Bisharp
|-status|p1a: Bisharp|brn
|
|-damage|p1a: Bisharp|238\/272 brn|[from] brn
|turn|6
|
|move|p1a: Bisharp|Knock Off|p2a: Rotom-Wash
|-damage|p2a: Rotom-Wash|243\/304
|-enditem|p2a: Rotom-Wash|Leftovers|[from] move: Knock Off|[of] p1a: Bisharp
|move|p2a: Rotom-Wash|Hydro Pump|p1a: Bisharp
|-damage|p1a: Bisharp|52\/272 brn
|
|-damage|p1a: Bisharp|18\/272 brn|[from] brn
|turn|7
|
|move|p1a: Bisharp|Sucker Punch|p2a: Rotom-Wash
|-damage|p2a: Rotom-Wash|191\/304
|move|p2a: Rotom-Wash|Volt Switch|p1a: Bisharp
|-damage|p1a: Bisharp|0 fnt
|faint|p1a: Bisharp
|
|switch|p2a: Bisharp|Bisharp, M|272\/272
|-damage|p2a: Bisharp|255\/272|[from] Stealth Rock
|
|
|switch|p1a: Zapdos|Zapdos|384\/384
|-damage|p1a: Zapdos|288\/384|[from] Stealth Rock
|-ability|p1a: Zapdos|Pressure
|turn|8
|
|switch|p2a: Rotom-Wash|Rotom-Wash|191\/304
|-damage|p2a: Rotom-Wash|153\/304|[from] Stealth Rock
|move|p1a: Zapdos|Heat Wave|p2a: Rotom-Wash
|-miss|p1a: Zapdos|p2a: Rotom-Wash
|
|-heal|p1a: Zapdos|312\/384|[from] item: Leftovers
|turn|9
|
|move|p1a: Zapdos|Defog|p2a: Rotom-Wash
|-unboost|p2a: Rotom-Wash|evasion|1
|-sideend|p2: kratossnake|Stealth Rock|[from] move: Defog|[of] p2a: Rotom-Wash
|-sideend|p1: LT8Z SoZ|Stealth Rock|[from] move: Defog|[of] p1a: Zapdos
|move|p2a: Rotom-Wash|Pain Split|p1a: Zapdos
|-sethp|p1a: Zapdos|232\/384|p2a: Rotom-Wash|232\/304|[from] move: Pain Split
|
|-heal|p1a: Zapdos|256\/384|[from] item: Leftovers
|turn|10
|
|move|p1a: Zapdos|Roost|p1a: Zapdos
|-heal|p1a: Zapdos|384\/384
|move|p2a: Rotom-Wash|Will-O-Wisp|p1a: Zapdos
|-status|p1a: Zapdos|brn
|
|-damage|p1a: Zapdos|336\/384 brn|[from] brn
|turn|11
|
|move|p1a: Zapdos|Volt Switch|p2a: Rotom-Wash
|-damage|p2a: Rotom-Wash|129\/304
|
|switch|p1a: Landorus-Therian|Landorus-Therian, M|342\/342
|-ability|p1a: Landorus-Therian|Intimidate|[of] p2a: Rotom-Wash
|-unboost|p2a: Rotom-Wash|atk|1
|move|p2a: Rotom-Wash|Volt Switch|p1a: Landorus-Therian
|-immune|p1a: Landorus-Therian|[msg]
|
|turn|12
|
|move|p1a: Landorus-Therian|U-turn|p2a: Rotom-Wash
|-damage|p2a: Rotom-Wash|67\/304
|
|switch|p1a: Zapdos|Zapdos|336\/384 brn
|-ability|p1a: Zapdos|Pressure
|move|p2a: Rotom-Wash|Pain Split|p1a: Zapdos
|-sethp|p1a: Zapdos|201\/384 brn|p2a: Rotom-Wash|201\/304|[from] move: Pain Split
|
|-heal|p1a: Zapdos|225\/384 brn|[from] item: Leftovers
|-damage|p1a: Zapdos|177\/384 brn|[from] brn
|turn|13
|
|move|p1a: Zapdos|Heat Wave|p2a: Rotom-Wash
|-resisted|p2a: Rotom-Wash
|-damage|p2a: Rotom-Wash|159\/304
|move|p2a: Rotom-Wash|Volt Switch|p1a: Zapdos
|-damage|p1a: Zapdos|84\/384 brn
|
|switch|p2a: Gardevoir|Gardevoir, M|277\/277
|-ability|p2a: Gardevoir|Pressure|[from] ability: Trace|[of] p1a: Zapdos
|-ability|p2a: Gardevoir|Pressure
|
|-heal|p1a: Zapdos|108\/384 brn|[from] item: Leftovers
|-damage|p1a: Zapdos|60\/384 brn|[from] brn
|turn|14
|
|detailschange|p2a: Gardevoir|Gardevoir-Mega, M
|message|Gardevoir has Mega Evolved into Mega Gardevoir!
|move|p2a: Gardevoir|Hyper Voice|p1a: Zapdos
|-damage|p1a: Zapdos|0 fnt
|faint|p1a: Zapdos
|
|
|switch|p1a: Scizor|Scizor, F|299\/299
|turn|15
|
|switch|p2a: Greninja|Greninja, F|62\/285
|move|p1a: Scizor|U-turn|p2a: Greninja
|-supereffective|p2a: Greninja
|-damage|p2a: Greninja|0 fnt
|faint|p2a: Greninja
|
|switch|p1a: Landorus-Therian|Landorus-Therian, M|342\/342
|
|
|switch|p2a: Bisharp|Bisharp, M|255\/272
|turn|16
|
|switch|p2a: Rotom-Wash|Rotom-Wash|159\/304
|move|p1a: Landorus-Therian|Earthquake|p2a: Rotom-Wash
|-immune|p2a: Rotom-Wash|[msg]
|
|turn|17
|
|switch|p1a: Rotom-Wash|Rotom-Wash|304\/304
|move|p2a: Rotom-Wash|Will-O-Wisp|p1a: Rotom-Wash|[miss]
|-miss|p2a: Rotom-Wash|p1a: Rotom-Wash
|
|turn|18
|
|move|p2a: Rotom-Wash|Pain Split|p1a: Rotom-Wash
|-sethp|p1a: Rotom-Wash|231\/304|p2a: Rotom-Wash|231\/304|[from] move: Pain Split
|move|p1a: Rotom-Wash|Will-O-Wisp|p2a: Rotom-Wash
|-status|p2a: Rotom-Wash|brn
|
|-heal|p1a: Rotom-Wash|250\/304|[from] item: Leftovers
|-damage|p2a: Rotom-Wash|193\/304 brn|[from] brn
|turn|19
|
|move|p1a: Rotom-Wash|Volt Switch|p2a: Rotom-Wash
|-damage|p2a: Rotom-Wash|118\/304 brn
|
|switch|p1a: Landorus-Therian|Landorus-Therian, M|342\/342
|-ability|p1a: Landorus-Therian|Intimidate|[of] p2a: Rotom-Wash
|-unboost|p2a: Rotom-Wash|atk|1
|move|p2a: Rotom-Wash|Will-O-Wisp|p1a: Landorus-Therian|[miss]
|-miss|p2a: Rotom-Wash|p1a: Landorus-Therian
|
|-damage|p2a: Rotom-Wash|80\/304 brn|[from] brn
|turn|20
|c|âkratossnake|so bs
|
|move|p1a: Landorus-Therian|U-turn|p2a: Rotom-Wash
|-crit|p2a: Rotom-Wash
|-damage|p2a: Rotom-Wash|0 fnt
|faint|p2a: Rotom-Wash
|
|switch|p1a: Rotom-Wash|Rotom-Wash|250\/304
|
|-heal|p1a: Rotom-Wash|269\/304|[from] item: Leftovers
|
|switch|p2a: Gardevoir|Gardevoir-Mega, M|277\/277
|turn|21
|
|switch|p1a: Gardevoir|Gardevoir, M|278\/278
|move|p2a: Gardevoir|Hyper Voice|p1a: Gardevoir
|-damage|p1a: Gardevoir|64\/278
|
|turn|22
|
|detailschange|p1a: Gardevoir|Gardevoir-Mega, M
|message|Gardevoir has Mega Evolved into Mega Gardevoir!
|move|p2a: Gardevoir|Hyper Voice|p1a: Gardevoir
|-damage|p1a: Gardevoir|0 fnt
|faint|p1a: Gardevoir
|
|
|switch|p1a: Scizor|Scizor, F|299\/299
|turn|23
|
|switch|p2a: Landorus-Therian|Landorus-Therian, M|319\/319
|-ability|p2a: Landorus-Therian|Intimidate|[of] p1a: Scizor
|-unboost|p1a: Scizor|atk|1
|move|p1a: Scizor|Bullet Punch|p2a: Landorus-Therian
|-damage|p2a: Landorus-Therian|192\/319
|
|turn|24
|
|switch|p2a: Bisharp|Bisharp, M|255\/272
|switch|p1a: Landorus-Therian|Landorus-Therian, M|342\/342
|-ability|p1a: Landorus-Therian|Intimidate|[of] p2a: Bisharp
|-unboost|p2a: Bisharp|atk|1
|-boost|p2a: Bisharp|atk|2|[from] ability: Defiant
|
|turn|25
|
|switch|p1a: Rotom-Wash|Rotom-Wash|269\/304
|move|p2a: Bisharp|Sucker Punch|p1a: Rotom-Wash
|-fail|p1a: Rotom-Wash
|
|-heal|p1a: Rotom-Wash|288\/304|[from] item: Leftovers
|turn|26
|
|move|p2a: Bisharp|Knock Off|p1a: Rotom-Wash
|-damage|p1a: Rotom-Wash|0 fnt
|-enditem|p1a: Rotom-Wash|Leftovers|[from] move: Knock Off|[of] p2a: Bisharp
|faint|p1a: Rotom-Wash
|
|
|switch|p1a: Scizor|Scizor, F|299\/299
|turn|27
|
|move|p2a: Bisharp|Sucker Punch|p1a: Scizor
|-damage|p1a: Scizor|38\/299
|move|p1a: Scizor|Superpower|p2a: Bisharp
|-supereffective|p2a: Bisharp
|-damage|p2a: Bisharp|0 fnt
|-unboost|p1a: Scizor|atk|1
|-unboost|p1a: Scizor|def|1
|faint|p2a: Bisharp
|
|
|switch|p2a: Gardevoir|Gardevoir-Mega, M|277\/277
|turn|28
|
|switch|p1a: Landorus-Therian|Landorus-Therian, M|342\/342
|-ability|p1a: Landorus-Therian|Intimidate|[of] p2a: Gardevoir
|-unboost|p2a: Gardevoir|atk|1
|move|p2a: Gardevoir|Hyper Voice|p1a: Landorus-Therian
|-damage|p1a: Landorus-Therian|29\/342
|
|turn|29
|
|switch|p2a: Landorus-Therian|Landorus-Therian, M|192\/319
|-ability|p2a: Landorus-Therian|Intimidate|[of] p1a: Landorus-Therian
|-unboost|p1a: Landorus-Therian|atk|1
|move|p1a: Landorus-Therian|Earthquake|p2a: Landorus-Therian
|-immune|p2a: Landorus-Therian|[msg]
|
|turn|30
|
|move|p2a: Landorus-Therian|Stone Edge|p1a: Landorus-Therian|[miss]
|-miss|p2a: Landorus-Therian|p1a: Landorus-Therian
|move|p1a: Landorus-Therian|Earthquake|p2a: Landorus-Therian
|-immune|p2a: Landorus-Therian|[msg]
|
|turn|31
|c|âkratossnake|i deserve win this game after all bs 
|
|move|p2a: Landorus-Therian|Stone Edge|p1a: Landorus-Therian
|-damage|p1a: Landorus-Therian|0 fnt
|faint|p1a: Landorus-Therian
|
|
|switch|p1a: Scizor|Scizor, F|38\/299
|turn|32
|
|switch|p2a: Gardevoir|Gardevoir-Mega, M|277\/277
|move|p1a: Scizor|Bullet Punch|p2a: Gardevoir
|-supereffective|p2a: Gardevoir
|-damage|p2a: Gardevoir|0 fnt
|faint|p2a: Gardevoir
|
|
|switch|p2a: Landorus-Therian|Landorus-Therian, M|192\/319
|-ability|p2a: Landorus-Therian|Intimidate|[of] p1a: Scizor
|-unboost|p1a: Scizor|atk|1
|turn|33
|
|move|p1a: Scizor|Bullet Punch|p2a: Landorus-Therian
|-damage|p2a: Landorus-Therian|66\/319
|move|p2a: Landorus-Therian|Earthquake|p1a: Scizor
|-crit|p1a: Scizor
|-damage|p1a: Scizor|0 fnt
|faint|p1a: Scizor
|
|win|kratossnake
|raw|Ladder updating...
|raw|LT8Z SoZ's rating: 1834 &rarr; <strong>1807<\/strong><br \/>(-27 for losing)
|raw|kratossnake's rating: 1705 &rarr; <strong>1732<\/strong><br \/>(+27 for winning)
|leave|LT8Z SoZ
|player|p1