|join|kratossnake
|join|uCan'tSeeMe
|player|p1|kratossnake|159
|player|p2|uCan'tSeeMe|211
|gametype|singles
|gen|6
|tier|OU
|rated
|clearpoke
|poke|p1|Greninja, F
|poke|p1|Terrakion
|poke|p1|Rotom-Wash
|poke|p1|Landorus-Therian, M
|poke|p1|Bisharp, F
|poke|p1|Gardevoir, M
|poke|p2|Alakazam, F
|poke|p2|Celebi
|poke|p2|Gengar, F
|poke|p2|Keldeo-Resolute
|poke|p2|Heatran, F
|poke|p2|Tyranitar, F
|rule|Swagger Clause: Swagger is banned
|rule|Baton Pass Clause: Limit one PokÃ©mon knowing Baton Pass
|rule|Sleep Clause Mod: Limit one foe put to sleep
|rule|Species Clause: Limit one of each PokÃ©mon
|rule|OHKO Clause: OHKO moves are banned
|rule|Moody Clause: Moody is banned
|rule|Evasion Moves Clause: Evasion moves are banned
|rule|Endless Battle Clause: Forcing endless battles is banned
|rule|HP Percentage Mod: HP is shown in percentages
|teampreview
uCan'tSeeMe made this room private.
|
|start
|switch|p1a: Terrakion|Terrakion|323\/323
|switch|p2a: Keldeo-Resolute|Keldeo-Resolute|323\/323
|turn|1
|
|move|p2a: Keldeo-Resolute|Scald|p1a: Terrakion
|-supereffective|p1a: Terrakion
|-enditem|p1a: Terrakion|Focus Sash
|-damage|p1a: Terrakion|1\/323
|move|p1a: Terrakion|Stealth Rock|p2a: Keldeo-Resolute
|-sidestart|p2: uCan'tSeeMe|move: Stealth Rock
|
|turn|2
|
|switch|p1a: Rotom-Wash|Rotom-Wash|304\/304
|move|p2a: Keldeo-Resolute|Scald|p1a: Rotom-Wash
|-resisted|p1a: Rotom-Wash
|-damage|p1a: Rotom-Wash|242\/304
|
|-heal|p1a: Rotom-Wash|261\/304|[from] item: Leftovers
|turn|3
|
|switch|p2a: Celebi|Celebi|404\/404
|-damage|p2a: Celebi|354\/404|[from] Stealth Rock
|move|p1a: Rotom-Wash|Volt Switch|p2a: Celebi
|-resisted|p2a: Celebi
|-damage|p2a: Celebi|315\/404
|
|switch|p1a: Greninja|Greninja, F|285\/285
|
|-heal|p2a: Celebi|340\/404|[from] item: Leftovers
|turn|4
|
|switch|p2a: Keldeo-Resolute|Keldeo-Resolute|323\/323
|-damage|p2a: Keldeo-Resolute|303\/323|[from] Stealth Rock
|move|p1a: Greninja|Ice Beam|p2a: Keldeo-Resolute
|-start|p1a: Greninja|typechange|Ice|[from] Protean
|-resisted|p2a: Keldeo-Resolute
|-damage|p2a: Keldeo-Resolute|206\/323
|-damage|p1a: Greninja|257\/285|[from] item: Life Orb
|
|turn|5
|
|switch|p1a: Terrakion|Terrakion|1\/323
|move|p2a: Keldeo-Resolute|Secret Sword|p1a: Terrakion
|-supereffective|p1a: Terrakion
|-damage|p1a: Terrakion|0 fnt
|faint|p1a: Terrakion
|
|
|switch|p1a: Gardevoir|Gardevoir, M|277\/277
|-ability|p1a: Gardevoir|Justified|[from] ability: Trace|[of] p2a: Keldeo-Resolute
|turn|6
|
|switch|p2a: Heatran|Heatran, F|386\/386
|-damage|p2a: Heatran|338\/386|[from] Stealth Rock
|detailschange|p1a: Gardevoir|Gardevoir-Mega, M
|message|Gardevoir has Mega Evolved into Mega Gardevoir!
|move|p1a: Gardevoir|Focus Blast|p2a: Heatran|[miss]
|-miss|p1a: Gardevoir|p2a: Heatran
|
|-heal|p2a: Heatran|362\/386|[from] item: Leftovers
|turn|7
|
|switch|p1a: Greninja|Greninja, F|257\/285
|move|p2a: Heatran|Stealth Rock|p1a: Greninja
|-sidestart|p1: kratossnake|move: Stealth Rock
|
|-heal|p2a: Heatran|386\/386|[from] item: Leftovers
|turn|8
|
|move|p1a: Greninja|Hydro Pump|p2a: Heatran
|-start|p1a: Greninja|typechange|Water|[from] Protean
|-supereffective|p2a: Heatran
|-damage|p2a: Heatran|27\/386
|-damage|p1a: Greninja|229\/285|[from] item: Life Orb
|move|p2a: Heatran|Toxic|p1a: Greninja
|-status|p1a: Greninja|tox
|
|-heal|p2a: Heatran|51\/386|[from] item: Leftovers
|-damage|p1a: Greninja|212\/285 tox|[from] psn
|turn|9
|
|switch|p1a: Rotom-Wash|Rotom-Wash|261\/304
|-damage|p1a: Rotom-Wash|223\/304|[from] Stealth Rock
|move|p2a: Heatran|Toxic|p1a: Rotom-Wash
|-status|p1a: Rotom-Wash|tox
|
|-heal|p2a: Heatran|75\/386|[from] item: Leftovers
|-heal|p1a: Rotom-Wash|242\/304 tox|[from] item: Leftovers
|-damage|p1a: Rotom-Wash|223\/304 tox|[from] psn
|turn|10
|
|move|p2a: Heatran|Lava Plume|p1a: Rotom-Wash
|-resisted|p1a: Rotom-Wash
|-damage|p1a: Rotom-Wash|163\/304 tox
|move|p1a: Rotom-Wash|Volt Switch|p2a: Heatran
|-damage|p2a: Heatran|8\/386
|
|switch|p1a: Gardevoir|Gardevoir-Mega, M|277\/277
|-damage|p1a: Gardevoir|243\/277|[from] Stealth Rock
|
|-heal|p2a: Heatran|32\/386|[from] item: Leftovers
|turn|11
|
|move|p1a: Gardevoir|Hyper Voice|p2a: Heatran
|-resisted|p2a: Heatran
|-damage|p2a: Heatran|0 fnt
|faint|p2a: Heatran
|
|
|switch|p2a: Gengar|Gengar, F|262\/262
|-damage|p2a: Gengar|230\/262|[from] Stealth Rock
|turn|12
|
|switch|p1a: Rotom-Wash|Rotom-Wash|163\/304 tox
|-damage|p1a: Rotom-Wash|125\/304 tox|[from] Stealth Rock
|move|p2a: Gengar|Shadow Ball|p1a: Rotom-Wash
|-damage|p1a: Rotom-Wash|0 fnt
|-damage|p2a: Gengar|204\/262|[from] item: Life Orb
|faint|p1a: Rotom-Wash
|
|
|switch|p1a: Greninja|Greninja, F|212\/285 tox
|-damage|p1a: Greninja|177\/285 tox|[from] Stealth Rock
|turn|13
|
|switch|p2a: Celebi|Celebi|340\/404
|-damage|p2a: Celebi|290\/404|[from] Stealth Rock
|move|p1a: Greninja|Ice Beam|p2a: Celebi
|-start|p1a: Greninja|typechange|Ice|[from] Protean
|-supereffective|p2a: Celebi
|-damage|p2a: Celebi|0 fnt
|-damage|p1a: Greninja|149\/285 tox|[from] item: Life Orb
|faint|p2a: Celebi
|
|-damage|p1a: Greninja|132\/285 tox|[from] psn
|
|switch|p2a: Alakazam|Alakazam, F|252\/252
|turn|14
|
|detailschange|p2a: Alakazam|Alakazam-Mega, F
|message|Alakazam has Mega Evolved into Mega Alakazam!
|-ability|p2a: Alakazam|Protean|[from] ability: Trace|[of] p1a: Greninja
|move|p1a: Greninja|Ice Beam|p2a: Alakazam
|-damage|p2a: Alakazam|80\/252
|-damage|p1a: Greninja|104\/285 tox|[from] item: Life Orb
|move|p2a: Alakazam|Psychic|p1a: Greninja
|-damage|p1a: Greninja|0 fnt
|faint|p1a: Greninja
|
|
|switch|p1a: Landorus-Therian|Landorus-Therian, M|319\/319
|-damage|p1a: Landorus-Therian|280\/319|[from] Stealth Rock
|-ability|p1a: Landorus-Therian|Intimidate|[of] p2a: Alakazam
|-unboost|p2a: Alakazam|atk|1
|turn|15
|
|move|p1a: Landorus-Therian|U-turn|p2a: Alakazam
|-crit|p2a: Alakazam
|-supereffective|p2a: Alakazam
|-damage|p2a: Alakazam|0 fnt
|faint|p2a: Alakazam
|
|switch|p1a: Gardevoir|Gardevoir-Mega, M|243\/277
|-damage|p1a: Gardevoir|209\/277|[from] Stealth Rock
|
|
|switch|p2a: Gengar|Gengar, F|204\/262
|-damage|p2a: Gengar|172\/262|[from] Stealth Rock
|turn|16
|
|switch|p1a: Bisharp|Bisharp, F|272\/272
|-damage|p1a: Bisharp|255\/272|[from] Stealth Rock
|move|p2a: Gengar|Shadow Ball|p1a: Bisharp
|-crit|p1a: Bisharp
|-resisted|p1a: Bisharp
|-damage|p1a: Bisharp|72\/272
|-damage|p2a: Gengar|146\/262|[from] item: Life Orb
|
|turn|17
|
|move|p1a: Bisharp|Pursuit|p2a: Gengar|[from]Pursuit
|-supereffective|p2a: Gengar
|-damage|p2a: Gengar|0 fnt
|-damage|p1a: Bisharp|45\/272|[from] item: Life Orb
|faint|p2a: Gengar
|
|
|switch|p2a: Tyranitar|Tyranitar, F|342\/342
|-damage|p2a: Tyranitar|300\/342|[from] Stealth Rock
|-weather|Sandstorm
|turn|18
|
|move|p2a: Tyranitar|Crunch|p1a: Bisharp
|-crit|p1a: Bisharp
|-resisted|p1a: Bisharp
|-damage|p1a: Bisharp|0 fnt
|faint|p1a: Bisharp
|
|-weather|Sandstorm|[upkeep]
|
|switch|p1a: Landorus-Therian|Landorus-Therian, M|280\/319
|-damage|p1a: Landorus-Therian|241\/319|[from] Stealth Rock
|-ability|p1a: Landorus-Therian|Intimidate|[of] p2a: Tyranitar
|-unboost|p2a: Tyranitar|atk|1
|turn|19
|
|move|p1a: Landorus-Therian|Earthquake|p2a: Tyranitar
|-supereffective|p2a: Tyranitar
|-damage|p2a: Tyranitar|0 fnt
|faint|p2a: Tyranitar
|
|-weather|Sandstorm|[upkeep]
|c|âkratossnake|gg
|
|switch|p2a: Keldeo-Resolute|Keldeo-Resolute|206\/323
|-damage|p2a: Keldeo-Resolute|186\/323|[from] Stealth Rock
|turn|20
|
|move|p2a: Keldeo-Resolute|Hydro Pump|p1a: Landorus-Therian|[miss]
|-miss|p2a: Keldeo-Resolute|p1a: Landorus-Therian
|move|p1a: Landorus-Therian|Earthquake|p2a: Keldeo-Resolute
|-crit|p2a: Keldeo-Resolute
|-damage|p2a: Keldeo-Resolute|0 fnt
|faint|p2a: Keldeo-Resolute
|
|win|kratossnake
|raw|Ladder updating...
|raw|kratossnake's rating: 1710 &rarr; <strong>1737<\/strong><br \/>(+27 for winning)
|raw|uCan&apos;tSeeMe's rating: 1831 &rarr; <strong>1804<\/strong><br \/>(-27 for losing)
|leave|uCan'tSeeMe
|player|p2