|join|johnny tots
|join|KratosSnake
|player|p1|johnny tots|102
|player|p2|KratosSnake|159
|gametype|singles
|gen|6
|tier|OU
|rated
|clearpoke
|poke|p1|Dragonite, F
|poke|p1|Gyarados, F
|poke|p1|Charizard, M
|poke|p1|Landorus-Therian, M
|poke|p1|Thundurus-Therian, M
|poke|p1|Scizor, M
|poke|p2|Tyranitar, M
|poke|p2|Excadrill, M
|poke|p2|Latios, M
|poke|p2|Scizor, M
|poke|p2|Rotom-Wash
|poke|p2|Landorus, M
|rule|Swagger Clause: Swagger is banned
|rule|Baton Pass Clause: Limit one PokÃ©mon knowing Baton Pass
|rule|Sleep Clause Mod: Limit one foe put to sleep
|rule|Species Clause: Limit one of each PokÃ©mon
|rule|OHKO Clause: OHKO moves are banned
|rule|Moody Clause: Moody is banned
|rule|Evasion Moves Clause: Evasion moves are banned
|rule|Endless Battle Clause: Forcing endless battles is banned
|rule|HP Percentage Mod: HP is shown in percentages
|teampreview
|
|start
|switch|p1a: Gyarados|Gyarados, F|331\/331
|switch|p2a: Rotom-Wash|Rotom-Wash|304\/304
|turn|1
|
|switch|p1a: Charizard|Charizard, M|297\/297
|move|p2a: Rotom-Wash|Volt Switch|p1a: Charizard
|-supereffective|p1a: Charizard
|-damage|p1a: Charizard|103\/297
|
|switch|p2a: Latios|Latios, M|302\/302
|
|turn|2
|
|switch|p1a: Scizor|Scizor, M|281\/281
|move|p2a: Latios|Psyshock|p1a: Scizor
|-resisted|p1a: Scizor
|-damage|p1a: Scizor|220\/281
|-damage|p2a: Latios|272\/302|[from] item: Life Orb
|
|-heal|p1a: Scizor|237\/281|[from] item: Leftovers
|turn|3
|
|switch|p1a: Charizard|Charizard, M|103\/297
|move|p2a: Latios|Hidden Power|p1a: Charizard
|-resisted|p1a: Charizard
|-damage|p1a: Charizard|48\/297
|-damage|p2a: Latios|242\/302|[from] item: Life Orb
|
|turn|4
|
|switch|p1a: Scizor|Scizor, M|237\/281
|move|p2a: Latios|Psyshock|p1a: Scizor
|-resisted|p1a: Scizor
|-damage|p1a: Scizor|171\/281
|-damage|p2a: Latios|212\/302|[from] item: Life Orb
|
|-heal|p1a: Scizor|188\/281|[from] item: Leftovers
|turn|5
|
|switch|p1a: Charizard|Charizard, M|48\/297
|move|p2a: Latios|Hidden Power|p1a: Charizard
|-resisted|p1a: Charizard
|-damage|p1a: Charizard|0 fnt
|-damage|p2a: Latios|182\/302|[from] item: Life Orb
|faint|p1a: Charizard
|
|
|switch|p1a: Gyarados|Gyarados, F|331\/331
|turn|6
|
|move|p2a: Latios|Draco Meteor|p1a: Gyarados
|-damage|p1a: Gyarados|29\/331
|-unboost|p2a: Latios|spa|2
|-damage|p2a: Latios|152\/302|[from] item: Life Orb
|move|p1a: Gyarados|Ice Fang|p2a: Latios
|-supereffective|p2a: Latios
|-damage|p2a: Latios|0 fnt
|faint|p2a: Latios
|-boost|p1a: Gyarados|atk|1|[from] ability: Moxie
|
|
|switch|p2a: Landorus|Landorus, M|320\/320
|turn|7
|
|move|p2a: Landorus|Psychic|p1a: Gyarados
|-damage|p1a: Gyarados|0 fnt
|faint|p1a: Gyarados
|
|
|switch|p1a: Dragonite|Dragonite, F|323\/323
|turn|8
|
|switch|p2a: Tyranitar|Tyranitar, M|403\/403
|-weather|Sandstorm
|move|p1a: Dragonite|Dragon Dance|p1a: Dragonite
|-boost|p1a: Dragonite|atk|1
|-boost|p1a: Dragonite|spe|1
|
|-weather|Sandstorm|[upkeep]
|-damage|p1a: Dragonite|303\/323|[from] sandstorm
|turn|9
|
|move|p1a: Dragonite|Earthquake|p2a: Tyranitar
|-supereffective|p2a: Tyranitar
|-damage|p2a: Tyranitar|11\/403
|move|p2a: Tyranitar|Rock Slide|p1a: Dragonite
|-miss|p2a: Tyranitar|p1a: Dragonite
|
|-weather|Sandstorm|[upkeep]
|-damage|p1a: Dragonite|283\/323|[from] sandstorm
|turn|10
|
|move|p1a: Dragonite|Thunder Punch|p2a: Tyranitar
|-damage|p2a: Tyranitar|0 fnt
|faint|p2a: Tyranitar
|
|-weather|Sandstorm|[upkeep]
|-damage|p1a: Dragonite|263\/323|[from] sandstorm
|
|switch|p2a: Excadrill|Excadrill, M|361\/361
|turn|11
|
|switch|p1a: Landorus-Therian|Landorus-Therian, M|319\/319
|-ability|p1a: Landorus-Therian|Intimidate|[of] p2a: Excadrill
|-unboost|p2a: Excadrill|atk|1
|move|p2a: Excadrill|Rock Slide|p1a: Landorus-Therian
|-damage|p1a: Landorus-Therian|242\/319
|-damage|p2a: Excadrill|325\/361|[from] item: Life Orb
|
|-weather|Sandstorm|[upkeep]
|-heal|p1a: Landorus-Therian|261\/319|[from] item: Leftovers
|turn|12
|
|switch|p2a: Rotom-Wash|Rotom-Wash|304\/304
|move|p1a: Landorus-Therian|Rock Polish|p1a: Landorus-Therian
|-boost|p1a: Landorus-Therian|spe|2
|
|-weather|Sandstorm|[upkeep]
|-damage|p2a: Rotom-Wash|285\/304|[from] sandstorm
|-heal|p1a: Landorus-Therian|280\/319|[from] item: Leftovers
|-heal|p2a: Rotom-Wash|304\/304|[from] item: Leftovers
|turn|13
|
|switch|p1a: Scizor|Scizor, M|188\/281
|move|p2a: Rotom-Wash|Hydro Pump|p1a: Scizor
|-damage|p1a: Scizor|58\/281
|
|-weather|Sandstorm|[upkeep]
|-damage|p2a: Rotom-Wash|285\/304|[from] sandstorm
|-heal|p2a: Rotom-Wash|304\/304|[from] item: Leftovers
|-heal|p1a: Scizor|75\/281|[from] item: Leftovers
|turn|14
|
|move|p2a: Rotom-Wash|Hydro Pump|p1a: Scizor
|-damage|p1a: Scizor|0 fnt
|faint|p1a: Scizor
|
|-weather|Sandstorm|[upkeep]
|-damage|p2a: Rotom-Wash|285\/304|[from] sandstorm
|-heal|p2a: Rotom-Wash|304\/304|[from] item: Leftovers
|
|switch|p1a: Thundurus-Therian|Thundurus-Therian, M|299\/299
|turn|15
|
|move|p1a: Thundurus-Therian|Nasty Plot|p1a: Thundurus-Therian
|-boost|p1a: Thundurus-Therian|spa|2
|move|p2a: Rotom-Wash|Volt Switch|p1a: Thundurus-Therian
|-immune|p1a: Thundurus-Therian|[msg]
|
|-weather|none
|turn|16
|
|switch|p2a: Excadrill|Excadrill, M|325\/361
|move|p1a: Thundurus-Therian|Agility|p1a: Thundurus-Therian
|-boost|p1a: Thundurus-Therian|spe|2
|
|turn|17
|
|move|p1a: Thundurus-Therian|Hidden Power|p2a: Excadrill
|-damage|p2a: Excadrill|111\/361
|move|p2a: Excadrill|Rock Slide|p1a: Thundurus-Therian
|-supereffective|p1a: Thundurus-Therian
|-damage|p1a: Thundurus-Therian|0 fnt
|-damage|p2a: Excadrill|75\/361|[from] item: Life Orb
|faint|p1a: Thundurus-Therian
|
|
|switch|p1a: Landorus-Therian|Landorus-Therian, M|280\/319
|-ability|p1a: Landorus-Therian|Intimidate|[of] p2a: Excadrill
|-unboost|p2a: Excadrill|atk|1
|turn|18
|
|switch|p2a: Rotom-Wash|Rotom-Wash|304\/304
|move|p1a: Landorus-Therian|Swords Dance|p1a: Landorus-Therian
|-boost|p1a: Landorus-Therian|atk|2
|
|-heal|p1a: Landorus-Therian|299\/319|[from] item: Leftovers
|turn|19
|c|âjohnny tots|wow i hate dumb battlers
|
|move|p1a: Landorus-Therian|Stone Edge|p2a: Rotom-Wash
|-crit|p2a: Rotom-Wash
|-damage|p2a: Rotom-Wash|15\/304
|move|p2a: Rotom-Wash|Hydro Pump|p1a: Landorus-Therian|[miss]
|-miss|p2a: Rotom-Wash|p1a: Landorus-Therian
|
|-heal|p1a: Landorus-Therian|318\/319|[from] item: Leftovers
|-heal|p2a: Rotom-Wash|34\/304|[from] item: Leftovers
|turn|20
|c|âKratosSnake|lol
|
|move|p1a: Landorus-Therian|Stone Edge|p2a: Rotom-Wash
|-damage|p2a: Rotom-Wash|0 fnt
|faint|p2a: Rotom-Wash
|
|-heal|p1a: Landorus-Therian|319\/319|[from] item: Leftovers
|
|switch|p2a: Landorus|Landorus, M|320\/320
|turn|21
|c|âjohnny tots|haha thats what u get
|c|âKratosSnake|lost by hax
|
|move|p2a: Landorus|Psychic|p1a: Landorus-Therian
|-damage|p1a: Landorus-Therian|134\/319
|move|p1a: Landorus-Therian|Rock Polish|p1a: Landorus-Therian
|-boost|p1a: Landorus-Therian|spe|2
|
|-heal|p1a: Landorus-Therian|153\/319|[from] item: Leftovers
|turn|22
|
|move|p1a: Landorus-Therian|Stone Edge|p2a: Landorus|[miss]
|-miss|p1a: Landorus-Therian|p2a: Landorus
|move|p2a: Landorus|Psychic|p1a: Landorus-Therian
|-damage|p1a: Landorus-Therian|0 fnt
|faint|p1a: Landorus-Therian
|
|
|switch|p1a: Dragonite|Dragonite, F|263\/323
|turn|23
|
|move|p2a: Landorus|Psychic|p1a: Dragonite
|-crit|p1a: Dragonite
|-damage|p1a: Dragonite|17\/323
|move|p1a: Dragonite|Dragon Dance|p1a: Dragonite
|-boost|p1a: Dragonite|atk|1
|-boost|p1a: Dragonite|spe|1
|
|turn|24
|c|âKratosSnake|yes
|c|âjohnny tots|ur dumb
|c|âKratosSnake|make up early
|c|âjohnny tots|u dont even kno volt switch
|
|move|p1a: Dragonite|Ice Punch|p2a: Landorus
|-supereffective|p2a: Landorus
|-damage|p2a: Landorus|0 fnt
|faint|p2a: Landorus
|
|
|switch|p2a: Scizor|Scizor, M|343\/343
|turn|25
|
|detailschange|p2a: Scizor|Scizor-Mega, M
|message|Scizor has Mega Evolved into Mega Scizor!
|move|p2a: Scizor|Bullet Punch|p1a: Dragonite
|-damage|p1a: Dragonite|0 fnt
|faint|p1a: Dragonite
|
|win|KratosSnake
|raw|Ladder updating...
|raw|johnny tots's rating: 1610 &rarr; <strong>1587<\/strong><br \/>(-23 for losing)
|raw|KratosSnake's rating: 1558 &rarr; <strong>1581<\/strong><br \/>(+23 for winning)
|leave|johnny tots
|player|p1