|join|KratosSnake
|join|Snoopy Skellingbin
|player|p1|KratosSnake|159
|player|p2|Snoopy Skellingbin|217
|gametype|singles
|gen|6
|tier|OU
|rated
|clearpoke
|poke|p1|Bisharp, M
|poke|p1|Heatran, F
|poke|p1|Skarmory, M
|poke|p1|Amoonguss, F
|poke|p1|Gallade, M
|poke|p1|Clefable, F
|poke|p2|Tyranitar, M, shiny
|poke|p2|Ferrothorn, M
|poke|p2|Landorus-Therian, M
|poke|p2|Diancie
|poke|p2|Magnezone, shiny
|poke|p2|Excadrill, M
|rule|Swagger Clause: Swagger is banned
|rule|Baton Pass Clause: Limit one PokÃ©mon knowing Baton Pass
|rule|Sleep Clause Mod: Limit one foe put to sleep
|rule|Species Clause: Limit one of each PokÃ©mon
|rule|OHKO Clause: OHKO moves are banned
|rule|Moody Clause: Moody is banned
|rule|Evasion Moves Clause: Evasion moves are banned
|rule|Endless Battle Clause: Forcing endless battles is banned
|rule|HP Percentage Mod: HP is shown in percentages
|teampreview
|
|start
|switch|p1a: Scorpion|Heatran, F|324\/324
|switch|p2a: Dianshii|Diancie|241\/241
|-item|p1a: Scorpion|Air Balloon
|turn|1
|
|switch|p1a: Aeris Gainsborough|Amoonguss, F|432\/432
|detailschange|p2a: Dianshii|Diancie-Mega
|message|Diancie has Mega Evolved into Mega Diancie!
|move|p2a: Dianshii|Diamond Storm|p1a: Aeris Gainsborough
|-damage|p1a: Aeris Gainsborough|252\/432
|
|-heal|p1a: Aeris Gainsborough|279\/432|[from] item: Black Sludge
|turn|2
|
|switch|p2a: Ferro|Ferrothorn, M|352\/352
|switch|p1a: Lu Bu|Gallade, M|277\/277
|
|turn|3
|
|detailschange|p1a: Lu Bu|Gallade-Mega, M
|message|Gallade has Mega Evolved into Mega Gallade!
|move|p1a: Lu Bu|Knock Off|p2a: Ferro
|-damage|p2a: Ferro|265\/352
|-damage|p1a: Lu Bu|243\/277|[from] ability: Iron Barbs|[of] p2a: Ferro
|-enditem|p2a: Ferro|Leftovers|[from] move: Knock Off|[of] p1a: Lu Bu
|move|p2a: Ferro|Leech Seed|p1a: Lu Bu
|-start|p1a: Lu Bu|move: Leech Seed
|
|-damage|p1a: Lu Bu|209\/277|[from] Leech Seed|[of] p2a: Ferro
|-heal|p2a: Ferro|299\/352|[silent]
|turn|4
|
|switch|p1a: Scorpion|Heatran, F|324\/324
|-item|p1a: Scorpion|Air Balloon
|move|p2a: Ferro|Stealth Rock|p1a: Scorpion
|-sidestart|p1: KratosSnake|move: Stealth Rock
|
|turn|5
|
|move|p1a: Scorpion|Fire Blast|p2a: Ferro|[miss]
|-miss|p1a: Scorpion|p2a: Ferro
|move|p2a: Ferro|Leech Seed|p1a: Scorpion
|-start|p1a: Scorpion|move: Leech Seed
|
|-damage|p1a: Scorpion|284\/324|[from] Leech Seed|[of] p2a: Ferro
|-heal|p2a: Ferro|339\/352|[silent]
|turn|6
|
|switch|p2a: Tyra|Tyranitar, M, shiny|341\/341
|-weather|Sandstorm
|move|p1a: Scorpion|Fire Blast|p2a: Tyra
|-resisted|p2a: Tyra
|-damage|p2a: Tyra|284\/341
|
|-weather|Sandstorm|[upkeep]
|-damage|p1a: Scorpion|244\/324|[from] Leech Seed|[of] p2a: Tyra
|-heal|p2a: Tyra|324\/341|[silent]
|turn|7
|
|move|p1a: Scorpion|Stealth Rock|p2a: Tyra
|-sidestart|p2: Snoopy Skellingbin|move: Stealth Rock
|move|p2a: Tyra|Pursuit|p1a: Scorpion
|-damage|p1a: Scorpion|168\/324
|-enditem|p1a: Scorpion|Air Balloon
|
|-weather|Sandstorm|[upkeep]
|-damage|p1a: Scorpion|128\/324|[from] Leech Seed|[of] p2a: Tyra
|-heal|p2a: Tyra|341\/341|[silent]
|turn|8
|
|switch|p1a: Lu Bu|Gallade-Mega, M|209\/277
|-damage|p1a: Lu Bu|192\/277|[from] Stealth Rock
|move|p2a: Tyra|Stone Edge|p1a: Lu Bu
|-crit|p1a: Lu Bu
|-resisted|p1a: Lu Bu
|-damage|p1a: Lu Bu|55\/277
|
|-weather|Sandstorm|[upkeep]
|-damage|p1a: Lu Bu|38\/277|[from] sandstorm
|turn|9
|
|switch|p2a: Lando|Landorus-Therian, M|320\/320
|-damage|p2a: Lando|280\/320|[from] Stealth Rock
|-ability|p2a: Lando|Intimidate|[of] p1a: Lu Bu
|-unboost|p1a: Lu Bu|atk|1
|move|p1a: Lu Bu|Close Combat|p2a: Lando
|-resisted|p2a: Lando
|-damage|p2a: Lando|187\/320
|-unboost|p1a: Lu Bu|def|1
|-unboost|p1a: Lu Bu|spd|1
|
|-weather|Sandstorm|[upkeep]
|-damage|p1a: Lu Bu|21\/277|[from] sandstorm
|turn|10
|
|move|p2a: Lando|U-turn|p1a: Lu Bu
|-damage|p1a: Lu Bu|0 fnt
|faint|p1a: Lu Bu
|
|switch|p2a: Zone|Magnezone, shiny|282\/282
|-damage|p2a: Zone|265\/282|[from] Stealth Rock
|
|-weather|Sandstorm|[upkeep]
|
|switch|p1a: Scorpion|Heatran, F|128\/324
|-damage|p1a: Scorpion|88\/324|[from] Stealth Rock
|turn|11
|
|move|p2a: Zone|Volt Switch|p1a: Scorpion
|-damage|p1a: Scorpion|0 fnt
|faint|p1a: Scorpion
|
|switch|p2a: Drill|Excadrill, M|362\/362
|-damage|p2a: Drill|351\/362|[from] Stealth Rock
|-item|p2a: Drill|Air Balloon
|
|-weather|Sandstorm|[upkeep]
|
|switch|p1a: Yoshimitsu|Bisharp, M|272\/272
|-damage|p1a: Yoshimitsu|255\/272|[from] Stealth Rock
|turn|12
|
|switch|p1a: Metal Gear Rex|Skarmory, M|334\/334
|-damage|p1a: Metal Gear Rex|293\/334|[from] Stealth Rock
|move|p2a: Drill|Earthquake|p1a: Metal Gear Rex
|-immune|p1a: Metal Gear Rex|[msg]
|
|-weather|Sandstorm|[upkeep]
|turn|13
|
|switch|p2a: Ferro|Ferrothorn, M|339\/352
|-damage|p2a: Ferro|317\/352|[from] Stealth Rock
|move|p1a: Metal Gear Rex|Spikes|p2a: Ferro
|-sidestart|p2: Snoopy Skellingbin|Spikes
|
|-weather|none
|turn|14
|
|switch|p1a: Claire Redfield|Clefable, F|394\/394
|move|p2a: Ferro|Leech Seed|p1a: Claire Redfield
|-start|p1a: Claire Redfield|move: Leech Seed
|
|turn|15
|
|switch|p2a: Tyra|Tyranitar, M, shiny|341\/341
|-damage|p2a: Tyra|299\/341|[from] Stealth Rock
|-damage|p2a: Tyra|257\/341|[from] Spikes
|-weather|Sandstorm
|move|p1a: Claire Redfield|Flamethrower|p2a: Tyra
|-resisted|p2a: Tyra
|-damage|p2a: Tyra|237\/341
|
|-weather|Sandstorm|[upkeep]
|turn|16
|
|switch|p2a: Zone|Magnezone, shiny|265\/282
|-damage|p2a: Zone|230\/282|[from] Spikes
|-damage|p2a: Zone|213\/282|[from] Stealth Rock
|move|p1a: Claire Redfield|Calm Mind|p1a: Claire Redfield
|-boost|p1a: Claire Redfield|spa|1
|-boost|p1a: Claire Redfield|spd|1
|
|-weather|Sandstorm|[upkeep]
|turn|17
|
|move|p2a: Zone|Flash Cannon|p1a: Claire Redfield
|-supereffective|p1a: Claire Redfield
|-damage|p1a: Claire Redfield|226\/394
|move|p1a: Claire Redfield|Flamethrower|p2a: Zone
|-supereffective|p2a: Zone
|-damage|p2a: Zone|1\/282
|
|-weather|Sandstorm|[upkeep]
|-heal|p1a: Claire Redfield|250\/394|[from] item: Leftovers
|turn|18
|
|switch|p2a: Drill|Excadrill, M|351\/362
|-damage|p2a: Drill|340\/362|[from] Stealth Rock
|-item|p2a: Drill|Air Balloon
|move|p1a: Claire Redfield|Flamethrower|p2a: Drill
|-supereffective|p2a: Drill
|-damage|p2a: Drill|36\/362
|-enditem|p2a: Drill|Air Balloon
|
|-weather|Sandstorm|[upkeep]
|-heal|p1a: Claire Redfield|274\/394|[from] item: Leftovers
|turn|19
|
|switch|p1a: Metal Gear Rex|Skarmory, M|293\/334
|-damage|p1a: Metal Gear Rex|252\/334|[from] Stealth Rock
|move|p2a: Drill|Iron Head|p1a: Metal Gear Rex
|-resisted|p1a: Metal Gear Rex
|-damage|p1a: Metal Gear Rex|205\/334
|-damage|p2a: Drill|0 fnt|[from] item: Rocky Helmet|[of] p1a: Metal Gear Rex
|faint|p2a: Drill
|
|-weather|Sandstorm|[upkeep]
|
|switch|p2a: Dianshii|Diancie-Mega|241\/241
|-damage|p2a: Dianshii|211\/241|[from] Stealth Rock
|-damage|p2a: Dianshii|181\/241|[from] Spikes
|turn|20
|
|switch|p1a: Aeris Gainsborough|Amoonguss, F|423\/432
|-damage|p1a: Aeris Gainsborough|369\/432|[from] Stealth Rock
|move|p2a: Dianshii|Rock Polish|p2a: Dianshii
|-boost|p2a: Dianshii|spe|2
|
|-weather|Sandstorm|[upkeep]
|-damage|p1a: Aeris Gainsborough|342\/432|[from] sandstorm
|-heal|p1a: Aeris Gainsborough|369\/432|[from] item: Black Sludge
|turn|21
|
|move|p2a: Dianshii|Earth Power|p1a: Aeris Gainsborough
|-damage|p1a: Aeris Gainsborough|228\/432
|move|p1a: Aeris Gainsborough|Giga Drain|p2a: Dianshii
|-supereffective|p2a: Dianshii
|-damage|p2a: Dianshii|73\/241
|-heal|p1a: Aeris Gainsborough|282\/432|[from] drain|[of] p2a: Dianshii
|
|-weather|Sandstorm|[upkeep]
|-damage|p1a: Aeris Gainsborough|255\/432|[from] sandstorm
|-heal|p1a: Aeris Gainsborough|282\/432|[from] item: Black Sludge
|turn|22
|
|move|p2a: Dianshii|Diamond Storm|p1a: Aeris Gainsborough
|-damage|p1a: Aeris Gainsborough|80\/432
|move|p1a: Aeris Gainsborough|Giga Drain|p2a: Dianshii
|-crit|p2a: Dianshii
|-supereffective|p2a: Dianshii
|-damage|p2a: Dianshii|0 fnt
|-heal|p1a: Aeris Gainsborough|117\/432|[from] drain|[of] p2a: Dianshii
|faint|p2a: Dianshii
|
|-weather|none
|-heal|p1a: Aeris Gainsborough|144\/432|[from] item: Black Sludge
|
|switch|p2a: Lando|Landorus-Therian, M|187\/320
|-damage|p2a: Lando|147\/320|[from] Stealth Rock
|-ability|p2a: Lando|Intimidate|[of] p1a: Aeris Gainsborough
|-unboost|p1a: Aeris Gainsborough|atk|1
|turn|23
|-message|Snoopy Skellingbin forfeited.
|
|win|KratosSnake
|raw|Ladder updating...
|leave|Snoopy Skellingbin
|player|p2
|raw|KratosSnake's rating: 1746 &rarr; <strong>1758<\/strong><br \/>(+12 for winning)
|raw|Snoopy Skellingbin's rating: 1609 &rarr; <strong>1597<\/strong><br \/>(-12 for losing)