|join|JiaShengz
|join|KratosSnake
|player|p1|JiaShengz|265
|player|p2|KratosSnake|159
|gametype|singles
|gen|6
|tier|OU
|rated
|clearpoke
|poke|p1|Sableye, M
|poke|p1|Heatran, F
|poke|p1|Tentacruel, F
|poke|p1|Chesnaught, F
|poke|p1|Chansey, F
|poke|p1|Clefable, F
|poke|p2|Skarmory, M, shiny
|poke|p2|Greninja, M
|poke|p2|Thundurus, M
|poke|p2|Ditto, shiny
|poke|p2|Keldeo-Resolute
|poke|p2|Metagross, shiny
|rule|Swagger Clause: Swagger is banned
|rule|Baton Pass Clause: Limit one PokÃ©mon knowing Baton Pass
|rule|Sleep Clause Mod: Limit one foe put to sleep
|rule|Species Clause: Limit one of each PokÃ©mon
|rule|OHKO Clause: OHKO moves are banned
|rule|Moody Clause: Moody is banned
|rule|Evasion Moves Clause: Evasion moves are banned
|rule|Endless Battle Clause: Forcing endless battles is banned
|rule|HP Percentage Mod: HP is shown in percentages
|teampreview
|
|start
|switch|p1a: Sableye|Sableye, M|304\/304
|switch|p2a: Poseidon|Keldeo-Resolute|323\/323
|turn|1
|
|switch|p1a: Tentacruel|Tentacruel, F|361\/361
|move|p2a: Poseidon|Scald|p1a: Tentacruel
|-resisted|p1a: Tentacruel
|-damage|p1a: Tentacruel|265\/361
|
|-heal|p1a: Tentacruel|287\/361|[from] item: Black Sludge
|turn|2
|
|switch|p2a: Zeus|Thundurus, M|298\/298
|move|p1a: Tentacruel|Toxic Spikes|p2a: Zeus
|-sidestart|p2: KratosSnake|move: Toxic Spikes
|
|-heal|p1a: Tentacruel|309\/361|[from] item: Black Sludge
|turn|3
|
|switch|p1a: Chansey|Chansey, F|703\/703
|move|p2a: Zeus|Knock Off|p1a: Chansey
|-damage|p1a: Chansey|557\/703
|-enditem|p1a: Chansey|Eviolite|[from] move: Knock Off|[of] p2a: Zeus
|-damage|p2a: Zeus|269\/298|[from] item: Life Orb
|
|turn|4
|
|switch|p2a: Arsenal Gear|Metagross, shiny|301\/301
|move|p1a: Chansey|Wish|p1a: Chansey
|
|turn|5
|
|switch|p1a: Sableye|Sableye, M|304\/304
|detailschange|p2a: Arsenal Gear|Metagross-Mega, shiny
|message|Metagross has Mega Evolved into Mega Metagross!
|move|p2a: Arsenal Gear|Zen Headbutt|p1a: Sableye
|-immune|p1a: Sableye|[msg]
|
|turn|6
|
|switch|p2a: Zeus|Thundurus, M|269\/298
|move|p1a: Sableye|Will-O-Wisp|p2a: Zeus
|-status|p2a: Zeus|brn
|
|-damage|p2a: Zeus|232\/298 brn|[from] brn
|turn|7
|
|move|p2a: Zeus|Thunderbolt|p1a: Sableye
|-damage|p1a: Sableye|43\/304
|-damage|p2a: Zeus|203\/298 brn|[from] item: Life Orb
|move|p1a: Sableye|Knock Off|p2a: Zeus
|-damage|p2a: Zeus|71\/298 brn
|-enditem|p2a: Zeus|Life Orb|[from] move: Knock Off|[of] p1a: Sableye
|
|-damage|p2a: Zeus|34\/298 brn|[from] brn
|turn|8
|
|switch|p1a: Clefable|Clefable, F|394\/394
|move|p2a: Zeus|Thunderbolt|p1a: Clefable
|-damage|p1a: Clefable|220\/394
|
|-heal|p1a: Clefable|244\/394|[from] item: Leftovers
|-damage|p2a: Zeus|0 fnt|[from] brn
|faint|p2a: Zeus
|
|switch|p2a: Arsenal Gear|Metagross-Mega, shiny|301\/301
|turn|9
|
|move|p1a: Clefable|Protect|p1a: Clefable
|-singleturn|p1a: Clefable|Protect
|move|p2a: Arsenal Gear|Meteor Mash|p1a: Clefable
|-activate|p1a: Clefable|Protect
|
|-heal|p1a: Clefable|268\/394|[from] item: Leftovers
|turn|10
|
|move|p1a: Clefable|Protect|p1a: Clefable
|-fail|p1a: Clefable
|move|p2a: Arsenal Gear|Meteor Mash|p1a: Clefable
|-supereffective|p1a: Clefable
|-damage|p1a: Clefable|0 fnt
|faint|p1a: Clefable
|
|
|switch|p1a: Sableye|Sableye, M|43\/304
|turn|11
|
|switch|p2a: Poseidon|Keldeo-Resolute|323\/323
|-status|p2a: Poseidon|psn
|move|p1a: Sableye|Will-O-Wisp|p2a: Poseidon|[miss]
|-miss|p1a: Sableye|p2a: Poseidon
|
|-damage|p2a: Poseidon|283\/323 psn|[from] psn
|turn|12
|
|switch|p1a: Chesnaught|Chesnaught, F|380\/380
|move|p2a: Poseidon|Scald|p1a: Chesnaught
|-resisted|p1a: Chesnaught
|-damage|p1a: Chesnaught|236\/380
|
|-heal|p1a: Chesnaught|259\/380|[from] item: Leftovers
|-damage|p2a: Poseidon|243\/323 psn|[from] psn
|turn|13
|
|switch|p2a: Metal Gear Ray|Skarmory, M, shiny|334\/334
|move|p1a: Chesnaught|Spikes|p2a: Metal Gear Ray
|-sidestart|p2: KratosSnake|Spikes
|
|-heal|p1a: Chesnaught|282\/380|[from] item: Leftovers
|turn|14
|
|switch|p2a: Arsenal Gear|Metagross-Mega, shiny|301\/301
|-damage|p2a: Arsenal Gear|264\/301|[from] Spikes
|switch|p1a: Heatran|Heatran, F|386\/386
|
|turn|15
|
|switch|p1a: Tentacruel|Tentacruel, F|309\/361
|move|p2a: Arsenal Gear|Earthquake|p1a: Tentacruel
|-supereffective|p1a: Tentacruel
|-damage|p1a: Tentacruel|49\/361
|
|-heal|p1a: Tentacruel|71\/361|[from] item: Black Sludge
|turn|16
|
|move|p2a: Arsenal Gear|Earthquake|p1a: Tentacruel
|-supereffective|p1a: Tentacruel
|-damage|p1a: Tentacruel|0 fnt
|faint|p1a: Tentacruel
|
|
|switch|p1a: Sableye|Sableye, M|43\/304
|turn|17
|
|move|p1a: Sableye|Recover|p1a: Sableye
|-heal|p1a: Sableye|195\/304
|move|p2a: Arsenal Gear|Meteor Mash|p1a: Sableye
|-damage|p1a: Sableye|2\/304
|
|turn|18
|
|move|p1a: Sableye|Recover|p1a: Sableye
|-heal|p1a: Sableye|154\/304
|move|p2a: Arsenal Gear|Meteor Mash|p1a: Sableye
|-damage|p1a: Sableye|0 fnt
|-boost|p2a: Arsenal Gear|atk|1
|faint|p1a: Sableye
|
|
|switch|p1a: Chesnaught|Chesnaught, F|282\/380
|turn|19
|c|âKratosSnake|yes
|
|move|p1a: Chesnaught|Spiky Shield|p1a: Chesnaught
|-singleturn|p1a: Chesnaught|move: Protect
|move|p2a: Arsenal Gear|Zen Headbutt|p1a: Chesnaught
|-activate|p1a: Chesnaught|move: Protect
|-damage|p2a: Arsenal Gear|227\/301|[from] Spiky Shield|[of] p1a: Chesnaught
|
|-heal|p1a: Chesnaught|305\/380|[from] item: Leftovers
|turn|20
|
|switch|p1a: Chansey|Chansey, F|557\/703
|move|p2a: Arsenal Gear|Zen Headbutt|p1a: Chansey
|-damage|p1a: Chansey|0 fnt
|faint|p1a: Chansey
|
|
|switch|p1a: Chesnaught|Chesnaught, F|305\/380
|turn|21
|
|move|p1a: Chesnaught|Spiky Shield|p1a: Chesnaught
|-singleturn|p1a: Chesnaught|move: Protect
|move|p2a: Arsenal Gear|Zen Headbutt|p1a: Chesnaught
|-activate|p1a: Chesnaught|move: Protect
|-damage|p2a: Arsenal Gear|190\/301|[from] Spiky Shield|[of] p1a: Chesnaught
|
|-heal|p1a: Chesnaught|328\/380|[from] item: Leftovers
|turn|22
|
|move|p2a: Arsenal Gear|Earthquake|p1a: Chesnaught
|-resisted|p1a: Chesnaught
|-damage|p1a: Chesnaught|272\/380
|move|p1a: Chesnaught|Leech Seed|p2a: Arsenal Gear
|-start|p2a: Arsenal Gear|move: Leech Seed
|
|-heal|p1a: Chesnaught|295\/380|[from] item: Leftovers
|-damage|p2a: Arsenal Gear|153\/301|[from] Leech Seed|[of] p1a: Chesnaught
|-heal|p1a: Chesnaught|332\/380|[silent]
|turn|23
|
|switch|p2a: Metal Gear Ray|Skarmory, M, shiny|334\/334
|move|p1a: Chesnaught|Spiky Shield|p1a: Chesnaught
|-fail|p1a: Chesnaught
|
|-heal|p1a: Chesnaught|355\/380|[from] item: Leftovers
|turn|24
|
|switch|p1a: Heatran|Heatran, F|386\/386
|move|p2a: Metal Gear Ray|Taunt|p1a: Heatran
|-start|p1a: Heatran|move: Taunt
|
|turn|25
|
|move|p2a: Metal Gear Ray|Stealth Rock|p1a: Heatran
|-sidestart|p1: JiaShengz|move: Stealth Rock
|move|p1a: Heatran|Lava Plume|p2a: Metal Gear Ray
|-supereffective|p2a: Metal Gear Ray
|-damage|p2a: Metal Gear Ray|14\/334
|
|turn|26
|
|switch|p1a: Chesnaught|Chesnaught, F|355\/380
|-damage|p1a: Chesnaught|332\/380|[from] Stealth Rock
|move|p2a: Metal Gear Ray|Spikes|p1a: Chesnaught
|-sidestart|p1: JiaShengz|Spikes
|
|-heal|p1a: Chesnaught|355\/380|[from] item: Leftovers
|turn|27
|
|move|p2a: Metal Gear Ray|Taunt|p1a: Chesnaught
|-start|p1a: Chesnaught|move: Taunt
|cant|p1a: Chesnaught|move: Taunt|Spikes
|
|-heal|p1a: Chesnaught|378\/380|[from] item: Leftovers
|turn|28
|
|move|p2a: Metal Gear Ray|Spikes|p1a: Chesnaught
|-sidestart|p1: JiaShengz|Spikes
|move|p1a: Chesnaught|Drain Punch|p2a: Metal Gear Ray
|-damage|p2a: Metal Gear Ray|0 fnt
|-heal|p1a: Chesnaught|380\/380|[from] drain|[of] p2a: Metal Gear Ray
|faint|p2a: Metal Gear Ray
|
|
|switch|p2a: Arsenal Gear|Metagross-Mega, shiny|153\/301
|-damage|p2a: Arsenal Gear|116\/301|[from] Spikes
|turn|29
|
|switch|p1a: Heatran|Heatran, F|386\/386
|-damage|p1a: Heatran|322\/386|[from] Spikes
|-damage|p1a: Heatran|274\/386|[from] Stealth Rock
|move|p2a: Arsenal Gear|Earthquake|p1a: Heatran
|-supereffective|p1a: Heatran
|-damage|p1a: Heatran|0 fnt
|faint|p1a: Heatran
|
|c|âKratosSnake|gg
|
|switch|p1a: Chesnaught|Chesnaught, F|380\/380
|-damage|p1a: Chesnaught|357\/380|[from] Stealth Rock
|-damage|p1a: Chesnaught|294\/380|[from] Spikes
|turn|30
|c|âJiaShengz|gg
|c|âKratosSnake|2 time gross beat u
|
|move|p1a: Chesnaught|Spiky Shield|p1a: Chesnaught
|-singleturn|p1a: Chesnaught|move: Protect
|move|p2a: Arsenal Gear|Zen Headbutt|p1a: Chesnaught
|-activate|p1a: Chesnaught|move: Protect
|-damage|p2a: Arsenal Gear|79\/301|[from] Spiky Shield|[of] p1a: Chesnaught
|
|-heal|p1a: Chesnaught|317\/380|[from] item: Leftovers
|turn|31
|
|move|p2a: Arsenal Gear|Zen Headbutt|p1a: Chesnaught
|-supereffective|p1a: Chesnaught
|-damage|p1a: Chesnaught|81\/380
|move|p1a: Chesnaught|Leech Seed|p2a: Arsenal Gear
|-start|p2a: Arsenal Gear|move: Leech Seed
|
|-heal|p1a: Chesnaught|104\/380|[from] item: Leftovers
|-damage|p2a: Arsenal Gear|42\/301|[from] Leech Seed|[of] p1a: Chesnaught
|-heal|p1a: Chesnaught|141\/380|[silent]
|turn|32
|
|switch|p2a: Poseidon|Keldeo-Resolute|243\/323 psn
|-damage|p2a: Poseidon|203\/323 psn|[from] Spikes
|move|p1a: Chesnaught|Drain Punch|p2a: Poseidon
|-damage|p2a: Poseidon|104\/323 psn
|-heal|p1a: Chesnaught|191\/380|[from] drain|[of] p2a: Poseidon
|
|-heal|p1a: Chesnaught|214\/380|[from] item: Leftovers
|-damage|p2a: Poseidon|64\/323 psn|[from] psn
|turn|33
|
|move|p1a: Chesnaught|Spiky Shield|p1a: Chesnaught
|-singleturn|p1a: Chesnaught|move: Protect
|move|p2a: Poseidon|Secret Sword|p1a: Chesnaught
|-activate|p1a: Chesnaught|move: Protect
|
|-heal|p1a: Chesnaught|237\/380|[from] item: Leftovers
|-damage|p2a: Poseidon|24\/323 psn|[from] psn
|turn|34
|
|move|p2a: Poseidon|Secret Sword|p1a: Chesnaught
|-damage|p1a: Chesnaught|90\/380
|move|p1a: Chesnaught|Spikes|p2a: Poseidon
|-sidestart|p2: KratosSnake|Spikes
|
|-heal|p1a: Chesnaught|113\/380|[from] item: Leftovers
|-damage|p2a: Poseidon|0 fnt|[from] psn
|faint|p2a: Poseidon
|
|switch|p2a: Gray Fox|Greninja, M|286\/286
|-damage|p2a: Gray Fox|239\/286|[from] Spikes
|-status|p2a: Gray Fox|psn
|turn|35
|
|move|p1a: Chesnaught|Spiky Shield|p1a: Chesnaught
|-singleturn|p1a: Chesnaught|move: Protect
|move|p2a: Gray Fox|Ice Beam|p1a: Chesnaught
|-start|p2a: Gray Fox|typechange|Ice|[from] Protean
|-activate|p1a: Chesnaught|move: Protect
|
|-heal|p1a: Chesnaught|136\/380|[from] item: Leftovers
|-damage|p2a: Gray Fox|204\/286 psn|[from] psn
|turn|36
|
|move|p1a: Chesnaught|Spiky Shield|p1a: Chesnaught
|-singleturn|p1a: Chesnaught|move: Protect
|move|p2a: Gray Fox|Ice Beam|p1a: Chesnaught
|-activate|p1a: Chesnaught|move: Protect
|
|-heal|p1a: Chesnaught|159\/380|[from] item: Leftovers
|-damage|p2a: Gray Fox|169\/286 psn|[from] psn
|turn|37
|
|move|p1a: Chesnaught|Spiky Shield|p1a: Chesnaught
|-singleturn|p1a: Chesnaught|move: Protect
|move|p2a: Gray Fox|Ice Beam|p1a: Chesnaught
|-activate|p1a: Chesnaught|move: Protect
|
|-heal|p1a: Chesnaught|182\/380|[from] item: Leftovers
|-damage|p2a: Gray Fox|134\/286 psn|[from] psn
|turn|38
|
|move|p1a: Chesnaught|Spiky Shield|p1a: Chesnaught
|-fail|p1a: Chesnaught
|move|p2a: Gray Fox|Ice Beam|p1a: Chesnaught
|-supereffective|p1a: Chesnaught
|-damage|p1a: Chesnaught|0 fnt
|-damage|p2a: Gray Fox|106\/286 psn|[from] item: Life Orb
|faint|p1a: Chesnaught
|
|win|KratosSnake
|raw|Ladder updating...
|raw|JiaShengz's rating: 1683 &rarr; <strong>1665<\/strong><br \/>(-18 for losing)
|raw|KratosSnake's rating: 1728 &rarr; <strong>1746<\/strong><br \/>(+18 for winning)
|leave|JiaShengz
|player|p1