|join|KratosSnake
|join|angelOmike
|player|p1|KratosSnake|159
|player|p2|angelOmike|170
|gametype|singles
|gen|6
|tier|OU
|rated
|clearpoke
|poke|p1|Bisharp, M
|poke|p1|Heatran, M
|poke|p1|Chansey, F
|poke|p1|Skarmory, F
|poke|p1|Amoonguss, F
|poke|p1|Medicham, F, shiny
|poke|p2|Slowbro, M
|poke|p2|Garchomp, M
|poke|p2|Diggersby, F
|poke|p2|Gardevoir, M
|poke|p2|Gengar, M
|poke|p2|Magnezone
|rule|Swagger Clause: Swagger is banned
|rule|Baton Pass Clause: Limit one PokÃ©mon knowing Baton Pass
|rule|Sleep Clause Mod: Limit one foe put to sleep
|rule|Species Clause: Limit one of each PokÃ©mon
|rule|OHKO Clause: OHKO moves are banned
|rule|Moody Clause: Moody is banned
|rule|Evasion Moves Clause: Evasion moves are banned
|rule|Endless Battle Clause: Forcing endless battles is banned
|rule|HP Percentage Mod: HP is shown in percentages
|teampreview
|
|start
|switch|p1a: Sabrina|Medicham, F, shiny|265\/265
|switch|p2a: Magnezone|Magnezone|281\/281
|turn|1
|
|switch|p2a: Slowbro|Slowbro, M|389\/389
|detailschange|p1a: Sabrina|Medicham-Mega, F, shiny
|message|Medicham has Mega Evolved into Mega Medicham!
|move|p1a: Sabrina|Fake Out|p2a: Slowbro
|-damage|p2a: Slowbro|332\/389
|
|-heal|p2a: Slowbro|356\/389|[from] item: Leftovers
|turn|2
|
|switch|p1a: Mushroom|Amoonguss, F|432\/432
|switch|p2a: Gardevoir|Gardevoir, M|277\/277
|-ability|p2a: Gardevoir|Regenerator|[from] ability: Trace|[of] p1a: Mushroom
|
|turn|3
|
|detailschange|p2a: Gardevoir|Gardevoir-Mega, M
|message|Gardevoir has Mega Evolved into Mega Gardevoir!
|move|p2a: Gardevoir|Psyshock|p1a: Mushroom
|-supereffective|p1a: Mushroom
|-damage|p1a: Mushroom|60\/432
|move|p1a: Mushroom|Spore|p2a: Gardevoir
|-status|p2a: Gardevoir|slp
|
|-heal|p1a: Mushroom|87\/432|[from] item: Black Sludge
|turn|4
|
|switch|p1a: Hotshot|Heatran, M|324\/324
|-item|p1a: Hotshot|Air Balloon
|cant|p2a: Gardevoir|slp
|
|turn|5
|
|cant|p2a: Gardevoir|slp
|move|p1a: Hotshot|Stealth Rock|p2a: Gardevoir
|-sidestart|p2: angelOmike|move: Stealth Rock
|
|turn|6
|
|-curestatus|p2a: Gardevoir|slp
|move|p2a: Gardevoir|Focus Blast|p1a: Hotshot
|-supereffective|p1a: Hotshot
|-damage|p1a: Hotshot|0 fnt
|-enditem|p1a: Hotshot|Air Balloon
|faint|p1a: Hotshot
|
|
|switch|p1a: Sabrina|Medicham-Mega, F, shiny|265\/265
|turn|7
|
|switch|p2a: Slowbro|Slowbro, M|389\/389
|-damage|p2a: Slowbro|341\/389|[from] Stealth Rock
|move|p1a: Sabrina|Fake Out|p2a: Slowbro
|-damage|p2a: Slowbro|285\/389
|
|-heal|p2a: Slowbro|309\/389|[from] item: Leftovers
|turn|8
|
|switch|p2a: Diggersby|Diggersby, F|309\/309
|-damage|p2a: Diggersby|290\/309|[from] Stealth Rock
|move|p1a: Sabrina|Ice Punch|p2a: Diggersby
|-supereffective|p2a: Diggersby
|-damage|p2a: Diggersby|0 fnt
|faint|p2a: Diggersby
|
|c|âangelOmike|omg
|
|switch|p2a: Gengar|Gengar, M|259\/259
|-damage|p2a: Gengar|227\/259|[from] Stealth Rock
|turn|9
|c|âangelOmike|random noobs are real
|
|switch|p1a: Sharpnxggia|Bisharp, M|272\/272
|move|p2a: Gengar|Shadow Ball|p1a: Sharpnxggia
|-resisted|p1a: Sharpnxggia
|-damage|p1a: Sharpnxggia|156\/272
|-damage|p2a: Gengar|202\/259|[from] item: Life Orb
|
|-heal|p1a: Sharpnxggia|173\/272|[from] item: Leftovers
|turn|10
|
|move|p1a: Sharpnxggia|Sucker Punch|p2a: Gengar
|-supereffective|p2a: Gengar
|-damage|p2a: Gengar|0 fnt
|faint|p2a: Gengar
|
|-heal|p1a: Sharpnxggia|190\/272|[from] item: Leftovers
|c|âangelOmike|aahahhaahhaah
|c|âangelOmike|fucking noob
|
|switch|p2a: Magnezone|Magnezone|281\/281
|-damage|p2a: Magnezone|264\/281|[from] Stealth Rock
|turn|11
|
|move|p1a: Sharpnxggia|Sucker Punch|p2a: Magnezone
|-damage|p2a: Magnezone|123\/281
|move|p2a: Magnezone|Hidden Power|p1a: Sharpnxggia
|-supereffective|p1a: Sharpnxggia
|-damage|p1a: Sharpnxggia|14\/272
|
|-heal|p1a: Sharpnxggia|31\/272|[from] item: Leftovers
|turn|12
|
|move|p1a: Sharpnxggia|Sucker Punch|p2a: Magnezone
|-damage|p2a: Magnezone|0 fnt
|faint|p2a: Magnezone
|
|-heal|p1a: Sharpnxggia|48\/272|[from] item: Leftovers
|c|âangelOmike|dude
|c|âangelOmike|be smart
|
|switch|p2a: Garchomp|Garchomp, M|357\/357
|-damage|p2a: Garchomp|335\/357|[from] Stealth Rock
|turn|13
|c|âangelOmike|bah fuck off
|
|switch|p1a: Healer|Chansey, F|704\/704
|move|p2a: Garchomp|Swords Dance|p2a: Garchomp
|-boost|p2a: Garchomp|atk|2
|
|turn|14
|c|âangelOmike|dont wanna waste my time speaking with a noob
|
|switch|p1a: Skarm|Skarmory, F|334\/334
|move|p2a: Garchomp|Swords Dance|p2a: Garchomp
|-boost|p2a: Garchomp|atk|2
|
|turn|15
|
|move|p2a: Garchomp|Swords Dance|p2a: Garchomp
|-boost|p2a: Garchomp|atk|2
|move|p1a: Skarm|Whirlwind|p2a: Garchomp
|drag|p2a: Gardevoir|Gardevoir-Mega, M|277\/277
|-damage|p2a: Gardevoir|243\/277|[from] Stealth Rock
|
|turn|16
|c|âangelOmike|:]
|
|switch|p1a: Healer|Chansey, F|704\/704
|move|p2a: Gardevoir|Focus Blast|p1a: Healer
|-supereffective|p1a: Healer
|-damage|p1a: Healer|486\/704
|
|turn|17
|c|âangelOmike|learn to use semi stall
|
|switch|p2a: Garchomp|Garchomp, M|335\/357
|-damage|p2a: Garchomp|313\/357|[from] Stealth Rock
|move|p1a: Healer|Thunder Wave|p2a: Garchomp
|-immune|p2a: Garchomp|[msg]
|
|turn|18
|
|switch|p1a: Skarm|Skarmory, F|334\/334
|move|p2a: Garchomp|Swords Dance|p2a: Garchomp
|-boost|p2a: Garchomp|atk|2
|
|turn|19
|
|move|p2a: Garchomp|Dragon Claw|p1a: Skarm
|-resisted|p1a: Skarm
|-damage|p1a: Skarm|259\/334
|-damage|p2a: Garchomp|254\/357|[from] item: Rocky Helmet|[of] p1a: Skarm
|move|p1a: Skarm|Spikes|p2a: Garchomp
|-sidestart|p2: angelOmike|Spikes
|
|turn|20
|c|âKratosSnake|rank higher than you talk shit you going on world star  
|
|move|p2a: Garchomp|Dragon Claw|p1a: Skarm
|-resisted|p1a: Skarm
|-damage|p1a: Skarm|178\/334
|-damage|p2a: Garchomp|195\/357|[from] item: Rocky Helmet|[of] p1a: Skarm
|move|p1a: Skarm|Whirlwind|p2a: Garchomp
|drag|p2a: Slowbro|Slowbro, M|389\/389
|-damage|p2a: Slowbro|341\/389|[from] Spikes
|-damage|p2a: Slowbro|293\/389|[from] Stealth Rock
|
|-heal|p2a: Slowbro|317\/389|[from] item: Leftovers
|turn|21
|
|move|p1a: Skarm|Roost|p1a: Skarm
|-heal|p1a: Skarm|334\/334
|move|p2a: Slowbro|Fire Blast|p1a: Skarm|[miss]
|-miss|p2a: Slowbro|p1a: Skarm
|
|-heal|p2a: Slowbro|341\/389|[from] item: Leftovers
|turn|22
|
|switch|p1a: Healer|Chansey, F|486\/704
|move|p2a: Slowbro|Fire Blast|p1a: Healer
|-damage|p1a: Healer|428\/704
|
|-heal|p2a: Slowbro|365\/389|[from] item: Leftovers
|turn|23
|-message|angelOmike forfeited.
|
|win|KratosSnake
|raw|Ladder updating...
|leave|angelOmike
|player|p2
|raw|KratosSnake's rating: 1891 &rarr; <strong>1899<\/strong><br \/>(+8 for winning)
|raw|angelOmike's rating: 1641 &rarr; <strong>1634<\/strong><br \/>(-7 for losing)