|join|ferst imo
|join|KratosSnake
|player|p1|ferst imo|137
|player|p2|KratosSnake|159
|gametype|singles
|gen|6
|tier|OU
|rated
|clearpoke
|poke|p1|Garchomp, M
|poke|p1|Bisharp, M
|poke|p1|Keldeo
|poke|p1|Metagross
|poke|p1|Landorus-Therian, M
|poke|p1|Latios, M
|poke|p2|Kingdra, M
|poke|p2|Gothitelle, F
|poke|p2|Politoed, F
|poke|p2|Ferrothorn, F
|poke|p2|Latias, F
|poke|p2|Swampert, F
|rule|Swagger Clause: Swagger is banned
|rule|Baton Pass Clause: Limit one PokÃ©mon knowing Baton Pass
|rule|Sleep Clause Mod: Limit one foe put to sleep
|rule|Species Clause: Limit one of each PokÃ©mon
|rule|OHKO Clause: OHKO moves are banned
|rule|Moody Clause: Moody is banned
|rule|Evasion Moves Clause: Evasion moves are banned
|rule|Endless Battle Clause: Forcing endless battles is banned
|rule|HP Percentage Mod: HP is shown in percentages
|teampreview
|
|start
|switch|p1a: Garchomp|Garchomp, M|357\/357
|switch|p2a: Politoed|Politoed, F|384\/384
|-weather|RainDance
|turn|1
|
|move|p1a: Garchomp|Stealth Rock|p2a: Politoed
|-sidestart|p2: KratosSnake|move: Stealth Rock
|move|p2a: Politoed|Encore|p1a: Garchomp
|-start|p1a: Garchomp|Encore
|
|-weather|RainDance|[upkeep]
|turn|2
|
|switch|p1a: Latios|Latios, M|301\/301
|switch|p2a: Kingdra|Kingdra, M|307\/307
|-damage|p2a: Kingdra|269\/307|[from] Stealth Rock
|
|-weather|RainDance|[upkeep]
|turn|3
|
|move|p2a: Kingdra|Hydro Pump|p1a: Latios
|-resisted|p1a: Latios
|-damage|p1a: Latios|130\/301
|move|p1a: Latios|Draco Meteor|p2a: Kingdra
|-supereffective|p2a: Kingdra
|-damage|p2a: Kingdra|0 fnt
|-unboost|p1a: Latios|spa|2
|-damage|p1a: Latios|100\/301|[from] item: Life Orb
|faint|p2a: Kingdra
|
|-weather|RainDance|[upkeep]
|
|switch|p2a: Ferrothorn|Ferrothorn, F|352\/352
|-damage|p2a: Ferrothorn|330\/352|[from] Stealth Rock
|turn|4
|
|move|p1a: Latios|Hidden Power|p2a: Ferrothorn
|-supereffective|p2a: Ferrothorn
|-damage|p2a: Ferrothorn|257\/352
|-damage|p1a: Latios|70\/301|[from] item: Life Orb
|move|p2a: Ferrothorn|Stealth Rock|p1a: Latios
|-sidestart|p1: ferst imo|move: Stealth Rock
|
|-weather|RainDance|[upkeep]
|-heal|p2a: Ferrothorn|279\/352|[from] item: Leftovers
|turn|5
|
|move|p1a: Latios|Defog|p2a: Ferrothorn
|-unboost|p2a: Ferrothorn|evasion|1
|-sideend|p2: KratosSnake|Stealth Rock|[from] move: Defog|[of] p2a: Ferrothorn
|-sideend|p1: ferst imo|Stealth Rock|[from] move: Defog|[of] p1a: Latios
|move|p2a: Ferrothorn|Gyro Ball|p1a: Latios
|-damage|p1a: Latios|0 fnt
|faint|p1a: Latios
|
|-weather|RainDance|[upkeep]
|-heal|p2a: Ferrothorn|301\/352|[from] item: Leftovers
|
|switch|p1a: Bisharp|Bisharp, M|271\/271
|turn|6
|
|switch|p2a: Gothitelle|Gothitelle, F|291\/291
|move|p1a: Bisharp|Swords Dance|p1a: Bisharp
|-boost|p1a: Bisharp|atk|2
|
|-weather|RainDance|[upkeep]
|turn|7
|
|move|p2a: Gothitelle|Trick|p1a: Bisharp
|-activate|p2a: Gothitelle|move: Trick|[of] p1a: Bisharp
|-item|p1a: Bisharp|Choice Scarf|[from] move: Trick
|-item|p2a: Gothitelle|Life Orb|[from] move: Trick
|move|p1a: Bisharp|Knock Off|p2a: Gothitelle
|-supereffective|p2a: Gothitelle
|-damage|p2a: Gothitelle|0 fnt
|-enditem|p2a: Gothitelle|Life Orb|[from] move: Knock Off|[of] p1a: Bisharp
|faint|p2a: Gothitelle
|
|-weather|RainDance|[upkeep]
|
|switch|p2a: Ferrothorn|Ferrothorn, F|301\/352
|turn|8
|
|move|p1a: Bisharp|Knock Off|p2a: Ferrothorn
|-damage|p2a: Ferrothorn|63\/352
|-damage|p1a: Bisharp|238\/271|[from] ability: Iron Barbs|[of] p2a: Ferrothorn
|-enditem|p2a: Ferrothorn|Leftovers|[from] move: Knock Off|[of] p1a: Bisharp
|move|p2a: Ferrothorn|Stealth Rock|p1a: Bisharp
|-sidestart|p1: ferst imo|move: Stealth Rock
|
|-weather|none
|turn|9
|
|move|p1a: Bisharp|Knock Off|p2a: Ferrothorn
|-damage|p2a: Ferrothorn|0 fnt
|-damage|p1a: Bisharp|205\/271|[from] ability: Iron Barbs|[of] p2a: Ferrothorn
|faint|p2a: Ferrothorn
|
|
|switch|p2a: Swampert|Swampert, F|341\/341
|turn|10
|
|detailschange|p2a: Swampert|Swampert-Mega, F
|message|Swampert has Mega Evolved into Mega Swampert!
|move|p1a: Bisharp|Knock Off|p2a: Swampert
|-damage|p2a: Swampert|127\/341
|move|p2a: Swampert|Earthquake|p1a: Bisharp
|-crit|p1a: Bisharp
|-supereffective|p1a: Bisharp
|-damage|p1a: Bisharp|0 fnt
|faint|p1a: Bisharp
|
|
|switch|p1a: Keldeo|Keldeo|323\/323
|-damage|p1a: Keldeo|303\/323|[from] Stealth Rock
|turn|11
|
|switch|p2a: Latias|Latias, F|319\/319
|move|p1a: Keldeo|Secret Sword|p2a: Latias
|-resisted|p2a: Latias
|-damage|p2a: Latias|197\/319
|
|turn|12
|
|switch|p1a: Metagross|Metagross|301\/301
|-damage|p1a: Metagross|283\/301|[from] Stealth Rock
|move|p2a: Latias|Draco Meteor|p1a: Metagross
|-resisted|p1a: Metagross
|-damage|p1a: Metagross|147\/301
|-unboost|p2a: Latias|spa|2
|-damage|p2a: Latias|166\/319|[from] item: Life Orb
|
|turn|13
|
|detailschange|p1a: Metagross|Metagross-Mega
|message|Metagross has Mega Evolved into Mega Metagross!
|move|p2a: Latias|Healing Wish|p2a: Latias
|faint|p2a: Latias
|move|p1a: Metagross|Meteor Mash|p2: Latias|[notarget]
|-notarget
|
|
|switch|p2a: Swampert|Swampert-Mega, F|127\/341
|-heal|p2a: Swampert|341\/341|[from] move: Healing Wish
|turn|14
|
|switch|p1a: Garchomp|Garchomp, M|357\/357
|-damage|p1a: Garchomp|335\/357|[from] Stealth Rock
|switch|p2a: Politoed|Politoed, F|384\/384
|-weather|RainDance
|
|-weather|RainDance|[upkeep]
|turn|15
|
|move|p1a: Garchomp|Earthquake|p2a: Politoed
|-damage|p2a: Politoed|224\/384
|move|p2a: Politoed|Scald|p1a: Garchomp
|-damage|p1a: Garchomp|167\/357
|
|-weather|RainDance|[upkeep]
|turn|16
|
|move|p1a: Garchomp|Outrage|p2a: Politoed
|-damage|p2a: Politoed|23\/384
|move|p2a: Politoed|Scald|p1a: Garchomp
|-damage|p1a: Garchomp|8\/357
|
|-weather|RainDance|[upkeep]
|turn|17
|
|move|p1a: Garchomp|Outrage|p2a: Politoed
|-damage|p2a: Politoed|0 fnt
|faint|p2a: Politoed
|
|-end|p1a: Garchomp|rampage
|-start|p1a: Garchomp|confusion
|-weather|RainDance|[upkeep]
|
|switch|p2a: Swampert|Swampert-Mega, F|341\/341
|turn|18
|
|move|p2a: Swampert|Earthquake|p1a: Garchomp
|-damage|p1a: Garchomp|0 fnt
|faint|p1a: Garchomp
|
|-weather|RainDance|[upkeep]
|
|switch|p1a: Landorus-Therian|Landorus-Therian, M|319\/319
|-damage|p1a: Landorus-Therian|280\/319|[from] Stealth Rock
|-ability|p1a: Landorus-Therian|Intimidate|[of] p2a: Swampert
|-unboost|p2a: Swampert|atk|1
|turn|19
|
|switch|p1a: Metagross|Metagross-Mega|147\/301
|-damage|p1a: Metagross|129\/301|[from] Stealth Rock
|move|p2a: Swampert|Earthquake|p1a: Metagross
|-supereffective|p1a: Metagross
|-damage|p1a: Metagross|0 fnt
|faint|p1a: Metagross
|
|-weather|RainDance|[upkeep]
|
|switch|p1a: Landorus-Therian|Landorus-Therian, M|280\/319
|-damage|p1a: Landorus-Therian|241\/319|[from] Stealth Rock
|-ability|p1a: Landorus-Therian|Intimidate|[of] p2a: Swampert
|-unboost|p2a: Swampert|atk|1
|turn|20
|
|move|p2a: Swampert|Waterfall|p1a: Landorus-Therian
|-supereffective|p1a: Landorus-Therian
|-damage|p1a: Landorus-Therian|0 fnt
|faint|p1a: Landorus-Therian
|
|-weather|RainDance|[upkeep]
|
|switch|p1a: Keldeo|Keldeo|303\/323
|-damage|p1a: Keldeo|283\/323|[from] Stealth Rock
|turn|21
|
|move|p2a: Swampert|Earthquake|p1a: Keldeo
|-damage|p1a: Keldeo|159\/323
|move|p1a: Keldeo|Scald|p2a: Swampert
|-damage|p2a: Swampert|38\/341
|
|-weather|none
|turn|22
|
|move|p1a: Keldeo|Scald|p2a: Swampert
|-damage|p2a: Swampert|0 fnt
|faint|p2a: Swampert
|
|win|ferst imo
|raw|Ladder updating...
|raw|ferst imo's rating: 1669 &rarr; <strong>1688<\/strong><br \/>(+19 for winning)
|raw|KratosSnake's rating: 1648 &rarr; <strong>1629<\/strong><br \/>(-19 for losing)
|leave|KratosSnake
|player|p2