|join|KratosSnake
|join|GrimoireGod
|player|p1|KratosSnake|159
|player|p2|GrimoireGod|218
|gametype|singles
|gen|6
|tier|OU
|rated
|clearpoke
|poke|p1|Aerodactyl, F
|poke|p1|Magnezone
|poke|p1|Latias, F
|poke|p1|Landorus-Therian, M
|poke|p1|Azumarill, F
|poke|p1|Garchomp, M
|poke|p2|Landorus-Therian, M
|poke|p2|Conkeldurr, M
|poke|p2|Magnezone
|poke|p2|Azumarill, M
|poke|p2|Pinsir, M
|poke|p2|Empoleon, F
|rule|Swagger Clause: Swagger is banned
|rule|Baton Pass Clause: Limit one PokÃ©mon knowing Baton Pass
|rule|Sleep Clause Mod: Limit one foe put to sleep
|rule|Species Clause: Limit one of each PokÃ©mon
|rule|OHKO Clause: OHKO moves are banned
|rule|Moody Clause: Moody is banned
|rule|Evasion Moves Clause: Evasion moves are banned
|rule|Endless Battle Clause: Forcing endless battles is banned
|rule|HP Percentage Mod: HP is shown in percentages
|teampreview
|c|âGrimoireGod|again lel
|
|start
|switch|p1a: Garchomp|Garchomp, M|358\/358
|switch|p2a: Azumarill|Azumarill, M|349\/349
|turn|1
|
|move|p1a: Garchomp|Earthquake|p2a: Azumarill
|-damage|p2a: Azumarill|151\/349
|move|p2a: Azumarill|Play Rough|p1a: Garchomp
|-supereffective|p1a: Garchomp
|-damage|p1a: Garchomp|0 fnt
|-damage|p2a: Azumarill|108\/349|[from] ability: Rough Skin|[of] p1a: Garchomp
|faint|p1a: Garchomp
|
|
|switch|p1a: Azumarill|Azumarill, F|401\/401
|turn|2
|
|move|p2a: Azumarill|Play Rough|p1a: Azumarill
|-damage|p1a: Azumarill|25\/401
|move|p1a: Azumarill|Knock Off|p2a: Azumarill
|-resisted|p2a: Azumarill
|-damage|p2a: Azumarill|34\/349
|-enditem|p2a: Azumarill|Choice Band|[from] move: Knock Off|[of] p1a: Azumarill
|
|turn|3
|
|move|p2a: Azumarill|Aqua Jet|p1a: Azumarill
|-resisted|p1a: Azumarill
|-damage|p1a: Azumarill|0 fnt
|faint|p1a: Azumarill
|
|
|switch|p1a: Latias|Latias, F|301\/301
|turn|4
|
|switch|p2a: Empoleon|Empoleon, F|371\/371
|move|p1a: Latias|Psyshock|p2a: Empoleon
|-resisted|p2a: Empoleon
|-damage|p2a: Empoleon|301\/371
|-damage|p1a: Latias|271\/301|[from] item: Life Orb
|
|-heal|p2a: Empoleon|324\/371|[from] item: Leftovers
|turn|5
|
|move|p1a: Latias|Psyshock|p2a: Empoleon
|-resisted|p2a: Empoleon
|-damage|p2a: Empoleon|254\/371
|-damage|p1a: Latias|241\/301|[from] item: Life Orb
|move|p2a: Empoleon|Stealth Rock|p1a: Latias
|-sidestart|p1: KratosSnake|move: Stealth Rock
|
|-heal|p2a: Empoleon|277\/371|[from] item: Leftovers
|turn|6
|
|switch|p2a: Landorus-Therian|Landorus-Therian, M|328\/328
|-ability|p2a: Landorus-Therian|Intimidate|[of] p1a: Latias
|-unboost|p1a: Latias|atk|1
|move|p1a: Latias|Defog|p2a: Landorus-Therian
|-unboost|p2a: Landorus-Therian|evasion|1
|-sideend|p1: KratosSnake|Stealth Rock|[from] move: Defog|[of] p1a: Latias
|
|turn|7
|
|switch|p1a: Landorus-Therian|Landorus-Therian, M|319\/319
|-ability|p1a: Landorus-Therian|Intimidate|[of] p2a: Landorus-Therian
|-unboost|p2a: Landorus-Therian|atk|1
|move|p2a: Landorus-Therian|U-turn|p1a: Landorus-Therian
|-resisted|p1a: Landorus-Therian
|-damage|p1a: Landorus-Therian|286\/319
|
|switch|p2a: Azumarill|Azumarill, M|34\/349
|
|turn|8
|
|switch|p1a: Latias|Latias, F|241\/301
|move|p2a: Azumarill|Play Rough|p1a: Latias
|-supereffective|p1a: Latias
|-damage|p1a: Latias|0 fnt
|faint|p1a: Latias
|
|c|âKratosSnake|gg
|c|âGrimoireGod|gg
|-message|KratosSnake forfeited.
|
|win|GrimoireGod
|raw|Ladder updating...
|leave|KratosSnake
|player|p1
|raw|KratosSnake's rating: 1773 &rarr; <strong>1750<\/strong><br \/>(-23 for losing)
|raw|GrimoireGod's rating: 1715 &rarr; <strong>1738<\/strong><br \/>(+23 for winning)