|join|lil manaphy
|join|KratosSnake
|player|p1|lil manaphy|8
|player|p2|KratosSnake|159
|gametype|singles
|gen|6
|tier|OU
|rated
|clearpoke
|poke|p1|Lopunny, M
|poke|p1|Rotom-Wash
|poke|p1|Gothitelle, M
|poke|p1|Mandibuzz, F
|poke|p1|Heatran, F
|poke|p1|Celebi
|poke|p2|Tyranitar, F
|poke|p2|Excadrill, M
|poke|p2|Greninja, F
|poke|p2|Talonflame, M
|poke|p2|Dragonite, M
|poke|p2|Pinsir, M
|rule|Swagger Clause: Swagger is banned
|rule|Baton Pass Clause: Limit one PokÃ©mon knowing Baton Pass
|rule|Sleep Clause Mod: Limit one foe put to sleep
|rule|Species Clause: Limit one of each PokÃ©mon
|rule|OHKO Clause: OHKO moves are banned
|rule|Moody Clause: Moody is banned
|rule|Evasion Moves Clause: Evasion moves are banned
|rule|Endless Battle Clause: Forcing endless battles is banned
|rule|HP Percentage Mod: HP is shown in percentages
|teampreview
|
|start
|switch|p1a: Lopunny|Lopunny, M|271\/271
|switch|p2a: Pinsir|Pinsir, M|271\/271
|turn|1
|
|detailschange|p1a: Lopunny|Lopunny-Mega, M
|message|Lopunny has Mega Evolved into Mega Lopunny!
|detailschange|p2a: Pinsir|Pinsir-Mega, M
|message|Pinsir has Mega Evolved into Mega Pinsir!
|move|p1a: Lopunny|Fake Out|p2a: Pinsir
|-damage|p2a: Pinsir|213\/271
|cant|p2a: Pinsir|flinch
|
|turn|2
|
|switch|p1a: Rotom-Wash|Rotom-Wash|303\/303
|move|p2a: Pinsir|Swords Dance|p2a: Pinsir
|-boost|p2a: Pinsir|atk|2
|
|turn|3
|
|move|p2a: Pinsir|Close Combat|p1a: Rotom-Wash
|-damage|p1a: Rotom-Wash|70\/303
|-unboost|p2a: Pinsir|def|1
|-unboost|p2a: Pinsir|spd|1
|move|p1a: Rotom-Wash|Will-O-Wisp|p2a: Pinsir
|-status|p2a: Pinsir|brn
|
|-heal|p1a: Rotom-Wash|88\/303|[from] item: Leftovers
|-damage|p2a: Pinsir|180\/271 brn|[from] brn
|turn|4
|
|switch|p1a: Mandibuzz|Mandibuzz, F|424\/424
|move|p2a: Pinsir|Return|p1a: Mandibuzz
|-damage|p1a: Mandibuzz|225\/424
|
|-heal|p1a: Mandibuzz|251\/424|[from] item: Leftovers
|-damage|p2a: Pinsir|147\/271 brn|[from] brn
|turn|5
|
|move|p2a: Pinsir|Swords Dance|p2a: Pinsir
|-boost|p2a: Pinsir|atk|2
|move|p1a: Mandibuzz|Roost|p1a: Mandibuzz
|-heal|p1a: Mandibuzz|424\/424
|
|-damage|p2a: Pinsir|114\/271 brn|[from] brn
|turn|6
|
|move|p2a: Pinsir|Return|p1a: Mandibuzz
|-damage|p1a: Mandibuzz|162\/424
|move|p1a: Mandibuzz|Foul Play|p2a: Pinsir
|-crit|p2a: Pinsir
|-damage|p2a: Pinsir|0 fnt
|faint|p2a: Pinsir
|
|-heal|p1a: Mandibuzz|188\/424|[from] item: Leftovers
|
|switch|p2a: Greninja|Greninja, F|286\/286
|turn|7
|
|switch|p1a: Celebi|Celebi|404\/404
|move|p2a: Greninja|Ice Beam|p1a: Celebi
|-start|p2a: Greninja|typechange|Ice|[from] Protean
|-supereffective|p1a: Celebi
|-damage|p1a: Celebi|147\/404
|-damage|p2a: Greninja|258\/286|[from] item: Life Orb
|
|-heal|p1a: Celebi|172\/404|[from] item: Leftovers
|turn|8
|
|move|p2a: Greninja|Dark Pulse|p1a: Celebi
|-start|p2a: Greninja|typechange|Dark|[from] Protean
|-supereffective|p1a: Celebi
|-damage|p1a: Celebi|0 fnt
|-damage|p2a: Greninja|230\/286|[from] item: Life Orb
|faint|p1a: Celebi
|
|
|switch|p1a: Lopunny|Lopunny-Mega, M|271\/271
|turn|9
|
|switch|p2a: Talonflame|Talonflame, M|298\/298
|move|p1a: Lopunny|Return|p2a: Talonflame
|-damage|p2a: Talonflame|42\/298
|
|turn|10
|
|switch|p1a: Heatran|Heatran, F|386\/386
|move|p2a: Talonflame|U-turn|p1a: Heatran
|-resisted|p1a: Heatran
|-damage|p1a: Heatran|365\/386
|
|switch|p2a: Tyranitar|Tyranitar, F|341\/341
|-weather|Sandstorm
|
|-weather|Sandstorm|[upkeep]
|-heal|p1a: Heatran|386\/386|[from] item: Leftovers
|turn|11
|
|switch|p1a: Mandibuzz|Mandibuzz, F|188\/424
|move|p2a: Tyranitar|Stealth Rock|p1a: Mandibuzz
|-sidestart|p1: lil manaphy|move: Stealth Rock
|
|-weather|Sandstorm|[upkeep]
|-heal|p1a: Mandibuzz|214\/424|[from] item: Leftovers
|turn|12
|
|move|p2a: Tyranitar|Ice Beam|p1a: Mandibuzz
|-supereffective|p1a: Mandibuzz
|-damage|p1a: Mandibuzz|34\/424
|move|p1a: Mandibuzz|Roost|p1a: Mandibuzz
|-heal|p1a: Mandibuzz|246\/424
|
|-weather|Sandstorm|[upkeep]
|-heal|p1a: Mandibuzz|272\/424|[from] item: Leftovers
|turn|13
|
|switch|p2a: Greninja|Greninja, F|230\/286
|move|p1a: Mandibuzz|Roost|p1a: Mandibuzz
|-heal|p1a: Mandibuzz|424\/424
|
|-weather|Sandstorm|[upkeep]
|-damage|p2a: Greninja|213\/286|[from] sandstorm
|turn|14
|
|switch|p1a: Rotom-Wash|Rotom-Wash|88\/303
|-damage|p1a: Rotom-Wash|51\/303|[from] Stealth Rock
|move|p2a: Greninja|Ice Beam|p1a: Rotom-Wash
|-start|p2a: Greninja|typechange|Ice|[from] Protean
|-resisted|p1a: Rotom-Wash
|-damage|p1a: Rotom-Wash|0 fnt
|-damage|p2a: Greninja|185\/286|[from] item: Life Orb
|faint|p1a: Rotom-Wash
|
|-weather|none
|
|switch|p1a: Lopunny|Lopunny-Mega, M|271\/271
|-damage|p1a: Lopunny|255\/271|[from] Stealth Rock
|turn|15
|
|switch|p2a: Tyranitar|Tyranitar, F|341\/341
|-weather|Sandstorm
|move|p1a: Lopunny|Return|p2a: Tyranitar
|-resisted|p2a: Tyranitar
|-damage|p2a: Tyranitar|255\/341
|
|-weather|Sandstorm|[upkeep]
|-damage|p1a: Lopunny|239\/271|[from] sandstorm
|turn|16
|
|switch|p2a: Talonflame|Talonflame, M|42\/298
|move|p1a: Lopunny|High Jump Kick|p2a: Talonflame
|-resisted|p2a: Talonflame
|-damage|p2a: Talonflame|0 fnt
|faint|p2a: Talonflame
|
|-weather|Sandstorm|[upkeep]
|-damage|p1a: Lopunny|223\/271|[from] sandstorm
|
|switch|p2a: Excadrill|Excadrill, M|369\/369
|turn|17
|
|switch|p1a: Gothitelle|Gothitelle, M|301\/301
|-damage|p1a: Gothitelle|264\/301|[from] Stealth Rock
|move|p2a: Excadrill|Rock Slide|p1a: Gothitelle
|-damage|p1a: Gothitelle|131\/301
|-damage|p2a: Excadrill|333\/369|[from] item: Life Orb
|
|-weather|Sandstorm|[upkeep]
|-damage|p1a: Gothitelle|113\/301|[from] sandstorm
|turn|18
|
|move|p2a: Excadrill|Iron Head|p1a: Gothitelle
|-damage|p1a: Gothitelle|0 fnt
|-damage|p2a: Excadrill|297\/369|[from] item: Life Orb
|faint|p1a: Gothitelle
|
|-weather|Sandstorm|[upkeep]
|
|switch|p1a: Mandibuzz|Mandibuzz, F|424\/424
|-damage|p1a: Mandibuzz|318\/424|[from] Stealth Rock
|turn|19
|
|move|p2a: Excadrill|Rock Slide|p1a: Mandibuzz
|-supereffective|p1a: Mandibuzz
|-damage|p1a: Mandibuzz|133\/424
|-damage|p2a: Excadrill|261\/369|[from] item: Life Orb
|move|p1a: Mandibuzz|Foul Play|p2a: Excadrill
|-damage|p2a: Excadrill|0 fnt
|faint|p2a: Excadrill
|
|-weather|none
|-heal|p1a: Mandibuzz|159\/424|[from] item: Leftovers
|
|switch|p2a: Greninja|Greninja, F|185\/286
|turn|20
|
|move|p2a: Greninja|Ice Beam|p1a: Mandibuzz
|-start|p2a: Greninja|typechange|Ice|[from] Protean
|-supereffective|p1a: Mandibuzz
|-damage|p1a: Mandibuzz|0 fnt
|-damage|p2a: Greninja|157\/286|[from] item: Life Orb
|faint|p1a: Mandibuzz
|
|
|switch|p1a: Lopunny|Lopunny-Mega, M|223\/271
|-damage|p1a: Lopunny|207\/271|[from] Stealth Rock
|turn|21
|
|switch|p2a: Tyranitar|Tyranitar, F|255\/341
|-weather|Sandstorm
|move|p1a: Lopunny|Return|p2a: Tyranitar
|-resisted|p2a: Tyranitar
|-damage|p2a: Tyranitar|161\/341
|
|-weather|Sandstorm|[upkeep]
|-damage|p1a: Lopunny|191\/271|[from] sandstorm
|turn|22
|
|move|p1a: Lopunny|High Jump Kick|p2a: Tyranitar
|-supereffective|p2a: Tyranitar
|-damage|p2a: Tyranitar|0 fnt
|faint|p2a: Tyranitar
|
|-weather|Sandstorm|[upkeep]
|-damage|p1a: Lopunny|175\/271|[from] sandstorm
|
|switch|p2a: Dragonite|Dragonite, M|323\/323
|turn|23
|
|switch|p1a: Heatran|Heatran, F|386\/386
|-damage|p1a: Heatran|338\/386|[from] Stealth Rock
|move|p2a: Dragonite|Earthquake|p1a: Heatran
|-supereffective|p1a: Heatran
|-damage|p1a: Heatran|0 fnt
|faint|p1a: Heatran
|
|-weather|Sandstorm|[upkeep]
|-damage|p2a: Dragonite|303\/323|[from] sandstorm
|
|switch|p1a: Lopunny|Lopunny-Mega, M|175\/271
|-damage|p1a: Lopunny|159\/271|[from] Stealth Rock
|turn|24
|
|switch|p2a: Greninja|Greninja, F|157\/286
|move|p1a: Lopunny|Ice Punch|p2a: Greninja
|-resisted|p2a: Greninja
|-damage|p2a: Greninja|94\/286
|
|-weather|Sandstorm|[upkeep]
|-damage|p1a: Lopunny|143\/271|[from] sandstorm
|-damage|p2a: Greninja|77\/286|[from] sandstorm
|turn|25
|
|move|p1a: Lopunny|Return|p2a: Greninja
|-damage|p2a: Greninja|0 fnt
|faint|p2a: Greninja
|
|-weather|none
|
|switch|p2a: Dragonite|Dragonite, M|303\/323
|turn|26
|c|âKratosSnake|gg
|
|move|p2a: Dragonite|Extreme Speed|p1a: Lopunny
|-damage|p1a: Lopunny|0 fnt
|faint|p1a: Lopunny
|
|win|KratosSnake
|raw|Ladder updating...
|leave|lil manaphy
|player|p1
|raw|lil manaphy's rating: 1612 &rarr; <strong>1585<\/strong><br \/>(-27 for losing)
|raw|KratosSnake's rating: 1476 &rarr; <strong>1504<\/strong><br \/>(+28 for winning)