|join|KratosSnake
|join|LT8A Vinc2612
|player|p1|KratosSnake|159
|player|p2|LT8A Vinc2612|33
|gametype|singles
|gen|6
|tier|OU
|rated
|clearpoke
|poke|p1|Slowbro, M
|poke|p1|Chansey, F
|poke|p1|Venusaur, F
|poke|p1|Tyranitar, M
|poke|p1|Greninja, M
|poke|p1|Gliscor, M
|poke|p2|Rotom-Wash
|poke|p2|Scizor, F
|poke|p2|Victini
|poke|p2|Latios, M
|poke|p2|Clefable, F
|poke|p2|Pinsir, M
|rule|Swagger Clause: Swagger is banned
|rule|Baton Pass Clause: Limit one PokÃ©mon knowing Baton Pass
|rule|Sleep Clause Mod: Limit one foe put to sleep
|rule|Species Clause: Limit one of each PokÃ©mon
|rule|OHKO Clause: OHKO moves are banned
|rule|Moody Clause: Moody is banned
|rule|Evasion Moves Clause: Evasion moves are banned
|rule|Endless Battle Clause: Forcing endless battles is banned
|rule|HP Percentage Mod: HP is shown in percentages
|teampreview
|join|Pyrogon
|
|start
|switch|p1a: Gliscor|Gliscor, M|352\/352
|switch|p2a: Mr. Fahrenheit|Victini|404\/404
|turn|1
|
|move|p1a: Gliscor|Protect|p1a: Gliscor
|-singleturn|p1a: Gliscor|Protect
|move|p2a: Mr. Fahrenheit|U-turn|p1a: Gliscor
|-activate|p1a: Gliscor|Protect
|
|-status|p1a: Gliscor|tox|[from] item: Toxic Orb
|turn|2
|join|Alvok
|
|move|p2a: Mr. Fahrenheit|U-turn|p1a: Gliscor
|-resisted|p1a: Gliscor
|-damage|p1a: Gliscor|330\/352 tox
|join|Cervero
|
|switch|p2a: Cut Guy|Pinsir, M|271\/271
|move|p1a: Gliscor|Substitute|p1a: Gliscor
|-start|p1a: Gliscor|Substitute
|-damage|p1a: Gliscor|242\/352 tox
|
|-heal|p1a: Gliscor|286\/352 tox|[from] ability: Poison Heal
|turn|3
|
|switch|p2a: Melody|Clefable, F|394\/394
|move|p1a: Gliscor|Toxic|p2a: Melody
|-status|p2a: Melody|tox
|
|-heal|p1a: Gliscor|330\/352 tox|[from] ability: Poison Heal
|turn|4
|
|switch|p1a: Chansey|Chansey, F|642\/642
|move|p2a: Melody|Moonblast|p1a: Chansey
|-damage|p1a: Chansey|591\/642
|
|turn|5
|
|switch|p2a: Queen of Hearts|Scizor, F|282\/282
|move|p1a: Chansey|Stealth Rock|p2a: Queen of Hearts
|-sidestart|p2: LT8A Vinc2612|move: Stealth Rock
|
|turn|6
|
|switch|p1a: Gliscor|Gliscor, M|330\/352 tox
|move|p2a: Queen of Hearts|Swords Dance|p2a: Queen of Hearts
|-boost|p2a: Queen of Hearts|atk|2
|
|-heal|p1a: Gliscor|352\/352 tox|[from] ability: Poison Heal
|turn|7
|
|switch|p1a: Slowbro|Slowbro, M|394\/394
|move|p2a: Queen of Hearts|Bullet Punch|p1a: Slowbro
|-resisted|p1a: Slowbro
|-damage|p1a: Slowbro|313\/394
|
|-heal|p1a: Slowbro|337\/394|[from] item: Leftovers
|turn|8
|
|move|p2a: Queen of Hearts|Knock Off|p1a: Slowbro
|-supereffective|p1a: Slowbro
|-damage|p1a: Slowbro|11\/394
|-enditem|p1a: Slowbro|Leftovers|[from] move: Knock Off|[of] p2a: Queen of Hearts
|move|p1a: Slowbro|Fire Blast|p2a: Queen of Hearts
|-supereffective|p2a: Queen of Hearts
|-damage|p2a: Queen of Hearts|0 fnt
|faint|p2a: Queen of Hearts
|
|
|switch|p2a: Cut Guy|Pinsir, M|271\/271
|-damage|p2a: Cut Guy|204\/271|[from] Stealth Rock
|turn|9
|
|switch|p1a: Tyranitar|Tyranitar, M|341\/341
|-weather|Sandstorm
|detailschange|p2a: Cut Guy|Pinsir-Mega, M
|message|Pinsir has Mega Evolved into Mega Pinsir!
|move|p2a: Cut Guy|Close Combat|p1a: Tyranitar
|-supereffective|p1a: Tyranitar
|-damage|p1a: Tyranitar|0 fnt
|-unboost|p2a: Cut Guy|def|1
|-unboost|p2a: Cut Guy|spd|1
|faint|p1a: Tyranitar
|
|-weather|Sandstorm|[upkeep]
|-damage|p2a: Cut Guy|188\/271|[from] sandstorm
|
|switch|p1a: Greninja|Greninja, M|285\/285
|turn|10
|
|switch|p2a: Melody|Clefable, F|394\/394 tox
|move|p1a: Greninja|Hydro Pump|p2a: Melody
|-start|p1a: Greninja|typechange|Water|[from] Protean
|-damage|p2a: Melody|213\/394 tox
|-damage|p1a: Greninja|257\/285|[from] item: Life Orb
|
|-weather|Sandstorm|[upkeep]
|-damage|p1a: Greninja|240\/285|[from] sandstorm
|-heal|p2a: Melody|237\/394 tox|[from] item: Leftovers
|turn|11
|
|switch|p1a: Venusaur|Venusaur, F|364\/364
|move|p2a: Melody|Calm Mind|p2a: Melody
|-boost|p2a: Melody|spa|1
|-boost|p2a: Melody|spd|1
|
|-weather|Sandstorm|[upkeep]
|-damage|p1a: Venusaur|342\/364|[from] sandstorm
|-heal|p2a: Melody|261\/394 tox|[from] item: Leftovers
|turn|12
|
|detailschange|p1a: Venusaur|Venusaur-Mega, F
|message|Venusaur has Mega Evolved into Mega Venusaur!
|move|p1a: Venusaur|Sludge Bomb|p2a: Melody
|-supereffective|p2a: Melody
|-damage|p2a: Melody|109\/394 tox
|move|p2a: Melody|Soft-Boiled|p2a: Melody
|-heal|p2a: Melody|306\/394 tox
|
|-weather|Sandstorm|[upkeep]
|-damage|p1a: Venusaur|320\/364|[from] sandstorm
|-heal|p2a: Melody|330\/394 tox|[from] item: Leftovers
|turn|13
|join|LT8Z Toad
|
|switch|p1a: Greninja|Greninja, M|240\/285
|move|p2a: Melody|Calm Mind|p2a: Melody
|-boost|p2a: Melody|spa|1
|-boost|p2a: Melody|spd|1
|
|-weather|none
|-heal|p2a: Melody|354\/394 tox|[from] item: Leftovers
|turn|14
|
|move|p1a: Greninja|Haze|p1a: Greninja
|-start|p1a: Greninja|typechange|Ice|[from] Protean
|-clearallboost
|move|p2a: Melody|Moonblast|p1a: Greninja
|-damage|p1a: Greninja|99\/285
|
|-heal|p2a: Melody|378\/394 tox|[from] item: Leftovers
|turn|15
|
|switch|p1a: Venusaur|Venusaur-Mega, F|320\/364
|move|p2a: Melody|Calm Mind|p2a: Melody
|-boost|p2a: Melody|spa|1
|-boost|p2a: Melody|spd|1
|
|-heal|p2a: Melody|394\/394 tox|[from] item: Leftovers
|turn|16
|
|move|p1a: Venusaur|Sludge Bomb|p2a: Melody
|-supereffective|p2a: Melody
|-damage|p2a: Melody|248\/394 tox
|move|p2a: Melody|Calm Mind|p2a: Melody
|-boost|p2a: Melody|spa|1
|-boost|p2a: Melody|spd|1
|
|-heal|p2a: Melody|272\/394 tox|[from] item: Leftovers
|turn|17
|c| Pyrogon|show me psychic clefable
|
|move|p1a: Venusaur|Sludge Bomb|p2a: Melody
|-supereffective|p2a: Melody
|-damage|p2a: Melody|152\/394 tox
|move|p2a: Melody|Soft-Boiled|p2a: Melody
|-heal|p2a: Melody|349\/394 tox
|
|-heal|p2a: Melody|373\/394 tox|[from] item: Leftovers
|turn|18
|c|âLT8A Vinc2612|!dt stored power
|c|~|\/data-move Stored Power
|raw|<font size="1"><font color=#585858>Priority:<\/font> 0&nbsp;|&ThickSpace;<font color=#585858>Target:<\/font> Adjacent Pokemon<\/font>
|c|âLT8A Vinc2612|;)
|c|âLT8A Vinc2612|who needs psychic
|
|switch|p1a: Slowbro|Slowbro, M|142\/394
|move|p2a: Melody|Calm Mind|p2a: Melody
|-boost|p2a: Melody|spa|1
|-boost|p2a: Melody|spd|1
|
|-heal|p2a: Melody|394\/394 tox|[from] item: Leftovers
|turn|19
|c| Pyrogon|ah aussi lel
|
|move|p2a: Melody|Moonblast|p1a: Slowbro
|-damage|p1a: Slowbro|0 fnt
|faint|p1a: Slowbro
|
|
|switch|p1a: Greninja|Greninja, M|99\/285
|turn|20
|
|move|p1a: Greninja|Haze|p1a: Greninja
|-start|p1a: Greninja|typechange|Ice|[from] Protean
|-clearallboost
|move|p2a: Melody|Moonblast|p1a: Greninja
|-damage|p1a: Greninja|0 fnt
|faint|p1a: Greninja
|
|c| LT8Z Toad|k
|c| Pyrogon|lol
|
|switch|p1a: Venusaur|Venusaur-Mega, F|320\/364
|turn|21
|
|switch|p2a: Latios Ulfate|Latios, M|304\/304
|-damage|p2a: Latios Ulfate|266\/304|[from] Stealth Rock
|move|p1a: Venusaur|Sludge Bomb|p2a: Latios Ulfate
|-damage|p2a: Latios Ulfate|151\/304
|-status|p2a: Latios Ulfate|psn
|
|-damage|p2a: Latios Ulfate|113\/304 psn|[from] psn
|turn|22
|
|switch|p1a: Chansey|Chansey, F|591\/642
|move|p2a: Latios Ulfate|Defog|p1a: Chansey
|-unboost|p1a: Chansey|evasion|1
|-sideend|p2: LT8A Vinc2612|Stealth Rock|[from] move: Defog|[of] p2a: Latios Ulfate
|
|-damage|p2a: Latios Ulfate|75\/304 psn|[from] psn
|turn|23
|
|move|p2a: Latios Ulfate|Roost|p2a: Latios Ulfate
|-heal|p2a: Latios Ulfate|227\/304 psn
|move|p1a: Chansey|Stealth Rock|p2a: Latios Ulfate
|-sidestart|p2: LT8A Vinc2612|move: Stealth Rock
|
|-damage|p2a: Latios Ulfate|189\/304 psn|[from] psn
|turn|24
|
|move|p2a: Latios Ulfate|Defog|p1a: Chansey
|-unboost|p1a: Chansey|evasion|1
|-sideend|p2: LT8A Vinc2612|Stealth Rock|[from] move: Defog|[of] p2a: Latios Ulfate
|move|p1a: Chansey|Seismic Toss|p2a: Latios Ulfate
|-damage|p2a: Latios Ulfate|89\/304 psn
|
|-damage|p2a: Latios Ulfate|51\/304 psn|[from] psn
|turn|25
|
|switch|p2a: Cut Guy|Pinsir-Mega, M|188\/271
|move|p1a: Chansey|Stealth Rock|p2a: Cut Guy
|-sidestart|p2: LT8A Vinc2612|move: Stealth Rock
|
|turn|26
|
|move|p2a: Cut Guy|Swords Dance|p2a: Cut Guy
|-boost|p2a: Cut Guy|atk|2
|move|p1a: Chansey|Toxic|p2a: Cut Guy
|-status|p2a: Cut Guy|tox
|
|-damage|p2a: Cut Guy|172\/271 tox|[from] psn
|turn|27
|
|switch|p1a: Gliscor|Gliscor, M|352\/352 tox
|move|p2a: Cut Guy|Return|p1a: Gliscor
|-damage|p1a: Gliscor|0 fnt
|faint|p1a: Gliscor
|
|-damage|p2a: Cut Guy|140\/271 tox|[from] psn
|c|âLT8A Vinc2612|gg
|leave|LT8Z Toad
|c|âKratosSnake|need Quagsire
|-message|KratosSnake forfeited.
|
|win|LT8A Vinc2612
|raw|Ladder updating...
|c|âLT8A Vinc2612|no
|leave|KratosSnake
|player|p1
|leave|Pyrogon
|raw|KratosSnake's rating: 1918 &rarr; <strong>1883<\/strong><br \/>(-35 for losing)
|raw|LT8A Vinc2612's rating: 1600 &rarr; <strong>1635<\/strong><br \/>(+35 for winning)
|c|âLT8A Vinc2612|you need offense
|leave|LT8A Vinc2612
|player|p2