|join|kidgotowned
|join|KratosSnake
|player|p1|kidgotowned|1
|player|p2|KratosSnake|159
|gametype|singles
|gen|6
|tier|OU
|rated
|clearpoke
|poke|p1|Scizor, M
|poke|p1|Azelf
|poke|p1|Landorus, M
|poke|p1|Azumarill, M
|poke|p1|Breloom, F
|poke|p1|Greninja, M
|poke|p2|Aerodactyl, M
|poke|p2|Azumarill, M
|poke|p2|Dragonite, F
|poke|p2|Gengar, F
|poke|p2|Landorus-Therian, M
|poke|p2|Manectric, M
|rule|Swagger Clause: Swagger is banned
|rule|Baton Pass Clause: Limit one PokÃ©mon knowing Baton Pass
|rule|Sleep Clause Mod: Limit one foe put to sleep
|rule|Species Clause: Limit one of each PokÃ©mon
|rule|OHKO Clause: OHKO moves are banned
|rule|Moody Clause: Moody is banned
|rule|Evasion Moves Clause: Evasion moves are banned
|rule|Endless Battle Clause: Forcing endless battles is banned
|rule|HP Percentage Mod: HP is shown in percentages
|teampreview
|
|start
|switch|p1a: Breloom|Breloom, F|262\/262
|switch|p2a: Landorus-Therian|Landorus-Therian, M|319\/319
|-ability|p2a: Landorus-Therian|Intimidate|[of] p1a: Breloom
|-unboost|p1a: Breloom|atk|1
|turn|1
|join|Outrageous Fortune
|
|move|p2a: Landorus-Therian|U-turn|p1a: Breloom
|-damage|p1a: Breloom|157\/262
|join|aaaaasds
|
|switch|p2a: Dragonite|Dragonite, F|323\/323
|move|p1a: Breloom|Spore|p2a: Dragonite
|-status|p2a: Dragonite|slp
|
|turn|2
|
|cant|p2a: Dragonite|slp
|move|p1a: Breloom|Rock Tomb|p2a: Dragonite
|-supereffective|p2a: Dragonite
|-damage|p2a: Dragonite|248\/323 slp
|-unboost|p2a: Dragonite|spe|1
|
|turn|3
|
|switch|p1a: Scizor|Scizor, M|311\/311
|-curestatus|p2a: Dragonite|slp
|move|p2a: Dragonite|Extreme Speed|p1a: Scizor
|-resisted|p1a: Scizor
|-damage|p1a: Scizor|229\/311
|
|turn|4
|
|switch|p1a: Azelf|Azelf|291\/291
|switch|p2a: Landorus-Therian|Landorus-Therian, M|319\/319
|-ability|p2a: Landorus-Therian|Intimidate|[of] p1a: Azelf
|-unboost|p1a: Azelf|atk|1
|
|turn|5
|
|move|p2a: Landorus-Therian|U-turn|p1a: Azelf
|-supereffective|p1a: Azelf
|-damage|p1a: Azelf|5\/291
|
|switch|p2a: Dragonite|Dragonite, F|248\/323
|move|p1a: Azelf|Stealth Rock|p2a: Dragonite
|-sidestart|p2: KratosSnake|move: Stealth Rock
|
|turn|6
|
|move|p2a: Dragonite|Extreme Speed|p1a: Azelf
|-damage|p1a: Azelf|0 fnt
|faint|p1a: Azelf
|
|
|switch|p1a: Scizor|Scizor, M|229\/311
|turn|7
|
|switch|p2a: Landorus-Therian|Landorus-Therian, M|319\/319
|-damage|p2a: Landorus-Therian|280\/319|[from] Stealth Rock
|-ability|p2a: Landorus-Therian|Intimidate|[of] p1a: Scizor
|-unboost|p1a: Scizor|atk|1
|detailschange|p1a: Scizor|Scizor-Mega, M
|message|Scizor has Mega Evolved into Mega Scizor!
|move|p1a: Scizor|Bullet Punch|p2a: Landorus-Therian
|-damage|p2a: Landorus-Therian|195\/319
|
|turn|8
|
|move|p1a: Scizor|Bullet Punch|p2a: Landorus-Therian
|-crit|p2a: Landorus-Therian
|-damage|p2a: Landorus-Therian|0 fnt
|faint|p2a: Landorus-Therian
|
|
|switch|p2a: Manectric|Manectric, M|281\/281
|-damage|p2a: Manectric|246\/281|[from] Stealth Rock
|turn|9
|
|switch|p1a: Greninja|Greninja, M|286\/286
|detailschange|p2a: Manectric|Manectric-Mega, M
|message|Manectric has Mega Evolved into Mega Manectric!
|-ability|p2a: Manectric|Intimidate|[of] p1a: Greninja
|-unboost|p1a: Greninja|atk|1
|move|p2a: Manectric|Flamethrower|p1a: Greninja
|-resisted|p1a: Greninja
|-damage|p1a: Greninja|211\/286
|
|turn|10
|
|switch|p1a: Landorus|Landorus, M|320\/320
|move|p2a: Manectric|Volt Switch|p1a: Landorus
|-immune|p1a: Landorus|[msg]
|
|turn|11
|
|switch|p2a: Aerodactyl|Aerodactyl, M|302\/302
|-damage|p2a: Aerodactyl|227\/302|[from] Stealth Rock
|-ability|p2a: Aerodactyl|Pressure
|switch|p1a: Azumarill|Azumarill, M|401\/401
|
|turn|12
|
|move|p1a: Azumarill|Aqua Jet|p2a: Aerodactyl
|-supereffective|p2a: Aerodactyl
|-damage|p2a: Aerodactyl|0 fnt
|faint|p2a: Aerodactyl
|
|
|switch|p2a: Gengar|Gengar, F|261\/261
|-damage|p2a: Gengar|229\/261|[from] Stealth Rock
|turn|13
|
|switch|p1a: Scizor|Scizor-Mega, M|229\/311
|move|p2a: Gengar|Sludge Wave|p1a: Scizor
|-immune|p1a: Scizor|[msg]
|
|turn|14
|
|switch|p2a: Manectric|Manectric-Mega, M|246\/281
|-damage|p2a: Manectric|211\/281|[from] Stealth Rock
|-ability|p2a: Manectric|Intimidate|[of] p1a: Scizor
|-unboost|p1a: Scizor|atk|1
|move|p1a: Scizor|Bullet Punch|p2a: Manectric
|-resisted|p2a: Manectric
|-damage|p2a: Manectric|158\/281
|
|turn|15
|
|switch|p1a: Azumarill|Azumarill, M|401\/401
|move|p2a: Manectric|Flamethrower|p1a: Azumarill
|-resisted|p1a: Azumarill
|-damage|p1a: Azumarill|355\/401
|
|turn|16
|
|move|p1a: Azumarill|Aqua Jet|p2a: Manectric
|-damage|p2a: Manectric|44\/281
|move|p2a: Manectric|Volt Switch|p1a: Azumarill
|-supereffective|p1a: Azumarill
|-damage|p1a: Azumarill|149\/401
|
|switch|p2a: Gengar|Gengar, F|229\/261
|-damage|p2a: Gengar|197\/261|[from] Stealth Rock
|
|turn|17
|
|move|p1a: Azumarill|Aqua Jet|p2a: Gengar
|-damage|p2a: Gengar|65\/261
|move|p2a: Gengar|Sludge Wave|p1a: Azumarill
|-supereffective|p1a: Azumarill
|-damage|p1a: Azumarill|0 fnt
|-damage|p2a: Gengar|39\/261|[from] item: Life Orb
|faint|p1a: Azumarill
|
|
|switch|p1a: Scizor|Scizor-Mega, M|229\/311
|turn|18
|
|move|p1a: Scizor|Bullet Punch|p2a: Gengar
|-damage|p2a: Gengar|0 fnt
|faint|p2a: Gengar
|
|
|switch|p2a: Dragonite|Dragonite, F|248\/323
|-damage|p2a: Dragonite|168\/323|[from] Stealth Rock
|turn|19
|
|switch|p1a: Greninja|Greninja, M|211\/286
|move|p2a: Dragonite|Fire Punch|p1a: Greninja
|-resisted|p1a: Greninja
|-damage|p1a: Greninja|109\/286
|
|turn|20
|
|switch|p2a: Azumarill|Azumarill, M|401\/401
|-damage|p2a: Azumarill|351\/401|[from] Stealth Rock
|move|p1a: Greninja|Ice Beam|p2a: Azumarill
|-start|p1a: Greninja|typechange|Ice|[from] Protean
|-resisted|p2a: Azumarill
|-damage|p2a: Azumarill|285\/401
|-damage|p1a: Greninja|81\/286|[from] item: Life Orb
|
|turn|21
|
|move|p1a: Greninja|Ice Beam|p2a: Azumarill
|-resisted|p2a: Azumarill
|-damage|p2a: Azumarill|212\/401
|-damage|p1a: Greninja|53\/286|[from] item: Life Orb
|move|p2a: Azumarill|Waterfall|p1a: Greninja
|-crit|p1a: Greninja
|-damage|p1a: Greninja|0 fnt
|faint|p1a: Greninja
|
|
|switch|p1a: Breloom|Breloom, F|157\/262
|turn|22
|
|switch|p2a: Dragonite|Dragonite, F|168\/323
|-damage|p2a: Dragonite|88\/323|[from] Stealth Rock
|move|p1a: Breloom|Bullet Seed|p2a: Dragonite
|-resisted|p2a: Dragonite
|-damage|p2a: Dragonite|70\/323
|-resisted|p2a: Dragonite
|-damage|p2a: Dragonite|51\/323
|-resisted|p2a: Dragonite
|-damage|p2a: Dragonite|34\/323
|-resisted|p2a: Dragonite
|-damage|p2a: Dragonite|16\/323
|-hitcount|p2a: Dragonite|4
|
|turn|23
|
|switch|p1a: Scizor|Scizor-Mega, M|229\/311
|move|p2a: Dragonite|Fire Punch|p1a: Scizor
|-supereffective|p1a: Scizor
|-damage|p1a: Scizor|0 fnt
|faint|p1a: Scizor
|
|
|switch|p1a: Landorus|Landorus, M|320\/320
|turn|24
|
|move|p1a: Landorus|Psychic|p2a: Dragonite
|-damage|p2a: Dragonite|0 fnt
|faint|p2a: Dragonite
|
|
|switch|p2a: Azumarill|Azumarill, M|212\/401
|-damage|p2a: Azumarill|162\/401|[from] Stealth Rock
|turn|25
|
|move|p2a: Azumarill|Aqua Jet|p1a: Landorus
|-supereffective|p1a: Landorus
|-damage|p1a: Landorus|126\/320
|move|p1a: Landorus|Earth Power|p2a: Azumarill
|-damage|p2a: Azumarill|0 fnt
|faint|p2a: Azumarill
|
|
|switch|p2a: Manectric|Manectric-Mega, M|44\/281
|-damage|p2a: Manectric|9\/281|[from] Stealth Rock
|-ability|p2a: Manectric|Intimidate|[of] p1a: Landorus
|-unboost|p1a: Landorus|atk|1
|turn|26
|
|move|p2a: Manectric|Hidden Power|p1a: Landorus
|-supereffective|p1a: Landorus
|-damage|p1a: Landorus|0 fnt
|faint|p1a: Landorus
|
|
|switch|p1a: Breloom|Breloom, F|157\/262
|turn|27
|c|âKratosSnake|gg
|
|move|p1a: Breloom|Mach Punch|p2a: Manectric
|-damage|p2a: Manectric|0 fnt
|faint|p2a: Manectric
|
|win|kidgotowned
|raw|Ladder updating...
|raw|kidgotowned's rating: 1773 &rarr; <strong>1795<\/strong><br \/>(+22 for winning)
|raw|KratosSnake's rating: 1811 &rarr; <strong>1789<\/strong><br \/>(-22 for losing)
|leave|KratosSnake
|player|p2
|leave|kidgotowned
|player|p1