|join|Level 56
|join|KratosSnake
|player|p1|Level 56|275
|player|p2|KratosSnake|159
|gametype|singles
|gen|6
|tier|OU
|rated
|clearpoke
|poke|p1|Metagross
|poke|p1|Keldeo-Resolute
|poke|p1|Dragonite, M
|poke|p1|Infernape, M
|poke|p1|Thundurus, M
|poke|p1|Bisharp, F
|poke|p2|Ferrothorn, M
|poke|p2|Diancie
|poke|p2|Tyranitar, F
|poke|p2|Keldeo-Resolute
|poke|p2|Latias, F
|poke|p2|Excadrill, F
|rule|Swagger Clause: Swagger is banned
|rule|Baton Pass Clause: Limit one PokÃ©mon knowing Baton Pass
|rule|Sleep Clause Mod: Limit one foe put to sleep
|rule|Species Clause: Limit one of each PokÃ©mon
|rule|OHKO Clause: OHKO moves are banned
|rule|Moody Clause: Moody is banned
|rule|Evasion Moves Clause: Evasion moves are banned
|rule|Endless Battle Clause: Forcing endless battles is banned
|rule|HP Percentage Mod: HP is shown in percentages
|teampreview
|join|Storm's Gale
|c| Storm's Gale|ban megabro y\/y?
|c| Storm's Gale|I want it banned....
|
|start
|switch|p1a: Metagross|Metagross|302\/302
|switch|p2a: Keldeo-Resolute|Keldeo-Resolute|323\/323
|turn|1
|
|switch|p2a: Ferrothorn|Ferrothorn, M|352\/352
|detailschange|p1a: Metagross|Metagross-Mega
|message|Metagross has Mega Evolved into Mega Metagross!
|move|p1a: Metagross|Hammer Arm|p2a: Ferrothorn|[miss]
|-miss|p1a: Metagross|p2a: Ferrothorn
|
|turn|2
|
|switch|p1a: Infernape|Infernape, M|293\/293
|move|p2a: Ferrothorn|Spikes|p1a: Infernape
|-sidestart|p1: Level 56|Spikes
|
|turn|3
|
|switch|p2a: Latias|Latias, F|321\/321
|move|p1a: Infernape|Stealth Rock|p2a: Latias
|-sidestart|p2: KratosSnake|move: Stealth Rock
|
|turn|4
|
|move|p2a: Latias|Psyshock|p1a: Infernape
|-supereffective|p1a: Infernape
|-enditem|p1a: Infernape|Focus Sash
|-damage|p1a: Infernape|1\/293
|-damage|p2a: Latias|289\/321|[from] item: Life Orb
|move|p1a: Infernape|Endeavor|p2a: Latias
|-damage|p2a: Latias|1\/321
|
|turn|5
|
|move|p1a: Infernape|Vacuum Wave|p2a: Latias
|-resisted|p2a: Latias
|-damage|p2a: Latias|0 fnt
|faint|p2a: Latias
|
|
|switch|p2a: Tyranitar|Tyranitar, F|403\/403
|-damage|p2a: Tyranitar|353\/403|[from] Stealth Rock
|-weather|Sandstorm
|turn|6
|
|move|p1a: Infernape|Endeavor|p2a: Tyranitar
|-damage|p2a: Tyranitar|1\/403
|move|p2a: Tyranitar|Stealth Rock|p1a: Infernape
|-sidestart|p1: Level 56|move: Stealth Rock
|
|-weather|Sandstorm|[upkeep]
|-damage|p1a: Infernape|0 fnt|[from] sandstorm
|faint|p1a: Infernape
|
|switch|p1a: Metagross|Metagross-Mega|302\/302
|-damage|p1a: Metagross|265\/302|[from] Spikes
|-damage|p1a: Metagross|247\/302|[from] Stealth Rock
|turn|7
|
|switch|p2a: Ferrothorn|Ferrothorn, M|352\/352
|-damage|p2a: Ferrothorn|330\/352|[from] Stealth Rock
|move|p1a: Metagross|Meteor Mash|p2a: Ferrothorn
|-resisted|p2a: Ferrothorn
|-damage|p2a: Ferrothorn|252\/352
|-damage|p1a: Metagross|210\/302|[from] ability: Iron Barbs|[of] p2a: Ferrothorn
|
|-weather|Sandstorm|[upkeep]
|-heal|p2a: Ferrothorn|274\/352|[from] item: Leftovers
|turn|8
|
|move|p1a: Metagross|Hammer Arm|p2a: Ferrothorn
|-supereffective|p2a: Ferrothorn
|-damage|p2a: Ferrothorn|22\/352
|-damage|p1a: Metagross|173\/302|[from] ability: Iron Barbs|[of] p2a: Ferrothorn
|-unboost|p1a: Metagross|spe|1
|move|p2a: Ferrothorn|Leech Seed|p1a: Metagross
|-start|p1a: Metagross|move: Leech Seed
|
|-weather|Sandstorm|[upkeep]
|-heal|p2a: Ferrothorn|44\/352|[from] item: Leftovers
|-damage|p1a: Metagross|136\/302|[from] Leech Seed|[of] p2a: Ferrothorn
|-heal|p2a: Ferrothorn|81\/352|[silent]
|turn|9
|
|switch|p1a: Keldeo-Resolute|Keldeo-Resolute|323\/323
|-damage|p1a: Keldeo-Resolute|283\/323|[from] Spikes
|-damage|p1a: Keldeo-Resolute|263\/323|[from] Stealth Rock
|move|p2a: Ferrothorn|Power Whip|p1a: Keldeo-Resolute
|-crit|p1a: Keldeo-Resolute
|-supereffective|p1a: Keldeo-Resolute
|-damage|p1a: Keldeo-Resolute|0 fnt
|faint|p1a: Keldeo-Resolute
|
|-weather|Sandstorm|[upkeep]
|-heal|p2a: Ferrothorn|103\/352|[from] item: Leftovers
|
|switch|p1a: Bisharp|Bisharp, F|272\/272
|-damage|p1a: Bisharp|255\/272|[from] Stealth Rock
|-damage|p1a: Bisharp|221\/272|[from] Spikes
|turn|10
|
|switch|p2a: Keldeo-Resolute|Keldeo-Resolute|323\/323
|-damage|p2a: Keldeo-Resolute|303\/323|[from] Stealth Rock
|move|p1a: Bisharp|Knock Off|p2a: Keldeo-Resolute
|-resisted|p2a: Keldeo-Resolute
|-damage|p2a: Keldeo-Resolute|177\/323
|-boost|p2a: Keldeo-Resolute|atk|1|[from] ability: Justified
|-enditem|p2a: Keldeo-Resolute|Choice Specs|[from] move: Knock Off|[of] p1a: Bisharp
|-damage|p1a: Bisharp|194\/272|[from] item: Life Orb
|
|-weather|Sandstorm|[upkeep]
|-damage|p2a: Keldeo-Resolute|157\/323|[from] sandstorm
|turn|11
|
|switch|p1a: Dragonite|Dragonite, M|324\/324
|-damage|p1a: Dragonite|243\/324|[from] Stealth Rock
|move|p2a: Keldeo-Resolute|Secret Sword|p1a: Dragonite
|-resisted|p1a: Dragonite
|-damage|p1a: Dragonite|169\/324
|
|-weather|Sandstorm|[upkeep]
|-damage|p2a: Keldeo-Resolute|137\/323|[from] sandstorm
|-damage|p1a: Dragonite|149\/324|[from] sandstorm
|turn|12
|
|switch|p2a: Diancie|Diancie|241\/241
|-damage|p2a: Diancie|211\/241|[from] Stealth Rock
|move|p1a: Dragonite|Extreme Speed|p2a: Diancie
|-resisted|p2a: Diancie
|-damage|p2a: Diancie|153\/241
|
|-weather|Sandstorm|[upkeep]
|-damage|p1a: Dragonite|129\/324|[from] sandstorm
|turn|13
|
|detailschange|p2a: Diancie|Diancie-Mega
|message|Diancie has Mega Evolved into Mega Diancie!
|move|p1a: Dragonite|Extreme Speed|p2a: Diancie
|-resisted|p2a: Diancie
|-damage|p2a: Diancie|70\/241
|move|p2a: Diancie|Moonblast|p1a: Dragonite
|-supereffective|p1a: Dragonite
|-damage|p1a: Dragonite|0 fnt
|faint|p1a: Dragonite
|
|-weather|none
|
|switch|p1a: Metagross|Metagross-Mega|136\/302
|-damage|p1a: Metagross|99\/302|[from] Spikes
|-damage|p1a: Metagross|81\/302|[from] Stealth Rock
|turn|14
|
|switch|p2a: Ferrothorn|Ferrothorn, M|103\/352
|-damage|p2a: Ferrothorn|81\/352|[from] Stealth Rock
|move|p1a: Metagross|Meteor Mash|p2a: Ferrothorn
|-resisted|p2a: Ferrothorn
|-damage|p2a: Ferrothorn|0 fnt
|-damage|p1a: Metagross|44\/302|[from] ability: Iron Barbs|[of] p2a: Ferrothorn
|faint|p2a: Ferrothorn
|
|
|switch|p2a: Diancie|Diancie-Mega|70\/241
|-damage|p2a: Diancie|40\/241|[from] Stealth Rock
|turn|15
|
|move|p1a: Metagross|Bullet Punch|p2a: Diancie
|-supereffective|p2a: Diancie
|-damage|p2a: Diancie|0 fnt
|faint|p2a: Diancie
|
|
|switch|p2a: Keldeo-Resolute|Keldeo-Resolute|137\/323
|-damage|p2a: Keldeo-Resolute|117\/323|[from] Stealth Rock
|turn|16
|
|move|p1a: Metagross|Hammer Arm|p2a: Keldeo-Resolute
|-damage|p2a: Keldeo-Resolute|0 fnt
|-unboost|p1a: Metagross|spe|1
|faint|p2a: Keldeo-Resolute
|
|
|switch|p2a: Excadrill|Excadrill, F|362\/362
|-damage|p2a: Excadrill|351\/362|[from] Stealth Rock
|turn|17
|
|move|p1a: Metagross|Bullet Punch|p2a: Excadrill
|-resisted|p2a: Excadrill
|-damage|p2a: Excadrill|278\/362
|move|p2a: Excadrill|Rapid Spin|p1a: Metagross
|-resisted|p1a: Metagross
|-damage|p1a: Metagross|31\/302
|-sideend|p2: KratosSnake|Stealth Rock|[from] move: Rapid Spin|[of] p2a: Excadrill
|-damage|p2a: Excadrill|242\/362|[from] item: Life Orb
|
|turn|18
|
|switch|p2a: Tyranitar|Tyranitar, F|1\/403
|-weather|Sandstorm
|move|p1a: Metagross|Bullet Punch|p2a: Tyranitar
|-supereffective|p2a: Tyranitar
|-damage|p2a: Tyranitar|0 fnt
|faint|p2a: Tyranitar
|
|-weather|Sandstorm|[upkeep]
|
|switch|p2a: Excadrill|Excadrill, F|242\/362
|turn|19
|
|move|p1a: Metagross|Bullet Punch|p2a: Excadrill
|-resisted|p2a: Excadrill
|-damage|p2a: Excadrill|169\/362
|move|p2a: Excadrill|Earthquake|p1a: Metagross
|-supereffective|p1a: Metagross
|-damage|p1a: Metagross|0 fnt
|-damage|p2a: Excadrill|133\/362|[from] item: Life Orb
|faint|p1a: Metagross
|
|-weather|Sandstorm|[upkeep]
|
|switch|p1a: Bisharp|Bisharp, F|194\/272
|-damage|p1a: Bisharp|177\/272|[from] Stealth Rock
|-damage|p1a: Bisharp|143\/272|[from] Spikes
|turn|20
|
|move|p1a: Bisharp|Sucker Punch|p2a: Excadrill
|-damage|p2a: Excadrill|0 fnt
|-damage|p1a: Bisharp|116\/272|[from] item: Life Orb
|faint|p2a: Excadrill
|
|win|Level 56
|raw|Ladder updating...
|raw|Level 56's rating: 1690 &rarr; <strong>1710<\/strong><br \/>(+20 for winning)
|raw|KratosSnake's rating: 1689 &rarr; <strong>1669<\/strong><br \/>(-20 for losing)
|leave|KratosSnake
|player|p2