|join|audino spumoni
|join|KratosSnake
|player|p1|audino spumoni|5
|player|p2|KratosSnake|159
|gametype|singles
|gen|6
|tier|OU
|rated
|clearpoke
|poke|p1|Sableye, M
|poke|p1|Excadrill, M
|poke|p1|Manaphy
|poke|p1|Gliscor, F
|poke|p1|Talonflame, F
|poke|p1|Clefable, M
|poke|p2|Ferrothorn, M
|poke|p2|Diancie
|poke|p2|Tyranitar, F
|poke|p2|Keldeo-Resolute
|poke|p2|Latias, F
|poke|p2|Excadrill, F
|rule|Swagger Clause: Swagger is banned
|rule|Baton Pass Clause: Limit one PokÃ©mon knowing Baton Pass
|rule|Sleep Clause Mod: Limit one foe put to sleep
|rule|Species Clause: Limit one of each PokÃ©mon
|rule|OHKO Clause: OHKO moves are banned
|rule|Moody Clause: Moody is banned
|rule|Evasion Moves Clause: Evasion moves are banned
|rule|Endless Battle Clause: Forcing endless battles is banned
|rule|HP Percentage Mod: HP is shown in percentages
|teampreview
|
|start
|switch|p1a: Excadrill|Excadrill, M|424\/424
|switch|p2a: Diancie|Diancie|241\/241
|-ability|p1a: Excadrill|Mold Breaker
|turn|1
|
|switch|p2a: Latias|Latias, F|321\/321
|switch|p1a: Sableye|Sableye, M|303\/303
|
|turn|2
|
|switch|p2a: Keldeo-Resolute|Keldeo-Resolute|323\/323
|detailschange|p1a: Sableye|Sableye-Mega, M
|message|Sableye has Mega Evolved into Mega Sableye!
|move|p1a: Sableye|Knock Off|p2a: Keldeo-Resolute
|-resisted|p2a: Keldeo-Resolute
|-damage|p2a: Keldeo-Resolute|267\/323
|-boost|p2a: Keldeo-Resolute|atk|1|[from] ability: Justified
|-enditem|p2a: Keldeo-Resolute|Choice Specs|[from] move: Knock Off|[of] p1a: Sableye
|
|turn|3
|
|switch|p1a: Manaphy|Manaphy|401\/401
|move|p2a: Keldeo-Resolute|Scald|p1a: Manaphy
|-resisted|p1a: Manaphy
|-damage|p1a: Manaphy|350\/401
|-status|p1a: Manaphy|brn
|
|-heal|p1a: Manaphy|375\/401 brn|[from] item: Leftovers
|-damage|p1a: Manaphy|325\/401 brn|[from] brn
|turn|4
|
|switch|p2a: Ferrothorn|Ferrothorn, M|352\/352
|move|p1a: Manaphy|Rain Dance|p1a: Manaphy
|-weather|RainDance
|
|-weather|RainDance|[upkeep]
|-curestatus|p1a: Manaphy|brn
|-heal|p1a: Manaphy|350\/401|[from] item: Leftovers
|turn|5
|
|switch|p2a: Diancie|Diancie|241\/241
|move|p1a: Manaphy|U-turn|p2a: Diancie
|-crit|p2a: Diancie
|-resisted|p2a: Diancie
|-damage|p2a: Diancie|211\/241
|
|switch|p1a: Excadrill|Excadrill, M|424\/424
|-ability|p1a: Excadrill|Mold Breaker
|
|-weather|RainDance|[upkeep]
|turn|6
|
|switch|p2a: Ferrothorn|Ferrothorn, M|352\/352
|move|p1a: Excadrill|Earthquake|p2a: Ferrothorn
|-damage|p2a: Ferrothorn|235\/352
|
|-weather|RainDance|[upkeep]
|-heal|p2a: Ferrothorn|257\/352|[from] item: Leftovers
|turn|7
|
|switch|p1a: Gliscor|Gliscor, F|353\/353
|move|p2a: Ferrothorn|Power Whip|p1a: Gliscor
|-damage|p1a: Gliscor|268\/353
|
|-weather|RainDance|[upkeep]
|-heal|p2a: Ferrothorn|279\/352|[from] item: Leftovers
|-status|p1a: Gliscor|tox|[from] item: Toxic Orb
|turn|8
|
|move|p1a: Gliscor|U-turn|p2a: Ferrothorn
|-damage|p2a: Ferrothorn|242\/352
|-damage|p1a: Gliscor|224\/353 tox|[from] ability: Iron Barbs|[of] p2a: Ferrothorn
|
|switch|p1a: Sableye|Sableye-Mega, M|303\/303
|move|p2a: Ferrothorn|Spikes|p1a: Sableye
|move|p1a: Sableye|Spikes|p2a: Ferrothorn|[from]Magic Bounce
|-sidestart|p2: KratosSnake|Spikes
|
|-weather|none
|-heal|p2a: Ferrothorn|264\/352|[from] item: Leftovers
|turn|9
|
|switch|p2a: Keldeo-Resolute|Keldeo-Resolute|267\/323
|-damage|p2a: Keldeo-Resolute|227\/323|[from] Spikes
|move|p1a: Sableye|Will-O-Wisp|p2a: Keldeo-Resolute
|-status|p2a: Keldeo-Resolute|brn
|
|-damage|p2a: Keldeo-Resolute|187\/323 brn|[from] brn
|turn|10
|
|switch|p1a: Manaphy|Manaphy|350\/401
|move|p2a: Keldeo-Resolute|Scald|p1a: Manaphy
|-resisted|p1a: Manaphy
|-damage|p1a: Manaphy|301\/401
|-status|p1a: Manaphy|brn
|
|-heal|p1a: Manaphy|326\/401 brn|[from] item: Leftovers
|-damage|p2a: Keldeo-Resolute|147\/323 brn|[from] brn
|-damage|p1a: Manaphy|276\/401 brn|[from] brn
|turn|11
|
|switch|p2a: Latias|Latias, F|321\/321
|move|p1a: Manaphy|Rain Dance|p1a: Manaphy
|-weather|RainDance
|
|-weather|RainDance|[upkeep]
|-curestatus|p1a: Manaphy|brn
|-heal|p1a: Manaphy|301\/401|[from] item: Leftovers
|turn|12
|
|switch|p2a: Ferrothorn|Ferrothorn, M|264\/352
|-damage|p2a: Ferrothorn|220\/352|[from] Spikes
|move|p1a: Manaphy|Rest|p1a: Manaphy
|-status|p1a: Manaphy|slp
|-heal|p1a: Manaphy|401\/401 slp|[silent]
|-status|p1a: Manaphy|slp|[from] move: Rest
|
|-weather|RainDance|[upkeep]
|-curestatus|p1a: Manaphy|slp
|-heal|p2a: Ferrothorn|242\/352|[from] item: Leftovers
|turn|13
|join|i came from leddit
|
|move|p1a: Manaphy|U-turn|p2a: Ferrothorn
|-damage|p2a: Ferrothorn|208\/352
|-damage|p1a: Manaphy|351\/401|[from] ability: Iron Barbs|[of] p2a: Ferrothorn
|join|Amirness
|
|switch|p1a: Sableye|Sableye-Mega, M|303\/303
|move|p2a: Ferrothorn|Leech Seed|p1a: Sableye
|move|p1a: Sableye|Leech Seed|p2a: Ferrothorn|[from]Magic Bounce
|-immune|p2a: Ferrothorn|[msg]
|
|-weather|RainDance|[upkeep]
|-heal|p2a: Ferrothorn|230\/352|[from] item: Leftovers
|turn|14
|c| Amirness|nice team fren lol
|
|switch|p1a: Manaphy|Manaphy|351\/401
|switch|p2a: Keldeo-Resolute|Keldeo-Resolute|147\/323 brn
|-damage|p2a: Keldeo-Resolute|107\/323 brn|[from] Spikes
|
|-weather|RainDance|[upkeep]
|-heal|p1a: Manaphy|376\/401|[from] item: Leftovers
|-damage|p2a: Keldeo-Resolute|67\/323 brn|[from] brn
|turn|15
|
|move|p2a: Keldeo-Resolute|Secret Sword|p1a: Manaphy
|-damage|p1a: Manaphy|228\/401
|move|p1a: Manaphy|U-turn|p2a: Keldeo-Resolute
|-resisted|p2a: Keldeo-Resolute
|-damage|p2a: Keldeo-Resolute|42\/323 brn
|leave|Amirness
|
|switch|p1a: Talonflame|Talonflame, F|345\/345
|
|-weather|none
|-damage|p2a: Keldeo-Resolute|2\/323 brn|[from] brn
|turn|16
|
|switch|p1a: Manaphy|Manaphy|228\/401
|move|p2a: Keldeo-Resolute|Scald|p1a: Manaphy
|-resisted|p1a: Manaphy
|-damage|p1a: Manaphy|177\/401
|
|-heal|p1a: Manaphy|202\/401|[from] item: Leftovers
|-damage|p2a: Keldeo-Resolute|0 fnt|[from] brn
|faint|p2a: Keldeo-Resolute
|
|switch|p2a: Latias|Latias, F|321\/321
|turn|17
|
|switch|p2a: Excadrill|Excadrill, F|362\/362
|-damage|p2a: Excadrill|317\/362|[from] Spikes
|switch|p1a: Excadrill|Excadrill, M|424\/424
|-ability|p1a: Excadrill|Mold Breaker
|
|turn|18
|
|switch|p2a: Ferrothorn|Ferrothorn, M|230\/352
|-damage|p2a: Ferrothorn|186\/352|[from] Spikes
|switch|p1a: Gliscor|Gliscor, F|224\/353 tox
|
|-heal|p2a: Ferrothorn|208\/352|[from] item: Leftovers
|-heal|p1a: Gliscor|268\/353 tox|[from] ability: Poison Heal
|turn|19
|
|move|p1a: Gliscor|Taunt|p2a: Ferrothorn
|-start|p2a: Ferrothorn|move: Taunt
|move|p2a: Ferrothorn|Power Whip|p1a: Gliscor
|-damage|p1a: Gliscor|180\/353 tox
|
|-heal|p2a: Ferrothorn|230\/352|[from] item: Leftovers
|-heal|p1a: Gliscor|224\/353 tox|[from] ability: Poison Heal
|turn|20
|
|switch|p1a: Talonflame|Talonflame, F|345\/345
|move|p2a: Ferrothorn|Gyro Ball|p1a: Talonflame
|-crit|p1a: Talonflame
|-resisted|p1a: Talonflame
|-damage|p1a: Talonflame|231\/345
|
|-heal|p1a: Talonflame|252\/345|[from] item: Leftovers
|-heal|p2a: Ferrothorn|252\/352|[from] item: Leftovers
|turn|21
|
|switch|p2a: Tyranitar|Tyranitar, F|403\/403
|-damage|p2a: Tyranitar|353\/403|[from] Spikes
|-weather|Sandstorm
|move|p1a: Talonflame|Will-O-Wisp|p2a: Tyranitar
|-status|p2a: Tyranitar|brn
|
|-weather|Sandstorm|[upkeep]
|-damage|p1a: Talonflame|231\/345|[from] sandstorm
|-heal|p1a: Talonflame|252\/345|[from] item: Leftovers
|-damage|p2a: Tyranitar|303\/403 brn|[from] brn
|turn|22
|
|switch|p1a: Sableye|Sableye-Mega, M|303\/303
|switch|p2a: Diancie|Diancie|211\/241
|-damage|p2a: Diancie|181\/241|[from] Spikes
|
|-weather|Sandstorm|[upkeep]
|-damage|p1a: Sableye|285\/303|[from] sandstorm
|turn|23
|
|switch|p1a: Excadrill|Excadrill, M|424\/424
|-ability|p1a: Excadrill|Mold Breaker
|detailschange|p2a: Diancie|Diancie-Mega
|message|Diancie has Mega Evolved into Mega Diancie!
|move|p2a: Diancie|Moonblast|p1a: Excadrill
|-resisted|p1a: Excadrill
|-damage|p1a: Excadrill|331\/424
|
|-weather|Sandstorm|[upkeep]
|-heal|p1a: Excadrill|357\/424|[from] item: Leftovers
|turn|24
|
|move|p2a: Diancie|Earth Power|p1a: Excadrill
|-supereffective|p1a: Excadrill
|-damage|p1a: Excadrill|129\/424
|move|p1a: Excadrill|Earthquake|p2a: Diancie
|-supereffective|p2a: Diancie
|-damage|p2a: Diancie|0 fnt
|faint|p2a: Diancie
|
|-weather|Sandstorm|[upkeep]
|-heal|p1a: Excadrill|155\/424|[from] item: Leftovers
|-message|KratosSnake forfeited.
|
|win|audino spumoni
|raw|Ladder updating...
|leave|KratosSnake
|player|p2
|leave|i came from leddit
|raw|audino spumoni's rating: 1833 &rarr; <strong>1842<\/strong><br \/>(+9 for winning)
|raw|KratosSnake's rating: 1620 &rarr; <strong>1611<\/strong><br \/>(-9 for losing)
|c|âaudino spumoni|woot