|join|KratosSnake
|join|jake5
|player|p1|KratosSnake|159
|player|p2|jake5|290
|gametype|singles
|gen|6
|tier|OU
|clearpoke
|poke|p1|Lopunny, F, shiny
|poke|p1|Greninja, M, shiny
|poke|p1|Rotom-Wash
|poke|p1|Landorus-Therian, M
|poke|p1|Clefable, F
|poke|p1|Heatran, M
|poke|p2|Landorus, M, shiny
|poke|p2|Bisharp, M, shiny
|poke|p2|Greninja, M, shiny
|poke|p2|Gengar, F, shiny
|poke|p2|Azelf, shiny
|poke|p2|Lopunny, F, shiny
|rule|Swagger Clause: Swagger is banned
|rule|Baton Pass Clause: Limit one PokÃ©mon knowing Baton Pass
|rule|Sleep Clause Mod: Limit one foe put to sleep
|rule|Species Clause: Limit one of each PokÃ©mon
|rule|OHKO Clause: OHKO moves are banned
|rule|Moody Clause: Moody is banned
|rule|Evasion Moves Clause: Evasion moves are banned
|rule|Endless Battle Clause: Forcing endless battles is banned
|rule|HP Percentage Mod: HP is shown in percentages
|teampreview
|c|âjake5|gl
|join|CleanerThanRotom-W
|c|âKratosSnake|u2
|c| CleanerThanRotom-W|ladder
|c| CleanerThanRotom-W|?
|join|swaqfeq
|c|âjake5|n
|
|start
|switch|p1a: King VII|Landorus-Therian, M|319\/319
|switch|p2a: Azelf|Azelf, shiny|291\/291
|-ability|p1a: King VII|Intimidate|[of] p2a: Azelf
|-unboost|p2a: Azelf|atk|1
|turn|1
|c| CleanerThanRotom-W|k
|
|move|p1a: King VII|U-turn|p2a: Azelf
|-supereffective|p2a: Azelf
|-damage|p2a: Azelf|53\/291
|
|switch|p1a: Gray Fox|Greninja, M, shiny|285\/285
|move|p2a: Azelf|Stealth Rock|p1a: Gray Fox
|-sidestart|p1: KratosSnake|move: Stealth Rock
|
|turn|2
|c| swaqfeq|do u play anything but ho jake?
|c|âjake5|n
|c|âjake5|ho=<3
|c| CleanerThanRotom-W|yea jake
|c| swaqfeq|gutta agree
|c| CleanerThanRotom-W|ur a ho
|c| CleanerThanRotom-W|...
|
|move|p1a: Gray Fox|Dark Pulse|p2a: Azelf
|-start|p1a: Gray Fox|typechange|Dark|[from] Protean
|-supereffective|p2a: Azelf
|-damage|p2a: Azelf|0 fnt
|-damage|p1a: Gray Fox|257\/285|[from] item: Life Orb
|faint|p2a: Azelf
|
|c| swaqfeq|top l0l
|c|âjake5|eh i tried balanced but i dunno
|c| swaqfeq|ratchet ass ho
|c|âjake5|and i cant for the life of me stand to play stall
|c|âKratosSnake|that his style
|
|switch|p2a: Lopunny|Lopunny, F, shiny|271\/271
|turn|3
|c| swaqfeq|i like ho\/balance
|c| CleanerThanRotom-W|then u dont know the meanig of life jake
|c| swaqfeq|i try to make plays when playing stall
|c| CleanerThanRotom-W|i feel sad for u
|c| swaqfeq|then i fuck up
|c|âKratosSnake|yeah me to
|c|âjake5|sure
|
|switch|p1a: Jill Valentine|Clefable, F|394\/394
|switch|p2a: Gengar|Gengar, F, shiny|261\/261
|
|turn|4
|c| CleanerThanRotom-W|jake
|c|âjake5|wut
|c| CleanerThanRotom-W|i got a cool balance team
|c| CleanerThanRotom-W|wanna battle me
|c| swaqfeq|hmu pls
|c| CleanerThanRotom-W|after dis?
|c|âjake5|will see
|
|switch|p1a: King VII|Landorus-Therian, M|319\/319
|-damage|p1a: King VII|280\/319|[from] Stealth Rock
|-ability|p1a: King VII|Intimidate|[of] p2a: Gengar
|-unboost|p2a: Gengar|atk|1
|move|p2a: Gengar|Focus Blast|p1a: King VII
|-resisted|p1a: King VII
|-damage|p1a: King VII|177\/319
|-damage|p2a: Gengar|235\/261|[from] item: Life Orb
|
|turn|5
|c| CleanerThanRotom-W|will see
|c| CleanerThanRotom-W|is not an option
|c|âjake5|k
|
|move|p1a: King VII|U-turn|p2a: Gengar
|-resisted|p2a: Gengar
|-damage|p2a: Gengar|204\/261
|c| CleanerThanRotom-W|>k
|c| swaqfeq|rotom ik ima a randy n shit
|
|switch|p1a: Gray Fox|Greninja, M, shiny|257\/285
|-damage|p1a: Gray Fox|222\/285|[from] Stealth Rock
|move|p2a: Gengar|Focus Blast|p1a: Gray Fox
|-supereffective|p1a: Gray Fox
|-damage|p1a: Gray Fox|0 fnt
|-damage|p2a: Gengar|178\/261|[from] item: Life Orb
|faint|p1a: Gray Fox
|
|c| swaqfeq|but pls can i use it
|c| swaqfeq|......
|c|âjake5|omg
|c|âjake5|hit 2 focus blasts
|
|switch|p1a: Tifa Lockhart|Lopunny, F, shiny|271\/271
|-damage|p1a: Tifa Lockhart|238\/271|[from] Stealth Rock
|turn|6
|c| CleanerThanRotom-W|jake
|c|âjake5|thats probs a record
|c| CleanerThanRotom-W|are u proud
|c|âjake5|y
|c| CleanerThanRotom-W|i c
|
|switch|p2a: Lopunny|Lopunny, F, shiny|271\/271
|switch|p1a: King VII|Landorus-Therian, M|177\/319
|-damage|p1a: King VII|138\/319|[from] Stealth Rock
|-ability|p1a: King VII|Intimidate|[of] p2a: Lopunny
|-unboost|p2a: Lopunny|atk|1
|
|turn|7
|c| CleanerThanRotom-W|LOL
|c| CleanerThanRotom-W|lopunny the lopunny counter
|c| CleanerThanRotom-W|best switch in
|c|âjake5|n he was obv gonna fake out
|
|detailschange|p2a: Lopunny|Lopunny-Mega, F, shiny
|-mega|p2a: Lopunny|Lopunny|Lopunnite
|move|p2a: Lopunny|Fake Out|p1a: King VII
|-damage|p1a: King VII|89\/319
|cant|p1a: King VII|flinch
|
|turn|8
|c|âjake5|and not like i got any other option
|c| CleanerThanRotom-W|still
|
|switch|p2a: Gengar|Gengar, F, shiny|178\/261
|move|p1a: King VII|Knock Off|p2a: Gengar
|-supereffective|p2a: Gengar
|-damage|p2a: Gengar|0 fnt
|-enditem|p2a: Gengar|Life Orb|[from] move: Knock Off|[of] p1a: King VII
|faint|p2a: Gengar
|
|c| CleanerThanRotom-W|-1
|c|âjake5|well that sux but w\/e
|c|âjake5|hmmmm
|c| swaqfeq|you run gengar on every team doe
|
|switch|p2a: Bisharp|Bisharp, M, shiny|271\/271
|turn|9
|c|âjake5|pretty much
|c|âjake5|gengar = <3
|c| CleanerThanRotom-W|and lando
|c| CleanerThanRotom-W|and bisharp
|
|switch|p1a: Heat Man|Heatran, M|324\/324
|-damage|p1a: Heat Man|284\/324|[from] Stealth Rock
|-item|p1a: Heat Man|Air Balloon
|move|p2a: Bisharp|Swords Dance|p2a: Bisharp
|-boost|p2a: Bisharp|atk|2
|
|turn|10
|c| CleanerThanRotom-W|and azelf
|c| CleanerThanRotom-W|...
|c|âjake5|n
|c| swaqfeq|and azelf
|c| swaqfeq|ye
|c|âjake5|i hardly use sharp
|c|âjake5|and azelf pretty much
|c| CleanerThanRotom-W|i suppose
|join|I ABR I
|c|âjake5|and landoge most times
|c| swaqfeq|you gutta bring back the daunt team
|c|âjake5|but not always
|c|âjake5|but i usually always bring at least one lando form
|c|âjake5|n greninja fucks all over it
|c| swaqfeq|>usually always
|c|âjake5|at least in xy not all landos had dark pulse
|c| CleanerThanRotom-W|i like defensive lando
|c| I ABR I|oml jake
|c| I ABR I|ur so lop weak
|c| I ABR I|wtf
|c|âjake5|wut?
|c| swaqfeq|>landos
|c|âjake5|which ho team isnt
|c| I ABR I|um
|c| I ABR I|scarf lati
|c| I ABR I|scarf keld
|
|move|p2a: Bisharp|Sucker Punch|p1a: Heat Man
|-fail|p1a: Heat Man
|move|p1a: Heat Man|Stealth Rock|p2a: Bisharp
|-sidestart|p2: jake5|move: Stealth Rock
|
|turn|11
|c| I ABR I|sceptile
|c|âjake5|prolly
|c|âjake5|but w\/e
|c| CleanerThanRotom-W|wow
|c| I ABR I|metagross sometimes
|c| CleanerThanRotom-W|get played
|c| CleanerThanRotom-W|hit x jake
|c|âjake5|sure
|c| CleanerThanRotom-W|k
|c|âjake5|eh ik
|c| I ABR I|sr wisp
|c| I ABR I|lgi
|
|move|p2a: Bisharp|Sucker Punch|p1a: Heat Man
|-damage|p1a: Heat Man|0 fnt
|-enditem|p1a: Heat Man|Air Balloon
|-damage|p2a: Bisharp|244\/271|[from] item: Life Orb
|faint|p1a: Heat Man
|
|c| I ABR I|oh lops in range
|c| I ABR I|rip
|c|âjake5|landos please :]
|
|switch|p1a: Tifa Lockhart|Lopunny, F, shiny|238\/271
|-damage|p1a: Tifa Lockhart|205\/271|[from] Stealth Rock
|turn|12
|c|âjake5|ez
|
|detailschange|p1a: Tifa Lockhart|Lopunny-Mega, F, shiny
|-mega|p1a: Tifa Lockhart|Lopunny|Lopunnite
|move|p2a: Bisharp|Sucker Punch|p1a: Tifa Lockhart
|-resisted|p1a: Tifa Lockhart
|-damage|p1a: Tifa Lockhart|15\/271
|-damage|p2a: Bisharp|217\/271|[from] item: Life Orb
|move|p1a: Tifa Lockhart|High Jump Kick|p2a: Bisharp
|-supereffective|p2a: Bisharp
|-damage|p2a: Bisharp|0 fnt
|faint|p2a: Bisharp
|
|c| I ABR I|nb
|c| I ABR I|nb at all
|c|âjake5|well that sucked
|c|âjake5|w\/e
|c|âjake5|at least he dies to rox
|c| I ABR I|drain punch woulda been nice there
|
|switch|p2a: Lopunny|Lopunny-Mega, F, shiny|271\/271
|-damage|p2a: Lopunny|255\/271|[from] Stealth Rock
|turn|13
|c| I ABR I|i run it over ice
|c|âjake5|not all carry dpunch
|c| CleanerThanRotom-W|rip
|c| CleanerThanRotom-W|nice knowing u jake
|
|switch|p1a: Jill Valentine|Clefable, F|394\/394
|move|p2a: Lopunny|Fake Out|p1a: Jill Valentine
|-damage|p1a: Jill Valentine|319\/394
|
|-heal|p1a: Jill Valentine|343\/394|[from] item: Leftovers
|turn|14
|c|âjake5|i dunno wtf your talking about
|c|âjake5|your talking like i lost LOL
|c| CleanerThanRotom-W|LOL
|c| I ABR I|u kinda did if its scarf lando
|c| CleanerThanRotom-W|who knows
|
|move|p2a: Lopunny|Frustration|p1a: Jill Valentine
|-damage|p1a: Jill Valentine|147\/394
|move|p1a: Jill Valentine|Moonblast|p2a: Lopunny
|-supereffective|p2a: Lopunny
|-damage|p2a: Lopunny|45\/271
|
|-heal|p1a: Jill Valentine|171\/394|[from] item: Leftovers
|turn|15
|c| CleanerThanRotom-W|:^)
|c|âjake5|damage
|c|âjake5|tanked it
|c| I ABR I|and he didnt soft
|c|âjake5|like a boss
|c| I ABR I|:(
|c|âjake5|well it did do 50
|c| CleanerThanRotom-W|jake doesnt like his mons...
|
|move|p2a: Lopunny|Frustration|p1a: Jill Valentine
|-damage|p1a: Jill Valentine|0 fnt
|faint|p1a: Jill Valentine
|
|c| I ABR I|he has lefties
|c| I ABR I|and it was a high roll
|
|switch|p1a: Shang Tsung|Rotom-Wash|303\/303
|-damage|p1a: Shang Tsung|266\/303|[from] Stealth Rock
|turn|16
|c|âjake5|ah ok
|c| CleanerThanRotom-W|why not punny
|
|move|p2a: Lopunny|High Jump Kick|p1a: Shang Tsung
|-damage|p1a: Shang Tsung|85\/303
|move|p1a: Shang Tsung|Volt Switch|p2a: Lopunny
|-damage|p2a: Lopunny|0 fnt
|faint|p2a: Lopunny
|c|âjake5|damage
|
|switch|p1a: Tifa Lockhart|Lopunny-Mega, F, shiny|15\/271
|-damage|p1a: Tifa Lockhart|0 fnt|[from] Stealth Rock
|faint|p1a: Tifa Lockhart
|
|c|âjake5|hmm
|
|switch|p1a: King VII|Landorus-Therian, M|89\/319
|switch|p2a: Landorus|Landorus, M, shiny|345\/345
|-damage|p1a: King VII|50\/319|[from] Stealth Rock
|-ability|p1a: King VII|Intimidate|[of] p2a: Landorus
|-unboost|p2a: Landorus|atk|1
|-damage|p2a: Landorus|302\/345|[from] Stealth Rock
|turn|17
|c| CleanerThanRotom-W|>hmm
|c| CleanerThanRotom-W|u use
|c| CleanerThanRotom-W|hmm
|c|âjake5|ko spam op
|c| CleanerThanRotom-W|and zzz too much
|c| CleanerThanRotom-W|jake
|c|âjake5|ikr
|
|switch|p2a: Greninja|Greninja, M, shiny|285\/285
|-damage|p2a: Greninja|250\/285|[from] Stealth Rock
|move|p1a: King VII|Stone Edge|p2a: Greninja|[miss]
|-miss|p1a: King VII|p2a: Greninja
|
|turn|18
|c|âjake5|sorry
|c| CleanerThanRotom-W|>says sorry
|c| swaqfeq|luke
|c| CleanerThanRotom-W|>even tho hes not
|
|move|p1a: King VII|Stone Edge|p2a: Greninja
|-damage|p2a: Greninja|64\/285
|move|p2a: Greninja|Dark Pulse|p1a: King VII
|-start|p2a: Greninja|typechange|Dark|[from] Protean
|-crit|p1a: King VII
|-damage|p1a: King VII|0 fnt
|-damage|p2a: Greninja|36\/285|[from] item: Life Orb
|faint|p1a: King VII
|
|c|âjake5|and bad
|c|âKratosSnake|u win anyway
|c|âjake5|gg fren
|c|âjake5|yeah pretty much
|c|âjake5|i had ko lando
|
|switch|p1a: Shang Tsung|Rotom-Wash|85\/303
|-damage|p1a: Shang Tsung|48\/303|[from] Stealth Rock
|turn|19
|c|âKratosSnake|gg fren
|c|âjake5|shoulda ko'd there tbh
|c|âjake5|but w\/e
|c| CleanerThanRotom-W|hydro
|c| CleanerThanRotom-W|imo
|
|move|p2a: Greninja|Dark Pulse|p1a: Shang Tsung
|-damage|p1a: Shang Tsung|0 fnt
|-damage|p2a: Greninja|8\/285|[from] item: Life Orb
|faint|p1a: Shang Tsung
|
|win|jake5
|c|âjake5|k ctrw come at me
|c| CleanerThanRotom-W|wow
|c| CleanerThanRotom-W|k
|leave|jake5
|leave|CleanerThanRotom-W