|join|cxinlee
|join|KratosSnake
|player|p1|cxinlee|2
|player|p2|KratosSnake|159
|gametype|singles
|gen|6
|tier|OU
|rated
|clearpoke
|poke|p1|Landorus-Therian, M
|poke|p1|Gengar, M
|poke|p1|Heracross, M
|poke|p1|Ferrothorn, F
|poke|p1|Garchomp, M
|poke|p1|Rotom-Wash
|poke|p2|Skarmory, M, shiny
|poke|p2|Greninja, M
|poke|p2|Thundurus, M
|poke|p2|Ditto, shiny
|poke|p2|Keldeo-Resolute
|poke|p2|Tyranitar, M
|rule|Swagger Clause: Swagger is banned
|rule|Baton Pass Clause: Limit one PokÃ©mon knowing Baton Pass
|rule|Sleep Clause Mod: Limit one foe put to sleep
|rule|Species Clause: Limit one of each PokÃ©mon
|rule|OHKO Clause: OHKO moves are banned
|rule|Moody Clause: Moody is banned
|rule|Evasion Moves Clause: Evasion moves are banned
|rule|Endless Battle Clause: Forcing endless battles is banned
|rule|HP Percentage Mod: HP is shown in percentages
|teampreview
|
|start
|switch|p1a: Rotom-Wash|Rotom-Wash|304\/304
|switch|p2a: Metal Gear Ray|Skarmory, M, shiny|334\/334
|turn|1
|
|move|p2a: Metal Gear Ray|Stealth Rock|p1a: Rotom-Wash
|-sidestart|p1: cxinlee|move: Stealth Rock
|move|p1a: Rotom-Wash|Volt Switch|p2a: Metal Gear Ray
|-supereffective|p2a: Metal Gear Ray
|-damage|p2a: Metal Gear Ray|110\/334
|
|switch|p1a: Heracross|Heracross, M|301\/301
|-damage|p1a: Heracross|264\/301|[from] Stealth Rock
|
|turn|2
|
|detailschange|p1a: Heracross|Heracross-Mega, M
|message|Heracross has Mega Evolved into Mega Heracross!
|move|p1a: Heracross|Close Combat|p2a: Metal Gear Ray
|-damage|p2a: Metal Gear Ray|0 fnt
|-unboost|p1a: Heracross|def|1
|-unboost|p1a: Heracross|spd|1
|faint|p2a: Metal Gear Ray
|
|
|switch|p2a: Gray Fox|Greninja, M|286\/286
|turn|3
|
|switch|p1a: Rotom-Wash|Rotom-Wash|304\/304
|-damage|p1a: Rotom-Wash|266\/304|[from] Stealth Rock
|move|p2a: Gray Fox|Hydro Pump|p1a: Rotom-Wash
|-start|p2a: Gray Fox|typechange|Water|[from] Protean
|-resisted|p1a: Rotom-Wash
|-damage|p1a: Rotom-Wash|170\/304
|-damage|p2a: Gray Fox|258\/286|[from] item: Life Orb
|
|-heal|p1a: Rotom-Wash|189\/304|[from] item: Leftovers
|turn|4
|
|switch|p2a: Solidus Snake|Tyranitar, M|341\/341
|-weather|Sandstorm
|move|p1a: Rotom-Wash|Volt Switch|p2a: Solidus Snake
|-damage|p2a: Solidus Snake|281\/341
|
|switch|p1a: Heracross|Heracross-Mega, M|264\/301
|-damage|p1a: Heracross|227\/301|[from] Stealth Rock
|
|-weather|Sandstorm|[upkeep]
|-damage|p1a: Heracross|209\/301|[from] sandstorm
|turn|5
|
|detailschange|p2a: Solidus Snake|Tyranitar-Mega, M
|message|Tyranitar has Mega Evolved into Mega Tyranitar!
|move|p1a: Heracross|Close Combat|p2a: Solidus Snake
|-supereffective|p2a: Solidus Snake
|-damage|p2a: Solidus Snake|0 fnt
|-unboost|p1a: Heracross|def|1
|-unboost|p1a: Heracross|spd|1
|faint|p2a: Solidus Snake
|
|-weather|Sandstorm|[upkeep]
|-damage|p1a: Heracross|191\/301|[from] sandstorm
|
|switch|p2a: Poseidon|Keldeo-Resolute|322\/322
|turn|6
|
|move|p2a: Poseidon|Scald|p1a: Heracross
|-crit|p1a: Heracross
|-damage|p1a: Heracross|0 fnt
|faint|p1a: Heracross
|
|-weather|Sandstorm|[upkeep]
|-damage|p2a: Poseidon|302\/322|[from] sandstorm
|
|switch|p1a: Ferrothorn|Ferrothorn, F|352\/352
|-damage|p1a: Ferrothorn|330\/352|[from] Stealth Rock
|turn|7
|
|switch|p2a: Gray Fox|Greninja, M|258\/286
|move|p1a: Ferrothorn|Stealth Rock|p2a: Gray Fox
|-sidestart|p2: KratosSnake|move: Stealth Rock
|
|-weather|Sandstorm|[upkeep]
|-damage|p2a: Gray Fox|241\/286|[from] sandstorm
|-heal|p1a: Ferrothorn|352\/352|[from] item: Leftovers
|turn|8
|
|switch|p1a: Rotom-Wash|Rotom-Wash|189\/304
|-damage|p1a: Rotom-Wash|151\/304|[from] Stealth Rock
|move|p2a: Gray Fox|Hidden Power|p1a: Rotom-Wash
|-start|p2a: Gray Fox|typechange|Fire|[from] Protean
|-resisted|p1a: Rotom-Wash
|-damage|p1a: Rotom-Wash|96\/304
|-damage|p2a: Gray Fox|213\/286|[from] item: Life Orb
|
|-weather|none
|-heal|p1a: Rotom-Wash|115\/304|[from] item: Leftovers
|turn|9
|
|switch|p2a: Zeus|Thundurus, M|299\/299
|-damage|p2a: Zeus|225\/299|[from] Stealth Rock
|move|p1a: Rotom-Wash|Volt Switch|p2a: Zeus
|-damage|p2a: Zeus|101\/299
|
|switch|p1a: Garchomp|Garchomp, M|358\/358
|-damage|p1a: Garchomp|336\/358|[from] Stealth Rock
|
|turn|10
|
|move|p1a: Garchomp|Dragon Claw|p2a: Zeus
|-damage|p2a: Zeus|0 fnt
|faint|p2a: Zeus
|
|
|switch|p2a: Poseidon|Keldeo-Resolute|302\/322
|-damage|p2a: Poseidon|282\/322|[from] Stealth Rock
|turn|11
|
|switch|p1a: Ferrothorn|Ferrothorn, F|352\/352
|-damage|p1a: Ferrothorn|330\/352|[from] Stealth Rock
|move|p2a: Poseidon|Scald|p1a: Ferrothorn
|-resisted|p1a: Ferrothorn
|-damage|p1a: Ferrothorn|234\/352
|
|-heal|p1a: Ferrothorn|256\/352|[from] item: Leftovers
|turn|12
|
|switch|p2a: Gray Fox|Greninja, M|213\/286
|-damage|p2a: Gray Fox|178\/286|[from] Stealth Rock
|switch|p1a: Rotom-Wash|Rotom-Wash|115\/304
|-damage|p1a: Rotom-Wash|77\/304|[from] Stealth Rock
|
|-heal|p1a: Rotom-Wash|96\/304|[from] item: Leftovers
|turn|13
|
|move|p2a: Gray Fox|Grass Knot|p1a: Rotom-Wash
|-start|p2a: Gray Fox|typechange|Grass|[from] Protean
|-crit|p1a: Rotom-Wash
|-supereffective|p1a: Rotom-Wash
|-damage|p1a: Rotom-Wash|0 fnt
|-damage|p2a: Gray Fox|150\/286|[from] item: Life Orb
|faint|p1a: Rotom-Wash
|
|
|switch|p1a: Landorus-Therian|Landorus-Therian, M|320\/320
|-damage|p1a: Landorus-Therian|280\/320|[from] Stealth Rock
|-ability|p1a: Landorus-Therian|Intimidate|[of] p2a: Gray Fox
|-unboost|p2a: Gray Fox|atk|1
|turn|14
|
|switch|p2a: Decoy Octopus|Ditto, shiny|299\/299
|-damage|p2a: Decoy Octopus|262\/299|[from] Stealth Rock
|-transform|p2a: Decoy Octopus|p1a: Landorus-Therian
|-ability|p2a: Decoy Octopus|Intimidate|[of] p1a: Landorus-Therian
|-unboost|p1a: Landorus-Therian|atk|1
|move|p1a: Landorus-Therian|U-turn|p2a: Decoy Octopus
|-resisted|p2a: Decoy Octopus
|-damage|p2a: Decoy Octopus|230\/299
|
|switch|p1a: Ferrothorn|Ferrothorn, F|256\/352
|-damage|p1a: Ferrothorn|234\/352|[from] Stealth Rock
|
|-heal|p1a: Ferrothorn|256\/352|[from] item: Leftovers
|turn|15
|
|switch|p2a: Gray Fox|Greninja, M|150\/286
|-damage|p2a: Gray Fox|115\/286|[from] Stealth Rock
|move|p1a: Ferrothorn|Leech Seed|p2a: Gray Fox
|-start|p2a: Gray Fox|move: Leech Seed
|
|-heal|p1a: Ferrothorn|278\/352|[from] item: Leftovers
|-damage|p2a: Gray Fox|80\/286|[from] Leech Seed|[of] p1a: Ferrothorn
|-heal|p1a: Ferrothorn|313\/352|[silent]
|turn|16
|
|move|p2a: Gray Fox|Hidden Power|p1a: Ferrothorn
|-start|p2a: Gray Fox|typechange|Fire|[from] Protean
|-supereffective|p1a: Ferrothorn
|-damage|p1a: Ferrothorn|0 fnt
|-damage|p2a: Gray Fox|52\/286|[from] item: Life Orb
|faint|p1a: Ferrothorn
|
|
|switch|p1a: Garchomp|Garchomp, M|336\/358
|-damage|p1a: Garchomp|314\/358|[from] Stealth Rock
|turn|17
|
|move|p1a: Garchomp|Dragon Claw|p2a: Gray Fox
|-damage|p2a: Gray Fox|0 fnt
|faint|p2a: Gray Fox
|
|
|switch|p2a: Poseidon|Keldeo-Resolute|282\/322
|-damage|p2a: Poseidon|262\/322|[from] Stealth Rock
|turn|18
|
|switch|p1a: Landorus-Therian|Landorus-Therian, M|280\/320
|-damage|p1a: Landorus-Therian|240\/320|[from] Stealth Rock
|-ability|p1a: Landorus-Therian|Intimidate|[of] p2a: Poseidon
|-unboost|p2a: Poseidon|atk|1
|move|p2a: Poseidon|Scald|p1a: Landorus-Therian
|-supereffective|p1a: Landorus-Therian
|-damage|p1a: Landorus-Therian|0 fnt
|faint|p1a: Landorus-Therian
|
|
|switch|p1a: Gengar|Gengar, M|262\/262
|-damage|p1a: Gengar|230\/262|[from] Stealth Rock
|turn|19
|
|move|p1a: Gengar|Shadow Ball|p2a: Poseidon
|-damage|p2a: Poseidon|46\/322
|-damage|p1a: Gengar|204\/262|[from] item: Life Orb
|move|p2a: Poseidon|Scald|p1a: Gengar
|-damage|p1a: Gengar|0 fnt
|faint|p1a: Gengar
|
|
|switch|p1a: Garchomp|Garchomp, M|314\/358
|-damage|p1a: Garchomp|292\/358|[from] Stealth Rock
|turn|20
|
|move|p1a: Garchomp|Outrage|p2a: Poseidon
|-damage|p2a: Poseidon|0 fnt
|faint|p2a: Poseidon
|
|
|switch|p2a: Decoy Octopus|Ditto, shiny|230\/299
|-damage|p2a: Decoy Octopus|193\/299|[from] Stealth Rock
|-transform|p2a: Decoy Octopus|p1a: Garchomp
|turn|21
|
|move|p2a: Decoy Octopus|Outrage|p1a: Garchomp
|-supereffective|p1a: Garchomp
|-damage|p1a: Garchomp|0 fnt
|-damage|p2a: Decoy Octopus|156\/299|[from] ability: Rough Skin|[of] p1a: Garchomp
|faint|p1a: Garchomp
|
|win|KratosSnake
|raw|Ladder updating...
|c|âKratosSnake|gg
|c|âcxinlee|gg
|leave|cxinlee
|player|p1
|raw|Ladder (probably) updated, but score could not be retrieved (timeout).
|raw|Ladder (probably) updated, but score could not be retrieved (Error: socket hang up).