|join|creepin' up slowly
|join|KratosSnake
|player|p1|creepin' up slowly|102
|player|p2|KratosSnake|159
|gametype|singles
|gen|6
|tier|OU
|rated
|clearpoke
|poke|p1|Landorus-Therian, M
|poke|p1|Chesnaught, F
|poke|p1|Heatran, F
|poke|p1|Mew
|poke|p1|Manectric, F
|poke|p1|Suicune
|poke|p2|Charizard, F
|poke|p2|Tyranitar, M
|poke|p2|Excadrill, F
|poke|p2|Venusaur, M
|poke|p2|Keldeo
|poke|p2|Kyurem-Black
|rule|Swagger Clause: Swagger is banned
|rule|Baton Pass Clause: Limit one PokÃ©mon knowing Baton Pass
|rule|Sleep Clause Mod: Limit one foe put to sleep
|rule|Species Clause: Limit one of each PokÃ©mon
|rule|OHKO Clause: OHKO moves are banned
|rule|Moody Clause: Moody is banned
|rule|Evasion Moves Clause: Evasion moves are banned
|rule|Endless Battle Clause: Forcing endless battles is banned
|rule|HP Percentage Mod: HP is shown in percentages
|teampreview
|
|start
|switch|p1a: Manectric|Manectric, F|281\/281
|switch|p2a: Keldeo|Keldeo|323\/323
|turn|1
|
|switch|p1a: Suicune|Suicune|403\/403
|-ability|p1a: Suicune|Pressure
|move|p2a: Keldeo|Hydro Pump|p1a: Suicune
|-resisted|p1a: Suicune
|-damage|p1a: Suicune|275\/403
|
|-heal|p1a: Suicune|300\/403|[from] item: Leftovers
|turn|2
|
|switch|p2a: Charizard|Charizard, F|297\/297
|move|p1a: Suicune|Scald|p2a: Charizard
|-supereffective|p2a: Charizard
|-damage|p2a: Charizard|87\/297
|
|-heal|p1a: Suicune|325\/403|[from] item: Leftovers
|turn|3
|
|switch|p1a: Heatran|Heatran, F|386\/386
|detailschange|p2a: Charizard|Charizard-Mega-Y, F
|message|Charizard has Mega Evolved into Mega Charizard!
|-weather|SunnyDay
|move|p2a: Charizard|Roost|p2a: Charizard
|-heal|p2a: Charizard|236\/297
|
|-weather|SunnyDay|[upkeep]
|turn|4
|
|move|p2a: Charizard|Focus Blast|p1a: Heatran
|-supereffective|p1a: Heatran
|-damage|p1a: Heatran|138\/386
|move|p1a: Heatran|Stealth Rock|p2a: Charizard
|-sidestart|p2: KratosSnake|move: Stealth Rock
|
|-weather|SunnyDay|[upkeep]
|-heal|p1a: Heatran|162\/386|[from] item: Leftovers
|turn|5
|
|switch|p1a: Mew|Mew|404\/404
|move|p2a: Charizard|Solar Beam|p1a: Mew|[still]
|-prepare|p2a: Charizard|Solar Beam|p1a: Mew
|-anim|p2a: Charizard|Solar Beam|p1a: Mew
|-damage|p1a: Mew|291\/404
|
|-weather|SunnyDay|[upkeep]
|-heal|p1a: Mew|316\/404|[from] item: Leftovers
|turn|6
|
|move|p2a: Charizard|Flamethrower|p1a: Mew
|-damage|p1a: Mew|100\/404
|move|p1a: Mew|Roost|p1a: Mew
|-heal|p1a: Mew|302\/404
|
|-weather|SunnyDay|[upkeep]
|-heal|p1a: Mew|327\/404|[from] item: Leftovers
|turn|7
|
|switch|p1a: Heatran|Heatran, F|162\/386
|move|p2a: Charizard|Flamethrower|p1a: Heatran
|-start|p1a: Heatran|ability: Flash Fire
|
|-weather|none
|-heal|p1a: Heatran|186\/386|[from] item: Leftovers
|turn|8
|
|switch|p2a: Keldeo|Keldeo|323\/323
|-damage|p2a: Keldeo|303\/323|[from] Stealth Rock
|switch|p1a: Mew|Mew|327\/404
|
|-heal|p1a: Mew|352\/404|[from] item: Leftovers
|turn|9
|
|move|p2a: Keldeo|Hidden Power|p1a: Mew
|-damage|p1a: Mew|280\/404
|move|p1a: Mew|Knock Off|p2a: Keldeo
|-resisted|p2a: Keldeo
|-damage|p2a: Keldeo|263\/323
|-boost|p2a: Keldeo|atk|1|[from] ability: Justified
|-enditem|p2a: Keldeo|Choice Specs|[from] move: Knock Off|[of] p1a: Mew
|
|-heal|p1a: Mew|305\/404|[from] item: Leftovers
|turn|10
|
|move|p2a: Keldeo|Hydro Pump|p1a: Mew|[miss]
|-miss|p2a: Keldeo|p1a: Mew
|move|p1a: Mew|Will-O-Wisp|p2a: Keldeo
|-status|p2a: Keldeo|brn
|
|-heal|p1a: Mew|330\/404|[from] item: Leftovers
|-damage|p2a: Keldeo|223\/323 brn|[from] brn
|turn|11
|
|switch|p2a: Charizard|Charizard-Mega-Y, F|236\/297
|-damage|p2a: Charizard|88\/297|[from] Stealth Rock
|-weather|SunnyDay
|switch|p1a: Suicune|Suicune|325\/403
|-ability|p1a: Suicune|Pressure
|
|-weather|SunnyDay|[upkeep]
|-heal|p1a: Suicune|350\/403|[from] item: Leftovers
|turn|12
|
|move|p2a: Charizard|Roost|p2a: Charizard
|-heal|p2a: Charizard|237\/297
|move|p1a: Suicune|Scald|p2a: Charizard
|-supereffective|p2a: Charizard
|-damage|p2a: Charizard|153\/297
|
|-weather|SunnyDay|[upkeep]
|-heal|p1a: Suicune|375\/403|[from] item: Leftovers
|turn|13
|
|switch|p1a: Heatran|Heatran, F|186\/386
|move|p2a: Charizard|Focus Blast|p1a: Heatran|[miss]
|-miss|p2a: Charizard|p1a: Heatran
|
|-weather|SunnyDay|[upkeep]
|-heal|p1a: Heatran|210\/386|[from] item: Leftovers
|turn|14
|c|âcreepin' up slowly|sorry :\/
|
|move|p2a: Charizard|Flamethrower|p1a: Heatran
|-start|p1a: Heatran|ability: Flash Fire
|move|p1a: Heatran|Toxic|p2a: Charizard
|-status|p2a: Charizard|tox
|
|-weather|SunnyDay|[upkeep]
|-heal|p1a: Heatran|234\/386|[from] item: Leftovers
|-damage|p2a: Charizard|135\/297 tox|[from] psn
|turn|15
|
|move|p2a: Charizard|Roost|p2a: Charizard
|-heal|p2a: Charizard|284\/297 tox
|move|p1a: Heatran|Roar|p2a: Charizard
|drag|p2a: Tyranitar|Tyranitar, M|341\/341
|-damage|p2a: Tyranitar|299\/341|[from] Stealth Rock
|-weather|Sandstorm
|
|-weather|Sandstorm|[upkeep]
|-heal|p1a: Heatran|258\/386|[from] item: Leftovers
|turn|16
|
|switch|p1a: Chesnaught|Chesnaught, F|379\/379
|move|p2a: Tyranitar|Stealth Rock|p1a: Chesnaught
|-sidestart|p1: creepin' up slowly|move: Stealth Rock
|
|-weather|Sandstorm|[upkeep]
|-damage|p1a: Chesnaught|356\/379|[from] sandstorm
|-heal|p1a: Chesnaught|379\/379|[from] item: Leftovers
|turn|17
|
|switch|p2a: Venusaur|Venusaur, M|302\/302
|-damage|p2a: Venusaur|265\/302|[from] Stealth Rock
|move|p1a: Chesnaught|Spikes|p2a: Venusaur
|-sidestart|p2: KratosSnake|Spikes
|
|-weather|Sandstorm|[upkeep]
|-damage|p2a: Venusaur|247\/302|[from] sandstorm
|-damage|p1a: Chesnaught|356\/379|[from] sandstorm
|-heal|p1a: Chesnaught|379\/379|[from] item: Leftovers
|turn|18
|
|switch|p2a: Excadrill|Excadrill, F|361\/361
|-damage|p2a: Excadrill|316\/361|[from] Spikes
|-damage|p2a: Excadrill|305\/361|[from] Stealth Rock
|move|p1a: Chesnaught|Spikes|p2a: Excadrill
|-sidestart|p2: KratosSnake|Spikes
|
|-weather|Sandstorm|[upkeep]
|-damage|p1a: Chesnaught|356\/379|[from] sandstorm
|-heal|p1a: Chesnaught|379\/379|[from] item: Leftovers
|turn|19
|
|move|p2a: Excadrill|Rapid Spin|p1a: Chesnaught
|-damage|p1a: Chesnaught|354\/379
|-sideend|p2: KratosSnake|Spikes|[from] move: Rapid Spin|[of] p2a: Excadrill
|-sideend|p2: KratosSnake|Stealth Rock|[from] move: Rapid Spin|[of] p2a: Excadrill
|-damage|p2a: Excadrill|269\/361|[from] item: Life Orb
|move|p1a: Chesnaught|Hammer Arm|p2a: Excadrill
|-supereffective|p2a: Excadrill
|-damage|p2a: Excadrill|0 fnt
|-unboost|p1a: Chesnaught|spe|1
|faint|p2a: Excadrill
|
|-weather|none
|-heal|p1a: Chesnaught|377\/379|[from] item: Leftovers
|
|switch|p2a: Charizard|Charizard-Mega-Y, F|284\/297 tox
|-weather|SunnyDay
|turn|20
|
|switch|p1a: Heatran|Heatran, F|258\/386
|-damage|p1a: Heatran|210\/386|[from] Stealth Rock
|move|p2a: Charizard|Focus Blast|p1a: Heatran
|-supereffective|p1a: Heatran
|-damage|p1a: Heatran|0 fnt
|faint|p1a: Heatran
|
|-weather|SunnyDay|[upkeep]
|-damage|p2a: Charizard|266\/297 tox|[from] psn
|
|switch|p1a: Manectric|Manectric, F|281\/281
|-damage|p1a: Manectric|246\/281|[from] Stealth Rock
|turn|21
|
|switch|p2a: Kyurem-Black|Kyurem-Black|391\/391
|-ability|p2a: Kyurem-Black|Teravolt
|detailschange|p1a: Manectric|Manectric-Mega, F
|message|Manectric has Mega Evolved into Mega Manectric!
|-ability|p1a: Manectric|Intimidate|[of] p2a: Kyurem-Black
|-unboost|p2a: Kyurem-Black|atk|1
|move|p1a: Manectric|Thunderbolt|p2a: Kyurem-Black
|-resisted|p2a: Kyurem-Black
|-damage|p2a: Kyurem-Black|289\/391
|
|-weather|SunnyDay|[upkeep]
|turn|22
|
|switch|p1a: Suicune|Suicune|375\/403
|-damage|p1a: Suicune|325\/403|[from] Stealth Rock
|-ability|p1a: Suicune|Pressure
|move|p2a: Kyurem-Black|Dragon Claw|p1a: Suicune
|-damage|p1a: Suicune|252\/403
|
|-weather|SunnyDay|[upkeep]
|-heal|p1a: Suicune|277\/403|[from] item: Leftovers
|turn|23
|
|switch|p2a: Venusaur|Venusaur, M|247\/302
|move|p1a: Suicune|Calm Mind|p1a: Suicune
|-boost|p1a: Suicune|spa|1
|-boost|p1a: Suicune|spd|1
|
|-weather|SunnyDay|[upkeep]
|-heal|p1a: Suicune|302\/403|[from] item: Leftovers
|turn|24
|
|switch|p1a: Chesnaught|Chesnaught, F|377\/379
|-damage|p1a: Chesnaught|354\/379|[from] Stealth Rock
|move|p2a: Venusaur|Giga Drain|p1a: Chesnaught
|-resisted|p1a: Chesnaught
|-damage|p1a: Chesnaught|257\/379
|-heal|p2a: Venusaur|296\/302|[from] drain|[of] p1a: Chesnaught
|-damage|p2a: Venusaur|266\/302|[from] item: Life Orb
|
|-weather|none
|-heal|p1a: Chesnaught|280\/379|[from] item: Leftovers
|turn|25
|
|move|p2a: Venusaur|Sludge Bomb|p1a: Chesnaught
|-immune|p1a: Chesnaught|[msg]|[from] Bulletproof
|move|p1a: Chesnaught|Roar|p2a: Venusaur
|drag|p2a: Charizard|Charizard-Mega-Y, F|266\/297 tox
|-weather|SunnyDay
|
|-weather|SunnyDay|[upkeep]
|-heal|p1a: Chesnaught|303\/379|[from] item: Leftovers
|-damage|p2a: Charizard|248\/297 tox|[from] psn
|turn|26
|
|move|p2a: Charizard|Flamethrower|p1a: Chesnaught
|-supereffective|p1a: Chesnaught
|-damage|p1a: Chesnaught|0 fnt
|faint|p1a: Chesnaught
|
|-weather|SunnyDay|[upkeep]
|-damage|p2a: Charizard|212\/297 tox|[from] psn
|
|switch|p1a: Manectric|Manectric-Mega, F|246\/281
|-damage|p1a: Manectric|211\/281|[from] Stealth Rock
|-ability|p1a: Manectric|Intimidate|[of] p2a: Charizard
|-unboost|p2a: Charizard|atk|1
|turn|27
|
|switch|p2a: Tyranitar|Tyranitar, M|299\/341
|-weather|Sandstorm
|move|p1a: Manectric|Volt Switch|p2a: Tyranitar
|-crit|p2a: Tyranitar
|-damage|p2a: Tyranitar|160\/341
|
|switch|p1a: Landorus-Therian|Landorus-Therian, M|324\/324
|-damage|p1a: Landorus-Therian|284\/324|[from] Stealth Rock
|-ability|p1a: Landorus-Therian|Intimidate|[of] p2a: Tyranitar
|-unboost|p2a: Tyranitar|atk|1
|
|-weather|Sandstorm|[upkeep]
|turn|28
|
|switch|p2a: Keldeo|Keldeo|223\/323 brn
|move|p1a: Landorus-Therian|U-turn|p2a: Keldeo
|-resisted|p2a: Keldeo
|-damage|p2a: Keldeo|172\/323 brn
|
|switch|p1a: Manectric|Manectric-Mega, F|211\/281
|-damage|p1a: Manectric|176\/281|[from] Stealth Rock
|-ability|p1a: Manectric|Intimidate|[of] p2a: Keldeo
|-unboost|p2a: Keldeo|atk|1
|
|-weather|Sandstorm|[upkeep]
|-damage|p1a: Manectric|159\/281|[from] sandstorm
|-damage|p2a: Keldeo|152\/323 brn|[from] sandstorm
|-damage|p2a: Keldeo|112\/323 brn|[from] brn
|turn|29
|
|switch|p2a: Tyranitar|Tyranitar, M|160\/341
|move|p1a: Manectric|Thunderbolt|p2a: Tyranitar
|-damage|p2a: Tyranitar|46\/341
|
|-weather|Sandstorm|[upkeep]
|-damage|p1a: Manectric|142\/281|[from] sandstorm
|turn|30
|
|move|p1a: Manectric|Volt Switch|p2a: Tyranitar
|-damage|p2a: Tyranitar|0 fnt
|faint|p2a: Tyranitar
|
|switch|p1a: Mew|Mew|330\/404
|-damage|p1a: Mew|280\/404|[from] Stealth Rock
|
|-weather|Sandstorm|[upkeep]
|-damage|p1a: Mew|255\/404|[from] sandstorm
|-heal|p1a: Mew|280\/404|[from] item: Leftovers
|
|switch|p2a: Charizard|Charizard-Mega-Y, F|212\/297 tox
|-weather|SunnyDay
|turn|31
|
|switch|p2a: Venusaur|Venusaur, M|266\/302
|move|p1a: Mew|Roost|p1a: Mew
|-heal|p1a: Mew|404\/404
|
|-weather|SunnyDay|[upkeep]
|turn|32
|
|move|p2a: Venusaur|Sleep Powder|p1a: Mew|[miss]
|-miss|p2a: Venusaur|p1a: Mew
|move|p1a: Mew|Will-O-Wisp|p2a: Venusaur
|-status|p2a: Venusaur|brn
|
|-weather|SunnyDay|[upkeep]
|-damage|p2a: Venusaur|229\/302 brn|[from] brn
|turn|33
|c|âKratosSnake|...
|
|switch|p1a: Suicune|Suicune|302\/403
|-damage|p1a: Suicune|252\/403|[from] Stealth Rock
|-ability|p1a: Suicune|Pressure
|move|p2a: Venusaur|Giga Drain|p1a: Suicune
|-supereffective|p1a: Suicune
|-damage|p1a: Suicune|0 fnt
|-heal|p2a: Venusaur|302\/302 brn|[from] drain|[of] p1a: Suicune
|-damage|p2a: Venusaur|272\/302 brn|[from] item: Life Orb
|faint|p1a: Suicune
|
|-weather|SunnyDay|[upkeep]
|-damage|p2a: Venusaur|235\/302 brn|[from] brn
|
|switch|p1a: Manectric|Manectric-Mega, F|142\/281
|-damage|p1a: Manectric|107\/281|[from] Stealth Rock
|-ability|p1a: Manectric|Intimidate|[of] p2a: Venusaur
|-unboost|p2a: Venusaur|atk|1
|turn|34
|
|move|p2a: Venusaur|Sludge Bomb|p1a: Manectric
|-damage|p1a: Manectric|0 fnt
|-damage|p2a: Venusaur|205\/302 brn|[from] item: Life Orb
|faint|p1a: Manectric
|
|-weather|SunnyDay|[upkeep]
|-damage|p2a: Venusaur|168\/302 brn|[from] brn
|
|switch|p1a: Landorus-Therian|Landorus-Therian, M|284\/324
|-damage|p1a: Landorus-Therian|244\/324|[from] Stealth Rock
|-ability|p1a: Landorus-Therian|Intimidate|[of] p2a: Venusaur
|-unboost|p2a: Venusaur|atk|1
|turn|35
|
|switch|p2a: Keldeo|Keldeo|112\/323 brn
|switch|p1a: Mew|Mew|404\/404
|-damage|p1a: Mew|354\/404|[from] Stealth Rock
|
|-weather|none
|-heal|p1a: Mew|379\/404|[from] item: Leftovers
|-damage|p2a: Keldeo|72\/323 brn|[from] brn
|turn|36
|
|move|p2a: Keldeo|Scald|p1a: Mew
|-damage|p1a: Mew|285\/404
|move|p1a: Mew|Defog|p2a: Keldeo
|-unboost|p2a: Keldeo|evasion|1
|-sideend|p1: creepin' up slowly|Stealth Rock|[from] move: Defog|[of] p1a: Mew
|
|-heal|p1a: Mew|310\/404|[from] item: Leftovers
|-damage|p2a: Keldeo|32\/323 brn|[from] brn
|turn|37
|
|move|p2a: Keldeo|Scald|p1a: Mew
|-damage|p1a: Mew|207\/404
|move|p1a: Mew|Roost|p1a: Mew
|-heal|p1a: Mew|404\/404
|
|-damage|p2a: Keldeo|0 fnt|[from] brn
|faint|p2a: Keldeo
|
|switch|p2a: Charizard|Charizard-Mega-Y, F|212\/297 tox
|-weather|SunnyDay
|turn|38
|
|switch|p2a: Venusaur|Venusaur, M|168\/302 brn
|move|p1a: Mew|Knock Off|p2a: Venusaur
|-crit|p2a: Venusaur
|-damage|p2a: Venusaur|44\/302 brn
|-enditem|p2a: Venusaur|Life Orb|[from] move: Knock Off|[of] p1a: Mew
|
|-weather|SunnyDay|[upkeep]
|-damage|p2a: Venusaur|7\/302 brn|[from] brn
|turn|39
|
|move|p2a: Venusaur|Giga Drain|p1a: Mew
|-damage|p1a: Mew|308\/404
|-heal|p2a: Venusaur|55\/302 brn|[from] drain|[of] p1a: Mew
|move|p1a: Mew|Knock Off|p2a: Venusaur
|-damage|p2a: Venusaur|0 fnt
|faint|p2a: Venusaur
|
|-weather|SunnyDay|[upkeep]
|-heal|p1a: Mew|333\/404|[from] item: Leftovers
|
|switch|p2a: Charizard|Charizard-Mega-Y, F|212\/297 tox
|turn|40
|
|move|p2a: Charizard|Flamethrower|p1a: Mew
|-crit|p1a: Mew
|-damage|p1a: Mew|50\/404
|move|p1a: Mew|Roost|p1a: Mew
|-heal|p1a: Mew|252\/404
|
|-weather|SunnyDay|[upkeep]
|-heal|p1a: Mew|277\/404|[from] item: Leftovers
|-damage|p2a: Charizard|194\/297 tox|[from] psn
|turn|41
|
|move|p2a: Charizard|Flamethrower|p1a: Mew
|-damage|p1a: Mew|57\/404
|move|p1a: Mew|Roost|p1a: Mew
|-heal|p1a: Mew|259\/404
|
|-weather|SunnyDay|[upkeep]
|-heal|p1a: Mew|284\/404|[from] item: Leftovers
|-damage|p2a: Charizard|158\/297 tox|[from] psn
|turn|42
|
|move|p2a: Charizard|Flamethrower|p1a: Mew
|-damage|p1a: Mew|80\/404
|-status|p1a: Mew|brn
|move|p1a: Mew|Roost|p1a: Mew
|-heal|p1a: Mew|282\/404 brn
|
|-weather|none
|-heal|p1a: Mew|307\/404 brn|[from] item: Leftovers
|-damage|p2a: Charizard|104\/297 tox|[from] psn
|-damage|p1a: Mew|257\/404 brn|[from] brn
|turn|43
|
|switch|p2a: Kyurem-Black|Kyurem-Black|289\/391
|-ability|p2a: Kyurem-Black|Teravolt
|move|p1a: Mew|Knock Off|p2a: Kyurem-Black
|-damage|p2a: Kyurem-Black|248\/391
|-enditem|p2a: Kyurem-Black|Choice Scarf|[from] move: Knock Off|[of] p1a: Mew
|
|-heal|p1a: Mew|282\/404 brn|[from] item: Leftovers
|-damage|p1a: Mew|232\/404 brn|[from] brn
|turn|44
|
|move|p2a: Kyurem-Black|Outrage|p1a: Mew
|-damage|p1a: Mew|0 fnt
|faint|p1a: Mew
|
|
|switch|p1a: Landorus-Therian|Landorus-Therian, M|244\/324
|-ability|p1a: Landorus-Therian|Intimidate|[of] p2a: Kyurem-Black
|-unboost|p2a: Kyurem-Black|atk|1
|turn|45
|
|move|p1a: Landorus-Therian|Stone Edge|p2a: Kyurem-Black
|-supereffective|p2a: Kyurem-Black
|-damage|p2a: Kyurem-Black|0 fnt
|faint|p2a: Kyurem-Black
|
|
|switch|p2a: Charizard|Charizard-Mega-Y, F|104\/297 tox
|-weather|SunnyDay
|turn|46
|c|âcreepin' up slowly|welp
|c|âcreepin' up slowly|only got this far because of hax, so sorry haha
|
|move|p1a: Landorus-Therian|Stone Edge|p2a: Charizard
|-supereffective|p2a: Charizard
|-damage|p2a: Charizard|0 fnt
|faint|p2a: Charizard
|
|win|creepin' up slowly
|raw|Ladder updating...
|raw|creepin&apos; up slowly's rating: 1709 &rarr; <strong>1732<\/strong><br \/>(+23 for winning)
|raw|KratosSnake's rating: 1747 &rarr; <strong>1725<\/strong><br \/>(-22 for losing)
|c|âKratosSnake|garbage match 
|leave|KratosSnake
|player|p2
|c|âcreepin' up slowly|lel