|join|skdcknds
|join|bigdickplayer
|player|p1|skdcknds|11
|player|p2|bigdickplayer|101
|gametype|singles
|gen|6
|tier|ORAS OU
|rated
|rule|Sleep Clause Mod: Limit one foe put to sleep
|rule|Species Clause: Limit one of each PokÃ©mon
|rule|OHKO Clause: OHKO moves are banned
|rule|Moody Clause: Moody is banned
|rule|Evasion Moves Clause: Evasion moves are banned
|rule|Endless Battle Clause: Forcing endless battles is banned
|rule|HP Percentage Mod: HP is shown in percentages
|clearpoke
|poke|p1|Chansey, F
|poke|p1|Scizor, M
|poke|p1|Zapdos
|poke|p1|Cresselia, F, shiny
|poke|p1|Alomomola, F
|poke|p1|Gothitelle, F
|poke|p2|Diancie
|poke|p2|Keldeo
|poke|p2|Skarmory, F
|poke|p2|Landorus-Therian, M
|poke|p2|Mew, shiny
|poke|p2|Crawdaunt, M
|rule|Swagger Clause: Swagger is banned
|rule|Baton Pass Clause: Limit one PokÃ©mon knowing Baton Pass
|teampreview
|
|start
|switch|p1a: Zapdos|Zapdos|384\/384
|switch|p2a: Landorus-Therian|Landorus-Therian, M|320\/320
|-ability|p2a: Landorus-Therian|Intimidate|[of] p1a: Zapdos
|-unboost|p1a: Zapdos|atk|1
|-ability|p1a: Zapdos|Pressure
|turn|1
|
|move|p2a: Landorus-Therian|Stone Edge|p1a: Zapdos
|-supereffective|p1a: Zapdos
|-damage|p1a: Zapdos|118\/384
|move|p1a: Zapdos|Heat Wave|p2a: Landorus-Therian
|-damage|p2a: Landorus-Therian|212\/320
|
|-heal|p1a: Zapdos|142\/384|[from] item: Leftovers
|turn|2
|
|switch|p2a: Keldeo|Keldeo|324\/324
|switch|p1a: Alomomola|Alomomola, F|497\/497
|
|turn|3
|
|move|p2a: Keldeo|Substitute|p2a: Keldeo
|-start|p2a: Keldeo|Substitute
|-damage|p2a: Keldeo|243\/324
|move|p1a: Alomomola|Toxic|p2a: Keldeo
|
|-heal|p2a: Keldeo|263\/324|[from] item: Leftovers
|turn|4
|
|switch|p1a: Cresselia|Cresselia, F, shiny|444\/444
|move|p2a: Keldeo|Calm Mind|p2a: Keldeo
|-boost|p2a: Keldeo|spa|1
|-boost|p2a: Keldeo|spd|1
|
|-heal|p2a: Keldeo|283\/324|[from] item: Leftovers
|turn|5
|
|move|p2a: Keldeo|Scald|p1a: Cresselia
|-damage|p1a: Cresselia|258\/444
|-status|p1a: Cresselia|brn
|move|p1a: Cresselia|Psyshock|p2a: Keldeo
|-supereffective|p2a: Keldeo
|-end|p2a: Keldeo|Substitute
|
|-heal|p2a: Keldeo|303\/324|[from] item: Leftovers
|-heal|p1a: Cresselia|285\/444 brn|[from] item: Leftovers
|-damage|p1a: Cresselia|230\/444 brn|[from] brn
|turn|6
|
|move|p2a: Keldeo|Substitute|p2a: Keldeo
|-start|p2a: Keldeo|Substitute
|-damage|p2a: Keldeo|222\/324
|move|p1a: Cresselia|Moonlight|p1a: Cresselia
|-heal|p1a: Cresselia|444\/444 brn
|
|-heal|p2a: Keldeo|242\/324|[from] item: Leftovers
|-damage|p1a: Cresselia|389\/444 brn|[from] brn
|turn|7
|
|move|p2a: Keldeo|Scald|p1a: Cresselia
|-damage|p1a: Cresselia|218\/444 brn
|move|p1a: Cresselia|Psyshock|p2a: Keldeo
|-supereffective|p2a: Keldeo
|-end|p2a: Keldeo|Substitute
|
|-heal|p2a: Keldeo|262\/324|[from] item: Leftovers
|-heal|p1a: Cresselia|245\/444 brn|[from] item: Leftovers
|-damage|p1a: Cresselia|190\/444 brn|[from] brn
|turn|8
|
|move|p2a: Keldeo|Substitute|p2a: Keldeo
|-start|p2a: Keldeo|Substitute
|-damage|p2a: Keldeo|181\/324
|move|p1a: Cresselia|Psyshock|p2a: Keldeo
|-supereffective|p2a: Keldeo
|-end|p2a: Keldeo|Substitute
|
|-heal|p2a: Keldeo|201\/324|[from] item: Leftovers
|-heal|p1a: Cresselia|217\/444 brn|[from] item: Leftovers
|-damage|p1a: Cresselia|162\/444 brn|[from] brn
|turn|9
|
|move|p2a: Keldeo|Scald|p1a: Cresselia
|-damage|p1a: Cresselia|0 fnt
|faint|p1a: Cresselia
|
|-heal|p2a: Keldeo|221\/324|[from] item: Leftovers
|
|switch|p1a: Gothitelle|Gothitelle, F|282\/282
|turn|10
|
|move|p1a: Gothitelle|Trick|p2a: Keldeo
|-activate|p1a: Gothitelle|move: Trick|[of] p2a: Keldeo
|-item|p2a: Keldeo|Choice Scarf|[from] move: Trick
|-item|p1a: Gothitelle|Leftovers|[from] move: Trick
|move|p2a: Keldeo|Scald|p1a: Gothitelle
|-damage|p1a: Gothitelle|81\/282
|-status|p1a: Gothitelle|brn
|
|-heal|p1a: Gothitelle|98\/282 brn|[from] item: Leftovers
|-damage|p1a: Gothitelle|63\/282 brn|[from] brn
|turn|11
|
|switch|p1a: Chansey|Chansey, F|704\/704
|move|p2a: Keldeo|Scald|p1a: Chansey
|-damage|p1a: Chansey|547\/704
|
|turn|12
|
|switch|p2a: Mew|Mew, shiny|404\/404
|move|p1a: Chansey|Stealth Rock|p2a: Mew
|-sidestart|p2: bigdickplayer|move: Stealth Rock
|
|turn|13
|
|switch|p1a: Gothitelle|Gothitelle, F|63\/282 brn
|move|p2a: Mew|Taunt|p1a: Gothitelle
|-start|p1a: Gothitelle|move: Taunt
|
|-heal|p1a: Gothitelle|80\/282 brn|[from] item: Leftovers
|-damage|p1a: Gothitelle|45\/282 brn|[from] brn
|turn|14
|
|switch|p1a: Chansey|Chansey, F|547\/704
|move|p2a: Mew|Knock Off|p1a: Chansey
|-crit|p1a: Chansey
|-damage|p1a: Chansey|387\/704
|-enditem|p1a: Chansey|Eviolite|[from] move: Knock Off|[of] p2a: Mew
|
|turn|15
|
|move|p2a: Mew|Taunt|p1a: Chansey
|-start|p1a: Chansey|move: Taunt
|cant|p1a: Chansey|move: Taunt|Heal Bell
|
|turn|16
|
|switch|p1a: Scizor|Scizor, M|343\/343
|move|p2a: Mew|Will-O-Wisp|p1a: Scizor
|-status|p1a: Scizor|brn
|
|-damage|p1a: Scizor|301\/343 brn|[from] brn
|turn|17
|-message|skdcknds forfeited.
|
|win|bigdickplayer
|raw|Ladder updating...
|leave|skdcknds
|player|p1
|raw|skdcknds's rating: 1472 &rarr; <strong>1445<\/strong><br \/>(-27 for losing)
|raw|bigdickplayer's rating: 1341 &rarr; <strong>1368<\/strong><br \/>(+27 for winning)