|join|bigdickplayer
|join|mapl
|player|p1|bigdickplayer|265
|player|p2|mapl|265
|gametype|singles
|gen|6
|tier|ORAS OU
|rated
|rule|Sleep Clause Mod: Limit one foe put to sleep
|rule|Species Clause: Limit one of each PokÃ©mon
|rule|OHKO Clause: OHKO moves are banned
|rule|Moody Clause: Moody is banned
|rule|Evasion Moves Clause: Evasion moves are banned
|rule|Endless Battle Clause: Forcing endless battles is banned
|rule|HP Percentage Mod: HP is shown in percentages
|clearpoke
|poke|p1|Diancie
|poke|p1|Keldeo
|poke|p1|Skarmory, M
|poke|p1|Landorus-Therian, M
|poke|p1|Mew, shiny
|poke|p1|Crawdaunt, F
|poke|p2|Politoed, M
|poke|p2|Swampert, F
|poke|p2|Kabutops, F
|poke|p2|Ferrothorn, M
|poke|p2|Landorus-Therian, M
|poke|p2|Hydreigon, M
|rule|Swagger Clause: Swagger is banned
|rule|Baton Pass Clause: Limit one PokÃ©mon knowing Baton Pass
|teampreview
|
|start
|switch|p1a: Keldeo|Keldeo|324\/324
|switch|p2a: Landorus-Therian|Landorus-Therian, M|320\/320
|-ability|p2a: Landorus-Therian|Intimidate|[of] p1a: Keldeo
|-unboost|p1a: Keldeo|atk|1
|turn|1
|
|move|p2a: Landorus-Therian|U-turn|p1a: Keldeo
|-resisted|p1a: Keldeo
|-damage|p1a: Keldeo|279\/324
|
|switch|p2a: Politoed|Politoed, M|384\/384
|-weather|RainDance
|move|p1a: Keldeo|Secret Sword|p2a: Politoed
|-crit|p2a: Politoed
|-damage|p2a: Politoed|179\/384
|
|-weather|RainDance|[upkeep]
|-heal|p1a: Keldeo|299\/324|[from] item: Leftovers
|turn|2
|
|move|p1a: Keldeo|Substitute|p1a: Keldeo
|-start|p1a: Keldeo|Substitute
|-damage|p1a: Keldeo|218\/324
|move|p2a: Politoed|Toxic|p1a: Keldeo
|
|-weather|RainDance|[upkeep]
|-heal|p1a: Keldeo|238\/324|[from] item: Leftovers
|turn|3
|
|move|p1a: Keldeo|Secret Sword|p2a: Politoed
|-damage|p2a: Politoed|34\/384
|move|p2a: Politoed|Encore|p1a: Keldeo
|-start|p1a: Keldeo|Encore
|
|-weather|RainDance|[upkeep]
|-heal|p1a: Keldeo|258\/324|[from] item: Leftovers
|turn|4
|
|switch|p2a: Landorus-Therian|Landorus-Therian, M|320\/320
|-activate|p1a: Keldeo|Substitute|ability: Intimidate|[of] p2a: Landorus-Therian
|move|p1a: Keldeo|Secret Sword|p2a: Landorus-Therian
|-resisted|p2a: Landorus-Therian
|-damage|p2a: Landorus-Therian|222\/320
|
|-weather|RainDance|[upkeep]
|-heal|p1a: Keldeo|278\/324|[from] item: Leftovers
|turn|5
|
|move|p2a: Landorus-Therian|Earthquake|p1a: Keldeo
|-end|p1a: Keldeo|Substitute
|move|p1a: Keldeo|Secret Sword|p2a: Landorus-Therian
|-crit|p2a: Landorus-Therian
|-resisted|p2a: Landorus-Therian
|-damage|p2a: Landorus-Therian|84\/320
|
|-weather|RainDance|[upkeep]
|-heal|p1a: Keldeo|298\/324|[from] item: Leftovers
|turn|6
|
|switch|p2a: Swampert|Swampert, F|342\/342
|move|p1a: Keldeo|Secret Sword|p2a: Swampert
|-damage|p2a: Swampert|162\/342
|
|-weather|RainDance|[upkeep]
|-heal|p1a: Keldeo|318\/324|[from] item: Leftovers
|-end|p1a: Keldeo|Encore
|turn|7
|-message|mapl forfeited.
|
|win|bigdickplayer
|raw|Ladder updating...
|leave|mapl
|player|p2
|raw|bigdickplayer's rating: 1411 &rarr; <strong>1430<\/strong><br \/>(+19 for winning)
|raw|mapl's rating: 1385 &rarr; <strong>1367<\/strong><br \/>(-18 for losing)