|join|Unreadable
|join|bigdickplayer
|player|p1|Unreadable|289
|player|p2|bigdickplayer|170
|gametype|singles
|gen|6
|tier|ORAS OU
|rated
|rule|Sleep Clause Mod: Limit one foe put to sleep
|rule|Species Clause: Limit one of each PokÃ©mon
|rule|OHKO Clause: OHKO moves are banned
|rule|Moody Clause: Moody is banned
|rule|Evasion Moves Clause: Evasion moves are banned
|rule|Endless Battle Clause: Forcing endless battles is banned
|rule|HP Percentage Mod: HP is shown in percentages
|clearpoke
|poke|p1|Skarmory, M
|poke|p1|Sableye, M
|poke|p1|Tentacruel, M, shiny
|poke|p1|Ferrothorn, F
|poke|p1|Chansey, F
|poke|p1|Victini
|poke|p2|Diancie
|poke|p2|Keldeo
|poke|p2|Skarmory, F
|poke|p2|Landorus-Therian, M
|poke|p2|Mew, shiny
|poke|p2|Crawdaunt, F
|rule|Swagger Clause: Swagger is banned
|rule|Baton Pass Clause: Limit one PokÃ©mon knowing Baton Pass
|teampreview
|
|start
|switch|p1a: Victini|Victini|359\/359
|switch|p2a: Diancie|Diancie|241\/241
|turn|1
|
|detailschange|p2a: Diancie|Diancie-Mega
|message|Diancie has Mega Evolved into Mega Diancie!
|move|p1a: Victini|Final Gambit|p2a: Diancie
|-damage|p2a: Diancie|0 fnt
|faint|p1a: Victini
|faint|p2a: Diancie
|
|c|âbigdickplayer|fuuuuuuuuuuuuuuuuuuuuuuuuuuuuuuuuuuu
|
|switch|p2a: Crawdaunt|Crawdaunt, F|267\/267
|switch|p1a: Sableye|Sableye, M|304\/304
|turn|2
|
|switch|p2a: Mew|Mew, shiny|404\/404
|detailschange|p1a: Sableye|Sableye-Mega, M
|message|Sableye has Mega Evolved into Mega Sableye!
|move|p1a: Sableye|Will-O-Wisp|p2a: Mew
|-status|p2a: Mew|brn
|-status|p1a: Sableye|brn
|
|-damage|p2a: Mew|354\/404 brn|[from] brn
|-damage|p1a: Sableye|266\/304 brn|[from] brn
|turn|3
|
|move|p2a: Mew|Knock Off|p1a: Sableye
|-damage|p1a: Sableye|250\/304 brn
|move|p1a: Sableye|Will-O-Wisp|p2a: Mew|[miss]
|-miss|p1a: Sableye|p2a: Mew
|
|-heal|p2a: Mew|379\/404 brn|[from] item: Leftovers
|-damage|p2a: Mew|329\/404 brn|[from] brn
|-damage|p1a: Sableye|212\/304 brn|[from] brn
|turn|4
|
|move|p2a: Mew|Knock Off|p1a: Sableye
|-damage|p1a: Sableye|196\/304 brn
|move|p1a: Sableye|Recover|p1a: Sableye
|-heal|p1a: Sableye|304\/304 brn
|
|-heal|p2a: Mew|354\/404 brn|[from] item: Leftovers
|-damage|p2a: Mew|304\/404 brn|[from] brn
|-damage|p1a: Sableye|266\/304 brn|[from] brn
|turn|5
|
|move|p2a: Mew|Roost|p2a: Mew
|-heal|p2a: Mew|404\/404 brn
|move|p1a: Sableye|Knock Off|p2a: Mew
|-supereffective|p2a: Mew
|-damage|p2a: Mew|296\/404 brn
|-enditem|p2a: Mew|Leftovers|[from] move: Knock Off|[of] p1a: Sableye
|
|-damage|p2a: Mew|246\/404 brn|[from] brn
|-damage|p1a: Sableye|228\/304 brn|[from] brn
|turn|6
|
|move|p2a: Mew|Roost|p2a: Mew
|-heal|p2a: Mew|404\/404 brn
|move|p1a: Sableye|Recover|p1a: Sableye
|-heal|p1a: Sableye|304\/304 brn
|
|-damage|p2a: Mew|354\/404 brn|[from] brn
|-damage|p1a: Sableye|266\/304 brn|[from] brn
|turn|7
|
|move|p2a: Mew|Knock Off|p1a: Sableye
|-damage|p1a: Sableye|249\/304 brn
|move|p1a: Sableye|Foul Play|p2a: Mew
|-supereffective|p2a: Mew
|-damage|p2a: Mew|238\/404 brn
|
|-damage|p2a: Mew|188\/404 brn|[from] brn
|-damage|p1a: Sableye|211\/304 brn|[from] brn
|turn|8
|
|move|p2a: Mew|Roost|p2a: Mew
|-heal|p2a: Mew|390\/404 brn
|move|p1a: Sableye|Foul Play|p2a: Mew
|-supereffective|p2a: Mew
|-damage|p2a: Mew|282\/404 brn
|
|-damage|p2a: Mew|232\/404 brn|[from] brn
|-damage|p1a: Sableye|173\/304 brn|[from] brn
|turn|9
|
|switch|p2a: Keldeo|Keldeo|324\/324
|move|p1a: Sableye|Recover|p1a: Sableye
|-heal|p1a: Sableye|304\/304 brn
|
|-damage|p1a: Sableye|266\/304 brn|[from] brn
|turn|10
|
|switch|p1a: Tentacruel|Tentacruel, M, shiny|364\/364
|move|p2a: Keldeo|Substitute|p2a: Keldeo
|-start|p2a: Keldeo|Substitute
|-damage|p2a: Keldeo|243\/324
|
|-heal|p2a: Keldeo|263\/324|[from] item: Leftovers
|turn|11
|
|move|p2a: Keldeo|Calm Mind|p2a: Keldeo
|-boost|p2a: Keldeo|spa|1
|-boost|p2a: Keldeo|spd|1
|move|p1a: Tentacruel|Scald|p2a: Keldeo
|-resisted|p2a: Keldeo
|-activate|p2a: Keldeo|Substitute|[damage]
|
|-heal|p2a: Keldeo|283\/324|[from] item: Leftovers
|turn|12
|
|move|p2a: Keldeo|Scald|p1a: Tentacruel
|-resisted|p1a: Tentacruel
|-damage|p1a: Tentacruel|289\/364
|move|p1a: Tentacruel|Toxic Spikes|p2a: Keldeo
|-sidestart|p2: bigdickplayer|move: Toxic Spikes
|
|-heal|p2a: Keldeo|303\/324|[from] item: Leftovers
|-heal|p1a: Tentacruel|311\/364|[from] item: Black Sludge
|turn|13
|
|move|p2a: Keldeo|Scald|p1a: Tentacruel
|-resisted|p1a: Tentacruel
|-damage|p1a: Tentacruel|240\/364
|move|p1a: Tentacruel|Scald|p2a: Keldeo
|-resisted|p2a: Keldeo
|-activate|p2a: Keldeo|Substitute|[damage]
|
|-heal|p2a: Keldeo|323\/324|[from] item: Leftovers
|-heal|p1a: Tentacruel|262\/364|[from] item: Black Sludge
|turn|14
|
|switch|p1a: Chansey|Chansey, F|703\/703
|move|p2a: Keldeo|Scald|p1a: Chansey
|-damage|p1a: Chansey|550\/703
|
|-heal|p2a: Keldeo|324\/324|[from] item: Leftovers
|turn|15
|
|move|p2a: Keldeo|Secret Sword|p1a: Chansey
|-supereffective|p1a: Chansey
|-damage|p1a: Chansey|0 fnt
|faint|p1a: Chansey
|
|
|switch|p1a: Skarmory|Skarmory, M|334\/334
|turn|16
|
|move|p2a: Keldeo|Scald|p1a: Skarmory
|-activate|p1a: Skarmory|Sturdy
|-damage|p1a: Skarmory|1\/334
|move|p1a: Skarmory|Whirlwind|p2a: Keldeo
|drag|p2a: Crawdaunt|Crawdaunt, F|267\/267
|-status|p2a: Crawdaunt|psn
|
|-damage|p2a: Crawdaunt|234\/267 psn|[from] psn
|turn|17
|
|switch|p1a: Ferrothorn|Ferrothorn, F|352\/352
|move|p2a: Crawdaunt|Knock Off|p1a: Ferrothorn
|-damage|p1a: Ferrothorn|157\/352
|-damage|p2a: Crawdaunt|201\/267 psn|[from] ability: Iron Barbs|[of] p1a: Ferrothorn
|-enditem|p1a: Ferrothorn|Leftovers|[from] move: Knock Off|[of] p2a: Crawdaunt
|-damage|p2a: Crawdaunt|175\/267 psn|[from] item: Life Orb
|
|-damage|p2a: Crawdaunt|142\/267 psn|[from] psn
|turn|18
|
|switch|p2a: Skarmory|Skarmory, F|334\/334
|move|p1a: Ferrothorn|Leech Seed|p2a: Skarmory
|-start|p2a: Skarmory|move: Leech Seed
|
|-damage|p2a: Skarmory|293\/334|[from] Leech Seed|[of] p1a: Ferrothorn
|-heal|p1a: Ferrothorn|198\/352|[silent]
|turn|19
|
|move|p1a: Ferrothorn|Stealth Rock|p2a: Skarmory
|-sidestart|p2: bigdickplayer|move: Stealth Rock
|move|p2a: Skarmory|Whirlwind|p1a: Ferrothorn
|drag|p1a: Sableye|Sableye-Mega, M|266\/304 brn
|
|-damage|p2a: Skarmory|252\/334|[from] Leech Seed|[of] p1a: Sableye
|-heal|p1a: Sableye|304\/304 brn|[silent]
|-damage|p1a: Sableye|266\/304 brn|[from] brn
|turn|20
|
|move|p1a: Sableye|Knock Off|p2a: Skarmory
|-damage|p2a: Skarmory|221\/334
|-damage|p1a: Sableye|216\/304 brn|[from] item: Rocky Helmet|[of] p2a: Skarmory
|-enditem|p2a: Skarmory|Rocky Helmet|[from] move: Knock Off|[of] p1a: Sableye
|move|p2a: Skarmory|Whirlwind|p1a: Sableye
|move|p1a: Sableye|Whirlwind|p2a: Skarmory|[from]Magic Bounce
|drag|p2a: Crawdaunt|Crawdaunt, F|142\/267 psn
|-damage|p2a: Crawdaunt|109\/267 psn|[from] Stealth Rock
|
|-damage|p2a: Crawdaunt|76\/267 psn|[from] psn
|-damage|p1a: Sableye|178\/304 brn|[from] brn
|turn|21
|
|switch|p1a: Ferrothorn|Ferrothorn, F|198\/352
|move|p2a: Crawdaunt|Crabhammer|p1a: Ferrothorn
|-resisted|p1a: Ferrothorn
|-damage|p1a: Ferrothorn|95\/352
|-damage|p2a: Crawdaunt|43\/267 psn|[from] ability: Iron Barbs|[of] p1a: Ferrothorn
|-damage|p2a: Crawdaunt|17\/267 psn|[from] item: Life Orb
|
|-damage|p2a: Crawdaunt|0 fnt|[from] psn
|faint|p2a: Crawdaunt
|
|switch|p2a: Keldeo|Keldeo|324\/324
|-damage|p2a: Keldeo|304\/324|[from] Stealth Rock
|-status|p2a: Keldeo|psn
|turn|22
|
|move|p1a: Ferrothorn|Protect|p1a: Ferrothorn
|-singleturn|p1a: Ferrothorn|Protect
|move|p2a: Keldeo|Secret Sword|p1a: Ferrothorn
|-activate|p1a: Ferrothorn|Protect
|
|-heal|p2a: Keldeo|324\/324 psn|[from] item: Leftovers
|-damage|p2a: Keldeo|284\/324 psn|[from] psn
|turn|23
|
|switch|p1a: Tentacruel|Tentacruel, M, shiny|262\/364
|move|p2a: Keldeo|Secret Sword|p1a: Tentacruel
|-resisted|p1a: Tentacruel
|-damage|p1a: Tentacruel|139\/364
|
|-heal|p2a: Keldeo|304\/324 psn|[from] item: Leftovers
|-heal|p1a: Tentacruel|161\/364|[from] item: Black Sludge
|-damage|p2a: Keldeo|264\/324 psn|[from] psn
|turn|24
|
|move|p2a: Keldeo|Secret Sword|p1a: Tentacruel
|-resisted|p1a: Tentacruel
|-damage|p1a: Tentacruel|41\/364
|move|p1a: Tentacruel|Knock Off|p2a: Keldeo
|-resisted|p2a: Keldeo
|-damage|p2a: Keldeo|235\/324 psn
|-boost|p2a: Keldeo|atk|1|[from] ability: Justified
|-enditem|p2a: Keldeo|Leftovers|[from] move: Knock Off|[of] p1a: Tentacruel
|
|-heal|p1a: Tentacruel|63\/364|[from] item: Black Sludge
|-damage|p2a: Keldeo|195\/324 psn|[from] psn
|turn|25
|
|move|p2a: Keldeo|Secret Sword|p1a: Tentacruel
|-crit|p1a: Tentacruel
|-resisted|p1a: Tentacruel
|-damage|p1a: Tentacruel|0 fnt
|faint|p1a: Tentacruel
|
|-damage|p2a: Keldeo|155\/324 psn|[from] psn
|
|switch|p1a: Sableye|Sableye-Mega, M|178\/304 brn
|turn|26
|
|move|p2a: Keldeo|Calm Mind|p2a: Keldeo
|-boost|p2a: Keldeo|spa|1
|-boost|p2a: Keldeo|spd|1
|move|p1a: Sableye|Recover|p1a: Sableye
|-heal|p1a: Sableye|304\/304 brn
|
|-damage|p2a: Keldeo|115\/324 psn|[from] psn
|-damage|p1a: Sableye|266\/304 brn|[from] brn
|turn|27
|
|move|p2a: Keldeo|Scald|p1a: Sableye
|-damage|p1a: Sableye|58\/304 brn
|move|p1a: Sableye|Recover|p1a: Sableye
|-heal|p1a: Sableye|210\/304 brn
|
|-damage|p2a: Keldeo|75\/324 psn|[from] psn
|-damage|p1a: Sableye|172\/304 brn|[from] brn
|turn|28
|
|switch|p1a: Skarmory|Skarmory, M|1\/334
|move|p2a: Keldeo|Scald|p1a: Skarmory
|-damage|p1a: Skarmory|0 fnt
|faint|p1a: Skarmory
|
|-damage|p2a: Keldeo|35\/324 psn|[from] psn
|
|switch|p1a: Ferrothorn|Ferrothorn, F|95\/352
|turn|29
|
|move|p1a: Ferrothorn|Protect|p1a: Ferrothorn
|-singleturn|p1a: Ferrothorn|Protect
|move|p2a: Keldeo|Secret Sword|p1a: Ferrothorn
|-activate|p1a: Ferrothorn|Protect
|
|-damage|p2a: Keldeo|0 fnt|[from] psn
|faint|p2a: Keldeo
|
|switch|p2a: Landorus-Therian|Landorus-Therian, M|320\/320
|-damage|p2a: Landorus-Therian|280\/320|[from] Stealth Rock
|-ability|p2a: Landorus-Therian|Intimidate|[of] p1a: Ferrothorn
|-unboost|p1a: Ferrothorn|atk|1
|turn|30
|
|move|p2a: Landorus-Therian|Earthquake|p1a: Ferrothorn
|-damage|p1a: Ferrothorn|0 fnt
|faint|p1a: Ferrothorn
|
|
|switch|p1a: Sableye|Sableye-Mega, M|172\/304 brn
|turn|31
|
|move|p2a: Landorus-Therian|Earthquake|p1a: Sableye
|-damage|p1a: Sableye|40\/304 brn
|move|p1a: Sableye|Recover|p1a: Sableye
|-heal|p1a: Sableye|192\/304 brn
|
|-damage|p1a: Sableye|154\/304 brn|[from] brn
|turn|32
|-message|Unreadable forfeited.
|
|win|bigdickplayer
|raw|Ladder updating...
|leave|Unreadable
|player|p1
|raw|Unreadable's rating: 1512 &rarr; <strong>1484<\/strong><br \/>(-28 for losing)
|raw|bigdickplayer's rating: 1368 &rarr; <strong>1396<\/strong><br \/>(+28 for winning)