|join|bigdickplayer
|join|bigwigwam
|player|p1|bigdickplayer|245
|player|p2|bigwigwam|42
|gametype|singles
|gen|6
|tier|OU
|rated
|clearpoke
|poke|p1|Garchomp, M
|poke|p1|Absol, F
|poke|p1|Greninja, F
|poke|p1|Landorus-Therian, M
|poke|p1|Latias, F, shiny
|poke|p1|Bisharp, F
|poke|p2|Gyarados, F
|poke|p2|Sylveon, M
|poke|p2|Scizor, F
|poke|p2|Keldeo-Resolute
|poke|p2|Venusaur, M
|poke|p2|Diancie
|rule|Swagger Clause: Swagger is banned
|rule|Baton Pass Clause: Limit one PokÃ©mon knowing Baton Pass
|rule|Sleep Clause Mod: Limit one foe put to sleep
|rule|Species Clause: Limit one of each PokÃ©mon
|rule|OHKO Clause: OHKO moves are banned
|rule|Moody Clause: Moody is banned
|rule|Evasion Moves Clause: Evasion moves are banned
|rule|Endless Battle Clause: Forcing endless battles is banned
|rule|HP Percentage Mod: HP is shown in percentages
|teampreview
|
|start
|switch|p1a: Garchomp|Garchomp, M|357\/357
|switch|p2a: Scizor|Scizor, F|343\/343
|turn|1
|
|switch|p2a: Gyarados|Gyarados, F|353\/353
|-ability|p2a: Gyarados|Intimidate|[of] p1a: Garchomp
|-unboost|p1a: Garchomp|atk|1
|move|p1a: Garchomp|Fire Blast|p2a: Gyarados
|-resisted|p2a: Gyarados
|-damage|p2a: Gyarados|320\/353
|-status|p2a: Gyarados|brn
|
|-heal|p2a: Gyarados|342\/353 brn|[from] item: Leftovers
|-damage|p2a: Gyarados|298\/353 brn|[from] brn
|turn|2
|
|switch|p2a: Diancie|Diancie|304\/304
|move|p1a: Garchomp|Stealth Rock|p2a: Diancie
|-sidestart|p2: bigwigwam|move: Stealth Rock
|
|turn|3
|
|move|p1a: Garchomp|Earthquake|p2a: Diancie
|-supereffective|p2a: Diancie
|-damage|p2a: Diancie|184\/304
|move|p2a: Diancie|Moonblast|p1a: Garchomp
|-supereffective|p1a: Garchomp
|-damage|p1a: Garchomp|67\/357
|-unboost|p1a: Garchomp|spa|1
|
|-heal|p2a: Diancie|203\/304|[from] item: Leftovers
|turn|4
|
|switch|p1a: Landorus-Therian|Landorus-Therian, M|319\/319
|-ability|p1a: Landorus-Therian|Intimidate|[of] p2a: Diancie
|-fail|p2a: Diancie|unboost|[from] ability: Clear Body|[of] p2a: Diancie
|move|p2a: Diancie|Stealth Rock|p1a: Landorus-Therian
|-sidestart|p1: bigdickplayer|move: Stealth Rock
|
|-heal|p2a: Diancie|222\/304|[from] item: Leftovers
|turn|5
|
|move|p1a: Landorus-Therian|U-turn|p2a: Diancie
|-resisted|p2a: Diancie
|-damage|p2a: Diancie|198\/304
|
|switch|p1a: Garchomp|Garchomp, M|67\/357
|-damage|p1a: Garchomp|45\/357|[from] Stealth Rock
|move|p2a: Diancie|Diamond Storm|p1a: Garchomp
|-resisted|p1a: Garchomp
|-damage|p1a: Garchomp|0 fnt
|-boost|p2a: Diancie|def|1
|faint|p1a: Garchomp
|
|-heal|p2a: Diancie|217\/304|[from] item: Leftovers
|
|switch|p1a: Greninja|Greninja, F|286\/286
|-damage|p1a: Greninja|251\/286|[from] Stealth Rock
|turn|6
|
|switch|p2a: Sylveon|Sylveon, M|394\/394
|-damage|p2a: Sylveon|345\/394|[from] Stealth Rock
|move|p1a: Greninja|Spikes|p2a: Sylveon
|-start|p1a: Greninja|typechange|Ground|[from] Protean
|-sidestart|p2: bigwigwam|Spikes
|
|-heal|p2a: Sylveon|369\/394|[from] item: Leftovers
|turn|7
|
|move|p1a: Greninja|Spikes|p2a: Sylveon
|-sidestart|p2: bigwigwam|Spikes
|move|p2a: Sylveon|Heal Bell|p2a: Sylveon
|-cureteam|p2a: Sylveon|[from] move: HealBell
|
|-heal|p2a: Sylveon|393\/394|[from] item: Leftovers
|turn|8
|
|move|p1a: Greninja|Spikes|p2a: Sylveon
|-sidestart|p2: bigwigwam|Spikes
|move|p2a: Sylveon|Hyper Voice|p1a: Greninja
|-damage|p1a: Greninja|49\/286
|
|-heal|p2a: Sylveon|394\/394|[from] item: Leftovers
|turn|9
|
|move|p1a: Greninja|Scald|p2a: Sylveon
|-start|p1a: Greninja|typechange|Water|[from] Protean
|-damage|p2a: Sylveon|304\/394
|-damage|p1a: Greninja|21\/286|[from] item: Life Orb
|move|p2a: Sylveon|Wish|p2a: Sylveon
|
|-heal|p2a: Sylveon|328\/394|[from] item: Leftovers
|turn|10
|
|switch|p2a: Scizor|Scizor, F|343\/343
|-damage|p2a: Scizor|258\/343|[from] Spikes
|-damage|p2a: Scizor|216\/343|[from] Stealth Rock
|move|p1a: Greninja|Scald|p2a: Scizor
|-damage|p2a: Scizor|28\/343
|-damage|p1a: Greninja|0 fnt|[from] item: Life Orb
|faint|p1a: Greninja
|
|-heal|p2a: Scizor|225\/343|[from] move: Wish|[wisher] Sylveon
|-heal|p2a: Scizor|246\/343|[from] item: Leftovers
|
|switch|p1a: Absol|Absol, F|271\/271
|-damage|p1a: Absol|238\/271|[from] Stealth Rock
|turn|11
|
|detailschange|p1a: Absol|Absol-Mega, F
|message|Absol has Mega Evolved into Mega Absol!
|move|p1a: Absol|Fire Blast|p2a: Scizor
|-supereffective|p2a: Scizor
|-damage|p2a: Scizor|0 fnt
|faint|p2a: Scizor
|
|
|switch|p2a: Diancie|Diancie|217\/304
|-damage|p2a: Diancie|179\/304|[from] Stealth Rock
|-damage|p2a: Diancie|103\/304|[from] Spikes
|turn|12
|
|switch|p1a: Landorus-Therian|Landorus-Therian, M|319\/319
|-damage|p1a: Landorus-Therian|280\/319|[from] Stealth Rock
|-ability|p1a: Landorus-Therian|Intimidate|[of] p2a: Diancie
|-fail|p2a: Diancie|unboost|[from] ability: Clear Body|[of] p2a: Diancie
|move|p2a: Diancie|Moonblast|p1a: Landorus-Therian
|-damage|p1a: Landorus-Therian|151\/319
|
|-heal|p2a: Diancie|122\/304|[from] item: Leftovers
|turn|13
|
|move|p1a: Landorus-Therian|U-turn|p2a: Diancie
|-resisted|p2a: Diancie
|-damage|p2a: Diancie|98\/304
|
|switch|p1a: Bisharp|Bisharp, F|272\/272
|-damage|p1a: Bisharp|255\/272|[from] Stealth Rock
|move|p2a: Diancie|Diamond Storm|p1a: Bisharp
|-resisted|p1a: Bisharp
|-damage|p1a: Bisharp|192\/272
|-boost|p2a: Diancie|def|1
|
|-heal|p2a: Diancie|117\/304|[from] item: Leftovers
|turn|14
|
|move|p1a: Bisharp|Iron Head|p2a: Diancie
|-supereffective|p2a: Diancie
|-damage|p2a: Diancie|0 fnt
|-damage|p1a: Bisharp|165\/272|[from] item: Life Orb
|faint|p2a: Diancie
|
|
|switch|p2a: Keldeo-Resolute|Keldeo-Resolute|322\/322
|-damage|p2a: Keldeo-Resolute|242\/322|[from] Spikes
|-damage|p2a: Keldeo-Resolute|222\/322|[from] Stealth Rock
|turn|15
|
|switch|p1a: Latias|Latias, F, shiny|301\/301
|-damage|p1a: Latias|264\/301|[from] Stealth Rock
|move|p2a: Keldeo-Resolute|Secret Sword|p1a: Latias
|-resisted|p1a: Latias
|-damage|p1a: Latias|144\/301
|
|turn|16
|
|switch|p2a: Sylveon|Sylveon, M|328\/394
|-damage|p2a: Sylveon|279\/394|[from] Stealth Rock
|-damage|p2a: Sylveon|181\/394|[from] Spikes
|move|p1a: Latias|Psyshock|p2a: Sylveon
|-damage|p2a: Sylveon|0 fnt
|-damage|p1a: Latias|114\/301|[from] item: Life Orb
|faint|p2a: Sylveon
|
|
|switch|p2a: Gyarados|Gyarados, F|298\/353
|-damage|p2a: Gyarados|210\/353|[from] Stealth Rock
|-ability|p2a: Gyarados|Intimidate|[of] p1a: Latias
|-unboost|p1a: Latias|atk|1
|turn|17
|
|move|p1a: Latias|Draco Meteor|p2a: Gyarados
|-damage|p2a: Gyarados|0 fnt
|-unboost|p1a: Latias|spa|2
|-damage|p1a: Latias|84\/301|[from] item: Life Orb
|faint|p2a: Gyarados
|
|
|switch|p2a: Keldeo-Resolute|Keldeo-Resolute|222\/322
|-damage|p2a: Keldeo-Resolute|202\/322|[from] Stealth Rock
|-damage|p2a: Keldeo-Resolute|122\/322|[from] Spikes
|turn|18
|
|move|p1a: Latias|Psyshock|p2a: Keldeo-Resolute
|-supereffective|p2a: Keldeo-Resolute
|-damage|p2a: Keldeo-Resolute|0 fnt
|-damage|p1a: Latias|54\/301|[from] item: Life Orb
|faint|p2a: Keldeo-Resolute
|
|c|âbigwigwam|gg
|
|switch|p2a: Venusaur|Venusaur, M|361\/361
|-damage|p2a: Venusaur|316\/361|[from] Stealth Rock
|-damage|p2a: Venusaur|226\/361|[from] Spikes
|turn|19
|c|âbigdickplayer|gg
|
|switch|p1a: Landorus-Therian|Landorus-Therian, M|151\/319
|-damage|p1a: Landorus-Therian|112\/319|[from] Stealth Rock
|-ability|p1a: Landorus-Therian|Intimidate|[of] p2a: Venusaur
|-unboost|p2a: Venusaur|atk|1
|detailschange|p2a: Venusaur|Venusaur-Mega, M
|message|Venusaur has Mega Evolved into Mega Venusaur!
|move|p2a: Venusaur|Sludge Bomb|p1a: Landorus-Therian
|-resisted|p1a: Landorus-Therian
|-damage|p1a: Landorus-Therian|19\/319
|
|turn|20
|
|move|p1a: Landorus-Therian|Earthquake|p2a: Venusaur
|-damage|p2a: Venusaur|67\/361
|move|p2a: Venusaur|Giga Drain|p1a: Landorus-Therian
|-crit|p1a: Landorus-Therian
|-damage|p1a: Landorus-Therian|0 fnt
|-heal|p2a: Venusaur|77\/361|[from] drain|[of] p1a: Landorus-Therian
|faint|p1a: Landorus-Therian
|
|
|switch|p1a: Absol|Absol-Mega, F|238\/271
|-damage|p1a: Absol|205\/271|[from] Stealth Rock
|turn|21
|
|move|p1a: Absol|Knock Off|p2a: Venusaur
|-damage|p2a: Venusaur|0 fnt
|faint|p2a: Venusaur
|
|win|bigdickplayer
|raw|Ladder updating...
|raw|bigdickplayer's rating: 1678 &rarr; <strong>1690<\/strong><br \/>(+12 for winning)
|raw|bigwigwam's rating: 1525 &rarr; <strong>1514<\/strong><br \/>(-11 for losing)