|join|bigdickplayer
|join|LT4V NELSON
|player|p1|bigdickplayer|169
|player|p2|LT4V NELSON|77
|gametype|singles
|gen|6
|tier|OU
|rated
|clearpoke
|poke|p1|Terrakion
|poke|p1|Azumarill, M
|poke|p1|Skarmory, M
|poke|p1|Bisharp, F
|poke|p1|Manectric, M
|poke|p1|Heatran, F
|poke|p2|Slowbro, F
|poke|p2|Medicham, F
|poke|p2|Gliscor, F
|poke|p2|Latios, M
|poke|p2|Jirachi
|poke|p2|Heatran, M
|rule|Swagger Clause: Swagger is banned
|rule|Baton Pass Clause: Limit one PokÃ©mon knowing Baton Pass
|rule|Sleep Clause Mod: Limit one foe put to sleep
|rule|Species Clause: Limit one of each PokÃ©mon
|rule|OHKO Clause: OHKO moves are banned
|rule|Moody Clause: Moody is banned
|rule|Evasion Moves Clause: Evasion moves are banned
|rule|Endless Battle Clause: Forcing endless battles is banned
|rule|HP Percentage Mod: HP is shown in percentages
|teampreview
|
|start
|switch|p1a: Manectric|Manectric, M|281\/281
|switch|p2a: Medicham|Medicham, F|261\/261
|turn|1
|
|switch|p1a: Skarmory|Skarmory, M|334\/334
|detailschange|p2a: Medicham|Medicham-Mega, F
|message|Medicham has Mega Evolved into Mega Medicham!
|move|p2a: Medicham|Fake Out|p1a: Skarmory
|-resisted|p1a: Skarmory
|-damage|p1a: Skarmory|310\/334
|-damage|p2a: Medicham|218\/261|[from] item: Rocky Helmet|[of] p1a: Skarmory
|
|turn|2
|
|switch|p2a: Heatran|Heatran, M|386\/386
|move|p1a: Skarmory|Counter|p2a: Heatran
|-fail|p2a: Heatran
|
|turn|3
|
|move|p2a: Heatran|Stealth Rock|p1a: Skarmory
|-sidestart|p1: bigdickplayer|move: Stealth Rock
|move|p1a: Skarmory|Stealth Rock|p2a: Heatran
|-sidestart|p2: LT4V NELSON|move: Stealth Rock
|
|turn|4
|
|switch|p2a: Gliscor|Gliscor, F|352\/352
|-damage|p2a: Gliscor|308\/352|[from] Stealth Rock
|switch|p1a: Heatran|Heatran, F|386\/386
|-damage|p1a: Heatran|338\/386|[from] Stealth Rock
|
|-heal|p1a: Heatran|362\/386|[from] item: Leftovers
|-status|p2a: Gliscor|tox|[from] item: Toxic Orb
|turn|5
|
|move|p1a: Heatran|Protect|p1a: Heatran
|-singleturn|p1a: Heatran|Protect
|move|p2a: Gliscor|Earthquake|p1a: Heatran
|-activate|p1a: Heatran|Protect
|
|-heal|p1a: Heatran|386\/386|[from] item: Leftovers
|-heal|p2a: Gliscor|352\/352 tox|[from] ability: Poison Heal
|turn|6
|
|switch|p2a: Slowbro|Slowbro, F|394\/394
|-damage|p2a: Slowbro|345\/394|[from] Stealth Rock
|move|p1a: Heatran|Earth Power|p2a: Slowbro
|-damage|p2a: Slowbro|235\/394
|-unboost|p2a: Slowbro|spd|1
|
|-heal|p2a: Slowbro|259\/394|[from] item: Leftovers
|turn|7
|
|switch|p2a: Gliscor|Gliscor, F|352\/352 tox
|-damage|p2a: Gliscor|308\/352 tox|[from] Stealth Rock
|move|p1a: Heatran|Lava Plume|p2a: Gliscor
|-damage|p2a: Gliscor|158\/352 tox
|
|-heal|p2a: Gliscor|202\/352 tox|[from] ability: Poison Heal
|turn|8
|
|switch|p1a: Skarmory|Skarmory, M|310\/334
|-damage|p1a: Skarmory|269\/334|[from] Stealth Rock
|move|p2a: Gliscor|Earthquake|p1a: Skarmory
|-immune|p1a: Skarmory|[msg]
|
|-heal|p2a: Gliscor|246\/352 tox|[from] ability: Poison Heal
|turn|9
|
|move|p2a: Gliscor|Roost|p2a: Gliscor
|-heal|p2a: Gliscor|352\/352 tox
|move|p1a: Skarmory|Whirlwind|p2a: Gliscor
|drag|p2a: Medicham|Medicham-Mega, F|218\/261
|-damage|p2a: Medicham|202\/261|[from] Stealth Rock
|
|turn|10
|
|move|p2a: Medicham|High Jump Kick|p1a: Skarmory
|-damage|p1a: Skarmory|35\/334
|-damage|p2a: Medicham|159\/261|[from] item: Rocky Helmet|[of] p1a: Skarmory
|move|p1a: Skarmory|Roost|p1a: Skarmory
|-heal|p1a: Skarmory|202\/334
|
|turn|11
|
|switch|p1a: Azumarill|Azumarill, M|404\/404
|-damage|p1a: Azumarill|354\/404|[from] Stealth Rock
|move|p2a: Medicham|Thunder Punch|p1a: Azumarill
|-supereffective|p1a: Azumarill
|-damage|p1a: Azumarill|0 fnt
|faint|p1a: Azumarill
|
|
|switch|p1a: Manectric|Manectric, M|281\/281
|-damage|p1a: Manectric|246\/281|[from] Stealth Rock
|turn|12
|
|switch|p2a: Gliscor|Gliscor, F|352\/352 tox
|-damage|p2a: Gliscor|308\/352 tox|[from] Stealth Rock
|detailschange|p1a: Manectric|Manectric-Mega, M
|message|Manectric has Mega Evolved into Mega Manectric!
|-ability|p1a: Manectric|Intimidate|[of] p2a: Gliscor
|-unboost|p2a: Gliscor|atk|1
|move|p1a: Manectric|Thunderbolt|p2a: Gliscor
|-immune|p2a: Gliscor|[msg]
|
|-heal|p2a: Gliscor|352\/352 tox|[from] ability: Poison Heal
|turn|13
|
|switch|p2a: Heatran|Heatran, M|386\/386
|-damage|p2a: Heatran|338\/386|[from] Stealth Rock
|move|p1a: Manectric|Thunderbolt|p2a: Heatran
|-damage|p2a: Heatran|229\/386
|
|-heal|p2a: Heatran|253\/386|[from] item: Leftovers
|turn|14
|
|move|p2a: Heatran|Protect|p2a: Heatran
|-singleturn|p2a: Heatran|Protect
|move|p1a: Manectric|Volt Switch|p2a: Heatran
|-activate|p2a: Heatran|Protect
|
|-heal|p2a: Heatran|277\/386|[from] item: Leftovers
|turn|15
|
|move|p1a: Manectric|Volt Switch|p2a: Heatran
|-damage|p2a: Heatran|195\/386
|
|switch|p1a: Heatran|Heatran, F|386\/386
|-damage|p1a: Heatran|338\/386|[from] Stealth Rock
|move|p2a: Heatran|Toxic|p1a: Heatran
|-fail|p1a: Heatran
|
|-heal|p1a: Heatran|362\/386|[from] item: Leftovers
|-heal|p2a: Heatran|219\/386|[from] item: Leftovers
|turn|16
|
|switch|p1a: Terrakion|Terrakion|323\/323
|-damage|p1a: Terrakion|303\/323|[from] Stealth Rock
|move|p2a: Heatran|Protect|p2a: Heatran
|-fail|p2a: Heatran
|
|-heal|p1a: Terrakion|323\/323|[from] item: Leftovers
|-heal|p2a: Heatran|243\/386|[from] item: Leftovers
|turn|17
|
|switch|p2a: Gliscor|Gliscor, F|352\/352 tox
|-damage|p2a: Gliscor|308\/352 tox|[from] Stealth Rock
|move|p1a: Terrakion|Swords Dance|p1a: Terrakion
|-boost|p1a: Terrakion|atk|2
|
|-heal|p2a: Gliscor|352\/352 tox|[from] ability: Poison Heal
|turn|18
|
|move|p1a: Terrakion|Stone Edge|p2a: Gliscor
|-crit|p2a: Gliscor
|-damage|p2a: Gliscor|4\/352 tox
|move|p2a: Gliscor|Earthquake|p1a: Terrakion
|-supereffective|p1a: Terrakion
|-damage|p1a: Terrakion|81\/323
|
|-heal|p1a: Terrakion|101\/323|[from] item: Leftovers
|-heal|p2a: Gliscor|48\/352 tox|[from] ability: Poison Heal
|turn|19
|
|switch|p2a: Slowbro|Slowbro, F|390\/394
|-damage|p2a: Slowbro|341\/394|[from] Stealth Rock
|move|p1a: Terrakion|Close Combat|p2a: Slowbro
|-resisted|p2a: Slowbro
|-damage|p2a: Slowbro|191\/394
|-unboost|p1a: Terrakion|def|1
|-unboost|p1a: Terrakion|spd|1
|
|-heal|p1a: Terrakion|121\/323|[from] item: Leftovers
|-heal|p2a: Slowbro|215\/394|[from] item: Leftovers
|turn|20
|
|move|p1a: Terrakion|Stone Edge|p2a: Slowbro
|-damage|p2a: Slowbro|0 fnt
|faint|p2a: Slowbro
|
|-heal|p1a: Terrakion|141\/323|[from] item: Leftovers
|
|switch|p2a: Medicham|Medicham-Mega, F|159\/261
|-damage|p2a: Medicham|143\/261|[from] Stealth Rock
|turn|21
|
|move|p2a: Medicham|Fake Out|p1a: Terrakion
|-resisted|p1a: Terrakion
|-damage|p1a: Terrakion|64\/323
|cant|p1a: Terrakion|flinch
|
|-heal|p1a: Terrakion|84\/323|[from] item: Leftovers
|turn|22
|
|switch|p2a: Gliscor|Gliscor, F|48\/352 tox
|-damage|p2a: Gliscor|4\/352 tox|[from] Stealth Rock
|move|p1a: Terrakion|Close Combat|p2a: Gliscor
|-resisted|p2a: Gliscor
|-damage|p2a: Gliscor|0 fnt
|-unboost|p1a: Terrakion|def|1
|-unboost|p1a: Terrakion|spd|1
|faint|p2a: Gliscor
|
|-heal|p1a: Terrakion|104\/323|[from] item: Leftovers
|
|switch|p2a: Latios|Latios, M|301\/301
|-damage|p2a: Latios|264\/301|[from] Stealth Rock
|turn|23
|
|switch|p1a: Heatran|Heatran, F|362\/386
|-damage|p1a: Heatran|314\/386|[from] Stealth Rock
|move|p2a: Latios|Earthquake|p1a: Heatran
|-supereffective|p1a: Heatran
|-damage|p1a: Heatran|0 fnt
|-damage|p2a: Latios|234\/301|[from] item: Life Orb
|faint|p1a: Heatran
|
|
|switch|p1a: Bisharp|Bisharp, F|272\/272
|-damage|p1a: Bisharp|255\/272|[from] Stealth Rock
|turn|24
|
|switch|p2a: Medicham|Medicham-Mega, F|143\/261
|-damage|p2a: Medicham|127\/261|[from] Stealth Rock
|move|p1a: Bisharp|Sucker Punch|p2a: Medicham
|-fail|p2a: Medicham
|
|turn|25
|
|move|p1a: Bisharp|Sucker Punch|p2a: Medicham
|-damage|p2a: Medicham|0 fnt
|-damage|p1a: Bisharp|228\/272|[from] item: Life Orb
|faint|p2a: Medicham
|
|
|switch|p2a: Heatran|Heatran, M|243\/386
|-damage|p2a: Heatran|195\/386|[from] Stealth Rock
|turn|26
|
|switch|p1a: Skarmory|Skarmory, M|202\/334
|-damage|p1a: Skarmory|161\/334|[from] Stealth Rock
|move|p2a: Heatran|Lava Plume|p1a: Skarmory
|-supereffective|p1a: Skarmory
|-damage|p1a: Skarmory|0 fnt
|faint|p1a: Skarmory
|
|-heal|p2a: Heatran|219\/386|[from] item: Leftovers
|
|switch|p1a: Terrakion|Terrakion|104\/323
|-damage|p1a: Terrakion|84\/323|[from] Stealth Rock
|turn|27
|
|switch|p2a: Latios|Latios, M|234\/301
|-damage|p2a: Latios|197\/301|[from] Stealth Rock
|move|p1a: Terrakion|Substitute|p1a: Terrakion
|-start|p1a: Terrakion|Substitute
|-damage|p1a: Terrakion|4\/323
|
|-heal|p1a: Terrakion|24\/323|[from] item: Leftovers
|turn|28
|
|move|p2a: Latios|Recover|p2a: Latios
|-heal|p2a: Latios|301\/301
|move|p1a: Terrakion|Stone Edge|p2a: Latios
|-damage|p2a: Latios|82\/301
|
|-heal|p1a: Terrakion|44\/323|[from] item: Leftovers
|turn|29
|
|move|p2a: Latios|Recover|p2a: Latios
|-heal|p2a: Latios|233\/301
|move|p1a: Terrakion|Stone Edge|p2a: Latios|[miss]
|-miss|p1a: Terrakion|p2a: Latios
|
|-heal|p1a: Terrakion|64\/323|[from] item: Leftovers
|turn|30
|
|move|p2a: Latios|Earthquake|p1a: Terrakion
|-supereffective|p1a: Terrakion
|-end|p1a: Terrakion|Substitute
|-damage|p2a: Latios|203\/301|[from] item: Life Orb
|move|p1a: Terrakion|Stone Edge|p2a: Latios
|-damage|p2a: Latios|0 fnt
|faint|p2a: Latios
|
|-heal|p1a: Terrakion|84\/323|[from] item: Leftovers
|
|switch|p2a: Jirachi|Jirachi|404\/404
|-damage|p2a: Jirachi|379\/404|[from] Stealth Rock
|turn|31
|
|move|p1a: Terrakion|Close Combat|p2a: Jirachi
|-damage|p2a: Jirachi|151\/404
|-unboost|p1a: Terrakion|def|1
|-unboost|p1a: Terrakion|spd|1
|move|p2a: Jirachi|Iron Head|p1a: Terrakion
|-supereffective|p1a: Terrakion
|-damage|p1a: Terrakion|0 fnt
|faint|p1a: Terrakion
|
|-heal|p2a: Jirachi|176\/404|[from] item: Leftovers
|
|switch|p1a: Bisharp|Bisharp, F|228\/272
|-damage|p1a: Bisharp|211\/272|[from] Stealth Rock
|turn|32
|
|move|p1a: Bisharp|Knock Off|p2a: Jirachi
|-supereffective|p2a: Jirachi
|-damage|p2a: Jirachi|0 fnt
|-enditem|p2a: Jirachi|Leftovers|[from] move: Knock Off|[of] p1a: Bisharp
|-damage|p1a: Bisharp|184\/272|[from] item: Life Orb
|faint|p2a: Jirachi
|
|
|switch|p2a: Heatran|Heatran, M|219\/386
|-damage|p2a: Heatran|171\/386|[from] Stealth Rock
|turn|33
|
|move|p2a: Heatran|Protect|p2a: Heatran
|-singleturn|p2a: Heatran|Protect
|move|p1a: Bisharp|Sucker Punch|p2a: Heatran
|-fail|p2a: Heatran
|
|-heal|p2a: Heatran|195\/386|[from] item: Leftovers
|turn|34
|
|move|p1a: Bisharp|Knock Off|p2a: Heatran
|-damage|p2a: Heatran|0 fnt
|-enditem|p2a: Heatran|Leftovers|[from] move: Knock Off|[of] p1a: Bisharp
|-damage|p1a: Bisharp|157\/272|[from] item: Life Orb
|faint|p2a: Heatran
|
|win|bigdickplayer
|raw|Ladder updating...
|raw|bigdickplayer's rating: 1706 &rarr; <strong>1730<\/strong><br \/>(+24 for winning)
|raw|LT4V NELSON's rating: 1772 &rarr; <strong>1748<\/strong><br \/>(-24 for losing)