|join|bigdickplayer
|join|LT2A NZ744
|player|p1|bigdickplayer|245
|player|p2|LT2A NZ744|101
|gametype|singles
|gen|6
|tier|OU
|rated
|clearpoke
|poke|p1|Slowbro, M, shiny
|poke|p1|Scizor, F
|poke|p1|Heatran, M
|poke|p1|Clefable, F
|poke|p1|Keldeo-Resolute
|poke|p1|Latios, M
|poke|p2|Terrakion
|poke|p2|Landorus-Therian, M
|poke|p2|Charizard, M
|poke|p2|Latios, M
|poke|p2|Bisharp, M
|poke|p2|Excadrill, M
|rule|Swagger Clause: Swagger is banned
|rule|Baton Pass Clause: Limit one PokÃ©mon knowing Baton Pass
|rule|Sleep Clause Mod: Limit one foe put to sleep
|rule|Species Clause: Limit one of each PokÃ©mon
|rule|OHKO Clause: OHKO moves are banned
|rule|Moody Clause: Moody is banned
|rule|Evasion Moves Clause: Evasion moves are banned
|rule|Endless Battle Clause: Forcing endless battles is banned
|rule|HP Percentage Mod: HP is shown in percentages
|teampreview
|
|start
|switch|p1a: Keldeo-Resolute|Keldeo-Resolute|324\/324
|switch|p2a: Terrakion|Terrakion|323\/323
|turn|1
|
|move|p1a: Keldeo-Resolute|Scald|p2a: Terrakion
|-supereffective|p2a: Terrakion
|-damage|p2a: Terrakion|39\/323
|-status|p2a: Terrakion|brn
|move|p2a: Terrakion|Close Combat|p1a: Keldeo-Resolute
|-damage|p1a: Keldeo-Resolute|198\/324
|-unboost|p2a: Terrakion|def|1
|-unboost|p2a: Terrakion|spd|1
|
|-heal|p1a: Keldeo-Resolute|218\/324|[from] item: Leftovers
|-damage|p2a: Terrakion|0 fnt|[from] brn
|faint|p2a: Terrakion
|
|switch|p2a: Latios|Latios, M|301\/301
|turn|2
|
|switch|p2a: Charizard|Charizard, M|315\/315
|switch|p1a: Scizor|Scizor, F|344\/344
|
|turn|3
|
|switch|p1a: Slowbro|Slowbro, M, shiny|394\/394
|detailschange|p2a: Charizard|Charizard-Mega-X, M
|message|Charizard has Mega Evolved into Mega Charizard!
|move|p2a: Charizard|Dragon Dance|p2a: Charizard
|-boost|p2a: Charizard|atk|1
|-boost|p2a: Charizard|spe|1
|
|turn|4
|
|move|p2a: Charizard|Outrage|p1a: Slowbro
|-damage|p1a: Slowbro|120\/394
|move|p1a: Slowbro|Thunder Wave|p2a: Charizard
|-status|p2a: Charizard|par
|
|-heal|p1a: Slowbro|144\/394|[from] item: Leftovers
|turn|5
|
|switch|p1a: Heatran|Heatran, M|386\/386
|cant|p2a: Charizard|par
|
|-end|p2a: Charizard|rampage
|-start|p2a: Charizard|confusion
|turn|6
|
|move|p1a: Heatran|Earth Power|p2a: Charizard
|-supereffective|p2a: Charizard
|-damage|p2a: Charizard|109\/315 par
|-activate|p2a: Charizard|confusion
|move|p2a: Charizard|Outrage|p1a: Heatran
|-resisted|p1a: Heatran
|-damage|p1a: Heatran|171\/386
|
|-heal|p1a: Heatran|195\/386|[from] item: Leftovers
|turn|7
|
|move|p1a: Heatran|Earth Power|p2a: Charizard
|-supereffective|p2a: Charizard
|-damage|p2a: Charizard|0 fnt
|faint|p2a: Charizard
|
|-heal|p1a: Heatran|219\/386|[from] item: Leftovers
|
|switch|p2a: Landorus-Therian|Landorus-Therian, M|319\/319
|-ability|p2a: Landorus-Therian|Intimidate|[of] p1a: Heatran
|-unboost|p1a: Heatran|atk|1
|turn|8
|
|move|p1a: Heatran|Protect|p1a: Heatran
|-singleturn|p1a: Heatran|Protect
|move|p2a: Landorus-Therian|Swords Dance|p2a: Landorus-Therian
|-boost|p2a: Landorus-Therian|atk|2
|
|-heal|p1a: Heatran|243\/386|[from] item: Leftovers
|turn|9
|
|switch|p1a: Scizor|Scizor, F|344\/344
|move|p2a: Landorus-Therian|Knock Off|p1a: Scizor
|-damage|p1a: Scizor|122\/344
|-damage|p2a: Landorus-Therian|288\/319|[from] item: Life Orb
|
|turn|10
|
|detailschange|p1a: Scizor|Scizor-Mega, F
|message|Scizor has Mega Evolved into Mega Scizor!
|move|p1a: Scizor|Bullet Punch|p2a: Landorus-Therian
|-crit|p2a: Landorus-Therian
|-damage|p2a: Landorus-Therian|93\/319
|move|p2a: Landorus-Therian|Knock Off|p1a: Scizor
|-damage|p1a: Scizor|0 fnt
|-damage|p2a: Landorus-Therian|62\/319|[from] item: Life Orb
|faint|p1a: Scizor
|
|
|switch|p1a: Latios|Latios, M|302\/302
|turn|11
|
|move|p1a: Latios|Draco Meteor|p2a: Landorus-Therian
|-damage|p2a: Landorus-Therian|0 fnt
|-unboost|p1a: Latios|spa|2
|faint|p2a: Landorus-Therian
|
|
|switch|p2a: Bisharp|Bisharp, M|271\/271
|turn|12
|
|switch|p1a: Keldeo-Resolute|Keldeo-Resolute|218\/324
|move|p2a: Bisharp|Swords Dance|p2a: Bisharp
|-boost|p2a: Bisharp|atk|2
|
|-heal|p1a: Keldeo-Resolute|238\/324|[from] item: Leftovers
|turn|13
|
|switch|p2a: Latios|Latios, M|301\/301
|move|p1a: Keldeo-Resolute|Secret Sword|p2a: Latios
|-resisted|p2a: Latios
|-damage|p2a: Latios|217\/301
|
|-heal|p1a: Keldeo-Resolute|258\/324|[from] item: Leftovers
|turn|14
|
|switch|p1a: Heatran|Heatran, M|243\/386
|move|p2a: Latios|Thunderbolt|p1a: Heatran
|-damage|p1a: Heatran|148\/386
|-damage|p2a: Latios|187\/301|[from] item: Life Orb
|
|-heal|p1a: Heatran|172\/386|[from] item: Leftovers
|turn|15
|
|move|p2a: Latios|Thunderbolt|p1a: Heatran
|-damage|p1a: Heatran|77\/386
|-status|p1a: Heatran|par
|-damage|p2a: Latios|157\/301|[from] item: Life Orb
|move|p1a: Heatran|Stealth Rock|p2a: Latios
|-sidestart|p2: LT2A NZ744|move: Stealth Rock
|
|-heal|p1a: Heatran|101\/386 par|[from] item: Leftovers
|turn|16
|
|move|p1a: Heatran|Protect|p1a: Heatran
|-singleturn|p1a: Heatran|Protect
|move|p2a: Latios|Thunderbolt|p1a: Heatran
|-activate|p1a: Heatran|Protect
|
|-heal|p1a: Heatran|125\/386 par|[from] item: Leftovers
|turn|17
|
|move|p2a: Latios|Thunderbolt|p1a: Heatran
|-damage|p1a: Heatran|28\/386 par
|-damage|p2a: Latios|127\/301|[from] item: Life Orb
|cant|p1a: Heatran|par
|
|-heal|p1a: Heatran|52\/386 par|[from] item: Leftovers
|turn|18
|
|move|p2a: Latios|Thunderbolt|p1a: Heatran
|-damage|p1a: Heatran|0 fnt
|-damage|p2a: Latios|97\/301|[from] item: Life Orb
|faint|p1a: Heatran
|
|
|switch|p1a: Clefable|Clefable, F|394\/394
|turn|19
|
|move|p2a: Latios|Psyshock|p1a: Clefable
|-damage|p1a: Clefable|237\/394
|-damage|p2a: Latios|67\/301|[from] item: Life Orb
|move|p1a: Clefable|Calm Mind|p1a: Clefable
|-boost|p1a: Clefable|spa|1
|-boost|p1a: Clefable|spd|1
|
|-heal|p1a: Clefable|261\/394|[from] item: Leftovers
|turn|20
|
|move|p2a: Latios|Psyshock|p1a: Clefable
|-damage|p1a: Clefable|104\/394
|-damage|p2a: Latios|37\/301|[from] item: Life Orb
|move|p1a: Clefable|Soft-Boiled|p1a: Clefable
|-heal|p1a: Clefable|301\/394
|
|-heal|p1a: Clefable|325\/394|[from] item: Leftovers
|turn|21
|
|switch|p2a: Excadrill|Excadrill, M|361\/361
|-damage|p2a: Excadrill|350\/361|[from] Stealth Rock
|-ability|p2a: Excadrill|Mold Breaker
|move|p1a: Clefable|Soft-Boiled|p1a: Clefable
|-heal|p1a: Clefable|394\/394
|
|turn|22
|
|switch|p1a: Slowbro|Slowbro, M, shiny|275\/394
|move|p2a: Excadrill|Iron Head|p1a: Slowbro
|-resisted|p1a: Slowbro
|-damage|p1a: Slowbro|230\/394
|
|-heal|p1a: Slowbro|254\/394|[from] item: Leftovers
|turn|23
|-message|LT2A NZ744 forfeited.
|
|win|bigdickplayer
|raw|Ladder updating...
|raw|bigdickplayer's rating: 1800 &rarr; <strong>1818<\/strong><br \/>(+18 for winning)
|raw|LT2A NZ744's rating: 1776 &rarr; <strong>1757<\/strong><br \/>(-19 for losing)
|leave|LT2A NZ744
|player|p2