|join|bigdickplayer
|join|Jiban123
|player|p1|bigdickplayer|2
|player|p2|Jiban123|99
|gametype|singles
|gen|6
|tier|OU
|rated
|clearpoke
|poke|p1|Reuniclus, M
|poke|p1|Victini
|poke|p1|Aggron, M
|poke|p1|Porygon2
|poke|p1|Slowbro, F, shiny
|poke|p1|Rotom-Wash
|poke|p2|Haxorus, M, shiny
|poke|p2|Blastoise, M
|poke|p2|Arcanine, M
|poke|p2|Talonflame, M
|poke|p2|Lucario, M
|poke|p2|Jolteon, M
|rule|Swagger Clause: Swagger is banned
|rule|Baton Pass Clause: Limit one PokÃ©mon knowing Baton Pass
|rule|Sleep Clause Mod: Limit one foe put to sleep
|rule|Species Clause: Limit one of each PokÃ©mon
|rule|OHKO Clause: OHKO moves are banned
|rule|Moody Clause: Moody is banned
|rule|Evasion Moves Clause: Evasion moves are banned
|rule|Endless Battle Clause: Forcing endless battles is banned
|rule|HP Percentage Mod: HP is shown in percentages
|teampreview
|
|start
|switch|p1a: Reuniclus|Reuniclus, M|424\/424
|switch|p2a: Blastoise|Blastoise, M|362\/362
|turn|1
|
|detailschange|p2a: Blastoise|Blastoise-Mega, M
|message|Blastoise has Mega Evolved into Mega Blastoise!
|move|p2a: Blastoise|Dark Pulse|p1a: Reuniclus
|-supereffective|p1a: Reuniclus
|-damage|p1a: Reuniclus|138\/424
|move|p1a: Reuniclus|Trick Room|p1a: Reuniclus
|-fieldstart|move: Trick Room|[of] p1a: Reuniclus
|
|turn|2
|
|move|p1a: Reuniclus|Psychic|p2a: Blastoise
|-damage|p2a: Blastoise|210\/362
|move|p2a: Blastoise|Dark Pulse|p1a: Reuniclus
|-supereffective|p1a: Reuniclus
|-damage|p1a: Reuniclus|0 fnt
|faint|p1a: Reuniclus
|
|
|switch|p1a: Victini|Victini|404\/404
|turn|3
|
|switch|p2a: Jolteon|Jolteon, M|271\/271
|move|p1a: Victini|Bolt Strike|p2a: Jolteon
|-immune|p2a: Jolteon|[msg]
|
|turn|4
|
|move|p1a: Victini|V-create|p2a: Jolteon
|-enditem|p2a: Jolteon|Focus Sash
|-damage|p2a: Jolteon|1\/271
|-unboost|p1a: Victini|def|1
|-unboost|p1a: Victini|spd|1
|-unboost|p1a: Victini|spe|1
|-damage|p1a: Victini|364\/404|[from] item: Life Orb
|move|p2a: Jolteon|Shadow Ball|p1a: Victini
|-supereffective|p1a: Victini
|-damage|p1a: Victini|94\/404
|-unboost|p1a: Victini|spd|1
|
|turn|5
|
|move|p1a: Victini|U-turn|p2a: Jolteon
|-damage|p2a: Jolteon|0 fnt
|-damage|p1a: Victini|54\/404|[from] item: Life Orb
|faint|p2a: Jolteon
|
|switch|p1a: Rotom-Wash|Rotom-Wash|304\/304
|
|-fieldend|move: Trick Room
|
|switch|p2a: Haxorus|Haxorus, M, shiny|294\/294
|-ability|p2a: Haxorus|Mold Breaker
|turn|6
|
|move|p2a: Haxorus|Taunt|p1a: Rotom-Wash
|-start|p1a: Rotom-Wash|move: Taunt
|cant|p1a: Rotom-Wash|move: Taunt|Will-O-Wisp
|
|turn|7
|
|move|p2a: Haxorus|Earthquake|p1a: Rotom-Wash
|-supereffective|p1a: Rotom-Wash
|-damage|p1a: Rotom-Wash|110\/304
|move|p1a: Rotom-Wash|Volt Switch|p2a: Haxorus
|-resisted|p2a: Haxorus
|-damage|p2a: Haxorus|239\/294
|
|switch|p1a: Slowbro|Slowbro, F, shiny|394\/394
|
|turn|8
|
|move|p2a: Haxorus|Taunt|p1a: Slowbro
|-start|p1a: Slowbro|move: Taunt
|move|p1a: Slowbro|Psychic|p2a: Haxorus
|-damage|p2a: Haxorus|44\/294
|
|turn|9
|
|move|p2a: Haxorus|Earthquake|p1a: Slowbro
|-damage|p1a: Slowbro|262\/394
|move|p1a: Slowbro|Psychic|p2a: Haxorus
|-damage|p2a: Haxorus|0 fnt
|faint|p2a: Haxorus
|
|-heal|p1a: Slowbro|286\/394|[from] item: Leftovers
|
|switch|p2a: Blastoise|Blastoise-Mega, M|210\/362
|turn|10
|
|switch|p1a: Porygon2|Porygon2|374\/374
|-ability|p1a: Porygon2|Mega Launcher|[from] ability: Trace|[of] p2a: Blastoise
|move|p2a: Blastoise|Dark Pulse|p1a: Porygon2
|-damage|p1a: Porygon2|312\/374
|
|turn|11
|
|switch|p2a: Arcanine|Arcanine, M|339\/339
|-ability|p2a: Arcanine|Intimidate|[of] p1a: Porygon2
|-unboost|p1a: Porygon2|atk|1
|move|p1a: Porygon2|Trick Room|p1a: Porygon2
|-fieldstart|move: Trick Room|[of] p1a: Porygon2
|
|turn|12
|
|switch|p1a: Rotom-Wash|Rotom-Wash|110\/304
|move|p2a: Arcanine|Close Combat|p1a: Rotom-Wash
|-damage|p1a: Rotom-Wash|0 fnt
|-unboost|p2a: Arcanine|def|1
|-unboost|p2a: Arcanine|spd|1
|-damage|p2a: Arcanine|306\/339|[from] item: Life Orb
|faint|p1a: Rotom-Wash
|
|
|switch|p1a: Slowbro|Slowbro, F, shiny|394\/394
|turn|13
|
|switch|p2a: Talonflame|Talonflame, M|309\/309
|move|p1a: Slowbro|Psychic|p2a: Talonflame
|-damage|p2a: Talonflame|146\/309
|-unboost|p2a: Talonflame|spd|1
|
|turn|14
|
|move|p2a: Talonflame|Acrobatics|p1a: Slowbro
|-damage|p1a: Slowbro|258\/394
|move|p1a: Slowbro|Scald|p2a: Talonflame
|-supereffective|p2a: Talonflame
|-damage|p2a: Talonflame|0 fnt
|faint|p2a: Talonflame
|
|-heal|p1a: Slowbro|282\/394|[from] item: Leftovers
|
|switch|p2a: Arcanine|Arcanine, M|306\/339
|-ability|p2a: Arcanine|Intimidate|[of] p1a: Slowbro
|-unboost|p1a: Slowbro|atk|1
|turn|15
|
|move|p1a: Slowbro|Scald|p2a: Arcanine
|-supereffective|p2a: Arcanine
|-damage|p2a: Arcanine|6\/339
|move|p2a: Arcanine|Wild Charge|p1a: Slowbro
|-supereffective|p1a: Slowbro
|-damage|p1a: Slowbro|51\/394
|-damage|p2a: Arcanine|0 fnt|[from] recoil|[of] p1a: Slowbro
|faint|p2a: Arcanine
|
|-heal|p1a: Slowbro|75\/394|[from] item: Leftovers
|-fieldend|move: Trick Room
|
|switch|p2a: Lucario|Lucario, M|282\/282
|turn|16
|
|switch|p1a: Victini|Victini|54\/404
|move|p2a: Lucario|Close Combat|p1a: Victini
|-resisted|p1a: Victini
|-damage|p1a: Victini|0 fnt
|-unboost|p2a: Lucario|def|1
|-unboost|p2a: Lucario|spd|1
|faint|p1a: Victini
|
|
|switch|p1a: Aggron|Aggron, M|344\/344
|turn|17
|
|detailschange|p1a: Aggron|Aggron-Mega, M
|message|Aggron has Mega Evolved into Mega Aggron!
|move|p2a: Lucario|Swords Dance|p2a: Lucario
|-boost|p2a: Lucario|atk|2
|move|p1a: Aggron|Thunder Wave|p2a: Lucario
|-status|p2a: Lucario|par
|
|turn|18
|
|move|p2a: Lucario|Close Combat|p1a: Aggron
|-supereffective|p1a: Aggron
|-damage|p1a: Aggron|110\/344
|-unboost|p2a: Lucario|def|1
|-unboost|p2a: Lucario|spd|1
|move|p1a: Aggron|Roar|p2a: Lucario
|drag|p2a: Blastoise|Blastoise-Mega, M|210\/362
|
|turn|19
|
|switch|p1a: Porygon2|Porygon2|312\/374
|-ability|p1a: Porygon2|Mega Launcher|[from] ability: Trace|[of] p2a: Blastoise
|move|p2a: Blastoise|Scald|p1a: Porygon2
|-damage|p1a: Porygon2|254\/374
|
|turn|20
|
|move|p2a: Blastoise|Dark Pulse|p1a: Porygon2
|-damage|p1a: Porygon2|188\/374
|cant|p1a: Porygon2|flinch
|
|turn|21
|
|switch|p2a: Lucario|Lucario, M|282\/282 par
|move|p1a: Porygon2|Recover|p1a: Porygon2
|-heal|p1a: Porygon2|374\/374
|
|turn|22
|
|move|p1a: Porygon2|Tri Attack|p2a: Lucario
|-resisted|p2a: Lucario
|-damage|p2a: Lucario|214\/282 par
|move|p2a: Lucario|Swords Dance|p2a: Lucario
|-boost|p2a: Lucario|atk|2
|
|turn|23
|
|move|p1a: Porygon2|Tri Attack|p2a: Lucario
|-resisted|p2a: Lucario
|-damage|p2a: Lucario|152\/282 par
|move|p2a: Lucario|Close Combat|p1a: Porygon2
|-supereffective|p1a: Porygon2
|-damage|p1a: Porygon2|0 fnt
|-unboost|p2a: Lucario|def|1
|-unboost|p2a: Lucario|spd|1
|faint|p1a: Porygon2
|
|
|switch|p1a: Slowbro|Slowbro, F, shiny|206\/394
|turn|24
|
|move|p2a: Lucario|Extreme Speed|p1a: Slowbro
|-damage|p1a: Slowbro|40\/394
|move|p1a: Slowbro|Psychic|p2a: Lucario
|-damage|p2a: Lucario|0 fnt
|faint|p2a: Lucario
|
|-heal|p1a: Slowbro|64\/394|[from] item: Leftovers
|
|switch|p2a: Blastoise|Blastoise-Mega, M|210\/362
|turn|25
|
|switch|p1a: Aggron|Aggron-Mega, M|110\/344
|move|p2a: Blastoise|Dark Pulse|p1a: Aggron
|-damage|p1a: Aggron|0 fnt
|faint|p1a: Aggron
|
|-message|bigdickplayer forfeited.
|
|win|Jiban123
|raw|Ladder updating...
|leave|bigdickplayer
|player|p1
|raw|bigdickplayer's rating: 1603 &rarr; <strong>1583<\/strong><br \/>(-20 for losing)
|raw|Jiban123's rating: 1614 &rarr; <strong>1633<\/strong><br \/>(+19 for winning)