|join|lil manaphy
|join|bigdickplayer
|player|p1|lil manaphy|104
|player|p2|bigdickplayer|245
|gametype|singles
|gen|6
|tier|OU
|rated
|clearpoke
|poke|p1|Gardevoir, F, shiny
|poke|p1|Mandibuzz, F
|poke|p1|Amoonguss, F
|poke|p1|Chansey, F
|poke|p1|Keldeo
|poke|p1|Landorus-Therian, M
|poke|p2|Garchomp, M, shiny
|poke|p2|Absol, F
|poke|p2|Greninja, F
|poke|p2|Landorus-Therian, M
|poke|p2|Latias, F, shiny
|poke|p2|Bisharp, M
|rule|Swagger Clause: Swagger is banned
|rule|Baton Pass Clause: Limit one PokÃ©mon knowing Baton Pass
|rule|Sleep Clause Mod: Limit one foe put to sleep
|rule|Species Clause: Limit one of each PokÃ©mon
|rule|OHKO Clause: OHKO moves are banned
|rule|Moody Clause: Moody is banned
|rule|Evasion Moves Clause: Evasion moves are banned
|rule|Endless Battle Clause: Forcing endless battles is banned
|rule|HP Percentage Mod: HP is shown in percentages
|teampreview
|
|start
|switch|p1a: Landorus-Therian|Landorus-Therian, M|382\/382
|switch|p2a: Absol|Absol, F|271\/271
|-ability|p1a: Landorus-Therian|Intimidate|[of] p2a: Absol
|-unboost|p2a: Absol|atk|1
|turn|1
|
|switch|p2a: Landorus-Therian|Landorus-Therian, M|319\/319
|-ability|p2a: Landorus-Therian|Intimidate|[of] p1a: Landorus-Therian
|-unboost|p1a: Landorus-Therian|atk|1
|move|p1a: Landorus-Therian|U-turn|p2a: Landorus-Therian
|-resisted|p2a: Landorus-Therian
|-damage|p2a: Landorus-Therian|295\/319
|
|switch|p1a: Keldeo|Keldeo|323\/323
|
|turn|2
|
|switch|p1a: Landorus-Therian|Landorus-Therian, M|382\/382
|-ability|p1a: Landorus-Therian|Intimidate|[of] p2a: Landorus-Therian
|-unboost|p2a: Landorus-Therian|atk|1
|move|p2a: Landorus-Therian|U-turn|p1a: Landorus-Therian
|-resisted|p1a: Landorus-Therian
|-damage|p1a: Landorus-Therian|361\/382
|
|switch|p2a: Garchomp|Garchomp, M, shiny|357\/357
|
|-heal|p1a: Landorus-Therian|382\/382|[from] item: Leftovers
|turn|3
|
|move|p2a: Garchomp|Stealth Rock|p1a: Landorus-Therian
|-sidestart|p1: lil manaphy|move: Stealth Rock
|move|p1a: Landorus-Therian|Earthquake|p2a: Garchomp
|-crit|p2a: Garchomp
|-damage|p2a: Garchomp|120\/357
|
|turn|4
|
|switch|p2a: Landorus-Therian|Landorus-Therian, M|295\/319
|-ability|p2a: Landorus-Therian|Intimidate|[of] p1a: Landorus-Therian
|-unboost|p1a: Landorus-Therian|atk|1
|move|p1a: Landorus-Therian|Stealth Rock|p2a: Landorus-Therian
|-sidestart|p2: bigdickplayer|move: Stealth Rock
|
|turn|5
|
|move|p2a: Landorus-Therian|Knock Off|p1a: Landorus-Therian
|-damage|p1a: Landorus-Therian|287\/382
|-enditem|p1a: Landorus-Therian|Leftovers|[from] move: Knock Off|[of] p2a: Landorus-Therian
|move|p1a: Landorus-Therian|U-turn|p2a: Landorus-Therian
|-resisted|p2a: Landorus-Therian
|-damage|p2a: Landorus-Therian|272\/319
|
|switch|p1a: Keldeo|Keldeo|323\/323
|-damage|p1a: Keldeo|303\/323|[from] Stealth Rock
|
|-heal|p1a: Keldeo|323\/323|[from] item: Leftovers
|turn|6
|
|switch|p2a: Latias|Latias, F, shiny|301\/301
|-damage|p2a: Latias|264\/301|[from] Stealth Rock
|move|p1a: Keldeo|Scald|p2a: Latias
|-resisted|p2a: Latias
|-damage|p2a: Latias|202\/301
|
|turn|7
|join|jake5alt
|c| jake5alt|LOL
|c| jake5alt|back to the old team
|
|switch|p1a: Chansey|Chansey, F|704\/704
|-damage|p1a: Chansey|616\/704|[from] Stealth Rock
|move|p2a: Latias|Psyshock|p1a: Chansey
|-damage|p1a: Chansey|408\/704
|-damage|p2a: Latias|172\/301|[from] item: Life Orb
|
|turn|8
|
|switch|p2a: Garchomp|Garchomp, M, shiny|120\/357
|-damage|p2a: Garchomp|98\/357|[from] Stealth Rock
|move|p1a: Chansey|Soft-Boiled|p1a: Chansey
|-heal|p1a: Chansey|704\/704
|
|turn|9
|c| jake5alt|lol whats wrong too many people counter teaming you
|c|âbigdickplayer|not to be ?
|c|âbigdickplayer|how is my team counter?
|c| jake5alt|nah to your opponent
|c|âbigdickplayer|its not counter
|c| jake5alt|nah im wondering why she swtiched back to her old team
|c|âbigdickplayer|its just stall
|c| jake5alt|lol ik her team is stall
|c|âbigdickplayer|I don't think I will win
|
|switch|p1a: Landorus-Therian|Landorus-Therian, M|287\/382
|-damage|p1a: Landorus-Therian|240\/382|[from] Stealth Rock
|-ability|p1a: Landorus-Therian|Intimidate|[of] p2a: Garchomp
|-unboost|p2a: Garchomp|atk|1
|move|p2a: Garchomp|Outrage|p1a: Landorus-Therian
|-damage|p1a: Landorus-Therian|132\/382
|
|turn|10
|c| jake5alt|she made another stall team and was using taht upto now and then switched back to this team
|c|âbigdickplayer|does she only use stall
|
|move|p2a: Garchomp|Outrage|p1a: Landorus-Therian
|-damage|p1a: Landorus-Therian|18\/382
|move|p1a: Landorus-Therian|Earthquake|p2a: Garchomp
|-damage|p2a: Garchomp|0 fnt
|faint|p2a: Garchomp
|
|c| jake5alt|yep
|c|âbigdickplayer|dam
|c| jake5alt|its a pain in the ass to break stalll unless u got dedicated wallbreakers
|join|Starmei
|c|âbigdickplayer|yeah not me
|c| jake5alt|or can trap stuff with gothotile
|c|âbigdickplayer|don't have the patience
|
|switch|p2a: Greninja|Greninja, F|286\/286
|-damage|p2a: Greninja|251\/286|[from] Stealth Rock
|turn|11
|c| jake5alt|tbh goth can ko a significant part of her team
|leave|Starmei
|c|âbigdickplayer|but goth has to do so much work to her team
|c| jake5alt|i guess buzz amoongus and chansey and keldeo pretty easily fall
|
|move|p2a: Greninja|Scald|p1a: Landorus-Therian
|-start|p2a: Greninja|typechange|Water|[from] Protean
|-supereffective|p1a: Landorus-Therian
|-damage|p1a: Landorus-Therian|0 fnt
|-damage|p2a: Greninja|223\/286|[from] item: Life Orb
|faint|p1a: Landorus-Therian
|
|
|switch|p1a: Chansey|Chansey, F|704\/704
|-damage|p1a: Chansey|616\/704|[from] Stealth Rock
|turn|12
|c| jake5alt|yeah but if you run rest you should be fine
|c|âbigdickplayer|I have an absol for god's sake
|c|âbigdickplayer|I've lost
|
|move|p2a: Greninja|Spikes|p1a: Chansey
|-start|p2a: Greninja|typechange|Ground|[from] Protean
|-sidestart|p1: lil manaphy|Spikes
|move|p1a: Chansey|Wish|p1a: Chansey
|
|turn|13
|c| jake5alt|lol absol really doesn't have the powah
|c| jake5alt|u need something like a goth
|c|âbigdickplayer|yeh
|c|âbigdickplayer|but I like absol
|c| jake5alt|play it right and it'll easily take out 4 of her mons
|
|move|p2a: Greninja|Spikes|p1a: Chansey
|-sidestart|p1: lil manaphy|Spikes
|move|p1a: Chansey|Seismic Toss|p2a: Greninja
|-damage|p2a: Greninja|123\/286
|
|-heal|p1a: Chansey|704\/704|[from] move: Wish|[wisher] Chansey
|turn|14
|c| jake5alt|and she changed her gth for a keldeo
|
|switch|p2a: Bisharp|Bisharp, M|272\/272
|-damage|p2a: Bisharp|255\/272|[from] Stealth Rock
|move|p1a: Chansey|Seismic Toss|p2a: Bisharp
|-damage|p2a: Bisharp|155\/272
|
|turn|15
|c| jake5alt|before she ran a goth instead of that keldeo
|c|âbigdickplayer|to beat other stall teams
|c|âbigdickplayer|I gues
|
|switch|p1a: Laveau|Mandibuzz, F|424\/424
|-damage|p1a: Laveau|318\/424|[from] Stealth Rock
|move|p2a: Bisharp|Knock Off|p1a: Laveau
|-resisted|p1a: Laveau
|-damage|p1a: Laveau|232\/424
|-enditem|p1a: Laveau|Leftovers|[from] move: Knock Off|[of] p2a: Bisharp
|-damage|p2a: Bisharp|128\/272|[from] item: Life Orb
|
|turn|16
|
|move|p2a: Bisharp|Iron Head|p1a: Laveau
|-damage|p1a: Laveau|83\/424
|-damage|p2a: Bisharp|101\/272|[from] item: Life Orb
|move|p1a: Laveau|Roost|p1a: Laveau
|-heal|p1a: Laveau|295\/424
|
|turn|17
|c|âbigdickplayer|dam no flinch
|
|switch|p2a: Latias|Latias, F, shiny|172\/301
|-damage|p2a: Latias|135\/301|[from] Stealth Rock
|move|p1a: Laveau|Defog|p2a: Latias
|-unboost|p2a: Latias|evasion|1
|-sideend|p2: bigdickplayer|Stealth Rock|[from] move: Defog|[of] p2a: Latias
|-sideend|p1: lil manaphy|Spikes|[from] move: Defog|[of] p1a: Laveau
|-sideend|p1: lil manaphy|Stealth Rock|[from] move: Defog|[of] p1a: Laveau
|
|turn|18
|
|switch|p2a: Absol|Absol, F|271\/271
|switch|p1a: Chansey|Chansey, F|704\/704
|
|turn|19
|c|âbigdickplayer|mandibuzz is actually a pain in the ass
|
|switch|p1a: Laveau|Mandibuzz, F|295\/424
|detailschange|p2a: Absol|Absol-Mega, F
|message|Absol has Mega Evolved into Mega Absol!
|move|p2a: Absol|Knock Off|p1a: Laveau
|-resisted|p1a: Laveau
|-damage|p1a: Laveau|253\/424
|
|turn|20
|
|move|p2a: Absol|Ice Beam|p1a: Laveau
|-crit|p1a: Laveau
|-supereffective|p1a: Laveau
|-damage|p1a: Laveau|0 fnt
|faint|p1a: Laveau
|
|
|switch|p1a: Misty day|Gardevoir, F, shiny|277\/277
|-ability|p1a: Misty day|Magic Bounce|[from] ability: Trace|[of] p2a: Absol
|turn|21
|c|âbigdickplayer|this thing destroyes
|
|detailschange|p1a: Misty day|Gardevoir-Mega, F, shiny
|message|Gardevoir has Mega Evolved into Mega Gardevoir!
|move|p2a: Absol|Sucker Punch|p1a: Misty day
|-damage|p1a: Misty day|67\/277
|move|p1a: Misty day|Hyper Voice|p2a: Absol
|-supereffective|p2a: Absol
|-damage|p2a: Absol|0 fnt
|faint|p2a: Absol
|
|
|switch|p2a: Landorus-Therian|Landorus-Therian, M|272\/319
|-ability|p2a: Landorus-Therian|Intimidate|[of] p1a: Misty day
|-unboost|p1a: Misty day|atk|1
|turn|22
|c|âbigdickplayer|oh shit this person is high rated
|
|switch|p1a: Zoe|Amoonguss, F|432\/432
|move|p2a: Landorus-Therian|U-turn|p1a: Zoe
|-damage|p1a: Zoe|352\/432
|
|switch|p2a: Latias|Latias, F, shiny|135\/301
|
|-heal|p1a: Zoe|379\/432|[from] item: Black Sludge
|turn|23
|
|move|p2a: Latias|Psyshock|p1a: Zoe
|-supereffective|p1a: Zoe
|-damage|p1a: Zoe|90\/432
|-damage|p2a: Latias|105\/301|[from] item: Life Orb
|move|p1a: Zoe|Spore|p2a: Latias
|-status|p2a: Latias|slp
|
|-heal|p1a: Zoe|117\/432|[from] item: Black Sludge
|turn|24
|
|switch|p2a: Landorus-Therian|Landorus-Therian, M|272\/319
|-ability|p2a: Landorus-Therian|Intimidate|[of] p1a: Zoe
|-unboost|p1a: Zoe|atk|1
|move|p1a: Zoe|Giga Drain|p2a: Landorus-Therian
|-damage|p2a: Landorus-Therian|182\/319
|-heal|p1a: Zoe|162\/432|[from] drain|[of] p2a: Landorus-Therian
|
|-heal|p1a: Zoe|189\/432|[from] item: Black Sludge
|turn|25
|
|switch|p1a: Chansey|Chansey, F|704\/704
|move|p2a: Landorus-Therian|Earthquake|p1a: Chansey
|-damage|p1a: Chansey|457\/704
|
|turn|26
|
|move|p2a: Landorus-Therian|Earthquake|p1a: Chansey
|-damage|p1a: Chansey|181\/704
|move|p1a: Chansey|Soft-Boiled|p1a: Chansey
|-heal|p1a: Chansey|533\/704
|
|turn|27
|
|switch|p2a: Bisharp|Bisharp, M|101\/272
|move|p1a: Chansey|Soft-Boiled|p1a: Chansey
|-heal|p1a: Chansey|704\/704
|
|turn|28
|
|switch|p1a: Keldeo|Keldeo|323\/323
|move|p2a: Bisharp|Knock Off|p1a: Keldeo
|-resisted|p1a: Keldeo
|-damage|p1a: Keldeo|184\/323
|-boost|p1a: Keldeo|atk|1|[from] ability: Justified
|-enditem|p1a: Keldeo|Leftovers|[from] move: Knock Off|[of] p2a: Bisharp
|-damage|p2a: Bisharp|74\/272|[from] item: Life Orb
|
|turn|29
|
|switch|p2a: Latias|Latias, F, shiny|105\/301 slp
|move|p1a: Keldeo|Substitute|p1a: Keldeo
|-start|p1a: Keldeo|Substitute
|-damage|p1a: Keldeo|104\/323
|
|turn|30
|
|cant|p2a: Latias|slp
|move|p1a: Keldeo|Secret Sword|p2a: Latias
|-resisted|p2a: Latias
|-damage|p2a: Latias|21\/301 slp
|
|turn|31
|
|-curestatus|p2a: Latias|slp
|move|p2a: Latias|Psyshock|p1a: Keldeo
|-supereffective|p1a: Keldeo
|-end|p1a: Keldeo|Substitute
|-damage|p2a: Latias|0 fnt|[from] item: Life Orb
|faint|p2a: Latias
|move|p1a: Keldeo|Scald|p2: Latias|[notarget]
|-notarget
|
|
|switch|p2a: Greninja|Greninja, F|123\/286
|turn|32
|
|switch|p1a: Chansey|Chansey, F|704\/704
|move|p2a: Greninja|Spikes|p1a: Chansey
|-start|p2a: Greninja|typechange|Ground|[from] Protean
|-sidestart|p1: lil manaphy|Spikes
|
|turn|33
|
|switch|p2a: Landorus-Therian|Landorus-Therian, M|182\/319
|-ability|p2a: Landorus-Therian|Intimidate|[of] p1a: Chansey
|-unboost|p1a: Chansey|atk|1
|move|p1a: Chansey|Seismic Toss|p2a: Landorus-Therian
|-damage|p2a: Landorus-Therian|82\/319
|
|turn|34
|
|move|p2a: Landorus-Therian|Earthquake|p1a: Chansey
|-damage|p1a: Chansey|467\/704
|move|p1a: Chansey|Soft-Boiled|p1a: Chansey
|-heal|p1a: Chansey|704\/704
|
|turn|35
|
|move|p2a: Landorus-Therian|Earthquake|p1a: Chansey
|-damage|p1a: Chansey|448\/704
|move|p1a: Chansey|Wish|p1a: Chansey
|
|turn|36
|
|move|p2a: Landorus-Therian|Earthquake|p1a: Chansey
|-damage|p1a: Chansey|187\/704
|move|p1a: Chansey|Seismic Toss|p2a: Landorus-Therian
|-damage|p2a: Landorus-Therian|0 fnt
|faint|p2a: Landorus-Therian
|
|-heal|p1a: Chansey|539\/704|[from] move: Wish|[wisher] Chansey
|join|I'm Cancer
|
|switch|p2a: Bisharp|Bisharp, M|74\/272
|turn|37
|c| I'm Cancer|woah
|
|move|p2a: Bisharp|Pursuit|p1a: Chansey
|-damage|p1a: Chansey|395\/704
|-damage|p2a: Bisharp|47\/272|[from] item: Life Orb
|move|p1a: Chansey|Seismic Toss|p2a: Bisharp
|-damage|p2a: Bisharp|0 fnt
|faint|p2a: Bisharp
|
|c| I'm Cancer|2 games at once
|
|switch|p2a: Greninja|Greninja, F|123\/286
|turn|38
|c| I'm Cancer|:0
|
|move|p2a: Greninja|Scald|p1a: Chansey
|-start|p2a: Greninja|typechange|Water|[from] Protean
|-damage|p1a: Chansey|292\/704
|-damage|p2a: Greninja|95\/286|[from] item: Life Orb
|move|p1a: Chansey|Seismic Toss|p2a: Greninja
|-damage|p2a: Greninja|0 fnt
|faint|p2a: Greninja
|
|win|lil manaphy
|raw|Ladder updating...
|raw|lil manaphy's rating: 1930 &rarr; <strong>1940<\/strong><br \/>(+10 for winning)
|raw|bigdickplayer's rating: 1735 &rarr; <strong>1725<\/strong><br \/>(-10 for losing)
|join|LT2A The Turtle