|join|bigdickplayer
|join|Lord Zenis
|player|p1|bigdickplayer|245
|player|p2|Lord Zenis|162
|gametype|singles
|gen|6
|tier|OU
|rated
|clearpoke
|poke|p1|Raikou, shiny
|poke|p1|Chansey, F
|poke|p1|Breloom, M
|poke|p1|Skarmory, M
|poke|p1|Medicham, F
|poke|p1|Crawdaunt, F
|poke|p2|Cottonee, M
|poke|p2|Azelf
|poke|p2|Whimsicott, F
|poke|p2|Smeargle, M, shiny
|poke|p2|Espeon, M
|poke|p2|Gothitelle, F
|rule|Swagger Clause: Swagger is banned
|rule|Baton Pass Clause: Limit one PokÃ©mon knowing Baton Pass
|rule|Sleep Clause Mod: Limit one foe put to sleep
|rule|Species Clause: Limit one of each PokÃ©mon
|rule|OHKO Clause: OHKO moves are banned
|rule|Moody Clause: Moody is banned
|rule|Evasion Moves Clause: Evasion moves are banned
|rule|Endless Battle Clause: Forcing endless battles is banned
|rule|HP Percentage Mod: HP is shown in percentages
|teampreview
|
|start
|switch|p1a: Breloom|Breloom, M|262\/262
|switch|p2a: CHICHICHI LELELE|Cottonee, M|284\/284
|turn|1
|
|move|p2a: CHICHICHI LELELE|Tailwind|p2a: CHICHICHI LELELE
|-sidestart|p2: Lord Zenis|move: Tailwind
|move|p1a: Breloom|Rock Tomb|p2a: CHICHICHI LELELE
|-damage|p2a: CHICHICHI LELELE|44\/284
|-unboost|p2a: CHICHICHI LELELE|spe|1
|-damage|p1a: Breloom|236\/262|[from] item: Life Orb
|
|turn|2
|
|move|p2a: CHICHICHI LELELE|Memento|p1a: Breloom
|-unboost|p1a: Breloom|atk|2
|-unboost|p1a: Breloom|spa|2
|faint|p2a: CHICHICHI LELELE
|move|p1a: Breloom|Mach Punch|p2: CHICHICHI LELELE|[notarget]
|-notarget
|
|
|switch|p2a: MURDERESS|Gothitelle, F|344\/344
|turn|3
|
|move|p2a: MURDERESS|Psychic|p1a: Breloom
|-supereffective|p1a: Breloom
|-damage|p1a: Breloom|0 fnt
|faint|p1a: Breloom
|
|
|switch|p1a: Crawdaunt|Crawdaunt, F|267\/267
|turn|4
|
|switch|p2a: FAIRY SOLIDARITY|Whimsicott, F|324\/324
|move|p1a: Crawdaunt|Swords Dance|p1a: Crawdaunt
|-boost|p1a: Crawdaunt|atk|2
|
|-sideend|p2: Lord Zenis|move: Tailwind
|turn|5
|
|move|p2a: FAIRY SOLIDARITY|Encore|p1a: Crawdaunt
|-start|p1a: Crawdaunt|Encore
|move|p1a: Crawdaunt|Swords Dance|p1a: Crawdaunt
|-boost|p1a: Crawdaunt|atk|2
|
|turn|6
|
|switch|p2a: MURDERESS|Gothitelle, F|344\/344
|switch|p1a: Raikou|Raikou, shiny|322\/322
|-ability|p1a: Raikou|Pressure
|
|turn|7
|
|move|p1a: Raikou|Volt Switch|p2a: MURDERESS
|-damage|p2a: MURDERESS|239\/344
|
|switch|p1a: Crawdaunt|Crawdaunt, F|267\/267
|move|p2a: MURDERESS|Thunderbolt|p1a: Crawdaunt
|-supereffective|p1a: Crawdaunt
|-damage|p1a: Crawdaunt|0 fnt
|faint|p1a: Crawdaunt
|
|
|switch|p1a: Medicham|Medicham, F|261\/261
|turn|8
|
|detailschange|p1a: Medicham|Medicham-Mega, F
|message|Medicham has Mega Evolved into Mega Medicham!
|move|p1a: Medicham|Ice Punch|p2a: MURDERESS
|-damage|p2a: MURDERESS|57\/344
|move|p2a: MURDERESS|Thunderbolt|p1a: Medicham
|-crit|p1a: Medicham
|-damage|p1a: Medicham|7\/261
|
|turn|9
|
|move|p1a: Medicham|Ice Punch|p2a: MURDERESS
|-damage|p2a: MURDERESS|0 fnt
|faint|p2a: MURDERESS
|
|
|switch|p2a: VIVA CHILE|Azelf|354\/354
|turn|10
|
|move|p2a: VIVA CHILE|Reflect|p2a: VIVA CHILE
|-sidestart|p2: Lord Zenis|Reflect
|move|p1a: Medicham|Drain Punch|p2a: VIVA CHILE
|-resisted|p2a: VIVA CHILE
|-damage|p2a: VIVA CHILE|279\/354
|-heal|p1a: Medicham|45\/261|[from] drain|[of] p2a: VIVA CHILE
|
|turn|11
|
|move|p2a: VIVA CHILE|Light Screen|p2a: VIVA CHILE
|-sidestart|p2: Lord Zenis|move: Light Screen
|move|p1a: Medicham|Drain Punch|p2a: VIVA CHILE
|-resisted|p2a: VIVA CHILE
|-damage|p2a: VIVA CHILE|197\/354
|-heal|p1a: Medicham|86\/261|[from] drain|[of] p2a: VIVA CHILE
|
|turn|12
|
|switch|p1a: Skarmory|Skarmory, M|334\/334
|move|p2a: VIVA CHILE|Explosion|p1a: Skarmory
|-resisted|p1a: Skarmory
|-damage|p1a: Skarmory|264\/334
|faint|p2a: VIVA CHILE
|
|
|switch|p2a: FAIRY SOLIDARITY|Whimsicott, F|324\/324
|turn|13
|
|move|p2a: FAIRY SOLIDARITY|Taunt|p1a: Skarmory
|-start|p1a: Skarmory|move: Taunt
|cant|p1a: Skarmory|move: Taunt|Stealth Rock
|
|turn|14
|
|switch|p1a: Raikou|Raikou, shiny|322\/322
|-ability|p1a: Raikou|Pressure
|move|p2a: FAIRY SOLIDARITY|Tailwind|p2a: FAIRY SOLIDARITY
|-sidestart|p2: Lord Zenis|move: Tailwind
|
|turn|15
|
|switch|p1a: Skarmory|Skarmory, M|264\/334
|move|p2a: FAIRY SOLIDARITY|Memento|p1a: Skarmory
|-unboost|p1a: Skarmory|atk|2
|-unboost|p1a: Skarmory|spa|2
|faint|p2a: FAIRY SOLIDARITY
|
|
|switch|p2a: THE BP SAVIOR|Smeargle, M, shiny|251\/251
|turn|16
|
|move|p2a: THE BP SAVIOR|Taunt|p1a: Skarmory
|-start|p1a: Skarmory|move: Taunt
|cant|p1a: Skarmory|move: Taunt|Stealth Rock
|
|turn|17
|
|switch|p1a: Medicham|Medicham-Mega, F|86\/261
|move|p2a: THE BP SAVIOR|Cotton Guard|p2a: THE BP SAVIOR
|-boost|p2a: THE BP SAVIOR|def|3
|
|-sideend|p2: Lord Zenis|Reflect
|-sideend|p2: Lord Zenis|move: Tailwind
|turn|18
|
|move|p1a: Medicham|Drain Punch|p2a: THE BP SAVIOR
|-supereffective|p2a: THE BP SAVIOR
|-damage|p2a: THE BP SAVIOR|0 fnt
|-heal|p1a: Medicham|212\/261|[from] drain|[of] p2a: THE BP SAVIOR
|faint|p2a: THE BP SAVIOR
|
|-sideend|p2: Lord Zenis|move: Light Screen
|-message|Lord Zenis forfeited.
|
|win|bigdickplayer
|raw|Ladder updating...
|c|âbigdickplayer|LOL
|leave|Lord Zenis
|player|p2
|raw|bigdickplayer's rating: 1786 &rarr; <strong>1808<\/strong><br \/>(+22 for winning)
|raw|Lord Zenis's rating: 1805 &rarr; <strong>1784<\/strong><br \/>(-21 for losing)