|join|Kirou
|join|bigdickplayer
|player|p1|Kirou|161
|player|p2|bigdickplayer|245
|gametype|singles
|gen|6
|tier|OU
|rated
|clearpoke
|poke|p1|Rotom-Wash
|poke|p1|Heatran, M
|poke|p1|Clefable, F
|poke|p1|Ferrothorn, M
|poke|p1|Pinsir, F
|poke|p1|Conkeldurr, M
|poke|p2|Garchomp, F
|poke|p2|Absol, M
|poke|p2|Greninja, M
|poke|p2|Landorus-Therian, M
|poke|p2|Latias, F, shiny
|poke|p2|Bisharp, M
|rule|Swagger Clause: Swagger is banned
|rule|Baton Pass Clause: Limit one PokÃ©mon knowing Baton Pass
|rule|Sleep Clause Mod: Limit one foe put to sleep
|rule|Species Clause: Limit one of each PokÃ©mon
|rule|OHKO Clause: OHKO moves are banned
|rule|Moody Clause: Moody is banned
|rule|Evasion Moves Clause: Evasion moves are banned
|rule|Endless Battle Clause: Forcing endless battles is banned
|rule|HP Percentage Mod: HP is shown in percentages
|teampreview
|
|start
|switch|p1a: Conkeldurr|Conkeldurr, M|378\/378
|switch|p2a: Garchomp|Garchomp, F|357\/357
|turn|1
|
|move|p2a: Garchomp|Stealth Rock|p1a: Conkeldurr
|-sidestart|p1: Kirou|move: Stealth Rock
|move|p1a: Conkeldurr|Knock Off|p2a: Garchomp
|-damage|p2a: Garchomp|215\/357
|-damage|p1a: Conkeldurr|331\/378|[from] ability: Rough Skin|[of] p2a: Garchomp
|-enditem|p2a: Garchomp|Focus Sash|[from] move: Knock Off|[of] p1a: Conkeldurr
|
|turn|2
|
|move|p2a: Garchomp|Outrage|p1a: Conkeldurr
|-damage|p1a: Conkeldurr|123\/378
|move|p1a: Conkeldurr|Ice Punch|p2a: Garchomp
|-supereffective|p2a: Garchomp
|-damage|p2a: Garchomp|0 fnt
|-damage|p1a: Conkeldurr|76\/378|[from] ability: Rough Skin|[of] p2a: Garchomp
|faint|p2a: Garchomp
|
|
|switch|p2a: Landorus-Therian|Landorus-Therian, M|319\/319
|-ability|p2a: Landorus-Therian|Intimidate|[of] p1a: Conkeldurr
|-unboost|p1a: Conkeldurr|atk|1
|turn|3
|
|move|p1a: Conkeldurr|Mach Punch|p2a: Landorus-Therian
|-resisted|p2a: Landorus-Therian
|-damage|p2a: Landorus-Therian|289\/319
|move|p2a: Landorus-Therian|Earthquake|p1a: Conkeldurr
|-damage|p1a: Conkeldurr|0 fnt
|faint|p1a: Conkeldurr
|
|
|switch|p1a: Heatran|Heatran, M|386\/386
|-damage|p1a: Heatran|338\/386|[from] Stealth Rock
|-item|p1a: Heatran|Air Balloon
|turn|4
|
|switch|p2a: Greninja|Greninja, M|286\/286
|move|p1a: Heatran|Lava Plume|p2a: Greninja
|-resisted|p2a: Greninja
|-damage|p2a: Greninja|191\/286
|
|turn|5
|
|switch|p1a: Rotom-Wash|Rotom-Wash|304\/304
|-damage|p1a: Rotom-Wash|266\/304|[from] Stealth Rock
|move|p2a: Greninja|Scald|p1a: Rotom-Wash
|-start|p2a: Greninja|typechange|Water|[from] Protean
|-resisted|p1a: Rotom-Wash
|-damage|p1a: Rotom-Wash|211\/304
|-damage|p2a: Greninja|163\/286|[from] item: Life Orb
|
|-heal|p1a: Rotom-Wash|230\/304|[from] item: Leftovers
|turn|6
|
|move|p2a: Greninja|Spikes|p1a: Rotom-Wash
|-start|p2a: Greninja|typechange|Ground|[from] Protean
|-sidestart|p1: Kirou|Spikes
|move|p1a: Rotom-Wash|Volt Switch|p2a: Greninja
|-immune|p2a: Greninja|[msg]
|
|-heal|p1a: Rotom-Wash|249\/304|[from] item: Leftovers
|turn|7
|
|switch|p2a: Latias|Latias, F, shiny|301\/301
|move|p1a: Rotom-Wash|Hydro Pump|p2a: Latias
|-resisted|p2a: Latias
|-damage|p2a: Latias|244\/301
|
|-heal|p1a: Rotom-Wash|268\/304|[from] item: Leftovers
|turn|8
|
|move|p2a: Latias|Psyshock|p1a: Rotom-Wash
|-damage|p1a: Rotom-Wash|104\/304
|-damage|p2a: Latias|214\/301|[from] item: Life Orb
|move|p1a: Rotom-Wash|Volt Switch|p2a: Latias
|-resisted|p2a: Latias
|-damage|p2a: Latias|182\/301
|
|switch|p1a: Clefable|Clefable, F|394\/394
|
|turn|9
|
|move|p2a: Latias|Psyshock|p1a: Clefable
|-damage|p1a: Clefable|248\/394
|-damage|p2a: Latias|152\/301|[from] item: Life Orb
|move|p1a: Clefable|Calm Mind|p1a: Clefable
|-boost|p1a: Clefable|spa|1
|-boost|p1a: Clefable|spd|1
|
|-heal|p1a: Clefable|272\/394|[from] item: Leftovers
|turn|10
|
|move|p2a: Latias|Psyshock|p1a: Clefable
|-damage|p1a: Clefable|134\/394
|-damage|p2a: Latias|122\/301|[from] item: Life Orb
|move|p1a: Clefable|Soft-Boiled|p1a: Clefable
|-heal|p1a: Clefable|331\/394
|
|-heal|p1a: Clefable|355\/394|[from] item: Leftovers
|turn|11
|
|switch|p2a: Bisharp|Bisharp, M|272\/272
|move|p1a: Clefable|Soft-Boiled|p1a: Clefable
|-heal|p1a: Clefable|394\/394
|
|turn|12
|
|move|p2a: Bisharp|Iron Head|p1a: Clefable
|-supereffective|p1a: Clefable
|-damage|p1a: Clefable|66\/394
|-damage|p2a: Bisharp|245\/272|[from] item: Life Orb
|cant|p1a: Clefable|flinch
|
|-heal|p1a: Clefable|90\/394|[from] item: Leftovers
|turn|13
|
|switch|p1a: Heatran|Heatran, M|338\/386
|-damage|p1a: Heatran|290\/386|[from] Stealth Rock
|-item|p1a: Heatran|Air Balloon
|move|p2a: Bisharp|Knock Off|p1a: Heatran
|-damage|p1a: Heatran|52\/386
|-enditem|p1a: Heatran|Air Balloon
|-damage|p2a: Bisharp|218\/272|[from] item: Life Orb
|
|turn|14
|
|move|p2a: Bisharp|Sucker Punch|p1a: Heatran
|-damage|p1a: Heatran|0 fnt
|-damage|p2a: Bisharp|191\/272|[from] item: Life Orb
|faint|p1a: Heatran
|
|
|switch|p1a: Pinsir|Pinsir, F|271\/271
|-damage|p1a: Pinsir|204\/271|[from] Stealth Rock
|-damage|p1a: Pinsir|171\/271|[from] Spikes
|turn|15
|
|switch|p2a: Landorus-Therian|Landorus-Therian, M|289\/319
|-ability|p2a: Landorus-Therian|Intimidate|[of] p1a: Pinsir
|-unboost|p1a: Pinsir|atk|1
|move|p1a: Pinsir|Swords Dance|p1a: Pinsir
|-boost|p1a: Pinsir|atk|2
|
|turn|16
|
|detailschange|p1a: Pinsir|Pinsir-Mega, F
|message|Pinsir has Mega Evolved into Mega Pinsir!
|move|p2a: Landorus-Therian|Stone Edge|p1a: Pinsir
|-supereffective|p1a: Pinsir
|-damage|p1a: Pinsir|0 fnt
|faint|p1a: Pinsir
|
|
|switch|p1a: Ferrothorn|Ferrothorn, M|352\/352
|-damage|p1a: Ferrothorn|308\/352|[from] Spikes
|-damage|p1a: Ferrothorn|286\/352|[from] Stealth Rock
|turn|17
|
|switch|p2a: Absol|Absol, M|271\/271
|move|p1a: Ferrothorn|Thunder Wave|p2a: Absol
|-status|p2a: Absol|par
|
|turn|18
|
|detailschange|p2a: Absol|Absol-Mega, M
|message|Absol has Mega Evolved into Mega Absol!
|move|p1a: Ferrothorn|Stealth Rock|p2a: Absol
|move|p2a: Absol|Stealth Rock|p1a: Ferrothorn|[from]Magic Bounce
|-fail|p1a: Ferrothorn
|move|p2a: Absol|Fire Blast|p1a: Ferrothorn
|-crit|p1a: Ferrothorn
|-supereffective|p1a: Ferrothorn
|-damage|p1a: Ferrothorn|0 fnt
|faint|p1a: Ferrothorn
|
|
|switch|p1a: Clefable|Clefable, F|90\/394
|turn|19
|
|switch|p2a: Bisharp|Bisharp, M|191\/272
|move|p1a: Clefable|Soft-Boiled|p1a: Clefable
|-heal|p1a: Clefable|287\/394
|
|-heal|p1a: Clefable|311\/394|[from] item: Leftovers
|turn|20
|
|move|p2a: Bisharp|Iron Head|p1a: Clefable
|-supereffective|p1a: Clefable
|-damage|p1a: Clefable|0 fnt
|-damage|p2a: Bisharp|164\/272|[from] item: Life Orb
|faint|p1a: Clefable
|
|
|switch|p1a: Rotom-Wash|Rotom-Wash|104\/304
|-damage|p1a: Rotom-Wash|66\/304|[from] Stealth Rock
|turn|21
|
|move|p2a: Bisharp|Knock Off|p1a: Rotom-Wash
|-crit|p1a: Rotom-Wash
|-damage|p1a: Rotom-Wash|0 fnt
|-enditem|p1a: Rotom-Wash|Leftovers|[from] move: Knock Off|[of] p2a: Bisharp
|-damage|p2a: Bisharp|137\/272|[from] item: Life Orb
|faint|p1a: Rotom-Wash
|
|win|bigdickplayer
|raw|Ladder updating...
|raw|Kirou's rating: 1662 &rarr; <strong>1646<\/strong><br \/>(-16 for losing)
|raw|bigdickplayer's rating: 1736 &rarr; <strong>1752<\/strong><br \/>(+16 for winning)