|join|Damn Squirrel
|join|bigdickplayer
|player|p1|Damn Squirrel|105
|player|p2|bigdickplayer|101
|gametype|singles
|gen|6
|tier|OU
|rated
|clearpoke
|poke|p1|Skarmory, F
|poke|p1|Starmie
|poke|p1|Excadrill, M
|poke|p1|Bisharp, M
|poke|p1|Pinsir, F
|poke|p1|Raikou
|poke|p2|Garchomp, F
|poke|p2|Latias, F
|poke|p2|Talonflame, F
|poke|p2|Magnezone
|poke|p2|Pinsir, F
|poke|p2|Azumarill, F
|rule|Swagger Clause: Swagger is banned
|rule|Baton Pass Clause: Limit one PokÃ©mon knowing Baton Pass
|rule|Sleep Clause Mod: Limit one foe put to sleep
|rule|Species Clause: Limit one of each PokÃ©mon
|rule|OHKO Clause: OHKO moves are banned
|rule|Moody Clause: Moody is banned
|rule|Evasion Moves Clause: Evasion moves are banned
|rule|Endless Battle Clause: Forcing endless battles is banned
|rule|HP Percentage Mod: HP is shown in percentages
|teampreview
|
|start
|switch|p1a: Skarmory|Skarmory, F|271\/271
|switch|p2a: Garchomp|Garchomp, F|358\/358
|turn|1
|
|move|p2a: Garchomp|Stealth Rock|p1a: Skarmory
|-sidestart|p1: Damn Squirrel|move: Stealth Rock
|move|p1a: Skarmory|Stealth Rock|p2a: Garchomp
|-sidestart|p2: bigdickplayer|move: Stealth Rock
|
|turn|2
|
|switch|p2a: Magnezone|Magnezone|282\/282
|-damage|p2a: Magnezone|265\/282|[from] Stealth Rock
|move|p1a: Skarmory|Spikes|p2a: Magnezone
|-sidestart|p2: bigdickplayer|Spikes
|
|turn|3
|
|move|p2a: Magnezone|Volt Switch|p1a: Skarmory
|-supereffective|p1a: Skarmory
|-activate|p1a: Skarmory|Sturdy
|-damage|p1a: Skarmory|1\/271
|
|switch|p2a: Garchomp|Garchomp, F|358\/358
|-damage|p2a: Garchomp|314\/358|[from] Spikes
|-damage|p2a: Garchomp|292\/358|[from] Stealth Rock
|-enditem|p1a: Skarmory|Salac Berry|[eat]
|-boost|p1a: Skarmory|spe|1|[from] item: Salac Berry
|move|p1a: Skarmory|Spikes|p2a: Garchomp
|-sidestart|p2: bigdickplayer|Spikes
|
|turn|4
|
|switch|p2a: Magnezone|Magnezone|265\/282
|-damage|p2a: Magnezone|218\/282|[from] Spikes
|-damage|p2a: Magnezone|201\/282|[from] Stealth Rock
|move|p1a: Skarmory|Brave Bird|p2a: Magnezone
|-resisted|p2a: Magnezone
|-damage|p2a: Magnezone|169\/282
|-damage|p1a: Skarmory|0 fnt|[from] recoil|[of] p2a: Magnezone
|faint|p1a: Skarmory
|
|
|switch|p1a: Raikou|Raikou|321\/321
|-damage|p1a: Raikou|281\/321|[from] Stealth Rock
|-ability|p1a: Raikou|Pressure
|turn|5
|
|switch|p2a: Latias|Latias, F|302\/302
|-damage|p2a: Latias|265\/302|[from] Stealth Rock
|move|p1a: Raikou|Hidden Power|p2a: Latias
|-supereffective|p2a: Latias
|-damage|p2a: Latias|163\/302
|
|turn|6
|
|move|p1a: Raikou|Volt Switch|p2a: Latias
|-resisted|p2a: Latias
|-damage|p2a: Latias|115\/302
|
|switch|p1a: Bisharp|Bisharp, M|271\/271
|-damage|p1a: Bisharp|255\/271|[from] Stealth Rock
|move|p2a: Latias|Hidden Power|p1a: Bisharp
|-supereffective|p1a: Bisharp
|-damage|p1a: Bisharp|21\/271
|-damage|p2a: Latias|85\/302|[from] item: Life Orb
|
|turn|7
|
|move|p2a: Latias|Healing Wish|p2a: Latias
|faint|p2a: Latias
|move|p1a: Bisharp|Knock Off|p2: Latias|[notarget]
|-notarget
|
|
|switch|p2a: Magnezone|Magnezone|169\/282
|-heal|p2a: Magnezone|282\/282|[from] move: Healing Wish
|-damage|p2a: Magnezone|265\/282|[from] Stealth Rock
|-damage|p2a: Magnezone|218\/282|[from] Spikes
|turn|8
|
|move|p1a: Bisharp|Sucker Punch|p2a: Magnezone
|-damage|p2a: Magnezone|61\/282
|move|p2a: Magnezone|Volt Switch|p1a: Bisharp
|-damage|p1a: Bisharp|0 fnt
|faint|p1a: Bisharp
|
|switch|p2a: Garchomp|Garchomp, F|292\/358
|-damage|p2a: Garchomp|270\/358|[from] Stealth Rock
|-damage|p2a: Garchomp|211\/358|[from] Spikes
|
|
|switch|p1a: Starmie|Starmie|261\/261
|-damage|p1a: Starmie|229\/261|[from] Stealth Rock
|turn|9
|
|move|p1a: Starmie|Ice Beam|p2a: Garchomp
|-supereffective|p2a: Garchomp
|-damage|p2a: Garchomp|0 fnt
|-damage|p1a: Starmie|203\/261|[from] item: Life Orb
|faint|p2a: Garchomp
|
|
|switch|p2a: Talonflame|Talonflame, F|298\/298
|-damage|p2a: Talonflame|149\/298|[from] Stealth Rock
|turn|10
|
|switch|p1a: Pinsir|Pinsir, F|271\/271
|-damage|p1a: Pinsir|204\/271|[from] Stealth Rock
|move|p2a: Talonflame|Brave Bird|p1a: Pinsir
|-supereffective|p1a: Pinsir
|-damage|p1a: Pinsir|0 fnt
|-damage|p2a: Talonflame|82\/298|[from] recoil|[of] p1a: Pinsir
|faint|p1a: Pinsir
|
|
|switch|p1a: Excadrill|Excadrill, M|361\/361
|-damage|p1a: Excadrill|350\/361|[from] Stealth Rock
|-ability|p1a: Excadrill|Mold Breaker
|turn|11
|
|move|p2a: Talonflame|Roost|p2a: Talonflame
|-heal|p2a: Talonflame|231\/298
|move|p1a: Excadrill|Iron Head|p2a: Talonflame
|-resisted|p2a: Talonflame
|-damage|p2a: Talonflame|132\/298
|
|turn|12
|
|switch|p1a: Raikou|Raikou|281\/321
|-damage|p1a: Raikou|241\/321|[from] Stealth Rock
|-ability|p1a: Raikou|Pressure
|move|p2a: Talonflame|Flare Blitz|p1a: Raikou
|-damage|p1a: Raikou|49\/321
|-damage|p2a: Talonflame|69\/298|[from] recoil|[of] p1a: Raikou
|
|turn|13
|
|move|p2a: Talonflame|Flare Blitz|p1a: Raikou
|-damage|p1a: Raikou|0 fnt
|-damage|p2a: Talonflame|53\/298|[from] recoil|[of] p1a: Raikou
|faint|p1a: Raikou
|
|
|switch|p1a: Excadrill|Excadrill, M|350\/361
|-damage|p1a: Excadrill|339\/361|[from] Stealth Rock
|-ability|p1a: Excadrill|Mold Breaker
|turn|14
|
|move|p1a: Excadrill|Iron Head|p2a: Talonflame
|-crit|p2a: Talonflame
|-resisted|p2a: Talonflame
|-damage|p2a: Talonflame|0 fnt
|faint|p2a: Talonflame
|
|
|switch|p2a: Azumarill|Azumarill, F|404\/404
|-damage|p2a: Azumarill|354\/404|[from] Stealth Rock
|-damage|p2a: Azumarill|287\/404|[from] Spikes
|turn|15
|
|move|p1a: Excadrill|Iron Head|p2a: Azumarill
|-damage|p2a: Azumarill|92\/404
|move|p2a: Azumarill|Knock Off|p1a: Excadrill
|-damage|p1a: Excadrill|117\/361
|-enditem|p1a: Excadrill|Choice Scarf|[from] move: Knock Off|[of] p2a: Azumarill
|
|turn|16
|
|move|p2a: Azumarill|Aqua Jet|p1a: Excadrill
|-supereffective|p1a: Excadrill
|-damage|p1a: Excadrill|0 fnt
|faint|p1a: Excadrill
|
|
|switch|p1a: Starmie|Starmie|203\/261
|-damage|p1a: Starmie|171\/261|[from] Stealth Rock
|turn|17
|
|move|p2a: Azumarill|Aqua Jet|p1a: Starmie
|-resisted|p1a: Starmie
|-damage|p1a: Starmie|117\/261
|move|p1a: Starmie|Thunderbolt|p2a: Azumarill
|-supereffective|p2a: Azumarill
|-damage|p2a: Azumarill|0 fnt
|-damage|p1a: Starmie|91\/261|[from] item: Life Orb
|faint|p2a: Azumarill
|
|
|switch|p2a: Magnezone|Magnezone|61\/282
|-damage|p2a: Magnezone|14\/282|[from] Spikes
|-damage|p2a: Magnezone|0 fnt|[from] Stealth Rock
|faint|p2a: Magnezone
|
|switch|p2a: Pinsir|Pinsir, F|271\/271
|-damage|p2a: Pinsir|226\/271|[from] Spikes
|-damage|p2a: Pinsir|159\/271|[from] Stealth Rock
|turn|18
|
|detailschange|p2a: Pinsir|Pinsir-Mega, F
|message|Pinsir has Mega Evolved into Mega Pinsir!
|move|p2a: Pinsir|Quick Attack|p1a: Starmie
|-damage|p1a: Starmie|0 fnt
|faint|p1a: Starmie
|
|win|bigdickplayer
|raw|Ladder updating...
|raw|Damn Squirrel's rating: 1750 &rarr; <strong>1736<\/strong><br \/>(-14 for losing)
|raw|bigdickplayer's rating: 1852 &rarr; <strong>1866<\/strong><br \/>(+14 for winning)
|c|âbigdickplayer|gg
|leave|Damn Squirrel
|player|p1