|join|bigdickplayer
|join|Umbra888
|player|p1|bigdickplayer|169
|player|p2|Umbra888|260
|gametype|singles
|gen|6
|tier|OU
|rated
|clearpoke
|poke|p1|Garchomp, F
|poke|p1|Latias, F
|poke|p1|Talonflame, M
|poke|p1|Magnezone
|poke|p1|Pinsir, F
|poke|p1|Azumarill, M
|poke|p2|Cofagrigus, F
|poke|p2|Gyarados, F
|poke|p2|Goodra, F
|poke|p2|Gothitelle, M
|poke|p2|Dragonite, F
|poke|p2|Azelf
|rule|Swagger Clause: Swagger is banned
|rule|Baton Pass Clause: Limit one PokÃ©mon knowing Baton Pass
|rule|Sleep Clause Mod: Limit one foe put to sleep
|rule|Species Clause: Limit one of each PokÃ©mon
|rule|OHKO Clause: OHKO moves are banned
|rule|Moody Clause: Moody is banned
|rule|Evasion Moves Clause: Evasion moves are banned
|rule|Endless Battle Clause: Forcing endless battles is banned
|rule|HP Percentage Mod: HP is shown in percentages
|teampreview
|
|start
|switch|p1a: Talonflame|Talonflame, M|298\/298
|switch|p2a: Cofagrigus|Cofagrigus, F|320\/320
|turn|1
|
|switch|p1a: Garchomp|Garchomp, F|358\/358
|move|p2a: Cofagrigus|Toxic Spikes|p1a: Garchomp
|-sidestart|p1: bigdickplayer|move: Toxic Spikes
|
|turn|2
|
|move|p1a: Garchomp|Stealth Rock|p2a: Cofagrigus
|-sidestart|p2: Umbra888|move: Stealth Rock
|move|p2a: Cofagrigus|Will-O-Wisp|p1a: Garchomp
|-status|p1a: Garchomp|brn
|
|-damage|p1a: Garchomp|314\/358 brn|[from] brn
|turn|3
|
|move|p1a: Garchomp|Swords Dance|p1a: Garchomp
|-boost|p1a: Garchomp|atk|2
|move|p2a: Cofagrigus|Hex|p1a: Garchomp
|-damage|p1a: Garchomp|155\/358 brn
|
|-damage|p1a: Garchomp|111\/358 brn|[from] brn
|turn|4
|
|move|p1a: Garchomp|Earthquake|p2a: Cofagrigus
|-damage|p2a: Cofagrigus|224\/320
|move|p2a: Cofagrigus|Hex|p1a: Garchomp
|-damage|p1a: Garchomp|0 fnt
|faint|p1a: Garchomp
|
|
|switch|p1a: Latias|Latias, F|302\/302
|turn|5
|
|move|p1a: Latias|Draco Meteor|p2a: Cofagrigus
|-crit|p2a: Cofagrigus
|-damage|p2a: Cofagrigus|0 fnt
|-unboost|p1a: Latias|spa|2
|-damage|p1a: Latias|272\/302|[from] item: Life Orb
|faint|p2a: Cofagrigus
|
|
|switch|p2a: Azelf|Azelf|292\/292
|-damage|p2a: Azelf|256\/292|[from] Stealth Rock
|turn|6
|
|switch|p1a: Talonflame|Talonflame, M|298\/298
|move|p2a: Azelf|Ice Punch|p1a: Talonflame
|-damage|p1a: Talonflame|173\/298
|
|turn|7
|
|switch|p2a: Gyarados|Gyarados, F|394\/394
|-damage|p2a: Gyarados|296\/394|[from] Stealth Rock
|-ability|p2a: Gyarados|Intimidate|[of] p1a: Talonflame
|-unboost|p1a: Talonflame|atk|1
|move|p1a: Talonflame|Brave Bird|p2a: Gyarados
|-damage|p2a: Gyarados|187\/394
|-damage|p1a: Talonflame|137\/298|[from] recoil|[of] p2a: Gyarados
|
|turn|8
|
|switch|p1a: Latias|Latias, F|272\/302
|move|p2a: Gyarados|Waterfall|p1a: Latias
|-resisted|p1a: Latias
|-damage|p1a: Latias|211\/302
|
|turn|9
|
|switch|p2a: Azelf|Azelf|256\/292
|-damage|p2a: Azelf|220\/292|[from] Stealth Rock
|move|p1a: Latias|Psyshock|p2a: Azelf
|-resisted|p2a: Azelf
|-damage|p2a: Azelf|112\/292
|-damage|p1a: Latias|181\/302|[from] item: Life Orb
|
|turn|10
|
|switch|p1a: Magnezone|Magnezone|282\/282
|move|p2a: Azelf|Stealth Rock|p1a: Magnezone
|-sidestart|p1: bigdickplayer|move: Stealth Rock
|
|turn|11
|
|move|p2a: Azelf|Explosion|p1a: Magnezone
|-resisted|p1a: Magnezone
|-damage|p1a: Magnezone|145\/282
|faint|p2a: Azelf
|move|p1a: Magnezone|Volt Switch|p2: Azelf|[notarget]
|-notarget
|
|
|switch|p2a: Goodra|Goodra, F|384\/384
|-damage|p2a: Goodra|336\/384|[from] Stealth Rock
|turn|12
|
|move|p1a: Magnezone|Volt Switch|p2a: Goodra
|-resisted|p2a: Goodra
|-damage|p2a: Goodra|308\/384
|
|switch|p1a: Azumarill|Azumarill, M|404\/404
|-status|p1a: Azumarill|psn
|-damage|p1a: Azumarill|354\/404 psn|[from] Stealth Rock
|move|p2a: Goodra|Sludge Bomb|p1a: Azumarill
|-supereffective|p1a: Azumarill
|-damage|p1a: Azumarill|172\/404 psn
|
|-damage|p1a: Azumarill|122\/404 psn|[from] psn
|turn|13
|
|move|p2a: Goodra|Sludge Bomb|p1a: Azumarill
|-supereffective|p1a: Azumarill
|-damage|p1a: Azumarill|0 fnt
|faint|p1a: Azumarill
|
|
|switch|p1a: Latias|Latias, F|181\/302
|-damage|p1a: Latias|144\/302|[from] Stealth Rock
|turn|14
|
|move|p1a: Latias|Healing Wish|p1a: Latias
|faint|p1a: Latias
|move|p2a: Goodra|Draco Meteor|p1: Latias|[notarget]
|-notarget
|
|
|switch|p1a: Talonflame|Talonflame, M|137\/298
|-heal|p1a: Talonflame|298\/298|[from] move: Healing Wish
|-damage|p1a: Talonflame|149\/298|[from] Stealth Rock
|turn|15
|
|move|p1a: Talonflame|Brave Bird|p2a: Goodra
|-crit|p2a: Goodra
|-damage|p2a: Goodra|0 fnt
|-damage|p1a: Talonflame|47\/298|[from] recoil|[of] p2a: Goodra
|faint|p2a: Goodra
|
|
|switch|p2a: Gyarados|Gyarados, F|187\/394
|-damage|p2a: Gyarados|89\/394|[from] Stealth Rock
|-ability|p2a: Gyarados|Intimidate|[of] p1a: Talonflame
|-unboost|p1a: Talonflame|atk|1
|turn|16
|
|detailschange|p2a: Gyarados|Gyarados-Mega, F
|message|Gyarados has Mega Evolved into Mega Gyarados!
|-ability|p2a: Gyarados|Mold Breaker
|move|p1a: Talonflame|Brave Bird|p2a: Gyarados
|-damage|p2a: Gyarados|0 fnt
|-damage|p1a: Talonflame|18\/298|[from] recoil|[of] p2a: Gyarados
|faint|p2a: Gyarados
|
|
|switch|p2a: Dragonite|Dragonite, F|324\/324
|-damage|p2a: Dragonite|243\/324|[from] Stealth Rock
|turn|17
|
|move|p2a: Dragonite|Extreme Speed|p1a: Talonflame
|-damage|p1a: Talonflame|0 fnt
|faint|p1a: Talonflame
|
|
|switch|p1a: Magnezone|Magnezone|145\/282
|-damage|p1a: Magnezone|128\/282|[from] Stealth Rock
|turn|18
|
|move|p2a: Dragonite|Extreme Speed|p1a: Magnezone
|-resisted|p1a: Magnezone
|-damage|p1a: Magnezone|57\/282
|move|p1a: Magnezone|Thunderbolt|p2a: Dragonite
|-damage|p2a: Dragonite|77\/324
|
|turn|19
|
|move|p2a: Dragonite|Extreme Speed|p1a: Magnezone
|-resisted|p1a: Magnezone
|-damage|p1a: Magnezone|0 fnt
|faint|p1a: Magnezone
|
|
|switch|p1a: Pinsir|Pinsir, F|271\/271
|-status|p1a: Pinsir|psn
|-damage|p1a: Pinsir|204\/271 psn|[from] Stealth Rock
|turn|20
|
|detailschange|p1a: Pinsir|Pinsir-Mega, F
|message|Pinsir has Mega Evolved into Mega Pinsir!
|move|p2a: Dragonite|Extreme Speed|p1a: Pinsir
|-damage|p1a: Pinsir|63\/271 psn
|move|p1a: Pinsir|Return|p2a: Dragonite
|-damage|p2a: Dragonite|0 fnt
|faint|p2a: Dragonite
|
|-damage|p1a: Pinsir|30\/271 psn|[from] psn
|
|switch|p2a: Gothitelle|Gothitelle, M|282\/282
|-damage|p2a: Gothitelle|247\/282|[from] Stealth Rock
|turn|21
|
|move|p2a: Gothitelle|Psychic|p1a: Pinsir
|-damage|p1a: Pinsir|0 fnt
|faint|p1a: Pinsir
|
|win|Umbra888
|raw|Ladder updating...
|raw|bigdickplayer's rating: 1866 &rarr; <strong>1842<\/strong><br \/>(-24 for losing)
|raw|Umbra888's rating: 1796 &rarr; <strong>1820<\/strong><br \/>(+24 for winning)
|leave|bigdickplayer
|player|p1