|join|bigdickplayer
|join|BlurryCineplex
|player|p1|bigdickplayer|245
|player|p2|BlurryCineplex|266
|gametype|singles
|gen|6
|tier|OU
|rated
|clearpoke
|poke|p1|Garchomp, M
|poke|p1|Absol, F
|poke|p1|Greninja, M
|poke|p1|Landorus-Therian, M
|poke|p1|Latias, F, shiny
|poke|p1|Bisharp, F
|poke|p2|Heracross, F
|poke|p2|Heatran, F
|poke|p2|Mew
|poke|p2|Azumarill, F
|poke|p2|Landorus, M
|poke|p2|Weavile, F
|rule|Swagger Clause: Swagger is banned
|rule|Baton Pass Clause: Limit one PokÃ©mon knowing Baton Pass
|rule|Sleep Clause Mod: Limit one foe put to sleep
|rule|Species Clause: Limit one of each PokÃ©mon
|rule|OHKO Clause: OHKO moves are banned
|rule|Moody Clause: Moody is banned
|rule|Evasion Moves Clause: Evasion moves are banned
|rule|Endless Battle Clause: Forcing endless battles is banned
|rule|HP Percentage Mod: HP is shown in percentages
|teampreview
|
|start
|switch|p1a: Garchomp|Garchomp, M|357\/357
|switch|p2a: Mewspaper|Mew|404\/404
|turn|1
|
|move|p1a: Garchomp|Stealth Rock|p2a: Mewspaper
|-sidestart|p2: BlurryCineplex|move: Stealth Rock
|move|p2a: Mewspaper|Will-O-Wisp|p1a: Garchomp
|-status|p1a: Garchomp|brn
|
|-damage|p1a: Garchomp|313\/357 brn|[from] brn
|turn|2
|
|switch|p1a: Greninja|Greninja, M|286\/286
|move|p2a: Mewspaper|Knock Off|p1a: Greninja
|-resisted|p1a: Greninja
|-damage|p1a: Greninja|236\/286
|-enditem|p1a: Greninja|Life Orb|[from] move: Knock Off|[of] p2a: Mewspaper
|
|turn|3
|
|switch|p2a: Rick Ross|Azumarill, F|401\/401
|-damage|p2a: Rick Ross|351\/401|[from] Stealth Rock
|move|p1a: Greninja|Spikes|p2a: Rick Ross
|-start|p1a: Greninja|typechange|Ground|[from] Protean
|-sidestart|p2: BlurryCineplex|Spikes
|
|turn|4
|
|switch|p1a: Landorus-Therian|Landorus-Therian, M|319\/319
|-ability|p1a: Landorus-Therian|Intimidate|[of] p2a: Rick Ross
|-unboost|p2a: Rick Ross|atk|1
|move|p2a: Rick Ross|Play Rough|p1a: Landorus-Therian
|-damage|p1a: Landorus-Therian|207\/319
|
|turn|5
|
|move|p1a: Landorus-Therian|U-turn|p2a: Rick Ross
|-resisted|p2a: Rick Ross
|-damage|p2a: Rick Ross|299\/401
|
|switch|p1a: Garchomp|Garchomp, M|313\/357 brn
|move|p2a: Rick Ross|Knock Off|p1a: Garchomp
|-damage|p1a: Garchomp|219\/357 brn
|-damage|p2a: Rick Ross|249\/401|[from] ability: Rough Skin|[of] p1a: Garchomp
|-enditem|p1a: Garchomp|Focus Sash|[from] move: Knock Off|[of] p2a: Rick Ross
|
|-damage|p1a: Garchomp|175\/357 brn|[from] brn
|turn|6
|
|switch|p2a: Jafar|Landorus, M|319\/319
|-damage|p2a: Jafar|280\/319|[from] Stealth Rock
|move|p1a: Garchomp|Earthquake|p2a: Jafar
|-immune|p2a: Jafar|[msg]
|
|-damage|p1a: Garchomp|131\/357 brn|[from] brn
|turn|7
|
|move|p1a: Garchomp|Outrage|p2a: Jafar
|-damage|p2a: Jafar|163\/319
|move|p2a: Jafar|Earth Power|p1a: Garchomp
|-crit|p1a: Garchomp
|-damage|p1a: Garchomp|0 fnt
|faint|p1a: Garchomp
|
|
|switch|p1a: Greninja|Greninja, M|236\/286
|turn|8
|
|switch|p2a: Rick Ross|Azumarill, F|249\/401
|-damage|p2a: Rick Ross|199\/401|[from] Stealth Rock
|-damage|p2a: Rick Ross|149\/401|[from] Spikes
|move|p1a: Greninja|Scald|p2a: Rick Ross
|-start|p1a: Greninja|typechange|Water|[from] Protean
|-resisted|p2a: Rick Ross
|-damage|p2a: Rick Ross|102\/401
|
|turn|9
|
|move|p1a: Greninja|Extrasensory|p2a: Rick Ross
|-start|p1a: Greninja|typechange|Psychic|[from] Protean
|-damage|p2a: Rick Ross|2\/401
|move|p2a: Rick Ross|Waterfall|p1a: Greninja
|-damage|p1a: Greninja|0 fnt
|faint|p1a: Greninja
|
|c|âbigdickplayer|ok
|
|switch|p1a: Absol|Absol, F|271\/271
|turn|10
|
|detailschange|p1a: Absol|Absol-Mega, F
|message|Absol has Mega Evolved into Mega Absol!
|move|p1a: Absol|Sucker Punch|p2a: Rick Ross
|-resisted|p2a: Rick Ross
|-damage|p2a: Rick Ross|0 fnt
|faint|p2a: Rick Ross
|
|c|âbigdickplayer|that bs
|
|switch|p2a: Iron Man|Heatran, F|385\/385
|-damage|p2a: Iron Man|337\/385|[from] Stealth Rock
|-damage|p2a: Iron Man|289\/385|[from] Spikes
|turn|11
|
|switch|p1a: Latias|Latias, F, shiny|301\/301
|move|p2a: Iron Man|Stealth Rock|p1a: Latias
|-sidestart|p1: bigdickplayer|move: Stealth Rock
|
|-heal|p2a: Iron Man|313\/385|[from] item: Leftovers
|turn|12
|
|move|p2a: Iron Man|Protect|p2a: Iron Man
|-singleturn|p2a: Iron Man|Protect
|move|p1a: Latias|Hidden Power|p2a: Iron Man
|-activate|p2a: Iron Man|Protect
|
|-heal|p2a: Iron Man|337\/385|[from] item: Leftovers
|turn|13
|
|switch|p2a: Mewspaper|Mew|404\/404
|-damage|p2a: Mewspaper|354\/404|[from] Stealth Rock
|-damage|p2a: Mewspaper|304\/404|[from] Spikes
|move|p1a: Latias|Hidden Power|p2a: Mewspaper
|-damage|p2a: Mewspaper|223\/404
|-damage|p1a: Latias|271\/301|[from] item: Life Orb
|
|-heal|p2a: Mewspaper|248\/404|[from] item: Leftovers
|turn|14
|
|switch|p1a: Absol|Absol-Mega, F|271\/271
|-damage|p1a: Absol|238\/271|[from] Stealth Rock
|move|p2a: Mewspaper|Knock Off|p1a: Absol
|-resisted|p1a: Absol
|-damage|p1a: Absol|199\/271
|
|-heal|p2a: Mewspaper|273\/404|[from] item: Leftovers
|turn|15
|
|move|p1a: Absol|Knock Off|p2a: Mewspaper
|-supereffective|p2a: Mewspaper
|-damage|p2a: Mewspaper|0 fnt
|-enditem|p2a: Mewspaper|Leftovers|[from] move: Knock Off|[of] p1a: Absol
|faint|p2a: Mewspaper
|
|
|switch|p2a: Iron Man|Heatran, F|337\/385
|-damage|p2a: Iron Man|289\/385|[from] Spikes
|-damage|p2a: Iron Man|241\/385|[from] Stealth Rock
|turn|16
|
|switch|p1a: Latias|Latias, F, shiny|271\/301
|-damage|p1a: Latias|234\/301|[from] Stealth Rock
|move|p2a: Iron Man|Lava Plume|p1a: Latias
|-resisted|p1a: Latias
|-damage|p1a: Latias|188\/301
|
|-heal|p2a: Iron Man|265\/385|[from] item: Leftovers
|turn|17
|
|move|p1a: Latias|Hidden Power|p2a: Iron Man
|-supereffective|p2a: Iron Man
|-damage|p2a: Iron Man|31\/385
|-damage|p1a: Latias|158\/301|[from] item: Life Orb
|move|p2a: Iron Man|Toxic|p1a: Latias
|-status|p1a: Latias|tox
|
|-heal|p2a: Iron Man|55\/385|[from] item: Leftovers
|-damage|p1a: Latias|140\/301 tox|[from] psn
|turn|18
|
|switch|p1a: Absol|Absol-Mega, F|199\/271
|-damage|p1a: Absol|166\/271|[from] Stealth Rock
|move|p2a: Iron Man|Protect|p2a: Iron Man
|-fail|p2a: Iron Man
|
|-heal|p2a: Iron Man|79\/385|[from] item: Leftovers
|turn|19
|
|move|p2a: Iron Man|Protect|p2a: Iron Man
|-singleturn|p2a: Iron Man|Protect
|move|p1a: Absol|Knock Off|p2a: Iron Man
|-activate|p2a: Iron Man|Protect
|
|-heal|p2a: Iron Man|103\/385|[from] item: Leftovers
|turn|20
|
|switch|p2a: Brock Lesnar|Heracross, F|311\/311
|-damage|p2a: Brock Lesnar|273\/311|[from] Spikes
|-damage|p2a: Brock Lesnar|235\/311|[from] Stealth Rock
|move|p1a: Absol|Knock Off|p2a: Brock Lesnar
|-resisted|p2a: Brock Lesnar
|-damage|p2a: Brock Lesnar|148\/311
|
|turn|21
|
|detailschange|p2a: Brock Lesnar|Heracross-Mega, F
|message|Heracross has Mega Evolved into Mega Heracross!
|move|p1a: Absol|Fire Blast|p2a: Brock Lesnar
|-supereffective|p2a: Brock Lesnar
|-damage|p2a: Brock Lesnar|0 fnt
|faint|p2a: Brock Lesnar
|
|
|switch|p2a: SantaClaws|Weavile, F|281\/281
|-damage|p2a: SantaClaws|246\/281|[from] Spikes
|-damage|p2a: SantaClaws|176\/281|[from] Stealth Rock
|-ability|p2a: SantaClaws|Pressure
|turn|22
|
|move|p1a: Absol|Sucker Punch|p2a: SantaClaws
|-resisted|p2a: SantaClaws
|-damage|p2a: SantaClaws|62\/281
|move|p2a: SantaClaws|Low Kick|p1a: Absol
|-supereffective|p1a: Absol
|-damage|p1a: Absol|0 fnt
|-damage|p2a: SantaClaws|34\/281|[from] item: Life Orb
|faint|p1a: Absol
|
|
|switch|p1a: Bisharp|Bisharp, F|272\/272
|-damage|p1a: Bisharp|255\/272|[from] Stealth Rock
|turn|23
|
|move|p1a: Bisharp|Sucker Punch|p2a: SantaClaws
|-resisted|p2a: SantaClaws
|-damage|p2a: SantaClaws|0 fnt
|-damage|p1a: Bisharp|228\/272|[from] item: Life Orb
|faint|p2a: SantaClaws
|
|
|switch|p2a: Jafar|Landorus, M|163\/319
|-damage|p2a: Jafar|124\/319|[from] Stealth Rock
|turn|24
|
|move|p1a: Bisharp|Sucker Punch|p2a: Jafar
|-damage|p2a: Jafar|0 fnt
|-damage|p1a: Bisharp|201\/272|[from] item: Life Orb
|faint|p2a: Jafar
|
|-message|BlurryCineplex forfeited.
|
|win|bigdickplayer
|raw|Ladder updating...
|leave|BlurryCineplex
|player|p2
|raw|bigdickplayer's rating: 1721 &rarr; <strong>1740<\/strong><br \/>(+19 for winning)
|raw|BlurryCineplex's rating: 1695 &rarr; <strong>1676<\/strong><br \/>(-19 for losing)