|join|destinyhero96
|join|bigdickplayer
|player|p1|destinyhero96|102
|player|p2|bigdickplayer|245
|gametype|singles
|gen|6
|tier|OU
|rated
|clearpoke
|poke|p1|Wobbuffet, M
|poke|p1|Medicham, F
|poke|p1|Sylveon, F
|poke|p1|Ditto
|poke|p1|Bisharp, F
|poke|p1|Porygon-Z
|poke|p2|Garchomp, F
|poke|p2|Absol, M
|poke|p2|Greninja, M
|poke|p2|Landorus-Therian, M
|poke|p2|Latias, F, shiny
|poke|p2|Bisharp, M
|rule|Swagger Clause: Swagger is banned
|rule|Baton Pass Clause: Limit one PokÃ©mon knowing Baton Pass
|rule|Sleep Clause Mod: Limit one foe put to sleep
|rule|Species Clause: Limit one of each PokÃ©mon
|rule|OHKO Clause: OHKO moves are banned
|rule|Moody Clause: Moody is banned
|rule|Evasion Moves Clause: Evasion moves are banned
|rule|Endless Battle Clause: Forcing endless battles is banned
|rule|HP Percentage Mod: HP is shown in percentages
|teampreview
|
|start
|switch|p1a: Sylveon|Sylveon, F|394\/394
|switch|p2a: Garchomp|Garchomp, F|357\/357
|turn|1
|
|move|p2a: Garchomp|Stealth Rock|p1a: Sylveon
|-sidestart|p1: destinyhero96|move: Stealth Rock
|move|p1a: Sylveon|Hyper Voice|p2a: Garchomp
|-supereffective|p2a: Garchomp
|-enditem|p2a: Garchomp|Focus Sash
|-damage|p2a: Garchomp|1\/357
|
|turn|2
|
|move|p2a: Garchomp|Earthquake|p1a: Sylveon
|-damage|p1a: Sylveon|139\/394
|move|p1a: Sylveon|Hyper Voice|p2a: Garchomp
|-supereffective|p2a: Garchomp
|-damage|p2a: Garchomp|0 fnt
|faint|p2a: Garchomp
|
|
|switch|p2a: Bisharp|Bisharp, M|272\/272
|turn|3
|
|move|p2a: Bisharp|Iron Head|p1a: Sylveon
|-supereffective|p1a: Sylveon
|-damage|p1a: Sylveon|0 fnt
|-damage|p2a: Bisharp|245\/272|[from] item: Life Orb
|faint|p1a: Sylveon
|
|
|switch|p1a: Medicham|Medicham, F|262\/262
|-damage|p1a: Medicham|246\/262|[from] Stealth Rock
|turn|4
|
|detailschange|p1a: Medicham|Medicham-Mega, F
|message|Medicham has Mega Evolved into Mega Medicham!
|move|p2a: Bisharp|Sucker Punch|p1a: Medicham
|-damage|p1a: Medicham|35\/262
|-damage|p2a: Bisharp|218\/272|[from] item: Life Orb
|move|p1a: Medicham|High Jump Kick|p2a: Bisharp
|-supereffective|p2a: Bisharp
|-damage|p2a: Bisharp|0 fnt
|faint|p2a: Bisharp
|
|
|switch|p2a: Landorus-Therian|Landorus-Therian, M|319\/319
|-ability|p2a: Landorus-Therian|Intimidate|[of] p1a: Medicham
|-unboost|p1a: Medicham|atk|1
|turn|5
|c|âdestinyhero96|did u forget about high jump kick
|
|move|p2a: Landorus-Therian|U-turn|p1a: Medicham
|-damage|p1a: Medicham|0 fnt
|faint|p1a: Medicham
|
|switch|p2a: Absol|Absol, M|271\/271
|
|c|âbigdickplayer|no I just wanted damage
|c|âbigdickplayer|medicham is big threat
|
|switch|p1a: Porygon-Z|Porygon-Z|312\/312
|-damage|p1a: Porygon-Z|273\/312|[from] Stealth Rock
|turn|6
|
|switch|p2a: Landorus-Therian|Landorus-Therian, M|319\/319
|-ability|p2a: Landorus-Therian|Intimidate|[of] p1a: Porygon-Z
|-unboost|p1a: Porygon-Z|atk|1
|move|p1a: Porygon-Z|Tri Attack|p2a: Landorus-Therian
|-damage|p2a: Landorus-Therian|0 fnt
|faint|p2a: Landorus-Therian
|
|c|âbigdickplayer|oh shit
|c|âbigdickplayer|holy moly
|
|switch|p2a: Greninja|Greninja, M|286\/286
|turn|7
|
|move|p2a: Greninja|Ice Beam|p1a: Porygon-Z
|-start|p2a: Greninja|typechange|Ice|[from] Protean
|-damage|p1a: Porygon-Z|55\/312
|-damage|p2a: Greninja|258\/286|[from] item: Life Orb
|move|p1a: Porygon-Z|Tri Attack|p2a: Greninja
|-damage|p2a: Greninja|0 fnt
|faint|p2a: Greninja
|
|c|âbigdickplayer|jeez that hurts
|
|switch|p2a: Latias|Latias, F, shiny|301\/301
|turn|8
|c|âdestinyhero96|yeah
|
|move|p2a: Latias|Hidden Power|p1a: Porygon-Z
|-damage|p1a: Porygon-Z|0 fnt
|-damage|p2a: Latias|271\/301|[from] item: Life Orb
|faint|p1a: Porygon-Z
|
|
|switch|p1a: Bisharp|Bisharp, F|272\/272
|-damage|p1a: Bisharp|255\/272|[from] Stealth Rock
|turn|9
|
|move|p1a: Bisharp|Pursuit|p2a: Latias|[from]Pursuit
|-supereffective|p2a: Latias
|-damage|p2a: Latias|0 fnt
|-damage|p1a: Bisharp|228\/272|[from] item: Life Orb
|faint|p2a: Latias
|
|
|switch|p2a: Absol|Absol, M|271\/271
|turn|10
|
|detailschange|p2a: Absol|Absol-Mega, M
|message|Absol has Mega Evolved into Mega Absol!
|move|p2a: Absol|Fire Blast|p1a: Bisharp
|-supereffective|p1a: Bisharp
|-damage|p1a: Bisharp|0 fnt
|faint|p1a: Bisharp
|
|
|switch|p1a: Ditto|Ditto|300\/300
|-damage|p1a: Ditto|263\/300|[from] Stealth Rock
|-transform|p1a: Ditto|p2a: Absol
|turn|11
|c|âdestinyhero96|thought u had play rough
|c|âbigdickplayer|nope
|
|move|p1a: Ditto|Fire Blast|p2a: Absol
|-damage|p2a: Absol|90\/271
|move|p2a: Absol|Fire Blast|p1a: Ditto
|-damage|p1a: Ditto|106\/300
|
|turn|12
|c|âbigdickplayer|huh
|c|âbigdickplayer|how come yours does more
|
|move|p2a: Absol|Sucker Punch|p1a: Ditto
|-resisted|p1a: Ditto
|-damage|p1a: Ditto|0 fnt
|faint|p1a: Ditto
|
|c|âdestinyhero96|i probs got max dmg
|
|switch|p1a: Wobbuffet|Wobbuffet, M|584\/584
|-damage|p1a: Wobbuffet|511\/584|[from] Stealth Rock
|turn|13
|
|move|p2a: Absol|Thunderbolt|p1a: Wobbuffet
|-damage|p1a: Wobbuffet|413\/584
|-status|p1a: Wobbuffet|par
|move|p1a: Wobbuffet|Counter|p2a: Absol
|-fail|p2a: Absol
|
|-heal|p1a: Wobbuffet|449\/584 par|[from] item: Leftovers
|turn|14
|
|move|p2a: Absol|Knock Off|p1a: Wobbuffet
|-supereffective|p1a: Wobbuffet
|-damage|p1a: Wobbuffet|0 fnt
|-enditem|p1a: Wobbuffet|Leftovers|[from] move: Knock Off|[of] p2a: Absol
|faint|p1a: Wobbuffet
|
|win|bigdickplayer
|raw|Ladder updating...
|raw|destinyhero96's rating: 1701 &rarr; <strong>1683<\/strong><br \/>(-18 for losing)
|raw|bigdickplayer's rating: 1740 &rarr; <strong>1758<\/strong><br \/>(+18 for winning)
|c|âbigdickplayer|gg
|c|âdestinyhero96|u know