|join|bigdickplayer
|join|whoursentine
|player|p1|bigdickplayer|245
|player|p2|whoursentine|102
|gametype|singles
|gen|6
|tier|OU
|rated
|clearpoke
|poke|p1|Slowbro, M, shiny
|poke|p1|Scizor, M
|poke|p1|Heatran, M
|poke|p1|Clefable, M
|poke|p1|Keldeo-Resolute
|poke|p1|Latios, M
|poke|p2|Slowbro, F
|poke|p2|Latios, M
|poke|p2|Heatran, F
|poke|p2|Scizor, M
|poke|p2|Clefable, F
|poke|p2|Terrakion
|rule|Swagger Clause: Swagger is banned
|rule|Baton Pass Clause: Limit one PokÃ©mon knowing Baton Pass
|rule|Sleep Clause Mod: Limit one foe put to sleep
|rule|Species Clause: Limit one of each PokÃ©mon
|rule|OHKO Clause: OHKO moves are banned
|rule|Moody Clause: Moody is banned
|rule|Evasion Moves Clause: Evasion moves are banned
|rule|Endless Battle Clause: Forcing endless battles is banned
|rule|HP Percentage Mod: HP is shown in percentages
|teampreview
|
|start
|switch|p1a: Keldeo-Resolute|Keldeo-Resolute|324\/324
|switch|p2a: tele|Slowbro, F|394\/394
|turn|1
|
|move|p1a: Keldeo-Resolute|Substitute|p1a: Keldeo-Resolute
|-start|p1a: Keldeo-Resolute|Substitute
|-damage|p1a: Keldeo-Resolute|243\/324
|move|p2a: tele|Thunder Wave|p1a: Keldeo-Resolute
|
|-heal|p1a: Keldeo-Resolute|263\/324|[from] item: Leftovers
|turn|2
|
|move|p1a: Keldeo-Resolute|Scald|p2a: tele
|-resisted|p2a: tele
|-damage|p2a: tele|312\/394
|move|p2a: tele|Psyshock|p1a: Keldeo-Resolute
|-supereffective|p1a: Keldeo-Resolute
|-end|p1a: Keldeo-Resolute|Substitute
|
|-heal|p1a: Keldeo-Resolute|283\/324|[from] item: Leftovers
|-heal|p2a: tele|336\/394|[from] item: Leftovers
|turn|3
|
|switch|p1a: Slowbro|Slowbro, M, shiny|394\/394
|move|p2a: tele|Psyshock|p1a: Slowbro
|-resisted|p1a: Slowbro
|-damage|p1a: Slowbro|360\/394
|
|-heal|p2a: tele|360\/394|[from] item: Leftovers
|-heal|p1a: Slowbro|384\/394|[from] item: Leftovers
|turn|4
|
|switch|p2a: Tram|Heatran, F|385\/385
|move|p1a: Slowbro|Scald|p2a: Tram
|-supereffective|p2a: Tram
|-damage|p2a: Tram|257\/385
|
|-heal|p2a: Tram|281\/385|[from] item: Leftovers
|-heal|p1a: Slowbro|394\/394|[from] item: Leftovers
|turn|5
|
|switch|p1a: Heatran|Heatran, M|386\/386
|move|p2a: Tram|Stealth Rock|p1a: Heatran
|-sidestart|p1: bigdickplayer|move: Stealth Rock
|
|-heal|p2a: Tram|305\/385|[from] item: Leftovers
|turn|6
|
|switch|p2a: Jasonpwn|Terrakion|324\/324
|move|p1a: Heatran|Stealth Rock|p2a: Jasonpwn
|-sidestart|p2: whoursentine|move: Stealth Rock
|
|turn|7
|
|switch|p1a: Slowbro|Slowbro, M, shiny|394\/394
|-damage|p1a: Slowbro|345\/394|[from] Stealth Rock
|move|p2a: Jasonpwn|Stone Edge|p1a: Slowbro|[miss]
|-miss|p2a: Jasonpwn|p1a: Slowbro
|
|-heal|p1a: Slowbro|369\/394|[from] item: Leftovers
|turn|8
|
|switch|p2a: valentine|Latios, M|302\/302
|-damage|p2a: valentine|265\/302|[from] Stealth Rock
|move|p1a: Slowbro|Scald|p2a: valentine
|-resisted|p2a: valentine
|-damage|p2a: valentine|224\/302
|-status|p2a: valentine|brn
|
|-heal|p1a: Slowbro|393\/394|[from] item: Leftovers
|-damage|p2a: valentine|187\/302 brn|[from] brn
|turn|9
|
|switch|p1a: Scizor|Scizor, M|344\/344
|-damage|p1a: Scizor|301\/344|[from] Stealth Rock
|move|p2a: valentine|Trick|p1a: Scizor
|-fail|p1a: Scizor
|
|-damage|p2a: valentine|150\/302 brn|[from] brn
|turn|10
|
|switch|p2a: Tram|Heatran, F|305\/385
|-damage|p2a: Tram|257\/385|[from] Stealth Rock
|detailschange|p1a: Scizor|Scizor-Mega, M
|message|Scizor has Mega Evolved into Mega Scizor!
|move|p1a: Scizor|Knock Off|p2a: Tram
|-damage|p2a: Tram|135\/385
|-enditem|p2a: Tram|Leftovers|[from] move: Knock Off|[of] p1a: Scizor
|
|turn|11
|
|switch|p2a: Jasonpwn|Terrakion|324\/324
|-damage|p2a: Jasonpwn|304\/324|[from] Stealth Rock
|switch|p1a: Heatran|Heatran, M|386\/386
|-damage|p1a: Heatran|338\/386|[from] Stealth Rock
|
|-heal|p1a: Heatran|362\/386|[from] item: Leftovers
|turn|12
|
|move|p1a: Heatran|Protect|p1a: Heatran
|-singleturn|p1a: Heatran|Protect
|move|p2a: Jasonpwn|Close Combat|p1a: Heatran
|-activate|p1a: Heatran|Protect
|
|-heal|p1a: Heatran|386\/386|[from] item: Leftovers
|turn|13
|
|switch|p1a: Slowbro|Slowbro, M, shiny|394\/394
|-damage|p1a: Slowbro|345\/394|[from] Stealth Rock
|move|p2a: Jasonpwn|Close Combat|p1a: Slowbro
|-resisted|p1a: Slowbro
|-damage|p1a: Slowbro|267\/394
|-unboost|p2a: Jasonpwn|def|1
|-unboost|p2a: Jasonpwn|spd|1
|
|-heal|p1a: Slowbro|291\/394|[from] item: Leftovers
|turn|14
|
|switch|p2a: stephen|Clefable, F|394\/394
|move|p1a: Slowbro|Scald|p2a: stephen
|-damage|p2a: stephen|310\/394
|
|-heal|p2a: stephen|334\/394|[from] item: Leftovers
|-heal|p1a: Slowbro|315\/394|[from] item: Leftovers
|turn|15
|
|switch|p2a: Jasonpwn|Terrakion|304\/324
|-damage|p2a: Jasonpwn|284\/324|[from] Stealth Rock
|move|p1a: Slowbro|Thunder Wave|p2a: Jasonpwn
|-status|p2a: Jasonpwn|par
|
|-heal|p1a: Slowbro|339\/394|[from] item: Leftovers
|turn|16
|-message|whoursentine forfeited.
|
|win|bigdickplayer
|raw|Ladder updating...
|leave|whoursentine
|player|p2
|raw|bigdickplayer's rating: 1708 &rarr; <strong>1722<\/strong><br \/>(+14 for winning)
|raw|whoursentine's rating: 1603 &rarr; <strong>1588<\/strong><br \/>(-15 for losing)