|join|Akola
|join|bigdickplayer
|player|p1|Akola|101
|player|p2|bigdickplayer|245
|gametype|singles
|gen|6
|tier|OU
|rated
|clearpoke
|poke|p1|Keldeo
|poke|p1|Landorus, M
|poke|p1|Tyranitar, M
|poke|p1|Latios, M
|poke|p1|Thundurus, M
|poke|p1|Scizor, M
|poke|p2|Garchomp, M, shiny
|poke|p2|Absol, F
|poke|p2|Greninja, M
|poke|p2|Landorus-Therian, M
|poke|p2|Latias, F, shiny
|poke|p2|Bisharp, M
|rule|Swagger Clause: Swagger is banned
|rule|Baton Pass Clause: Limit one PokÃ©mon knowing Baton Pass
|rule|Sleep Clause Mod: Limit one foe put to sleep
|rule|Species Clause: Limit one of each PokÃ©mon
|rule|OHKO Clause: OHKO moves are banned
|rule|Moody Clause: Moody is banned
|rule|Evasion Moves Clause: Evasion moves are banned
|rule|Endless Battle Clause: Forcing endless battles is banned
|rule|HP Percentage Mod: HP is shown in percentages
|teampreview
|
|start
|switch|p1a: Thundurus|Thundurus, M|300\/300
|switch|p2a: Garchomp|Garchomp, M, shiny|357\/357
|turn|1
|
|move|p1a: Thundurus|Hidden Power|p2a: Garchomp
|-supereffective|p2a: Garchomp
|-enditem|p2a: Garchomp|Focus Sash
|-damage|p2a: Garchomp|1\/357
|move|p2a: Garchomp|Stealth Rock|p1a: Thundurus
|-sidestart|p1: Akola|move: Stealth Rock
|
|turn|2
|
|switch|p2a: Greninja|Greninja, M|286\/286
|move|p1a: Thundurus|Hidden Power|p2a: Greninja
|-resisted|p2a: Greninja
|-damage|p2a: Greninja|242\/286
|
|turn|3
|
|switch|p1a: Tyranitar|Tyranitar, M|404\/404
|-damage|p1a: Tyranitar|354\/404|[from] Stealth Rock
|-weather|Sandstorm
|move|p2a: Greninja|Ice Beam|p1a: Tyranitar
|-start|p2a: Greninja|typechange|Ice|[from] Protean
|-damage|p1a: Tyranitar|286\/404
|-damage|p2a: Greninja|214\/286|[from] item: Life Orb
|
|-weather|Sandstorm|[upkeep]
|-damage|p2a: Greninja|197\/286|[from] sandstorm
|turn|4
|
|move|p1a: Tyranitar|Pursuit|p2a: Greninja|[from]Pursuit
|-damage|p2a: Greninja|8\/286
|switch|p2a: Garchomp|Garchomp, M, shiny|1\/357
|
|-weather|Sandstorm|[upkeep]
|turn|5
|
|move|p2a: Garchomp|Fire Blast|p1a: Tyranitar
|-resisted|p1a: Tyranitar
|-damage|p1a: Tyranitar|271\/404
|move|p1a: Tyranitar|Pursuit|p2a: Garchomp
|-damage|p2a: Garchomp|0 fnt
|-damage|p1a: Tyranitar|221\/404|[from] ability: Rough Skin|[of] p2a: Garchomp
|faint|p2a: Garchomp
|
|-weather|Sandstorm|[upkeep]
|
|switch|p2a: Absol|Absol, F|271\/271
|turn|6
|
|detailschange|p2a: Absol|Absol-Mega, F
|message|Absol has Mega Evolved into Mega Absol!
|move|p2a: Absol|Knock Off|p1a: Tyranitar
|-resisted|p1a: Tyranitar
|-damage|p1a: Tyranitar|130\/404
|-enditem|p1a: Tyranitar|Assault Vest|[from] move: Knock Off|[of] p2a: Absol
|move|p1a: Tyranitar|Superpower|p2a: Absol
|-supereffective|p2a: Absol
|-damage|p2a: Absol|0 fnt
|-unboost|p1a: Tyranitar|atk|1
|-unboost|p1a: Tyranitar|def|1
|faint|p2a: Absol
|
|-weather|Sandstorm|[upkeep]
|
|switch|p2a: Landorus-Therian|Landorus-Therian, M|324\/324
|-ability|p2a: Landorus-Therian|Intimidate|[of] p1a: Tyranitar
|-unboost|p1a: Tyranitar|atk|1
|turn|7
|
|switch|p1a: Landorus|Landorus, M|319\/319
|-damage|p1a: Landorus|280\/319|[from] Stealth Rock
|move|p2a: Landorus-Therian|U-turn|p1a: Landorus
|-resisted|p1a: Landorus
|-damage|p1a: Landorus|228\/319
|
|switch|p2a: Latias|Latias, F, shiny|301\/301
|
|-weather|none
|turn|8
|
|move|p2a: Latias|Psyshock|p1a: Landorus
|-damage|p1a: Landorus|47\/319
|-damage|p2a: Latias|271\/301|[from] item: Life Orb
|move|p1a: Landorus|Knock Off|p2a: Latias
|-supereffective|p2a: Latias
|-damage|p2a: Latias|19\/301
|-enditem|p2a: Latias|Life Orb|[from] move: Knock Off|[of] p1a: Landorus
|-damage|p1a: Landorus|16\/319|[from] item: Life Orb
|
|turn|9
|
|move|p2a: Latias|Healing Wish|p2a: Latias
|faint|p2a: Latias
|move|p1a: Landorus|Sludge Wave|p2: Latias|[notarget]
|-notarget
|
|
|switch|p2a: Greninja|Greninja, M|8\/286
|-heal|p2a: Greninja|286\/286|[from] move: Healing Wish
|turn|10
|
|move|p2a: Greninja|Scald|p1a: Landorus
|-start|p2a: Greninja|typechange|Water|[from] Protean
|-supereffective|p1a: Landorus
|-damage|p1a: Landorus|0 fnt
|-damage|p2a: Greninja|258\/286|[from] item: Life Orb
|faint|p1a: Landorus
|
|
|switch|p1a: Tyranitar|Tyranitar, M|130\/404
|-damage|p1a: Tyranitar|80\/404|[from] Stealth Rock
|-weather|Sandstorm
|turn|11
|
|move|p2a: Greninja|Scald|p1a: Tyranitar
|-supereffective|p1a: Tyranitar
|-damage|p1a: Tyranitar|0 fnt
|-damage|p2a: Greninja|230\/286|[from] item: Life Orb
|faint|p1a: Tyranitar
|
|-weather|Sandstorm|[upkeep]
|-damage|p2a: Greninja|213\/286|[from] sandstorm
|
|switch|p1a: Scizor|Scizor, M|302\/302
|-damage|p1a: Scizor|265\/302|[from] Stealth Rock
|turn|12
|
|detailschange|p1a: Scizor|Scizor-Mega, M
|message|Scizor has Mega Evolved into Mega Scizor!
|move|p2a: Greninja|Scald|p1a: Scizor
|-crit|p1a: Scizor
|-damage|p1a: Scizor|51\/302
|-status|p1a: Scizor|brn
|-damage|p2a: Greninja|185\/286|[from] item: Life Orb
|move|p1a: Scizor|Knock Off|p2a: Greninja
|-damage|p2a: Greninja|105\/286
|-enditem|p2a: Greninja|Life Orb|[from] move: Knock Off|[of] p1a: Scizor
|
|-weather|Sandstorm|[upkeep]
|-damage|p2a: Greninja|88\/286|[from] sandstorm
|-damage|p1a: Scizor|14\/302 brn|[from] brn
|turn|13
|c|âAkola|^^
|
|switch|p2a: Landorus-Therian|Landorus-Therian, M|324\/324
|-ability|p2a: Landorus-Therian|Intimidate|[of] p1a: Scizor
|-unboost|p1a: Scizor|atk|1
|move|p1a: Scizor|Bullet Punch|p2a: Landorus-Therian
|-crit|p2a: Landorus-Therian
|-damage|p2a: Landorus-Therian|251\/324
|
|-weather|Sandstorm|[upkeep]
|-damage|p1a: Scizor|0 fnt|[from] brn
|faint|p1a: Scizor
|
|switch|p1a: Latios|Latios, M|302\/302
|-damage|p1a: Latios|265\/302|[from] Stealth Rock
|turn|14
|
|move|p2a: Landorus-Therian|Knock Off|p1a: Latios
|-supereffective|p1a: Latios
|-damage|p1a: Latios|0 fnt
|-enditem|p1a: Latios|Life Orb|[from] move: Knock Off|[of] p2a: Landorus-Therian
|faint|p1a: Latios
|
|-weather|Sandstorm|[upkeep]
|
|switch|p1a: Keldeo|Keldeo|324\/324
|-damage|p1a: Keldeo|304\/324|[from] Stealth Rock
|turn|15
|
|move|p2a: Landorus-Therian|Knock Off|p1a: Keldeo
|-resisted|p1a: Keldeo
|-damage|p1a: Keldeo|232\/324
|-boost|p1a: Keldeo|atk|1|[from] ability: Justified
|-enditem|p1a: Keldeo|Leftovers|[from] move: Knock Off|[of] p2a: Landorus-Therian
|move|p1a: Keldeo|Calm Mind|p1a: Keldeo
|-boost|p1a: Keldeo|spa|1
|-boost|p1a: Keldeo|spd|1
|
|-weather|none
|turn|16
|
|switch|p2a: Bisharp|Bisharp, M|272\/272
|move|p1a: Keldeo|Substitute|p1a: Keldeo
|-start|p1a: Keldeo|Substitute
|-damage|p1a: Keldeo|151\/324
|
|turn|17
|
|move|p2a: Bisharp|Sucker Punch|p1a: Keldeo
|-resisted|p1a: Keldeo
|-end|p1a: Keldeo|Substitute
|-damage|p2a: Bisharp|245\/272|[from] item: Life Orb
|move|p1a: Keldeo|Scald|p2a: Bisharp
|-crit|p2a: Bisharp
|-damage|p2a: Bisharp|0 fnt
|faint|p2a: Bisharp
|
|
|switch|p2a: Greninja|Greninja, M|88\/286
|turn|18
|
|move|p2a: Greninja|Extrasensory|p1a: Keldeo
|-start|p2a: Greninja|typechange|Psychic|[from] Protean
|-supereffective|p1a: Keldeo
|-damage|p1a: Keldeo|0 fnt
|faint|p1a: Keldeo
|
|
|switch|p1a: Thundurus|Thundurus, M|300\/300
|-damage|p1a: Thundurus|225\/300|[from] Stealth Rock
|turn|19
|
|move|p1a: Thundurus|Thunder Wave|p2a: Greninja
|-status|p2a: Greninja|par
|move|p2a: Greninja|Ice Beam|p1a: Thundurus
|-start|p2a: Greninja|typechange|Ice|[from] Protean
|-supereffective|p1a: Thundurus
|-damage|p1a: Thundurus|0 fnt
|faint|p1a: Thundurus
|
|win|bigdickplayer
|raw|Ladder updating...
|raw|Akola's rating: 1696 &rarr; <strong>1678<\/strong><br \/>(-18 for losing)
|raw|bigdickplayer's rating: 1724 &rarr; <strong>1742<\/strong><br \/>(+18 for winning)
|c|âAkola|no gg