|join|bigdickplayer
|join|Alvadorx
|player|p1|bigdickplayer|245
|player|p2|Alvadorx|256
|gametype|singles
|gen|6
|tier|OU
|rated
|clearpoke
|poke|p1|Garchomp, M, shiny
|poke|p1|Absol, F
|poke|p1|Greninja, F
|poke|p1|Landorus-Therian, M
|poke|p1|Latias, F, shiny
|poke|p1|Bisharp, M
|poke|p2|Latios, M
|poke|p2|Medicham, M
|poke|p2|Landorus-Therian, M, shiny
|poke|p2|Heatran, F
|poke|p2|Slowbro, M
|poke|p2|Greninja, M, shiny
|rule|Swagger Clause: Swagger is banned
|rule|Baton Pass Clause: Limit one PokÃ©mon knowing Baton Pass
|rule|Sleep Clause Mod: Limit one foe put to sleep
|rule|Species Clause: Limit one of each PokÃ©mon
|rule|OHKO Clause: OHKO moves are banned
|rule|Moody Clause: Moody is banned
|rule|Evasion Moves Clause: Evasion moves are banned
|rule|Endless Battle Clause: Forcing endless battles is banned
|rule|HP Percentage Mod: HP is shown in percentages
|teampreview
|
|start
|switch|p1a: Garchomp|Garchomp, M, shiny|357\/357
|switch|p2a: Landorus-Therian|Landorus-Therian, M, shiny|325\/325
|-ability|p2a: Landorus-Therian|Intimidate|[of] p1a: Garchomp
|-unboost|p1a: Garchomp|atk|1
|turn|1
|
|move|p2a: Landorus-Therian|Earthquake|p1a: Garchomp
|-damage|p1a: Garchomp|144\/357
|move|p1a: Garchomp|Stealth Rock|p2a: Landorus-Therian
|-sidestart|p2: Alvadorx|move: Stealth Rock
|
|turn|2
|
|switch|p2a: Medicham|Medicham, M|261\/261
|-damage|p2a: Medicham|245\/261|[from] Stealth Rock
|switch|p1a: Landorus-Therian|Landorus-Therian, M|319\/319
|-ability|p1a: Landorus-Therian|Intimidate|[of] p2a: Medicham
|-unboost|p2a: Medicham|atk|1
|
|turn|3
|
|switch|p2a: Landorus-Therian|Landorus-Therian, M, shiny|325\/325
|-damage|p2a: Landorus-Therian|285\/325|[from] Stealth Rock
|-ability|p2a: Landorus-Therian|Intimidate|[of] p1a: Landorus-Therian
|-unboost|p1a: Landorus-Therian|atk|1
|move|p1a: Landorus-Therian|U-turn|p2a: Landorus-Therian
|-crit|p2a: Landorus-Therian
|-resisted|p2a: Landorus-Therian
|-damage|p2a: Landorus-Therian|213\/325
|
|switch|p1a: Greninja|Greninja, F|286\/286
|
|turn|4
|
|switch|p1a: Landorus-Therian|Landorus-Therian, M|319\/319
|-ability|p1a: Landorus-Therian|Intimidate|[of] p2a: Landorus-Therian
|-unboost|p2a: Landorus-Therian|atk|1
|move|p2a: Landorus-Therian|U-turn|p1a: Landorus-Therian
|-resisted|p1a: Landorus-Therian
|-damage|p1a: Landorus-Therian|287\/319
|
|switch|p2a: Medicham|Medicham, M|245\/261
|-damage|p2a: Medicham|229\/261|[from] Stealth Rock
|
|turn|5
|
|detailschange|p2a: Medicham|Medicham-Mega, M
|message|Medicham has Mega Evolved into Mega Medicham!
|move|p1a: Landorus-Therian|U-turn|p2a: Medicham
|-damage|p2a: Medicham|130\/261
|
|switch|p1a: Garchomp|Garchomp, M, shiny|144\/357
|move|p2a: Medicham|Ice Punch|p1a: Garchomp
|-supereffective|p1a: Garchomp
|-damage|p1a: Garchomp|0 fnt
|-damage|p2a: Medicham|98\/261|[from] ability: Rough Skin|[of] p1a: Garchomp
|faint|p1a: Garchomp
|
|
|switch|p1a: Landorus-Therian|Landorus-Therian, M|287\/319
|-ability|p1a: Landorus-Therian|Intimidate|[of] p2a: Medicham
|-unboost|p2a: Medicham|atk|1
|turn|6
|
|switch|p2a: Landorus-Therian|Landorus-Therian, M, shiny|213\/325
|-damage|p2a: Landorus-Therian|173\/325|[from] Stealth Rock
|-ability|p2a: Landorus-Therian|Intimidate|[of] p1a: Landorus-Therian
|-unboost|p1a: Landorus-Therian|atk|1
|move|p1a: Landorus-Therian|Knock Off|p2a: Landorus-Therian
|-damage|p2a: Landorus-Therian|84\/325
|-enditem|p2a: Landorus-Therian|Choice Scarf|[from] move: Knock Off|[of] p1a: Landorus-Therian
|
|turn|7
|
|switch|p1a: Bisharp|Bisharp, M|272\/272
|move|p2a: Landorus-Therian|U-turn|p1a: Bisharp
|-damage|p1a: Bisharp|174\/272
|
|switch|p2a: Greninja|Greninja, M, shiny|286\/286
|-damage|p2a: Greninja|251\/286|[from] Stealth Rock
|
|turn|8
|
|move|p2a: Greninja|Hydro Pump|p1a: Bisharp
|-start|p2a: Greninja|typechange|Water|[from] Protean
|-crit|p1a: Bisharp
|-damage|p1a: Bisharp|0 fnt
|-damage|p2a: Greninja|223\/286|[from] item: Life Orb
|faint|p1a: Bisharp
|
|
|switch|p1a: Landorus-Therian|Landorus-Therian, M|287\/319
|-ability|p1a: Landorus-Therian|Intimidate|[of] p2a: Greninja
|-unboost|p2a: Greninja|atk|1
|turn|9
|
|switch|p2a: Medicham|Medicham-Mega, M|98\/261
|-damage|p2a: Medicham|82\/261|[from] Stealth Rock
|move|p1a: Landorus-Therian|U-turn|p2a: Medicham
|-damage|p2a: Medicham|0 fnt
|faint|p2a: Medicham
|
|switch|p1a: Absol|Absol, F|271\/271
|
|
|switch|p2a: Slowbro|Slowbro, M|394\/394
|-damage|p2a: Slowbro|345\/394|[from] Stealth Rock
|turn|10
|
|detailschange|p1a: Absol|Absol-Mega, F
|message|Absol has Mega Evolved into Mega Absol!
|move|p1a: Absol|Knock Off|p2a: Slowbro
|-supereffective|p2a: Slowbro
|-damage|p2a: Slowbro|85\/394
|-enditem|p2a: Slowbro|Leftovers|[from] move: Knock Off|[of] p1a: Absol
|move|p2a: Slowbro|Scald|p1a: Absol
|-damage|p1a: Absol|106\/271
|
|turn|11
|
|switch|p2a: Heatran|Heatran, F|386\/386
|-damage|p2a: Heatran|338\/386|[from] Stealth Rock
|move|p1a: Absol|Knock Off|p2a: Heatran
|-damage|p2a: Heatran|148\/386
|-enditem|p2a: Heatran|Leftovers|[from] move: Knock Off|[of] p1a: Absol
|
|turn|12
|
|move|p1a: Absol|Sucker Punch|p2a: Heatran
|-damage|p2a: Heatran|0 fnt
|faint|p2a: Heatran
|
|
|switch|p2a: Slowbro|Slowbro, M|216\/394
|-damage|p2a: Slowbro|167\/394|[from] Stealth Rock
|turn|13
|
|move|p1a: Absol|Knock Off|p2a: Slowbro
|-supereffective|p2a: Slowbro
|-damage|p2a: Slowbro|0 fnt
|faint|p2a: Slowbro
|
|
|switch|p2a: Greninja|Greninja, M, shiny|223\/286
|-damage|p2a: Greninja|188\/286|[from] Stealth Rock
|turn|14
|-message|Alvadorx forfeited.
|
|win|bigdickplayer
|raw|Ladder updating...
|leave|Alvadorx
|player|p2
|raw|bigdickplayer's rating: 1725 &rarr; <strong>1736<\/strong><br \/>(+11 for winning)
|raw|Alvadorx's rating: 1553 &rarr; <strong>1542<\/strong><br \/>(-11 for losing)