|join|Iodic
|join|bigdickplayer
|player|p1|Iodic|264
|player|p2|bigdickplayer|101
|gametype|singles
|gen|6
|tier|OU
|rated
|clearpoke
|poke|p1|Sylveon, F
|poke|p1|Slowbro, M
|poke|p1|Scizor, M
|poke|p1|Lopunny, F, shiny
|poke|p1|Serperior, F
|poke|p1|Tyranitar, M
|poke|p2|Jirachi
|poke|p2|Raikou, shiny
|poke|p2|Azelf, shiny
|poke|p2|Bisharp, M
|poke|p2|Slowbro, M, shiny
|poke|p2|Landorus, M
|rule|Swagger Clause: Swagger is banned
|rule|Baton Pass Clause: Limit one PokÃ©mon knowing Baton Pass
|rule|Sleep Clause Mod: Limit one foe put to sleep
|rule|Species Clause: Limit one of each PokÃ©mon
|rule|OHKO Clause: OHKO moves are banned
|rule|Moody Clause: Moody is banned
|rule|Evasion Moves Clause: Evasion moves are banned
|rule|Endless Battle Clause: Forcing endless battles is banned
|rule|HP Percentage Mod: HP is shown in percentages
|teampreview
|
|start
|switch|p1a: Stalin|Scizor, M|343\/343
|switch|p2a: Azelf|Azelf, shiny|291\/291
|turn|1
|
|move|p2a: Azelf|Fire Blast|p1a: Stalin|[miss]
|-miss|p2a: Azelf|p1a: Stalin
|move|p1a: Stalin|U-turn|p2a: Azelf
|-supereffective|p2a: Azelf
|-enditem|p2a: Azelf|Focus Sash
|-damage|p2a: Azelf|1\/291
|c|âbigdickplayer|WOW
|c|âbigdickplayer|your really good
|c|âIodic|lol
|
|switch|p1a: Victoria|Serperior, F|353\/353
|
|turn|2
|
|switch|p2a: Bisharp|Bisharp, M|272\/272
|move|p1a: Victoria|Leaf Storm|p2a: Bisharp
|-resisted|p2a: Bisharp
|-damage|p2a: Bisharp|205\/272
|-boost|p1a: Victoria|spa|2
|
|turn|3
|
|move|p1a: Victoria|Reflect|p1a: Victoria
|-sidestart|p1: Iodic|Reflect
|move|p2a: Bisharp|Pursuit|p1a: Victoria
|-damage|p1a: Victoria|304\/353
|
|turn|4
|
|move|p1a: Victoria|Leech Seed|p2a: Bisharp
|-start|p2a: Bisharp|move: Leech Seed
|move|p2a: Bisharp|Knock Off|p1a: Victoria
|-damage|p1a: Victoria|190\/353
|-enditem|p1a: Victoria|Light Clay|[from] move: Knock Off|[of] p2a: Bisharp
|
|-damage|p2a: Bisharp|171\/272|[from] Leech Seed|[of] p1a: Victoria
|-heal|p1a: Victoria|224\/353|[silent]
|turn|5
|
|switch|p2a: Azelf|Azelf, shiny|1\/291
|move|p1a: Victoria|Leaf Storm|p2a: Azelf
|-damage|p2a: Azelf|0 fnt
|-boost|p1a: Victoria|spa|2
|faint|p2a: Azelf
|
|
|switch|p2a: Jirachi|Jirachi|341\/341
|turn|6
|
|move|p2a: Jirachi|Iron Head|p1a: Victoria
|-damage|p1a: Victoria|152\/353
|cant|p1a: Victoria|flinch
|
|turn|7
|
|move|p2a: Jirachi|Iron Head|p1a: Victoria
|-crit|p1a: Victoria
|-damage|p1a: Victoria|0 fnt
|faint|p1a: Victoria
|
|
|switch|p1a: Stalin|Scizor, M|343\/343
|turn|8
|
|move|p2a: Jirachi|Iron Head|p1a: Stalin
|-resisted|p1a: Stalin
|-damage|p1a: Stalin|309\/343
|cant|p1a: Stalin|flinch
|
|turn|9
|
|move|p2a: Jirachi|Iron Head|p1a: Stalin
|-resisted|p1a: Stalin
|-damage|p1a: Stalin|279\/343
|cant|p1a: Stalin|flinch
|
|turn|10
|
|switch|p2a: Bisharp|Bisharp, M|171\/272
|move|p1a: Stalin|Knock Off|p2a: Bisharp
|-resisted|p2a: Bisharp
|-damage|p2a: Bisharp|76\/272
|-enditem|p2a: Bisharp|Black Glasses|[from] move: Knock Off|[of] p1a: Stalin
|
|-sideend|p1: Iodic|Reflect
|turn|11
|
|move|p2a: Bisharp|Sucker Punch|p1a: Stalin
|-damage|p1a: Stalin|123\/343
|move|p1a: Stalin|Knock Off|p2a: Bisharp
|-resisted|p2a: Bisharp
|-damage|p2a: Bisharp|18\/272
|
|turn|12
|
|move|p2a: Bisharp|Pursuit|p1a: Stalin|[from]Pursuit
|-damage|p1a: Stalin|0 fnt
|faint|p1a: Stalin
|
|
|switch|p1a: Diana|Lopunny, F, shiny|272\/272
|turn|13
|
|switch|p2a: Slowbro|Slowbro, M, shiny|394\/394
|detailschange|p1a: Diana|Lopunny-Mega, F, shiny
|-mega|p1a: Diana|Lopunny|Lopunnite
|move|p1a: Diana|Power-Up Punch|p2a: Slowbro
|-resisted|p2a: Slowbro
|-damage|p2a: Slowbro|358\/394
|-boost|p1a: Diana|atk|1
|
|turn|14
|
|detailschange|p2a: Slowbro|Slowbro-Mega, M, shiny
|-mega|p2a: Slowbro|Slowbro|Slowbronite
|move|p1a: Diana|Return|p2a: Slowbro
|-damage|p2a: Slowbro|196\/394
|move|p2a: Slowbro|Scald|p1a: Diana
|-damage|p1a: Diana|104\/272
|
|turn|15
|
|switch|p1a: Catherine|Sylveon, F|392\/392
|move|p2a: Slowbro|Slack Off|p2a: Slowbro
|-heal|p2a: Slowbro|393\/394
|
|turn|16
|
|switch|p2a: Raikou|Raikou, shiny|321\/321
|-ability|p2a: Raikou|Pressure
|move|p1a: Catherine|Hyper Voice|p2a: Raikou
|-damage|p2a: Raikou|12\/321
|
|-heal|p2a: Raikou|32\/321|[from] item: Leftovers
|turn|17
|
|move|p2a: Raikou|Thunderbolt|p1a: Catherine
|-damage|p1a: Catherine|281\/392
|move|p1a: Catherine|Hyper Voice|p2a: Raikou
|-damage|p2a: Raikou|0 fnt
|faint|p2a: Raikou
|
|
|switch|p2a: Landorus|Landorus, M|319\/319
|turn|18
|
|switch|p1a: Caesar|Tyranitar, M|404\/404
|-weather|Sandstorm
|move|p2a: Landorus|Sludge Wave|p1a: Caesar
|-resisted|p1a: Caesar
|-damage|p1a: Caesar|342\/404
|
|-weather|Sandstorm|[upkeep]
|-heal|p1a: Caesar|367\/404|[from] item: Leftovers
|turn|19
|
|move|p2a: Landorus|Substitute|p2a: Landorus
|-start|p2a: Landorus|Substitute
|-damage|p2a: Landorus|240\/319
|move|p1a: Caesar|Stealth Rock|p2a: Landorus
|-sidestart|p2: bigdickplayer|move: Stealth Rock
|
|-weather|Sandstorm|[upkeep]
|-heal|p1a: Caesar|392\/404|[from] item: Leftovers
|turn|20
|
|move|p2a: Landorus|Earth Power|p1a: Caesar
|-supereffective|p1a: Caesar
|-damage|p1a: Caesar|54\/404
|move|p1a: Caesar|Crunch|p2a: Landorus
|-end|p2a: Landorus|Substitute
|
|-weather|Sandstorm|[upkeep]
|-heal|p1a: Caesar|79\/404|[from] item: Leftovers
|turn|21
|
|move|p2a: Landorus|Earth Power|p1a: Caesar
|-supereffective|p1a: Caesar
|-damage|p1a: Caesar|0 fnt
|faint|p1a: Caesar
|
|-weather|Sandstorm|[upkeep]
|
|switch|p1a: Henry|Slowbro, M|394\/394
|turn|22
|
|move|p2a: Landorus|Earth Power|p1a: Henry
|-damage|p1a: Henry|65\/394
|move|p1a: Henry|Scald|p2a: Landorus
|-supereffective|p2a: Landorus
|-damage|p2a: Landorus|12\/319
|
|-weather|none
|-heal|p1a: Henry|89\/394|[from] item: Leftovers
|turn|23
|
|move|p2a: Landorus|Earth Power|p1a: Henry
|-damage|p1a: Henry|0 fnt
|faint|p1a: Henry
|
|c|âbigdickplayer|you're  the best player I've ever seen
|
|switch|p1a: Diana|Lopunny-Mega, F, shiny|104\/272
|turn|24
|
|move|p1a: Diana|Return|p2a: Landorus
|-damage|p2a: Landorus|0 fnt
|faint|p2a: Landorus
|
|
|switch|p2a: Jirachi|Jirachi|341\/341
|-damage|p2a: Jirachi|320\/341|[from] Stealth Rock
|turn|25
|
|move|p2a: Jirachi|Iron Head|p1a: Diana
|-damage|p1a: Diana|0 fnt
|faint|p1a: Diana
|
|-message|Iodic forfeited.
|
|win|bigdickplayer
|raw|Ladder updating...
|raw|Iodic's rating: 1592 &rarr; <strong>1572<\/strong><br \/>(-20 for losing)
|raw|bigdickplayer's rating: 1598 &rarr; <strong>1618<\/strong><br \/>(+20 for winning)
|leave|Iodic
|player|p1