|join|bigdickplayer
|join|TheUberTherian
|player|p1|bigdickplayer|169
|player|p2|TheUberTherian|167
|gametype|singles
|gen|6
|tier|OU
|rated
|clearpoke
|poke|p1|Jirachi
|poke|p1|Raikou, shiny
|poke|p1|Azelf, shiny
|poke|p1|Bisharp, F
|poke|p1|Slowbro, M, shiny
|poke|p1|Landorus, M
|poke|p2|Cobalion
|poke|p2|Manectric, M
|poke|p2|Landorus-Therian, M
|poke|p2|Manaphy
|poke|p2|Latios, M
|poke|p2|Bisharp, F
|rule|Swagger Clause: Swagger is banned
|rule|Baton Pass Clause: Limit one PokÃ©mon knowing Baton Pass
|rule|Sleep Clause Mod: Limit one foe put to sleep
|rule|Species Clause: Limit one of each PokÃ©mon
|rule|OHKO Clause: OHKO moves are banned
|rule|Moody Clause: Moody is banned
|rule|Evasion Moves Clause: Evasion moves are banned
|rule|Endless Battle Clause: Forcing endless battles is banned
|rule|HP Percentage Mod: HP is shown in percentages
|teampreview
|
|start
|switch|p1a: Azelf|Azelf, shiny|291\/291
|switch|p2a: Landorus-Therian|Landorus-Therian, M|319\/319
|-ability|p2a: Landorus-Therian|Intimidate|[of] p1a: Azelf
|-unboost|p1a: Azelf|atk|1
|turn|1
|
|move|p2a: Landorus-Therian|U-turn|p1a: Azelf
|-supereffective|p1a: Azelf
|-damage|p1a: Azelf|23\/291
|
|switch|p2a: Bisharp|Bisharp, F|272\/272
|move|p1a: Azelf|Taunt|p2a: Bisharp
|-start|p2a: Bisharp|move: Taunt
|
|turn|2
|
|move|p1a: Azelf|Stealth Rock|p2a: Bisharp
|-sidestart|p2: TheUberTherian|move: Stealth Rock
|move|p2a: Bisharp|Pursuit|p1a: Azelf
|-supereffective|p1a: Azelf
|-damage|p1a: Azelf|0 fnt
|faint|p1a: Azelf
|
|
|switch|p1a: Landorus|Landorus, M|319\/319
|turn|3
|
|switch|p2a: Latios|Latios, M|301\/301
|-damage|p2a: Latios|264\/301|[from] Stealth Rock
|move|p1a: Landorus|Substitute|p1a: Landorus
|-start|p1a: Landorus|Substitute
|-damage|p1a: Landorus|240\/319
|
|turn|4
|
|move|p2a: Latios|Psyshock|p1a: Landorus
|-end|p1a: Landorus|Substitute
|-damage|p2a: Latios|234\/301|[from] item: Life Orb
|move|p1a: Landorus|Sludge Wave|p2a: Latios
|-damage|p2a: Latios|65\/301
|
|turn|5
|
|switch|p1a: Jirachi|Jirachi|341\/341
|move|p2a: Latios|Draco Meteor|p1a: Jirachi
|-resisted|p1a: Jirachi
|-damage|p1a: Jirachi|182\/341
|-unboost|p2a: Latios|spa|2
|-damage|p2a: Latios|35\/301|[from] item: Life Orb
|
|turn|6
|
|switch|p2a: Landorus-Therian|Landorus-Therian, M|319\/319
|-damage|p2a: Landorus-Therian|280\/319|[from] Stealth Rock
|-ability|p2a: Landorus-Therian|Intimidate|[of] p1a: Jirachi
|-unboost|p1a: Jirachi|atk|1
|move|p1a: Jirachi|U-turn|p2a: Landorus-Therian
|-resisted|p2a: Landorus-Therian
|-damage|p2a: Landorus-Therian|252\/319
|
|switch|p1a: Slowbro|Slowbro, M, shiny|394\/394
|
|turn|7
|
|move|p2a: Landorus-Therian|U-turn|p1a: Slowbro
|-supereffective|p1a: Slowbro
|-damage|p1a: Slowbro|220\/394
|
|switch|p2a: Manaphy|Manaphy|365\/365
|-damage|p2a: Manaphy|320\/365|[from] Stealth Rock
|move|p1a: Slowbro|Psyshock|p2a: Manaphy
|-damage|p2a: Manaphy|187\/365
|
|-heal|p2a: Manaphy|209\/365|[from] item: Leftovers
|turn|8
|
|switch|p1a: Raikou|Raikou, shiny|321\/321
|-ability|p1a: Raikou|Pressure
|move|p2a: Manaphy|Scald|p1a: Raikou
|-damage|p1a: Raikou|212\/321
|
|-heal|p1a: Raikou|232\/321|[from] item: Leftovers
|-heal|p2a: Manaphy|231\/365|[from] item: Leftovers
|turn|9
|
|move|p1a: Raikou|Calm Mind|p1a: Raikou
|-boost|p1a: Raikou|spa|1
|-boost|p1a: Raikou|spd|1
|move|p2a: Manaphy|Scald|p1a: Raikou
|-damage|p1a: Raikou|153\/321
|-status|p1a: Raikou|brn
|
|-heal|p1a: Raikou|173\/321 brn|[from] item: Leftovers
|-heal|p2a: Manaphy|253\/365|[from] item: Leftovers
|-damage|p1a: Raikou|133\/321 brn|[from] brn
|turn|10
|
|switch|p2a: Latios|Latios, M|35\/301
|-damage|p2a: Latios|0 fnt|[from] Stealth Rock
|faint|p2a: Latios
|move|p1a: Raikou|Hidden Power|p2: Latios|[notarget]
|-notarget
|
|-heal|p1a: Raikou|153\/321 brn|[from] item: Leftovers
|-damage|p1a: Raikou|113\/321 brn|[from] brn
|
|switch|p2a: Landorus-Therian|Landorus-Therian, M|252\/319
|-damage|p2a: Landorus-Therian|213\/319|[from] Stealth Rock
|-ability|p2a: Landorus-Therian|Intimidate|[of] p1a: Raikou
|-unboost|p1a: Raikou|atk|1
|turn|11
|
|switch|p1a: Landorus|Landorus, M|240\/319
|move|p2a: Landorus-Therian|U-turn|p1a: Landorus
|-resisted|p1a: Landorus
|-damage|p1a: Landorus|193\/319
|
|switch|p2a: Manectric|Manectric, M|281\/281
|-damage|p2a: Manectric|246\/281|[from] Stealth Rock
|
|turn|12
|
|detailschange|p2a: Manectric|Manectric-Mega, M
|-mega|p2a: Manectric|Manectric|Manectite
|-ability|p2a: Manectric|Intimidate|[of] p1a: Landorus
|-unboost|p1a: Landorus|atk|1
|move|p2a: Manectric|Hidden Power|p1a: Landorus
|-supereffective|p1a: Landorus
|-damage|p1a: Landorus|0 fnt
|faint|p1a: Landorus
|
|
|switch|p1a: Jirachi|Jirachi|182\/341
|turn|13
|
|move|p1a: Jirachi|Iron Head|p2a: Manectric
|-resisted|p2a: Manectric
|-damage|p2a: Manectric|170\/281
|cant|p2a: Manectric|flinch
|
|turn|14
|
|switch|p2a: Bisharp|Bisharp, F|272\/272
|-damage|p2a: Bisharp|255\/272|[from] Stealth Rock
|move|p1a: Jirachi|Iron Head|p2a: Bisharp
|-crit|p2a: Bisharp
|-resisted|p2a: Bisharp
|-damage|p2a: Bisharp|163\/272
|
|turn|15
|
|move|p1a: Jirachi|Iron Head|p2a: Bisharp
|-resisted|p2a: Bisharp
|-damage|p2a: Bisharp|94\/272
|cant|p2a: Bisharp|flinch
|
|turn|16
|
|move|p2a: Bisharp|Sucker Punch|p1a: Jirachi
|-supereffective|p1a: Jirachi
|-damage|p1a: Jirachi|0 fnt
|faint|p1a: Jirachi
|
|
|switch|p1a: Bisharp|Bisharp, F|272\/272
|turn|17
|
|switch|p2a: Cobalion|Cobalion|358\/358
|-damage|p2a: Cobalion|347\/358|[from] Stealth Rock
|move|p1a: Bisharp|Knock Off|p2a: Cobalion
|-resisted|p2a: Cobalion
|-damage|p2a: Cobalion|250\/358
|-boost|p2a: Cobalion|atk|1|[from] ability: Justified
|-enditem|p2a: Cobalion|Leftovers|[from] move: Knock Off|[of] p1a: Bisharp
|
|turn|18
|
|switch|p1a: Slowbro|Slowbro, M, shiny|351\/394
|move|p2a: Cobalion|Volt Switch|p1a: Slowbro
|-supereffective|p1a: Slowbro
|-damage|p1a: Slowbro|251\/394
|
|switch|p2a: Manectric|Manectric-Mega, M|170\/281
|-damage|p2a: Manectric|135\/281|[from] Stealth Rock
|-ability|p2a: Manectric|Intimidate|[of] p1a: Slowbro
|-unboost|p1a: Slowbro|atk|1
|
|turn|19
|
|detailschange|p1a: Slowbro|Slowbro-Mega, M, shiny
|-mega|p1a: Slowbro|Slowbro|Slowbronite
|move|p2a: Manectric|Thunderbolt|p1a: Slowbro
|-supereffective|p1a: Slowbro
|-damage|p1a: Slowbro|0 fnt
|faint|p1a: Slowbro
|
|
|switch|p1a: Bisharp|Bisharp, F|272\/272
|turn|20
|
|move|p1a: Bisharp|Pursuit|p2a: Manectric|[from]Pursuit
|-damage|p2a: Manectric|0 fnt
|faint|p2a: Manectric
|
|
|switch|p2a: Cobalion|Cobalion|250\/358
|-damage|p2a: Cobalion|239\/358|[from] Stealth Rock
|turn|21
|
|move|p2a: Cobalion|Close Combat|p1a: Bisharp
|-supereffective|p1a: Bisharp
|-damage|p1a: Bisharp|0 fnt
|-unboost|p2a: Cobalion|def|1
|-unboost|p2a: Cobalion|spd|1
|faint|p1a: Bisharp
|
|
|switch|p1a: Raikou|Raikou, shiny|113\/321 brn
|-ability|p1a: Raikou|Pressure
|turn|22
|c|âTheUberTherian|gg
|c|âbigdickplayer|gg
|
|move|p1a: Raikou|Thunderbolt|p2a: Cobalion
|-damage|p2a: Cobalion|0 fnt
|faint|p2a: Cobalion
|
|-heal|p1a: Raikou|133\/321 brn|[from] item: Leftovers
|-damage|p1a: Raikou|93\/321 brn|[from] brn
|
|switch|p2a: Landorus-Therian|Landorus-Therian, M|213\/319
|-damage|p2a: Landorus-Therian|174\/319|[from] Stealth Rock
|-ability|p2a: Landorus-Therian|Intimidate|[of] p1a: Raikou
|-unboost|p1a: Raikou|atk|1
|turn|23
|
|move|p2a: Landorus-Therian|Earthquake|p1a: Raikou
|-supereffective|p1a: Raikou
|-damage|p1a: Raikou|0 fnt
|faint|p1a: Raikou
|
|win|TheUberTherian
|raw|Ladder updating...
|raw|bigdickplayer's rating: 1644 &rarr; <strong>1622<\/strong><br \/>(-22 for losing)
|raw|TheUberTherian's rating: 1613 &rarr; <strong>1634<\/strong><br \/>(+21 for winning)
|leave|bigdickplayer
|player|p1