|join|trythroughwalls
|join|Ace Trainer Apollo
|player|p1|trythroughwalls|102
|player|p2|Ace Trainer Apollo|2
|gametype|singles
|gen|6
|tier|OU
|rated
|clearpoke
|poke|p1|Starmie
|poke|p1|Skarmory, M
|poke|p1|Quagsire, F
|poke|p1|Amoonguss, M
|poke|p1|Sableye, F
|poke|p1|Chansey, F
|poke|p2|Archeops, F
|poke|p2|Rotom-Wash
|poke|p2|Flygon, M
|poke|p2|Whimsicott, F
|poke|p2|Jolteon, F
|poke|p2|Beedrill, M
|rule|Swagger Clause: Swagger is banned
|rule|Baton Pass Clause: Limit one PokÃ©mon knowing Baton Pass
|rule|Sleep Clause Mod: Limit one foe put to sleep
|rule|Species Clause: Limit one of each PokÃ©mon
|rule|OHKO Clause: OHKO moves are banned
|rule|Moody Clause: Moody is banned
|rule|Evasion Moves Clause: Evasion moves are banned
|rule|Endless Battle Clause: Forcing endless battles is banned
|rule|HP Percentage Mod: HP is shown in percentages
|teampreview
|c|âAce Trainer Apollo|alright
|c|âAce Trainer Apollo|fuck you
|c|âAce Trainer Apollo|fuck
|
|start
|switch|p1a: Sableye|Sableye, F|304\/304
|switch|p2a: Mr. Clean|Rotom-Wash|303\/303
|turn|1
|c|âAce Trainer Apollo|lets get this on then
|
|move|p2a: Mr. Clean|Volt Switch|p1a: Sableye
|-damage|p1a: Sableye|205\/304
|
|switch|p2a: No.15|Beedrill, M|293\/293
|move|p1a: Sableye|Knock Off|p2a: No.15
|-damage|p2a: No.15|167\/293
|
|turn|2
|
|detailschange|p2a: No.15|Beedrill-Mega, M
|-mega|p2a: No.15|Beedrill|Beedrillite
|move|p1a: Sableye|Will-O-Wisp|p2a: No.15
|-status|p2a: No.15|brn
|move|p2a: No.15|U-turn|p1a: Sableye
|-damage|p1a: Sableye|105\/304
|
|switch|p2a: Jolt|Jolteon, F|291\/291
|
|turn|3
|
|switch|p1a: Amoonguss|Amoonguss, M|432\/432
|move|p2a: Jolt|Wish|p2a: Jolt
|
|turn|4
|
|move|p2a: Jolt|Volt Switch|p1a: Amoonguss
|-resisted|p1a: Amoonguss
|-damage|p1a: Amoonguss|384\/432
|-damage|p2a: Jolt|262\/291|[from] item: Life Orb
|
|switch|p2a: No.15|Beedrill-Mega, M|167\/293 brn
|move|p1a: Amoonguss|Payback|p2a: No.15
|-damage|p2a: No.15|102\/293 brn
|
|-heal|p2a: No.15|247\/293 brn|[from] move: Wish|[wisher] Jolt
|-damage|p2a: No.15|211\/293 brn|[from] brn
|turn|5
|
|move|p2a: No.15|Knock Off|p1a: Amoonguss
|-damage|p1a: Amoonguss|320\/432
|-enditem|p1a: Amoonguss|Assault Vest|[from] move: Knock Off|[of] p2a: No.15
|move|p1a: Amoonguss|Sludge Bomb|p2a: No.15
|-crit|p2a: No.15
|-resisted|p2a: No.15
|-damage|p2a: No.15|121\/293 brn
|
|-damage|p2a: No.15|85\/293 brn|[from] brn
|turn|6
|c|âAce Trainer Apollo|crits for days
|
|move|p2a: No.15|U-turn|p1a: Amoonguss
|-damage|p1a: Amoonguss|212\/432
|
|switch|p2a: Aero|Archeops, F|311\/311
|move|p1a: Amoonguss|Sludge Bomb|p2a: Aero
|-resisted|p2a: Aero
|-damage|p2a: Aero|251\/311
|-status|p2a: Aero|psn
|
|-damage|p2a: Aero|213\/311 psn|[from] psn
|turn|7
|
|switch|p2a: Mr. Clean|Rotom-Wash|303\/303
|switch|p1a: Skarmory|Skarmory, M|334\/334
|
|turn|8
|
|switch|p1a: Chansey|Chansey, F|703\/703
|move|p2a: Mr. Clean|Volt Switch|p1a: Chansey
|-damage|p1a: Chansey|645\/703
|
|switch|p2a: Jolt|Jolteon, F|262\/291
|
|turn|9
|
|move|p2a: Jolt|Heal Bell|p2a: Jolt
|-cureteam|p2a: Jolt|[from] move: HealBell
|move|p1a: Chansey|Stealth Rock|p2a: Jolt
|-sidestart|p2: Ace Trainer Apollo|move: Stealth Rock
|
|turn|10
|
|move|p2a: Jolt|Wish|p2a: Jolt
|move|p1a: Chansey|Seismic Toss|p2a: Jolt
|-damage|p2a: Jolt|162\/291
|
|turn|11
|
|switch|p2a: Mr. Clean|Rotom-Wash|303\/303
|-damage|p2a: Mr. Clean|266\/303|[from] Stealth Rock
|move|p1a: Chansey|Seismic Toss|p2a: Mr. Clean
|-damage|p2a: Mr. Clean|166\/303
|
|-heal|p2a: Mr. Clean|303\/303|[from] move: Wish|[wisher] Jolt
|turn|12
|
|switch|p1a: Amoonguss|Amoonguss, M|356\/432
|move|p2a: Mr. Clean|Will-O-Wisp|p1a: Amoonguss
|-status|p1a: Amoonguss|brn
|
|-damage|p1a: Amoonguss|302\/432 brn|[from] brn
|turn|13
|
|move|p2a: Mr. Clean|Volt Switch|p1a: Amoonguss
|-resisted|p1a: Amoonguss
|-damage|p1a: Amoonguss|257\/432 brn
|
|switch|p2a: Antlione|Flygon, M|346\/346
|-damage|p2a: Antlione|325\/346|[from] Stealth Rock
|move|p1a: Amoonguss|Giga Drain|p2a: Antlione
|-damage|p2a: Antlione|228\/346
|-heal|p1a: Amoonguss|306\/432 brn|[from] drain|[of] p2a: Antlione
|
|-damage|p1a: Amoonguss|252\/432 brn|[from] brn
|turn|14
|
|switch|p1a: Sableye|Sableye, F|105\/304
|move|p2a: Antlione|Defog|p1a: Sableye
|-unboost|p1a: Sableye|evasion|1
|-sideend|p2: Ace Trainer Apollo|Stealth Rock|[from] move: Defog|[of] p2a: Antlione
|
|turn|15
|
|move|p1a: Sableye|Recover|p1a: Sableye
|-heal|p1a: Sableye|257\/304
|move|p2a: Antlione|Earthquake|p1a: Sableye
|-damage|p1a: Sableye|143\/304
|
|turn|16
|
|switch|p2a: Whimsi|Whimsicott, F|322\/322
|move|p1a: Sableye|Recover|p1a: Sableye
|-heal|p1a: Sableye|295\/304
|
|turn|17
|
|switch|p1a: Amoonguss|Amoonguss, M|396\/432 brn
|move|p2a: Whimsi|U-turn|p1a: Amoonguss
|-crit|p1a: Amoonguss
|-damage|p1a: Amoonguss|334\/432 brn
|
|switch|p2a: Aero|Archeops, F|213\/311
|
|-damage|p1a: Amoonguss|280\/432 brn|[from] brn
|turn|18
|
|move|p2a: Aero|Stealth Rock|p1a: Amoonguss
|-sidestart|p1: trythroughwalls|move: Stealth Rock
|move|p1a: Amoonguss|Giga Drain|p2a: Aero
|-damage|p2a: Aero|110\/311
|-heal|p1a: Amoonguss|332\/432 brn|[from] drain|[of] p2a: Aero
|
|-damage|p1a: Amoonguss|278\/432 brn|[from] brn
|turn|19
|
|switch|p2a: No.15|Beedrill-Mega, M|85\/293
|move|p1a: Amoonguss|Giga Drain|p2a: No.15
|-resisted|p2a: No.15
|-damage|p2a: No.15|61\/293
|-heal|p1a: Amoonguss|290\/432 brn|[from] drain|[of] p2a: No.15
|
|-damage|p1a: Amoonguss|236\/432 brn|[from] brn
|turn|20
|
|switch|p2a: Mr. Clean|Rotom-Wash|303\/303
|switch|p1a: Skarmory|Skarmory, M|334\/334
|-damage|p1a: Skarmory|293\/334|[from] Stealth Rock
|
|turn|21
|
|switch|p1a: Quagsire|Quagsire, F|394\/394
|-damage|p1a: Quagsire|370\/394|[from] Stealth Rock
|move|p2a: Mr. Clean|Will-O-Wisp|p1a: Quagsire
|-status|p1a: Quagsire|brn
|
|-heal|p1a: Quagsire|394\/394 brn|[from] item: Leftovers
|-damage|p1a: Quagsire|345\/394 brn|[from] brn
|turn|22
|
|move|p2a: Mr. Clean|Hydro Pump|p1a: Quagsire
|-damage|p1a: Quagsire|156\/394 brn
|move|p1a: Quagsire|Encore|p2a: Mr. Clean
|-start|p2a: Mr. Clean|Encore
|
|-heal|p1a: Quagsire|180\/394 brn|[from] item: Leftovers
|-damage|p1a: Quagsire|131\/394 brn|[from] brn
|turn|23
|
|switch|p2a: No.15|Beedrill-Mega, M|61\/293
|switch|p1a: Chansey|Chansey, F|645\/703
|-damage|p1a: Chansey|558\/703|[from] Stealth Rock
|
|turn|24
|
|switch|p1a: Skarmory|Skarmory, M|293\/334
|-damage|p1a: Skarmory|252\/334|[from] Stealth Rock
|move|p2a: No.15|Knock Off|p1a: Skarmory
|-damage|p1a: Skarmory|159\/334
|-enditem|p1a: Skarmory|Shed Shell|[from] move: Knock Off|[of] p2a: No.15
|
|turn|25
|c|âAce Trainer Apollo|i see
|
|move|p2a: No.15|U-turn|p1a: Skarmory
|-resisted|p1a: Skarmory
|-damage|p1a: Skarmory|125\/334
|
|switch|p2a: Jolt|Jolteon, F|162\/291
|move|p1a: Skarmory|Roost|p1a: Skarmory
|-heal|p1a: Skarmory|292\/334
|
|turn|26
|
|switch|p1a: Amoonguss|Amoonguss, M|380\/432 brn
|-damage|p1a: Amoonguss|326\/432 brn|[from] Stealth Rock
|move|p2a: Jolt|Wish|p2a: Jolt
|
|-damage|p1a: Amoonguss|272\/432 brn|[from] brn
|turn|27
|
|move|p2a: Jolt|Volt Switch|p1a: Amoonguss
|-resisted|p1a: Amoonguss
|-damage|p1a: Amoonguss|198\/432 brn
|-damage|p2a: Jolt|133\/291|[from] item: Life Orb
|
|switch|p2a: Aero|Archeops, F|110\/311
|move|p1a: Amoonguss|Payback|p2a: Aero
|-damage|p2a: Aero|84\/311
|
|-heal|p2a: Aero|229\/311|[from] move: Wish|[wisher] Jolt
|-damage|p1a: Amoonguss|144\/432 brn|[from] brn
|turn|28
|c|âAce Trainer Apollo|prepare your anus
|
|switch|p1a: Starmie|Starmie|324\/324
|-damage|p1a: Starmie|284\/324|[from] Stealth Rock
|move|p2a: Aero|Head Smash|p1a: Starmie
|-damage|p1a: Starmie|0 fnt
|-damage|p2a: Aero|87\/311|[from] recoil|[of] p1a: Starmie
|faint|p1a: Starmie
|
|-message|trythroughwalls forfeited.
|leave|trythroughwalls
|
|win|Ace Trainer Apollo
|raw|Ladder updating...
|player|p1