|join|BryFy354
|join|trythroughwalls
|player|p1|BryFy354|65
|player|p2|trythroughwalls|265
|gametype|singles
|gen|6
|tier|OU
|rated
|clearpoke
|poke|p1|Serperior, M, shiny
|poke|p1|Rotom-Heat
|poke|p1|Skarmory, F
|poke|p1|Magnezone, shiny
|poke|p1|Krookodile, M, shiny
|poke|p1|Garchomp, F
|poke|p2|Charizard, M
|poke|p2|Latias, F
|poke|p2|Clefable, M
|poke|p2|Gothitelle, M
|poke|p2|Quagsire, F
|poke|p2|Bisharp, M
|rule|Swagger Clause: Swagger is banned
|rule|Baton Pass Clause: Limit one PokÃ©mon knowing Baton Pass
|rule|Sleep Clause Mod: Limit one foe put to sleep
|rule|Species Clause: Limit one of each PokÃ©mon
|rule|OHKO Clause: OHKO moves are banned
|rule|Moody Clause: Moody is banned
|rule|Evasion Moves Clause: Evasion moves are banned
|rule|Endless Battle Clause: Forcing endless battles is banned
|rule|HP Percentage Mod: HP is shown in percentages
|teampreview
|
|start
|switch|p1a: Danger Zone|Magnezone, shiny|281\/281
|switch|p2a: Charizard|Charizard, M|297\/297
|turn|1
|
|switch|p2a: Quagsire|Quagsire, F|394\/394
|move|p1a: Danger Zone|Volt Switch|p2a: Quagsire
|-immune|p2a: Quagsire|[msg]
|
|turn|2
|
|switch|p1a: Progenitus|Serperior, M, shiny|291\/291
|switch|p2a: Charizard|Charizard, M|297\/297
|
|turn|3
|
|switch|p1a: Remington|Rotom-Heat|304\/304
|detailschange|p2a: Charizard|Charizard-Mega-Y, M
|-mega|p2a: Charizard|Charizard|Charizardite Y
|-weather|SunnyDay
|move|p2a: Charizard|Flamethrower|p1a: Remington
|-resisted|p1a: Remington
|-damage|p1a: Remington|212\/304
|
|-weather|SunnyDay|[upkeep]
|-heal|p1a: Remington|231\/304|[from] item: Leftovers
|turn|4
|
|move|p2a: Charizard|Focus Blast|p1a: Remington
|-damage|p1a: Remington|107\/304
|move|p1a: Remington|Pain Split|p2a: Charizard
|-sethp|p2a: Charizard|202\/297|p1a: Remington|202\/304|[from] move: Pain Split
|
|-weather|SunnyDay|[upkeep]
|-heal|p1a: Remington|221\/304|[from] item: Leftovers
|turn|5
|
|move|p2a: Charizard|Roost|p2a: Charizard
|-heal|p2a: Charizard|297\/297
|move|p1a: Remington|Will-O-Wisp|p2a: Charizard
|-fail|p2a: Charizard
|
|-weather|SunnyDay|[upkeep]
|-heal|p1a: Remington|240\/304|[from] item: Leftovers
|turn|6
|
|switch|p2a: Gothitelle|Gothitelle, M|334\/334
|move|p1a: Remington|Volt Switch|p2a: Gothitelle
|-damage|p2a: Gothitelle|249\/334
|
|switch|p1a: Stevey|Krookodile, M, shiny|331\/331
|
|-weather|SunnyDay|[upkeep]
|turn|7
|
|move|p2a: Gothitelle|Trick|p1a: Stevey
|-activate|p2a: Gothitelle|move: Trick|[of] p1a: Stevey
|-item|p1a: Stevey|Choice Scarf|[from] move: Trick
|-item|p2a: Gothitelle|Assault Vest|[from] move: Trick
|move|p1a: Stevey|Knock Off|p2a: Gothitelle
|-supereffective|p2a: Gothitelle
|-damage|p2a: Gothitelle|0 fnt
|-enditem|p2a: Gothitelle|Assault Vest|[from] move: Knock Off|[of] p1a: Stevey
|faint|p2a: Gothitelle
|-boost|p1a: Stevey|atk|1|[from] ability: Moxie
|
|-weather|none
|
|switch|p2a: Charizard|Charizard-Mega-Y, M|297\/297
|-weather|SunnyDay
|turn|8
|
|move|p1a: Stevey|Knock Off|p2a: Charizard
|-damage|p2a: Charizard|87\/297
|move|p2a: Charizard|Focus Blast|p1a: Stevey|[miss]
|-miss|p2a: Charizard|p1a: Stevey
|
|-weather|SunnyDay|[upkeep]
|turn|9
|
|switch|p2a: Clefable|Clefable, M|394\/394
|move|p1a: Stevey|Knock Off|p2a: Clefable
|-resisted|p2a: Clefable
|-damage|p2a: Clefable|325\/394
|-enditem|p2a: Clefable|Leftovers|[from] move: Knock Off|[of] p1a: Stevey
|
|-weather|SunnyDay|[upkeep]
|turn|10
|
|switch|p1a: Remington|Rotom-Heat|240\/304
|move|p2a: Clefable|Moonblast|p1a: Remington
|-resisted|p1a: Remington
|-damage|p1a: Remington|202\/304
|
|-weather|SunnyDay|[upkeep]
|-heal|p1a: Remington|221\/304|[from] item: Leftovers
|turn|11
|
|move|p1a: Remington|Volt Switch|p2a: Clefable
|-damage|p2a: Clefable|231\/394
|
|switch|p1a: Danger Zone|Magnezone, shiny|281\/281
|move|p2a: Clefable|Moonlight|p2a: Clefable
|-heal|p2a: Clefable|394\/394
|
|-weather|SunnyDay|[upkeep]
|turn|12
|
|switch|p2a: Bisharp|Bisharp, M|319\/319
|move|p1a: Danger Zone|Flash Cannon|p2a: Bisharp
|-resisted|p2a: Bisharp
|-damage|p2a: Bisharp|256\/319
|
|-weather|none
|turn|13
|
|move|p2a: Bisharp|Pursuit|p1a: Danger Zone|[from]Pursuit
|-damage|p1a: Danger Zone|160\/281
|switch|p1a: Stevey|Krookodile, M, shiny|331\/331
|
|turn|14
|
|switch|p2a: Latias|Latias, F|301\/301
|move|p1a: Stevey|Knock Off|p2a: Latias
|-supereffective|p2a: Latias
|-damage|p2a: Latias|0 fnt
|-enditem|p2a: Latias|Life Orb|[from] move: Knock Off|[of] p1a: Stevey
|faint|p2a: Latias
|-boost|p1a: Stevey|atk|1|[from] ability: Moxie
|
|
|switch|p2a: Clefable|Clefable, M|394\/394
|turn|15
|
|switch|p1a: Remington|Rotom-Heat|221\/304
|move|p2a: Clefable|Calm Mind|p2a: Clefable
|-boost|p2a: Clefable|spa|1
|-boost|p2a: Clefable|spd|1
|
|-heal|p1a: Remington|240\/304|[from] item: Leftovers
|turn|16
|
|move|p1a: Remington|Will-O-Wisp|p2a: Clefable
|-status|p2a: Clefable|brn
|move|p2a: Clefable|Moonblast|p1a: Remington
|-resisted|p1a: Remington
|-damage|p1a: Remington|185\/304
|
|-heal|p1a: Remington|204\/304|[from] item: Leftovers
|-damage|p2a: Clefable|345\/394 brn|[from] brn
|turn|17
|
|move|p1a: Remington|Pain Split|p2a: Clefable
|-sethp|p2a: Clefable|274\/394 brn|p1a: Remington|274\/304|[from] move: Pain Split
|move|p2a: Clefable|Heal Bell|p2a: Clefable
|-cureteam|p2a: Clefable|[from] move: HealBell
|
|-heal|p1a: Remington|293\/304|[from] item: Leftovers
|turn|18
|
|move|p1a: Remington|Volt Switch|p2a: Clefable
|-damage|p2a: Clefable|211\/394
|
|switch|p1a: Stevey|Krookodile, M, shiny|331\/331
|move|p2a: Clefable|Calm Mind|p2a: Clefable
|-boost|p2a: Clefable|spa|1
|-boost|p2a: Clefable|spd|1
|
|turn|19
|
|move|p1a: Stevey|Earthquake|p2a: Clefable
|-damage|p2a: Clefable|54\/394
|move|p2a: Clefable|Moonlight|p2a: Clefable
|-heal|p2a: Clefable|251\/394
|
|turn|20
|
|move|p1a: Stevey|Earthquake|p2a: Clefable
|-damage|p2a: Clefable|94\/394
|move|p2a: Clefable|Moonlight|p2a: Clefable
|-heal|p2a: Clefable|291\/394
|
|turn|21
|
|move|p1a: Stevey|Earthquake|p2a: Clefable
|-damage|p2a: Clefable|140\/394
|move|p2a: Clefable|Moonblast|p1a: Stevey
|-supereffective|p1a: Stevey
|-damage|p1a: Stevey|0 fnt
|faint|p1a: Stevey
|
|
|switch|p1a: Messier|Garchomp, F|357\/357
|turn|22
|
|move|p1a: Messier|Iron Head|p2a: Clefable
|-supereffective|p2a: Clefable
|-damage|p2a: Clefable|0 fnt
|faint|p2a: Clefable
|
|
|switch|p2a: Charizard|Charizard-Mega-Y, M|87\/297
|-weather|SunnyDay
|turn|23
|
|move|p1a: Messier|Dragon Claw|p2a: Charizard
|-damage|p2a: Charizard|0 fnt
|faint|p2a: Charizard
|
|-weather|SunnyDay|[upkeep]
|-message|trythroughwalls forfeited.
|leave|trythroughwalls
|
|win|BryFy354
|raw|Ladder updating...
|player|p2
|raw|BryFy354's rating: 1305 &rarr; <strong>1325<\/strong><br \/>(+20 for winning)
|raw|trythroughwalls's rating: 1297 &rarr; <strong>1272<\/strong><br \/>(-25 for losing)