|join|tre17
|join|michael2960000
|player|p1|tre17|154
|player|p2|michael2960000|153
|gametype|singles
|gen|6
|tier|UU
|rated
|rule|Sleep Clause Mod: Limit one foe put to sleep
|rule|Species Clause: Limit one of each PokÃ©mon
|rule|OHKO Clause: OHKO moves are banned
|rule|Moody Clause: Moody is banned
|rule|Evasion Moves Clause: Evasion moves are banned
|rule|Endless Battle Clause: Forcing endless battles is banned
|rule|HP Percentage Mod: HP is shown in percentages
|clearpoke
|poke|p1|Shedinja
|poke|p1|Aggron, M
|poke|p1|Tentacruel, M
|poke|p1|Aromatisse, M
|poke|p1|Xatu, M
|poke|p1|Snorlax, F
|poke|p2|Aerodactyl, F
|poke|p2|Raikou
|poke|p2|Krookodile, F
|poke|p2|Toxicroak, F
|poke|p2|Donphan, M
|poke|p2|Blastoise, F
|rule|Swagger Clause: Swagger is banned
|rule|Baton Pass Clause: Limit one PokÃ©mon knowing Baton Pass
|teampreview
|
|start
|switch|p1a: Aggron|Aggron, M|344\/344
|switch|p2a: Raikou|Raikou|321\/321
|-ability|p2a: Raikou|Pressure
|turn|1
|
|detailschange|p1a: Aggron|Aggron-Mega, M
|-mega|p1a: Aggron|Aggron|Aggronite
|move|p2a: Raikou|Volt Switch|p1a: Aggron
|-crit|p1a: Aggron
|-damage|p1a: Aggron|109\/344
|
|switch|p2a: Krookodile|Krookodile, F|331\/331
|move|p1a: Aggron|Earthquake|p2a: Krookodile
|-damage|p2a: Krookodile|196\/331
|
|turn|2
|
|switch|p1a: Aromatisse|Aromatisse, M|406\/406
|move|p2a: Krookodile|Knock Off|p1a: Aromatisse
|-resisted|p1a: Aromatisse
|-damage|p1a: Aromatisse|331\/406
|-enditem|p1a: Aromatisse|Leftovers|[from] move: Knock Off|[of] p2a: Krookodile
|
|turn|3
|
|switch|p2a: Toxicroak|Toxicroak, F|307\/307
|move|p1a: Aromatisse|Wish|p1a: Aromatisse
|
|turn|4
|
|switch|p1a: Tentacruel|Tentacruel, M|364\/364
|move|p2a: Toxicroak|Swords Dance|p2a: Toxicroak
|-boost|p2a: Toxicroak|atk|2
|
|turn|5
|
|move|p2a: Toxicroak|Swords Dance|p2a: Toxicroak
|-boost|p2a: Toxicroak|atk|2
|move|p1a: Tentacruel|Toxic Spikes|p2a: Toxicroak
|-sidestart|p2: michael2960000|move: Toxic Spikes
|
|turn|6
|
|switch|p1a: DMT|Shedinja|1\/1
|move|p2a: Toxicroak|Gunk Shot|p1a: DMT
|-activate|p1a: DMT|ability: Wonder Guard
|
|turn|7
|
|move|p2a: Toxicroak|Sucker Punch|p1a: DMT
|-fail|p1a: DMT
|move|p1a: DMT|Swords Dance|p1a: DMT
|-boost|p1a: DMT|atk|2
|
|turn|8
|
|switch|p2a: Aerodactyl|Aerodactyl, F|301\/301
|move|p1a: DMT|Swords Dance|p1a: DMT
|-boost|p1a: DMT|atk|2
|
|turn|9
|
|switch|p2a: Toxicroak|Toxicroak, F|307\/307
|-sideend|p2: michael2960000|move: Toxic Spikes|[of] p2a: Toxicroak
|switch|p1a: Tentacruel|Tentacruel, M|364\/364
|
|turn|10
|
|switch|p2a: Krookodile|Krookodile, F|196\/331
|move|p1a: Tentacruel|Toxic Spikes|p2a: Krookodile
|-sidestart|p2: michael2960000|move: Toxic Spikes
|
|turn|11
|
|move|p2a: Krookodile|Earthquake|p1a: Tentacruel
|-supereffective|p1a: Tentacruel
|-damage|p1a: Tentacruel|64\/364
|move|p1a: Tentacruel|Scald|p2a: Krookodile
|-supereffective|p2a: Krookodile
|-damage|p2a: Krookodile|0 fnt
|faint|p2a: Krookodile
|
|-heal|p1a: Tentacruel|86\/364|[from] item: Black Sludge
|
|switch|p2a: Toxicroak|Toxicroak, F|307\/307
|-sideend|p2: michael2960000|move: Toxic Spikes|[of] p2a: Toxicroak
|turn|12
|
|switch|p2a: Aerodactyl|Aerodactyl, F|301\/301
|switch|p1a: DMT|Shedinja|1\/1
|
|turn|13
|
|switch|p1a: Aromatisse|Aromatisse, M|331\/406
|detailschange|p2a: Aerodactyl|Aerodactyl-Mega, F
|-mega|p2a: Aerodactyl|Aerodactyl|Aerodactylite
|move|p2a: Aerodactyl|Hone Claws|p2a: Aerodactyl
|-boost|p2a: Aerodactyl|atk|1
|-boost|p2a: Aerodactyl|accuracy|1
|
|turn|14
|
|move|p2a: Aerodactyl|Earthquake|p1a: Aromatisse
|-damage|p1a: Aromatisse|158\/406
|move|p1a: Aromatisse|Wish|p1a: Aromatisse
|
|turn|15
|
|move|p1a: Aromatisse|Protect|p1a: Aromatisse
|-singleturn|p1a: Aromatisse|Protect
|move|p2a: Aerodactyl|Stone Edge|p1a: Aromatisse
|-activate|p1a: Aromatisse|Protect
|
|-heal|p1a: Aromatisse|361\/406|[from] move: Wish|[wisher] Aromatisse
|turn|16
|
|move|p2a: Aerodactyl|Stone Edge|p1a: Aromatisse
|-damage|p1a: Aromatisse|105\/406
|move|p1a: Aromatisse|Moonblast|p2a: Aerodactyl
|-damage|p2a: Aerodactyl|178\/301
|
|turn|17
|
|switch|p1a: Snorlax|Snorlax, F|497\/497
|move|p2a: Aerodactyl|Stone Edge|p1a: Snorlax
|-damage|p1a: Snorlax|184\/497
|
|-heal|p1a: Snorlax|215\/497|[from] item: Leftovers
|turn|18
|
|move|p2a: Aerodactyl|Stone Edge|p1a: Snorlax
|-damage|p1a: Snorlax|0 fnt
|faint|p1a: Snorlax
|
|
|switch|p1a: Aggron|Aggron-Mega, M|109\/344
|turn|19
|
|move|p2a: Aerodactyl|Earthquake|p1a: Aggron
|-supereffective|p1a: Aggron
|-damage|p1a: Aggron|0 fnt
|faint|p1a: Aggron
|
|
|switch|p1a: Xatu|Xatu, M|333\/333
|turn|20
|
|move|p2a: Aerodactyl|Stone Edge|p1a: Xatu
|-supereffective|p1a: Xatu
|-damage|p1a: Xatu|0 fnt
|faint|p1a: Xatu
|
|
|switch|p1a: DMT|Shedinja|1\/1
|turn|21
|
|move|p1a: DMT|Shadow Sneak|p2a: Aerodactyl
|-damage|p2a: Aerodactyl|102\/301
|move|p2a: Aerodactyl|Aerial Ace|p1a: DMT
|-supereffective|p1a: DMT
|-enditem|p1a: DMT|Focus Sash
|-damage|p1a: DMT|1\/1
|
|turn|22
|
|move|p1a: DMT|Shadow Sneak|p2a: Aerodactyl
|-damage|p2a: Aerodactyl|35\/301
|move|p2a: Aerodactyl|Aerial Ace|p1a: DMT
|-supereffective|p1a: DMT
|-damage|p1a: DMT|0 fnt
|faint|p1a: DMT
|
|
|switch|p1a: Aromatisse|Aromatisse, M|105\/406
|turn|23
|
|move|p2a: Aerodactyl|Stone Edge|p1a: Aromatisse
|-damage|p1a: Aromatisse|0 fnt
|faint|p1a: Aromatisse
|
|
|switch|p1a: Tentacruel|Tentacruel, M|86\/364
|turn|24
|
|move|p2a: Aerodactyl|Stone Edge|p1a: Tentacruel
|-damage|p1a: Tentacruel|0 fnt
|faint|p1a: Tentacruel
|
|win|michael2960000
|raw|Ladder updating...
|raw|tre17's rating: 1195 &rarr; <strong>1174<\/strong><br \/>(-21 for losing)
|raw|michael2960000's rating: 1249 &rarr; <strong>1270<\/strong><br \/>(+21 for winning)
|c|âtre17|Gg cx
|c|âmichael2960000|gg
|leave|tre17
|player|p1