|join|Bobito Garcia
|join|Sweep
|player|p1|Bobito Garcia|265
|player|p2|Sweep|182
|gametype|singles
|tier|[Gen 5] UU
|rated
|rule|Sleep Clause Mod: Limit one foe put to sleep
|rule|Species Clause: Limit one of each Pokemon
|rule|OHKO Clause: OHKO moves are banned
|rule|Moody Clause: Moody is banned
|rule|Evasion Moves Clause: Evasion moves are banned
|rule|Endless Battle Clause: Forcing endless battles is banned.
|rule|HP Percentage Mod: HP is reported as percentages
|rule|Evasion Abilities Clause: Evasion abilities are banned
|clearpoke
|poke|p1|Mienshao, M
|poke|p1|Chandelure, F
|poke|p1|Gligar, M
|poke|p1|Mew
|poke|p1|Raikou
|poke|p1|Togekiss, M
|poke|p2|Qwilfish, M
|poke|p2|Rhyperior, M
|poke|p2|Cofagrigus, M
|poke|p2|Zapdos
|poke|p2|Xatu, M
|poke|p2|Snorlax, F
|teampreview
|callback|decision
|
|start
|switch|p1a: Mienshao|Mienshao, M|271\/271
|switch|p2a: Rhyperior|Rhyperior, M|433\/433
|turn|1
|callback|decision
|
|move|p1a: Mienshao|Fake Out|p2a: Rhyperior
|-resisted|p2a: Rhyperior
|-damage|p2a: Rhyperior|410\/433
|-damage|p1a: Mienshao|244\/271|[from] item: Life Orb
|cant|p2a: Rhyperior|flinch
|
|-heal|p2a: Rhyperior|433\/433|[from] item: Leftovers
|turn|2
|callback|decision
|
|move|p1a: Mienshao|High Jump Kick|p2a: Rhyperior
|-supereffective|p2a: Rhyperior
|-damage|p2a: Rhyperior|82\/433
|-damage|p1a: Mienshao|217\/271|[from] item: Life Orb
|move|p2a: Rhyperior|Stealth Rock|p1a: Mienshao
|-sidestart|p1: Bobito Garcia|move: Stealth Rock
|
|-heal|p2a: Rhyperior|109\/433|[from] item: Leftovers
|turn|3
|callback|decision
|
|switch|p2a: Qwilfish|Qwilfish, M|333\/333
|-ability|p2a: Qwilfish|Intimidate|[of] p1a: Mienshao
|-unboost|p1a: Mienshao|atk|1
|move|p1a: Mienshao|U-turn|p2a: Qwilfish
|-resisted|p2a: Qwilfish
|-damage|p2a: Qwilfish|303\/333
|-damage|p1a: Mienshao|190\/271|[from] item: Life Orb
|callback|decision
|
|switch|p1a: Raikou|Raikou|322\/322
|-damage|p1a: Raikou|282\/322|[from] Stealth Rock
|-ability|p1a: Raikou|Pressure
|
|-heal|p1a: Raikou|302\/322|[from] item: Leftovers
|-heal|p2a: Qwilfish|323\/333|[from] item: Leftovers
|turn|4
|callback|decision
|
|switch|p2a: Snorlax|Snorlax, F|524\/524
|move|p1a: Raikou|Substitute|p1a: Raikou
|-start|p1a: Raikou|Substitute
|-damage|p1a: Raikou|222\/322
|
|-heal|p1a: Raikou|242\/322|[from] item: Leftovers
|turn|5
|callback|decision
|
|move|p1a: Raikou|Thunderbolt|p2a: Snorlax
|-damage|p2a: Snorlax|385\/524
|move|p2a: Snorlax|Earthquake|p1a: Raikou
|-supereffective|p1a: Raikou
|-end|p1a: Raikou|Substitute
|
|-heal|p1a: Raikou|262\/322|[from] item: Leftovers
|turn|6
|callback|decision
|
|switch|p1a: Gligar|Gligar, M|334\/334
|-damage|p1a: Gligar|293\/334|[from] Stealth Rock
|move|p2a: Snorlax|Earthquake|p1a: Gligar
|-immune|p1a: Gligar|[msg]
|
|turn|7
|callback|decision
|
|switch|p2a: Xatu|Xatu, M|333\/333
|move|p1a: Gligar|Stealth Rock|p2a: Xatu
|move|p2a: Xatu|Stealth Rock|p1a: Gligar|[from]Magic Bounce
|-fail|p1a: Gligar
|
|turn|8
|callback|decision
|
|move|p2a: Xatu|Psychic|p1a: Gligar
|-damage|p1a: Gligar|212\/334
|-unboost|p1a: Gligar|spd|1
|move|p1a: Gligar|Stealth Rock|p2a: Xatu
|move|p2a: Xatu|Stealth Rock|p1a: Gligar|[from]Magic Bounce
|-fail|p1a: Gligar
|
|turn|9
|callback|decision
|chat|Bobito Garcia|wow... missclick
|
|move|p2a: Xatu|Psychic|p1a: Gligar
|-damage|p1a: Gligar|89\/334
|move|p1a: Gligar|Roost|p1a: Gligar
|-heal|p1a: Gligar|256\/334
|
|turn|10
|callback|decision
|join|NU Moon
|
|switch|p1a: Togekiss|Togekiss, M|374\/374
|-damage|p1a: Togekiss|281\/374|[from] Stealth Rock
|move|p2a: Xatu|Psychic|p1a: Togekiss
|-crit|p1a: Togekiss
|-damage|p1a: Togekiss|167\/374
|
|-heal|p1a: Togekiss|190\/374|[from] item: Leftovers
|turn|11
|callback|decision
|
|move|p2a: Xatu|Thunder Wave|p1a: Togekiss
|-status|p1a: Togekiss|par
|move|p1a: Togekiss|Nasty Plot|p1a: Togekiss
|-boost|p1a: Togekiss|spa|2
|
|-heal|p1a: Togekiss|213\/374 par|[from] item: Leftovers
|turn|12
|callback|decision
|
|switch|p2a: Zapdos|Zapdos|383\/383
|-ability|p2a: Zapdos|Pressure
|move|p1a: Togekiss|Air Slash|p2a: Zapdos
|-resisted|p2a: Zapdos
|-damage|p2a: Zapdos|306\/383
|
|-heal|p2a: Zapdos|329\/383|[from] item: Leftovers
|-heal|p1a: Togekiss|236\/374 par|[from] item: Leftovers
|turn|13
|callback|decision
|
|move|p2a: Zapdos|Thunderbolt|p1a: Togekiss
|-supereffective|p1a: Togekiss
|-damage|p1a: Togekiss|60\/374 par
|move|p1a: Togekiss|Roost|p1a: Togekiss
|-heal|p1a: Togekiss|247\/374 par
|
|-heal|p2a: Zapdos|352\/383|[from] item: Leftovers
|-heal|p1a: Togekiss|270\/374 par|[from] item: Leftovers
|turn|14
|callback|decision
|
|move|p2a: Zapdos|Thunderbolt|p1a: Togekiss
|-supereffective|p1a: Togekiss
|-damage|p1a: Togekiss|82\/374 par
|move|p1a: Togekiss|Thunder Wave|p2a: Zapdos
|-status|p2a: Zapdos|par
|
|-heal|p2a: Zapdos|375\/383 par|[from] item: Leftovers
|-heal|p1a: Togekiss|105\/374 par|[from] item: Leftovers
|turn|15
|callback|decision
|chat|NU Moon|forgot this was gen 5
|
|cant|p2a: Zapdos|par
|move|p1a: Togekiss|Roost|p1a: Togekiss
|-heal|p1a: Togekiss|292\/374 par
|
|-heal|p2a: Zapdos|383\/383 par|[from] item: Leftovers
|-heal|p1a: Togekiss|315\/374 par|[from] item: Leftovers
|turn|16
|callback|decision
|
|cant|p2a: Zapdos|par
|move|p1a: Togekiss|Nasty Plot|p1a: Togekiss
|-boost|p1a: Togekiss|spa|2
|
|-heal|p1a: Togekiss|338\/374 par|[from] item: Leftovers
|turn|17
|callback|decision
|chat|Sweep|that's kind of awful
|
|move|p2a: Zapdos|Thunderbolt|p1a: Togekiss
|-supereffective|p1a: Togekiss
|-damage|p1a: Togekiss|144\/374 par
|move|p1a: Togekiss|Air Slash|p2a: Zapdos
|-resisted|p2a: Zapdos
|-damage|p2a: Zapdos|262\/383 par
|
|-heal|p2a: Zapdos|285\/383 par|[from] item: Leftovers
|-heal|p1a: Togekiss|167\/374 par|[from] item: Leftovers
|turn|18
|callback|decision
|chat|Bobito Garcia|lol
|chat|NU Moon|:(
|chat|NU Moon|cmon swip
|chat|NU Moon|go zapdos
|
|switch|p1a: Gligar|Gligar, M|256\/334
|-damage|p1a: Gligar|215\/334|[from] Stealth Rock
|move|p2a: Zapdos|Thunderbolt|p1a: Gligar
|-immune|p1a: Gligar|[msg]
|
|-heal|p2a: Zapdos|308\/383 par|[from] item: Leftovers
|turn|19
|callback|decision
|chat|NU Moon|aaagh gliger y
|chat|Bobito Garcia|shudve put heal bell
|chat|Bobito Garcia|on toge
|join|epic4eternity
|
|switch|p2a: Xatu|Xatu, M|333\/333
|move|p1a: Gligar|Roost|p1a: Gligar
|-heal|p1a: Gligar|334\/334
|
|turn|20
|callback|decision
|chat|NU Moon|hi epic
|chat|epic4eternity|hi NU Moon
|
|switch|p1a: Mew|Mew|341\/341
|-damage|p1a: Mew|299\/341|[from] Stealth Rock
|move|p2a: Xatu|Psychic|p1a: Mew
|-resisted|p1a: Mew
|-damage|p1a: Mew|256\/341
|-unboost|p1a: Mew|spd|1
|
|turn|21
|callback|decision
|
|move|p1a: Mew|Swords Dance|p1a: Mew
|-boost|p1a: Mew|atk|2
|move|p2a: Xatu|Psychic|p1a: Mew
|-resisted|p1a: Mew
|-damage|p1a: Mew|192\/341
|
|turn|22
|callback|decision
|
|switch|p2a: Cofagrigus|Cofagrigus, M|319\/319
|move|p1a: Mew|Sucker Punch|p2a: Cofagrigus
|-fail|p2a: Cofagrigus
|
|turn|23
|callback|decision
|
|switch|p1a: Togekiss|Togekiss, M|167\/374 par
|-damage|p1a: Togekiss|74\/374 par|[from] Stealth Rock
|move|p2a: Cofagrigus|Will-O-Wisp|p1a: Togekiss|[miss]
|-miss|p2a: Cofagrigus|p1a: Togekiss
|
|-heal|p1a: Togekiss|97\/374 par|[from] item: Leftovers
|turn|24
|callback|decision
|join|MattL
|
|switch|p2a: Rhyperior|Rhyperior, M|109\/433
|move|p1a: Togekiss|Nasty Plot|p1a: Togekiss
|-boost|p1a: Togekiss|spa|2
|
|-heal|p2a: Rhyperior|136\/433|[from] item: Leftovers
|-heal|p1a: Togekiss|120\/374 par|[from] item: Leftovers
|turn|25
|callback|decision
|
|move|p2a: Rhyperior|Rock Blast|p1a: Togekiss
|-supereffective|p1a: Togekiss
|-damage|p1a: Togekiss|36\/374 par
|-supereffective|p1a: Togekiss
|-damage|p1a: Togekiss|0 fnt
|-hitcount|p1a: Togekiss|2
|faint|p1a: Togekiss
|
|-heal|p2a: Rhyperior|163\/433|[from] item: Leftovers
|callback|decision
|
|switch|p1a: Mew|Mew|192\/341
|-damage|p1a: Mew|150\/341|[from] Stealth Rock
|turn|26
|callback|decision
|
|move|p1a: Mew|Swords Dance|p1a: Mew
|-boost|p1a: Mew|atk|2
|move|p2a: Rhyperior|Earthquake|p1a: Mew
|-damage|p1a: Mew|0 fnt
|faint|p1a: Mew
|
|-heal|p2a: Rhyperior|190\/433|[from] item: Leftovers
|callback|decision
|chat|Bobito Garcia|gg
|chat|Sweep|gg
|chat|Bobito Garcia|mew was my only hope
|
|switch|p1a: Chandelure|Chandelure, F|261\/261
|-damage|p1a: Chandelure|196\/261|[from] Stealth Rock
|turn|27
|callback|decision
|leave|MattL
|
|switch|p2a: Snorlax|Snorlax, F|385\/524
|move|p1a: Chandelure|Energy Ball|p2a: Snorlax
|-damage|p2a: Snorlax|296\/524
|
|turn|28
|callback|decision
|
|move|p2a: Snorlax|Pursuit|p1a: Chandelure|[from]Pursuit
|-supereffective|p1a: Chandelure
|-damage|p1a: Chandelure|0 fnt
|faint|p1a: Chandelure
|
|callback|decision
|join|Calloflochie
|
|switch|p1a: Mienshao|Mienshao, M|271\/271
|-damage|p1a: Mienshao|255\/271|[from] Stealth Rock
|turn|29
|callback|decision
|
|switch|p2a: Qwilfish|Qwilfish, M|323\/333
|-ability|p2a: Qwilfish|Intimidate|[of] p1a: Mienshao
|-unboost|p1a: Mienshao|atk|1
|move|p1a: Mienshao|Fake Out|p2a: Qwilfish
|-damage|p2a: Qwilfish|288\/333
|-damage|p1a: Mienshao|228\/271|[from] item: Life Orb
|
|-heal|p2a: Qwilfish|308\/333|[from] item: Leftovers
|turn|30
|callback|decision
|chat|Bobito Garcia|u got any suggestions to help me get better?
|
|move|p1a: Mienshao|U-turn|p2a: Qwilfish
|-resisted|p2a: Qwilfish
|-damage|p2a: Qwilfish|277\/333
|-damage|p1a: Mienshao|201\/271|[from] item: Life Orb
|callback|decision
|
|switch|p1a: Raikou|Raikou|262\/322
|-damage|p1a: Raikou|222\/322|[from] Stealth Rock
|-ability|p1a: Raikou|Pressure
|move|p2a: Qwilfish|Spikes|p1a: Raikou
|-sidestart|p1: Bobito Garcia|Spikes
|
|-heal|p1a: Raikou|242\/322|[from] item: Leftovers
|-heal|p2a: Qwilfish|297\/333|[from] item: Leftovers
|turn|31
|callback|decision
|chat|Bobito Garcia|like the team better
|chat|Sweep|team looks fine, maybe use a wallbreaker like LO special victini
|
|switch|p2a: Rhyperior|Rhyperior, M|190\/433
|move|p1a: Raikou|Calm Mind|p1a: Raikou
|-boost|p1a: Raikou|spa|1
|-boost|p1a: Raikou|spd|1
|
|-heal|p1a: Raikou|262\/322|[from] item: Leftovers
|-heal|p2a: Rhyperior|217\/433|[from] item: Leftovers
|turn|32
|callback|decision
|join|jvuvuv
|chat|Bobito Garcia|i dontl like toge
|chat|Bobito Garcia|keep changing it
|chat|Bobito Garcia|to snorlax
|chat|Bobito Garcia|and suicune
|chat|Bobito Garcia|and back
|
|move|p1a: Raikou|Hidden Power|p2a: Rhyperior
|-supereffective|p2a: Rhyperior
|-damage|p2a: Rhyperior|42\/433
|move|p2a: Rhyperior|Earthquake|p1a: Raikou
|-supereffective|p1a: Raikou
|-damage|p1a: Raikou|0 fnt
|faint|p1a: Raikou
|
|-heal|p2a: Rhyperior|69\/433|[from] item: Leftovers
|callback|decision
|
|switch|p1a: Gligar|Gligar, M|334\/334
|-damage|p1a: Gligar|293\/334|[from] Stealth Rock
|turn|33
|callback|decision
|
|switch|p2a: Xatu|Xatu, M|333\/333
|move|p1a: Gligar|Earthquake|p2a: Xatu
|-immune|p2a: Xatu|[msg]
|
|turn|34
|callback|decision
|
|move|p2a: Xatu|Psychic|p1a: Gligar
|-damage|p1a: Gligar|212\/334
|move|p1a: Gligar|Roost|p1a: Gligar
|-heal|p1a: Gligar|334\/334
|
|turn|35
|callback|decision
|chat|Bobito Garcia|thats all i can do at this point
|
|move|p2a: Xatu|Psychic|p1a: Gligar
|-damage|p1a: Gligar|246\/334
|move|p1a: Gligar|Roost|p1a: Gligar
|-heal|p1a: Gligar|334\/334
|
|turn|36
|callback|decision
|
|move|p2a: Xatu|Psychic|p1a: Gligar
|-damage|p1a: Gligar|243\/334
|move|p1a: Gligar|Toxic|p2a: Xatu
|move|p2a: Xatu|Toxic|p1a: Gligar|[from]Magic Bounce
|-fail|p1a: Gligar
|
|turn|37
|callback|decision
|join|Scorpia
|
|move|p2a: Xatu|Psychic|p1a: Gligar
|-damage|p1a: Gligar|155\/334
|move|p1a: Gligar|Roost|p1a: Gligar
|-heal|p1a: Gligar|322\/334
|
|turn|38
|callback|decision
|
|move|p2a: Xatu|Psychic|p1a: Gligar
|-damage|p1a: Gligar|237\/334
|move|p1a: Gligar|Toxic|p2a: Xatu
|move|p2a: Xatu|Toxic|p1a: Gligar|[from]Magic Bounce
|-fail|p1a: Gligar
|
|turn|39
|callback|decision
|
|move|p2a: Xatu|Psychic|p1a: Gligar
|-damage|p1a: Gligar|149\/334
|move|p1a: Gligar|Roost|p1a: Gligar
|-heal|p1a: Gligar|316\/334
|
|turn|40
|callback|decision
|join|73510a
|
|move|p2a: Xatu|Psychic|p1a: Gligar
|-damage|p1a: Gligar|232\/334
|move|p1a: Gligar|Roost|p1a: Gligar
|-heal|p1a: Gligar|334\/334
|
|turn|41
|callback|decision
|join|Lixiaolong
|leave|73510a
|
|move|p2a: Xatu|Psychic|p1a: Gligar
|-damage|p1a: Gligar|252\/334
|move|p1a: Gligar|Toxic|p2a: Xatu
|move|p2a: Xatu|Toxic|p1a: Gligar|[from]Magic Bounce
|-fail|p1a: Gligar
|
|turn|42
|callback|decision
|
|switch|p2a: Qwilfish|Qwilfish, M|297\/333
|-ability|p2a: Qwilfish|Intimidate|[of] p1a: Gligar
|-unboost|p1a: Gligar|atk|1
|move|p1a: Gligar|Toxic|p2a: Qwilfish
|-fail|p2a: Qwilfish
|
|-heal|p2a: Qwilfish|317\/333|[from] item: Leftovers
|turn|43
|callback|decision
|
|move|p2a: Qwilfish|Taunt|p1a: Gligar
|-start|p1a: Gligar|move: Taunt
|move|p1a: Gligar|Earthquake|p2a: Qwilfish
|-supereffective|p2a: Qwilfish
|-damage|p2a: Qwilfish|201\/333
|
|-heal|p2a: Qwilfish|221\/333|[from] item: Leftovers
|turn|44
|callback|decision
|
|move|p2a: Qwilfish|Waterfall|p1a: Gligar
|-supereffective|p1a: Gligar
|-damage|p1a: Gligar|168\/334
|move|p1a: Gligar|Earthquake|p2a: Qwilfish
|-crit|p2a: Qwilfish
|-supereffective|p2a: Qwilfish
|-damage|p2a: Qwilfish|0 fnt
|faint|p2a: Qwilfish
|
|callback|decision
|chat|Bobito Garcia|at least i got one xD
|
|switch|p2a: Xatu|Xatu, M|333\/333
|turn|45
|callback|decision
|
|switch|p1a: Mienshao|Mienshao, M|271\/271
|-damage|p1a: Mienshao|255\/271|[from] Stealth Rock
|-damage|p1a: Mienshao|222\/271|[from] Spikes
|move|p2a: Xatu|Psychic|p1a: Mienshao
|-supereffective|p1a: Mienshao
|-damage|p1a: Mienshao|0 fnt
|faint|p1a: Mienshao
|
|callback|decision
|leave|Lixiaolong
|
|switch|p1a: Gligar|Gligar, M|168\/334
|-damage|p1a: Gligar|127\/334|[from] Stealth Rock
|turn|46
|callback|decision
|
|switch|p2a: Cofagrigus|Cofagrigus, M|319\/319
|move|p1a: Gligar|Roost|p1a: Gligar
|-heal|p1a: Gligar|294\/334
|
|turn|47
|callback|decision
|
|move|p1a: Gligar|Toxic|p2a: Cofagrigus
|-status|p2a: Cofagrigus|tox
|move|p2a: Cofagrigus|Will-O-Wisp|p1a: Gligar
|-status|p1a: Gligar|brn
|
|-damage|p1a: Gligar|253\/334 brn|[from] brn
|-damage|p2a: Cofagrigus|300\/319 tox|[from] psn
|turn|48
|callback|decision
|join|eioenfjf
|
|move|p1a: Gligar|Stealth Rock|p2a: Cofagrigus
|-sidestart|p2: Sweep|move: Stealth Rock
|move|p2a: Cofagrigus|Shadow Ball|p1a: Gligar
|-damage|p1a: Gligar|169\/334 brn
|
|-heal|p2a: Cofagrigus|319\/319 tox|[from] item: Leftovers
|-damage|p1a: Gligar|128\/334 brn|[from] brn
|-damage|p2a: Cofagrigus|281\/319 tox|[from] psn
|turn|49
|callback|decision
|
|move|p1a: Gligar|Roost|p1a: Gligar
|-heal|p1a: Gligar|295\/334 brn
|move|p2a: Cofagrigus|Shadow Ball|p1a: Gligar
|-damage|p1a: Gligar|208\/334 brn
|
|-heal|p2a: Cofagrigus|300\/319 tox|[from] item: Leftovers
|-damage|p1a: Gligar|167\/334 brn|[from] brn
|-damage|p2a: Cofagrigus|243\/319 tox|[from] psn
|turn|50
|callback|decision
|
|move|p1a: Gligar|Earthquake|p2a: Cofagrigus
|-damage|p2a: Cofagrigus|212\/319 tox
|move|p2a: Cofagrigus|Shadow Ball|p1a: Gligar
|-damage|p1a: Gligar|86\/334 brn
|
|-heal|p2a: Cofagrigus|231\/319 tox|[from] item: Leftovers
|-damage|p1a: Gligar|45\/334 brn|[from] brn
|-damage|p2a: Cofagrigus|155\/319 tox|[from] psn
|turn|51
|callback|decision
|
|switch|p2a: Snorlax|Snorlax, F|296\/524
|-damage|p2a: Snorlax|231\/524|[from] Stealth Rock
|move|p1a: Gligar|Stealth Rock|p2a: Snorlax
|-fail|p2a: Snorlax
|
|-damage|p1a: Gligar|4\/334 brn|[from] brn
|turn|52
|callback|decision
|chat|Bobito Garcia|gg
|
|move|p1a: Gligar|Stealth Rock|p2a: Snorlax
|-fail|p2a: Snorlax
|move|p2a: Snorlax|Ice Punch|p1a: Gligar
|-supereffective|p1a: Gligar
|-damage|p1a: Gligar|0 fnt
|faint|p1a: Gligar
|
|win|Sweep
|raw|Ladder updating...
|chat|Sweep|gg
|raw|Bobito Garcia's rating: 1880 &rarr; <strong>1850<\/strong><br \/>(-30 for losing)
|raw|Sweep's rating: 2088 &rarr; <strong>2095<\/strong><br \/>(+7 for winning)
|leave|jvuvuv