|join|Fluff Fluff
|join|Bobito Garcia
|player|p1|Fluff Fluff|277
|player|p2|Bobito Garcia|214
|gametype|singles
|gen|6
|tier|UU
|rated
|rule|Sleep Clause Mod: Limit one foe put to sleep
|rule|Species Clause: Limit one of each PokÃ©mon
|rule|OHKO Clause: OHKO moves are banned
|rule|Moody Clause: Moody is banned
|rule|Evasion Moves Clause: Evasion moves are banned
|rule|Endless Battle Clause: Forcing endless battles is banned
|rule|HP Percentage Mod: HP is shown in percentages
|clearpoke
|poke|p1|Ampharos, F
|poke|p1|Swampert, M
|poke|p1|Sawk, M
|poke|p1|Whimsicott, F
|poke|p1|Gourgeist-*, M
|poke|p1|Slurpuff, M
|poke|p2|Darmanitan, M
|poke|p2|Suicune
|poke|p2|Zygarde
|poke|p2|Forretress, M
|poke|p2|Alakazam, M
|poke|p2|Mienshao, F
|rule|Swagger Clause: Swagger is banned
|rule|Baton Pass Clause: Limit one PokÃ©mon knowing Baton Pass
|teampreview
|
|start
|switch|p1a: Creampuff|Slurpuff, M|306\/306
|switch|p2a: Darmanitan|Darmanitan, M|351\/351
|turn|1
|
|switch|p1a: Bruce|Swampert, M|404\/404
|move|p2a: Darmanitan|Flare Blitz|p1a: Bruce
|-resisted|p1a: Bruce
|-damage|p1a: Bruce|184\/404
|-damage|p2a: Darmanitan|278\/351|[from] recoil|[of] p1a: Bruce
|
|turn|2
|
|move|p2a: Darmanitan|Flare Blitz|p1a: Bruce
|-resisted|p1a: Bruce
|-damage|p1a: Bruce|0 fnt
|-damage|p2a: Darmanitan|217\/351|[from] recoil|[of] p1a: Bruce
|faint|p1a: Bruce
|
|
|switch|p1a: Sock|Sawk, M|291\/291
|turn|3
|
|switch|p2a: Forretress|Forretress, M|354\/354
|move|p1a: Sock|Earthquake|p2a: Forretress
|-damage|p2a: Forretress|246\/354
|
|-heal|p2a: Forretress|268\/354|[from] item: Leftovers
|turn|4
|
|switch|p1a: Creampuff|Slurpuff, M|306\/306
|move|p2a: Forretress|Stealth Rock|p1a: Creampuff
|-sidestart|p1: Fluff Fluff|move: Stealth Rock
|
|-heal|p2a: Forretress|290\/354|[from] item: Leftovers
|turn|5
|
|move|p1a: Creampuff|Flamethrower|p2a: Forretress
|-supereffective|p2a: Forretress
|-damage|p2a: Forretress|0 fnt
|faint|p2a: Forretress
|
|
|switch|p2a: Darmanitan|Darmanitan, M|217\/351
|turn|6
|
|move|p2a: Darmanitan|Flare Blitz|p1a: Creampuff
|-damage|p1a: Creampuff|0 fnt
|-damage|p2a: Darmanitan|116\/351|[from] recoil|[of] p1a: Creampuff
|faint|p1a: Creampuff
|
|-message|Fluff Fluff forfeited.
|
|win|Bobito Garcia
|raw|Ladder updating...
|leave|Fluff Fluff
|player|p1
|raw|Fluff Fluff's rating: 1206 &rarr; <strong>1178<\/strong><br \/>(-28 for losing)
|raw|Bobito Garcia's rating: 1167 &rarr; <strong>1195<\/strong><br \/>(+28 for winning)