|join|hegemoth
|join|Avi42
|player|p1|hegemoth|1
|player|p2|Avi42|163
|gametype|singles
|tier|OU (current)
|rated
|rule|Evasion Abilities Clause: Evasion abilities are banned
|clearpoke
|poke|p1|Breloom, M
|poke|p1|Mamoswine, F
|poke|p1|Dragonite, M
|poke|p1|Steelix, M
|poke|p1|Volcarona, F
|poke|p1|Empoleon, F
|poke|p2|Dugtrio, M
|poke|p2|Weavile, M
|poke|p2|Metagross
|poke|p2|Hydreigon, F
|poke|p2|Gliscor, M
|poke|p2|Tentacruel, F
|rule|Sleep Clause Mod: Limit one foe put to sleep
|rule|Species Clause: Limit one of each Pokemon
|rule|OHKO Clause: OHKO moves are banned
|rule|Moody Clause: Moody is banned
|rule|Evasion Moves Clause: Evasion moves are banned
|rule|HP Percentage Mod: HP is reported as percentages
|teampreview
|callback|decision
|join|41k
|
|start
|switch|p1a: Mamoswine|Mamoswine, F|362\/362
|switch|p2a: Weavile|Weavile, M|281\/281
|turn|1
|callback|decision
|
|move|p2a: Weavile|Low Kick|p1a: Mamoswine
|-crit|p1a: Mamoswine
|-supereffective|p1a: Mamoswine
|-enditem|p1a: Mamoswine|Focus Sash
|-damage|p1a: Mamoswine|1\/362
|move|p1a: Mamoswine|Earthquake|p2a: Weavile
|-damage|p2a: Weavile|8\/281
|
|turn|2
|callback|decision
|
|switch|p1a: Volcarona|Volcarona, F|312\/312
|move|p2a: Weavile|Ice Shard|p1a: Volcarona
|-resisted|p1a: Volcarona
|-damage|p1a: Volcarona|264\/312
|
|turn|3
|callback|decision
|
|switch|p2a: Tentacruel|Tentacruel, F|359\/359
|move|p1a: Volcarona|Quiver Dance|p1a: Volcarona
|-boost|p1a: Volcarona|spa|1
|-boost|p1a: Volcarona|spd|1
|-boost|p1a: Volcarona|spe|1
|
|turn|4
|callback|decision
|
|move|p1a: Volcarona|Fire Blast|p2a: Tentacruel
|-resisted|p2a: Tentacruel
|-damage|p2a: Tentacruel|221\/359
|-damage|p1a: Volcarona|233\/312|[from] item: Life Orb
|move|p2a: Tentacruel|Toxic|p1a: Volcarona
|-status|p1a: Volcarona|tox
|
|-heal|p2a: Tentacruel|243\/359|[from] item: Leftovers
|-damage|p1a: Volcarona|214\/312 tox|[from] psn
|turn|5
|callback|decision
|
|move|p2a: Tentacruel|Protect|p2a: Tentacruel
|-singleturn|p2a: Tentacruel|Protect
|move|p1a: Volcarona|Quiver Dance|p1a: Volcarona
|-boost|p1a: Volcarona|spa|1
|-boost|p1a: Volcarona|spd|1
|-boost|p1a: Volcarona|spe|1
|
|-heal|p2a: Tentacruel|265\/359|[from] item: Leftovers
|-damage|p1a: Volcarona|176\/312 tox|[from] psn
|turn|6
|callback|decision
|
|move|p1a: Volcarona|Fire Blast|p2a: Tentacruel
|-resisted|p2a: Tentacruel
|-damage|p2a: Tentacruel|64\/359
|-damage|p1a: Volcarona|145\/312 tox|[from] item: Life Orb
|move|p2a: Tentacruel|Scald|p1a: Volcarona
|-supereffective|p1a: Volcarona
|-damage|p1a: Volcarona|59\/312 tox
|
|-heal|p2a: Tentacruel|86\/359|[from] item: Leftovers
|-damage|p1a: Volcarona|2\/312 tox|[from] psn
|turn|7
|callback|decision
|
|switch|p1a: Dragonite|Dragonite, M|363\/363
|move|p2a: Tentacruel|Protect|p2a: Tentacruel
|-fail|p2a: Tentacruel
|
|-heal|p2a: Tentacruel|108\/359|[from] item: Leftovers
|turn|8
|callback|decision
|
|move|p2a: Tentacruel|Toxic|p1a: Dragonite
|-status|p1a: Dragonite|tox
|-enditem|p1a: Dragonite|Lum Berry|[eat]
|-curestatus|p1a: Dragonite|tox
|move|p1a: Dragonite|Dragon Dance|p1a: Dragonite
|-boost|p1a: Dragonite|atk|1
|-boost|p1a: Dragonite|spe|1
|
|-heal|p2a: Tentacruel|130\/359|[from] item: Leftovers
|turn|9
|callback|decision
|
|move|p1a: Dragonite|ExtremeSpeed|p2a: Tentacruel
|-damage|p2a: Tentacruel|0 fnt
|faint|p2a: Tentacruel
|
|callback|decision
|
|switch|p2a: Gliscor|Gliscor, M|354\/354
|turn|10
|callback|decision
|
|move|p1a: Dragonite|Dragon Dance|p1a: Dragonite
|-boost|p1a: Dragonite|atk|1
|-boost|p1a: Dragonite|spe|1
|move|p2a: Gliscor|Toxic|p1a: Dragonite
|-status|p1a: Dragonite|tox
|
|-damage|p1a: Dragonite|341\/363 tox|[from] psn
|-activate|p2a: Gliscor|item: Toxic Orb
|-status|p2a: Gliscor|tox
|turn|11
|callback|decision
|
|move|p1a: Dragonite|Outrage|p2a: Gliscor
|-crit|p2a: Gliscor
|-damage|p2a: Gliscor|0 fnt
|faint|p2a: Gliscor
|
|-damage|p1a: Dragonite|297\/363 tox|[from] psn
|callback|decision
|
|switch|p2a: Weavile|Weavile, M|8\/281
|turn|12
|callback|decision
|
|move|p2a: Weavile|Ice Shard|p1a: Dragonite
|-supereffective|p1a: Dragonite
|-damage|p1a: Dragonite|5\/363 tox
|move|p1a: Dragonite|Outrage|p2a: Weavile
|-damage|p2a: Weavile|0 fnt
|faint|p2a: Weavile
|
|-damage|p1a: Dragonite|0 fnt|[from] psn
|faint|p1a: Dragonite
|callback|decision
|chat|hegemoth|lol uninvested
|chat|hegemoth|or what
|
|switch|p1a: Empoleon|Empoleon, F|310\/310
|switch|p2a: Metagross|Metagross|364\/364
|turn|13
|callback|decision
|
|move|p1a: Empoleon|Hydro Pump|p2a: Metagross
|-damage|p2a: Metagross|132\/364
|move|p2a: Metagross|Earthquake|p1a: Empoleon
|-supereffective|p1a: Empoleon
|-damage|p1a: Empoleon|26\/310
|-enditem|p1a: Empoleon|Petaya Berry|[eat]
|-boost|p1a: Empoleon|spa|1|[from] item: Petaya Berry
|
|-heal|p2a: Metagross|154\/364|[from] item: Leftovers
|turn|14
|callback|decision
|
|move|p2a: Metagross|Bullet Punch|p1a: Empoleon
|-resisted|p1a: Empoleon
|-damage|p1a: Empoleon|5\/310
|move|p1a: Empoleon|Hydro Pump|p2a: Metagross|[miss]
|-miss|p1a: Empoleon|p2a: Metagross
|
|-heal|p2a: Metagross|176\/364|[from] item: Leftovers
|turn|15
|callback|decision
|
|switch|p1a: Volcarona|Volcarona, F|2\/312 tox
|move|p2a: Metagross|Bullet Punch|p1a: Volcarona
|-crit|p1a: Volcarona
|-resisted|p1a: Volcarona
|-damage|p1a: Volcarona|0 fnt
|-status|p2a: Metagross|brn
|faint|p1a: Volcarona
|
|-heal|p2a: Metagross|198\/364 brn|[from] item: Leftovers
|-damage|p2a: Metagross|153\/364 brn|[from] brn
|callback|decision
|
|switch|p1a: Steelix|Steelix, M|354\/354
|turn|16
|callback|decision
|
|move|p2a: Metagross|Earthquake|p1a: Steelix
|-supereffective|p1a: Steelix
|-damage|p1a: Steelix|280\/354
|move|p1a: Steelix|Curse|p1a: Steelix
|-boost|p1a: Steelix|atk|1
|-boost|p1a: Steelix|def|1
|-unboost|p1a: Steelix|spe|1
|
|-heal|p2a: Metagross|175\/364 brn|[from] item: Leftovers
|-damage|p2a: Metagross|130\/364 brn|[from] brn
|turn|17
|callback|decision
|
|switch|p2a: Hydreigon|Hydreigon, F|326\/326
|move|p1a: Steelix|Curse|p1a: Steelix
|-boost|p1a: Steelix|atk|1
|-boost|p1a: Steelix|def|1
|-unboost|p1a: Steelix|spe|1
|
|turn|18
|callback|decision
|
|move|p2a: Hydreigon|Substitute|p2a: Hydreigon
|-start|p2a: Hydreigon|Substitute
|-damage|p2a: Hydreigon|245\/326
|move|p1a: Steelix|Gyro Ball|p2a: Hydreigon
|-end|p2a: Hydreigon|Substitute
|
|-heal|p2a: Hydreigon|265\/326|[from] item: Leftovers
|turn|19
|callback|decision
|
|move|p2a: Hydreigon|Fire Blast|p1a: Steelix|[miss]
|-miss|p2a: Hydreigon|p1a: Steelix
|move|p1a: Steelix|Gyro Ball|p2a: Hydreigon
|-damage|p2a: Hydreigon|0 fnt
|faint|p2a: Hydreigon
|
|callback|decision
|
|switch|p2a: Dugtrio|Dugtrio, M|212\/212
|turn|20
|callback|decision
|
|move|p2a: Dugtrio|Final Gambit|p1a: Steelix
|-damage|p1a: Steelix|68\/354
|faint|p2a: Dugtrio
|move|p1a: Steelix|Curse|p1a: Steelix
|-boost|p1a: Steelix|atk|1
|-boost|p1a: Steelix|def|1
|-unboost|p1a: Steelix|spe|1
|
|callback|decision
|
|switch|p2a: Metagross|Metagross|130\/364 brn
|turn|21
|callback|decision
|
|move|p2a: Metagross|Earthquake|p1a: Steelix
|-supereffective|p1a: Steelix
|-damage|p1a: Steelix|40\/354
|move|p1a: Steelix|Rest|p1a: Steelix
|-status|p1a: Steelix|slp
|-heal|p1a: Steelix|354\/354 slp|[silent]
|-status|p1a: Steelix|slp|[from] move: Rest
|-enditem|p1a: Steelix|Chesto Berry|[eat]
|-curestatus|p1a: Steelix|slp
|
|-heal|p2a: Metagross|152\/364 brn|[from] item: Leftovers
|-damage|p2a: Metagross|107\/364 brn|[from] brn
|turn|22
|callback|decision
|chat|Avi42|gg
|chat|hegemoth|gg
|-message|Avi42 forfeited.
|
|win|hegemoth
|raw|Ladder updating...
|raw|hegemoth's rating: 1847 &rarr; <strong>1850<\/strong><br \/>(+3 for winning)
|raw|Avi42's rating: 1720 &rarr; <strong>1715<\/strong><br \/>(-5 for losing)
|leave|Avi42
|player|p2