|join|ImaDuck
|join|Avi42
|player|p1|ImaDuck|126
|player|p2|Avi42|92
|gametype|singles
|tier|OU (current)
|rated
|rule|Evasion Abilities Clause: Evasion abilities are banned
|clearpoke
|poke|p1|Tyranitar, F
|poke|p1|Magnezone, shiny
|poke|p1|Latios, M
|poke|p1|Mamoswine, M
|poke|p1|Ferrothorn, M
|poke|p1|Landorus-Therian, M
|poke|p2|Mamoswine, M
|poke|p2|Scizor, F
|poke|p2|Kyurem-Black
|poke|p2|Alakazam, M
|poke|p2|Gliscor, M
|poke|p2|Tentacruel, F
|rule|Sleep Clause Mod: Limit one foe put to sleep
|rule|Species Clause: Limit one of each Pokemon
|rule|OHKO Clause: OHKO moves are banned
|rule|Moody Clause: Moody is banned
|rule|Evasion Moves Clause: Evasion moves are banned
|rule|HP Percentage Mod: HP is reported as percentages
|teampreview
|callback|decision
|
|start
|switch|p1a: chris bosh|Tyranitar, F|404\/404
|switch|p2a: Mamoswine|Mamoswine, M|423\/423
|-weather|Sandstorm|[from] ability: Sand Stream|[of] p1a: chris bosh
|turn|1
|callback|decision
|
|move|p2a: Mamoswine|Stealth Rock|p1a: chris bosh
|-sidestart|p1: ImaDuck|move: Stealth Rock
|move|p1a: chris bosh|Crunch|p2a: Mamoswine
|-damage|p2a: Mamoswine|245\/423
|
|-weather|Sandstorm|[upkeep]
|turn|2
|callback|decision
|
|move|p2a: Mamoswine|Earthquake|p1a: chris bosh
|-supereffective|p1a: chris bosh
|-damage|p1a: chris bosh|30\/404
|move|p1a: chris bosh|Crunch|p2a: Mamoswine
|-damage|p2a: Mamoswine|67\/423
|-unboost|p2a: Mamoswine|def|1
|
|-weather|Sandstorm|[upkeep]
|-heal|p1a: chris bosh|55\/404|[from] item: Leftovers
|turn|3
|callback|decision
|
|move|p2a: Mamoswine|Earthquake|p1a: chris bosh
|-supereffective|p1a: chris bosh
|-damage|p1a: chris bosh|0 fnt
|faint|p1a: chris bosh
|
|-weather|Sandstorm|[upkeep]
|callback|decision
|
|switch|p1a: kendrick|Ferrothorn, M|352\/352
|-damage|p1a: kendrick|330\/352|[from] Stealth Rock
|turn|4
|callback|decision
|
|move|p2a: Mamoswine|Endeavor|p1a: kendrick
|-damage|p1a: kendrick|67\/352
|-damage|p2a: Mamoswine|15\/423|[from] ability: Iron Barbs|[of] p1a: kendrick
|-damage|p2a: Mamoswine|0 fnt|[from] item: Rocky Helmet|[of] p1a: kendrick
|faint|p2a: Mamoswine
|move|p1a: kendrick|Gyro Ball|p2: Mamoswine|[notarget]
|-notarget
|
|-weather|Sandstorm|[upkeep]
|callback|decision
|
|switch|p2a: Alakazam|Alakazam, M|252\/252
|turn|5
|callback|decision
|
|switch|p1a: paul george|Landorus-Therian, M|320\/320
|-damage|p1a: paul george|280\/320|[from] Stealth Rock
|-ability|p1a: paul george|Intimidate|[of] p2a: Alakazam
|-unboost|p2a: Alakazam|atk|1
|move|p2a: Alakazam|Hidden Power|p1a: paul george
|-damage|p1a: paul george|170\/320
|
|-weather|Sandstorm|[upkeep]
|turn|6
|callback|decision
|
|move|p1a: paul george|U-turn|p2a: Alakazam
|-supereffective|p2a: Alakazam
|-enditem|p2a: Alakazam|Focus Sash
|-damage|p2a: Alakazam|1\/252
|callback|decision
|
|switch|p1a: Zach|Mamoswine, M|424\/424
|-damage|p1a: Zach|371\/424|[from] Stealth Rock
|move|p2a: Alakazam|Psyshock|p1a: Zach
|-damage|p1a: Zach|188\/424
|
|-weather|Sandstorm|[upkeep]
|turn|7
|callback|decision
|
|switch|p2a: Scizor|Scizor, F|343\/343
|move|p1a: Zach|Stealth Rock|p2a: Scizor
|-sidestart|p2: Avi42|move: Stealth Rock
|
|-weather|Sandstorm|[upkeep]
|turn|8
|callback|decision
|
|switch|p1a: kendrick|Ferrothorn, M|67\/352
|-damage|p1a: kendrick|45\/352|[from] Stealth Rock
|move|p2a: Scizor|Swords Dance|p2a: Scizor
|-boost|p2a: Scizor|atk|2
|
|-weather|Sandstorm|[upkeep]
|turn|9
|callback|decision
|
|move|p2a: Scizor|Bug Bite|p1a: kendrick
|-damage|p1a: kendrick|0 fnt
|-damage|p2a: Scizor|301\/343|[from] ability: Iron Barbs|[of] p1a: kendrick
|-damage|p2a: Scizor|244\/343|[from] item: Rocky Helmet|[of] p1a: kendrick
|faint|p1a: kendrick
|
|-weather|Sandstorm|[upkeep]
|-heal|p2a: Scizor|265\/343|[from] item: Leftovers
|callback|decision
|
|switch|p1a: david west|Magnezone, shiny|344\/344
|-damage|p1a: david west|323\/344|[from] Stealth Rock
|turn|10
|callback|decision
|
|move|p2a: Scizor|Swords Dance|p2a: Scizor
|-boost|p2a: Scizor|atk|2
|move|p1a: david west|Hidden Power|p2a: Scizor
|-supereffective|p2a: Scizor
|-damage|p2a: Scizor|0 fnt
|faint|p2a: Scizor
|
|-weather|Sandstorm|[upkeep]
|callback|decision
|
|switch|p2a: Alakazam|Alakazam, M|1\/252
|turn|11
|callback|decision
|
|move|p2a: Alakazam|Hidden Power|p1a: david west
|-supereffective|p1a: david west
|-damage|p1a: david west|135\/344
|move|p1a: david west|Hidden Power|p2a: Alakazam
|-damage|p2a: Alakazam|0 fnt
|faint|p2a: Alakazam
|
|-weather|Sandstorm|[upkeep]
|callback|decision
|
|switch|p2a: Tentacruel|Tentacruel, F|364\/364
|-damage|p2a: Tentacruel|319\/364|[from] Stealth Rock
|turn|12
|callback|decision
|
|switch|p1a: Kobe|Latios, M|302\/302
|-damage|p1a: Kobe|265\/302|[from] Stealth Rock
|move|p2a: Tentacruel|Rapid Spin|p1a: Kobe
|-damage|p1a: Kobe|251\/302
|-sideend|p2: Avi42|Stealth Rock|[from] move: Rapid Spin|[of] p2a: Tentacruel
|
|-weather|Sandstorm|[upkeep]
|-damage|p1a: Kobe|233\/302|[from] sandstorm
|-damage|p2a: Tentacruel|297\/364|[from] sandstorm
|-heal|p2a: Tentacruel|319\/364|[from] item: Black Sludge
|turn|13
|callback|decision
|
|move|p1a: Kobe|Psyshock|p2a: Tentacruel
|-supereffective|p2a: Tentacruel
|-damage|p2a: Tentacruel|0 fnt
|-damage|p1a: Kobe|203\/302|[from] item: Life Orb
|faint|p2a: Tentacruel
|
|-weather|Sandstorm|[upkeep]
|-damage|p1a: Kobe|185\/302|[from] sandstorm
|callback|decision
|
|switch|p2a: Kyurem-Black|Kyurem-Black|392\/392
|-ability|p2a: Kyurem-Black|Teravolt
|turn|14
|callback|decision
|
|switch|p1a: david west|Magnezone, shiny|135\/344
|-damage|p1a: david west|114\/344|[from] Stealth Rock
|move|p2a: Kyurem-Black|Outrage|p1a: david west
|-resisted|p1a: david west
|-damage|p1a: david west|0 fnt
|faint|p1a: david west
|
|-weather|Sandstorm|[upkeep]
|-damage|p2a: Kyurem-Black|368\/392|[from] sandstorm
|callback|decision
|
|switch|p1a: paul george|Landorus-Therian, M|170\/320
|-damage|p1a: paul george|130\/320|[from] Stealth Rock
|-ability|p1a: paul george|Intimidate|[of] p2a: Kyurem-Black
|-unboost|p2a: Kyurem-Black|atk|1
|turn|15
|callback|decision
|
|move|p1a: paul george|Superpower|p2a: Kyurem-Black
|-supereffective|p2a: Kyurem-Black
|-damage|p2a: Kyurem-Black|80\/392
|-unboost|p1a: paul george|atk|1
|-unboost|p1a: paul george|def|1
|move|p2a: Kyurem-Black|Outrage|p1a: paul george
|-damage|p1a: paul george|0 fnt
|faint|p1a: paul george
|
|-end|p2a: Kyurem-Black|rampage
|-start|p2a: Kyurem-Black|confusion
|-weather|Sandstorm|[upkeep]
|-damage|p2a: Kyurem-Black|56\/392|[from] sandstorm
|callback|decision
|
|switch|p1a: Zach|Mamoswine, M|188\/424
|-damage|p1a: Zach|135\/424|[from] Stealth Rock
|turn|16
|callback|decision
|
|switch|p2a: Gliscor|Gliscor, M|354\/354
|move|p1a: Zach|Ice Shard|p2a: Gliscor
|-supereffective|p2a: Gliscor
|-damage|p2a: Gliscor|78\/354
|-damage|p1a: Zach|93\/424|[from] item: Life Orb
|
|-weather|Sandstorm|[upkeep]
|-activate|p2a: Gliscor|item: Toxic Orb
|-status|p2a: Gliscor|tox
|turn|17
|callback|decision
|
|move|p2a: Gliscor|Protect|p2a: Gliscor
|-singleturn|p2a: Gliscor|Protect
|move|p1a: Zach|Ice Shard|p2a: Gliscor
|-activate|p2a: Gliscor|Protect
|
|-weather|Sandstorm|[upkeep]
|-heal|p2a: Gliscor|122\/354 tox|[from] ability: Poison Heal
|turn|18
|callback|decision
|
|move|p1a: Zach|Ice Shard|p2a: Gliscor
|-supereffective|p2a: Gliscor
|-damage|p2a: Gliscor|0 fnt
|-damage|p1a: Zach|51\/424|[from] item: Life Orb
|faint|p2a: Gliscor
|
|-weather|Sandstorm|[upkeep]
|callback|decision
|
|switch|p2a: Kyurem-Black|Kyurem-Black|56\/392
|-ability|p2a: Kyurem-Black|Teravolt
|turn|19
|callback|decision
|
|move|p1a: Zach|Ice Shard|p2a: Kyurem-Black
|-damage|p2a: Kyurem-Black|0 fnt
|-damage|p1a: Zach|9\/424|[from] item: Life Orb
|faint|p2a: Kyurem-Black
|
|win|ImaDuck
|raw|Ladder updating...
|raw|ImaDuck's rating: 1735 &rarr; <strong>1755<\/strong><br \/>(+20 for winning)
|raw|Avi42's rating: 1737 &rarr; <strong>1730<\/strong><br \/>(-7 for losing)
|chat|Avi42|gg
|chat|ImaDuck|gg