|join|Avi42
|join|ancalagon Z
|player|p1|Avi42|92
|player|p2|ancalagon Z|209
|gametype|singles
|tier|OU (current)
|rated
|rule|Evasion Abilities Clause: Evasion abilities are banned
|clearpoke
|poke|p1|Mamoswine, M
|poke|p1|Dragonite, M
|poke|p1|Kyurem-Black
|poke|p1|Jolteon, F
|poke|p1|Gliscor, M
|poke|p1|Tentacruel, F
|poke|p2|Sceptile, M
|poke|p2|Metagross
|poke|p2|Weavile, M
|poke|p2|Garchomp, F
|poke|p2|Gengar, M
|poke|p2|Infernape, M
|rule|Sleep Clause Mod: Limit one foe put to sleep
|rule|Species Clause: Limit one of each Pokemon
|rule|OHKO Clause: OHKO moves are banned
|rule|Moody Clause: Moody is banned
|rule|Evasion Moves Clause: Evasion moves are banned
|rule|HP Percentage Mod: HP is reported as percentages
|teampreview
|callback|decision
|
|start
|switch|p1a: Mamoswine|Mamoswine, M|423\/423
|switch|p2a: Lucius|Gengar, M|262\/262
|turn|1
|callback|decision
|
|move|p2a: Lucius|Focus Blast|p1a: Mamoswine
|-supereffective|p1a: Mamoswine
|-damage|p1a: Mamoswine|7\/423
|-unboost|p1a: Mamoswine|spd|1
|move|p1a: Mamoswine|Stealth Rock|p2a: Lucius
|-sidestart|p2: ancalagon Z|move: Stealth Rock
|
|turn|2
|callback|decision
|
|switch|p1a: Tentacruel|Tentacruel, F|364\/364
|move|p2a: Lucius|Dark Pulse|p1a: Tentacruel
|-damage|p1a: Tentacruel|302\/364
|
|-heal|p1a: Tentacruel|324\/364|[from] item: Black Sludge
|turn|3
|callback|decision
|
|move|p2a: Lucius|Thunderbolt|p1a: Tentacruel
|-supereffective|p1a: Tentacruel
|-damage|p1a: Tentacruel|168\/364
|move|p1a: Tentacruel|Scald|p2a: Lucius
|-damage|p2a: Lucius|171\/262
|
|-heal|p1a: Tentacruel|190\/364|[from] item: Black Sludge
|turn|4
|callback|decision
|
|move|p1a: Tentacruel|Protect|p1a: Tentacruel
|-singleturn|p1a: Tentacruel|Protect
|move|p2a: Lucius|Psychic|p1a: Tentacruel
|-activate|p1a: Tentacruel|Protect
|
|-heal|p1a: Tentacruel|212\/364|[from] item: Black Sludge
|turn|5
|callback|decision
|
|switch|p1a: Jolteon|Jolteon, F|272\/272
|move|p2a: Lucius|Psychic|p1a: Jolteon
|-crit|p1a: Jolteon
|-damage|p1a: Jolteon|50\/272
|
|turn|6
|callback|decision
|
|switch|p2a: Changoleon|Infernape, M|292\/292
|-damage|p2a: Changoleon|256\/292|[from] Stealth Rock
|move|p1a: Jolteon|Volt Switch|p2a: Changoleon
|-damage|p2a: Changoleon|31\/292
|callback|decision
|
|switch|p1a: Mamoswine|Mamoswine, M|7\/423
|
|turn|7
|callback|decision
|
|move|p2a: Changoleon|Mach Punch|p1a: Mamoswine
|-enditem|p2a: Changoleon|Fighting Gem|[from] gem|[move] Mach Punch
|-supereffective|p1a: Mamoswine
|-damage|p1a: Mamoswine|0 fnt
|faint|p1a: Mamoswine
|
|callback|decision
|
|switch|p1a: Dragonite|Dragonite, M|323\/323
|turn|8
|callback|decision
|
|move|p1a: Dragonite|ExtremeSpeed|p2a: Changoleon
|-damage|p2a: Changoleon|0 fnt
|faint|p2a: Changoleon
|
|callback|decision
|
|switch|p2a: Amy|Garchomp, F|358\/358
|-damage|p2a: Amy|336\/358|[from] Stealth Rock
|turn|9
|callback|decision
|
|switch|p1a: Gliscor|Gliscor, M|354\/354
|move|p2a: Amy|Dragon Claw|p1a: Gliscor
|-damage|p1a: Gliscor|260\/354
|
|-activate|p1a: Gliscor|item: Toxic Orb
|-status|p1a: Gliscor|tox
|turn|10
|callback|decision
|
|move|p1a: Gliscor|Protect|p1a: Gliscor
|-singleturn|p1a: Gliscor|Protect
|move|p2a: Amy|Swords Dance|p2a: Amy
|-boost|p2a: Amy|atk|2
|
|-heal|p1a: Gliscor|304\/354 tox|[from] ability: Poison Heal
|turn|11
|callback|decision
|
|move|p2a: Amy|Dragon Claw|p1a: Gliscor
|-damage|p1a: Gliscor|111\/354 tox
|move|p1a: Gliscor|Ice Fang|p2a: Amy
|-supereffective|p2a: Amy
|-damage|p2a: Amy|136\/358
|-damage|p1a: Gliscor|67\/354 tox|[from] ability: Rough Skin|[of] p2a: Amy
|
|-heal|p1a: Gliscor|111\/354 tox|[from] ability: Poison Heal
|turn|12
|callback|decision
|
|move|p1a: Gliscor|Protect|p1a: Gliscor
|-singleturn|p1a: Gliscor|Protect
|move|p2a: Amy|Dragon Claw|p1a: Gliscor
|-activate|p1a: Gliscor|Protect
|
|-heal|p1a: Gliscor|155\/354 tox|[from] ability: Poison Heal
|turn|13
|callback|decision
|
|switch|p1a: Dragonite|Dragonite, M|323\/323
|move|p2a: Amy|Dragon Claw|p1a: Dragonite
|-supereffective|p1a: Dragonite
|-damage|p1a: Dragonite|0 fnt
|faint|p1a: Dragonite
|
|callback|decision
|chat|ancalagon Z|OOOOOOOH
|
|switch|p1a: Kyurem-Black|Kyurem-Black|392\/392
|-ability|p1a: Kyurem-Black|Teravolt
|turn|14
|callback|decision
|chat|Avi42|that did more than expected
|
|move|p1a: Kyurem-Black|Dragon Claw|p2a: Amy
|-supereffective|p2a: Amy
|-damage|p2a: Amy|0 fnt
|-damage|p1a: Kyurem-Black|343\/392|[from] ability: Rough Skin|[of] p2a: Amy
|faint|p2a: Amy
|
|callback|decision
|
|switch|p2a: Cruz|Metagross|364\/364
|-damage|p2a: Cruz|342\/364|[from] Stealth Rock
|turn|15
|callback|decision
|
|switch|p1a: Gliscor|Gliscor, M|155\/354 tox
|move|p2a: Cruz|Hammer Arm|p1a: Gliscor
|-crit|p1a: Gliscor
|-resisted|p1a: Gliscor
|-damage|p1a: Gliscor|66\/354 tox
|-unboost|p2a: Cruz|spe|1
|
|-heal|p2a: Cruz|364\/364|[from] item: Leftovers
|-heal|p1a: Gliscor|110\/354 tox|[from] ability: Poison Heal
|turn|16
|callback|decision
|
|move|p1a: Gliscor|Protect|p1a: Gliscor
|-singleturn|p1a: Gliscor|Protect
|move|p2a: Cruz|Ice Punch|p1a: Gliscor
|-activate|p1a: Gliscor|Protect
|
|-heal|p1a: Gliscor|154\/354 tox|[from] ability: Poison Heal
|turn|17
|callback|decision
|
|switch|p1a: Tentacruel|Tentacruel, F|212\/364
|move|p2a: Cruz|Ice Punch|p1a: Tentacruel
|-resisted|p1a: Tentacruel
|-damage|p1a: Tentacruel|137\/364
|
|-heal|p1a: Tentacruel|159\/364|[from] item: Black Sludge
|turn|18
|callback|decision
|
|move|p1a: Tentacruel|Scald|p2a: Cruz
|-damage|p2a: Cruz|277\/364
|move|p2a: Cruz|Zen Headbutt|p1a: Tentacruel
|-supereffective|p1a: Tentacruel
|-damage|p1a: Tentacruel|0 fnt
|faint|p1a: Tentacruel
|
|-heal|p2a: Cruz|299\/364|[from] item: Leftovers
|callback|decision
|
|switch|p1a: Jolteon|Jolteon, F|50\/272
|turn|19
|callback|decision
|
|move|p1a: Jolteon|Thunderbolt|p2a: Cruz
|-damage|p2a: Cruz|71\/364
|-status|p2a: Cruz|par
|cant|p2a: Cruz|par
|
|-heal|p2a: Cruz|93\/364 par|[from] item: Leftovers
|turn|20
|callback|decision
|
|move|p1a: Jolteon|Thunderbolt|p2a: Cruz
|-damage|p2a: Cruz|0 fnt
|faint|p2a: Cruz
|
|callback|decision
|
|switch|p2a: Robert|Sceptile, M|282\/282
|-damage|p2a: Robert|247\/282|[from] Stealth Rock
|turn|21
|callback|decision
|
|move|p1a: Jolteon|Thunderbolt|p2a: Robert
|-resisted|p2a: Robert
|-damage|p2a: Robert|109\/282
|move|p2a: Robert|Earthquake|p1a: Jolteon
|-enditem|p2a: Robert|Ground Gem|[from] gem|[move] Earthquake
|-supereffective|p1a: Jolteon
|-damage|p1a: Jolteon|0 fnt
|faint|p1a: Jolteon
|
|callback|decision
|
|switch|p1a: Kyurem-Black|Kyurem-Black|343\/392
|-ability|p1a: Kyurem-Black|Teravolt
|turn|22
|callback|decision
|
|move|p2a: Robert|Rock Slide|p1a: Kyurem-Black
|-supereffective|p1a: Kyurem-Black
|-damage|p1a: Kyurem-Black|199\/392
|cant|p1a: Kyurem-Black|flinch
|
|turn|23
|callback|decision
|
|switch|p1a: Gliscor|Gliscor, M|154\/354 tox
|move|p2a: Robert|Rock Slide|p1a: Gliscor
|-damage|p1a: Gliscor|108\/354 tox
|
|-heal|p1a: Gliscor|152\/354 tox|[from] ability: Poison Heal
|turn|24
|callback|decision
|
|move|p1a: Gliscor|Protect|p1a: Gliscor
|-singleturn|p1a: Gliscor|Protect
|move|p2a: Robert|Swords Dance|p2a: Robert
|-boost|p2a: Robert|atk|2
|
|-heal|p1a: Gliscor|196\/354 tox|[from] ability: Poison Heal
|turn|25
|callback|decision
|
|move|p2a: Robert|Leaf Blade|p1a: Gliscor
|-crit|p1a: Gliscor
|-damage|p1a: Gliscor|0 fnt
|faint|p1a: Gliscor
|
|callback|decision
|
|switch|p1a: Kyurem-Black|Kyurem-Black|199\/392
|-ability|p1a: Kyurem-Black|Teravolt
|turn|26
|callback|decision
|chat|ancalagon Z|OMG
|chat|Avi42|gg
|
|move|p2a: Robert|Rock Slide|p1a: Kyurem-Black
|-supereffective|p1a: Kyurem-Black
|-damage|p1a: Kyurem-Black|0 fnt
|faint|p1a: Kyurem-Black
|
|win|ancalagon Z
|raw|Ladder updating...
|raw|Avi42's rating: 1716 &rarr; <strong>1696<\/strong><br \/>(-20 for losing)
|raw|ancalagon Z's rating: 1556 &rarr; <strong>1678<\/strong><br \/>(+122 for winning)
|chat|ancalagon Z|;)