|join|Syncnor
|join|mudkipboy
|player|p1|Syncnor|25
|player|p2|mudkipboy|169
|gametype|singles
|gen|6
|tier|OU
|rated
|clearpoke
|poke|p1|Rotom-Wash
|poke|p1|Chansey, F
|poke|p1|Quagsire, F
|poke|p1|Skarmory, M
|poke|p1|Azumarill, F
|poke|p1|Venusaur, F
|poke|p2|Altaria, F
|poke|p2|Keldeo-Resolute
|poke|p2|Bisharp, M
|poke|p2|Clefable, M
|poke|p2|Landorus-Therian, M
|poke|p2|Gengar, M
|rule|Swagger Clause: Swagger is banned
|rule|Baton Pass Clause: Limit one PokÃ©mon knowing Baton Pass
|rule|Sleep Clause Mod: Limit one foe put to sleep
|rule|Species Clause: Limit one of each PokÃ©mon
|rule|OHKO Clause: OHKO moves are banned
|rule|Moody Clause: Moody is banned
|rule|Evasion Moves Clause: Evasion moves are banned
|rule|Endless Battle Clause: Forcing endless battles is banned
|rule|HP Percentage Mod: HP is shown in percentages
|teampreview
|c|âSyncnor|gl
|
|start
|switch|p1a: Rotom-Wash|Rotom-Wash|304\/304
|switch|p2a: Gengar|Gengar, M|261\/261
|turn|1
|join|Aydan.o5
|
|switch|p2a: Clefable|Clefable, M|394\/394
|move|p1a: Rotom-Wash|Volt Switch|p2a: Clefable
|-damage|p2a: Clefable|312\/394
|
|switch|p1a: Halion|Venusaur, F|364\/364
|
|-heal|p2a: Clefable|336\/394|[from] item: Leftovers
|turn|2
|c| Aydan.o5|cool
|
|detailschange|p1a: Halion|Venusaur-Mega, F
|-mega|p1a: Halion|Venusaur|Venusaurite
|move|p1a: Halion|Leech Seed|p2a: Clefable
|-start|p2a: Clefable|move: Leech Seed
|move|p2a: Clefable|Soft-Boiled|p2a: Clefable
|-heal|p2a: Clefable|394\/394
|
|turn|3
|c|âmudkipboy|gl
|
|move|p1a: Halion|Sludge Bomb|p2a: Clefable
|-supereffective|p2a: Clefable
|-damage|p2a: Clefable|182\/394
|move|p2a: Clefable|Stealth Rock|p1a: Halion
|-sidestart|p1: Syncnor|move: Stealth Rock
|
|-heal|p2a: Clefable|206\/394|[from] item: Leftovers
|turn|4
|
|switch|p2a: Landorus-Therian|Landorus-Therian, M|319\/319
|-ability|p2a: Landorus-Therian|Intimidate|[of] p1a: Halion
|-unboost|p1a: Halion|atk|1
|move|p1a: Halion|Sludge Bomb|p2a: Landorus-Therian
|-resisted|p2a: Landorus-Therian
|-damage|p2a: Landorus-Therian|238\/319
|
|turn|5
|
|move|p2a: Landorus-Therian|U-turn|p1a: Halion
|-damage|p1a: Halion|302\/364
|
|switch|p2a: Gengar|Gengar, M|261\/261
|move|p1a: Halion|Giga Drain|p2a: Gengar
|-resisted|p2a: Gengar
|-damage|p2a: Gengar|195\/261
|-heal|p1a: Halion|335\/364|[from] drain|[of] p2a: Gengar
|
|-heal|p2a: Gengar|211\/261|[from] item: Black Sludge
|turn|6
|
|switch|p1a: Chansey|Chansey, F|703\/703
|-damage|p1a: Chansey|616\/703|[from] Stealth Rock
|move|p2a: Gengar|Taunt|p1a: Chansey
|-start|p1a: Chansey|move: Taunt
|
|-heal|p2a: Gengar|227\/261|[from] item: Black Sludge
|turn|7
|
|switch|p1a: Rotom-Wash|Rotom-Wash|304\/304
|-damage|p1a: Rotom-Wash|266\/304|[from] Stealth Rock
|move|p2a: Gengar|Sludge Wave|p1a: Rotom-Wash
|-damage|p1a: Rotom-Wash|157\/304
|
|-heal|p2a: Gengar|243\/261|[from] item: Black Sludge
|turn|8
|leave|Aydan.o5
|
|switch|p2a: Landorus-Therian|Landorus-Therian, M|238\/319
|-ability|p2a: Landorus-Therian|Intimidate|[of] p1a: Rotom-Wash
|-unboost|p1a: Rotom-Wash|atk|1
|move|p1a: Rotom-Wash|Rest|p1a: Rotom-Wash
|-status|p1a: Rotom-Wash|slp
|-heal|p1a: Rotom-Wash|304\/304 slp|[silent]
|-status|p1a: Rotom-Wash|slp|[from] move: Rest
|-enditem|p1a: Rotom-Wash|Chesto Berry|[eat]
|-curestatus|p1a: Rotom-Wash|slp
|
|turn|9
|
|move|p2a: Landorus-Therian|U-turn|p1a: Rotom-Wash
|-damage|p1a: Rotom-Wash|224\/304
|
|switch|p2a: Clefable|Clefable, M|206\/394
|move|p1a: Rotom-Wash|Hydro Pump|p2a: Clefable
|-damage|p2a: Clefable|86\/394
|
|-heal|p2a: Clefable|110\/394|[from] item: Leftovers
|turn|10
|
|switch|p2a: Altaria|Altaria, F|307\/307
|move|p1a: Rotom-Wash|Hydro Pump|p2a: Altaria
|-resisted|p2a: Altaria
|-damage|p2a: Altaria|244\/307
|
|turn|11
|
|move|p2a: Altaria|Roost|p2a: Altaria
|-heal|p2a: Altaria|307\/307
|move|p1a: Rotom-Wash|Volt Switch|p2a: Altaria
|-resisted|p2a: Altaria
|-damage|p2a: Altaria|268\/307
|
|switch|p1a: Halion|Venusaur-Mega, F|335\/364
|-damage|p1a: Halion|290\/364|[from] Stealth Rock
|
|turn|12
|
|switch|p2a: Bisharp|Bisharp, M|271\/271
|move|p1a: Halion|Leech Seed|p2a: Bisharp
|-start|p2a: Bisharp|move: Leech Seed
|
|-damage|p2a: Bisharp|238\/271|[from] Leech Seed|[of] p1a: Halion
|-heal|p1a: Halion|323\/364|[silent]
|turn|13
|
|switch|p2a: Gengar|Gengar, M|243\/261
|move|p1a: Halion|Giga Drain|p2a: Gengar
|-resisted|p2a: Gengar
|-damage|p2a: Gengar|178\/261
|-heal|p1a: Halion|356\/364|[from] drain|[of] p2a: Gengar
|
|-heal|p2a: Gengar|194\/261|[from] item: Black Sludge
|turn|14
|
|move|p2a: Gengar|Sludge Wave|p1a: Halion
|-damage|p1a: Halion|236\/364
|move|p1a: Halion|Giga Drain|p2a: Gengar
|-resisted|p2a: Gengar
|-damage|p2a: Gengar|126\/261
|-heal|p1a: Halion|270\/364|[from] drain|[of] p2a: Gengar
|
|-heal|p2a: Gengar|142\/261|[from] item: Black Sludge
|turn|15
|
|move|p2a: Gengar|Taunt|p1a: Halion
|-start|p1a: Halion|move: Taunt
|cant|p1a: Halion|move: Taunt|Leech Seed
|
|-heal|p2a: Gengar|158\/261|[from] item: Black Sludge
|turn|16
|
|switch|p1a: Chansey|Chansey, F|616\/703
|-damage|p1a: Chansey|529\/703|[from] Stealth Rock
|move|p2a: Gengar|Shadow Ball|p1a: Chansey
|-immune|p1a: Chansey|[msg]
|
|-heal|p2a: Gengar|174\/261|[from] item: Black Sludge
|turn|17
|
|switch|p1a: Rotom-Wash|Rotom-Wash|224\/304
|-damage|p1a: Rotom-Wash|186\/304|[from] Stealth Rock
|move|p2a: Gengar|Taunt|p1a: Rotom-Wash
|-start|p1a: Rotom-Wash|move: Taunt
|
|-heal|p2a: Gengar|190\/261|[from] item: Black Sludge
|turn|18
|
|move|p2a: Gengar|Sludge Wave|p1a: Rotom-Wash
|-damage|p1a: Rotom-Wash|68\/304
|move|p1a: Rotom-Wash|Hydro Pump|p2a: Gengar
|-damage|p2a: Gengar|28\/261
|
|-heal|p2a: Gengar|44\/261|[from] item: Black Sludge
|turn|19
|
|move|p2a: Gengar|Shadow Ball|p1a: Rotom-Wash
|-damage|p1a: Rotom-Wash|0 fnt
|faint|p1a: Rotom-Wash
|
|-heal|p2a: Gengar|60\/261|[from] item: Black Sludge
|
|switch|p1a: Azumarill|Azumarill, F|403\/403
|-damage|p1a: Azumarill|353\/403|[from] Stealth Rock
|turn|20
|
|move|p1a: Azumarill|Aqua Jet|p2a: Gengar
|-damage|p2a: Gengar|0 fnt
|faint|p2a: Gengar
|
|
|switch|p2a: Bisharp|Bisharp, M|238\/271
|turn|21
|
|switch|p1a: Skarmory|Skarmory, M|333\/333
|-damage|p1a: Skarmory|292\/333|[from] Stealth Rock
|move|p2a: Bisharp|Iron Head|p1a: Skarmory
|-resisted|p1a: Skarmory
|-damage|p1a: Skarmory|250\/333
|-damage|p2a: Bisharp|193\/271|[from] item: Rocky Helmet|[of] p1a: Skarmory
|
|turn|22
|
|move|p2a: Bisharp|Knock Off|p1a: Skarmory
|-damage|p1a: Skarmory|124\/333
|-damage|p2a: Bisharp|148\/271|[from] item: Rocky Helmet|[of] p1a: Skarmory
|-enditem|p1a: Skarmory|Rocky Helmet|[from] move: Knock Off|[of] p2a: Bisharp
|move|p1a: Skarmory|Defog|p2a: Bisharp
|-unboost|p2a: Bisharp|evasion|1
|-boost|p2a: Bisharp|atk|2|[from] ability: Defiant
|-sideend|p1: Syncnor|Stealth Rock|[from] move: Defog|[of] p1a: Skarmory
|
|turn|23
|
|move|p2a: Bisharp|Knock Off|p1a: Skarmory
|-damage|p1a: Skarmory|0 fnt
|faint|p1a: Skarmory
|
|
|switch|p1a: Quagsire|Quagsire, F|393\/393
|turn|24
|
|switch|p2a: Altaria|Altaria, F|268\/307
|move|p1a: Quagsire|Scald|p2a: Altaria
|-resisted|p2a: Altaria
|-damage|p2a: Altaria|237\/307
|
|turn|25
|
|switch|p2a: Keldeo-Resolute|Keldeo-Resolute|323\/323
|switch|p1a: Halion|Venusaur-Mega, F|270\/364
|
|turn|26
|
|move|p2a: Keldeo-Resolute|Scald|p1a: Halion
|-resisted|p1a: Halion
|-damage|p1a: Halion|194\/364
|move|p1a: Halion|Giga Drain|p2a: Keldeo-Resolute
|-supereffective|p2a: Keldeo-Resolute
|-damage|p2a: Keldeo-Resolute|95\/323
|-heal|p1a: Halion|308\/364|[from] drain|[of] p2a: Keldeo-Resolute
|
|turn|27
|
|move|p2a: Keldeo-Resolute|Scald|p1a: Halion
|-resisted|p1a: Halion
|-damage|p1a: Halion|236\/364
|move|p1a: Halion|Giga Drain|p2a: Keldeo-Resolute
|-supereffective|p2a: Keldeo-Resolute
|-damage|p2a: Keldeo-Resolute|0 fnt
|-heal|p1a: Halion|284\/364|[from] drain|[of] p2a: Keldeo-Resolute
|faint|p2a: Keldeo-Resolute
|
|
|switch|p2a: Bisharp|Bisharp, M|148\/271
|turn|28
|
|move|p2a: Bisharp|Iron Head|p1a: Halion
|-damage|p1a: Halion|178\/364
|cant|p1a: Halion|flinch
|
|turn|29
|
|move|p2a: Bisharp|Iron Head|p1a: Halion
|-damage|p1a: Halion|69\/364
|cant|p1a: Halion|flinch
|
|turn|30
|c|âSyncnor|dat hax
|c|âmudkipboy|sorry :(
|
|switch|p1a: Quagsire|Quagsire, F|393\/393
|move|p2a: Bisharp|Knock Off|p1a: Quagsire
|-damage|p1a: Quagsire|234\/393
|-enditem|p1a: Quagsire|Leftovers|[from] move: Knock Off|[of] p2a: Bisharp
|
|turn|31
|
|move|p2a: Bisharp|Pursuit|p1a: Quagsire
|-damage|p1a: Quagsire|168\/393
|move|p1a: Quagsire|Recover|p1a: Quagsire
|-heal|p1a: Quagsire|365\/393
|
|turn|32
|
|switch|p2a: Clefable|Clefable, M|110\/394
|move|p1a: Quagsire|Scald|p2a: Clefable
|-damage|p2a: Clefable|53\/394
|
|-heal|p2a: Clefable|77\/394|[from] item: Leftovers
|turn|33
|
|switch|p1a: Halion|Venusaur-Mega, F|69\/364
|move|p2a: Clefable|Fire Blast|p1a: Halion
|-supereffective|p1a: Halion
|-damage|p1a: Halion|7\/364
|
|-heal|p2a: Clefable|101\/394|[from] item: Leftovers
|turn|34
|c|âmudkipboy|damn it!
|
|switch|p2a: Bisharp|Bisharp, M|148\/271
|move|p1a: Halion|Synthesis|p1a: Halion
|-heal|p1a: Halion|189\/364
|
|turn|35
|c|âSyncnor|mixed def
|c|âmudkipboy|i thought it could kill from that range
|
|move|p2a: Bisharp|Iron Head|p1a: Halion
|-damage|p1a: Halion|86\/364
|move|p1a: Halion|Synthesis|p1a: Halion
|-heal|p1a: Halion|268\/364
|
|turn|36
|
|move|p2a: Bisharp|Iron Head|p1a: Halion
|-crit|p1a: Halion
|-damage|p1a: Halion|120\/364
|cant|p1a: Halion|flinch
|
|turn|37
|c|âmudkipboy|time to run liike 12 sp atk evs so that wont be a problem
|c|âSyncnor|ouu
|
|move|p2a: Bisharp|Iron Head|p1a: Halion
|-damage|p1a: Halion|18\/364
|move|p1a: Halion|Synthesis|p1a: Halion
|-heal|p1a: Halion|200\/364
|
|turn|38
|
|move|p2a: Bisharp|Iron Head|p1a: Halion
|-damage|p1a: Halion|89\/364
|move|p1a: Halion|Synthesis|p1a: Halion
|-heal|p1a: Halion|271\/364
|
|turn|39
|
|move|p2a: Bisharp|Iron Head|p1a: Halion
|-damage|p1a: Halion|163\/364
|move|p1a: Halion|Leech Seed|p2a: Bisharp
|-start|p2a: Bisharp|move: Leech Seed
|
|-damage|p2a: Bisharp|115\/271|[from] Leech Seed|[of] p1a: Halion
|-heal|p1a: Halion|196\/364|[silent]
|turn|40
|
|switch|p2a: Landorus-Therian|Landorus-Therian, M|238\/319
|-ability|p2a: Landorus-Therian|Intimidate|[of] p1a: Halion
|-unboost|p1a: Halion|atk|1
|move|p1a: Halion|Synthesis|p1a: Halion
|-heal|p1a: Halion|364\/364
|
|turn|41
|
|move|p2a: Landorus-Therian|Earthquake|p1a: Halion
|-damage|p1a: Halion|210\/364
|move|p1a: Halion|Giga Drain|p2a: Landorus-Therian
|-damage|p2a: Landorus-Therian|118\/319
|-heal|p1a: Halion|270\/364|[from] drain|[of] p2a: Landorus-Therian
|
|turn|42
|
|move|p2a: Landorus-Therian|Earthquake|p1a: Halion
|-damage|p1a: Halion|116\/364
|move|p1a: Halion|Giga Drain|p2a: Landorus-Therian
|-damage|p2a: Landorus-Therian|0 fnt
|-heal|p1a: Halion|175\/364|[from] drain|[of] p2a: Landorus-Therian
|faint|p2a: Landorus-Therian
|
|
|switch|p2a: Bisharp|Bisharp, M|115\/271
|turn|43
|
|move|p2a: Bisharp|Iron Head|p1a: Halion
|-damage|p1a: Halion|72\/364
|cant|p1a: Halion|flinch
|
|turn|44
|c|âSyncnor|GOD
|c|âSyncnor|WHY
|
|move|p2a: Bisharp|Pursuit|p1a: Halion|[from]Pursuit
|-damage|p1a: Halion|0 fnt
|faint|p1a: Halion
|
|c|âSyncnor|Okay this is ridicolus
|c|âmudkipboy|sorry
|
|switch|p1a: Quagsire|Quagsire, F|365\/393
|turn|45
|
|switch|p2a: Altaria|Altaria, F|237\/307
|move|p1a: Quagsire|Earthquake|p2a: Altaria
|-immune|p2a: Altaria|[msg]
|
|turn|46
|
|switch|p2a: Clefable|Clefable, M|101\/394
|move|p1a: Quagsire|Toxic|p2a: Clefable
|-status|p2a: Clefable|tox
|
|-heal|p2a: Clefable|125\/394 tox|[from] item: Leftovers
|turn|47
|
|switch|p1a: Azumarill|Azumarill, F|353\/403
|move|p2a: Clefable|Soft-Boiled|p2a: Clefable
|-heal|p2a: Clefable|322\/394 tox
|
|-heal|p2a: Clefable|346\/394 tox|[from] item: Leftovers
|turn|48
|c|âmudkipboy|cancel button lagging at usual
|
|move|p2a: Clefable|Moonblast|p1a: Azumarill
|-damage|p1a: Azumarill|215\/403
|-unboost|p1a: Azumarill|spa|1
|move|p1a: Azumarill|Play Rough|p2a: Clefable
|-damage|p2a: Clefable|19\/394 tox
|
|-heal|p2a: Clefable|43\/394 tox|[from] item: Leftovers
|turn|49
|
|switch|p1a: Chansey|Chansey, F|529\/703
|move|p2a: Clefable|Moonblast|p1a: Chansey
|-damage|p1a: Chansey|459\/703
|
|-heal|p2a: Clefable|67\/394 tox|[from] item: Leftovers
|turn|50
|
|switch|p2a: Altaria|Altaria, F|237\/307
|move|p1a: Chansey|Seismic Toss|p2a: Altaria
|-damage|p2a: Altaria|137\/307
|
|turn|51
|
|move|p2a: Altaria|Dragon Dance|p2a: Altaria
|-boost|p2a: Altaria|atk|1
|-boost|p2a: Altaria|spe|1
|move|p1a: Chansey|Thunder Wave|p2a: Altaria
|-status|p2a: Altaria|par
|
|turn|52
|
|move|p1a: Chansey|Seismic Toss|p2a: Altaria
|-damage|p2a: Altaria|37\/307 par
|move|p2a: Altaria|Roost|p2a: Altaria
|-heal|p2a: Altaria|191\/307 par
|
|turn|53
|c|âSyncnor|now if this game is fair
|c|âSyncnor|nope
|
|switch|p2a: Bisharp|Bisharp, M|115\/271
|move|p1a: Chansey|Seismic Toss|p2a: Bisharp
|-damage|p2a: Bisharp|15\/271
|
|turn|54
|
|move|p2a: Bisharp|Pursuit|p1a: Chansey|[from]Pursuit
|-damage|p1a: Chansey|246\/703
|switch|p1a: Quagsire|Quagsire, F|365\/393
|
|turn|55
|
|move|p2a: Bisharp|Sucker Punch|p1a: Quagsire
|-damage|p1a: Quagsire|236\/393
|move|p1a: Quagsire|Scald|p2a: Bisharp
|-damage|p2a: Bisharp|0 fnt
|faint|p2a: Bisharp
|
|-message|mudkipboy lost due to inactivity.
|
|switch|p2a: Altaria|Altaria, F|191\/307
|turn|56
|c|âmudkipboy|i made a move
|c|âSyncnor|wat
|c|âmudkipboy|that fuck?
|
|win|Syncnor
|raw|Ladder updating...
|raw|Syncnor's rating: 1523 &rarr; <strong>1546<\/strong><br \/>(+23 for winning)
|raw|mudkipboy's rating: 1580 &rarr; <strong>1557<\/strong><br \/>(-23 for losing)
|c|âmudkipboy|what move would you have picked?
|c|âSyncnor|well, quag is unaware
|c|âSyncnor|toxic
|c|âmudkipboy|i know but frustration w\/ piilate doesnt hurts and would 2 hit koed
|c|âmudkipboy|oh well gg
|c|âSyncnor|gg
|c|âmudkipboy|sorry for the flinches and ha