|join|jdfree
|join|DoN't Use MeGa
|player|p1|jdfree|73
|player|p2|DoN't Use MeGa|101
|gametype|singles
|gen|6
|tier|OU
|rated
|clearpoke
|poke|p1|Espeon, F
|poke|p1|Azumarill, F
|poke|p1|Crobat, M
|poke|p1|Blissey, F
|poke|p1|Rotom-Wash
|poke|p1|Gliscor, M, shiny
|poke|p2|Dragonite, F
|poke|p2|Landorus-Therian, M
|poke|p2|Alomomola, F
|poke|p2|Clefable, M
|poke|p2|Spiritomb, F
|poke|p2|Tentacruel, F
|rule|Swagger Clause: Swagger is banned
|rule|Baton Pass Clause: Limit one PokÃ©mon knowing Baton Pass
|rule|Sleep Clause Mod: Limit one foe put to sleep
|rule|Species Clause: Limit one of each PokÃ©mon
|rule|OHKO Clause: OHKO moves are banned
|rule|Moody Clause: Moody is banned
|rule|Evasion Moves Clause: Evasion moves are banned
|rule|Endless Battle Clause: Forcing endless battles is banned
|rule|HP Percentage Mod: HP is shown in percentages
|teampreview
|
|start
|switch|p1a: Rotom-Wash|Rotom-Wash|304\/304
|switch|p2a: Landorus-Therian|Landorus-Therian, M|382\/382
|-ability|p2a: Landorus-Therian|Intimidate|[of] p1a: Rotom-Wash
|-unboost|p1a: Rotom-Wash|atk|1
|turn|1
|join|riptor
|
|move|p2a: Landorus-Therian|U-turn|p1a: Rotom-Wash
|-damage|p1a: Rotom-Wash|254\/304
|leave|riptor
|
|switch|p2a: Clefable|Clefable, M|394\/394
|move|p1a: Rotom-Wash|Will-O-Wisp|p2a: Clefable
|-status|p2a: Clefable|brn
|
|-heal|p1a: Rotom-Wash|273\/304|[from] item: Leftovers
|turn|2
|join|riptor
|leave|riptor
|
|move|p1a: Rotom-Wash|Volt Switch|p2a: Clefable
|-damage|p2a: Clefable|310\/394 brn
|join|riptor
|
|switch|p1a: Azumarill|Azumarill, F|364\/364
|move|p2a: Clefable|Stealth Rock|p1a: Azumarill
|-sidestart|p1: jdfree|move: Stealth Rock
|
|-heal|p2a: Clefable|334\/394 brn|[from] item: Leftovers
|turn|3
|c| riptor|aff meu pc ta um nojo tenho que formatar
|
|switch|p2a: Alomomola|Alomomola, F|472\/472
|move|p1a: Azumarill|Belly Drum|p1a: Azumarill
|-damage|p1a: Azumarill|182\/364
|-setboost|p1a: Azumarill|atk|6|[from] move: Belly Drum
|-enditem|p1a: Azumarill|Sitrus Berry|[eat]
|-heal|p1a: Azumarill|273\/364|[from] item: Sitrus Berry
|
|turn|4
|c|âDoN't Use MeGa|:O
|leave|riptor
|
|move|p1a: Azumarill|Play Rough|p2a: Alomomola|[miss]
|-miss|p1a: Azumarill|p2a: Alomomola
|move|p2a: Alomomola|Toxic|p1a: Azumarill|[miss]
|-miss|p2a: Alomomola|p1a: Azumarill
|
|turn|5
|
|move|p2a: Alomomola|Protect|p2a: Alomomola
|-singleturn|p2a: Alomomola|Protect
|move|p1a: Azumarill|Play Rough|p2a: Alomomola
|-activate|p2a: Alomomola|Protect
|
|turn|6
|
|move|p1a: Azumarill|Play Rough|p2a: Alomomola
|-damage|p2a: Alomomola|0 fnt
|faint|p2a: Alomomola
|
|
|switch|p2a: Tentacruel|Tentacruel, F|358\/358
|turn|7
|
|move|p2a: Tentacruel|Haze|p2a: Tentacruel
|-clearallboost
|move|p1a: Azumarill|Waterfall|p2a: Tentacruel
|-resisted|p2a: Tentacruel
|-damage|p2a: Tentacruel|260\/358
|
|-heal|p2a: Tentacruel|282\/358|[from] item: Black Sludge
|turn|8
|
|switch|p1a: Gliscor|Gliscor, M, shiny|354\/354
|-damage|p1a: Gliscor|310\/354|[from] Stealth Rock
|move|p2a: Tentacruel|Scald|p1a: Gliscor
|-supereffective|p1a: Gliscor
|-damage|p1a: Gliscor|112\/354
|-status|p1a: Gliscor|brn
|
|-heal|p2a: Tentacruel|304\/358|[from] item: Black Sludge
|-damage|p1a: Gliscor|68\/354 brn|[from] brn
|turn|9
|join|riptor
|
|switch|p2a: Dragonite|Dragonite, F|324\/324
|move|p1a: Gliscor|Earthquake|p2a: Dragonite
|-immune|p2a: Dragonite|[msg]
|
|-damage|p1a: Gliscor|24\/354 brn|[from] brn
|turn|10
|
|move|p2a: Dragonite|Extreme Speed|p1a: Gliscor
|-damage|p1a: Gliscor|0 fnt
|faint|p1a: Gliscor
|
|c|âDoN't Use MeGa|olha o replay que massa
|-message|jdfree forfeited.
|
|win|DoN't Use MeGa
|raw|Ladder updating...
|leave|jdfree
|player|p1
|c|âDoN't Use MeGa|kkk
|raw|jdfree's rating: 1134 &rarr; <strong>1109<\/strong><br \/>(-25 for losing)
|raw|DoN&apos;t Use MeGa's rating: 1124 &rarr; <strong>1150<\/strong><br \/>(+26 for winning)
|c| riptor|vo ver