|join|Don't Use MeGa
|join|TaisukeSan
|player|p1|Don't Use MeGa|101
|player|p2|TaisukeSan|170
|gametype|singles
|gen|6
|tier|OU
|rated
|clearpoke
|poke|p1|Tyranitar, M
|poke|p1|Slowbro, M
|poke|p1|Skarmory, F
|poke|p1|Amoonguss, M
|poke|p1|Clefable, M
|poke|p1|Chansey, F
|poke|p2|Sceptile, M
|poke|p2|Rotom-Wash
|poke|p2|Landorus-Therian, M
|poke|p2|Talonflame, F
|poke|p2|Excadrill, M
|poke|p2|Gyarados, M
|rule|Swagger Clause: Swagger is banned
|rule|Baton Pass Clause: Limit one PokÃ©mon knowing Baton Pass
|rule|Sleep Clause Mod: Limit one foe put to sleep
|rule|Species Clause: Limit one of each PokÃ©mon
|rule|OHKO Clause: OHKO moves are banned
|rule|Moody Clause: Moody is banned
|rule|Evasion Moves Clause: Evasion moves are banned
|rule|Endless Battle Clause: Forcing endless battles is banned
|rule|HP Percentage Mod: HP is shown in percentages
|teampreview
|
|start
|switch|p1a: Chansey|Chansey, F|670\/670
|switch|p2a: Rotom-Wash|Rotom-Wash|303\/303
|turn|1
|
|move|p2a: Rotom-Wash|Volt Switch|p1a: Chansey
|-damage|p1a: Chansey|619\/670
|
|switch|p2a: Excadrill|Excadrill, M|361\/361
|-ability|p2a: Excadrill|Mold Breaker
|move|p1a: Chansey|Stealth Rock|p2a: Excadrill
|-sidestart|p2: TaisukeSan|move: Stealth Rock
|
|turn|2
|
|switch|p1a: Slowbro|Slowbro, M|390\/390
|move|p2a: Excadrill|Rapid Spin|p1a: Slowbro
|-damage|p1a: Slowbro|373\/390
|-damage|p2a: Excadrill|301\/361|[from] item: Rocky Helmet|[of] p1a: Slowbro
|-sideend|p2: TaisukeSan|Stealth Rock|[from] move: Rapid Spin|[of] p2a: Excadrill
|
|turn|3
|
|switch|p2a: Rotom-Wash|Rotom-Wash|303\/303
|move|p1a: Slowbro|Toxic|p2a: Rotom-Wash
|-status|p2a: Rotom-Wash|tox
|
|-damage|p2a: Rotom-Wash|285\/303 tox|[from] psn
|turn|4
|
|switch|p1a: Chansey|Chansey, F|619\/670
|move|p2a: Rotom-Wash|Volt Switch|p1a: Chansey
|-damage|p1a: Chansey|574\/670
|
|switch|p2a: Landorus-Therian|Landorus-Therian, M|381\/381
|-ability|p2a: Landorus-Therian|Intimidate|[of] p1a: Chansey
|-unboost|p1a: Chansey|atk|1
|
|turn|5
|
|switch|p1a: Skarmory|Skarmory, F|334\/334
|move|p2a: Landorus-Therian|Knock Off|p1a: Skarmory
|-damage|p1a: Skarmory|277\/334
|-enditem|p1a: Skarmory|Shed Shell|[from] move: Knock Off|[of] p2a: Landorus-Therian
|
|turn|6
|
|move|p2a: Landorus-Therian|Stealth Rock|p1a: Skarmory
|-sidestart|p1: Don't Use MeGa|move: Stealth Rock
|move|p1a: Skarmory|Spikes|p2a: Landorus-Therian
|-sidestart|p2: TaisukeSan|Spikes
|
|turn|7
|
|move|p2a: Landorus-Therian|U-turn|p1a: Skarmory
|-crit|p1a: Skarmory
|-resisted|p1a: Skarmory
|-damage|p1a: Skarmory|260\/334
|
|switch|p2a: Excadrill|Excadrill, M|301\/361
|-damage|p2a: Excadrill|256\/361|[from] Spikes
|-ability|p2a: Excadrill|Mold Breaker
|move|p1a: Skarmory|Whirlwind|p2a: Excadrill
|drag|p2a: Landorus-Therian|Landorus-Therian, M|381\/381
|-ability|p2a: Landorus-Therian|Intimidate|[of] p1a: Skarmory
|-unboost|p1a: Skarmory|atk|1
|
|turn|8
|
|move|p2a: Landorus-Therian|U-turn|p1a: Skarmory
|-resisted|p1a: Skarmory
|-damage|p1a: Skarmory|248\/334
|
|switch|p2a: Talonflame|Talonflame, F|297\/297
|move|p1a: Skarmory|Whirlwind|p2a: Talonflame
|drag|p2a: Landorus-Therian|Landorus-Therian, M|381\/381
|-ability|p2a: Landorus-Therian|Intimidate|[of] p1a: Skarmory
|-unboost|p1a: Skarmory|atk|1
|
|turn|9
|
|move|p2a: Landorus-Therian|U-turn|p1a: Skarmory
|-resisted|p1a: Skarmory
|-damage|p1a: Skarmory|236\/334
|
|switch|p2a: Rotom-Wash|Rotom-Wash|285\/303 tox
|move|p1a: Skarmory|Spikes|p2a: Rotom-Wash
|-sidestart|p2: TaisukeSan|Spikes
|
|-heal|p2a: Rotom-Wash|303\/303 tox|[from] item: Leftovers
|-damage|p2a: Rotom-Wash|285\/303 tox|[from] psn
|turn|10
|
|switch|p1a: Amoonguss|Amoonguss, M|430\/430
|-damage|p1a: Amoonguss|377\/430|[from] Stealth Rock
|move|p2a: Rotom-Wash|Volt Switch|p1a: Amoonguss
|-resisted|p1a: Amoonguss
|-damage|p1a: Amoonguss|326\/430
|
|switch|p2a: Talonflame|Talonflame, F|297\/297
|
|-heal|p1a: Amoonguss|352\/430|[from] item: Black Sludge
|turn|11
|
|switch|p1a: Slowbro|Slowbro, M|390\/390
|-damage|p1a: Slowbro|342\/390|[from] Stealth Rock
|move|p2a: Talonflame|U-turn|p1a: Slowbro
|-supereffective|p1a: Slowbro
|-damage|p1a: Slowbro|212\/390
|-damage|p2a: Talonflame|248\/297|[from] item: Rocky Helmet|[of] p1a: Slowbro
|
|switch|p2a: Sceptile|Sceptile, M|281\/281
|-damage|p2a: Sceptile|235\/281|[from] Spikes
|
|turn|12
|
|switch|p1a: Chansey|Chansey, F|574\/670
|-damage|p1a: Chansey|491\/670|[from] Stealth Rock
|detailschange|p2a: Sceptile|Sceptile-Mega, M
|message|Sceptile has Mega Evolved into Mega Sceptile!
|move|p2a: Sceptile|Giga Drain|p1a: Chansey
|-damage|p1a: Chansey|407\/670
|-heal|p2a: Sceptile|277\/281|[from] drain|[of] p1a: Chansey
|
|turn|13
|
|move|p2a: Sceptile|Substitute|p2a: Sceptile
|-start|p2a: Sceptile|Substitute
|-damage|p2a: Sceptile|207\/281
|move|p1a: Chansey|Seismic Toss|p2a: Sceptile
|-end|p2a: Sceptile|Substitute
|
|turn|14
|
|switch|p2a: Excadrill|Excadrill, M|256\/361
|-damage|p2a: Excadrill|196\/361|[from] Spikes
|-ability|p2a: Excadrill|Mold Breaker
|move|p1a: Chansey|Soft-Boiled|p1a: Chansey
|-heal|p1a: Chansey|670\/670
|
|turn|15
|
|move|p2a: Excadrill|Rapid Spin|p1a: Chansey
|-damage|p1a: Chansey|636\/670
|-sideend|p2: TaisukeSan|Spikes|[from] move: Rapid Spin|[of] p2a: Excadrill
|move|p1a: Chansey|Seismic Toss|p2a: Excadrill
|-damage|p2a: Excadrill|96\/361
|
|turn|16
|
|switch|p2a: Landorus-Therian|Landorus-Therian, M|381\/381
|-ability|p2a: Landorus-Therian|Intimidate|[of] p1a: Chansey
|-unboost|p1a: Chansey|atk|1
|switch|p1a: Slowbro|Slowbro, M|342\/390
|-damage|p1a: Slowbro|294\/390|[from] Stealth Rock
|
|turn|17
|
|move|p2a: Landorus-Therian|Knock Off|p1a: Slowbro
|-supereffective|p1a: Slowbro
|-damage|p1a: Slowbro|150\/390
|-damage|p2a: Landorus-Therian|318\/381|[from] item: Rocky Helmet|[of] p1a: Slowbro
|-enditem|p1a: Slowbro|Rocky Helmet|[from] move: Knock Off|[of] p2a: Landorus-Therian
|move|p1a: Slowbro|Ice Beam|p2a: Landorus-Therian
|-supereffective|p2a: Landorus-Therian
|-damage|p2a: Landorus-Therian|0 fnt
|faint|p2a: Landorus-Therian
|
|join|Jefo
|
|switch|p2a: Rotom-Wash|Rotom-Wash|285\/303 tox
|turn|18
|
|switch|p1a: Amoonguss|Amoonguss, M|430\/430
|-damage|p1a: Amoonguss|377\/430|[from] Stealth Rock
|move|p2a: Rotom-Wash|Volt Switch|p1a: Amoonguss
|-resisted|p1a: Amoonguss
|-damage|p1a: Amoonguss|330\/430
|
|switch|p2a: Talonflame|Talonflame, F|248\/297
|
|-heal|p1a: Amoonguss|356\/430|[from] item: Black Sludge
|turn|19
|
|switch|p1a: Tyranitar|Tyranitar, M|342\/342
|-damage|p1a: Tyranitar|300\/342|[from] Stealth Rock
|-weather|Sandstorm
|move|p2a: Talonflame|U-turn|p1a: Tyranitar
|-supereffective|p1a: Tyranitar
|-damage|p1a: Tyranitar|118\/342
|
|switch|p2a: Gyarados|Gyarados, M|393\/393
|-ability|p2a: Gyarados|Intimidate|[of] p1a: Tyranitar
|-unboost|p1a: Tyranitar|atk|1
|
|-weather|Sandstorm|[upkeep]
|-damage|p2a: Gyarados|369\/393|[from] sandstorm
|-heal|p2a: Gyarados|393\/393|[from] item: Leftovers
|turn|20
|
|move|p1a: Tyranitar|Stone Edge|p2a: Gyarados|[miss]
|-miss|p1a: Tyranitar|p2a: Gyarados
|move|p2a: Gyarados|Dragon Dance|p2a: Gyarados
|-boost|p2a: Gyarados|atk|1
|-boost|p2a: Gyarados|spe|1
|
|-weather|Sandstorm|[upkeep]
|-damage|p2a: Gyarados|369\/393|[from] sandstorm
|-heal|p2a: Gyarados|393\/393|[from] item: Leftovers
|turn|21
|
|switch|p1a: Amoonguss|Amoonguss, M|430\/430
|-damage|p1a: Amoonguss|377\/430|[from] Stealth Rock
|move|p2a: Gyarados|Dragon Dance|p2a: Gyarados
|-boost|p2a: Gyarados|atk|1
|-boost|p2a: Gyarados|spe|1
|
|-weather|Sandstorm|[upkeep]
|-damage|p2a: Gyarados|369\/393|[from] sandstorm
|-damage|p1a: Amoonguss|351\/430|[from] sandstorm
|-heal|p2a: Gyarados|393\/393|[from] item: Leftovers
|-heal|p1a: Amoonguss|377\/430|[from] item: Black Sludge
|turn|22
|leave|Jefo
|join|Jefo
|
|move|p2a: Gyarados|Bounce|p1a: Amoonguss|[still]
|-prepare|p2a: Gyarados|Bounce|p1a: Amoonguss
|move|p1a: Amoonguss|Clear Smog|p2a: Gyarados|[miss]
|-miss|p1a: Amoonguss|p2a: Gyarados
|
|-weather|Sandstorm|[upkeep]
|-damage|p2a: Gyarados|369\/393|[from] sandstorm
|-damage|p1a: Amoonguss|351\/430|[from] sandstorm
|-heal|p2a: Gyarados|393\/393|[from] item: Leftovers
|-heal|p1a: Amoonguss|377\/430|[from] item: Black Sludge
|turn|23
|
|switch|p1a: Tyranitar|Tyranitar, M|118\/342
|-damage|p1a: Tyranitar|76\/342|[from] Stealth Rock
|move|p2a: Gyarados|Bounce|p1a: Tyranitar
|-resisted|p1a: Tyranitar
|-damage|p1a: Tyranitar|0 fnt
|faint|p1a: Tyranitar
|
|-weather|none
|
|switch|p1a: Skarmory|Skarmory, F|236\/334
|-damage|p1a: Skarmory|195\/334|[from] Stealth Rock
|turn|24
|
|move|p2a: Gyarados|Waterfall|p1a: Skarmory
|-damage|p1a: Skarmory|71\/334
|move|p1a: Skarmory|Roost|p1a: Skarmory
|-heal|p1a: Skarmory|238\/334
|
|turn|25
|
|move|p2a: Gyarados|Waterfall|p1a: Skarmory
|-damage|p1a: Skarmory|102\/334
|cant|p1a: Skarmory|flinch
|
|turn|26
|
|switch|p1a: Slowbro|Slowbro, M|280\/390
|-damage|p1a: Slowbro|232\/390|[from] Stealth Rock
|move|p2a: Gyarados|Waterfall|p1a: Slowbro
|-resisted|p1a: Slowbro
|-damage|p1a: Slowbro|154\/390
|
|turn|27
|
|move|p2a: Gyarados|Substitute|p2a: Gyarados
|-start|p2a: Gyarados|Substitute
|-damage|p2a: Gyarados|295\/393
|move|p1a: Slowbro|Slack Off|p1a: Slowbro
|-heal|p1a: Slowbro|349\/390
|
|-heal|p2a: Gyarados|319\/393|[from] item: Leftovers
|turn|28
|
|move|p2a: Gyarados|Dragon Dance|p2a: Gyarados
|-boost|p2a: Gyarados|atk|1
|-boost|p2a: Gyarados|spe|1
|move|p1a: Slowbro|Ice Beam|p2a: Gyarados
|-activate|p2a: Gyarados|Substitute|[damage]
|
|-heal|p2a: Gyarados|343\/393|[from] item: Leftovers
|turn|29
|
|move|p2a: Gyarados|Dragon Dance|p2a: Gyarados
|-boost|p2a: Gyarados|atk|1
|-boost|p2a: Gyarados|spe|1
|move|p1a: Slowbro|Ice Beam|p2a: Gyarados
|-end|p2a: Gyarados|Substitute
|
|-heal|p2a: Gyarados|367\/393|[from] item: Leftovers
|turn|30
|
|switch|p1a: Amoonguss|Amoonguss, M|430\/430
|-damage|p1a: Amoonguss|377\/430|[from] Stealth Rock
|move|p2a: Gyarados|Substitute|p2a: Gyarados
|-start|p2a: Gyarados|Substitute
|-damage|p2a: Gyarados|269\/393
|
|-heal|p2a: Gyarados|293\/393|[from] item: Leftovers
|-heal|p1a: Amoonguss|403\/430|[from] item: Black Sludge
|turn|31
|
|move|p2a: Gyarados|Bounce|p1a: Amoonguss|[still]
|-prepare|p2a: Gyarados|Bounce|p1a: Amoonguss
|move|p1a: Amoonguss|Foul Play|p2a: Gyarados|[miss]
|-miss|p1a: Amoonguss|p2a: Gyarados
|
|-heal|p2a: Gyarados|317\/393|[from] item: Leftovers
|-heal|p1a: Amoonguss|429\/430|[from] item: Black Sludge
|turn|32
|c|âDon't Use MeGa|pathetic
|
|switch|p1a: Skarmory|Skarmory, F|102\/334
|-damage|p1a: Skarmory|61\/334|[from] Stealth Rock
|move|p2a: Gyarados|Bounce|p1a: Skarmory|[miss]
|-miss|p2a: Gyarados|p1a: Skarmory
|
|-heal|p2a: Gyarados|341\/393|[from] item: Leftovers
|turn|33
|c|âTaisukeSan|noooooooooo
|
|switch|p1a: Slowbro|Slowbro, M|390\/390
|-damage|p1a: Slowbro|342\/390|[from] Stealth Rock
|move|p2a: Gyarados|Waterfall|p1a: Slowbro
|-resisted|p1a: Slowbro
|-damage|p1a: Slowbro|222\/390
|
|-heal|p2a: Gyarados|365\/393|[from] item: Leftovers
|turn|34
|
|move|p2a: Gyarados|Dragon Dance|p2a: Gyarados
|-boost|p2a: Gyarados|atk|1
|-boost|p2a: Gyarados|spe|1
|move|p1a: Slowbro|Slack Off|p1a: Slowbro
|-heal|p1a: Slowbro|390\/390
|
|-heal|p2a: Gyarados|389\/393|[from] item: Leftovers
|turn|35
|
|move|p2a: Gyarados|Dragon Dance|p2a: Gyarados
|-boost|p2a: Gyarados|atk|1
|-boost|p2a: Gyarados|spe|1
|move|p1a: Slowbro|Ice Beam|p2a: Gyarados
|-activate|p2a: Gyarados|Substitute|[damage]
|
|-heal|p2a: Gyarados|393\/393|[from] item: Leftovers
|turn|36
|
|move|p2a: Gyarados|Bounce|p1a: Slowbro|[still]
|-prepare|p2a: Gyarados|Bounce|p1a: Slowbro
|move|p1a: Slowbro|Ice Beam|p2a: Gyarados|[miss]
|-miss|p1a: Slowbro|p2a: Gyarados
|
|turn|37
|
|move|p2a: Gyarados|Bounce|p1a: Slowbro
|-damage|p1a: Slowbro|56\/390
|move|p1a: Slowbro|Slack Off|p1a: Slowbro
|-heal|p1a: Slowbro|251\/390
|
|turn|38
|
|move|p2a: Gyarados|Waterfall|p1a: Slowbro
|-resisted|p1a: Slowbro
|-damage|p1a: Slowbro|109\/390
|cant|p1a: Slowbro|flinch
|
|turn|39
|
|switch|p1a: Skarmory|Skarmory, F|61\/334
|-damage|p1a: Skarmory|20\/334|[from] Stealth Rock
|move|p2a: Gyarados|Waterfall|p1a: Skarmory
|-damage|p1a: Skarmory|0 fnt
|faint|p1a: Skarmory
|
|
|switch|p1a: Slowbro|Slowbro, M|239\/390
|-damage|p1a: Slowbro|191\/390|[from] Stealth Rock
|turn|40
|
|move|p2a: Gyarados|Waterfall|p1a: Slowbro
|-resisted|p1a: Slowbro
|-damage|p1a: Slowbro|51\/390
|move|p1a: Slowbro|Slack Off|p1a: Slowbro
|-heal|p1a: Slowbro|246\/390
|
|turn|41
|
|move|p2a: Gyarados|Waterfall|p1a: Slowbro
|-resisted|p1a: Slowbro
|-damage|p1a: Slowbro|106\/390
|cant|p1a: Slowbro|flinch
|
|turn|42
|c|âDon't Use MeGa|flinch forever
|c|âDon't Use MeGa|GOOOOOOO!
|
|switch|p1a: Clefable|Clefable, M|392\/392
|move|p2a: Gyarados|Waterfall|p1a: Clefable
|-damage|p1a: Clefable|0 fnt
|faint|p1a: Clefable
|
|join|Ox the Fox
|
|switch|p1a: Slowbro|Slowbro, M|236\/390
|-damage|p1a: Slowbro|188\/390|[from] Stealth Rock
|turn|43
|c|âDon't Use MeGa|more one flich go ?
|c|âTaisukeSan|LMAO
|
|move|p2a: Gyarados|Waterfall|p1a: Slowbro
|-resisted|p1a: Slowbro
|-damage|p1a: Slowbro|29\/390
|cant|p1a: Slowbro|flinch
|
|turn|44
|c|âDon't Use MeGa|asuhsausahusah
|c|âDon't Use MeGa|yeah yeah
|
|switch|p1a: Amoonguss|Amoonguss, M|430\/430
|-damage|p1a: Amoonguss|377\/430|[from] Stealth Rock
|move|p2a: Gyarados|Waterfall|p1a: Amoonguss
|-resisted|p1a: Amoonguss
|-damage|p1a: Amoonguss|167\/430
|
|-heal|p1a: Amoonguss|193\/430|[from] item: Black Sludge
|turn|45
|join|QueenOfLuvdiscs
|
|move|p2a: Gyarados|Waterfall|p1a: Amoonguss
|-resisted|p1a: Amoonguss
|-damage|p1a: Amoonguss|6\/430
|move|p1a: Amoonguss|Foul Play|p2a: Gyarados
|-end|p2a: Gyarados|Substitute
|
|-heal|p1a: Amoonguss|32\/430|[from] item: Black Sludge
|turn|46
|c|âDon't Use MeGa|pathetic
|c|âDon't Use MeGa|you forfeit ?
|join|sablenite
|c|âDon't Use MeGa|or more haxed me ?
|
|move|p2a: Gyarados|Waterfall|p1a: Amoonguss
|-resisted|p1a: Amoonguss
|-damage|p1a: Amoonguss|0 fnt
|faint|p1a: Amoonguss
|
|
|switch|p1a: Slowbro|Slowbro, M|159\/390
|-damage|p1a: Slowbro|111\/390|[from] Stealth Rock
|turn|47
|c| Ox the Fox|dont forfeit
|join|I ABR I
|c| Ox the Fox|dont give in to drugs
|leave|I ABR I
|join|Venator3K9
|c| QueenOfLuvdiscs|claim your points
|c| QueenOfLuvdiscs|:]
|c| Venator3K9|nossa
|c| QueenOfLuvdiscs|and kill a nigga
|c| Ox the Fox|yeah bud you'll get like 30 points
|c| Venator3K9|como esse gyarados foi chegar em +4? O.o
|
|move|p2a: Gyarados|Substitute|p2a: Gyarados
|-start|p2a: Gyarados|Substitute
|-damage|p2a: Gyarados|295\/393
|move|p1a: Slowbro|Slack Off|p1a: Slowbro
|-heal|p1a: Slowbro|306\/390
|
|-heal|p2a: Gyarados|319\/393|[from] item: Leftovers
|turn|48
|
|move|p2a: Gyarados|Waterfall|p1a: Slowbro
|-resisted|p1a: Slowbro
|-damage|p1a: Slowbro|147\/390
|move|p1a: Slowbro|Slack Off|p1a: Slowbro
|-heal|p1a: Slowbro|342\/390
|
|-heal|p2a: Gyarados|343\/393|[from] item: Leftovers
|turn|49
|
|move|p2a: Gyarados|Waterfall|p1a: Slowbro
|-resisted|p1a: Slowbro
|-damage|p1a: Slowbro|195\/390
|move|p1a: Slowbro|Ice Beam|p2a: Gyarados
|-activate|p2a: Gyarados|Substitute|[damage]
|
|-heal|p2a: Gyarados|367\/393|[from] item: Leftovers
|turn|50
|
|move|p2a: Gyarados|Waterfall|p1a: Slowbro
|-resisted|p1a: Slowbro
|-damage|p1a: Slowbro|51\/390
|move|p1a: Slowbro|Slack Off|p1a: Slowbro
|-heal|p1a: Slowbro|246\/390
|
|-heal|p2a: Gyarados|391\/393|[from] item: Leftovers
|turn|51
|
|move|p2a: Gyarados|Bounce|p1a: Slowbro|[still]
|-prepare|p2a: Gyarados|Bounce|p1a: Slowbro
|move|p1a: Slowbro|Slack Off|p1a: Slowbro
|-heal|p1a: Slowbro|390\/390
|
|-heal|p2a: Gyarados|393\/393|[from] item: Leftovers
|turn|52
|
|move|p2a: Gyarados|Bounce|p1a: Slowbro|[miss]
|-miss|p2a: Gyarados|p1a: Slowbro
|move|p1a: Slowbro|Slack Off|p1a: Slowbro
|-fail|p1a: Slowbro
|
|turn|53
|
|move|p2a: Gyarados|Bounce|p1a: Slowbro|[still]
|-prepare|p2a: Gyarados|Bounce|p1a: Slowbro
|move|p1a: Slowbro|Ice Beam|p2a: Gyarados|[miss]
|-miss|p1a: Slowbro|p2a: Gyarados
|
|turn|54
|
|move|p2a: Gyarados|Bounce|p1a: Slowbro
|-crit|p1a: Slowbro
|-damage|p1a: Slowbro|0 fnt
|faint|p1a: Slowbro
|
|c|âTaisukeSan|gg
|c|âDon't Use MeGa|asuhsauhsausha
|c|âDon't Use MeGa|more noob
|c|âTaisukeSan|cry more buddy
|c|âDon't Use MeGa|I never cry, I'm a god player in pokemon ;) understand one battle haxed
|c| Ox the Fox|yes u do
|c|âTaisukeSan|i missed bounce
|c|âTaisukeSan|many times
|c|âTaisukeSan|hax is hax
|c|âTaisukeSan|all people have it
|c|âTaisukeSan|sometimes we lucky, sometimes not
|leave|QueenOfLuvdiscs
|c| sablenite|if only you Used MeGa ;-;
|c|âTaisukeSan|be a man and just accept it
|c|âDon't Use MeGa|don't matter yours miss noob :)
|leave|Venator3K9
|c|âTaisukeSan|call me noob i dont care
|c|âTaisukeSan|still beat ur crying ass
|c| Ox the Fox|dont use mega ur da real noobvp
|c| Ox the Fox|try laddering with a team that isn't clicking the appropriate wall
|c|âTaisukeSan|true
|c|âTaisukeSan|stall all u want
|c|âTaisukeSan|60 sec left
|c|âTaisukeSan|5-0
|c|âTaisukeSan|who's noob?
|-message|Don't Use MeGa lost due to inactivity.
|
|win|TaisukeSan
|raw|Ladder updating...
|raw|Don&apos;t Use MeGa's rating: 1815 &rarr; <strong>1782<\/strong><br \/>(-33 for losing)
|raw|TaisukeSan's rating: 1553 &rarr; <strong>1585<\/strong><br \/>(+32 for winning)
|c| Ox the Fox|hue