|join|Don't Use Mega
|join|lt8i meki
|player|p1|Don't Use Mega|101
|player|p2|lt8i meki|144
|gametype|singles
|gen|6
|tier|OU
|rated
|clearpoke
|poke|p1|Zapdos
|poke|p1|Landorus-Therian, M
|poke|p1|Alomomola, F
|poke|p1|Clefable, M
|poke|p1|Gothitelle, F
|poke|p1|Tentacruel, F
|poke|p2|Charizard, F
|poke|p2|Rotom-Wash
|poke|p2|Jirachi
|poke|p2|Landorus-Therian, M
|poke|p2|Latias, F
|poke|p2|Sylveon, M
|rule|Swagger Clause: Swagger is banned
|rule|Baton Pass Clause: Limit one PokÃ©mon knowing Baton Pass
|rule|Sleep Clause Mod: Limit one foe put to sleep
|rule|Species Clause: Limit one of each PokÃ©mon
|rule|OHKO Clause: OHKO moves are banned
|rule|Moody Clause: Moody is banned
|rule|Evasion Moves Clause: Evasion moves are banned
|rule|Endless Battle Clause: Forcing endless battles is banned
|rule|HP Percentage Mod: HP is shown in percentages
|teampreview
|
|start
|switch|p1a: Clefable|Clefable, M|394\/394
|switch|p2a: Xinpanse|Rotom-Wash|303\/303
|turn|1
|
|move|p2a: Xinpanse|Hydro Pump|p1a: Clefable
|-damage|p1a: Clefable|265\/394
|move|p1a: Clefable|Stealth Rock|p2a: Xinpanse
|-sidestart|p2: lt8i meki|move: Stealth Rock
|
|-heal|p1a: Clefable|289\/394|[from] item: Leftovers
|turn|2
|
|move|p2a: Xinpanse|Volt Switch|p1a: Clefable
|-damage|p1a: Clefable|208\/394
|
|switch|p2a: Misicl|Charizard, F|297\/297
|-damage|p2a: Misicl|149\/297|[from] Stealth Rock
|move|p1a: Clefable|Moonblast|p2a: Misicl
|-resisted|p2a: Misicl
|-damage|p2a: Misicl|92\/297
|-unboost|p2a: Misicl|spa|1
|
|-heal|p1a: Clefable|232\/394|[from] item: Leftovers
|turn|3
|
|switch|p1a: Zapdos|Zapdos|383\/383
|-ability|p1a: Zapdos|Pressure
|move|p2a: Misicl|Roost|p2a: Misicl
|-heal|p2a: Misicl|241\/297
|
|turn|4
|
|detailschange|p2a: Misicl|Charizard-Mega-X, F
|message|Charizard has Mega Evolved into Mega Charizard!
|move|p2a: Misicl|Dragon Dance|p2a: Misicl
|-boost|p2a: Misicl|atk|1
|-boost|p2a: Misicl|spe|1
|move|p1a: Zapdos|Volt Switch|p2a: Misicl
|-resisted|p2a: Misicl
|-damage|p2a: Misicl|183\/297
|
|switch|p1a: Landorus-Therian|Landorus-Therian, M|382\/382
|-ability|p1a: Landorus-Therian|Intimidate|[of] p2a: Misicl
|-unboost|p2a: Misicl|atk|1
|
|turn|5
|
|switch|p2a: Venoncio|Landorus-Therian, M|381\/381
|-damage|p2a: Venoncio|334\/381|[from] Stealth Rock
|-ability|p2a: Venoncio|Intimidate|[of] p1a: Landorus-Therian
|-unboost|p1a: Landorus-Therian|atk|1
|move|p1a: Landorus-Therian|U-turn|p2a: Venoncio
|-resisted|p2a: Venoncio
|-damage|p2a: Venoncio|313\/381
|
|switch|p1a: Gothitelle|Gothitelle, F|301\/301
|
|-heal|p2a: Venoncio|336\/381|[from] item: Leftovers
|turn|6
|join|riptor
|
|switch|p1a: Landorus-Therian|Landorus-Therian, M|382\/382
|-ability|p1a: Landorus-Therian|Intimidate|[of] p2a: Venoncio
|-unboost|p2a: Venoncio|atk|1
|move|p2a: Venoncio|U-turn|p1a: Landorus-Therian
|-resisted|p1a: Landorus-Therian
|-damage|p1a: Landorus-Therian|354\/382
|
|switch|p2a: Xinpanse|Rotom-Wash|303\/303
|-damage|p2a: Xinpanse|266\/303|[from] Stealth Rock
|
|-heal|p2a: Xinpanse|284\/303|[from] item: Leftovers
|turn|7
|
|switch|p1a: Clefable|Clefable, M|232\/394
|move|p2a: Xinpanse|Will-O-Wisp|p1a: Clefable
|-status|p1a: Clefable|brn
|
|-heal|p2a: Xinpanse|302\/303|[from] item: Leftovers
|-heal|p1a: Clefable|256\/394 brn|[from] item: Leftovers
|turn|8
|
|move|p2a: Xinpanse|Volt Switch|p1a: Clefable
|-damage|p1a: Clefable|180\/394 brn
|
|switch|p2a: Misicl|Charizard-Mega-X, F|183\/297
|-damage|p2a: Misicl|109\/297|[from] Stealth Rock
|move|p1a: Clefable|Soft-Boiled|p1a: Clefable
|-heal|p1a: Clefable|377\/394 brn
|
|-heal|p1a: Clefable|394\/394 brn|[from] item: Leftovers
|turn|9
|
|switch|p2a: Satelait|Jirachi|404\/404
|-damage|p2a: Satelait|379\/404|[from] Stealth Rock
|switch|p1a: Landorus-Therian|Landorus-Therian, M|354\/382
|-ability|p1a: Landorus-Therian|Intimidate|[of] p2a: Satelait
|-unboost|p2a: Satelait|atk|1
|
|-heal|p2a: Satelait|404\/404|[from] item: Leftovers
|turn|10
|
|switch|p2a: Venoncio|Landorus-Therian, M|336\/381
|-damage|p2a: Venoncio|289\/381|[from] Stealth Rock
|-ability|p2a: Venoncio|Intimidate|[of] p1a: Landorus-Therian
|-unboost|p1a: Landorus-Therian|atk|1
|move|p1a: Landorus-Therian|Earthquake|p2a: Venoncio
|-immune|p2a: Venoncio|[msg]
|
|-heal|p2a: Venoncio|312\/381|[from] item: Leftovers
|turn|11
|
|switch|p1a: Alomomola|Alomomola, F|472\/472
|move|p2a: Venoncio|Stealth Rock|p1a: Alomomola
|-sidestart|p1: Don't Use Mega|move: Stealth Rock
|
|-heal|p2a: Venoncio|335\/381|[from] item: Leftovers
|turn|12
|
|move|p2a: Venoncio|U-turn|p1a: Alomomola
|-crit|p1a: Alomomola
|-damage|p1a: Alomomola|371\/472
|
|switch|p2a: Hola soy logico|Sylveon, M|394\/394
|-damage|p2a: Hola soy logico|345\/394|[from] Stealth Rock
|move|p1a: Alomomola|Toxic|p2a: Hola soy logico|[miss]
|-miss|p1a: Alomomola|p2a: Hola soy logico
|
|-heal|p1a: Alomomola|400\/472|[from] item: Leftovers
|-heal|p2a: Hola soy logico|369\/394|[from] item: Leftovers
|turn|13
|
|switch|p1a: Gothitelle|Gothitelle, F|301\/301
|-damage|p1a: Gothitelle|264\/301|[from] Stealth Rock
|switch|p2a: Yuic|Latias, F|321\/321
|-damage|p2a: Yuic|281\/321|[from] Stealth Rock
|
|turn|14
|
|switch|p1a: Clefable|Clefable, M|394\/394 brn
|move|p2a: Yuic|Draco Meteor|p1a: Clefable
|-immune|p1a: Clefable|[msg]
|
|turn|15
|c| riptor|lol
|
|switch|p2a: Satelait|Jirachi|404\/404
|-damage|p2a: Satelait|379\/404|[from] Stealth Rock
|switch|p1a: Gothitelle|Gothitelle, F|264\/301
|-damage|p1a: Gothitelle|227\/301|[from] Stealth Rock
|
|-heal|p2a: Satelait|404\/404|[from] item: Leftovers
|turn|16
|
|switch|p1a: Landorus-Therian|Landorus-Therian, M|354\/382
|-damage|p1a: Landorus-Therian|307\/382|[from] Stealth Rock
|-ability|p1a: Landorus-Therian|Intimidate|[of] p2a: Satelait
|-unboost|p2a: Satelait|atk|1
|move|p2a: Satelait|Iron Head|p1a: Landorus-Therian
|-damage|p1a: Landorus-Therian|238\/382
|
|turn|17
|
|switch|p2a: Venoncio|Landorus-Therian, M|335\/381
|-damage|p2a: Venoncio|288\/381|[from] Stealth Rock
|-ability|p2a: Venoncio|Intimidate|[of] p1a: Landorus-Therian
|-unboost|p1a: Landorus-Therian|atk|1
|move|p1a: Landorus-Therian|Knock Off|p2a: Venoncio
|-damage|p2a: Venoncio|232\/381
|-enditem|p2a: Venoncio|Leftovers|[from] move: Knock Off|[of] p1a: Landorus-Therian
|
|turn|18
|
|move|p2a: Venoncio|Earthquake|p1a: Landorus-Therian
|-immune|p1a: Landorus-Therian|[msg]
|move|p1a: Landorus-Therian|U-turn|p2a: Venoncio
|-resisted|p2a: Venoncio
|-damage|p2a: Venoncio|210\/381
|
|switch|p1a: Alomomola|Alomomola, F|472\/472
|-damage|p1a: Alomomola|413\/472|[from] Stealth Rock
|
|-heal|p1a: Alomomola|442\/472|[from] item: Leftovers
|turn|19
|
|move|p2a: Venoncio|U-turn|p1a: Alomomola
|-damage|p1a: Alomomola|380\/472
|
|switch|p2a: Yuic|Latias, F|281\/321
|-damage|p2a: Yuic|241\/321|[from] Stealth Rock
|move|p1a: Alomomola|Wish|p1a: Alomomola
|
|-heal|p1a: Alomomola|409\/472|[from] item: Leftovers
|turn|20
|join|Hans Lindberg
|
|move|p2a: Yuic|Defog|p1a: Alomomola
|-unboost|p1a: Alomomola|evasion|1
|-sideend|p1: Don't Use Mega|Stealth Rock|[from] move: Defog|[of] p1a: Alomomola
|-sideend|p2: lt8i meki|Stealth Rock|[from] move: Defog|[of] p2a: Yuic
|move|p1a: Alomomola|Toxic|p2a: Yuic|[miss]
|-miss|p1a: Alomomola|p2a: Yuic
|
|-heal|p1a: Alomomola|472\/472|[from] move: Wish|[wisher] Alomomola
|turn|21
|c| Hans Lindberg|focus on one match
|c| Hans Lindberg|B)
|c|âDon't Use Mega|you win, ok problem ? Gyarados counted me team no more.
|join|Zakuro_Fujiwara
|c| Hans Lindberg|i don't meant to be rude :(
|
|move|p2a: Yuic|Psyshock|p1a: Alomomola
|-damage|p1a: Alomomola|338\/472
|-damage|p2a: Yuic|209\/321|[from] item: Life Orb
|move|p1a: Alomomola|Wish|p1a: Alomomola
|
|-heal|p1a: Alomomola|367\/472|[from] item: Leftovers
|turn|22
|
|switch|p2a: Hola soy logico|Sylveon, M|369\/394
|move|p1a: Alomomola|Protect|p1a: Alomomola
|-fail|p1a: Alomomola
|
|-heal|p1a: Alomomola|472\/472|[from] move: Wish|[wisher] Alomomola
|-heal|p2a: Hola soy logico|393\/394|[from] item: Leftovers
|turn|23
|
|move|p1a: Alomomola|Wish|p1a: Alomomola
|move|p2a: Hola soy logico|Hyper Voice|p1a: Alomomola
|-crit|p1a: Alomomola
|-damage|p1a: Alomomola|213\/472
|
|-heal|p1a: Alomomola|242\/472|[from] item: Leftovers
|-heal|p2a: Hola soy logico|394\/394|[from] item: Leftovers
|turn|24
|
|switch|p1a: Landorus-Therian|Landorus-Therian, M|238\/382
|-ability|p1a: Landorus-Therian|Intimidate|[of] p2a: Hola soy logico
|-unboost|p2a: Hola soy logico|atk|1
|move|p2a: Hola soy logico|Wish|p2a: Hola soy logico
|
|-heal|p1a: Landorus-Therian|382\/382|[from] move: Wish|[wisher] Alomomola
|turn|25
|
|switch|p2a: Venoncio|Landorus-Therian, M|210\/381
|-ability|p2a: Venoncio|Intimidate|[of] p1a: Landorus-Therian
|-unboost|p1a: Landorus-Therian|atk|1
|move|p1a: Landorus-Therian|U-turn|p2a: Venoncio
|-resisted|p2a: Venoncio
|-damage|p2a: Venoncio|189\/381
|
|switch|p1a: Zapdos|Zapdos|383\/383
|-ability|p1a: Zapdos|Pressure
|
|-heal|p2a: Venoncio|381\/381|[from] move: Wish|[wisher] Hola soy logico
|turn|26
|
|switch|p2a: Hola soy logico|Sylveon, M|394\/394
|move|p1a: Zapdos|Substitute|p1a: Zapdos
|-start|p1a: Zapdos|Substitute
|-damage|p1a: Zapdos|288\/383
|
|-heal|p1a: Zapdos|311\/383|[from] item: Leftovers
|turn|27
|
|move|p1a: Zapdos|Heat Wave|p2a: Hola soy logico
|-miss|p1a: Zapdos|p2a: Hola soy logico
|move|p2a: Hola soy logico|Hyper Voice|p1a: Zapdos
|-damage|p1a: Zapdos|202\/383
|
|-heal|p1a: Zapdos|225\/383|[from] item: Leftovers
|turn|28
|
|move|p1a: Zapdos|Heat Wave|p2a: Hola soy logico
|-damage|p2a: Hola soy logico|336\/394
|move|p2a: Hola soy logico|Hyper Voice|p1a: Zapdos
|-damage|p1a: Zapdos|102\/383
|
|-heal|p1a: Zapdos|125\/383|[from] item: Leftovers
|-heal|p2a: Hola soy logico|360\/394|[from] item: Leftovers
|turn|29
|
|move|p1a: Zapdos|Roost|p1a: Zapdos
|-heal|p1a: Zapdos|317\/383
|move|p2a: Hola soy logico|Hyper Voice|p1a: Zapdos
|-damage|p1a: Zapdos|208\/383
|
|-heal|p1a: Zapdos|231\/383|[from] item: Leftovers
|-heal|p2a: Hola soy logico|384\/394|[from] item: Leftovers
|turn|30
|
|move|p1a: Zapdos|Heat Wave|p2a: Hola soy logico
|-damage|p2a: Hola soy logico|326\/394
|move|p2a: Hola soy logico|Hyper Voice|p1a: Zapdos
|-damage|p1a: Zapdos|107\/383
|
|-heal|p1a: Zapdos|130\/383|[from] item: Leftovers
|-heal|p2a: Hola soy logico|350\/394|[from] item: Leftovers
|turn|31
|
|switch|p2a: Satelait|Jirachi|404\/404
|move|p1a: Zapdos|Roost|p1a: Zapdos
|-heal|p1a: Zapdos|322\/383
|
|-heal|p1a: Zapdos|345\/383|[from] item: Leftovers
|turn|32
|
|move|p2a: Satelait|Body Slam|p1a: Zapdos
|-activate|p1a: Zapdos|Substitute|[damage]
|move|p1a: Zapdos|Heat Wave|p2a: Satelait
|-crit|p2a: Satelait
|-supereffective|p2a: Satelait
|-damage|p2a: Satelait|194\/404
|
|-heal|p2a: Satelait|219\/404|[from] item: Leftovers
|-heal|p1a: Zapdos|368\/383|[from] item: Leftovers
|turn|33
|
|move|p2a: Satelait|Protect|p2a: Satelait
|-singleturn|p2a: Satelait|Protect
|move|p1a: Zapdos|Substitute|p1a: Zapdos
|-fail|p1a: Zapdos|move: Substitute
|
|-heal|p2a: Satelait|244\/404|[from] item: Leftovers
|-heal|p1a: Zapdos|383\/383|[from] item: Leftovers
|turn|34
|
|move|p2a: Satelait|Wish|p2a: Satelait
|move|p1a: Zapdos|Substitute|p1a: Zapdos
|-fail|p1a: Zapdos|move: Substitute
|
|-heal|p2a: Satelait|269\/404|[from] item: Leftovers
|turn|35
|
|move|p2a: Satelait|Body Slam|p1a: Zapdos
|-end|p1a: Zapdos|Substitute
|move|p1a: Zapdos|Substitute|p1a: Zapdos
|-start|p1a: Zapdos|Substitute
|-damage|p1a: Zapdos|288\/383
|
|-heal|p2a: Satelait|404\/404|[from] move: Wish|[wisher] Satelait
|-heal|p1a: Zapdos|311\/383|[from] item: Leftovers
|turn|36
|
|move|p2a: Satelait|Wish|p2a: Satelait
|move|p1a: Zapdos|Heat Wave|p2a: Satelait
|-crit|p2a: Satelait
|-supereffective|p2a: Satelait
|-damage|p2a: Satelait|208\/404
|
|-heal|p2a: Satelait|233\/404|[from] item: Leftovers
|-heal|p1a: Zapdos|334\/383|[from] item: Leftovers
|turn|37
|
|move|p2a: Satelait|Protect|p2a: Satelait
|-singleturn|p2a: Satelait|Protect
|move|p1a: Zapdos|Heat Wave|p2a: Satelait
|-activate|p2a: Satelait|Protect
|
|-heal|p2a: Satelait|404\/404|[from] move: Wish|[wisher] Satelait
|-heal|p1a: Zapdos|357\/383|[from] item: Leftovers
|turn|38
|
|move|p2a: Satelait|Wish|p2a: Satelait
|move|p1a: Zapdos|Heat Wave|p2a: Satelait
|-supereffective|p2a: Satelait
|-damage|p2a: Satelait|278\/404
|
|-heal|p2a: Satelait|303\/404|[from] item: Leftovers
|-heal|p1a: Zapdos|380\/383|[from] item: Leftovers
|turn|39
|
|switch|p2a: Misicl|Charizard-Mega-X, F|109\/297
|move|p1a: Zapdos|Volt Switch|p2a: Misicl
|-resisted|p2a: Misicl
|-damage|p2a: Misicl|52\/297
|
|switch|p1a: Landorus-Therian|Landorus-Therian, M|382\/382
|-ability|p1a: Landorus-Therian|Intimidate|[of] p2a: Misicl
|-unboost|p2a: Misicl|atk|1
|
|-heal|p2a: Misicl|254\/297|[from] move: Wish|[wisher] Satelait
|turn|40
|
|switch|p2a: Venoncio|Landorus-Therian, M|381\/381
|-ability|p2a: Venoncio|Intimidate|[of] p1a: Landorus-Therian
|-unboost|p1a: Landorus-Therian|atk|1
|move|p1a: Landorus-Therian|Stone Edge|p2a: Venoncio
|-damage|p2a: Venoncio|319\/381
|
|turn|41
|
|move|p2a: Venoncio|U-turn|p1a: Landorus-Therian
|-resisted|p1a: Landorus-Therian
|-damage|p1a: Landorus-Therian|338\/382
|
|switch|p2a: Xinpanse|Rotom-Wash|302\/303
|move|p1a: Landorus-Therian|U-turn|p2a: Xinpanse
|-damage|p2a: Xinpanse|264\/303
|
|switch|p1a: Clefable|Clefable, M|394\/394 brn
|
|-heal|p2a: Xinpanse|282\/303|[from] item: Leftovers
|turn|42
|
|move|p2a: Xinpanse|Volt Switch|p1a: Clefable
|-damage|p1a: Clefable|313\/394 brn
|
|switch|p2a: Misicl|Charizard-Mega-X, F|254\/297
|move|p1a: Clefable|Stealth Rock|p2a: Misicl
|-sidestart|p2: lt8i meki|move: Stealth Rock
|
|-heal|p1a: Clefable|337\/394 brn|[from] item: Leftovers
|turn|43
|
|switch|p1a: Landorus-Therian|Landorus-Therian, M|338\/382
|-ability|p1a: Landorus-Therian|Intimidate|[of] p2a: Misicl
|-unboost|p2a: Misicl|atk|1
|move|p2a: Misicl|Flare Blitz|p1a: Landorus-Therian
|-damage|p1a: Landorus-Therian|115\/382
|-damage|p2a: Misicl|180\/297|[from] recoil|[of] p1a: Landorus-Therian
|
|turn|44
|
|switch|p1a: Alomomola|Alomomola, F|399\/472
|move|p2a: Misicl|Flare Blitz|p1a: Alomomola
|-resisted|p1a: Alomomola
|-damage|p1a: Alomomola|315\/472
|-damage|p2a: Misicl|152\/297|[from] recoil|[of] p1a: Alomomola
|
|-heal|p1a: Alomomola|344\/472|[from] item: Leftovers
|turn|45
|
|move|p2a: Misicl|Roost|p2a: Misicl
|-heal|p2a: Misicl|297\/297
|move|p1a: Alomomola|Wish|p1a: Alomomola
|
|-heal|p1a: Alomomola|373\/472|[from] item: Leftovers
|turn|46
|
|switch|p2a: Hola soy logico|Sylveon, M|350\/394
|-damage|p2a: Hola soy logico|301\/394|[from] Stealth Rock
|move|p1a: Alomomola|Toxic|p2a: Hola soy logico
|-status|p2a: Hola soy logico|tox
|
|-heal|p1a: Alomomola|472\/472|[from] move: Wish|[wisher] Alomomola
|-heal|p2a: Hola soy logico|325\/394 tox|[from] item: Leftovers
|-damage|p2a: Hola soy logico|301\/394 tox|[from] psn
|turn|47
|
|move|p1a: Alomomola|Wish|p1a: Alomomola
|move|p2a: Hola soy logico|Heal Bell|p2a: Hola soy logico
|-cureteam|p2a: Hola soy logico|[from] move: HealBell
|
|-heal|p2a: Hola soy logico|325\/394|[from] item: Leftovers
|turn|48
|
|switch|p1a: Landorus-Therian|Landorus-Therian, M|115\/382
|-ability|p1a: Landorus-Therian|Intimidate|[of] p2a: Hola soy logico
|-unboost|p2a: Hola soy logico|atk|1
|move|p2a: Hola soy logico|Heal Bell|p2a: Hola soy logico
|-cureteam|p2a: Hola soy logico|[from] move: HealBell
|
|-heal|p1a: Landorus-Therian|351\/382|[from] move: Wish|[wisher] Alomomola
|-heal|p2a: Hola soy logico|349\/394|[from] item: Leftovers
|turn|49
|
|move|p1a: Landorus-Therian|U-turn|p2a: Hola soy logico
|-resisted|p2a: Hola soy logico
|-damage|p2a: Hola soy logico|291\/394
|
|switch|p1a: Gothitelle|Gothitelle, F|227\/301
|move|p2a: Hola soy logico|Wish|p2a: Hola soy logico
|
|-heal|p2a: Hola soy logico|315\/394|[from] item: Leftovers
|turn|50
|c| riptor|esta serÃ¡ longa
|
|move|p1a: Gothitelle|Trick|p2a: Hola soy logico
|-activate|p1a: Gothitelle|move: Trick|[of] p2a: Hola soy logico
|-item|p2a: Hola soy logico|Choice Scarf|[from] move: Trick
|-item|p1a: Gothitelle|Leftovers|[from] move: Trick
|move|p2a: Hola soy logico|Hyper Voice|p1a: Gothitelle
|-crit|p1a: Gothitelle
|-damage|p1a: Gothitelle|32\/301
|
|-heal|p2a: Hola soy logico|394\/394|[from] move: Wish|[wisher] Hola soy logico
|-heal|p1a: Gothitelle|50\/301|[from] item: Leftovers
|turn|51
|c|âDon't Use Mega|n mais
|
|switch|p1a: Tentacruel|Tentacruel, F|352\/352
|move|p2a: Hola soy logico|Hyper Voice|p1a: Tentacruel
|-resisted|p1a: Tentacruel
|-damage|p1a: Tentacruel|292\/352
|
|-heal|p1a: Tentacruel|314\/352|[from] item: Black Sludge
|turn|52
|
|switch|p1a: Landorus-Therian|Landorus-Therian, M|351\/382
|-ability|p1a: Landorus-Therian|Intimidate|[of] p2a: Hola soy logico
|-unboost|p2a: Hola soy logico|atk|1
|switch|p2a: Xinpanse|Rotom-Wash|282\/303
|-damage|p2a: Xinpanse|245\/303|[from] Stealth Rock
|
|-heal|p2a: Xinpanse|263\/303|[from] item: Leftovers
|turn|53
|
|switch|p1a: Clefable|Clefable, M|337\/394 brn
|move|p2a: Xinpanse|Will-O-Wisp|p1a: Clefable
|-fail|p1a: Clefable|brn
|
|-heal|p2a: Xinpanse|281\/303|[from] item: Leftovers
|-heal|p1a: Clefable|361\/394 brn|[from] item: Leftovers
|turn|54
|
|move|p2a: Xinpanse|Volt Switch|p1a: Clefable
|-damage|p1a: Clefable|277\/394 brn
|
|switch|p2a: Satelait|Jirachi|303\/404
|-damage|p2a: Satelait|278\/404|[from] Stealth Rock
|move|p1a: Clefable|Moonblast|p2a: Satelait
|-resisted|p2a: Satelait
|-damage|p2a: Satelait|238\/404
|
|-heal|p2a: Satelait|263\/404|[from] item: Leftovers
|-heal|p1a: Clefable|301\/394 brn|[from] item: Leftovers
|turn|55
|
|move|p2a: Satelait|Iron Head|p1a: Clefable
|-supereffective|p1a: Clefable
|-damage|p1a: Clefable|113\/394 brn
|move|p1a: Clefable|Flamethrower|p2a: Satelait
|-supereffective|p2a: Satelait
|-damage|p2a: Satelait|163\/404
|-status|p2a: Satelait|brn
|
|-heal|p2a: Satelait|188\/404 brn|[from] item: Leftovers
|-heal|p1a: Clefable|137\/394 brn|[from] item: Leftovers
|-damage|p2a: Satelait|138\/404 brn|[from] brn
|turn|56
|c|âDon't Use Mega|finalmente
|
|switch|p1a: Zapdos|Zapdos|380\/383
|-ability|p1a: Zapdos|Pressure
|move|p2a: Satelait|Iron Head|p1a: Zapdos
|-resisted|p1a: Zapdos
|-damage|p1a: Zapdos|352\/383
|
|-heal|p2a: Satelait|163\/404 brn|[from] item: Leftovers
|-heal|p1a: Zapdos|375\/383|[from] item: Leftovers
|-damage|p2a: Satelait|113\/404 brn|[from] brn
|turn|57
|
|switch|p2a: Hola soy logico|Sylveon, M|394\/394
|-damage|p2a: Hola soy logico|345\/394|[from] Stealth Rock
|move|p1a: Zapdos|Volt Switch|p2a: Hola soy logico
|-damage|p2a: Hola soy logico|284\/394
|
|switch|p1a: Gothitelle|Gothitelle, F|50\/301
|
|-heal|p1a: Gothitelle|68\/301|[from] item: Leftovers
|turn|58
|
|switch|p1a: Zapdos|Zapdos|375\/383
|-ability|p1a: Zapdos|Pressure
|move|p2a: Hola soy logico|Heal Bell|p2a: Hola soy logico
|-cureteam|p2a: Hola soy logico|[from] move: HealBell
|
|-heal|p1a: Zapdos|383\/383|[from] item: Leftovers
|turn|59
|
|switch|p2a: Yuic|Latias, F|209\/321
|-damage|p2a: Yuic|169\/321|[from] Stealth Rock
|move|p1a: Zapdos|Volt Switch|p2a: Yuic
|-resisted|p2a: Yuic
|-damage|p2a: Yuic|127\/321
|
|switch|p1a: Landorus-Therian|Landorus-Therian, M|351\/382
|-ability|p1a: Landorus-Therian|Intimidate|[of] p2a: Yuic
|-unboost|p2a: Yuic|atk|1
|
|turn|60
|leave|riptor
|
|move|p2a: Yuic|Draco Meteor|p1a: Landorus-Therian
|-damage|p1a: Landorus-Therian|203\/382
|-unboost|p2a: Yuic|spa|2
|-damage|p2a: Yuic|95\/321|[from] item: Life Orb
|move|p1a: Landorus-Therian|U-turn|p2a: Yuic
|-supereffective|p2a: Yuic
|-damage|p2a: Yuic|0 fnt
|faint|p2a: Yuic
|c|âlt8i meki|lol
|
|switch|p1a: Zapdos|Zapdos|383\/383
|-ability|p1a: Zapdos|Pressure
|
|join|riptor
|c|âDon't Use Mega|: )
|c|âDon't Use Mega|it's easy latias :V
|c| riptor|lol
|c|âlt8i meki|the random sets
|c|âDon't Use Mega|yes yes
|
|switch|p2a: Misicl|Charizard-Mega-X, F|297\/297
|-damage|p2a: Misicl|223\/297|[from] Stealth Rock
|turn|61
|c|âDon't Use Mega|is a hardpuzzle set
|c|âDon't Use Mega|1	hardpuzzle	1988	87.0	1859 Â± 27	--
|
|move|p2a: Misicl|Dragon Dance|p2a: Misicl
|-boost|p2a: Misicl|atk|1
|-boost|p2a: Misicl|spe|1
|move|p1a: Zapdos|Volt Switch|p2a: Misicl
|-resisted|p2a: Misicl
|-damage|p2a: Misicl|169\/297
|
|switch|p1a: Landorus-Therian|Landorus-Therian, M|203\/382
|-ability|p1a: Landorus-Therian|Intimidate|[of] p2a: Misicl
|-unboost|p2a: Misicl|atk|1
|
|turn|62
|
|switch|p1a: Alomomola|Alomomola, F|472\/472
|move|p2a: Misicl|Flare Blitz|p1a: Alomomola
|-resisted|p1a: Alomomola
|-damage|p1a: Alomomola|353\/472
|-damage|p2a: Misicl|130\/297|[from] recoil|[of] p1a: Alomomola
|
|-heal|p1a: Alomomola|382\/472|[from] item: Leftovers
|turn|63
|
|move|p2a: Misicl|Dragon Claw|p1a: Alomomola
|-damage|p1a: Alomomola|195\/472
|move|p1a: Alomomola|Toxic|p2a: Misicl
|-status|p2a: Misicl|tox
|
|-heal|p1a: Alomomola|224\/472|[from] item: Leftovers
|-damage|p2a: Misicl|112\/297 tox|[from] psn
|turn|64
|
|move|p2a: Misicl|Roost|p2a: Misicl
|-heal|p2a: Misicl|261\/297 tox
|move|p1a: Alomomola|Scald|p2a: Misicl
|-damage|p2a: Misicl|210\/297 tox
|
|-heal|p1a: Alomomola|253\/472|[from] item: Leftovers
|-damage|p2a: Misicl|174\/297 tox|[from] psn
|turn|65
|-message|lt8i meki forfeited.
|
|win|Don't Use Mega
|raw|Ladder updating...
|raw|Don&apos;t Use Mega's rating: 1456 &rarr; <strong>1472<\/strong><br \/>(+16 for winning)
|raw|lt8i meki's rating: 1395 &rarr; <strong>1379<\/strong><br \/>(-16 for losing)
|leave|Don't Use Mega
|player|p1