|join|Don't Use MeGa
|join|SeasonsLLL
|player|p1|Don't Use MeGa|101
|player|p2|SeasonsLLL|96
|gametype|singles
|gen|6
|tier|OU
|rated
|clearpoke
|poke|p1|Tyranitar, M
|poke|p1|Slowbro, F
|poke|p1|Skarmory, M
|poke|p1|Amoonguss, F
|poke|p1|Clefable, M
|poke|p1|Chansey, F
|poke|p2|Hawlucha, F
|poke|p2|Gardevoir, F
|poke|p2|Heatran, F
|poke|p2|Keldeo
|poke|p2|Landorus-Therian, M
|poke|p2|Rotom-Wash
|rule|Swagger Clause: Swagger is banned
|rule|Baton Pass Clause: Limit one PokÃ©mon knowing Baton Pass
|rule|Sleep Clause Mod: Limit one foe put to sleep
|rule|Species Clause: Limit one of each PokÃ©mon
|rule|OHKO Clause: OHKO moves are banned
|rule|Moody Clause: Moody is banned
|rule|Evasion Moves Clause: Evasion moves are banned
|rule|Endless Battle Clause: Forcing endless battles is banned
|rule|HP Percentage Mod: HP is shown in percentages
|teampreview
|c|âSeasonsLLL|wtf no mega..
|c|âSeasonsLLL|im not using any mega either
|c|âSeasonsLLL|surprisingly
|
|start
|switch|p1a: Amoonguss|Amoonguss, F|430\/430
|switch|p2a: Rotom-Wash|Rotom-Wash|304\/304
|turn|1
|
|move|p2a: Rotom-Wash|Volt Switch|p1a: Amoonguss
|-resisted|p1a: Amoonguss
|-damage|p1a: Amoonguss|382\/430
|c|âDon't Use MeGa|:P
|
|switch|p2a: Landorus-Therian|Landorus-Therian, M|320\/320
|-ability|p2a: Landorus-Therian|Intimidate|[of] p1a: Amoonguss
|-unboost|p1a: Amoonguss|atk|1
|move|p1a: Amoonguss|Spore|p2a: Landorus-Therian
|-status|p2a: Landorus-Therian|slp
|
|-heal|p1a: Amoonguss|408\/430|[from] item: Black Sludge
|turn|2
|
|switch|p2a: Heatran|Heatran, F|386\/386
|switch|p1a: Tyranitar|Tyranitar, M|342\/342
|-weather|Sandstorm
|
|-weather|Sandstorm|[upkeep]
|turn|3
|
|switch|p2a: Keldeo|Keldeo|323\/323
|move|p1a: Tyranitar|Superpower|p2a: Keldeo
|-damage|p2a: Keldeo|176\/323
|-unboost|p1a: Tyranitar|atk|1
|-unboost|p1a: Tyranitar|def|1
|
|-weather|Sandstorm|[upkeep]
|-damage|p2a: Keldeo|156\/323|[from] sandstorm
|turn|4
|
|switch|p1a: Amoonguss|Amoonguss, F|430\/430
|move|p2a: Keldeo|Scald|p1a: Amoonguss
|-resisted|p1a: Amoonguss
|-damage|p1a: Amoonguss|299\/430
|
|-weather|Sandstorm|[upkeep]
|-damage|p2a: Keldeo|136\/323|[from] sandstorm
|-damage|p1a: Amoonguss|273\/430|[from] sandstorm
|-heal|p1a: Amoonguss|299\/430|[from] item: Black Sludge
|turn|5
|
|switch|p2a: Heatran|Heatran, F|386\/386
|switch|p1a: Slowbro|Slowbro, F|390\/390
|
|-weather|Sandstorm|[upkeep]
|-damage|p1a: Slowbro|366\/390|[from] sandstorm
|turn|6
|
|switch|p1a: Chansey|Chansey, F|670\/670
|move|p2a: Heatran|Stealth Rock|p1a: Chansey
|-sidestart|p1: Don't Use MeGa|move: Stealth Rock
|
|-weather|none
|turn|7
|
|move|p2a: Heatran|Taunt|p1a: Chansey
|-start|p1a: Chansey|move: Taunt
|cant|p1a: Chansey|move: Taunt|Stealth Rock
|
|turn|8
|
|move|p2a: Heatran|Toxic|p1a: Chansey|[miss]
|-miss|p2a: Heatran|p1a: Chansey
|move|p1a: Chansey|Seismic Toss|p2a: Heatran
|-damage|p2a: Heatran|286\/386
|
|-heal|p2a: Heatran|310\/386|[from] item: Leftovers
|turn|9
|
|switch|p1a: Clefable|Clefable, M|392\/392
|move|p2a: Heatran|Toxic|p1a: Clefable
|-status|p1a: Clefable|tox
|
|-heal|p2a: Heatran|334\/386|[from] item: Leftovers
|turn|10
|
|move|p2a: Heatran|Lava Plume|p1a: Clefable
|-damage|p1a: Clefable|269\/392 tox
|move|p1a: Clefable|Knock Off|p2a: Heatran
|-damage|p2a: Heatran|286\/386
|-enditem|p2a: Heatran|Leftovers|[from] move: Knock Off|[of] p1a: Clefable
|
|-heal|p1a: Clefable|293\/392 tox|[from] item: Leftovers
|turn|11
|
|move|p2a: Heatran|Lava Plume|p1a: Clefable
|-damage|p1a: Clefable|160\/392 tox
|move|p1a: Clefable|Calm Mind|p1a: Clefable
|-boost|p1a: Clefable|spa|1
|-boost|p1a: Clefable|spd|1
|
|-heal|p1a: Clefable|184\/392 tox|[from] item: Leftovers
|turn|12
|
|switch|p1a: Tyranitar|Tyranitar, M|342\/342
|-damage|p1a: Tyranitar|300\/342|[from] Stealth Rock
|-weather|Sandstorm
|move|p2a: Heatran|Taunt|p1a: Tyranitar
|-start|p1a: Tyranitar|move: Taunt
|
|-weather|Sandstorm|[upkeep]
|turn|13
|
|switch|p2a: Rotom-Wash|Rotom-Wash|304\/304
|move|p1a: Tyranitar|Superpower|p2a: Rotom-Wash
|-damage|p2a: Rotom-Wash|198\/304
|-unboost|p1a: Tyranitar|atk|1
|-unboost|p1a: Tyranitar|def|1
|
|-weather|Sandstorm|[upkeep]
|-damage|p2a: Rotom-Wash|179\/304|[from] sandstorm
|-heal|p2a: Rotom-Wash|198\/304|[from] item: Leftovers
|turn|14
|
|switch|p1a: Amoonguss|Amoonguss, F|430\/430
|-damage|p1a: Amoonguss|377\/430|[from] Stealth Rock
|move|p2a: Rotom-Wash|Volt Switch|p1a: Amoonguss
|-resisted|p1a: Amoonguss
|-damage|p1a: Amoonguss|326\/430
|
|switch|p2a: Hawlucha|Hawlucha, F|298\/298
|
|-weather|Sandstorm|[upkeep]
|-damage|p2a: Hawlucha|280\/298|[from] sandstorm
|-damage|p1a: Amoonguss|300\/430|[from] sandstorm
|-heal|p1a: Amoonguss|326\/430|[from] item: Black Sludge
|turn|15
|
|switch|p2a: Rotom-Wash|Rotom-Wash|198\/304
|switch|p1a: Slowbro|Slowbro, F|390\/390
|-damage|p1a: Slowbro|342\/390|[from] Stealth Rock
|
|-weather|Sandstorm|[upkeep]
|-damage|p2a: Rotom-Wash|179\/304|[from] sandstorm
|-damage|p1a: Slowbro|318\/390|[from] sandstorm
|-heal|p2a: Rotom-Wash|198\/304|[from] item: Leftovers
|turn|16
|
|switch|p1a: Amoonguss|Amoonguss, F|430\/430
|-damage|p1a: Amoonguss|377\/430|[from] Stealth Rock
|move|p2a: Rotom-Wash|Volt Switch|p1a: Amoonguss
|-resisted|p1a: Amoonguss
|-damage|p1a: Amoonguss|326\/430
|
|switch|p2a: Gardevoir|Gardevoir, F|277\/277
|-ability|p2a: Gardevoir|Regenerator|[from] ability: Trace|[of] p1a: Amoonguss
|
|-weather|none
|-heal|p1a: Amoonguss|352\/430|[from] item: Black Sludge
|turn|17
|join|InToDaPussi
|
|switch|p2a: Keldeo|Keldeo|136\/323
|switch|p1a: Chansey|Chansey, F|670\/670
|-damage|p1a: Chansey|587\/670|[from] Stealth Rock
|
|turn|18
|
|switch|p1a: Amoonguss|Amoonguss, F|430\/430
|-damage|p1a: Amoonguss|377\/430|[from] Stealth Rock
|move|p2a: Keldeo|Scald|p1a: Amoonguss
|-resisted|p1a: Amoonguss
|-damage|p1a: Amoonguss|243\/430
|-status|p1a: Amoonguss|brn
|
|-heal|p1a: Amoonguss|269\/430 brn|[from] item: Black Sludge
|-damage|p1a: Amoonguss|216\/430 brn|[from] brn
|turn|19
|
|switch|p2a: Hawlucha|Hawlucha, F|280\/298
|switch|p1a: Tyranitar|Tyranitar, M|300\/342
|-damage|p1a: Tyranitar|258\/342|[from] Stealth Rock
|-weather|Sandstorm
|
|-weather|Sandstorm|[upkeep]
|-damage|p2a: Hawlucha|262\/298|[from] sandstorm
|turn|20
|
|switch|p1a: Slowbro|Slowbro, F|390\/390
|-damage|p1a: Slowbro|342\/390|[from] Stealth Rock
|move|p2a: Hawlucha|Swords Dance|p2a: Hawlucha
|-boost|p2a: Hawlucha|atk|2
|
|-weather|Sandstorm|[upkeep]
|-damage|p2a: Hawlucha|244\/298|[from] sandstorm
|-damage|p1a: Slowbro|318\/390|[from] sandstorm
|turn|21
|
|switch|p2a: Rotom-Wash|Rotom-Wash|198\/304
|move|p1a: Slowbro|Scald|p2a: Rotom-Wash
|-resisted|p2a: Rotom-Wash
|-damage|p2a: Rotom-Wash|155\/304
|
|-weather|Sandstorm|[upkeep]
|-damage|p2a: Rotom-Wash|136\/304|[from] sandstorm
|-damage|p1a: Slowbro|294\/390|[from] sandstorm
|-heal|p2a: Rotom-Wash|155\/304|[from] item: Leftovers
|turn|22
|
|switch|p1a: Amoonguss|Amoonguss, F|359\/430 brn
|-damage|p1a: Amoonguss|306\/430 brn|[from] Stealth Rock
|move|p2a: Rotom-Wash|Volt Switch|p1a: Amoonguss
|-crit|p1a: Amoonguss
|-resisted|p1a: Amoonguss
|-damage|p1a: Amoonguss|231\/430 brn
|
|switch|p2a: Hawlucha|Hawlucha, F|244\/298
|
|-weather|Sandstorm|[upkeep]
|-damage|p2a: Hawlucha|226\/298|[from] sandstorm
|-damage|p1a: Amoonguss|205\/430 brn|[from] sandstorm
|-heal|p1a: Amoonguss|231\/430 brn|[from] item: Black Sludge
|-damage|p1a: Amoonguss|178\/430 brn|[from] brn
|turn|23
|
|switch|p1a: Slowbro|Slowbro, F|390\/390
|-damage|p1a: Slowbro|342\/390|[from] Stealth Rock
|move|p2a: Hawlucha|Swords Dance|p2a: Hawlucha
|-boost|p2a: Hawlucha|atk|2
|
|-weather|none
|turn|24
|
|move|p2a: Hawlucha|Substitute|p2a: Hawlucha
|-start|p2a: Hawlucha|Substitute
|-damage|p2a: Hawlucha|152\/298
|move|p1a: Slowbro|Ice Beam|p2a: Hawlucha
|-supereffective|p2a: Hawlucha
|-end|p2a: Hawlucha|Substitute
|
|turn|25
|
|switch|p2a: Rotom-Wash|Rotom-Wash|155\/304
|move|p1a: Slowbro|Ice Beam|p2a: Rotom-Wash
|-resisted|p2a: Rotom-Wash
|-damage|p2a: Rotom-Wash|125\/304
|
|-heal|p2a: Rotom-Wash|144\/304|[from] item: Leftovers
|turn|26
|
|switch|p1a: Amoonguss|Amoonguss, F|321\/430 brn
|-damage|p1a: Amoonguss|268\/430 brn|[from] Stealth Rock
|move|p2a: Rotom-Wash|Volt Switch|p1a: Amoonguss
|-resisted|p1a: Amoonguss
|-damage|p1a: Amoonguss|213\/430 brn
|
|switch|p2a: Gardevoir|Gardevoir, F|277\/277
|-ability|p2a: Gardevoir|Regenerator|[from] ability: Trace|[of] p1a: Amoonguss
|
|-heal|p1a: Amoonguss|239\/430 brn|[from] item: Black Sludge
|-damage|p1a: Amoonguss|186\/430 brn|[from] brn
|turn|27
|
|switch|p1a: Chansey|Chansey, F|587\/670
|-damage|p1a: Chansey|504\/670|[from] Stealth Rock
|detailschange|p2a: Gardevoir|Gardevoir-Mega, F
|message|Gardevoir has Mega Evolved into Mega Gardevoir!
|move|p2a: Gardevoir|Calm Mind|p2a: Gardevoir
|-boost|p2a: Gardevoir|spa|1
|-boost|p2a: Gardevoir|spd|1
|
|turn|28
|
|move|p2a: Gardevoir|Psyshock|p1a: Chansey
|-damage|p1a: Chansey|182\/670
|move|p1a: Chansey|Thunder Wave|p2a: Gardevoir
|-status|p2a: Gardevoir|par
|
|turn|29
|
|switch|p2a: Keldeo|Keldeo|136\/323
|move|p1a: Chansey|Soft-Boiled|p1a: Chansey
|-heal|p1a: Chansey|517\/670
|
|turn|30
|
|switch|p1a: Amoonguss|Amoonguss, F|329\/430 brn
|-damage|p1a: Amoonguss|276\/430 brn|[from] Stealth Rock
|move|p2a: Keldeo|Secret Sword|p1a: Amoonguss
|-resisted|p1a: Amoonguss
|-damage|p1a: Amoonguss|174\/430 brn
|
|-heal|p1a: Amoonguss|200\/430 brn|[from] item: Black Sludge
|-damage|p1a: Amoonguss|147\/430 brn|[from] brn
|turn|31
|
|switch|p2a: Rotom-Wash|Rotom-Wash|144\/304
|move|p1a: Amoonguss|Giga Drain|p2a: Rotom-Wash
|-supereffective|p2a: Rotom-Wash
|-damage|p2a: Rotom-Wash|4\/304
|-heal|p1a: Amoonguss|217\/430 brn|[from] drain|[of] p2a: Rotom-Wash
|
|-heal|p2a: Rotom-Wash|23\/304|[from] item: Leftovers
|-heal|p1a: Amoonguss|243\/430 brn|[from] item: Black Sludge
|-damage|p1a: Amoonguss|190\/430 brn|[from] brn
|turn|32
|
|move|p2a: Rotom-Wash|Volt Switch|p1a: Amoonguss
|-resisted|p1a: Amoonguss
|-damage|p1a: Amoonguss|139\/430 brn
|
|switch|p2a: Hawlucha|Hawlucha, F|152\/298
|move|p1a: Amoonguss|Giga Drain|p2a: Hawlucha
|-resisted|p2a: Hawlucha
|-damage|p2a: Hawlucha|101\/298
|-heal|p1a: Amoonguss|165\/430 brn|[from] drain|[of] p2a: Hawlucha
|-enditem|p2a: Hawlucha|Sitrus Berry|[eat]
|-heal|p2a: Hawlucha|175\/298|[from] item: Sitrus Berry
|
|-heal|p1a: Amoonguss|191\/430 brn|[from] item: Black Sludge
|-damage|p1a: Amoonguss|138\/430 brn|[from] brn
|turn|33
|
|switch|p2a: Rotom-Wash|Rotom-Wash|23\/304
|switch|p1a: Slowbro|Slowbro, F|390\/390
|-damage|p1a: Slowbro|342\/390|[from] Stealth Rock
|
|-heal|p2a: Rotom-Wash|42\/304|[from] item: Leftovers
|turn|34
|
|switch|p1a: Clefable|Clefable, M|184\/392 tox
|move|p2a: Rotom-Wash|Pain Split|p1a: Clefable
|-sethp|p1a: Clefable|113\/392 tox|p2a: Rotom-Wash|113\/304|[from] move: Pain Split
|
|-heal|p2a: Rotom-Wash|132\/304|[from] item: Leftovers
|-heal|p1a: Clefable|137\/392 tox|[from] item: Leftovers
|turn|35
|
|move|p2a: Rotom-Wash|Volt Switch|p1a: Clefable
|-damage|p1a: Clefable|41\/392 tox
|
|switch|p2a: Heatran|Heatran, F|286\/386
|move|p1a: Clefable|Soft-Boiled|p1a: Clefable
|-heal|p1a: Clefable|237\/392 tox
|
|-heal|p1a: Clefable|261\/392 tox|[from] item: Leftovers
|turn|36
|
|switch|p1a: Chansey|Chansey, F|517\/670
|-damage|p1a: Chansey|434\/670|[from] Stealth Rock
|move|p2a: Heatran|Toxic|p1a: Chansey
|-status|p1a: Chansey|tox
|
|-damage|p1a: Chansey|393\/670 tox|[from] psn
|turn|37
|
|move|p2a: Heatran|Taunt|p1a: Chansey
|-start|p1a: Chansey|move: Taunt
|move|p1a: Chansey|Seismic Toss|p2a: Heatran
|-damage|p2a: Heatran|186\/386
|
|-damage|p1a: Chansey|311\/670 tox|[from] psn
|turn|38
|
|switch|p2a: Rotom-Wash|Rotom-Wash|132\/304
|switch|p1a: Tyranitar|Tyranitar, M|258\/342
|-damage|p1a: Tyranitar|216\/342|[from] Stealth Rock
|-weather|Sandstorm
|
|-weather|Sandstorm|[upkeep]
|-damage|p2a: Rotom-Wash|113\/304|[from] sandstorm
|-heal|p2a: Rotom-Wash|132\/304|[from] item: Leftovers
|turn|39
|
|move|p1a: Tyranitar|Stone Edge|p2a: Rotom-Wash
|-damage|p2a: Rotom-Wash|0 fnt
|faint|p2a: Rotom-Wash
|
|-weather|Sandstorm|[upkeep]
|
|switch|p2a: Keldeo|Keldeo|136\/323
|turn|40
|
|switch|p1a: Amoonguss|Amoonguss, F|281\/430 brn
|-damage|p1a: Amoonguss|228\/430 brn|[from] Stealth Rock
|move|p2a: Keldeo|Hydro Pump|p1a: Amoonguss
|-resisted|p1a: Amoonguss
|-damage|p1a: Amoonguss|57\/430 brn
|
|-weather|Sandstorm|[upkeep]
|-damage|p2a: Keldeo|116\/323|[from] sandstorm
|-damage|p1a: Amoonguss|31\/430 brn|[from] sandstorm
|-heal|p1a: Amoonguss|57\/430 brn|[from] item: Black Sludge
|-damage|p1a: Amoonguss|4\/430 brn|[from] brn
|turn|41
|
|switch|p1a: Slowbro|Slowbro, F|390\/390
|-damage|p1a: Slowbro|342\/390|[from] Stealth Rock
|move|p2a: Keldeo|Hydro Pump|p1a: Slowbro
|-resisted|p1a: Slowbro
|-damage|p1a: Slowbro|183\/390
|
|-weather|Sandstorm|[upkeep]
|-damage|p2a: Keldeo|96\/323|[from] sandstorm
|-damage|p1a: Slowbro|159\/390|[from] sandstorm
|turn|42
|
|switch|p1a: Amoonguss|Amoonguss, F|147\/430 brn
|-damage|p1a: Amoonguss|94\/430 brn|[from] Stealth Rock
|move|p2a: Keldeo|Hydro Pump|p1a: Amoonguss|[miss]
|-miss|p2a: Keldeo|p1a: Amoonguss
|
|-weather|none
|-heal|p1a: Amoonguss|120\/430 brn|[from] item: Black Sludge
|-damage|p1a: Amoonguss|67\/430 brn|[from] brn
|turn|43
|
|move|p2a: Keldeo|Hydro Pump|p1a: Amoonguss
|-crit|p1a: Amoonguss
|-resisted|p1a: Amoonguss
|-damage|p1a: Amoonguss|0 fnt
|faint|p1a: Amoonguss
|
|
|switch|p1a: Chansey|Chansey, F|311\/670
|-damage|p1a: Chansey|228\/670|[from] Stealth Rock
|turn|44
|
|switch|p2a: Hawlucha|Hawlucha, F|175\/298
|move|p1a: Chansey|Soft-Boiled|p1a: Chansey
|-heal|p1a: Chansey|563\/670
|
|turn|45
|
|switch|p1a: Skarmory|Skarmory, M|334\/334
|-damage|p1a: Skarmory|293\/334|[from] Stealth Rock
|move|p2a: Hawlucha|Swords Dance|p2a: Hawlucha
|-boost|p2a: Hawlucha|atk|2
|
|turn|46
|
|move|p2a: Hawlucha|Swords Dance|p2a: Hawlucha
|-boost|p2a: Hawlucha|atk|2
|move|p1a: Skarmory|Brave Bird|p2a: Hawlucha
|-supereffective|p2a: Hawlucha
|-damage|p2a: Hawlucha|0 fnt
|-damage|p1a: Skarmory|235\/334|[from] recoil|[of] p2a: Hawlucha
|faint|p2a: Hawlucha
|
|
|switch|p2a: Heatran|Heatran, F|186\/386
|turn|47
|
|switch|p1a: Tyranitar|Tyranitar, M|216\/342
|-damage|p1a: Tyranitar|174\/342|[from] Stealth Rock
|-weather|Sandstorm
|move|p2a: Heatran|Lava Plume|p1a: Tyranitar
|-resisted|p1a: Tyranitar
|-damage|p1a: Tyranitar|137\/342
|
|-weather|Sandstorm|[upkeep]
|turn|48
|
|move|p1a: Tyranitar|Pursuit|p2a: Heatran|[from]Pursuit
|-damage|p2a: Heatran|48\/386
|switch|p2a: Landorus-Therian|Landorus-Therian, M|320\/320 slp
|-ability|p2a: Landorus-Therian|Intimidate|[of] p1a: Tyranitar
|-unboost|p1a: Tyranitar|atk|1
|
|-weather|Sandstorm|[upkeep]
|turn|49
|
|switch|p2a: Keldeo|Keldeo|96\/323
|switch|p1a: Slowbro|Slowbro, F|289\/390
|-damage|p1a: Slowbro|241\/390|[from] Stealth Rock
|
|-weather|Sandstorm|[upkeep]
|-damage|p2a: Keldeo|76\/323|[from] sandstorm
|-damage|p1a: Slowbro|217\/390|[from] sandstorm
|turn|50
|
|move|p2a: Keldeo|Hydro Pump|p1a: Slowbro
|-crit|p1a: Slowbro
|-resisted|p1a: Slowbro
|-damage|p1a: Slowbro|0 fnt
|faint|p1a: Slowbro
|
|-weather|Sandstorm|[upkeep]
|-damage|p2a: Keldeo|56\/323|[from] sandstorm
|
|switch|p1a: Chansey|Chansey, F|563\/670
|-damage|p1a: Chansey|480\/670|[from] Stealth Rock
|turn|51
|
|switch|p2a: Landorus-Therian|Landorus-Therian, M|320\/320 slp
|-ability|p2a: Landorus-Therian|Intimidate|[of] p1a: Chansey
|-unboost|p1a: Chansey|atk|1
|move|p1a: Chansey|Stealth Rock|p2a: Landorus-Therian
|-sidestart|p2: SeasonsLLL|move: Stealth Rock
|
|-weather|none
|turn|52
|join|HereIsOnlyTrue
|
|cant|p2a: Landorus-Therian|slp
|move|p1a: Chansey|Soft-Boiled|p1a: Chansey
|-heal|p1a: Chansey|670\/670
|
|turn|53
|
|switch|p1a: Skarmory|Skarmory, M|235\/334
|-damage|p1a: Skarmory|194\/334|[from] Stealth Rock
|cant|p2a: Landorus-Therian|slp
|
|turn|54
|
|cant|p2a: Landorus-Therian|slp
|move|p1a: Skarmory|Spikes|p2a: Landorus-Therian
|-sidestart|p2: SeasonsLLL|Spikes
|
|turn|55
|c| HereIsOnlyTrue|GO hardd!
|
|-curestatus|p2a: Landorus-Therian|slp
|move|p2a: Landorus-Therian|Knock Off|p1a: Skarmory
|-damage|p1a: Skarmory|128\/334
|-enditem|p1a: Skarmory|Shed Shell|[from] move: Knock Off|[of] p2a: Landorus-Therian
|move|p1a: Skarmory|Spikes|p2a: Landorus-Therian
|-sidestart|p2: SeasonsLLL|Spikes
|
|turn|56
|c|âDon't Use MeGa|gg  man :D
|
|switch|p2a: Heatran|Heatran, F|48\/386
|-damage|p2a: Heatran|0 fnt|[from] Spikes
|faint|p2a: Heatran
|move|p1a: Skarmory|Roost|p1a: Skarmory
|-heal|p1a: Skarmory|295\/334
|
|c|âSeasonsLLL|gg
|c|âSeasonsLLL|i didnt find out
|c|âSeasonsLLL|if slowbro
|c|âSeasonsLLL|was a mega..
|
|switch|p2a: Gardevoir|Gardevoir-Mega, F|277\/277 par
|-damage|p2a: Gardevoir|231\/277 par|[from] Spikes
|-damage|p2a: Gardevoir|197\/277 par|[from] Stealth Rock
|turn|57
|
|switch|p1a: Chansey|Chansey, F|670\/670
|-damage|p1a: Chansey|587\/670|[from] Stealth Rock
|move|p2a: Gardevoir|Calm Mind|p2a: Gardevoir
|-boost|p2a: Gardevoir|spa|1
|-boost|p2a: Gardevoir|spd|1
|
|turn|58
|
|move|p1a: Chansey|Seismic Toss|p2a: Gardevoir
|-damage|p2a: Gardevoir|97\/277 par
|move|p2a: Gardevoir|Psyshock|p1a: Chansey
|-damage|p1a: Chansey|239\/670
|
|turn|59
|c|âDon't Use MeGa|haha
|c|âSeasonsLLL|GG
|
|move|p1a: Chansey|Soft-Boiled|p1a: Chansey
|-heal|p1a: Chansey|574\/670
|move|p2a: Gardevoir|Psyshock|p1a: Chansey
|-damage|p1a: Chansey|262\/670
|
|turn|60
|-message|SeasonsLLL forfeited.
|
|win|Don't Use MeGa
|raw|Ladder updating...
|leave|SeasonsLLL
|player|p2
|raw|Don&apos;t Use MeGa's rating: 1767 &rarr; <strong>1781<\/strong><br \/>(+14 for winning)
|raw|SeasonsLLL's rating: 1672 &rarr; <strong>1657<\/strong><br \/>(-15 for losing)
|leave|Don't Use MeGa
|player|p1
|c| HereIsOnlyTrue|+1