|join|Don't Use MeGa
|join|Hjwang
|player|p1|Don't Use MeGa|101
|player|p2|Hjwang|46
|gametype|singles
|gen|6
|tier|OU
|rated
|clearpoke
|poke|p1|Tyranitar, F
|poke|p1|Slowbro, M
|poke|p1|Skarmory, F
|poke|p1|Amoonguss, F
|poke|p1|Clefable, M
|poke|p1|Chansey, F
|poke|p2|Lopunny, F
|poke|p2|Greninja, F
|poke|p2|Rotom-Wash
|poke|p2|Landorus-Therian, M
|poke|p2|Ferrothorn, M
|poke|p2|Latias, F
|rule|Swagger Clause: Swagger is banned
|rule|Baton Pass Clause: Limit one PokÃ©mon knowing Baton Pass
|rule|Sleep Clause Mod: Limit one foe put to sleep
|rule|Species Clause: Limit one of each PokÃ©mon
|rule|OHKO Clause: OHKO moves are banned
|rule|Moody Clause: Moody is banned
|rule|Evasion Moves Clause: Evasion moves are banned
|rule|Endless Battle Clause: Forcing endless battles is banned
|rule|HP Percentage Mod: HP is shown in percentages
|teampreview
|join|NJA13
|join|Zach the QTpie
|
|start
|switch|p1a: Slowbro|Slowbro, M|390\/390
|switch|p2a: Ferrothorn|Ferrothorn, M|352\/352
|turn|1
|join|Ace Trainer Apollo
|join|Why so Slowbruh
|leave|NJA13
|
|move|p1a: Slowbro|Scald|p2a: Ferrothorn
|-resisted|p2a: Ferrothorn
|-damage|p2a: Ferrothorn|316\/352
|-status|p2a: Ferrothorn|brn
|move|p2a: Ferrothorn|Stealth Rock|p1a: Slowbro
|-sidestart|p1: Don't Use MeGa|move: Stealth Rock
|
|-heal|p2a: Ferrothorn|338\/352 brn|[from] item: Leftovers
|-damage|p2a: Ferrothorn|294\/352 brn|[from] brn
|turn|2
|
|switch|p1a: Chansey|Chansey, F|670\/670
|-damage|p1a: Chansey|587\/670|[from] Stealth Rock
|switch|p2a: Rotom-Wash|Rotom-Wash|304\/304
|
|turn|3
|leave|Why so Slowbruh
|join|King Time Stall
|
|move|p2a: Rotom-Wash|Pain Split|p1a: Chansey
|-sethp|p1a: Chansey|445\/670|p2a: Rotom-Wash|304\/304|[from] move: Pain Split
|move|p1a: Chansey|Stealth Rock|p2a: Rotom-Wash
|-sidestart|p2: Hjwang|move: Stealth Rock
|
|turn|4
|
|move|p2a: Rotom-Wash|Will-O-Wisp|p1a: Chansey|[miss]
|-miss|p2a: Rotom-Wash|p1a: Chansey
|move|p1a: Chansey|Seismic Toss|p2a: Rotom-Wash
|-damage|p2a: Rotom-Wash|204\/304
|
|-heal|p2a: Rotom-Wash|223\/304|[from] item: Leftovers
|turn|5
|
|move|p2a: Rotom-Wash|Pain Split|p1a: Chansey
|-sethp|p1a: Chansey|334\/670|p2a: Rotom-Wash|304\/304|[from] move: Pain Split
|move|p1a: Chansey|Seismic Toss|p2a: Rotom-Wash
|-damage|p2a: Rotom-Wash|204\/304
|
|-heal|p2a: Rotom-Wash|223\/304|[from] item: Leftovers
|turn|6
|
|move|p2a: Rotom-Wash|Will-O-Wisp|p1a: Chansey
|-status|p1a: Chansey|brn
|move|p1a: Chansey|Soft-Boiled|p1a: Chansey
|-heal|p1a: Chansey|669\/670 brn
|
|-heal|p2a: Rotom-Wash|242\/304|[from] item: Leftovers
|-damage|p1a: Chansey|586\/670 brn|[from] brn
|turn|7
|
|switch|p1a: Amoonguss|Amoonguss, F|430\/430
|-damage|p1a: Amoonguss|377\/430|[from] Stealth Rock
|move|p2a: Rotom-Wash|Volt Switch|p1a: Amoonguss
|-resisted|p1a: Amoonguss
|-damage|p1a: Amoonguss|329\/430
|
|switch|p2a: Latias|Latias, F|319\/319
|-damage|p2a: Latias|280\/319|[from] Stealth Rock
|
|-heal|p1a: Amoonguss|355\/430|[from] item: Black Sludge
|turn|8
|
|switch|p2a: Lopunny|Lopunny, F|271\/271
|-damage|p2a: Lopunny|238\/271|[from] Stealth Rock
|switch|p1a: Tyranitar|Tyranitar, F|342\/342
|-damage|p1a: Tyranitar|300\/342|[from] Stealth Rock
|-weather|Sandstorm
|
|-weather|Sandstorm|[upkeep]
|-damage|p2a: Lopunny|222\/271|[from] sandstorm
|turn|9
|leave|King Time Stall
|
|switch|p1a: Slowbro|Slowbro, M|390\/390
|-damage|p1a: Slowbro|342\/390|[from] Stealth Rock
|detailschange|p2a: Lopunny|Lopunny-Mega, F
|message|Lopunny has Mega Evolved into Mega Lopunny!
|move|p2a: Lopunny|High Jump Kick|p1a: Slowbro
|-resisted|p1a: Slowbro
|-damage|p1a: Slowbro|262\/390
|-damage|p2a: Lopunny|177\/271|[from] item: Rocky Helmet|[of] p1a: Slowbro
|
|-weather|Sandstorm|[upkeep]
|-damage|p2a: Lopunny|161\/271|[from] sandstorm
|-damage|p1a: Slowbro|238\/390|[from] sandstorm
|turn|10
|
|move|p2a: Lopunny|Return|p1a: Slowbro
|-damage|p1a: Slowbro|114\/390
|-damage|p2a: Lopunny|116\/271|[from] item: Rocky Helmet|[of] p1a: Slowbro
|move|p1a: Slowbro|Slack Off|p1a: Slowbro
|-heal|p1a: Slowbro|309\/390
|
|-weather|Sandstorm|[upkeep]
|-damage|p2a: Lopunny|100\/271|[from] sandstorm
|-damage|p1a: Slowbro|285\/390|[from] sandstorm
|turn|11
|-message|Hjwang forfeited.
|
|win|Don't Use MeGa
|raw|Ladder updating...
|leave|Hjwang
|player|p2
|raw|Don&apos;t Use MeGa's rating: 1782 &rarr; <strong>1796<\/strong><br \/>(+14 for winning)
|raw|Hjwang's rating: 1680 &rarr; <strong>1666<\/strong><br \/>(-14 for losing)