|join|Don't Use Mega
|join|Aurora Nova
|player|p1|Don't Use Mega|101
|player|p2|Aurora Nova|33
|gametype|singles
|gen|6
|tier|OU
|rated
|clearpoke
|poke|p1|Gothitelle, F
|poke|p1|Landorus-Therian, M
|poke|p1|Alomomola, F
|poke|p1|Chansey, F
|poke|p1|Amoonguss, M
|poke|p1|Tentacruel, F
|poke|p2|Politoed, F
|poke|p2|Kabutops, M
|poke|p2|Kingdra, F
|poke|p2|Ferrothorn, M, shiny
|poke|p2|Heracross, M
|poke|p2|Latias, F, shiny
|rule|Swagger Clause: Swagger is banned
|rule|Baton Pass Clause: Limit one PokÃ©mon knowing Baton Pass
|rule|Sleep Clause Mod: Limit one foe put to sleep
|rule|Species Clause: Limit one of each PokÃ©mon
|rule|OHKO Clause: OHKO moves are banned
|rule|Moody Clause: Moody is banned
|rule|Evasion Moves Clause: Evasion moves are banned
|rule|Endless Battle Clause: Forcing endless battles is banned
|rule|HP Percentage Mod: HP is shown in percentages
|teampreview
|
|start
|switch|p1a: Chansey|Chansey, F|672\/672
|switch|p2a: Martha|Politoed, F|384\/384
|-weather|RainDance
|turn|1
|
|switch|p2a: Chris|Ferrothorn, M, shiny|352\/352
|move|p1a: Chansey|Stealth Rock|p2a: Chris
|-sidestart|p2: Aurora Nova|move: Stealth Rock
|
|-weather|RainDance|[upkeep]
|turn|2
|
|switch|p1a: Gothitelle|Gothitelle, F|301\/301
|move|p2a: Chris|Stealth Rock|p1a: Gothitelle
|-sidestart|p1: Don't Use Mega|move: Stealth Rock
|
|-weather|RainDance|[upkeep]
|turn|3
|
|move|p1a: Gothitelle|Trick|p2a: Chris
|-activate|p1a: Gothitelle|move: Trick|[of] p2a: Chris
|-item|p2a: Chris|Choice Scarf|[from] move: Trick
|-item|p1a: Gothitelle|Leftovers|[from] move: Trick
|move|p2a: Chris|Leech Seed|p1a: Gothitelle
|-start|p1a: Gothitelle|move: Leech Seed
|
|-weather|RainDance|[upkeep]
|-damage|p1a: Gothitelle|264\/301|[from] Leech Seed|[of] p2a: Chris
|turn|4
|
|move|p1a: Gothitelle|Rest|p1a: Gothitelle
|-status|p1a: Gothitelle|slp
|-heal|p1a: Gothitelle|301\/301 slp|[silent]
|-status|p1a: Gothitelle|slp|[from] move: Rest
|move|p2a: Chris|Leech Seed|p1a: Gothitelle
|-fail|p1a: Gothitelle
|
|-weather|RainDance|[upkeep]
|-damage|p1a: Gothitelle|264\/301 slp|[from] Leech Seed|[of] p2a: Chris
|turn|5
|
|cant|p1a: Gothitelle|slp
|move|p2a: Chris|Leech Seed|p1a: Gothitelle
|-fail|p1a: Gothitelle
|
|-weather|RainDance|[upkeep]
|-heal|p1a: Gothitelle|282\/301 slp|[from] item: Leftovers
|-damage|p1a: Gothitelle|245\/301 slp|[from] Leech Seed|[of] p2a: Chris
|turn|6
|
|cant|p1a: Gothitelle|slp
|move|p2a: Chris|Leech Seed|p1a: Gothitelle
|-fail|p1a: Gothitelle
|
|-weather|RainDance|[upkeep]
|-heal|p1a: Gothitelle|263\/301 slp|[from] item: Leftovers
|-damage|p1a: Gothitelle|226\/301 slp|[from] Leech Seed|[of] p2a: Chris
|turn|7
|
|-curestatus|p1a: Gothitelle|slp
|move|p1a: Gothitelle|Rest|p1a: Gothitelle
|-status|p1a: Gothitelle|slp
|-heal|p1a: Gothitelle|301\/301 slp|[silent]
|-status|p1a: Gothitelle|slp|[from] move: Rest
|move|p2a: Chris|Leech Seed|p1a: Gothitelle
|-fail|p1a: Gothitelle
|
|-weather|RainDance|[upkeep]
|-damage|p1a: Gothitelle|264\/301 slp|[from] Leech Seed|[of] p2a: Chris
|turn|8
|
|cant|p1a: Gothitelle|slp
|move|p2a: Chris|Leech Seed|p1a: Gothitelle
|-fail|p1a: Gothitelle
|
|-weather|none
|-heal|p1a: Gothitelle|282\/301 slp|[from] item: Leftovers
|-damage|p1a: Gothitelle|245\/301 slp|[from] Leech Seed|[of] p2a: Chris
|turn|9
|
|cant|p1a: Gothitelle|slp
|move|p2a: Chris|Leech Seed|p1a: Gothitelle
|-fail|p1a: Gothitelle
|
|-heal|p1a: Gothitelle|263\/301 slp|[from] item: Leftovers
|-damage|p1a: Gothitelle|226\/301 slp|[from] Leech Seed|[of] p2a: Chris
|turn|10
|
|-curestatus|p1a: Gothitelle|slp
|move|p1a: Gothitelle|Rest|p1a: Gothitelle
|-status|p1a: Gothitelle|slp
|-heal|p1a: Gothitelle|301\/301 slp|[silent]
|-status|p1a: Gothitelle|slp|[from] move: Rest
|move|p2a: Chris|Leech Seed|p1a: Gothitelle
|-fail|p1a: Gothitelle
|
|-damage|p1a: Gothitelle|264\/301 slp|[from] Leech Seed|[of] p2a: Chris
|turn|11
|c|âAurora Nova|really?
|
|cant|p1a: Gothitelle|slp
|move|p2a: Chris|Leech Seed|p1a: Gothitelle
|-fail|p1a: Gothitelle
|
|-heal|p1a: Gothitelle|282\/301 slp|[from] item: Leftovers
|-damage|p1a: Gothitelle|245\/301 slp|[from] Leech Seed|[of] p2a: Chris
|turn|12
|
|cant|p1a: Gothitelle|slp
|move|p2a: Chris|Leech Seed|p1a: Gothitelle
|-fail|p1a: Gothitelle
|
|-heal|p1a: Gothitelle|263\/301 slp|[from] item: Leftovers
|-damage|p1a: Gothitelle|226\/301 slp|[from] Leech Seed|[of] p2a: Chris
|turn|13
|
|-curestatus|p1a: Gothitelle|slp
|move|p1a: Gothitelle|Psychic|p2a: Chris
|-resisted|p2a: Chris
|-damage|p2a: Chris|309\/352
|move|p2a: Chris|Leech Seed|p1a: Gothitelle
|-fail|p1a: Gothitelle
|
|-heal|p1a: Gothitelle|244\/301|[from] item: Leftovers
|-damage|p1a: Gothitelle|207\/301|[from] Leech Seed|[of] p2a: Chris
|-heal|p2a: Chris|346\/352|[silent]
|turn|14
|
|move|p1a: Gothitelle|Psychic|p2a: Chris
|-resisted|p2a: Chris
|-damage|p2a: Chris|307\/352
|move|p2a: Chris|Leech Seed|p1a: Gothitelle
|-fail|p1a: Gothitelle
|
|-heal|p1a: Gothitelle|225\/301|[from] item: Leftovers
|-damage|p1a: Gothitelle|188\/301|[from] Leech Seed|[of] p2a: Chris
|-heal|p2a: Chris|344\/352|[silent]
|turn|15
|
|move|p1a: Gothitelle|Psychic|p2a: Chris
|-resisted|p2a: Chris
|-damage|p2a: Chris|302\/352
|-unboost|p2a: Chris|spd|1
|move|p2a: Chris|Leech Seed|p1a: Gothitelle
|-fail|p1a: Gothitelle
|
|-heal|p1a: Gothitelle|206\/301|[from] item: Leftovers
|-damage|p1a: Gothitelle|169\/301|[from] Leech Seed|[of] p2a: Chris
|-heal|p2a: Chris|339\/352|[silent]
|turn|16
|
|move|p1a: Gothitelle|Psychic|p2a: Chris
|-resisted|p2a: Chris
|-damage|p2a: Chris|284\/352
|move|p2a: Chris|Leech Seed|p1a: Gothitelle
|-fail|p1a: Gothitelle
|
|-heal|p1a: Gothitelle|187\/301|[from] item: Leftovers
|-damage|p1a: Gothitelle|150\/301|[from] Leech Seed|[of] p2a: Chris
|-heal|p2a: Chris|321\/352|[silent]
|turn|17
|
|move|p1a: Gothitelle|Psychic|p2a: Chris
|-resisted|p2a: Chris
|-damage|p2a: Chris|264\/352
|move|p2a: Chris|Leech Seed|p1a: Gothitelle
|-fail|p1a: Gothitelle
|
|-heal|p1a: Gothitelle|168\/301|[from] item: Leftovers
|-damage|p1a: Gothitelle|131\/301|[from] Leech Seed|[of] p2a: Chris
|-heal|p2a: Chris|301\/352|[silent]
|turn|18
|
|move|p1a: Gothitelle|Psychic|p2a: Chris
|-resisted|p2a: Chris
|-damage|p2a: Chris|244\/352
|move|p2a: Chris|Leech Seed|p1a: Gothitelle
|-fail|p1a: Gothitelle
|
|-heal|p1a: Gothitelle|149\/301|[from] item: Leftovers
|-damage|p1a: Gothitelle|112\/301|[from] Leech Seed|[of] p2a: Chris
|-heal|p2a: Chris|281\/352|[silent]
|turn|19
|
|move|p1a: Gothitelle|Rest|p1a: Gothitelle
|-status|p1a: Gothitelle|slp
|-heal|p1a: Gothitelle|301\/301 slp|[silent]
|-status|p1a: Gothitelle|slp|[from] move: Rest
|-activate|p2a: Chris|move: Struggle
|move|p2a: Chris|Struggle|p1a: Gothitelle
|-damage|p1a: Gothitelle|263\/301 slp
|-damage|p2a: Chris|193\/352
|
|-heal|p1a: Gothitelle|281\/301 slp|[from] item: Leftovers
|-damage|p1a: Gothitelle|244\/301 slp|[from] Leech Seed|[of] p2a: Chris
|-heal|p2a: Chris|230\/352|[silent]
|turn|20
|
|cant|p1a: Gothitelle|slp
|-activate|p2a: Chris|move: Struggle
|move|p2a: Chris|Struggle|p1a: Gothitelle
|-damage|p1a: Gothitelle|202\/301 slp
|-damage|p2a: Chris|142\/352
|
|-heal|p1a: Gothitelle|220\/301 slp|[from] item: Leftovers
|-damage|p1a: Gothitelle|183\/301 slp|[from] Leech Seed|[of] p2a: Chris
|-heal|p2a: Chris|179\/352|[silent]
|turn|21
|
|cant|p1a: Gothitelle|slp
|-activate|p2a: Chris|move: Struggle
|move|p2a: Chris|Struggle|p1a: Gothitelle
|-damage|p1a: Gothitelle|145\/301 slp
|-damage|p2a: Chris|91\/352
|
|-heal|p1a: Gothitelle|163\/301 slp|[from] item: Leftovers
|-damage|p1a: Gothitelle|126\/301 slp|[from] Leech Seed|[of] p2a: Chris
|-heal|p2a: Chris|128\/352|[silent]
|turn|22
|
|-curestatus|p1a: Gothitelle|slp
|move|p1a: Gothitelle|Rest|p1a: Gothitelle
|-status|p1a: Gothitelle|slp
|-heal|p1a: Gothitelle|301\/301 slp|[silent]
|-status|p1a: Gothitelle|slp|[from] move: Rest
|-activate|p2a: Chris|move: Struggle
|move|p2a: Chris|Struggle|p1a: Gothitelle
|-damage|p1a: Gothitelle|260\/301 slp
|-damage|p2a: Chris|40\/352
|
|-heal|p1a: Gothitelle|278\/301 slp|[from] item: Leftovers
|-damage|p1a: Gothitelle|241\/301 slp|[from] Leech Seed|[of] p2a: Chris
|-heal|p2a: Chris|77\/352|[silent]
|turn|23
|
|switch|p1a: Tentacruel|Tentacruel, F|352\/352
|-damage|p1a: Tentacruel|308\/352|[from] Stealth Rock
|-activate|p2a: Chris|move: Struggle
|move|p2a: Chris|Struggle|p1a: Tentacruel
|-damage|p1a: Tentacruel|271\/352
|-damage|p2a: Chris|0 fnt
|faint|p2a: Chris
|
|-heal|p1a: Tentacruel|293\/352|[from] item: Black Sludge
|
|switch|p2a: Martha|Politoed, F|384\/384
|-damage|p2a: Martha|336\/384|[from] Stealth Rock
|-weather|RainDance
|turn|24
|
|move|p1a: Tentacruel|Rapid Spin|p2a: Martha
|-damage|p2a: Martha|327\/384
|-sideend|p1: Don't Use Mega|Stealth Rock|[from] move: Rapid Spin|[of] p1a: Tentacruel
|move|p2a: Martha|Encore|p1a: Tentacruel
|-start|p1a: Tentacruel|Encore
|
|-weather|RainDance|[upkeep]
|-heal|p1a: Tentacruel|315\/352|[from] item: Black Sludge
|turn|25
|
|switch|p1a: Alomomola|Alomomola, F|472\/472
|switch|p2a: Alastor|Heracross, M|311\/311
|-damage|p2a: Alastor|273\/311|[from] Stealth Rock
|
|-weather|RainDance|[upkeep]
|turn|26
|
|detailschange|p2a: Alastor|Heracross-Mega, M
|message|Heracross has Mega Evolved into Mega Heracross!
|move|p2a: Alastor|Substitute|p2a: Alastor
|-start|p2a: Alastor|Substitute
|-damage|p2a: Alastor|196\/311
|move|p1a: Alomomola|Toxic|p2a: Alastor
|
|-weather|RainDance|[upkeep]
|turn|27
|
|move|p2a: Alastor|Pin Missile|p1a: Alomomola
|-damage|p1a: Alomomola|418\/472
|-damage|p1a: Alomomola|358\/472
|-damage|p1a: Alomomola|303\/472
|-damage|p1a: Alomomola|243\/472
|-damage|p1a: Alomomola|189\/472
|-hitcount|p1a: Alomomola|5
|move|p1a: Alomomola|Scald|p2a: Alastor
|-activate|p2a: Alastor|Substitute|[damage]
|
|-weather|RainDance|[upkeep]
|-heal|p1a: Alomomola|218\/472|[from] item: Leftovers
|turn|28
|
|move|p1a: Alomomola|Protect|p1a: Alomomola
|-singleturn|p1a: Alomomola|Protect
|move|p2a: Alastor|Rock Blast|p1a: Alomomola
|-activate|p1a: Alomomola|Protect
|
|-weather|RainDance|[upkeep]
|-heal|p1a: Alomomola|247\/472|[from] item: Leftovers
|turn|29
|
|move|p2a: Alastor|Pin Missile|p1a: Alomomola
|-damage|p1a: Alomomola|195\/472
|-damage|p1a: Alomomola|144\/472
|-damage|p1a: Alomomola|89\/472
|-damage|p1a: Alomomola|35\/472
|-damage|p1a: Alomomola|0 fnt
|-hitcount|p1a: Alomomola|5
|faint|p1a: Alomomola
|
|-weather|RainDance|[upkeep]
|c|âDon't Use Mega|lol
|
|switch|p1a: Tentacruel|Tentacruel, F|315\/352
|turn|30
|
|move|p1a: Tentacruel|Scald|p2a: Alastor
|-end|p2a: Alastor|Substitute
|move|p2a: Alastor|Rock Blast|p1a: Tentacruel
|-damage|p1a: Tentacruel|271\/352
|-damage|p1a: Tentacruel|228\/352
|-damage|p1a: Tentacruel|185\/352
|-damage|p1a: Tentacruel|142\/352
|-damage|p1a: Tentacruel|100\/352
|-hitcount|p1a: Tentacruel|5
|
|-weather|RainDance|[upkeep]
|-heal|p1a: Tentacruel|122\/352|[from] item: Black Sludge
|turn|31
|
|switch|p2a: Dawn|Latias, F, shiny|329\/329
|-damage|p2a: Dawn|288\/329|[from] Stealth Rock
|move|p1a: Tentacruel|Scald|p2a: Dawn
|-resisted|p2a: Dawn
|-damage|p2a: Dawn|242\/329
|-status|p2a: Dawn|brn
|
|-weather|none
|-heal|p1a: Tentacruel|144\/352|[from] item: Black Sludge
|-damage|p2a: Dawn|201\/329 brn|[from] brn
|turn|32
|
|switch|p1a: Landorus-Therian|Landorus-Therian, M|382\/382
|-ability|p1a: Landorus-Therian|Intimidate|[of] p2a: Dawn
|-unboost|p2a: Dawn|atk|1
|move|p2a: Dawn|Defog|p1a: Landorus-Therian
|-unboost|p1a: Landorus-Therian|evasion|1
|-sideend|p2: Aurora Nova|Stealth Rock|[from] move: Defog|[of] p2a: Dawn
|
|-damage|p2a: Dawn|160\/329 brn|[from] brn
|turn|33
|
|move|p2a: Dawn|Roost|p2a: Dawn
|-heal|p2a: Dawn|325\/329 brn
|move|p1a: Landorus-Therian|U-turn|p2a: Dawn
|-supereffective|p2a: Dawn
|-damage|p2a: Dawn|157\/329 brn
|
|switch|p1a: Tentacruel|Tentacruel, F|144\/352
|
|-heal|p1a: Tentacruel|166\/352|[from] item: Black Sludge
|-damage|p2a: Dawn|116\/329 brn|[from] brn
|turn|34
|
|move|p2a: Dawn|Roost|p2a: Dawn
|-heal|p2a: Dawn|281\/329 brn
|move|p1a: Tentacruel|Toxic Spikes|p2a: Dawn
|-sidestart|p2: Aurora Nova|move: Toxic Spikes
|
|-heal|p1a: Tentacruel|188\/352|[from] item: Black Sludge
|-damage|p2a: Dawn|240\/329 brn|[from] brn
|turn|35
|
|switch|p1a: Landorus-Therian|Landorus-Therian, M|382\/382
|-ability|p1a: Landorus-Therian|Intimidate|[of] p2a: Dawn
|-unboost|p2a: Dawn|atk|1
|move|p2a: Dawn|Psyshock|p1a: Landorus-Therian
|-crit|p1a: Landorus-Therian
|-damage|p1a: Landorus-Therian|148\/382
|-damage|p2a: Dawn|208\/329 brn|[from] item: Life Orb
|
|-damage|p2a: Dawn|167\/329 brn|[from] brn
|turn|36
|
|move|p2a: Dawn|Defog|p1a: Landorus-Therian
|-unboost|p1a: Landorus-Therian|evasion|1
|-sideend|p2: Aurora Nova|Toxic Spikes|[from] move: Defog|[of] p2a: Dawn
|move|p1a: Landorus-Therian|Knock Off|p2a: Dawn
|-supereffective|p2a: Dawn
|-damage|p2a: Dawn|0 fnt
|-enditem|p2a: Dawn|Life Orb|[from] move: Knock Off|[of] p1a: Landorus-Therian
|faint|p2a: Dawn
|
|
|switch|p2a: Martha|Politoed, F|327\/384
|-weather|RainDance
|turn|37
|
|switch|p1a: Tentacruel|Tentacruel, F|188\/352
|move|p2a: Martha|Ice Beam|p1a: Tentacruel
|-resisted|p1a: Tentacruel
|-damage|p1a: Tentacruel|159\/352
|
|-weather|RainDance|[upkeep]
|-heal|p1a: Tentacruel|181\/352|[from] item: Black Sludge
|turn|38
|
|switch|p2a: Gloria|Kingdra, F|294\/294
|move|p1a: Tentacruel|Toxic Spikes|p2a: Gloria
|-sidestart|p2: Aurora Nova|move: Toxic Spikes
|
|-weather|RainDance|[upkeep]
|-heal|p1a: Tentacruel|203\/352|[from] item: Black Sludge
|turn|39
|
|switch|p1a: Chansey|Chansey, F|672\/672
|move|p2a: Gloria|Focus Energy|p2a: Gloria
|-start|p2a: Gloria|move: Focus Energy
|
|-weather|RainDance|[upkeep]
|turn|40
|
|move|p2a: Gloria|Draco Meteor|p1a: Chansey
|-crit|p1a: Chansey
|-damage|p1a: Chansey|482\/672
|-unboost|p2a: Gloria|spa|2
|move|p1a: Chansey|Stealth Rock|p2a: Gloria
|-sidestart|p2: Aurora Nova|move: Stealth Rock
|
|-weather|RainDance|[upkeep]
|turn|41
|
|switch|p2a: Alastor|Heracross-Mega, M|196\/311
|-damage|p2a: Alastor|158\/311|[from] Stealth Rock
|-status|p2a: Alastor|psn
|move|p1a: Chansey|Thunder Wave|p2a: Alastor
|-fail|p2a: Alastor
|
|-weather|RainDance|[upkeep]
|-damage|p2a: Alastor|120\/311 psn|[from] psn
|turn|42
|
|switch|p1a: Landorus-Therian|Landorus-Therian, M|148\/382
|-ability|p1a: Landorus-Therian|Intimidate|[of] p2a: Alastor
|-unboost|p2a: Alastor|atk|1
|move|p2a: Alastor|Rock Blast|p1a: Landorus-Therian
|-damage|p1a: Landorus-Therian|115\/382
|-damage|p1a: Landorus-Therian|85\/382
|-damage|p1a: Landorus-Therian|55\/382
|-damage|p1a: Landorus-Therian|24\/382
|-damage|p1a: Landorus-Therian|0 fnt
|-hitcount|p1a: Landorus-Therian|5
|faint|p1a: Landorus-Therian
|
|-weather|RainDance|[upkeep]
|-damage|p2a: Alastor|82\/311 psn|[from] psn
|c|âAurora Nova|...
|
|switch|p1a: Tentacruel|Tentacruel, F|203\/352
|turn|43
|c|âDon't Use Mega|wow boy
|c|âDon't Use Mega|o_o
|
|move|p1a: Tentacruel|Scald|p2a: Alastor
|-damage|p2a: Alastor|0 fnt
|faint|p2a: Alastor
|
|-weather|RainDance|[upkeep]
|-heal|p1a: Tentacruel|225\/352|[from] item: Black Sludge
|
|switch|p2a: Gloria|Kingdra, F|294\/294
|-status|p2a: Gloria|psn
|-damage|p2a: Gloria|258\/294 psn|[from] Stealth Rock
|turn|44
|
|move|p2a: Gloria|Draco Meteor|p1a: Tentacruel
|-damage|p1a: Tentacruel|62\/352
|-unboost|p2a: Gloria|spa|2
|move|p1a: Tentacruel|Toxic Spikes|p2a: Gloria
|-sidestart|p2: Aurora Nova|move: Toxic Spikes
|
|-weather|none
|-heal|p1a: Tentacruel|84\/352|[from] item: Black Sludge
|-damage|p2a: Gloria|222\/294 psn|[from] psn
|turn|45
|
|switch|p2a: Martha|Politoed, F|327\/384
|-status|p2a: Martha|tox
|-damage|p2a: Martha|279\/384 tox|[from] Stealth Rock
|-weather|RainDance
|switch|p1a: Gothitelle|Gothitelle, F|241\/301 slp
|
|-weather|RainDance|[upkeep]
|-heal|p1a: Gothitelle|259\/301 slp|[from] item: Leftovers
|-damage|p2a: Martha|255\/384 tox|[from] psn
|turn|46
|
|switch|p1a: Tentacruel|Tentacruel, F|84\/352
|move|p2a: Martha|Scald|p1a: Tentacruel
|-resisted|p1a: Tentacruel
|-damage|p1a: Tentacruel|32\/352
|
|-weather|RainDance|[upkeep]
|-heal|p1a: Tentacruel|54\/352|[from] item: Black Sludge
|-damage|p2a: Martha|207\/384 tox|[from] psn
|turn|47
|
|switch|p1a: Chansey|Chansey, F|482\/672
|move|p2a: Martha|Encore|p1a: Chansey
|-fail|p1a: Chansey
|
|-weather|RainDance|[upkeep]
|-damage|p2a: Martha|135\/384 tox|[from] psn
|turn|48
|
|switch|p2a: Kabutops|Kabutops, M|262\/262
|-damage|p2a: Kabutops|230\/262|[from] Stealth Rock
|-status|p2a: Kabutops|tox
|move|p1a: Chansey|Soft-Boiled|p1a: Chansey
|-heal|p1a: Chansey|672\/672
|
|-weather|RainDance|[upkeep]
|-damage|p2a: Kabutops|214\/262 tox|[from] psn
|turn|49
|
|switch|p1a: Tentacruel|Tentacruel, F|54\/352
|move|p2a: Kabutops|Swords Dance|p2a: Kabutops
|-boost|p2a: Kabutops|atk|2
|
|-weather|RainDance|[upkeep]
|-heal|p1a: Tentacruel|76\/352|[from] item: Black Sludge
|-damage|p2a: Kabutops|182\/262 tox|[from] psn
|turn|50
|
|move|p2a: Kabutops|Waterfall|p1a: Tentacruel
|-resisted|p1a: Tentacruel
|-damage|p1a: Tentacruel|0 fnt
|-damage|p2a: Kabutops|156\/262 tox|[from] item: Life Orb
|faint|p1a: Tentacruel
|
|-weather|RainDance|[upkeep]
|-damage|p2a: Kabutops|108\/262 tox|[from] psn
|
|switch|p1a: Gothitelle|Gothitelle, F|259\/301 slp
|turn|51
|
|move|p2a: Kabutops|Waterfall|p1a: Gothitelle
|-damage|p1a: Gothitelle|0 fnt
|-damage|p2a: Kabutops|82\/262 tox|[from] item: Life Orb
|faint|p1a: Gothitelle
|
|-weather|RainDance|[upkeep]
|-damage|p2a: Kabutops|18\/262 tox|[from] psn
|
|switch|p1a: Amoonguss|Amoonguss, M|430\/430
|turn|52
|
|move|p2a: Kabutops|Stone Edge|p1a: Amoonguss|[miss]
|-miss|p2a: Kabutops|p1a: Amoonguss
|move|p1a: Amoonguss|Giga Drain|p2a: Kabutops
|-supereffective|p2a: Kabutops
|-damage|p2a: Kabutops|0 fnt
|faint|p2a: Kabutops
|
|-weather|none
|c|âAurora Nova|well...
|c|âDon't Use Mega|?
|
|switch|p2a: Gloria|Kingdra, F|222\/294 psn
|-damage|p2a: Gloria|186\/294 psn|[from] Stealth Rock
|turn|53
|c|âAurora Nova|that's cost me the game
|c|âDon't Use Mega|didn't matter
|
|switch|p1a: Chansey|Chansey, F|672\/672
|move|p2a: Gloria|Focus Energy|p2a: Gloria
|-start|p2a: Gloria|move: Focus Energy
|
|-damage|p2a: Gloria|150\/294 psn|[from] psn
|turn|54
|c|âAurora Nova|perish song on politoed
|
|switch|p2a: Martha|Politoed, F|135\/384 tox
|-damage|p2a: Martha|87\/384 tox|[from] Stealth Rock
|-weather|RainDance
|move|p1a: Chansey|Seismic Toss|p2a: Martha
|-damage|p2a: Martha|0 fnt
|faint|p2a: Martha
|
|-weather|RainDance|[upkeep]
|
|switch|p2a: Gloria|Kingdra, F|150\/294 psn
|-damage|p2a: Gloria|114\/294 psn|[from] Stealth Rock
|turn|55
|
|move|p2a: Gloria|Hydro Pump|p1a: Chansey
|-damage|p1a: Chansey|515\/672
|move|p1a: Chansey|Seismic Toss|p2a: Gloria
|-damage|p2a: Gloria|14\/294 psn
|
|-weather|RainDance|[upkeep]
|-damage|p2a: Gloria|0 fnt|[from] psn
|faint|p2a: Gloria
|
|win|Don't Use Mega
|raw|Ladder updating...
|raw|Ladder (probably) updated, but score could not be retrieved (timeout).
|raw|Ladder (probably) updated, but score could not be retrieved (Error: socket hang up).