|join|Clewster25
|join|DoN't Use MeGa
|player|p1|Clewster25|70
|player|p2|DoN't Use MeGa|101
|gametype|singles
|gen|6
|tier|OU
|rated
|clearpoke
|poke|p1|Roserade, F
|poke|p1|Thundurus, M
|poke|p1|Azumarill, F
|poke|p1|Infernape, M
|poke|p1|Blissey, F
|poke|p1|Mandibuzz, F
|poke|p2|Dragonite, F
|poke|p2|Landorus-Therian, M
|poke|p2|Alomomola, F
|poke|p2|Clefable, M
|poke|p2|Spiritomb, F
|poke|p2|Tentacruel, M
|rule|Swagger Clause: Swagger is banned
|rule|Baton Pass Clause: Limit one PokÃ©mon knowing Baton Pass
|rule|Sleep Clause Mod: Limit one foe put to sleep
|rule|Species Clause: Limit one of each PokÃ©mon
|rule|OHKO Clause: OHKO moves are banned
|rule|Moody Clause: Moody is banned
|rule|Evasion Moves Clause: Evasion moves are banned
|rule|Endless Battle Clause: Forcing endless battles is banned
|rule|HP Percentage Mod: HP is shown in percentages
|teampreview
|join|riptor
|
|start
|switch|p1a: Mandibuzz|Mandibuzz, F|424\/424
|switch|p2a: Landorus-Therian|Landorus-Therian, M|382\/382
|-ability|p2a: Landorus-Therian|Intimidate|[of] p1a: Mandibuzz
|-unboost|p1a: Mandibuzz|atk|1
|turn|1
|
|move|p2a: Landorus-Therian|U-turn|p1a: Mandibuzz
|-damage|p1a: Mandibuzz|366\/424
|
|switch|p2a: Spiritomb|Spiritomb, F|242\/242
|move|p1a: Mandibuzz|Foul Play|p2a: Spiritomb
|-damage|p2a: Spiritomb|164\/242
|
|-heal|p1a: Mandibuzz|392\/424|[from] item: Leftovers
|turn|2
|
|move|p1a: Mandibuzz|U-turn|p2a: Spiritomb
|-damage|p2a: Spiritomb|144\/242
|
|switch|p1a: Azumarill|Azumarill, F|404\/404
|move|p2a: Spiritomb|Trick|p1a: Azumarill
|-activate|p2a: Spiritomb|move: Trick|[of] p1a: Azumarill
|-item|p1a: Azumarill|Choice Scarf|[from] move: Trick
|-item|p2a: Spiritomb|Zoom Lens|[from] move: Trick
|
|turn|3
|
|move|p1a: Azumarill|Play Rough|p2a: Spiritomb
|-crit|p2a: Spiritomb
|-supereffective|p2a: Spiritomb
|-damage|p2a: Spiritomb|0 fnt
|faint|p2a: Spiritomb
|
|
|switch|p2a: Clefable|Clefable, M|394\/394
|turn|4
|
|move|p1a: Azumarill|Play Rough|p2a: Clefable
|-damage|p2a: Clefable|204\/394
|move|p2a: Clefable|Stealth Rock|p1a: Azumarill
|-sidestart|p1: Clewster25|move: Stealth Rock
|
|-heal|p2a: Clefable|228\/394|[from] item: Leftovers
|turn|5
|
|move|p1a: Azumarill|Play Rough|p2a: Clefable
|-damage|p2a: Clefable|27\/394
|move|p2a: Clefable|Soft-Boiled|p2a: Clefable
|-heal|p2a: Clefable|224\/394
|
|-heal|p2a: Clefable|248\/394|[from] item: Leftovers
|turn|6
|
|switch|p1a: Thundurus|Thundurus, M|362\/362
|-damage|p1a: Thundurus|272\/362|[from] Stealth Rock
|move|p2a: Clefable|Soft-Boiled|p2a: Clefable
|-heal|p2a: Clefable|394\/394
|
|turn|7
|
|move|p1a: Thundurus|Taunt|p2a: Clefable
|-start|p2a: Clefable|move: Taunt
|move|p2a: Clefable|Moonblast|p1a: Thundurus
|-damage|p1a: Thundurus|149\/362
|-unboost|p1a: Thundurus|spa|1
|-enditem|p1a: Thundurus|Sitrus Berry|[eat]
|-heal|p1a: Thundurus|239\/362|[from] item: Sitrus Berry
|
|turn|8
|
|move|p1a: Thundurus|Knock Off|p2a: Clefable
|-resisted|p2a: Clefable
|-damage|p2a: Clefable|346\/394
|-enditem|p2a: Clefable|Leftovers|[from] move: Knock Off|[of] p1a: Thundurus
|move|p2a: Clefable|Moonblast|p1a: Thundurus
|-damage|p1a: Thundurus|100\/362
|
|turn|9
|join|maikelitetop1
|
|move|p1a: Thundurus|Volt Switch|p2a: Clefable
|-damage|p2a: Clefable|288\/394
|
|switch|p1a: Blissey|Blissey, F|714\/714
|-damage|p1a: Blissey|625\/714|[from] Stealth Rock
|move|p2a: Clefable|Moonblast|p1a: Blissey
|-damage|p1a: Blissey|538\/714
|
|-heal|p1a: Blissey|582\/714|[from] item: Leftovers
|-end|p2a: Clefable|move: Taunt
|turn|10
|c| riptor|lol
|
|move|p2a: Clefable|Soft-Boiled|p2a: Clefable
|-heal|p2a: Clefable|394\/394
|move|p1a: Blissey|Charge Beam|p2a: Clefable
|-damage|p2a: Clefable|367\/394
|-boost|p1a: Blissey|spa|1
|
|-heal|p1a: Blissey|626\/714|[from] item: Leftovers
|turn|11
|c| riptor|lol
|
|switch|p2a: Landorus-Therian|Landorus-Therian, M|382\/382
|-ability|p2a: Landorus-Therian|Intimidate|[of] p1a: Blissey
|-unboost|p1a: Blissey|atk|1
|move|p1a: Blissey|Charge Beam|p2a: Landorus-Therian
|-immune|p2a: Landorus-Therian|[msg]
|
|-heal|p1a: Blissey|670\/714|[from] item: Leftovers
|turn|12
|
|switch|p1a: Mandibuzz|Mandibuzz, F|392\/424
|-damage|p1a: Mandibuzz|286\/424|[from] Stealth Rock
|move|p2a: Landorus-Therian|U-turn|p1a: Mandibuzz
|-damage|p1a: Mandibuzz|234\/424
|
|switch|p2a: Dragonite|Dragonite, F|324\/324
|
|-heal|p1a: Mandibuzz|260\/424|[from] item: Leftovers
|turn|13
|
|move|p2a: Dragonite|Extreme Speed|p1a: Mandibuzz
|-damage|p1a: Mandibuzz|138\/424
|move|p1a: Mandibuzz|Defog|p2a: Dragonite
|-unboost|p2a: Dragonite|evasion|1
|-sideend|p1: Clewster25|Stealth Rock|[from] move: Defog|[of] p1a: Mandibuzz
|
|-heal|p1a: Mandibuzz|164\/424|[from] item: Leftovers
|turn|14
|
|switch|p2a: Clefable|Clefable, M|367\/394
|move|p1a: Mandibuzz|Roost|p1a: Mandibuzz
|-heal|p1a: Mandibuzz|376\/424
|
|-heal|p1a: Mandibuzz|402\/424|[from] item: Leftovers
|turn|15
|
|switch|p1a: Blissey|Blissey, F|670\/714
|move|p2a: Clefable|Stealth Rock|p1a: Blissey
|-sidestart|p1: Clewster25|move: Stealth Rock
|
|-heal|p1a: Blissey|714\/714|[from] item: Leftovers
|turn|16
|
|move|p2a: Clefable|Stealth Rock|p1a: Blissey
|-fail|p1a: Blissey
|move|p1a: Blissey|Wish|p1a: Blissey
|
|turn|17
|
|move|p1a: Blissey|Protect|p1a: Blissey
|-singleturn|p1a: Blissey|Protect
|move|p2a: Clefable|Moonblast|p1a: Blissey
|-activate|p1a: Blissey|Protect
|
|turn|18
|
|move|p2a: Clefable|Stealth Rock|p1a: Blissey
|-fail|p1a: Blissey
|move|p1a: Blissey|Charge Beam|p2a: Clefable|[miss]
|-miss|p1a: Blissey|p2a: Clefable
|
|turn|19
|
|switch|p2a: Landorus-Therian|Landorus-Therian, M|382\/382
|-ability|p2a: Landorus-Therian|Intimidate|[of] p1a: Blissey
|-unboost|p1a: Blissey|atk|1
|switch|p1a: Thundurus|Thundurus, M|100\/362
|-damage|p1a: Thundurus|10\/362|[from] Stealth Rock
|
|turn|20
|
|switch|p1a: Azumarill|Azumarill, F|404\/404
|-damage|p1a: Azumarill|354\/404|[from] Stealth Rock
|switch|p2a: Clefable|Clefable, M|367\/394
|
|turn|21
|
|switch|p2a: Alomomola|Alomomola, F|472\/472
|move|p1a: Azumarill|Waterfall|p2a: Alomomola
|-resisted|p2a: Alomomola
|-damage|p2a: Alomomola|406\/472
|
|-heal|p2a: Alomomola|435\/472|[from] item: Leftovers
|turn|22
|
|switch|p1a: Mandibuzz|Mandibuzz, F|402\/424
|-damage|p1a: Mandibuzz|296\/424|[from] Stealth Rock
|switch|p2a: Landorus-Therian|Landorus-Therian, M|382\/382
|-ability|p2a: Landorus-Therian|Intimidate|[of] p1a: Mandibuzz
|-unboost|p1a: Mandibuzz|atk|1
|
|-heal|p1a: Mandibuzz|322\/424|[from] item: Leftovers
|turn|23
|
|move|p2a: Landorus-Therian|Stone Edge|p1a: Mandibuzz
|-supereffective|p1a: Mandibuzz
|-damage|p1a: Mandibuzz|176\/424
|move|p1a: Mandibuzz|Defog|p2a: Landorus-Therian
|-unboost|p2a: Landorus-Therian|evasion|1
|-sideend|p1: Clewster25|Stealth Rock|[from] move: Defog|[of] p1a: Mandibuzz
|
|-heal|p1a: Mandibuzz|202\/424|[from] item: Leftovers
|turn|24
|
|move|p2a: Landorus-Therian|Knock Off|p1a: Mandibuzz
|-resisted|p1a: Mandibuzz
|-damage|p1a: Mandibuzz|168\/424
|-enditem|p1a: Mandibuzz|Leftovers|[from] move: Knock Off|[of] p2a: Landorus-Therian
|move|p1a: Mandibuzz|U-turn|p2a: Landorus-Therian
|-resisted|p2a: Landorus-Therian
|-damage|p2a: Landorus-Therian|371\/382
|
|switch|p1a: Azumarill|Azumarill, F|354\/404
|
|turn|25
|
|switch|p2a: Alomomola|Alomomola, F|472\/472
|switch|p1a: Roserade|Roserade, F|262\/262
|
|turn|26
|
|switch|p2a: Tentacruel|Tentacruel, M|352\/352
|move|p1a: Roserade|Leaf Storm|p2a: Tentacruel
|-crit|p2a: Tentacruel
|-damage|p2a: Tentacruel|54\/352
|-unboost|p1a: Roserade|spa|2
|
|-heal|p2a: Tentacruel|76\/352|[from] item: Black Sludge
|turn|27
|
|switch|p1a: Blissey|Blissey, F|714\/714
|switch|p2a: Clefable|Clefable, M|367\/394
|
|turn|28
|
|move|p2a: Clefable|Stealth Rock|p1a: Blissey
|-sidestart|p1: Clewster25|move: Stealth Rock
|move|p1a: Blissey|Wish|p1a: Blissey
|
|turn|29
|
|switch|p1a: Mandibuzz|Mandibuzz, F|168\/424
|-damage|p1a: Mandibuzz|62\/424|[from] Stealth Rock
|move|p2a: Clefable|Moonblast|p1a: Mandibuzz
|-supereffective|p1a: Mandibuzz
|-damage|p1a: Mandibuzz|0 fnt
|faint|p1a: Mandibuzz
|
|
|switch|p1a: Roserade|Roserade, F|262\/262
|-damage|p1a: Roserade|230\/262|[from] Stealth Rock
|turn|30
|
|switch|p2a: Landorus-Therian|Landorus-Therian, M|371\/382
|-ability|p2a: Landorus-Therian|Intimidate|[of] p1a: Roserade
|-unboost|p1a: Roserade|atk|1
|move|p1a: Roserade|Sludge Bomb|p2a: Landorus-Therian
|-resisted|p2a: Landorus-Therian
|-damage|p2a: Landorus-Therian|300\/382
|
|turn|31
|
|switch|p1a: Azumarill|Azumarill, F|354\/404
|-damage|p1a: Azumarill|304\/404|[from] Stealth Rock
|move|p2a: Landorus-Therian|Earthquake|p1a: Azumarill
|-damage|p1a: Azumarill|112\/404
|
|turn|32
|
|switch|p2a: Alomomola|Alomomola, F|472\/472
|switch|p1a: Thundurus|Thundurus, M|10\/362
|-damage|p1a: Thundurus|0 fnt|[from] Stealth Rock
|faint|p1a: Thundurus
|
|
|switch|p1a: Roserade|Roserade, F|230\/262
|-damage|p1a: Roserade|198\/262|[from] Stealth Rock
|turn|33
|
|move|p2a: Alomomola|Protect|p2a: Alomomola
|-singleturn|p2a: Alomomola|Protect
|move|p1a: Roserade|Leaf Storm|p2a: Alomomola
|-activate|p2a: Alomomola|Protect
|
|turn|34
|
|switch|p2a: Dragonite|Dragonite, F|324\/324
|move|p1a: Roserade|Leaf Storm|p2a: Dragonite
|-resisted|p2a: Dragonite
|-damage|p2a: Dragonite|291\/324
|-unboost|p1a: Roserade|spa|2
|
|turn|35
|
|switch|p1a: Blissey|Blissey, F|714\/714
|-damage|p1a: Blissey|625\/714|[from] Stealth Rock
|move|p2a: Dragonite|Extreme Speed|p1a: Blissey
|-damage|p1a: Blissey|327\/714
|
|-heal|p1a: Blissey|371\/714|[from] item: Leftovers
|turn|36
|
|move|p2a: Dragonite|Extreme Speed|p1a: Blissey
|-damage|p1a: Blissey|101\/714
|move|p1a: Blissey|Wish|p1a: Blissey
|
|-heal|p1a: Blissey|145\/714|[from] item: Leftovers
|turn|37
|
|switch|p2a: Landorus-Therian|Landorus-Therian, M|300\/382
|-ability|p2a: Landorus-Therian|Intimidate|[of] p1a: Blissey
|-unboost|p1a: Blissey|atk|1
|switch|p1a: Azumarill|Azumarill, F|112\/404
|-damage|p1a: Azumarill|62\/404|[from] Stealth Rock
|
|-heal|p1a: Azumarill|404\/404|[from] move: Wish|[wisher] Blissey
|turn|38
|c|âDoN't Use MeGa|lol
|
|switch|p2a: Alomomola|Alomomola, F|472\/472
|move|p1a: Azumarill|Waterfall|p2a: Alomomola
|-crit|p2a: Alomomola
|-resisted|p2a: Alomomola
|-damage|p2a: Alomomola|363\/472
|
|-heal|p2a: Alomomola|392\/472|[from] item: Leftovers
|turn|39
|
|switch|p1a: Blissey|Blissey, F|145\/714
|-damage|p1a: Blissey|56\/714|[from] Stealth Rock
|switch|p2a: Dragonite|Dragonite, F|291\/324
|
|-heal|p1a: Blissey|100\/714|[from] item: Leftovers
|turn|40
|leave|riptor
|
|move|p1a: Blissey|Protect|p1a: Blissey
|-singleturn|p1a: Blissey|Protect
|move|p2a: Dragonite|Extreme Speed|p1a: Blissey
|-activate|p1a: Blissey|Protect
|
|-heal|p1a: Blissey|144\/714|[from] item: Leftovers
|turn|41
|
|switch|p1a: Azumarill|Azumarill, F|404\/404
|-damage|p1a: Azumarill|354\/404|[from] Stealth Rock
|move|p2a: Dragonite|Extreme Speed|p1a: Azumarill
|-damage|p1a: Azumarill|160\/404
|
|turn|42
|
|move|p2a: Dragonite|Extreme Speed|p1a: Azumarill
|-damage|p1a: Azumarill|0 fnt
|faint|p1a: Azumarill
|
|
|switch|p1a: Infernape|Infernape, M|293\/293
|-damage|p1a: Infernape|257\/293|[from] Stealth Rock
|turn|43
|
|move|p2a: Dragonite|Extreme Speed|p1a: Infernape
|-damage|p1a: Infernape|30\/293
|move|p1a: Infernape|Thunder Punch|p2a: Dragonite
|-crit|p2a: Dragonite
|-damage|p2a: Dragonite|91\/324
|-damage|p1a: Infernape|1\/293|[from] item: Life Orb
|
|turn|44
|
|move|p2a: Dragonite|Extreme Speed|p1a: Infernape
|-damage|p1a: Infernape|0 fnt
|faint|p1a: Infernape
|
|
|switch|p1a: Roserade|Roserade, F|198\/262
|-damage|p1a: Roserade|166\/262|[from] Stealth Rock
|turn|45
|
|switch|p2a: Landorus-Therian|Landorus-Therian, M|300\/382
|-ability|p2a: Landorus-Therian|Intimidate|[of] p1a: Roserade
|-unboost|p1a: Roserade|atk|1
|move|p1a: Roserade|Shadow Ball|p2a: Landorus-Therian
|-damage|p2a: Landorus-Therian|223\/382
|
|turn|46
|
|move|p1a: Roserade|Shadow Ball|p2a: Landorus-Therian
|-damage|p2a: Landorus-Therian|148\/382
|move|p2a: Landorus-Therian|Earthquake|p1a: Roserade
|-damage|p1a: Roserade|0 fnt
|faint|p1a: Roserade
|
|c|âClewster25|gg
|join|riptor
|
|switch|p1a: Blissey|Blissey, F|144\/714
|-damage|p1a: Blissey|55\/714|[from] Stealth Rock
|turn|47
|c|âDoN't Use MeGa|gg
|
|move|p2a: Landorus-Therian|Knock Off|p1a: Blissey
|-damage|p1a: Blissey|0 fnt
|-enditem|p1a: Blissey|Leftovers|[from] move: Knock Off|[of] p2a: Landorus-Therian
|faint|p1a: Blissey
|
|win|DoN't Use MeGa
|raw|Ladder updating...
|join|Sr Piccolo
|raw|Clewster25's rating: 1262 &rarr; <strong>1236<\/strong><br \/>(-26 for losing)
|raw|DoN&apos;t Use MeGa's rating: 1245 &rarr; <strong>1271<\/strong><br \/>(+26 for winning)
|leave|DoN't Use MeGa
|player|p2
|leave|Clewster25
|player|p1
|leave|Sr Piccolo