|join|El Diiablo
|join|Don't Use Mega
|player|p1|El Diiablo|68
|player|p2|Don't Use Mega|101
|gametype|singles
|gen|6
|tier|OU
|clearpoke
|poke|p1|Sylveon, M, shiny
|poke|p1|Rotom-Wash, shiny
|poke|p1|Talonflame, M, shiny
|poke|p1|Excadrill, M, shiny
|poke|p1|Pinsir, M, shiny
|poke|p1|Heatran, M, shiny
|poke|p2|Zapdos
|poke|p2|Landorus-Therian, M
|poke|p2|Alomomola, F
|poke|p2|Clefable, M
|poke|p2|Gothitelle, F
|poke|p2|Tentacruel, M
|rule|Swagger Clause: Swagger is banned
|rule|Baton Pass Clause: Limit one PokÃ©mon knowing Baton Pass
|rule|Sleep Clause Mod: Limit one foe put to sleep
|rule|Species Clause: Limit one of each PokÃ©mon
|rule|OHKO Clause: OHKO moves are banned
|rule|Moody Clause: Moody is banned
|rule|Evasion Moves Clause: Evasion moves are banned
|rule|Endless Battle Clause: Forcing endless battles is banned
|rule|HP Percentage Mod: HP is shown in percentages
|teampreview
|
|start
|switch|p1a: Vem Que Tem|Heatran, M, shiny|384\/384
|switch|p2a: Zapdos|Zapdos|383\/383
|-ability|p2a: Zapdos|Pressure
|turn|1
|
|move|p2a: Zapdos|Volt Switch|p1a: Vem Que Tem
|-damage|p1a: Vem Que Tem|314\/384
|
|switch|p2a: Gothitelle|Gothitelle, F|301\/301
|move|p1a: Vem Que Tem|Stealth Rock|p2a: Gothitelle
|-sidestart|p2: Don't Use Mega|move: Stealth Rock
|
|-heal|p1a: Vem Que Tem|338\/384|[from] item: Leftovers
|turn|2
|
|move|p1a: Vem Que Tem|Protect|p1a: Vem Que Tem
|-singleturn|p1a: Vem Que Tem|Protect
|move|p2a: Gothitelle|Trick|p1a: Vem Que Tem
|-activate|p1a: Vem Que Tem|Protect
|
|-heal|p1a: Vem Que Tem|362\/384|[from] item: Leftovers
|turn|3
|
|move|p2a: Gothitelle|Trick|p1a: Vem Que Tem
|-activate|p2a: Gothitelle|move: Trick|[of] p1a: Vem Que Tem
|-item|p1a: Vem Que Tem|Choice Scarf|[from] move: Trick
|-item|p2a: Gothitelle|Leftovers|[from] move: Trick
|move|p1a: Vem Que Tem|Lava Plume|p2a: Gothitelle
|-damage|p2a: Gothitelle|198\/301
|
|-heal|p2a: Gothitelle|216\/301|[from] item: Leftovers
|turn|4
|
|move|p1a: Vem Que Tem|Lava Plume|p2a: Gothitelle
|-damage|p2a: Gothitelle|114\/301
|move|p2a: Gothitelle|Psychic|p1a: Vem Que Tem
|-resisted|p1a: Vem Que Tem
|-damage|p1a: Vem Que Tem|317\/384
|
|-heal|p2a: Gothitelle|132\/301|[from] item: Leftovers
|turn|5
|
|move|p1a: Vem Que Tem|Lava Plume|p2a: Gothitelle
|-damage|p2a: Gothitelle|33\/301
|move|p2a: Gothitelle|Rest|p2a: Gothitelle
|-status|p2a: Gothitelle|slp
|-heal|p2a: Gothitelle|301\/301 slp|[silent]
|-status|p2a: Gothitelle|slp|[from] move: Rest
|
|turn|6
|
|move|p1a: Vem Que Tem|Lava Plume|p2a: Gothitelle
|-crit|p2a: Gothitelle
|-damage|p2a: Gothitelle|153\/301 slp
|cant|p2a: Gothitelle|slp
|
|-heal|p2a: Gothitelle|171\/301 slp|[from] item: Leftovers
|turn|7
|c|âDon't Use Mega|foda em 
|c|âDon't Use Mega|FODA
|c|âDon't Use Mega|'___'
|c|âEl Diiablo|:v
|
|switch|p2a: Tentacruel|Tentacruel, M|352\/352
|-damage|p2a: Tentacruel|308\/352|[from] Stealth Rock
|move|p1a: Vem Que Tem|Lava Plume|p2a: Tentacruel
|-resisted|p2a: Tentacruel
|-damage|p2a: Tentacruel|262\/352
|
|-heal|p2a: Tentacruel|284\/352|[from] item: Black Sludge
|turn|8
|
|switch|p1a: O Co|Rotom-Wash, shiny|304\/304
|move|p2a: Tentacruel|Rapid Spin|p1a: O Co
|-damage|p1a: O Co|296\/304
|-sideend|p2: Don't Use Mega|Stealth Rock|[from] move: Rapid Spin|[of] p2a: Tentacruel
|
|-heal|p2a: Tentacruel|306\/352|[from] item: Black Sludge
|-heal|p1a: O Co|304\/304|[from] item: Leftovers
|turn|9
|
|switch|p2a: Clefable|Clefable, M|394\/394
|move|p1a: O Co|Will-O-Wisp|p2a: Clefable
|-status|p2a: Clefable|brn
|
|turn|10
|c|âDon't Use Mega|vem q vem que vem que tem vem que tem vem que tem (8)
|
|move|p1a: O Co|Volt Switch|p2a: Clefable
|-damage|p2a: Clefable|321\/394 brn
|
|switch|p1a: Vem Pro Pau|Excadrill, M, shiny|362\/362
|-ability|p1a: Vem Pro Pau|Mold Breaker
|move|p2a: Clefable|Stealth Rock|p1a: Vem Pro Pau
|-sidestart|p1: El Diiablo|move: Stealth Rock
|
|-heal|p2a: Clefable|345\/394 brn|[from] item: Leftovers
|turn|11
|
|switch|p2a: Zapdos|Zapdos|383\/383
|-ability|p2a: Zapdos|Pressure
|move|p1a: Vem Pro Pau|Rapid Spin|p2a: Zapdos
|-damage|p2a: Zapdos|354\/383
|-sideend|p1: El Diiablo|Stealth Rock|[from] move: Rapid Spin|[of] p1a: Vem Pro Pau
|
|-heal|p2a: Zapdos|377\/383|[from] item: Leftovers
|turn|12
|
|switch|p1a: Vem Que Tem|Heatran, M, shiny|317\/384
|move|p2a: Zapdos|Volt Switch|p1a: Vem Que Tem
|-damage|p1a: Vem Que Tem|235\/384
|
|switch|p2a: Tentacruel|Tentacruel, M|306\/352
|
|-heal|p2a: Tentacruel|328\/352|[from] item: Black Sludge
|turn|13
|
|switch|p2a: Clefable|Clefable, M|345\/394 brn
|move|p1a: Vem Que Tem|Stealth Rock|p2a: Clefable
|-sidestart|p2: Don't Use Mega|move: Stealth Rock
|
|-heal|p2a: Clefable|369\/394 brn|[from] item: Leftovers
|turn|14
|
|switch|p1a: Vem Pro Pau|Excadrill, M, shiny|362\/362
|-ability|p1a: Vem Pro Pau|Mold Breaker
|move|p2a: Clefable|Stealth Rock|p1a: Vem Pro Pau
|-sidestart|p1: El Diiablo|move: Stealth Rock
|
|-heal|p2a: Clefable|393\/394 brn|[from] item: Leftovers
|turn|15
|
|move|p1a: Vem Pro Pau|Iron Head|p2a: Clefable
|-supereffective|p2a: Clefable
|-damage|p2a: Clefable|79\/394 brn
|move|p2a: Clefable|Flamethrower|p1a: Vem Pro Pau
|-supereffective|p1a: Vem Pro Pau
|-damage|p1a: Vem Pro Pau|224\/362
|
|-heal|p2a: Clefable|103\/394 brn|[from] item: Leftovers
|turn|16
|
|switch|p2a: Alomomola|Alomomola, F|472\/472
|-damage|p2a: Alomomola|413\/472|[from] Stealth Rock
|move|p1a: Vem Pro Pau|Rapid Spin|p2a: Alomomola
|-damage|p2a: Alomomola|393\/472
|-sideend|p1: El Diiablo|Stealth Rock|[from] move: Rapid Spin|[of] p1a: Vem Pro Pau
|
|-heal|p2a: Alomomola|422\/472|[from] item: Leftovers
|turn|17
|
|switch|p1a: O Co|Rotom-Wash, shiny|304\/304
|move|p2a: Alomomola|Wish|p2a: Alomomola
|
|-heal|p2a: Alomomola|451\/472|[from] item: Leftovers
|turn|18
|
|move|p1a: O Co|Volt Switch|p2a: Alomomola
|-supereffective|p2a: Alomomola
|-damage|p2a: Alomomola|229\/472
|
|switch|p1a: Capeta|Sylveon, M, shiny|394\/394
|move|p2a: Alomomola|Toxic|p1a: Capeta
|-status|p1a: Capeta|tox
|
|-heal|p2a: Alomomola|465\/472|[from] move: Wish|[wisher] Alomomola
|-heal|p2a: Alomomola|472\/472|[from] item: Leftovers
|-damage|p1a: Capeta|370\/394 tox|[from] psn
|turn|19
|
|switch|p2a: Tentacruel|Tentacruel, M|328\/352
|-damage|p2a: Tentacruel|284\/352|[from] Stealth Rock
|move|p1a: Capeta|Heal Bell|p1a: Capeta
|-cureteam|p1a: Capeta|[from] move: HealBell
|
|-heal|p2a: Tentacruel|306\/352|[from] item: Black Sludge
|-heal|p1a: Capeta|394\/394|[from] item: Leftovers
|turn|20
|
|switch|p1a: O Co|Rotom-Wash, shiny|304\/304
|move|p2a: Tentacruel|Rapid Spin|p1a: O Co
|-damage|p1a: O Co|296\/304
|-sideend|p2: Don't Use Mega|Stealth Rock|[from] move: Rapid Spin|[of] p2a: Tentacruel
|
|-heal|p2a: Tentacruel|328\/352|[from] item: Black Sludge
|-heal|p1a: O Co|304\/304|[from] item: Leftovers
|turn|21
|
|switch|p2a: Clefable|Clefable, M|103\/394 brn
|move|p1a: O Co|Volt Switch|p2a: Clefable
|-damage|p2a: Clefable|24\/394 brn
|
|switch|p1a: Olha o Fodao|Talonflame, M, shiny|298\/298
|
|-heal|p2a: Clefable|48\/394 brn|[from] item: Leftovers
|turn|22
|
|switch|p2a: Alomomola|Alomomola, F|472\/472
|move|p1a: Olha o Fodao|Brave Bird|p2a: Alomomola
|-damage|p2a: Alomomola|247\/472
|-damage|p1a: Olha o Fodao|224\/298|[from] recoil|[of] p2a: Alomomola
|
|-heal|p2a: Alomomola|276\/472|[from] item: Leftovers
|turn|23
|
|switch|p1a: O Co|Rotom-Wash, shiny|304\/304
|move|p2a: Alomomola|Wish|p2a: Alomomola
|
|-heal|p2a: Alomomola|305\/472|[from] item: Leftovers
|turn|24
|
|move|p1a: O Co|Volt Switch|p2a: Alomomola
|-supereffective|p2a: Alomomola
|-damage|p2a: Alomomola|83\/472
|
|switch|p1a: Capeta|Sylveon, M, shiny|394\/394
|move|p2a: Alomomola|Toxic|p1a: Capeta
|-status|p1a: Capeta|tox
|
|-heal|p2a: Alomomola|319\/472|[from] move: Wish|[wisher] Alomomola
|-heal|p2a: Alomomola|348\/472|[from] item: Leftovers
|-damage|p1a: Capeta|370\/394 tox|[from] psn
|turn|25
|
|switch|p2a: Clefable|Clefable, M|48\/394 brn
|move|p1a: Capeta|Heal Bell|p1a: Capeta
|-cureteam|p1a: Capeta|[from] move: HealBell
|
|-heal|p2a: Clefable|72\/394 brn|[from] item: Leftovers
|-heal|p1a: Capeta|394\/394|[from] item: Leftovers
|turn|26
|
|switch|p1a: Vem Me Pegar|Pinsir, M, shiny|271\/271
|-ability|p1a: Vem Me Pegar|Mold Breaker
|switch|p2a: Zapdos|Zapdos|377\/383
|-ability|p2a: Zapdos|Pressure
|
|-heal|p2a: Zapdos|383\/383|[from] item: Leftovers
|turn|27
|
|switch|p1a: Vem Que Tem|Heatran, M, shiny|235\/384
|move|p2a: Zapdos|Heat Wave|p1a: Vem Que Tem
|-start|p1a: Vem Que Tem|ability: Flash Fire
|
|turn|28
|
|move|p1a: Vem Que Tem|Lava Plume|p2a: Zapdos
|-damage|p2a: Zapdos|269\/383
|move|p2a: Zapdos|Volt Switch|p1a: Vem Que Tem
|-damage|p1a: Vem Que Tem|162\/384
|
|switch|p2a: Clefable|Clefable, M|72\/394 brn
|
|-heal|p2a: Clefable|96\/394 brn|[from] item: Leftovers
|turn|29
|
|switch|p2a: Tentacruel|Tentacruel, M|328\/352
|move|p1a: Vem Que Tem|Lava Plume|p2a: Tentacruel
|-crit|p2a: Tentacruel
|-resisted|p2a: Tentacruel
|-damage|p2a: Tentacruel|219\/352
|-status|p2a: Tentacruel|brn
|
|-heal|p2a: Tentacruel|241\/352 brn|[from] item: Black Sludge
|-damage|p2a: Tentacruel|197\/352 brn|[from] brn
|turn|30
|
|switch|p1a: O Co|Rotom-Wash, shiny|304\/304
|switch|p2a: Alomomola|Alomomola, F|472\/472
|
|turn|31
|
|move|p1a: O Co|Volt Switch|p2a: Alomomola
|-supereffective|p2a: Alomomola
|-damage|p2a: Alomomola|274\/472
|
|switch|p1a: Vem Me Pegar|Pinsir, M, shiny|271\/271
|-ability|p1a: Vem Me Pegar|Mold Breaker
|move|p2a: Alomomola|Wish|p2a: Alomomola
|
|-heal|p2a: Alomomola|303\/472|[from] item: Leftovers
|turn|32
|
|switch|p2a: Zapdos|Zapdos|269\/383
|-ability|p2a: Zapdos|Pressure
|detailschange|p1a: Vem Me Pegar|Pinsir-Mega, M, shiny
|message|Pinsir has Mega Evolved into Mega Pinsir!
|move|p1a: Vem Me Pegar|Return|p2a: Zapdos
|-crit|p2a: Zapdos
|-resisted|p2a: Zapdos
|-damage|p2a: Zapdos|47\/383
|
|-heal|p2a: Zapdos|283\/383|[from] move: Wish|[wisher] Alomomola
|-heal|p2a: Zapdos|306\/383|[from] item: Leftovers
|turn|33
|c|âEl Diiablo|CÃª num fosse wis
|c|âEl Diiablo|'00'
|c|âEl Diiablo|wish
|c|âEl Diiablo|'--'
|
|switch|p1a: Capeta|Sylveon, M, shiny|394\/394
|move|p2a: Zapdos|Heat Wave|p1a: Capeta
|-damage|p1a: Capeta|322\/394
|
|-heal|p2a: Zapdos|329\/383|[from] item: Leftovers
|-heal|p1a: Capeta|346\/394|[from] item: Leftovers
|turn|34
|c|âDon't Use Mega|:O
|
|move|p2a: Zapdos|Substitute|p2a: Zapdos
|-start|p2a: Zapdos|Substitute
|-damage|p2a: Zapdos|234\/383
|move|p1a: Capeta|Hyper Voice|p2a: Zapdos
|-crit|p2a: Zapdos
|-damage|p2a: Zapdos|51\/383
|
|-heal|p2a: Zapdos|74\/383|[from] item: Leftovers
|-heal|p1a: Capeta|370\/394|[from] item: Leftovers
|turn|35
|
|move|p2a: Zapdos|Roost|p2a: Zapdos
|-heal|p2a: Zapdos|266\/383
|move|p1a: Capeta|Wish|p1a: Capeta
|
|-heal|p2a: Zapdos|289\/383|[from] item: Leftovers
|-heal|p1a: Capeta|394\/394|[from] item: Leftovers
|turn|36
|
|switch|p1a: Vem Que Tem|Heatran, M, shiny|162\/384
|move|p2a: Zapdos|Heat Wave|p1a: Vem Que Tem
|-start|p1a: Vem Que Tem|ability: Flash Fire
|
|-heal|p1a: Vem Que Tem|359\/384|[from] move: Wish|[wisher] Capeta
|-heal|p2a: Zapdos|312\/383|[from] item: Leftovers
|turn|37
|
|move|p1a: Vem Que Tem|Lava Plume|p2a: Zapdos
|-end|p2a: Zapdos|Substitute
|move|p2a: Zapdos|Volt Switch|p1a: Vem Que Tem
|-damage|p1a: Vem Que Tem|286\/384
|
|switch|p2a: Landorus-Therian|Landorus-Therian, M|382\/382
|-ability|p2a: Landorus-Therian|Intimidate|[of] p1a: Vem Que Tem
|-unboost|p1a: Vem Que Tem|atk|1
|
|turn|38
|
|switch|p1a: O Co|Rotom-Wash, shiny|304\/304
|move|p2a: Landorus-Therian|Earthquake|p1a: O Co
|-immune|p1a: O Co|[msg]
|
|turn|39
|
|switch|p2a: Alomomola|Alomomola, F|460\/472
|move|p1a: O Co|Hydro Pump|p2a: Alomomola
|-resisted|p2a: Alomomola
|-damage|p2a: Alomomola|381\/472
|
|-heal|p2a: Alomomola|410\/472|[from] item: Leftovers
|turn|40
|
|move|p2a: Alomomola|Protect|p2a: Alomomola
|-singleturn|p2a: Alomomola|Protect
|move|p1a: O Co|Volt Switch|p2a: Alomomola
|-activate|p2a: Alomomola|Protect
|
|-heal|p2a: Alomomola|439\/472|[from] item: Leftovers
|turn|41
|c|âEl Diiablo|To com sono
|c|âEl Diiablo|To meio bebo '-'
|
|switch|p2a: Clefable|Clefable, M|96\/394 brn
|move|p1a: O Co|Volt Switch|p2a: Clefable
|-damage|p2a: Clefable|17\/394 brn
|c|âDon't Use Mega|assim vocÃª ganha
|c|âDon't Use Mega|olha ai
|
|switch|p1a: Olha o Fodao|Talonflame, M, shiny|224\/298
|
|-heal|p2a: Clefable|41\/394 brn|[from] item: Leftovers
|turn|42
|c|âEl Diiablo|eu bebo
|c|âEl Diiablo|jogo mais
|c|âEl Diiablo|Todos dizem
|c|âEl Diiablo|'--'
|
|switch|p2a: Alomomola|Alomomola, F|472\/472
|move|p1a: Olha o Fodao|U-turn|p2a: Alomomola
|-damage|p2a: Alomomola|383\/472
|c|âDon't Use Mega|viu sÃ³
|
|switch|p1a: Vem Me Pegar|Pinsir-Mega, M, shiny|271\/271
|
|-heal|p2a: Alomomola|412\/472|[from] item: Leftovers
|turn|43
|c|âDon't Use Mega|nÃ£o pode ser conhecidencia
|
|move|p1a: Vem Me Pegar|Swords Dance|p1a: Vem Me Pegar
|-boost|p1a: Vem Me Pegar|atk|2
|move|p2a: Alomomola|Toxic|p1a: Vem Me Pegar
|-status|p1a: Vem Me Pegar|tox
|
|-heal|p2a: Alomomola|441\/472|[from] item: Leftovers
|-damage|p1a: Vem Me Pegar|255\/271 tox|[from] psn
|turn|44
|
|move|p1a: Vem Me Pegar|Swords Dance|p1a: Vem Me Pegar
|-boost|p1a: Vem Me Pegar|atk|2
|move|p2a: Alomomola|Wish|p2a: Alomomola
|
|-heal|p2a: Alomomola|470\/472|[from] item: Leftovers
|-damage|p1a: Vem Me Pegar|223\/271 tox|[from] psn
|turn|45
|
|move|p2a: Alomomola|Protect|p2a: Alomomola
|-singleturn|p2a: Alomomola|Protect
|move|p1a: Vem Me Pegar|Return|p2a: Alomomola
|-activate|p2a: Alomomola|Protect
|
|-heal|p2a: Alomomola|472\/472|[from] move: Wish|[wisher] Alomomola
|-damage|p1a: Vem Me Pegar|175\/271 tox|[from] psn
|turn|46
|
|switch|p2a: Tentacruel|Tentacruel, M|197\/352 brn
|move|p1a: Vem Me Pegar|Return|p2a: Tentacruel
|-damage|p2a: Tentacruel|0 fnt
|faint|p2a: Tentacruel
|
|-damage|p1a: Vem Me Pegar|111\/271 tox|[from] psn
|
|switch|p2a: Alomomola|Alomomola, F|472\/472
|turn|47
|
|switch|p1a: Capeta|Sylveon, M, shiny|394\/394
|move|p2a: Alomomola|Protect|p2a: Alomomola
|-fail|p2a: Alomomola
|
|turn|48
|
|switch|p2a: Zapdos|Zapdos|312\/383
|-ability|p2a: Zapdos|Pressure
|move|p1a: Capeta|Heal Bell|p1a: Capeta
|-cureteam|p1a: Capeta|[from] move: HealBell
|
|-heal|p2a: Zapdos|335\/383|[from] item: Leftovers
|turn|49
|
|move|p2a: Zapdos|Substitute|p2a: Zapdos
|-start|p2a: Zapdos|Substitute
|-damage|p2a: Zapdos|240\/383
|move|p1a: Capeta|Hyper Voice|p2a: Zapdos
|-damage|p2a: Zapdos|123\/383
|
|-heal|p2a: Zapdos|146\/383|[from] item: Leftovers
|turn|50
|
|move|p2a: Zapdos|Roost|p2a: Zapdos
|-heal|p2a: Zapdos|338\/383
|move|p1a: Capeta|Hyper Voice|p2a: Zapdos
|-damage|p2a: Zapdos|221\/383
|
|-heal|p2a: Zapdos|244\/383|[from] item: Leftovers
|turn|51
|
|switch|p1a: Vem Que Tem|Heatran, M, shiny|286\/384
|move|p2a: Zapdos|Roost|p2a: Zapdos
|-heal|p2a: Zapdos|383\/383
|
|turn|52
|
|move|p1a: Vem Que Tem|Stealth Rock|p2a: Zapdos
|-sidestart|p2: Don't Use Mega|move: Stealth Rock
|move|p2a: Zapdos|Volt Switch|p1a: Vem Que Tem
|-damage|p1a: Vem Que Tem|205\/384
|
|switch|p2a: Gothitelle|Gothitelle, F|171\/301 slp
|-damage|p2a: Gothitelle|134\/301 slp|[from] Stealth Rock
|
|-heal|p2a: Gothitelle|152\/301 slp|[from] item: Leftovers
|turn|53
|
|cant|p2a: Gothitelle|slp
|move|p1a: Vem Que Tem|Stealth Rock|p2a: Gothitelle
|-fail|p2a: Gothitelle
|
|-heal|p2a: Gothitelle|170\/301 slp|[from] item: Leftovers
|turn|54
|c|âEl Diiablo|sacanagi
|c|âEl Diiablo|'-'
|c|âDon't Use Mega|'_'
|
|-curestatus|p2a: Gothitelle|slp
|move|p2a: Gothitelle|Magic Coat|p2a: Gothitelle
|-singleturn|p2a: Gothitelle|move: Magic Coat
|move|p1a: Vem Que Tem|Stealth Rock|p2a: Gothitelle
|move|p2a: Gothitelle|Stealth Rock|p1a: Vem Que Tem|[from]Magic Coat
|-sidestart|p1: El Diiablo|move: Stealth Rock
|
|-heal|p2a: Gothitelle|188\/301|[from] item: Leftovers
|turn|55
|c|âDon't Use Mega|eu sabia que sem o tentacruel
|c|âDon't Use Mega|vc ia fazer isso
|c|âDon't Use Mega|'_'
|
|move|p2a: Gothitelle|Magic Coat|p2a: Gothitelle
|-singleturn|p2a: Gothitelle|move: Magic Coat
|move|p1a: Vem Que Tem|Stealth Rock|p2a: Gothitelle
|move|p2a: Gothitelle|Stealth Rock|p1a: Vem Que Tem|[from]Magic Coat
|-fail|p1a: Vem Que Tem
|
|-heal|p2a: Gothitelle|206\/301|[from] item: Leftovers
|turn|56
|join|BlackWolf72
|
|move|p2a: Gothitelle|Magic Coat|p2a: Gothitelle
|-singleturn|p2a: Gothitelle|move: Magic Coat
|move|p1a: Vem Que Tem|Stealth Rock|p2a: Gothitelle
|move|p2a: Gothitelle|Stealth Rock|p1a: Vem Que Tem|[from]Magic Coat
|-fail|p1a: Vem Que Tem
|
|-heal|p2a: Gothitelle|224\/301|[from] item: Leftovers
|turn|57
|c|âEl Diiablo|Precisamos recutrar mais gente
|
|move|p2a: Gothitelle|Magic Coat|p2a: Gothitelle
|-singleturn|p2a: Gothitelle|move: Magic Coat
|move|p1a: Vem Que Tem|Stealth Rock|p2a: Gothitelle
|move|p2a: Gothitelle|Stealth Rock|p1a: Vem Que Tem|[from]Magic Coat
|-fail|p1a: Vem Que Tem
|
|-heal|p2a: Gothitelle|242\/301|[from] item: Leftovers
|turn|58
|c|âEl Diiablo|+2 sÃ³
|c|âDon't Use Mega|sim
|
|move|p2a: Gothitelle|Magic Coat|p2a: Gothitelle
|-singleturn|p2a: Gothitelle|move: Magic Coat
|move|p1a: Vem Que Tem|Stealth Rock|p2a: Gothitelle
|move|p2a: Gothitelle|Stealth Rock|p1a: Vem Que Tem|[from]Magic Coat
|-fail|p1a: Vem Que Tem
|
|-heal|p2a: Gothitelle|260\/301|[from] item: Leftovers
|turn|59
|c|âDon't Use Mega|o master entrou ?
|c|âEl Diiablo|to com sono
|c| BlackWolf72|porque exatamente +2?
|c|âEl Diiablo|NÃ£o entrou para batalhar
|c|âDon't Use Mega|pra participar
|c|âDon't Use Mega|do InterclÃ£
|c|âEl Diiablo|Porque temos 3
|c| BlackWolf72|do ic?
|c|âEl Diiablo|Precisamos de 5
|c|âDon't Use Mega|hÃ¡ Ã© 
|c|âEl Diiablo|Para participa de ic
|c|âDon't Use Mega|sÃ£o 6 nÃ£o ?
|
|move|p2a: Gothitelle|Magic Coat|p2a: Gothitelle
|-singleturn|p2a: Gothitelle|move: Magic Coat
|move|p1a: Vem Que Tem|Stealth Rock|p2a: Gothitelle
|move|p2a: Gothitelle|Stealth Rock|p1a: Vem Que Tem|[from]Magic Coat
|-fail|p1a: Vem Que Tem
|
|-heal|p2a: Gothitelle|278\/301|[from] item: Leftovers
|turn|60
|c|âEl Diiablo|5
|c|âEl Diiablo|'-'
|c|âDon't Use Mega|melhor ainda
|c|âDon't Use Mega|'_'
|
|move|p2a: Gothitelle|Magic Coat|p2a: Gothitelle
|-singleturn|p2a: Gothitelle|move: Magic Coat
|move|p1a: Vem Que Tem|Stealth Rock|p2a: Gothitelle
|move|p2a: Gothitelle|Stealth Rock|p1a: Vem Que Tem|[from]Magic Coat
|-fail|p1a: Vem Que Tem
|
|-heal|p2a: Gothitelle|296\/301|[from] item: Leftovers
|turn|61
|c|âEl Diiablo|Mais precisamos 
|c|âEl Diiablo|Jogar as 5 ties
|c|âEl Diiablo|'--'
|c|âEl Diiablo|Jogo apenas 3 o 4
|
|move|p1a: Vem Que Tem|Stealth Rock|p2a: Gothitelle
|-fail|p2a: Gothitelle
|move|p2a: Gothitelle|Psychic|p1a: Vem Que Tem
|-resisted|p1a: Vem Que Tem
|-damage|p1a: Vem Que Tem|162\/384
|
|-heal|p2a: Gothitelle|301\/301|[from] item: Leftovers
|turn|62
|c|âDon't Use Mega|'___'
|
|move|p1a: Vem Que Tem|Stealth Rock|p2a: Gothitelle
|-fail|p2a: Gothitelle
|move|p2a: Gothitelle|Psychic|p1a: Vem Que Tem
|-resisted|p1a: Vem Que Tem
|-damage|p1a: Vem Que Tem|115\/384
|
|turn|63
|
|move|p1a: Vem Que Tem|Stealth Rock|p2a: Gothitelle
|-fail|p2a: Gothitelle
|move|p2a: Gothitelle|Psychic|p1a: Vem Que Tem
|-resisted|p1a: Vem Que Tem
|-damage|p1a: Vem Que Tem|67\/384
|
|turn|64
|c|âEl Diiablo|mata logo
|c|âDon't Use Mega|quer ver
|c|âEl Diiablo|'-'
|c| BlackWolf72|ate que dia
|c|âDon't Use Mega|saca sÃ³
|c|âDon't Use Mega|vai dar critical
|c| BlackWolf72|termina as inscriÃ§oes
|c|âDon't Use Mega|sÃ³ pq n quero
|c| BlackWolf72|?
|
|move|p1a: Vem Que Tem|Stealth Rock|p2a: Gothitelle
|-fail|p2a: Gothitelle
|move|p2a: Gothitelle|Psychic|p1a: Vem Que Tem
|-resisted|p1a: Vem Que Tem
|-damage|p1a: Vem Que Tem|22\/384
|
|turn|65
|
|move|p1a: Vem Que Tem|Stealth Rock|p2a: Gothitelle
|-fail|p2a: Gothitelle
|move|p2a: Gothitelle|Trick|p1a: Vem Que Tem
|-activate|p2a: Gothitelle|move: Trick|[of] p1a: Vem Que Tem
|-item|p1a: Vem Que Tem|Leftovers|[from] move: Trick
|-item|p2a: Gothitelle|Choice Scarf|[from] move: Trick
|
|-heal|p1a: Vem Que Tem|46\/384|[from] item: Leftovers
|turn|66
|c|âEl Diiablo|dia 14
|c|âEl Diiablo|'---'
|
|move|p1a: Vem Que Tem|Protect|p1a: Vem Que Tem
|-singleturn|p1a: Vem Que Tem|Protect
|move|p2a: Gothitelle|Psychic|p1a: Vem Que Tem
|-activate|p1a: Vem Que Tem|Protect
|
|-heal|p1a: Vem Que Tem|70\/384|[from] item: Leftovers
|turn|67
|c|âDon't Use Mega|Ã© sÃ©rio ?
|
|move|p2a: Gothitelle|Psychic|p1a: Vem Que Tem
|-resisted|p1a: Vem Que Tem
|-damage|p1a: Vem Que Tem|25\/384
|move|p1a: Vem Que Tem|Lava Plume|p2a: Gothitelle
|-damage|p2a: Gothitelle|202\/301
|-status|p2a: Gothitelle|brn
|
|-heal|p1a: Vem Que Tem|49\/384|[from] item: Leftovers
|-damage|p2a: Gothitelle|165\/301 brn|[from] brn
|turn|68
|c|âDon't Use Mega|que n vou matar esse heatran
|c|âDon't Use Mega|'__'
|c| BlackWolf72|k
|c|âEl Diiablo|kkkkkkkkkkkkkkkkkkkkkkkkk
|c|âEl Diiablo|Fudeu
|c|âDon't Use Mega|mds
|c|âDon't Use Mega|esqueci
|c|âDon't Use Mega|que eu tava com leftovers
|c|âEl Diiablo|'-'
|
|switch|p2a: Alomomola|Alomomola, F|472\/472
|-damage|p2a: Alomomola|413\/472|[from] Stealth Rock
|move|p1a: Vem Que Tem|Lava Plume|p2a: Alomomola
|-resisted|p2a: Alomomola
|-damage|p2a: Alomomola|344\/472
|
|-heal|p1a: Vem Que Tem|73\/384|[from] item: Leftovers
|-heal|p2a: Alomomola|373\/472|[from] item: Leftovers
|turn|69
|c|âDon't Use Mega|dei pensando que nÃ£o ia mudar
|
|switch|p1a: O Co|Rotom-Wash, shiny|304\/304
|-damage|p1a: O Co|266\/304|[from] Stealth Rock
|move|p2a: Alomomola|Wish|p2a: Alomomola
|
|-heal|p1a: O Co|285\/304|[from] item: Leftovers
|-heal|p2a: Alomomola|402\/472|[from] item: Leftovers
|turn|70
|c|âDon't Use Mega|o hp '_'
|
|move|p1a: O Co|Volt Switch|p2a: Alomomola
|-supereffective|p2a: Alomomola
|-damage|p2a: Alomomola|198\/472
|
|switch|p1a: Capeta|Sylveon, M, shiny|394\/394
|-damage|p1a: Capeta|345\/394|[from] Stealth Rock
|move|p2a: Alomomola|Scald|p1a: Capeta
|-damage|p1a: Capeta|308\/394
|
|-heal|p2a: Alomomola|434\/472|[from] move: Wish|[wisher] Alomomola
|-heal|p2a: Alomomola|463\/472|[from] item: Leftovers
|-heal|p1a: Capeta|332\/394|[from] item: Leftovers
|turn|71
|c|âEl Diiablo|acho que vo durmi
|
|move|p2a: Alomomola|Toxic|p1a: Capeta
|-status|p1a: Capeta|tox
|move|p1a: Capeta|Hyper Voice|p2a: Alomomola
|-damage|p2a: Alomomola|289\/472
|
|-heal|p2a: Alomomola|318\/472|[from] item: Leftovers
|-heal|p1a: Capeta|356\/394 tox|[from] item: Leftovers
|-damage|p1a: Capeta|332\/394 tox|[from] psn
|turn|72
|
|move|p2a: Alomomola|Wish|p2a: Alomomola
|move|p1a: Capeta|Heal Bell|p1a: Capeta
|-cureteam|p1a: Capeta|[from] move: HealBell
|
|-heal|p2a: Alomomola|347\/472|[from] item: Leftovers
|-heal|p1a: Capeta|356\/394|[from] item: Leftovers
|turn|73
|
|switch|p2a: Zapdos|Zapdos|383\/383
|-damage|p2a: Zapdos|288\/383|[from] Stealth Rock
|-ability|p2a: Zapdos|Pressure
|move|p1a: Capeta|Wish|p1a: Capeta
|
|-heal|p2a: Zapdos|383\/383|[from] move: Wish|[wisher] Alomomola
|-heal|p1a: Capeta|380\/394|[from] item: Leftovers
|turn|74
|
|move|p2a: Zapdos|Heat Wave|p1a: Capeta
|-damage|p1a: Capeta|301\/394
|move|p1a: Capeta|Hyper Voice|p2a: Zapdos
|-damage|p2a: Zapdos|263\/383
|
|-heal|p1a: Capeta|394\/394|[from] move: Wish|[wisher] Capeta
|-heal|p2a: Zapdos|286\/383|[from] item: Leftovers
|turn|75
|
|move|p2a: Zapdos|Volt Switch|p1a: Capeta
|-damage|p1a: Capeta|310\/394
|
|switch|p2a: Gothitelle|Gothitelle, F|165\/301 brn
|-damage|p2a: Gothitelle|128\/301 brn|[from] Stealth Rock
|move|p1a: Capeta|Hyper Voice|p2a: Gothitelle
|-damage|p2a: Gothitelle|0 fnt
|faint|p2a: Gothitelle
|
|-heal|p1a: Capeta|334\/394|[from] item: Leftovers
|c|âDon't Use Mega|'_'
|c|âEl Diiablo|Vo durmi
|
|switch|p2a: Zapdos|Zapdos|286\/383
|-damage|p2a: Zapdos|191\/383|[from] Stealth Rock
|-ability|p2a: Zapdos|Pressure
|turn|76
|c|âEl Diiablo|Acho que ganhei
|
|move|p2a: Zapdos|Roost|p2a: Zapdos
|-heal|p2a: Zapdos|383\/383
|move|p1a: Capeta|Hyper Voice|p2a: Zapdos
|-damage|p2a: Zapdos|265\/383
|
|-heal|p2a: Zapdos|288\/383|[from] item: Leftovers
|-heal|p1a: Capeta|358\/394|[from] item: Leftovers
|turn|77
|c|âDon't Use Mega|Ã© " pode " ser
|c|âDon't Use Mega|mas nÃ£o ta perdido
|c|âDon't Use Mega|pra mim
|
|move|p2a: Zapdos|Substitute|p2a: Zapdos
|-start|p2a: Zapdos|Substitute
|-damage|p2a: Zapdos|193\/383
|move|p1a: Capeta|Wish|p1a: Capeta
|
|-heal|p2a: Zapdos|216\/383|[from] item: Leftovers
|-heal|p1a: Capeta|382\/394|[from] item: Leftovers
|turn|78
|c|âDon't Use Mega|nem ache :D
|
|switch|p1a: Vem Que Tem|Heatran, M, shiny|73\/384
|-damage|p1a: Vem Que Tem|25\/384|[from] Stealth Rock
|move|p2a: Zapdos|Heat Wave|p1a: Vem Que Tem
|-start|p1a: Vem Que Tem|ability: Flash Fire
|
|-heal|p1a: Vem Que Tem|222\/384|[from] move: Wish|[wisher] Capeta
|-heal|p2a: Zapdos|239\/383|[from] item: Leftovers
|-heal|p1a: Vem Que Tem|246\/384|[from] item: Leftovers
|turn|79
|
|move|p2a: Zapdos|Roost|p2a: Zapdos
|-heal|p2a: Zapdos|383\/383
|move|p1a: Vem Que Tem|Lava Plume|p2a: Zapdos
|-crit|p2a: Zapdos
|-end|p2a: Zapdos|Substitute
|
|-heal|p1a: Vem Que Tem|270\/384|[from] item: Leftovers
|turn|80
|
|move|p2a: Zapdos|Substitute|p2a: Zapdos
|-start|p2a: Zapdos|Substitute
|-damage|p2a: Zapdos|288\/383
|move|p1a: Vem Que Tem|Lava Plume|p2a: Zapdos
|-crit|p2a: Zapdos
|-end|p2a: Zapdos|Substitute
|
|-heal|p2a: Zapdos|311\/383|[from] item: Leftovers
|-heal|p1a: Vem Que Tem|294\/384|[from] item: Leftovers
|turn|81
|c|âEl Diiablo|'-'
|
|move|p2a: Zapdos|Substitute|p2a: Zapdos
|-start|p2a: Zapdos|Substitute
|-damage|p2a: Zapdos|216\/383
|move|p1a: Vem Que Tem|Roar|p2a: Zapdos
|drag|p2a: Clefable|Clefable, M|41\/394 brn
|
|-heal|p1a: Vem Que Tem|318\/384|[from] item: Leftovers
|-heal|p2a: Clefable|65\/394 brn|[from] item: Leftovers
|turn|82
|
|move|p1a: Vem Que Tem|Lava Plume|p2a: Clefable
|-damage|p2a: Clefable|0 fnt
|faint|p2a: Clefable
|
|-heal|p1a: Vem Que Tem|342\/384|[from] item: Leftovers
|c|âDon't Use Mega|lol
|
|switch|p2a: Landorus-Therian|Landorus-Therian, M|382\/382
|-damage|p2a: Landorus-Therian|335\/382|[from] Stealth Rock
|-ability|p2a: Landorus-Therian|Intimidate|[of] p1a: Vem Que Tem
|-unboost|p1a: Vem Que Tem|atk|1
|turn|83
|
|move|p1a: Vem Que Tem|Protect|p1a: Vem Que Tem
|-singleturn|p1a: Vem Que Tem|Protect
|move|p2a: Landorus-Therian|Knock Off|p1a: Vem Que Tem
|-activate|p1a: Vem Que Tem|Protect
|
|-heal|p1a: Vem Que Tem|366\/384|[from] item: Leftovers
|turn|84
|c|âDon't Use Mega|lava plume sÃ£o 24 nÃ© ?
|
|move|p2a: Landorus-Therian|Earthquake|p1a: Vem Que Tem
|-supereffective|p1a: Vem Que Tem
|-damage|p1a: Vem Que Tem|0 fnt
|faint|p1a: Vem Que Tem
|
|
|switch|p1a: O Co|Rotom-Wash, shiny|285\/304
|-damage|p1a: O Co|247\/304|[from] Stealth Rock
|turn|85
|c|âEl Diiablo|Mesmo assim ganhei
|
|switch|p2a: Zapdos|Zapdos|216\/383
|-damage|p2a: Zapdos|121\/383|[from] Stealth Rock
|-ability|p2a: Zapdos|Pressure
|move|p1a: O Co|Hydro Pump|p2a: Zapdos|[miss]
|-miss|p1a: O Co|p2a: Zapdos
|
|-heal|p2a: Zapdos|144\/383|[from] item: Leftovers
|-heal|p1a: O Co|266\/304|[from] item: Leftovers
|turn|86
|c|âEl Diiablo|'-'
|c|âEl Diiablo|Sim
|c|âEl Diiablo|hax
|
|move|p2a: Zapdos|Substitute|p2a: Zapdos
|-start|p2a: Zapdos|Substitute
|-damage|p2a: Zapdos|49\/383
|move|p1a: O Co|Volt Switch|p2a: Zapdos
|-activate|p2a: Zapdos|Substitute|[damage]
|c|âDon't Use Mega|n ia matar
|c|âDon't Use Mega|'-'
|
|switch|p1a: Capeta|Sylveon, M, shiny|382\/394
|-damage|p1a: Capeta|333\/394|[from] Stealth Rock
|
|-heal|p2a: Zapdos|72\/383|[from] item: Leftovers
|-heal|p1a: Capeta|357\/394|[from] item: Leftovers
|turn|87
|
|move|p2a: Zapdos|Roost|p2a: Zapdos
|-heal|p2a: Zapdos|264\/383
|move|p1a: Capeta|Hyper Voice|p2a: Zapdos
|-damage|p2a: Zapdos|143\/383
|
|-heal|p2a: Zapdos|166\/383|[from] item: Leftovers
|-heal|p1a: Capeta|381\/394|[from] item: Leftovers
|turn|88
|c|âDon't Use Mega|e a verdade Ã© que eu ganhei
|c|âDon't Use Mega|'_'
|c|âEl Diiablo|Tbm acho
|
|switch|p1a: O Co|Rotom-Wash, shiny|266\/304
|-damage|p1a: O Co|228\/304|[from] Stealth Rock
|move|p2a: Zapdos|Roost|p2a: Zapdos
|-heal|p2a: Zapdos|358\/383
|
|-heal|p2a: Zapdos|381\/383|[from] item: Leftovers
|-heal|p1a: O Co|247\/304|[from] item: Leftovers
|turn|89
|
|move|p2a: Zapdos|Heat Wave|p1a: O Co
|-resisted|p1a: O Co
|-damage|p1a: O Co|202\/304
|move|p1a: O Co|Hydro Pump|p2a: Zapdos
|-end|p2a: Zapdos|Substitute
|
|-heal|p2a: Zapdos|383\/383|[from] item: Leftovers
|-heal|p1a: O Co|221\/304|[from] item: Leftovers
|turn|90
|
|move|p2a: Zapdos|Substitute|p2a: Zapdos
|-start|p2a: Zapdos|Substitute
|-damage|p2a: Zapdos|288\/383
|move|p1a: O Co|Hydro Pump|p2a: Zapdos
|-crit|p2a: Zapdos
|-end|p2a: Zapdos|Substitute
|
|-heal|p2a: Zapdos|311\/383|[from] item: Leftovers
|-heal|p1a: O Co|240\/304|[from] item: Leftovers
|turn|91
|c|âEl Diiablo|'.'
|c|âDon't Use Mega|viu sÃ³ '___'
|c|âEl Diiablo|Eu venci
|c|âDon't Use Mega|se eu nÃ£o tenho subs
|c|âEl Diiablo|'-'
|c|âDon't Use Mega|seria hax
|c|âDon't Use Mega|'___'
|
|move|p2a: Zapdos|Substitute|p2a: Zapdos
|-start|p2a: Zapdos|Substitute
|-damage|p2a: Zapdos|216\/383
|move|p1a: O Co|Hydro Pump|p2a: Zapdos
|-end|p2a: Zapdos|Substitute
|
|-heal|p2a: Zapdos|239\/383|[from] item: Leftovers
|-heal|p1a: O Co|259\/304|[from] item: Leftovers
|turn|92
|c|âDon't Use Mega|eu venci
|c|âEl Diiablo|agora sa poha
|c|âDon't Use Mega|n perca seu tempo '__'
|c|âEl Diiablo|um falha
|
|move|p2a: Zapdos|Substitute|p2a: Zapdos
|-start|p2a: Zapdos|Substitute
|-damage|p2a: Zapdos|144\/383
|move|p1a: O Co|Volt Switch|p2a: Zapdos
|-activate|p2a: Zapdos|Substitute|[damage]
|
|switch|p1a: Vem Pro Pau|Excadrill, M, shiny|224\/362
|-damage|p1a: Vem Pro Pau|213\/362|[from] Stealth Rock
|-ability|p1a: Vem Pro Pau|Mold Breaker
|
|-heal|p2a: Zapdos|167\/383|[from] item: Leftovers
|turn|93
|
|move|p1a: Vem Pro Pau|Rapid Spin|p2a: Zapdos
|-activate|p2a: Zapdos|Substitute|[damage]
|-sideend|p1: El Diiablo|Stealth Rock|[from] move: Rapid Spin|[of] p1a: Vem Pro Pau
|move|p2a: Zapdos|Heat Wave|p1a: Vem Pro Pau
|-supereffective|p1a: Vem Pro Pau
|-damage|p1a: Vem Pro Pau|37\/362
|
|-heal|p2a: Zapdos|190\/383|[from] item: Leftovers
|turn|94
|
|move|p1a: Vem Pro Pau|Rock Slide|p2a: Zapdos
|-crit|p2a: Zapdos
|-supereffective|p2a: Zapdos
|-end|p2a: Zapdos|Substitute
|move|p2a: Zapdos|Substitute|p2a: Zapdos
|-start|p2a: Zapdos|Substitute
|-damage|p2a: Zapdos|95\/383
|
|-heal|p2a: Zapdos|118\/383|[from] item: Leftovers
|turn|95
|
|move|p1a: Vem Pro Pau|Rock Slide|p2a: Zapdos
|-supereffective|p2a: Zapdos
|-end|p2a: Zapdos|Substitute
|move|p2a: Zapdos|Roost|p2a: Zapdos
|-heal|p2a: Zapdos|310\/383
|
|-heal|p2a: Zapdos|333\/383|[from] item: Leftovers
|turn|96
|c|âEl Diiablo|Qum ven ceu ?
|
|move|p1a: Vem Pro Pau|Rock Slide|p2a: Zapdos
|-supereffective|p2a: Zapdos
|-damage|p2a: Zapdos|117\/383
|move|p2a: Zapdos|Roost|p2a: Zapdos
|-heal|p2a: Zapdos|309\/383
|
|-heal|p2a: Zapdos|332\/383|[from] item: Leftovers
|turn|97
|c|âDon't Use Mega|eu 
|c|âDon't Use Mega|venci
|c|âDon't Use Mega|atÃ© vocÃª NÃO FLINCHAR
|
|move|p1a: Vem Pro Pau|Rock Slide|p2a: Zapdos
|-supereffective|p2a: Zapdos
|-damage|p2a: Zapdos|128\/383
|move|p2a: Zapdos|Roost|p2a: Zapdos
|-heal|p2a: Zapdos|320\/383
|
|-heal|p2a: Zapdos|343\/383|[from] item: Leftovers
|turn|98
|c|âDon't Use Mega|que essa bosta
|c|âEl Diiablo|^CÃª falhar
|c|âEl Diiablo|gg
|c|âDon't Use Mega|tb tem chanse
|c|âDon't Use Mega|de errar
|c|âDon't Use Mega|'__'
|c|âEl Diiablo|Sim
|c|âEl Diiablo|Mais vai flinchar agora
|
|move|p1a: Vem Pro Pau|Rock Slide|p2a: Zapdos
|-supereffective|p2a: Zapdos
|-damage|p2a: Zapdos|137\/383
|move|p2a: Zapdos|Roost|p2a: Zapdos
|-heal|p2a: Zapdos|329\/383
|
|-heal|p2a: Zapdos|352\/383|[from] item: Leftovers
|turn|99
|c|âEl Diiablo|LoL
|c|âEl Diiablo|Fail
|c|âEl Diiablo|'-'
|c|âEl Diiablo|10 rock jÃ¡
|c|âEl Diiablo|Sem Filha \/ Sem Errar
|c|âDon't Use Mega|velho
|c|âDon't Use Mega|sÃ£o
|c|âDon't Use Mega|!data rock slide
|c|~|\/data-move Rock Slide

|c|âDon't Use Mega|sÃ£o 16
|
|move|p1a: Vem Pro Pau|Rock Slide|p2a: Zapdos
|-supereffective|p2a: Zapdos
|-damage|p2a: Zapdos|160\/383
|move|p2a: Zapdos|Roost|p2a: Zapdos
|-heal|p2a: Zapdos|352\/383
|
|-heal|p2a: Zapdos|375\/383|[from] item: Leftovers
|turn|100
|
|move|p1a: Vem Pro Pau|Rock Slide|p2a: Zapdos
|-supereffective|p2a: Zapdos
|-damage|p2a: Zapdos|169\/383
|cant|p2a: Zapdos|flinch
|
|-heal|p2a: Zapdos|192\/383|[from] item: Leftovers
|turn|101
|c|âEl Diiablo|Poha
|c|âEl Diiablo|AMEM
|c|âDon't Use Mega|zuera nÃ© ?
|
|switch|p2a: Alomomola|Alomomola, F|472\/472
|-damage|p2a: Alomomola|413\/472|[from] Stealth Rock
|move|p1a: Vem Pro Pau|Rock Slide|p2a: Alomomola
|-damage|p2a: Alomomola|335\/472
|
|-heal|p2a: Alomomola|364\/472|[from] item: Leftovers
|turn|102
|
|move|p1a: Vem Pro Pau|Earthquake|p2a: Alomomola
|-damage|p2a: Alomomola|220\/472
|move|p2a: Alomomola|Wish|p2a: Alomomola
|
|-heal|p2a: Alomomola|249\/472|[from] item: Leftovers
|turn|103
|
|move|p2a: Alomomola|Protect|p2a: Alomomola
|-singleturn|p2a: Alomomola|Protect
|move|p1a: Vem Pro Pau|Iron Head|p2a: Alomomola
|-activate|p2a: Alomomola|Protect
|
|-heal|p2a: Alomomola|472\/472|[from] move: Wish|[wisher] Alomomola
|turn|104
|
|switch|p1a: O Co|Rotom-Wash, shiny|259\/304
|move|p2a: Alomomola|Wish|p2a: Alomomola
|
|-heal|p1a: O Co|278\/304|[from] item: Leftovers
|turn|105
|
|move|p1a: O Co|Volt Switch|p2a: Alomomola
|-supereffective|p2a: Alomomola
|-damage|p2a: Alomomola|250\/472
|
|switch|p1a: Capeta|Sylveon, M, shiny|381\/394
|move|p2a: Alomomola|Toxic|p1a: Capeta
|-status|p1a: Capeta|tox
|
|-heal|p2a: Alomomola|472\/472|[from] move: Wish|[wisher] Alomomola
|-heal|p1a: Capeta|394\/394 tox|[from] item: Leftovers
|-damage|p1a: Capeta|370\/394 tox|[from] psn
|turn|106
|
|switch|p2a: Landorus-Therian|Landorus-Therian, M|335\/382
|-damage|p2a: Landorus-Therian|288\/382|[from] Stealth Rock
|-ability|p2a: Landorus-Therian|Intimidate|[of] p1a: Capeta
|-unboost|p1a: Capeta|atk|1
|move|p1a: Capeta|Hyper Voice|p2a: Landorus-Therian
|-damage|p2a: Landorus-Therian|207\/382
|
|-heal|p1a: Capeta|394\/394 tox|[from] item: Leftovers
|-damage|p1a: Capeta|346\/394 tox|[from] psn
|turn|107
|
|move|p2a: Landorus-Therian|Knock Off|p1a: Capeta
|-resisted|p1a: Capeta
|-damage|p1a: Capeta|301\/394 tox
|-enditem|p1a: Capeta|Leftovers|[from] move: Knock Off|[of] p2a: Landorus-Therian
|move|p1a: Capeta|Heal Bell|p1a: Capeta
|-cureteam|p1a: Capeta|[from] move: HealBell
|
|turn|108
|
|switch|p1a: O Co|Rotom-Wash, shiny|278\/304
|move|p2a: Landorus-Therian|Earthquake|p1a: O Co
|-immune|p1a: O Co|[msg]
|
|-heal|p1a: O Co|297\/304|[from] item: Leftovers
|turn|109
|
|move|p1a: O Co|Will-O-Wisp|p2a: Landorus-Therian
|-status|p2a: Landorus-Therian|brn
|move|p2a: Landorus-Therian|Knock Off|p1a: O Co
|-damage|p1a: O Co|256\/304
|-enditem|p1a: O Co|Leftovers|[from] move: Knock Off|[of] p2a: Landorus-Therian
|
|-damage|p2a: Landorus-Therian|160\/382 brn|[from] brn
|turn|110
|
|switch|p1a: Capeta|Sylveon, M, shiny|301\/394
|move|p2a: Landorus-Therian|U-turn|p1a: Capeta
|-resisted|p1a: Capeta
|-damage|p1a: Capeta|281\/394
|
|switch|p2a: Zapdos|Zapdos|192\/383
|-damage|p2a: Zapdos|97\/383|[from] Stealth Rock
|-ability|p2a: Zapdos|Pressure
|
|-heal|p2a: Zapdos|120\/383|[from] item: Leftovers
|turn|111
|c|âDon't Use Mega|hehe
|
|move|p2a: Zapdos|Roost|p2a: Zapdos
|-heal|p2a: Zapdos|312\/383
|move|p1a: Capeta|Hyper Voice|p2a: Zapdos
|-damage|p2a: Zapdos|197\/383
|
|-heal|p2a: Zapdos|220\/383|[from] item: Leftovers
|turn|112
|c|âDon't Use Mega|venci novamente
|c|âDon't Use Mega|'_'
|c|âDon't Use Mega|o maior hyper voice que teve
|c|âDon't Use Mega|foi 31%
|
|switch|p1a: Vem Pro Pau|Excadrill, M, shiny|37\/362
|-ability|p1a: Vem Pro Pau|Mold Breaker
|move|p2a: Zapdos|Roost|p2a: Zapdos
|-heal|p2a: Zapdos|383\/383
|
|turn|113
|
|move|p1a: Vem Pro Pau|Rock Slide|p2a: Zapdos
|-supereffective|p2a: Zapdos
|-damage|p2a: Zapdos|167\/383
|cant|p2a: Zapdos|flinch
|
|-heal|p2a: Zapdos|190\/383|[from] item: Leftovers
|turn|114
|c|âEl Diiablo|'.'
|
|move|p1a: Vem Pro Pau|Iron Head|p2a: Zapdos
|-resisted|p2a: Zapdos
|-damage|p2a: Zapdos|106\/383
|cant|p2a: Zapdos|flinch
|
|-heal|p2a: Zapdos|129\/383|[from] item: Leftovers
|turn|115
|c|âDon't Use Mega|'-'
|c|âEl Diiablo|'.'
|
|move|p1a: Vem Pro Pau|Iron Head|p2a: Zapdos
|-resisted|p2a: Zapdos
|-damage|p2a: Zapdos|48\/383
|move|p2a: Zapdos|Roost|p2a: Zapdos
|-heal|p2a: Zapdos|240\/383
|
|-heal|p2a: Zapdos|263\/383|[from] item: Leftovers
|turn|116
|c|âDon't Use Mega|sÃ³ presta assim
|
|move|p1a: Vem Pro Pau|Iron Head|p2a: Zapdos
|-resisted|p2a: Zapdos
|-damage|p2a: Zapdos|182\/383
|move|p2a: Zapdos|Roost|p2a: Zapdos
|-heal|p2a: Zapdos|374\/383
|
|-heal|p2a: Zapdos|383\/383|[from] item: Leftovers
|turn|117
|
|move|p1a: Vem Pro Pau|Iron Head|p2a: Zapdos
|-crit|p2a: Zapdos
|-resisted|p2a: Zapdos
|-damage|p2a: Zapdos|251\/383
|cant|p2a: Zapdos|flinch
|
|-heal|p2a: Zapdos|274\/383|[from] item: Leftovers
|turn|118
|c|âDon't Use Mega|mds
|c|âEl Diiablo|'.'
|c|âDon't Use Mega|ainda vem critico
|
|move|p1a: Vem Pro Pau|Iron Head|p2a: Zapdos
|-resisted|p2a: Zapdos
|-damage|p2a: Zapdos|195\/383
|move|p2a: Zapdos|Heat Wave|p1a: Vem Pro Pau
|-supereffective|p1a: Vem Pro Pau
|-damage|p1a: Vem Pro Pau|0 fnt
|faint|p1a: Vem Pro Pau
|
|-heal|p2a: Zapdos|218\/383|[from] item: Leftovers
|c|âDon't Use Mega|Ã© mt hax isso
|c|âDon't Use Mega|'-'
|
|switch|p1a: Olha o Fodao|Talonflame, M, shiny|224\/298
|turn|119
|
|move|p1a: Olha o Fodao|Flare Blitz|p2a: Zapdos
|-damage|p2a: Zapdos|0 fnt
|-damage|p1a: Olha o Fodao|152\/298|[from] recoil|[of] p2a: Zapdos
|faint|p2a: Zapdos
|
|
|switch|p2a: Alomomola|Alomomola, F|472\/472
|-damage|p2a: Alomomola|413\/472|[from] Stealth Rock
|turn|120
|c|âEl Diiablo|Quemm venceu 
|c|âEl Diiablo|'-'
|
|switch|p1a: O Co|Rotom-Wash, shiny|256\/304
|move|p2a: Alomomola|Toxic|p1a: O Co|[miss]
|-miss|p2a: Alomomola|p1a: O Co
|
|-heal|p2a: Alomomola|442\/472|[from] item: Leftovers
|turn|121
|c|âDon't Use Mega|eu ainda venci 
|c|âDon't Use Mega|'-'
|c|âDon't Use Mega|PQP
|
|move|p1a: O Co|Volt Switch|p2a: Alomomola
|-supereffective|p2a: Alomomola
|-damage|p2a: Alomomola|242\/472
|
|switch|p1a: Capeta|Sylveon, M, shiny|281\/394
|move|p2a: Alomomola|Toxic|p1a: Capeta
|-status|p1a: Capeta|tox
|
|-heal|p2a: Alomomola|271\/472|[from] item: Leftovers
|-damage|p1a: Capeta|257\/394 tox|[from] psn
|turn|122
|
|move|p2a: Alomomola|Scald|p1a: Capeta
|-damage|p1a: Capeta|218\/394 tox
|move|p1a: Capeta|Heal Bell|p1a: Capeta
|-cureteam|p1a: Capeta|[from] move: HealBell
|
|-heal|p2a: Alomomola|300\/472|[from] item: Leftovers
|turn|123
|
|move|p2a: Alomomola|Toxic|p1a: Capeta
|-status|p1a: Capeta|tox
|move|p1a: Capeta|Wish|p1a: Capeta
|
|-heal|p2a: Alomomola|329\/472|[from] item: Leftovers
|-damage|p1a: Capeta|194\/394 tox|[from] psn
|turn|124
|c|âEl Diiablo|Eu venci
|c|âEl Diiablo|Assumi
|c|âEl Diiablo|'-'
|
|move|p1a: Capeta|Protect|p1a: Capeta
|-singleturn|p1a: Capeta|Protect
|move|p2a: Alomomola|Scald|p1a: Capeta
|-activate|p1a: Capeta|Protect
|
|-heal|p1a: Capeta|391\/394 tox|[from] move: Wish|[wisher] Capeta
|-heal|p2a: Alomomola|358\/472|[from] item: Leftovers
|-damage|p1a: Capeta|343\/394 tox|[from] psn
|turn|125
|c|âDon't Use Mega|pq vc venceu ?
|
|move|p2a: Alomomola|Scald|p1a: Capeta
|-damage|p1a: Capeta|304\/394 tox
|move|p1a: Capeta|Wish|p1a: Capeta
|
|-heal|p2a: Alomomola|387\/472|[from] item: Leftovers
|-damage|p1a: Capeta|232\/394 tox|[from] psn
|turn|126
|c|âEl Diiablo|Rotom
|c|âEl Diiablo|Mata os 2
|c|âEl Diiablo|'-'
|
|move|p2a: Alomomola|Scald|p1a: Capeta
|-damage|p1a: Capeta|193\/394 tox
|move|p1a: Capeta|Heal Bell|p1a: Capeta
|-cureteam|p1a: Capeta|[from] move: HealBell
|
|-heal|p1a: Capeta|390\/394|[from] move: Wish|[wisher] Capeta
|-heal|p2a: Alomomola|416\/472|[from] item: Leftovers
|turn|127
|
|switch|p1a: O Co|Rotom-Wash, shiny|256\/304
|move|p2a: Alomomola|Toxic|p1a: O Co
|-status|p1a: O Co|tox
|
|-heal|p2a: Alomomola|445\/472|[from] item: Leftovers
|-damage|p1a: O Co|237\/304 tox|[from] psn
|turn|128
|c|âDon't Use Mega|n mata
|
|move|p2a: Alomomola|Protect|p2a: Alomomola
|-singleturn|p2a: Alomomola|Protect
|move|p1a: O Co|Will-O-Wisp|p2a: Alomomola
|-activate|p2a: Alomomola|Protect
|
|-heal|p2a: Alomomola|472\/472|[from] item: Leftovers
|-damage|p1a: O Co|199\/304 tox|[from] psn
|turn|129
|c|âEl Diiablo|bora teta
|c|âEl Diiablo|Agora vem ele
|
|switch|p2a: Landorus-Therian|Landorus-Therian, M|160\/382 brn
|-damage|p2a: Landorus-Therian|113\/382 brn|[from] Stealth Rock
|-ability|p2a: Landorus-Therian|Intimidate|[of] p1a: O Co
|-unboost|p1a: O Co|atk|1
|move|p1a: O Co|Will-O-Wisp|p2a: Landorus-Therian|[miss]
|-miss|p1a: O Co|p2a: Landorus-Therian
|
|-damage|p1a: O Co|142\/304 tox|[from] psn
|-damage|p2a: Landorus-Therian|66\/382 brn|[from] brn
|turn|130
|
|switch|p1a: Capeta|Sylveon, M, shiny|390\/394
|move|p2a: Landorus-Therian|Stone Edge|p1a: Capeta
|-damage|p1a: Capeta|336\/394
|
|-damage|p2a: Landorus-Therian|19\/382 brn|[from] brn
|turn|131
|
|move|p1a: Capeta|Protect|p1a: Capeta
|-singleturn|p1a: Capeta|Protect
|move|p2a: Landorus-Therian|U-turn|p1a: Capeta
|-activate|p1a: Capeta|Protect
|
|-damage|p2a: Landorus-Therian|0 fnt|[from] brn
|faint|p2a: Landorus-Therian
|c|âEl Diiablo|E agora
|
|switch|p2a: Alomomola|Alomomola, F|472\/472
|-damage|p2a: Alomomola|413\/472|[from] Stealth Rock
|turn|132
|c|âEl Diiablo|QUEM VENCEU
|c|âDon't Use Mega|EU 
|
|move|p2a: Alomomola|Scald|p1a: Capeta
|-damage|p1a: Capeta|300\/394
|-status|p1a: Capeta|brn
|move|p1a: Capeta|Wish|p1a: Capeta
|
|-heal|p2a: Alomomola|442\/472|[from] item: Leftovers
|-damage|p1a: Capeta|251\/394 brn|[from] brn
|turn|133
|c|âEl Diiablo|'-'
|
|switch|p1a: O Co|Rotom-Wash, shiny|142\/304 tox
|move|p2a: Alomomola|Scald|p1a: O Co
|-resisted|p1a: O Co
|-damage|p1a: O Co|119\/304 tox
|
|-heal|p1a: O Co|304\/304 tox|[from] move: Wish|[wisher] Capeta
|-heal|p2a: Alomomola|471\/472|[from] item: Leftovers
|-damage|p1a: O Co|285\/304 tox|[from] psn
|turn|134
|
|move|p2a: Alomomola|Protect|p2a: Alomomola
|-singleturn|p2a: Alomomola|Protect
|move|p1a: O Co|Will-O-Wisp|p2a: Alomomola
|-activate|p2a: Alomomola|Protect
|
|-heal|p2a: Alomomola|472\/472|[from] item: Leftovers
|-damage|p1a: O Co|247\/304 tox|[from] psn
|turn|135
|c|âDon't Use Mega|meu super alomomola
|
|move|p1a: O Co|Will-O-Wisp|p2a: Alomomola
|-status|p2a: Alomomola|brn
|move|p2a: Alomomola|Scald|p1a: O Co
|-resisted|p1a: O Co
|-damage|p1a: O Co|226\/304 tox
|
|-damage|p1a: O Co|169\/304 tox|[from] psn
|-damage|p2a: Alomomola|413\/472 brn|[from] brn
|turn|136
|
|move|p2a: Alomomola|Protect|p2a: Alomomola
|-singleturn|p2a: Alomomola|Protect
|move|p1a: O Co|Volt Switch|p2a: Alomomola
|-activate|p2a: Alomomola|Protect
|
|-heal|p2a: Alomomola|442\/472 brn|[from] item: Leftovers
|-damage|p1a: O Co|93\/304 tox|[from] psn
|-damage|p2a: Alomomola|383\/472 brn|[from] brn
|turn|137
|
|move|p2a: Alomomola|Protect|p2a: Alomomola
|-singleturn|p2a: Alomomola|Protect
|move|p1a: O Co|Pain Split|p2a: Alomomola
|-activate|p2a: Alomomola|Protect
|
|-heal|p2a: Alomomola|412\/472 brn|[from] item: Leftovers
|-damage|p1a: O Co|0 fnt|[from] psn
|-damage|p2a: Alomomola|353\/472 brn|[from] brn
|faint|p1a: O Co
|c|âEl Diiablo|hax
|c|âEl Diiablo|'-'
|
|switch|p1a: Vem Me Pegar|Pinsir-Mega, M, shiny|111\/271
|turn|138
|c|âDon't Use Mega|cade seu rotom agora
|
|move|p1a: Vem Me Pegar|Return|p2a: Alomomola
|-damage|p2a: Alomomola|133\/472 brn
|move|p2a: Alomomola|Scald|p1a: Vem Me Pegar
|-damage|p1a: Vem Me Pegar|56\/271
|
|-heal|p2a: Alomomola|162\/472 brn|[from] item: Leftovers
|-damage|p2a: Alomomola|103\/472 brn|[from] brn
|turn|139
|c|âDon't Use Mega|CADE MEU BURN
|c|âEl Diiablo|'-'
|c|âDon't Use Mega|HAX!!!
|c|âEl Diiablo|Quem vence
|c|âEl Diiablo|QuEMM VENCEu
|c|âEl Diiablo|OHA
|c|âEl Diiablo|POHA
|c|âDon't Use Mega|o tempo '___'
|c|âEl Diiablo|QUEM VENCEU POHA
|c|âEl Diiablo|Joga ogo
|c|âEl Diiablo|Que vo durmi
|c|âEl Diiablo|'-'
|c|âDon't Use Mega|mano vocÃª sÃ³ ganhou
|c|âDon't Use Mega|por causa dos flinchs
|c|âDon't Use Mega|no zapdos
|c|âDon't Use Mega|'_'
|
|move|p2a: Alomomola|Protect|p2a: Alomomola
|-singleturn|p2a: Alomomola|Protect
|move|p1a: Vem Me Pegar|Return|p2a: Alomomola
|-activate|p2a: Alomomola|Protect
|
|-heal|p2a: Alomomola|132\/472 brn|[from] item: Leftovers
|-damage|p2a: Alomomola|73\/472 brn|[from] brn
|turn|140
|c|âDon't Use Mega|sua net vai cair
|c|âDon't Use Mega|o pc vai dar pau
|c|âEl Diiablo|'-'
|c|âDon't Use Mega|tela azul
|c|âEl Diiablo|Macumba pra otro
|c|âEl Diiablo|o.o'
|c|âDon't Use Mega|o gato comer o fio
|c|âEl Diiablo|joga logo
|c|âEl Diiablo|'-'
|c|âDon't Use Mega|tirarem a tomada
|c|âDon't Use Mega|incendiarem o fogÃ£o
|c|âEl Diiablo|noot descarregando
|c|âEl Diiablo|e vou durmi
|c|âEl Diiablo|zZ
|c|âDon't Use Mega|viu ?
|c| BlackWolf72|noot vai descarragar
|c| BlackWolf72|e o kain vence
|c|âDon't Use Mega|isso Ã© uma solulÃ§ao
|c|âDon't Use Mega|pra eu vencer
|c|âEl Diiablo|Tenho carregador
|c|âEl Diiablo|Para carregar
|c|âEl Diiablo|'-'
|c| BlackWolf72|ele quebrou
|c|âDon't Use Mega|ele vai quebrar
|c|âEl Diiablo|Tenho 3
|c|âEl Diiablo|'-'
|c|âDon't Use Mega|vocÃª vai se desesperar
|c|âDon't Use Mega|e nÃ£o vai achar os outros
|c|âDon't Use Mega|o cachorro vai bater no seu pc
|c|âEl Diiablo|Ta na minha frente
|c| BlackWolf72|vc vai dar miss click
|c|âDon't Use Mega|e vc vai ficar puto
|c|âEl Diiablo|LoL '-'
|c|âEl Diiablo|Cachorra ta aqui do meu lado
|c| BlackWolf72|return vai missa
|c|âDon't Use Mega|ela vai bater na cadeira
|c|âEl Diiablo|Tem que da bnho nela
|c|âEl Diiablo|'-'
|c|âDon't Use Mega|vocÃª vai cair
|c|âDon't Use Mega|'_'
|c|âEl Diiablo|To deitado
|c|âEl Diiablo|LoL
|c|âEl Diiablo|'-'
|c|âDon't Use Mega|sua mÃ£e vai lhe obrigar a lavar a louÃ§a
|c|âDon't Use Mega|'_'
|c|âEl Diiablo|Moro na casa do meu amigo
|c| BlackWolf72|dps da meia noite ne
|c|âEl Diiablo|A mÃ£e dele que lava
|c|âEl Diiablo|'-'
|c|âDon't Use Mega|puta merda
|c|âDon't Use Mega|o seu amigo
|c|âDon't Use Mega|vai querer usar seu pc
|c|âDon't Use Mega|e ele Ã© egoista
|c|âEl Diiablo|Ele tem um noot
|c|âDon't Use Mega|vai fechar sa porra
|c|âEl Diiablo|e o cell
|c|âEl Diiablo|'--'
|c|âDon't Use Mega|ele vai querer cheretar o que vc ta fazendo
|c|âDon't Use Mega|e vai fechar a batalha sÃ³ de pirraÃ§a
|c|âEl Diiablo|Ele jÃ¡ viu
|c| BlackWolf72|a luz vai acabar ai
|c|âEl Diiablo|E saiu inda agora
|c|âEl Diiablo|Daqui
|c|âEl Diiablo|A luz na minha cidade
|c|âEl Diiablo|SÃ³ cai de tarde
|c|âDon't Use Mega|vc vai desmaiar de sono
|c| BlackWolf72|n
|c| BlackWolf72|vai cair um raio ai
|c|âDon't Use Mega|e bater com a cara
|c|âEl Diiablo|VSF
|c|âDon't Use Mega|no botÃ£o de desligar
|c|âEl Diiablo|CARALHO
|c|âEl Diiablo|Eu is winer
|c|âDon't Use Mega|vai chegar
|c|âEl Diiablo|'-'
|c|âDon't Use Mega|um ladrÃ£o na sua casa
|c|âDon't Use Mega|e escrotamente
|c|âEl Diiablo|Tenho arma
|c|âEl Diiablo|'-'
|c|âDon't Use Mega|roubar apenas o SEU
|c|âDon't Use Mega|notbook
|c|âDon't Use Mega|ele leva a arma tb
|c|âEl Diiablo|Ando ARMADO <
|c|âDon't Use Mega|'_'
|c|âEl Diiablo|'-'
|c|âEl Diiablo|Ele leva uns tiro
|c|âEl Diiablo|'-'
|c|âDon't Use Mega|vai aparecer uma nega
|c|âDon't Use Mega|nua
|c|âDon't Use Mega|dizendo
|c|âDon't Use Mega|ou agora ou nunca
|c|âDon't Use Mega|fdp
|c|âEl Diiablo|Ja tenho a m inha nega
|c|âDon't Use Mega|e vc vai embora
|c|âEl Diiablo|Minha nega
|c|âEl Diiablo|''-''
|c|âEl Diiablo|Fasso sexo todo dia
|c|âDon't Use Mega|ela vai aparecer e acabar
|c|âEl Diiablo|'--'
|c|âDon't Use Mega|se vc nÃ£o desistir
|c|âEl Diiablo|gg
|c|âEl Diiablo|'-'
|c|âDon't Use Mega|FDP
|-message|Don't Use Mega lost due to inactivity.
|
|win|El Diiablo
|leave|Don't Use Mega
|player|p2
|leave|El Diiablo
|player|p1
|leave|BlackWolf72