|join|Itch Storm
|join|Don't Use Mega
|player|p1|Itch Storm|265
|player|p2|Don't Use Mega|101
|gametype|singles
|gen|6
|tier|OU
|rated
|clearpoke
|poke|p1|Pinsir, M
|poke|p1|Arcanine, F
|poke|p1|Empoleon, F
|poke|p1|Rotom-Wash
|poke|p1|Tyranitar, F
|poke|p1|Crobat, F
|poke|p2|Tyranitar, F
|poke|p2|Landorus-Therian, M
|poke|p2|Alomomola, F
|poke|p2|Clefable, M
|poke|p2|Gastrodon, F
|poke|p2|Tentacruel, M
|rule|Swagger Clause: Swagger is banned
|rule|Baton Pass Clause: Limit one PokÃ©mon knowing Baton Pass
|rule|Sleep Clause Mod: Limit one foe put to sleep
|rule|Species Clause: Limit one of each PokÃ©mon
|rule|OHKO Clause: OHKO moves are banned
|rule|Moody Clause: Moody is banned
|rule|Evasion Moves Clause: Evasion moves are banned
|rule|Endless Battle Clause: Forcing endless battles is banned
|rule|HP Percentage Mod: HP is shown in percentages
|teampreview
|
|start
|switch|p1a: Crobat|Crobat, F|373\/373
|switch|p2a: Landorus-Therian|Landorus-Therian, M|382\/382
|-ability|p2a: Landorus-Therian|Intimidate|[of] p1a: Crobat
|-unboost|p1a: Crobat|atk|1
|turn|1
|join|riptor
|
|switch|p2a: Tentacruel|Tentacruel, M|352\/352
|move|p1a: Crobat|Toxic|p2a: Tentacruel
|-fail|p2a: Tentacruel
|
|turn|2
|
|move|p1a: Crobat|Brave Bird|p2a: Tentacruel
|-damage|p2a: Tentacruel|265\/352
|-damage|p1a: Crobat|344\/373|[from] recoil|[of] p2a: Tentacruel
|move|p2a: Tentacruel|Toxic Spikes|p1a: Crobat
|-sidestart|p1: Itch Storm|move: Toxic Spikes
|
|-heal|p1a: Crobat|367\/373|[from] item: Black Sludge
|-heal|p2a: Tentacruel|287\/352|[from] item: Black Sludge
|turn|3
|
|switch|p1a: Rotom-Wash|Rotom-Wash|304\/304
|move|p2a: Tentacruel|Toxic Spikes|p1a: Rotom-Wash
|-sidestart|p1: Itch Storm|move: Toxic Spikes
|
|-heal|p2a: Tentacruel|309\/352|[from] item: Black Sludge
|turn|4
|
|switch|p2a: Clefable|Clefable, M|394\/394
|move|p1a: Rotom-Wash|Will-O-Wisp|p2a: Clefable
|-status|p2a: Clefable|brn
|
|turn|5
|
|move|p1a: Rotom-Wash|Volt Switch|p2a: Clefable
|-damage|p2a: Clefable|310\/394 brn
|
|switch|p1a: Crobat|Crobat, F|367\/373
|move|p2a: Clefable|Stealth Rock|p1a: Crobat
|-sidestart|p1: Itch Storm|move: Stealth Rock
|
|-heal|p1a: Crobat|373\/373|[from] item: Black Sludge
|-heal|p2a: Clefable|334\/394 brn|[from] item: Leftovers
|turn|6
|
|switch|p2a: Tentacruel|Tentacruel, M|309\/352
|move|p1a: Crobat|Defog|p2a: Tentacruel
|-unboost|p2a: Tentacruel|evasion|1
|-sideend|p1: Itch Storm|Toxic Spikes|[from] move: Defog|[of] p1a: Crobat
|-sideend|p1: Itch Storm|Stealth Rock|[from] move: Defog|[of] p1a: Crobat
|
|-heal|p2a: Tentacruel|331\/352|[from] item: Black Sludge
|turn|7
|
|switch|p1a: Rotom-Wash|Rotom-Wash|304\/304
|move|p2a: Tentacruel|Scald|p1a: Rotom-Wash
|-resisted|p1a: Rotom-Wash
|-damage|p1a: Rotom-Wash|274\/304
|
|-heal|p2a: Tentacruel|352\/352|[from] item: Black Sludge
|-heal|p1a: Rotom-Wash|293\/304|[from] item: Leftovers
|turn|8
|
|switch|p2a: Clefable|Clefable, M|334\/394 brn
|move|p1a: Rotom-Wash|Will-O-Wisp|p2a: Clefable
|-fail|p2a: Clefable|brn
|
|-heal|p1a: Rotom-Wash|304\/304|[from] item: Leftovers
|-heal|p2a: Clefable|358\/394 brn|[from] item: Leftovers
|turn|9
|
|move|p1a: Rotom-Wash|Volt Switch|p2a: Clefable
|-damage|p2a: Clefable|271\/394 brn
|
|switch|p1a: Pinsir|Pinsir, M|271\/271
|move|p2a: Clefable|Stealth Rock|p1a: Pinsir
|-sidestart|p1: Itch Storm|move: Stealth Rock
|
|-heal|p2a: Clefable|295\/394 brn|[from] item: Leftovers
|turn|10
|
|switch|p2a: Landorus-Therian|Landorus-Therian, M|382\/382
|-ability|p2a: Landorus-Therian|Intimidate|[of] p1a: Pinsir
|-fail|p1a: Pinsir|unboost|Attack|[from] ability: Hyper Cutter|[of] p1a: Pinsir
|move|p1a: Pinsir|Swords Dance|p1a: Pinsir
|-boost|p1a: Pinsir|atk|2
|
|turn|11
|c| riptor|lol
|
|detailschange|p1a: Pinsir|Pinsir-Mega, M
|message|Pinsir has Mega Evolved into Mega Pinsir!
|move|p1a: Pinsir|Return|p2a: Landorus-Therian
|-damage|p2a: Landorus-Therian|0 fnt
|faint|p2a: Landorus-Therian
|
|
|switch|p2a: Tyranitar|Tyranitar, F|404\/404
|-weather|Sandstorm
|turn|12
|
|move|p1a: Pinsir|Earthquake|p2a: Tyranitar
|-supereffective|p2a: Tyranitar
|-damage|p2a: Tyranitar|0 fnt
|faint|p2a: Tyranitar
|
|-weather|Sandstorm|[upkeep]
|-damage|p1a: Pinsir|255\/271|[from] sandstorm
|
|switch|p2a: Alomomola|Alomomola, F|472\/472
|turn|13
|c|âItch Storm|lol
|
|move|p1a: Pinsir|Return|p2a: Alomomola
|-damage|p2a: Alomomola|3\/472
|move|p2a: Alomomola|Toxic|p1a: Pinsir
|-status|p1a: Pinsir|tox
|
|-weather|Sandstorm|[upkeep]
|-damage|p1a: Pinsir|239\/271 tox|[from] sandstorm
|-damage|p2a: Alomomola|0 fnt|[from] sandstorm
|-damage|p1a: Pinsir|223\/271 tox|[from] psn
|faint|p2a: Alomomola
|c| riptor|olha os mega rodo
|
|switch|p2a: Clefable|Clefable, M|295\/394 brn
|turn|14
|c| riptor|robado
|c|âDon't Use Mega|nÃ©
|
|move|p1a: Pinsir|Return|p2a: Clefable
|-damage|p2a: Clefable|0 fnt
|faint|p2a: Clefable
|
|-weather|Sandstorm|[upkeep]
|-damage|p1a: Pinsir|207\/271 tox|[from] sandstorm
|-damage|p1a: Pinsir|175\/271 tox|[from] psn
|c|âDon't Use Mega|tem que mudar
|c|âDon't Use Mega|o tyranitar
|
|switch|p2a: Tentacruel|Tentacruel, M|352\/352
|turn|15
|c|âDon't Use Mega|eu ia sÃ³ fazer um teste
|c|âDon't Use Mega|e n rolou mt bem
|c|âDon't Use Mega|kk
|c|âItch Storm|moj spanski ni dobro
|c| riptor|kkkk
|
|move|p1a: Pinsir|Earthquake|p2a: Tentacruel
|-supereffective|p2a: Tentacruel
|-damage|p2a: Tentacruel|0 fnt
|faint|p2a: Tentacruel
|
|-weather|Sandstorm|[upkeep]
|-damage|p1a: Pinsir|159\/271 tox|[from] sandstorm
|-damage|p1a: Pinsir|111\/271 tox|[from] psn
|
|switch|p2a: Gastrodon|Gastrodon, F|426\/426
|turn|16
|
|move|p1a: Pinsir|Return|p2a: Gastrodon
|-damage|p2a: Gastrodon|0 fnt
|faint|p2a: Gastrodon
|
|win|Itch Storm
|raw|Ladder updating...
|raw|Itch Storm's rating: 1460 &rarr; <strong>1479<\/strong><br \/>(+19 for winning)
|raw|Don&apos;t Use Mega's rating: 1437 &rarr; <strong>1418<\/strong><br \/>(-19 for losing)
|c|âItch Storm|gg
|leave|Don't Use Mega
|player|p2