|join|Don't Use MeGa
|join|Dukekk
|player|p1|Don't Use MeGa|101
|player|p2|Dukekk|209
|gametype|singles
|gen|6
|tier|OU
|rated
|clearpoke
|poke|p1|Tyranitar, M
|poke|p1|Slowbro, M
|poke|p1|Skarmory, F
|poke|p1|Amoonguss, F
|poke|p1|Clefable, M
|poke|p1|Chansey, F
|poke|p2|Politoed, F
|poke|p2|Latias, F
|poke|p2|Swampert, F
|poke|p2|Gothitelle, F
|poke|p2|Manaphy
|poke|p2|Ferrothorn, F
|rule|Swagger Clause: Swagger is banned
|rule|Baton Pass Clause: Limit one PokÃ©mon knowing Baton Pass
|rule|Sleep Clause Mod: Limit one foe put to sleep
|rule|Species Clause: Limit one of each PokÃ©mon
|rule|OHKO Clause: OHKO moves are banned
|rule|Moody Clause: Moody is banned
|rule|Evasion Moves Clause: Evasion moves are banned
|rule|Endless Battle Clause: Forcing endless battles is banned
|rule|HP Percentage Mod: HP is shown in percentages
|teampreview
|
|start
|switch|p1a: Chansey|Chansey, F|670\/670
|switch|p2a: Politoed|Politoed, F|384\/384
|-weather|RainDance
|turn|1
|
|move|p2a: Politoed|Scald|p1a: Chansey
|-damage|p1a: Chansey|598\/670
|move|p1a: Chansey|Stealth Rock|p2a: Politoed
|-sidestart|p2: Dukekk|move: Stealth Rock
|
|-weather|RainDance|[upkeep]
|turn|2
|
|switch|p2a: Ferrothorn|Ferrothorn, F|352\/352
|-damage|p2a: Ferrothorn|330\/352|[from] Stealth Rock
|switch|p1a: Amoonguss|Amoonguss, F|430\/430
|
|-weather|RainDance|[upkeep]
|-heal|p2a: Ferrothorn|352\/352|[from] item: Leftovers
|turn|3
|join|HereIsOnlyTrue
|c| HereIsOnlyTrue|again
|
|switch|p1a: Skarmory|Skarmory, F|334\/334
|move|p2a: Ferrothorn|Stealth Rock|p1a: Skarmory
|-sidestart|p1: Don't Use MeGa|move: Stealth Rock
|
|-weather|RainDance|[upkeep]
|turn|4
|
|switch|p2a: Manaphy|Manaphy|404\/404
|-damage|p2a: Manaphy|354\/404|[from] Stealth Rock
|move|p1a: Skarmory|Spikes|p2a: Manaphy
|-sidestart|p2: Dukekk|Spikes
|
|-weather|RainDance|[upkeep]
|-heal|p2a: Manaphy|379\/404|[from] item: Leftovers
|turn|5
|
|move|p2a: Manaphy|Tail Glow|p2a: Manaphy
|-boost|p2a: Manaphy|spa|3
|move|p1a: Skarmory|Whirlwind|p2a: Manaphy
|drag|p2a: Politoed|Politoed, F|384\/384
|-damage|p2a: Politoed|336\/384|[from] Spikes
|-damage|p2a: Politoed|288\/384|[from] Stealth Rock
|
|-weather|RainDance|[upkeep]
|turn|6
|
|move|p1a: Skarmory|Spikes|p2a: Politoed
|-sidestart|p2: Dukekk|Spikes
|move|p2a: Politoed|Scald|p1a: Skarmory
|-damage|p1a: Skarmory|151\/334
|
|-weather|RainDance|[upkeep]
|turn|7
|
|move|p1a: Skarmory|Roost|p1a: Skarmory
|-heal|p1a: Skarmory|318\/334
|move|p2a: Politoed|Scald|p1a: Skarmory
|-damage|p1a: Skarmory|155\/334
|
|-weather|RainDance|[upkeep]
|turn|8
|
|move|p1a: Skarmory|Roost|p1a: Skarmory
|-heal|p1a: Skarmory|322\/334
|move|p2a: Politoed|Scald|p1a: Skarmory
|-damage|p1a: Skarmory|150\/334
|
|-weather|none
|turn|9
|
|move|p1a: Skarmory|Spikes|p2a: Politoed
|-sidestart|p2: Dukekk|Spikes
|move|p2a: Politoed|Scald|p1a: Skarmory
|-damage|p1a: Skarmory|32\/334
|
|turn|10
|
|move|p1a: Skarmory|Roost|p1a: Skarmory
|-heal|p1a: Skarmory|199\/334
|move|p2a: Politoed|Scald|p1a: Skarmory
|-damage|p1a: Skarmory|87\/334
|-status|p1a: Skarmory|brn
|
|-damage|p1a: Skarmory|46\/334 brn|[from] brn
|turn|11
|join|master1pokemon
|
|move|p1a: Skarmory|Roost|p1a: Skarmory
|-heal|p1a: Skarmory|213\/334 brn
|move|p2a: Politoed|Scald|p1a: Skarmory
|-damage|p1a: Skarmory|99\/334 brn
|
|-damage|p1a: Skarmory|58\/334 brn|[from] brn
|turn|12
|
|switch|p2a: Latias|Latias, F|302\/302
|-damage|p2a: Latias|265\/302|[from] Stealth Rock
|move|p1a: Skarmory|Roost|p1a: Skarmory
|-heal|p1a: Skarmory|225\/334 brn
|
|-damage|p1a: Skarmory|184\/334 brn|[from] brn
|turn|13
|
|switch|p1a: Tyranitar|Tyranitar, M|342\/342
|-damage|p1a: Tyranitar|300\/342|[from] Stealth Rock
|-weather|Sandstorm
|move|p2a: Latias|Defog|p1a: Tyranitar
|-unboost|p1a: Tyranitar|evasion|1
|-sideend|p1: Don't Use MeGa|Stealth Rock|[from] move: Defog|[of] p1a: Tyranitar
|-sideend|p2: Dukekk|Spikes|[from] move: Defog|[of] p2a: Latias
|-sideend|p2: Dukekk|Stealth Rock|[from] move: Defog|[of] p2a: Latias
|
|-weather|Sandstorm|[upkeep]
|-damage|p2a: Latias|247\/302|[from] sandstorm
|turn|14
|
|move|p1a: Tyranitar|Pursuit|p2a: Latias
|-supereffective|p2a: Latias
|-damage|p2a: Latias|95\/302
|move|p2a: Latias|Draco Meteor|p1a: Tyranitar
|-damage|p1a: Tyranitar|113\/342
|-unboost|p2a: Latias|spa|2
|-damage|p2a: Latias|65\/302|[from] item: Life Orb
|
|-weather|Sandstorm|[upkeep]
|-damage|p2a: Latias|47\/302|[from] sandstorm
|turn|15
|leave|master1pokemon
|
|move|p1a: Tyranitar|Pursuit|p2a: Latias
|-supereffective|p2a: Latias
|-damage|p2a: Latias|0 fnt
|faint|p2a: Latias
|
|-weather|Sandstorm|[upkeep]
|
|switch|p2a: Politoed|Politoed, F|288\/384
|-weather|RainDance
|turn|16
|
|switch|p1a: Chansey|Chansey, F|598\/670
|switch|p2a: Manaphy|Manaphy|379\/404
|
|-weather|RainDance|[upkeep]
|-heal|p2a: Manaphy|404\/404|[from] item: Leftovers
|turn|17
|
|switch|p1a: Tyranitar|Tyranitar, M|113\/342
|-weather|Sandstorm
|move|p2a: Manaphy|Tail Glow|p2a: Manaphy
|-boost|p2a: Manaphy|spa|3
|
|-weather|Sandstorm|[upkeep]
|-damage|p2a: Manaphy|379\/404|[from] sandstorm
|-heal|p2a: Manaphy|404\/404|[from] item: Leftovers
|turn|18
|
|switch|p1a: Chansey|Chansey, F|598\/670
|move|p2a: Manaphy|Scald|p1a: Chansey
|-crit|p1a: Chansey
|-damage|p1a: Chansey|334\/670
|
|-weather|Sandstorm|[upkeep]
|-damage|p2a: Manaphy|379\/404|[from] sandstorm
|-damage|p1a: Chansey|293\/670|[from] sandstorm
|-heal|p2a: Manaphy|404\/404|[from] item: Leftovers
|turn|19
|
|switch|p2a: Gothitelle|Gothitelle, F|301\/301
|move|p1a: Chansey|Soft-Boiled|p1a: Chansey
|-heal|p1a: Chansey|628\/670
|
|-weather|Sandstorm|[upkeep]
|-damage|p2a: Gothitelle|283\/301|[from] sandstorm
|-damage|p1a: Chansey|587\/670|[from] sandstorm
|turn|20
|
|move|p2a: Gothitelle|Trick|p1a: Chansey
|-activate|p2a: Gothitelle|move: Trick|[of] p1a: Chansey
|-item|p1a: Chansey|Choice Scarf|[from] move: Trick
|-item|p2a: Gothitelle|Eviolite|[from] move: Trick
|move|p1a: Chansey|Stealth Rock|p2a: Gothitelle
|-sidestart|p2: Dukekk|move: Stealth Rock
|
|-weather|Sandstorm|[upkeep]
|-damage|p2a: Gothitelle|265\/301|[from] sandstorm
|-damage|p1a: Chansey|546\/670|[from] sandstorm
|turn|21
|
|move|p2a: Gothitelle|Psychic|p1a: Chansey
|-damage|p1a: Chansey|434\/670
|move|p1a: Chansey|Stealth Rock|p2a: Gothitelle
|-fail|p2a: Gothitelle
|
|-weather|none
|turn|22
|
|move|p2a: Gothitelle|Psychic|p1a: Chansey
|-damage|p1a: Chansey|332\/670
|move|p1a: Chansey|Stealth Rock|p2a: Gothitelle
|-fail|p2a: Gothitelle
|
|turn|23
|
|move|p2a: Gothitelle|Psychic|p1a: Chansey
|-damage|p1a: Chansey|214\/670
|move|p1a: Chansey|Stealth Rock|p2a: Gothitelle
|-fail|p2a: Gothitelle
|
|turn|24
|
|move|p2a: Gothitelle|Psychic|p1a: Chansey
|-damage|p1a: Chansey|111\/670
|move|p1a: Chansey|Stealth Rock|p2a: Gothitelle
|-fail|p2a: Gothitelle
|
|turn|25
|
|switch|p2a: Politoed|Politoed, F|288\/384
|-damage|p2a: Politoed|240\/384|[from] Stealth Rock
|-weather|RainDance
|move|p1a: Chansey|Stealth Rock|p2a: Politoed
|-fail|p2a: Politoed
|
|-weather|RainDance|[upkeep]
|turn|26
|
|switch|p1a: Amoonguss|Amoonguss, F|430\/430
|switch|p2a: Manaphy|Manaphy|404\/404
|-damage|p2a: Manaphy|354\/404|[from] Stealth Rock
|
|-weather|RainDance|[upkeep]
|-heal|p2a: Manaphy|379\/404|[from] item: Leftovers
|turn|27
|
|move|p2a: Manaphy|Tail Glow|p2a: Manaphy
|-boost|p2a: Manaphy|spa|3
|move|p1a: Amoonguss|Clear Smog|p2a: Manaphy
|-damage|p2a: Manaphy|328\/404
|-clearboost|p2a: Manaphy
|
|-weather|RainDance|[upkeep]
|-heal|p2a: Manaphy|353\/404|[from] item: Leftovers
|turn|28
|
|move|p2a: Manaphy|Psychic|p1a: Amoonguss
|-supereffective|p1a: Amoonguss
|-damage|p1a: Amoonguss|198\/430
|move|p1a: Amoonguss|Clear Smog|p2a: Manaphy
|-damage|p2a: Manaphy|305\/404
|-clearboost|p2a: Manaphy
|
|-weather|RainDance|[upkeep]
|-heal|p2a: Manaphy|330\/404|[from] item: Leftovers
|-heal|p1a: Amoonguss|224\/430|[from] item: Black Sludge
|turn|29
|
|move|p2a: Manaphy|Psychic|p1a: Amoonguss
|-supereffective|p1a: Amoonguss
|-damage|p1a: Amoonguss|6\/430
|-unboost|p1a: Amoonguss|spd|1
|move|p1a: Amoonguss|Giga Drain|p2a: Manaphy
|-supereffective|p2a: Manaphy
|-damage|p2a: Manaphy|178\/404
|-heal|p1a: Amoonguss|82\/430|[from] drain|[of] p2a: Manaphy
|
|-weather|RainDance|[upkeep]
|-heal|p2a: Manaphy|203\/404|[from] item: Leftovers
|-heal|p1a: Amoonguss|108\/430|[from] item: Black Sludge
|turn|30
|
|move|p2a: Manaphy|Scald|p1a: Amoonguss
|-resisted|p1a: Amoonguss
|-damage|p1a: Amoonguss|0 fnt
|faint|p1a: Amoonguss
|
|-weather|RainDance|[upkeep]
|-heal|p2a: Manaphy|228\/404|[from] item: Leftovers
|
|switch|p1a: Tyranitar|Tyranitar, M|113\/342
|-weather|Sandstorm
|turn|31
|
|move|p1a: Tyranitar|Stone Edge|p2a: Manaphy
|-damage|p2a: Manaphy|47\/404
|move|p2a: Manaphy|Scald|p1a: Tyranitar
|-crit|p1a: Tyranitar
|-supereffective|p1a: Tyranitar
|-damage|p1a: Tyranitar|0 fnt
|faint|p1a: Tyranitar
|
|-weather|Sandstorm|[upkeep]
|-damage|p2a: Manaphy|22\/404|[from] sandstorm
|-heal|p2a: Manaphy|47\/404|[from] item: Leftovers
|
|switch|p1a: Skarmory|Skarmory, F|184\/334 brn
|turn|32
|
|switch|p2a: Politoed|Politoed, F|240\/384
|-damage|p2a: Politoed|192\/384|[from] Stealth Rock
|-weather|RainDance
|move|p1a: Skarmory|Spikes|p2a: Politoed
|-sidestart|p2: Dukekk|Spikes
|
|-weather|RainDance|[upkeep]
|-damage|p1a: Skarmory|143\/334 brn|[from] brn
|turn|33
|c| HereIsOnlyTrue|sem critico matava?
|c|âDon't Use MeGa|s
|c| HereIsOnlyTrue|entao se fufu agora pq n da pra tirar mais a chuva :S
|c|âDukekk|fiz merda
|c|âDon't Use MeGa|nÃ£o tem problema
|c|âDon't Use MeGa|o time desse
|c|âDukekk|era pra ter dado rest com o manaphy
|c|âDon't Use MeGa|loL
|c|âDon't Use MeGa|Ã© br
|c| HereIsOnlyTrue|kk
|c| HereIsOnlyTrue|uiaa mais um br
|c|âDukekk|viajei
|c|âDon't Use MeGa|ele nÃ£o da mais pra matar com o manaphy
|c|âDukekk|to com sono
|c|âDukekk|rs
|c|âDon't Use MeGa|cara com sono eu cai
|c|âDon't Use MeGa|de 1855
|c|âDon't Use MeGa|pra 1796
|c|âDon't Use MeGa|.
|c|âDukekk|kkk
|c|âDukekk|vcs sao de onde?
|c| HereIsOnlyTrue|vacilaoo n sei pq jogouu com 1855 '-'
|c| HereIsOnlyTrue|sou de indaiatuba SP
|c|âDukekk|sou de BelÃ©m
|c|âDukekk|xD
|
|move|p1a: Skarmory|Spikes|p2a: Politoed
|-sidestart|p2: Dukekk|Spikes
|move|p2a: Politoed|Scald|p1a: Skarmory
|-damage|p1a: Skarmory|0 fnt
|faint|p1a: Skarmory
|
|-weather|RainDance|[upkeep]
|
|switch|p1a: Chansey|Chansey, F|111\/670
|turn|34
|
|move|p1a: Chansey|Seismic Toss|p2a: Politoed
|-damage|p2a: Politoed|92\/384
|move|p2a: Politoed|Scald|p1a: Chansey
|-damage|p1a: Chansey|0 fnt
|faint|p1a: Chansey
|
|-weather|RainDance|[upkeep]
|
|switch|p1a: Clefable|Clefable, M|392\/392
|turn|35
|
|move|p2a: Politoed|Perish Song|p2a: Politoed
|-fieldactivate|move: Perish Song
|move|p1a: Clefable|Moonblast|p2a: Politoed
|-damage|p2a: Politoed|0 fnt
|faint|p2a: Politoed
|
|-start|p1a: Clefable|perish3
|-weather|RainDance|[upkeep]
|
|switch|p2a: Swampert|Swampert, F|385\/385
|-damage|p2a: Swampert|361\/385|[from] Stealth Rock
|-damage|p2a: Swampert|297\/385|[from] Spikes
|turn|36
|
|switch|p1a: Slowbro|Slowbro, M|390\/390
|detailschange|p2a: Swampert|Swampert-Mega, F
|message|Swampert has Mega Evolved into Mega Swampert!
|move|p2a: Swampert|Earthquake|p1a: Slowbro
|-damage|p1a: Slowbro|255\/390
|
|-weather|RainDance|[upkeep]
|turn|37
|
|move|p2a: Swampert|Earthquake|p1a: Slowbro
|-damage|p1a: Slowbro|110\/390
|move|p1a: Slowbro|Scald|p2a: Swampert
|-damage|p2a: Swampert|164\/385
|
|-weather|RainDance|[upkeep]
|turn|38
|
|switch|p1a: Clefable|Clefable, M|392\/392
|move|p2a: Swampert|Earthquake|p1a: Clefable
|-damage|p1a: Clefable|194\/392
|
|-weather|RainDance|[upkeep]
|-heal|p1a: Clefable|218\/392|[from] item: Leftovers
|turn|39
|
|switch|p1a: Slowbro|Slowbro, M|240\/390
|move|p2a: Swampert|Waterfall|p1a: Slowbro
|-resisted|p1a: Slowbro
|-damage|p1a: Slowbro|154\/390
|-damage|p2a: Swampert|100\/385|[from] item: Rocky Helmet|[of] p1a: Slowbro
|
|-weather|none
|turn|40
|
|move|p2a: Swampert|Earthquake|p1a: Slowbro
|-damage|p1a: Slowbro|0 fnt
|faint|p1a: Slowbro
|
|
|switch|p1a: Clefable|Clefable, M|218\/392
|turn|41
|
|move|p2a: Swampert|Earthquake|p1a: Clefable
|-damage|p1a: Clefable|22\/392
|move|p1a: Clefable|Soft-Boiled|p1a: Clefable
|-heal|p1a: Clefable|218\/392
|
|-heal|p1a: Clefable|242\/392|[from] item: Leftovers
|turn|42
|
|move|p2a: Swampert|Waterfall|p1a: Clefable
|-damage|p1a: Clefable|89\/392
|move|p1a: Clefable|Soft-Boiled|p1a: Clefable
|-heal|p1a: Clefable|285\/392
|
|-heal|p1a: Clefable|309\/392|[from] item: Leftovers
|turn|43
|
|move|p2a: Swampert|Waterfall|p1a: Clefable
|-damage|p1a: Clefable|158\/392
|move|p1a: Clefable|Soft-Boiled|p1a: Clefable
|-heal|p1a: Clefable|354\/392
|
|-heal|p1a: Clefable|378\/392|[from] item: Leftovers
|turn|44
|
|move|p2a: Swampert|Earthquake|p1a: Clefable
|-damage|p1a: Clefable|198\/392
|move|p1a: Clefable|Moonblast|p2a: Swampert
|-damage|p2a: Swampert|6\/385
|-unboost|p2a: Swampert|spa|1
|
|-heal|p1a: Clefable|222\/392|[from] item: Leftovers
|turn|45
|c|âDon't Use MeGa|mds
|
|move|p2a: Swampert|Waterfall|p1a: Clefable
|-damage|p1a: Clefable|59\/392
|move|p1a: Clefable|Soft-Boiled|p1a: Clefable
|-heal|p1a: Clefable|255\/392
|
|-heal|p1a: Clefable|279\/392|[from] item: Leftovers
|turn|46
|c|âDon't Use MeGa|isso Ã© uma falta de sorte da porra
|
|move|p2a: Swampert|Waterfall|p1a: Clefable
|-crit|p1a: Clefable
|-damage|p1a: Clefable|68\/392
|move|p1a: Clefable|Soft-Boiled|p1a: Clefable
|-heal|p1a: Clefable|264\/392
|
|-heal|p1a: Clefable|288\/392|[from] item: Leftovers
|turn|47
|c|âDukekk|um flinch pqp
|
|move|p2a: Swampert|Waterfall|p1a: Clefable
|-damage|p1a: Clefable|147\/392
|move|p1a: Clefable|Soft-Boiled|p1a: Clefable
|-heal|p1a: Clefable|343\/392
|
|-heal|p1a: Clefable|367\/392|[from] item: Leftovers
|turn|48
|
|move|p2a: Swampert|Earthquake|p1a: Clefable
|-damage|p1a: Clefable|160\/392
|move|p1a: Clefable|Moonblast|p2a: Swampert
|-damage|p2a: Swampert|0 fnt
|faint|p2a: Swampert
|
|-heal|p1a: Clefable|184\/392|[from] item: Leftovers
|c|âDon't Use MeGa|mano
|c|âDon't Use MeGa|fale em flinch nÃ£o
|
|switch|p2a: Ferrothorn|Ferrothorn, F|352\/352
|-damage|p2a: Ferrothorn|294\/352|[from] Spikes
|-damage|p2a: Ferrothorn|272\/352|[from] Stealth Rock
|turn|49
|c|âDon't Use MeGa|um cara me deu 4 flinchs seguidos com waterfall
|
|move|p1a: Clefable|Soft-Boiled|p1a: Clefable
|-heal|p1a: Clefable|380\/392
|move|p2a: Ferrothorn|Gyro Ball|p1a: Clefable
|-supereffective|p1a: Clefable
|-damage|p1a: Clefable|176\/392
|
|-heal|p1a: Clefable|200\/392|[from] item: Leftovers
|-heal|p2a: Ferrothorn|294\/352|[from] item: Leftovers
|turn|50
|
|move|p1a: Clefable|Soft-Boiled|p1a: Clefable
|-heal|p1a: Clefable|392\/392
|move|p2a: Ferrothorn|Gyro Ball|p1a: Clefable
|-supereffective|p1a: Clefable
|-damage|p1a: Clefable|182\/392
|
|-heal|p1a: Clefable|206\/392|[from] item: Leftovers
|-heal|p2a: Ferrothorn|316\/352|[from] item: Leftovers
|turn|51
|c|âDukekk|porra
|c|âDukekk|e eu dei uns 7 e nada
|
|move|p1a: Clefable|Soft-Boiled|p1a: Clefable
|-heal|p1a: Clefable|392\/392
|move|p2a: Ferrothorn|Gyro Ball|p1a: Clefable
|-supereffective|p1a: Clefable
|-damage|p1a: Clefable|204\/392
|
|-heal|p1a: Clefable|228\/392|[from] item: Leftovers
|-heal|p2a: Ferrothorn|338\/352|[from] item: Leftovers
|turn|52
|
|move|p1a: Clefable|Calm Mind|p1a: Clefable
|-boost|p1a: Clefable|spa|1
|-boost|p1a: Clefable|spd|1
|move|p2a: Ferrothorn|Gyro Ball|p1a: Clefable
|-crit|p1a: Clefable
|-supereffective|p1a: Clefable
|-damage|p1a: Clefable|0 fnt
|faint|p1a: Clefable
|
|win|Dukekk
|raw|Ladder updating...
|c|âDon't Use MeGa|pqp
|raw|Don&apos;t Use MeGa's rating: 1770 &rarr; <strong>1745<\/strong><br \/>(-25 for losing)
|raw|Dukekk's rating: 1665 &rarr; <strong>1691<\/strong><br \/>(+26 for winning)
|c|âDukekk|uia
|c|âDukekk|ahuhuauha
|leave|Don't Use MeGa
|player|p1