|join|MoB Barley
|join|don't use mega
|player|p1|MoB Barley|161
|player|p2|don't use mega|101
|gametype|singles
|gen|6
|tier|OU
|rated
|clearpoke
|poke|p1|Metagross, shiny
|poke|p1|Latios, M
|poke|p1|Gengar, M, shiny
|poke|p1|Conkeldurr, M, shiny
|poke|p1|Garchomp, M
|poke|p1|Thundurus, M
|poke|p2|Quagsire, M
|poke|p2|Gliscor, F
|poke|p2|Tyranitar, M
|poke|p2|Amoonguss, M
|poke|p2|Slowbro, M
|poke|p2|Chansey, F
|rule|Swagger Clause: Swagger is banned
|rule|Baton Pass Clause: Limit one PokÃ©mon knowing Baton Pass
|rule|Sleep Clause Mod: Limit one foe put to sleep
|rule|Species Clause: Limit one of each PokÃ©mon
|rule|OHKO Clause: OHKO moves are banned
|rule|Moody Clause: Moody is banned
|rule|Evasion Moves Clause: Evasion moves are banned
|rule|Endless Battle Clause: Forcing endless battles is banned
|rule|HP Percentage Mod: HP is shown in percentages
|teampreview
|join|M0XI3 B00ST
|
|start
|switch|p1a: Conkeldurr|Conkeldurr, M, shiny|361\/361
|switch|p2a: Amoonguss|Amoonguss, M|430\/430
|turn|1
|join|Like me 2
|
|move|p1a: Conkeldurr|Knock Off|p2a: Amoonguss
|-damage|p2a: Amoonguss|318\/430
|-enditem|p2a: Amoonguss|Black Sludge|[from] move: Knock Off|[of] p1a: Conkeldurr
|move|p2a: Amoonguss|Spore|p1a: Conkeldurr
|-status|p1a: Conkeldurr|slp
|
|turn|2
|join|Chillingtilnoon
|
|switch|p1a: Garchomp|Garchomp, M|420\/420
|switch|p2a: Gliscor|Gliscor, F|350\/350
|
|-status|p2a: Gliscor|tox|[from] item: Toxic Orb
|turn|3
|
|move|p2a: Gliscor|Taunt|p1a: Garchomp
|-start|p1a: Garchomp|move: Taunt
|cant|p1a: Garchomp|move: Taunt|Stealth Rock
|
|turn|4
|
|switch|p1a: Thundurus|Thundurus, M|299\/299
|move|p2a: Gliscor|Knock Off|p1a: Thundurus
|-damage|p1a: Thundurus|207\/299
|-enditem|p1a: Thundurus|Life Orb|[from] move: Knock Off|[of] p2a: Gliscor
|
|turn|5
|
|switch|p1a: Garchomp|Garchomp, M|420\/420
|move|p2a: Gliscor|Knock Off|p1a: Garchomp
|-damage|p1a: Garchomp|360\/420
|-damage|p2a: Gliscor|307\/350 tox|[from] ability: Rough Skin|[of] p1a: Garchomp
|-damage|p2a: Gliscor|249\/350 tox|[from] item: Rocky Helmet|[of] p1a: Garchomp
|-enditem|p1a: Garchomp|Rocky Helmet|[from] move: Knock Off|[of] p2a: Gliscor
|
|-heal|p2a: Gliscor|292\/350 tox|[from] ability: Poison Heal
|turn|6
|c|âMoB Barley|stop trying to predict kid
|
|switch|p1a: Thundurus|Thundurus, M|207\/299
|move|p2a: Gliscor|Taunt|p1a: Thundurus
|-start|p1a: Thundurus|move: Taunt
|
|-heal|p2a: Gliscor|335\/350 tox|[from] ability: Poison Heal
|turn|7
|leave|M0XI3 B00ST
|
|switch|p1a: Garchomp|Garchomp, M|360\/420
|move|p2a: Gliscor|Roost|p2a: Gliscor
|-heal|p2a: Gliscor|350\/350 tox
|
|turn|8
|join|Divine Rose
|
|switch|p1a: Thundurus|Thundurus, M|207\/299
|move|p2a: Gliscor|Taunt|p1a: Thundurus
|-start|p1a: Thundurus|move: Taunt
|
|turn|9
|leave|Divine Rose
|join|Invok3r
|
|switch|p2a: Tyranitar|Tyranitar, M|342\/342
|-weather|Sandstorm
|move|p1a: Thundurus|Hidden Power|p2a: Tyranitar
|-damage|p2a: Tyranitar|295\/342
|
|-weather|Sandstorm|[upkeep]
|-damage|p1a: Thundurus|189\/299|[from] sandstorm
|turn|10
|leave|Invok3r
|
|switch|p1a: Garchomp|Garchomp, M|360\/420
|move|p2a: Tyranitar|Crunch|p1a: Garchomp
|-damage|p1a: Garchomp|255\/420
|-damage|p2a: Tyranitar|253\/342|[from] ability: Rough Skin|[of] p1a: Garchomp
|
|-weather|Sandstorm|[upkeep]
|turn|11
|
|move|p2a: Tyranitar|Crunch|p1a: Garchomp
|-damage|p1a: Garchomp|143\/420
|-damage|p2a: Tyranitar|211\/342|[from] ability: Rough Skin|[of] p1a: Garchomp
|move|p1a: Garchomp|Stealth Rock|p2a: Tyranitar
|-sidestart|p2: don't use mega|move: Stealth Rock
|
|-weather|Sandstorm|[upkeep]
|turn|12
|
|switch|p2a: Gliscor|Gliscor, F|350\/350 tox
|-damage|p2a: Gliscor|307\/350 tox|[from] Stealth Rock
|move|p1a: Garchomp|Dragon Tail|p2a: Gliscor
|-damage|p2a: Gliscor|238\/350 tox
|drag|p2a: Amoonguss|Amoonguss, M|430\/430
|-damage|p2a: Amoonguss|377\/430|[from] Stealth Rock
|
|-weather|Sandstorm|[upkeep]
|-damage|p2a: Amoonguss|351\/430|[from] sandstorm
|turn|13
|
|move|p2a: Amoonguss|Spore|p1a: Garchomp
|-message|Sleep Clause Mod activated.
|-fail|p1a: Garchomp
|move|p1a: Garchomp|Dragon Tail|p2a: Amoonguss
|-damage|p2a: Amoonguss|263\/430
|drag|p2a: Tyranitar|Tyranitar, M|211\/342
|-damage|p2a: Tyranitar|169\/342|[from] Stealth Rock
|
|-weather|none
|turn|14
|
|switch|p2a: Slowbro|Slowbro, M|393\/393
|-damage|p2a: Slowbro|344\/393|[from] Stealth Rock
|move|p1a: Garchomp|Dragon Tail|p2a: Slowbro|[miss]
|-miss|p1a: Garchomp|p2a: Slowbro
|
|turn|15
|
|switch|p2a: Gliscor|Gliscor, F|238\/350 tox
|-damage|p2a: Gliscor|195\/350 tox|[from] Stealth Rock
|move|p1a: Garchomp|Dragon Tail|p2a: Gliscor
|-crit|p2a: Gliscor
|-damage|p2a: Gliscor|89\/350 tox
|drag|p2a: Slowbro|Slowbro, M|393\/393
|-damage|p2a: Slowbro|344\/393|[from] Stealth Rock
|
|turn|16
|
|move|p2a: Slowbro|Scald|p1a: Garchomp
|-damage|p1a: Garchomp|16\/420
|move|p1a: Garchomp|Dragon Tail|p2a: Slowbro
|-damage|p2a: Slowbro|289\/393
|drag|p2a: Quagsire|Quagsire, M|394\/394
|-damage|p2a: Quagsire|370\/394|[from] Stealth Rock
|
|-heal|p2a: Quagsire|394\/394|[from] item: Leftovers
|turn|17
|
|move|p2a: Quagsire|Scald|p1a: Garchomp
|-damage|p1a: Garchomp|0 fnt
|faint|p1a: Garchomp
|
|
|switch|p1a: Gengar|Gengar, M, shiny|261\/261
|turn|18
|
|move|p1a: Gengar|Will-O-Wisp|p2a: Quagsire|[miss]
|-miss|p1a: Gengar|p2a: Quagsire
|move|p2a: Quagsire|Scald|p1a: Gengar
|-damage|p1a: Gengar|176\/261
|
|turn|19
|
|move|p1a: Gengar|Will-O-Wisp|p2a: Quagsire
|-status|p2a: Quagsire|brn
|move|p2a: Quagsire|Scald|p1a: Gengar
|-damage|p1a: Gengar|91\/261
|
|-damage|p2a: Quagsire|345\/394 brn|[from] brn
|turn|20
|join|Squirrelll
|
|move|p1a: Gengar|Pain Split|p2a: Quagsire
|-sethp|p2a: Quagsire|218\/394 brn|p1a: Gengar|218\/261|[from] move: Pain Split
|move|p2a: Quagsire|Scald|p1a: Gengar
|-damage|p1a: Gengar|136\/261
|
|-heal|p2a: Quagsire|242\/394 brn|[from] item: Leftovers
|-damage|p2a: Quagsire|193\/394 brn|[from] brn
|turn|21
|join|Joonitor
|leave|Joonitor
|
|move|p1a: Gengar|Shadow Ball|p2a: Quagsire
|-damage|p2a: Quagsire|0 fnt
|-damage|p1a: Gengar|110\/261|[from] item: Life Orb
|faint|p2a: Quagsire
|
|
|switch|p2a: Tyranitar|Tyranitar, M|169\/342
|-damage|p2a: Tyranitar|127\/342|[from] Stealth Rock
|-weather|Sandstorm
|turn|22
|
|move|p2a: Tyranitar|Pursuit|p1a: Gengar
|-supereffective|p1a: Gengar
|-damage|p1a: Gengar|0 fnt
|faint|p1a: Gengar
|
|-weather|Sandstorm|[upkeep]
|join|Forums Testing
|
|switch|p1a: Metagross|Metagross, shiny|301\/301
|turn|23
|
|switch|p2a: Gliscor|Gliscor, F|89\/350 tox
|-damage|p2a: Gliscor|46\/350 tox|[from] Stealth Rock
|detailschange|p1a: Metagross|Metagross-Mega, shiny
|-mega|p1a: Metagross|Metagross|Metagrossite
|move|p1a: Metagross|Meteor Mash|p2a: Gliscor
|-damage|p2a: Gliscor|0 fnt
|faint|p2a: Gliscor
|
|-weather|Sandstorm|[upkeep]
|join|Glamorous Kiwi
|
|switch|p2a: Slowbro|Slowbro, M|393\/393
|-damage|p2a: Slowbro|344\/393|[from] Stealth Rock
|turn|24
|
|switch|p1a: Latios|Latios, M|301\/301
|move|p2a: Slowbro|Scald|p1a: Latios
|-resisted|p1a: Latios
|-damage|p1a: Latios|262\/301
|
|-weather|Sandstorm|[upkeep]
|-damage|p1a: Latios|244\/301|[from] sandstorm
|-damage|p2a: Slowbro|320\/393|[from] sandstorm
|turn|25
|
|switch|p2a: Chansey|Chansey, F|670\/670
|-damage|p2a: Chansey|587\/670|[from] Stealth Rock
|move|p1a: Latios|Psyshock|p2a: Chansey
|-damage|p2a: Chansey|340\/670
|-damage|p1a: Latios|214\/301|[from] item: Life Orb
|
|-weather|Sandstorm|[upkeep]
|-damage|p1a: Latios|196\/301|[from] sandstorm
|-damage|p2a: Chansey|299\/670|[from] sandstorm
|turn|26
|
|move|p1a: Latios|Psyshock|p2a: Chansey
|-damage|p2a: Chansey|57\/670
|-damage|p1a: Latios|166\/301|[from] item: Life Orb
|move|p2a: Chansey|Soft-Boiled|p2a: Chansey
|-heal|p2a: Chansey|392\/670
|
|-weather|none
|turn|27
|
|switch|p1a: Conkeldurr|Conkeldurr, M, shiny|361\/361 slp
|move|p2a: Chansey|Soft-Boiled|p2a: Chansey
|-heal|p2a: Chansey|670\/670
|
|turn|28
|
|move|p2a: Chansey|Stealth Rock|p1a: Conkeldurr
|-sidestart|p1: MoB Barley|move: Stealth Rock
|cant|p1a: Conkeldurr|slp
|
|turn|29
|
|switch|p2a: Slowbro|Slowbro, M|393\/393
|-damage|p2a: Slowbro|344\/393|[from] Stealth Rock
|-curestatus|p1a: Conkeldurr|slp
|move|p1a: Conkeldurr|Drain Punch|p2a: Slowbro
|-resisted|p2a: Slowbro
|-damage|p2a: Slowbro|293\/393
|
|turn|30
|
|move|p1a: Conkeldurr|Knock Off|p2a: Slowbro
|-supereffective|p2a: Slowbro
|-damage|p2a: Slowbro|115\/393
|-enditem|p2a: Slowbro|Lagging Tail|[from] move: Knock Off|[of] p1a: Conkeldurr
|move|p2a: Slowbro|Slack Off|p2a: Slowbro
|-heal|p2a: Slowbro|312\/393
|
|turn|31
|c| Like me 2|lagging tail wut
|
|switch|p1a: Latios|Latios, M|166\/301
|-damage|p1a: Latios|129\/301|[from] Stealth Rock
|move|p2a: Slowbro|Psyshock|p1a: Latios
|-resisted|p1a: Latios
|-damage|p1a: Latios|75\/301
|
|turn|32
|join|471V3
|
|switch|p1a: Metagross|Metagross-Mega, shiny|301\/301
|-damage|p1a: Metagross|283\/301|[from] Stealth Rock
|switch|p2a: Chansey|Chansey, F|670\/670
|-damage|p2a: Chansey|587\/670|[from] Stealth Rock
|
|turn|33
|join|metaang
|
|switch|p1a: Latios|Latios, M|75\/301
|-damage|p1a: Latios|38\/301|[from] Stealth Rock
|switch|p2a: Slowbro|Slowbro, M|393\/393
|-damage|p2a: Slowbro|344\/393|[from] Stealth Rock
|
|turn|34
|
|switch|p2a: Chansey|Chansey, F|587\/670
|-damage|p2a: Chansey|504\/670|[from] Stealth Rock
|move|p1a: Latios|Draco Meteor|p2a: Chansey
|-damage|p2a: Chansey|340\/670
|-unboost|p1a: Latios|spa|2
|-damage|p1a: Latios|8\/301|[from] item: Life Orb
|
|turn|35
|c|âMoB Barley|ew learn to predict
|c|âMoB Barley|would've been a clean 2hko
|
|move|p1a: Latios|Psyshock|p2a: Chansey
|-damage|p2a: Chansey|210\/670
|-damage|p1a: Latios|0 fnt|[from] item: Life Orb
|faint|p1a: Latios
|move|p2a: Chansey|Soft-Boiled|p2a: Chansey
|-heal|p2a: Chansey|545\/670
|
|
|switch|p1a: Metagross|Metagross-Mega, shiny|283\/301
|-damage|p1a: Metagross|265\/301|[from] Stealth Rock
|turn|36
|
|switch|p1a: Thundurus|Thundurus, M|189\/299
|-damage|p1a: Thundurus|115\/299|[from] Stealth Rock
|switch|p2a: Slowbro|Slowbro, M|393\/393
|-damage|p2a: Slowbro|344\/393|[from] Stealth Rock
|
|turn|37
|
|switch|p1a: Metagross|Metagross-Mega, shiny|265\/301
|-damage|p1a: Metagross|247\/301|[from] Stealth Rock
|switch|p2a: Amoonguss|Amoonguss, M|406\/430
|-damage|p2a: Amoonguss|353\/430|[from] Stealth Rock
|
|turn|38
|
|switch|p2a: Slowbro|Slowbro, M|393\/393
|-damage|p2a: Slowbro|344\/393|[from] Stealth Rock
|move|p1a: Metagross|Meteor Mash|p2a: Slowbro
|-resisted|p2a: Slowbro
|-damage|p2a: Slowbro|263\/393
|
|turn|39
|c|âMoB Barley|I'm putting grass knot back on
|join|iasnobeert
|-message|MoB Barley forfeited.
|leave|MoB Barley
|leave|iasnobeert
|
|win|don't use mega
|raw|Ladder updating...
|player|p1
|raw|MoB Barley's rating: 1744 &rarr; <strong>1726<\/strong><br \/>(-18 for losing)
|raw|don&apos;t use mega's rating: 1788 &rarr; <strong>1805<\/strong><br \/>(+17 for winning)
|leave|metaang
|leave|471V3
|leave|Like me 2
|leave|Forums Testing
|leave|Squirrelll
|leave|Chillingtilnoon