|join|lil manaphy
|join|don't use mega
|player|p1|lil manaphy|272
|player|p2|don't use mega|101
|gametype|singles
|gen|6
|tier|OU
|rated
|clearpoke
|poke|p1|Lopunny, F
|poke|p1|Manaphy
|poke|p1|Scizor, M
|poke|p1|Celebi
|poke|p1|Heatran, M
|poke|p1|Mandibuzz, F
|poke|p2|Quagsire, M
|poke|p2|Gliscor, M
|poke|p2|Tyranitar, F
|poke|p2|Amoonguss, F
|poke|p2|Slowbro, F
|poke|p2|Chansey, F
|rule|Swagger Clause: Swagger is banned
|rule|Baton Pass Clause: Limit one PokÃ©mon knowing Baton Pass
|rule|Sleep Clause Mod: Limit one foe put to sleep
|rule|Species Clause: Limit one of each PokÃ©mon
|rule|OHKO Clause: OHKO moves are banned
|rule|Moody Clause: Moody is banned
|rule|Evasion Moves Clause: Evasion moves are banned
|rule|Endless Battle Clause: Forcing endless battles is banned
|rule|HP Percentage Mod: HP is shown in percentages
|teampreview
|c|âlil manaphy|well okay
|join|Aka DH
|c| Aka DH|you can win now mana
|c|âdon't use mega|. . .
|
|start
|switch|p1a: still bigger than|Manaphy|341\/341
|switch|p2a: Amoonguss|Amoonguss, F|430\/430
|turn|1
|join|InSoMn
|c|âlil manaphy|ya i got this
|
|switch|p1a: just my onion|Celebi|404\/404
|move|p2a: Amoonguss|Spore|p1a: just my onion
|-fail|p1a: just my onion
|
|turn|2
|join|ahasahf
|join|UrsaReign
|
|switch|p1a: im walling everyth|Mandibuzz, F|423\/423
|switch|p2a: Gliscor|Gliscor, M|350\/350
|
|-status|p2a: Gliscor|tox|[from] item: Toxic Orb
|turn|3
|
|switch|p1a: business|Scizor, M|343\/343
|move|p2a: Gliscor|Knock Off|p1a: business
|-damage|p1a: business|263\/343
|-enditem|p1a: business|Choice Band|[from] move: Knock Off|[of] p2a: Gliscor
|
|turn|4
|join|Aaron Pinkman
|join|jacko alt 77
|join|DracoNinja
|join|regular joe
|join|MoB Barley
|
|move|p2a: Gliscor|Knock Off|p1a: business
|-damage|p1a: business|211\/343
|move|p1a: business|U-turn|p2a: Gliscor
|-resisted|p2a: Gliscor
|-damage|p2a: Gliscor|293\/350 tox
|
|switch|p1a: still bigger than|Manaphy|341\/341
|
|-heal|p2a: Gliscor|336\/350 tox|[from] ability: Poison Heal
|turn|5
|join|testingforfriend
|c| UrsaReign|manaphy will lose again
|
|move|p1a: still bigger than|Scald|p2a: Gliscor
|-supereffective|p2a: Gliscor
|-damage|p2a: Gliscor|76\/350 tox
|move|p2a: Gliscor|Knock Off|p1a: still bigger than
|-damage|p1a: still bigger than|265\/341
|-enditem|p1a: still bigger than|Leftovers|[from] move: Knock Off|[of] p2a: Gliscor
|
|-heal|p2a: Gliscor|119\/350 tox|[from] ability: Poison Heal
|turn|6
|join|An IncognitoTuxedo
|c| UrsaReign|i bet a dollar
|
|switch|p2a: Chansey|Chansey, F|670\/670
|move|p1a: still bigger than|Tail Glow|p1a: still bigger than
|-boost|p1a: still bigger than|spa|3
|
|turn|7
|join|1800Rekt
|join|Demandred
|c| An IncognitoTuxedo|tg rd mana
|c| An IncognitoTuxedo|gg
|c| Aka DH|welcome 1800rekt
|join|Spooter
|
|switch|p1a: business|Scizor, M|211\/343
|move|p2a: Chansey|Seismic Toss|p1a: business
|-damage|p1a: business|111\/343
|
|turn|8
|
|switch|p2a: Amoonguss|Amoonguss, F|430\/430
|move|p1a: business|U-turn|p2a: Amoonguss
|-crit|p2a: Amoonguss
|-damage|p2a: Amoonguss|259\/430
|
|switch|p1a: bean curd puff|Heatran, M|386\/386
|
|-heal|p2a: Amoonguss|285\/430|[from] item: Black Sludge
|turn|9
|join|LUSTY LEDDIT
|
|switch|p2a: Chansey|Chansey, F|670\/670
|move|p1a: bean curd puff|Stealth Rock|p2a: Chansey
|-sidestart|p2: don't use mega|move: Stealth Rock
|
|turn|10
|
|move|p1a: bean curd puff|Toxic|p2a: Chansey
|-status|p2a: Chansey|tox
|move|p2a: Chansey|Seismic Toss|p1a: bean curd puff
|-damage|p1a: bean curd puff|286\/386
|
|-heal|p1a: bean curd puff|310\/386|[from] item: Leftovers
|-damage|p2a: Chansey|629\/670 tox|[from] psn
|turn|11
|
|switch|p1a: business|Scizor, M|111\/343
|move|p2a: Chansey|Stealth Rock|p1a: business
|-sidestart|p1: lil manaphy|move: Stealth Rock
|
|-damage|p2a: Chansey|547\/670 tox|[from] psn
|turn|12
|leave|ahasahf
|
|move|p1a: business|Pursuit|p2a: Chansey|[from]Pursuit
|-damage|p2a: Chansey|411\/670 tox
|switch|p2a: Amoonguss|Amoonguss, F|428\/430
|-damage|p2a: Amoonguss|375\/430|[from] Stealth Rock
|
|-heal|p2a: Amoonguss|401\/430|[from] item: Black Sludge
|turn|13
|
|switch|p2a: Gliscor|Gliscor, M|119\/350 tox
|-damage|p2a: Gliscor|76\/350 tox|[from] Stealth Rock
|move|p1a: business|U-turn|p2a: Gliscor
|-resisted|p2a: Gliscor
|-damage|p2a: Gliscor|22\/350 tox
|c| Aka DH|i came from leddit
|
|switch|p1a: still bigger than|Manaphy|265\/341
|-damage|p1a: still bigger than|223\/341|[from] Stealth Rock
|
|-heal|p2a: Gliscor|65\/350 tox|[from] ability: Poison Heal
|turn|14
|
|switch|p2a: Amoonguss|Amoonguss, F|430\/430
|-damage|p2a: Amoonguss|377\/430|[from] Stealth Rock
|move|p1a: still bigger than|Scald|p2a: Amoonguss
|-resisted|p2a: Amoonguss
|-damage|p2a: Amoonguss|296\/430
|-status|p2a: Amoonguss|brn
|
|-heal|p2a: Amoonguss|322\/430 brn|[from] item: Black Sludge
|-damage|p2a: Amoonguss|269\/430 brn|[from] brn
|turn|15
|
|switch|p1a: just my onion|Celebi|404\/404
|-damage|p1a: just my onion|354\/404|[from] Stealth Rock
|switch|p2a: Chansey|Chansey, F|411\/670
|-damage|p2a: Chansey|328\/670|[from] Stealth Rock
|
|-heal|p1a: just my onion|379\/404|[from] item: Leftovers
|turn|16
|leave|An IncognitoTuxedo
|
|move|p1a: just my onion|Baton Pass|p1a: just my onion
|
|switch|p1a: business|Scizor, M|111\/343
|-damage|p1a: business|69\/343|[from] Stealth Rock
|move|p2a: Chansey|Thunder Wave|p1a: business
|-status|p1a: business|par
|
|turn|17
|
|move|p2a: Chansey|Soft-Boiled|p2a: Chansey
|-heal|p2a: Chansey|663\/670
|cant|p1a: business|par
|
|turn|18
|
|switch|p1a: im walling everyth|Mandibuzz, F|423\/423
|-damage|p1a: im walling everyth|318\/423|[from] Stealth Rock
|move|p2a: Chansey|Seismic Toss|p1a: im walling everyth
|-damage|p1a: im walling everyth|218\/423
|-damage|p2a: Chansey|552\/670|[from] item: Rocky Helmet|[of] p1a: im walling everyth
|
|turn|19
|c| 1800Rekt|I came for the bitches and the drinks
|
|switch|p2a: Tyranitar|Tyranitar, F|342\/342
|-damage|p2a: Tyranitar|300\/342|[from] Stealth Rock
|-weather|Sandstorm
|move|p1a: im walling everyth|Taunt|p2a: Tyranitar
|-start|p2a: Tyranitar|move: Taunt
|
|-weather|Sandstorm|[upkeep]
|turn|20
|
|switch|p1a: Couture|Lopunny, F|271\/271
|-damage|p1a: Couture|238\/271|[from] Stealth Rock
|move|p2a: Tyranitar|Stone Edge|p1a: Couture
|-crit|p1a: Couture
|-damage|p1a: Couture|0 fnt
|faint|p1a: Couture
|
|-weather|Sandstorm|[upkeep]
|
|switch|p1a: bean curd puff|Heatran, M|310\/386
|-damage|p1a: bean curd puff|262\/386|[from] Stealth Rock
|turn|21
|c| InSoMn|REKT
|leave|jacko alt 77
|
|switch|p2a: Chansey|Chansey, F|552\/670
|-damage|p2a: Chansey|469\/670|[from] Stealth Rock
|move|p1a: bean curd puff|Toxic|p2a: Chansey
|-status|p2a: Chansey|tox
|
|-weather|Sandstorm|[upkeep]
|-damage|p2a: Chansey|428\/670 tox|[from] sandstorm
|-heal|p1a: bean curd puff|286\/386|[from] item: Leftovers
|-damage|p2a: Chansey|387\/670 tox|[from] psn
|turn|22
|join|Alldaalts
|
|switch|p1a: still bigger than|Manaphy|223\/341
|-damage|p1a: still bigger than|181\/341|[from] Stealth Rock
|switch|p2a: Gliscor|Gliscor, M|65\/350 tox
|-damage|p2a: Gliscor|22\/350 tox|[from] Stealth Rock
|
|-weather|Sandstorm|[upkeep]
|-damage|p1a: still bigger than|160\/341|[from] sandstorm
|-heal|p2a: Gliscor|65\/350 tox|[from] ability: Poison Heal
|turn|23
|c| Aka DH|i can help you with your team mana
|
|switch|p2a: Slowbro|Slowbro, F|393\/393
|-damage|p2a: Slowbro|344\/393|[from] Stealth Rock
|move|p1a: still bigger than|Scald|p2a: Slowbro
|-resisted|p2a: Slowbro
|-damage|p2a: Slowbro|272\/393
|
|-weather|none
|turn|24
|
|switch|p1a: business|Scizor, M|69\/343 par
|-damage|p1a: business|27\/343 par|[from] Stealth Rock
|move|p2a: Slowbro|Scald|p1a: business
|-damage|p1a: business|0 fnt
|faint|p1a: business
|
|
|switch|p1a: just my onion|Celebi|379\/404
|-damage|p1a: just my onion|329\/404|[from] Stealth Rock
|turn|25
|c| MoB Barley|you've built one team in your life lol
|
|move|p1a: just my onion|Giga Drain|p2a: Slowbro
|-crit|p2a: Slowbro
|-supereffective|p2a: Slowbro
|-damage|p2a: Slowbro|0 fnt
|-heal|p1a: just my onion|404\/404|[from] drain|[of] p2a: Slowbro
|faint|p2a: Slowbro
|
|join|Venom GT
|c| Aka DH|don't be rude Mob
|c| Venom GT|dont entra numa room
|c| MoB Barley|it isn't being rude
|c| Aka DH|i have 3 teams
|
|switch|p2a: Gliscor|Gliscor, M|65\/350 tox
|-damage|p2a: Gliscor|22\/350 tox|[from] Stealth Rock
|turn|26
|
|move|p2a: Gliscor|Roost|p2a: Gliscor
|-heal|p2a: Gliscor|197\/350 tox
|move|p1a: just my onion|Giga Drain|p2a: Gliscor
|-supereffective|p2a: Gliscor
|-damage|p2a: Gliscor|29\/350 tox
|
|-heal|p2a: Gliscor|72\/350 tox|[from] ability: Poison Heal
|turn|27
|
|move|p2a: Gliscor|Roost|p2a: Gliscor
|-heal|p2a: Gliscor|247\/350 tox
|move|p1a: just my onion|Giga Drain|p2a: Gliscor
|-supereffective|p2a: Gliscor
|-damage|p2a: Gliscor|89\/350 tox
|
|-heal|p2a: Gliscor|132\/350 tox|[from] ability: Poison Heal
|turn|28
|join|u5ev
|c| regular joe|3!?!
|c| MoB Barley|I'm proud that you actually built other ones
|
|move|p2a: Gliscor|Roost|p2a: Gliscor
|-heal|p2a: Gliscor|307\/350 tox
|move|p1a: just my onion|Giga Drain|p2a: Gliscor
|-supereffective|p2a: Gliscor
|-damage|p2a: Gliscor|155\/350 tox
|
|-heal|p2a: Gliscor|198\/350 tox|[from] ability: Poison Heal
|turn|29
|
|move|p2a: Gliscor|Knock Off|p1a: just my onion
|-supereffective|p1a: just my onion
|-damage|p1a: just my onion|256\/404
|-enditem|p1a: just my onion|Leftovers|[from] move: Knock Off|[of] p2a: Gliscor
|move|p1a: just my onion|Giga Drain|p2a: Gliscor
|-damage|p2a: Gliscor|110\/350 tox
|-heal|p1a: just my onion|300\/404|[from] drain|[of] p2a: Gliscor
|
|-heal|p2a: Gliscor|153\/350 tox|[from] ability: Poison Heal
|turn|30
|
|move|p2a: Gliscor|Roost|p2a: Gliscor
|-heal|p2a: Gliscor|328\/350 tox
|move|p1a: just my onion|Giga Drain|p2a: Gliscor
|-supereffective|p2a: Gliscor
|-damage|p2a: Gliscor|172\/350 tox
|-heal|p1a: just my onion|378\/404|[from] drain|[of] p2a: Gliscor
|
|-heal|p2a: Gliscor|215\/350 tox|[from] ability: Poison Heal
|turn|31
|
|move|p2a: Gliscor|Taunt|p1a: just my onion
|-start|p1a: just my onion|move: Taunt
|move|p1a: just my onion|Giga Drain|p2a: Gliscor
|-damage|p2a: Gliscor|140\/350 tox
|-heal|p1a: just my onion|404\/404|[from] drain|[of] p2a: Gliscor
|
|-heal|p2a: Gliscor|183\/350 tox|[from] ability: Poison Heal
|turn|32
|c| Venom GT|dont?
|
|move|p2a: Gliscor|Knock Off|p1a: just my onion
|-supereffective|p1a: just my onion
|-damage|p1a: just my onion|308\/404
|move|p1a: just my onion|Giga Drain|p2a: Gliscor
|-damage|p2a: Gliscor|107\/350 tox
|-heal|p1a: just my onion|346\/404|[from] drain|[of] p2a: Gliscor
|
|-heal|p2a: Gliscor|150\/350 tox|[from] ability: Poison Heal
|turn|33
|
|move|p2a: Gliscor|Knock Off|p1a: just my onion
|-supereffective|p1a: just my onion
|-damage|p1a: just my onion|242\/404
|move|p1a: just my onion|Giga Drain|p2a: Gliscor
|-damage|p2a: Gliscor|72\/350 tox
|-heal|p1a: just my onion|281\/404|[from] drain|[of] p2a: Gliscor
|
|-heal|p2a: Gliscor|115\/350 tox|[from] ability: Poison Heal
|-end|p1a: just my onion|move: Taunt
|turn|34
|join|Invok3r
|
|move|p2a: Gliscor|Roost|p2a: Gliscor
|-heal|p2a: Gliscor|290\/350 tox
|move|p1a: just my onion|Giga Drain|p2a: Gliscor
|-supereffective|p2a: Gliscor
|-damage|p2a: Gliscor|122\/350 tox
|-heal|p1a: just my onion|365\/404|[from] drain|[of] p2a: Gliscor
|
|-heal|p2a: Gliscor|165\/350 tox|[from] ability: Poison Heal
|turn|35
|
|move|p2a: Gliscor|Roost|p2a: Gliscor
|-heal|p2a: Gliscor|340\/350 tox
|move|p1a: just my onion|Giga Drain|p2a: Gliscor
|-supereffective|p2a: Gliscor
|-damage|p2a: Gliscor|188\/350 tox
|-heal|p1a: just my onion|404\/404|[from] drain|[of] p2a: Gliscor
|
|-heal|p2a: Gliscor|231\/350 tox|[from] ability: Poison Heal
|turn|36
|
|move|p2a: Gliscor|Taunt|p1a: just my onion
|-start|p1a: just my onion|move: Taunt
|move|p1a: just my onion|Giga Drain|p2a: Gliscor
|-damage|p2a: Gliscor|152\/350 tox
|
|-heal|p2a: Gliscor|195\/350 tox|[from] ability: Poison Heal
|turn|37
|c| UrsaReign|hahahhaha
|
|move|p2a: Gliscor|Knock Off|p1a: just my onion
|-supereffective|p1a: just my onion
|-damage|p1a: just my onion|302\/404
|move|p1a: just my onion|Giga Drain|p2a: Gliscor
|-damage|p2a: Gliscor|120\/350 tox
|-heal|p1a: just my onion|340\/404|[from] drain|[of] p2a: Gliscor
|
|-heal|p2a: Gliscor|163\/350 tox|[from] ability: Poison Heal
|turn|38
|
|move|p2a: Gliscor|Knock Off|p1a: just my onion
|-supereffective|p1a: just my onion
|-damage|p1a: just my onion|238\/404
|move|p1a: just my onion|Giga Drain|p2a: Gliscor
|-damage|p2a: Gliscor|88\/350 tox
|-heal|p1a: just my onion|276\/404|[from] drain|[of] p2a: Gliscor
|
|-heal|p2a: Gliscor|131\/350 tox|[from] ability: Poison Heal
|-end|p1a: just my onion|move: Taunt
|turn|39
|
|switch|p1a: still bigger than|Manaphy|160\/341
|-damage|p1a: still bigger than|118\/341|[from] Stealth Rock
|move|p2a: Gliscor|Roost|p2a: Gliscor
|-heal|p2a: Gliscor|306\/350 tox
|
|-heal|p2a: Gliscor|349\/350 tox|[from] ability: Poison Heal
|turn|40
|join|Void
|
|move|p1a: still bigger than|Tail Glow|p1a: still bigger than
|-boost|p1a: still bigger than|spa|3
|move|p2a: Gliscor|Earthquake|p1a: still bigger than
|-damage|p1a: still bigger than|3\/341
|
|-heal|p2a: Gliscor|350\/350 tox|[from] ability: Poison Heal
|turn|41
|c| UrsaReign|âlil manaphy: ya i got this
|
|switch|p2a: Tyranitar|Tyranitar, F|300\/342
|-damage|p2a: Tyranitar|258\/342|[from] Stealth Rock
|-weather|Sandstorm
|move|p1a: still bigger than|Scald|p2a: Tyranitar
|-supereffective|p2a: Tyranitar
|-damage|p2a: Tyranitar|0 fnt
|faint|p2a: Tyranitar
|
|-weather|Sandstorm|[upkeep]
|-damage|p1a: still bigger than|0 fnt|[from] sandstorm
|faint|p1a: still bigger than
|leave|Invok3r
|
|switch|p2a: Gliscor|Gliscor, M|350\/350 tox
|switch|p1a: just my onion|Celebi|276\/404
|-damage|p2a: Gliscor|307\/350 tox|[from] Stealth Rock
|-damage|p1a: just my onion|226\/404|[from] Stealth Rock
|turn|42
|c| InSoMn|Darude
|
|move|p2a: Gliscor|Taunt|p1a: just my onion
|-start|p1a: just my onion|move: Taunt
|move|p1a: just my onion|Giga Drain|p2a: Gliscor
|-damage|p2a: Gliscor|231\/350 tox
|-heal|p1a: just my onion|264\/404|[from] drain|[of] p2a: Gliscor
|
|-weather|Sandstorm|[upkeep]
|-damage|p1a: just my onion|239\/404|[from] sandstorm
|-heal|p2a: Gliscor|274\/350 tox|[from] ability: Poison Heal
|turn|43
|
|move|p2a: Gliscor|Knock Off|p1a: just my onion
|-supereffective|p1a: just my onion
|-damage|p1a: just my onion|135\/404
|move|p1a: just my onion|Giga Drain|p2a: Gliscor
|-damage|p2a: Gliscor|190\/350 tox
|-heal|p1a: just my onion|177\/404|[from] drain|[of] p2a: Gliscor
|
|-weather|Sandstorm|[upkeep]
|-damage|p1a: just my onion|152\/404|[from] sandstorm
|-heal|p2a: Gliscor|233\/350 tox|[from] ability: Poison Heal
|turn|44
|
|switch|p1a: im walling everyth|Mandibuzz, F|218\/423
|-damage|p1a: im walling everyth|113\/423|[from] Stealth Rock
|move|p2a: Gliscor|Knock Off|p1a: im walling everyth
|-resisted|p1a: im walling everyth
|-damage|p1a: im walling everyth|87\/423
|-damage|p2a: Gliscor|175\/350 tox|[from] item: Rocky Helmet|[of] p1a: im walling everyth
|-enditem|p1a: im walling everyth|Rocky Helmet|[from] move: Knock Off|[of] p2a: Gliscor
|
|-weather|Sandstorm|[upkeep]
|-heal|p2a: Gliscor|218\/350 tox|[from] ability: Poison Heal
|turn|45
|join|asajsakdjakdjakdja
|
|move|p2a: Gliscor|Taunt|p1a: im walling everyth
|-start|p1a: im walling everyth|move: Taunt
|cant|p1a: im walling everyth|move: Taunt|Roost
|
|-weather|none
|-heal|p2a: Gliscor|261\/350 tox|[from] ability: Poison Heal
|turn|46
|c| asajsakdjakdjakdja|mob barley
|
|move|p2a: Gliscor|Knock Off|p1a: im walling everyth
|-resisted|p1a: im walling everyth
|-damage|p1a: im walling everyth|70\/423
|move|p1a: im walling everyth|Foul Play|p2a: Gliscor
|-damage|p2a: Gliscor|165\/350 tox
|
|-heal|p2a: Gliscor|208\/350 tox|[from] ability: Poison Heal
|turn|47
|c| asajsakdjakdjakdja|pls unmute me
|c| MoB Barley|you should add slowbroite imo
|c| UrsaReign|gg
|c| MoB Barley|like why not
|
|move|p2a: Gliscor|Knock Off|p1a: im walling everyth
|-resisted|p1a: im walling everyth
|-damage|p1a: im walling everyth|53\/423
|move|p1a: im walling everyth|Foul Play|p2a: Gliscor
|-damage|p2a: Gliscor|120\/350 tox
|
|-heal|p2a: Gliscor|163\/350 tox|[from] ability: Poison Heal
|-end|p1a: im walling everyth|move: Taunt
|turn|48
|c| asajsakdjakdjakdja|my little bro was using my com
|
|move|p2a: Gliscor|Taunt|p1a: im walling everyth
|-start|p1a: im walling everyth|move: Taunt
|move|p1a: im walling everyth|Foul Play|p2a: Gliscor
|-damage|p2a: Gliscor|78\/350 tox
|
|-heal|p2a: Gliscor|121\/350 tox|[from] ability: Poison Heal
|turn|49
|c| asajsakdjakdjakdja|thats why
|
|move|p2a: Gliscor|Roost|p2a: Gliscor
|-heal|p2a: Gliscor|296\/350 tox
|move|p1a: im walling everyth|Foul Play|p2a: Gliscor
|-damage|p2a: Gliscor|203\/350 tox
|
|-heal|p2a: Gliscor|246\/350 tox|[from] ability: Poison Heal
|turn|50
|
|move|p2a: Gliscor|Knock Off|p1a: im walling everyth
|-resisted|p1a: im walling everyth
|-damage|p1a: im walling everyth|37\/423
|move|p1a: im walling everyth|Foul Play|p2a: Gliscor
|-damage|p2a: Gliscor|156\/350 tox
|
|-heal|p2a: Gliscor|199\/350 tox|[from] ability: Poison Heal
|-end|p1a: im walling everyth|move: Taunt
|turn|51
|leave|DracoNinja
|
|move|p2a: Gliscor|Taunt|p1a: im walling everyth
|-start|p1a: im walling everyth|move: Taunt
|move|p1a: im walling everyth|Foul Play|p2a: Gliscor
|-damage|p2a: Gliscor|115\/350 tox
|
|-heal|p2a: Gliscor|158\/350 tox|[from] ability: Poison Heal
|turn|52
|join|AlmightyJeffwinger
|
|move|p2a: Gliscor|Roost|p2a: Gliscor
|-heal|p2a: Gliscor|333\/350 tox
|move|p1a: im walling everyth|Foul Play|p2a: Gliscor
|-damage|p2a: Gliscor|251\/350 tox
|
|-heal|p2a: Gliscor|294\/350 tox|[from] ability: Poison Heal
|turn|53
|join|Pure Demize
|c| asajsakdjakdjakdja|mob barley please
|
|move|p2a: Gliscor|Knock Off|p1a: im walling everyth
|-resisted|p1a: im walling everyth
|-damage|p1a: im walling everyth|19\/423
|move|p1a: im walling everyth|Foul Play|p2a: Gliscor
|-damage|p2a: Gliscor|203\/350 tox
|
|-heal|p2a: Gliscor|246\/350 tox|[from] ability: Poison Heal
|-end|p1a: im walling everyth|move: Taunt
|turn|54
|c| asajsakdjakdjakdja|thanks
|
|move|p2a: Gliscor|Knock Off|p1a: im walling everyth
|-resisted|p1a: im walling everyth
|-damage|p1a: im walling everyth|1\/423
|move|p1a: im walling everyth|Foul Play|p2a: Gliscor
|-damage|p2a: Gliscor|153\/350 tox
|
|-heal|p2a: Gliscor|196\/350 tox|[from] ability: Poison Heal
|turn|55
|
|move|p2a: Gliscor|Taunt|p1a: im walling everyth
|-start|p1a: im walling everyth|move: Taunt
|move|p1a: im walling everyth|Foul Play|p2a: Gliscor
|-crit|p2a: Gliscor
|-damage|p2a: Gliscor|61\/350 tox
|
|-heal|p2a: Gliscor|104\/350 tox|[from] ability: Poison Heal
|turn|56
|c| Aka DH|mob barley is love
|
|move|p2a: Gliscor|Roost|p2a: Gliscor
|-heal|p2a: Gliscor|279\/350 tox
|move|p1a: im walling everyth|Foul Play|p2a: Gliscor
|-damage|p2a: Gliscor|188\/350 tox
|
|-heal|p2a: Gliscor|231\/350 tox|[from] ability: Poison Heal
|turn|57
|-message|lil manaphy forfeited.
|
|win|don't use mega
|raw|Ladder updating...
|leave|lil manaphy
|player|p1
|c| asajsakdjakdjakdja|he anyhow mute me
|raw|lil manaphy's rating: 1820 &rarr; <strong>1799<\/strong><br \/>(-21 for losing)
|raw|don&apos;t use mega's rating: 1795 &rarr; <strong>1816<\/strong><br \/>(+21 for winning)
|c| LUSTY LEDDIT|i muted u too