|join|don't use mega
|join|turnipz
|player|p1|don't use mega|101
|player|p2|turnipz|195
|gametype|singles
|gen|6
|tier|OU
|rated
|clearpoke
|poke|p1|Quagsire, F
|poke|p1|Gliscor, M
|poke|p1|Tyranitar, M
|poke|p1|Amoonguss, M
|poke|p1|Slowbro, F
|poke|p1|Chansey, F
|poke|p2|Heatran, M
|poke|p2|Metagross, shiny
|poke|p2|Chansey, F
|poke|p2|Slowbro, F
|poke|p2|Tentacruel, F
|poke|p2|Chesnaught, F
|rule|Swagger Clause: Swagger is banned
|rule|Baton Pass Clause: Limit one PokÃ©mon knowing Baton Pass
|rule|Sleep Clause Mod: Limit one foe put to sleep
|rule|Species Clause: Limit one of each PokÃ©mon
|rule|OHKO Clause: OHKO moves are banned
|rule|Moody Clause: Moody is banned
|rule|Evasion Moves Clause: Evasion moves are banned
|rule|Endless Battle Clause: Forcing endless battles is banned
|rule|HP Percentage Mod: HP is shown in percentages
|teampreview
|join|tmpu
|
|start
|switch|p1a: Gliscor|Gliscor, M|350\/350
|switch|p2a: Heatran|Heatran, M|386\/386
|-item|p2a: Heatran|Air Balloon
|turn|1
|
|move|p2a: Heatran|Stealth Rock|p1a: Gliscor
|-sidestart|p1: don't use mega|move: Stealth Rock
|move|p1a: Gliscor|Taunt|p2a: Heatran
|-start|p2a: Heatran|move: Taunt
|
|-status|p1a: Gliscor|tox|[from] item: Toxic Orb
|turn|2
|
|switch|p2a: Chesnaught|Chesnaught, F|380\/380
|move|p1a: Gliscor|Knock Off|p2a: Chesnaught
|-resisted|p2a: Chesnaught
|-damage|p2a: Chesnaught|358\/380
|-enditem|p2a: Chesnaught|Leftovers|[from] move: Knock Off|[of] p1a: Gliscor
|
|turn|3
|
|switch|p2a: Tentacruel|Tentacruel, F|364\/364
|move|p1a: Gliscor|Taunt|p2a: Tentacruel
|-start|p2a: Tentacruel|move: Taunt
|
|turn|4
|
|switch|p2a: Heatran|Heatran, M|386\/386
|-item|p2a: Heatran|Air Balloon
|move|p1a: Gliscor|Knock Off|p2a: Heatran
|-damage|p2a: Heatran|312\/386
|-enditem|p2a: Heatran|Air Balloon
|
|turn|5
|
|switch|p2a: Slowbro|Slowbro, F|394\/394
|move|p1a: Gliscor|Earthquake|p2a: Slowbro
|-damage|p2a: Slowbro|315\/394
|
|-heal|p2a: Slowbro|339\/394|[from] item: Leftovers
|turn|6
|
|move|p1a: Gliscor|Knock Off|p2a: Slowbro
|-supereffective|p2a: Slowbro
|-damage|p2a: Slowbro|237\/394
|-enditem|p2a: Slowbro|Leftovers|[from] move: Knock Off|[of] p1a: Gliscor
|move|p2a: Slowbro|Scald|p1a: Gliscor
|-supereffective|p1a: Gliscor
|-damage|p1a: Gliscor|170\/350 tox
|
|-heal|p1a: Gliscor|213\/350 tox|[from] ability: Poison Heal
|turn|7
|
|switch|p2a: Chesnaught|Chesnaught, F|358\/380
|move|p1a: Gliscor|Taunt|p2a: Chesnaught
|-start|p2a: Chesnaught|move: Taunt
|
|-heal|p1a: Gliscor|256\/350 tox|[from] ability: Poison Heal
|turn|8
|
|move|p1a: Gliscor|Earthquake|p2a: Chesnaught
|-resisted|p2a: Chesnaught
|-damage|p2a: Chesnaught|319\/380
|move|p2a: Chesnaught|Drain Punch|p1a: Gliscor
|-resisted|p1a: Gliscor
|-damage|p1a: Gliscor|215\/350 tox
|-heal|p2a: Chesnaught|340\/380|[from] drain|[of] p1a: Gliscor
|
|-heal|p1a: Gliscor|258\/350 tox|[from] ability: Poison Heal
|turn|9
|
|switch|p2a: Slowbro|Slowbro, F|368\/394
|move|p1a: Gliscor|Knock Off|p2a: Slowbro
|-supereffective|p2a: Slowbro
|-damage|p2a: Slowbro|302\/394
|
|-heal|p1a: Gliscor|301\/350 tox|[from] ability: Poison Heal
|turn|10
|
|move|p1a: Gliscor|Knock Off|p2a: Slowbro
|-supereffective|p2a: Slowbro
|-damage|p2a: Slowbro|232\/394
|move|p2a: Slowbro|Scald|p1a: Gliscor
|-supereffective|p1a: Gliscor
|-damage|p1a: Gliscor|125\/350 tox
|
|-heal|p1a: Gliscor|168\/350 tox|[from] ability: Poison Heal
|turn|11
|
|switch|p2a: Chesnaught|Chesnaught, F|340\/380
|move|p1a: Gliscor|Roost|p1a: Gliscor
|-heal|p1a: Gliscor|343\/350 tox
|
|-heal|p1a: Gliscor|350\/350 tox|[from] ability: Poison Heal
|turn|12
|
|move|p1a: Gliscor|Taunt|p2a: Chesnaught
|-start|p2a: Chesnaught|move: Taunt
|cant|p2a: Chesnaught|move: Taunt|Spikes
|
|turn|13
|
|move|p1a: Gliscor|Knock Off|p2a: Chesnaught
|-resisted|p2a: Chesnaught
|-damage|p2a: Chesnaught|324\/380
|move|p2a: Chesnaught|Drain Punch|p1a: Gliscor
|-resisted|p1a: Gliscor
|-damage|p1a: Gliscor|308\/350 tox
|-heal|p2a: Chesnaught|345\/380|[from] drain|[of] p1a: Gliscor
|
|-heal|p1a: Gliscor|350\/350 tox|[from] ability: Poison Heal
|turn|14
|
|move|p1a: Gliscor|Knock Off|p2a: Chesnaught
|-resisted|p2a: Chesnaught
|-damage|p2a: Chesnaught|331\/380
|move|p2a: Chesnaught|Drain Punch|p1a: Gliscor
|-resisted|p1a: Gliscor
|-damage|p1a: Gliscor|314\/350 tox
|-heal|p2a: Chesnaught|349\/380|[from] drain|[of] p1a: Gliscor
|
|-heal|p1a: Gliscor|350\/350 tox|[from] ability: Poison Heal
|-end|p2a: Chesnaught|move: Taunt
|turn|15
|
|move|p1a: Gliscor|Taunt|p2a: Chesnaught
|-start|p2a: Chesnaught|move: Taunt
|move|p2a: Chesnaught|Drain Punch|p1a: Gliscor
|-resisted|p1a: Gliscor
|-damage|p1a: Gliscor|314\/350 tox
|-heal|p2a: Chesnaught|367\/380|[from] drain|[of] p1a: Gliscor
|
|-heal|p1a: Gliscor|350\/350 tox|[from] ability: Poison Heal
|turn|16
|
|switch|p2a: Slowbro|Slowbro, F|363\/394
|move|p1a: Gliscor|Knock Off|p2a: Slowbro
|-supereffective|p2a: Slowbro
|-damage|p2a: Slowbro|289\/394
|
|turn|17
|
|move|p1a: Gliscor|Knock Off|p2a: Slowbro
|-supereffective|p2a: Slowbro
|-damage|p2a: Slowbro|219\/394
|move|p2a: Slowbro|Slack Off|p2a: Slowbro
|-heal|p2a: Slowbro|394\/394
|
|turn|18
|
|switch|p1a: Chansey|Chansey, F|670\/670
|-damage|p1a: Chansey|587\/670|[from] Stealth Rock
|move|p2a: Slowbro|Scald|p1a: Chansey
|-damage|p1a: Chansey|536\/670
|
|turn|19
|
|switch|p2a: Chesnaught|Chesnaught, F|367\/380
|move|p1a: Chansey|Stealth Rock|p2a: Chesnaught
|-sidestart|p2: turnipz|move: Stealth Rock
|
|turn|20
|
|switch|p1a: Gliscor|Gliscor, M|350\/350 tox
|-damage|p1a: Gliscor|307\/350 tox|[from] Stealth Rock
|move|p2a: Chesnaught|Spikes|p1a: Gliscor
|-sidestart|p1: don't use mega|Spikes
|
|-heal|p1a: Gliscor|350\/350 tox|[from] ability: Poison Heal
|turn|21
|
|switch|p2a: Slowbro|Slowbro, F|394\/394
|-damage|p2a: Slowbro|345\/394|[from] Stealth Rock
|move|p1a: Gliscor|Taunt|p2a: Slowbro
|-start|p2a: Slowbro|move: Taunt
|
|turn|22
|
|move|p1a: Gliscor|Knock Off|p2a: Slowbro
|-supereffective|p2a: Slowbro
|-damage|p2a: Slowbro|273\/394
|move|p2a: Slowbro|Scald|p1a: Gliscor
|-supereffective|p1a: Gliscor
|-damage|p1a: Gliscor|168\/350 tox
|
|-heal|p1a: Gliscor|211\/350 tox|[from] ability: Poison Heal
|turn|23
|
|move|p1a: Gliscor|Knock Off|p2a: Slowbro
|-supereffective|p2a: Slowbro
|-damage|p2a: Slowbro|201\/394
|move|p2a: Slowbro|Scald|p1a: Gliscor
|-supereffective|p1a: Gliscor
|-damage|p1a: Gliscor|41\/350 tox
|
|-heal|p1a: Gliscor|84\/350 tox|[from] ability: Poison Heal
|turn|24
|
|move|p1a: Gliscor|Roost|p1a: Gliscor
|-heal|p1a: Gliscor|259\/350 tox
|move|p2a: Slowbro|Scald|p1a: Gliscor
|-supereffective|p1a: Gliscor
|-damage|p1a: Gliscor|83\/350 tox
|
|-heal|p1a: Gliscor|126\/350 tox|[from] ability: Poison Heal
|-end|p2a: Slowbro|move: Taunt
|turn|25
|
|move|p1a: Gliscor|Roost|p1a: Gliscor
|-heal|p1a: Gliscor|301\/350 tox
|move|p2a: Slowbro|Scald|p1a: Gliscor
|-supereffective|p1a: Gliscor
|-damage|p1a: Gliscor|121\/350 tox
|
|-heal|p1a: Gliscor|164\/350 tox|[from] ability: Poison Heal
|turn|26
|
|move|p1a: Gliscor|Roost|p1a: Gliscor
|-heal|p1a: Gliscor|339\/350 tox
|move|p2a: Slowbro|Scald|p1a: Gliscor
|-supereffective|p1a: Gliscor
|-damage|p1a: Gliscor|163\/350 tox
|
|-heal|p1a: Gliscor|206\/350 tox|[from] ability: Poison Heal
|turn|27
|
|move|p1a: Gliscor|Taunt|p2a: Slowbro
|-start|p2a: Slowbro|move: Taunt
|move|p2a: Slowbro|Scald|p1a: Gliscor
|-supereffective|p1a: Gliscor
|-damage|p1a: Gliscor|24\/350 tox
|
|-heal|p1a: Gliscor|67\/350 tox|[from] ability: Poison Heal
|turn|28
|
|move|p1a: Gliscor|Roost|p1a: Gliscor
|-heal|p1a: Gliscor|242\/350 tox
|move|p2a: Slowbro|Scald|p1a: Gliscor
|-supereffective|p1a: Gliscor
|-damage|p1a: Gliscor|56\/350 tox
|
|-heal|p1a: Gliscor|99\/350 tox|[from] ability: Poison Heal
|turn|29
|
|move|p1a: Gliscor|Roost|p1a: Gliscor
|-heal|p1a: Gliscor|274\/350 tox
|move|p2a: Slowbro|Scald|p1a: Gliscor
|-supereffective|p1a: Gliscor
|-damage|p1a: Gliscor|100\/350 tox
|
|-heal|p1a: Gliscor|143\/350 tox|[from] ability: Poison Heal
|-end|p2a: Slowbro|move: Taunt
|turn|30
|
|move|p1a: Gliscor|Roost|p1a: Gliscor
|-heal|p1a: Gliscor|318\/350 tox
|move|p2a: Slowbro|Scald|p1a: Gliscor
|-supereffective|p1a: Gliscor
|-damage|p1a: Gliscor|148\/350 tox
|
|-heal|p1a: Gliscor|191\/350 tox|[from] ability: Poison Heal
|turn|31
|
|move|p1a: Gliscor|Taunt|p2a: Slowbro
|-start|p2a: Slowbro|move: Taunt
|move|p2a: Slowbro|Scald|p1a: Gliscor
|-supereffective|p1a: Gliscor
|-damage|p1a: Gliscor|9\/350 tox
|
|-heal|p1a: Gliscor|52\/350 tox|[from] ability: Poison Heal
|turn|32
|
|move|p1a: Gliscor|Roost|p1a: Gliscor
|-heal|p1a: Gliscor|227\/350 tox
|move|p2a: Slowbro|Scald|p1a: Gliscor
|-supereffective|p1a: Gliscor
|-damage|p1a: Gliscor|59\/350 tox
|
|-heal|p1a: Gliscor|102\/350 tox|[from] ability: Poison Heal
|turn|33
|
|move|p1a: Gliscor|Roost|p1a: Gliscor
|-heal|p1a: Gliscor|277\/350 tox
|move|p2a: Slowbro|Scald|p1a: Gliscor
|-supereffective|p1a: Gliscor
|-damage|p1a: Gliscor|115\/350 tox
|
|-heal|p1a: Gliscor|158\/350 tox|[from] ability: Poison Heal
|-end|p2a: Slowbro|move: Taunt
|turn|34
|
|move|p1a: Gliscor|Roost|p1a: Gliscor
|-heal|p1a: Gliscor|333\/350 tox
|move|p2a: Slowbro|Scald|p1a: Gliscor
|-supereffective|p1a: Gliscor
|-damage|p1a: Gliscor|159\/350 tox
|
|-heal|p1a: Gliscor|202\/350 tox|[from] ability: Poison Heal
|turn|35
|
|move|p1a: Gliscor|Taunt|p2a: Slowbro
|-start|p2a: Slowbro|move: Taunt
|move|p2a: Slowbro|Scald|p1a: Gliscor
|-supereffective|p1a: Gliscor
|-damage|p1a: Gliscor|44\/350 tox
|
|-heal|p1a: Gliscor|87\/350 tox|[from] ability: Poison Heal
|turn|36
|
|move|p1a: Gliscor|Roost|p1a: Gliscor
|-heal|p1a: Gliscor|262\/350 tox
|move|p2a: Slowbro|Scald|p1a: Gliscor
|-supereffective|p1a: Gliscor
|-damage|p1a: Gliscor|92\/350 tox
|
|-heal|p1a: Gliscor|135\/350 tox|[from] ability: Poison Heal
|turn|37
|
|move|p1a: Gliscor|Roost|p1a: Gliscor
|-heal|p1a: Gliscor|310\/350 tox
|move|p2a: Slowbro|Scald|p1a: Gliscor
|-supereffective|p1a: Gliscor
|-damage|p1a: Gliscor|140\/350 tox
|
|-heal|p1a: Gliscor|183\/350 tox|[from] ability: Poison Heal
|-end|p2a: Slowbro|move: Taunt
|turn|38
|
|move|p1a: Gliscor|Roost|p1a: Gliscor
|-heal|p1a: Gliscor|350\/350 tox
|move|p2a: Slowbro|Scald|p1a: Gliscor
|-supereffective|p1a: Gliscor
|-damage|p1a: Gliscor|192\/350 tox
|
|-heal|p1a: Gliscor|235\/350 tox|[from] ability: Poison Heal
|turn|39
|
|move|p1a: Gliscor|Taunt|p2a: Slowbro
|-start|p2a: Slowbro|move: Taunt
|move|p2a: Slowbro|Scald|p1a: Gliscor
|-supereffective|p1a: Gliscor
|-damage|p1a: Gliscor|53\/350 tox
|
|-heal|p1a: Gliscor|96\/350 tox|[from] ability: Poison Heal
|turn|40
|
|move|p1a: Gliscor|Roost|p1a: Gliscor
|-heal|p1a: Gliscor|271\/350 tox
|move|p2a: Slowbro|Scald|p1a: Gliscor
|-supereffective|p1a: Gliscor
|-damage|p1a: Gliscor|101\/350 tox
|
|-heal|p1a: Gliscor|144\/350 tox|[from] ability: Poison Heal
|turn|41
|
|move|p1a: Gliscor|Roost|p1a: Gliscor
|-heal|p1a: Gliscor|319\/350 tox
|move|p2a: Slowbro|Scald|p1a: Gliscor
|-supereffective|p1a: Gliscor
|-damage|p1a: Gliscor|143\/350 tox
|
|-heal|p1a: Gliscor|186\/350 tox|[from] ability: Poison Heal
|-end|p2a: Slowbro|move: Taunt
|turn|42
|
|move|p1a: Gliscor|Taunt|p2a: Slowbro
|-start|p2a: Slowbro|move: Taunt
|move|p2a: Slowbro|Scald|p1a: Gliscor
|-supereffective|p1a: Gliscor
|-damage|p1a: Gliscor|16\/350 tox
|
|-heal|p1a: Gliscor|59\/350 tox|[from] ability: Poison Heal
|turn|43
|
|move|p1a: Gliscor|Roost|p1a: Gliscor
|-heal|p1a: Gliscor|234\/350 tox
|move|p2a: Slowbro|Fire Blast|p1a: Gliscor
|-damage|p1a: Gliscor|150\/350 tox
|
|-heal|p1a: Gliscor|193\/350 tox|[from] ability: Poison Heal
|turn|44
|
|switch|p1a: Tyranitar|Tyranitar, M|342\/342
|-damage|p1a: Tyranitar|300\/342|[from] Stealth Rock
|-damage|p1a: Tyranitar|258\/342|[from] Spikes
|-weather|Sandstorm
|switch|p2a: Chesnaught|Chesnaught, F|367\/380
|-damage|p2a: Chesnaught|344\/380|[from] Stealth Rock
|
|-weather|Sandstorm|[upkeep]
|-damage|p2a: Chesnaught|321\/380|[from] sandstorm
|turn|45
|
|switch|p1a: Gliscor|Gliscor, M|193\/350 tox
|-damage|p1a: Gliscor|150\/350 tox|[from] Stealth Rock
|move|p2a: Chesnaught|Spikes|p1a: Gliscor
|-sidestart|p1: don't use mega|Spikes
|
|-weather|Sandstorm|[upkeep]
|-damage|p2a: Chesnaught|298\/380|[from] sandstorm
|-heal|p1a: Gliscor|193\/350 tox|[from] ability: Poison Heal
|turn|46
|
|move|p1a: Gliscor|Taunt|p2a: Chesnaught
|-start|p2a: Chesnaught|move: Taunt
|cant|p2a: Chesnaught|move: Taunt|Spikes
|
|-weather|Sandstorm|[upkeep]
|-damage|p2a: Chesnaught|275\/380|[from] sandstorm
|-heal|p1a: Gliscor|236\/350 tox|[from] ability: Poison Heal
|turn|47
|
|move|p1a: Gliscor|Earthquake|p2a: Chesnaught
|-resisted|p2a: Chesnaught
|-damage|p2a: Chesnaught|242\/380
|move|p2a: Chesnaught|Drain Punch|p1a: Gliscor
|-resisted|p1a: Gliscor
|-damage|p1a: Gliscor|195\/350 tox
|-heal|p2a: Chesnaught|263\/380|[from] drain|[of] p1a: Gliscor
|
|-weather|Sandstorm|[upkeep]
|-damage|p2a: Chesnaught|240\/380|[from] sandstorm
|-heal|p1a: Gliscor|238\/350 tox|[from] ability: Poison Heal
|turn|48
|
|move|p1a: Gliscor|Knock Off|p2a: Chesnaught
|-resisted|p2a: Chesnaught
|-damage|p2a: Chesnaught|224\/380
|move|p2a: Chesnaught|Drain Punch|p1a: Gliscor
|-resisted|p1a: Gliscor
|-damage|p1a: Gliscor|201\/350 tox
|-heal|p2a: Chesnaught|243\/380|[from] drain|[of] p1a: Gliscor
|
|-weather|none
|-heal|p1a: Gliscor|244\/350 tox|[from] ability: Poison Heal
|-end|p2a: Chesnaught|move: Taunt
|turn|49
|
|move|p1a: Gliscor|Taunt|p2a: Chesnaught
|-start|p2a: Chesnaught|move: Taunt
|cant|p2a: Chesnaught|move: Taunt|Spikes
|
|-heal|p1a: Gliscor|287\/350 tox|[from] ability: Poison Heal
|turn|50
|
|switch|p2a: Metagross|Metagross, shiny|301\/301
|-damage|p2a: Metagross|283\/301|[from] Stealth Rock
|move|p1a: Gliscor|Knock Off|p2a: Metagross
|-supereffective|p2a: Metagross
|-damage|p2a: Metagross|199\/301
|
|-heal|p1a: Gliscor|330\/350 tox|[from] ability: Poison Heal
|turn|51
|
|detailschange|p2a: Metagross|Metagross-Mega, shiny
|-mega|p2a: Metagross|Metagross|Metagrossite
|move|p2a: Metagross|Zen Headbutt|p1a: Gliscor
|-damage|p1a: Gliscor|152\/350 tox
|move|p1a: Gliscor|Earthquake|p2a: Metagross
|-supereffective|p2a: Metagross
|-damage|p2a: Metagross|53\/301
|
|-heal|p1a: Gliscor|195\/350 tox|[from] ability: Poison Heal
|turn|52
|
|move|p2a: Metagross|Meteor Mash|p1a: Gliscor
|-damage|p1a: Gliscor|6\/350 tox
|move|p1a: Gliscor|Earthquake|p2a: Metagross
|-supereffective|p2a: Metagross
|-damage|p2a: Metagross|0 fnt
|faint|p2a: Metagross
|
|-heal|p1a: Gliscor|49\/350 tox|[from] ability: Poison Heal
|
|switch|p2a: Heatran|Heatran, M|312\/386
|-damage|p2a: Heatran|264\/386|[from] Stealth Rock
|turn|53
|
|switch|p1a: Slowbro|Slowbro, F|393\/393
|-damage|p1a: Slowbro|328\/393|[from] Spikes
|-damage|p1a: Slowbro|279\/393|[from] Stealth Rock
|move|p2a: Heatran|Fire Blast|p1a: Slowbro|[miss]
|-miss|p2a: Heatran|p1a: Slowbro
|
|turn|54
|
|switch|p2a: Tentacruel|Tentacruel, F|364\/364
|-damage|p2a: Tentacruel|319\/364|[from] Stealth Rock
|move|p1a: Slowbro|Trick|p2a: Tentacruel
|-activate|p1a: Slowbro|move: Trick|[of] p2a: Tentacruel
|-item|p2a: Tentacruel|Lagging Tail|[from] move: Trick
|-item|p1a: Slowbro|Black Sludge|[from] move: Trick
|
|-damage|p1a: Slowbro|230\/393|[from] item: Black Sludge
|turn|55
|
|move|p1a: Slowbro|Psyshock|p2a: Tentacruel
|-supereffective|p2a: Tentacruel
|-damage|p2a: Tentacruel|155\/364
|move|p2a: Tentacruel|Rapid Spin|p1a: Slowbro
|-damage|p1a: Slowbro|223\/393
|-sideend|p2: turnipz|Stealth Rock|[from] move: Rapid Spin|[of] p2a: Tentacruel
|
|-damage|p1a: Slowbro|174\/393|[from] item: Black Sludge
|turn|56
|
|move|p1a: Slowbro|Trick|p2a: Tentacruel
|-activate|p1a: Slowbro|move: Trick|[of] p2a: Tentacruel
|-item|p2a: Tentacruel|Black Sludge|[from] move: Trick
|-item|p1a: Slowbro|Lagging Tail|[from] move: Trick
|move|p2a: Tentacruel|Scald|p1a: Slowbro
|-resisted|p1a: Slowbro
|-damage|p1a: Slowbro|131\/393
|
|-heal|p2a: Tentacruel|177\/364|[from] item: Black Sludge
|turn|57
|
|move|p2a: Tentacruel|Scald|p1a: Slowbro
|-resisted|p1a: Slowbro
|-damage|p1a: Slowbro|82\/393
|move|p1a: Slowbro|Slack Off|p1a: Slowbro
|-heal|p1a: Slowbro|279\/393
|
|-heal|p2a: Tentacruel|199\/364|[from] item: Black Sludge
|turn|58
|
|switch|p2a: Slowbro|Slowbro, F|332\/394
|move|p1a: Slowbro|Trick|p2a: Slowbro
|-activate|p1a: Slowbro|move: Trick|[of] p2a: Slowbro
|-item|p2a: Slowbro|Lagging Tail|[from] move: Trick
|
|turn|59
|
|switch|p2a: Chesnaught|Chesnaught, F|243\/380
|move|p1a: Slowbro|Psyshock|p2a: Chesnaught
|-supereffective|p2a: Chesnaught
|-damage|p2a: Chesnaught|123\/380
|
|turn|60
|
|switch|p1a: Gliscor|Gliscor, M|49\/350 tox
|-damage|p1a: Gliscor|6\/350 tox|[from] Stealth Rock
|move|p2a: Chesnaught|Synthesis|p2a: Chesnaught
|-heal|p2a: Chesnaught|313\/380
|
|-heal|p1a: Gliscor|49\/350 tox|[from] ability: Poison Heal
|turn|61
|c| tmpu|noffa
|c| tmpu|kkkk
|
|move|p1a: Gliscor|Earthquake|p2a: Chesnaught
|-resisted|p2a: Chesnaught
|-damage|p2a: Chesnaught|275\/380
|move|p2a: Chesnaught|Roar|p1a: Gliscor
|drag|p1a: Amoonguss|Amoonguss, M|430\/430
|-damage|p1a: Amoonguss|377\/430|[from] Stealth Rock
|-damage|p1a: Amoonguss|306\/430|[from] Spikes
|
|-heal|p1a: Amoonguss|332\/430|[from] item: Black Sludge
|turn|62
|
|move|p2a: Chesnaught|Spikes|p1a: Amoonguss
|-sidestart|p1: don't use mega|Spikes
|move|p1a: Amoonguss|Clear Smog|p2a: Chesnaught
|-supereffective|p2a: Chesnaught
|-damage|p2a: Chesnaught|137\/380
|-clearboost|p2a: Chesnaught
|
|-heal|p1a: Amoonguss|358\/430|[from] item: Black Sludge
|turn|63
|
|switch|p2a: Tentacruel|Tentacruel, F|199\/364
|switch|p1a: Gliscor|Gliscor, M|49\/350 tox
|-damage|p1a: Gliscor|6\/350 tox|[from] Stealth Rock
|
|-heal|p2a: Tentacruel|221\/364|[from] item: Black Sludge
|-heal|p1a: Gliscor|49\/350 tox|[from] ability: Poison Heal
|turn|64
|
|move|p1a: Gliscor|Earthquake|p2a: Tentacruel
|-supereffective|p2a: Tentacruel
|-damage|p2a: Tentacruel|0 fnt
|faint|p2a: Tentacruel
|
|-heal|p1a: Gliscor|92\/350 tox|[from] ability: Poison Heal
|
|switch|p2a: Heatran|Heatran, M|264\/386
|turn|65
|
|switch|p1a: Slowbro|Slowbro, F|393\/393
|-damage|p1a: Slowbro|344\/393|[from] Stealth Rock
|-damage|p1a: Slowbro|246\/393|[from] Spikes
|move|p2a: Heatran|Fire Blast|p1a: Slowbro|[miss]
|-miss|p2a: Heatran|p1a: Slowbro
|
|turn|66
|
|switch|p2a: Chansey|Chansey, F|704\/704
|move|p1a: Slowbro|Scald|p2a: Chansey
|-damage|p2a: Chansey|641\/704
|
|turn|67
|c| tmpu|faltou um defog agora
|c| tmpu|=x
|c|âdon't use mega|:X
|
|move|p2a: Chansey|Seismic Toss|p1a: Slowbro
|-damage|p1a: Slowbro|146\/393
|move|p1a: Slowbro|Trick|p2a: Chansey
|-activate|p1a: Slowbro|move: Trick|[of] p2a: Chansey
|-item|p1a: Slowbro|Eviolite|[from] move: Trick
|
|turn|68
|
|move|p2a: Chansey|Toxic|p1a: Slowbro
|-status|p1a: Slowbro|tox
|move|p1a: Slowbro|Slack Off|p1a: Slowbro
|-heal|p1a: Slowbro|343\/393 tox
|
|-damage|p1a: Slowbro|319\/393 tox|[from] psn
|turn|69
|
|switch|p2a: Chesnaught|Chesnaught, F|137\/380
|switch|p1a: Chansey|Chansey, F|536\/670
|-damage|p1a: Chansey|369\/670|[from] Spikes
|-damage|p1a: Chansey|286\/670|[from] Stealth Rock
|
|turn|70
|
|switch|p1a: Gliscor|Gliscor, M|92\/350 tox
|-damage|p1a: Gliscor|49\/350 tox|[from] Stealth Rock
|move|p2a: Chesnaught|Roar|p1a: Gliscor
|drag|p1a: Tyranitar|Tyranitar, M|258\/342
|-damage|p1a: Tyranitar|173\/342|[from] Spikes
|-damage|p1a: Tyranitar|131\/342|[from] Stealth Rock
|-weather|Sandstorm
|
|-weather|Sandstorm|[upkeep]
|-damage|p2a: Chesnaught|114\/380|[from] sandstorm
|turn|71
|
|switch|p1a: Gliscor|Gliscor, M|49\/350 tox
|-damage|p1a: Gliscor|6\/350 tox|[from] Stealth Rock
|switch|p2a: Heatran|Heatran, M|264\/386
|
|-weather|Sandstorm|[upkeep]
|-heal|p1a: Gliscor|49\/350 tox|[from] ability: Poison Heal
|turn|72
|
|switch|p1a: Slowbro|Slowbro, F|393\/393 tox
|-damage|p1a: Slowbro|295\/393 tox|[from] Spikes
|-damage|p1a: Slowbro|246\/393 tox|[from] Stealth Rock
|move|p2a: Heatran|Fire Blast|p1a: Slowbro
|-resisted|p1a: Slowbro
|-damage|p1a: Slowbro|152\/393 tox
|
|-weather|Sandstorm|[upkeep]
|-damage|p1a: Slowbro|128\/393 tox|[from] sandstorm
|-damage|p1a: Slowbro|104\/393 tox|[from] psn
|turn|73
|
|move|p2a: Heatran|Taunt|p1a: Slowbro
|-start|p1a: Slowbro|move: Taunt
|move|p1a: Slowbro|Scald|p2a: Heatran
|-supereffective|p2a: Heatran
|-damage|p2a: Heatran|96\/386
|
|-weather|Sandstorm|[upkeep]
|-damage|p1a: Slowbro|80\/393 tox|[from] sandstorm
|-damage|p1a: Slowbro|32\/393 tox|[from] psn
|turn|74
|
|move|p2a: Heatran|Fire Blast|p1a: Slowbro
|-resisted|p1a: Slowbro
|-damage|p1a: Slowbro|0 fnt
|faint|p1a: Slowbro
|
|-weather|none
|
|switch|p1a: Tyranitar|Tyranitar, M|131\/342
|-damage|p1a: Tyranitar|89\/342|[from] Stealth Rock
|-damage|p1a: Tyranitar|4\/342|[from] Spikes
|-weather|Sandstorm
|turn|75
|
|move|p1a: Tyranitar|Pursuit|p2a: Heatran
|-damage|p2a: Heatran|29\/386
|move|p2a: Heatran|Fire Blast|p1a: Tyranitar
|-resisted|p1a: Tyranitar
|-damage|p1a: Tyranitar|0 fnt
|faint|p1a: Tyranitar
|
|-weather|Sandstorm|[upkeep]
|
|switch|p1a: Quagsire|Quagsire, F|394\/394
|-damage|p1a: Quagsire|370\/394|[from] Stealth Rock
|-damage|p1a: Quagsire|272\/394|[from] Spikes
|turn|76
|
|switch|p2a: Chansey|Chansey, F|641\/704
|move|p1a: Quagsire|Scald|p2a: Chansey
|-damage|p2a: Chansey|571\/704
|
|-weather|Sandstorm|[upkeep]
|-damage|p2a: Chansey|527\/704|[from] sandstorm
|-heal|p1a: Quagsire|296\/394|[from] item: Leftovers
|turn|77
|
|switch|p1a: Gliscor|Gliscor, M|49\/350 tox
|-damage|p1a: Gliscor|6\/350 tox|[from] Stealth Rock
|move|p2a: Chansey|Seismic Toss|p1a: Gliscor
|-damage|p1a: Gliscor|0 fnt
|faint|p1a: Gliscor
|
|-weather|Sandstorm|[upkeep]
|-damage|p2a: Chansey|483\/704|[from] sandstorm
|
|switch|p1a: Chansey|Chansey, F|286\/670
|-damage|p1a: Chansey|203\/670|[from] Stealth Rock
|-damage|p1a: Chansey|36\/670|[from] Spikes
|turn|78
|
|switch|p2a: Heatran|Heatran, M|29\/386
|move|p1a: Chansey|Soft-Boiled|p1a: Chansey
|-heal|p1a: Chansey|371\/670
|
|-weather|Sandstorm|[upkeep]
|-damage|p1a: Chansey|330\/670|[from] sandstorm
|turn|79
|
|move|p2a: Heatran|Taunt|p1a: Chansey
|-start|p1a: Chansey|move: Taunt
|move|p1a: Chansey|Seismic Toss|p2a: Heatran
|-damage|p2a: Heatran|0 fnt
|faint|p2a: Heatran
|
|-weather|none
|
|switch|p2a: Chesnaught|Chesnaught, F|114\/380
|turn|80
|
|switch|p1a: Amoonguss|Amoonguss, M|430\/430
|-damage|p1a: Amoonguss|377\/430|[from] Stealth Rock
|-damage|p1a: Amoonguss|270\/430|[from] Spikes
|move|p2a: Chesnaught|Synthesis|p2a: Chesnaught
|-heal|p2a: Chesnaught|304\/380
|
|-heal|p1a: Amoonguss|296\/430|[from] item: Black Sludge
|turn|81
|
|switch|p2a: Chansey|Chansey, F|483\/704
|move|p1a: Amoonguss|Clear Smog|p2a: Chansey
|-damage|p2a: Chansey|432\/704
|-clearboost|p2a: Chansey
|
|-heal|p1a: Amoonguss|322\/430|[from] item: Black Sludge
|turn|82
|
|move|p2a: Chansey|Seismic Toss|p1a: Amoonguss
|-damage|p1a: Amoonguss|222\/430
|move|p1a: Amoonguss|Spore|p2a: Chansey
|-status|p2a: Chansey|slp
|
|-heal|p1a: Amoonguss|248\/430|[from] item: Black Sludge
|turn|83
|
|cant|p2a: Chansey|slp
|move|p1a: Amoonguss|Clear Smog|p2a: Chansey
|-damage|p2a: Chansey|386\/704 slp
|-clearboost|p2a: Chansey
|
|-heal|p1a: Amoonguss|274\/430|[from] item: Black Sludge
|turn|84
|
|cant|p2a: Chansey|slp
|move|p1a: Amoonguss|Giga Drain|p2a: Chansey
|-damage|p2a: Chansey|314\/704 slp
|-heal|p1a: Amoonguss|310\/430|[from] drain|[of] p2a: Chansey
|
|-heal|p1a: Amoonguss|336\/430|[from] item: Black Sludge
|turn|85
|
|-curestatus|p2a: Chansey|slp
|move|p2a: Chansey|Seismic Toss|p1a: Amoonguss
|-damage|p1a: Amoonguss|236\/430
|move|p1a: Amoonguss|Giga Drain|p2a: Chansey
|-damage|p2a: Chansey|239\/704
|-heal|p1a: Amoonguss|274\/430|[from] drain|[of] p2a: Chansey
|
|-heal|p1a: Amoonguss|300\/430|[from] item: Black Sludge
|turn|86
|
|switch|p2a: Slowbro|Slowbro, F|394\/394
|move|p1a: Amoonguss|Spore|p2a: Slowbro
|-status|p2a: Slowbro|slp
|
|-heal|p1a: Amoonguss|326\/430|[from] item: Black Sludge
|turn|87
|
|switch|p1a: Quagsire|Quagsire, F|296\/394
|-damage|p1a: Quagsire|198\/394|[from] Spikes
|-damage|p1a: Quagsire|174\/394|[from] Stealth Rock
|switch|p2a: Chansey|Chansey, F|239\/704
|
|-heal|p1a: Quagsire|198\/394|[from] item: Leftovers
|turn|88
|
|move|p2a: Chansey|Soft-Boiled|p2a: Chansey
|-heal|p2a: Chansey|591\/704
|move|p1a: Quagsire|Earthquake|p2a: Chansey
|-damage|p2a: Chansey|383\/704
|
|-heal|p1a: Quagsire|222\/394|[from] item: Leftovers
|turn|89
|
|switch|p1a: Chansey|Chansey, F|330\/670
|-damage|p1a: Chansey|163\/670|[from] Spikes
|-damage|p1a: Chansey|80\/670|[from] Stealth Rock
|move|p2a: Chansey|Soft-Boiled|p2a: Chansey
|-heal|p2a: Chansey|704\/704
|
|turn|90
|
|move|p1a: Chansey|Soft-Boiled|p1a: Chansey
|-heal|p1a: Chansey|415\/670
|move|p2a: Chansey|Seismic Toss|p1a: Chansey
|-damage|p1a: Chansey|315\/670
|
|turn|91
|
|move|p1a: Chansey|Soft-Boiled|p1a: Chansey
|-heal|p1a: Chansey|650\/670
|move|p2a: Chansey|Toxic|p1a: Chansey
|-status|p1a: Chansey|tox
|
|-damage|p1a: Chansey|609\/670 tox|[from] psn
|turn|92
|
|move|p1a: Chansey|Stealth Rock|p2a: Chansey
|-sidestart|p2: turnipz|move: Stealth Rock
|move|p2a: Chansey|Seismic Toss|p1a: Chansey
|-damage|p1a: Chansey|509\/670 tox
|
|-damage|p1a: Chansey|427\/670 tox|[from] psn
|turn|93
|
|move|p1a: Chansey|Seismic Toss|p2a: Chansey
|-damage|p2a: Chansey|604\/704
|move|p2a: Chansey|Seismic Toss|p1a: Chansey
|-damage|p1a: Chansey|327\/670 tox
|
|-damage|p1a: Chansey|204\/670 tox|[from] psn
|turn|94
|
|move|p1a: Chansey|Soft-Boiled|p1a: Chansey
|-heal|p1a: Chansey|539\/670 tox
|move|p2a: Chansey|Seismic Toss|p1a: Chansey
|-damage|p1a: Chansey|439\/670 tox
|
|-damage|p1a: Chansey|275\/670 tox|[from] psn
|turn|95
|
|move|p1a: Chansey|Soft-Boiled|p1a: Chansey
|-heal|p1a: Chansey|610\/670 tox
|move|p2a: Chansey|Seismic Toss|p1a: Chansey
|-damage|p1a: Chansey|510\/670 tox
|
|-damage|p1a: Chansey|305\/670 tox|[from] psn
|turn|96
|
|switch|p1a: Amoonguss|Amoonguss, M|430\/430
|-damage|p1a: Amoonguss|323\/430|[from] Spikes
|-damage|p1a: Amoonguss|270\/430|[from] Stealth Rock
|move|p2a: Chansey|Seismic Toss|p1a: Amoonguss
|-damage|p1a: Amoonguss|170\/430
|
|-heal|p1a: Amoonguss|196\/430|[from] item: Black Sludge
|turn|97
|
|move|p2a: Chansey|Seismic Toss|p1a: Amoonguss
|-damage|p1a: Amoonguss|96\/430
|move|p1a: Amoonguss|Spore|p2a: Chansey
|-message|Sleep Clause Mod activated.
|-fail|p2a: Chansey
|
|-heal|p1a: Amoonguss|122\/430|[from] item: Black Sludge
|turn|98
|c|âdon't use mega|lol
|c|âdon't use mega|haha
|c|âdon't use mega|:P
|
|move|p2a: Chansey|Seismic Toss|p1a: Amoonguss
|-damage|p1a: Amoonguss|22\/430
|move|p1a: Amoonguss|Giga Drain|p2a: Chansey
|-damage|p2a: Chansey|531\/704
|-heal|p1a: Amoonguss|59\/430|[from] drain|[of] p2a: Chansey
|
|-heal|p1a: Amoonguss|85\/430|[from] item: Black Sludge
|turn|99
|
|switch|p1a: Chansey|Chansey, F|305\/670
|-damage|p1a: Chansey|138\/670|[from] Spikes
|-damage|p1a: Chansey|55\/670|[from] Stealth Rock
|move|p2a: Chansey|Seismic Toss|p1a: Chansey
|-damage|p1a: Chansey|0 fnt
|faint|p1a: Chansey
|
|c| tmpu|kk
|c| tmpu|essa ta tensa
|
|switch|p1a: Quagsire|Quagsire, F|222\/394
|-damage|p1a: Quagsire|124\/394|[from] Spikes
|-damage|p1a: Quagsire|100\/394|[from] Stealth Rock
|turn|100
|c|âdon't use mega|eu sÃ³ perdi
|c|âdon't use mega|pq fiquei trocando tapa
|c|âdon't use mega|contra o slowbro
|c|âdon't use mega|kkk
|
|move|p2a: Chansey|Seismic Toss|p1a: Quagsire
|-damage|p1a: Quagsire|0 fnt
|faint|p1a: Quagsire
|
|
|switch|p1a: Amoonguss|Amoonguss, M|228\/430
|-damage|p1a: Amoonguss|121\/430|[from] Spikes
|-damage|p1a: Amoonguss|68\/430|[from] Stealth Rock
|turn|101
|c|âturnipz|gg
|
|move|p2a: Chansey|Seismic Toss|p1a: Amoonguss
|-damage|p1a: Amoonguss|0 fnt
|faint|p1a: Amoonguss
|
|win|turnipz
|raw|Ladder updating...
|c| tmpu|s
|raw|don&apos;t use mega's rating: 1782 &rarr; <strong>1751<\/strong><br \/>(-31 for losing)
|raw|turnipz's rating: 1530 &rarr; <strong>1562<\/strong><br \/>(+32 for winning)
|leave|don't use mega
|player|p1
|leave|tmpu