|join|Ox the Box
|join|don't use mega
|player|p1|Ox the Box|201
|player|p2|don't use mega|101
|gametype|singles
|gen|6
|tier|OU
|rated
|clearpoke
|poke|p1|Charizard, M, shiny
|poke|p1|Venusaur, M, shiny
|poke|p1|Tyranitar, M
|poke|p1|Excadrill, F
|poke|p1|Ferrothorn, F
|poke|p1|Keldeo
|poke|p2|Mandibuzz, F
|poke|p2|Quagsire, M
|poke|p2|Tyranitar, M
|poke|p2|Slowbro, M
|poke|p2|Gliscor, M
|poke|p2|Chansey, F
|rule|Swagger Clause: Swagger is banned
|rule|Baton Pass Clause: Limit one PokÃ©mon knowing Baton Pass
|rule|Sleep Clause Mod: Limit one foe put to sleep
|rule|Species Clause: Limit one of each PokÃ©mon
|rule|OHKO Clause: OHKO moves are banned
|rule|Moody Clause: Moody is banned
|rule|Evasion Moves Clause: Evasion moves are banned
|rule|Endless Battle Clause: Forcing endless battles is banned
|rule|HP Percentage Mod: HP is shown in percentages
|teampreview
|c|âOx the Box|changed ur team I see
|join|Disorient
|join|Alkov
|join|Bloodz
|join|Mega Magic Bounce
|join|fimbu1vetr
|
|start
|switch|p1a: Charizard|Charizard, M, shiny|297\/297
|switch|p2a: Chansey|Chansey, F|703\/703
|turn|1
|join|Legolax909
|
|switch|p1a: Tyranitar|Tyranitar, M|382\/382
|-weather|Sandstorm
|switch|p2a: Tyranitar|Tyranitar, M|342\/342
|
|-weather|Sandstorm|[upkeep]
|turn|2
|c| Alkov|its technically 5 stall mons + bandtar
|c| Alkov|i mean scarftar
|c| fimbu1vetr|wow sand and sun offense
|
|switch|p1a: Ferrothorn|Ferrothorn, F|352\/352
|move|p2a: Tyranitar|Superpower|p1a: Ferrothorn
|-supereffective|p1a: Ferrothorn
|-damage|p1a: Ferrothorn|142\/352
|-damage|p2a: Tyranitar|300\/342|[from] ability: Iron Barbs|[of] p1a: Ferrothorn
|-unboost|p2a: Tyranitar|atk|1
|-unboost|p2a: Tyranitar|def|1
|
|-weather|Sandstorm|[upkeep]
|-heal|p1a: Ferrothorn|164\/352|[from] item: Leftovers
|turn|3
|join|Murkrow Jupiter
|join|MTL Manectric
|
|switch|p2a: Gliscor|Gliscor, M|350\/350
|move|p1a: Ferrothorn|Stealth Rock|p2a: Gliscor
|-sidestart|p2: don't use mega|move: Stealth Rock
|
|-weather|Sandstorm|[upkeep]
|-heal|p1a: Ferrothorn|186\/352|[from] item: Leftovers
|-status|p2a: Gliscor|tox|[from] item: Toxic Orb
|turn|4
|c| fimbu1vetr|almost never see that
|c|âOx the Box|fuck he added a defogger
|c| MTL Manectric|ox too real to stop at #1
|
|switch|p2a: Chansey|Chansey, F|703\/703
|-damage|p2a: Chansey|616\/703|[from] Stealth Rock
|switch|p1a: Charizard|Charizard, M, shiny|297\/297
|
|-weather|Sandstorm|[upkeep]
|-damage|p1a: Charizard|279\/297|[from] sandstorm
|-damage|p2a: Chansey|573\/703|[from] sandstorm
|turn|5
|c| Murkrow Jupiter|bloodz, jus stay true to your style
|c| Bloodz|y
|
|switch|p1a: Tyranitar|Tyranitar, M|382\/382
|move|p2a: Chansey|Stealth Rock|p1a: Tyranitar
|-sidestart|p1: Ox the Box|move: Stealth Rock
|
|-weather|none
|turn|6
|join|xuna
|join|Mistaken
|c| Bloodz|I dont feel confident
|c| fimbu1vetr|reveal x zard with SD
|
|switch|p2a: Gliscor|Gliscor, M|350\/350 tox
|-damage|p2a: Gliscor|307\/350 tox|[from] Stealth Rock
|move|p1a: Tyranitar|Superpower|p2a: Gliscor
|-resisted|p2a: Gliscor
|-damage|p2a: Gliscor|203\/350 tox
|-unboost|p1a: Tyranitar|atk|1
|-unboost|p1a: Tyranitar|def|1
|
|-heal|p2a: Gliscor|246\/350 tox|[from] ability: Poison Heal
|turn|7
|c| Bloodz|using shit like zardy
|c| fimbu1vetr|-> sweep
|c| Murkrow Jupiter|then don't man
|
|switch|p1a: Keldeo|Keldeo|323\/323
|-damage|p1a: Keldeo|303\/323|[from] Stealth Rock
|move|p2a: Gliscor|Knock Off|p1a: Keldeo
|-resisted|p1a: Keldeo
|-damage|p1a: Keldeo|267\/323
|-boost|p1a: Keldeo|atk|1|[from] ability: Justified
|-enditem|p1a: Keldeo|Choice Scarf|[from] move: Knock Off|[of] p2a: Gliscor
|
|-heal|p2a: Gliscor|289\/350 tox|[from] ability: Poison Heal
|turn|8
|
|switch|p2a: Slowbro|Slowbro, M|392\/392
|-damage|p2a: Slowbro|343\/392|[from] Stealth Rock
|move|p1a: Keldeo|Scald|p2a: Slowbro
|-resisted|p2a: Slowbro
|-damage|p2a: Slowbro|253\/392
|
|-heal|p2a: Slowbro|277\/392|[from] item: Leftovers
|turn|9
|
|move|p1a: Keldeo|Hidden Power|p2a: Slowbro
|-supereffective|p2a: Slowbro
|-damage|p2a: Slowbro|99\/392
|move|p2a: Slowbro|Psyshock|p1a: Keldeo
|-supereffective|p1a: Keldeo
|-damage|p1a: Keldeo|73\/323
|
|-heal|p2a: Slowbro|123\/392|[from] item: Leftovers
|turn|10
|
|switch|p2a: Quagsire|Quagsire, M|394\/394
|-damage|p2a: Quagsire|370\/394|[from] Stealth Rock
|move|p1a: Keldeo|Scald|p2a: Quagsire
|-crit|p2a: Quagsire
|-damage|p2a: Quagsire|33\/394
|
|-heal|p2a: Quagsire|57\/394|[from] item: Leftovers
|turn|11
|
|move|p1a: Keldeo|Scald|p2a: Quagsire
|-damage|p2a: Quagsire|0 fnt
|faint|p2a: Quagsire
|
|
|switch|p2a: Tyranitar|Tyranitar, M|300\/342
|-damage|p2a: Tyranitar|258\/342|[from] Stealth Rock
|-weather|Sandstorm
|turn|12
|
|move|p2a: Tyranitar|Superpower|p1a: Keldeo
|-damage|p1a: Keldeo|0 fnt
|-unboost|p2a: Tyranitar|atk|1
|-unboost|p2a: Tyranitar|def|1
|faint|p1a: Keldeo
|
|-weather|Sandstorm|[upkeep]
|
|switch|p1a: Excadrill|Excadrill, F|361\/361
|-damage|p1a: Excadrill|350\/361|[from] Stealth Rock
|turn|13
|c| Murkrow Jupiter|how many free pts
|join|WECAMEASROMANS
|
|switch|p2a: Mandibuzz|Mandibuzz, F|420\/420
|-damage|p2a: Mandibuzz|315\/420|[from] Stealth Rock
|move|p1a: Excadrill|Iron Head|p2a: Mandibuzz
|-damage|p2a: Mandibuzz|155\/420
|-damage|p1a: Excadrill|314\/361|[from] item: Life Orb
|
|-weather|Sandstorm|[upkeep]
|-heal|p2a: Mandibuzz|181\/420|[from] item: Leftovers
|turn|14
|c| Murkrow Jupiter|arey ou going to take from dis dude
|c| Murkrow Jupiter|lmao
|
|move|p1a: Excadrill|Rock Slide|p2a: Mandibuzz
|-supereffective|p2a: Mandibuzz
|-damage|p2a: Mandibuzz|0 fnt
|-damage|p1a: Excadrill|278\/361|[from] item: Life Orb
|faint|p2a: Mandibuzz
|
|-weather|Sandstorm|[upkeep]
|c|âOx the Box|imma lose
|
|switch|p2a: Slowbro|Slowbro, M|253\/392
|-damage|p2a: Slowbro|204\/392|[from] Stealth Rock
|turn|15
|c|âOx the Box|so none
|
|switch|p1a: Ferrothorn|Ferrothorn, F|186\/352
|-damage|p1a: Ferrothorn|164\/352|[from] Stealth Rock
|move|p2a: Slowbro|Scald|p1a: Ferrothorn
|-crit|p1a: Ferrothorn
|-resisted|p1a: Ferrothorn
|-damage|p1a: Ferrothorn|109\/352
|
|-weather|Sandstorm|[upkeep]
|-damage|p2a: Slowbro|180\/392|[from] sandstorm
|-heal|p2a: Slowbro|204\/392|[from] item: Leftovers
|-heal|p1a: Ferrothorn|131\/352|[from] item: Leftovers
|turn|16
|c| Murkrow Jupiter|u've already won
|
|move|p2a: Slowbro|Slack Off|p2a: Slowbro
|-heal|p2a: Slowbro|392\/392
|move|p1a: Ferrothorn|Leech Seed|p2a: Slowbro|[miss]
|-miss|p1a: Ferrothorn|p2a: Slowbro
|
|-weather|none
|-heal|p1a: Ferrothorn|153\/352|[from] item: Leftovers
|turn|17
|join|Brodean
|
|move|p2a: Slowbro|Scald|p1a: Ferrothorn
|-resisted|p1a: Ferrothorn
|-damage|p1a: Ferrothorn|117\/352
|move|p1a: Ferrothorn|Leech Seed|p2a: Slowbro
|-start|p2a: Slowbro|move: Leech Seed
|
|-heal|p1a: Ferrothorn|139\/352|[from] item: Leftovers
|-damage|p2a: Slowbro|343\/392|[from] Leech Seed|[of] p1a: Ferrothorn
|-heal|p1a: Ferrothorn|188\/352|[silent]
|turn|18
|
|switch|p2a: Gliscor|Gliscor, M|289\/350 tox
|-damage|p2a: Gliscor|246\/350 tox|[from] Stealth Rock
|move|p1a: Ferrothorn|Leech Seed|p2a: Gliscor
|-start|p2a: Gliscor|move: Leech Seed
|
|-heal|p1a: Ferrothorn|210\/352|[from] item: Leftovers
|-damage|p2a: Gliscor|203\/350 tox|[from] Leech Seed|[of] p1a: Ferrothorn
|-heal|p1a: Ferrothorn|253\/352|[silent]
|-heal|p2a: Gliscor|246\/350 tox|[from] ability: Poison Heal
|turn|19
|
|move|p2a: Gliscor|Knock Off|p1a: Ferrothorn
|-damage|p1a: Ferrothorn|202\/352
|-damage|p2a: Gliscor|203\/350 tox|[from] ability: Iron Barbs|[of] p1a: Ferrothorn
|-enditem|p1a: Ferrothorn|Leftovers|[from] move: Knock Off|[of] p2a: Gliscor
|move|p1a: Ferrothorn|Power Whip|p2a: Gliscor|[miss]
|-miss|p1a: Ferrothorn|p2a: Gliscor
|
|-damage|p2a: Gliscor|160\/350 tox|[from] Leech Seed|[of] p1a: Ferrothorn
|-heal|p1a: Ferrothorn|245\/352|[silent]
|-heal|p2a: Gliscor|203\/350 tox|[from] ability: Poison Heal
|turn|20
|
|switch|p2a: Slowbro|Slowbro, M|392\/392
|-damage|p2a: Slowbro|343\/392|[from] Stealth Rock
|move|p1a: Ferrothorn|Power Whip|p2a: Slowbro
|-supereffective|p2a: Slowbro
|-damage|p2a: Slowbro|163\/392
|
|-heal|p2a: Slowbro|187\/392|[from] item: Leftovers
|turn|21
|c|âOx the Box|lol
|
|move|p2a: Slowbro|Scald|p1a: Ferrothorn
|-resisted|p1a: Ferrothorn
|-damage|p1a: Ferrothorn|209\/352
|-status|p1a: Ferrothorn|brn
|move|p1a: Ferrothorn|Leech Seed|p2a: Slowbro
|-start|p2a: Slowbro|move: Leech Seed
|
|-heal|p2a: Slowbro|211\/392|[from] item: Leftovers
|-damage|p2a: Slowbro|162\/392|[from] Leech Seed|[of] p1a: Ferrothorn
|-heal|p1a: Ferrothorn|258\/352 brn|[silent]
|-damage|p1a: Ferrothorn|214\/352 brn|[from] brn
|turn|22
|c|âOx the Box|stop dude
|
|switch|p1a: Venusaur|Venusaur, M, shiny|319\/319
|-damage|p1a: Venusaur|280\/319|[from] Stealth Rock
|move|p2a: Slowbro|Slack Off|p2a: Slowbro
|-heal|p2a: Slowbro|358\/392
|
|-heal|p2a: Slowbro|382\/392|[from] item: Leftovers
|-damage|p2a: Slowbro|333\/392|[from] Leech Seed|[of] p1a: Venusaur
|-heal|p1a: Venusaur|319\/319|[silent]
|turn|23
|join|IamChow
|
|switch|p1a: Tyranitar|Tyranitar, M|382\/382
|-damage|p1a: Tyranitar|335\/382|[from] Stealth Rock
|-weather|Sandstorm
|switch|p2a: Gliscor|Gliscor, M|203\/350 tox
|-damage|p2a: Gliscor|160\/350 tox|[from] Stealth Rock
|
|-weather|Sandstorm|[upkeep]
|-heal|p2a: Gliscor|203\/350 tox|[from] ability: Poison Heal
|turn|24
|c| Alkov|DC FROM YO INTERNET
|c| Alkov|letsgo
|join|Where dey At doe
|c|âOx the Box|really though I'm going to lose
|
|switch|p1a: Venusaur|Venusaur, M, shiny|319\/319
|-damage|p1a: Venusaur|280\/319|[from] Stealth Rock
|move|p2a: Gliscor|Roost|p2a: Gliscor
|-heal|p2a: Gliscor|350\/350 tox
|
|-weather|Sandstorm|[upkeep]
|-damage|p1a: Venusaur|261\/319|[from] sandstorm
|turn|25
|
|move|p2a: Gliscor|Earthquake|p1a: Venusaur
|-damage|p1a: Venusaur|131\/319
|move|p1a: Venusaur|Giga Drain|p2a: Gliscor
|-damage|p2a: Gliscor|206\/350 tox
|-heal|p1a: Venusaur|203\/319|[from] drain|[of] p2a: Gliscor
|-damage|p1a: Venusaur|172\/319|[from] item: Life Orb
|
|-weather|Sandstorm|[upkeep]
|-damage|p1a: Venusaur|153\/319|[from] sandstorm
|-heal|p2a: Gliscor|249\/350 tox|[from] ability: Poison Heal
|turn|26
|
|switch|p1a: Charizard|Charizard, M, shiny|279\/297
|-damage|p1a: Charizard|131\/297|[from] Stealth Rock
|move|p2a: Gliscor|Knock Off|p1a: Charizard
|-crit|p1a: Charizard
|-damage|p1a: Charizard|42\/297
|
|-weather|Sandstorm|[upkeep]
|-damage|p1a: Charizard|24\/297|[from] sandstorm
|-heal|p2a: Gliscor|292\/350 tox|[from] ability: Poison Heal
|turn|27
|c|âOx the Box|yup
|c|âOx the Box|going to lose
|
|switch|p2a: Chansey|Chansey, F|573\/703
|-damage|p2a: Chansey|486\/703|[from] Stealth Rock
|detailschange|p1a: Charizard|Charizard-Mega-Y, M, shiny
|-mega|p1a: Charizard|Charizard|Charizardite Y
|-weather|SunnyDay
|move|p1a: Charizard|Flamethrower|p2a: Chansey
|-damage|p2a: Chansey|297\/703
|
|-weather|SunnyDay|[upkeep]
|turn|28
|
|switch|p1a: Excadrill|Excadrill, F|278\/361
|-damage|p1a: Excadrill|267\/361|[from] Stealth Rock
|switch|p2a: Tyranitar|Tyranitar, M|258\/342
|-damage|p2a: Tyranitar|216\/342|[from] Stealth Rock
|-weather|Sandstorm
|
|-weather|Sandstorm|[upkeep]
|turn|29
|c| Murkrow Jupiter|perfect
|
|switch|p2a: Gliscor|Gliscor, M|292\/350 tox
|-damage|p2a: Gliscor|249\/350 tox|[from] Stealth Rock
|move|p1a: Excadrill|Rapid Spin|p2a: Gliscor
|-damage|p2a: Gliscor|220\/350 tox
|-sideend|p1: Ox the Box|Stealth Rock|[from] move: Rapid Spin|[of] p1a: Excadrill
|-damage|p1a: Excadrill|231\/361|[from] item: Life Orb
|
|-weather|Sandstorm|[upkeep]
|-heal|p2a: Gliscor|263\/350 tox|[from] ability: Poison Heal
|turn|30
|join|Jathper
|c| Murkrow Jupiter|lmaooooo
|
|move|p1a: Excadrill|Iron Head|p2a: Gliscor
|-damage|p2a: Gliscor|86\/350 tox
|-damage|p1a: Excadrill|195\/361|[from] item: Life Orb
|move|p2a: Gliscor|Earthquake|p1a: Excadrill
|-supereffective|p1a: Excadrill
|-damage|p1a: Excadrill|0 fnt
|faint|p1a: Excadrill
|
|-weather|Sandstorm|[upkeep]
|-heal|p2a: Gliscor|129\/350 tox|[from] ability: Poison Heal
|c| Alkov|where's the SD mang
|c| Legolax909|what is that
|c|âOx the Box|nice flinch
|c| Murkrow Jupiter|zard wins
|c| MTL Manectric|now its a snack rap
|
|switch|p1a: Charizard|Charizard-Mega-Y, M, shiny|24\/297
|-weather|SunnyDay
|turn|31
|c| Alkov|shouldn't had spin
|c| Legolax909|zard
|c| Murkrow Jupiter|he fucking sacked chansey
|c| MTL Manectric|nice and #1 legit
|c| MTL Manectric|unless
|c| MTL Manectric|ttar
|c| Murkrow Jupiter|nice win son
|c| Alkov|you should had SD sweep like a true lord
|c|âOx the Box|I should have iron headed tar
|c| Murkrow Jupiter|gud shit
|c|âOx the Box|nah
|c| MTL Manectric|wurld st4rs u
|c|âOx the Box|just need to predict tar here
|c|âOx the Box|or roost
|c|âOx the Box|or kill this
|c|âOx the Box|IDK
|c| fimbu1vetr|use FT imo
|c|âOx the Box|its tough man
|c| Murkrow Jupiter|bro unless you really fuck up like an autistic person you're number one
|c| Murkrow Jupiter|legit
|c| MTL Manectric|when in doubt
|c| MTL Manectric|ttar
|
|switch|p2a: Tyranitar|Tyranitar, M|216\/342
|-damage|p2a: Tyranitar|174\/342|[from] Stealth Rock
|-weather|Sandstorm
|move|p1a: Charizard|Flamethrower|p2a: Tyranitar
|-resisted|p2a: Tyranitar
|-damage|p2a: Tyranitar|108\/342
|
|-weather|Sandstorm|[upkeep]
|-damage|p1a: Charizard|6\/297|[from] sandstorm
|turn|32
|
|move|p2a: Tyranitar|Pursuit|p1a: Charizard
|-damage|p1a: Charizard|0 fnt
|faint|p1a: Charizard
|
|-weather|Sandstorm|[upkeep]
|c| MTL Manectric|bruh
|c| fimbu1vetr|=(
|c| Alkov|LOSE
|c| MTL Manectric|what i say
|join|Gunshlinger
|
|switch|p1a: Tyranitar|Tyranitar, M|335\/382
|turn|33
|c| Murkrow Jupiter|ur ttar wins
|join|hax me and die.
|c|âOx the Box|gliscor wins?
|c| MTL Manectric|mhm
|
|switch|p2a: Slowbro|Slowbro, M|392\/392
|-damage|p2a: Slowbro|343\/392|[from] Stealth Rock
|move|p1a: Tyranitar|Crunch|p2a: Slowbro
|-supereffective|p2a: Slowbro
|-damage|p2a: Slowbro|0 fnt
|faint|p2a: Slowbro
|
|-weather|Sandstorm|[upkeep]
|c| MTL Manectric|ttard
|
|switch|p2a: Tyranitar|Tyranitar, M|108\/342
|-damage|p2a: Tyranitar|66\/342|[from] Stealth Rock
|turn|34
|c| Bloodz|gawn
|c| Murkrow Jupiter|naw
|c| MTL Manectric|swith
|c| hax me and die.|spower
|c| hax me and die.|incoming
|
|switch|p2a: Gliscor|Gliscor, M|129\/350 tox
|-damage|p2a: Gliscor|86\/350 tox|[from] Stealth Rock
|switch|p1a: Ferrothorn|Ferrothorn, F|214\/352 brn
|
|-weather|Sandstorm|[upkeep]
|-heal|p2a: Gliscor|129\/350 tox|[from] ability: Poison Heal
|-damage|p1a: Ferrothorn|170\/352 brn|[from] brn
|turn|35
|c| Alkov|he'll crunch
|c| Alkov|that venu
|join|Shadymon
|c| MTL Manectric|aww shiet
|
|move|p2a: Gliscor|Roost|p2a: Gliscor
|-heal|p2a: Gliscor|304\/350 tox
|move|p1a: Ferrothorn|Leech Seed|p2a: Gliscor
|-start|p2a: Gliscor|move: Leech Seed
|
|-weather|none
|-damage|p2a: Gliscor|261\/350 tox|[from] Leech Seed|[of] p1a: Ferrothorn
|-heal|p1a: Ferrothorn|213\/352 brn|[silent]
|-heal|p2a: Gliscor|304\/350 tox|[from] ability: Poison Heal
|-damage|p1a: Ferrothorn|169\/352 brn|[from] brn
|turn|36
|c| Murkrow Jupiter|oh shit
|join|gizmo
|
|move|p2a: Gliscor|Taunt|p1a: Ferrothorn
|-start|p1a: Ferrothorn|move: Taunt
|move|p1a: Ferrothorn|Power Whip|p2a: Gliscor
|-damage|p2a: Gliscor|253\/350 tox
|
|-damage|p2a: Gliscor|210\/350 tox|[from] Leech Seed|[of] p1a: Ferrothorn
|-heal|p1a: Ferrothorn|212\/352 brn|[silent]
|-heal|p2a: Gliscor|253\/350 tox|[from] ability: Poison Heal
|-damage|p1a: Ferrothorn|168\/352 brn|[from] brn
|turn|37
|c| Murkrow Jupiter|whyyyyyyyyyyy
|leave|Shadymon
|c| MTL Manectric|he lcutched his balls and squeezed
|c|âOx the Box|the burn is killing me
|c| WECAMEASROMANS|GO OX IM YOUR BIGGEST FAN
|c| WECAMEASROMANS|THE LADDER GOD
|c| gizmo|[02:05:08] +Ox the Box: ez win
|
|switch|p2a: Chansey|Chansey, F|297\/703
|-damage|p2a: Chansey|210\/703|[from] Stealth Rock
|move|p1a: Ferrothorn|Power Whip|p2a: Chansey
|-damage|p2a: Chansey|125\/703
|
|-damage|p1a: Ferrothorn|124\/352 brn|[from] brn
|turn|38
|c| Alkov|!!!
|c| gizmo|.[02:05:08] +Ox the Box: ez win
|c| Murkrow Jupiter|omg
|
|switch|p1a: Tyranitar|Tyranitar, M|335\/382
|-weather|Sandstorm
|move|p2a: Chansey|Soft-Boiled|p2a: Chansey
|-heal|p2a: Chansey|477\/703
|
|-weather|Sandstorm|[upkeep]
|-damage|p2a: Chansey|434\/703|[from] sandstorm
|turn|39
|c| MTL Manectric|noice
|
|move|p1a: Tyranitar|Superpower|p2a: Chansey
|-supereffective|p2a: Chansey
|-damage|p2a: Chansey|0 fnt
|-unboost|p1a: Tyranitar|atk|1
|-unboost|p1a: Tyranitar|def|1
|faint|p2a: Chansey
|
|-weather|Sandstorm|[upkeep]
|c| Alkov|WHY NOT VENU SINCE YOU CAN OUTSTALL A SEEDED GLiSCOR
|
|switch|p2a: Gliscor|Gliscor, M|253\/350 tox
|-damage|p2a: Gliscor|210\/350 tox|[from] Stealth Rock
|turn|40
|c| MTL Manectric|nuuu
|c| Murkrow Jupiter|bop
|
|switch|p1a: Ferrothorn|Ferrothorn, F|124\/352 brn
|move|p2a: Gliscor|Earthquake|p1a: Ferrothorn
|-damage|p1a: Ferrothorn|54\/352 brn
|
|-weather|Sandstorm|[upkeep]
|-heal|p2a: Gliscor|253\/350 tox|[from] ability: Poison Heal
|-damage|p1a: Ferrothorn|10\/352 brn|[from] brn
|turn|41
|c| MTL Manectric|chrunce
|c|âOx the Box|yeah I lose
|c| MTL Manectric|was the play
|c| Alkov|wtf mang
|
|move|p2a: Gliscor|Earthquake|p1a: Ferrothorn
|-crit|p1a: Ferrothorn
|-damage|p1a: Ferrothorn|0 fnt
|faint|p1a: Ferrothorn
|
|-weather|Sandstorm|[upkeep]
|-heal|p2a: Gliscor|296\/350 tox|[from] ability: Poison Heal
|
|switch|p1a: Tyranitar|Tyranitar, M|335\/382
|turn|42
|c| Bloodz|you need ferro
|c| Bloodz|ox
|c| Bloodz|;~;
|join|Fedayi
|c| Alkov|you can just use venu to outstall gliscor
|
|move|p2a: Gliscor|Earthquake|p1a: Tyranitar
|-supereffective|p1a: Tyranitar
|-damage|p1a: Tyranitar|117\/382
|move|p1a: Tyranitar|Crunch|p2a: Gliscor
|-damage|p2a: Gliscor|110\/350 tox
|
|-weather|none
|-heal|p2a: Gliscor|153\/350 tox|[from] ability: Poison Heal
|turn|43
|c| Alkov|when it was seeded
|
|move|p2a: Gliscor|Earthquake|p1a: Tyranitar
|-supereffective|p1a: Tyranitar
|-damage|p1a: Tyranitar|0 fnt
|faint|p1a: Tyranitar
|
|-heal|p2a: Gliscor|196\/350 tox|[from] ability: Poison Heal
|c| Alkov|choke\/10
|
|switch|p1a: Venusaur|Venusaur, M, shiny|153\/319
|turn|44
|c| WECAMEASROMANS|LOOOOOOOOOOOOOOOOL OX U SUK
|c| hax me and die.|i wouldve brought in venu then ttar
|c|âOx the Box|I didn't choke
|join|UrsaReign
|
|move|p2a: Gliscor|Earthquake|p1a: Venusaur
|-damage|p1a: Venusaur|21\/319
|move|p1a: Venusaur|Giga Drain|p2a: Gliscor
|-damage|p2a: Gliscor|58\/350 tox
|-heal|p1a: Venusaur|90\/319|[from] drain|[of] p2a: Gliscor
|-damage|p1a: Venusaur|59\/319|[from] item: Life Orb
|
|-heal|p2a: Gliscor|101\/350 tox|[from] ability: Poison Heal
|turn|45
|
|move|p2a: Gliscor|Earthquake|p1a: Venusaur
|-damage|p1a: Venusaur|0 fnt
|faint|p1a: Venusaur
|
|win|don't use mega
|raw|Ladder updating...
|leave|Ox the Box
|player|p1
|c| Alkov|venu wins gliscor aft it was seeded
|raw|Ox the Box's rating: 1874 &rarr; <strong>1848<\/strong><br \/>(-26 for losing)
|raw|don&apos;t use mega's rating: 1770 &rarr; <strong>1796<\/strong><br \/>(+26 for winning)
|c| Alkov|cus he have to roost
|c| MTL Manectric|ouchie
|leave|hax me and die.
|leave|gizmo
|leave|WECAMEASROMANS
|leave|Gunshlinger
|join|innovamania
|c| MTL Manectric|all those points
|leave|Mega Magic Bounce
|leave|Bloodz
|leave|Murkrow Jupiter
|leave|UrsaReign
|leave|fimbu1vetr
|leave|Jathper
|leave|innovamania
|leave|MTL Manectric
|leave|Legolax909
|leave|Alkov
|leave|IamChow
|join|Legolax909
|join|Ox the Box
|join|UrsaReign
|leave|UrsaReign
|join|Alkov
|join|MTL Manectric
|join|UrsaReign
|leave|UrsaReign
|leave|Legolax909
|c| MTL Manectric|lol
|leave|Ox the Box
|leave|MTL Manectric
|join|Legolax909
|join|Omegasization
|leave|Legolax909
|leave|Omegasization
|join|Omegasization