|join|don't use mega
|join|lil manaphy
|player|p1|don't use mega|101
|player|p2|lil manaphy|272
|gametype|singles
|gen|6
|tier|OU
|rated
|clearpoke
|poke|p1|Quagsire, M
|poke|p1|Gliscor, F
|poke|p1|Tyranitar, M
|poke|p1|Amoonguss, M
|poke|p1|Slowbro, F
|poke|p1|Chansey, F
|poke|p2|Lopunny, M
|poke|p2|Manaphy
|poke|p2|Scizor, F
|poke|p2|Celebi
|poke|p2|Heatran, F
|poke|p2|Mandibuzz, F
|rule|Swagger Clause: Swagger is banned
|rule|Baton Pass Clause: Limit one PokÃ©mon knowing Baton Pass
|rule|Sleep Clause Mod: Limit one foe put to sleep
|rule|Species Clause: Limit one of each PokÃ©mon
|rule|OHKO Clause: OHKO moves are banned
|rule|Moody Clause: Moody is banned
|rule|Evasion Moves Clause: Evasion moves are banned
|rule|Endless Battle Clause: Forcing endless battles is banned
|rule|HP Percentage Mod: HP is shown in percentages
|teampreview
|join|regular joe
|c| regular joe|teh rematch
|
|start
|switch|p1a: Amoonguss|Amoonguss, M|430\/430
|switch|p2a: bean curd puff|Heatran, F|386\/386
|turn|1
|c|âlil manaphy|all mexicans play is stall this is a fact
|c|âlil manaphy|im making it a new stereotype
|
|move|p2a: bean curd puff|Stealth Rock|p1a: Amoonguss
|-sidestart|p1: don't use mega|move: Stealth Rock
|move|p1a: Amoonguss|Spore|p2a: bean curd puff
|-status|p2a: bean curd puff|slp
|
|turn|2
|
|switch|p1a: Gliscor|Gliscor, F|350\/350
|-damage|p1a: Gliscor|307\/350|[from] Stealth Rock
|cant|p2a: bean curd puff|slp
|
|-status|p1a: Gliscor|tox|[from] item: Toxic Orb
|turn|3
|
|switch|p2a: im walling everyth|Mandibuzz, F|423\/423
|move|p1a: Gliscor|Knock Off|p2a: im walling everyth
|-resisted|p2a: im walling everyth
|-damage|p2a: im walling everyth|399\/423
|-damage|p1a: Gliscor|249\/350 tox|[from] item: Rocky Helmet|[of] p2a: im walling everyth
|-enditem|p2a: im walling everyth|Rocky Helmet|[from] move: Knock Off|[of] p1a: Gliscor
|
|-heal|p1a: Gliscor|292\/350 tox|[from] ability: Poison Heal
|turn|4
|
|move|p1a: Gliscor|Knock Off|p2a: im walling everyth
|-resisted|p2a: im walling everyth
|-damage|p2a: im walling everyth|382\/423
|move|p2a: im walling everyth|Foul Play|p1a: Gliscor
|-damage|p1a: Gliscor|198\/350 tox
|
|-heal|p1a: Gliscor|241\/350 tox|[from] ability: Poison Heal
|turn|5
|
|move|p1a: Gliscor|Taunt|p2a: im walling everyth
|-start|p2a: im walling everyth|move: Taunt
|move|p2a: im walling everyth|Foul Play|p1a: Gliscor
|-damage|p1a: Gliscor|150\/350 tox
|
|-heal|p1a: Gliscor|193\/350 tox|[from] ability: Poison Heal
|turn|6
|
|move|p1a: Gliscor|Knock Off|p2a: im walling everyth
|-resisted|p2a: im walling everyth
|-damage|p2a: im walling everyth|364\/423
|move|p2a: im walling everyth|Foul Play|p1a: Gliscor
|-damage|p1a: Gliscor|105\/350 tox
|
|-heal|p1a: Gliscor|148\/350 tox|[from] ability: Poison Heal
|turn|7
|
|switch|p2a: business|Scizor, F|343\/343
|move|p1a: Gliscor|Roost|p1a: Gliscor
|-heal|p1a: Gliscor|323\/350 tox
|
|-heal|p1a: Gliscor|350\/350 tox|[from] ability: Poison Heal
|turn|8
|
|move|p1a: Gliscor|Knock Off|p2a: business
|-damage|p2a: business|264\/343
|-enditem|p2a: business|Choice Band|[from] move: Knock Off|[of] p1a: Gliscor
|move|p2a: business|U-turn|p1a: Gliscor
|-resisted|p1a: Gliscor
|-damage|p1a: Gliscor|293\/350 tox
|c| regular joe|does it annoy you to play enemy stall :P
|
|switch|p2a: Couture|Lopunny, M|271\/271
|
|-heal|p1a: Gliscor|336\/350 tox|[from] ability: Poison Heal
|turn|9
|c|âlil manaphy|no
|
|detailschange|p2a: Couture|Lopunny-Mega, M
|-mega|p2a: Couture|Lopunny|Lopunnite
|move|p2a: Couture|Power-Up Punch|p1a: Gliscor
|-resisted|p1a: Gliscor
|-damage|p1a: Gliscor|303\/350 tox
|-boost|p2a: Couture|atk|1
|move|p1a: Gliscor|Earthquake|p2a: Couture
|-damage|p2a: Couture|157\/271
|
|-heal|p1a: Gliscor|346\/350 tox|[from] ability: Poison Heal
|turn|10
|join|Alldaalts
|
|switch|p1a: Quagsire|Quagsire, M|394\/394
|-damage|p1a: Quagsire|370\/394|[from] Stealth Rock
|move|p2a: Couture|Return|p1a: Quagsire
|-damage|p1a: Quagsire|210\/394
|
|-heal|p1a: Quagsire|234\/394|[from] item: Leftovers
|turn|11
|join|Pure Demize
|
|move|p2a: Couture|Drain Punch|p1a: Quagsire
|-damage|p1a: Quagsire|129\/394
|-heal|p2a: Couture|210\/271|[from] drain|[of] p1a: Quagsire
|move|p1a: Quagsire|Recover|p1a: Quagsire
|-heal|p1a: Quagsire|326\/394
|
|-heal|p1a: Quagsire|350\/394|[from] item: Leftovers
|turn|12
|
|switch|p2a: still bigger than|Manaphy|341\/341
|move|p1a: Quagsire|Toxic|p2a: still bigger than
|-status|p2a: still bigger than|tox
|
|-heal|p1a: Quagsire|374\/394|[from] item: Leftovers
|-damage|p2a: still bigger than|320\/341 tox|[from] psn
|turn|13
|
|switch|p1a: Slowbro|Slowbro, F|393\/393
|-damage|p1a: Slowbro|344\/393|[from] Stealth Rock
|move|p2a: still bigger than|Rain Dance|p2a: still bigger than
|-weather|RainDance
|
|-weather|RainDance|[upkeep]
|-curestatus|p2a: still bigger than|tox
|-heal|p2a: still bigger than|341\/341|[from] item: Leftovers
|turn|14
|
|switch|p2a: bean curd puff|Heatran, F|386\/386 slp
|move|p1a: Slowbro|Scald|p2a: bean curd puff
|-supereffective|p2a: bean curd puff
|-damage|p2a: bean curd puff|200\/386 slp
|
|-weather|RainDance|[upkeep]
|-heal|p2a: bean curd puff|224\/386 slp|[from] item: Leftovers
|turn|15
|
|switch|p2a: still bigger than|Manaphy|341\/341
|move|p1a: Slowbro|Scald|p2a: still bigger than
|-resisted|p2a: still bigger than
|-damage|p2a: still bigger than|265\/341
|
|-weather|RainDance|[upkeep]
|-heal|p2a: still bigger than|286\/341|[from] item: Leftovers
|turn|16
|
|switch|p2a: just my onion|Celebi|404\/404
|move|p1a: Slowbro|Scald|p2a: just my onion
|-resisted|p2a: just my onion
|-damage|p2a: just my onion|356\/404
|
|-weather|RainDance|[upkeep]
|-heal|p2a: just my onion|381\/404|[from] item: Leftovers
|turn|17
|
|move|p2a: just my onion|Giga Drain|p1a: Slowbro
|-crit|p1a: Slowbro
|-supereffective|p1a: Slowbro
|-damage|p1a: Slowbro|54\/393
|-heal|p2a: just my onion|404\/404|[from] drain|[of] p1a: Slowbro
|move|p1a: Slowbro|Scald|p2a: just my onion
|-resisted|p2a: just my onion
|-damage|p2a: just my onion|351\/404
|
|-weather|none
|-heal|p2a: just my onion|376\/404|[from] item: Leftovers
|turn|18
|c| regular joe|this is a solid ass team
|
|switch|p1a: Chansey|Chansey, F|670\/670
|-damage|p1a: Chansey|587\/670|[from] Stealth Rock
|move|p2a: just my onion|Baton Pass|p2a: just my onion
|c| regular joe|that megas running
|
|switch|p2a: business|Scizor, F|264\/343
|
|turn|19
|
|move|p2a: business|Superpower|p1a: Chansey
|-supereffective|p1a: Chansey
|-damage|p1a: Chansey|197\/670
|-unboost|p2a: business|atk|1
|-unboost|p2a: business|def|1
|move|p1a: Chansey|Stealth Rock|p2a: business
|-sidestart|p2: lil manaphy|move: Stealth Rock
|
|turn|20
|c|âlil manaphy|HA
|
|switch|p1a: Gliscor|Gliscor, F|346\/350 tox
|-damage|p1a: Gliscor|303\/350 tox|[from] Stealth Rock
|move|p2a: business|Superpower|p1a: Gliscor
|-resisted|p1a: Gliscor
|-damage|p1a: Gliscor|263\/350 tox
|-unboost|p2a: business|atk|1
|-unboost|p2a: business|def|1
|
|-heal|p1a: Gliscor|306\/350 tox|[from] ability: Poison Heal
|turn|21
|
|move|p1a: Gliscor|Knock Off|p2a: business
|-damage|p2a: business|173\/343
|move|p2a: business|Pursuit|p1a: Gliscor
|-damage|p1a: Gliscor|275\/350 tox
|
|-heal|p1a: Gliscor|318\/350 tox|[from] ability: Poison Heal
|turn|22
|
|move|p1a: Gliscor|Earthquake|p2a: business
|-damage|p2a: business|0 fnt
|faint|p2a: business
|
|-heal|p1a: Gliscor|350\/350 tox|[from] ability: Poison Heal
|
|switch|p2a: still bigger than|Manaphy|286\/341
|-damage|p2a: still bigger than|244\/341|[from] Stealth Rock
|turn|23
|
|move|p2a: still bigger than|Tail Glow|p2a: still bigger than
|-boost|p2a: still bigger than|spa|3
|move|p1a: Gliscor|Knock Off|p2a: still bigger than
|-damage|p2a: still bigger than|165\/341
|-enditem|p2a: still bigger than|Leftovers|[from] move: Knock Off|[of] p1a: Gliscor
|
|turn|24
|
|switch|p1a: Chansey|Chansey, F|197\/670
|-damage|p1a: Chansey|114\/670|[from] Stealth Rock
|move|p2a: still bigger than|Scald|p1a: Chansey
|-damage|p1a: Chansey|0 fnt
|faint|p1a: Chansey
|
|
|switch|p1a: Tyranitar|Tyranitar, M|342\/342
|-damage|p1a: Tyranitar|300\/342|[from] Stealth Rock
|-weather|Sandstorm
|turn|25
|
|move|p1a: Tyranitar|Crunch|p2a: still bigger than
|-damage|p2a: still bigger than|9\/341
|move|p2a: still bigger than|Scald|p1a: Tyranitar
|-supereffective|p1a: Tyranitar
|-damage|p1a: Tyranitar|0 fnt
|faint|p1a: Tyranitar
|
|-weather|Sandstorm|[upkeep]
|-damage|p2a: still bigger than|0 fnt|[from] sandstorm
|faint|p2a: still bigger than
|join|genius lk
|
|switch|p2a: Couture|Lopunny-Mega, M|210\/271
|switch|p1a: Amoonguss|Amoonguss, M|430\/430
|-damage|p2a: Couture|194\/271|[from] Stealth Rock
|-damage|p1a: Amoonguss|377\/430|[from] Stealth Rock
|turn|26
|
|move|p2a: Couture|Power-Up Punch|p1a: Amoonguss
|-resisted|p1a: Amoonguss
|-damage|p1a: Amoonguss|341\/430
|-boost|p2a: Couture|atk|1
|move|p1a: Amoonguss|Foul Play|p2a: Couture
|-resisted|p2a: Couture
|-damage|p2a: Couture|100\/271
|
|-weather|Sandstorm|[upkeep]
|-damage|p2a: Couture|84\/271|[from] sandstorm
|-damage|p1a: Amoonguss|315\/430|[from] sandstorm
|-heal|p1a: Amoonguss|341\/430|[from] item: Black Sludge
|turn|27
|
|switch|p1a: Quagsire|Quagsire, M|374\/394
|-damage|p1a: Quagsire|350\/394|[from] Stealth Rock
|move|p2a: Couture|Return|p1a: Quagsire
|-damage|p1a: Quagsire|200\/394
|
|-weather|Sandstorm|[upkeep]
|-damage|p2a: Couture|68\/271|[from] sandstorm
|-heal|p1a: Quagsire|224\/394|[from] item: Leftovers
|turn|28
|
|move|p2a: Couture|Return|p1a: Quagsire
|-damage|p1a: Quagsire|70\/394
|move|p1a: Quagsire|Recover|p1a: Quagsire
|-heal|p1a: Quagsire|267\/394
|
|-weather|Sandstorm|[upkeep]
|-damage|p2a: Couture|52\/271|[from] sandstorm
|-heal|p1a: Quagsire|291\/394|[from] item: Leftovers
|turn|29
|
|move|p2a: Couture|Return|p1a: Quagsire
|-damage|p1a: Quagsire|135\/394
|move|p1a: Quagsire|Recover|p1a: Quagsire
|-heal|p1a: Quagsire|332\/394
|
|-weather|none
|-heal|p1a: Quagsire|356\/394|[from] item: Leftovers
|turn|30
|
|switch|p2a: just my onion|Celebi|376\/404
|-damage|p2a: just my onion|326\/404|[from] Stealth Rock
|move|p1a: Quagsire|Earthquake|p2a: just my onion
|-resisted|p2a: just my onion
|-damage|p2a: just my onion|278\/404
|
|-heal|p2a: just my onion|303\/404|[from] item: Leftovers
|-heal|p1a: Quagsire|380\/394|[from] item: Leftovers
|turn|31
|
|switch|p1a: Gliscor|Gliscor, F|350\/350 tox
|-damage|p1a: Gliscor|307\/350 tox|[from] Stealth Rock
|move|p2a: just my onion|Giga Drain|p1a: Gliscor
|-damage|p1a: Gliscor|225\/350 tox
|-heal|p2a: just my onion|344\/404|[from] drain|[of] p1a: Gliscor
|
|-heal|p2a: just my onion|369\/404|[from] item: Leftovers
|-heal|p1a: Gliscor|268\/350 tox|[from] ability: Poison Heal
|turn|32
|
|move|p1a: Gliscor|Knock Off|p2a: just my onion
|-supereffective|p2a: just my onion
|-damage|p2a: just my onion|221\/404
|-enditem|p2a: just my onion|Leftovers|[from] move: Knock Off|[of] p1a: Gliscor
|move|p2a: just my onion|Giga Drain|p1a: Gliscor
|-crit|p1a: Gliscor
|-damage|p1a: Gliscor|139\/350 tox
|-heal|p2a: just my onion|286\/404|[from] drain|[of] p1a: Gliscor
|
|-heal|p1a: Gliscor|182\/350 tox|[from] ability: Poison Heal
|turn|33
|
|move|p1a: Gliscor|Taunt|p2a: just my onion
|-start|p2a: just my onion|move: Taunt
|move|p2a: just my onion|Giga Drain|p1a: Gliscor
|-damage|p1a: Gliscor|97\/350 tox
|-heal|p2a: just my onion|329\/404|[from] drain|[of] p1a: Gliscor
|
|-heal|p1a: Gliscor|140\/350 tox|[from] ability: Poison Heal
|turn|34
|
|move|p1a: Gliscor|Roost|p1a: Gliscor
|-heal|p1a: Gliscor|315\/350 tox
|move|p2a: just my onion|Giga Drain|p1a: Gliscor
|-supereffective|p1a: Gliscor
|-damage|p1a: Gliscor|153\/350 tox
|-heal|p2a: just my onion|404\/404|[from] drain|[of] p1a: Gliscor
|
|-heal|p1a: Gliscor|196\/350 tox|[from] ability: Poison Heal
|turn|35
|
|move|p1a: Gliscor|Knock Off|p2a: just my onion
|-supereffective|p2a: just my onion
|-damage|p2a: just my onion|310\/404
|move|p2a: just my onion|Giga Drain|p1a: Gliscor
|-damage|p1a: Gliscor|117\/350 tox
|-heal|p2a: just my onion|350\/404|[from] drain|[of] p1a: Gliscor
|
|-heal|p1a: Gliscor|160\/350 tox|[from] ability: Poison Heal
|-end|p2a: just my onion|move: Taunt
|turn|36
|
|move|p1a: Gliscor|Roost|p1a: Gliscor
|-heal|p1a: Gliscor|335\/350 tox
|move|p2a: just my onion|Giga Drain|p1a: Gliscor
|-supereffective|p1a: Gliscor
|-damage|p1a: Gliscor|161\/350 tox
|-heal|p2a: just my onion|404\/404|[from] drain|[of] p1a: Gliscor
|
|-heal|p1a: Gliscor|204\/350 tox|[from] ability: Poison Heal
|turn|37
|
|switch|p1a: Amoonguss|Amoonguss, M|430\/430
|-damage|p1a: Amoonguss|377\/430|[from] Stealth Rock
|move|p2a: just my onion|Giga Drain|p1a: Amoonguss
|-resisted|p1a: Amoonguss
|-damage|p1a: Amoonguss|350\/430
|
|-heal|p1a: Amoonguss|376\/430|[from] item: Black Sludge
|turn|38
|
|move|p2a: just my onion|Baton Pass|p2a: just my onion
|
|switch|p2a: im walling everyth|Mandibuzz, F|364\/423
|-damage|p2a: im walling everyth|259\/423|[from] Stealth Rock
|move|p1a: Amoonguss|Foul Play|p2a: im walling everyth
|-resisted|p2a: im walling everyth
|-damage|p2a: im walling everyth|243\/423
|
|-heal|p1a: Amoonguss|402\/430|[from] item: Black Sludge
|turn|39
|
|switch|p1a: Gliscor|Gliscor, F|204\/350 tox
|-damage|p1a: Gliscor|161\/350 tox|[from] Stealth Rock
|move|p2a: im walling everyth|Defog|p1a: Gliscor
|-unboost|p1a: Gliscor|evasion|1
|-sideend|p1: don't use mega|Stealth Rock|[from] move: Defog|[of] p1a: Gliscor
|-sideend|p2: lil manaphy|Stealth Rock|[from] move: Defog|[of] p2a: im walling everyth
|
|-heal|p1a: Gliscor|204\/350 tox|[from] ability: Poison Heal
|turn|40
|
|move|p1a: Gliscor|Taunt|p2a: im walling everyth
|-start|p2a: im walling everyth|move: Taunt
|move|p2a: im walling everyth|Foul Play|p1a: Gliscor
|-damage|p1a: Gliscor|116\/350 tox
|
|-heal|p1a: Gliscor|159\/350 tox|[from] ability: Poison Heal
|turn|41
|
|move|p1a: Gliscor|Knock Off|p2a: im walling everyth
|-resisted|p2a: im walling everyth
|-damage|p2a: im walling everyth|227\/423
|move|p2a: im walling everyth|Foul Play|p1a: Gliscor
|-damage|p1a: Gliscor|62\/350 tox
|
|-heal|p1a: Gliscor|105\/350 tox|[from] ability: Poison Heal
|turn|42
|
|move|p1a: Gliscor|Knock Off|p2a: im walling everyth
|-resisted|p2a: im walling everyth
|-damage|p2a: im walling everyth|211\/423
|move|p2a: im walling everyth|Foul Play|p1a: Gliscor
|-damage|p1a: Gliscor|14\/350 tox
|
|-heal|p1a: Gliscor|57\/350 tox|[from] ability: Poison Heal
|-end|p2a: im walling everyth|move: Taunt
|turn|43
|
|move|p1a: Gliscor|Roost|p1a: Gliscor
|-heal|p1a: Gliscor|232\/350 tox
|move|p2a: im walling everyth|Foul Play|p1a: Gliscor
|-damage|p1a: Gliscor|147\/350 tox
|
|-heal|p1a: Gliscor|190\/350 tox|[from] ability: Poison Heal
|turn|44
|
|move|p1a: Gliscor|Knock Off|p2a: im walling everyth
|-resisted|p2a: im walling everyth
|-damage|p2a: im walling everyth|194\/423
|move|p2a: im walling everyth|Foul Play|p1a: Gliscor
|-damage|p1a: Gliscor|93\/350 tox
|
|-heal|p1a: Gliscor|136\/350 tox|[from] ability: Poison Heal
|turn|45
|
|move|p1a: Gliscor|Taunt|p2a: im walling everyth
|-start|p2a: im walling everyth|move: Taunt
|move|p2a: im walling everyth|Foul Play|p1a: Gliscor
|-damage|p1a: Gliscor|42\/350 tox
|
|-heal|p1a: Gliscor|85\/350 tox|[from] ability: Poison Heal
|turn|46
|
|move|p1a: Gliscor|Roost|p1a: Gliscor
|-heal|p1a: Gliscor|260\/350 tox
|move|p2a: im walling everyth|Foul Play|p1a: Gliscor
|-damage|p1a: Gliscor|166\/350 tox
|
|-heal|p1a: Gliscor|209\/350 tox|[from] ability: Poison Heal
|turn|47
|
|move|p1a: Gliscor|Knock Off|p2a: im walling everyth
|-resisted|p2a: im walling everyth
|-damage|p2a: im walling everyth|178\/423
|move|p2a: im walling everyth|Foul Play|p1a: Gliscor
|-damage|p1a: Gliscor|118\/350 tox
|
|-heal|p1a: Gliscor|161\/350 tox|[from] ability: Poison Heal
|-end|p2a: im walling everyth|move: Taunt
|turn|48
|
|move|p1a: Gliscor|Taunt|p2a: im walling everyth
|-start|p2a: im walling everyth|move: Taunt
|move|p2a: im walling everyth|Foul Play|p1a: Gliscor
|-damage|p1a: Gliscor|68\/350 tox
|
|-heal|p1a: Gliscor|111\/350 tox|[from] ability: Poison Heal
|turn|49
|
|move|p1a: Gliscor|Roost|p1a: Gliscor
|-heal|p1a: Gliscor|286\/350 tox
|move|p2a: im walling everyth|Foul Play|p1a: Gliscor
|-damage|p1a: Gliscor|192\/350 tox
|
|-heal|p1a: Gliscor|235\/350 tox|[from] ability: Poison Heal
|turn|50
|join|yujtdydct
|
|move|p1a: Gliscor|Knock Off|p2a: im walling everyth
|-resisted|p2a: im walling everyth
|-damage|p2a: im walling everyth|162\/423
|move|p2a: im walling everyth|Foul Play|p1a: Gliscor
|-damage|p1a: Gliscor|150\/350 tox
|
|-heal|p1a: Gliscor|193\/350 tox|[from] ability: Poison Heal
|-end|p2a: im walling everyth|move: Taunt
|turn|51
|
|move|p1a: Gliscor|Knock Off|p2a: im walling everyth
|-resisted|p2a: im walling everyth
|-damage|p2a: im walling everyth|146\/423
|move|p2a: im walling everyth|Foul Play|p1a: Gliscor
|-crit|p1a: Gliscor
|-damage|p1a: Gliscor|66\/350 tox
|
|-heal|p1a: Gliscor|109\/350 tox|[from] ability: Poison Heal
|turn|52
|
|move|p1a: Gliscor|Taunt|p2a: im walling everyth
|-start|p2a: im walling everyth|move: Taunt
|move|p2a: im walling everyth|Foul Play|p1a: Gliscor
|-damage|p1a: Gliscor|12\/350 tox
|
|-heal|p1a: Gliscor|55\/350 tox|[from] ability: Poison Heal
|turn|53
|
|move|p1a: Gliscor|Roost|p1a: Gliscor
|-heal|p1a: Gliscor|230\/350 tox
|move|p2a: im walling everyth|Foul Play|p1a: Gliscor
|-damage|p1a: Gliscor|143\/350 tox
|
|-heal|p1a: Gliscor|186\/350 tox|[from] ability: Poison Heal
|turn|54
|
|move|p1a: Gliscor|Knock Off|p2a: im walling everyth
|-resisted|p2a: im walling everyth
|-damage|p2a: im walling everyth|129\/423
|move|p2a: im walling everyth|Foul Play|p1a: Gliscor
|-damage|p1a: Gliscor|93\/350 tox
|
|-heal|p1a: Gliscor|136\/350 tox|[from] ability: Poison Heal
|-end|p2a: im walling everyth|move: Taunt
|turn|55
|
|move|p1a: Gliscor|Taunt|p2a: im walling everyth
|-start|p2a: im walling everyth|move: Taunt
|move|p2a: im walling everyth|Foul Play|p1a: Gliscor
|-damage|p1a: Gliscor|51\/350 tox
|
|-heal|p1a: Gliscor|94\/350 tox|[from] ability: Poison Heal
|turn|56
|
|move|p1a: Gliscor|Roost|p1a: Gliscor
|-heal|p1a: Gliscor|269\/350 tox
|move|p2a: im walling everyth|Foul Play|p1a: Gliscor
|-damage|p1a: Gliscor|185\/350 tox
|
|-heal|p1a: Gliscor|228\/350 tox|[from] ability: Poison Heal
|turn|57
|
|switch|p1a: Quagsire|Quagsire, M|380\/394
|move|p2a: im walling everyth|Foul Play|p1a: Quagsire
|-damage|p1a: Quagsire|299\/394
|
|-heal|p1a: Quagsire|323\/394|[from] item: Leftovers
|-end|p2a: im walling everyth|move: Taunt
|turn|58
|
|move|p2a: im walling everyth|Taunt|p1a: Quagsire
|-start|p1a: Quagsire|move: Taunt
|cant|p1a: Quagsire|move: Taunt|Toxic
|
|-heal|p1a: Quagsire|347\/394|[from] item: Leftovers
|turn|59
|
|move|p2a: im walling everyth|Roost|p2a: im walling everyth
|-heal|p2a: im walling everyth|341\/423
|move|p1a: Quagsire|Scald|p2a: im walling everyth
|-damage|p2a: im walling everyth|271\/423
|
|-heal|p1a: Quagsire|371\/394|[from] item: Leftovers
|turn|60
|
|switch|p2a: just my onion|Celebi|404\/404
|move|p1a: Quagsire|Scald|p2a: just my onion
|-resisted|p2a: just my onion
|-damage|p2a: just my onion|381\/404
|-status|p2a: just my onion|brn
|
|-heal|p1a: Quagsire|394\/394|[from] item: Leftovers
|-damage|p2a: just my onion|331\/404 brn|[from] brn
|-end|p1a: Quagsire|move: Taunt
|turn|61
|
|switch|p1a: Amoonguss|Amoonguss, M|430\/430
|move|p2a: just my onion|Giga Drain|p1a: Amoonguss
|-resisted|p1a: Amoonguss
|-damage|p1a: Amoonguss|405\/430
|-heal|p2a: just my onion|344\/404 brn|[from] drain|[of] p1a: Amoonguss
|
|-heal|p1a: Amoonguss|430\/430|[from] item: Black Sludge
|-damage|p2a: just my onion|294\/404 brn|[from] brn
|turn|62
|
|switch|p1a: Slowbro|Slowbro, F|185\/393
|move|p2a: just my onion|Baton Pass|p2a: just my onion
|
|switch|p2a: bean curd puff|Heatran, F|224\/386 slp
|
|-heal|p2a: bean curd puff|248\/386 slp|[from] item: Leftovers
|turn|63
|leave|regular joe
|
|cant|p2a: bean curd puff|slp
|move|p1a: Slowbro|Scald|p2a: bean curd puff
|-supereffective|p2a: bean curd puff
|-damage|p2a: bean curd puff|122\/386 slp
|
|-heal|p2a: bean curd puff|146\/386 slp|[from] item: Leftovers
|turn|64
|
|cant|p2a: bean curd puff|slp
|move|p1a: Slowbro|Scald|p2a: bean curd puff
|-supereffective|p2a: bean curd puff
|-damage|p2a: bean curd puff|18\/386 slp
|
|-heal|p2a: bean curd puff|42\/386 slp|[from] item: Leftovers
|turn|65
|
|-curestatus|p2a: bean curd puff|slp
|move|p2a: bean curd puff|Stealth Rock|p1a: Slowbro
|-sidestart|p1: don't use mega|move: Stealth Rock
|move|p1a: Slowbro|Scald|p2a: bean curd puff
|-supereffective|p2a: bean curd puff
|-damage|p2a: bean curd puff|0 fnt
|faint|p2a: bean curd puff
|
|
|switch|p2a: Couture|Lopunny-Mega, M|52\/271
|turn|66
|
|move|p2a: Couture|Fake Out|p1a: Slowbro
|-damage|p1a: Slowbro|137\/393
|cant|p1a: Slowbro|flinch
|
|turn|67
|
|move|p2a: Couture|Return|p1a: Slowbro
|-damage|p1a: Slowbro|17\/393
|move|p1a: Slowbro|Psyshock|p2a: Couture
|-supereffective|p2a: Couture
|-damage|p2a: Couture|0 fnt
|faint|p2a: Couture
|
|join|Collision Chaos
|
|switch|p2a: just my onion|Celebi|294\/404
|turn|68
|
|switch|p1a: Amoonguss|Amoonguss, M|430\/430
|-damage|p1a: Amoonguss|377\/430|[from] Stealth Rock
|move|p2a: just my onion|Baton Pass|p2a: just my onion
|-message|lil manaphy forfeited.
|
|win|don't use mega
|raw|Ladder updating...
|leave|lil manaphy
|player|p2
|raw|don&apos;t use mega's rating: 1777 &rarr; <strong>1791<\/strong><br \/>(+14 for winning)
|raw|lil manaphy's rating: 1674 &rarr; <strong>1660<\/strong><br \/>(-14 for losing)
|leave|Collision Chaos
|leave|Pure Demize