|join|Zedseayou
|join|fireblaster1357
|player|p1|Zedseayou|265
|player|p2|fireblaster1357|288
|gametype|singles
|gen|6
|tier|OU
|rated
|clearpoke
|poke|p1|Quagsire, F
|poke|p1|Zapdos
|poke|p1|Ferrothorn, F
|poke|p1|Chansey, F
|poke|p1|Entei, shiny
|poke|p1|Azumarill, F
|poke|p2|Suicune
|poke|p2|Talonflame, M
|poke|p2|Bisharp, M
|poke|p2|Garchomp, M
|poke|p2|Landorus, M
|poke|p2|Forretress, M
|rule|Sleep Clause Mod: Limit one foe put to sleep
|rule|Species Clause: Limit one of each Pokemon
|rule|OHKO Clause: OHKO moves are banned
|rule|Moody Clause: Moody is banned
|rule|Evasion Moves Clause: Evasion moves are banned
|rule|Endless Battle Clause: Forcing endless battles is banned.
|rule|HP Percentage Mod: HP is reported as percentages
|teampreview
|
|start
|switch|p1a: Ferrothorn|Ferrothorn, F|352\/352
|switch|p2a: Talonflame|Talonflame, M|298\/298
|turn|1
|
|switch|p1a: Zapdos|Zapdos|383\/383
|-ability|p1a: Zapdos|Pressure
|move|p2a: Talonflame|Flare Blitz|p1a: Zapdos
|-damage|p1a: Zapdos|200\/383
|-damage|p2a: Talonflame|238\/298|[from] recoil|[of] p1a: Zapdos
|
|-heal|p1a: Zapdos|223\/383|[from] item: Leftovers
|turn|2
|
|switch|p2a: Landorus|Landorus, M|319\/319
|move|p1a: Zapdos|Roost|p1a: Zapdos
|-heal|p1a: Zapdos|383\/383
|
|turn|3
|
|switch|p1a: Chansey|Chansey, F|671\/671
|move|p2a: Landorus|Rock Slide|p1a: Chansey
|-damage|p1a: Chansey|522\/671
|
|turn|4
|
|switch|p2a: Bisharp|Bisharp, M|272\/272
|move|p1a: Chansey|Toxic|p2a: Bisharp
|-fail|p2a: Bisharp
|
|turn|5
|
|switch|p1a: Azumarill|Azumarill, F|404\/404
|move|p2a: Bisharp|Knock Off|p1a: Azumarill
|-resisted|p1a: Azumarill
|-damage|p1a: Azumarill|268\/404
|-enditem|p1a: Azumarill|Assault Vest|[from] move: Knock Off|[of] p2a: Bisharp
|-damage|p2a: Bisharp|245\/272|[from] item: Life Orb
|
|turn|6
|
|move|p2a: Bisharp|Iron Head|p1a: Azumarill
|-damage|p1a: Azumarill|42\/404
|-damage|p2a: Bisharp|218\/272|[from] item: Life Orb
|move|p1a: Azumarill|Play Rough|p2a: Bisharp
|-damage|p2a: Bisharp|37\/272
|
|turn|7
|
|move|p2a: Bisharp|Sucker Punch|p1a: Azumarill
|-resisted|p1a: Azumarill
|-damage|p1a: Azumarill|0 fnt
|-damage|p2a: Bisharp|10\/272|[from] item: Life Orb
|faint|p1a: Azumarill
|
|
|switch|p1a: Zapdos|Zapdos|383\/383
|-ability|p1a: Zapdos|Pressure
|turn|8
|
|move|p2a: Bisharp|Sucker Punch|p1a: Zapdos
|-damage|p1a: Zapdos|243\/383
|-damage|p2a: Bisharp|0 fnt|[from] item: Life Orb
|faint|p2a: Bisharp
|move|p1a: Zapdos|Volt Switch|p2: Bisharp|[notarget]
|-notarget
|
|-heal|p1a: Zapdos|266\/383|[from] item: Leftovers
|
|switch|p2a: Landorus|Landorus, M|319\/319
|turn|9
|
|switch|p1a: Ferrothorn|Ferrothorn, F|352\/352
|move|p2a: Landorus|Sludge Wave|p1a: Ferrothorn
|-immune|p1a: Ferrothorn|[msg]
|
|turn|10
|
|move|p2a: Landorus|Focus Blast|p1a: Ferrothorn
|-supereffective|p1a: Ferrothorn
|-damage|p1a: Ferrothorn|0 fnt
|faint|p1a: Ferrothorn
|
|
|switch|p1a: Chansey|Chansey, F|522\/671
|turn|11
|
|move|p2a: Landorus|Focus Blast|p1a: Chansey
|-supereffective|p1a: Chansey
|-damage|p1a: Chansey|272\/671
|move|p1a: Chansey|Wish|p1a: Chansey
|
|turn|12
|
|move|p2a: Landorus|Rock Slide|p1a: Chansey
|-damage|p1a: Chansey|121\/671
|move|p1a: Chansey|Toxic|p2a: Landorus
|-status|p2a: Landorus|tox
|
|-heal|p1a: Chansey|456\/671|[from] move: Wish|[wisher] Chansey
|-damage|p2a: Landorus|300\/319 tox|[from] psn
|turn|13
|
|switch|p2a: Forretress|Forretress, M|354\/354
|move|p1a: Chansey|Soft-Boiled|p1a: Chansey
|-heal|p1a: Chansey|671\/671
|
|turn|14
|
|switch|p1a: Entei|Entei, shiny|421\/421
|-ability|p1a: Entei|Pressure
|move|p2a: Forretress|Stealth Rock|p1a: Entei
|-sidestart|p1: Zedseayou|move: Stealth Rock
|
|turn|15
|
|move|p1a: Entei|Sacred Fire|p2a: Forretress
|-supereffective|p2a: Forretress
|-activate|p2a: Forretress|Sturdy
|-damage|p2a: Forretress|1\/354
|move|p2a: Forretress|Toxic|p1a: Entei
|-status|p1a: Entei|tox
|
|-heal|p2a: Forretress|23\/354|[from] item: Leftovers
|-damage|p1a: Entei|395\/421 tox|[from] psn
|turn|16
|
|switch|p1a: Zapdos|Zapdos|266\/383
|-damage|p1a: Zapdos|171\/383|[from] Stealth Rock
|-ability|p1a: Zapdos|Pressure
|move|p2a: Forretress|Spikes|p1a: Zapdos
|-sidestart|p1: Zedseayou|Spikes
|
|-heal|p1a: Zapdos|194\/383|[from] item: Leftovers
|-heal|p2a: Forretress|45\/354|[from] item: Leftovers
|turn|17
|
|move|p1a: Zapdos|Defog|p2a: Forretress
|-unboost|p2a: Forretress|evasion|1
|-sideend|p1: Zedseayou|Spikes|[from] move: Defog|[of] p1a: Zapdos
|-sideend|p1: Zedseayou|Stealth Rock|[from] move: Defog|[of] p1a: Zapdos
|move|p2a: Forretress|Toxic|p1a: Zapdos
|-status|p1a: Zapdos|tox
|
|-heal|p1a: Zapdos|217\/383 tox|[from] item: Leftovers
|-heal|p2a: Forretress|67\/354|[from] item: Leftovers
|-damage|p1a: Zapdos|194\/383 tox|[from] psn
|turn|18
|
|move|p1a: Zapdos|Heat Wave|p2a: Forretress
|-supereffective|p2a: Forretress
|-damage|p2a: Forretress|0 fnt
|faint|p2a: Forretress
|
|-heal|p1a: Zapdos|217\/383 tox|[from] item: Leftovers
|-damage|p1a: Zapdos|171\/383 tox|[from] psn
|
|switch|p2a: Garchomp|Garchomp, M|358\/358
|turn|19
|
|switch|p1a: Chansey|Chansey, F|671\/671
|move|p2a: Garchomp|Outrage|p1a: Chansey
|-damage|p1a: Chansey|374\/671
|
|turn|20
|
|move|p2a: Garchomp|Outrage|p1a: Chansey
|-damage|p1a: Chansey|107\/671
|move|p1a: Chansey|Soft-Boiled|p1a: Chansey
|-heal|p1a: Chansey|443\/671
|
|turn|21
|
|move|p2a: Garchomp|Outrage|p1a: Chansey
|-damage|p1a: Chansey|176\/671
|move|p1a: Chansey|Soft-Boiled|p1a: Chansey
|-heal|p1a: Chansey|512\/671
|
|-end|p2a: Garchomp|rampage
|-start|p2a: Garchomp|confusion
|turn|22
|
|switch|p2a: Suicune|Suicune|404\/404
|-ability|p2a: Suicune|Pressure
|move|p1a: Chansey|Heal Bell|p1a: Chansey
|-cureteam|p1a: Chansey|[from] move: HealBell
|
|turn|23
|
|switch|p2a: Landorus|Landorus, M|300\/319 tox
|move|p1a: Chansey|Toxic|p2a: Landorus
|-fail|p2a: Landorus|tox
|
|-damage|p2a: Landorus|281\/319 tox|[from] psn
|turn|24
|
|move|p2a: Landorus|Sludge Wave|p1a: Chansey
|-damage|p1a: Chansey|412\/671
|move|p1a: Chansey|Soft-Boiled|p1a: Chansey
|-heal|p1a: Chansey|671\/671
|
|-damage|p2a: Landorus|243\/319 tox|[from] psn
|turn|25
|
|move|p2a: Landorus|Focus Blast|p1a: Chansey|[miss]
|-miss|p2a: Landorus|p1a: Chansey
|move|p1a: Chansey|Toxic|p2a: Landorus|[miss]
|-miss|p1a: Chansey|p2a: Landorus
|
|-damage|p2a: Landorus|186\/319 tox|[from] psn
|turn|26
|
|move|p2a: Landorus|Focus Blast|p1a: Chansey|[miss]
|-miss|p2a: Landorus|p1a: Chansey
|move|p1a: Chansey|Soft-Boiled|p1a: Chansey
|-fail|p1a: Chansey
|
|-damage|p2a: Landorus|110\/319 tox|[from] psn
|turn|27
|
|move|p2a: Landorus|Earth Power|p1a: Chansey
|-damage|p1a: Chansey|531\/671
|move|p1a: Chansey|Wish|p1a: Chansey
|
|-damage|p2a: Landorus|15\/319 tox|[from] psn
|turn|28
|
|move|p2a: Landorus|Rock Slide|p1a: Chansey
|-damage|p1a: Chansey|371\/671
|move|p1a: Chansey|Toxic|p2a: Landorus
|-fail|p2a: Landorus|tox
|
|-heal|p1a: Chansey|671\/671|[from] move: Wish|[wisher] Chansey
|-damage|p2a: Landorus|0 fnt|[from] psn
|faint|p2a: Landorus
|
|switch|p2a: Suicune|Suicune|404\/404
|-ability|p2a: Suicune|Pressure
|turn|29
|
|move|p2a: Suicune|Calm Mind|p2a: Suicune
|-boost|p2a: Suicune|spa|1
|-boost|p2a: Suicune|spd|1
|move|p1a: Chansey|Toxic|p2a: Suicune
|-status|p2a: Suicune|tox
|
|-damage|p2a: Suicune|379\/404 tox|[from] psn
|turn|30
|
|switch|p1a: Zapdos|Zapdos|171\/383
|-ability|p1a: Zapdos|Pressure
|move|p2a: Suicune|Calm Mind|p2a: Suicune
|-boost|p2a: Suicune|spa|1
|-boost|p2a: Suicune|spd|1
|
|-heal|p1a: Zapdos|194\/383|[from] item: Leftovers
|-heal|p2a: Suicune|404\/404 tox|[from] item: Leftovers
|-damage|p2a: Suicune|354\/404 tox|[from] psn
|turn|31
|
|move|p1a: Zapdos|Roost|p1a: Zapdos
|-heal|p1a: Zapdos|383\/383
|move|p2a: Suicune|Scald|p1a: Zapdos
|-damage|p1a: Zapdos|193\/383
|-status|p1a: Zapdos|brn
|
|-heal|p1a: Zapdos|216\/383 brn|[from] item: Leftovers
|-heal|p2a: Suicune|379\/404 tox|[from] item: Leftovers
|-damage|p1a: Zapdos|169\/383 brn|[from] brn
|-damage|p2a: Suicune|304\/404 tox|[from] psn
|turn|32
|
|move|p1a: Zapdos|Volt Switch|p2a: Suicune
|-supereffective|p2a: Suicune
|-damage|p2a: Suicune|214\/404 tox
|
|switch|p1a: Quagsire|Quagsire, F|394\/394
|move|p2a: Suicune|Rest|p2a: Suicune
|-status|p2a: Suicune|slp
|-heal|p2a: Suicune|404\/404 slp|[silent]
|-status|p2a: Suicune|slp|[from] move: Rest
|
|turn|33
|
|cant|p2a: Suicune|slp
|move|p2a: Suicune|Sleep Talk|p2a: Suicune
|move|p2a: Suicune|Rest|p2a: Suicune|[from]Sleep Talk
|-fail|p2a: Suicune
|move|p1a: Quagsire|Curse|p1a: Quagsire
|-boost|p1a: Quagsire|atk|1
|-boost|p1a: Quagsire|def|1
|-unboost|p1a: Quagsire|spe|1
|
|turn|34
|
|cant|p2a: Suicune|slp
|move|p2a: Suicune|Sleep Talk|p2a: Suicune
|move|p2a: Suicune|Scald|p1a: Quagsire|[from]Sleep Talk
|-damage|p1a: Quagsire|270\/394
|move|p1a: Quagsire|Curse|p1a: Quagsire
|-boost|p1a: Quagsire|atk|1
|-boost|p1a: Quagsire|def|1
|-unboost|p1a: Quagsire|spe|1
|
|-heal|p1a: Quagsire|294\/394|[from] item: Leftovers
|turn|35
|
|-curestatus|p2a: Suicune|slp
|move|p2a: Suicune|Sleep Talk|p2a: Suicune
|-fail|p2a: Suicune
|move|p1a: Quagsire|Earthquake|p2a: Suicune
|-damage|p2a: Suicune|274\/404
|
|-heal|p2a: Suicune|299\/404|[from] item: Leftovers
|-heal|p1a: Quagsire|318\/394|[from] item: Leftovers
|turn|36
|
|move|p2a: Suicune|Scald|p1a: Quagsire
|-damage|p1a: Quagsire|206\/394
|-status|p1a: Quagsire|brn
|move|p1a: Quagsire|Earthquake|p2a: Suicune
|-damage|p2a: Suicune|235\/404
|
|-heal|p2a: Suicune|260\/404|[from] item: Leftovers
|-heal|p1a: Quagsire|230\/394 brn|[from] item: Leftovers
|-damage|p1a: Quagsire|181\/394 brn|[from] brn
|turn|37
|
|move|p2a: Suicune|Scald|p1a: Quagsire
|-damage|p1a: Quagsire|66\/394 brn
|move|p1a: Quagsire|Recover|p1a: Quagsire
|-heal|p1a: Quagsire|263\/394 brn
|
|-heal|p2a: Suicune|285\/404|[from] item: Leftovers
|-heal|p1a: Quagsire|287\/394 brn|[from] item: Leftovers
|-damage|p1a: Quagsire|238\/394 brn|[from] brn
|turn|38
|
|move|p2a: Suicune|Calm Mind|p2a: Suicune
|-boost|p2a: Suicune|spa|1
|-boost|p2a: Suicune|spd|1
|move|p1a: Quagsire|Toxic|p2a: Suicune
|-status|p2a: Suicune|tox
|
|-heal|p2a: Suicune|310\/404 tox|[from] item: Leftovers
|-heal|p1a: Quagsire|262\/394 brn|[from] item: Leftovers
|-damage|p2a: Suicune|285\/404 tox|[from] psn
|-damage|p1a: Quagsire|213\/394 brn|[from] brn
|turn|39
|
|move|p2a: Suicune|Scald|p1a: Quagsire
|-damage|p1a: Quagsire|96\/394 brn
|move|p1a: Quagsire|Recover|p1a: Quagsire
|-heal|p1a: Quagsire|293\/394 brn
|
|-heal|p2a: Suicune|310\/404 tox|[from] item: Leftovers
|-heal|p1a: Quagsire|317\/394 brn|[from] item: Leftovers
|-damage|p2a: Suicune|260\/404 tox|[from] psn
|-damage|p1a: Quagsire|268\/394 brn|[from] brn
|turn|40
|
|move|p2a: Suicune|Rest|p2a: Suicune
|-status|p2a: Suicune|slp
|-heal|p2a: Suicune|404\/404 slp|[silent]
|-status|p2a: Suicune|slp|[from] move: Rest
|move|p1a: Quagsire|Curse|p1a: Quagsire
|-boost|p1a: Quagsire|atk|1
|-boost|p1a: Quagsire|def|1
|-unboost|p1a: Quagsire|spe|1
|
|-heal|p1a: Quagsire|292\/394 brn|[from] item: Leftovers
|-damage|p1a: Quagsire|243\/394 brn|[from] brn
|turn|41
|
|cant|p2a: Suicune|slp
|move|p2a: Suicune|Sleep Talk|p2a: Suicune
|move|p2a: Suicune|Scald|p1a: Quagsire|[from]Sleep Talk
|-damage|p1a: Quagsire|119\/394 brn
|move|p1a: Quagsire|Earthquake|p2a: Suicune
|-damage|p2a: Suicune|320\/404 slp
|
|-heal|p2a: Suicune|345\/404 slp|[from] item: Leftovers
|-heal|p1a: Quagsire|143\/394 brn|[from] item: Leftovers
|-damage|p1a: Quagsire|94\/394 brn|[from] brn
|turn|42
|
|switch|p1a: Chansey|Chansey, F|671\/671
|cant|p2a: Suicune|slp
|move|p2a: Suicune|Sleep Talk|p2a: Suicune
|move|p2a: Suicune|Calm Mind|p2a: Suicune|[from]Sleep Talk
|-boost|p2a: Suicune|spa|1
|-boost|p2a: Suicune|spd|1
|
|-heal|p2a: Suicune|370\/404 slp|[from] item: Leftovers
|turn|43
|
|-curestatus|p2a: Suicune|slp
|move|p2a: Suicune|Scald|p1a: Chansey
|-damage|p1a: Chansey|512\/671
|move|p1a: Chansey|Heal Bell|p1a: Chansey
|-cureteam|p1a: Chansey|[from] move: HealBell
|
|-heal|p2a: Suicune|395\/404|[from] item: Leftovers
|turn|44
|
|move|p2a: Suicune|Calm Mind|p2a: Suicune
|-boost|p2a: Suicune|spa|1
|-boost|p2a: Suicune|spd|1
|move|p1a: Chansey|Toxic|p2a: Suicune
|-status|p2a: Suicune|tox
|
|-heal|p2a: Suicune|404\/404 tox|[from] item: Leftovers
|-damage|p2a: Suicune|379\/404 tox|[from] psn
|turn|45
|
|move|p2a: Suicune|Scald|p1a: Chansey
|-damage|p1a: Chansey|331\/671
|move|p1a: Chansey|Wish|p1a: Chansey
|
|-heal|p2a: Suicune|404\/404 tox|[from] item: Leftovers
|-damage|p2a: Suicune|354\/404 tox|[from] psn
|turn|46
|
|move|p2a: Suicune|Scald|p1a: Chansey
|-damage|p1a: Chansey|174\/671
|-status|p1a: Chansey|brn
|move|p1a: Chansey|Soft-Boiled|p1a: Chansey
|-heal|p1a: Chansey|510\/671 brn
|
|-heal|p1a: Chansey|671\/671 brn|[from] move: Wish|[wisher] Chansey
|-heal|p2a: Suicune|379\/404 tox|[from] item: Leftovers
|-damage|p2a: Suicune|304\/404 tox|[from] psn
|-damage|p1a: Chansey|588\/671 brn|[from] brn
|turn|47
|
|move|p2a: Suicune|Rest|p2a: Suicune
|-status|p2a: Suicune|slp
|-heal|p2a: Suicune|404\/404 slp|[silent]
|-status|p2a: Suicune|slp|[from] move: Rest
|move|p1a: Chansey|Heal Bell|p1a: Chansey
|-cureteam|p1a: Chansey|[from] move: HealBell
|
|turn|48
|
|cant|p2a: Suicune|slp
|move|p2a: Suicune|Sleep Talk|p2a: Suicune
|move|p2a: Suicune|Rest|p2a: Suicune|[from]Sleep Talk
|-fail|p2a: Suicune
|move|p1a: Chansey|Wish|p1a: Chansey
|
|turn|49
|
|switch|p1a: Quagsire|Quagsire, F|94\/394
|cant|p2a: Suicune|slp
|move|p2a: Suicune|Sleep Talk|p2a: Suicune
|move|p2a: Suicune|Scald|p1a: Quagsire|[from]Sleep Talk
|-damage|p1a: Quagsire|0 fnt
|faint|p1a: Quagsire
|
|
|switch|p1a: Chansey|Chansey, F|588\/671
|turn|50
|
|-curestatus|p2a: Suicune|slp
|move|p2a: Suicune|Calm Mind|p2a: Suicune
|-boost|p2a: Suicune|spa|1
|-boost|p2a: Suicune|spd|1
|move|p1a: Chansey|Wish|p1a: Chansey
|
|turn|51
|
|move|p2a: Suicune|Scald|p1a: Chansey
|-damage|p1a: Chansey|408\/671
|-status|p1a: Chansey|brn
|move|p1a: Chansey|Toxic|p2a: Suicune
|-status|p2a: Suicune|tox
|
|-heal|p1a: Chansey|671\/671 brn|[from] move: Wish|[wisher] Chansey
|-damage|p2a: Suicune|379\/404 tox|[from] psn
|-damage|p1a: Chansey|588\/671 brn|[from] brn
|turn|52
|
|move|p2a: Suicune|Scald|p1a: Chansey
|-damage|p1a: Chansey|389\/671 brn
|move|p1a: Chansey|Heal Bell|p1a: Chansey
|-cureteam|p1a: Chansey|[from] move: HealBell
|
|-heal|p2a: Suicune|404\/404 tox|[from] item: Leftovers
|-damage|p2a: Suicune|354\/404 tox|[from] psn
|turn|53
|
|move|p2a: Suicune|Scald|p1a: Chansey
|-crit|p1a: Chansey
|-damage|p1a: Chansey|100\/671
|move|p1a: Chansey|Soft-Boiled|p1a: Chansey
|-heal|p1a: Chansey|436\/671
|
|-heal|p2a: Suicune|379\/404 tox|[from] item: Leftovers
|-damage|p2a: Suicune|304\/404 tox|[from] psn
|turn|54
|
|move|p2a: Suicune|Rest|p2a: Suicune
|-status|p2a: Suicune|slp
|-heal|p2a: Suicune|404\/404 slp|[silent]
|-status|p2a: Suicune|slp|[from] move: Rest
|move|p1a: Chansey|Soft-Boiled|p1a: Chansey
|-heal|p1a: Chansey|671\/671
|
|turn|55
|
|cant|p2a: Suicune|slp
|move|p2a: Suicune|Sleep Talk|p2a: Suicune
|move|p2a: Suicune|Rest|p2a: Suicune|[from]Sleep Talk
|-fail|p2a: Suicune
|move|p1a: Chansey|Wish|p1a: Chansey
|
|turn|56
|
|switch|p1a: Zapdos|Zapdos|169\/383
|-ability|p1a: Zapdos|Pressure
|cant|p2a: Suicune|slp
|move|p2a: Suicune|Sleep Talk|p2a: Suicune
|move|p2a: Suicune|Calm Mind|p2a: Suicune|[from]Sleep Talk
|-fail|p2a: Suicune
|
|-heal|p1a: Zapdos|383\/383|[from] move: Wish|[wisher] Chansey
|turn|57
|
|move|p1a: Zapdos|Volt Switch|p2a: Suicune
|-supereffective|p2a: Suicune
|-damage|p2a: Suicune|360\/404 slp
|
|switch|p1a: Chansey|Chansey, F|671\/671
|-curestatus|p2a: Suicune|slp
|move|p2a: Suicune|Scald|p1a: Chansey
|-damage|p1a: Chansey|461\/671
|
|-heal|p2a: Suicune|385\/404|[from] item: Leftovers
|turn|58
|
|move|p2a: Suicune|Scald|p1a: Chansey
|-damage|p1a: Chansey|283\/671
|move|p1a: Chansey|Toxic|p2a: Suicune|[miss]
|-miss|p1a: Chansey|p2a: Suicune
|
|-heal|p2a: Suicune|404\/404|[from] item: Leftovers
|turn|59
|
|move|p2a: Suicune|Scald|p1a: Chansey
|-damage|p1a: Chansey|73\/671
|move|p1a: Chansey|Soft-Boiled|p1a: Chansey
|-heal|p1a: Chansey|409\/671
|
|turn|60
|
|move|p2a: Suicune|Scald|p1a: Chansey
|-damage|p1a: Chansey|228\/671
|move|p1a: Chansey|Soft-Boiled|p1a: Chansey
|-heal|p1a: Chansey|564\/671
|
|turn|61
|
|move|p2a: Suicune|Scald|p1a: Chansey
|-damage|p1a: Chansey|374\/671
|-status|p1a: Chansey|brn
|move|p1a: Chansey|Toxic|p2a: Suicune
|-status|p2a: Suicune|tox
|
|-damage|p2a: Suicune|379\/404 tox|[from] psn
|-damage|p1a: Chansey|291\/671 brn|[from] brn
|turn|62
|
|move|p2a: Suicune|Rest|p2a: Suicune
|-status|p2a: Suicune|slp
|-heal|p2a: Suicune|404\/404 slp|[silent]
|-status|p2a: Suicune|slp|[from] move: Rest
|move|p1a: Chansey|Soft-Boiled|p1a: Chansey
|-heal|p1a: Chansey|627\/671 brn
|
|-damage|p1a: Chansey|544\/671 brn|[from] brn
|turn|63
|
|cant|p2a: Suicune|slp
|move|p2a: Suicune|Sleep Talk|p2a: Suicune
|move|p2a: Suicune|Rest|p2a: Suicune|[from]Sleep Talk
|-fail|p2a: Suicune
|move|p1a: Chansey|Heal Bell|p1a: Chansey
|-cureteam|p1a: Chansey|[from] move: HealBell
|
|turn|64
|
|cant|p2a: Suicune|slp
|move|p2a: Suicune|Sleep Talk|p2a: Suicune
|move|p2a: Suicune|Scald|p1a: Chansey|[from]Sleep Talk
|-damage|p1a: Chansey|349\/671
|move|p1a: Chansey|Wish|p1a: Chansey
|
|turn|65
|
|-curestatus|p2a: Suicune|slp
|move|p2a: Suicune|Scald|p1a: Chansey
|-damage|p1a: Chansey|160\/671
|-status|p1a: Chansey|brn
|move|p1a: Chansey|Soft-Boiled|p1a: Chansey
|-heal|p1a: Chansey|496\/671 brn
|
|-heal|p1a: Chansey|671\/671 brn|[from] move: Wish|[wisher] Chansey
|-damage|p1a: Chansey|588\/671 brn|[from] brn
|turn|66
|
|move|p2a: Suicune|Calm Mind|p2a: Suicune
|-fail|p2a: Suicune
|move|p1a: Chansey|Toxic|p2a: Suicune
|-status|p2a: Suicune|tox
|
|-damage|p2a: Suicune|379\/404 tox|[from] psn
|-damage|p1a: Chansey|505\/671 brn|[from] brn
|turn|67
|
|switch|p1a: Zapdos|Zapdos|383\/383
|-ability|p1a: Zapdos|Pressure
|move|p2a: Suicune|Rest|p2a: Suicune
|-status|p2a: Suicune|slp
|-heal|p2a: Suicune|404\/404 slp|[silent]
|-status|p2a: Suicune|slp|[from] move: Rest
|
|turn|68
|
|move|p1a: Zapdos|Volt Switch|p2a: Suicune
|-supereffective|p2a: Suicune
|-damage|p2a: Suicune|362\/404 slp
|
|switch|p1a: Chansey|Chansey, F|505\/671
|cant|p2a: Suicune|slp
|move|p2a: Suicune|Sleep Talk|p2a: Suicune
|move|p2a: Suicune|Scald|p1a: Chansey|[from]Sleep Talk
|-damage|p1a: Chansey|300\/671
|
|-heal|p2a: Suicune|387\/404 slp|[from] item: Leftovers
|turn|69
|
|cant|p2a: Suicune|slp
|move|p2a: Suicune|Sleep Talk|p2a: Suicune
|move|p2a: Suicune|Scald|p1a: Chansey|[from]Sleep Talk
|-damage|p1a: Chansey|95\/671
|-status|p1a: Chansey|brn
|move|p1a: Chansey|Soft-Boiled|p1a: Chansey
|-heal|p1a: Chansey|431\/671 brn
|
|-heal|p2a: Suicune|404\/404 slp|[from] item: Leftovers
|-damage|p1a: Chansey|348\/671 brn|[from] brn
|turn|70
|
|-curestatus|p2a: Suicune|slp
|move|p2a: Suicune|Scald|p1a: Chansey
|-damage|p1a: Chansey|149\/671 brn
|move|p1a: Chansey|Soft-Boiled|p1a: Chansey
|-heal|p1a: Chansey|485\/671 brn
|
|-damage|p1a: Chansey|402\/671 brn|[from] brn
|turn|71
|
|move|p2a: Suicune|Calm Mind|p2a: Suicune
|-fail|p2a: Suicune
|move|p1a: Chansey|Soft-Boiled|p1a: Chansey
|-heal|p1a: Chansey|671\/671 brn
|
|-damage|p1a: Chansey|588\/671 brn|[from] brn
|turn|72
|
|switch|p1a: Zapdos|Zapdos|383\/383
|-ability|p1a: Zapdos|Pressure
|move|p2a: Suicune|Calm Mind|p2a: Suicune
|-fail|p2a: Suicune
|
|turn|73
|
|move|p1a: Zapdos|Volt Switch|p2a: Suicune
|-supereffective|p2a: Suicune
|-damage|p2a: Suicune|360\/404
|
|switch|p1a: Entei|Entei, shiny|395\/421
|-ability|p1a: Entei|Pressure
|move|p2a: Suicune|Scald|p1a: Entei
|-supereffective|p1a: Entei
|-damage|p1a: Entei|0 fnt
|faint|p1a: Entei
|
|-heal|p2a: Suicune|385\/404|[from] item: Leftovers
|chat|Zedseayou|FUCK
|
|switch|p1a: Chansey|Chansey, F|588\/671
|turn|74
|
|move|p2a: Suicune|Scald|p1a: Chansey
|-damage|p1a: Chansey|398\/671
|move|p1a: Chansey|Wish|p1a: Chansey
|
|-heal|p2a: Suicune|404\/404|[from] item: Leftovers
|turn|75
|chat|Zedseayou|how do you still have pp
|chat|Zedseayou|you've used scaled 25 times
|chat|fireblaster1357|sleep talk
|chat|fireblaster1357|doesn't use scald's pp
|chat|Zedseayou|well crap
|chat|fireblaster1357|and pressure
|chat|fireblaster1357|reduces your chansey's
|chat|Zedseayou|ik that
|chat|Zedseayou|but i thought you only had like 2 scalds left
|chat|Zedseayou|and apparently you have at least 5
|chat|Zedseayou|else i wouldnt have switched entei in
|
|move|p2a: Suicune|Scald|p1a: Chansey
|-damage|p1a: Chansey|191\/671
|move|p1a: Chansey|Wish|p1a: Chansey
|-fail|p1a: Chansey
|
|-heal|p1a: Chansey|526\/671|[from] move: Wish|[wisher] Chansey
|turn|76
|chat|fireblaster1357|i have like 3
|
|move|p2a: Suicune|Calm Mind|p2a: Suicune
|-fail|p2a: Suicune
|move|p1a: Chansey|Soft-Boiled|p1a: Chansey
|-heal|p1a: Chansey|671\/671
|
|turn|77
|
|switch|p1a: Zapdos|Zapdos|383\/383
|-ability|p1a: Zapdos|Pressure
|move|p2a: Suicune|Calm Mind|p2a: Suicune
|-fail|p2a: Suicune
|
|turn|78
|chat|fireblaster1357|*waits for toxic*
|
|move|p1a: Zapdos|Volt Switch|p2a: Suicune
|-supereffective|p2a: Suicune
|-damage|p2a: Suicune|360\/404
|
|switch|p1a: Chansey|Chansey, F|671\/671
|move|p2a: Suicune|Rest|p2a: Suicune
|-status|p2a: Suicune|slp
|-heal|p2a: Suicune|404\/404 slp|[silent]
|-status|p2a: Suicune|slp|[from] move: Rest
|
|turn|79
|chat|Zedseayou|lol i can't win
|chat|Zedseayou|i was going to use entei when you had no scalds
|chat|Zedseayou|ran out of toxics a while back
|chat|Zedseayou|gg
|-message|Zedseayou forfeited.
|leave|Zedseayou
|chat|fireblaster1357|oh
|
|win|fireblaster1357
|raw|Ladder updating...
|player|p1
|chat|fireblaster1357|gg
|raw|Zedseayou's rating: 1579 &rarr; <strong>1555<\/strong><br \/>(-24 for losing)
|raw|fireblaster1357's rating: 1449 &rarr; <strong>1476<\/strong><br \/>(+27 for winning)