|join|Zedseayou
|join|Like me 2
|player|p1|Zedseayou|129
|player|p2|Like me 2|266
|gametype|singles
|gen|6
|tier|OU
|rated
|clearpoke
|poke|p1|Scolipede, F
|poke|p1|Espeon, M
|poke|p1|Latios, M
|poke|p1|Terrakion
|poke|p1|Charizard, F
|poke|p1|Wobbuffet, M
|poke|p2|Diancie
|poke|p2|Magnezone
|poke|p2|Chesnaught, M
|poke|p2|Empoleon, M
|poke|p2|Latias, F
|poke|p2|Diggersby, M, shiny
|rule|Swagger Clause: Swagger is banned
|rule|Baton Pass Clause: Limit one PokÃ©mon knowing Baton Pass
|rule|Sleep Clause Mod: Limit one foe put to sleep
|rule|Species Clause: Limit one of each PokÃ©mon
|rule|OHKO Clause: OHKO moves are banned
|rule|Moody Clause: Moody is banned
|rule|Evasion Moves Clause: Evasion moves are banned
|rule|Endless Battle Clause: Forcing endless battles is banned
|rule|HP Percentage Mod: HP is shown in percentages
|teampreview
|join|Drummy
|
|start
|switch|p1a: Latios|Latios, M|364\/364
|switch|p2a: Empoleon|Empoleon, M|372\/372
|turn|1
|
|switch|p1a: Wobbuffet|Wobbuffet, M|584\/584
|move|p2a: Empoleon|Toxic|p1a: Wobbuffet
|-status|p1a: Wobbuffet|tox
|
|-damage|p1a: Wobbuffet|548\/584 tox|[from] psn
|turn|2
|
|move|p2a: Empoleon|Stealth Rock|p1a: Wobbuffet
|-sidestart|p1: Zedseayou|move: Stealth Rock
|move|p1a: Wobbuffet|Encore|p2a: Empoleon
|-start|p2a: Empoleon|Encore
|
|-damage|p1a: Wobbuffet|476\/584 tox|[from] psn
|turn|3
|
|switch|p1a: Scolipede|Scolipede, F|323\/323
|-damage|p1a: Scolipede|243\/323|[from] Stealth Rock
|move|p2a: Empoleon|Stealth Rock|p1a: Scolipede
|-fail|p1a: Scolipede
|
|turn|4
|
|switch|p2a: Magnezone|Magnezone|285\/285
|move|p1a: Scolipede|Iron Defense|p1a: Scolipede
|-boost|p1a: Scolipede|def|2
|
|-boost|p1a: Scolipede|spe|1|[from] ability: Speed Boost
|turn|5
|
|move|p1a: Scolipede|Protect|p1a: Scolipede
|-singleturn|p1a: Scolipede|Protect
|move|p2a: Magnezone|Volt Switch|p1a: Scolipede
|-activate|p1a: Scolipede|Protect
|
|-boost|p1a: Scolipede|spe|1|[from] ability: Speed Boost
|turn|6
|
|move|p1a: Scolipede|Substitute|p1a: Scolipede
|-start|p1a: Scolipede|Substitute
|-damage|p1a: Scolipede|163\/323
|move|p2a: Magnezone|Volt Switch|p1a: Scolipede
|-end|p1a: Scolipede|Substitute
|
|switch|p2a: Empoleon|Empoleon, M|372\/372
|
|-boost|p1a: Scolipede|spe|1|[from] ability: Speed Boost
|turn|7
|
|move|p1a: Scolipede|Protect|p1a: Scolipede
|-singleturn|p1a: Scolipede|Protect
|move|p2a: Empoleon|Roar|p1a: Scolipede
|drag|p1a: Wobbuffet|Wobbuffet, M|476\/584 tox
|-damage|p1a: Wobbuffet|403\/584 tox|[from] Stealth Rock
|
|-damage|p1a: Wobbuffet|367\/584 tox|[from] psn
|turn|8
|
|move|p1a: Wobbuffet|Encore|p2a: Empoleon
|-start|p2a: Empoleon|Encore
|move|p2a: Empoleon|Roar|p1a: Wobbuffet
|drag|p1a: Latios|Latios, M|364\/364
|-damage|p1a: Latios|319\/364|[from] Stealth Rock
|
|turn|9
|
|move|p1a: Latios|Light Screen|p1a: Latios
|-sidestart|p1: Zedseayou|move: Light Screen
|move|p2a: Empoleon|Roar|p1a: Latios
|drag|p1a: Scolipede|Scolipede, F|163\/323
|-damage|p1a: Scolipede|83\/323|[from] Stealth Rock
|
|turn|10
|
|move|p1a: Scolipede|Baton Pass|p1a: Scolipede
|
|switch|p1a: Espeon|Espeon, M|334\/334
|-damage|p1a: Espeon|293\/334|[from] Stealth Rock
|move|p2a: Empoleon|Roar|p1a: Espeon
|move|p1a: Espeon|Roar|p2a: Empoleon|[from]Magic Bounce
|drag|p2a: Diancie|Diancie|241\/241
|
|-heal|p1a: Espeon|313\/334|[from] item: Leftovers
|turn|11
|
|switch|p1a: Latios|Latios, M|319\/364
|-damage|p1a: Latios|274\/364|[from] Stealth Rock
|detailschange|p2a: Diancie|Diancie-Mega
|-mega|p2a: Diancie|Diancie|Diancite
|move|p2a: Diancie|Diamond Storm|p1a: Latios
|-damage|p1a: Latios|51\/364
|
|turn|12
|
|move|p2a: Diancie|Moonblast|p1a: Latios
|-crit|p1a: Latios
|-supereffective|p1a: Latios
|-damage|p1a: Latios|0 fnt
|faint|p1a: Latios
|
|-message|Zedseayou forfeited.
|leave|Zedseayou
|
|win|Like me 2
|raw|Ladder updating...
|player|p1
|raw|Zedseayou's rating: 1454 &rarr; <strong>1439<\/strong><br \/>(-15 for losing)
|raw|Like me 2's rating: 1558 &rarr; <strong>1572<\/strong><br \/>(+14 for winning)
|leave|Drummy