|join|Zedseayou
|join|Luffy-Fire
|player|p1|Zedseayou|129
|player|p2|Luffy-Fire|80
|gametype|singles
|gen|6
|tier|OU
|rated
|clearpoke
|poke|p1|Politoed, F
|poke|p1|Swampert, F
|poke|p1|Celebi
|poke|p1|Manaphy
|poke|p1|Klefki, F
|poke|p1|Magnezone, shiny
|poke|p2|Charizard, M
|poke|p2|Landorus-Therian, M
|poke|p2|Gliscor, M
|poke|p2|Milotic, M
|poke|p2|Greninja, M
|poke|p2|Cloyster, M
|rule|Swagger Clause: Swagger is banned
|rule|Baton Pass Clause: Limit one PokÃ©mon knowing Baton Pass
|rule|Sleep Clause Mod: Limit one foe put to sleep
|rule|Species Clause: Limit one of each PokÃ©mon
|rule|OHKO Clause: OHKO moves are banned
|rule|Moody Clause: Moody is banned
|rule|Evasion Moves Clause: Evasion moves are banned
|rule|Endless Battle Clause: Forcing endless battles is banned
|rule|HP Percentage Mod: HP is shown in percentages
|teampreview
|
|start
|switch|p1a: Swampert|Swampert, F|391\/391
|switch|p2a: Gliscor|Gliscor, M|354\/354
|turn|1
|
|switch|p2a: Cloyster|Cloyster, M|261\/261
|detailschange|p1a: Swampert|Swampert-Mega, F
|-mega|p1a: Swampert|Swampert|Swampertite
|move|p1a: Swampert|Waterfall|p2a: Cloyster
|-resisted|p2a: Cloyster
|-damage|p2a: Cloyster|209\/261
|
|turn|2
|
|switch|p1a: Magnezone|Magnezone, shiny|287\/287
|move|p2a: Cloyster|Shell Smash|p2a: Cloyster
|-boost|p2a: Cloyster|atk|2
|-boost|p2a: Cloyster|spa|2
|-boost|p2a: Cloyster|spe|2
|-unboost|p2a: Cloyster|def|1
|-unboost|p2a: Cloyster|spd|1
|
|turn|3
|
|move|p2a: Cloyster|Icicle Spear|p1a: Magnezone
|-crit|p1a: Magnezone
|-resisted|p1a: Magnezone
|-damage|p1a: Magnezone|236\/287
|-resisted|p1a: Magnezone
|-damage|p1a: Magnezone|201\/287
|-resisted|p1a: Magnezone
|-damage|p1a: Magnezone|165\/287
|-resisted|p1a: Magnezone
|-damage|p1a: Magnezone|132\/287
|-resisted|p1a: Magnezone
|-damage|p1a: Magnezone|98\/287
|-hitcount|p1a: Magnezone|5
|move|p1a: Magnezone|Volt Switch|p2a: Cloyster
|-supereffective|p2a: Cloyster
|-damage|p2a: Cloyster|0 fnt
|faint|p2a: Cloyster
|
|switch|p1a: Klefki|Klefki, F|318\/318
|
|
|switch|p2a: Lizardon|Charizard, M|360\/360
|turn|4
|
|switch|p1a: Magnezone|Magnezone, shiny|98\/287
|detailschange|p2a: Lizardon|Charizard-Mega-X, M
|-mega|p2a: Lizardon|Charizard|Charizardite X
|move|p2a: Lizardon|Dragon Dance|p2a: Lizardon
|-boost|p2a: Lizardon|atk|1
|-boost|p2a: Lizardon|spe|1
|
|turn|5
|
|move|p2a: Lizardon|Flare Blitz|p1a: Magnezone
|-supereffective|p1a: Magnezone
|-damage|p1a: Magnezone|0 fnt
|-damage|p2a: Lizardon|328\/360|[from] recoil|[of] p1a: Magnezone
|faint|p1a: Magnezone
|
|
|switch|p1a: Politoed|Politoed, F|384\/384
|-weather|RainDance
|turn|6
|
|switch|p1a: Klefki|Klefki, F|318\/318
|move|p2a: Lizardon|Dragon Dance|p2a: Lizardon
|-boost|p2a: Lizardon|atk|1
|-boost|p2a: Lizardon|spe|1
|
|-weather|RainDance|[upkeep]
|turn|7
|
|move|p1a: Klefki|Reflect|p1a: Klefki
|-sidestart|p1: Zedseayou|Reflect
|move|p2a: Lizardon|Flare Blitz|p1a: Klefki
|-supereffective|p1a: Klefki
|-damage|p1a: Klefki|68\/318
|-damage|p2a: Lizardon|245\/360|[from] recoil|[of] p1a: Klefki
|
|-weather|RainDance|[upkeep]
|turn|8
|
|move|p1a: Klefki|Thunder Wave|p2a: Lizardon
|-status|p2a: Lizardon|par
|move|p2a: Lizardon|Dragon Claw|p1a: Klefki
|-immune|p1a: Klefki|[msg]
|
|-weather|RainDance|[upkeep]
|turn|9
|
|move|p1a: Klefki|Foul Play|p2a: Lizardon
|-damage|p2a: Lizardon|38\/360 par
|move|p2a: Lizardon|Flare Blitz|p1a: Klefki
|-supereffective|p1a: Klefki
|-damage|p1a: Klefki|0 fnt
|-damage|p2a: Lizardon|16\/360 par|[from] recoil|[of] p1a: Klefki
|faint|p1a: Klefki
|
|-weather|RainDance|[upkeep]
|
|switch|p1a: Swampert|Swampert-Mega, F|391\/391
|turn|10
|
|move|p1a: Swampert|Waterfall|p2a: Lizardon
|-damage|p2a: Lizardon|0 fnt
|faint|p2a: Lizardon
|
|-weather|RainDance|[upkeep]
|
|switch|p2a: Milotic|Milotic, M|394\/394
|turn|11
|
|switch|p1a: Manaphy|Manaphy|404\/404
|move|p2a: Milotic|Toxic|p1a: Manaphy
|-status|p1a: Manaphy|tox
|
|-weather|RainDance|[upkeep]
|-curestatus|p1a: Manaphy|tox
|turn|12
|
|move|p1a: Manaphy|Tail Glow|p1a: Manaphy
|-boost|p1a: Manaphy|spa|3
|move|p2a: Milotic|Mirror Coat|p1a: Manaphy
|-fail|p1a: Manaphy
|
|-weather|RainDance|[upkeep]
|turn|13
|
|move|p1a: Manaphy|Scald|p2a: Milotic
|-crit|p2a: Milotic
|-resisted|p2a: Milotic
|-damage|p2a: Milotic|178\/394
|move|p2a: Milotic|Mirror Coat|p1a: Manaphy
|-damage|p1a: Manaphy|0 fnt
|faint|p1a: Manaphy
|
|-weather|none
|-heal|p2a: Milotic|202\/394|[from] item: Leftovers
|
|switch|p1a: Celebi|Celebi|404\/404
|turn|14
|c|âZedseayou|if that hadn't crit
|
|move|p1a: Celebi|Stealth Rock|p2a: Milotic
|-sidestart|p2: Luffy-Fire|move: Stealth Rock
|move|p2a: Milotic|Recover|p2a: Milotic
|-heal|p2a: Milotic|394\/394
|
|-sideend|p1: Zedseayou|Reflect
|turn|15
|
|switch|p1a: Politoed|Politoed, F|384\/384
|-weather|RainDance
|move|p2a: Milotic|Scald|p1a: Politoed
|-resisted|p1a: Politoed
|-damage|p1a: Politoed|336\/384
|-status|p1a: Politoed|brn
|
|-weather|RainDance|[upkeep]
|-damage|p1a: Politoed|288\/384 brn|[from] brn
|turn|16
|
|move|p2a: Milotic|Scald|p1a: Politoed
|-resisted|p1a: Politoed
|-damage|p1a: Politoed|238\/384 brn
|move|p1a: Politoed|Toxic|p2a: Milotic
|-status|p2a: Milotic|tox
|
|-weather|RainDance|[upkeep]
|-damage|p2a: Milotic|370\/394 tox|[from] psn
|-damage|p1a: Politoed|190\/384 brn|[from] brn
|turn|17
|
|switch|p1a: Celebi|Celebi|404\/404
|move|p2a: Milotic|Scald|p1a: Celebi
|-resisted|p1a: Celebi
|-damage|p1a: Celebi|349\/404
|-status|p1a: Celebi|brn
|
|-weather|RainDance|[upkeep]
|-heal|p1a: Celebi|374\/404 brn|[from] item: Leftovers
|-heal|p2a: Milotic|394\/394 tox|[from] item: Leftovers
|-damage|p1a: Celebi|324\/404 brn|[from] brn
|-damage|p2a: Milotic|346\/394 tox|[from] psn
|turn|18
|
|move|p1a: Celebi|Psychic|p2a: Milotic
|-damage|p2a: Milotic|286\/394 tox
|move|p2a: Milotic|Recover|p2a: Milotic
|-heal|p2a: Milotic|394\/394 tox
|
|-weather|RainDance|[upkeep]
|-heal|p1a: Celebi|349\/404 brn|[from] item: Leftovers
|-damage|p1a: Celebi|299\/404 brn|[from] brn
|-damage|p2a: Milotic|322\/394 tox|[from] psn
|turn|19
|
|move|p1a: Celebi|Psychic|p2a: Milotic
|-damage|p2a: Milotic|252\/394 tox
|move|p2a: Milotic|Scald|p1a: Celebi
|-resisted|p1a: Celebi
|-damage|p1a: Celebi|246\/404 brn
|
|-weather|RainDance|[upkeep]
|-heal|p1a: Celebi|271\/404 brn|[from] item: Leftovers
|-heal|p2a: Milotic|276\/394 tox|[from] item: Leftovers
|-damage|p1a: Celebi|221\/404 brn|[from] brn
|-damage|p2a: Milotic|180\/394 tox|[from] psn
|turn|20
|
|move|p1a: Celebi|Recover|p1a: Celebi
|-heal|p1a: Celebi|404\/404 brn
|move|p2a: Milotic|Mirror Coat|p1a: Celebi
|-fail|p1a: Celebi
|
|-weather|RainDance|[upkeep]
|-heal|p2a: Milotic|204\/394 tox|[from] item: Leftovers
|-damage|p1a: Celebi|354\/404 brn|[from] brn
|-damage|p2a: Milotic|84\/394 tox|[from] psn
|turn|21
|
|switch|p2a: Greninja|Greninja, M|285\/285
|-damage|p2a: Greninja|250\/285|[from] Stealth Rock
|move|p1a: Celebi|Psychic|p2a: Greninja
|-immune|p2a: Greninja|[msg]
|
|-weather|RainDance|[upkeep]
|-heal|p1a: Celebi|379\/404 brn|[from] item: Leftovers
|-damage|p1a: Celebi|329\/404 brn|[from] brn
|turn|22
|
|switch|p1a: Swampert|Swampert-Mega, F|391\/391
|move|p2a: Greninja|Dark Pulse|p1a: Swampert
|-start|p2a: Greninja|typechange|Dark|[from] Protean
|-damage|p1a: Swampert|257\/391
|-damage|p2a: Greninja|222\/285|[from] item: Life Orb
|
|-weather|none
|turn|23
|
|switch|p2a: Landorus-Therian|Landorus-Therian, M|382\/382
|-damage|p2a: Landorus-Therian|335\/382|[from] Stealth Rock
|-ability|p2a: Landorus-Therian|Intimidate|[of] p1a: Swampert
|-unboost|p1a: Swampert|atk|1
|switch|p1a: Politoed|Politoed, F|190\/384 brn
|-weather|RainDance
|
|-weather|RainDance|[upkeep]
|-damage|p1a: Politoed|142\/384 brn|[from] brn
|turn|24
|
|switch|p1a: Swampert|Swampert-Mega, F|257\/391
|move|p2a: Landorus-Therian|Earthquake|p1a: Swampert
|-damage|p1a: Swampert|0 fnt
|faint|p1a: Swampert
|
|-weather|RainDance|[upkeep]
|-message|Zedseayou forfeited.
|leave|Zedseayou
|
|win|Luffy-Fire
|raw|Ladder updating...
|player|p1