|join|Zedseayou
|join|(LoD)Fire
|player|p1|Zedseayou|2
|player|p2|(LoD)Fire|94
|gametype|singles
|gen|6
|tier|OU
|rated
|clearpoke
|poke|p1|Deoxys-Defense
|poke|p1|Bisharp, F
|poke|p1|Landorus, M
|poke|p1|Lucario, M
|poke|p1|Rotom-Wash
|poke|p1|Latios, M
|poke|p2|Pinsir, M
|poke|p2|Heatran, M
|poke|p2|Xatu, M, shiny
|poke|p2|Breloom, M, shiny
|poke|p2|Talonflame, F
|poke|p2|Jolteon, F
|rule|Sleep Clause Mod: Limit one foe put to sleep
|rule|Species Clause: Limit one of each Pokemon
|rule|OHKO Clause: OHKO moves are banned
|rule|Moody Clause: Moody is banned
|rule|Evasion Moves Clause: Evasion moves are banned
|rule|Endless Battle Clause: Forcing endless battles is banned.
|rule|HP Percentage Mod: HP is reported as percentages
|teampreview
|callback|decision
|
|start
|switch|p1a: Bisharp|Bisharp, F|271\/271
|switch|p2a: Jolteon|Jolteon, F|272\/272
|turn|1
|callback|decision
|
|move|p1a: Bisharp|Sucker Punch|p2a: Jolteon
|-damage|p2a: Jolteon|7\/272
|move|p2a: Jolteon|Volt Switch|p1a: Bisharp
|-damage|p1a: Bisharp|109\/271
|callback|decision
|
|switch|p2a: Breloom|Breloom, M, shiny|324\/324
|
|-activate|p2a: Breloom|item: Toxic Orb
|-status|p2a: Breloom|tox
|turn|2
|callback|decision
|
|switch|p1a: Latios|Latios, M|302\/302
|move|p2a: Breloom|Spore|p1a: Latios
|-status|p1a: Latios|slp
|
|turn|3
|callback|decision
|
|-singleturn|p2a: Breloom|move: Focus Punch
|cant|p1a: Latios|slp
|move|p1a: Latios|Sleep Talk|p1a: Latios
|move|p1a: Latios|Draco Meteor|p2a: Breloom|[from]Sleep Talk
|-damage|p2a: Breloom|0 fnt
|-unboost|p1a: Latios|spa|2
|faint|p2a: Breloom
|
|callback|decision
|
|switch|p2a: Heatran|Heatran, M|386\/386
|turn|4
|callback|decision
|
|switch|p1a: Deoxys-Defense|Deoxys-Defense|304\/304
|-ability|p1a: Deoxys-Defense|Pressure
|move|p2a: Heatran|Stealth Rock|p1a: Deoxys-Defense
|-sidestart|p1: Zedseayou|move: Stealth Rock
|
|turn|5
|callback|decision
|
|switch|p1a: Bisharp|Bisharp, F|109\/271
|-damage|p1a: Bisharp|93\/271|[from] Stealth Rock
|switch|p2a: Xatu|Xatu, M, shiny|334\/334
|
|turn|6
|callback|decision
|
|switch|p2a: Heatran|Heatran, M|386\/386
|move|p1a: Bisharp|Substitute|p1a: Bisharp
|-start|p1a: Bisharp|Substitute
|-damage|p1a: Bisharp|26\/271
|
|turn|7
|callback|decision
|
|move|p1a: Bisharp|Knock Off|p2a: Heatran
|-damage|p2a: Heatran|185\/386
|-enditem|p2a: Heatran|Leftovers|[from] move: Knock Off|[of] p1a: Bisharp
|move|p2a: Heatran|Lava Plume|p1a: Bisharp
|-supereffective|p1a: Bisharp
|-end|p1a: Bisharp|Substitute
|
|turn|8
|callback|decision
|
|move|p1a: Bisharp|Sucker Punch|p2a: Heatran
|-damage|p2a: Heatran|29\/386
|move|p2a: Heatran|Lava Plume|p1a: Bisharp
|-supereffective|p1a: Bisharp
|-damage|p1a: Bisharp|0 fnt
|faint|p1a: Bisharp
|
|callback|decision
|
|switch|p1a: Landorus|Landorus, M|319\/319
|-damage|p1a: Landorus|280\/319|[from] Stealth Rock
|turn|9
|callback|decision
|
|move|p1a: Landorus|Stone Edge|p2a: Heatran
|-damage|p2a: Heatran|0 fnt
|faint|p2a: Heatran
|
|callback|decision
|
|switch|p2a: Jolteon|Jolteon, F|7\/272
|turn|10
|callback|decision
|
|switch|p1a: Rotom-Wash|Rotom-Wash|241\/241
|-damage|p1a: Rotom-Wash|211\/241|[from] Stealth Rock
|move|p2a: Jolteon|Volt Switch|p1a: Rotom-Wash
|-damage|p1a: Rotom-Wash|102\/241
|callback|decision
|
|switch|p2a: Pinsir|Pinsir, M|272\/272
|
|turn|11
|callback|decision
|
|move|p1a: Rotom-Wash|Thunderbolt|p2a: Pinsir
|-damage|p2a: Pinsir|86\/272
|move|p2a: Pinsir|Swords Dance|p2a: Pinsir
|-boost|p2a: Pinsir|atk|2
|
|turn|12
|callback|decision
|
|move|p2a: Pinsir|Feint|p1a: Rotom-Wash
|-damage|p1a: Rotom-Wash|33\/241
|move|p1a: Rotom-Wash|Thunderbolt|p2a: Pinsir
|-damage|p2a: Pinsir|0 fnt
|faint|p2a: Pinsir
|
|callback|decision
|
|switch|p2a: Jolteon|Jolteon, F|7\/272
|turn|13
|callback|decision
|
|switch|p1a: Latios|Latios, M|302\/302 slp
|-damage|p1a: Latios|265\/302 slp|[from] Stealth Rock
|move|p2a: Jolteon|Hidden Power|p1a: Latios
|-supereffective|p1a: Latios
|-damage|p1a: Latios|131\/302 slp
|
|turn|14
|callback|decision
|
|move|p2a: Jolteon|Hidden Power|p1a: Latios
|-supereffective|p1a: Latios
|-damage|p1a: Latios|0 fnt
|faint|p1a: Latios
|
|callback|decision
|
|switch|p1a: Lucario|Lucario, M|281\/281
|-damage|p1a: Lucario|273\/281|[from] Stealth Rock
|turn|15
|callback|decision
|
|-formechange|p1a: Lucario|Lucario-Mega
|message|Lucario has Mega Evolved into Mega Lucario!
|move|p2a: Jolteon|Thunderbolt|p1a: Lucario
|-damage|p1a: Lucario|75\/281
|-status|p1a: Lucario|par
|move|p1a: Lucario|Nasty Plot|p1a: Lucario
|-boost|p1a: Lucario|spa|2
|
|turn|16
|callback|decision
|-message|Zedseayou forfeited.
|
|win|(LoD)Fire
|raw|Ladder updating...
|leave|Zedseayou
|player|p1
|raw|Zedseayou's rating: 1410 &rarr; <strong>1383<\/strong><br \/>(-27 for losing)
|raw|(LoD)Fire's rating: 1382 &rarr; <strong>1409<\/strong><br \/>(+27 for winning)