|join|Zedseayou
|join|Creator of Chaos
|player|p1|Zedseayou|129
|player|p2|Creator of Chaos|165
|gametype|singles
|gen|6
|tier|OU (suspect test)
|rated
|clearpoke
|poke|p1|Politoed, M
|poke|p1|Swampert, F
|poke|p1|Celebi
|poke|p1|Manaphy
|poke|p1|Klefki, M
|poke|p1|Magnezone, shiny
|poke|p2|Latias, F
|poke|p2|Azumarill, F
|poke|p2|Landorus-Therian, M
|poke|p2|Rotom-Wash
|poke|p2|Chesnaught, F
|poke|p2|Sylveon, M
|rule|Swagger Clause: Swagger is banned
|rule|Baton Pass Clause: Limit one PokÃ©mon knowing Baton Pass
|rule|Sleep Clause Mod: Limit one foe put to sleep
|rule|Species Clause: Limit one of each PokÃ©mon
|rule|OHKO Clause: OHKO moves are banned
|rule|Moody Clause: Moody is banned
|rule|Evasion Moves Clause: Evasion moves are banned
|rule|Endless Battle Clause: Forcing endless battles is banned
|rule|HP Percentage Mod: HP is shown in percentages
|teampreview
|
|start
|switch|p1a: Politoed|Politoed, M|384\/384
|switch|p2a: Rotom-Wash|Rotom-Wash|304\/304
|-weather|RainDance
|turn|1
|
|switch|p1a: Celebi|Celebi|404\/404
|move|p2a: Rotom-Wash|Thunder Wave|p1a: Celebi
|-status|p1a: Celebi|par
|
|-weather|RainDance|[upkeep]
|turn|2
|
|move|p2a: Rotom-Wash|Volt Switch|p1a: Celebi
|-resisted|p1a: Celebi
|-damage|p1a: Celebi|374\/404 par
|
|switch|p2a: Sylveon|Sylveon, M|393\/393
|move|p1a: Celebi|Stealth Rock|p2a: Sylveon
|-sidestart|p2: Creator of Chaos|move: Stealth Rock
|
|-weather|RainDance|[upkeep]
|-heal|p1a: Celebi|399\/404 par|[from] item: Leftovers
|turn|3
|
|switch|p1a: Politoed|Politoed, M|384\/384
|move|p2a: Sylveon|Shadow Ball|p1a: Politoed
|-damage|p1a: Politoed|279\/384
|
|-weather|RainDance|[upkeep]
|turn|4
|
|switch|p2a: Rotom-Wash|Rotom-Wash|304\/304
|-damage|p2a: Rotom-Wash|266\/304|[from] Stealth Rock
|move|p1a: Politoed|Toxic|p2a: Rotom-Wash
|-status|p2a: Rotom-Wash|tox
|
|-weather|RainDance|[upkeep]
|-heal|p2a: Rotom-Wash|285\/304 tox|[from] item: Leftovers
|-damage|p2a: Rotom-Wash|266\/304 tox|[from] psn
|turn|5
|
|switch|p1a: Swampert|Swampert, F|391\/391
|move|p2a: Rotom-Wash|Thunder Wave|p1a: Swampert
|-immune|p1a: Swampert|[msg]
|
|-weather|RainDance|[upkeep]
|-heal|p2a: Rotom-Wash|285\/304 tox|[from] item: Leftovers
|-damage|p2a: Rotom-Wash|247\/304 tox|[from] psn
|turn|6
|
|detailschange|p1a: Swampert|Swampert-Mega, F
|-mega|p1a: Swampert|Swampert|Swampertite
|move|p2a: Rotom-Wash|Hydro Pump|p1a: Swampert
|-damage|p1a: Swampert|195\/391
|move|p1a: Swampert|Waterfall|p2a: Rotom-Wash
|-resisted|p2a: Rotom-Wash
|-damage|p2a: Rotom-Wash|117\/304 tox
|
|-weather|RainDance|[upkeep]
|-heal|p2a: Rotom-Wash|136\/304 tox|[from] item: Leftovers
|-damage|p2a: Rotom-Wash|79\/304 tox|[from] psn
|turn|7
|
|move|p1a: Swampert|Waterfall|p2a: Rotom-Wash
|-resisted|p2a: Rotom-Wash
|-damage|p2a: Rotom-Wash|0 fnt
|faint|p2a: Rotom-Wash
|
|-weather|RainDance|[upkeep]
|
|switch|p2a: Azumarill|Azumarill, F|401\/401
|-damage|p2a: Azumarill|351\/401|[from] Stealth Rock
|turn|8
|
|move|p2a: Azumarill|Aqua Jet|p1a: Swampert
|-damage|p1a: Swampert|69\/391
|move|p1a: Swampert|Earthquake|p2a: Azumarill
|-damage|p2a: Azumarill|68\/401
|
|-weather|none
|turn|9
|
|switch|p1a: Celebi|Celebi|399\/404
|move|p2a: Azumarill|Aqua Jet|p1a: Celebi
|-resisted|p1a: Celebi
|-damage|p1a: Celebi|358\/404
|
|-heal|p1a: Celebi|383\/404|[from] item: Leftovers
|turn|10
|
|move|p1a: Celebi|Psychic|p2a: Azumarill
|-damage|p2a: Azumarill|0 fnt
|faint|p2a: Azumarill
|
|-heal|p1a: Celebi|404\/404|[from] item: Leftovers
|
|switch|p2a: Landorus-Therian|Landorus-Therian, M|382\/382
|-damage|p2a: Landorus-Therian|335\/382|[from] Stealth Rock
|-ability|p2a: Landorus-Therian|Intimidate|[of] p1a: Celebi
|-unboost|p1a: Celebi|atk|1
|turn|11
|
|switch|p1a: Magnezone|Magnezone, shiny|287\/287
|move|p2a: Landorus-Therian|Stealth Rock|p1a: Magnezone
|-sidestart|p1: Zedseayou|move: Stealth Rock
|
|-heal|p2a: Landorus-Therian|358\/382|[from] item: Leftovers
|turn|12
|
|move|p1a: Magnezone|Flash Cannon|p2a: Landorus-Therian
|-damage|p2a: Landorus-Therian|192\/382
|move|p2a: Landorus-Therian|Earthquake|p1a: Magnezone
|-supereffective|p1a: Magnezone
|-damage|p1a: Magnezone|0 fnt
|faint|p1a: Magnezone
|
|-heal|p2a: Landorus-Therian|215\/382|[from] item: Leftovers
|
|switch|p1a: Klefki|Klefki, M|318\/318
|-damage|p1a: Klefki|299\/318|[from] Stealth Rock
|turn|13
|
|move|p1a: Klefki|Reflect|p1a: Klefki
|-sidestart|p1: Zedseayou|Reflect
|move|p2a: Landorus-Therian|Earthquake|p1a: Klefki
|-supereffective|p1a: Klefki
|-damage|p1a: Klefki|151\/318
|
|-heal|p2a: Landorus-Therian|238\/382|[from] item: Leftovers
|turn|14
|
|move|p2a: Landorus-Therian|Earthquake|p1a: Klefki
|-supereffective|p1a: Klefki
|-damage|p1a: Klefki|13\/318
|move|p1a: Klefki|Foul Play|p2a: Landorus-Therian
|-damage|p2a: Landorus-Therian|133\/382
|
|-heal|p2a: Landorus-Therian|156\/382|[from] item: Leftovers
|turn|15
|
|move|p1a: Klefki|Light Screen|p1a: Klefki
|-sidestart|p1: Zedseayou|move: Light Screen
|move|p2a: Landorus-Therian|Earthquake|p1a: Klefki
|-supereffective|p1a: Klefki
|-damage|p1a: Klefki|0 fnt
|faint|p1a: Klefki
|
|-heal|p2a: Landorus-Therian|179\/382|[from] item: Leftovers
|
|switch|p1a: Politoed|Politoed, M|279\/384
|-damage|p1a: Politoed|231\/384|[from] Stealth Rock
|-weather|RainDance
|turn|16
|
|move|p2a: Landorus-Therian|U-turn|p1a: Politoed
|-damage|p1a: Politoed|175\/384
|
|switch|p2a: Sylveon|Sylveon, M|393\/393
|-damage|p2a: Sylveon|344\/393|[from] Stealth Rock
|move|p1a: Politoed|Scald|p2a: Sylveon
|-damage|p2a: Sylveon|239\/393
|-status|p2a: Sylveon|brn
|
|-weather|RainDance|[upkeep]
|-damage|p2a: Sylveon|190\/393 brn|[from] brn
|turn|17
|
|switch|p1a: Manaphy|Manaphy|404\/404
|-damage|p1a: Manaphy|354\/404|[from] Stealth Rock
|move|p2a: Sylveon|Hyper Voice|p1a: Manaphy
|-damage|p1a: Manaphy|193\/404
|
|-weather|RainDance|[upkeep]
|-heal|p1a: Manaphy|218\/404|[from] item: Leftovers
|-damage|p2a: Sylveon|141\/393 brn|[from] brn
|turn|18
|
|move|p1a: Manaphy|Tail Glow|p1a: Manaphy
|-boost|p1a: Manaphy|spa|3
|move|p2a: Sylveon|Hyper Voice|p1a: Manaphy
|-damage|p1a: Manaphy|72\/404
|
|-weather|RainDance|[upkeep]
|-heal|p1a: Manaphy|97\/404|[from] item: Leftovers
|-damage|p2a: Sylveon|92\/393 brn|[from] brn
|turn|19
|
|move|p1a: Manaphy|Rest|p1a: Manaphy
|-status|p1a: Manaphy|slp
|-heal|p1a: Manaphy|404\/404 slp|[silent]
|-status|p1a: Manaphy|slp|[from] move: Rest
|move|p2a: Sylveon|Hyper Voice|p1a: Manaphy
|-damage|p1a: Manaphy|250\/404 slp
|
|-weather|RainDance|[upkeep]
|-curestatus|p1a: Manaphy|slp
|-heal|p1a: Manaphy|275\/404|[from] item: Leftovers
|-damage|p2a: Sylveon|43\/393 brn|[from] brn
|turn|20
|
|move|p1a: Manaphy|Scald|p2a: Sylveon
|-damage|p2a: Sylveon|0 fnt
|faint|p2a: Sylveon
|
|-weather|RainDance|[upkeep]
|-heal|p1a: Manaphy|300\/404|[from] item: Leftovers
|-sideend|p1: Zedseayou|Reflect
|
|switch|p2a: Chesnaught|Chesnaught, F|380\/380
|-damage|p2a: Chesnaught|357\/380|[from] Stealth Rock
|turn|21
|
|move|p1a: Manaphy|Psychic|p2a: Chesnaught
|-supereffective|p2a: Chesnaught
|-damage|p2a: Chesnaught|0 fnt
|faint|p2a: Chesnaught
|
|-weather|RainDance|[upkeep]
|-heal|p1a: Manaphy|325\/404|[from] item: Leftovers
|
|switch|p2a: Landorus-Therian|Landorus-Therian, M|179\/382
|-damage|p2a: Landorus-Therian|132\/382|[from] Stealth Rock
|-ability|p2a: Landorus-Therian|Intimidate|[of] p1a: Manaphy
|-unboost|p1a: Manaphy|atk|1
|turn|22
|
|move|p2a: Landorus-Therian|Earthquake|p1a: Manaphy
|-crit|p1a: Manaphy
|-damage|p1a: Manaphy|75\/404
|move|p1a: Manaphy|Scald|p2a: Landorus-Therian
|-supereffective|p2a: Landorus-Therian
|-damage|p2a: Landorus-Therian|0 fnt
|faint|p2a: Landorus-Therian
|
|-weather|RainDance|[upkeep]
|-heal|p1a: Manaphy|100\/404|[from] item: Leftovers
|-sideend|p1: Zedseayou|move: Light Screen
|
|switch|p2a: Latias|Latias, F|363\/363
|-damage|p2a: Latias|318\/363|[from] Stealth Rock
|turn|23
|
|detailschange|p2a: Latias|Latias-Mega, F
|-mega|p2a: Latias|Latias|Latiasite
|move|p2a: Latias|Calm Mind|p2a: Latias
|-boost|p2a: Latias|spa|1
|-boost|p2a: Latias|spd|1
|move|p1a: Manaphy|Scald|p2a: Latias
|-resisted|p2a: Latias
|-damage|p2a: Latias|212\/363
|-status|p2a: Latias|brn
|
|-weather|none
|-heal|p1a: Manaphy|125\/404|[from] item: Leftovers
|-damage|p2a: Latias|167\/363 brn|[from] brn
|turn|24
|
|move|p2a: Latias|Roost|p2a: Latias
|-heal|p2a: Latias|349\/363 brn
|move|p1a: Manaphy|Scald|p2a: Latias
|-resisted|p2a: Latias
|-damage|p2a: Latias|268\/363 brn
|
|-heal|p1a: Manaphy|150\/404|[from] item: Leftovers
|-damage|p2a: Latias|223\/363 brn|[from] brn
|turn|25
|
|move|p2a: Latias|Calm Mind|p2a: Latias
|-boost|p2a: Latias|spa|1
|-boost|p2a: Latias|spd|1
|move|p1a: Manaphy|Tail Glow|p1a: Manaphy
|-boost|p1a: Manaphy|spa|3
|
|-heal|p1a: Manaphy|175\/404|[from] item: Leftovers
|-damage|p2a: Latias|178\/363 brn|[from] brn
|turn|26
|
|move|p2a: Latias|Roost|p2a: Latias
|-heal|p2a: Latias|360\/363 brn
|move|p1a: Manaphy|Scald|p2a: Latias
|-resisted|p2a: Latias
|-damage|p2a: Latias|263\/363 brn
|
|-heal|p1a: Manaphy|200\/404|[from] item: Leftovers
|-damage|p2a: Latias|218\/363 brn|[from] brn
|turn|27
|
|move|p2a: Latias|Calm Mind|p2a: Latias
|-boost|p2a: Latias|spa|1
|-boost|p2a: Latias|spd|1
|move|p1a: Manaphy|Scald|p2a: Latias
|-resisted|p2a: Latias
|-damage|p2a: Latias|146\/363 brn
|
|-heal|p1a: Manaphy|225\/404|[from] item: Leftovers
|-damage|p2a: Latias|101\/363 brn|[from] brn
|turn|28
|
|switch|p1a: Celebi|Celebi|404\/404
|-damage|p1a: Celebi|354\/404|[from] Stealth Rock
|move|p2a: Latias|Roost|p2a: Latias
|-heal|p2a: Latias|283\/363 brn
|
|-heal|p1a: Celebi|379\/404|[from] item: Leftovers
|-damage|p2a: Latias|238\/363 brn|[from] brn
|turn|29
|
|move|p2a: Latias|Roost|p2a: Latias
|-heal|p2a: Latias|363\/363 brn
|move|p1a: Celebi|Healing Wish|p1a: Celebi
|faint|p1a: Celebi
|
|-damage|p2a: Latias|318\/363 brn|[from] brn
|
|switch|p1a: Politoed|Politoed, M|175\/384
|-heal|p1a: Politoed|384\/384|[from] move: Healing Wish
|-damage|p1a: Politoed|336\/384|[from] Stealth Rock
|-weather|RainDance
|turn|30
|
|move|p2a: Latias|Stored Power|p1a: Politoed
|-damage|p1a: Politoed|0 fnt
|faint|p1a: Politoed
|
|-weather|RainDance|[upkeep]
|-damage|p2a: Latias|273\/363 brn|[from] brn
|
|switch|p1a: Swampert|Swampert-Mega, F|69\/391
|-damage|p1a: Swampert|45\/391|[from] Stealth Rock
|turn|31
|
|move|p1a: Swampert|Rest|p1a: Swampert
|-status|p1a: Swampert|slp
|-heal|p1a: Swampert|391\/391 slp|[silent]
|-status|p1a: Swampert|slp|[from] move: Rest
|move|p2a: Latias|Stored Power|p1a: Swampert
|-damage|p1a: Swampert|0 fnt
|faint|p1a: Swampert
|
|-weather|RainDance|[upkeep]
|-damage|p2a: Latias|228\/363 brn|[from] brn
|
|switch|p1a: Manaphy|Manaphy|225\/404
|-damage|p1a: Manaphy|175\/404|[from] Stealth Rock
|turn|32
|c|âCreator of Chaos|gg
|
|move|p2a: Latias|Stored Power|p1a: Manaphy
|-damage|p1a: Manaphy|0 fnt
|faint|p1a: Manaphy
|
|win|Creator of Chaos
|raw|Ladder updating...
|raw|Zedseayou's rating: 1392 &rarr; <strong>1368<\/strong><br \/>(-24 for losing)
|raw|Creator of Chaos's rating: 1317 &rarr; <strong>1341<\/strong><br \/>(+24 for winning)
|leave|Zedseayou
|player|p1