|join|SoundofMadness
|join|Zedseayou
|player|p1|SoundofMadness|80
|player|p2|Zedseayou|1
|gametype|singles
|tier|Pokebank OU (beta)
|rated
|rule|Evasion Abilities Clause: Evasion abilities are banned
|clearpoke
|poke|p1|Gliscor, F
|poke|p1|Rotom-Wash
|poke|p1|Togekiss, M
|poke|p1|Venusaur, F
|poke|p1|Gyarados, F
|poke|p1|Heatran, F
|poke|p2|Scizor, M
|poke|p2|Heatran, F
|poke|p2|Rotom-Wash
|poke|p2|Gengar, M
|poke|p2|Excadrill, M
|poke|p2|Azumarill, F
|rule|Sleep Clause Mod: Limit one foe put to sleep
|rule|Species Clause: Limit one of each Pokemon
|rule|Moody Clause: Moody is banned
|rule|OHKO Clause: OHKO moves are banned
|rule|Evasion Moves Clause: Evasion moves are banned
|rule|HP Percentage Mod: HP is reported as percentages
|teampreview
|callback|decision
|
|start
|switch|p1a: Venusaur|Venusaur, F|364\/364
|switch|p2a: Rotom-Wash|Rotom-Wash|303\/303
|turn|1
|callback|decision
|
|-formechange|p1a: Venusaur|Venusaur-Mega
|message|Venusaur has Mega Evolved into Mega Venusaur!
|move|p2a: Rotom-Wash|Volt Switch|p1a: Venusaur
|-resisted|p1a: Venusaur
|-damage|p1a: Venusaur|335\/364
|callback|decision
|
|switch|p2a: Heatran|Heatran, F|366\/366
|-item|p2a: Heatran|Air Balloon
|move|p1a: Venusaur|Knock Off|p2a: Heatran
|-damage|p2a: Heatran|325\/366
|-enditem|p2a: Heatran|Air Balloon
|
|turn|2
|callback|decision
|
|switch|p1a: Rotom-Wash|Rotom-Wash|304\/304
|move|p2a: Heatran|Stealth Rock|p1a: Rotom-Wash
|-sidestart|p1: SoundofMadness|move: Stealth Rock
|
|turn|3
|callback|decision
|
|switch|p2a: Rotom-Wash|Rotom-Wash|303\/303
|move|p1a: Rotom-Wash|Hydro Pump|p2a: Rotom-Wash|[miss]
|-miss|p1a: Rotom-Wash|p2a: Rotom-Wash
|
|turn|4
|callback|decision
|
|move|p2a: Rotom-Wash|Thunderbolt|p1a: Rotom-Wash
|-damage|p1a: Rotom-Wash|181\/304
|move|p1a: Rotom-Wash|Will-O-Wisp|p2a: Rotom-Wash
|-status|p2a: Rotom-Wash|brn
|
|-damage|p2a: Rotom-Wash|266\/303 brn|[from] brn
|turn|5
|callback|decision
|
|switch|p1a: Venusaur|Venusaur, F|335\/364
|-formechange|p1a: Venusaur|Venusaur-Mega
|-damage|p1a: Venusaur|290\/364|[from] Stealth Rock
|move|p2a: Rotom-Wash|Thunderbolt|p1a: Venusaur
|-resisted|p1a: Venusaur
|-damage|p1a: Venusaur|254\/364
|
|-heal|p2a: Rotom-Wash|284\/303 brn|[from] item: Leftovers
|-damage|p2a: Rotom-Wash|247\/303 brn|[from] brn
|turn|6
|callback|decision
|
|switch|p2a: Scizor|Scizor, M|344\/344
|move|p1a: Venusaur|Leech Seed|p2a: Scizor
|-start|p2a: Scizor|move: Leech Seed
|
|-damage|p2a: Scizor|301\/344|[from] Leech Seed|[of] p1a: Venusaur
|-heal|p1a: Venusaur|297\/364|[silent]
|turn|7
|callback|decision
|
|switch|p1a: Gliscor|Gliscor, F|354\/354
|-damage|p1a: Gliscor|310\/354|[from] Stealth Rock
|move|p2a: Scizor|U-turn|p1a: Gliscor
|-resisted|p1a: Gliscor
|-damage|p1a: Gliscor|262\/354
|callback|decision
|
|switch|p2a: Rotom-Wash|Rotom-Wash|247\/303 brn
|
|-heal|p2a: Rotom-Wash|265\/303 brn|[from] item: Leftovers
|-damage|p2a: Rotom-Wash|228\/303 brn|[from] brn
|-activate|p1a: Gliscor|item: Toxic Orb
|-status|p1a: Gliscor|tox
|turn|8
|callback|decision
|
|switch|p1a: Venusaur|Venusaur, F|297\/364
|-formechange|p1a: Venusaur|Venusaur-Mega
|-damage|p1a: Venusaur|252\/364|[from] Stealth Rock
|move|p2a: Rotom-Wash|Hydro Pump|p1a: Venusaur|[miss]
|-miss|p2a: Rotom-Wash|p1a: Venusaur
|
|-heal|p2a: Rotom-Wash|246\/303 brn|[from] item: Leftovers
|-damage|p2a: Rotom-Wash|209\/303 brn|[from] brn
|turn|9
|callback|decision
|
|move|p2a: Rotom-Wash|Volt Switch|p1a: Venusaur
|-resisted|p1a: Venusaur
|-damage|p1a: Venusaur|225\/364
|callback|decision
|
|switch|p2a: Heatran|Heatran, F|325\/366
|move|p1a: Venusaur|Leech Seed|p2a: Heatran
|-start|p2a: Heatran|move: Leech Seed
|
|-damage|p2a: Heatran|280\/366|[from] Leech Seed|[of] p1a: Venusaur
|-heal|p1a: Venusaur|270\/364|[silent]
|turn|10
|callback|decision
|
|switch|p1a: Gyarados|Gyarados, F|393\/393
|-damage|p1a: Gyarados|295\/393|[from] Stealth Rock
|-ability|p1a: Gyarados|Intimidate|[of] p2a: Heatran
|-unboost|p2a: Heatran|atk|1
|move|p2a: Heatran|Fire Blast|p1a: Gyarados
|-resisted|p1a: Gyarados
|-damage|p1a: Gyarados|194\/393
|
|-heal|p1a: Gyarados|218\/393|[from] item: Leftovers
|-damage|p2a: Heatran|235\/366|[from] Leech Seed|[of] p1a: Gyarados
|-heal|p1a: Gyarados|263\/393|[silent]
|turn|11
|callback|decision
|
|move|p1a: Gyarados|Waterfall|p2a: Heatran
|-supereffective|p2a: Heatran
|-damage|p2a: Heatran|23\/366
|move|p2a: Heatran|Toxic|p1a: Gyarados
|-status|p1a: Gyarados|tox
|
|-heal|p1a: Gyarados|287\/393 tox|[from] item: Leftovers
|-damage|p2a: Heatran|0 fnt|[from] Leech Seed|[of] p1a: Gyarados
|-heal|p1a: Gyarados|310\/393 tox|[silent]
|-damage|p1a: Gyarados|286\/393 tox|[from] psn
|faint|p2a: Heatran
|callback|decision
|
|switch|p2a: Azumarill|Azumarill, F|384\/384
|turn|12
|callback|decision
|
|move|p1a: Gyarados|Rest|p1a: Gyarados
|-status|p1a: Gyarados|slp
|-heal|p1a: Gyarados|393\/393 slp|[silent]
|-status|p1a: Gyarados|slp|[from] move: Rest
|move|p2a: Azumarill|Play Rough|p1a: Gyarados
|-damage|p1a: Gyarados|131\/393 slp
|-unboost|p1a: Gyarados|atk|1
|
|-heal|p1a: Gyarados|155\/393 slp|[from] item: Leftovers
|turn|13
|callback|decision
|
|switch|p1a: Togekiss|Togekiss, M|373\/373
|-damage|p1a: Togekiss|280\/373|[from] Stealth Rock
|move|p2a: Azumarill|Play Rough|p1a: Togekiss
|-crit|p1a: Togekiss
|-damage|p1a: Togekiss|0 fnt
|faint|p1a: Togekiss
|
|callback|decision
|
|switch|p1a: Rotom-Wash|Rotom-Wash|181\/304
|-damage|p1a: Rotom-Wash|143\/304|[from] Stealth Rock
|turn|14
|callback|decision
|
|switch|p2a: Excadrill|Excadrill, M|405\/405
|-ability|p2a: Excadrill|Mold Breaker
|move|p1a: Rotom-Wash|Rest|p1a: Rotom-Wash
|-status|p1a: Rotom-Wash|slp
|-heal|p1a: Rotom-Wash|304\/304 slp|[silent]
|-status|p1a: Rotom-Wash|slp|[from] move: Rest
|-enditem|p1a: Rotom-Wash|Chesto Berry|[eat]
|-curestatus|p1a: Rotom-Wash|slp
|
|turn|15
|callback|decision
|
|switch|p2a: Rotom-Wash|Rotom-Wash|209\/303 brn
|switch|p1a: Gliscor|Gliscor, F|262\/354 tox
|-damage|p1a: Gliscor|218\/354 tox|[from] Stealth Rock
|
|-heal|p2a: Rotom-Wash|227\/303 brn|[from] item: Leftovers
|-heal|p1a: Gliscor|262\/354 tox|[from] ability: Poison Heal
|-damage|p2a: Rotom-Wash|190\/303 brn|[from] brn
|turn|16
|callback|decision
|
|move|p1a: Gliscor|Protect|p1a: Gliscor
|-singleturn|p1a: Gliscor|Protect
|move|p2a: Rotom-Wash|Hydro Pump|p1a: Gliscor
|-activate|p1a: Gliscor|Protect
|
|-heal|p2a: Rotom-Wash|208\/303 brn|[from] item: Leftovers
|-heal|p1a: Gliscor|306\/354 tox|[from] ability: Poison Heal
|-damage|p2a: Rotom-Wash|171\/303 brn|[from] brn
|turn|17
|callback|decision
|
|switch|p1a: Venusaur|Venusaur, F|270\/364
|-formechange|p1a: Venusaur|Venusaur-Mega
|-damage|p1a: Venusaur|225\/364|[from] Stealth Rock
|move|p2a: Rotom-Wash|Volt Switch|p1a: Venusaur
|-resisted|p1a: Venusaur
|-damage|p1a: Venusaur|193\/364
|callback|decision
|
|switch|p2a: Scizor|Scizor, M|301\/344
|
|turn|18
|callback|decision
|
|-formechange|p2a: Scizor|Scizor-Mega
|message|Scizor has Mega Evolved into Mega Scizor!
|move|p1a: Venusaur|Synthesis|p1a: Venusaur
|-heal|p1a: Venusaur|364\/364
|move|p2a: Scizor|Swords Dance|p2a: Scizor
|-boost|p2a: Scizor|atk|2
|
|turn|19
|callback|decision
|
|switch|p1a: Rotom-Wash|Rotom-Wash|304\/304
|-damage|p1a: Rotom-Wash|266\/304|[from] Stealth Rock
|move|p2a: Scizor|Bullet Punch|p1a: Rotom-Wash
|-resisted|p1a: Rotom-Wash
|-damage|p1a: Rotom-Wash|222\/304
|
|turn|20
|callback|decision
|
|switch|p2a: Rotom-Wash|Rotom-Wash|171\/303 brn
|move|p1a: Rotom-Wash|Will-O-Wisp|p2a: Rotom-Wash
|-fail|p2a: Rotom-Wash|brn
|
|-heal|p2a: Rotom-Wash|189\/303 brn|[from] item: Leftovers
|-damage|p2a: Rotom-Wash|152\/303 brn|[from] brn
|turn|21
|callback|decision
|
|move|p2a: Rotom-Wash|Thunderbolt|p1a: Rotom-Wash
|-crit|p1a: Rotom-Wash
|-damage|p1a: Rotom-Wash|59\/304
|move|p1a: Rotom-Wash|Volt Switch|p2a: Rotom-Wash
|-damage|p2a: Rotom-Wash|65\/303 brn
|callback|decision
|
|switch|p1a: Venusaur|Venusaur, F|364\/364
|-formechange|p1a: Venusaur|Venusaur-Mega
|-damage|p1a: Venusaur|319\/364|[from] Stealth Rock
|
|-heal|p2a: Rotom-Wash|83\/303 brn|[from] item: Leftovers
|-damage|p2a: Rotom-Wash|46\/303 brn|[from] brn
|turn|22
|callback|decision
|
|move|p2a: Rotom-Wash|Will-O-Wisp|p1a: Venusaur
|-status|p1a: Venusaur|brn
|move|p1a: Venusaur|Leech Seed|p2a: Rotom-Wash
|-start|p2a: Rotom-Wash|move: Leech Seed
|
|-heal|p2a: Rotom-Wash|64\/303 brn|[from] item: Leftovers
|-damage|p2a: Rotom-Wash|27\/303 brn|[from] Leech Seed|[of] p1a: Venusaur
|-heal|p1a: Venusaur|356\/364 brn|[silent]
|-damage|p2a: Rotom-Wash|0 fnt|[from] brn
|-damage|p1a: Venusaur|311\/364 brn|[from] brn
|faint|p2a: Rotom-Wash
|callback|decision
|
|switch|p2a: Scizor|Scizor, M|301\/344
|-formechange|p2a: Scizor|Scizor-Mega
|turn|23
|callback|decision
|
|switch|p1a: Gyarados|Gyarados, F|155\/393 slp
|-damage|p1a: Gyarados|57\/393 slp|[from] Stealth Rock
|-ability|p1a: Gyarados|Intimidate|[of] p2a: Scizor
|-unboost|p2a: Scizor|atk|1
|move|p2a: Scizor|U-turn|p1a: Gyarados
|-resisted|p1a: Gyarados
|-damage|p1a: Gyarados|17\/393 slp
|callback|decision
|
|switch|p2a: Excadrill|Excadrill, M|405\/405
|-ability|p2a: Excadrill|Mold Breaker
|
|-heal|p1a: Gyarados|41\/393 slp|[from] item: Leftovers
|turn|24
|callback|decision
|
|move|p2a: Excadrill|Substitute|p2a: Excadrill
|-start|p2a: Excadrill|Substitute
|-damage|p2a: Excadrill|304\/405
|cant|p1a: Gyarados|slp
|move|p1a: Gyarados|Sleep Talk|p1a: Gyarados
|move|p1a: Gyarados|Waterfall|p2a: Excadrill|[from]Sleep Talk
|-supereffective|p2a: Excadrill
|-end|p2a: Excadrill|Substitute
|
|-heal|p2a: Excadrill|329\/405|[from] item: Leftovers
|-heal|p1a: Gyarados|65\/393 slp|[from] item: Leftovers
|turn|25
|callback|decision
|
|move|p2a: Excadrill|Rock Slide|p1a: Gyarados
|-supereffective|p1a: Gyarados
|-damage|p1a: Gyarados|0 fnt
|faint|p1a: Gyarados
|
|-heal|p2a: Excadrill|354\/405|[from] item: Leftovers
|callback|decision
|
|switch|p1a: Gliscor|Gliscor, F|306\/354 tox
|-damage|p1a: Gliscor|262\/354 tox|[from] Stealth Rock
|turn|26
|callback|decision
|
|switch|p2a: Gengar|Gengar, M|262\/262
|move|p1a: Gliscor|Earthquake|p2a: Gengar
|-immune|p2a: Gengar|[msg]
|
|-heal|p1a: Gliscor|306\/354 tox|[from] ability: Poison Heal
|turn|27
|callback|decision
|
|switch|p1a: Heatran|Heatran, F|385\/385
|-damage|p1a: Heatran|337\/385|[from] Stealth Rock
|move|p2a: Gengar|Shadow Ball|p1a: Heatran
|-damage|p1a: Heatran|237\/385
|
|-heal|p1a: Heatran|261\/385|[from] item: Leftovers
|turn|28
|callback|decision
|
|switch|p2a: Azumarill|Azumarill, F|384\/384
|move|p1a: Heatran|Lava Plume|p2a: Azumarill
|-crit|p2a: Azumarill
|-resisted|p2a: Azumarill
|-damage|p2a: Azumarill|273\/384
|
|-heal|p1a: Heatran|285\/385|[from] item: Leftovers
|turn|29
|callback|decision
|
|switch|p1a: Venusaur|Venusaur, F|311\/364 brn
|-formechange|p1a: Venusaur|Venusaur-Mega
|-damage|p1a: Venusaur|266\/364 brn|[from] Stealth Rock
|move|p2a: Azumarill|Aqua Tail|p1a: Venusaur
|-resisted|p1a: Venusaur
|-damage|p1a: Venusaur|135\/364 brn
|
|-damage|p1a: Venusaur|90\/364 brn|[from] brn
|turn|30
|callback|decision
|
|move|p1a: Venusaur|Leech Seed|p2a: Azumarill
|-start|p2a: Azumarill|move: Leech Seed
|move|p2a: Azumarill|Aqua Tail|p1a: Venusaur
|-resisted|p1a: Venusaur
|-damage|p1a: Venusaur|0 fnt
|faint|p1a: Venusaur
|
|callback|decision
|
|switch|p1a: Rotom-Wash|Rotom-Wash|59\/304
|-damage|p1a: Rotom-Wash|21\/304|[from] Stealth Rock
|turn|31
|callback|decision
|
|switch|p2a: Excadrill|Excadrill, M|354\/405
|-ability|p2a: Excadrill|Mold Breaker
|move|p1a: Rotom-Wash|Rest|p1a: Rotom-Wash
|-status|p1a: Rotom-Wash|slp
|-heal|p1a: Rotom-Wash|304\/304 slp|[silent]
|-status|p1a: Rotom-Wash|slp|[from] move: Rest
|
|-heal|p2a: Excadrill|379\/405|[from] item: Leftovers
|turn|32
|callback|decision
|
|switch|p1a: Gliscor|Gliscor, F|306\/354 tox
|-damage|p1a: Gliscor|262\/354 tox|[from] Stealth Rock
|move|p2a: Excadrill|Substitute|p2a: Excadrill
|-start|p2a: Excadrill|Substitute
|-damage|p2a: Excadrill|278\/405
|
|-heal|p2a: Excadrill|303\/405|[from] item: Leftovers
|-heal|p1a: Gliscor|306\/354 tox|[from] ability: Poison Heal
|turn|33
|callback|decision
|
|move|p1a: Gliscor|Earthquake|p2a: Excadrill
|-supereffective|p2a: Excadrill
|-end|p2a: Excadrill|Substitute
|move|p2a: Excadrill|Rock Slide|p1a: Gliscor
|-damage|p1a: Gliscor|243\/354 tox
|
|-heal|p2a: Excadrill|328\/405|[from] item: Leftovers
|-heal|p1a: Gliscor|287\/354 tox|[from] ability: Poison Heal
|turn|34
|callback|decision
|
|switch|p2a: Gengar|Gengar, M|262\/262
|move|p1a: Gliscor|Earthquake|p2a: Gengar
|-immune|p2a: Gengar|[msg]
|
|-heal|p1a: Gliscor|331\/354 tox|[from] ability: Poison Heal
|turn|35
|callback|decision
|
|switch|p1a: Rotom-Wash|Rotom-Wash|304\/304 slp
|-damage|p1a: Rotom-Wash|266\/304 slp|[from] Stealth Rock
|move|p2a: Gengar|Focus Blast|p1a: Rotom-Wash
|-damage|p1a: Rotom-Wash|141\/304 slp
|
|turn|36
|callback|decision
|
|move|p2a: Gengar|Focus Blast|p1a: Rotom-Wash
|-damage|p1a: Rotom-Wash|4\/304 slp
|cant|p1a: Rotom-Wash|slp
|
|turn|37
|callback|decision
|
|move|p2a: Gengar|Focus Blast|p1a: Rotom-Wash
|-damage|p1a: Rotom-Wash|0 fnt
|faint|p1a: Rotom-Wash
|
|callback|decision
|
|switch|p1a: Heatran|Heatran, F|285\/385
|-damage|p1a: Heatran|237\/385|[from] Stealth Rock
|turn|38
|callback|decision
|
|move|p2a: Gengar|Focus Blast|p1a: Heatran|[miss]
|-miss|p2a: Gengar|p1a: Heatran
|move|p1a: Heatran|Lava Plume|p2a: Gengar
|-damage|p2a: Gengar|126\/262
|-status|p2a: Gengar|brn
|
|-heal|p1a: Heatran|261\/385|[from] item: Leftovers
|-damage|p2a: Gengar|94\/262 brn|[from] brn
|turn|39
|callback|decision
|
|move|p2a: Gengar|Focus Blast|p1a: Heatran
|-supereffective|p1a: Heatran
|-damage|p1a: Heatran|73\/385
|-unboost|p1a: Heatran|spd|1
|move|p1a: Heatran|Stealth Rock|p2a: Gengar
|-sidestart|p2: Zedseayou|move: Stealth Rock
|
|-heal|p1a: Heatran|97\/385|[from] item: Leftovers
|-damage|p2a: Gengar|62\/262 brn|[from] brn
|turn|40
|callback|decision
|
|move|p2a: Gengar|Focus Blast|p1a: Heatran|[miss]
|-miss|p2a: Gengar|p1a: Heatran
|move|p1a: Heatran|Lava Plume|p2a: Gengar
|-damage|p2a: Gengar|0 fnt
|faint|p2a: Gengar
|
|-heal|p1a: Heatran|121\/385|[from] item: Leftovers
|callback|decision
|
|switch|p2a: Azumarill|Azumarill, F|273\/384
|-damage|p2a: Azumarill|225\/384|[from] Stealth Rock
|turn|41
|callback|decision
|
|move|p2a: Azumarill|Aqua Jet|p1a: Heatran
|-supereffective|p1a: Heatran
|-damage|p1a: Heatran|0 fnt
|faint|p1a: Heatran
|
|callback|decision
|
|switch|p1a: Gliscor|Gliscor, F|331\/354 tox
|-damage|p1a: Gliscor|287\/354 tox|[from] Stealth Rock
|turn|42
|callback|decision
|
|move|p2a: Azumarill|Aqua Jet|p1a: Gliscor
|-supereffective|p1a: Gliscor
|-damage|p1a: Gliscor|107\/354 tox
|move|p1a: Gliscor|Toxic|p2a: Azumarill
|-status|p2a: Azumarill|tox
|
|-heal|p1a: Gliscor|151\/354 tox|[from] ability: Poison Heal
|-damage|p2a: Azumarill|201\/384 tox|[from] psn
|turn|43
|callback|decision
|
|move|p1a: Gliscor|Protect|p1a: Gliscor
|-singleturn|p1a: Gliscor|Protect
|move|p2a: Azumarill|Aqua Jet|p1a: Gliscor
|-activate|p1a: Gliscor|Protect
|
|-heal|p1a: Gliscor|195\/354 tox|[from] ability: Poison Heal
|-damage|p2a: Azumarill|153\/384 tox|[from] psn
|turn|44
|callback|decision
|
|move|p2a: Azumarill|Aqua Jet|p1a: Gliscor
|-supereffective|p1a: Gliscor
|-damage|p1a: Gliscor|15\/354 tox
|move|p1a: Gliscor|Earthquake|p2a: Azumarill
|-damage|p2a: Azumarill|15\/384 tox
|
|-heal|p1a: Gliscor|59\/354 tox|[from] ability: Poison Heal
|-damage|p2a: Azumarill|0 fnt|[from] psn
|faint|p2a: Azumarill
|callback|decision
|
|switch|p2a: Scizor|Scizor, M|301\/344
|-formechange|p2a: Scizor|Scizor-Mega
|-damage|p2a: Scizor|258\/344|[from] Stealth Rock
|turn|45
|callback|decision
|
|move|p1a: Gliscor|Protect|p1a: Gliscor
|-singleturn|p1a: Gliscor|Protect
|move|p2a: Scizor|Swords Dance|p2a: Scizor
|-boost|p2a: Scizor|atk|2
|
|-heal|p1a: Gliscor|103\/354 tox|[from] ability: Poison Heal
|turn|46
|callback|decision
|
|move|p2a: Scizor|Bullet Punch|p1a: Gliscor
|-damage|p1a: Gliscor|0 fnt
|faint|p1a: Gliscor
|
|win|Zedseayou
|raw|Ladder updating...
|raw|SoundofMadness's rating: 1949 &rarr; <strong>1944<\/strong><br \/>(-5 for losing)
|raw|Zedseayou's rating: 1805 &rarr; <strong>1817<\/strong><br \/>(+12 for winning)
|chat|SoundofMadness|gg
|leave|Zedseayou
|player|p2