|join|jerry85
|join|Seirle
|player|p1|jerry85|267
|player|p2|Seirle|107
|gametype|singles
|gen|6
|tier|OU
|clearpoke
|poke|p1|Sableye, F
|poke|p1|Excadrill, M
|poke|p1|Manaphy
|poke|p1|Gliscor, F
|poke|p1|Talonflame, F
|poke|p1|Clefable, M
|poke|p2|Suicune
|poke|p2|Latios, M
|poke|p2|Heatran, F
|poke|p2|Garchomp, M
|poke|p2|Sableye, F
|poke|p2|Clefable, F
|rule|Swagger Clause: Swagger is banned
|rule|Baton Pass Clause: Limit one PokÃ©mon knowing Baton Pass
|rule|Sleep Clause Mod: Limit one foe put to sleep
|rule|Species Clause: Limit one of each PokÃ©mon
|rule|OHKO Clause: OHKO moves are banned
|rule|Moody Clause: Moody is banned
|rule|Evasion Moves Clause: Evasion moves are banned
|rule|Endless Battle Clause: Forcing endless battles is banned
|rule|HP Percentage Mod: HP is shown in percentages
|teampreview
|
|start
|switch|p1a: Sableye|Sableye, F|303\/303
|switch|p2a: Latios|Latios, M|301\/301
|turn|1
|
|detailschange|p1a: Sableye|Sableye-Mega, F
|-mega|p1a: Sableye|Sableye|Sablenite
|move|p2a: Latios|Draco Meteor|p1a: Sableye
|-crit|p1a: Sableye
|-damage|p1a: Sableye|14\/303
|-unboost|p2a: Latios|spa|2
|-damage|p2a: Latios|271\/301|[from] item: Life Orb
|move|p1a: Sableye|Knock Off|p2a: Latios
|-supereffective|p2a: Latios
|-damage|p2a: Latios|31\/301
|-enditem|p2a: Latios|Life Orb|[from] move: Knock Off|[of] p1a: Sableye
|
|turn|2
|
|move|p2a: Latios|Draco Meteor|p1a: Sableye
|-damage|p1a: Sableye|0 fnt
|-unboost|p2a: Latios|spa|2
|faint|p1a: Sableye
|
|
|switch|p1a: Talonflame|Talonflame, F|345\/345
|turn|3
|
|switch|p2a: Heatran|Heatran, F|379\/379
|move|p1a: Talonflame|Brave Bird|p2a: Heatran
|-resisted|p2a: Heatran
|-damage|p2a: Heatran|294\/379
|-damage|p1a: Talonflame|317\/345|[from] recoil|[of] p2a: Heatran
|
|-heal|p1a: Talonflame|338\/345|[from] item: Leftovers
|-heal|p2a: Heatran|317\/379|[from] item: Leftovers
|turn|4
|
|move|p1a: Talonflame|Taunt|p2a: Heatran
|-start|p2a: Heatran|move: Taunt
|cant|p2a: Heatran|move: Taunt|Stealth Rock
|
|-heal|p1a: Talonflame|345\/345|[from] item: Leftovers
|-heal|p2a: Heatran|340\/379|[from] item: Leftovers
|turn|5
|
|switch|p1a: Gliscor|Gliscor, F|353\/353
|switch|p2a: Sableye|Sableye, F|304\/304
|
|-status|p1a: Gliscor|tox|[from] item: Toxic Orb
|turn|6
|
|detailschange|p2a: Sableye|Sableye-Mega, F
|-mega|p2a: Sableye|Sableye|Sablenite
|move|p1a: Gliscor|U-turn|p2a: Sableye
|-damage|p2a: Sableye|271\/304
|
|switch|p1a: Manaphy|Manaphy|401\/401
|move|p2a: Sableye|Knock Off|p1a: Manaphy
|-damage|p1a: Manaphy|302\/401
|-enditem|p1a: Manaphy|Leftovers|[from] move: Knock Off|[of] p2a: Sableye
|
|turn|7
|
|switch|p2a: Latios|Latios, M|31\/301
|move|p1a: Manaphy|Rain Dance|p1a: Manaphy
|-weather|RainDance
|
|-weather|RainDance|[upkeep]
|turn|8
|
|move|p2a: Latios|Psyshock|p1a: Manaphy
|-damage|p1a: Manaphy|157\/401
|move|p1a: Manaphy|Scald|p2a: Latios
|-resisted|p2a: Latios
|-damage|p2a: Latios|0 fnt
|faint|p2a: Latios
|
|-weather|RainDance|[upkeep]
|
|switch|p2a: Garchomp|Garchomp, M|357\/357
|turn|9
|
|move|p2a: Garchomp|Substitute|p2a: Garchomp
|-start|p2a: Garchomp|Substitute
|-damage|p2a: Garchomp|268\/357
|move|p1a: Manaphy|Rest|p1a: Manaphy
|-status|p1a: Manaphy|slp
|-heal|p1a: Manaphy|401\/401 slp|[silent]
|-status|p1a: Manaphy|slp|[from] move: Rest
|
|-weather|RainDance|[upkeep]
|-curestatus|p1a: Manaphy|slp
|turn|10
|
|move|p2a: Garchomp|Swords Dance|p2a: Garchomp
|-boost|p2a: Garchomp|atk|2
|move|p1a: Manaphy|Scald|p2a: Garchomp
|-end|p2a: Garchomp|Substitute
|
|-weather|RainDance|[upkeep]
|turn|11
|
|move|p2a: Garchomp|Earthquake|p1a: Manaphy
|-damage|p1a: Manaphy|59\/401
|move|p1a: Manaphy|Scald|p2a: Garchomp
|-damage|p2a: Garchomp|117\/357
|
|-weather|none
|turn|12
|
|move|p2a: Garchomp|Dragon Claw|p1a: Manaphy
|-damage|p1a: Manaphy|0 fnt
|faint|p1a: Manaphy
|
|
|switch|p1a: Clefable|Clefable, M|393\/393
|turn|13
|
|move|p2a: Garchomp|Earthquake|p1a: Clefable
|-damage|p1a: Clefable|221\/393
|move|p1a: Clefable|Moonblast|p2a: Garchomp
|-supereffective|p2a: Garchomp
|-damage|p2a: Garchomp|0 fnt
|faint|p2a: Garchomp
|
|-heal|p1a: Clefable|245\/393|[from] item: Leftovers
|
|switch|p2a: Heatran|Heatran, F|340\/379
|turn|14
|
|switch|p1a: Talonflame|Talonflame, F|345\/345
|move|p2a: Heatran|Stealth Rock|p1a: Talonflame
|-sidestart|p1: jerry85|move: Stealth Rock
|
|-heal|p2a: Heatran|363\/379|[from] item: Leftovers
|turn|15
|
|switch|p2a: Suicune|Suicune|347\/347
|-ability|p2a: Suicune|Pressure
|move|p1a: Talonflame|Taunt|p2a: Suicune
|-start|p2a: Suicune|move: Taunt
|
|turn|16
|
|move|p1a: Talonflame|Brave Bird|p2a: Suicune
|-damage|p2a: Suicune|194\/347
|-damage|p1a: Talonflame|295\/345|[from] recoil|[of] p2a: Suicune
|move|p2a: Suicune|Hydro Pump|p1a: Talonflame
|-supereffective|p1a: Talonflame
|-damage|p1a: Talonflame|0 fnt
|faint|p1a: Talonflame
|
|-heal|p2a: Suicune|215\/347|[from] item: Leftovers
|
|switch|p1a: Clefable|Clefable, M|245\/393
|-damage|p1a: Clefable|196\/393|[from] Stealth Rock
|turn|17
|
|move|p2a: Suicune|Hydro Pump|p1a: Clefable
|-damage|p1a: Clefable|36\/393
|move|p1a: Clefable|Moonlight|p1a: Clefable
|-heal|p1a: Clefable|232\/393
|
|-heal|p2a: Suicune|236\/347|[from] item: Leftovers
|-heal|p1a: Clefable|256\/393|[from] item: Leftovers
|turn|18
|
|switch|p2a: Heatran|Heatran, F|363\/379
|move|p1a: Clefable|Moonlight|p1a: Clefable
|-heal|p1a: Clefable|393\/393
|
|-heal|p2a: Heatran|379\/379|[from] item: Leftovers
|turn|19
|
|switch|p2a: Suicune|Suicune|236\/347
|-ability|p2a: Suicune|Pressure
|move|p1a: Clefable|Moonlight|p1a: Clefable
|
|-heal|p2a: Suicune|257\/347|[from] item: Leftovers
|turn|20
|
|switch|p2a: Heatran|Heatran, F|379\/379
|move|p1a: Clefable|Calm Mind|p1a: Clefable
|-boost|p1a: Clefable|spa|1
|-boost|p1a: Clefable|spd|1
|
|turn|21
|
|move|p2a: Heatran|Toxic|p1a: Clefable
|-status|p1a: Clefable|tox
|move|p1a: Clefable|Moonlight|p1a: Clefable
|
|-damage|p1a: Clefable|369\/393 tox|[from] psn
|turn|22
|
|move|p2a: Heatran|Taunt|p1a: Clefable
|-start|p1a: Clefable|move: Taunt
|cant|p1a: Clefable|move: Taunt|Calm Mind
|
|-heal|p1a: Clefable|393\/393 tox|[from] item: Leftovers
|-damage|p1a: Clefable|345\/393 tox|[from] psn
|turn|23
|
|move|p2a: Heatran|Lava Plume|p1a: Clefable
|-damage|p1a: Clefable|270\/393 tox
|move|p1a: Clefable|Moonblast|p2a: Heatran
|-resisted|p2a: Heatran
|-damage|p2a: Heatran|352\/379
|
|-heal|p2a: Heatran|375\/379|[from] item: Leftovers
|-heal|p1a: Clefable|294\/393 tox|[from] item: Leftovers
|-damage|p1a: Clefable|222\/393 tox|[from] psn
|turn|24
|
|switch|p1a: Gliscor|Gliscor, F|353\/353 tox
|-damage|p1a: Gliscor|309\/353 tox|[from] Stealth Rock
|move|p2a: Heatran|Lava Plume|p1a: Gliscor
|-damage|p1a: Gliscor|158\/353 tox
|
|-heal|p2a: Heatran|379\/379|[from] item: Leftovers
|-heal|p1a: Gliscor|202\/353 tox|[from] ability: Poison Heal
|turn|25
|
|switch|p2a: Sableye|Sableye-Mega, F|271\/304
|move|p1a: Gliscor|Earthquake|p2a: Sableye
|-damage|p2a: Sableye|202\/304
|
|-heal|p1a: Gliscor|246\/353 tox|[from] ability: Poison Heal
|turn|26
|
|move|p1a: Gliscor|U-turn|p2a: Sableye
|-damage|p2a: Sableye|172\/304
|
|switch|p1a: Clefable|Clefable, M|222\/393 tox
|-damage|p1a: Clefable|173\/393 tox|[from] Stealth Rock
|move|p2a: Sableye|Knock Off|p1a: Clefable
|-resisted|p1a: Clefable
|-damage|p1a: Clefable|120\/393 tox
|-enditem|p1a: Clefable|Leftovers|[from] move: Knock Off|[of] p2a: Sableye
|
|-damage|p1a: Clefable|96\/393 tox|[from] psn
|turn|27
|
|move|p1a: Clefable|Moonlight|p1a: Clefable
|-heal|p1a: Clefable|292\/393 tox
|move|p2a: Sableye|Shadow Ball|p1a: Clefable
|-crit|p1a: Clefable
|-damage|p1a: Clefable|169\/393 tox
|-unboost|p1a: Clefable|spd|1
|
|-damage|p1a: Clefable|121\/393 tox|[from] psn
|turn|28
|c|âSeirle|sorry
|c|âjerry85|xd
|
|switch|p2a: Heatran|Heatran, F|379\/379
|move|p1a: Clefable|Moonlight|p1a: Clefable
|-heal|p1a: Clefable|317\/393 tox
|
|-damage|p1a: Clefable|245\/393 tox|[from] psn
|turn|29
|
|move|p2a: Heatran|Lava Plume|p1a: Clefable
|-damage|p1a: Clefable|74\/393 tox
|move|p1a: Clefable|Aromatherapy|p1a: Clefable
|-cureteam|p1a: Clefable|[from] move: Aromatherapy
|
|turn|30
|
|move|p2a: Heatran|Lava Plume|p1a: Clefable
|-damage|p1a: Clefable|0 fnt
|faint|p1a: Clefable
|
|
|switch|p1a: Excadrill|Excadrill, M|424\/424
|-damage|p1a: Excadrill|411\/424|[from] Stealth Rock
|-ability|p1a: Excadrill|Mold Breaker
|turn|31
|
|move|p1a: Excadrill|Earthquake|p2a: Heatran
|-supereffective|p2a: Heatran
|-damage|p2a: Heatran|0 fnt
|faint|p2a: Heatran
|
|-heal|p1a: Excadrill|424\/424|[from] item: Leftovers
|raw|<div class="broadcast-blue"><b>Seasonal has just gotten a balance update!<\/b><\/div>
|
|switch|p2a: Sableye|Sableye-Mega, F|172\/304
|turn|32
|
|move|p1a: Excadrill|Earthquake|p2a: Sableye
|-damage|p2a: Sableye|82\/304
|move|p2a: Sableye|Will-O-Wisp|p1a: Excadrill|[miss]
|-miss|p2a: Sableye|p1a: Excadrill
|
|turn|33
|
|switch|p2a: Clefable|Clefable, F|394\/394
|move|p1a: Excadrill|Earthquake|p2a: Clefable
|-damage|p2a: Clefable|253\/394
|
|-heal|p2a: Clefable|277\/394|[from] item: Leftovers
|turn|34
|
|move|p1a: Excadrill|Earthquake|p2a: Clefable
|-damage|p2a: Clefable|130\/394
|move|p2a: Clefable|Moonblast|p1a: Excadrill
|-resisted|p1a: Excadrill
|-damage|p1a: Excadrill|376\/424
|-unboost|p1a: Excadrill|spa|1
|
|-heal|p1a: Excadrill|402\/424|[from] item: Leftovers
|-heal|p2a: Clefable|154\/394|[from] item: Leftovers
|turn|35
|
|move|p1a: Excadrill|Earthquake|p2a: Clefable
|-damage|p2a: Clefable|19\/394
|move|p2a: Clefable|Moonblast|p1a: Excadrill
|-resisted|p1a: Excadrill
|-damage|p1a: Excadrill|352\/424
|-unboost|p1a: Excadrill|spa|1
|
|-heal|p1a: Excadrill|378\/424|[from] item: Leftovers
|-heal|p2a: Clefable|43\/394|[from] item: Leftovers
|turn|36
|
|move|p1a: Excadrill|Earthquake|p2a: Clefable
|-damage|p2a: Clefable|0 fnt
|faint|p2a: Clefable
|
|-heal|p1a: Excadrill|404\/424|[from] item: Leftovers
|
|switch|p2a: Suicune|Suicune|257\/347
|-ability|p2a: Suicune|Pressure
|turn|37
|
|move|p2a: Suicune|Hydro Pump|p1a: Excadrill
|-supereffective|p1a: Excadrill
|-damage|p1a: Excadrill|86\/424
|move|p1a: Excadrill|Earthquake|p2a: Suicune
|-damage|p2a: Suicune|113\/347
|
|-heal|p2a: Suicune|134\/347|[from] item: Leftovers
|-heal|p1a: Excadrill|112\/424|[from] item: Leftovers
|turn|38
|
|move|p2a: Suicune|Ice Beam|p1a: Excadrill
|-damage|p1a: Excadrill|28\/424
|move|p1a: Excadrill|Earthquake|p2a: Suicune
|-damage|p2a: Suicune|0 fnt
|faint|p2a: Suicune
|
|-heal|p1a: Excadrill|54\/424|[from] item: Leftovers
|
|switch|p2a: Sableye|Sableye-Mega, F|82\/304
|turn|39
|
|move|p1a: Excadrill|Earthquake|p2a: Sableye
|-damage|p2a: Sableye|0 fnt
|faint|p2a: Sableye
|
|win|jerry85
|c|âSeirle|gg
|c|âjerry85|gg