|join|TheRealMaxPotter
|join|jerry85
|player|p1|TheRealMaxPotter|2
|player|p2|jerry85|267
|gametype|singles
|gen|6
|tier|OU
|rated
|clearpoke
|poke|p1|Breloom, F
|poke|p1|Magnezone
|poke|p1|Landorus, M, shiny
|poke|p1|Azumarill, F, shiny
|poke|p1|Tyranitar, M
|poke|p1|Metagross, shiny
|poke|p2|Sableye, F
|poke|p2|Excadrill, M
|poke|p2|Manaphy
|poke|p2|Gliscor, F
|poke|p2|Talonflame, F
|poke|p2|Clefable, M
|rule|Swagger Clause: Swagger is banned
|rule|Baton Pass Clause: Limit one PokÃ©mon knowing Baton Pass
|rule|Sleep Clause Mod: Limit one foe put to sleep
|rule|Species Clause: Limit one of each PokÃ©mon
|rule|OHKO Clause: OHKO moves are banned
|rule|Moody Clause: Moody is banned
|rule|Evasion Moves Clause: Evasion moves are banned
|rule|Endless Battle Clause: Forcing endless battles is banned
|rule|HP Percentage Mod: HP is shown in percentages
|teampreview
|
|start
|switch|p1a: Landorus|Landorus, M, shiny|319\/319
|switch|p2a: Sableye|Sableye, F|301\/301
|turn|1
|
|detailschange|p2a: Sableye|Sableye-Mega, F
|-mega|p2a: Sableye|Sableye|Sablenite
|move|p1a: Landorus|Knock Off|p2a: Sableye
|-damage|p2a: Sableye|237\/301
|-damage|p1a: Landorus|288\/319|[from] item: Life Orb
|move|p2a: Sableye|Knock Off|p1a: Landorus
|-damage|p1a: Landorus|173\/319
|-enditem|p1a: Landorus|Life Orb|[from] move: Knock Off|[of] p2a: Sableye
|
|turn|2
|
|move|p1a: Landorus|Earth Power|p2a: Sableye
|-damage|p2a: Sableye|104\/301
|move|p2a: Sableye|Recover|p2a: Sableye
|-heal|p2a: Sableye|255\/301
|
|turn|3
|
|move|p1a: Landorus|Earth Power|p2a: Sableye
|-damage|p2a: Sableye|134\/301
|move|p2a: Sableye|Recover|p2a: Sableye
|-heal|p2a: Sableye|285\/301
|
|turn|4
|
|switch|p1a: Azumarill|Azumarill, F, shiny|403\/403
|move|p2a: Sableye|Will-O-Wisp|p1a: Azumarill|[miss]
|-miss|p2a: Sableye|p1a: Azumarill
|
|turn|5
|join|heeljuni
|
|switch|p2a: Clefable|Clefable, M|393\/393
|move|p1a: Azumarill|Waterfall|p2a: Clefable
|-damage|p2a: Clefable|108\/393
|
|-heal|p2a: Clefable|132\/393|[from] item: Leftovers
|turn|6
|
|switch|p2a: Manaphy|Manaphy|401\/401
|move|p1a: Azumarill|Waterfall|p2a: Manaphy
|-resisted|p2a: Manaphy
|-damage|p2a: Manaphy|268\/401
|
|-heal|p2a: Manaphy|293\/401|[from] item: Leftovers
|turn|7
|
|switch|p1a: Magnezone|Magnezone|343\/343
|move|p2a: Manaphy|Scald|p1a: Magnezone
|-damage|p1a: Magnezone|270\/343
|
|-heal|p2a: Manaphy|318\/401|[from] item: Leftovers
|turn|8
|
|switch|p2a: Excadrill|Excadrill, M|424\/424
|-ability|p2a: Excadrill|Mold Breaker
|switch|p1a: Metagross|Metagross, shiny|302\/302
|
|turn|9
|
|switch|p1a: Landorus|Landorus, M, shiny|173\/319
|move|p2a: Excadrill|Earthquake|p1a: Landorus
|-immune|p1a: Landorus|[msg]
|
|turn|10
|
|move|p1a: Landorus|Knock Off|p2a: Excadrill
|-damage|p2a: Excadrill|293\/424
|-enditem|p2a: Excadrill|Leftovers|[from] move: Knock Off|[of] p1a: Landorus
|move|p2a: Excadrill|Iron Head|p1a: Landorus
|-damage|p1a: Landorus|29\/319
|
|turn|11
|
|switch|p2a: Talonflame|Talonflame, F|345\/345
|move|p1a: Landorus|Earth Power|p2a: Talonflame
|-immune|p2a: Talonflame|[msg]
|
|turn|12
|
|move|p2a: Talonflame|Brave Bird|p1a: Landorus
|-damage|p1a: Landorus|0 fnt
|-damage|p2a: Talonflame|335\/345|[from] recoil|[of] p1a: Landorus
|faint|p1a: Landorus
|
|-heal|p2a: Talonflame|345\/345|[from] item: Leftovers
|
|switch|p1a: Tyranitar|Tyranitar, M|341\/341
|-weather|Sandstorm
|turn|13
|
|switch|p2a: Gliscor|Gliscor, F|353\/353
|move|p1a: Tyranitar|Dragon Dance|p1a: Tyranitar
|-boost|p1a: Tyranitar|atk|1
|-boost|p1a: Tyranitar|spe|1
|
|-weather|Sandstorm|[upkeep]
|-status|p2a: Gliscor|tox|[from] item: Toxic Orb
|turn|14
|
|move|p1a: Tyranitar|Dragon Dance|p1a: Tyranitar
|-boost|p1a: Tyranitar|atk|1
|-boost|p1a: Tyranitar|spe|1
|move|p2a: Gliscor|Earthquake|p1a: Tyranitar
|-crit|p1a: Tyranitar
|-supereffective|p1a: Tyranitar
|-damage|p1a: Tyranitar|11\/341
|
|-weather|Sandstorm|[upkeep]
|-heal|p1a: Tyranitar|32\/341|[from] item: Leftovers
|turn|15
|
|move|p1a: Tyranitar|Ice Punch|p2a: Gliscor
|-supereffective|p2a: Gliscor
|-damage|p2a: Gliscor|0 fnt
|faint|p2a: Gliscor
|
|-weather|Sandstorm|[upkeep]
|-heal|p1a: Tyranitar|53\/341|[from] item: Leftovers
|
|switch|p2a: Clefable|Clefable, M|132\/393
|turn|16
|
|move|p1a: Tyranitar|Stone Edge|p2a: Clefable
|-damage|p2a: Clefable|0 fnt
|faint|p2a: Clefable
|
|-weather|Sandstorm|[upkeep]
|-heal|p1a: Tyranitar|74\/341|[from] item: Leftovers
|
|switch|p2a: Manaphy|Manaphy|318\/401
|turn|17
|
|move|p1a: Tyranitar|Stone Edge|p2a: Manaphy
|-damage|p2a: Manaphy|0 fnt
|faint|p2a: Manaphy
|
|-weather|none
|-heal|p1a: Tyranitar|95\/341|[from] item: Leftovers
|
|switch|p2a: Talonflame|Talonflame, F|345\/345
|turn|18
|
|move|p2a: Talonflame|Brave Bird|p1a: Tyranitar
|-resisted|p1a: Tyranitar
|-damage|p1a: Tyranitar|19\/341
|-damage|p2a: Talonflame|320\/345|[from] recoil|[of] p1a: Tyranitar
|move|p1a: Tyranitar|Crunch|p2a: Talonflame
|-damage|p2a: Talonflame|0 fnt
|faint|p2a: Talonflame
|
|-heal|p1a: Tyranitar|40\/341|[from] item: Leftovers
|
|switch|p2a: Excadrill|Excadrill, M|293\/424
|-ability|p2a: Excadrill|Mold Breaker
|turn|19
|
|move|p1a: Tyranitar|Crunch|p2a: Excadrill
|-damage|p2a: Excadrill|0 fnt
|faint|p2a: Excadrill
|
|-heal|p1a: Tyranitar|61\/341|[from] item: Leftovers
|
|switch|p2a: Sableye|Sableye-Mega, F|285\/301
|turn|20
|
|move|p1a: Tyranitar|Stone Edge|p2a: Sableye
|-damage|p2a: Sableye|0 fnt
|faint|p2a: Sableye
|
|win|TheRealMaxPotter
|raw|Ladder updating...
|raw|TheRealMaxPotter's rating: 1600 &rarr; <strong>1617<\/strong><br \/>(+17 for winning)
|raw|jerry85's rating: 1552 &rarr; <strong>1535<\/strong><br \/>(-17 for losing)
|leave|jerry85