|join|Deyhuty
|join|jerry85
|player|p1|Deyhuty|1
|player|p2|jerry85|267
|gametype|singles
|gen|6
|tier|OU
|clearpoke
|poke|p1|Ferrothorn, M, shiny
|poke|p1|Chansey, F, shiny
|poke|p1|Charizard, M, shiny
|poke|p1|Froslass, F, shiny
|poke|p1|Accelgor, M, shiny
|poke|p1|Azumarill, M, shiny
|poke|p2|Thundurus, M
|poke|p2|Bisharp, F
|poke|p2|Dragonite, F
|poke|p2|Infernape, F
|poke|p2|Metagross, shiny
|poke|p2|Keldeo-Resolute
|rule|Swagger Clause: Swagger is banned
|rule|Baton Pass Clause: Limit one PokÃ©mon knowing Baton Pass
|rule|Sleep Clause Mod: Limit one foe put to sleep
|rule|Species Clause: Limit one of each PokÃ©mon
|rule|OHKO Clause: OHKO moves are banned
|rule|Moody Clause: Moody is banned
|rule|Evasion Moves Clause: Evasion moves are banned
|rule|Endless Battle Clause: Forcing endless battles is banned
|rule|HP Percentage Mod: HP is shown in percentages
|teampreview
|c|âDeyhuty|Hi
|c|âjerry85|que tal
|c|âDeyhuty|Mmmm... muchos Physical nope?
|c|âjerry85|xd
|c|âDeyhuty|EmpezarÃ¨ a lo lokoh
|
|start
|switch|p1a: Accelgor|Accelgor, M, shiny|364\/364
|switch|p2a: Infernape|Infernape, F|293\/293
|turn|1
|c|âDeyhuty|Suerte.
|c|âjerry85|equally man
|
|move|p1a: Accelgor|Final Gambit|p2a: Infernape
|-enditem|p2a: Infernape|Focus Sash
|-damage|p2a: Infernape|1\/293
|faint|p1a: Accelgor
|move|p2a: Infernape|Stealth Rock|p1: Accelgor
|-sidestart|p1: Deyhuty|move: Stealth Rock
|
|c|âDeyhuty|Gg
|c|âjerry85|xddd
|c|âDeyhuty|xdd
|
|switch|p1a: Froslass|Froslass, F, shiny|281\/281
|-damage|p1a: Froslass|211\/281|[from] Stealth Rock
|turn|2
|
|move|p1a: Froslass|Ice Shard|p2a: Infernape
|-resisted|p2a: Infernape
|-damage|p2a: Infernape|0 fnt
|faint|p2a: Infernape
|
|
|switch|p2a: Metagross|Metagross, shiny|301\/301
|turn|3
|c|âDeyhuty|Vamos no me jodas xdd
|
|switch|p1a: Ferrothorn|Ferrothorn, M, shiny|350\/350
|-damage|p1a: Ferrothorn|329\/350|[from] Stealth Rock
|detailschange|p2a: Metagross|Metagross-Mega, shiny
|-mega|p2a: Metagross|Metagross|Metagrossite
|move|p2a: Metagross|Bullet Punch|p1a: Ferrothorn
|-resisted|p1a: Ferrothorn
|-damage|p1a: Ferrothorn|295\/350
|-damage|p2a: Metagross|264\/301|[from] ability: Iron Barbs|[of] p1a: Ferrothorn
|-damage|p2a: Metagross|214\/301|[from] item: Rocky Helmet|[of] p1a: Ferrothorn
|
|turn|4
|
|switch|p2a: Dragonite|Dragonite, F|385\/385
|move|p1a: Ferrothorn|Spikes|p2a: Dragonite
|-sidestart|p2: jerry85|Spikes
|
|turn|5
|
|switch|p2a: Thundurus|Thundurus, M|299\/299
|move|p1a: Ferrothorn|Toxic|p2a: Thundurus
|-status|p2a: Thundurus|tox
|
|-damage|p2a: Thundurus|281\/299 tox|[from] psn
|turn|6
|
|move|p2a: Thundurus|Volt Switch|p1a: Ferrothorn
|-resisted|p1a: Ferrothorn
|-damage|p1a: Ferrothorn|238\/350
|-damage|p2a: Thundurus|252\/299 tox|[from] item: Life Orb
|c|âDeyhuty|Mueh
|
|switch|p2a: Keldeo-Resolute|Keldeo-Resolute|323\/323
|-damage|p2a: Keldeo-Resolute|283\/323|[from] Spikes
|move|p1a: Ferrothorn|Spikes|p2a: Keldeo-Resolute
|-sidestart|p2: jerry85|Spikes
|
|turn|7
|
|move|p2a: Keldeo-Resolute|Secret Sword|p1a: Ferrothorn
|-supereffective|p1a: Ferrothorn
|-damage|p1a: Ferrothorn|0 fnt
|faint|p1a: Ferrothorn
|
|
|switch|p1a: Azumarill|Azumarill, M, shiny|401\/401
|-damage|p1a: Azumarill|351\/401|[from] Stealth Rock
|turn|8
|
|switch|p2a: Thundurus|Thundurus, M|252\/299 tox
|move|p1a: Azumarill|Play Rough|p2a: Thundurus
|-damage|p2a: Thundurus|0 fnt
|faint|p2a: Thundurus
|
|c|âjerry85|ups
|c|âjerry85|mal predict
|c|âDeyhuty|Yes xd
|
|switch|p2a: Metagross|Metagross-Mega, shiny|214\/301
|-damage|p2a: Metagross|164\/301|[from] Spikes
|turn|9
|
|move|p2a: Metagross|Meteor Mash|p1a: Azumarill
|-damage|p1a: Azumarill|80\/401
|move|p1a: Azumarill|Knock Off|p2a: Metagross
|-supereffective|p2a: Metagross
|-damage|p2a: Metagross|38\/301
|
|turn|10
|c|âDeyhuty|Odio a Metagross-M >-<
|
|move|p2a: Metagross|Bullet Punch|p1a: Azumarill
|-damage|p1a: Azumarill|0 fnt
|faint|p1a: Azumarill
|
|c|âjerry85|jejej
|c|âDeyhuty|lol
|
|switch|p1a: Charizard|Charizard, M, shiny|297\/297
|-damage|p1a: Charizard|149\/297|[from] Stealth Rock
|turn|11
|
|detailschange|p1a: Charizard|Charizard-Mega-X, M, shiny
|-mega|p1a: Charizard|Charizard|Charizardite X
|move|p2a: Metagross|Zen Headbutt|p1a: Charizard
|-damage|p1a: Charizard|0 fnt
|faint|p1a: Charizard
|
|c|âDeyhuty|Joder
|c|âDeyhuty|GG
|c|âjerry85|xd aun no
|
|switch|p1a: Chansey|Chansey, F, shiny|704\/704
|-damage|p1a: Chansey|616\/704|[from] Stealth Rock
|turn|12
|
|move|p2a: Metagross|Meteor Mash|p1a: Chansey
|-damage|p1a: Chansey|265\/704
|-boost|p2a: Metagross|atk|1
|move|p1a: Chansey|Seismic Toss|p2a: Metagross
|-damage|p2a: Metagross|0 fnt
|faint|p2a: Metagross
|
|
|switch|p2a: Dragonite|Dragonite, F|385\/385
|turn|13
|c|âDeyhuty|Mierdagross, death
|
|move|p2a: Dragonite|Outrage|p1a: Chansey
|-damage|p1a: Chansey|0 fnt
|faint|p1a: Chansey
|
|c|âjerry85|creo que ahora si.. GG! XD
|
|switch|p1a: Froslass|Froslass, F, shiny|211\/281
|-damage|p1a: Froslass|141\/281|[from] Stealth Rock
|turn|14
|
|move|p1a: Froslass|Ice Beam|p2a: Dragonite
|-supereffective|p2a: Dragonite
|-damage|p2a: Dragonite|163\/385
|move|p2a: Dragonite|Outrage|p1a: Froslass
|-damage|p1a: Froslass|0 fnt
|faint|p1a: Froslass
|
|win|jerry85