|join|Jerry85
|join|dvezdawg
|player|p1|Jerry85|267
|player|p2|dvezdawg|274
|gametype|singles
|gen|6
|tier|OU
|rated
|clearpoke
|poke|p1|Sableye, F
|poke|p1|Excadrill, M
|poke|p1|Manaphy
|poke|p1|Gliscor, F
|poke|p1|Talonflame, F
|poke|p1|Clefable, M
|poke|p2|Talonflame, F
|poke|p2|Rotom-Wash
|poke|p2|Landorus-Therian, M
|poke|p2|Espeon, M
|poke|p2|Azumarill, M
|poke|p2|Scizor, F
|rule|Swagger Clause: Swagger is banned
|rule|Baton Pass Clause: Limit one PokÃ©mon knowing Baton Pass
|rule|Sleep Clause Mod: Limit one foe put to sleep
|rule|Species Clause: Limit one of each PokÃ©mon
|rule|OHKO Clause: OHKO moves are banned
|rule|Moody Clause: Moody is banned
|rule|Evasion Moves Clause: Evasion moves are banned
|rule|Endless Battle Clause: Forcing endless battles is banned
|rule|HP Percentage Mod: HP is shown in percentages
|teampreview
|
|start
|switch|p1a: Sableye|Sableye, F|303\/303
|switch|p2a: Espeon|Espeon, M|334\/334
|turn|1
|
|detailschange|p1a: Sableye|Sableye-Mega, F
|-mega|p1a: Sableye|Sableye|Sablenite
|move|p2a: Espeon|Light Screen|p2a: Espeon
|-sidestart|p2: dvezdawg|move: Light Screen
|move|p1a: Sableye|Knock Off|p2a: Espeon
|-supereffective|p2a: Espeon
|-damage|p2a: Espeon|38\/334
|-enditem|p2a: Espeon|Light Clay|[from] move: Knock Off|[of] p1a: Sableye
|
|turn|2
|
|move|p2a: Espeon|Reflect|p2a: Espeon
|-sidestart|p2: dvezdawg|Reflect
|move|p1a: Sableye|Knock Off|p2a: Espeon
|-crit|p2a: Espeon
|-supereffective|p2a: Espeon
|-damage|p2a: Espeon|0 fnt
|faint|p2a: Espeon
|
|
|switch|p2a: Azumarill|Azumarill, M|404\/404
|turn|3
|
|move|p2a: Azumarill|Belly Drum|p2a: Azumarill
|-damage|p2a: Azumarill|202\/404
|-setboost|p2a: Azumarill|atk|6|[from] move: Belly Drum
|-enditem|p2a: Azumarill|Sitrus Berry|[eat]
|-heal|p2a: Azumarill|303\/404|[from] item: Sitrus Berry
|move|p1a: Sableye|Will-O-Wisp|p2a: Azumarill
|-status|p2a: Azumarill|brn
|
|-damage|p2a: Azumarill|253\/404 brn|[from] brn
|turn|4
|
|switch|p1a: Clefable|Clefable, M|393\/393
|move|p2a: Azumarill|Aqua Jet|p1a: Clefable
|-crit|p1a: Clefable
|-damage|p1a: Clefable|324\/393
|
|-heal|p1a: Clefable|348\/393|[from] item: Leftovers
|-damage|p2a: Azumarill|203\/404 brn|[from] brn
|turn|5
|
|switch|p1a: Manaphy|Manaphy|401\/401
|move|p2a: Azumarill|Brick Break|p1a: Manaphy
|-damage|p1a: Manaphy|194\/401
|
|-heal|p1a: Manaphy|219\/401|[from] item: Leftovers
|-damage|p2a: Azumarill|153\/404 brn|[from] brn
|turn|6
|
|switch|p1a: Clefable|Clefable, M|348\/393
|move|p2a: Azumarill|Brick Break|p1a: Clefable
|-resisted|p1a: Clefable
|-damage|p1a: Clefable|319\/393
|
|-heal|p1a: Clefable|343\/393|[from] item: Leftovers
|-damage|p2a: Azumarill|103\/404 brn|[from] brn
|-sideend|p2: dvezdawg|Reflect
|turn|7
|
|move|p1a: Clefable|Moonlight|p1a: Clefable
|-heal|p1a: Clefable|393\/393
|move|p2a: Azumarill|Play Rough|p1a: Clefable
|-damage|p1a: Clefable|297\/393
|
|-heal|p1a: Clefable|321\/393|[from] item: Leftovers
|-damage|p2a: Azumarill|53\/404 brn|[from] brn
|turn|8
|
|move|p2a: Azumarill|Aqua Jet|p1a: Clefable
|-damage|p1a: Clefable|273\/393
|move|p1a: Clefable|Moonblast|p2a: Azumarill
|-damage|p2a: Azumarill|0 fnt
|faint|p2a: Azumarill
|
|-heal|p1a: Clefable|297\/393|[from] item: Leftovers
|-sideend|p2: dvezdawg|move: Light Screen
|
|switch|p2a: Scizor|Scizor, F|344\/344
|turn|9
|
|switch|p1a: Gliscor|Gliscor, F|353\/353
|move|p2a: Scizor|Bullet Punch|p1a: Gliscor
|-damage|p1a: Gliscor|280\/353
|
|-status|p1a: Gliscor|tox|[from] item: Toxic Orb
|turn|10
|
|switch|p2a: Rotom-Wash|Rotom-Wash|303\/303
|move|p1a: Gliscor|Stealth Rock|p2a: Rotom-Wash
|-sidestart|p2: dvezdawg|move: Stealth Rock
|
|-heal|p1a: Gliscor|324\/353 tox|[from] ability: Poison Heal
|turn|11
|
|switch|p1a: Manaphy|Manaphy|219\/401
|move|p2a: Rotom-Wash|Hydro Pump|p1a: Manaphy
|-resisted|p1a: Manaphy
|-damage|p1a: Manaphy|172\/401
|
|-heal|p1a: Manaphy|197\/401|[from] item: Leftovers
|turn|12
|
|move|p1a: Manaphy|Rest|p1a: Manaphy
|-status|p1a: Manaphy|slp
|-heal|p1a: Manaphy|401\/401 slp|[silent]
|-status|p1a: Manaphy|slp|[from] move: Rest
|move|p2a: Rotom-Wash|Volt Switch|p1a: Manaphy
|-supereffective|p1a: Manaphy
|-damage|p1a: Manaphy|275\/401 slp
|
|switch|p2a: Scizor|Scizor, F|344\/344
|-damage|p2a: Scizor|301\/344|[from] Stealth Rock
|
|-heal|p1a: Manaphy|300\/401 slp|[from] item: Leftovers
|turn|13
|
|detailschange|p2a: Scizor|Scizor-Mega, F
|-mega|p2a: Scizor|Scizor|Scizorite
|cant|p1a: Manaphy|slp
|move|p2a: Scizor|Bug Bite|p1a: Manaphy
|-damage|p1a: Manaphy|107\/401 slp
|
|-heal|p1a: Manaphy|132\/401 slp|[from] item: Leftovers
|turn|14
|
|switch|p1a: Gliscor|Gliscor, F|324\/353 tox
|move|p2a: Scizor|Bug Bite|p1a: Gliscor
|-resisted|p1a: Gliscor
|-damage|p1a: Gliscor|264\/353 tox
|
|-heal|p1a: Gliscor|308\/353 tox|[from] ability: Poison Heal
|turn|15
|
|switch|p2a: Landorus-Therian|Landorus-Therian, M|381\/381
|-damage|p2a: Landorus-Therian|334\/381|[from] Stealth Rock
|-ability|p2a: Landorus-Therian|Intimidate|[of] p1a: Gliscor
|-unboost|p1a: Gliscor|atk|1
|move|p1a: Gliscor|Taunt|p2a: Landorus-Therian
|-start|p2a: Landorus-Therian|move: Taunt
|
|-heal|p2a: Landorus-Therian|357\/381|[from] item: Leftovers
|-heal|p1a: Gliscor|352\/353 tox|[from] ability: Poison Heal
|turn|16
|
|move|p1a: Gliscor|U-turn|p2a: Landorus-Therian
|-resisted|p2a: Landorus-Therian
|-damage|p2a: Landorus-Therian|344\/381
|
|switch|p1a: Sableye|Sableye-Mega, F|303\/303
|move|p2a: Landorus-Therian|Stone Edge|p1a: Sableye
|-damage|p1a: Sableye|216\/303
|
|-heal|p2a: Landorus-Therian|367\/381|[from] item: Leftovers
|turn|17
|
|move|p2a: Landorus-Therian|U-turn|p1a: Sableye
|-damage|p1a: Sableye|156\/303
|
|switch|p2a: Rotom-Wash|Rotom-Wash|303\/303
|-damage|p2a: Rotom-Wash|266\/303|[from] Stealth Rock
|move|p1a: Sableye|Knock Off|p2a: Rotom-Wash
|-crit|p2a: Rotom-Wash
|-damage|p2a: Rotom-Wash|157\/303
|-enditem|p2a: Rotom-Wash|Leftovers|[from] move: Knock Off|[of] p1a: Sableye
|
|turn|18
|
|move|p2a: Rotom-Wash|Hydro Pump|p1a: Sableye
|-damage|p1a: Sableye|60\/303
|move|p1a: Sableye|Recover|p1a: Sableye
|-heal|p1a: Sableye|212\/303
|
|turn|19
|leave|dvezdawg
|
|move|p2a: Rotom-Wash|Hydro Pump|p1a: Sableye
|-damage|p1a: Sableye|127\/303
|move|p1a: Sableye|Recover|p1a: Sableye
|-heal|p1a: Sableye|279\/303
|
|turn|20
|player|p2
|-message|dvezdawg lost due to inactivity.
|
|win|Jerry85
|raw|Ladder updating...
|raw|Jerry85's rating: 1523 &rarr; <strong>1534<\/strong><br \/>(+11 for winning)
|raw|dvezdawg's rating: 1342 &rarr; <strong>1332<\/strong><br \/>(-10 for losing)