|join|jerry85
|join|Cholera90
|player|p1|jerry85|267
|player|p2|Cholera90|248
|gametype|singles
|gen|6
|tier|OU
|rated
|clearpoke
|poke|p1|Sableye, M
|poke|p1|Excadrill, M
|poke|p1|Manaphy
|poke|p1|Gliscor, M
|poke|p1|Talonflame, F
|poke|p1|Clefable, M
|poke|p2|Gardevoir, F
|poke|p2|Thundurus, M
|poke|p2|Talonflame, F
|poke|p2|Haxorus, M
|poke|p2|Keldeo
|poke|p2|Heatran, M
|rule|Swagger Clause: Swagger is banned
|rule|Baton Pass Clause: Limit one PokÃ©mon knowing Baton Pass
|rule|Sleep Clause Mod: Limit one foe put to sleep
|rule|Species Clause: Limit one of each PokÃ©mon
|rule|OHKO Clause: OHKO moves are banned
|rule|Moody Clause: Moody is banned
|rule|Evasion Moves Clause: Evasion moves are banned
|rule|Endless Battle Clause: Forcing endless battles is banned
|rule|HP Percentage Mod: HP is shown in percentages
|teampreview
|
|start
|switch|p1a: Gliscor|Gliscor, M|353\/353
|switch|p2a: Heatran|Heatran, M|323\/323
|-item|p2a: Heatran|Air Balloon
|turn|1
|
|move|p2a: Heatran|Lava Plume|p1a: Gliscor
|-damage|p1a: Gliscor|149\/353
|-status|p1a: Gliscor|brn
|move|p1a: Gliscor|Taunt|p2a: Heatran
|-start|p2a: Heatran|move: Taunt
|
|-damage|p1a: Gliscor|105\/353 brn|[from] brn
|turn|2
|
|move|p2a: Heatran|Lava Plume|p1a: Gliscor
|-damage|p1a: Gliscor|0 fnt
|faint|p1a: Gliscor
|
|
|switch|p1a: Manaphy|Manaphy|401\/401
|turn|3
|
|switch|p2a: Haxorus|Haxorus, M|293\/293
|-ability|p2a: Haxorus|Mold Breaker
|switch|p1a: Sableye|Sableye, M|303\/303
|
|turn|4
|
|switch|p2a: Heatran|Heatran, M|323\/323
|-item|p2a: Heatran|Air Balloon
|detailschange|p1a: Sableye|Sableye-Mega, M
|-mega|p1a: Sableye|Sableye|Sablenite
|move|p1a: Sableye|Knock Off|p2a: Heatran
|-damage|p2a: Heatran|230\/323
|-enditem|p2a: Heatran|Air Balloon
|
|turn|5
|
|move|p2a: Heatran|Lava Plume|p1a: Sableye
|-damage|p1a: Sableye|201\/303
|move|p1a: Sableye|Knock Off|p2a: Heatran
|-damage|p2a: Heatran|164\/323
|
|turn|6
|
|move|p2a: Heatran|Lava Plume|p1a: Sableye
|-damage|p1a: Sableye|93\/303
|move|p1a: Sableye|Recover|p1a: Sableye
|-heal|p1a: Sableye|245\/303
|
|turn|7
|
|switch|p1a: Manaphy|Manaphy|401\/401
|move|p2a: Heatran|Lava Plume|p1a: Manaphy
|-resisted|p1a: Manaphy
|-damage|p1a: Manaphy|348\/401
|
|-heal|p1a: Manaphy|373\/401|[from] item: Leftovers
|turn|8
|
|switch|p1a: Sableye|Sableye-Mega, M|245\/303
|move|p2a: Heatran|Stealth Rock|p1a: Sableye
|move|p1a: Sableye|Stealth Rock|p2a: Heatran|[from]Magic Bounce
|-sidestart|p2: Cholera90|move: Stealth Rock
|
|turn|9
|
|move|p2a: Heatran|Lava Plume|p1a: Sableye
|-damage|p1a: Sableye|142\/303
|move|p1a: Sableye|Knock Off|p2a: Heatran
|-damage|p2a: Heatran|103\/323
|
|turn|10
|
|move|p2a: Heatran|Lava Plume|p1a: Sableye
|-damage|p1a: Sableye|42\/303
|-status|p1a: Sableye|brn
|move|p1a: Sableye|Recover|p1a: Sableye
|-heal|p1a: Sableye|194\/303 brn
|
|-damage|p1a: Sableye|157\/303 brn|[from] brn
|turn|11
|
|move|p2a: Heatran|Lava Plume|p1a: Sableye
|-damage|p1a: Sableye|49\/303 brn
|move|p1a: Sableye|Recover|p1a: Sableye
|-heal|p1a: Sableye|201\/303 brn
|
|-damage|p1a: Sableye|164\/303 brn|[from] brn
|turn|12
|
|move|p2a: Heatran|Lava Plume|p1a: Sableye
|-damage|p1a: Sableye|61\/303 brn
|move|p1a: Sableye|Recover|p1a: Sableye
|-heal|p1a: Sableye|213\/303 brn
|
|-damage|p1a: Sableye|176\/303 brn|[from] brn
|turn|13
|
|move|p2a: Heatran|Lava Plume|p1a: Sableye
|-damage|p1a: Sableye|73\/303 brn
|move|p1a: Sableye|Recover|p1a: Sableye
|-heal|p1a: Sableye|225\/303 brn
|
|-damage|p1a: Sableye|188\/303 brn|[from] brn
|turn|14
|
|move|p2a: Heatran|Lava Plume|p1a: Sableye
|-damage|p1a: Sableye|80\/303 brn
|move|p1a: Sableye|Recover|p1a: Sableye
|-heal|p1a: Sableye|232\/303 brn
|
|-damage|p1a: Sableye|195\/303 brn|[from] brn
|turn|15
|
|move|p2a: Heatran|Lava Plume|p1a: Sableye
|-damage|p1a: Sableye|87\/303 brn
|move|p1a: Sableye|Recover|p1a: Sableye
|-heal|p1a: Sableye|239\/303 brn
|
|-damage|p1a: Sableye|202\/303 brn|[from] brn
|turn|16
|
|move|p2a: Heatran|Lava Plume|p1a: Sableye
|-damage|p1a: Sableye|100\/303 brn
|move|p1a: Sableye|Recover|p1a: Sableye
|-heal|p1a: Sableye|252\/303 brn
|
|-damage|p1a: Sableye|215\/303 brn|[from] brn
|turn|17
|
|switch|p2a: Gardevoir|Gardevoir, F|277\/277
|-damage|p2a: Gardevoir|243\/277|[from] Stealth Rock
|-ability|p2a: Gardevoir|Magic Bounce|[from] ability: Trace|[of] p1a: Sableye
|move|p1a: Sableye|Recover|p1a: Sableye
|-heal|p1a: Sableye|303\/303 brn
|
|-damage|p1a: Sableye|266\/303 brn|[from] brn
|turn|18
|
|switch|p1a: Excadrill|Excadrill, M|424\/424
|-ability|p1a: Excadrill|Mold Breaker
|detailschange|p2a: Gardevoir|Gardevoir-Mega, F
|-mega|p2a: Gardevoir|Gardevoir|Gardevoirite
|move|p2a: Gardevoir|Hyper Voice|p1a: Excadrill
|-resisted|p1a: Excadrill
|-damage|p1a: Excadrill|286\/424
|
|-heal|p1a: Excadrill|312\/424|[from] item: Leftovers
|turn|19
|
|switch|p1a: Manaphy|Manaphy|373\/401
|move|p2a: Gardevoir|Focus Blast|p1a: Manaphy|[miss]
|-miss|p2a: Gardevoir|p1a: Manaphy
|
|-heal|p1a: Manaphy|398\/401|[from] item: Leftovers
|turn|20
|
|move|p2a: Gardevoir|Hyper Voice|p1a: Manaphy
|-damage|p1a: Manaphy|217\/401
|move|p1a: Manaphy|Scald|p2a: Gardevoir
|-damage|p2a: Gardevoir|173\/277
|
|-heal|p1a: Manaphy|242\/401|[from] item: Leftovers
|turn|21
|
|move|p2a: Gardevoir|Hyper Voice|p1a: Manaphy
|-damage|p1a: Manaphy|52\/401
|move|p1a: Manaphy|U-turn|p2a: Gardevoir
|-damage|p2a: Gardevoir|107\/277
|
|switch|p1a: Talonflame|Talonflame, F|345\/345
|
|turn|22
|
|switch|p2a: Haxorus|Haxorus, M|293\/293
|-damage|p2a: Haxorus|257\/293|[from] Stealth Rock
|-ability|p2a: Haxorus|Mold Breaker
|move|p1a: Talonflame|Brave Bird|p2a: Haxorus
|-damage|p2a: Haxorus|55\/293
|-damage|p1a: Talonflame|278\/345|[from] recoil|[of] p2a: Haxorus
|
|-heal|p1a: Talonflame|299\/345|[from] item: Leftovers
|turn|23
|
|move|p1a: Talonflame|Brave Bird|p2a: Haxorus
|-damage|p2a: Haxorus|0 fnt
|-damage|p1a: Talonflame|281\/345|[from] recoil|[of] p2a: Haxorus
|faint|p2a: Haxorus
|
|-heal|p1a: Talonflame|302\/345|[from] item: Leftovers
|
|switch|p2a: Talonflame|Talonflame, F|297\/297
|-damage|p2a: Talonflame|149\/297|[from] Stealth Rock
|turn|24
|
|move|p2a: Talonflame|Brave Bird|p1a: Talonflame
|-damage|p1a: Talonflame|36\/345
|-damage|p2a: Talonflame|61\/297|[from] recoil|[of] p1a: Talonflame
|-damage|p2a: Talonflame|32\/297|[from] item: Life Orb
|move|p1a: Talonflame|Brave Bird|p2a: Talonflame
|-damage|p2a: Talonflame|0 fnt
|-damage|p1a: Talonflame|25\/345|[from] recoil|[of] p2a: Talonflame
|faint|p2a: Talonflame
|
|-heal|p1a: Talonflame|46\/345|[from] item: Leftovers
|
|switch|p2a: Heatran|Heatran, M|103\/323
|-damage|p2a: Heatran|63\/323|[from] Stealth Rock
|turn|25
|
|move|p1a: Talonflame|Roost|p1a: Talonflame
|-heal|p1a: Talonflame|219\/345
|move|p2a: Heatran|Earth Power|p1a: Talonflame
|-supereffective|p1a: Talonflame
|-damage|p1a: Talonflame|0 fnt
|faint|p1a: Talonflame
|
|
|switch|p1a: Manaphy|Manaphy|52\/401
|turn|26
|
|move|p2a: Heatran|Earth Power|p1a: Manaphy
|-damage|p1a: Manaphy|0 fnt
|faint|p1a: Manaphy
|
|
|switch|p1a: Sableye|Sableye-Mega, M|266\/303 brn
|turn|27
|
|move|p2a: Heatran|Lava Plume|p1a: Sableye
|-damage|p1a: Sableye|163\/303 brn
|move|p1a: Sableye|Knock Off|p2a: Heatran
|-damage|p2a: Heatran|29\/323
|
|-damage|p1a: Sableye|126\/303 brn|[from] brn
|turn|28
|
|switch|p2a: Gardevoir|Gardevoir-Mega, F|107\/277
|-damage|p2a: Gardevoir|73\/277|[from] Stealth Rock
|move|p1a: Sableye|Recover|p1a: Sableye
|-heal|p1a: Sableye|278\/303 brn
|
|-damage|p1a: Sableye|241\/303 brn|[from] brn
|turn|29
|
|switch|p1a: Clefable|Clefable, M|393\/393
|move|p2a: Gardevoir|Hyper Voice|p1a: Clefable
|-damage|p1a: Clefable|138\/393
|
|-heal|p1a: Clefable|162\/393|[from] item: Leftovers
|turn|30
|
|switch|p1a: Excadrill|Excadrill, M|312\/424
|-ability|p1a: Excadrill|Mold Breaker
|move|p2a: Gardevoir|Hyper Voice|p1a: Excadrill
|-resisted|p1a: Excadrill
|-damage|p1a: Excadrill|176\/424
|
|-heal|p1a: Excadrill|202\/424|[from] item: Leftovers
|turn|31
|
|move|p2a: Gardevoir|Focus Blast|p1a: Excadrill
|-supereffective|p1a: Excadrill
|-damage|p1a: Excadrill|0 fnt
|faint|p1a: Excadrill
|
|
|switch|p1a: Sableye|Sableye-Mega, M|241\/303 brn
|turn|32
|c|âCholera90|focus blast is a really wacky move. I almost didnt do it because of miss
|
|move|p2a: Gardevoir|Hyper Voice|p1a: Sableye
|-supereffective|p1a: Sableye
|-damage|p1a: Sableye|0 fnt
|faint|p1a: Sableye
|
|-message|jerry85 forfeited.
|leave|jerry85
|
|win|Cholera90
|raw|Ladder updating...
|player|p1
|raw|jerry85's rating: 1365 &rarr; <strong>1345<\/strong><br \/>(-20 for losing)
|raw|Cholera90's rating: 1363 &rarr; <strong>1383<\/strong><br \/>(+20 for winning)