|join|jerry85
|join|Gecci01102014
|player|p1|jerry85|267
|player|p2|Gecci01102014|1
|gametype|singles
|gen|6
|tier|OU
|rated
|clearpoke
|poke|p1|Sableye, M
|poke|p1|Excadrill, F
|poke|p1|Manaphy
|poke|p1|Gliscor, F
|poke|p1|Talonflame, F
|poke|p1|Clefable, F
|poke|p2|Magnezone
|poke|p2|Altaria, F
|poke|p2|Rotom-Wash
|poke|p2|Landorus-Therian, M
|poke|p2|Sylveon, M
|poke|p2|Cresselia, F
|rule|Swagger Clause: Swagger is banned
|rule|Baton Pass Clause: Limit one PokÃ©mon knowing Baton Pass
|rule|Sleep Clause Mod: Limit one foe put to sleep
|rule|Species Clause: Limit one of each PokÃ©mon
|rule|OHKO Clause: OHKO moves are banned
|rule|Moody Clause: Moody is banned
|rule|Evasion Moves Clause: Evasion moves are banned
|rule|Endless Battle Clause: Forcing endless battles is banned
|rule|HP Percentage Mod: HP is shown in percentages
|teampreview
|
|start
|switch|p1a: Sableye|Sableye, M|303\/303
|switch|p2a: Sylveon|Sylveon, M|394\/394
|turn|1
|
|switch|p1a: Excadrill|Excadrill, F|424\/424
|-ability|p1a: Excadrill|Mold Breaker
|move|p2a: Sylveon|Hyper Voice|p1a: Excadrill
|-resisted|p1a: Excadrill
|-damage|p1a: Excadrill|354\/424
|
|-heal|p1a: Excadrill|380\/424|[from] item: Leftovers
|turn|2
|
|switch|p2a: Landorus-Therian|Landorus-Therian, M|381\/381
|-ability|p2a: Landorus-Therian|Intimidate|[of] p1a: Excadrill
|-unboost|p1a: Excadrill|atk|1
|move|p1a: Excadrill|Toxic|p2a: Landorus-Therian
|-status|p2a: Landorus-Therian|tox
|
|-heal|p1a: Excadrill|406\/424|[from] item: Leftovers
|-damage|p2a: Landorus-Therian|358\/381 tox|[from] psn
|turn|3
|
|switch|p1a: Gliscor|Gliscor, F|353\/353
|move|p2a: Landorus-Therian|Stealth Rock|p1a: Gliscor
|-sidestart|p1: jerry85|move: Stealth Rock
|
|-heal|p2a: Landorus-Therian|381\/381 tox|[from] item: Leftovers
|-damage|p2a: Landorus-Therian|335\/381 tox|[from] psn
|-status|p1a: Gliscor|tox|[from] item: Toxic Orb
|turn|4
|
|move|p2a: Landorus-Therian|Knock Off|p1a: Gliscor
|-damage|p1a: Gliscor|277\/353 tox
|-enditem|p1a: Gliscor|Toxic Orb|[from] move: Knock Off|[of] p2a: Landorus-Therian
|move|p1a: Gliscor|U-turn|p2a: Landorus-Therian
|-resisted|p2a: Landorus-Therian
|-damage|p2a: Landorus-Therian|304\/381 tox
|
|switch|p1a: Manaphy|Manaphy|401\/401
|-damage|p1a: Manaphy|351\/401|[from] Stealth Rock
|
|-heal|p2a: Landorus-Therian|327\/381 tox|[from] item: Leftovers
|-heal|p1a: Manaphy|376\/401|[from] item: Leftovers
|-damage|p2a: Landorus-Therian|258\/381 tox|[from] psn
|turn|5
|
|switch|p2a: Sylveon|Sylveon, M|394\/394
|move|p1a: Manaphy|Scald|p2a: Sylveon
|-damage|p2a: Sylveon|328\/394
|
|-heal|p1a: Manaphy|401\/401|[from] item: Leftovers
|-heal|p2a: Sylveon|352\/394|[from] item: Leftovers
|turn|6
|
|move|p1a: Manaphy|U-turn|p2a: Sylveon
|-resisted|p2a: Sylveon
|-damage|p2a: Sylveon|326\/394
|
|switch|p1a: Excadrill|Excadrill, F|406\/424
|-damage|p1a: Excadrill|393\/424|[from] Stealth Rock
|-ability|p1a: Excadrill|Mold Breaker
|move|p2a: Sylveon|Hyper Voice|p1a: Excadrill
|-resisted|p1a: Excadrill
|-damage|p1a: Excadrill|319\/424
|
|-heal|p1a: Excadrill|345\/424|[from] item: Leftovers
|-heal|p2a: Sylveon|350\/394|[from] item: Leftovers
|turn|7
|
|move|p1a: Excadrill|Rapid Spin|p2a: Sylveon
|-damage|p2a: Sylveon|327\/394
|-sideend|p1: jerry85|Stealth Rock|[from] move: Rapid Spin|[of] p1a: Excadrill
|move|p2a: Sylveon|Heal Bell|p2a: Sylveon
|-cureteam|p2a: Sylveon|[from] move: HealBell
|
|-heal|p1a: Excadrill|371\/424|[from] item: Leftovers
|-heal|p2a: Sylveon|351\/394|[from] item: Leftovers
|turn|8
|
|move|p2a: Sylveon|Protect|p2a: Sylveon
|-singleturn|p2a: Sylveon|Protect
|move|p1a: Excadrill|Iron Head|p2a: Sylveon
|-activate|p2a: Sylveon|Protect
|
|-heal|p1a: Excadrill|397\/424|[from] item: Leftovers
|-heal|p2a: Sylveon|375\/394|[from] item: Leftovers
|turn|9
|
|switch|p2a: Landorus-Therian|Landorus-Therian, M|258\/381
|-ability|p2a: Landorus-Therian|Intimidate|[of] p1a: Excadrill
|-unboost|p1a: Excadrill|atk|1
|move|p1a: Excadrill|Iron Head|p2a: Landorus-Therian
|-damage|p2a: Landorus-Therian|174\/381
|
|-heal|p2a: Landorus-Therian|197\/381|[from] item: Leftovers
|-heal|p1a: Excadrill|423\/424|[from] item: Leftovers
|turn|10
|
|switch|p1a: Sableye|Sableye, M|303\/303
|move|p2a: Landorus-Therian|Stealth Rock|p1a: Sableye
|-sidestart|p1: jerry85|move: Stealth Rock
|
|-heal|p2a: Landorus-Therian|220\/381|[from] item: Leftovers
|turn|11
|
|switch|p2a: Sylveon|Sylveon, M|375\/394
|move|p1a: Sableye|Will-O-Wisp|p2a: Sylveon
|-status|p2a: Sylveon|brn
|
|-heal|p2a: Sylveon|394\/394 brn|[from] item: Leftovers
|-damage|p2a: Sylveon|345\/394 brn|[from] brn
|turn|12
|
|switch|p1a: Excadrill|Excadrill, F|423\/424
|-damage|p1a: Excadrill|410\/424|[from] Stealth Rock
|-ability|p1a: Excadrill|Mold Breaker
|move|p2a: Sylveon|Wish|p2a: Sylveon
|
|-heal|p1a: Excadrill|424\/424|[from] item: Leftovers
|-heal|p2a: Sylveon|369\/394 brn|[from] item: Leftovers
|-damage|p2a: Sylveon|320\/394 brn|[from] brn
|turn|13
|
|switch|p2a: Landorus-Therian|Landorus-Therian, M|220\/381
|-ability|p2a: Landorus-Therian|Intimidate|[of] p1a: Excadrill
|-unboost|p1a: Excadrill|atk|1
|move|p1a: Excadrill|Rapid Spin|p2a: Landorus-Therian
|-damage|p2a: Landorus-Therian|204\/381
|-sideend|p1: jerry85|Stealth Rock|[from] move: Rapid Spin|[of] p1a: Excadrill
|
|-heal|p2a: Landorus-Therian|381\/381|[from] move: Wish|[wisher] Sylveon
|turn|14
|
|switch|p1a: Sableye|Sableye, M|303\/303
|move|p2a: Landorus-Therian|Stealth Rock|p1a: Sableye
|-sidestart|p1: jerry85|move: Stealth Rock
|
|turn|15
|
|switch|p2a: Sylveon|Sylveon, M|320\/394 brn
|detailschange|p1a: Sableye|Sableye-Mega, M
|-mega|p1a: Sableye|Sableye|Sablenite
|move|p1a: Sableye|Knock Off|p2a: Sylveon
|-resisted|p2a: Sylveon
|-damage|p2a: Sylveon|266\/394 brn
|-enditem|p2a: Sylveon|Leftovers|[from] move: Knock Off|[of] p1a: Sableye
|
|-damage|p2a: Sylveon|217\/394 brn|[from] brn
|turn|16
|
|switch|p2a: Landorus-Therian|Landorus-Therian, M|381\/381
|-ability|p2a: Landorus-Therian|Intimidate|[of] p1a: Sableye
|-unboost|p1a: Sableye|atk|1
|switch|p1a: Excadrill|Excadrill, F|424\/424
|-damage|p1a: Excadrill|411\/424|[from] Stealth Rock
|-ability|p1a: Excadrill|Mold Breaker
|
|-heal|p1a: Excadrill|424\/424|[from] item: Leftovers
|turn|17
|
|switch|p1a: Gliscor|Gliscor, F|277\/353 tox
|-damage|p1a: Gliscor|233\/353 tox|[from] Stealth Rock
|move|p2a: Landorus-Therian|Earthquake|p1a: Gliscor
|-immune|p1a: Gliscor|[msg]
|
|-heal|p1a: Gliscor|277\/353 tox|[from] ability: Poison Heal
|turn|18
|
|move|p2a: Landorus-Therian|Knock Off|p1a: Gliscor
|-damage|p1a: Gliscor|226\/353 tox
|move|p1a: Gliscor|U-turn|p2a: Landorus-Therian
|-resisted|p2a: Landorus-Therian
|-damage|p2a: Landorus-Therian|353\/381
|
|switch|p1a: Manaphy|Manaphy|401\/401
|-damage|p1a: Manaphy|351\/401|[from] Stealth Rock
|
|-heal|p2a: Landorus-Therian|376\/381|[from] item: Leftovers
|-heal|p1a: Manaphy|376\/401|[from] item: Leftovers
|turn|19
|
|move|p2a: Landorus-Therian|Knock Off|p1a: Manaphy
|-damage|p1a: Manaphy|258\/401
|-enditem|p1a: Manaphy|Leftovers|[from] move: Knock Off|[of] p2a: Landorus-Therian
|move|p1a: Manaphy|U-turn|p2a: Landorus-Therian
|-resisted|p2a: Landorus-Therian
|-damage|p2a: Landorus-Therian|347\/381
|
|switch|p1a: Sableye|Sableye-Mega, M|303\/303
|-damage|p1a: Sableye|266\/303|[from] Stealth Rock
|
|-heal|p2a: Landorus-Therian|370\/381|[from] item: Leftovers
|turn|20
|
|move|p2a: Landorus-Therian|U-turn|p1a: Sableye
|-damage|p1a: Sableye|194\/303
|
|switch|p2a: Magnezone|Magnezone|321\/321
|move|p1a: Sableye|Will-O-Wisp|p2a: Magnezone|[miss]
|-miss|p1a: Sableye|p2a: Magnezone
|
|turn|21
|
|switch|p1a: Excadrill|Excadrill, F|424\/424
|-damage|p1a: Excadrill|411\/424|[from] Stealth Rock
|-ability|p1a: Excadrill|Mold Breaker
|move|p2a: Magnezone|Flash Cannon|p1a: Excadrill
|-resisted|p1a: Excadrill
|-damage|p1a: Excadrill|294\/424
|
|-heal|p1a: Excadrill|320\/424|[from] item: Leftovers
|turn|22
|
|move|p1a: Excadrill|Rapid Spin|p2a: Magnezone
|-resisted|p2a: Magnezone
|-damage|p2a: Magnezone|313\/321
|-sideend|p1: jerry85|Stealth Rock|[from] move: Rapid Spin|[of] p1a: Excadrill
|move|p2a: Magnezone|Flash Cannon|p1a: Excadrill
|-resisted|p1a: Excadrill
|-damage|p1a: Excadrill|213\/424
|
|-heal|p1a: Excadrill|239\/424|[from] item: Leftovers
|turn|23
|
|switch|p2a: Landorus-Therian|Landorus-Therian, M|370\/381
|-ability|p2a: Landorus-Therian|Intimidate|[of] p1a: Excadrill
|-unboost|p1a: Excadrill|atk|1
|move|p1a: Excadrill|Earthquake|p2a: Landorus-Therian
|-immune|p2a: Landorus-Therian|[msg]
|
|-heal|p2a: Landorus-Therian|381\/381|[from] item: Leftovers
|-heal|p1a: Excadrill|265\/424|[from] item: Leftovers
|turn|24
|
|switch|p1a: Sableye|Sableye-Mega, M|194\/303
|move|p2a: Landorus-Therian|U-turn|p1a: Sableye
|-damage|p1a: Sableye|121\/303
|
|switch|p2a: Magnezone|Magnezone|313\/321
|
|turn|25
|
|move|p2a: Magnezone|Flash Cannon|p1a: Sableye
|-damage|p1a: Sableye|0 fnt
|faint|p1a: Sableye
|
|
|switch|p1a: Excadrill|Excadrill, F|265\/424
|-ability|p1a: Excadrill|Mold Breaker
|turn|26
|
|switch|p2a: Landorus-Therian|Landorus-Therian, M|381\/381
|-ability|p2a: Landorus-Therian|Intimidate|[of] p1a: Excadrill
|-unboost|p1a: Excadrill|atk|1
|move|p1a: Excadrill|Toxic|p2a: Landorus-Therian
|-status|p2a: Landorus-Therian|tox
|
|-heal|p1a: Excadrill|291\/424|[from] item: Leftovers
|-damage|p2a: Landorus-Therian|358\/381 tox|[from] psn
|turn|27
|
|move|p2a: Landorus-Therian|Stealth Rock|p1a: Excadrill
|-sidestart|p1: jerry85|move: Stealth Rock
|move|p1a: Excadrill|Rapid Spin|p2a: Landorus-Therian
|-damage|p2a: Landorus-Therian|343\/381 tox
|-sideend|p1: jerry85|Stealth Rock|[from] move: Rapid Spin|[of] p1a: Excadrill
|
|-heal|p2a: Landorus-Therian|366\/381 tox|[from] item: Leftovers
|-heal|p1a: Excadrill|317\/424|[from] item: Leftovers
|-damage|p2a: Landorus-Therian|320\/381 tox|[from] psn
|turn|28
|
|switch|p1a: Gliscor|Gliscor, F|226\/353 tox
|move|p2a: Landorus-Therian|Earthquake|p1a: Gliscor
|-immune|p1a: Gliscor|[msg]
|
|-heal|p2a: Landorus-Therian|343\/381 tox|[from] item: Leftovers
|-damage|p2a: Landorus-Therian|274\/381 tox|[from] psn
|-heal|p1a: Gliscor|270\/353 tox|[from] ability: Poison Heal
|turn|29
|
|switch|p1a: Talonflame|Talonflame, F|345\/345
|move|p2a: Landorus-Therian|Stealth Rock|p1a: Talonflame
|-sidestart|p1: jerry85|move: Stealth Rock
|
|-heal|p2a: Landorus-Therian|297\/381 tox|[from] item: Leftovers
|-damage|p2a: Landorus-Therian|205\/381 tox|[from] psn
|turn|30
|
|switch|p2a: Rotom-Wash|Rotom-Wash|304\/304
|move|p1a: Talonflame|Brave Bird|p2a: Rotom-Wash
|-resisted|p2a: Rotom-Wash
|-damage|p2a: Rotom-Wash|244\/304
|-damage|p1a: Talonflame|325\/345|[from] recoil|[of] p2a: Rotom-Wash
|
|-heal|p1a: Talonflame|345\/345|[from] item: Leftovers
|-heal|p2a: Rotom-Wash|263\/304|[from] item: Leftovers
|turn|31
|
|switch|p1a: Clefable|Clefable, F|393\/393
|-damage|p1a: Clefable|344\/393|[from] Stealth Rock
|move|p2a: Rotom-Wash|Hydro Pump|p1a: Clefable
|-damage|p1a: Clefable|211\/393
|
|-heal|p2a: Rotom-Wash|282\/304|[from] item: Leftovers
|-heal|p1a: Clefable|235\/393|[from] item: Leftovers
|turn|32
|
|switch|p2a: Sylveon|Sylveon, M|217\/394 brn
|move|p1a: Clefable|Calm Mind|p1a: Clefable
|-boost|p1a: Clefable|spa|1
|-boost|p1a: Clefable|spd|1
|
|-heal|p1a: Clefable|259\/393|[from] item: Leftovers
|-damage|p2a: Sylveon|168\/394 brn|[from] brn
|turn|33
|
|move|p1a: Clefable|Calm Mind|p1a: Clefable
|-boost|p1a: Clefable|spa|1
|-boost|p1a: Clefable|spd|1
|move|p2a: Sylveon|Heal Bell|p2a: Sylveon
|-cureteam|p2a: Sylveon|[from] move: HealBell
|
|-heal|p1a: Clefable|283\/393|[from] item: Leftovers
|turn|34
|
|move|p1a: Clefable|Moonblast|p2a: Sylveon
|-damage|p2a: Sylveon|24\/394
|move|p2a: Sylveon|Hyper Voice|p1a: Clefable
|-damage|p1a: Clefable|208\/393
|
|-heal|p1a: Clefable|232\/393|[from] item: Leftovers
|turn|35
|
|move|p1a: Clefable|Moonlight|p1a: Clefable
|-heal|p1a: Clefable|393\/393
|move|p2a: Sylveon|Hyper Voice|p1a: Clefable
|-damage|p1a: Clefable|326\/393
|
|-heal|p1a: Clefable|350\/393|[from] item: Leftovers
|turn|36
|
|move|p1a: Clefable|Calm Mind|p1a: Clefable
|-boost|p1a: Clefable|spa|1
|-boost|p1a: Clefable|spd|1
|move|p2a: Sylveon|Wish|p2a: Sylveon
|
|-heal|p1a: Clefable|374\/393|[from] item: Leftovers
|turn|37
|
|move|p1a: Clefable|Calm Mind|p1a: Clefable
|-boost|p1a: Clefable|spa|1
|-boost|p1a: Clefable|spd|1
|move|p2a: Sylveon|Hyper Voice|p1a: Clefable
|-damage|p1a: Clefable|325\/393
|
|-heal|p2a: Sylveon|221\/394|[from] move: Wish|[wisher] Sylveon
|-heal|p1a: Clefable|349\/393|[from] item: Leftovers
|turn|38
|
|move|p1a: Clefable|Calm Mind|p1a: Clefable
|-boost|p1a: Clefable|spa|1
|-boost|p1a: Clefable|spd|1
|move|p2a: Sylveon|Wish|p2a: Sylveon
|
|-heal|p1a: Clefable|373\/393|[from] item: Leftovers
|turn|39
|
|move|p1a: Clefable|Calm Mind|p1a: Clefable
|-boost|p1a: Clefable|spa|1
|-boost|p1a: Clefable|spd|1
|move|p2a: Sylveon|Hyper Voice|p1a: Clefable
|-damage|p1a: Clefable|337\/393
|
|-heal|p2a: Sylveon|394\/394|[from] move: Wish|[wisher] Sylveon
|-heal|p1a: Clefable|361\/393|[from] item: Leftovers
|turn|40
|
|move|p1a: Clefable|Moonblast|p2a: Sylveon
|-crit|p2a: Sylveon
|-damage|p2a: Sylveon|0 fnt
|faint|p2a: Sylveon
|
|-heal|p1a: Clefable|385\/393|[from] item: Leftovers
|
|switch|p2a: Landorus-Therian|Landorus-Therian, M|205\/381
|-ability|p2a: Landorus-Therian|Intimidate|[of] p1a: Clefable
|-unboost|p1a: Clefable|atk|1
|turn|41
|
|move|p2a: Landorus-Therian|Earthquake|p1a: Clefable
|-damage|p1a: Clefable|211\/393
|move|p1a: Clefable|Moonblast|p2a: Landorus-Therian
|-damage|p2a: Landorus-Therian|0 fnt
|faint|p2a: Landorus-Therian
|
|-heal|p1a: Clefable|235\/393|[from] item: Leftovers
|
|switch|p2a: Altaria|Altaria, F|307\/307
|turn|42
|
|detailschange|p2a: Altaria|Altaria-Mega, F
|-mega|p2a: Altaria|Altaria|Altarianite
|move|p2a: Altaria|Return|p1a: Clefable
|-damage|p1a: Clefable|0 fnt
|faint|p1a: Clefable
|
|
|switch|p1a: Talonflame|Talonflame, F|345\/345
|-damage|p1a: Talonflame|173\/345|[from] Stealth Rock
|turn|43
|
|switch|p2a: Rotom-Wash|Rotom-Wash|282\/304
|move|p1a: Talonflame|Will-O-Wisp|p2a: Rotom-Wash
|-status|p2a: Rotom-Wash|brn
|
|-heal|p1a: Talonflame|194\/345|[from] item: Leftovers
|-heal|p2a: Rotom-Wash|301\/304 brn|[from] item: Leftovers
|-damage|p2a: Rotom-Wash|263\/304 brn|[from] brn
|turn|44
|
|switch|p1a: Manaphy|Manaphy|258\/401
|-damage|p1a: Manaphy|208\/401|[from] Stealth Rock
|move|p2a: Rotom-Wash|Hydro Pump|p1a: Manaphy
|-resisted|p1a: Manaphy
|-damage|p1a: Manaphy|163\/401
|
|-heal|p2a: Rotom-Wash|282\/304 brn|[from] item: Leftovers
|-damage|p2a: Rotom-Wash|244\/304 brn|[from] brn
|turn|45
|
|move|p1a: Manaphy|Rain Dance|p1a: Manaphy
|-weather|RainDance
|move|p2a: Rotom-Wash|Volt Switch|p1a: Manaphy
|-supereffective|p1a: Manaphy
|-damage|p1a: Manaphy|35\/401
|
|switch|p2a: Altaria|Altaria-Mega, F|307\/307
|
|-weather|RainDance|[upkeep]
|turn|46
|
|move|p2a: Altaria|Return|p1a: Manaphy
|-damage|p1a: Manaphy|0 fnt
|faint|p1a: Manaphy
|
|-weather|RainDance|[upkeep]
|
|switch|p1a: Excadrill|Excadrill, F|317\/424
|-damage|p1a: Excadrill|304\/424|[from] Stealth Rock
|-ability|p1a: Excadrill|Mold Breaker
|turn|47
|
|move|p2a: Altaria|Dragon Dance|p2a: Altaria
|-boost|p2a: Altaria|atk|1
|-boost|p2a: Altaria|spe|1
|move|p1a: Excadrill|Iron Head|p2a: Altaria
|-supereffective|p2a: Altaria
|-damage|p2a: Altaria|101\/307
|
|-weather|RainDance|[upkeep]
|-heal|p1a: Excadrill|330\/424|[from] item: Leftovers
|turn|48
|
|move|p2a: Altaria|Earthquake|p1a: Excadrill
|-supereffective|p1a: Excadrill
|-damage|p1a: Excadrill|0 fnt
|faint|p1a: Excadrill
|
|-weather|RainDance|[upkeep]
|
|switch|p1a: Talonflame|Talonflame, F|194\/345
|-damage|p1a: Talonflame|22\/345|[from] Stealth Rock
|turn|49
|
|move|p1a: Talonflame|Roost|p1a: Talonflame
|-heal|p1a: Talonflame|195\/345
|move|p2a: Altaria|Return|p1a: Talonflame
|-resisted|p1a: Talonflame
|-damage|p1a: Talonflame|0 fnt
|faint|p1a: Talonflame
|
|-weather|none
|-message|jerry85 forfeited.
|leave|jerry85
|
|win|Gecci01102014
|raw|Ladder updating...
|player|p1
|raw|jerry85's rating: 1406 &rarr; <strong>1388<\/strong><br \/>(-18 for losing)
|raw|Gecci01102014's rating: 1439 &rarr; <strong>1457<\/strong><br \/>(+18 for winning)