|join|pelant
|join|jerry85
|player|p1|pelant|169
|player|p2|jerry85|267
|gametype|singles
|gen|6
|tier|OU
|clearpoke
|poke|p1|Metagross
|poke|p1|Venusaur, M
|poke|p1|Typhlosion, M
|poke|p1|Lucario, M
|poke|p1|Aerodactyl, F
|poke|p1|Feraligatr, F
|poke|p2|Politoed, M
|poke|p2|Swampert, F
|poke|p2|Kingdra, M
|poke|p2|Klefki, F
|poke|p2|Thundurus, M
|poke|p2|Breloom, M
|rule|Swagger Clause: Swagger is banned
|rule|Baton Pass Clause: Limit one PokÃ©mon knowing Baton Pass
|rule|Sleep Clause Mod: Limit one foe put to sleep
|rule|Species Clause: Limit one of each PokÃ©mon
|rule|OHKO Clause: OHKO moves are banned
|rule|Moody Clause: Moody is banned
|rule|Evasion Moves Clause: Evasion moves are banned
|rule|Endless Battle Clause: Forcing endless battles is banned
|rule|HP Percentage Mod: HP is shown in percentages
|teampreview
|
|start
|switch|p1a: Venusaur|Venusaur, M|314\/314
|switch|p2a: Politoed|Politoed, M|383\/383
|-weather|RainDance
|turn|1
|join|ZeklopMercury
|c|âjerry85|otra predict al principio
|c|âjerry85|...
|
|switch|p2a: Breloom|Breloom, M|261\/261
|move|p1a: Venusaur|Leaf Storm|p2a: Breloom
|-resisted|p2a: Breloom
|-damage|p2a: Breloom|140\/261
|-unboost|p1a: Venusaur|spa|2
|
|-weather|RainDance|[upkeep]
|-status|p2a: Breloom|tox|[from] item: Toxic Orb
|turn|2
|
|switch|p1a: Typhlosion|Typhlosion, M|326\/326
|move|p2a: Breloom|Swords Dance|p2a: Breloom
|-boost|p2a: Breloom|atk|2
|
|-weather|RainDance|[upkeep]
|-heal|p2a: Breloom|172\/261 tox|[from] ability: Poison Heal
|turn|3
|c| ZeklopMercury|a good one
|c|âjerry85|...
|c|âjerry85|me la juego
|
|move|p2a: Breloom|Facade|p1a: Typhlosion
|-enditem|p1a: Typhlosion|Focus Sash
|-damage|p1a: Typhlosion|1\/326
|move|p1a: Typhlosion|Flamethrower|p2a: Breloom
|-supereffective|p2a: Breloom
|-damage|p2a: Breloom|0 fnt
|faint|p2a: Breloom
|
|-weather|RainDance|[upkeep]
|c|âjerry85|what
|
|switch|p2a: Kingdra|Kingdra, M|291\/291
|turn|4
|
|switch|p1a: Venusaur|Venusaur, M|314\/314
|move|p2a: Kingdra|Waterfall|p1a: Venusaur
|-resisted|p1a: Venusaur
|-damage|p1a: Venusaur|197\/314
|-damage|p2a: Kingdra|262\/291|[from] item: Life Orb
|
|-weather|RainDance|[upkeep]
|-heal|p1a: Venusaur|216\/314|[from] item: Leftovers
|turn|5
|
|move|p2a: Kingdra|Draco Meteor|p1a: Venusaur
|-damage|p1a: Venusaur|0 fnt
|-unboost|p2a: Kingdra|spa|2
|-damage|p2a: Kingdra|233\/291|[from] item: Life Orb
|faint|p1a: Venusaur
|
|-weather|RainDance|[upkeep]
|
|switch|p1a: Lucario|Lucario, M|304\/304
|turn|6
|
|move|p2a: Kingdra|Hydro Pump|p1a: Lucario
|-damage|p1a: Lucario|105\/304
|-damage|p2a: Kingdra|204\/291|[from] item: Life Orb
|move|p1a: Lucario|Close Combat|p2a: Kingdra
|-damage|p2a: Kingdra|26\/291
|-unboost|p1a: Lucario|def|1
|-unboost|p1a: Lucario|spd|1
|
|-weather|RainDance|[upkeep]
|-heal|p1a: Lucario|124\/304|[from] item: Leftovers
|turn|7
|
|move|p2a: Kingdra|Waterfall|p1a: Lucario
|-damage|p1a: Lucario|0 fnt
|-damage|p2a: Kingdra|0 fnt|[from] item: Life Orb
|faint|p1a: Lucario
|faint|p2a: Kingdra
|
|-weather|RainDance|[upkeep]
|
|switch|p1a: Metagross|Metagross|317\/317
|switch|p2a: Politoed|Politoed, M|383\/383
|turn|8
|
|move|p2a: Politoed|Scald|p1a: Metagross
|-damage|p1a: Metagross|193\/317
|move|p1a: Metagross|Thunder Punch|p2a: Politoed
|-supereffective|p2a: Politoed
|-damage|p2a: Politoed|213\/383
|
|-weather|none
|turn|9
|
|switch|p2a: Swampert|Swampert, F|341\/341
|move|p1a: Metagross|Thunder Punch|p2a: Swampert
|-immune|p2a: Swampert|[msg]
|
|turn|10
|c| ZeklopMercury|esto esta pegado
|
|switch|p2a: Politoed|Politoed, M|213\/383
|-weather|RainDance
|move|p1a: Metagross|Thunder Punch|p2a: Politoed
|-supereffective|p2a: Politoed
|-damage|p2a: Politoed|43\/383
|
|-weather|RainDance|[upkeep]
|turn|11
|
|switch|p2a: Swampert|Swampert, F|341\/341
|move|p1a: Metagross|Thunder Punch|p2a: Swampert
|-immune|p2a: Swampert|[msg]
|
|-weather|RainDance|[upkeep]
|turn|12
|
|detailschange|p2a: Swampert|Swampert-Mega, F
|-mega|p2a: Swampert|Swampert|Swampertite
|move|p2a: Swampert|Earthquake|p1a: Metagross
|-supereffective|p1a: Metagross
|-damage|p1a: Metagross|0 fnt
|faint|p1a: Metagross
|
|-weather|RainDance|[upkeep]
|
|switch|p1a: Aerodactyl|Aerodactyl, F|322\/322
|turn|13
|
|move|p2a: Swampert|Waterfall|p1a: Aerodactyl
|-supereffective|p1a: Aerodactyl
|-damage|p1a: Aerodactyl|0 fnt
|faint|p1a: Aerodactyl
|
|-weather|RainDance|[upkeep]
|
|switch|p1a: Feraligatr|Feraligatr, F|332\/332
|turn|14
|
|move|p2a: Swampert|Earthquake|p1a: Feraligatr
|-damage|p1a: Feraligatr|128\/332
|move|p1a: Feraligatr|Focus Blast|p2a: Swampert
|-damage|p2a: Swampert|256\/341
|
|-weather|RainDance|[upkeep]
|turn|15
|c| ZeklopMercury|especial?
|
|move|p2a: Swampert|Earthquake|p1a: Feraligatr
|-damage|p1a: Feraligatr|0 fnt
|faint|p1a: Feraligatr
|
|-weather|RainDance|[upkeep]
|c|âjerry85|gg!
|
|switch|p1a: Typhlosion|Typhlosion, M|1\/326
|turn|16
|c| ZeklopMercury|un feraligart debe ser fisico
|
|move|p2a: Swampert|Waterfall|p1a: Typhlosion
|-supereffective|p1a: Typhlosion
|-damage|p1a: Typhlosion|0 fnt
|faint|p1a: Typhlosion
|
|win|jerry85
|leave|pelant
|leave|jerry85
|player|p1
|player|p2
|leave|ZeklopMercury
|join|jerry85