|join|PeterEqualsAmerica
|join|jerry85
|player|p1|PeterEqualsAmerica|2
|player|p2|jerry85|135
|gametype|singles
|gen|6
|tier|OU
|rated
|clearpoke
|poke|p1|Keldeo
|poke|p1|Skarmory, F
|poke|p1|Chansey, F
|poke|p1|Quagsire, M
|poke|p1|Cresselia, F
|poke|p1|Sableye, F
|poke|p2|Sableye, M
|poke|p2|Excadrill, M
|poke|p2|Manaphy
|poke|p2|Gliscor, M
|poke|p2|Talonflame, F
|poke|p2|Clefable, M
|rule|Swagger Clause: Swagger is banned
|rule|Baton Pass Clause: Limit one PokÃ©mon knowing Baton Pass
|rule|Sleep Clause Mod: Limit one foe put to sleep
|rule|Species Clause: Limit one of each PokÃ©mon
|rule|OHKO Clause: OHKO moves are banned
|rule|Moody Clause: Moody is banned
|rule|Evasion Moves Clause: Evasion moves are banned
|rule|Endless Battle Clause: Forcing endless battles is banned
|rule|HP Percentage Mod: HP is shown in percentages
|teampreview
|
|start
|switch|p1a: Cresselia|Cresselia, F|441\/441
|switch|p2a: Sableye|Sableye, M|303\/303
|turn|1
|
|detailschange|p2a: Sableye|Sableye-Mega, M
|-mega|p2a: Sableye|Sableye|Sablenite
|move|p1a: Cresselia|Skill Swap|p2a: Sableye
|-activate|p1a: Cresselia|move: Skill Swap|Magic Bounce|Levitate|[of] p2a: Sableye
|move|p2a: Sableye|Knock Off|p1a: Cresselia
|-supereffective|p1a: Cresselia
|-damage|p1a: Cresselia|325\/441
|-enditem|p1a: Cresselia|Leftovers|[from] move: Knock Off|[of] p2a: Sableye
|
|turn|2
|
|switch|p2a: Manaphy|Manaphy|401\/401
|move|p1a: Cresselia|Toxic|p2a: Manaphy
|-status|p2a: Manaphy|tox
|
|-damage|p2a: Manaphy|376\/401 tox|[from] psn
|turn|3
|
|switch|p1a: Chansey|Chansey, F|642\/642
|move|p2a: Manaphy|U-turn|p1a: Chansey
|-damage|p1a: Chansey|576\/642
|
|switch|p2a: Gliscor|Gliscor, M|353\/353
|
|-status|p2a: Gliscor|tox|[from] item: Toxic Orb
|turn|4
|
|move|p2a: Gliscor|Stealth Rock|p1a: Chansey
|-sidestart|p1: PeterEqualsAmerica|move: Stealth Rock
|move|p1a: Chansey|Stealth Rock|p2a: Gliscor
|-sidestart|p2: jerry85|move: Stealth Rock
|
|turn|5
|
|switch|p1a: Cresselia|Cresselia, F|325\/441
|-damage|p1a: Cresselia|270\/441|[from] Stealth Rock
|move|p2a: Gliscor|U-turn|p1a: Cresselia
|-crit|p1a: Cresselia
|-supereffective|p1a: Cresselia
|-damage|p1a: Cresselia|168\/441
|
|switch|p2a: Excadrill|Excadrill, M|424\/424
|-damage|p2a: Excadrill|411\/424|[from] Stealth Rock
|-ability|p2a: Excadrill|Mold Breaker
|
|-heal|p2a: Excadrill|424\/424|[from] item: Leftovers
|turn|6
|
|switch|p1a: Skarmory|Skarmory, F|333\/333
|-damage|p1a: Skarmory|292\/333|[from] Stealth Rock
|move|p2a: Excadrill|Toxic|p1a: Skarmory
|-fail|p1a: Skarmory
|
|-heal|p1a: Skarmory|312\/333|[from] item: Leftovers
|turn|7
|
|switch|p1a: Sableye|Sableye, F|301\/301
|-damage|p1a: Sableye|264\/301|[from] Stealth Rock
|move|p2a: Excadrill|Rapid Spin|p1a: Sableye
|-immune|p1a: Sableye|[msg]
|
|turn|8
|
|switch|p2a: Sableye|Sableye-Mega, M|303\/303
|-damage|p2a: Sableye|266\/303|[from] Stealth Rock
|move|p1a: Sableye|Will-O-Wisp|p2a: Sableye
|move|p2a: Sableye|Will-O-Wisp|p1a: Sableye|[from]Magic Bounce|[miss]
|-miss|p2a: Sableye|p1a: Sableye
|
|turn|9
|
|detailschange|p1a: Sableye|Sableye-Mega, F
|-mega|p1a: Sableye|Sableye|Sablenite
|move|p1a: Sableye|Knock Off|p2a: Sableye
|-damage|p2a: Sableye|214\/303
|move|p2a: Sableye|Knock Off|p1a: Sableye
|-damage|p1a: Sableye|218\/301
|
|turn|10
|
|move|p2a: Sableye|Recover|p2a: Sableye
|-heal|p2a: Sableye|303\/303
|move|p1a: Sableye|Knock Off|p2a: Sableye
|-damage|p2a: Sableye|246\/303
|
|turn|11
|
|move|p2a: Sableye|Foul Play|p1a: Sableye
|-damage|p1a: Sableye|146\/301
|move|p1a: Sableye|Knock Off|p2a: Sableye
|-damage|p2a: Sableye|188\/303
|
|turn|12
|
|move|p2a: Sableye|Recover|p2a: Sableye
|-heal|p2a: Sableye|303\/303
|move|p1a: Sableye|Recover|p1a: Sableye
|-heal|p1a: Sableye|297\/301
|
|turn|13
|
|switch|p1a: Keldeo|Keldeo|322\/322
|-damage|p1a: Keldeo|302\/322|[from] Stealth Rock
|move|p2a: Sableye|Foul Play|p1a: Keldeo
|-resisted|p1a: Keldeo
|-damage|p1a: Keldeo|258\/322
|-boost|p1a: Keldeo|atk|1|[from] ability: Justified
|
|-heal|p1a: Keldeo|278\/322|[from] item: Leftovers
|turn|14
|
|move|p1a: Keldeo|Scald|p2a: Sableye
|-crit|p2a: Sableye
|-damage|p2a: Sableye|162\/303
|move|p2a: Sableye|Will-O-Wisp|p1a: Keldeo
|-status|p1a: Keldeo|brn
|
|-heal|p1a: Keldeo|298\/322 brn|[from] item: Leftovers
|-damage|p1a: Keldeo|258\/322 brn|[from] brn
|turn|15
|
|move|p1a: Keldeo|Scald|p2a: Sableye
|-damage|p2a: Sableye|66\/303
|move|p2a: Sableye|Recover|p2a: Sableye
|-heal|p2a: Sableye|218\/303
|
|-heal|p1a: Keldeo|278\/322 brn|[from] item: Leftovers
|-damage|p1a: Keldeo|238\/322 brn|[from] brn
|turn|16
|
|move|p1a: Keldeo|Calm Mind|p1a: Keldeo
|-boost|p1a: Keldeo|spa|1
|-boost|p1a: Keldeo|spd|1
|move|p2a: Sableye|Recover|p2a: Sableye
|-heal|p2a: Sableye|303\/303
|
|-heal|p1a: Keldeo|258\/322 brn|[from] item: Leftovers
|-damage|p1a: Keldeo|218\/322 brn|[from] brn
|turn|17
|
|switch|p2a: Clefable|Clefable, M|393\/393
|-damage|p2a: Clefable|344\/393|[from] Stealth Rock
|move|p1a: Keldeo|Scald|p2a: Clefable
|-damage|p2a: Clefable|211\/393
|
|-heal|p1a: Keldeo|238\/322 brn|[from] item: Leftovers
|-heal|p2a: Clefable|235\/393|[from] item: Leftovers
|-damage|p1a: Keldeo|198\/322 brn|[from] brn
|turn|18
|
|switch|p1a: Quagsire|Quagsire, M|394\/394
|-damage|p1a: Quagsire|370\/394|[from] Stealth Rock
|move|p2a: Clefable|Moonlight|p2a: Clefable
|-heal|p2a: Clefable|393\/393
|
|-heal|p1a: Quagsire|394\/394|[from] item: Leftovers
|turn|19
|
|move|p2a: Clefable|Aromatherapy|p2a: Clefable
|-cureteam|p2a: Clefable|[from] move: Aromatherapy
|move|p1a: Quagsire|Toxic|p2a: Clefable
|-status|p2a: Clefable|tox
|
|-damage|p2a: Clefable|369\/393 tox|[from] psn
|turn|20
|
|move|p2a: Clefable|Aromatherapy|p2a: Clefable
|-cureteam|p2a: Clefable|[from] move: Aromatherapy
|move|p1a: Quagsire|Scald|p2a: Clefable
|-damage|p2a: Clefable|309\/393
|-status|p2a: Clefable|brn
|
|-heal|p2a: Clefable|333\/393 brn|[from] item: Leftovers
|-damage|p2a: Clefable|284\/393 brn|[from] brn
|turn|21
|
|move|p2a: Clefable|Moonlight|p2a: Clefable
|-heal|p2a: Clefable|393\/393 brn
|move|p1a: Quagsire|Scald|p2a: Clefable
|-damage|p2a: Clefable|327\/393 brn
|
|-heal|p2a: Clefable|351\/393 brn|[from] item: Leftovers
|-damage|p2a: Clefable|302\/393 brn|[from] brn
|turn|22
|
|switch|p2a: Manaphy|Manaphy|376\/401
|-damage|p2a: Manaphy|326\/401|[from] Stealth Rock
|move|p1a: Quagsire|Earthquake|p2a: Manaphy
|-damage|p2a: Manaphy|224\/401
|
|-heal|p2a: Manaphy|249\/401|[from] item: Leftovers
|turn|23
|
|switch|p1a: Chansey|Chansey, F|576\/642
|-damage|p1a: Chansey|496\/642|[from] Stealth Rock
|move|p2a: Manaphy|Scald|p1a: Chansey
|-damage|p1a: Chansey|451\/642
|
|-heal|p2a: Manaphy|274\/401|[from] item: Leftovers
|turn|24
|
|move|p2a: Manaphy|Rain Dance|p2a: Manaphy
|-weather|RainDance
|move|p1a: Chansey|Soft-Boiled|p1a: Chansey
|-heal|p1a: Chansey|642\/642
|
|-weather|RainDance|[upkeep]
|-heal|p2a: Manaphy|299\/401|[from] item: Leftovers
|turn|25
|
|move|p2a: Manaphy|Scald|p1a: Chansey
|-damage|p1a: Chansey|572\/642
|move|p1a: Chansey|Seismic Toss|p2a: Manaphy
|-damage|p2a: Manaphy|199\/401
|
|-weather|RainDance|[upkeep]
|-heal|p2a: Manaphy|224\/401|[from] item: Leftovers
|turn|26
|
|move|p2a: Manaphy|Rest|p2a: Manaphy
|-status|p2a: Manaphy|slp
|-heal|p2a: Manaphy|401\/401 slp|[silent]
|-status|p2a: Manaphy|slp|[from] move: Rest
|move|p1a: Chansey|Seismic Toss|p2a: Manaphy
|-damage|p2a: Manaphy|301\/401 slp
|
|-weather|RainDance|[upkeep]
|-curestatus|p2a: Manaphy|slp
|-heal|p2a: Manaphy|326\/401|[from] item: Leftovers
|turn|27
|
|switch|p2a: Excadrill|Excadrill, M|424\/424
|-damage|p2a: Excadrill|411\/424|[from] Stealth Rock
|-ability|p2a: Excadrill|Mold Breaker
|move|p1a: Chansey|Heal Bell|p1a: Chansey
|-cureteam|p1a: Chansey|[from] move: HealBell
|
|-weather|RainDance|[upkeep]
|-heal|p2a: Excadrill|424\/424|[from] item: Leftovers
|turn|28
|
|switch|p1a: Skarmory|Skarmory, F|312\/333
|-damage|p1a: Skarmory|271\/333|[from] Stealth Rock
|move|p2a: Excadrill|Earthquake|p1a: Skarmory
|-immune|p1a: Skarmory|[msg]
|
|-weather|none
|-heal|p1a: Skarmory|291\/333|[from] item: Leftovers
|turn|29
|
|move|p2a: Excadrill|Toxic|p1a: Skarmory
|-fail|p1a: Skarmory
|move|p1a: Skarmory|Roost|p1a: Skarmory
|-heal|p1a: Skarmory|333\/333
|
|turn|30
|
|move|p2a: Excadrill|Earthquake|p1a: Skarmory
|-immune|p1a: Skarmory|[msg]
|move|p1a: Skarmory|Counter|p2a: Excadrill
|-fail|p2a: Excadrill
|
|turn|31
|
|move|p2a: Excadrill|Earthquake|p1a: Skarmory
|-immune|p1a: Skarmory|[msg]
|move|p1a: Skarmory|Spikes|p2a: Excadrill
|-sidestart|p2: jerry85|Spikes
|
|turn|32
|
|move|p2a: Excadrill|Rapid Spin|p1a: Skarmory
|-resisted|p1a: Skarmory
|-damage|p1a: Skarmory|327\/333
|-sideend|p2: jerry85|Spikes|[from] move: Rapid Spin|[of] p2a: Excadrill
|-sideend|p2: jerry85|Stealth Rock|[from] move: Rapid Spin|[of] p2a: Excadrill
|move|p1a: Skarmory|Counter|p2a: Excadrill
|-damage|p2a: Excadrill|412\/424
|
|-heal|p2a: Excadrill|424\/424|[from] item: Leftovers
|-heal|p1a: Skarmory|333\/333|[from] item: Leftovers
|turn|33
|
|switch|p2a: Gliscor|Gliscor, M|353\/353
|move|p1a: Skarmory|Whirlwind|p2a: Gliscor
|drag|p2a: Sableye|Sableye-Mega, M|303\/303
|
|turn|34
|
|switch|p1a: Sableye|Sableye-Mega, F|297\/301
|-damage|p1a: Sableye|260\/301|[from] Stealth Rock
|switch|p2a: Manaphy|Manaphy|326\/401
|
|-heal|p2a: Manaphy|351\/401|[from] item: Leftovers
|turn|35
|
|move|p2a: Manaphy|Scald|p1a: Sableye
|-damage|p1a: Sableye|187\/301
|move|p1a: Sableye|Knock Off|p2a: Manaphy
|-damage|p2a: Manaphy|252\/401
|-enditem|p2a: Manaphy|Leftovers|[from] move: Knock Off|[of] p1a: Sableye
|
|turn|36
|
|move|p2a: Manaphy|Rain Dance|p2a: Manaphy
|-weather|RainDance
|move|p1a: Sableye|Taunt|p2a: Manaphy
|-start|p2a: Manaphy|move: Taunt
|
|-weather|RainDance|[upkeep]
|turn|37
|
|switch|p1a: Chansey|Chansey, F|572\/642
|-damage|p1a: Chansey|492\/642|[from] Stealth Rock
|move|p2a: Manaphy|U-turn|p1a: Chansey
|-damage|p1a: Chansey|431\/642
|
|switch|p2a: Gliscor|Gliscor, M|353\/353
|
|-weather|RainDance|[upkeep]
|-status|p2a: Gliscor|tox|[from] item: Toxic Orb
|turn|38
|
|move|p2a: Gliscor|Taunt|p1a: Chansey
|-start|p1a: Chansey|move: Taunt
|cant|p1a: Chansey|move: Taunt|Stealth Rock
|
|-weather|RainDance|[upkeep]
|turn|39
|
|switch|p1a: Quagsire|Quagsire, M|394\/394
|-damage|p1a: Quagsire|370\/394|[from] Stealth Rock
|move|p2a: Gliscor|U-turn|p1a: Quagsire
|-damage|p1a: Quagsire|324\/394
|
|switch|p2a: Manaphy|Manaphy|252\/401
|
|-weather|RainDance|[upkeep]
|-heal|p1a: Quagsire|348\/394|[from] item: Leftovers
|turn|40
|
|switch|p1a: Chansey|Chansey, F|431\/642
|-damage|p1a: Chansey|351\/642|[from] Stealth Rock
|move|p2a: Manaphy|Scald|p1a: Chansey
|-crit|p1a: Chansey
|-damage|p1a: Chansey|239\/642
|
|-weather|none
|turn|41
|
|move|p2a: Manaphy|U-turn|p1a: Chansey
|-damage|p1a: Chansey|177\/642
|
|switch|p2a: Sableye|Sableye-Mega, M|303\/303
|move|p1a: Chansey|Soft-Boiled|p1a: Chansey
|-heal|p1a: Chansey|498\/642
|
|turn|42
|
|switch|p1a: Sableye|Sableye-Mega, F|187\/301
|-damage|p1a: Sableye|150\/301|[from] Stealth Rock
|move|p2a: Sableye|Knock Off|p1a: Sableye
|-damage|p1a: Sableye|102\/301
|
|turn|43
|
|move|p2a: Sableye|Foul Play|p1a: Sableye
|-damage|p1a: Sableye|32\/301
|move|p1a: Sableye|Recover|p1a: Sableye
|-heal|p1a: Sableye|183\/301
|
|turn|44
|
|move|p2a: Sableye|Foul Play|p1a: Sableye
|-damage|p1a: Sableye|111\/301
|move|p1a: Sableye|Recover|p1a: Sableye
|-heal|p1a: Sableye|262\/301
|
|turn|45
|
|move|p2a: Sableye|Foul Play|p1a: Sableye
|-damage|p1a: Sableye|193\/301
|move|p1a: Sableye|Recover|p1a: Sableye
|-heal|p1a: Sableye|301\/301
|
|turn|46
|
|move|p2a: Sableye|Foul Play|p1a: Sableye
|-damage|p1a: Sableye|232\/301
|move|p1a: Sableye|Knock Off|p2a: Sableye
|-damage|p2a: Sableye|251\/303
|
|turn|47
|
|switch|p1a: Cresselia|Cresselia, F|168\/441
|-damage|p1a: Cresselia|113\/441|[from] Stealth Rock
|move|p2a: Sableye|Foul Play|p1a: Cresselia
|-supereffective|p1a: Cresselia
|-damage|p1a: Cresselia|35\/441
|
|turn|48
|
|move|p1a: Cresselia|Moonlight|p1a: Cresselia
|-heal|p1a: Cresselia|255\/441
|move|p2a: Sableye|Foul Play|p1a: Cresselia
|-supereffective|p1a: Cresselia
|-damage|p1a: Cresselia|175\/441
|
|turn|49
|
|switch|p2a: Gliscor|Gliscor, M|353\/353 tox
|move|p1a: Cresselia|Skill Swap|p2a: Gliscor
|-activate|p1a: Cresselia|move: Skill Swap|Poison Heal|Levitate|[of] p2a: Gliscor
|
|-damage|p2a: Gliscor|331\/353 tox|[from] psn
|turn|50
|
|move|p2a: Gliscor|U-turn|p1a: Cresselia
|-supereffective|p1a: Cresselia
|-damage|p1a: Cresselia|107\/441
|
|switch|p2a: Talonflame|Talonflame, F|345\/345
|move|p1a: Cresselia|Moonlight|p1a: Cresselia
|-heal|p1a: Cresselia|327\/441
|
|turn|51
|
|move|p2a: Talonflame|Will-O-Wisp|p1a: Cresselia|[miss]
|-miss|p2a: Talonflame|p1a: Cresselia
|move|p1a: Cresselia|Toxic|p2a: Talonflame
|-status|p2a: Talonflame|tox
|
|-damage|p2a: Talonflame|324\/345 tox|[from] psn
|turn|52
|
|switch|p2a: Clefable|Clefable, M|302\/393 brn
|move|p1a: Cresselia|Moonlight|p1a: Cresselia
|-heal|p1a: Cresselia|441\/441
|
|-heal|p2a: Clefable|326\/393 brn|[from] item: Leftovers
|-damage|p2a: Clefable|277\/393 brn|[from] brn
|turn|53
|
|move|p1a: Cresselia|Psyshock|p2a: Clefable
|-damage|p2a: Clefable|202\/393 brn
|move|p2a: Clefable|Aromatherapy|p2a: Clefable
|-cureteam|p2a: Clefable|[from] move: Aromatherapy
|
|-heal|p2a: Clefable|226\/393|[from] item: Leftovers
|turn|54
|
|move|p1a: Cresselia|Psyshock|p2a: Clefable
|-damage|p2a: Clefable|151\/393
|move|p2a: Clefable|Moonlight|p2a: Clefable
|-heal|p2a: Clefable|347\/393
|
|-heal|p2a: Clefable|371\/393|[from] item: Leftovers
|turn|55
|
|switch|p2a: Sableye|Sableye-Mega, M|251\/303
|move|p1a: Cresselia|Psyshock|p2a: Sableye
|-immune|p2a: Sableye|[msg]
|
|turn|56
|
|move|p1a: Cresselia|Toxic|p2a: Sableye
|move|p2a: Sableye|Toxic|p1a: Cresselia|[from]Magic Bounce
|-status|p1a: Cresselia|tox
|move|p2a: Sableye|Recover|p2a: Sableye
|-heal|p2a: Sableye|303\/303
|
|turn|57
|
|switch|p2a: Gliscor|Gliscor, M|331\/353
|move|p1a: Cresselia|Psyshock|p2a: Gliscor
|-damage|p2a: Gliscor|280\/353
|
|-status|p2a: Gliscor|tox|[from] item: Toxic Orb
|turn|58
|
|move|p2a: Gliscor|Taunt|p1a: Cresselia
|-start|p1a: Cresselia|move: Taunt
|move|p1a: Cresselia|Psyshock|p2a: Gliscor
|-damage|p2a: Gliscor|232\/353 tox
|
|-heal|p2a: Gliscor|276\/353 tox|[from] ability: Poison Heal
|turn|59
|
|move|p2a: Gliscor|U-turn|p1a: Cresselia
|-supereffective|p1a: Cresselia
|-damage|p1a: Cresselia|371\/441 tox
|
|switch|p2a: Excadrill|Excadrill, M|424\/424
|-ability|p2a: Excadrill|Mold Breaker
|move|p1a: Cresselia|Psyshock|p2a: Excadrill
|-resisted|p2a: Excadrill
|-damage|p2a: Excadrill|364\/424
|
|-heal|p2a: Excadrill|390\/424|[from] item: Leftovers
|-heal|p1a: Cresselia|426\/441 tox|[from] ability: Poison Heal
|turn|60
|
|move|p2a: Excadrill|Earthquake|p1a: Cresselia
|-damage|p1a: Cresselia|335\/441 tox
|move|p1a: Cresselia|Psyshock|p2a: Excadrill
|-resisted|p2a: Excadrill
|-damage|p2a: Excadrill|333\/424
|
|-heal|p2a: Excadrill|359\/424|[from] item: Leftovers
|-heal|p1a: Cresselia|390\/441 tox|[from] ability: Poison Heal
|-end|p1a: Cresselia|move: Taunt
|turn|61
|
|move|p2a: Excadrill|Iron Head|p1a: Cresselia
|-damage|p1a: Cresselia|315\/441 tox
|cant|p1a: Cresselia|flinch
|
|-heal|p2a: Excadrill|385\/424|[from] item: Leftovers
|-heal|p1a: Cresselia|370\/441 tox|[from] ability: Poison Heal
|turn|62
|
|switch|p2a: Manaphy|Manaphy|252\/401
|move|p1a: Cresselia|Psyshock|p2a: Manaphy
|-damage|p2a: Manaphy|180\/401
|
|-heal|p1a: Cresselia|425\/441 tox|[from] ability: Poison Heal
|turn|63
|
|move|p2a: Manaphy|Rain Dance|p2a: Manaphy
|-weather|RainDance
|move|p1a: Cresselia|Toxic|p2a: Manaphy
|-status|p2a: Manaphy|tox
|
|-weather|RainDance|[upkeep]
|-curestatus|p2a: Manaphy|tox
|-heal|p1a: Cresselia|441\/441 tox|[from] ability: Poison Heal
|turn|64
|
|move|p2a: Manaphy|Rest|p2a: Manaphy
|-status|p2a: Manaphy|slp
|-heal|p2a: Manaphy|401\/401 slp|[silent]
|-status|p2a: Manaphy|slp|[from] move: Rest
|move|p1a: Cresselia|Psyshock|p2a: Manaphy
|-damage|p2a: Manaphy|328\/401 slp
|
|-weather|RainDance|[upkeep]
|-curestatus|p2a: Manaphy|slp
|turn|65
|
|move|p2a: Manaphy|U-turn|p1a: Cresselia
|-supereffective|p1a: Cresselia
|-damage|p1a: Cresselia|373\/441 tox
|
|switch|p2a: Clefable|Clefable, M|371\/393
|move|p1a: Cresselia|Skill Swap|p2a: Clefable
|-activate|p1a: Cresselia|move: Skill Swap|Unaware|Poison Heal|[of] p2a: Clefable
|
|-weather|RainDance|[upkeep]
|-heal|p2a: Clefable|393\/393|[from] item: Leftovers
|-damage|p1a: Cresselia|103\/441 tox|[from] psn
|turn|66
|
|switch|p2a: Gliscor|Gliscor, M|276\/353 tox
|move|p1a: Cresselia|Skill Swap|p2a: Gliscor
|-activate|p1a: Cresselia|move: Skill Swap|Poison Heal|Unaware|[of] p2a: Gliscor
|
|-weather|RainDance|[upkeep]
|-damage|p2a: Gliscor|254\/353 tox|[from] psn
|-heal|p1a: Cresselia|158\/441 tox|[from] ability: Poison Heal
|turn|67
|
|switch|p2a: Clefable|Clefable, M|393\/393
|move|p1a: Cresselia|Moonlight|p1a: Cresselia
|-heal|p1a: Cresselia|268\/441 tox
|
|-weather|none
|-heal|p1a: Cresselia|323\/441 tox|[from] ability: Poison Heal
|turn|68
|
|switch|p1a: Chansey|Chansey, F|498\/642
|-damage|p1a: Chansey|418\/642|[from] Stealth Rock
|move|p2a: Clefable|Calm Mind|p2a: Clefable
|-boost|p2a: Clefable|spa|1
|-boost|p2a: Clefable|spd|1
|
|turn|69
|
|move|p2a: Clefable|Calm Mind|p2a: Clefable
|-boost|p2a: Clefable|spa|1
|-boost|p2a: Clefable|spd|1
|move|p1a: Chansey|Soft-Boiled|p1a: Chansey
|-heal|p1a: Chansey|642\/642
|
|turn|70
|
|move|p2a: Clefable|Calm Mind|p2a: Clefable
|-boost|p2a: Clefable|spa|1
|-boost|p2a: Clefable|spd|1
|move|p1a: Chansey|Heal Bell|p1a: Chansey
|-cureteam|p1a: Chansey|[from] move: HealBell
|
|turn|71
|
|switch|p2a: Manaphy|Manaphy|328\/401
|move|p1a: Chansey|Seismic Toss|p2a: Manaphy
|-damage|p2a: Manaphy|228\/401
|
|turn|72
|
|move|p2a: Manaphy|Rain Dance|p2a: Manaphy
|-weather|RainDance
|move|p1a: Chansey|Stealth Rock|p2a: Manaphy
|-sidestart|p2: jerry85|move: Stealth Rock
|
|-weather|RainDance|[upkeep]
|turn|73
|
|move|p2a: Manaphy|Rest|p2a: Manaphy
|-status|p2a: Manaphy|slp
|-heal|p2a: Manaphy|401\/401 slp|[silent]
|-status|p2a: Manaphy|slp|[from] move: Rest
|move|p1a: Chansey|Seismic Toss|p2a: Manaphy
|-damage|p2a: Manaphy|301\/401 slp
|
|-weather|RainDance|[upkeep]
|-curestatus|p2a: Manaphy|slp
|turn|74
|
|switch|p2a: Excadrill|Excadrill, M|385\/424
|-damage|p2a: Excadrill|372\/424|[from] Stealth Rock
|-ability|p2a: Excadrill|Mold Breaker
|switch|p1a: Keldeo|Keldeo|198\/322
|-damage|p1a: Keldeo|178\/322|[from] Stealth Rock
|
|-weather|RainDance|[upkeep]
|-heal|p1a: Keldeo|198\/322|[from] item: Leftovers
|-heal|p2a: Excadrill|398\/424|[from] item: Leftovers
|turn|75
|
|switch|p2a: Sableye|Sableye-Mega, M|303\/303
|-damage|p2a: Sableye|266\/303|[from] Stealth Rock
|move|p1a: Keldeo|Scald|p2a: Sableye
|-crit|p2a: Sableye
|-damage|p2a: Sableye|50\/303
|-status|p2a: Sableye|brn
|
|-weather|RainDance|[upkeep]
|-heal|p1a: Keldeo|218\/322|[from] item: Leftovers
|-damage|p2a: Sableye|13\/303 brn|[from] brn
|turn|76
|
|switch|p2a: Manaphy|Manaphy|301\/401
|-damage|p2a: Manaphy|251\/401|[from] Stealth Rock
|move|p1a: Keldeo|Scald|p2a: Manaphy
|-resisted|p2a: Manaphy
|-damage|p2a: Manaphy|172\/401
|
|-weather|none
|-heal|p1a: Keldeo|238\/322|[from] item: Leftovers
|turn|77
|
|move|p1a: Keldeo|Secret Sword|p2a: Manaphy
|-damage|p2a: Manaphy|27\/401
|move|p2a: Manaphy|Rest|p2a: Manaphy
|-status|p2a: Manaphy|slp
|-heal|p2a: Manaphy|401\/401 slp|[silent]
|-status|p2a: Manaphy|slp|[from] move: Rest
|
|-heal|p1a: Keldeo|258\/322|[from] item: Leftovers
|turn|78
|
|switch|p2a: Clefable|Clefable, M|393\/393
|-damage|p2a: Clefable|344\/393|[from] Stealth Rock
|move|p1a: Keldeo|Calm Mind|p1a: Keldeo
|-boost|p1a: Keldeo|spa|1
|-boost|p1a: Keldeo|spd|1
|
|-heal|p1a: Keldeo|278\/322|[from] item: Leftovers
|-heal|p2a: Clefable|368\/393|[from] item: Leftovers
|turn|79
|
|switch|p1a: Chansey|Chansey, F|642\/642
|-damage|p1a: Chansey|562\/642|[from] Stealth Rock
|move|p2a: Clefable|Moonblast|p1a: Chansey
|-damage|p1a: Chansey|508\/642
|
|-heal|p2a: Clefable|392\/393|[from] item: Leftovers
|turn|80
|
|move|p2a: Clefable|Aromatherapy|p2a: Clefable
|-cureteam|p2a: Clefable|[from] move: Aromatherapy
|move|p1a: Chansey|Seismic Toss|p2a: Clefable
|-damage|p2a: Clefable|292\/393
|
|-heal|p2a: Clefable|316\/393|[from] item: Leftovers
|turn|81
|
|move|p2a: Clefable|Moonlight|p2a: Clefable
|-heal|p2a: Clefable|393\/393
|move|p1a: Chansey|Seismic Toss|p2a: Clefable
|-damage|p2a: Clefable|293\/393
|
|-heal|p2a: Clefable|317\/393|[from] item: Leftovers
|turn|82
|
|move|p2a: Clefable|Moonblast|p1a: Chansey
|-damage|p1a: Chansey|451\/642
|move|p1a: Chansey|Seismic Toss|p2a: Clefable
|-damage|p2a: Clefable|217\/393
|
|-heal|p2a: Clefable|241\/393|[from] item: Leftovers
|turn|83
|
|move|p2a: Clefable|Moonlight|p2a: Clefable
|-heal|p2a: Clefable|393\/393
|move|p1a: Chansey|Soft-Boiled|p1a: Chansey
|-heal|p1a: Chansey|642\/642
|
|turn|84
|
|switch|p2a: Manaphy|Manaphy|401\/401
|-damage|p2a: Manaphy|351\/401|[from] Stealth Rock
|move|p1a: Chansey|Seismic Toss|p2a: Manaphy
|-damage|p2a: Manaphy|251\/401
|
|turn|85
|
|move|p2a: Manaphy|U-turn|p1a: Chansey
|-damage|p1a: Chansey|581\/642
|
|switch|p2a: Excadrill|Excadrill, M|398\/424
|-damage|p2a: Excadrill|385\/424|[from] Stealth Rock
|-ability|p2a: Excadrill|Mold Breaker
|move|p1a: Chansey|Seismic Toss|p2a: Excadrill
|-damage|p2a: Excadrill|285\/424
|
|-heal|p2a: Excadrill|311\/424|[from] item: Leftovers
|turn|86
|
|move|p2a: Excadrill|Rapid Spin|p1a: Chansey
|-damage|p1a: Chansey|555\/642
|-sideend|p2: jerry85|Stealth Rock|[from] move: Rapid Spin|[of] p2a: Excadrill
|move|p1a: Chansey|Seismic Toss|p2a: Excadrill
|-damage|p2a: Excadrill|211\/424
|
|-heal|p2a: Excadrill|237\/424|[from] item: Leftovers
|turn|87
|
|switch|p2a: Sableye|Sableye-Mega, M|13\/303
|move|p1a: Chansey|Stealth Rock|p2a: Sableye
|move|p2a: Sableye|Stealth Rock|p1a: Chansey|[from]Magic Bounce
|-fail|p1a: Chansey
|
|turn|88
|
|switch|p1a: Keldeo|Keldeo|278\/322
|-damage|p1a: Keldeo|258\/322|[from] Stealth Rock
|move|p2a: Sableye|Recover|p2a: Sableye
|-heal|p2a: Sableye|165\/303
|
|-heal|p1a: Keldeo|278\/322|[from] item: Leftovers
|turn|89
|
|move|p1a: Keldeo|Scald|p2a: Sableye
|-damage|p2a: Sableye|69\/303
|move|p2a: Sableye|Recover|p2a: Sableye
|-heal|p2a: Sableye|221\/303
|
|-heal|p1a: Keldeo|298\/322|[from] item: Leftovers
|turn|90
|
|move|p1a: Keldeo|Calm Mind|p1a: Keldeo
|-boost|p1a: Keldeo|spa|1
|-boost|p1a: Keldeo|spd|1
|move|p2a: Sableye|Recover|p2a: Sableye
|-heal|p2a: Sableye|303\/303
|
|-heal|p1a: Keldeo|318\/322|[from] item: Leftovers
|turn|91
|
|switch|p2a: Clefable|Clefable, M|393\/393
|move|p1a: Keldeo|Scald|p2a: Clefable
|-damage|p2a: Clefable|269\/393
|
|-heal|p1a: Keldeo|322\/322|[from] item: Leftovers
|-heal|p2a: Clefable|293\/393|[from] item: Leftovers
|turn|92
|
|switch|p1a: Chansey|Chansey, F|555\/642
|-damage|p1a: Chansey|475\/642|[from] Stealth Rock
|move|p2a: Clefable|Calm Mind|p2a: Clefable
|-boost|p2a: Clefable|spa|1
|-boost|p2a: Clefable|spd|1
|
|-heal|p2a: Clefable|317\/393|[from] item: Leftovers
|turn|93
|
|switch|p2a: Sableye|Sableye-Mega, M|303\/303
|move|p1a: Chansey|Seismic Toss|p2a: Sableye
|-immune|p2a: Sableye|[msg]
|
|turn|94
|
|switch|p1a: Sableye|Sableye-Mega, F|232\/301
|-damage|p1a: Sableye|195\/301|[from] Stealth Rock
|move|p2a: Sableye|Knock Off|p1a: Sableye
|-damage|p1a: Sableye|141\/301
|
|turn|95
|
|switch|p2a: Talonflame|Talonflame, F|324\/345
|move|p1a: Sableye|Recover|p1a: Sableye
|-heal|p1a: Sableye|292\/301
|
|-heal|p2a: Talonflame|345\/345|[from] item: Leftovers
|turn|96
|
|switch|p1a: Quagsire|Quagsire, M|348\/394
|-damage|p1a: Quagsire|324\/394|[from] Stealth Rock
|move|p2a: Talonflame|Brave Bird|p1a: Quagsire
|-damage|p1a: Quagsire|185\/394
|-damage|p2a: Talonflame|299\/345|[from] recoil|[of] p1a: Quagsire
|
|-heal|p2a: Talonflame|320\/345|[from] item: Leftovers
|-heal|p1a: Quagsire|209\/394|[from] item: Leftovers
|turn|97
|
|move|p2a: Talonflame|Taunt|p1a: Quagsire
|-start|p1a: Quagsire|move: Taunt
|cant|p1a: Quagsire|move: Taunt|Recover
|
|-heal|p2a: Talonflame|341\/345|[from] item: Leftovers
|-heal|p1a: Quagsire|233\/394|[from] item: Leftovers
|turn|98
|
|move|p2a: Talonflame|Will-O-Wisp|p1a: Quagsire
|-status|p1a: Quagsire|brn
|move|p1a: Quagsire|Scald|p2a: Talonflame
|-supereffective|p2a: Talonflame
|-damage|p2a: Talonflame|147\/345
|
|-heal|p2a: Talonflame|168\/345|[from] item: Leftovers
|-heal|p1a: Quagsire|257\/394 brn|[from] item: Leftovers
|-damage|p1a: Quagsire|208\/394 brn|[from] brn
|turn|99
|
|move|p2a: Talonflame|Roost|p2a: Talonflame
|-heal|p2a: Talonflame|341\/345
|move|p1a: Quagsire|Scald|p2a: Talonflame
|-supereffective|p2a: Talonflame
|-damage|p2a: Talonflame|171\/345
|
|-heal|p2a: Talonflame|192\/345|[from] item: Leftovers
|-heal|p1a: Quagsire|232\/394 brn|[from] item: Leftovers
|-damage|p1a: Quagsire|183\/394 brn|[from] brn
|-end|p1a: Quagsire|move: Taunt
|turn|100
|
|move|p2a: Talonflame|Roost|p2a: Talonflame
|-heal|p2a: Talonflame|345\/345
|move|p1a: Quagsire|Scald|p2a: Talonflame
|-supereffective|p2a: Talonflame
|-damage|p2a: Talonflame|147\/345
|
|-heal|p2a: Talonflame|168\/345|[from] item: Leftovers
|-heal|p1a: Quagsire|207\/394 brn|[from] item: Leftovers
|-damage|p1a: Quagsire|158\/394 brn|[from] brn
|turn|101
|
|switch|p2a: Sableye|Sableye-Mega, M|303\/303
|move|p1a: Quagsire|Recover|p1a: Quagsire
|-heal|p1a: Quagsire|355\/394 brn
|
|-heal|p1a: Quagsire|379\/394 brn|[from] item: Leftovers
|-damage|p1a: Quagsire|330\/394 brn|[from] brn
|turn|102
|
|switch|p1a: Sableye|Sableye-Mega, F|292\/301
|-damage|p1a: Sableye|255\/301|[from] Stealth Rock
|move|p2a: Sableye|Knock Off|p1a: Sableye
|-damage|p1a: Sableye|200\/301
|
|turn|103
|
|move|p2a: Sableye|Foul Play|p1a: Sableye
|-damage|p1a: Sableye|124\/301
|move|p1a: Sableye|Knock Off|p2a: Sableye
|-damage|p2a: Sableye|246\/303
|
|turn|104
|
|move|p2a: Sableye|Foul Play|p1a: Sableye
|-crit|p1a: Sableye
|-damage|p1a: Sableye|18\/301
|move|p1a: Sableye|Recover|p1a: Sableye
|-heal|p1a: Sableye|169\/301
|
|turn|105
|
|move|p2a: Sableye|Foul Play|p1a: Sableye
|-damage|p1a: Sableye|93\/301
|move|p1a: Sableye|Recover|p1a: Sableye
|-heal|p1a: Sableye|244\/301
|
|turn|106
|
|switch|p2a: Clefable|Clefable, M|317\/393
|move|p1a: Sableye|Recover|p1a: Sableye
|-heal|p1a: Sableye|301\/301
|
|-heal|p2a: Clefable|341\/393|[from] item: Leftovers
|turn|107
|
|switch|p2a: Sableye|Sableye-Mega, M|246\/303
|switch|p1a: Chansey|Chansey, F|475\/642
|-damage|p1a: Chansey|395\/642|[from] Stealth Rock
|
|turn|108
|
|switch|p1a: Cresselia|Cresselia, F|323\/441
|-damage|p1a: Cresselia|268\/441|[from] Stealth Rock
|move|p2a: Sableye|Knock Off|p1a: Cresselia
|-supereffective|p1a: Cresselia
|-damage|p1a: Cresselia|188\/441
|
|turn|109
|
|switch|p2a: Talonflame|Talonflame, F|168\/345
|move|p1a: Cresselia|Skill Swap|p2a: Talonflame
|-activate|p1a: Cresselia|move: Skill Swap|Gale Wings|Levitate|[of] p2a: Talonflame
|
|-heal|p2a: Talonflame|189\/345|[from] item: Leftovers
|turn|110
|
|move|p2a: Talonflame|Roost|p2a: Talonflame
|-heal|p2a: Talonflame|345\/345
|move|p1a: Cresselia|Moonlight|p1a: Cresselia
|-heal|p1a: Cresselia|408\/441
|
|turn|111
|
|move|p2a: Talonflame|Taunt|p1a: Cresselia
|-start|p1a: Cresselia|move: Taunt
|cant|p1a: Cresselia|move: Taunt|Toxic
|
|turn|112
|
|move|p2a: Talonflame|Brave Bird|p1a: Cresselia
|-damage|p1a: Cresselia|291\/441
|-damage|p2a: Talonflame|306\/345|[from] recoil|[of] p1a: Cresselia
|move|p1a: Cresselia|Psyshock|p2a: Talonflame
|-damage|p2a: Talonflame|204\/345
|
|-heal|p2a: Talonflame|225\/345|[from] item: Leftovers
|turn|113
|
|switch|p1a: Skarmory|Skarmory, F|333\/333
|-damage|p1a: Skarmory|292\/333|[from] Stealth Rock
|move|p2a: Talonflame|Roost|p2a: Talonflame
|-heal|p2a: Talonflame|345\/345
|
|-heal|p1a: Skarmory|312\/333|[from] item: Leftovers
|turn|114
|
|switch|p1a: Quagsire|Quagsire, M|330\/394 brn
|-damage|p1a: Quagsire|306\/394 brn|[from] Stealth Rock
|move|p2a: Talonflame|Taunt|p1a: Quagsire
|-start|p1a: Quagsire|move: Taunt
|
|-heal|p1a: Quagsire|330\/394 brn|[from] item: Leftovers
|-damage|p1a: Quagsire|281\/394 brn|[from] brn
|turn|115
|
|switch|p2a: Manaphy|Manaphy|251\/401
|move|p1a: Quagsire|Scald|p2a: Manaphy
|-resisted|p2a: Manaphy
|-damage|p2a: Manaphy|227\/401
|
|-heal|p1a: Quagsire|305\/394 brn|[from] item: Leftovers
|-damage|p1a: Quagsire|256\/394 brn|[from] brn
|turn|116
|
|switch|p1a: Chansey|Chansey, F|395\/642
|-damage|p1a: Chansey|315\/642|[from] Stealth Rock
|move|p2a: Manaphy|Rain Dance|p2a: Manaphy
|-weather|RainDance
|
|-weather|RainDance|[upkeep]
|turn|117
|
|move|p2a: Manaphy|U-turn|p1a: Chansey
|-damage|p1a: Chansey|246\/642
|
|switch|p2a: Sableye|Sableye-Mega, M|246\/303
|move|p1a: Chansey|Soft-Boiled|p1a: Chansey
|-heal|p1a: Chansey|567\/642
|
|-weather|RainDance|[upkeep]
|turn|118
|
|switch|p1a: Keldeo|Keldeo|322\/322
|-damage|p1a: Keldeo|302\/322|[from] Stealth Rock
|move|p2a: Sableye|Knock Off|p1a: Keldeo
|-resisted|p1a: Keldeo
|-damage|p1a: Keldeo|252\/322
|-boost|p1a: Keldeo|atk|1|[from] ability: Justified
|-enditem|p1a: Keldeo|Leftovers|[from] move: Knock Off|[of] p2a: Sableye
|
|-weather|RainDance|[upkeep]
|turn|119
|
|move|p1a: Keldeo|Scald|p2a: Sableye
|-damage|p2a: Sableye|108\/303
|move|p2a: Sableye|Recover|p2a: Sableye
|-heal|p2a: Sableye|260\/303
|
|-weather|RainDance|[upkeep]
|turn|120
|
|move|p1a: Keldeo|Scald|p2a: Sableye
|-damage|p2a: Sableye|124\/303
|-status|p2a: Sableye|brn
|move|p2a: Sableye|Recover|p2a: Sableye
|-heal|p2a: Sableye|276\/303 brn
|
|-weather|none
|-damage|p2a: Sableye|239\/303 brn|[from] brn
|turn|121
|
|switch|p2a: Clefable|Clefable, M|341\/393
|move|p1a: Keldeo|Scald|p2a: Clefable
|-damage|p2a: Clefable|211\/393
|
|-heal|p2a: Clefable|235\/393|[from] item: Leftovers
|turn|122
|
|move|p1a: Keldeo|Scald|p2a: Clefable
|-damage|p2a: Clefable|106\/393
|move|p2a: Clefable|Moonblast|p1a: Keldeo
|-supereffective|p1a: Keldeo
|-damage|p1a: Keldeo|30\/322
|
|-heal|p2a: Clefable|130\/393|[from] item: Leftovers
|turn|123
|
|switch|p2a: Manaphy|Manaphy|227\/401
|move|p1a: Keldeo|Scald|p2a: Manaphy
|-resisted|p2a: Manaphy
|-damage|p2a: Manaphy|178\/401
|
|turn|124
|
|switch|p1a: Chansey|Chansey, F|567\/642
|-damage|p1a: Chansey|487\/642|[from] Stealth Rock
|switch|p2a: Sableye|Sableye-Mega, M|239\/303 brn
|
|-damage|p2a: Sableye|202\/303 brn|[from] brn
|turn|125
|
|switch|p1a: Sableye|Sableye-Mega, F|301\/301
|-damage|p1a: Sableye|264\/301|[from] Stealth Rock
|move|p2a: Sableye|Recover|p2a: Sableye
|-heal|p2a: Sableye|303\/303 brn
|
|-damage|p2a: Sableye|266\/303 brn|[from] brn
|turn|126
|
|switch|p2a: Clefable|Clefable, M|130\/393
|move|p1a: Sableye|Knock Off|p2a: Clefable
|-resisted|p2a: Clefable
|-damage|p2a: Clefable|82\/393
|-enditem|p2a: Clefable|Leftovers|[from] move: Knock Off|[of] p1a: Sableye
|
|turn|127
|
|switch|p1a: Skarmory|Skarmory, F|312\/333
|-damage|p1a: Skarmory|271\/333|[from] Stealth Rock
|move|p2a: Clefable|Moonlight|p2a: Clefable
|-heal|p2a: Clefable|278\/393
|
|-heal|p1a: Skarmory|291\/333|[from] item: Leftovers
|turn|128
|
|switch|p2a: Sableye|Sableye-Mega, M|266\/303 brn
|move|p1a: Skarmory|Roost|p1a: Skarmory
|-heal|p1a: Skarmory|333\/333
|
|-damage|p2a: Sableye|229\/303 brn|[from] brn
|turn|129
|
|switch|p1a: Cresselia|Cresselia, F|291\/441
|-damage|p1a: Cresselia|236\/441|[from] Stealth Rock
|move|p2a: Sableye|Will-O-Wisp|p1a: Cresselia
|-status|p1a: Cresselia|brn
|
|-damage|p1a: Cresselia|181\/441 brn|[from] brn
|-damage|p2a: Sableye|192\/303 brn|[from] brn
|turn|130
|
|switch|p2a: Clefable|Clefable, M|278\/393
|move|p1a: Cresselia|Moonlight|p1a: Cresselia
|-heal|p1a: Cresselia|401\/441 brn
|
|-damage|p1a: Cresselia|346\/441 brn|[from] brn
|turn|131
|
|move|p1a: Cresselia|Toxic|p2a: Clefable
|-status|p2a: Clefable|tox
|move|p2a: Clefable|Aromatherapy|p2a: Clefable
|-cureteam|p2a: Clefable|[from] move: Aromatherapy
|
|-damage|p1a: Cresselia|291\/441 brn|[from] brn
|turn|132
|
|switch|p2a: Sableye|Sableye-Mega, M|192\/303
|move|p1a: Cresselia|Toxic|p2a: Sableye
|move|p2a: Sableye|Toxic|p1a: Cresselia|[from]Magic Bounce|[miss]
|-miss|p2a: Sableye|p1a: Cresselia
|
|-damage|p1a: Cresselia|236\/441 brn|[from] brn
|turn|133
|
|switch|p2a: Gliscor|Gliscor, M|254\/353
|move|p1a: Cresselia|Moonlight|p1a: Cresselia
|-heal|p1a: Cresselia|441\/441 brn
|
|-damage|p1a: Cresselia|386\/441 brn|[from] brn
|-status|p2a: Gliscor|tox|[from] item: Toxic Orb
|turn|134
|
|move|p2a: Gliscor|Earthquake|p1a: Cresselia
|-immune|p1a: Cresselia|[msg]
|move|p1a: Cresselia|Skill Swap|p2a: Gliscor
|-activate|p1a: Cresselia|move: Skill Swap|Poison Heal|Levitate|[of] p2a: Gliscor
|
|-damage|p2a: Gliscor|232\/353 tox|[from] psn
|-damage|p1a: Cresselia|331\/441 brn|[from] brn
|turn|135
|
|switch|p2a: Sableye|Sableye-Mega, M|192\/303
|switch|p1a: Skarmory|Skarmory, F|333\/333
|-damage|p1a: Skarmory|292\/333|[from] Stealth Rock
|
|-heal|p1a: Skarmory|312\/333|[from] item: Leftovers
|turn|136
|
|switch|p1a: Sableye|Sableye-Mega, F|264\/301
|-damage|p1a: Sableye|227\/301|[from] Stealth Rock
|move|p2a: Sableye|Recover|p2a: Sableye
|-heal|p2a: Sableye|303\/303
|
|turn|137
|
|move|p2a: Sableye|Foul Play|p1a: Sableye
|-crit|p1a: Sableye
|-damage|p1a: Sableye|127\/301
|move|p1a: Sableye|Knock Off|p2a: Sableye
|-damage|p2a: Sableye|251\/303
|
|turn|138
|
|move|p2a: Sableye|Foul Play|p1a: Sableye
|-damage|p1a: Sableye|58\/301
|move|p1a: Sableye|Recover|p1a: Sableye
|-heal|p1a: Sableye|209\/301
|
|turn|139
|
|move|p2a: Sableye|Foul Play|p1a: Sableye
|-damage|p1a: Sableye|139\/301
|move|p1a: Sableye|Recover|p1a: Sableye
|-heal|p1a: Sableye|290\/301
|
|turn|140
|
|move|p2a: Sableye|Foul Play|p1a: Sableye
|-damage|p1a: Sableye|221\/301
|move|p1a: Sableye|Knock Off|p2a: Sableye
|-damage|p2a: Sableye|197\/303
|
|turn|141
|
|move|p2a: Sableye|Foul Play|p1a: Sableye
|-damage|p1a: Sableye|148\/301
|move|p1a: Sableye|Knock Off|p2a: Sableye
|-damage|p2a: Sableye|143\/303
|
|turn|142
|
|move|p2a: Sableye|Recover|p2a: Sableye
|-heal|p2a: Sableye|295\/303
|move|p1a: Sableye|Recover|p1a: Sableye
|-heal|p1a: Sableye|299\/301
|
|turn|143
|
|move|p2a: Sableye|Knock Off|p1a: Sableye
|-damage|p1a: Sableye|250\/301
|move|p1a: Sableye|Knock Off|p2a: Sableye
|-damage|p2a: Sableye|237\/303
|
|turn|144
|
|move|p2a: Sableye|Knock Off|p1a: Sableye
|-damage|p1a: Sableye|202\/301
|move|p1a: Sableye|Knock Off|p2a: Sableye
|-damage|p2a: Sableye|176\/303
|
|turn|145
|
|move|p2a: Sableye|Foul Play|p1a: Sableye
|-damage|p1a: Sableye|127\/301
|move|p1a: Sableye|Knock Off|p2a: Sableye
|-damage|p2a: Sableye|119\/303
|
|turn|146
|
|move|p2a: Sableye|Recover|p2a: Sableye
|-heal|p2a: Sableye|271\/303
|move|p1a: Sableye|Recover|p1a: Sableye
|-heal|p1a: Sableye|278\/301
|
|turn|147
|
|move|p2a: Sableye|Foul Play|p1a: Sableye
|-damage|p1a: Sableye|206\/301
|move|p1a: Sableye|Knock Off|p2a: Sableye
|-damage|p2a: Sableye|216\/303
|
|turn|148
|
|move|p2a: Sableye|Foul Play|p1a: Sableye
|-damage|p1a: Sableye|139\/301
|move|p1a: Sableye|Knock Off|p2a: Sableye
|-damage|p2a: Sableye|162\/303
|
|turn|149
|
|move|p2a: Sableye|Recover|p2a: Sableye
|-heal|p2a: Sableye|303\/303
|move|p1a: Sableye|Recover|p1a: Sableye
|-heal|p1a: Sableye|290\/301
|
|turn|150
|
|switch|p2a: Manaphy|Manaphy|178\/401
|move|p1a: Sableye|Knock Off|p2a: Manaphy
|-damage|p2a: Manaphy|108\/401
|
|turn|151
|
|switch|p1a: Chansey|Chansey, F|487\/642
|-damage|p1a: Chansey|407\/642|[from] Stealth Rock
|move|p2a: Manaphy|Rest|p2a: Manaphy
|-status|p2a: Manaphy|slp
|-heal|p2a: Manaphy|401\/401 slp|[silent]
|-status|p2a: Manaphy|slp|[from] move: Rest
|
|turn|152
|
|switch|p2a: Clefable|Clefable, M|278\/393
|move|p1a: Chansey|Stealth Rock|p2a: Clefable
|-sidestart|p2: jerry85|move: Stealth Rock
|
|turn|153
|
|move|p2a: Clefable|Aromatherapy|p2a: Clefable
|-cureteam|p2a: Clefable|[from] move: Aromatherapy
|move|p1a: Chansey|Soft-Boiled|p1a: Chansey
|-heal|p1a: Chansey|642\/642
|
|turn|154
|
|switch|p2a: Sableye|Sableye-Mega, M|303\/303
|-damage|p2a: Sableye|266\/303|[from] Stealth Rock
|move|p1a: Chansey|Seismic Toss|p2a: Sableye
|-immune|p2a: Sableye|[msg]
|
|turn|155
|
|switch|p1a: Sableye|Sableye-Mega, F|290\/301
|-damage|p1a: Sableye|253\/301|[from] Stealth Rock
|move|p2a: Sableye|Knock Off|p1a: Sableye
|-damage|p1a: Sableye|207\/301
|
|turn|156
|
|move|p2a: Sableye|Foul Play|p1a: Sableye
|-damage|p1a: Sableye|131\/301
|move|p1a: Sableye|Knock Off|p2a: Sableye
|-damage|p2a: Sableye|206\/303
|
|turn|157
|
|move|p2a: Sableye|Foul Play|p1a: Sableye
|-damage|p1a: Sableye|53\/301
|move|p1a: Sableye|Recover|p1a: Sableye
|-heal|p1a: Sableye|204\/301
|
|turn|158
|
|move|p2a: Sableye|Foul Play|p1a: Sableye
|-damage|p1a: Sableye|134\/301
|move|p1a: Sableye|Knock Off|p2a: Sableye
|-damage|p2a: Sableye|148\/303
|
|turn|159
|
|move|p2a: Sableye|Foul Play|p1a: Sableye
|-damage|p1a: Sableye|65\/301
|move|p1a: Sableye|Recover|p1a: Sableye
|-heal|p1a: Sableye|216\/301
|
|turn|160
|
|move|p2a: Sableye|Recover|p2a: Sableye
|-heal|p2a: Sableye|300\/303
|move|p1a: Sableye|Knock Off|p2a: Sableye
|-damage|p2a: Sableye|243\/303
|
|turn|161
|
|switch|p2a: Excadrill|Excadrill, M|237\/424
|-damage|p2a: Excadrill|224\/424|[from] Stealth Rock
|-ability|p2a: Excadrill|Mold Breaker
|move|p1a: Sableye|Knock Off|p2a: Excadrill
|-damage|p2a: Excadrill|70\/424
|-enditem|p2a: Excadrill|Leftovers|[from] move: Knock Off|[of] p1a: Sableye
|
|turn|162
|
|switch|p2a: Sableye|Sableye-Mega, M|243\/303
|-damage|p2a: Sableye|206\/303|[from] Stealth Rock
|switch|p1a: Skarmory|Skarmory, F|312\/333
|-damage|p1a: Skarmory|271\/333|[from] Stealth Rock
|
|-heal|p1a: Skarmory|291\/333|[from] item: Leftovers
|turn|163
|
|switch|p1a: Quagsire|Quagsire, M|256\/394 brn
|-damage|p1a: Quagsire|232\/394 brn|[from] Stealth Rock
|move|p2a: Sableye|Knock Off|p1a: Quagsire
|-damage|p1a: Quagsire|159\/394 brn
|-enditem|p1a: Quagsire|Leftovers|[from] move: Knock Off|[of] p2a: Sableye
|
|-damage|p1a: Quagsire|110\/394 brn|[from] brn
|turn|164
|
|switch|p2a: Manaphy|Manaphy|401\/401
|-damage|p2a: Manaphy|351\/401|[from] Stealth Rock
|move|p1a: Quagsire|Recover|p1a: Quagsire
|-heal|p1a: Quagsire|307\/394 brn
|
|-damage|p1a: Quagsire|258\/394 brn|[from] brn
|turn|165
|
|switch|p1a: Chansey|Chansey, F|642\/642
|-damage|p1a: Chansey|562\/642|[from] Stealth Rock
|move|p2a: Manaphy|Rain Dance|p2a: Manaphy
|-weather|RainDance
|
|-weather|RainDance|[upkeep]
|turn|166
|
|move|p2a: Manaphy|Scald|p1a: Chansey
|-crit|p1a: Chansey
|-damage|p1a: Chansey|456\/642
|move|p1a: Chansey|Seismic Toss|p2a: Manaphy
|-damage|p2a: Manaphy|251\/401
|
|-weather|RainDance|[upkeep]
|turn|167
|
|move|p2a: Manaphy|Scald|p1a: Chansey
|-damage|p1a: Chansey|387\/642
|-status|p1a: Chansey|brn
|move|p1a: Chansey|Soft-Boiled|p1a: Chansey
|-heal|p1a: Chansey|642\/642 brn
|
|-weather|RainDance|[upkeep]
|-damage|p1a: Chansey|562\/642 brn|[from] brn
|turn|168
|
|move|p2a: Manaphy|Scald|p1a: Chansey
|-damage|p1a: Chansey|487\/642 brn
|move|p1a: Chansey|Heal Bell|p1a: Chansey
|-cureteam|p1a: Chansey|[from] move: HealBell
|
|-weather|RainDance|[upkeep]
|turn|169
|
|move|p2a: Manaphy|Scald|p1a: Chansey
|-damage|p1a: Chansey|414\/642
|move|p1a: Chansey|Seismic Toss|p2a: Manaphy
|-damage|p2a: Manaphy|151\/401
|
|-weather|none
|turn|170
|
|move|p2a: Manaphy|Rain Dance|p2a: Manaphy
|-weather|RainDance
|move|p1a: Chansey|Soft-Boiled|p1a: Chansey
|-heal|p1a: Chansey|642\/642
|
|-weather|RainDance|[upkeep]
|turn|171
|
|move|p2a: Manaphy|Rest|p2a: Manaphy
|-status|p2a: Manaphy|slp
|-heal|p2a: Manaphy|401\/401 slp|[silent]
|-status|p2a: Manaphy|slp|[from] move: Rest
|move|p1a: Chansey|Seismic Toss|p2a: Manaphy
|-damage|p2a: Manaphy|301\/401 slp
|
|-weather|RainDance|[upkeep]
|-curestatus|p2a: Manaphy|slp
|turn|172
|
|move|p2a: Manaphy|Scald|p1a: Chansey
|-damage|p1a: Chansey|567\/642
|move|p1a: Chansey|Seismic Toss|p2a: Manaphy
|-damage|p2a: Manaphy|201\/401
|
|-weather|RainDance|[upkeep]
|turn|173
|
|move|p2a: Manaphy|Scald|p1a: Chansey
|-damage|p1a: Chansey|488\/642
|move|p1a: Chansey|Seismic Toss|p2a: Manaphy
|-damage|p2a: Manaphy|101\/401
|
|-weather|RainDance|[upkeep]
|turn|174
|
|move|p2a: Manaphy|Rest|p2a: Manaphy
|-status|p2a: Manaphy|slp
|-heal|p2a: Manaphy|401\/401 slp|[silent]
|-status|p2a: Manaphy|slp|[from] move: Rest
|move|p1a: Chansey|Seismic Toss|p2a: Manaphy
|-damage|p2a: Manaphy|301\/401 slp
|
|-weather|none
|turn|175
|
|switch|p2a: Sableye|Sableye-Mega, M|206\/303
|-damage|p2a: Sableye|169\/303|[from] Stealth Rock
|move|p1a: Chansey|Seismic Toss|p2a: Sableye
|-immune|p2a: Sableye|[msg]
|
|turn|176
|
|switch|p1a: Quagsire|Quagsire, M|258\/394
|-damage|p1a: Quagsire|234\/394|[from] Stealth Rock
|switch|p2a: Clefable|Clefable, M|278\/393
|-damage|p2a: Clefable|229\/393|[from] Stealth Rock
|
|turn|177
|
|switch|p1a: Chansey|Chansey, F|488\/642
|-damage|p1a: Chansey|408\/642|[from] Stealth Rock
|move|p2a: Clefable|Aromatherapy|p2a: Clefable
|-cureteam|p2a: Clefable|[from] move: Aromatherapy
|
|turn|178
|
|move|p2a: Clefable|Moonlight|p2a: Clefable
|-heal|p2a: Clefable|393\/393
|move|p1a: Chansey|Soft-Boiled|p1a: Chansey
|-heal|p1a: Chansey|642\/642
|
|turn|179
|
|move|p2a: Clefable|Calm Mind|p2a: Clefable
|-boost|p2a: Clefable|spa|1
|-boost|p2a: Clefable|spd|1
|move|p1a: Chansey|Seismic Toss|p2a: Clefable
|-damage|p2a: Clefable|293\/393
|
|turn|180
|
|move|p2a: Clefable|Calm Mind|p2a: Clefable
|-boost|p2a: Clefable|spa|1
|-boost|p2a: Clefable|spd|1
|move|p1a: Chansey|Seismic Toss|p2a: Clefable
|-damage|p2a: Clefable|193\/393
|
|turn|181
|
|move|p2a: Clefable|Calm Mind|p2a: Clefable
|-boost|p2a: Clefable|spa|1
|-boost|p2a: Clefable|spd|1
|move|p1a: Chansey|Seismic Toss|p2a: Clefable
|-damage|p2a: Clefable|93\/393
|
|turn|182
|
|move|p2a: Clefable|Moonlight|p2a: Clefable
|-heal|p2a: Clefable|289\/393
|move|p1a: Chansey|Soft-Boiled|p1a: Chansey
|-fail|p1a: Chansey
|
|turn|183
|c|âPeterEqualsAmerica|oh misclick
|c|âPeterEqualsAmerica|damn ,e
|
|move|p2a: Clefable|Calm Mind|p2a: Clefable
|-boost|p2a: Clefable|spa|1
|-boost|p2a: Clefable|spd|1
|move|p1a: Chansey|Seismic Toss|p2a: Clefable
|-damage|p2a: Clefable|189\/393
|
|turn|184
|c|âPeterEqualsAmerica|damn me&
|
|move|p2a: Clefable|Moonblast|p1a: Chansey
|-damage|p1a: Chansey|465\/642
|move|p1a: Chansey|Seismic Toss|p2a: Clefable
|-damage|p2a: Clefable|89\/393
|
|turn|185
|
|switch|p2a: Sableye|Sableye-Mega, M|169\/303
|-damage|p2a: Sableye|132\/303|[from] Stealth Rock
|move|p1a: Chansey|Soft-Boiled|p1a: Chansey
|-heal|p1a: Chansey|642\/642
|
|turn|186
|
|switch|p1a: Sableye|Sableye-Mega, F|216\/301
|-damage|p1a: Sableye|179\/301|[from] Stealth Rock
|move|p2a: Sableye|Knock Off|p1a: Sableye
|-damage|p1a: Sableye|127\/301
|
|turn|187
|
|move|p2a: Sableye|Foul Play|p1a: Sableye
|-crit|p1a: Sableye
|-damage|p1a: Sableye|21\/301
|move|p1a: Sableye|Recover|p1a: Sableye
|-heal|p1a: Sableye|172\/301
|
|turn|188
|
|move|p2a: Sableye|Knock Off|p1a: Sableye
|-damage|p1a: Sableye|121\/301
|move|p1a: Sableye|Knock Off|p2a: Sableye
|-damage|p2a: Sableye|75\/303
|
|turn|189
|
|switch|p2a: Manaphy|Manaphy|301\/401
|-damage|p2a: Manaphy|251\/401|[from] Stealth Rock
|move|p1a: Sableye|Knock Off|p2a: Manaphy
|-damage|p2a: Manaphy|187\/401
|
|turn|190
|
|switch|p1a: Chansey|Chansey, F|642\/642
|-damage|p1a: Chansey|562\/642|[from] Stealth Rock
|move|p2a: Manaphy|Rain Dance|p2a: Manaphy
|-weather|RainDance
|
|-weather|RainDance|[upkeep]
|turn|191
|
|move|p2a: Manaphy|Rest|p2a: Manaphy
|-status|p2a: Manaphy|slp
|-heal|p2a: Manaphy|401\/401 slp|[silent]
|-status|p2a: Manaphy|slp|[from] move: Rest
|move|p1a: Chansey|Seismic Toss|p2a: Manaphy
|-damage|p2a: Manaphy|301\/401 slp
|
|-weather|RainDance|[upkeep]
|-curestatus|p2a: Manaphy|slp
|turn|192
|
|move|p2a: Manaphy|Rest|p2a: Manaphy
|-status|p2a: Manaphy|slp
|-heal|p2a: Manaphy|401\/401 slp|[silent]
|-status|p2a: Manaphy|slp|[from] move: Rest
|move|p1a: Chansey|Seismic Toss|p2a: Manaphy
|-damage|p2a: Manaphy|301\/401 slp
|
|-weather|RainDance|[upkeep]
|-curestatus|p2a: Manaphy|slp
|turn|193
|
|move|p2a: Manaphy|Rest|p2a: Manaphy
|-status|p2a: Manaphy|slp
|-heal|p2a: Manaphy|401\/401 slp|[silent]
|-status|p2a: Manaphy|slp|[from] move: Rest
|move|p1a: Chansey|Stealth Rock|p2a: Manaphy
|-fail|p2a: Manaphy
|
|-weather|RainDance|[upkeep]
|-curestatus|p2a: Manaphy|slp
|turn|194
|
|move|p2a: Manaphy|Scald|p1a: Chansey
|-crit|p1a: Chansey
|-damage|p1a: Chansey|447\/642
|move|p1a: Chansey|Stealth Rock|p2a: Manaphy
|-fail|p2a: Manaphy
|
|-weather|none
|turn|195
|
|move|p2a: Manaphy|Scald|p1a: Chansey
|-damage|p1a: Chansey|396\/642
|move|p1a: Chansey|Seismic Toss|p2a: Manaphy
|-damage|p2a: Manaphy|301\/401
|
|turn|196
|
|switch|p2a: Excadrill|Excadrill, M|70\/424
|-damage|p2a: Excadrill|57\/424|[from] Stealth Rock
|-ability|p2a: Excadrill|Mold Breaker
|move|p1a: Chansey|Soft-Boiled|p1a: Chansey
|-heal|p1a: Chansey|642\/642
|
|turn|197
|c|âPeterEqualsAmerica|good one
|
|move|p2a: Excadrill|Rapid Spin|p1a: Chansey
|-damage|p1a: Chansey|615\/642
|-sideend|p2: jerry85|Stealth Rock|[from] move: Rapid Spin|[of] p2a: Excadrill
|move|p1a: Chansey|Seismic Toss|p2a: Excadrill
|-damage|p2a: Excadrill|0 fnt
|faint|p2a: Excadrill
|
|
|switch|p2a: Talonflame|Talonflame, F|345\/345
|turn|198
|
|move|p2a: Talonflame|Taunt|p1a: Chansey
|-start|p1a: Chansey|move: Taunt
|move|p1a: Chansey|Seismic Toss|p2a: Talonflame
|-damage|p2a: Talonflame|245\/345
|
|-heal|p2a: Talonflame|266\/345|[from] item: Leftovers
|turn|199
|
|switch|p1a: Cresselia|Cresselia, F|331\/441
|-damage|p1a: Cresselia|276\/441|[from] Stealth Rock
|move|p2a: Talonflame|Will-O-Wisp|p1a: Cresselia
|-status|p1a: Cresselia|brn
|
|-heal|p2a: Talonflame|287\/345|[from] item: Leftovers
|-damage|p1a: Cresselia|221\/441 brn|[from] brn
|turn|200
|
|move|p2a: Talonflame|Taunt|p1a: Cresselia
|-start|p1a: Cresselia|move: Taunt
|cant|p1a: Cresselia|move: Taunt|Moonlight
|
|-heal|p2a: Talonflame|308\/345|[from] item: Leftovers
|-damage|p1a: Cresselia|166\/441 brn|[from] brn
|turn|201
|
|switch|p1a: Skarmory|Skarmory, F|291\/333
|-damage|p1a: Skarmory|250\/333|[from] Stealth Rock
|move|p2a: Talonflame|Will-O-Wisp|p1a: Skarmory
|-status|p1a: Skarmory|brn
|
|-heal|p2a: Talonflame|329\/345|[from] item: Leftovers
|-heal|p1a: Skarmory|270\/333 brn|[from] item: Leftovers
|-damage|p1a: Skarmory|229\/333 brn|[from] brn
|turn|202
|
|switch|p1a: Quagsire|Quagsire, M|234\/394
|-damage|p1a: Quagsire|210\/394|[from] Stealth Rock
|move|p2a: Talonflame|Taunt|p1a: Quagsire
|-start|p1a: Quagsire|move: Taunt
|
|-heal|p2a: Talonflame|345\/345|[from] item: Leftovers
|turn|203
|
|move|p2a: Talonflame|Brave Bird|p1a: Quagsire
|-damage|p1a: Quagsire|80\/394
|-damage|p2a: Talonflame|302\/345|[from] recoil|[of] p1a: Quagsire
|move|p1a: Quagsire|Scald|p2a: Talonflame
|-supereffective|p2a: Talonflame
|-damage|p2a: Talonflame|110\/345
|
|-heal|p2a: Talonflame|131\/345|[from] item: Leftovers
|turn|204
|
|switch|p1a: Chansey|Chansey, F|615\/642
|-damage|p1a: Chansey|535\/642|[from] Stealth Rock
|move|p2a: Talonflame|Brave Bird|p1a: Chansey
|-damage|p1a: Chansey|310\/642
|-damage|p2a: Talonflame|57\/345|[from] recoil|[of] p1a: Chansey
|
|-heal|p2a: Talonflame|78\/345|[from] item: Leftovers
|turn|205
|
|move|p2a: Talonflame|Roost|p2a: Talonflame
|-heal|p2a: Talonflame|251\/345
|move|p1a: Chansey|Stealth Rock|p2a: Talonflame
|-sidestart|p2: jerry85|move: Stealth Rock
|
|-heal|p2a: Talonflame|272\/345|[from] item: Leftovers
|turn|206
|
|move|p2a: Talonflame|Taunt|p1a: Chansey
|-start|p1a: Chansey|move: Taunt
|move|p1a: Chansey|Seismic Toss|p2a: Talonflame
|-damage|p2a: Talonflame|172\/345
|
|-heal|p2a: Talonflame|193\/345|[from] item: Leftovers
|turn|207
|
|move|p2a: Talonflame|Roost|p2a: Talonflame
|-heal|p2a: Talonflame|345\/345
|move|p1a: Chansey|Seismic Toss|p2a: Talonflame
|-damage|p2a: Talonflame|245\/345
|
|-heal|p2a: Talonflame|266\/345|[from] item: Leftovers
|turn|208
|
|move|p2a: Talonflame|Roost|p2a: Talonflame
|-heal|p2a: Talonflame|345\/345
|move|p1a: Chansey|Seismic Toss|p2a: Talonflame
|-damage|p2a: Talonflame|245\/345
|
|-heal|p2a: Talonflame|266\/345|[from] item: Leftovers
|-end|p1a: Chansey|move: Taunt
|turn|209
|
|switch|p1a: Sableye|Sableye-Mega, F|121\/301
|-damage|p1a: Sableye|84\/301|[from] Stealth Rock
|move|p2a: Talonflame|Taunt|p1a: Sableye
|move|p1a: Sableye|Taunt|p2a: Talonflame|[from]Magic Bounce
|-start|p2a: Talonflame|move: Taunt
|
|-heal|p2a: Talonflame|287\/345|[from] item: Leftovers
|turn|210
|
|switch|p1a: Skarmory|Skarmory, F|229\/333 brn
|-damage|p1a: Skarmory|188\/333 brn|[from] Stealth Rock
|move|p2a: Talonflame|Brave Bird|p1a: Skarmory
|-resisted|p1a: Skarmory
|-damage|p1a: Skarmory|143\/333 brn
|-damage|p2a: Talonflame|272\/345|[from] recoil|[of] p1a: Skarmory
|
|-heal|p2a: Talonflame|293\/345|[from] item: Leftovers
|-heal|p1a: Skarmory|163\/333 brn|[from] item: Leftovers
|-damage|p1a: Skarmory|122\/333 brn|[from] brn
|turn|211
|
|move|p2a: Talonflame|Brave Bird|p1a: Skarmory
|-resisted|p1a: Skarmory
|-damage|p1a: Skarmory|77\/333 brn
|-damage|p2a: Talonflame|278\/345|[from] recoil|[of] p1a: Skarmory
|move|p1a: Skarmory|Roost|p1a: Skarmory
|-heal|p1a: Skarmory|244\/333 brn
|
|-heal|p2a: Talonflame|299\/345|[from] item: Leftovers
|-heal|p1a: Skarmory|264\/333 brn|[from] item: Leftovers
|-damage|p1a: Skarmory|223\/333 brn|[from] brn
|turn|212
|
|move|p2a: Talonflame|Brave Bird|p1a: Skarmory
|-resisted|p1a: Skarmory
|-damage|p1a: Skarmory|170\/333 brn
|-damage|p2a: Talonflame|282\/345|[from] recoil|[of] p1a: Skarmory
|move|p1a: Skarmory|Roost|p1a: Skarmory
|-heal|p1a: Skarmory|333\/333 brn
|
|-heal|p2a: Talonflame|303\/345|[from] item: Leftovers
|-damage|p1a: Skarmory|292\/333 brn|[from] brn
|-end|p2a: Talonflame|move: Taunt
|turn|213
|
|move|p2a: Talonflame|Will-O-Wisp|p1a: Skarmory
|-fail|p1a: Skarmory|brn
|move|p1a: Skarmory|Spikes|p2a: Talonflame
|-sidestart|p2: jerry85|Spikes
|
|-heal|p2a: Talonflame|324\/345|[from] item: Leftovers
|-heal|p1a: Skarmory|312\/333 brn|[from] item: Leftovers
|-damage|p1a: Skarmory|271\/333 brn|[from] brn
|turn|214
|
|move|p2a: Talonflame|Taunt|p1a: Skarmory
|-start|p1a: Skarmory|move: Taunt
|cant|p1a: Skarmory|move: Taunt|Whirlwind
|
|-heal|p2a: Talonflame|345\/345|[from] item: Leftovers
|-heal|p1a: Skarmory|291\/333 brn|[from] item: Leftovers
|-damage|p1a: Skarmory|250\/333 brn|[from] brn
|turn|215
|
|move|p2a: Talonflame|Will-O-Wisp|p1a: Skarmory
|-fail|p1a: Skarmory|brn
|move|p1a: Skarmory|Counter|p2a: Talonflame
|-fail|p2a: Talonflame
|
|-heal|p1a: Skarmory|270\/333 brn|[from] item: Leftovers
|-damage|p1a: Skarmory|229\/333 brn|[from] brn
|turn|216
|
|move|p2a: Talonflame|Will-O-Wisp|p1a: Skarmory
|-fail|p1a: Skarmory|brn
|move|p1a: Skarmory|Counter|p2a: Talonflame
|-fail|p2a: Talonflame
|
|-heal|p1a: Skarmory|249\/333 brn|[from] item: Leftovers
|-damage|p1a: Skarmory|208\/333 brn|[from] brn
|-end|p1a: Skarmory|move: Taunt
|turn|217
|
|move|p2a: Talonflame|Brave Bird|p1a: Skarmory
|-resisted|p1a: Skarmory
|-damage|p1a: Skarmory|163\/333 brn
|-damage|p2a: Talonflame|330\/345|[from] recoil|[of] p1a: Skarmory
|move|p1a: Skarmory|Whirlwind|p2a: Talonflame
|drag|p2a: Sableye|Sableye-Mega, M|75\/303
|-damage|p2a: Sableye|38\/303|[from] Spikes
|-damage|p2a: Sableye|1\/303|[from] Stealth Rock
|
|-heal|p1a: Skarmory|183\/333 brn|[from] item: Leftovers
|-damage|p1a: Skarmory|142\/333 brn|[from] brn
|turn|218
|
|move|p1a: Skarmory|Roost|p1a: Skarmory
|-heal|p1a: Skarmory|309\/333 brn
|move|p2a: Sableye|Knock Off|p1a: Skarmory
|-damage|p1a: Skarmory|254\/333 brn
|-enditem|p1a: Skarmory|Leftovers|[from] move: Knock Off|[of] p2a: Sableye
|
|-damage|p1a: Skarmory|213\/333 brn|[from] brn
|turn|219
|
|move|p1a: Skarmory|Roost|p1a: Skarmory
|-heal|p1a: Skarmory|333\/333 brn
|move|p2a: Sableye|Knock Off|p1a: Skarmory
|-damage|p1a: Skarmory|296\/333 brn
|
|-damage|p1a: Skarmory|255\/333 brn|[from] brn
|turn|220
|
|move|p2a: Sableye|Knock Off|p1a: Skarmory
|-damage|p1a: Skarmory|219\/333 brn
|move|p1a: Skarmory|Counter|p2a: Sableye
|-immune|p2a: Sableye|[msg]
|
|-damage|p1a: Skarmory|178\/333 brn|[from] brn
|turn|221
|
|move|p1a: Skarmory|Roost|p1a: Skarmory
|-heal|p1a: Skarmory|333\/333 brn
|move|p2a: Sableye|Knock Off|p1a: Skarmory
|-damage|p1a: Skarmory|297\/333 brn
|
|-damage|p1a: Skarmory|256\/333 brn|[from] brn
|turn|222
|
|switch|p1a: Cresselia|Cresselia, F|166\/441 brn
|-damage|p1a: Cresselia|111\/441 brn|[from] Stealth Rock
|move|p2a: Sableye|Knock Off|p1a: Cresselia
|-supereffective|p1a: Cresselia
|-damage|p1a: Cresselia|21\/441 brn
|
|-damage|p1a: Cresselia|0 fnt|[from] brn
|faint|p1a: Cresselia
|
|switch|p1a: Quagsire|Quagsire, M|80\/394
|-damage|p1a: Quagsire|56\/394|[from] Stealth Rock
|turn|223
|
|move|p1a: Quagsire|Recover|p1a: Quagsire
|-heal|p1a: Quagsire|253\/394
|move|p2a: Sableye|Knock Off|p1a: Quagsire
|-damage|p1a: Quagsire|196\/394
|
|turn|224
|
|move|p1a: Quagsire|Recover|p1a: Quagsire
|-heal|p1a: Quagsire|393\/394
|move|p2a: Sableye|Will-O-Wisp|p1a: Quagsire
|-status|p1a: Quagsire|brn
|
|-damage|p1a: Quagsire|344\/394 brn|[from] brn
|turn|225
|
|move|p1a: Quagsire|Scald|p2a: Sableye
|-damage|p2a: Sableye|0 fnt
|faint|p2a: Sableye
|
|-damage|p1a: Quagsire|295\/394 brn|[from] brn
|
|switch|p2a: Manaphy|Manaphy|301\/401
|-damage|p2a: Manaphy|251\/401|[from] Stealth Rock
|-damage|p2a: Manaphy|201\/401|[from] Spikes
|turn|226
|
|move|p2a: Manaphy|Scald|p1a: Quagsire
|-damage|p1a: Quagsire|174\/394 brn
|move|p1a: Quagsire|Scald|p2a: Manaphy
|-resisted|p2a: Manaphy
|-damage|p2a: Manaphy|177\/401
|
|-damage|p1a: Quagsire|125\/394 brn|[from] brn
|turn|227
|
|move|p2a: Manaphy|Scald|p1a: Quagsire
|-damage|p1a: Quagsire|4\/394 brn
|move|p1a: Quagsire|Recover|p1a: Quagsire
|-heal|p1a: Quagsire|201\/394 brn
|
|-damage|p1a: Quagsire|152\/394 brn|[from] brn
|turn|228
|
|move|p2a: Manaphy|Scald|p1a: Quagsire
|-damage|p1a: Quagsire|19\/394 brn
|move|p1a: Quagsire|Recover|p1a: Quagsire
|-heal|p1a: Quagsire|216\/394 brn
|
|-damage|p1a: Quagsire|167\/394 brn|[from] brn
|turn|229
|
|move|p2a: Manaphy|Scald|p1a: Quagsire
|-damage|p1a: Quagsire|32\/394 brn
|move|p1a: Quagsire|Recover|p1a: Quagsire
|-heal|p1a: Quagsire|229\/394 brn
|
|-damage|p1a: Quagsire|180\/394 brn|[from] brn
|turn|230
|
|move|p2a: Manaphy|Scald|p1a: Quagsire
|-damage|p1a: Quagsire|56\/394 brn
|move|p1a: Quagsire|Recover|p1a: Quagsire
|-heal|p1a: Quagsire|253\/394 brn
|
|-damage|p1a: Quagsire|204\/394 brn|[from] brn
|turn|231
|
|move|p2a: Manaphy|Scald|p1a: Quagsire
|-damage|p1a: Quagsire|72\/394 brn
|move|p1a: Quagsire|Recover|p1a: Quagsire
|-heal|p1a: Quagsire|269\/394 brn
|
|-damage|p1a: Quagsire|220\/394 brn|[from] brn
|turn|232
|
|move|p2a: Manaphy|Scald|p1a: Quagsire
|-damage|p1a: Quagsire|79\/394 brn
|move|p1a: Quagsire|Recover|p1a: Quagsire
|-heal|p1a: Quagsire|276\/394 brn
|
|-damage|p1a: Quagsire|227\/394 brn|[from] brn
|turn|233
|
|move|p2a: Manaphy|Scald|p1a: Quagsire
|-damage|p1a: Quagsire|98\/394 brn
|move|p1a: Quagsire|Recover|p1a: Quagsire
|-heal|p1a: Quagsire|295\/394 brn
|
|-damage|p1a: Quagsire|246\/394 brn|[from] brn
|turn|234
|
|move|p2a: Manaphy|Scald|p1a: Quagsire
|-damage|p1a: Quagsire|125\/394 brn
|move|p1a: Quagsire|Recover|p1a: Quagsire
|-heal|p1a: Quagsire|322\/394 brn
|
|-damage|p1a: Quagsire|273\/394 brn|[from] brn
|turn|235
|
|move|p2a: Manaphy|Scald|p1a: Quagsire
|-damage|p1a: Quagsire|134\/394 brn
|move|p1a: Quagsire|Recover|p1a: Quagsire
|-heal|p1a: Quagsire|331\/394 brn
|
|-damage|p1a: Quagsire|282\/394 brn|[from] brn
|turn|236
|
|move|p2a: Manaphy|Scald|p1a: Quagsire
|-damage|p1a: Quagsire|146\/394 brn
|move|p1a: Quagsire|Recover|p1a: Quagsire
|-heal|p1a: Quagsire|343\/394 brn
|
|-damage|p1a: Quagsire|294\/394 brn|[from] brn
|turn|237
|
|move|p2a: Manaphy|Scald|p1a: Quagsire
|-damage|p1a: Quagsire|152\/394 brn
|move|p1a: Quagsire|Recover|p1a: Quagsire
|-heal|p1a: Quagsire|349\/394 brn
|
|-damage|p1a: Quagsire|300\/394 brn|[from] brn
|turn|238
|
|move|p2a: Manaphy|Rest|p2a: Manaphy
|-status|p2a: Manaphy|slp
|-heal|p2a: Manaphy|401\/401 slp|[silent]
|-status|p2a: Manaphy|slp|[from] move: Rest
|move|p1a: Quagsire|Scald|p2a: Manaphy
|-resisted|p2a: Manaphy
|-damage|p2a: Manaphy|375\/401 slp
|
|-damage|p1a: Quagsire|251\/394 brn|[from] brn
|turn|239
|
|switch|p1a: Skarmory|Skarmory, F|256\/333 brn
|-damage|p1a: Skarmory|215\/333 brn|[from] Stealth Rock
|cant|p2a: Manaphy|slp
|
|-damage|p1a: Skarmory|174\/333 brn|[from] brn
|turn|240
|
|cant|p2a: Manaphy|slp
|move|p1a: Skarmory|Roost|p1a: Skarmory
|-heal|p1a: Skarmory|333\/333 brn
|
|-damage|p1a: Skarmory|292\/333 brn|[from] brn
|turn|241
|
|-curestatus|p2a: Manaphy|slp
|move|p2a: Manaphy|Rest|p2a: Manaphy
|-status|p2a: Manaphy|slp
|-heal|p2a: Manaphy|401\/401 slp|[silent]
|-status|p2a: Manaphy|slp|[from] move: Rest
|move|p1a: Skarmory|Whirlwind|p2a: Manaphy
|drag|p2a: Clefable|Clefable, M|89\/393
|-damage|p2a: Clefable|40\/393|[from] Stealth Rock
|-damage|p2a: Clefable|0 fnt|[from] Spikes
|faint|p2a: Clefable
|
|-damage|p1a: Skarmory|251\/333 brn|[from] brn
|
|switch|p2a: Gliscor|Gliscor, M|232\/353
|-damage|p2a: Gliscor|188\/353|[from] Stealth Rock
|turn|242
|
|move|p2a: Gliscor|Taunt|p1a: Skarmory
|-start|p1a: Skarmory|move: Taunt
|move|p1a: Skarmory|Counter|p2a: Gliscor
|-fail|p2a: Gliscor
|
|-damage|p1a: Skarmory|210\/333 brn|[from] brn
|-status|p2a: Gliscor|tox|[from] item: Toxic Orb
|turn|243
|
|switch|p1a: Quagsire|Quagsire, M|251\/394 brn
|-damage|p1a: Quagsire|227\/394 brn|[from] Stealth Rock
|move|p2a: Gliscor|Earthquake|p1a: Quagsire
|-damage|p1a: Quagsire|131\/394 brn
|
|-heal|p2a: Gliscor|232\/353 tox|[from] ability: Poison Heal
|-damage|p1a: Quagsire|82\/394 brn|[from] brn
|turn|244
|
|switch|p1a: Skarmory|Skarmory, F|210\/333 brn
|-damage|p1a: Skarmory|169\/333 brn|[from] Stealth Rock
|move|p2a: Gliscor|Earthquake|p1a: Skarmory
|-immune|p1a: Skarmory|[msg]
|
|-heal|p2a: Gliscor|276\/353 tox|[from] ability: Poison Heal
|-damage|p1a: Skarmory|128\/333 brn|[from] brn
|turn|245
|
|switch|p1a: Keldeo|Keldeo|30\/322
|-damage|p1a: Keldeo|10\/322|[from] Stealth Rock
|move|p2a: Gliscor|Earthquake|p1a: Keldeo
|-damage|p1a: Keldeo|0 fnt
|faint|p1a: Keldeo
|
|-heal|p2a: Gliscor|320\/353 tox|[from] ability: Poison Heal
|c|âjerry85|xd
|
|switch|p1a: Chansey|Chansey, F|310\/642
|-damage|p1a: Chansey|230\/642|[from] Stealth Rock
|turn|246
|
|switch|p1a: Sableye|Sableye-Mega, F|84\/301
|-damage|p1a: Sableye|47\/301|[from] Stealth Rock
|move|p2a: Gliscor|Taunt|p1a: Sableye
|move|p1a: Sableye|Taunt|p2a: Gliscor|[from]Magic Bounce
|-start|p2a: Gliscor|move: Taunt
|
|-heal|p2a: Gliscor|353\/353 tox|[from] ability: Poison Heal
|turn|247
|
|switch|p1a: Skarmory|Skarmory, F|128\/333 brn
|-damage|p1a: Skarmory|87\/333 brn|[from] Stealth Rock
|move|p2a: Gliscor|Earthquake|p1a: Skarmory
|-immune|p1a: Skarmory|[msg]
|
|-damage|p1a: Skarmory|46\/333 brn|[from] brn
|turn|248
|
|move|p2a: Gliscor|Earthquake|p1a: Skarmory
|-immune|p1a: Skarmory|[msg]
|move|p1a: Skarmory|Roost|p1a: Skarmory
|-heal|p1a: Skarmory|213\/333 brn
|
|-damage|p1a: Skarmory|172\/333 brn|[from] brn
|turn|249
|
|move|p2a: Gliscor|Earthquake|p1a: Skarmory
|-immune|p1a: Skarmory|[msg]
|move|p1a: Skarmory|Whirlwind|p2a: Gliscor
|drag|p2a: Manaphy|Manaphy|401\/401 slp
|-damage|p2a: Manaphy|351\/401 slp|[from] Stealth Rock
|-damage|p2a: Manaphy|301\/401 slp|[from] Spikes
|
|-damage|p1a: Skarmory|131\/333 brn|[from] brn
|turn|250
|
|cant|p2a: Manaphy|slp
|move|p1a: Skarmory|Roost|p1a: Skarmory
|-heal|p1a: Skarmory|298\/333 brn
|
|-damage|p1a: Skarmory|257\/333 brn|[from] brn
|turn|251
|
|switch|p1a: Chansey|Chansey, F|230\/642
|-damage|p1a: Chansey|150\/642|[from] Stealth Rock
|cant|p2a: Manaphy|slp
|
|turn|252
|
|switch|p2a: Gliscor|Gliscor, M|353\/353 tox
|-damage|p2a: Gliscor|309\/353 tox|[from] Stealth Rock
|move|p1a: Chansey|Soft-Boiled|p1a: Chansey
|-heal|p1a: Chansey|471\/642
|
|-heal|p2a: Gliscor|353\/353 tox|[from] ability: Poison Heal
|turn|253
|
|switch|p1a: Skarmory|Skarmory, F|257\/333 brn
|-damage|p1a: Skarmory|216\/333 brn|[from] Stealth Rock
|move|p2a: Gliscor|Stealth Rock|p1a: Skarmory
|-fail|p1a: Skarmory
|
|-damage|p1a: Skarmory|175\/333 brn|[from] brn
|turn|254
|
|move|p2a: Gliscor|Stealth Rock|p1a: Skarmory
|-fail|p1a: Skarmory
|move|p1a: Skarmory|Whirlwind|p2a: Gliscor
|drag|p2a: Talonflame|Talonflame, F|330\/345
|-damage|p2a: Talonflame|158\/345|[from] Stealth Rock
|
|-heal|p2a: Talonflame|179\/345|[from] item: Leftovers
|-damage|p1a: Skarmory|134\/333 brn|[from] brn
|turn|255
|
|switch|p1a: Sableye|Sableye-Mega, F|47\/301
|-damage|p1a: Sableye|10\/301|[from] Stealth Rock
|move|p2a: Talonflame|Roost|p2a: Talonflame
|-heal|p2a: Talonflame|345\/345
|
|turn|256
|
|move|p2a: Talonflame|Brave Bird|p1a: Sableye
|-damage|p1a: Sableye|0 fnt
|-damage|p2a: Talonflame|342\/345|[from] recoil|[of] p1a: Sableye
|faint|p1a: Sableye
|
|-heal|p2a: Talonflame|345\/345|[from] item: Leftovers
|
|switch|p1a: Quagsire|Quagsire, M|82\/394 brn
|-damage|p1a: Quagsire|58\/394 brn|[from] Stealth Rock
|turn|257
|
|move|p2a: Talonflame|Brave Bird|p1a: Quagsire
|-damage|p1a: Quagsire|0 fnt
|-damage|p2a: Talonflame|326\/345|[from] recoil|[of] p1a: Quagsire
|faint|p1a: Quagsire
|
|-heal|p2a: Talonflame|345\/345|[from] item: Leftovers
|c|âjerry85|god..
|c|âPeterEqualsAmerica|the moonblast on keldeo cost me
|
|switch|p1a: Chansey|Chansey, F|471\/642
|-damage|p1a: Chansey|391\/642|[from] Stealth Rock
|turn|258
|c|âjerry85|xd
|
|move|p2a: Talonflame|Taunt|p1a: Chansey
|-start|p1a: Chansey|move: Taunt
|cant|p1a: Chansey|move: Taunt|Soft-Boiled
|
|turn|259
|
|move|p2a: Talonflame|Brave Bird|p1a: Chansey
|-damage|p1a: Chansey|148\/642
|-damage|p2a: Talonflame|265\/345|[from] recoil|[of] p1a: Chansey
|move|p1a: Chansey|Struggle|p2a: Talonflame
|-damage|p2a: Talonflame|261\/345
|-damage|p1a: Chansey|0 fnt
|faint|p1a: Chansey
|
|-heal|p2a: Talonflame|282\/345|[from] item: Leftovers
|c|âjerry85|gg
|c|âjerry85|:)
|c|âPeterEqualsAmerica|sigh
|c|âPeterEqualsAmerica|thought I had this
|
|switch|p1a: Skarmory|Skarmory, F|134\/333 brn
|-damage|p1a: Skarmory|93\/333 brn|[from] Stealth Rock
|turn|260
|
|move|p2a: Talonflame|Taunt|p1a: Skarmory
|-start|p1a: Skarmory|move: Taunt
|cant|p1a: Skarmory|move: Taunt|Roost
|
|-heal|p2a: Talonflame|303\/345|[from] item: Leftovers
|-damage|p1a: Skarmory|52\/333 brn|[from] brn
|turn|261
|
|move|p2a: Talonflame|Roost|p2a: Talonflame
|-heal|p2a: Talonflame|345\/345
|move|p1a: Skarmory|Counter|p2a: Talonflame
|-fail|p2a: Talonflame
|
|-damage|p1a: Skarmory|11\/333 brn|[from] brn
|turn|262
|
|move|p2a: Talonflame|Brave Bird|p1a: Skarmory
|-resisted|p1a: Skarmory
|-damage|p1a: Skarmory|0 fnt
|-damage|p2a: Talonflame|341\/345|[from] recoil|[of] p1a: Skarmory
|faint|p1a: Skarmory
|
|win|jerry85
|raw|Ladder updating...
|raw|PeterEqualsAmerica's rating: 1610 &rarr; <strong>1591<\/strong><br \/>(-19 for losing)
|raw|jerry85's rating: 1633 &rarr; <strong>1652<\/strong><br \/>(+19 for winning)