|join|ryzed
|join|Reverb
|player|p1|ryzed|165
|player|p2|Reverb|#reverb
|gametype|singles
|gen|6
|tier|OU
|rated
|clearpoke
|poke|p1|Lopunny, M
|poke|p1|Skarmory, M
|poke|p1|Breloom, M
|poke|p1|Azumarill, M
|poke|p1|Bisharp, M
|poke|p1|Gengar, M
|poke|p2|Empoleon, M
|poke|p2|Tyranitar, F
|poke|p2|Charizard, F
|poke|p2|Keldeo
|poke|p2|Kyurem-Black
|poke|p2|Landorus-Therian, M
|rule|Swagger Clause: Swagger is banned
|rule|Baton Pass Clause: Limit one PokÃ©mon knowing Baton Pass
|rule|Sleep Clause Mod: Limit one foe put to sleep
|rule|Species Clause: Limit one of each PokÃ©mon
|rule|OHKO Clause: OHKO moves are banned
|rule|Moody Clause: Moody is banned
|rule|Evasion Moves Clause: Evasion moves are banned
|rule|Endless Battle Clause: Forcing endless battles is banned
|rule|HP Percentage Mod: HP is shown in percentages
|teampreview
|join|Bloodz
|join|Escavalier
|join|xTraSmallDick
|join|Alvok
|
|start
|switch|p1a: Breloom|Breloom, M|261\/261
|switch|p2a: Kyurem-Black|Kyurem-Black|391\/391
|-ability|p2a: Kyurem-Black|Teravolt
|turn|1
|
|move|p2a: Kyurem-Black|Ice Beam|p1a: Breloom
|-supereffective|p1a: Breloom
|-enditem|p1a: Breloom|Focus Sash
|-damage|p1a: Breloom|1\/261
|move|p1a: Breloom|Spore|p2a: Kyurem-Black
|-status|p2a: Kyurem-Black|slp
|
|turn|2
|join|Emma bae
|
|switch|p2a: Landorus-Therian|Landorus-Therian, M|327\/327
|-ability|p2a: Landorus-Therian|Intimidate|[of] p1a: Breloom
|-unboost|p1a: Breloom|atk|1
|move|p1a: Breloom|Bullet Seed|p2a: Landorus-Therian
|-crit|p2a: Landorus-Therian
|-damage|p2a: Landorus-Therian|213\/327
|-damage|p2a: Landorus-Therian|165\/327
|-damage|p2a: Landorus-Therian|111\/327
|-damage|p2a: Landorus-Therian|63\/327
|-damage|p2a: Landorus-Therian|15\/327
|-hitcount|p2a: Landorus-Therian|5
|
|turn|3
|join|I Iike Squirtles
|c| Escavalier|LOL
|c|âryzed|o_O
|c|âryzed|sorry
|c|âReverb|its k
|
|switch|p2a: Charizard|Charizard, F|297\/297
|move|p1a: Breloom|Mach Punch|p2a: Charizard
|-resisted|p2a: Charizard
|-damage|p2a: Charizard|248\/297
|
|turn|4
|
|detailschange|p2a: Charizard|Charizard-Mega-Y, F
|-mega|p2a: Charizard|Charizard|Charizardite Y
|-weather|SunnyDay
|move|p2a: Charizard|Flamethrower|p1a: Breloom
|-supereffective|p1a: Breloom
|-damage|p1a: Breloom|0 fnt
|faint|p1a: Breloom
|
|-weather|SunnyDay|[upkeep]
|
|switch|p1a: Skarmory|Skarmory, M|271\/271
|turn|5
|
|move|p2a: Charizard|Flamethrower|p1a: Skarmory
|-supereffective|p1a: Skarmory
|-activate|p1a: Skarmory|Sturdy
|-damage|p1a: Skarmory|1\/271
|-status|p1a: Skarmory|brn
|-enditem|p1a: Skarmory|Salac Berry|[eat]
|-boost|p1a: Skarmory|spe|1|[from] item: Salac Berry
|move|p1a: Skarmory|Stealth Rock|p2a: Charizard
|-sidestart|p2: Reverb|move: Stealth Rock
|
|-weather|SunnyDay|[upkeep]
|-damage|p1a: Skarmory|0 fnt|[from] brn
|faint|p1a: Skarmory
|
|switch|p1a: Lopunny|Lopunny, M|272\/272
|turn|6
|c| Escavalier|outskilled
|
|switch|p2a: Empoleon|Empoleon, M|371\/371
|-damage|p2a: Empoleon|348\/371|[from] Stealth Rock
|detailschange|p1a: Lopunny|Lopunny-Mega, M
|-mega|p1a: Lopunny|Lopunny|Lopunnite
|move|p1a: Lopunny|Fake Out|p2a: Empoleon
|-resisted|p2a: Empoleon
|-damage|p2a: Empoleon|320\/371
|
|-weather|SunnyDay|[upkeep]
|-heal|p2a: Empoleon|343\/371|[from] item: Leftovers
|turn|7
|
|move|p1a: Lopunny|High Jump Kick|p2a: Empoleon
|-supereffective|p2a: Empoleon
|-damage|p2a: Empoleon|0 fnt
|faint|p2a: Empoleon
|
|-weather|SunnyDay|[upkeep]
|
|switch|p2a: Keldeo|Keldeo|323\/323
|-damage|p2a: Keldeo|303\/323|[from] Stealth Rock
|turn|8
|join|Mistaken
|
|switch|p1a: Azumarill|Azumarill, M|358\/358
|move|p2a: Keldeo|Secret Sword|p1a: Azumarill
|-resisted|p1a: Azumarill
|-damage|p1a: Azumarill|229\/358
|
|-weather|none
|turn|9
|
|move|p2a: Keldeo|Secret Sword|p1a: Azumarill
|-resisted|p1a: Azumarill
|-damage|p1a: Azumarill|96\/358
|-enditem|p1a: Azumarill|Sitrus Berry|[eat]
|-heal|p1a: Azumarill|185\/358|[from] item: Sitrus Berry
|move|p1a: Azumarill|Play Rough|p2a: Keldeo
|-supereffective|p2a: Keldeo
|-damage|p2a: Keldeo|0 fnt
|faint|p2a: Keldeo
|
|-message|Reverb forfeited.
|
|win|ryzed
|raw|Ladder updating...
|leave|Reverb
|player|p2
|raw|ryzed's rating: 1757 &rarr; <strong>1778<\/strong><br \/>(+21 for winning)
|raw|Reverb's rating: 1775 &rarr; <strong>1754<\/strong><br \/>(-21 for losing)
|leave|Escavalier
|leave|Bloodz
|leave|ryzed
|player|p1
|leave|Emma bae
|leave|Alvok
|leave|I Iike Squirtles