|join|Reverb
|join|bluri
|player|p1|Reverb|#reverb
|player|p2|bluri|33
|gametype|singles
|gen|6
|tier|OU
|rated
|clearpoke
|poke|p1|Lopunny, M
|poke|p1|Celebi
|poke|p1|Tyranitar, F
|poke|p1|Keldeo
|poke|p1|Landorus-Therian, M
|poke|p1|Empoleon, F
|poke|p2|Hippowdon, M
|poke|p2|Latios, M
|poke|p2|Charizard, M
|poke|p2|Manaphy
|poke|p2|Ferrothorn, M
|poke|p2|Tyranitar, M
|rule|Swagger Clause: Swagger is banned
|rule|Baton Pass Clause: Limit one PokÃ©mon knowing Baton Pass
|rule|Sleep Clause Mod: Limit one foe put to sleep
|rule|Species Clause: Limit one of each PokÃ©mon
|rule|OHKO Clause: OHKO moves are banned
|rule|Moody Clause: Moody is banned
|rule|Evasion Moves Clause: Evasion moves are banned
|rule|Endless Battle Clause: Forcing endless battles is banned
|rule|HP Percentage Mod: HP is shown in percentages
|teampreview
|join|Qubae
|join|Escavalier
|join|iplaytennislol
|c|âbluri|Ohhh baby
|join|I Iike Squirtles
|join|innovamania
|c|âbluri|gl hf
|join|tomi â¥ bello
|join|Void
|c|âReverb|u2
|c|âbluri|I hope this r my Fans
|
|start
|switch|p1a: Landorus-Therian|Landorus-Therian, M|327\/327
|switch|p2a: Desert Shield|Hippowdon, M|420\/420
|-ability|p1a: Landorus-Therian|Intimidate|[of] p2a: Desert Shield
|-unboost|p2a: Desert Shield|atk|1
|-weather|Sandstorm
|turn|1
|c| iplaytennislol|no
|c| iplaytennislol|we are here for jewverb
|
|switch|p1a: Empoleon|Empoleon, F|371\/371
|move|p2a: Desert Shield|Stealth Rock|p1a: Empoleon
|-sidestart|p1: Reverb|move: Stealth Rock
|
|-weather|Sandstorm|[upkeep]
|turn|2
|c|âbluri|>_<
|join|Emma Bae â¥
|
|switch|p2a: Jar of Hearts|Charizard, M|297\/297
|move|p1a: Empoleon|Stealth Rock|p2a: Jar of Hearts
|-sidestart|p2: bluri|move: Stealth Rock
|
|-weather|Sandstorm|[upkeep]
|-damage|p2a: Jar of Hearts|279\/297|[from] sandstorm
|turn|3
|
|switch|p1a: Tyranitar|Tyranitar, F|383\/383
|-damage|p1a: Tyranitar|336\/383|[from] Stealth Rock
|detailschange|p2a: Jar of Hearts|Charizard-Mega-Y, M
|-mega|p2a: Jar of Hearts|Charizard|Charizardite Y
|-weather|SunnyDay
|move|p2a: Jar of Hearts|Focus Blast|p1a: Tyranitar
|-supereffective|p1a: Tyranitar
|-damage|p1a: Tyranitar|0 fnt
|faint|p1a: Tyranitar
|
|-weather|SunnyDay|[upkeep]
|
|switch|p1a: Lopunny|Lopunny, M|271\/271
|-damage|p1a: Lopunny|238\/271|[from] Stealth Rock
|turn|4
|join|Alvadora
|
|switch|p1a: Celebi|Celebi|404\/404
|-damage|p1a: Celebi|354\/404|[from] Stealth Rock
|switch|p2a: Desert Shield|Hippowdon, M|420\/420
|-damage|p2a: Desert Shield|394\/420|[from] Stealth Rock
|-weather|Sandstorm
|
|-weather|Sandstorm|[upkeep]
|-damage|p1a: Celebi|329\/404|[from] sandstorm
|-heal|p1a: Celebi|354\/404|[from] item: Leftovers
|-heal|p2a: Desert Shield|420\/420|[from] item: Leftovers
|turn|5
|join|meowiekins
|join|Hittoro
|
|switch|p2a: FliegendeNudel|Latios, M|301\/301
|-damage|p2a: FliegendeNudel|264\/301|[from] Stealth Rock
|move|p1a: Celebi|Baton Pass|p1a: Celebi
|
|switch|p1a: Lopunny|Lopunny, M|238\/271
|-damage|p1a: Lopunny|205\/271|[from] Stealth Rock
|
|-weather|Sandstorm|[upkeep]
|-damage|p2a: FliegendeNudel|246\/301|[from] sandstorm
|-damage|p1a: Lopunny|189\/271|[from] sandstorm
|turn|6
|c|âbluri|is it okay 4 u when iÃll make
|c|âbluri|hiddenroom
|c|âbluri|yn
|
|switch|p2a: Desert Shield|Hippowdon, M|420\/420
|-damage|p2a: Desert Shield|394\/420|[from] Stealth Rock
|detailschange|p1a: Lopunny|Lopunny-Mega, M
|-mega|p1a: Lopunny|Lopunny|Lopunnite
|move|p1a: Lopunny|Fake Out|p2a: Desert Shield
|-damage|p2a: Desert Shield|349\/420
|
|-weather|Sandstorm|[upkeep]
|-damage|p1a: Lopunny|173\/271|[from] sandstorm
|-heal|p2a: Desert Shield|375\/420|[from] item: Leftovers
|turn|7
|c| Alvadora|avenge me reverb
bluri made this room hidden.
|
|switch|p1a: Landorus-Therian|Landorus-Therian, M|327\/327
|-damage|p1a: Landorus-Therian|287\/327|[from] Stealth Rock
|-ability|p1a: Landorus-Therian|Intimidate|[of] p2a: Desert Shield
|-unboost|p2a: Desert Shield|atk|1
|move|p2a: Desert Shield|Stealth Rock|p1a: Landorus-Therian
|-fail|p1a: Landorus-Therian
|
|-weather|Sandstorm|[upkeep]
|-heal|p2a: Desert Shield|401\/420|[from] item: Leftovers
|turn|8
|c| Alvadora|for bluri
|c| Alvadora|haxed me
|c|âReverb|...
|c| Void|gotta get the second layer of rocks
|c|âReverb|lol
|
|move|p1a: Landorus-Therian|U-turn|p2a: Desert Shield
|-damage|p2a: Desert Shield|339\/420
|
|switch|p1a: Celebi|Celebi|354\/404
|-damage|p1a: Celebi|304\/404|[from] Stealth Rock
|move|p2a: Desert Shield|Slack Off|p2a: Desert Shield
|-heal|p2a: Desert Shield|420\/420
|
|-weather|none
|-heal|p1a: Celebi|329\/404|[from] item: Leftovers
|turn|9
|join|Prankster
|
|switch|p2a: FliegendeNudel|Latios, M|246\/301
|-damage|p2a: FliegendeNudel|209\/301|[from] Stealth Rock
|move|p1a: Celebi|Thunder Wave|p2a: FliegendeNudel
|-status|p2a: FliegendeNudel|par
|
|-heal|p1a: Celebi|354\/404|[from] item: Leftovers
|turn|10
|
|move|p1a: Celebi|Baton Pass|p1a: Celebi
|
|switch|p1a: Empoleon|Empoleon, F|371\/371
|-damage|p1a: Empoleon|348\/371|[from] Stealth Rock
|move|p2a: FliegendeNudel|Defog|p1a: Empoleon
|-unboost|p1a: Empoleon|evasion|1
|-sideend|p1: Reverb|Stealth Rock|[from] move: Defog|[of] p1a: Empoleon
|-sideend|p2: bluri|Stealth Rock|[from] move: Defog|[of] p2a: FliegendeNudel
|
|-heal|p1a: Empoleon|371\/371|[from] item: Leftovers
|turn|11
|
|switch|p2a: Jar of Hearts|Charizard-Mega-Y, M|279\/297
|-weather|SunnyDay
|move|p1a: Empoleon|Roar|p2a: Jar of Hearts
|drag|p2a: Ferrero Kuesschen|Ferrothorn, M|352\/352
|
|-weather|SunnyDay|[upkeep]
|turn|12
|
|switch|p2a: Jar of Hearts|Charizard-Mega-Y, M|279\/297
|move|p1a: Empoleon|Stealth Rock|p2a: Jar of Hearts
|-sidestart|p2: bluri|move: Stealth Rock
|
|-weather|SunnyDay|[upkeep]
|turn|13
|
|switch|p1a: Landorus-Therian|Landorus-Therian, M|287\/327
|-ability|p1a: Landorus-Therian|Intimidate|[of] p2a: Jar of Hearts
|-unboost|p2a: Jar of Hearts|atk|1
|move|p2a: Jar of Hearts|Fire Blast|p1a: Landorus-Therian
|-damage|p1a: Landorus-Therian|0 fnt
|faint|p1a: Landorus-Therian
|
|-weather|SunnyDay|[upkeep]
|leave|meowiekins
|
|switch|p1a: Lopunny|Lopunny-Mega, M|173\/271
|turn|14
|
|switch|p2a: Desert Shield|Hippowdon, M|420\/420
|-damage|p2a: Desert Shield|394\/420|[from] Stealth Rock
|-weather|Sandstorm
|move|p1a: Lopunny|Return|p2a: Desert Shield
|-damage|p2a: Desert Shield|279\/420
|
|-weather|Sandstorm|[upkeep]
|-damage|p1a: Lopunny|157\/271|[from] sandstorm
|-heal|p2a: Desert Shield|305\/420|[from] item: Leftovers
|turn|15
|
|switch|p1a: Keldeo|Keldeo|323\/323
|move|p2a: Desert Shield|Slack Off|p2a: Desert Shield
|-heal|p2a: Desert Shield|420\/420
|
|-weather|Sandstorm|[upkeep]
|-damage|p1a: Keldeo|303\/323|[from] sandstorm
|turn|16
|
|switch|p2a: Ferrero Kuesschen|Ferrothorn, M|352\/352
|-damage|p2a: Ferrero Kuesschen|330\/352|[from] Stealth Rock
|move|p1a: Keldeo|Secret Sword|p2a: Ferrero Kuesschen
|-supereffective|p2a: Ferrero Kuesschen
|-damage|p2a: Ferrero Kuesschen|22\/352
|
|-weather|Sandstorm|[upkeep]
|-damage|p1a: Keldeo|283\/323|[from] sandstorm
|-heal|p2a: Ferrero Kuesschen|44\/352|[from] item: Leftovers
|turn|17
|
|switch|p2a: Jar of Hearts|Charizard-Mega-Y, M|279\/297
|-damage|p2a: Jar of Hearts|131\/297|[from] Stealth Rock
|-weather|SunnyDay
|move|p1a: Keldeo|Secret Sword|p2a: Jar of Hearts
|-resisted|p2a: Jar of Hearts
|-damage|p2a: Jar of Hearts|5\/297
|
|-weather|SunnyDay|[upkeep]
|turn|18
|c|âbluri|missclick
|c|âbluri|omfg
|
|switch|p2a: Desert Shield|Hippowdon, M|420\/420
|-damage|p2a: Desert Shield|394\/420|[from] Stealth Rock
|-weather|Sandstorm
|move|p1a: Keldeo|Secret Sword|p2a: Desert Shield
|-damage|p2a: Desert Shield|240\/420
|
|-weather|Sandstorm|[upkeep]
|-damage|p1a: Keldeo|263\/323|[from] sandstorm
|-heal|p2a: Desert Shield|266\/420|[from] item: Leftovers
|turn|19
|
|switch|p2a: Lil Hitler|Tyranitar, M|404\/404
|-damage|p2a: Lil Hitler|354\/404|[from] Stealth Rock
|move|p1a: Keldeo|Secret Sword|p2a: Lil Hitler
|-supereffective|p2a: Lil Hitler
|-damage|p2a: Lil Hitler|0 fnt
|faint|p2a: Lil Hitler
|
|-weather|Sandstorm|[upkeep]
|-damage|p1a: Keldeo|243\/323|[from] sandstorm
|-message|bluri forfeited.
|
|win|Reverb
|raw|Ladder updating...
|leave|bluri
|player|p2