|join|Es Heatedline
|join|Reverb
|player|p1|Es Heatedline|144
|player|p2|Reverb|#reverb
|gametype|singles
|gen|6
|tier|OU
|rated
|clearpoke
|poke|p1|Mew
|poke|p1|Keldeo
|poke|p1|Raikou
|poke|p1|Scizor, M
|poke|p1|Gengar, M
|poke|p1|Landorus-Therian, M
|poke|p2|Heatran, M
|poke|p2|Slowbro, F
|poke|p2|Excadrill, M
|poke|p2|Sableye, M
|poke|p2|Landorus-Therian, M
|poke|p2|Chesnaught, F
|rule|Swagger Clause: Swagger is banned
|rule|Baton Pass Clause: Limit one PokÃ©mon knowing Baton Pass
|rule|Sleep Clause Mod: Limit one foe put to sleep
|rule|Species Clause: Limit one of each PokÃ©mon
|rule|OHKO Clause: OHKO moves are banned
|rule|Moody Clause: Moody is banned
|rule|Evasion Moves Clause: Evasion moves are banned
|rule|Endless Battle Clause: Forcing endless battles is banned
|rule|HP Percentage Mod: HP is shown in percentages
|teampreview
|join|Soul M8
Es Heatedline was unlocked by Reverb.
|c|âReverb|are you on a proxy?
|c|âEs Heatedline|thanks
|c|âEs Heatedline|nope
|c| Soul M8|wait what?
|c| Soul M8|u can use a proxy on showdown
|c| Soul M8|for*
|c|âReverb|it'll autolock you
|join|Omegasization
|c|âReverb|i justu nlocked bc he's dns based locked
|c|âEs Heatedline|it says I'm locked because of my ip address region
|c|âReverb|but no one else is on the IP rn
|c| Soul M8|o
|c| Soul M8|ive tried using proxies on showdown, none work
|c|âReverb|where do you live? (spare me the IP trace)
|c|âEs Heatedline|Bangladesh
|c|âReverb|ah
|c|âReverb|wow
|c|âReverb|i guess there were spammers using a bangladesh country code
|join|Cienight
|c|âEs Heatedline|I see
|c|âReverb|anyway hf
|c|âEs Heatedline|u2
|
|start
|switch|p1a: Keldeo|Keldeo|323\/323
|switch|p2a: toxicmepls|Sableye, M|304\/304
|turn|1
|
|detailschange|p2a: toxicmepls|Sableye-Mega, M
|-mega|p2a: toxicmepls|Sableye|Sablenite
|move|p1a: Keldeo|Scald|p2a: toxicmepls
|-damage|p2a: toxicmepls|213\/304
|-status|p2a: toxicmepls|brn
|move|p2a: toxicmepls|Snarl|p1a: Keldeo
|-resisted|p1a: Keldeo
|-damage|p1a: Keldeo|293\/323
|-boost|p1a: Keldeo|atk|1|[from] ability: Justified
|-unboost|p1a: Keldeo|spa|1
|
|-heal|p1a: Keldeo|313\/323|[from] item: Leftovers
|-damage|p2a: toxicmepls|175\/304 brn|[from] brn
|turn|2
|
|switch|p1a: Raikou|Raikou|320\/320
|-ability|p1a: Raikou|Pressure
|move|p2a: toxicmepls|Recover|p2a: toxicmepls
|-heal|p2a: toxicmepls|304\/304 brn
|
|-damage|p2a: toxicmepls|266\/304 brn|[from] brn
|turn|3
|
|move|p1a: Raikou|Volt Switch|p2a: toxicmepls
|-damage|p2a: toxicmepls|149\/304 brn
|
|switch|p1a: Mew|Mew|355\/355
|move|p2a: toxicmepls|Will-O-Wisp|p1a: Mew
|-status|p1a: Mew|brn
|
|-damage|p1a: Mew|311\/355 brn|[from] brn
|-damage|p2a: toxicmepls|111\/304 brn|[from] brn
|turn|4
|
|move|p1a: Mew|Dazzling Gleam|p2a: toxicmepls
|-supereffective|p2a: toxicmepls
|-damage|p2a: toxicmepls|0 fnt
|faint|p2a: toxicmepls
|
|-damage|p1a: Mew|267\/355 brn|[from] brn
|
|switch|p2a: jellohotdogftw|Landorus-Therian, M|365\/365
|-ability|p2a: jellohotdogftw|Intimidate|[of] p1a: Mew
|-unboost|p1a: Mew|atk|1
|turn|5
|c|âReverb|ngl
|c|âReverb|never seen that
|
|move|p1a: Mew|Stealth Rock|p2a: jellohotdogftw
|-sidestart|p2: Reverb|move: Stealth Rock
|move|p2a: jellohotdogftw|Stealth Rock|p1a: Mew
|-sidestart|p1: Es Heatedline|move: Stealth Rock
|
|-damage|p1a: Mew|223\/355 brn|[from] brn
|turn|6
|c| Omegasization|lol
|c|âEs Heatedline|get ice beam'ed
|
|switch|p2a: fireflamespitter|Heatran, M|323\/323
|-damage|p2a: fireflamespitter|283\/323|[from] Stealth Rock
|move|p1a: Mew|Aura Sphere|p2a: fireflamespitter
|-supereffective|p2a: fireflamespitter
|-damage|p2a: fireflamespitter|74\/323
|
|-damage|p1a: Mew|179\/355 brn|[from] brn
|turn|7
|c| Soul M8|ive seen scarf mew with ice beam
|c| Omegasization|its almost standard on mew now
|
|move|p2a: fireflamespitter|Overheat|p1a: Mew
|-damage|p1a: Mew|0 fnt
|-unboost|p2a: fireflamespitter|spa|2
|faint|p1a: Mew
|
|c|âReverb|omega
|c|âReverb|you're kidding me
|c|âReverb|right?
|c| Omegasization|no
|c|âReverb|wtf
|c|âReverb|why
|c| Omegasization|mew runs that move
|
|switch|p1a: Keldeo|Keldeo|313\/323
|-damage|p1a: Keldeo|293\/323|[from] Stealth Rock
|turn|8
|c| Omegasization|because of sableye mega
|c|âReverb|what's the set now?
|
|switch|p2a: slowpope|Slowbro, F|394\/394
|-damage|p2a: slowpope|345\/394|[from] Stealth Rock
|move|p1a: Keldeo|Scald|p2a: slowpope
|-resisted|p2a: slowpope
|-damage|p2a: slowpope|264\/394
|
|-heal|p1a: Keldeo|313\/323|[from] item: Leftovers
|-heal|p2a: slowpope|288\/394|[from] item: Leftovers
|turn|9
|c| Omegasization|the same but with dazzling>knock
|join|Fire Lord Mako
|
|switch|p1a: Raikou|Raikou|320\/320
|-damage|p1a: Raikou|280\/320|[from] Stealth Rock
|-ability|p1a: Raikou|Pressure
|move|p2a: slowpope|Thunder Wave|p1a: Raikou
|-fail|p1a: Raikou
|
|-heal|p2a: slowpope|312\/394|[from] item: Leftovers
|turn|10
|c| Omegasization|iirc
|
|switch|p2a: brownentertainment|Excadrill, M|420\/420
|-damage|p2a: brownentertainment|407\/420|[from] Stealth Rock
|-ability|p2a: brownentertainment|Mold Breaker
|move|p1a: Raikou|Shadow Ball|p2a: brownentertainment
|-damage|p2a: brownentertainment|273\/420
|
|-heal|p2a: brownentertainment|299\/420|[from] item: Leftovers
|turn|11
|
|move|p1a: Raikou|Shadow Ball|p2a: brownentertainment
|-damage|p2a: brownentertainment|180\/420
|move|p2a: brownentertainment|Rapid Spin|p1a: Raikou
|-damage|p1a: Raikou|254\/320
|-sideend|p2: Reverb|Stealth Rock|[from] move: Rapid Spin|[of] p2a: brownentertainment
|
|-heal|p2a: brownentertainment|206\/420|[from] item: Leftovers
|turn|12
|c| Soul M8|reverb, no empoleon?
|c| Soul M8|q.q
|
|switch|p1a: Landorus-Therian|Landorus-Therian, M|319\/319
|-damage|p1a: Landorus-Therian|280\/319|[from] Stealth Rock
|-ability|p1a: Landorus-Therian|Intimidate|[of] p2a: brownentertainment
|-unboost|p2a: brownentertainment|atk|1
|switch|p2a: chimpladdin|Chesnaught, F|380\/380
|
|turn|13
|c|âReverb|i use other pokes lol
|
|move|p1a: Landorus-Therian|U-turn|p2a: chimpladdin
|-damage|p2a: chimpladdin|317\/380
|c| Omegasization|oi
|
|switch|p1a: Gengar|Gengar, M|261\/261
|-damage|p1a: Gengar|229\/261|[from] Stealth Rock
|move|p2a: chimpladdin|Spikes|p1a: Gengar
|-sidestart|p1: Es Heatedline|Spikes
|
|-heal|p2a: chimpladdin|340\/380|[from] item: Leftovers
|turn|14
|c| Omegasization|paul is the one who gave reverb the poleon team
|
|switch|p2a: brownentertainment|Excadrill, M|206\/420
|-ability|p2a: brownentertainment|Mold Breaker
|move|p1a: Gengar|Shadow Ball|p2a: brownentertainment
|-damage|p2a: brownentertainment|41\/420
|-unboost|p2a: brownentertainment|spd|1
|-damage|p1a: Gengar|203\/261|[from] item: Life Orb
|
|-heal|p2a: brownentertainment|67\/420|[from] item: Leftovers
|turn|15
|c| Fire Lord Mako|wtf that's bulky af
|
|move|p1a: Gengar|Shadow Ball|p2a: brownentertainment
|-damage|p2a: brownentertainment|0 fnt
|-damage|p1a: Gengar|177\/261|[from] item: Life Orb
|faint|p2a: brownentertainment
|
|
|switch|p2a: jellohotdogftw|Landorus-Therian, M|365\/365
|-ability|p2a: jellohotdogftw|Intimidate|[of] p1a: Gengar
|-unboost|p1a: Gengar|atk|1
|turn|16
|
|switch|p1a: Landorus-Therian|Landorus-Therian, M|280\/319
|-damage|p1a: Landorus-Therian|241\/319|[from] Stealth Rock
|-ability|p1a: Landorus-Therian|Intimidate|[of] p2a: jellohotdogftw
|-unboost|p2a: jellohotdogftw|atk|1
|move|p2a: jellohotdogftw|Stone Edge|p1a: Landorus-Therian
|-damage|p1a: Landorus-Therian|157\/319
|
|turn|17
|
|move|p1a: Landorus-Therian|Knock Off|p2a: jellohotdogftw
|-damage|p2a: jellohotdogftw|266\/365
|-enditem|p2a: jellohotdogftw|Leftovers|[from] move: Knock Off|[of] p1a: Landorus-Therian
|move|p2a: jellohotdogftw|U-turn|p1a: Landorus-Therian
|-resisted|p1a: Landorus-Therian
|-damage|p1a: Landorus-Therian|131\/319
|
|switch|p2a: chimpladdin|Chesnaught, F|340\/380
|
|-heal|p2a: chimpladdin|363\/380|[from] item: Leftovers
|turn|18
|
|switch|p1a: Scizor|Scizor, M|341\/341
|-damage|p1a: Scizor|299\/341|[from] Stealth Rock
|-damage|p1a: Scizor|257\/341|[from] Spikes
|move|p2a: chimpladdin|Leech Seed|p1a: Scizor
|-start|p1a: Scizor|move: Leech Seed
|
|-heal|p2a: chimpladdin|380\/380|[from] item: Leftovers
|-damage|p1a: Scizor|215\/341|[from] Leech Seed|[of] p2a: chimpladdin
|turn|19
|
|detailschange|p1a: Scizor|Scizor-Mega, M
|-mega|p1a: Scizor|Scizor|Scizorite
|move|p1a: Scizor|Roost|p1a: Scizor
|-heal|p1a: Scizor|341\/341
|move|p2a: chimpladdin|Spikes|p1a: Scizor
|-sidestart|p1: Es Heatedline|Spikes
|
|-damage|p1a: Scizor|299\/341|[from] Leech Seed|[of] p2a: chimpladdin
|turn|20
|
|switch|p2a: jellohotdogftw|Landorus-Therian, M|266\/365
|-ability|p2a: jellohotdogftw|Intimidate|[of] p1a: Scizor
|-unboost|p1a: Scizor|atk|1
|move|p1a: Scizor|U-turn|p2a: jellohotdogftw
|-resisted|p2a: jellohotdogftw
|-damage|p2a: jellohotdogftw|228\/365
|
|switch|p1a: Keldeo|Keldeo|313\/323
|-damage|p1a: Keldeo|260\/323|[from] Spikes
|-damage|p1a: Keldeo|240\/323|[from] Stealth Rock
|
|-heal|p1a: Keldeo|260\/323|[from] item: Leftovers
|turn|21
|
|switch|p2a: slowpope|Slowbro, F|394\/394
|move|p1a: Keldeo|Scald|p2a: slowpope
|-crit|p2a: slowpope
|-resisted|p2a: slowpope
|-damage|p2a: slowpope|277\/394
|
|-heal|p1a: Keldeo|280\/323|[from] item: Leftovers
|-heal|p2a: slowpope|301\/394|[from] item: Leftovers
|turn|22
|
|move|p1a: Keldeo|Scald|p2a: slowpope
|-resisted|p2a: slowpope
|-damage|p2a: slowpope|225\/394
|move|p2a: slowpope|Psyshock|p1a: Keldeo
|-supereffective|p1a: Keldeo
|-damage|p1a: Keldeo|56\/323
|
|-heal|p1a: Keldeo|76\/323|[from] item: Leftovers
|-heal|p2a: slowpope|249\/394|[from] item: Leftovers
|turn|23
|
|move|p1a: Keldeo|Scald|p2a: slowpope
|-resisted|p2a: slowpope
|-damage|p2a: slowpope|173\/394
|-status|p2a: slowpope|brn
|move|p2a: slowpope|Psyshock|p1a: Keldeo
|-crit|p1a: Keldeo
|-supereffective|p1a: Keldeo
|-damage|p1a: Keldeo|0 fnt
|faint|p1a: Keldeo
|
|-heal|p2a: slowpope|197\/394 brn|[from] item: Leftovers
|-damage|p2a: slowpope|148\/394 brn|[from] brn
|leave|Cienight
|join|Cienight
|join|Cholera90
|
|switch|p1a: Raikou|Raikou|254\/320
|-damage|p1a: Raikou|214\/320|[from] Stealth Rock
|-damage|p1a: Raikou|161\/320|[from] Spikes
|-ability|p1a: Raikou|Pressure
|turn|24
|c|âEs Heatedline|sball the lando
|c|âEs Heatedline|or vswitch the ches
|c|âEs Heatedline|hmm
|
|move|p1a: Raikou|Volt Switch|p2a: slowpope
|-supereffective|p2a: slowpope
|-damage|p2a: slowpope|0 fnt
|faint|p2a: slowpope
|
|switch|p1a: Landorus-Therian|Landorus-Therian, M|131\/319
|-damage|p1a: Landorus-Therian|92\/319|[from] Stealth Rock
|
|
|switch|p2a: chimpladdin|Chesnaught, F|380\/380
|turn|25
|
|move|p1a: Landorus-Therian|U-turn|p2a: chimpladdin
|-damage|p2a: chimpladdin|323\/380
|
|switch|p1a: Raikou|Raikou|161\/320
|-damage|p1a: Raikou|108\/320|[from] Spikes
|-damage|p1a: Raikou|68\/320|[from] Stealth Rock
|-ability|p1a: Raikou|Pressure
|move|p2a: chimpladdin|Leech Seed|p1a: Raikou
|-start|p1a: Raikou|move: Leech Seed
|
|-heal|p2a: chimpladdin|346\/380|[from] item: Leftovers
|-damage|p1a: Raikou|28\/320|[from] Leech Seed|[of] p2a: chimpladdin
|-heal|p2a: chimpladdin|380\/380|[silent]
|turn|26
|
|move|p2a: chimpladdin|Spiky Shield|p2a: chimpladdin
|-singleturn|p2a: chimpladdin|move: Protect
|move|p1a: Raikou|Thunderbolt|p2a: chimpladdin
|-activate|p2a: chimpladdin|move: Protect
|
|-damage|p1a: Raikou|0 fnt|[from] Leech Seed|[of] p2a: chimpladdin
|faint|p1a: Raikou
|
|switch|p1a: Scizor|Scizor-Mega, M|299\/341
|-damage|p1a: Scizor|243\/341|[from] Spikes
|-damage|p1a: Scizor|201\/341|[from] Stealth Rock
|turn|27
|c| Soul M8|aww that was mean
|
|move|p1a: Scizor|Swords Dance|p1a: Scizor
|-boost|p1a: Scizor|atk|2
|move|p2a: chimpladdin|Leech Seed|p1a: Scizor
|-start|p1a: Scizor|move: Leech Seed
|
|-damage|p1a: Scizor|159\/341|[from] Leech Seed|[of] p2a: chimpladdin
|turn|28
|
|move|p1a: Scizor|Bullet Punch|p2a: chimpladdin
|-damage|p2a: chimpladdin|239\/380
|move|p2a: chimpladdin|Drain Punch|p1a: Scizor
|-damage|p1a: Scizor|93\/341
|-heal|p2a: chimpladdin|272\/380|[from] drain|[of] p1a: Scizor
|
|-heal|p2a: chimpladdin|295\/380|[from] item: Leftovers
|-damage|p1a: Scizor|51\/341|[from] Leech Seed|[of] p2a: chimpladdin
|-heal|p2a: chimpladdin|337\/380|[silent]
|turn|29
|join|Legolax909
|
|switch|p2a: fireflamespitter|Heatran, M|74\/323
|move|p1a: Scizor|Roost|p1a: Scizor
|-heal|p1a: Scizor|222\/341
|
|-damage|p1a: Scizor|180\/341|[from] Leech Seed|[of] p2a: fireflamespitter
|-heal|p2a: fireflamespitter|116\/323|[silent]
|turn|30
|
|move|p1a: Scizor|Bullet Punch|p2a: fireflamespitter
|-resisted|p2a: fireflamespitter
|-damage|p2a: fireflamespitter|60\/323
|move|p2a: fireflamespitter|Overheat|p1a: Scizor
|-supereffective|p1a: Scizor
|-damage|p1a: Scizor|0 fnt
|-unboost|p2a: fireflamespitter|spa|2
|faint|p1a: Scizor
|
|
|switch|p1a: Landorus-Therian|Landorus-Therian, M|92\/319
|-damage|p1a: Landorus-Therian|53\/319|[from] Stealth Rock
|-ability|p1a: Landorus-Therian|Intimidate|[of] p2a: fireflamespitter
|-unboost|p2a: fireflamespitter|atk|1
|turn|31
|
|switch|p2a: jellohotdogftw|Landorus-Therian, M|228\/365
|-ability|p2a: jellohotdogftw|Intimidate|[of] p1a: Landorus-Therian
|-unboost|p1a: Landorus-Therian|atk|1
|move|p1a: Landorus-Therian|U-turn|p2a: jellohotdogftw
|-resisted|p2a: jellohotdogftw
|-damage|p2a: jellohotdogftw|204\/365
|
|switch|p1a: Gengar|Gengar, M|177\/261
|-damage|p1a: Gengar|145\/261|[from] Stealth Rock
|
|turn|32
|c| Legolax909|should explode
|
|move|p1a: Gengar|Shadow Ball|p2a: jellohotdogftw
|-damage|p2a: jellohotdogftw|0 fnt
|-damage|p1a: Gengar|119\/261|[from] item: Life Orb
|faint|p2a: jellohotdogftw
|
|
|switch|p2a: fireflamespitter|Heatran, M|60\/323
|turn|33
|
|move|p2a: fireflamespitter|Flash Cannon|p1a: Gengar
|-damage|p1a: Gengar|0 fnt
|faint|p1a: Gengar
|
|-message|Es Heatedline forfeited.
|
|win|Reverb
|raw|Ladder updating...
|leave|Es Heatedline
|player|p1
|c|âReverb|gg
|raw|Es Heatedline's rating: 1660 &rarr; <strong>1641<\/strong><br \/>(-19 for losing)
|raw|Reverb's rating: 1673 &rarr; <strong>1692<\/strong><br \/>(+19 for winning)
|leave|Omegasization
|leave|Fire Lord Mako