|join|Reverb
|join|HoloWolf~
|player|p1|Reverb|#reverb
|player|p2|HoloWolf~|277
|gametype|singles
|gen|6
|tier|OU
|rated
|clearpoke
|poke|p1|Heatran, F
|poke|p1|Slowbro, F
|poke|p1|Excadrill, F
|poke|p1|Sableye, F
|poke|p1|Landorus-Therian, M
|poke|p1|Chesnaught, F
|poke|p2|Celebi
|poke|p2|Tyranitar, F
|poke|p2|Keldeo-Resolute
|poke|p2|Talonflame, F
|poke|p2|Excadrill, M
|poke|p2|Lopunny, M
|rule|Swagger Clause: Swagger is banned
|rule|Baton Pass Clause: Limit one PokÃ©mon knowing Baton Pass
|rule|Sleep Clause Mod: Limit one foe put to sleep
|rule|Species Clause: Limit one of each PokÃ©mon
|rule|OHKO Clause: OHKO moves are banned
|rule|Moody Clause: Moody is banned
|rule|Evasion Moves Clause: Evasion moves are banned
|rule|Endless Battle Clause: Forcing endless battles is banned
|rule|HP Percentage Mod: HP is shown in percentages
|teampreview
|
|start
|switch|p1a: jellohotdogftw|Landorus-Therian, M|365\/365
|switch|p2a: Lopunny|Lopunny, M|271\/271
|-ability|p1a: jellohotdogftw|Intimidate|[of] p2a: Lopunny
|-unboost|p2a: Lopunny|atk|1
|turn|1
|
|detailschange|p2a: Lopunny|Lopunny-Mega, M
|-mega|p2a: Lopunny|Lopunny|Lopunnite
|move|p2a: Lopunny|Fake Out|p1a: jellohotdogftw
|-damage|p1a: jellohotdogftw|329\/365
|cant|p1a: jellohotdogftw|flinch
|
|-heal|p1a: jellohotdogftw|351\/365|[from] item: Leftovers
|turn|2
|
|switch|p2a: Celebi|Celebi|403\/403
|move|p1a: jellohotdogftw|Stealth Rock|p2a: Celebi
|-sidestart|p2: HoloWolf~|move: Stealth Rock
|
|-heal|p1a: jellohotdogftw|365\/365|[from] item: Leftovers
|turn|3
|
|move|p2a: Celebi|Nasty Plot|p2a: Celebi
|-boost|p2a: Celebi|spa|2
|move|p1a: jellohotdogftw|U-turn|p2a: Celebi
|-supereffective|p2a: Celebi
|-damage|p2a: Celebi|171\/403
|
|switch|p1a: fireflamespitter|Heatran, F|323\/323
|
|-heal|p2a: Celebi|196\/403|[from] item: Leftovers
|turn|4
|
|move|p1a: fireflamespitter|Overheat|p2a: Celebi
|-supereffective|p2a: Celebi
|-damage|p2a: Celebi|0 fnt
|-unboost|p1a: fireflamespitter|spa|2
|faint|p2a: Celebi
|
|
|switch|p2a: Tyranitar|Tyranitar, F|399\/399
|-damage|p2a: Tyranitar|350\/399|[from] Stealth Rock
|-weather|Sandstorm
|turn|5
|
|switch|p1a: chimpladdin|Chesnaught, F|380\/380
|move|p2a: Tyranitar|Stealth Rock|p1a: chimpladdin
|-sidestart|p1: Reverb|move: Stealth Rock
|
|-weather|Sandstorm|[upkeep]
|-damage|p1a: chimpladdin|357\/380|[from] sandstorm
|-heal|p1a: chimpladdin|380\/380|[from] item: Leftovers
|turn|6
|
|switch|p2a: Talonflame|Talonflame, F|359\/359
|-damage|p2a: Talonflame|180\/359|[from] Stealth Rock
|move|p1a: chimpladdin|Spikes|p2a: Talonflame
|-sidestart|p2: HoloWolf~|Spikes
|
|-weather|Sandstorm|[upkeep]
|-damage|p2a: Talonflame|158\/359|[from] sandstorm
|-damage|p1a: chimpladdin|357\/380|[from] sandstorm
|-heal|p2a: Talonflame|180\/359|[from] item: Leftovers
|-heal|p1a: chimpladdin|380\/380|[from] item: Leftovers
|turn|7
|
|switch|p1a: jellohotdogftw|Landorus-Therian, M|365\/365
|-damage|p1a: jellohotdogftw|320\/365|[from] Stealth Rock
|-ability|p1a: jellohotdogftw|Intimidate|[of] p2a: Talonflame
|-unboost|p2a: Talonflame|atk|1
|move|p2a: Talonflame|Roost|p2a: Talonflame
|-heal|p2a: Talonflame|359\/359
|
|-weather|Sandstorm|[upkeep]
|-damage|p2a: Talonflame|337\/359|[from] sandstorm
|-heal|p2a: Talonflame|359\/359|[from] item: Leftovers
|-heal|p1a: jellohotdogftw|342\/365|[from] item: Leftovers
|turn|8
|
|move|p2a: Talonflame|Brave Bird|p1a: jellohotdogftw
|-damage|p1a: jellohotdogftw|255\/365
|-damage|p2a: Talonflame|330\/359|[from] recoil|[of] p1a: jellohotdogftw
|move|p1a: jellohotdogftw|Stone Edge|p2a: Talonflame
|-supereffective|p2a: Talonflame
|-damage|p2a: Talonflame|0 fnt
|faint|p2a: Talonflame
|
|-weather|Sandstorm|[upkeep]
|-heal|p1a: jellohotdogftw|277\/365|[from] item: Leftovers
|
|switch|p2a: Keldeo-Resolute|Keldeo-Resolute|323\/323
|-damage|p2a: Keldeo-Resolute|303\/323|[from] Stealth Rock
|-damage|p2a: Keldeo-Resolute|263\/323|[from] Spikes
|turn|9
|
|switch|p1a: slowpope|Slowbro, F|394\/394
|-damage|p1a: slowpope|345\/394|[from] Stealth Rock
|move|p2a: Keldeo-Resolute|Scald|p1a: slowpope
|-resisted|p1a: slowpope
|-damage|p1a: slowpope|269\/394
|
|-weather|Sandstorm|[upkeep]
|-damage|p2a: Keldeo-Resolute|243\/323|[from] sandstorm
|-damage|p1a: slowpope|245\/394|[from] sandstorm
|-heal|p1a: slowpope|269\/394|[from] item: Leftovers
|turn|10
|-message|HoloWolf~ forfeited.
|
|win|Reverb
|raw|Ladder updating...
|leave|HoloWolf~
|player|p2
|raw|Reverb's rating: 1692 &rarr; <strong>1704<\/strong><br \/>(+12 for winning)
|raw|HoloWolf~'s rating: 1544 &rarr; <strong>1532<\/strong><br \/>(-12 for losing)