|join|Reverb
|join|Planet Hell
|player|p1|Reverb|#reverb
|player|p2|Planet Hell|190
|gametype|singles
|gen|6
|tier|OU
|rated
|clearpoke
|poke|p1|Politoed, M
|poke|p1|Swampert, M
|poke|p1|Ferrothorn, F
|poke|p1|Thundurus, M
|poke|p1|Latias, F
|poke|p1|Lucario, F
|poke|p2|Bisharp, F
|poke|p2|Gyarados, M
|poke|p2|Latios, M
|poke|p2|Raikou
|poke|p2|Gengar, F
|poke|p2|Hippowdon, F
|rule|Swagger Clause: Swagger is banned
|rule|Baton Pass Clause: Limit one PokÃ©mon knowing Baton Pass
|rule|Sleep Clause Mod: Limit one foe put to sleep
|rule|Species Clause: Limit one of each PokÃ©mon
|rule|OHKO Clause: OHKO moves are banned
|rule|Moody Clause: Moody is banned
|rule|Evasion Moves Clause: Evasion moves are banned
|rule|Endless Battle Clause: Forcing endless battles is banned
|rule|HP Percentage Mod: HP is shown in percentages
|teampreview
|join|Mistaken
|join|fingerscrossed
|join|SeventyFive
|join|gizmo
|join|AM
|
|start
|switch|p1a: Politoed|Politoed, M|383\/383
|switch|p2a: Gengar|Gengar, F|261\/261
|-weather|RainDance
|turn|1
|
|move|p2a: Gengar|Shadow Ball|p1a: Politoed
|-damage|p1a: Politoed|187\/383
|-damage|p2a: Gengar|235\/261|[from] item: Life Orb
|move|p1a: Politoed|Scald|p2a: Gengar
|-damage|p2a: Gengar|67\/261
|
|-weather|RainDance|[upkeep]
|turn|2
|join|TheLaughingCats
|join|req'd by crobro
|
|switch|p1a: Thundurus|Thundurus, M|299\/299
|move|p2a: Gengar|Shadow Ball|p1a: Thundurus
|-damage|p1a: Thundurus|92\/299
|-damage|p2a: Gengar|41\/261|[from] item: Life Orb
|
|-weather|RainDance|[upkeep]
|turn|3
|
|switch|p2a: Raikou|Raikou|321\/321
|-ability|p2a: Raikou|Pressure
|move|p1a: Thundurus|Knock Off|p2a: Raikou
|-damage|p2a: Raikou|188\/321
|-enditem|p2a: Raikou|Choice Specs|[from] move: Knock Off|[of] p1a: Thundurus
|-damage|p1a: Thundurus|63\/299|[from] item: Life Orb
|
|-weather|RainDance|[upkeep]
|turn|4
|join|daftmau5
|join|Ox the Box
|join|oml it's too ez
|
|switch|p2a: Gengar|Gengar, F|41\/261
|switch|p1a: Swampert|Swampert, M|341\/341
|
|-weather|RainDance|[upkeep]
|turn|5
|join|KC Pyroars
|
|detailschange|p1a: Swampert|Swampert-Mega, M
|-mega|p1a: Swampert|Swampert|Swampertite
|move|p2a: Gengar|Shadow Ball|p1a: Swampert
|-damage|p1a: Swampert|166\/341
|-damage|p2a: Gengar|15\/261|[from] item: Life Orb
|move|p1a: Swampert|Waterfall|p2a: Gengar
|-damage|p2a: Gengar|0 fnt
|faint|p2a: Gengar
|
|-weather|RainDance|[upkeep]
|join|squirrelll
|join|haunter
|join|Jukain
|leave|Jukain
|join|Snickersserperior
|
|switch|p2a: Bisharp|Bisharp, F|271\/271
|turn|6
|c| Snickersserperior|lucario in rain...
|join|I Iike Squirtles
|c| Snickersserperior|legit haaa
|
|switch|p1a: Ferrothorn|Ferrothorn, F|352\/352
|move|p2a: Bisharp|Sucker Punch|p1a: Ferrothorn
|-fail|p1a: Ferrothorn
|
|-weather|RainDance|[upkeep]
|turn|7
|
|move|p2a: Bisharp|Knock Off|p1a: Ferrothorn
|-damage|p1a: Ferrothorn|210\/352
|-damage|p2a: Bisharp|238\/271|[from] ability: Iron Barbs|[of] p1a: Ferrothorn
|-enditem|p1a: Ferrothorn|Leftovers|[from] move: Knock Off|[of] p2a: Bisharp
|-damage|p2a: Bisharp|211\/271|[from] item: Life Orb
|move|p1a: Ferrothorn|Stealth Rock|p2a: Bisharp
|-sidestart|p2: Planet Hell|move: Stealth Rock
|
|-weather|RainDance|[upkeep]
|turn|8
|
|switch|p2a: Latios|Latios, M|301\/301
|-damage|p2a: Latios|264\/301|[from] Stealth Rock
|move|p1a: Ferrothorn|Leech Seed|p2a: Latios
|-start|p2a: Latios|move: Leech Seed
|
|-weather|none
|-damage|p2a: Latios|227\/301|[from] Leech Seed|[of] p1a: Ferrothorn
|-heal|p1a: Ferrothorn|247\/352|[silent]
|turn|9
|leave|fingerscrossed
|
|move|p1a: Ferrothorn|Protect|p1a: Ferrothorn
|-singleturn|p1a: Ferrothorn|Protect
|move|p2a: Latios|Defog|p1a: Ferrothorn
|-activate|p1a: Ferrothorn|Protect
|
|-damage|p2a: Latios|190\/301|[from] Leech Seed|[of] p1a: Ferrothorn
|-heal|p1a: Ferrothorn|284\/352|[silent]
|turn|10
|
|move|p2a: Latios|Hidden Power|p1a: Ferrothorn
|-supereffective|p1a: Ferrothorn
|-damage|p1a: Ferrothorn|0 fnt
|-damage|p2a: Latios|160\/301|[from] item: Life Orb
|faint|p1a: Ferrothorn
|
|c| req'd by crobro|blown back
|
|switch|p1a: Thundurus|Thundurus, M|63\/299
|turn|11
|
|switch|p2a: Hippowdon|Hippowdon, F|420\/420
|-damage|p2a: Hippowdon|394\/420|[from] Stealth Rock
|move|p1a: Thundurus|Hidden Power|p2a: Hippowdon
|-crit|p2a: Hippowdon
|-supereffective|p2a: Hippowdon
|-damage|p2a: Hippowdon|40\/420
|-damage|p1a: Thundurus|34\/299|[from] item: Life Orb
|
|-heal|p2a: Hippowdon|66\/420|[from] item: Leftovers
|turn|12
|join|Invok3r
|leave|Invok3r
|
|move|p1a: Thundurus|Knock Off|p2a: Hippowdon
|-damage|p2a: Hippowdon|0 fnt
|-enditem|p2a: Hippowdon|Leftovers|[from] move: Knock Off|[of] p1a: Thundurus
|-damage|p1a: Thundurus|5\/299|[from] item: Life Orb
|faint|p2a: Hippowdon
|
|
|switch|p2a: Raikou|Raikou|188\/321
|-damage|p2a: Raikou|148\/321|[from] Stealth Rock
|-ability|p2a: Raikou|Pressure
|turn|13
|
|move|p2a: Raikou|Shadow Ball|p1a: Thundurus
|-damage|p1a: Thundurus|0 fnt
|faint|p1a: Thundurus
|
|
|switch|p1a: Lucario|Lucario, F|281\/281
|turn|14
|join|Tng
|leave|Tng
|
|move|p1a: Lucario|Extreme Speed|p2a: Raikou
|-damage|p2a: Raikou|0 fnt
|-damage|p1a: Lucario|253\/281|[from] item: Life Orb
|faint|p2a: Raikou
|
|join|yrs
|
|switch|p2a: Gyarados|Gyarados, M|331\/331
|-damage|p2a: Gyarados|249\/331|[from] Stealth Rock
|-ability|p2a: Gyarados|Intimidate|[of] p1a: Lucario
|-unboost|p1a: Lucario|atk|1
|turn|15
|leave|Mistaken
|
|switch|p1a: Politoed|Politoed, M|187\/383
|-weather|RainDance
|move|p2a: Gyarados|Dragon Dance|p2a: Gyarados
|-boost|p2a: Gyarados|atk|1
|-boost|p2a: Gyarados|spe|1
|
|-weather|RainDance|[upkeep]
|turn|16
|
|detailschange|p2a: Gyarados|Gyarados-Mega, M
|-mega|p2a: Gyarados|Gyarados|Gyaradosite
|-ability|p2a: Gyarados|Mold Breaker
|move|p2a: Gyarados|Dragon Dance|p2a: Gyarados
|-boost|p2a: Gyarados|atk|1
|-boost|p2a: Gyarados|spe|1
|move|p1a: Politoed|Encore|p2a: Gyarados
|-start|p2a: Gyarados|Encore
|
|-weather|RainDance|[upkeep]
|turn|17
|join|Phlipadelphia
|
|switch|p2a: Latios|Latios, M|160\/301
|-damage|p2a: Latios|123\/301|[from] Stealth Rock
|switch|p1a: Lucario|Lucario, F|253\/281
|
|-weather|RainDance|[upkeep]
|turn|18
|
|move|p1a: Lucario|Extreme Speed|p2a: Latios
|-damage|p2a: Latios|0 fnt
|-damage|p1a: Lucario|225\/281|[from] item: Life Orb
|faint|p2a: Latios
|
|-weather|RainDance|[upkeep]
|-message|Planet Hell forfeited.
|leave|Planet Hell
|leave|Phlipadelphia
|
|win|Reverb
|raw|Ladder updating...
|player|p2
|leave|Ox the Box
|raw|Reverb's rating: 1611 &rarr; <strong>1632<\/strong><br \/>(+21 for winning)
|raw|Planet Hell's rating: 1619 &rarr; <strong>1598<\/strong><br \/>(-21 for losing)