|join|wish killer
|join|Reverb
|join|CatchThisDead
|player|p1|wish killer|68
|player|p2|Reverb|#reverb
|gametype|singles
|gen|6
|tier|OU
|rated
|clearpoke
|poke|p1|Bisharp, M
|poke|p1|Venusaur, M
|poke|p1|Heatran, F
|poke|p1|Keldeo
|poke|p1|Chansey, F
|poke|p1|Skarmory, M
|poke|p2|Tornadus-Therian, M
|poke|p2|Metagross
|poke|p2|Keldeo
|poke|p2|Landorus-Therian, M
|poke|p2|Rotom-Wash
|poke|p2|Clefable, M
|rule|Swagger Clause: Swagger is banned
|rule|Baton Pass Clause: Limit one PokÃ©mon knowing Baton Pass
|rule|Sleep Clause Mod: Limit one foe put to sleep
|rule|Species Clause: Limit one of each PokÃ©mon
|rule|OHKO Clause: OHKO moves are banned
|rule|Moody Clause: Moody is banned
|rule|Evasion Moves Clause: Evasion moves are banned
|rule|Endless Battle Clause: Forcing endless battles is banned
|rule|HP Percentage Mod: HP is shown in percentages
|teampreview
|join|Mistaken
|join|Squirrelll
|join|Ox the Box
|join|WECAMEASROMANS
|join|Cashier
|join|C1one
|join|CleanerThanRotom-W
|join|thomas9779
|c|âwish killer|gl hf
|c| CleanerThanRotom-W|bloody nicknames imo
|c| Cashier|im liking this squad
|join|jellu
|leave|jellu
|c|âwish killer|next battle
|c| Ox the Box|%Mistaken: tornadus wrecks him
|c| Ox the Box|he's going to try and sweep you with tornt
|c| Ox the Box|watch out
|join|cosine180
|join|subzeromkx
|c|âReverb|u2
|
|start
|switch|p1a: Venusaur|Venusaur, M|364\/364
|switch|p2a: Paavo|Keldeo|323\/323
|turn|1
|c| WECAMEASROMANS|LOOK AT THE GHOSTING
|join|Cienight
|c|âReverb|yeah
|
|switch|p2a: Tony|Landorus-Therian, M|367\/367
|-ability|p2a: Tony|Intimidate|[of] p1a: Venusaur
|-unboost|p1a: Venusaur|atk|1
|switch|p1a: Heatran|Heatran, F|340\/340
|-item|p1a: Heatran|Air Balloon
|
|turn|2
|c|âReverb|he's being ghosted by jake5
|c| cosine180|lol
|
|move|p1a: Heatran|Stealth Rock|p2a: Tony
|-sidestart|p2: Reverb|move: Stealth Rock
|move|p2a: Tony|U-turn|p1a: Heatran
|-crit|p1a: Heatran
|-resisted|p1a: Heatran
|-damage|p1a: Heatran|315\/340
|-enditem|p1a: Heatran|Air Balloon
|join|earthaste
|
|switch|p2a: Paavo|Keldeo|323\/323
|-damage|p2a: Paavo|303\/323|[from] Stealth Rock
|
|-heal|p2a: Paavo|323\/323|[from] item: Leftovers
|turn|3
|join|FUQ GLISCORE
|c| CleanerThanRotom-W|reverb
|
|switch|p1a: Venusaur|Venusaur, M|364\/364
|move|p2a: Paavo|Scald|p1a: Venusaur
|-resisted|p1a: Venusaur
|-damage|p1a: Venusaur|294\/364
|
|turn|4
|c| CleanerThanRotom-W|which pokemon do u want to be
|
|switch|p2a: Tony|Landorus-Therian, M|367\/367
|-damage|p2a: Tony|322\/367|[from] Stealth Rock
|-ability|p2a: Tony|Intimidate|[of] p1a: Venusaur
|-unboost|p1a: Venusaur|atk|1
|detailschange|p1a: Venusaur|Venusaur-Mega, M
|-mega|p1a: Venusaur|Venusaur|Venusaurite
|move|p1a: Venusaur|Giga Drain|p2a: Tony
|-damage|p2a: Tony|187\/367
|-heal|p1a: Venusaur|362\/364|[from] drain|[of] p2a: Tony
|
|-heal|p2a: Tony|209\/367|[from] item: Leftovers
|turn|5
|join|BlazingDark
|leave|WECAMEASROMANS
|c| CleanerThanRotom-W|we will make a nice nickname
|c|âReverb|im fien being the mick vick in the dog fight ring
|join|yuy
|c|âReverb|if you get what i mean
|c| thomas9779|lol
|c| CleanerThanRotom-W|i c
|
|move|p2a: Tony|Stealth Rock|p1a: Venusaur
|-sidestart|p1: wish killer|move: Stealth Rock
|move|p1a: Venusaur|Giga Drain|p2a: Tony
|-damage|p2a: Tony|86\/367
|-heal|p1a: Venusaur|364\/364|[from] drain|[of] p2a: Tony
|
|-heal|p2a: Tony|108\/367|[from] item: Leftovers
|turn|6
|join|SuperSmoke
|c|âReverb|*mike
|
|move|p2a: Tony|U-turn|p1a: Venusaur
|-damage|p1a: Venusaur|320\/364
|c| thomas9779|*michael
|join|IAmGingy
|
|switch|p2a: Jono|Metagross|301\/301
|-damage|p2a: Jono|283\/301|[from] Stealth Rock
|move|p1a: Venusaur|Giga Drain|p2a: Jono
|-resisted|p2a: Jono
|-damage|p2a: Jono|215\/301
|-heal|p1a: Venusaur|354\/364|[from] drain|[of] p2a: Jono
|
|turn|7
|join|leremyju
|c| cosine180|gingy n_n
|
|switch|p2a: Kyau|Rotom-Wash|303\/303
|-damage|p2a: Kyau|266\/303|[from] Stealth Rock
|move|p1a: Venusaur|Giga Drain|p2a: Kyau
|-supereffective|p2a: Kyau
|-damage|p2a: Kyau|84\/303
|-heal|p1a: Venusaur|364\/364|[from] drain|[of] p2a: Kyau
|
|-heal|p2a: Kyau|102\/303|[from] item: Leftovers
|turn|8
|c| leremyju|Lol
|c| IAmGingy|cosine n_n
|c| Ox the Box|oml go ahead and get predicted
|c| Cienight|gingy <3
|
|move|p2a: Kyau|Volt Switch|p1a: Venusaur
|-resisted|p1a: Venusaur
|-damage|p1a: Venusaur|328\/364
|c| IAmGingy|ermagud cienbae
|
|switch|p2a: Big Bird|Tornadus-Therian, M|299\/299
|-damage|p2a: Big Bird|225\/299|[from] Stealth Rock
|move|p1a: Venusaur|Giga Drain|p2a: Big Bird
|-resisted|p2a: Big Bird
|-damage|p2a: Big Bird|158\/299
|-heal|p1a: Venusaur|362\/364|[from] drain|[of] p2a: Big Bird
|
|turn|9
|join|snickersserperior
|c| snickersserperior|wish vs reverb
|
|switch|p1a: Heatran|Heatran, F|315\/340
|-damage|p1a: Heatran|273\/340|[from] Stealth Rock
|move|p2a: Big Bird|Knock Off|p1a: Heatran
|-damage|p1a: Heatran|213\/340
|-damage|p2a: Big Bird|129\/299|[from] item: Life Orb
|
|turn|10
|join|Kushalos
|
|move|p2a: Big Bird|Superpower|p1a: Heatran
|-supereffective|p1a: Heatran
|-damage|p1a: Heatran|8\/340
|-unboost|p2a: Big Bird|atk|1
|-unboost|p2a: Big Bird|def|1
|-damage|p2a: Big Bird|100\/299|[from] item: Life Orb
|move|p1a: Heatran|Fire Blast|p2a: Big Bird
|-damage|p2a: Big Bird|0 fnt
|faint|p2a: Big Bird
|
|c| CleanerThanRotom-W|heatrans spread
|c| leremyju|Oooohhhh
|join|str8 noobin
|
|switch|p2a: Paavo|Keldeo|323\/323
|-damage|p2a: Paavo|303\/323|[from] Stealth Rock
|turn|11
|
|switch|p1a: Venusaur|Venusaur-Mega, M|362\/364
|-damage|p1a: Venusaur|317\/364|[from] Stealth Rock
|move|p2a: Paavo|Scald|p1a: Venusaur
|-resisted|p1a: Venusaur
|-damage|p1a: Venusaur|261\/364
|-status|p1a: Venusaur|brn
|
|-heal|p2a: Paavo|323\/323|[from] item: Leftovers
|-damage|p1a: Venusaur|216\/364 brn|[from] brn
|turn|12
|c|âReverb|2 scalds 1 burn
|c|âReverb|51%
|c|âReverb|does that still count as hax?
|c|âReverb|only if wcar were to do it
|c| Ox the Box|no
|c|âReverb|he's a pervert and a bad player
|c| leremyju|Reverb
|c| leremyju|ur talking
|c|+Kushalos|hes defs
|c|+Kushalos|a pervert
|join|Reud
|c| leremyju|Do I have to say it
|
|switch|p2a: Albert|Clefable, M|394\/394
|move|p1a: Venusaur|Synthesis|p1a: Venusaur
|-heal|p1a: Venusaur|364\/364 brn
|
|-damage|p1a: Venusaur|319\/364 brn|[from] brn
|turn|13
|c|+Kushalos|i can tell u that
|c| cosine180|ezest double to keldeo of his life
|c|âReverb|i feel sexually violated every time i interacted with wcar
|
|switch|p1a: Chansey|Chansey, F|684\/684
|-damage|p1a: Chansey|599\/684|[from] Stealth Rock
|move|p2a: Albert|Calm Mind|p2a: Albert
|-boost|p2a: Albert|spa|1
|-boost|p2a: Albert|spd|1
|
|turn|14
|leave|thomas9779
|c| leremyju|Think about who u violate reverb
|c| snickersserperior|Im fucking pissed
|c| snickersserperior|will o miss....
|join|WeirdNick504
|
|move|p2a: Albert|Calm Mind|p2a: Albert
|-boost|p2a: Albert|spa|1
|-boost|p2a: Albert|spd|1
|move|p1a: Chansey|Thunder Wave|p2a: Albert
|-status|p2a: Albert|par
|
|turn|15
|c|+Kushalos|ah
|c|+Kushalos|ez
|c|+Kushalos|aids
|c| leremyju|When in doubt spam twave
|
|move|p1a: Chansey|Aromatherapy|p1a: Chansey
|-cureteam|p1a: Chansey|[from] move: Aromatherapy
|move|p2a: Albert|Moonblast|p1a: Chansey
|-crit|p1a: Chansey
|-damage|p1a: Chansey|407\/684
|
|turn|16
|join|akenomepillas
|
|move|p1a: Chansey|Soft-Boiled|p1a: Chansey
|-heal|p1a: Chansey|684\/684
|move|p2a: Albert|Calm Mind|p2a: Albert
|-boost|p2a: Albert|spa|1
|-boost|p2a: Albert|spd|1
|
|turn|17
|
|move|p1a: Chansey|Seismic Toss|p2a: Albert
|-damage|p2a: Albert|294\/394 par
|move|p2a: Albert|Calm Mind|p2a: Albert
|-boost|p2a: Albert|spa|1
|-boost|p2a: Albert|spd|1
|
|-heal|p2a: Albert|318\/394 par|[from] item: Leftovers
|turn|18
|join|bubster123
|
|move|p1a: Chansey|Seismic Toss|p2a: Albert
|-damage|p2a: Albert|218\/394 par
|cant|p2a: Albert|par
|
|-heal|p2a: Albert|242\/394 par|[from] item: Leftovers
|turn|19
|
|move|p1a: Chansey|Seismic Toss|p2a: Albert
|-damage|p2a: Albert|142\/394 par
|cant|p2a: Albert|par
|
|-heal|p2a: Albert|166\/394 par|[from] item: Leftovers
|turn|20
|leave|Reud
|join|FR - ToS
|join|Reud
|leave|BlazingDark
|
|move|p1a: Chansey|Seismic Toss|p2a: Albert
|-damage|p2a: Albert|66\/394 par
|move|p2a: Albert|Soft-Boiled|p2a: Albert
|-heal|p2a: Albert|263\/394 par
|
|-heal|p2a: Albert|287\/394 par|[from] item: Leftovers
|turn|21
|join|Rhayader
|c| CleanerThanRotom-W|dont even act, like u dont know its about to happen again
|
|move|p1a: Chansey|Seismic Toss|p2a: Albert
|-damage|p2a: Albert|187\/394 par
|move|p2a: Albert|Moonblast|p1a: Chansey
|-damage|p1a: Chansey|479\/684
|
|-heal|p2a: Albert|211\/394 par|[from] item: Leftovers
|turn|22
|c| CleanerThanRotom-W|im calling it
|
|move|p1a: Chansey|Seismic Toss|p2a: Albert
|-damage|p2a: Albert|111\/394 par
|move|p2a: Albert|Soft-Boiled|p2a: Albert
|-heal|p2a: Albert|308\/394 par
|
|-heal|p2a: Albert|332\/394 par|[from] item: Leftovers
|turn|23
|c| CleanerThanRotom-W|,,
|leave|FUQ GLISCORE
|c| snickersserperior|wish killer why do u only use skarm bliss haaa
|c| cosine180|nice blissey..
|c| cosine180|nerd
|c| Squirrelll|its this team in particular that he uses every time
|
|move|p1a: Chansey|Seismic Toss|p2a: Albert
|-damage|p2a: Albert|232\/394 par
|cant|p2a: Albert|par
|
|-heal|p2a: Albert|256\/394 par|[from] item: Leftovers
|turn|24
|c| WeirdNick504|Serene grace chansey
|join|Resist Temptation
|c|âwish killer|i love blissey snickers
|join|DragonPower0210
|c| Squirrelll|I havent seen him use a diff team since like xy started lol
|c| snickersserperior|lol
|
|move|p1a: Chansey|Seismic Toss|p2a: Albert
|-damage|p2a: Albert|156\/394 par
|move|p2a: Albert|Soft-Boiled|p2a: Albert
|-heal|p2a: Albert|353\/394 par
|
|-heal|p2a: Albert|377\/394 par|[from] item: Leftovers
|turn|25
|c| Mistaken|is wish killer's team considered balance or semi stall
|c| snickersserperior|well chansey ik but u know what I mean
|c| CleanerThanRotom-W|hey wish killer
|c| CleanerThanRotom-W|nice team
|c| snickersserperior|mistaekn semistall
|c| CleanerThanRotom-W|who made it
|c| Squirrelll|balance = semi stall
|c| Squirrelll|same thing
|join|Panda Problems
|c| snickersserperior|not tue
|c| snickersserperior|*not true at all
|c| snickersserperior|balance has a more offensive presence
|c|âReverb|you're debating arbitraty nomenclatures
|c|âReverb|thats just vapid nigga
|c| cosine180|rofl
|c| snickersserperior|lol
|c|âwish killer|http:\/\/replay.pokemonshowdown.com\/ou-203212056
|c| cosine180|i like the addition of the word "nigga"
|
|move|p1a: Chansey|Soft-Boiled|p1a: Chansey
|-heal|p1a: Chansey|684\/684
|move|p2a: Albert|Moonblast|p1a: Chansey
|-damage|p1a: Chansey|492\/684
|
|-heal|p2a: Albert|394\/394 par|[from] item: Leftovers
|turn|26
|leave|bubster123
|
|move|p1a: Chansey|Seismic Toss|p2a: Albert
|-damage|p2a: Albert|294\/394 par
|move|p2a: Albert|Calm Mind|p2a: Albert
|-boost|p2a: Albert|spa|1
|-boost|p2a: Albert|spd|1
|
|-heal|p2a: Albert|318\/394 par|[from] item: Leftovers
|turn|27
|
|move|p1a: Chansey|Seismic Toss|p2a: Albert
|-damage|p2a: Albert|218\/394 par
|cant|p2a: Albert|par
|
|-heal|p2a: Albert|242\/394 par|[from] item: Leftovers
|turn|28
|
|move|p1a: Chansey|Seismic Toss|p2a: Albert
|-damage|p2a: Albert|142\/394 par
|move|p2a: Albert|Soft-Boiled|p2a: Albert
|-heal|p2a: Albert|339\/394 par
|
|-heal|p2a: Albert|363\/394 par|[from] item: Leftovers
|turn|29
|c| Resist Temptation|wowies lol
|leave|leremyju
|join|leremyju
|c| CleanerThanRotom-W|nice team wish killer, did u make it urself
|
|move|p1a: Chansey|Soft-Boiled|p1a: Chansey
|-heal|p1a: Chansey|684\/684
|cant|p2a: Albert|par
|
|-heal|p2a: Albert|387\/394 par|[from] item: Leftovers
|turn|30
|leave|leremyju
|c| Resist Temptation|no
|
|move|p1a: Chansey|Seismic Toss|p2a: Albert
|-damage|p2a: Albert|287\/394 par
|move|p2a: Albert|Calm Mind|p2a: Albert
|-boost|p2a: Albert|spa|1
|-boost|p2a: Albert|spd|1
|
|-heal|p2a: Albert|311\/394 par|[from] item: Leftovers
|turn|31
|
|move|p1a: Chansey|Seismic Toss|p2a: Albert
|-damage|p2a: Albert|211\/394 par
|cant|p2a: Albert|par
|
|-heal|p2a: Albert|235\/394 par|[from] item: Leftovers
|turn|32
|c| CleanerThanRotom-W|reverb, you know exactly what about to happen
|c| CleanerThanRotom-W|*whats
|
|switch|p1a: Heatran|Heatran, F|8\/340
|-damage|p1a: Heatran|0 fnt|[from] Stealth Rock
|faint|p1a: Heatran
|move|p2a: Albert|Soft-Boiled|p2a: Albert
|-heal|p2a: Albert|394\/394 par
|
|join|elitethewish
|join|WECAMEASROMANS
|
|switch|p1a: Bisharp|Bisharp, M|334\/334
|-damage|p1a: Bisharp|314\/334|[from] Stealth Rock
|turn|33
|
|move|p1a: Bisharp|Iron Head|p2a: Albert
|-supereffective|p2a: Albert
|-damage|p2a: Albert|74\/394 par
|cant|p2a: Albert|flinch
|
|-heal|p1a: Bisharp|334\/334|[from] item: Leftovers
|-heal|p2a: Albert|98\/394 par|[from] item: Leftovers
|turn|34
|leave|WECAMEASROMANS
|c| Panda Problems|Hi wcar
|-message|Reverb forfeited.
|leave|subzeromkx
|c|âReverb|ggg
|c|âwish killer|gg
|
|win|wish killer
|raw|Ladder updating...
|c| Resist Temptation|mhm
|leave|Reverb
|c| Resist Temptation|mhm
|player|p2
|leave|Resist Temptation
|leave|Panda Problems
|leave|Cashier
|raw|wish killer's rating: 1791 &rarr; <strong>1808<\/strong><br \/>(+17 for winning)
|raw|Reverb's rating: 1745 &rarr; <strong>1727<\/strong><br \/>(-18 for losing)
|leave|cosine180
|leave|Rhayader
|leave|Reud
|leave|CatchThisDead
|leave|Ox the Box
|leave|akenomepillas
|leave|Squirrelll