|join|Reverb
|join|le7s
|player|p1|Reverb|#reverb
|player|p2|le7s|37
|gametype|singles
|gen|6
|tier|OU
|rated
|clearpoke
|poke|p1|Celebi
|poke|p1|Heatran, F
|poke|p1|Gardevoir, M
|poke|p1|Keldeo
|poke|p1|Landorus-Therian, M
|poke|p1|Raikou
|poke|p2|Garchomp, M
|poke|p2|Ferrothorn, F
|poke|p2|Thundurus, M
|poke|p2|Diancie
|poke|p2|Latios, M
|poke|p2|Azumarill, F
|rule|Swagger Clause: Swagger is banned
|rule|Baton Pass Clause: Limit one PokÃ©mon knowing Baton Pass
|rule|Sleep Clause Mod: Limit one foe put to sleep
|rule|Species Clause: Limit one of each PokÃ©mon
|rule|OHKO Clause: OHKO moves are banned
|rule|Moody Clause: Moody is banned
|rule|Evasion Moves Clause: Evasion moves are banned
|rule|Endless Battle Clause: Forcing endless battles is banned
|rule|HP Percentage Mod: HP is shown in percentages
|teampreview
|join|Qubae
|join|jefo
|join|Escavalier
|join|Alkov
|join|etaoi
|join|iplaytennislol
|
|start
|switch|p1a: Landorus-Therian|Landorus-Therian, M|382\/382
|switch|p2a: Garchomp|Garchomp, M|420\/420
|-ability|p1a: Landorus-Therian|Intimidate|[of] p2a: Garchomp
|-unboost|p2a: Garchomp|atk|1
|turn|1
|
|move|p2a: Garchomp|Stealth Rock|p1a: Landorus-Therian
|-sidestart|p1: Reverb|move: Stealth Rock
|move|p1a: Landorus-Therian|Earthquake|p2a: Garchomp
|-damage|p2a: Garchomp|306\/420
|
|turn|2
|
|move|p1a: Landorus-Therian|Stealth Rock|p2a: Garchomp
|-sidestart|p2: le7s|move: Stealth Rock
|move|p2a: Garchomp|Toxic|p1a: Landorus-Therian
|-status|p1a: Landorus-Therian|tox
|
|-damage|p1a: Landorus-Therian|359\/382 tox|[from] psn
|turn|3
|join|rob
|
|move|p1a: Landorus-Therian|Earthquake|p2a: Garchomp
|-damage|p2a: Garchomp|186\/420
|move|p2a: Garchomp|Dragon Tail|p1a: Landorus-Therian
|-damage|p1a: Landorus-Therian|307\/382 tox
|drag|p1a: Heatran|Heatran, F|323\/323
|-damage|p1a: Heatran|283\/323|[from] Stealth Rock
|
|turn|4
|
|switch|p1a: Landorus-Therian|Landorus-Therian, M|307\/382 tox
|-damage|p1a: Landorus-Therian|260\/382 tox|[from] Stealth Rock
|-ability|p1a: Landorus-Therian|Intimidate|[of] p2a: Garchomp
|-unboost|p2a: Garchomp|atk|1
|move|p2a: Garchomp|Earthquake|p1a: Landorus-Therian
|-immune|p1a: Landorus-Therian|[msg]
|
|-heal|p1a: Landorus-Therian|283\/382 tox|[from] item: Leftovers
|-damage|p1a: Landorus-Therian|260\/382 tox|[from] psn
|turn|5
|join|will i lose
|
|switch|p2a: Ferrothorn|Ferrothorn, F|352\/352
|-damage|p2a: Ferrothorn|330\/352|[from] Stealth Rock
|move|p1a: Landorus-Therian|Earthquake|p2a: Ferrothorn
|-damage|p2a: Ferrothorn|227\/352
|
|-heal|p1a: Landorus-Therian|283\/382 tox|[from] item: Leftovers
|-damage|p1a: Landorus-Therian|237\/382 tox|[from] psn
|turn|6
|
|switch|p1a: Celebi|Celebi|361\/361
|-damage|p1a: Celebi|316\/361|[from] Stealth Rock
|move|p2a: Ferrothorn|Spikes|p1a: Celebi
|-sidestart|p1: Reverb|Spikes
|
|turn|7
|
|switch|p2a: Latios|Latios, M|301\/301
|-damage|p2a: Latios|264\/301|[from] Stealth Rock
|move|p1a: Celebi|Hidden Power|p2a: Latios
|-crit|p2a: Latios
|-resisted|p2a: Latios
|-damage|p2a: Latios|221\/301
|
|turn|8
|join|GeenArrow
|
|move|p2a: Latios|Trick|p1a: Celebi
|-activate|p2a: Latios|move: Trick|[of] p1a: Celebi
|-item|p1a: Celebi|Choice Scarf|[from] move: Trick
|-item|p2a: Latios|Expert Belt|[from] move: Trick
|move|p1a: Celebi|Recover|p1a: Celebi
|-heal|p1a: Celebi|361\/361
|
|turn|9
|join|I Iike Squirtles
|
|switch|p1a: Gardevoir|Gardevoir, M|277\/277
|-damage|p1a: Gardevoir|243\/277|[from] Spikes
|-damage|p1a: Gardevoir|209\/277|[from] Stealth Rock
|-ability|p1a: Gardevoir|Levitate|[from] ability: Trace|[of] p2a: Latios
|switch|p2a: Azumarill|Azumarill, F|363\/363
|-damage|p2a: Azumarill|318\/363|[from] Stealth Rock
|
|turn|10
|leave|iplaytennislol
|
|switch|p1a: Landorus-Therian|Landorus-Therian, M|237\/382 tox
|-damage|p1a: Landorus-Therian|190\/382 tox|[from] Stealth Rock
|-ability|p1a: Landorus-Therian|Intimidate|[of] p2a: Azumarill
|-unboost|p2a: Azumarill|atk|1
|switch|p2a: Garchomp|Garchomp, M|186\/420
|-damage|p2a: Garchomp|160\/420|[from] Stealth Rock
|
|-heal|p1a: Landorus-Therian|213\/382 tox|[from] item: Leftovers
|-damage|p1a: Landorus-Therian|190\/382 tox|[from] psn
|turn|11
|join|Emma Bae â¥
|
|move|p1a: Landorus-Therian|Earthquake|p2a: Garchomp
|-damage|p2a: Garchomp|39\/420
|move|p2a: Garchomp|Dragon Tail|p1a: Landorus-Therian
|-damage|p1a: Landorus-Therian|115\/382 tox
|drag|p1a: Keldeo|Keldeo|323\/323
|-damage|p1a: Keldeo|283\/323|[from] Spikes
|-damage|p1a: Keldeo|263\/323|[from] Stealth Rock
|
|turn|12
|join|bluri
|
|switch|p2a: Latios|Latios, M|221\/301
|-damage|p2a: Latios|184\/301|[from] Stealth Rock
|move|p1a: Keldeo|Secret Sword|p2a: Latios
|-resisted|p2a: Latios
|-damage|p2a: Latios|51\/301
|
|turn|13
|join|meowiekins
|leave|bluri
|
|switch|p1a: Landorus-Therian|Landorus-Therian, M|115\/382 tox
|-damage|p1a: Landorus-Therian|68\/382 tox|[from] Stealth Rock
|-ability|p1a: Landorus-Therian|Intimidate|[of] p2a: Latios
|-unboost|p2a: Latios|atk|1
|move|p2a: Latios|Recover|p2a: Latios
|-heal|p2a: Latios|202\/301
|
|-heal|p1a: Landorus-Therian|91\/382 tox|[from] item: Leftovers
|-damage|p1a: Landorus-Therian|68\/382 tox|[from] psn
|turn|14
|
|move|p2a: Latios|Psyshock|p1a: Landorus-Therian
|-crit|p1a: Landorus-Therian
|-damage|p1a: Landorus-Therian|0 fnt
|faint|p1a: Landorus-Therian
|
|
|switch|p1a: Gardevoir|Gardevoir, M|209\/277
|-damage|p1a: Gardevoir|175\/277|[from] Stealth Rock
|-damage|p1a: Gardevoir|141\/277|[from] Spikes
|-ability|p1a: Gardevoir|Levitate|[from] ability: Trace|[of] p2a: Latios
|turn|15
|
|switch|p2a: Garchomp|Garchomp, M|39\/420
|-damage|p2a: Garchomp|13\/420|[from] Stealth Rock
|detailschange|p1a: Gardevoir|Gardevoir-Mega, M
|-mega|p1a: Gardevoir|Gardevoir|Gardevoirite
|move|p1a: Gardevoir|Hyper Voice|p2a: Garchomp
|-supereffective|p2a: Garchomp
|-damage|p2a: Garchomp|0 fnt
|faint|p2a: Garchomp
|
|
|switch|p2a: Azumarill|Azumarill, F|318\/363
|-damage|p2a: Azumarill|273\/363|[from] Stealth Rock
|turn|16
|
|switch|p1a: Celebi|Celebi|361\/361
|-damage|p1a: Celebi|316\/361|[from] Spikes
|-damage|p1a: Celebi|271\/361|[from] Stealth Rock
|move|p2a: Azumarill|Aqua Jet|p1a: Celebi
|-resisted|p1a: Celebi
|-damage|p1a: Celebi|202\/361
|
|turn|17
|
|switch|p1a: Gardevoir|Gardevoir-Mega, M|141\/277
|-damage|p1a: Gardevoir|107\/277|[from] Spikes
|-damage|p1a: Gardevoir|73\/277|[from] Stealth Rock
|switch|p2a: Thundurus|Thundurus, M|299\/299
|-damage|p2a: Thundurus|225\/299|[from] Stealth Rock
|
|turn|18
|join|InSoMn
|
|switch|p1a: Raikou|Raikou|321\/321
|-damage|p1a: Raikou|281\/321|[from] Spikes
|-damage|p1a: Raikou|241\/321|[from] Stealth Rock
|-ability|p1a: Raikou|Pressure
|move|p2a: Thundurus|Knock Off|p1a: Raikou
|-damage|p1a: Raikou|85\/321
|-enditem|p1a: Raikou|Assault Vest|[from] move: Knock Off|[of] p2a: Thundurus
|-damage|p2a: Thundurus|196\/299|[from] item: Life Orb
|
|turn|19
|leave|will i lose
|
|move|p1a: Raikou|Volt Switch|p2a: Thundurus
|-damage|p2a: Thundurus|51\/299
|
|switch|p1a: Gardevoir|Gardevoir-Mega, M|73\/277
|-damage|p1a: Gardevoir|39\/277|[from] Stealth Rock
|-damage|p1a: Gardevoir|5\/277|[from] Spikes
|move|p2a: Thundurus|Knock Off|p1a: Gardevoir
|-crit|p1a: Gardevoir
|-damage|p1a: Gardevoir|0 fnt
|-damage|p2a: Thundurus|22\/299|[from] item: Life Orb
|faint|p1a: Gardevoir
|
|
|switch|p1a: Raikou|Raikou|85\/321
|-damage|p1a: Raikou|45\/321|[from] Stealth Rock
|-damage|p1a: Raikou|5\/321|[from] Spikes
|-ability|p1a: Raikou|Pressure
|turn|20
|join|DrReuniclus3
|
|move|p1a: Raikou|Thunderbolt|p2a: Thundurus
|-damage|p2a: Thundurus|0 fnt
|faint|p2a: Thundurus
|
|
|switch|p2a: Diancie|Diancie|241\/241
|-damage|p2a: Diancie|211\/241|[from] Stealth Rock
|turn|21
|
|move|p1a: Raikou|Thunderbolt|p2a: Diancie
|-damage|p2a: Diancie|108\/241
|move|p2a: Diancie|Moonblast|p1a: Raikou
|-damage|p1a: Raikou|0 fnt
|faint|p1a: Raikou
|
|
|switch|p1a: Keldeo|Keldeo|263\/323
|-damage|p1a: Keldeo|243\/323|[from] Stealth Rock
|-damage|p1a: Keldeo|203\/323|[from] Spikes
|turn|22
|
|switch|p2a: Latios|Latios, M|202\/301
|-damage|p2a: Latios|165\/301|[from] Stealth Rock
|move|p1a: Keldeo|Icy Wind|p2a: Latios
|-supereffective|p2a: Latios
|-damage|p2a: Latios|0 fnt
|faint|p2a: Latios
|
|join|DatGuyChuck
|join|Void
|
|switch|p2a: Azumarill|Azumarill, F|273\/363
|-damage|p2a: Azumarill|228\/363|[from] Stealth Rock
|turn|23
|
|switch|p1a: Heatran|Heatran, F|283\/323
|-damage|p1a: Heatran|243\/323|[from] Stealth Rock
|-damage|p1a: Heatran|203\/323|[from] Spikes
|move|p2a: Azumarill|Waterfall|p1a: Heatran
|-supereffective|p1a: Heatran
|-damage|p1a: Heatran|0 fnt
|faint|p1a: Heatran
|
|
|switch|p1a: Celebi|Celebi|202\/361
|-damage|p1a: Celebi|157\/361|[from] Stealth Rock
|-damage|p1a: Celebi|112\/361|[from] Spikes
|turn|24
|join|dankbois
|
|switch|p2a: Ferrothorn|Ferrothorn, F|227\/352
|-damage|p2a: Ferrothorn|205\/352|[from] Stealth Rock
|move|p1a: Celebi|Earth Power|p2a: Ferrothorn
|-damage|p2a: Ferrothorn|133\/352
|-unboost|p2a: Ferrothorn|spd|1
|
|turn|25
|
|move|p1a: Celebi|Earth Power|p2a: Ferrothorn
|-damage|p2a: Ferrothorn|29\/352
|move|p2a: Ferrothorn|Leech Seed|p1a: Celebi
|-immune|p1a: Celebi|[msg]
|
|turn|26
|join|Prankster
|
|move|p1a: Celebi|Earth Power|p2a: Ferrothorn
|-damage|p2a: Ferrothorn|0 fnt
|faint|p2a: Ferrothorn
|
|
|switch|p2a: Azumarill|Azumarill, F|228\/363
|-damage|p2a: Azumarill|183\/363|[from] Stealth Rock
|turn|27
|
|move|p1a: Celebi|Earth Power|p2a: Azumarill
|-damage|p2a: Azumarill|76\/363
|move|p2a: Azumarill|Play Rough|p1a: Celebi
|-damage|p1a: Celebi|0 fnt
|faint|p1a: Celebi
|
|
|switch|p1a: Keldeo|Keldeo|203\/323
|-damage|p1a: Keldeo|183\/323|[from] Stealth Rock
|-damage|p1a: Keldeo|143\/323|[from] Spikes
|turn|28
|
|move|p1a: Keldeo|Scald|p2a: Azumarill
|-resisted|p2a: Azumarill
|-damage|p2a: Azumarill|0 fnt
|faint|p2a: Azumarill
|
|c|âle7s|gg
|c|âReverb|gg
|
|switch|p2a: Diancie|Diancie|108\/241
|-damage|p2a: Diancie|78\/241|[from] Stealth Rock
|turn|29
|
|move|p1a: Keldeo|Scald|p2a: Diancie
|-supereffective|p2a: Diancie
|-damage|p2a: Diancie|0 fnt
|faint|p2a: Diancie
|
|win|Reverb
|raw|Ladder updating...
|raw|Reverb's rating: 1710 &rarr; <strong>1720<\/strong><br \/>(+10 for winning)
|raw|le7s's rating: 1514 &rarr; <strong>1504<\/strong><br \/>(-10 for losing)
|join|MushMunkey
|leave|Escavalier
|leave|DatGuyChuck
|leave|le7s
|player|p2
|leave|Qubae
|leave|dankbois
|leave|Reverb
|player|p1
|leave|Emma Bae â¥
|leave|rob
|leave|InSoMn