|join|In Your Window
|join|Reverb
|player|p1|In Your Window|38
|player|p2|Reverb|#reverb
|gametype|singles
|gen|6
|tier|OU
|rated
|clearpoke
|poke|p1|Heatran, M
|poke|p1|Gengar, F
|poke|p1|Lopunny, M
|poke|p1|Azumarill, F
|poke|p1|Latios, M
|poke|p1|Landorus-Therian, M
|poke|p2|Empoleon, F
|poke|p2|Tyranitar, F
|poke|p2|Charizard, F
|poke|p2|Keldeo
|poke|p2|Tangrowth, F
|poke|p2|Landorus-Therian, M
|rule|Swagger Clause: Swagger is banned
|rule|Baton Pass Clause: Limit one PokÃ©mon knowing Baton Pass
|rule|Sleep Clause Mod: Limit one foe put to sleep
|rule|Species Clause: Limit one of each PokÃ©mon
|rule|OHKO Clause: OHKO moves are banned
|rule|Moody Clause: Moody is banned
|rule|Evasion Moves Clause: Evasion moves are banned
|rule|Endless Battle Clause: Forcing endless battles is banned
|rule|HP Percentage Mod: HP is shown in percentages
|teampreview
|join|bluri
|c|âIn Your Window|glhf
|c|âReverb|u2
|join|froggiespond
|join|Praj.pran
|join|Toxzn
|
|start
|switch|p1a: Landorus-Therian|Landorus-Therian, M|319\/319
|switch|p2a: Landorus-Therian|Landorus-Therian, M|327\/327
|-ability|p1a: Landorus-Therian|Intimidate|[of] p2a: Landorus-Therian
|-unboost|p2a: Landorus-Therian|atk|1
|-ability|p2a: Landorus-Therian|Intimidate|[of] p1a: Landorus-Therian
|-unboost|p1a: Landorus-Therian|atk|1
|turn|1
|leave|Toxzn
|join|JohnxYiu
|
|move|p1a: Landorus-Therian|U-turn|p2a: Landorus-Therian
|-resisted|p2a: Landorus-Therian
|-damage|p2a: Landorus-Therian|293\/327
|join|Bisharp-Mega
|
|switch|p1a: Gengar|Gengar, F|259\/259
|move|p2a: Landorus-Therian|U-turn|p1a: Gengar
|-resisted|p1a: Gengar
|-damage|p1a: Gengar|236\/259
|join|Cosine180
|join|Swallowed Up
|
|switch|p2a: Charizard|Charizard, F|297\/297
|
|turn|2
|
|detailschange|p2a: Charizard|Charizard-Mega-Y, F
|-mega|p2a: Charizard|Charizard|Charizardite Y
|-weather|SunnyDay
|move|p1a: Gengar|Sludge Wave|p2a: Charizard
|-damage|p2a: Charizard|112\/297
|-damage|p1a: Gengar|211\/259|[from] item: Life Orb
|move|p2a: Charizard|Flamethrower|p1a: Gengar
|-damage|p1a: Gengar|0 fnt
|faint|p1a: Gengar
|
|-weather|SunnyDay|[upkeep]
|join|Prankster
|join|belgrade
|
|switch|p1a: Lopunny|Lopunny, M|271\/271
|turn|3
|join|sallmo
|join|AdvanceShip
|
|switch|p2a: Landorus-Therian|Landorus-Therian, M|293\/327
|-ability|p2a: Landorus-Therian|Intimidate|[of] p1a: Lopunny
|-unboost|p1a: Lopunny|atk|1
|detailschange|p1a: Lopunny|Lopunny-Mega, M
|-mega|p1a: Lopunny|Lopunny|Lopunnite
|move|p1a: Lopunny|Ice Punch|p2a: Landorus-Therian
|-supereffective|p2a: Landorus-Therian
|-damage|p2a: Landorus-Therian|45\/327
|
|-weather|SunnyDay|[upkeep]
|turn|4
|join|Alvadora
|
|switch|p1a: Landorus-Therian|Landorus-Therian, M|319\/319
|-ability|p1a: Landorus-Therian|Intimidate|[of] p2a: Landorus-Therian
|-unboost|p2a: Landorus-Therian|atk|1
|move|p2a: Landorus-Therian|U-turn|p1a: Landorus-Therian
|-resisted|p1a: Landorus-Therian
|-damage|p1a: Landorus-Therian|284\/319
|
|switch|p2a: Empoleon|Empoleon, F|371\/371
|
|-weather|SunnyDay|[upkeep]
|turn|5
|
|move|p1a: Landorus-Therian|U-turn|p2a: Empoleon
|-resisted|p2a: Empoleon
|-damage|p2a: Empoleon|337\/371
|join|haunter
|
|switch|p1a: Heatran|Heatran, M|325\/325
|-item|p1a: Heatran|Air Balloon
|move|p2a: Empoleon|Stealth Rock|p1a: Heatran
|-sidestart|p1: In Your Window|move: Stealth Rock
|
|-weather|SunnyDay|[upkeep]
|-heal|p2a: Empoleon|360\/371|[from] item: Leftovers
|turn|6
|join|Omegasization
|join|Albtest
|
|move|p1a: Heatran|Stealth Rock|p2a: Empoleon
|-sidestart|p2: Reverb|move: Stealth Rock
|move|p2a: Empoleon|Scald|p1a: Heatran
|-supereffective|p1a: Heatran
|-damage|p1a: Heatran|229\/325
|-enditem|p1a: Heatran|Air Balloon
|
|-weather|none
|-heal|p2a: Empoleon|371\/371|[from] item: Leftovers
|turn|7
|leave|Praj.pran
|
|move|p1a: Heatran|Taunt|p2a: Empoleon
|-start|p2a: Empoleon|move: Taunt
|move|p2a: Empoleon|Scald|p1a: Heatran
|-supereffective|p1a: Heatran
|-damage|p1a: Heatran|35\/325
|
|turn|8
|join|Riful the Zangoose
|
|switch|p1a: Latios|Latios, M|299\/299
|-damage|p1a: Latios|262\/299|[from] Stealth Rock
|move|p2a: Empoleon|Scald|p1a: Latios
|-resisted|p1a: Latios
|-damage|p1a: Latios|213\/299
|
|turn|9
|
|move|p1a: Latios|Hidden Power|p2a: Empoleon
|-supereffective|p2a: Empoleon
|-damage|p2a: Empoleon|189\/371
|-damage|p1a: Latios|184\/299|[from] item: Life Orb
|move|p2a: Empoleon|Scald|p1a: Latios
|-resisted|p1a: Latios
|-damage|p1a: Latios|137\/299
|
|-heal|p2a: Empoleon|212\/371|[from] item: Leftovers
|-end|p2a: Empoleon|move: Taunt
|turn|10
|join|WaterBomb
|leave|sallmo
|c|@WaterBomb|\/me turns hax machine on
|c|@WaterBomb|king burd
|join|Maximal Crazy
|
|move|p1a: Latios|Hidden Power|p2a: Empoleon
|-crit|p2a: Empoleon
|-supereffective|p2a: Empoleon
|-damage|p2a: Empoleon|0 fnt
|-damage|p1a: Latios|108\/299|[from] item: Life Orb
|faint|p2a: Empoleon
|
|c| Cosine180|LOL
|c|âReverb|fuck off
|c|âReverb|you piece of shit waterbomb
|c| Cosine180|â¢ @WaterBomb turns hax machine on
|c|~haunter|lel
|c| Cosine180|ahahaha
|c|@WaterBomb|rof
|
|switch|p2a: Landorus-Therian|Landorus-Therian, M|45\/327
|-damage|p2a: Landorus-Therian|5\/327|[from] Stealth Rock
|-ability|p2a: Landorus-Therian|Intimidate|[of] p1a: Latios
|-unboost|p1a: Latios|atk|1
|turn|11
|c|@WaterBomb|poor Reverb
|
|switch|p1a: Heatran|Heatran, M|35\/325
|-damage|p1a: Heatran|0 fnt|[from] Stealth Rock
|faint|p1a: Heatran
|move|p2a: Landorus-Therian|Explosion|p1: Heatran|[notarget]
|-notarget
|faint|p2a: Landorus-Therian
|
|c| Bisharp-Mega|lol
|c| Riful the Zangoose|boom
|
|switch|p1a: Landorus-Therian|Landorus-Therian, M|284\/319
|switch|p2a: Tangrowth|Tangrowth, F|404\/404
|-damage|p1a: Landorus-Therian|245\/319|[from] Stealth Rock
|-ability|p1a: Landorus-Therian|Intimidate|[of] p2a: Tangrowth
|-unboost|p2a: Tangrowth|atk|1
|-damage|p2a: Tangrowth|354\/404|[from] Stealth Rock
|turn|12
|join|Yuttt.mackerel
|
|move|p1a: Landorus-Therian|U-turn|p2a: Tangrowth
|-supereffective|p2a: Tangrowth
|-damage|p2a: Tangrowth|210\/404
|c|@WaterBomb|wut landoge splodes?
|
|switch|p1a: Latios|Latios, M|108\/299
|-damage|p1a: Latios|71\/299|[from] Stealth Rock
|move|p2a: Tangrowth|Giga Drain|p1a: Latios
|-resisted|p1a: Latios
|-damage|p1a: Latios|26\/299
|-heal|p2a: Tangrowth|233\/404|[from] drain|[of] p1a: Latios
|
|turn|13
|
|switch|p2a: Tyranitar|Tyranitar, F|383\/383
|-damage|p2a: Tyranitar|336\/383|[from] Stealth Rock
|-weather|Sandstorm
|move|p1a: Latios|Roost|p1a: Latios
|-heal|p1a: Latios|176\/299
|
|-weather|Sandstorm|[upkeep]
|-damage|p1a: Latios|158\/299|[from] sandstorm
|turn|14
|
|move|p1a: Latios|Hidden Power|p2a: Tyranitar
|-supereffective|p2a: Tyranitar
|-damage|p2a: Tyranitar|76\/383
|-damage|p1a: Latios|129\/299|[from] item: Life Orb
|move|p2a: Tyranitar|Crunch|p1a: Latios
|-supereffective|p1a: Latios
|-damage|p1a: Latios|0 fnt
|faint|p1a: Latios
|
|-weather|Sandstorm|[upkeep]
|
|switch|p1a: Azumarill|Azumarill, F|364\/364
|-damage|p1a: Azumarill|319\/364|[from] Stealth Rock
|turn|15
|
|move|p2a: Tyranitar|Crunch|p1a: Azumarill
|-resisted|p1a: Azumarill
|-damage|p1a: Azumarill|178\/364
|-enditem|p1a: Azumarill|Sitrus Berry|[eat]
|-heal|p1a: Azumarill|269\/364|[from] item: Sitrus Berry
|move|p1a: Azumarill|Belly Drum|p1a: Azumarill
|-damage|p1a: Azumarill|87\/364
|-setboost|p1a: Azumarill|atk|6|[from] move: Belly Drum
|
|-weather|Sandstorm|[upkeep]
|-damage|p1a: Azumarill|65\/364|[from] sandstorm
|turn|16
|
|move|p1a: Azumarill|Aqua Jet|p2a: Tyranitar
|-supereffective|p2a: Tyranitar
|-damage|p2a: Tyranitar|0 fnt
|faint|p2a: Tyranitar
|
|-weather|Sandstorm|[upkeep]
|-damage|p1a: Azumarill|43\/364|[from] sandstorm
|
|switch|p2a: Keldeo|Keldeo|323\/323
|-damage|p2a: Keldeo|303\/323|[from] Stealth Rock
|turn|17
|
|move|p1a: Azumarill|Aqua Jet|p2a: Keldeo
|-resisted|p2a: Keldeo
|-damage|p2a: Keldeo|110\/323
|move|p2a: Keldeo|Scald|p1a: Azumarill
|-resisted|p1a: Azumarill
|-damage|p1a: Azumarill|0 fnt
|faint|p1a: Azumarill
|
|-weather|none
|c| bluri|Pls dont loose to BD azu again reverb
|c|@WaterBomb|>again
|c|@WaterBomb|this happened before?
|
|switch|p1a: Lopunny|Lopunny-Mega, M|271\/271
|-damage|p1a: Lopunny|255\/271|[from] Stealth Rock
|turn|18
|
|switch|p2a: Charizard|Charizard-Mega-Y, F|112\/297
|-damage|p2a: Charizard|0 fnt|[from] Stealth Rock
|faint|p2a: Charizard
|move|p1a: Lopunny|Frustration|p2: Charizard|[notarget]
|-notarget
|
|c| bluri|y lol
|
|switch|p2a: Tangrowth|Tangrowth, F|367\/404
|-damage|p2a: Tangrowth|317\/404|[from] Stealth Rock
|turn|19
|c|@WaterBomb|it's ok, tangrowth dgaf about wabbit
|
|move|p1a: Lopunny|Ice Punch|p2a: Tangrowth
|-supereffective|p2a: Tangrowth
|-damage|p2a: Tangrowth|169\/404
|-status|p2a: Tangrowth|frz
|cant|p2a: Tangrowth|frz
|
|turn|20
|c| Cosine180|rofl
|c| Bisharp-Mega|damn
|c|@WaterBomb|until that
|c|~haunter|lol
|c| bluri|oml nice and clean
|c|âReverb|waterbomb
|c|âIn Your Window|i'm sorry reverb
|c|âReverb|im serious
|c|~haunter|waterboob
|c| froggiespond|don't laugh guys
|c|âReverb|dont go in my battles
|c|âReverb|you're bad fucking luck
|c| Cosine180|lool
|
|move|p1a: Lopunny|High Jump Kick|p2a: Tangrowth
|-damage|p2a: Tangrowth|0 fnt
|faint|p2a: Tangrowth
|
|-message|Reverb forfeited.
|c|@WaterBomb|:(
|
|win|In Your Window
|raw|Ladder updating...
|c|âReverb|fuck waterbomb
|raw|In Your Window's rating: 1669 &rarr; <strong>1691<\/strong><br \/>(+22 for winning)
|raw|Reverb's rating: 1716 &rarr; <strong>1693<\/strong><br \/>(-23 for losing)
|join|dragons100
|c| Bisharp-Mega|lol
|leave|WaterBomb
|leave|haunter
|leave|Reverb
|leave|Cosine180
|player|p2
|leave|froggiespond
|leave|Bisharp-Mega
|leave|bluri
|leave|Riful the Zangoose
|leave|Omegasization
|leave|AdvanceShip
|leave|Albtest
|leave|Maximal Crazy