|join|Reverb
|join|don't use mega
|player|p1|Reverb|#reverb
|player|p2|don't use mega|101
|gametype|singles
|gen|6
|tier|OU
|rated
|clearpoke
|poke|p1|Raikou
|poke|p1|Slowbro, F
|poke|p1|Excadrill, M
|poke|p1|Charizard, F
|poke|p1|Landorus-Therian, M
|poke|p1|Chesnaught, F
|poke|p2|Tyranitar, F
|poke|p2|Gliscor, F
|poke|p2|Chansey, F
|poke|p2|Slowbro, M
|poke|p2|Quagsire, M
|poke|p2|Mandibuzz, F
|rule|Swagger Clause: Swagger is banned
|rule|Baton Pass Clause: Limit one PokÃ©mon knowing Baton Pass
|rule|Sleep Clause Mod: Limit one foe put to sleep
|rule|Species Clause: Limit one of each PokÃ©mon
|rule|OHKO Clause: OHKO moves are banned
|rule|Moody Clause: Moody is banned
|rule|Evasion Moves Clause: Evasion moves are banned
|rule|Endless Battle Clause: Forcing endless battles is banned
|rule|HP Percentage Mod: HP is shown in percentages
|teampreview
|join|Cosine180
|c| Cosine180|lol
|c| Cosine180|hardpuzzles team
|
|start
|switch|p1a: jajajaja|Charizard, F|360\/360
|switch|p2a: Slowbro|Slowbro, M|390\/390
|turn|1
|join|FNH
|
|detailschange|p1a: jajajaja|Charizard-Mega-X, F
|-mega|p1a: jajajaja|Charizard|Charizardite X
|move|p1a: jajajaja|Dragon Claw|p2a: Slowbro
|-crit|p2a: Slowbro
|-damage|p2a: Slowbro|239\/390
|move|p2a: Slowbro|Substitute|p2a: Slowbro
|-start|p2a: Slowbro|Substitute
|-damage|p2a: Slowbro|142\/390
|
|-heal|p2a: Slowbro|166\/390|[from] item: Leftovers
|turn|2
|c| Cosine180|LOL
|c|âdon't use mega|loL
|
|switch|p1a: shockvalue|Raikou|321\/321
|-ability|p1a: shockvalue|Pressure
|move|p2a: Slowbro|Scald|p1a: shockvalue
|-damage|p1a: shockvalue|255\/321
|
|-heal|p2a: Slowbro|190\/390|[from] item: Leftovers
|turn|3
|join|ryzed
|join|Bloodz
|
|move|p1a: shockvalue|Volt Switch|p2a: Slowbro
|-supereffective|p2a: Slowbro
|-end|p2a: Slowbro|Substitute
|join|Cienight
|
|switch|p1a: chimpladdin|Chesnaught, F|380\/380
|move|p2a: Slowbro|Scald|p1a: chimpladdin
|-resisted|p1a: chimpladdin
|-damage|p1a: chimpladdin|321\/380
|
|-heal|p1a: chimpladdin|344\/380|[from] item: Leftovers
|-heal|p2a: Slowbro|214\/390|[from] item: Leftovers
|turn|4
|join|Starmaster
|
|switch|p2a: Gliscor|Gliscor, F|350\/350
|move|p1a: chimpladdin|Spikes|p2a: Gliscor
|-sidestart|p2: don't use mega|Spikes
|
|-heal|p1a: chimpladdin|367\/380|[from] item: Leftovers
|-status|p2a: Gliscor|tox|[from] item: Toxic Orb
|turn|5
|
|switch|p1a: jellohotdogftw|Landorus-Therian, M|365\/365
|-ability|p1a: jellohotdogftw|Intimidate|[of] p2a: Gliscor
|-unboost|p2a: Gliscor|atk|1
|move|p2a: Gliscor|Knock Off|p1a: jellohotdogftw
|-damage|p1a: jellohotdogftw|327\/365
|-enditem|p1a: jellohotdogftw|Leftovers|[from] move: Knock Off|[of] p2a: Gliscor
|
|turn|6
|
|switch|p2a: Mandibuzz|Mandibuzz, F|420\/420
|move|p1a: jellohotdogftw|Stealth Rock|p2a: Mandibuzz
|-sidestart|p2: don't use mega|move: Stealth Rock
|
|turn|7
|
|move|p1a: jellohotdogftw|Stone Edge|p2a: Mandibuzz
|-supereffective|p2a: Mandibuzz
|-damage|p2a: Mandibuzz|258\/420
|move|p2a: Mandibuzz|Defog|p1a: jellohotdogftw
|-unboost|p1a: jellohotdogftw|evasion|1
|-sideend|p2: don't use mega|Spikes|[from] move: Defog|[of] p2a: Mandibuzz
|-sideend|p2: don't use mega|Stealth Rock|[from] move: Defog|[of] p2a: Mandibuzz
|
|-heal|p2a: Mandibuzz|284\/420|[from] item: Leftovers
|turn|8
|
|move|p1a: jellohotdogftw|U-turn|p2a: Mandibuzz
|-crit|p2a: Mandibuzz
|-damage|p2a: Mandibuzz|204\/420
|
|switch|p1a: fatassmax|Slowbro, F|394\/394
|move|p2a: Mandibuzz|Roost|p2a: Mandibuzz
|-heal|p2a: Mandibuzz|414\/420
|
|-heal|p2a: Mandibuzz|420\/420|[from] item: Leftovers
|turn|9
|
|switch|p2a: Chansey|Chansey, F|682\/682
|switch|p1a: jellohotdogftw|Landorus-Therian, M|327\/365
|-ability|p1a: jellohotdogftw|Intimidate|[of] p2a: Chansey
|-unboost|p2a: Chansey|atk|1
|
|turn|10
|
|move|p1a: jellohotdogftw|Stealth Rock|p2a: Chansey
|-sidestart|p2: don't use mega|move: Stealth Rock
|move|p2a: Chansey|Toxic|p1a: jellohotdogftw
|-status|p1a: jellohotdogftw|tox
|
|-damage|p1a: jellohotdogftw|305\/365 tox|[from] psn
|turn|11
|
|move|p1a: jellohotdogftw|U-turn|p2a: Chansey
|-damage|p2a: Chansey|573\/682
|
|switch|p1a: brownentertainment|Excadrill, M|420\/420
|-ability|p1a: brownentertainment|Mold Breaker
|move|p2a: Chansey|Stealth Rock|p1a: brownentertainment
|-sidestart|p1: Reverb|move: Stealth Rock
|
|turn|12
|
|switch|p2a: Mandibuzz|Mandibuzz, F|420\/420
|-damage|p2a: Mandibuzz|315\/420|[from] Stealth Rock
|move|p1a: brownentertainment|Rapid Spin|p2a: Mandibuzz
|-damage|p2a: Mandibuzz|301\/420
|-sideend|p1: Reverb|Stealth Rock|[from] move: Rapid Spin|[of] p1a: brownentertainment
|
|-heal|p2a: Mandibuzz|327\/420|[from] item: Leftovers
|turn|13
|
|move|p1a: brownentertainment|Toxic|p2a: Mandibuzz
|-status|p2a: Mandibuzz|tox
|move|p2a: Mandibuzz|Defog|p1a: brownentertainment
|-unboost|p1a: brownentertainment|evasion|1
|-sideend|p2: don't use mega|Stealth Rock|[from] move: Defog|[of] p2a: Mandibuzz
|
|-heal|p2a: Mandibuzz|353\/420 tox|[from] item: Leftovers
|-damage|p2a: Mandibuzz|327\/420 tox|[from] psn
|turn|14
|
|move|p1a: brownentertainment|Iron Head|p2a: Mandibuzz
|-damage|p2a: Mandibuzz|249\/420 tox
|cant|p2a: Mandibuzz|flinch
|
|-heal|p2a: Mandibuzz|275\/420 tox|[from] item: Leftovers
|-damage|p2a: Mandibuzz|223\/420 tox|[from] psn
|turn|15
|
|move|p1a: brownentertainment|Iron Head|p2a: Mandibuzz
|-damage|p2a: Mandibuzz|136\/420 tox
|move|p2a: Mandibuzz|Roost|p2a: Mandibuzz
|-heal|p2a: Mandibuzz|346\/420 tox
|
|-heal|p2a: Mandibuzz|372\/420 tox|[from] item: Leftovers
|-damage|p2a: Mandibuzz|294\/420 tox|[from] psn
|turn|16
|
|switch|p1a: jellohotdogftw|Landorus-Therian, M|305\/365 tox
|-ability|p1a: jellohotdogftw|Intimidate|[of] p2a: Mandibuzz
|-unboost|p2a: Mandibuzz|atk|1
|switch|p2a: Gliscor|Gliscor, F|350\/350 tox
|
|-damage|p1a: jellohotdogftw|283\/365 tox|[from] psn
|turn|17
|
|move|p2a: Gliscor|Taunt|p1a: jellohotdogftw
|-start|p1a: jellohotdogftw|move: Taunt
|cant|p1a: jellohotdogftw|move: Taunt|Stealth Rock
|
|-damage|p1a: jellohotdogftw|239\/365 tox|[from] psn
|turn|18
|join|bluri
|
|move|p2a: Gliscor|Taunt|p1a: jellohotdogftw
|-fail|p1a: jellohotdogftw
|move|p1a: jellohotdogftw|U-turn|p2a: Gliscor
|-resisted|p2a: Gliscor
|-damage|p2a: Gliscor|317\/350 tox
|
|switch|p1a: fatassmax|Slowbro, F|394\/394
|
|-heal|p2a: Gliscor|350\/350 tox|[from] ability: Poison Heal
|turn|19
|join|Dyanna
|
|switch|p1a: jellohotdogftw|Landorus-Therian, M|239\/365 tox
|-ability|p1a: jellohotdogftw|Intimidate|[of] p2a: Gliscor
|-unboost|p2a: Gliscor|atk|1
|move|p2a: Gliscor|Knock Off|p1a: jellohotdogftw
|-damage|p1a: jellohotdogftw|215\/365 tox
|
|-damage|p1a: jellohotdogftw|193\/365 tox|[from] psn
|turn|20
|
|move|p2a: Gliscor|Taunt|p1a: jellohotdogftw
|-start|p1a: jellohotdogftw|move: Taunt
|move|p1a: jellohotdogftw|U-turn|p2a: Gliscor
|-resisted|p2a: Gliscor
|-damage|p2a: Gliscor|317\/350 tox
|
|switch|p1a: shockvalue|Raikou|255\/321
|-ability|p1a: shockvalue|Pressure
|
|-heal|p2a: Gliscor|350\/350 tox|[from] ability: Poison Heal
|turn|21
|
|move|p1a: shockvalue|Hidden Power|p2a: Gliscor
|-supereffective|p2a: Gliscor
|-damage|p2a: Gliscor|118\/350 tox
|move|p2a: Gliscor|Knock Off|p1a: shockvalue
|-damage|p1a: shockvalue|192\/321
|-enditem|p1a: shockvalue|Assault Vest|[from] move: Knock Off|[of] p2a: Gliscor
|
|-heal|p2a: Gliscor|161\/350 tox|[from] ability: Poison Heal
|turn|22
|
|switch|p2a: Quagsire|Quagsire, M|394\/394
|move|p1a: shockvalue|Volt Switch|p2a: Quagsire
|-immune|p2a: Quagsire|[msg]
|
|turn|23
|
|switch|p1a: chimpladdin|Chesnaught, F|367\/380
|move|p2a: Quagsire|Scald|p1a: chimpladdin
|-resisted|p1a: chimpladdin
|-damage|p1a: chimpladdin|327\/380
|
|-heal|p1a: chimpladdin|350\/380|[from] item: Leftovers
|turn|24
|
|switch|p2a: Gliscor|Gliscor, F|161\/350 tox
|move|p1a: chimpladdin|Spikes|p2a: Gliscor
|-sidestart|p2: don't use mega|Spikes
|
|-heal|p1a: chimpladdin|373\/380|[from] item: Leftovers
|-heal|p2a: Gliscor|204\/350 tox|[from] ability: Poison Heal
|turn|25
|
|move|p2a: Gliscor|Earthquake|p1a: chimpladdin
|-resisted|p1a: chimpladdin
|-damage|p1a: chimpladdin|336\/380
|move|p1a: chimpladdin|Wood Hammer|p2a: Gliscor
|-damage|p2a: Gliscor|77\/350 tox
|-damage|p1a: chimpladdin|294\/380|[from] recoil|[of] p2a: Gliscor
|
|-heal|p1a: chimpladdin|317\/380|[from] item: Leftovers
|-heal|p2a: Gliscor|120\/350 tox|[from] ability: Poison Heal
|turn|26
|
|switch|p2a: Mandibuzz|Mandibuzz, F|294\/420 tox
|move|p1a: chimpladdin|Wood Hammer|p2a: Mandibuzz
|-resisted|p2a: Mandibuzz
|-damage|p2a: Mandibuzz|245\/420 tox
|-damage|p1a: chimpladdin|301\/380|[from] recoil|[of] p2a: Mandibuzz
|
|-heal|p2a: Mandibuzz|271\/420 tox|[from] item: Leftovers
|-heal|p1a: chimpladdin|324\/380|[from] item: Leftovers
|-damage|p2a: Mandibuzz|245\/420 tox|[from] psn
|turn|27
|
|switch|p1a: brownentertainment|Excadrill, M|420\/420
|-ability|p1a: brownentertainment|Mold Breaker
|move|p2a: Mandibuzz|Taunt|p1a: brownentertainment
|-start|p1a: brownentertainment|move: Taunt
|
|-heal|p2a: Mandibuzz|271\/420 tox|[from] item: Leftovers
|-damage|p2a: Mandibuzz|219\/420 tox|[from] psn
|turn|28
|
|switch|p2a: Gliscor|Gliscor, F|120\/350 tox
|move|p1a: brownentertainment|Iron Head|p2a: Gliscor
|-damage|p2a: Gliscor|15\/350 tox
|
|-heal|p2a: Gliscor|58\/350 tox|[from] ability: Poison Heal
|turn|29
|
|move|p2a: Gliscor|Roost|p2a: Gliscor
|-heal|p2a: Gliscor|233\/350 tox
|move|p1a: brownentertainment|Iron Head|p2a: Gliscor
|-damage|p2a: Gliscor|137\/350 tox
|
|-heal|p2a: Gliscor|180\/350 tox|[from] ability: Poison Heal
|turn|30
|leave|FNH
|
|switch|p1a: fatassmax|Slowbro, F|394\/394
|move|p2a: Gliscor|Roost|p2a: Gliscor
|-heal|p2a: Gliscor|350\/350 tox
|
|turn|31
|join|haunter
|
|move|p2a: Gliscor|Knock Off|p1a: fatassmax
|-supereffective|p1a: fatassmax
|-damage|p1a: fatassmax|294\/394
|-enditem|p1a: fatassmax|Leftovers|[from] move: Knock Off|[of] p2a: Gliscor
|move|p1a: fatassmax|Scald|p2a: Gliscor
|-crit|p2a: Gliscor
|-supereffective|p2a: Gliscor
|-damage|p2a: Gliscor|74\/350 tox
|
|-heal|p2a: Gliscor|117\/350 tox|[from] ability: Poison Heal
|turn|32
|
|move|p2a: Gliscor|Roost|p2a: Gliscor
|-heal|p2a: Gliscor|292\/350 tox
|move|p1a: fatassmax|Scald|p2a: Gliscor
|-supereffective|p2a: Gliscor
|-damage|p2a: Gliscor|130\/350 tox
|
|-heal|p2a: Gliscor|173\/350 tox|[from] ability: Poison Heal
|turn|33
|
|move|p2a: Gliscor|Roost|p2a: Gliscor
|-heal|p2a: Gliscor|348\/350 tox
|move|p1a: fatassmax|Scald|p2a: Gliscor
|-supereffective|p2a: Gliscor
|-damage|p2a: Gliscor|174\/350 tox
|
|-heal|p2a: Gliscor|217\/350 tox|[from] ability: Poison Heal
|turn|34
|
|switch|p2a: Chansey|Chansey, F|573\/682
|-damage|p2a: Chansey|488\/682|[from] Spikes
|move|p1a: fatassmax|Scald|p2a: Chansey
|-damage|p2a: Chansey|430\/682
|
|turn|35
|
|switch|p2a: Gliscor|Gliscor, F|217\/350 tox
|switch|p1a: jellohotdogftw|Landorus-Therian, M|193\/365 tox
|-ability|p1a: jellohotdogftw|Intimidate|[of] p2a: Gliscor
|-unboost|p2a: Gliscor|atk|1
|
|-heal|p2a: Gliscor|260\/350 tox|[from] ability: Poison Heal
|-damage|p1a: jellohotdogftw|171\/365 tox|[from] psn
|turn|36
|join|Yuttt.mackerel
|
|move|p2a: Gliscor|Taunt|p1a: jellohotdogftw
|-start|p1a: jellohotdogftw|move: Taunt
|move|p1a: jellohotdogftw|U-turn|p2a: Gliscor
|-resisted|p2a: Gliscor
|-damage|p2a: Gliscor|229\/350 tox
|leave|Yuttt.mackerel
|
|switch|p1a: jajajaja|Charizard-Mega-X, F|360\/360
|
|-heal|p2a: Gliscor|272\/350 tox|[from] ability: Poison Heal
|turn|37
|
|move|p1a: jajajaja|Flare Blitz|p2a: Gliscor
|-damage|p2a: Gliscor|86\/350 tox
|-damage|p1a: jajajaja|299\/360|[from] recoil|[of] p2a: Gliscor
|move|p2a: Gliscor|Taunt|p1a: jajajaja
|-start|p1a: jajajaja|move: Taunt
|
|-heal|p2a: Gliscor|129\/350 tox|[from] ability: Poison Heal
|turn|38
|join|Julian
|
|switch|p2a: Slowbro|Slowbro, M|344\/390
|-damage|p2a: Slowbro|296\/390|[from] Spikes
|move|p1a: jajajaja|Flare Blitz|p2a: Slowbro
|-resisted|p2a: Slowbro
|-damage|p2a: Slowbro|215\/390
|-damage|p1a: jajajaja|272\/360|[from] recoil|[of] p2a: Slowbro
|
|-heal|p2a: Slowbro|239\/390|[from] item: Leftovers
|turn|39
|join|JohnTheDoe
|
|move|p1a: jajajaja|Dragon Claw|p2a: Slowbro
|-damage|p2a: Slowbro|137\/390
|move|p2a: Slowbro|Scald|p1a: jajajaja
|-crit|p1a: jajajaja
|-damage|p1a: jajajaja|154\/360
|
|-heal|p2a: Slowbro|161\/390|[from] item: Leftovers
|turn|40
|
|switch|p1a: fatassmax|Slowbro, F|394\/394
|move|p2a: Slowbro|Slack Off|p2a: Slowbro
|-heal|p2a: Slowbro|356\/390
|
|-heal|p2a: Slowbro|380\/390|[from] item: Leftovers
|turn|41
|
|move|p2a: Slowbro|Substitute|p2a: Slowbro
|-start|p2a: Slowbro|Substitute
|-damage|p2a: Slowbro|283\/390
|move|p1a: fatassmax|Thunder Wave|p2a: Slowbro
|
|-heal|p2a: Slowbro|307\/390|[from] item: Leftovers
|turn|42
|
|switch|p1a: chimpladdin|Chesnaught, F|324\/380
|move|p2a: Slowbro|Scald|p1a: chimpladdin
|-resisted|p1a: chimpladdin
|-damage|p1a: chimpladdin|264\/380
|-status|p1a: chimpladdin|brn
|
|-heal|p1a: chimpladdin|287\/380 brn|[from] item: Leftovers
|-heal|p2a: Slowbro|331\/390|[from] item: Leftovers
|-damage|p1a: chimpladdin|240\/380 brn|[from] brn
|turn|43
|leave|JohnTheDoe
|c| bluri|lol sub bro
|
|move|p1a: chimpladdin|Leech Seed|p2a: Slowbro
|move|p2a: Slowbro|Psyshock|p1a: chimpladdin
|-supereffective|p1a: chimpladdin
|-damage|p1a: chimpladdin|112\/380 brn
|
|-heal|p1a: chimpladdin|135\/380 brn|[from] item: Leftovers
|-heal|p2a: Slowbro|355\/390|[from] item: Leftovers
|-damage|p1a: chimpladdin|88\/380 brn|[from] brn
|turn|44
|
|move|p1a: chimpladdin|Spikes|p2a: Slowbro
|-sidestart|p2: don't use mega|Spikes
|move|p2a: Slowbro|Psyshock|p1a: chimpladdin
|-crit|p1a: chimpladdin
|-supereffective|p1a: chimpladdin
|-damage|p1a: chimpladdin|0 fnt
|faint|p1a: chimpladdin
|
|-heal|p2a: Slowbro|379\/390|[from] item: Leftovers
|join|shermin vermin
|
|switch|p1a: shockvalue|Raikou|192\/321
|-ability|p1a: shockvalue|Pressure
|turn|45
|
|move|p1a: shockvalue|Thunderbolt|p2a: Slowbro
|-supereffective|p2a: Slowbro
|-end|p2a: Slowbro|Substitute
|move|p2a: Slowbro|Substitute|p2a: Slowbro
|-start|p2a: Slowbro|Substitute
|-damage|p2a: Slowbro|282\/390
|
|-heal|p2a: Slowbro|306\/390|[from] item: Leftovers
|turn|46
|
|switch|p2a: Tyranitar|Tyranitar, F|342\/342
|-damage|p2a: Tyranitar|285\/342|[from] Spikes
|-weather|Sandstorm
|move|p1a: shockvalue|Volt Switch|p2a: Tyranitar
|-damage|p2a: Tyranitar|212\/342
|join|daftmau5
|
|switch|p1a: jellohotdogftw|Landorus-Therian, M|171\/365 tox
|-ability|p1a: jellohotdogftw|Intimidate|[of] p2a: Tyranitar
|-unboost|p2a: Tyranitar|atk|1
|
|-weather|Sandstorm|[upkeep]
|-damage|p1a: jellohotdogftw|149\/365 tox|[from] psn
|turn|47
|join|Yuttt.mackerel
|join|gamerguy1123
|
|move|p2a: Tyranitar|Stone Edge|p1a: jellohotdogftw
|-damage|p1a: jellohotdogftw|44\/365 tox
|move|p1a: jellohotdogftw|Stealth Rock|p2a: Tyranitar
|-sidestart|p2: don't use mega|move: Stealth Rock
|
|-weather|Sandstorm|[upkeep]
|-damage|p1a: jellohotdogftw|0 fnt|[from] psn
|faint|p1a: jellohotdogftw
|
|switch|p1a: brownentertainment|Excadrill, M|420\/420
|-ability|p1a: brownentertainment|Mold Breaker
|turn|48
|
|switch|p2a: Slowbro|Slowbro, M|390\/390
|-damage|p2a: Slowbro|325\/390|[from] Spikes
|-damage|p2a: Slowbro|277\/390|[from] Stealth Rock
|move|p1a: brownentertainment|Iron Head|p2a: Slowbro
|-resisted|p2a: Slowbro
|-damage|p2a: Slowbro|237\/390
|
|-weather|Sandstorm|[upkeep]
|-damage|p2a: Slowbro|213\/390|[from] sandstorm
|-heal|p2a: Slowbro|237\/390|[from] item: Leftovers
|turn|49
|
|switch|p2a: Quagsire|Quagsire, M|394\/394
|-damage|p2a: Quagsire|370\/394|[from] Stealth Rock
|-damage|p2a: Quagsire|305\/394|[from] Spikes
|move|p1a: brownentertainment|Earthquake|p2a: Quagsire
|-damage|p2a: Quagsire|172\/394
|
|-weather|Sandstorm|[upkeep]
|-heal|p2a: Quagsire|196\/394|[from] item: Leftovers
|turn|50
|
|move|p1a: brownentertainment|Toxic|p2a: Quagsire
|-status|p2a: Quagsire|tox
|move|p2a: Quagsire|Recover|p2a: Quagsire
|-heal|p2a: Quagsire|393\/394 tox
|
|-weather|none
|-heal|p2a: Quagsire|394\/394 tox|[from] item: Leftovers
|-damage|p2a: Quagsire|370\/394 tox|[from] psn
|turn|51
|
|switch|p1a: fatassmax|Slowbro, F|394\/394
|move|p2a: Quagsire|Scald|p1a: fatassmax
|-resisted|p1a: fatassmax
|-damage|p1a: fatassmax|355\/394
|
|-heal|p2a: Quagsire|394\/394 tox|[from] item: Leftovers
|-damage|p2a: Quagsire|346\/394 tox|[from] psn
|turn|52
|
|move|p2a: Quagsire|Toxic|p1a: fatassmax
|-status|p1a: fatassmax|tox
|move|p1a: fatassmax|Scald|p2a: Quagsire
|-damage|p2a: Quagsire|220\/394 tox
|
|-heal|p2a: Quagsire|244\/394 tox|[from] item: Leftovers
|-damage|p2a: Quagsire|172\/394 tox|[from] psn
|-damage|p1a: fatassmax|331\/394 tox|[from] psn
|turn|53
|
|move|p2a: Quagsire|Recover|p2a: Quagsire
|-heal|p2a: Quagsire|369\/394 tox
|move|p1a: fatassmax|Scald|p2a: Quagsire
|-damage|p2a: Quagsire|234\/394 tox
|
|-heal|p2a: Quagsire|258\/394 tox|[from] item: Leftovers
|-damage|p2a: Quagsire|162\/394 tox|[from] psn
|-damage|p1a: fatassmax|283\/394 tox|[from] psn
|turn|54
|c| Cosine180|chokes on chokes
|
|switch|p2a: Tyranitar|Tyranitar, F|212\/342
|-damage|p2a: Tyranitar|155\/342|[from] Spikes
|-damage|p2a: Tyranitar|113\/342|[from] Stealth Rock
|-weather|Sandstorm
|switch|p1a: jajajaja|Charizard-Mega-X, F|154\/360
|
|-weather|Sandstorm|[upkeep]
|-damage|p1a: jajajaja|132\/360|[from] sandstorm
|turn|55
|join|Mystialized
|c| Yuttt.mackerel|the 5050
|c| Yuttt.mackerel|turn 55
|
|switch|p1a: brownentertainment|Excadrill, M|420\/420
|-ability|p1a: brownentertainment|Mold Breaker
|move|p2a: Tyranitar|Crunch|p1a: brownentertainment
|-damage|p1a: brownentertainment|215\/420
|-unboost|p1a: brownentertainment|def|1
|
|-weather|Sandstorm|[upkeep]
|-heal|p1a: brownentertainment|241\/420|[from] item: Leftovers
|turn|56
|c| Cosine180|lol
|c| Yuttt.mackerel|uh
|c|âReverb|fk
|c| Yuttt.mackerel|that is not
|c| Yuttt.mackerel|sand force
|c| daftmau5|is this chimpact's team?
|
|move|p2a: Tyranitar|Crunch|p1a: brownentertainment
|-damage|p1a: brownentertainment|0 fnt
|faint|p1a: brownentertainment
|
|-weather|Sandstorm|[upkeep]
|
|switch|p1a: fatassmax|Slowbro, F|394\/394 tox
|turn|57
|
|move|p2a: Tyranitar|Crunch|p1a: fatassmax
|-supereffective|p1a: fatassmax
|-damage|p1a: fatassmax|196\/394 tox
|move|p1a: fatassmax|Scald|p2a: Tyranitar
|-supereffective|p2a: Tyranitar
|-damage|p2a: Tyranitar|0 fnt
|faint|p2a: Tyranitar
|
|-weather|Sandstorm|[upkeep]
|-damage|p1a: fatassmax|172\/394 tox|[from] sandstorm
|-damage|p1a: fatassmax|148\/394 tox|[from] psn
|
|switch|p2a: Mandibuzz|Mandibuzz, F|219\/420 tox
|-damage|p2a: Mandibuzz|114\/420 tox|[from] Stealth Rock
|turn|58
|join|PragaSV
|
|switch|p1a: jajajaja|Charizard-Mega-X, F|132\/360
|move|p2a: Mandibuzz|Defog|p1a: jajajaja
|-unboost|p1a: jajajaja|evasion|1
|-sideend|p2: don't use mega|Spikes|[from] move: Defog|[of] p2a: Mandibuzz
|-sideend|p2: don't use mega|Stealth Rock|[from] move: Defog|[of] p2a: Mandibuzz
|
|-weather|none
|-heal|p2a: Mandibuzz|140\/420 tox|[from] item: Leftovers
|-damage|p2a: Mandibuzz|114\/420 tox|[from] psn
|turn|59
|join|Naruto94
|join|Praj.pran
|join|bluri
|
|move|p1a: jajajaja|Flare Blitz|p2a: Mandibuzz
|-damage|p2a: Mandibuzz|0 fnt
|-damage|p1a: jajajaja|94\/360|[from] recoil|[of] p2a: Mandibuzz
|faint|p2a: Mandibuzz
|
|
|switch|p2a: Chansey|Chansey, F|430\/682
|turn|60
|
|move|p1a: jajajaja|Flare Blitz|p2a: Chansey
|-damage|p2a: Chansey|124\/682
|-damage|p1a: jajajaja|0 fnt|[from] recoil|[of] p2a: Chansey
|faint|p1a: jajajaja
|move|p2a: Chansey|Toxic|p1: jajajaja|[notarget]
|-notarget
|
|
|switch|p1a: fatassmax|Slowbro, F|279\/394 tox
|turn|61
|leave|Praj.pran
|leave|Yuttt.mackerel
|
|move|p2a: Chansey|Soft-Boiled|p2a: Chansey
|-heal|p2a: Chansey|465\/682
|move|p1a: fatassmax|Psyshock|p2a: Chansey
|-damage|p2a: Chansey|338\/682
|
|-damage|p1a: fatassmax|255\/394 tox|[from] psn
|turn|62
|join|Yuttt.mackerel
|-message|Reverb forfeited.
|
|win|don't use mega
|raw|Ladder updating...
|join|Omegasization
|raw|Reverb's rating: 1741 &rarr; <strong>1722<\/strong><br \/>(-19 for losing)
|raw|don&apos;t use mega's rating: 1753 &rarr; <strong>1773<\/strong><br \/>(+20 for winning)
|leave|Yuttt.mackerel
|c| PragaSV|omega too late
|leave|Reverb
|player|p1
|leave|Bloodz
|leave|Cosine180
|leave|PragaSV
|leave|Omegasization
|leave|shermin vermin
|join|Z+V1
|leave|Naruto94
|leave|Z+V1
|leave|don't use mega
|leave|gamerguy1123
|player|p2
|join|gamerguy1123
|leave|Dyanna
|leave|gamerguy1123
|join|gamerguy1123
|join|Yuttt.mackerel