|join|Reverb
|join|Appreciation
|player|p1|Reverb|#reverb
|player|p2|Appreciation|68
|gametype|singles
|gen|6
|tier|OU
|rated
|clearpoke
|poke|p1|Empoleon, F
|poke|p1|Tyranitar, M
|poke|p1|Charizard, F
|poke|p1|Keldeo
|poke|p1|Kyurem-Black
|poke|p1|Landorus-Therian, M
|poke|p2|Politoed, F
|poke|p2|Swampert, F
|poke|p2|Garchomp, F
|poke|p2|Latias, F
|poke|p2|Thundurus, M
|poke|p2|Lucario, M
|rule|Swagger Clause: Swagger is banned
|rule|Baton Pass Clause: Limit one PokÃ©mon knowing Baton Pass
|rule|Sleep Clause Mod: Limit one foe put to sleep
|rule|Species Clause: Limit one of each PokÃ©mon
|rule|OHKO Clause: OHKO moves are banned
|rule|Moody Clause: Moody is banned
|rule|Evasion Moves Clause: Evasion moves are banned
|rule|Endless Battle Clause: Forcing endless battles is banned
|rule|HP Percentage Mod: HP is shown in percentages
|teampreview
|c|âAppreciation|lel
|join|Mistaken
|c| Mistaken|costa team?
|c|âAppreciation|n-no
|
|start
|switch|p1a: Landorus-Therian|Landorus-Therian, M|327\/327
|switch|p2a: Garchomp|Garchomp, F|357\/357
|-ability|p1a: Landorus-Therian|Intimidate|[of] p2a: Garchomp
|-unboost|p2a: Garchomp|atk|1
|turn|1
|
|move|p1a: Landorus-Therian|U-turn|p2a: Garchomp
|-damage|p2a: Garchomp|270\/357
|-damage|p1a: Landorus-Therian|287\/327|[from] ability: Rough Skin|[of] p2a: Garchomp
|
|switch|p1a: Empoleon|Empoleon, F|371\/371
|move|p2a: Garchomp|Stealth Rock|p1a: Empoleon
|-sidestart|p1: Reverb|move: Stealth Rock
|
|turn|2
|
|move|p2a: Garchomp|Earthquake|p1a: Empoleon
|-supereffective|p1a: Empoleon
|-damage|p1a: Empoleon|171\/371
|move|p1a: Empoleon|Stealth Rock|p2a: Garchomp
|-sidestart|p2: Appreciation|move: Stealth Rock
|
|-heal|p1a: Empoleon|194\/371|[from] item: Leftovers
|turn|3
|
|switch|p1a: Landorus-Therian|Landorus-Therian, M|287\/327
|-damage|p1a: Landorus-Therian|247\/327|[from] Stealth Rock
|-ability|p1a: Landorus-Therian|Intimidate|[of] p2a: Garchomp
|-unboost|p2a: Garchomp|atk|1
|move|p2a: Garchomp|Earthquake|p1a: Landorus-Therian
|-immune|p1a: Landorus-Therian|[msg]
|
|turn|4
|
|move|p1a: Landorus-Therian|Earthquake|p2a: Garchomp
|-damage|p2a: Garchomp|68\/357
|move|p2a: Garchomp|Dragon Claw|p1a: Landorus-Therian
|-damage|p1a: Landorus-Therian|172\/327
|
|turn|5
|
|move|p1a: Landorus-Therian|Earthquake|p2a: Garchomp
|-damage|p2a: Garchomp|0 fnt
|faint|p2a: Garchomp
|
|join|Void
|
|switch|p2a: Swampert|Swampert, F|341\/341
|-damage|p2a: Swampert|320\/341|[from] Stealth Rock
|turn|6
|
|switch|p1a: Keldeo|Keldeo|323\/323
|-damage|p1a: Keldeo|303\/323|[from] Stealth Rock
|detailschange|p2a: Swampert|Swampert-Mega, F
|-mega|p2a: Swampert|Swampert|Swampertite
|move|p2a: Swampert|Waterfall|p1a: Keldeo
|-resisted|p1a: Keldeo
|-damage|p1a: Keldeo|214\/323
|
|turn|7
|join|Praj.pran
|join|FUQ GLISCORE
|
|move|p1a: Keldeo|Scald|p2a: Swampert
|-damage|p2a: Swampert|139\/341
|move|p2a: Swampert|Earthquake|p1a: Keldeo
|-damage|p1a: Keldeo|0 fnt
|faint|p1a: Keldeo
|
|
|switch|p1a: Charizard|Charizard, F|297\/297
|-damage|p1a: Charizard|149\/297|[from] Stealth Rock
|turn|8
|join|mouse de frank
|
|switch|p2a: Latias|Latias, F|301\/301
|-damage|p2a: Latias|264\/301|[from] Stealth Rock
|detailschange|p1a: Charizard|Charizard-Mega-Y, F
|-mega|p1a: Charizard|Charizard|Charizardite Y
|-weather|SunnyDay
|move|p1a: Charizard|Solar Beam|p2a: Latias|[still]
|-prepare|p1a: Charizard|Solar Beam|p2a: Latias
|-anim|p1a: Charizard|Solar Beam|p2a: Latias
|-crit|p2a: Latias
|-resisted|p2a: Latias
|-damage|p2a: Latias|159\/301
|
|-weather|SunnyDay|[upkeep]
|turn|9
|
|switch|p1a: Empoleon|Empoleon, F|194\/371
|-damage|p1a: Empoleon|171\/371|[from] Stealth Rock
|move|p2a: Latias|Draco Meteor|p1a: Empoleon
|-resisted|p1a: Empoleon
|-damage|p1a: Empoleon|32\/371
|-unboost|p2a: Latias|spa|2
|-damage|p2a: Latias|129\/301|[from] item: Life Orb
|
|-weather|SunnyDay|[upkeep]
|-heal|p1a: Empoleon|55\/371|[from] item: Leftovers
|turn|10
|join|Alvok
|
|move|p2a: Latias|Draco Meteor|p1a: Empoleon
|-resisted|p1a: Empoleon
|-damage|p1a: Empoleon|0 fnt
|-unboost|p2a: Latias|spa|2
|-damage|p2a: Latias|99\/301|[from] item: Life Orb
|faint|p1a: Empoleon
|
|-weather|SunnyDay|[upkeep]
|
|switch|p1a: Landorus-Therian|Landorus-Therian, M|172\/327
|-damage|p1a: Landorus-Therian|132\/327|[from] Stealth Rock
|-ability|p1a: Landorus-Therian|Intimidate|[of] p2a: Latias
|-unboost|p2a: Latias|atk|1
|turn|11
|
|switch|p2a: Politoed|Politoed, F|383\/383
|-damage|p2a: Politoed|336\/383|[from] Stealth Rock
|-weather|RainDance
|move|p1a: Landorus-Therian|U-turn|p2a: Politoed
|-damage|p2a: Politoed|253\/383
|
|switch|p1a: Charizard|Charizard-Mega-Y, F|149\/297
|-damage|p1a: Charizard|1\/297|[from] Stealth Rock
|-weather|SunnyDay
|
|-weather|SunnyDay|[upkeep]
|turn|12
|c|âAppreciation|fuck my duck lel
|
|move|p1a: Charizard|Roost|p1a: Charizard
|-heal|p1a: Charizard|150\/297
|move|p2a: Politoed|Hypnosis|p1a: Charizard|[miss]
|-miss|p2a: Politoed|p1a: Charizard
|
|-weather|SunnyDay|[upkeep]
|turn|13
|join|gay af
|c|âAppreciation|ok
|
|switch|p2a: Thundurus|Thundurus, M|344\/344
|-damage|p2a: Thundurus|258\/344|[from] Stealth Rock
|move|p1a: Charizard|Solar Beam|p2a: Thundurus|[still]
|-prepare|p1a: Charizard|Solar Beam|p2a: Thundurus
|-anim|p1a: Charizard|Solar Beam|p2a: Thundurus
|-resisted|p2a: Thundurus
|-damage|p2a: Thundurus|142\/344
|
|-weather|SunnyDay|[upkeep]
|turn|14
|
|switch|p1a: Landorus-Therian|Landorus-Therian, M|132\/327
|-damage|p1a: Landorus-Therian|92\/327|[from] Stealth Rock
|-ability|p1a: Landorus-Therian|Intimidate|[of] p2a: Thundurus
|-unboost|p2a: Thundurus|atk|1
|-boost|p2a: Thundurus|atk|2|[from] ability: Defiant
|move|p2a: Thundurus|Knock Off|p1a: Landorus-Therian
|-damage|p1a: Landorus-Therian|0 fnt
|-enditem|p1a: Landorus-Therian|Choice Scarf|[from] move: Knock Off|[of] p2a: Thundurus
|-damage|p2a: Thundurus|108\/344|[from] item: Life Orb
|faint|p1a: Landorus-Therian
|
|-weather|SunnyDay|[upkeep]
|
|switch|p1a: Kyurem-Black|Kyurem-Black|391\/391
|-damage|p1a: Kyurem-Black|294\/391|[from] Stealth Rock
|-ability|p1a: Kyurem-Black|Teravolt
|turn|15
|c| gay af|empoleon is certainly a favourite reverb...
|
|move|p1a: Kyurem-Black|Fusion Bolt|p2a: Thundurus
|-damage|p2a: Thundurus|0 fnt
|faint|p2a: Thundurus
|
|-weather|none
|c|âAppreciation|le scarf
|
|switch|p2a: Lucario|Lucario, M|281\/281
|-damage|p2a: Lucario|273\/281|[from] Stealth Rock
|turn|16
|
|switch|p1a: Charizard|Charizard-Mega-Y, F|150\/297
|-damage|p1a: Charizard|2\/297|[from] Stealth Rock
|-weather|SunnyDay
|move|p2a: Lucario|Close Combat|p1a: Charizard
|-resisted|p1a: Charizard
|-damage|p1a: Charizard|0 fnt
|-unboost|p2a: Lucario|def|1
|-unboost|p2a: Lucario|spd|1
|-damage|p2a: Lucario|245\/281|[from] item: Life Orb
|faint|p1a: Charizard
|
|-weather|SunnyDay|[upkeep]
|
|switch|p1a: Kyurem-Black|Kyurem-Black|294\/391
|-damage|p1a: Kyurem-Black|197\/391|[from] Stealth Rock
|-ability|p1a: Kyurem-Black|Teravolt
|turn|17
|
|switch|p2a: Latias|Latias, F|99\/301
|-damage|p2a: Latias|62\/301|[from] Stealth Rock
|move|p1a: Kyurem-Black|Earth Power|p2a: Latias
|-damage|p2a: Latias|0 fnt
|faint|p2a: Latias
|
|-weather|SunnyDay|[upkeep]
|
|switch|p2a: Politoed|Politoed, F|253\/383
|-damage|p2a: Politoed|206\/383|[from] Stealth Rock
|-weather|RainDance
|turn|18
|
|move|p1a: Kyurem-Black|Earth Power|p2a: Politoed
|-damage|p2a: Politoed|128\/383
|move|p2a: Politoed|Scald|p1a: Kyurem-Black
|-resisted|p1a: Kyurem-Black
|-damage|p1a: Kyurem-Black|122\/391
|
|-weather|RainDance|[upkeep]
|turn|19
|c|âReverb|gg
|
|move|p1a: Kyurem-Black|Earth Power|p2a: Politoed
|-crit|p2a: Politoed
|-damage|p2a: Politoed|0 fnt
|faint|p2a: Politoed
|
|-weather|RainDance|[upkeep]
|-message|Reverb forfeited.
|
|win|Appreciation
|raw|Ladder updating...
|raw|Reverb's rating: 1685 &rarr; <strong>1661<\/strong><br \/>(-24 for losing)
|raw|Appreciation's rating: 1610 &rarr; <strong>1634<\/strong><br \/>(+24 for winning)
|c|âAppreciation|gg