|join|Apedingo
|join|Reverb
|join|ryzed
|player|p1|Apedingo|242
|player|p2|Reverb|#reverb
|gametype|singles
|gen|6
|tier|OU
|rated
|clearpoke
|poke|p1|Landorus-Therian, M
|poke|p1|Metagross
|poke|p1|Azumarill, F
|poke|p1|Latios, M
|poke|p1|Tyranitar, M
|poke|p1|Magnezone
|poke|p2|Empoleon, M
|poke|p2|Tyranitar, M
|poke|p2|Charizard, M
|poke|p2|Keldeo
|poke|p2|Kyurem-Black
|poke|p2|Landorus-Therian, M
|rule|Swagger Clause: Swagger is banned
|rule|Baton Pass Clause: Limit one PokÃ©mon knowing Baton Pass
|rule|Sleep Clause Mod: Limit one foe put to sleep
|rule|Species Clause: Limit one of each PokÃ©mon
|rule|OHKO Clause: OHKO moves are banned
|rule|Moody Clause: Moody is banned
|rule|Evasion Moves Clause: Evasion moves are banned
|rule|Endless Battle Clause: Forcing endless battles is banned
|rule|HP Percentage Mod: HP is shown in percentages
|teampreview
|join|Kai Neahnung
|
|start
|switch|p1a: It's a trap|Magnezone|281\/281
|switch|p2a: Empoleon|Empoleon, M|371\/371
|turn|1
|join|akkeshi
|join|volcarno129
|leave|akkeshi
|join|Skysoki
|join|dedic
|join|LauReL
|
|move|p1a: It's a trap|Thunderbolt|p2a: Empoleon
|-supereffective|p2a: Empoleon
|-damage|p2a: Empoleon|57\/371
|move|p2a: Empoleon|Stealth Rock|p1a: It's a trap
|-sidestart|p1: Apedingo|move: Stealth Rock
|
|-heal|p2a: Empoleon|80\/371|[from] item: Leftovers
|turn|2
|join|Jefo
|
|move|p1a: It's a trap|Thunderbolt|p2a: Empoleon
|-supereffective|p2a: Empoleon
|-damage|p2a: Empoleon|0 fnt
|faint|p2a: Empoleon
|
|join|xTraSmallDick
|
|switch|p2a: Landorus-Therian|Landorus-Therian, M|327\/327
|-ability|p2a: Landorus-Therian|Intimidate|[of] p1a: It's a trap
|-unboost|p1a: It's a trap|atk|1
|turn|3
|
|switch|p1a: Fluffy Paws|Landorus-Therian, M|382\/382
|-damage|p1a: Fluffy Paws|335\/382|[from] Stealth Rock
|-ability|p1a: Fluffy Paws|Intimidate|[of] p2a: Landorus-Therian
|-unboost|p2a: Landorus-Therian|atk|1
|move|p2a: Landorus-Therian|U-turn|p1a: Fluffy Paws
|-resisted|p1a: Fluffy Paws
|-damage|p1a: Fluffy Paws|312\/382
|
|switch|p2a: Charizard|Charizard, M|297\/297
|
|-heal|p1a: Fluffy Paws|335\/382|[from] item: Leftovers
|turn|4
|
|switch|p1a: Damn Cute Bunny|Azumarill, F|401\/401
|-damage|p1a: Damn Cute Bunny|351\/401|[from] Stealth Rock
|detailschange|p2a: Charizard|Charizard-Mega-Y, M
|-mega|p2a: Charizard|Charizard|Charizardite Y
|-weather|SunnyDay
|move|p2a: Charizard|Flamethrower|p1a: Damn Cute Bunny
|-crit|p1a: Damn Cute Bunny
|-resisted|p1a: Damn Cute Bunny
|-damage|p1a: Damn Cute Bunny|177\/401
|
|-weather|SunnyDay|[upkeep]
|turn|5
|
|switch|p1a: Mr. Fancypants|Tyranitar, M|403\/403
|-damage|p1a: Mr. Fancypants|353\/403|[from] Stealth Rock
|-weather|Sandstorm
|move|p2a: Charizard|Flamethrower|p1a: Mr. Fancypants
|-resisted|p1a: Mr. Fancypants
|-damage|p1a: Mr. Fancypants|318\/403
|
|-weather|Sandstorm|[upkeep]
|-damage|p2a: Charizard|279\/297|[from] sandstorm
|turn|6
|
|switch|p2a: Keldeo|Keldeo|323\/323
|move|p1a: Mr. Fancypants|Crunch|p2a: Keldeo
|-resisted|p2a: Keldeo
|-damage|p2a: Keldeo|262\/323
|-boost|p2a: Keldeo|atk|1|[from] ability: Justified
|
|-weather|Sandstorm|[upkeep]
|-damage|p2a: Keldeo|242\/323|[from] sandstorm
|turn|7
|
|switch|p1a: Go Go Mike|Latios, M|301\/301
|-damage|p1a: Go Go Mike|264\/301|[from] Stealth Rock
|move|p2a: Keldeo|Scald|p1a: Go Go Mike
|-resisted|p1a: Go Go Mike
|-damage|p1a: Go Go Mike|171\/301
|
|-weather|Sandstorm|[upkeep]
|-damage|p1a: Go Go Mike|153\/301|[from] sandstorm
|-damage|p2a: Keldeo|222\/323|[from] sandstorm
|turn|8
|join|SenhorSweeper
|join|req'd by crobro
|leave|dedic
|
|move|p1a: Go Go Mike|Draco Meteor|p2a: Keldeo
|-damage|p2a: Keldeo|0 fnt
|-unboost|p1a: Go Go Mike|spa|2
|faint|p2a: Keldeo
|
|-weather|Sandstorm|[upkeep]
|-damage|p1a: Go Go Mike|135\/301|[from] sandstorm
|join|deoxys speed lol
|join|Padapos the retard
|
|switch|p2a: Landorus-Therian|Landorus-Therian, M|327\/327
|-ability|p2a: Landorus-Therian|Intimidate|[of] p1a: Go Go Mike
|-unboost|p1a: Go Go Mike|atk|1
|turn|9
|join|Prankster
|join|I Iike Squirtles
|
|switch|p1a: Fluffy Paws|Landorus-Therian, M|335\/382
|-damage|p1a: Fluffy Paws|288\/382|[from] Stealth Rock
|-ability|p1a: Fluffy Paws|Intimidate|[of] p2a: Landorus-Therian
|-unboost|p2a: Landorus-Therian|atk|1
|move|p2a: Landorus-Therian|U-turn|p1a: Fluffy Paws
|-crit|p1a: Fluffy Paws
|-resisted|p1a: Fluffy Paws
|-damage|p1a: Fluffy Paws|238\/382
|c| I Iike Squirtles|Padapos the retard joined lol
|
|switch|p2a: Charizard|Charizard-Mega-Y, M|279\/297
|-weather|SunnyDay
|
|-weather|SunnyDay|[upkeep]
|-heal|p1a: Fluffy Paws|261\/382|[from] item: Leftovers
|turn|10
|join|Outrageous Fortune
|leave|SenhorSweeper
|
|switch|p1a: Mr. Fancypants|Tyranitar, M|318\/403
|-damage|p1a: Mr. Fancypants|268\/403|[from] Stealth Rock
|-weather|Sandstorm
|move|p2a: Charizard|Flamethrower|p1a: Mr. Fancypants
|-resisted|p1a: Mr. Fancypants
|-damage|p1a: Mr. Fancypants|235\/403
|-status|p1a: Mr. Fancypants|brn
|
|-weather|Sandstorm|[upkeep]
|-damage|p2a: Charizard|261\/297|[from] sandstorm
|-damage|p1a: Mr. Fancypants|185\/403 brn|[from] brn
|turn|11
|join|PikachuCandy
|join|oml it's too ez
|c| Padapos the retard|what up squirt
|join|IAmGingy
|
|switch|p2a: Kyurem-Black|Kyurem-Black|391\/391
|-ability|p2a: Kyurem-Black|Teravolt
|move|p1a: Mr. Fancypants|Ice Beam|p2a: Kyurem-Black
|-damage|p2a: Kyurem-Black|306\/391
|
|-weather|Sandstorm|[upkeep]
|-damage|p2a: Kyurem-Black|282\/391|[from] sandstorm
|-damage|p1a: Mr. Fancypants|135\/403 brn|[from] brn
|turn|12
|leave|IAmGingy
|
|switch|p2a: Landorus-Therian|Landorus-Therian, M|327\/327
|-ability|p2a: Landorus-Therian|Intimidate|[of] p1a: Mr. Fancypants
|-unboost|p1a: Mr. Fancypants|atk|1
|move|p1a: Mr. Fancypants|Superpower|p2a: Landorus-Therian
|-resisted|p2a: Landorus-Therian
|-damage|p2a: Landorus-Therian|306\/327
|-unboost|p1a: Mr. Fancypants|atk|1
|-unboost|p1a: Mr. Fancypants|def|1
|
|-weather|Sandstorm|[upkeep]
|-damage|p1a: Mr. Fancypants|85\/403 brn|[from] brn
|turn|13
|c| I Iike Squirtles|tbh i think that padapos guy is a little retarded the things he says
|
|switch|p1a: Fluffy Paws|Landorus-Therian, M|261\/382
|-damage|p1a: Fluffy Paws|214\/382|[from] Stealth Rock
|-ability|p1a: Fluffy Paws|Intimidate|[of] p2a: Landorus-Therian
|-unboost|p2a: Landorus-Therian|atk|1
|move|p2a: Landorus-Therian|U-turn|p1a: Fluffy Paws
|-resisted|p1a: Fluffy Paws
|-damage|p1a: Fluffy Paws|190\/382
|
|switch|p2a: Charizard|Charizard-Mega-Y, M|261\/297
|-weather|SunnyDay
|
|-weather|SunnyDay|[upkeep]
|-heal|p1a: Fluffy Paws|213\/382|[from] item: Leftovers
|turn|14
|c| Padapos the retard|a little? its full blown mental retardation
|leave|oml it's too ez
|
|switch|p1a: Mr. Fancypants|Tyranitar, M|85\/403 brn
|-damage|p1a: Mr. Fancypants|35\/403 brn|[from] Stealth Rock
|-weather|Sandstorm
|move|p2a: Charizard|Flamethrower|p1a: Mr. Fancypants
|-resisted|p1a: Mr. Fancypants
|-damage|p1a: Mr. Fancypants|2\/403 brn
|
|-weather|Sandstorm|[upkeep]
|-damage|p2a: Charizard|243\/297|[from] sandstorm
|-damage|p1a: Mr. Fancypants|0 fnt|[from] brn
|faint|p1a: Mr. Fancypants
|c| I Iike Squirtles|haha
|
|switch|p1a: Go Go Mike|Latios, M|135\/301
|-damage|p1a: Go Go Mike|98\/301|[from] Stealth Rock
|turn|15
|join|lil manaphy
|
|move|p1a: Go Go Mike|Draco Meteor|p2a: Charizard
|-damage|p2a: Charizard|0 fnt
|-unboost|p1a: Go Go Mike|spa|2
|faint|p2a: Charizard
|
|-weather|Sandstorm|[upkeep]
|-damage|p1a: Go Go Mike|80\/301|[from] sandstorm
|leave|PikachuCandy
|
|switch|p2a: Landorus-Therian|Landorus-Therian, M|306\/327
|-ability|p2a: Landorus-Therian|Intimidate|[of] p1a: Go Go Mike
|-unboost|p1a: Go Go Mike|atk|1
|turn|16
|
|switch|p1a: Fluffy Paws|Landorus-Therian, M|213\/382
|-damage|p1a: Fluffy Paws|166\/382|[from] Stealth Rock
|-ability|p1a: Fluffy Paws|Intimidate|[of] p2a: Landorus-Therian
|-unboost|p2a: Landorus-Therian|atk|1
|move|p2a: Landorus-Therian|U-turn|p1a: Fluffy Paws
|-resisted|p1a: Fluffy Paws
|-damage|p1a: Fluffy Paws|141\/382
|
|switch|p2a: Kyurem-Black|Kyurem-Black|282\/391
|-ability|p2a: Kyurem-Black|Teravolt
|
|-weather|Sandstorm|[upkeep]
|-damage|p2a: Kyurem-Black|258\/391|[from] sandstorm
|-heal|p1a: Fluffy Paws|164\/382|[from] item: Leftovers
|turn|17
|
|switch|p1a: AWESOM-O 4000|Metagross|301\/301
|-damage|p1a: AWESOM-O 4000|283\/301|[from] Stealth Rock
|move|p2a: Kyurem-Black|Ice Beam|p1a: AWESOM-O 4000
|-resisted|p1a: AWESOM-O 4000
|-damage|p1a: AWESOM-O 4000|211\/301
|
|-weather|Sandstorm|[upkeep]
|-damage|p2a: Kyurem-Black|234\/391|[from] sandstorm
|turn|18
|-message|Reverb forfeited.
|leave|Reverb
|
|win|Apedingo
|raw|Ladder updating...
|player|p2
|raw|Apedingo's rating: 1673 &rarr; <strong>1692<\/strong><br \/>(+19 for winning)
|raw|Reverb's rating: 1652 &rarr; <strong>1633<\/strong><br \/>(-19 for losing)