|join|Reverb
|join|leremyju
|c|âleremyju|wat is this lag
|player|p1|Reverb|#reverb
|player|p2|leremyju|29
|gametype|singles
|gen|6
|tier|OU
|clearpoke
|poke|p1|Raikou
|poke|p1|Slowbro, M
|poke|p1|Excadrill, M
|poke|p1|Charizard, F
|poke|p1|Landorus-Therian, M
|poke|p1|Chesnaught, F
|poke|p2|Crawdaunt, F
|poke|p2|Tyranitar, M
|poke|p2|Thundurus, M
|poke|p2|Hippowdon, F
|poke|p2|Scizor, M
|poke|p2|Tangrowth, F
|rule|Swagger Clause: Swagger is banned
|rule|Baton Pass Clause: Limit one PokÃ©mon knowing Baton Pass
|rule|Sleep Clause Mod: Limit one foe put to sleep
|rule|Species Clause: Limit one of each PokÃ©mon
|rule|OHKO Clause: OHKO moves are banned
|rule|Moody Clause: Moody is banned
|rule|Evasion Moves Clause: Evasion moves are banned
|rule|Endless Battle Clause: Forcing endless battles is banned
|rule|HP Percentage Mod: HP is shown in percentages
|teampreview
|c|âleremyju|cant see anything
|c|âReverb|how about now?
|c|âleremyju|umm it works
|c|âReverb|kk
|join|haunter
|join|Fedayi
|join|Dread Arceus
|join|schtroumpf grognon
|
|start
|switch|p1a: jellohotdogftw|Landorus-Therian, M|365\/365
|switch|p2a: Andre Iguodala|Thundurus, M|304\/304
|-ability|p1a: jellohotdogftw|Intimidate|[of] p2a: Andre Iguodala
|-unboost|p2a: Andre Iguodala|atk|1
|turn|1
|join|RedKingAlmighty
|
|switch|p2a: Draymond Green|Hippowdon, F|416\/416
|-weather|Sandstorm
|switch|p1a: shockvalue|Raikou|321\/321
|-ability|p1a: shockvalue|Pressure
|
|-weather|Sandstorm|[upkeep]
|-damage|p1a: shockvalue|301\/321|[from] sandstorm
|turn|2
|
|switch|p1a: jellohotdogftw|Landorus-Therian, M|365\/365
|-ability|p1a: jellohotdogftw|Intimidate|[of] p2a: Draymond Green
|-unboost|p2a: Draymond Green|atk|1
|move|p2a: Draymond Green|Stealth Rock|p1a: jellohotdogftw
|-sidestart|p1: Reverb|move: Stealth Rock
|
|-weather|Sandstorm|[upkeep]
|turn|3
|
|switch|p2a: Steph Curry|Scizor, M|343\/343
|move|p1a: jellohotdogftw|Stealth Rock|p2a: Steph Curry
|-sidestart|p2: leremyju|move: Stealth Rock
|
|-weather|Sandstorm|[upkeep]
|turn|4
|join|Inflikted
|
|detailschange|p2a: Steph Curry|Scizor-Mega, M
|-mega|p2a: Steph Curry|Scizor|Scizorite
|move|p1a: jellohotdogftw|U-turn|p2a: Steph Curry
|-resisted|p2a: Steph Curry
|-damage|p2a: Steph Curry|319\/343
|leave|Inflikted
|
|switch|p1a: brownentertainment|Excadrill, M|420\/420
|-damage|p1a: brownentertainment|407\/420|[from] Stealth Rock
|-ability|p1a: brownentertainment|Mold Breaker
|move|p2a: Steph Curry|Knock Off|p1a: brownentertainment
|-damage|p1a: brownentertainment|248\/420
|-enditem|p1a: brownentertainment|Leftovers|[from] move: Knock Off|[of] p2a: Steph Curry
|
|-weather|Sandstorm|[upkeep]
|turn|5
|join|CleanerThanRotom-W
|
|move|p1a: brownentertainment|Rapid Spin|p2a: Steph Curry
|-resisted|p2a: Steph Curry
|-damage|p2a: Steph Curry|312\/343
|-sideend|p1: Reverb|Stealth Rock|[from] move: Rapid Spin|[of] p1a: brownentertainment
|move|p2a: Steph Curry|Swords Dance|p2a: Steph Curry
|-boost|p2a: Steph Curry|atk|2
|
|-weather|none
|turn|6
|c| RedKingAlmighty|what is this SD defog?
|c|âleremyju|idk shitty ass team WECAR gave me
|
|switch|p1a: chimpladdin|Chesnaught, F|380\/380
|move|p2a: Steph Curry|Knock Off|p1a: chimpladdin
|-resisted|p1a: chimpladdin
|-damage|p1a: chimpladdin|312\/380
|-enditem|p1a: chimpladdin|Leftovers|[from] move: Knock Off|[of] p2a: Steph Curry
|
|turn|7
|join|Demandred
|c| RedKingAlmighty|i love how all of both team's win conditions have their primary walls on the others team.
|
|switch|p2a: Andre Iguodala|Thundurus, M|304\/304
|-damage|p2a: Andre Iguodala|228\/304|[from] Stealth Rock
|move|p1a: chimpladdin|Spikes|p2a: Andre Iguodala
|-sidestart|p2: leremyju|Spikes
|
|-heal|p2a: Andre Iguodala|247\/304|[from] item: Leftovers
|turn|8
|join|Numera
|
|switch|p2a: Draymond Green|Hippowdon, F|416\/416
|-damage|p2a: Draymond Green|364\/416|[from] Spikes
|-damage|p2a: Draymond Green|338\/416|[from] Stealth Rock
|-weather|Sandstorm
|switch|p1a: shockvalue|Raikou|301\/321
|-ability|p1a: shockvalue|Pressure
|
|-weather|Sandstorm|[upkeep]
|-damage|p1a: shockvalue|281\/321|[from] sandstorm
|-heal|p2a: Draymond Green|364\/416|[from] item: Leftovers
|turn|9
|
|switch|p1a: chimpladdin|Chesnaught, F|312\/380
|move|p2a: Draymond Green|Stealth Rock|p1a: chimpladdin
|-sidestart|p1: Reverb|move: Stealth Rock
|
|-weather|Sandstorm|[upkeep]
|-damage|p1a: chimpladdin|289\/380|[from] sandstorm
|-heal|p2a: Draymond Green|390\/416|[from] item: Leftovers
|turn|10
|c| Numera|lol did you take advice from WCAR?
|c|âleremyju|sadly
|c| RedKingAlmighty|like charizard x -> hippo, thundurus -> raikou, crawdaunt-> chesnaught
|c| Numera|The guy who made that shitty ass gren post that somehow got likes and was anti ban mence?
|
|switch|p2a: Andre Iguodala|Thundurus, M|247\/304
|-damage|p2a: Andre Iguodala|171\/304|[from] Stealth Rock
|move|p1a: chimpladdin|Spikes|p2a: Andre Iguodala
|-sidestart|p2: leremyju|Spikes
|
|-weather|Sandstorm|[upkeep]
|-damage|p2a: Andre Iguodala|152\/304|[from] sandstorm
|-damage|p1a: chimpladdin|266\/380|[from] sandstorm
|-heal|p2a: Andre Iguodala|171\/304|[from] item: Leftovers
|turn|11
|c| Numera|mistake, man
|c| RedKingAlmighty|Wcar is like
|c| Numera|big mistake
|c| RedKingAlmighty|the new milly
|c|âleremyju|fk dis i cant win
|c| Numera|at least WCAR's a nice guy
|join|RayDalio
|
|switch|p1a: shockvalue|Raikou|281\/321
|-damage|p1a: shockvalue|241\/321|[from] Stealth Rock
|-ability|p1a: shockvalue|Pressure
|move|p2a: Andre Iguodala|Thunderbolt|p1a: shockvalue
|-resisted|p1a: shockvalue
|-damage|p1a: shockvalue|187\/321
|
|-weather|Sandstorm|[upkeep]
|-damage|p1a: shockvalue|167\/321|[from] sandstorm
|-damage|p2a: Andre Iguodala|152\/304|[from] sandstorm
|-heal|p2a: Andre Iguodala|171\/304|[from] item: Leftovers
|turn|12
|join|Der Twist
|c| RedKingAlmighty|he's cool and a great battler but sometimes i feel like he wears a tinfoil hat
|c| Numera|oh yeah he can battle
|c| Numera|he just cant put it into words
|c| Numera|lol that gren post
|leave|Der Twist
|c|âReverb|numera
|c|âReverb|not his faault
|c|âReverb|wcar is asian
|c|âleremyju|wuts that supposed to mean
|c|âReverb|there's no expectation he should be smart
|c|âReverb|~_~
|join|FUQ GLISCORE
|join|JelloBoy33
|c|âleremyju|the team i rode the entire tourney would have done better -___-
|join|Riful the Zangoose
|c| Numera|Reverb, in life one should strive to exceed expectations
|
|switch|p2a: Andrew Bogut|Tangrowth, F|403\/403
|-damage|p2a: Andrew Bogut|353\/403|[from] Stealth Rock
|-damage|p2a: Andrew Bogut|286\/403|[from] Spikes
|move|p1a: shockvalue|Volt Switch|p2a: Andrew Bogut
|-resisted|p2a: Andrew Bogut
|-damage|p2a: Andrew Bogut|238\/403
|c|âleremyju|i cant win
|
|switch|p1a: chimpladdin|Chesnaught, F|266\/380
|-damage|p1a: chimpladdin|243\/380|[from] Stealth Rock
|
|-weather|none
|turn|13
|c|âleremyju|ofc you run spikes
|c|âleremyju|and i dont have a defogger
|
|move|p1a: chimpladdin|Spikes|p2a: Andrew Bogut
|-sidestart|p2: leremyju|Spikes
|move|p2a: Andrew Bogut|Hidden Power|p1a: chimpladdin
|-supereffective|p1a: chimpladdin
|-damage|p1a: chimpladdin|127\/380
|
|turn|14
|c|âleremyju|i must pull through like tele
|c|âReverb|first battle with this team
|c|âReverb|i took it from chimpact's POTW
|join|hi im hunter
|
|switch|p1a: brownentertainment|Excadrill, M|248\/420
|-damage|p1a: brownentertainment|235\/420|[from] Stealth Rock
|-ability|p1a: brownentertainment|Mold Breaker
|move|p2a: Andrew Bogut|Hidden Power|p1a: brownentertainment
|-damage|p1a: brownentertainment|186\/420
|
|turn|15
|join|jolird
|c|âleremyju|I might be outmatched, outsized, the underdog in the fight of my life
|c| Numera|what's worse, the shameless team thief or the guy who took advice from WCAR
|c|âleremyju|Is it so crazy to believe
|
|move|p1a: brownentertainment|Rapid Spin|p2a: Andrew Bogut
|-damage|p2a: Andrew Bogut|223\/403
|-sideend|p1: Reverb|Stealth Rock|[from] move: Rapid Spin|[of] p1a: brownentertainment
|move|p2a: Andrew Bogut|Earthquake|p1a: brownentertainment
|-supereffective|p1a: brownentertainment
|-damage|p1a: brownentertainment|0 fnt
|faint|p1a: brownentertainment
|
|c|âleremyju|That You gave me the stars put them out of my reach
|
|switch|p1a: forblaze|Charizard, F|311\/311
|turn|16
|c|âleremyju|Called me to waters a little too deep
|c| Numera|then again, not everyone can teambuild
|c| Numera|so maybe being a shameless team thief isn't that bad
|c|âReverb|i can
|c|âReverb|but he watched me battle all this week lol
|c|âReverb|i let him
|c|âReverb|~_~
|c|âReverb|so he saw all my teams
|join|Barge7799
|c| schtroumpf grognon|"all"
|c| Numera|wow
|c| Numera|chimp bein a spy
|join|Hellochi
|c| Numera|tryna get people to ct you imo
|join|Michele Misseri
|join|73510a
|c| jolird|who needs team building?
|c| jolird|just copy and become top 10
|c| JelloBoy33|Lol.
|c| jolird|easy
|leave|73510a
|c| Numera|Joey because he can't do it alone
|c| RedKingAlmighty|yeah just go like wishkiller style
|c| Numera|:[
|
|switch|p2a: Draymond Green|Hippowdon, F|390\/416
|-damage|p2a: Draymond Green|286\/416|[from] Spikes
|-damage|p2a: Draymond Green|260\/416|[from] Stealth Rock
|-weather|Sandstorm
|detailschange|p1a: forblaze|Charizard-Mega-X, F
|-mega|p1a: forblaze|Charizard|Charizardite X
|move|p1a: forblaze|Flare Blitz|p2a: Draymond Green
|-damage|p2a: Draymond Green|50\/416
|-damage|p1a: forblaze|242\/311|[from] recoil|[of] p2a: Draymond Green
|
|-weather|Sandstorm|[upkeep]
|-damage|p1a: forblaze|223\/311|[from] sandstorm
|-heal|p2a: Draymond Green|76\/416|[from] item: Leftovers
|turn|17
|c| RedKingAlmighty|rely on luck
|join|Professional 01
|
|move|p1a: forblaze|Dragon Claw|p2a: Draymond Green
|-damage|p2a: Draymond Green|0 fnt
|faint|p2a: Draymond Green
|
|-weather|Sandstorm|[upkeep]
|-damage|p1a: forblaze|204\/311|[from] sandstorm
|c|âleremyju|yolo swag 420blazeit
|
|switch|p2a: Harrison Barnes|Tyranitar, M|386\/386
|-damage|p2a: Harrison Barnes|290\/386|[from] Spikes
|-damage|p2a: Harrison Barnes|242\/386|[from] Stealth Rock
|turn|18
|c| RedKingAlmighty|man
|c| RedKingAlmighty|being volc with all hazards up
|c| RedKingAlmighty|must suck
|join|where is my phone
|leave|CleanerThanRotom-W
|join|MetaForce
|c| Numera|wouldn't be able to come in on jack fucking shit
|c| Hellochi|lol 25% on switch
|c|âleremyju|ok fk dis i need to hit 2 stone edges
|c|âleremyju|which i cant
|
|switch|p1a: chimpladdin|Chesnaught, F|127\/380
|move|p2a: Harrison Barnes|Stone Edge|p1a: chimpladdin
|-resisted|p1a: chimpladdin
|-damage|p1a: chimpladdin|37\/380
|
|-weather|Sandstorm|[upkeep]
|-damage|p1a: chimpladdin|14\/380|[from] sandstorm
|turn|19
|c| Professional 01|believe in yourself
|c| RedKingAlmighty|u can do ittt
|c| Professional 01|believe in that t-tar
|c|âleremyju|reverb
|c|âleremyju|u like lil manaphy
|c| Numera|RKA are you Riki all of a sudden
|c| RedKingAlmighty|BELIEVE IN THE HEART OF THE CARDS
|c|âleremyju|im inside ur head
|c| Numera|Reverb has a massive crush on that gurl
|c| RedKingAlmighty|i have no idea who riki is.
|c| Numera|imo
|
|move|p2a: Harrison Barnes|Stone Edge|p1a: chimpladdin
|-resisted|p1a: chimpladdin
|-damage|p1a: chimpladdin|0 fnt
|faint|p1a: chimpladdin
|
|-weather|Sandstorm|[upkeep]
|c|âleremyju|dats right
|c| Professional 01|T-TAR COMING THLUU
|c| Numera|THE CUTEST NOPON OF ALL
|c|âleremyju|dats what im talkin about
|c| Hellochi|luckE
|c| RedKingAlmighty|crawdauny
|c| RedKingAlmighty|crawdaunt
|c| RedKingAlmighty|now has 0 walls
|
|switch|p1a: jellohotdogftw|Landorus-Therian, M|365\/365
|-ability|p1a: jellohotdogftw|Intimidate|[of] p2a: Harrison Barnes
|-unboost|p2a: Harrison Barnes|atk|1
|turn|20
|leave|JelloBoy33
|c| RedKingAlmighty|that is, if it can actually get on the field lol
|c| Numera|Reverb has a crush on lil mana but is also with Unbirthday at the same time which is why she's missing
|
|move|p1a: jellohotdogftw|Earthquake|p2a: Harrison Barnes
|-supereffective|p2a: Harrison Barnes
|-damage|p2a: Harrison Barnes|0 fnt
|faint|p2a: Harrison Barnes
|
|-weather|none
|c| Numera|stuck in his basement
|c|âleremyju|reveb u drunk?
|c|âReverb|nope
|c|âleremyju|im killing u now
|c|âReverb|it's 4 in the afternoon
|
|switch|p2a: Klay Thompson|Crawdaunt, F|267\/267
|-damage|p2a: Klay Thompson|201\/267|[from] Spikes
|-damage|p2a: Klay Thompson|168\/267|[from] Stealth Rock
|turn|21
|join|Pingo97
|c|âleremyju|im inside ur head
|c|âleremyju|u know it
|
|move|p1a: jellohotdogftw|Earthquake|p2a: Klay Thompson
|-damage|p2a: Klay Thompson|0 fnt
|faint|p2a: Klay Thompson
|
|c|âleremyju|ok fk dis shit
|c| RedKingAlmighty|like maybe
|c| RedKingAlmighty|mayybe
|c| Numera|Reverb's mind is like a more fucked up version of Magicant minus the flying men and plus lil manaphy
|c| RedKingAlmighty|if u had kept hazards off the field
|c| Professional 01|i mean
|
|switch|p2a: Steph Curry|Scizor-Mega, M|312\/343
|-damage|p2a: Steph Curry|270\/343|[from] Stealth Rock
|-damage|p2a: Steph Curry|185\/343|[from] Spikes
|turn|22
|c| RedKingAlmighty|right here
|c|âleremyju|wcar is a shitty ass teambuilder
|c| Numera|imo
|c| Professional 01|thundurus
|c| RedKingAlmighty|u could have used SR
|c| Professional 01|was free switch all day
|leave|Pingo97
|
|move|p1a: jellohotdogftw|U-turn|p2a: Steph Curry
|-crit|p2a: Steph Curry
|-resisted|p2a: Steph Curry
|-damage|p2a: Steph Curry|149\/343
|c|âleremyju|thundurus cant do bull crap
|c| RedKingAlmighty|thundurus is momentum bait for raikou
|c| RedKingAlmighty|lol
|join|Flamen phantasiae
|
|switch|p1a: forblaze|Charizard-Mega-X, F|204\/311
|move|p2a: Steph Curry|Roost|p2a: Steph Curry
|-heal|p2a: Steph Curry|321\/343
|
|turn|23
|c|âleremyju|i lost cuz hazards
|c| RedKingAlmighty|wait
|c| RedKingAlmighty|do u not
|c|âleremyju|killed me
|c| RedKingAlmighty|have hazard removal?
|c|âleremyju|ofc not
|c| RedKingAlmighty|...
|
|move|p1a: forblaze|Roost|p1a: forblaze
|-heal|p1a: forblaze|311\/311
|move|p2a: Steph Curry|Knock Off|p1a: forblaze
|-damage|p1a: forblaze|245\/311
|
|turn|24
|c| Professional 01|lel
|c|âleremyju|i was just praying
|c| Numera|this is WCAR
|c|âleremyju|there would be no spikes
|leave|Numera
|c| RedKingAlmighty|thats only usable when you have some form of hazard denial lol
|c|âleremyju|fkn wecar giving me shitty ass team
|join|Laudren
|
|move|p1a: forblaze|Flare Blitz|p2a: Steph Curry
|-supereffective|p2a: Steph Curry
|-damage|p2a: Steph Curry|0 fnt
|-damage|p1a: forblaze|139\/311|[from] recoil|[of] p2a: Steph Curry
|faint|p2a: Steph Curry
|
|c|âleremyju|tell that to wcar
|leave|hi im hunter
|join|4d0pt3d
|c| Professional 01|u went to 1400
|c|âleremyju|gg
|c| Professional 01|no spikes?
|
|switch|p2a: Andrew Bogut|Tangrowth, F|357\/403
|-damage|p2a: Andrew Bogut|307\/403|[from] Stealth Rock
|-damage|p2a: Andrew Bogut|207\/403|[from] Spikes
|turn|25
|c|âleremyju|u still like lil manaphy
|
|move|p1a: forblaze|Flare Blitz|p2a: Andrew Bogut
|-crit|p2a: Andrew Bogut
|-supereffective|p2a: Andrew Bogut
|-damage|p2a: Andrew Bogut|0 fnt
|-damage|p1a: forblaze|71\/311|[from] recoil|[of] p2a: Andrew Bogut
|faint|p2a: Andrew Bogut
|
|c|âleremyju|the biggest game of my short career and i fked up
|c|âReverb|been there
|c|âReverb|nbd
|join|DragonPower0210
|c| 4d0pt3d|DID REVERB GIVE UP ON EMP?
|
|switch|p2a: Andre Iguodala|Thundurus, M|171\/304
|-damage|p2a: Andre Iguodala|95\/304|[from] Stealth Rock
|turn|26
|leave|Professional 01
|
|move|p2a: Andre Iguodala|Thunder Wave|p1a: forblaze
|-status|p1a: forblaze|par
|move|p1a: forblaze|Flare Blitz|p2a: Andre Iguodala
|-damage|p2a: Andre Iguodala|0 fnt
|-damage|p1a: forblaze|40\/311 par|[from] recoil|[of] p2a: Andre Iguodala
|faint|p2a: Andre Iguodala
|
|win|Reverb
|c|âReverb|gg
|leave|haunter
|leave|schtroumpf grognon
|c|âleremyju|gg
|leave|4d0pt3d
|leave|Flamen phantasiae
|leave|Laudren
|join|CleanerThanRotom-W