|join|Reverb
|join|fzappa
|player|p1|Reverb|#reverb
|player|p2|fzappa|2
|gametype|singles
|gen|6
|tier|OU
|rated
|clearpoke
|poke|p1|Lopunny, M
|poke|p1|Celebi
|poke|p1|Tyranitar, F
|poke|p1|Keldeo
|poke|p1|Landorus-Therian, M
|poke|p1|Empoleon, F
|poke|p2|Manaphy
|poke|p2|Scizor, M
|poke|p2|Thundurus, M
|poke|p2|Landorus-Therian, M
|poke|p2|Hydreigon, F
|poke|p2|Diggersby, M
|rule|Swagger Clause: Swagger is banned
|rule|Baton Pass Clause: Limit one PokÃ©mon knowing Baton Pass
|rule|Sleep Clause Mod: Limit one foe put to sleep
|rule|Species Clause: Limit one of each PokÃ©mon
|rule|OHKO Clause: OHKO moves are banned
|rule|Moody Clause: Moody is banned
|rule|Evasion Moves Clause: Evasion moves are banned
|rule|Endless Battle Clause: Forcing endless battles is banned
|rule|HP Percentage Mod: HP is shown in percentages
|teampreview
|join|Escavalier
|join|Alvok
|join|ryzed
|
|start
|switch|p1a: Lopunny|Lopunny, M|271\/271
|switch|p2a: Landorus-Therian|Landorus-Therian, M|381\/381
|-ability|p2a: Landorus-Therian|Intimidate|[of] p1a: Lopunny
|-unboost|p1a: Lopunny|atk|1
|turn|1
|join|The TurtleLord
|
|switch|p1a: Keldeo|Keldeo|323\/323
|move|p2a: Landorus-Therian|Earthquake|p1a: Keldeo
|-damage|p1a: Keldeo|131\/323
|
|turn|2
|join|I Iike Squirtles
|join|Apathos
|
|move|p1a: Keldeo|Scald|p2a: Landorus-Therian
|-supereffective|p2a: Landorus-Therian
|-damage|p2a: Landorus-Therian|0 fnt
|faint|p2a: Landorus-Therian
|
|
|switch|p2a: Manaphy|Manaphy|365\/365
|turn|3
|join|Tom Bus
|
|switch|p1a: Empoleon|Empoleon, F|371\/371
|move|p2a: Manaphy|U-turn|p1a: Empoleon
|-resisted|p1a: Empoleon
|-damage|p1a: Empoleon|353\/371
|
|switch|p2a: Diggersby|Diggersby, M|311\/311
|
|-heal|p1a: Empoleon|371\/371|[from] item: Leftovers
|turn|4
|
|switch|p1a: Landorus-Therian|Landorus-Therian, M|327\/327
|-ability|p1a: Landorus-Therian|Intimidate|[of] p2a: Diggersby
|-unboost|p2a: Diggersby|atk|1
|move|p2a: Diggersby|Earthquake|p1a: Landorus-Therian
|-immune|p1a: Landorus-Therian|[msg]
|
|turn|5
|
|move|p1a: Landorus-Therian|U-turn|p2a: Diggersby
|-crit|p2a: Diggersby
|-damage|p2a: Diggersby|139\/311
|join|xTraSmallDick
|
|switch|p1a: Keldeo|Keldeo|131\/323
|move|p2a: Diggersby|Earthquake|p1a: Keldeo
|-damage|p1a: Keldeo|0 fnt
|-damage|p2a: Diggersby|108\/311|[from] item: Life Orb
|faint|p1a: Keldeo
|
|
|switch|p1a: Landorus-Therian|Landorus-Therian, M|327\/327
|-ability|p1a: Landorus-Therian|Intimidate|[of] p2a: Diggersby
|-unboost|p2a: Diggersby|atk|1
|turn|6
|
|switch|p2a: Thundurus|Thundurus, M|299\/299
|move|p1a: Landorus-Therian|U-turn|p2a: Thundurus
|-resisted|p2a: Thundurus
|-damage|p2a: Thundurus|236\/299
|
|switch|p1a: Celebi|Celebi|404\/404
|
|-heal|p2a: Thundurus|254\/299|[from] item: Leftovers
|turn|7
|
|move|p2a: Thundurus|Hidden Power|p1a: Celebi
|-supereffective|p1a: Celebi
|-damage|p1a: Celebi|306\/404
|move|p1a: Celebi|Baton Pass|p1a: Celebi
|join|Bic Wahn
|
|switch|p1a: Tyranitar|Tyranitar, F|383\/383
|-weather|Sandstorm
|
|-weather|Sandstorm|[upkeep]
|-damage|p2a: Thundurus|236\/299|[from] sandstorm
|-heal|p2a: Thundurus|254\/299|[from] item: Leftovers
|turn|8
|
|move|p2a: Thundurus|Volt Switch|p1a: Tyranitar
|-damage|p1a: Tyranitar|307\/383
|join|Bloodz
|
|switch|p2a: Scizor|Scizor, M|343\/343
|move|p1a: Tyranitar|Crunch|p2a: Scizor
|-damage|p2a: Scizor|111\/343
|
|-weather|Sandstorm|[upkeep]
|turn|9
|leave|The TurtleLord
|
|detailschange|p2a: Scizor|Scizor-Mega, M
|-mega|p2a: Scizor|Scizor|Scizorite
|move|p1a: Tyranitar|Crunch|p2a: Scizor
|-damage|p2a: Scizor|0 fnt
|faint|p2a: Scizor
|
|-weather|Sandstorm|[upkeep]
|join|Touymato
|
|switch|p2a: Diggersby|Diggersby, M|108\/311
|turn|10
|c| ryzed|band with speed ? o_O
|
|switch|p1a: Landorus-Therian|Landorus-Therian, M|327\/327
|-ability|p1a: Landorus-Therian|Intimidate|[of] p2a: Diggersby
|-unboost|p2a: Diggersby|atk|1
|move|p2a: Diggersby|U-turn|p1a: Landorus-Therian
|-resisted|p1a: Landorus-Therian
|-damage|p1a: Landorus-Therian|279\/327
|-damage|p2a: Diggersby|77\/311|[from] item: Life Orb
|c| Escavalier|no just a slowass zor
|
|switch|p2a: Hydreigon|Hydreigon, F|325\/325
|
|-weather|Sandstorm|[upkeep]
|-damage|p2a: Hydreigon|305\/325|[from] sandstorm
|turn|11
|c|âReverb|it has speed
|
|switch|p1a: Empoleon|Empoleon, F|371\/371
|move|p2a: Hydreigon|Dark Pulse|p1a: Empoleon
|-damage|p1a: Empoleon|232\/371
|
|-weather|none
|-heal|p1a: Empoleon|255\/371|[from] item: Leftovers
|turn|12
|c| Escavalier|yes but all banded ttars have a lil speed
|
|move|p2a: Hydreigon|Dark Pulse|p1a: Empoleon
|-crit|p1a: Empoleon
|-damage|p1a: Empoleon|44\/371
|move|p1a: Empoleon|Stealth Rock|p2a: Hydreigon
|-sidestart|p2: fzappa|move: Stealth Rock
|
|-heal|p1a: Empoleon|67\/371|[from] item: Leftovers
|turn|13
|
|switch|p2a: Diggersby|Diggersby, M|77\/311
|-damage|p2a: Diggersby|58\/311|[from] Stealth Rock
|move|p1a: Empoleon|Scald|p2a: Diggersby
|-supereffective|p2a: Diggersby
|-damage|p2a: Diggersby|0 fnt
|faint|p2a: Diggersby
|
|-heal|p1a: Empoleon|90\/371|[from] item: Leftovers
|c| Escavalier|not enough that they should be outspeeding zors
|
|switch|p2a: Manaphy|Manaphy|365\/365
|-damage|p2a: Manaphy|320\/365|[from] Stealth Rock
|turn|14
|
|move|p2a: Manaphy|Scald|p1a: Empoleon
|-resisted|p1a: Empoleon
|-damage|p1a: Empoleon|35\/371
|move|p1a: Empoleon|Roar|p2a: Manaphy
|drag|p2a: Hydreigon|Hydreigon, F|305\/325
|-damage|p2a: Hydreigon|265\/325|[from] Stealth Rock
|
|-heal|p1a: Empoleon|58\/371|[from] item: Leftovers
|turn|15
|
|move|p2a: Hydreigon|Dark Pulse|p1a: Empoleon
|-damage|p1a: Empoleon|0 fnt
|faint|p1a: Empoleon
|
|
|switch|p1a: Lopunny|Lopunny, M|271\/271
|turn|16
|
|detailschange|p1a: Lopunny|Lopunny-Mega, M
|-mega|p1a: Lopunny|Lopunny|Lopunnite
|move|p2a: Hydreigon|Dark Pulse|p1a: Lopunny
|-resisted|p1a: Lopunny
|-damage|p1a: Lopunny|195\/271
|move|p1a: Lopunny|High Jump Kick|p2a: Hydreigon
|-supereffective|p2a: Hydreigon
|-damage|p2a: Hydreigon|0 fnt
|faint|p2a: Hydreigon
|
|
|switch|p2a: Thundurus|Thundurus, M|254\/299
|-damage|p2a: Thundurus|180\/299|[from] Stealth Rock
|turn|17
|join|Mistaken
|
|switch|p1a: Celebi|Celebi|306\/404
|move|p2a: Thundurus|Thunder Wave|p1a: Celebi
|-status|p1a: Celebi|par
|
|-heal|p2a: Thundurus|198\/299|[from] item: Leftovers
|-heal|p1a: Celebi|331\/404 par|[from] item: Leftovers
|turn|18
|
|move|p2a: Thundurus|Hidden Power|p1a: Celebi
|-supereffective|p1a: Celebi
|-damage|p1a: Celebi|223\/404 par
|cant|p1a: Celebi|par
|
|-heal|p2a: Thundurus|216\/299|[from] item: Leftovers
|-heal|p1a: Celebi|248\/404 par|[from] item: Leftovers
|turn|19
|
|switch|p1a: Tyranitar|Tyranitar, F|307\/383
|-weather|Sandstorm
|move|p2a: Thundurus|Taunt|p1a: Tyranitar
|-start|p1a: Tyranitar|move: Taunt
|
|-weather|Sandstorm|[upkeep]
|-damage|p2a: Thundurus|198\/299|[from] sandstorm
|-heal|p2a: Thundurus|216\/299|[from] item: Leftovers
|turn|20
|
|move|p2a: Thundurus|Hidden Power|p1a: Tyranitar
|-damage|p1a: Tyranitar|263\/383
|move|p1a: Tyranitar|Crunch|p2a: Thundurus
|-damage|p2a: Thundurus|0 fnt
|faint|p2a: Thundurus
|
|-weather|Sandstorm|[upkeep]
|
|switch|p2a: Manaphy|Manaphy|320\/365
|-damage|p2a: Manaphy|275\/365|[from] Stealth Rock
|turn|21
|
|move|p2a: Manaphy|Scald|p1a: Tyranitar
|-supereffective|p1a: Tyranitar
|-damage|p1a: Tyranitar|113\/383
|move|p1a: Tyranitar|Crunch|p2a: Manaphy
|-damage|p2a: Manaphy|16\/365
|
|-weather|Sandstorm|[upkeep]
|-damage|p2a: Manaphy|0 fnt|[from] sandstorm
|faint|p2a: Manaphy
|
|win|Reverb
|raw|Ladder updating...
|raw|Reverb's rating: 1734 &rarr; <strong>1755<\/strong><br \/>(+21 for winning)
|raw|fzappa's rating: 1743 &rarr; <strong>1722<\/strong><br \/>(-21 for losing)
|c|âReverb|gg
|leave|Escavalier
|leave|Bic Wahn