|join|Reverb
|join|Apedingo
|player|p1|Reverb|#reverb
|player|p2|Apedingo|242
|gametype|singles
|gen|6
|tier|OU
|rated
|clearpoke
|poke|p1|Lopunny, F
|poke|p1|Celebi
|poke|p1|Tyranitar, M
|poke|p1|Keldeo
|poke|p1|Landorus-Therian, M
|poke|p1|Empoleon, F
|poke|p2|Landorus-Therian, M
|poke|p2|Metagross
|poke|p2|Azumarill, F
|poke|p2|Latios, M
|poke|p2|Tyranitar, M
|poke|p2|Magnezone
|rule|Swagger Clause: Swagger is banned
|rule|Baton Pass Clause: Limit one PokÃ©mon knowing Baton Pass
|rule|Sleep Clause Mod: Limit one foe put to sleep
|rule|Species Clause: Limit one of each PokÃ©mon
|rule|OHKO Clause: OHKO moves are banned
|rule|Moody Clause: Moody is banned
|rule|Evasion Moves Clause: Evasion moves are banned
|rule|Endless Battle Clause: Forcing endless battles is banned
|rule|HP Percentage Mod: HP is shown in percentages
|teampreview
|join|FUQ GLISCORE
|join|ryzed
|join|Bloodz
|join|Appreciation
|join|I Iike Squirtles
|leave|FUQ GLISCORE
|join|Alvadora
|
|start
|switch|p1a: Empoleon|Empoleon, F|371\/371
|switch|p2a: It's a trap|Magnezone|281\/281
|turn|1
|join|Praj.pran
|join|Gros orteil
|
|move|p2a: It's a trap|Thunderbolt|p1a: Empoleon
|-supereffective|p1a: Empoleon
|-damage|p1a: Empoleon|57\/371
|move|p1a: Empoleon|Stealth Rock|p2a: It's a trap
|-sidestart|p2: Apedingo|move: Stealth Rock
|
|-heal|p1a: Empoleon|80\/371|[from] item: Leftovers
|turn|2
|
|move|p2a: It's a trap|Thunderbolt|p1a: Empoleon
|-supereffective|p1a: Empoleon
|-damage|p1a: Empoleon|0 fnt
|faint|p1a: Empoleon
|
|
|switch|p1a: Tyranitar|Tyranitar, M|383\/383
|-weather|Sandstorm
|turn|3
|
|move|p1a: Tyranitar|Pursuit|p2a: It's a trap|[from]Pursuit
|-damage|p2a: It's a trap|70\/281
|switch|p2a: Damn Cute Bunny|Azumarill, F|401\/401
|-damage|p2a: Damn Cute Bunny|351\/401|[from] Stealth Rock
|
|-weather|Sandstorm|[upkeep]
|-damage|p2a: Damn Cute Bunny|326\/401|[from] sandstorm
|turn|4
|
|switch|p1a: Landorus-Therian|Landorus-Therian, M|327\/327
|-ability|p1a: Landorus-Therian|Intimidate|[of] p2a: Damn Cute Bunny
|-unboost|p2a: Damn Cute Bunny|atk|1
|move|p2a: Damn Cute Bunny|Knock Off|p1a: Landorus-Therian
|-damage|p1a: Landorus-Therian|224\/327
|-enditem|p1a: Landorus-Therian|Choice Scarf|[from] move: Knock Off|[of] p2a: Damn Cute Bunny
|
|-weather|Sandstorm|[upkeep]
|-damage|p2a: Damn Cute Bunny|301\/401|[from] sandstorm
|turn|5
|
|switch|p2a: Fluffy Paws|Landorus-Therian, M|382\/382
|-damage|p2a: Fluffy Paws|335\/382|[from] Stealth Rock
|-ability|p2a: Fluffy Paws|Intimidate|[of] p1a: Landorus-Therian
|-unboost|p1a: Landorus-Therian|atk|1
|move|p1a: Landorus-Therian|Earthquake|p2a: Fluffy Paws
|-immune|p2a: Fluffy Paws|[msg]
|
|-weather|Sandstorm|[upkeep]
|-heal|p2a: Fluffy Paws|358\/382|[from] item: Leftovers
|turn|6
|
|move|p1a: Landorus-Therian|U-turn|p2a: Fluffy Paws
|-resisted|p2a: Fluffy Paws
|-damage|p2a: Fluffy Paws|333\/382
|
|switch|p1a: Keldeo|Keldeo|323\/323
|move|p2a: Fluffy Paws|Stealth Rock|p1a: Keldeo
|-sidestart|p1: Reverb|move: Stealth Rock
|
|-weather|Sandstorm|[upkeep]
|-damage|p1a: Keldeo|303\/323|[from] sandstorm
|-heal|p2a: Fluffy Paws|356\/382|[from] item: Leftovers
|turn|7
|join|Skysoki
|
|switch|p2a: It's a trap|Magnezone|70\/281
|-damage|p2a: It's a trap|53\/281|[from] Stealth Rock
|move|p1a: Keldeo|Scald|p2a: It's a trap
|-damage|p2a: It's a trap|0 fnt
|faint|p2a: It's a trap
|
|-weather|none
|
|switch|p2a: Damn Cute Bunny|Azumarill, F|301\/401
|-damage|p2a: Damn Cute Bunny|251\/401|[from] Stealth Rock
|turn|8
|
|switch|p1a: Landorus-Therian|Landorus-Therian, M|224\/327
|-damage|p1a: Landorus-Therian|184\/327|[from] Stealth Rock
|-ability|p1a: Landorus-Therian|Intimidate|[of] p2a: Damn Cute Bunny
|-unboost|p2a: Damn Cute Bunny|atk|1
|move|p2a: Damn Cute Bunny|Play Rough|p1a: Landorus-Therian
|-damage|p1a: Landorus-Therian|46\/327
|
|turn|9
|
|switch|p1a: Celebi|Celebi|404\/404
|-damage|p1a: Celebi|354\/404|[from] Stealth Rock
|move|p2a: Damn Cute Bunny|Aqua Jet|p1a: Celebi
|-resisted|p1a: Celebi
|-damage|p1a: Celebi|325\/404
|
|-heal|p1a: Celebi|350\/404|[from] item: Leftovers
|turn|10
|
|switch|p2a: AWESOM-O 4000|Metagross|301\/301
|-damage|p2a: AWESOM-O 4000|283\/301|[from] Stealth Rock
|move|p1a: Celebi|Psychic|p2a: AWESOM-O 4000
|-resisted|p2a: AWESOM-O 4000
|-damage|p2a: AWESOM-O 4000|255\/301
|
|-heal|p1a: Celebi|375\/404|[from] item: Leftovers
|turn|11
|
|detailschange|p2a: AWESOM-O 4000|Metagross-Mega
|-mega|p2a: AWESOM-O 4000|Metagross|Metagrossite
|move|p2a: AWESOM-O 4000|Ice Punch|p1a: Celebi
|-supereffective|p1a: Celebi
|-damage|p1a: Celebi|107\/404
|move|p1a: Celebi|Thunder Wave|p2a: AWESOM-O 4000
|-status|p2a: AWESOM-O 4000|par
|
|-heal|p1a: Celebi|132\/404|[from] item: Leftovers
|turn|12
|
|move|p1a: Celebi|Recover|p1a: Celebi
|-heal|p1a: Celebi|334\/404
|cant|p2a: AWESOM-O 4000|par
|
|-heal|p1a: Celebi|359\/404|[from] item: Leftovers
|turn|13
|join|Mistaken
|
|move|p1a: Celebi|Baton Pass|p1a: Celebi
|
|switch|p1a: Landorus-Therian|Landorus-Therian, M|46\/327
|-damage|p1a: Landorus-Therian|6\/327|[from] Stealth Rock
|-ability|p1a: Landorus-Therian|Intimidate|[of] p2a: AWESOM-O 4000
|-unboost|p2a: AWESOM-O 4000|atk|1
|move|p2a: AWESOM-O 4000|Ice Punch|p1a: Landorus-Therian
|-supereffective|p1a: Landorus-Therian
|-damage|p1a: Landorus-Therian|0 fnt
|faint|p1a: Landorus-Therian
|
|
|switch|p1a: Tyranitar|Tyranitar, M|383\/383
|-damage|p1a: Tyranitar|336\/383|[from] Stealth Rock
|-weather|Sandstorm
|turn|14
|join|FUQ GLISCORE
|
|switch|p2a: Fluffy Paws|Landorus-Therian, M|356\/382
|-damage|p2a: Fluffy Paws|309\/382|[from] Stealth Rock
|-ability|p2a: Fluffy Paws|Intimidate|[of] p1a: Tyranitar
|-unboost|p1a: Tyranitar|atk|1
|move|p1a: Tyranitar|Crunch|p2a: Fluffy Paws
|-damage|p2a: Fluffy Paws|183\/382
|-unboost|p2a: Fluffy Paws|def|1
|
|-weather|Sandstorm|[upkeep]
|-heal|p2a: Fluffy Paws|206\/382|[from] item: Leftovers
|turn|15
|
|switch|p2a: Mr. Fancypants|Tyranitar, M|403\/403
|-damage|p2a: Mr. Fancypants|353\/403|[from] Stealth Rock
|switch|p1a: Celebi|Celebi|359\/404
|-damage|p1a: Celebi|309\/404|[from] Stealth Rock
|
|-weather|Sandstorm|[upkeep]
|-damage|p1a: Celebi|284\/404|[from] sandstorm
|-heal|p1a: Celebi|309\/404|[from] item: Leftovers
|turn|16
|
|move|p1a: Celebi|Baton Pass|p1a: Celebi
|
|switch|p1a: Keldeo|Keldeo|303\/323
|-damage|p1a: Keldeo|283\/323|[from] Stealth Rock
|move|p2a: Mr. Fancypants|Superpower|p1a: Keldeo
|-damage|p1a: Keldeo|139\/323
|-unboost|p2a: Mr. Fancypants|atk|1
|-unboost|p2a: Mr. Fancypants|def|1
|
|-weather|Sandstorm|[upkeep]
|-damage|p1a: Keldeo|119\/323|[from] sandstorm
|turn|17
|
|switch|p2a: Go Go Mike|Latios, M|301\/301
|-damage|p2a: Go Go Mike|264\/301|[from] Stealth Rock
|move|p1a: Keldeo|Icy Wind|p2a: Go Go Mike
|-supereffective|p2a: Go Go Mike
|-damage|p2a: Go Go Mike|84\/301
|-unboost|p2a: Go Go Mike|spe|1
|
|-weather|Sandstorm|[upkeep]
|-damage|p1a: Keldeo|99\/323|[from] sandstorm
|-damage|p2a: Go Go Mike|66\/301|[from] sandstorm
|turn|18
|
|switch|p1a: Tyranitar|Tyranitar, M|336\/383
|-damage|p1a: Tyranitar|289\/383|[from] Stealth Rock
|switch|p2a: Mr. Fancypants|Tyranitar, M|353\/403
|-damage|p2a: Mr. Fancypants|303\/403|[from] Stealth Rock
|
|-weather|none
|turn|19
|join|Void
|
|switch|p2a: Damn Cute Bunny|Azumarill, F|251\/401
|-damage|p2a: Damn Cute Bunny|201\/401|[from] Stealth Rock
|move|p1a: Tyranitar|Superpower|p2a: Damn Cute Bunny
|-resisted|p2a: Damn Cute Bunny
|-damage|p2a: Damn Cute Bunny|61\/401
|-unboost|p1a: Tyranitar|atk|1
|-unboost|p1a: Tyranitar|def|1
|
|turn|20
|leave|FUQ GLISCORE
|
|move|p1a: Tyranitar|Superpower|p2a: Damn Cute Bunny
|-resisted|p2a: Damn Cute Bunny
|-damage|p2a: Damn Cute Bunny|0 fnt
|-unboost|p1a: Tyranitar|atk|1
|-unboost|p1a: Tyranitar|def|1
|faint|p2a: Damn Cute Bunny
|
|join|Hittoro
|
|switch|p2a: Fluffy Paws|Landorus-Therian, M|206\/382
|-damage|p2a: Fluffy Paws|159\/382|[from] Stealth Rock
|-ability|p2a: Fluffy Paws|Intimidate|[of] p1a: Tyranitar
|-unboost|p1a: Tyranitar|atk|1
|turn|21
|
|switch|p1a: Celebi|Celebi|309\/404
|-damage|p1a: Celebi|259\/404|[from] Stealth Rock
|move|p2a: Fluffy Paws|Earthquake|p1a: Celebi
|-crit|p1a: Celebi
|-resisted|p1a: Celebi
|-damage|p1a: Celebi|131\/404
|
|-heal|p1a: Celebi|156\/404|[from] item: Leftovers
|-heal|p2a: Fluffy Paws|182\/382|[from] item: Leftovers
|turn|22
|
|move|p1a: Celebi|Psychic|p2a: Fluffy Paws
|-damage|p2a: Fluffy Paws|31\/382
|move|p2a: Fluffy Paws|U-turn|p1a: Celebi
|-supereffective|p1a: Celebi
|-damage|p1a: Celebi|0 fnt
|faint|p1a: Celebi
|
|switch|p2a: Mr. Fancypants|Tyranitar, M|303\/403
|-damage|p2a: Mr. Fancypants|253\/403|[from] Stealth Rock
|-weather|Sandstorm
|
|-weather|Sandstorm|[upkeep]
|join|CleanerThanRotom-W
|
|switch|p1a: Lopunny|Lopunny, F|271\/271
|-damage|p1a: Lopunny|238\/271|[from] Stealth Rock
|turn|23
|
|switch|p2a: Fluffy Paws|Landorus-Therian, M|31\/382
|-damage|p2a: Fluffy Paws|0 fnt|[from] Stealth Rock
|faint|p2a: Fluffy Paws
|detailschange|p1a: Lopunny|Lopunny-Mega, F
|-mega|p1a: Lopunny|Lopunny|Lopunnite
|move|p1a: Lopunny|Fake Out|p2: Fluffy Paws|[notarget]
|-notarget
|
|-weather|Sandstorm|[upkeep]
|-damage|p1a: Lopunny|222\/271|[from] sandstorm
|leave|Bloodz
|
|switch|p2a: AWESOM-O 4000|Metagross-Mega|255\/301 par
|-damage|p2a: AWESOM-O 4000|237\/301 par|[from] Stealth Rock
|turn|24
|join|mouse de frank
|
|switch|p1a: Keldeo|Keldeo|99\/323
|-damage|p1a: Keldeo|79\/323|[from] Stealth Rock
|cant|p2a: AWESOM-O 4000|par
|
|-weather|Sandstorm|[upkeep]
|-damage|p1a: Keldeo|59\/323|[from] sandstorm
|turn|25
|
|switch|p2a: Mr. Fancypants|Tyranitar, M|253\/403
|-damage|p2a: Mr. Fancypants|203\/403|[from] Stealth Rock
|move|p1a: Keldeo|Scald|p2a: Mr. Fancypants
|-supereffective|p2a: Mr. Fancypants
|-damage|p2a: Mr. Fancypants|65\/403
|-status|p2a: Mr. Fancypants|brn
|
|-weather|Sandstorm|[upkeep]
|-damage|p1a: Keldeo|39\/323|[from] sandstorm
|-damage|p2a: Mr. Fancypants|15\/403 brn|[from] brn
|turn|26
|
|move|p1a: Keldeo|Scald|p2a: Mr. Fancypants
|-supereffective|p2a: Mr. Fancypants
|-damage|p2a: Mr. Fancypants|0 fnt
|faint|p2a: Mr. Fancypants
|
|-weather|none
|join|QuagGod
|
|switch|p2a: Go Go Mike|Latios, M|66\/301
|-damage|p2a: Go Go Mike|29\/301|[from] Stealth Rock
|turn|27
|
|move|p2a: Go Go Mike|Surf|p1a: Keldeo
|-resisted|p1a: Keldeo
|-damage|p1a: Keldeo|0 fnt
|faint|p1a: Keldeo
|
|
|switch|p1a: Lopunny|Lopunny-Mega, F|222\/271
|-damage|p1a: Lopunny|206\/271|[from] Stealth Rock
|turn|28
|join|nathaaan
|
|move|p1a: Lopunny|Fake Out|p2a: Go Go Mike
|-damage|p2a: Go Go Mike|0 fnt
|faint|p2a: Go Go Mike
|
|join|MolleteLADD
|
|switch|p2a: AWESOM-O 4000|Metagross-Mega|237\/301 par
|-damage|p2a: AWESOM-O 4000|219\/301 par|[from] Stealth Rock
|turn|29
|leave|CleanerThanRotom-W
|
|move|p1a: Lopunny|High Jump Kick|p2a: AWESOM-O 4000
|-damage|p2a: AWESOM-O 4000|24\/301 par
|move|p2a: AWESOM-O 4000|Meteor Mash|p1a: Lopunny
|-damage|p1a: Lopunny|0 fnt
|faint|p1a: Lopunny
|
|
|switch|p1a: Tyranitar|Tyranitar, M|289\/383
|-damage|p1a: Tyranitar|242\/383|[from] Stealth Rock
|-weather|Sandstorm
|turn|30
|
|move|p1a: Tyranitar|Crunch|p2a: AWESOM-O 4000
|-supereffective|p2a: AWESOM-O 4000
|-damage|p2a: AWESOM-O 4000|0 fnt
|faint|p2a: AWESOM-O 4000
|
|win|Reverb
|raw|Ladder updating...
|raw|Reverb's rating: 1618 &rarr; <strong>1642<\/strong><br \/>(+24 for winning)
|raw|Apedingo's rating: 1698 &rarr; <strong>1674<\/strong><br \/>(-24 for losing)
|c|âReverb|gg
|leave|nathaaan
|leave|Praj.pran
|leave|Gros orteil
|leave|Appreciation
|leave|MolleteLADD