|join|Wheezer
|join|Win Conditioner
|player|p1|Wheezer|141
|player|p2|Win Conditioner|264
|gametype|singles
|gen|6
|tier|OU
|rated
|clearpoke
|poke|p1|Tyranitar, M
|poke|p1|Altaria, F
|poke|p1|Excadrill, M
|poke|p1|Kyurem-Black
|poke|p1|Ferrothorn, F
|poke|p1|Talonflame, F
|poke|p2|Altaria, M
|poke|p2|Magnezone
|poke|p2|Chansey, F
|poke|p2|Landorus-Therian, M
|poke|p2|Zapdos
|poke|p2|Mew
|rule|Swagger Clause: Swagger is banned
|rule|Baton Pass Clause: Limit one PokÃ©mon knowing Baton Pass
|rule|Sleep Clause Mod: Limit one foe put to sleep
|rule|Species Clause: Limit one of each PokÃ©mon
|rule|OHKO Clause: OHKO moves are banned
|rule|Moody Clause: Moody is banned
|rule|Evasion Moves Clause: Evasion moves are banned
|rule|Endless Battle Clause: Forcing endless battles is banned
|rule|HP Percentage Mod: HP is shown in percentages
|teampreview
|c|âWheezer|gl
|c|âWin Conditioner|gl
|join|lets get shaded
|
|start
|switch|p1a: Tyranitar|Tyranitar, M|365\/365
|switch|p2a: Landorus-Therian|Landorus-Therian, M|320\/320
|-ability|p2a: Landorus-Therian|Intimidate|[of] p1a: Tyranitar
|-unboost|p1a: Tyranitar|atk|1
|-weather|Sandstorm
|turn|1
|
|move|p2a: Landorus-Therian|U-turn|p1a: Tyranitar
|-supereffective|p1a: Tyranitar
|-damage|p1a: Tyranitar|181\/365
|
|switch|p2a: Chansey|Chansey, F|704\/704
|move|p1a: Tyranitar|Ice Beam|p2a: Chansey
|-damage|p2a: Chansey|660\/704
|-status|p2a: Chansey|frz
|
|-weather|Sandstorm|[upkeep]
|-damage|p2a: Chansey|616\/704 frz|[from] sandstorm
|turn|2
|
|switch|p2a: Landorus-Therian|Landorus-Therian, M|320\/320
|-ability|p2a: Landorus-Therian|Intimidate|[of] p1a: Tyranitar
|-unboost|p1a: Tyranitar|atk|1
|move|p1a: Tyranitar|Stealth Rock|p2a: Landorus-Therian
|-sidestart|p2: Win Conditioner|move: Stealth Rock
|
|-weather|Sandstorm|[upkeep]
|turn|3
|
|move|p2a: Landorus-Therian|U-turn|p1a: Tyranitar
|-supereffective|p1a: Tyranitar
|-damage|p1a: Tyranitar|9\/365
|
|switch|p2a: Magnezone|Magnezone|282\/282
|-damage|p2a: Magnezone|265\/282|[from] Stealth Rock
|move|p1a: Tyranitar|Ice Beam|p2a: Magnezone
|-resisted|p2a: Magnezone
|-damage|p2a: Magnezone|230\/282
|-status|p2a: Magnezone|frz
|
|-weather|Sandstorm|[upkeep]
|turn|4
|c|âWheezer|sorry
|
|switch|p2a: Chansey|Chansey, F|616\/704
|-damage|p2a: Chansey|528\/704|[from] Stealth Rock
|move|p1a: Tyranitar|Ice Beam|p2a: Chansey
|-damage|p2a: Chansey|488\/704
|
|-weather|Sandstorm|[upkeep]
|-damage|p2a: Chansey|444\/704|[from] sandstorm
|turn|5
|
|switch|p1a: Ferrothorn|Ferrothorn, F|352\/352
|move|p2a: Chansey|Wish|p2a: Chansey
|
|-weather|Sandstorm|[upkeep]
|-damage|p2a: Chansey|400\/704|[from] sandstorm
|turn|6
|
|move|p2a: Chansey|Heal Bell|p2a: Chansey
|-cureteam|p2a: Chansey|[from] move: HealBell
|move|p1a: Ferrothorn|Leech Seed|p2a: Chansey
|-start|p2a: Chansey|move: Leech Seed
|
|-weather|Sandstorm|[upkeep]
|-damage|p2a: Chansey|356\/704|[from] sandstorm
|-heal|p2a: Chansey|704\/704|[from] move: Wish|[wisher] Chansey
|-damage|p2a: Chansey|616\/704|[from] Leech Seed|[of] p1a: Ferrothorn
|turn|7
|
|switch|p2a: Magnezone|Magnezone|230\/282
|-damage|p2a: Magnezone|213\/282|[from] Stealth Rock
|switch|p1a: Excadrill|Excadrill, M|385\/385
|
|-weather|Sandstorm|[upkeep]
|turn|8
|
|switch|p2a: Landorus-Therian|Landorus-Therian, M|320\/320
|-damage|p2a: Landorus-Therian|280\/320|[from] Stealth Rock
|-ability|p2a: Landorus-Therian|Intimidate|[of] p1a: Excadrill
|-unboost|p1a: Excadrill|atk|1
|move|p1a: Excadrill|Iron Head|p2a: Landorus-Therian
|-damage|p2a: Landorus-Therian|150\/320
|-damage|p1a: Excadrill|347\/385|[from] item: Life Orb
|
|-weather|none
|turn|9
|
|switch|p1a: Ferrothorn|Ferrothorn, F|352\/352
|move|p2a: Landorus-Therian|U-turn|p1a: Ferrothorn
|-damage|p1a: Ferrothorn|288\/352
|-damage|p2a: Landorus-Therian|110\/320|[from] ability: Iron Barbs|[of] p1a: Ferrothorn
|
|switch|p2a: Magnezone|Magnezone|213\/282
|-damage|p2a: Magnezone|196\/282|[from] Stealth Rock
|
|-heal|p1a: Ferrothorn|310\/352|[from] item: Leftovers
|turn|10
|
|move|p1a: Ferrothorn|Protect|p1a: Ferrothorn
|-singleturn|p1a: Ferrothorn|Protect
|move|p2a: Magnezone|Hidden Power|p1a: Ferrothorn
|-activate|p1a: Ferrothorn|Protect
|
|-heal|p1a: Ferrothorn|332\/352|[from] item: Leftovers
|turn|11
|
|move|p2a: Magnezone|Hidden Power|p1a: Ferrothorn
|-supereffective|p1a: Ferrothorn
|-damage|p1a: Ferrothorn|104\/352
|move|p1a: Ferrothorn|Leech Seed|p2a: Magnezone
|-start|p2a: Magnezone|move: Leech Seed
|
|-heal|p1a: Ferrothorn|126\/352|[from] item: Leftovers
|-damage|p2a: Magnezone|161\/282|[from] Leech Seed|[of] p1a: Ferrothorn
|-heal|p1a: Ferrothorn|161\/352|[silent]
|turn|12
|
|move|p1a: Ferrothorn|Protect|p1a: Ferrothorn
|-singleturn|p1a: Ferrothorn|Protect
|move|p2a: Magnezone|Hidden Power|p1a: Ferrothorn
|-activate|p1a: Ferrothorn|Protect
|
|-heal|p1a: Ferrothorn|183\/352|[from] item: Leftovers
|-damage|p2a: Magnezone|126\/282|[from] Leech Seed|[of] p1a: Ferrothorn
|-heal|p1a: Ferrothorn|218\/352|[silent]
|turn|13
|
|move|p1a: Ferrothorn|Protect|p1a: Ferrothorn
|-singleturn|p1a: Ferrothorn|Protect
|move|p2a: Magnezone|Hidden Power|p1a: Ferrothorn
|-activate|p1a: Ferrothorn|Protect
|
|-heal|p1a: Ferrothorn|240\/352|[from] item: Leftovers
|-damage|p2a: Magnezone|91\/282|[from] Leech Seed|[of] p1a: Ferrothorn
|-heal|p1a: Ferrothorn|275\/352|[silent]
|turn|14
|
|move|p2a: Magnezone|Hidden Power|p1a: Ferrothorn
|-supereffective|p1a: Ferrothorn
|-damage|p1a: Ferrothorn|47\/352
|move|p1a: Ferrothorn|Gyro Ball|p2a: Magnezone
|-resisted|p2a: Magnezone
|-damage|p2a: Magnezone|57\/282
|
|-heal|p1a: Ferrothorn|69\/352|[from] item: Leftovers
|-damage|p2a: Magnezone|22\/282|[from] Leech Seed|[of] p1a: Ferrothorn
|-heal|p1a: Ferrothorn|104\/352|[silent]
|turn|15
|
|switch|p2a: Zapdos|Zapdos|384\/384
|-damage|p2a: Zapdos|288\/384|[from] Stealth Rock
|-ability|p2a: Zapdos|Pressure
|move|p1a: Ferrothorn|Protect|p1a: Ferrothorn
|-fail|p1a: Ferrothorn
|
|-heal|p2a: Zapdos|312\/384|[from] item: Leftovers
|-heal|p1a: Ferrothorn|126\/352|[from] item: Leftovers
|turn|16
|join|LostEtudes
|join|Sefrox99
|join|Doctor Octagon
|leave|Sefrox99
|join|Ace Trainer Apollo
|leave|LostEtudes
|
|switch|p1a: Kyurem-Black|Kyurem-Black|403\/403
|-ability|p1a: Kyurem-Black|Teravolt
|move|p2a: Zapdos|Defog|p1a: Kyurem-Black
|-unboost|p1a: Kyurem-Black|evasion|1
|-sideend|p2: Win Conditioner|Stealth Rock|[from] move: Defog|[of] p2a: Zapdos
|
|-heal|p2a: Zapdos|336\/384|[from] item: Leftovers
|turn|17
|
|switch|p1a: Talonflame|Talonflame, F|319\/319
|switch|p2a: Chansey|Chansey, F|616\/704
|
|turn|18
|
|switch|p1a: Altaria|Altaria, F|317\/317
|-ability|p1a: Altaria|Cloud Nine
|switch|p2a: Zapdos|Zapdos|336\/384
|-ability|p2a: Zapdos|Pressure
|
|-heal|p2a: Zapdos|360\/384|[from] item: Leftovers
|turn|19
|
|detailschange|p1a: Altaria|Altaria-Mega, F
|message|Altaria has Mega Evolved into Mega Altaria!
|move|p1a: Altaria|Dragon Dance|p1a: Altaria
|-boost|p1a: Altaria|atk|1
|-boost|p1a: Altaria|spe|1
|move|p2a: Zapdos|Volt Switch|p1a: Altaria
|-resisted|p1a: Altaria
|-damage|p1a: Altaria|271\/317
|
|switch|p2a: Mew|Mew|404\/404
|
|turn|20
|
|switch|p1a: Talonflame|Talonflame, F|319\/319
|move|p2a: Mew|Will-O-Wisp|p1a: Talonflame
|-fail|p1a: Talonflame
|
|turn|21
|
|move|p1a: Talonflame|Swords Dance|p1a: Talonflame
|-boost|p1a: Talonflame|atk|2
|move|p2a: Mew|Knock Off|p1a: Talonflame
|-damage|p1a: Talonflame|204\/319
|-enditem|p1a: Talonflame|Sharp Beak|[from] move: Knock Off|[of] p2a: Mew
|
|turn|22
|
|switch|p2a: Zapdos|Zapdos|360\/384
|-ability|p2a: Zapdos|Pressure
|move|p1a: Talonflame|Brave Bird|p2a: Zapdos
|-resisted|p2a: Zapdos
|-damage|p2a: Zapdos|231\/384
|-damage|p1a: Talonflame|161\/319|[from] recoil|[of] p2a: Zapdos
|
|-heal|p2a: Zapdos|255\/384|[from] item: Leftovers
|turn|23
|
|move|p1a: Talonflame|Roost|p1a: Talonflame
|-heal|p1a: Talonflame|319\/319
|move|p2a: Zapdos|Volt Switch|p1a: Talonflame
|-damage|p1a: Talonflame|177\/319
|
|switch|p2a: Chansey|Chansey, F|616\/704
|
|turn|24
|
|move|p1a: Talonflame|Taunt|p2a: Chansey
|-start|p2a: Chansey|move: Taunt
|cant|p2a: Chansey|move: Taunt|Wish
|
|turn|25
|
|move|p1a: Talonflame|Brave Bird|p2a: Chansey
|-damage|p2a: Chansey|198\/704
|-damage|p1a: Talonflame|39\/319|[from] recoil|[of] p2a: Chansey
|move|p2a: Chansey|Seismic Toss|p1a: Talonflame
|-damage|p1a: Talonflame|0 fnt
|faint|p1a: Talonflame
|
|c|âWheezer|darn
|c|âWheezer|didn't thiknk u would stay in
|
|switch|p1a: Excadrill|Excadrill, M|347\/385
|turn|26
|
|switch|p2a: Zapdos|Zapdos|255\/384
|-ability|p2a: Zapdos|Pressure
|move|p1a: Excadrill|Iron Head|p2a: Zapdos
|-resisted|p2a: Zapdos
|-damage|p2a: Zapdos|174\/384
|-damage|p1a: Excadrill|309\/385|[from] item: Life Orb
|
|-heal|p2a: Zapdos|198\/384|[from] item: Leftovers
|turn|27
|
|move|p1a: Excadrill|Rock Slide|p2a: Zapdos
|-crit|p2a: Zapdos
|-supereffective|p2a: Zapdos
|-damage|p2a: Zapdos|0 fnt
|-damage|p1a: Excadrill|271\/385|[from] item: Life Orb
|faint|p2a: Zapdos
|
|c|âWheezer|sorry if it mattered
|
|switch|p2a: Landorus-Therian|Landorus-Therian, M|110\/320
|-ability|p2a: Landorus-Therian|Intimidate|[of] p1a: Excadrill
|-unboost|p1a: Excadrill|atk|1
|turn|28
|c|âWin Conditioner|yeah
|c|âWin Conditioner|252\/252+
|c| lets get shaded|life orb tho
|c| lets get shaded|ill check
|
|switch|p1a: Ferrothorn|Ferrothorn, F|126\/352
|move|p2a: Landorus-Therian|Earthquake|p1a: Ferrothorn
|-damage|p1a: Ferrothorn|0 fnt
|faint|p1a: Ferrothorn
|
|
|switch|p1a: Kyurem-Black|Kyurem-Black|403\/403
|-ability|p1a: Kyurem-Black|Teravolt
|turn|29
|
|switch|p2a: Mew|Mew|404\/404
|move|p1a: Kyurem-Black|Ice Beam|p2a: Mew
|-damage|p2a: Mew|232\/404
|
|-heal|p2a: Mew|257\/404|[from] item: Leftovers
|turn|30
|
|move|p2a: Mew|Roost|p2a: Mew
|-heal|p2a: Mew|404\/404
|move|p1a: Kyurem-Black|Ice Beam|p2a: Mew
|-damage|p2a: Mew|248\/404
|
|-heal|p2a: Mew|273\/404|[from] item: Leftovers
|turn|31
|
|move|p2a: Mew|Will-O-Wisp|p1a: Kyurem-Black|[miss]
|-miss|p2a: Mew|p1a: Kyurem-Black
|move|p1a: Kyurem-Black|Fusion Bolt|p2a: Mew
|-damage|p2a: Mew|168\/404
|
|-heal|p2a: Mew|193\/404|[from] item: Leftovers
|turn|32
|
|move|p2a: Mew|Roost|p2a: Mew
|-heal|p2a: Mew|395\/404
|move|p1a: Kyurem-Black|Ice Beam|p2a: Mew
|-damage|p2a: Mew|218\/404
|
|-heal|p2a: Mew|243\/404|[from] item: Leftovers
|turn|33
|
|switch|p1a: Tyranitar|Tyranitar, M|9\/365
|-weather|Sandstorm
|move|p2a: Mew|Will-O-Wisp|p1a: Tyranitar
|-status|p1a: Tyranitar|brn
|
|-weather|Sandstorm|[upkeep]
|-damage|p2a: Mew|218\/404|[from] sandstorm
|-heal|p2a: Mew|243\/404|[from] item: Leftovers
|-damage|p1a: Tyranitar|0 fnt|[from] brn
|faint|p1a: Tyranitar
|
|switch|p1a: Excadrill|Excadrill, M|271\/385
|turn|34
|
|move|p1a: Excadrill|Earthquake|p2a: Mew
|-crit|p2a: Mew
|-damage|p2a: Mew|0 fnt
|-damage|p1a: Excadrill|233\/385|[from] item: Life Orb
|faint|p2a: Mew
|
|-weather|Sandstorm|[upkeep]
|c|âWin Conditioner|im fucking tired of it
|c|âWin Conditioner|lucky all match
|c| lets get shaded|u can still win
|c|âWin Conditioner|no
|c|âWheezer|252+ Atk Life Orb Excadrill Rock Slide vs. 252 HP \/ 252+ Def Zapdos: 192-229 (50 - 59.6%) -- 80.1% chance to 2HKO after Leftovers recovery
|c|âWheezer|252+ Atk Life Orb Excadrill Earthquake vs. 252 HP \/ 104+ Def Mew: 199-234 (49.2 - 57.9%) -- 56.3% chance to 2HKO after Leftovers recovery
|c|âWin Conditioner|i'm so fucking tired of it lmfao
|c|âWheezer|that last one crit mattered
|
|switch|p2a: Chansey|Chansey, F|198\/704
|turn|35
|
|move|p2a: Chansey|Protect|p2a: Chansey
|-singleturn|p2a: Chansey|Protect
|move|p1a: Excadrill|Iron Head|p2a: Chansey
|-activate|p2a: Chansey|Protect
|
|-weather|Sandstorm|[upkeep]
|-damage|p2a: Chansey|154\/704|[from] sandstorm
|turn|36
|
|move|p2a: Chansey|Protect|p2a: Chansey
|-singleturn|p2a: Chansey|Protect
|move|p1a: Excadrill|Iron Head|p2a: Chansey
|-activate|p2a: Chansey|Protect
|
|-weather|Sandstorm|[upkeep]
|-damage|p2a: Chansey|110\/704|[from] sandstorm
|turn|37
|
|switch|p2a: Altaria|Altaria, M|320\/320
|move|p1a: Excadrill|Iron Head|p2a: Altaria
|-damage|p2a: Altaria|117\/320
|-damage|p1a: Excadrill|195\/385|[from] item: Life Orb
|
|-weather|Sandstorm|[upkeep]
|-damage|p2a: Altaria|97\/320|[from] sandstorm
|turn|38
|
|move|p1a: Excadrill|Iron Head|p2a: Altaria
|-damage|p2a: Altaria|0 fnt
|-damage|p1a: Excadrill|157\/385|[from] item: Life Orb
|faint|p2a: Altaria
|
|-weather|Sandstorm|[upkeep]
|c| Ace Trainer Apollo|i dont see why we cant get along
|
|switch|p2a: Chansey|Chansey, F|110\/704
|turn|39
|
|move|p2a: Chansey|Protect|p2a: Chansey
|-singleturn|p2a: Chansey|Protect
|move|p1a: Excadrill|Iron Head|p2a: Chansey
|-activate|p2a: Chansey|Protect
|
|-weather|Sandstorm|[upkeep]
|-damage|p2a: Chansey|66\/704|[from] sandstorm
|turn|40
|
|move|p2a: Chansey|Protect|p2a: Chansey
|-fail|p2a: Chansey
|move|p1a: Excadrill|Iron Head|p2a: Chansey
|-damage|p2a: Chansey|0 fnt
|-damage|p1a: Excadrill|119\/385|[from] item: Life Orb
|faint|p2a: Chansey
|
|-weather|none
|
|switch|p2a: Landorus-Therian|Landorus-Therian, M|110\/320
|-ability|p2a: Landorus-Therian|Intimidate|[of] p1a: Excadrill
|-unboost|p1a: Excadrill|atk|1
|turn|41
|
|switch|p1a: Kyurem-Black|Kyurem-Black|403\/403
|-ability|p1a: Kyurem-Black|Teravolt
|move|p2a: Landorus-Therian|Stone Edge|p1a: Kyurem-Black|[miss]
|-miss|p2a: Landorus-Therian|p1a: Kyurem-Black
|
|turn|42
|c|âWheezer|:[
|
|move|p2a: Landorus-Therian|Stone Edge|p1a: Kyurem-Black
|-supereffective|p1a: Kyurem-Black
|-damage|p1a: Kyurem-Black|111\/403
|move|p1a: Kyurem-Black|Ice Beam|p2a: Landorus-Therian
|-supereffective|p2a: Landorus-Therian
|-damage|p2a: Landorus-Therian|0 fnt
|faint|p2a: Landorus-Therian
|
|c|âWin Conditioner|no
|
|switch|p2a: Magnezone|Magnezone|22\/282
|turn|43
|
|move|p2a: Magnezone|Flash Cannon|p1a: Kyurem-Black
|-supereffective|p1a: Kyurem-Black
|-damage|p1a: Kyurem-Black|0 fnt
|faint|p1a: Kyurem-Black
|
|
|switch|p1a: Excadrill|Excadrill, M|119\/385
|turn|44
|
|move|p2a: Magnezone|Flash Cannon|p1a: Excadrill
|-resisted|p1a: Excadrill
|-damage|p1a: Excadrill|14\/385
|move|p1a: Excadrill|Earthquake|p2a: Magnezone
|-supereffective|p2a: Magnezone
|-damage|p2a: Magnezone|0 fnt
|-damage|p1a: Excadrill|0 fnt|[from] item: Life Orb
|faint|p2a: Magnezone
|faint|p1a: Excadrill
|
|win|Wheezer
|raw|Ladder updating...
|c|âWheezer|gg
|c|âWin Conditioner|fuck off
|raw|Wheezer's rating: 1559 &rarr; <strong>1580<\/strong><br \/>(+21 for winning)
|raw|Win Conditioner's rating: 1585 &rarr; <strong>1563<\/strong><br \/>(-22 for losing)
|c|âWheezer|sorry
|c|âWin Conditioner|epitome of a lucky n bad player
|leave|Win Conditioner
|player|p2
|leave|Ace Trainer Apollo
|leave|Wheezer
|player|p1