|join|Win Conditioner
|join|Guspavo
|player|p1|Win Conditioner|102
|player|p2|Guspavo|235
|gametype|singles
|gen|6
|tier|OU
|rated
|clearpoke
|poke|p1|Scizor, M
|poke|p1|Breloom, F
|poke|p1|Kyurem-Black
|poke|p1|Keldeo
|poke|p1|Slowbro, M
|poke|p1|Empoleon, M
|poke|p2|Charizard, M
|poke|p2|Latios, M
|poke|p2|Arcanine, M
|poke|p2|Ninetales, F
|poke|p2|Pyroar, M, shiny
|poke|p2|Heatran, M
|rule|Swagger Clause: Swagger is banned
|rule|Baton Pass Clause: Limit one PokÃ©mon knowing Baton Pass
|rule|Sleep Clause Mod: Limit one foe put to sleep
|rule|Species Clause: Limit one of each PokÃ©mon
|rule|OHKO Clause: OHKO moves are banned
|rule|Moody Clause: Moody is banned
|rule|Evasion Moves Clause: Evasion moves are banned
|rule|Endless Battle Clause: Forcing endless battles is banned
|rule|HP Percentage Mod: HP is shown in percentages
|teampreview
|
|start
|switch|p1a: Kyurem-Black|Kyurem-Black|391\/391
|switch|p2a: Charizard|Charizard, M|360\/360
|-ability|p1a: Kyurem-Black|Teravolt
|turn|1
|
|detailschange|p2a: Charizard|Charizard-Mega-Y, M
|-mega|p2a: Charizard|Charizard|Charizardite Y
|-weather|SunnyDay
|move|p1a: Kyurem-Black|Fusion Bolt|p2a: Charizard
|-supereffective|p2a: Charizard
|-damage|p2a: Charizard|0 fnt
|faint|p2a: Charizard
|
|-weather|SunnyDay|[upkeep]
|
|switch|p2a: Latios|Latios, M|364\/364
|turn|2
|
|switch|p1a: Empoleon|Empoleon, M|372\/372
|move|p2a: Latios|Reflect|p2a: Latios
|-sidestart|p2: Guspavo|Reflect
|
|-weather|SunnyDay|[upkeep]
|turn|3
|
|move|p2a: Latios|Light Screen|p2a: Latios
|-sidestart|p2: Guspavo|move: Light Screen
|move|p1a: Empoleon|Stealth Rock|p2a: Latios
|-sidestart|p2: Guspavo|move: Stealth Rock
|
|-weather|SunnyDay|[upkeep]
|turn|4
|
|switch|p2a: Pyroar|Pyroar, M, shiny|314\/314
|-damage|p2a: Pyroar|236\/314|[from] Stealth Rock
|move|p1a: Empoleon|Scald|p2a: Pyroar
|-supereffective|p2a: Pyroar
|-damage|p2a: Pyroar|163\/314
|
|-weather|SunnyDay|[upkeep]
|turn|5
|
|move|p2a: Pyroar|Flame Charge|p1a: Empoleon
|-damage|p1a: Empoleon|258\/372
|-boost|p2a: Pyroar|spe|1
|move|p1a: Empoleon|Roar|p2a: Pyroar
|drag|p2a: Ninetales|Ninetales, F|350\/350
|-damage|p2a: Ninetales|263\/350|[from] Stealth Rock
|
|-weather|none
|-heal|p1a: Empoleon|281\/372|[from] item: Leftovers
|turn|6
|
|move|p2a: Ninetales|Confuse Ray|p1a: Empoleon
|-start|p1a: Empoleon|confusion
|-activate|p1a: Empoleon|confusion
|move|p1a: Empoleon|Scald|p2a: Ninetales
|-supereffective|p2a: Ninetales
|-damage|p2a: Ninetales|187\/350
|
|-heal|p1a: Empoleon|304\/372|[from] item: Leftovers
|turn|7
|
|move|p2a: Ninetales|Will-O-Wisp|p1a: Empoleon
|-status|p1a: Empoleon|brn
|-activate|p1a: Empoleon|confusion
|-damage|p1a: Empoleon|292\/372 brn|[from] confusion
|
|-heal|p1a: Empoleon|315\/372 brn|[from] item: Leftovers
|-damage|p1a: Empoleon|269\/372 brn|[from] brn
|turn|8
|
|switch|p1a: Keldeo|Keldeo|324\/324
|move|p2a: Ninetales|Flamethrower|p1a: Keldeo
|-resisted|p1a: Keldeo
|-damage|p1a: Keldeo|273\/324
|
|-heal|p1a: Keldeo|293\/324|[from] item: Leftovers
|turn|9
|
|move|p1a: Keldeo|Substitute|p1a: Keldeo
|-start|p1a: Keldeo|Substitute
|-damage|p1a: Keldeo|212\/324
|move|p2a: Ninetales|Confuse Ray|p1a: Keldeo
|
|-heal|p1a: Keldeo|232\/324|[from] item: Leftovers
|-sideend|p2: Guspavo|Reflect
|turn|10
|
|switch|p2a: Latios|Latios, M|364\/364
|-damage|p2a: Latios|319\/364|[from] Stealth Rock
|move|p1a: Keldeo|Calm Mind|p1a: Keldeo
|-boost|p1a: Keldeo|spa|1
|-boost|p1a: Keldeo|spd|1
|
|-heal|p1a: Keldeo|252\/324|[from] item: Leftovers
|-sideend|p2: Guspavo|move: Light Screen
|turn|11
|
|move|p2a: Latios|Light Screen|p2a: Latios
|-sidestart|p2: Guspavo|move: Light Screen
|move|p1a: Keldeo|Secret Sword|p2a: Latios
|-resisted|p2a: Latios
|-damage|p2a: Latios|253\/364
|
|-heal|p1a: Keldeo|272\/324|[from] item: Leftovers
|turn|12
|
|move|p2a: Latios|Reflect|p2a: Latios
|-sidestart|p2: Guspavo|Reflect
|move|p1a: Keldeo|Scald|p2a: Latios
|-resisted|p2a: Latios
|-damage|p2a: Latios|205\/364
|-status|p2a: Latios|brn
|
|-heal|p1a: Keldeo|292\/324|[from] item: Leftovers
|-damage|p2a: Latios|160\/364 brn|[from] brn
|turn|13
|
|move|p2a: Latios|Draco Meteor|p1a: Keldeo
|-end|p1a: Keldeo|Substitute
|-unboost|p2a: Latios|spa|2
|move|p1a: Keldeo|Substitute|p1a: Keldeo
|-start|p1a: Keldeo|Substitute
|-damage|p1a: Keldeo|211\/324
|
|-heal|p1a: Keldeo|231\/324|[from] item: Leftovers
|-damage|p2a: Latios|115\/364 brn|[from] brn
|turn|14
|
|move|p2a: Latios|Draco Meteor|p1a: Keldeo
|-activate|p1a: Keldeo|Substitute|[damage]
|-unboost|p2a: Latios|spa|2
|move|p1a: Keldeo|Calm Mind|p1a: Keldeo
|-boost|p1a: Keldeo|spa|1
|-boost|p1a: Keldeo|spd|1
|
|-heal|p1a: Keldeo|251\/324|[from] item: Leftovers
|-damage|p2a: Latios|70\/364 brn|[from] brn
|turn|15
|
|move|p2a: Latios|Memento|p1a: Keldeo
|move|p1a: Keldeo|Substitute|p1a: Keldeo
|-fail|p1a: Keldeo|move: Substitute
|
|-heal|p1a: Keldeo|271\/324|[from] item: Leftovers
|-damage|p2a: Latios|25\/364 brn|[from] brn
|turn|16
|
|move|p2a: Latios|Draco Meteor|p1a: Keldeo
|-end|p1a: Keldeo|Substitute
|-unboost|p2a: Latios|spa|2
|move|p1a: Keldeo|Substitute|p1a: Keldeo
|-start|p1a: Keldeo|Substitute
|-damage|p1a: Keldeo|190\/324
|
|-heal|p1a: Keldeo|210\/324|[from] item: Leftovers
|-damage|p2a: Latios|0 fnt|[from] brn
|faint|p2a: Latios
|
|switch|p2a: Ninetales|Ninetales, F|187\/350
|-damage|p2a: Ninetales|100\/350|[from] Stealth Rock
|-weather|SunnyDay
|turn|17
|
|switch|p2a: Heatran|Heatran, M|386\/386
|-damage|p2a: Heatran|338\/386|[from] Stealth Rock
|move|p1a: Keldeo|Secret Sword|p2a: Heatran
|-supereffective|p2a: Heatran
|-damage|p2a: Heatran|50\/386
|
|-weather|SunnyDay|[upkeep]
|-heal|p1a: Keldeo|230\/324|[from] item: Leftovers
|-heal|p2a: Heatran|74\/386|[from] item: Leftovers
|turn|18
|
|move|p1a: Keldeo|Scald|p2a: Heatran
|-supereffective|p2a: Heatran
|-damage|p2a: Heatran|0 fnt
|faint|p2a: Heatran
|
|-weather|SunnyDay|[upkeep]
|-heal|p1a: Keldeo|250\/324|[from] item: Leftovers
|-sideend|p2: Guspavo|move: Light Screen
|-message|Guspavo forfeited.
|leave|Guspavo
|
|switch|p2a: Pyroar|Pyroar, M, shiny|163\/314
|-damage|p2a: Pyroar|85\/314|[from] Stealth Rock
|turn|19
|
|win|Win Conditioner
|raw|Ladder updating...
|player|p2
|raw|Win Conditioner's rating: 1510 &rarr; <strong>1523<\/strong><br \/>(+13 for winning)
|raw|Guspavo's rating: 1382 &rarr; <strong>1369<\/strong><br \/>(-13 for losing)