|join|arctix
|join|Win Conditioner
|player|p1|arctix|293
|player|p2|Win Conditioner|102
|gametype|singles
|gen|6
|tier|OU
|rated
|clearpoke
|poke|p1|Bisharp, M
|poke|p1|Gallade, M
|poke|p1|Clefable, M
|poke|p1|Landorus-Therian, M
|poke|p1|Latias, F
|poke|p1|Keldeo-Resolute
|poke|p2|Gengar, F
|poke|p2|Keldeo
|poke|p2|Manectric, F
|poke|p2|Azelf
|poke|p2|Landorus-Therian, M
|poke|p2|Azumarill, M
|rule|Swagger Clause: Swagger is banned
|rule|Baton Pass Clause: Limit one PokÃ©mon knowing Baton Pass
|rule|Sleep Clause Mod: Limit one foe put to sleep
|rule|Species Clause: Limit one of each PokÃ©mon
|rule|OHKO Clause: OHKO moves are banned
|rule|Moody Clause: Moody is banned
|rule|Evasion Moves Clause: Evasion moves are banned
|rule|Endless Battle Clause: Forcing endless battles is banned
|rule|HP Percentage Mod: HP is shown in percentages
|teampreview
|
|start
|switch|p1a: Landorus-Therian|Landorus-Therian, M|381\/381
|switch|p2a: Azelf|Azelf|292\/292
|-ability|p1a: Landorus-Therian|Intimidate|[of] p2a: Azelf
|-unboost|p2a: Azelf|atk|1
|turn|1
|
|move|p2a: Azelf|Stealth Rock|p1a: Landorus-Therian
|-sidestart|p1: arctix|move: Stealth Rock
|move|p1a: Landorus-Therian|U-turn|p2a: Azelf
|-supereffective|p2a: Azelf
|-damage|p2a: Azelf|94\/292
|
|switch|p1a: Keldeo-Resolute|Keldeo-Resolute|323\/323
|-damage|p1a: Keldeo-Resolute|303\/323|[from] Stealth Rock
|
|turn|2
|
|move|p1a: Keldeo-Resolute|Scald|p2a: Azelf
|-damage|p2a: Azelf|0 fnt
|faint|p2a: Azelf
|
|
|switch|p2a: Keldeo|Keldeo|323\/323
|turn|3
|
|switch|p1a: Clefable|Clefable, M|394\/394
|switch|p2a: Gengar|Gengar, F|261\/261
|
|turn|4
|
|move|p2a: Gengar|Substitute|p2a: Gengar
|-start|p2a: Gengar|Substitute
|-damage|p2a: Gengar|196\/261
|move|p1a: Clefable|Thunder Wave|p2a: Gengar
|
|-heal|p2a: Gengar|212\/261|[from] item: Black Sludge
|turn|5
|
|switch|p1a: Landorus-Therian|Landorus-Therian, M|381\/381
|-damage|p1a: Landorus-Therian|334\/381|[from] Stealth Rock
|-activate|p2a: Gengar|Substitute|ability: Intimidate|[of] p1a: Landorus-Therian
|move|p2a: Gengar|Sludge Wave|p1a: Landorus-Therian
|-resisted|p1a: Landorus-Therian
|-damage|p1a: Landorus-Therian|230\/381
|
|-heal|p2a: Gengar|228\/261|[from] item: Black Sludge
|-heal|p1a: Landorus-Therian|253\/381|[from] item: Leftovers
|turn|6
|
|move|p2a: Gengar|Shadow Ball|p1a: Landorus-Therian
|-damage|p1a: Landorus-Therian|91\/381
|move|p1a: Landorus-Therian|Stone Edge|p2a: Gengar
|-crit|p2a: Gengar
|-end|p2a: Gengar|Substitute
|
|-heal|p2a: Gengar|244\/261|[from] item: Black Sludge
|-heal|p1a: Landorus-Therian|114\/381|[from] item: Leftovers
|turn|7
|
|move|p2a: Gengar|Shadow Ball|p1a: Landorus-Therian
|-damage|p1a: Landorus-Therian|0 fnt
|faint|p1a: Landorus-Therian
|
|-heal|p2a: Gengar|260\/261|[from] item: Black Sludge
|
|switch|p1a: Bisharp|Bisharp, M|272\/272
|-damage|p1a: Bisharp|255\/272|[from] Stealth Rock
|turn|8
|
|switch|p2a: Keldeo|Keldeo|323\/323
|move|p1a: Bisharp|Knock Off|p2a: Keldeo
|-resisted|p2a: Keldeo
|-damage|p2a: Keldeo|187\/323
|-boost|p2a: Keldeo|atk|1|[from] ability: Justified
|-enditem|p2a: Keldeo|Choice Specs|[from] move: Knock Off|[of] p1a: Bisharp
|-damage|p1a: Bisharp|228\/272|[from] item: Life Orb
|
|turn|9
|
|switch|p2a: Gengar|Gengar, F|260\/261
|switch|p1a: Clefable|Clefable, M|394\/394
|
|-heal|p2a: Gengar|261\/261|[from] item: Black Sludge
|turn|10
|
|move|p2a: Gengar|Substitute|p2a: Gengar
|-start|p2a: Gengar|Substitute
|-damage|p2a: Gengar|196\/261
|move|p1a: Clefable|Fire Blast|p2a: Gengar|[miss]
|-miss|p1a: Clefable|p2a: Gengar
|
|-heal|p2a: Gengar|212\/261|[from] item: Black Sludge
|turn|11
|
|move|p2a: Gengar|Sludge Wave|p1a: Clefable
|-supereffective|p1a: Clefable
|-damage|p1a: Clefable|116\/394
|move|p1a: Clefable|Moonblast|p2a: Gengar
|-resisted|p2a: Gengar
|-end|p2a: Gengar|Substitute
|
|-heal|p2a: Gengar|228\/261|[from] item: Black Sludge
|-heal|p1a: Clefable|140\/394|[from] item: Leftovers
|turn|12
|
|move|p2a: Gengar|Sludge Wave|p1a: Clefable
|-supereffective|p1a: Clefable
|-damage|p1a: Clefable|0 fnt
|faint|p1a: Clefable
|
|-heal|p2a: Gengar|244\/261|[from] item: Black Sludge
|
|switch|p1a: Bisharp|Bisharp, M|228\/272
|-damage|p1a: Bisharp|211\/272|[from] Stealth Rock
|turn|13
|
|move|p2a: Gengar|Substitute|p2a: Gengar
|-start|p2a: Gengar|Substitute
|-damage|p2a: Gengar|179\/261
|move|p1a: Bisharp|Knock Off|p2a: Gengar
|-supereffective|p2a: Gengar
|-end|p2a: Gengar|Substitute
|-damage|p1a: Bisharp|184\/272|[from] item: Life Orb
|
|-heal|p2a: Gengar|195\/261|[from] item: Black Sludge
|turn|14
|
|move|p1a: Bisharp|Sucker Punch|p2a: Gengar
|-fail|p2a: Gengar
|move|p2a: Gengar|Substitute|p2a: Gengar
|-start|p2a: Gengar|Substitute
|-damage|p2a: Gengar|130\/261
|
|-heal|p2a: Gengar|146\/261|[from] item: Black Sludge
|turn|15
|-message|arctix forfeited.
|
|win|Win Conditioner
|raw|Ladder updating...
|leave|arctix
|player|p1
|raw|arctix's rating: 1487 &rarr; <strong>1470<\/strong><br \/>(-17 for losing)
|raw|Win Conditioner's rating: 1538 &rarr; <strong>1555<\/strong><br \/>(+17 for winning)