|join|Nedor
|join|Geebs
|player|p1|Nedor|292
|player|p2|Geebs|121
|gametype|singles
|gen|6
|tier|ORAS OU
|rated
|rule|Sleep Clause Mod: Limit one foe put to sleep
|rule|Species Clause: Limit one of each PokÃ©mon
|rule|OHKO Clause: OHKO moves are banned
|rule|Moody Clause: Moody is banned
|rule|Evasion Moves Clause: Evasion moves are banned
|rule|Endless Battle Clause: Forcing endless battles is banned
|rule|HP Percentage Mod: HP is shown in percentages
|clearpoke
|poke|p1|Gallade, M
|poke|p1|Clefable, F
|poke|p1|Heatran, M
|poke|p1|Talonflame, F
|poke|p1|Latias, F
|poke|p1|Ferrothorn, M
|poke|p2|Sableye, F
|poke|p2|Talonflame, M
|poke|p2|Ferrothorn, M
|poke|p2|Hippowdon, M
|poke|p2|Excadrill, F
|poke|p2|Greninja, M
|rule|Swagger Clause: Swagger is banned
|rule|Baton Pass Clause: Limit one PokÃ©mon knowing Baton Pass
|teampreview
|
|start
|switch|p1a: Clefable|Clefable, F|393\/393
|switch|p2a: Talonflame|Talonflame, M|297\/297
|turn|1
|
|switch|p1a: Heatran|Heatran, M|386\/386
|move|p2a: Talonflame|U-turn|p1a: Heatran
|-resisted|p1a: Heatran
|-damage|p1a: Heatran|367\/386
|
|switch|p2a: Greninja|Greninja, M|285\/285
|
|-heal|p1a: Heatran|386\/386|[from] item: Leftovers
|turn|2
|
|switch|p1a: Ferrothorn|Ferrothorn, M|351\/351
|move|p2a: Greninja|Hydro Pump|p1a: Ferrothorn
|-start|p2a: Greninja|typechange|Water|[from] Protean
|-resisted|p1a: Ferrothorn
|-damage|p1a: Ferrothorn|248\/351
|-damage|p2a: Greninja|257\/285|[from] item: Life Orb
|
|turn|3
|
|switch|p2a: Hippowdon|Hippowdon, M|420\/420
|-weather|Sandstorm
|switch|p1a: Heatran|Heatran, M|386\/386
|
|-weather|Sandstorm|[upkeep]
|turn|4
|
|switch|p1a: Latias|Latias, F|311\/311
|move|p2a: Hippowdon|Stealth Rock|p1a: Latias
|-sidestart|p1: Nedor|move: Stealth Rock
|
|-weather|Sandstorm|[upkeep]
|-damage|p1a: Latias|292\/311|[from] sandstorm
|-heal|p1a: Latias|311\/311|[from] item: Leftovers
|turn|5
|
|switch|p2a: Ferrothorn|Ferrothorn, M|352\/352
|move|p1a: Latias|Draco Meteor|p2a: Ferrothorn
|-resisted|p2a: Ferrothorn
|-damage|p2a: Ferrothorn|279\/352
|-unboost|p1a: Latias|spa|2
|
|-weather|Sandstorm|[upkeep]
|-damage|p1a: Latias|292\/311|[from] sandstorm
|-heal|p1a: Latias|311\/311|[from] item: Leftovers
|-heal|p2a: Ferrothorn|301\/352|[from] item: Leftovers
|turn|6
|
|switch|p2a: Talonflame|Talonflame, M|297\/297
|move|p1a: Latias|Defog|p2a: Talonflame
|-unboost|p2a: Talonflame|evasion|1
|-sideend|p1: Nedor|Stealth Rock|[from] move: Defog|[of] p1a: Latias
|
|-weather|Sandstorm|[upkeep]
|-damage|p2a: Talonflame|279\/297|[from] sandstorm
|-damage|p1a: Latias|292\/311|[from] sandstorm
|-heal|p1a: Latias|311\/311|[from] item: Leftovers
|turn|7
|
|switch|p1a: Heatran|Heatran, M|386\/386
|move|p2a: Talonflame|U-turn|p1a: Heatran
|-resisted|p1a: Heatran
|-damage|p1a: Heatran|364\/386
|
|switch|p2a: Greninja|Greninja, M|257\/285
|
|-weather|none
|-heal|p1a: Heatran|386\/386|[from] item: Leftovers
|turn|8
|
|move|p2a: Greninja|Hydro Pump|p1a: Heatran|[miss]
|-start|p2a: Greninja|typechange|Water|[from] Protean
|-miss|p2a: Greninja|p1a: Heatran
|move|p1a: Heatran|Stealth Rock|p2a: Greninja
|-sidestart|p2: Geebs|move: Stealth Rock
|
|turn|9
|
|move|p2a: Greninja|Hydro Pump|p1a: Heatran
|-supereffective|p1a: Heatran
|-damage|p1a: Heatran|87\/386
|-damage|p2a: Greninja|229\/285|[from] item: Life Orb
|move|p1a: Heatran|Toxic|p2a: Greninja
|-status|p2a: Greninja|tox
|
|-heal|p1a: Heatran|111\/386|[from] item: Leftovers
|-damage|p2a: Greninja|212\/285 tox|[from] psn
|turn|10
|c|âGeebs|that's unfortunate
|
|move|p2a: Greninja|Hydro Pump|p1a: Heatran
|-supereffective|p1a: Heatran
|-damage|p1a: Heatran|0 fnt
|-damage|p2a: Greninja|184\/285 tox|[from] item: Life Orb
|faint|p1a: Heatran
|
|-damage|p2a: Greninja|150\/285 tox|[from] psn
|
|switch|p1a: Talonflame|Talonflame, F|319\/319
|turn|11
|
|switch|p2a: Hippowdon|Hippowdon, M|420\/420
|-damage|p2a: Hippowdon|394\/420|[from] Stealth Rock
|-weather|Sandstorm
|move|p1a: Talonflame|Swords Dance|p1a: Talonflame
|-boost|p1a: Talonflame|atk|2
|
|-weather|Sandstorm|[upkeep]
|-damage|p1a: Talonflame|300\/319|[from] sandstorm
|-heal|p2a: Hippowdon|420\/420|[from] item: Leftovers
|turn|12
|
|move|p1a: Talonflame|Brave Bird|p2a: Hippowdon
|-damage|p2a: Hippowdon|177\/420
|-damage|p1a: Talonflame|220\/319|[from] recoil|[of] p2a: Hippowdon
|move|p2a: Hippowdon|Stealth Rock|p1a: Talonflame
|-sidestart|p1: Nedor|move: Stealth Rock
|
|-weather|Sandstorm|[upkeep]
|-damage|p1a: Talonflame|201\/319|[from] sandstorm
|-heal|p2a: Hippowdon|203\/420|[from] item: Leftovers
|turn|13
|
|move|p1a: Talonflame|Swords Dance|p1a: Talonflame
|-boost|p1a: Talonflame|atk|2
|move|p2a: Hippowdon|Slack Off|p2a: Hippowdon
|-heal|p2a: Hippowdon|413\/420
|
|-weather|Sandstorm|[upkeep]
|-damage|p1a: Talonflame|182\/319|[from] sandstorm
|-heal|p2a: Hippowdon|420\/420|[from] item: Leftovers
|turn|14
|
|move|p1a: Talonflame|Roost|p1a: Talonflame
|-heal|p1a: Talonflame|319\/319
|move|p2a: Hippowdon|Whirlwind|p1a: Talonflame
|drag|p1a: Gallade|Gallade, M|277\/277
|-damage|p1a: Gallade|260\/277|[from] Stealth Rock
|
|-weather|Sandstorm|[upkeep]
|-damage|p1a: Gallade|243\/277|[from] sandstorm
|turn|15
|
|detailschange|p1a: Gallade|Gallade-Mega, M
|message|Gallade has Mega Evolved into Mega Gallade!
|move|p1a: Gallade|Knock Off|p2a: Hippowdon
|-damage|p2a: Hippowdon|327\/420
|-enditem|p2a: Hippowdon|Leftovers|[from] move: Knock Off|[of] p1a: Gallade
|move|p2a: Hippowdon|Earthquake|p1a: Gallade
|-damage|p1a: Gallade|105\/277
|
|-weather|none
|turn|16
|
|switch|p1a: Clefable|Clefable, F|393\/393
|switch|p2a: Sableye|Sableye, F|304\/304
|-damage|p2a: Sableye|266\/304|[from] Stealth Rock
|
|turn|17
|
|switch|p2a: Excadrill|Excadrill, F|361\/361
|-damage|p2a: Excadrill|350\/361|[from] Stealth Rock
|move|p1a: Clefable|Hidden Power|p2a: Excadrill
|-supereffective|p2a: Excadrill
|-damage|p2a: Excadrill|220\/361
|
|turn|18
|
|switch|p1a: Talonflame|Talonflame, F|319\/319
|-damage|p1a: Talonflame|160\/319|[from] Stealth Rock
|move|p2a: Excadrill|Rapid Spin|p1a: Talonflame
|-damage|p1a: Talonflame|112\/319
|-sideend|p2: Geebs|Stealth Rock|[from] move: Rapid Spin|[of] p2a: Excadrill
|-damage|p2a: Excadrill|184\/361|[from] item: Life Orb
|
|turn|19
|
|move|p1a: Talonflame|Flare Blitz|p2a: Excadrill
|-supereffective|p2a: Excadrill
|-damage|p2a: Excadrill|0 fnt
|-damage|p1a: Talonflame|51\/319|[from] recoil|[of] p2a: Excadrill
|faint|p2a: Excadrill
|
|
|switch|p2a: Talonflame|Talonflame, M|279\/297
|turn|20
|
|move|p2a: Talonflame|Brave Bird|p1a: Talonflame
|-damage|p1a: Talonflame|0 fnt
|-damage|p2a: Talonflame|262\/297|[from] recoil|[of] p1a: Talonflame
|faint|p1a: Talonflame
|
|
|switch|p1a: Latias|Latias, F|311\/311
|-damage|p1a: Latias|273\/311|[from] Stealth Rock
|turn|21
|
|switch|p2a: Hippowdon|Hippowdon, M|327\/420
|-weather|Sandstorm
|switch|p1a: Gallade|Gallade-Mega, M|105\/277
|-damage|p1a: Gallade|88\/277|[from] Stealth Rock
|
|-weather|Sandstorm|[upkeep]
|-damage|p1a: Gallade|71\/277|[from] sandstorm
|turn|22
|
|move|p1a: Gallade|Close Combat|p2a: Hippowdon
|-damage|p2a: Hippowdon|164\/420
|-unboost|p1a: Gallade|def|1
|-unboost|p1a: Gallade|spd|1
|move|p2a: Hippowdon|Whirlwind|p1a: Gallade
|drag|p1a: Ferrothorn|Ferrothorn, M|248\/351
|-damage|p1a: Ferrothorn|227\/351|[from] Stealth Rock
|
|-weather|Sandstorm|[upkeep]
|turn|23
|-message|Nedor forfeited.
|
|win|Geebs
|raw|Ladder updating...
|leave|Nedor
|player|p1
|raw|Nedor's rating: 1377 &rarr; <strong>1359<\/strong><br \/>(-18 for losing)
|raw|Geebs's rating: 1410 &rarr; <strong>1428<\/strong><br \/>(+18 for winning)