|join|RMS
|join|Nedor
|player|p1|RMS|101
|player|p2|Nedor|292
|gametype|singles
|gen|6
|tier|ORAS OU
|rated
|rule|Sleep Clause Mod: Limit one foe put to sleep
|rule|Species Clause: Limit one of each PokÃ©mon
|rule|OHKO Clause: OHKO moves are banned
|rule|Moody Clause: Moody is banned
|rule|Evasion Moves Clause: Evasion moves are banned
|rule|Endless Battle Clause: Forcing endless battles is banned
|rule|HP Percentage Mod: HP is shown in percentages
|clearpoke
|poke|p1|Diancie
|poke|p1|Jirachi
|poke|p1|Kyurem-Black
|poke|p1|Zapdos
|poke|p1|Mandibuzz, F
|poke|p1|Diggersby, M
|poke|p2|Altaria, M
|poke|p2|Magnezone
|poke|p2|Landorus-Therian, M
|poke|p2|Greninja, F
|poke|p2|Latios, M
|poke|p2|Rotom-Wash
|rule|Swagger Clause: Swagger is banned
|rule|Baton Pass Clause: Limit one PokÃ©mon knowing Baton Pass
|teampreview
|
|start
|switch|p1a: Mandibuzz|Mandibuzz, F|398\/398
|switch|p2a: Rotom-Wash|Rotom-Wash|303\/303
|turn|1
|
|move|p2a: Rotom-Wash|Will-O-Wisp|p1a: Mandibuzz
|-status|p1a: Mandibuzz|brn
|move|p1a: Mandibuzz|Roost|p1a: Mandibuzz
|-fail|p1a: Mandibuzz
|
|-damage|p1a: Mandibuzz|349\/398 brn|[from] brn
|turn|2
|
|move|p2a: Rotom-Wash|Hydro Pump|p1a: Mandibuzz
|-damage|p1a: Mandibuzz|232\/398 brn
|move|p1a: Mandibuzz|Toxic|p2a: Rotom-Wash|[miss]
|-miss|p1a: Mandibuzz|p2a: Rotom-Wash
|
|-heal|p1a: Mandibuzz|256\/398 brn|[from] item: Leftovers
|-damage|p1a: Mandibuzz|207\/398 brn|[from] brn
|turn|3
|
|move|p2a: Rotom-Wash|Volt Switch|p1a: Mandibuzz
|-supereffective|p1a: Mandibuzz
|-damage|p1a: Mandibuzz|45\/398 brn
|
|switch|p2a: Magnezone|Magnezone|281\/281
|move|p1a: Mandibuzz|Roost|p1a: Mandibuzz
|-heal|p1a: Mandibuzz|244\/398 brn
|
|-heal|p1a: Mandibuzz|268\/398 brn|[from] item: Leftovers
|-damage|p1a: Mandibuzz|219\/398 brn|[from] brn
|turn|4
|
|move|p2a: Magnezone|Volt Switch|p1a: Mandibuzz
|-supereffective|p1a: Mandibuzz
|-damage|p1a: Mandibuzz|0 fnt
|faint|p1a: Mandibuzz
|
|switch|p2a: Greninja|Greninja, F|285\/285
|
|
|switch|p1a: Kyurem-Black|Kyurem-Black|448\/448
|-ability|p1a: Kyurem-Black|Teravolt
|turn|5
|
|switch|p2a: Magnezone|Magnezone|281\/281
|move|p1a: Kyurem-Black|Substitute|p1a: Kyurem-Black
|-start|p1a: Kyurem-Black|Substitute
|-damage|p1a: Kyurem-Black|336\/448
|
|-heal|p1a: Kyurem-Black|364\/448|[from] item: Leftovers
|turn|6
|
|move|p2a: Magnezone|Volt Switch|p1a: Kyurem-Black
|-resisted|p1a: Kyurem-Black
|-activate|p1a: Kyurem-Black|Substitute|[damage]
|
|switch|p2a: Landorus-Therian|Landorus-Therian, M|381\/381
|-activate|p1a: Kyurem-Black|Substitute|ability: Intimidate|[of] p2a: Landorus-Therian
|move|p1a: Kyurem-Black|Earth Power|p2a: Landorus-Therian
|-immune|p2a: Landorus-Therian|[msg]
|
|-heal|p1a: Kyurem-Black|392\/448|[from] item: Leftovers
|turn|7
|
|switch|p2a: Magnezone|Magnezone|281\/281
|move|p1a: Kyurem-Black|Substitute|p1a: Kyurem-Black
|-fail|p1a: Kyurem-Black|move: Substitute
|
|-heal|p1a: Kyurem-Black|420\/448|[from] item: Leftovers
|turn|8
|
|move|p2a: Magnezone|Volt Switch|p1a: Kyurem-Black
|-resisted|p1a: Kyurem-Black
|-end|p1a: Kyurem-Black|Substitute
|
|switch|p2a: Altaria|Altaria, M|307\/307
|move|p1a: Kyurem-Black|Earth Power|p2a: Altaria
|-immune|p2a: Altaria|[msg]
|
|-heal|p1a: Kyurem-Black|448\/448|[from] item: Leftovers
|turn|9
|
|switch|p1a: Jirachi|Jirachi|403\/403
|detailschange|p2a: Altaria|Altaria-Mega, M
|message|Altaria has Mega Evolved into Mega Altaria!
|move|p2a: Altaria|Return|p1a: Jirachi
|-resisted|p1a: Jirachi
|-damage|p1a: Jirachi|303\/403
|
|turn|10
|
|switch|p2a: Rotom-Wash|Rotom-Wash|303\/303
|move|p1a: Jirachi|Body Slam|p2a: Rotom-Wash
|-damage|p2a: Rotom-Wash|224\/303
|
|-heal|p2a: Rotom-Wash|242\/303|[from] item: Leftovers
|turn|11
|
|switch|p1a: Kyurem-Black|Kyurem-Black|448\/448
|-ability|p1a: Kyurem-Black|Teravolt
|move|p2a: Rotom-Wash|Will-O-Wisp|p1a: Kyurem-Black
|-status|p1a: Kyurem-Black|brn
|
|-heal|p2a: Rotom-Wash|260\/303|[from] item: Leftovers
|-damage|p1a: Kyurem-Black|392\/448 brn|[from] brn
|turn|12
|
|move|p2a: Rotom-Wash|Volt Switch|p1a: Kyurem-Black
|-resisted|p1a: Kyurem-Black
|-damage|p1a: Kyurem-Black|346\/448 brn
|
|switch|p2a: Landorus-Therian|Landorus-Therian, M|381\/381
|-ability|p2a: Landorus-Therian|Intimidate|[of] p1a: Kyurem-Black
|-unboost|p1a: Kyurem-Black|atk|1
|move|p1a: Kyurem-Black|Earth Power|p2a: Landorus-Therian
|-immune|p2a: Landorus-Therian|[msg]
|
|-heal|p1a: Kyurem-Black|374\/448 brn|[from] item: Leftovers
|-damage|p1a: Kyurem-Black|318\/448 brn|[from] brn
|turn|13
|
|switch|p2a: Magnezone|Magnezone|281\/281
|move|p1a: Kyurem-Black|Ice Beam|p2a: Magnezone
|-resisted|p2a: Magnezone
|-damage|p2a: Magnezone|185\/281
|
|-heal|p1a: Kyurem-Black|346\/448 brn|[from] item: Leftovers
|-damage|p1a: Kyurem-Black|290\/448 brn|[from] brn
|turn|14
|
|switch|p1a: Jirachi|Jirachi|303\/403
|move|p2a: Magnezone|Flash Cannon|p1a: Jirachi
|-resisted|p1a: Jirachi
|-damage|p1a: Jirachi|257\/403
|
|turn|15
|
|switch|p2a: Rotom-Wash|Rotom-Wash|260\/303
|move|p1a: Jirachi|Zen Headbutt|p2a: Rotom-Wash|[miss]
|-miss|p1a: Jirachi|p2a: Rotom-Wash
|
|-heal|p2a: Rotom-Wash|278\/303|[from] item: Leftovers
|turn|16
|
|switch|p1a: Kyurem-Black|Kyurem-Black|290\/448 brn
|-ability|p1a: Kyurem-Black|Teravolt
|move|p2a: Rotom-Wash|Volt Switch|p1a: Kyurem-Black
|-resisted|p1a: Kyurem-Black
|-damage|p1a: Kyurem-Black|241\/448 brn
|
|switch|p2a: Altaria|Altaria-Mega, M|307\/307
|
|-heal|p1a: Kyurem-Black|269\/448 brn|[from] item: Leftovers
|-damage|p1a: Kyurem-Black|213\/448 brn|[from] brn
|turn|17
|c|âRMS|I love this game sometimes...
|c|âNedor|it wouldnt have done much .
|c|âRMS|Still.
|c|âNedor|252 Atk Jirachi Zen Headbutt vs. 252 HP \/ 212+ Def Rotom-W: 78-93 (25.6 - 30.5%) -- 1.1% chance to 4HKO after Leftovers recovery Not still, it does shit.
|c|âNedor|plus lefties, and you'd switch
|
|move|p2a: Altaria|Earthquake|p1a: Kyurem-Black
|-damage|p1a: Kyurem-Black|99\/448 brn
|move|p1a: Kyurem-Black|Ice Beam|p2a: Altaria
|-supereffective|p2a: Altaria
|-damage|p2a: Altaria|0 fnt
|faint|p2a: Altaria
|
|-heal|p1a: Kyurem-Black|127\/448 brn|[from] item: Leftovers
|-damage|p1a: Kyurem-Black|71\/448 brn|[from] brn
|
|switch|p2a: Greninja|Greninja, F|285\/285
|turn|18
|c|âRMS|That did alot.
|c|âRMS|;)
|
|move|p2a: Greninja|Ice Beam|p1a: Kyurem-Black
|-start|p2a: Greninja|typechange|Ice|[from] Protean
|-damage|p1a: Kyurem-Black|0 fnt
|-damage|p2a: Greninja|257\/285|[from] item: Life Orb
|faint|p1a: Kyurem-Black
|
|
|switch|p1a: Diggersby|Diggersby, M|311\/311
|turn|19
|
|switch|p2a: Landorus-Therian|Landorus-Therian, M|381\/381
|-ability|p2a: Landorus-Therian|Intimidate|[of] p1a: Diggersby
|-unboost|p1a: Diggersby|atk|1
|move|p1a: Diggersby|Swords Dance|p1a: Diggersby
|-boost|p1a: Diggersby|atk|2
|
|turn|20
|
|move|p1a: Diggersby|Return|p2a: Landorus-Therian
|-damage|p2a: Landorus-Therian|152\/381
|move|p2a: Landorus-Therian|Earthquake|p1a: Diggersby
|-damage|p1a: Diggersby|119\/311
|
|-heal|p2a: Landorus-Therian|175\/381|[from] item: Leftovers
|turn|21
|
|move|p1a: Diggersby|Return|p2a: Landorus-Therian
|-damage|p2a: Landorus-Therian|0 fnt
|faint|p2a: Landorus-Therian
|
|
|switch|p2a: Rotom-Wash|Rotom-Wash|278\/303
|turn|22
|
|move|p1a: Diggersby|Return|p2a: Rotom-Wash
|-damage|p2a: Rotom-Wash|35\/303
|move|p2a: Rotom-Wash|Hidden Power|p1a: Diggersby
|-supereffective|p1a: Diggersby
|-damage|p1a: Diggersby|0 fnt
|faint|p1a: Diggersby
|
|-heal|p2a: Rotom-Wash|53\/303|[from] item: Leftovers
|
|switch|p1a: Zapdos|Zapdos|322\/322
|-ability|p1a: Zapdos|Pressure
|turn|23
|
|move|p1a: Zapdos|Thunderbolt|p2a: Rotom-Wash
|-damage|p2a: Rotom-Wash|0 fnt
|-damage|p1a: Zapdos|290\/322|[from] item: Life Orb
|faint|p2a: Rotom-Wash
|
|
|switch|p2a: Greninja|Greninja, F|257\/285
|turn|24
|
|move|p2a: Greninja|Ice Beam|p1a: Zapdos
|-start|p2a: Greninja|typechange|Ice|[from] Protean
|-supereffective|p1a: Zapdos
|-damage|p1a: Zapdos|0 fnt
|-damage|p2a: Greninja|229\/285|[from] item: Life Orb
|faint|p1a: Zapdos
|
|
|switch|p1a: Jirachi|Jirachi|257\/403
|turn|25
|
|switch|p2a: Magnezone|Magnezone|185\/281
|move|p1a: Jirachi|Drain Punch|p2a: Magnezone
|-supereffective|p2a: Magnezone
|-damage|p2a: Magnezone|39\/281
|-heal|p1a: Jirachi|330\/403|[from] drain|[of] p2a: Magnezone
|
|turn|26
|
|switch|p2a: Latios|Latios, M|301\/301
|move|p1a: Jirachi|Drain Punch|p2a: Latios
|-resisted|p2a: Latios
|-damage|p2a: Latios|256\/301
|-heal|p1a: Jirachi|353\/403|[from] drain|[of] p2a: Latios
|
|turn|27
|
|switch|p2a: Greninja|Greninja, F|229\/285
|move|p1a: Jirachi|Body Slam|p2a: Greninja
|-crit|p2a: Greninja
|-damage|p2a: Greninja|14\/285
|-status|p2a: Greninja|par
|
|turn|28
|join|HardCore Legend
|c|âNedor|YOURE NOT SCARFED WTF
|c|âNedor|...
|c|âRMS|No.
|
|move|p1a: Jirachi|Iron Head|p2a: Greninja
|-resisted|p2a: Greninja
|-damage|p2a: Greninja|0 fnt
|faint|p2a: Greninja
|
|c|âRMS|It's my own set.
|
|switch|p2a: Latios|Latios, M|256\/301
|turn|29
|c|âNedor|no its not bud.
|c|âNedor|its rachi
|c|âNedor|flinchrachi
|c|âRMS|No.
|c|âNedor|innovation right here
|c|âRMS|It's Vestrachi.
|
|move|p2a: Latios|Draco Meteor|p1a: Jirachi
|-resisted|p1a: Jirachi
|-damage|p1a: Jirachi|253\/403
|-unboost|p2a: Latios|spa|2
|-damage|p2a: Latios|226\/301|[from] item: Life Orb
|move|p1a: Jirachi|Body Slam|p2a: Latios
|-damage|p2a: Latios|121\/301
|
|turn|30
|c|âRMS|It's got more to it than just paraflinching.
|
|move|p2a: Latios|Roost|p2a: Latios
|-heal|p2a: Latios|272\/301
|move|p1a: Jirachi|Body Slam|p2a: Latios
|-damage|p2a: Latios|164\/301
|
|turn|31
|
|switch|p2a: Magnezone|Magnezone|39\/281
|move|p1a: Jirachi|Body Slam|p2a: Magnezone
|-resisted|p2a: Magnezone
|-damage|p2a: Magnezone|0 fnt
|faint|p2a: Magnezone
|
|c|âRMS|gg
|-message|Nedor forfeited.
|
|win|RMS
|raw|Ladder updating...
|leave|Nedor
|player|p2
|c|âRMS|:)
|leave|HardCore Legend
|raw|Ladder (probably) updated, but score could not be retrieved (timeout).
|raw|Ladder (probably) updated, but score could not be retrieved (Error: socket hang up).
|leave|RMS
|player|p1
|join|RMS