|join|Kai690
|join|Nedor
|player|p1|Kai690|138
|player|p2|Nedor|1
|gametype|singles
|gen|6
|tier|OU
|rated
|clearpoke
|poke|p1|Gyarados, M
|poke|p1|Thundurus-Therian, M
|poke|p1|Landorus-Therian, M
|poke|p1|Scizor, F
|poke|p1|Latias, F
|poke|p1|Conkeldurr, M
|poke|p2|Scizor, F
|poke|p2|Kyurem-Black
|poke|p2|Azumarill, F
|poke|p2|Heatran, F
|poke|p2|Latios, M
|poke|p2|Zapdos
|rule|Swagger Clause: Swagger is banned
|rule|Baton Pass Clause: Limit one PokÃ©mon knowing Baton Pass
|rule|Sleep Clause Mod: Limit one foe put to sleep
|rule|Species Clause: Limit one of each PokÃ©mon
|rule|OHKO Clause: OHKO moves are banned
|rule|Moody Clause: Moody is banned
|rule|Evasion Moves Clause: Evasion moves are banned
|rule|Endless Battle Clause: Forcing endless battles is banned
|rule|HP Percentage Mod: HP is shown in percentages
|teampreview
|
|start
|switch|p1a: Conkeldurr|Conkeldurr, M|365\/365
|switch|p2a: Yassss Bitch Yasss|Kyurem-Black|391\/391
|-ability|p2a: Yassss Bitch Yasss|Teravolt
|turn|1
|
|switch|p2a: Yassss Bitch Yasss|Azumarill, F|347\/347
|move|p1a: Conkeldurr|Thunder Punch|p2a: Yassss Bitch Yasss
|-supereffective|p2a: Yassss Bitch Yasss
|-damage|p2a: Yassss Bitch Yasss|103\/347
|
|turn|2
|
|switch|p1a: Scizor|Scizor, F|343\/343
|move|p2a: Yassss Bitch Yasss|Play Rough|p1a: Scizor
|-crit|p1a: Scizor
|-resisted|p1a: Scizor
|-damage|p1a: Scizor|210\/343
|
|turn|3
|
|switch|p2a: Yassss Bitch Yasss|Zapdos|384\/384
|-ability|p2a: Yassss Bitch Yasss|Pressure
|detailschange|p1a: Scizor|Scizor-Mega, F
|message|Scizor has Mega Evolved into Mega Scizor!
|move|p1a: Scizor|Roost|p1a: Scizor
|-heal|p1a: Scizor|343\/343
|
|turn|4
|
|switch|p1a: Conkeldurr|Conkeldurr, M|365\/365
|move|p2a: Yassss Bitch Yasss|Thunderbolt|p1a: Conkeldurr
|-damage|p1a: Conkeldurr|268\/365
|
|turn|5
|
|move|p2a: Yassss Bitch Yasss|Thunderbolt|p1a: Conkeldurr
|-damage|p1a: Conkeldurr|162\/365
|move|p1a: Conkeldurr|Drain Punch|p2a: Yassss Bitch Yasss
|-resisted|p2a: Yassss Bitch Yasss
|-damage|p2a: Yassss Bitch Yasss|321\/384
|-heal|p1a: Conkeldurr|194\/365|[from] drain|[of] p2a: Yassss Bitch Yasss
|
|-heal|p2a: Yassss Bitch Yasss|345\/384|[from] item: Leftovers
|turn|6
|
|move|p2a: Yassss Bitch Yasss|Thunderbolt|p1a: Conkeldurr
|-crit|p1a: Conkeldurr
|-damage|p1a: Conkeldurr|44\/365
|move|p1a: Conkeldurr|Ice Punch|p2a: Yassss Bitch Yasss
|-supereffective|p2a: Yassss Bitch Yasss
|-damage|p2a: Yassss Bitch Yasss|161\/384
|-status|p2a: Yassss Bitch Yasss|frz
|
|-heal|p2a: Yassss Bitch Yasss|185\/384 frz|[from] item: Leftovers
|turn|7
|
|cant|p2a: Yassss Bitch Yasss|frz
|move|p1a: Conkeldurr|Thunder Punch|p2a: Yassss Bitch Yasss
|-crit|p2a: Yassss Bitch Yasss
|-damage|p2a: Yassss Bitch Yasss|47\/384 frz
|
|-heal|p2a: Yassss Bitch Yasss|71\/384 frz|[from] item: Leftovers
|turn|8
|leave|Kai690
|player|p1
|join|Kai690
|player|p1|Kai690|138
|
|cant|p2a: Yassss Bitch Yasss|frz
|move|p1a: Conkeldurr|Ice Punch|p2a: Yassss Bitch Yasss
|-supereffective|p2a: Yassss Bitch Yasss
|-damage|p2a: Yassss Bitch Yasss|0 fnt
|faint|p2a: Yassss Bitch Yasss
|
|
|switch|p2a: Yassss Bitch Yasss|Scizor, F|343\/343
|turn|9
|
|switch|p1a: Latias|Latias, F|301\/301
|detailschange|p2a: Yassss Bitch Yasss|Scizor-Mega, F
|message|Scizor has Mega Evolved into Mega Scizor!
|move|p2a: Yassss Bitch Yasss|Swords Dance|p2a: Yassss Bitch Yasss
|-boost|p2a: Yassss Bitch Yasss|atk|2
|
|turn|10
|
|move|p1a: Latias|Hidden Power|p2a: Yassss Bitch Yasss
|-supereffective|p2a: Yassss Bitch Yasss
|-damage|p2a: Yassss Bitch Yasss|131\/343
|move|p2a: Yassss Bitch Yasss|Knock Off|p1a: Latias
|-supereffective|p1a: Latias
|-damage|p1a: Latias|0 fnt
|-enditem|p1a: Latias|Leftovers|[from] move: Knock Off|[of] p2a: Yassss Bitch Yasss
|faint|p1a: Latias
|
|
|switch|p1a: Thundurus-Therian|Thundurus-Therian, M|300\/300
|turn|11
|
|switch|p2a: Yassss Bitch Yasss|Kyurem-Black|391\/391
|-ability|p2a: Yassss Bitch Yasss|Teravolt
|move|p1a: Thundurus-Therian|Thunderbolt|p2a: Yassss Bitch Yasss
|-resisted|p2a: Yassss Bitch Yasss
|-damage|p2a: Yassss Bitch Yasss|272\/391
|
|turn|12
|
|switch|p1a: Conkeldurr|Conkeldurr, M|44\/365
|move|p2a: Yassss Bitch Yasss|Dragon Claw|p1a: Conkeldurr
|-damage|p1a: Conkeldurr|0 fnt
|faint|p1a: Conkeldurr
|
|
|switch|p1a: Scizor|Scizor-Mega, F|343\/343
|turn|13
|
|switch|p2a: VerlisAids|Heatran, F|386\/386
|move|p1a: Scizor|Knock Off|p2a: VerlisAids
|-damage|p2a: VerlisAids|270\/386
|-enditem|p2a: VerlisAids|Leftovers|[from] move: Knock Off|[of] p1a: Scizor
|
|turn|14
|
|switch|p1a: Landorus-Therian|Landorus-Therian, M|382\/382
|-ability|p1a: Landorus-Therian|Intimidate|[of] p2a: VerlisAids
|-unboost|p2a: VerlisAids|atk|1
|move|p2a: VerlisAids|Stealth Rock|p1a: Landorus-Therian
|-sidestart|p1: Kai690|move: Stealth Rock
|
|turn|15
|
|switch|p2a: Yassss Bitch Yasss|Latios, M|302\/302
|move|p1a: Landorus-Therian|Earthquake|p2a: Yassss Bitch Yasss
|-immune|p2a: Yassss Bitch Yasss|[msg]
|
|turn|16
|
|move|p2a: Yassss Bitch Yasss|Hidden Power|p1a: Landorus-Therian
|-damage|p1a: Landorus-Therian|269\/382
|move|p1a: Landorus-Therian|U-turn|p2a: Yassss Bitch Yasss
|-supereffective|p2a: Yassss Bitch Yasss
|-damage|p2a: Yassss Bitch Yasss|102\/302
|
|switch|p1a: Scizor|Scizor-Mega, F|343\/343
|-damage|p1a: Scizor|301\/343|[from] Stealth Rock
|
|turn|17
|
|switch|p2a: VerlisAids|Heatran, F|270\/386
|move|p1a: Scizor|Bullet Punch|p2a: VerlisAids
|-resisted|p2a: VerlisAids
|-damage|p2a: VerlisAids|244\/386
|
|turn|18
|c|âNedor|You take long..
|
|switch|p1a: Landorus-Therian|Landorus-Therian, M|269\/382
|-damage|p1a: Landorus-Therian|222\/382|[from] Stealth Rock
|-ability|p1a: Landorus-Therian|Intimidate|[of] p2a: VerlisAids
|-unboost|p2a: VerlisAids|atk|1
|move|p2a: VerlisAids|Lava Plume|p1a: Landorus-Therian
|-damage|p1a: Landorus-Therian|93\/382
|-status|p1a: Landorus-Therian|brn
|
|-damage|p1a: Landorus-Therian|46\/382 brn|[from] brn
|turn|19
|c|âNedor|BRUH
|c|âNedor|I AINT GOT ALL DAY
|
|switch|p2a: Yassss Bitch Yasss|Azumarill, F|103\/347
|move|p1a: Landorus-Therian|Stealth Rock|p2a: Yassss Bitch Yasss
|-sidestart|p2: Nedor|move: Stealth Rock
|
|-damage|p1a: Landorus-Therian|0 fnt|[from] brn
|faint|p1a: Landorus-Therian
|
|switch|p1a: Scizor|Scizor-Mega, F|301\/343
|-damage|p1a: Scizor|259\/343|[from] Stealth Rock
|turn|20
|
|switch|p2a: VerlisAids|Heatran, F|244\/386
|-damage|p2a: VerlisAids|196\/386|[from] Stealth Rock
|move|p1a: Scizor|Knock Off|p2a: VerlisAids
|-damage|p2a: VerlisAids|114\/386
|
|turn|21
|
|move|p1a: Scizor|Knock Off|p2a: VerlisAids
|-damage|p2a: VerlisAids|30\/386
|move|p2a: VerlisAids|Roar|p1a: Scizor
|drag|p1a: Gyarados|Gyarados, M|347\/347
|-damage|p1a: Gyarados|261\/347|[from] Stealth Rock
|-ability|p1a: Gyarados|Intimidate|[of] p2a: VerlisAids
|-unboost|p2a: VerlisAids|atk|1
|
|-heal|p1a: Gyarados|282\/347|[from] item: Leftovers
|turn|22
|
|move|p1a: Gyarados|Waterfall|p2a: VerlisAids
|-supereffective|p2a: VerlisAids
|-damage|p2a: VerlisAids|0 fnt
|faint|p2a: VerlisAids
|
|-heal|p1a: Gyarados|303\/347|[from] item: Leftovers
|
|switch|p2a: Yassss Bitch Yasss|Kyurem-Black|272\/391
|-damage|p2a: Yassss Bitch Yasss|175\/391|[from] Stealth Rock
|-ability|p2a: Yassss Bitch Yasss|Teravolt
|turn|23
|
|switch|p1a: Thundurus-Therian|Thundurus-Therian, M|300\/300
|-damage|p1a: Thundurus-Therian|225\/300|[from] Stealth Rock
|move|p2a: Yassss Bitch Yasss|Fusion Bolt|p1a: Thundurus-Therian
|-damage|p1a: Thundurus-Therian|39\/300
|
|-heal|p1a: Thundurus-Therian|57\/300|[from] item: Leftovers
|turn|24
|
|move|p2a: Yassss Bitch Yasss|Fusion Bolt|p1a: Thundurus-Therian
|-damage|p1a: Thundurus-Therian|0 fnt
|faint|p1a: Thundurus-Therian
|
|
|switch|p1a: Scizor|Scizor-Mega, F|259\/343
|-damage|p1a: Scizor|217\/343|[from] Stealth Rock
|turn|25
|
|move|p2a: Yassss Bitch Yasss|Fusion Bolt|p1a: Scizor
|-damage|p1a: Scizor|113\/343
|move|p1a: Scizor|Swords Dance|p1a: Scizor
|-boost|p1a: Scizor|atk|2
|
|turn|26
|
|move|p1a: Scizor|Bullet Punch|p2a: Yassss Bitch Yasss
|-supereffective|p2a: Yassss Bitch Yasss
|-damage|p2a: Yassss Bitch Yasss|0 fnt
|faint|p2a: Yassss Bitch Yasss
|
|
|switch|p2a: Yassss Bitch Yasss|Scizor-Mega, F|131\/343
|-damage|p2a: Yassss Bitch Yasss|89\/343|[from] Stealth Rock
|turn|27
|
|move|p1a: Scizor|Roost|p1a: Scizor
|-heal|p1a: Scizor|285\/343
|move|p2a: Yassss Bitch Yasss|Knock Off|p1a: Scizor
|-damage|p1a: Scizor|232\/343
|
|turn|28
|
|move|p1a: Scizor|Knock Off|p2a: Yassss Bitch Yasss
|-damage|p2a: Yassss Bitch Yasss|0 fnt
|faint|p2a: Yassss Bitch Yasss
|
|-message|Nedor forfeited.
|
|win|Kai690
|raw|Ladder updating...
|leave|Nedor
|player|p2
|raw|Kai690's rating: 1759 &rarr; <strong>1778<\/strong><br \/>(+19 for winning)
|raw|Nedor's rating: 1746 &rarr; <strong>1727<\/strong><br \/>(-19 for losing)