|join|Nedor
|join|Weelee-Alt
|player|p1|Nedor|292
|player|p2|Weelee-Alt|92
|gametype|singles
|gen|6
|tier|OU
|rated
|clearpoke
|poke|p1|Heracross, M
|poke|p1|Thundurus, M
|poke|p1|Keldeo-Resolute
|poke|p1|Latias, F
|poke|p1|Heatran, F
|poke|p1|Magnezone
|poke|p2|Abomasnow, M, shiny
|poke|p2|Mandibuzz, F
|poke|p2|Victini, shiny
|poke|p2|Rotom-Wash
|poke|p2|Landorus-Therian, M, shiny
|poke|p2|Magnezone, shiny
|rule|Swagger Clause: Swagger is banned
|rule|Baton Pass Clause: Limit one PokÃ©mon knowing Baton Pass
|rule|Sleep Clause Mod: Limit one foe put to sleep
|rule|Species Clause: Limit one of each PokÃ©mon
|rule|OHKO Clause: OHKO moves are banned
|rule|Moody Clause: Moody is banned
|rule|Evasion Moves Clause: Evasion moves are banned
|rule|Endless Battle Clause: Forcing endless battles is banned
|rule|HP Percentage Mod: HP is shown in percentages
|teampreview
|
|start
|switch|p1a: Thug .|Heracross, M|311\/311
|switch|p2a: Victini|Victini, shiny|341\/341
|turn|1
|
|switch|p1a: Verlis is Aids|Heatran, F|385\/385
|move|p2a: Victini|U-turn|p1a: Verlis is Aids
|-resisted|p1a: Verlis is Aids
|-damage|p1a: Verlis is Aids|369\/385
|
|switch|p2a: Landorus-Therian|Landorus-Therian, M, shiny|381\/381
|-ability|p2a: Landorus-Therian|Intimidate|[of] p1a: Verlis is Aids
|-unboost|p1a: Verlis is Aids|atk|1
|
|-heal|p1a: Verlis is Aids|385\/385|[from] item: Leftovers
|turn|2
|
|switch|p1a: Dildo Tail|Thundurus, M|299\/299
|move|p2a: Landorus-Therian|Earthquake|p1a: Dildo Tail
|-immune|p1a: Dildo Tail|[msg]
|
|turn|3
|
|switch|p2a: Magnezone|Magnezone, shiny|295\/295
|move|p1a: Dildo Tail|Hidden Power|p2a: Magnezone
|-resisted|p2a: Magnezone
|-damage|p2a: Magnezone|269\/295
|-damage|p1a: Dildo Tail|270\/299|[from] item: Life Orb
|
|turn|4
|
|move|p1a: Dildo Tail|Thunderbolt|p2a: Magnezone
|-resisted|p2a: Magnezone
|-damage|p2a: Magnezone|211\/295
|-damage|p1a: Dildo Tail|241\/299|[from] item: Life Orb
|move|p2a: Magnezone|Volt Switch|p1a: Dildo Tail
|-damage|p1a: Dildo Tail|102\/299
|
|switch|p2a: Victini|Victini, shiny|341\/341
|
|turn|5
|
|switch|p2a: Magnezone|Magnezone, shiny|211\/295
|move|p1a: Dildo Tail|Thunder Wave|p2a: Magnezone
|-fail|p2a: Magnezone
|
|turn|6
|
|switch|p1a: Verlis is Aids|Heatran, F|385\/385
|move|p2a: Magnezone|Volt Switch|p1a: Verlis is Aids
|-damage|p1a: Verlis is Aids|306\/385
|
|switch|p2a: Landorus-Therian|Landorus-Therian, M, shiny|381\/381
|-ability|p2a: Landorus-Therian|Intimidate|[of] p1a: Verlis is Aids
|-unboost|p1a: Verlis is Aids|atk|1
|
|-heal|p1a: Verlis is Aids|330\/385|[from] item: Leftovers
|turn|7
|
|move|p2a: Landorus-Therian|Earthquake|p1a: Verlis is Aids
|-supereffective|p1a: Verlis is Aids
|-damage|p1a: Verlis is Aids|0 fnt
|faint|p1a: Verlis is Aids
|
|
|switch|p1a: High Unicorn|Keldeo-Resolute|322\/322
|turn|8
|
|switch|p2a: Rotom-Wash|Rotom-Wash|303\/303
|move|p1a: High Unicorn|Hydro Pump|p2a: Rotom-Wash
|-resisted|p2a: Rotom-Wash
|-damage|p2a: Rotom-Wash|156\/303
|
|-heal|p2a: Rotom-Wash|174\/303|[from] item: Leftovers
|turn|9
|
|switch|p1a: Period Blood|Latias, F|302\/302
|move|p2a: Rotom-Wash|Volt Switch|p1a: Period Blood
|-resisted|p1a: Period Blood
|-damage|p1a: Period Blood|265\/302
|
|switch|p2a: Victini|Victini, shiny|341\/341
|
|-heal|p1a: Period Blood|283\/302|[from] item: Leftovers
|turn|10
|
|switch|p1a: Thug .|Heracross, M|311\/311
|move|p2a: Victini|U-turn|p1a: Thug .
|-resisted|p1a: Thug .
|-damage|p1a: Thug .|260\/311
|
|switch|p2a: Landorus-Therian|Landorus-Therian, M, shiny|381\/381
|-ability|p2a: Landorus-Therian|Intimidate|[of] p1a: Thug .
|-unboost|p1a: Thug .|atk|1
|
|turn|11
|
|detailschange|p1a: Thug .|Heracross-Mega, M
|message|Heracross has Mega Evolved into Mega Heracross!
|move|p1a: Thug .|Swords Dance|p1a: Thug .
|-boost|p1a: Thug .|atk|2
|move|p2a: Landorus-Therian|Stealth Rock|p1a: Thug .
|-sidestart|p1: Nedor|move: Stealth Rock
|
|turn|12
|
|switch|p2a: Magnezone|Magnezone, shiny|211\/295
|move|p1a: Thug .|Rock Blast|p2a: Magnezone
|-resisted|p2a: Magnezone
|-damage|p2a: Magnezone|181\/295
|-resisted|p2a: Magnezone
|-damage|p2a: Magnezone|151\/295
|-crit|p2a: Magnezone
|-resisted|p2a: Magnezone
|-damage|p2a: Magnezone|105\/295
|-resisted|p2a: Magnezone
|-damage|p2a: Magnezone|76\/295
|-resisted|p2a: Magnezone
|-damage|p2a: Magnezone|50\/295
|-hitcount|p2a: Magnezone|5
|
|turn|13
|
|move|p1a: Thug .|Pin Missile|p2a: Magnezone|[miss]
|-miss|p1a: Thug .|p2a: Magnezone
|move|p2a: Magnezone|Volt Switch|p1a: Thug .
|-damage|p1a: Thug .|148\/311
|
|switch|p2a: Victini|Victini, shiny|341\/341
|
|turn|14
|
|move|p2a: Victini|V-create|p1a: Thug .
|-supereffective|p1a: Thug .
|-damage|p1a: Thug .|0 fnt
|-unboost|p2a: Victini|def|1
|-unboost|p2a: Victini|spd|1
|-unboost|p2a: Victini|spe|1
|faint|p1a: Thug .
|
|
|switch|p1a: High Unicorn|Keldeo-Resolute|322\/322
|-damage|p1a: High Unicorn|302\/322|[from] Stealth Rock
|turn|15
|
|switch|p2a: Magnezone|Magnezone, shiny|50\/295
|move|p1a: High Unicorn|Hydro Pump|p2a: Magnezone
|-damage|p2a: Magnezone|0 fnt
|faint|p2a: Magnezone
|
|
|switch|p2a: Victini|Victini, shiny|341\/341
|turn|16
|
|switch|p1a: Period Blood|Latias, F|283\/302
|-damage|p1a: Period Blood|246\/302|[from] Stealth Rock
|move|p2a: Victini|U-turn|p1a: Period Blood
|-supereffective|p1a: Period Blood
|-damage|p1a: Period Blood|72\/302
|
|switch|p2a: Abomasnow|Abomasnow, M, shiny|321\/321
|-weather|Hail
|
|-weather|Hail|[upkeep]
|-damage|p1a: Period Blood|54\/302|[from] hail
|-heal|p1a: Period Blood|72\/302|[from] item: Leftovers
|turn|17
|
|switch|p1a: hehe bye bitch|Magnezone|282\/282
|-damage|p1a: hehe bye bitch|265\/282|[from] Stealth Rock
|detailschange|p2a: Abomasnow|Abomasnow-Mega, M, shiny
|message|Abomasnow has Mega Evolved into Mega Abomasnow!
|move|p2a: Abomasnow|Ice Shard|p1a: hehe bye bitch
|-crit|p1a: hehe bye bitch
|-resisted|p1a: hehe bye bitch
|-damage|p1a: hehe bye bitch|215\/282
|
|-weather|Hail|[upkeep]
|-damage|p1a: hehe bye bitch|198\/282|[from] hail
|turn|18
|
|switch|p2a: Victini|Victini, shiny|341\/341
|move|p1a: hehe bye bitch|Flash Cannon|p2a: Victini
|-resisted|p2a: Victini
|-damage|p2a: Victini|273\/341
|
|-weather|Hail|[upkeep]
|-damage|p2a: Victini|252\/341|[from] hail
|-damage|p1a: hehe bye bitch|181\/282|[from] hail
|turn|19
|
|switch|p1a: Period Blood|Latias, F|72\/302
|-damage|p1a: Period Blood|35\/302|[from] Stealth Rock
|move|p2a: Victini|V-create|p1a: Period Blood
|-resisted|p1a: Period Blood
|-damage|p1a: Period Blood|0 fnt
|-unboost|p2a: Victini|def|1
|-unboost|p2a: Victini|spd|1
|-unboost|p2a: Victini|spe|1
|faint|p1a: Period Blood
|
|-weather|Hail|[upkeep]
|-damage|p2a: Victini|231\/341|[from] hail
|c|âWeelee-Alt|"hehe bye bitch" :)
|
|switch|p1a: High Unicorn|Keldeo-Resolute|302\/322
|-damage|p1a: High Unicorn|282\/322|[from] Stealth Rock
|turn|20
|
|switch|p2a: Landorus-Therian|Landorus-Therian, M, shiny|381\/381
|-ability|p2a: Landorus-Therian|Intimidate|[of] p1a: High Unicorn
|-unboost|p1a: High Unicorn|atk|1
|move|p1a: High Unicorn|Hydro Pump|p2a: Landorus-Therian
|-supereffective|p2a: Landorus-Therian
|-damage|p2a: Landorus-Therian|0 fnt
|faint|p2a: Landorus-Therian
|
|-weather|none
|
|switch|p2a: Abomasnow|Abomasnow-Mega, M, shiny|321\/321
|-weather|Hail
|turn|21
|
|switch|p1a: hehe bye bitch|Magnezone|181\/282
|-damage|p1a: hehe bye bitch|164\/282|[from] Stealth Rock
|move|p2a: Abomasnow|Earthquake|p1a: hehe bye bitch
|-supereffective|p1a: hehe bye bitch
|-damage|p1a: hehe bye bitch|0 fnt
|faint|p1a: hehe bye bitch
|
|-weather|Hail|[upkeep]
|
|switch|p1a: High Unicorn|Keldeo-Resolute|282\/322
|-damage|p1a: High Unicorn|262\/322|[from] Stealth Rock
|turn|22
|
|switch|p2a: Mandibuzz|Mandibuzz, F|423\/423
|move|p1a: High Unicorn|Scald|p2a: Mandibuzz
|-damage|p2a: Mandibuzz|210\/423
|
|-weather|Hail|[upkeep]
|-damage|p1a: High Unicorn|242\/322|[from] hail
|-heal|p2a: Mandibuzz|236\/423|[from] item: Leftovers
|turn|23
|
|move|p1a: High Unicorn|Scald|p2a: Mandibuzz
|-damage|p2a: Mandibuzz|20\/423
|move|p2a: Mandibuzz|Foul Play|p1a: High Unicorn
|-resisted|p1a: High Unicorn
|-damage|p1a: High Unicorn|199\/322
|-boost|p1a: High Unicorn|atk|1|[from] ability: Justified
|
|-weather|Hail|[upkeep]
|-damage|p1a: High Unicorn|179\/322|[from] hail
|-heal|p2a: Mandibuzz|46\/423|[from] item: Leftovers
|turn|24
|
|move|p1a: High Unicorn|Scald|p2a: Mandibuzz
|-damage|p2a: Mandibuzz|0 fnt
|faint|p2a: Mandibuzz
|
|-weather|Hail|[upkeep]
|-damage|p1a: High Unicorn|159\/322|[from] hail
|
|switch|p2a: Victini|Victini, shiny|231\/341
|turn|25
|
|switch|p1a: Dildo Tail|Thundurus, M|102\/299
|-damage|p1a: Dildo Tail|28\/299|[from] Stealth Rock
|move|p2a: Victini|Zen Headbutt|p1a: Dildo Tail
|-damage|p1a: Dildo Tail|0 fnt
|faint|p1a: Dildo Tail
|
|-weather|none
|c|âNedor|gg
|c|âWeelee-Alt|gg
|-message|Nedor forfeited.
|
|win|Weelee-Alt
|raw|Ladder updating...
|leave|Nedor
|player|p1
|c|âWeelee-Alt|:v
|raw|Nedor's rating: 1697 &rarr; <strong>1676<\/strong><br \/>(-21 for losing)
|raw|Weelee-Alt's rating: 1675 &rarr; <strong>1696<\/strong><br \/>(+21 for winning)