|join|Nedor
|join|RS galaxie75
|player|p1|Nedor|102
|player|p2|RS galaxie75|92
|gametype|singles
|gen|6
|tier|OU
|rated
|clearpoke
|poke|p1|Terrakion, shiny
|poke|p1|Charizard, M, shiny
|poke|p1|Ferrothorn, M, shiny
|poke|p1|Landorus-Therian, M
|poke|p1|Clefable, M
|poke|p1|Latios, M, shiny
|poke|p2|Dragonite, M
|poke|p2|Heatran, F
|poke|p2|Rotom-Wash
|poke|p2|Venusaur, F
|poke|p2|Skarmory, F
|poke|p2|Raikou
|rule|Swagger Clause: Swagger is banned
|rule|Baton Pass Clause: Limit one PokÃ©mon knowing Baton Pass
|rule|Sleep Clause Mod: Limit one foe put to sleep
|rule|Species Clause: Limit one of each PokÃ©mon
|rule|OHKO Clause: OHKO moves are banned
|rule|Moody Clause: Moody is banned
|rule|Evasion Moves Clause: Evasion moves are banned
|rule|Endless Battle Clause: Forcing endless battles is banned
|rule|HP Percentage Mod: HP is shown in percentages
|teampreview
|
|start
|switch|p1a: PoopTail|Landorus-Therian, M|354\/354
|switch|p2a: Rotom-Wash|Rotom-Wash|304\/304
|-ability|p1a: PoopTail|Intimidate|[of] p2a: Rotom-Wash
|-unboost|p2a: Rotom-Wash|atk|1
|turn|1
|
|move|p1a: PoopTail|U-turn|p2a: Rotom-Wash
|-damage|p2a: Rotom-Wash|241\/304
|
|switch|p1a: SpikyTesticles|Ferrothorn, M, shiny|352\/352
|move|p2a: Rotom-Wash|Will-O-Wisp|p1a: SpikyTesticles|[miss]
|-miss|p2a: Rotom-Wash|p1a: SpikyTesticles
|
|-heal|p2a: Rotom-Wash|260\/304|[from] item: Leftovers
|turn|2
|
|move|p2a: Rotom-Wash|Volt Switch|p1a: SpikyTesticles
|-resisted|p1a: SpikyTesticles
|-damage|p1a: SpikyTesticles|318\/352
|
|switch|p2a: Skarmory|Skarmory, F|334\/334
|move|p1a: SpikyTesticles|Stealth Rock|p2a: Skarmory
|-sidestart|p2: RS galaxie75|move: Stealth Rock
|
|-heal|p1a: SpikyTesticles|340\/352|[from] item: Leftovers
|turn|3
|
|switch|p1a: Hmmm...Which|Charizard, M, shiny|297\/297
|move|p2a: Skarmory|Taunt|p1a: Hmmm...Which
|-start|p1a: Hmmm...Which|move: Taunt
|
|turn|4
|
|switch|p2a: Rotom-Wash|Rotom-Wash|260\/304
|-damage|p2a: Rotom-Wash|222\/304|[from] Stealth Rock
|detailschange|p1a: Hmmm...Which|Charizard-Mega-Y, M, shiny
|message|Charizard has Mega Evolved into Mega Charizard!
|-weather|SunnyDay
|move|p1a: Hmmm...Which|Focus Blast|p2a: Rotom-Wash|[miss]
|-miss|p1a: Hmmm...Which|p2a: Rotom-Wash
|
|-weather|SunnyDay|[upkeep]
|-heal|p2a: Rotom-Wash|241\/304|[from] item: Leftovers
|turn|5
|
|switch|p2a: Heatran|Heatran, F|386\/386
|-damage|p2a: Heatran|338\/386|[from] Stealth Rock
|move|p1a: Hmmm...Which|Solar Beam|p2a: Heatran|[still]
|-prepare|p1a: Hmmm...Which|Solar Beam|p2a: Heatran
|-anim|p1a: Hmmm...Which|Solar Beam|p2a: Heatran
|-resisted|p2a: Heatran
|-damage|p2a: Heatran|307\/386
|
|-weather|SunnyDay|[upkeep]
|-heal|p2a: Heatran|331\/386|[from] item: Leftovers
|turn|6
|
|move|p1a: Hmmm...Which|Focus Blast|p2a: Heatran
|-supereffective|p2a: Heatran
|-damage|p2a: Heatran|83\/386
|-unboost|p2a: Heatran|spd|1
|move|p2a: Heatran|Stealth Rock|p1a: Hmmm...Which
|-sidestart|p1: Nedor|move: Stealth Rock
|
|-weather|SunnyDay|[upkeep]
|-heal|p2a: Heatran|107\/386|[from] item: Leftovers
|-end|p1a: Hmmm...Which|move: Taunt
|turn|7
|
|move|p1a: Hmmm...Which|Focus Blast|p2a: Heatran|[miss]
|-miss|p1a: Hmmm...Which|p2a: Heatran
|move|p2a: Heatran|Toxic|p1a: Hmmm...Which
|-status|p1a: Hmmm...Which|tox
|
|-weather|SunnyDay|[upkeep]
|-heal|p2a: Heatran|131\/386|[from] item: Leftovers
|-damage|p1a: Hmmm...Which|279\/297 tox|[from] psn
|turn|8
|
|move|p2a: Heatran|Protect|p2a: Heatran
|-singleturn|p2a: Heatran|Protect
|move|p1a: Hmmm...Which|Focus Blast|p2a: Heatran
|-activate|p2a: Heatran|Protect
|
|-weather|none
|-heal|p2a: Heatran|155\/386|[from] item: Leftovers
|-damage|p1a: Hmmm...Which|243\/297 tox|[from] psn
|turn|9
|
|switch|p2a: Dragonite|Dragonite, M|324\/324
|-damage|p2a: Dragonite|243\/324|[from] Stealth Rock
|move|p1a: Hmmm...Which|Focus Blast|p2a: Dragonite|[miss]
|-miss|p1a: Hmmm...Which|p2a: Dragonite
|
|-damage|p1a: Hmmm...Which|189\/297 tox|[from] psn
|turn|10
|
|switch|p1a: ScizorComeHere|Clefable, M|394\/394
|-damage|p1a: ScizorComeHere|345\/394|[from] Stealth Rock
|move|p2a: Dragonite|Dragon Dance|p2a: Dragonite
|-boost|p2a: Dragonite|atk|1
|-boost|p2a: Dragonite|spe|1
|
|-heal|p1a: ScizorComeHere|369\/394|[from] item: Leftovers
|turn|11
|
|switch|p2a: Venusaur|Venusaur, F|364\/364
|-damage|p2a: Venusaur|319\/364|[from] Stealth Rock
|move|p1a: ScizorComeHere|Moonblast|p2a: Venusaur
|-resisted|p2a: Venusaur
|-damage|p2a: Venusaur|275\/364
|
|-heal|p1a: ScizorComeHere|393\/394|[from] item: Leftovers
|turn|12
|
|switch|p1a: SpikyTesticles|Ferrothorn, M, shiny|340\/352
|-damage|p1a: SpikyTesticles|318\/352|[from] Stealth Rock
|detailschange|p2a: Venusaur|Venusaur-Mega, F
|message|Venusaur has Mega Evolved into Mega Venusaur!
|move|p2a: Venusaur|Hidden Power|p1a: SpikyTesticles
|-supereffective|p1a: SpikyTesticles
|-damage|p1a: SpikyTesticles|130\/352
|
|-heal|p1a: SpikyTesticles|152\/352|[from] item: Leftovers
|turn|13
|
|switch|p1a: JetThing|Latios, M, shiny|302\/302
|-damage|p1a: JetThing|265\/302|[from] Stealth Rock
|move|p2a: Venusaur|Sleep Powder|p1a: JetThing|[miss]
|-miss|p2a: Venusaur|p1a: JetThing
|
|turn|14
|
|switch|p2a: Heatran|Heatran, F|155\/386
|-damage|p2a: Heatran|107\/386|[from] Stealth Rock
|move|p1a: JetThing|Psyshock|p2a: Heatran
|-resisted|p2a: Heatran
|-damage|p2a: Heatran|24\/386
|-damage|p1a: JetThing|235\/302|[from] item: Life Orb
|
|-heal|p2a: Heatran|48\/386|[from] item: Leftovers
|turn|15
|
|move|p2a: Heatran|Protect|p2a: Heatran
|-singleturn|p2a: Heatran|Protect
|move|p1a: JetThing|Defog|p2a: Heatran
|-activate|p2a: Heatran|Protect
|
|-heal|p2a: Heatran|72\/386|[from] item: Leftovers
|turn|16
|
|move|p1a: JetThing|Psyshock|p2a: Heatran
|-resisted|p2a: Heatran
|-damage|p2a: Heatran|0 fnt
|-damage|p1a: JetThing|205\/302|[from] item: Life Orb
|faint|p2a: Heatran
|
|
|switch|p2a: Raikou|Raikou|322\/322
|-damage|p2a: Raikou|282\/322|[from] Stealth Rock
|-ability|p2a: Raikou|Pressure
|turn|17
|
|switch|p1a: SpikyTesticles|Ferrothorn, M, shiny|152\/352
|-damage|p1a: SpikyTesticles|130\/352|[from] Stealth Rock
|move|p2a: Raikou|Shadow Ball|p1a: SpikyTesticles
|-damage|p1a: SpikyTesticles|68\/352
|
|-heal|p1a: SpikyTesticles|90\/352|[from] item: Leftovers
|turn|18
|
|switch|p2a: Venusaur|Venusaur-Mega, F|275\/364
|-damage|p2a: Venusaur|230\/364|[from] Stealth Rock
|move|p1a: SpikyTesticles|Thunder Wave|p2a: Venusaur
|-status|p2a: Venusaur|par
|
|-heal|p1a: SpikyTesticles|112\/352|[from] item: Leftovers
|turn|19
|
|move|p2a: Venusaur|Sleep Powder|p1a: SpikyTesticles
|-fail|p1a: SpikyTesticles
|move|p1a: SpikyTesticles|Power Whip|p2a: Venusaur
|-resisted|p2a: Venusaur
|-damage|p2a: Venusaur|203\/364 par
|
|-heal|p1a: SpikyTesticles|134\/352|[from] item: Leftovers
|turn|20
|
|switch|p1a: JetThing|Latios, M, shiny|205\/302
|-damage|p1a: JetThing|168\/302|[from] Stealth Rock
|move|p2a: Venusaur|Sludge Bomb|p1a: JetThing
|-damage|p1a: JetThing|32\/302
|
|turn|21
|
|switch|p2a: Dragonite|Dragonite, M|243\/324
|-damage|p2a: Dragonite|162\/324|[from] Stealth Rock
|move|p1a: JetThing|Psyshock|p2a: Dragonite
|-damage|p2a: Dragonite|0 fnt
|-damage|p1a: JetThing|2\/302|[from] item: Life Orb
|faint|p2a: Dragonite
|
|
|switch|p2a: Raikou|Raikou|282\/322
|-damage|p2a: Raikou|242\/322|[from] Stealth Rock
|-ability|p2a: Raikou|Pressure
|turn|22
|
|move|p2a: Raikou|Volt Switch|p1a: JetThing
|-resisted|p1a: JetThing
|-damage|p1a: JetThing|0 fnt
|faint|p1a: JetThing
|
|switch|p2a: Rotom-Wash|Rotom-Wash|241\/304
|-damage|p2a: Rotom-Wash|203\/304|[from] Stealth Rock
|
|-heal|p2a: Rotom-Wash|222\/304|[from] item: Leftovers
|
|switch|p1a: MotorBoat|Terrakion, shiny|323\/323
|-damage|p1a: MotorBoat|303\/323|[from] Stealth Rock
|turn|23
|
|move|p1a: MotorBoat|Substitute|p1a: MotorBoat
|-start|p1a: MotorBoat|Substitute
|-damage|p1a: MotorBoat|223\/323
|move|p2a: Rotom-Wash|Will-O-Wisp|p1a: MotorBoat
|
|-heal|p2a: Rotom-Wash|241\/304|[from] item: Leftovers
|turn|24
|
|move|p1a: MotorBoat|Swords Dance|p1a: MotorBoat
|-boost|p1a: MotorBoat|atk|2
|move|p2a: Rotom-Wash|Hydro Pump|p1a: MotorBoat
|-supereffective|p1a: MotorBoat
|-end|p1a: MotorBoat|Substitute
|
|-heal|p2a: Rotom-Wash|260\/304|[from] item: Leftovers
|turn|25
|
|move|p1a: MotorBoat|Substitute|p1a: MotorBoat
|-start|p1a: MotorBoat|Substitute
|-damage|p1a: MotorBoat|143\/323
|move|p2a: Rotom-Wash|Hydro Pump|p1a: MotorBoat|[miss]
|-miss|p2a: Rotom-Wash|p1a: MotorBoat
|
|-heal|p2a: Rotom-Wash|279\/304|[from] item: Leftovers
|turn|26
|
|move|p1a: MotorBoat|Close Combat|p2a: Rotom-Wash
|-damage|p2a: Rotom-Wash|11\/304
|-unboost|p1a: MotorBoat|def|1
|-unboost|p1a: MotorBoat|spd|1
|move|p2a: Rotom-Wash|Hydro Pump|p1a: MotorBoat
|-supereffective|p1a: MotorBoat
|-end|p1a: MotorBoat|Substitute
|
|-heal|p2a: Rotom-Wash|30\/304|[from] item: Leftovers
|turn|27
|
|move|p1a: MotorBoat|Substitute|p1a: MotorBoat
|-start|p1a: MotorBoat|Substitute
|-damage|p1a: MotorBoat|63\/323
|-enditem|p1a: MotorBoat|Salac Berry|[eat]
|-boost|p1a: MotorBoat|spe|1|[from] item: Salac Berry
|move|p2a: Rotom-Wash|Hydro Pump|p1a: MotorBoat
|-supereffective|p1a: MotorBoat
|-end|p1a: MotorBoat|Substitute
|
|-heal|p2a: Rotom-Wash|49\/304|[from] item: Leftovers
|turn|28
|
|move|p1a: MotorBoat|Close Combat|p2a: Rotom-Wash
|-crit|p2a: Rotom-Wash
|-damage|p2a: Rotom-Wash|0 fnt
|-unboost|p1a: MotorBoat|def|1
|-unboost|p1a: MotorBoat|spd|1
|faint|p2a: Rotom-Wash
|
|
|switch|p2a: Raikou|Raikou|242\/322
|-damage|p2a: Raikou|202\/322|[from] Stealth Rock
|-ability|p2a: Raikou|Pressure
|turn|29
|
|move|p2a: Raikou|Thunderbolt|p1a: MotorBoat
|-damage|p1a: MotorBoat|0 fnt
|faint|p1a: MotorBoat
|
|c|âNedor|oo scarfed.
|c|âNedor|:]
|
|switch|p1a: PoopTail|Landorus-Therian, M|354\/354
|-damage|p1a: PoopTail|310\/354|[from] Stealth Rock
|-ability|p1a: PoopTail|Intimidate|[of] p2a: Raikou
|-unboost|p2a: Raikou|atk|1
|turn|30
|
|switch|p2a: Skarmory|Skarmory, F|334\/334
|-damage|p2a: Skarmory|293\/334|[from] Stealth Rock
|move|p1a: PoopTail|U-turn|p2a: Skarmory
|-resisted|p2a: Skarmory
|-damage|p2a: Skarmory|279\/334
|
|switch|p1a: Hmmm...Which|Charizard-Mega-Y, M, shiny|189\/297 tox
|-damage|p1a: Hmmm...Which|41\/297 tox|[from] Stealth Rock
|-weather|SunnyDay
|
|-weather|SunnyDay|[upkeep]
|-heal|p2a: Skarmory|299\/334|[from] item: Leftovers
|-damage|p1a: Hmmm...Which|23\/297 tox|[from] psn
|turn|31
|
|move|p1a: Hmmm...Which|Fire Blast|p2a: Skarmory
|-supereffective|p2a: Skarmory
|-damage|p2a: Skarmory|0 fnt
|faint|p2a: Skarmory
|
|-weather|SunnyDay|[upkeep]
|-damage|p1a: Hmmm...Which|0 fnt|[from] psn
|faint|p1a: Hmmm...Which
|
|switch|p2a: Raikou|Raikou|202\/322
|-damage|p2a: Raikou|162\/322|[from] Stealth Rock
|switch|p1a: PoopTail|Landorus-Therian, M|310\/354
|-damage|p1a: PoopTail|266\/354|[from] Stealth Rock
|-ability|p2a: Raikou|Pressure
|-ability|p1a: PoopTail|Intimidate|[of] p2a: Raikou
|-unboost|p2a: Raikou|atk|1
|turn|32
|
|switch|p1a: ScizorComeHere|Clefable, M|393\/394
|-damage|p1a: ScizorComeHere|344\/394|[from] Stealth Rock
|move|p2a: Raikou|Hidden Power|p1a: ScizorComeHere
|-damage|p1a: ScizorComeHere|270\/394
|
|-weather|SunnyDay|[upkeep]
|-heal|p1a: ScizorComeHere|294\/394|[from] item: Leftovers
|turn|33
|
|switch|p2a: Venusaur|Venusaur-Mega, F|203\/364 par
|-damage|p2a: Venusaur|158\/364 par|[from] Stealth Rock
|switch|p1a: PoopTail|Landorus-Therian, M|266\/354
|-damage|p1a: PoopTail|222\/354|[from] Stealth Rock
|-ability|p1a: PoopTail|Intimidate|[of] p2a: Venusaur
|-unboost|p2a: Venusaur|atk|1
|
|-weather|SunnyDay|[upkeep]
|turn|34
|
|move|p1a: PoopTail|Earthquake|p2a: Venusaur
|-crit|p2a: Venusaur
|-damage|p2a: Venusaur|0 fnt
|faint|p2a: Venusaur
|
|-weather|none
|
|switch|p2a: Raikou|Raikou|162\/322
|-damage|p2a: Raikou|122\/322|[from] Stealth Rock
|-ability|p2a: Raikou|Pressure
|turn|35
|c|âRS galaxie75|gg
|c|âNedor|gg
|
|move|p2a: Raikou|Hidden Power|p1a: PoopTail
|-supereffective|p1a: PoopTail
|-damage|p1a: PoopTail|0 fnt
|faint|p1a: PoopTail
|
|
|switch|p1a: ScizorComeHere|Clefable, M|294\/394
|-damage|p1a: ScizorComeHere|245\/394|[from] Stealth Rock
|turn|36
|
|move|p2a: Raikou|Hidden Power|p1a: ScizorComeHere
|-damage|p1a: ScizorComeHere|176\/394
|move|p1a: ScizorComeHere|Moonblast|p2a: Raikou
|-damage|p2a: Raikou|20\/322
|
|-heal|p1a: ScizorComeHere|200\/394|[from] item: Leftovers
|turn|37
|
|move|p2a: Raikou|Hidden Power|p1a: ScizorComeHere
|-damage|p1a: ScizorComeHere|133\/394
|move|p1a: ScizorComeHere|Moonblast|p2a: Raikou
|-damage|p2a: Raikou|0 fnt
|faint|p2a: Raikou
|
|win|Nedor
|raw|Ladder updating...
|raw|Nedor's rating: 1528 &rarr; <strong>1546<\/strong><br \/>(+18 for winning)
|raw|RS galaxie75's rating: 1489 &rarr; <strong>1472<\/strong><br \/>(-17 for losing)
|leave|Nedor
|player|p1