|join|Skyle
|join|Nedor
|player|p1|Skyle|262
|player|p2|Nedor|292
|gametype|singles
|gen|6
|tier|OU
|rated
|clearpoke
|poke|p1|Starmie
|poke|p1|Beedrill, M
|poke|p1|Skarmory, F
|poke|p1|Clefable, M
|poke|p1|Conkeldurr, M
|poke|p1|Rotom-Wash
|poke|p2|Beedrill, F
|poke|p2|Magnezone
|poke|p2|Landorus-Therian, M
|poke|p2|Thundurus, M
|poke|p2|Latios, M
|poke|p2|Keldeo-Resolute
|rule|Swagger Clause: Swagger is banned
|rule|Baton Pass Clause: Limit one PokÃ©mon knowing Baton Pass
|rule|Sleep Clause Mod: Limit one foe put to sleep
|rule|Species Clause: Limit one of each PokÃ©mon
|rule|OHKO Clause: OHKO moves are banned
|rule|Moody Clause: Moody is banned
|rule|Evasion Moves Clause: Evasion moves are banned
|rule|Endless Battle Clause: Forcing endless battles is banned
|rule|HP Percentage Mod: HP is shown in percentages
|teampreview
|
|start
|switch|p1a: Starmie|Starmie|261\/261
|switch|p2a: Magnezone|Magnezone|281\/281
|turn|1
|join|mololojig
|
|switch|p1a: Rotom-Wash|Rotom-Wash|304\/304
|move|p2a: Magnezone|Volt Switch|p1a: Rotom-Wash
|-crit|p1a: Rotom-Wash
|-damage|p1a: Rotom-Wash|180\/304
|
|switch|p2a: Beedrill|Beedrill, F|271\/271
|
|-heal|p1a: Rotom-Wash|199\/304|[from] item: Leftovers
|turn|2
|
|detailschange|p2a: Beedrill|Beedrill-Mega, F
|message|Beedrill has Mega Evolved into Mega Beedrill!
|move|p2a: Beedrill|Protect|p2a: Beedrill
|-singleturn|p2a: Beedrill|Protect
|move|p1a: Rotom-Wash|Pain Split|p2a: Beedrill
|-activate|p2a: Beedrill|Protect
|
|-heal|p1a: Rotom-Wash|218\/304|[from] item: Leftovers
|turn|3
|
|move|p2a: Beedrill|U-turn|p1a: Rotom-Wash
|-damage|p1a: Rotom-Wash|50\/304
|
|switch|p2a: Latios|Latios, M|301\/301
|move|p1a: Rotom-Wash|Pain Split|p2a: Latios
|-sethp|p2a: Latios|175\/301|p1a: Rotom-Wash|175\/304|[from] move: Pain Split
|
|-heal|p1a: Rotom-Wash|194\/304|[from] item: Leftovers
|turn|4
|
|switch|p1a: Clefable|Clefable, M|394\/394
|move|p2a: Latios|Psyshock|p1a: Clefable
|-damage|p1a: Clefable|222\/394
|
|-heal|p1a: Clefable|246\/394|[from] item: Leftovers
|turn|5
|
|switch|p2a: Magnezone|Magnezone|281\/281
|move|p1a: Clefable|Thunder Wave|p2a: Magnezone
|-fail|p2a: Magnezone
|
|-heal|p1a: Clefable|270\/394|[from] item: Leftovers
|turn|6
|
|move|p2a: Magnezone|Volt Switch|p1a: Clefable
|-damage|p1a: Clefable|170\/394
|
|switch|p2a: Beedrill|Beedrill-Mega, F|271\/271
|move|p1a: Clefable|Thunder Wave|p2a: Beedrill
|-status|p2a: Beedrill|par
|
|-heal|p1a: Clefable|194\/394|[from] item: Leftovers
|turn|7
|
|move|p1a: Clefable|Stealth Rock|p2a: Beedrill
|-sidestart|p2: Nedor|move: Stealth Rock
|move|p2a: Beedrill|U-turn|p1a: Clefable
|-resisted|p1a: Clefable
|-damage|p1a: Clefable|85\/394
|
|switch|p2a: Magnezone|Magnezone|281\/281
|-damage|p2a: Magnezone|264\/281|[from] Stealth Rock
|
|-heal|p1a: Clefable|109\/394|[from] item: Leftovers
|turn|8
|
|move|p2a: Magnezone|Flash Cannon|p1a: Clefable
|-supereffective|p1a: Clefable
|-damage|p1a: Clefable|0 fnt
|faint|p1a: Clefable
|
|
|switch|p1a: Starmie|Starmie|261\/261
|turn|9
|
|switch|p2a: Latios|Latios, M|175\/301
|-damage|p2a: Latios|138\/301|[from] Stealth Rock
|move|p1a: Starmie|Ice Beam|p2a: Latios
|-supereffective|p2a: Latios
|-damage|p2a: Latios|0 fnt
|-damage|p1a: Starmie|235\/261|[from] item: Life Orb
|faint|p2a: Latios
|
|
|switch|p2a: Magnezone|Magnezone|264\/281
|-damage|p2a: Magnezone|247\/281|[from] Stealth Rock
|turn|10
|
|switch|p1a: Rotom-Wash|Rotom-Wash|194\/304
|move|p2a: Magnezone|Volt Switch|p1a: Rotom-Wash
|-damage|p1a: Rotom-Wash|110\/304
|
|switch|p2a: Thundurus|Thundurus, M|299\/299
|-damage|p2a: Thundurus|225\/299|[from] Stealth Rock
|
|-heal|p1a: Rotom-Wash|129\/304|[from] item: Leftovers
|turn|11
|
|move|p2a: Thundurus|Thunderbolt|p1a: Rotom-Wash
|-damage|p1a: Rotom-Wash|0 fnt
|-damage|p2a: Thundurus|196\/299|[from] item: Life Orb
|faint|p1a: Rotom-Wash
|
|
|switch|p1a: Starmie|Starmie|235\/261
|turn|12
|
|switch|p2a: Keldeo-Resolute|Keldeo-Resolute|323\/323
|-damage|p2a: Keldeo-Resolute|303\/323|[from] Stealth Rock
|move|p1a: Starmie|Hydro Pump|p2a: Keldeo-Resolute
|-resisted|p2a: Keldeo-Resolute
|-damage|p2a: Keldeo-Resolute|157\/323
|-damage|p1a: Starmie|209\/261|[from] item: Life Orb
|
|turn|13
|
|switch|p2a: Magnezone|Magnezone|247\/281
|-damage|p2a: Magnezone|230\/281|[from] Stealth Rock
|move|p1a: Starmie|Psyshock|p2a: Magnezone
|-resisted|p2a: Magnezone
|-damage|p2a: Magnezone|148\/281
|-damage|p1a: Starmie|183\/261|[from] item: Life Orb
|
|turn|14
|
|switch|p1a: Conkeldurr|Conkeldurr, M|351\/351
|move|p2a: Magnezone|Volt Switch|p1a: Conkeldurr
|-damage|p1a: Conkeldurr|264\/351
|
|switch|p2a: Landorus-Therian|Landorus-Therian, M|381\/381
|-damage|p2a: Landorus-Therian|334\/381|[from] Stealth Rock
|-ability|p2a: Landorus-Therian|Intimidate|[of] p1a: Conkeldurr
|-unboost|p1a: Conkeldurr|atk|1
|
|-heal|p2a: Landorus-Therian|357\/381|[from] item: Leftovers
|turn|15
|
|move|p2a: Landorus-Therian|Stealth Rock|p1a: Conkeldurr
|-sidestart|p1: Skyle|move: Stealth Rock
|move|p1a: Conkeldurr|Knock Off|p2a: Landorus-Therian
|-crit|p2a: Landorus-Therian
|-damage|p2a: Landorus-Therian|200\/381
|-enditem|p2a: Landorus-Therian|Leftovers|[from] move: Knock Off|[of] p1a: Conkeldurr
|
|turn|16
|
|move|p2a: Landorus-Therian|Earthquake|p1a: Conkeldurr
|-damage|p1a: Conkeldurr|107\/351
|move|p1a: Conkeldurr|Ice Punch|p2a: Landorus-Therian
|-supereffective|p2a: Landorus-Therian
|-damage|p2a: Landorus-Therian|0 fnt
|faint|p2a: Landorus-Therian
|
|
|switch|p2a: Keldeo-Resolute|Keldeo-Resolute|157\/323
|-damage|p2a: Keldeo-Resolute|137\/323|[from] Stealth Rock
|turn|17
|
|move|p1a: Conkeldurr|Mach Punch|p2a: Keldeo-Resolute
|-crit|p2a: Keldeo-Resolute
|-damage|p2a: Keldeo-Resolute|5\/323
|move|p2a: Keldeo-Resolute|Scald|p1a: Conkeldurr
|-damage|p1a: Conkeldurr|0 fnt
|faint|p1a: Conkeldurr
|
|
|switch|p1a: Beedrill|Beedrill, M|271\/271
|-damage|p1a: Beedrill|204\/271|[from] Stealth Rock
|turn|18
|
|detailschange|p1a: Beedrill|Beedrill-Mega, M
|message|Beedrill has Mega Evolved into Mega Beedrill!
|move|p1a: Beedrill|Protect|p1a: Beedrill
|-singleturn|p1a: Beedrill|Protect
|move|p2a: Keldeo-Resolute|Scald|p1a: Beedrill
|-activate|p1a: Beedrill|Protect
|
|turn|19
|
|move|p1a: Beedrill|Drill Run|p2a: Keldeo-Resolute
|-damage|p2a: Keldeo-Resolute|0 fnt
|faint|p2a: Keldeo-Resolute
|
|
|switch|p2a: Thundurus|Thundurus, M|196\/299
|-damage|p2a: Thundurus|122\/299|[from] Stealth Rock
|turn|20
|
|move|p2a: Thundurus|Thunder Wave|p1a: Beedrill
|-status|p1a: Beedrill|par
|move|p1a: Beedrill|Poison Jab|p2a: Thundurus
|-damage|p2a: Thundurus|0 fnt
|faint|p2a: Thundurus
|
|
|switch|p2a: Magnezone|Magnezone|148\/281
|-damage|p2a: Magnezone|131\/281|[from] Stealth Rock
|turn|21
|
|move|p2a: Magnezone|Thunderbolt|p1a: Beedrill
|-crit|p1a: Beedrill
|-damage|p1a: Beedrill|0 fnt
|faint|p1a: Beedrill
|
|
|switch|p1a: Starmie|Starmie|183\/261
|-damage|p1a: Starmie|151\/261|[from] Stealth Rock
|turn|22
|c|âNedor|gg i think
|c|âSkyle|lol
|c|âSkyle|you have a chance
|c|âSkyle|i could miss
|
|move|p1a: Starmie|Hydro Pump|p2a: Magnezone
|-damage|p2a: Magnezone|0 fnt
|-damage|p1a: Starmie|125\/261|[from] item: Life Orb
|faint|p2a: Magnezone
|
|
|switch|p2a: Beedrill|Beedrill-Mega, F|271\/271 par
|-damage|p2a: Beedrill|204\/271 par|[from] Stealth Rock
|turn|23
|c|âSkyle|thank god
|c|âSkyle|yeah gg
|
|move|p1a: Starmie|Psyshock|p2a: Beedrill
|-supereffective|p2a: Beedrill
|-damage|p2a: Beedrill|0 fnt
|-damage|p1a: Starmie|99\/261|[from] item: Life Orb
|faint|p2a: Beedrill
|
|win|Skyle
|raw|Ladder updating...
|raw|Skyle's rating: 1405 &rarr; <strong>1428<\/strong><br \/>(+23 for winning)
|raw|Nedor's rating: 1471 &rarr; <strong>1447<\/strong><br \/>(-24 for losing)