|join|Dezorak
|join|Nedor
|player|p1|Dezorak|265
|player|p2|Nedor|292
|gametype|singles
|gen|6
|tier|OU
|rated
|clearpoke
|poke|p1|Smeargle, M
|poke|p1|Gengar, M
|poke|p1|Tyrantrum, M
|poke|p1|Greninja, F
|poke|p1|Medicham, F
|poke|p1|Sigilyph, M
|poke|p2|Scizor, M
|poke|p2|Rotom-Wash, shiny
|poke|p2|Terrakion
|poke|p2|Landorus-Therian, M
|poke|p2|Latias, F
|poke|p2|Clefable, M
|rule|Swagger Clause: Swagger is banned
|rule|Baton Pass Clause: Limit one PokÃ©mon knowing Baton Pass
|rule|Sleep Clause Mod: Limit one foe put to sleep
|rule|Species Clause: Limit one of each PokÃ©mon
|rule|OHKO Clause: OHKO moves are banned
|rule|Moody Clause: Moody is banned
|rule|Evasion Moves Clause: Evasion moves are banned
|rule|Endless Battle Clause: Forcing endless battles is banned
|rule|HP Percentage Mod: HP is shown in percentages
|teampreview
|
|start
|switch|p1a: Smeargle|Smeargle, M|314\/314
|switch|p2a: Rotom-Wash|Rotom-Wash, shiny|294\/294
|turn|1
|
|move|p1a: Smeargle|Spore|p2a: Rotom-Wash
|-status|p2a: Rotom-Wash|slp
|-enditem|p2a: Rotom-Wash|Chesto Berry|[eat]
|-curestatus|p2a: Rotom-Wash|slp
|move|p2a: Rotom-Wash|Volt Switch|p1a: Smeargle
|-damage|p1a: Smeargle|145\/314
|
|switch|p2a: Terrakion|Terrakion|323\/323
|
|turn|2
|
|move|p2a: Terrakion|Stone Edge|p1a: Smeargle
|-damage|p1a: Smeargle|0 fnt
|faint|p1a: Smeargle
|
|
|switch|p1a: Medicham|Medicham, F|261\/261
|turn|3
|
|switch|p2a: Landorus-Therian|Landorus-Therian, M|340\/340
|-ability|p2a: Landorus-Therian|Intimidate|[of] p1a: Medicham
|-unboost|p1a: Medicham|atk|1
|detailschange|p1a: Medicham|Medicham-Mega, F
|message|Medicham has Mega Evolved into Mega Medicham!
|move|p1a: Medicham|Fake Out|p2a: Landorus-Therian
|-damage|p2a: Landorus-Therian|286\/340
|
|-heal|p2a: Landorus-Therian|307\/340|[from] item: Leftovers
|turn|4
|
|switch|p1a: Tyrantrum|Tyrantrum, M|320\/320
|switch|p2a: Rotom-Wash|Rotom-Wash, shiny|294\/294
|
|turn|5
|
|move|p1a: Tyrantrum|Dragon Dance|p1a: Tyrantrum
|-boost|p1a: Tyrantrum|atk|1
|-boost|p1a: Tyrantrum|spe|1
|move|p2a: Rotom-Wash|Will-O-Wisp|p1a: Tyrantrum
|-status|p1a: Tyrantrum|brn
|
|-damage|p1a: Tyrantrum|280\/320 brn|[from] brn
|turn|6
|
|move|p1a: Tyrantrum|Dragon Dance|p1a: Tyrantrum
|-boost|p1a: Tyrantrum|atk|1
|-boost|p1a: Tyrantrum|spe|1
|move|p2a: Rotom-Wash|Hydro Pump|p1a: Tyrantrum
|-damage|p1a: Tyrantrum|79\/320 brn
|
|-heal|p1a: Tyrantrum|99\/320 brn|[from] item: Leftovers
|-damage|p1a: Tyrantrum|59\/320 brn|[from] brn
|turn|7
|
|move|p1a: Tyrantrum|Dragon Claw|p2a: Rotom-Wash
|-damage|p2a: Rotom-Wash|192\/294
|move|p2a: Rotom-Wash|Volt Switch|p1a: Tyrantrum
|-resisted|p1a: Tyrantrum
|-damage|p1a: Tyrantrum|0 fnt
|faint|p1a: Tyrantrum
|
|switch|p2a: Scizor|Scizor, M|281\/281
|
|
|switch|p1a: Sigilyph|Sigilyph, M|348\/348
|turn|8
|
|switch|p2a: Terrakion|Terrakion|323\/323
|move|p1a: Sigilyph|Cosmic Power|p1a: Sigilyph
|-boost|p1a: Sigilyph|def|1
|-boost|p1a: Sigilyph|spd|1
|
|-status|p1a: Sigilyph|brn|[from] item: Flame Orb
|turn|9
|
|move|p2a: Terrakion|Stone Edge|p1a: Sigilyph
|-supereffective|p1a: Sigilyph
|-damage|p1a: Sigilyph|46\/348 brn
|move|p1a: Sigilyph|Psycho Shift|p2a: Terrakion
|-status|p2a: Terrakion|brn
|-curestatus|p1a: Sigilyph|brn
|
|-damage|p2a: Terrakion|283\/323 brn|[from] brn
|-status|p1a: Sigilyph|brn|[from] item: Flame Orb
|turn|10
|
|switch|p1a: Greninja|Greninja, F|286\/286
|move|p2a: Terrakion|Stone Edge|p1a: Greninja|[miss]
|-miss|p2a: Terrakion|p1a: Greninja
|
|-damage|p2a: Terrakion|243\/323 brn|[from] brn
|turn|11
|
|switch|p2a: Rotom-Wash|Rotom-Wash, shiny|192\/294
|move|p1a: Greninja|Surf|p2a: Rotom-Wash
|-start|p1a: Greninja|typechange|Water|[from] Protean
|-resisted|p2a: Rotom-Wash
|-damage|p2a: Rotom-Wash|123\/294
|
|turn|12
|
|switch|p1a: Sigilyph|Sigilyph, M|46\/348 brn
|move|p2a: Rotom-Wash|Volt Switch|p1a: Sigilyph
|-supereffective|p1a: Sigilyph
|-damage|p1a: Sigilyph|0 fnt
|faint|p1a: Sigilyph
|
|switch|p2a: Scizor|Scizor, M|281\/281
|
|
|switch|p1a: Greninja|Greninja, F|286\/286
|turn|13
|
|switch|p2a: Clefable|Clefable, M|394\/394
|move|p1a: Greninja|Dark Pulse|p2a: Clefable
|-start|p1a: Greninja|typechange|Dark|[from] Protean
|-resisted|p2a: Clefable
|-damage|p2a: Clefable|340\/394
|
|-heal|p2a: Clefable|364\/394|[from] item: Leftovers
|turn|14
|
|switch|p1a: Gengar|Gengar, M|262\/262
|move|p2a: Clefable|Calm Mind|p2a: Clefable
|-boost|p2a: Clefable|spa|1
|-boost|p2a: Clefable|spd|1
|
|-heal|p2a: Clefable|388\/394|[from] item: Leftovers
|turn|15
|
|move|p1a: Gengar|Sludge Wave|p2a: Clefable
|-supereffective|p2a: Clefable
|-damage|p2a: Clefable|112\/394
|-damage|p1a: Gengar|236\/262|[from] item: Life Orb
|move|p2a: Clefable|Soft-Boiled|p2a: Clefable
|-heal|p2a: Clefable|309\/394
|
|-heal|p2a: Clefable|333\/394|[from] item: Leftovers
|turn|16
|
|switch|p2a: Scizor|Scizor, M|281\/281
|move|p1a: Gengar|Shadow Ball|p2a: Scizor
|-damage|p2a: Scizor|43\/281
|-damage|p1a: Gengar|210\/262|[from] item: Life Orb
|
|turn|17
|
|detailschange|p2a: Scizor|Scizor-Mega, M
|message|Scizor has Mega Evolved into Mega Scizor!
|move|p2a: Scizor|Bullet Punch|p1a: Gengar
|-damage|p1a: Gengar|20\/262
|move|p1a: Gengar|Shadow Ball|p2a: Scizor
|-damage|p2a: Scizor|0 fnt
|-damage|p1a: Gengar|0 fnt|[from] item: Life Orb
|faint|p2a: Scizor
|faint|p1a: Gengar
|
|
|switch|p1a: Greninja|Greninja, F|286\/286
|switch|p2a: Clefable|Clefable, M|333\/394
|turn|18
|
|move|p1a: Greninja|Surf|p2a: Clefable
|-start|p1a: Greninja|typechange|Water|[from] Protean
|-damage|p2a: Clefable|206\/394
|move|p2a: Clefable|Moonblast|p1a: Greninja
|-damage|p1a: Greninja|141\/286
|
|-heal|p2a: Clefable|230\/394|[from] item: Leftovers
|turn|19
|
|move|p1a: Greninja|Surf|p2a: Clefable
|-damage|p2a: Clefable|104\/394
|move|p2a: Clefable|Soft-Boiled|p2a: Clefable
|-heal|p2a: Clefable|301\/394
|
|-heal|p2a: Clefable|325\/394|[from] item: Leftovers
|turn|20
|
|move|p1a: Greninja|Surf|p2a: Clefable
|-damage|p2a: Clefable|205\/394
|move|p2a: Clefable|Calm Mind|p2a: Clefable
|-boost|p2a: Clefable|spa|1
|-boost|p2a: Clefable|spd|1
|
|-heal|p2a: Clefable|229\/394|[from] item: Leftovers
|turn|21
|
|move|p1a: Greninja|Surf|p2a: Clefable
|-damage|p2a: Clefable|148\/394
|move|p2a: Clefable|Soft-Boiled|p2a: Clefable
|-heal|p2a: Clefable|345\/394
|
|-heal|p2a: Clefable|369\/394|[from] item: Leftovers
|turn|22
|
|move|p1a: Greninja|Surf|p2a: Clefable
|-damage|p2a: Clefable|282\/394
|move|p2a: Clefable|Moonblast|p1a: Greninja
|-damage|p1a: Greninja|0 fnt
|faint|p1a: Greninja
|
|-heal|p2a: Clefable|306\/394|[from] item: Leftovers
|
|switch|p1a: Medicham|Medicham-Mega, F|261\/261
|turn|23
|
|move|p1a: Medicham|Fake Out|p2a: Clefable
|-damage|p2a: Clefable|211\/394
|cant|p2a: Clefable|flinch
|
|-heal|p2a: Clefable|235\/394|[from] item: Leftovers
|turn|24
|
|move|p1a: Medicham|Fake Out|p2a: Clefable
|-message|(Fake Out only works your first turn out.)
|-fail|p2a: Clefable
|move|p2a: Clefable|Soft-Boiled|p2a: Clefable
|-heal|p2a: Clefable|394\/394
|
|turn|25
|c|âNedor|Nice.
|
|move|p1a: Medicham|Fake Out|p2a: Clefable
|-message|(Fake Out only works your first turn out.)
|-fail|p2a: Clefable
|move|p2a: Clefable|Moonblast|p1a: Medicham
|-supereffective|p1a: Medicham
|-damage|p1a: Medicham|0 fnt
|faint|p1a: Medicham
|
|win|Nedor
|raw|Ladder updating...