|join|Phlipadelphia
|join|Nedor
|player|p1|Phlipadelphia|16
|player|p2|Nedor|292
|gametype|singles
|gen|6
|tier|OU
|clearpoke
|poke|p1|Greninja, F
|poke|p1|Hawlucha, M, shiny
|poke|p1|Latios, M
|poke|p1|Landorus-Therian, M
|poke|p1|Heatran, M
|poke|p1|Manectric, F
|poke|p2|Manectric, F
|poke|p2|Landorus, M
|poke|p2|Bisharp, F
|poke|p2|Azumarill, M
|poke|p2|Dragonite, F
|poke|p2|Latios, M
|rule|Swagger Clause: Swagger is banned
|rule|Baton Pass Clause: Limit one PokÃ©mon knowing Baton Pass
|rule|Sleep Clause Mod: Limit one foe put to sleep
|rule|Species Clause: Limit one of each PokÃ©mon
|rule|OHKO Clause: OHKO moves are banned
|rule|Moody Clause: Moody is banned
|rule|Evasion Moves Clause: Evasion moves are banned
|rule|Endless Battle Clause: Forcing endless battles is banned
|rule|HP Percentage Mod: HP is shown in percentages
|teampreview
|c|âPhlipadelphia|did u make that tteam?
|c|âNedor|yeah
|c|âPhlipadelphia|lol all OU teams look the same
|c|âNedor|ik
|c|âNedor|but hyper offense is confusing to me
|
|start
|switch|p1a: Manectric|Manectric, F|281\/281
|switch|p2a: Manectric|Manectric, F|281\/281
|turn|1
|
|switch|p2a: Azumarill|Azumarill, M|403\/403
|switch|p1a: Latios|Latios, M|299\/299
|
|turn|2
|c|âPhlipadelphia|noooo
|
|switch|p1a: Manectric|Manectric, F|281\/281
|move|p2a: Azumarill|Waterfall|p1a: Manectric
|-damage|p1a: Manectric|28\/281
|
|turn|3
|c|âPhlipadelphia|I havent played OU srsly in a while
|
|detailschange|p1a: Manectric|Manectric-Mega, F
|message|Manectric has Mega Evolved into Mega Manectric!
|-ability|p1a: Manectric|Intimidate|[of] p2a: Azumarill
|-unboost|p2a: Azumarill|atk|1
|move|p2a: Azumarill|Aqua Jet|p1a: Manectric
|-damage|p1a: Manectric|0 fnt
|faint|p1a: Manectric
|
|
|switch|p1a: Heatran|Heatran, M|333\/333
|-item|p1a: Heatran|Air Balloon
|turn|4
|c|âPhlipadelphia|so im playing bad
|c|âPhlipadelphia|but in hyper offense u cant trip up
|c|âPhlipadelphia|u need to predict everything
|c|âNedor|Meh its pretty much the only tier Im good at, I usually stay on the higher ladder
|c|âPhlipadelphia|or else something dies
|c|âNedor|ik im fairy good at predicting
|
|move|p1a: Heatran|Will-O-Wisp|p2a: Azumarill
|-status|p2a: Azumarill|brn
|move|p2a: Azumarill|Waterfall|p1a: Heatran
|-supereffective|p1a: Heatran
|-damage|p1a: Heatran|217\/333
|-enditem|p1a: Heatran|Air Balloon
|
|-damage|p2a: Azumarill|353\/403 brn|[from] brn
|turn|5
|
|switch|p2a: Landorus|Landorus, M|319\/319
|move|p1a: Heatran|Fire Blast|p2a: Landorus|[miss]
|-miss|p1a: Heatran|p2a: Landorus
|
|turn|6
|c|âPhlipadelphia|NO
|c|âNedor|ah
|c|âNedor|sorry thats ass
|
|move|p2a: Landorus|Stealth Rock|p1a: Heatran
|-sidestart|p1: Phlipadelphia|move: Stealth Rock
|move|p1a: Heatran|Fire Blast|p2a: Landorus
|-damage|p2a: Landorus|18\/319
|
|turn|7
|c|âPhlipadelphia|if i hit the earlier one....
|
|switch|p1a: Latios|Latios, M|299\/299
|-damage|p1a: Latios|262\/299|[from] Stealth Rock
|move|p2a: Landorus|Focus Blast|p1a: Latios|[miss]
|-miss|p2a: Landorus|p1a: Latios
|
|turn|8
|c|âNedor|thats my 6th focus blast in a row to miss
|c|âNedor|today
|c|âPhlipadelphia|lol
|
|switch|p1a: Hawlucha|Hawlucha, M, shiny|312\/312
|-damage|p1a: Hawlucha|273\/312|[from] Stealth Rock
|switch|p2a: DOUBLE INCURSIO|Bisharp, F|271\/271
|
|turn|9
|c|âPhlipadelphia|use hp fighitng
|c|âPhlipadelphia|lol
|
|switch|p2a: Landorus|Landorus, M|18\/319
|move|p1a: Hawlucha|Substitute|p1a: Hawlucha
|-start|p1a: Hawlucha|Substitute
|-damage|p1a: Hawlucha|195\/312
|
|turn|10
|c|âNedor|fuck.
|
|move|p1a: Hawlucha|Acrobatics|p2a: Landorus
|-damage|p2a: Landorus|0 fnt
|faint|p2a: Landorus
|
|
|switch|p2a: Dragonite|Dragonite, F|323\/323
|turn|11
|c|âPhlipadelphia|band?
|
|move|p2a: Dragonite|Extreme Speed|p1a: Hawlucha
|-end|p1a: Hawlucha|Substitute
|move|p1a: Hawlucha|Acrobatics|p2a: Dragonite
|-damage|p2a: Dragonite|286\/323
|
|turn|12
|c|âNedor|idk
|c|âPhlipadelphia|probably
|c|âNedor|nope
|
|switch|p1a: Landorus-Therian|Landorus-Therian, M|320\/320
|-damage|p1a: Landorus-Therian|280\/320|[from] Stealth Rock
|-ability|p1a: Landorus-Therian|Intimidate|[of] p2a: Dragonite
|-unboost|p2a: Dragonite|atk|1
|move|p2a: Dragonite|Extreme Speed|p1a: Landorus-Therian
|-damage|p1a: Landorus-Therian|159\/320
|
|turn|13
|c|âPhlipadelphia|did so much
|
|switch|p2a: Azumarill|Azumarill, M|353\/403 brn
|move|p1a: Landorus-Therian|Earthquake|p2a: Azumarill
|-damage|p2a: Azumarill|137\/403 brn
|
|-damage|p2a: Azumarill|87\/403 brn|[from] brn
|turn|14
|
|switch|p1a: Latios|Latios, M|262\/299
|-damage|p1a: Latios|225\/299|[from] Stealth Rock
|move|p2a: Azumarill|Play Rough|p1a: Latios|[miss]
|-miss|p2a: Azumarill|p1a: Latios
|
|-damage|p2a: Azumarill|37\/403 brn|[from] brn
|turn|15
|c|âPhlipadelphia|lol
|c|âPhlipadelphia|i thought u would do that
|c|âNedor|fuck my life
|c|âNedor|to pieces.
|c|âPhlipadelphia|srry
|c|âNedor|:
|c|âNedor|j
|c|âPhlipadelphia|but fire blast miss
|c|âNedor|meh fire blast
|c|âNedor|truu
|
|switch|p1a: Heatran|Heatran, M|217\/333
|-damage|p1a: Heatran|176\/333|[from] Stealth Rock
|move|p2a: Azumarill|Play Rough|p1a: Heatran
|-resisted|p1a: Heatran
|-damage|p1a: Heatran|153\/333
|
|-damage|p2a: Azumarill|0 fnt|[from] brn
|faint|p2a: Azumarill
|c|âPhlipadelphia|will-o-wisp spdef heatran wrecks ur team
|c|âNedor|yeahh.
|
|switch|p2a: Dragonite|Dragonite, F|286\/323
|turn|16
|c|âNedor|im real
|
|move|p2a: Dragonite|Outrage|p1a: Heatran
|-resisted|p1a: Heatran
|-damage|p1a: Heatran|0 fnt
|faint|p1a: Heatran
|
|c|âPhlipadelphia|nooooo
|
|switch|p1a: Landorus-Therian|Landorus-Therian, M|159\/320
|-damage|p1a: Landorus-Therian|119\/320|[from] Stealth Rock
|-ability|p1a: Landorus-Therian|Intimidate|[of] p2a: Dragonite
|-unboost|p2a: Dragonite|atk|1
|turn|17
|c|âPhlipadelphia|miss
|c|âPhlipadelphia|i use rock slide on balance teams and stone edge on offense
|
|move|p1a: Landorus-Therian|Stone Edge|p2a: Dragonite|[miss]
|-miss|p1a: Landorus-Therian|p2a: Dragonite
|move|p2a: Dragonite|Outrage|p1a: Landorus-Therian
|-damage|p1a: Landorus-Therian|0 fnt
|faint|p1a: Landorus-Therian
|
|c|âNedor|looool
|c|âPhlipadelphia|:(
|
|switch|p1a: Latios|Latios, M|225\/299
|-damage|p1a: Latios|188\/299|[from] Stealth Rock
|turn|18
|c|âNedor|sorry. thats gay af
|
|move|p1a: Latios|Draco Meteor|p2a: Dragonite
|-supereffective|p2a: Dragonite
|-damage|p2a: Dragonite|0 fnt
|-unboost|p1a: Latios|spa|2
|faint|p2a: Dragonite
|
|c|âPhlipadelphia|why is used rock slide
|c|âPhlipadelphia|*why I use
|c|âPhlipadelphia|that lose me my latios+lando
|
|switch|p2a: DOUBLE INCURSIO|Bisharp, F|271\/271
|turn|19
|c|âPhlipadelphia|lost
|
|move|p1a: Latios|Draco Meteor|p2a: DOUBLE INCURSIO
|-resisted|p2a: DOUBLE INCURSIO
|-damage|p2a: DOUBLE INCURSIO|190\/271
|-unboost|p1a: Latios|spa|2
|move|p2a: DOUBLE INCURSIO|Iron Head|p1a: Latios
|-damage|p1a: Latios|20\/299
|
|turn|20
|
|move|p1a: Latios|Draco Meteor|p2a: DOUBLE INCURSIO
|-resisted|p2a: DOUBLE INCURSIO
|-damage|p2a: DOUBLE INCURSIO|136\/271
|-unboost|p1a: Latios|spa|2
|move|p2a: DOUBLE INCURSIO|Iron Head|p1a: Latios
|-damage|p1a: Latios|0 fnt
|faint|p1a: Latios
|
|c|âPhlipadelphia|no pursuit
|c|âPhlipadelphia|!!!!!
|c|âNedor|naw
|
|switch|p1a: Hawlucha|Hawlucha, M, shiny|195\/312
|-damage|p1a: Hawlucha|156\/312|[from] Stealth Rock
|-enditem|p1a: Hawlucha|Sitrus Berry|[eat]
|-heal|p1a: Hawlucha|234\/312|[from] item: Sitrus Berry
|turn|21
|
|move|p1a: Hawlucha|High Jump Kick|p2a: DOUBLE INCURSIO
|-supereffective|p2a: DOUBLE INCURSIO
|-damage|p2a: DOUBLE INCURSIO|0 fnt
|faint|p2a: DOUBLE INCURSIO
|
|
|switch|p2a: Latios|Latios, M|302\/302
|turn|22
|c|âPhlipadelphia|scarf
|c|âPhlipadelphia|dont b
|
|move|p1a: Hawlucha|Substitute|p1a: Hawlucha
|-start|p1a: Hawlucha|Substitute
|-damage|p1a: Hawlucha|156\/312
|move|p2a: Latios|Psyshock|p1a: Hawlucha
|-supereffective|p1a: Hawlucha
|-end|p1a: Hawlucha|Substitute
|-damage|p2a: Latios|272\/302|[from] item: Life Orb
|
|turn|23
|
|move|p1a: Hawlucha|Acrobatics|p2a: Latios
|-damage|p2a: Latios|97\/302
|move|p2a: Latios|Draco Meteor|p1a: Hawlucha|[miss]
|-miss|p2a: Latios|p1a: Hawlucha
|
|turn|24
|c|âPhlipadelphia|lol
|c|âNedor|hehe
|c|âPhlipadelphia|too much hax this game
|c|âNedor|lol this game is fucked
|
|move|p1a: Hawlucha|Acrobatics|p2a: Latios
|-damage|p2a: Latios|0 fnt
|faint|p2a: Latios
|
|
|switch|p2a: Manectric|Manectric, F|281\/281
|turn|25
|c|âPhlipadelphia|why i quit laddering
|c|âPhlipadelphia|is this
|
|detailschange|p2a: Manectric|Manectric-Mega, F
|message|Manectric has Mega Evolved into Mega Manectric!
|-ability|p2a: Manectric|Intimidate|[of] p1a: Hawlucha
|-unboost|p1a: Hawlucha|atk|1
|move|p1a: Hawlucha|High Jump Kick|p2a: Manectric
|-damage|p2a: Manectric|139\/281
|move|p2a: Manectric|Volt Switch|p1a: Hawlucha
|-supereffective|p1a: Hawlucha
|-damage|p1a: Hawlucha|0 fnt
|faint|p1a: Hawlucha
|
|
|switch|p1a: Greninja|Greninja, F|286\/286
|-damage|p1a: Greninja|251\/286|[from] Stealth Rock
|turn|26
|c|âNedor|gg tho
|c|âNedor|until scarf ninja
|c|âPhlipadelphia|but in offense u need to predict everything
|c|âPhlipadelphia|no recovery moves
|c|âNedor|yeah ik
|c|âNedor|you need momentum right?
|
|move|p2a: Manectric|Thunderbolt|p1a: Greninja
|-supereffective|p1a: Greninja
|-damage|p1a: Greninja|0 fnt
|faint|p1a: Greninja
|
|win|Nedor
|c|âPhlipadelphia|yea
|c|âPhlipadelphia|but like
|c|âNedor|i know how to play offense, but idk how to teambuild in offense