|join|Grino
|join|Nedor
|player|p1|Grino|2
|player|p2|Nedor|292
|gametype|singles
|gen|6
|tier|OU
|rated
|clearpoke
|poke|p1|Manaphy
|poke|p1|Sceptile, F
|poke|p1|Clefable, F
|poke|p1|Latios, M
|poke|p1|Keldeo
|poke|p1|Heatran, M
|poke|p2|Gallade, M
|poke|p2|Manaphy
|poke|p2|Bisharp, M
|poke|p2|Landorus-Therian, M
|poke|p2|Ferrothorn, F
|poke|p2|Latias, F
|rule|Swagger Clause: Swagger is banned
|rule|Baton Pass Clause: Limit one PokÃ©mon knowing Baton Pass
|rule|Sleep Clause Mod: Limit one foe put to sleep
|rule|Species Clause: Limit one of each PokÃ©mon
|rule|OHKO Clause: OHKO moves are banned
|rule|Moody Clause: Moody is banned
|rule|Evasion Moves Clause: Evasion moves are banned
|rule|Endless Battle Clause: Forcing endless battles is banned
|rule|HP Percentage Mod: HP is shown in percentages
|teampreview
|
|start
|switch|p1a: Keldeo|Keldeo|323\/323
|switch|p2a: Ferrothorn|Ferrothorn, F|352\/352
|turn|1
|
|move|p2a: Ferrothorn|Protect|p2a: Ferrothorn
|-singleturn|p2a: Ferrothorn|Protect
|move|p1a: Keldeo|Secret Sword|p2a: Ferrothorn
|-activate|p2a: Ferrothorn|Protect
|
|turn|2
|
|switch|p2a: Latias|Latias, F|319\/319
|move|p1a: Keldeo|Secret Sword|p2a: Latias
|-crit|p2a: Latias
|-resisted|p2a: Latias
|-damage|p2a: Latias|196\/319
|
|turn|3
|
|switch|p1a: Heatran|Heatran, M|385\/385
|switch|p2a: Gallade|Gallade, M|277\/277
|
|turn|4
|
|switch|p1a: Clefable|Clefable, F|394\/394
|detailschange|p2a: Gallade|Gallade-Mega, M
|message|Gallade has Mega Evolved into Mega Gallade!
|move|p2a: Gallade|Zen Headbutt|p1a: Clefable
|-damage|p1a: Clefable|246\/394
|
|-heal|p1a: Clefable|270\/394|[from] item: Leftovers
|turn|5
|
|switch|p2a: Bisharp|Bisharp, M|271\/271
|move|p1a: Clefable|Moonblast|p2a: Bisharp
|-damage|p2a: Bisharp|124\/271
|-unboost|p2a: Bisharp|spa|1
|-boost|p2a: Bisharp|atk|2|[from] ability: Defiant
|
|-heal|p1a: Clefable|294\/394|[from] item: Leftovers
|turn|6
|c|âGrino|oh my
|
|move|p2a: Bisharp|Knock Off|p1a: Clefable
|-resisted|p1a: Clefable
|-damage|p1a: Clefable|204\/394
|-enditem|p1a: Clefable|Leftovers|[from] move: Knock Off|[of] p2a: Bisharp
|move|p1a: Clefable|Moonblast|p2a: Bisharp
|-damage|p2a: Bisharp|0 fnt
|faint|p2a: Bisharp
|
|
|switch|p2a: Manaphy|Manaphy|403\/403
|turn|7
|-message|Nedor forfeited.
|
|win|Grino
|raw|Ladder updating...
|leave|Nedor
|player|p2