|join|Nedor
|join|Deathly power
|player|p1|Nedor|292
|player|p2|Deathly power|80
|gametype|singles
|gen|6
|tier|OU
|rated
|clearpoke
|poke|p1|Beedrill, F
|poke|p1|Magnezone
|poke|p1|Landorus-Therian, M
|poke|p1|Thundurus, M
|poke|p1|Latios, M
|poke|p1|Keldeo-Resolute
|poke|p2|Altaria, F
|poke|p2|Rotom-Wash
|poke|p2|Landorus, M
|poke|p2|Heatran, M
|poke|p2|Conkeldurr, F
|poke|p2|Latios, M
|rule|Swagger Clause: Swagger is banned
|rule|Baton Pass Clause: Limit one PokÃ©mon knowing Baton Pass
|rule|Sleep Clause Mod: Limit one foe put to sleep
|rule|Species Clause: Limit one of each PokÃ©mon
|rule|OHKO Clause: OHKO moves are banned
|rule|Moody Clause: Moody is banned
|rule|Evasion Moves Clause: Evasion moves are banned
|rule|Endless Battle Clause: Forcing endless battles is banned
|rule|HP Percentage Mod: HP is shown in percentages
|teampreview
|
|start
|switch|p1a: Beedrill|Beedrill, F|271\/271
|switch|p2a: Land R Us|Landorus, M|319\/319
|turn|1
|
|detailschange|p1a: Beedrill|Beedrill-Mega, F
|message|Beedrill has Mega Evolved into Mega Beedrill!
|move|p1a: Beedrill|Protect|p1a: Beedrill
|-singleturn|p1a: Beedrill|Protect
|move|p2a: Land R Us|Stealth Rock|p1a: Beedrill
|-sidestart|p1: Nedor|move: Stealth Rock
|
|turn|2
|
|move|p1a: Beedrill|U-turn|p2a: Land R Us
|-resisted|p2a: Land R Us
|-damage|p2a: Land R Us|223\/319
|
|switch|p1a: Latios|Latios, M|301\/301
|-damage|p1a: Latios|264\/301|[from] Stealth Rock
|move|p2a: Land R Us|Hidden Power|p1a: Latios
|-supereffective|p1a: Latios
|-damage|p1a: Latios|95\/301
|-damage|p2a: Land R Us|192\/319|[from] item: Life Orb
|
|turn|3
|
|switch|p2a: Jantran|Heatran, M|325\/325
|-item|p2a: Jantran|Air Balloon
|move|p1a: Latios|Trick|p2a: Jantran
|-activate|p1a: Latios|move: Trick|[of] p2a: Jantran
|-item|p2a: Jantran|Choice Scarf|[from] move: Trick
|-item|p1a: Latios|Air Balloon
|-item|p1a: Latios|Air Balloon|[from] move: Trick
|
|turn|4
|c|âDeathly power|I'm making you doubly immune to ground
|
|move|p2a: Jantran|Flash Cannon|p1a: Latios
|-damage|p1a: Latios|0 fnt
|-enditem|p1a: Latios|Air Balloon
|faint|p1a: Latios
|
|
|switch|p1a: Keldeo-Resolute|Keldeo-Resolute|323\/323
|-damage|p1a: Keldeo-Resolute|303\/323|[from] Stealth Rock
|turn|5
|
|switch|p2a: Zoom|Latios, M|301\/301
|move|p1a: Keldeo-Resolute|Icy Wind|p2a: Zoom
|-supereffective|p2a: Zoom
|-damage|p2a: Zoom|107\/301
|-unboost|p2a: Zoom|spe|1
|
|turn|6
|
|switch|p2a: Jantran|Heatran, M|325\/325
|move|p1a: Keldeo-Resolute|Icy Wind|p2a: Jantran
|-miss|p1a: Keldeo-Resolute|p2a: Jantran
|
|turn|7
|
|switch|p1a: Landorus-Therian|Landorus-Therian, M|381\/381
|-damage|p1a: Landorus-Therian|334\/381|[from] Stealth Rock
|-ability|p1a: Landorus-Therian|Intimidate|[of] p2a: Jantran
|-unboost|p2a: Jantran|atk|1
|move|p2a: Jantran|Fire Blast|p1a: Landorus-Therian
|-damage|p1a: Landorus-Therian|94\/381
|
|-heal|p1a: Landorus-Therian|117\/381|[from] item: Leftovers
|turn|8
|
|switch|p2a: Puffle|Altaria, F|330\/330
|switch|p1a: Keldeo-Resolute|Keldeo-Resolute|303\/323
|-damage|p1a: Keldeo-Resolute|283\/323|[from] Stealth Rock
|
|turn|9
|
|switch|p1a: Magnezone|Magnezone|281\/281
|-damage|p1a: Magnezone|264\/281|[from] Stealth Rock
|detailschange|p2a: Puffle|Altaria-Mega, F
|message|Altaria has Mega Evolved into Mega Altaria!
|move|p2a: Puffle|Earthquake|p1a: Magnezone
|-supereffective|p1a: Magnezone
|-damage|p1a: Magnezone|0 fnt
|faint|p1a: Magnezone
|
|
|switch|p1a: Beedrill|Beedrill-Mega, F|271\/271
|-damage|p1a: Beedrill|204\/271|[from] Stealth Rock
|turn|10
|
|switch|p2a: Jantran|Heatran, M|325\/325
|move|p1a: Beedrill|Poison Jab|p2a: Jantran
|-immune|p2a: Jantran|[msg]
|
|turn|11
|
|move|p1a: Beedrill|Drill Run|p2a: Jantran
|-supereffective|p2a: Jantran
|-damage|p2a: Jantran|0 fnt
|faint|p2a: Jantran
|
|c|âDeathly power|so it's still faster than scarf heatran
|c|âNedor|obviously
|
|switch|p2a: Zoom|Latios, M|107\/301
|turn|12
|c|âDeathly power|oh shit misclick
|
|move|p2a: Zoom|Psyshock|p1a: Beedrill
|-supereffective|p1a: Beedrill
|-damage|p1a: Beedrill|0 fnt
|faint|p1a: Beedrill
|
|c|âNedor|.
|c|âNedor|i hate you
|c|âDeathly power|you acutally fell for that?
|c|âDeathly power|still i can't surprise kill your keldeo now
|
|switch|p1a: Thundurus|Thundurus, M|299\/299
|-damage|p1a: Thundurus|225\/299|[from] Stealth Rock
|turn|13
|c|âNedor|i still lose
|join|amisafk
|c|âDeathly power|ik
|
|switch|p2a: Laundry Quandry|Rotom-Wash|303\/303
|move|p1a: Thundurus|Thunder Wave|p2a: Laundry Quandry
|-fail|p2a: Laundry Quandry
|
|turn|14
|c|âDeathly power|unless a miracle happens
|
|move|p1a: Thundurus|Thunderbolt|p2a: Laundry Quandry
|-damage|p2a: Laundry Quandry|120\/303
|-damage|p1a: Thundurus|196\/299|[from] item: Life Orb
|move|p2a: Laundry Quandry|Volt Switch|p1a: Thundurus
|-damage|p1a: Thundurus|90\/299
|leave|amisafk
|
|switch|p2a: Nosey Puncher|Conkeldurr, F|352\/352
|
|turn|15
|
|move|p1a: Thundurus|Thunder Wave|p2a: Nosey Puncher
|-status|p2a: Nosey Puncher|par
|move|p2a: Nosey Puncher|Knock Off|p1a: Thundurus
|-damage|p1a: Thundurus|0 fnt
|-enditem|p1a: Thundurus|Life Orb|[from] move: Knock Off|[of] p2a: Nosey Puncher
|faint|p1a: Thundurus
|
|c|âDeathly power|guts
|c|âDeathly power|hello?
|c|âNedor|IT DOESNT FUCKING MATTER
|c|âDeathly power|tru
|
|switch|p1a: Keldeo-Resolute|Keldeo-Resolute|283\/323
|-damage|p1a: Keldeo-Resolute|263\/323|[from] Stealth Rock
|turn|16
|
|move|p1a: Keldeo-Resolute|Scald|p2a: Nosey Puncher
|-damage|p2a: Nosey Puncher|214\/352 par
|cant|p2a: Nosey Puncher|par
|
|turn|17
|-message|Nedor forfeited.
|
|move|p1a: Keldeo-Resolute|Scald|p2a: Nosey Puncher
|-damage|p2a: Nosey Puncher|75\/352 par
|move|p2a: Nosey Puncher|Drain Punch|p1a: Keldeo-Resolute
|-damage|p1a: Keldeo-Resolute|29\/323
|-heal|p2a: Nosey Puncher|192\/352 par|[from] drain|[of] p1a: Keldeo-Resolute
|
|turn|18
|leave|Nedor
|
|win|Deathly power
|raw|Ladder updating...
|player|p1
|c|âDeathly power|gg
|raw|Nedor's rating: 1432 &rarr; <strong>1408<\/strong><br \/>(-24 for losing)
|raw|Deathly power's rating: 1375 &rarr; <strong>1398<\/strong><br \/>(+23 for winning)