|join|Nedor
|join|Kitten.exe
|player|p1|Nedor|292
|player|p2|Kitten.exe|1
|gametype|singles
|gen|6
|tier|OU
|clearpoke
|poke|p1|Diggersby, M
|poke|p1|Manectric, M
|poke|p1|Azelf
|poke|p1|Bisharp, M
|poke|p1|Landorus, M
|poke|p1|Latios, M
|poke|p2|Lopunny, M
|poke|p2|Breloom, M
|poke|p2|Thundurus, M
|poke|p2|Excadrill, F
|poke|p2|Latios, M
|poke|p2|Heatran, M
|rule|Swagger Clause: Swagger is banned
|rule|Baton Pass Clause: Limit one PokÃ©mon knowing Baton Pass
|rule|Sleep Clause Mod: Limit one foe put to sleep
|rule|Species Clause: Limit one of each PokÃ©mon
|rule|OHKO Clause: OHKO moves are banned
|rule|Moody Clause: Moody is banned
|rule|Evasion Moves Clause: Evasion moves are banned
|rule|Endless Battle Clause: Forcing endless battles is banned
|rule|HP Percentage Mod: HP is shown in percentages
|teampreview
|c|âKitten.exe|What do you think on first sight
|c|âNedor|looks pretty solid, but it seems like a few mons are out of place.
|join|All-Time Alt
|
|start
|switch|p1a: Azelf|Azelf|291\/291
|switch|p2a: Lopunny|Lopunny, M|271\/271
|turn|1
|c|âNedor|mega lop rips apart offense
|
|detailschange|p2a: Lopunny|Lopunny-Mega, M
|-mega|p2a: Lopunny|Lopunny|Lopunnite
|move|p2a: Lopunny|Fake Out|p1a: Azelf
|-damage|p1a: Azelf|198\/291
|cant|p1a: Azelf|flinch
|
|turn|2
|
|move|p2a: Lopunny|Return|p1a: Azelf
|-damage|p1a: Azelf|0 fnt
|faint|p1a: Azelf
|
|
|switch|p1a: Manectric|Manectric, M|281\/281
|turn|3
|
|switch|p2a: Excadrill|Excadrill, F|361\/361
|-ability|p2a: Excadrill|Mold Breaker
|detailschange|p1a: Manectric|Manectric-Mega, M
|-mega|p1a: Manectric|Manectric|Manectite
|-ability|p1a: Manectric|Intimidate|[of] p2a: Excadrill
|-unboost|p2a: Excadrill|atk|1
|move|p1a: Manectric|Volt Switch|p2a: Excadrill
|-immune|p2a: Excadrill|[msg]
|
|turn|4
|
|switch|p1a: Landorus|Landorus, M|319\/319
|move|p2a: Excadrill|Earthquake|p1a: Landorus
|-immune|p1a: Landorus|[msg]
|
|turn|5
|
|switch|p2a: Thundurus|Thundurus, M|299\/299
|switch|p1a: Bisharp|Bisharp, M|271\/271
|
|turn|6
|
|switch|p1a: Manectric|Manectric-Mega, M|281\/281
|-ability|p1a: Manectric|Intimidate|[of] p2a: Thundurus
|-unboost|p2a: Thundurus|atk|1
|move|p2a: Thundurus|Focus Blast|p1a: Manectric
|-damage|p1a: Manectric|67\/281
|-damage|p2a: Thundurus|270\/299|[from] item: Life Orb
|
|turn|7
|
|switch|p2a: Heatran|Heatran, M|337\/337
|move|p1a: Manectric|Volt Switch|p2a: Heatran
|-damage|p2a: Heatran|220\/337
|
|switch|p1a: Bisharp|Bisharp, M|271\/271
|
|turn|8
|c|âKitten.exe|Nice low kick
|
|move|p1a: Bisharp|Low Kick|p2a: Heatran
|-crit|p2a: Heatran
|-supereffective|p2a: Heatran
|-damage|p2a: Heatran|0 fnt
|-damage|p1a: Bisharp|244\/271|[from] item: Life Orb
|faint|p2a: Heatran
|
|
|switch|p2a: Breloom|Breloom, M|261\/261
|turn|9
|
|switch|p1a: Latios|Latios, M|301\/301
|move|p2a: Breloom|Spore|p1a: Latios
|-status|p1a: Latios|slp
|
|turn|10
|
|cant|p1a: Latios|slp
|move|p2a: Breloom|Rock Tomb|p1a: Latios
|-damage|p1a: Latios|181\/301 slp
|-unboost|p1a: Latios|spe|1
|
|turn|11
|
|move|p2a: Breloom|Rock Tomb|p1a: Latios
|-damage|p1a: Latios|51\/301 slp
|-unboost|p1a: Latios|spe|1
|-curestatus|p1a: Latios|slp
|move|p1a: Latios|Psyshock|p2a: Breloom
|-supereffective|p2a: Breloom
|-enditem|p2a: Breloom|Focus Sash
|-damage|p2a: Breloom|1\/261
|-damage|p1a: Latios|21\/301|[from] item: Life Orb
|
|turn|12
|c|âKitten.exe|Aw ma
|
|move|p2a: Breloom|Bullet Seed|p1a: Latios
|-resisted|p1a: Latios
|-damage|p1a: Latios|0 fnt
|-hitcount|p1a: Latios|1
|faint|p1a: Latios
|
|
|switch|p1a: Diggersby|Diggersby, M|311\/311
|turn|13
|
|move|p1a: Diggersby|Quick Attack|p2a: Breloom
|-damage|p2a: Breloom|0 fnt
|-damage|p1a: Diggersby|280\/311|[from] item: Life Orb
|faint|p2a: Breloom
|
|
|switch|p2a: Excadrill|Excadrill, F|361\/361
|-ability|p2a: Excadrill|Mold Breaker
|turn|14
|
|switch|p1a: Landorus|Landorus, M|319\/319
|move|p2a: Excadrill|Iron Head|p1a: Landorus
|-damage|p1a: Landorus|144\/319
|
|turn|15
|c|âKitten.exe|?
|c|âNedor|thinking.
|
|switch|p1a: Manectric|Manectric-Mega, M|67\/281
|-ability|p1a: Manectric|Intimidate|[of] p2a: Excadrill
|-unboost|p2a: Excadrill|atk|1
|move|p2a: Excadrill|Iron Head|p1a: Manectric
|-resisted|p1a: Manectric
|-damage|p1a: Manectric|13\/281
|
|turn|16
|
|switch|p1a: Bisharp|Bisharp, M|244\/271
|move|p2a: Excadrill|Iron Head|p1a: Bisharp
|-resisted|p1a: Bisharp
|-damage|p1a: Bisharp|193\/271
|
|turn|17
|
|switch|p2a: Latios|Latios, M|301\/301
|move|p1a: Bisharp|Knock Off|p2a: Latios
|-supereffective|p2a: Latios
|-damage|p2a: Latios|0 fnt
|-enditem|p2a: Latios|Choice Scarf|[from] move: Knock Off|[of] p1a: Bisharp
|-damage|p1a: Bisharp|166\/271|[from] item: Life Orb
|faint|p2a: Latios
|
|
|switch|p2a: Lopunny|Lopunny-Mega, M|271\/271
|turn|18
|c|âNedor|double scarf
|c|âNedor|nb
|leave|All-Time Alt
|
|switch|p1a: Manectric|Manectric-Mega, M|13\/281
|-ability|p1a: Manectric|Intimidate|[of] p2a: Lopunny
|-unboost|p2a: Lopunny|atk|1
|move|p2a: Lopunny|High Jump Kick|p1a: Manectric|[miss]
|-miss|p2a: Lopunny|p1a: Manectric
|-damage|p2a: Lopunny|136\/271|[from] highjumpkick
|
|turn|19
|c|âNedor|sigh
|c|âKitten.exe|Aw man
|
|move|p2a: Lopunny|Ice Punch|p1a: Manectric
|-damage|p1a: Manectric|0 fnt
|faint|p1a: Manectric
|
|
|switch|p1a: Diggersby|Diggersby, M|280\/311
|turn|20
|
|switch|p2a: Thundurus|Thundurus, M|270\/299
|move|p1a: Diggersby|Quick Attack|p2a: Thundurus
|-damage|p2a: Thundurus|122\/299
|-damage|p1a: Diggersby|249\/311|[from] item: Life Orb
|
|turn|21
|
|move|p2a: Thundurus|Hidden Power|p1a: Diggersby
|-supereffective|p1a: Diggersby
|-damage|p1a: Diggersby|12\/311
|-damage|p2a: Thundurus|93\/299|[from] item: Life Orb
|move|p1a: Diggersby|Earthquake|p2a: Thundurus
|-immune|p2a: Thundurus|[msg]
|
|turn|22
|c|âNedor|ez
|c|âNedor|ugh
|c|âNedor|bad play
|
|switch|p2a: Excadrill|Excadrill, F|361\/361
|-ability|p2a: Excadrill|Mold Breaker
|move|p1a: Diggersby|Quick Attack|p2a: Excadrill
|-resisted|p2a: Excadrill
|-damage|p2a: Excadrill|271\/361
|-damage|p1a: Diggersby|0 fnt|[from] item: Life Orb
|faint|p1a: Diggersby
|
|
|switch|p1a: Bisharp|Bisharp, M|166\/271
|turn|23
|
|switch|p1a: Landorus|Landorus, M|144\/319
|move|p2a: Excadrill|Earthquake|p1a: Landorus
|-immune|p1a: Landorus|[msg]
|
|turn|24
|
|switch|p2a: Thundurus|Thundurus, M|93\/299
|move|p1a: Landorus|Rock Polish|p1a: Landorus
|-boost|p1a: Landorus|spe|2
|
|turn|25
|c|âNedor|gg
|c|âKitten.exe|Gg
|
|move|p1a: Landorus|Psychic|p2a: Thundurus
|-crit|p2a: Thundurus
|-damage|p2a: Thundurus|0 fnt
|faint|p2a: Thundurus
|
|c|âKitten.exe|I lost
|
|switch|p2a: Lopunny|Lopunny-Mega, M|136\/271
|turn|26
|c|âNedor|>fake out crit
|
|move|p2a: Lopunny|Fake Out|p1a: Landorus
|-damage|p1a: Landorus|65\/319
|cant|p1a: Landorus|flinch
|
|turn|27
|c|âKitten.exe|well didnt need the crit huh
|
|switch|p2a: Excadrill|Excadrill, F|271\/361
|-ability|p2a: Excadrill|Mold Breaker
|move|p1a: Landorus|Earth Power|p2a: Excadrill
|-crit|p2a: Excadrill
|-supereffective|p2a: Excadrill
|-damage|p2a: Excadrill|0 fnt
|faint|p2a: Excadrill
|
|
|switch|p2a: Lopunny|Lopunny-Mega, M|136\/271
|turn|28
|c|âNedor|o nvm
|c|âNedor|you win  well played
|
|move|p2a: Lopunny|Fake Out|p1a: Landorus
|-damage|p1a: Landorus|0 fnt
|faint|p1a: Landorus
|
|c|âKitten.exe|Maybe i lost
|c|âKitten.exe|If i miss here
|c|âKitten.exe|I lose
|
|switch|p1a: Bisharp|Bisharp, M|166\/271
|turn|29
|
|move|p2a: Lopunny|High Jump Kick|p1a: Bisharp
|-supereffective|p1a: Bisharp
|-damage|p1a: Bisharp|0 fnt
|faint|p1a: Bisharp
|
|win|Kitten.exe
|c|âNedor|gg
|c|âKitten.exe|So, what do you think
|c|âKitten.exe|About my team?
|c|âNedor|tbh there's some mons that dont fit
|c|âNedor|like loom
|c|âKitten.exe|It fits quite well actually, it does heavy lifting
|c|âKitten.exe|Like, latios...
|c|âKitten.exe|But one turn wake up
|c|âNedor|tbh I had a bad matchup because lopunny just destroys offense
|c|âNedor|no, two turn
|c|âKitten.exe|No
|c|âKitten.exe|One turn
|c|âKitten.exe|Switch in spore does not count
|c|âNedor|im just saying loom doesnt fit well
|c|âNedor|what kind of tran are u?
|c|âKitten.exe|Shuca
|c|âNedor|,
|c|âNedor|tran doesnt fit either
|c|âNedor|run a suicide lead
|c|âKitten.exe|That would be breloom
|c|âNedor|something like azelf or terrakion would wor
|c|âNedor|you need rocks..
|c|âKitten.exe|Excadrill has it
|c|âNedor|scarfed rocks?
|c|âKitten.exe|It fakes things
|c|âKitten.exe|Then later, i made a garchomp die to EQ, which he needed
|c|âNedor|scarfed rocks is generally not a good idea.
|c|âKitten.exe|Thats why no one expects it
|c|âKitten.exe|Once i use rocks, they dismiss the idea of me being scarfeed
|c|âKitten.exe|Then, hit them where it hurts
|c|âNedor|tran doesnt fit at all, neither does loom
|c|âKitten.exe|Why not
|c|âNedor|replace one with something like azelf or terrakion because its hyper offense.
|c|âNedor|because heatran is pulling the team down
|c|âKitten.exe|Im not trying to play hyper
|c|âNedor|it is hyper
|c|âKitten.exe|Well i dont generally like playing like that
|c|âNedor|Well thats what the team is.
|c|âNedor|you can't argue, its mega lop, thundy, latios, drill, loom
|c|âNedor|all HO mons
|c|âKitten.exe|Latios is a defogger
|c|âKitten.exe|Thundy is only utility to me
|c|âNedor|Latios goes on hyper offense.
|c|âKitten.exe|Drill is a cleanup
|c|âNedor|thundy is utility on hyper offense.
|c|âNedor|dude you're just making my point.
|c|âKitten.exe|Oh right xD
|c|âNedor|you cant deny thats its ho
|c|âKitten.exe|But heatran is my bird spam stopper
|c|âNedor|thund stop bird spam
|c|âKitten.exe|No he dosent
|c|âKitten.exe|I tried
|c|âKitten.exe|Heatran used to be victini
|c|âNedor|its hyper offense, you dont run tran
|c|âNedor|bro, instead of tran, run somethin like raikou
|c|âKitten.exe|Dosent fit my fancy
|c|âKitten.exe|I used him before
|c|âNedor|okay whatever, I tried to help, Im just saying Shuca berry tran isnt good for your team.
|leave|Nedor
|player|p1
|leave|Kitten.exe
|player|p2
|join|Kitten.exe