|join|Team Fusion
|join|Nedor
|player|p1|Team Fusion|269
|player|p2|Nedor|52
|gametype|singles
|gen|6
|tier|OU
|rated
|clearpoke
|poke|p1|Gyarados, M
|poke|p1|Gengar, M
|poke|p1|Ferrothorn, F
|poke|p1|Rotom-Heat
|poke|p1|Excadrill, M
|poke|p1|Thundurus, M
|poke|p2|Sableye, M
|poke|p2|Chansey, F
|poke|p2|Cresselia, F
|poke|p2|Gothitelle, M
|poke|p2|Skarmory, M
|poke|p2|Quagsire, M
|rule|Swagger Clause: Swagger is banned
|rule|Baton Pass Clause: Limit one PokÃ©mon knowing Baton Pass
|rule|Sleep Clause Mod: Limit one foe put to sleep
|rule|Species Clause: Limit one of each PokÃ©mon
|rule|OHKO Clause: OHKO moves are banned
|rule|Moody Clause: Moody is banned
|rule|Evasion Moves Clause: Evasion moves are banned
|rule|Endless Battle Clause: Forcing endless battles is banned
|rule|HP Percentage Mod: HP is shown in percentages
|teampreview
Nedor turned on modjoin.
|raw|<div class="broadcast-red"><b>Moderated chat was set to +!<\/b><br \/>Only users of rank + and higher can talk.<\/div>
Nedor made this room hidden.
|
|start
|switch|p1a: Rotom-Heat|Rotom-Heat|241\/241
|switch|p2a: Sableye|Sableye, M|303\/303
|turn|1
|
|switch|p2a: Chansey|Chansey, F|642\/642
|move|p1a: Rotom-Heat|Volt Switch|p2a: Chansey
|-damage|p2a: Chansey|587\/642
|
|switch|p1a: Gengar|Gengar, M|261\/261
|
|turn|2
|
|switch|p1a: Rotom-Heat|Rotom-Heat|241\/241
|switch|p2a: Sableye|Sableye, M|303\/303
|
|turn|3
|
|switch|p2a: Quagsire|Quagsire, M|394\/394
|move|p1a: Rotom-Heat|Volt Switch|p2a: Quagsire
|-immune|p2a: Quagsire|[msg]
|
|turn|4
|
|switch|p2a: Sableye|Sableye, M|303\/303
|move|p1a: Rotom-Heat|Volt Switch|p2a: Sableye
|-damage|p2a: Sableye|188\/303
|
|switch|p1a: Thundurus|Thundurus, M|299\/299
|
|turn|5
|
|switch|p2a: Cresselia|Cresselia, F|443\/443
|move|p1a: Thundurus|Knock Off|p2a: Cresselia
|-supereffective|p2a: Cresselia
|-damage|p2a: Cresselia|240\/443
|-enditem|p2a: Cresselia|Leftovers|[from] move: Knock Off|[of] p1a: Thundurus
|-damage|p1a: Thundurus|270\/299|[from] item: Life Orb
|
|turn|6
|
|switch|p1a: Ferrothorn|Ferrothorn, F|352\/352
|move|p2a: Cresselia|Moonlight|p2a: Cresselia
|-heal|p2a: Cresselia|443\/443
|
|turn|7
|
|switch|p2a: Gothitelle|Gothitelle, M|281\/281
|switch|p1a: Rotom-Heat|Rotom-Heat|241\/241
|
|turn|8
|
|switch|p2a: Quagsire|Quagsire, M|394\/394
|move|p1a: Rotom-Heat|Volt Switch|p2a: Quagsire
|-immune|p2a: Quagsire|[msg]
|
|turn|9
|
|switch|p1a: Ferrothorn|Ferrothorn, F|352\/352
|move|p2a: Quagsire|Scald|p1a: Ferrothorn
|-resisted|p1a: Ferrothorn
|-damage|p1a: Ferrothorn|325\/352
|-status|p1a: Ferrothorn|brn
|
|-heal|p1a: Ferrothorn|347\/352 brn|[from] item: Leftovers
|-damage|p1a: Ferrothorn|303\/352 brn|[from] brn
|turn|10
|
|switch|p2a: Skarmory|Skarmory, M|334\/334
|move|p1a: Ferrothorn|Spikes|p2a: Skarmory
|-sidestart|p2: Nedor|Spikes
|
|-heal|p1a: Ferrothorn|325\/352 brn|[from] item: Leftovers
|-damage|p1a: Ferrothorn|281\/352 brn|[from] brn
|turn|11
|
|switch|p1a: Rotom-Heat|Rotom-Heat|241\/241
|move|p2a: Skarmory|Defog|p1a: Rotom-Heat
|-unboost|p1a: Rotom-Heat|evasion|1
|-sideend|p2: Nedor|Spikes|[from] move: Defog|[of] p2a: Skarmory
|
|turn|12
|
|switch|p2a: Quagsire|Quagsire, M|394\/394
|move|p1a: Rotom-Heat|Trick|p2a: Quagsire
|-activate|p1a: Rotom-Heat|move: Trick|[of] p2a: Quagsire
|-item|p2a: Quagsire|Choice Scarf|[from] move: Trick
|-item|p1a: Rotom-Heat|Leftovers|[from] move: Trick
|
|turn|13
|
|move|p1a: Rotom-Heat|Volt Switch|p2a: Quagsire
|-immune|p2a: Quagsire|[msg]
|move|p2a: Quagsire|Scald|p1a: Rotom-Heat
|-crit|p1a: Rotom-Heat
|-supereffective|p1a: Rotom-Heat
|-damage|p1a: Rotom-Heat|61\/241
|
|-heal|p1a: Rotom-Heat|76\/241|[from] item: Leftovers
|turn|14
|
|switch|p2a: Gothitelle|Gothitelle, M|281\/281
|move|p1a: Rotom-Heat|Volt Switch|p2a: Gothitelle
|-damage|p2a: Gothitelle|187\/281
|c|âNedor|i dont get you man
|
|switch|p1a: Excadrill|Excadrill, M|361\/361
|-ability|p1a: Excadrill|Mold Breaker
|-item|p1a: Excadrill|Air Balloon
|
|turn|15
|c|âTeam Fusion|me either dude i am stoned making weird plays no lie
|
|switch|p2a: Skarmory|Skarmory, M|334\/334
|move|p1a: Excadrill|Iron Head|p2a: Skarmory
|-resisted|p2a: Skarmory
|-damage|p2a: Skarmory|295\/334
|
|turn|16
|
|switch|p1a: Ferrothorn|Ferrothorn, F|281\/352 brn
|switch|p2a: Chansey|Chansey, F|587\/642
|
|-heal|p1a: Ferrothorn|303\/352 brn|[from] item: Leftovers
|-damage|p1a: Ferrothorn|259\/352 brn|[from] brn
|turn|17
|
|switch|p2a: Skarmory|Skarmory, M|295\/334
|move|p1a: Ferrothorn|Spikes|p2a: Skarmory
|-sidestart|p2: Nedor|Spikes
|
|-heal|p1a: Ferrothorn|281\/352 brn|[from] item: Leftovers
|-damage|p1a: Ferrothorn|237\/352 brn|[from] brn
|turn|18
|
|switch|p1a: Thundurus|Thundurus, M|270\/299
|move|p2a: Skarmory|Defog|p1a: Thundurus
|-unboost|p1a: Thundurus|evasion|1
|-boost|p1a: Thundurus|atk|2|[from] ability: Defiant
|-sideend|p2: Nedor|Spikes|[from] move: Defog|[of] p2a: Skarmory
|
|turn|19
|
|switch|p1a: Gyarados|Gyarados, M|333\/333
|-ability|p1a: Gyarados|Intimidate|[of] p2a: Skarmory
|-unboost|p2a: Skarmory|atk|1
|switch|p2a: Quagsire|Quagsire, M|394\/394
|
|turn|20
|
|detailschange|p1a: Gyarados|Gyarados-Mega, M
|-mega|p1a: Gyarados|Gyarados|Gyaradosite
|-ability|p1a: Gyarados|Mold Breaker
|move|p1a: Gyarados|Substitute|p1a: Gyarados
|-start|p1a: Gyarados|Substitute
|-damage|p1a: Gyarados|250\/333
|move|p2a: Quagsire|Scald|p1a: Gyarados
|-resisted|p1a: Gyarados
|-activate|p1a: Gyarados|Substitute|[damage]
|
|turn|21
|c|âNedor|gg lol
|-message|Nedor forfeited.
|
|win|Team Fusion
|raw|Ladder updating...
|leave|Nedor
|player|p2
|raw|Team Fusion's rating: 1546 &rarr; <strong>1573<\/strong><br \/>(+27 for winning)
|raw|Nedor's rating: 1670 &rarr; <strong>1643<\/strong><br \/>(-27 for losing)