|join|WideTomato
|join|My Final Bullet
|player|p1|WideTomato|101
|player|p2|My Final Bullet|225
|gametype|singles
|gen|6
|tier|OU
|rated
|clearpoke
|poke|p1|Charizard, F
|poke|p1|Keldeo-Resolute
|poke|p1|Latios, M
|poke|p1|Talonflame, F
|poke|p1|Tyranitar, M
|poke|p1|Excadrill, M
|poke|p2|Keldeo
|poke|p2|Breloom, M
|poke|p2|Medicham, M
|poke|p2|Landorus, M
|poke|p2|Tyranitar, M
|poke|p2|Thundurus, M
|rule|Swagger Clause: Swagger is banned
|rule|Baton Pass Clause: Limit one PokÃ©mon knowing Baton Pass
|rule|Sleep Clause Mod: Limit one foe put to sleep
|rule|Species Clause: Limit one of each PokÃ©mon
|rule|OHKO Clause: OHKO moves are banned
|rule|Moody Clause: Moody is banned
|rule|Evasion Moves Clause: Evasion moves are banned
|rule|Endless Battle Clause: Forcing endless battles is banned
|rule|HP Percentage Mod: HP is shown in percentages
|teampreview
|
|start
|switch|p1a: Hurricane beach|Tyranitar, M|403\/403
|switch|p2a: Landorus|Landorus, M|320\/320
|-weather|Sandstorm
|turn|1
|
|move|p2a: Landorus|Focus Blast|p1a: Hurricane beach
|-crit|p1a: Hurricane beach
|-supereffective|p1a: Hurricane beach
|-damage|p1a: Hurricane beach|0 fnt
|faint|p1a: Hurricane beach
|
|-weather|Sandstorm|[upkeep]
|
|switch|p1a: My little power|Keldeo-Resolute|323\/323
|turn|2
|
|switch|p2a: Keldeo|Keldeo|323\/323
|move|p1a: My little power|Scald|p2a: Keldeo
|-resisted|p2a: Keldeo
|-damage|p2a: Keldeo|215\/323
|
|-weather|Sandstorm|[upkeep]
|-damage|p1a: My little power|303\/323|[from] sandstorm
|-damage|p2a: Keldeo|195\/323|[from] sandstorm
|turn|3
|
|switch|p1a: 1.5xMeteor|Latios, M|302\/302
|switch|p2a: Tyranitar|Tyranitar, M|341\/341
|
|-weather|Sandstorm|[upkeep]
|-damage|p1a: 1.5xMeteor|284\/302|[from] sandstorm
|turn|4
|
|move|p2a: Tyranitar|Pursuit|p1a: 1.5xMeteor
|-supereffective|p1a: 1.5xMeteor
|-damage|p1a: 1.5xMeteor|98\/302
|move|p1a: 1.5xMeteor|Draco Meteor|p2a: Tyranitar
|-damage|p2a: Tyranitar|153\/341
|-unboost|p1a: 1.5xMeteor|spa|2
|-damage|p1a: 1.5xMeteor|68\/302|[from] item: Life Orb
|
|-weather|Sandstorm|[upkeep]
|-damage|p1a: 1.5xMeteor|50\/302|[from] sandstorm
|turn|5
|
|move|p2a: Tyranitar|Pursuit|p1a: 1.5xMeteor
|-supereffective|p1a: 1.5xMeteor
|-damage|p1a: 1.5xMeteor|0 fnt
|faint|p1a: 1.5xMeteor
|
|-weather|Sandstorm|[upkeep]
|
|switch|p1a: WAYAUUU|Excadrill, M|362\/362
|turn|6
|
|move|p1a: WAYAUUU|Iron Head|p2a: Tyranitar
|-supereffective|p2a: Tyranitar
|-damage|p2a: Tyranitar|0 fnt
|-damage|p1a: WAYAUUU|326\/362|[from] item: Life Orb
|faint|p2a: Tyranitar
|
|-weather|Sandstorm|[upkeep]
|
|switch|p2a: Medicham|Medicham, M|261\/261
|turn|7
|
|detailschange|p2a: Medicham|Medicham-Mega, M
|message|Medicham has Mega Evolved into Mega Medicham!
|move|p2a: Medicham|Fake Out|p1a: WAYAUUU
|-crit|p1a: WAYAUUU
|-resisted|p1a: WAYAUUU
|-damage|p1a: WAYAUUU|235\/362
|cant|p1a: WAYAUUU|flinch
|
|-weather|Sandstorm|[upkeep]
|-damage|p2a: Medicham|245\/261|[from] sandstorm
|turn|8
|chat|My Final Bullet|lol fuck this sand timer
|
|switch|p2a: Landorus|Landorus, M|320\/320
|move|p1a: WAYAUUU|Iron Head|p2a: Landorus
|-damage|p2a: Landorus|94\/320
|-damage|p1a: WAYAUUU|199\/362|[from] item: Life Orb
|
|-weather|none
|turn|9
|
|switch|p1a: Just try|Talonflame, F|319\/319
|move|p2a: Landorus|Stealth Rock|p1a: Just try
|-sidestart|p1: WideTomato|move: Stealth Rock
|
|turn|10
|
|move|p1a: Just try|Brave Bird|p2a: Landorus
|-damage|p2a: Landorus|0 fnt
|-damage|p1a: Just try|288\/319|[from] recoil|[of] p2a: Landorus
|faint|p2a: Landorus
|
|
|switch|p2a: Thundurus|Thundurus, M|299\/299
|turn|11
|
|move|p1a: Just try|Flare Blitz|p2a: Thundurus
|-damage|p2a: Thundurus|80\/299
|-damage|p1a: Just try|216\/319|[from] recoil|[of] p2a: Thundurus
|move|p2a: Thundurus|Thunderbolt|p1a: Just try
|-supereffective|p1a: Just try
|-damage|p1a: Just try|0 fnt
|-damage|p2a: Thundurus|51\/299|[from] item: Life Orb
|faint|p1a: Just try
|
|
|switch|p1a: WAYAUUU|Excadrill, M|199\/362
|-damage|p1a: WAYAUUU|188\/362|[from] Stealth Rock
|turn|12
|
|move|p2a: Thundurus|Superpower|p1a: WAYAUUU
|-supereffective|p1a: WAYAUUU
|-damage|p1a: WAYAUUU|0 fnt
|-unboost|p2a: Thundurus|atk|1
|-unboost|p2a: Thundurus|def|1
|-damage|p2a: Thundurus|22\/299|[from] item: Life Orb
|faint|p1a: WAYAUUU
|
|
|switch|p1a: My little power|Keldeo-Resolute|303\/323
|-damage|p1a: My little power|283\/323|[from] Stealth Rock
|turn|13
|-message|WideTomato forfeited.
|
|move|p2a: Thundurus|Thunderbolt|p1a: My little power
|-supereffective|p1a: My little power
|-damage|p1a: My little power|0 fnt
|-damage|p2a: Thundurus|0 fnt|[from] item: Life Orb
|faint|p1a: My little power
|faint|p2a: Thundurus
|
|leave|WideTomato
|
|win|My Final Bullet
|raw|Ladder updating...
|player|p1
|raw|WideTomato's rating: 1860 &rarr; <strong>1836<\/strong><br \/>(-24 for losing)
|raw|My Final Bullet's rating: 1781 &rarr; <strong>1805<\/strong><br \/>(+24 for winning)