|join|widetomato
|join|10co
|player|p1|widetomato|101
|player|p2|10co|203
|gametype|singles
|gen|6
|tier|OU
|rated
|clearpoke
|poke|p1|Charizard, M
|poke|p1|Keldeo-Resolute
|poke|p1|Latios, M
|poke|p1|Talonflame, F
|poke|p1|Tyranitar, M
|poke|p1|Excadrill, M
|poke|p2|Ampharos, M
|poke|p2|Skarmory, F
|poke|p2|Hippowdon, F
|poke|p2|Alomomola, F
|poke|p2|Excadrill, F
|poke|p2|Gengar, M
|rule|Swagger Clause: Swagger is banned
|rule|Baton Pass Clause: Limit one PokÃ©mon knowing Baton Pass
|rule|Sleep Clause Mod: Limit one foe put to sleep
|rule|Species Clause: Limit one of each PokÃ©mon
|rule|OHKO Clause: OHKO moves are banned
|rule|Moody Clause: Moody is banned
|rule|Evasion Moves Clause: Evasion moves are banned
|rule|Endless Battle Clause: Forcing endless battles is banned
|rule|HP Percentage Mod: HP is shown in percentages
|teampreview
|c|â10co|gl
|c|âwidetomato|ahh, you again xD
|
|start
|switch|p1a: Hurricane beach|Tyranitar, M|403\/403
|switch|p2a: Ampharos|Ampharos, M|383\/383
|-weather|Sandstorm
|turn|1
|
|detailschange|p2a: Ampharos|Ampharos-Mega, M
|message|Ampharos has Mega Evolved into Mega Ampharos!
|-ability|p2a: Ampharos|Mold Breaker
|move|p2a: Ampharos|Volt Switch|p1a: Hurricane beach
|-damage|p1a: Hurricane beach|313\/403
|
|switch|p2a: Hippowdon|Hippowdon, F|419\/419
|move|p1a: Hurricane beach|Stealth Rock|p2a: Hippowdon
|-sidestart|p2: 10co|move: Stealth Rock
|
|-weather|Sandstorm|[upkeep]
|turn|2
|
|switch|p1a: FINALY DRAGON|Charizard, M|297\/297
|move|p2a: Hippowdon|Stealth Rock|p1a: FINALY DRAGON
|-sidestart|p1: widetomato|move: Stealth Rock
|
|-weather|Sandstorm|[upkeep]
|-damage|p1a: FINALY DRAGON|279\/297|[from] sandstorm
|turn|3
|
|switch|p2a: Ampharos|Ampharos-Mega, M|383\/383
|-damage|p2a: Ampharos|336\/383|[from] Stealth Rock
|-ability|p2a: Ampharos|Mold Breaker
|detailschange|p1a: FINALY DRAGON|Charizard-Mega-Y, M
|message|Charizard has Mega Evolved into Mega Charizard!
|-weather|SunnyDay
|move|p1a: FINALY DRAGON|Fire Blast|p2a: Ampharos
|-resisted|p2a: Ampharos
|-damage|p2a: Ampharos|218\/383
|
|-weather|SunnyDay|[upkeep]
|turn|4
|
|switch|p1a: WAYAUUU|Excadrill, M|362\/362
|-damage|p1a: WAYAUUU|351\/362|[from] Stealth Rock
|move|p2a: Ampharos|Dragon Pulse|p1a: WAYAUUU
|-resisted|p1a: WAYAUUU
|-damage|p1a: WAYAUUU|248\/362
|
|-weather|SunnyDay|[upkeep]
|turn|5
|
|switch|p1a: 1.5xMeteor|Latios, M|302\/302
|-damage|p1a: 1.5xMeteor|265\/302|[from] Stealth Rock
|switch|p2a: Skarmory|Skarmory, F|333\/333
|-damage|p2a: Skarmory|292\/333|[from] Stealth Rock
|
|-weather|SunnyDay|[upkeep]
|turn|6
|
|switch|p2a: Excadrill|Excadrill, F|423\/423
|-damage|p2a: Excadrill|410\/423|[from] Stealth Rock
|move|p1a: 1.5xMeteor|Thunderbolt|p2a: Excadrill
|-immune|p2a: Excadrill|[msg]
|
|-weather|SunnyDay|[upkeep]
|turn|7
|
|move|p1a: 1.5xMeteor|Psyshock|p2a: Excadrill
|-resisted|p2a: Excadrill
|-damage|p2a: Excadrill|280\/423
|-damage|p1a: 1.5xMeteor|235\/302|[from] item: Life Orb
|move|p2a: Excadrill|Rapid Spin|p1a: 1.5xMeteor
|-damage|p1a: 1.5xMeteor|199\/302
|-sideend|p2: 10co|Stealth Rock|[from] move: Rapid Spin|[of] p2a: Excadrill
|
|-weather|none
|turn|8
|
|move|p1a: 1.5xMeteor|Defog|p2a: Excadrill
|-unboost|p2a: Excadrill|evasion|1
|-sideend|p1: widetomato|Stealth Rock|[from] move: Defog|[of] p1a: 1.5xMeteor
|move|p2a: Excadrill|Earthquake|p1a: 1.5xMeteor
|-immune|p1a: 1.5xMeteor|[msg]
|
|turn|9
|
|move|p1a: 1.5xMeteor|Psyshock|p2a: Excadrill
|-resisted|p2a: Excadrill
|-damage|p2a: Excadrill|144\/423
|-damage|p1a: 1.5xMeteor|169\/302|[from] item: Life Orb
|move|p2a: Excadrill|Earthquake|p1a: 1.5xMeteor
|-immune|p1a: 1.5xMeteor|[msg]
|
|turn|10
|c|â10co|i am
|c|â10co|v good
|
|switch|p1a: My little power|Keldeo-Resolute|323\/323
|move|p2a: Excadrill|Iron Head|p1a: My little power
|-resisted|p1a: My little power
|-damage|p1a: My little power|233\/323
|
|turn|11
|
|switch|p1a: 1.5xMeteor|Latios, M|169\/302
|switch|p2a: Alomomola|Alomomola, F|533\/533
|
|turn|12
|
|move|p1a: 1.5xMeteor|Psyshock|p2a: Alomomola
|-damage|p2a: Alomomola|303\/533
|-damage|p1a: 1.5xMeteor|139\/302|[from] item: Life Orb
|move|p2a: Alomomola|Wish|p2a: Alomomola
|
|-heal|p2a: Alomomola|336\/533|[from] item: Leftovers
|turn|13
|
|switch|p2a: Excadrill|Excadrill, F|144\/423
|move|p1a: 1.5xMeteor|Draco Meteor|p2a: Excadrill
|-resisted|p2a: Excadrill
|-damage|p2a: Excadrill|9\/423
|-unboost|p1a: 1.5xMeteor|spa|2
|-damage|p1a: 1.5xMeteor|109\/302|[from] item: Life Orb
|
|-heal|p2a: Excadrill|275\/423|[from] move: Wish|[wisher] Alomomola
|turn|14
|
|switch|p1a: Just try|Talonflame, F|319\/319
|move|p2a: Excadrill|Iron Head|p1a: Just try
|-resisted|p1a: Just try
|-damage|p1a: Just try|204\/319
|
|turn|15
|
|switch|p2a: Ampharos|Ampharos-Mega, M|218\/383
|-ability|p2a: Ampharos|Mold Breaker
|move|p1a: Just try|Flare Blitz|p2a: Ampharos
|-resisted|p2a: Ampharos
|-damage|p2a: Ampharos|144\/383
|-damage|p1a: Just try|180\/319|[from] recoil|[of] p2a: Ampharos
|
|turn|16
|
|switch|p1a: Hurricane beach|Tyranitar, M|313\/403
|-weather|Sandstorm
|move|p2a: Ampharos|Rest|p2a: Ampharos
|-status|p2a: Ampharos|slp
|-heal|p2a: Ampharos|383\/383 slp|[silent]
|-status|p2a: Ampharos|slp|[from] move: Rest
|
|-weather|Sandstorm|[upkeep]
|-damage|p2a: Ampharos|360\/383 slp|[from] sandstorm
|turn|17
|
|switch|p2a: Hippowdon|Hippowdon, F|419\/419
|move|p1a: Hurricane beach|Stealth Rock|p2a: Hippowdon
|-sidestart|p2: 10co|move: Stealth Rock
|
|-weather|Sandstorm|[upkeep]
|turn|18
|
|switch|p1a: FINALY DRAGON|Charizard-Mega-Y, M|279\/297
|-weather|SunnyDay
|move|p2a: Hippowdon|Stealth Rock|p1a: FINALY DRAGON
|-sidestart|p1: widetomato|move: Stealth Rock
|
|-weather|SunnyDay|[upkeep]
|turn|19
|
|switch|p2a: Ampharos|Ampharos-Mega, M|360\/383 slp
|-damage|p2a: Ampharos|313\/383 slp|[from] Stealth Rock
|-ability|p2a: Ampharos|Mold Breaker
|move|p1a: FINALY DRAGON|Fire Blast|p2a: Ampharos
|-resisted|p2a: Ampharos
|-damage|p2a: Ampharos|208\/383 slp
|
|-weather|SunnyDay|[upkeep]
|turn|20
|
|move|p1a: FINALY DRAGON|Fire Blast|p2a: Ampharos
|-resisted|p2a: Ampharos
|-damage|p2a: Ampharos|94\/383 slp
|cant|p2a: Ampharos|slp
|
|-weather|SunnyDay|[upkeep]
|turn|21
|c|â10co|lol i suck
|
|move|p1a: FINALY DRAGON|Fire Blast|p2a: Ampharos
|-resisted|p2a: Ampharos
|-damage|p2a: Ampharos|0 fnt
|faint|p2a: Ampharos
|
|-weather|SunnyDay|[upkeep]
|c|âwidetomato|:P
|
|switch|p2a: Alomomola|Alomomola, F|513\/533
|-damage|p2a: Alomomola|447\/533|[from] Stealth Rock
|turn|22
|
|move|p1a: FINALY DRAGON|Solar Beam|p2a: Alomomola|[still]
|-prepare|p1a: FINALY DRAGON|Solar Beam|p2a: Alomomola
|-anim|p1a: FINALY DRAGON|Solar Beam|p2a: Alomomola
|-supereffective|p2a: Alomomola
|-damage|p2a: Alomomola|75\/533
|move|p2a: Alomomola|Mirror Coat|p1a: FINALY DRAGON
|-damage|p1a: FINALY DRAGON|0 fnt
|faint|p1a: FINALY DRAGON
|
|-weather|none
|-heal|p2a: Alomomola|108\/533|[from] item: Leftovers
|
|switch|p1a: Hurricane beach|Tyranitar, M|313\/403
|-damage|p1a: Hurricane beach|263\/403|[from] Stealth Rock
|-weather|Sandstorm
|turn|23
|c|âwidetomato|stone egde please hit
|
|move|p2a: Alomomola|Wish|p2a: Alomomola
|move|p1a: Hurricane beach|Pursuit|p2a: Alomomola
|-damage|p2a: Alomomola|29\/533
|
|-weather|Sandstorm|[upkeep]
|-damage|p2a: Alomomola|0 fnt|[from] sandstorm
|faint|p2a: Alomomola
|c|â10co|lol lying
|c|â10co|are you 8
|c|â10co|hahaha
|
|switch|p2a: Excadrill|Excadrill, F|275\/423
|-damage|p2a: Excadrill|262\/423|[from] Stealth Rock
|turn|24
|c|âwidetomato|yup, im 8
|c|â10co|wow
|c|â10co|you're good then
|c|âwidetomato|8 times better than you
|c|â10co|hahaha
|c|âwidetomato|uhhhhhhh
|c|â10co|got me
|
|move|p2a: Excadrill|Earthquake|p1a: Hurricane beach
|-supereffective|p1a: Hurricane beach
|-damage|p1a: Hurricane beach|0 fnt
|faint|p1a: Hurricane beach
|
|-weather|Sandstorm|[upkeep]
|-heal|p2a: Excadrill|423\/423|[from] move: Wish|[wisher] Alomomola
|
|switch|p1a: WAYAUUU|Excadrill, M|248\/362
|-damage|p1a: WAYAUUU|237\/362|[from] Stealth Rock
|turn|25
|
|switch|p2a: Skarmory|Skarmory, F|292\/333
|-damage|p2a: Skarmory|251\/333|[from] Stealth Rock
|move|p1a: WAYAUUU|Earthquake|p2a: Skarmory
|-immune|p2a: Skarmory|[msg]
|
|-weather|Sandstorm|[upkeep]
|turn|26
|
|move|p1a: WAYAUUU|Swords Dance|p1a: WAYAUUU
|-boost|p1a: WAYAUUU|atk|2
|move|p2a: Skarmory|Whirlwind|p1a: WAYAUUU
|drag|p1a: Just try|Talonflame, F|180\/319
|-damage|p1a: Just try|21\/319|[from] Stealth Rock
|
|-weather|Sandstorm|[upkeep]
|-damage|p1a: Just try|2\/319|[from] sandstorm
|turn|27
|
|switch|p2a: Hippowdon|Hippowdon, F|419\/419
|-damage|p2a: Hippowdon|393\/419|[from] Stealth Rock
|move|p1a: Just try|Roost|p1a: Just try
|-heal|p1a: Just try|162\/319
|
|-weather|Sandstorm|[upkeep]
|-damage|p1a: Just try|143\/319|[from] sandstorm
|-heal|p2a: Hippowdon|419\/419|[from] item: Leftovers
|turn|28
|
|switch|p1a: 1.5xMeteor|Latios, M|109\/302
|-damage|p1a: 1.5xMeteor|72\/302|[from] Stealth Rock
|move|p2a: Hippowdon|Earthquake|p1a: 1.5xMeteor
|-immune|p1a: 1.5xMeteor|[msg]
|
|-weather|Sandstorm|[upkeep]
|-damage|p1a: 1.5xMeteor|54\/302|[from] sandstorm
|turn|29
|
|switch|p2a: Excadrill|Excadrill, F|423\/423
|-damage|p2a: Excadrill|410\/423|[from] Stealth Rock
|move|p1a: 1.5xMeteor|Defog|p2a: Excadrill
|-unboost|p2a: Excadrill|evasion|1
|-sideend|p2: 10co|Stealth Rock|[from] move: Defog|[of] p2a: Excadrill
|-sideend|p1: widetomato|Stealth Rock|[from] move: Defog|[of] p1a: 1.5xMeteor
|
|-weather|Sandstorm|[upkeep]
|-damage|p1a: 1.5xMeteor|36\/302|[from] sandstorm
|turn|30
|
|move|p2a: Excadrill|Iron Head|p1a: 1.5xMeteor
|-damage|p1a: 1.5xMeteor|0 fnt
|faint|p1a: 1.5xMeteor
|
|-weather|none
|
|switch|p1a: My little power|Keldeo-Resolute|233\/323
|turn|31
|
|move|p1a: My little power|Scald|p2a: Excadrill
|-supereffective|p2a: Excadrill
|-damage|p2a: Excadrill|44\/423
|move|p2a: Excadrill|Earthquake|p1a: My little power
|-damage|p1a: My little power|19\/323
|
|turn|32
|
|move|p1a: My little power|Scald|p2a: Excadrill
|-supereffective|p2a: Excadrill
|-damage|p2a: Excadrill|0 fnt
|faint|p2a: Excadrill
|
|
|switch|p2a: Gengar|Gengar, M|268\/268
|turn|33
|
|switch|p1a: WAYAUUU|Excadrill, M|237\/362
|move|p2a: Gengar|Shadow Ball|p1a: WAYAUUU
|-crit|p1a: WAYAUUU
|-damage|p1a: WAYAUUU|0 fnt
|faint|p1a: WAYAUUU
|
|
|switch|p1a: Just try|Talonflame, F|143\/319
|turn|34
|
|switch|p1a: My little power|Keldeo-Resolute|19\/323
|move|p2a: Gengar|Shadow Ball|p1a: My little power
|-damage|p1a: My little power|0 fnt
|faint|p1a: My little power
|
|
|switch|p1a: Just try|Talonflame, F|143\/319
|turn|35
|c|âwidetomato|WOW
|
|move|p1a: Just try|Brave Bird|p2a: Gengar
|-damage|p2a: Gengar|9\/268
|-damage|p1a: Just try|58\/319|[from] recoil|[of] p2a: Gengar
|move|p2a: Gengar|Shadow Ball|p1a: Just try
|-damage|p1a: Just try|0 fnt
|faint|p1a: Just try
|
|win|10co
|raw|Ladder updating...
|raw|widetomato's rating: 1851 &rarr; <strong>1827<\/strong><br \/>(-24 for losing)
|raw|10co's rating: 1793 &rarr; <strong>1816<\/strong><br \/>(+23 for winning)
|c|â10co|gg
|leave|widetomato
|player|p1
|c|â10co|that was lose