|join|HereToShowTheWorld
|join|widetomato
|player|p1|HereToShowTheWorld|4
|player|p2|widetomato|101
|gametype|singles
|gen|6
|tier|OU
|rated
|clearpoke
|poke|p1|Tyranitar, F
|poke|p1|Excadrill, M
|poke|p1|Greninja, F
|poke|p1|Pinsir, M
|poke|p1|Talonflame, M
|poke|p1|Dragonite, M
|poke|p2|Tyranitar, M, shiny
|poke|p2|Excadrill, F, shiny
|poke|p2|Greninja, M, shiny
|poke|p2|Pinsir, F, shiny
|poke|p2|Talonflame, F, shiny
|poke|p2|Dragonite, F
|rule|Swagger Clause: Swagger is banned
|rule|Baton Pass Clause: Limit one PokÃ©mon knowing Baton Pass
|rule|Sleep Clause Mod: Limit one foe put to sleep
|rule|Species Clause: Limit one of each PokÃ©mon
|rule|OHKO Clause: OHKO moves are banned
|rule|Moody Clause: Moody is banned
|rule|Evasion Moves Clause: Evasion moves are banned
|rule|Endless Battle Clause: Forcing endless battles is banned
|rule|HP Percentage Mod: HP is shown in percentages
|teampreview
|c|âwidetomato|lol
|
|start
|switch|p1a: Greninja|Greninja, F|286\/286
|switch|p2a: Sand abuse|Excadrill, F, shiny|362\/362
|turn|1
|
|switch|p2a: Lead|Tyranitar, M, shiny|341\/341
|-weather|Sandstorm
|move|p1a: Greninja|Hydro Pump|p2a: Lead
|-start|p1a: Greninja|typechange|Water|[from] Protean
|-supereffective|p2a: Lead
|-damage|p2a: Lead|42\/341
|-damage|p1a: Greninja|258\/286|[from] item: Life Orb
|
|-weather|Sandstorm|[upkeep]
|-damage|p1a: Greninja|241\/286|[from] sandstorm
|turn|2
|
|switch|p2a: Sand abuse|Excadrill, F, shiny|362\/362
|move|p1a: Greninja|Ice Beam|p2a: Sand abuse
|-start|p1a: Greninja|typechange|Ice|[from] Protean
|-damage|p2a: Sand abuse|99\/362
|-damage|p1a: Greninja|213\/286|[from] item: Life Orb
|
|-weather|Sandstorm|[upkeep]
|-damage|p1a: Greninja|196\/286|[from] sandstorm
|turn|3
|
|switch|p1a: Talonflame|Talonflame, M|309\/309
|move|p2a: Sand abuse|Rock Slide|p1a: Talonflame
|-supereffective|p1a: Talonflame
|-damage|p1a: Talonflame|0 fnt
|-damage|p2a: Sand abuse|63\/362|[from] item: Life Orb
|faint|p1a: Talonflame
|
|-weather|Sandstorm|[upkeep]
|
|switch|p1a: Pinsir|Pinsir, M|271\/271
|turn|4
|
|detailschange|p1a: Pinsir|Pinsir-Mega, M
|message|Pinsir has Mega Evolved into Mega Pinsir!
|move|p1a: Pinsir|Quick Attack|p2a: Sand abuse
|-resisted|p2a: Sand abuse
|-damage|p2a: Sand abuse|0 fnt
|faint|p2a: Sand abuse
|
|-weather|Sandstorm|[upkeep]
|-damage|p1a: Pinsir|255\/271|[from] sandstorm
|
|switch|p2a: Flying spam- speed|Talonflame, F, shiny|319\/319
|turn|5
|
|switch|p1a: Tyranitar|Tyranitar, F|341\/341
|move|p2a: Flying spam- speed|Brave Bird|p1a: Tyranitar
|-resisted|p1a: Tyranitar
|-damage|p1a: Tyranitar|229\/341
|-damage|p2a: Flying spam- speed|282\/319|[from] recoil|[of] p1a: Tyranitar
|
|-weather|none
|turn|6
|
|switch|p2a: Lead|Tyranitar, M, shiny|42\/341
|-weather|Sandstorm
|move|p1a: Tyranitar|Stealth Rock|p2a: Lead
|-sidestart|p2: widetomato|move: Stealth Rock
|
|-weather|Sandstorm|[upkeep]
|turn|7
|
|move|p1a: Tyranitar|Ice Beam|p2a: Lead
|-damage|p2a: Lead|0 fnt
|faint|p2a: Lead
|
|-weather|Sandstorm|[upkeep]
|-message|widetomato forfeited.
|
|win|HereToShowTheWorld
|raw|Ladder updating...
|raw|HereToShowTheWorld's rating: 1753 &rarr; <strong>1769<\/strong><br \/>(+16 for winning)
|raw|widetomato's rating: 1675 &rarr; <strong>1660<\/strong><br \/>(-15 for losing)
|leave|widetomato
|player|p2