|join|widetomato
|join|lucar26
|player|p1|widetomato|101
|player|p2|lucar26|281
|gametype|singles
|gen|6
|tier|OU
|rated
|clearpoke
|poke|p1|Pinsir, M
|poke|p1|Keldeo
|poke|p1|Weavile, M
|poke|p1|Terrakion
|poke|p1|Landorus, M
|poke|p1|Togekiss, M
|poke|p2|Breloom, F
|poke|p2|Manectric, M, shiny
|poke|p2|Tyranitar, F
|poke|p2|Skarmory, F
|poke|p2|Gastrodon, M
|poke|p2|Talonflame, F
|rule|Swagger Clause: Swagger is banned
|rule|Baton Pass Clause: Limit one PokÃ©mon knowing Baton Pass
|rule|Sleep Clause Mod: Limit one foe put to sleep
|rule|Species Clause: Limit one of each PokÃ©mon
|rule|OHKO Clause: OHKO moves are banned
|rule|Moody Clause: Moody is banned
|rule|Evasion Moves Clause: Evasion moves are banned
|rule|Endless Battle Clause: Forcing endless battles is banned
|rule|HP Percentage Mod: HP is shown in percentages
|teampreview
|
|start
|switch|p1a: Weavile|Weavile, M|282\/282
|switch|p2a: Breloom|Breloom, F|261\/261
|turn|1
|
|move|p1a: Weavile|Fake Out|p2a: Breloom
|-damage|p2a: Breloom|193\/261
|-damage|p1a: Weavile|254\/282|[from] item: Life Orb
|cant|p2a: Breloom|flinch
|
|turn|2
|
|switch|p1a: Pinsir|Pinsir, M|271\/271
|move|p2a: Breloom|Mach Punch|p1a: Pinsir
|-resisted|p1a: Pinsir
|-damage|p1a: Pinsir|211\/271
|
|turn|3
|
|switch|p2a: Skarmory|Skarmory, F|333\/333
|detailschange|p1a: Pinsir|Pinsir-Mega, M
|message|Pinsir has Mega Evolved into Mega Pinsir!
|move|p1a: Pinsir|Frustration|p2a: Skarmory
|-resisted|p2a: Skarmory
|-damage|p2a: Skarmory|226\/333
|
|turn|4
|
|move|p1a: Pinsir|Swords Dance|p1a: Pinsir
|-boost|p1a: Pinsir|atk|2
|move|p2a: Skarmory|Stealth Rock|p1a: Pinsir
|-sidestart|p1: widetomato|move: Stealth Rock
|
|turn|5
|
|move|p1a: Pinsir|Frustration|p2a: Skarmory
|-resisted|p2a: Skarmory
|-damage|p2a: Skarmory|19\/333
|move|p2a: Skarmory|Iron Head|p1a: Pinsir
|-damage|p1a: Pinsir|147\/271
|
|turn|6
|
|move|p1a: Pinsir|Frustration|p2a: Skarmory
|-resisted|p2a: Skarmory
|-damage|p2a: Skarmory|0 fnt
|faint|p2a: Skarmory
|
|
|switch|p2a: Talonflame|Talonflame, F|317\/317
|turn|7
|
|move|p1a: Pinsir|Quick Attack|p2a: Talonflame
|-damage|p2a: Talonflame|40\/317
|move|p2a: Talonflame|Brave Bird|p1a: Pinsir
|-supereffective|p1a: Pinsir
|-damage|p1a: Pinsir|0 fnt
|-damage|p2a: Talonflame|0 fnt|[from] recoil|[of] p1a: Pinsir
|faint|p1a: Pinsir
|faint|p2a: Talonflame
|
|
|switch|p1a: Keldeo|Keldeo|323\/323
|-damage|p1a: Keldeo|303\/323|[from] Stealth Rock
|switch|p2a: Manectric|Manectric, M, shiny|282\/282
|turn|8
|
|detailschange|p2a: Manectric|Manectric-Mega, M, shiny
|message|Manectric has Mega Evolved into Mega Manectric!
|-ability|p2a: Manectric|Intimidate|[of] p1a: Keldeo
|-unboost|p1a: Keldeo|atk|1
|move|p1a: Keldeo|Secret Sword|p2a: Manectric
|-damage|p2a: Manectric|5\/282
|move|p2a: Manectric|Thunderbolt|p1a: Keldeo
|-supereffective|p1a: Keldeo
|-damage|p1a: Keldeo|0 fnt
|faint|p1a: Keldeo
|
|
|switch|p1a: Terrakion|Terrakion|323\/323
|-damage|p1a: Terrakion|303\/323|[from] Stealth Rock
|turn|9
|
|switch|p2a: Gastrodon|Gastrodon, M|425\/425
|move|p1a: Terrakion|Stealth Rock|p2a: Gastrodon
|-sidestart|p2: lucar26|move: Stealth Rock
|
|turn|10
|
|move|p1a: Terrakion|Taunt|p2a: Gastrodon
|-start|p2a: Gastrodon|move: Taunt
|move|p2a: Gastrodon|Scald|p1a: Terrakion
|-supereffective|p1a: Terrakion
|-damage|p1a: Terrakion|109\/323
|
|turn|11
|
|move|p1a: Terrakion|Close Combat|p2a: Gastrodon
|-damage|p2a: Gastrodon|218\/425
|-unboost|p1a: Terrakion|def|1
|-unboost|p1a: Terrakion|spd|1
|move|p2a: Gastrodon|Scald|p1a: Terrakion
|-supereffective|p1a: Terrakion
|-damage|p1a: Terrakion|0 fnt
|faint|p1a: Terrakion
|
|-heal|p2a: Gastrodon|244\/425|[from] item: Leftovers
|
|switch|p1a: Togekiss|Togekiss, M|374\/374
|-damage|p1a: Togekiss|281\/374|[from] Stealth Rock
|turn|12
|
|switch|p2a: Manectric|Manectric-Mega, M, shiny|5\/282
|-damage|p2a: Manectric|0 fnt|[from] Stealth Rock
|faint|p2a: Manectric
|move|p1a: Togekiss|Nasty Plot|p1a: Togekiss
|-boost|p1a: Togekiss|spa|2
|
|-heal|p1a: Togekiss|304\/374|[from] item: Leftovers
|
|switch|p2a: Tyranitar|Tyranitar, F|403\/403
|-damage|p2a: Tyranitar|353\/403|[from] Stealth Rock
|-weather|Sandstorm
|turn|13
|
|move|p1a: Togekiss|Air Slash|p2a: Tyranitar
|-resisted|p2a: Tyranitar
|-damage|p2a: Tyranitar|279\/403
|cant|p2a: Tyranitar|flinch
|
|-weather|Sandstorm|[upkeep]
|-damage|p1a: Togekiss|281\/374|[from] sandstorm
|-heal|p1a: Togekiss|304\/374|[from] item: Leftovers
|turn|14
|
|move|p1a: Togekiss|Baton Pass|p1a: Togekiss
|
|switch|p1a: Landorus|Landorus, M|320\/320
|-damage|p1a: Landorus|280\/320|[from] Stealth Rock
|move|p2a: Tyranitar|Rock Slide|p1a: Landorus
|-damage|p1a: Landorus|19\/320
|
|-weather|Sandstorm|[upkeep]
|turn|15
|
|move|p1a: Landorus|Earth Power|p2a: Tyranitar
|-supereffective|p2a: Tyranitar
|-damage|p2a: Tyranitar|0 fnt
|-damage|p1a: Landorus|0 fnt|[from] item: Life Orb
|faint|p2a: Tyranitar
|faint|p1a: Landorus
|
|-weather|Sandstorm|[upkeep]
|
|switch|p1a: Togekiss|Togekiss, M|304\/374
|-damage|p1a: Togekiss|211\/374|[from] Stealth Rock
|switch|p2a: Gastrodon|Gastrodon, M|244\/425
|-damage|p2a: Gastrodon|218\/425|[from] Stealth Rock
|turn|16
|
|move|p1a: Togekiss|Nasty Plot|p1a: Togekiss
|-boost|p1a: Togekiss|spa|2
|move|p2a: Gastrodon|Recover|p2a: Gastrodon
|-heal|p2a: Gastrodon|425\/425
|
|-weather|Sandstorm|[upkeep]
|-damage|p1a: Togekiss|188\/374|[from] sandstorm
|-heal|p1a: Togekiss|211\/374|[from] item: Leftovers
|turn|17
|
|move|p1a: Togekiss|Air Slash|p2a: Gastrodon
|-damage|p2a: Gastrodon|188\/425
|move|p2a: Gastrodon|Toxic|p1a: Togekiss
|-status|p1a: Togekiss|tox
|
|-weather|none
|-heal|p1a: Togekiss|234\/374 tox|[from] item: Leftovers
|-heal|p2a: Gastrodon|214\/425|[from] item: Leftovers
|-damage|p1a: Togekiss|211\/374 tox|[from] psn
|turn|18
|
|move|p1a: Togekiss|Air Slash|p2a: Gastrodon
|-damage|p2a: Gastrodon|0 fnt
|faint|p2a: Gastrodon
|
|-heal|p1a: Togekiss|234\/374 tox|[from] item: Leftovers
|-damage|p1a: Togekiss|188\/374 tox|[from] psn
|
|switch|p2a: Breloom|Breloom, F|193\/261
|-damage|p2a: Breloom|177\/261|[from] Stealth Rock
|turn|19
|
|move|p2a: Breloom|Rock Tomb|p1a: Togekiss
|-supereffective|p1a: Togekiss
|-damage|p1a: Togekiss|0 fnt
|faint|p1a: Togekiss
|
|
|switch|p1a: Weavile|Weavile, M|254\/282
|-damage|p1a: Weavile|184\/282|[from] Stealth Rock
|turn|20
|
|move|p1a: Weavile|Fake Out|p2a: Breloom
|-damage|p2a: Breloom|109\/261
|-damage|p1a: Weavile|156\/282|[from] item: Life Orb
|cant|p2a: Breloom|flinch
|
|turn|21
|
|move|p2a: Breloom|Mach Punch|p1a: Weavile
|-supereffective|p1a: Weavile
|-damage|p1a: Weavile|0 fnt
|faint|p1a: Weavile
|
|win|lucar26
|raw|Ladder updating...
|raw|widetomato's rating: 1676 &rarr; <strong>1654<\/strong><br \/>(-22 for losing)
|raw|lucar26's rating: 1639 &rarr; <strong>1661<\/strong><br \/>(+22 for winning)