|join|widetomato
|join|The Last Hero
|player|p1|widetomato|101
|player|p2|The Last Hero|54
|gametype|singles
|gen|6
|tier|OU
|rated
|clearpoke
|poke|p1|Scizor, F
|poke|p1|Azumarill, F
|poke|p1|Terrakion
|poke|p1|Gengar, M
|poke|p1|Latios, M
|poke|p1|Thundurus, M
|poke|p2|Zapdos
|poke|p2|Garchomp, M
|poke|p2|Gastrodon, M
|poke|p2|Victini
|poke|p2|Tyranitar, M
|poke|p2|Breloom, M
|rule|Swagger Clause: Swagger is banned
|rule|Baton Pass Clause: Limit one PokÃ©mon knowing Baton Pass
|rule|Sleep Clause Mod: Limit one foe put to sleep
|rule|Species Clause: Limit one of each PokÃ©mon
|rule|OHKO Clause: OHKO moves are banned
|rule|Moody Clause: Moody is banned
|rule|Evasion Moves Clause: Evasion moves are banned
|rule|Endless Battle Clause: Forcing endless battles is banned
|rule|HP Percentage Mod: HP is shown in percentages
|teampreview
|
|start
|switch|p1a: Gengar|Gengar, M|259\/259
|switch|p2a: Vintini|Victini|341\/341
|turn|1
|
|move|p2a: Vintini|V-create|p1a: Gengar
|-damage|p1a: Gengar|0 fnt
|-unboost|p2a: Vintini|def|1
|-unboost|p2a: Vintini|spd|1
|-unboost|p2a: Vintini|spe|1
|faint|p1a: Gengar
|
|
|switch|p1a: Terrakion|Terrakion|323\/323
|turn|2
|
|switch|p2a: Chompy|Garchomp, M|357\/357
|move|p1a: Terrakion|Stealth Rock|p2a: Chompy
|-sidestart|p2: The Last Hero|move: Stealth Rock
|
|turn|3
|
|move|p1a: Terrakion|Close Combat|p2a: Chompy
|-damage|p2a: Chompy|20\/357
|-damage|p1a: Terrakion|283\/323|[from] ability: Rough Skin|[of] p2a: Chompy
|-unboost|p1a: Terrakion|def|1
|-unboost|p1a: Terrakion|spd|1
|-damage|p1a: Terrakion|251\/323|[from] item: Life Orb
|move|p2a: Chompy|Earthquake|p1a: Terrakion
|-supereffective|p1a: Terrakion
|-damage|p1a: Terrakion|0 fnt
|faint|p1a: Terrakion
|
|
|switch|p1a: Thundurus|Thundurus, M|299\/299
|turn|4
|
|switch|p2a: Baboso|Gastrodon, M|426\/426
|-damage|p2a: Baboso|400\/426|[from] Stealth Rock
|move|p1a: Thundurus|Hidden Power|p2a: Baboso
|-crit|p2a: Baboso
|-damage|p2a: Baboso|232\/426
|-damage|p1a: Thundurus|270\/299|[from] item: Life Orb
|
|-heal|p2a: Baboso|258\/426|[from] item: Leftovers
|turn|5
|
|switch|p1a: Latios|Latios, M|302\/302
|move|p2a: Baboso|Recover|p2a: Baboso
|-heal|p2a: Baboso|426\/426
|
|turn|6
|
|move|p1a: Latios|Trick|p2a: Baboso
|-activate|p1a: Latios|move: Trick|[of] p2a: Baboso
|-item|p2a: Baboso|Choice Scarf|[from] move: Trick
|-item|p1a: Latios|Leftovers|[from] move: Trick
|move|p2a: Baboso|Recover|p2a: Baboso
|-fail|p2a: Baboso
|
|turn|7
|
|switch|p2a: T-Rex|Tyranitar, M|404\/404
|-damage|p2a: T-Rex|354\/404|[from] Stealth Rock
|-weather|Sandstorm
|move|p1a: Latios|Psyshock|p2a: T-Rex
|-immune|p2a: T-Rex|[msg]
|
|-weather|Sandstorm|[upkeep]
|-damage|p1a: Latios|284\/302|[from] sandstorm
|-heal|p1a: Latios|302\/302|[from] item: Leftovers
|-heal|p2a: T-Rex|379\/404|[from] item: Leftovers
|turn|8
|
|switch|p1a: Scizor|Scizor, F|343\/343
|switch|p2a: Zapdos|Zapdos|383\/383
|-damage|p2a: Zapdos|288\/383|[from] Stealth Rock
|-ability|p2a: Zapdos|Pressure
|
|-weather|Sandstorm|[upkeep]
|-damage|p2a: Zapdos|265\/383|[from] sandstorm
|-heal|p2a: Zapdos|288\/383|[from] item: Leftovers
|turn|9
|
|detailschange|p1a: Scizor|Scizor-Mega, F
|message|Scizor has Mega Evolved into Mega Scizor!
|move|p2a: Zapdos|Defog|p1a: Scizor
|-unboost|p1a: Scizor|evasion|1
|-sideend|p2: The Last Hero|Stealth Rock|[from] move: Defog|[of] p2a: Zapdos
|move|p1a: Scizor|Knock Off|p2a: Zapdos
|-damage|p2a: Zapdos|189\/383
|-enditem|p2a: Zapdos|Leftovers|[from] move: Knock Off|[of] p1a: Scizor
|
|-weather|Sandstorm|[upkeep]
|-damage|p2a: Zapdos|166\/383|[from] sandstorm
|turn|10
|
|move|p2a: Zapdos|Roost|p2a: Zapdos
|-heal|p2a: Zapdos|358\/383
|move|p1a: Scizor|Swords Dance|p1a: Scizor
|-boost|p1a: Scizor|atk|2
|
|-weather|Sandstorm|[upkeep]
|-damage|p2a: Zapdos|335\/383|[from] sandstorm
|turn|11
|
|move|p2a: Zapdos|Heat Wave|p1a: Scizor
|-supereffective|p1a: Scizor
|-damage|p1a: Scizor|51\/343
|-status|p1a: Scizor|brn
|move|p1a: Scizor|Knock Off|p2a: Zapdos
|-damage|p2a: Zapdos|268\/383
|
|-weather|none
|-damage|p1a: Scizor|9\/343 brn|[from] brn
|turn|12
|
|move|p2a: Zapdos|Roost|p2a: Zapdos
|-heal|p2a: Zapdos|383\/383
|move|p1a: Scizor|Knock Off|p2a: Zapdos
|-damage|p2a: Zapdos|318\/383
|
|-damage|p1a: Scizor|0 fnt|[from] brn
|faint|p1a: Scizor
|
|switch|p1a: Thundurus|Thundurus, M|270\/299
|turn|13
|
|switch|p2a: Baboso|Gastrodon, M|426\/426
|move|p1a: Thundurus|Thunderbolt|p2a: Baboso
|-immune|p2a: Baboso|[msg]
|
|turn|14
|
|move|p1a: Thundurus|Hidden Power|p2a: Baboso
|-damage|p2a: Baboso|329\/426
|-damage|p1a: Thundurus|241\/299|[from] item: Life Orb
|move|p2a: Baboso|Scald|p1a: Thundurus
|-damage|p1a: Thundurus|120\/299
|
|turn|15
|
|move|p1a: Thundurus|Superpower|p2a: Baboso
|-damage|p2a: Baboso|198\/426
|-unboost|p1a: Thundurus|atk|1
|-unboost|p1a: Thundurus|def|1
|-damage|p1a: Thundurus|91\/299|[from] item: Life Orb
|move|p2a: Baboso|Scald|p1a: Thundurus
|-crit|p1a: Thundurus
|-damage|p1a: Thundurus|0 fnt
|faint|p1a: Thundurus
|
|
|switch|p1a: Azumarill|Azumarill, F|364\/364
|turn|16
|
|move|p1a: Azumarill|Belly Drum|p1a: Azumarill
|-damage|p1a: Azumarill|182\/364
|-setboost|p1a: Azumarill|atk|6|[from] move: Belly Drum
|-enditem|p1a: Azumarill|Sitrus Berry|[eat]
|-heal|p1a: Azumarill|273\/364|[from] item: Sitrus Berry
|move|p2a: Baboso|Scald|p1a: Azumarill
|-resisted|p1a: Azumarill
|-damage|p1a: Azumarill|220\/364
|
|turn|17
|
|move|p1a: Azumarill|Play Rough|p2a: Baboso
|-damage|p2a: Baboso|0 fnt
|faint|p2a: Baboso
|
|
|switch|p2a: Zapdos|Zapdos|318\/383
|-ability|p2a: Zapdos|Pressure
|turn|18
|
|move|p1a: Azumarill|Aqua Jet|p2a: Zapdos
|-damage|p2a: Zapdos|45\/383
|move|p2a: Zapdos|Thunderbolt|p1a: Azumarill
|-supereffective|p1a: Azumarill
|-damage|p1a: Azumarill|0 fnt
|faint|p1a: Azumarill
|
|-message|widetomato forfeited.
|
|win|The Last Hero
|raw|Ladder updating...
|leave|widetomato
|player|p1
|raw|widetomato's rating: 1724 &rarr; <strong>1706<\/strong><br \/>(-18 for losing)
|raw|The Last Hero's rating: 1761 &rarr; <strong>1779<\/strong><br \/>(+18 for winning)