|join|SunnyORAS
|join|widetomato
|player|p1|SunnyORAS|266
|player|p2|widetomato|101
|gametype|singles
|gen|6
|tier|OU (suspect test)
|rated
|clearpoke
|poke|p1|Mew
|poke|p1|Landorus-Therian, M
|poke|p1|Gardevoir, M
|poke|p1|Raikou
|poke|p1|Ferrothorn, M
|poke|p1|Azumarill, F
|poke|p2|Metagross
|poke|p2|Keldeo
|poke|p2|Kyurem-Black
|poke|p2|Clefable, F
|poke|p2|Ferrothorn, F
|poke|p2|Heatran, F
|rule|Swagger Clause: Swagger is banned
|rule|Baton Pass Clause: Limit one PokÃ©mon knowing Baton Pass
|rule|Sleep Clause Mod: Limit one foe put to sleep
|rule|Species Clause: Limit one of each PokÃ©mon
|rule|OHKO Clause: OHKO moves are banned
|rule|Moody Clause: Moody is banned
|rule|Evasion Moves Clause: Evasion moves are banned
|rule|Endless Battle Clause: Forcing endless battles is banned
|rule|HP Percentage Mod: HP is shown in percentages
|teampreview
|
|start
|switch|p1a: Mew|Mew|369\/369
|switch|p2a: Ferrothorn|Ferrothorn, F|352\/352
|turn|1
|
|move|p1a: Mew|Earthquake|p2a: Ferrothorn
|-damage|p2a: Ferrothorn|303\/352
|move|p2a: Ferrothorn|Stealth Rock|p1a: Mew
|-sidestart|p1: SunnyORAS|move: Stealth Rock
|
|-heal|p2a: Ferrothorn|325\/352|[from] item: Leftovers
|turn|2
|
|move|p1a: Mew|Defog|p2a: Ferrothorn
|-unboost|p2a: Ferrothorn|evasion|1
|-sideend|p1: SunnyORAS|Stealth Rock|[from] move: Defog|[of] p1a: Mew
|move|p2a: Ferrothorn|Leech Seed|p1a: Mew|[miss]
|-miss|p2a: Ferrothorn|p1a: Mew
|
|-heal|p2a: Ferrothorn|347\/352|[from] item: Leftovers
|turn|3
|
|move|p1a: Mew|Earthquake|p2a: Ferrothorn
|-damage|p2a: Ferrothorn|295\/352
|move|p2a: Ferrothorn|Leech Seed|p1a: Mew
|-start|p1a: Mew|move: Leech Seed
|
|-heal|p2a: Ferrothorn|317\/352|[from] item: Leftovers
|-damage|p1a: Mew|323\/369|[from] Leech Seed|[of] p2a: Ferrothorn
|-heal|p2a: Ferrothorn|352\/352|[silent]
|turn|4
|
|move|p1a: Mew|Will-O-Wisp|p2a: Ferrothorn
|-status|p2a: Ferrothorn|brn
|move|p2a: Ferrothorn|Stealth Rock|p1a: Mew
|-sidestart|p1: SunnyORAS|move: Stealth Rock
|
|-heal|p1a: Mew|346\/369|[from] item: Leftovers
|-damage|p1a: Mew|300\/369|[from] Leech Seed|[of] p2a: Ferrothorn
|-damage|p2a: Ferrothorn|308\/352 brn|[from] brn
|turn|5
|
|move|p1a: Mew|Defog|p2a: Ferrothorn
|-unboost|p2a: Ferrothorn|evasion|1
|-sideend|p1: SunnyORAS|Stealth Rock|[from] move: Defog|[of] p1a: Mew
|move|p2a: Ferrothorn|Stealth Rock|p1a: Mew
|-sidestart|p1: SunnyORAS|move: Stealth Rock
|
|-heal|p1a: Mew|323\/369|[from] item: Leftovers
|-heal|p2a: Ferrothorn|330\/352 brn|[from] item: Leftovers
|-damage|p1a: Mew|277\/369|[from] Leech Seed|[of] p2a: Ferrothorn
|-heal|p2a: Ferrothorn|352\/352 brn|[silent]
|-damage|p2a: Ferrothorn|308\/352 brn|[from] brn
|turn|6
|
|switch|p1a: Ferrothorn|Ferrothorn, M|351\/351
|-damage|p1a: Ferrothorn|330\/351|[from] Stealth Rock
|move|p2a: Ferrothorn|Stealth Rock|p1a: Ferrothorn
|-fail|p1a: Ferrothorn
|
|-heal|p2a: Ferrothorn|330\/352 brn|[from] item: Leftovers
|-damage|p2a: Ferrothorn|286\/352 brn|[from] brn
|turn|7
|
|switch|p2a: Heatran|Heatran, F|323\/323
|move|p1a: Ferrothorn|Stealth Rock|p2a: Heatran
|-sidestart|p2: widetomato|move: Stealth Rock
|
|turn|8
|
|switch|p1a: Gardevoir|Gardevoir, M|277\/277
|-damage|p1a: Gardevoir|243\/277|[from] Stealth Rock
|-ability|p1a: Gardevoir|Flash Fire|[from] ability: Trace|[of] p2a: Heatran
|move|p2a: Heatran|Overheat|p1a: Gardevoir
|-start|p1a: Gardevoir|ability: Flash Fire
|
|turn|9
|
|switch|p2a: Ferrothorn|Ferrothorn, F|286\/352 brn
|-damage|p2a: Ferrothorn|264\/352 brn|[from] Stealth Rock
|move|p1a: Gardevoir|Focus Blast|p2a: Ferrothorn
|-supereffective|p2a: Ferrothorn
|-damage|p2a: Ferrothorn|34\/352 brn
|
|-heal|p2a: Ferrothorn|56\/352 brn|[from] item: Leftovers
|-damage|p2a: Ferrothorn|12\/352 brn|[from] brn
|turn|10
|
|move|p1a: Gardevoir|Psyshock|p2a: Ferrothorn
|-resisted|p2a: Ferrothorn
|-damage|p2a: Ferrothorn|0 fnt
|faint|p2a: Ferrothorn
|
|
|switch|p2a: Metagross|Metagross|301\/301
|-damage|p2a: Metagross|283\/301|[from] Stealth Rock
|turn|11
|
|switch|p1a: Ferrothorn|Ferrothorn, M|330\/351
|-damage|p1a: Ferrothorn|309\/351|[from] Stealth Rock
|detailschange|p2a: Metagross|Metagross-Mega
|-mega|p2a: Metagross|Metagross|Metagrossite
|move|p2a: Metagross|Meteor Mash|p1a: Ferrothorn
|-crit|p1a: Ferrothorn
|-resisted|p1a: Ferrothorn
|-damage|p1a: Ferrothorn|189\/351
|-damage|p2a: Metagross|246\/301|[from] ability: Iron Barbs|[of] p1a: Ferrothorn
|
|turn|12
|
|move|p2a: Metagross|Hammer Arm|p1a: Ferrothorn
|-supereffective|p1a: Ferrothorn
|-damage|p1a: Ferrothorn|0 fnt
|-damage|p2a: Metagross|209\/301|[from] ability: Iron Barbs|[of] p1a: Ferrothorn
|-unboost|p2a: Metagross|spe|1
|faint|p1a: Ferrothorn
|
|
|switch|p1a: Landorus-Therian|Landorus-Therian, M|319\/319
|-damage|p1a: Landorus-Therian|280\/319|[from] Stealth Rock
|-ability|p1a: Landorus-Therian|Intimidate|[of] p2a: Metagross
|-unboost|p2a: Metagross|atk|1
|turn|13
|
|move|p1a: Landorus-Therian|Earthquake|p2a: Metagross
|-supereffective|p2a: Metagross
|-damage|p2a: Metagross|0 fnt
|faint|p2a: Metagross
|
|
|switch|p2a: Keldeo|Keldeo|323\/323
|-damage|p2a: Keldeo|303\/323|[from] Stealth Rock
|turn|14
|
|switch|p1a: Raikou|Raikou|321\/321
|-damage|p1a: Raikou|281\/321|[from] Stealth Rock
|-ability|p1a: Raikou|Pressure
|move|p2a: Keldeo|Scald|p1a: Raikou
|-damage|p1a: Raikou|188\/321
|
|-heal|p2a: Keldeo|323\/323|[from] item: Leftovers
|turn|15
|
|switch|p2a: Kyurem-Black|Kyurem-Black|391\/391
|-damage|p2a: Kyurem-Black|294\/391|[from] Stealth Rock
|-ability|p2a: Kyurem-Black|Teravolt
|move|p1a: Raikou|Thunderbolt|p2a: Kyurem-Black
|-resisted|p2a: Kyurem-Black
|-damage|p2a: Kyurem-Black|211\/391
|
|turn|16
|
|switch|p1a: Azumarill|Azumarill, F|369\/369
|-damage|p1a: Azumarill|323\/369|[from] Stealth Rock
|move|p2a: Kyurem-Black|Roost|p2a: Kyurem-Black
|-heal|p2a: Kyurem-Black|391\/391
|
|turn|17
|leave|SunnyORAS
|player|p1
|join|SunnyORAS
|player|p1|SunnyORAS|266
|
|switch|p1a: Landorus-Therian|Landorus-Therian, M|280\/319
|-damage|p1a: Landorus-Therian|241\/319|[from] Stealth Rock
|-ability|p1a: Landorus-Therian|Intimidate|[of] p2a: Kyurem-Black
|-unboost|p2a: Kyurem-Black|atk|1
|move|p2a: Kyurem-Black|Fusion Bolt|p1a: Landorus-Therian
|-immune|p1a: Landorus-Therian|[msg]
|
|turn|18
|
|move|p1a: Landorus-Therian|U-turn|p2a: Kyurem-Black
|-damage|p2a: Kyurem-Black|298\/391
|
|switch|p1a: Mew|Mew|277\/369
|-damage|p1a: Mew|231\/369|[from] Stealth Rock
|move|p2a: Kyurem-Black|Ice Beam|p1a: Mew
|-damage|p1a: Mew|27\/369
|-damage|p2a: Kyurem-Black|259\/391|[from] item: Life Orb
|
|-heal|p1a: Mew|50\/369|[from] item: Leftovers
|turn|19
|
|move|p2a: Kyurem-Black|Ice Beam|p1a: Mew
|-damage|p1a: Mew|0 fnt
|-damage|p2a: Kyurem-Black|220\/391|[from] item: Life Orb
|faint|p1a: Mew
|
|
|switch|p1a: Landorus-Therian|Landorus-Therian, M|241\/319
|-damage|p1a: Landorus-Therian|202\/319|[from] Stealth Rock
|-ability|p1a: Landorus-Therian|Intimidate|[of] p2a: Kyurem-Black
|-unboost|p2a: Kyurem-Black|atk|1
|turn|20
|
|move|p1a: Landorus-Therian|Earthquake|p2a: Kyurem-Black
|-damage|p2a: Kyurem-Black|28\/391
|move|p2a: Kyurem-Black|Ice Beam|p1a: Landorus-Therian
|-supereffective|p1a: Landorus-Therian
|-damage|p1a: Landorus-Therian|0 fnt
|-damage|p2a: Kyurem-Black|0 fnt|[from] item: Life Orb
|faint|p1a: Landorus-Therian
|faint|p2a: Kyurem-Black
|
|
|switch|p1a: Raikou|Raikou|188\/321
|switch|p2a: Clefable|Clefable, F|394\/394
|-damage|p1a: Raikou|148\/321|[from] Stealth Rock
|-ability|p1a: Raikou|Pressure
|turn|21
|
|move|p1a: Raikou|Volt Switch|p2a: Clefable
|-damage|p2a: Clefable|273\/394
|
|switch|p1a: Azumarill|Azumarill, F|323\/369
|-damage|p1a: Azumarill|277\/369|[from] Stealth Rock
|move|p2a: Clefable|Calm Mind|p2a: Clefable
|-boost|p2a: Clefable|spa|1
|-boost|p2a: Clefable|spd|1
|
|-heal|p2a: Clefable|297\/394|[from] item: Leftovers
|turn|22
|
|move|p1a: Azumarill|Waterfall|p2a: Clefable
|-damage|p2a: Clefable|78\/394
|move|p2a: Clefable|Soft-Boiled|p2a: Clefable
|-heal|p2a: Clefable|275\/394
|
|-heal|p2a: Clefable|299\/394|[from] item: Leftovers
|turn|23
|
|move|p1a: Azumarill|Waterfall|p2a: Clefable
|-damage|p2a: Clefable|86\/394
|cant|p2a: Clefable|flinch
|
|-heal|p2a: Clefable|110\/394|[from] item: Leftovers
|turn|24
|
|move|p1a: Azumarill|Waterfall|p2a: Clefable
|-damage|p2a: Clefable|0 fnt
|faint|p2a: Clefable
|
|
|switch|p2a: Keldeo|Keldeo|323\/323
|-damage|p2a: Keldeo|303\/323|[from] Stealth Rock
|turn|25
|
|switch|p1a: Raikou|Raikou|148\/321
|-damage|p1a: Raikou|108\/321|[from] Stealth Rock
|-ability|p1a: Raikou|Pressure
|move|p2a: Keldeo|Substitute|p2a: Keldeo
|-start|p2a: Keldeo|Substitute
|-damage|p2a: Keldeo|223\/323
|
|-heal|p2a: Keldeo|243\/323|[from] item: Leftovers
|turn|26
|
|move|p1a: Raikou|Thunderbolt|p2a: Keldeo
|-supereffective|p2a: Keldeo
|-end|p2a: Keldeo|Substitute
|move|p2a: Keldeo|Scald|p1a: Raikou
|-damage|p1a: Raikou|14\/321
|-status|p1a: Raikou|brn
|
|-heal|p2a: Keldeo|263\/323|[from] item: Leftovers
|-damage|p1a: Raikou|0 fnt|[from] brn
|faint|p1a: Raikou
|
|switch|p1a: Gardevoir|Gardevoir, M|243\/277
|-damage|p1a: Gardevoir|209\/277|[from] Stealth Rock
|-ability|p1a: Gardevoir|Justified|[from] ability: Trace|[of] p2a: Keldeo
|turn|27
|
|switch|p2a: Heatran|Heatran, F|323\/323
|-damage|p2a: Heatran|283\/323|[from] Stealth Rock
|detailschange|p1a: Gardevoir|Gardevoir-Mega, M
|-mega|p1a: Gardevoir|Gardevoir|Gardevoirite
|move|p1a: Gardevoir|Focus Blast|p2a: Heatran
|-supereffective|p2a: Heatran
|-damage|p2a: Heatran|0 fnt
|faint|p2a: Heatran
|
|-message|widetomato forfeited.
|
|win|SunnyORAS
|raw|Ladder updating...
|raw|SunnyORAS's rating: 1389 &rarr; <strong>1403<\/strong><br \/>(+14 for winning)
|raw|widetomato's rating: 1272 &rarr; <strong>1255<\/strong><br \/>(-17 for losing)
|leave|widetomato
|player|p2
|c|âSunnyORAS|G_G