|join|widetomato
|join|TheWaterGymLeader
|player|p1|widetomato|102
|player|p2|TheWaterGymLeader|234
|gametype|doubles
|gen|6
|tier|Smogon Doubles
|rated
|clearpoke
|poke|p1|Tyranitar, M
|poke|p1|Klefki, F
|poke|p1|Excadrill, M
|poke|p1|Ferrothorn, M
|poke|p1|Espeon, F
|poke|p1|Conkeldurr, M
|poke|p2|Milotic, L55, F
|poke|p2|Walrein, L53, F
|poke|p2|Sharpedo, L52, M
|poke|p2|Starmie, L53
|poke|p2|Quagsire, L52, F
|poke|p2|Wailord, L53, F
|rule|Species Clause: Limit one of each PokÃ©mon
|rule|OHKO Clause: OHKO moves are banned
|rule|Moody Clause: Moody is banned
|rule|Evasion Abilities Clause: Evasion abilities are banned
|rule|Evasion Moves Clause: Evasion moves are banned
|rule|Endless Battle Clause: Forcing endless battles is banned
|rule|HP Percentage Mod: HP is reported as percentages
|teampreview
|
|start
|switch|p1a: Klefki|Klefki, F|318\/318
|switch|p1b: Tyranitar|Tyranitar, M|342\/342
|switch|p2a: Milotic|Milotic, L55, F|202\/202
|switch|p2b: Walrein|Walrein, L53, F|196\/196
|-ability|p1b: Tyranitar|Unnerve|p2: TheWaterGymLeader
|turn|1
|
|detailschange|p1b: Tyranitar|Tyranitar-Mega, M
|message|Tyranitar has Mega Evolved into Mega Tyranitar!
|-weather|Sandstorm
|move|p1a: Klefki|Safeguard|p1a: Klefki
|-sidestart|p1: widetomato|Safeguard
|move|p1b: Tyranitar|Dragon Dance|p1b: Tyranitar
|-boost|p1b: Tyranitar|atk|1
|-boost|p1b: Tyranitar|spe|1
|move|p2a: Milotic|Aqua Tail|p1b: Tyranitar
|-supereffective|p1b: Tyranitar
|-damage|p1b: Tyranitar|298\/342
|move|p2b: Walrein|Water Pulse|p1a: Klefki
|-damage|p1a: Klefki|294\/318
|
|-weather|Sandstorm|[upkeep]
|-damage|p2a: Milotic|190\/202|[from] sandstorm
|-damage|p2b: Walrein|184\/196|[from] sandstorm
|-heal|p1a: Klefki|313\/318|[from] item: Leftovers
|turn|2
|
|switch|p2b: Quagsire|Quagsire, L52, F|176\/176
|move|p1a: Klefki|Swagger|p1b: Tyranitar
|-boost|p1b: Tyranitar|atk|2
|move|p1b: Tyranitar|Rock Slide|p2a: Milotic
|-damage|p2a: Milotic|0 fnt
|-miss|p1b: Tyranitar|p2b: Quagsire
|faint|p2a: Milotic
|
|-weather|Sandstorm|[upkeep]
|-heal|p1a: Klefki|318\/318|[from] item: Leftovers
|
|switch|p2a: Sharpedo|Sharpedo, L52, M|150\/150
|turn|3
|
|move|p1a: Klefki|Swagger|p2b: Quagsire
|-boost|p2b: Quagsire|atk|2
|-start|p2b: Quagsire|confusion
|move|p1b: Tyranitar|Rock Slide|p2b: Quagsire
|-miss|p1b: Tyranitar|p2a: Sharpedo
|-resisted|p2b: Quagsire
|-damage|p2b: Quagsire|0 fnt
|faint|p2b: Quagsire
|move|p2a: Sharpedo|Dark Pulse|p1a: Klefki
|-resisted|p1a: Klefki
|-damage|p1a: Klefki|303\/318
|
|-weather|Sandstorm|[upkeep]
|-damage|p2a: Sharpedo|141\/150|[from] sandstorm
|-heal|p1a: Klefki|318\/318|[from] item: Leftovers
|
|switch|p2b: Walrein|Walrein, L53, F|184\/196
|turn|4
|
|move|p1a: Klefki|Swagger|p1b: Tyranitar
|-boost|p1b: Tyranitar|atk|2
|move|p1b: Tyranitar|Rock Slide|p2b: Walrein
|-damage|p2a: Sharpedo|0 fnt
|-supereffective|p2b: Walrein
|-damage|p2b: Walrein|0 fnt
|faint|p2a: Sharpedo
|faint|p2b: Walrein
|
|-weather|Sandstorm|[upkeep]
|
|switch|p2b: Starmie|Starmie, L53|163\/163
|switch|p2a: Wailord|Wailord, L53, F|293\/293
|turn|5
|
|move|p1b: Tyranitar|Rock Slide|p2a: Wailord
|-crit|p2a: Wailord
|-damage|p2a: Wailord|0 fnt
|-damage|p2b: Starmie|0 fnt
|faint|p2a: Wailord
|faint|p2b: Starmie
|
|win|widetomato
|raw|Ladder updating...
|raw|widetomato's rating: 1070 &rarr; <strong>1094<\/strong><br \/>(+24 for winning)
|raw|TheWaterGymLeader's rating: 1000 &rarr; <strong>1000<\/strong><br \/>(+0 for losing)