|join|ULT Pokeblade
|join|crazedlaxer13
|player|p1|ULT Pokeblade|163
|player|p2|crazedlaxer13|290
|gametype|singles
|gen|6
|tier|UU
|rated
|rule|Sleep Clause Mod: Limit one foe put to sleep
|rule|Species Clause: Limit one of each PokÃ©mon
|rule|OHKO Clause: OHKO moves are banned
|rule|Moody Clause: Moody is banned
|rule|Evasion Moves Clause: Evasion moves are banned
|rule|Endless Battle Clause: Forcing endless battles is banned
|rule|HP Percentage Mod: HP is shown in percentages
|clearpoke
|poke|p1|Sharpedo, M
|poke|p1|Celebi
|poke|p1|Nidoqueen, F
|poke|p1|Entei, shiny
|poke|p1|Doublade, M
|poke|p1|Gligar, M
|poke|p2|Ambipom, F
|poke|p2|Scrafty, M
|poke|p2|Darmanitan, F
|poke|p2|Espeon, F
|poke|p2|Sharpedo, F
|poke|p2|Celebi
|rule|Swagger Clause: Swagger is banned
|rule|Baton Pass Clause: Limit one PokÃ©mon knowing Baton Pass
|teampreview
|
|start
|switch|p1a: Enteime|Entei, shiny|372\/372
|switch|p2a: Espeon|Espeon, F|271\/271
|-ability|p1a: Enteime|Pressure
|turn|1
|
|switch|p1a: Celebrity|Celebi|404\/404
|move|p2a: Espeon|Calm Mind|p2a: Espeon
|-boost|p2a: Espeon|spa|1
|-boost|p2a: Espeon|spd|1
|
|turn|2
|
|move|p2a: Espeon|Calm Mind|p2a: Espeon
|-boost|p2a: Espeon|spa|1
|-boost|p2a: Espeon|spd|1
|move|p1a: Celebrity|Swords Dance|p1a: Celebrity
|-boost|p1a: Celebrity|atk|2
|
|turn|3
|
|move|p2a: Espeon|Calm Mind|p2a: Espeon
|-boost|p2a: Espeon|spa|1
|-boost|p2a: Espeon|spd|1
|move|p1a: Celebrity|Seed Bomb|p2a: Espeon
|-damage|p2a: Espeon|4\/271
|
|turn|4
|
|move|p2a: Espeon|Shadow Ball|p1a: Celebrity
|-supereffective|p1a: Celebrity
|-damage|p1a: Celebrity|62\/404
|move|p1a: Celebrity|Swords Dance|p1a: Celebrity
|-boost|p1a: Celebrity|atk|2
|
|-heal|p1a: Celebrity|87\/404|[from] item: Leftovers
|turn|5
|
|move|p1a: Celebrity|Sucker Punch|p2a: Espeon
|-supereffective|p2a: Espeon
|-damage|p2a: Espeon|0 fnt
|faint|p2a: Espeon
|
|-heal|p1a: Celebrity|112\/404|[from] item: Leftovers
|
|switch|p2a: Ambipom|Ambipom, F|291\/291
|turn|6
|join|Geobrodude
|
|move|p2a: Ambipom|Fake Out|p1a: Celebrity
|-damage|p1a: Celebrity|41\/404
|-damage|p2a: Ambipom|262\/291|[from] item: Life Orb
|cant|p1a: Celebrity|flinch
|
|-heal|p1a: Celebrity|66\/404|[from] item: Leftovers
|turn|7
|
|move|p1a: Celebrity|Sucker Punch|p2a: Ambipom
|-damage|p2a: Ambipom|0 fnt
|faint|p2a: Ambipom
|
|-heal|p1a: Celebrity|91\/404|[from] item: Leftovers
|
|switch|p2a: Sharpedo|Sharpedo, F|281\/281
|turn|8
|
|detailschange|p2a: Sharpedo|Sharpedo-Mega, F
|-mega|p2a: Sharpedo|Sharpedo|Sharpedonite
|move|p2a: Sharpedo|Protect|p2a: Sharpedo
|-singleturn|p2a: Sharpedo|Protect
|move|p1a: Celebrity|Baton Pass|p1a: Celebrity
|c|âcrazedlaxer13|fuck
|
|switch|p1a: Enteime|Entei, shiny|372\/372
|-ability|p1a: Enteime|Pressure
|
|turn|9
|c|âcrazedlaxer13|i forgot not to mega
|
|move|p1a: Enteime|Extreme Speed|p2a: Sharpedo
|-damage|p2a: Sharpedo|0 fnt
|-damage|p1a: Enteime|335\/372|[from] item: Life Orb
|faint|p2a: Sharpedo
|
|c|âULT Pokeblade|It doesnt matter
|c| Geobrodude|e-speedy to victory tho
|
|switch|p2a: Scrafty|Scrafty, M|271\/271
|turn|10
|c|âcrazedlaxer13|na
|
|move|p1a: Enteime|Sacred Fire|p2a: Scrafty
|-enditem|p2a: Scrafty|Focus Sash
|-damage|p2a: Scrafty|1\/271
|-status|p2a: Scrafty|brn
|-damage|p1a: Enteime|298\/372|[from] item: Life Orb
|move|p2a: Scrafty|Drain Punch|p1a: Enteime
|-damage|p1a: Enteime|237\/372
|-heal|p2a: Scrafty|32\/271 brn|[from] drain|[of] p1a: Enteime
|
|-damage|p2a: Scrafty|0 fnt|[from] brn
|faint|p2a: Scrafty
|c|âULT Pokeblade|Lol
|c| Geobrodude|predictions
|c|âcrazedlaxer13|bruh
|c|âULT Pokeblade|50%
|c|âULT Pokeblade|Chance
|
|switch|p2a: Celebi|Celebi|342\/342
|turn|11
|c|âULT Pokeblade|Dont be suprised
|c|âcrazedlaxer13|idgaf
|c|âcrazedlaxer13|thats bs
|c|âULT Pokeblade|Ok
|
|move|p1a: Enteime|Flame Charge|p2a: Celebi
|-supereffective|p2a: Celebi
|-damage|p2a: Celebi|0 fnt
|-boost|p1a: Enteime|spe|1
|-damage|p1a: Enteime|200\/372|[from] item: Life Orb
|faint|p2a: Celebi
|
|c| Geobrodude|would have done like 34 if not burned
|c|âULT Pokeblade|It didnt really matter
|c| Geobrodude|so still pretty shit dmg
|
|switch|p2a: Darmanitan|Darmanitan, F|351\/351
|turn|12
|
|move|p1a: Enteime|Extreme Speed|p2a: Darmanitan
|-damage|p2a: Darmanitan|0 fnt
|-damage|p1a: Enteime|163\/372|[from] item: Life Orb
|faint|p2a: Darmanitan
|
|win|ULT Pokeblade
|raw|Ladder updating...
|c|âULT Pokeblade|U still lost in the long run
|c|âULT Pokeblade|Gg
|raw|ULT Pokeblade's rating: 1405 &rarr; <strong>1413<\/strong><br \/>(+8 for winning)
|raw|crazedlaxer13's rating: 1145 &rarr; <strong>1136<\/strong><br \/>(-9 for losing)
|leave|Geobrodude
|leave|crazedlaxer13
|player|p2