|join|Iodic
|join|popparon
|player|p1|Iodic|264
|player|p2|popparon|101
|gametype|singles
|gen|6
|tier|OU
|rated
|clearpoke
|poke|p1|Sylveon, F
|poke|p1|Slowbro, M
|poke|p1|Scizor, M
|poke|p1|Lopunny, F, shiny
|poke|p1|Serperior, F
|poke|p1|Infernape, M
|poke|p2|Umbreon, M, shiny
|poke|p2|Mandibuzz, F, shiny
|poke|p2|Mew, shiny
|poke|p2|Victini
|poke|p2|Empoleon, F
|poke|p2|Pidgeot, M, shiny
|rule|Swagger Clause: Swagger is banned
|rule|Baton Pass Clause: Limit one PokÃ©mon knowing Baton Pass
|rule|Sleep Clause Mod: Limit one foe put to sleep
|rule|Species Clause: Limit one of each PokÃ©mon
|rule|OHKO Clause: OHKO moves are banned
|rule|Moody Clause: Moody is banned
|rule|Evasion Moves Clause: Evasion moves are banned
|rule|Endless Battle Clause: Forcing endless battles is banned
|rule|HP Percentage Mod: HP is shown in percentages
|teampreview
|c|âpopparon|the serperiors are fucking everywhere
|
|start
|switch|p1a: Catherine|Sylveon, F|392\/392
|switch|p2a: Lord Have Mercy|Mew, shiny|342\/342
|turn|1
|c|âpopparon|the usage is ridic
|
|switch|p2a: Happy Feet|Empoleon, F|372\/372
|move|p1a: Catherine|Hyper Voice|p2a: Happy Feet
|-resisted|p2a: Happy Feet
|-damage|p2a: Happy Feet|218\/372
|
|turn|2
|c|âpopparon|specs catherine
|c|âpopparon|specs catherine
|c|âpopparon|why
|c|âpopparon|whats it for
|
|move|p1a: Catherine|Hyper Voice|p2a: Happy Feet
|-resisted|p2a: Happy Feet
|-damage|p2a: Happy Feet|66\/372
|move|p2a: Happy Feet|Scald|p1a: Catherine
|-damage|p1a: Catherine|224\/392
|
|turn|3
|
|move|p1a: Catherine|Hyper Voice|p2a: Happy Feet
|-crit|p2a: Happy Feet
|-resisted|p2a: Happy Feet
|-damage|p2a: Happy Feet|0 fnt
|faint|p2a: Happy Feet
|
|
|switch|p2a: Turn Up God|Victini|341\/341
|turn|4
|
|switch|p1a: Henry|Slowbro, M|394\/394
|move|p2a: Turn Up God|Bolt Strike|p1a: Henry
|-crit|p1a: Henry
|-supereffective|p1a: Henry
|-damage|p1a: Henry|136\/394
|
|-heal|p1a: Henry|160\/394|[from] item: Leftovers
|turn|5
|
|switch|p1a: Mao|Infernape, M|293\/293
|move|p2a: Turn Up God|Bolt Strike|p1a: Mao
|-damage|p1a: Mao|134\/293
|
|turn|6
|c|âpopparon|wow
|
|move|p1a: Mao|Endeavor|p2a: Turn Up God
|-damage|p2a: Turn Up God|134\/341
|move|p2a: Turn Up God|Bolt Strike|p1a: Mao
|-damage|p1a: Mao|0 fnt
|faint|p1a: Mao
|
|c|âpopparon|knew that was coming
|
|switch|p1a: Henry|Slowbro, M|291\/394
|turn|7
|c|âIodic|congrats
|
|move|p2a: Turn Up God|Bolt Strike|p1a: Henry|[miss]
|-miss|p2a: Turn Up God|p1a: Henry
|move|p1a: Henry|Scald|p2a: Turn Up God
|-crit|p2a: Turn Up God
|-supereffective|p2a: Turn Up God
|-damage|p2a: Turn Up God|0 fnt
|faint|p2a: Turn Up God
|
|-heal|p1a: Henry|315\/394|[from] item: Leftovers
|c|âpopparon|but not that super hax
|
|switch|p2a: Bird Jesus|Pidgeot, M, shiny|308\/308
|turn|8
|c|âpopparon|hax god legendary hax right there
|c|âIodic|says the man who critted the first bolt strike
|c|âpopparon|i didnt miss and then get a crit
|c|âpopparon|on the same turn
|c|âIodic|you think that crit mattered?
|c|âIodic|honestly, you sound like a whiner to me
|c|âpopparon|lol im just tired
|c|âIodic|ah
|c|âpopparon|oh the crit didnt matter at all
|c|âpopparon|im just but hurt
|
|detailschange|p2a: Bird Jesus|Pidgeot-Mega, M, shiny
|-mega|p2a: Bird Jesus|Pidgeot|Pidgeotite
|move|p2a: Bird Jesus|Hurricane|p1a: Henry
|-damage|p1a: Henry|95\/394
|move|p1a: Henry|Toxic|p2a: Bird Jesus
|-status|p2a: Bird Jesus|tox
|
|-heal|p1a: Henry|119\/394|[from] item: Leftovers
|-damage|p2a: Bird Jesus|289\/308 tox|[from] psn
|turn|9
|c|âpopparon|bc i just came from a game
|c|âpopparon|where i got
|c|âpopparon|flinched 10 times in a row
|
|move|p2a: Bird Jesus|Hurricane|p1a: Henry
|-damage|p1a: Henry|0 fnt
|faint|p1a: Henry
|
|-damage|p2a: Bird Jesus|251\/308 tox|[from] psn
|c|âIodic|i feel you
|
|switch|p1a: Stalin|Scizor, M|343\/343
|turn|10
|
|move|p1a: Stalin|Bullet Punch|p2a: Bird Jesus
|-damage|p2a: Bird Jesus|41\/308 tox
|move|p2a: Bird Jesus|Heat Wave|p1a: Stalin
|-supereffective|p1a: Stalin
|-damage|p1a: Stalin|0 fnt
|faint|p1a: Stalin
|
|-damage|p2a: Bird Jesus|0 fnt|[from] psn
|faint|p2a: Bird Jesus
|
|switch|p2a: Lord Have Mercy|Mew, shiny|342\/342
|switch|p1a: Catherine|Sylveon, F|224\/392
|turn|11
|
|switch|p1a: Victoria|Serperior, F|353\/353
|move|p2a: Lord Have Mercy|Psyshock|p1a: Victoria
|-damage|p1a: Victoria|224\/353
|
|turn|12
|
|move|p1a: Victoria|Leech Seed|p2a: Lord Have Mercy
|-start|p2a: Lord Have Mercy|move: Leech Seed
|move|p2a: Lord Have Mercy|Ice Beam|p1a: Victoria
|-supereffective|p1a: Victoria
|-damage|p1a: Victoria|44\/353
|
|-damage|p2a: Lord Have Mercy|300\/342|[from] Leech Seed|[of] p1a: Victoria
|-heal|p1a: Victoria|86\/353|[silent]
|turn|13
|c|âpopparon|holy shit
|
|move|p1a: Victoria|Light Screen|p1a: Victoria
|-sidestart|p1: Iodic|move: Light Screen
|move|p2a: Lord Have Mercy|Ice Beam|p1a: Victoria
|-supereffective|p1a: Victoria
|-damage|p1a: Victoria|0 fnt
|faint|p1a: Victoria
|
|
|switch|p1a: Diana|Lopunny, F, shiny|272\/272
|turn|14
|
|switch|p2a: Flinstone|Mandibuzz, F, shiny|424\/424
|detailschange|p1a: Diana|Lopunny-Mega, F, shiny
|-mega|p1a: Diana|Lopunny|Lopunnite
|move|p1a: Diana|Power-Up Punch|p2a: Flinstone
|-damage|p2a: Flinstone|370\/424
|-boost|p1a: Diana|atk|1
|
|-heal|p2a: Flinstone|396\/424|[from] item: Leftovers
|turn|15
|
|move|p1a: Diana|Power-Up Punch|p2a: Flinstone
|-damage|p2a: Flinstone|309\/424
|-boost|p1a: Diana|atk|1
|move|p2a: Flinstone|Toxic|p1a: Diana
|-status|p1a: Diana|tox
|
|-heal|p2a: Flinstone|335\/424|[from] item: Leftovers
|-damage|p1a: Diana|255\/272 tox|[from] psn
|turn|16
|c|âpopparon|if u miss imma laugh so hard
|
|move|p1a: Diana|Return|p2a: Flinstone
|-damage|p2a: Flinstone|49\/424
|move|p2a: Flinstone|Foul Play|p1a: Diana
|-resisted|p1a: Diana
|-damage|p1a: Diana|72\/272 tox
|
|-heal|p2a: Flinstone|75\/424|[from] item: Leftovers
|-damage|p1a: Diana|38\/272 tox|[from] psn
|turn|17
|
|move|p1a: Diana|Drain Punch|p2a: Flinstone
|-damage|p2a: Flinstone|0 fnt
|-heal|p1a: Diana|76\/272 tox|[from] drain|[of] p2a: Flinstone
|faint|p2a: Flinstone
|
|-damage|p1a: Diana|25\/272 tox|[from] psn
|
|switch|p2a: Rita Ora|Umbreon, M, shiny|394\/394
|turn|18
|
|switch|p1a: Catherine|Sylveon, F|224\/392
|move|p2a: Rita Ora|Protect|p2a: Rita Ora
|-fail|p2a: Rita Ora
|
|turn|19
|c|âIodic|I don't run hi jump kick because of the hax >_>
|c|âIodic|or is it called high jump kick now
|
|move|p2a: Rita Ora|Foul Play|p1a: Catherine
|-resisted|p1a: Catherine
|-damage|p1a: Catherine|176\/392
|move|p1a: Catherine|Hyper Voice|p2a: Rita Ora
|-supereffective|p2a: Rita Ora
|-damage|p2a: Rita Ora|0 fnt
|faint|p2a: Rita Ora
|
|
|switch|p2a: Lord Have Mercy|Mew, shiny|300\/342
|turn|20
|
|move|p2a: Lord Have Mercy|Psyshock|p1a: Catherine
|-damage|p1a: Catherine|98\/392
|move|p1a: Catherine|Hyper Voice|p2a: Lord Have Mercy
|-damage|p2a: Lord Have Mercy|101\/342
|
|-sideend|p1: Iodic|move: Light Screen
|turn|21
|
|move|p2a: Lord Have Mercy|Psyshock|p1a: Catherine
|-damage|p1a: Catherine|0 fnt
|faint|p1a: Catherine
|
|
|switch|p1a: Diana|Lopunny-Mega, F, shiny|25\/272 tox
|turn|22
|c|âpopparon|lol idk
|c|âpopparon|gg
|c|âpopparon|man
|c|âIodic|gg
|c|âpopparon|nice thinking
|
|move|p1a: Diana|Return|p2a: Lord Have Mercy
|-damage|p2a: Lord Have Mercy|0 fnt
|faint|p2a: Lord Have Mercy
|
|win|Iodic
|raw|Ladder updating...
|raw|Iodic's rating: 1499 &rarr; <strong>1519<\/strong><br \/>(+20 for winning)
|raw|popparon's rating: 1503 &rarr; <strong>1483<\/strong><br \/>(-20 for losing)
|c|âIodic|yeah, it was close
|c|âIodic|obvs