|join|Iodic
|join|champ champ champ
|player|p1|Iodic|264
|player|p2|champ champ champ|65
|gametype|singles
|gen|6
|tier|OU
|rated
|clearpoke
|poke|p1|Sylveon, M
|poke|p1|Slowbro, F
|poke|p1|Scizor, F
|poke|p1|Garchomp, M, shiny
|poke|p1|Rotom-Wash
|poke|p1|Lopunny, M
|poke|p2|Talonflame, M
|poke|p2|Scizor, M
|poke|p2|Mew
|poke|p2|Gardevoir, M
|poke|p2|Thundurus-Therian, M
|poke|p2|Crawdaunt, M
|rule|Swagger Clause: Swagger is banned
|rule|Baton Pass Clause: Limit one PokÃ©mon knowing Baton Pass
|rule|Sleep Clause Mod: Limit one foe put to sleep
|rule|Species Clause: Limit one of each PokÃ©mon
|rule|OHKO Clause: OHKO moves are banned
|rule|Moody Clause: Moody is banned
|rule|Evasion Moves Clause: Evasion moves are banned
|rule|Endless Battle Clause: Forcing endless battles is banned
|rule|HP Percentage Mod: HP is shown in percentages
|teampreview
|
|start
|switch|p1a: Impreza|Scizor, F|343\/343
|switch|p2a: Scizor|Scizor, M|281\/281
|turn|1
|
|detailschange|p2a: Scizor|Scizor-Mega, M
|-mega|p2a: Scizor|Scizor|Scizorite
|move|p2a: Scizor|U-turn|p1a: Impreza
|-resisted|p1a: Impreza
|-damage|p1a: Impreza|265\/343
|
|switch|p2a: Talonflame|Talonflame, M|359\/359
|move|p1a: Impreza|U-turn|p2a: Talonflame
|-resisted|p2a: Talonflame
|-damage|p2a: Talonflame|289\/359
|
|switch|p1a: Gretchen|Slowbro, F|394\/394
|
|-heal|p2a: Talonflame|311\/359|[from] item: Leftovers
|turn|2
|
|move|p2a: Talonflame|Taunt|p1a: Gretchen
|-start|p1a: Gretchen|move: Taunt
|move|p1a: Gretchen|Scald|p2a: Talonflame
|-supereffective|p2a: Talonflame
|-damage|p2a: Talonflame|125\/359
|
|-heal|p2a: Talonflame|147\/359|[from] item: Leftovers
|turn|3
|
|move|p2a: Talonflame|Roost|p2a: Talonflame
|-heal|p2a: Talonflame|327\/359
|move|p1a: Gretchen|Scald|p2a: Talonflame
|-supereffective|p2a: Talonflame
|-damage|p2a: Talonflame|129\/359
|
|-heal|p2a: Talonflame|151\/359|[from] item: Leftovers
|turn|4
|
|switch|p2a: Crawdaunt|Crawdaunt, M|268\/268
|move|p1a: Gretchen|Scald|p2a: Crawdaunt
|-resisted|p2a: Crawdaunt
|-damage|p2a: Crawdaunt|184\/268
|-status|p2a: Crawdaunt|brn
|
|-damage|p2a: Crawdaunt|151\/268 brn|[from] brn
|-end|p1a: Gretchen|move: Taunt
|turn|5
|
|switch|p1a: Garlock|Garchomp, M, shiny|357\/357
|move|p2a: Crawdaunt|Knock Off|p1a: Garlock
|-damage|p1a: Garlock|169\/357
|-damage|p2a: Crawdaunt|118\/268 brn|[from] ability: Rough Skin|[of] p1a: Garlock
|-enditem|p1a: Garlock|Life Orb|[from] move: Knock Off|[of] p2a: Crawdaunt
|
|-damage|p2a: Crawdaunt|85\/268 brn|[from] brn
|turn|6
|
|move|p1a: Garlock|Stealth Rock|p2a: Crawdaunt
|-sidestart|p2: champ champ champ|move: Stealth Rock
|move|p2a: Crawdaunt|Knock Off|p1a: Garlock
|-damage|p1a: Garlock|51\/357
|-damage|p2a: Crawdaunt|52\/268 brn|[from] ability: Rough Skin|[of] p1a: Garlock
|
|-damage|p2a: Crawdaunt|19\/268 brn|[from] brn
|turn|7
|
|move|p1a: Garlock|Dragon Claw|p2a: Crawdaunt
|-crit|p2a: Crawdaunt
|-damage|p2a: Crawdaunt|0 fnt
|faint|p2a: Crawdaunt
|
|
|switch|p2a: Mew|Mew|404\/404
|-damage|p2a: Mew|354\/404|[from] Stealth Rock
|turn|8
|
|move|p1a: Garlock|Dragon Claw|p2a: Mew
|-damage|p2a: Mew|245\/404
|move|p2a: Mew|Defog|p1a: Garlock
|-unboost|p1a: Garlock|evasion|1
|-sideend|p2: champ champ champ|Stealth Rock|[from] move: Defog|[of] p2a: Mew
|
|-heal|p2a: Mew|270\/404|[from] item: Leftovers
|turn|9
|
|switch|p1a: Impreza|Scizor, F|265\/343
|move|p2a: Mew|Soft-Boiled|p2a: Mew
|-heal|p2a: Mew|404\/404
|
|turn|10
|
|move|p2a: Mew|Will-O-Wisp|p1a: Impreza|[miss]
|-miss|p2a: Mew|p1a: Impreza
|move|p1a: Impreza|U-turn|p2a: Mew
|-supereffective|p2a: Mew
|-damage|p2a: Mew|96\/404
|c|âchamp champ champ|wow dude
|
|switch|p1a: Ladykiller|Sylveon, M|392\/392
|
|-heal|p2a: Mew|121\/404|[from] item: Leftovers
|turn|11
|c|âchamp champ champ|that fucking bullshit
|c|âIodic|sucks bro
|
|move|p2a: Mew|Soft-Boiled|p2a: Mew
|-heal|p2a: Mew|323\/404
|move|p1a: Ladykiller|Hyper Voice|p2a: Mew
|-damage|p2a: Mew|26\/404
|
|-heal|p2a: Mew|51\/404|[from] item: Leftovers
|turn|12
|
|switch|p2a: Scizor|Scizor-Mega, M|281\/281
|move|p1a: Ladykiller|Hyper Voice|p2a: Scizor
|-resisted|p2a: Scizor
|-damage|p2a: Scizor|137\/281
|
|turn|13
|
|switch|p1a: Ecto|Rotom-Wash|304\/304
|move|p2a: Scizor|U-turn|p1a: Ecto
|-damage|p1a: Ecto|168\/304
|
|switch|p2a: Mew|Mew|51\/404
|
|-heal|p2a: Mew|76\/404|[from] item: Leftovers
|-heal|p1a: Ecto|187\/304|[from] item: Leftovers
|turn|14
|
|move|p2a: Mew|Soft-Boiled|p2a: Mew
|-heal|p2a: Mew|278\/404
|move|p1a: Ecto|Volt Switch|p2a: Mew
|-damage|p2a: Mew|193\/404
|
|switch|p1a: Ladykiller|Sylveon, M|392\/392
|
|-heal|p2a: Mew|218\/404|[from] item: Leftovers
|turn|15
|
|switch|p2a: Talonflame|Talonflame, M|151\/359
|move|p1a: Ladykiller|Hyper Voice|p2a: Talonflame
|-resisted|p2a: Talonflame
|-damage|p2a: Talonflame|1\/359
|
|-heal|p2a: Talonflame|23\/359|[from] item: Leftovers
|turn|16
|
|switch|p1a: Gretchen|Slowbro, F|394\/394
|move|p2a: Talonflame|Roost|p2a: Talonflame
|-heal|p2a: Talonflame|203\/359
|
|-heal|p2a: Talonflame|225\/359|[from] item: Leftovers
|turn|17
|
|switch|p2a: Mew|Mew|218\/404
|move|p1a: Gretchen|Scald|p2a: Mew
|-damage|p2a: Mew|122\/404
|
|-heal|p2a: Mew|147\/404|[from] item: Leftovers
|turn|18
|
|switch|p1a: Ladykiller|Sylveon, M|392\/392
|move|p2a: Mew|Soft-Boiled|p2a: Mew
|-heal|p2a: Mew|349\/404
|
|-heal|p2a: Mew|374\/404|[from] item: Leftovers
|turn|19
|
|move|p2a: Mew|Will-O-Wisp|p1a: Ladykiller
|-status|p1a: Ladykiller|brn
|move|p1a: Ladykiller|Baton Pass|p1a: Ladykiller
|
|switch|p1a: Gretchen|Slowbro, F|394\/394
|
|-heal|p2a: Mew|399\/404|[from] item: Leftovers
|turn|20
|
|move|p2a: Mew|Knock Off|p1a: Gretchen
|-supereffective|p1a: Gretchen
|-damage|p1a: Gretchen|278\/394
|-enditem|p1a: Gretchen|Leftovers|[from] move: Knock Off|[of] p2a: Mew
|move|p1a: Gretchen|Thunder Wave|p2a: Mew
|-status|p2a: Mew|par
|-status|p1a: Gretchen|par
|
|-heal|p2a: Mew|404\/404 par|[from] item: Leftovers
|turn|21
|
|switch|p2a: Thundurus-Therian|Thundurus-Therian, M|299\/299
|move|p1a: Gretchen|Scald|p2a: Thundurus-Therian
|-damage|p2a: Thundurus-Therian|182\/299
|-status|p2a: Thundurus-Therian|brn
|
|-heal|p2a: Thundurus-Therian|200\/299 brn|[from] item: Leftovers
|-damage|p2a: Thundurus-Therian|163\/299 brn|[from] brn
|turn|22
|
|switch|p1a: Ladykiller|Sylveon, M|392\/392 brn
|move|p2a: Thundurus-Therian|Hidden Power|p1a: Ladykiller
|-damage|p1a: Ladykiller|296\/392 brn
|
|-heal|p2a: Thundurus-Therian|181\/299 brn|[from] item: Leftovers
|-damage|p2a: Thundurus-Therian|144\/299 brn|[from] brn
|-damage|p1a: Ladykiller|247\/392 brn|[from] brn
|turn|23
|
|move|p2a: Thundurus-Therian|Thunderbolt|p1a: Ladykiller
|-damage|p1a: Ladykiller|99\/392 brn
|move|p1a: Ladykiller|Hyper Voice|p2a: Thundurus-Therian
|-damage|p2a: Thundurus-Therian|0 fnt
|faint|p2a: Thundurus-Therian
|
|-damage|p1a: Ladykiller|50\/392 brn|[from] brn
|
|switch|p2a: Scizor|Scizor-Mega, M|137\/281
|turn|24
|
|move|p2a: Scizor|Bullet Punch|p1a: Ladykiller
|-supereffective|p1a: Ladykiller
|-damage|p1a: Ladykiller|0 fnt
|faint|p1a: Ladykiller
|
|
|switch|p1a: Ecto|Rotom-Wash|187\/304
|turn|25
|
|move|p2a: Scizor|U-turn|p1a: Ecto
|-damage|p1a: Ecto|33\/304
|
|switch|p2a: Mew|Mew|404\/404 par
|move|p1a: Ecto|Volt Switch|p2a: Mew
|-damage|p2a: Mew|310\/404 par
|
|switch|p1a: Impreza|Scizor, F|265\/343
|
|-heal|p2a: Mew|335\/404 par|[from] item: Leftovers
|turn|26
|
|switch|p2a: Talonflame|Talonflame, M|225\/359
|move|p1a: Impreza|Knock Off|p2a: Talonflame
|-damage|p2a: Talonflame|0 fnt
|-enditem|p2a: Talonflame|Leftovers|[from] move: Knock Off|[of] p1a: Impreza
|faint|p2a: Talonflame
|
|
|switch|p2a: Scizor|Scizor-Mega, M|137\/281
|turn|27
|
|switch|p1a: Gretchen|Slowbro, F|394\/394 par
|move|p2a: Scizor|Swords Dance|p2a: Scizor
|-boost|p2a: Scizor|atk|2
|
|turn|28
|
|move|p2a: Scizor|Knock Off|p1a: Gretchen
|-supereffective|p1a: Gretchen
|-damage|p1a: Gretchen|122\/394 par
|move|p1a: Gretchen|Flamethrower|p2a: Scizor
|-supereffective|p2a: Scizor
|-damage|p2a: Scizor|0 fnt
|faint|p2a: Scizor
|
|
|switch|p2a: Gardevoir|Gardevoir, M|277\/277
|-ability|p2a: Gardevoir|Regenerator|[from] ability: Trace|[of] p1a: Gretchen
|turn|29
|
|switch|p1a: Garlock|Garchomp, M, shiny|51\/357
|move|p2a: Gardevoir|Moonblast|p1a: Garlock
|-supereffective|p1a: Garlock
|-damage|p1a: Garlock|0 fnt
|faint|p1a: Garlock
|
|
|switch|p1a: Impreza|Scizor, F|265\/343
|turn|30
|
|move|p2a: Gardevoir|Moonblast|p1a: Impreza
|-resisted|p1a: Impreza
|-damage|p1a: Impreza|166\/343
|-unboost|p1a: Impreza|spa|1
|move|p1a: Impreza|U-turn|p2a: Gardevoir
|-damage|p2a: Gardevoir|0 fnt
|faint|p2a: Gardevoir
|-message|champ champ champ forfeited.
|
|switch|p1a: Ecto|Rotom-Wash|33\/304
|
|-heal|p1a: Ecto|52\/304|[from] item: Leftovers
|
|win|Iodic
|raw|Ladder updating...
|leave|champ champ champ
|player|p2
|raw|Iodic's rating: 1387 &rarr; <strong>1409<\/strong><br \/>(+22 for winning)
|raw|champ champ champ's rating: 1423 &rarr; <strong>1401<\/strong><br \/>(-22 for losing)