|join|Iodic
|join|Disfrazdetigre
|player|p1|Iodic|264
|player|p2|Disfrazdetigre|267
|gametype|singles
|gen|6
|tier|OU
|rated
|clearpoke
|poke|p1|Sylveon, F
|poke|p1|Slowbro, M
|poke|p1|Scizor, M
|poke|p1|Lopunny, F, shiny
|poke|p1|Serperior, F
|poke|p1|Tyranitar, M
|poke|p2|Cobalion
|poke|p2|Ferrothorn, M
|poke|p2|Weavile, F
|poke|p2|Landorus, M
|poke|p2|Altaria, F, shiny
|poke|p2|Quagsire, M
|rule|Swagger Clause: Swagger is banned
|rule|Baton Pass Clause: Limit one PokÃ©mon knowing Baton Pass
|rule|Sleep Clause Mod: Limit one foe put to sleep
|rule|Species Clause: Limit one of each PokÃ©mon
|rule|OHKO Clause: OHKO moves are banned
|rule|Moody Clause: Moody is banned
|rule|Evasion Moves Clause: Evasion moves are banned
|rule|Endless Battle Clause: Forcing endless battles is banned
|rule|HP Percentage Mod: HP is shown in percentages
|teampreview
|
|start
|switch|p1a: Caesar|Tyranitar, M|404\/404
|switch|p2a: Bern|Ferrothorn, M|351\/351
|-weather|Sandstorm
|turn|1
|
|move|p1a: Caesar|Flamethrower|p2a: Bern
|-supereffective|p2a: Bern
|-damage|p2a: Bern|99\/351
|move|p2a: Bern|Thunder Wave|p1a: Caesar
|-status|p1a: Caesar|par
|
|-weather|Sandstorm|[upkeep]
|-heal|p2a: Bern|120\/351|[from] item: Leftovers
|turn|2
|
|switch|p2a: Ilia|Altaria, F, shiny|328\/328
|move|p1a: Caesar|Stealth Rock|p2a: Ilia
|-sidestart|p2: Disfrazdetigre|move: Stealth Rock
|
|-weather|Sandstorm|[upkeep]
|-damage|p2a: Ilia|308\/328|[from] sandstorm
|turn|3
|
|switch|p1a: Henry|Slowbro, M|394\/394
|detailschange|p2a: Ilia|Altaria-Mega, F, shiny
|-mega|p2a: Ilia|Altaria|Altarianite
|move|p2a: Ilia|Body Slam|p1a: Henry
|-damage|p1a: Henry|261\/394
|
|-weather|Sandstorm|[upkeep]
|-damage|p2a: Ilia|288\/328|[from] sandstorm
|-damage|p1a: Henry|237\/394|[from] sandstorm
|-heal|p1a: Henry|261\/394|[from] item: Leftovers
|turn|4
|
|move|p2a: Ilia|Body Slam|p1a: Henry
|-damage|p1a: Henry|134\/394
|move|p1a: Henry|Scald|p2a: Ilia
|-resisted|p2a: Ilia
|-damage|p2a: Ilia|242\/328
|
|-weather|Sandstorm|[upkeep]
|-damage|p2a: Ilia|222\/328|[from] sandstorm
|-damage|p1a: Henry|110\/394|[from] sandstorm
|-heal|p1a: Henry|134\/394|[from] item: Leftovers
|turn|5
|
|move|p2a: Ilia|Body Slam|p1a: Henry
|-damage|p1a: Henry|0 fnt
|faint|p1a: Henry
|
|-weather|none
|
|switch|p1a: Stalin|Scizor, M|343\/343
|turn|6
|
|switch|p2a: Bern|Ferrothorn, M|120\/351
|-damage|p2a: Bern|99\/351|[from] Stealth Rock
|move|p1a: Stalin|U-turn|p2a: Bern
|-damage|p2a: Bern|0 fnt
|-damage|p1a: Stalin|301\/343|[from] ability: Iron Barbs|[of] p2a: Bern
|faint|p2a: Bern
|
|switch|p1a: Diana|Lopunny, F, shiny|272\/272
|
|
|switch|p2a: Missur|Quagsire, M|394\/394
|-damage|p2a: Missur|370\/394|[from] Stealth Rock
|turn|7
|
|detailschange|p1a: Diana|Lopunny-Mega, F, shiny
|-mega|p1a: Diana|Lopunny|Lopunnite
|move|p1a: Diana|Fake Out|p2a: Missur
|-damage|p2a: Missur|310\/394
|cant|p2a: Missur|flinch
|
|-heal|p2a: Missur|334\/394|[from] item: Leftovers
|turn|8
|
|switch|p1a: Victoria|Serperior, F|353\/353
|move|p2a: Missur|Counter|p1a: Victoria
|-fail|p1a: Victoria
|
|-heal|p2a: Missur|358\/394|[from] item: Leftovers
|turn|9
|
|switch|p2a: Ilia|Altaria-Mega, F, shiny|222\/328
|-damage|p2a: Ilia|181\/328|[from] Stealth Rock
|move|p1a: Victoria|Leaf Storm|p2a: Ilia
|-resisted|p2a: Ilia
|-damage|p2a: Ilia|121\/328
|-boost|p1a: Victoria|spa|2
|
|turn|10
|
|move|p1a: Victoria|Leaf Storm|p2a: Ilia
|-resisted|p2a: Ilia
|-damage|p2a: Ilia|6\/328
|-boost|p1a: Victoria|spa|2
|move|p2a: Ilia|Roost|p2a: Ilia
|-heal|p2a: Ilia|170\/328
|
|turn|11
|
|move|p1a: Victoria|Leaf Storm|p2a: Ilia
|-resisted|p2a: Ilia
|-damage|p2a: Ilia|8\/328
|-boost|p1a: Victoria|spa|2
|move|p2a: Ilia|Roost|p2a: Ilia
|-heal|p2a: Ilia|172\/328
|
|turn|12
|
|move|p1a: Victoria|Leaf Storm|p2a: Ilia
|-resisted|p2a: Ilia
|-damage|p2a: Ilia|0 fnt
|faint|p2a: Ilia
|
|c|âDisfrazdetigre|damn monster xD
|
|switch|p2a: Nabata|Landorus, M|320\/320
|-damage|p2a: Nabata|280\/320|[from] Stealth Rock
|turn|13
|
|move|p1a: Victoria|Leaf Storm|p2a: Nabata
|-damage|p2a: Nabata|0 fnt
|faint|p2a: Nabata
|
|
|switch|p2a: Weavile|Weavile, F|281\/281
|-damage|p2a: Weavile|211\/281|[from] Stealth Rock
|-ability|p2a: Weavile|Pressure
|turn|14
|c|âIodic|ty for the boosts :P
|
|move|p2a: Weavile|Ice Shard|p1a: Victoria
|-supereffective|p1a: Victoria
|-damage|p1a: Victoria|219\/353
|move|p1a: Victoria|Leaf Storm|p2a: Weavile
|-damage|p2a: Weavile|0 fnt
|faint|p2a: Weavile
|
|
|switch|p2a: Missur|Quagsire, M|358\/394
|-damage|p2a: Missur|334\/394|[from] Stealth Rock
|turn|15
|
|move|p1a: Victoria|Leech Seed|p2a: Missur|[miss]
|-miss|p1a: Victoria|p2a: Missur
|move|p2a: Missur|Scald|p1a: Victoria
|-resisted|p1a: Victoria
|-damage|p1a: Victoria|183\/353
|-status|p1a: Victoria|brn
|
|-heal|p2a: Missur|358\/394|[from] item: Leftovers
|-damage|p1a: Victoria|139\/353 brn|[from] brn
|turn|16
|
|move|p1a: Victoria|Leech Seed|p2a: Missur
|-start|p2a: Missur|move: Leech Seed
|move|p2a: Missur|Scald|p1a: Victoria
|-resisted|p1a: Victoria
|-damage|p1a: Victoria|106\/353 brn
|
|-heal|p2a: Missur|382\/394|[from] item: Leftovers
|-damage|p2a: Missur|333\/394|[from] Leech Seed|[of] p1a: Victoria
|-heal|p1a: Victoria|155\/353 brn|[silent]
|-damage|p1a: Victoria|111\/353 brn|[from] brn
|turn|17
|
|move|p1a: Victoria|Light Screen|p1a: Victoria
|-sidestart|p1: Iodic|move: Light Screen
|move|p2a: Missur|Scald|p1a: Victoria
|-resisted|p1a: Victoria
|-damage|p1a: Victoria|95\/353 brn
|
|-heal|p2a: Missur|357\/394|[from] item: Leftovers
|-damage|p2a: Missur|308\/394|[from] Leech Seed|[of] p1a: Victoria
|-heal|p1a: Victoria|144\/353 brn|[silent]
|-damage|p1a: Victoria|100\/353 brn|[from] brn
|turn|18
|c|âDisfrazdetigre|o.o
|
|move|p1a: Victoria|Reflect|p1a: Victoria
|-sidestart|p1: Iodic|Reflect
|move|p2a: Missur|Scald|p1a: Victoria
|-resisted|p1a: Victoria
|-damage|p1a: Victoria|84\/353 brn
|
|-heal|p2a: Missur|332\/394|[from] item: Leftovers
|-damage|p2a: Missur|283\/394|[from] Leech Seed|[of] p1a: Victoria
|-heal|p1a: Victoria|133\/353 brn|[silent]
|-damage|p1a: Victoria|89\/353 brn|[from] brn
|turn|19
|c|âDisfrazdetigre|whaaat
|c|âIodic|?
|
|move|p1a: Victoria|Leaf Storm|p2a: Missur
|-supereffective|p2a: Missur
|-damage|p2a: Missur|0 fnt
|faint|p2a: Missur
|
|-damage|p1a: Victoria|45\/353 brn|[from] brn
|c|âDisfrazdetigre|how annoying
|
|switch|p2a: Sacae|Cobalion|323\/323
|-damage|p2a: Sacae|313\/323|[from] Stealth Rock
|turn|20
|
|move|p1a: Victoria|Leech Seed|p2a: Sacae
|-start|p2a: Sacae|move: Leech Seed
|move|p2a: Sacae|Substitute|p2a: Sacae
|-start|p2a: Sacae|Substitute
|-damage|p2a: Sacae|233\/323
|
|-heal|p2a: Sacae|253\/323|[from] item: Leftovers
|-damage|p2a: Sacae|213\/323|[from] Leech Seed|[of] p1a: Victoria
|-heal|p1a: Victoria|85\/353 brn|[silent]
|-damage|p1a: Victoria|41\/353 brn|[from] brn
|turn|21
|c|âDisfrazdetigre|and fast -.-
|
|switch|p1a: Caesar|Tyranitar, M|404\/404 par
|-weather|Sandstorm
|move|p2a: Sacae|Iron Head|p1a: Caesar
|-supereffective|p1a: Caesar
|-damage|p1a: Caesar|325\/404 par
|
|-weather|Sandstorm|[upkeep]
|-heal|p2a: Sacae|233\/323|[from] item: Leftovers
|-heal|p1a: Caesar|350\/404 par|[from] item: Leftovers
|-damage|p2a: Sacae|193\/323|[from] Leech Seed|[of] p1a: Caesar
|-heal|p1a: Caesar|390\/404 par|[silent]
|turn|22
|c|âIodic|zoom zoom
|c|âDisfrazdetigre|gg
|c|âIodic|gg
|
|move|p2a: Sacae|Swords Dance|p2a: Sacae
|-boost|p2a: Sacae|atk|2
|move|p1a: Caesar|Earthquake|p2a: Sacae
|-crit|p2a: Sacae
|-supereffective|p2a: Sacae
|-end|p2a: Sacae|Substitute
|
|-weather|Sandstorm|[upkeep]
|-heal|p2a: Sacae|213\/323|[from] item: Leftovers
|-heal|p1a: Caesar|404\/404 par|[from] item: Leftovers
|-damage|p2a: Sacae|173\/323|[from] Leech Seed|[of] p1a: Caesar
|turn|23
|
|move|p2a: Sacae|Iron Head|p1a: Caesar
|-crit|p1a: Caesar
|-supereffective|p1a: Caesar
|-damage|p1a: Caesar|0 fnt
|faint|p1a: Caesar
|
|-weather|Sandstorm|[upkeep]
|-heal|p2a: Sacae|193\/323|[from] item: Leftovers
|
|switch|p1a: Diana|Lopunny-Mega, F, shiny|272\/272
|turn|24
|
|move|p1a: Diana|Drain Punch|p2a: Sacae
|-supereffective|p2a: Sacae
|-damage|p2a: Sacae|0 fnt
|faint|p2a: Sacae
|
|win|Iodic
|raw|Ladder updating...
|raw|Iodic's rating: 1571 &rarr; <strong>1592<\/strong><br \/>(+21 for winning)
|raw|Disfrazdetigre's rating: 1576 &rarr; <strong>1556<\/strong><br \/>(-20 for losing)
|leave|Disfrazdetigre
|player|p2