|join|Iodic
|join|Hax God Jet
|player|p1|Iodic|264
|player|p2|Hax God Jet|279
|gametype|singles
|gen|6
|tier|OU
|rated
|clearpoke
|poke|p1|Excadrill, M
|poke|p1|Azumarill, M
|poke|p1|Talonflame, F
|poke|p1|Serperior, F
|poke|p1|Infernape, F
|poke|p1|Gyarados, F
|poke|p2|Raikou
|poke|p2|Landorus, M
|poke|p2|Azumarill, M
|poke|p2|Scizor, M
|poke|p2|Garchomp, M
|poke|p2|Latios, M
|rule|Swagger Clause: Swagger is banned
|rule|Baton Pass Clause: Limit one PokÃ©mon knowing Baton Pass
|rule|Sleep Clause Mod: Limit one foe put to sleep
|rule|Species Clause: Limit one of each PokÃ©mon
|rule|OHKO Clause: OHKO moves are banned
|rule|Moody Clause: Moody is banned
|rule|Evasion Moves Clause: Evasion moves are banned
|rule|Endless Battle Clause: Forcing endless battles is banned
|rule|HP Percentage Mod: HP is shown in percentages
|teampreview
|
|start
|switch|p1a: Infernape|Infernape, F|293\/293
|switch|p2a: Garchomp|Garchomp, M|419\/419
|turn|1
|
|move|p1a: Infernape|Stealth Rock|p2a: Garchomp
|-sidestart|p2: Hax God Jet|move: Stealth Rock
|move|p2a: Garchomp|Stealth Rock|p1a: Infernape
|-sidestart|p1: Iodic|move: Stealth Rock
|
|turn|2
|
|switch|p1a: Serperior|Serperior, F|353\/353
|-damage|p1a: Serperior|309\/353|[from] Stealth Rock
|move|p2a: Garchomp|Dragon Tail|p1a: Serperior
|-damage|p1a: Serperior|224\/353
|drag|p1a: Excadrill|Excadrill, M|412\/412
|-damage|p1a: Excadrill|400\/412|[from] Stealth Rock
|-ability|p1a: Excadrill|Mold Breaker
|
|turn|3
|
|switch|p1a: Serperior|Serperior, F|224\/353
|-damage|p1a: Serperior|180\/353|[from] Stealth Rock
|move|p2a: Garchomp|Earthquake|p1a: Serperior
|-resisted|p1a: Serperior
|-damage|p1a: Serperior|99\/353
|
|-heal|p1a: Serperior|121\/353|[from] item: Leftovers
|turn|4
|
|switch|p2a: Scizor|Scizor, M|343\/343
|-damage|p2a: Scizor|301\/343|[from] Stealth Rock
|move|p1a: Serperior|Synthesis|p1a: Serperior
|-heal|p1a: Serperior|297\/353
|
|-heal|p1a: Serperior|319\/353|[from] item: Leftovers
|turn|5
|
|switch|p1a: Infernape|Infernape, F|293\/293
|-damage|p1a: Infernape|257\/293|[from] Stealth Rock
|detailschange|p2a: Scizor|Scizor-Mega, M
|-mega|p2a: Scizor|Scizor|Scizorite
|move|p2a: Scizor|Swords Dance|p2a: Scizor
|-boost|p2a: Scizor|atk|2
|
|turn|6
|
|move|p2a: Scizor|Quick Attack|p1a: Infernape
|-damage|p1a: Infernape|12\/293
|move|p1a: Infernape|Overheat|p2a: Scizor
|-supereffective|p2a: Scizor
|-damage|p2a: Scizor|0 fnt
|-unboost|p1a: Infernape|spa|2
|faint|p2a: Scizor
|
|
|switch|p2a: Azumarill|Azumarill, M|404\/404
|-damage|p2a: Azumarill|354\/404|[from] Stealth Rock
|turn|7
|
|switch|p1a: Serperior|Serperior, F|319\/353
|-damage|p1a: Serperior|275\/353|[from] Stealth Rock
|move|p2a: Azumarill|Belly Drum|p2a: Azumarill
|-damage|p2a: Azumarill|152\/404
|-setboost|p2a: Azumarill|atk|6|[from] move: Belly Drum
|-enditem|p2a: Azumarill|Sitrus Berry|[eat]
|-heal|p2a: Azumarill|253\/404|[from] item: Sitrus Berry
|
|-heal|p1a: Serperior|297\/353|[from] item: Leftovers
|turn|8
|
|move|p2a: Azumarill|Aqua Jet|p1a: Serperior
|-resisted|p1a: Serperior
|-damage|p1a: Serperior|112\/353
|move|p1a: Serperior|Leaf Storm|p2a: Azumarill
|-supereffective|p2a: Azumarill
|-damage|p2a: Azumarill|0 fnt
|-boost|p1a: Serperior|spa|2
|faint|p2a: Azumarill
|
|-heal|p1a: Serperior|134\/353|[from] item: Leftovers
|
|switch|p2a: Latios|Latios, M|301\/301
|-damage|p2a: Latios|264\/301|[from] Stealth Rock
|turn|9
|
|move|p2a: Latios|Psyshock|p1a: Serperior
|-damage|p1a: Serperior|0 fnt
|faint|p1a: Serperior
|
|
|switch|p1a: Excadrill|Excadrill, M|400\/412
|-damage|p1a: Excadrill|388\/412|[from] Stealth Rock
|-ability|p1a: Excadrill|Mold Breaker
|turn|10
|
|switch|p2a: Garchomp|Garchomp, M|419\/419
|-damage|p2a: Garchomp|393\/419|[from] Stealth Rock
|move|p1a: Excadrill|Rapid Spin|p2a: Garchomp
|-damage|p2a: Garchomp|375\/419
|-damage|p1a: Excadrill|337\/412|[from] ability: Rough Skin|[of] p2a: Garchomp
|-damage|p1a: Excadrill|269\/412|[from] item: Rocky Helmet|[of] p2a: Garchomp
|-sideend|p1: Iodic|Stealth Rock|[from] move: Rapid Spin|[of] p1a: Excadrill
|
|turn|11
|
|switch|p1a: Talonflame|Talonflame, F|359\/359
|move|p2a: Garchomp|Stealth Rock|p1a: Talonflame
|-sidestart|p1: Iodic|move: Stealth Rock
|
|turn|12
|
|move|p1a: Talonflame|Will-O-Wisp|p2a: Garchomp
|-status|p2a: Garchomp|brn
|move|p2a: Garchomp|Dragon Tail|p1a: Talonflame
|-damage|p1a: Talonflame|302\/359
|drag|p1a: Infernape|Infernape, F|12\/293
|-damage|p1a: Infernape|0 fnt|[from] Stealth Rock
|faint|p1a: Infernape
|
|-damage|p2a: Garchomp|323\/419 brn|[from] brn
|c|âHax God Jet|lmao like i have any attck evs
|
|switch|p1a: Azumarill|Azumarill, M|362\/362
|-damage|p1a: Azumarill|317\/362|[from] Stealth Rock
|turn|13
|
|move|p2a: Garchomp|Earthquake|p1a: Azumarill
|-damage|p1a: Azumarill|230\/362
|move|p1a: Azumarill|Belly Drum|p1a: Azumarill
|-damage|p1a: Azumarill|49\/362
|-setboost|p1a: Azumarill|atk|6|[from] move: Belly Drum
|-enditem|p1a: Azumarill|Sitrus Berry|[eat]
|-heal|p1a: Azumarill|139\/362|[from] item: Sitrus Berry
|
|-damage|p2a: Garchomp|271\/419 brn|[from] brn
|turn|14
|
|move|p2a: Garchomp|Earthquake|p1a: Azumarill
|-damage|p1a: Azumarill|46\/362
|move|p1a: Azumarill|Play Rough|p2a: Garchomp
|-supereffective|p2a: Garchomp
|-damage|p2a: Garchomp|0 fnt
|-damage|p1a: Azumarill|1\/362|[from] ability: Rough Skin|[of] p2a: Garchomp
|-damage|p1a: Azumarill|0 fnt|[from] item: Rocky Helmet|[of] p2a: Garchomp
|faint|p1a: Azumarill
|faint|p2a: Garchomp
|
|
|switch|p2a: Landorus|Landorus, M|333\/333
|switch|p1a: Excadrill|Excadrill, M|269\/412
|-damage|p2a: Landorus|292\/333|[from] Stealth Rock
|-damage|p1a: Excadrill|257\/412|[from] Stealth Rock
|-ability|p1a: Excadrill|Mold Breaker
|turn|15
|
|switch|p1a: Talonflame|Talonflame, F|302\/359
|-damage|p1a: Talonflame|123\/359|[from] Stealth Rock
|move|p2a: Landorus|Focus Blast|p1a: Talonflame
|-resisted|p1a: Talonflame
|-damage|p1a: Talonflame|7\/359
|
|-heal|p1a: Talonflame|29\/359|[from] item: Leftovers
|turn|16
|
|switch|p2a: Raikou|Raikou|321\/321
|-damage|p2a: Raikou|281\/321|[from] Stealth Rock
|-ability|p2a: Raikou|Pressure
|move|p1a: Talonflame|Brave Bird|p2a: Raikou
|-resisted|p2a: Raikou
|-damage|p2a: Raikou|205\/321
|-damage|p1a: Talonflame|4\/359|[from] recoil|[of] p2a: Raikou
|
|-heal|p1a: Talonflame|26\/359|[from] item: Leftovers
|turn|17
|
|switch|p2a: Latios|Latios, M|264\/301
|-damage|p2a: Latios|227\/301|[from] Stealth Rock
|move|p1a: Talonflame|Roost|p1a: Talonflame
|-heal|p1a: Talonflame|206\/359
|
|-heal|p1a: Talonflame|228\/359|[from] item: Leftovers
|turn|18
|
|move|p2a: Latios|Psyshock|p1a: Talonflame
|-damage|p1a: Talonflame|53\/359
|move|p1a: Talonflame|Swords Dance|p1a: Talonflame
|-boost|p1a: Talonflame|atk|2
|
|-heal|p1a: Talonflame|75\/359|[from] item: Leftovers
|turn|19
|
|move|p1a: Talonflame|Roost|p1a: Talonflame
|-heal|p1a: Talonflame|255\/359
|move|p2a: Latios|Psyshock|p1a: Talonflame
|-damage|p1a: Talonflame|53\/359
|
|-heal|p1a: Talonflame|75\/359|[from] item: Leftovers
|turn|20
|
|move|p1a: Talonflame|Brave Bird|p2a: Latios
|-damage|p2a: Latios|0 fnt
|-damage|p1a: Talonflame|0 fnt|[from] recoil|[of] p2a: Latios
|faint|p2a: Latios
|faint|p1a: Talonflame
|
|
|switch|p2a: Raikou|Raikou|205\/321
|switch|p1a: Gyarados|Gyarados, F|331\/331
|-damage|p2a: Raikou|165\/321|[from] Stealth Rock
|-ability|p2a: Raikou|Pressure
|-damage|p1a: Gyarados|249\/331|[from] Stealth Rock
|-ability|p1a: Gyarados|Intimidate|[of] p2a: Raikou
|-unboost|p2a: Raikou|atk|1
|turn|21
|
|switch|p1a: Excadrill|Excadrill, M|257\/412
|-damage|p1a: Excadrill|245\/412|[from] Stealth Rock
|-ability|p1a: Excadrill|Mold Breaker
|move|p2a: Raikou|Extrasensory|p1a: Excadrill
|-resisted|p1a: Excadrill
|-damage|p1a: Excadrill|216\/412
|
|turn|22
|
|switch|p2a: Landorus|Landorus, M|292\/333
|-damage|p2a: Landorus|251\/333|[from] Stealth Rock
|move|p1a: Excadrill|Earthquake|p2a: Landorus
|-immune|p2a: Landorus|[msg]
|
|turn|23
|
|move|p2a: Landorus|Focus Blast|p1a: Excadrill
|-supereffective|p1a: Excadrill
|-damage|p1a: Excadrill|0 fnt
|faint|p1a: Excadrill
|
|
|switch|p1a: Gyarados|Gyarados, F|249\/331
|-damage|p1a: Gyarados|167\/331|[from] Stealth Rock
|-ability|p1a: Gyarados|Intimidate|[of] p2a: Landorus
|-unboost|p2a: Landorus|atk|1
|turn|24
|
|move|p2a: Landorus|Focus Blast|p1a: Gyarados
|-resisted|p1a: Gyarados
|-damage|p1a: Gyarados|57\/331
|move|p1a: Gyarados|Dragon Dance|p1a: Gyarados
|-boost|p1a: Gyarados|atk|1
|-boost|p1a: Gyarados|spe|1
|
|turn|25
|
|detailschange|p1a: Gyarados|Gyarados-Mega, F
|-mega|p1a: Gyarados|Gyarados|Gyaradosite
|-ability|p1a: Gyarados|Mold Breaker
|move|p1a: Gyarados|Crunch|p2a: Landorus
|-damage|p2a: Landorus|0 fnt
|faint|p2a: Landorus
|
|
|switch|p2a: Raikou|Raikou|165\/321
|-damage|p2a: Raikou|125\/321|[from] Stealth Rock
|-ability|p2a: Raikou|Pressure
|turn|26
|c|âIodic|scarf raikou?
|
|move|p1a: Gyarados|Earthquake|p2a: Raikou
|-supereffective|p2a: Raikou
|-damage|p2a: Raikou|0 fnt
|faint|p2a: Raikou
|
|win|Iodic
|raw|Ladder updating...
|c|âHax God Jet|sadly no
|raw|Iodic's rating: 1612 &rarr; <strong>1624<\/strong><br \/>(+12 for winning)
|raw|Hax God Jet's rating: 1470 &rarr; <strong>1458<\/strong><br \/>(-12 for losing)
|c|âIodic|gg though
|leave|Hax God Jet