|join|poek69x
|join|Iodic
|player|p1|poek69x|283
|player|p2|Iodic|264
|gametype|singles
|gen|6
|tier|OU
|rated
|clearpoke
|poke|p1|Serperior, M
|poke|p1|Jirachi
|poke|p1|Garchomp, F
|poke|p1|Rotom-Wash
|poke|p1|Lopunny, F
|poke|p1|Clefable, F
|poke|p2|Excadrill, M
|poke|p2|Azumarill, M
|poke|p2|Talonflame, F
|poke|p2|Serperior, F
|poke|p2|Infernape, M
|poke|p2|Gyarados, F
|rule|Swagger Clause: Swagger is banned
|rule|Baton Pass Clause: Limit one PokÃ©mon knowing Baton Pass
|rule|Sleep Clause Mod: Limit one foe put to sleep
|rule|Species Clause: Limit one of each PokÃ©mon
|rule|OHKO Clause: OHKO moves are banned
|rule|Moody Clause: Moody is banned
|rule|Evasion Moves Clause: Evasion moves are banned
|rule|Endless Battle Clause: Forcing endless battles is banned
|rule|HP Percentage Mod: HP is shown in percentages
|teampreview
|join|Calydon
|
|start
|switch|p1a: Lopunny|Lopunny, F|271\/271
|switch|p2a: Infernape|Infernape, M|293\/293
|turn|1
|
|switch|p2a: Gyarados|Gyarados, F|331\/331
|-ability|p2a: Gyarados|Intimidate|[of] p1a: Lopunny
|-unboost|p1a: Lopunny|atk|1
|detailschange|p1a: Lopunny|Lopunny-Mega, F
|-mega|p1a: Lopunny|Lopunny|Lopunnite
|move|p1a: Lopunny|Fake Out|p2a: Gyarados
|-damage|p2a: Gyarados|268\/331
|
|turn|2
|leave|Calydon
|
|switch|p1a: Clefable|Clefable, F|394\/394
|move|p2a: Gyarados|Crunch|p1a: Clefable
|-resisted|p1a: Clefable
|-damage|p1a: Clefable|357\/394
|
|-heal|p1a: Clefable|381\/394|[from] item: Leftovers
|turn|3
|
|switch|p2a: Excadrill|Excadrill, M|412\/412
|-ability|p2a: Excadrill|Mold Breaker
|move|p1a: Clefable|Moonblast|p2a: Excadrill
|-resisted|p2a: Excadrill
|-damage|p2a: Excadrill|374\/412
|-unboost|p2a: Excadrill|spa|1
|
|-heal|p1a: Clefable|394\/394|[from] item: Leftovers
|turn|4
|
|move|p2a: Excadrill|Earthquake|p1a: Clefable
|-damage|p1a: Clefable|256\/394
|move|p1a: Clefable|Soft-Boiled|p1a: Clefable
|-heal|p1a: Clefable|394\/394
|
|turn|5
|
|move|p2a: Excadrill|Iron Head|p1a: Clefable
|-supereffective|p1a: Clefable
|-damage|p1a: Clefable|158\/394
|move|p1a: Clefable|Focus Blast|p2a: Excadrill
|-supereffective|p2a: Excadrill
|-damage|p2a: Excadrill|256\/412
|
|-heal|p1a: Clefable|182\/394|[from] item: Leftovers
|turn|6
|
|switch|p1a: Garchomp|Garchomp, F|420\/420
|move|p2a: Excadrill|Iron Head|p1a: Garchomp
|-damage|p1a: Garchomp|314\/420
|-damage|p2a: Excadrill|205\/412|[from] ability: Rough Skin|[of] p1a: Garchomp
|-damage|p2a: Excadrill|137\/412|[from] item: Rocky Helmet|[of] p1a: Garchomp
|
|turn|7
|
|switch|p2a: Serperior|Serperior, F|353\/353
|move|p1a: Garchomp|Stealth Rock|p2a: Serperior
|-sidestart|p2: Iodic|move: Stealth Rock
|
|turn|8
|
|switch|p1a: Lopunny|Lopunny-Mega, F|271\/271
|move|p2a: Serperior|Leaf Storm|p1a: Lopunny
|-damage|p1a: Lopunny|141\/271
|-boost|p2a: Serperior|spa|2
|
|turn|9
|
|move|p1a: Lopunny|Fake Out|p2a: Serperior
|-damage|p2a: Serperior|281\/353
|cant|p2a: Serperior|flinch
|
|-heal|p2a: Serperior|303\/353|[from] item: Leftovers
|turn|10
|
|move|p1a: Lopunny|Encore|p2a: Serperior
|-start|p2a: Serperior|Encore
|move|p2a: Serperior|Leaf Storm|p1a: Lopunny
|-damage|p1a: Lopunny|0 fnt
|-boost|p2a: Serperior|spa|2
|faint|p1a: Lopunny
|
|-heal|p2a: Serperior|325\/353|[from] item: Leftovers
|
|switch|p1a: Jirachi|Jirachi|341\/341
|turn|11
|
|move|p2a: Serperior|Leaf Storm|p1a: Jirachi
|-resisted|p1a: Jirachi
|-damage|p1a: Jirachi|146\/341
|-boost|p2a: Serperior|spa|2
|move|p1a: Jirachi|Icy Wind|p2a: Serperior
|-crit|p2a: Serperior
|-supereffective|p2a: Serperior
|-damage|p2a: Serperior|121\/353
|-boost|p2a: Serperior|spe|1
|
|-heal|p2a: Serperior|143\/353|[from] item: Leftovers
|turn|12
|c|âIodic|lol
|
|move|p2a: Serperior|Leaf Storm|p1a: Jirachi
|-crit|p1a: Jirachi
|-resisted|p1a: Jirachi
|-damage|p1a: Jirachi|0 fnt
|faint|p1a: Jirachi
|
|-heal|p2a: Serperior|165\/353|[from] item: Leftovers
|-end|p2a: Serperior|Encore
|
|switch|p1a: Serperior|Serperior, M|291\/291
|turn|13
|-message|poek69x forfeited.
|
|win|Iodic
|raw|Ladder updating...
|leave|poek69x
|player|p1