|join|Iodic
|join|Tom AtoeSauce
|player|p1|Iodic|264
|player|p2|Tom AtoeSauce|206
|gametype|singles
|gen|6
|tier|OU
|rated
|clearpoke
|poke|p1|Excadrill, M
|poke|p1|Azumarill, M
|poke|p1|Talonflame, F
|poke|p1|Serperior, F
|poke|p1|Infernape, F
|poke|p1|Gyarados, M
|poke|p2|Bisharp, F
|poke|p2|Clefable, F
|poke|p2|Gallade, M
|poke|p2|Keldeo-Resolute
|poke|p2|Landorus-Therian, M
|poke|p2|Latias, F, shiny
|rule|Swagger Clause: Swagger is banned
|rule|Baton Pass Clause: Limit one PokÃ©mon knowing Baton Pass
|rule|Sleep Clause Mod: Limit one foe put to sleep
|rule|Species Clause: Limit one of each PokÃ©mon
|rule|OHKO Clause: OHKO moves are banned
|rule|Moody Clause: Moody is banned
|rule|Evasion Moves Clause: Evasion moves are banned
|rule|Endless Battle Clause: Forcing endless battles is banned
|rule|HP Percentage Mod: HP is shown in percentages
|teampreview
|
|start
|switch|p1a: Infernape|Infernape, F|293\/293
|switch|p2a: Clefable|Clefable, F|394\/394
|turn|1
|
|move|p1a: Infernape|Stealth Rock|p2a: Clefable
|-sidestart|p2: Tom AtoeSauce|move: Stealth Rock
|move|p2a: Clefable|Moonblast|p1a: Infernape
|-damage|p1a: Infernape|128\/293
|-unboost|p1a: Infernape|spa|1
|
|turn|2
|
|move|p1a: Infernape|Endeavor|p2a: Clefable
|-damage|p2a: Clefable|128\/394
|move|p2a: Clefable|Fire Blast|p1a: Infernape
|-resisted|p1a: Infernape
|-damage|p1a: Infernape|68\/293
|
|-heal|p2a: Clefable|152\/394|[from] item: Leftovers
|turn|3
|
|switch|p1a: Excadrill|Excadrill, M|412\/412
|-ability|p1a: Excadrill|Mold Breaker
|move|p2a: Clefable|Thunder Wave|p1a: Excadrill
|-immune|p1a: Excadrill|[msg]
|
|-heal|p2a: Clefable|176\/394|[from] item: Leftovers
|turn|4
|
|switch|p2a: Landorus-Therian|Landorus-Therian, M|381\/381
|-damage|p2a: Landorus-Therian|334\/381|[from] Stealth Rock
|-ability|p2a: Landorus-Therian|Intimidate|[of] p1a: Excadrill
|-unboost|p1a: Excadrill|atk|1
|move|p1a: Excadrill|Iron Head|p2a: Landorus-Therian
|-damage|p2a: Landorus-Therian|264\/381
|
|-heal|p2a: Landorus-Therian|287\/381|[from] item: Leftovers
|turn|5
|
|switch|p1a: Gyarados|Gyarados, M|331\/331
|-ability|p1a: Gyarados|Intimidate|[of] p2a: Landorus-Therian
|-unboost|p2a: Landorus-Therian|atk|1
|move|p2a: Landorus-Therian|U-turn|p1a: Gyarados
|-resisted|p1a: Gyarados
|-damage|p1a: Gyarados|298\/331
|
|switch|p2a: Gallade|Gallade, M|277\/277
|-damage|p2a: Gallade|260\/277|[from] Stealth Rock
|
|turn|6
|
|detailschange|p2a: Gallade|Gallade-Mega, M
|-mega|p2a: Gallade|Gallade|Galladite
|move|p1a: Gyarados|Dragon Dance|p1a: Gyarados
|-boost|p1a: Gyarados|atk|1
|-boost|p1a: Gyarados|spe|1
|move|p2a: Gallade|Skill Swap|p1a: Gyarados
|-activate|p2a: Gallade|move: Skill Swap|Intimidate|Inner Focus|[of] p1a: Gyarados
|-ability|p2a: Gallade|Intimidate|[of] p1a: Gyarados
|-unboost|p1a: Gyarados|atk|1
|
|turn|7
|
|move|p1a: Gyarados|Dragon Dance|p1a: Gyarados
|-boost|p1a: Gyarados|atk|1
|-boost|p1a: Gyarados|spe|1
|move|p2a: Gallade|Close Combat|p1a: Gyarados
|-resisted|p1a: Gyarados
|-damage|p1a: Gyarados|151\/331
|-unboost|p2a: Gallade|def|1
|-unboost|p2a: Gallade|spd|1
|
|turn|8
|
|switch|p2a: Keldeo-Resolute|Keldeo-Resolute|323\/323
|-damage|p2a: Keldeo-Resolute|303\/323|[from] Stealth Rock
|detailschange|p1a: Gyarados|Gyarados-Mega, M
|-mega|p1a: Gyarados|Gyarados|Gyaradosite
|-ability|p1a: Gyarados|Mold Breaker
|move|p1a: Gyarados|Crunch|p2a: Keldeo-Resolute
|-resisted|p2a: Keldeo-Resolute
|-damage|p2a: Keldeo-Resolute|164\/323
|-boost|p2a: Keldeo-Resolute|atk|1|[from] ability: Justified
|
|turn|9
|
|switch|p2a: Landorus-Therian|Landorus-Therian, M|287\/381
|-damage|p2a: Landorus-Therian|240\/381|[from] Stealth Rock
|-ability|p2a: Landorus-Therian|Intimidate|[of] p1a: Gyarados
|-unboost|p1a: Gyarados|atk|1
|move|p1a: Gyarados|Earthquake|p2a: Landorus-Therian
|-immune|p2a: Landorus-Therian|[msg]
|
|-heal|p2a: Landorus-Therian|263\/381|[from] item: Leftovers
|turn|10
|
|switch|p2a: Latias|Latias, F, shiny|301\/301
|-damage|p2a: Latias|264\/301|[from] Stealth Rock
|move|p1a: Gyarados|Crunch|p2a: Latias
|-crit|p2a: Latias
|-supereffective|p2a: Latias
|-damage|p2a: Latias|0 fnt
|faint|p2a: Latias
|
|
|switch|p2a: Clefable|Clefable, F|176\/394
|turn|11
|
|switch|p1a: Excadrill|Excadrill, M|412\/412
|-ability|p1a: Excadrill|Mold Breaker
|move|p2a: Clefable|Moonblast|p1a: Excadrill
|-resisted|p1a: Excadrill
|-damage|p1a: Excadrill|375\/412
|-unboost|p1a: Excadrill|spa|1
|
|-heal|p2a: Clefable|200\/394|[from] item: Leftovers
|turn|12
|
|switch|p2a: Bisharp|Bisharp, F|272\/272
|-damage|p2a: Bisharp|255\/272|[from] Stealth Rock
|move|p1a: Excadrill|Iron Head|p2a: Bisharp
|-resisted|p2a: Bisharp
|-damage|p2a: Bisharp|194\/272
|
|turn|13
|
|move|p2a: Bisharp|Knock Off|p1a: Excadrill
|-damage|p1a: Excadrill|86\/412
|-enditem|p1a: Excadrill|Assault Vest|[from] move: Knock Off|[of] p2a: Bisharp
|move|p1a: Excadrill|Earthquake|p2a: Bisharp
|-supereffective|p2a: Bisharp
|-damage|p2a: Bisharp|0 fnt
|faint|p2a: Bisharp
|
|
|switch|p2a: Gallade|Gallade-Mega, M|260\/277
|-damage|p2a: Gallade|243\/277|[from] Stealth Rock
|turn|14
|
|move|p2a: Gallade|Close Combat|p1a: Excadrill
|-supereffective|p1a: Excadrill
|-damage|p1a: Excadrill|0 fnt
|-unboost|p2a: Gallade|def|1
|-unboost|p2a: Gallade|spd|1
|faint|p1a: Excadrill
|
|
|switch|p1a: Talonflame|Talonflame, F|359\/359
|turn|15
|
|switch|p2a: Clefable|Clefable, F|200\/394
|move|p1a: Talonflame|Will-O-Wisp|p2a: Clefable
|-status|p2a: Clefable|brn
|
|-heal|p2a: Clefable|224\/394 brn|[from] item: Leftovers
|turn|16
|
|move|p1a: Talonflame|Swords Dance|p1a: Talonflame
|-boost|p1a: Talonflame|atk|2
|move|p2a: Clefable|Soft-Boiled|p2a: Clefable
|-heal|p2a: Clefable|394\/394 brn
|
|turn|17
|
|move|p1a: Talonflame|Swords Dance|p1a: Talonflame
|-boost|p1a: Talonflame|atk|2
|move|p2a: Clefable|Thunder Wave|p1a: Talonflame
|-status|p1a: Talonflame|par
|
|turn|18
|
|move|p1a: Talonflame|Brave Bird|p2a: Clefable
|-damage|p2a: Clefable|13\/394 brn
|-damage|p1a: Talonflame|233\/359 par|[from] recoil|[of] p2a: Clefable
|move|p2a: Clefable|Fire Blast|p1a: Talonflame
|-crit|p1a: Talonflame
|-resisted|p1a: Talonflame
|-damage|p1a: Talonflame|179\/359 par
|
|-heal|p2a: Clefable|37\/394 brn|[from] item: Leftovers
|-heal|p1a: Talonflame|201\/359 par|[from] item: Leftovers
|turn|19
|
|move|p1a: Talonflame|Roost|p1a: Talonflame
|-heal|p1a: Talonflame|359\/359 par
|move|p2a: Clefable|Soft-Boiled|p2a: Clefable
|-heal|p2a: Clefable|234\/394 brn
|
|-heal|p2a: Clefable|258\/394 brn|[from] item: Leftovers
|turn|20
|
|move|p2a: Clefable|Soft-Boiled|p2a: Clefable
|-heal|p2a: Clefable|394\/394 brn
|move|p1a: Talonflame|Swords Dance|p1a: Talonflame
|-boost|p1a: Talonflame|atk|2
|
|turn|21
|
|move|p1a: Talonflame|Brave Bird|p2a: Clefable
|-damage|p2a: Clefable|0 fnt
|-damage|p1a: Talonflame|229\/359 par|[from] recoil|[of] p2a: Clefable
|faint|p2a: Clefable
|
|-heal|p1a: Talonflame|251\/359 par|[from] item: Leftovers
|
|switch|p2a: Keldeo-Resolute|Keldeo-Resolute|164\/323
|-damage|p2a: Keldeo-Resolute|144\/323|[from] Stealth Rock
|turn|22
|
|cant|p1a: Talonflame|par
|move|p2a: Keldeo-Resolute|Hydro Pump|p1a: Talonflame
|-supereffective|p1a: Talonflame
|-damage|p1a: Talonflame|0 fnt
|faint|p1a: Talonflame
|
|
|switch|p1a: Serperior|Serperior, F|353\/353
|turn|23
|
|switch|p2a: Landorus-Therian|Landorus-Therian, M|263\/381
|-damage|p2a: Landorus-Therian|216\/381|[from] Stealth Rock
|-ability|p2a: Landorus-Therian|Intimidate|[of] p1a: Serperior
|-boost|p1a: Serperior|atk|1
|move|p1a: Serperior|Leaf Storm|p2a: Landorus-Therian
|-damage|p2a: Landorus-Therian|80\/381
|-boost|p1a: Serperior|spa|2
|
|-heal|p2a: Landorus-Therian|103\/381|[from] item: Leftovers
|turn|24
|
|move|p1a: Serperior|Leaf Storm|p2a: Landorus-Therian
|-damage|p2a: Landorus-Therian|0 fnt
|-boost|p1a: Serperior|spa|2
|faint|p2a: Landorus-Therian
|
|
|switch|p2a: Gallade|Gallade-Mega, M|243\/277
|-damage|p2a: Gallade|226\/277|[from] Stealth Rock
|turn|25
|
|move|p1a: Serperior|Leaf Storm|p2a: Gallade
|-damage|p2a: Gallade|0 fnt
|-boost|p1a: Serperior|spa|2
|faint|p2a: Gallade
|
|c|âIodic|gg
|
|switch|p2a: Keldeo-Resolute|Keldeo-Resolute|144\/323
|-damage|p2a: Keldeo-Resolute|124\/323|[from] Stealth Rock
|turn|26
|
|move|p2a: Keldeo-Resolute|Secret Sword|p1a: Serperior
|-damage|p1a: Serperior|194\/353
|move|p1a: Serperior|Leaf Storm|p2a: Keldeo-Resolute
|-supereffective|p2a: Keldeo-Resolute
|-damage|p2a: Keldeo-Resolute|0 fnt
|faint|p2a: Keldeo-Resolute
|
|win|Iodic
|raw|Ladder updating...
|raw|Iodic's rating: 1583 &rarr; <strong>1597<\/strong><br \/>(+14 for winning)
|raw|Tom AtoeSauce's rating: 1475 &rarr; <strong>1461<\/strong><br \/>(-14 for losing)
|leave|Tom AtoeSauce
|player|p2