|join|Iodic
|join|tomatocarrot
|player|p1|Iodic|264
|player|p2|tomatocarrot|153
|gametype|singles
|gen|6
|tier|OU
|rated
|clearpoke
|poke|p1|Excadrill, F
|poke|p1|Azumarill, F
|poke|p1|Talonflame, F
|poke|p1|Serperior, F
|poke|p1|Infernape, F
|poke|p1|Gyarados, F
|poke|p2|Scizor, M
|poke|p2|Ferrothorn, M
|poke|p2|Sylveon, M
|poke|p2|Landorus-Therian, M
|poke|p2|Tentacruel, M
|poke|p2|Heatran, F
|rule|Swagger Clause: Swagger is banned
|rule|Baton Pass Clause: Limit one PokÃ©mon knowing Baton Pass
|rule|Sleep Clause Mod: Limit one foe put to sleep
|rule|Species Clause: Limit one of each PokÃ©mon
|rule|OHKO Clause: OHKO moves are banned
|rule|Moody Clause: Moody is banned
|rule|Evasion Moves Clause: Evasion moves are banned
|rule|Endless Battle Clause: Forcing endless battles is banned
|rule|HP Percentage Mod: HP is shown in percentages
|teampreview
|
|start
|switch|p1a: Infernape|Infernape, F|293\/293
|switch|p2a: Ferrothorn|Ferrothorn, M|352\/352
|turn|1
|
|move|p1a: Infernape|Overheat|p2a: Ferrothorn
|-supereffective|p2a: Ferrothorn
|-damage|p2a: Ferrothorn|0 fnt
|-unboost|p1a: Infernape|spa|2
|faint|p2a: Ferrothorn
|
|
|switch|p2a: Tentacruel|Tentacruel, M|364\/364
|turn|2
|
|switch|p1a: Serperior|Serperior, F|315\/315
|move|p2a: Tentacruel|Scald|p1a: Serperior
|-resisted|p1a: Serperior
|-damage|p1a: Serperior|276\/315
|
|-heal|p1a: Serperior|295\/315|[from] item: Leftovers
|turn|3
|
|switch|p2a: Heatran|Heatran, F|386\/386
|move|p1a: Serperior|Glare|p2a: Heatran
|-status|p2a: Heatran|par
|
|-heal|p1a: Serperior|314\/315|[from] item: Leftovers
|turn|4
|
|switch|p1a: Infernape|Infernape, F|293\/293
|move|p2a: Heatran|Earth Power|p1a: Infernape
|-supereffective|p1a: Infernape
|-enditem|p1a: Infernape|Focus Sash
|-damage|p1a: Infernape|1\/293
|
|turn|5
|
|switch|p2a: Tentacruel|Tentacruel, M|364\/364
|move|p1a: Infernape|Stealth Rock|p2a: Tentacruel
|-sidestart|p2: tomatocarrot|move: Stealth Rock
|
|turn|6
|
|switch|p1a: Serperior|Serperior, F|314\/315
|move|p2a: Tentacruel|Rapid Spin|p1a: Serperior
|-damage|p1a: Serperior|301\/315
|-sideend|p2: tomatocarrot|Stealth Rock|[from] move: Rapid Spin|[of] p2a: Tentacruel
|
|-heal|p1a: Serperior|315\/315|[from] item: Leftovers
|turn|7
|
|switch|p2a: Heatran|Heatran, F|386\/386 par
|move|p1a: Serperior|Substitute|p1a: Serperior
|-start|p1a: Serperior|Substitute
|-damage|p1a: Serperior|237\/315
|
|-heal|p1a: Serperior|256\/315|[from] item: Leftovers
|turn|8
|
|move|p1a: Serperior|Leech Seed|p2a: Heatran
|-start|p2a: Heatran|move: Leech Seed
|move|p2a: Heatran|Flamethrower|p1a: Serperior
|-supereffective|p1a: Serperior
|-end|p1a: Serperior|Substitute
|
|-heal|p1a: Serperior|275\/315|[from] item: Leftovers
|-damage|p2a: Heatran|338\/386 par|[from] Leech Seed|[of] p1a: Serperior
|-heal|p1a: Serperior|315\/315|[silent]
|turn|9
|
|switch|p2a: Sylveon|Sylveon, M|394\/394
|move|p1a: Serperior|Substitute|p1a: Serperior
|-start|p1a: Serperior|Substitute
|-damage|p1a: Serperior|237\/315
|
|-heal|p1a: Serperior|256\/315|[from] item: Leftovers
|turn|10
|
|move|p1a: Serperior|Glare|p2a: Sylveon
|-status|p2a: Sylveon|par
|move|p2a: Sylveon|Hyper Voice|p1a: Serperior
|-damage|p1a: Serperior|94\/315
|
|-heal|p1a: Serperior|113\/315|[from] item: Leftovers
|turn|11
|
|switch|p1a: Talonflame|Talonflame, F|359\/359
|cant|p2a: Sylveon|par
|
|turn|12
|
|switch|p2a: Heatran|Heatran, F|338\/386 par
|move|p1a: Talonflame|Swords Dance|p1a: Talonflame
|-boost|p1a: Talonflame|atk|2
|
|-heal|p2a: Heatran|362\/386 par|[from] item: Leftovers
|turn|13
|
|move|p1a: Talonflame|Swords Dance|p1a: Talonflame
|-boost|p1a: Talonflame|atk|2
|move|p2a: Heatran|Ancient Power|p1a: Talonflame
|-supereffective|p1a: Talonflame
|-damage|p1a: Talonflame|79\/359
|
|-heal|p1a: Talonflame|101\/359|[from] item: Leftovers
|-heal|p2a: Heatran|386\/386 par|[from] item: Leftovers
|turn|14
|
|move|p1a: Talonflame|Roost|p1a: Talonflame
|-heal|p1a: Talonflame|281\/359
|move|p2a: Heatran|Ancient Power|p1a: Talonflame
|-supereffective|p1a: Talonflame
|-damage|p1a: Talonflame|149\/359
|
|-heal|p1a: Talonflame|171\/359|[from] item: Leftovers
|turn|15
|
|move|p1a: Talonflame|Brave Bird|p2a: Heatran
|-resisted|p2a: Heatran
|-damage|p2a: Heatran|232\/386 par
|-damage|p1a: Talonflame|120\/359|[from] recoil|[of] p2a: Heatran
|move|p2a: Heatran|Earth Power|p1a: Talonflame
|-immune|p1a: Talonflame|[msg]
|
|-heal|p1a: Talonflame|142\/359|[from] item: Leftovers
|-heal|p2a: Heatran|256\/386 par|[from] item: Leftovers
|turn|16
|
|move|p1a: Talonflame|Roost|p1a: Talonflame
|-heal|p1a: Talonflame|322\/359
|move|p2a: Heatran|Ancient Power|p1a: Talonflame
|-supereffective|p1a: Talonflame
|-damage|p1a: Talonflame|188\/359
|
|-heal|p1a: Talonflame|210\/359|[from] item: Leftovers
|-heal|p2a: Heatran|280\/386 par|[from] item: Leftovers
|turn|17
|
|switch|p1a: Excadrill|Excadrill, F|412\/412
|-ability|p1a: Excadrill|Mold Breaker
|cant|p2a: Heatran|par
|
|-heal|p2a: Heatran|304\/386 par|[from] item: Leftovers
|turn|18
|
|switch|p2a: Landorus-Therian|Landorus-Therian, M|382\/382
|-ability|p2a: Landorus-Therian|Intimidate|[of] p1a: Excadrill
|-unboost|p1a: Excadrill|atk|1
|move|p1a: Excadrill|Earthquake|p2a: Landorus-Therian
|-immune|p2a: Landorus-Therian|[msg]
|
|turn|19
|
|move|p1a: Excadrill|Earthquake|p2a: Landorus-Therian
|-immune|p2a: Landorus-Therian|[msg]
|move|p2a: Landorus-Therian|Stealth Rock|p1a: Excadrill
|-sidestart|p1: Iodic|move: Stealth Rock
|
|turn|20
|
|move|p1a: Excadrill|Rapid Spin|p2a: Landorus-Therian
|-damage|p2a: Landorus-Therian|371\/382
|-sideend|p1: Iodic|Stealth Rock|[from] move: Rapid Spin|[of] p1a: Excadrill
|move|p2a: Landorus-Therian|Earthquake|p1a: Excadrill
|-supereffective|p1a: Excadrill
|-damage|p1a: Excadrill|0 fnt
|faint|p1a: Excadrill
|
|-heal|p2a: Landorus-Therian|382\/382|[from] item: Leftovers
|
|switch|p1a: Infernape|Infernape, F|1\/293
|turn|21
|
|move|p1a: Infernape|Endeavor|p2a: Landorus-Therian
|-damage|p2a: Landorus-Therian|1\/382
|move|p2a: Landorus-Therian|Stealth Rock|p1a: Infernape
|-sidestart|p1: Iodic|move: Stealth Rock
|
|-heal|p2a: Landorus-Therian|24\/382|[from] item: Leftovers
|turn|22
|
|move|p1a: Infernape|Stealth Rock|p2a: Landorus-Therian
|-sidestart|p2: tomatocarrot|move: Stealth Rock
|move|p2a: Landorus-Therian|Earthquake|p1a: Infernape
|-supereffective|p1a: Infernape
|-damage|p1a: Infernape|0 fnt
|faint|p1a: Infernape
|
|-heal|p2a: Landorus-Therian|47\/382|[from] item: Leftovers
|
|switch|p1a: Serperior|Serperior, F|113\/315
|-damage|p1a: Serperior|74\/315|[from] Stealth Rock
|turn|23
|
|move|p1a: Serperior|Leaf Storm|p2a: Landorus-Therian
|-damage|p2a: Landorus-Therian|0 fnt
|-boost|p1a: Serperior|spa|2
|faint|p2a: Landorus-Therian
|
|-heal|p1a: Serperior|93\/315|[from] item: Leftovers
|
|switch|p2a: Scizor|Scizor, M|343\/343
|-damage|p2a: Scizor|301\/343|[from] Stealth Rock
|turn|24
|
|detailschange|p2a: Scizor|Scizor-Mega, M
|-mega|p2a: Scizor|Scizor|Scizorite
|move|p2a: Scizor|Bullet Punch|p1a: Serperior
|-damage|p1a: Serperior|0 fnt
|faint|p1a: Serperior
|
|
|switch|p1a: Gyarados|Gyarados, F|331\/331
|-damage|p1a: Gyarados|249\/331|[from] Stealth Rock
|-ability|p1a: Gyarados|Intimidate|[of] p2a: Scizor
|-unboost|p2a: Scizor|atk|1
|turn|25
|
|switch|p2a: Sylveon|Sylveon, M|394\/394 par
|-damage|p2a: Sylveon|345\/394 par|[from] Stealth Rock
|move|p1a: Gyarados|Dragon Dance|p1a: Gyarados
|-boost|p1a: Gyarados|atk|1
|-boost|p1a: Gyarados|spe|1
|
|-heal|p2a: Sylveon|369\/394 par|[from] item: Leftovers
|turn|26
|
|move|p1a: Gyarados|Dragon Dance|p1a: Gyarados
|-boost|p1a: Gyarados|atk|1
|-boost|p1a: Gyarados|spe|1
|move|p2a: Sylveon|Hyper Voice|p1a: Gyarados
|-damage|p1a: Gyarados|95\/331
|
|-heal|p2a: Sylveon|393\/394 par|[from] item: Leftovers
|turn|27
|
|detailschange|p1a: Gyarados|Gyarados-Mega, F
|-mega|p1a: Gyarados|Gyarados|Gyaradosite
|-ability|p1a: Gyarados|Mold Breaker
|move|p1a: Gyarados|Waterfall|p2a: Sylveon
|-damage|p2a: Sylveon|0 fnt
|faint|p2a: Sylveon
|
|c|âIodic|gg
|
|switch|p2a: Scizor|Scizor-Mega, M|301\/343
|-damage|p2a: Scizor|259\/343|[from] Stealth Rock
|turn|28
|
|move|p1a: Gyarados|Waterfall|p2a: Scizor
|-damage|p2a: Scizor|18\/343
|move|p2a: Scizor|Swords Dance|p2a: Scizor
|-boost|p2a: Scizor|atk|2
|
|turn|29
|
|move|p2a: Scizor|Bullet Punch|p1a: Gyarados
|-resisted|p1a: Gyarados
|-damage|p1a: Gyarados|0 fnt
|faint|p1a: Gyarados
|
|
|switch|p1a: Talonflame|Talonflame, F|210\/359
|-damage|p1a: Talonflame|31\/359|[from] Stealth Rock
|turn|30
|
|move|p1a: Talonflame|Brave Bird|p2a: Scizor
|-damage|p2a: Scizor|0 fnt
|-damage|p1a: Talonflame|25\/359|[from] recoil|[of] p2a: Scizor
|faint|p2a: Scizor
|
|-heal|p1a: Talonflame|47\/359|[from] item: Leftovers
|
|switch|p2a: Heatran|Heatran, F|304\/386 par
|-damage|p2a: Heatran|256\/386 par|[from] Stealth Rock
|turn|31
|
|move|p1a: Talonflame|Roost|p1a: Talonflame
|-heal|p1a: Talonflame|227\/359
|move|p2a: Heatran|Ancient Power|p1a: Talonflame
|-supereffective|p1a: Talonflame
|-damage|p1a: Talonflame|75\/359
|
|-heal|p1a: Talonflame|97\/359|[from] item: Leftovers
|-heal|p2a: Heatran|280\/386 par|[from] item: Leftovers
|turn|32
|
|move|p1a: Talonflame|Brave Bird|p2a: Heatran
|-resisted|p2a: Heatran
|-damage|p2a: Heatran|220\/386 par
|-damage|p1a: Talonflame|77\/359|[from] recoil|[of] p2a: Heatran
|move|p2a: Heatran|Earth Power|p1a: Talonflame
|-immune|p1a: Talonflame|[msg]
|
|-heal|p1a: Talonflame|99\/359|[from] item: Leftovers
|-heal|p2a: Heatran|244\/386 par|[from] item: Leftovers
|turn|33
|
|move|p1a: Talonflame|Brave Bird|p2a: Heatran
|-resisted|p2a: Heatran
|-damage|p2a: Heatran|184\/386 par
|-damage|p1a: Talonflame|79\/359|[from] recoil|[of] p2a: Heatran
|move|p2a: Heatran|Earth Power|p1a: Talonflame
|-immune|p1a: Talonflame|[msg]
|
|-heal|p1a: Talonflame|101\/359|[from] item: Leftovers
|-heal|p2a: Heatran|208\/386 par|[from] item: Leftovers
|turn|34
|
|move|p1a: Talonflame|Brave Bird|p2a: Heatran
|-resisted|p2a: Heatran
|-damage|p2a: Heatran|147\/386 par
|-damage|p1a: Talonflame|81\/359|[from] recoil|[of] p2a: Heatran
|move|p2a: Heatran|Earth Power|p1a: Talonflame
|-immune|p1a: Talonflame|[msg]
|
|-heal|p1a: Talonflame|103\/359|[from] item: Leftovers
|-heal|p2a: Heatran|171\/386 par|[from] item: Leftovers
|turn|35
|
|move|p1a: Talonflame|Brave Bird|p2a: Heatran
|-resisted|p2a: Heatran
|-damage|p2a: Heatran|114\/386 par
|-damage|p1a: Talonflame|84\/359|[from] recoil|[of] p2a: Heatran
|cant|p2a: Heatran|par
|
|-heal|p1a: Talonflame|106\/359|[from] item: Leftovers
|-heal|p2a: Heatran|138\/386 par|[from] item: Leftovers
|turn|36
|
|move|p1a: Talonflame|Brave Bird|p2a: Heatran
|-resisted|p2a: Heatran
|-damage|p2a: Heatran|82\/386 par
|-damage|p1a: Talonflame|88\/359|[from] recoil|[of] p2a: Heatran
|cant|p2a: Heatran|par
|
|-heal|p1a: Talonflame|110\/359|[from] item: Leftovers
|-heal|p2a: Heatran|106\/386 par|[from] item: Leftovers
|turn|37
|
|move|p1a: Talonflame|Swords Dance|p1a: Talonflame
|-boost|p1a: Talonflame|atk|2
|move|p2a: Heatran|Ancient Power|p1a: Talonflame
|-supereffective|p1a: Talonflame
|-damage|p1a: Talonflame|0 fnt
|faint|p1a: Talonflame
|
|-heal|p2a: Heatran|130\/386 par|[from] item: Leftovers
|
|switch|p1a: Azumarill|Azumarill, F|362\/362
|-damage|p1a: Azumarill|317\/362|[from] Stealth Rock
|turn|38
|
|move|p1a: Azumarill|Belly Drum|p1a: Azumarill
|-damage|p1a: Azumarill|136\/362
|-setboost|p1a: Azumarill|atk|6|[from] move: Belly Drum
|-enditem|p1a: Azumarill|Sitrus Berry|[eat]
|-heal|p1a: Azumarill|226\/362|[from] item: Sitrus Berry
|cant|p2a: Heatran|par
|
|-heal|p2a: Heatran|154\/386 par|[from] item: Leftovers
|turn|39
|
|move|p1a: Azumarill|Aqua Jet|p2a: Heatran
|-supereffective|p2a: Heatran
|-damage|p2a: Heatran|0 fnt
|faint|p2a: Heatran
|
|
|switch|p2a: Tentacruel|Tentacruel, M|364\/364
|-damage|p2a: Tentacruel|319\/364|[from] Stealth Rock
|turn|40
|
|move|p1a: Azumarill|Aqua Jet|p2a: Tentacruel
|-resisted|p2a: Tentacruel
|-damage|p2a: Tentacruel|88\/364
|move|p2a: Tentacruel|Scald|p1a: Azumarill
|-resisted|p1a: Azumarill
|-damage|p1a: Azumarill|177\/362
|-status|p1a: Azumarill|brn
|
|-heal|p2a: Tentacruel|110\/364|[from] item: Leftovers
|-damage|p1a: Azumarill|132\/362 brn|[from] brn
|turn|41
|
|move|p1a: Azumarill|Aqua Jet|p2a: Tentacruel
|-resisted|p2a: Tentacruel
|-damage|p2a: Tentacruel|0 fnt
|faint|p2a: Tentacruel
|
|win|Iodic
|raw|Ladder updating...
|leave|tomatocarrot
|raw|Iodic's rating: 1662 &rarr; <strong>1676<\/strong><br \/>(+14 for winning)
|raw|tomatocarrot's rating: 1561 &rarr; <strong>1547<\/strong><br \/>(-14 for losing)