|join|Iodic
|join|Hster
|player|p1|Iodic|264
|player|p2|Hster|290
|gametype|singles
|gen|6
|tier|OU
|rated
|clearpoke
|poke|p1|Excadrill, F
|poke|p1|Azumarill, F
|poke|p1|Talonflame, F
|poke|p1|Serperior, M
|poke|p1|Infernape, M
|poke|p1|Gyarados, F
|poke|p2|Politoed, M
|poke|p2|Ferrothorn, F
|poke|p2|Swampert, F
|poke|p2|Kingdra, M
|poke|p2|Mienshao, M
|poke|p2|Landorus-Therian, M
|rule|Swagger Clause: Swagger is banned
|rule|Baton Pass Clause: Limit one PokÃ©mon knowing Baton Pass
|rule|Sleep Clause Mod: Limit one foe put to sleep
|rule|Species Clause: Limit one of each PokÃ©mon
|rule|OHKO Clause: OHKO moves are banned
|rule|Moody Clause: Moody is banned
|rule|Evasion Moves Clause: Evasion moves are banned
|rule|Endless Battle Clause: Forcing endless battles is banned
|rule|HP Percentage Mod: HP is shown in percentages
|teampreview
|
|start
|switch|p1a: Infernape|Infernape, M|293\/293
|switch|p2a: Mienshao|Mienshao, M|271\/271
|turn|1
|
|move|p2a: Mienshao|Fake Out|p1a: Infernape
|-damage|p1a: Infernape|218\/293
|-damage|p2a: Mienshao|244\/271|[from] item: Life Orb
|cant|p1a: Infernape|flinch
|
|turn|2
|
|switch|p2a: Landorus-Therian|Landorus-Therian, M|349\/349
|-ability|p2a: Landorus-Therian|Intimidate|[of] p1a: Infernape
|-unboost|p1a: Infernape|atk|1
|move|p1a: Infernape|Stealth Rock|p2a: Landorus-Therian
|-sidestart|p2: Hster|move: Stealth Rock
|
|turn|3
|
|move|p2a: Landorus-Therian|Stone Edge|p1a: Infernape
|-damage|p1a: Infernape|79\/293
|move|p1a: Infernape|Overheat|p2a: Landorus-Therian
|-damage|p2a: Landorus-Therian|40\/349
|-unboost|p1a: Infernape|spa|2
|
|turn|4
|
|switch|p1a: Excadrill|Excadrill, F|412\/412
|-ability|p1a: Excadrill|Mold Breaker
|move|p2a: Landorus-Therian|Stone Edge|p1a: Excadrill
|-resisted|p1a: Excadrill
|-damage|p1a: Excadrill|370\/412
|
|turn|5
|
|move|p2a: Landorus-Therian|Stone Edge|p1a: Excadrill
|-resisted|p1a: Excadrill
|-damage|p1a: Excadrill|329\/412
|move|p1a: Excadrill|Earthquake|p2a: Landorus-Therian
|-immune|p2a: Landorus-Therian|[msg]
|
|turn|6
|
|move|p2a: Landorus-Therian|Stone Edge|p1a: Excadrill
|-resisted|p1a: Excadrill
|-damage|p1a: Excadrill|292\/412
|move|p1a: Excadrill|Iron Head|p2a: Landorus-Therian
|-damage|p2a: Landorus-Therian|0 fnt
|faint|p2a: Landorus-Therian
|
|
|switch|p2a: Mienshao|Mienshao, M|271\/271
|-damage|p2a: Mienshao|255\/271|[from] Stealth Rock
|turn|7
|
|switch|p1a: Talonflame|Talonflame, F|359\/359
|move|p2a: Mienshao|High Jump Kick|p1a: Talonflame
|-resisted|p1a: Talonflame
|-damage|p1a: Talonflame|181\/359
|-damage|p2a: Mienshao|228\/271|[from] item: Life Orb
|
|-heal|p1a: Talonflame|203\/359|[from] item: Leftovers
|turn|8
|
|switch|p2a: Ferrothorn|Ferrothorn, F|352\/352
|-damage|p2a: Ferrothorn|330\/352|[from] Stealth Rock
|move|p1a: Talonflame|Brave Bird|p2a: Ferrothorn
|-damage|p2a: Ferrothorn|252\/352
|-damage|p1a: Talonflame|159\/359|[from] ability: Iron Barbs|[of] p2a: Ferrothorn
|-damage|p1a: Talonflame|133\/359|[from] recoil|[of] p2a: Ferrothorn
|
|-heal|p1a: Talonflame|155\/359|[from] item: Leftovers
|-heal|p2a: Ferrothorn|274\/352|[from] item: Leftovers
|turn|9
|
|switch|p2a: Politoed|Politoed, M|384\/384
|-damage|p2a: Politoed|336\/384|[from] Stealth Rock
|-weather|RainDance
|move|p1a: Talonflame|Will-O-Wisp|p2a: Politoed
|-status|p2a: Politoed|brn
|
|-weather|RainDance|[upkeep]
|-heal|p1a: Talonflame|177\/359|[from] item: Leftovers
|-damage|p2a: Politoed|288\/384 brn|[from] brn
|turn|10
|
|switch|p1a: Serperior|Serperior, M|353\/353
|switch|p2a: Ferrothorn|Ferrothorn, F|274\/352
|-damage|p2a: Ferrothorn|252\/352|[from] Stealth Rock
|
|-weather|RainDance|[upkeep]
|-heal|p2a: Ferrothorn|274\/352|[from] item: Leftovers
|turn|11
|
|move|p1a: Serperior|Taunt|p2a: Ferrothorn
|-start|p2a: Ferrothorn|move: Taunt
|move|p2a: Ferrothorn|Gyro Ball|p1a: Serperior
|-damage|p1a: Serperior|170\/353
|
|-weather|RainDance|[upkeep]
|-heal|p1a: Serperior|192\/353|[from] item: Leftovers
|-heal|p2a: Ferrothorn|296\/352|[from] item: Leftovers
|turn|12
|
|switch|p1a: Talonflame|Talonflame, F|177\/359
|move|p2a: Ferrothorn|Gyro Ball|p1a: Talonflame
|-resisted|p1a: Talonflame
|-damage|p1a: Talonflame|67\/359
|
|-weather|RainDance|[upkeep]
|-heal|p1a: Talonflame|89\/359|[from] item: Leftovers
|-heal|p2a: Ferrothorn|318\/352|[from] item: Leftovers
|turn|13
|
|move|p1a: Talonflame|Will-O-Wisp|p2a: Ferrothorn
|-status|p2a: Ferrothorn|brn
|move|p2a: Ferrothorn|Gyro Ball|p1a: Talonflame
|-resisted|p1a: Talonflame
|-damage|p1a: Talonflame|35\/359
|
|-weather|RainDance|[upkeep]
|-heal|p1a: Talonflame|57\/359|[from] item: Leftovers
|-heal|p2a: Ferrothorn|340\/352 brn|[from] item: Leftovers
|-damage|p2a: Ferrothorn|296\/352 brn|[from] brn
|-end|p2a: Ferrothorn|move: Taunt
|turn|14
|
|move|p1a: Talonflame|Roost|p1a: Talonflame
|-heal|p1a: Talonflame|237\/359
|move|p2a: Ferrothorn|Stealth Rock|p1a: Talonflame
|-sidestart|p1: Iodic|move: Stealth Rock
|
|-weather|RainDance|[upkeep]
|-heal|p1a: Talonflame|259\/359|[from] item: Leftovers
|-heal|p2a: Ferrothorn|318\/352 brn|[from] item: Leftovers
|-damage|p2a: Ferrothorn|274\/352 brn|[from] brn
|turn|15
|
|move|p1a: Talonflame|Swords Dance|p1a: Talonflame
|-boost|p1a: Talonflame|atk|2
|move|p2a: Ferrothorn|Leech Seed|p1a: Talonflame
|-start|p1a: Talonflame|move: Leech Seed
|
|-weather|RainDance|[upkeep]
|-heal|p1a: Talonflame|281\/359|[from] item: Leftovers
|-heal|p2a: Ferrothorn|296\/352 brn|[from] item: Leftovers
|-damage|p1a: Talonflame|237\/359|[from] Leech Seed|[of] p2a: Ferrothorn
|-heal|p2a: Ferrothorn|340\/352 brn|[silent]
|-damage|p2a: Ferrothorn|296\/352 brn|[from] brn
|turn|16
|
|move|p1a: Talonflame|Swords Dance|p1a: Talonflame
|-boost|p1a: Talonflame|atk|2
|move|p2a: Ferrothorn|Gyro Ball|p1a: Talonflame
|-resisted|p1a: Talonflame
|-damage|p1a: Talonflame|186\/359
|
|-weather|none
|-heal|p1a: Talonflame|208\/359|[from] item: Leftovers
|-heal|p2a: Ferrothorn|318\/352 brn|[from] item: Leftovers
|-damage|p1a: Talonflame|164\/359|[from] Leech Seed|[of] p2a: Ferrothorn
|-heal|p2a: Ferrothorn|352\/352 brn|[silent]
|-damage|p2a: Ferrothorn|308\/352 brn|[from] brn
|turn|17
|
|move|p1a: Talonflame|Roost|p1a: Talonflame
|-heal|p1a: Talonflame|344\/359
|move|p2a: Ferrothorn|Gyro Ball|p1a: Talonflame
|-resisted|p1a: Talonflame
|-damage|p1a: Talonflame|288\/359
|
|-heal|p1a: Talonflame|310\/359|[from] item: Leftovers
|-heal|p2a: Ferrothorn|330\/352 brn|[from] item: Leftovers
|-damage|p1a: Talonflame|266\/359|[from] Leech Seed|[of] p2a: Ferrothorn
|-heal|p2a: Ferrothorn|352\/352 brn|[silent]
|-damage|p2a: Ferrothorn|308\/352 brn|[from] brn
|turn|18
|
|move|p1a: Talonflame|Swords Dance|p1a: Talonflame
|-boost|p1a: Talonflame|atk|2
|move|p2a: Ferrothorn|Gyro Ball|p1a: Talonflame
|-resisted|p1a: Talonflame
|-damage|p1a: Talonflame|209\/359
|
|-heal|p1a: Talonflame|231\/359|[from] item: Leftovers
|-heal|p2a: Ferrothorn|330\/352 brn|[from] item: Leftovers
|-damage|p1a: Talonflame|187\/359|[from] Leech Seed|[of] p2a: Ferrothorn
|-heal|p2a: Ferrothorn|352\/352 brn|[silent]
|-damage|p2a: Ferrothorn|308\/352 brn|[from] brn
|turn|19
|
|move|p1a: Talonflame|Roost|p1a: Talonflame
|-heal|p1a: Talonflame|359\/359
|move|p2a: Ferrothorn|Gyro Ball|p1a: Talonflame
|-resisted|p1a: Talonflame
|-damage|p1a: Talonflame|301\/359
|
|-heal|p1a: Talonflame|323\/359|[from] item: Leftovers
|-heal|p2a: Ferrothorn|330\/352 brn|[from] item: Leftovers
|-damage|p1a: Talonflame|279\/359|[from] Leech Seed|[of] p2a: Ferrothorn
|-heal|p2a: Ferrothorn|352\/352 brn|[silent]
|-damage|p2a: Ferrothorn|308\/352 brn|[from] brn
|turn|20
|
|move|p1a: Talonflame|Brave Bird|p2a: Ferrothorn
|-damage|p2a: Ferrothorn|0 fnt
|-damage|p1a: Talonflame|235\/359|[from] ability: Iron Barbs|[of] p2a: Ferrothorn
|-damage|p1a: Talonflame|133\/359|[from] recoil|[of] p2a: Ferrothorn
|faint|p2a: Ferrothorn
|
|-heal|p1a: Talonflame|155\/359|[from] item: Leftovers
|
|switch|p2a: Mienshao|Mienshao, M|271\/271
|-damage|p2a: Mienshao|255\/271|[from] Stealth Rock
|turn|21
|
|move|p2a: Mienshao|Fake Out|p1a: Talonflame
|-damage|p1a: Talonflame|78\/359
|-damage|p2a: Mienshao|228\/271|[from] item: Life Orb
|cant|p1a: Talonflame|flinch
|
|-heal|p1a: Talonflame|100\/359|[from] item: Leftovers
|-damage|p1a: Talonflame|56\/359|[from] Leech Seed|[of] p2a: Mienshao
|-heal|p2a: Mienshao|271\/271|[silent]
|turn|22
|
|move|p1a: Talonflame|Brave Bird|p2a: Mienshao
|-crit|p2a: Mienshao
|-supereffective|p2a: Mienshao
|-damage|p2a: Mienshao|0 fnt
|-damage|p1a: Talonflame|0 fnt|[from] recoil|[of] p2a: Mienshao
|faint|p2a: Mienshao
|faint|p1a: Talonflame
|
|
|switch|p1a: Excadrill|Excadrill, F|292\/412
|switch|p2a: Politoed|Politoed, M|288\/384 brn
|-damage|p1a: Excadrill|280\/412|[from] Stealth Rock
|-ability|p1a: Excadrill|Mold Breaker
|-damage|p2a: Politoed|240\/384 brn|[from] Stealth Rock
|-weather|RainDance
|turn|23
|
|move|p1a: Excadrill|Rapid Spin|p2a: Politoed
|-damage|p2a: Politoed|219\/384 brn
|-sideend|p1: Iodic|Stealth Rock|[from] move: Rapid Spin|[of] p1a: Excadrill
|move|p2a: Politoed|Scald|p1a: Excadrill
|-crit|p1a: Excadrill
|-supereffective|p1a: Excadrill
|-damage|p1a: Excadrill|4\/412
|
|-weather|RainDance|[upkeep]
|-damage|p2a: Politoed|171\/384 brn|[from] brn
|turn|24
|
|switch|p2a: Swampert|Swampert, F|341\/341
|-damage|p2a: Swampert|320\/341|[from] Stealth Rock
|move|p1a: Excadrill|Earthquake|p2a: Swampert
|-damage|p2a: Swampert|133\/341
|
|-weather|RainDance|[upkeep]
|turn|25
|
|detailschange|p2a: Swampert|Swampert-Mega, F
|-mega|p2a: Swampert|Swampert|Swampertite
|move|p2a: Swampert|Protect|p2a: Swampert
|-singleturn|p2a: Swampert|Protect
|move|p1a: Excadrill|Earthquake|p2a: Swampert
|-activate|p2a: Swampert|Protect
|
|-weather|RainDance|[upkeep]
|turn|26
|
|move|p2a: Swampert|Waterfall|p1a: Excadrill
|-supereffective|p1a: Excadrill
|-damage|p1a: Excadrill|0 fnt
|faint|p1a: Excadrill
|
|-weather|RainDance|[upkeep]
|
|switch|p1a: Gyarados|Gyarados, F|331\/331
|-ability|p1a: Gyarados|Intimidate|[of] p2a: Swampert
|-unboost|p2a: Swampert|atk|1
|turn|27
|
|move|p2a: Swampert|Waterfall|p1a: Gyarados
|-resisted|p1a: Gyarados
|-damage|p1a: Gyarados|225\/331
|move|p1a: Gyarados|Dragon Dance|p1a: Gyarados
|-boost|p1a: Gyarados|atk|1
|-boost|p1a: Gyarados|spe|1
|
|-weather|RainDance|[upkeep]
|turn|28
|
|move|p2a: Swampert|Waterfall|p1a: Gyarados
|-resisted|p1a: Gyarados
|-damage|p1a: Gyarados|127\/331
|move|p1a: Gyarados|Dragon Dance|p1a: Gyarados
|-boost|p1a: Gyarados|atk|1
|-boost|p1a: Gyarados|spe|1
|
|-weather|RainDance|[upkeep]
|turn|29
|
|detailschange|p1a: Gyarados|Gyarados-Mega, F
|-mega|p1a: Gyarados|Gyarados|Gyaradosite
|-ability|p1a: Gyarados|Mold Breaker
|move|p1a: Gyarados|Crunch|p2a: Swampert
|-damage|p2a: Swampert|0 fnt
|faint|p2a: Swampert
|
|-weather|RainDance|[upkeep]
|
|switch|p2a: Kingdra|Kingdra, M|291\/291
|-damage|p2a: Kingdra|255\/291|[from] Stealth Rock
|turn|30
|
|move|p1a: Gyarados|Crunch|p2a: Kingdra
|-damage|p2a: Kingdra|0 fnt
|faint|p2a: Kingdra
|
|-weather|none
|-message|Hster forfeited.
|leave|Hster
|
|win|Iodic
|raw|Ladder updating...
|player|p2
|raw|Iodic's rating: 1606 &rarr; <strong>1624<\/strong><br \/>(+18 for winning)
|raw|Hster's rating: 1579 &rarr; <strong>1561<\/strong><br \/>(-18 for losing)