|join|Iodic
|join|M0gwai
|player|p1|Iodic|264
|player|p2|M0gwai|101
|gametype|singles
|gen|6
|tier|OU
|rated
|clearpoke
|poke|p1|Sylveon, F
|poke|p1|Slowbro, M
|poke|p1|Scizor, M
|poke|p1|Lopunny, F, shiny
|poke|p1|Serperior, F
|poke|p1|Infernape, M
|poke|p2|Serperior, M
|poke|p2|Magnezone
|poke|p2|Landorus-Therian, M
|poke|p2|Azumarill, M
|poke|p2|Latias, F
|poke|p2|Lopunny, M
|rule|Swagger Clause: Swagger is banned
|rule|Baton Pass Clause: Limit one PokÃ©mon knowing Baton Pass
|rule|Sleep Clause Mod: Limit one foe put to sleep
|rule|Species Clause: Limit one of each PokÃ©mon
|rule|OHKO Clause: OHKO moves are banned
|rule|Moody Clause: Moody is banned
|rule|Evasion Moves Clause: Evasion moves are banned
|rule|Endless Battle Clause: Forcing endless battles is banned
|rule|HP Percentage Mod: HP is shown in percentages
|teampreview
|
|start
|switch|p1a: Mao|Infernape, M|293\/293
|switch|p2a: Zapp Brannigan|Magnezone|281\/281
|turn|1
|
|move|p2a: Zapp Brannigan|Volt Switch|p1a: Mao
|-damage|p1a: Mao|115\/293
|
|switch|p2a: Rockstache|Landorus-Therian, M|382\/382
|-ability|p2a: Rockstache|Intimidate|[of] p1a: Mao
|-unboost|p1a: Mao|atk|1
|move|p1a: Mao|Stealth Rock|p2a: Rockstache
|-sidestart|p2: M0gwai|move: Stealth Rock
|
|turn|2
|
|move|p1a: Mao|Endeavor|p2a: Rockstache
|-damage|p2a: Rockstache|115\/382
|move|p2a: Rockstache|Stealth Rock|p1a: Mao
|-sidestart|p1: Iodic|move: Stealth Rock
|
|-heal|p2a: Rockstache|138\/382|[from] item: Leftovers
|turn|3
|
|move|p1a: Mao|Overheat|p2a: Rockstache
|-crit|p2a: Rockstache
|-damage|p2a: Rockstache|0 fnt
|-unboost|p1a: Mao|spa|2
|faint|p2a: Rockstache
|
|
|switch|p2a: Dickperior|Serperior, M|289\/289
|-damage|p2a: Dickperior|253\/289|[from] Stealth Rock
|turn|4
|
|move|p2a: Dickperior|Hidden Power|p1a: Mao
|-supereffective|p1a: Mao
|-damage|p1a: Mao|0 fnt
|-damage|p2a: Dickperior|225\/289|[from] item: Life Orb
|faint|p1a: Mao
|
|
|switch|p1a: Stalin|Scizor, M|343\/343
|-damage|p1a: Stalin|301\/343|[from] Stealth Rock
|turn|5
|
|switch|p2a: Zapp Brannigan|Magnezone|281\/281
|-damage|p2a: Zapp Brannigan|264\/281|[from] Stealth Rock
|move|p1a: Stalin|U-turn|p2a: Zapp Brannigan
|-resisted|p2a: Zapp Brannigan
|-damage|p2a: Zapp Brannigan|175\/281
|
|switch|p1a: Diana|Lopunny, F, shiny|272\/272
|-damage|p1a: Diana|238\/272|[from] Stealth Rock
|
|turn|6
|
|switch|p2a: Ryanair|Latias, F|319\/319
|-damage|p2a: Ryanair|280\/319|[from] Stealth Rock
|detailschange|p1a: Diana|Lopunny-Mega, F, shiny
|-mega|p1a: Diana|Lopunny|Lopunnite
|move|p1a: Diana|Drain Punch|p2a: Ryanair
|-resisted|p2a: Ryanair
|-damage|p2a: Ryanair|209\/319
|-heal|p1a: Diana|272\/272|[from] drain|[of] p2a: Ryanair
|
|turn|7
|
|switch|p1a: Stalin|Scizor, M|301\/343
|-damage|p1a: Stalin|259\/343|[from] Stealth Rock
|move|p2a: Ryanair|Psyshock|p1a: Stalin
|-resisted|p1a: Stalin
|-damage|p1a: Stalin|181\/343
|-damage|p2a: Ryanair|178\/319|[from] item: Life Orb
|
|turn|8
|
|move|p2a: Ryanair|Healing Wish|p2a: Ryanair
|faint|p2a: Ryanair
|move|p1a: Stalin|U-turn|p2: Ryanair|[notarget]
|-notarget
|
|
|switch|p2a: Zapp Brannigan|Magnezone|175\/281
|-heal|p2a: Zapp Brannigan|281\/281|[from] move: Healing Wish
|-damage|p2a: Zapp Brannigan|264\/281|[from] Stealth Rock
|turn|9
|
|move|p2a: Zapp Brannigan|Hidden Power|p1a: Stalin
|-supereffective|p1a: Stalin
|-damage|p1a: Stalin|0 fnt
|faint|p1a: Stalin
|
|
|switch|p1a: Diana|Lopunny-Mega, F, shiny|272\/272
|-damage|p1a: Diana|255\/272|[from] Stealth Rock
|turn|10
|
|switch|p2a: Frenship|Azumarill, M|404\/404
|-damage|p2a: Frenship|354\/404|[from] Stealth Rock
|move|p1a: Diana|Power-Up Punch|p2a: Frenship
|-resisted|p2a: Frenship
|-damage|p2a: Frenship|307\/404
|-boost|p1a: Diana|atk|1
|
|turn|11
|
|move|p1a: Diana|Return|p2a: Frenship
|-damage|p2a: Frenship|0 fnt
|faint|p2a: Frenship
|
|
|switch|p2a: Lopun-lee|Lopunny, M|271\/271
|-damage|p2a: Lopun-lee|238\/271|[from] Stealth Rock
|turn|12
|
|detailschange|p2a: Lopun-lee|Lopunny-Mega, M
|-mega|p2a: Lopun-lee|Lopunny|Lopunnite
|move|p2a: Lopun-lee|Fake Out|p1a: Diana
|-damage|p1a: Diana|176\/272
|cant|p1a: Diana|flinch
|
|turn|13
|
|move|p1a: Diana|Drain Punch|p2a: Lopun-lee
|-supereffective|p2a: Lopun-lee
|-damage|p2a: Lopun-lee|0 fnt
|-heal|p1a: Diana|272\/272|[from] drain|[of] p2a: Lopun-lee
|faint|p2a: Lopun-lee
|
|-message|M0gwai forfeited.
|leave|M0gwai
|
|win|Iodic
|raw|Ladder updating...
|player|p2
|raw|Iodic's rating: 1512 &rarr; <strong>1539<\/strong><br \/>(+27 for winning)
|raw|M0gwai's rating: 1649 &rarr; <strong>1622<\/strong><br \/>(-27 for losing)