|join|Iodic
|join|Aozatem
|player|p1|Iodic|264
|player|p2|Aozatem|266
|gametype|singles
|gen|6
|tier|OU
|rated
|clearpoke
|poke|p1|Excadrill, F
|poke|p1|Azumarill, M
|poke|p1|Talonflame, F
|poke|p1|Serperior, F
|poke|p1|Infernape, F
|poke|p1|Gyarados, F
|poke|p2|Infernape, F
|poke|p2|Metagross
|poke|p2|Keldeo-Resolute
|poke|p2|Thundurus, M
|poke|p2|Dragonite, M
|poke|p2|Bisharp, M
|rule|Swagger Clause: Swagger is banned
|rule|Baton Pass Clause: Limit one PokÃ©mon knowing Baton Pass
|rule|Sleep Clause Mod: Limit one foe put to sleep
|rule|Species Clause: Limit one of each PokÃ©mon
|rule|OHKO Clause: OHKO moves are banned
|rule|Moody Clause: Moody is banned
|rule|Evasion Moves Clause: Evasion moves are banned
|rule|Endless Battle Clause: Forcing endless battles is banned
|rule|HP Percentage Mod: HP is shown in percentages
|teampreview
|
|start
|switch|p1a: Talonflame|Talonflame, F|359\/359
|switch|p2a: Keldeo-Resolute|Keldeo-Resolute|323\/323
|turn|1
|
|switch|p2a: Thundurus|Thundurus, M|299\/299
|move|p1a: Talonflame|Brave Bird|p2a: Thundurus
|-resisted|p2a: Thundurus
|-damage|p2a: Thundurus|225\/299
|-damage|p1a: Talonflame|335\/359|[from] recoil|[of] p2a: Thundurus
|
|-heal|p1a: Talonflame|357\/359|[from] item: Leftovers
|turn|2
|
|switch|p1a: Excadrill|Excadrill, F|412\/412
|-ability|p1a: Excadrill|Mold Breaker
|move|p2a: Thundurus|Knock Off|p1a: Excadrill
|-damage|p1a: Excadrill|256\/412
|-enditem|p1a: Excadrill|Assault Vest|[from] move: Knock Off|[of] p2a: Thundurus
|-damage|p2a: Thundurus|196\/299|[from] item: Life Orb
|
|turn|3
|
|switch|p2a: Infernape|Infernape, F|293\/293
|move|p1a: Excadrill|Rock Slide|p2a: Infernape
|-damage|p2a: Infernape|190\/293
|
|turn|4
|
|move|p2a: Infernape|Stealth Rock|p1a: Excadrill
|-sidestart|p1: Iodic|move: Stealth Rock
|move|p1a: Excadrill|Earthquake|p2a: Infernape
|-supereffective|p2a: Infernape
|-damage|p2a: Infernape|0 fnt
|faint|p2a: Infernape
|
|
|switch|p2a: Keldeo-Resolute|Keldeo-Resolute|323\/323
|turn|5
|
|switch|p1a: Azumarill|Azumarill, M|362\/362
|-damage|p1a: Azumarill|317\/362|[from] Stealth Rock
|move|p2a: Keldeo-Resolute|Scald|p1a: Azumarill
|-resisted|p1a: Azumarill
|-damage|p1a: Azumarill|232\/362
|
|turn|6
|
|switch|p2a: Metagross|Metagross|301\/301
|move|p1a: Azumarill|Play Rough|p2a: Metagross|[miss]
|-miss|p1a: Azumarill|p2a: Metagross
|
|turn|7
|
|detailschange|p2a: Metagross|Metagross-Mega
|-mega|p2a: Metagross|Metagross|Metagrossite
|move|p2a: Metagross|Meteor Mash|p1a: Azumarill
|-damage|p1a: Azumarill|0 fnt
|-boost|p2a: Metagross|atk|1
|faint|p1a: Azumarill
|
|
|switch|p1a: Excadrill|Excadrill, F|256\/412
|-damage|p1a: Excadrill|244\/412|[from] Stealth Rock
|-ability|p1a: Excadrill|Mold Breaker
|turn|8
|
|move|p2a: Metagross|Hammer Arm|p1a: Excadrill
|-supereffective|p1a: Excadrill
|-damage|p1a: Excadrill|0 fnt
|-unboost|p2a: Metagross|spe|1
|faint|p1a: Excadrill
|
|
|switch|p1a: Infernape|Infernape, F|293\/293
|-damage|p1a: Infernape|257\/293|[from] Stealth Rock
|turn|9
|
|move|p1a: Infernape|Stealth Rock|p2a: Metagross
|-sidestart|p2: Aozatem|move: Stealth Rock
|move|p2a: Metagross|Zen Headbutt|p1a: Infernape
|-supereffective|p1a: Infernape
|-damage|p1a: Infernape|0 fnt
|faint|p1a: Infernape
|
|
|switch|p1a: Talonflame|Talonflame, F|357\/359
|-damage|p1a: Talonflame|178\/359|[from] Stealth Rock
|turn|10
|
|switch|p2a: Dragonite|Dragonite, M|323\/323
|-damage|p2a: Dragonite|243\/323|[from] Stealth Rock
|move|p1a: Talonflame|Will-O-Wisp|p2a: Dragonite
|-status|p2a: Dragonite|brn
|-enditem|p2a: Dragonite|Lum Berry|[eat]
|-curestatus|p2a: Dragonite|brn
|
|-heal|p1a: Talonflame|200\/359|[from] item: Leftovers
|turn|11
|
|move|p1a: Talonflame|Will-O-Wisp|p2a: Dragonite|[miss]
|-miss|p1a: Talonflame|p2a: Dragonite
|move|p2a: Dragonite|Dragon Claw|p1a: Talonflame
|-crit|p1a: Talonflame
|-damage|p1a: Talonflame|0 fnt
|faint|p1a: Talonflame
|
|-message|Iodic forfeited.
|
|win|Aozatem
|raw|Ladder updating...
|leave|Iodic
|player|p1
|raw|Iodic's rating: 1659 &rarr; <strong>1638<\/strong><br \/>(-21 for losing)
|raw|Aozatem's rating: 1640 &rarr; <strong>1661<\/strong><br \/>(+21 for winning)