|join|Iodic
|join|triangle2
|player|p1|Iodic|264
|player|p2|triangle2|265
|gametype|singles
|gen|6
|tier|OU
|rated
|clearpoke
|poke|p1|Excadrill, F
|poke|p1|Azumarill, M
|poke|p1|Talonflame, F
|poke|p1|Garchomp, M
|poke|p1|Serperior, F
|poke|p1|Metagross
|poke|p2|Sableye, M
|poke|p2|Heatran, M
|poke|p2|Gyarados, M
|poke|p2|Skarmory, M
|poke|p2|Clefable, M
|poke|p2|Chansey, F
|rule|Swagger Clause: Swagger is banned
|rule|Baton Pass Clause: Limit one PokÃ©mon knowing Baton Pass
|rule|Sleep Clause Mod: Limit one foe put to sleep
|rule|Species Clause: Limit one of each PokÃ©mon
|rule|OHKO Clause: OHKO moves are banned
|rule|Moody Clause: Moody is banned
|rule|Evasion Moves Clause: Evasion moves are banned
|rule|Endless Battle Clause: Forcing endless battles is banned
|rule|HP Percentage Mod: HP is shown in percentages
|teampreview
|
|start
|switch|p1a: Garchomp|Garchomp, M|420\/420
|switch|p2a: Sableye|Sableye, M|304\/304
|turn|1
|
|switch|p1a: Talonflame|Talonflame, F|359\/359
|detailschange|p2a: Sableye|Sableye-Mega, M
|-mega|p2a: Sableye|Sableye|Sablenite
|move|p2a: Sableye|Will-O-Wisp|p1a: Talonflame
|-fail|p1a: Talonflame
|
|turn|2
|
|switch|p2a: Heatran|Heatran, M|385\/385
|move|p1a: Talonflame|Swords Dance|p1a: Talonflame
|-boost|p1a: Talonflame|atk|2
|
|turn|3
|
|move|p1a: Talonflame|Brave Bird|p2a: Heatran
|-resisted|p2a: Heatran
|-damage|p2a: Heatran|271\/385
|-damage|p1a: Talonflame|321\/359|[from] recoil|[of] p2a: Heatran
|move|p2a: Heatran|Toxic|p1a: Talonflame
|-status|p1a: Talonflame|tox
|
|-heal|p1a: Talonflame|343\/359 tox|[from] item: Leftovers
|-heal|p2a: Heatran|295\/385|[from] item: Leftovers
|-damage|p1a: Talonflame|321\/359 tox|[from] psn
|turn|4
|
|switch|p2a: Gyarados|Gyarados, M|394\/394
|-ability|p2a: Gyarados|Intimidate|[of] p1a: Talonflame
|-unboost|p1a: Talonflame|atk|1
|move|p1a: Talonflame|Brave Bird|p2a: Gyarados
|-damage|p2a: Gyarados|235\/394
|-damage|p1a: Talonflame|269\/359 tox|[from] recoil|[of] p2a: Gyarados
|
|-heal|p1a: Talonflame|291\/359 tox|[from] item: Leftovers
|-heal|p2a: Gyarados|259\/394|[from] item: Leftovers
|-damage|p1a: Talonflame|247\/359 tox|[from] psn
|turn|5
|
|move|p1a: Talonflame|Brave Bird|p2a: Gyarados
|-damage|p2a: Gyarados|106\/394
|-damage|p1a: Talonflame|197\/359 tox|[from] recoil|[of] p2a: Gyarados
|move|p2a: Gyarados|Waterfall|p1a: Talonflame
|-supereffective|p1a: Talonflame
|-damage|p1a: Talonflame|0 fnt
|faint|p1a: Talonflame
|
|-heal|p2a: Gyarados|130\/394|[from] item: Leftovers
|
|switch|p1a: Azumarill|Azumarill, M|363\/363
|turn|6
|
|move|p2a: Gyarados|Rest|p2a: Gyarados
|-status|p2a: Gyarados|slp
|-heal|p2a: Gyarados|394\/394 slp|[silent]
|-status|p2a: Gyarados|slp|[from] move: Rest
|move|p1a: Azumarill|Play Rough|p2a: Gyarados|[miss]
|-miss|p1a: Azumarill|p2a: Gyarados
|
|turn|7
|
|switch|p2a: Skarmory|Skarmory, M|334\/334
|move|p1a: Azumarill|Belly Drum|p1a: Azumarill
|-damage|p1a: Azumarill|182\/363
|-setboost|p1a: Azumarill|atk|6|[from] move: Belly Drum
|
|turn|8
|
|move|p1a: Azumarill|Knock Off|p2a: Skarmory
|-activate|p2a: Skarmory|Sturdy
|-damage|p2a: Skarmory|1\/334
|-enditem|p2a: Skarmory|Leftovers|[from] move: Knock Off|[of] p1a: Azumarill
|move|p2a: Skarmory|Whirlwind|p1a: Azumarill
|drag|p1a: Serperior|Serperior, F|353\/353
|
|turn|9
|
|switch|p2a: Chansey|Chansey, F|704\/704
|move|p1a: Serperior|Leaf Storm|p2a: Chansey
|-damage|p2a: Chansey|622\/704
|-boost|p1a: Serperior|spa|2
|
|turn|10
|
|switch|p1a: Excadrill|Excadrill, F|412\/412
|-ability|p1a: Excadrill|Mold Breaker
|move|p2a: Chansey|Toxic|p1a: Excadrill
|-fail|p1a: Excadrill
|
|turn|11
|
|switch|p2a: Sableye|Sableye-Mega, M|304\/304
|move|p1a: Excadrill|Rock Slide|p2a: Sableye
|-crit|p2a: Sableye
|-damage|p2a: Sableye|231\/304
|
|turn|12
|
|switch|p1a: Serperior|Serperior, F|353\/353
|move|p2a: Sableye|Will-O-Wisp|p1a: Serperior
|-status|p1a: Serperior|brn
|
|-damage|p1a: Serperior|309\/353 brn|[from] brn
|turn|13
|
|switch|p2a: Chansey|Chansey, F|622\/704
|move|p1a: Serperior|Leech Seed|p2a: Chansey
|-start|p2a: Chansey|move: Leech Seed
|
|-damage|p2a: Chansey|534\/704|[from] Leech Seed|[of] p1a: Serperior
|-heal|p1a: Serperior|353\/353 brn|[silent]
|-damage|p1a: Serperior|309\/353 brn|[from] brn
|turn|14
|
|switch|p2a: Heatran|Heatran, M|295\/385
|move|p1a: Serperior|Leaf Storm|p2a: Heatran
|-resisted|p2a: Heatran
|-damage|p2a: Heatran|275\/385
|-boost|p1a: Serperior|spa|2
|
|-heal|p2a: Heatran|299\/385|[from] item: Leftovers
|-damage|p1a: Serperior|265\/353 brn|[from] brn
|turn|15
|
|switch|p1a: Garchomp|Garchomp, M|420\/420
|move|p2a: Heatran|Lava Plume|p1a: Garchomp
|-resisted|p1a: Garchomp
|-damage|p1a: Garchomp|351\/420
|-status|p1a: Garchomp|brn
|
|-heal|p2a: Heatran|323\/385|[from] item: Leftovers
|-damage|p1a: Garchomp|299\/420 brn|[from] brn
|turn|16
|
|move|p2a: Heatran|Protect|p2a: Heatran
|-singleturn|p2a: Heatran|Protect
|move|p1a: Garchomp|Dragon Tail|p2a: Heatran
|-activate|p2a: Heatran|Protect
|
|-heal|p2a: Heatran|347\/385|[from] item: Leftovers
|-damage|p1a: Garchomp|247\/420 brn|[from] brn
|turn|17
|
|switch|p2a: Clefable|Clefable, M|394\/394
|move|p1a: Garchomp|Stealth Rock|p2a: Clefable
|-sidestart|p2: triangle2|move: Stealth Rock
|
|-damage|p1a: Garchomp|195\/420 brn|[from] brn
|turn|18
|
|switch|p1a: Excadrill|Excadrill, F|412\/412
|-ability|p1a: Excadrill|Mold Breaker
|move|p2a: Clefable|Moonblast|p1a: Excadrill
|-resisted|p1a: Excadrill
|-damage|p1a: Excadrill|373\/412
|-unboost|p1a: Excadrill|spa|1
|
|turn|19
|
|switch|p2a: Sableye|Sableye-Mega, M|231\/304
|-damage|p2a: Sableye|193\/304|[from] Stealth Rock
|move|p1a: Excadrill|Iron Head|p2a: Sableye
|-damage|p2a: Sableye|115\/304
|
|turn|20
|
|move|p1a: Excadrill|Earthquake|p2a: Sableye
|-damage|p2a: Sableye|3\/304
|move|p2a: Sableye|Recover|p2a: Sableye
|-heal|p2a: Sableye|155\/304
|
|turn|21
|
|switch|p1a: Serperior|Serperior, F|265\/353 brn
|move|p2a: Sableye|Recover|p2a: Sableye
|-heal|p2a: Sableye|304\/304
|
|-damage|p1a: Serperior|221\/353 brn|[from] brn
|turn|22
|
|switch|p2a: Chansey|Chansey, F|534\/704
|-damage|p2a: Chansey|446\/704|[from] Stealth Rock
|move|p1a: Serperior|Leaf Storm|p2a: Chansey
|-damage|p2a: Chansey|361\/704
|-boost|p1a: Serperior|spa|2
|
|-damage|p1a: Serperior|177\/353 brn|[from] brn
|turn|23
|
|move|p1a: Serperior|Synthesis|p1a: Serperior
|-heal|p1a: Serperior|353\/353 brn
|move|p2a: Chansey|Stealth Rock|p1a: Serperior
|-sidestart|p1: Iodic|move: Stealth Rock
|
|-damage|p1a: Serperior|309\/353 brn|[from] brn
|turn|24
|
|move|p1a: Serperior|Leech Seed|p2a: Chansey
|-start|p2a: Chansey|move: Leech Seed
|move|p2a: Chansey|Soft-Boiled|p2a: Chansey
|-heal|p2a: Chansey|704\/704
|
|-damage|p2a: Chansey|616\/704|[from] Leech Seed|[of] p1a: Serperior
|-heal|p1a: Serperior|353\/353 brn|[silent]
|-damage|p1a: Serperior|309\/353 brn|[from] brn
|turn|25
|
|switch|p2a: Heatran|Heatran, M|347\/385
|-damage|p2a: Heatran|299\/385|[from] Stealth Rock
|move|p1a: Serperior|Glare|p2a: Heatran
|-status|p2a: Heatran|par
|
|-heal|p2a: Heatran|323\/385 par|[from] item: Leftovers
|-damage|p1a: Serperior|265\/353 brn|[from] brn
|turn|26
|
|switch|p1a: Garchomp|Garchomp, M|195\/420 brn
|-damage|p1a: Garchomp|169\/420 brn|[from] Stealth Rock
|cant|p2a: Heatran|par
|
|-heal|p2a: Heatran|347\/385 par|[from] item: Leftovers
|-damage|p1a: Garchomp|117\/420 brn|[from] brn
|turn|27
|c|âtriangle2|nice set
|c|âIodic|lol thanks
|
|move|p2a: Heatran|Protect|p2a: Heatran
|-singleturn|p2a: Heatran|Protect
|move|p1a: Garchomp|Earthquake|p2a: Heatran
|-activate|p2a: Heatran|Protect
|
|-heal|p2a: Heatran|371\/385 par|[from] item: Leftovers
|-damage|p1a: Garchomp|65\/420 brn|[from] brn
|turn|28
|
|switch|p2a: Skarmory|Skarmory, M|1\/334
|-damage|p2a: Skarmory|0 fnt|[from] Stealth Rock
|faint|p2a: Skarmory
|move|p1a: Garchomp|Earthquake|p2: Skarmory|[notarget]
|-notarget
|
|-damage|p1a: Garchomp|13\/420 brn|[from] brn
|
|switch|p2a: Chansey|Chansey, F|616\/704
|-damage|p2a: Chansey|528\/704|[from] Stealth Rock
|turn|29
|
|move|p1a: Garchomp|Earthquake|p2a: Chansey
|-damage|p2a: Chansey|428\/704
|move|p2a: Chansey|Soft-Boiled|p2a: Chansey
|-heal|p2a: Chansey|704\/704
|
|-damage|p1a: Garchomp|0 fnt|[from] brn
|faint|p1a: Garchomp
|c|âtriangle2|wasnt being sarcastic or anything btw
|c|âtriangle2|:D
|
|switch|p1a: Azumarill|Azumarill, M|182\/363
|-damage|p1a: Azumarill|137\/363|[from] Stealth Rock
|-enditem|p1a: Azumarill|Sitrus Berry|[eat]
|-heal|p1a: Azumarill|227\/363|[from] item: Sitrus Berry
|turn|30
|c|âtriangle2|i really like it
|c|âIodic|hehe
|c|âIodic|I need to fit taunt in there somehow
|c|âtriangle2|oh right
|
|move|p1a: Azumarill|Belly Drum|p1a: Azumarill
|-damage|p1a: Azumarill|46\/363
|-setboost|p1a: Azumarill|atk|6|[from] move: Belly Drum
|move|p2a: Chansey|Toxic|p1a: Azumarill
|-status|p1a: Azumarill|tox
|
|-damage|p1a: Azumarill|24\/363 tox|[from] psn
|turn|31
|c|âtriangle2|thatd be great
|
|switch|p2a: Clefable|Clefable, M|394\/394
|-damage|p2a: Clefable|345\/394|[from] Stealth Rock
|move|p1a: Azumarill|Play Rough|p2a: Clefable
|-damage|p2a: Clefable|74\/394
|
|-heal|p2a: Clefable|98\/394|[from] item: Leftovers
|-damage|p1a: Azumarill|0 fnt|[from] psn
|faint|p1a: Azumarill
|
|switch|p1a: Metagross|Metagross|301\/301
|-damage|p1a: Metagross|283\/301|[from] Stealth Rock
|turn|32
|
|switch|p2a: Gyarados|Gyarados, M|394\/394 slp
|-damage|p2a: Gyarados|296\/394 slp|[from] Stealth Rock
|-ability|p2a: Gyarados|Intimidate|[of] p1a: Metagross
|-fail|p1a: Metagross|unboost|[from] ability: Clear Body|[of] p1a: Metagross
|detailschange|p1a: Metagross|Metagross-Mega
|-mega|p1a: Metagross|Metagross|Metagrossite
|move|p1a: Metagross|Iron Head|p2a: Gyarados
|-resisted|p2a: Gyarados
|-damage|p2a: Gyarados|214\/394 slp
|
|-heal|p2a: Gyarados|238\/394 slp|[from] item: Leftovers
|turn|33
|
|move|p1a: Metagross|Zen Headbutt|p2a: Gyarados
|-damage|p2a: Gyarados|49\/394 slp
|cant|p2a: Gyarados|slp
|move|p2a: Gyarados|Sleep Talk|p2a: Gyarados
|move|p2a: Gyarados|Waterfall|p1a: Metagross|[from]Sleep Talk
|-crit|p1a: Metagross
|-damage|p1a: Metagross|162\/301
|
|-heal|p2a: Gyarados|73\/394 slp|[from] item: Leftovers
|turn|34
|
|move|p1a: Metagross|Iron Head|p2a: Gyarados
|-resisted|p2a: Gyarados
|-damage|p2a: Gyarados|0 fnt
|faint|p2a: Gyarados
|
|
|switch|p2a: Sableye|Sableye-Mega, M|304\/304
|-damage|p2a: Sableye|266\/304|[from] Stealth Rock
|turn|35
|
|switch|p1a: Serperior|Serperior, F|265\/353 brn
|-damage|p1a: Serperior|221\/353 brn|[from] Stealth Rock
|move|p2a: Sableye|Will-O-Wisp|p1a: Serperior
|-fail|p1a: Serperior|brn
|
|-damage|p1a: Serperior|177\/353 brn|[from] brn
|turn|36
|
|move|p1a: Serperior|Synthesis|p1a: Serperior
|-heal|p1a: Serperior|353\/353 brn
|move|p2a: Sableye|Calm Mind|p2a: Sableye
|-boost|p2a: Sableye|spa|1
|-boost|p2a: Sableye|spd|1
|
|-damage|p1a: Serperior|309\/353 brn|[from] brn
|turn|37
|
|move|p1a: Serperior|Leaf Storm|p2a: Sableye
|-damage|p2a: Sableye|190\/304
|-boost|p1a: Serperior|spa|2
|move|p2a: Sableye|Calm Mind|p2a: Sableye
|-boost|p2a: Sableye|spa|1
|-boost|p2a: Sableye|spd|1
|
|-damage|p1a: Serperior|265\/353 brn|[from] brn
|turn|38
|
|move|p1a: Serperior|Leaf Storm|p2a: Sableye
|-damage|p2a: Sableye|76\/304
|-boost|p1a: Serperior|spa|2
|move|p2a: Sableye|Dark Pulse|p1a: Serperior
|-damage|p1a: Serperior|100\/353 brn
|
|-damage|p1a: Serperior|56\/353 brn|[from] brn
|turn|39
|
|switch|p2a: Heatran|Heatran, M|371\/385 par
|-damage|p2a: Heatran|323\/385 par|[from] Stealth Rock
|move|p1a: Serperior|Leaf Storm|p2a: Heatran
|-resisted|p2a: Heatran
|-damage|p2a: Heatran|253\/385 par
|-boost|p1a: Serperior|spa|2
|
|-heal|p2a: Heatran|277\/385 par|[from] item: Leftovers
|-damage|p1a: Serperior|12\/353 brn|[from] brn
|turn|40
|
|move|p1a: Serperior|Synthesis|p1a: Serperior
|-heal|p1a: Serperior|188\/353 brn
|move|p2a: Heatran|Lava Plume|p1a: Serperior
|-supereffective|p1a: Serperior
|-damage|p1a: Serperior|0 fnt
|faint|p1a: Serperior
|
|-heal|p2a: Heatran|301\/385 par|[from] item: Leftovers
|
|switch|p1a: Excadrill|Excadrill, F|373\/412
|-damage|p1a: Excadrill|361\/412|[from] Stealth Rock
|-ability|p1a: Excadrill|Mold Breaker
|turn|41
|
|switch|p2a: Clefable|Clefable, M|98\/394
|-damage|p2a: Clefable|49\/394|[from] Stealth Rock
|move|p1a: Excadrill|Earthquake|p2a: Clefable
|-damage|p2a: Clefable|0 fnt
|faint|p2a: Clefable
|
|
|switch|p2a: Chansey|Chansey, F|704\/704
|-damage|p2a: Chansey|616\/704|[from] Stealth Rock
|turn|42
|
|move|p1a: Excadrill|Iron Head|p2a: Chansey
|-damage|p2a: Chansey|448\/704
|cant|p2a: Chansey|flinch
|
|turn|43
|
|move|p1a: Excadrill|Iron Head|p2a: Chansey
|-damage|p2a: Chansey|265\/704
|cant|p2a: Chansey|flinch
|
|turn|44
|
|switch|p1a: Metagross|Metagross-Mega|162\/301
|-damage|p1a: Metagross|144\/301|[from] Stealth Rock
|move|p2a: Chansey|Soft-Boiled|p2a: Chansey
|-heal|p2a: Chansey|617\/704
|
|turn|45
|
|switch|p2a: Heatran|Heatran, M|301\/385 par
|-damage|p2a: Heatran|253\/385 par|[from] Stealth Rock
|move|p1a: Metagross|Hammer Arm|p2a: Heatran
|-supereffective|p2a: Heatran
|-damage|p2a: Heatran|0 fnt
|-unboost|p1a: Metagross|spe|1
|faint|p2a: Heatran
|
|
|switch|p2a: Sableye|Sableye-Mega, M|76\/304
|-damage|p2a: Sableye|38\/304|[from] Stealth Rock
|turn|46
|
|move|p1a: Metagross|Iron Head|p2a: Sableye
|-damage|p2a: Sableye|0 fnt
|faint|p2a: Sableye
|
|
|switch|p2a: Chansey|Chansey, F|617\/704
|-damage|p2a: Chansey|529\/704|[from] Stealth Rock
|turn|47
|c|âIodic|gg
|
|move|p1a: Metagross|Hammer Arm|p2a: Chansey
|-supereffective|p2a: Chansey
|-damage|p2a: Chansey|111\/704
|-unboost|p1a: Metagross|spe|1
|move|p2a: Chansey|Seismic Toss|p1a: Metagross
|-damage|p1a: Metagross|44\/301
|
|turn|48
|c|âtriangle2|wait
|c|âIodic|dat bulk tho
|c|âtriangle2|yea :D
|c|âtriangle2|well
|c|âtriangle2|gg
|-message|triangle2 forfeited.
|
|win|Iodic
|raw|Ladder updating...
|leave|triangle2
|player|p2
|raw|Iodic's rating: 1457 &rarr; <strong>1470<\/strong><br \/>(+13 for winning)
|raw|triangle2's rating: 1342 &rarr; <strong>1328<\/strong><br \/>(-14 for losing)