|join|popparon
|join|Iodic
|player|p1|popparon|2
|player|p2|Iodic|264
|gametype|singles
|gen|6
|tier|OU
|rated
|clearpoke
|poke|p1|Umbreon, M, shiny
|poke|p1|Mandibuzz, F, shiny
|poke|p1|Mew, shiny
|poke|p1|Victini
|poke|p1|Empoleon, M
|poke|p1|Pidgeot, M, shiny
|poke|p2|Sylveon, F
|poke|p2|Slowbro, M
|poke|p2|Scizor, M
|poke|p2|Lopunny, F, shiny
|poke|p2|Serperior, F
|poke|p2|Infernape, M
|rule|Swagger Clause: Swagger is banned
|rule|Baton Pass Clause: Limit one PokÃ©mon knowing Baton Pass
|rule|Sleep Clause Mod: Limit one foe put to sleep
|rule|Species Clause: Limit one of each PokÃ©mon
|rule|OHKO Clause: OHKO moves are banned
|rule|Moody Clause: Moody is banned
|rule|Evasion Moves Clause: Evasion moves are banned
|rule|Endless Battle Clause: Forcing endless battles is banned
|rule|HP Percentage Mod: HP is shown in percentages
|teampreview
|
|start
|switch|p1a: Lord Have Mercy|Mew, shiny|342\/342
|switch|p2a: Catherine|Sylveon, F|392\/392
|turn|1
|
|switch|p1a: Happy Feet|Empoleon, M|372\/372
|move|p2a: Catherine|Hyper Voice|p1a: Happy Feet
|-resisted|p1a: Happy Feet
|-damage|p1a: Happy Feet|220\/372
|
|turn|2
|
|switch|p2a: Victoria|Serperior, F|353\/353
|move|p1a: Happy Feet|Scald|p2a: Victoria
|-resisted|p2a: Victoria
|-damage|p2a: Victoria|251\/353
|
|turn|3
|
|move|p2a: Victoria|Leech Seed|p1a: Happy Feet
|-start|p1a: Happy Feet|move: Leech Seed
|move|p1a: Happy Feet|Scald|p2a: Victoria
|-crit|p2a: Victoria
|-resisted|p2a: Victoria
|-damage|p2a: Victoria|77\/353
|
|-damage|p1a: Happy Feet|174\/372|[from] Leech Seed|[of] p2a: Victoria
|-heal|p2a: Victoria|123\/353|[silent]
|turn|4
|
|switch|p1a: Lord Have Mercy|Mew, shiny|342\/342
|move|p2a: Victoria|Light Screen|p2a: Victoria
|-sidestart|p2: Iodic|move: Light Screen
|
|turn|5
|
|switch|p2a: Stalin|Scizor, M|343\/343
|move|p1a: Lord Have Mercy|Ice Beam|p2a: Stalin
|-resisted|p2a: Stalin
|-damage|p2a: Stalin|318\/343
|
|turn|6
|
|switch|p1a: Flinstone|Mandibuzz, F, shiny|424\/424
|move|p2a: Stalin|U-turn|p1a: Flinstone
|-damage|p1a: Flinstone|280\/424
|
|switch|p2a: Catherine|Sylveon, F|392\/392
|
|-heal|p1a: Flinstone|306\/424|[from] item: Leftovers
|turn|7
|
|switch|p1a: Turn Up God|Victini|341\/341
|move|p2a: Catherine|Hyper Voice|p1a: Turn Up God
|-resisted|p1a: Turn Up God
|-damage|p1a: Turn Up God|236\/341
|
|turn|8
|
|switch|p2a: Henry|Slowbro, M|394\/394
|move|p1a: Turn Up God|Bolt Strike|p2a: Henry
|-supereffective|p2a: Henry
|-damage|p2a: Henry|204\/394
|-status|p2a: Henry|par
|
|-heal|p2a: Henry|228\/394 par|[from] item: Leftovers
|turn|9
|
|move|p1a: Turn Up God|Bolt Strike|p2a: Henry
|-supereffective|p2a: Henry
|-damage|p2a: Henry|26\/394 par
|move|p2a: Henry|Scald|p1a: Turn Up God
|-supereffective|p1a: Turn Up God
|-damage|p1a: Turn Up God|86\/341
|
|-heal|p2a: Henry|50\/394 par|[from] item: Leftovers
|turn|10
|raw|<div class="broadcast-red"><b>The server is restarting soon.<\/b><br \/>Please finish your battles quickly. No new battles can be started until the server resets in a few minutes.<\/div>
|raw|<div class="broadcast-red"><b>Moderated chat was set to +!<\/b><br \/>Only users of rank + and higher can talk.<\/div>
|
|switch|p2a: Victoria|Serperior, F|123\/353
|move|p1a: Turn Up God|Bolt Strike|p2a: Victoria
|-resisted|p2a: Victoria
|-damage|p2a: Victoria|53\/353
|
|turn|11
|raw|<div class="broadcast-blue"><b>This is just a maintenance restart, don't panic. Sorry.<\/b><\/div>
|
|move|p2a: Victoria|Reflect|p2a: Victoria
|-sidestart|p2: Iodic|Reflect
|move|p1a: Turn Up God|Glaciate|p2a: Victoria
|-supereffective|p2a: Victoria
|-damage|p2a: Victoria|0 fnt
|faint|p2a: Victoria
|
|-sideend|p2: Iodic|move: Light Screen
|
|switch|p2a: Diana|Lopunny, F, shiny|272\/272
|turn|12
|
|switch|p1a: Flinstone|Mandibuzz, F, shiny|306\/424
|detailschange|p2a: Diana|Lopunny-Mega, F, shiny
|-mega|p2a: Diana|Lopunny|Lopunnite
|move|p2a: Diana|Return|p1a: Flinstone
|-damage|p1a: Flinstone|161\/424
|
|-heal|p1a: Flinstone|187\/424|[from] item: Leftovers
|turn|13
|
|move|p2a: Diana|Power-Up Punch|p1a: Flinstone
|-damage|p1a: Flinstone|135\/424
|-boost|p2a: Diana|atk|1
|move|p1a: Flinstone|Roost|p1a: Flinstone
|-heal|p1a: Flinstone|347\/424
|
|-heal|p1a: Flinstone|373\/424|[from] item: Leftovers
|turn|14
|
|move|p2a: Diana|Return|p1a: Flinstone
|-damage|p1a: Flinstone|153\/424
|move|p1a: Flinstone|Toxic|p2a: Diana
|-status|p2a: Diana|tox
|
|-heal|p1a: Flinstone|179\/424|[from] item: Leftovers
|-damage|p2a: Diana|255\/272 tox|[from] psn
|turn|15
|
|switch|p1a: Happy Feet|Empoleon, M|174\/372
|move|p2a: Diana|Return|p1a: Happy Feet
|-resisted|p1a: Happy Feet
|-damage|p1a: Happy Feet|0 fnt
|faint|p1a: Happy Feet
|
|-damage|p2a: Diana|221\/272 tox|[from] psn
|
|switch|p1a: Lord Have Mercy|Mew, shiny|342\/342
|turn|16
|
|switch|p2a: Stalin|Scizor, M|318\/343
|move|p1a: Lord Have Mercy|Psychic|p2a: Stalin
|-resisted|p2a: Stalin
|-damage|p2a: Stalin|246\/343
|
|turn|17
|
|move|p1a: Lord Have Mercy|Fire Blast|p2a: Stalin
|-supereffective|p2a: Stalin
|-damage|p2a: Stalin|0 fnt
|faint|p2a: Stalin
|
|
|switch|p2a: Catherine|Sylveon, F|392\/392
|turn|18
|
|switch|p1a: Flinstone|Mandibuzz, F, shiny|179\/424
|move|p2a: Catherine|Hyper Voice|p1a: Flinstone
|-supereffective|p1a: Flinstone
|-damage|p1a: Flinstone|0 fnt
|faint|p1a: Flinstone
|
|-sideend|p2: Iodic|Reflect
|
|switch|p1a: Turn Up God|Victini|86\/341
|turn|19
|
|switch|p2a: Mao|Infernape, M|293\/293
|move|p1a: Turn Up God|V-create|p2a: Mao
|-resisted|p2a: Mao
|-damage|p2a: Mao|125\/293
|-unboost|p1a: Turn Up God|def|1
|-unboost|p1a: Turn Up God|spd|1
|-unboost|p1a: Turn Up God|spe|1
|
|turn|20
|
|switch|p1a: Rita Ora|Umbreon, M, shiny|394\/394
|move|p2a: Mao|Close Combat|p1a: Rita Ora
|-supereffective|p1a: Rita Ora
|-damage|p1a: Rita Ora|88\/394
|-unboost|p2a: Mao|def|1
|-unboost|p2a: Mao|spd|1
|
|-heal|p1a: Rita Ora|112\/394|[from] item: Leftovers
|turn|21
|raw|<div class="broadcast-red"><b>The server is restarting soon.<\/b><br \/>Please finish your battles quickly. No new battles can be started until the server resets in a few minutes.<\/div>
|
|move|p2a: Mao|Close Combat|p1a: Rita Ora
|-supereffective|p1a: Rita Ora
|-damage|p1a: Rita Ora|0 fnt
|-unboost|p2a: Mao|def|1
|-unboost|p2a: Mao|spd|1
|faint|p1a: Rita Ora
|
|raw|<div class="broadcast-blue"><b>Restart will happen in few minutes. Get ready.<\/b><\/div>
|
|switch|p1a: Bird Jesus|Pidgeot, M, shiny|308\/308
|turn|22
|
|detailschange|p1a: Bird Jesus|Pidgeot-Mega, M, shiny
|-mega|p1a: Bird Jesus|Pidgeot|Pidgeotite
|move|p2a: Mao|Endeavor|p1a: Bird Jesus
|-damage|p1a: Bird Jesus|125\/308
|move|p1a: Bird Jesus|Hurricane|p2a: Mao
|-supereffective|p2a: Mao
|-damage|p2a: Mao|0 fnt
|faint|p2a: Mao
|
|
|switch|p2a: Diana|Lopunny-Mega, F, shiny|221\/272 tox
|turn|23
|
|move|p1a: Bird Jesus|Quick Attack|p2a: Diana
|-damage|p2a: Diana|182\/272 tox
|move|p2a: Diana|Return|p1a: Bird Jesus
|-damage|p1a: Bird Jesus|0 fnt
|faint|p1a: Bird Jesus
|
|-damage|p2a: Diana|165\/272 tox|[from] psn
|
|switch|p1a: Lord Have Mercy|Mew, shiny|342\/342
|turn|24
|
|switch|p2a: Catherine|Sylveon, F|392\/392
|switch|p1a: Turn Up God|Victini|86\/341
|
|turn|25
|
|switch|p2a: Henry|Slowbro, M|181\/394 par
|move|p1a: Turn Up God|Bolt Strike|p2a: Henry
|-supereffective|p2a: Henry
|-damage|p2a: Henry|0 fnt
|faint|p2a: Henry
|
|join|MemedYourMom
|
|switch|p2a: Diana|Lopunny-Mega, F, shiny|165\/272 tox
|turn|26
|
|switch|p1a: Lord Have Mercy|Mew, shiny|342\/342
|move|p2a: Diana|Return|p1a: Lord Have Mercy
|-damage|p1a: Lord Have Mercy|141\/342
|
|-damage|p2a: Diana|148\/272 tox|[from] psn
|turn|27
|
|move|p2a: Diana|Return|p1a: Lord Have Mercy
|-damage|p1a: Lord Have Mercy|0 fnt
|faint|p1a: Lord Have Mercy
|
|-damage|p2a: Diana|114\/272 tox|[from] psn
|
|switch|p1a: Turn Up God|Victini|86\/341
|turn|28
|
|move|p2a: Diana|Return|p1a: Turn Up God
|-damage|p1a: Turn Up God|0 fnt
|faint|p1a: Turn Up God
|
|win|Iodic
|raw|Ladder updating...
|raw|popparon's rating: 1558 &rarr; <strong>1536<\/strong><br \/>(-22 for losing)
|raw|Iodic's rating: 1534 &rarr; <strong>1555<\/strong><br \/>(+21 for winning)
|c|âpopparon|gg
|c|âIodic|gg