|join|pepsi
|join|Iodic
|player|p1|pepsi|170
|player|p2|Iodic|264
|gametype|singles
|gen|6
|tier|OU
|rated
|clearpoke
|poke|p1|Lopunny, F
|poke|p1|Raikou
|poke|p1|Klefki, F
|poke|p1|Garchomp, M
|poke|p1|Gengar, F
|poke|p1|Rotom-Wash
|poke|p2|Excadrill, F
|poke|p2|Azumarill, F
|poke|p2|Talonflame, F
|poke|p2|Serperior, M
|poke|p2|Infernape, M
|poke|p2|Gyarados, F
|rule|Swagger Clause: Swagger is banned
|rule|Baton Pass Clause: Limit one PokÃ©mon knowing Baton Pass
|rule|Sleep Clause Mod: Limit one foe put to sleep
|rule|Species Clause: Limit one of each PokÃ©mon
|rule|OHKO Clause: OHKO moves are banned
|rule|Moody Clause: Moody is banned
|rule|Evasion Moves Clause: Evasion moves are banned
|rule|Endless Battle Clause: Forcing endless battles is banned
|rule|HP Percentage Mod: HP is shown in percentages
|teampreview
|
|start
|switch|p1a: Garchomp|Garchomp, M|358\/358
|switch|p2a: Infernape|Infernape, M|293\/293
|turn|1
|
|move|p2a: Infernape|Stealth Rock|p1a: Garchomp
|-sidestart|p1: pepsi|move: Stealth Rock
|move|p1a: Garchomp|Stealth Rock|p2a: Infernape
|-sidestart|p2: Iodic|move: Stealth Rock
|
|turn|2
|
|switch|p2a: Serperior|Serperior, M|353\/353
|-damage|p2a: Serperior|309\/353|[from] Stealth Rock
|move|p1a: Garchomp|Earthquake|p2a: Serperior
|-resisted|p2a: Serperior
|-damage|p2a: Serperior|188\/353
|-damage|p1a: Garchomp|323\/358|[from] item: Life Orb
|
|-heal|p2a: Serperior|210\/353|[from] item: Leftovers
|turn|3
|
|switch|p1a: Klefki|Klefki, F|318\/318
|-damage|p1a: Klefki|299\/318|[from] Stealth Rock
|move|p2a: Serperior|Glare|p1a: Klefki
|-status|p1a: Klefki|par
|
|-heal|p2a: Serperior|232\/353|[from] item: Leftovers
|-heal|p1a: Klefki|318\/318 par|[from] item: Leftovers
|turn|4
|
|switch|p2a: Excadrill|Excadrill, F|412\/412
|-damage|p2a: Excadrill|400\/412|[from] Stealth Rock
|-ability|p2a: Excadrill|Mold Breaker
|move|p1a: Klefki|Dazzling Gleam|p2a: Excadrill
|-resisted|p2a: Excadrill
|-damage|p2a: Excadrill|368\/412
|
|turn|5
|
|switch|p1a: Garchomp|Garchomp, M|323\/358
|-damage|p1a: Garchomp|301\/358|[from] Stealth Rock
|move|p2a: Excadrill|Rapid Spin|p1a: Garchomp
|-damage|p1a: Garchomp|279\/358
|-damage|p2a: Excadrill|317\/412|[from] ability: Rough Skin|[of] p1a: Garchomp
|-sideend|p2: Iodic|Stealth Rock|[from] move: Rapid Spin|[of] p2a: Excadrill
|
|turn|6
|
|switch|p2a: Serperior|Serperior, M|232\/353
|move|p1a: Garchomp|Dragon Claw|p2a: Serperior
|-damage|p2a: Serperior|21\/353
|-damage|p1a: Garchomp|244\/358|[from] item: Life Orb
|
|-heal|p2a: Serperior|43\/353|[from] item: Leftovers
|turn|7
|
|move|p2a: Serperior|Synthesis|p2a: Serperior
|-heal|p2a: Serperior|219\/353
|move|p1a: Garchomp|Dragon Claw|p2a: Serperior
|-damage|p2a: Serperior|12\/353
|-damage|p1a: Garchomp|209\/358|[from] item: Life Orb
|
|-heal|p2a: Serperior|34\/353|[from] item: Leftovers
|turn|8
|
|switch|p2a: Azumarill|Azumarill, F|362\/362
|switch|p1a: Klefki|Klefki, F|318\/318 par
|-damage|p1a: Klefki|299\/318 par|[from] Stealth Rock
|
|-heal|p1a: Klefki|318\/318 par|[from] item: Leftovers
|turn|9
|
|switch|p2a: Excadrill|Excadrill, F|317\/412
|-ability|p2a: Excadrill|Mold Breaker
|move|p1a: Klefki|Spikes|p2a: Excadrill
|-sidestart|p2: Iodic|Spikes
|
|turn|10
|
|switch|p1a: Rotom-Wash|Rotom-Wash|304\/304
|-damage|p1a: Rotom-Wash|266\/304|[from] Stealth Rock
|move|p2a: Excadrill|Earthquake|p1a: Rotom-Wash
|-supereffective|p1a: Rotom-Wash
|-damage|p1a: Rotom-Wash|0 fnt
|faint|p1a: Rotom-Wash
|
|
|switch|p1a: Garchomp|Garchomp, M|209\/358
|-damage|p1a: Garchomp|187\/358|[from] Stealth Rock
|turn|11
|
|switch|p2a: Talonflame|Talonflame, F|359\/359
|move|p1a: Garchomp|Stealth Rock|p2a: Talonflame
|-sidestart|p2: Iodic|move: Stealth Rock
|
|turn|12
|
|move|p1a: Garchomp|Dragon Claw|p2a: Talonflame
|-damage|p2a: Talonflame|106\/359
|-damage|p1a: Garchomp|152\/358|[from] item: Life Orb
|move|p2a: Talonflame|Will-O-Wisp|p1a: Garchomp
|-status|p1a: Garchomp|brn
|
|-heal|p2a: Talonflame|128\/359|[from] item: Leftovers
|-damage|p1a: Garchomp|108\/358 brn|[from] brn
|turn|13
|
|move|p1a: Garchomp|Earthquake|p2a: Talonflame
|-immune|p2a: Talonflame|[msg]
|move|p2a: Talonflame|Swords Dance|p2a: Talonflame
|-boost|p2a: Talonflame|atk|2
|
|-heal|p2a: Talonflame|150\/359|[from] item: Leftovers
|-damage|p1a: Garchomp|64\/358 brn|[from] brn
|turn|14
|
|move|p2a: Talonflame|Brave Bird|p1a: Garchomp
|-damage|p1a: Garchomp|0 fnt
|-damage|p2a: Talonflame|106\/359|[from] ability: Rough Skin|[of] p1a: Garchomp
|-damage|p2a: Talonflame|85\/359|[from] recoil|[of] p1a: Garchomp
|faint|p1a: Garchomp
|
|-heal|p2a: Talonflame|107\/359|[from] item: Leftovers
|
|switch|p1a: Lopunny|Lopunny, F|272\/272
|-damage|p1a: Lopunny|238\/272|[from] Stealth Rock
|turn|15
|
|switch|p2a: Serperior|Serperior, M|34\/353
|-damage|p2a: Serperior|0 fnt|[from] Spikes
|faint|p2a: Serperior
|detailschange|p1a: Lopunny|Lopunny-Mega, F
|-mega|p1a: Lopunny|Lopunny|Lopunnite
|move|p1a: Lopunny|Fake Out|p2: Serperior|[notarget]
|-notarget
|
|
|switch|p2a: Gyarados|Gyarados, F|331\/331
|-damage|p2a: Gyarados|249\/331|[from] Stealth Rock
|-ability|p2a: Gyarados|Intimidate|[of] p1a: Lopunny
|-unboost|p1a: Lopunny|atk|1
|turn|16
|
|move|p1a: Lopunny|Return|p2a: Gyarados
|-damage|p2a: Gyarados|87\/331
|move|p2a: Gyarados|Dragon Dance|p2a: Gyarados
|-boost|p2a: Gyarados|atk|1
|-boost|p2a: Gyarados|spe|1
|
|turn|17
|
|detailschange|p2a: Gyarados|Gyarados-Mega, F
|-mega|p2a: Gyarados|Gyarados|Gyaradosite
|-ability|p2a: Gyarados|Mold Breaker
|move|p2a: Gyarados|Substitute|p2a: Gyarados
|-start|p2a: Gyarados|Substitute
|-damage|p2a: Gyarados|5\/331
|move|p1a: Lopunny|Return|p2a: Gyarados
|-end|p2a: Gyarados|Substitute
|
|turn|18
|
|switch|p1a: Gengar|Gengar, F|261\/261
|-damage|p1a: Gengar|229\/261|[from] Stealth Rock
|move|p2a: Gyarados|Earthquake|p1a: Gengar
|-supereffective|p1a: Gengar
|-damage|p1a: Gengar|0 fnt
|faint|p1a: Gengar
|
|
|switch|p1a: Lopunny|Lopunny-Mega, F|238\/272
|-damage|p1a: Lopunny|221\/272|[from] Stealth Rock
|turn|19
|
|move|p1a: Lopunny|Fake Out|p2a: Gyarados
|-damage|p2a: Gyarados|0 fnt
|faint|p2a: Gyarados
|
|
|switch|p2a: Azumarill|Azumarill, F|362\/362
|-damage|p2a: Azumarill|317\/362|[from] Stealth Rock
|-damage|p2a: Azumarill|272\/362|[from] Spikes
|turn|20
|
|move|p1a: Lopunny|Return|p2a: Azumarill
|-damage|p2a: Azumarill|52\/362
|-enditem|p2a: Azumarill|Sitrus Berry|[eat]
|-heal|p2a: Azumarill|142\/362|[from] item: Sitrus Berry
|move|p2a: Azumarill|Play Rough|p1a: Lopunny
|-supereffective|p1a: Lopunny
|-damage|p1a: Lopunny|0 fnt
|faint|p1a: Lopunny
|
|
|switch|p1a: Raikou|Raikou|322\/322
|-damage|p1a: Raikou|282\/322|[from] Stealth Rock
|-ability|p1a: Raikou|Pressure
|turn|21
|
|move|p2a: Azumarill|Aqua Jet|p1a: Raikou
|-damage|p1a: Raikou|162\/322
|move|p1a: Raikou|Thunderbolt|p2a: Azumarill
|-crit|p2a: Azumarill
|-supereffective|p2a: Azumarill
|-damage|p2a: Azumarill|0 fnt
|faint|p2a: Azumarill
|
|
|switch|p2a: Excadrill|Excadrill, F|317\/412
|-damage|p2a: Excadrill|266\/412|[from] Spikes
|-damage|p2a: Excadrill|254\/412|[from] Stealth Rock
|-ability|p2a: Excadrill|Mold Breaker
|turn|22
|
|move|p1a: Raikou|Shadow Ball|p2a: Excadrill
|-damage|p2a: Excadrill|192\/412
|-unboost|p2a: Excadrill|spd|1
|move|p2a: Excadrill|Earthquake|p1a: Raikou
|-supereffective|p1a: Raikou
|-damage|p1a: Raikou|0 fnt
|faint|p1a: Raikou
|
|c|âpepsi|gg
|-message|pepsi forfeited.
|c|âIodic|gg
|leave|pepsi
|
|win|Iodic
|raw|Ladder updating...
|player|p1
|raw|pepsi's rating: 1560 &rarr; <strong>1541<\/strong><br \/>(-19 for losing)
|raw|Iodic's rating: 1583 &rarr; <strong>1602<\/strong><br \/>(+19 for winning)