|join|RevMasta
|join|Iodic
|c|âRevMasta|thx
|c|âIodic|Hey there.
|player|p1|RevMasta|109
|player|p2|Iodic|264
|gametype|singles
|gen|6
|tier|OU
|clearpoke
|poke|p1|Xatu, M
|poke|p1|Manectric, M
|poke|p1|Sylveon, M
|poke|p1|Landorus-Therian, M
|poke|p1|Metagross
|poke|p1|Chesnaught, M
|poke|p2|Sylveon, M
|poke|p2|Slowbro, F
|poke|p2|Scizor, F
|poke|p2|Garchomp, M, shiny
|poke|p2|Rotom-Wash
|poke|p2|Lopunny, M
|rule|Swagger Clause: Swagger is banned
|rule|Baton Pass Clause: Limit one PokÃ©mon knowing Baton Pass
|rule|Sleep Clause Mod: Limit one foe put to sleep
|rule|Species Clause: Limit one of each PokÃ©mon
|rule|OHKO Clause: OHKO moves are banned
|rule|Moody Clause: Moody is banned
|rule|Evasion Moves Clause: Evasion moves are banned
|rule|Endless Battle Clause: Forcing endless battles is banned
|rule|HP Percentage Mod: HP is shown in percentages
|teampreview
|
|start
|switch|p1a: Landorus-Therian|Landorus-Therian, M|366\/366
|switch|p2a: Gretchen|Slowbro, F|394\/394
|-ability|p1a: Landorus-Therian|Intimidate|[of] p2a: Gretchen
|-unboost|p2a: Gretchen|atk|1
|turn|1
|
|move|p1a: Landorus-Therian|U-turn|p2a: Gretchen
|-supereffective|p2a: Gretchen
|-damage|p2a: Gretchen|276\/394
|
|switch|p1a: Sylveon|Sylveon, M|393\/393
|move|p2a: Gretchen|Scald|p1a: Sylveon
|-damage|p1a: Sylveon|329\/393
|
|-heal|p1a: Sylveon|353\/393|[from] item: Leftovers
|-heal|p2a: Gretchen|300\/394|[from] item: Leftovers
|turn|2
|
|switch|p2a: Impreza|Scizor, F|343\/343
|move|p1a: Sylveon|Baton Pass|p1a: Sylveon
|
|switch|p1a: Manectric|Manectric, M|281\/281
|
|turn|3
|
|switch|p2a: Ladykiller|Sylveon, M|392\/392
|detailschange|p1a: Manectric|Manectric-Mega, M
|-mega|p1a: Manectric|Manectric|Manectite
|-ability|p1a: Manectric|Intimidate|[of] p2a: Ladykiller
|-unboost|p2a: Ladykiller|atk|1
|move|p1a: Manectric|Thunderbolt|p2a: Ladykiller
|-crit|p2a: Ladykiller
|-damage|p2a: Ladykiller|185\/392
|
|turn|4
|
|move|p1a: Manectric|Volt Switch|p2a: Ladykiller
|-damage|p2a: Ladykiller|79\/392
|
|switch|p1a: Metagross|Metagross|301\/301
|move|p2a: Ladykiller|Hyper Voice|p1a: Metagross
|-resisted|p1a: Metagross
|-damage|p1a: Metagross|148\/301
|
|turn|5
|
|switch|p2a: Gretchen|Slowbro, F|394\/394
|move|p1a: Metagross|Earthquake|p2a: Gretchen
|-damage|p2a: Gretchen|299\/394
|
|-heal|p2a: Gretchen|323\/394|[from] item: Leftovers
|turn|6
|
|move|p1a: Metagross|Grass Knot|p2a: Gretchen
|-supereffective|p2a: Gretchen
|-damage|p2a: Gretchen|177\/394
|move|p2a: Gretchen|Psyshock|p1a: Metagross
|-resisted|p1a: Metagross
|-damage|p1a: Metagross|127\/301
|
|-heal|p2a: Gretchen|201\/394|[from] item: Leftovers
|turn|7
|
|move|p1a: Metagross|Grass Knot|p2a: Gretchen
|-supereffective|p2a: Gretchen
|-damage|p2a: Gretchen|55\/394
|move|p2a: Gretchen|Thunder Wave|p1a: Metagross
|-status|p1a: Metagross|par
|
|-heal|p2a: Gretchen|79\/394|[from] item: Leftovers
|turn|8
|
|switch|p1a: Manectric|Manectric-Mega, M|281\/281
|-ability|p1a: Manectric|Intimidate|[of] p2a: Gretchen
|-unboost|p2a: Gretchen|atk|1
|move|p2a: Gretchen|Slack Off|p2a: Gretchen
|-heal|p2a: Gretchen|276\/394
|
|-heal|p2a: Gretchen|300\/394|[from] item: Leftovers
|turn|9
|
|switch|p2a: Ladykiller|Sylveon, M|79\/392
|move|p1a: Manectric|Hidden Power|p2a: Ladykiller
|-damage|p2a: Ladykiller|17\/392
|
|turn|10
|
|move|p1a: Manectric|Hidden Power|p2a: Ladykiller
|-damage|p2a: Ladykiller|0 fnt
|faint|p2a: Ladykiller
|
|
|switch|p2a: Impreza|Scizor, F|343\/343
|turn|11
|
|switch|p2a: Garlock|Garchomp, M, shiny|357\/357
|move|p1a: Manectric|Flamethrower|p2a: Garlock
|-resisted|p2a: Garlock
|-damage|p2a: Garlock|287\/357
|
|turn|12
|
|switch|p1a: Landorus-Therian|Landorus-Therian, M|366\/366
|-ability|p1a: Landorus-Therian|Intimidate|[of] p2a: Garlock
|-unboost|p2a: Garlock|atk|1
|move|p2a: Garlock|Earthquake|p1a: Landorus-Therian
|-immune|p1a: Landorus-Therian|[msg]
|
|turn|13
|
|move|p2a: Garlock|Stealth Rock|p1a: Landorus-Therian
|-sidestart|p1: RevMasta|move: Stealth Rock
|move|p1a: Landorus-Therian|Stealth Rock|p2a: Garlock
|-sidestart|p2: Iodic|move: Stealth Rock
|
|turn|14
|c|âIodic|oops
|c|âRevMasta|nice
|c|âRevMasta|thx
|c|âRevMasta|lol
|c|âIodic|welp
|
|switch|p2a: Ecto|Rotom-Wash|304\/304
|-damage|p2a: Ecto|266\/304|[from] Stealth Rock
|move|p1a: Landorus-Therian|Earthquake|p2a: Ecto
|-immune|p2a: Ecto|[msg]
|
|-heal|p2a: Ecto|285\/304|[from] item: Leftovers
|turn|15
|c|âIodic|I always manage to make my teams weak to mega manectric
|c|âIodic|this happened last time too
|c|âRevMasta|funny thing is
|c|âRevMasta|i have two megas
|
|move|p1a: Landorus-Therian|U-turn|p2a: Ecto
|-damage|p2a: Ecto|195\/304
|c|âRevMasta|mega gross
|c|âIodic|like my only "counter" is bluffing the scarfchomp
|c|âRevMasta|and manetric
|c|âIodic|oooh
|
|switch|p1a: Sylveon|Sylveon, M|353\/393
|-damage|p1a: Sylveon|304\/393|[from] Stealth Rock
|move|p2a: Ecto|Hydro Pump|p1a: Sylveon
|-damage|p1a: Sylveon|229\/393
|
|-heal|p2a: Ecto|214\/304|[from] item: Leftovers
|-heal|p1a: Sylveon|253\/393|[from] item: Leftovers
|turn|16
|c|âRevMasta|i started with me mane
|c|âRevMasta|but then i forgot
|c|âRevMasta|lol
|
|move|p2a: Ecto|Volt Switch|p1a: Sylveon
|-damage|p1a: Sylveon|204\/393
|c|âIodic|haha
|c|âRevMasta|what do u have?
|c|âRevMasta|sash?
|c|âIodic|on chomp?
|c|âRevMasta|yeah
|c|âIodic|LO
|c|âRevMasta|no is not lol
|
|switch|p2a: Impreza|Scizor, F|343\/343
|-damage|p2a: Impreza|301\/343|[from] Stealth Rock
|move|p1a: Sylveon|Hyper Voice|p2a: Impreza
|-resisted|p2a: Impreza
|-damage|p2a: Impreza|218\/343
|
|-heal|p1a: Sylveon|228\/393|[from] item: Leftovers
|turn|17
|c|âRevMasta|oh wait mm
|c|âRevMasta|just reaslised you didnt hit me
|c|âRevMasta|so i couldnt see
|c|âIodic|yep
|
|switch|p1a: Landorus-Therian|Landorus-Therian, M|366\/366
|-damage|p1a: Landorus-Therian|321\/366|[from] Stealth Rock
|-ability|p1a: Landorus-Therian|Intimidate|[of] p2a: Impreza
|-unboost|p2a: Impreza|atk|1
|move|p2a: Impreza|U-turn|p1a: Landorus-Therian
|-resisted|p1a: Landorus-Therian
|-damage|p1a: Landorus-Therian|249\/366
|c|âIodic|it's normally a suicide lead but
|c|âIodic|like your entire team beats it
|c|âRevMasta|u got outrage or dragon claw?
|c|âIodic|except metagross I guess
|c|âIodic|claw
|
|switch|p2a: Gretchen|Slowbro, F|394\/394
|-damage|p2a: Gretchen|345\/394|[from] Stealth Rock
|
|-heal|p1a: Landorus-Therian|271\/366|[from] item: Leftovers
|-heal|p2a: Gretchen|369\/394|[from] item: Leftovers
|turn|18
|
|move|p1a: Landorus-Therian|U-turn|p2a: Gretchen
|-supereffective|p2a: Gretchen
|-damage|p2a: Gretchen|231\/394
|
|switch|p1a: Chesnaught|Chesnaught, M|379\/379
|-damage|p1a: Chesnaught|356\/379|[from] Stealth Rock
|move|p2a: Gretchen|Scald|p1a: Chesnaught
|-crit|p1a: Chesnaught
|-resisted|p1a: Chesnaught
|-damage|p1a: Chesnaught|254\/379
|-status|p1a: Chesnaught|brn
|
|-heal|p1a: Chesnaught|277\/379 brn|[from] item: Leftovers
|-heal|p2a: Gretchen|255\/394|[from] item: Leftovers
|-damage|p1a: Chesnaught|230\/379 brn|[from] brn
|turn|19
|
|move|p1a: Chesnaught|Leech Seed|p2a: Gretchen
|-start|p2a: Gretchen|move: Leech Seed
|move|p2a: Gretchen|Psyshock|p1a: Chesnaught
|-supereffective|p1a: Chesnaught
|-damage|p1a: Chesnaught|108\/379 brn
|
|-heal|p1a: Chesnaught|131\/379 brn|[from] item: Leftovers
|-heal|p2a: Gretchen|279\/394|[from] item: Leftovers
|-damage|p2a: Gretchen|230\/394|[from] Leech Seed|[of] p1a: Chesnaught
|-heal|p1a: Chesnaught|180\/379 brn|[silent]
|-damage|p1a: Chesnaught|133\/379 brn|[from] brn
|turn|20
|
|switch|p2a: Impreza|Scizor, F|218\/343
|-damage|p2a: Impreza|176\/343|[from] Stealth Rock
|move|p1a: Chesnaught|Spikes|p2a: Impreza
|-sidestart|p2: Iodic|Spikes
|
|-heal|p1a: Chesnaught|156\/379 brn|[from] item: Leftovers
|-damage|p1a: Chesnaught|109\/379 brn|[from] brn
|turn|21
|
|move|p2a: Impreza|U-turn|p1a: Chesnaught
|-damage|p1a: Chesnaught|0 fnt
|faint|p1a: Chesnaught
|
|switch|p2a: Ecto|Rotom-Wash|214\/304
|-damage|p2a: Ecto|176\/304|[from] Stealth Rock
|
|-heal|p2a: Ecto|195\/304|[from] item: Leftovers
|
|switch|p1a: Manectric|Manectric-Mega, M|281\/281
|-damage|p1a: Manectric|246\/281|[from] Stealth Rock
|-ability|p1a: Manectric|Intimidate|[of] p2a: Ecto
|-unboost|p2a: Ecto|atk|1
|turn|22
|
|move|p1a: Manectric|Volt Switch|p2a: Ecto
|-damage|p2a: Ecto|105\/304
|
|switch|p1a: Landorus-Therian|Landorus-Therian, M|271\/366
|-damage|p1a: Landorus-Therian|226\/366|[from] Stealth Rock
|-ability|p1a: Landorus-Therian|Intimidate|[of] p2a: Ecto
|-unboost|p2a: Ecto|atk|1
|move|p2a: Ecto|Pain Split|p1a: Landorus-Therian
|-sethp|p1a: Landorus-Therian|165\/366|p2a: Ecto|165\/304|[from] move: Pain Split
|
|-heal|p1a: Landorus-Therian|187\/366|[from] item: Leftovers
|-heal|p2a: Ecto|184\/304|[from] item: Leftovers
|turn|23
|c|âRevMasta|i might keep mane
|c|âRevMasta|it puts so much preassure all the time
|
|move|p1a: Landorus-Therian|U-turn|p2a: Ecto
|-damage|p2a: Ecto|100\/304
|
|switch|p1a: Metagross|Metagross|127\/301 par
|-damage|p1a: Metagross|109\/301 par|[from] Stealth Rock
|move|p2a: Ecto|Hydro Pump|p1a: Metagross|[miss]
|-miss|p2a: Ecto|p1a: Metagross
|
|-heal|p2a: Ecto|119\/304|[from] item: Leftovers
|turn|24
|c|âIodic|it's sort of hit or miss depending on the team
|c|âIodic|like I designed this team to have no legendaries
|c|âIodic|which means no lati
|
|move|p2a: Ecto|Hydro Pump|p1a: Metagross
|-damage|p1a: Metagross|0 fnt
|faint|p1a: Metagross
|
|-heal|p2a: Ecto|138\/304|[from] item: Leftovers
|c|âIodic|and lati handles manectric really well
|c|âRevMasta|meh
|c|âRevMasta|not that well
|c|âRevMasta|they get worn down fairly quickly
|c|âRevMasta|unless is scarf
|c|âIodic|or roost!
|
|switch|p1a: Manectric|Manectric-Mega, M|246\/281
|-damage|p1a: Manectric|211\/281|[from] Stealth Rock
|-ability|p1a: Manectric|Intimidate|[of] p2a: Ecto
|-unboost|p2a: Ecto|atk|1
|turn|25
|
|move|p1a: Manectric|Thunderbolt|p2a: Ecto
|-damage|p2a: Ecto|18\/304
|move|p2a: Ecto|Hydro Pump|p1a: Manectric
|-damage|p1a: Manectric|42\/281
|
|-heal|p2a: Ecto|37\/304|[from] item: Leftovers
|turn|26
|c|âRevMasta|mmm
|
|move|p1a: Manectric|Thunderbolt|p2a: Ecto
|-damage|p2a: Ecto|0 fnt
|faint|p2a: Ecto
|
|c|âRevMasta|is that max sp def?
|c|âIodic|nah, but some sp def
|c|âIodic|I did a weird split for some reason
|c|âRevMasta|then i got the lowest roll possible
|c|âRevMasta|twice
|
|switch|p2a: Impreza|Scizor, F|176\/343
|-damage|p2a: Impreza|134\/343|[from] Spikes
|-damage|p2a: Impreza|92\/343|[from] Stealth Rock
|turn|27
|
|switch|p1a: Landorus-Therian|Landorus-Therian, M|187\/366
|-damage|p1a: Landorus-Therian|142\/366|[from] Stealth Rock
|-ability|p1a: Landorus-Therian|Intimidate|[of] p2a: Impreza
|-unboost|p2a: Impreza|atk|1
|move|p2a: Impreza|Bullet Punch|p1a: Landorus-Therian
|-damage|p1a: Landorus-Therian|36\/366
|
|-heal|p1a: Landorus-Therian|58\/366|[from] item: Leftovers
|turn|28
|
|move|p2a: Impreza|Bullet Punch|p1a: Landorus-Therian
|-damage|p1a: Landorus-Therian|0 fnt
|faint|p1a: Landorus-Therian
|
|
|switch|p1a: Xatu|Xatu, M|272\/272
|-damage|p1a: Xatu|204\/272|[from] Stealth Rock
|turn|29
|
|switch|p2a: Garlock|Garchomp, M, shiny|287\/357
|-damage|p2a: Garlock|243\/357|[from] Spikes
|-damage|p2a: Garlock|221\/357|[from] Stealth Rock
|move|p1a: Xatu|Heat Wave|p2a: Garlock
|-resisted|p2a: Garlock
|-damage|p2a: Garlock|161\/357
|-status|p2a: Garlock|brn
|
|-heal|p1a: Xatu|221\/272|[from] item: Leftovers
|-damage|p2a: Garlock|117\/357 brn|[from] brn
|turn|30
|c|âIodic|ffff
|
|move|p2a: Garlock|Dragon Claw|p1a: Xatu
|-damage|p1a: Xatu|72\/272
|-damage|p2a: Garlock|82\/357 brn|[from] item: Life Orb
|move|p1a: Xatu|Roost|p1a: Xatu
|-heal|p1a: Xatu|208\/272
|
|-heal|p1a: Xatu|225\/272|[from] item: Leftovers
|-damage|p2a: Garlock|38\/357 brn|[from] brn
|turn|31
|
|move|p2a: Garlock|Dragon Claw|p1a: Xatu
|-damage|p1a: Xatu|91\/272
|-damage|p2a: Garlock|3\/357 brn|[from] item: Life Orb
|move|p1a: Xatu|Roost|p1a: Xatu
|-heal|p1a: Xatu|227\/272
|
|-heal|p1a: Xatu|244\/272|[from] item: Leftovers
|-damage|p2a: Garlock|0 fnt|[from] brn
|faint|p2a: Garlock
|
|switch|p2a: Gretchen|Slowbro, F|361\/394
|-damage|p2a: Gretchen|312\/394|[from] Spikes
|-damage|p2a: Gretchen|263\/394|[from] Stealth Rock
|turn|32
|
|move|p1a: Xatu|U-turn|p2a: Gretchen
|-supereffective|p2a: Gretchen
|-damage|p2a: Gretchen|197\/394
|
|switch|p1a: Sylveon|Sylveon, M|228\/393
|-damage|p1a: Sylveon|179\/393|[from] Stealth Rock
|move|p2a: Gretchen|Scald|p1a: Sylveon
|-damage|p1a: Sylveon|121\/393
|
|-heal|p1a: Sylveon|145\/393|[from] item: Leftovers
|-heal|p2a: Gretchen|221\/394|[from] item: Leftovers
|turn|33
|
|move|p1a: Sylveon|Hyper Voice|p2a: Gretchen
|-damage|p2a: Gretchen|40\/394
|move|p2a: Gretchen|Psyshock|p1a: Sylveon
|-damage|p1a: Sylveon|0 fnt
|faint|p1a: Sylveon
|
|-heal|p2a: Gretchen|64\/394|[from] item: Leftovers
|
|switch|p1a: Xatu|Xatu, M|244\/272
|-damage|p1a: Xatu|176\/272|[from] Stealth Rock
|turn|34
|
|move|p1a: Xatu|Air Slash|p2a: Gretchen
|-damage|p2a: Gretchen|0 fnt
|faint|p2a: Gretchen
|
|-heal|p1a: Xatu|193\/272|[from] item: Leftovers
|
|switch|p2a: Prince|Lopunny, M|272\/272
|-damage|p2a: Prince|238\/272|[from] Stealth Rock
|-damage|p2a: Prince|204\/272|[from] Spikes
|turn|35
|c|âIodic|might actually win this
|
|detailschange|p2a: Prince|Lopunny-Mega, M
|-mega|p2a: Prince|Lopunny|Lopunnite
|move|p2a: Prince|Fake Out|p1a: Xatu
|-damage|p1a: Xatu|85\/272
|cant|p1a: Xatu|flinch
|
|-heal|p1a: Xatu|102\/272|[from] item: Leftovers
|turn|36
|c|âRevMasta|u did
|c|âIodic|crazy
|
|move|p2a: Prince|Return|p1a: Xatu
|-damage|p1a: Xatu|0 fnt
|faint|p1a: Xatu
|
|c|âRevMasta|gg
|
|switch|p1a: Manectric|Manectric-Mega, M|42\/281
|-damage|p1a: Manectric|7\/281|[from] Stealth Rock
|-ability|p1a: Manectric|Intimidate|[of] p2a: Prince
|-unboost|p2a: Prince|atk|1
|turn|37
|c|âIodic|gg
|c|âIodic|rotom is calm 212 sp def
|c|âRevMasta|yeah i got low rolls
|
|move|p1a: Manectric|Thunderbolt|p2a: Prince
|-damage|p2a: Prince|36\/272
|move|p2a: Prince|Return|p1a: Manectric
|-damage|p1a: Manectric|0 fnt
|faint|p1a: Manectric
|
|win|Iodic