|join|redsoxalex3459
|join|Iodic
|player|p1|redsoxalex3459|169
|player|p2|Iodic|264
|gametype|singles
|gen|6
|tier|OU
|rated
|clearpoke
|poke|p1|Landorus-Therian, M
|poke|p1|Raikou
|poke|p1|Togekiss, M
|poke|p1|Ferrothorn, F
|poke|p1|Rotom-Wash
|poke|p1|Entei, shiny
|poke|p2|Excadrill, F
|poke|p2|Azumarill, M
|poke|p2|Talonflame, F
|poke|p2|Serperior, M
|poke|p2|Infernape, M
|poke|p2|Gyarados, F
|rule|Swagger Clause: Swagger is banned
|rule|Baton Pass Clause: Limit one PokÃ©mon knowing Baton Pass
|rule|Sleep Clause Mod: Limit one foe put to sleep
|rule|Species Clause: Limit one of each PokÃ©mon
|rule|OHKO Clause: OHKO moves are banned
|rule|Moody Clause: Moody is banned
|rule|Evasion Moves Clause: Evasion moves are banned
|rule|Endless Battle Clause: Forcing endless battles is banned
|rule|HP Percentage Mod: HP is shown in percentages
|teampreview
|
|start
|switch|p1a: Togekiss|Togekiss, M|311\/311
|switch|p2a: Infernape|Infernape, M|293\/293
|turn|1
|
|move|p2a: Infernape|Stealth Rock|p1a: Togekiss
|-sidestart|p1: redsoxalex3459|move: Stealth Rock
|move|p1a: Togekiss|Air Slash|p2a: Infernape
|-supereffective|p2a: Infernape
|-enditem|p2a: Infernape|Focus Sash
|-damage|p2a: Infernape|1\/293
|
|turn|2
|
|switch|p1a: Washington|Rotom-Wash|304\/304
|-damage|p1a: Washington|266\/304|[from] Stealth Rock
|move|p2a: Infernape|Endeavor|p1a: Washington
|-damage|p1a: Washington|1\/304
|
|-heal|p1a: Washington|20\/304|[from] item: Leftovers
|turn|3
|
|move|p2a: Infernape|Close Combat|p1a: Washington
|-damage|p1a: Washington|0 fnt
|-unboost|p2a: Infernape|def|1
|-unboost|p2a: Infernape|spd|1
|faint|p1a: Washington
|
|
|switch|p1a: Colossus|Raikou|321\/321
|-damage|p1a: Colossus|281\/321|[from] Stealth Rock
|-ability|p1a: Colossus|Pressure
|turn|4
|c|âredsoxalex3459|well thats interesting
|
|switch|p2a: Excadrill|Excadrill, F|412\/412
|-ability|p2a: Excadrill|Mold Breaker
|move|p1a: Colossus|Volt Switch|p2a: Excadrill
|-immune|p2a: Excadrill|[msg]
|
|turn|5
|c|âredsoxalex3459|oh boy
|
|switch|p1a: Spike|Ferrothorn, F|351\/351
|-damage|p1a: Spike|330\/351|[from] Stealth Rock
|switch|p2a: Infernape|Infernape, M|1\/293
|
|turn|6
|
|move|p2a: Infernape|Overheat|p1a: Spike
|-supereffective|p1a: Spike
|-damage|p1a: Spike|0 fnt
|-unboost|p2a: Infernape|spa|2
|faint|p1a: Spike
|
|c|âIodic|infernape's putting in work today
|
|switch|p1a: Colossus|Raikou|281\/321
|-damage|p1a: Colossus|241\/321|[from] Stealth Rock
|-ability|p1a: Colossus|Pressure
|turn|7
|
|switch|p2a: Excadrill|Excadrill, F|412\/412
|-ability|p2a: Excadrill|Mold Breaker
|move|p1a: Colossus|Shadow Ball|p2a: Excadrill
|-damage|p2a: Excadrill|326\/412
|
|turn|8
|
|switch|p1a: Vulcan|Entei, shiny|401\/401
|-damage|p1a: Vulcan|301\/401|[from] Stealth Rock
|-ability|p1a: Vulcan|Pressure
|move|p2a: Excadrill|Earthquake|p1a: Vulcan
|-supereffective|p1a: Vulcan
|-damage|p1a: Vulcan|0 fnt
|faint|p1a: Vulcan
|
|c|âredsoxalex3459|gg
|c|âIodic|gg
|c|âredsoxalex3459|played this so bad
|-message|redsoxalex3459 forfeited.
|leave|redsoxalex3459
|
|win|Iodic
|raw|Ladder updating...
|player|p1
|raw|redsoxalex3459's rating: 1661 &rarr; <strong>1638<\/strong><br \/>(-23 for losing)
|raw|Iodic's rating: 1613 &rarr; <strong>1636<\/strong><br \/>(+23 for winning)