|join|puwe
|join|Iodic
|player|p1|puwe|101
|player|p2|Iodic|264
|gametype|singles
|gen|6
|tier|OU
|rated
|clearpoke
|poke|p1|Hawlucha, F
|poke|p1|Bisharp, F
|poke|p1|Altaria, M
|poke|p1|Tyranitar, F
|poke|p1|Bronzong
|poke|p1|Tangrowth, F
|poke|p2|Excadrill, M
|poke|p2|Azumarill, F
|poke|p2|Talonflame, F
|poke|p2|Serperior, F
|poke|p2|Infernape, F
|poke|p2|Gyarados, M
|rule|Swagger Clause: Swagger is banned
|rule|Baton Pass Clause: Limit one PokÃ©mon knowing Baton Pass
|rule|Sleep Clause Mod: Limit one foe put to sleep
|rule|Species Clause: Limit one of each PokÃ©mon
|rule|OHKO Clause: OHKO moves are banned
|rule|Moody Clause: Moody is banned
|rule|Evasion Moves Clause: Evasion moves are banned
|rule|Endless Battle Clause: Forcing endless battles is banned
|rule|HP Percentage Mod: HP is shown in percentages
|teampreview
|
|start
|switch|p1a: Altaria|Altaria, M|291\/291
|switch|p2a: Talonflame|Talonflame, F|359\/359
|turn|1
|join|kurenaiMiho
|
|switch|p1a: Tyranitar|Tyranitar, F|341\/341
|-weather|Sandstorm
|move|p2a: Talonflame|Will-O-Wisp|p1a: Tyranitar
|-status|p1a: Tyranitar|brn
|
|-weather|Sandstorm|[upkeep]
|-damage|p2a: Talonflame|337\/359|[from] sandstorm
|-heal|p2a: Talonflame|359\/359|[from] item: Leftovers
|-damage|p1a: Tyranitar|299\/341 brn|[from] brn
|turn|2
|
|switch|p2a: Infernape|Infernape, F|293\/293
|move|p1a: Tyranitar|Rock Slide|p2a: Infernape
|-damage|p2a: Infernape|209\/293
|
|-weather|Sandstorm|[upkeep]
|-damage|p2a: Infernape|191\/293|[from] sandstorm
|-damage|p1a: Tyranitar|257\/341 brn|[from] brn
|turn|3
|
|switch|p1a: Hawlucha|Hawlucha, F|300\/300
|move|p2a: Infernape|Stealth Rock|p1a: Hawlucha
|-sidestart|p1: puwe|move: Stealth Rock
|
|-weather|Sandstorm|[upkeep]
|-damage|p1a: Hawlucha|282\/300|[from] sandstorm
|-damage|p2a: Infernape|173\/293|[from] sandstorm
|turn|4
|
|switch|p2a: Talonflame|Talonflame, F|359\/359
|move|p1a: Hawlucha|Acrobatics|p2a: Talonflame
|-crit|p2a: Talonflame
|-damage|p2a: Talonflame|214\/359
|
|-weather|Sandstorm|[upkeep]
|-damage|p1a: Hawlucha|264\/300|[from] sandstorm
|-damage|p2a: Talonflame|192\/359|[from] sandstorm
|-heal|p2a: Talonflame|214\/359|[from] item: Leftovers
|turn|5
|
|switch|p1a: Tyranitar|Tyranitar, F|257\/341 brn
|-damage|p1a: Tyranitar|215\/341 brn|[from] Stealth Rock
|move|p2a: Talonflame|Brave Bird|p1a: Tyranitar
|-crit|p1a: Tyranitar
|-resisted|p1a: Tyranitar
|-damage|p1a: Tyranitar|134\/341 brn
|-damage|p2a: Talonflame|187\/359|[from] recoil|[of] p1a: Tyranitar
|
|-weather|none
|-heal|p2a: Talonflame|209\/359|[from] item: Leftovers
|-damage|p1a: Tyranitar|92\/341 brn|[from] brn
|turn|6
|
|move|p2a: Talonflame|Roost|p2a: Talonflame
|-heal|p2a: Talonflame|359\/359
|move|p1a: Tyranitar|Rock Slide|p2a: Talonflame
|-supereffective|p2a: Talonflame
|-damage|p2a: Talonflame|179\/359
|
|-heal|p2a: Talonflame|201\/359|[from] item: Leftovers
|-damage|p1a: Tyranitar|50\/341 brn|[from] brn
|turn|7
|leave|kurenaiMiho
|
|move|p2a: Talonflame|Roost|p2a: Talonflame
|-heal|p2a: Talonflame|359\/359
|move|p1a: Tyranitar|Rock Slide|p2a: Talonflame
|-supereffective|p2a: Talonflame
|-damage|p2a: Talonflame|171\/359
|
|-heal|p2a: Talonflame|193\/359|[from] item: Leftovers
|-damage|p1a: Tyranitar|8\/341 brn|[from] brn
|turn|8
|
|switch|p2a: Excadrill|Excadrill, M|412\/412
|-ability|p2a: Excadrill|Mold Breaker
|move|p1a: Tyranitar|Rock Slide|p2a: Excadrill
|-miss|p1a: Tyranitar|p2a: Excadrill
|
|-damage|p1a: Tyranitar|0 fnt|[from] brn
|faint|p1a: Tyranitar
|
|switch|p1a: Bronzong|Bronzong|338\/338
|-damage|p1a: Bronzong|317\/338|[from] Stealth Rock
|turn|9
|
|switch|p1a: Hawlucha|Hawlucha, F|264\/300
|-damage|p1a: Hawlucha|227\/300|[from] Stealth Rock
|move|p2a: Excadrill|Earthquake|p1a: Hawlucha
|-immune|p1a: Hawlucha|[msg]
|
|turn|10
|
|switch|p2a: Azumarill|Azumarill, F|362\/362
|move|p1a: Hawlucha|Swords Dance|p1a: Hawlucha
|-boost|p1a: Hawlucha|atk|2
|
|turn|11
|
|move|p1a: Hawlucha|Substitute|p1a: Hawlucha
|-start|p1a: Hawlucha|Substitute
|-damage|p1a: Hawlucha|152\/300
|move|p2a: Azumarill|Play Rough|p1a: Hawlucha
|-supereffective|p1a: Hawlucha
|-end|p1a: Hawlucha|Substitute
|
|turn|12
|
|move|p1a: Hawlucha|Substitute|p1a: Hawlucha
|-start|p1a: Hawlucha|Substitute
|-damage|p1a: Hawlucha|77\/300
|-enditem|p1a: Hawlucha|Sitrus Berry|[eat]
|-heal|p1a: Hawlucha|152\/300|[from] item: Sitrus Berry
|move|p2a: Azumarill|Play Rough|p1a: Hawlucha
|-supereffective|p1a: Hawlucha
|-end|p1a: Hawlucha|Substitute
|
|turn|13
|
|move|p1a: Hawlucha|Acrobatics|p2a: Azumarill
|-damage|p2a: Azumarill|0 fnt
|faint|p2a: Azumarill
|
|
|switch|p2a: Talonflame|Talonflame, F|193\/359
|turn|14
|
|switch|p1a: Tangrowth|Tangrowth, F|401\/401
|-damage|p1a: Tangrowth|351\/401|[from] Stealth Rock
|move|p2a: Talonflame|Brave Bird|p1a: Tangrowth
|-supereffective|p1a: Tangrowth
|-damage|p1a: Tangrowth|189\/401
|-damage|p2a: Talonflame|140\/359|[from] recoil|[of] p1a: Tangrowth
|
|-heal|p2a: Talonflame|162\/359|[from] item: Leftovers
|-heal|p1a: Tangrowth|214\/401|[from] item: Leftovers
|turn|15
|
|move|p2a: Talonflame|Will-O-Wisp|p1a: Tangrowth
|-status|p1a: Tangrowth|brn
|move|p1a: Tangrowth|Sleep Powder|p2a: Talonflame
|-status|p2a: Talonflame|slp
|
|-heal|p2a: Talonflame|184\/359 slp|[from] item: Leftovers
|-heal|p1a: Tangrowth|239\/401 brn|[from] item: Leftovers
|-damage|p1a: Tangrowth|189\/401 brn|[from] brn
|turn|16
|
|cant|p2a: Talonflame|slp
|move|p1a: Tangrowth|Knock Off|p2a: Talonflame
|-damage|p2a: Talonflame|130\/359 slp
|-enditem|p2a: Talonflame|Leftovers|[from] move: Knock Off|[of] p1a: Tangrowth
|
|-heal|p1a: Tangrowth|214\/401 brn|[from] item: Leftovers
|-damage|p1a: Tangrowth|164\/401 brn|[from] brn
|turn|17
|
|switch|p1a: Bisharp|Bisharp, F|271\/271
|-damage|p1a: Bisharp|255\/271|[from] Stealth Rock
|-curestatus|p2a: Talonflame|slp
|move|p2a: Talonflame|Roost|p2a: Talonflame
|-heal|p2a: Talonflame|310\/359
|
|turn|18
|
|move|p2a: Talonflame|Will-O-Wisp|p1a: Bisharp|[miss]
|-miss|p2a: Talonflame|p1a: Bisharp
|move|p1a: Bisharp|Swords Dance|p1a: Bisharp
|-boost|p1a: Bisharp|atk|2
|
|turn|19
|
|move|p2a: Talonflame|Will-O-Wisp|p1a: Bisharp
|-status|p1a: Bisharp|brn
|move|p1a: Bisharp|Knock Off|p2a: Talonflame
|-damage|p2a: Talonflame|125\/359
|-damage|p1a: Bisharp|228\/271 brn|[from] item: Life Orb
|
|-damage|p1a: Bisharp|195\/271 brn|[from] brn
|turn|20
|
|switch|p2a: Infernape|Infernape, F|173\/293
|move|p1a: Bisharp|Swords Dance|p1a: Bisharp
|-boost|p1a: Bisharp|atk|2
|
|-damage|p1a: Bisharp|162\/271 brn|[from] brn
|turn|21
|
|switch|p1a: Altaria|Altaria, M|291\/291
|-damage|p1a: Altaria|219\/291|[from] Stealth Rock
|move|p2a: Infernape|Overheat|p1a: Altaria
|-crit|p1a: Altaria
|-resisted|p1a: Altaria
|-damage|p1a: Altaria|97\/291
|-unboost|p2a: Infernape|spa|2
|
|turn|22
|
|switch|p2a: Excadrill|Excadrill, M|412\/412
|-ability|p2a: Excadrill|Mold Breaker
|detailschange|p1a: Altaria|Altaria-Mega, M
|-mega|p1a: Altaria|Altaria|Altarianite
|move|p1a: Altaria|Roost|p1a: Altaria
|-heal|p1a: Altaria|243\/291
|
|turn|23
|
|switch|p1a: Bisharp|Bisharp, F|162\/271 brn
|-damage|p1a: Bisharp|146\/271 brn|[from] Stealth Rock
|move|p2a: Excadrill|Iron Head|p1a: Bisharp
|-resisted|p1a: Bisharp
|-damage|p1a: Bisharp|75\/271 brn
|
|-damage|p1a: Bisharp|42\/271 brn|[from] brn
|turn|24
|
|switch|p2a: Infernape|Infernape, F|173\/293
|move|p1a: Bisharp|Knock Off|p2a: Infernape
|-resisted|p2a: Infernape
|-damage|p2a: Infernape|99\/293
|-enditem|p2a: Infernape|Focus Sash|[from] move: Knock Off|[of] p1a: Bisharp
|-damage|p1a: Bisharp|15\/271 brn|[from] item: Life Orb
|
|-damage|p1a: Bisharp|0 fnt|[from] brn
|faint|p1a: Bisharp
|
|switch|p1a: Altaria|Altaria-Mega, M|243\/291
|-damage|p1a: Altaria|207\/291|[from] Stealth Rock
|turn|25
|
|switch|p2a: Excadrill|Excadrill, M|412\/412
|-ability|p2a: Excadrill|Mold Breaker
|move|p1a: Altaria|Fire Blast|p2a: Excadrill
|-supereffective|p2a: Excadrill
|-damage|p2a: Excadrill|242\/412
|
|turn|26
|
|switch|p1a: Tangrowth|Tangrowth, F|297\/401 brn
|-damage|p1a: Tangrowth|247\/401 brn|[from] Stealth Rock
|move|p2a: Excadrill|Iron Head|p1a: Tangrowth
|-damage|p1a: Tangrowth|151\/401 brn
|
|-heal|p1a: Tangrowth|176\/401 brn|[from] item: Leftovers
|-damage|p1a: Tangrowth|126\/401 brn|[from] brn
|turn|27
|
|switch|p2a: Serperior|Serperior, F|353\/353
|switch|p1a: Hawlucha|Hawlucha, F|152\/300
|-damage|p1a: Hawlucha|115\/300|[from] Stealth Rock
|
|turn|28
|
|move|p1a: Hawlucha|Acrobatics|p2a: Serperior
|-supereffective|p2a: Serperior
|-damage|p2a: Serperior|41\/353
|move|p2a: Serperior|Glare|p1a: Hawlucha
|-status|p1a: Hawlucha|par
|
|-heal|p2a: Serperior|63\/353|[from] item: Leftovers
|turn|29
|
|switch|p2a: Gyarados|Gyarados, M|331\/331
|-ability|p2a: Gyarados|Intimidate|[of] p1a: Hawlucha
|-unboost|p1a: Hawlucha|atk|1
|move|p1a: Hawlucha|Acrobatics|p2a: Gyarados
|-damage|p2a: Gyarados|199\/331
|
|turn|30
|
|move|p2a: Gyarados|Dragon Dance|p2a: Gyarados
|-boost|p2a: Gyarados|atk|1
|-boost|p2a: Gyarados|spe|1
|move|p1a: Hawlucha|Acrobatics|p2a: Gyarados
|-damage|p2a: Gyarados|75\/331
|
|turn|31
|
|detailschange|p2a: Gyarados|Gyarados-Mega, M
|-mega|p2a: Gyarados|Gyarados|Gyaradosite
|-ability|p2a: Gyarados|Mold Breaker
|move|p2a: Gyarados|Crunch|p1a: Hawlucha
|-resisted|p1a: Hawlucha
|-damage|p1a: Hawlucha|0 fnt
|faint|p1a: Hawlucha
|
|
|switch|p1a: Tangrowth|Tangrowth, F|259\/401 brn
|-damage|p1a: Tangrowth|209\/401 brn|[from] Stealth Rock
|turn|32
|
|move|p2a: Gyarados|Crunch|p1a: Tangrowth
|-damage|p1a: Tangrowth|37\/401 brn
|move|p1a: Tangrowth|Leaf Storm|p2a: Gyarados
|-supereffective|p2a: Gyarados
|-damage|p2a: Gyarados|0 fnt
|-unboost|p1a: Tangrowth|spa|2
|faint|p2a: Gyarados
|
|-heal|p1a: Tangrowth|62\/401 brn|[from] item: Leftovers
|-damage|p1a: Tangrowth|12\/401 brn|[from] brn
|
|switch|p2a: Serperior|Serperior, F|63\/353
|turn|33
|
|switch|p1a: Bronzong|Bronzong|317\/338
|-damage|p1a: Bronzong|296\/338|[from] Stealth Rock
|move|p2a: Serperior|Synthesis|p2a: Serperior
|-heal|p2a: Serperior|239\/353
|
|-heal|p2a: Serperior|261\/353|[from] item: Leftovers
|-heal|p1a: Bronzong|317\/338|[from] item: Leftovers
|turn|34
|
|move|p2a: Serperior|Taunt|p1a: Bronzong
|-start|p1a: Bronzong|move: Taunt
|cant|p1a: Bronzong|move: Taunt|Stealth Rock
|
|-heal|p2a: Serperior|283\/353|[from] item: Leftovers
|-heal|p1a: Bronzong|338\/338|[from] item: Leftovers
|turn|35
|
|move|p2a: Serperior|Leaf Storm|p1a: Bronzong
|-resisted|p1a: Bronzong
|-damage|p1a: Bronzong|297\/338
|-boost|p2a: Serperior|spa|2
|move|p1a: Bronzong|Gyro Ball|p2a: Serperior
|-damage|p2a: Serperior|135\/353
|
|-heal|p2a: Serperior|157\/353|[from] item: Leftovers
|-heal|p1a: Bronzong|318\/338|[from] item: Leftovers
|turn|36
|
|switch|p1a: Altaria|Altaria-Mega, M|207\/291
|-damage|p1a: Altaria|171\/291|[from] Stealth Rock
|move|p2a: Serperior|Synthesis|p2a: Serperior
|-heal|p2a: Serperior|333\/353
|
|-heal|p2a: Serperior|353\/353|[from] item: Leftovers
|turn|37
|
|move|p2a: Serperior|Glare|p1a: Altaria
|-status|p1a: Altaria|par
|move|p1a: Altaria|Fire Blast|p2a: Serperior
|-supereffective|p2a: Serperior
|-damage|p2a: Serperior|101\/353
|
|-heal|p2a: Serperior|123\/353|[from] item: Leftovers
|turn|38
|
|move|p2a: Serperior|Synthesis|p2a: Serperior
|-heal|p2a: Serperior|299\/353
|move|p1a: Altaria|Hyper Voice|p2a: Serperior
|-damage|p2a: Serperior|79\/353
|
|-heal|p2a: Serperior|101\/353|[from] item: Leftovers
|turn|39
|
|move|p2a: Serperior|Synthesis|p2a: Serperior
|-heal|p2a: Serperior|277\/353
|move|p1a: Altaria|Fire Blast|p2a: Serperior
|-supereffective|p2a: Serperior
|-damage|p2a: Serperior|0 fnt
|faint|p2a: Serperior
|
|
|switch|p2a: Talonflame|Talonflame, F|125\/359
|turn|40
|
|move|p2a: Talonflame|Roost|p2a: Talonflame
|-heal|p2a: Talonflame|305\/359
|cant|p1a: Altaria|par
|
|turn|41
|c|âpuwe|gg
|-message|puwe forfeited.
|leave|puwe
|
|win|Iodic
|raw|Ladder updating...
|player|p1
|raw|puwe's rating: 1640 &rarr; <strong>1619<\/strong><br \/>(-21 for losing)
|raw|Iodic's rating: 1624 &rarr; <strong>1645<\/strong><br \/>(+21 for winning)