|join|Iodic
|join|thesneeze
|player|p1|Iodic|264
|player|p2|thesneeze|115
|gametype|singles
|gen|6
|tier|OU
|rated
|clearpoke
|poke|p1|Sylveon, F
|poke|p1|Slowbro, M
|poke|p1|Scizor, M
|poke|p1|Lopunny, F, shiny
|poke|p1|Serperior, F
|poke|p1|Infernape, M
|poke|p2|Manectric, F
|poke|p2|Bisharp, M
|poke|p2|Gengar, M
|poke|p2|Landorus-Therian, M
|poke|p2|Conkeldurr, F
|poke|p2|Slowbro, F
|rule|Swagger Clause: Swagger is banned
|rule|Baton Pass Clause: Limit one PokÃ©mon knowing Baton Pass
|rule|Sleep Clause Mod: Limit one foe put to sleep
|rule|Species Clause: Limit one of each PokÃ©mon
|rule|OHKO Clause: OHKO moves are banned
|rule|Moody Clause: Moody is banned
|rule|Evasion Moves Clause: Evasion moves are banned
|rule|Endless Battle Clause: Forcing endless battles is banned
|rule|HP Percentage Mod: HP is shown in percentages
|teampreview
|
|start
|switch|p1a: Mao|Infernape, M|293\/293
|switch|p2a: Landorus-Therian|Landorus-Therian, M|319\/319
|-ability|p2a: Landorus-Therian|Intimidate|[of] p1a: Mao
|-unboost|p1a: Mao|atk|1
|turn|1
|
|move|p1a: Mao|Stealth Rock|p2a: Landorus-Therian
|-sidestart|p2: thesneeze|move: Stealth Rock
|move|p2a: Landorus-Therian|Earthquake|p1a: Mao
|-supereffective|p1a: Mao
|-enditem|p1a: Mao|Focus Sash
|-damage|p1a: Mao|1\/293
|
|turn|2
|
|move|p1a: Mao|Endeavor|p2a: Landorus-Therian
|-damage|p2a: Landorus-Therian|1\/319
|move|p2a: Landorus-Therian|Stealth Rock|p1a: Mao
|-sidestart|p1: Iodic|move: Stealth Rock
|
|turn|3
|
|move|p1a: Mao|Overheat|p2a: Landorus-Therian|[miss]
|-miss|p1a: Mao|p2a: Landorus-Therian
|move|p2a: Landorus-Therian|Earthquake|p1a: Mao
|-supereffective|p1a: Mao
|-damage|p1a: Mao|0 fnt
|faint|p1a: Mao
|
|
|switch|p1a: Victoria|Serperior, F|353\/353
|-damage|p1a: Victoria|309\/353|[from] Stealth Rock
|turn|4
|
|move|p1a: Victoria|Leaf Storm|p2a: Landorus-Therian
|-damage|p2a: Landorus-Therian|0 fnt
|-boost|p1a: Victoria|spa|2
|faint|p2a: Landorus-Therian
|
|
|switch|p2a: Conkeldurr|Conkeldurr, F|351\/351
|-damage|p2a: Conkeldurr|330\/351|[from] Stealth Rock
|turn|5
|
|move|p1a: Victoria|Reflect|p1a: Victoria
|-sidestart|p1: Iodic|Reflect
|move|p2a: Conkeldurr|Ice Punch|p1a: Victoria
|-supereffective|p1a: Victoria
|-damage|p1a: Victoria|192\/353
|
|turn|6
|
|move|p1a: Victoria|Leaf Storm|p2a: Conkeldurr
|-damage|p2a: Conkeldurr|159\/351
|-boost|p1a: Victoria|spa|2
|move|p2a: Conkeldurr|Knock Off|p1a: Victoria
|-damage|p1a: Victoria|117\/353
|-enditem|p1a: Victoria|Light Clay|[from] move: Knock Off|[of] p2a: Conkeldurr
|
|turn|7
|
|move|p1a: Victoria|Leaf Storm|p2a: Conkeldurr
|-damage|p2a: Conkeldurr|0 fnt
|-boost|p1a: Victoria|spa|2
|faint|p2a: Conkeldurr
|
|
|switch|p2a: Gengar|Gengar, M|261\/261
|-damage|p2a: Gengar|229\/261|[from] Stealth Rock
|turn|8
|
|move|p1a: Victoria|Leaf Storm|p2a: Gengar
|-resisted|p2a: Gengar
|-damage|p2a: Gengar|0 fnt
|faint|p2a: Gengar
|
|
|switch|p2a: Slowbro|Slowbro, F|394\/394
|-damage|p2a: Slowbro|345\/394|[from] Stealth Rock
|turn|9
|
|move|p1a: Victoria|Leaf Storm|p2a: Slowbro
|-supereffective|p2a: Slowbro
|-damage|p2a: Slowbro|0 fnt
|faint|p2a: Slowbro
|
|
|switch|p2a: Manectric|Manectric, F|281\/281
|-damage|p2a: Manectric|246\/281|[from] Stealth Rock
|turn|10
|
|detailschange|p2a: Manectric|Manectric-Mega, F
|-mega|p2a: Manectric|Manectric|Manectite
|-ability|p2a: Manectric|Intimidate|[of] p1a: Victoria
|-boost|p1a: Victoria|atk|1
|move|p1a: Victoria|Leaf Storm|p2a: Manectric
|-damage|p2a: Manectric|0 fnt
|faint|p2a: Manectric
|
|
|switch|p2a: Bisharp|Bisharp, M|271\/271
|-damage|p2a: Bisharp|255\/271|[from] Stealth Rock
|turn|11
|
|move|p2a: Bisharp|Sucker Punch|p1a: Victoria
|-damage|p1a: Victoria|16\/353
|move|p1a: Victoria|Leaf Storm|p2a: Bisharp
|-resisted|p2a: Bisharp
|-damage|p2a: Bisharp|0 fnt
|faint|p2a: Bisharp
|
|win|Iodic
|raw|Ladder updating...
|raw|Iodic's rating: 1501 &rarr; <strong>1523<\/strong><br \/>(+22 for winning)
|raw|thesneeze's rating: 1526 &rarr; <strong>1504<\/strong><br \/>(-22 for losing)
|leave|thesneeze
|player|p2