|join|Iodic
|join|Dragolight
|player|p1|Iodic|264
|player|p2|Dragolight|163
|gametype|singles
|gen|6
|tier|OU
|rated
|clearpoke
|poke|p1|Excadrill, M
|poke|p1|Azumarill, F
|poke|p1|Talonflame, F
|poke|p1|Serperior, M
|poke|p1|Infernape, M
|poke|p1|Gyarados, F
|poke|p2|Lopunny, F, shiny
|poke|p2|Gengar, F
|poke|p2|Latios, M
|poke|p2|Thundurus, M
|poke|p2|Conkeldurr, M
|poke|p2|Mamoswine, F
|rule|Swagger Clause: Swagger is banned
|rule|Baton Pass Clause: Limit one PokÃ©mon knowing Baton Pass
|rule|Sleep Clause Mod: Limit one foe put to sleep
|rule|Species Clause: Limit one of each PokÃ©mon
|rule|OHKO Clause: OHKO moves are banned
|rule|Moody Clause: Moody is banned
|rule|Evasion Moves Clause: Evasion moves are banned
|rule|Endless Battle Clause: Forcing endless battles is banned
|rule|HP Percentage Mod: HP is shown in percentages
|teampreview
|c|âDragolight|serpiroyals getting really popular
|
|start
|switch|p1a: Infernape|Infernape, M|293\/293
|switch|p2a: Mamoswine|Mamoswine, F|361\/361
|turn|1
|
|switch|p2a: Gengar|Gengar, F|261\/261
|move|p1a: Infernape|Stealth Rock|p2a: Gengar
|-sidestart|p2: Dragolight|move: Stealth Rock
|
|turn|2
|
|switch|p1a: Talonflame|Talonflame, F|359\/359
|move|p2a: Gengar|Shadow Ball|p1a: Talonflame
|-damage|p1a: Talonflame|178\/359
|-unboost|p1a: Talonflame|spd|1
|-damage|p2a: Gengar|235\/261|[from] item: Life Orb
|
|-heal|p1a: Talonflame|200\/359|[from] item: Leftovers
|turn|3
|c|âIodic|eh, I'm not really using it because it's good
|c|âIodic|it's just my favorite pokemon
|
|switch|p2a: Conkeldurr|Conkeldurr, M|413\/413
|-damage|p2a: Conkeldurr|388\/413|[from] Stealth Rock
|move|p1a: Talonflame|Brave Bird|p2a: Conkeldurr
|-supereffective|p2a: Conkeldurr
|-damage|p2a: Conkeldurr|134\/413
|-damage|p1a: Talonflame|116\/359|[from] recoil|[of] p2a: Conkeldurr
|
|-heal|p1a: Talonflame|138\/359|[from] item: Leftovers
|turn|4
|
|move|p1a: Talonflame|Brave Bird|p2a: Conkeldurr
|-supereffective|p2a: Conkeldurr
|-damage|p2a: Conkeldurr|0 fnt
|-damage|p1a: Talonflame|94\/359|[from] recoil|[of] p2a: Conkeldurr
|faint|p2a: Conkeldurr
|
|-heal|p1a: Talonflame|116\/359|[from] item: Leftovers
|
|switch|p2a: Mamoswine|Mamoswine, F|361\/361
|-damage|p2a: Mamoswine|316\/361|[from] Stealth Rock
|turn|5
|
|move|p1a: Talonflame|Will-O-Wisp|p2a: Mamoswine
|-status|p2a: Mamoswine|brn
|move|p2a: Mamoswine|Earthquake|p1a: Talonflame
|-immune|p1a: Talonflame|[msg]
|
|-heal|p1a: Talonflame|138\/359|[from] item: Leftovers
|-damage|p2a: Mamoswine|271\/361 brn|[from] brn
|turn|6
|
|switch|p1a: Gyarados|Gyarados, F|331\/331
|-ability|p1a: Gyarados|Intimidate|[of] p2a: Mamoswine
|-unboost|p2a: Mamoswine|atk|1
|move|p2a: Mamoswine|Knock Off|p1a: Gyarados
|-damage|p1a: Gyarados|297\/331
|
|-damage|p2a: Mamoswine|226\/361 brn|[from] brn
|turn|7
|
|detailschange|p1a: Gyarados|Gyarados-Mega, F
|-mega|p1a: Gyarados|Gyarados|Gyaradosite
|-ability|p1a: Gyarados|Mold Breaker
|move|p1a: Gyarados|Substitute|p1a: Gyarados
|-start|p1a: Gyarados|Substitute
|-damage|p1a: Gyarados|215\/331
|move|p2a: Mamoswine|Stealth Rock|p1a: Gyarados
|-sidestart|p1: Iodic|move: Stealth Rock
|
|-damage|p2a: Mamoswine|181\/361 brn|[from] brn
|turn|8
|
|move|p1a: Gyarados|Dragon Dance|p1a: Gyarados
|-boost|p1a: Gyarados|atk|1
|-boost|p1a: Gyarados|spe|1
|move|p2a: Mamoswine|Earthquake|p1a: Gyarados
|-crit|p1a: Gyarados
|-end|p1a: Gyarados|Substitute
|
|-damage|p2a: Mamoswine|136\/361 brn|[from] brn
|turn|9
|
|move|p1a: Gyarados|Substitute|p1a: Gyarados
|-start|p1a: Gyarados|Substitute
|-damage|p1a: Gyarados|133\/331
|move|p2a: Mamoswine|Earthquake|p1a: Gyarados
|-activate|p1a: Gyarados|Substitute|[damage]
|
|-damage|p2a: Mamoswine|91\/361 brn|[from] brn
|turn|10
|c|âDragolight|this sucks hard xD
|
|move|p1a: Gyarados|Dragon Dance|p1a: Gyarados
|-boost|p1a: Gyarados|atk|1
|-boost|p1a: Gyarados|spe|1
|move|p2a: Mamoswine|Earthquake|p1a: Gyarados
|-end|p1a: Gyarados|Substitute
|
|-damage|p2a: Mamoswine|46\/361 brn|[from] brn
|turn|11
|c|âIodic|XD
|c|âDragolight|ok, now you just misplayed xD
|
|move|p1a: Gyarados|Substitute|p1a: Gyarados
|-start|p1a: Gyarados|Substitute
|-damage|p1a: Gyarados|51\/331
|move|p2a: Mamoswine|Earthquake|p1a: Gyarados
|-activate|p1a: Gyarados|Substitute|[damage]
|
|-damage|p2a: Mamoswine|1\/361 brn|[from] brn
|turn|12
|
|move|p1a: Gyarados|Crunch|p2a: Mamoswine
|-damage|p2a: Mamoswine|0 fnt
|faint|p2a: Mamoswine
|
|
|switch|p2a: Lopunny|Lopunny, F, shiny|271\/271
|-damage|p2a: Lopunny|238\/271|[from] Stealth Rock
|turn|13
|
|detailschange|p2a: Lopunny|Lopunny-Mega, F, shiny
|-mega|p2a: Lopunny|Lopunny|Lopunnite
|move|p2a: Lopunny|Fake Out|p1a: Gyarados
|-end|p1a: Gyarados|Substitute
|move|p1a: Gyarados|Earthquake|p2a: Lopunny
|-damage|p2a: Lopunny|0 fnt
|faint|p2a: Lopunny
|
|
|switch|p2a: Thundurus|Thundurus, M|299\/299
|-damage|p2a: Thundurus|225\/299|[from] Stealth Rock
|turn|14
|
|move|p2a: Thundurus|Thunder Wave|p1a: Gyarados
|-status|p1a: Gyarados|par
|move|p1a: Gyarados|Crunch|p2a: Thundurus
|-damage|p2a: Thundurus|0 fnt
|faint|p2a: Thundurus
|
|
|switch|p2a: Gengar|Gengar, F|235\/261
|-damage|p2a: Gengar|203\/261|[from] Stealth Rock
|turn|15
|
|move|p2a: Gengar|Sludge Wave|p1a: Gyarados
|-damage|p1a: Gyarados|0 fnt
|-damage|p2a: Gengar|177\/261|[from] item: Life Orb
|faint|p1a: Gyarados
|
|
|switch|p1a: Excadrill|Excadrill, M|412\/412
|-damage|p1a: Excadrill|400\/412|[from] Stealth Rock
|-ability|p1a: Excadrill|Mold Breaker
|turn|16
|c|âDragolight|I hate scarved shit
|
|move|p2a: Gengar|Focus Blast|p1a: Excadrill
|-supereffective|p1a: Excadrill
|-damage|p1a: Excadrill|156\/412
|-unboost|p1a: Excadrill|spd|1
|-damage|p2a: Gengar|151\/261|[from] item: Life Orb
|move|p1a: Excadrill|Earthquake|p2a: Gengar
|-supereffective|p2a: Gengar
|-damage|p2a: Gengar|0 fnt
|faint|p2a: Gengar
|
|c|âDragolight|fuckign AV
|c|âIodic|surprise it's AV!
|
|switch|p2a: Latios|Latios, M|301\/301
|-damage|p2a: Latios|264\/301|[from] Stealth Rock
|turn|17
|
|move|p2a: Latios|Surf|p1a: Excadrill
|-supereffective|p1a: Excadrill
|-damage|p1a: Excadrill|0 fnt
|-damage|p2a: Latios|234\/301|[from] item: Life Orb
|faint|p1a: Excadrill
|
|
|switch|p1a: Serperior|Serperior, M|353\/353
|-damage|p1a: Serperior|309\/353|[from] Stealth Rock
|turn|18
|
|move|p1a: Serperior|Glare|p2a: Latios
|-status|p2a: Latios|par
|cant|p2a: Latios|par
|
|-heal|p1a: Serperior|331\/353|[from] item: Leftovers
|turn|19
|c|âDragolight|pls hax
|c|âDragolight|be with me
|c|âDragolight|dude
|c|âIodic|nawp
|c|âDragolight|just fuck you
|-message|Dragolight forfeited.
|leave|Dragolight
|
|win|Iodic
|raw|Ladder updating...
|player|p2
|raw|Iodic's rating: 1552 &rarr; <strong>1568<\/strong><br \/>(+16 for winning)
|raw|Dragolight's rating: 1482 &rarr; <strong>1466<\/strong><br \/>(-16 for losing)