|join|Sochlo
|join|Iodic
|player|p1|Sochlo|2
|player|p2|Iodic|264
|gametype|singles
|gen|6
|tier|OU
|rated
|clearpoke
|poke|p1|Serperior, F
|poke|p1|Jirachi
|poke|p1|Keldeo-Resolute
|poke|p1|Manectric, M
|poke|p1|Landorus-Therian, M
|poke|p1|Latios, M
|poke|p2|Excadrill, F
|poke|p2|Azumarill, M
|poke|p2|Talonflame, F
|poke|p2|Garchomp, M
|poke|p2|Serperior, M
|poke|p2|Metagross
|rule|Swagger Clause: Swagger is banned
|rule|Baton Pass Clause: Limit one PokÃ©mon knowing Baton Pass
|rule|Sleep Clause Mod: Limit one foe put to sleep
|rule|Species Clause: Limit one of each PokÃ©mon
|rule|OHKO Clause: OHKO moves are banned
|rule|Moody Clause: Moody is banned
|rule|Evasion Moves Clause: Evasion moves are banned
|rule|Endless Battle Clause: Forcing endless battles is banned
|rule|HP Percentage Mod: HP is shown in percentages
|teampreview
|
|start
|switch|p1a: Manectric|Manectric, M|281\/281
|switch|p2a: Azumarill|Azumarill, M|363\/363
|turn|1
|
|switch|p2a: Excadrill|Excadrill, F|412\/412
|-ability|p2a: Excadrill|Mold Breaker
|detailschange|p1a: Manectric|Manectric-Mega, M
|-mega|p1a: Manectric|Manectric|Manectite
|-ability|p1a: Manectric|Intimidate|[of] p2a: Excadrill
|-unboost|p2a: Excadrill|atk|1
|move|p1a: Manectric|Volt Switch|p2a: Excadrill
|-immune|p2a: Excadrill|[msg]
|
|turn|2
|
|switch|p1a: Landorus-Therian|Landorus-Therian, M|382\/382
|-ability|p1a: Landorus-Therian|Intimidate|[of] p2a: Excadrill
|-unboost|p2a: Excadrill|atk|1
|move|p2a: Excadrill|Earthquake|p1a: Landorus-Therian
|-immune|p1a: Landorus-Therian|[msg]
|
|turn|3
|
|switch|p2a: Garchomp|Garchomp, M|420\/420
|move|p1a: Landorus-Therian|U-turn|p2a: Garchomp
|-damage|p2a: Garchomp|366\/420
|-damage|p1a: Landorus-Therian|335\/382|[from] ability: Rough Skin|[of] p2a: Garchomp
|-damage|p1a: Landorus-Therian|272\/382|[from] item: Rocky Helmet|[of] p2a: Garchomp
|
|switch|p1a: Manectric|Manectric-Mega, M|281\/281
|-ability|p1a: Manectric|Intimidate|[of] p2a: Garchomp
|-unboost|p2a: Garchomp|atk|1
|
|turn|4
|
|switch|p2a: Metagross|Metagross|301\/301
|move|p1a: Manectric|Hidden Power|p2a: Metagross
|-resisted|p2a: Metagross
|-damage|p2a: Metagross|258\/301
|
|turn|5
|
|detailschange|p2a: Metagross|Metagross-Mega
|-mega|p2a: Metagross|Metagross|Metagrossite
|move|p1a: Manectric|Volt Switch|p2a: Metagross
|-damage|p2a: Metagross|125\/301
|
|switch|p1a: Landorus-Therian|Landorus-Therian, M|272\/382
|-ability|p1a: Landorus-Therian|Intimidate|[of] p2a: Metagross
|-unboost|p2a: Metagross|atk|1
|move|p2a: Metagross|Zen Headbutt|p1a: Landorus-Therian
|-damage|p1a: Landorus-Therian|155\/382
|
|-heal|p1a: Landorus-Therian|178\/382|[from] item: Leftovers
|turn|6
|
|switch|p2a: Garchomp|Garchomp, M|366\/420
|switch|p1a: Manectric|Manectric-Mega, M|281\/281
|-ability|p1a: Manectric|Intimidate|[of] p2a: Garchomp
|-unboost|p2a: Garchomp|atk|1
|
|turn|7
|
|move|p1a: Manectric|Flamethrower|p2a: Garchomp
|-resisted|p2a: Garchomp
|-damage|p2a: Garchomp|299\/420
|move|p2a: Garchomp|Stealth Rock|p1a: Manectric
|-sidestart|p1: Sochlo|move: Stealth Rock
|
|turn|8
|
|switch|p2a: Excadrill|Excadrill, F|412\/412
|-ability|p2a: Excadrill|Mold Breaker
|move|p1a: Manectric|Hidden Power|p2a: Excadrill
|-damage|p2a: Excadrill|360\/412
|
|turn|9
|
|move|p1a: Manectric|Flamethrower|p2a: Excadrill
|-crit|p2a: Excadrill
|-supereffective|p2a: Excadrill
|-damage|p2a: Excadrill|120\/412
|move|p2a: Excadrill|Earthquake|p1a: Manectric
|-supereffective|p1a: Manectric
|-damage|p1a: Manectric|0 fnt
|faint|p1a: Manectric
|
|
|switch|p1a: Landorus-Therian|Landorus-Therian, M|178\/382
|-damage|p1a: Landorus-Therian|131\/382|[from] Stealth Rock
|-ability|p1a: Landorus-Therian|Intimidate|[of] p2a: Excadrill
|-unboost|p2a: Excadrill|atk|1
|turn|10
|
|switch|p2a: Talonflame|Talonflame, F|359\/359
|move|p1a: Landorus-Therian|Stealth Rock|p2a: Talonflame
|-sidestart|p2: Iodic|move: Stealth Rock
|
|-heal|p1a: Landorus-Therian|154\/382|[from] item: Leftovers
|turn|11
|
|move|p2a: Talonflame|Will-O-Wisp|p1a: Landorus-Therian|[miss]
|-miss|p2a: Talonflame|p1a: Landorus-Therian
|move|p1a: Landorus-Therian|Stone Edge|p2a: Talonflame|[miss]
|-miss|p1a: Landorus-Therian|p2a: Talonflame
|
|-heal|p1a: Landorus-Therian|177\/382|[from] item: Leftovers
|turn|12
|c|âIodic|lol
|
|move|p2a: Talonflame|Will-O-Wisp|p1a: Landorus-Therian
|-status|p1a: Landorus-Therian|brn
|move|p1a: Landorus-Therian|Stone Edge|p2a: Talonflame
|-supereffective|p2a: Talonflame
|-damage|p2a: Talonflame|47\/359
|
|-heal|p2a: Talonflame|69\/359|[from] item: Leftovers
|-heal|p1a: Landorus-Therian|200\/382 brn|[from] item: Leftovers
|-damage|p1a: Landorus-Therian|153\/382 brn|[from] brn
|turn|13
|
|switch|p2a: Serperior|Serperior, M|353\/353
|-damage|p2a: Serperior|309\/353|[from] Stealth Rock
|move|p1a: Landorus-Therian|Earthquake|p2a: Serperior
|-resisted|p2a: Serperior
|-damage|p2a: Serperior|270\/353
|
|-heal|p1a: Landorus-Therian|176\/382 brn|[from] item: Leftovers
|-damage|p1a: Landorus-Therian|129\/382 brn|[from] brn
|turn|14
|
|move|p2a: Serperior|Leaf Storm|p1a: Landorus-Therian
|-damage|p1a: Landorus-Therian|0 fnt
|-boost|p2a: Serperior|spa|2
|faint|p1a: Landorus-Therian
|
|
|switch|p1a: Jirachi|Jirachi|403\/403
|-damage|p1a: Jirachi|378\/403|[from] Stealth Rock
|turn|15
|
|move|p2a: Serperior|Glare|p1a: Jirachi
|-status|p1a: Jirachi|par
|move|p1a: Jirachi|Toxic|p2a: Serperior
|-status|p2a: Serperior|tox
|
|-heal|p1a: Jirachi|403\/403 par|[from] item: Leftovers
|-damage|p2a: Serperior|248\/353 tox|[from] psn
|turn|16
|
|move|p2a: Serperior|Leaf Storm|p1a: Jirachi
|-resisted|p1a: Jirachi
|-damage|p1a: Jirachi|319\/403 par
|-boost|p2a: Serperior|spa|2
|cant|p1a: Jirachi|par
|
|-heal|p1a: Jirachi|344\/403 par|[from] item: Leftovers
|-damage|p2a: Serperior|204\/353 tox|[from] psn
|turn|17
|
|move|p2a: Serperior|Synthesis|p2a: Serperior
|-heal|p2a: Serperior|353\/353 tox
|cant|p1a: Jirachi|par
|
|-heal|p1a: Jirachi|369\/403 par|[from] item: Leftovers
|-damage|p2a: Serperior|287\/353 tox|[from] psn
|turn|18
|
|switch|p2a: Excadrill|Excadrill, F|120\/412
|-damage|p2a: Excadrill|108\/412|[from] Stealth Rock
|-ability|p2a: Excadrill|Mold Breaker
|cant|p1a: Jirachi|par
|
|-heal|p1a: Jirachi|394\/403 par|[from] item: Leftovers
|turn|19
|c|âIodic|o_o
|
|move|p2a: Excadrill|Rapid Spin|p1a: Jirachi
|-resisted|p1a: Jirachi
|-damage|p1a: Jirachi|383\/403 par
|-sideend|p2: Iodic|Stealth Rock|[from] move: Rapid Spin|[of] p2a: Excadrill
|move|p1a: Jirachi|Fire Punch|p2a: Excadrill
|-supereffective|p2a: Excadrill
|-damage|p2a: Excadrill|0 fnt
|faint|p2a: Excadrill
|
|-heal|p1a: Jirachi|403\/403 par|[from] item: Leftovers
|
|switch|p2a: Garchomp|Garchomp, M|299\/420
|turn|20
|
|move|p1a: Jirachi|Toxic|p2a: Garchomp
|-status|p2a: Garchomp|tox
|move|p2a: Garchomp|Dragon Tail|p1a: Jirachi
|-resisted|p1a: Jirachi
|-damage|p1a: Jirachi|356\/403 par
|drag|p1a: Keldeo-Resolute|Keldeo-Resolute|323\/323
|-damage|p1a: Keldeo-Resolute|303\/323|[from] Stealth Rock
|
|-heal|p1a: Keldeo-Resolute|323\/323|[from] item: Leftovers
|-damage|p2a: Garchomp|273\/420 tox|[from] psn
|turn|21
|
|switch|p2a: Azumarill|Azumarill, M|363\/363
|move|p1a: Keldeo-Resolute|Substitute|p1a: Keldeo-Resolute
|-start|p1a: Keldeo-Resolute|Substitute
|-damage|p1a: Keldeo-Resolute|243\/323
|
|-heal|p1a: Keldeo-Resolute|263\/323|[from] item: Leftovers
|turn|22
|
|move|p1a: Keldeo-Resolute|Scald|p2a: Azumarill
|-resisted|p2a: Azumarill
|-damage|p2a: Azumarill|276\/363
|move|p2a: Azumarill|Play Rough|p1a: Keldeo-Resolute
|-supereffective|p1a: Keldeo-Resolute
|-end|p1a: Keldeo-Resolute|Substitute
|
|-heal|p1a: Keldeo-Resolute|283\/323|[from] item: Leftovers
|turn|23
|
|switch|p1a: Jirachi|Jirachi|356\/403 par
|-damage|p1a: Jirachi|331\/403 par|[from] Stealth Rock
|move|p2a: Azumarill|Play Rough|p1a: Jirachi
|-resisted|p1a: Jirachi
|-damage|p1a: Jirachi|235\/403 par
|
|-heal|p1a: Jirachi|260\/403 par|[from] item: Leftovers
|turn|24
|
|move|p2a: Azumarill|Knock Off|p1a: Jirachi
|-supereffective|p1a: Jirachi
|-damage|p1a: Jirachi|0 fnt
|-enditem|p1a: Jirachi|Leftovers|[from] move: Knock Off|[of] p2a: Azumarill
|faint|p1a: Jirachi
|
|
|switch|p1a: Serperior|Serperior, F|291\/291
|-damage|p1a: Serperior|255\/291|[from] Stealth Rock
|turn|25
|
|switch|p2a: Talonflame|Talonflame, F|69\/359
|move|p1a: Serperior|Leaf Storm|p2a: Talonflame
|-resisted|p2a: Talonflame
|-damage|p2a: Talonflame|25\/359
|-boost|p1a: Serperior|spa|2
|-damage|p1a: Serperior|226\/291|[from] item: Life Orb
|
|-heal|p2a: Talonflame|47\/359|[from] item: Leftovers
|turn|26
|
|move|p2a: Talonflame|Brave Bird|p1a: Serperior
|-supereffective|p1a: Serperior
|-damage|p1a: Serperior|0 fnt
|-damage|p2a: Talonflame|0 fnt|[from] recoil|[of] p1a: Serperior
|faint|p1a: Serperior
|faint|p2a: Talonflame
|
|
|switch|p2a: Serperior|Serperior, M|287\/353 tox
|switch|p1a: Keldeo-Resolute|Keldeo-Resolute|283\/323
|-damage|p1a: Keldeo-Resolute|263\/323|[from] Stealth Rock
|turn|27
|
|move|p2a: Serperior|Leaf Storm|p1a: Keldeo-Resolute
|-supereffective|p1a: Keldeo-Resolute
|-damage|p1a: Keldeo-Resolute|9\/323
|-boost|p2a: Serperior|spa|2
|move|p1a: Keldeo-Resolute|Secret Sword|p2a: Serperior
|-damage|p2a: Serperior|119\/353 tox
|
|-heal|p1a: Keldeo-Resolute|29\/323|[from] item: Leftovers
|-damage|p2a: Serperior|97\/353 tox|[from] psn
|turn|28
|
|switch|p1a: Latios|Latios, M|301\/301
|-damage|p1a: Latios|264\/301|[from] Stealth Rock
|move|p2a: Serperior|Leaf Storm|p1a: Latios
|-resisted|p1a: Latios
|-damage|p1a: Latios|147\/301
|-boost|p2a: Serperior|spa|2
|
|-damage|p2a: Serperior|53\/353 tox|[from] psn
|turn|29
|
|switch|p1a: Keldeo-Resolute|Keldeo-Resolute|29\/323
|-damage|p1a: Keldeo-Resolute|9\/323|[from] Stealth Rock
|move|p2a: Serperior|Glare|p1a: Keldeo-Resolute
|-status|p1a: Keldeo-Resolute|par
|
|-heal|p1a: Keldeo-Resolute|29\/323 par|[from] item: Leftovers
|-damage|p2a: Serperior|0 fnt|[from] psn
|faint|p2a: Serperior
|
|switch|p2a: Azumarill|Azumarill, M|276\/363
|turn|30
|
|move|p2a: Azumarill|Aqua Jet|p1a: Keldeo-Resolute
|-resisted|p1a: Keldeo-Resolute
|-damage|p1a: Keldeo-Resolute|0 fnt
|faint|p1a: Keldeo-Resolute
|
|
|switch|p1a: Latios|Latios, M|147\/301
|-damage|p1a: Latios|110\/301|[from] Stealth Rock
|turn|31
|
|move|p1a: Latios|Psyshock|p2a: Azumarill
|-damage|p2a: Azumarill|54\/363
|-damage|p1a: Latios|80\/301|[from] item: Life Orb
|-enditem|p2a: Azumarill|Sitrus Berry|[eat]
|-heal|p2a: Azumarill|144\/363|[from] item: Sitrus Berry
|move|p2a: Azumarill|Knock Off|p1a: Latios
|-supereffective|p1a: Latios
|-damage|p1a: Latios|0 fnt
|-enditem|p1a: Latios|Life Orb|[from] move: Knock Off|[of] p2a: Azumarill
|faint|p1a: Latios
|
|win|Iodic
|raw|Ladder updating...
|raw|Sochlo's rating: 1478 &rarr; <strong>1459<\/strong><br \/>(-19 for losing)
|raw|Iodic's rating: 1507 &rarr; <strong>1525<\/strong><br \/>(+18 for winning)
|c|âIodic|gg
|leave|Sochlo
|player|p1