|join|bls with Loy
|join|Tom Bus
|player|p1|bls with Loy|102
|player|p2|Tom Bus|142
|gametype|singles
|gen|6
|tier|OU
|rated
|clearpoke
|poke|p1|Scizor, M
|poke|p1|Dugtrio, F
|poke|p1|Keldeo
|poke|p1|Latias, F
|poke|p1|Tyranitar, F
|poke|p1|Volcarona, F
|poke|p2|Latios, M
|poke|p2|Slowbro, M
|poke|p2|Garchomp, F
|poke|p2|Raikou, shiny
|poke|p2|Bisharp, F
|poke|p2|Clefable, M
|rule|Swagger Clause: Swagger is banned
|rule|Baton Pass Clause: Limit one PokÃ©mon knowing Baton Pass
|rule|Sleep Clause Mod: Limit one foe put to sleep
|rule|Species Clause: Limit one of each PokÃ©mon
|rule|OHKO Clause: OHKO moves are banned
|rule|Moody Clause: Moody is banned
|rule|Evasion Moves Clause: Evasion moves are banned
|rule|Endless Battle Clause: Forcing endless battles is banned
|rule|HP Percentage Mod: HP is shown in percentages
|teampreview
|
|start
|switch|p1a: Keldeo|Keldeo|323\/323
|switch|p2a: Garchimpin'|Garchomp, F|420\/420
|turn|1
|
|switch|p2a: Mack|Slowbro, M|394\/394
|move|p1a: Keldeo|Scald|p2a: Mack
|-resisted|p2a: Mack
|-damage|p2a: Mack|274\/394
|
|turn|2
|
|switch|p1a: Latias|Latias, F|319\/319
|detailschange|p2a: Mack|Slowbro-Mega, M
|-mega|p2a: Mack|Slowbro|Slowbronite
|move|p2a: Mack|Calm Mind|p2a: Mack
|-boost|p2a: Mack|spa|1
|-boost|p2a: Mack|spd|1
|
|turn|3
|
|switch|p1a: Volcarona|Volcarona, F|329\/329
|move|p2a: Mack|Slack Off|p2a: Mack
|-heal|p2a: Mack|394\/394
|
|turn|4
|
|move|p1a: Volcarona|Bug Buzz|p2a: Mack
|-supereffective|p2a: Mack
|-damage|p2a: Mack|122\/394
|-unboost|p2a: Mack|spd|1
|move|p2a: Mack|Scald|p1a: Volcarona
|-supereffective|p1a: Volcarona
|-enditem|p1a: Volcarona|Passho Berry|[eat]
|-damage|p1a: Volcarona|169\/329
|
|turn|5
|
|switch|p2a: Lustrut|Raikou, shiny|321\/321
|-ability|p2a: Lustrut|Pressure
|move|p1a: Volcarona|Fire Blast|p2a: Lustrut|[miss]
|-miss|p1a: Volcarona|p2a: Lustrut
|
|turn|6
|
|switch|p2a: True|Latios, M|301\/301
|move|p1a: Volcarona|Fire Blast|p2a: True
|-resisted|p2a: True
|-damage|p2a: True|206\/301
|
|turn|7
|
|move|p2a: True|Draco Meteor|p1a: Volcarona
|-damage|p1a: Volcarona|0 fnt
|-unboost|p2a: True|spa|2
|-damage|p2a: True|176\/301|[from] item: Life Orb
|faint|p1a: Volcarona
|
|
|switch|p1a: Tyranitar|Tyranitar, F|341\/341
|-weather|Sandstorm
|turn|8
|
|move|p1a: Tyranitar|Pursuit|p2a: True|[from]Pursuit
|-supereffective|p2a: True
|-damage|p2a: True|0 fnt
|faint|p2a: True
|
|-weather|Sandstorm|[upkeep]
|
|switch|p2a: Mack|Slowbro-Mega, M|122\/394
|turn|9
|
|switch|p1a: Scizor|Scizor, M|281\/281
|move|p2a: Mack|Slack Off|p2a: Mack
|-heal|p2a: Mack|319\/394
|
|-weather|Sandstorm|[upkeep]
|-damage|p2a: Mack|295\/394|[from] sandstorm
|turn|10
|
|switch|p2a: Garchimpin'|Garchomp, F|420\/420
|detailschange|p1a: Scizor|Scizor-Mega, M
|-mega|p1a: Scizor|Scizor|Scizorite
|move|p1a: Scizor|Bug Bite|p2a: Garchimpin'
|-damage|p2a: Garchimpin'|261\/420
|-damage|p1a: Scizor|246\/281|[from] ability: Rough Skin|[of] p2a: Garchimpin'
|-damage|p1a: Scizor|200\/281|[from] item: Rocky Helmet|[of] p2a: Garchimpin'
|
|-weather|Sandstorm|[upkeep]
|turn|11
|
|switch|p1a: Keldeo|Keldeo|323\/323
|move|p2a: Garchimpin'|Dragon Claw|p1a: Keldeo
|-damage|p1a: Keldeo|196\/323
|
|-weather|Sandstorm|[upkeep]
|-damage|p1a: Keldeo|176\/323|[from] sandstorm
|turn|12
|
|switch|p2a: Lustrut|Raikou, shiny|321\/321
|-ability|p2a: Lustrut|Pressure
|move|p1a: Keldeo|Scald|p2a: Lustrut
|-damage|p2a: Lustrut|186\/321
|
|-weather|none
|turn|13
|
|switch|p1a: Latias|Latias, F|319\/319
|move|p2a: Lustrut|Hidden Power|p1a: Latias
|-supereffective|p1a: Latias
|-damage|p1a: Latias|203\/319
|
|turn|14
|
|move|p2a: Lustrut|Shadow Ball|p1a: Latias
|-supereffective|p1a: Latias
|-damage|p1a: Latias|65\/319
|move|p1a: Latias|Draco Meteor|p2a: Lustrut
|-damage|p2a: Lustrut|14\/321
|-unboost|p1a: Latias|spa|2
|-damage|p1a: Latias|34\/319|[from] item: Life Orb
|
|turn|15
|
|switch|p1a: Tyranitar|Tyranitar, F|341\/341
|-weather|Sandstorm
|move|p2a: Lustrut|Volt Switch|p1a: Tyranitar
|-damage|p1a: Tyranitar|262\/341
|
|switch|p2a: Jam|Bisharp, F|271\/271
|
|-weather|Sandstorm|[upkeep]
|turn|16
|
|switch|p2a: Mack|Slowbro-Mega, M|295\/394
|move|p1a: Tyranitar|Earthquake|p2a: Mack
|-damage|p2a: Mack|236\/394
|
|-weather|Sandstorm|[upkeep]
|-damage|p2a: Mack|212\/394|[from] sandstorm
|turn|17
|
|switch|p1a: Scizor|Scizor-Mega, M|200\/281
|move|p2a: Mack|Scald|p1a: Scizor
|-damage|p1a: Scizor|83\/281
|
|-weather|Sandstorm|[upkeep]
|-damage|p2a: Mack|188\/394|[from] sandstorm
|turn|18
|
|switch|p2a: Lustrut|Raikou, shiny|14\/321
|-ability|p2a: Lustrut|Pressure
|move|p1a: Scizor|Bug Bite|p2a: Lustrut
|-damage|p2a: Lustrut|0 fnt
|faint|p2a: Lustrut
|
|-weather|Sandstorm|[upkeep]
|
|switch|p2a: Garchimpin'|Garchomp, F|261\/420
|turn|19
|
|switch|p1a: Latias|Latias, F|34\/319
|move|p2a: Garchimpin'|Stealth Rock|p1a: Latias
|-sidestart|p1: bls with Loy|move: Stealth Rock
|
|-weather|none
|turn|20
|
|switch|p2a: Clefabus|Clefable, M|394\/394
|move|p1a: Latias|Healing Wish|p1a: Latias
|faint|p1a: Latias
|
|
|switch|p1a: Scizor|Scizor-Mega, M|83\/281
|-heal|p1a: Scizor|281\/281|[from] move: Healing Wish
|-damage|p1a: Scizor|246\/281|[from] Stealth Rock
|turn|21
|
|switch|p1a: Tyranitar|Tyranitar, F|262\/341
|-damage|p1a: Tyranitar|220\/341|[from] Stealth Rock
|-weather|Sandstorm
|switch|p2a: Garchimpin'|Garchomp, F|261\/420
|
|-weather|Sandstorm|[upkeep]
|turn|22
|
|switch|p2a: Jam|Bisharp, F|271\/271
|move|p1a: Tyranitar|Ice Beam|p2a: Jam
|-resisted|p2a: Jam
|-damage|p2a: Jam|233\/271
|
|-weather|Sandstorm|[upkeep]
|turn|23
|
|switch|p1a: Keldeo|Keldeo|176\/323
|-damage|p1a: Keldeo|156\/323|[from] Stealth Rock
|move|p2a: Jam|Swords Dance|p2a: Jam
|-boost|p2a: Jam|atk|2
|
|-weather|Sandstorm|[upkeep]
|-damage|p1a: Keldeo|136\/323|[from] sandstorm
|turn|24
|
|switch|p1a: Dugtrio|Dugtrio, F|211\/211
|-damage|p1a: Dugtrio|198\/211|[from] Stealth Rock
|move|p2a: Jam|Sucker Punch|p1a: Dugtrio
|-fail|p1a: Dugtrio
|
|-weather|Sandstorm|[upkeep]
|turn|25
|
|move|p2a: Jam|Sucker Punch|p1a: Dugtrio
|-fail|p1a: Dugtrio
|move|p1a: Dugtrio|Stealth Rock|p2a: Jam
|-sidestart|p2: Tom Bus|move: Stealth Rock
|
|-weather|none
|turn|26
|
|move|p2a: Jam|Sucker Punch|p1a: Dugtrio
|-fail|p1a: Dugtrio
|move|p1a: Dugtrio|Stealth Rock|p2a: Jam
|-fail|p2a: Jam
|
|turn|27
|
|move|p2a: Jam|Sucker Punch|p1a: Dugtrio
|-fail|p1a: Dugtrio
|move|p1a: Dugtrio|Stealth Rock|p2a: Jam
|-fail|p2a: Jam
|
|turn|28
|
|move|p1a: Dugtrio|Stealth Rock|p2a: Jam
|-fail|p2a: Jam
|move|p2a: Jam|Knock Off|p1a: Dugtrio
|-damage|p1a: Dugtrio|0 fnt
|-enditem|p1a: Dugtrio|Focus Sash|[from] move: Knock Off|[of] p2a: Jam
|-damage|p2a: Jam|206\/271|[from] item: Life Orb
|faint|p1a: Dugtrio
|
|
|switch|p1a: Scizor|Scizor-Mega, M|246\/281
|-damage|p1a: Scizor|211\/281|[from] Stealth Rock
|turn|29
|
|move|p1a: Scizor|Superpower|p2a: Jam
|-supereffective|p2a: Jam
|-damage|p2a: Jam|0 fnt
|-unboost|p1a: Scizor|atk|1
|-unboost|p1a: Scizor|def|1
|faint|p2a: Jam
|
|
|switch|p2a: Garchimpin'|Garchomp, F|261\/420
|-damage|p2a: Garchimpin'|235\/420|[from] Stealth Rock
|turn|30
|
|switch|p1a: Tyranitar|Tyranitar, F|220\/341
|-damage|p1a: Tyranitar|178\/341|[from] Stealth Rock
|-weather|Sandstorm
|move|p2a: Garchimpin'|Earthquake|p1a: Tyranitar
|-supereffective|p1a: Tyranitar
|-damage|p1a: Tyranitar|0 fnt
|faint|p1a: Tyranitar
|
|-weather|Sandstorm|[upkeep]
|
|switch|p1a: Keldeo|Keldeo|136\/323
|-damage|p1a: Keldeo|116\/323|[from] Stealth Rock
|turn|31
|
|switch|p2a: Clefabus|Clefable, M|394\/394
|move|p1a: Keldeo|Scald|p2a: Clefabus
|-damage|p2a: Clefabus|202\/394
|
|-weather|Sandstorm|[upkeep]
|-damage|p1a: Keldeo|96\/323|[from] sandstorm
|-heal|p2a: Clefabus|226\/394|[from] item: Leftovers
|turn|32
|
|move|p1a: Keldeo|Scald|p2a: Clefabus
|-damage|p2a: Clefabus|40\/394
|-status|p2a: Clefabus|brn
|move|p2a: Clefabus|Soft-Boiled|p2a: Clefabus
|-heal|p2a: Clefabus|237\/394 brn
|
|-weather|Sandstorm|[upkeep]
|-damage|p1a: Keldeo|76\/323|[from] sandstorm
|-heal|p2a: Clefabus|261\/394 brn|[from] item: Leftovers
|turn|33
|
|move|p1a: Keldeo|Scald|p2a: Clefabus
|-damage|p2a: Clefabus|72\/394 brn
|move|p2a: Clefabus|Soft-Boiled|p2a: Clefabus
|-heal|p2a: Clefabus|269\/394 brn
|
|-weather|Sandstorm|[upkeep]
|-damage|p1a: Keldeo|56\/323|[from] sandstorm
|-heal|p2a: Clefabus|293\/394 brn|[from] item: Leftovers
|turn|34
|
|move|p1a: Keldeo|Scald|p2a: Clefabus
|-damage|p2a: Clefabus|91\/394 brn
|move|p2a: Clefabus|Soft-Boiled|p2a: Clefabus
|-heal|p2a: Clefabus|288\/394 brn
|
|-weather|none
|-heal|p2a: Clefabus|312\/394 brn|[from] item: Leftovers
|turn|35
|
|move|p1a: Keldeo|Scald|p2a: Clefabus
|-damage|p2a: Clefabus|137\/394 brn
|move|p2a: Clefabus|Calm Mind|p2a: Clefabus
|-boost|p2a: Clefabus|spa|1
|-boost|p2a: Clefabus|spd|1
|
|-heal|p2a: Clefabus|161\/394 brn|[from] item: Leftovers
|turn|36
|
|move|p1a: Keldeo|Scald|p2a: Clefabus
|-damage|p2a: Clefabus|25\/394 brn
|move|p2a: Clefabus|Soft-Boiled|p2a: Clefabus
|-heal|p2a: Clefabus|222\/394 brn
|
|-heal|p2a: Clefabus|246\/394 brn|[from] item: Leftovers
|turn|37
|
|move|p1a: Keldeo|Scald|p2a: Clefabus
|-damage|p2a: Clefabus|122\/394 brn
|move|p2a: Clefabus|Soft-Boiled|p2a: Clefabus
|-heal|p2a: Clefabus|319\/394 brn
|
|-heal|p2a: Clefabus|343\/394 brn|[from] item: Leftovers
|turn|38
|
|move|p1a: Keldeo|Scald|p2a: Clefabus
|-damage|p2a: Clefabus|210\/394 brn
|move|p2a: Clefabus|Calm Mind|p2a: Clefabus
|-boost|p2a: Clefabus|spa|1
|-boost|p2a: Clefabus|spd|1
|
|-heal|p2a: Clefabus|234\/394 brn|[from] item: Leftovers
|turn|39
|
|move|p1a: Keldeo|Scald|p2a: Clefabus
|-crit|p2a: Clefabus
|-damage|p2a: Clefabus|0 fnt
|faint|p2a: Clefabus
|
|
|switch|p2a: Mack|Slowbro-Mega, M|188\/394
|-damage|p2a: Mack|139\/394|[from] Stealth Rock
|turn|40
|
|move|p1a: Keldeo|Scald|p2a: Mack
|-resisted|p2a: Mack
|-damage|p2a: Mack|1\/394
|move|p2a: Mack|Slack Off|p2a: Mack
|-heal|p2a: Mack|198\/394
|
|turn|41
|
|move|p1a: Keldeo|Scald|p2a: Mack
|-resisted|p2a: Mack
|-damage|p2a: Mack|75\/394
|-status|p2a: Mack|brn
|move|p2a: Mack|Slack Off|p2a: Mack
|-heal|p2a: Mack|272\/394 brn
|
|-damage|p2a: Mack|223\/394 brn|[from] brn
|turn|42
|
|move|p1a: Keldeo|Scald|p2a: Mack
|-resisted|p2a: Mack
|-damage|p2a: Mack|88\/394 brn
|move|p2a: Mack|Slack Off|p2a: Mack
|-heal|p2a: Mack|285\/394 brn
|
|-damage|p2a: Mack|236\/394 brn|[from] brn
|turn|43
|
|move|p1a: Keldeo|Scald|p2a: Mack
|-resisted|p2a: Mack
|-damage|p2a: Mack|113\/394 brn
|move|p2a: Mack|Slack Off|p2a: Mack
|-heal|p2a: Mack|310\/394 brn
|
|-damage|p2a: Mack|261\/394 brn|[from] brn
|turn|44
|
|move|p1a: Keldeo|Scald|p2a: Mack
|-resisted|p2a: Mack
|-damage|p2a: Mack|133\/394 brn
|move|p2a: Mack|Slack Off|p2a: Mack
|-heal|p2a: Mack|330\/394 brn
|
|-damage|p2a: Mack|281\/394 brn|[from] brn
|turn|45
|
|switch|p1a: Scizor|Scizor-Mega, M|211\/281
|-damage|p1a: Scizor|176\/281|[from] Stealth Rock
|move|p2a: Mack|Slack Off|p2a: Mack
|-heal|p2a: Mack|394\/394 brn
|
|-damage|p2a: Mack|345\/394 brn|[from] brn
|turn|46
|
|move|p1a: Scizor|Bug Bite|p2a: Mack
|-supereffective|p2a: Mack
|-damage|p2a: Mack|177\/394 brn
|move|p2a: Mack|Scald|p1a: Scizor
|-damage|p1a: Scizor|68\/281
|-status|p1a: Scizor|brn
|
|-damage|p1a: Scizor|33\/281 brn|[from] brn
|-damage|p2a: Mack|128\/394 brn|[from] brn
|turn|47
|
|move|p1a: Scizor|Bug Bite|p2a: Mack
|-supereffective|p2a: Mack
|-damage|p2a: Mack|32\/394 brn
|move|p2a: Mack|Slack Off|p2a: Mack
|-heal|p2a: Mack|229\/394 brn
|
|-damage|p1a: Scizor|0 fnt|[from] brn
|-damage|p2a: Mack|180\/394 brn|[from] brn
|faint|p1a: Scizor
|
|switch|p1a: Keldeo|Keldeo|56\/323
|-damage|p1a: Keldeo|36\/323|[from] Stealth Rock
|turn|48
|
|move|p1a: Keldeo|Hydro Pump|p2a: Mack
|-resisted|p2a: Mack
|-damage|p2a: Mack|0 fnt
|faint|p2a: Mack
|
|
|switch|p2a: Garchimpin'|Garchomp, F|235\/420
|-damage|p2a: Garchimpin'|209\/420|[from] Stealth Rock
|turn|49
|
|move|p1a: Keldeo|Hydro Pump|p2a: Garchimpin'|[miss]
|-miss|p1a: Keldeo|p2a: Garchimpin'
|move|p2a: Garchimpin'|Earthquake|p1a: Keldeo
|-damage|p1a: Keldeo|0 fnt
|faint|p1a: Keldeo
|
|win|Tom Bus
|raw|Ladder updating...
|raw|bls with Loy's rating: 1554 &rarr; <strong>1536<\/strong><br \/>(-18 for losing)
|raw|Tom Bus's rating: 1583 &rarr; <strong>1601<\/strong><br \/>(+18 for winning)
|c|âbls with Loy|fuck
|c|âbls with Loy|course
|leave|Tom Bus
|player|p2
|join|kill all bp fags
|leave|bls with Loy
|player|p1