|join|Flan76
|join|zippleclopper
|player|p1|Flan76|132
|player|p2|zippleclopper|1
|gametype|singles
|gen|6
|tier|OU
|rated
|clearpoke
|poke|p1|Pinsir, F
|poke|p1|Excadrill, F
|poke|p1|Azumarill, F
|poke|p1|Keldeo
|poke|p1|Magneton
|poke|p1|Landorus-Therian, M
|poke|p2|Slowbro, F
|poke|p2|Breloom, M
|poke|p2|Dragonite, M
|poke|p2|Heatran, M
|poke|p2|Hippowdon, M
|poke|p2|Excadrill, F
|rule|Swagger Clause: Swagger is banned
|rule|Baton Pass Clause: Limit one PokÃ©mon knowing Baton Pass
|rule|Sleep Clause Mod: Limit one foe put to sleep
|rule|Species Clause: Limit one of each PokÃ©mon
|rule|OHKO Clause: OHKO moves are banned
|rule|Moody Clause: Moody is banned
|rule|Evasion Moves Clause: Evasion moves are banned
|rule|Endless Battle Clause: Forcing endless battles is banned
|rule|HP Percentage Mod: HP is shown in percentages
|teampreview
|
|start
|switch|p1a: Logic|Excadrill, F|361\/361
|switch|p2a: Slowbro|Slowbro, F|394\/394
|-ability|p1a: Logic|Mold Breaker
|turn|1
|
|detailschange|p2a: Slowbro|Slowbro-Mega, F
|message|Slowbro has Mega Evolved into Mega Slowbro!
|move|p1a: Logic|Stealth Rock|p2a: Slowbro
|-sidestart|p2: zippleclopper|move: Stealth Rock
|move|p2a: Slowbro|Calm Mind|p2a: Slowbro
|-boost|p2a: Slowbro|spa|1
|-boost|p2a: Slowbro|spd|1
|
|turn|2
|
|switch|p1a: hype nigga|Azumarill, F|404\/404
|move|p2a: Slowbro|Calm Mind|p2a: Slowbro
|-boost|p2a: Slowbro|spa|1
|-boost|p2a: Slowbro|spd|1
|
|turn|3
|
|move|p1a: hype nigga|Play Rough|p2a: Slowbro
|-damage|p2a: Slowbro|255\/394
|move|p2a: Slowbro|Psyshock|p1a: hype nigga
|-damage|p1a: hype nigga|124\/404
|
|turn|4
|
|move|p1a: hype nigga|Play Rough|p2a: Slowbro
|-damage|p2a: Slowbro|116\/394
|move|p2a: Slowbro|Slack Off|p2a: Slowbro
|-heal|p2a: Slowbro|313\/394
|
|turn|5
|
|move|p1a: hype nigga|Play Rough|p2a: Slowbro
|-damage|p2a: Slowbro|157\/394
|move|p2a: Slowbro|Slack Off|p2a: Slowbro
|-heal|p2a: Slowbro|354\/394
|
|turn|6
|
|move|p1a: hype nigga|Play Rough|p2a: Slowbro
|-damage|p2a: Slowbro|216\/394
|move|p2a: Slowbro|Slack Off|p2a: Slowbro
|-heal|p2a: Slowbro|394\/394
|
|turn|7
|
|move|p1a: hype nigga|Play Rough|p2a: Slowbro
|-damage|p2a: Slowbro|240\/394
|move|p2a: Slowbro|Calm Mind|p2a: Slowbro
|-boost|p2a: Slowbro|spa|1
|-boost|p2a: Slowbro|spd|1
|
|turn|8
|
|move|p1a: hype nigga|Play Rough|p2a: Slowbro|[miss]
|-miss|p1a: hype nigga|p2a: Slowbro
|move|p2a: Slowbro|Slack Off|p2a: Slowbro
|-heal|p2a: Slowbro|394\/394
|
|turn|9
|
|move|p1a: hype nigga|Play Rough|p2a: Slowbro
|-damage|p2a: Slowbro|256\/394
|move|p2a: Slowbro|Calm Mind|p2a: Slowbro
|-boost|p2a: Slowbro|spa|1
|-boost|p2a: Slowbro|spd|1
|
|turn|10
|
|move|p1a: hype nigga|Play Rough|p2a: Slowbro
|-damage|p2a: Slowbro|118\/394
|move|p2a: Slowbro|Slack Off|p2a: Slowbro
|-heal|p2a: Slowbro|315\/394
|
|turn|11
|-message|Flan76 forfeited.
|
|win|zippleclopper
|raw|Ladder updating...
|leave|Flan76
|player|p1
|raw|Flan76's rating: 1533 &rarr; <strong>1510<\/strong><br \/>(-23 for losing)
|raw|zippleclopper's rating: 1488 &rarr; <strong>1511<\/strong><br \/>(+23 for winning)