|join|Buggles
|join|zippleclopper
|player|p1|Buggles|208
|player|p2|zippleclopper|1
|gametype|singles
|gen|6
|tier|OU
|rated
|clearpoke
|poke|p1|Uxie
|poke|p1|Azumarill, M
|poke|p1|Diancie
|poke|p1|Manaphy
|poke|p1|Chandelure, F
|poke|p1|Scizor, F
|poke|p2|Sableye, F
|poke|p2|Porygon2
|poke|p2|Chesnaught, M
|poke|p2|Empoleon, M
|poke|p2|Rhyperior, M
|poke|p2|Tentacruel, F
|rule|Swagger Clause: Swagger is banned
|rule|Baton Pass Clause: Limit one PokÃ©mon knowing Baton Pass
|rule|Sleep Clause Mod: Limit one foe put to sleep
|rule|Species Clause: Limit one of each PokÃ©mon
|rule|OHKO Clause: OHKO moves are banned
|rule|Moody Clause: Moody is banned
|rule|Evasion Moves Clause: Evasion moves are banned
|rule|Endless Battle Clause: Forcing endless battles is banned
|rule|HP Percentage Mod: HP is shown in percentages
|teampreview
|
|start
|switch|p1a: Uxie|Uxie|354\/354
|switch|p2a: Sableye|Sableye, F|304\/304
|turn|1
|
|move|p1a: Uxie|Magic Coat|p1a: Uxie
|-singleturn|p1a: Uxie|move: Magic Coat
|move|p2a: Sableye|Will-O-Wisp|p1a: Uxie
|move|p1a: Uxie|Will-O-Wisp|p2a: Sableye|[from]Magic Coat
|-status|p2a: Sableye|brn
|
|-damage|p2a: Sableye|266\/304 brn|[from] brn
|turn|2
|
|move|p1a: Uxie|Stealth Rock|p2a: Sableye
|-sidestart|p2: zippleclopper|move: Stealth Rock
|move|p2a: Sableye|Dark Pulse|p1a: Uxie
|-supereffective|p1a: Uxie
|-damage|p1a: Uxie|246\/354
|-enditem|p1a: Uxie|Red Card|[of] p2a: Sableye
|drag|p2a: Empoleon|Empoleon, M|372\/372
|-damage|p2a: Empoleon|349\/372|[from] Stealth Rock
|
|-heal|p2a: Empoleon|372\/372|[from] item: Leftovers
|turn|3
|
|move|p2a: Empoleon|Stealth Rock|p1a: Uxie
|-sidestart|p1: Buggles|move: Stealth Rock
|move|p1a: Uxie|Trick Room|p1a: Uxie
|-fieldstart|move: Trick Room|[of] p1a: Uxie
|
|turn|4
|
|switch|p2a: Tentacruel|Tentacruel, F|364\/364
|-damage|p2a: Tentacruel|319\/364|[from] Stealth Rock
|move|p1a: Uxie|Memento|p2a: Tentacruel
|-unboost|p2a: Tentacruel|atk|2
|-unboost|p2a: Tentacruel|spa|2
|faint|p1a: Uxie
|
|-heal|p2a: Tentacruel|341\/364|[from] item: Black Sludge
|
|switch|p1a: Manaphy|Manaphy|404\/404
|-damage|p1a: Manaphy|354\/404|[from] Stealth Rock
|turn|5
|
|move|p1a: Manaphy|Tail Glow|p1a: Manaphy
|-boost|p1a: Manaphy|spa|3
|move|p2a: Tentacruel|Rapid Spin|p1a: Manaphy
|-damage|p1a: Manaphy|347\/404
|-sideend|p2: zippleclopper|Stealth Rock|[from] move: Rapid Spin|[of] p2a: Tentacruel
|
|-heal|p2a: Tentacruel|363\/364|[from] item: Black Sludge
|turn|6
|
|move|p1a: Manaphy|Psychic|p2a: Tentacruel
|-supereffective|p2a: Tentacruel
|-damage|p2a: Tentacruel|0 fnt
|faint|p2a: Tentacruel
|
|
|switch|p2a: Chesnaught|Chesnaught, M|380\/380
|turn|7
|
|move|p2a: Chesnaught|Wood Hammer|p1a: Manaphy
|-crit|p1a: Manaphy
|-supereffective|p1a: Manaphy
|-damage|p1a: Manaphy|0 fnt
|-damage|p2a: Chesnaught|265\/380|[from] recoil|[of] p1a: Manaphy
|faint|p1a: Manaphy
|
|-heal|p2a: Chesnaught|288\/380|[from] item: Leftovers
|-fieldend|move: Trick Room
|
|switch|p1a: Chandelure|Chandelure, F|324\/324
|-damage|p1a: Chandelure|243\/324|[from] Stealth Rock
|-item|p1a: Chandelure|Air Balloon
|turn|8
|
|switch|p2a: Empoleon|Empoleon, M|372\/372
|move|p1a: Chandelure|Trick Room|p1a: Chandelure
|-fieldstart|move: Trick Room|[of] p1a: Chandelure
|
|turn|9
|
|move|p1a: Chandelure|Memento|p2a: Empoleon
|-unboost|p2a: Empoleon|atk|2
|-unboost|p2a: Empoleon|spa|2
|faint|p1a: Chandelure
|move|p2a: Empoleon|Scald|p1: Chandelure|[notarget]
|-notarget
|
|
|switch|p1a: Azumarill|Azumarill, M|404\/404
|-damage|p1a: Azumarill|354\/404|[from] Stealth Rock
|turn|10
|
|move|p1a: Azumarill|Belly Drum|p1a: Azumarill
|-damage|p1a: Azumarill|152\/404
|-setboost|p1a: Azumarill|atk|6|[from] move: Belly Drum
|-enditem|p1a: Azumarill|Sitrus Berry|[eat]
|-heal|p1a: Azumarill|253\/404|[from] item: Sitrus Berry
|move|p2a: Empoleon|Roar|p1a: Azumarill
|drag|p1a: Scizor|Scizor, F|344\/344
|-damage|p1a: Scizor|301\/344|[from] Stealth Rock
|
|turn|11
|
|switch|p2a: Rhyperior|Rhyperior, M|424\/424
|detailschange|p1a: Scizor|Scizor-Mega, F
|message|Scizor has Mega Evolved into Mega Scizor!
|move|p1a: Scizor|Brick Break|p2a: Rhyperior
|-supereffective|p2a: Rhyperior
|-damage|p2a: Rhyperior|310\/424
|
|-heal|p2a: Rhyperior|336\/424|[from] item: Leftovers
|turn|12
|
|move|p2a: Rhyperior|Fire Punch|p1a: Scizor
|-crit|p1a: Scizor
|-supereffective|p1a: Scizor
|-damage|p1a: Scizor|0 fnt
|faint|p1a: Scizor
|
|-heal|p2a: Rhyperior|362\/424|[from] item: Leftovers
|-fieldend|move: Trick Room
|
|switch|p1a: Diancie|Diancie|304\/304
|-damage|p1a: Diancie|266\/304|[from] Stealth Rock
|turn|13
|
|move|p2a: Rhyperior|Earthquake|p1a: Diancie
|-supereffective|p1a: Diancie
|-damage|p1a: Diancie|32\/304
|-enditem|p1a: Diancie|Red Card|[of] p2a: Rhyperior
|drag|p2a: Porygon2|Porygon2|374\/374
|-ability|p2a: Porygon2|Clear Body|[from] ability: Trace|[of] p1a: Diancie
|move|p1a: Diancie|Trick Room|p1a: Diancie
|-fieldstart|move: Trick Room|[of] p1a: Diancie
|
|turn|14
|
|move|p1a: Diancie|Explosion|p2a: Porygon2
|-damage|p2a: Porygon2|225\/374
|faint|p1a: Diancie
|move|p2a: Porygon2|Ice Beam|p1: Diancie|[notarget]
|-notarget
|
|
|switch|p1a: Azumarill|Azumarill, M|253\/404
|-damage|p1a: Azumarill|203\/404|[from] Stealth Rock
|turn|15
|
|move|p1a: Azumarill|Knock Off|p2a: Porygon2
|-damage|p2a: Porygon2|149\/374
|-enditem|p2a: Porygon2|Eviolite|[from] move: Knock Off|[of] p1a: Azumarill
|move|p2a: Porygon2|Discharge|p1a: Azumarill
|-supereffective|p1a: Azumarill
|-damage|p1a: Azumarill|41\/404
|-status|p1a: Azumarill|par
|
|turn|16
|
|move|p1a: Azumarill|Waterfall|p2a: Porygon2
|-damage|p2a: Porygon2|2\/374
|move|p2a: Porygon2|Discharge|p1a: Azumarill
|-supereffective|p1a: Azumarill
|-damage|p1a: Azumarill|0 fnt
|faint|p1a: Azumarill
|
|win|zippleclopper
|raw|Ladder updating...
|raw|Buggles's rating: 1499 &rarr; <strong>1476<\/strong><br \/>(-23 for losing)
|raw|zippleclopper's rating: 1447 &rarr; <strong>1470<\/strong><br \/>(+23 for winning)
|c|âBuggles|gg
|leave|Buggles
|player|p1