|join|canusurvive
|join|zippleclopper
|player|p1|canusurvive|130
|player|p2|zippleclopper|1
|gametype|singles
|gen|6
|tier|OU
|rated
|clearpoke
|poke|p1|Weavile, F, shiny
|poke|p1|Manectric, M
|poke|p1|Landorus-Therian, M
|poke|p1|Latias, F
|poke|p1|Talonflame, F
|poke|p1|Staraptor, M
|poke|p2|Sableye, M
|poke|p2|Porygon2
|poke|p2|Chesnaught, F
|poke|p2|Empoleon, F
|poke|p2|Rhyperior, M
|poke|p2|Tentacruel, M
|rule|Swagger Clause: Swagger is banned
|rule|Baton Pass Clause: Limit one PokÃ©mon knowing Baton Pass
|rule|Sleep Clause Mod: Limit one foe put to sleep
|rule|Species Clause: Limit one of each PokÃ©mon
|rule|OHKO Clause: OHKO moves are banned
|rule|Moody Clause: Moody is banned
|rule|Evasion Moves Clause: Evasion moves are banned
|rule|Endless Battle Clause: Forcing endless battles is banned
|rule|HP Percentage Mod: HP is shown in percentages
|teampreview
|
|start
|switch|p1a: Landorus-Therian|Landorus-Therian, M|319\/319
|switch|p2a: Sableye|Sableye, M|304\/304
|-ability|p1a: Landorus-Therian|Intimidate|[of] p2a: Sableye
|-unboost|p2a: Sableye|atk|1
|turn|1
|
|switch|p1a: Talonflame|Talonflame, F|297\/297
|move|p2a: Sableye|Dark Pulse|p1a: Talonflame
|-damage|p1a: Talonflame|201\/297
|
|turn|2
|
|switch|p2a: Rhyperior|Rhyperior, M|424\/424
|move|p1a: Talonflame|Flare Blitz|p2a: Rhyperior
|-resisted|p2a: Rhyperior
|-damage|p2a: Rhyperior|371\/424
|-damage|p1a: Talonflame|184\/297|[from] recoil|[of] p2a: Rhyperior
|
|-heal|p2a: Rhyperior|397\/424|[from] item: Leftovers
|turn|3
|
|switch|p1a: Landorus-Therian|Landorus-Therian, M|319\/319
|-ability|p1a: Landorus-Therian|Intimidate|[of] p2a: Rhyperior
|-unboost|p2a: Rhyperior|atk|1
|move|p2a: Rhyperior|Ice Punch|p1a: Landorus-Therian
|-supereffective|p1a: Landorus-Therian
|-damage|p1a: Landorus-Therian|123\/319
|
|-heal|p2a: Rhyperior|423\/424|[from] item: Leftovers
|turn|4
|
|move|p1a: Landorus-Therian|Stealth Rock|p2a: Rhyperior
|-sidestart|p2: zippleclopper|move: Stealth Rock
|move|p2a: Rhyperior|Ice Punch|p1a: Landorus-Therian
|-supereffective|p1a: Landorus-Therian
|-damage|p1a: Landorus-Therian|0 fnt
|faint|p1a: Landorus-Therian
|
|-heal|p2a: Rhyperior|424\/424|[from] item: Leftovers
|
|switch|p1a: Talonflame|Talonflame, F|184\/297
|turn|5
|
|move|p1a: Talonflame|Brave Bird|p2a: Rhyperior
|-resisted|p2a: Rhyperior
|-damage|p2a: Rhyperior|354\/424
|-damage|p1a: Talonflame|161\/297|[from] recoil|[of] p2a: Rhyperior
|move|p2a: Rhyperior|Rock Blast|p1a: Talonflame
|-supereffective|p1a: Talonflame
|-damage|p1a: Talonflame|0 fnt
|-hitcount|p1a: Talonflame|1
|faint|p1a: Talonflame
|
|-heal|p2a: Rhyperior|380\/424|[from] item: Leftovers
|
|switch|p1a: Manectric|Manectric, M|281\/281
|turn|6
|
|switch|p2a: Porygon2|Porygon2|374\/374
|-damage|p2a: Porygon2|328\/374|[from] Stealth Rock
|-ability|p2a: Porygon2|Lightning Rod|[from] ability: Trace|[of] p1a: Manectric
|detailschange|p1a: Manectric|Manectric-Mega, M
|message|Manectric has Mega Evolved into Mega Manectric!
|-ability|p1a: Manectric|Intimidate|[of] p2a: Porygon2
|-unboost|p2a: Porygon2|atk|1
|move|p1a: Manectric|Hidden Power|p2a: Porygon2
|-damage|p2a: Porygon2|280\/374
|
|turn|7
|
|move|p1a: Manectric|Thunderbolt|p2a: Porygon2
|-boost|p2a: Porygon2|spa|1|[from] ability: Lightning Rod
|move|p2a: Porygon2|Toxic|p1a: Manectric
|-status|p1a: Manectric|tox
|
|-damage|p1a: Manectric|264\/281 tox|[from] psn
|turn|8
|
|switch|p1a: Weavile|Weavile, F, shiny|281\/281
|-ability|p1a: Weavile|Pressure
|move|p2a: Porygon2|Toxic|p1a: Weavile
|-status|p1a: Weavile|tox
|
|-damage|p1a: Weavile|264\/281 tox|[from] psn
|turn|9
|
|move|p1a: Weavile|Icicle Crash|p2a: Porygon2
|-damage|p2a: Porygon2|160\/374
|cant|p2a: Porygon2|flinch
|
|-damage|p1a: Weavile|230\/281 tox|[from] psn
|turn|10
|
|switch|p1a: Staraptor|Staraptor, M|311\/311
|move|p2a: Porygon2|Recover|p2a: Porygon2
|-heal|p2a: Porygon2|347\/374
|
|turn|11
|
|move|p1a: Staraptor|U-turn|p2a: Porygon2
|-damage|p2a: Porygon2|301\/374
|
|switch|p1a: Weavile|Weavile, F, shiny|230\/281 tox
|-ability|p1a: Weavile|Pressure
|move|p2a: Porygon2|Discharge|p1a: Weavile
|-damage|p1a: Weavile|118\/281 tox
|
|-damage|p1a: Weavile|101\/281 tox|[from] psn
|turn|12
|
|move|p1a: Weavile|Knock Off|p2a: Porygon2
|-crit|p2a: Porygon2
|-damage|p2a: Porygon2|93\/374
|-enditem|p2a: Porygon2|Eviolite|[from] move: Knock Off|[of] p1a: Weavile
|move|p2a: Porygon2|Discharge|p1a: Weavile
|-damage|p1a: Weavile|0 fnt
|faint|p1a: Weavile
|
|
|switch|p1a: Manectric|Manectric-Mega, M|264\/281 tox
|-ability|p1a: Manectric|Intimidate|[of] p2a: Porygon2
|-unboost|p2a: Porygon2|atk|1
|turn|13
|
|move|p1a: Manectric|Overheat|p2a: Porygon2
|-damage|p2a: Porygon2|0 fnt
|-unboost|p1a: Manectric|spa|2
|faint|p2a: Porygon2
|
|-damage|p1a: Manectric|247\/281 tox|[from] psn
|
|switch|p2a: Rhyperior|Rhyperior, M|380\/424
|-damage|p2a: Rhyperior|354\/424|[from] Stealth Rock
|turn|14
|
|switch|p1a: Staraptor|Staraptor, M|311\/311
|move|p2a: Rhyperior|Rock Blast|p1a: Staraptor
|-supereffective|p1a: Staraptor
|-damage|p1a: Staraptor|179\/311
|-supereffective|p1a: Staraptor
|-damage|p1a: Staraptor|69\/311
|-supereffective|p1a: Staraptor
|-damage|p1a: Staraptor|0 fnt
|-hitcount|p1a: Staraptor|3
|faint|p1a: Staraptor
|
|-heal|p2a: Rhyperior|380\/424|[from] item: Leftovers
|
|switch|p1a: Latias|Latias, F|345\/345
|turn|15
|
|switch|p2a: Empoleon|Empoleon, F|372\/372
|-damage|p2a: Empoleon|349\/372|[from] Stealth Rock
|move|p1a: Latias|Draco Meteor|p2a: Empoleon
|-resisted|p2a: Empoleon
|-damage|p2a: Empoleon|267\/372
|-unboost|p1a: Latias|spa|2
|-damage|p1a: Latias|311\/345|[from] item: Life Orb
|
|-heal|p2a: Empoleon|290\/372|[from] item: Leftovers
|turn|16
|
|switch|p1a: Manectric|Manectric-Mega, M|247\/281 tox
|-ability|p1a: Manectric|Intimidate|[of] p2a: Empoleon
|-unboost|p2a: Empoleon|atk|1
|move|p2a: Empoleon|Scald|p1a: Manectric
|-crit|p1a: Manectric
|-damage|p1a: Manectric|55\/281 tox
|
|-heal|p2a: Empoleon|313\/372|[from] item: Leftovers
|-damage|p1a: Manectric|38\/281 tox|[from] psn
|turn|17
|
|switch|p2a: Chesnaught|Chesnaught, F|380\/380
|-damage|p2a: Chesnaught|357\/380|[from] Stealth Rock
|move|p1a: Manectric|Volt Switch|p2a: Chesnaught
|-resisted|p2a: Chesnaught
|-damage|p2a: Chesnaught|277\/380
|
|switch|p1a: Latias|Latias, F|311\/345
|
|-heal|p2a: Chesnaught|300\/380|[from] item: Leftovers
|turn|18
|
|move|p2a: Chesnaught|Spiky Shield|p2a: Chesnaught
|-singleturn|p2a: Chesnaught|move: Protect
|move|p1a: Latias|Draco Meteor|p2a: Chesnaught
|-activate|p2a: Chesnaught|move: Protect
|
|-heal|p2a: Chesnaught|323\/380|[from] item: Leftovers
|turn|19
|
|switch|p2a: Empoleon|Empoleon, F|313\/372
|-damage|p2a: Empoleon|290\/372|[from] Stealth Rock
|move|p1a: Latias|Draco Meteor|p2a: Empoleon
|-resisted|p2a: Empoleon
|-damage|p2a: Empoleon|215\/372
|-unboost|p1a: Latias|spa|2
|-damage|p1a: Latias|277\/345|[from] item: Life Orb
|
|-heal|p2a: Empoleon|238\/372|[from] item: Leftovers
|turn|20
|
|move|p1a: Latias|Hidden Power|p2a: Empoleon
|-supereffective|p2a: Empoleon
|-damage|p2a: Empoleon|186\/372
|-damage|p1a: Latias|243\/345|[from] item: Life Orb
|move|p2a: Empoleon|Flash Cannon|p1a: Latias
|-damage|p1a: Latias|156\/345
|
|-heal|p2a: Empoleon|209\/372|[from] item: Leftovers
|turn|21
|
|move|p1a: Latias|Healing Wish|p1a: Latias
|faint|p1a: Latias
|move|p2a: Empoleon|Flash Cannon|p1: Latias|[notarget]
|-notarget
|
|-heal|p2a: Empoleon|232\/372|[from] item: Leftovers
|
|switch|p1a: Manectric|Manectric-Mega, M|38\/281 tox
|-heal|p1a: Manectric|281\/281|[from] move: Healing Wish
|-ability|p1a: Manectric|Intimidate|[of] p2a: Empoleon
|-unboost|p2a: Empoleon|atk|1
|turn|22
|
|move|p1a: Manectric|Thunderbolt|p2a: Empoleon
|-supereffective|p2a: Empoleon
|-damage|p2a: Empoleon|14\/372
|move|p2a: Empoleon|Scald|p1a: Manectric
|-damage|p1a: Manectric|106\/281
|-status|p1a: Manectric|brn
|
|-heal|p2a: Empoleon|37\/372|[from] item: Leftovers
|-damage|p1a: Manectric|71\/281 brn|[from] brn
|turn|23
|c|âcanusurvive|gg
|
|move|p1a: Manectric|Thunderbolt|p2a: Empoleon
|-supereffective|p2a: Empoleon
|-damage|p2a: Empoleon|0 fnt
|faint|p2a: Empoleon
|
|-damage|p1a: Manectric|36\/281 brn|[from] brn
|
|switch|p2a: Rhyperior|Rhyperior, M|380\/424
|-damage|p2a: Rhyperior|354\/424|[from] Stealth Rock
|turn|24
|
|move|p1a: Manectric|Hidden Power|p2a: Rhyperior
|-supereffective|p2a: Rhyperior
|-damage|p2a: Rhyperior|171\/424
|move|p2a: Rhyperior|Earthquake|p1a: Manectric
|-supereffective|p1a: Manectric
|-damage|p1a: Manectric|0 fnt
|faint|p1a: Manectric
|
|win|zippleclopper
|raw|Ladder updating...
|raw|canusurvive's rating: 1415 &rarr; <strong>1397<\/strong><br \/>(-18 for losing)
|raw|zippleclopper's rating: 1465 &rarr; <strong>1482<\/strong><br \/>(+17 for winning)
|leave|canusurvive
|player|p1