|join|zippleclopper
|join|Ox the Fox
|player|p1|zippleclopper|1
|player|p2|Ox the Fox|199
|gametype|singles
|gen|6
|tier|OU
|rated
|clearpoke
|poke|p1|Sableye, F
|poke|p1|Porygon2
|poke|p1|Chesnaught, M
|poke|p1|Empoleon, F
|poke|p1|Rhyperior, F
|poke|p1|Tentacruel, M
|poke|p2|Garchomp, F, shiny
|poke|p2|Sableye, M
|poke|p2|Chansey, F
|poke|p2|Skarmory, F
|poke|p2|Tentacruel, M
|poke|p2|Quagsire, M
|rule|Swagger Clause: Swagger is banned
|rule|Baton Pass Clause: Limit one PokÃ©mon knowing Baton Pass
|rule|Sleep Clause Mod: Limit one foe put to sleep
|rule|Species Clause: Limit one of each PokÃ©mon
|rule|OHKO Clause: OHKO moves are banned
|rule|Moody Clause: Moody is banned
|rule|Evasion Moves Clause: Evasion moves are banned
|rule|Endless Battle Clause: Forcing endless battles is banned
|rule|HP Percentage Mod: HP is shown in percentages
|teampreview
|
|start
|switch|p1a: Sableye|Sableye, F|304\/304
|switch|p2a: Blue|Sableye, M|304\/304
|turn|1
|
|detailschange|p2a: Blue|Sableye-Mega, M
|message|Sableye has Mega Evolved into Mega Sableye!
|detailschange|p1a: Sableye|Sableye-Mega, F
|message|Sableye has Mega Evolved into Mega Sableye!
|move|p1a: Sableye|Calm Mind|p1a: Sableye
|-boost|p1a: Sableye|spa|1
|-boost|p1a: Sableye|spd|1
|move|p2a: Blue|Foul Play|p1a: Sableye
|-damage|p1a: Sableye|262\/304
|
|turn|2
|
|switch|p2a: Blue|Tentacruel, M|364\/364
|move|p1a: Sableye|Calm Mind|p1a: Sableye
|-boost|p1a: Sableye|spa|1
|-boost|p1a: Sableye|spd|1
|
|turn|3
|
|move|p2a: Blue|Acid Spray|p1a: Sableye
|-resisted|p1a: Sableye
|-damage|p1a: Sableye|253\/304
|-unboost|p1a: Sableye|spd|2
|move|p1a: Sableye|Will-O-Wisp|p2a: Blue
|-status|p2a: Blue|brn
|
|-damage|p2a: Blue|319\/364 brn|[from] brn
|turn|4
|
|move|p2a: Blue|Scald|p1a: Sableye
|-damage|p1a: Sableye|180\/304
|move|p1a: Sableye|Dark Pulse|p2a: Blue
|-damage|p2a: Blue|222\/364 brn
|
|-heal|p2a: Blue|244\/364 brn|[from] item: Black Sludge
|-damage|p2a: Blue|199\/364 brn|[from] brn
|turn|5
|
|switch|p1a: Tentacruel|Tentacruel, M|364\/364
|move|p2a: Blue|Scald|p1a: Tentacruel
|-resisted|p1a: Tentacruel
|-damage|p1a: Tentacruel|332\/364
|
|-heal|p1a: Tentacruel|354\/364|[from] item: Black Sludge
|-heal|p2a: Blue|221\/364 brn|[from] item: Black Sludge
|-damage|p2a: Blue|176\/364 brn|[from] brn
|turn|6
|
|switch|p2a: Blue|Garchomp, F, shiny|420\/420
|move|p1a: Tentacruel|Knock Off|p2a: Blue
|-damage|p2a: Blue|381\/420
|-damage|p1a: Tentacruel|309\/364|[from] ability: Rough Skin|[of] p2a: Blue
|-damage|p1a: Tentacruel|249\/364|[from] item: Rocky Helmet|[of] p2a: Blue
|-enditem|p2a: Blue|Rocky Helmet|[from] move: Knock Off|[of] p1a: Tentacruel
|
|-heal|p1a: Tentacruel|271\/364|[from] item: Black Sludge
|turn|7
|
|switch|p1a: Sableye|Sableye-Mega, F|180\/304
|move|p2a: Blue|Stealth Rock|p1a: Sableye
|move|p1a: Sableye|Stealth Rock|p2a: Blue|[from]Magic Bounce
|-sidestart|p2: Ox the Fox|move: Stealth Rock
|
|turn|8
|
|move|p2a: Blue|Earthquake|p1a: Sableye
|-damage|p1a: Sableye|86\/304
|move|p1a: Sableye|Recover|p1a: Sableye
|-heal|p1a: Sableye|238\/304
|
|turn|9
|c|âOx the Fox|sab was a ballsy play
|
|move|p1a: Sableye|Will-O-Wisp|p2a: Blue
|-status|p2a: Blue|brn
|move|p2a: Blue|Dragon Tail|p1a: Sableye
|-damage|p1a: Sableye|208\/304
|drag|p1a: Empoleon|Empoleon, F|372\/372
|
|-damage|p2a: Blue|329\/420 brn|[from] brn
|turn|10
|
|switch|p1a: Sableye|Sableye-Mega, F|208\/304
|move|p2a: Blue|Stealth Rock|p1a: Sableye
|move|p1a: Sableye|Stealth Rock|p2a: Blue|[from]Magic Bounce
|-fail|p2a: Blue
|
|-damage|p2a: Blue|277\/420 brn|[from] brn
|turn|11
|-message|Ox the Fox forfeited.
|
|win|zippleclopper
|raw|Ladder updating...
|leave|Ox the Fox
|player|p2
|raw|zippleclopper's rating: 1424 &rarr; <strong>1449<\/strong><br \/>(+25 for winning)
|raw|Ox the Fox's rating: 1508 &rarr; <strong>1483<\/strong><br \/>(-25 for losing)