|join|Delcampo
|join|zippleclopper
|player|p1|Delcampo|164
|player|p2|zippleclopper|1
|gametype|singles
|gen|6
|tier|OU
|rated
|clearpoke
|poke|p1|Gliscor, F
|poke|p1|Heatran, M
|poke|p1|Greninja, M
|poke|p1|Bisharp, M
|poke|p1|Manaphy
|poke|p1|Conkeldurr, M
|poke|p2|Heracross, M
|poke|p2|Jirachi
|poke|p2|Mandibuzz, F
|poke|p2|Clefable, M
|poke|p2|Latios, M
|poke|p2|Manaphy
|rule|Swagger Clause: Swagger is banned
|rule|Baton Pass Clause: Limit one PokÃ©mon knowing Baton Pass
|rule|Sleep Clause Mod: Limit one foe put to sleep
|rule|Species Clause: Limit one of each PokÃ©mon
|rule|OHKO Clause: OHKO moves are banned
|rule|Moody Clause: Moody is banned
|rule|Evasion Moves Clause: Evasion moves are banned
|rule|Endless Battle Clause: Forcing endless battles is banned
|rule|HP Percentage Mod: HP is shown in percentages
|teampreview
|
|start
|switch|p1a: Greninja|Greninja, M|286\/286
|switch|p2a: Heracross|Heracross, M|301\/301
|turn|1
|
|detailschange|p2a: Heracross|Heracross-Mega, M
|message|Heracross has Mega Evolved into Mega Heracross!
|move|p1a: Greninja|Hidden Power|p2a: Heracross
|-start|p1a: Greninja|typechange|Fire|[from] Protean
|-supereffective|p2a: Heracross
|-damage|p2a: Heracross|125\/301
|move|p2a: Heracross|Pin Missile|p1a: Greninja
|-resisted|p1a: Greninja
|-damage|p1a: Greninja|243\/286
|-resisted|p1a: Greninja
|-damage|p1a: Greninja|205\/286
|-resisted|p1a: Greninja
|-damage|p1a: Greninja|167\/286
|-resisted|p1a: Greninja
|-damage|p1a: Greninja|125\/286
|-crit|p1a: Greninja
|-resisted|p1a: Greninja
|-damage|p1a: Greninja|65\/286
|-hitcount|p1a: Greninja|5
|
|turn|2
|
|switch|p2a: Clefable|Clefable, M|393\/393
|move|p1a: Greninja|Hidden Power|p2a: Clefable
|-damage|p2a: Clefable|302\/393
|
|turn|3
|
|switch|p1a: Manaphy|Manaphy|404\/404
|switch|p2a: Jirachi|Jirachi|404\/404
|
|turn|4
|
|move|p2a: Jirachi|Thunder Wave|p1a: Manaphy
|-status|p1a: Manaphy|par
|move|p1a: Manaphy|Rain Dance|p1a: Manaphy
|-weather|RainDance
|
|-weather|RainDance|[upkeep]
|-curestatus|p1a: Manaphy|par
|turn|5
|
|move|p2a: Jirachi|Iron Head|p1a: Manaphy
|-resisted|p1a: Manaphy
|-damage|p1a: Manaphy|371\/404
|move|p1a: Manaphy|Calm Mind|p1a: Manaphy
|-boost|p1a: Manaphy|spa|1
|-boost|p1a: Manaphy|spd|1
|
|-weather|RainDance|[upkeep]
|-heal|p1a: Manaphy|396\/404|[from] item: Leftovers
|turn|6
|
|switch|p2a: Heracross|Heracross-Mega, M|125\/301
|move|p1a: Manaphy|Calm Mind|p1a: Manaphy
|-boost|p1a: Manaphy|spa|1
|-boost|p1a: Manaphy|spd|1
|
|-weather|RainDance|[upkeep]
|-heal|p1a: Manaphy|404\/404|[from] item: Leftovers
|turn|7
|
|move|p2a: Heracross|Bullet Seed|p1a: Manaphy
|-supereffective|p1a: Manaphy
|-damage|p1a: Manaphy|350\/404
|-supereffective|p1a: Manaphy
|-damage|p1a: Manaphy|288\/404
|-supereffective|p1a: Manaphy
|-damage|p1a: Manaphy|226\/404
|-supereffective|p1a: Manaphy
|-damage|p1a: Manaphy|168\/404
|-supereffective|p1a: Manaphy
|-damage|p1a: Manaphy|108\/404
|-hitcount|p1a: Manaphy|5
|move|p1a: Manaphy|Scald|p2a: Heracross
|-damage|p2a: Heracross|0 fnt
|faint|p2a: Heracross
|
|-weather|RainDance|[upkeep]
|-heal|p1a: Manaphy|133\/404|[from] item: Leftovers
|
|switch|p2a: Latios|Latios, M|301\/301
|turn|8
|
|move|p2a: Latios|Draco Meteor|p1a: Manaphy
|-damage|p1a: Manaphy|0 fnt
|-unboost|p2a: Latios|spa|2
|-damage|p2a: Latios|271\/301|[from] item: Life Orb
|faint|p1a: Manaphy
|
|-weather|none
|
|switch|p1a: Bisharp|Bisharp, M|334\/334
|turn|9
|
|move|p2a: Latios|Earthquake|p1a: Bisharp
|-crit|p1a: Bisharp
|-supereffective|p1a: Bisharp
|-damage|p1a: Bisharp|69\/334
|-damage|p2a: Latios|241\/301|[from] item: Life Orb
|move|p1a: Bisharp|Pursuit|p2a: Latios
|-supereffective|p2a: Latios
|-damage|p2a: Latios|0 fnt
|-damage|p1a: Bisharp|36\/334|[from] item: Life Orb
|faint|p2a: Latios
|
|
|switch|p2a: Manaphy|Manaphy|379\/379
|turn|10
|
|move|p2a: Manaphy|Tail Glow|p2a: Manaphy
|-boost|p2a: Manaphy|spa|3
|move|p1a: Bisharp|Knock Off|p2a: Manaphy
|-damage|p2a: Manaphy|136\/379
|-enditem|p2a: Manaphy|Leftovers|[from] move: Knock Off|[of] p1a: Bisharp
|-damage|p1a: Bisharp|3\/334|[from] item: Life Orb
|
|turn|11
|
|move|p1a: Bisharp|Sucker Punch|p2a: Manaphy
|-fail|p2a: Manaphy
|move|p2a: Manaphy|Tail Glow|p2a: Manaphy
|-boost|p2a: Manaphy|spa|3
|
|turn|12
|
|move|p1a: Bisharp|Sucker Punch|p2a: Manaphy
|-fail|p2a: Manaphy
|move|p2a: Manaphy|Tail Glow|p2a: Manaphy
|-fail|p2a: Manaphy
|
|turn|13
|
|move|p1a: Bisharp|Sucker Punch|p2a: Manaphy
|-fail|p2a: Manaphy
|move|p2a: Manaphy|Tail Glow|p2a: Manaphy
|-fail|p2a: Manaphy
|
|turn|14
|
|move|p2a: Manaphy|Tail Glow|p2a: Manaphy
|-fail|p2a: Manaphy
|move|p1a: Bisharp|Pursuit|p2a: Manaphy
|-damage|p2a: Manaphy|27\/379
|-damage|p1a: Bisharp|0 fnt|[from] item: Life Orb
|faint|p1a: Bisharp
|
|
|switch|p1a: Greninja|Greninja, M|65\/286
|turn|15
|
|switch|p2a: Jirachi|Jirachi|404\/404
|move|p1a: Greninja|Dark Pulse|p2a: Jirachi
|-start|p1a: Greninja|typechange|Dark|[from] Protean
|-supereffective|p2a: Jirachi
|-damage|p2a: Jirachi|234\/404
|
|-heal|p2a: Jirachi|259\/404|[from] item: Leftovers
|turn|16
|
|move|p1a: Greninja|Hidden Power|p2a: Jirachi
|-start|p1a: Greninja|typechange|Fire|[from] Protean
|-supereffective|p2a: Jirachi
|-damage|p2a: Jirachi|127\/404
|move|p2a: Jirachi|Thunder Wave|p1a: Greninja
|-status|p1a: Greninja|par
|
|-heal|p2a: Jirachi|152\/404|[from] item: Leftovers
|turn|17
|
|move|p2a: Jirachi|Iron Head|p1a: Greninja
|-crit|p1a: Greninja
|-resisted|p1a: Greninja
|-damage|p1a: Greninja|0 fnt
|faint|p1a: Greninja
|
|-heal|p2a: Jirachi|177\/404|[from] item: Leftovers
|
|switch|p1a: Heatran|Heatran, M|323\/323
|turn|18
|
|move|p1a: Heatran|Flamethrower|p2a: Jirachi
|-supereffective|p2a: Jirachi
|-damage|p2a: Jirachi|0 fnt
|faint|p2a: Jirachi
|
|
|switch|p2a: Manaphy|Manaphy|27\/379
|turn|19
|
|move|p1a: Heatran|Flamethrower|p2a: Manaphy
|-resisted|p2a: Manaphy
|-damage|p2a: Manaphy|0 fnt
|faint|p2a: Manaphy
|
|
|switch|p2a: Clefable|Clefable, M|302\/393
|turn|20
|
|switch|p1a: Gliscor|Gliscor, F|354\/354
|move|p2a: Clefable|Soft-Boiled|p2a: Clefable
|-heal|p2a: Clefable|393\/393
|
|-status|p1a: Gliscor|tox|[from] item: Toxic Orb
|turn|21
|
|move|p1a: Gliscor|Taunt|p2a: Clefable
|-start|p2a: Clefable|move: Taunt
|cant|p2a: Clefable|move: Taunt|Calm Mind
|
|turn|22
|
|switch|p2a: Mandibuzz|Mandibuzz, F|423\/423
|move|p1a: Gliscor|Knock Off|p2a: Mandibuzz
|-resisted|p2a: Mandibuzz
|-damage|p2a: Mandibuzz|396\/423
|-enditem|p2a: Mandibuzz|Leftovers|[from] move: Knock Off|[of] p1a: Gliscor
|
|turn|23
|
|move|p1a: Gliscor|Taunt|p2a: Mandibuzz
|-start|p2a: Mandibuzz|move: Taunt
|move|p2a: Mandibuzz|Foul Play|p1a: Gliscor
|-damage|p1a: Gliscor|290\/354 tox
|
|-heal|p1a: Gliscor|334\/354 tox|[from] ability: Poison Heal
|turn|24
|
|switch|p2a: Clefable|Clefable, M|393\/393
|move|p1a: Gliscor|Fire Fang|p2a: Clefable
|-damage|p2a: Clefable|348\/393
|
|-heal|p1a: Gliscor|354\/354 tox|[from] ability: Poison Heal
|turn|25
|
|move|p1a: Gliscor|Taunt|p2a: Clefable
|-start|p2a: Clefable|move: Taunt
|move|p2a: Clefable|Moonblast|p1a: Gliscor
|-damage|p1a: Gliscor|190\/354 tox
|
|-heal|p1a: Gliscor|234\/354 tox|[from] ability: Poison Heal
|turn|26
|
|move|p1a: Gliscor|Knock Off|p2a: Clefable
|-resisted|p2a: Clefable
|-damage|p2a: Clefable|315\/393
|-enditem|p2a: Clefable|Life Orb|[from] move: Knock Off|[of] p1a: Gliscor
|move|p2a: Clefable|Moonblast|p1a: Gliscor
|-damage|p1a: Gliscor|120\/354 tox
|
|-heal|p1a: Gliscor|164\/354 tox|[from] ability: Poison Heal
|turn|27
|
|switch|p1a: Heatran|Heatran, M|323\/323
|move|p2a: Clefable|Moonblast|p1a: Heatran
|-resisted|p1a: Heatran
|-damage|p1a: Heatran|296\/323
|
|-end|p2a: Clefable|move: Taunt
|turn|28
|
|move|p1a: Heatran|Flamethrower|p2a: Clefable
|-damage|p2a: Clefable|141\/393
|-status|p2a: Clefable|brn
|move|p2a: Clefable|Soft-Boiled|p2a: Clefable
|-heal|p2a: Clefable|338\/393 brn
|
|turn|29
|
|move|p1a: Heatran|Flamethrower|p2a: Clefable
|-damage|p2a: Clefable|152\/393 brn
|move|p2a: Clefable|Calm Mind|p2a: Clefable
|-boost|p2a: Clefable|spa|1
|-boost|p2a: Clefable|spd|1
|
|turn|30
|
|move|p1a: Heatran|Flamethrower|p2a: Clefable
|-damage|p2a: Clefable|38\/393 brn
|move|p2a: Clefable|Soft-Boiled|p2a: Clefable
|-heal|p2a: Clefable|235\/393 brn
|
|turn|31
|
|switch|p1a: Gliscor|Gliscor, F|164\/354 tox
|move|p2a: Clefable|Soft-Boiled|p2a: Clefable
|-heal|p2a: Clefable|393\/393 brn
|
|-heal|p1a: Gliscor|208\/354 tox|[from] ability: Poison Heal
|turn|32
|
|move|p1a: Gliscor|Taunt|p2a: Clefable
|-start|p2a: Clefable|move: Taunt
|move|p2a: Clefable|Moonblast|p1a: Gliscor
|-damage|p1a: Gliscor|33\/354 tox
|
|-heal|p1a: Gliscor|77\/354 tox|[from] ability: Poison Heal
|turn|33
|
|move|p1a: Gliscor|Earthquake|p2a: Clefable
|-damage|p2a: Clefable|302\/393 brn
|move|p2a: Clefable|Moonblast|p1a: Gliscor
|-damage|p1a: Gliscor|0 fnt
|faint|p1a: Gliscor
|
|
|switch|p1a: Heatran|Heatran, M|296\/323
|turn|34
|
|switch|p2a: Mandibuzz|Mandibuzz, F|396\/423
|move|p1a: Heatran|Flamethrower|p2a: Mandibuzz
|-damage|p2a: Mandibuzz|240\/423
|
|turn|35
|
|move|p1a: Heatran|Flamethrower|p2a: Mandibuzz
|-damage|p2a: Mandibuzz|68\/423
|move|p2a: Mandibuzz|Foul Play|p1a: Heatran
|-damage|p1a: Heatran|202\/323
|
|turn|36
|
|move|p1a: Heatran|Flamethrower|p2a: Mandibuzz
|-damage|p2a: Mandibuzz|0 fnt
|faint|p2a: Mandibuzz
|
|
|switch|p2a: Clefable|Clefable, M|302\/393 brn
|turn|37
|
|move|p1a: Heatran|Flamethrower|p2a: Clefable
|-damage|p2a: Clefable|125\/393 brn
|move|p2a: Clefable|Soft-Boiled|p2a: Clefable
|-heal|p2a: Clefable|322\/393 brn
|
|turn|38
|
|move|p1a: Heatran|Flamethrower|p2a: Clefable
|-damage|p2a: Clefable|157\/393 brn
|move|p2a: Clefable|Calm Mind|p2a: Clefable
|-boost|p2a: Clefable|spa|1
|-boost|p2a: Clefable|spd|1
|
|turn|39
|
|switch|p1a: Conkeldurr|Conkeldurr, M|414\/414
|move|p2a: Clefable|Soft-Boiled|p2a: Clefable
|-heal|p2a: Clefable|354\/393 brn
|
|turn|40
|
|move|p2a: Clefable|Calm Mind|p2a: Clefable
|-boost|p2a: Clefable|spa|1
|-boost|p2a: Clefable|spd|1
|move|p1a: Conkeldurr|Ice Punch|p2a: Clefable
|-damage|p2a: Clefable|263\/393 brn
|
|turn|41
|
|move|p2a: Clefable|Calm Mind|p2a: Clefable
|-boost|p2a: Clefable|spa|1
|-boost|p2a: Clefable|spd|1
|move|p1a: Conkeldurr|Ice Punch|p2a: Clefable
|-damage|p2a: Clefable|168\/393 brn
|
|turn|42
|
|move|p1a: Conkeldurr|Mach Punch|p2a: Clefable
|-resisted|p2a: Clefable
|-damage|p2a: Clefable|134\/393 brn
|move|p2a: Clefable|Soft-Boiled|p2a: Clefable
|-heal|p2a: Clefable|331\/393 brn
|
|turn|43
|
|move|p2a: Clefable|Calm Mind|p2a: Clefable
|-boost|p2a: Clefable|spa|1
|-boost|p2a: Clefable|spd|1
|move|p1a: Conkeldurr|Ice Punch|p2a: Clefable
|-damage|p2a: Clefable|241\/393 brn
|
|turn|44
|
|move|p2a: Clefable|Soft-Boiled|p2a: Clefable
|-heal|p2a: Clefable|393\/393 brn
|move|p1a: Conkeldurr|Ice Punch|p2a: Clefable
|-damage|p2a: Clefable|301\/393 brn
|
|turn|45
|
|move|p2a: Clefable|Calm Mind|p2a: Clefable
|-boost|p2a: Clefable|spa|1
|-boost|p2a: Clefable|spd|1
|move|p1a: Conkeldurr|Ice Punch|p2a: Clefable
|-crit|p2a: Clefable
|-damage|p2a: Clefable|174\/393 brn
|
|turn|46
|
|move|p2a: Clefable|Soft-Boiled|p2a: Clefable
|-heal|p2a: Clefable|371\/393 brn
|move|p1a: Conkeldurr|Ice Punch|p2a: Clefable
|-damage|p2a: Clefable|280\/393 brn
|
|turn|47
|
|move|p2a: Clefable|Calm Mind|p2a: Clefable
|-boost|p2a: Clefable|spa|1
|-boost|p2a: Clefable|spd|1
|move|p1a: Conkeldurr|Ice Punch|p2a: Clefable
|-damage|p2a: Clefable|188\/393 brn
|
|turn|48
|
|move|p2a: Clefable|Soft-Boiled|p2a: Clefable
|-heal|p2a: Clefable|385\/393 brn
|move|p1a: Conkeldurr|Ice Punch|p2a: Clefable
|-damage|p2a: Clefable|290\/393 brn
|
|turn|49
|
|move|p2a: Clefable|Moonblast|p1a: Conkeldurr
|-supereffective|p1a: Conkeldurr
|-damage|p1a: Conkeldurr|0 fnt
|faint|p1a: Conkeldurr
|
|
|switch|p1a: Heatran|Heatran, M|202\/323
|turn|50
|
|move|p1a: Heatran|Flamethrower|p2a: Clefable
|-crit|p2a: Clefable
|-damage|p2a: Clefable|11\/393 brn
|move|p2a: Clefable|Soft-Boiled|p2a: Clefable
|-heal|p2a: Clefable|208\/393 brn
|
|turn|51
|
|move|p1a: Heatran|Flamethrower|p2a: Clefable
|-damage|p2a: Clefable|159\/393 brn
|move|p2a: Clefable|Soft-Boiled|p2a: Clefable
|-heal|p2a: Clefable|356\/393 brn
|
|turn|52
|-message|Delcampo forfeited.
|
|win|zippleclopper
|raw|Ladder updating...
|leave|Delcampo
|player|p1
|raw|Delcampo's rating: 1483 &rarr; <strong>1465<\/strong><br \/>(-18 for losing)
|raw|zippleclopper's rating: 1517 &rarr; <strong>1535<\/strong><br \/>(+18 for winning)