|join|am I kawaii? UGUU~
|join|zippleclopper
|player|p1|am I kawaii? UGUU~|104
|player|p2|zippleclopper|1
|gametype|singles
|gen|6
|tier|OU
|rated
|clearpoke
|poke|p1|Pinsir, F
|poke|p1|Azumarill, F
|poke|p1|Keldeo-Resolute
|poke|p1|Tyranitar, M
|poke|p1|Excadrill, M
|poke|p1|Gothitelle, M
|poke|p2|Crawdaunt, M
|poke|p2|Venusaur, M
|poke|p2|Victini
|poke|p2|Landorus-Therian, M
|poke|p2|Clefable, F
|poke|p2|Forretress, M
|rule|Swagger Clause: Swagger is banned
|rule|Baton Pass Clause: Limit one PokÃ©mon knowing Baton Pass
|rule|Sleep Clause Mod: Limit one foe put to sleep
|rule|Species Clause: Limit one of each PokÃ©mon
|rule|OHKO Clause: OHKO moves are banned
|rule|Moody Clause: Moody is banned
|rule|Evasion Moves Clause: Evasion moves are banned
|rule|Endless Battle Clause: Forcing endless battles is banned
|rule|HP Percentage Mod: HP is shown in percentages
|teampreview
|
|start
|switch|p1a: ebin trap|Gothitelle, M|344\/344
|switch|p2a: Landorus-Therian|Landorus-Therian, M|320\/320
|-ability|p2a: Landorus-Therian|Intimidate|[of] p1a: ebin trap
|-unboost|p1a: ebin trap|atk|1
|turn|1
|
|move|p2a: Landorus-Therian|U-turn|p1a: ebin trap
|-supereffective|p1a: ebin trap
|-damage|p1a: ebin trap|154\/344
|
|switch|p2a: Victini|Victini|365\/365
|move|p1a: ebin trap|Thunderbolt|p2a: Victini
|-damage|p2a: Victini|216\/365
|-status|p2a: Victini|par
|
|turn|2
|
|move|p1a: ebin trap|Thunderbolt|p2a: Victini
|-crit|p2a: Victini
|-damage|p2a: Victini|0 fnt
|faint|p2a: Victini
|
|
|switch|p2a: Landorus-Therian|Landorus-Therian, M|320\/320
|-ability|p2a: Landorus-Therian|Intimidate|[of] p1a: ebin trap
|-unboost|p1a: ebin trap|atk|1
|turn|3
|c|âam I kawaii? UGUU~|holy shit
|c|âam I kawaii? UGUU~|the RNG
|
|switch|p1a: BIG NIG|Tyranitar, M|404\/404
|-weather|Sandstorm
|move|p2a: Landorus-Therian|U-turn|p1a: BIG NIG
|-supereffective|p1a: BIG NIG
|-damage|p1a: BIG NIG|270\/404
|
|switch|p2a: Crawdaunt|Crawdaunt, M|268\/268
|
|-weather|Sandstorm|[upkeep]
|-damage|p2a: Crawdaunt|252\/268|[from] sandstorm
|turn|4
|
|switch|p1a: ebin trap|Gothitelle, M|154\/344
|move|p2a: Crawdaunt|Swords Dance|p2a: Crawdaunt
|-boost|p2a: Crawdaunt|atk|2
|
|-weather|Sandstorm|[upkeep]
|-damage|p2a: Crawdaunt|236\/268|[from] sandstorm
|-damage|p1a: ebin trap|133\/344|[from] sandstorm
|turn|5
|
|move|p2a: Crawdaunt|Aqua Jet|p1a: ebin trap
|-damage|p1a: ebin trap|0 fnt
|-damage|p2a: Crawdaunt|210\/268|[from] item: Life Orb
|faint|p1a: ebin trap
|
|-weather|Sandstorm|[upkeep]
|-damage|p2a: Crawdaunt|194\/268|[from] sandstorm
|
|switch|p1a: gay pony|Keldeo-Resolute|322\/322
|turn|6
|
|switch|p2a: Venusaur|Venusaur, M|359\/359
|move|p1a: gay pony|Hidden Power|p2a: Venusaur
|-supereffective|p2a: Venusaur
|-damage|p2a: Venusaur|187\/359
|-damage|p1a: gay pony|290\/322|[from] item: Life Orb
|
|-weather|Sandstorm|[upkeep]
|-damage|p1a: gay pony|270\/322|[from] sandstorm
|-damage|p2a: Venusaur|165\/359|[from] sandstorm
|turn|7
|
|switch|p1a: BIG NIG|Tyranitar, M|270\/404
|detailschange|p2a: Venusaur|Venusaur-Mega, M
|message|Venusaur has Mega Evolved into Mega Venusaur!
|move|p2a: Venusaur|Giga Drain|p1a: BIG NIG
|-supereffective|p1a: BIG NIG
|-damage|p1a: BIG NIG|76\/404
|-heal|p2a: Venusaur|262\/359|[from] drain|[of] p1a: BIG NIG
|
|-weather|Sandstorm|[upkeep]
|-damage|p2a: Venusaur|240\/359|[from] sandstorm
|turn|8
|
|move|p2a: Venusaur|Sludge Bomb|p1a: BIG NIG
|-resisted|p1a: BIG NIG
|-damage|p1a: BIG NIG|18\/404
|move|p1a: BIG NIG|Stealth Rock|p2a: Venusaur
|-sidestart|p2: zippleclopper|move: Stealth Rock
|
|-weather|Sandstorm|[upkeep]
|-damage|p2a: Venusaur|218\/359|[from] sandstorm
|turn|9
|
|move|p2a: Venusaur|Sludge Bomb|p1a: BIG NIG
|-resisted|p1a: BIG NIG
|-damage|p1a: BIG NIG|0 fnt
|faint|p1a: BIG NIG
|
|-weather|Sandstorm|[upkeep]
|-damage|p2a: Venusaur|196\/359|[from] sandstorm
|
|switch|p1a: Spooklord|Pinsir, F|271\/271
|turn|10
|
|switch|p2a: Landorus-Therian|Landorus-Therian, M|320\/320
|-damage|p2a: Landorus-Therian|280\/320|[from] Stealth Rock
|-ability|p2a: Landorus-Therian|Intimidate|[of] p1a: Spooklord
|-fail|p1a: Spooklord|unboost|Attack|[from] ability: Hyper Cutter|[of] p1a: Spooklord
|detailschange|p1a: Spooklord|Pinsir-Mega, F
|message|Pinsir has Mega Evolved into Mega Pinsir!
|move|p1a: Spooklord|Return|p2a: Landorus-Therian
|-damage|p2a: Landorus-Therian|0 fnt
|faint|p2a: Landorus-Therian
|
|-weather|none
|
|switch|p2a: Forretress|Forretress, M|353\/353
|-damage|p2a: Forretress|309\/353|[from] Stealth Rock
|turn|11
|
|move|p1a: Spooklord|Swords Dance|p1a: Spooklord
|-boost|p1a: Spooklord|atk|2
|move|p2a: Forretress|Rapid Spin|p1a: Spooklord
|-damage|p1a: Spooklord|258\/271
|-sideend|p2: zippleclopper|Stealth Rock|[from] move: Rapid Spin|[of] p2a: Forretress
|
|-heal|p2a: Forretress|331\/353|[from] item: Leftovers
|turn|12
|
|move|p1a: Spooklord|Return|p2a: Forretress
|-damage|p2a: Forretress|0 fnt
|faint|p2a: Forretress
|
|
|switch|p2a: Clefable|Clefable, F|394\/394
|turn|13
|
|move|p1a: Spooklord|Return|p2a: Clefable
|-damage|p2a: Clefable|159\/394
|move|p2a: Clefable|Thunder Wave|p1a: Spooklord
|-status|p1a: Spooklord|par
|
|-heal|p2a: Clefable|183\/394|[from] item: Leftovers
|turn|14
|
|move|p2a: Clefable|Moonlight|p2a: Clefable
|-heal|p2a: Clefable|380\/394
|move|p1a: Spooklord|Return|p2a: Clefable
|-damage|p2a: Clefable|160\/394
|
|-heal|p2a: Clefable|184\/394|[from] item: Leftovers
|turn|15
|
|move|p2a: Clefable|Moonlight|p2a: Clefable
|-heal|p2a: Clefable|381\/394
|cant|p1a: Spooklord|par
|
|-heal|p2a: Clefable|394\/394|[from] item: Leftovers
|turn|16
|
|move|p2a: Clefable|Moonblast|p1a: Spooklord
|-crit|p1a: Spooklord
|-damage|p1a: Spooklord|93\/271 par
|move|p1a: Spooklord|Return|p2a: Clefable
|-damage|p2a: Clefable|156\/394
|
|-heal|p2a: Clefable|180\/394|[from] item: Leftovers
|turn|17
|
|switch|p1a: TENGEN TOPPA|Excadrill, M|362\/362
|-item|p1a: TENGEN TOPPA|Air Balloon
|move|p2a: Clefable|Moonblast|p1a: TENGEN TOPPA
|-resisted|p1a: TENGEN TOPPA
|-damage|p1a: TENGEN TOPPA|281\/362
|-enditem|p1a: TENGEN TOPPA|Air Balloon
|
|-heal|p2a: Clefable|204\/394|[from] item: Leftovers
|turn|18
|
|switch|p2a: Crawdaunt|Crawdaunt, M|194\/268
|move|p1a: TENGEN TOPPA|Iron Head|p2a: Crawdaunt
|-resisted|p2a: Crawdaunt
|-damage|p2a: Crawdaunt|98\/268
|
|turn|19
|
|switch|p2a: Venusaur|Venusaur-Mega, M|196\/359
|move|p1a: TENGEN TOPPA|Earthquake|p2a: Venusaur
|-damage|p2a: Venusaur|33\/359
|
|turn|20
|
|move|p1a: TENGEN TOPPA|Earthquake|p2a: Venusaur
|-damage|p2a: Venusaur|0 fnt
|faint|p2a: Venusaur
|
|
|switch|p2a: Crawdaunt|Crawdaunt, M|98\/268
|turn|21
|
|switch|p1a: Spooklord|Pinsir-Mega, F|93\/271 par
|move|p2a: Crawdaunt|Aqua Jet|p1a: Spooklord
|-damage|p1a: Spooklord|0 fnt
|-damage|p2a: Crawdaunt|72\/268|[from] item: Life Orb
|faint|p1a: Spooklord
|
|
|switch|p1a: gay pony|Keldeo-Resolute|270\/322
|turn|22
|
|switch|p2a: Clefable|Clefable, F|204\/394
|move|p1a: gay pony|Hydro Pump|p2a: Clefable
|-damage|p2a: Clefable|0 fnt
|-damage|p1a: gay pony|238\/322|[from] item: Life Orb
|faint|p2a: Clefable
|
|
|switch|p2a: Crawdaunt|Crawdaunt, M|72\/268
|turn|23
|
|move|p2a: Crawdaunt|Aqua Jet|p1a: gay pony
|-resisted|p1a: gay pony
|-damage|p1a: gay pony|169\/322
|-damage|p2a: Crawdaunt|46\/268|[from] item: Life Orb
|move|p1a: gay pony|Secret Sword|p2a: Crawdaunt
|-supereffective|p2a: Crawdaunt
|-damage|p2a: Crawdaunt|0 fnt
|-damage|p1a: gay pony|137\/322|[from] item: Life Orb
|faint|p2a: Crawdaunt
|
|win|am I kawaii? UGUU~
|raw|Ladder updating...
|raw|am I kawaii? UGUU~'s rating: 1613 &rarr; <strong>1633<\/strong><br \/>(+20 for winning)
|raw|zippleclopper's rating: 1603 &rarr; <strong>1583<\/strong><br \/>(-20 for losing)
|leave|am I kawaii? UGUU~
|player|p1