|join|bat
|join|zippleclopper
|player|p1|bat|168
|player|p2|zippleclopper|1
|gametype|singles
|gen|6
|tier|OU
|rated
|clearpoke
|poke|p1|Jirachi
|poke|p1|Wobbuffet, M
|poke|p1|Latias, F
|poke|p1|Heracross, F
|poke|p1|Zygarde
|poke|p1|Magneton
|poke|p2|Heatran, M
|poke|p2|Crawdaunt, F
|poke|p2|Breloom, F
|poke|p2|Clefable, F
|poke|p2|Celebi
|poke|p2|Zapdos
|rule|Swagger Clause: Swagger is banned
|rule|Baton Pass Clause: Limit one PokÃ©mon knowing Baton Pass
|rule|Sleep Clause Mod: Limit one foe put to sleep
|rule|Species Clause: Limit one of each PokÃ©mon
|rule|OHKO Clause: OHKO moves are banned
|rule|Moody Clause: Moody is banned
|rule|Evasion Moves Clause: Evasion moves are banned
|rule|Endless Battle Clause: Forcing endless battles is banned
|rule|HP Percentage Mod: HP is shown in percentages
|teampreview
|
|start
|switch|p1a: Heracross|Heracross, F|311\/311
|switch|p2a: Crawdaunt|Crawdaunt, F|268\/268
|turn|1
|
|switch|p2a: Clefable|Clefable, F|394\/394
|detailschange|p1a: Heracross|Heracross-Mega, F
|message|Heracross has Mega Evolved into Mega Heracross!
|move|p1a: Heracross|Rock Blast|p2a: Clefable
|-damage|p2a: Clefable|358\/394
|-damage|p2a: Clefable|321\/394
|-damage|p2a: Clefable|287\/394
|-damage|p2a: Clefable|250\/394
|-damage|p2a: Clefable|214\/394
|-hitcount|p2a: Clefable|5
|
|-heal|p2a: Clefable|238\/394|[from] item: Leftovers
|turn|2
|
|move|p1a: Heracross|Swords Dance|p1a: Heracross
|-boost|p1a: Heracross|atk|2
|move|p2a: Clefable|Moonlight|p2a: Clefable
|-heal|p2a: Clefable|394\/394
|
|turn|3
|
|move|p1a: Heracross|Rock Blast|p2a: Clefable
|-damage|p2a: Clefable|358\/394
|-damage|p2a: Clefable|320\/394
|-damage|p2a: Clefable|288\/394
|-damage|p2a: Clefable|251\/394
|-damage|p2a: Clefable|217\/394
|-hitcount|p2a: Clefable|5
|move|p2a: Clefable|Calm Mind|p2a: Clefable
|-boost|p2a: Clefable|spa|1
|-boost|p2a: Clefable|spd|1
|
|-heal|p2a: Clefable|241\/394|[from] item: Leftovers
|turn|4
|
|switch|p1a: Wobbuffet|Wobbuffet, M|528\/528
|move|p2a: Clefable|Moonlight|p2a: Clefable
|-heal|p2a: Clefable|394\/394
|
|turn|5
|
|move|p2a: Clefable|Moonblast|p1a: Wobbuffet
|-damage|p1a: Wobbuffet|345\/528
|move|p1a: Wobbuffet|Encore|p2a: Clefable
|-start|p2a: Clefable|Encore
|
|-heal|p1a: Wobbuffet|378\/528|[from] item: Leftovers
|turn|6
|
|move|p2a: Clefable|Moonblast|p1a: Wobbuffet
|-damage|p1a: Wobbuffet|203\/528
|-unboost|p1a: Wobbuffet|spa|1
|move|p1a: Wobbuffet|Mirror Coat|p2a: Clefable
|-damage|p2a: Clefable|44\/394
|
|-heal|p2a: Clefable|68\/394|[from] item: Leftovers
|-heal|p1a: Wobbuffet|236\/528|[from] item: Leftovers
|turn|7
|
|move|p2a: Clefable|Moonblast|p1a: Wobbuffet
|-damage|p1a: Wobbuffet|53\/528
|-unboost|p1a: Wobbuffet|spa|1
|move|p1a: Wobbuffet|Mirror Coat|p2a: Clefable
|-damage|p2a: Clefable|0 fnt
|faint|p2a: Clefable
|
|-heal|p1a: Wobbuffet|86\/528|[from] item: Leftovers
|
|switch|p2a: Breloom|Breloom, F|282\/282
|turn|8
|
|switch|p1a: Jirachi|Jirachi|404\/404
|move|p2a: Breloom|Substitute|p2a: Breloom
|-start|p2a: Breloom|Substitute
|-damage|p2a: Breloom|212\/282
|
|-status|p2a: Breloom|tox|[from] item: Toxic Orb
|turn|9
|
|move|p1a: Jirachi|Iron Head|p2a: Breloom
|-end|p2a: Breloom|Substitute
|move|p2a: Breloom|Spore|p1a: Jirachi
|-status|p1a: Jirachi|slp
|
|-heal|p2a: Breloom|247\/282 tox|[from] ability: Poison Heal
|turn|10
|
|switch|p1a: Latias|Latias, F|319\/319
|move|p2a: Breloom|Substitute|p2a: Breloom
|-start|p2a: Breloom|Substitute
|-damage|p2a: Breloom|177\/282 tox
|
|-heal|p2a: Breloom|212\/282 tox|[from] ability: Poison Heal
|turn|11
|
|move|p1a: Latias|Psyshock|p2a: Breloom
|-supereffective|p2a: Breloom
|-end|p2a: Breloom|Substitute
|-damage|p1a: Latias|288\/319|[from] item: Life Orb
|move|p2a: Breloom|Facade|p1a: Latias
|-damage|p1a: Latias|77\/319
|
|-heal|p2a: Breloom|247\/282 tox|[from] ability: Poison Heal
|turn|12
|
|switch|p1a: Heracross|Heracross-Mega, F|311\/311
|switch|p2a: Heatran|Heatran, M|386\/386
|
|turn|13
|
|switch|p2a: Celebi|Celebi|342\/342
|move|p1a: Heracross|Close Combat|p2a: Celebi
|-resisted|p2a: Celebi
|-damage|p2a: Celebi|196\/342
|-unboost|p1a: Heracross|def|1
|-unboost|p1a: Heracross|spd|1
|
|turn|14
|
|switch|p1a: Jirachi|Jirachi|404\/404 slp
|move|p2a: Celebi|Psychic|p1a: Jirachi
|-resisted|p1a: Jirachi
|-damage|p1a: Jirachi|372\/404 slp
|-damage|p2a: Celebi|162\/342|[from] item: Life Orb
|
|-heal|p1a: Jirachi|397\/404 slp|[from] item: Leftovers
|turn|15
|
|move|p2a: Celebi|Recover|p2a: Celebi
|-heal|p2a: Celebi|333\/342
|cant|p1a: Jirachi|slp
|
|-heal|p1a: Jirachi|404\/404 slp|[from] item: Leftovers
|turn|16
|
|move|p2a: Celebi|Earth Power|p1a: Jirachi
|-crit|p1a: Jirachi
|-supereffective|p1a: Jirachi
|-damage|p1a: Jirachi|128\/404 slp
|-damage|p2a: Celebi|299\/342|[from] item: Life Orb
|cant|p1a: Jirachi|slp
|
|-heal|p1a: Jirachi|153\/404 slp|[from] item: Leftovers
|turn|17
|
|move|p2a: Celebi|Earth Power|p1a: Jirachi
|-supereffective|p1a: Jirachi
|-damage|p1a: Jirachi|0 fnt
|-damage|p2a: Celebi|265\/342|[from] item: Life Orb
|faint|p1a: Jirachi
|
|
|switch|p1a: Latias|Latias, F|77\/319
|turn|18
|
|switch|p2a: Heatran|Heatran, M|386\/386
|move|p1a: Latias|Draco Meteor|p2a: Heatran
|-resisted|p2a: Heatran
|-damage|p2a: Heatran|291\/386
|-unboost|p1a: Latias|spa|2
|-damage|p1a: Latias|46\/319|[from] item: Life Orb
|
|-heal|p2a: Heatran|315\/386|[from] item: Leftovers
|turn|19
|
|switch|p1a: Heracross|Heracross-Mega, F|311\/311
|move|p2a: Heatran|Stealth Rock|p1a: Heracross
|-sidestart|p1: bat|move: Stealth Rock
|
|-heal|p2a: Heatran|339\/386|[from] item: Leftovers
|turn|20
|
|move|p1a: Heracross|Close Combat|p2a: Heatran
|-supereffective|p2a: Heatran
|-damage|p2a: Heatran|0 fnt
|-unboost|p1a: Heracross|def|1
|-unboost|p1a: Heracross|spd|1
|faint|p2a: Heatran
|
|
|switch|p2a: Celebi|Celebi|265\/342
|turn|21
|
|switch|p1a: Wobbuffet|Wobbuffet, M|86\/528
|-damage|p1a: Wobbuffet|20\/528|[from] Stealth Rock
|move|p2a: Celebi|Psychic|p1a: Wobbuffet
|-resisted|p1a: Wobbuffet
|-damage|p1a: Wobbuffet|0 fnt
|-damage|p2a: Celebi|231\/342|[from] item: Life Orb
|faint|p1a: Wobbuffet
|
|
|switch|p1a: Latias|Latias, F|46\/319
|-damage|p1a: Latias|7\/319|[from] Stealth Rock
|turn|22
|
|switch|p2a: Zapdos|Zapdos|383\/383
|-ability|p2a: Zapdos|Pressure
|move|p1a: Latias|Draco Meteor|p2a: Zapdos|[miss]
|-miss|p1a: Latias|p2a: Zapdos
|
|turn|23
|
|move|p1a: Latias|Draco Meteor|p2a: Zapdos
|-damage|p2a: Zapdos|133\/383
|-unboost|p1a: Latias|spa|2
|-damage|p1a: Latias|0 fnt|[from] item: Life Orb
|faint|p1a: Latias
|move|p2a: Zapdos|Roost|p2a: Zapdos
|-heal|p2a: Zapdos|325\/383
|
|-heal|p2a: Zapdos|348\/383|[from] item: Leftovers
|
|switch|p1a: Zygarde|Zygarde|357\/357
|-damage|p1a: Zygarde|335\/357|[from] Stealth Rock
|-ability|p1a: Zygarde|Aura Break
|turn|24
|
|move|p1a: Zygarde|Dragon Dance|p1a: Zygarde
|-boost|p1a: Zygarde|atk|1
|-boost|p1a: Zygarde|spe|1
|move|p2a: Zapdos|Hidden Power|p1a: Zygarde
|-supereffective|p1a: Zygarde
|-damage|p1a: Zygarde|83\/357
|
|-heal|p2a: Zapdos|371\/383|[from] item: Leftovers
|turn|25
|
|move|p1a: Zygarde|Outrage|p2a: Zapdos
|-damage|p2a: Zapdos|32\/383
|-damage|p1a: Zygarde|48\/357|[from] item: Life Orb
|move|p2a: Zapdos|Hidden Power|p1a: Zygarde
|-supereffective|p1a: Zygarde
|-damage|p1a: Zygarde|0 fnt
|faint|p1a: Zygarde
|
|-heal|p2a: Zapdos|55\/383|[from] item: Leftovers
|
|switch|p1a: Magneton|Magneton|242\/242
|-damage|p1a: Magneton|227\/242|[from] Stealth Rock
|turn|26
|
|move|p1a: Magneton|Flash Cannon|p2a: Zapdos
|-resisted|p2a: Zapdos
|-damage|p2a: Zapdos|0 fnt
|faint|p2a: Zapdos
|
|
|switch|p2a: Breloom|Breloom, F|247\/282 tox
|turn|27
|
|move|p1a: Magneton|Flash Cannon|p2a: Breloom
|-damage|p2a: Breloom|43\/282 tox
|move|p2a: Breloom|Spore|p1a: Magneton
|-status|p1a: Magneton|slp
|
|-heal|p2a: Breloom|78\/282 tox|[from] ability: Poison Heal
|turn|28
|
|switch|p1a: Heracross|Heracross-Mega, F|311\/311
|-damage|p1a: Heracross|273\/311|[from] Stealth Rock
|move|p2a: Breloom|Substitute|p2a: Breloom
|-start|p2a: Breloom|Substitute
|-damage|p2a: Breloom|8\/282 tox
|
|-heal|p2a: Breloom|43\/282 tox|[from] ability: Poison Heal
|turn|29
|
|move|p1a: Heracross|Rock Blast|p2a: Breloom
|-crit|p2a: Breloom
|-resisted|p2a: Breloom
|-activate|p2a: Breloom|Substitute|[damage]
|-resisted|p2a: Breloom
|-activate|p2a: Breloom|Substitute|[damage]
|-resisted|p2a: Breloom
|-end|p2a: Breloom|Substitute
|-resisted|p2a: Breloom
|-damage|p2a: Breloom|19\/282 tox
|-resisted|p2a: Breloom
|-damage|p2a: Breloom|0 fnt
|-hitcount|p2a: Breloom|5
|faint|p2a: Breloom
|
|
|switch|p2a: Celebi|Celebi|231\/342
|turn|30
|
|move|p2a: Celebi|Psychic|p1a: Heracross
|-crit|p1a: Heracross
|-supereffective|p1a: Heracross
|-damage|p1a: Heracross|0 fnt
|-damage|p2a: Celebi|197\/342|[from] item: Life Orb
|faint|p1a: Heracross
|
|
|switch|p1a: Magneton|Magneton|227\/242 slp
|-damage|p1a: Magneton|212\/242 slp|[from] Stealth Rock
|turn|31
|c|âbat|gg
|
|cant|p1a: Magneton|slp
|move|p2a: Celebi|Earth Power|p1a: Magneton
|-supereffective|p1a: Magneton
|-damage|p1a: Magneton|0 fnt
|-damage|p2a: Celebi|163\/342|[from] item: Life Orb
|faint|p1a: Magneton
|
|win|zippleclopper
|raw|Ladder updating...
|raw|bat's rating: 1648 &rarr; <strong>1624<\/strong><br \/>(-24 for losing)
|raw|zippleclopper's rating: 1568 &rarr; <strong>1592<\/strong><br \/>(+24 for winning)
|leave|bat
|player|p1