|join|Soul Ameliorate
|join|zippleclopper
|player|p1|Soul Ameliorate|80
|player|p2|zippleclopper|1
|gametype|singles
|gen|6
|tier|OU
|rated
|clearpoke
|poke|p1|Sceptile, F
|poke|p1|Greninja, M
|poke|p1|Latios, M
|poke|p1|Terrakion
|poke|p1|Rotom-Wash
|poke|p1|Kyurem-Black
|poke|p2|Sableye, F
|poke|p2|Porygon2
|poke|p2|Chesnaught, F
|poke|p2|Empoleon, F
|poke|p2|Rhyperior, M
|poke|p2|Tentacruel, M
|rule|Swagger Clause: Swagger is banned
|rule|Baton Pass Clause: Limit one PokÃ©mon knowing Baton Pass
|rule|Sleep Clause Mod: Limit one foe put to sleep
|rule|Species Clause: Limit one of each PokÃ©mon
|rule|OHKO Clause: OHKO moves are banned
|rule|Moody Clause: Moody is banned
|rule|Evasion Moves Clause: Evasion moves are banned
|rule|Endless Battle Clause: Forcing endless battles is banned
|rule|HP Percentage Mod: HP is shown in percentages
|teampreview
|
|start
|switch|p1a: Greninja|Greninja, M|285\/285
|switch|p2a: Sableye|Sableye, F|304\/304
|turn|1
|
|switch|p2a: Porygon2|Porygon2|374\/374
|-ability|p2a: Porygon2|Protean|[from] ability: Trace|[of] p1a: Greninja
|move|p1a: Greninja|Dark Pulse|p2a: Porygon2
|-start|p1a: Greninja|typechange|Dark|[from] Protean
|-damage|p2a: Porygon2|279\/374
|-damage|p1a: Greninja|257\/285|[from] item: Life Orb
|
|turn|2
|
|switch|p1a: Terrakion|Terrakion|323\/323
|switch|p2a: Sableye|Sableye, F|304\/304
|
|turn|3
|
|switch|p1a: Greninja|Greninja, M|257\/285
|move|p2a: Sableye|Will-O-Wisp|p1a: Greninja
|-status|p1a: Greninja|brn
|
|-damage|p1a: Greninja|222\/285 brn|[from] brn
|turn|4
|
|switch|p2a: Porygon2|Porygon2|279\/374
|-ability|p2a: Porygon2|Protean|[from] ability: Trace|[of] p1a: Greninja
|move|p1a: Greninja|Dark Pulse|p2a: Porygon2
|-start|p1a: Greninja|typechange|Dark|[from] Protean
|-damage|p2a: Porygon2|180\/374
|-damage|p1a: Greninja|194\/285 brn|[from] item: Life Orb
|
|-damage|p1a: Greninja|159\/285 brn|[from] brn
|turn|5
|
|switch|p1a: Terrakion|Terrakion|323\/323
|move|p2a: Porygon2|Recover|p2a: Porygon2
|-heal|p2a: Porygon2|367\/374
|
|turn|6
|
|switch|p2a: Tentacruel|Tentacruel, M|364\/364
|move|p1a: Terrakion|Stealth Rock|p2a: Tentacruel
|-sidestart|p2: zippleclopper|move: Stealth Rock
|
|turn|7
|
|switch|p1a: Latios|Latios, M|301\/301
|move|p2a: Tentacruel|Rapid Spin|p1a: Latios
|-damage|p1a: Latios|286\/301
|-sideend|p2: zippleclopper|Stealth Rock|[from] move: Rapid Spin|[of] p2a: Tentacruel
|
|turn|8
|
|switch|p2a: Porygon2|Porygon2|367\/374
|-ability|p2a: Porygon2|Levitate|[from] ability: Trace|[of] p1a: Latios
|move|p1a: Latios|Draco Meteor|p2a: Porygon2
|-damage|p2a: Porygon2|195\/374
|-unboost|p1a: Latios|spa|2
|-damage|p1a: Latios|256\/301|[from] item: Life Orb
|
|turn|9
|
|switch|p1a: Terrakion|Terrakion|323\/323
|move|p2a: Porygon2|Toxic|p1a: Terrakion
|-status|p1a: Terrakion|tox
|
|-damage|p1a: Terrakion|303\/323 tox|[from] psn
|turn|10
|
|switch|p2a: Tentacruel|Tentacruel, M|364\/364
|move|p1a: Terrakion|Stealth Rock|p2a: Tentacruel
|-sidestart|p2: zippleclopper|move: Stealth Rock
|
|-damage|p1a: Terrakion|263\/323 tox|[from] psn
|turn|11
|
|switch|p1a: Latios|Latios, M|256\/301
|move|p2a: Tentacruel|Rapid Spin|p1a: Latios
|-damage|p1a: Latios|242\/301
|-sideend|p2: zippleclopper|Stealth Rock|[from] move: Rapid Spin|[of] p2a: Tentacruel
|
|turn|12
|
|switch|p2a: Empoleon|Empoleon, F|372\/372
|move|p1a: Latios|Draco Meteor|p2a: Empoleon
|-resisted|p2a: Empoleon
|-damage|p2a: Empoleon|273\/372
|-unboost|p1a: Latios|spa|2
|-damage|p1a: Latios|212\/301|[from] item: Life Orb
|
|-heal|p2a: Empoleon|296\/372|[from] item: Leftovers
|turn|13
|
|switch|p1a: Rotom-Wash|Rotom-Wash|303\/303
|move|p2a: Empoleon|Scald|p1a: Rotom-Wash
|-resisted|p1a: Rotom-Wash
|-damage|p1a: Rotom-Wash|251\/303
|-status|p1a: Rotom-Wash|brn
|
|-heal|p1a: Rotom-Wash|269\/303 brn|[from] item: Leftovers
|-heal|p2a: Empoleon|319\/372|[from] item: Leftovers
|-damage|p1a: Rotom-Wash|232\/303 brn|[from] brn
|turn|14
|
|move|p1a: Rotom-Wash|Will-O-Wisp|p2a: Empoleon
|-status|p2a: Empoleon|brn
|move|p2a: Empoleon|Stealth Rock|p1a: Rotom-Wash
|-sidestart|p1: Soul Ameliorate|move: Stealth Rock
|
|-heal|p1a: Rotom-Wash|250\/303 brn|[from] item: Leftovers
|-heal|p2a: Empoleon|342\/372 brn|[from] item: Leftovers
|-damage|p1a: Rotom-Wash|213\/303 brn|[from] brn
|-damage|p2a: Empoleon|296\/372 brn|[from] brn
|turn|15
|
|move|p1a: Rotom-Wash|Volt Switch|p2a: Empoleon
|-crit|p2a: Empoleon
|-supereffective|p2a: Empoleon
|-damage|p2a: Empoleon|122\/372 brn
|
|switch|p1a: Latios|Latios, M|212\/301
|-damage|p1a: Latios|175\/301|[from] Stealth Rock
|move|p2a: Empoleon|Flash Cannon|p1a: Latios
|-damage|p1a: Latios|82\/301
|
|-heal|p2a: Empoleon|145\/372 brn|[from] item: Leftovers
|-damage|p2a: Empoleon|99\/372 brn|[from] brn
|turn|16
|
|move|p1a: Latios|Defog|p2a: Empoleon
|-unboost|p2a: Empoleon|evasion|1
|-sideend|p1: Soul Ameliorate|Stealth Rock|[from] move: Defog|[of] p1a: Latios
|move|p2a: Empoleon|Flash Cannon|p1a: Latios
|-damage|p1a: Latios|0 fnt
|faint|p1a: Latios
|
|-heal|p2a: Empoleon|122\/372 brn|[from] item: Leftovers
|-damage|p2a: Empoleon|76\/372 brn|[from] brn
|
|switch|p1a: Sceptile|Sceptile, F|281\/281
|turn|17
|
|detailschange|p1a: Sceptile|Sceptile-Mega, F
|message|Sceptile has Mega Evolved into Mega Sceptile!
|move|p1a: Sceptile|Giga Drain|p2a: Empoleon
|-crit|p2a: Empoleon
|-damage|p2a: Empoleon|0 fnt
|faint|p2a: Empoleon
|
|
|switch|p2a: Tentacruel|Tentacruel, M|364\/364
|turn|18
|
|switch|p1a: Rotom-Wash|Rotom-Wash|213\/303 brn
|move|p2a: Tentacruel|Acid Spray|p1a: Rotom-Wash
|-damage|p1a: Rotom-Wash|171\/303 brn
|-unboost|p1a: Rotom-Wash|spd|2
|
|-heal|p1a: Rotom-Wash|189\/303 brn|[from] item: Leftovers
|-damage|p1a: Rotom-Wash|152\/303 brn|[from] brn
|turn|19
|
|move|p2a: Tentacruel|Acid Spray|p1a: Rotom-Wash
|-damage|p1a: Rotom-Wash|76\/303 brn
|-unboost|p1a: Rotom-Wash|spd|2
|move|p1a: Rotom-Wash|Will-O-Wisp|p2a: Tentacruel
|-status|p2a: Tentacruel|brn
|
|-heal|p1a: Rotom-Wash|94\/303 brn|[from] item: Leftovers
|-damage|p2a: Tentacruel|319\/364 brn|[from] brn
|-damage|p1a: Rotom-Wash|57\/303 brn|[from] brn
|turn|20
|
|move|p2a: Tentacruel|Scald|p1a: Rotom-Wash
|-crit|p1a: Rotom-Wash
|-resisted|p1a: Rotom-Wash
|-damage|p1a: Rotom-Wash|0 fnt
|faint|p1a: Rotom-Wash
|
|-heal|p2a: Tentacruel|341\/364 brn|[from] item: Black Sludge
|-damage|p2a: Tentacruel|296\/364 brn|[from] brn
|
|switch|p1a: Kyurem-Black|Kyurem-Black|391\/391
|-ability|p1a: Kyurem-Black|Teravolt
|turn|21
|
|switch|p2a: Chesnaught|Chesnaught, F|380\/380
|move|p1a: Kyurem-Black|Outrage|p2a: Chesnaught
|-damage|p2a: Chesnaught|100\/380
|
|-heal|p2a: Chesnaught|123\/380|[from] item: Leftovers
|turn|22
|
|move|p1a: Kyurem-Black|Outrage|p2a: Chesnaught
|-crit|p2a: Chesnaught
|-damage|p2a: Chesnaught|0 fnt
|faint|p2a: Chesnaught
|
|-end|p1a: Kyurem-Black|rampage
|-start|p1a: Kyurem-Black|confusion
|
|switch|p2a: Porygon2|Porygon2|195\/374
|-ability|p2a: Porygon2|Teravolt|[from] ability: Trace|[of] p1a: Kyurem-Black
|-ability|p2a: Porygon2|Teravolt
|turn|23
|
|switch|p1a: Terrakion|Terrakion|263\/323 tox
|move|p2a: Porygon2|Recover|p2a: Porygon2
|-heal|p2a: Porygon2|374\/374
|
|-damage|p1a: Terrakion|243\/323 tox|[from] psn
|turn|24
|
|switch|p2a: Tentacruel|Tentacruel, M|296\/364 brn
|move|p1a: Terrakion|Stone Edge|p2a: Tentacruel
|-damage|p2a: Tentacruel|115\/364 brn
|
|-heal|p2a: Tentacruel|137\/364 brn|[from] item: Black Sludge
|-damage|p1a: Terrakion|203\/323 tox|[from] psn
|-damage|p2a: Tentacruel|92\/364 brn|[from] brn
|turn|25
|
|move|p1a: Terrakion|Stealth Rock|p2a: Tentacruel
|-sidestart|p2: zippleclopper|move: Stealth Rock
|move|p2a: Tentacruel|Rapid Spin|p1a: Terrakion
|-resisted|p1a: Terrakion
|-damage|p1a: Terrakion|199\/323 tox
|-sideend|p2: zippleclopper|Stealth Rock|[from] move: Rapid Spin|[of] p2a: Tentacruel
|
|-heal|p2a: Tentacruel|114\/364 brn|[from] item: Black Sludge
|-damage|p1a: Terrakion|139\/323 tox|[from] psn
|-damage|p2a: Tentacruel|69\/364 brn|[from] brn
|turn|26
|
|move|p1a: Terrakion|Close Combat|p2a: Tentacruel
|-resisted|p2a: Tentacruel
|-damage|p2a: Tentacruel|0 fnt
|-unboost|p1a: Terrakion|def|1
|-unboost|p1a: Terrakion|spd|1
|faint|p2a: Tentacruel
|
|-damage|p1a: Terrakion|59\/323 tox|[from] psn
|
|switch|p2a: Sableye|Sableye, F|304\/304
|turn|27
|
|move|p2a: Sableye|Calm Mind|p2a: Sableye
|-boost|p2a: Sableye|spa|1
|-boost|p2a: Sableye|spd|1
|move|p1a: Terrakion|Stone Edge|p2a: Sableye|[miss]
|-miss|p1a: Terrakion|p2a: Sableye
|
|-damage|p1a: Terrakion|0 fnt|[from] psn
|faint|p1a: Terrakion
|
|switch|p1a: Greninja|Greninja, M|159\/285 brn
|turn|28
|
|switch|p2a: Porygon2|Porygon2|374\/374
|-ability|p2a: Porygon2|Protean|[from] ability: Trace|[of] p1a: Greninja
|move|p1a: Greninja|Dark Pulse|p2a: Porygon2
|-start|p1a: Greninja|typechange|Dark|[from] Protean
|-damage|p2a: Porygon2|275\/374
|-damage|p1a: Greninja|131\/285 brn|[from] item: Life Orb
|
|-damage|p1a: Greninja|96\/285 brn|[from] brn
|turn|29
|
|switch|p1a: Kyurem-Black|Kyurem-Black|391\/391
|-ability|p1a: Kyurem-Black|Teravolt
|move|p2a: Porygon2|Recover|p2a: Porygon2
|-heal|p2a: Porygon2|374\/374
|
|turn|30
|
|move|p1a: Kyurem-Black|Outrage|p2a: Porygon2
|-damage|p2a: Porygon2|130\/374
|move|p2a: Porygon2|Toxic|p1a: Kyurem-Black
|-start|p2a: Porygon2|typechange|Poison|[from] Protean
|-status|p1a: Kyurem-Black|tox
|
|-damage|p1a: Kyurem-Black|367\/391 tox|[from] psn
|turn|31
|
|move|p1a: Kyurem-Black|Outrage|p2a: Porygon2
|-damage|p2a: Porygon2|0 fnt
|faint|p2a: Porygon2
|
|-end|p1a: Kyurem-Black|rampage
|-start|p1a: Kyurem-Black|confusion
|-damage|p1a: Kyurem-Black|319\/391 tox|[from] psn
|
|switch|p2a: Rhyperior|Rhyperior, M|424\/424
|turn|32
|
|switch|p1a: Sceptile|Sceptile-Mega, F|281\/281
|move|p2a: Rhyperior|Ice Punch|p1a: Sceptile
|-supereffective|p1a: Sceptile
|-damage|p1a: Sceptile|0 fnt
|faint|p1a: Sceptile
|
|
|switch|p1a: Greninja|Greninja, M|96\/285 brn
|turn|33
|
|switch|p1a: Kyurem-Black|Kyurem-Black|319\/391 tox
|-ability|p1a: Kyurem-Black|Teravolt
|switch|p2a: Sableye|Sableye, F|304\/304
|
|-damage|p1a: Kyurem-Black|295\/391 tox|[from] psn
|turn|34
|
|switch|p2a: Rhyperior|Rhyperior, M|424\/424
|move|p1a: Kyurem-Black|Outrage|p2a: Rhyperior
|-damage|p2a: Rhyperior|142\/424
|
|-heal|p2a: Rhyperior|168\/424|[from] item: Leftovers
|-damage|p1a: Kyurem-Black|247\/391 tox|[from] psn
|turn|35
|
|switch|p2a: Sableye|Sableye, F|304\/304
|move|p1a: Kyurem-Black|Outrage|p2a: Sableye
|-damage|p2a: Sableye|0 fnt
|faint|p2a: Sableye
|
|-end|p1a: Kyurem-Black|rampage
|-start|p1a: Kyurem-Black|confusion
|-damage|p1a: Kyurem-Black|175\/391 tox|[from] psn
|-message|zippleclopper forfeited.
|
|win|Soul Ameliorate
|raw|Ladder updating...
|raw|Soul Ameliorate's rating: 1524 &rarr; <strong>1538<\/strong><br \/>(+14 for winning)
|raw|zippleclopper's rating: 1426 &rarr; <strong>1411<\/strong><br \/>(-15 for losing)
|leave|zippleclopper
|player|p2