|join|zarban
|join|zippleclopper
|player|p1|zarban|142
|player|p2|zippleclopper|1
|gametype|singles
|gen|6
|tier|OU
|clearpoke
|poke|p1|Keldeo-Resolute
|poke|p1|Talonflame, M
|poke|p1|Latios, M
|poke|p1|Bisharp, F
|poke|p1|Manectric, M
|poke|p1|Landorus-Therian, M
|poke|p2|Sableye, F
|poke|p2|Porygon2
|poke|p2|Chesnaught, M
|poke|p2|Empoleon, M
|poke|p2|Rhyperior, F
|poke|p2|Tentacruel, M
|rule|Swagger Clause: Swagger is banned
|rule|Baton Pass Clause: Limit one PokÃ©mon knowing Baton Pass
|rule|Sleep Clause Mod: Limit one foe put to sleep
|rule|Species Clause: Limit one of each PokÃ©mon
|rule|OHKO Clause: OHKO moves are banned
|rule|Moody Clause: Moody is banned
|rule|Evasion Moves Clause: Evasion moves are banned
|rule|Endless Battle Clause: Forcing endless battles is banned
|rule|HP Percentage Mod: HP is shown in percentages
|teampreview
|join|deathbored
|join|StripShot
|join|Lycon
|join|Zezima
|join|testingh12
|join|I like donkeys
|join|troller67890
|
|start
|switch|p1a: Bisharp|Bisharp, F|271\/271
|switch|p2a: Sableye|Sableye, F|304\/304
|turn|1
|join|Eisenmaske
|join|Criticality
|join|Abcam
|join|JustB1az3
|
|switch|p2a: Rhyperior|Rhyperior, F|424\/424
|move|p1a: Bisharp|Swords Dance|p1a: Bisharp
|-boost|p1a: Bisharp|atk|2
|
|turn|2
|join|wjqoefo jwqf o
|join|OHHH BABY A TRIPLE
|c| I like donkeys|**FIRSTFIRSTFIRSTFIRSTFIRSTFIRSTFIRSTFIRSTFIRSTFIRSTFIRSTFIRSTFIRSTFIRSTFIRSTFIRSTFIRSTFIRSTFIRSTFIRSTFIRSTFIRSTFIRSTFIRSTFIRSTFIRSTFIRSTFIRSTFIRSTFIRSTFIRSTFIRSTFIRSTFIRSTFIRSTFIRSTFIRSTFIRSTFIRSTFIRSTFIRSTFIRSTFIRSTFIRSTFIRSTFIRSTFIRSTFIRSTFIRSTFIRSTFIRSTFIRSTFIRST**
|c| Criticality|zarban destroy his soul
|c| OHHH BABY A TRIPLE|Second
|
|move|p1a: Bisharp|Iron Head|p2a: Rhyperior
|-supereffective|p2a: Rhyperior
|-damage|p2a: Rhyperior|123\/424
|move|p2a: Rhyperior|Earthquake|p1a: Bisharp
|-supereffective|p1a: Bisharp
|-enditem|p1a: Bisharp|Focus Sash
|-damage|p1a: Bisharp|1\/271
|
|-heal|p2a: Rhyperior|149\/424|[from] item: Leftovers
|turn|3
|
|switch|p2a: Chesnaught|Chesnaught, M|380\/380
|move|p1a: Bisharp|Knock Off|p2a: Chesnaught
|-resisted|p2a: Chesnaught
|-damage|p2a: Chesnaught|258\/380
|-enditem|p2a: Chesnaught|Leftovers|[from] move: Knock Off|[of] p1a: Bisharp
|
|turn|4
|
|move|p2a: Chesnaught|Spiky Shield|p2a: Chesnaught
|-singleturn|p2a: Chesnaught|move: Protect
|move|p1a: Bisharp|Iron Head|p2a: Chesnaught
|-activate|p2a: Chesnaught|move: Protect
|-damage|p1a: Bisharp|0 fnt|[from] Spiky Shield|[of] p2a: Chesnaught
|faint|p1a: Bisharp
|
|c| I like donkeys|OHHH BABY A TRIPLE actually you were third
|c| Zezima|its at +2 only did 70 dmg on rhy
|join|oih98uh
|c| Zezima|dam its tanky
|
|switch|p1a: bitch|Talonflame, M|360\/360
|turn|5
|join|N0L0
|
|switch|p2a: Empoleon|Empoleon, M|372\/372
|move|p1a: bitch|Will-O-Wisp|p2a: Empoleon
|-status|p2a: Empoleon|brn
|
|-damage|p2a: Empoleon|326\/372 brn|[from] brn
|turn|6
|join|LightningLuxray
|
|switch|p1a: Keldeo-Resolute|Keldeo-Resolute|323\/323
|move|p2a: Empoleon|Scald|p1a: Keldeo-Resolute
|-resisted|p1a: Keldeo-Resolute
|-damage|p1a: Keldeo-Resolute|271\/323
|
|-heal|p1a: Keldeo-Resolute|291\/323|[from] item: Leftovers
|-heal|p2a: Empoleon|349\/372 brn|[from] item: Leftovers
|-damage|p2a: Empoleon|303\/372 brn|[from] brn
|turn|7
|c| JustB1az3|and it's great for bird spam :]
|
|switch|p2a: Tentacruel|Tentacruel, M|364\/364
|move|p1a: Keldeo-Resolute|Hydro Pump|p2a: Tentacruel|[miss]
|-miss|p1a: Keldeo-Resolute|p2a: Tentacruel
|
|-heal|p1a: Keldeo-Resolute|311\/323|[from] item: Leftovers
|turn|8
|
|switch|p1a: Slick666|Latios, M|302\/302
|move|p2a: Tentacruel|Knock Off|p1a: Slick666
|-supereffective|p1a: Slick666
|-damage|p1a: Slick666|182\/302
|-enditem|p1a: Slick666|Life Orb|[from] move: Knock Off|[of] p2a: Tentacruel
|
|turn|9
|
|switch|p2a: Porygon2|Porygon2|374\/374
|-ability|p2a: Porygon2|Levitate|[from] ability: Trace|[of] p1a: Slick666
|move|p1a: Slick666|Psyshock|p2a: Porygon2
|-damage|p2a: Porygon2|296\/374
|
|turn|10
|
|switch|p1a: bitch|Talonflame, M|360\/360
|move|p2a: Porygon2|Toxic|p1a: bitch
|-status|p1a: bitch|tox
|
|-damage|p1a: bitch|338\/360 tox|[from] psn
|turn|11
|
|switch|p2a: Empoleon|Empoleon, M|303\/372 brn
|move|p1a: bitch|Will-O-Wisp|p2a: Empoleon
|-fail|p2a: Empoleon|brn
|
|-heal|p2a: Empoleon|326\/372 brn|[from] item: Leftovers
|-damage|p1a: bitch|294\/360 tox|[from] psn
|-damage|p2a: Empoleon|280\/372 brn|[from] brn
|turn|12
|
|switch|p1a: Keldeo-Resolute|Keldeo-Resolute|311\/323
|move|p2a: Empoleon|Scald|p1a: Keldeo-Resolute
|-resisted|p1a: Keldeo-Resolute
|-damage|p1a: Keldeo-Resolute|255\/323
|
|-heal|p1a: Keldeo-Resolute|275\/323|[from] item: Leftovers
|-heal|p2a: Empoleon|303\/372 brn|[from] item: Leftovers
|-damage|p2a: Empoleon|257\/372 brn|[from] brn
|turn|13
|
|switch|p1a: Landorus-Therian|Landorus-Therian, M|319\/319
|-ability|p1a: Landorus-Therian|Intimidate|[of] p2a: Empoleon
|-unboost|p2a: Empoleon|atk|1
|switch|p2a: Tentacruel|Tentacruel, M|364\/364
|
|turn|14
|c| Zezima|inb4 bulk up talonflame
|
|move|p1a: Landorus-Therian|Earthquake|p2a: Tentacruel
|-supereffective|p2a: Tentacruel
|-damage|p2a: Tentacruel|0 fnt
|faint|p2a: Tentacruel
|
|
|switch|p2a: Sableye|Sableye, F|304\/304
|turn|15
|
|switch|p1a: bitch|Talonflame, M|294\/360 tox
|move|p2a: Sableye|Will-O-Wisp|p1a: bitch
|-fail|p1a: bitch
|
|-damage|p1a: bitch|272\/360 tox|[from] psn
|turn|16
|
|detailschange|p2a: Sableye|Sableye-Mega, F
|message|Sableye has Mega Evolved into Mega Sableye!
|move|p2a: Sableye|Calm Mind|p2a: Sableye
|-boost|p2a: Sableye|spa|1
|-boost|p2a: Sableye|spd|1
|move|p1a: bitch|Bulk Up|p1a: bitch
|-boost|p1a: bitch|atk|1
|-boost|p1a: bitch|def|1
|
|-damage|p1a: bitch|228\/360 tox|[from] psn
|turn|17
|c| Zezima|called it
|join|Vogas
|join|RedSoxx
|
|move|p1a: bitch|Brave Bird|p2a: Sableye
|-damage|p2a: Sableye|193\/304
|-damage|p1a: bitch|191\/360 tox|[from] recoil|[of] p2a: Sableye
|move|p2a: Sableye|Calm Mind|p2a: Sableye
|-boost|p2a: Sableye|spa|1
|-boost|p2a: Sableye|spd|1
|
|-damage|p1a: bitch|125\/360 tox|[from] psn
|turn|18
|join|Spooter
|c|âzarban|bulk ups for pro's
|c| Criticality|0
|c| Vogas|seems painful
|
|move|p1a: bitch|Brave Bird|p2a: Sableye
|-damage|p2a: Sableye|76\/304
|-damage|p1a: bitch|86\/360 tox|[from] recoil|[of] p2a: Sableye
|move|p2a: Sableye|Recover|p2a: Sableye
|-heal|p2a: Sableye|228\/304
|
|-damage|p1a: bitch|0 fnt|[from] psn
|faint|p1a: bitch
|
|switch|p1a: Landorus-Therian|Landorus-Therian, M|319\/319
|-ability|p1a: Landorus-Therian|Intimidate|[of] p2a: Sableye
|-unboost|p2a: Sableye|atk|1
|turn|19
|
|move|p1a: Landorus-Therian|Earthquake|p2a: Sableye
|-damage|p2a: Sableye|107\/304
|move|p2a: Sableye|Recover|p2a: Sableye
|-heal|p2a: Sableye|259\/304
|
|turn|20
|
|move|p1a: Landorus-Therian|Earthquake|p2a: Sableye
|-damage|p2a: Sableye|138\/304
|move|p2a: Sableye|Will-O-Wisp|p1a: Landorus-Therian
|-status|p1a: Landorus-Therian|brn
|
|-damage|p1a: Landorus-Therian|280\/319 brn|[from] brn
|turn|21
|c|âzarban|ban this thing
|c| N0L0|whelp gg
|
|switch|p1a: Manectric|Manectric, M|282\/282
|move|p2a: Sableye|Recover|p2a: Sableye
|-heal|p2a: Sableye|290\/304
|
|turn|22
|c| Zezima|ye lets ban it cus u can't take care of a mega sableye
|c| JustB1az3|lmao
|c|âzarban|its just op
|c|âzarban|it is
|c| Spooter|no it isn't.
|
|detailschange|p1a: Manectric|Manectric-Mega, M
|message|Manectric has Mega Evolved into Mega Manectric!
|-ability|p1a: Manectric|Intimidate|[of] p2a: Sableye
|-unboost|p2a: Sableye|atk|1
|move|p1a: Manectric|Volt Switch|p2a: Sableye
|-damage|p2a: Sableye|229\/304
|c| Zezima|have a fairy mon on ur team then lol
|c| Criticality|blasted by a moonblast
|c| Lycon|suck ballz man
|c| Zezima|av azu\/left over clef
|c|âzarban|not for 2vs2 but for sings
|
|switch|p1a: Slick666|Latios, M|182\/302
|move|p2a: Sableye|Calm Mind|p2a: Sableye
|-boost|p2a: Sableye|spa|1
|-boost|p2a: Sableye|spd|1
|
|turn|23
|c| Criticality|crit here
|c| N0L0|checks: strong special attackers, normal types, fairies
|
|move|p1a: Slick666|Draco Meteor|p2a: Sableye
|-damage|p2a: Sableye|148\/304
|-unboost|p1a: Slick666|spa|2
|move|p2a: Sableye|Recover|p2a: Sableye
|-heal|p2a: Sableye|300\/304
|
|turn|24
|c| Lycon|raped
|join|Louisxd
|c| Criticality|game
|c| troller67890|lol
|c| OHHH BABY A TRIPLE|Hello?
|c|âzarban|fairy 1on1?thats rare
|
|move|p1a: Slick666|Draco Meteor|p2a: Sableye
|-damage|p2a: Sableye|261\/304
|-unboost|p1a: Slick666|spa|2
|move|p2a: Sableye|Calm Mind|p2a: Sableye
|-boost|p2a: Sableye|spa|1
|-boost|p2a: Sableye|spd|1
|
|turn|25
|c| OHHH BABY A TRIPLE|It doesn't check faries
|c| N0L0|other way around
|c| Spooter|xD
|
|switch|p1a: Manectric|Manectric-Mega, M|282\/282
|-ability|p1a: Manectric|Intimidate|[of] p2a: Sableye
|-unboost|p2a: Sableye|atk|1
|move|p2a: Sableye|Calm Mind|p2a: Sableye
|-boost|p2a: Sableye|spa|1
|-boost|p2a: Sableye|spd|1
|
|turn|26
|c| JustB1az3|ahhh stall est tres belle!!!!
|c| oih98uh|not many pokes to choose from if you need a strong fairy attack
|join|creepycretin
|c| Louisxd|sir
|join|iamdecaf
|c| Louisxd|your chance is keep trying crit w\/ latios
|
|move|p1a: Manectric|Volt Switch|p2a: Sableye
|-damage|p2a: Sableye|230\/304
|
|switch|p1a: Keldeo-Resolute|Keldeo-Resolute|275\/323
|move|p2a: Sableye|Recover|p2a: Sableye
|-heal|p2a: Sableye|304\/304
|
|-heal|p1a: Keldeo-Resolute|295\/323|[from] item: Leftovers
|turn|27
|c| oih98uh|the crit will come eventually
|
|move|p1a: Keldeo-Resolute|Hydro Pump|p2a: Sableye|[miss]
|-miss|p1a: Keldeo-Resolute|p2a: Sableye
|move|p2a: Sableye|Dark Pulse|p1a: Keldeo-Resolute
|-resisted|p1a: Keldeo-Resolute
|-damage|p1a: Keldeo-Resolute|145\/323
|-boost|p1a: Keldeo-Resolute|atk|1|[from] ability: Justified
|
|-heal|p1a: Keldeo-Resolute|165\/323|[from] item: Leftovers
|turn|28
|c| troller67890|no fairy dam hard win
|c| N0L0|lel
|
|move|p1a: Keldeo-Resolute|Hydro Pump|p2a: Sableye
|-damage|p2a: Sableye|258\/304
|move|p2a: Sableye|Dark Pulse|p1a: Keldeo-Resolute
|-resisted|p1a: Keldeo-Resolute
|-damage|p1a: Keldeo-Resolute|19\/323
|-boost|p1a: Keldeo-Resolute|atk|1|[from] ability: Justified
|
|-heal|p1a: Keldeo-Resolute|39\/323|[from] item: Leftovers
|turn|29
|c|âzarban|even with fairy its got boosts,always op
|
|move|p1a: Keldeo-Resolute|Hydro Pump|p2a: Sableye
|-damage|p2a: Sableye|207\/304
|move|p2a: Sableye|Recover|p2a: Sableye
|-heal|p2a: Sableye|304\/304
|
|-heal|p1a: Keldeo-Resolute|59\/323|[from] item: Leftovers
|turn|30
|c| Louisxd|nah
|c| Spooter|like mega slowbro, you can't let it setup
|c| troller67890|nope
|c| troller67890|ya
|c| troller67890|fairy 1 hit ko
|c| Louisxd|my clefable wins 1v1 even if at +6
|c| troller67890|mega garde
|c|âzarban|what +6 isnt enough for you?lol
|c| Criticality|toxic mew checks it too
|c|âzarban|+heal,man ban this thing
|leave|N0L0
|c| Louisxd|nah
|
|move|p1a: Keldeo-Resolute|Hydro Pump|p2a: Sableye
|-damage|p2a: Sableye|252\/304
|move|p2a: Sableye|Dark Pulse|p1a: Keldeo-Resolute
|-resisted|p1a: Keldeo-Resolute
|-damage|p1a: Keldeo-Resolute|0 fnt
|faint|p1a: Keldeo-Resolute
|
|join|irl cat
|c| Louisxd|you missplayed at the start srslu
|c| Spooter|'ban cuz i can't beat'
|c| Spooter|so stupid
|c| Eisenmaske|let him
|c|âzarban|+pulse with neutral
|c| Louisxd|like any calm minder
|c| Louisxd|dont let it set up
|c| Eisenmaske|spiritomb is much better
|c|âzarban|right
|
|switch|p1a: Slick666|Latios, M|182\/302
|turn|31
|join|heatwalked
|
|move|p1a: Slick666|Draco Meteor|p2a: Sableye
|-crit|p2a: Sableye
|-damage|p2a: Sableye|0 fnt
|-unboost|p1a: Slick666|spa|2
|faint|p2a: Sableye
|
|join|King Leoric
|c| Louisxd|inb4 crit
|c| oih98uh|loool
|c| Lycon|HAHAHAHA
|c| wjqoefo jwqf o|oooooooh
|c| heatwalked|LMAO
|c| JustB1az3|there it is
|c| OHHH BABY A TRIPLE|Ahhh the crit
|c|âzarban|loooool
|join|hialeah
|
|switch|p2a: Porygon2|Porygon2|296\/374
|-ability|p2a: Porygon2|Levitate|[from] ability: Trace|[of] p1a: Slick666
|turn|32
|c| StripShot|tha criiiit
|c| Eisenmaske|and toxic mew cant chenÂ´ck him because of magic bounce
|c| Spooter|Took you long enough.
|
|switch|p1a: Landorus-Therian|Landorus-Therian, M|280\/319 brn
|-ability|p1a: Landorus-Therian|Intimidate|[of] p2a: Porygon2
|-unboost|p2a: Porygon2|atk|1
|move|p2a: Porygon2|Ice Beam|p1a: Landorus-Therian
|-supereffective|p1a: Landorus-Therian
|-enditem|p1a: Landorus-Therian|Yache Berry|[eat]
|-damage|p1a: Landorus-Therian|118\/319 brn
|
|-damage|p1a: Landorus-Therian|79\/319 brn|[from] brn
|turn|33
|c| OHHH BABY A TRIPLE|RIP sableye 2014-2014
|c| oih98uh|i said it would happen eventually
|leave|heatwalked
|join|Agilis
|join|OmegaSmash
|
|switch|p2a: Chesnaught|Chesnaught, M|258\/380
|move|p1a: Landorus-Therian|Knock Off|p2a: Chesnaught
|-resisted|p2a: Chesnaught
|-damage|p2a: Chesnaught|246\/380
|
|-damage|p1a: Landorus-Therian|40\/319 brn|[from] brn
|turn|34
|c| testingh12|I'm now running toxic on my kyurem b to counter it
|c| Louisxd|lol
|c| OHHH BABY A TRIPLE|Hello
|
|move|p1a: Landorus-Therian|Stealth Rock|p2a: Chesnaught
|-sidestart|p2: zippleclopper|move: Stealth Rock
|move|p2a: Chesnaught|Drain Punch|p1a: Landorus-Therian
|-resisted|p1a: Landorus-Therian
|-damage|p1a: Landorus-Therian|0 fnt
|-heal|p2a: Chesnaught|266\/380|[from] drain|[of] p1a: Landorus-Therian
|faint|p1a: Landorus-Therian
|
|c| OHHH BABY A TRIPLE|It has Magic Bounce
|c| Eisenmaske|magic bounce man
|join|bazinganoobs
|c| Louisxd|magic bounce
|c| testingh12|teravolt
|
|switch|p1a: Slick666|Latios, M|182\/302
|turn|35
|c| oih98uh|would teravolt ignor emagic bounce?
|c| Louisxd|,,,
|leave|bazinganoobs
|
|move|p2a: Chesnaught|Spiky Shield|p2a: Chesnaught
|-singleturn|p2a: Chesnaught|move: Protect
|move|p1a: Slick666|Psyshock|p2a: Chesnaught
|-activate|p2a: Chesnaught|move: Protect
|
|turn|36
|c| Louisxd|y
|c| OHHH BABY A TRIPLE|Yes
|c| OHHH BABY A TRIPLE|but
|c| OHHH BABY A TRIPLE|Kyogre
|c| OHHH BABY A TRIPLE|Doesn;t
|c| OHHH BABY A TRIPLE|have
|
|switch|p1a: Manectric|Manectric-Mega, M|282\/282
|-ability|p1a: Manectric|Intimidate|[of] p2a: Chesnaught
|-unboost|p2a: Chesnaught|atk|1
|move|p2a: Chesnaught|Drain Punch|p1a: Manectric
|-damage|p1a: Manectric|207\/282
|-heal|p2a: Chesnaught|304\/380|[from] drain|[of] p1a: Manectric
|
|turn|37
|c| OHHH BABY A TRIPLE|terravolt
|c| Louisxd|dont psyshock
|c| Louisxd|its not near ko
|
|switch|p2a: Porygon2|Porygon2|296\/374
|-damage|p2a: Porygon2|250\/374|[from] Stealth Rock
|-ability|p2a: Porygon2|Intimidate|[from] ability: Trace|[of] p1a: Manectric
|-ability|p2a: Porygon2|Intimidate|[of] p1a: Manectric
|-unboost|p1a: Manectric|atk|1
|move|p1a: Manectric|Overheat|p2a: Porygon2|[miss]
|-miss|p1a: Manectric|p2a: Porygon2
|
|turn|38
|c| testingh12|What i siad kyurem b
|c| JustB1az3|hes kyurem
|c| oih98uh|wasn't we talking about toxic kyurem-black?
|
|move|p1a: Manectric|Volt Switch|p2a: Porygon2
|-damage|p2a: Porygon2|177\/374
|
|switch|p1a: Slick666|Latios, M|182\/302
|move|p2a: Porygon2|Recover|p2a: Porygon2
|-heal|p2a: Porygon2|364\/374
|
|turn|39
|c| OHHH BABY A TRIPLE|No
|c| Eisenmaske|we did
|c| OHHH BABY A TRIPLE|o.o
|c| OHHH BABY A TRIPLE|Shhh
|leave|King Leoric
|
|move|p1a: Slick666|Psyshock|p2a: Porygon2
|-damage|p2a: Porygon2|274\/374
|move|p2a: Porygon2|Toxic|p1a: Slick666
|-status|p1a: Slick666|tox
|
|-damage|p1a: Slick666|164\/302 tox|[from] psn
|turn|40
|c| Eisenmaske|but i was talkin about toxic mew
|
|move|p1a: Slick666|Psyshock|p2a: Porygon2
|-damage|p2a: Porygon2|181\/374
|move|p2a: Porygon2|Recover|p2a: Porygon2
|-heal|p2a: Porygon2|368\/374
|
|-damage|p1a: Slick666|128\/302 tox|[from] psn
|turn|41
|leave|OmegaSmash
|c| irl cat|use draco
|c|âzarban|bisharp was it for me or else its game
|c| oih98uh|toxicing yourself to get mega-sableye seems a bit extreme
|
|switch|p2a: Empoleon|Empoleon, M|257\/372 brn
|-damage|p2a: Empoleon|234\/372 brn|[from] Stealth Rock
|move|p1a: Slick666|Psyshock|p2a: Empoleon
|-resisted|p2a: Empoleon
|-damage|p2a: Empoleon|159\/372 brn
|
|-heal|p2a: Empoleon|182\/372 brn|[from] item: Leftovers
|-damage|p1a: Slick666|74\/302 tox|[from] psn
|-damage|p2a: Empoleon|136\/372 brn|[from] brn
|turn|42
|c| JustB1az3|c'est magnifique zippleclopper!!
|leave|Vogas
|c| Louisxd|nah
|
|switch|p1a: Manectric|Manectric-Mega, M|207\/282
|-ability|p1a: Manectric|Intimidate|[of] p2a: Empoleon
|-unboost|p2a: Empoleon|atk|1
|move|p2a: Empoleon|Stealth Rock|p1a: Manectric
|-sidestart|p1: zarban|move: Stealth Rock
|
|-heal|p2a: Empoleon|159\/372 brn|[from] item: Leftovers
|-damage|p2a: Empoleon|113\/372 brn|[from] brn
|turn|43
|c| Louisxd|toxic yourself
|c| Louisxd|why nt
|c| Louisxd|y,y
|c| Louisxd|perish song
|c| JustB1az3|why wiuld he draco?
|
|switch|p2a: Chesnaught|Chesnaught, M|304\/380
|-damage|p2a: Chesnaught|281\/380|[from] Stealth Rock
|move|p1a: Manectric|Volt Switch|p2a: Chesnaught
|-crit|p2a: Chesnaught
|-resisted|p2a: Chesnaught
|-damage|p2a: Chesnaught|157\/380
|
|switch|p1a: Slick666|Latios, M|74\/302 tox
|-damage|p1a: Slick666|37\/302 tox|[from] Stealth Rock
|
|-damage|p1a: Slick666|19\/302 tox|[from] psn
|turn|44
|c| Louisxd|because he already lost
|c| OHHH BABY A TRIPLE|spiky sheild wooo
|
|move|p2a: Chesnaught|Spiky Shield|p2a: Chesnaught
|-singleturn|p2a: Chesnaught|move: Protect
|move|p1a: Slick666|Draco Meteor|p2a: Chesnaught
|-activate|p2a: Chesnaught|move: Protect
|
|-damage|p1a: Slick666|0 fnt|[from] psn
|faint|p1a: Slick666
|c| Eisenmaske|i would go destiny bond
|c| Spooter|it's been over
|
|switch|p1a: Manectric|Manectric-Mega, M|207\/282
|-damage|p1a: Manectric|172\/282|[from] Stealth Rock
|-ability|p1a: Manectric|Intimidate|[of] p2a: Chesnaught
|-unboost|p2a: Chesnaught|atk|1
|turn|45
|
|move|p1a: Manectric|Overheat|p2a: Chesnaught
|-supereffective|p2a: Chesnaught
|-damage|p2a: Chesnaught|0 fnt
|-unboost|p1a: Manectric|spa|2
|faint|p2a: Chesnaught
|
|c| JustB1az3|true
|c| OHHH BABY A TRIPLE|Run flamethrower
|
|switch|p2a: Rhyperior|Rhyperior, F|149\/424
|-damage|p2a: Rhyperior|123\/424|[from] Stealth Rock
|turn|46
|c| OHHH BABY A TRIPLE|overheat is wrose
|c| OHHH BABY A TRIPLE|imo
|c| Agilis|Crit
|c| Eisenmaske|yes
|c| Agilis|Everything
|c|âzarban|noobs
|
|move|p1a: Manectric|Hidden Power|p2a: Rhyperior
|-supereffective|p2a: Rhyperior
|-damage|p2a: Rhyperior|32\/424
|move|p2a: Rhyperior|Earthquake|p1a: Manectric
|-supereffective|p1a: Manectric
|-damage|p1a: Manectric|0 fnt
|faint|p1a: Manectric
|
|win|zippleclopper
|c| JustB1az3|yummm
|leave|irl cat
|c| Lycon|get raped noob
|c|âzarban|gg
|c| JustB1az3|tasty
|c| Eisenmaske|gg
|leave|Spooter