|join|zippleclopper
|join|coconut man
|player|p1|zippleclopper|1
|player|p2|coconut man|273
|gametype|singles
|gen|6
|tier|OU
|rated
|clearpoke
|poke|p1|Crawdaunt, F
|poke|p1|Venusaur, F
|poke|p1|Victini
|poke|p1|Landorus-Therian, M
|poke|p1|Clefable, M
|poke|p1|Forretress, M
|poke|p2|Porygon2
|poke|p2|Donphan, F
|poke|p2|Suicune
|poke|p2|Talonflame, M
|poke|p2|Medicham, M
|poke|p2|Ambipom, F
|rule|Swagger Clause: Swagger is banned
|rule|Baton Pass Clause: Limit one PokÃ©mon knowing Baton Pass
|rule|Sleep Clause Mod: Limit one foe put to sleep
|rule|Species Clause: Limit one of each PokÃ©mon
|rule|OHKO Clause: OHKO moves are banned
|rule|Moody Clause: Moody is banned
|rule|Evasion Moves Clause: Evasion moves are banned
|rule|Endless Battle Clause: Forcing endless battles is banned
|rule|HP Percentage Mod: HP is shown in percentages
|teampreview
|
|start
|switch|p1a: Landorus-Therian|Landorus-Therian, M|319\/319
|switch|p2a: Ambipom|Ambipom, F|291\/291
|-ability|p1a: Landorus-Therian|Intimidate|[of] p2a: Ambipom
|-unboost|p2a: Ambipom|atk|1
|turn|1
|
|move|p2a: Ambipom|Fake Out|p1a: Landorus-Therian
|-damage|p1a: Landorus-Therian|237\/319
|-damage|p2a: Ambipom|262\/291|[from] item: Life Orb
|cant|p1a: Landorus-Therian|flinch
|
|turn|2
|
|switch|p2a: Donphan|Donphan, F|384\/384
|move|p1a: Landorus-Therian|U-turn|p2a: Donphan
|-damage|p2a: Donphan|324\/384
|
|switch|p1a: Venusaur|Venusaur, F|359\/359
|
|-heal|p2a: Donphan|348\/384|[from] item: Leftovers
|turn|3
|
|switch|p2a: Suicune|Suicune|373\/373
|-ability|p2a: Suicune|Pressure
|detailschange|p1a: Venusaur|Venusaur-Mega, F
|message|Venusaur has Mega Evolved into Mega Venusaur!
|move|p1a: Venusaur|Sludge Bomb|p2a: Suicune
|-crit|p2a: Suicune
|-damage|p2a: Suicune|163\/373
|
|-heal|p2a: Suicune|186\/373|[from] item: Leftovers
|turn|4
|
|move|p2a: Suicune|Rest|p2a: Suicune
|-status|p2a: Suicune|slp
|-heal|p2a: Suicune|373\/373 slp|[silent]
|-status|p2a: Suicune|slp|[from] move: Rest
|move|p1a: Venusaur|Giga Drain|p2a: Suicune
|-supereffective|p2a: Suicune
|-damage|p2a: Suicune|145\/373 slp
|
|-heal|p2a: Suicune|168\/373 slp|[from] item: Leftovers
|turn|5
|
|switch|p2a: Talonflame|Talonflame, M|297\/297
|move|p1a: Venusaur|Giga Drain|p2a: Talonflame
|-resisted|p2a: Talonflame
|-damage|p2a: Talonflame|252\/297
|
|turn|6
|
|switch|p1a: Forretress|Forretress, M|353\/353
|move|p2a: Talonflame|Brave Bird|p1a: Forretress
|-damage|p1a: Forretress|163\/353
|-damage|p2a: Talonflame|189\/297|[from] recoil|[of] p1a: Forretress
|
|turn|7
|
|move|p2a: Talonflame|Brave Bird|p1a: Forretress
|-damage|p1a: Forretress|0 fnt
|-damage|p2a: Talonflame|135\/297|[from] recoil|[of] p1a: Forretress
|faint|p1a: Forretress
|
|
|switch|p1a: Victini|Victini|365\/365
|turn|8
|
|switch|p2a: Suicune|Suicune|168\/373 slp
|-ability|p2a: Suicune|Pressure
|move|p1a: Victini|U-turn|p2a: Suicune
|-damage|p2a: Suicune|118\/373 slp
|
|switch|p1a: Crawdaunt|Crawdaunt, F|268\/268
|
|-heal|p2a: Suicune|141\/373 slp|[from] item: Leftovers
|turn|9
|
|move|p1a: Crawdaunt|Knock Off|p2a: Suicune
|-damage|p2a: Suicune|0 fnt
|-enditem|p2a: Suicune|Leftovers|[from] move: Knock Off|[of] p1a: Crawdaunt
|-damage|p1a: Crawdaunt|242\/268|[from] item: Life Orb
|faint|p2a: Suicune
|
|
|switch|p2a: Ambipom|Ambipom, F|262\/291
|turn|10
|
|switch|p1a: Venusaur|Venusaur-Mega, F|359\/359
|move|p2a: Ambipom|Fake Out|p1a: Venusaur
|-damage|p1a: Venusaur|269\/359
|-damage|p2a: Ambipom|233\/291|[from] item: Life Orb
|
|turn|11
|
|switch|p2a: Porygon2|Porygon2|327\/327
|-ability|p2a: Porygon2|Thick Fat|[from] ability: Trace|[of] p1a: Venusaur
|move|p1a: Venusaur|Sludge Bomb|p2a: Porygon2
|-damage|p2a: Porygon2|222\/327
|
|turn|12
|
|move|p1a: Venusaur|Sludge Bomb|p2a: Porygon2
|-damage|p2a: Porygon2|119\/327
|-status|p2a: Porygon2|psn
|move|p2a: Porygon2|Recover|p2a: Porygon2
|-heal|p2a: Porygon2|283\/327 psn
|
|-damage|p2a: Porygon2|243\/327 psn|[from] psn
|turn|13
|
|move|p1a: Venusaur|Giga Drain|p2a: Porygon2
|-crit|p2a: Porygon2
|-damage|p2a: Porygon2|119\/327 psn
|-heal|p1a: Venusaur|331\/359|[from] drain|[of] p2a: Porygon2
|move|p2a: Porygon2|Ice Beam|p1a: Venusaur
|-supereffective|p1a: Venusaur
|-damage|p1a: Venusaur|269\/359
|-status|p1a: Venusaur|frz
|
|-damage|p2a: Porygon2|79\/327 psn|[from] psn
|turn|14
|
|-curestatus|p1a: Venusaur|frz
|move|p1a: Venusaur|Sludge Bomb|p2a: Porygon2
|-damage|p2a: Porygon2|0 fnt
|faint|p2a: Porygon2
|
|
|switch|p2a: Talonflame|Talonflame, M|135\/297
|turn|15
|
|switch|p1a: Clefable|Clefable, M|394\/394
|move|p2a: Talonflame|Brave Bird|p1a: Clefable
|-damage|p1a: Clefable|160\/394
|-damage|p2a: Talonflame|58\/297|[from] recoil|[of] p1a: Clefable
|
|-heal|p1a: Clefable|184\/394|[from] item: Leftovers
|turn|16
|
|move|p2a: Talonflame|Brave Bird|p1a: Clefable
|-damage|p1a: Clefable|0 fnt
|-damage|p2a: Talonflame|0 fnt|[from] recoil|[of] p1a: Clefable
|faint|p1a: Clefable
|faint|p2a: Talonflame
|
|
|switch|p1a: Landorus-Therian|Landorus-Therian, M|237\/319
|switch|p2a: Medicham|Medicham, M|261\/261
|-ability|p1a: Landorus-Therian|Intimidate|[of] p2a: Medicham
|-unboost|p2a: Medicham|atk|1
|turn|17
|
|detailschange|p2a: Medicham|Medicham-Mega, M
|message|Medicham has Mega Evolved into Mega Medicham!
|move|p2a: Medicham|Fake Out|p1a: Landorus-Therian
|-damage|p1a: Landorus-Therian|180\/319
|cant|p1a: Landorus-Therian|flinch
|
|turn|18
|
|switch|p2a: Donphan|Donphan, F|348\/384
|move|p1a: Landorus-Therian|U-turn|p2a: Donphan
|-damage|p2a: Donphan|282\/384
|
|switch|p1a: Venusaur|Venusaur-Mega, F|269\/359
|
|-heal|p2a: Donphan|306\/384|[from] item: Leftovers
|turn|19
|
|move|p1a: Venusaur|Giga Drain|p2a: Donphan
|-supereffective|p2a: Donphan
|-damage|p2a: Donphan|0 fnt
|-heal|p1a: Venusaur|359\/359|[from] drain|[of] p2a: Donphan
|faint|p2a: Donphan
|
|
|switch|p2a: Medicham|Medicham-Mega, M|261\/261
|turn|20
|
|move|p2a: Medicham|Fake Out|p1a: Venusaur
|-damage|p1a: Venusaur|294\/359
|cant|p1a: Venusaur|flinch
|
|turn|21
|
|switch|p1a: Victini|Victini|365\/365
|move|p2a: Medicham|Zen Headbutt|p1a: Victini
|-resisted|p1a: Victini
|-damage|p1a: Victini|246\/365
|
|turn|22
|
|switch|p2a: Ambipom|Ambipom, F|233\/291
|move|p1a: Victini|V-create|p2a: Ambipom
|-damage|p2a: Ambipom|0 fnt
|-unboost|p1a: Victini|def|1
|-unboost|p1a: Victini|spd|1
|-unboost|p1a: Victini|spe|1
|faint|p2a: Ambipom
|
|
|switch|p2a: Medicham|Medicham-Mega, M|261\/261
|turn|23
|
|switch|p1a: Venusaur|Venusaur-Mega, F|294\/359
|move|p2a: Medicham|Fake Out|p1a: Venusaur
|-damage|p1a: Venusaur|228\/359
|
|turn|24
|
|switch|p1a: Crawdaunt|Crawdaunt, F|242\/268
|move|p2a: Medicham|Zen Headbutt|p1a: Crawdaunt
|-immune|p1a: Crawdaunt|[msg]
|
|turn|25
|
|move|p1a: Crawdaunt|Aqua Jet|p2a: Medicham
|-damage|p2a: Medicham|115\/261
|-damage|p1a: Crawdaunt|216\/268|[from] item: Life Orb
|move|p2a: Medicham|High Jump Kick|p1a: Crawdaunt
|-supereffective|p1a: Crawdaunt
|-damage|p1a: Crawdaunt|0 fnt
|faint|p1a: Crawdaunt
|
|
|switch|p1a: Victini|Victini|246\/365
|turn|26
|
|move|p1a: Victini|V-create|p2a: Medicham
|-damage|p2a: Medicham|0 fnt
|-unboost|p1a: Victini|def|1
|-unboost|p1a: Victini|spd|1
|-unboost|p1a: Victini|spe|1
|faint|p2a: Medicham
|
|win|zippleclopper
|raw|Ladder updating...
|raw|zippleclopper's rating: 1593 &rarr; <strong>1615<\/strong><br \/>(+22 for winning)
|raw|coconut man's rating: 1625 &rarr; <strong>1603<\/strong><br \/>(-22 for losing)
|leave|coconut man