|join|hreid5000
|join|zippleclopper
|player|p1|hreid5000|102
|player|p2|zippleclopper|1
|gametype|singles
|gen|6
|tier|OU
|rated
|clearpoke
|poke|p1|Sableye, M
|poke|p1|Excadrill, M
|poke|p1|Milotic, M
|poke|p1|Gliscor, F
|poke|p1|Talonflame, F
|poke|p1|Clefable, M
|poke|p2|Latias, F
|poke|p2|Breloom, F
|poke|p2|Azumarill, M
|poke|p2|Heatran, F
|poke|p2|Hippowdon, M
|poke|p2|Excadrill, M
|rule|Swagger Clause: Swagger is banned
|rule|Baton Pass Clause: Limit one PokÃ©mon knowing Baton Pass
|rule|Sleep Clause Mod: Limit one foe put to sleep
|rule|Species Clause: Limit one of each PokÃ©mon
|rule|OHKO Clause: OHKO moves are banned
|rule|Moody Clause: Moody is banned
|rule|Evasion Moves Clause: Evasion moves are banned
|rule|Endless Battle Clause: Forcing endless battles is banned
|rule|HP Percentage Mod: HP is shown in percentages
|teampreview
|
|start
|switch|p1a: Sableye|Sableye, M|287\/287
|switch|p2a: Heatran|Heatran, F|323\/323
|turn|1
|
|detailschange|p1a: Sableye|Sableye-Mega, M
|message|Sableye has Mega Evolved into Mega Sableye!
|move|p2a: Heatran|Fire Blast|p1a: Sableye
|-damage|p1a: Sableye|133\/287
|move|p1a: Sableye|Knock Off|p2a: Heatran
|-damage|p2a: Heatran|226\/323
|-enditem|p2a: Heatran|Choice Scarf|[from] move: Knock Off|[of] p1a: Sableye
|
|turn|2
|
|switch|p2a: Breloom|Breloom, F|261\/261
|switch|p1a: Milotic|Milotic, M|331\/331
|
|-status|p2a: Breloom|tox|[from] item: Toxic Orb
|turn|3
|
|switch|p1a: Sableye|Sableye-Mega, M|133\/287
|move|p2a: Breloom|Facade|p1a: Sableye
|-immune|p1a: Sableye|[msg]
|
|turn|4
|
|move|p2a: Breloom|Swords Dance|p2a: Breloom
|-boost|p2a: Breloom|atk|2
|move|p1a: Sableye|Recover|p1a: Sableye
|-heal|p1a: Sableye|277\/287
|
|turn|5
|
|switch|p1a: Clefable|Clefable, M|393\/393
|move|p2a: Breloom|Facade|p1a: Clefable
|-damage|p1a: Clefable|259\/393
|
|-heal|p1a: Clefable|283\/393|[from] item: Leftovers
|turn|6
|
|switch|p2a: Latias|Latias, F|363\/363
|move|p1a: Clefable|Moonblast|p2a: Latias
|-supereffective|p2a: Latias
|-damage|p2a: Latias|183\/363
|
|-heal|p1a: Clefable|307\/393|[from] item: Leftovers
|turn|7
|
|detailschange|p2a: Latias|Latias-Mega, F
|message|Latias has Mega Evolved into Mega Latias!
|move|p2a: Latias|Roost|p2a: Latias
|-heal|p2a: Latias|363\/363
|move|p1a: Clefable|Calm Mind|p1a: Clefable
|-boost|p1a: Clefable|spa|1
|-boost|p1a: Clefable|spd|1
|
|-heal|p1a: Clefable|331\/393|[from] item: Leftovers
|turn|8
|
|switch|p2a: Excadrill|Excadrill, M|362\/362
|move|p1a: Clefable|Calm Mind|p1a: Clefable
|-boost|p1a: Clefable|spa|1
|-boost|p1a: Clefable|spd|1
|
|-heal|p1a: Clefable|355\/393|[from] item: Leftovers
|turn|9
|
|switch|p1a: Gliscor|Gliscor, F|353\/353
|move|p2a: Excadrill|Iron Head|p1a: Gliscor
|-damage|p1a: Gliscor|213\/353
|-damage|p2a: Excadrill|326\/362|[from] item: Life Orb
|
|-status|p1a: Gliscor|tox|[from] item: Toxic Orb
|turn|10
|
|switch|p2a: Azumarill|Azumarill, M|361\/361
|move|p1a: Gliscor|Stealth Rock|p2a: Azumarill
|-sidestart|p2: zippleclopper|move: Stealth Rock
|
|-heal|p1a: Gliscor|257\/353 tox|[from] ability: Poison Heal
|turn|11
|
|switch|p1a: Milotic|Milotic, M|331\/331
|move|p2a: Azumarill|Play Rough|p1a: Milotic
|-damage|p1a: Milotic|52\/331
|
|-heal|p1a: Milotic|72\/331|[from] item: Leftovers
|turn|12
|
|move|p1a: Milotic|Toxic|p2a: Azumarill
|-status|p2a: Azumarill|tox
|move|p2a: Azumarill|Play Rough|p1a: Milotic
|-damage|p1a: Milotic|0 fnt
|faint|p1a: Milotic
|
|-damage|p2a: Azumarill|339\/361 tox|[from] psn
|
|switch|p1a: Clefable|Clefable, M|355\/393
|turn|13
|
|move|p2a: Azumarill|Play Rough|p1a: Clefable
|-damage|p1a: Clefable|106\/393
|move|p1a: Clefable|Moonblast|p2a: Azumarill
|-damage|p2a: Azumarill|215\/361 tox
|-unboost|p2a: Azumarill|spa|1
|
|-heal|p1a: Clefable|130\/393|[from] item: Leftovers
|-damage|p2a: Azumarill|171\/361 tox|[from] psn
|turn|14
|
|switch|p2a: Hippowdon|Hippowdon, M|420\/420
|-damage|p2a: Hippowdon|394\/420|[from] Stealth Rock
|-weather|Sandstorm
|move|p1a: Clefable|Moonlight|p1a: Clefable
|-heal|p1a: Clefable|228\/393
|
|-weather|Sandstorm|[upkeep]
|-damage|p1a: Clefable|204\/393|[from] sandstorm
|-heal|p1a: Clefable|228\/393|[from] item: Leftovers
|turn|15
|
|switch|p1a: Sableye|Sableye-Mega, M|277\/287
|switch|p2a: Excadrill|Excadrill, M|326\/362
|-damage|p2a: Excadrill|315\/362|[from] Stealth Rock
|
|-weather|Sandstorm|[upkeep]
|-damage|p1a: Sableye|260\/287|[from] sandstorm
|turn|16
|
|switch|p2a: Breloom|Breloom, F|261\/261 tox
|-damage|p2a: Breloom|245\/261 tox|[from] Stealth Rock
|move|p1a: Sableye|Will-O-Wisp|p2a: Breloom
|-fail|p2a: Breloom
|
|-weather|Sandstorm|[upkeep]
|-damage|p2a: Breloom|229\/261 tox|[from] sandstorm
|-damage|p1a: Sableye|243\/287|[from] sandstorm
|-heal|p2a: Breloom|261\/261 tox|[from] ability: Poison Heal
|turn|17
|
|move|p2a: Breloom|Facade|p1a: Sableye
|-immune|p1a: Sableye|[msg]
|move|p1a: Sableye|Foul Play|p2a: Breloom
|-resisted|p2a: Breloom
|-damage|p2a: Breloom|161\/261 tox
|
|-weather|Sandstorm|[upkeep]
|-damage|p2a: Breloom|145\/261 tox|[from] sandstorm
|-damage|p1a: Sableye|226\/287|[from] sandstorm
|-heal|p2a: Breloom|177\/261 tox|[from] ability: Poison Heal
|turn|18
|
|move|p2a: Breloom|Seed Bomb|p1a: Sableye
|-damage|p1a: Sableye|108\/287
|move|p1a: Sableye|Foul Play|p2a: Breloom
|-resisted|p2a: Breloom
|-damage|p2a: Breloom|71\/261 tox
|
|-weather|Sandstorm|[upkeep]
|-damage|p2a: Breloom|55\/261 tox|[from] sandstorm
|-damage|p1a: Sableye|91\/287|[from] sandstorm
|-heal|p2a: Breloom|87\/261 tox|[from] ability: Poison Heal
|turn|19
|
|switch|p1a: Gliscor|Gliscor, F|257\/353 tox
|move|p2a: Breloom|Seed Bomb|p1a: Gliscor
|-damage|p1a: Gliscor|167\/353 tox
|
|-weather|Sandstorm|[upkeep]
|-damage|p2a: Breloom|71\/261 tox|[from] sandstorm
|-heal|p2a: Breloom|103\/261 tox|[from] ability: Poison Heal
|-heal|p1a: Gliscor|211\/353 tox|[from] ability: Poison Heal
|turn|20
|
|move|p2a: Breloom|Swords Dance|p2a: Breloom
|-boost|p2a: Breloom|atk|2
|move|p1a: Gliscor|U-turn|p2a: Breloom
|-damage|p2a: Breloom|37\/261 tox
|
|switch|p1a: Clefable|Clefable, M|228\/393
|
|-weather|Sandstorm|[upkeep]
|-damage|p2a: Breloom|21\/261 tox|[from] sandstorm
|-damage|p1a: Clefable|204\/393|[from] sandstorm
|-heal|p1a: Clefable|228\/393|[from] item: Leftovers
|-heal|p2a: Breloom|53\/261 tox|[from] ability: Poison Heal
|turn|21
|
|switch|p2a: Excadrill|Excadrill, M|315\/362
|-damage|p2a: Excadrill|304\/362|[from] Stealth Rock
|move|p1a: Clefable|Moonblast|p2a: Excadrill
|-resisted|p2a: Excadrill
|-damage|p2a: Excadrill|227\/362
|
|-weather|none
|-heal|p1a: Clefable|252\/393|[from] item: Leftovers
|turn|22
|
|switch|p1a: Talonflame|Talonflame, F|345\/345
|move|p2a: Excadrill|Rapid Spin|p1a: Talonflame
|-damage|p1a: Talonflame|300\/345
|-sideend|p2: zippleclopper|Stealth Rock|[from] move: Rapid Spin|[of] p2a: Excadrill
|-damage|p2a: Excadrill|191\/362|[from] item: Life Orb
|
|-heal|p1a: Talonflame|321\/345|[from] item: Leftovers
|turn|23
|
|move|p1a: Talonflame|Will-O-Wisp|p2a: Excadrill
|-status|p2a: Excadrill|brn
|move|p2a: Excadrill|Rock Slide|p1a: Talonflame
|-supereffective|p1a: Talonflame
|-damage|p1a: Talonflame|0 fnt
|-damage|p2a: Excadrill|155\/362 brn|[from] item: Life Orb
|faint|p1a: Talonflame
|
|-damage|p2a: Excadrill|110\/362 brn|[from] brn
|
|switch|p1a: Sableye|Sableye-Mega, M|91\/287
|turn|24
|
|move|p2a: Excadrill|Earthquake|p1a: Sableye
|-damage|p1a: Sableye|0 fnt
|-damage|p2a: Excadrill|74\/362 brn|[from] item: Life Orb
|faint|p1a: Sableye
|
|-damage|p2a: Excadrill|29\/362 brn|[from] brn
|
|switch|p1a: Gliscor|Gliscor, F|211\/353 tox
|turn|25
|
|move|p2a: Excadrill|Iron Head|p1a: Gliscor
|-damage|p1a: Gliscor|149\/353 tox
|-damage|p2a: Excadrill|0 fnt|[from] item: Life Orb
|faint|p2a: Excadrill
|move|p1a: Gliscor|Stealth Rock|p2: Excadrill
|-sidestart|p2: zippleclopper|move: Stealth Rock
|
|-heal|p1a: Gliscor|193\/353 tox|[from] ability: Poison Heal
|
|switch|p2a: Azumarill|Azumarill, M|171\/361 tox
|-damage|p2a: Azumarill|126\/361 tox|[from] Stealth Rock
|turn|26
|
|move|p1a: Gliscor|Earthquake|p2a: Azumarill
|-damage|p2a: Azumarill|0 fnt
|faint|p2a: Azumarill
|
|-heal|p1a: Gliscor|237\/353 tox|[from] ability: Poison Heal
|
|switch|p2a: Latias|Latias-Mega, F|363\/363
|-damage|p2a: Latias|318\/363|[from] Stealth Rock
|turn|27
|
|switch|p1a: Clefable|Clefable, M|252\/393
|move|p2a: Latias|Calm Mind|p2a: Latias
|-boost|p2a: Latias|spa|1
|-boost|p2a: Latias|spd|1
|
|-heal|p1a: Clefable|276\/393|[from] item: Leftovers
|turn|28
|
|switch|p2a: Heatran|Heatran, F|226\/323
|-damage|p2a: Heatran|186\/323|[from] Stealth Rock
|move|p1a: Clefable|Calm Mind|p1a: Clefable
|-boost|p1a: Clefable|spa|1
|-boost|p1a: Clefable|spd|1
|
|-heal|p1a: Clefable|300\/393|[from] item: Leftovers
|turn|29
|
|move|p2a: Heatran|Flash Cannon|p1a: Clefable
|-supereffective|p1a: Clefable
|-damage|p1a: Clefable|66\/393
|move|p1a: Clefable|Calm Mind|p1a: Clefable
|-boost|p1a: Clefable|spa|1
|-boost|p1a: Clefable|spd|1
|
|-heal|p1a: Clefable|90\/393|[from] item: Leftovers
|turn|30
|
|switch|p1a: Gliscor|Gliscor, F|237\/353 tox
|move|p2a: Heatran|Flash Cannon|p1a: Gliscor
|-damage|p1a: Gliscor|50\/353 tox
|
|-heal|p1a: Gliscor|94\/353 tox|[from] ability: Poison Heal
|turn|31
|
|move|p2a: Heatran|Flash Cannon|p1a: Gliscor
|-damage|p1a: Gliscor|0 fnt
|faint|p1a: Gliscor
|
|
|switch|p1a: Excadrill|Excadrill, M|424\/424
|-ability|p1a: Excadrill|Mold Breaker
|turn|32
|
|switch|p2a: Hippowdon|Hippowdon, M|394\/420
|-damage|p2a: Hippowdon|368\/420|[from] Stealth Rock
|-weather|Sandstorm
|move|p1a: Excadrill|Earthquake|p2a: Hippowdon
|-damage|p2a: Hippowdon|272\/420
|
|-weather|Sandstorm|[upkeep]
|turn|33
|
|move|p1a: Excadrill|Toxic|p2a: Hippowdon
|-status|p2a: Hippowdon|tox
|move|p2a: Hippowdon|Earthquake|p1a: Excadrill
|-supereffective|p1a: Excadrill
|-damage|p1a: Excadrill|44\/424
|
|-weather|Sandstorm|[upkeep]
|-heal|p1a: Excadrill|70\/424|[from] item: Leftovers
|-damage|p2a: Hippowdon|246\/420 tox|[from] psn
|turn|34
|
|move|p1a: Excadrill|Iron Head|p2a: Hippowdon
|-damage|p2a: Hippowdon|170\/420 tox
|move|p2a: Hippowdon|Earthquake|p1a: Excadrill
|-supereffective|p1a: Excadrill
|-damage|p1a: Excadrill|0 fnt
|faint|p1a: Excadrill
|
|-weather|Sandstorm|[upkeep]
|-damage|p2a: Hippowdon|118\/420 tox|[from] psn
|
|switch|p1a: Clefable|Clefable, M|90\/393
|turn|35
|
|switch|p2a: Heatran|Heatran, F|186\/323
|-damage|p2a: Heatran|146\/323|[from] Stealth Rock
|move|p1a: Clefable|Moonlight|p1a: Clefable
|-heal|p1a: Clefable|188\/393
|
|-weather|Sandstorm|[upkeep]
|-damage|p1a: Clefable|164\/393|[from] sandstorm
|-heal|p1a: Clefable|188\/393|[from] item: Leftovers
|turn|36
|-message|hreid5000 forfeited.
|
|win|zippleclopper
|raw|Ladder updating...
|leave|hreid5000
|player|p1
|raw|hreid5000's rating: 1448 &rarr; <strong>1427<\/strong><br \/>(-21 for losing)
|raw|zippleclopper's rating: 1434 &rarr; <strong>1455<\/strong><br \/>(+21 for winning)