|join|Reverb
|join|zippleclopper
|player|p1|Reverb|#reverb
|player|p2|zippleclopper|1
|gametype|singles
|gen|6
|tier|OU
|rated
|clearpoke
|poke|p1|Lopunny, M
|poke|p1|Clefable, F
|poke|p1|Tyranitar, F
|poke|p1|Keldeo
|poke|p1|Landorus-Therian, M
|poke|p1|Empoleon, M
|poke|p2|Togekiss, F
|poke|p2|Klefki, M
|poke|p2|Ferrothorn, F
|poke|p2|Jellicent, F
|poke|p2|Ampharos, M
|poke|p2|Quagsire, M
|rule|Swagger Clause: Swagger is banned
|rule|Baton Pass Clause: Limit one PokÃ©mon knowing Baton Pass
|rule|Sleep Clause Mod: Limit one foe put to sleep
|rule|Species Clause: Limit one of each PokÃ©mon
|rule|OHKO Clause: OHKO moves are banned
|rule|Moody Clause: Moody is banned
|rule|Evasion Moves Clause: Evasion moves are banned
|rule|Endless Battle Clause: Forcing endless battles is banned
|rule|HP Percentage Mod: HP is shown in percentages
|teampreview
|join|Ox the Box
|join|yuy
|join|squirrelll
|join|A2tehBR
|join|WECAMEASROMANS
|join|lil manaphy
|join|Ninety Nine
|join|Arcanine is Regal
|c| Ninety Nine|reverb sucks
|c| Ox the Box|inb4 lock
|c|âReverb|hf
|join|Dragonite VII
|c|âzippleclopper|u2
|c| Dragonite VII|this looks
|c| Dragonite VII|disgusting
|
|start
|switch|p1a: Clefable|Clefable, F|394\/394
|switch|p2a: Jellicent|Jellicent, F|404\/404
|turn|1
|c| A2tehBR|he aint breaking shit
|
|switch|p1a: Empoleon|Empoleon, M|371\/371
|move|p2a: Jellicent|Taunt|p1a: Empoleon
|-start|p1a: Empoleon|move: Taunt
|
|turn|2
|c| A2tehBR|ah
|c| lil manaphy|jelly
|c| lil manaphy|sweep
|
|switch|p1a: Clefable|Clefable, F|394\/394
|move|p2a: Jellicent|Will-O-Wisp|p1a: Clefable
|-status|p1a: Clefable|brn
|
|turn|3
|
|move|p2a: Jellicent|Taunt|p1a: Clefable
|-start|p1a: Clefable|move: Taunt
|move|p1a: Clefable|Moonblast|p2a: Jellicent
|-damage|p2a: Jellicent|316\/404
|
|-heal|p2a: Jellicent|341\/404|[from] item: Leftovers
|turn|4
|c| Ox the Box|is this a squirrel team
|c| lil manaphy|who cares
|c| lil manaphy|about
|c| lil manaphy|stallbreaker mew
|
|move|p2a: Jellicent|Scald|p1a: Clefable
|-damage|p1a: Clefable|319\/394 brn
|move|p1a: Clefable|Moonblast|p2a: Jellicent
|-damage|p2a: Jellicent|253\/404
|
|-heal|p2a: Jellicent|278\/404|[from] item: Leftovers
|-heal|p1a: Clefable|343\/394 brn|[from] item: Leftovers
|turn|5
|c| Dragonite VII|yeah holy shit
|
|move|p2a: Jellicent|Scald|p1a: Clefable
|-damage|p1a: Clefable|274\/394 brn
|move|p1a: Clefable|Moonblast|p2a: Jellicent
|-damage|p2a: Jellicent|200\/404
|
|-heal|p2a: Jellicent|225\/404|[from] item: Leftovers
|-heal|p1a: Clefable|298\/394 brn|[from] item: Leftovers
|-end|p1a: Clefable|move: Taunt
|turn|6
|join|gizmo
|c| Dragonite VII|mew would just win lol
|c|âReverb|n
|
|switch|p1a: Tyranitar|Tyranitar, F|383\/383
|-weather|Sandstorm
|move|p2a: Jellicent|Scald|p1a: Tyranitar
|-supereffective|p1a: Tyranitar
|-damage|p1a: Tyranitar|273\/383
|-status|p1a: Tyranitar|brn
|
|-weather|Sandstorm|[upkeep]
|-damage|p2a: Jellicent|200\/404|[from] sandstorm
|-heal|p2a: Jellicent|225\/404|[from] item: Leftovers
|-damage|p1a: Tyranitar|226\/383 brn|[from] brn
|turn|7
|c| A2tehBR|owned
|c| gizmo|rip
|c| A2tehBR|gg
|
|move|p1a: Tyranitar|Crunch|p2a: Jellicent
|-supereffective|p2a: Jellicent
|-damage|p2a: Jellicent|0 fnt
|faint|p2a: Jellicent
|
|-weather|Sandstorm|[upkeep]
|-damage|p1a: Tyranitar|179\/383 brn|[from] brn
|c| A2tehBR|rip
|c| A2tehBR|he stayed in
|c| A2tehBR|keld won
|
|switch|p2a: Togekiss|Togekiss, F|373\/373
|turn|8
|c| lil manaphy|nah togekiss has this
|leave|A2tehBR
|join|TheJFrenzy1
|c| lil manaphy|just needs to get rid of lando
|join|Bloodz
|
|switch|p2a: Ferrothorn|Ferrothorn, F|352\/352
|switch|p1a: Landorus-Therian|Landorus-Therian, M|327\/327
|-ability|p1a: Landorus-Therian|Intimidate|[of] p2a: Ferrothorn
|-unboost|p2a: Ferrothorn|atk|1
|
|-weather|Sandstorm|[upkeep]
|turn|9
|c| Ox the Box|sigh
|c| Ox the Box|too good
|
|switch|p1a: Clefable|Clefable, F|298\/394 brn
|move|p2a: Ferrothorn|Stealth Rock|p1a: Clefable
|-sidestart|p1: Reverb|move: Stealth Rock
|
|-weather|Sandstorm|[upkeep]
|-heal|p1a: Clefable|322\/394 brn|[from] item: Leftovers
|turn|10
|
|switch|p1a: Empoleon|Empoleon, M|371\/371
|-damage|p1a: Empoleon|348\/371|[from] Stealth Rock
|switch|p2a: Quagsire|Quagsire, M|394\/394
|
|-weather|none
|-heal|p1a: Empoleon|371\/371|[from] item: Leftovers
|turn|11
|c| WECAMEASROMANS|reverb can you give me a shout out in your POTW please?
|c| gizmo|you got one?
|
|switch|p2a: Ampharos|Ampharos, M|384\/384
|move|p1a: Empoleon|Defog|p2a: Ampharos
|-unboost|p2a: Ampharos|evasion|1
|-sideend|p1: Reverb|Stealth Rock|[from] move: Defog|[of] p1a: Empoleon
|
|turn|12
|c|âReverb|lol
|c| gizmo|I thought c1one was doing tour players first
|c| gizmo|then ladder
|c| gizmo|did that nigga skip tele
|join|Mystialized
|
|switch|p1a: Landorus-Therian|Landorus-Therian, M|327\/327
|-ability|p1a: Landorus-Therian|Intimidate|[of] p2a: Ampharos
|-unboost|p2a: Ampharos|atk|1
|detailschange|p2a: Ampharos|Ampharos-Mega, M
|-mega|p2a: Ampharos|Ampharos|Ampharosite
|-ability|p2a: Ampharos|Mold Breaker
|move|p2a: Ampharos|Dragon Pulse|p1a: Landorus-Therian
|-damage|p1a: Landorus-Therian|147\/327
|
|turn|13
|c| lil manaphy|reverb why are you still using emp when greninja is gone
|c| gizmo|well
|c| gizmo|tele is ladder
|leave|Mystialized
|join|unity chuggarules
|join|Alkov
|
|switch|p2a: Ferrothorn|Ferrothorn, F|352\/352
|move|p1a: Landorus-Therian|U-turn|p2a: Ferrothorn
|-damage|p2a: Ferrothorn|288\/352
|-damage|p1a: Landorus-Therian|107\/327|[from] ability: Iron Barbs|[of] p2a: Ferrothorn
|
|switch|p1a: Clefable|Clefable, F|322\/394 brn
|
|-heal|p1a: Clefable|346\/394 brn|[from] item: Leftovers
|-heal|p2a: Ferrothorn|310\/352|[from] item: Leftovers
|turn|14
|
|switch|p2a: Quagsire|Quagsire, M|394\/394
|move|p1a: Clefable|Flamethrower|p2a: Quagsire
|-resisted|p2a: Quagsire
|-damage|p2a: Quagsire|348\/394
|
|-heal|p1a: Clefable|370\/394 brn|[from] item: Leftovers
|-heal|p2a: Quagsire|372\/394|[from] item: Leftovers
|turn|15
|
|switch|p2a: Ampharos|Ampharos-Mega, M|384\/384
|-ability|p2a: Ampharos|Mold Breaker
|move|p1a: Clefable|Calm Mind|p1a: Clefable
|-boost|p1a: Clefable|spa|1
|-boost|p1a: Clefable|spd|1
|
|-heal|p1a: Clefable|394\/394 brn|[from] item: Leftovers
|turn|16
|
|switch|p2a: Quagsire|Quagsire, M|372\/394
|move|p1a: Clefable|Moonblast|p2a: Quagsire
|-damage|p2a: Quagsire|222\/394
|
|-heal|p2a: Quagsire|246\/394|[from] item: Leftovers
|turn|17
|join|habajiga
|
|move|p1a: Clefable|Flamethrower|p2a: Quagsire
|-resisted|p2a: Quagsire
|-damage|p2a: Quagsire|200\/394
|move|p2a: Quagsire|Recover|p2a: Quagsire
|-heal|p2a: Quagsire|394\/394
|
|turn|18
|
|move|p1a: Clefable|Flamethrower|p2a: Quagsire
|-resisted|p2a: Quagsire
|-damage|p2a: Quagsire|342\/394
|move|p2a: Quagsire|Curse|p2a: Quagsire
|-boost|p2a: Quagsire|atk|1
|-boost|p2a: Quagsire|def|1
|-unboost|p2a: Quagsire|spe|1
|
|-heal|p2a: Quagsire|366\/394|[from] item: Leftovers
|turn|19
|join|iplaytennislol
|join|Yuttt.annual
|
|switch|p1a: Empoleon|Empoleon, M|371\/371
|move|p2a: Quagsire|Waterfall|p1a: Empoleon
|-resisted|p1a: Empoleon
|-damage|p1a: Empoleon|323\/371
|
|-heal|p1a: Empoleon|346\/371|[from] item: Leftovers
|-heal|p2a: Quagsire|390\/394|[from] item: Leftovers
|turn|20
|
|switch|p2a: Togekiss|Togekiss, F|373\/373
|move|p1a: Empoleon|Stealth Rock|p2a: Togekiss
|-sidestart|p2: zippleclopper|move: Stealth Rock
|
|-heal|p1a: Empoleon|369\/371|[from] item: Leftovers
|turn|21
|join|anchorage
|
|move|p2a: Togekiss|Air Slash|p1a: Empoleon
|-resisted|p1a: Empoleon
|-damage|p1a: Empoleon|322\/371
|move|p1a: Empoleon|Scald|p2a: Togekiss
|-damage|p2a: Togekiss|289\/373
|-status|p2a: Togekiss|brn
|
|-heal|p2a: Togekiss|312\/373 brn|[from] item: Leftovers
|-heal|p1a: Empoleon|345\/371|[from] item: Leftovers
|-damage|p2a: Togekiss|266\/373 brn|[from] brn
|turn|22
|
|move|p2a: Togekiss|Heal Bell|p2a: Togekiss
|-cureteam|p2a: Togekiss|[from] move: HealBell
|move|p1a: Empoleon|Scald|p2a: Togekiss
|-damage|p2a: Togekiss|173\/373
|
|-heal|p2a: Togekiss|196\/373|[from] item: Leftovers
|-heal|p1a: Empoleon|368\/371|[from] item: Leftovers
|turn|23
|leave|gizmo
|
|switch|p1a: Landorus-Therian|Landorus-Therian, M|107\/327
|-ability|p1a: Landorus-Therian|Intimidate|[of] p2a: Togekiss
|-unboost|p2a: Togekiss|atk|1
|move|p2a: Togekiss|Roost|p2a: Togekiss
|-heal|p2a: Togekiss|373\/373
|
|turn|24
|
|switch|p2a: Ferrothorn|Ferrothorn, F|310\/352
|-damage|p2a: Ferrothorn|288\/352|[from] Stealth Rock
|move|p1a: Landorus-Therian|Stone Edge|p2a: Ferrothorn|[miss]
|-miss|p1a: Landorus-Therian|p2a: Ferrothorn
|
|-heal|p2a: Ferrothorn|310\/352|[from] item: Leftovers
|turn|25
|join|gobosox
|leave|gobosox
|join|gyarad0site
|join|hilarious
|leave|hilarious
|
|switch|p1a: Empoleon|Empoleon, M|368\/371
|move|p2a: Ferrothorn|Stealth Rock|p1a: Empoleon
|-sidestart|p1: Reverb|move: Stealth Rock
|
|-heal|p1a: Empoleon|371\/371|[from] item: Leftovers
|-heal|p2a: Ferrothorn|332\/352|[from] item: Leftovers
|turn|26
|
|switch|p1a: Clefable|Clefable, F|394\/394 brn
|move|p2a: Ferrothorn|Leech Seed|p1a: Clefable
|-start|p1a: Clefable|move: Leech Seed
|
|-heal|p2a: Ferrothorn|352\/352|[from] item: Leftovers
|turn|27
|join|Captain Bravo
|
|switch|p2a: Togekiss|Togekiss, F|373\/373
|-damage|p2a: Togekiss|280\/373|[from] Stealth Rock
|move|p1a: Clefable|Flamethrower|p2a: Togekiss
|-damage|p2a: Togekiss|219\/373
|
|-heal|p2a: Togekiss|242\/373|[from] item: Leftovers
|turn|28
|
|move|p2a: Togekiss|Nasty Plot|p2a: Togekiss
|-boost|p2a: Togekiss|spa|2
|move|p1a: Clefable|Calm Mind|p1a: Clefable
|-boost|p1a: Clefable|spa|1
|-boost|p1a: Clefable|spd|1
|
|-heal|p2a: Togekiss|265\/373|[from] item: Leftovers
|turn|29
|
|move|p2a: Togekiss|Air Slash|p1a: Clefable
|-damage|p1a: Clefable|279\/394 brn
|move|p1a: Clefable|Moonblast|p2a: Togekiss
|-crit|p2a: Togekiss
|-damage|p2a: Togekiss|55\/373
|
|-heal|p2a: Togekiss|78\/373|[from] item: Leftovers
|-heal|p1a: Clefable|303\/394 brn|[from] item: Leftovers
|turn|30
|c| Ox the Box|hax
|
|move|p2a: Togekiss|Roost|p2a: Togekiss
|-heal|p2a: Togekiss|265\/373
|move|p1a: Clefable|Moonblast|p2a: Togekiss
|-damage|p2a: Togekiss|123\/373
|-unboost|p2a: Togekiss|spa|1
|
|-heal|p2a: Togekiss|146\/373|[from] item: Leftovers
|-heal|p1a: Clefable|327\/394 brn|[from] item: Leftovers
|turn|31
|join|gobosox
|
|move|p2a: Togekiss|Air Slash|p1a: Clefable
|-damage|p1a: Clefable|236\/394 brn
|cant|p1a: Clefable|flinch
|
|-heal|p2a: Togekiss|169\/373|[from] item: Leftovers
|-heal|p1a: Clefable|260\/394 brn|[from] item: Leftovers
|turn|32
|leave|WECAMEASROMANS
|c| iplaytennislol|;_;
|
|move|p2a: Togekiss|Air Slash|p1a: Clefable
|-damage|p1a: Clefable|164\/394 brn
|cant|p1a: Clefable|flinch
|
|-heal|p2a: Togekiss|192\/373|[from] item: Leftovers
|-heal|p1a: Clefable|188\/394 brn|[from] item: Leftovers
|turn|33
|
|switch|p1a: Empoleon|Empoleon, M|371\/371
|-damage|p1a: Empoleon|348\/371|[from] Stealth Rock
|move|p2a: Togekiss|Air Slash|p1a: Empoleon
|-resisted|p1a: Empoleon
|-damage|p1a: Empoleon|276\/371
|
|-heal|p2a: Togekiss|215\/373|[from] item: Leftovers
|-heal|p1a: Empoleon|299\/371|[from] item: Leftovers
|turn|34
|
|move|p2a: Togekiss|Nasty Plot|p2a: Togekiss
|-boost|p2a: Togekiss|spa|2
|move|p1a: Empoleon|Defog|p2a: Togekiss
|-unboost|p2a: Togekiss|evasion|1
|-sideend|p2: zippleclopper|Stealth Rock|[from] move: Defog|[of] p2a: Togekiss
|-sideend|p1: Reverb|Stealth Rock|[from] move: Defog|[of] p1a: Empoleon
|
|-heal|p2a: Togekiss|238\/373|[from] item: Leftovers
|-heal|p1a: Empoleon|322\/371|[from] item: Leftovers
|turn|35
|join|Demandred
|c| lil manaphy|yikes...
|
|switch|p1a: Tyranitar|Tyranitar, F|179\/383 brn
|-weather|Sandstorm
|move|p2a: Togekiss|Air Slash|p1a: Tyranitar
|-crit|p1a: Tyranitar
|-resisted|p1a: Tyranitar
|-damage|p1a: Tyranitar|50\/383 brn
|
|-weather|Sandstorm|[upkeep]
|-damage|p2a: Togekiss|215\/373|[from] sandstorm
|-heal|p2a: Togekiss|238\/373|[from] item: Leftovers
|-damage|p1a: Tyranitar|3\/383 brn|[from] brn
|turn|36
|c| iplaytennislol|the tele and reverb slayer ;_;
|leave|TheJFrenzy1
|leave|Bloodz
|join|42tbbfwe
|
|move|p2a: Togekiss|Air Slash|p1a: Tyranitar
|-resisted|p1a: Tyranitar
|-damage|p1a: Tyranitar|0 fnt
|faint|p1a: Tyranitar
|
|-weather|Sandstorm|[upkeep]
|-damage|p2a: Togekiss|215\/373|[from] sandstorm
|-heal|p2a: Togekiss|238\/373|[from] item: Leftovers
|
|switch|p1a: Lopunny|Lopunny, M|271\/271
|turn|37
|leave|gyarad0site
|join|tomi â¥ bello
|
|switch|p2a: Ferrothorn|Ferrothorn, F|352\/352
|detailschange|p1a: Lopunny|Lopunny-Mega, M
|-mega|p1a: Lopunny|Lopunny|Lopunnite
|move|p1a: Lopunny|Fake Out|p2a: Ferrothorn
|-resisted|p2a: Ferrothorn
|-damage|p2a: Ferrothorn|327\/352
|-damage|p1a: Lopunny|238\/271|[from] ability: Iron Barbs|[of] p2a: Ferrothorn
|
|-weather|Sandstorm|[upkeep]
|-damage|p1a: Lopunny|222\/271|[from] sandstorm
|-heal|p2a: Ferrothorn|349\/352|[from] item: Leftovers
|turn|38
|
|switch|p1a: Clefable|Clefable, F|188\/394 brn
|switch|p2a: Klefki|Klefki, M|318\/318
|
|-weather|Sandstorm|[upkeep]
|-heal|p1a: Clefable|212\/394 brn|[from] item: Leftovers
|turn|39
|
|move|p2a: Klefki|Flash Cannon|p1a: Clefable
|-supereffective|p1a: Clefable
|-damage|p1a: Clefable|68\/394 brn
|move|p1a: Clefable|Soft-Boiled|p1a: Clefable
|-heal|p1a: Clefable|265\/394 brn
|
|-weather|none
|-heal|p1a: Clefable|289\/394 brn|[from] item: Leftovers
|turn|40
|
|switch|p1a: Empoleon|Empoleon, M|322\/371
|move|p2a: Klefki|Spikes|p1a: Empoleon
|-sidestart|p1: Reverb|Spikes
|
|-heal|p1a: Empoleon|345\/371|[from] item: Leftovers
|turn|41
|
|switch|p2a: Ampharos|Ampharos-Mega, M|384\/384
|-ability|p2a: Ampharos|Mold Breaker
|move|p1a: Empoleon|Defog|p2a: Ampharos
|-unboost|p2a: Ampharos|evasion|1
|-sideend|p1: Reverb|Spikes|[from] move: Defog|[of] p1a: Empoleon
|
|-heal|p1a: Empoleon|368\/371|[from] item: Leftovers
|turn|42
|
|move|p1a: Empoleon|Stealth Rock|p2a: Ampharos
|-sidestart|p2: zippleclopper|move: Stealth Rock
|move|p2a: Ampharos|Dragon Pulse|p1a: Empoleon
|-resisted|p1a: Empoleon
|-damage|p1a: Empoleon|293\/371
|
|-heal|p1a: Empoleon|316\/371|[from] item: Leftovers
|turn|43
|join|I Iike Squirtles
|
|switch|p1a: Landorus-Therian|Landorus-Therian, M|107\/327
|-ability|p1a: Landorus-Therian|Intimidate|[of] p2a: Ampharos
|-unboost|p2a: Ampharos|atk|1
|move|p2a: Ampharos|Volt Switch|p1a: Landorus-Therian
|-immune|p1a: Landorus-Therian|[msg]
|
|turn|44
|
|switch|p1a: Clefable|Clefable, F|289\/394 brn
|switch|p2a: Ferrothorn|Ferrothorn, F|349\/352
|-damage|p2a: Ferrothorn|327\/352|[from] Stealth Rock
|
|-heal|p1a: Clefable|313\/394 brn|[from] item: Leftovers
|-heal|p2a: Ferrothorn|349\/352|[from] item: Leftovers
|turn|45
|
|switch|p2a: Togekiss|Togekiss, F|238\/373
|-damage|p2a: Togekiss|145\/373|[from] Stealth Rock
|move|p1a: Clefable|Flamethrower|p2a: Togekiss
|-damage|p2a: Togekiss|87\/373
|
|-heal|p2a: Togekiss|110\/373|[from] item: Leftovers
|-heal|p1a: Clefable|337\/394 brn|[from] item: Leftovers
|turn|46
|
|move|p2a: Togekiss|Roost|p2a: Togekiss
|-heal|p2a: Togekiss|297\/373
|move|p1a: Clefable|Calm Mind|p1a: Clefable
|-boost|p1a: Clefable|spa|1
|-boost|p1a: Clefable|spd|1
|
|-heal|p2a: Togekiss|320\/373|[from] item: Leftovers
|-heal|p1a: Clefable|361\/394 brn|[from] item: Leftovers
|turn|47
|join|SilverReaper21
|
|move|p2a: Togekiss|Nasty Plot|p2a: Togekiss
|-boost|p2a: Togekiss|spa|2
|move|p1a: Clefable|Moonblast|p2a: Togekiss
|-damage|p2a: Togekiss|179\/373
|
|-heal|p2a: Togekiss|202\/373|[from] item: Leftovers
|-heal|p1a: Clefable|385\/394 brn|[from] item: Leftovers
|turn|48
|
|move|p2a: Togekiss|Air Slash|p1a: Clefable
|-crit|p1a: Clefable
|-damage|p1a: Clefable|103\/394 brn
|move|p1a: Clefable|Moonblast|p2a: Togekiss
|-damage|p2a: Togekiss|67\/373
|-unboost|p2a: Togekiss|spa|1
|
|-heal|p2a: Togekiss|90\/373|[from] item: Leftovers
|-heal|p1a: Clefable|127\/394 brn|[from] item: Leftovers
|turn|49
|join|Dad's Dad
|
|move|p2a: Togekiss|Roost|p2a: Togekiss
|-heal|p2a: Togekiss|277\/373
|move|p1a: Clefable|Soft-Boiled|p1a: Clefable
|-heal|p1a: Clefable|324\/394 brn
|
|-heal|p2a: Togekiss|300\/373|[from] item: Leftovers
|-heal|p1a: Clefable|348\/394 brn|[from] item: Leftovers
|turn|50
|
|switch|p1a: Empoleon|Empoleon, M|316\/371
|move|p2a: Togekiss|Nasty Plot|p2a: Togekiss
|-boost|p2a: Togekiss|spa|2
|
|-heal|p2a: Togekiss|323\/373|[from] item: Leftovers
|-heal|p1a: Empoleon|339\/371|[from] item: Leftovers
|turn|51
|leave|Dad's Dad
|
|move|p2a: Togekiss|Air Slash|p1a: Empoleon
|-crit|p1a: Empoleon
|-resisted|p1a: Empoleon
|-damage|p1a: Empoleon|143\/371
|cant|p1a: Empoleon|flinch
|
|-heal|p2a: Togekiss|346\/373|[from] item: Leftovers
|-heal|p1a: Empoleon|166\/371|[from] item: Leftovers
|turn|52
|c| Ox the Box|lol
|
|move|p2a: Togekiss|Air Slash|p1a: Empoleon
|-resisted|p1a: Empoleon
|-damage|p1a: Empoleon|55\/371
|move|p1a: Empoleon|Scald|p2a: Togekiss
|-damage|p2a: Togekiss|208\/373
|-status|p2a: Togekiss|brn
|
|-heal|p2a: Togekiss|231\/373 brn|[from] item: Leftovers
|-heal|p1a: Empoleon|78\/371|[from] item: Leftovers
|-damage|p2a: Togekiss|185\/373 brn|[from] brn
|turn|53
|
|move|p2a: Togekiss|Heal Bell|p2a: Togekiss
|-cureteam|p2a: Togekiss|[from] move: HealBell
|move|p1a: Empoleon|Roar|p2a: Togekiss
|drag|p2a: Quagsire|Quagsire, M|390\/394
|-damage|p2a: Quagsire|366\/394|[from] Stealth Rock
|
|-heal|p1a: Empoleon|101\/371|[from] item: Leftovers
|-heal|p2a: Quagsire|390\/394|[from] item: Leftovers
|turn|54
|
|switch|p2a: Ampharos|Ampharos-Mega, M|384\/384
|-damage|p2a: Ampharos|336\/384|[from] Stealth Rock
|-ability|p2a: Ampharos|Mold Breaker
|move|p1a: Empoleon|Scald|p2a: Ampharos
|-resisted|p2a: Ampharos
|-damage|p2a: Ampharos|264\/384
|
|-heal|p1a: Empoleon|124\/371|[from] item: Leftovers
|turn|55
|join|The Goomy
|
|switch|p1a: Landorus-Therian|Landorus-Therian, M|107\/327
|-ability|p1a: Landorus-Therian|Intimidate|[of] p2a: Ampharos
|-unboost|p2a: Ampharos|atk|1
|move|p2a: Ampharos|Dragon Pulse|p1a: Landorus-Therian
|-damage|p1a: Landorus-Therian|0 fnt
|faint|p1a: Landorus-Therian
|
|
|switch|p1a: Lopunny|Lopunny-Mega, M|222\/271
|turn|56
|join|Bearidgt
|join|xastify
|join|YOUR TRUE POWER
|leave|YOUR TRUE POWER
|join|mouse de frank
|leave|mouse de frank
|
|switch|p2a: Quagsire|Quagsire, M|390\/394
|-damage|p2a: Quagsire|366\/394|[from] Stealth Rock
|move|p1a: Lopunny|Fake Out|p2a: Quagsire
|-damage|p2a: Quagsire|305\/394
|
|-heal|p2a: Quagsire|329\/394|[from] item: Leftovers
|turn|57
|
|switch|p2a: Togekiss|Togekiss, F|185\/373
|-damage|p2a: Togekiss|92\/373|[from] Stealth Rock
|move|p1a: Lopunny|High Jump Kick|p2a: Togekiss
|-resisted|p2a: Togekiss
|-damage|p2a: Togekiss|32\/373
|
|-heal|p2a: Togekiss|55\/373|[from] item: Leftovers
|turn|58
|join|DMT
|
|move|p1a: Lopunny|Return|p2a: Togekiss
|-damage|p2a: Togekiss|0 fnt
|faint|p2a: Togekiss
|
|c| iplaytennislol|hi DMT
|c|+DMT|hi
|
|switch|p2a: Klefki|Klefki, M|318\/318
|-damage|p2a: Klefki|299\/318|[from] Stealth Rock
|turn|59
|
|switch|p1a: Empoleon|Empoleon, M|124\/371
|move|p2a: Klefki|Spikes|p1a: Empoleon
|-sidestart|p1: Reverb|Spikes
|
|-heal|p2a: Klefki|318\/318|[from] item: Leftovers
|-heal|p1a: Empoleon|147\/371|[from] item: Leftovers
|turn|60
|
|move|p2a: Klefki|Thunder Wave|p1a: Empoleon
|-status|p1a: Empoleon|par
|cant|p1a: Empoleon|par
|
|-heal|p1a: Empoleon|170\/371 par|[from] item: Leftovers
|turn|61
|
|switch|p2a: Ampharos|Ampharos-Mega, M|264\/384
|-damage|p2a: Ampharos|216\/384|[from] Stealth Rock
|-ability|p2a: Ampharos|Mold Breaker
|move|p1a: Empoleon|Scald|p2a: Ampharos
|-resisted|p2a: Ampharos
|-damage|p2a: Ampharos|168\/384
|
|-heal|p1a: Empoleon|193\/371 par|[from] item: Leftovers
|turn|62
|c| Yuttt.annual|why is
|c| Yuttt.annual|togekiss
|c| Yuttt.annual|dead
|c| Yuttt.annual|;-;
|
|switch|p1a: Clefable|Clefable, F|348\/394 brn
|move|p2a: Ampharos|Volt Switch|p1a: Clefable
|-damage|p1a: Clefable|227\/394 brn
|
|switch|p2a: Quagsire|Quagsire, M|329\/394
|-damage|p2a: Quagsire|305\/394|[from] Stealth Rock
|
|-heal|p1a: Clefable|251\/394 brn|[from] item: Leftovers
|-heal|p2a: Quagsire|329\/394|[from] item: Leftovers
|turn|63
|join|Professional 01
|
|move|p1a: Clefable|Soft-Boiled|p1a: Clefable
|-heal|p1a: Clefable|394\/394 brn
|move|p2a: Quagsire|Curse|p2a: Quagsire
|-boost|p2a: Quagsire|atk|1
|-boost|p2a: Quagsire|def|1
|-unboost|p2a: Quagsire|spe|1
|
|-heal|p2a: Quagsire|353\/394|[from] item: Leftovers
|turn|64
|join|THEiTodd
|join|FrozenCold
|
|switch|p1a: Keldeo|Keldeo|323\/323
|-damage|p1a: Keldeo|283\/323|[from] Spikes
|move|p2a: Quagsire|Waterfall|p1a: Keldeo
|-resisted|p1a: Keldeo
|-damage|p1a: Keldeo|217\/323
|
|-heal|p2a: Quagsire|377\/394|[from] item: Leftovers
|turn|65
|leave|FrozenCold
|
|switch|p2a: Ferrothorn|Ferrothorn, F|349\/352
|-damage|p2a: Ferrothorn|327\/352|[from] Stealth Rock
|move|p1a: Keldeo|Secret Sword|p2a: Ferrothorn
|-crit|p2a: Ferrothorn
|-supereffective|p2a: Ferrothorn
|-damage|p2a: Ferrothorn|0 fnt
|faint|p2a: Ferrothorn
|
|
|switch|p2a: Klefki|Klefki, M|318\/318
|-damage|p2a: Klefki|299\/318|[from] Stealth Rock
|turn|66
|
|switch|p1a: Empoleon|Empoleon, M|193\/371 par
|-damage|p1a: Empoleon|147\/371 par|[from] Spikes
|move|p2a: Klefki|Spikes|p1a: Empoleon
|-sidestart|p1: Reverb|Spikes
|
|-heal|p2a: Klefki|318\/318|[from] item: Leftovers
|-heal|p1a: Empoleon|170\/371 par|[from] item: Leftovers
|turn|67
|
|move|p2a: Klefki|Spikes|p1a: Empoleon
|-sidestart|p1: Reverb|Spikes
|move|p1a: Empoleon|Scald|p2a: Klefki
|-damage|p2a: Klefki|225\/318
|
|-heal|p2a: Klefki|244\/318|[from] item: Leftovers
|-heal|p1a: Empoleon|193\/371 par|[from] item: Leftovers
|turn|68
|c| unity chuggarules|it is not dead
|
|move|p2a: Klefki|Dazzling Gleam|p1a: Empoleon
|-resisted|p1a: Empoleon
|-damage|p1a: Empoleon|154\/371 par
|move|p1a: Empoleon|Scald|p2a: Klefki
|-damage|p2a: Klefki|157\/318
|
|-heal|p2a: Klefki|176\/318|[from] item: Leftovers
|-heal|p1a: Empoleon|177\/371 par|[from] item: Leftovers
|turn|69
|c| unity chuggarules|it is fainted
|
|move|p2a: Klefki|Dazzling Gleam|p1a: Empoleon
|-resisted|p1a: Empoleon
|-damage|p1a: Empoleon|142\/371 par
|cant|p1a: Empoleon|par
|
|-heal|p2a: Klefki|195\/318|[from] item: Leftovers
|-heal|p1a: Empoleon|165\/371 par|[from] item: Leftovers
|turn|70
|join|aVeryBraveBird
|
|switch|p2a: Ampharos|Ampharos-Mega, M|168\/384
|-damage|p2a: Ampharos|120\/384|[from] Stealth Rock
|-ability|p2a: Ampharos|Mold Breaker
|move|p1a: Empoleon|Scald|p2a: Ampharos
|-resisted|p2a: Ampharos
|-damage|p2a: Ampharos|72\/384
|
|-heal|p1a: Empoleon|188\/371 par|[from] item: Leftovers
|turn|71
|
|switch|p1a: Clefable|Clefable, F|394\/394 brn
|move|p2a: Ampharos|Volt Switch|p1a: Clefable
|-damage|p1a: Clefable|285\/394 brn
|leave|Bearidgt
|c| Yuttt.annual|man
|c| Yuttt.annual|i play nuzlocks
|c| Yuttt.annual|dont EVEN
|c| Yuttt.annual|star
|c| Yuttt.annual|t
|
|switch|p2a: Quagsire|Quagsire, M|377\/394
|-damage|p2a: Quagsire|353\/394|[from] Stealth Rock
|
|-heal|p1a: Clefable|309\/394 brn|[from] item: Leftovers
|-heal|p2a: Quagsire|377\/394|[from] item: Leftovers
|turn|72
|c| SilverReaper21|lmao
|c| Yuttt.annual|FUCK you guys
|c| Yuttt.annual|killing pokemon for fun
|c| Yuttt.annual|you MONSTERS
|leave|lil manaphy
|c| Yuttt.annual|I lost my darumaka
|c| Yuttt.annual|to this random ass pokemon
|c| Yuttt.annual|also my Krookorok died
|c| Yuttt.annual|to a fucking flame burst
|c| Yuttt.annual|WTF
|
|switch|p1a: Empoleon|Empoleon, M|188\/371 par
|-damage|p1a: Empoleon|96\/371 par|[from] Spikes
|switch|p2a: Klefki|Klefki, M|195\/318
|-damage|p2a: Klefki|176\/318|[from] Stealth Rock
|
|-heal|p2a: Klefki|195\/318|[from] item: Leftovers
|-heal|p1a: Empoleon|119\/371 par|[from] item: Leftovers
|turn|73
|c| Yuttt.annual|I DIDNT KNOW
|c| Yuttt.annual|FLAME BURST
|c| Yuttt.annual|HITS ADJACENT POKEMON
|c| Yuttt.annual|TOO
|
|move|p2a: Klefki|Dazzling Gleam|p1a: Empoleon
|-resisted|p1a: Empoleon
|-damage|p1a: Empoleon|81\/371 par
|move|p1a: Empoleon|Defog|p2a: Klefki
|-unboost|p2a: Klefki|evasion|1
|-sideend|p2: zippleclopper|Stealth Rock|[from] move: Defog|[of] p2a: Klefki
|-sideend|p1: Reverb|Spikes|[from] move: Defog|[of] p1a: Empoleon
|
|-heal|p2a: Klefki|214\/318|[from] item: Leftovers
|-heal|p1a: Empoleon|104\/371 par|[from] item: Leftovers
|turn|74
|c| Yuttt.annual|WHAT THE FUCK MAN
|c| Yuttt.annual|WHAT THE FUCK LITWICK
|c| Ox the Box|looool
|
|move|p2a: Klefki|Spikes|p1a: Empoleon
|-sidestart|p1: Reverb|Spikes
|move|p1a: Empoleon|Scald|p2a: Klefki
|-damage|p2a: Klefki|81\/318
|-status|p2a: Klefki|brn
|
|-heal|p2a: Klefki|100\/318 brn|[from] item: Leftovers
|-heal|p1a: Empoleon|127\/371 par|[from] item: Leftovers
|-damage|p2a: Klefki|61\/318 brn|[from] brn
|turn|75
|
|move|p2a: Klefki|Spikes|p1a: Empoleon
|-sidestart|p1: Reverb|Spikes
|move|p1a: Empoleon|Defog|p2a: Klefki
|-unboost|p2a: Klefki|evasion|1
|-sideend|p1: Reverb|Spikes|[from] move: Defog|[of] p1a: Empoleon
|
|-heal|p2a: Klefki|80\/318 brn|[from] item: Leftovers
|-heal|p1a: Empoleon|150\/371 par|[from] item: Leftovers
|-damage|p2a: Klefki|41\/318 brn|[from] brn
|turn|76
|
|move|p2a: Klefki|Spikes|p1a: Empoleon
|-sidestart|p1: Reverb|Spikes
|cant|p1a: Empoleon|par
|
|-heal|p2a: Klefki|60\/318 brn|[from] item: Leftovers
|-heal|p1a: Empoleon|173\/371 par|[from] item: Leftovers
|-damage|p2a: Klefki|21\/318 brn|[from] brn
|turn|77
|
|switch|p2a: Ampharos|Ampharos-Mega, M|72\/384
|-ability|p2a: Ampharos|Mold Breaker
|cant|p1a: Empoleon|par
|
|-heal|p1a: Empoleon|196\/371 par|[from] item: Leftovers
|turn|78
|
|switch|p1a: Clefable|Clefable, F|309\/394 brn
|move|p2a: Ampharos|Volt Switch|p1a: Clefable
|-damage|p1a: Clefable|198\/394 brn
|
|switch|p2a: Quagsire|Quagsire, M|377\/394
|
|-heal|p1a: Clefable|222\/394 brn|[from] item: Leftovers
|-heal|p2a: Quagsire|394\/394|[from] item: Leftovers
|turn|79
|leave|Ox the Box
|
|switch|p1a: Empoleon|Empoleon, M|196\/371 par
|-damage|p1a: Empoleon|150\/371 par|[from] Spikes
|move|p2a: Quagsire|Curse|p2a: Quagsire
|-boost|p2a: Quagsire|atk|1
|-boost|p2a: Quagsire|def|1
|-unboost|p2a: Quagsire|spe|1
|
|-heal|p1a: Empoleon|173\/371 par|[from] item: Leftovers
|turn|80
|join|TheSkyAboveUs
|
|switch|p2a: Ampharos|Ampharos-Mega, M|72\/384
|-ability|p2a: Ampharos|Mold Breaker
|move|p1a: Empoleon|Defog|p2a: Ampharos
|-unboost|p2a: Ampharos|evasion|1
|-sideend|p1: Reverb|Spikes|[from] move: Defog|[of] p1a: Empoleon
|
|-heal|p1a: Empoleon|196\/371 par|[from] item: Leftovers
|turn|81
|leave|TheSkyAboveUs
|leave|Arcanine is Regal
|
|switch|p1a: Clefable|Clefable, F|222\/394 brn
|move|p2a: Ampharos|Volt Switch|p1a: Clefable
|-damage|p1a: Clefable|110\/394 brn
|leave|squirrelll
|
|switch|p2a: Quagsire|Quagsire, M|394\/394
|
|-heal|p1a: Clefable|134\/394 brn|[from] item: Leftovers
|turn|82
|
|move|p1a: Clefable|Soft-Boiled|p1a: Clefable
|-heal|p1a: Clefable|331\/394 brn
|move|p2a: Quagsire|Curse|p2a: Quagsire
|-boost|p2a: Quagsire|atk|1
|-boost|p2a: Quagsire|def|1
|-unboost|p2a: Quagsire|spe|1
|
|-heal|p1a: Clefable|355\/394 brn|[from] item: Leftovers
|turn|83
|c| unity chuggarules|i think reverb won
|
|switch|p1a: Empoleon|Empoleon, M|196\/371 par
|switch|p2a: Ampharos|Ampharos-Mega, M|72\/384
|-ability|p2a: Ampharos|Mold Breaker
|
|-heal|p1a: Empoleon|219\/371 par|[from] item: Leftovers
|turn|84
|leave|The Goomy
|
|switch|p1a: Clefable|Clefable, F|355\/394 brn
|move|p2a: Ampharos|Volt Switch|p1a: Clefable
|-damage|p1a: Clefable|241\/394 brn
|
|switch|p2a: Quagsire|Quagsire, M|394\/394
|
|-heal|p1a: Clefable|265\/394 brn|[from] item: Leftovers
|turn|85
|
|move|p1a: Clefable|Soft-Boiled|p1a: Clefable
|-heal|p1a: Clefable|394\/394 brn
|move|p2a: Quagsire|Curse|p2a: Quagsire
|-boost|p2a: Quagsire|atk|1
|-boost|p2a: Quagsire|def|1
|-unboost|p2a: Quagsire|spe|1
|
|turn|86
|
|switch|p1a: Empoleon|Empoleon, M|219\/371 par
|move|p2a: Quagsire|Curse|p2a: Quagsire
|-boost|p2a: Quagsire|atk|1
|-boost|p2a: Quagsire|def|1
|-unboost|p2a: Quagsire|spe|1
|
|-heal|p1a: Empoleon|242\/371 par|[from] item: Leftovers
|turn|87
|leave|THEiTodd
|
|move|p2a: Quagsire|Waterfall|p1a: Empoleon
|-resisted|p1a: Empoleon
|-damage|p1a: Empoleon|175\/371 par
|cant|p1a: Empoleon|par
|
|-heal|p1a: Empoleon|198\/371 par|[from] item: Leftovers
|turn|88
|
|move|p2a: Quagsire|Amnesia|p2a: Quagsire
|-boost|p2a: Quagsire|spd|2
|move|p1a: Empoleon|Stealth Rock|p2a: Quagsire
|-sidestart|p2: zippleclopper|move: Stealth Rock
|
|-heal|p1a: Empoleon|221\/371 par|[from] item: Leftovers
|turn|89
|
|move|p2a: Quagsire|Waterfall|p1a: Empoleon
|-resisted|p1a: Empoleon
|-damage|p1a: Empoleon|155\/371 par
|cant|p1a: Empoleon|par
|
|-heal|p1a: Empoleon|178\/371 par|[from] item: Leftovers
|turn|90
|leave|aVeryBraveBird
|c| iplaytennislol|stop fucking around with threats reverb!
|
|move|p2a: Quagsire|Waterfall|p1a: Empoleon
|-resisted|p1a: Empoleon
|-damage|p1a: Empoleon|105\/371 par
|move|p1a: Empoleon|Roar|p2a: Quagsire
|drag|p2a: Klefki|Klefki, M|21\/318 brn
|-damage|p2a: Klefki|2\/318 brn|[from] Stealth Rock
|
|-heal|p2a: Klefki|21\/318 brn|[from] item: Leftovers
|-heal|p1a: Empoleon|128\/371 par|[from] item: Leftovers
|-damage|p2a: Klefki|0 fnt|[from] brn
|faint|p2a: Klefki
|join|TheSkyAboveUs
|
|switch|p2a: Ampharos|Ampharos-Mega, M|72\/384
|-damage|p2a: Ampharos|24\/384|[from] Stealth Rock
|-ability|p2a: Ampharos|Mold Breaker
|turn|91
|leave|unity chuggarules
|
|switch|p1a: Lopunny|Lopunny-Mega, M|222\/271
|move|p2a: Ampharos|Volt Switch|p1a: Lopunny
|-damage|p1a: Lopunny|78\/271
|
|switch|p2a: Quagsire|Quagsire, M|394\/394
|-damage|p2a: Quagsire|370\/394|[from] Stealth Rock
|
|-heal|p2a: Quagsire|394\/394|[from] item: Leftovers
|turn|92
|
|move|p1a: Lopunny|Fake Out|p2a: Quagsire
|-damage|p2a: Quagsire|331\/394
|cant|p2a: Quagsire|flinch
|
|-heal|p2a: Quagsire|355\/394|[from] item: Leftovers
|turn|93
|
|move|p1a: Lopunny|High Jump Kick|p2a: Quagsire
|-damage|p2a: Quagsire|166\/394
|move|p2a: Quagsire|Amnesia|p2a: Quagsire
|-boost|p2a: Quagsire|spd|2
|
|-heal|p2a: Quagsire|190\/394|[from] item: Leftovers
|turn|94
|c| SilverReaper21|I swear if Quagsire wins this -.-
|
|move|p1a: Lopunny|High Jump Kick|p2a: Quagsire
|-damage|p2a: Quagsire|0 fnt
|faint|p2a: Quagsire
|
|c| gobosox|what's a zippleclopper
|c|âReverb|first one was a min roll
|
|switch|p2a: Ampharos|Ampharos-Mega, M|24\/384
|-damage|p2a: Ampharos|0 fnt|[from] Stealth Rock
|faint|p2a: Ampharos
|
|win|Reverb
|raw|Ladder updating...
|join|resh bully me
|raw|Reverb's rating: 1699 &rarr; <strong>1710<\/strong><br \/>(+11 for winning)
|raw|zippleclopper's rating: 1523 &rarr; <strong>1512<\/strong><br \/>(-11 for losing)
|c|âReverb|gg
|c| SilverReaper21|Good game
|c| resh bully me|why the fuck did he amnesia there
|leave|SilverReaper21
|leave|xastify
|leave|Professional 01
|leave|zippleclopper
|player|p2
|leave|iplaytennislol