|join|zippleclopper
|join|Mistaken
|player|p1|zippleclopper|1
|player|p2|Mistaken|264
|gametype|singles
|gen|6
|tier|OU
|rated
|clearpoke
|poke|p1|Togekiss, M
|poke|p1|Klefki, F
|poke|p1|Ferrothorn, F
|poke|p1|Jellicent, M
|poke|p1|Ampharos, F
|poke|p1|Quagsire, M
|poke|p2|Garchomp, F
|poke|p2|Thundurus, M
|poke|p2|Azumarill, F
|poke|p2|Landorus-Therian, M
|poke|p2|Bisharp, F
|poke|p2|Metagross, shiny
|rule|Swagger Clause: Swagger is banned
|rule|Baton Pass Clause: Limit one PokÃ©mon knowing Baton Pass
|rule|Sleep Clause Mod: Limit one foe put to sleep
|rule|Species Clause: Limit one of each PokÃ©mon
|rule|OHKO Clause: OHKO moves are banned
|rule|Moody Clause: Moody is banned
|rule|Evasion Moves Clause: Evasion moves are banned
|rule|Endless Battle Clause: Forcing endless battles is banned
|rule|HP Percentage Mod: HP is shown in percentages
|teampreview
Mistaken turned on modjoin.
|raw|<div class="broadcast-red"><b>Moderated chat was set to +!<\/b><br \/>Only users of rank + and higher can talk.<\/div>
Mistaken made this room hidden.
|c|âMistaken|how are you so high with that team
Mistaken made this room public.
|
|start
|switch|p1a: Quagsire|Quagsire, M|394\/394
|switch|p2a: Uncle Iro|Garchomp, F|357\/357
|turn|1
|
|move|p2a: Uncle Iro|Stealth Rock|p1a: Quagsire
|-sidestart|p1: zippleclopper|move: Stealth Rock
|move|p1a: Quagsire|Curse|p1a: Quagsire
|-boost|p1a: Quagsire|atk|1
|-boost|p1a: Quagsire|def|1
|-unboost|p1a: Quagsire|spe|1
|
|turn|2
|
|switch|p2a: Zeus|Thundurus, M|299\/299
|move|p1a: Quagsire|Amnesia|p1a: Quagsire
|-boost|p1a: Quagsire|spd|2
|
|turn|3
|c|âMistaken|...
|join|Denis Alves
|
|switch|p1a: Ampharos|Ampharos, F|384\/384
|-damage|p1a: Ampharos|336\/384|[from] Stealth Rock
|move|p2a: Zeus|Focus Blast|p1a: Ampharos|[miss]
|-miss|p2a: Zeus|p1a: Ampharos
|
|turn|4
|leave|Denis Alves
|
|switch|p2a: Uncle Iro|Garchomp, F|357\/357
|detailschange|p1a: Ampharos|Ampharos-Mega, F
|-mega|p1a: Ampharos|Ampharos|Ampharosite
|-ability|p1a: Ampharos|Mold Breaker
|move|p1a: Ampharos|Dragon Pulse|p2a: Uncle Iro
|-supereffective|p2a: Uncle Iro
|-damage|p2a: Uncle Iro|0 fnt
|faint|p2a: Uncle Iro
|
|
|switch|p2a: TOPH|Metagross, shiny|301\/301
|turn|5
|c|âMistaken|why swap u had the win
|
|detailschange|p2a: TOPH|Metagross-Mega, shiny
|-mega|p2a: TOPH|Metagross|Metagrossite
|move|p2a: TOPH|Ice Punch|p1a: Ampharos
|-supereffective|p1a: Ampharos
|-damage|p1a: Ampharos|152\/384
|move|p1a: Ampharos|Volt Switch|p2a: TOPH
|-damage|p2a: TOPH|192\/301
|c|âzippleclopper|just want to play it safe
|
|switch|p1a: Klefki|Klefki, F|318\/318
|-damage|p1a: Klefki|299\/318|[from] Stealth Rock
|
|-heal|p1a: Klefki|318\/318|[from] item: Leftovers
|turn|6
|c|âMistaken|from what
|c|âzippleclopper|maybe you have grass knot
|c|âMistaken|i can't touch quag
|c|âzippleclopper|well idk
|c|âMistaken|with this team
|c|âzippleclopper|oh
|join|daftmau5
|
|move|p1a: Klefki|Spikes|p2a: TOPH
|-sidestart|p2: Mistaken|Spikes
|move|p2a: TOPH|Meteor Mash|p1a: Klefki|[miss]
|-miss|p2a: TOPH|p1a: Klefki
|
|turn|7
|
|move|p1a: Klefki|Thunder Wave|p2a: TOPH
|-status|p2a: TOPH|par
|move|p2a: TOPH|Meteor Mash|p1a: Klefki
|-damage|p1a: Klefki|89\/318
|
|-heal|p1a: Klefki|108\/318|[from] item: Leftovers
|turn|8
|
|move|p1a: Klefki|Spikes|p2a: TOPH
|-sidestart|p2: Mistaken|Spikes
|move|p2a: TOPH|Meteor Mash|p1a: Klefki
|-damage|p1a: Klefki|0 fnt
|-boost|p2a: TOPH|atk|1
|faint|p1a: Klefki
|
|
|switch|p1a: Quagsire|Quagsire, M|394\/394
|-damage|p1a: Quagsire|370\/394|[from] Stealth Rock
|turn|9
|
|switch|p2a: Son of a Bish|Bisharp, F|271\/271
|-damage|p2a: Son of a Bish|226\/271|[from] Spikes
|move|p1a: Quagsire|Amnesia|p1a: Quagsire
|-boost|p1a: Quagsire|spd|2
|
|-heal|p1a: Quagsire|394\/394|[from] item: Leftovers
|turn|10
|
|move|p2a: Son of a Bish|Iron Head|p1a: Quagsire
|-resisted|p1a: Quagsire
|-damage|p1a: Quagsire|326\/394
|-damage|p2a: Son of a Bish|199\/271|[from] item: Life Orb
|cant|p1a: Quagsire|flinch
|
|-heal|p1a: Quagsire|350\/394|[from] item: Leftovers
|turn|11
|c|âMistaken|common
|c|âMistaken|u got this sharp
|
|move|p2a: Son of a Bish|Iron Head|p1a: Quagsire
|-resisted|p1a: Quagsire
|-damage|p1a: Quagsire|277\/394
|-damage|p2a: Son of a Bish|172\/271|[from] item: Life Orb
|move|p1a: Quagsire|Recover|p1a: Quagsire
|-heal|p1a: Quagsire|394\/394
|
|turn|12
|
|move|p2a: Son of a Bish|Knock Off|p1a: Quagsire
|-damage|p1a: Quagsire|217\/394
|-enditem|p1a: Quagsire|Leftovers|[from] move: Knock Off|[of] p2a: Son of a Bish
|-damage|p2a: Son of a Bish|145\/271|[from] item: Life Orb
|move|p1a: Quagsire|Curse|p1a: Quagsire
|-boost|p1a: Quagsire|atk|1
|-boost|p1a: Quagsire|def|1
|-unboost|p1a: Quagsire|spe|1
|
|turn|13
|join|Omegasization
|
|move|p2a: Son of a Bish|Iron Head|p1a: Quagsire
|-resisted|p1a: Quagsire
|-damage|p1a: Quagsire|166\/394
|-damage|p2a: Son of a Bish|118\/271|[from] item: Life Orb
|move|p1a: Quagsire|Recover|p1a: Quagsire
|-heal|p1a: Quagsire|363\/394
|
|turn|14
|join|Where Dey At Doe
|
|move|p2a: Son of a Bish|Iron Head|p1a: Quagsire
|-resisted|p1a: Quagsire
|-damage|p1a: Quagsire|316\/394
|-damage|p2a: Son of a Bish|91\/271|[from] item: Life Orb
|move|p1a: Quagsire|Curse|p1a: Quagsire
|-boost|p1a: Quagsire|atk|1
|-boost|p1a: Quagsire|def|1
|-unboost|p1a: Quagsire|spe|1
|
|turn|15
|c|âMistaken|yeah i got to run grass knot
|
|move|p2a: Son of a Bish|Iron Head|p1a: Quagsire
|-resisted|p1a: Quagsire
|-damage|p1a: Quagsire|280\/394
|-damage|p2a: Son of a Bish|64\/271|[from] item: Life Orb
|move|p1a: Quagsire|Recover|p1a: Quagsire
|-heal|p1a: Quagsire|394\/394
|
|turn|16
|
|switch|p2a: Dogs Out|Landorus-Therian, M|325\/325
|-ability|p2a: Dogs Out|Intimidate|[of] p1a: Quagsire
|-unboost|p1a: Quagsire|atk|1
|move|p1a: Quagsire|Amnesia|p1a: Quagsire
|-boost|p1a: Quagsire|spd|2
|
|turn|17
|
|move|p2a: Dogs Out|Explosion|p1a: Quagsire
|-damage|p1a: Quagsire|261\/394
|faint|p2a: Dogs Out
|move|p1a: Quagsire|Curse|p1a: Quagsire
|-boost|p1a: Quagsire|atk|1
|-boost|p1a: Quagsire|def|1
|-unboost|p1a: Quagsire|spe|1
|
|
|switch|p2a: Azula|Azumarill, F|350\/350
|-damage|p2a: Azula|292\/350|[from] Spikes
|turn|18
|
|move|p2a: Azula|Waterfall|p1a: Quagsire
|-damage|p1a: Quagsire|183\/394
|move|p1a: Quagsire|Recover|p1a: Quagsire
|-heal|p1a: Quagsire|380\/394
|
|turn|19
|c|âMistaken|flinch 4 times
|c|âMistaken|ez
|
|move|p2a: Azula|Waterfall|p1a: Quagsire
|-damage|p1a: Quagsire|295\/394
|move|p1a: Quagsire|Waterfall|p2a: Azula
|-resisted|p2a: Azula
|-damage|p2a: Azula|210\/350
|
|turn|20
|
|move|p2a: Azula|Waterfall|p1a: Quagsire
|-damage|p1a: Quagsire|205\/394
|move|p1a: Quagsire|Recover|p1a: Quagsire
|-heal|p1a: Quagsire|394\/394
|
|turn|21
|
|move|p2a: Azula|Waterfall|p1a: Quagsire
|-crit|p1a: Quagsire
|-damage|p1a: Quagsire|97\/394
|move|p1a: Quagsire|Waterfall|p2a: Azula
|-resisted|p2a: Azula
|-damage|p2a: Azula|130\/350
|
|turn|22
|c|âMistaken|one more
|
|move|p2a: Azula|Waterfall|p1a: Quagsire
|-damage|p1a: Quagsire|13\/394
|move|p1a: Quagsire|Recover|p1a: Quagsire
|-heal|p1a: Quagsire|210\/394
|
|turn|23
|c|âMistaken|PLZ
|c|âMistaken|FPUCKI
|
|move|p2a: Azula|Waterfall|p1a: Quagsire
|-damage|p1a: Quagsire|125\/394
|move|p1a: Quagsire|Recover|p1a: Quagsire
|-heal|p1a: Quagsire|322\/394
|
|turn|24
|c|âMistaken|good for nothing azula
|
|move|p2a: Azula|Waterfall|p1a: Quagsire
|-damage|p1a: Quagsire|246\/394
|move|p1a: Quagsire|Recover|p1a: Quagsire
|-heal|p1a: Quagsire|394\/394
|
|turn|25
|join|ThePokeBattler14
|
|move|p2a: Azula|Waterfall|p1a: Quagsire
|-damage|p1a: Quagsire|313\/394
|move|p1a: Quagsire|Waterfall|p2a: Azula
|-resisted|p2a: Azula
|-damage|p2a: Azula|40\/350
|
|turn|26
|
|move|p2a: Azula|Waterfall|p1a: Quagsire
|-damage|p1a: Quagsire|231\/394
|cant|p1a: Quagsire|flinch
|
|turn|27
|c|âMistaken|\/me prays to crit gods
|
|move|p2a: Azula|Waterfall|p1a: Quagsire
|-damage|p1a: Quagsire|140\/394
|move|p1a: Quagsire|Recover|p1a: Quagsire
|-heal|p1a: Quagsire|337\/394
|
|turn|28
|c|âMistaken|\/me raises a finger to the crit gods
|
|move|p2a: Azula|Waterfall|p1a: Quagsire
|-damage|p1a: Quagsire|256\/394
|move|p1a: Quagsire|Waterfall|p2a: Azula
|-resisted|p2a: Azula
|-damage|p2a: Azula|0 fnt
|faint|p2a: Azula
|
|
|switch|p2a: Son of a Bish|Bisharp, F|64\/271
|-damage|p2a: Son of a Bish|19\/271|[from] Spikes
|turn|29
|
|move|p2a: Son of a Bish|Iron Head|p1a: Quagsire
|-resisted|p1a: Quagsire
|-damage|p1a: Quagsire|226\/394
|-damage|p2a: Son of a Bish|0 fnt|[from] item: Life Orb
|faint|p2a: Son of a Bish
|move|p1a: Quagsire|Recover|p1a: Quagsire
|-heal|p1a: Quagsire|394\/394
|
|-message|Mistaken forfeited.
|
|win|zippleclopper
|raw|Ladder updating...
|leave|Mistaken
|player|p2
|join|Dell
|raw|zippleclopper's rating: 1649 &rarr; <strong>1668<\/strong><br \/>(+19 for winning)
|raw|Mistaken's rating: 1628 &rarr; <strong>1609<\/strong><br \/>(-19 for losing)
|leave|zippleclopper
|player|p1