|join|alkdjf
|join|zippleclopper
|player|p1|alkdjf|266
|player|p2|zippleclopper|1
|gametype|singles
|gen|6
|tier|OU
|rated
|clearpoke
|poke|p1|Metagross
|poke|p1|Keldeo-Resolute
|poke|p1|Heatran, F
|poke|p1|Landorus-Therian, M
|poke|p1|Sylveon, M
|poke|p1|Ferrothorn, M
|poke|p2|Togekiss, M
|poke|p2|Klefki, F
|poke|p2|Ferrothorn, M
|poke|p2|Jellicent, M
|poke|p2|Ampharos, F
|poke|p2|Quagsire, F
|rule|Swagger Clause: Swagger is banned
|rule|Baton Pass Clause: Limit one PokÃ©mon knowing Baton Pass
|rule|Sleep Clause Mod: Limit one foe put to sleep
|rule|Species Clause: Limit one of each PokÃ©mon
|rule|OHKO Clause: OHKO moves are banned
|rule|Moody Clause: Moody is banned
|rule|Evasion Moves Clause: Evasion moves are banned
|rule|Endless Battle Clause: Forcing endless battles is banned
|rule|HP Percentage Mod: HP is shown in percentages
|teampreview
|
|start
|switch|p1a: Heatran|Heatran, F|386\/386
|switch|p2a: Ampharos|Ampharos, F|384\/384
|turn|1
|
|detailschange|p2a: Ampharos|Ampharos-Mega, F
|-mega|p2a: Ampharos|Ampharos|Ampharosite
|-ability|p2a: Ampharos|Mold Breaker
|move|p1a: Heatran|Protect|p1a: Heatran
|-singleturn|p1a: Heatran|Protect
|move|p2a: Ampharos|Volt Switch|p1a: Heatran
|-activate|p1a: Heatran|Protect
|
|turn|2
|
|switch|p2a: Quagsire|Quagsire, F|394\/394
|move|p1a: Heatran|Will-O-Wisp|p2a: Quagsire
|-status|p2a: Quagsire|brn
|
|-damage|p2a: Quagsire|345\/394 brn|[from] brn
|turn|3
|
|switch|p1a: Ferrothorn|Ferrothorn, M|351\/351
|switch|p2a: Togekiss|Togekiss, M|373\/373
|
|turn|4
|
|move|p2a: Togekiss|Heal Bell|p2a: Togekiss
|-cureteam|p2a: Togekiss|[from] move: HealBell
|move|p1a: Ferrothorn|Thunder Wave|p2a: Togekiss
|-status|p2a: Togekiss|par
|
|turn|5
|
|move|p1a: Ferrothorn|Stealth Rock|p2a: Togekiss
|-sidestart|p2: zippleclopper|move: Stealth Rock
|move|p2a: Togekiss|Heal Bell|p2a: Togekiss
|-cureteam|p2a: Togekiss|[from] move: HealBell
|
|turn|6
|
|move|p2a: Togekiss|Nasty Plot|p2a: Togekiss
|-boost|p2a: Togekiss|spa|2
|move|p1a: Ferrothorn|Spikes|p2a: Togekiss
|-sidestart|p2: zippleclopper|Spikes
|
|turn|7
|
|switch|p1a: Heatran|Heatran, F|386\/386
|move|p2a: Togekiss|Air Slash|p1a: Heatran
|-resisted|p1a: Heatran
|-damage|p1a: Heatran|314\/386
|
|-heal|p1a: Heatran|338\/386|[from] item: Leftovers
|turn|8
|
|move|p2a: Togekiss|Nasty Plot|p2a: Togekiss
|-boost|p2a: Togekiss|spa|2
|move|p1a: Heatran|Roar|p2a: Togekiss
|drag|p2a: Ampharos|Ampharos-Mega, F|384\/384
|-damage|p2a: Ampharos|336\/384|[from] Stealth Rock
|-damage|p2a: Ampharos|288\/384|[from] Spikes
|-ability|p2a: Ampharos|Mold Breaker
|
|-heal|p1a: Heatran|362\/386|[from] item: Leftovers
|turn|9
|
|move|p1a: Heatran|Will-O-Wisp|p2a: Ampharos
|-status|p2a: Ampharos|brn
|move|p2a: Ampharos|Volt Switch|p1a: Heatran
|-damage|p1a: Heatran|271\/386
|
|switch|p2a: Jellicent|Jellicent, M|404\/404
|-damage|p2a: Jellicent|354\/404|[from] Spikes
|-damage|p2a: Jellicent|304\/404|[from] Stealth Rock
|
|-heal|p1a: Heatran|295\/386|[from] item: Leftovers
|-heal|p2a: Jellicent|329\/404|[from] item: Leftovers
|turn|10
|
|move|p2a: Jellicent|Scald|p1a: Heatran
|-supereffective|p1a: Heatran
|-damage|p1a: Heatran|173\/386
|move|p1a: Heatran|Roar|p2a: Jellicent
|drag|p2a: Quagsire|Quagsire, F|345\/394
|-damage|p2a: Quagsire|296\/394|[from] Spikes
|-damage|p2a: Quagsire|272\/394|[from] Stealth Rock
|
|-heal|p1a: Heatran|197\/386|[from] item: Leftovers
|-heal|p2a: Quagsire|296\/394|[from] item: Leftovers
|turn|11
|
|switch|p1a: Ferrothorn|Ferrothorn, M|351\/351
|move|p2a: Quagsire|Waterfall|p1a: Ferrothorn
|-resisted|p1a: Ferrothorn
|-damage|p1a: Ferrothorn|328\/351
|-damage|p2a: Quagsire|247\/394|[from] ability: Iron Barbs|[of] p1a: Ferrothorn
|-damage|p2a: Quagsire|182\/394|[from] item: Rocky Helmet|[of] p1a: Ferrothorn
|
|-heal|p2a: Quagsire|206\/394|[from] item: Leftovers
|turn|12
|
|switch|p2a: Togekiss|Togekiss, M|373\/373
|-damage|p2a: Togekiss|280\/373|[from] Stealth Rock
|move|p1a: Ferrothorn|Spikes|p2a: Togekiss
|-sidestart|p2: zippleclopper|Spikes
|
|-heal|p2a: Togekiss|303\/373|[from] item: Leftovers
|turn|13
|
|move|p2a: Togekiss|Nasty Plot|p2a: Togekiss
|-boost|p2a: Togekiss|spa|2
|move|p1a: Ferrothorn|Thunder Wave|p2a: Togekiss
|-status|p2a: Togekiss|par
|
|-heal|p2a: Togekiss|326\/373 par|[from] item: Leftovers
|turn|14
|
|switch|p1a: Heatran|Heatran, F|197\/386
|move|p2a: Togekiss|Heal Bell|p2a: Togekiss
|-cureteam|p2a: Togekiss|[from] move: HealBell
|
|-heal|p2a: Togekiss|349\/373|[from] item: Leftovers
|-heal|p1a: Heatran|221\/386|[from] item: Leftovers
|turn|15
|
|move|p2a: Togekiss|Air Slash|p1a: Heatran
|-resisted|p1a: Heatran
|-damage|p1a: Heatran|153\/386
|cant|p1a: Heatran|flinch
|
|-heal|p2a: Togekiss|372\/373|[from] item: Leftovers
|-heal|p1a: Heatran|177\/386|[from] item: Leftovers
|turn|16
|
|move|p2a: Togekiss|Air Slash|p1a: Heatran
|-resisted|p1a: Heatran
|-damage|p1a: Heatran|107\/386
|move|p1a: Heatran|Roar|p2a: Togekiss
|drag|p2a: Quagsire|Quagsire, F|206\/394
|-damage|p2a: Quagsire|182\/394|[from] Stealth Rock
|-damage|p2a: Quagsire|117\/394|[from] Spikes
|
|-heal|p1a: Heatran|131\/386|[from] item: Leftovers
|-heal|p2a: Quagsire|141\/394|[from] item: Leftovers
|turn|17
|
|move|p1a: Heatran|Will-O-Wisp|p2a: Quagsire
|-status|p2a: Quagsire|brn
|move|p2a: Quagsire|Recover|p2a: Quagsire
|-heal|p2a: Quagsire|338\/394 brn
|
|-heal|p1a: Heatran|155\/386|[from] item: Leftovers
|-heal|p2a: Quagsire|362\/394 brn|[from] item: Leftovers
|-damage|p2a: Quagsire|313\/394 brn|[from] brn
|turn|18
|
|switch|p2a: Togekiss|Togekiss, M|372\/373
|-damage|p2a: Togekiss|279\/373|[from] Stealth Rock
|move|p1a: Heatran|Protect|p1a: Heatran
|-fail|p1a: Heatran
|
|-heal|p2a: Togekiss|302\/373|[from] item: Leftovers
|-heal|p1a: Heatran|179\/386|[from] item: Leftovers
|turn|19
|
|move|p2a: Togekiss|Heal Bell|p2a: Togekiss
|-cureteam|p2a: Togekiss|[from] move: HealBell
|move|p1a: Heatran|Roar|p2a: Togekiss
|drag|p2a: Jellicent|Jellicent, M|329\/404
|-damage|p2a: Jellicent|262\/404|[from] Spikes
|-damage|p2a: Jellicent|212\/404|[from] Stealth Rock
|
|-heal|p1a: Heatran|203\/386|[from] item: Leftovers
|-heal|p2a: Jellicent|237\/404|[from] item: Leftovers
|turn|20
|
|switch|p1a: Ferrothorn|Ferrothorn, M|328\/351
|move|p2a: Jellicent|Taunt|p1a: Ferrothorn
|-start|p1a: Ferrothorn|move: Taunt
|
|-heal|p2a: Jellicent|262\/404|[from] item: Leftovers
|turn|21
|
|switch|p1a: Landorus-Therian|Landorus-Therian, M|382\/382
|-ability|p1a: Landorus-Therian|Intimidate|[of] p2a: Jellicent
|-unboost|p2a: Jellicent|atk|1
|move|p2a: Jellicent|Will-O-Wisp|p1a: Landorus-Therian
|-status|p1a: Landorus-Therian|brn
|
|-heal|p2a: Jellicent|287\/404|[from] item: Leftovers
|-damage|p1a: Landorus-Therian|335\/382 brn|[from] brn
|turn|22
|
|switch|p2a: Ferrothorn|Ferrothorn, M|351\/351
|-damage|p2a: Ferrothorn|293\/351|[from] Spikes
|-damage|p2a: Ferrothorn|272\/351|[from] Stealth Rock
|move|p1a: Landorus-Therian|Knock Off|p2a: Ferrothorn
|-crit|p2a: Ferrothorn
|-damage|p2a: Ferrothorn|174\/351
|-damage|p1a: Landorus-Therian|288\/382 brn|[from] ability: Iron Barbs|[of] p2a: Ferrothorn
|-enditem|p2a: Ferrothorn|Leftovers|[from] move: Knock Off|[of] p1a: Landorus-Therian
|
|-damage|p1a: Landorus-Therian|241\/382 brn|[from] brn
|turn|23
|
|switch|p1a: Heatran|Heatran, F|203\/386
|move|p2a: Ferrothorn|Knock Off|p1a: Heatran
|-damage|p1a: Heatran|130\/386
|-enditem|p1a: Heatran|Leftovers|[from] move: Knock Off|[of] p2a: Ferrothorn
|
|turn|24
|
|switch|p2a: Togekiss|Togekiss, M|302\/373
|-damage|p2a: Togekiss|209\/373|[from] Stealth Rock
|move|p1a: Heatran|Lava Plume|p2a: Togekiss
|-damage|p2a: Togekiss|95\/373
|
|-heal|p2a: Togekiss|118\/373|[from] item: Leftovers
|turn|25
|
|move|p2a: Togekiss|Air Slash|p1a: Heatran
|-resisted|p1a: Heatran
|-damage|p1a: Heatran|94\/386
|move|p1a: Heatran|Lava Plume|p2a: Togekiss
|-damage|p2a: Togekiss|13\/373
|
|-heal|p2a: Togekiss|36\/373|[from] item: Leftovers
|turn|26
|
|move|p2a: Togekiss|Roost|p2a: Togekiss
|-heal|p2a: Togekiss|223\/373
|move|p1a: Heatran|Lava Plume|p2a: Togekiss
|-damage|p2a: Togekiss|109\/373
|
|-heal|p2a: Togekiss|132\/373|[from] item: Leftovers
|turn|27
|
|move|p2a: Togekiss|Air Slash|p1a: Heatran
|-crit|p1a: Heatran
|-resisted|p1a: Heatran
|-damage|p1a: Heatran|40\/386
|move|p1a: Heatran|Lava Plume|p2a: Togekiss
|-damage|p2a: Togekiss|21\/373
|-status|p2a: Togekiss|brn
|
|-heal|p2a: Togekiss|44\/373 brn|[from] item: Leftovers
|-damage|p2a: Togekiss|0 fnt|[from] brn
|faint|p2a: Togekiss
|
|switch|p2a: Ampharos|Ampharos-Mega, F|288\/384
|-damage|p2a: Ampharos|240\/384|[from] Stealth Rock
|-damage|p2a: Ampharos|176\/384|[from] Spikes
|-ability|p2a: Ampharos|Mold Breaker
|turn|28
|
|move|p2a: Ampharos|Volt Switch|p1a: Heatran
|-damage|p1a: Heatran|0 fnt
|faint|p1a: Heatran
|
|switch|p2a: Jellicent|Jellicent, M|287\/404
|-damage|p2a: Jellicent|220\/404|[from] Spikes
|-damage|p2a: Jellicent|170\/404|[from] Stealth Rock
|
|-heal|p2a: Jellicent|195\/404|[from] item: Leftovers
|
|switch|p1a: Landorus-Therian|Landorus-Therian, M|241\/382 brn
|-ability|p1a: Landorus-Therian|Intimidate|[of] p2a: Jellicent
|-unboost|p2a: Jellicent|atk|1
|turn|29
|
|switch|p2a: Ferrothorn|Ferrothorn, M|174\/351
|-damage|p2a: Ferrothorn|153\/351|[from] Stealth Rock
|-damage|p2a: Ferrothorn|95\/351|[from] Spikes
|move|p1a: Landorus-Therian|Knock Off|p2a: Ferrothorn
|-damage|p2a: Ferrothorn|46\/351
|-damage|p1a: Landorus-Therian|194\/382 brn|[from] ability: Iron Barbs|[of] p2a: Ferrothorn
|
|-damage|p1a: Landorus-Therian|147\/382 brn|[from] brn
|turn|30
|
|move|p1a: Landorus-Therian|Knock Off|p2a: Ferrothorn
|-damage|p2a: Ferrothorn|2\/351
|-damage|p1a: Landorus-Therian|100\/382 brn|[from] ability: Iron Barbs|[of] p2a: Ferrothorn
|move|p2a: Ferrothorn|Leech Seed|p1a: Landorus-Therian
|-start|p1a: Landorus-Therian|move: Leech Seed
|
|-damage|p1a: Landorus-Therian|53\/382 brn|[from] Leech Seed|[of] p2a: Ferrothorn
|-heal|p2a: Ferrothorn|49\/351|[silent]
|-damage|p1a: Landorus-Therian|6\/382 brn|[from] brn
|turn|31
|
|move|p1a: Landorus-Therian|Knock Off|p2a: Ferrothorn
|-damage|p2a: Ferrothorn|6\/351
|-damage|p1a: Landorus-Therian|0 fnt|[from] ability: Iron Barbs|[of] p2a: Ferrothorn
|faint|p1a: Landorus-Therian
|move|p2a: Ferrothorn|Stealth Rock|p1: Landorus-Therian
|-sidestart|p1: alkdjf|move: Stealth Rock
|
|
|switch|p1a: Keldeo-Resolute|Keldeo-Resolute|324\/324
|-damage|p1a: Keldeo-Resolute|304\/324|[from] Stealth Rock
|turn|32
|
|switch|p2a: Jellicent|Jellicent, M|195\/404
|-damage|p2a: Jellicent|128\/404|[from] Spikes
|-damage|p2a: Jellicent|78\/404|[from] Stealth Rock
|move|p1a: Keldeo-Resolute|Substitute|p1a: Keldeo-Resolute
|-start|p1a: Keldeo-Resolute|Substitute
|-damage|p1a: Keldeo-Resolute|223\/324
|
|-heal|p1a: Keldeo-Resolute|243\/324|[from] item: Leftovers
|-heal|p2a: Jellicent|103\/404|[from] item: Leftovers
|turn|33
|
|switch|p1a: Ferrothorn|Ferrothorn, M|328\/351
|-damage|p1a: Ferrothorn|307\/351|[from] Stealth Rock
|move|p2a: Jellicent|Will-O-Wisp|p1a: Ferrothorn
|-status|p1a: Ferrothorn|brn
|
|-heal|p2a: Jellicent|128\/404|[from] item: Leftovers
|-damage|p1a: Ferrothorn|264\/351 brn|[from] brn
|turn|34
|
|move|p2a: Jellicent|Recover|p2a: Jellicent
|-heal|p2a: Jellicent|330\/404
|move|p1a: Ferrothorn|Spikes|p2a: Jellicent
|-sidestart|p2: zippleclopper|Spikes
|
|-heal|p2a: Jellicent|355\/404|[from] item: Leftovers
|-damage|p1a: Ferrothorn|221\/351 brn|[from] brn
|turn|35
|
|switch|p1a: Sylveon|Sylveon, M|394\/394
|-damage|p1a: Sylveon|345\/394|[from] Stealth Rock
|move|p2a: Jellicent|Taunt|p1a: Sylveon
|-start|p1a: Sylveon|move: Taunt
|
|-heal|p2a: Jellicent|380\/404|[from] item: Leftovers
|-heal|p1a: Sylveon|369\/394|[from] item: Leftovers
|turn|36
|
|switch|p1a: Ferrothorn|Ferrothorn, M|221\/351 brn
|-damage|p1a: Ferrothorn|200\/351 brn|[from] Stealth Rock
|move|p2a: Jellicent|Will-O-Wisp|p1a: Ferrothorn
|-fail|p1a: Ferrothorn|brn
|
|-heal|p2a: Jellicent|404\/404|[from] item: Leftovers
|-damage|p1a: Ferrothorn|157\/351 brn|[from] brn
|turn|37
|
|move|p2a: Jellicent|Taunt|p1a: Ferrothorn
|-start|p1a: Ferrothorn|move: Taunt
|move|p1a: Ferrothorn|Power Whip|p2a: Jellicent
|-supereffective|p2a: Jellicent
|-damage|p2a: Jellicent|210\/404
|
|-heal|p2a: Jellicent|235\/404|[from] item: Leftovers
|-damage|p1a: Ferrothorn|114\/351 brn|[from] brn
|turn|38
|
|move|p2a: Jellicent|Recover|p2a: Jellicent
|-heal|p2a: Jellicent|404\/404
|move|p1a: Ferrothorn|Power Whip|p2a: Jellicent
|-supereffective|p2a: Jellicent
|-damage|p2a: Jellicent|218\/404
|
|-heal|p2a: Jellicent|243\/404|[from] item: Leftovers
|-damage|p1a: Ferrothorn|71\/351 brn|[from] brn
|turn|39
|
|move|p2a: Jellicent|Recover|p2a: Jellicent
|-heal|p2a: Jellicent|404\/404
|move|p1a: Ferrothorn|Power Whip|p2a: Jellicent
|-supereffective|p2a: Jellicent
|-damage|p2a: Jellicent|218\/404
|
|-heal|p2a: Jellicent|243\/404|[from] item: Leftovers
|-damage|p1a: Ferrothorn|28\/351 brn|[from] brn
|-end|p1a: Ferrothorn|move: Taunt
|turn|40
|
|move|p2a: Jellicent|Scald|p1a: Ferrothorn
|-resisted|p1a: Ferrothorn
|-damage|p1a: Ferrothorn|0 fnt
|faint|p1a: Ferrothorn
|
|-heal|p2a: Jellicent|268\/404|[from] item: Leftovers
|
|switch|p1a: Sylveon|Sylveon, M|369\/394
|-damage|p1a: Sylveon|320\/394|[from] Stealth Rock
|turn|41
|
|move|p2a: Jellicent|Will-O-Wisp|p1a: Sylveon
|-status|p1a: Sylveon|brn
|move|p1a: Sylveon|Toxic|p2a: Jellicent|[miss]
|-miss|p1a: Sylveon|p2a: Jellicent
|
|-heal|p2a: Jellicent|293\/404|[from] item: Leftovers
|-heal|p1a: Sylveon|344\/394 brn|[from] item: Leftovers
|-damage|p1a: Sylveon|295\/394 brn|[from] brn
|turn|42
|
|move|p2a: Jellicent|Taunt|p1a: Sylveon
|-start|p1a: Sylveon|move: Taunt
|move|p1a: Sylveon|Hyper Voice|p2a: Jellicent
|-damage|p2a: Jellicent|173\/404
|
|-heal|p2a: Jellicent|198\/404|[from] item: Leftovers
|-heal|p1a: Sylveon|319\/394 brn|[from] item: Leftovers
|-damage|p1a: Sylveon|270\/394 brn|[from] brn
|turn|43
|
|move|p2a: Jellicent|Recover|p2a: Jellicent
|-heal|p2a: Jellicent|400\/404
|move|p1a: Sylveon|Hyper Voice|p2a: Jellicent
|-damage|p2a: Jellicent|297\/404
|
|-heal|p2a: Jellicent|322\/404|[from] item: Leftovers
|-heal|p1a: Sylveon|294\/394 brn|[from] item: Leftovers
|-damage|p1a: Sylveon|245\/394 brn|[from] brn
|turn|44
|
|switch|p1a: Keldeo-Resolute|Keldeo-Resolute|243\/324
|-damage|p1a: Keldeo-Resolute|223\/324|[from] Stealth Rock
|move|p2a: Jellicent|Scald|p1a: Keldeo-Resolute
|-resisted|p1a: Keldeo-Resolute
|-damage|p1a: Keldeo-Resolute|181\/324
|
|-heal|p1a: Keldeo-Resolute|201\/324|[from] item: Leftovers
|-heal|p2a: Jellicent|347\/404|[from] item: Leftovers
|turn|45
|
|move|p1a: Keldeo-Resolute|Substitute|p1a: Keldeo-Resolute
|-start|p1a: Keldeo-Resolute|Substitute
|-damage|p1a: Keldeo-Resolute|120\/324
|move|p2a: Jellicent|Taunt|p1a: Keldeo-Resolute
|-start|p1a: Keldeo-Resolute|move: Taunt
|
|-heal|p1a: Keldeo-Resolute|140\/324|[from] item: Leftovers
|-heal|p2a: Jellicent|372\/404|[from] item: Leftovers
|turn|46
|-message|alkdjf forfeited.
|leave|alkdjf
|
|win|zippleclopper
|raw|Ladder updating...
|raw|alkdjf's rating: 1535 &rarr; <strong>1517<\/strong><br \/>(-18 for losing)
|raw|zippleclopper's rating: 1583 &rarr; <strong>1600<\/strong><br \/>(+17 for winning)
|player|p1