|join|MediGross
|join|noccliolinee
|player|p1|MediGross|87
|player|p2|noccliolinee|2
|gametype|singles
|gen|6
|tier|OU
|rated
|clearpoke
|poke|p1|Charizard, M, shiny
|poke|p1|Excadrill, M, shiny
|poke|p1|Tyranitar, M, shiny
|poke|p1|Conkeldurr, M, shiny
|poke|p1|Rotom-Wash, shiny
|poke|p1|Latias, F, shiny
|poke|p2|Conkeldurr, M
|poke|p2|Slowbro, M
|poke|p2|Charizard, F
|poke|p2|Skarmory, F
|poke|p2|Clefable, M
|poke|p2|Tyranitar, F
|rule|Swagger Clause: Swagger is banned
|rule|Baton Pass Clause: Limit one PokÃ©mon knowing Baton Pass
|rule|Sleep Clause Mod: Limit one foe put to sleep
|rule|Species Clause: Limit one of each PokÃ©mon
|rule|OHKO Clause: OHKO moves are banned
|rule|Moody Clause: Moody is banned
|rule|Evasion Moves Clause: Evasion moves are banned
|rule|Endless Battle Clause: Forcing endless battles is banned
|rule|HP Percentage Mod: HP is shown in percentages
|teampreview
|c|âMediGross|huh this is a nice team gross
|
|start
|switch|p1a: Charizard|Charizard, M, shiny|297\/297
|switch|p2a: Charizard|Charizard, F|297\/297
|turn|1
|
|detailschange|p1a: Charizard|Charizard-Mega-Y, M, shiny
|message|Charizard has Mega Evolved into Mega Charizard!
|-weather|SunnyDay
|detailschange|p2a: Charizard|Charizard-Mega-Y, F
|message|Charizard has Mega Evolved into Mega Charizard!
|move|p2a: Charizard|Air Slash|p1a: Charizard
|-damage|p1a: Charizard|168\/297
|move|p1a: Charizard|Fire Blast|p2a: Charizard
|-resisted|p2a: Charizard
|-damage|p2a: Charizard|141\/297
|
|-weather|SunnyDay|[upkeep]
|turn|2
|
|switch|p2a: Tyranitar|Tyranitar, F|342\/342
|-weather|Sandstorm
|move|p1a: Charizard|Focus Blast|p2a: Tyranitar|[miss]
|-miss|p1a: Charizard|p2a: Tyranitar
|
|-weather|Sandstorm|[upkeep]
|-damage|p1a: Charizard|150\/297|[from] sandstorm
|turn|3
|
|move|p2a: Tyranitar|Pursuit|p1a: Charizard|[from]Pursuit
|-damage|p1a: Charizard|6\/297
|switch|p1a: Conkeldurr|Conkeldurr, M, shiny|414\/414
|
|-weather|Sandstorm|[upkeep]
|-damage|p1a: Conkeldurr|389\/414|[from] sandstorm
|turn|4
|
|switch|p2a: Skarmory|Skarmory, F|334\/334
|switch|p1a: Charizard|Charizard-Mega-Y, M, shiny|6\/297
|-weather|SunnyDay
|
|-weather|SunnyDay|[upkeep]
|turn|5
|
|move|p1a: Charizard|Roost|p1a: Charizard
|-heal|p1a: Charizard|155\/297
|move|p2a: Skarmory|Stealth Rock|p1a: Charizard
|-sidestart|p1: MediGross|move: Stealth Rock
|
|-weather|SunnyDay|[upkeep]
|turn|6
|
|move|p1a: Charizard|Roost|p1a: Charizard
|-heal|p1a: Charizard|297\/297
|move|p2a: Skarmory|Whirlwind|p1a: Charizard
|drag|p1a: Latias|Latias, F, shiny|302\/302
|-damage|p1a: Latias|265\/302|[from] Stealth Rock
|
|-weather|SunnyDay|[upkeep]
|turn|7
|
|switch|p2a: Tyranitar|Tyranitar, F|342\/342
|-weather|Sandstorm
|move|p1a: Latias|Defog|p2a: Tyranitar
|-unboost|p2a: Tyranitar|evasion|1
|-sideend|p1: MediGross|Stealth Rock|[from] move: Defog|[of] p1a: Latias
|
|-weather|Sandstorm|[upkeep]
|-damage|p1a: Latias|247\/302|[from] sandstorm
|turn|8
|
|move|p2a: Tyranitar|Crunch|p1a: Latias
|-supereffective|p1a: Latias
|-damage|p1a: Latias|0 fnt
|faint|p1a: Latias
|
|-weather|Sandstorm|[upkeep]
|
|switch|p1a: Charizard|Charizard-Mega-Y, M, shiny|297\/297
|-weather|SunnyDay
|turn|9
|
|switch|p2a: Charizard|Charizard-Mega-Y, F|141\/297
|move|p1a: Charizard|Fire Blast|p2a: Charizard
|-resisted|p2a: Charizard
|-damage|p2a: Charizard|0 fnt
|faint|p2a: Charizard
|
|-weather|SunnyDay|[upkeep]
|
|switch|p2a: Tyranitar|Tyranitar, F|342\/342
|-weather|Sandstorm
|turn|10
|
|move|p2a: Tyranitar|Pursuit|p1a: Charizard|[from]Pursuit
|-damage|p1a: Charizard|156\/297
|switch|p1a: Rotom-Wash|Rotom-Wash, shiny|304\/304
|
|-weather|Sandstorm|[upkeep]
|-damage|p1a: Rotom-Wash|285\/304|[from] sandstorm
|-heal|p1a: Rotom-Wash|304\/304|[from] item: Leftovers
|turn|11
|
|switch|p2a: Conkeldurr|Conkeldurr, M|410\/410
|move|p1a: Rotom-Wash|Volt Switch|p2a: Conkeldurr
|-damage|p2a: Conkeldurr|326\/410
|
|switch|p1a: Charizard|Charizard-Mega-Y, M, shiny|156\/297
|-weather|SunnyDay
|
|-weather|SunnyDay|[upkeep]
|turn|12
|
|move|p1a: Charizard|Focus Blast|p2a: Conkeldurr
|-damage|p2a: Conkeldurr|175\/410
|move|p2a: Conkeldurr|Ice Punch|p1a: Charizard
|-damage|p1a: Charizard|29\/297
|
|-weather|SunnyDay|[upkeep]
|turn|13
|
|move|p2a: Conkeldurr|Mach Punch|p1a: Charizard
|-resisted|p1a: Charizard
|-damage|p1a: Charizard|0 fnt
|faint|p1a: Charizard
|
|-weather|SunnyDay|[upkeep]
|
|switch|p1a: Conkeldurr|Conkeldurr, M, shiny|389\/414
|turn|14
|
|move|p2a: Conkeldurr|Drain Punch|p1a: Conkeldurr
|-damage|p1a: Conkeldurr|232\/414
|-heal|p2a: Conkeldurr|254\/410|[from] drain|[of] p1a: Conkeldurr
|move|p1a: Conkeldurr|Drain Punch|p2a: Conkeldurr
|-damage|p2a: Conkeldurr|91\/410
|-heal|p1a: Conkeldurr|314\/414|[from] drain|[of] p2a: Conkeldurr
|
|-weather|SunnyDay|[upkeep]
|turn|15
|
|switch|p2a: Clefable|Clefable, M|331\/331
|move|p1a: Conkeldurr|Mach Punch|p2a: Clefable
|-resisted|p2a: Clefable
|-damage|p2a: Clefable|281\/331
|
|-weather|none
|-heal|p2a: Clefable|301\/331|[from] item: Leftovers
|turn|16
|
|switch|p2a: Slowbro|Slowbro, M|390\/390
|switch|p1a: Tyranitar|Tyranitar, M, shiny|404\/404
|-weather|Sandstorm
|
|-weather|Sandstorm|[upkeep]
|-damage|p2a: Slowbro|366\/390|[from] sandstorm
|turn|17
|
|move|p1a: Tyranitar|Stealth Rock|p2a: Slowbro
|-sidestart|p2: noccliolinee|move: Stealth Rock
|move|p2a: Slowbro|Scald|p1a: Tyranitar
|-supereffective|p1a: Tyranitar
|-damage|p1a: Tyranitar|230\/404
|-status|p1a: Tyranitar|brn
|
|-weather|Sandstorm|[upkeep]
|-damage|p2a: Slowbro|342\/390|[from] sandstorm
|-damage|p1a: Tyranitar|180\/404 brn|[from] brn
|turn|18
|-message|MediGross lost due to inactivity.
|
|win|noccliolinee
|raw|Ladder updating...
|raw|MediGross's rating: 1503 &rarr; <strong>1482<\/strong><br \/>(-21 for losing)
|raw|noccliolinee's rating: 1475 &rarr; <strong>1497<\/strong><br \/>(+22 for winning)
|leave|noccliolinee
|player|p2