|join|lntimidating
|join|noccliolinee
|player|p1|lntimidating|161
|player|p2|noccliolinee|203
|gametype|singles
|gen|6
|tier|OU
|rated
|clearpoke
|poke|p1|Gardevoir, F, shiny
|poke|p1|Klefki, F
|poke|p1|Rotom-Wash
|poke|p1|Landorus-Therian, M
|poke|p1|Starmie
|poke|p1|Chansey, F
|poke|p2|Garchomp, F
|poke|p2|Heatran, F
|poke|p2|Skarmory, M
|poke|p2|Sylveon, M
|poke|p2|Bisharp, F
|poke|p2|Charizard, F
|rule|Swagger Clause: Swagger is banned
|rule|Baton Pass Clause: Limit one PokÃ©mon knowing Baton Pass
|rule|Sleep Clause Mod: Limit one foe put to sleep
|rule|Species Clause: Limit one of each PokÃ©mon
|rule|OHKO Clause: OHKO moves are banned
|rule|Moody Clause: Moody is banned
|rule|Evasion Moves Clause: Evasion moves are banned
|rule|Endless Battle Clause: Forcing endless battles is banned
|rule|HP Percentage Mod: HP is shown in percentages
|teampreview
|
|start
|switch|p1a: Starmie|Starmie|261\/261
|switch|p2a: Charizard|Charizard, F|297\/297
|turn|1
|
|switch|p1a: Chansey|Chansey, F|704\/704
|detailschange|p2a: Charizard|Charizard-Mega-Y, F
|message|Charizard has Mega Evolved into Mega Charizard!
|-weather|SunnyDay
|move|p2a: Charizard|Solar Beam|p1a: Chansey|[still]
|-prepare|p2a: Charizard|Solar Beam|p1a: Chansey
|-anim|p2a: Charizard|Solar Beam|p1a: Chansey
|-damage|p1a: Chansey|593\/704
|
|-weather|SunnyDay|[upkeep]
|turn|2
|
|switch|p2a: Heatran|Heatran, F|385\/385
|move|p1a: Chansey|Thunder Wave|p2a: Heatran
|-status|p2a: Heatran|par
|
|-weather|SunnyDay|[upkeep]
|turn|3
|
|move|p1a: Chansey|Stealth Rock|p2a: Heatran
|-sidestart|p2: noccliolinee|move: Stealth Rock
|move|p2a: Heatran|Toxic|p1a: Chansey
|-status|p1a: Chansey|tox
|
|-weather|SunnyDay|[upkeep]
|-damage|p1a: Chansey|549\/704 tox|[from] psn
|turn|4
|
|switch|p1a: Landorus-Therian|Landorus-Therian, M|319\/319
|-ability|p1a: Landorus-Therian|Intimidate|[of] p2a: Heatran
|-unboost|p2a: Heatran|atk|1
|move|p2a: Heatran|Taunt|p1a: Landorus-Therian
|-start|p1a: Landorus-Therian|move: Taunt
|
|-weather|SunnyDay|[upkeep]
|turn|5
|
|switch|p2a: Skarmory|Skarmory, M|334\/334
|-damage|p2a: Skarmory|293\/334|[from] Stealth Rock
|move|p1a: Landorus-Therian|U-turn|p2a: Skarmory
|-resisted|p2a: Skarmory
|-damage|p2a: Skarmory|279\/334
|
|switch|p1a: Gardevoir|Gardevoir, F, shiny|277\/277
|-ability|p1a: Gardevoir|Sturdy|[from] ability: Trace|[of] p2a: Skarmory
|
|-weather|none
|turn|6
|
|move|p1a: Gardevoir|Hidden Power|p2a: Skarmory
|-supereffective|p2a: Skarmory
|-damage|p2a: Skarmory|107\/334
|move|p2a: Skarmory|Defog|p1a: Gardevoir
|-unboost|p1a: Gardevoir|evasion|1
|-sideend|p2: noccliolinee|Stealth Rock|[from] move: Defog|[of] p2a: Skarmory
|
|turn|7
|
|switch|p1a: Landorus-Therian|Landorus-Therian, M|319\/319
|-ability|p1a: Landorus-Therian|Intimidate|[of] p2a: Skarmory
|-unboost|p2a: Skarmory|atk|1
|switch|p2a: Heatran|Heatran, F|385\/385 par
|
|turn|8
|
|switch|p2a: Charizard|Charizard-Mega-Y, F|297\/297
|-weather|SunnyDay
|move|p1a: Landorus-Therian|Earthquake|p2a: Charizard
|-immune|p2a: Charizard|[msg]
|
|-weather|SunnyDay|[upkeep]
|turn|9
|
|switch|p1a: Chansey|Chansey, F|549\/704
|switch|p2a: Garchomp|Garchomp, F|358\/358
|
|-weather|SunnyDay|[upkeep]
|turn|10
|
|switch|p1a: Gardevoir|Gardevoir, F, shiny|277\/277
|-ability|p1a: Gardevoir|Rough Skin|[from] ability: Trace|[of] p2a: Garchomp
|move|p2a: Garchomp|Swords Dance|p2a: Garchomp
|-boost|p2a: Garchomp|atk|2
|
|-weather|SunnyDay|[upkeep]
|turn|11
|
|switch|p1a: Landorus-Therian|Landorus-Therian, M|319\/319
|-ability|p1a: Landorus-Therian|Intimidate|[of] p2a: Garchomp
|-unboost|p2a: Garchomp|atk|1
|move|p2a: Garchomp|Earthquake|p1a: Landorus-Therian
|-immune|p1a: Landorus-Therian|[msg]
|
|-weather|SunnyDay|[upkeep]
|turn|12
|
|move|p1a: Landorus-Therian|Earthquake|p2a: Garchomp
|-damage|p2a: Garchomp|157\/358
|move|p2a: Garchomp|Dragon Claw|p1a: Landorus-Therian
|-crit|p1a: Landorus-Therian
|-damage|p1a: Landorus-Therian|0 fnt
|faint|p1a: Landorus-Therian
|
|-weather|none
|
|switch|p1a: Starmie|Starmie|261\/261
|turn|13
|
|switch|p2a: Sylveon|Sylveon, M|394\/394
|move|p1a: Starmie|Ice Beam|p2a: Sylveon
|-damage|p2a: Sylveon|302\/394
|-damage|p1a: Starmie|235\/261|[from] item: Life Orb
|
|-heal|p2a: Sylveon|326\/394|[from] item: Leftovers
|turn|14
|
|switch|p1a: Klefki|Klefki, F|318\/318
|move|p2a: Sylveon|Wish|p2a: Sylveon
|
|-heal|p2a: Sylveon|350\/394|[from] item: Leftovers
|turn|15
|
|switch|p2a: Bisharp|Bisharp, F|271\/271
|move|p1a: Klefki|Spikes|p2a: Bisharp
|-sidestart|p2: noccliolinee|Spikes
|
|turn|16
|
|move|p1a: Klefki|Reflect|p1a: Klefki
|-sidestart|p1: lntimidating|Reflect
|move|p2a: Bisharp|Swords Dance|p2a: Bisharp
|-boost|p2a: Bisharp|atk|2
|
|turn|17
|
|switch|p1a: Rotom-Wash|Rotom-Wash|299\/299
|move|p2a: Bisharp|Knock Off|p1a: Rotom-Wash
|-damage|p1a: Rotom-Wash|127\/299
|-enditem|p1a: Rotom-Wash|Leftovers|[from] move: Knock Off|[of] p2a: Bisharp
|
|turn|18
|
|switch|p2a: Charizard|Charizard-Mega-Y, F|297\/297
|-weather|SunnyDay
|move|p1a: Rotom-Wash|Pain Split|p2a: Charizard
|-sethp|p2a: Charizard|212\/297|p1a: Rotom-Wash|212\/299|[from] move: Pain Split
|
|-weather|SunnyDay|[upkeep]
|turn|19
|
|switch|p1a: Chansey|Chansey, F|549\/704
|move|p2a: Charizard|Solar Beam|p1a: Chansey|[still]
|-prepare|p2a: Charizard|Solar Beam|p1a: Chansey
|-anim|p2a: Charizard|Solar Beam|p1a: Chansey
|-crit|p1a: Chansey
|-damage|p1a: Chansey|388\/704
|
|-weather|SunnyDay|[upkeep]
|turn|20
|
|switch|p2a: Garchomp|Garchomp, F|157\/358
|-damage|p2a: Garchomp|113\/358|[from] Spikes
|move|p1a: Chansey|Seismic Toss|p2a: Garchomp
|-damage|p2a: Garchomp|13\/358
|-damage|p1a: Chansey|300\/704|[from] ability: Rough Skin|[of] p2a: Garchomp
|-damage|p1a: Chansey|183\/704|[from] item: Rocky Helmet|[of] p2a: Garchomp
|
|-weather|SunnyDay|[upkeep]
|turn|21
|
|switch|p1a: Starmie|Starmie|235\/261
|move|p2a: Garchomp|Earthquake|p1a: Starmie
|-damage|p1a: Starmie|138\/261
|
|-weather|SunnyDay|[upkeep]
|turn|22
|
|switch|p2a: Heatran|Heatran, F|385\/385 par
|-damage|p2a: Heatran|337\/385 par|[from] Spikes
|move|p1a: Starmie|Ice Beam|p2a: Heatran
|-resisted|p2a: Heatran
|-damage|p2a: Heatran|315\/385 par
|-damage|p1a: Starmie|112\/261|[from] item: Life Orb
|
|-weather|none
|-heal|p2a: Heatran|339\/385 par|[from] item: Leftovers
|turn|23
|
|switch|p2a: Sylveon|Sylveon, M|350\/394
|-damage|p2a: Sylveon|301\/394|[from] Spikes
|move|p1a: Starmie|Hydro Pump|p2a: Sylveon
|-crit|p2a: Sylveon
|-damage|p2a: Sylveon|63\/394
|-damage|p1a: Starmie|86\/261|[from] item: Life Orb
|
|-heal|p2a: Sylveon|87\/394|[from] item: Leftovers
|-sideend|p1: lntimidating|Reflect
|turn|24
|
|move|p2a: Sylveon|Protect|p2a: Sylveon
|-singleturn|p2a: Sylveon|Protect
|move|p1a: Starmie|Hydro Pump|p2a: Sylveon
|-activate|p2a: Sylveon|Protect
|
|-heal|p2a: Sylveon|111\/394|[from] item: Leftovers
|turn|25
|
|move|p1a: Starmie|Hydro Pump|p2a: Sylveon
|-damage|p2a: Sylveon|0 fnt
|-damage|p1a: Starmie|60\/261|[from] item: Life Orb
|faint|p2a: Sylveon
|
|
|switch|p2a: Bisharp|Bisharp, F|271\/271
|-damage|p2a: Bisharp|238\/271|[from] Spikes
|turn|26
|
|switch|p1a: Rotom-Wash|Rotom-Wash|212\/299
|move|p2a: Bisharp|Swords Dance|p2a: Bisharp
|-boost|p2a: Bisharp|atk|2
|
|turn|27
|
|move|p2a: Bisharp|Knock Off|p1a: Rotom-Wash
|-damage|p1a: Rotom-Wash|2\/299
|move|p1a: Rotom-Wash|Thunder Wave|p2a: Bisharp
|-status|p2a: Bisharp|par
|
|turn|28
|
|move|p1a: Rotom-Wash|Pain Split|p2a: Bisharp
|-sethp|p2a: Bisharp|120\/271 par|p1a: Rotom-Wash|120\/299|[from] move: Pain Split
|cant|p2a: Bisharp|par
|
|turn|29
|
|move|p1a: Rotom-Wash|Hydro Pump|p2a: Bisharp|[miss]
|-miss|p1a: Rotom-Wash|p2a: Bisharp
|move|p2a: Bisharp|Knock Off|p1a: Rotom-Wash
|-damage|p1a: Rotom-Wash|0 fnt
|faint|p1a: Rotom-Wash
|
|
|switch|p1a: Starmie|Starmie|60\/261
|turn|30
|
|cant|p2a: Bisharp|par
|move|p1a: Starmie|Thunderbolt|p2a: Bisharp
|-damage|p2a: Bisharp|0 fnt
|-damage|p1a: Starmie|34\/261|[from] item: Life Orb
|faint|p2a: Bisharp
|
|
|switch|p2a: Heatran|Heatran, F|339\/385 par
|-damage|p2a: Heatran|291\/385 par|[from] Spikes
|turn|31
|c|ânoccliolinee|dat luck
|
|move|p1a: Starmie|Hydro Pump|p2a: Heatran
|-supereffective|p2a: Heatran
|-damage|p2a: Heatran|8\/385 par
|-damage|p1a: Starmie|8\/261|[from] item: Life Orb
|move|p2a: Heatran|Earth Power|p1a: Starmie
|-damage|p1a: Starmie|0 fnt
|faint|p1a: Starmie
|
|-heal|p2a: Heatran|32\/385 par|[from] item: Leftovers
|
|switch|p1a: Chansey|Chansey, F|183\/704
|turn|32
|
|move|p1a: Chansey|Soft-Boiled|p1a: Chansey
|-heal|p1a: Chansey|535\/704
|move|p2a: Heatran|Toxic|p1a: Chansey
|-status|p1a: Chansey|tox
|
|-heal|p2a: Heatran|56\/385 par|[from] item: Leftovers
|-damage|p1a: Chansey|491\/704 tox|[from] psn
|turn|33
|
|switch|p2a: Charizard|Charizard-Mega-Y, F|212\/297
|-weather|SunnyDay
|move|p1a: Chansey|Seismic Toss|p2a: Charizard
|-damage|p2a: Charizard|112\/297
|
|-weather|SunnyDay|[upkeep]
|-damage|p1a: Chansey|403\/704 tox|[from] psn
|turn|34
|
|move|p2a: Charizard|Earthquake|p1a: Chansey
|-damage|p1a: Chansey|302\/704 tox
|move|p1a: Chansey|Thunder Wave|p2a: Charizard
|-status|p2a: Charizard|par
|
|-weather|SunnyDay|[upkeep]
|-damage|p1a: Chansey|170\/704 tox|[from] psn
|turn|35
|
|move|p1a: Chansey|Soft-Boiled|p1a: Chansey
|-heal|p1a: Chansey|522\/704 tox
|move|p2a: Charizard|Flamethrower|p1a: Chansey
|-damage|p1a: Chansey|357\/704 tox
|
|-weather|SunnyDay|[upkeep]
|-damage|p1a: Chansey|181\/704 tox|[from] psn
|turn|36
|
|move|p1a: Chansey|Seismic Toss|p2a: Charizard
|-damage|p2a: Charizard|12\/297 par
|move|p2a: Charizard|Flamethrower|p1a: Chansey
|-damage|p1a: Chansey|12\/704 tox
|
|-weather|SunnyDay|[upkeep]
|-damage|p1a: Chansey|0 fnt|[from] psn
|faint|p1a: Chansey
|
|switch|p1a: Klefki|Klefki, F|318\/318
|turn|37
|
|move|p1a: Klefki|Reflect|p1a: Klefki
|-sidestart|p1: lntimidating|Reflect
|cant|p2a: Charizard|par
|
|-weather|none
|turn|38
|
|switch|p2a: Heatran|Heatran, F|56\/385 par
|-damage|p2a: Heatran|8\/385 par|[from] Spikes
|move|p1a: Klefki|Spikes|p2a: Heatran
|-sidestart|p2: noccliolinee|Spikes
|
|-heal|p2a: Heatran|32\/385 par|[from] item: Leftovers
|turn|39
|
|switch|p1a: Gardevoir|Gardevoir, F, shiny|277\/277
|-ability|p1a: Gardevoir|Flash Fire|[from] ability: Trace|[of] p2a: Heatran
|move|p2a: Heatran|Toxic|p1a: Gardevoir|[miss]
|-miss|p2a: Heatran|p1a: Gardevoir
|
|-heal|p2a: Heatran|56\/385 par|[from] item: Leftovers
|turn|40
|
|detailschange|p1a: Gardevoir|Gardevoir-Mega, F, shiny
|message|Gardevoir has Mega Evolved into Mega Gardevoir!
|move|p1a: Gardevoir|Psyshock|p2a: Heatran
|-crit|p2a: Heatran
|-resisted|p2a: Heatran
|-damage|p2a: Heatran|0 fnt
|faint|p2a: Heatran
|
|c|ânoccliolinee|luck
|c|ânoccliolinee|gg luck
|-message|noccliolinee forfeited.
|
|win|lntimidating
|raw|Ladder updating...
|leave|noccliolinee
|player|p2
|raw|lntimidating's rating: 1577 &rarr; <strong>1586<\/strong><br \/>(+9 for winning)
|raw|noccliolinee's rating: 1358 &rarr; <strong>1349<\/strong><br \/>(-9 for losing)