|join|Noccliolinee
|join|loverss gotta love
|player|p1|Noccliolinee|203
|player|p2|loverss gotta love|68
|gametype|singles
|gen|6
|tier|OU
|rated
|clearpoke
|poke|p1|Garchomp, M
|poke|p1|Heatran, F
|poke|p1|Skarmory, F
|poke|p1|Sylveon, F
|poke|p1|Bisharp, F
|poke|p1|Gyarados, F
|poke|p2|Beedrill, F
|poke|p2|Alomomola, F
|poke|p2|Ferrothorn, F
|poke|p2|Thundurus, M
|poke|p2|Landorus, M
|poke|p2|Tyranitar, M
|rule|Swagger Clause: Swagger is banned
|rule|Baton Pass Clause: Limit one PokÃ©mon knowing Baton Pass
|rule|Sleep Clause Mod: Limit one foe put to sleep
|rule|Species Clause: Limit one of each PokÃ©mon
|rule|OHKO Clause: OHKO moves are banned
|rule|Moody Clause: Moody is banned
|rule|Evasion Moves Clause: Evasion moves are banned
|rule|Endless Battle Clause: Forcing endless battles is banned
|rule|HP Percentage Mod: HP is shown in percentages
|teampreview
|
|start
|switch|p1a: Gyarados|Gyarados, F|394\/394
|switch|p2a: Thundurus|Thundurus, M|300\/300
|-ability|p1a: Gyarados|Intimidate|[of] p2a: Thundurus
|-unboost|p2a: Thundurus|atk|1
|turn|1
|
|switch|p1a: Sylveon|Sylveon, F|394\/394
|move|p2a: Thundurus|Volt Switch|p1a: Sylveon
|-damage|p1a: Sylveon|300\/394
|
|switch|p2a: Beedrill|Beedrill, F|272\/272
|
|-heal|p1a: Sylveon|324\/394|[from] item: Leftovers
|turn|2
|
|switch|p1a: Skarmory|Skarmory, F|334\/334
|detailschange|p2a: Beedrill|Beedrill-Mega, F
|message|Beedrill has Mega Evolved into Mega Beedrill!
|move|p2a: Beedrill|Knock Off|p1a: Skarmory
|-damage|p1a: Skarmory|247\/334
|-enditem|p1a: Skarmory|Shed Shell|[from] move: Knock Off|[of] p2a: Beedrill
|
|turn|3
|
|move|p2a: Beedrill|U-turn|p1a: Skarmory
|-resisted|p1a: Skarmory
|-damage|p1a: Skarmory|217\/334
|
|switch|p2a: Ferrothorn|Ferrothorn, F|352\/352
|move|p1a: Skarmory|Spikes|p2a: Ferrothorn
|-sidestart|p2: loverss gotta love|Spikes
|
|turn|4
|
|switch|p1a: Bisharp|Bisharp, F|334\/334
|move|p2a: Ferrothorn|Stealth Rock|p1a: Bisharp
|-sidestart|p1: Noccliolinee|move: Stealth Rock
|
|turn|5
|
|switch|p2a: Alomomola|Alomomola, F|534\/534
|-damage|p2a: Alomomola|468\/534|[from] Spikes
|move|p1a: Bisharp|Swords Dance|p1a: Bisharp
|-boost|p1a: Bisharp|atk|2
|
|-heal|p2a: Alomomola|501\/534|[from] item: Leftovers
|turn|6
|
|move|p1a: Bisharp|Swords Dance|p1a: Bisharp
|-boost|p1a: Bisharp|atk|2
|move|p2a: Alomomola|Scald|p1a: Bisharp
|-damage|p1a: Bisharp|270\/334
|
|-heal|p2a: Alomomola|534\/534|[from] item: Leftovers
|turn|7
|
|move|p1a: Bisharp|Swords Dance|p1a: Bisharp
|-boost|p1a: Bisharp|atk|2
|move|p2a: Alomomola|Scald|p1a: Bisharp
|-damage|p1a: Bisharp|206\/334
|-status|p1a: Bisharp|brn
|
|-damage|p1a: Bisharp|165\/334 brn|[from] brn
|turn|8
|
|move|p2a: Alomomola|Protect|p2a: Alomomola
|-singleturn|p2a: Alomomola|Protect
|move|p1a: Bisharp|Knock Off|p2a: Alomomola
|-activate|p2a: Alomomola|Protect
|
|-damage|p1a: Bisharp|124\/334 brn|[from] brn
|turn|9
|
|switch|p1a: Sylveon|Sylveon, F|324\/394
|-damage|p1a: Sylveon|275\/394|[from] Stealth Rock
|switch|p2a: Ferrothorn|Ferrothorn, F|352\/352
|-damage|p2a: Ferrothorn|308\/352|[from] Spikes
|
|-heal|p1a: Sylveon|299\/394|[from] item: Leftovers
|turn|10
|
|switch|p1a: Heatran|Heatran, F|385\/385
|-damage|p1a: Heatran|337\/385|[from] Stealth Rock
|move|p2a: Ferrothorn|Gyro Ball|p1a: Heatran
|-resisted|p1a: Heatran
|-damage|p1a: Heatran|303\/385
|
|-heal|p1a: Heatran|327\/385|[from] item: Leftovers
|turn|11
|
|move|p1a: Heatran|Lava Plume|p2a: Ferrothorn
|-supereffective|p2a: Ferrothorn
|-damage|p2a: Ferrothorn|4\/352
|move|p2a: Ferrothorn|Leech Seed|p1a: Heatran
|-start|p1a: Heatran|move: Leech Seed
|
|-heal|p1a: Heatran|351\/385|[from] item: Leftovers
|-damage|p1a: Heatran|303\/385|[from] Leech Seed|[of] p2a: Ferrothorn
|-heal|p2a: Ferrothorn|52\/352|[silent]
|turn|12
|
|switch|p1a: Skarmory|Skarmory, F|217\/334
|-damage|p1a: Skarmory|176\/334|[from] Stealth Rock
|move|p2a: Ferrothorn|Protect|p2a: Ferrothorn
|-fail|p2a: Ferrothorn
|
|turn|13
|
|move|p1a: Skarmory|Spikes|p2a: Ferrothorn
|-sidestart|p2: loverss gotta love|Spikes
|move|p2a: Ferrothorn|Leech Seed|p1a: Skarmory
|-start|p1a: Skarmory|move: Leech Seed
|
|-damage|p1a: Skarmory|135\/334|[from] Leech Seed|[of] p2a: Ferrothorn
|-heal|p2a: Ferrothorn|93\/352|[silent]
|turn|14
|
|move|p1a: Skarmory|Roost|p1a: Skarmory
|-heal|p1a: Skarmory|302\/334
|move|p2a: Ferrothorn|Gyro Ball|p1a: Skarmory
|-resisted|p1a: Skarmory
|-damage|p1a: Skarmory|266\/334
|
|-damage|p1a: Skarmory|225\/334|[from] Leech Seed|[of] p2a: Ferrothorn
|-heal|p2a: Ferrothorn|134\/352|[silent]
|turn|15
|
|move|p2a: Ferrothorn|Protect|p2a: Ferrothorn
|-singleturn|p2a: Ferrothorn|Protect
|move|p1a: Skarmory|Spikes|p2a: Ferrothorn
|-sidestart|p2: loverss gotta love|Spikes
|
|-damage|p1a: Skarmory|184\/334|[from] Leech Seed|[of] p2a: Ferrothorn
|-heal|p2a: Ferrothorn|175\/352|[silent]
|turn|16
|
|move|p1a: Skarmory|Roost|p1a: Skarmory
|-heal|p1a: Skarmory|334\/334
|move|p2a: Ferrothorn|Gyro Ball|p1a: Skarmory
|-resisted|p1a: Skarmory
|-damage|p1a: Skarmory|292\/334
|
|-damage|p1a: Skarmory|251\/334|[from] Leech Seed|[of] p2a: Ferrothorn
|-heal|p2a: Ferrothorn|216\/352|[silent]
|turn|17
|
|switch|p1a: Heatran|Heatran, F|303\/385
|-damage|p1a: Heatran|255\/385|[from] Stealth Rock
|move|p2a: Ferrothorn|Leech Seed|p1a: Heatran
|-start|p1a: Heatran|move: Leech Seed
|
|-heal|p1a: Heatran|279\/385|[from] item: Leftovers
|-damage|p1a: Heatran|231\/385|[from] Leech Seed|[of] p2a: Ferrothorn
|-heal|p2a: Ferrothorn|264\/352|[silent]
|turn|18
|
|switch|p2a: Tyranitar|Tyranitar, M|385\/385
|-damage|p2a: Tyranitar|289\/385|[from] Spikes
|-weather|Sandstorm
|move|p1a: Heatran|Lava Plume|p2a: Tyranitar
|-resisted|p2a: Tyranitar
|-damage|p2a: Tyranitar|250\/385
|
|-weather|Sandstorm|[upkeep]
|-heal|p1a: Heatran|255\/385|[from] item: Leftovers
|-damage|p1a: Heatran|207\/385|[from] Leech Seed|[of] p2a: Tyranitar
|-heal|p2a: Tyranitar|298\/385|[silent]
|turn|19
|
|switch|p1a: Gyarados|Gyarados, F|394\/394
|-damage|p1a: Gyarados|296\/394|[from] Stealth Rock
|-ability|p1a: Gyarados|Intimidate|[of] p2a: Tyranitar
|-unboost|p2a: Tyranitar|atk|1
|move|p2a: Tyranitar|Crunch|p1a: Gyarados
|-damage|p1a: Gyarados|109\/394
|
|-weather|Sandstorm|[upkeep]
|-damage|p1a: Gyarados|85\/394|[from] sandstorm
|turn|20
|
|switch|p2a: Alomomola|Alomomola, F|534\/534
|-damage|p2a: Alomomola|401\/534|[from] Spikes
|detailschange|p1a: Gyarados|Gyarados-Mega, F
|message|Gyarados has Mega Evolved into Mega Gyarados!
|-ability|p1a: Gyarados|Mold Breaker
|move|p1a: Gyarados|Rest|p1a: Gyarados
|-status|p1a: Gyarados|slp
|-heal|p1a: Gyarados|394\/394 slp|[silent]
|-status|p1a: Gyarados|slp|[from] move: Rest
|
|-weather|Sandstorm|[upkeep]
|-damage|p1a: Gyarados|370\/394 slp|[from] sandstorm
|-damage|p2a: Alomomola|368\/534|[from] sandstorm
|-heal|p2a: Alomomola|401\/534|[from] item: Leftovers
|turn|21
|
|cant|p1a: Gyarados|slp
|move|p1a: Gyarados|Sleep Talk|p1a: Gyarados
|move|p1a: Gyarados|Waterfall|p2a: Alomomola|[from]Sleep Talk
|-resisted|p2a: Alomomola
|-damage|p2a: Alomomola|326\/534
|cant|p2a: Alomomola|flinch
|
|-weather|Sandstorm|[upkeep]
|-damage|p1a: Gyarados|346\/394 slp|[from] sandstorm
|-damage|p2a: Alomomola|293\/534|[from] sandstorm
|-heal|p2a: Alomomola|326\/534|[from] item: Leftovers
|turn|22
|
|cant|p1a: Gyarados|slp
|move|p1a: Gyarados|Sleep Talk|p1a: Gyarados
|move|p1a: Gyarados|Earthquake|p2a: Alomomola|[from]Sleep Talk
|-damage|p2a: Alomomola|213\/534
|move|p2a: Alomomola|Wish|p2a: Alomomola
|
|-weather|none
|-heal|p2a: Alomomola|246\/534|[from] item: Leftovers
|turn|23
|
|switch|p1a: Sylveon|Sylveon, F|299\/394
|-damage|p1a: Sylveon|250\/394|[from] Stealth Rock
|switch|p2a: Thundurus|Thundurus, M|300\/300
|
|-heal|p1a: Sylveon|274\/394|[from] item: Leftovers
|turn|24
|
|move|p2a: Thundurus|Thunder Wave|p1a: Sylveon
|-status|p1a: Sylveon|par
|move|p1a: Sylveon|Wish|p1a: Sylveon
|
|-heal|p1a: Sylveon|298\/394 par|[from] item: Leftovers
|turn|25
|
|move|p2a: Thundurus|Volt Switch|p1a: Sylveon
|-damage|p1a: Sylveon|192\/394 par
|
|switch|p2a: Ferrothorn|Ferrothorn, F|264\/352
|-damage|p2a: Ferrothorn|176\/352|[from] Spikes
|cant|p1a: Sylveon|par
|
|-heal|p1a: Sylveon|389\/394 par|[from] move: Wish|[wisher] Sylveon
|-heal|p1a: Sylveon|394\/394 par|[from] item: Leftovers
|turn|26
|
|move|p2a: Ferrothorn|Leech Seed|p1a: Sylveon|[miss]
|-miss|p2a: Ferrothorn|p1a: Sylveon
|move|p1a: Sylveon|Heal Bell|p1a: Sylveon
|-cureteam|p1a: Sylveon|[from] move: HealBell
|
|turn|27
|
|move|p1a: Sylveon|Wish|p1a: Sylveon
|move|p2a: Ferrothorn|Leech Seed|p1a: Sylveon
|-start|p1a: Sylveon|move: Leech Seed
|
|-damage|p1a: Sylveon|345\/394|[from] Leech Seed|[of] p2a: Ferrothorn
|-heal|p2a: Ferrothorn|225\/352|[silent]
|turn|28
|
|switch|p1a: Bisharp|Bisharp, F|124\/334
|-damage|p1a: Bisharp|104\/334|[from] Stealth Rock
|move|p2a: Ferrothorn|Leech Seed|p1a: Bisharp
|-start|p1a: Bisharp|move: Leech Seed
|
|-heal|p1a: Bisharp|301\/334|[from] move: Wish|[wisher] Sylveon
|-damage|p1a: Bisharp|260\/334|[from] Leech Seed|[of] p2a: Ferrothorn
|-heal|p2a: Ferrothorn|266\/352|[silent]
|turn|29
|
|move|p1a: Bisharp|Swords Dance|p1a: Bisharp
|-boost|p1a: Bisharp|atk|2
|move|p2a: Ferrothorn|Gyro Ball|p1a: Bisharp
|-resisted|p1a: Bisharp
|-damage|p1a: Bisharp|201\/334
|
|-damage|p1a: Bisharp|160\/334|[from] Leech Seed|[of] p2a: Ferrothorn
|-heal|p2a: Ferrothorn|307\/352|[silent]
|turn|30
|
|move|p2a: Ferrothorn|Protect|p2a: Ferrothorn
|-singleturn|p2a: Ferrothorn|Protect
|move|p1a: Bisharp|Swords Dance|p1a: Bisharp
|-boost|p1a: Bisharp|atk|2
|
|-damage|p1a: Bisharp|119\/334|[from] Leech Seed|[of] p2a: Ferrothorn
|-heal|p2a: Ferrothorn|348\/352|[silent]
|turn|31
|
|move|p1a: Bisharp|Knock Off|p2a: Ferrothorn
|-damage|p2a: Ferrothorn|0 fnt
|-damage|p1a: Bisharp|78\/334|[from] ability: Iron Barbs|[of] p2a: Ferrothorn
|-enditem|p2a: Ferrothorn|Shed Shell|[from] move: Knock Off|[of] p1a: Bisharp
|faint|p2a: Ferrothorn
|
|
|switch|p2a: Beedrill|Beedrill-Mega, F|272\/272
|-damage|p2a: Beedrill|204\/272|[from] Spikes
|turn|32
|
|move|p2a: Beedrill|Protect|p2a: Beedrill
|-singleturn|p2a: Beedrill|Protect
|move|p1a: Bisharp|Sucker Punch|p2a: Beedrill
|-fail|p2a: Beedrill
|
|-damage|p1a: Bisharp|37\/334|[from] Leech Seed|[of] p2a: Beedrill
|-heal|p2a: Beedrill|245\/272|[silent]
|turn|33
|
|move|p2a: Beedrill|U-turn|p1a: Bisharp
|-damage|p1a: Bisharp|0 fnt
|faint|p1a: Bisharp
|
|switch|p2a: Thundurus|Thundurus, M|300\/300
|
|
|switch|p1a: Sylveon|Sylveon, F|345\/394
|-damage|p1a: Sylveon|296\/394|[from] Stealth Rock
|turn|34
|
|move|p2a: Thundurus|Thunder Wave|p1a: Sylveon
|-status|p1a: Sylveon|par
|cant|p1a: Sylveon|par
|
|-heal|p1a: Sylveon|320\/394 par|[from] item: Leftovers
|turn|35
|
|move|p2a: Thundurus|Volt Switch|p1a: Sylveon
|-damage|p1a: Sylveon|230\/394 par
|
|switch|p2a: Tyranitar|Tyranitar, M|298\/385
|-damage|p2a: Tyranitar|202\/385|[from] Spikes
|-weather|Sandstorm
|cant|p1a: Sylveon|par
|
|-weather|Sandstorm|[upkeep]
|-damage|p1a: Sylveon|206\/394 par|[from] sandstorm
|-heal|p1a: Sylveon|230\/394 par|[from] item: Leftovers
|turn|36
|
|move|p2a: Tyranitar|Stone Edge|p1a: Sylveon|[miss]
|-miss|p2a: Tyranitar|p1a: Sylveon
|cant|p1a: Sylveon|par
|
|-weather|Sandstorm|[upkeep]
|-damage|p1a: Sylveon|206\/394 par|[from] sandstorm
|-heal|p1a: Sylveon|230\/394 par|[from] item: Leftovers
|turn|37
|
|switch|p1a: Garchomp|Garchomp, M|358\/358
|-damage|p1a: Garchomp|336\/358|[from] Stealth Rock
|move|p2a: Tyranitar|Stone Edge|p1a: Garchomp
|-resisted|p1a: Garchomp
|-damage|p1a: Garchomp|186\/358
|
|-weather|Sandstorm|[upkeep]
|turn|38
|
|switch|p2a: Alomomola|Alomomola, F|424\/534
|-damage|p2a: Alomomola|291\/534|[from] Spikes
|move|p1a: Garchomp|Stealth Rock|p2a: Alomomola
|-sidestart|p2: loverss gotta love|move: Stealth Rock
|
|-weather|Sandstorm|[upkeep]
|-damage|p2a: Alomomola|258\/534|[from] sandstorm
|-heal|p2a: Alomomola|291\/534|[from] item: Leftovers
|turn|39
|
|move|p1a: Garchomp|Swords Dance|p1a: Garchomp
|-boost|p1a: Garchomp|atk|2
|move|p2a: Alomomola|Wish|p2a: Alomomola
|
|-weather|none
|-heal|p2a: Alomomola|324\/534|[from] item: Leftovers
|turn|40
|
|move|p1a: Garchomp|Swords Dance|p1a: Garchomp
|-boost|p1a: Garchomp|atk|2
|move|p2a: Alomomola|Scald|p1a: Garchomp
|-damage|p1a: Garchomp|132\/358
|
|-heal|p2a: Alomomola|534\/534|[from] move: Wish|[wisher] Alomomola
|turn|41
|
|move|p1a: Garchomp|Dragon Claw|p2a: Alomomola
|-damage|p2a: Alomomola|174\/534
|move|p2a: Alomomola|Wish|p2a: Alomomola
|
|-heal|p2a: Alomomola|207\/534|[from] item: Leftovers
|turn|42
|
|move|p1a: Garchomp|Dragon Claw|p2a: Alomomola
|-damage|p2a: Alomomola|0 fnt
|faint|p2a: Alomomola
|
|
|switch|p2a: Thundurus|Thundurus, M|300\/300
|-damage|p2a: Thundurus|225\/300|[from] Stealth Rock
|turn|43
|
|move|p2a: Thundurus|Hidden Power|p1a: Garchomp
|-supereffective|p1a: Garchomp
|-damage|p1a: Garchomp|0 fnt
|faint|p1a: Garchomp
|
|-heal|p2a: Thundurus|243\/300|[from] item: Leftovers
|
|switch|p1a: Sylveon|Sylveon, F|230\/394 par
|-damage|p1a: Sylveon|181\/394 par|[from] Stealth Rock
|turn|44
|
|move|p2a: Thundurus|Volt Switch|p1a: Sylveon
|-damage|p1a: Sylveon|75\/394 par
|
|switch|p2a: Tyranitar|Tyranitar, M|202\/385
|-damage|p2a: Tyranitar|106\/385|[from] Spikes
|-damage|p2a: Tyranitar|58\/385|[from] Stealth Rock
|-weather|Sandstorm
|move|p1a: Sylveon|Wish|p1a: Sylveon
|
|-weather|Sandstorm|[upkeep]
|-damage|p1a: Sylveon|51\/394 par|[from] sandstorm
|-heal|p1a: Sylveon|75\/394 par|[from] item: Leftovers
|turn|45
|
|move|p1a: Sylveon|Protect|p1a: Sylveon
|-singleturn|p1a: Sylveon|Protect
|move|p2a: Tyranitar|Crunch|p1a: Sylveon
|-activate|p1a: Sylveon|Protect
|
|-weather|Sandstorm|[upkeep]
|-damage|p1a: Sylveon|51\/394 par|[from] sandstorm
|-heal|p1a: Sylveon|248\/394 par|[from] move: Wish|[wisher] Sylveon
|-heal|p1a: Sylveon|272\/394 par|[from] item: Leftovers
|turn|46
|
|move|p2a: Tyranitar|Crunch|p1a: Sylveon
|-resisted|p1a: Sylveon
|-damage|p1a: Sylveon|167\/394 par
|move|p1a: Sylveon|Wish|p1a: Sylveon
|
|-weather|Sandstorm|[upkeep]
|-damage|p1a: Sylveon|143\/394 par|[from] sandstorm
|-heal|p1a: Sylveon|167\/394 par|[from] item: Leftovers
|turn|47
|
|move|p2a: Tyranitar|Crunch|p1a: Sylveon
|-resisted|p1a: Sylveon
|-damage|p1a: Sylveon|62\/394 par
|-unboost|p1a: Sylveon|def|1
|move|p1a: Sylveon|Heal Bell|p1a: Sylveon
|-cureteam|p1a: Sylveon|[from] move: HealBell
|
|-weather|Sandstorm|[upkeep]
|-damage|p1a: Sylveon|38\/394|[from] sandstorm
|-heal|p1a: Sylveon|235\/394|[from] move: Wish|[wisher] Sylveon
|-heal|p1a: Sylveon|259\/394|[from] item: Leftovers
|turn|48
|
|move|p1a: Sylveon|Protect|p1a: Sylveon
|-singleturn|p1a: Sylveon|Protect
|move|p2a: Tyranitar|Crunch|p1a: Sylveon
|-activate|p1a: Sylveon|Protect
|
|-weather|none
|-heal|p1a: Sylveon|283\/394|[from] item: Leftovers
|turn|49
|
|move|p2a: Tyranitar|Crunch|p1a: Sylveon
|-resisted|p1a: Sylveon
|-damage|p1a: Sylveon|122\/394
|move|p1a: Sylveon|Wish|p1a: Sylveon
|
|-heal|p1a: Sylveon|146\/394|[from] item: Leftovers
|turn|50
|
|move|p1a: Sylveon|Protect|p1a: Sylveon
|-singleturn|p1a: Sylveon|Protect
|move|p2a: Tyranitar|Crunch|p1a: Sylveon
|-activate|p1a: Sylveon|Protect
|
|-heal|p1a: Sylveon|343\/394|[from] move: Wish|[wisher] Sylveon
|-heal|p1a: Sylveon|367\/394|[from] item: Leftovers
|turn|51
|
|switch|p1a: Skarmory|Skarmory, F|251\/334
|-damage|p1a: Skarmory|210\/334|[from] Stealth Rock
|move|p2a: Tyranitar|Crunch|p1a: Skarmory
|-damage|p1a: Skarmory|72\/334
|
|turn|52
|
|move|p2a: Tyranitar|Crunch|p1a: Skarmory
|-damage|p1a: Skarmory|0 fnt
|faint|p1a: Skarmory
|
|
|switch|p1a: Gyarados|Gyarados-Mega, F|346\/394
|-damage|p1a: Gyarados|297\/394|[from] Stealth Rock
|-ability|p1a: Gyarados|Mold Breaker
|turn|53
|
|move|p1a: Gyarados|Waterfall|p2a: Tyranitar
|-supereffective|p2a: Tyranitar
|-damage|p2a: Tyranitar|0 fnt
|faint|p2a: Tyranitar
|
|
|switch|p2a: Thundurus|Thundurus, M|243\/300
|-damage|p2a: Thundurus|168\/300|[from] Stealth Rock
|turn|54
|
|switch|p1a: Sylveon|Sylveon, F|367\/394
|-damage|p1a: Sylveon|318\/394|[from] Stealth Rock
|move|p2a: Thundurus|Volt Switch|p1a: Sylveon
|-damage|p1a: Sylveon|219\/394
|
|switch|p2a: Beedrill|Beedrill-Mega, F|245\/272
|-damage|p2a: Beedrill|177\/272|[from] Spikes
|-damage|p2a: Beedrill|109\/272|[from] Stealth Rock
|
|-heal|p1a: Sylveon|243\/394|[from] item: Leftovers
|turn|55
|
|move|p1a: Sylveon|Protect|p1a: Sylveon
|-singleturn|p1a: Sylveon|Protect
|move|p2a: Beedrill|Poison Jab|p1a: Sylveon
|-activate|p1a: Sylveon|Protect
|
|-heal|p1a: Sylveon|267\/394|[from] item: Leftovers
|turn|56
|
|switch|p1a: Heatran|Heatran, F|207\/385
|-damage|p1a: Heatran|159\/385|[from] Stealth Rock
|move|p2a: Beedrill|Poison Jab|p1a: Heatran
|-immune|p1a: Heatran|[msg]
|
|-heal|p1a: Heatran|183\/385|[from] item: Leftovers
|turn|57
|
|move|p2a: Beedrill|Knock Off|p1a: Heatran
|-crit|p1a: Heatran
|-damage|p1a: Heatran|0 fnt
|-enditem|p1a: Heatran|Leftovers|[from] move: Knock Off|[of] p2a: Beedrill
|faint|p1a: Heatran
|
|
|switch|p1a: Gyarados|Gyarados-Mega, F|297\/394
|-damage|p1a: Gyarados|248\/394|[from] Stealth Rock
|-ability|p1a: Gyarados|Mold Breaker
|turn|58
|
|move|p2a: Beedrill|Poison Jab|p1a: Gyarados
|-damage|p1a: Gyarados|38\/394
|-status|p1a: Gyarados|psn
|move|p1a: Gyarados|Rest|p1a: Gyarados
|-status|p1a: Gyarados|slp
|-heal|p1a: Gyarados|394\/394 slp|[silent]
|-status|p1a: Gyarados|slp|[from] move: Rest
|
|turn|59
|
|move|p2a: Beedrill|Poison Jab|p1a: Gyarados
|-damage|p1a: Gyarados|168\/394 slp
|cant|p1a: Gyarados|slp
|move|p1a: Gyarados|Sleep Talk|p1a: Gyarados
|move|p1a: Gyarados|Rest|p1a: Gyarados|[from]Sleep Talk
|-fail|p1a: Gyarados
|
|turn|60
|
|move|p2a: Beedrill|Poison Jab|p1a: Gyarados
|-damage|p1a: Gyarados|0 fnt
|faint|p1a: Gyarados
|
|
|switch|p1a: Sylveon|Sylveon, F|267\/394
|-damage|p1a: Sylveon|218\/394|[from] Stealth Rock
|turn|61
|
|move|p2a: Beedrill|Poison Jab|p1a: Sylveon
|-crit|p1a: Sylveon
|-supereffective|p1a: Sylveon
|-damage|p1a: Sylveon|0 fnt
|faint|p1a: Sylveon
|
|win|loverss gotta love
|raw|Ladder updating...
|raw|Noccliolinee's rating: 1466 &rarr; <strong>1450<\/strong><br \/>(-16 for losing)
|raw|loverss gotta love's rating: 1529 &rarr; <strong>1545<\/strong><br \/>(+16 for winning)