|join|IceBlaze King
|join|noccliolinee
|player|p1|IceBlaze King|270
|player|p2|noccliolinee|203
|gametype|singles
|gen|6
|tier|OU
|rated
|clearpoke
|poke|p1|Ferrothorn, M
|poke|p1|Dragonite, M
|poke|p1|Slurpuff, M, shiny
|poke|p1|Greninja, F, shiny
|poke|p1|Typhlosion, F, shiny
|poke|p1|Sableye, F
|poke|p2|Rotom-Wash
|poke|p2|Clefable, M
|poke|p2|Skarmory, F
|poke|p2|Venusaur, F
|poke|p2|Bisharp, M
|poke|p2|Landorus-Therian, M
|rule|Swagger Clause: Swagger is banned
|rule|Baton Pass Clause: Limit one PokÃ©mon knowing Baton Pass
|rule|Sleep Clause Mod: Limit one foe put to sleep
|rule|Species Clause: Limit one of each PokÃ©mon
|rule|OHKO Clause: OHKO moves are banned
|rule|Moody Clause: Moody is banned
|rule|Evasion Moves Clause: Evasion moves are banned
|rule|Endless Battle Clause: Forcing endless battles is banned
|rule|HP Percentage Mod: HP is shown in percentages
|teampreview
|
|start
|switch|p1a: Little Drummer Boy|Slurpuff, M, shiny|306\/306
|switch|p2a: Landorus-Therian|Landorus-Therian, M|319\/319
|-ability|p2a: Landorus-Therian|Intimidate|[of] p1a: Little Drummer Boy
|-unboost|p1a: Little Drummer Boy|atk|1
|turn|1
|c|ânoccliolinee|omg typlhosion
|
|move|p2a: Landorus-Therian|Earthquake|p1a: Little Drummer Boy
|-damage|p1a: Little Drummer Boy|102\/306
|-enditem|p1a: Little Drummer Boy|Sitrus Berry|[eat]
|-heal|p1a: Little Drummer Boy|178\/306|[from] item: Sitrus Berry
|move|p1a: Little Drummer Boy|Belly Drum|p1a: Little Drummer Boy
|-damage|p1a: Little Drummer Boy|25\/306
|-setboost|p1a: Little Drummer Boy|atk|6|[from] move: Belly Drum
|
|turn|2
|
|move|p1a: Little Drummer Boy|Play Rough|p2a: Landorus-Therian
|-damage|p2a: Landorus-Therian|0 fnt
|faint|p2a: Landorus-Therian
|
|
|switch|p2a: Skarmory|Skarmory, F|334\/334
|turn|3
|
|move|p1a: Little Drummer Boy|Drain Punch|p2a: Skarmory
|-damage|p2a: Skarmory|160\/334
|-heal|p1a: Little Drummer Boy|112\/306|[from] drain|[of] p2a: Skarmory
|move|p2a: Skarmory|Whirlwind|p1a: Little Drummer Boy
|drag|p1a: Raining Crits|Typhlosion, F, shiny|298\/298
|
|turn|4
|
|switch|p2a: Rotom-Wash|Rotom-Wash|303\/303
|move|p1a: Raining Crits|Eruption|p2a: Rotom-Wash
|-resisted|p2a: Rotom-Wash
|-damage|p2a: Rotom-Wash|150\/303
|
|-heal|p2a: Rotom-Wash|168\/303|[from] item: Leftovers
|turn|5
|
|switch|p1a: Greninja|Greninja, F, shiny|285\/285
|move|p2a: Rotom-Wash|Hydro Pump|p1a: Greninja
|-resisted|p1a: Greninja
|-damage|p1a: Greninja|201\/285
|
|-heal|p2a: Rotom-Wash|186\/303|[from] item: Leftovers
|turn|6
|
|move|p1a: Greninja|Gunk Shot|p2a: Rotom-Wash
|-start|p1a: Greninja|typechange|Poison|[from] Protean
|-damage|p2a: Rotom-Wash|25\/303
|-damage|p1a: Greninja|173\/285|[from] item: Life Orb
|move|p2a: Rotom-Wash|Hydro Pump|p1a: Greninja
|-damage|p1a: Greninja|0 fnt
|faint|p1a: Greninja
|
|-heal|p2a: Rotom-Wash|43\/303|[from] item: Leftovers
|
|switch|p1a: Raining Crits|Typhlosion, F, shiny|298\/298
|turn|7
|
|move|p1a: Raining Crits|Eruption|p2a: Rotom-Wash
|-resisted|p2a: Rotom-Wash
|-damage|p2a: Rotom-Wash|0 fnt
|faint|p2a: Rotom-Wash
|
|
|switch|p2a: Clefable|Clefable, M|394\/394
|turn|8
|
|move|p1a: Raining Crits|Eruption|p2a: Clefable
|-damage|p2a: Clefable|51\/394
|move|p2a: Clefable|Thunder Wave|p1a: Raining Crits
|-status|p1a: Raining Crits|par
|
|-heal|p2a: Clefable|75\/394|[from] item: Leftovers
|turn|9
|
|switch|p1a: Ferrothorn|Ferrothorn, M|352\/352
|move|p2a: Clefable|Soft-Boiled|p2a: Clefable
|-heal|p2a: Clefable|272\/394
|
|-heal|p2a: Clefable|296\/394|[from] item: Leftovers
|turn|10
|
|switch|p2a: Venusaur|Venusaur, F|364\/364
|move|p1a: Ferrothorn|Gyro Ball|p2a: Venusaur
|-damage|p2a: Venusaur|261\/364
|
|turn|11
|
|switch|p1a: Sableye|Sableye, F|304\/304
|detailschange|p2a: Venusaur|Venusaur-Mega, F
|message|Venusaur has Mega Evolved into Mega Venusaur!
|move|p2a: Venusaur|Hidden Power|p1a: Sableye
|-damage|p1a: Sableye|233\/304
|
|turn|12
|
|detailschange|p1a: Sableye|Sableye-Mega, F
|message|Sableye has Mega Evolved into Mega Sableye!
|move|p1a: Sableye|Will-O-Wisp|p2a: Venusaur
|-status|p2a: Venusaur|brn
|move|p2a: Venusaur|Sludge Bomb|p1a: Sableye
|-resisted|p1a: Sableye
|-damage|p1a: Sableye|183\/304
|-status|p1a: Sableye|psn
|
|-damage|p2a: Venusaur|216\/364 brn|[from] brn
|-damage|p1a: Sableye|145\/304 psn|[from] psn
|turn|13
|
|switch|p2a: Clefable|Clefable, M|296\/394
|switch|p1a: Ferrothorn|Ferrothorn, M|352\/352
|
|-heal|p2a: Clefable|320\/394|[from] item: Leftovers
|turn|14
|
|switch|p2a: Bisharp|Bisharp, M|271\/271
|move|p1a: Ferrothorn|Gyro Ball|p2a: Bisharp
|-resisted|p2a: Bisharp
|-damage|p2a: Bisharp|193\/271
|
|turn|15
|
|move|p2a: Bisharp|Swords Dance|p2a: Bisharp
|-boost|p2a: Bisharp|atk|2
|move|p1a: Ferrothorn|Leech Seed|p2a: Bisharp
|-start|p2a: Bisharp|move: Leech Seed
|
|-damage|p2a: Bisharp|160\/271|[from] Leech Seed|[of] p1a: Ferrothorn
|turn|16
|
|move|p2a: Bisharp|Knock Off|p1a: Ferrothorn
|-damage|p1a: Ferrothorn|55\/352
|-damage|p2a: Bisharp|127\/271|[from] ability: Iron Barbs|[of] p1a: Ferrothorn
|-enditem|p1a: Ferrothorn|Leftovers|[from] move: Knock Off|[of] p2a: Bisharp
|move|p1a: Ferrothorn|Stealth Rock|p2a: Bisharp
|-sidestart|p2: noccliolinee|move: Stealth Rock
|
|-damage|p2a: Bisharp|94\/271|[from] Leech Seed|[of] p1a: Ferrothorn
|-heal|p1a: Ferrothorn|88\/352|[silent]
|turn|17
|
|move|p1a: Ferrothorn|Protect|p1a: Ferrothorn
|-singleturn|p1a: Ferrothorn|Protect
|move|p2a: Bisharp|Knock Off|p1a: Ferrothorn
|-activate|p1a: Ferrothorn|Protect
|
|-damage|p2a: Bisharp|61\/271|[from] Leech Seed|[of] p1a: Ferrothorn
|-heal|p1a: Ferrothorn|121\/352|[silent]
|turn|18
|
|move|p2a: Bisharp|Knock Off|p1a: Ferrothorn
|-damage|p1a: Ferrothorn|0 fnt
|-damage|p2a: Bisharp|28\/271|[from] ability: Iron Barbs|[of] p1a: Ferrothorn
|faint|p1a: Ferrothorn
|
|
|switch|p1a: Little Drummer Boy|Slurpuff, M, shiny|112\/306
|turn|19
|
|move|p2a: Bisharp|Sucker Punch|p1a: Little Drummer Boy
|-fail|p1a: Little Drummer Boy
|move|p1a: Little Drummer Boy|Aromatherapy|p1a: Little Drummer Boy
|-cureteam|p1a: Little Drummer Boy|[from] move: Aromatherapy
|
|-damage|p2a: Bisharp|0 fnt|[from] Leech Seed|[of] p1a: Little Drummer Boy
|-heal|p1a: Little Drummer Boy|140\/306|[silent]
|faint|p2a: Bisharp
|
|switch|p2a: Clefable|Clefable, M|320\/394
|turn|20
|
|switch|p1a: Raining Crits|Typhlosion, F, shiny|298\/298
|move|p2a: Clefable|Thunder Wave|p1a: Raining Crits
|-status|p1a: Raining Crits|par
|
|-heal|p2a: Clefable|344\/394|[from] item: Leftovers
|turn|21
|
|move|p2a: Clefable|Calm Mind|p2a: Clefable
|-boost|p2a: Clefable|spa|1
|-boost|p2a: Clefable|spd|1
|move|p1a: Raining Crits|Eruption|p2a: Clefable
|-damage|p2a: Clefable|118\/394
|
|-heal|p2a: Clefable|142\/394|[from] item: Leftovers
|turn|22
|c|ânoccliolinee|gotcha
|
|move|p2a: Clefable|Soft-Boiled|p2a: Clefable
|-heal|p2a: Clefable|339\/394
|move|p1a: Raining Crits|Eruption|p2a: Clefable
|-damage|p2a: Clefable|117\/394
|
|-heal|p2a: Clefable|141\/394|[from] item: Leftovers
|turn|23
|c|âIceBlaze King|lol
|c|ânoccliolinee|crit me or lose
|
|switch|p1a: Little Drummer Boy|Slurpuff, M, shiny|140\/306
|move|p2a: Clefable|Soft-Boiled|p2a: Clefable
|-heal|p2a: Clefable|338\/394
|
|-heal|p2a: Clefable|362\/394|[from] item: Leftovers
|turn|24
|
|move|p1a: Little Drummer Boy|Aromatherapy|p1a: Little Drummer Boy
|-cureteam|p1a: Little Drummer Boy|[from] move: Aromatherapy
|move|p2a: Clefable|Thunder Wave|p1a: Little Drummer Boy
|-status|p1a: Little Drummer Boy|par
|
|-heal|p2a: Clefable|386\/394|[from] item: Leftovers
|turn|25
|
|switch|p1a: Sableye|Sableye-Mega, F|145\/304
|move|p2a: Clefable|Moonblast|p1a: Sableye
|-crit|p1a: Sableye
|-supereffective|p1a: Sableye
|-damage|p1a: Sableye|0 fnt
|faint|p1a: Sableye
|
|-heal|p2a: Clefable|394\/394|[from] item: Leftovers
|
|switch|p1a: Dragonite|Dragonite, M|324\/324
|turn|26
|
|move|p1a: Dragonite|Dragon Dance|p1a: Dragonite
|-boost|p1a: Dragonite|atk|1
|-boost|p1a: Dragonite|spe|1
|move|p2a: Clefable|Thunder Wave|p1a: Dragonite
|-status|p1a: Dragonite|par
|
|turn|27
|
|move|p2a: Clefable|Moonblast|p1a: Dragonite
|-supereffective|p1a: Dragonite
|-damage|p1a: Dragonite|152\/324 par
|-enditem|p1a: Dragonite|Weakness Policy
|-boost|p1a: Dragonite|atk|2|[from] item: Weakness Policy
|-boost|p1a: Dragonite|spa|2|[from] item: Weakness Policy
|cant|p1a: Dragonite|par
|
|turn|28
|
|move|p1a: Dragonite|Extreme Speed|p2a: Clefable
|-damage|p2a: Clefable|119\/394
|move|p2a: Clefable|Moonblast|p1a: Dragonite
|-supereffective|p1a: Dragonite
|-damage|p1a: Dragonite|0 fnt
|faint|p1a: Dragonite
|
|-heal|p2a: Clefable|143\/394|[from] item: Leftovers
|
|switch|p1a: Raining Crits|Typhlosion, F, shiny|298\/298
|turn|29
|
|switch|p2a: Skarmory|Skarmory, F|160\/334
|-damage|p2a: Skarmory|119\/334|[from] Stealth Rock
|move|p1a: Raining Crits|Eruption|p2a: Skarmory
|-supereffective|p2a: Skarmory
|-damage|p2a: Skarmory|0 fnt
|faint|p2a: Skarmory
|
|
|switch|p2a: Venusaur|Venusaur-Mega, F|216\/364 brn
|-damage|p2a: Venusaur|171\/364 brn|[from] Stealth Rock
|turn|30
|
|move|p1a: Raining Crits|Eruption|p2a: Venusaur
|-supereffective|p2a: Venusaur
|-damage|p2a: Venusaur|0 fnt
|faint|p2a: Venusaur
|
|c|ânoccliolinee|gg
|c|ânoccliolinee|specs ?
|c|âIceBlaze King|gg
|c|âIceBlaze King|yea lol
|
|switch|p2a: Clefable|Clefable, M|143\/394
|turn|31
|
|move|p1a: Raining Crits|Eruption|p2a: Clefable
|-damage|p2a: Clefable|0 fnt
|faint|p2a: Clefable
|
|win|IceBlaze King
|raw|Ladder updating...
|leave|noccliolinee
|player|p2
|c|âIceBlaze King|well played