|join|noccliolinee
|join|bubuuu
|player|p1|noccliolinee|203
|player|p2|bubuuu|102
|gametype|singles
|gen|6
|tier|OU
|rated
|clearpoke
|poke|p1|Gastrodon, M
|poke|p1|Charizard, F
|poke|p1|Skarmory, F
|poke|p1|Sylveon, M
|poke|p1|Bisharp, M
|poke|p1|Suicune
|poke|p2|Camerupt, M
|poke|p2|Gothitelle, F
|poke|p2|Slowbro, M
|poke|p2|Conkeldurr, M
|poke|p2|Skarmory, F
|poke|p2|Audino, M
|rule|Swagger Clause: Swagger is banned
|rule|Baton Pass Clause: Limit one PokÃ©mon knowing Baton Pass
|rule|Sleep Clause Mod: Limit one foe put to sleep
|rule|Species Clause: Limit one of each PokÃ©mon
|rule|OHKO Clause: OHKO moves are banned
|rule|Moody Clause: Moody is banned
|rule|Evasion Moves Clause: Evasion moves are banned
|rule|Endless Battle Clause: Forcing endless battles is banned
|rule|HP Percentage Mod: HP is shown in percentages
|teampreview
|
|start
|switch|p1a: Charizard|Charizard, F|333\/333
|switch|p2a: Audino|Audino, M|409\/409
|turn|1
|
|detailschange|p1a: Charizard|Charizard-Mega-X, F
|message|Charizard has Mega Evolved into Mega Charizard!
|move|p1a: Charizard|Flare Blitz|p2a: Audino
|-damage|p2a: Audino|94\/409
|-damage|p1a: Charizard|229\/333|[from] recoil|[of] p2a: Audino
|move|p2a: Audino|Trick Room|p2a: Audino
|-fieldstart|move: Trick Room|[of] p2a: Audino
|
|-heal|p2a: Audino|119\/409|[from] item: Leftovers
|turn|2
|
|switch|p2a: Slowbro|Slowbro, M|393\/393
|switch|p1a: Suicune|Suicune|404\/404
|-ability|p1a: Suicune|Pressure
|
|turn|3
|
|switch|p2a: Gothitelle|Gothitelle, F|301\/301
|move|p1a: Suicune|Calm Mind|p1a: Suicune
|-boost|p1a: Suicune|spa|1
|-boost|p1a: Suicune|spd|1
|
|turn|4
|
|move|p1a: Suicune|Scald|p2a: Gothitelle
|-damage|p2a: Gothitelle|189\/301
|move|p2a: Gothitelle|Trick|p1a: Suicune
|-activate|p2a: Gothitelle|move: Trick|[of] p1a: Suicune
|-item|p1a: Suicune|Choice Specs|[from] move: Trick
|-item|p2a: Gothitelle|Leftovers|[from] move: Trick
|
|-heal|p2a: Gothitelle|207\/301|[from] item: Leftovers
|turn|5
|
|move|p1a: Suicune|Scald|p2a: Gothitelle
|-damage|p2a: Gothitelle|20\/301
|move|p2a: Gothitelle|Energy Ball|p1a: Suicune
|-supereffective|p1a: Suicune
|-damage|p1a: Suicune|300\/404
|
|-heal|p2a: Gothitelle|38\/301|[from] item: Leftovers
|-fieldend|move: Trick Room
|turn|6
|
|move|p2a: Gothitelle|Energy Ball|p1a: Suicune
|-supereffective|p1a: Suicune
|-damage|p1a: Suicune|192\/404
|move|p1a: Suicune|Scald|p2a: Gothitelle
|-damage|p2a: Gothitelle|0 fnt
|faint|p2a: Gothitelle
|
|
|switch|p2a: Conkeldurr|Conkeldurr, M|414\/414
|turn|7
|
|switch|p1a: Sylveon|Sylveon, M|394\/394
|move|p2a: Conkeldurr|Hammer Arm|p1a: Sylveon|[miss]
|-miss|p2a: Conkeldurr|p1a: Sylveon
|
|turn|8
|
|switch|p2a: Camerupt|Camerupt, M|343\/343
|move|p1a: Sylveon|Hyper Voice|p2a: Camerupt
|-resisted|p2a: Camerupt
|-damage|p2a: Camerupt|256\/343
|
|turn|9
|
|switch|p1a: Gastrodon|Gastrodon, M|426\/426
|detailschange|p2a: Camerupt|Camerupt-Mega, M
|message|Camerupt has Mega Evolved into Mega Camerupt!
|move|p2a: Camerupt|Earth Power|p1a: Gastrodon
|-damage|p1a: Gastrodon|125\/426
|
|-heal|p1a: Gastrodon|151\/426|[from] item: Leftovers
|turn|10
|
|switch|p1a: Skarmory|Skarmory, F|334\/334
|switch|p2a: Conkeldurr|Conkeldurr, M|414\/414
|
|turn|11
|
|move|p1a: Skarmory|Stealth Rock|p2a: Conkeldurr
|-sidestart|p2: bubuuu|move: Stealth Rock
|move|p2a: Conkeldurr|Hammer Arm|p1a: Skarmory
|-damage|p1a: Skarmory|115\/334
|-unboost|p2a: Conkeldurr|spe|1
|
|turn|12
|
|switch|p1a: Sylveon|Sylveon, M|394\/394
|switch|p2a: Skarmory|Skarmory, F|333\/333
|-damage|p2a: Skarmory|292\/333|[from] Stealth Rock
|
|turn|13
|
|switch|p1a: Charizard|Charizard-Mega-X, F|229\/333
|move|p2a: Skarmory|Stealth Rock|p1a: Charizard
|-sidestart|p1: noccliolinee|move: Stealth Rock
|
|turn|14
|
|switch|p2a: Slowbro|Slowbro, M|393\/393
|-damage|p2a: Slowbro|344\/393|[from] Stealth Rock
|move|p1a: Charizard|Flare Blitz|p2a: Slowbro
|-resisted|p2a: Slowbro
|-damage|p2a: Slowbro|245\/393
|-damage|p1a: Charizard|196\/333|[from] recoil|[of] p2a: Slowbro
|
|-heal|p2a: Slowbro|269\/393|[from] item: Leftovers
|turn|15
|
|move|p1a: Charizard|Roost|p1a: Charizard
|-heal|p1a: Charizard|333\/333
|move|p2a: Slowbro|Toxic|p1a: Charizard
|-status|p1a: Charizard|tox
|
|-heal|p2a: Slowbro|293\/393|[from] item: Leftovers
|-damage|p1a: Charizard|313\/333 tox|[from] psn
|turn|16
|
|switch|p1a: Sylveon|Sylveon, M|394\/394
|-damage|p1a: Sylveon|345\/394|[from] Stealth Rock
|move|p2a: Slowbro|Trick Room|p2a: Slowbro
|-fieldstart|move: Trick Room|[of] p2a: Slowbro
|
|-heal|p2a: Slowbro|317\/393|[from] item: Leftovers
|-heal|p1a: Sylveon|369\/394|[from] item: Leftovers
|turn|17
|
|switch|p2a: Camerupt|Camerupt-Mega, M|256\/343
|-damage|p2a: Camerupt|214\/343|[from] Stealth Rock
|move|p1a: Sylveon|Wish|p1a: Sylveon
|
|-heal|p1a: Sylveon|393\/394|[from] item: Leftovers
|turn|18
|
|switch|p1a: Suicune|Suicune|192\/404
|-damage|p1a: Suicune|142\/404|[from] Stealth Rock
|-ability|p1a: Suicune|Pressure
|move|p2a: Camerupt|Earth Power|p1a: Suicune
|-damage|p1a: Suicune|0 fnt
|faint|p1a: Suicune
|
|
|switch|p1a: Gastrodon|Gastrodon, M|151\/426
|-damage|p1a: Gastrodon|125\/426|[from] Stealth Rock
|turn|19
|
|move|p2a: Camerupt|Earth Power|p1a: Gastrodon
|-damage|p1a: Gastrodon|0 fnt
|faint|p1a: Gastrodon
|
|
|switch|p1a: Sylveon|Sylveon, M|393\/394
|-damage|p1a: Sylveon|344\/394|[from] Stealth Rock
|turn|20
|
|move|p2a: Camerupt|Fire Blast|p1a: Sylveon
|-damage|p1a: Sylveon|92\/394
|move|p1a: Sylveon|Hyper Voice|p2a: Camerupt
|-resisted|p2a: Camerupt
|-damage|p2a: Camerupt|139\/343
|
|-heal|p1a: Sylveon|116\/394|[from] item: Leftovers
|-fieldend|move: Trick Room
|turn|21
|
|move|p1a: Sylveon|Protect|p1a: Sylveon
|-singleturn|p1a: Sylveon|Protect
|move|p2a: Camerupt|Earth Power|p1a: Sylveon
|-activate|p1a: Sylveon|Protect
|
|-heal|p1a: Sylveon|140\/394|[from] item: Leftovers
|turn|22
|
|move|p1a: Sylveon|Wish|p1a: Sylveon
|move|p2a: Camerupt|Earth Power|p1a: Sylveon
|-damage|p1a: Sylveon|0 fnt
|faint|p1a: Sylveon
|
|
|switch|p1a: Charizard|Charizard-Mega-X, F|313\/333 tox
|-damage|p1a: Charizard|230\/333 tox|[from] Stealth Rock
|turn|23
|
|switch|p2a: Slowbro|Slowbro, M|393\/393
|-damage|p2a: Slowbro|344\/393|[from] Stealth Rock
|move|p1a: Charizard|Earthquake|p2a: Slowbro
|-damage|p2a: Slowbro|269\/393
|
|-heal|p1a: Charizard|333\/333 tox|[from] move: Wish|[wisher] Sylveon
|-heal|p2a: Slowbro|293\/393|[from] item: Leftovers
|-damage|p1a: Charizard|313\/333 tox|[from] psn
|turn|24
|
|move|p1a: Charizard|Dragon Claw|p2a: Slowbro
|-damage|p2a: Slowbro|161\/393
|move|p2a: Slowbro|Scald|p1a: Charizard
|-damage|p1a: Charizard|214\/333 tox
|
|-heal|p2a: Slowbro|185\/393|[from] item: Leftovers
|-damage|p1a: Charizard|174\/333 tox|[from] psn
|turn|25
|
|switch|p1a: Bisharp|Bisharp, M|271\/271
|-damage|p1a: Bisharp|255\/271|[from] Stealth Rock
|switch|p2a: Skarmory|Skarmory, F|292\/333
|-damage|p2a: Skarmory|251\/333|[from] Stealth Rock
|
|turn|26
|
|switch|p2a: Conkeldurr|Conkeldurr, M|414\/414
|-damage|p2a: Conkeldurr|389\/414|[from] Stealth Rock
|move|p1a: Bisharp|Swords Dance|p1a: Bisharp
|-boost|p1a: Bisharp|atk|2
|
|turn|27
|
|switch|p1a: Charizard|Charizard-Mega-X, F|174\/333 tox
|-damage|p1a: Charizard|91\/333 tox|[from] Stealth Rock
|move|p2a: Conkeldurr|Mach Punch|p1a: Charizard
|-damage|p1a: Charizard|0 fnt
|faint|p1a: Charizard
|
|
|switch|p1a: Skarmory|Skarmory, F|115\/334
|-damage|p1a: Skarmory|74\/334|[from] Stealth Rock
|turn|28
|
|move|p2a: Conkeldurr|Mach Punch|p1a: Skarmory
|-crit|p1a: Skarmory
|-damage|p1a: Skarmory|0 fnt
|faint|p1a: Skarmory
|
|
|switch|p1a: Bisharp|Bisharp, M|255\/271
|-damage|p1a: Bisharp|239\/271|[from] Stealth Rock
|turn|29
|
|move|p1a: Bisharp|Sucker Punch|p2a: Conkeldurr
|-resisted|p2a: Conkeldurr
|-damage|p2a: Conkeldurr|301\/414
|move|p2a: Conkeldurr|Mach Punch|p1a: Bisharp
|-supereffective|p1a: Bisharp
|-damage|p1a: Bisharp|0 fnt
|faint|p1a: Bisharp
|
|win|bubuuu
|raw|Ladder updating...
|leave|noccliolinee
|player|p1
|raw|noccliolinee's rating: 1562 &rarr; <strong>1538<\/strong><br \/>(-24 for losing)
|raw|bubuuu's rating: 1502 &rarr; <strong>1525<\/strong><br \/>(+23 for winning)