|join|noccliolinee
|join|Jack41
|player|p1|noccliolinee|203
|player|p2|Jack41|17
|gametype|singles
|gen|6
|tier|OU
|rated
|clearpoke
|poke|p1|Landorus-Therian, M
|poke|p1|Charizard, F
|poke|p1|Skarmory, M
|poke|p1|Sylveon, M
|poke|p1|Bisharp, M
|poke|p1|Suicune
|poke|p2|Tyranitar, M
|poke|p2|Excadrill, F
|poke|p2|Thundurus, M
|poke|p2|Medicham, F
|poke|p2|Greninja, F
|poke|p2|Talonflame, F
|rule|Swagger Clause: Swagger is banned
|rule|Baton Pass Clause: Limit one PokÃ©mon knowing Baton Pass
|rule|Sleep Clause Mod: Limit one foe put to sleep
|rule|Species Clause: Limit one of each PokÃ©mon
|rule|OHKO Clause: OHKO moves are banned
|rule|Moody Clause: Moody is banned
|rule|Evasion Moves Clause: Evasion moves are banned
|rule|Endless Battle Clause: Forcing endless battles is banned
|rule|HP Percentage Mod: HP is shown in percentages
|teampreview
|
|start
|switch|p1a: Charizard|Charizard, F|333\/333
|switch|p2a: Tyranitar|Tyranitar, M|342\/342
|-weather|Sandstorm
|turn|1
|
|switch|p1a: Landorus-Therian|Landorus-Therian, M|382\/382
|-ability|p1a: Landorus-Therian|Intimidate|[of] p2a: Tyranitar
|-unboost|p2a: Tyranitar|atk|1
|move|p2a: Tyranitar|Stealth Rock|p1a: Landorus-Therian
|-sidestart|p1: noccliolinee|move: Stealth Rock
|
|-weather|Sandstorm|[upkeep]
|turn|2
|
|move|p2a: Tyranitar|Ice Beam|p1a: Landorus-Therian
|-supereffective|p1a: Landorus-Therian
|-damage|p1a: Landorus-Therian|0 fnt
|faint|p1a: Landorus-Therian
|
|-weather|Sandstorm|[upkeep]
|
|switch|p1a: Bisharp|Bisharp, M|271\/271
|-damage|p1a: Bisharp|255\/271|[from] Stealth Rock
|turn|3
|
|move|p1a: Bisharp|Iron Head|p2a: Tyranitar
|-supereffective|p2a: Tyranitar
|-damage|p2a: Tyranitar|102\/342
|move|p2a: Tyranitar|Fire Blast|p1a: Bisharp
|-supereffective|p1a: Bisharp
|-damage|p1a: Bisharp|0 fnt
|faint|p1a: Bisharp
|
|-weather|Sandstorm|[upkeep]
|
|switch|p1a: Sylveon|Sylveon, M|394\/394
|-damage|p1a: Sylveon|345\/394|[from] Stealth Rock
|turn|4
|
|switch|p2a: Thundurus|Thundurus, M|299\/299
|move|p1a: Sylveon|Hyper Voice|p2a: Thundurus
|-damage|p2a: Thundurus|116\/299
|
|-weather|Sandstorm|[upkeep]
|-damage|p2a: Thundurus|98\/299|[from] sandstorm
|-damage|p1a: Sylveon|321\/394|[from] sandstorm
|-heal|p1a: Sylveon|345\/394|[from] item: Leftovers
|turn|5
|
|move|p2a: Thundurus|Thunder Wave|p1a: Sylveon
|-status|p1a: Sylveon|par
|move|p1a: Sylveon|Hyper Voice|p2a: Thundurus
|-damage|p2a: Thundurus|0 fnt
|faint|p2a: Thundurus
|
|-weather|none
|-heal|p1a: Sylveon|369\/394 par|[from] item: Leftovers
|
|switch|p2a: Talonflame|Talonflame, F|298\/298
|turn|6
|
|switch|p1a: Suicune|Suicune|404\/404
|-damage|p1a: Suicune|354\/404|[from] Stealth Rock
|-ability|p1a: Suicune|Pressure
|move|p2a: Talonflame|Swords Dance|p2a: Talonflame
|-boost|p2a: Talonflame|atk|2
|
|-heal|p1a: Suicune|379\/404|[from] item: Leftovers
|turn|7
|
|move|p2a: Talonflame|Brave Bird|p1a: Suicune
|-damage|p1a: Suicune|109\/404
|-damage|p2a: Talonflame|209\/298|[from] recoil|[of] p1a: Suicune
|-damage|p2a: Talonflame|180\/298|[from] item: Life Orb
|move|p1a: Suicune|Roar|p2a: Talonflame
|drag|p2a: Tyranitar|Tyranitar, M|102\/342
|-weather|Sandstorm
|
|-weather|Sandstorm|[upkeep]
|-damage|p1a: Suicune|84\/404|[from] sandstorm
|-heal|p1a: Suicune|109\/404|[from] item: Leftovers
|turn|8
|
|switch|p2a: Greninja|Greninja, F|285\/285
|move|p1a: Suicune|Rest|p1a: Suicune
|-status|p1a: Suicune|slp
|-heal|p1a: Suicune|404\/404 slp|[silent]
|-status|p1a: Suicune|slp|[from] move: Rest
|
|-weather|Sandstorm|[upkeep]
|-damage|p2a: Greninja|268\/285|[from] sandstorm
|-damage|p1a: Suicune|379\/404 slp|[from] sandstorm
|-heal|p1a: Suicune|404\/404 slp|[from] item: Leftovers
|turn|9
|
|move|p2a: Greninja|Gunk Shot|p1a: Suicune|[miss]
|-start|p2a: Greninja|typechange|Poison|[from] Protean
|-miss|p2a: Greninja|p1a: Suicune
|cant|p1a: Suicune|slp
|move|p1a: Suicune|Sleep Talk|p1a: Suicune
|move|p1a: Suicune|Rest|p1a: Suicune|[from]Sleep Talk
|-fail|p1a: Suicune
|
|-weather|Sandstorm|[upkeep]
|-damage|p2a: Greninja|251\/285|[from] sandstorm
|-damage|p1a: Suicune|379\/404 slp|[from] sandstorm
|-heal|p1a: Suicune|404\/404 slp|[from] item: Leftovers
|turn|10
|
|move|p2a: Greninja|Gunk Shot|p1a: Suicune
|-crit|p1a: Suicune
|-damage|p1a: Suicune|219\/404 slp
|-damage|p2a: Greninja|223\/285|[from] item: Life Orb
|cant|p1a: Suicune|slp
|move|p1a: Suicune|Sleep Talk|p1a: Suicune
|move|p1a: Suicune|Roar|p2a: Greninja|[from]Sleep Talk
|drag|p2a: Excadrill|Excadrill, F|362\/362
|
|-weather|Sandstorm|[upkeep]
|-damage|p1a: Suicune|194\/404 slp|[from] sandstorm
|-heal|p1a: Suicune|219\/404 slp|[from] item: Leftovers
|turn|11
|
|move|p2a: Excadrill|Earthquake|p1a: Suicune
|-damage|p1a: Suicune|34\/404 slp
|-damage|p2a: Excadrill|326\/362|[from] item: Life Orb
|-curestatus|p1a: Suicune|slp
|move|p1a: Suicune|Rest|p1a: Suicune
|-status|p1a: Suicune|slp
|-heal|p1a: Suicune|404\/404 slp|[silent]
|-status|p1a: Suicune|slp|[from] move: Rest
|
|-weather|none
|turn|12
|
|move|p2a: Excadrill|Earthquake|p1a: Suicune
|-damage|p1a: Suicune|217\/404 slp
|-damage|p2a: Excadrill|290\/362|[from] item: Life Orb
|cant|p1a: Suicune|slp
|move|p1a: Suicune|Sleep Talk|p1a: Suicune
|move|p1a: Suicune|Rest|p1a: Suicune|[from]Sleep Talk
|-fail|p1a: Suicune
|
|-heal|p1a: Suicune|242\/404 slp|[from] item: Leftovers
|turn|13
|
|move|p2a: Excadrill|Earthquake|p1a: Suicune
|-damage|p1a: Suicune|85\/404 slp
|-damage|p2a: Excadrill|254\/362|[from] item: Life Orb
|cant|p1a: Suicune|slp
|move|p1a: Suicune|Sleep Talk|p1a: Suicune
|move|p1a: Suicune|Rest|p1a: Suicune|[from]Sleep Talk
|-fail|p1a: Suicune
|
|-heal|p1a: Suicune|110\/404 slp|[from] item: Leftovers
|turn|14
|
|switch|p1a: Skarmory|Skarmory, M|334\/334
|-damage|p1a: Skarmory|293\/334|[from] Stealth Rock
|move|p2a: Excadrill|Earthquake|p1a: Skarmory
|-immune|p1a: Skarmory|[msg]
|
|turn|15
|
|switch|p2a: Greninja|Greninja, F|223\/285
|move|p1a: Skarmory|Defog|p2a: Greninja
|-unboost|p2a: Greninja|evasion|1
|-sideend|p1: noccliolinee|Stealth Rock|[from] move: Defog|[of] p1a: Skarmory
|
|turn|16
|
|move|p2a: Greninja|Hidden Power|p1a: Skarmory
|-start|p2a: Greninja|typechange|Fire|[from] Protean
|-supereffective|p1a: Skarmory
|-damage|p1a: Skarmory|25\/334
|-damage|p2a: Greninja|195\/285|[from] item: Life Orb
|move|p1a: Skarmory|Spikes|p2a: Greninja
|-sidestart|p2: Jack41|Spikes
|
|turn|17
|
|move|p2a: Greninja|Hidden Power|p1a: Skarmory
|-supereffective|p1a: Skarmory
|-damage|p1a: Skarmory|0 fnt
|-damage|p2a: Greninja|167\/285|[from] item: Life Orb
|faint|p1a: Skarmory
|
|
|switch|p1a: Charizard|Charizard, F|333\/333
|turn|18
|
|detailschange|p1a: Charizard|Charizard-Mega-X, F
|message|Charizard has Mega Evolved into Mega Charizard!
|move|p2a: Greninja|Gunk Shot|p1a: Charizard
|-start|p2a: Greninja|typechange|Poison|[from] Protean
|-damage|p1a: Charizard|168\/333
|-damage|p2a: Greninja|139\/285|[from] item: Life Orb
|move|p1a: Charizard|Dragon Claw|p2a: Greninja
|-damage|p2a: Greninja|0 fnt
|faint|p2a: Greninja
|
|
|switch|p2a: Tyranitar|Tyranitar, M|102\/342
|-damage|p2a: Tyranitar|60\/342|[from] Spikes
|-weather|Sandstorm
|turn|19
|
|move|p1a: Charizard|Dragon Claw|p2a: Tyranitar
|-damage|p2a: Tyranitar|0 fnt
|faint|p2a: Tyranitar
|
|-weather|Sandstorm|[upkeep]
|-damage|p1a: Charizard|148\/333|[from] sandstorm
|
|switch|p2a: Excadrill|Excadrill, F|254\/362
|-damage|p2a: Excadrill|209\/362|[from] Spikes
|turn|20
|
|switch|p1a: Sylveon|Sylveon, M|369\/394 par
|move|p2a: Excadrill|Earthquake|p1a: Sylveon
|-damage|p1a: Sylveon|114\/394 par
|-damage|p2a: Excadrill|173\/362|[from] item: Life Orb
|
|-weather|Sandstorm|[upkeep]
|-damage|p1a: Sylveon|90\/394 par|[from] sandstorm
|-heal|p1a: Sylveon|114\/394 par|[from] item: Leftovers
|turn|21
|
|move|p1a: Sylveon|Protect|p1a: Sylveon
|-singleturn|p1a: Sylveon|Protect
|move|p2a: Excadrill|Earthquake|p1a: Sylveon
|-activate|p1a: Sylveon|Protect
|
|-weather|Sandstorm|[upkeep]
|-damage|p1a: Sylveon|90\/394 par|[from] sandstorm
|-heal|p1a: Sylveon|114\/394 par|[from] item: Leftovers
|turn|22
|
|move|p2a: Excadrill|Earthquake|p1a: Sylveon
|-damage|p1a: Sylveon|0 fnt
|-damage|p2a: Excadrill|137\/362|[from] item: Life Orb
|faint|p1a: Sylveon
|
|-weather|Sandstorm|[upkeep]
|
|switch|p1a: Suicune|Suicune|110\/404 slp
|-ability|p1a: Suicune|Pressure
|turn|23
|
|move|p2a: Excadrill|Earthquake|p1a: Suicune
|-damage|p1a: Suicune|0 fnt
|-damage|p2a: Excadrill|101\/362|[from] item: Life Orb
|faint|p1a: Suicune
|
|-weather|none
|
|switch|p1a: Charizard|Charizard-Mega-X, F|148\/333
|turn|24
|c|âJack41|gg
|
|move|p2a: Excadrill|Earthquake|p1a: Charizard
|-crit|p1a: Charizard
|-supereffective|p1a: Charizard
|-damage|p1a: Charizard|0 fnt
|-damage|p2a: Excadrill|65\/362|[from] item: Life Orb
|faint|p1a: Charizard
|
|win|Jack41
|raw|Ladder updating...
|raw|noccliolinee's rating: 1501 &rarr; <strong>1479<\/strong><br \/>(-22 for losing)
|raw|Jack41's rating: 1481 &rarr; <strong>1502<\/strong><br \/>(+21 for winning)
|leave|noccliolinee
|player|p1