|join|xDIRCIOx
|join|noccliolinee
|player|p1|xDIRCIOx|274
|player|p2|noccliolinee|203
|gametype|singles
|gen|6
|tier|OU
|rated
|clearpoke
|poke|p1|Altaria, F
|poke|p1|Magnezone
|poke|p1|Espeon, M
|poke|p1|Diggersby, M
|poke|p1|Chansey, F
|poke|p1|Mandibuzz, F
|poke|p2|Conkeldurr, F
|poke|p2|Gardevoir, F
|poke|p2|Skarmory, F
|poke|p2|Thundurus-Therian, M
|poke|p2|Bisharp, M
|poke|p2|Garchomp, M
|rule|Swagger Clause: Swagger is banned
|rule|Baton Pass Clause: Limit one PokÃ©mon knowing Baton Pass
|rule|Sleep Clause Mod: Limit one foe put to sleep
|rule|Species Clause: Limit one of each PokÃ©mon
|rule|OHKO Clause: OHKO moves are banned
|rule|Moody Clause: Moody is banned
|rule|Evasion Moves Clause: Evasion moves are banned
|rule|Endless Battle Clause: Forcing endless battles is banned
|rule|HP Percentage Mod: HP is shown in percentages
|teampreview
|
|start
|switch|p1a: Miracle|Chansey, F|703\/703
|switch|p2a: Gardevoir|Gardevoir, F|277\/277
|-ability|p2a: Gardevoir|Natural Cure|[from] ability: Trace|[of] p1a: Miracle
|turn|1
|
|detailschange|p2a: Gardevoir|Gardevoir-Mega, F
|message|Gardevoir has Mega Evolved into Mega Gardevoir!
|move|p2a: Gardevoir|Taunt|p1a: Miracle
|-start|p1a: Miracle|move: Taunt
|cant|p1a: Miracle|move: Taunt|Thunder Wave
|
|turn|2
|
|move|p2a: Gardevoir|Focus Blast|p1a: Miracle|[miss]
|-miss|p2a: Gardevoir|p1a: Miracle
|move|p1a: Miracle|Seismic Toss|p2a: Gardevoir
|-damage|p2a: Gardevoir|177\/277
|
|turn|3
|
|move|p2a: Gardevoir|Focus Blast|p1a: Miracle
|-supereffective|p1a: Miracle
|-damage|p1a: Miracle|471\/703
|move|p1a: Miracle|Seismic Toss|p2a: Gardevoir
|-damage|p2a: Gardevoir|77\/277
|
|-end|p1a: Miracle|move: Taunt
|turn|4
|
|switch|p2a: Garchomp|Garchomp, M|357\/357
|move|p1a: Miracle|Stealth Rock|p2a: Garchomp
|-sidestart|p2: noccliolinee|move: Stealth Rock
|
|turn|5
|
|switch|p1a: Mandibuzz|Mandibuzz, F|423\/423
|move|p2a: Garchomp|Iron Head|p1a: Mandibuzz
|-damage|p1a: Mandibuzz|353\/423
|-damage|p2a: Garchomp|298\/357|[from] item: Rocky Helmet|[of] p1a: Mandibuzz
|
|turn|6
|
|switch|p2a: Skarmory|Skarmory, F|334\/334
|-damage|p2a: Skarmory|293\/334|[from] Stealth Rock
|move|p1a: Mandibuzz|Foul Play|p2a: Skarmory
|-damage|p2a: Skarmory|238\/334
|
|turn|7
|
|switch|p1a: Solstice|Espeon, M|333\/333
|move|p2a: Skarmory|Stealth Rock|p1a: Solstice
|move|p1a: Solstice|Stealth Rock|p2a: Skarmory|[from]Magic Bounce
|-fail|p2a: Skarmory
|
|turn|8
|
|move|p1a: Solstice|Reflect|p1a: Solstice
|-sidestart|p1: xDIRCIOx|Reflect
|move|p2a: Skarmory|Defog|p1a: Solstice
|move|p1a: Solstice|Defog|p2a: Skarmory|[from]Magic Bounce
|-unboost|p2a: Skarmory|evasion|1
|-sideend|p2: noccliolinee|Stealth Rock|[from] move: Defog|[of] p2a: Skarmory
|
|turn|9
|
|switch|p2a: Thundurus-Therian|Thundurus-Therian, M|300\/300
|move|p1a: Solstice|Light Screen|p1a: Solstice
|-sidestart|p1: xDIRCIOx|move: Light Screen
|
|turn|10
|
|move|p1a: Solstice|Psychic|p2a: Thundurus-Therian
|-damage|p2a: Thundurus-Therian|141\/300
|move|p2a: Thundurus-Therian|Nasty Plot|p2a: Thundurus-Therian
|-boost|p2a: Thundurus-Therian|spa|2
|
|-heal|p2a: Thundurus-Therian|159\/300|[from] item: Leftovers
|turn|11
|
|move|p1a: Solstice|Psychic|p2a: Thundurus-Therian
|-damage|p2a: Thundurus-Therian|9\/300
|move|p2a: Thundurus-Therian|Hidden Power|p1a: Solstice
|-crit|p1a: Solstice
|-damage|p1a: Solstice|82\/333
|
|-heal|p2a: Thundurus-Therian|27\/300|[from] item: Leftovers
|turn|12
|c|âxDIRCIOx|ok
|
|move|p1a: Solstice|Psychic|p2a: Thundurus-Therian
|-damage|p2a: Thundurus-Therian|0 fnt
|faint|p2a: Thundurus-Therian
|
|
|switch|p2a: Bisharp|Bisharp, M|271\/271
|turn|13
|
|move|p1a: Solstice|Wish|p1a: Solstice
|move|p2a: Bisharp|Swords Dance|p2a: Bisharp
|-boost|p2a: Bisharp|atk|2
|
|turn|14
|
|switch|p1a: Mandibuzz|Mandibuzz, F|353\/423
|move|p2a: Bisharp|Knock Off|p1a: Mandibuzz
|-resisted|p1a: Mandibuzz
|-damage|p1a: Mandibuzz|285\/423
|-damage|p2a: Bisharp|226\/271|[from] item: Rocky Helmet|[of] p1a: Mandibuzz
|-enditem|p1a: Mandibuzz|Rocky Helmet|[from] move: Knock Off|[of] p2a: Bisharp
|
|-heal|p1a: Mandibuzz|423\/423|[from] move: Wish|[wisher] Solstice
|turn|15
|
|switch|p2a: Skarmory|Skarmory, F|238\/334
|move|p1a: Mandibuzz|Foul Play|p2a: Skarmory
|-damage|p2a: Skarmory|189\/334
|
|-sideend|p1: xDIRCIOx|Reflect
|turn|16
|
|switch|p1a: Solstice|Espeon, M|82\/333
|move|p2a: Skarmory|Stealth Rock|p1a: Solstice
|move|p1a: Solstice|Stealth Rock|p2a: Skarmory|[from]Magic Bounce
|-sidestart|p2: noccliolinee|move: Stealth Rock
|
|-sideend|p1: xDIRCIOx|move: Light Screen
|turn|17
|
|move|p1a: Solstice|Reflect|p1a: Solstice
|-sidestart|p1: xDIRCIOx|Reflect
|move|p2a: Skarmory|Defog|p1a: Solstice
|move|p1a: Solstice|Defog|p2a: Skarmory|[from]Magic Bounce
|-unboost|p2a: Skarmory|evasion|1
|-sideend|p2: noccliolinee|Stealth Rock|[from] move: Defog|[of] p2a: Skarmory
|
|turn|18
|
|switch|p2a: Garchomp|Garchomp, M|298\/357
|move|p1a: Solstice|Light Screen|p1a: Solstice
|-sidestart|p1: xDIRCIOx|move: Light Screen
|
|turn|19
|
|move|p2a: Garchomp|Dragon Claw|p1a: Solstice
|-damage|p1a: Solstice|0 fnt
|faint|p1a: Solstice
|
|
|switch|p1a: Fluffy|Altaria, F|321\/321
|-ability|p1a: Fluffy|Cloud Nine
|turn|20
|
|switch|p2a: Skarmory|Skarmory, F|189\/334
|switch|p1a: Short Circuit|Magnezone|303\/303
|
|turn|21
|
|switch|p2a: Garchomp|Garchomp, M|298\/357
|move|p1a: Short Circuit|Volt Switch|p2a: Garchomp
|-immune|p2a: Garchomp|[msg]
|
|turn|22
|
|switch|p1a: Mandibuzz|Mandibuzz, F|423\/423
|move|p2a: Garchomp|Dragon Claw|p1a: Mandibuzz
|-damage|p1a: Mandibuzz|374\/423
|
|turn|23
|
|switch|p2a: Skarmory|Skarmory, F|189\/334
|switch|p1a: Short Circuit|Magnezone|303\/303
|
|turn|24
|
|switch|p2a: Bisharp|Bisharp, M|226\/271
|move|p1a: Short Circuit|Volt Switch|p2a: Bisharp
|-damage|p2a: Bisharp|0 fnt
|faint|p2a: Bisharp
|
|switch|p1a: Fluffy|Altaria, F|321\/321
|-ability|p1a: Fluffy|Cloud Nine
|
|-sideend|p1: xDIRCIOx|Reflect
|
|switch|p2a: Gardevoir|Gardevoir-Mega, F|77\/277
|turn|25
|
|switch|p1a: Miracle|Chansey, F|471\/703
|move|p2a: Gardevoir|Hyper Voice|p1a: Miracle
|-damage|p1a: Miracle|392\/703
|
|-sideend|p1: xDIRCIOx|move: Light Screen
|turn|26
|
|switch|p2a: Conkeldurr|Conkeldurr, F|410\/410
|move|p1a: Miracle|Seismic Toss|p2a: Conkeldurr
|-damage|p2a: Conkeldurr|310\/410
|
|turn|27
|
|move|p1a: Miracle|Stealth Rock|p2a: Conkeldurr
|-sidestart|p2: noccliolinee|move: Stealth Rock
|move|p2a: Conkeldurr|Ice Punch|p1a: Miracle
|-damage|p1a: Miracle|264\/703
|
|turn|28
|
|move|p1a: Miracle|Seismic Toss|p2a: Conkeldurr
|-damage|p2a: Conkeldurr|210\/410
|move|p2a: Conkeldurr|Ice Punch|p1a: Miracle
|-damage|p1a: Miracle|127\/703
|-status|p1a: Miracle|frz
|
|turn|29
|
|-curestatus|p1a: Miracle|frz
|move|p1a: Miracle|Seismic Toss|p2a: Conkeldurr
|-damage|p2a: Conkeldurr|110\/410
|move|p2a: Conkeldurr|Drain Punch|p1a: Miracle
|-supereffective|p1a: Miracle
|-damage|p1a: Miracle|0 fnt
|-heal|p2a: Conkeldurr|174\/410|[from] drain|[of] p1a: Miracle
|faint|p1a: Miracle
|
|c|âxDIRCIOx|ok
|
|switch|p1a: Fluffy|Altaria, F|321\/321
|-ability|p1a: Fluffy|Cloud Nine
|turn|30
|
|switch|p2a: Skarmory|Skarmory, F|189\/334
|-damage|p2a: Skarmory|148\/334|[from] Stealth Rock
|detailschange|p1a: Fluffy|Altaria-Mega, F
|message|Altaria has Mega Evolved into Mega Altaria!
|move|p1a: Fluffy|Frustration|p2a: Skarmory
|-resisted|p2a: Skarmory
|-damage|p2a: Skarmory|91\/334
|
|turn|31
|
|move|p1a: Fluffy|Frustration|p2a: Skarmory
|-resisted|p2a: Skarmory
|-damage|p2a: Skarmory|34\/334
|move|p2a: Skarmory|Roost|p2a: Skarmory
|-heal|p2a: Skarmory|201\/334
|
|turn|32
|
|move|p1a: Fluffy|Frustration|p2a: Skarmory
|-resisted|p2a: Skarmory
|-damage|p2a: Skarmory|147\/334
|move|p2a: Skarmory|Roost|p2a: Skarmory
|-heal|p2a: Skarmory|314\/334
|
|turn|33
|
|switch|p1a: Short Circuit|Magnezone|303\/303
|move|p2a: Skarmory|Defog|p1a: Short Circuit
|-unboost|p1a: Short Circuit|evasion|1
|-sideend|p2: noccliolinee|Stealth Rock|[from] move: Defog|[of] p2a: Skarmory
|
|turn|34
|
|switch|p2a: Garchomp|Garchomp, M|298\/357
|move|p1a: Short Circuit|Flash Cannon|p2a: Garchomp
|-damage|p2a: Garchomp|12\/357
|
|turn|35
|
|switch|p1a: Mandibuzz|Mandibuzz, F|374\/423
|move|p2a: Garchomp|Fire Blast|p1a: Mandibuzz
|-damage|p1a: Mandibuzz|293\/423
|
|turn|36
|
|move|p2a: Garchomp|Fire Blast|p1a: Mandibuzz
|-damage|p1a: Mandibuzz|220\/423
|move|p1a: Mandibuzz|Foul Play|p2a: Garchomp
|-damage|p2a: Garchomp|0 fnt
|-damage|p1a: Mandibuzz|168\/423|[from] ability: Rough Skin|[of] p2a: Garchomp
|faint|p2a: Garchomp
|
|
|switch|p2a: Gardevoir|Gardevoir-Mega, F|77\/277
|turn|37
|
|move|p2a: Gardevoir|Hyper Voice|p1a: Mandibuzz
|-crit|p1a: Mandibuzz
|-supereffective|p1a: Mandibuzz
|-damage|p1a: Mandibuzz|0 fnt
|faint|p1a: Mandibuzz
|
|
|switch|p1a: Pitfall|Diggersby, M|311\/311
|turn|38
|
|switch|p2a: Skarmory|Skarmory, F|314\/334
|move|p1a: Pitfall|Knock Off|p2a: Skarmory
|-damage|p2a: Skarmory|226\/334
|-enditem|p2a: Skarmory|Shed Shell|[from] move: Knock Off|[of] p1a: Pitfall
|
|turn|39
|
|switch|p1a: Short Circuit|Magnezone|303\/303
|switch|p2a: Conkeldurr|Conkeldurr, F|174\/410
|
|turn|40
|
|move|p1a: Short Circuit|Volt Switch|p2a: Conkeldurr
|-damage|p2a: Conkeldurr|0 fnt
|faint|p2a: Conkeldurr
|
|switch|p1a: Pitfall|Diggersby, M|311\/311
|
|
|switch|p2a: Skarmory|Skarmory, F|226\/334
|turn|41
|
|move|p1a: Pitfall|U-turn|p2a: Skarmory
|-crit|p2a: Skarmory
|-resisted|p2a: Skarmory
|-damage|p2a: Skarmory|203\/334
|
|switch|p1a: Short Circuit|Magnezone|303\/303
|move|p2a: Skarmory|Stealth Rock|p1a: Short Circuit
|-sidestart|p1: xDIRCIOx|move: Stealth Rock
|
|turn|42
|c|âxDIRCIOx|gamechanging crit
|
|move|p1a: Short Circuit|Volt Switch|p2a: Skarmory
|-supereffective|p2a: Skarmory
|-damage|p2a: Skarmory|0 fnt
|faint|p2a: Skarmory
|
|switch|p1a: Pitfall|Diggersby, M|311\/311
|-damage|p1a: Pitfall|292\/311|[from] Stealth Rock
|
|
|switch|p2a: Gardevoir|Gardevoir-Mega, F|77\/277
|turn|43
|
|move|p1a: Pitfall|U-turn|p2a: Gardevoir
|-damage|p2a: Gardevoir|0 fnt
|faint|p2a: Gardevoir
|
|win|xDIRCIOx
|raw|Ladder updating...
|c|âxDIRCIOx|gg
|leave|noccliolinee
|player|p2
|raw|xDIRCIOx's rating: 1446 &rarr; <strong>1467<\/strong><br \/>(+21 for winning)
|raw|noccliolinee's rating: 1452 &rarr; <strong>1431<\/strong><br \/>(-21 for losing)