|join|noccliolinee
|join|Clash T
|player|p1|noccliolinee|203
|player|p2|Clash T|2
|gametype|singles
|gen|6
|tier|OU
|rated
|clearpoke
|poke|p1|Rotom-Wash
|poke|p1|Clefable, M
|poke|p1|Skarmory, F
|poke|p1|Cacturne, F
|poke|p1|Lopunny, M
|poke|p1|Landorus-Therian, M
|poke|p2|Heatran, F
|poke|p2|Thundurus, M
|poke|p2|Breloom, M
|poke|p2|Keldeo
|poke|p2|Charizard, F
|poke|p2|Landorus-Therian, M
|rule|Swagger Clause: Swagger is banned
|rule|Baton Pass Clause: Limit one PokÃ©mon knowing Baton Pass
|rule|Sleep Clause Mod: Limit one foe put to sleep
|rule|Species Clause: Limit one of each PokÃ©mon
|rule|OHKO Clause: OHKO moves are banned
|rule|Moody Clause: Moody is banned
|rule|Evasion Moves Clause: Evasion moves are banned
|rule|Endless Battle Clause: Forcing endless battles is banned
|rule|HP Percentage Mod: HP is shown in percentages
|teampreview
|
|start
|switch|p1a: Landorus-Therian|Landorus-Therian, M|319\/319
|switch|p2a: Thundurus|Thundurus, M|300\/300
|-ability|p1a: Landorus-Therian|Intimidate|[of] p2a: Thundurus
|-unboost|p2a: Thundurus|atk|1
|turn|1
|
|move|p2a: Thundurus|Taunt|p1a: Landorus-Therian
|-start|p1a: Landorus-Therian|move: Taunt
|move|p1a: Landorus-Therian|Rock Tomb|p2a: Thundurus
|-supereffective|p2a: Thundurus
|-damage|p2a: Thundurus|78\/300
|-unboost|p2a: Thundurus|spe|1
|
|turn|2
|
|switch|p2a: Heatran|Heatran, F|386\/386
|move|p1a: Landorus-Therian|Rock Tomb|p2a: Heatran
|-damage|p2a: Heatran|311\/386
|-unboost|p2a: Heatran|spe|1
|
|-heal|p2a: Heatran|335\/386|[from] item: Leftovers
|turn|3
|
|switch|p1a: Rotom-Wash|Rotom-Wash|303\/303
|switch|p2a: Landorus-Therian|Landorus-Therian, M|320\/320
|-ability|p2a: Landorus-Therian|Intimidate|[of] p1a: Rotom-Wash
|-unboost|p1a: Rotom-Wash|atk|1
|
|turn|4
|
|move|p2a: Landorus-Therian|U-turn|p1a: Rotom-Wash
|-damage|p1a: Rotom-Wash|236\/303
|
|switch|p2a: Keldeo|Keldeo|333\/333
|move|p1a: Rotom-Wash|Hydro Pump|p2a: Keldeo
|-resisted|p2a: Keldeo
|-damage|p2a: Keldeo|256\/333
|
|-heal|p2a: Keldeo|276\/333|[from] item: Leftovers
|-heal|p1a: Rotom-Wash|254\/303|[from] item: Leftovers
|turn|5
|
|move|p2a: Keldeo|Calm Mind|p2a: Keldeo
|-boost|p2a: Keldeo|spa|1
|-boost|p2a: Keldeo|spd|1
|move|p1a: Rotom-Wash|Will-O-Wisp|p2a: Keldeo
|-status|p2a: Keldeo|brn
|
|-heal|p2a: Keldeo|296\/333 brn|[from] item: Leftovers
|-heal|p1a: Rotom-Wash|272\/303|[from] item: Leftovers
|-damage|p2a: Keldeo|255\/333 brn|[from] brn
|turn|6
|
|move|p2a: Keldeo|Scald|p1a: Rotom-Wash
|-resisted|p1a: Rotom-Wash
|-damage|p1a: Rotom-Wash|167\/303
|move|p1a: Rotom-Wash|Volt Switch|p2a: Keldeo
|-supereffective|p2a: Keldeo
|-damage|p2a: Keldeo|121\/333 brn
|
|switch|p1a: Lopunny|Lopunny, M|272\/272
|
|-heal|p2a: Keldeo|141\/333 brn|[from] item: Leftovers
|-damage|p2a: Keldeo|100\/333 brn|[from] brn
|turn|7
|
|switch|p2a: Landorus-Therian|Landorus-Therian, M|320\/320
|-ability|p2a: Landorus-Therian|Intimidate|[of] p1a: Lopunny
|-unboost|p1a: Lopunny|atk|1
|detailschange|p1a: Lopunny|Lopunny-Mega, M
|message|Lopunny has Mega Evolved into Mega Lopunny!
|move|p1a: Lopunny|Fake Out|p2a: Landorus-Therian
|-damage|p2a: Landorus-Therian|268\/320
|
|turn|8
|
|move|p2a: Landorus-Therian|U-turn|p1a: Lopunny
|-crit|p1a: Lopunny
|-resisted|p1a: Lopunny
|-damage|p1a: Lopunny|198\/272
|
|switch|p2a: Keldeo|Keldeo|100\/333 brn
|move|p1a: Lopunny|Ice Punch|p2a: Keldeo
|-resisted|p2a: Keldeo
|-damage|p2a: Keldeo|69\/333 brn
|
|-heal|p2a: Keldeo|89\/333 brn|[from] item: Leftovers
|-damage|p2a: Keldeo|48\/333 brn|[from] brn
|turn|9
|
|move|p1a: Lopunny|Return|p2a: Keldeo
|-damage|p2a: Keldeo|0 fnt
|faint|p2a: Keldeo
|
|
|switch|p2a: Charizard|Charizard, F|297\/297
|turn|10
|
|switch|p1a: Rotom-Wash|Rotom-Wash|167\/303
|detailschange|p2a: Charizard|Charizard-Mega-Y, F
|message|Charizard has Mega Evolved into Mega Charizard!
|-weather|SunnyDay
|move|p2a: Charizard|Flamethrower|p1a: Rotom-Wash
|-resisted|p1a: Rotom-Wash
|-damage|p1a: Rotom-Wash|43\/303
|
|-weather|SunnyDay|[upkeep]
|-heal|p1a: Rotom-Wash|61\/303|[from] item: Leftovers
|turn|11
|
|move|p2a: Charizard|Flamethrower|p1a: Rotom-Wash
|-resisted|p1a: Rotom-Wash
|-damage|p1a: Rotom-Wash|0 fnt
|faint|p1a: Rotom-Wash
|
|-weather|SunnyDay|[upkeep]
|
|switch|p1a: Skarmory|Skarmory, F|334\/334
|turn|12
|
|move|p2a: Charizard|Flamethrower|p1a: Skarmory
|-supereffective|p1a: Skarmory
|-activate|p1a: Skarmory|Sturdy
|-damage|p1a: Skarmory|1\/334
|move|p1a: Skarmory|Stealth Rock|p2a: Charizard
|-sidestart|p2: Clash T|move: Stealth Rock
|
|-weather|SunnyDay|[upkeep]
|turn|13
|
|move|p2a: Charizard|Flamethrower|p1a: Skarmory
|-supereffective|p1a: Skarmory
|-damage|p1a: Skarmory|0 fnt
|faint|p1a: Skarmory
|
|-weather|SunnyDay|[upkeep]
|
|switch|p1a: Landorus-Therian|Landorus-Therian, M|319\/319
|-ability|p1a: Landorus-Therian|Intimidate|[of] p2a: Charizard
|-unboost|p2a: Charizard|atk|1
|turn|14
|
|switch|p2a: Landorus-Therian|Landorus-Therian, M|268\/320
|-damage|p2a: Landorus-Therian|228\/320|[from] Stealth Rock
|-ability|p2a: Landorus-Therian|Intimidate|[of] p1a: Landorus-Therian
|-unboost|p1a: Landorus-Therian|atk|1
|move|p1a: Landorus-Therian|Rock Tomb|p2a: Landorus-Therian
|-damage|p2a: Landorus-Therian|175\/320
|-unboost|p2a: Landorus-Therian|spe|1
|
|-weather|none
|turn|15
|
|move|p1a: Landorus-Therian|Rock Tomb|p2a: Landorus-Therian
|-damage|p2a: Landorus-Therian|119\/320
|-unboost|p2a: Landorus-Therian|spe|1
|move|p2a: Landorus-Therian|U-turn|p1a: Landorus-Therian
|-resisted|p1a: Landorus-Therian
|-damage|p1a: Landorus-Therian|270\/319
|
|switch|p2a: Heatran|Heatran, F|335\/386
|-damage|p2a: Heatran|287\/386|[from] Stealth Rock
|
|-heal|p2a: Heatran|311\/386|[from] item: Leftovers
|turn|16
|
|switch|p1a: Clefable|Clefable, M|394\/394
|move|p2a: Heatran|Lava Plume|p1a: Clefable
|-damage|p1a: Clefable|286\/394
|
|-heal|p2a: Heatran|335\/386|[from] item: Leftovers
|-heal|p1a: Clefable|310\/394|[from] item: Leftovers
|turn|17
|
|move|p2a: Heatran|Taunt|p1a: Clefable
|-start|p1a: Clefable|move: Taunt
|cant|p1a: Clefable|move: Taunt|Thunder Wave
|
|-heal|p2a: Heatran|359\/386|[from] item: Leftovers
|-heal|p1a: Clefable|334\/394|[from] item: Leftovers
|turn|18
|
|switch|p1a: Landorus-Therian|Landorus-Therian, M|270\/319
|-ability|p1a: Landorus-Therian|Intimidate|[of] p2a: Heatran
|-unboost|p2a: Heatran|atk|1
|move|p2a: Heatran|Stealth Rock|p1a: Landorus-Therian
|-sidestart|p1: noccliolinee|move: Stealth Rock
|
|-heal|p2a: Heatran|383\/386|[from] item: Leftovers
|turn|19
|
|switch|p2a: Landorus-Therian|Landorus-Therian, M|119\/320
|-damage|p2a: Landorus-Therian|79\/320|[from] Stealth Rock
|-ability|p2a: Landorus-Therian|Intimidate|[of] p1a: Landorus-Therian
|-unboost|p1a: Landorus-Therian|atk|1
|move|p1a: Landorus-Therian|Rock Tomb|p2a: Landorus-Therian
|-damage|p2a: Landorus-Therian|17\/320
|-unboost|p2a: Landorus-Therian|spe|1
|
|turn|20
|
|switch|p1a: Clefable|Clefable, M|334\/394
|move|p2a: Landorus-Therian|Knock Off|p1a: Clefable
|-resisted|p1a: Clefable
|-damage|p1a: Clefable|268\/394
|-enditem|p1a: Clefable|Leftovers|[from] move: Knock Off|[of] p2a: Landorus-Therian
|
|turn|21
|
|move|p2a: Landorus-Therian|Knock Off|p1a: Clefable
|-resisted|p1a: Clefable
|-damage|p1a: Clefable|227\/394
|move|p1a: Clefable|Thunder Wave|p2a: Landorus-Therian
|-immune|p2a: Landorus-Therian|[msg]
|
|turn|22
|
|move|p2a: Landorus-Therian|Knock Off|p1a: Clefable
|-resisted|p1a: Clefable
|-damage|p1a: Clefable|181\/394
|move|p1a: Clefable|Soft-Boiled|p1a: Clefable
|-heal|p1a: Clefable|378\/394
|
|turn|23
|
|switch|p1a: Lopunny|Lopunny-Mega, M|198\/272
|-damage|p1a: Lopunny|181\/272|[from] Stealth Rock
|move|p2a: Landorus-Therian|Knock Off|p1a: Lopunny
|-resisted|p1a: Lopunny
|-damage|p1a: Lopunny|137\/272
|
|turn|24
|
|move|p1a: Lopunny|Drain Punch|p2a: Landorus-Therian
|-resisted|p2a: Landorus-Therian
|-damage|p2a: Landorus-Therian|0 fnt
|-heal|p1a: Lopunny|146\/272|[from] drain|[of] p2a: Landorus-Therian
|faint|p2a: Landorus-Therian
|
|
|switch|p2a: Thundurus|Thundurus, M|78\/300
|-damage|p2a: Thundurus|3\/300|[from] Stealth Rock
|turn|25
|
|switch|p1a: Landorus-Therian|Landorus-Therian, M|270\/319
|-damage|p1a: Landorus-Therian|231\/319|[from] Stealth Rock
|-ability|p1a: Landorus-Therian|Intimidate|[of] p2a: Thundurus
|-unboost|p2a: Thundurus|atk|1
|move|p2a: Thundurus|Hidden Power|p1a: Landorus-Therian
|-supereffective|p1a: Landorus-Therian
|-damage|p1a: Landorus-Therian|0 fnt
|-damage|p2a: Thundurus|0 fnt|[from] item: Life Orb
|faint|p1a: Landorus-Therian
|faint|p2a: Thundurus
|
|
|switch|p1a: Lopunny|Lopunny-Mega, M|146\/272
|switch|p2a: Heatran|Heatran, F|383\/386
|-damage|p1a: Lopunny|129\/272|[from] Stealth Rock
|-damage|p2a: Heatran|335\/386|[from] Stealth Rock
|turn|26
|
|move|p1a: Lopunny|Drain Punch|p2a: Heatran
|-crit|p2a: Heatran
|-supereffective|p2a: Heatran
|-damage|p2a: Heatran|0 fnt
|-heal|p1a: Lopunny|272\/272|[from] drain|[of] p2a: Heatran
|faint|p2a: Heatran
|
|
|switch|p2a: Breloom|Breloom, M|262\/262
|-damage|p2a: Breloom|246\/262|[from] Stealth Rock
|turn|27
|
|move|p1a: Lopunny|Return|p2a: Breloom
|-damage|p2a: Breloom|23\/262
|move|p2a: Breloom|Spore|p1a: Lopunny
|-status|p1a: Lopunny|slp
|
|turn|28
|
|switch|p1a: Cacturne|Cacturne, F|343\/343
|-damage|p1a: Cacturne|301\/343|[from] Stealth Rock
|move|p2a: Breloom|Bullet Seed|p1a: Cacturne
|-resisted|p1a: Cacturne
|-damage|p1a: Cacturne|249\/343
|-crit|p1a: Cacturne
|-resisted|p1a: Cacturne
|-damage|p1a: Cacturne|180\/343
|-resisted|p1a: Cacturne
|-damage|p1a: Cacturne|132\/343
|-hitcount|p1a: Cacturne|3
|
|turn|29
|
|switch|p1a: Clefable|Clefable, M|378\/394
|move|p2a: Breloom|Mach Punch|p1a: Clefable
|-resisted|p1a: Clefable
|-damage|p1a: Clefable|324\/394
|
|turn|30
|
|move|p2a: Breloom|Bullet Seed|p1a: Clefable
|-damage|p1a: Clefable|255\/394
|-damage|p1a: Clefable|189\/394
|-damage|p1a: Clefable|111\/394
|-damage|p1a: Clefable|33\/394
|-hitcount|p1a: Clefable|4
|move|p1a: Clefable|Moonblast|p2a: Breloom
|-supereffective|p2a: Breloom
|-damage|p2a: Breloom|0 fnt
|faint|p2a: Breloom
|
|
|switch|p2a: Charizard|Charizard-Mega-Y, F|297\/297
|-damage|p2a: Charizard|149\/297|[from] Stealth Rock
|-weather|SunnyDay
|turn|31
|
|move|p2a: Charizard|Flamethrower|p1a: Clefable
|-damage|p1a: Clefable|0 fnt
|faint|p1a: Clefable
|
|-weather|SunnyDay|[upkeep]
|
|switch|p1a: Cacturne|Cacturne, F|132\/343
|-damage|p1a: Cacturne|90\/343|[from] Stealth Rock
|turn|32
|
|move|p1a: Cacturne|Sucker Punch|p2a: Charizard
|-fail|p2a: Charizard
|move|p2a: Charizard|Roost|p2a: Charizard
|-heal|p2a: Charizard|297\/297
|
|-weather|SunnyDay|[upkeep]
|turn|33
|
|move|p1a: Cacturne|Sucker Punch|p2a: Charizard
|-damage|p2a: Charizard|23\/297
|-damage|p1a: Cacturne|56\/343|[from] item: Life Orb
|move|p2a: Charizard|Flamethrower|p1a: Cacturne
|-supereffective|p1a: Cacturne
|-damage|p1a: Cacturne|0 fnt
|faint|p1a: Cacturne
|
|-weather|SunnyDay|[upkeep]
|c|ânoccliolinee|gg
|
|switch|p1a: Lopunny|Lopunny-Mega, M|272\/272 slp
|-damage|p1a: Lopunny|255\/272 slp|[from] Stealth Rock
|turn|34
|c|âClash T|gg
|
|cant|p1a: Lopunny|slp
|move|p2a: Charizard|Flamethrower|p1a: Lopunny
|-damage|p1a: Lopunny|0 fnt
|faint|p1a: Lopunny
|
|win|Clash T
|raw|Ladder updating...
|leave|noccliolinee
|player|p1
|raw|noccliolinee's rating: 1443 &rarr; <strong>1421<\/strong><br \/>(-22 for losing)
|raw|Clash T's rating: 1406 &rarr; <strong>1428<\/strong><br \/>(+22 for winning)