|join|noccliolinee
|join|Torvosaurus
|player|p1|noccliolinee|169
|player|p2|Torvosaurus|238
|gametype|singles
|gen|6
|tier|OU
|rated
|clearpoke
|poke|p1|Landorus-Therian, M
|poke|p1|Bisharp, M
|poke|p1|Quagsire, F
|poke|p1|Skarmory, M
|poke|p1|Sylveon, M
|poke|p1|Medicham, M
|poke|p2|Claydol
|poke|p2|Volcarona, M
|poke|p2|Charizard, M
|poke|p2|Mamoswine, M
|poke|p2|Zapdos
|poke|p2|Reuniclus, F, shiny
|rule|Swagger Clause: Swagger is banned
|rule|Baton Pass Clause: Limit one PokÃ©mon knowing Baton Pass
|rule|Sleep Clause Mod: Limit one foe put to sleep
|rule|Species Clause: Limit one of each PokÃ©mon
|rule|OHKO Clause: OHKO moves are banned
|rule|Moody Clause: Moody is banned
|rule|Evasion Moves Clause: Evasion moves are banned
|rule|Endless Battle Clause: Forcing endless battles is banned
|rule|HP Percentage Mod: HP is shown in percentages
|teampreview
|
|start
|switch|p1a: Landorus-Therian|Landorus-Therian, M|319\/319
|switch|p2a: Modern Art|Claydol|324\/324
|-ability|p1a: Landorus-Therian|Intimidate|[of] p2a: Modern Art
|-unboost|p2a: Modern Art|atk|1
|turn|1
|
|move|p1a: Landorus-Therian|U-turn|p2a: Modern Art
|-supereffective|p2a: Modern Art
|-damage|p2a: Modern Art|168\/324
|
|switch|p1a: Medicham|Medicham, M|261\/261
|move|p2a: Modern Art|Reflect|p2a: Modern Art
|-sidestart|p2: Torvosaurus|Reflect
|
|turn|2
|
|detailschange|p1a: Medicham|Medicham-Mega, M
|message|Medicham has Mega Evolved into Mega Medicham!
|move|p1a: Medicham|Ice Punch|p2a: Modern Art
|-supereffective|p2a: Modern Art
|-damage|p2a: Modern Art|40\/324
|move|p2a: Modern Art|Stealth Rock|p1a: Medicham
|-sidestart|p1: noccliolinee|move: Stealth Rock
|
|turn|3
|
|move|p1a: Medicham|Ice Punch|p2a: Modern Art
|-supereffective|p2a: Modern Art
|-damage|p2a: Modern Art|0 fnt
|faint|p2a: Modern Art
|
|
|switch|p2a: Betelguse|Volcarona, M|338\/338
|turn|4
|
|switch|p1a: Landorus-Therian|Landorus-Therian, M|319\/319
|-damage|p1a: Landorus-Therian|280\/319|[from] Stealth Rock
|-ability|p1a: Landorus-Therian|Intimidate|[of] p2a: Betelguse
|-unboost|p2a: Betelguse|atk|1
|move|p2a: Betelguse|Quiver Dance|p2a: Betelguse
|-boost|p2a: Betelguse|spa|1
|-boost|p2a: Betelguse|spd|1
|-boost|p2a: Betelguse|spe|1
|
|turn|5
|c|âTorvosaurus|Stone edge i dont like
|
|move|p2a: Betelguse|Flamethrower|p1a: Landorus-Therian
|-damage|p1a: Landorus-Therian|0 fnt
|faint|p1a: Landorus-Therian
|
|c|âTorvosaurus|oh
|
|switch|p1a: Medicham|Medicham-Mega, M|261\/261
|-damage|p1a: Medicham|245\/261|[from] Stealth Rock
|turn|6
|c|âTorvosaurus|Rock slide or stone edge?
|
|move|p1a: Medicham|Fake Out|p2a: Betelguse
|-damage|p2a: Betelguse|283\/338
|cant|p2a: Betelguse|flinch
|
|turn|7
|c|âTorvosaurus|on your lando?
|c|ânoccliolinee|I used rock
|c|âTorvosaurus|yeah
|c|âTorvosaurus|thats better
|
|move|p2a: Betelguse|Bug Buzz|p1a: Medicham
|-damage|p1a: Medicham|0 fnt
|faint|p1a: Medicham
|
|c|âTorvosaurus|with acuarasy and flinch
|
|switch|p1a: Bisharp|Bisharp, M|272\/272
|-damage|p1a: Bisharp|255\/272|[from] Stealth Rock
|turn|8
|c|âTorvosaurus|most use stone edge for some reason
|
|move|p1a: Bisharp|Sucker Punch|p2a: Betelguse
|-damage|p2a: Betelguse|183\/338
|move|p2a: Betelguse|Flamethrower|p1a: Bisharp
|-supereffective|p1a: Bisharp
|-damage|p1a: Bisharp|0 fnt
|faint|p1a: Bisharp
|
|-sideend|p2: Torvosaurus|Reflect
|c|ânoccliolinee|gg
|-message|noccliolinee forfeited.
|
|win|Torvosaurus
|raw|Ladder updating...
|leave|noccliolinee
|player|p1