|join|noccliolinee
|join|Patodragon.v2
|player|p1|noccliolinee|203
|player|p2|Patodragon.v2|169
|gametype|singles
|gen|6
|tier|OU
|rated
|clearpoke
|poke|p1|Sableye, F
|poke|p1|Keldeo
|poke|p1|Bisharp, F
|poke|p1|Skarmory, F
|poke|p1|Sylveon, F
|poke|p1|Heatran, F
|poke|p2|Lopunny, F
|poke|p2|Skarmory, M
|poke|p2|Breloom, M
|poke|p2|Azumarill, M
|poke|p2|Bisharp, M
|poke|p2|Gengar, F
|rule|Swagger Clause: Swagger is banned
|rule|Baton Pass Clause: Limit one PokÃ©mon knowing Baton Pass
|rule|Sleep Clause Mod: Limit one foe put to sleep
|rule|Species Clause: Limit one of each PokÃ©mon
|rule|OHKO Clause: OHKO moves are banned
|rule|Moody Clause: Moody is banned
|rule|Evasion Moves Clause: Evasion moves are banned
|rule|Endless Battle Clause: Forcing endless battles is banned
|rule|HP Percentage Mod: HP is shown in percentages
|teampreview
|
|start
|switch|p1a: Sableye|Sableye, F|304\/304
|switch|p2a: Lopunny|Lopunny, F|271\/271
|turn|1
|
|switch|p1a: Skarmory|Skarmory, F|334\/334
|detailschange|p2a: Lopunny|Lopunny-Mega, F
|-mega|p2a: Lopunny|Lopunny|Lopunnite
|move|p2a: Lopunny|High Jump Kick|p1a: Skarmory|[miss]
|-miss|p2a: Lopunny|p1a: Skarmory
|-damage|p2a: Lopunny|136\/271|[from] highjumpkick
|
|turn|2
|
|switch|p2a: Skarmory|Skarmory, M|271\/271
|move|p1a: Skarmory|Stealth Rock|p2a: Skarmory
|-sidestart|p2: Patodragon.v2|move: Stealth Rock
|
|turn|3
|c|âPatodragon.v2|:(
|
|switch|p1a: Sableye|Sableye, F|304\/304
|move|p2a: Skarmory|Stealth Rock|p1a: Sableye
|-sidestart|p1: noccliolinee|move: Stealth Rock
|
|turn|4
|
|switch|p2a: Gengar|Gengar, F|261\/261
|-damage|p2a: Gengar|229\/261|[from] Stealth Rock
|detailschange|p1a: Sableye|Sableye-Mega, F
|-mega|p1a: Sableye|Sableye|Sablenite
|move|p1a: Sableye|Will-O-Wisp|p2a: Gengar|[miss]
|-miss|p1a: Sableye|p2a: Gengar
|
|turn|5
|
|move|p2a: Gengar|Shadow Ball|p1a: Sableye
|-damage|p1a: Sableye|183\/304
|-damage|p2a: Gengar|203\/261|[from] item: Life Orb
|move|p1a: Sableye|Calm Mind|p1a: Sableye
|-boost|p1a: Sableye|spa|1
|-boost|p1a: Sableye|spd|1
|
|turn|6
|
|move|p2a: Gengar|Sludge Bomb|p1a: Sableye
|-resisted|p1a: Sableye
|-damage|p1a: Sableye|135\/304
|-status|p1a: Sableye|psn
|-damage|p2a: Gengar|177\/261|[from] item: Life Orb
|move|p1a: Sableye|Recover|p1a: Sableye
|-heal|p1a: Sableye|287\/304 psn
|
|-damage|p1a: Sableye|249\/304 psn|[from] psn
|turn|7
|
|move|p2a: Gengar|Shadow Ball|p1a: Sableye
|-damage|p1a: Sableye|163\/304 psn
|-damage|p2a: Gengar|151\/261|[from] item: Life Orb
|move|p1a: Sableye|Will-O-Wisp|p2a: Gengar
|-status|p2a: Gengar|brn
|
|-damage|p2a: Gengar|119\/261 brn|[from] brn
|-damage|p1a: Sableye|125\/304 psn|[from] psn
|turn|8
|
|switch|p2a: Azumarill|Azumarill, M|364\/364
|-damage|p2a: Azumarill|319\/364|[from] Stealth Rock
|move|p1a: Sableye|Recover|p1a: Sableye
|-heal|p1a: Sableye|277\/304 psn
|
|-damage|p1a: Sableye|239\/304 psn|[from] psn
|turn|9
|
|switch|p1a: Skarmory|Skarmory, F|334\/334
|-damage|p1a: Skarmory|293\/334|[from] Stealth Rock
|move|p2a: Azumarill|Knock Off|p1a: Skarmory
|-damage|p1a: Skarmory|215\/334
|-damage|p2a: Azumarill|259\/364|[from] item: Rocky Helmet|[of] p1a: Skarmory
|-enditem|p1a: Skarmory|Rocky Helmet|[from] move: Knock Off|[of] p2a: Azumarill
|
|turn|10
|
|switch|p2a: Skarmory|Skarmory, M|271\/271
|-damage|p2a: Skarmory|238\/271|[from] Stealth Rock
|move|p1a: Skarmory|Whirlwind|p2a: Skarmory
|drag|p2a: Azumarill|Azumarill, M|259\/364
|-damage|p2a: Azumarill|214\/364|[from] Stealth Rock
|
|turn|11
|
|switch|p2a: Skarmory|Skarmory, M|238\/271
|-damage|p2a: Skarmory|205\/271|[from] Stealth Rock
|move|p1a: Skarmory|Roost|p1a: Skarmory
|-heal|p1a: Skarmory|334\/334
|
|turn|12
|
|switch|p1a: Sylveon|Sylveon, F|394\/394
|-damage|p1a: Sylveon|345\/394|[from] Stealth Rock
|move|p2a: Skarmory|Brave Bird|p1a: Sylveon
|-crit|p1a: Sylveon
|-damage|p1a: Sylveon|122\/394
|-damage|p2a: Skarmory|131\/271|[from] recoil|[of] p1a: Sylveon
|
|-heal|p1a: Sylveon|146\/394|[from] item: Leftovers
|turn|13
|
|move|p1a: Sylveon|Protect|p1a: Sylveon
|-singleturn|p1a: Sylveon|Protect
|move|p2a: Skarmory|Taunt|p1a: Sylveon
|-activate|p1a: Sylveon|Protect
|
|-heal|p1a: Sylveon|170\/394|[from] item: Leftovers
|turn|14
|
|move|p2a: Skarmory|Brave Bird|p1a: Sylveon
|-damage|p1a: Sylveon|20\/394
|-damage|p2a: Skarmory|81\/271|[from] recoil|[of] p1a: Sylveon
|move|p1a: Sylveon|Wish|p1a: Sylveon
|
|-heal|p1a: Sylveon|44\/394|[from] item: Leftovers
|turn|15
|
|move|p1a: Sylveon|Protect|p1a: Sylveon
|-singleturn|p1a: Sylveon|Protect
|move|p2a: Skarmory|Brave Bird|p1a: Sylveon
|-activate|p1a: Sylveon|Protect
|
|-heal|p1a: Sylveon|241\/394|[from] move: Wish|[wisher] Sylveon
|-heal|p1a: Sylveon|265\/394|[from] item: Leftovers
|turn|16
|
|move|p2a: Skarmory|Spikes|p1a: Sylveon
|-sidestart|p1: noccliolinee|Spikes
|move|p1a: Sylveon|Wish|p1a: Sylveon
|
|-heal|p1a: Sylveon|289\/394|[from] item: Leftovers
|turn|17
|
|move|p2a: Skarmory|Brave Bird|p1a: Sylveon
|-damage|p1a: Sylveon|133\/394
|-damage|p2a: Skarmory|30\/271|[from] recoil|[of] p1a: Sylveon
|-enditem|p2a: Skarmory|Salac Berry|[eat]
|-boost|p2a: Skarmory|spe|1|[from] item: Salac Berry
|move|p1a: Sylveon|Hyper Voice|p2a: Skarmory
|-resisted|p2a: Skarmory
|-damage|p2a: Skarmory|0 fnt
|faint|p2a: Skarmory
|
|-heal|p1a: Sylveon|330\/394|[from] move: Wish|[wisher] Sylveon
|-heal|p1a: Sylveon|354\/394|[from] item: Leftovers
|
|switch|p2a: Bisharp|Bisharp, M|272\/272
|-damage|p2a: Bisharp|255\/272|[from] Stealth Rock
|turn|18
|
|switch|p1a: Skarmory|Skarmory, F|334\/334
|-damage|p1a: Skarmory|293\/334|[from] Stealth Rock
|move|p2a: Bisharp|Swords Dance|p2a: Bisharp
|-boost|p2a: Bisharp|atk|2
|
|turn|19
|
|move|p2a: Bisharp|Knock Off|p1a: Skarmory
|-damage|p1a: Skarmory|94\/334
|-damage|p2a: Bisharp|228\/272|[from] item: Life Orb
|move|p1a: Skarmory|Whirlwind|p2a: Bisharp
|drag|p2a: Lopunny|Lopunny-Mega, F|136\/271
|-damage|p2a: Lopunny|120\/271|[from] Stealth Rock
|
|turn|20
|
|move|p2a: Lopunny|High Jump Kick|p1a: Skarmory
|-damage|p1a: Skarmory|0 fnt
|faint|p1a: Skarmory
|
|
|switch|p1a: Heatran|Heatran, F|323\/323
|-damage|p1a: Heatran|283\/323|[from] Spikes
|-damage|p1a: Heatran|243\/323|[from] Stealth Rock
|turn|21
|
|switch|p2a: Bisharp|Bisharp, M|228\/272
|-damage|p2a: Bisharp|211\/272|[from] Stealth Rock
|move|p1a: Heatran|Overheat|p2a: Bisharp|[miss]
|-miss|p1a: Heatran|p2a: Bisharp
|
|turn|22
|
|move|p2a: Bisharp|Sucker Punch|p1a: Heatran
|-damage|p1a: Heatran|48\/323
|-damage|p2a: Bisharp|184\/272|[from] item: Life Orb
|move|p1a: Heatran|Overheat|p2a: Bisharp
|-supereffective|p2a: Bisharp
|-damage|p2a: Bisharp|0 fnt
|-unboost|p1a: Heatran|spa|2
|faint|p2a: Bisharp
|
|
|switch|p2a: Azumarill|Azumarill, M|214\/364
|-damage|p2a: Azumarill|169\/364|[from] Stealth Rock
|-enditem|p2a: Azumarill|Sitrus Berry|[eat]
|-heal|p2a: Azumarill|260\/364|[from] item: Sitrus Berry
|turn|23
|
|move|p1a: Heatran|Overheat|p2a: Azumarill
|-resisted|p2a: Azumarill
|-damage|p2a: Azumarill|196\/364
|-unboost|p1a: Heatran|spa|2
|move|p2a: Azumarill|Belly Drum|p2a: Azumarill
|-damage|p2a: Azumarill|14\/364
|-setboost|p2a: Azumarill|atk|6|[from] move: Belly Drum
|
|turn|24
|
|move|p2a: Azumarill|Aqua Jet|p1a: Heatran
|-supereffective|p1a: Heatran
|-damage|p1a: Heatran|0 fnt
|faint|p1a: Heatran
|
|
|switch|p1a: Bisharp|Bisharp, F|271\/271
|-damage|p1a: Bisharp|255\/271|[from] Stealth Rock
|-damage|p1a: Bisharp|222\/271|[from] Spikes
|turn|25
|
|move|p1a: Bisharp|Sucker Punch|p2a: Azumarill
|-resisted|p2a: Azumarill
|-damage|p2a: Azumarill|0 fnt
|faint|p2a: Azumarill
|
|
|switch|p2a: Breloom|Breloom, M|261\/261
|-damage|p2a: Breloom|245\/261|[from] Stealth Rock
|turn|26
|
|switch|p1a: Sableye|Sableye-Mega, F|239\/304 psn
|-damage|p1a: Sableye|201\/304 psn|[from] Spikes
|-damage|p1a: Sableye|163\/304 psn|[from] Stealth Rock
|move|p2a: Breloom|Bullet Seed|p1a: Sableye
|-damage|p1a: Sableye|111\/304 psn
|-damage|p1a: Sableye|54\/304 psn
|-damage|p1a: Sableye|0 fnt
|-hitcount|p1a: Sableye|3
|faint|p1a: Sableye
|
|
|switch|p1a: Keldeo|Keldeo|322\/322
|-damage|p1a: Keldeo|282\/322|[from] Spikes
|-damage|p1a: Keldeo|262\/322|[from] Stealth Rock
|turn|27
|
|switch|p2a: Gengar|Gengar, F|119\/261 brn
|-damage|p2a: Gengar|87\/261 brn|[from] Stealth Rock
|move|p1a: Keldeo|Hidden Power|p2a: Gengar
|-damage|p2a: Gengar|1\/261 brn
|
|-heal|p1a: Keldeo|282\/322|[from] item: Leftovers
|-damage|p2a: Gengar|0 fnt|[from] brn
|faint|p2a: Gengar
|
|switch|p2a: Lopunny|Lopunny-Mega, F|120\/271
|-damage|p2a: Lopunny|104\/271|[from] Stealth Rock
|turn|28
|
|switch|p1a: Sylveon|Sylveon, F|354\/394
|-damage|p1a: Sylveon|305\/394|[from] Stealth Rock
|-damage|p1a: Sylveon|256\/394|[from] Spikes
|move|p2a: Lopunny|Fake Out|p1a: Sylveon
|-damage|p1a: Sylveon|183\/394
|
|-heal|p1a: Sylveon|207\/394|[from] item: Leftovers
|turn|29
|
|move|p1a: Sylveon|Protect|p1a: Sylveon
|-singleturn|p1a: Sylveon|Protect
|move|p2a: Lopunny|Return|p1a: Sylveon
|-activate|p1a: Sylveon|Protect
|
|-heal|p1a: Sylveon|231\/394|[from] item: Leftovers
|turn|30
|
|move|p2a: Lopunny|Return|p1a: Sylveon
|-damage|p1a: Sylveon|57\/394
|move|p1a: Sylveon|Wish|p1a: Sylveon
|
|-heal|p1a: Sylveon|81\/394|[from] item: Leftovers
|turn|31
|
|switch|p2a: Breloom|Breloom, M|245\/261
|-damage|p2a: Breloom|229\/261|[from] Stealth Rock
|move|p1a: Sylveon|Protect|p1a: Sylveon
|-fail|p1a: Sylveon
|
|-heal|p1a: Sylveon|278\/394|[from] move: Wish|[wisher] Sylveon
|-heal|p1a: Sylveon|302\/394|[from] item: Leftovers
|turn|32
|
|switch|p1a: Bisharp|Bisharp, F|222\/271
|-damage|p1a: Bisharp|206\/271|[from] Stealth Rock
|-damage|p1a: Bisharp|173\/271|[from] Spikes
|move|p2a: Breloom|Spore|p1a: Bisharp
|-status|p1a: Bisharp|slp
|
|turn|33
|
|switch|p1a: Sylveon|Sylveon, F|302\/394
|-damage|p1a: Sylveon|253\/394|[from] Spikes
|-damage|p1a: Sylveon|204\/394|[from] Stealth Rock
|move|p2a: Breloom|Rock Tomb|p1a: Sylveon
|-damage|p1a: Sylveon|110\/394
|-unboost|p1a: Sylveon|spe|1
|
|-heal|p1a: Sylveon|134\/394|[from] item: Leftovers
|turn|34
|
|move|p1a: Sylveon|Protect|p1a: Sylveon
|-singleturn|p1a: Sylveon|Protect
|move|p2a: Breloom|Bullet Seed|p1a: Sylveon
|-activate|p1a: Sylveon|Protect
|
|-heal|p1a: Sylveon|158\/394|[from] item: Leftovers
|turn|35
|
|move|p2a: Breloom|Bullet Seed|p1a: Sylveon
|-damage|p1a: Sylveon|98\/394
|-damage|p1a: Sylveon|35\/394
|-damage|p1a: Sylveon|0 fnt
|-hitcount|p1a: Sylveon|3
|faint|p1a: Sylveon
|
|
|switch|p1a: Keldeo|Keldeo|282\/322
|-damage|p1a: Keldeo|242\/322|[from] Spikes
|-damage|p1a: Keldeo|222\/322|[from] Stealth Rock
|turn|36
|
|move|p2a: Breloom|Mach Punch|p1a: Keldeo
|-damage|p1a: Keldeo|104\/322
|move|p1a: Keldeo|Hidden Power|p2a: Breloom
|-supereffective|p2a: Breloom
|-damage|p2a: Breloom|0 fnt
|faint|p2a: Breloom
|
|-heal|p1a: Keldeo|124\/322|[from] item: Leftovers
|
|switch|p2a: Lopunny|Lopunny-Mega, F|104\/271
|-damage|p2a: Lopunny|88\/271|[from] Stealth Rock
|turn|37
|
|move|p2a: Lopunny|Return|p1a: Keldeo
|-damage|p1a: Keldeo|0 fnt
|faint|p1a: Keldeo
|
|
|switch|p1a: Bisharp|Bisharp, F|173\/271 slp
|-damage|p1a: Bisharp|140\/271 slp|[from] Spikes
|-damage|p1a: Bisharp|124\/271 slp|[from] Stealth Rock
|turn|38
|
|cant|p1a: Bisharp|slp
|move|p2a: Lopunny|High Jump Kick|p1a: Bisharp
|-supereffective|p1a: Bisharp
|-damage|p1a: Bisharp|0 fnt
|faint|p1a: Bisharp
|
|win|Patodragon.v2
|raw|Ladder updating...
|raw|noccliolinee's rating: 1507 &rarr; <strong>1493<\/strong><br \/>(-14 for losing)
|raw|Patodragon.v2's rating: 1603 &rarr; <strong>1617<\/strong><br \/>(+14 for winning)
|leave|noccliolinee
|player|p1