|join|noccliolinee
|join|Azuko
|player|p1|noccliolinee|203
|player|p2|Azuko|283
|gametype|singles
|gen|6
|tier|OU (suspect test)
|rated
|clearpoke
|poke|p1|Heatran, M
|poke|p1|Landorus-Therian, M
|poke|p1|Sylveon, F
|poke|p1|Skarmory, F
|poke|p1|Charizard, F
|poke|p1|Suicune
|poke|p2|Tornadus-Therian, M
|poke|p2|Metagross
|poke|p2|Keldeo
|poke|p2|Landorus-Therian, M
|poke|p2|Rotom-Wash
|poke|p2|Clefable, M
|rule|Swagger Clause: Swagger is banned
|rule|Baton Pass Clause: Limit one PokÃ©mon knowing Baton Pass
|rule|Sleep Clause Mod: Limit one foe put to sleep
|rule|Species Clause: Limit one of each PokÃ©mon
|rule|OHKO Clause: OHKO moves are banned
|rule|Moody Clause: Moody is banned
|rule|Evasion Moves Clause: Evasion moves are banned
|rule|Endless Battle Clause: Forcing endless battles is banned
|rule|HP Percentage Mod: HP is shown in percentages
|teampreview
Azuko made this room hidden.
|
|start
|switch|p1a: Landorus-Therian|Landorus-Therian, M|319\/319
|switch|p2a: Rotom-Wash|Rotom-Wash|304\/304
|-ability|p1a: Landorus-Therian|Intimidate|[of] p2a: Rotom-Wash
|-unboost|p2a: Rotom-Wash|atk|1
|turn|1
|
|move|p1a: Landorus-Therian|U-turn|p2a: Rotom-Wash
|-damage|p2a: Rotom-Wash|239\/304
|
|switch|p1a: Sylveon|Sylveon, F|394\/394
|move|p2a: Rotom-Wash|Hydro Pump|p1a: Sylveon
|-damage|p1a: Sylveon|282\/394
|
|-heal|p2a: Rotom-Wash|258\/304|[from] item: Leftovers
|-heal|p1a: Sylveon|306\/394|[from] item: Leftovers
|turn|2
|
|move|p2a: Rotom-Wash|Volt Switch|p1a: Sylveon
|-damage|p1a: Sylveon|242\/394
|
|switch|p2a: Metagross|Metagross|301\/301
|move|p1a: Sylveon|Wish|p1a: Sylveon
|
|-heal|p1a: Sylveon|266\/394|[from] item: Leftovers
|turn|3
|
|detailschange|p2a: Metagross|Metagross-Mega
|-mega|p2a: Metagross|Metagross|Metagrossite
|move|p1a: Sylveon|Protect|p1a: Sylveon
|-singleturn|p1a: Sylveon|Protect
|move|p2a: Metagross|Hammer Arm|p1a: Sylveon
|-activate|p1a: Sylveon|Protect
|
|-heal|p1a: Sylveon|394\/394|[from] move: Wish|[wisher] Sylveon
|turn|4
|
|switch|p1a: Skarmory|Skarmory, F|334\/334
|move|p2a: Metagross|Meteor Mash|p1a: Skarmory
|-resisted|p1a: Skarmory
|-damage|p1a: Skarmory|264\/334
|-damage|p2a: Metagross|251\/301|[from] item: Rocky Helmet|[of] p1a: Skarmory
|
|turn|5
|
|switch|p2a: Landorus-Therian|Landorus-Therian, M|367\/367
|-ability|p2a: Landorus-Therian|Intimidate|[of] p1a: Skarmory
|-unboost|p1a: Skarmory|atk|1
|move|p1a: Skarmory|Stealth Rock|p2a: Landorus-Therian
|-sidestart|p2: Azuko|move: Stealth Rock
|
|turn|6
|
|move|p2a: Landorus-Therian|Stealth Rock|p1a: Skarmory
|-sidestart|p1: noccliolinee|move: Stealth Rock
|move|p1a: Skarmory|Roost|p1a: Skarmory
|-heal|p1a: Skarmory|334\/334
|
|turn|7
|
|move|p2a: Landorus-Therian|U-turn|p1a: Skarmory
|-resisted|p1a: Skarmory
|-damage|p1a: Skarmory|323\/334
|-damage|p2a: Landorus-Therian|306\/367|[from] item: Rocky Helmet|[of] p1a: Skarmory
|
|switch|p2a: Tornadus-Therian|Tornadus-Therian, M|299\/299
|-damage|p2a: Tornadus-Therian|225\/299|[from] Stealth Rock
|move|p1a: Skarmory|Whirlwind|p2a: Tornadus-Therian
|drag|p2a: Metagross|Metagross-Mega|251\/301
|-damage|p2a: Metagross|233\/301|[from] Stealth Rock
|
|turn|8
|
|switch|p2a: Tornadus-Therian|Tornadus-Therian, M|299\/299
|-damage|p2a: Tornadus-Therian|225\/299|[from] Stealth Rock
|move|p1a: Skarmory|Whirlwind|p2a: Tornadus-Therian
|drag|p2a: Metagross|Metagross-Mega|233\/301
|-damage|p2a: Metagross|215\/301|[from] Stealth Rock
|
|turn|9
|
|move|p2a: Metagross|Hammer Arm|p1a: Skarmory
|-damage|p1a: Skarmory|225\/334
|-damage|p2a: Metagross|165\/301|[from] item: Rocky Helmet|[of] p1a: Skarmory
|-unboost|p2a: Metagross|spe|1
|move|p1a: Skarmory|Whirlwind|p2a: Metagross
|drag|p2a: Landorus-Therian|Landorus-Therian, M|306\/367
|-damage|p2a: Landorus-Therian|261\/367|[from] Stealth Rock
|-ability|p2a: Landorus-Therian|Intimidate|[of] p1a: Skarmory
|-unboost|p1a: Skarmory|atk|1
|
|-heal|p2a: Landorus-Therian|283\/367|[from] item: Leftovers
|turn|10
|
|move|p2a: Landorus-Therian|Rock Slide|p1a: Skarmory
|-crit|p1a: Skarmory
|-damage|p1a: Skarmory|161\/334
|cant|p1a: Skarmory|flinch
|
|-heal|p2a: Landorus-Therian|305\/367|[from] item: Leftovers
|turn|11
|
|move|p2a: Landorus-Therian|U-turn|p1a: Skarmory
|-resisted|p1a: Skarmory
|-damage|p1a: Skarmory|149\/334
|-damage|p2a: Landorus-Therian|244\/367|[from] item: Rocky Helmet|[of] p1a: Skarmory
|
|switch|p2a: Tornadus-Therian|Tornadus-Therian, M|299\/299
|-damage|p2a: Tornadus-Therian|225\/299|[from] Stealth Rock
|move|p1a: Skarmory|Roost|p1a: Skarmory
|-heal|p1a: Skarmory|316\/334
|
|turn|12
|
|switch|p1a: Sylveon|Sylveon, F|394\/394
|-damage|p1a: Sylveon|345\/394|[from] Stealth Rock
|move|p2a: Tornadus-Therian|Heat Wave|p1a: Sylveon
|-damage|p1a: Sylveon|238\/394
|-damage|p2a: Tornadus-Therian|196\/299|[from] item: Life Orb
|
|-heal|p1a: Sylveon|262\/394|[from] item: Leftovers
|turn|13
|
|move|p1a: Sylveon|Protect|p1a: Sylveon
|-singleturn|p1a: Sylveon|Protect
|move|p2a: Tornadus-Therian|Hurricane|p1a: Sylveon
|-activate|p1a: Sylveon|Protect
|
|-heal|p1a: Sylveon|286\/394|[from] item: Leftovers
|turn|14
|
|switch|p2a: Metagross|Metagross-Mega|165\/301
|-damage|p2a: Metagross|147\/301|[from] Stealth Rock
|move|p1a: Sylveon|Wish|p1a: Sylveon
|
|-heal|p1a: Sylveon|310\/394|[from] item: Leftovers
|turn|15
|
|switch|p2a: Tornadus-Therian|Tornadus-Therian, M|295\/299
|-damage|p2a: Tornadus-Therian|221\/299|[from] Stealth Rock
|switch|p1a: Skarmory|Skarmory, F|316\/334
|-damage|p1a: Skarmory|275\/334|[from] Stealth Rock
|
|-heal|p1a: Skarmory|334\/334|[from] move: Wish|[wisher] Sylveon
|turn|16
|
|switch|p1a: Sylveon|Sylveon, F|310\/394
|-damage|p1a: Sylveon|261\/394|[from] Stealth Rock
|move|p2a: Tornadus-Therian|Knock Off|p1a: Sylveon
|-resisted|p1a: Sylveon
|-damage|p1a: Sylveon|209\/394
|-enditem|p1a: Sylveon|Leftovers|[from] move: Knock Off|[of] p2a: Tornadus-Therian
|-damage|p2a: Tornadus-Therian|192\/299|[from] item: Life Orb
|
|turn|17
|
|move|p2a: Tornadus-Therian|Hurricane|p1a: Sylveon
|-damage|p1a: Sylveon|22\/394
|-start|p1a: Sylveon|confusion
|-damage|p2a: Tornadus-Therian|163\/299|[from] item: Life Orb
|-activate|p1a: Sylveon|confusion
|move|p1a: Sylveon|Wish|p1a: Sylveon
|
|turn|18
|
|-end|p1a: Sylveon|confusion
|move|p1a: Sylveon|Protect|p1a: Sylveon
|-singleturn|p1a: Sylveon|Protect
|move|p2a: Tornadus-Therian|Hurricane|p1a: Sylveon
|-activate|p1a: Sylveon|Protect
|
|-heal|p1a: Sylveon|219\/394|[from] move: Wish|[wisher] Sylveon
|turn|19
|
|move|p2a: Tornadus-Therian|Hurricane|p1a: Sylveon
|-damage|p1a: Sylveon|23\/394
|-start|p1a: Sylveon|confusion
|-damage|p2a: Tornadus-Therian|134\/299|[from] item: Life Orb
|-activate|p1a: Sylveon|confusion
|move|p1a: Sylveon|Wish|p1a: Sylveon
|
|turn|20
|
|-activate|p1a: Sylveon|confusion
|move|p1a: Sylveon|Protect|p1a: Sylveon
|-singleturn|p1a: Sylveon|Protect
|move|p2a: Tornadus-Therian|Hurricane|p1a: Sylveon
|-activate|p1a: Sylveon|Protect
|
|-heal|p1a: Sylveon|220\/394|[from] move: Wish|[wisher] Sylveon
|turn|21
|
|move|p2a: Tornadus-Therian|Hurricane|p1a: Sylveon
|-damage|p1a: Sylveon|32\/394
|-damage|p2a: Tornadus-Therian|105\/299|[from] item: Life Orb
|-activate|p1a: Sylveon|confusion
|-damage|p1a: Sylveon|12\/394|[from] confusion
|
|turn|22
|
|move|p2a: Tornadus-Therian|Heat Wave|p1a: Sylveon
|-damage|p1a: Sylveon|0 fnt
|-damage|p2a: Tornadus-Therian|76\/299|[from] item: Life Orb
|faint|p1a: Sylveon
|
|
|switch|p1a: Landorus-Therian|Landorus-Therian, M|319\/319
|-damage|p1a: Landorus-Therian|280\/319|[from] Stealth Rock
|-ability|p1a: Landorus-Therian|Intimidate|[of] p2a: Tornadus-Therian
|-unboost|p2a: Tornadus-Therian|atk|1
|turn|23
|
|switch|p2a: Landorus-Therian|Landorus-Therian, M|244\/367
|-damage|p2a: Landorus-Therian|199\/367|[from] Stealth Rock
|-ability|p2a: Landorus-Therian|Intimidate|[of] p1a: Landorus-Therian
|-unboost|p1a: Landorus-Therian|atk|1
|move|p1a: Landorus-Therian|Knock Off|p2a: Landorus-Therian
|-damage|p2a: Landorus-Therian|132\/367
|-enditem|p2a: Landorus-Therian|Leftovers|[from] move: Knock Off|[of] p1a: Landorus-Therian
|
|turn|24
|
|switch|p1a: Skarmory|Skarmory, F|334\/334
|-damage|p1a: Skarmory|293\/334|[from] Stealth Rock
|move|p2a: Landorus-Therian|Rock Slide|p1a: Skarmory
|-damage|p1a: Skarmory|250\/334
|
|turn|25
|
|move|p2a: Landorus-Therian|Rock Slide|p1a: Skarmory
|-damage|p1a: Skarmory|201\/334
|cant|p1a: Skarmory|flinch
|
|turn|26
|
|move|p2a: Landorus-Therian|Rock Slide|p1a: Skarmory
|-damage|p1a: Skarmory|155\/334
|cant|p1a: Skarmory|flinch
|
|turn|27
|
|move|p2a: Landorus-Therian|Rock Slide|p1a: Skarmory
|-damage|p1a: Skarmory|105\/334
|cant|p1a: Skarmory|flinch
|
|turn|28
|
|move|p2a: Landorus-Therian|Rock Slide|p1a: Skarmory
|-miss|p2a: Landorus-Therian|p1a: Skarmory
|move|p1a: Skarmory|Roost|p1a: Skarmory
|-heal|p1a: Skarmory|272\/334
|
|turn|29
|
|move|p2a: Landorus-Therian|U-turn|p1a: Skarmory
|-resisted|p1a: Skarmory
|-damage|p1a: Skarmory|261\/334
|-damage|p2a: Landorus-Therian|71\/367|[from] item: Rocky Helmet|[of] p1a: Skarmory
|
|switch|p2a: Tornadus-Therian|Tornadus-Therian, M|175\/299
|-damage|p2a: Tornadus-Therian|101\/299|[from] Stealth Rock
|move|p1a: Skarmory|Whirlwind|p2a: Tornadus-Therian
|drag|p2a: Landorus-Therian|Landorus-Therian, M|71\/367
|-damage|p2a: Landorus-Therian|26\/367|[from] Stealth Rock
|-ability|p2a: Landorus-Therian|Intimidate|[of] p1a: Skarmory
|-unboost|p1a: Skarmory|atk|1
|
|turn|30
|
|move|p2a: Landorus-Therian|Rock Slide|p1a: Skarmory
|-damage|p1a: Skarmory|216\/334
|move|p1a: Skarmory|Roost|p1a: Skarmory
|-heal|p1a: Skarmory|334\/334
|
|turn|31
|
|move|p2a: Landorus-Therian|Rock Slide|p1a: Skarmory
|-damage|p1a: Skarmory|283\/334
|move|p1a: Skarmory|Defog|p2a: Landorus-Therian
|-unboost|p2a: Landorus-Therian|evasion|1
|-sideend|p2: Azuko|Stealth Rock|[from] move: Defog|[of] p2a: Landorus-Therian
|-sideend|p1: noccliolinee|Stealth Rock|[from] move: Defog|[of] p1a: Skarmory
|
|turn|32
|
|move|p2a: Landorus-Therian|Stealth Rock|p1a: Skarmory
|-sidestart|p1: noccliolinee|move: Stealth Rock
|move|p1a: Skarmory|Stealth Rock|p2a: Landorus-Therian
|-sidestart|p2: Azuko|move: Stealth Rock
|
|turn|33
|
|move|p2a: Landorus-Therian|Rock Slide|p1a: Skarmory
|-damage|p1a: Skarmory|238\/334
|move|p1a: Skarmory|Whirlwind|p2a: Landorus-Therian
|drag|p2a: Tornadus-Therian|Tornadus-Therian, M|200\/299
|-damage|p2a: Tornadus-Therian|126\/299|[from] Stealth Rock
|
|turn|34
|
|switch|p1a: Heatran|Heatran, M|385\/385
|-damage|p1a: Heatran|337\/385|[from] Stealth Rock
|move|p2a: Tornadus-Therian|Heat Wave|p1a: Heatran
|-start|p1a: Heatran|ability: Flash Fire
|
|-heal|p1a: Heatran|361\/385|[from] item: Leftovers
|turn|35
|
|move|p2a: Tornadus-Therian|Superpower|p1a: Heatran
|-supereffective|p1a: Heatran
|-damage|p1a: Heatran|98\/385
|-unboost|p2a: Tornadus-Therian|atk|1
|-unboost|p2a: Tornadus-Therian|def|1
|-damage|p2a: Tornadus-Therian|97\/299|[from] item: Life Orb
|move|p1a: Heatran|Toxic|p2a: Tornadus-Therian
|-status|p2a: Tornadus-Therian|tox
|
|-heal|p1a: Heatran|122\/385|[from] item: Leftovers
|-damage|p2a: Tornadus-Therian|79\/299 tox|[from] psn
|turn|36
|
|switch|p1a: Skarmory|Skarmory, F|238\/334
|-damage|p1a: Skarmory|197\/334|[from] Stealth Rock
|move|p2a: Tornadus-Therian|Knock Off|p1a: Skarmory
|-damage|p1a: Skarmory|161\/334
|-damage|p2a: Tornadus-Therian|30\/299 tox|[from] item: Rocky Helmet|[of] p1a: Skarmory
|-enditem|p1a: Skarmory|Rocky Helmet|[from] move: Knock Off|[of] p2a: Tornadus-Therian
|-damage|p2a: Tornadus-Therian|1\/299 tox|[from] item: Life Orb
|
|-damage|p2a: Tornadus-Therian|0 fnt|[from] psn
|faint|p2a: Tornadus-Therian
|
|switch|p2a: Keldeo|Keldeo|323\/323
|-damage|p2a: Keldeo|303\/323|[from] Stealth Rock
|turn|37
|
|switch|p1a: Suicune|Suicune|404\/404
|-damage|p1a: Suicune|354\/404|[from] Stealth Rock
|-ability|p1a: Suicune|Pressure
|move|p2a: Keldeo|Substitute|p2a: Keldeo
|-start|p2a: Keldeo|Substitute
|-damage|p2a: Keldeo|223\/323
|
|-heal|p2a: Keldeo|243\/323|[from] item: Leftovers
|-heal|p1a: Suicune|379\/404|[from] item: Leftovers
|turn|38
|
|move|p2a: Keldeo|Calm Mind|p2a: Keldeo
|-boost|p2a: Keldeo|spa|1
|-boost|p2a: Keldeo|spd|1
|move|p1a: Suicune|Calm Mind|p1a: Suicune
|-boost|p1a: Suicune|spa|1
|-boost|p1a: Suicune|spd|1
|
|-heal|p2a: Keldeo|263\/323|[from] item: Leftovers
|-heal|p1a: Suicune|404\/404|[from] item: Leftovers
|turn|39
|
|move|p2a: Keldeo|Calm Mind|p2a: Keldeo
|-boost|p2a: Keldeo|spa|1
|-boost|p2a: Keldeo|spd|1
|move|p1a: Suicune|Calm Mind|p1a: Suicune
|-boost|p1a: Suicune|spa|1
|-boost|p1a: Suicune|spd|1
|
|-heal|p2a: Keldeo|283\/323|[from] item: Leftovers
|turn|40
|
|move|p2a: Keldeo|Calm Mind|p2a: Keldeo
|-boost|p2a: Keldeo|spa|1
|-boost|p2a: Keldeo|spd|1
|move|p1a: Suicune|Calm Mind|p1a: Suicune
|-boost|p1a: Suicune|spa|1
|-boost|p1a: Suicune|spd|1
|
|-heal|p2a: Keldeo|303\/323|[from] item: Leftovers
|turn|41
|
|move|p2a: Keldeo|Calm Mind|p2a: Keldeo
|-boost|p2a: Keldeo|spa|1
|-boost|p2a: Keldeo|spd|1
|move|p1a: Suicune|Calm Mind|p1a: Suicune
|-boost|p1a: Suicune|spa|1
|-boost|p1a: Suicune|spd|1
|
|-heal|p2a: Keldeo|323\/323|[from] item: Leftovers
|turn|42
|
|move|p2a: Keldeo|Calm Mind|p2a: Keldeo
|-boost|p2a: Keldeo|spa|1
|-boost|p2a: Keldeo|spd|1
|move|p1a: Suicune|Scald|p2a: Keldeo
|-resisted|p2a: Keldeo
|-activate|p2a: Keldeo|Substitute|[damage]
|
|turn|43
|
|move|p2a: Keldeo|Calm Mind|p2a: Keldeo
|-boost|p2a: Keldeo|spa|1
|-boost|p2a: Keldeo|spd|1
|move|p1a: Suicune|Calm Mind|p1a: Suicune
|-boost|p1a: Suicune|spa|1
|-boost|p1a: Suicune|spd|1
|
|turn|44
|
|move|p2a: Keldeo|Secret Sword|p1a: Suicune
|-damage|p1a: Suicune|0 fnt
|faint|p1a: Suicune
|
|
|switch|p1a: Skarmory|Skarmory, F|161\/334
|-damage|p1a: Skarmory|120\/334|[from] Stealth Rock
|turn|45
|
|move|p2a: Keldeo|Scald|p1a: Skarmory
|-damage|p1a: Skarmory|0 fnt
|faint|p1a: Skarmory
|
|-message|noccliolinee forfeited.
|leave|noccliolinee
|
|win|Azuko
|raw|Ladder updating...
|raw|noccliolinee's rating: 1382 &rarr; <strong>1357<\/strong><br \/>(-25 for losing)
|raw|Azuko's rating: 1305 &rarr; <strong>1329<\/strong><br \/>(+24 for winning)
|player|p1