|join|noccliolinee
|join|Swaqfeq
|player|p1|noccliolinee|203
|player|p2|Swaqfeq|246
|gametype|singles
|gen|6
|tier|OU (suspect test)
|rated
|clearpoke
|poke|p1|Charizard, M
|poke|p1|Bisharp, F
|poke|p1|Heatran, M
|poke|p1|Skarmory, F
|poke|p1|Sylveon, M
|poke|p1|Landorus-Therian, M
|poke|p2|Cottonee, F
|poke|p2|Azelf
|poke|p2|Whimsicott, F
|poke|p2|Smeargle, M, shiny
|poke|p2|Espeon, M
|poke|p2|Gothitelle, F
|rule|Swagger Clause: Swagger is banned
|rule|Baton Pass Clause: Limit one PokÃ©mon knowing Baton Pass
|rule|Sleep Clause Mod: Limit one foe put to sleep
|rule|Species Clause: Limit one of each PokÃ©mon
|rule|OHKO Clause: OHKO moves are banned
|rule|Moody Clause: Moody is banned
|rule|Evasion Moves Clause: Evasion moves are banned
|rule|Endless Battle Clause: Forcing endless battles is banned
|rule|HP Percentage Mod: HP is shown in percentages
|teampreview
|
|start
|switch|p1a: Landorus-Therian|Landorus-Therian, M|319\/319
|switch|p2a: CHICHICHI LELELE|Cottonee, F|284\/284
|-ability|p1a: Landorus-Therian|Intimidate|[of] p2a: CHICHICHI LELELE
|-unboost|p2a: CHICHICHI LELELE|atk|1
|turn|1
|
|move|p2a: CHICHICHI LELELE|Tailwind|p2a: CHICHICHI LELELE
|-sidestart|p2: Swaqfeq|move: Tailwind
|move|p1a: Landorus-Therian|U-turn|p2a: CHICHICHI LELELE
|-damage|p2a: CHICHICHI LELELE|157\/284
|
|switch|p1a: Skarmory|Skarmory, F|334\/334
|
|turn|2
|
|switch|p2a: VIVA CHILE|Azelf|354\/354
|move|p1a: Skarmory|Whirlwind|p2a: VIVA CHILE
|drag|p2a: CHICHICHI LELELE|Cottonee, F|157\/284
|
|turn|3
|
|move|p2a: CHICHICHI LELELE|Taunt|p1a: Skarmory
|-start|p1a: Skarmory|move: Taunt
|cant|p1a: Skarmory|move: Taunt|Whirlwind
|
|turn|4
|
|switch|p1a: Landorus-Therian|Landorus-Therian, M|319\/319
|-ability|p1a: Landorus-Therian|Intimidate|[of] p2a: CHICHICHI LELELE
|-unboost|p2a: CHICHICHI LELELE|atk|1
|move|p2a: CHICHICHI LELELE|Stun Spore|p1a: Landorus-Therian|[miss]
|-miss|p2a: CHICHICHI LELELE|p1a: Landorus-Therian
|
|-sideend|p2: Swaqfeq|move: Tailwind
|turn|5
|
|move|p2a: CHICHICHI LELELE|Tailwind|p2a: CHICHICHI LELELE
|-sidestart|p2: Swaqfeq|move: Tailwind
|move|p1a: Landorus-Therian|Earthquake|p2a: CHICHICHI LELELE
|-resisted|p2a: CHICHICHI LELELE
|-damage|p2a: CHICHICHI LELELE|19\/284
|
|turn|6
|
|move|p2a: CHICHICHI LELELE|Memento|p1a: Landorus-Therian
|-unboost|p1a: Landorus-Therian|atk|2
|-unboost|p1a: Landorus-Therian|spa|2
|faint|p2a: CHICHICHI LELELE
|move|p1a: Landorus-Therian|Earthquake|p2: CHICHICHI LELELE|[notarget]
|-notarget
|
|
|switch|p2a: VIVA CHILE|Azelf|354\/354
|turn|7
|
|switch|p1a: Bisharp|Bisharp, F|271\/271
|move|p2a: VIVA CHILE|Reflect|p2a: VIVA CHILE
|-sidestart|p2: Swaqfeq|Reflect
|
|turn|8
|
|move|p2a: VIVA CHILE|Light Screen|p2a: VIVA CHILE
|-sidestart|p2: Swaqfeq|move: Light Screen
|move|p1a: Bisharp|Knock Off|p2a: VIVA CHILE
|-supereffective|p2a: VIVA CHILE
|-damage|p2a: VIVA CHILE|81\/354
|-enditem|p2a: VIVA CHILE|Light Clay|[from] move: Knock Off|[of] p1a: Bisharp
|
|-sideend|p2: Swaqfeq|move: Tailwind
|turn|9
|
|move|p1a: Bisharp|Sucker Punch|p2a: VIVA CHILE
|-fail|p2a: VIVA CHILE
|move|p2a: VIVA CHILE|Taunt|p1a: Bisharp
|-start|p1a: Bisharp|move: Taunt
|
|turn|10
|
|move|p2a: VIVA CHILE|Explosion|p1a: Bisharp
|-resisted|p1a: Bisharp
|-damage|p1a: Bisharp|155\/271
|faint|p2a: VIVA CHILE
|move|p1a: Bisharp|Knock Off|p2: VIVA CHILE|[notarget]
|-notarget
|
|
|switch|p2a: FAIRY SOLIDARITY|Whimsicott, F|324\/324
|turn|11
|
|switch|p1a: Skarmory|Skarmory, F|334\/334
|move|p2a: FAIRY SOLIDARITY|Tailwind|p2a: FAIRY SOLIDARITY
|-sidestart|p2: Swaqfeq|move: Tailwind
|
|turn|12
|
|switch|p1a: Charizard|Charizard, M|333\/333
|move|p2a: FAIRY SOLIDARITY|Memento|p1a: Charizard
|-unboost|p1a: Charizard|atk|2
|-unboost|p1a: Charizard|spa|2
|faint|p2a: FAIRY SOLIDARITY
|
|c|âSwaqfeq|it's red card skarm right xD
|
|switch|p2a: THE BP SAVIOR|Smeargle, M, shiny|251\/251
|turn|13
|c|ânoccliolinee|no it's not
|
|detailschange|p1a: Charizard|Charizard-Mega-X, M
|-mega|p1a: Charizard|Charizard|Charizardite X
|move|p2a: THE BP SAVIOR|Geomancy|p2a: THE BP SAVIOR|[still]
|-prepare|p2a: THE BP SAVIOR|Geomancy|p2a: THE BP SAVIOR
|-enditem|p2a: THE BP SAVIOR|Power Herb
|-anim|p2a: THE BP SAVIOR|Geomancy|p2a: THE BP SAVIOR
|-boost|p2a: THE BP SAVIOR|spa|2
|-boost|p2a: THE BP SAVIOR|spd|2
|-boost|p2a: THE BP SAVIOR|spe|2
|move|p1a: Charizard|Flare Blitz|p2a: THE BP SAVIOR
|-crit|p2a: THE BP SAVIOR
|-damage|p2a: THE BP SAVIOR|0 fnt
|-damage|p1a: Charizard|250\/333|[from] recoil|[of] p2a: THE BP SAVIOR
|faint|p2a: THE BP SAVIOR
|
|c|âSwaqfeq|NICE!
|-message|Swaqfeq forfeited.
|
|win|noccliolinee
|raw|Ladder updating...
|raw|noccliolinee's rating: 1491 &rarr; <strong>1507<\/strong><br \/>(+16 for winning)
|raw|Swaqfeq's rating: 1422 &rarr; <strong>1406<\/strong><br \/>(-16 for losing)
|c|âSwaqfeq|POOPYHEAD
|c|âSwaqfeq|LMAO
|c|âSwaqfeq|fagg OT
|c|ânoccliolinee|ty for rating
|c|âSwaqfeq|was it red card
|c|âSwaqfeq|or nah
|c|ânoccliolinee|have a nice cancer
|leave|noccliolinee
|player|p1