|join|Tradekaiser
|join|SuperSmashFor3DS
|player|p1|Tradekaiser|169
|player|p2|SuperSmashFor3DS|12
|gametype|singles
|gen|6
|tier|ORAS OU
|rated
|rule|Sleep Clause Mod: Limit one foe put to sleep
|rule|Species Clause: Limit one of each PokÃ©mon
|rule|OHKO Clause: OHKO moves are banned
|rule|Moody Clause: Moody is banned
|rule|Evasion Moves Clause: Evasion moves are banned
|rule|Endless Battle Clause: Forcing endless battles is banned
|rule|HP Percentage Mod: HP is shown in percentages
|clearpoke
|poke|p1|Salamence, F
|poke|p1|Magnezone
|poke|p1|Scolipede, M
|poke|p1|Excadrill, F
|poke|p1|Weavile, F
|poke|p1|Gengar, F
|poke|p2|Slowbro, M, shiny
|poke|p2|Dragonite, M
|poke|p2|Excadrill, M
|poke|p2|Bisharp, M, shiny
|poke|p2|Keldeo-Resolute
|poke|p2|Landorus-Therian, M
|rule|Swagger Clause: Swagger is banned
|rule|Baton Pass Clause: Limit one PokÃ©mon knowing Baton Pass
|teampreview
|c|âSuperSmashFor3DS|Gl hf
|c|âTradekaiser|u2
|join|Sexual Tyranitar
|
|start
|switch|p1a: Scolipede|Scolipede, M|323\/323
|switch|p2a: Cloudians|Landorus-Therian, M|381\/381
|-ability|p2a: Cloudians|Intimidate|[of] p1a: Scolipede
|-unboost|p1a: Scolipede|atk|1
|turn|1
|
|move|p1a: Scolipede|Protect|p1a: Scolipede
|-singleturn|p1a: Scolipede|Protect
|move|p2a: Cloudians|Earthquake|p1a: Scolipede
|-activate|p1a: Scolipede|Protect
|
|-boost|p1a: Scolipede|spe|1|[from] ability: Speed Boost
|turn|2
|join|PC-Reviver
|
|switch|p1a: Gengar|Gengar, F|261\/261
|move|p2a: Cloudians|Earthquake|p1a: Gengar
|-immune|p1a: Gengar|[msg]
|
|turn|3
|
|move|p1a: Gengar|Shadow Ball|p2a: Cloudians
|-damage|p2a: Cloudians|169\/381
|-unboost|p2a: Cloudians|spd|1
|-damage|p1a: Gengar|235\/261|[from] item: Life Orb
|move|p2a: Cloudians|Knock Off|p1a: Gengar
|-supereffective|p1a: Gengar
|-damage|p1a: Gengar|0 fnt
|-enditem|p1a: Gengar|Life Orb|[from] move: Knock Off|[of] p2a: Cloudians
|faint|p1a: Gengar
|
|-heal|p2a: Cloudians|192\/381|[from] item: Leftovers
|
|switch|p1a: Weavile|Weavile, F|281\/281
|-ability|p1a: Weavile|Pressure
|turn|4
|
|switch|p2a: Keldeo-Resolute|Keldeo-Resolute|323\/323
|move|p1a: Weavile|Ice Punch|p2a: Keldeo-Resolute
|-resisted|p2a: Keldeo-Resolute
|-damage|p2a: Keldeo-Resolute|227\/323
|-damage|p1a: Weavile|253\/281|[from] item: Life Orb
|
|-heal|p2a: Keldeo-Resolute|247\/323|[from] item: Leftovers
|turn|5
|
|switch|p1a: Magnezone|Magnezone|313\/313
|-item|p1a: Magnezone|Air Balloon
|move|p2a: Keldeo-Resolute|Secret Sword|p1a: Magnezone
|-supereffective|p1a: Magnezone
|-damage|p1a: Magnezone|47\/313
|-enditem|p1a: Magnezone|Air Balloon
|
|-heal|p2a: Keldeo-Resolute|267\/323|[from] item: Leftovers
|turn|6
|
|move|p2a: Keldeo-Resolute|Secret Sword|p1a: Magnezone
|-supereffective|p1a: Magnezone
|-damage|p1a: Magnezone|0 fnt
|faint|p1a: Magnezone
|
|-heal|p2a: Keldeo-Resolute|287\/323|[from] item: Leftovers
|
|switch|p1a: Scolipede|Scolipede, M|323\/323
|turn|7
|
|move|p1a: Scolipede|Substitute|p1a: Scolipede
|-start|p1a: Scolipede|Substitute
|-damage|p1a: Scolipede|243\/323
|move|p2a: Keldeo-Resolute|Scald|p1a: Scolipede
|-end|p1a: Scolipede|Substitute
|
|-heal|p2a: Keldeo-Resolute|307\/323|[from] item: Leftovers
|-boost|p1a: Scolipede|spe|1|[from] ability: Speed Boost
|turn|8
|
|move|p1a: Scolipede|Protect|p1a: Scolipede
|-singleturn|p1a: Scolipede|Protect
|move|p2a: Keldeo-Resolute|Substitute|p2a: Keldeo-Resolute
|-start|p2a: Keldeo-Resolute|Substitute
|-damage|p2a: Keldeo-Resolute|227\/323
|
|-heal|p2a: Keldeo-Resolute|247\/323|[from] item: Leftovers
|-boost|p1a: Scolipede|spe|1|[from] ability: Speed Boost
|turn|9
|
|move|p1a: Scolipede|Baton Pass|p1a: Scolipede
|
|switch|p1a: Salamence|Salamence, F|331\/331
|-activate|p2a: Keldeo-Resolute|Substitute|ability: Intimidate|[of] p1a: Salamence
|move|p2a: Keldeo-Resolute|Scald|p1a: Salamence
|-resisted|p1a: Salamence
|-damage|p1a: Salamence|235\/331
|-status|p1a: Salamence|brn
|
|-heal|p2a: Keldeo-Resolute|267\/323|[from] item: Leftovers
|-damage|p1a: Salamence|194\/331 brn|[from] brn
|turn|10
|
|detailschange|p1a: Salamence|Salamence-Mega, F
|message|Salamence has Mega Evolved into Mega Salamence!
|move|p1a: Salamence|Double-Edge|p2a: Keldeo-Resolute
|-supereffective|p2a: Keldeo-Resolute
|-end|p2a: Keldeo-Resolute|Substitute
|-damage|p1a: Salamence|168\/331 brn|[from] recoil|[of] p2a: Keldeo-Resolute
|move|p2a: Keldeo-Resolute|Secret Sword|p1a: Salamence
|-resisted|p1a: Salamence
|-damage|p1a: Salamence|105\/331 brn
|
|-heal|p2a: Keldeo-Resolute|287\/323|[from] item: Leftovers
|-damage|p1a: Salamence|64\/331 brn|[from] brn
|turn|11
|
|switch|p2a: Cloudians|Landorus-Therian, M|192\/381
|-ability|p2a: Cloudians|Intimidate|[of] p1a: Salamence
|-unboost|p1a: Salamence|atk|1
|move|p1a: Salamence|Double-Edge|p2a: Cloudians
|-damage|p2a: Cloudians|90\/381
|-damage|p1a: Salamence|30\/331 brn|[from] recoil|[of] p2a: Cloudians
|
|-heal|p2a: Cloudians|113\/381|[from] item: Leftovers
|-damage|p1a: Salamence|0 fnt|[from] brn
|faint|p1a: Salamence
|
|switch|p1a: Weavile|Weavile, F|253\/281
|-ability|p1a: Weavile|Pressure
|turn|12
|
|switch|p2a: Keldeo-Resolute|Keldeo-Resolute|287\/323
|move|p1a: Weavile|Ice Punch|p2a: Keldeo-Resolute
|-resisted|p2a: Keldeo-Resolute
|-damage|p2a: Keldeo-Resolute|205\/323
|-damage|p1a: Weavile|225\/281|[from] item: Life Orb
|
|-heal|p2a: Keldeo-Resolute|225\/323|[from] item: Leftovers
|turn|13
|
|move|p1a: Weavile|Low Kick|p2a: Keldeo-Resolute
|-damage|p2a: Keldeo-Resolute|135\/323
|-damage|p1a: Weavile|197\/281|[from] item: Life Orb
|move|p2a: Keldeo-Resolute|Secret Sword|p1a: Weavile
|-supereffective|p1a: Weavile
|-damage|p1a: Weavile|0 fnt
|faint|p1a: Weavile
|
|-heal|p2a: Keldeo-Resolute|155\/323|[from] item: Leftovers
|
|switch|p1a: Excadrill|Excadrill, F|391\/391
|-ability|p1a: Excadrill|Mold Breaker
|turn|14
|
|move|p2a: Keldeo-Resolute|Secret Sword|p1a: Excadrill
|-supereffective|p1a: Excadrill
|-damage|p1a: Excadrill|0 fnt
|faint|p1a: Excadrill
|
|-heal|p2a: Keldeo-Resolute|175\/323|[from] item: Leftovers
|
|switch|p1a: Scolipede|Scolipede, M|243\/323
|turn|15
|c|âTradekaiser|gg
|
|move|p1a: Scolipede|Iron Defense|p1a: Scolipede
|-boost|p1a: Scolipede|def|2
|move|p2a: Keldeo-Resolute|Scald|p1a: Scolipede
|-damage|p1a: Scolipede|63\/323
|
|-heal|p2a: Keldeo-Resolute|195\/323|[from] item: Leftovers
|-boost|p1a: Scolipede|spe|1|[from] ability: Speed Boost
|turn|16
|c|âSuperSmashFor3DS|Gg
|
|move|p1a: Scolipede|Iron Defense|p1a: Scolipede
|-boost|p1a: Scolipede|def|2
|move|p2a: Keldeo-Resolute|Scald|p1a: Scolipede
|-damage|p1a: Scolipede|0 fnt
|faint|p1a: Scolipede
|
|win|SuperSmashFor3DS
|raw|Ladder updating...
|raw|Tradekaiser's rating: 1173 &rarr; <strong>1144<\/strong><br \/>(-29 for losing)
|raw|SuperSmashFor3DS's rating: 1108 &rarr; <strong>1138<\/strong><br \/>(+30 for winning)
|leave|Tradekaiser
|player|p1
|leave|SuperSmashFor3DS
|player|p2