|join|Dorondep
|join|Tradekaiser
|player|p1|Dorondep|170
|player|p2|Tradekaiser|266
|gametype|singles
|gen|6
|tier|OU
|rated
|clearpoke
|poke|p1|Talonflame, M
|poke|p1|Togekiss, M
|poke|p1|Azelf
|poke|p1|Pinsir, M
|poke|p1|Scizor, F
|poke|p1|Diggersby, M
|poke|p2|Tyranitar, M
|poke|p2|Garchomp, F
|poke|p2|Metagross
|poke|p2|Bisharp, F
|poke|p2|Heracross, M
|poke|p2|Venusaur, F
|rule|Sleep Clause Mod: Limit one foe put to sleep
|rule|Species Clause: Limit one of each Pokemon
|rule|OHKO Clause: OHKO moves are banned
|rule|Moody Clause: Moody is banned
|rule|Evasion Moves Clause: Evasion moves are banned
|rule|Endless Battle Clause: Forcing endless battles is banned.
|rule|HP Percentage Mod: HP is reported as percentages
|teampreview
|
|start
|switch|p1a: Azelf|Azelf|292\/292
|switch|p2a: Tyranitar|Tyranitar, M|342\/342
|-weather|Sandstorm
|turn|1
|
|-formechange|p2a: Tyranitar|Tyranitar-Mega
|message|Tyranitar has Mega Evolved into Mega Tyranitar!
|move|p1a: Azelf|Stealth Rock|p2a: Tyranitar
|-sidestart|p2: Tradekaiser|move: Stealth Rock
|move|p2a: Tyranitar|Dragon Dance|p2a: Tyranitar
|-boost|p2a: Tyranitar|atk|1
|-boost|p2a: Tyranitar|spe|1
|
|-weather|Sandstorm|[upkeep]
|-damage|p1a: Azelf|274\/292|[from] sandstorm
|turn|2
|
|move|p2a: Tyranitar|Crunch|p1a: Azelf
|-supereffective|p1a: Azelf
|-damage|p1a: Azelf|0 fnt
|faint|p1a: Azelf
|
|-weather|Sandstorm|[upkeep]
|
|switch|p1a: Scizor|Scizor, F|344\/344
|turn|3
|
|move|p2a: Tyranitar|Stone Edge|p1a: Scizor
|-damage|p1a: Scizor|1\/344
|move|p1a: Scizor|Swords Dance|p1a: Scizor
|-boost|p1a: Scizor|atk|2
|
|-weather|Sandstorm|[upkeep]
|turn|4
|
|switch|p2a: Metagross|Metagross|363\/363
|-damage|p2a: Metagross|341\/363|[from] Stealth Rock
|move|p1a: Scizor|Bullet Punch|p2a: Metagross
|-resisted|p2a: Metagross
|-damage|p2a: Metagross|216\/363
|-damage|p1a: Scizor|0 fnt|[from] item: Life Orb
|faint|p1a: Scizor
|
|-weather|Sandstorm|[upkeep]
|
|switch|p1a: Talonflame|Talonflame, M|298\/298
|turn|5
|
|move|p1a: Talonflame|Swords Dance|p1a: Talonflame
|-boost|p1a: Talonflame|atk|2
|move|p2a: Metagross|Zen Headbutt|p1a: Talonflame
|-damage|p1a: Talonflame|84\/298
|
|-weather|none
|turn|6
|
|move|p2a: Metagross|Bullet Punch|p1a: Talonflame
|-resisted|p1a: Talonflame
|-damage|p1a: Talonflame|33\/298
|move|p1a: Talonflame|Flare Blitz|p2a: Metagross
|-supereffective|p2a: Metagross
|-damage|p2a: Metagross|0 fnt
|-damage|p1a: Talonflame|0 fnt|[from] recoil|[of] p2a: Metagross
|faint|p2a: Metagross
|faint|p1a: Talonflame
|
|
|switch|p2a: Tyranitar|Tyranitar, M|342\/342
|-formechange|p2a: Tyranitar|Tyranitar-Mega
|-damage|p2a: Tyranitar|300\/342|[from] Stealth Rock
|switch|p1a: Diggersby|Diggersby, M|372\/372
|-weather|Sandstorm
|turn|7
|
|switch|p2a: Garchomp|Garchomp, F|357\/357
|-damage|p2a: Garchomp|335\/357|[from] Stealth Rock
|move|p1a: Diggersby|Earthquake|p2a: Garchomp
|-damage|p2a: Garchomp|0 fnt
|-damage|p1a: Diggersby|335\/372|[from] item: Life Orb
|faint|p2a: Garchomp
|
|-weather|Sandstorm|[upkeep]
|
|switch|p2a: Venusaur|Venusaur, F|311\/311
|-damage|p2a: Venusaur|273\/311|[from] Stealth Rock
|turn|8
|
|switch|p1a: Togekiss|Togekiss, M|312\/312
|move|p2a: Venusaur|Sunny Day|p2a: Venusaur
|-weather|SunnyDay
|
|-weather|SunnyDay|[upkeep]
|-heal|p2a: Venusaur|292\/311|[from] item: Black Sludge
|turn|9
|
|move|p2a: Venusaur|Sludge Bomb|p1a: Togekiss
|-supereffective|p1a: Togekiss
|-damage|p1a: Togekiss|54\/312
|-status|p1a: Togekiss|psn
|move|p1a: Togekiss|Air Slash|p2a: Venusaur
|-supereffective|p2a: Venusaur
|-damage|p2a: Venusaur|16\/311
|
|-weather|SunnyDay|[upkeep]
|-heal|p2a: Venusaur|35\/311|[from] item: Black Sludge
|-damage|p1a: Togekiss|15\/312 psn|[from] psn
|turn|10
|
|move|p2a: Venusaur|Hidden Power|p1a: Togekiss
|-damage|p1a: Togekiss|0 fnt
|faint|p1a: Togekiss
|
|-weather|SunnyDay|[upkeep]
|-heal|p2a: Venusaur|54\/311|[from] item: Black Sludge
|
|switch|p1a: Diggersby|Diggersby, M|335\/372
|turn|11
|
|move|p1a: Diggersby|Quick Attack|p2a: Venusaur
|-damage|p2a: Venusaur|0 fnt
|-damage|p1a: Diggersby|298\/372|[from] item: Life Orb
|faint|p2a: Venusaur
|
|-weather|SunnyDay|[upkeep]
|
|switch|p2a: Heracross|Heracross, M|302\/302
|-damage|p2a: Heracross|265\/302|[from] Stealth Rock
|turn|12
|
|move|p1a: Diggersby|Quick Attack|p2a: Heracross
|-damage|p2a: Heracross|116\/302
|-damage|p1a: Diggersby|261\/372|[from] item: Life Orb
|move|p2a: Heracross|Close Combat|p1a: Diggersby
|-supereffective|p1a: Diggersby
|-damage|p1a: Diggersby|0 fnt
|-unboost|p2a: Heracross|def|1
|-unboost|p2a: Heracross|spd|1
|faint|p1a: Diggersby
|-boost|p2a: Heracross|atk|1|[from] ability: Moxie
|
|-weather|none
|
|switch|p1a: Pinsir|Pinsir, M|272\/272
|turn|13
|
|-formechange|p1a: Pinsir|Pinsir-Mega
|message|Pinsir has Mega Evolved into Mega Pinsir!
|move|p1a: Pinsir|Quick Attack|p2a: Heracross
|-supereffective|p2a: Heracross
|-damage|p2a: Heracross|0 fnt
|faint|p2a: Heracross
|
|
|switch|p2a: Tyranitar|Tyranitar, M|300\/342
|-formechange|p2a: Tyranitar|Tyranitar-Mega
|-damage|p2a: Tyranitar|258\/342|[from] Stealth Rock
|-weather|Sandstorm
|turn|14
|
|move|p1a: Pinsir|Close Combat|p2a: Tyranitar
|-supereffective|p2a: Tyranitar
|-damage|p2a: Tyranitar|0 fnt
|-unboost|p1a: Pinsir|def|1
|-unboost|p1a: Pinsir|spd|1
|faint|p2a: Tyranitar
|
|-weather|Sandstorm|[upkeep]
|-damage|p1a: Pinsir|255\/272|[from] sandstorm
|
|switch|p2a: Bisharp|Bisharp, F|272\/272
|-damage|p2a: Bisharp|255\/272|[from] Stealth Rock
|turn|15
|
|move|p2a: Bisharp|Sucker Punch|p1a: Pinsir
|-damage|p1a: Pinsir|11\/272
|move|p1a: Pinsir|Close Combat|p2a: Bisharp
|-supereffective|p2a: Bisharp
|-damage|p2a: Bisharp|0 fnt
|-unboost|p1a: Pinsir|def|1
|-unboost|p1a: Pinsir|spd|1
|faint|p2a: Bisharp
|
|win|Dorondep
|raw|Ladder updating...
|raw|Dorondep's rating: 1495 &rarr; <strong>1512<\/strong><br \/>(+17 for winning)
|raw|Tradekaiser's rating: 1452 &rarr; <strong>1434<\/strong><br \/>(-18 for losing)
|leave|Tradekaiser
|player|p2