|join|wh4hw4ewhh4
|join|Tradekaiser
|player|p1|wh4hw4ewhh4|292
|player|p2|Tradekaiser|266
|gametype|singles
|gen|6
|tier|OU
|rated
|clearpoke
|poke|p1|Heracross, F
|poke|p1|Scolipede, M
|poke|p1|Heatran, M
|poke|p1|Vaporeon, M
|poke|p1|Mandibuzz, F
|poke|p1|Clefable, M
|poke|p2|Spiritomb, F
|poke|p2|Roserade, F
|poke|p2|Gastrodon, F
|poke|p2|Togekiss, F
|poke|p2|Lucario, M
|poke|p2|Garchomp, F
|rule|Sleep Clause Mod: Limit one foe put to sleep
|rule|Species Clause: Limit one of each Pokemon
|rule|OHKO Clause: OHKO moves are banned
|rule|Moody Clause: Moody is banned
|rule|Evasion Moves Clause: Evasion moves are banned
|rule|Endless Battle Clause: Forcing endless battles is banned.
|rule|HP Percentage Mod: HP is reported as percentages
|teampreview
|
|start
|switch|p1a: Heatran|Heatran, M|386\/386
|switch|p2a: Gastrodon|Gastrodon, F|426\/426
|turn|1
|
|move|p1a: Heatran|Substitute|p1a: Heatran
|-start|p1a: Heatran|Substitute
|-damage|p1a: Heatran|290\/386
|move|p2a: Gastrodon|Earth Power|p1a: Heatran
|-supereffective|p1a: Heatran
|-end|p1a: Heatran|Substitute
|
|-heal|p1a: Heatran|314\/386|[from] item: Leftovers
|turn|2
|
|switch|p1a: Mandibuzz|Mandibuzz, F|375\/375
|move|p2a: Gastrodon|Earth Power|p1a: Mandibuzz
|-immune|p1a: Mandibuzz|[msg]
|
|turn|3
|
|switch|p1a: Clefable|Clefable, M|394\/394
|switch|p2a: Lucario|Lucario, M|282\/282
|
|turn|4
|
|switch|p1a: Vaporeon|Vaporeon, M|464\/464
|move|p2a: Lucario|Swords Dance|p2a: Lucario
|-boost|p2a: Lucario|atk|2
|
|turn|5
|
|move|p2a: Lucario|Close Combat|p1a: Vaporeon
|-damage|p1a: Vaporeon|0 fnt
|-unboost|p2a: Lucario|def|1
|-unboost|p2a: Lucario|spd|1
|-damage|p2a: Lucario|254\/282|[from] item: Life Orb
|faint|p1a: Vaporeon
|
|
|switch|p1a: Scolipede|Scolipede, M|262\/262
|turn|6
|
|move|p1a: Scolipede|Protect|p1a: Scolipede
|-singleturn|p1a: Scolipede|Protect
|move|p2a: Lucario|Extreme Speed|p1a: Scolipede
|-activate|p1a: Scolipede|Protect
|
|-boost|p1a: Scolipede|spe|1|[from] ability: Speed Boost
|turn|7
|
|switch|p2a: Togekiss|Togekiss, F|373\/373
|move|p1a: Scolipede|Earthquake|p2a: Togekiss
|-immune|p2a: Togekiss|[msg]
|
|-boost|p1a: Scolipede|spe|1|[from] ability: Speed Boost
|turn|8
|
|move|p1a: Scolipede|Protect|p1a: Scolipede
|-singleturn|p1a: Scolipede|Protect
|move|p2a: Togekiss|Thunder Wave|p1a: Scolipede
|-activate|p1a: Scolipede|Protect
|
|-boost|p1a: Scolipede|spe|1|[from] ability: Speed Boost
|turn|9
|
|move|p1a: Scolipede|Baton Pass|p1a: Scolipede
|
|switch|p1a: Clefable|Clefable, M|394\/394
|move|p2a: Togekiss|Air Slash|p1a: Clefable
|-damage|p1a: Clefable|279\/394
|
|-heal|p1a: Clefable|303\/394|[from] item: Leftovers
|turn|10
|
|move|p1a: Clefable|Cosmic Power|p1a: Clefable
|-boost|p1a: Clefable|def|1
|-boost|p1a: Clefable|spd|1
|move|p2a: Togekiss|Thunder Wave|p1a: Clefable
|-status|p1a: Clefable|par
|
|-heal|p1a: Clefable|327\/394 par|[from] item: Leftovers
|turn|11
|
|switch|p2a: Spiritomb|Spiritomb, F|304\/304
|-ability|p2a: Spiritomb|Pressure
|move|p1a: Clefable|Cosmic Power|p1a: Clefable
|-boost|p1a: Clefable|def|1
|-boost|p1a: Clefable|spd|1
|
|-damage|p2a: Spiritomb|266\/304|[from] item: Black Sludge
|-heal|p1a: Clefable|351\/394 par|[from] item: Leftovers
|turn|12
|
|switch|p1a: Heatran|Heatran, M|314\/386
|move|p2a: Spiritomb|Trick|p1a: Heatran
|-activate|p2a: Spiritomb|move: Trick|[of] p1a: Heatran
|-item|p1a: Heatran|Black Sludge|[from] move: Trick
|-item|p2a: Spiritomb|Leftovers|[from] move: Trick
|
|-damage|p1a: Heatran|266\/386|[from] item: Black Sludge
|-heal|p2a: Spiritomb|285\/304|[from] item: Leftovers
|turn|13
|
|switch|p2a: Gastrodon|Gastrodon, F|426\/426
|move|p1a: Heatran|Stealth Rock|p2a: Gastrodon
|-sidestart|p2: Tradekaiser|move: Stealth Rock
|
|-damage|p1a: Heatran|218\/386|[from] item: Black Sludge
|turn|14
|
|switch|p1a: Clefable|Clefable, M|351\/394 par
|move|p2a: Gastrodon|Scald|p1a: Clefable
|-damage|p1a: Clefable|257\/394 par
|
|-heal|p1a: Clefable|281\/394 par|[from] item: Leftovers
|turn|15
|
|move|p2a: Gastrodon|Scald|p1a: Clefable
|-damage|p1a: Clefable|193\/394 par
|move|p1a: Clefable|Cosmic Power|p1a: Clefable
|-boost|p1a: Clefable|def|1
|-boost|p1a: Clefable|spd|1
|
|-heal|p1a: Clefable|217\/394 par|[from] item: Leftovers
|turn|16
|
|switch|p2a: Togekiss|Togekiss, F|373\/373
|-damage|p2a: Togekiss|280\/373|[from] Stealth Rock
|move|p1a: Clefable|Moonlight|p1a: Clefable
|-heal|p1a: Clefable|394\/394 par
|
|-heal|p2a: Togekiss|303\/373|[from] item: Leftovers
|turn|17
|
|move|p2a: Togekiss|Air Slash|p1a: Clefable
|-damage|p1a: Clefable|315\/394 par
|cant|p1a: Clefable|flinch
|
|-heal|p2a: Togekiss|326\/373|[from] item: Leftovers
|-heal|p1a: Clefable|339\/394 par|[from] item: Leftovers
|turn|18
|
|move|p2a: Togekiss|Air Slash|p1a: Clefable
|-damage|p1a: Clefable|270\/394 par
|move|p1a: Clefable|Cosmic Power|p1a: Clefable
|-boost|p1a: Clefable|def|1
|-boost|p1a: Clefable|spd|1
|
|-heal|p2a: Togekiss|349\/373|[from] item: Leftovers
|-heal|p1a: Clefable|294\/394 par|[from] item: Leftovers
|turn|19
|
|move|p2a: Togekiss|Air Slash|p1a: Clefable
|-damage|p1a: Clefable|240\/394 par
|cant|p1a: Clefable|flinch
|
|-heal|p2a: Togekiss|372\/373|[from] item: Leftovers
|-heal|p1a: Clefable|264\/394 par|[from] item: Leftovers
|turn|20
|
|move|p2a: Togekiss|Air Slash|p1a: Clefable
|-damage|p1a: Clefable|209\/394 par
|cant|p1a: Clefable|par
|
|-heal|p2a: Togekiss|373\/373|[from] item: Leftovers
|-heal|p1a: Clefable|233\/394 par|[from] item: Leftovers
|turn|21
|
|move|p2a: Togekiss|Air Slash|p1a: Clefable
|-damage|p1a: Clefable|175\/394 par
|cant|p1a: Clefable|flinch
|
|-heal|p1a: Clefable|199\/394 par|[from] item: Leftovers
|turn|22
|chat|wh4hw4ewhh4|are you serious right now
|
|move|p2a: Togekiss|Air Slash|p1a: Clefable
|-damage|p1a: Clefable|139\/394 par
|cant|p1a: Clefable|flinch
|
|-heal|p1a: Clefable|163\/394 par|[from] item: Leftovers
|turn|23
|chat|Tradekaiser|yes yes i am
|
|move|p2a: Togekiss|Air Slash|p1a: Clefable
|-damage|p1a: Clefable|111\/394 par
|cant|p1a: Clefable|flinch
|
|-heal|p1a: Clefable|135\/394 par|[from] item: Leftovers
|turn|24
|
|move|p2a: Togekiss|Air Slash|p1a: Clefable
|-damage|p1a: Clefable|74\/394 par
|cant|p1a: Clefable|par
|
|-heal|p1a: Clefable|98\/394 par|[from] item: Leftovers
|turn|25
|
|move|p2a: Togekiss|Air Slash|p1a: Clefable
|-damage|p1a: Clefable|43\/394 par
|cant|p1a: Clefable|flinch
|
|-heal|p1a: Clefable|67\/394 par|[from] item: Leftovers
|turn|26
|chat|wh4hw4ewhh4|so fucking bad right now lmao
|
|move|p2a: Togekiss|Air Slash|p1a: Clefable
|-damage|p1a: Clefable|9\/394 par
|move|p1a: Clefable|Moonlight|p1a: Clefable
|-heal|p1a: Clefable|206\/394 par
|
|-heal|p1a: Clefable|230\/394 par|[from] item: Leftovers
|turn|27
|
|move|p2a: Togekiss|Flamethrower|p1a: Clefable
|-damage|p1a: Clefable|180\/394 par
|move|p1a: Clefable|Moonlight|p1a: Clefable
|-heal|p1a: Clefable|377\/394 par
|
|-heal|p1a: Clefable|394\/394 par|[from] item: Leftovers
|turn|28
|chat|wh4hw4ewhh4|the chance of that happening isn't actually fucking high
|chat|wh4hw4ewhh4|lmao
|chat|wh4hw4ewhh4|are you actually out of air slashes
|chat|wh4hw4ewhh4|this shit's hilarious
|chat|Tradekaiser|not really
|
|move|p2a: Togekiss|Air Slash|p1a: Clefable
|-damage|p1a: Clefable|340\/394 par
|cant|p1a: Clefable|flinch
|
|-heal|p1a: Clefable|364\/394 par|[from] item: Leftovers
|turn|29
|
|move|p2a: Togekiss|Air Slash|p1a: Clefable
|-damage|p1a: Clefable|310\/394 par
|move|p1a: Clefable|Cosmic Power|p1a: Clefable
|-boost|p1a: Clefable|def|1
|-boost|p1a: Clefable|spd|1
|
|-heal|p1a: Clefable|334\/394 par|[from] item: Leftovers
|turn|30
|
|move|p2a: Togekiss|Air Slash|p1a: Clefable
|-damage|p1a: Clefable|286\/394 par
|move|p1a: Clefable|Cosmic Power|p1a: Clefable
|-boost|p1a: Clefable|def|1
|-boost|p1a: Clefable|spd|1
|
|-heal|p1a: Clefable|310\/394 par|[from] item: Leftovers
|turn|31
|
|move|p2a: Togekiss|Air Slash|p1a: Clefable
|-damage|p1a: Clefable|276\/394 par
|cant|p1a: Clefable|flinch
|
|-heal|p1a: Clefable|300\/394 par|[from] item: Leftovers
|turn|32
|
|move|p2a: Togekiss|Flamethrower|p1a: Clefable
|-damage|p1a: Clefable|272\/394 par
|cant|p1a: Clefable|par
|
|-heal|p1a: Clefable|296\/394 par|[from] item: Leftovers
|turn|33
|
|move|p2a: Togekiss|Air Slash|p1a: Clefable
|-damage|p1a: Clefable|257\/394 par
|cant|p1a: Clefable|flinch
|
|-heal|p1a: Clefable|281\/394 par|[from] item: Leftovers
|turn|34
|
|move|p2a: Togekiss|Air Slash|p1a: Clefable
|-damage|p1a: Clefable|245\/394 par
|cant|p1a: Clefable|flinch
|
|-heal|p1a: Clefable|269\/394 par|[from] item: Leftovers
|turn|35
|
|move|p2a: Togekiss|Air Slash|p1a: Clefable
|-damage|p1a: Clefable|230\/394 par
|move|p1a: Clefable|Moonlight|p1a: Clefable
|-heal|p1a: Clefable|394\/394 par
|
|turn|36
|
|switch|p2a: Lucario|Lucario, M|254\/282
|-damage|p2a: Lucario|246\/282|[from] Stealth Rock
|move|p1a: Clefable|Cosmic Power|p1a: Clefable
|-boost|p1a: Clefable|def|1
|-boost|p1a: Clefable|spd|1
|
|turn|37
|
|move|p2a: Lucario|Swords Dance|p2a: Lucario
|-boost|p2a: Lucario|atk|2
|move|p1a: Clefable|Cosmic Power|p1a: Clefable
|-boost|p1a: Clefable|def|1
|-boost|p1a: Clefable|spd|1
|
|turn|38
|
|move|p2a: Lucario|Swords Dance|p2a: Lucario
|-boost|p2a: Lucario|atk|2
|cant|p1a: Clefable|par
|
|turn|39
|
|move|p2a: Lucario|Swords Dance|p2a: Lucario
|-boost|p2a: Lucario|atk|2
|move|p1a: Clefable|Stored Power|p2a: Lucario
|-damage|p2a: Lucario|7\/282
|
|turn|40
|
|move|p2a: Lucario|Close Combat|p1a: Clefable
|-resisted|p1a: Clefable
|-damage|p1a: Clefable|284\/394 par
|-unboost|p2a: Lucario|def|1
|-unboost|p2a: Lucario|spd|1
|-damage|p2a: Lucario|0 fnt|[from] item: Life Orb
|faint|p2a: Lucario
|move|p1a: Clefable|Stored Power|p2: Lucario|[notarget]
|-notarget
|
|-heal|p1a: Clefable|308\/394 par|[from] item: Leftovers
|chat|wh4hw4ewhh4|l m a o
|
|switch|p2a: Spiritomb|Spiritomb, F|285\/304
|-damage|p2a: Spiritomb|247\/304|[from] Stealth Rock
|-ability|p2a: Spiritomb|Pressure
|turn|41
|chat|wh4hw4ewhh4|oh snap
|chat|wh4hw4ewhh4|you wall me
|chat|wh4hw4ewhh4|only have stored power
|
|move|p2a: Spiritomb|Pain Split|p1a: Clefable
|-sethp|p1a: Clefable|277\/394 par|p2a: Spiritomb|277\/304|[from] move: Pain Split
|move|p1a: Clefable|Moonblast|p2a: Spiritomb
|-supereffective|p2a: Spiritomb
|-damage|p2a: Spiritomb|125\/304
|
|-heal|p2a: Spiritomb|144\/304|[from] item: Leftovers
|-heal|p1a: Clefable|301\/394 par|[from] item: Leftovers
|turn|42
|
|move|p2a: Spiritomb|Pain Split|p1a: Clefable
|-sethp|p1a: Clefable|222\/394 par|p2a: Spiritomb|222\/304|[from] move: Pain Split
|move|p1a: Clefable|Moonblast|p2a: Spiritomb
|-supereffective|p2a: Spiritomb
|-damage|p2a: Spiritomb|78\/304
|
|-heal|p2a: Spiritomb|97\/304|[from] item: Leftovers
|-heal|p1a: Clefable|246\/394 par|[from] item: Leftovers
|turn|43
|
|move|p2a: Spiritomb|Pain Split|p1a: Clefable
|-sethp|p1a: Clefable|171\/394 par|p2a: Spiritomb|171\/304|[from] move: Pain Split
|move|p1a: Clefable|Moonblast|p2a: Spiritomb
|-supereffective|p2a: Spiritomb
|-damage|p2a: Spiritomb|27\/304
|
|-heal|p2a: Spiritomb|46\/304|[from] item: Leftovers
|-heal|p1a: Clefable|195\/394 par|[from] item: Leftovers
|turn|44
|
|move|p2a: Spiritomb|Pain Split|p1a: Clefable
|-sethp|p1a: Clefable|120\/394 par|p2a: Spiritomb|120\/304|[from] move: Pain Split
|move|p1a: Clefable|Moonblast|p2a: Spiritomb
|-supereffective|p2a: Spiritomb
|-damage|p2a: Spiritomb|0 fnt
|faint|p2a: Spiritomb
|
|-heal|p1a: Clefable|144\/394 par|[from] item: Leftovers
|
|switch|p2a: Garchomp|Garchomp, F|358\/358
|-damage|p2a: Garchomp|336\/358|[from] Stealth Rock
|turn|45
|
|move|p2a: Garchomp|Iron Head|p1a: Clefable
|-supereffective|p1a: Clefable
|-damage|p1a: Clefable|98\/394 par
|cant|p1a: Clefable|flinch
|
|-heal|p1a: Clefable|122\/394 par|[from] item: Leftovers
|turn|46
|
|move|p2a: Garchomp|Iron Head|p1a: Clefable
|-supereffective|p1a: Clefable
|-damage|p1a: Clefable|76\/394 par
|move|p1a: Clefable|Moonlight|p1a: Clefable
|-heal|p1a: Clefable|273\/394 par
|
|-heal|p1a: Clefable|297\/394 par|[from] item: Leftovers
|turn|47
|
|move|p2a: Garchomp|Iron Head|p1a: Clefable
|-supereffective|p1a: Clefable
|-damage|p1a: Clefable|255\/394 par
|move|p1a: Clefable|Moonblast|p2a: Garchomp
|-supereffective|p2a: Garchomp
|-damage|p2a: Garchomp|88\/358
|
|-heal|p1a: Clefable|279\/394 par|[from] item: Leftovers
|turn|48
|chat|Tradekaiser|screw this
|
|move|p2a: Garchomp|Swords Dance|p2a: Garchomp
|-boost|p2a: Garchomp|atk|2
|move|p1a: Clefable|Moonblast|p2a: Garchomp
|-supereffective|p2a: Garchomp
|-damage|p2a: Garchomp|0 fnt
|faint|p2a: Garchomp
|
|-heal|p1a: Clefable|303\/394 par|[from] item: Leftovers
|
|switch|p2a: Roserade|Roserade, F|262\/262
|-damage|p2a: Roserade|230\/262|[from] Stealth Rock
|turn|49
|
|move|p2a: Roserade|Leaf Storm|p1a: Clefable
|-crit|p1a: Clefable
|-damage|p1a: Clefable|0 fnt
|-unboost|p2a: Roserade|spa|2
|-damage|p2a: Roserade|204\/262|[from] item: Life Orb
|faint|p1a: Clefable
|
|chat|wh4hw4ewhh4|finally
|chat|Tradekaiser|what
|
|switch|p1a: Scolipede|Scolipede, M|262\/262
|turn|50
|
|move|p2a: Roserade|Sleep Powder|p1a: Scolipede
|-status|p1a: Scolipede|slp
|cant|p1a: Scolipede|slp
|
|-boost|p1a: Scolipede|spe|1|[from] ability: Speed Boost
|turn|51
|
|switch|p2a: Gastrodon|Gastrodon, F|426\/426
|-damage|p2a: Gastrodon|400\/426|[from] Stealth Rock
|-curestatus|p1a: Scolipede|slp
|move|p1a: Scolipede|Swords Dance|p1a: Scolipede
|-boost|p1a: Scolipede|atk|2
|
|-heal|p2a: Gastrodon|426\/426|[from] item: Leftovers
|-boost|p1a: Scolipede|spe|1|[from] ability: Speed Boost
|turn|52
|
|move|p1a: Scolipede|Baton Pass|p1a: Scolipede
|
|switch|p1a: Heracross|Heracross, F|302\/302
|move|p2a: Gastrodon|Scald|p1a: Heracross
|-damage|p1a: Heracross|214\/302
|
|turn|53
|
|detailschange|p1a: Heracross|Heracross-Mega, F
|message|Heracross has Mega Evolved into Mega Heracross!
|move|p1a: Heracross|Bullet Seed|p2a: Gastrodon
|-crit|p2a: Gastrodon
|-supereffective|p2a: Gastrodon
|-damage|p2a: Gastrodon|0 fnt
|-hitcount|p2a: Gastrodon|1
|faint|p2a: Gastrodon
|
|chat|wh4hw4ewhh4|lmao 
|
|switch|p2a: Togekiss|Togekiss, F|373\/373
|-damage|p2a: Togekiss|280\/373|[from] Stealth Rock
|turn|54
|
|move|p1a: Heracross|Rock Blast|p2a: Togekiss
|-supereffective|p2a: Togekiss
|-damage|p2a: Togekiss|116\/373
|-supereffective|p2a: Togekiss
|-damage|p2a: Togekiss|0 fnt
|-hitcount|p2a: Togekiss|2
|faint|p2a: Togekiss
|
|
|switch|p2a: Roserade|Roserade, F|204\/262
|-damage|p2a: Roserade|172\/262|[from] Stealth Rock
|turn|55
|
|move|p1a: Heracross|Pin Missile|p2a: Roserade
|-damage|p2a: Roserade|3\/262
|-damage|p2a: Roserade|0 fnt
|-hitcount|p2a: Roserade|2
|faint|p2a: Roserade
|
|win|wh4hw4ewhh4
|raw|Ladder updating...
|raw|wh4hw4ewhh4's rating: 1403 &rarr; <strong>1420<\/strong><br \/>(+17 for winning)
|raw|Tradekaiser's rating: 1352 &rarr; <strong>1335<\/strong><br \/>(-17 for losing)
|chat|wh4hw4ewhh4|owned
|leave|Tradekaiser
|player|p2