|join|Tradekaiser
|join|WerryDuJoohp
|player|p1|Tradekaiser|2
|player|p2|WerryDuJoohp|157
|gametype|singles
|gen|6
|tier|OU
|rated
|clearpoke
|poke|p1|Gardevoir, F
|poke|p1|Magnezone
|poke|p1|Breloom, M
|poke|p1|Slowbro, F
|poke|p1|Excadrill, F
|poke|p1|Dragonite, F
|poke|p2|Heatran, F, shiny
|poke|p2|Slowbro, F, shiny
|poke|p2|Conkeldurr, F, shiny
|poke|p2|Thundurus, M, shiny
|poke|p2|Greninja, F, shiny
|poke|p2|Landorus-Therian, M, shiny
|rule|Swagger Clause: Swagger is banned
|rule|Baton Pass Clause: Limit one PokÃ©mon knowing Baton Pass
|rule|Sleep Clause Mod: Limit one foe put to sleep
|rule|Species Clause: Limit one of each PokÃ©mon
|rule|OHKO Clause: OHKO moves are banned
|rule|Moody Clause: Moody is banned
|rule|Evasion Moves Clause: Evasion moves are banned
|rule|Endless Battle Clause: Forcing endless battles is banned
|rule|HP Percentage Mod: HP is shown in percentages
|teampreview
|
|start
|switch|p1a: Slowbro|Slowbro, F|394\/394
|switch|p2a: Itchy|Landorus-Therian, M, shiny|319\/319
|-ability|p2a: Itchy|Intimidate|[of] p1a: Slowbro
|-unboost|p1a: Slowbro|atk|1
|turn|1
|
|move|p2a: Itchy|U-turn|p1a: Slowbro
|-supereffective|p1a: Slowbro
|-damage|p1a: Slowbro|262\/394
|
|switch|p2a: Lemonade|Slowbro, F, shiny|393\/393
|move|p1a: Slowbro|Scald|p2a: Lemonade
|-resisted|p2a: Lemonade
|-damage|p2a: Lemonade|350\/393
|
|-heal|p1a: Slowbro|286\/394|[from] item: Leftovers
|turn|2
|
|switch|p1a: Gardevoir|Gardevoir, F|277\/277
|-ability|p1a: Gardevoir|Oblivious|[from] ability: Trace|[of] p2a: Lemonade
|detailschange|p2a: Lemonade|Slowbro-Mega, F, shiny
|-mega|p2a: Lemonade|Slowbro|Slowbronite
|move|p2a: Lemonade|Psyshock|p1a: Gardevoir
|-resisted|p1a: Gardevoir
|-damage|p1a: Gardevoir|196\/277
|
|turn|3
|
|switch|p2a: Ashtongue|Heatran, F, shiny|385\/385
|detailschange|p1a: Gardevoir|Gardevoir-Mega, F
|-mega|p1a: Gardevoir|Gardevoir|Gardevoirite
|move|p1a: Gardevoir|Hyper Voice|p2a: Ashtongue
|-resisted|p2a: Ashtongue
|-damage|p2a: Ashtongue|344\/385
|
|-heal|p2a: Ashtongue|368\/385|[from] item: Leftovers
|turn|4
|
|move|p1a: Gardevoir|Substitute|p1a: Gardevoir
|-start|p1a: Gardevoir|Substitute
|-damage|p1a: Gardevoir|127\/277
|move|p2a: Ashtongue|Flash Cannon|p1a: Gardevoir
|-supereffective|p1a: Gardevoir
|-end|p1a: Gardevoir|Substitute
|
|-heal|p2a: Ashtongue|385\/385|[from] item: Leftovers
|turn|5
|
|switch|p1a: Slowbro|Slowbro, F|394\/394
|move|p2a: Ashtongue|Stealth Rock|p1a: Slowbro
|-sidestart|p1: Tradekaiser|move: Stealth Rock
|
|turn|6
|
|switch|p2a: Lemonade|Slowbro-Mega, F, shiny|350\/393
|move|p1a: Slowbro|Scald|p2a: Lemonade
|-resisted|p2a: Lemonade
|-damage|p2a: Lemonade|302\/393
|-status|p2a: Lemonade|brn
|
|-damage|p2a: Lemonade|253\/393 brn|[from] brn
|turn|7
|
|move|p2a: Lemonade|Slack Off|p2a: Lemonade
|-heal|p2a: Lemonade|393\/393 brn
|move|p1a: Slowbro|Scald|p2a: Lemonade
|-resisted|p2a: Lemonade
|-damage|p2a: Lemonade|348\/393 brn
|
|-damage|p2a: Lemonade|299\/393 brn|[from] brn
|turn|8
|leave|Tradekaiser
|player|p1
|join|Tradekaiser
|player|p1|Tradekaiser|2
|
|move|p1a: Slowbro|Scald|p2a: Lemonade
|-resisted|p2a: Lemonade
|-damage|p2a: Lemonade|251\/393 brn
|move|p2a: Lemonade|Calm Mind|p2a: Lemonade
|-boost|p2a: Lemonade|spa|1
|-boost|p2a: Lemonade|spd|1
|
|-damage|p2a: Lemonade|202\/393 brn|[from] brn
|turn|9
|
|switch|p1a: Magnezone|Magnezone|313\/313
|-damage|p1a: Magnezone|294\/313|[from] Stealth Rock
|-item|p1a: Magnezone|Air Balloon
|move|p2a: Lemonade|Slack Off|p2a: Lemonade
|-heal|p2a: Lemonade|393\/393 brn
|
|-damage|p2a: Lemonade|344\/393 brn|[from] brn
|turn|10
|
|switch|p2a: Itchy|Landorus-Therian, M, shiny|319\/319
|-ability|p2a: Itchy|Intimidate|[of] p1a: Magnezone
|-unboost|p1a: Magnezone|atk|1
|move|p1a: Magnezone|Thunderbolt|p2a: Itchy
|-immune|p2a: Itchy|[msg]
|
|turn|11
|
|move|p2a: Itchy|Knock Off|p1a: Magnezone
|-damage|p1a: Magnezone|190\/313
|-enditem|p1a: Magnezone|Air Balloon
|move|p1a: Magnezone|Flash Cannon|p2a: Itchy
|-damage|p2a: Itchy|147\/319
|
|turn|12
|
|switch|p2a: Ashtongue|Heatran, F, shiny|385\/385
|switch|p1a: Slowbro|Slowbro, F|394\/394
|-damage|p1a: Slowbro|345\/394|[from] Stealth Rock
|
|-heal|p1a: Slowbro|369\/394|[from] item: Leftovers
|turn|13
|
|switch|p2a: Lemonade|Slowbro-Mega, F, shiny|344\/393 brn
|move|p1a: Slowbro|Scald|p2a: Lemonade
|-resisted|p2a: Lemonade
|-damage|p2a: Lemonade|294\/393 brn
|
|-heal|p1a: Slowbro|393\/394|[from] item: Leftovers
|-damage|p2a: Lemonade|245\/393 brn|[from] brn
|turn|14
|
|switch|p1a: Excadrill|Excadrill, F|404\/404
|-damage|p1a: Excadrill|392\/404|[from] Stealth Rock
|-ability|p1a: Excadrill|Mold Breaker
|move|p2a: Lemonade|Scald|p1a: Excadrill
|-supereffective|p1a: Excadrill
|-damage|p1a: Excadrill|228\/404
|-status|p1a: Excadrill|brn
|
|-damage|p1a: Excadrill|178\/404 brn|[from] brn
|-damage|p2a: Lemonade|196\/393 brn|[from] brn
|turn|15
|
|move|p1a: Excadrill|Rapid Spin|p2a: Lemonade
|-damage|p2a: Lemonade|189\/393 brn
|-sideend|p1: Tradekaiser|Stealth Rock|[from] move: Rapid Spin|[of] p1a: Excadrill
|move|p2a: Lemonade|Slack Off|p2a: Lemonade
|-heal|p2a: Lemonade|386\/393 brn
|
|-damage|p1a: Excadrill|128\/404 brn|[from] brn
|-damage|p2a: Lemonade|337\/393 brn|[from] brn
|turn|16
|
|switch|p1a: Breloom|Breloom, M|261\/261
|move|p2a: Lemonade|Psyshock|p1a: Breloom
|-supereffective|p1a: Breloom
|-enditem|p1a: Breloom|Focus Sash
|-damage|p1a: Breloom|1\/261
|
|-damage|p2a: Lemonade|288\/393 brn|[from] brn
|turn|17
|
|move|p1a: Breloom|Bullet Seed|p2a: Lemonade
|-supereffective|p2a: Lemonade
|-damage|p2a: Lemonade|222\/393 brn
|-supereffective|p2a: Lemonade
|-damage|p2a: Lemonade|148\/393 brn
|-supereffective|p2a: Lemonade
|-damage|p2a: Lemonade|80\/393 brn
|-hitcount|p2a: Lemonade|3
|move|p2a: Lemonade|Calm Mind|p2a: Lemonade
|-boost|p2a: Lemonade|spa|1
|-boost|p2a: Lemonade|spd|1
|
|-damage|p2a: Lemonade|31\/393 brn|[from] brn
|turn|18
|
|move|p1a: Breloom|Bullet Seed|p2a: Lemonade
|-supereffective|p2a: Lemonade
|-damage|p2a: Lemonade|0 fnt
|-hitcount|p2a: Lemonade|1
|faint|p2a: Lemonade
|
|
|switch|p2a: Itchy|Landorus-Therian, M, shiny|147\/319
|-ability|p2a: Itchy|Intimidate|[of] p1a: Breloom
|-unboost|p1a: Breloom|atk|1
|turn|19
|
|switch|p1a: Excadrill|Excadrill, F|128\/404 brn
|-ability|p1a: Excadrill|Mold Breaker
|move|p2a: Itchy|U-turn|p1a: Excadrill
|-resisted|p1a: Excadrill
|-damage|p1a: Excadrill|66\/404 brn
|
|switch|p2a: Split|Conkeldurr, F, shiny|351\/351
|
|-damage|p1a: Excadrill|16\/404 brn|[from] brn
|turn|20
|
|move|p2a: Split|Mach Punch|p1a: Excadrill
|-supereffective|p1a: Excadrill
|-damage|p1a: Excadrill|0 fnt
|faint|p1a: Excadrill
|
|
|switch|p1a: Gardevoir|Gardevoir-Mega, F|127\/277
|turn|21
|
|switch|p2a: Gump|Greninja, F, shiny|285\/285
|move|p1a: Gardevoir|Hyper Voice|p2a: Gump
|-supereffective|p2a: Gump
|-enditem|p2a: Gump|Focus Sash
|-damage|p2a: Gump|1\/285
|
|turn|22
|
|move|p2a: Gump|Dark Pulse|p1a: Gardevoir
|-start|p2a: Gump|typechange|Dark|[from] Protean
|-damage|p1a: Gardevoir|37\/277
|move|p1a: Gardevoir|Focus Blast|p2a: Gump|[miss]
|-miss|p1a: Gardevoir|p2a: Gump
|
|turn|23
|
|move|p2a: Gump|Gunk Shot|p1a: Gardevoir
|-start|p2a: Gump|typechange|Poison|[from] Protean
|-supereffective|p1a: Gardevoir
|-damage|p1a: Gardevoir|0 fnt
|faint|p1a: Gardevoir
|
|
|switch|p1a: Breloom|Breloom, M|1\/261
|turn|24
|
|switch|p2a: Itchy|Landorus-Therian, M, shiny|147\/319
|-ability|p2a: Itchy|Intimidate|[of] p1a: Breloom
|-unboost|p1a: Breloom|atk|1
|move|p1a: Breloom|Mach Punch|p2a: Itchy
|-resisted|p2a: Itchy
|-damage|p2a: Itchy|111\/319
|
|turn|25
|
|move|p1a: Breloom|Mach Punch|p2a: Itchy
|-resisted|p2a: Itchy
|-damage|p2a: Itchy|72\/319
|move|p2a: Itchy|U-turn|p1a: Breloom
|-damage|p1a: Breloom|0 fnt
|faint|p1a: Breloom
|
|switch|p2a: Gump|Greninja, F, shiny|1\/285
|
|
|switch|p1a: Dragonite|Dragonite, F|323\/323
|turn|26
|
|move|p1a: Dragonite|Extreme Speed|p2a: Gump
|-damage|p2a: Gump|0 fnt
|faint|p2a: Gump
|
|
|switch|p2a: WildGrowth|Thundurus, M, shiny|299\/299
|turn|27
|
|move|p2a: WildGrowth|Volt Switch|p1a: Dragonite
|-damage|p1a: Dragonite|236\/323
|
|switch|p2a: Ashtongue|Heatran, F, shiny|385\/385
|move|p1a: Dragonite|Dragon Dance|p1a: Dragonite
|-boost|p1a: Dragonite|atk|1
|-boost|p1a: Dragonite|spe|1
|
|turn|28
|
|move|p1a: Dragonite|Earthquake|p2a: Ashtongue
|-supereffective|p2a: Ashtongue
|-damage|p2a: Ashtongue|0 fnt
|faint|p2a: Ashtongue
|
|
|switch|p2a: Itchy|Landorus-Therian, M, shiny|72\/319
|-ability|p2a: Itchy|Intimidate|[of] p1a: Dragonite
|-unboost|p1a: Dragonite|atk|1
|turn|29
|
|move|p1a: Dragonite|Extreme Speed|p2a: Itchy
|-damage|p2a: Itchy|0 fnt
|faint|p2a: Itchy
|
|
|switch|p2a: Split|Conkeldurr, F, shiny|351\/351
|turn|30
|
|move|p1a: Dragonite|Outrage|p2a: Split
|-damage|p2a: Split|113\/351
|move|p2a: Split|Stone Edge|p1a: Dragonite
|-supereffective|p1a: Dragonite
|-damage|p1a: Dragonite|0 fnt
|faint|p1a: Dragonite
|
|
|switch|p1a: Slowbro|Slowbro, F|394\/394
|turn|31
|
|switch|p2a: WildGrowth|Thundurus, M, shiny|299\/299
|move|p1a: Slowbro|Scald|p2a: WildGrowth
|-damage|p2a: WildGrowth|181\/299
|-status|p2a: WildGrowth|brn
|
|-damage|p2a: WildGrowth|144\/299 brn|[from] brn
|turn|32
|
|switch|p1a: Magnezone|Magnezone|190\/313
|move|p2a: WildGrowth|Thunderbolt|p1a: Magnezone
|-resisted|p1a: Magnezone
|-damage|p1a: Magnezone|71\/313
|
|-damage|p2a: WildGrowth|107\/299 brn|[from] brn
|turn|33
|
|move|p2a: WildGrowth|Thunderbolt|p1a: Magnezone
|-resisted|p1a: Magnezone
|-damage|p1a: Magnezone|0 fnt
|faint|p1a: Magnezone
|
|-damage|p2a: WildGrowth|70\/299 brn|[from] brn
|
|switch|p1a: Slowbro|Slowbro, F|394\/394
|turn|34
|
|move|p2a: WildGrowth|Thunderbolt|p1a: Slowbro
|-supereffective|p1a: Slowbro
|-damage|p1a: Slowbro|0 fnt
|faint|p1a: Slowbro
|
|win|WerryDuJoohp
|raw|Ladder updating...
|raw|Tradekaiser's rating: 1327 &rarr; <strong>1309<\/strong><br \/>(-18 for losing)
|raw|WerryDuJoohp's rating: 1375 &rarr; <strong>1392<\/strong><br \/>(+17 for winning)
|c|âTradekaiser|gg
|c|âWerryDuJoohp|gg
|leave|Tradekaiser
|player|p1