|join|KelKun
|join|Tradekaiser
|player|p1|KelKun|29
|player|p2|Tradekaiser|102
|gametype|singles
|gen|6
|tier|OU
|rated
|clearpoke
|poke|p1|Bouffalant, M
|poke|p1|Clefable, F, shiny
|poke|p1|Breloom, M
|poke|p1|Thundurus, M, shiny
|poke|p1|Scizor, F
|poke|p1|Quagsire, M
|poke|p2|Gardevoir, M
|poke|p2|Bisharp, F
|poke|p2|Rotom-Wash
|poke|p2|Conkeldurr, F
|poke|p2|Garchomp, F
|poke|p2|Zapdos
|rule|Swagger Clause: Swagger is banned
|rule|Baton Pass Clause: Limit one PokÃ©mon knowing Baton Pass
|rule|Sleep Clause Mod: Limit one foe put to sleep
|rule|Species Clause: Limit one of each PokÃ©mon
|rule|OHKO Clause: OHKO moves are banned
|rule|Moody Clause: Moody is banned
|rule|Evasion Moves Clause: Evasion moves are banned
|rule|Endless Battle Clause: Forcing endless battles is banned
|rule|HP Percentage Mod: HP is shown in percentages
|teampreview
|
|start
|switch|p1a: Up|Breloom, M|323\/323
|switch|p2a: Garchomp|Garchomp, F|358\/358
|turn|1
|
|-singleturn|p1a: Up|move: Focus Punch
|move|p2a: Garchomp|Stealth Rock|p1a: Up
|-sidestart|p1: KelKun|move: Stealth Rock
|move|p1a: Up|Focus Punch|p2a: Garchomp
|-damage|p2a: Garchomp|48\/358
|-damage|p1a: Up|283\/323|[from] ability: Rough Skin|[of] p2a: Garchomp
|
|-status|p1a: Up|tox|[from] item: Toxic Orb
|turn|2
|
|switch|p1a: Quagsire|Quagsire, M|394\/394
|-damage|p1a: Quagsire|370\/394|[from] Stealth Rock
|move|p2a: Garchomp|Dragon Claw|p1a: Quagsire
|-damage|p1a: Quagsire|258\/394
|
|-heal|p1a: Quagsire|282\/394|[from] item: Leftovers
|turn|3
|
|switch|p2a: Conkeldurr|Conkeldurr, F|351\/351
|move|p1a: Quagsire|Toxic|p2a: Conkeldurr
|-status|p2a: Conkeldurr|tox
|
|-heal|p1a: Quagsire|306\/394|[from] item: Leftovers
|-damage|p2a: Conkeldurr|330\/351 tox|[from] psn
|turn|4
|
|move|p2a: Conkeldurr|Drain Punch|p1a: Quagsire
|-damage|p1a: Quagsire|104\/394
|-heal|p2a: Conkeldurr|351\/351 tox|[from] drain|[of] p1a: Quagsire
|move|p1a: Quagsire|Recover|p1a: Quagsire
|-heal|p1a: Quagsire|301\/394
|
|-heal|p1a: Quagsire|325\/394|[from] item: Leftovers
|-damage|p2a: Conkeldurr|309\/351 tox|[from] psn
|turn|5
|
|move|p2a: Conkeldurr|Poison Jab|p1a: Quagsire
|-crit|p1a: Quagsire
|-resisted|p1a: Quagsire
|-damage|p1a: Quagsire|225\/394
|move|p1a: Quagsire|Recover|p1a: Quagsire
|-heal|p1a: Quagsire|394\/394
|
|-damage|p2a: Conkeldurr|246\/351 tox|[from] psn
|turn|6
|
|move|p2a: Conkeldurr|Drain Punch|p1a: Quagsire
|-damage|p1a: Quagsire|199\/394
|-heal|p2a: Conkeldurr|344\/351 tox|[from] drain|[of] p1a: Quagsire
|move|p1a: Quagsire|Recover|p1a: Quagsire
|-heal|p1a: Quagsire|394\/394
|
|-damage|p2a: Conkeldurr|260\/351 tox|[from] psn
|turn|7
|
|switch|p2a: Gardevoir|Gardevoir, M|277\/277
|-ability|p2a: Gardevoir|Unaware|[from] ability: Trace|[of] p1a: Quagsire
|move|p1a: Quagsire|Toxic|p2a: Gardevoir
|-status|p2a: Gardevoir|tox
|
|-damage|p2a: Gardevoir|260\/277 tox|[from] psn
|turn|8
|
|switch|p1a: Scizor|Scizor, F|344\/344
|-damage|p1a: Scizor|301\/344|[from] Stealth Rock
|detailschange|p2a: Gardevoir|Gardevoir-Mega, M
|message|Gardevoir has Mega Evolved into Mega Gardevoir!
|move|p2a: Gardevoir|Focus Blast|p1a: Scizor
|-damage|p1a: Scizor|118\/344
|
|-damage|p2a: Gardevoir|226\/277 tox|[from] psn
|turn|9
|
|switch|p2a: Garchomp|Garchomp, F|48\/358
|detailschange|p1a: Scizor|Scizor-Mega, F
|message|Scizor has Mega Evolved into Mega Scizor!
|move|p1a: Scizor|Knock Off|p2a: Garchomp
|-crit|p2a: Garchomp
|-damage|p2a: Garchomp|0 fnt
|-damage|p1a: Scizor|75\/344|[from] ability: Rough Skin|[of] p2a: Garchomp
|-enditem|p2a: Garchomp|Focus Sash|[from] move: Knock Off|[of] p1a: Scizor
|faint|p2a: Garchomp
|
|
|switch|p2a: Bisharp|Bisharp, F|272\/272
|turn|10
|
|move|p2a: Bisharp|Swords Dance|p2a: Bisharp
|-boost|p2a: Bisharp|atk|2
|move|p1a: Scizor|Knock Off|p2a: Bisharp
|-resisted|p2a: Bisharp
|-damage|p2a: Bisharp|210\/272
|-enditem|p2a: Bisharp|Lum Berry|[from] move: Knock Off|[of] p1a: Scizor
|
|turn|11
|
|move|p2a: Bisharp|Knock Off|p1a: Scizor
|-damage|p1a: Scizor|0 fnt
|faint|p1a: Scizor
|
|
|switch|p1a: Quagsire|Quagsire, M|394\/394
|-damage|p1a: Quagsire|370\/394|[from] Stealth Rock
|turn|12
|
|move|p2a: Bisharp|Knock Off|p1a: Quagsire
|-damage|p1a: Quagsire|229\/394
|-enditem|p1a: Quagsire|Leftovers|[from] move: Knock Off|[of] p2a: Bisharp
|move|p1a: Quagsire|Earthquake|p2a: Bisharp
|-supereffective|p2a: Bisharp
|-damage|p2a: Bisharp|0 fnt
|faint|p2a: Bisharp
|
|
|switch|p2a: Gardevoir|Gardevoir-Mega, M|226\/277 tox
|turn|13
|
|switch|p1a: Lambo|Bouffalant, M|374\/374
|-damage|p1a: Lambo|328\/374|[from] Stealth Rock
|move|p2a: Gardevoir|Hyper Voice|p1a: Lambo
|-damage|p1a: Lambo|142\/374
|
|-damage|p2a: Gardevoir|209\/277 tox|[from] psn
|turn|14
|
|switch|p2a: Rotom-Wash|Rotom-Wash|304\/304
|move|p1a: Lambo|Return|p2a: Rotom-Wash
|-damage|p2a: Rotom-Wash|177\/304
|
|-heal|p2a: Rotom-Wash|196\/304|[from] item: Leftovers
|turn|15
|
|move|p2a: Rotom-Wash|Hydro Pump|p1a: Lambo|[miss]
|-miss|p2a: Rotom-Wash|p1a: Lambo
|move|p1a: Lambo|Facade|p2a: Rotom-Wash
|-damage|p2a: Rotom-Wash|111\/304
|
|-heal|p2a: Rotom-Wash|130\/304|[from] item: Leftovers
|turn|16
|
|move|p2a: Rotom-Wash|Hydro Pump|p1a: Lambo
|-damage|p1a: Lambo|45\/374
|move|p1a: Lambo|Return|p2a: Rotom-Wash
|-damage|p2a: Rotom-Wash|0 fnt
|faint|p2a: Rotom-Wash
|
|
|switch|p2a: Gardevoir|Gardevoir-Mega, M|209\/277 tox
|turn|17
|
|move|p2a: Gardevoir|Hyper Voice|p1a: Lambo
|-damage|p1a: Lambo|0 fnt
|faint|p1a: Lambo
|
|-damage|p2a: Gardevoir|192\/277 tox|[from] psn
|
|switch|p1a: Sinbad|Thundurus, M, shiny|298\/298
|-damage|p1a: Sinbad|224\/298|[from] Stealth Rock
|turn|18
|
|switch|p2a: Zapdos|Zapdos|321\/321
|-ability|p2a: Zapdos|Pressure
|move|p1a: Sinbad|Thunderbolt|p2a: Zapdos
|-damage|p2a: Zapdos|129\/321
|-damage|p1a: Sinbad|195\/298|[from] item: Life Orb
|
|turn|19
|
|move|p1a: Sinbad|Thunderbolt|p2a: Zapdos
|-damage|p2a: Zapdos|0 fnt
|-damage|p1a: Sinbad|166\/298|[from] item: Life Orb
|faint|p2a: Zapdos
|
|
|switch|p2a: Conkeldurr|Conkeldurr, F|260\/351 tox
|turn|20
|
|switch|p1a: Luna|Clefable, F, shiny|393\/393
|move|p2a: Conkeldurr|Ice Punch|p1a: Luna
|-damage|p1a: Luna|251\/393
|
|-heal|p1a: Luna|275\/393|[from] item: Leftovers
|-damage|p2a: Conkeldurr|239\/351 tox|[from] psn
|turn|21
|
|move|p1a: Luna|Moonblast|p2a: Conkeldurr
|-supereffective|p2a: Conkeldurr
|-damage|p2a: Conkeldurr|83\/351 tox
|-unboost|p2a: Conkeldurr|spa|1
|move|p2a: Conkeldurr|Poison Jab|p1a: Luna
|-supereffective|p1a: Luna
|-damage|p1a: Luna|0 fnt
|faint|p1a: Luna
|
|-damage|p2a: Conkeldurr|41\/351 tox|[from] psn
|
|switch|p1a: Up|Breloom, M|283\/323 tox
|-damage|p1a: Up|263\/323 tox|[from] Stealth Rock
|turn|22
|
|move|p2a: Conkeldurr|Mach Punch|p1a: Up
|-damage|p1a: Up|115\/323 tox
|move|p1a: Up|Seed Bomb|p2a: Conkeldurr
|-damage|p2a: Conkeldurr|0 fnt
|faint|p2a: Conkeldurr
|
|-heal|p1a: Up|155\/323 tox|[from] ability: Poison Heal
|
|switch|p2a: Gardevoir|Gardevoir-Mega, M|192\/277 tox
|turn|23
|
|move|p2a: Gardevoir|Hyper Voice|p1a: Up
|-crit|p1a: Up
|-supereffective|p1a: Up
|-damage|p1a: Up|0 fnt
|faint|p1a: Up
|
|-damage|p2a: Gardevoir|175\/277 tox|[from] psn
|
|switch|p1a: Quagsire|Quagsire, M|229\/394
|-damage|p1a: Quagsire|205\/394|[from] Stealth Rock
|turn|24
|
|move|p2a: Gardevoir|Hyper Voice|p1a: Quagsire
|-damage|p1a: Quagsire|0 fnt
|faint|p1a: Quagsire
|
|-damage|p2a: Gardevoir|141\/277 tox|[from] psn
|
|switch|p1a: Sinbad|Thundurus, M, shiny|166\/298
|-damage|p1a: Sinbad|92\/298|[from] Stealth Rock
|turn|25
|
|move|p1a: Sinbad|Thunderbolt|p2a: Gardevoir
|-damage|p2a: Gardevoir|0 fnt
|-damage|p1a: Sinbad|63\/298|[from] item: Life Orb
|faint|p2a: Gardevoir
|
|win|KelKun
|raw|Ladder updating...
|raw|KelKun's rating: 1536 &rarr; <strong>1560<\/strong><br \/>(+24 for winning)
|raw|Tradekaiser's rating: 1609 &rarr; <strong>1585<\/strong><br \/>(-24 for losing)
|c|âTradekaiser|gg
|c|âKelKun|gg
|leave|Tradekaiser
|player|p2