|join|ampdpharos
|join|Tradekaiser
|player|p1|ampdpharos|266
|player|p2|Tradekaiser|101
|gametype|singles
|gen|6
|tier|OU
|rated
|clearpoke
|poke|p1|Breloom, M
|poke|p1|Aegislash, F, shiny
|poke|p1|Thundurus, M
|poke|p1|Deoxys-Defense
|poke|p1|Charizard, M
|poke|p1|Starmie
|poke|p2|Klefki, M
|poke|p2|Aegislash, M
|poke|p2|Greninja, F
|poke|p2|Sylveon, M
|poke|p2|Zygarde
|poke|p2|Talonflame, F
|rule|Baton Pass Clause: Limit 3 pokemon knowing Baton Pass
|rule|Sleep Clause Mod: Limit one foe put to sleep
|rule|Species Clause: Limit one of each Pokemon
|rule|OHKO Clause: OHKO moves are banned
|rule|Moody Clause: Moody is banned
|rule|Evasion Moves Clause: Evasion moves are banned
|rule|Endless Battle Clause: Forcing endless battles is banned
|rule|HP Percentage Mod: HP is reported as percentages
|teampreview
|
|start
|switch|p1a: Thundurus|Thundurus, M|300\/300
|switch|p2a: Klefki|Klefki, M|318\/318
|turn|1
|
|move|p1a: Thundurus|Taunt|p2a: Klefki
|-start|p2a: Klefki|move: Taunt
|cant|p2a: Klefki|move: Taunt|Light Screen
|
|turn|2
|
|switch|p2a: Zygarde|Zygarde|383\/383
|-ability|p2a: Zygarde|Aura Break
|move|p1a: Thundurus|Thunder Wave|p2a: Zygarde
|-immune|p2a: Zygarde|[msg]
|
|turn|3
|
|switch|p2a: Aegislash|Aegislash, M|324\/324
|move|p1a: Thundurus|Hidden Power|p2a: Aegislash
|-resisted|p2a: Aegislash
|-damage|p2a: Aegislash|302\/324
|
|-heal|p2a: Aegislash|322\/324|[from] item: Leftovers
|turn|4
|
|move|p2a: Aegislash|King's Shield|p2a: Aegislash
|-singleturn|p2a: Aegislash|Protect
|move|p1a: Thundurus|Thunder Wave|p2a: Aegislash
|-status|p2a: Aegislash|par
|
|-heal|p2a: Aegislash|324\/324 par|[from] item: Leftovers
|turn|5
|
|move|p1a: Thundurus|Taunt|p2a: Aegislash
|-start|p2a: Aegislash|move: Taunt
|-formechange|p2a: Aegislash|Aegislash-Blade
|move|p2a: Aegislash|Shadow Ball|p1a: Thundurus
|-damage|p1a: Thundurus|78\/300
|
|-heal|p1a: Thundurus|96\/300|[from] item: Leftovers
|turn|6
|
|move|p2a: Aegislash|Shadow Sneak|p1a: Thundurus
|-damage|p1a: Thundurus|8\/300
|move|p1a: Thundurus|Thunderbolt|p2a: Aegislash
|-damage|p2a: Aegislash|30\/324 par
|
|-heal|p1a: Thundurus|26\/300|[from] item: Leftovers
|-heal|p2a: Aegislash|50\/324 par|[from] item: Leftovers
|turn|7
|
|switch|p1a: Aegislash|Aegislash, F, shiny|321\/321
|move|p2a: Aegislash|Shadow Sneak|p1a: Aegislash
|-supereffective|p1a: Aegislash
|-damage|p1a: Aegislash|231\/321
|
|-heal|p1a: Aegislash|251\/321|[from] item: Leftovers
|-heal|p2a: Aegislash|70\/324 par|[from] item: Leftovers
|-end|p2a: Aegislash|move: Taunt
|turn|8
|
|-formechange|p2a: Aegislash|Aegislash
|cant|p2a: Aegislash|par
|-formechange|p1a: Aegislash|Aegislash-Blade
|move|p1a: Aegislash|Shadow Ball|p2a: Aegislash
|-supereffective|p2a: Aegislash
|-damage|p2a: Aegislash|0 fnt
|faint|p2a: Aegislash
|
|-heal|p1a: Aegislash|271\/321|[from] item: Leftovers
|
|switch|p2a: Greninja|Greninja, F|285\/285
|turn|9
|
|-formechange|p1a: Aegislash|Aegislash
|move|p1a: Aegislash|King's Shield|p1a: Aegislash
|-singleturn|p1a: Aegislash|Protect
|-start|p2a: Greninja|typechange|Dark|[from] Protean
|move|p2a: Greninja|Dark Pulse|p1a: Aegislash
|-activate|p1a: Aegislash|Protect
|
|-heal|p1a: Aegislash|291\/321|[from] item: Leftovers
|turn|10
|
|move|p2a: Greninja|Dark Pulse|p1a: Aegislash
|-supereffective|p1a: Aegislash
|-damage|p1a: Aegislash|39\/321
|-formechange|p1a: Aegislash|Aegislash-Blade
|move|p1a: Aegislash|Shadow Ball|p2a: Greninja
|-resisted|p2a: Greninja
|-damage|p2a: Greninja|163\/285
|-unboost|p2a: Greninja|spd|1
|
|-heal|p1a: Aegislash|59\/321|[from] item: Leftovers
|turn|11
|
|move|p1a: Aegislash|Shadow Sneak|p2a: Greninja
|-resisted|p2a: Greninja
|-damage|p2a: Greninja|119\/285
|move|p2a: Greninja|Dark Pulse|p1a: Aegislash
|-supereffective|p1a: Aegislash
|-damage|p1a: Aegislash|0 fnt
|faint|p1a: Aegislash
|
|
|switch|p1a: Breloom|Breloom, M|262\/262
|turn|12
|
|switch|p2a: Klefki|Klefki, M|318\/318
|move|p1a: Breloom|Mach Punch|p2a: Klefki
|-damage|p2a: Klefki|219\/318
|
|turn|13
|
|move|p2a: Klefki|Thunder Wave|p1a: Breloom
|-status|p1a: Breloom|par
|move|p1a: Breloom|Spore|p2a: Klefki
|-status|p2a: Klefki|slp
|
|turn|14
|
|switch|p2a: Zygarde|Zygarde|383\/383
|-ability|p2a: Zygarde|Aura Break
|move|p1a: Breloom|Mach Punch|p2a: Zygarde
|-damage|p2a: Zygarde|290\/383
|
|turn|15
|
|switch|p1a: Starmie|Starmie|262\/262
|move|p2a: Zygarde|Dragon Dance|p2a: Zygarde
|-boost|p2a: Zygarde|atk|1
|-boost|p2a: Zygarde|spe|1
|
|turn|16
|
|move|p2a: Zygarde|Extreme Speed|p1a: Starmie
|-damage|p1a: Starmie|107\/262
|move|p1a: Starmie|Ice Beam|p2a: Zygarde
|-supereffective|p2a: Zygarde
|-damage|p2a: Zygarde|0 fnt
|-damage|p1a: Starmie|81\/262|[from] item: Life Orb
|faint|p2a: Zygarde
|
|
|switch|p2a: Greninja|Greninja, F|119\/285
|turn|17
|
|-start|p2a: Greninja|typechange|Psychic|[from] Protean
|move|p2a: Greninja|Extrasensory|p1a: Starmie
|-resisted|p1a: Starmie
|-damage|p1a: Starmie|0 fnt
|faint|p1a: Starmie
|
|
|switch|p1a: Deoxys-Defense|Deoxys-Defense|304\/304
|-ability|p1a: Deoxys-Defense|Pressure
|turn|18
|
|switch|p2a: Sylveon|Sylveon, M|394\/394
|move|p1a: Deoxys-Defense|Stealth Rock|p2a: Sylveon
|-sidestart|p2: Tradekaiser|move: Stealth Rock
|
|turn|19
|
|move|p1a: Deoxys-Defense|Knock Off|p2a: Sylveon
|-resisted|p2a: Sylveon
|-damage|p2a: Sylveon|355\/394
|-enditem|p2a: Sylveon|Leftovers|[from] move: Knock Off|[of] p1a: Deoxys-Defense
|move|p2a: Sylveon|Wish|p2a: Sylveon
|
|turn|20
|
|move|p1a: Deoxys-Defense|Seismic Toss|p2a: Sylveon
|-damage|p2a: Sylveon|255\/394
|move|p2a: Sylveon|Hyper Voice|p1a: Deoxys-Defense
|-damage|p1a: Deoxys-Defense|205\/304
|
|-heal|p2a: Sylveon|394\/394|[from] move: Wish|[wisher] Sylveon
|turn|21
|
|move|p1a: Deoxys-Defense|Toxic|p2a: Sylveon
|-status|p2a: Sylveon|tox
|move|p2a: Sylveon|Heal Bell|p2a: Sylveon
|-cureteam|p2a: Sylveon|[from] move: HealBell
|
|turn|22
|
|move|p1a: Deoxys-Defense|Seismic Toss|p2a: Sylveon
|-damage|p2a: Sylveon|294\/394
|move|p2a: Sylveon|Wish|p2a: Sylveon
|
|turn|23
|
|move|p1a: Deoxys-Defense|Toxic|p2a: Sylveon
|-status|p2a: Sylveon|tox
|move|p2a: Sylveon|Hyper Voice|p1a: Deoxys-Defense
|-damage|p1a: Deoxys-Defense|105\/304
|
|-heal|p2a: Sylveon|394\/394 tox|[from] move: Wish|[wisher] Sylveon
|-damage|p2a: Sylveon|370\/394 tox|[from] psn
|turn|24
|
|switch|p1a: Thundurus|Thundurus, M|26\/300
|move|p2a: Sylveon|Hyper Voice|p1a: Thundurus
|-damage|p1a: Thundurus|0 fnt
|faint|p1a: Thundurus
|
|-damage|p2a: Sylveon|322\/394 tox|[from] psn
|
|switch|p1a: Charizard|Charizard, M|298\/298
|turn|25
|
|detailschange|p1a: Charizard|Charizard-Mega-X, M
|message|Charizard has Mega Evolved into Mega Charizard!
|move|p1a: Charizard|Flare Blitz|p2a: Sylveon
|-damage|p2a: Sylveon|0 fnt
|-damage|p1a: Charizard|192\/298|[from] recoil|[of] p2a: Sylveon
|faint|p2a: Sylveon
|
|
|switch|p2a: Klefki|Klefki, M|219\/318
|-damage|p2a: Klefki|200\/318|[from] Stealth Rock
|turn|26
|
|move|p2a: Klefki|Thunder Wave|p1a: Charizard
|-status|p1a: Charizard|par
|move|p1a: Charizard|Flare Blitz|p2a: Klefki
|-supereffective|p2a: Klefki
|-damage|p2a: Klefki|0 fnt
|-damage|p1a: Charizard|126\/298 par|[from] recoil|[of] p2a: Klefki
|faint|p2a: Klefki
|
|
|switch|p2a: Greninja|Greninja, F|119\/285
|-damage|p2a: Greninja|84\/285|[from] Stealth Rock
|turn|27
|
|switch|p1a: Deoxys-Defense|Deoxys-Defense|105\/304
|-ability|p1a: Deoxys-Defense|Pressure
|-start|p2a: Greninja|typechange|Dark|[from] Protean
|move|p2a: Greninja|Dark Pulse|p1a: Deoxys-Defense
|-supereffective|p1a: Deoxys-Defense
|-damage|p1a: Deoxys-Defense|0 fnt
|faint|p1a: Deoxys-Defense
|
|
|switch|p1a: Breloom|Breloom, M|262\/262 par
|turn|28
|
|switch|p2a: Talonflame|Talonflame, F|298\/298
|-damage|p2a: Talonflame|149\/298|[from] Stealth Rock
|move|p1a: Breloom|Mach Punch|p2a: Talonflame
|-resisted|p2a: Talonflame
|-damage|p2a: Talonflame|75\/298
|
|turn|29
|
|move|p2a: Talonflame|Brave Bird|p1a: Breloom
|-supereffective|p1a: Breloom
|-enditem|p1a: Breloom|Focus Sash
|-damage|p1a: Breloom|1\/262 par
|-damage|p2a: Talonflame|0 fnt|[from] recoil|[of] p1a: Breloom
|faint|p2a: Talonflame
|move|p1a: Breloom|Rock Tomb|p2: Talonflame|[notarget]
|-notarget
|
|
|switch|p2a: Greninja|Greninja, F|84\/285
|-damage|p2a: Greninja|49\/285|[from] Stealth Rock
|turn|30
|
|move|p1a: Breloom|Mach Punch|p2a: Greninja
|-supereffective|p2a: Greninja
|-damage|p2a: Greninja|0 fnt
|faint|p2a: Greninja
|
|win|ampdpharos
|raw|Ladder updating...
|raw|ampdpharos's rating: 1444 &rarr; <strong>1465<\/strong><br \/>(+21 for winning)
|raw|Tradekaiser's rating: 1458 &rarr; <strong>1438<\/strong><br \/>(-20 for losing)
|chat|ampdpharos|gg
|leave|Tradekaiser
|player|p2