|join|Arbrissseau
|join|Tradekaiser
|player|p1|Arbrissseau|16
|player|p2|Tradekaiser|2
|gametype|singles
|gen|6
|tier|OU
|rated
|clearpoke
|poke|p1|Metagross
|poke|p1|Quagsire, F
|poke|p1|Vaporeon, M
|poke|p1|Alakazam, M
|poke|p1|Volcarona, M
|poke|p1|Forretress, M
|poke|p2|Breloom, F
|poke|p2|Thundurus, M
|poke|p2|Landorus, M
|poke|p2|Gyarados, M
|poke|p2|Tyranitar, M
|poke|p2|Heatran, M
|rule|Swagger Clause: Swagger is banned
|rule|Baton Pass Clause: Limit one PokÃ©mon knowing Baton Pass
|rule|Sleep Clause Mod: Limit one foe put to sleep
|rule|Species Clause: Limit one of each PokÃ©mon
|rule|OHKO Clause: OHKO moves are banned
|rule|Moody Clause: Moody is banned
|rule|Evasion Moves Clause: Evasion moves are banned
|rule|Endless Battle Clause: Forcing endless battles is banned
|rule|HP Percentage Mod: HP is shown in percentages
|teampreview
|
|start
|switch|p1a: Kill Me Please|Forretress, M|354\/354
|switch|p2a: Breloom|Breloom, F|261\/261
|turn|1
|
|move|p2a: Breloom|Spore|p1a: Kill Me Please
|-fail|p1a: Kill Me Please
|move|p1a: Kill Me Please|Stealth Rock|p2a: Breloom
|-sidestart|p2: Tradekaiser|move: Stealth Rock
|
|turn|2
|
|switch|p2a: Heatran|Heatran, M|323\/323
|-damage|p2a: Heatran|283\/323|[from] Stealth Rock
|move|p1a: Kill Me Please|Toxic Spikes|p2a: Heatran
|-sidestart|p2: Tradekaiser|move: Toxic Spikes
|
|turn|3
|
|switch|p1a: Beereon|Vaporeon, M|464\/464
|move|p2a: Heatran|Fire Blast|p1a: Beereon
|-resisted|p1a: Beereon
|-damage|p1a: Beereon|384\/464
|-status|p1a: Beereon|brn
|
|-heal|p1a: Beereon|413\/464 brn|[from] item: Leftovers
|-damage|p1a: Beereon|355\/464 brn|[from] brn
|turn|4
|
|switch|p2a: Thundurus|Thundurus, M|299\/299
|-damage|p2a: Thundurus|225\/299|[from] Stealth Rock
|move|p1a: Beereon|Heal Bell|p1a: Beereon
|-cureteam|p1a: Beereon|[from] move: HealBell
|
|-heal|p1a: Beereon|384\/464|[from] item: Leftovers
|turn|5
|
|move|p1a: Beereon|Protect|p1a: Beereon
|-singleturn|p1a: Beereon|Protect
|move|p2a: Thundurus|Knock Off|p1a: Beereon
|-activate|p1a: Beereon|Protect
|
|-heal|p1a: Beereon|413\/464|[from] item: Leftovers
|turn|6
|
|switch|p1a: Kill Me Please|Forretress, M|354\/354
|move|p2a: Thundurus|Thunderbolt|p1a: Kill Me Please
|-damage|p1a: Kill Me Please|69\/354
|-damage|p2a: Thundurus|196\/299|[from] item: Life Orb
|
|-heal|p1a: Kill Me Please|91\/354|[from] item: Leftovers
|turn|7
|
|move|p2a: Thundurus|Knock Off|p1a: Kill Me Please
|-crit|p1a: Kill Me Please
|-damage|p1a: Kill Me Please|0 fnt
|-enditem|p1a: Kill Me Please|Leftovers|[from] move: Knock Off|[of] p2a: Thundurus
|-damage|p2a: Thundurus|167\/299|[from] item: Life Orb
|faint|p1a: Kill Me Please
|
|
|switch|p1a: Nice|Quagsire, F|394\/394
|turn|8
|
|move|p2a: Thundurus|Knock Off|p1a: Nice
|-damage|p1a: Nice|293\/394
|-enditem|p1a: Nice|Leftovers|[from] move: Knock Off|[of] p2a: Thundurus
|-damage|p2a: Thundurus|138\/299|[from] item: Life Orb
|move|p1a: Nice|Toxic|p2a: Thundurus
|-status|p2a: Thundurus|tox
|
|-damage|p2a: Thundurus|120\/299 tox|[from] psn
|turn|9
|
|move|p2a: Thundurus|Superpower|p1a: Nice
|-damage|p1a: Nice|176\/394
|-unboost|p2a: Thundurus|atk|1
|-unboost|p2a: Thundurus|def|1
|-damage|p2a: Thundurus|91\/299 tox|[from] item: Life Orb
|move|p1a: Nice|Recover|p1a: Nice
|-heal|p1a: Nice|373\/394
|
|-damage|p2a: Thundurus|55\/299 tox|[from] psn
|turn|10
|
|move|p2a: Thundurus|Hidden Power|p1a: Nice
|-damage|p1a: Nice|248\/394
|-damage|p2a: Thundurus|26\/299 tox|[from] item: Life Orb
|move|p1a: Nice|Recover|p1a: Nice
|-heal|p1a: Nice|394\/394
|
|-damage|p2a: Thundurus|0 fnt|[from] psn
|faint|p2a: Thundurus
|
|switch|p2a: Breloom|Breloom, F|261\/261
|-status|p2a: Breloom|psn
|-damage|p2a: Breloom|245\/261 psn|[from] Stealth Rock
|turn|11
|
|move|p2a: Breloom|Spore|p1a: Nice
|-status|p1a: Nice|slp
|cant|p1a: Nice|slp
|
|-damage|p2a: Breloom|213\/261 psn|[from] psn
|turn|12
|
|switch|p1a: Mide-Nite|Volcarona, M|312\/312
|move|p2a: Breloom|Bullet Seed|p1a: Mide-Nite
|-resisted|p1a: Mide-Nite
|-damage|p1a: Mide-Nite|287\/312
|-resisted|p1a: Mide-Nite
|-damage|p1a: Mide-Nite|263\/312
|-resisted|p1a: Mide-Nite
|-damage|p1a: Mide-Nite|241\/312
|-resisted|p1a: Mide-Nite
|-damage|p1a: Mide-Nite|218\/312
|-resisted|p1a: Mide-Nite
|-damage|p1a: Mide-Nite|196\/312
|-hitcount|p1a: Mide-Nite|5
|
|-heal|p1a: Mide-Nite|215\/312|[from] item: Leftovers
|-damage|p2a: Breloom|181\/261 psn|[from] psn
|turn|13
|
|move|p1a: Mide-Nite|Quiver Dance|p1a: Mide-Nite
|-boost|p1a: Mide-Nite|spa|1
|-boost|p1a: Mide-Nite|spd|1
|-boost|p1a: Mide-Nite|spe|1
|move|p2a: Breloom|Rock Tomb|p1a: Mide-Nite
|-supereffective|p1a: Mide-Nite
|-damage|p1a: Mide-Nite|0 fnt
|faint|p1a: Mide-Nite
|
|-damage|p2a: Breloom|149\/261 psn|[from] psn
|
|switch|p1a: Death Bringer|Alakazam, M|269\/269
|turn|14
|
|switch|p2a: Tyranitar|Tyranitar, M|341\/341
|-status|p2a: Tyranitar|psn
|-damage|p2a: Tyranitar|299\/341 psn|[from] Stealth Rock
|-weather|Sandstorm
|move|p1a: Death Bringer|Dazzling Gleam|p2a: Tyranitar
|-supereffective|p2a: Tyranitar
|-damage|p2a: Tyranitar|159\/341 psn
|
|-weather|Sandstorm|[upkeep]
|-damage|p2a: Tyranitar|117\/341 psn|[from] psn
|turn|15
|
|detailschange|p1a: Death Bringer|Alakazam-Mega, M
|message|Alakazam has Mega Evolved into Mega Alakazam!
|-ability|p1a: Death Bringer|Sand Stream|[from] ability: Trace|[of] p2a: Tyranitar
|move|p2a: Tyranitar|Pursuit|p1a: Death Bringer
|-supereffective|p1a: Death Bringer
|-damage|p1a: Death Bringer|75\/269
|move|p1a: Death Bringer|Dazzling Gleam|p2a: Tyranitar
|-supereffective|p2a: Tyranitar
|-damage|p2a: Tyranitar|0 fnt
|faint|p2a: Tyranitar
|
|-weather|Sandstorm|[upkeep]
|-damage|p1a: Death Bringer|59\/269|[from] sandstorm
|
|switch|p2a: Heatran|Heatran, M|283\/323
|-damage|p2a: Heatran|243\/323|[from] Stealth Rock
|turn|16
|
|switch|p1a: Beereon|Vaporeon, M|413\/464
|move|p2a: Heatran|Earth Power|p1a: Beereon
|-damage|p1a: Beereon|325\/464
|-unboost|p1a: Beereon|spd|1
|
|-weather|Sandstorm|[upkeep]
|-damage|p1a: Beereon|296\/464|[from] sandstorm
|-heal|p1a: Beereon|325\/464|[from] item: Leftovers
|turn|17
|
|switch|p2a: Gyarados|Gyarados, M|331\/331
|-damage|p2a: Gyarados|249\/331|[from] Stealth Rock
|-ability|p2a: Gyarados|Intimidate|[of] p1a: Beereon
|-unboost|p1a: Beereon|atk|1
|move|p1a: Beereon|Wish|p1a: Beereon
|
|-weather|Sandstorm|[upkeep]
|-damage|p2a: Gyarados|229\/331|[from] sandstorm
|-damage|p1a: Beereon|296\/464|[from] sandstorm
|-heal|p1a: Beereon|325\/464|[from] item: Leftovers
|turn|18
|
|detailschange|p2a: Gyarados|Gyarados-Mega, M
|message|Gyarados has Mega Evolved into Mega Gyarados!
|-ability|p2a: Gyarados|Mold Breaker
|move|p2a: Gyarados|Dragon Dance|p2a: Gyarados
|-boost|p2a: Gyarados|atk|1
|-boost|p2a: Gyarados|spe|1
|move|p1a: Beereon|Heal Bell|p1a: Beereon
|-cureteam|p1a: Beereon|[from] move: HealBell
|
|-weather|none
|-heal|p1a: Beereon|464\/464|[from] move: Wish|[wisher] Beereon
|turn|19
|
|switch|p1a: Nice|Quagsire, F|394\/394
|move|p2a: Gyarados|Dragon Dance|p2a: Gyarados
|-boost|p2a: Gyarados|atk|1
|-boost|p2a: Gyarados|spe|1
|
|turn|20
|
|move|p2a: Gyarados|Earthquake|p1a: Nice
|-damage|p1a: Nice|137\/394
|move|p1a: Nice|Toxic|p2a: Gyarados
|-status|p2a: Gyarados|tox
|
|-damage|p2a: Gyarados|209\/331 tox|[from] psn
|turn|21
|
|move|p2a: Gyarados|Earthquake|p1a: Nice
|-damage|p1a: Nice|0 fnt
|faint|p1a: Nice
|
|-damage|p2a: Gyarados|169\/331 tox|[from] psn
|
|switch|p1a: Beereon|Vaporeon, M|464\/464
|turn|22
|
|move|p1a: Beereon|Protect|p1a: Beereon
|-singleturn|p1a: Beereon|Protect
|move|p2a: Gyarados|Earthquake|p1a: Beereon
|-activate|p1a: Beereon|Protect
|
|-damage|p2a: Gyarados|109\/331 tox|[from] psn
|turn|23
|
|move|p2a: Gyarados|Earthquake|p1a: Beereon
|-damage|p1a: Beereon|31\/464
|move|p1a: Beereon|Wish|p1a: Beereon
|
|-heal|p1a: Beereon|60\/464|[from] item: Leftovers
|-damage|p2a: Gyarados|29\/331 tox|[from] psn
|turn|24
|
|move|p1a: Beereon|Protect|p1a: Beereon
|-singleturn|p1a: Beereon|Protect
|move|p2a: Gyarados|Earthquake|p1a: Beereon
|-activate|p1a: Beereon|Protect
|
|-heal|p1a: Beereon|292\/464|[from] move: Wish|[wisher] Beereon
|-heal|p1a: Beereon|321\/464|[from] item: Leftovers
|-damage|p2a: Gyarados|0 fnt|[from] psn
|faint|p2a: Gyarados
|
|switch|p2a: Breloom|Breloom, F|149\/261 psn
|-damage|p2a: Breloom|133\/261 psn|[from] Stealth Rock
|turn|25
|
|move|p2a: Breloom|Bullet Seed|p1a: Beereon
|-supereffective|p1a: Beereon
|-damage|p1a: Beereon|117\/464
|-supereffective|p1a: Beereon
|-damage|p1a: Beereon|0 fnt
|-hitcount|p1a: Beereon|2
|faint|p1a: Beereon
|
|-damage|p2a: Breloom|101\/261 psn|[from] psn
|
|switch|p1a: Death Bringer|Alakazam-Mega, M|59\/269
|-ability|p1a: Death Bringer|Technician|[from] ability: Trace|[of] p2a: Breloom
|turn|26
|
|move|p2a: Breloom|Mach Punch|p1a: Death Bringer
|-resisted|p1a: Death Bringer
|-damage|p1a: Death Bringer|0 fnt
|faint|p1a: Death Bringer
|
|-damage|p2a: Breloom|69\/261 psn|[from] psn
|
|switch|p1a: NotNice|Metagross|311\/311
|turn|27
|
|move|p2a: Breloom|Mach Punch|p1a: NotNice
|-damage|p1a: NotNice|227\/311
|move|p1a: NotNice|Agility|p1a: NotNice
|-boost|p1a: NotNice|spe|2
|
|-damage|p2a: Breloom|37\/261 psn|[from] psn
|turn|28
|
|move|p2a: Breloom|Mach Punch|p1a: NotNice
|-damage|p1a: NotNice|136\/311
|move|p1a: NotNice|Ice Punch|p2a: Breloom
|-supereffective|p2a: Breloom
|-damage|p2a: Breloom|0 fnt
|-damage|p1a: NotNice|105\/311|[from] item: Life Orb
|faint|p2a: Breloom
|
|
|switch|p2a: Heatran|Heatran, M|243\/323
|-damage|p2a: Heatran|203\/323|[from] Stealth Rock
|turn|29
|
|move|p1a: NotNice|Earthquake|p2a: Heatran
|-supereffective|p2a: Heatran
|-damage|p2a: Heatran|0 fnt
|-damage|p1a: NotNice|74\/311|[from] item: Life Orb
|faint|p2a: Heatran
|
|
|switch|p2a: Landorus|Landorus, M|319\/319
|-damage|p2a: Landorus|280\/319|[from] Stealth Rock
|turn|30
|
|move|p1a: NotNice|Ice Punch|p2a: Landorus
|-supereffective|p2a: Landorus
|-damage|p2a: Landorus|0 fnt
|-damage|p1a: NotNice|43\/311|[from] item: Life Orb
|faint|p2a: Landorus
|
|win|Arbrissseau
|raw|Ladder updating...
|raw|Arbrissseau's rating: 1447 &rarr; <strong>1467<\/strong><br \/>(+20 for winning)
|raw|Tradekaiser's rating: 1444 &rarr; <strong>1425<\/strong><br \/>(-19 for losing)
|leave|Tradekaiser
|player|p2