|join|Sonic-DJ
|join|Tradekaiser
|player|p1|Sonic-DJ|264
|player|p2|Tradekaiser|170
|gametype|singles
|gen|6
|tier|OU
|rated
|clearpoke
|poke|p1|Pinsir, M
|poke|p1|Landorus-Therian, M
|poke|p1|Heatran, F
|poke|p1|Sylveon, F
|poke|p1|Azumarill, F
|poke|p1|Zapdos
|poke|p2|Breloom, F
|poke|p2|Excadrill, F
|poke|p2|Dragonite, M
|poke|p2|Azumarill, F
|poke|p2|Gengar, F
|poke|p2|Thundurus, M
|rule|Swagger Clause: Swagger is banned
|rule|Baton Pass Clause: Limit one PokÃ©mon knowing Baton Pass
|rule|Sleep Clause Mod: Limit one foe put to sleep
|rule|Species Clause: Limit one of each PokÃ©mon
|rule|OHKO Clause: OHKO moves are banned
|rule|Moody Clause: Moody is banned
|rule|Evasion Moves Clause: Evasion moves are banned
|rule|Endless Battle Clause: Forcing endless battles is banned
|rule|HP Percentage Mod: HP is shown in percentages
|teampreview
|
|start
|switch|p1a: Landorus-Therian|Landorus-Therian, M|382\/382
|switch|p2a: Azumarill|Azumarill, F|401\/401
|-ability|p1a: Landorus-Therian|Intimidate|[of] p2a: Azumarill
|-unboost|p2a: Azumarill|atk|1
|turn|1
|
|move|p2a: Azumarill|Aqua Jet|p1a: Landorus-Therian
|-supereffective|p1a: Landorus-Therian
|-damage|p1a: Landorus-Therian|248\/382
|move|p1a: Landorus-Therian|U-turn|p2a: Azumarill
|-resisted|p2a: Azumarill
|-damage|p2a: Azumarill|344\/401
|
|switch|p1a: Zapdos|Zapdos|383\/383
|-ability|p1a: Zapdos|Pressure
|
|turn|2
|
|switch|p2a: Excadrill|Excadrill, F|361\/361
|-ability|p2a: Excadrill|Mold Breaker
|move|p1a: Zapdos|Thunderbolt|p2a: Excadrill
|-immune|p2a: Excadrill|[msg]
|
|turn|3
|
|move|p2a: Excadrill|Rock Slide|p1a: Zapdos
|-supereffective|p1a: Zapdos
|-damage|p1a: Zapdos|215\/383
|cant|p1a: Zapdos|flinch
|
|-heal|p1a: Zapdos|238\/383|[from] item: Leftovers
|turn|4
|
|move|p2a: Excadrill|Rock Slide|p1a: Zapdos
|-supereffective|p1a: Zapdos
|-damage|p1a: Zapdos|74\/383
|move|p1a: Zapdos|Roost|p1a: Zapdos
|-heal|p1a: Zapdos|266\/383
|
|-heal|p1a: Zapdos|289\/383|[from] item: Leftovers
|turn|5
|
|switch|p2a: Thundurus|Thundurus, M|299\/299
|move|p1a: Zapdos|Roost|p1a: Zapdos
|-heal|p1a: Zapdos|383\/383
|
|turn|6
|
|move|p2a: Thundurus|Hidden Power|p1a: Zapdos
|-supereffective|p1a: Zapdos
|-damage|p1a: Zapdos|183\/383
|-damage|p2a: Thundurus|270\/299|[from] item: Life Orb
|move|p1a: Zapdos|Thunderbolt|p2a: Thundurus
|-damage|p2a: Thundurus|113\/299
|
|-heal|p1a: Zapdos|206\/383|[from] item: Leftovers
|turn|7
|
|switch|p1a: Heatran|Heatran, F|386\/386
|move|p2a: Thundurus|Hidden Power|p1a: Heatran
|-resisted|p1a: Heatran
|-damage|p1a: Heatran|370\/386
|-damage|p2a: Thundurus|84\/299|[from] item: Life Orb
|
|-heal|p1a: Heatran|386\/386|[from] item: Leftovers
|turn|8
|
|move|p2a: Thundurus|Superpower|p1a: Heatran
|-supereffective|p1a: Heatran
|-damage|p1a: Heatran|108\/386
|-unboost|p2a: Thundurus|atk|1
|-unboost|p2a: Thundurus|def|1
|-damage|p2a: Thundurus|55\/299|[from] item: Life Orb
|move|p1a: Heatran|Stealth Rock|p2a: Thundurus
|-sidestart|p2: Tradekaiser|move: Stealth Rock
|
|-heal|p1a: Heatran|132\/386|[from] item: Leftovers
|turn|9
|
|move|p1a: Heatran|Protect|p1a: Heatran
|-singleturn|p1a: Heatran|Protect
|move|p2a: Thundurus|Thunderbolt|p1a: Heatran
|-activate|p1a: Heatran|Protect
|
|-heal|p1a: Heatran|156\/386|[from] item: Leftovers
|turn|10
|
|move|p2a: Thundurus|Thunderbolt|p1a: Heatran
|-damage|p1a: Heatran|10\/386
|-damage|p2a: Thundurus|26\/299|[from] item: Life Orb
|move|p1a: Heatran|Flamethrower|p2a: Thundurus
|-damage|p2a: Thundurus|0 fnt
|faint|p2a: Thundurus
|
|-heal|p1a: Heatran|34\/386|[from] item: Leftovers
|
|switch|p2a: Gengar|Gengar, F|262\/262
|-damage|p2a: Gengar|230\/262|[from] Stealth Rock
|turn|11
|
|move|p2a: Gengar|Shadow Ball|p1a: Heatran
|-damage|p1a: Heatran|0 fnt
|faint|p1a: Heatran
|
|
|switch|p1a: Pinsir|Pinsir, M|272\/272
|-ability|p1a: Pinsir|Mold Breaker
|turn|12
|
|detailschange|p1a: Pinsir|Pinsir-Mega, M
|message|Pinsir has Mega Evolved into Mega Pinsir!
|move|p2a: Gengar|Sludge Wave|p1a: Pinsir
|-damage|p1a: Pinsir|82\/272
|move|p1a: Pinsir|Frustration|p2a: Gengar
|-damage|p2a: Gengar|0 fnt
|faint|p2a: Gengar
|
|
|switch|p2a: Excadrill|Excadrill, F|361\/361
|-damage|p2a: Excadrill|350\/361|[from] Stealth Rock
|-ability|p2a: Excadrill|Mold Breaker
|turn|13
|
|switch|p1a: Landorus-Therian|Landorus-Therian, M|248\/382
|-ability|p1a: Landorus-Therian|Intimidate|[of] p2a: Excadrill
|-unboost|p2a: Excadrill|atk|1
|move|p2a: Excadrill|Rock Slide|p1a: Landorus-Therian
|-damage|p1a: Landorus-Therian|168\/382
|
|-heal|p1a: Landorus-Therian|191\/382|[from] item: Leftovers
|turn|14
|
|switch|p2a: Dragonite|Dragonite, M|323\/323
|-damage|p2a: Dragonite|243\/323|[from] Stealth Rock
|move|p1a: Landorus-Therian|Knock Off|p2a: Dragonite
|-damage|p2a: Dragonite|95\/323
|-enditem|p2a: Dragonite|Choice Band|[from] move: Knock Off|[of] p1a: Landorus-Therian
|
|-heal|p1a: Landorus-Therian|214\/382|[from] item: Leftovers
|turn|15
|
|move|p2a: Dragonite|Outrage|p1a: Landorus-Therian
|-damage|p1a: Landorus-Therian|0 fnt
|faint|p1a: Landorus-Therian
|
|
|switch|p1a: Azumarill|Azumarill, F|404\/404
|turn|16
|
|move|p2a: Dragonite|Outrage|p1a: Azumarill
|-immune|p1a: Azumarill|[msg]
|move|p1a: Azumarill|Belly Drum|p1a: Azumarill
|-damage|p1a: Azumarill|202\/404
|-setboost|p1a: Azumarill|atk|6|[from] move: Belly Drum
|-enditem|p1a: Azumarill|Sitrus Berry|[eat]
|-heal|p1a: Azumarill|303\/404|[from] item: Sitrus Berry
|
|turn|17
|
|move|p2a: Dragonite|Extreme Speed|p1a: Azumarill
|-damage|p1a: Azumarill|175\/404
|move|p1a: Azumarill|Aqua Jet|p2a: Dragonite
|-resisted|p2a: Dragonite
|-damage|p2a: Dragonite|0 fnt
|faint|p2a: Dragonite
|
|
|switch|p2a: Azumarill|Azumarill, F|344\/401
|-damage|p2a: Azumarill|294\/401|[from] Stealth Rock
|turn|18
|
|move|p1a: Azumarill|Play Rough|p2a: Azumarill
|-damage|p2a: Azumarill|0 fnt
|faint|p2a: Azumarill
|
|
|switch|p2a: Excadrill|Excadrill, F|350\/361
|-damage|p2a: Excadrill|339\/361|[from] Stealth Rock
|-ability|p2a: Excadrill|Mold Breaker
|turn|19
|
|move|p1a: Azumarill|Aqua Jet|p2a: Excadrill
|-supereffective|p2a: Excadrill
|-damage|p2a: Excadrill|0 fnt
|faint|p2a: Excadrill
|
|
|switch|p2a: Breloom|Breloom, F|262\/262
|-damage|p2a: Breloom|246\/262|[from] Stealth Rock
|turn|20
|
|move|p1a: Azumarill|Aqua Jet|p2a: Breloom
|-resisted|p2a: Breloom
|-damage|p2a: Breloom|39\/262
|move|p2a: Breloom|Bullet Seed|p1a: Azumarill
|-supereffective|p1a: Azumarill
|-damage|p1a: Azumarill|11\/404
|-supereffective|p1a: Azumarill
|-damage|p1a: Azumarill|0 fnt
|-hitcount|p1a: Azumarill|2
|faint|p1a: Azumarill
|
|
|switch|p1a: Pinsir|Pinsir-Mega, M|82\/272
|turn|21
|
|move|p1a: Pinsir|Quick Attack|p2a: Breloom
|-supereffective|p2a: Breloom
|-damage|p2a: Breloom|0 fnt
|faint|p2a: Breloom
|
|win|Sonic-DJ
|raw|Ladder updating...
|raw|Sonic-DJ's rating: 1584 &rarr; <strong>1602<\/strong><br \/>(+18 for winning)
|raw|Tradekaiser's rating: 1557 &rarr; <strong>1539<\/strong><br \/>(-18 for losing)
|leave|Tradekaiser
|player|p2