|join|Heavy No0b
|join|tradekaiser
|player|p1|Heavy No0b|211
|player|p2|tradekaiser|102
|gametype|singles
|gen|6
|tier|OU
|rated
|clearpoke
|poke|p1|Ditto, shiny
|poke|p1|Blissey, F, shiny
|poke|p1|Mew, shiny
|poke|p1|Alomomola, M, shiny
|poke|p1|Venusaur, M, shiny
|poke|p1|Heatran, M, shiny
|poke|p2|Infernape, F
|poke|p2|Bisharp, F
|poke|p2|Gliscor, M
|poke|p2|Rotom-Wash
|poke|p2|Roserade, M
|poke|p2|Blastoise, M
|rule|Sleep Clause Mod: Limit one foe put to sleep
|rule|Species Clause: Limit one of each Pokemon
|rule|OHKO Clause: OHKO moves are banned
|rule|Moody Clause: Moody is banned
|rule|Evasion Moves Clause: Evasion moves are banned
|rule|Endless Battle Clause: Forcing endless battles is banned.
|rule|HP Percentage Mod: HP is reported as percentages
|teampreview
|
|start
|switch|p1a: Fairytail Pink|Mew, shiny|404\/404
|switch|p2a: Infernape|Infernape, F|293\/293
|turn|1
|
|move|p2a: Infernape|Fake Out|p1a: Fairytail Pink
|-damage|p1a: Fairytail Pink|373\/404
|cant|p1a: Fairytail Pink|flinch
|
|-heal|p1a: Fairytail Pink|398\/404|[from] item: Leftovers
|turn|2
|
|switch|p2a: Rotom-Wash|Rotom-Wash|304\/304
|move|p1a: Fairytail Pink|Stealth Rock|p2a: Rotom-Wash
|-sidestart|p2: tradekaiser|move: Stealth Rock
|
|-heal|p1a: Fairytail Pink|404\/404|[from] item: Leftovers
|turn|3
|
|move|p1a: Fairytail Pink|Will-O-Wisp|p2a: Rotom-Wash
|-status|p2a: Rotom-Wash|brn
|move|p2a: Rotom-Wash|Hydro Pump|p1a: Fairytail Pink
|-damage|p1a: Fairytail Pink|257\/404
|
|-heal|p1a: Fairytail Pink|282\/404|[from] item: Leftovers
|-damage|p2a: Rotom-Wash|266\/304 brn|[from] brn
|turn|4
|
|switch|p1a: Sexiest Nurse|Blissey, F, shiny|714\/714
|move|p2a: Rotom-Wash|Will-O-Wisp|p1a: Sexiest Nurse|[miss]
|-miss|p2a: Rotom-Wash|p1a: Sexiest Nurse
|
|-damage|p2a: Rotom-Wash|228\/304 brn|[from] brn
|turn|5
|
|move|p2a: Rotom-Wash|Volt Switch|p1a: Sexiest Nurse
|-damage|p1a: Sexiest Nurse|642\/714
|
|switch|p2a: Bisharp|Bisharp, F|272\/272
|-damage|p2a: Bisharp|255\/272|[from] Stealth Rock
|move|p1a: Sexiest Nurse|Thunder Wave|p2a: Bisharp
|-status|p2a: Bisharp|par
|-enditem|p2a: Bisharp|Lum Berry|[eat]
|-curestatus|p2a: Bisharp|par
|
|-heal|p1a: Sexiest Nurse|686\/714|[from] item: Leftovers
|turn|6
|
|switch|p1a: Fiery Bonesteel|Heatran, M, shiny|386\/386
|move|p2a: Bisharp|Knock Off|p1a: Fiery Bonesteel
|-damage|p1a: Fiery Bonesteel|248\/386
|-enditem|p1a: Fiery Bonesteel|Leftovers|[from] move: Knock Off|[of] p2a: Bisharp
|
|turn|7
|
|switch|p2a: Blastoise|Blastoise, M|362\/362
|-damage|p2a: Blastoise|317\/362|[from] Stealth Rock
|switch|p1a: Mega-Rafflesio|Venusaur, M, shiny|364\/364
|
|turn|8
|
|-formechange|p1a: Mega-Rafflesio|Venusaur-Mega
|message|Venusaur has Mega Evolved into Mega Venusaur!
|-formechange|p2a: Blastoise|Blastoise-Mega
|message|Blastoise has Mega Evolved into Mega Blastoise!
|move|p1a: Mega-Rafflesio|Giga Drain|p2a: Blastoise
|-supereffective|p2a: Blastoise
|-damage|p2a: Blastoise|135\/362
|move|p2a: Blastoise|Rapid Spin|p1a: Mega-Rafflesio
|-damage|p1a: Mega-Rafflesio|352\/364
|-sideend|p2: tradekaiser|Stealth Rock|[from] move: Rapid Spin|[of] p2a: Blastoise
|
|turn|9
|
|switch|p2a: Roserade|Roserade, M|262\/262
|move|p1a: Mega-Rafflesio|Leech Seed|p2a: Roserade
|-immune|p2a: Roserade|[msg]
|
|turn|10
|
|switch|p1a: Fairytail Pink|Mew, shiny|282\/404
|move|p2a: Roserade|Spikes|p1a: Fairytail Pink
|-sidestart|p1: Heavy No0b|Spikes
|
|-heal|p1a: Fairytail Pink|307\/404|[from] item: Leftovers
|turn|11
|
|switch|p2a: Gliscor|Gliscor, M|352\/352
|move|p1a: Fairytail Pink|Defog|p2a: Gliscor
|-unboost|p2a: Gliscor|evasion|1
|-sideend|p1: Heavy No0b|Spikes|[from] move: Defog|[of] p1a: Fairytail Pink
|
|-heal|p1a: Fairytail Pink|332\/404|[from] item: Leftovers
|-status|p2a: Gliscor|tox|[from] item: Toxic Orb
|turn|12
|
|move|p1a: Fairytail Pink|Stealth Rock|p2a: Gliscor
|-sidestart|p2: tradekaiser|move: Stealth Rock
|move|p2a: Gliscor|Knock Off|p1a: Fairytail Pink
|-supereffective|p1a: Fairytail Pink
|-damage|p1a: Fairytail Pink|228\/404
|-enditem|p1a: Fairytail Pink|Leftovers|[from] move: Knock Off|[of] p2a: Gliscor
|
|turn|13
|
|move|p1a: Fairytail Pink|Soft-Boiled|p1a: Fairytail Pink
|-heal|p1a: Fairytail Pink|404\/404
|move|p2a: Gliscor|Earthquake|p1a: Fairytail Pink
|-damage|p1a: Fairytail Pink|328\/404
|
|turn|14
|
|switch|p1a: Mega-Rafflesio|Venusaur, M, shiny|352\/364
|-formechange|p1a: Mega-Rafflesio|Venusaur-Mega
|move|p2a: Gliscor|Toxic|p1a: Mega-Rafflesio
|-fail|p1a: Mega-Rafflesio
|
|turn|15
|
|move|p2a: Gliscor|Earthquake|p1a: Mega-Rafflesio
|-damage|p1a: Mega-Rafflesio|265\/364
|move|p1a: Mega-Rafflesio|Sludge Bomb|p2a: Gliscor
|-resisted|p2a: Gliscor
|-damage|p2a: Gliscor|271\/352 tox
|
|-heal|p2a: Gliscor|315\/352 tox|[from] ability: Poison Heal
|turn|16
|
|move|p2a: Gliscor|Earthquake|p1a: Mega-Rafflesio
|-damage|p1a: Mega-Rafflesio|180\/364
|move|p1a: Mega-Rafflesio|Giga Drain|p2a: Gliscor
|-crit|p2a: Gliscor
|-damage|p2a: Gliscor|107\/352 tox
|-heal|p1a: Mega-Rafflesio|284\/364|[from] drain|[of] p2a: Gliscor
|
|-heal|p2a: Gliscor|151\/352 tox|[from] ability: Poison Heal
|turn|17
|
|move|p2a: Gliscor|Earthquake|p1a: Mega-Rafflesio
|-damage|p1a: Mega-Rafflesio|197\/364
|move|p1a: Mega-Rafflesio|Giga Drain|p2a: Gliscor
|-damage|p2a: Gliscor|27\/352 tox
|-heal|p1a: Mega-Rafflesio|259\/364|[from] drain|[of] p2a: Gliscor
|
|-heal|p2a: Gliscor|71\/352 tox|[from] ability: Poison Heal
|turn|18
|
|move|p2a: Gliscor|Protect|p2a: Gliscor
|-singleturn|p2a: Gliscor|Protect
|move|p1a: Mega-Rafflesio|Giga Drain|p2a: Gliscor
|-activate|p2a: Gliscor|Protect
|
|-heal|p2a: Gliscor|115\/352 tox|[from] ability: Poison Heal
|turn|19
|
|switch|p2a: Roserade|Roserade, M|262\/262
|-damage|p2a: Roserade|230\/262|[from] Stealth Rock
|move|p1a: Mega-Rafflesio|Sludge Bomb|p2a: Roserade
|-damage|p2a: Roserade|119\/262
|
|turn|20
|
|move|p2a: Roserade|Hidden Power|p1a: Mega-Rafflesio
|-supereffective|p1a: Mega-Rafflesio
|-damage|p1a: Mega-Rafflesio|197\/364
|-damage|p2a: Roserade|93\/262|[from] item: Life Orb
|move|p1a: Mega-Rafflesio|Sludge Bomb|p2a: Roserade
|-damage|p2a: Roserade|0 fnt
|faint|p2a: Roserade
|
|
|switch|p2a: Bisharp|Bisharp, F|255\/272
|-damage|p2a: Bisharp|238\/272|[from] Stealth Rock
|turn|21
|chat|Heavy No0b|hurtc:
|
|switch|p1a: Fiery Bonesteel|Heatran, M, shiny|248\/386
|move|p2a: Bisharp|Swords Dance|p2a: Bisharp
|-boost|p2a: Bisharp|atk|2
|
|turn|22
|
|move|p2a: Bisharp|Sucker Punch|p1a: Fiery Bonesteel
|-fail|p1a: Fiery Bonesteel
|move|p1a: Fiery Bonesteel|Roar|p2a: Bisharp
|drag|p2a: Infernape|Infernape, F|293\/293
|-damage|p2a: Infernape|257\/293|[from] Stealth Rock
|
|turn|23
|
|switch|p1a: Koi's Mom|Alomomola, M, shiny|534\/534
|move|p2a: Infernape|Fake Out|p1a: Koi's Mom
|-damage|p1a: Koi's Mom|498\/534
|-damage|p2a: Infernape|209\/293|[from] item: Rocky Helmet|[of] p1a: Koi's Mom
|
|turn|24
|
|move|p2a: Infernape|Stealth Rock|p1a: Koi's Mom
|-sidestart|p1: Heavy No0b|move: Stealth Rock
|move|p1a: Koi's Mom|Wish|p1a: Koi's Mom
|
|turn|25
|
|move|p2a: Infernape|Close Combat|p1a: Koi's Mom
|-damage|p1a: Koi's Mom|359\/534
|-damage|p2a: Infernape|161\/293|[from] item: Rocky Helmet|[of] p1a: Koi's Mom
|-unboost|p2a: Infernape|def|1
|-unboost|p2a: Infernape|spd|1
|move|p1a: Koi's Mom|Scald|p2a: Infernape
|-supereffective|p2a: Infernape
|-damage|p2a: Infernape|0 fnt
|faint|p2a: Infernape
|
|-heal|p1a: Koi's Mom|534\/534|[from] move: Wish|[wisher] Koi's Mom
|
|switch|p2a: Rotom-Wash|Rotom-Wash|228\/304 brn
|-damage|p2a: Rotom-Wash|190\/304 brn|[from] Stealth Rock
|turn|26
|
|switch|p1a: Mega-Rafflesio|Venusaur, M, shiny|197\/364
|-formechange|p1a: Mega-Rafflesio|Venusaur-Mega
|-damage|p1a: Mega-Rafflesio|152\/364|[from] Stealth Rock
|move|p2a: Rotom-Wash|Will-O-Wisp|p1a: Mega-Rafflesio
|-status|p1a: Mega-Rafflesio|brn
|
|-damage|p2a: Rotom-Wash|152\/304 brn|[from] brn
|-damage|p1a: Mega-Rafflesio|107\/364 brn|[from] brn
|turn|27
|
|switch|p2a: Bisharp|Bisharp, F|238\/272
|-damage|p2a: Bisharp|221\/272|[from] Stealth Rock
|move|p1a: Mega-Rafflesio|Synthesis|p1a: Mega-Rafflesio
|-heal|p1a: Mega-Rafflesio|289\/364 brn
|
|-damage|p1a: Mega-Rafflesio|244\/364 brn|[from] brn
|turn|28
|
|switch|p1a: Fiery Bonesteel|Heatran, M, shiny|248\/386
|-damage|p1a: Fiery Bonesteel|200\/386|[from] Stealth Rock
|move|p2a: Bisharp|Swords Dance|p2a: Bisharp
|-boost|p2a: Bisharp|atk|2
|
|turn|29
|
|move|p2a: Bisharp|Iron Head|p1a: Fiery Bonesteel
|-resisted|p1a: Fiery Bonesteel
|-damage|p1a: Fiery Bonesteel|146\/386
|move|p1a: Fiery Bonesteel|Lava Plume|p2a: Bisharp
|-supereffective|p2a: Bisharp
|-damage|p2a: Bisharp|0 fnt
|faint|p2a: Bisharp
|
|-message|tradekaiser forfeited.
|
|win|Heavy No0b
|raw|Ladder updating...
|leave|tradekaiser
|player|p2
|raw|Heavy No0b's rating: 1464 &rarr; <strong>1483<\/strong><br \/>(+19 for winning)
|raw|tradekaiser's rating: 1440 &rarr; <strong>1421<\/strong><br \/>(-19 for losing)