|join|Dokney Knog
|join|Tradekaiser
|player|p1|Dokney Knog|247
|player|p2|Tradekaiser|170
|gametype|singles
|gen|6
|tier|OU
|rated
|clearpoke
|poke|p1|Landorus-Therian, M
|poke|p1|Latias, F
|poke|p1|Kyurem-Black
|poke|p1|Terrakion
|poke|p1|Thundurus, M
|poke|p1|Gorebyss, F
|poke|p2|Gyarados, F
|poke|p2|Heatran, F
|poke|p2|Landorus-Therian, M
|poke|p2|Alakazam, M
|poke|p2|Mew
|poke|p2|Conkeldurr, M
|rule|Swagger Clause: Swagger is banned
|rule|Baton Pass Clause: Limit one PokÃ©mon knowing Baton Pass
|rule|Sleep Clause Mod: Limit one foe put to sleep
|rule|Species Clause: Limit one of each PokÃ©mon
|rule|OHKO Clause: OHKO moves are banned
|rule|Moody Clause: Moody is banned
|rule|Evasion Moves Clause: Evasion moves are banned
|rule|Endless Battle Clause: Forcing endless battles is banned
|rule|HP Percentage Mod: HP is shown in percentages
|teampreview
|
|start
|switch|p1a: Landorus-T|Landorus-Therian, M|319\/319
|switch|p2a: Conkeldurr|Conkeldurr, M|351\/351
|-ability|p1a: Landorus-T|Intimidate|[of] p2a: Conkeldurr
|-unboost|p2a: Conkeldurr|atk|1
|turn|1
|
|move|p1a: Landorus-T|Earthquake|p2a: Conkeldurr
|-damage|p2a: Conkeldurr|11\/351
|move|p2a: Conkeldurr|Ice Punch|p1a: Landorus-T
|-supereffective|p1a: Landorus-T
|-damage|p1a: Landorus-T|0 fnt
|faint|p1a: Landorus-T
|
|
|switch|p1a: Latias|Latias, F|301\/301
|turn|2
|
|move|p2a: Conkeldurr|Mach Punch|p1a: Latias
|-resisted|p1a: Latias
|-damage|p1a: Latias|273\/301
|move|p1a: Latias|Psyshock|p2a: Conkeldurr
|-supereffective|p2a: Conkeldurr
|-damage|p2a: Conkeldurr|0 fnt
|-damage|p1a: Latias|243\/301|[from] item: Life Orb
|faint|p2a: Conkeldurr
|
|
|switch|p2a: Landorus-Therian|Landorus-Therian, M|319\/319
|-ability|p2a: Landorus-Therian|Intimidate|[of] p1a: Latias
|-unboost|p1a: Latias|atk|1
|turn|3
|
|switch|p1a: Kyurem-B|Kyurem-Black|391\/391
|-ability|p1a: Kyurem-B|Teravolt
|move|p2a: Landorus-Therian|Knock Off|p1a: Kyurem-B
|-damage|p1a: Kyurem-B|244\/391
|-enditem|p1a: Kyurem-B|Babiri Berry|[from] move: Knock Off|[of] p2a: Landorus-Therian
|
|turn|4
|
|switch|p2a: Heatran|Heatran, F|385\/385
|move|p1a: Kyurem-B|Ice Beam|p2a: Heatran
|-resisted|p2a: Heatran
|-damage|p2a: Heatran|357\/385
|
|-heal|p2a: Heatran|381\/385|[from] item: Leftovers
|turn|5
|
|move|p1a: Kyurem-B|Earth Power|p2a: Heatran
|-supereffective|p2a: Heatran
|-damage|p2a: Heatran|57\/385
|move|p2a: Heatran|Stealth Rock|p1a: Kyurem-B
|-sidestart|p1: Dokney Knog|move: Stealth Rock
|
|-heal|p2a: Heatran|81\/385|[from] item: Leftovers
|turn|6
|
|move|p2a: Heatran|Protect|p2a: Heatran
|-singleturn|p2a: Heatran|Protect
|move|p1a: Kyurem-B|Fusion Bolt|p2a: Heatran
|-activate|p2a: Heatran|Protect
|
|-heal|p2a: Heatran|105\/385|[from] item: Leftovers
|turn|7
|
|move|p1a: Kyurem-B|Earth Power|p2a: Heatran
|-supereffective|p2a: Heatran
|-damage|p2a: Heatran|0 fnt
|faint|p2a: Heatran
|
|
|switch|p2a: Alakazam|Alakazam, M|252\/252
|turn|8
|
|move|p2a: Alakazam|Focus Blast|p1a: Kyurem-B
|-supereffective|p1a: Kyurem-B
|-damage|p1a: Kyurem-B|0 fnt
|faint|p1a: Kyurem-B
|
|
|switch|p1a: Latias|Latias, F|243\/301
|-damage|p1a: Latias|206\/301|[from] Stealth Rock
|turn|9
|
|move|p2a: Alakazam|Shadow Ball|p1a: Latias
|-supereffective|p1a: Latias
|-damage|p1a: Latias|38\/301
|move|p1a: Latias|Defog|p2a: Alakazam
|-unboost|p2a: Alakazam|evasion|1
|-sideend|p1: Dokney Knog|Stealth Rock|[from] move: Defog|[of] p1a: Latias
|
|turn|10
|
|move|p2a: Alakazam|Hidden Power|p1a: Latias
|-supereffective|p1a: Latias
|-damage|p1a: Latias|0 fnt
|faint|p1a: Latias
|
|
|switch|p1a: Thundurus-I|Thundurus, M|299\/299
|turn|11
|
|move|p2a: Alakazam|Hidden Power|p1a: Thundurus-I
|-supereffective|p1a: Thundurus-I
|-damage|p1a: Thundurus-I|129\/299
|move|p1a: Thundurus-I|Thunderbolt|p2a: Alakazam
|-damage|p2a: Alakazam|41\/252
|-damage|p1a: Thundurus-I|100\/299|[from] item: Life Orb
|
|turn|12
|
|move|p1a: Thundurus-I|Thunder Wave|p2a: Alakazam
|-status|p2a: Alakazam|par
|move|p2a: Alakazam|Hidden Power|p1a: Thundurus-I
|-supereffective|p1a: Thundurus-I
|-damage|p1a: Thundurus-I|0 fnt
|faint|p1a: Thundurus-I
|
|
|switch|p1a: Gorebyss|Gorebyss, F|314\/314
|turn|13
|
|move|p1a: Gorebyss|Substitute|p1a: Gorebyss
|-start|p1a: Gorebyss|Substitute
|-damage|p1a: Gorebyss|236\/314
|move|p2a: Alakazam|Psyshock|p1a: Gorebyss
|-end|p1a: Gorebyss|Substitute
|
|turn|14
|
|move|p1a: Gorebyss|Shell Smash|p1a: Gorebyss
|-boost|p1a: Gorebyss|atk|2
|-boost|p1a: Gorebyss|spa|2
|-boost|p1a: Gorebyss|spe|2
|-unboost|p1a: Gorebyss|def|1
|-unboost|p1a: Gorebyss|spd|1
|-enditem|p1a: Gorebyss|White Herb
|-restoreboost|p1a: Gorebyss|[silent]
|move|p2a: Alakazam|Psyshock|p1a: Gorebyss
|-damage|p1a: Gorebyss|107\/314
|
|turn|15
|
|move|p1a: Gorebyss|Substitute|p1a: Gorebyss
|-start|p1a: Gorebyss|Substitute
|-damage|p1a: Gorebyss|29\/314
|move|p2a: Alakazam|Psyshock|p1a: Gorebyss
|-end|p1a: Gorebyss|Substitute
|
|turn|16
|
|move|p1a: Gorebyss|Baton Pass|p1a: Gorebyss
|
|switch|p1a: Terrakion|Terrakion|323\/323
|cant|p2a: Alakazam|par
|
|turn|17
|
|move|p1a: Terrakion|Stealth Rock|p2a: Alakazam
|-sidestart|p2: Tradekaiser|move: Stealth Rock
|cant|p2a: Alakazam|par
|
|turn|18
|
|move|p1a: Terrakion|Rock Slide|p2a: Alakazam
|-damage|p2a: Alakazam|0 fnt
|faint|p2a: Alakazam
|
|
|switch|p2a: Landorus-Therian|Landorus-Therian, M|319\/319
|-damage|p2a: Landorus-Therian|280\/319|[from] Stealth Rock
|-ability|p2a: Landorus-Therian|Intimidate|[of] p1a: Terrakion
|-unboost|p1a: Terrakion|atk|1
|turn|19
|
|switch|p2a: Mew|Mew|404\/404
|-damage|p2a: Mew|354\/404|[from] Stealth Rock
|move|p1a: Terrakion|Rock Slide|p2a: Mew
|-damage|p2a: Mew|179\/404
|
|-heal|p2a: Mew|204\/404|[from] item: Leftovers
|turn|20
|
|move|p1a: Terrakion|Rock Slide|p2a: Mew
|-damage|p2a: Mew|51\/404
|cant|p2a: Mew|flinch
|
|-heal|p2a: Mew|76\/404|[from] item: Leftovers
|turn|21
|
|move|p1a: Terrakion|Rock Slide|p2a: Mew
|-damage|p2a: Mew|0 fnt
|faint|p2a: Mew
|
|
|switch|p2a: Landorus-Therian|Landorus-Therian, M|280\/319
|-damage|p2a: Landorus-Therian|241\/319|[from] Stealth Rock
|-ability|p2a: Landorus-Therian|Intimidate|[of] p1a: Terrakion
|-unboost|p1a: Terrakion|atk|1
|turn|22
|
|move|p1a: Terrakion|Rock Slide|p2a: Landorus-Therian
|-crit|p2a: Landorus-Therian
|-damage|p2a: Landorus-Therian|43\/319
|move|p2a: Landorus-Therian|Earthquake|p1a: Terrakion
|-supereffective|p1a: Terrakion
|-enditem|p1a: Terrakion|Focus Sash
|-damage|p1a: Terrakion|1\/323
|
|turn|23
|
|move|p1a: Terrakion|Rock Slide|p2a: Landorus-Therian
|-damage|p2a: Landorus-Therian|0 fnt
|faint|p2a: Landorus-Therian
|
|
|switch|p2a: Gyarados|Gyarados, F|331\/331
|-damage|p2a: Gyarados|249\/331|[from] Stealth Rock
|-ability|p2a: Gyarados|Intimidate|[of] p1a: Terrakion
|-unboost|p1a: Terrakion|atk|1
|turn|24
|
|detailschange|p2a: Gyarados|Gyarados-Mega, F
|message|Gyarados has Mega Evolved into Mega Gyarados!
|-ability|p2a: Gyarados|Mold Breaker
|move|p1a: Terrakion|Rock Slide|p2a: Gyarados
|-damage|p2a: Gyarados|168\/331
|cant|p2a: Gyarados|flinch
|
|turn|25
|c|âDokney Knog|wow
|c|âDokney Knog|that game is stupid
|c|âDokney Knog|*this
|
|move|p1a: Terrakion|Close Combat|p2a: Gyarados
|-supereffective|p2a: Gyarados
|-damage|p2a: Gyarados|0 fnt
|-unboost|p1a: Terrakion|def|1
|-unboost|p1a: Terrakion|spd|1
|faint|p2a: Gyarados
|
|win|Dokney Knog
|raw|Ladder updating...
|raw|Dokney Knog's rating: 1429 &rarr; <strong>1450<\/strong><br \/>(+21 for winning)
|raw|Tradekaiser's rating: 1431 &rarr; <strong>1411<\/strong><br \/>(-20 for losing)
|c|âDokney Knog|wtf
|c|âTradekaiser|fuck this
|c|âTradekaiser|we all know this is rigged
|c|âTradekaiser|anyways gg
|leave|Tradekaiser
|player|p2