|join|Tradekaiser
|join|Pumkin
|player|p1|Tradekaiser|169
|player|p2|Pumkin|72
|gametype|singles
|gen|6
|tier|OU
|rated
|clearpoke
|poke|p1|Breloom, F
|poke|p1|Charizard, M
|poke|p1|Landorus-Therian, M
|poke|p1|Latios, M
|poke|p1|Tentacruel, M
|poke|p1|Bisharp, M
|poke|p2|Clefable, M
|poke|p2|Breloom, F, shiny
|poke|p2|Manectric, M
|poke|p2|Gliscor, F
|poke|p2|Azumarill, F
|poke|p2|Excadrill, F
|rule|Sleep Clause Mod: Limit one foe put to sleep
|rule|Species Clause: Limit one of each Pokemon
|rule|OHKO Clause: OHKO moves are banned
|rule|Moody Clause: Moody is banned
|rule|Evasion Moves Clause: Evasion moves are banned
|rule|Endless Battle Clause: Forcing endless battles is banned.
|rule|HP Percentage Mod: HP is reported as percentages
|teampreview
|
|start
|switch|p1a: Breloom|Breloom, F|262\/262
|switch|p2a: Kanye West|Manectric, M|281\/281
|turn|1
|
|-formechange|p2a: Kanye West|Manectric-Mega
|message|Manectric has Mega Evolved into Mega Manectric!
|-ability|p2a: Kanye West|Intimidate|[of] p1a: Breloom
|-unboost|p1a: Breloom|atk|1
|move|p2a: Kanye West|Flamethrower|p1a: Breloom
|-supereffective|p1a: Breloom
|-enditem|p1a: Breloom|Focus Sash
|-damage|p1a: Breloom|1\/262
|-status|p1a: Breloom|brn
|move|p1a: Breloom|Bullet Seed|p2a: Kanye West
|-damage|p2a: Kanye West|251\/281
|-damage|p2a: Kanye West|223\/281
|-damage|p2a: Kanye West|196\/281
|-hitcount|p2a: Kanye West|3
|
|-damage|p1a: Breloom|0 fnt|[from] brn
|faint|p1a: Breloom
|
|switch|p1a: Landorus-Therian|Landorus-Therian, M|381\/381
|-ability|p1a: Landorus-Therian|Intimidate|[of] p2a: Kanye West
|-unboost|p2a: Kanye West|atk|1
|turn|2
|
|move|p2a: Kanye West|Hidden Power|p1a: Landorus-Therian
|-supereffective|p1a: Landorus-Therian
|-damage|p1a: Landorus-Therian|129\/381
|move|p1a: Landorus-Therian|Knock Off|p2a: Kanye West
|-damage|p2a: Kanye West|87\/281
|
|turn|3
|
|switch|p1a: Bisharp|Bisharp, M|272\/272
|move|p2a: Kanye West|Hidden Power|p1a: Bisharp
|-resisted|p1a: Bisharp
|-damage|p1a: Bisharp|222\/272
|
|turn|4
|
|switch|p2a: Gruggery|Breloom, F, shiny|262\/262
|move|p1a: Bisharp|Sucker Punch|p2a: Gruggery
|-fail|p2a: Gruggery
|
|turn|5
|
|switch|p1a: Charizard|Charizard, M|359\/359
|move|p2a: Gruggery|Spore|p1a: Charizard
|-status|p1a: Charizard|slp
|
|turn|6
|
|switch|p2a: RapEastrSantaBunny|Azumarill, F|404\/404
|-formechange|p1a: Charizard|Charizard-Mega-X
|message|Charizard has Mega Evolved into Mega Charizard!
|cant|p1a: Charizard|slp
|
|turn|7
|
|switch|p1a: Tentacruel|Tentacruel, M|301\/301
|move|p2a: RapEastrSantaBunny|Belly Drum|p2a: RapEastrSantaBunny
|-damage|p2a: RapEastrSantaBunny|202\/404
|-setboost|p2a: RapEastrSantaBunny|atk|6|[from] move: Belly Drum
|-enditem|p2a: RapEastrSantaBunny|Sitrus Berry|[eat]
|-heal|p2a: RapEastrSantaBunny|303\/404|[from] item: Sitrus Berry
|
|turn|8
|
|move|p1a: Tentacruel|Giga Drain|p2a: RapEastrSantaBunny
|-supereffective|p2a: RapEastrSantaBunny
|-damage|p2a: RapEastrSantaBunny|141\/404
|move|p2a: RapEastrSantaBunny|Play Rough|p1a: Tentacruel
|-resisted|p1a: Tentacruel
|-damage|p1a: Tentacruel|0 fnt
|faint|p1a: Tentacruel
|
|
|switch|p1a: Bisharp|Bisharp, M|222\/272
|turn|9
|
|move|p1a: Bisharp|Sucker Punch|p2a: RapEastrSantaBunny
|-resisted|p2a: RapEastrSantaBunny
|-damage|p2a: RapEastrSantaBunny|42\/404
|move|p2a: RapEastrSantaBunny|Aqua Jet|p1a: Bisharp
|-damage|p1a: Bisharp|0 fnt
|faint|p1a: Bisharp
|
|
|switch|p1a: Latios|Latios, M|302\/302
|turn|10
|
|move|p2a: RapEastrSantaBunny|Aqua Jet|p1a: Latios
|-resisted|p1a: Latios
|-damage|p1a: Latios|104\/302
|move|p1a: Latios|Surf|p2a: RapEastrSantaBunny
|-resisted|p2a: RapEastrSantaBunny
|-damage|p2a: RapEastrSantaBunny|0 fnt
|-damage|p1a: Latios|74\/302|[from] item: Life Orb
|faint|p2a: RapEastrSantaBunny
|
|
|switch|p2a: Pinky|Clefable, M|394\/394
|turn|11
|
|switch|p1a: Charizard|Charizard, M|359\/359 slp
|-formechange|p1a: Charizard|Charizard-Mega-X
|move|p2a: Pinky|Cosmic Power|p2a: Pinky
|-boost|p2a: Pinky|def|1
|-boost|p2a: Pinky|spd|1
|
|turn|12
|
|-curestatus|p1a: Charizard|slp
|move|p1a: Charizard|Dragon Dance|p1a: Charizard
|-boost|p1a: Charizard|atk|1
|-boost|p1a: Charizard|spe|1
|move|p2a: Pinky|Cosmic Power|p2a: Pinky
|-boost|p2a: Pinky|def|1
|-boost|p2a: Pinky|spd|1
|
|turn|13
|
|move|p1a: Charizard|Dragon Dance|p1a: Charizard
|-boost|p1a: Charizard|atk|1
|-boost|p1a: Charizard|spe|1
|move|p2a: Pinky|Cosmic Power|p2a: Pinky
|-boost|p2a: Pinky|def|1
|-boost|p2a: Pinky|spd|1
|
|turn|14
|
|move|p1a: Charizard|Flare Blitz|p2a: Pinky
|-crit|p2a: Pinky
|-damage|p2a: Pinky|0 fnt
|-damage|p1a: Charizard|229\/359|[from] recoil|[of] p2a: Pinky
|faint|p2a: Pinky
|
|chat|Pumkin|.
|
|switch|p2a: Chest Pain|Gliscor, F|354\/354
|turn|15
|
|move|p1a: Charizard|Dragon Claw|p2a: Chest Pain
|-damage|p2a: Chest Pain|162\/354
|move|p2a: Chest Pain|Earthquake|p1a: Charizard
|-supereffective|p1a: Charizard
|-damage|p1a: Charizard|37\/359
|
|-status|p2a: Chest Pain|tox|[from] item: Toxic Orb
|turn|16
|
|move|p1a: Charizard|Roost|p1a: Charizard
|-heal|p1a: Charizard|217\/359
|move|p2a: Chest Pain|Earthquake|p1a: Charizard
|-supereffective|p1a: Charizard
|-damage|p1a: Charizard|7\/359
|
|-heal|p2a: Chest Pain|206\/354 tox|[from] ability: Poison Heal
|turn|17
|
|move|p1a: Charizard|Dragon Claw|p2a: Chest Pain
|-damage|p2a: Chest Pain|13\/354 tox
|move|p2a: Chest Pain|Earthquake|p1a: Charizard
|-supereffective|p1a: Charizard
|-damage|p1a: Charizard|0 fnt
|faint|p1a: Charizard
|
|-heal|p2a: Chest Pain|57\/354 tox|[from] ability: Poison Heal
|
|switch|p1a: Latios|Latios, M|74\/302
|turn|18
|
|move|p1a: Latios|Surf|p2a: Chest Pain
|-supereffective|p2a: Chest Pain
|-damage|p2a: Chest Pain|0 fnt
|-damage|p1a: Latios|44\/302|[from] item: Life Orb
|faint|p2a: Chest Pain
|
|
|switch|p2a: Kanye West|Manectric, M|87\/281
|-formechange|p2a: Kanye West|Manectric-Mega
|-ability|p2a: Kanye West|Intimidate|[of] p1a: Latios
|-unboost|p1a: Latios|atk|1
|turn|19
|
|move|p2a: Kanye West|Hidden Power|p1a: Latios
|-supereffective|p1a: Latios
|-damage|p1a: Latios|0 fnt
|faint|p1a: Latios
|
|
|switch|p1a: Landorus-Therian|Landorus-Therian, M|129\/381
|-ability|p1a: Landorus-Therian|Intimidate|[of] p2a: Kanye West
|-unboost|p2a: Kanye West|atk|1
|turn|20
|
|move|p2a: Kanye West|Hidden Power|p1a: Landorus-Therian
|-supereffective|p1a: Landorus-Therian
|-damage|p1a: Landorus-Therian|0 fnt
|faint|p1a: Landorus-Therian
|
|win|Pumkin
|raw|Ladder updating...
|raw|Tradekaiser's rating: 1425 &rarr; <strong>1409<\/strong><br \/>(-16 for losing)
|raw|Pumkin's rating: 1494 &rarr; <strong>1510<\/strong><br \/>(+16 for winning)