|join|Tradekaiser
|join|Fastlanes
|player|p1|Tradekaiser|102
|player|p2|Fastlanes|162
|gametype|singles
|gen|6
|tier|OU
|rated
|clearpoke
|poke|p1|Mamoswine, F
|poke|p1|Charizard, M
|poke|p1|Ferrothorn, F
|poke|p1|Latias, F
|poke|p1|Rotom-Wash
|poke|p1|Dragonite, M
|poke|p2|Chesnaught, M
|poke|p2|Haxorus, M
|poke|p2|Tentacruel, M
|poke|p2|Heatran, F
|poke|p2|Venusaur, F
|poke|p2|Greninja, M
|rule|Swagger Clause: Swagger is banned
|rule|Baton Pass Clause: Limit one PokÃ©mon knowing Baton Pass
|rule|Sleep Clause Mod: Limit one foe put to sleep
|rule|Species Clause: Limit one of each PokÃ©mon
|rule|OHKO Clause: OHKO moves are banned
|rule|Moody Clause: Moody is banned
|rule|Evasion Moves Clause: Evasion moves are banned
|rule|Endless Battle Clause: Forcing endless battles is banned
|rule|HP Percentage Mod: HP is shown in percentages
|teampreview
|
|start
|switch|p1a: Charizard|Charizard, M|297\/297
|switch|p2a: Heatran|Heatran, F|386\/386
|-item|p2a: Heatran|Air Balloon
|turn|1
|
|detailschange|p1a: Charizard|Charizard-Mega-Y, M
|message|Charizard has Mega Evolved into Mega Charizard!
|-weather|SunnyDay
|move|p1a: Charizard|Focus Blast|p2a: Heatran
|-supereffective|p2a: Heatran
|-damage|p2a: Heatran|144\/386
|-enditem|p2a: Heatran|Air Balloon
|-unboost|p2a: Heatran|spd|1
|move|p2a: Heatran|Stealth Rock|p1a: Charizard
|-sidestart|p1: Tradekaiser|move: Stealth Rock
|
|-weather|SunnyDay|[upkeep]
|turn|2
|
|switch|p2a: Tentacruel|Tentacruel, M|364\/364
|move|p1a: Charizard|Focus Blast|p2a: Tentacruel
|-resisted|p2a: Tentacruel
|-damage|p2a: Tentacruel|312\/364
|
|-weather|SunnyDay|[upkeep]
|-heal|p2a: Tentacruel|334\/364|[from] item: Black Sludge
|turn|3
|
|switch|p1a: Ferrothorn|Ferrothorn, F|352\/352
|-damage|p1a: Ferrothorn|330\/352|[from] Stealth Rock
|move|p2a: Tentacruel|Toxic Spikes|p1a: Ferrothorn
|-sidestart|p1: Tradekaiser|move: Toxic Spikes
|
|-weather|SunnyDay|[upkeep]
|-heal|p2a: Tentacruel|356\/364|[from] item: Black Sludge
|turn|4
|
|switch|p2a: Heatran|Heatran, F|144\/386
|move|p1a: Ferrothorn|Thunder Wave|p2a: Heatran
|-status|p2a: Heatran|par
|
|-weather|SunnyDay|[upkeep]
|turn|5
|
|move|p1a: Ferrothorn|Leech Seed|p2a: Heatran
|-start|p2a: Heatran|move: Leech Seed
|move|p2a: Heatran|Magma Storm|p1a: Ferrothorn|[miss]
|-miss|p2a: Heatran|p1a: Ferrothorn
|
|-weather|none
|-damage|p2a: Heatran|96\/386 par|[from] Leech Seed|[of] p1a: Ferrothorn
|-heal|p1a: Ferrothorn|352\/352|[silent]
|turn|6
|c|âFastlanes|impressive
|
|switch|p2a: Tentacruel|Tentacruel, M|356\/364
|move|p1a: Ferrothorn|Protect|p1a: Ferrothorn
|-fail|p1a: Ferrothorn
|
|-heal|p2a: Tentacruel|364\/364|[from] item: Black Sludge
|turn|7
|
|move|p2a: Tentacruel|Toxic Spikes|p1a: Ferrothorn
|-sidestart|p1: Tradekaiser|move: Toxic Spikes
|move|p1a: Ferrothorn|Power Whip|p2a: Tentacruel|[miss]
|-miss|p1a: Ferrothorn|p2a: Tentacruel
|
|turn|8
|
|switch|p2a: Heatran|Heatran, F|96\/386 par
|move|p1a: Ferrothorn|Power Whip|p2a: Heatran
|-resisted|p2a: Heatran
|-damage|p2a: Heatran|55\/386 par
|
|turn|9
|
|switch|p1a: Latias|Latias, F|319\/319
|-damage|p1a: Latias|280\/319|[from] Stealth Rock
|move|p2a: Heatran|Magma Storm|p1a: Latias
|-resisted|p1a: Latias
|-damage|p1a: Latias|216\/319
|-activate|p1a: Latias|move: Magma Storm|[of] p2a: Heatran
|
|-damage|p1a: Latias|177\/319|[from] move: Magma Storm|[partiallytrapped]
|turn|10
|
|switch|p2a: Tentacruel|Tentacruel, M|364\/364
|move|p1a: Latias|Defog|p2a: Tentacruel
|-unboost|p2a: Tentacruel|evasion|1
|-sideend|p1: Tradekaiser|Toxic Spikes|[from] move: Defog|[of] p1a: Latias
|-sideend|p1: Tradekaiser|Stealth Rock|[from] move: Defog|[of] p1a: Latias
|
|-end|p1a: Latias|Magma Storm|[partiallytrapped]
|turn|11
|
|switch|p2a: Greninja|Greninja, M|286\/286
|move|p1a: Latias|Psyshock|p2a: Greninja
|-immune|p2a: Greninja|[msg]
|
|turn|12
|
|switch|p1a: Rotom-Wash|Rotom-Wash|304\/304
|move|p2a: Greninja|Shadow Sneak|p1a: Rotom-Wash
|-start|p2a: Greninja|typechange|Ghost|[from] Protean
|-crit|p1a: Rotom-Wash
|-damage|p1a: Rotom-Wash|208\/304
|
|turn|13
|
|switch|p2a: Venusaur|Venusaur, F|364\/364
|move|p1a: Rotom-Wash|Volt Switch|p2a: Venusaur
|-resisted|p2a: Venusaur
|-damage|p2a: Venusaur|328\/364
|
|switch|p1a: Charizard|Charizard-Mega-Y, M|297\/297
|-weather|SunnyDay
|
|-weather|SunnyDay|[upkeep]
|turn|14
|
|detailschange|p2a: Venusaur|Venusaur-Mega, F
|message|Venusaur has Mega Evolved into Mega Venusaur!
|move|p2a: Venusaur|Synthesis|p2a: Venusaur
|-heal|p2a: Venusaur|364\/364
|move|p1a: Charizard|Fire Blast|p2a: Venusaur
|-supereffective|p2a: Venusaur
|-damage|p2a: Venusaur|112\/364
|
|-weather|SunnyDay|[upkeep]
|turn|15
|
|move|p1a: Charizard|Fire Blast|p2a: Venusaur
|-supereffective|p2a: Venusaur
|-damage|p2a: Venusaur|0 fnt
|faint|p2a: Venusaur
|
|-weather|SunnyDay|[upkeep]
|c|âFastlanes|WTG
|c|âFastlanes|FSKLADFJ
|c|âFastlanes|WHY ARE YOU SO SLOW
|c|âTradekaiser|chrolophyll
|c|âFastlanes|I WAS MEGAD
|c|âTradekaiser|it was lost when you mega
|c|âFastlanes|I MEGAD BEFORE 
|c|âFastlanes|I USED IT
|c|âFastlanes|WHATS YOUR CHARS SPEED
|
|switch|p2a: Haxorus|Haxorus, M|294\/294
|-ability|p2a: Haxorus|Mold Breaker
|turn|16
|c|âTradekaiser|on the turn that you mega, the stats are still normal venusaur, so chrolophyll was active and it was  faster
|
|switch|p1a: Rotom-Wash|Rotom-Wash|208\/304
|move|p2a: Haxorus|Dragon Dance|p2a: Haxorus
|-boost|p2a: Haxorus|atk|1
|-boost|p2a: Haxorus|spe|1
|
|-weather|SunnyDay|[upkeep]
|turn|17
|
|move|p2a: Haxorus|Dragon Dance|p2a: Haxorus
|-boost|p2a: Haxorus|atk|1
|-boost|p2a: Haxorus|spe|1
|move|p1a: Rotom-Wash|Will-O-Wisp|p2a: Haxorus
|-status|p2a: Haxorus|brn
|-enditem|p2a: Haxorus|Lum Berry|[eat]
|-curestatus|p2a: Haxorus|brn
|
|-weather|none
|turn|18
|
|move|p2a: Haxorus|Earthquake|p1a: Rotom-Wash
|-supereffective|p1a: Rotom-Wash
|-damage|p1a: Rotom-Wash|0 fnt
|faint|p1a: Rotom-Wash
|
|
|switch|p1a: Mamoswine|Mamoswine, F|361\/361
|turn|19
|
|move|p2a: Haxorus|Dual Chop|p1a: Mamoswine
|-crit|p1a: Mamoswine
|-damage|p1a: Mamoswine|64\/361
|-crit|p1a: Mamoswine
|-damage|p1a: Mamoswine|0 fnt
|-hitcount|p1a: Mamoswine|2
|faint|p1a: Mamoswine
|
|
|switch|p1a: Ferrothorn|Ferrothorn, F|352\/352
|turn|20
|c|âFastlanes|thats not how it works
|c|âFastlanes|but that might be how showdown works
|c|âFastlanes|haha
|c|âTradekaiser|lol
|
|switch|p2a: Heatran|Heatran, F|55\/386 par
|move|p1a: Ferrothorn|Thunder Wave|p2a: Heatran
|-fail|p2a: Heatran|par
|
|turn|21
|
|move|p1a: Ferrothorn|Leech Seed|p2a: Heatran
|-start|p2a: Heatran|move: Leech Seed
|cant|p2a: Heatran|par
|
|-damage|p2a: Heatran|7\/386 par|[from] Leech Seed|[of] p1a: Ferrothorn
|turn|22
|
|switch|p2a: Greninja|Greninja, M|286\/286
|move|p1a: Ferrothorn|Power Whip|p2a: Greninja
|-supereffective|p2a: Greninja
|-damage|p2a: Greninja|0 fnt
|faint|p2a: Greninja
|
|c|âFastlanes|oh my
|c|âFastlanes|that was risky on your part
|
|switch|p2a: Tentacruel|Tentacruel, M|364\/364
|turn|23
|
|move|p2a: Tentacruel|Toxic Spikes|p1a: Ferrothorn
|-sidestart|p1: Tradekaiser|move: Toxic Spikes
|move|p1a: Ferrothorn|Power Whip|p2a: Tentacruel
|-damage|p2a: Tentacruel|138\/364
|
|-heal|p2a: Tentacruel|160\/364|[from] item: Black Sludge
|turn|24
|
|move|p2a: Tentacruel|Giga Drain|p1a: Ferrothorn
|-resisted|p1a: Ferrothorn
|-damage|p1a: Ferrothorn|341\/352
|-heal|p2a: Tentacruel|166\/364|[from] drain|[of] p1a: Ferrothorn
|move|p1a: Ferrothorn|Power Whip|p2a: Tentacruel
|-damage|p2a: Tentacruel|0 fnt
|faint|p2a: Tentacruel
|
|
|switch|p2a: Heatran|Heatran, F|7\/386 par
|turn|25
|
|move|p1a: Ferrothorn|Power Whip|p2a: Heatran|[miss]
|-miss|p1a: Ferrothorn|p2a: Heatran
|cant|p2a: Heatran|par
|
|turn|26
|c|âFastlanes|FUUCK
|c|âFastlanes|AASDJAS
|
|move|p1a: Ferrothorn|Power Whip|p2a: Heatran|[miss]
|-miss|p1a: Ferrothorn|p2a: Heatran
|move|p2a: Heatran|Magma Storm|p1a: Ferrothorn
|-supereffective|p1a: Ferrothorn
|-damage|p1a: Ferrothorn|0 fnt
|faint|p1a: Ferrothorn
|
|c|âFastlanes|yes
|c|âFastlanes|YES
|
|switch|p1a: Latias|Latias, F|177\/319
|turn|27
|
|move|p1a: Latias|Psyshock|p2a: Heatran
|-resisted|p2a: Heatran
|-damage|p2a: Heatran|0 fnt
|-damage|p1a: Latias|146\/319|[from] item: Life Orb
|faint|p2a: Heatran
|
|c|âTradekaiser|no
|
|switch|p2a: Chesnaught|Chesnaught, M|380\/380
|turn|28
|
|move|p1a: Latias|Psyshock|p2a: Chesnaught
|-supereffective|p2a: Chesnaught
|-damage|p2a: Chesnaught|185\/380
|-damage|p1a: Latias|115\/319|[from] item: Life Orb
|move|p2a: Chesnaught|Leech Seed|p1a: Latias
|-start|p1a: Latias|move: Leech Seed
|
|-damage|p1a: Latias|76\/319|[from] Leech Seed|[of] p2a: Chesnaught
|-heal|p2a: Chesnaught|224\/380|[silent]
|turn|29
|
|move|p1a: Latias|Psyshock|p2a: Chesnaught
|-supereffective|p2a: Chesnaught
|-damage|p2a: Chesnaught|37\/380
|-damage|p1a: Latias|45\/319|[from] item: Life Orb
|move|p2a: Chesnaught|Leech Seed|p1a: Latias
|-fail|p1a: Latias
|
|-damage|p1a: Latias|6\/319|[from] Leech Seed|[of] p2a: Chesnaught
|-heal|p2a: Chesnaught|76\/380|[silent]
|turn|30
|
|move|p2a: Chesnaught|Spiky Shield|p2a: Chesnaught
|-singleturn|p2a: Chesnaught|move: Protect
|move|p1a: Latias|Psyshock|p2a: Chesnaught
|-activate|p2a: Chesnaught|move: Protect
|
|-damage|p1a: Latias|0 fnt|[from] Leech Seed|[of] p2a: Chesnaught
|-heal|p2a: Chesnaught|82\/380|[silent]
|faint|p1a: Latias
|
|switch|p1a: Dragonite|Dragonite, M|323\/323
|turn|31
|
|move|p1a: Dragonite|Dragon Dance|p1a: Dragonite
|-boost|p1a: Dragonite|atk|1
|-boost|p1a: Dragonite|spe|1
|move|p2a: Chesnaught|Synthesis|p2a: Chesnaught
|-heal|p2a: Chesnaught|272\/380
|
|turn|32
|
|move|p1a: Dragonite|Dragon Dance|p1a: Dragonite
|-boost|p1a: Dragonite|atk|1
|-boost|p1a: Dragonite|spe|1
|move|p2a: Chesnaught|Leech Seed|p1a: Dragonite
|-start|p1a: Dragonite|move: Leech Seed
|
|-damage|p1a: Dragonite|283\/323|[from] Leech Seed|[of] p2a: Chesnaught
|-heal|p2a: Chesnaught|312\/380|[silent]
|turn|33
|
|move|p1a: Dragonite|Outrage|p2a: Chesnaught
|-damage|p2a: Chesnaught|8\/380
|-damage|p1a: Dragonite|230\/323|[from] item: Rocky Helmet|[of] p2a: Chesnaught
|move|p2a: Chesnaught|Synthesis|p2a: Chesnaught
|-heal|p2a: Chesnaught|198\/380
|
|-damage|p1a: Dragonite|190\/323|[from] Leech Seed|[of] p2a: Chesnaught
|-heal|p2a: Chesnaught|238\/380|[silent]
|turn|34
|
|move|p2a: Chesnaught|Spiky Shield|p2a: Chesnaught
|-singleturn|p2a: Chesnaught|move: Protect
|move|p1a: Dragonite|Outrage|p2a: Chesnaught
|-activate|p2a: Chesnaught|move: Protect
|-damage|p1a: Dragonite|150\/323|[from] Spiky Shield|[of] p2a: Chesnaught
|
|-end|p1a: Dragonite|rampage
|-start|p1a: Dragonite|confusion
|-damage|p1a: Dragonite|110\/323|[from] Leech Seed|[of] p2a: Chesnaught
|-heal|p2a: Chesnaught|278\/380|[silent]
|-enditem|p1a: Dragonite|Lum Berry|[eat]
|-end|p1a: Dragonite|confusion
|turn|35
|
|move|p2a: Chesnaught|Spiky Shield|p2a: Chesnaught
|-singleturn|p2a: Chesnaught|move: Protect
|move|p1a: Dragonite|Outrage|p2a: Chesnaught
|-activate|p2a: Chesnaught|move: Protect
|-damage|p1a: Dragonite|70\/323|[from] Spiky Shield|[of] p2a: Chesnaught
|
|-damage|p1a: Dragonite|30\/323|[from] Leech Seed|[of] p2a: Chesnaught
|-heal|p2a: Chesnaught|318\/380|[silent]
|turn|36
|
|move|p1a: Dragonite|Outrage|p2a: Chesnaught
|-damage|p2a: Chesnaught|36\/380
|-damage|p1a: Dragonite|0 fnt|[from] item: Rocky Helmet|[of] p2a: Chesnaught
|faint|p1a: Dragonite
|move|p2a: Chesnaught|Synthesis|p2a: Chesnaught
|-heal|p2a: Chesnaught|226\/380
|
|
|switch|p1a: Charizard|Charizard-Mega-Y, M|297\/297
|-weather|SunnyDay
|turn|37
|
|move|p2a: Chesnaught|Spiky Shield|p2a: Chesnaught
|-singleturn|p2a: Chesnaught|move: Protect
|move|p1a: Charizard|Fire Blast|p2a: Chesnaught
|-activate|p2a: Chesnaught|move: Protect
|
|-weather|SunnyDay|[upkeep]
|turn|38
|c|âTradekaiser|annoying eh
|
|move|p1a: Charizard|Fire Blast|p2a: Chesnaught
|-supereffective|p2a: Chesnaught
|-damage|p2a: Chesnaught|0 fnt
|faint|p2a: Chesnaught
|
|-weather|SunnyDay|[upkeep]
|
|switch|p2a: Haxorus|Haxorus, M|294\/294
|-ability|p2a: Haxorus|Mold Breaker
|turn|39
|c|âFastlanes|idk if i outspeed you or not
|
|move|p1a: Charizard|Focus Blast|p2a: Haxorus
|-damage|p2a: Haxorus|62\/294
|move|p2a: Haxorus|Dragon Dance|p2a: Haxorus
|-boost|p2a: Haxorus|atk|1
|-boost|p2a: Haxorus|spe|1
|
|-weather|SunnyDay|[upkeep]
|turn|40
|c|âFastlanes|good choice
|
|move|p2a: Haxorus|Dual Chop|p1a: Charizard
|-crit|p1a: Charizard
|-damage|p1a: Charizard|69\/297
|-damage|p1a: Charizard|0 fnt
|-hitcount|p1a: Charizard|2
|faint|p1a: Charizard
|
|win|Fastlanes
|raw|Ladder updating...
|raw|Tradekaiser's rating: 1517 &rarr; <strong>1491<\/strong><br \/>(-26 for losing)
|raw|Fastlanes's rating: 1412 &rarr; <strong>1438<\/strong><br \/>(+26 for winning)
|c|âFastlanes|gg wp
|c|âTradekaiser|criat
|leave|Tradekaiser
|player|p1
|c|âFastlanes|totally fun game