|join|Tradekaiser
|join|Cheesy Raps
|player|p1|Tradekaiser|170
|player|p2|Cheesy Raps|4
|gametype|singles
|gen|6
|tier|OU
|rated
|clearpoke
|poke|p1|Gardevoir, F
|poke|p1|Keldeo
|poke|p1|Landorus-Therian, M
|poke|p1|Ferrothorn, F
|poke|p1|Mandibuzz, F
|poke|p1|Haxorus, F
|poke|p2|Heracross, F
|poke|p2|Thundurus, M
|poke|p2|Heatran, M
|poke|p2|Azumarill, M
|poke|p2|Jirachi
|poke|p2|Latios, M
|rule|Swagger Clause: Swagger is banned
|rule|Baton Pass Clause: Limit one PokÃ©mon knowing Baton Pass
|rule|Sleep Clause Mod: Limit one foe put to sleep
|rule|Species Clause: Limit one of each PokÃ©mon
|rule|OHKO Clause: OHKO moves are banned
|rule|Moody Clause: Moody is banned
|rule|Evasion Moves Clause: Evasion moves are banned
|rule|Endless Battle Clause: Forcing endless battles is banned
|rule|HP Percentage Mod: HP is shown in percentages
|teampreview
|
|start
|switch|p1a: Landorus-Therian|Landorus-Therian, M|319\/319
|switch|p2a: Azumarill|Azumarill, M|350\/350
|-ability|p1a: Landorus-Therian|Intimidate|[of] p2a: Azumarill
|-unboost|p2a: Azumarill|atk|1
|turn|1
|
|switch|p1a: Ferrothorn|Ferrothorn, F|352\/352
|move|p2a: Azumarill|Knock Off|p1a: Ferrothorn
|-crit|p1a: Ferrothorn
|-damage|p1a: Ferrothorn|131\/352
|-damage|p2a: Azumarill|307\/350|[from] ability: Iron Barbs|[of] p1a: Ferrothorn
|-damage|p2a: Azumarill|249\/350|[from] item: Rocky Helmet|[of] p1a: Ferrothorn
|-enditem|p1a: Ferrothorn|Rocky Helmet|[from] move: Knock Off|[of] p2a: Azumarill
|
|turn|2
|
|switch|p2a: Heatran|Heatran, M|384\/384
|move|p1a: Ferrothorn|Leech Seed|p2a: Heatran
|-start|p2a: Heatran|move: Leech Seed
|
|-damage|p2a: Heatran|336\/384|[from] Leech Seed|[of] p1a: Ferrothorn
|-heal|p1a: Ferrothorn|179\/352|[silent]
|turn|3
|
|move|p1a: Ferrothorn|Protect|p1a: Ferrothorn
|-singleturn|p1a: Ferrothorn|Protect
|move|p2a: Heatran|Stealth Rock|p1a: Ferrothorn
|-sidestart|p1: Tradekaiser|move: Stealth Rock
|
|-heal|p2a: Heatran|360\/384|[from] item: Leftovers
|-damage|p2a: Heatran|312\/384|[from] Leech Seed|[of] p1a: Ferrothorn
|-heal|p1a: Ferrothorn|227\/352|[silent]
|turn|4
|
|switch|p1a: Keldeo|Keldeo|323\/323
|-damage|p1a: Keldeo|303\/323|[from] Stealth Rock
|move|p2a: Heatran|Lava Plume|p1a: Keldeo
|-resisted|p1a: Keldeo
|-damage|p1a: Keldeo|234\/323
|-status|p1a: Keldeo|brn
|
|-heal|p2a: Heatran|336\/384|[from] item: Leftovers
|-damage|p2a: Heatran|288\/384|[from] Leech Seed|[of] p1a: Keldeo
|-heal|p1a: Keldeo|282\/323 brn|[silent]
|-damage|p1a: Keldeo|242\/323 brn|[from] brn
|turn|5
|
|switch|p2a: Jirachi|Jirachi|404\/404
|move|p1a: Keldeo|Secret Sword|p2a: Jirachi
|-damage|p2a: Jirachi|245\/404
|
|-heal|p2a: Jirachi|270\/404|[from] item: Leftovers
|-damage|p1a: Keldeo|202\/323 brn|[from] brn
|turn|6
|
|move|p1a: Keldeo|Hydro Pump|p2a: Jirachi|[miss]
|-miss|p1a: Keldeo|p2a: Jirachi
|move|p2a: Jirachi|Wish|p2a: Jirachi
|
|-heal|p2a: Jirachi|295\/404|[from] item: Leftovers
|-damage|p1a: Keldeo|162\/323 brn|[from] brn
|turn|7
|
|move|p1a: Keldeo|Hydro Pump|p2a: Jirachi
|-damage|p2a: Jirachi|156\/404
|move|p2a: Jirachi|Iron Head|p1a: Keldeo
|-resisted|p1a: Keldeo
|-damage|p1a: Keldeo|107\/323 brn
|
|-heal|p2a: Jirachi|358\/404|[from] move: Wish|[wisher] Jirachi
|-heal|p2a: Jirachi|383\/404|[from] item: Leftovers
|-damage|p1a: Keldeo|67\/323 brn|[from] brn
|turn|8
|
|switch|p1a: Mandibuzz|Mandibuzz, F|423\/423
|-damage|p1a: Mandibuzz|318\/423|[from] Stealth Rock
|move|p2a: Jirachi|U-turn|p1a: Mandibuzz
|-damage|p1a: Mandibuzz|277\/423
|
|switch|p2a: Thundurus|Thundurus, M|299\/299
|
|-heal|p1a: Mandibuzz|303\/423|[from] item: Leftovers
|turn|9
|
|switch|p1a: Ferrothorn|Ferrothorn, F|227\/352
|-damage|p1a: Ferrothorn|205\/352|[from] Stealth Rock
|move|p2a: Thundurus|Thunderbolt|p1a: Ferrothorn
|-crit|p1a: Ferrothorn
|-resisted|p1a: Ferrothorn
|-damage|p1a: Ferrothorn|100\/352
|-damage|p2a: Thundurus|270\/299|[from] item: Life Orb
|
|turn|10
|
|move|p2a: Thundurus|Taunt|p1a: Ferrothorn
|-start|p1a: Ferrothorn|move: Taunt
|cant|p1a: Ferrothorn|move: Taunt|Leech Seed
|
|turn|11
|
|switch|p1a: Keldeo|Keldeo|67\/323 brn
|-damage|p1a: Keldeo|47\/323 brn|[from] Stealth Rock
|move|p2a: Thundurus|Thunderbolt|p1a: Keldeo
|-supereffective|p1a: Keldeo
|-damage|p1a: Keldeo|0 fnt
|-damage|p2a: Thundurus|241\/299|[from] item: Life Orb
|faint|p1a: Keldeo
|
|
|switch|p1a: Landorus-Therian|Landorus-Therian, M|319\/319
|-damage|p1a: Landorus-Therian|280\/319|[from] Stealth Rock
|-ability|p1a: Landorus-Therian|Intimidate|[of] p2a: Thundurus
|-unboost|p2a: Thundurus|atk|1
|turn|12
|
|switch|p2a: Azumarill|Azumarill, M|249\/350
|move|p1a: Landorus-Therian|Knock Off|p2a: Azumarill
|-resisted|p2a: Azumarill
|-damage|p2a: Azumarill|169\/350
|-enditem|p2a: Azumarill|Choice Band|[from] move: Knock Off|[of] p1a: Landorus-Therian
|
|turn|13
|
|switch|p1a: Ferrothorn|Ferrothorn, F|100\/352
|-damage|p1a: Ferrothorn|78\/352|[from] Stealth Rock
|move|p2a: Azumarill|Knock Off|p1a: Ferrothorn
|-damage|p1a: Ferrothorn|6\/352
|-damage|p2a: Azumarill|126\/350|[from] ability: Iron Barbs|[of] p1a: Ferrothorn
|
|turn|14
|
|switch|p1a: Mandibuzz|Mandibuzz, F|303\/423
|-damage|p1a: Mandibuzz|198\/423|[from] Stealth Rock
|move|p2a: Azumarill|Knock Off|p1a: Mandibuzz
|-resisted|p1a: Mandibuzz
|-damage|p1a: Mandibuzz|141\/423
|-enditem|p1a: Mandibuzz|Leftovers|[from] move: Knock Off|[of] p2a: Azumarill
|
|turn|15
|
|move|p1a: Mandibuzz|Defog|p2a: Azumarill
|-unboost|p2a: Azumarill|evasion|1
|-sideend|p1: Tradekaiser|Stealth Rock|[from] move: Defog|[of] p1a: Mandibuzz
|move|p2a: Azumarill|Play Rough|p1a: Mandibuzz
|-supereffective|p1a: Mandibuzz
|-damage|p1a: Mandibuzz|0 fnt
|faint|p1a: Mandibuzz
|
|
|switch|p1a: Gardevoir|Gardevoir, F|277\/277
|-ability|p1a: Gardevoir|Huge Power|[from] ability: Trace|[of] p2a: Azumarill
|turn|16
|
|switch|p2a: Jirachi|Jirachi|383\/404
|detailschange|p1a: Gardevoir|Gardevoir-Mega, F
|-mega|p1a: Gardevoir|Gardevoir|Gardevoirite
|move|p1a: Gardevoir|Hyper Voice|p2a: Jirachi
|-resisted|p2a: Jirachi
|-damage|p2a: Jirachi|290\/404
|
|-heal|p2a: Jirachi|315\/404|[from] item: Leftovers
|turn|17
|
|switch|p1a: Ferrothorn|Ferrothorn, F|6\/352
|move|p2a: Jirachi|Iron Head|p1a: Ferrothorn
|-resisted|p1a: Ferrothorn
|-damage|p1a: Ferrothorn|0 fnt
|-damage|p2a: Jirachi|265\/404|[from] ability: Iron Barbs|[of] p1a: Ferrothorn
|faint|p1a: Ferrothorn
|
|-heal|p2a: Jirachi|290\/404|[from] item: Leftovers
|
|switch|p1a: Landorus-Therian|Landorus-Therian, M|280\/319
|-ability|p1a: Landorus-Therian|Intimidate|[of] p2a: Jirachi
|-unboost|p2a: Jirachi|atk|1
|turn|18
|
|switch|p2a: Latios|Latios, M|301\/301
|move|p1a: Landorus-Therian|Knock Off|p2a: Latios
|-supereffective|p2a: Latios
|-damage|p2a: Latios|11\/301
|-enditem|p2a: Latios|Life Orb|[from] move: Knock Off|[of] p1a: Landorus-Therian
|
|turn|19
|
|switch|p2a: Heracross|Heracross, F|311\/311
|move|p1a: Landorus-Therian|Knock Off|p2a: Heracross
|-resisted|p2a: Heracross
|-damage|p2a: Heracross|260\/311
|
|turn|20
|
|switch|p1a: Gardevoir|Gardevoir-Mega, F|277\/277
|detailschange|p2a: Heracross|Heracross-Mega, F
|-mega|p2a: Heracross|Heracross|Heracronite
|move|p2a: Heracross|Rock Blast|p1a: Gardevoir
|-damage|p1a: Gardevoir|213\/277
|-damage|p1a: Gardevoir|150\/277
|-damage|p1a: Gardevoir|89\/277
|-damage|p1a: Gardevoir|27\/277
|-damage|p1a: Gardevoir|0 fnt
|-hitcount|p1a: Gardevoir|5
|faint|p1a: Gardevoir
|
|
|switch|p1a: Haxorus|Haxorus, F|297\/297
|-ability|p1a: Haxorus|Mold Breaker
|turn|21
|
|move|p1a: Haxorus|Outrage|p2a: Heracross
|-damage|p2a: Heracross|34\/311
|move|p2a: Heracross|Pin Missile|p1a: Haxorus
|-damage|p1a: Haxorus|222\/297
|-damage|p1a: Haxorus|152\/297
|-damage|p1a: Haxorus|74\/297
|-damage|p1a: Haxorus|0 fnt
|-hitcount|p1a: Haxorus|4
|faint|p1a: Haxorus
|
|
|switch|p1a: Landorus-Therian|Landorus-Therian, M|280\/319
|-ability|p1a: Landorus-Therian|Intimidate|[of] p2a: Heracross
|-unboost|p2a: Heracross|atk|1
|turn|22
|
|move|p1a: Landorus-Therian|Stone Edge|p2a: Heracross|[miss]
|-miss|p1a: Landorus-Therian|p2a: Heracross
|move|p2a: Heracross|Rock Blast|p1a: Landorus-Therian
|-damage|p1a: Landorus-Therian|248\/319
|-damage|p1a: Landorus-Therian|217\/319
|-damage|p1a: Landorus-Therian|189\/319
|-damage|p1a: Landorus-Therian|158\/319
|-damage|p1a: Landorus-Therian|126\/319
|-hitcount|p1a: Landorus-Therian|5
|
|turn|23
|c|âTradekaiser|how?
|
|move|p1a: Landorus-Therian|Stone Edge|p2a: Heracross
|-damage|p2a: Heracross|0 fnt
|faint|p2a: Heracross
|
|
|switch|p2a: Azumarill|Azumarill, M|126\/350
|turn|24
|
|move|p2a: Azumarill|Aqua Jet|p1a: Landorus-Therian
|-crit|p1a: Landorus-Therian
|-supereffective|p1a: Landorus-Therian
|-damage|p1a: Landorus-Therian|0 fnt
|faint|p1a: Landorus-Therian
|
|win|Cheesy Raps
|raw|Ladder updating...
|raw|Tradekaiser's rating: 1393 &rarr; <strong>1375<\/strong><br \/>(-18 for losing)
|raw|Cheesy Raps's rating: 1427 &rarr; <strong>1445<\/strong><br \/>(+18 for winning)
|leave|Tradekaiser
|player|p1