|join|Real FV13
|join|Tradekaiser
|player|p1|Real FV13|144
|player|p2|Tradekaiser|1
|gametype|singles
|gen|6
|tier|OU
|rated
|clearpoke
|poke|p1|Froslass, F
|poke|p1|Serperior, F
|poke|p1|Magnezone
|poke|p1|Sharpedo, M
|poke|p1|Heatran, M
|poke|p1|Heracross, M
|poke|p2|Gyarados, F
|poke|p2|Kyurem-Black
|poke|p2|Zapdos
|poke|p2|Latias, F
|poke|p2|Talonflame, F
|poke|p2|Gardevoir, M
|rule|Swagger Clause: Swagger is banned
|rule|Baton Pass Clause: Limit one PokÃ©mon knowing Baton Pass
|rule|Sleep Clause Mod: Limit one foe put to sleep
|rule|Species Clause: Limit one of each PokÃ©mon
|rule|OHKO Clause: OHKO moves are banned
|rule|Moody Clause: Moody is banned
|rule|Evasion Moves Clause: Evasion moves are banned
|rule|Endless Battle Clause: Forcing endless battles is banned
|rule|HP Percentage Mod: HP is shown in percentages
|teampreview
|
|start
|switch|p1a: Froslass|Froslass, F|282\/282
|switch|p2a: Talonflame|Talonflame, F|297\/297
|turn|1
|
|move|p2a: Talonflame|U-turn|p1a: Froslass
|-resisted|p1a: Froslass
|-damage|p1a: Froslass|237\/282
|-start|p2a: Talonflame|Disable|U-turn
|
|switch|p2a: Gardevoir|Gardevoir, M|340\/340
|-ability|p2a: Gardevoir|Cursed Body|[from] ability: Trace|[of] p1a: Froslass
|move|p1a: Froslass|Spikes|p2a: Gardevoir
|-sidestart|p2: Tradekaiser|Spikes
|
|turn|2
|
|switch|p1a: Heatran|Heatran, M|324\/324
|-item|p1a: Heatran|Air Balloon
|move|p2a: Gardevoir|Will-O-Wisp|p1a: Heatran
|-start|p1a: Heatran|ability: Flash Fire
|
|turn|3
|
|move|p1a: Heatran|Stealth Rock|p2a: Gardevoir
|-sidestart|p2: Tradekaiser|move: Stealth Rock
|move|p2a: Gardevoir|Moonblast|p1a: Heatran
|-resisted|p1a: Heatran
|-damage|p1a: Heatran|292\/324
|-enditem|p1a: Heatran|Air Balloon
|
|turn|4
|
|switch|p2a: Zapdos|Zapdos|384\/384
|-damage|p2a: Zapdos|288\/384|[from] Stealth Rock
|-ability|p2a: Zapdos|Pressure
|move|p1a: Heatran|Flash Cannon|p2a: Zapdos
|-resisted|p2a: Zapdos
|-damage|p2a: Zapdos|204\/384
|
|-heal|p2a: Zapdos|228\/384|[from] item: Leftovers
|turn|5
|
|move|p1a: Heatran|Fire Blast|p2a: Zapdos
|-damage|p2a: Zapdos|0 fnt
|faint|p2a: Zapdos
|
|
|switch|p2a: Gyarados|Gyarados, F|331\/331
|-damage|p2a: Gyarados|249\/331|[from] Stealth Rock
|-ability|p2a: Gyarados|Intimidate|[of] p1a: Heatran
|-unboost|p1a: Heatran|atk|1
|turn|6
|
|switch|p1a: Froslass|Froslass, F|237\/282
|move|p2a: Gyarados|Dragon Dance|p2a: Gyarados
|-boost|p2a: Gyarados|atk|1
|-boost|p2a: Gyarados|spe|1
|
|turn|7
|
|detailschange|p2a: Gyarados|Gyarados-Mega, F
|-mega|p2a: Gyarados|Gyarados|Gyaradosite
|-ability|p2a: Gyarados|Mold Breaker
|move|p2a: Gyarados|Crunch|p1a: Froslass
|-supereffective|p1a: Froslass
|-damage|p1a: Froslass|0 fnt
|-start|p2a: Gyarados|Disable|Crunch
|faint|p1a: Froslass
|
|
|switch|p1a: Magnezone|Magnezone|282\/282
|turn|8
|
|move|p2a: Gyarados|Earthquake|p1a: Magnezone
|-supereffective|p1a: Magnezone
|-damage|p1a: Magnezone|0 fnt
|faint|p1a: Magnezone
|
|
|switch|p1a: Heracross|Heracross, M|302\/302
|turn|9
|
|move|p1a: Heracross|Close Combat|p2a: Gyarados
|-supereffective|p2a: Gyarados
|-damage|p2a: Gyarados|0 fnt
|-unboost|p1a: Heracross|def|1
|-unboost|p1a: Heracross|spd|1
|faint|p2a: Gyarados
|-boost|p1a: Heracross|atk|1|[from] ability: Moxie
|
|
|switch|p2a: Latias|Latias, F|319\/319
|-damage|p2a: Latias|280\/319|[from] Stealth Rock
|turn|10
|
|switch|p1a: Sharpedo|Sharpedo, M|282\/282
|move|p2a: Latias|Draco Meteor|p1a: Sharpedo
|-damage|p1a: Sharpedo|0 fnt
|-unboost|p2a: Latias|spa|2
|-damage|p2a: Latias|249\/319|[from] item: Life Orb
|faint|p1a: Sharpedo
|
|
|switch|p1a: Serperior|Serperior, F|292\/292
|turn|11
|
|move|p1a: Serperior|Leaf Storm|p2a: Latias
|-crit|p2a: Latias
|-resisted|p2a: Latias
|-damage|p2a: Latias|150\/319
|-boost|p1a: Serperior|spa|2
|move|p2a: Latias|Healing Wish|p2a: Latias
|faint|p2a: Latias
|
|
|switch|p2a: Talonflame|Talonflame, F|297\/297
|-heal|p2a: Talonflame|297\/297|[from] move: Healing Wish
|-damage|p2a: Talonflame|149\/297|[from] Stealth Rock
|turn|12
|
|switch|p1a: Heatran|Heatran, M|292\/324
|move|p2a: Talonflame|Brave Bird|p1a: Heatran
|-resisted|p1a: Heatran
|-damage|p1a: Heatran|203\/324
|-damage|p2a: Talonflame|120\/297|[from] recoil|[of] p1a: Heatran
|
|turn|13
|
|move|p2a: Talonflame|Roost|p2a: Talonflame
|-heal|p2a: Talonflame|269\/297
|move|p1a: Heatran|Earth Power|p2a: Talonflame
|-supereffective|p2a: Talonflame
|-damage|p2a: Talonflame|0 fnt
|faint|p2a: Talonflame
|
|
|switch|p2a: Kyurem-Black|Kyurem-Black|391\/391
|-damage|p2a: Kyurem-Black|343\/391|[from] Spikes
|-damage|p2a: Kyurem-Black|246\/391|[from] Stealth Rock
|-ability|p2a: Kyurem-Black|Teravolt
|turn|14
|
|move|p1a: Heatran|Flash Cannon|p2a: Kyurem-Black
|-supereffective|p2a: Kyurem-Black
|-damage|p2a: Kyurem-Black|48\/391
|move|p2a: Kyurem-Black|Fusion Bolt|p1a: Heatran
|-damage|p1a: Heatran|45\/324
|
|turn|15
|
|move|p1a: Heatran|Flash Cannon|p2a: Kyurem-Black
|-supereffective|p2a: Kyurem-Black
|-damage|p2a: Kyurem-Black|0 fnt
|faint|p2a: Kyurem-Black
|
|
|switch|p2a: Gardevoir|Gardevoir, M|340\/340
|-damage|p2a: Gardevoir|298\/340|[from] Stealth Rock
|-damage|p2a: Gardevoir|256\/340|[from] Spikes
|-ability|p2a: Gardevoir|Flash Fire|[from] ability: Trace|[of] p1a: Heatran
|turn|16
|c|âTradekaiser|gg
|
|move|p1a: Heatran|Flash Cannon|p2a: Gardevoir
|-supereffective|p2a: Gardevoir
|-damage|p2a: Gardevoir|0 fnt
|faint|p2a: Gardevoir
|
|win|Real FV13
|raw|Ladder updating...
|raw|Real FV13's rating: 1449 &rarr; <strong>1466<\/strong><br \/>(+17 for winning)
|raw|Tradekaiser's rating: 1405 &rarr; <strong>1388<\/strong><br \/>(-17 for losing)
|leave|Tradekaiser
|player|p2