|join|tradekaiser
|join|xoxothatguy
|player|p1|tradekaiser|99
|player|p2|xoxothatguy|265
|gametype|singles
|tier|OU
|rated
|rule|Evasion Abilities Clause: Evasion abilities are banned
|clearpoke
|poke|p1|Politoed, F
|poke|p1|Tentacruel, F
|poke|p1|Ferrothorn, F
|poke|p1|Starmie
|poke|p1|Volcarona, F
|poke|p1|Toxicroak, F
|poke|p2|Dragonite, M
|poke|p2|Ferrothorn, M
|poke|p2|Blissey, F
|poke|p2|Donphan, M
|poke|p2|Weavile, F
|poke|p2|Reuniclus, M
|rule|Sleep Clause Mod: Limit one foe put to sleep
|rule|Species Clause: Limit one of each Pokemon
|rule|OHKO Clause: OHKO moves are banned
|rule|Moody Clause: Moody is banned
|rule|Evasion Moves Clause: Evasion moves are banned
|rule|HP Percentage Mod: HP is reported as percentages
|teampreview
|callback|decision
|
|start
|switch|p1a: R-Drizzle|Politoed, F|384\/384
|switch|p2a: Blissey|Blissey, F|714\/714
|-weather|RainDance|[from] ability: Drizzle|[of] p1a: R-Drizzle
|turn|1
|callback|decision
|
|move|p1a: R-Drizzle|Perish Song|p1a: R-Drizzle
|-fieldactivate|move: Perish Song
|move|p2a: Blissey|Thunder Wave|p1a: R-Drizzle
|-status|p1a: R-Drizzle|par
|
|-start|p2a: Blissey|perish3
|-start|p1a: R-Drizzle|perish3
|-weather|RainDance|[upkeep]
|turn|2
|callback|decision
|
|switch|p1a: Fair-O-Thorn|Ferrothorn, F|352\/352
|move|p2a: Blissey|Stealth Rock|p1a: Fair-O-Thorn
|-sidestart|p1: tradekaiser|move: Stealth Rock
|
|-start|p2a: Blissey|perish2
|-weather|RainDance|[upkeep]
|turn|3
|callback|decision
|chat|xoxothatguy|sec
|chat|xoxothatguy|sorry
|
|switch|p2a: Reuniclus|Reuniclus, M|424\/424
|move|p1a: Fair-O-Thorn|Stealth Rock|p2a: Reuniclus
|-sidestart|p2: xoxothatguy|move: Stealth Rock
|
|-weather|RainDance|[upkeep]
|turn|4
|callback|decision
|
|switch|p1a: Volcarno|Volcarona, F|311\/311
|-damage|p1a: Volcarno|156\/311|[from] Stealth Rock
|move|p2a: Reuniclus|Calm Mind|p2a: Reuniclus
|-boost|p2a: Reuniclus|spa|1
|-boost|p2a: Reuniclus|spd|1
|
|-weather|RainDance|[upkeep]
|turn|5
|callback|decision
|
|move|p1a: Volcarno|Quiver Dance|p1a: Volcarno
|-boost|p1a: Volcarno|spa|1
|-boost|p1a: Volcarno|spd|1
|-boost|p1a: Volcarno|spe|1
|move|p2a: Reuniclus|Psyshock|p1a: Volcarno
|-damage|p1a: Volcarno|0 fnt
|faint|p1a: Volcarno
|
|-weather|RainDance|[upkeep]
|callback|decision
|
|switch|p1a: R-Drizzle|Politoed, F|384\/384 par
|-damage|p1a: R-Drizzle|336\/384 par|[from] Stealth Rock
|turn|6
|callback|decision
|
|move|p2a: Reuniclus|Psyshock|p1a: R-Drizzle
|-damage|p1a: R-Drizzle|186\/384 par
|cant|p1a: R-Drizzle|par
|
|-weather|RainDance|[upkeep]
|-heal|p1a: R-Drizzle|210\/384 par|[from] item: Leftovers
|turn|7
|callback|decision
|
|move|p2a: Reuniclus|Psyshock|p1a: R-Drizzle
|-damage|p1a: R-Drizzle|57\/384 par
|move|p1a: R-Drizzle|Perish Song|p1a: R-Drizzle
|-fieldactivate|move: Perish Song
|
|-start|p2a: Reuniclus|perish3
|-start|p1a: R-Drizzle|perish3
|-weather|RainDance|[upkeep]
|-heal|p1a: R-Drizzle|81\/384 par|[from] item: Leftovers
|turn|8
|callback|decision
|
|move|p1a: R-Drizzle|Protect|p1a: R-Drizzle
|-singleturn|p1a: R-Drizzle|Protect
|move|p2a: Reuniclus|Psyshock|p1a: R-Drizzle
|-activate|p1a: R-Drizzle|Protect
|
|-start|p2a: Reuniclus|perish2
|-start|p1a: R-Drizzle|perish2
|-weather|RainDance|[upkeep]
|-heal|p1a: R-Drizzle|105\/384 par|[from] item: Leftovers
|turn|9
|callback|decision
|
|switch|p2a: Donphan|Donphan, M|384\/384
|-damage|p2a: Donphan|360\/384|[from] Stealth Rock
|cant|p1a: R-Drizzle|par
|
|-start|p1a: R-Drizzle|perish1
|-weather|RainDance|[upkeep]
|-heal|p2a: Donphan|384\/384|[from] item: Leftovers
|-heal|p1a: R-Drizzle|129\/384 par|[from] item: Leftovers
|turn|10
|callback|decision
|
|switch|p1a: Fair-O-Thorn|Ferrothorn, F|352\/352
|-damage|p1a: Fair-O-Thorn|330\/352|[from] Stealth Rock
|move|p2a: Donphan|Rapid Spin|p1a: Fair-O-Thorn
|-resisted|p1a: Fair-O-Thorn
|-damage|p1a: Fair-O-Thorn|322\/352
|-damage|p2a: Donphan|336\/384|[from] ability: Iron Barbs|[of] p1a: Fair-O-Thorn
|-sideend|p2: xoxothatguy|Stealth Rock|[from] move: Rapid Spin|[of] p2a: Donphan
|
|-weather|RainDance|[upkeep]
|-heal|p2a: Donphan|360\/384|[from] item: Leftovers
|-heal|p1a: Fair-O-Thorn|344\/352|[from] item: Leftovers
|turn|11
|callback|decision
|
|move|p2a: Donphan|Earthquake|p1a: Fair-O-Thorn
|-damage|p1a: Fair-O-Thorn|226\/352
|move|p1a: Fair-O-Thorn|Power Whip|p2a: Donphan|[miss]
|-miss|p1a: Fair-O-Thorn|p2a: Donphan
|
|-weather|RainDance|[upkeep]
|-heal|p2a: Donphan|384\/384|[from] item: Leftovers
|-heal|p1a: Fair-O-Thorn|248\/352|[from] item: Leftovers
|turn|12
|callback|decision
|
|switch|p2a: Dragonite|Dragonite, M|323\/323
|move|p1a: Fair-O-Thorn|Stealth Rock|p2a: Dragonite
|-sidestart|p2: xoxothatguy|move: Stealth Rock
|
|-weather|RainDance|[upkeep]
|-heal|p1a: Fair-O-Thorn|270\/352|[from] item: Leftovers
|turn|13
|callback|decision
|
|move|p2a: Dragonite|Dragon Dance|p2a: Dragonite
|-boost|p2a: Dragonite|atk|1
|-boost|p2a: Dragonite|spe|1
|move|p1a: Fair-O-Thorn|Thunder Wave|p2a: Dragonite
|-status|p2a: Dragonite|par
|
|-weather|RainDance|[upkeep]
|-heal|p1a: Fair-O-Thorn|292\/352|[from] item: Leftovers
|turn|14
|callback|decision
|
|switch|p1a: Squidward|Tentacruel, F|363\/363
|-damage|p1a: Squidward|318\/363|[from] Stealth Rock
|cant|p2a: Dragonite|par
|
|-weather|RainDance|[upkeep]
|-heal|p1a: Squidward|340\/363|[from] ability: Rain Dish
|-heal|p1a: Squidward|362\/363|[from] item: Black Sludge
|turn|15
|callback|decision
|
|move|p1a: Squidward|Rapid Spin|p2a: Dragonite
|-damage|p2a: Dragonite|318\/323 par
|-sideend|p1: tradekaiser|Stealth Rock|[from] move: Rapid Spin|[of] p1a: Squidward
|move|p2a: Dragonite|Dragon Claw|p1a: Squidward
|-damage|p1a: Squidward|119\/363
|
|-weather|RainDance|[upkeep]
|-heal|p1a: Squidward|141\/363|[from] ability: Rain Dish
|-heal|p1a: Squidward|163\/363|[from] item: Black Sludge
|-heal|p2a: Dragonite|323\/323 par|[from] item: Leftovers
|turn|16
|callback|decision
|
|move|p1a: Squidward|Scald|p2a: Dragonite
|-crit|p2a: Dragonite
|-resisted|p2a: Dragonite
|-damage|p2a: Dragonite|261\/323 par
|move|p2a: Dragonite|Dragon Claw|p1a: Squidward
|-damage|p1a: Squidward|0 fnt
|faint|p1a: Squidward
|
|-weather|RainDance|[upkeep]
|-heal|p2a: Dragonite|281\/323 par|[from] item: Leftovers
|callback|decision
|
|switch|p1a: Patrick|Starmie|261\/261
|turn|17
|callback|decision
|
|switch|p2a: Blissey|Blissey, F|714\/714
|-damage|p2a: Blissey|625\/714|[from] Stealth Rock
|move|p1a: Patrick|Gravity|p1a: Patrick
|-fieldstart|move: Gravity
|
|-weather|RainDance|[upkeep]
|-heal|p2a: Blissey|669\/714|[from] item: Leftovers
|turn|18
|callback|decision
|
|switch|p1a: Toxicroak|Toxicroak, F|307\/307
|move|p2a: Blissey|Thunder Wave|p1a: Toxicroak
|-status|p1a: Toxicroak|par
|
|-weather|RainDance|[upkeep]
|-heal|p2a: Blissey|713\/714|[from] item: Leftovers
|turn|19
|callback|decision
|
|switch|p2a: Donphan|Donphan, M|384\/384
|-damage|p2a: Donphan|360\/384|[from] Stealth Rock
|cant|p1a: Toxicroak|par
|
|-weather|RainDance|[upkeep]
|-heal|p2a: Donphan|384\/384|[from] item: Leftovers
|turn|20
|callback|decision
|
|switch|p1a: Fair-O-Thorn|Ferrothorn, F|292\/352
|move|p2a: Donphan|Earthquake|p1a: Fair-O-Thorn
|-damage|p1a: Fair-O-Thorn|154\/352
|
|-weather|RainDance|[upkeep]
|-heal|p1a: Fair-O-Thorn|176\/352|[from] item: Leftovers
|turn|21
|callback|decision
|
|switch|p2a: Dragonite|Dragonite, M|281\/323 par
|-damage|p2a: Dragonite|201\/323 par|[from] Stealth Rock
|move|p1a: Fair-O-Thorn|Power Whip|p2a: Dragonite
|-resisted|p2a: Dragonite
|-damage|p2a: Dragonite|165\/323 par
|
|-weather|RainDance|[upkeep]
|-heal|p1a: Fair-O-Thorn|198\/352|[from] item: Leftovers
|-heal|p2a: Dragonite|185\/323 par|[from] item: Leftovers
|-fieldend|move: Gravity
|turn|22
|callback|decision
|
|switch|p1a: Patrick|Starmie|261\/261
|move|p2a: Dragonite|Dragon Claw|p1a: Patrick
|-damage|p1a: Patrick|66\/261
|
|-weather|RainDance|[upkeep]
|-heal|p2a: Dragonite|205\/323 par|[from] item: Leftovers
|turn|23
|callback|decision
|
|switch|p2a: Blissey|Blissey, F|713\/714
|-damage|p2a: Blissey|624\/714|[from] Stealth Rock
|move|p1a: Patrick|Blizzard|p2a: Blissey
|-damage|p2a: Blissey|530\/714
|
|-weather|RainDance|[upkeep]
|-heal|p2a: Blissey|574\/714|[from] item: Leftovers
|turn|24
|callback|decision
|
|move|p1a: Patrick|Gravity|p1a: Patrick
|-fieldstart|move: Gravity
|move|p2a: Blissey|Flamethrower|p1a: Patrick
|-resisted|p1a: Patrick
|-damage|p1a: Patrick|51\/261
|
|-weather|RainDance|[upkeep]
|-heal|p2a: Blissey|618\/714|[from] item: Leftovers
|turn|25
|callback|decision
|
|move|p1a: Patrick|Hydro Pump|p2a: Blissey
|-crit|p2a: Blissey
|-damage|p2a: Blissey|225\/714
|move|p2a: Blissey|Stealth Rock|p1a: Patrick
|-sidestart|p1: tradekaiser|move: Stealth Rock
|
|-weather|RainDance|[upkeep]
|-heal|p2a: Blissey|269\/714|[from] item: Leftovers
|turn|26
|callback|decision
|
|move|p1a: Patrick|Hydro Pump|p2a: Blissey
|-damage|p2a: Blissey|50\/714
|move|p2a: Blissey|Softboiled|p2a: Blissey
|-heal|p2a: Blissey|407\/714
|
|-weather|RainDance|[upkeep]
|-heal|p2a: Blissey|451\/714|[from] item: Leftovers
|turn|27
|callback|decision
|
|move|p1a: Patrick|Hydro Pump|p2a: Blissey
|-damage|p2a: Blissey|259\/714
|move|p2a: Blissey|Thunder Wave|p1a: Patrick
|-status|p1a: Patrick|par
|
|-weather|RainDance|[upkeep]
|-heal|p2a: Blissey|303\/714|[from] item: Leftovers
|turn|28
|callback|decision
|
|move|p2a: Blissey|Softboiled|p2a: Blissey
|-heal|p2a: Blissey|660\/714
|move|p1a: Patrick|Thunder|p2a: Blissey
|-damage|p2a: Blissey|573\/714
|
|-weather|RainDance|[upkeep]
|-heal|p2a: Blissey|617\/714|[from] item: Leftovers
|-fieldend|move: Gravity
|turn|29
|callback|decision
|
|switch|p1a: Toxicroak|Toxicroak, F|307\/307 par
|-damage|p1a: Toxicroak|288\/307 par|[from] Stealth Rock
|move|p2a: Blissey|Flamethrower|p1a: Toxicroak
|-damage|p1a: Toxicroak|240\/307 par
|
|-weather|RainDance|[upkeep]
|-heal|p1a: Toxicroak|278\/307 par|[from] ability: Dry Skin
|-heal|p2a: Blissey|661\/714|[from] item: Leftovers
|-heal|p1a: Toxicroak|297\/307 par|[from] item: Black Sludge
|turn|30
|callback|decision
|
|switch|p2a: Donphan|Donphan, M|384\/384
|-damage|p2a: Donphan|360\/384|[from] Stealth Rock
|move|p1a: Toxicroak|Bulk Up|p1a: Toxicroak
|-boost|p1a: Toxicroak|atk|1
|-boost|p1a: Toxicroak|def|1
|
|-weather|RainDance|[upkeep]
|-heal|p1a: Toxicroak|307\/307 par|[from] ability: Dry Skin
|-heal|p2a: Donphan|384\/384|[from] item: Leftovers
|turn|31
|callback|decision
|
|move|p2a: Donphan|Earthquake|p1a: Toxicroak
|-supereffective|p1a: Toxicroak
|-damage|p1a: Toxicroak|0 fnt
|faint|p1a: Toxicroak
|
|-weather|RainDance|[upkeep]
|callback|decision
|
|switch|p1a: Patrick|Starmie|51\/261
|-damage|p1a: Patrick|19\/261|[from] Stealth Rock
|turn|32
|callback|decision
|
|move|p2a: Donphan|Ice Shard|p1a: Patrick
|-resisted|p1a: Patrick
|-damage|p1a: Patrick|0 fnt
|faint|p1a: Patrick
|
|-weather|RainDance|[upkeep]
|callback|decision
|
|switch|p1a: Fair-O-Thorn|Ferrothorn, F|198\/352
|-damage|p1a: Fair-O-Thorn|176\/352|[from] Stealth Rock
|turn|33
|callback|decision
|
|move|p2a: Donphan|Earthquake|p1a: Fair-O-Thorn
|-damage|p1a: Fair-O-Thorn|43\/352
|move|p1a: Fair-O-Thorn|Power Whip|p2a: Donphan
|-supereffective|p2a: Donphan
|-damage|p2a: Donphan|150\/384
|
|-weather|RainDance|[upkeep]
|-heal|p2a: Donphan|174\/384|[from] item: Leftovers
|-heal|p1a: Fair-O-Thorn|65\/352|[from] item: Leftovers
|turn|34
|callback|decision
|-message|tradekaiser forfeited.
|
|win|xoxothatguy
|raw|Ladder updating...
|raw|tradekaiser's rating: 1449 &rarr; <strong>1445<\/strong><br \/>(-4 for losing)
|raw|xoxothatguy's rating: 1603 &rarr; <strong>1622<\/strong><br \/>(+19 for winning)
|leave|tradekaiser
|player|p1