|join|tpan
|join|Tradekaiser
|player|p1|tpan|264
|player|p2|Tradekaiser|99
|gametype|singles
|tier|OU
|rated
|rule|Evasion Abilities Clause: Evasion abilities are banned
|clearpoke
|poke|p1|Azelf
|poke|p1|Garchomp, F
|poke|p1|Blissey, F
|poke|p1|Jirachi
|poke|p1|Infernape, M
|poke|p1|Kingdra, M
|poke|p2|Tyranitar, F
|poke|p2|Jellicent, F
|poke|p2|Heatran, F
|poke|p2|Keldeo-Resolute
|poke|p2|Scizor, M
|poke|p2|Gengar, F
|rule|Sleep Clause Mod: Limit one foe put to sleep
|rule|Species Clause: Limit one of each Pokemon
|rule|OHKO Clause: OHKO moves are banned
|rule|Moody Clause: Moody is banned
|rule|Evasion Moves Clause: Evasion moves are banned
|rule|HP Percentage Mod: HP is reported as percentages
|teampreview
|callback|decision
|chat|Tradekaiser|you again
|
|start
|switch|p1a: Kingdra|Kingdra, M|292\/292
|switch|p2a: Scizor|Scizor, M|281\/281
|turn|1
|callback|decision
|
|move|p2a: Scizor|U-turn|p1a: Kingdra
|-damage|p1a: Kingdra|160\/292
|callback|decision
|
|switch|p2a: Jellicent|Jellicent, F|403\/403
|move|p1a: Kingdra|Hydro Pump|p2a: Jellicent
|-immune|p2a: Jellicent|[msg]
|
|-heal|p1a: Kingdra|178\/292|[from] item: Leftovers
|turn|2
|callback|decision
|
|switch|p1a: Jirachi|Jirachi|404\/404
|move|p2a: Jellicent|Shadow Ball|p1a: Jirachi
|-damage|p1a: Jirachi|323\/404
|-unboost|p1a: Jirachi|spd|1
|
|-heal|p1a: Jirachi|348\/404|[from] item: Leftovers
|turn|3
|callback|decision
|
|switch|p2a: Heatran|Heatran, F|385\/385
|move|p1a: Jirachi|Thunder|p2a: Heatran
|-damage|p2a: Heatran|320\/385
|
|-heal|p1a: Jirachi|373\/404|[from] item: Leftovers
|-heal|p2a: Heatran|344\/385|[from] item: Leftovers
|turn|4
|callback|decision
|
|switch|p1a: Azelf|Azelf|292\/292
|move|p2a: Heatran|Stealth Rock|p1a: Azelf
|-sidestart|p1: tpan|move: Stealth Rock
|
|-heal|p2a: Heatran|368\/385|[from] item: Leftovers
|turn|5
|callback|decision
|
|move|p2a: Heatran|Protect|p2a: Heatran
|-singleturn|p2a: Heatran|Protect
|move|p1a: Azelf|Stealth Rock|p2a: Heatran
|-sidestart|p2: Tradekaiser|move: Stealth Rock
|
|-heal|p2a: Heatran|385\/385|[from] item: Leftovers
|turn|6
|callback|decision
|
|switch|p1a: Kingdra|Kingdra, M|178\/292
|-damage|p1a: Kingdra|142\/292|[from] Stealth Rock
|move|p2a: Heatran|Lava Plume|p1a: Kingdra
|-resisted|p1a: Kingdra
|-damage|p1a: Kingdra|112\/292
|
|-heal|p1a: Kingdra|130\/292|[from] item: Leftovers
|turn|7
|callback|decision
|
|switch|p2a: Jellicent|Jellicent, F|403\/403
|-damage|p2a: Jellicent|353\/403|[from] Stealth Rock
|move|p1a: Kingdra|Draco Meteor|p2a: Jellicent
|-damage|p2a: Jellicent|146\/403
|-unboost|p1a: Kingdra|spa|2
|
|-heal|p1a: Kingdra|148\/292|[from] item: Leftovers
|-heal|p2a: Jellicent|171\/403|[from] item: Leftovers
|turn|8
|callback|decision
|
|switch|p1a: Blissey|Blissey, F|714\/714
|-damage|p1a: Blissey|625\/714|[from] Stealth Rock
|move|p2a: Jellicent|Recover|p2a: Jellicent
|-heal|p2a: Jellicent|373\/403
|
|-heal|p2a: Jellicent|398\/403|[from] item: Leftovers
|-heal|p1a: Blissey|669\/714|[from] item: Leftovers
|turn|9
|callback|decision
|
|switch|p2a: Scizor|Scizor, M|281\/281
|-damage|p2a: Scizor|246\/281|[from] Stealth Rock
|move|p1a: Blissey|Thunder Wave|p2a: Scizor
|-status|p2a: Scizor|par
|
|-heal|p1a: Blissey|713\/714|[from] item: Leftovers
|turn|10
|callback|decision
|
|switch|p1a: Azelf|Azelf|292\/292
|-damage|p1a: Azelf|256\/292|[from] Stealth Rock
|cant|p2a: Scizor|par
|
|-heal|p1a: Azelf|274\/292|[from] item: Leftovers
|turn|11
|callback|decision
|
|move|p1a: Azelf|Flamethrower|p2a: Scizor
|-supereffective|p2a: Scizor
|-damage|p2a: Scizor|0 fnt
|faint|p2a: Scizor
|
|-heal|p1a: Azelf|292\/292|[from] item: Leftovers
|callback|decision
|
|switch|p2a: Heatran|Heatran, F|385\/385
|-damage|p2a: Heatran|337\/385|[from] Stealth Rock
|turn|12
|callback|decision
|
|move|p1a: Azelf|Taunt|p2a: Heatran
|-start|p2a: Heatran|move: Taunt
|move|p2a: Heatran|Lava Plume|p1a: Azelf
|-damage|p1a: Azelf|138\/292
|
|-heal|p1a: Azelf|156\/292|[from] item: Leftovers
|-heal|p2a: Heatran|361\/385|[from] item: Leftovers
|turn|13
|callback|decision
|
|switch|p1a: Kingdra|Kingdra, M|148\/292
|-damage|p1a: Kingdra|112\/292|[from] Stealth Rock
|move|p2a: Heatran|Lava Plume|p1a: Kingdra
|-crit|p1a: Kingdra
|-resisted|p1a: Kingdra
|-damage|p1a: Kingdra|48\/292
|
|-heal|p1a: Kingdra|66\/292|[from] item: Leftovers
|-heal|p2a: Heatran|385\/385|[from] item: Leftovers
|turn|14
|callback|decision
|
|switch|p1a: Blissey|Blissey, F|713\/714
|-damage|p1a: Blissey|624\/714|[from] Stealth Rock
|switch|p2a: Jellicent|Jellicent, F|398\/403
|-damage|p2a: Jellicent|348\/403|[from] Stealth Rock
|
|-heal|p2a: Jellicent|373\/403|[from] item: Leftovers
|-heal|p1a: Blissey|668\/714|[from] item: Leftovers
|turn|15
|callback|decision
|
|switch|p2a: Tyranitar|Tyranitar, F|341\/341
|-damage|p2a: Tyranitar|299\/341|[from] Stealth Rock
|-weather|Sandstorm|[from] ability: Sand Stream|[of] p2a: Tyranitar
|move|p1a: Blissey|Thunder Wave|p2a: Tyranitar
|-status|p2a: Tyranitar|par
|
|-weather|Sandstorm|[upkeep]
|-damage|p1a: Blissey|624\/714|[from] sandstorm
|-heal|p1a: Blissey|668\/714|[from] item: Leftovers
|turn|16
|callback|decision
|
|switch|p1a: Garchomp|Garchomp, F|358\/358
|-damage|p1a: Garchomp|336\/358|[from] Stealth Rock
|move|p2a: Tyranitar|Low Kick|p1a: Garchomp
|-damage|p1a: Garchomp|256\/358
|-damage|p2a: Tyranitar|257\/341 par|[from] ability: Rough Skin|[of] p1a: Garchomp
|
|-weather|Sandstorm|[upkeep]
|turn|17
|callback|decision
|
|move|p1a: Garchomp|Earthquake|p2a: Tyranitar
|-supereffective|p2a: Tyranitar
|-damage|p2a: Tyranitar|0 fnt
|faint|p2a: Tyranitar
|
|-weather|Sandstorm|[upkeep]
|callback|decision
|
|switch|p2a: Gengar|Gengar, F|262\/262
|-damage|p2a: Gengar|230\/262|[from] Stealth Rock
|turn|18
|callback|decision
|
|switch|p1a: Blissey|Blissey, F|668\/714
|-damage|p1a: Blissey|579\/714|[from] Stealth Rock
|move|p2a: Gengar|Hidden Power|p1a: Blissey
|-damage|p1a: Blissey|512\/714
|
|-weather|Sandstorm|[upkeep]
|-damage|p2a: Gengar|214\/262|[from] sandstorm
|-damage|p1a: Blissey|468\/714|[from] sandstorm
|-heal|p1a: Blissey|512\/714|[from] item: Leftovers
|turn|19
|callback|decision
|
|switch|p2a: Heatran|Heatran, F|385\/385
|-damage|p2a: Heatran|337\/385|[from] Stealth Rock
|move|p1a: Blissey|Thunder Wave|p2a: Heatran
|-status|p2a: Heatran|par
|
|-weather|Sandstorm|[upkeep]
|-damage|p1a: Blissey|468\/714|[from] sandstorm
|-heal|p1a: Blissey|512\/714|[from] item: Leftovers
|-heal|p2a: Heatran|361\/385 par|[from] item: Leftovers
|turn|20
|callback|decision
|
|switch|p1a: Kingdra|Kingdra, M|66\/292
|-damage|p1a: Kingdra|30\/292|[from] Stealth Rock
|move|p2a: Heatran|Roar|p1a: Kingdra
|drag|p1a: Jirachi|Jirachi|373\/404
|-damage|p1a: Jirachi|348\/404|[from] Stealth Rock
|
|-weather|Sandstorm|[upkeep]
|-heal|p1a: Jirachi|373\/404|[from] item: Leftovers
|-heal|p2a: Heatran|385\/385 par|[from] item: Leftovers
|turn|21
|callback|decision
|
|switch|p1a: Blissey|Blissey, F|512\/714
|-damage|p1a: Blissey|423\/714|[from] Stealth Rock
|move|p2a: Heatran|Lava Plume|p1a: Blissey
|-damage|p1a: Blissey|324\/714
|
|-weather|Sandstorm|[upkeep]
|-damage|p1a: Blissey|280\/714|[from] sandstorm
|-heal|p1a: Blissey|324\/714|[from] item: Leftovers
|turn|22
|callback|decision
|
|move|p1a: Blissey|Softboiled|p1a: Blissey
|-heal|p1a: Blissey|681\/714
|move|p2a: Heatran|Lava Plume|p1a: Blissey
|-damage|p1a: Blissey|597\/714
|-status|p1a: Blissey|brn
|
|-weather|Sandstorm|[upkeep]
|-damage|p1a: Blissey|553\/714 brn|[from] sandstorm
|-heal|p1a: Blissey|597\/714 brn|[from] item: Leftovers
|-damage|p1a: Blissey|508\/714 brn|[from] brn
|turn|23
|callback|decision
|
|switch|p1a: Kingdra|Kingdra, M|30\/292
|-damage|p1a: Kingdra|0 fnt|[from] Stealth Rock
|faint|p1a: Kingdra
|switch|p2a: Keldeo-Resolute|Keldeo-Resolute|323\/323
|-damage|p2a: Keldeo-Resolute|303\/323|[from] Stealth Rock
|
|-weather|Sandstorm|[upkeep]
|-damage|p2a: Keldeo-Resolute|283\/323|[from] sandstorm
|callback|decision
|
|switch|p1a: Azelf|Azelf|156\/292
|-damage|p1a: Azelf|120\/292|[from] Stealth Rock
|turn|24
|callback|decision
|
|move|p1a: Azelf|Flamethrower|p2a: Keldeo-Resolute
|-resisted|p2a: Keldeo-Resolute
|-damage|p2a: Keldeo-Resolute|222\/323
|move|p2a: Keldeo-Resolute|Icy Wind|p1a: Azelf
|-damage|p1a: Azelf|6\/292
|-unboost|p1a: Azelf|spe|1
|-damage|p2a: Keldeo-Resolute|190\/323|[from] item: Life Orb
|
|-weather|Sandstorm|[upkeep]
|-damage|p2a: Keldeo-Resolute|170\/323|[from] sandstorm
|-damage|p1a: Azelf|0 fnt|[from] sandstorm
|faint|p1a: Azelf
|callback|decision
|
|switch|p1a: Garchomp|Garchomp, F|256\/358
|-damage|p1a: Garchomp|234\/358|[from] Stealth Rock
|turn|25
|callback|decision
|
|switch|p2a: Gengar|Gengar, F|214\/262
|-damage|p2a: Gengar|182\/262|[from] Stealth Rock
|move|p1a: Garchomp|Earthquake|p2a: Gengar
|-immune|p2a: Gengar|[msg]
|
|-weather|Sandstorm|[upkeep]
|-damage|p2a: Gengar|166\/262|[from] sandstorm
|turn|26
|callback|decision
|
|switch|p2a: Keldeo-Resolute|Keldeo-Resolute|170\/323
|-damage|p2a: Keldeo-Resolute|150\/323|[from] Stealth Rock
|switch|p1a: Blissey|Blissey, F|508\/714
|-damage|p1a: Blissey|419\/714|[from] Stealth Rock
|
|-weather|Sandstorm|[upkeep]
|-damage|p2a: Keldeo-Resolute|130\/323|[from] sandstorm
|-damage|p1a: Blissey|375\/714|[from] sandstorm
|-heal|p1a: Blissey|419\/714|[from] item: Leftovers
|turn|27
|callback|decision
|
|move|p2a: Keldeo-Resolute|Secret Sword|p1a: Blissey
|-supereffective|p1a: Blissey
|-damage|p1a: Blissey|0 fnt
|-damage|p2a: Keldeo-Resolute|98\/323|[from] item: Life Orb
|faint|p1a: Blissey
|
|-weather|Sandstorm|[upkeep]
|-damage|p2a: Keldeo-Resolute|78\/323|[from] sandstorm
|callback|decision
|
|switch|p1a: Infernape|Infernape, M|293\/293
|-damage|p1a: Infernape|257\/293|[from] Stealth Rock
|turn|28
|callback|decision
|chat|Tradekaiser|blissey defeated!!!
|
|switch|p2a: Heatran|Heatran, F|385\/385 par
|-damage|p2a: Heatran|337\/385 par|[from] Stealth Rock
|move|p1a: Infernape|ThunderPunch|p2a: Heatran
|-damage|p2a: Heatran|260\/385 par
|
|-weather|Sandstorm|[upkeep]
|-damage|p1a: Infernape|239\/293|[from] sandstorm
|-heal|p2a: Heatran|284\/385 par|[from] item: Leftovers
|turn|29
|callback|decision
|
|move|p2a: Heatran|Protect|p2a: Heatran
|-singleturn|p2a: Heatran|Protect
|move|p1a: Infernape|Close Combat|p2a: Heatran
|-activate|p2a: Heatran|Protect
|
|-weather|Sandstorm|[upkeep]
|-damage|p1a: Infernape|221\/293|[from] sandstorm
|-heal|p2a: Heatran|308\/385 par|[from] item: Leftovers
|turn|30
|callback|decision
|
|switch|p2a: Jellicent|Jellicent, F|373\/403
|-damage|p2a: Jellicent|323\/403|[from] Stealth Rock
|move|p1a: Infernape|Flamethrower|p2a: Jellicent
|-resisted|p2a: Jellicent
|-damage|p2a: Jellicent|260\/403
|
|-weather|Sandstorm|[upkeep]
|-damage|p1a: Infernape|203\/293|[from] sandstorm
|-damage|p2a: Jellicent|235\/403|[from] sandstorm
|-heal|p2a: Jellicent|260\/403|[from] item: Leftovers
|turn|31
|callback|decision
|
|move|p1a: Infernape|ThunderPunch|p2a: Jellicent
|-supereffective|p2a: Jellicent
|-damage|p2a: Jellicent|112\/403
|move|p2a: Jellicent|Scald|p1a: Infernape
|-supereffective|p1a: Infernape
|-damage|p1a: Infernape|0 fnt
|faint|p1a: Infernape
|
|-weather|Sandstorm|[upkeep]
|-damage|p2a: Jellicent|87\/403|[from] sandstorm
|-heal|p2a: Jellicent|112\/403|[from] item: Leftovers
|callback|decision
|
|switch|p1a: Jirachi|Jirachi|373\/404
|-damage|p1a: Jirachi|348\/404|[from] Stealth Rock
|turn|32
|callback|decision
|
|move|p1a: Jirachi|Thunder|p2a: Jellicent
|-supereffective|p2a: Jellicent
|-damage|p2a: Jellicent|0 fnt
|faint|p2a: Jellicent
|
|-weather|Sandstorm|[upkeep]
|-heal|p1a: Jirachi|373\/404|[from] item: Leftovers
|callback|decision
|
|switch|p2a: Heatran|Heatran, F|308\/385 par
|-damage|p2a: Heatran|260\/385 par|[from] Stealth Rock
|turn|33
|callback|decision
|
|move|p1a: Jirachi|Substitute|p1a: Jirachi
|-start|p1a: Jirachi|Substitute
|-damage|p1a: Jirachi|272\/404
|cant|p2a: Heatran|par
|
|-weather|Sandstorm|[upkeep]
|-heal|p1a: Jirachi|297\/404|[from] item: Leftovers
|-heal|p2a: Heatran|284\/385 par|[from] item: Leftovers
|turn|34
|callback|decision
|
|move|p1a: Jirachi|Calm Mind|p1a: Jirachi
|-boost|p1a: Jirachi|spa|1
|-boost|p1a: Jirachi|spd|1
|cant|p2a: Heatran|par
|
|-weather|Sandstorm|[upkeep]
|-heal|p1a: Jirachi|322\/404|[from] item: Leftovers
|-heal|p2a: Heatran|308\/385 par|[from] item: Leftovers
|turn|35
|callback|decision
|
|switch|p2a: Keldeo-Resolute|Keldeo-Resolute|78\/323
|-damage|p2a: Keldeo-Resolute|58\/323|[from] Stealth Rock
|move|p1a: Jirachi|Calm Mind|p1a: Jirachi
|-boost|p1a: Jirachi|spa|1
|-boost|p1a: Jirachi|spd|1
|
|-weather|Sandstorm|[upkeep]
|-damage|p2a: Keldeo-Resolute|38\/323|[from] sandstorm
|-heal|p1a: Jirachi|347\/404|[from] item: Leftovers
|turn|36
|callback|decision
|
|move|p2a: Keldeo-Resolute|Secret Sword|p1a: Jirachi
|-end|p1a: Jirachi|Substitute
|-damage|p2a: Keldeo-Resolute|6\/323|[from] item: Life Orb
|move|p1a: Jirachi|Calm Mind|p1a: Jirachi
|-boost|p1a: Jirachi|spa|1
|-boost|p1a: Jirachi|spd|1
|
|-weather|Sandstorm|[upkeep]
|-damage|p2a: Keldeo-Resolute|0 fnt|[from] sandstorm
|-heal|p1a: Jirachi|372\/404|[from] item: Leftovers
|faint|p2a: Keldeo-Resolute
|callback|decision
|
|switch|p2a: Gengar|Gengar, F|166\/262
|-damage|p2a: Gengar|134\/262|[from] Stealth Rock
|turn|37
|callback|decision
|
|move|p2a: Gengar|Focus Blast|p1a: Jirachi
|-damage|p1a: Jirachi|315\/404
|-unboost|p1a: Jirachi|spd|1
|move|p1a: Jirachi|Substitute|p1a: Jirachi
|-start|p1a: Jirachi|Substitute
|-damage|p1a: Jirachi|214\/404
|
|-weather|Sandstorm|[upkeep]
|-damage|p2a: Gengar|118\/262|[from] sandstorm
|-heal|p1a: Jirachi|239\/404|[from] item: Leftovers
|turn|38
|callback|decision
|
|switch|p2a: Heatran|Heatran, F|308\/385 par
|-damage|p2a: Heatran|260\/385 par|[from] Stealth Rock
|move|p1a: Jirachi|Psychic|p2a: Heatran
|-crit|p2a: Heatran
|-resisted|p2a: Heatran
|-damage|p2a: Heatran|78\/385 par
|
|-weather|Sandstorm|[upkeep]
|-heal|p1a: Jirachi|264\/404|[from] item: Leftovers
|-heal|p2a: Heatran|102\/385 par|[from] item: Leftovers
|turn|39
|callback|decision
|
|move|p2a: Heatran|Protect|p2a: Heatran
|-singleturn|p2a: Heatran|Protect
|move|p1a: Jirachi|Psychic|p2a: Heatran
|-activate|p2a: Heatran|Protect
|
|-weather|Sandstorm|[upkeep]
|-heal|p1a: Jirachi|289\/404|[from] item: Leftovers
|-heal|p2a: Heatran|126\/385 par|[from] item: Leftovers
|turn|40
|callback|decision
|
|move|p1a: Jirachi|Psychic|p2a: Heatran
|-resisted|p2a: Heatran
|-damage|p2a: Heatran|34\/385 par
|move|p2a: Heatran|Roar|p1a: Jirachi
|drag|p1a: Garchomp|Garchomp, F|234\/358
|-damage|p1a: Garchomp|212\/358|[from] Stealth Rock
|
|-weather|Sandstorm|[upkeep]
|-heal|p2a: Heatran|58\/385 par|[from] item: Leftovers
|turn|41
|callback|decision
|
|move|p2a: Heatran|Protect|p2a: Heatran
|-singleturn|p2a: Heatran|Protect
|move|p1a: Garchomp|Outrage|p2a: Heatran
|-activate|p2a: Heatran|Protect
|
|-weather|Sandstorm|[upkeep]
|-heal|p2a: Heatran|82\/385 par|[from] item: Leftovers
|turn|42
|callback|decision
|
|move|p1a: Garchomp|Outrage|p2a: Heatran
|-crit|p2a: Heatran
|-resisted|p2a: Heatran
|-damage|p2a: Heatran|0 fnt
|faint|p2a: Heatran
|
|-weather|Sandstorm|[upkeep]
|callback|decision
|
|switch|p2a: Gengar|Gengar, F|118\/262
|-damage|p2a: Gengar|86\/262|[from] Stealth Rock
|turn|43
|callback|decision
|
|move|p2a: Gengar|Shadow Ball|p1a: Garchomp
|-damage|p1a: Garchomp|40\/358
|move|p1a: Garchomp|Outrage|p2a: Gengar
|-damage|p2a: Gengar|0 fnt
|faint|p2a: Gengar
|
|win|tpan
|raw|Ladder updating...
|raw|tpan's rating: 1709 &rarr; <strong>1712<\/strong><br \/>(+3 for winning)
|raw|Tradekaiser's rating: 1531 &rarr; <strong>1528<\/strong><br \/>(-3 for losing)
|chat|tpan|gg
|leave|Tradekaiser
|player|p2