|join|St.Dennis
|join|Tradekaiser
|player|p1|St.Dennis|161
|player|p2|Tradekaiser|101
|gametype|singles
|tier|OU
|rated
|rule|Evasion Abilities Clause: Evasion abilities are banned
|clearpoke
|poke|p1|Ninetales, F, shiny
|poke|p1|Scizor, F
|poke|p1|Machamp, F
|poke|p1|Froslass, F
|poke|p1|Venusaur, M, shiny
|poke|p1|Dragonite, M
|poke|p2|Infernape, M
|poke|p2|Dragonite, F
|poke|p2|Hydreigon, F
|poke|p2|Ditto
|poke|p2|Gyarados, F
|poke|p2|Jirachi
|rule|Sleep Clause Mod: Limit one foe put to sleep
|rule|Species Clause: Limit one of each Pokemon
|rule|OHKO Clause: OHKO moves are banned
|rule|Moody Clause: Moody is banned
|rule|Evasion Moves Clause: Evasion moves are banned
|rule|HP Percentage Mod: HP is reported as percentages
|teampreview
|callback|decision
|
|start
|switch|p1a: Froslass|Froslass, F|282\/282
|switch|p2a: Infernape|Infernape, M|293\/293
|turn|1
|callback|decision
|
|move|p1a: Froslass|Taunt|p2a: Infernape
|-start|p2a: Infernape|move: Taunt
|cant|p2a: Infernape|move: Taunt|Stealth Rock
|
|turn|2
|callback|decision
|
|move|p1a: Froslass|Spikes|p2a: Infernape
|-sidestart|p2: Tradekaiser|Spikes
|move|p2a: Infernape|Overheat|p1a: Froslass
|-supereffective|p1a: Froslass
|-enditem|p1a: Froslass|Focus Sash
|-damage|p1a: Froslass|1\/282
|-unboost|p2a: Infernape|spa|2
|
|turn|3
|callback|decision
|
|switch|p2a: Dragonite|Dragonite, F|386\/386
|move|p1a: Froslass|Destiny Bond|p1a: Froslass
|-singlemove|p1a: Froslass|Destiny Bond
|
|turn|4
|callback|decision
|
|move|p1a: Froslass|Ice Beam|p2a: Dragonite
|-supereffective|p2a: Dragonite
|-damage|p2a: Dragonite|206\/386
|move|p2a: Dragonite|Substitute|p2a: Dragonite
|-start|p2a: Dragonite|Substitute
|-damage|p2a: Dragonite|110\/386
|
|-heal|p2a: Dragonite|134\/386|[from] item: Leftovers
|turn|5
|callback|decision
|
|move|p1a: Froslass|Destiny Bond|p1a: Froslass
|-singlemove|p1a: Froslass|Destiny Bond
|move|p2a: Dragonite|Dragon Tail|p1a: Froslass
|-damage|p1a: Froslass|0 fnt
|faint|p1a: Froslass
|-activate|p1a: Froslass|Destiny Bond
|faint|p2a: Dragonite
|
|callback|decision
|
|switch|p1a: Ninetales|Ninetales, F, shiny|287\/287
|switch|p2a: Gyarados|Gyarados, F|353\/353
|-weather|SunnyDay|[from] ability: Drought|[of] p1a: Ninetales
|-ability|p2a: Gyarados|Intimidate|[of] p1a: Ninetales
|-unboost|p1a: Ninetales|atk|1
|turn|6
|callback|decision
|
|move|p1a: Ninetales|Overheat|p2a: Gyarados
|-resisted|p2a: Gyarados
|-damage|p2a: Gyarados|221\/353
|-unboost|p1a: Ninetales|spa|2
|move|p2a: Gyarados|Earthquake|p1a: Ninetales
|-supereffective|p1a: Ninetales
|-enditem|p1a: Ninetales|Focus Sash
|-damage|p1a: Ninetales|1\/287
|
|-weather|SunnyDay|[upkeep]
|turn|7
|callback|decision
|
|switch|p2a: Infernape|Infernape, M|293\/293
|-damage|p2a: Infernape|257\/293|[from] Spikes
|move|p1a: Ninetales|Power Swap|p2a: Infernape
|-swapboost|p1a: Ninetales|p2a: Infernape|atk, spa|[from] move: Power Swap
|
|-weather|SunnyDay|[upkeep]
|turn|8
|callback|decision
|
|move|p2a: Infernape|Stealth Rock|p1a: Ninetales
|-sidestart|p1: St.Dennis|move: Stealth Rock
|move|p1a: Ninetales|Overheat|p2a: Infernape
|-resisted|p2a: Infernape
|-damage|p2a: Infernape|74\/293
|-unboost|p1a: Ninetales|spa|2
|
|-weather|SunnyDay|[upkeep]
|turn|9
|callback|decision
|
|move|p2a: Infernape|Fake Out|p1a: Ninetales
|-fail|p1a: Ninetales
|move|p1a: Ninetales|Overheat|p2a: Infernape
|-resisted|p2a: Infernape
|-damage|p2a: Infernape|0 fnt
|-unboost|p1a: Ninetales|spa|2
|faint|p2a: Infernape
|
|-weather|SunnyDay|[upkeep]
|callback|decision
|
|switch|p2a: Hydreigon|Hydreigon, F|326\/326
|turn|10
|callback|decision
|
|move|p1a: Ninetales|Power Swap|p2a: Hydreigon
|-swapboost|p1a: Ninetales|p2a: Hydreigon|atk, spa|[from] move: Power Swap
|move|p2a: Hydreigon|Dark Pulse|p1a: Ninetales
|-damage|p1a: Ninetales|0 fnt
|-damage|p2a: Hydreigon|294\/326|[from] item: Life Orb
|faint|p1a: Ninetales
|
|-weather|SunnyDay|[upkeep]
|callback|decision
|
|switch|p1a: Venusaur|Venusaur, M, shiny|319\/319
|-damage|p1a: Venusaur|280\/319|[from] Stealth Rock
|turn|11
|callback|decision
|
|switch|p2a: Jirachi|Jirachi|404\/404
|-damage|p2a: Jirachi|354\/404|[from] Spikes
|move|p1a: Venusaur|Growth|p1a: Venusaur
|-boost|p1a: Venusaur|atk|2
|-boost|p1a: Venusaur|spa|2
|
|-weather|SunnyDay|[upkeep]
|-heal|p2a: Jirachi|379\/404|[from] item: Leftovers
|turn|12
|callback|decision
|
|move|p1a: Venusaur|Hidden Power|p2a: Jirachi
|-supereffective|p2a: Jirachi
|-damage|p2a: Jirachi|0 fnt
|-damage|p1a: Venusaur|249\/319|[from] item: Life Orb
|faint|p2a: Jirachi
|
|-weather|SunnyDay|[upkeep]
|callback|decision
|
|switch|p2a: Hydreigon|Hydreigon, F|294\/326
|turn|13
|callback|decision
|
|move|p1a: Venusaur|Sludge Bomb|p2a: Hydreigon
|-damage|p2a: Hydreigon|0 fnt
|-damage|p1a: Venusaur|218\/319|[from] item: Life Orb
|faint|p2a: Hydreigon
|
|-weather|SunnyDay|[upkeep]
|callback|decision
|
|switch|p2a: Ditto|Ditto|300\/300
|-damage|p2a: Ditto|263\/300|[from] Spikes
|-transform|p2a: Ditto|p1a: Venusaur
|turn|14
|callback|decision
|
|move|p2a: Ditto|Sludge Bomb|p1a: Venusaur
|-damage|p1a: Venusaur|0 fnt
|faint|p1a: Venusaur
|
|-weather|SunnyDay|[upkeep]
|callback|decision
|
|switch|p1a: Dragonite|Dragonite, M|324\/324
|-damage|p1a: Dragonite|243\/324|[from] Stealth Rock
|turn|15
|callback|decision
|
|move|p1a: Dragonite|ExtremeSpeed|p2a: Ditto
|-damage|p2a: Ditto|73\/300
|move|p2a: Ditto|Sludge Bomb|p1a: Dragonite
|-damage|p1a: Dragonite|0 fnt
|faint|p1a: Dragonite
|
|-weather|SunnyDay|[upkeep]
|callback|decision
|
|switch|p1a: The King Engine|Scizor, F|282\/282
|-damage|p1a: The King Engine|247\/282|[from] Stealth Rock
|turn|16
|callback|decision
|
|switch|p2a: Gyarados|Gyarados, F|221\/353
|-ability|p2a: Gyarados|Intimidate|[of] p1a: The King Engine
|-unboost|p1a: The King Engine|atk|1
|move|p1a: The King Engine|Bullet Punch|p2a: Gyarados
|-resisted|p2a: Gyarados
|-damage|p2a: Gyarados|160\/353
|-damage|p1a: The King Engine|219\/282|[from] item: Life Orb
|
|-weather|SunnyDay|[upkeep]
|turn|17
|callback|decision
|
|switch|p1a: Machamp|Machamp, F|371\/371
|-damage|p1a: Machamp|348\/371|[from] Stealth Rock
|move|p2a: Gyarados|Waterfall|p1a: Machamp
|-damage|p1a: Machamp|210\/371
|
|-weather|SunnyDay|[upkeep]
|-heal|p1a: Machamp|233\/371|[from] item: Leftovers
|turn|18
|callback|decision
|
|move|p2a: Gyarados|Waterfall|p1a: Machamp
|-damage|p1a: Machamp|98\/371
|move|p1a: Machamp|Stone Edge|p2a: Gyarados
|-supereffective|p2a: Gyarados
|-damage|p2a: Gyarados|0 fnt
|faint|p2a: Gyarados
|
|-weather|SunnyDay|[upkeep]
|-heal|p1a: Machamp|121\/371|[from] item: Leftovers
|callback|decision
|
|switch|p2a: Ditto|Ditto|73\/300
|-damage|p2a: Ditto|36\/300|[from] Spikes
|-transform|p2a: Ditto|p1a: Machamp
|turn|19
|callback|decision
|
|move|p2a: Ditto|DynamicPunch|p1a: Machamp
|-damage|p1a: Machamp|0 fnt
|faint|p1a: Machamp
|
|-weather|SunnyDay|[upkeep]
|callback|decision
|
|switch|p1a: The King Engine|Scizor, F|219\/282
|-damage|p1a: The King Engine|184\/282|[from] Stealth Rock
|turn|20
|callback|decision
|chat|St.Dennis|Lost both speed ties
|
|move|p1a: The King Engine|Bullet Punch|p2a: Ditto
|-damage|p2a: Ditto|0 fnt
|-damage|p1a: The King Engine|156\/282|[from] item: Life Orb
|faint|p2a: Ditto
|
|win|St.Dennis
|raw|Ladder updating...
|raw|St.Dennis's rating: 1561 &rarr; <strong>1565<\/strong><br \/>(+4 for winning)
|raw|Tradekaiser's rating: 1583 &rarr; <strong>1579<\/strong><br \/>(-4 for losing)
|chat|St.Dennis|gg