|join|Tradekaiser
|join|Pan1k
|player|p1|Tradekaiser|1
|player|p2|Pan1k|293
|gametype|singles
|tier|OU (beta)
|rated
|clearpoke
|poke|p1|Smeargle, F
|poke|p1|Kangaskhan, F
|poke|p1|Staraptor, F
|poke|p1|Ditto
|poke|p1|Exploud, M
|poke|p1|Chansey, F
|poke|p2|Sylveon, F
|poke|p2|Malamar, F
|poke|p2|Lucario, M
|poke|p2|Garchomp, M
|poke|p2|Rotom-Wash
|poke|p2|Tyrantrum, F
|rule|Sleep Clause Mod: Limit one foe put to sleep
|rule|Species Clause: Limit one of each Pokemon
|rule|OHKO Clause: OHKO moves are banned
|rule|Moody Clause: Moody is banned
|rule|Evasion Moves Clause: Evasion moves are banned
|rule|HP Percentage Mod: HP is reported as percentages
|teampreview
|callback|decision
|
|start
|switch|p1a: Smeargle|Smeargle, F|314\/314
|switch|p2a: Sylveon|Sylveon, F|394\/394
|turn|1
|callback|decision
|
|move|p1a: Smeargle|Spore|p2a: Sylveon
|-status|p2a: Sylveon|slp
|cant|p2a: Sylveon|slp
|
|turn|2
|callback|decision
|
|switch|p2a: Lucario|Lucario, M|282\/282
|move|p1a: Smeargle|Stealth Rock|p2a: Lucario
|-sidestart|p2: Pan1k|move: Stealth Rock
|
|turn|3
|callback|decision
|
|move|p2a: Lucario|Nasty Plot|p2a: Lucario
|-boost|p2a: Lucario|spa|2
|move|p1a: Smeargle|Sticky Web|p2a: Lucario
|-sidestart|p2: Pan1k|move: Sticky Web
|
|turn|4
|callback|decision
|
|switch|p1a: Chansey|Chansey, F|704\/704
|move|p2a: Lucario|Nasty Plot|p2a: Lucario
|-boost|p2a: Lucario|spa|2
|
|turn|5
|callback|decision
|
|-formechange|p2a: Lucario|Lucario-Mega
|message|Lucario has Mega Evolved into Mega Lucario!
|move|p2a: Lucario|Aura Sphere|p1a: Chansey
|-supereffective|p1a: Chansey
|-damage|p1a: Chansey|0 fnt
|faint|p1a: Chansey
|
|callback|decision
|
|switch|p1a: Ditto|Ditto|300\/300
|-transform|p1a: Ditto|p2a: Lucario
|turn|6
|callback|decision
|
|move|p2a: Lucario|Vacuum Wave|p1a: Ditto
|-supereffective|p1a: Ditto
|-damage|p1a: Ditto|0 fnt
|faint|p1a: Ditto
|
|callback|decision
|
|switch|p1a: Staraptor|Staraptor, F|312\/312
|turn|7
|callback|decision
|
|move|p2a: Lucario|Vacuum Wave|p1a: Staraptor
|-damage|p1a: Staraptor|0 fnt
|faint|p1a: Staraptor
|
|callback|decision
|
|switch|p1a: Kangaskhan|Kangaskhan, F|352\/352
|turn|8
|callback|decision
|
|-formechange|p1a: Kangaskhan|Kangaskhan-Mega
|message|Kangaskhan has Mega Evolved into Mega Kangaskhan!
|move|p2a: Lucario|Aura Sphere|p1a: Kangaskhan
|-supereffective|p1a: Kangaskhan
|-damage|p1a: Kangaskhan|0 fnt
|faint|p1a: Kangaskhan
|
|callback|decision
|
|switch|p1a: Exploud|Exploud, M|349\/349
|turn|9
|callback|decision
|
|move|p2a: Lucario|Aura Sphere|p1a: Exploud
|-supereffective|p1a: Exploud
|-damage|p1a: Exploud|0 fnt
|faint|p1a: Exploud
|
|callback|decision
|
|switch|p1a: Smeargle|Smeargle, F|314\/314
|turn|10
|callback|decision
|
|move|p2a: Lucario|Aura Sphere|p1a: Smeargle
|-supereffective|p1a: Smeargle
|-enditem|p1a: Smeargle|Focus Sash
|-damage|p1a: Smeargle|1\/314
|move|p1a: Smeargle|Spore|p2a: Lucario
|-message|Sleep Clause Mod activated.
|-fail|p2a: Lucario
|
|turn|11
|callback|decision
|chat|Pan1k|ggwp
|
|move|p1a: Smeargle|Magic Coat|p1a: Smeargle
|-singleturn|p1a: Smeargle|move: Magic Coat
|move|p2a: Lucario|Vacuum Wave|p1a: Smeargle
|-supereffective|p1a: Smeargle
|-damage|p1a: Smeargle|0 fnt
|faint|p1a: Smeargle
|
|win|Pan1k
|raw|Ladder updating...
|raw|Tradekaiser's rating: 1716 &rarr; <strong>1711<\/strong><br \/>(-5 for losing)
|raw|Pan1k's rating: 1685 &rarr; <strong>1689<\/strong><br \/>(+4 for winning)