|join|Tradekaiser
|join|CobaZ
|player|p1|Tradekaiser|102
|player|p2|CobaZ|162
|gametype|singles
|gen|6
|tier|OU (suspect test)
|rated
|clearpoke
|poke|p1|Lopunny, F
|poke|p1|Gengar, M
|poke|p1|Thundurus, M
|poke|p1|Landorus-Therian, M
|poke|p1|Heatran, M
|poke|p1|Starmie
|poke|p2|Diancie
|poke|p2|Mamoswine, F
|poke|p2|Gengar, F
|poke|p2|Conkeldurr, F
|poke|p2|Landorus-Therian, M
|poke|p2|Sylveon, F
|rule|Swagger Clause: Swagger is banned
|rule|Baton Pass Clause: Limit one PokÃ©mon knowing Baton Pass
|rule|Sleep Clause Mod: Limit one foe put to sleep
|rule|Species Clause: Limit one of each PokÃ©mon
|rule|OHKO Clause: OHKO moves are banned
|rule|Moody Clause: Moody is banned
|rule|Evasion Moves Clause: Evasion moves are banned
|rule|Endless Battle Clause: Forcing endless battles is banned
|rule|HP Percentage Mod: HP is shown in percentages
|teampreview
|
|start
|switch|p1a: Gengar|Gengar, M|261\/261
|switch|p2a: Mamoswine|Mamoswine, F|361\/361
|turn|1
|
|switch|p1a: Starmie|Starmie|323\/323
|move|p2a: Mamoswine|Stealth Rock|p1a: Starmie
|-sidestart|p1: Tradekaiser|move: Stealth Rock
|
|turn|2
|
|move|p1a: Starmie|Scald|p2a: Mamoswine
|-supereffective|p2a: Mamoswine
|-damage|p2a: Mamoswine|97\/361
|-status|p2a: Mamoswine|brn
|move|p2a: Mamoswine|Knock Off|p1a: Starmie
|-supereffective|p1a: Starmie
|-damage|p1a: Starmie|189\/323
|-enditem|p1a: Starmie|Leftovers|[from] move: Knock Off|[of] p2a: Mamoswine
|
|-damage|p2a: Mamoswine|52\/361 brn|[from] brn
|turn|3
|
|move|p2a: Mamoswine|Ice Shard|p1a: Starmie
|-resisted|p1a: Starmie
|-damage|p1a: Starmie|169\/323
|move|p1a: Starmie|Rapid Spin|p2a: Mamoswine
|-damage|p2a: Mamoswine|37\/361 brn
|-sideend|p1: Tradekaiser|Stealth Rock|[from] move: Rapid Spin|[of] p1a: Starmie
|
|-damage|p2a: Mamoswine|0 fnt|[from] brn
|faint|p2a: Mamoswine
|
|switch|p2a: Gengar|Gengar, F|261\/261
|turn|4
|
|switch|p1a: Lopunny|Lopunny, F|271\/271
|move|p2a: Gengar|Shadow Ball|p1a: Lopunny
|-immune|p1a: Lopunny|[msg]
|
|turn|5
|
|switch|p2a: Sylveon|Sylveon, F|393\/393
|detailschange|p1a: Lopunny|Lopunny-Mega, F
|-mega|p1a: Lopunny|Lopunny|Lopunnite
|move|p1a: Lopunny|Fake Out|p2a: Sylveon
|-damage|p2a: Sylveon|326\/393
|
|-heal|p2a: Sylveon|350\/393|[from] item: Leftovers
|turn|6
|
|switch|p1a: Heatran|Heatran, M|326\/326
|-item|p1a: Heatran|Air Balloon
|move|p2a: Sylveon|Protect|p2a: Sylveon
|-fail|p2a: Sylveon
|
|-heal|p2a: Sylveon|374\/393|[from] item: Leftovers
|turn|7
|
|switch|p2a: Conkeldurr|Conkeldurr, F|351\/351
|move|p1a: Heatran|Stealth Rock|p2a: Conkeldurr
|-sidestart|p2: CobaZ|move: Stealth Rock
|
|turn|8
|
|switch|p1a: Starmie|Starmie|169\/323
|move|p2a: Conkeldurr|Drain Punch|p1a: Starmie
|-resisted|p1a: Starmie
|-damage|p1a: Starmie|74\/323
|
|turn|9
|
|switch|p2a: Sylveon|Sylveon, F|374\/393
|-damage|p2a: Sylveon|325\/393|[from] Stealth Rock
|move|p1a: Starmie|Recover|p1a: Starmie
|-heal|p1a: Starmie|236\/323
|
|-heal|p2a: Sylveon|349\/393|[from] item: Leftovers
|turn|10
|
|move|p1a: Starmie|Scald|p2a: Sylveon
|-damage|p2a: Sylveon|270\/393
|move|p2a: Sylveon|Hyper Voice|p1a: Starmie
|-damage|p1a: Starmie|67\/323
|
|-heal|p2a: Sylveon|294\/393|[from] item: Leftovers
|turn|11
|
|move|p1a: Starmie|Scald|p2a: Sylveon
|-damage|p2a: Sylveon|221\/393
|move|p2a: Sylveon|Hyper Voice|p1a: Starmie
|-damage|p1a: Starmie|0 fnt
|faint|p1a: Starmie
|
|-heal|p2a: Sylveon|245\/393|[from] item: Leftovers
|
|switch|p1a: Gengar|Gengar, M|261\/261
|turn|12
|
|switch|p2a: Gengar|Gengar, F|261\/261
|-damage|p2a: Gengar|229\/261|[from] Stealth Rock
|move|p1a: Gengar|Sludge Wave|p2a: Gengar
|-resisted|p2a: Gengar
|-damage|p2a: Gengar|174\/261
|
|turn|13
|
|move|p2a: Gengar|Energy Ball|p1a: Gengar
|-resisted|p1a: Gengar
|-damage|p1a: Gengar|191\/261
|move|p1a: Gengar|Shadow Ball|p2a: Gengar
|-supereffective|p2a: Gengar
|-damage|p2a: Gengar|0 fnt
|faint|p2a: Gengar
|
|
|switch|p2a: Landorus-Therian|Landorus-Therian, M|319\/319
|-damage|p2a: Landorus-Therian|280\/319|[from] Stealth Rock
|-ability|p2a: Landorus-Therian|Intimidate|[of] p1a: Gengar
|-unboost|p1a: Gengar|atk|1
|turn|14
|
|switch|p1a: Lopunny|Lopunny-Mega, F|271\/271
|move|p2a: Landorus-Therian|Knock Off|p1a: Lopunny
|-resisted|p1a: Lopunny
|-damage|p1a: Lopunny|227\/271
|
|turn|15
|
|switch|p2a: Sylveon|Sylveon, F|245\/393
|-damage|p2a: Sylveon|196\/393|[from] Stealth Rock
|move|p1a: Lopunny|Fake Out|p2a: Sylveon
|-damage|p2a: Sylveon|130\/393
|
|-heal|p2a: Sylveon|154\/393|[from] item: Leftovers
|turn|16
|
|move|p2a: Sylveon|Protect|p2a: Sylveon
|-singleturn|p2a: Sylveon|Protect
|move|p1a: Lopunny|Return|p2a: Sylveon
|-activate|p2a: Sylveon|Protect
|
|-heal|p2a: Sylveon|178\/393|[from] item: Leftovers
|turn|17
|
|move|p1a: Lopunny|Return|p2a: Sylveon
|-damage|p2a: Sylveon|0 fnt
|faint|p2a: Sylveon
|
|
|switch|p2a: Diancie|Diancie|241\/241
|-damage|p2a: Diancie|211\/241|[from] Stealth Rock
|turn|18
|
|move|p1a: Lopunny|High Jump Kick|p2a: Diancie
|-damage|p2a: Diancie|34\/241
|move|p2a: Diancie|Rock Polish|p2a: Diancie
|-boost|p2a: Diancie|spe|2
|
|turn|19
|
|detailschange|p2a: Diancie|Diancie-Mega
|-mega|p2a: Diancie|Diancie|Diancite
|move|p2a: Diancie|Moonblast|p1a: Lopunny
|-supereffective|p1a: Lopunny
|-damage|p1a: Lopunny|0 fnt
|faint|p1a: Lopunny
|
|
|switch|p1a: Gengar|Gengar, M|191\/261
|turn|20
|
|move|p2a: Diancie|Diamond Storm|p1a: Gengar
|-damage|p1a: Gengar|0 fnt
|faint|p1a: Gengar
|
|
|switch|p1a: Heatran|Heatran, M|326\/326
|-item|p1a: Heatran|Air Balloon
|turn|21
|
|move|p2a: Diancie|Diamond Storm|p1a: Heatran
|-crit|p1a: Heatran
|-damage|p1a: Heatran|49\/326
|-enditem|p1a: Heatran|Air Balloon
|-boost|p2a: Diancie|def|1
|move|p1a: Heatran|Earth Power|p2a: Diancie
|-supereffective|p2a: Diancie
|-damage|p2a: Diancie|0 fnt
|faint|p2a: Diancie
|
|
|switch|p2a: Conkeldurr|Conkeldurr, F|351\/351
|-damage|p2a: Conkeldurr|330\/351|[from] Stealth Rock
|turn|22
|
|move|p1a: Heatran|Fire Blast|p2a: Conkeldurr
|-damage|p2a: Conkeldurr|188\/351
|move|p2a: Conkeldurr|Knock Off|p1a: Heatran
|-damage|p1a: Heatran|0 fnt
|faint|p1a: Heatran
|
|
|switch|p1a: Landorus-Therian|Landorus-Therian, M|319\/319
|-ability|p1a: Landorus-Therian|Intimidate|[of] p2a: Conkeldurr
|-unboost|p2a: Conkeldurr|atk|1
|turn|23
|
|move|p1a: Landorus-Therian|Earthquake|p2a: Conkeldurr
|-damage|p2a: Conkeldurr|13\/351
|move|p2a: Conkeldurr|Ice Punch|p1a: Landorus-Therian
|-supereffective|p1a: Landorus-Therian
|-damage|p1a: Landorus-Therian|15\/319
|
|turn|24
|
|move|p2a: Conkeldurr|Mach Punch|p1a: Landorus-Therian
|-resisted|p1a: Landorus-Therian
|-damage|p1a: Landorus-Therian|0 fnt
|faint|p1a: Landorus-Therian
|
|
|switch|p1a: Thundurus|Thundurus, M|299\/299
|turn|25
|
|move|p2a: Conkeldurr|Mach Punch|p1a: Thundurus
|-resisted|p1a: Thundurus
|-damage|p1a: Thundurus|259\/299
|move|p1a: Thundurus|Thunderbolt|p2a: Conkeldurr
|-crit|p2a: Conkeldurr
|-damage|p2a: Conkeldurr|0 fnt
|faint|p2a: Conkeldurr
|
|-heal|p1a: Thundurus|277\/299|[from] item: Leftovers
|
|switch|p2a: Landorus-Therian|Landorus-Therian, M|280\/319
|-damage|p2a: Landorus-Therian|241\/319|[from] Stealth Rock
|-ability|p2a: Landorus-Therian|Intimidate|[of] p1a: Thundurus
|-unboost|p1a: Thundurus|atk|1
|turn|26
|
|move|p1a: Thundurus|Substitute|p1a: Thundurus
|-start|p1a: Thundurus|Substitute
|-damage|p1a: Thundurus|203\/299
|move|p2a: Landorus-Therian|Stone Edge|p1a: Thundurus
|-supereffective|p1a: Thundurus
|-end|p1a: Thundurus|Substitute
|
|-heal|p1a: Thundurus|221\/299|[from] item: Leftovers
|turn|27
|
|move|p1a: Thundurus|Substitute|p1a: Thundurus
|-start|p1a: Thundurus|Substitute
|-damage|p1a: Thundurus|147\/299
|move|p2a: Landorus-Therian|Stone Edge|p1a: Thundurus
|-supereffective|p1a: Thundurus
|-end|p1a: Thundurus|Substitute
|
|-heal|p1a: Thundurus|165\/299|[from] item: Leftovers
|turn|28
|
|move|p1a: Thundurus|Substitute|p1a: Thundurus
|-start|p1a: Thundurus|Substitute
|-damage|p1a: Thundurus|91\/299
|move|p2a: Landorus-Therian|Stone Edge|p1a: Thundurus
|-supereffective|p1a: Thundurus
|-end|p1a: Thundurus|Substitute
|
|-heal|p1a: Thundurus|109\/299|[from] item: Leftovers
|turn|29
|
|move|p1a: Thundurus|Substitute|p1a: Thundurus
|-start|p1a: Thundurus|Substitute
|-damage|p1a: Thundurus|35\/299
|move|p2a: Landorus-Therian|Stone Edge|p1a: Thundurus
|-supereffective|p1a: Thundurus
|-end|p1a: Thundurus|Substitute
|
|-heal|p1a: Thundurus|53\/299|[from] item: Leftovers
|turn|30
|
|move|p2a: Landorus-Therian|Stone Edge|p1a: Thundurus
|-supereffective|p1a: Thundurus
|-damage|p1a: Thundurus|0 fnt
|faint|p1a: Thundurus
|
|win|CobaZ
|raw|Ladder updating...
|raw|Tradekaiser's rating: 1251 &rarr; <strong>1227<\/strong><br \/>(-24 for losing)
|raw|CobaZ's rating: 1275 &rarr; <strong>1298<\/strong><br \/>(+23 for winning)
|c|âTradekaiser|gg
|c|âCobaZ|gg
|leave|Tradekaiser
|player|p1