|join|Tradekaiser
|join|Joshuwa
|player|p1|Tradekaiser|102
|player|p2|Joshuwa|169
|gametype|singles
|gen|6
|tier|OU (suspect test)
|rated
|clearpoke
|poke|p1|Metagross
|poke|p1|Talonflame, M
|poke|p1|Mamoswine, M
|poke|p1|Latias, F
|poke|p1|Keldeo-Resolute
|poke|p1|Ferrothorn, M
|poke|p2|Gardevoir, M
|poke|p2|Charizard, F
|poke|p2|Metagross
|poke|p2|Tyranitar, M
|poke|p2|Staraptor, F
|poke|p2|Swampert, M
|rule|Swagger Clause: Swagger is banned
|rule|Baton Pass Clause: Limit one PokÃ©mon knowing Baton Pass
|rule|Sleep Clause Mod: Limit one foe put to sleep
|rule|Species Clause: Limit one of each PokÃ©mon
|rule|OHKO Clause: OHKO moves are banned
|rule|Moody Clause: Moody is banned
|rule|Evasion Moves Clause: Evasion moves are banned
|rule|Endless Battle Clause: Forcing endless battles is banned
|rule|HP Percentage Mod: HP is shown in percentages
|teampreview
|c|âTradekaiser|very offensive team you have
|
|start
|switch|p1a: Latias|Latias, F|319\/319
|switch|p2a: Staraptor|Staraptor, F|316\/316
|turn|1
|
|switch|p1a: Ferrothorn|Ferrothorn, M|352\/352
|move|p2a: Staraptor|Close Combat|p1a: Ferrothorn
|-supereffective|p1a: Ferrothorn
|-damage|p1a: Ferrothorn|206\/352
|-damage|p2a: Staraptor|277\/316|[from] ability: Iron Barbs|[of] p1a: Ferrothorn
|-unboost|p2a: Staraptor|def|1
|-unboost|p2a: Staraptor|spd|1
|
|-heal|p2a: Staraptor|296\/316|[from] item: Leftovers
|-heal|p1a: Ferrothorn|228\/352|[from] item: Leftovers
|turn|2
|
|move|p2a: Staraptor|Close Combat|p1a: Ferrothorn
|-crit|p1a: Ferrothorn
|-supereffective|p1a: Ferrothorn
|-damage|p1a: Ferrothorn|0 fnt
|-damage|p2a: Staraptor|257\/316|[from] ability: Iron Barbs|[of] p1a: Ferrothorn
|-unboost|p2a: Staraptor|def|1
|-unboost|p2a: Staraptor|spd|1
|faint|p1a: Ferrothorn
|
|-heal|p2a: Staraptor|276\/316|[from] item: Leftovers
|
|switch|p1a: Metagross|Metagross|301\/301
|turn|3
|
|detailschange|p1a: Metagross|Metagross-Mega
|-mega|p1a: Metagross|Metagross|Metagrossite
|move|p1a: Metagross|Zen Headbutt|p2a: Staraptor
|-damage|p2a: Staraptor|0 fnt
|faint|p2a: Staraptor
|
|
|switch|p2a: Metagross|Metagross|315\/315
|turn|4
|
|move|p1a: Metagross|Earthquake|p2a: Metagross
|-supereffective|p2a: Metagross
|-damage|p2a: Metagross|131\/315
|move|p2a: Metagross|Gravity|p2a: Metagross
|-fieldstart|move: Gravity
|
|turn|5
|
|move|p1a: Metagross|Earthquake|p2a: Metagross
|-supereffective|p2a: Metagross
|-damage|p2a: Metagross|0 fnt
|faint|p2a: Metagross
|
|c|âTradekaiser|what are you doing
|
|switch|p2a: Charizard|Charizard, F|313\/313
|turn|6
|
|move|p1a: Metagross|Earthquake|p2a: Charizard
|-supereffective|p2a: Charizard
|-damage|p2a: Charizard|49\/313
|move|p2a: Charizard|Earthquake|p1a: Metagross
|-supereffective|p1a: Metagross
|-damage|p1a: Metagross|183\/301
|
|turn|7
|c|âTradekaiser|my metagross can eq you
|
|move|p1a: Metagross|Earthquake|p2a: Charizard
|-supereffective|p2a: Charizard
|-damage|p2a: Charizard|0 fnt
|faint|p2a: Charizard
|
|
|switch|p2a: Swampert|Swampert, M|364\/364
|turn|8
|
|move|p1a: Metagross|Grass Knot|p2a: Swampert
|-supereffective|p2a: Swampert
|-damage|p2a: Swampert|20\/364
|move|p2a: Swampert|Low Kick|p1a: Metagross
|-damage|p1a: Metagross|113\/301
|
|-heal|p2a: Swampert|42\/364|[from] item: Leftovers
|-fieldend|move: Gravity
|turn|9
|
|move|p1a: Metagross|Earthquake|p2a: Swampert
|-damage|p2a: Swampert|0 fnt
|faint|p2a: Swampert
|
|c|âTradekaiser|are you new?
|
|switch|p2a: Gardevoir|Gardevoir, M|287\/287
|turn|10
|
|move|p1a: Metagross|Meteor Mash|p2a: Gardevoir|[miss]
|-miss|p1a: Metagross|p2a: Gardevoir
|move|p2a: Gardevoir|Hypnosis|p1a: Metagross
|-status|p1a: Metagross|slp
|
|turn|11
|
|switch|p1a: Talonflame|Talonflame, M|297\/297
|move|p2a: Gardevoir|Dream Eater|p1a: Talonflame
|-immune|p1a: Talonflame|[msg]
|
|turn|12
|
|move|p1a: Talonflame|Brave Bird|p2a: Gardevoir
|-damage|p2a: Gardevoir|31\/287
|-damage|p1a: Talonflame|213\/297|[from] recoil|[of] p2a: Gardevoir
|move|p2a: Gardevoir|Hypnosis|p1a: Talonflame|[miss]
|-miss|p2a: Gardevoir|p1a: Talonflame
|
|turn|13
|
|move|p1a: Talonflame|Brave Bird|p2a: Gardevoir
|-damage|p2a: Gardevoir|0 fnt
|-damage|p1a: Talonflame|203\/297|[from] recoil|[of] p2a: Gardevoir
|faint|p2a: Gardevoir
|
|
|switch|p2a: Tyranitar|Tyranitar, M|362\/362
|-weather|Sandstorm
|turn|14
|
|detailschange|p2a: Tyranitar|Tyranitar-Mega, M
|-mega|p2a: Tyranitar|Tyranitar|Tyranitarite
|move|p1a: Talonflame|Flare Blitz|p2a: Tyranitar
|-resisted|p2a: Tyranitar
|-damage|p2a: Tyranitar|307\/362
|-damage|p1a: Talonflame|185\/297|[from] recoil|[of] p2a: Tyranitar
|move|p2a: Tyranitar|Thunder|p1a: Talonflame
|-supereffective|p1a: Talonflame
|-damage|p1a: Talonflame|0 fnt
|faint|p1a: Talonflame
|
|-weather|Sandstorm|[upkeep]
|
|switch|p1a: Keldeo-Resolute|Keldeo-Resolute|323\/323
|turn|15
|
|move|p1a: Keldeo-Resolute|Secret Sword|p2a: Tyranitar
|-supereffective|p2a: Tyranitar
|-damage|p2a: Tyranitar|0 fnt
|faint|p2a: Tyranitar
|
|win|Tradekaiser
|raw|Ladder updating...
|raw|Tradekaiser's rating: 1147 &rarr; <strong>1165<\/strong><br \/>(+18 for winning)
|raw|Joshuwa's rating: 1040 &rarr; <strong>1029<\/strong><br \/>(-11 for losing)
|leave|Joshuwa
|player|p2