|join|cadeskjl
|join|Es Heatedline
|player|p1|cadeskjl|170
|player|p2|Es Heatedline|101
|gametype|singles
|gen|6
|tier|OU
|rated
|clearpoke
|poke|p1|Slowbro, F
|poke|p1|Sylveon, M
|poke|p1|Azumarill, F
|poke|p1|Ferrothorn, M
|poke|p1|Latios, M
|poke|p1|Diggersby, F
|poke|p2|Clefable, F
|poke|p2|Keldeo
|poke|p2|Metagross
|poke|p2|Thundurus, M
|poke|p2|Landorus, M
|poke|p2|Garchomp, F
|rule|Swagger Clause: Swagger is banned
|rule|Baton Pass Clause: Limit one PokÃ©mon knowing Baton Pass
|rule|Sleep Clause Mod: Limit one foe put to sleep
|rule|Species Clause: Limit one of each PokÃ©mon
|rule|OHKO Clause: OHKO moves are banned
|rule|Moody Clause: Moody is banned
|rule|Evasion Moves Clause: Evasion moves are banned
|rule|Endless Battle Clause: Forcing endless battles is banned
|rule|HP Percentage Mod: HP is shown in percentages
|teampreview
|
|start
|switch|p1a: Diggersby|Diggersby, F|311\/311
|switch|p2a: Clefable|Clefable, F|393\/393
|turn|1
|
|move|p1a: Diggersby|Return|p2a: Clefable
|-damage|p2a: Clefable|158\/393
|move|p2a: Clefable|Stealth Rock|p1a: Diggersby
|-sidestart|p1: cadeskjl|move: Stealth Rock
|
|-heal|p2a: Clefable|182\/393|[from] item: Leftovers
|turn|2
|
|switch|p1a: Ferrothorn|Ferrothorn, M|351\/351
|-damage|p1a: Ferrothorn|330\/351|[from] Stealth Rock
|move|p2a: Clefable|Moonblast|p1a: Ferrothorn
|-resisted|p1a: Ferrothorn
|-damage|p1a: Ferrothorn|284\/351
|
|-heal|p2a: Clefable|206\/393|[from] item: Leftovers
|turn|3
|
|move|p2a: Clefable|Flamethrower|p1a: Ferrothorn
|-supereffective|p1a: Ferrothorn
|-damage|p1a: Ferrothorn|48\/351
|move|p1a: Ferrothorn|Stealth Rock|p2a: Clefable
|-sidestart|p2: Es Heatedline|move: Stealth Rock
|
|-heal|p2a: Clefable|230\/393|[from] item: Leftovers
|turn|4
|
|switch|p1a: Azumarill|Azumarill, F|400\/400
|-damage|p1a: Azumarill|350\/400|[from] Stealth Rock
|move|p2a: Clefable|Flamethrower|p1a: Azumarill
|-resisted|p1a: Azumarill
|-damage|p1a: Azumarill|323\/400
|
|-heal|p2a: Clefable|254\/393|[from] item: Leftovers
|turn|5
|
|move|p2a: Clefable|Moonblast|p1a: Azumarill
|-damage|p1a: Azumarill|235\/400
|move|p1a: Azumarill|Waterfall|p2a: Clefable
|-crit|p2a: Clefable
|-damage|p2a: Clefable|0 fnt
|faint|p2a: Clefable
|
|
|switch|p2a: Metagross|Metagross|301\/301
|-damage|p2a: Metagross|283\/301|[from] Stealth Rock
|turn|6
|
|switch|p2a: Thundurus|Thundurus, M|299\/299
|-damage|p2a: Thundurus|225\/299|[from] Stealth Rock
|switch|p1a: Slowbro|Slowbro, F|386\/386
|-damage|p1a: Slowbro|338\/386|[from] Stealth Rock
|
|turn|7
|
|switch|p1a: Ferrothorn|Ferrothorn, M|48\/351
|-damage|p1a: Ferrothorn|27\/351|[from] Stealth Rock
|move|p2a: Thundurus|Nasty Plot|p2a: Thundurus
|-boost|p2a: Thundurus|spa|2
|
|turn|8
|
|move|p2a: Thundurus|Thunderbolt|p1a: Ferrothorn
|-resisted|p1a: Ferrothorn
|-damage|p1a: Ferrothorn|0 fnt
|-damage|p2a: Thundurus|196\/299|[from] item: Life Orb
|faint|p1a: Ferrothorn
|
|
|switch|p1a: Diggersby|Diggersby, F|311\/311
|-damage|p1a: Diggersby|292\/311|[from] Stealth Rock
|turn|9
|
|move|p1a: Diggersby|Return|p2a: Thundurus
|-damage|p2a: Thundurus|0 fnt
|faint|p2a: Thundurus
|
|
|switch|p2a: Metagross|Metagross|283\/301
|-damage|p2a: Metagross|265\/301|[from] Stealth Rock
|turn|10
|
|switch|p1a: Slowbro|Slowbro, F|386\/386
|-damage|p1a: Slowbro|338\/386|[from] Stealth Rock
|switch|p2a: Keldeo|Keldeo|323\/323
|-damage|p2a: Keldeo|303\/323|[from] Stealth Rock
|
|turn|11
|
|detailschange|p1a: Slowbro|Slowbro-Mega, F
|-mega|p1a: Slowbro|Slowbro|Slowbronite
|move|p2a: Keldeo|Calm Mind|p2a: Keldeo
|-boost|p2a: Keldeo|spa|1
|-boost|p2a: Keldeo|spd|1
|move|p1a: Slowbro|Calm Mind|p1a: Slowbro
|-boost|p1a: Slowbro|spa|1
|-boost|p1a: Slowbro|spd|1
|
|turn|12
|
|move|p2a: Keldeo|Hidden Power|p1a: Slowbro
|-supereffective|p1a: Slowbro
|-damage|p1a: Slowbro|109\/386
|-damage|p2a: Keldeo|271\/323|[from] item: Life Orb
|move|p1a: Slowbro|Psyshock|p2a: Keldeo
|-supereffective|p2a: Keldeo
|-damage|p2a: Keldeo|0 fnt
|faint|p2a: Keldeo
|
|
|switch|p2a: Landorus|Landorus, M|335\/335
|-damage|p2a: Landorus|294\/335|[from] Stealth Rock
|turn|13
|
|move|p2a: Landorus|Earth Power|p1a: Slowbro
|-damage|p1a: Slowbro|0 fnt
|faint|p1a: Slowbro
|
|
|switch|p1a: Azumarill|Azumarill, F|235\/400
|-damage|p1a: Azumarill|185\/400|[from] Stealth Rock
|turn|14
|
|move|p1a: Azumarill|Aqua Jet|p2a: Landorus
|-supereffective|p2a: Landorus
|-damage|p2a: Landorus|102\/335
|move|p2a: Landorus|Earth Power|p1a: Azumarill
|-damage|p1a: Azumarill|0 fnt
|faint|p1a: Azumarill
|
|
|switch|p1a: Latios|Latios, M|301\/301
|-damage|p1a: Latios|264\/301|[from] Stealth Rock
|turn|15
|
|move|p1a: Latios|Psyshock|p2a: Landorus
|-damage|p2a: Landorus|0 fnt
|-damage|p1a: Latios|234\/301|[from] item: Life Orb
|faint|p2a: Landorus
|
|
|switch|p2a: Metagross|Metagross|265\/301
|-damage|p2a: Metagross|247\/301|[from] Stealth Rock
|turn|16
|
|detailschange|p2a: Metagross|Metagross-Mega
|-mega|p2a: Metagross|Metagross|Metagrossite
|move|p1a: Latios|Hidden Power|p2a: Metagross
|-supereffective|p2a: Metagross
|-damage|p2a: Metagross|83\/301
|-damage|p1a: Latios|204\/301|[from] item: Life Orb
|move|p2a: Metagross|Meteor Mash|p1a: Latios
|-damage|p1a: Latios|0 fnt
|faint|p1a: Latios
|
|
|switch|p1a: Diggersby|Diggersby, F|292\/311
|-damage|p1a: Diggersby|273\/311|[from] Stealth Rock
|turn|17
|
|switch|p2a: Garchomp|Garchomp, F|357\/357
|-damage|p2a: Garchomp|335\/357|[from] Stealth Rock
|move|p1a: Diggersby|Earthquake|p2a: Garchomp
|-damage|p2a: Garchomp|101\/357
|
|turn|18
|
|move|p2a: Garchomp|Outrage|p1a: Diggersby
|-damage|p1a: Diggersby|9\/311
|move|p1a: Diggersby|Earthquake|p2a: Garchomp
|-damage|p2a: Garchomp|0 fnt
|faint|p2a: Garchomp
|
|
|switch|p2a: Metagross|Metagross-Mega|83\/301
|-damage|p2a: Metagross|65\/301|[from] Stealth Rock
|turn|19
|c|âcadeskjl|shit gg
|
|move|p1a: Diggersby|Earthquake|p2a: Metagross
|-supereffective|p2a: Metagross
|-damage|p2a: Metagross|0 fnt
|faint|p2a: Metagross
|
|win|cadeskjl
|raw|Ladder updating...
|raw|cadeskjl's rating: 1290 &rarr; <strong>1311<\/strong><br \/>(+21 for winning)
|raw|Es Heatedline's rating: 1241 &rarr; <strong>1219<\/strong><br \/>(-22 for losing)
|c|âcadeskjl|no bp?
|c|âcadeskjl|lolgg