|join|Sharpteeth
|join|Es Heatedline
|player|p1|Sharpteeth|1
|player|p2|Es Heatedline|1
|gametype|singles
|gen|6
|tier|OU
|rated
|clearpoke
|poke|p1|Weavile, F
|poke|p1|Diancie
|poke|p1|Skarmory, M
|poke|p1|Latias, F
|poke|p1|Magnezone
|poke|p1|Garchomp, F
|poke|p2|Metagross
|poke|p2|Landorus-Therian, M
|poke|p2|Keldeo
|poke|p2|Raikou
|poke|p2|Garchomp, F
|poke|p2|Azumarill, F
|rule|Swagger Clause: Swagger is banned
|rule|Baton Pass Clause: Limit one PokÃ©mon knowing Baton Pass
|rule|Sleep Clause Mod: Limit one foe put to sleep
|rule|Species Clause: Limit one of each PokÃ©mon
|rule|OHKO Clause: OHKO moves are banned
|rule|Moody Clause: Moody is banned
|rule|Evasion Moves Clause: Evasion moves are banned
|rule|Endless Battle Clause: Forcing endless battles is banned
|rule|HP Percentage Mod: HP is shown in percentages
|teampreview
|
|start
|switch|p1a: Panic Button|Skarmory, M|334\/334
|switch|p2a: Keldeo|Keldeo|323\/323
|turn|1
|
|move|p2a: Keldeo|Hydro Pump|p1a: Panic Button
|-damage|p1a: Panic Button|75\/334
|-enditem|p1a: Panic Button|Red Card|[of] p2a: Keldeo
|drag|p2a: Azumarill|Azumarill, F|342\/342
|move|p1a: Panic Button|Spikes|p2a: Azumarill
|-sidestart|p2: Es Heatedline|Spikes
|
|turn|2
|
|move|p1a: Panic Button|Stealth Rock|p2a: Azumarill
|-sidestart|p2: Es Heatedline|move: Stealth Rock
|move|p2a: Azumarill|Knock Off|p1a: Panic Button
|-damage|p1a: Panic Button|9\/334
|
|turn|3
|
|move|p2a: Azumarill|Aqua Jet|p1a: Panic Button
|-damage|p1a: Panic Button|0 fnt
|faint|p1a: Panic Button
|
|
|switch|p1a: Tinfoil Hat|Magnezone|319\/319
|turn|4
|
|switch|p2a: Garchomp|Garchomp, F|357\/357
|-damage|p2a: Garchomp|335\/357|[from] Stealth Rock
|-damage|p2a: Garchomp|291\/357|[from] Spikes
|move|p1a: Tinfoil Hat|Flash Cannon|p2a: Garchomp
|-damage|p2a: Garchomp|2\/357
|
|turn|5
|
|switch|p1a: Rubber Duck|Latias, F|344\/344
|move|p2a: Garchomp|Stealth Rock|p1a: Rubber Duck
|-sidestart|p1: Sharpteeth|move: Stealth Rock
|
|turn|6
|
|move|p1a: Rubber Duck|Psyshock|p2a: Garchomp
|-damage|p2a: Garchomp|0 fnt
|faint|p2a: Garchomp
|
|
|switch|p2a: Metagross|Metagross|301\/301
|-damage|p2a: Metagross|283\/301|[from] Stealth Rock
|-damage|p2a: Metagross|246\/301|[from] Spikes
|turn|7
|
|switch|p1a: Hot Stove|Garchomp, F|420\/420
|-damage|p1a: Hot Stove|394\/420|[from] Stealth Rock
|detailschange|p2a: Metagross|Metagross-Mega
|-mega|p2a: Metagross|Metagross|Metagrossite
|move|p2a: Metagross|Hammer Arm|p1a: Hot Stove
|-crit|p1a: Hot Stove
|-damage|p1a: Hot Stove|214\/420
|-damage|p2a: Metagross|209\/301|[from] ability: Rough Skin|[of] p1a: Hot Stove
|-damage|p2a: Metagross|159\/301|[from] item: Rocky Helmet|[of] p1a: Hot Stove
|-unboost|p2a: Metagross|spe|1
|
|turn|8
|
|move|p2a: Metagross|Ice Punch|p1a: Hot Stove
|-supereffective|p1a: Hot Stove
|-damage|p1a: Hot Stove|0 fnt
|-damage|p2a: Metagross|122\/301|[from] ability: Rough Skin|[of] p1a: Hot Stove
|-damage|p2a: Metagross|72\/301|[from] item: Rocky Helmet|[of] p1a: Hot Stove
|faint|p1a: Hot Stove
|
|
|switch|p1a: Broom Head|Weavile, F|282\/282
|-damage|p1a: Broom Head|212\/282|[from] Stealth Rock
|-ability|p1a: Broom Head|Pressure
|turn|9
|
|move|p1a: Broom Head|Knock Off|p2a: Metagross
|-supereffective|p2a: Metagross
|-damage|p2a: Metagross|0 fnt
|-damage|p1a: Broom Head|184\/282|[from] item: Life Orb
|faint|p2a: Metagross
|
|
|switch|p2a: Azumarill|Azumarill, F|342\/342
|-damage|p2a: Azumarill|300\/342|[from] Stealth Rock
|-damage|p2a: Azumarill|258\/342|[from] Spikes
|turn|10
|
|switch|p1a: Tinfoil Hat|Magnezone|319\/319
|-damage|p1a: Tinfoil Hat|300\/319|[from] Stealth Rock
|move|p2a: Azumarill|Knock Off|p1a: Tinfoil Hat
|-damage|p1a: Tinfoil Hat|168\/319
|-enditem|p1a: Tinfoil Hat|Choice Specs|[from] move: Knock Off|[of] p2a: Azumarill
|
|turn|11
|
|switch|p2a: Raikou|Raikou|321\/321
|-damage|p2a: Raikou|281\/321|[from] Stealth Rock
|-damage|p2a: Raikou|241\/321|[from] Spikes
|-ability|p2a: Raikou|Pressure
|move|p1a: Tinfoil Hat|Flash Cannon|p2a: Raikou
|-resisted|p2a: Raikou
|-damage|p2a: Raikou|166\/321
|
|turn|12
|
|move|p2a: Raikou|Shadow Ball|p1a: Tinfoil Hat
|-damage|p1a: Tinfoil Hat|24\/319
|-unboost|p1a: Tinfoil Hat|spd|1
|move|p1a: Tinfoil Hat|Volt Switch|p2a: Raikou
|-crit|p2a: Raikou
|-resisted|p2a: Raikou
|-damage|p2a: Raikou|60\/321
|
|switch|p1a: Broom Head|Weavile, F|184\/282
|-damage|p1a: Broom Head|114\/282|[from] Stealth Rock
|-ability|p1a: Broom Head|Pressure
|
|turn|13
|
|move|p1a: Broom Head|Knock Off|p2a: Raikou
|-damage|p2a: Raikou|0 fnt
|-enditem|p2a: Raikou|Choice Specs|[from] move: Knock Off|[of] p1a: Broom Head
|-damage|p1a: Broom Head|86\/282|[from] item: Life Orb
|faint|p2a: Raikou
|
|
|switch|p2a: Azumarill|Azumarill, F|258\/342
|-damage|p2a: Azumarill|216\/342|[from] Stealth Rock
|-damage|p2a: Azumarill|174\/342|[from] Spikes
|turn|14
|
|move|p2a: Azumarill|Aqua Jet|p1a: Broom Head
|-damage|p1a: Broom Head|0 fnt
|faint|p1a: Broom Head
|
|
|switch|p1a: Garden Gnome|Diancie|241\/241
|-damage|p1a: Garden Gnome|211\/241|[from] Stealth Rock
|turn|15
|join|Bloodz
|
|detailschange|p1a: Garden Gnome|Diancie-Mega
|-mega|p1a: Garden Gnome|Diancie|Diancite
|move|p2a: Azumarill|Aqua Jet|p1a: Garden Gnome
|-supereffective|p1a: Garden Gnome
|-damage|p1a: Garden Gnome|43\/241
|move|p1a: Garden Gnome|Diamond Storm|p2a: Azumarill
|-damage|p2a: Azumarill|0 fnt
|-boost|p1a: Garden Gnome|def|1
|faint|p2a: Azumarill
|
|
|switch|p2a: Landorus-Therian|Landorus-Therian, M|338\/338
|-damage|p2a: Landorus-Therian|296\/338|[from] Stealth Rock
|-ability|p2a: Landorus-Therian|Intimidate|[of] p1a: Garden Gnome
|-unboost|p1a: Garden Gnome|atk|1
|turn|16
|
|move|p1a: Garden Gnome|Protect|p1a: Garden Gnome
|-singleturn|p1a: Garden Gnome|Protect
|move|p2a: Landorus-Therian|Rock Polish|p2a: Landorus-Therian
|-boost|p2a: Landorus-Therian|spe|2
|
|turn|17
|join|Toxzn
|
|move|p2a: Landorus-Therian|Earthquake|p1a: Garden Gnome
|-supereffective|p1a: Garden Gnome
|-damage|p1a: Garden Gnome|0 fnt
|faint|p1a: Garden Gnome
|
|
|switch|p1a: Rubber Duck|Latias, F|344\/344
|-damage|p1a: Rubber Duck|301\/344|[from] Stealth Rock
|turn|18
|
|move|p2a: Landorus-Therian|Knock Off|p1a: Rubber Duck
|-supereffective|p1a: Rubber Duck
|-damage|p1a: Rubber Duck|11\/344
|-enditem|p1a: Rubber Duck|Leftovers|[from] move: Knock Off|[of] p2a: Landorus-Therian
|move|p1a: Rubber Duck|Draco Meteor|p2a: Landorus-Therian|[miss]
|-miss|p1a: Rubber Duck|p2a: Landorus-Therian
|
|turn|19
|join|rofl uu peasants
|c|âSharpteeth|gg
|leave|Bloodz
|-message|Sharpteeth forfeited.
|leave|Sharpteeth
|
|win|Es Heatedline
|raw|Ladder updating...
|player|p1
|raw|Sharpteeth's rating: 1629 &rarr; <strong>1611<\/strong><br \/>(-18 for losing)
|raw|Es Heatedline's rating: 1665 &rarr; <strong>1682<\/strong><br \/>(+17 for winning)
|leave|Toxzn
|leave|rofl uu peasants