|join|XxShadowShogunxX
|join|F U BP
|player|p1|XxShadowShogunxX|163
|player|p2|F U BP|290
|gametype|singles
|gen|6
|tier|OU
|clearpoke
|poke|p1|Togekiss, M
|poke|p1|Seismitoad, M
|poke|p1|Talonflame, M, shiny
|poke|p1|Latias, F
|poke|p1|Heatran, F
|poke|p1|Gengar, M
|poke|p2|Heatran, M
|poke|p2|Scizor, M
|poke|p2|Sylveon, F
|poke|p2|Latios, M
|poke|p2|Rotom-Wash
|poke|p2|Landorus-Therian, M
|rule|Swagger Clause: Swagger is banned
|rule|Baton Pass Clause: Limit one PokÃ©mon knowing Baton Pass
|rule|Sleep Clause Mod: Limit one foe put to sleep
|rule|Species Clause: Limit one of each PokÃ©mon
|rule|OHKO Clause: OHKO moves are banned
|rule|Moody Clause: Moody is banned
|rule|Evasion Moves Clause: Evasion moves are banned
|rule|Endless Battle Clause: Forcing endless battles is banned
|rule|HP Percentage Mod: HP is shown in percentages
|teampreview
|join|Reunicuddles
|join|Jolteon AYE
|join|SpaceMankey
|c|âF U BP|let's wait until they get here
|c|âXxShadowShogunxX|np
|join|Hideousripspawn
|join|Ninjabryden
|join|Stahpitnintendo
|join|sergio5599
|c| Ninjabryden|Good luck, shadow. You can do it!
|join|oml it's too ez
|c|âXxShadowShogunxX|ok ok no pressure just a normal match
|c| oml it's too ez|oml he brought a semistoad
|c| Stahpitnintendo|if you lose
|c| Stahpitnintendo|we foreclose your house
|
|start
|switch|p1a: Seismitoad|Seismitoad, M|361\/361
|switch|p2a: Rotom-Wash|Rotom-Wash|304\/304
|turn|1
|c| Reunicuddles|godtoad is power.
|c| Stahpitnintendo|js
|c| oml it's too ez|f u bp wat u have for semitoad
|c| oml it's too ez|besides rotom
|c| oml it's too ez|that dosent count
|
|move|p1a: Seismitoad|Grass Knot|p2a: Rotom-Wash
|-supereffective|p2a: Rotom-Wash
|-damage|p2a: Rotom-Wash|270\/304
|move|p2a: Rotom-Wash|Will-O-Wisp|p1a: Seismitoad
|-status|p1a: Seismitoad|brn
|-enditem|p1a: Seismitoad|Lum Berry|[eat]
|-curestatus|p1a: Seismitoad|brn
|
|-heal|p2a: Rotom-Wash|289\/304|[from] item: Leftovers
|turn|2
|c| oml it's too ez|damage
|join|Rambo K156
|c| oml it's too ez|predicted
|c| oml it's too ez|turn 1 was best playz
|join|PrettyBoyAmphar0s
|c| oml it's too ez|latiiii
|c| Stahpitnintendo|Seismi
|
|move|p1a: Seismitoad|Knock Off|p2a: Rotom-Wash
|-damage|p2a: Rotom-Wash|240\/304
|-enditem|p2a: Rotom-Wash|Leftovers|[from] move: Knock Off|[of] p1a: Seismitoad
|move|p2a: Rotom-Wash|Will-O-Wisp|p1a: Seismitoad
|-status|p1a: Seismitoad|brn
|
|-damage|p1a: Seismitoad|316\/361 brn|[from] brn
|turn|3
|c| Stahpitnintendo|Go for water gun
|c| oml it's too ez|he dosent care if his win conditon is burn
|c| Stahpitnintendo|WATER GUUUUN
|c| Ninjabryden|SPLASH! DO IT NOW!!!
|
|move|p1a: Seismitoad|Sludge Wave|p2a: Rotom-Wash
|-damage|p2a: Rotom-Wash|151\/304
|move|p2a: Rotom-Wash|Will-O-Wisp|p1a: Seismitoad
|-fail|p1a: Seismitoad|brn
|
|-damage|p1a: Seismitoad|271\/361 brn|[from] brn
|turn|4
|c| PrettyBoyAmphar0s|WATER SPOUT NOW!
|c| PrettyBoyAmphar0s|NOW!
|c| Stahpitnintendo|TRU
|
|switch|p2a: Scizor|Scizor, M|343\/343
|move|p1a: Seismitoad|Knock Off|p2a: Scizor
|-damage|p2a: Scizor|328\/343
|
|-damage|p1a: Seismitoad|226\/361 brn|[from] brn
|turn|5
|c|âXxShadowShogunxX|i wish
|c| Stahpitnintendo|SANDSTORM
|c| Stahpitnintendo|FLAME THROWER
|c| PrettyBoyAmphar0s|SPOUT WATER
|c| oml it's too ez|mega mega mega
|c| PrettyBoyAmphar0s|SPLASH SPLASH
|c| oml it's too ez|f u bp go for superpower
|
|detailschange|p2a: Scizor|Scizor-Mega, M
|-mega|p2a: Scizor|Scizor|Scizorite
|move|p1a: Seismitoad|Earthquake|p2a: Scizor
|-damage|p2a: Scizor|301\/343
|move|p2a: Scizor|Knock Off|p1a: Seismitoad
|-damage|p1a: Seismitoad|139\/361 brn
|
|-damage|p1a: Seismitoad|94\/361 brn|[from] brn
|turn|6
|c| oml it's too ez|predict heatrna
|
|move|p1a: Seismitoad|Knock Off|p2a: Scizor
|-damage|p2a: Scizor|287\/343
|move|p2a: Scizor|Swords Dance|p2a: Scizor
|-boost|p2a: Scizor|atk|2
|
|-damage|p1a: Seismitoad|49\/361 brn|[from] brn
|turn|7
|c| oml it's too ez|y are u sacking ur win condtion
|
|switch|p1a: Heatran|Heatran, F|323\/323
|-item|p1a: Heatran|Air Balloon
|move|p2a: Scizor|Knock Off|p1a: Heatran
|-damage|p1a: Heatran|170\/323
|-enditem|p1a: Heatran|Air Balloon
|
|turn|8
|c| oml it's too ez|u shoudlve sacked it. its useless now
|
|switch|p2a: Sylveon|Sylveon, F|390\/390
|move|p1a: Heatran|Flamethrower|p2a: Sylveon
|-damage|p2a: Sylveon|291\/390
|
|-heal|p2a: Sylveon|315\/390|[from] item: Leftovers
|turn|9
|
|move|p2a: Sylveon|Protect|p2a: Sylveon
|-singleturn|p2a: Sylveon|Protect
|move|p1a: Heatran|Iron Head|p2a: Sylveon
|-activate|p2a: Sylveon|Protect
|
|-heal|p2a: Sylveon|339\/390|[from] item: Leftovers
|turn|10
|
|switch|p2a: Rotom-Wash|Rotom-Wash|151\/304
|move|p1a: Heatran|Stealth Rock|p2a: Rotom-Wash
|-sidestart|p2: F U BP|move: Stealth Rock
|
|turn|11
|
|switch|p1a: Seismitoad|Seismitoad, M|49\/361 brn
|move|p2a: Rotom-Wash|Volt Switch|p1a: Seismitoad
|-immune|p1a: Seismitoad|[msg]
|
|-damage|p1a: Seismitoad|4\/361 brn|[from] brn
|turn|12
|c| oml it's too ez|sack sem free swich to lati then double to talonflame predict scizor
|c| oml it's too ez|only if real
|
|switch|p2a: Scizor|Scizor-Mega, M|287\/343
|-damage|p2a: Scizor|245\/343|[from] Stealth Rock
|move|p1a: Seismitoad|Grass Knot|p2a: Scizor
|-resisted|p2a: Scizor
|-damage|p2a: Scizor|222\/343
|
|-damage|p1a: Seismitoad|0 fnt|[from] brn
|faint|p1a: Seismitoad
|
|switch|p1a: Talonflame|Talonflame, M, shiny|298\/298
|turn|13
|
|switch|p2a: Heatran|Heatran, M|323\/323
|-damage|p2a: Heatran|283\/323|[from] Stealth Rock
|move|p1a: Talonflame|Swords Dance|p1a: Talonflame
|-boost|p1a: Talonflame|atk|2
|
|-heal|p2a: Heatran|303\/323|[from] item: Leftovers
|turn|14
|c| oml it's too ez|taunt
|c| oml it's too ez|talomflame use taunt
|
|move|p1a: Talonflame|Swords Dance|p1a: Talonflame
|-boost|p1a: Talonflame|atk|2
|move|p2a: Heatran|Fire Blast|p1a: Talonflame
|-resisted|p1a: Talonflame
|-damage|p1a: Talonflame|154\/298
|
|-heal|p2a: Heatran|323\/323|[from] item: Leftovers
|turn|15
|
|move|p1a: Talonflame|Swords Dance|p1a: Talonflame
|-boost|p1a: Talonflame|atk|2
|move|p2a: Heatran|Fire Blast|p1a: Talonflame
|-resisted|p1a: Talonflame
|-damage|p1a: Talonflame|32\/298
|
|turn|16
|c| oml it's too ez|y
|c| oml it's too ez|ur force to roost
|
|move|p1a: Talonflame|Acrobatics|p2a: Heatran
|-resisted|p2a: Heatran
|-damage|p2a: Heatran|201\/323
|move|p2a: Heatran|Earth Power|p1a: Talonflame
|-immune|p1a: Talonflame|[msg]
|
|-heal|p2a: Heatran|221\/323|[from] item: Leftovers
|turn|17
|c| Stahpitnintendo|keep roosting
|c| Stahpitnintendo|over and over
|c| Stahpitnintendo|and over
|c| Stahpitnintendo|and over
|c| sergio5599|-_-
|c| oml it's too ez|and stall fire blast
|c| Stahpitnintendo|ye
|
|move|p1a: Talonflame|U-turn|p2a: Heatran
|-resisted|p2a: Heatran
|-damage|p2a: Heatran|160\/323
|c| oml it's too ez|it has 8 pp
|c| Stahpitnintendo|make it use struggle
|c| oml it's too ez|oml
|c| Rambo K156|ima use a sun team
|c| oml it's too ez|he go to plus 6 to u turn good play
|c| Stahpitnintendo|Rambo
|c| Stahpitnintendo|Im using a sandstorm
|c| oml it's too ez|rambo u the real mvp
|c| Rambo K156|what
|c| Stahpitnintendo|Lets do this.
|
|switch|p1a: Togekiss|Togekiss, M|311\/311
|move|p2a: Heatran|Flash Cannon|p1a: Togekiss
|-supereffective|p1a: Togekiss
|-damage|p1a: Togekiss|69\/311
|
|-heal|p2a: Heatran|180\/323|[from] item: Leftovers
|turn|18
|c| oml it's too ez|but make it rain?
|c| Rambo K156|this match is taking a while
|c| Ninjabryden|Dammit Shadow step up your game here XD
|c| sergio5599|air slashes?
|
|move|p2a: Heatran|Flash Cannon|p1a: Togekiss
|-supereffective|p1a: Togekiss
|-damage|p1a: Togekiss|0 fnt
|faint|p1a: Togekiss
|
|-heal|p2a: Heatran|200\/323|[from] item: Leftovers
|c| sergio5599|nope
|c|âXxShadowShogunxX|how?
|c| oml it's too ez|y is this leftover offesnive heatran lol
|c|âF U BP|speed
|c| oml it's too ez|3 attacks
|
|switch|p1a: Latias|Latias, F|301\/301
|turn|19
|c| oml it's too ez|eq
|c| oml it's too ez|show me it
|c|âXxShadowShogunxX|ok
|c| oml it's too ez|naw surf
|
|switch|p2a: Sylveon|Sylveon, F|339\/390
|-damage|p2a: Sylveon|291\/390|[from] Stealth Rock
|detailschange|p1a: Latias|Latias-Mega, F
|-mega|p1a: Latias|Latias|Latiasite
|move|p1a: Latias|Psychic|p2a: Sylveon
|-damage|p2a: Sylveon|174\/390
|
|-heal|p2a: Sylveon|198\/390|[from] item: Leftovers
|turn|20
|c| oml it's too ez|kill 1 mon
|c| Rambo K156|im next
|c| oml it's too ez|only i get to 6-0 in this tourney
|c| oml it's too ez|calm mind
|c| oml it's too ez|predict protect
|
|switch|p1a: Heatran|Heatran, F|170\/323
|move|p2a: Sylveon|Wish|p2a: Sylveon
|
|-heal|p2a: Sylveon|222\/390|[from] item: Leftovers
|turn|21
|c| oml it's too ez|double
|
|move|p2a: Sylveon|Protect|p2a: Sylveon
|-singleturn|p2a: Sylveon|Protect
|move|p1a: Heatran|Iron Head|p2a: Sylveon
|-activate|p2a: Sylveon|Protect
|
|-heal|p2a: Sylveon|390\/390|[from] move: Wish|[wisher] Sylveon
|turn|22
|
|switch|p2a: Rotom-Wash|Rotom-Wash|151\/304
|-damage|p2a: Rotom-Wash|113\/304|[from] Stealth Rock
|move|p1a: Heatran|Iron Head|p2a: Rotom-Wash
|-resisted|p2a: Rotom-Wash
|-damage|p2a: Rotom-Wash|101\/304
|
|turn|23
|c| oml it's too ez|rambo u should challenge ur oppent and get into the battle but dont chose a mon or start timer
|c| oml it's too ez|to get ready for next round
|c| oml it's too ez|iron head flinch
|
|move|p2a: Rotom-Wash|Pain Split|p1a: Heatran
|-sethp|p1a: Heatran|135\/323|p2a: Rotom-Wash|135\/304|[from] move: Pain Split
|move|p1a: Heatran|Iron Head|p2a: Rotom-Wash
|-resisted|p2a: Rotom-Wash
|-damage|p2a: Rotom-Wash|121\/304
|
|turn|24
|c| oml it's too ez|nvm ur slower wtf
|
|move|p2a: Rotom-Wash|Hydro Pump|p1a: Heatran
|-supereffective|p1a: Heatran
|-damage|p1a: Heatran|0 fnt
|faint|p1a: Heatran
|
|
|switch|p1a: Latias|Latias-Mega, F|301\/301
|turn|25
|c|âF U BP|I don't run standard spreads.
|
|switch|p2a: Sylveon|Sylveon, F|390\/390
|-damage|p2a: Sylveon|342\/390|[from] Stealth Rock
|move|p1a: Latias|Energy Ball|p2a: Sylveon
|-damage|p2a: Sylveon|268\/390
|
|-heal|p2a: Sylveon|292\/390|[from] item: Leftovers
|turn|26
|c| oml it's too ez|aye sub on gengar and win
|c| oml it's too ez|gengar wrecks him
|
|switch|p1a: Talonflame|Talonflame, M, shiny|32\/298
|move|p2a: Sylveon|Wish|p2a: Sylveon
|
|-heal|p2a: Sylveon|316\/390|[from] item: Leftovers
|turn|27
|c| Reunicuddles|ez are you like a vgc commentator or something? because you've literally been talking for the entire match xD
|c| oml it's too ez|i am
|c| oml it's too ez|jk
|c| oml it's too ez|tourney player
|c| oml it's too ez|u wanna sign up for a spl?
|
|switch|p2a: Heatran|Heatran, M|200\/323
|-damage|p2a: Heatran|160\/323|[from] Stealth Rock
|move|p1a: Talonflame|Swords Dance|p1a: Talonflame
|-boost|p1a: Talonflame|atk|2
|
|-heal|p2a: Heatran|323\/323|[from] move: Wish|[wisher] Sylveon
|turn|28
|c| Reunicuddles|nah
|c| oml it's too ez|http:\/\/www.smogon.com\/forums\/threads\/season-6-farm-league-sign-ups.3524883\/
|c| oml it's too ez|^^^
|
|move|p1a: Talonflame|Acrobatics|p2a: Heatran
|-resisted|p2a: Heatran
|-damage|p2a: Heatran|255\/323
|move|p2a: Heatran|Flash Cannon|p1a: Talonflame
|-resisted|p1a: Talonflame
|-damage|p1a: Talonflame|0 fnt
|faint|p1a: Talonflame
|
|-heal|p2a: Heatran|275\/323|[from] item: Leftovers
|
|switch|p1a: Gengar|Gengar, M|262\/262
|turn|29
|c| Ninjabryden|Why not Brave Bird?
|c| Reunicuddles|too mainstream
|c|âXxShadowShogunxX|i'll tell u after
|c| Ninjabryden|Lol
|
|move|p1a: Gengar|Psychic|p2a: Heatran
|-resisted|p2a: Heatran
|-damage|p2a: Heatran|213\/323
|-damage|p1a: Gengar|236\/262|[from] item: Life Orb
|move|p2a: Heatran|Flash Cannon|p1a: Gengar
|-damage|p1a: Gengar|61\/262
|
|-heal|p2a: Heatran|233\/323|[from] item: Leftovers
|turn|30
|c| Reunicuddles|trying to be a hipster even tho he's running talonflame ;)
|c| oml it's too ez|gg
|c| oml it's too ez|dosent even focus blast
|c| sergio5599|gg
|c| oml it's too ez|real mvp
|c| oml it's too ez|f u bp get free hp
|
|move|p1a: Gengar|Thunderbolt|p2a: Heatran
|-damage|p2a: Heatran|91\/323
|-damage|p1a: Gengar|35\/262|[from] item: Life Orb
|move|p2a: Heatran|Flash Cannon|p1a: Gengar
|-crit|p1a: Gengar
|-damage|p1a: Gengar|0 fnt
|faint|p1a: Gengar
|
|-heal|p2a: Heatran|111\/323|[from] item: Leftovers
|c| oml it's too ez|by typing \/forfeit
|c| oml it's too ez|it gives free hp :]
|c|âF U BP|-.-
|
|switch|p1a: Latias|Latias-Mega, F|301\/301
|turn|31
|c| Ninjabryden|Life Orb Gengar?
|c| oml it's too ez|ur heatran low
|leave|Rambo K156
|c| oml it's too ez|u need hp
|
|switch|p2a: Sylveon|Sylveon, F|316\/390
|-damage|p2a: Sylveon|268\/390|[from] Stealth Rock
|move|p1a: Latias|Psychic|p2a: Sylveon
|-damage|p2a: Sylveon|159\/390
|
|-heal|p2a: Sylveon|183\/390|[from] item: Leftovers
|turn|32
|
|move|p1a: Latias|Psychic|p2a: Sylveon
|-damage|p2a: Sylveon|66\/390
|move|p2a: Sylveon|Wish|p2a: Sylveon
|
|-heal|p2a: Sylveon|90\/390|[from] item: Leftovers
|turn|33
|c| oml it's too ez|calm mind
|c| oml it's too ez|hes gona protect or attack
|
|move|p2a: Sylveon|Protect|p2a: Sylveon
|-singleturn|p2a: Sylveon|Protect
|move|p1a: Latias|Psychic|p2a: Sylveon
|-activate|p2a: Sylveon|Protect
|
|-heal|p2a: Sylveon|285\/390|[from] move: Wish|[wisher] Sylveon
|-heal|p2a: Sylveon|309\/390|[from] item: Leftovers
|turn|34
|c| oml it's too ez|oml
|c| oml it's too ez|kill 1 thing
|
|move|p1a: Latias|Psychic|p2a: Sylveon
|-crit|p2a: Sylveon
|-damage|p2a: Sylveon|132\/390
|move|p2a: Sylveon|Wish|p2a: Sylveon
|
|-heal|p2a: Sylveon|156\/390|[from] item: Leftovers
|turn|35
|c| oml it's too ez|sub
|c| oml it's too ez|calm mind
|c| oml it's too ez|dont attack
|c| Stahpitnintendo|^
|c| Stahpitnintendo|Shh
|c| oml it's too ez|mhmhmh
|
|move|p1a: Latias|Psychic|p2a: Sylveon
|-damage|p2a: Sylveon|29\/390
|move|p2a: Sylveon|Hyper Voice|p1a: Latias
|-supereffective|p1a: Latias
|-damage|p1a: Latias|83\/301
|
|-heal|p2a: Sylveon|224\/390|[from] move: Wish|[wisher] Sylveon
|-heal|p2a: Sylveon|248\/390|[from] item: Leftovers
|turn|36
|c| oml it's too ez|predicted
|c|âF U BP|gg fren
|c| oml it's too ez|gg turn 37
|
|move|p1a: Latias|Psychic|p2a: Sylveon
|-damage|p2a: Sylveon|121\/390
|move|p2a: Sylveon|Hyper Voice|p1a: Latias
|-supereffective|p1a: Latias
|-damage|p1a: Latias|0 fnt
|faint|p1a: Latias
|
|win|F U BP
|c| oml it's too ez|hyper voice
|c|âXxShadowShogunxX|yea gg
|c| Ninjabryden|Gg
|leave|oml it's too ez
|leave|XxShadowShogunxX
|leave|Ninjabryden
|leave|Reunicuddles
|leave|Stahpitnintendo
|player|p1
|leave|Jolteon AYE
|leave|sergio5599
|leave|SpaceMankey
|leave|PrettyBoyAmphar0s
|leave|Hideousripspawn