|join|rs (not c0sta)
|join|F U BP
|player|p1|rs (not c0sta)|101
|player|p2|F U BP|290
|gametype|singles
|gen|6
|tier|OU
|rated
|clearpoke
|poke|p1|Pinsir, M
|poke|p1|Latios, M
|poke|p1|Landorus, M
|poke|p1|Talonflame, M
|poke|p1|Aegislash, F
|poke|p1|Thundurus, M
|poke|p2|Heatran, M
|poke|p2|Rotom-Wash
|poke|p2|Breloom, M
|poke|p2|Tyranitar, M
|poke|p2|Landorus-Therian, M
|poke|p2|Sylveon, F
|rule|Sleep Clause Mod: Limit one foe put to sleep
|rule|Species Clause: Limit one of each Pokemon
|rule|OHKO Clause: OHKO moves are banned
|rule|Moody Clause: Moody is banned
|rule|Evasion Moves Clause: Evasion moves are banned
|rule|Endless Battle Clause: Forcing endless battles is banned.
|rule|HP Percentage Mod: HP is reported as percentages
|teampreview
|
|start
|switch|p1a: Talonflame|Talonflame, M|297\/297
|switch|p2a: Breloom|Breloom, M|262\/262
|turn|1
|
|switch|p2a: Landorus-Therian|Landorus-Therian, M|381\/381
|-ability|p2a: Landorus-Therian|Intimidate|[of] p1a: Talonflame
|-unboost|p1a: Talonflame|atk|1
|move|p1a: Talonflame|Brave Bird|p2a: Landorus-Therian
|-damage|p2a: Landorus-Therian|242\/381
|-damage|p1a: Talonflame|251\/297|[from] recoil|[of] p2a: Landorus-Therian
|
|-heal|p2a: Landorus-Therian|265\/381|[from] item: Leftovers
|turn|2
|join|Li Xiao Long
|
|switch|p1a: Landorus|Landorus, M|319\/319
|move|p2a: Landorus-Therian|U-turn|p1a: Landorus
|-resisted|p1a: Landorus
|-damage|p1a: Landorus|279\/319
|
|switch|p2a: Rotom-Wash|Rotom-Wash|304\/304
|
|turn|3
|
|move|p1a: Landorus|Stealth Rock|p2a: Rotom-Wash
|-sidestart|p2: F U BP|move: Stealth Rock
|move|p2a: Rotom-Wash|Hydro Pump|p1a: Landorus
|-supereffective|p1a: Landorus
|-damage|p1a: Landorus|0 fnt
|faint|p1a: Landorus
|
|
|switch|p1a: Thundurus|Thundurus, M|299\/299
|turn|4
|
|switch|p2a: Sylveon|Sylveon, F|390\/390
|-damage|p2a: Sylveon|342\/390|[from] Stealth Rock
|move|p1a: Thundurus|Knock Off|p2a: Sylveon
|-resisted|p2a: Sylveon
|-damage|p2a: Sylveon|247\/390
|-enditem|p2a: Sylveon|Leftovers|[from] move: Knock Off|[of] p1a: Thundurus
|-damage|p1a: Thundurus|270\/299|[from] item: Life Orb
|
|turn|5
|
|move|p1a: Thundurus|Wild Charge|p2a: Sylveon
|-damage|p2a: Sylveon|20\/390
|-damage|p1a: Thundurus|213\/299|[from] recoil|[of] p2a: Sylveon
|-damage|p1a: Thundurus|184\/299|[from] item: Life Orb
|move|p2a: Sylveon|Wish|p2a: Sylveon
|
|turn|6
|
|move|p2a: Sylveon|Protect|p2a: Sylveon
|-singleturn|p2a: Sylveon|Protect
|move|p1a: Thundurus|Hidden Power|p2a: Sylveon
|-activate|p2a: Sylveon|Protect
|
|-heal|p2a: Sylveon|215\/390|[from] move: Wish|[wisher] Sylveon
|turn|7
|
|switch|p2a: Tyranitar|Tyranitar, M|342\/342
|-damage|p2a: Tyranitar|300\/342|[from] Stealth Rock
|-weather|Sandstorm
|move|p1a: Thundurus|Wild Charge|p2a: Tyranitar
|-damage|p2a: Tyranitar|115\/342
|-damage|p1a: Thundurus|138\/299|[from] recoil|[of] p2a: Tyranitar
|-damage|p1a: Thundurus|109\/299|[from] item: Life Orb
|
|-weather|Sandstorm|[upkeep]
|-damage|p1a: Thundurus|91\/299|[from] sandstorm
|turn|8
|
|switch|p2a: Breloom|Breloom, M|262\/262
|-damage|p2a: Breloom|246\/262|[from] Stealth Rock
|move|p1a: Thundurus|Superpower|p2a: Breloom
|-damage|p2a: Breloom|41\/262
|-unboost|p1a: Thundurus|atk|1
|-unboost|p1a: Thundurus|def|1
|-damage|p1a: Thundurus|62\/299|[from] item: Life Orb
|
|-weather|Sandstorm|[upkeep]
|-damage|p1a: Thundurus|44\/299|[from] sandstorm
|-damage|p2a: Breloom|25\/262|[from] sandstorm
|turn|9
|
|switch|p1a: Aegislash|Aegislash, F|261\/261
|move|p2a: Breloom|Mach Punch|p1a: Aegislash
|-immune|p1a: Aegislash|[msg]
|
|-weather|Sandstorm|[upkeep]
|-damage|p2a: Breloom|9\/262|[from] sandstorm
|turn|10
|
|-formechange|p1a: Aegislash|Aegislash-Blade
|move|p1a: Aegislash|Shadow Sneak|p2a: Breloom
|-damage|p2a: Breloom|0 fnt
|-damage|p1a: Aegislash|235\/261|[from] item: Life Orb
|faint|p2a: Breloom
|
|-weather|Sandstorm|[upkeep]
|
|switch|p2a: Tyranitar|Tyranitar, M|115\/342
|-damage|p2a: Tyranitar|73\/342|[from] Stealth Rock
|turn|11
|
|switch|p1a: Thundurus|Thundurus, M|44\/299
|-formechange|p2a: Tyranitar|Tyranitar-Mega
|message|Tyranitar has Mega Evolved into Mega Tyranitar!
|move|p2a: Tyranitar|Dragon Dance|p2a: Tyranitar
|-boost|p2a: Tyranitar|atk|1
|-boost|p2a: Tyranitar|spe|1
|
|-weather|none
|turn|12
|
|move|p2a: Tyranitar|Ice Punch|p1a: Thundurus
|-supereffective|p1a: Thundurus
|-damage|p1a: Thundurus|0 fnt
|faint|p1a: Thundurus
|
|
|switch|p1a: Talonflame|Talonflame, M|251\/297
|turn|13
|
|move|p1a: Talonflame|Brave Bird|p2a: Tyranitar
|-resisted|p2a: Tyranitar
|-damage|p2a: Tyranitar|0 fnt
|-damage|p1a: Talonflame|227\/297|[from] recoil|[of] p2a: Tyranitar
|faint|p2a: Tyranitar
|
|
|switch|p2a: Heatran|Heatran, M|323\/323
|-damage|p2a: Heatran|283\/323|[from] Stealth Rock
|turn|14
|
|move|p1a: Talonflame|Brave Bird|p2a: Heatran
|-resisted|p2a: Heatran
|-damage|p2a: Heatran|177\/323
|-damage|p1a: Talonflame|192\/297|[from] recoil|[of] p2a: Heatran
|move|p2a: Heatran|Dragon Pulse|p1a: Talonflame
|-crit|p1a: Talonflame
|-damage|p1a: Talonflame|0 fnt
|faint|p1a: Talonflame
|
|
|switch|p1a: Aegislash|Aegislash, F|235\/261
|turn|15
|
|switch|p2a: Landorus-Therian|Landorus-Therian, M|265\/381
|-damage|p2a: Landorus-Therian|218\/381|[from] Stealth Rock
|-ability|p2a: Landorus-Therian|Intimidate|[of] p1a: Aegislash
|-unboost|p1a: Aegislash|atk|1
|-formechange|p1a: Aegislash|Aegislash-Blade
|move|p1a: Aegislash|Shadow Ball|p2a: Landorus-Therian
|-damage|p2a: Landorus-Therian|0 fnt
|-damage|p1a: Aegislash|209\/261|[from] item: Life Orb
|faint|p2a: Landorus-Therian
|
|
|switch|p2a: Heatran|Heatran, M|177\/323
|-damage|p2a: Heatran|137\/323|[from] Stealth Rock
|turn|16
|
|switch|p1a: Latios|Latios, M|301\/301
|move|p2a: Heatran|Fire Blast|p1a: Latios
|-resisted|p1a: Latios
|-damage|p1a: Latios|211\/301
|-status|p1a: Latios|brn
|
|-damage|p1a: Latios|174\/301 brn|[from] brn
|turn|17
|
|switch|p2a: Sylveon|Sylveon, F|215\/390
|-damage|p2a: Sylveon|167\/390|[from] Stealth Rock
|move|p1a: Latios|Psyshock|p2a: Sylveon
|-damage|p2a: Sylveon|0 fnt
|-damage|p1a: Latios|144\/301 brn|[from] item: Life Orb
|faint|p2a: Sylveon
|
|-damage|p1a: Latios|107\/301 brn|[from] brn
|leave|Li Xiao Long
|
|switch|p2a: Rotom-Wash|Rotom-Wash|304\/304
|-damage|p2a: Rotom-Wash|266\/304|[from] Stealth Rock
|turn|18
|
|move|p1a: Latios|Draco Meteor|p2a: Rotom-Wash
|-damage|p2a: Rotom-Wash|0 fnt
|-unboost|p1a: Latios|spa|2
|-damage|p1a: Latios|77\/301 brn|[from] item: Life Orb
|faint|p2a: Rotom-Wash
|
|-damage|p1a: Latios|40\/301 brn|[from] brn
|
|switch|p2a: Heatran|Heatran, M|137\/323
|-damage|p2a: Heatran|97\/323|[from] Stealth Rock
|turn|19
|
|move|p2a: Heatran|Fire Blast|p1a: Latios|[miss]
|-miss|p2a: Heatran|p1a: Latios
|move|p1a: Latios|Earthquake|p2a: Heatran
|-crit|p2a: Heatran
|-supereffective|p2a: Heatran
|-damage|p2a: Heatran|0 fnt
|-damage|p1a: Latios|10\/301 brn|[from] item: Life Orb
|faint|p2a: Heatran
|
|win|rs (not c0sta)
|raw|Ladder updating...
|raw|rs (not c0sta)'s rating: 1876 &rarr; <strong>1885<\/strong><br \/>(+9 for winning)
|raw|F U BP's rating: 1651 &rarr; <strong>1642<\/strong><br \/>(-9 for losing)