|join|F U BP
|join|SableyeStall
|player|p1|F U BP|290
|player|p2|SableyeStall|266
|gametype|singles
|gen|6
|tier|OU
|clearpoke
|poke|p1|Diancie
|poke|p1|Gliscor, M
|poke|p1|Slowbro, M
|poke|p1|Magnezone
|poke|p1|Diggersby, F
|poke|p1|Chansey, F
|poke|p2|Tyranitar, M
|poke|p2|Amoonguss, F
|poke|p2|Charizard, M
|poke|p2|Chansey, F
|poke|p2|Skarmory, F
|poke|p2|Clefable, F
|rule|Swagger Clause: Swagger is banned
|rule|Baton Pass Clause: Limit one PokÃ©mon knowing Baton Pass
|rule|Sleep Clause Mod: Limit one foe put to sleep
|rule|Species Clause: Limit one of each PokÃ©mon
|rule|OHKO Clause: OHKO moves are banned
|rule|Moody Clause: Moody is banned
|rule|Evasion Moves Clause: Evasion moves are banned
|rule|Endless Battle Clause: Forcing endless battles is banned
|rule|HP Percentage Mod: HP is shown in percentages
|teampreview
|c|âSableyeStall|poopyhead
|c|âF U BP|:P
|c|âSableyeStall|the diggersby that now has knock off
|
|start
|switch|p1a: Magnezone|Magnezone|281\/281
|switch|p2a: Charizard|Charizard, M|359\/359
|turn|1
|c|âF U BP|yeah it's an absolute beast
|c|âSableyeStall|cb im assuming
|
|switch|p2a: Amoonguss|Amoonguss, F|432\/432
|move|p1a: Magnezone|Volt Switch|p2a: Amoonguss
|-resisted|p2a: Amoonguss
|-damage|p2a: Amoonguss|361\/432
|c|âSableyeStall|scarf
|
|switch|p1a: Diggersby|Diggersby, F|312\/312
|
|-heal|p2a: Amoonguss|388\/432|[from] item: Black Sludge
|turn|2
|
|move|p1a: Diggersby|Knock Off|p2a: Amoonguss
|-damage|p2a: Amoonguss|218\/432
|-enditem|p2a: Amoonguss|Black Sludge|[from] move: Knock Off|[of] p1a: Diggersby
|move|p2a: Amoonguss|Giga Drain|p1a: Diggersby
|-crit|p1a: Diggersby
|-supereffective|p1a: Diggersby
|-damage|p1a: Diggersby|52\/312
|-heal|p2a: Amoonguss|348\/432|[from] drain|[of] p1a: Diggersby
|
|turn|3
|c|âF U BP|oh.
|c|âF U BP|plays.
|c|âSableyeStall|ez
|c|âF U BP|the crit though -.-
|
|switch|p1a: Chansey|Chansey, F|703\/703
|move|p2a: Amoonguss|Spore|p1a: Chansey
|-status|p1a: Chansey|slp
|
|turn|4
|c|âSableyeStall|ye rekt
|c|âF U BP|it'll matter more in the in end than I wish it would.
|c|âSableyeStall|this team like directly counters my diancie team
|c|âSableyeStall|nb
|
|switch|p1a: Magnezone|Magnezone|281\/281
|switch|p2a: Tyranitar|Tyranitar, M|404\/404
|-weather|Sandstorm
|
|-weather|Sandstorm|[upkeep]
|turn|5
|
|switch|p2a: Amoonguss|Amoonguss, F|432\/432
|move|p1a: Magnezone|Volt Switch|p2a: Amoonguss
|-crit|p2a: Amoonguss
|-resisted|p2a: Amoonguss
|-damage|p2a: Amoonguss|328\/432
|c|âF U BP|Wasn't the intention, but yeah it does.
|c|âSableyeStall|mmm
|c|âSableyeStall|is that a knock off gliscor
|c|âSableyeStall|1 sec
|c|âF U BP|might be
|c|âSableyeStall|ok im back
|c|âSableyeStall|im pretty happy with this team
|c|âSableyeStall|i see no major flaw
|
|switch|p1a: Chansey|Chansey, F|703\/703
|
|-weather|Sandstorm|[upkeep]
|-damage|p1a: Chansey|660\/703|[from] sandstorm
|-damage|p2a: Amoonguss|301\/432|[from] sandstorm
|turn|6
|c|âF U BP|I see some flaws on my team, but it's a hella fun team once I get my footing
|c|âSableyeStall|is it cm bro
|c|âF U BP|ofc
|c|âSableyeStall|U didnt even ask permission -.-
|c|âF U BP|;)
|c|âSableyeStall|So cm bro, cb diggers i think
|c|âSableyeStall|diancie
|
|switch|p2a: Skarmory|Skarmory, F|333\/333
|move|p1a: Chansey|Stealth Rock|p2a: Skarmory
|-sidestart|p2: SableyeStall|move: Stealth Rock
|
|-weather|Sandstorm|[upkeep]
|-damage|p1a: Chansey|617\/703|[from] sandstorm
|turn|7
|c|âSableyeStall|with zone
|c|âSableyeStall|Hallu has teh mad effects
|
|switch|p1a: Diggersby|Diggersby, F|52\/312
|move|p2a: Skarmory|Defog|p1a: Diggersby
|-unboost|p1a: Diggersby|evasion|1
|-sideend|p2: SableyeStall|Stealth Rock|[from] move: Defog|[of] p2a: Skarmory
|
|-weather|Sandstorm|[upkeep]
|turn|8
|c|âSableyeStall|nah its scarf u weirdo
|
|switch|p2a: Amoonguss|Amoonguss, F|432\/432
|move|p1a: Diggersby|Return|p2a: Amoonguss
|-damage|p2a: Amoonguss|158\/432
|
|-weather|none
|turn|9
|
|switch|p1a: Magnezone|Magnezone|281\/281
|switch|p2a: Tyranitar|Tyranitar, M|404\/404
|-weather|Sandstorm
|
|-weather|Sandstorm|[upkeep]
|turn|10
|
|move|p1a: Magnezone|Volt Switch|p2a: Tyranitar
|-damage|p2a: Tyranitar|322\/404
|
|switch|p1a: Gliscor|Gliscor, M|354\/354
|move|p2a: Tyranitar|Stealth Rock|p1a: Gliscor
|-sidestart|p1: F U BP|move: Stealth Rock
|
|-weather|Sandstorm|[upkeep]
|-heal|p2a: Tyranitar|347\/404|[from] item: Leftovers
|-status|p1a: Gliscor|tox|[from] item: Toxic Orb
|turn|11
|c|âSableyeStall|not a bad play on amoonguss
|c|âF U BP|I'm not a bad player -.-
|c|âSableyeStall|it was pretty desperate but i wasnt sure what u had on gliscor
|
|switch|p1a: Diggersby|Diggersby, F|52\/312
|-damage|p1a: Diggersby|33\/312|[from] Stealth Rock
|switch|p2a: Amoonguss|Amoonguss, F|302\/432
|
|-weather|Sandstorm|[upkeep]
|-damage|p2a: Amoonguss|275\/432|[from] sandstorm
|turn|12
|c|âSableyeStall|ah it is banded
|c|âSableyeStall|just jolly for some reason
|
|switch|p2a: Skarmory|Skarmory, F|333\/333
|move|p1a: Diggersby|Return|p2a: Skarmory
|-resisted|p2a: Skarmory
|-damage|p2a: Skarmory|234\/333
|
|-weather|Sandstorm|[upkeep]
|turn|13
|
|switch|p1a: Magnezone|Magnezone|281\/281
|-damage|p1a: Magnezone|264\/281|[from] Stealth Rock
|move|p2a: Skarmory|Spikes|p1a: Magnezone
|-sidestart|p1: F U BP|Spikes
|
|-weather|none
|turn|14
|c|âF U BP|tbh the crit made this game half as long as it should have been >_>
|c|âF U BP|fuck you for that
|c|âSableyeStall|fuck me for making a play
|c|âF U BP|you pulled a blogboy imo
|c|âSableyeStall|Mate
|c|âSableyeStall|you are running 4 of my sets
|c|âSableyeStall|u know that right?
|
|switch|p2a: Chansey|Chansey, F|642\/642
|move|p1a: Magnezone|Volt Switch|p2a: Chansey
|-crit|p2a: Chansey
|-damage|p2a: Chansey|552\/642
|c|âF U BP|I'm actually only running 1
|c|âSableyeStall|its the thought that counts
|c|âSableyeStall|thats like koopa claiming full credit for that sand team
|c|âF U BP|lol sure sure
|
|switch|p1a: Gliscor|Gliscor, M|354\/354 tox
|-damage|p1a: Gliscor|310\/354 tox|[from] Stealth Rock
|
|-heal|p1a: Gliscor|354\/354 tox|[from] ability: Poison Heal
|turn|15
|c|âSableyeStall|XDD mate and u didnt want to call me most knowledgable player
|
|switch|p2a: Amoonguss|Amoonguss, F|419\/432
|move|p1a: Gliscor|Taunt|p2a: Amoonguss
|-start|p2a: Amoonguss|move: Taunt
|
|turn|16
|c|âSableyeStall|if ur sub toxic
|c|âSableyeStall|kk good
|c|âF U BP|I can't beat amoonguss with a haxed diggersby
|c|âSableyeStall|the one time i get a crit
|
|switch|p1a: Chansey|Chansey, F|617\/703
|-damage|p1a: Chansey|530\/703|[from] Spikes
|-damage|p1a: Chansey|443\/703|[from] Stealth Rock
|move|p2a: Amoonguss|Giga Drain|p1a: Chansey
|-damage|p1a: Chansey|398\/703
|-heal|p2a: Amoonguss|432\/432|[from] drain|[of] p1a: Chansey
|
|turn|17
|
|switch|p2a: Skarmory|Skarmory, F|234\/333
|move|p1a: Chansey|Stealth Rock|p2a: Skarmory
|-sidestart|p2: SableyeStall|move: Stealth Rock
|
|turn|18
|c|âSableyeStall|the only time i miss sableye tbh
|
|move|p2a: Skarmory|Spikes|p1a: Chansey
|-sidestart|p1: F U BP|Spikes
|move|p1a: Chansey|Soft-Boiled|p1a: Chansey
|-heal|p1a: Chansey|703\/703
|
|turn|19
|c|âSableyeStall|hard walling chansey
|c|âSableyeStall|the only time i miss blissey
|
|move|p2a: Skarmory|Spikes|p1a: Chansey
|-sidestart|p1: F U BP|Spikes
|move|p1a: Chansey|Seismic Toss|p2a: Skarmory
|-damage|p2a: Skarmory|134\/333
|
|turn|20
|c|âSableyeStall|lefties off the sr damage
|
|switch|p1a: Gliscor|Gliscor, M|354\/354 tox
|-damage|p1a: Gliscor|310\/354 tox|[from] Stealth Rock
|move|p2a: Skarmory|Roost|p2a: Skarmory
|-heal|p2a: Skarmory|301\/333
|
|-heal|p1a: Gliscor|354\/354 tox|[from] ability: Poison Heal
|turn|21
|
|switch|p2a: Amoonguss|Amoonguss, F|432\/432
|-damage|p2a: Amoonguss|378\/432|[from] Stealth Rock
|move|p1a: Gliscor|Taunt|p2a: Amoonguss
|-start|p2a: Amoonguss|move: Taunt
|
|turn|22
|c|âF U BP|are you av or something?
|c|âSableyeStall|u wanna ff or naw
|
|move|p1a: Gliscor|Earthquake|p2a: Amoonguss
|-damage|p2a: Amoonguss|276\/432
|move|p2a: Amoonguss|Giga Drain|p1a: Gliscor
|-damage|p1a: Gliscor|255\/354 tox
|-heal|p2a: Amoonguss|326\/432|[from] drain|[of] p1a: Gliscor
|
|-heal|p1a: Gliscor|299\/354 tox|[from] ability: Poison Heal
|turn|23
|c|âSableyeStall|mate u cant even fuck with amoonguss
|
|move|p1a: Gliscor|Earthquake|p2a: Amoonguss
|-damage|p2a: Amoonguss|223\/432
|move|p2a: Amoonguss|Giga Drain|p1a: Gliscor
|-damage|p1a: Gliscor|197\/354 tox
|-heal|p2a: Amoonguss|274\/432|[from] drain|[of] p1a: Gliscor
|
|-heal|p1a: Gliscor|241\/354 tox|[from] ability: Poison Heal
|turn|24
|
|move|p1a: Gliscor|Taunt|p2a: Amoonguss
|-fail|p2a: Amoonguss
|move|p2a: Amoonguss|Giga Drain|p1a: Gliscor
|-damage|p1a: Gliscor|138\/354 tox
|-heal|p2a: Amoonguss|326\/432|[from] drain|[of] p1a: Gliscor
|
|-heal|p1a: Gliscor|182\/354 tox|[from] ability: Poison Heal
|-end|p2a: Amoonguss|move: Taunt
|turn|25
|c|âF U BP|wtf
|c|âSableyeStall|im not bad
|c|âF U BP|I must have missed -.-
|
|move|p1a: Gliscor|Roost|p1a: Gliscor
|-heal|p1a: Gliscor|354\/354 tox
|move|p2a: Amoonguss|Giga Drain|p1a: Gliscor
|-supereffective|p1a: Gliscor
|-damage|p1a: Gliscor|154\/354 tox
|-heal|p2a: Amoonguss|426\/432|[from] drain|[of] p1a: Gliscor
|
|-heal|p1a: Gliscor|198\/354 tox|[from] ability: Poison Heal
|turn|26
|c|âSableyeStall|gliscor loses this 1vs1
|c|âF U BP|yup yup I'll ff and blame hax :)
|-message|F U BP forfeited.
|c|âSableyeStall|kk thanks
|c|âF U BP|np
|c|âSableyeStall|gg
|
|win|SableyeStall
|c|âF U BP|gg ish lol