|join|XLR87T3
|join|F U BP
|player|p1|XLR87T3|200
|player|p2|F U BP|290
|gametype|singles
|gen|6
|tier|OU
|rated
|clearpoke
|poke|p1|Tyranitar, M
|poke|p1|Garchomp, M
|poke|p1|Excadrill, M
|poke|p1|Talonflame, F
|poke|p1|Greninja, F
|poke|p1|Thundurus, M
|poke|p2|Heatran, M
|poke|p2|Scizor, M
|poke|p2|Sylveon, M
|poke|p2|Latios, M
|poke|p2|Rotom-Wash
|poke|p2|Landorus-Therian, M
|rule|Swagger Clause: Swagger is banned
|rule|Baton Pass Clause: Limit one PokÃ©mon knowing Baton Pass
|rule|Sleep Clause Mod: Limit one foe put to sleep
|rule|Species Clause: Limit one of each PokÃ©mon
|rule|OHKO Clause: OHKO moves are banned
|rule|Moody Clause: Moody is banned
|rule|Evasion Moves Clause: Evasion moves are banned
|rule|Endless Battle Clause: Forcing endless battles is banned
|rule|HP Percentage Mod: HP is shown in percentages
|teampreview
|
|start
|switch|p1a: Smogon 'Zilla|Tyranitar, M|404\/404
|switch|p2a: Landorus-Therian|Landorus-Therian, M|328\/328
|-ability|p2a: Landorus-Therian|Intimidate|[of] p1a: Smogon 'Zilla
|-unboost|p1a: Smogon 'Zilla|atk|1
|-weather|Sandstorm
|turn|1
|
|detailschange|p1a: Smogon 'Zilla|Tyranitar-Mega, M
|-mega|p1a: Smogon 'Zilla|Tyranitar|Tyranitarite
|move|p2a: Landorus-Therian|U-turn|p1a: Smogon 'Zilla
|-supereffective|p1a: Smogon 'Zilla
|-damage|p1a: Smogon 'Zilla|304\/404
|
|switch|p2a: Rotom-Wash|Rotom-Wash|304\/304
|move|p1a: Smogon 'Zilla|Ice Beam|p2a: Rotom-Wash
|-resisted|p2a: Rotom-Wash
|-damage|p2a: Rotom-Wash|274\/304
|
|-weather|Sandstorm|[upkeep]
|-damage|p2a: Rotom-Wash|255\/304|[from] sandstorm
|-heal|p2a: Rotom-Wash|274\/304|[from] item: Leftovers
|turn|2
|
|move|p2a: Rotom-Wash|Will-O-Wisp|p1a: Smogon 'Zilla
|-status|p1a: Smogon 'Zilla|brn
|move|p1a: Smogon 'Zilla|Stealth Rock|p2a: Rotom-Wash
|-sidestart|p2: F U BP|move: Stealth Rock
|
|-weather|Sandstorm|[upkeep]
|-damage|p2a: Rotom-Wash|255\/304|[from] sandstorm
|-heal|p2a: Rotom-Wash|274\/304|[from] item: Leftovers
|-damage|p1a: Smogon 'Zilla|254\/404 brn|[from] brn
|turn|3
|
|switch|p1a: Thunducancer|Thundurus, M|299\/299
|move|p2a: Rotom-Wash|Hydro Pump|p1a: Thunducancer
|-crit|p1a: Thunducancer
|-damage|p1a: Thunducancer|50\/299
|-enditem|p1a: Thunducancer|Sitrus Berry|[eat]
|-heal|p1a: Thunducancer|124\/299|[from] item: Sitrus Berry
|
|-weather|Sandstorm|[upkeep]
|-damage|p1a: Thunducancer|106\/299|[from] sandstorm
|-damage|p2a: Rotom-Wash|255\/304|[from] sandstorm
|-heal|p2a: Rotom-Wash|274\/304|[from] item: Leftovers
|turn|4
|
|switch|p2a: Sylveon|Sylveon, M|390\/390
|-damage|p2a: Sylveon|342\/390|[from] Stealth Rock
|move|p1a: Thunducancer|Thunderbolt|p2a: Sylveon
|-damage|p2a: Sylveon|240\/390
|
|-weather|Sandstorm|[upkeep]
|-damage|p1a: Thunducancer|88\/299|[from] sandstorm
|-damage|p2a: Sylveon|216\/390|[from] sandstorm
|-heal|p2a: Sylveon|240\/390|[from] item: Leftovers
|turn|5
|
|switch|p1a: Smogon Mole|Excadrill, M|361\/361
|move|p2a: Sylveon|Wish|p2a: Sylveon
|
|-weather|none
|-heal|p2a: Sylveon|264\/390|[from] item: Leftovers
|turn|6
|join|Hallucination
|
|move|p2a: Sylveon|Protect|p2a: Sylveon
|-singleturn|p2a: Sylveon|Protect
|move|p1a: Smogon Mole|Swords Dance|p1a: Smogon Mole
|-boost|p1a: Smogon Mole|atk|2
|
|-heal|p2a: Sylveon|390\/390|[from] move: Wish|[wisher] Sylveon
|turn|7
|c| Hallucination|is that brightviel chomp
|
|switch|p2a: Scizor|Scizor, M|343\/343
|-damage|p2a: Scizor|301\/343|[from] Stealth Rock
|move|p1a: Smogon Mole|Swords Dance|p1a: Smogon Mole
|-boost|p1a: Smogon Mole|atk|2
|
|turn|8
|
|switch|p2a: Landorus-Therian|Landorus-Therian, M|328\/328
|-damage|p2a: Landorus-Therian|287\/328|[from] Stealth Rock
|-ability|p2a: Landorus-Therian|Intimidate|[of] p1a: Smogon Mole
|-unboost|p1a: Smogon Mole|atk|1
|move|p1a: Smogon Mole|Earthquake|p2a: Landorus-Therian
|-immune|p2a: Landorus-Therian|[msg]
|
|turn|9
|c|âF U BP|inb4 sash
|
|move|p2a: Landorus-Therian|Earthquake|p1a: Smogon Mole
|-supereffective|p1a: Smogon Mole
|-damage|p1a: Smogon Mole|0 fnt
|faint|p1a: Smogon Mole
|
|
|switch|p1a: Smogon Frog|Greninja, F|285\/285
|turn|10
|
|move|p2a: Landorus-Therian|Earthquake|p1a: Smogon Frog
|-damage|p1a: Smogon Frog|0 fnt
|faint|p1a: Smogon Frog
|
|c|âXLR87T3|D:
|c|âF U BP|2fast
|
|switch|p1a: Smogon 'Zilla|Tyranitar-Mega, M|254\/404 brn
|-weather|Sandstorm
|turn|11
|
|switch|p1a: Thunducancer|Thundurus, M|88\/299
|move|p2a: Landorus-Therian|Earthquake|p1a: Thunducancer
|-immune|p1a: Thunducancer|[msg]
|
|-weather|Sandstorm|[upkeep]
|-damage|p1a: Thunducancer|70\/299|[from] sandstorm
|turn|12
|c| Hallucination|lols
|c|âF U BP|okie
|
|switch|p2a: Sylveon|Sylveon, M|390\/390
|-damage|p2a: Sylveon|342\/390|[from] Stealth Rock
|move|p1a: Thunducancer|Hidden Power|p2a: Sylveon
|-damage|p2a: Sylveon|293\/390
|
|-weather|Sandstorm|[upkeep]
|-damage|p1a: Thunducancer|52\/299|[from] sandstorm
|-damage|p2a: Sylveon|269\/390|[from] sandstorm
|-heal|p2a: Sylveon|293\/390|[from] item: Leftovers
|turn|13
|
|move|p1a: Thunducancer|Thunderbolt|p2a: Sylveon
|-damage|p2a: Sylveon|193\/390
|move|p2a: Sylveon|Wish|p2a: Sylveon
|
|-weather|Sandstorm|[upkeep]
|-damage|p1a: Thunducancer|34\/299|[from] sandstorm
|-damage|p2a: Sylveon|169\/390|[from] sandstorm
|-heal|p2a: Sylveon|193\/390|[from] item: Leftovers
|turn|14
|
|move|p1a: Thunducancer|Thunder Wave|p2a: Sylveon
|-status|p2a: Sylveon|par
|move|p2a: Sylveon|Hyper Voice|p1a: Thunducancer
|-damage|p1a: Thunducancer|0 fnt
|faint|p1a: Thunducancer
|
|-weather|Sandstorm|[upkeep]
|-damage|p2a: Sylveon|169\/390 par|[from] sandstorm
|-heal|p2a: Sylveon|364\/390 par|[from] move: Wish|[wisher] Sylveon
|-heal|p2a: Sylveon|388\/390 par|[from] item: Leftovers
|
|switch|p1a: Smogon Bird|Talonflame, F|297\/297
|turn|15
|
|switch|p2a: Rotom-Wash|Rotom-Wash|274\/304
|-damage|p2a: Rotom-Wash|236\/304|[from] Stealth Rock
|move|p1a: Smogon Bird|Me First|p2a: Rotom-Wash
|-fail|p2a: Rotom-Wash
|
|-weather|none
|-heal|p2a: Rotom-Wash|255\/304|[from] item: Leftovers
|turn|16
|c|âF U BP|:o
|
|switch|p1a: Smogon Land Shark|Garchomp, M|358\/358
|move|p2a: Rotom-Wash|Hydro Pump|p1a: Smogon Land Shark|[miss]
|-miss|p2a: Rotom-Wash|p1a: Smogon Land Shark
|
|-heal|p2a: Rotom-Wash|274\/304|[from] item: Leftovers
|turn|17
|
|move|p1a: Smogon Land Shark|Stone Edge|p2a: Rotom-Wash
|-damage|p2a: Rotom-Wash|190\/304
|move|p2a: Rotom-Wash|Will-O-Wisp|p1a: Smogon Land Shark
|-status|p1a: Smogon Land Shark|brn
|-enditem|p1a: Smogon Land Shark|Lum Berry|[eat]
|-curestatus|p1a: Smogon Land Shark|brn
|
|-heal|p2a: Rotom-Wash|209\/304|[from] item: Leftovers
|turn|18
|
|move|p1a: Smogon Land Shark|Swords Dance|p1a: Smogon Land Shark
|-boost|p1a: Smogon Land Shark|atk|2
|move|p2a: Rotom-Wash|Pain Split|p1a: Smogon Land Shark
|-sethp|p1a: Smogon Land Shark|283\/358|p2a: Rotom-Wash|283\/304|[from] move: Pain Split
|
|-heal|p2a: Rotom-Wash|302\/304|[from] item: Leftovers
|turn|19
|
|switch|p2a: Sylveon|Sylveon, M|388\/390 par
|-damage|p2a: Sylveon|340\/390 par|[from] Stealth Rock
|move|p1a: Smogon Land Shark|Outrage|p2a: Sylveon
|-immune|p2a: Sylveon|[msg]
|
|-heal|p2a: Sylveon|364\/390 par|[from] item: Leftovers
|turn|20
|
|move|p1a: Smogon Land Shark|Earthquake|p2a: Sylveon
|-damage|p2a: Sylveon|0 fnt
|faint|p2a: Sylveon
|
|
|switch|p2a: Latios|Latios, M|302\/302
|-damage|p2a: Latios|265\/302|[from] Stealth Rock
|turn|21
|
|move|p2a: Latios|Draco Meteor|p1a: Smogon Land Shark
|-supereffective|p1a: Smogon Land Shark
|-damage|p1a: Smogon Land Shark|0 fnt
|-unboost|p2a: Latios|spa|2
|faint|p1a: Smogon Land Shark
|
|
|switch|p1a: Smogon 'Zilla|Tyranitar-Mega, M|254\/404 brn
|-weather|Sandstorm
|turn|22
|
|switch|p2a: Heatran|Heatran, M|323\/323
|-damage|p2a: Heatran|283\/323|[from] Stealth Rock
|move|p1a: Smogon 'Zilla|Ice Beam|p2a: Heatran
|-resisted|p2a: Heatran
|-damage|p2a: Heatran|267\/323
|
|-weather|Sandstorm|[upkeep]
|-heal|p2a: Heatran|287\/323|[from] item: Leftovers
|-damage|p1a: Smogon 'Zilla|204\/404 brn|[from] brn
|turn|23
|
|move|p2a: Heatran|Stealth Rock|p1a: Smogon 'Zilla
|-sidestart|p1: XLR87T3|move: Stealth Rock
|move|p1a: Smogon 'Zilla|Earthquake|p2a: Heatran
|-supereffective|p2a: Heatran
|-damage|p2a: Heatran|47\/323
|
|-weather|Sandstorm|[upkeep]
|-heal|p2a: Heatran|67\/323|[from] item: Leftovers
|-damage|p1a: Smogon 'Zilla|154\/404 brn|[from] brn
|turn|24
|
|move|p2a: Heatran|Flash Cannon|p1a: Smogon 'Zilla
|-supereffective|p1a: Smogon 'Zilla
|-damage|p1a: Smogon 'Zilla|0 fnt
|faint|p1a: Smogon 'Zilla
|
|-weather|Sandstorm|[upkeep]
|-heal|p2a: Heatran|87\/323|[from] item: Leftovers
|c| Hallucination|gg
|
|switch|p1a: Smogon Bird|Talonflame, F|297\/297
|-damage|p1a: Smogon Bird|149\/297|[from] Stealth Rock
|turn|25
|c|âF U BP|me first
|c|âF U BP|do itttt
|c|âXLR87T3|lol it only for dragons
|c|âF U BP|ahh gotcha
|
|move|p1a: Smogon Bird|Brave Bird|p2a: Heatran
|-resisted|p2a: Heatran
|-damage|p2a: Heatran|0 fnt
|-damage|p1a: Smogon Bird|120\/297|[from] recoil|[of] p2a: Heatran
|faint|p2a: Heatran
|
|-weather|Sandstorm|[upkeep]
|-damage|p1a: Smogon Bird|102\/297|[from] sandstorm
|
|switch|p2a: Rotom-Wash|Rotom-Wash|302\/304
|-damage|p2a: Rotom-Wash|264\/304|[from] Stealth Rock
|turn|26
|
|move|p1a: Smogon Bird|Brave Bird|p2a: Rotom-Wash
|-resisted|p2a: Rotom-Wash
|-damage|p2a: Rotom-Wash|185\/304
|-damage|p1a: Smogon Bird|76\/297|[from] recoil|[of] p2a: Rotom-Wash
|move|p2a: Rotom-Wash|Volt Switch|p1a: Smogon Bird
|-supereffective|p1a: Smogon Bird
|-damage|p1a: Smogon Bird|0 fnt
|faint|p1a: Smogon Bird
|
|win|F U BP
|raw|Ladder updating...
|raw|XLR87T3's rating: 1123 &rarr; <strong>1098<\/strong><br \/>(-25 for losing)
|raw|F U BP's rating: 1117 &rarr; <strong>1142<\/strong><br \/>(+25 for winning)
|c|âF U BP|gg
|c|âXLR87T3|gg
|leave|F U BP
|player|p2