|join|F U BP
|join|ShartAttack
|player|p1|F U BP|290
|player|p2|ShartAttack|277
|gametype|singles
|gen|6
|tier|OU
|rated
|clearpoke
|poke|p1|Heatran, F
|poke|p1|Scizor, F
|poke|p1|Sylveon, M
|poke|p1|Latios, M
|poke|p1|Rotom-Wash
|poke|p1|Landorus-Therian, M
|poke|p2|Sylveon, F
|poke|p2|Charizard, F
|poke|p2|Latias, F
|poke|p2|Landorus-Therian, M
|poke|p2|Terrakion
|poke|p2|Rotom-Wash
|rule|Swagger Clause: Swagger is banned
|rule|Baton Pass Clause: Limit one PokÃ©mon knowing Baton Pass
|rule|Sleep Clause Mod: Limit one foe put to sleep
|rule|Species Clause: Limit one of each PokÃ©mon
|rule|OHKO Clause: OHKO moves are banned
|rule|Moody Clause: Moody is banned
|rule|Evasion Moves Clause: Evasion moves are banned
|rule|Endless Battle Clause: Forcing endless battles is banned
|rule|HP Percentage Mod: HP is shown in percentages
|teampreview
|
|start
|switch|p1a: Landorus-Therian|Landorus-Therian, M|328\/328
|switch|p2a: Rotom-Wash|Rotom-Wash|303\/303
|-ability|p1a: Landorus-Therian|Intimidate|[of] p2a: Rotom-Wash
|-unboost|p2a: Rotom-Wash|atk|1
|turn|1
|
|move|p1a: Landorus-Therian|U-turn|p2a: Rotom-Wash
|-damage|p2a: Rotom-Wash|241\/303
|
|switch|p1a: Sylveon|Sylveon, M|390\/390
|move|p2a: Rotom-Wash|Will-O-Wisp|p1a: Sylveon
|-status|p1a: Sylveon|brn
|
|-heal|p2a: Rotom-Wash|259\/303|[from] item: Leftovers
|-damage|p1a: Sylveon|342\/390 brn|[from] brn
|turn|2
|
|move|p2a: Rotom-Wash|Volt Switch|p1a: Sylveon
|-damage|p1a: Sylveon|281\/390 brn
|
|switch|p2a: Terrakion|Terrakion|323\/323
|move|p1a: Sylveon|Heal Bell|p1a: Sylveon
|-cureteam|p1a: Sylveon|[from] move: HealBell
|
|-heal|p1a: Sylveon|305\/390|[from] item: Leftovers
|turn|3
|
|switch|p1a: Landorus-Therian|Landorus-Therian, M|328\/328
|-ability|p1a: Landorus-Therian|Intimidate|[of] p2a: Terrakion
|-unboost|p2a: Terrakion|atk|1
|move|p2a: Terrakion|Stealth Rock|p1a: Landorus-Therian
|-sidestart|p1: F U BP|move: Stealth Rock
|
|turn|4
|
|switch|p2a: Rotom-Wash|Rotom-Wash|259\/303
|move|p1a: Landorus-Therian|U-turn|p2a: Rotom-Wash
|-damage|p2a: Rotom-Wash|193\/303
|
|switch|p1a: Sylveon|Sylveon, M|305\/390
|-damage|p1a: Sylveon|257\/390|[from] Stealth Rock
|
|-heal|p2a: Rotom-Wash|211\/303|[from] item: Leftovers
|-heal|p1a: Sylveon|281\/390|[from] item: Leftovers
|turn|5
|
|move|p2a: Rotom-Wash|Volt Switch|p1a: Sylveon
|-damage|p1a: Sylveon|221\/390
|
|switch|p2a: Terrakion|Terrakion|323\/323
|move|p1a: Sylveon|Hyper Voice|p2a: Terrakion
|-supereffective|p2a: Terrakion
|-enditem|p2a: Terrakion|Focus Sash
|-damage|p2a: Terrakion|1\/323
|
|-heal|p1a: Sylveon|245\/390|[from] item: Leftovers
|turn|6
|
|move|p1a: Sylveon|Protect|p1a: Sylveon
|-singleturn|p1a: Sylveon|Protect
|move|p2a: Terrakion|Stone Edge|p1a: Sylveon
|-activate|p1a: Sylveon|Protect
|
|-heal|p1a: Sylveon|269\/390|[from] item: Leftovers
|turn|7
|
|switch|p1a: Landorus-Therian|Landorus-Therian, M|328\/328
|-damage|p1a: Landorus-Therian|287\/328|[from] Stealth Rock
|-ability|p1a: Landorus-Therian|Intimidate|[of] p2a: Terrakion
|-unboost|p2a: Terrakion|atk|1
|move|p2a: Terrakion|Stone Edge|p1a: Landorus-Therian
|-damage|p1a: Landorus-Therian|160\/328
|
|turn|8
|
|switch|p2a: Landorus-Therian|Landorus-Therian, M|319\/319
|-ability|p2a: Landorus-Therian|Intimidate|[of] p1a: Landorus-Therian
|-unboost|p1a: Landorus-Therian|atk|1
|move|p1a: Landorus-Therian|U-turn|p2a: Landorus-Therian
|-resisted|p2a: Landorus-Therian
|-damage|p2a: Landorus-Therian|284\/319
|
|switch|p1a: Rotom-Wash|Rotom-Wash|304\/304
|-damage|p1a: Rotom-Wash|266\/304|[from] Stealth Rock
|
|-heal|p1a: Rotom-Wash|285\/304|[from] item: Leftovers
|turn|9
|
|move|p2a: Landorus-Therian|U-turn|p1a: Rotom-Wash
|-damage|p1a: Rotom-Wash|222\/304
|
|switch|p2a: Terrakion|Terrakion|1\/323
|move|p1a: Rotom-Wash|Will-O-Wisp|p2a: Terrakion
|-status|p2a: Terrakion|brn
|
|-heal|p1a: Rotom-Wash|241\/304|[from] item: Leftovers
|-damage|p2a: Terrakion|0 fnt|[from] brn
|faint|p2a: Terrakion
|
|switch|p2a: Sylveon|Sylveon, F|393\/393
|turn|10
|
|move|p1a: Rotom-Wash|Volt Switch|p2a: Sylveon
|-damage|p2a: Sylveon|318\/393
|
|switch|p1a: Heatran|Heatran, F|323\/323
|-damage|p1a: Heatran|283\/323|[from] Stealth Rock
|move|p2a: Sylveon|Hidden Power|p1a: Heatran
|-supereffective|p1a: Heatran
|-damage|p1a: Heatran|0 fnt
|faint|p1a: Heatran
|
|
|switch|p1a: Latios|Latios, M|302\/302
|-damage|p1a: Latios|265\/302|[from] Stealth Rock
|turn|11
|
|switch|p2a: Rotom-Wash|Rotom-Wash|211\/303
|move|p1a: Latios|Defog|p2a: Rotom-Wash
|-unboost|p2a: Rotom-Wash|evasion|1
|-sideend|p1: F U BP|Stealth Rock|[from] move: Defog|[of] p1a: Latios
|
|-heal|p2a: Rotom-Wash|229\/303|[from] item: Leftovers
|turn|12
|
|switch|p1a: Sylveon|Sylveon, M|269\/390
|move|p2a: Rotom-Wash|Volt Switch|p1a: Sylveon
|-damage|p1a: Sylveon|211\/390
|
|switch|p2a: Sylveon|Sylveon, F|318\/393
|
|-heal|p1a: Sylveon|235\/390|[from] item: Leftovers
|turn|13
|
|move|p1a: Sylveon|Protect|p1a: Sylveon
|-singleturn|p1a: Sylveon|Protect
|move|p2a: Sylveon|Hyper Voice|p1a: Sylveon
|-activate|p1a: Sylveon|Protect
|
|-heal|p1a: Sylveon|259\/390|[from] item: Leftovers
|turn|14
|
|move|p1a: Sylveon|Wish|p1a: Sylveon
|move|p2a: Sylveon|Hyper Voice|p1a: Sylveon
|-damage|p1a: Sylveon|69\/390
|
|-heal|p1a: Sylveon|93\/390|[from] item: Leftovers
|turn|15
|
|move|p1a: Sylveon|Protect|p1a: Sylveon
|-singleturn|p1a: Sylveon|Protect
|move|p2a: Sylveon|Hyper Voice|p1a: Sylveon
|-activate|p1a: Sylveon|Protect
|
|-heal|p1a: Sylveon|288\/390|[from] move: Wish|[wisher] Sylveon
|-heal|p1a: Sylveon|312\/390|[from] item: Leftovers
|turn|16
|
|move|p2a: Sylveon|Hyper Voice|p1a: Sylveon
|-damage|p1a: Sylveon|96\/390
|move|p1a: Sylveon|Wish|p1a: Sylveon
|
|-heal|p1a: Sylveon|120\/390|[from] item: Leftovers
|turn|17
|
|move|p1a: Sylveon|Protect|p1a: Sylveon
|-singleturn|p1a: Sylveon|Protect
|move|p2a: Sylveon|Hyper Voice|p1a: Sylveon
|-activate|p1a: Sylveon|Protect
|
|-heal|p1a: Sylveon|315\/390|[from] move: Wish|[wisher] Sylveon
|-heal|p1a: Sylveon|339\/390|[from] item: Leftovers
|turn|18
|
|switch|p2a: Landorus-Therian|Landorus-Therian, M|284\/319
|-ability|p2a: Landorus-Therian|Intimidate|[of] p1a: Sylveon
|-unboost|p1a: Sylveon|atk|1
|move|p1a: Sylveon|Wish|p1a: Sylveon
|
|-heal|p1a: Sylveon|363\/390|[from] item: Leftovers
|turn|19
|
|switch|p1a: Landorus-Therian|Landorus-Therian, M|160\/328
|-ability|p1a: Landorus-Therian|Intimidate|[of] p2a: Landorus-Therian
|-unboost|p2a: Landorus-Therian|atk|1
|move|p2a: Landorus-Therian|Knock Off|p1a: Landorus-Therian
|-damage|p1a: Landorus-Therian|74\/328
|-enditem|p1a: Landorus-Therian|Choice Scarf|[from] move: Knock Off|[of] p2a: Landorus-Therian
|
|-heal|p1a: Landorus-Therian|269\/328|[from] move: Wish|[wisher] Sylveon
|turn|20
|
|switch|p2a: Rotom-Wash|Rotom-Wash|229\/303
|move|p1a: Landorus-Therian|Toxic|p2a: Rotom-Wash
|-status|p2a: Rotom-Wash|tox
|
|-heal|p2a: Rotom-Wash|247\/303 tox|[from] item: Leftovers
|-damage|p2a: Rotom-Wash|229\/303 tox|[from] psn
|turn|21
|
|move|p1a: Landorus-Therian|U-turn|p2a: Rotom-Wash
|-damage|p2a: Rotom-Wash|159\/303 tox
|
|switch|p1a: Sylveon|Sylveon, M|363\/390
|move|p2a: Rotom-Wash|Hydro Pump|p1a: Sylveon
|-damage|p1a: Sylveon|263\/390
|
|-heal|p2a: Rotom-Wash|177\/303 tox|[from] item: Leftovers
|-heal|p1a: Sylveon|287\/390|[from] item: Leftovers
|-damage|p2a: Rotom-Wash|141\/303 tox|[from] psn
|turn|22
|
|move|p2a: Rotom-Wash|Volt Switch|p1a: Sylveon
|-damage|p1a: Sylveon|229\/390
|
|switch|p2a: Charizard|Charizard, F|315\/315
|move|p1a: Sylveon|Hyper Voice|p2a: Charizard
|-resisted|p2a: Charizard
|-damage|p2a: Charizard|212\/315
|
|-heal|p1a: Sylveon|253\/390|[from] item: Leftovers
|turn|23
|
|switch|p1a: Latios|Latios, M|265\/302
|move|p2a: Charizard|Dragon Dance|p2a: Charizard
|-boost|p2a: Charizard|atk|1
|-boost|p2a: Charizard|spe|1
|
|turn|24
|
|switch|p2a: Sylveon|Sylveon, F|318\/393
|move|p1a: Latios|Draco Meteor|p2a: Sylveon
|-immune|p2a: Sylveon|[msg]
|
|turn|25
|
|switch|p1a: Scizor|Scizor, F|343\/343
|move|p2a: Sylveon|Baton Pass|p2a: Sylveon
|
|switch|p2a: Charizard|Charizard, F|212\/315
|
|turn|26
|
|switch|p1a: Landorus-Therian|Landorus-Therian, M|269\/328
|-ability|p1a: Landorus-Therian|Intimidate|[of] p2a: Charizard
|-unboost|p2a: Charizard|atk|1
|detailschange|p2a: Charizard|Charizard-Mega-X, F
|-mega|p2a: Charizard|Charizard|Charizardite X
|move|p2a: Charizard|Roost|p2a: Charizard
|-heal|p2a: Charizard|315\/315
|
|turn|27
|
|switch|p2a: Landorus-Therian|Landorus-Therian, M|284\/319
|-ability|p2a: Landorus-Therian|Intimidate|[of] p1a: Landorus-Therian
|-unboost|p1a: Landorus-Therian|atk|1
|move|p1a: Landorus-Therian|Stone Edge|p2a: Landorus-Therian
|-damage|p2a: Landorus-Therian|198\/319
|
|turn|28
|
|move|p2a: Landorus-Therian|U-turn|p1a: Landorus-Therian
|-resisted|p1a: Landorus-Therian
|-damage|p1a: Landorus-Therian|222\/328
|
|switch|p2a: Rotom-Wash|Rotom-Wash|141\/303 tox
|move|p1a: Landorus-Therian|U-turn|p2a: Rotom-Wash
|-damage|p2a: Rotom-Wash|102\/303 tox
|
|switch|p1a: Sylveon|Sylveon, M|253\/390
|
|-heal|p2a: Rotom-Wash|120\/303 tox|[from] item: Leftovers
|-heal|p1a: Sylveon|277\/390|[from] item: Leftovers
|-damage|p2a: Rotom-Wash|102\/303 tox|[from] psn
|turn|29
|
|move|p2a: Rotom-Wash|Pain Split|p1a: Sylveon
|-sethp|p1a: Sylveon|189\/390|p2a: Rotom-Wash|189\/303 tox|[from] move: Pain Split
|move|p1a: Sylveon|Hyper Voice|p2a: Rotom-Wash
|-damage|p2a: Rotom-Wash|21\/303 tox
|
|-heal|p2a: Rotom-Wash|39\/303 tox|[from] item: Leftovers
|-heal|p1a: Sylveon|213\/390|[from] item: Leftovers
|-damage|p2a: Rotom-Wash|3\/303 tox|[from] psn
|turn|30
|
|move|p1a: Sylveon|Protect|p1a: Sylveon
|-singleturn|p1a: Sylveon|Protect
|move|p2a: Rotom-Wash|Pain Split|p1a: Sylveon
|-activate|p1a: Sylveon|Protect
|
|-heal|p2a: Rotom-Wash|21\/303 tox|[from] item: Leftovers
|-heal|p1a: Sylveon|237\/390|[from] item: Leftovers
|-damage|p2a: Rotom-Wash|0 fnt|[from] psn
|faint|p2a: Rotom-Wash
|
|switch|p2a: Charizard|Charizard-Mega-X, F|315\/315
|turn|31
|
|switch|p1a: Landorus-Therian|Landorus-Therian, M|222\/328
|-ability|p1a: Landorus-Therian|Intimidate|[of] p2a: Charizard
|-unboost|p2a: Charizard|atk|1
|move|p2a: Charizard|Flare Blitz|p1a: Landorus-Therian
|-crit|p1a: Landorus-Therian
|-damage|p1a: Landorus-Therian|0 fnt
|-damage|p2a: Charizard|242\/315|[from] recoil|[of] p1a: Landorus-Therian
|faint|p1a: Landorus-Therian
|
|
|switch|p1a: Latios|Latios, M|265\/302
|turn|32
|
|switch|p1a: Sylveon|Sylveon, M|237\/390
|switch|p2a: Latias|Latias, F|301\/301
|
|-heal|p1a: Sylveon|261\/390|[from] item: Leftovers
|turn|33
|
|move|p2a: Latias|Psyshock|p1a: Sylveon
|-damage|p1a: Sylveon|58\/390
|-damage|p2a: Latias|271\/301|[from] item: Life Orb
|move|p1a: Sylveon|Hyper Voice|p2a: Latias
|-supereffective|p2a: Latias
|-damage|p2a: Latias|19\/301
|
|-heal|p1a: Sylveon|82\/390|[from] item: Leftovers
|turn|34
|
|move|p2a: Latias|Psyshock|p1a: Sylveon
|-damage|p1a: Sylveon|0 fnt
|-damage|p2a: Latias|0 fnt|[from] item: Life Orb
|faint|p1a: Sylveon
|faint|p2a: Latias
|
|
|switch|p2a: Landorus-Therian|Landorus-Therian, M|198\/319
|switch|p1a: Rotom-Wash|Rotom-Wash|241\/304
|-ability|p2a: Landorus-Therian|Intimidate|[of] p1a: Rotom-Wash
|-unboost|p1a: Rotom-Wash|atk|1
|turn|35
|
|move|p2a: Landorus-Therian|Knock Off|p1a: Rotom-Wash
|-damage|p1a: Rotom-Wash|147\/304
|-enditem|p1a: Rotom-Wash|Leftovers|[from] move: Knock Off|[of] p2a: Landorus-Therian
|move|p1a: Rotom-Wash|Hydro Pump|p2a: Landorus-Therian
|-supereffective|p2a: Landorus-Therian
|-damage|p2a: Landorus-Therian|0 fnt
|faint|p2a: Landorus-Therian
|
|
|switch|p2a: Charizard|Charizard-Mega-X, F|242\/315
|turn|36
|
|move|p2a: Charizard|Dragon Claw|p1a: Rotom-Wash
|-damage|p1a: Rotom-Wash|6\/304
|move|p1a: Rotom-Wash|Volt Switch|p2a: Charizard
|-resisted|p2a: Charizard
|-damage|p2a: Charizard|194\/315
|
|switch|p1a: Latios|Latios, M|265\/302
|
|turn|37
|c|âShartAttack|gg
|c|âF U BP|gg
|c|âShartAttack|i lost :\
|c|âF U BP|Not sure actually
|c|âF U BP|it's coming down to the end
|
|switch|p2a: Sylveon|Sylveon, F|318\/393
|move|p1a: Latios|Draco Meteor|p2a: Sylveon
|-immune|p2a: Sylveon|[msg]
|
|turn|38
|
|switch|p1a: Rotom-Wash|Rotom-Wash|6\/304
|move|p2a: Sylveon|Baton Pass|p2a: Sylveon
|
|switch|p2a: Charizard|Charizard-Mega-X, F|194\/315
|
|turn|39
|
|move|p2a: Charizard|Dragon Claw|p1a: Rotom-Wash
|-damage|p1a: Rotom-Wash|0 fnt
|faint|p1a: Rotom-Wash
|
|
|switch|p1a: Latios|Latios, M|265\/302
|turn|40
|
|move|p1a: Latios|Psyshock|p2a: Charizard
|-damage|p2a: Charizard|58\/315
|move|p2a: Charizard|Dragon Claw|p1a: Latios
|-supereffective|p1a: Latios
|-damage|p1a: Latios|0 fnt
|faint|p1a: Latios
|
|
|switch|p1a: Scizor|Scizor, F|343\/343
|turn|41
|
|detailschange|p1a: Scizor|Scizor-Mega, F
|-mega|p1a: Scizor|Scizor|Scizorite
|move|p1a: Scizor|Bullet Punch|p2a: Charizard
|-resisted|p2a: Charizard
|-damage|p2a: Charizard|8\/315
|move|p2a: Charizard|Roost|p2a: Charizard
|-heal|p2a: Charizard|166\/315
|
|turn|42
|
|move|p2a: Charizard|Flare Blitz|p1a: Scizor
|-supereffective|p1a: Scizor
|-damage|p1a: Scizor|0 fnt
|-damage|p2a: Charizard|53\/315|[from] recoil|[of] p1a: Scizor
|faint|p1a: Scizor
|
|win|ShartAttack
|raw|Ladder updating...
|raw|F U BP's rating: 1193 &rarr; <strong>1165<\/strong><br \/>(-28 for losing)
|raw|ShartAttack's rating: 1150 &rarr; <strong>1178<\/strong><br \/>(+28 for winning)
|leave|F U BP