|join|Coldest Hands
|join|F U BP
|player|p1|Coldest Hands|143
|player|p2|F U BP|290
|gametype|singles
|gen|6
|tier|OU (suspect test)
|rated
|clearpoke
|poke|p1|Garchomp, F
|poke|p1|Keldeo-Resolute
|poke|p1|Celebi
|poke|p1|Metagross
|poke|p1|Landorus-Therian, M
|poke|p1|Latios, M
|poke|p2|Altaria, M
|poke|p2|Heatran, M
|poke|p2|Slowbro, F
|poke|p2|Conkeldurr, M
|poke|p2|Scizor, M
|poke|p2|Keldeo
|rule|Swagger Clause: Swagger is banned
|rule|Baton Pass Clause: Limit one PokÃ©mon knowing Baton Pass
|rule|Sleep Clause Mod: Limit one foe put to sleep
|rule|Species Clause: Limit one of each PokÃ©mon
|rule|OHKO Clause: OHKO moves are banned
|rule|Moody Clause: Moody is banned
|rule|Evasion Moves Clause: Evasion moves are banned
|rule|Endless Battle Clause: Forcing endless battles is banned
|rule|HP Percentage Mod: HP is shown in percentages
|teampreview
|join|AAAAAGONNNYYYYY
|
|start
|switch|p1a: Latios|Latios, M|301\/301
|switch|p2a: Keldeo|Keldeo|386\/386
|turn|1
|
|switch|p1a: Garchomp|Garchomp, F|357\/357
|switch|p2a: Heatran|Heatran, M|386\/386
|
|turn|2
|
|move|p1a: Garchomp|Stealth Rock|p2a: Heatran
|-sidestart|p2: F U BP|move: Stealth Rock
|move|p2a: Heatran|Stealth Rock|p1a: Garchomp
|-sidestart|p1: Coldest Hands|move: Stealth Rock
|
|turn|3
|
|switch|p2a: Slowbro|Slowbro, F|394\/394
|-damage|p2a: Slowbro|345\/394|[from] Stealth Rock
|move|p1a: Garchomp|Earthquake|p2a: Slowbro
|-damage|p2a: Slowbro|228\/394
|
|-heal|p2a: Slowbro|252\/394|[from] item: Leftovers
|turn|4
|
|switch|p1a: Celebi|Celebi|404\/404
|-damage|p1a: Celebi|354\/404|[from] Stealth Rock
|move|p2a: Slowbro|Scald|p1a: Celebi
|-resisted|p1a: Celebi
|-damage|p1a: Celebi|303\/404
|
|-heal|p1a: Celebi|328\/404|[from] item: Leftovers
|-heal|p2a: Slowbro|276\/394|[from] item: Leftovers
|turn|5
|
|switch|p2a: Scizor|Scizor, M|343\/343
|-damage|p2a: Scizor|301\/343|[from] Stealth Rock
|move|p1a: Celebi|Nasty Plot|p1a: Celebi
|-boost|p1a: Celebi|spa|2
|
|-heal|p1a: Celebi|353\/404|[from] item: Leftovers
|turn|6
|
|switch|p2a: Altaria|Altaria, M|353\/353
|-damage|p2a: Altaria|265\/353|[from] Stealth Rock
|move|p1a: Celebi|Substitute|p1a: Celebi
|-start|p1a: Celebi|Substitute
|-damage|p1a: Celebi|252\/404
|
|-heal|p1a: Celebi|277\/404|[from] item: Leftovers
|turn|7
|
|move|p1a: Celebi|Baton Pass|p1a: Celebi
|
|switch|p1a: Latios|Latios, M|301\/301
|-damage|p1a: Latios|264\/301|[from] Stealth Rock
|move|p2a: Altaria|Dragon Dance|p2a: Altaria
|-boost|p2a: Altaria|atk|1
|-boost|p2a: Altaria|spe|1
|
|turn|8
|
|detailschange|p2a: Altaria|Altaria-Mega, M
|-mega|p2a: Altaria|Altaria|Altarianite
|move|p1a: Latios|Psyshock|p2a: Altaria
|-damage|p2a: Altaria|2\/353
|-damage|p1a: Latios|234\/301|[from] item: Life Orb
|move|p2a: Altaria|Return|p1a: Latios
|-supereffective|p1a: Latios
|-end|p1a: Latios|Substitute
|
|turn|9
|
|move|p1a: Latios|Psyshock|p2a: Altaria
|-damage|p2a: Altaria|0 fnt
|-damage|p1a: Latios|204\/301|[from] item: Life Orb
|faint|p2a: Altaria
|
|
|switch|p2a: Scizor|Scizor, M|301\/343
|-damage|p2a: Scizor|259\/343|[from] Stealth Rock
|turn|10
|
|move|p1a: Latios|Hidden Power|p2a: Scizor
|-supereffective|p2a: Scizor
|-damage|p2a: Scizor|0 fnt
|-damage|p1a: Latios|174\/301|[from] item: Life Orb
|faint|p2a: Scizor
|
|
|switch|p2a: Heatran|Heatran, M|386\/386
|-damage|p2a: Heatran|338\/386|[from] Stealth Rock
|turn|11
|
|switch|p1a: Keldeo-Resolute|Keldeo-Resolute|323\/323
|-damage|p1a: Keldeo-Resolute|303\/323|[from] Stealth Rock
|move|p2a: Heatran|Toxic|p1a: Keldeo-Resolute
|-status|p1a: Keldeo-Resolute|tox
|
|-heal|p2a: Heatran|362\/386|[from] item: Leftovers
|-damage|p1a: Keldeo-Resolute|283\/323 tox|[from] psn
|turn|12
|
|switch|p2a: Slowbro|Slowbro, F|394\/394
|-damage|p2a: Slowbro|345\/394|[from] Stealth Rock
|move|p1a: Keldeo-Resolute|Hydro Pump|p2a: Slowbro
|-resisted|p2a: Slowbro
|-damage|p2a: Slowbro|231\/394
|
|-heal|p2a: Slowbro|255\/394|[from] item: Leftovers
|-damage|p1a: Keldeo-Resolute|243\/323 tox|[from] psn
|turn|13
|
|switch|p1a: Celebi|Celebi|277\/404
|-damage|p1a: Celebi|227\/404|[from] Stealth Rock
|switch|p2a: Conkeldurr|Conkeldurr, M|413\/413
|-damage|p2a: Conkeldurr|388\/413|[from] Stealth Rock
|
|-heal|p1a: Celebi|252\/404|[from] item: Leftovers
|turn|14
|
|move|p1a: Celebi|Baton Pass|p1a: Celebi
|
|switch|p1a: Garchomp|Garchomp, F|357\/357
|-damage|p1a: Garchomp|335\/357|[from] Stealth Rock
|move|p2a: Conkeldurr|Knock Off|p1a: Garchomp
|-damage|p1a: Garchomp|189\/357
|-damage|p2a: Conkeldurr|337\/413|[from] ability: Rough Skin|[of] p1a: Garchomp
|-enditem|p1a: Garchomp|Focus Sash|[from] move: Knock Off|[of] p2a: Conkeldurr
|
|turn|15
|
|move|p1a: Garchomp|Earthquake|p2a: Conkeldurr
|-damage|p2a: Conkeldurr|142\/413
|move|p2a: Conkeldurr|Ice Punch|p1a: Garchomp
|-supereffective|p1a: Garchomp
|-damage|p1a: Garchomp|0 fnt
|-damage|p2a: Conkeldurr|91\/413|[from] ability: Rough Skin|[of] p1a: Garchomp
|faint|p1a: Garchomp
|
|
|switch|p1a: Metagross|Metagross|301\/301
|-damage|p1a: Metagross|283\/301|[from] Stealth Rock
|turn|16
|
|switch|p2a: Slowbro|Slowbro, F|386\/394
|-damage|p2a: Slowbro|337\/394|[from] Stealth Rock
|detailschange|p1a: Metagross|Metagross-Mega
|-mega|p1a: Metagross|Metagross|Metagrossite
|move|p1a: Metagross|Zen Headbutt|p2a: Slowbro
|-resisted|p2a: Slowbro
|-damage|p2a: Slowbro|271\/394
|
|-heal|p2a: Slowbro|295\/394|[from] item: Leftovers
|turn|17
|
|switch|p1a: Celebi|Celebi|252\/404
|-damage|p1a: Celebi|202\/404|[from] Stealth Rock
|move|p2a: Slowbro|Scald|p1a: Celebi
|-resisted|p1a: Celebi
|-damage|p1a: Celebi|156\/404
|
|-heal|p1a: Celebi|181\/404|[from] item: Leftovers
|-heal|p2a: Slowbro|319\/394|[from] item: Leftovers
|turn|18
|
|switch|p2a: Heatran|Heatran, M|362\/386
|-damage|p2a: Heatran|314\/386|[from] Stealth Rock
|move|p1a: Celebi|Nasty Plot|p1a: Celebi
|-boost|p1a: Celebi|spa|2
|
|-heal|p1a: Celebi|206\/404|[from] item: Leftovers
|-heal|p2a: Heatran|338\/386|[from] item: Leftovers
|turn|19
|
|move|p1a: Celebi|Baton Pass|p1a: Celebi
|
|switch|p1a: Keldeo-Resolute|Keldeo-Resolute|243\/323 tox
|-damage|p1a: Keldeo-Resolute|223\/323 tox|[from] Stealth Rock
|move|p2a: Heatran|Lava Plume|p1a: Keldeo-Resolute
|-resisted|p1a: Keldeo-Resolute
|-damage|p1a: Keldeo-Resolute|158\/323 tox
|
|-heal|p2a: Heatran|362\/386|[from] item: Leftovers
|-damage|p1a: Keldeo-Resolute|138\/323 tox|[from] psn
|turn|20
|
|switch|p2a: Keldeo|Keldeo|386\/386
|-damage|p2a: Keldeo|362\/386|[from] Stealth Rock
|move|p1a: Keldeo-Resolute|Hydro Pump|p2a: Keldeo
|-resisted|p2a: Keldeo
|-damage|p2a: Keldeo|133\/386
|
|-heal|p2a: Keldeo|157\/386|[from] item: Leftovers
|-damage|p1a: Keldeo-Resolute|98\/323 tox|[from] psn
|turn|21
|
|move|p1a: Keldeo-Resolute|Hydro Pump|p2a: Keldeo|[miss]
|-miss|p1a: Keldeo-Resolute|p2a: Keldeo
|move|p2a: Keldeo|Secret Sword|p1a: Keldeo-Resolute
|-damage|p1a: Keldeo-Resolute|0 fnt
|faint|p1a: Keldeo-Resolute
|
|-heal|p2a: Keldeo|181\/386|[from] item: Leftovers
|
|switch|p1a: Latios|Latios, M|174\/301
|-damage|p1a: Latios|137\/301|[from] Stealth Rock
|turn|22
|
|move|p1a: Latios|Draco Meteor|p2a: Keldeo
|-damage|p2a: Keldeo|0 fnt
|-unboost|p1a: Latios|spa|2
|-damage|p1a: Latios|107\/301|[from] item: Life Orb
|faint|p2a: Keldeo
|
|
|switch|p2a: Heatran|Heatran, M|362\/386
|-damage|p2a: Heatran|314\/386|[from] Stealth Rock
|turn|23
|
|switch|p1a: Landorus-Therian|Landorus-Therian, M|319\/319
|-damage|p1a: Landorus-Therian|280\/319|[from] Stealth Rock
|-ability|p1a: Landorus-Therian|Intimidate|[of] p2a: Heatran
|-unboost|p2a: Heatran|atk|1
|move|p2a: Heatran|Lava Plume|p1a: Landorus-Therian
|-damage|p1a: Landorus-Therian|135\/319
|
|-heal|p2a: Heatran|338\/386|[from] item: Leftovers
|turn|24
|
|switch|p2a: Conkeldurr|Conkeldurr, M|91\/413
|-damage|p2a: Conkeldurr|66\/413|[from] Stealth Rock
|move|p1a: Landorus-Therian|U-turn|p2a: Conkeldurr
|-resisted|p2a: Conkeldurr
|-damage|p2a: Conkeldurr|22\/413
|
|switch|p1a: Metagross|Metagross-Mega|283\/301
|-damage|p1a: Metagross|265\/301|[from] Stealth Rock
|
|turn|25
|
|switch|p2a: Slowbro|Slowbro, F|394\/394
|-damage|p2a: Slowbro|345\/394|[from] Stealth Rock
|move|p1a: Metagross|Meteor Mash|p2a: Slowbro
|-resisted|p2a: Slowbro
|-damage|p2a: Slowbro|262\/394
|
|-heal|p2a: Slowbro|286\/394|[from] item: Leftovers
|turn|26
|
|switch|p2a: Heatran|Heatran, M|338\/386
|-damage|p2a: Heatran|290\/386|[from] Stealth Rock
|move|p1a: Metagross|Meteor Mash|p2a: Heatran|[miss]
|-miss|p1a: Metagross|p2a: Heatran
|
|-heal|p2a: Heatran|314\/386|[from] item: Leftovers
|turn|27
|
|switch|p2a: Slowbro|Slowbro, F|394\/394
|-damage|p2a: Slowbro|345\/394|[from] Stealth Rock
|move|p1a: Metagross|Hammer Arm|p2a: Slowbro
|-resisted|p2a: Slowbro
|-damage|p2a: Slowbro|291\/394
|-unboost|p1a: Metagross|spe|1
|
|-heal|p2a: Slowbro|315\/394|[from] item: Leftovers
|turn|28
|
|switch|p2a: Heatran|Heatran, M|314\/386
|-damage|p2a: Heatran|266\/386|[from] Stealth Rock
|move|p1a: Metagross|Meteor Mash|p2a: Heatran
|-resisted|p2a: Heatran
|-damage|p2a: Heatran|215\/386
|
|-heal|p2a: Heatran|239\/386|[from] item: Leftovers
|turn|29
|
|switch|p2a: Slowbro|Slowbro, F|394\/394
|-damage|p2a: Slowbro|345\/394|[from] Stealth Rock
|move|p1a: Metagross|Hammer Arm|p2a: Slowbro
|-resisted|p2a: Slowbro
|-damage|p2a: Slowbro|284\/394
|-unboost|p1a: Metagross|spe|1
|
|-heal|p2a: Slowbro|308\/394|[from] item: Leftovers
|turn|30
|
|move|p1a: Metagross|Meteor Mash|p2a: Slowbro
|-resisted|p2a: Slowbro
|-damage|p2a: Slowbro|232\/394
|move|p2a: Slowbro|Scald|p1a: Metagross
|-damage|p1a: Metagross|183\/301
|
|-heal|p2a: Slowbro|256\/394|[from] item: Leftovers
|turn|31
|
|switch|p2a: Heatran|Heatran, M|239\/386
|-damage|p2a: Heatran|191\/386|[from] Stealth Rock
|move|p1a: Metagross|Meteor Mash|p2a: Heatran
|-resisted|p2a: Heatran
|-damage|p2a: Heatran|136\/386
|
|-heal|p2a: Heatran|160\/386|[from] item: Leftovers
|turn|32
|
|move|p2a: Heatran|Lava Plume|p1a: Metagross
|-supereffective|p1a: Metagross
|-damage|p1a: Metagross|0 fnt
|faint|p1a: Metagross
|
|-heal|p2a: Heatran|184\/386|[from] item: Leftovers
|
|switch|p1a: Landorus-Therian|Landorus-Therian, M|135\/319
|-damage|p1a: Landorus-Therian|96\/319|[from] Stealth Rock
|-ability|p1a: Landorus-Therian|Intimidate|[of] p2a: Heatran
|-unboost|p2a: Heatran|atk|1
|turn|33
|
|switch|p2a: Conkeldurr|Conkeldurr, M|22\/413
|-damage|p2a: Conkeldurr|0 fnt|[from] Stealth Rock
|faint|p2a: Conkeldurr
|move|p1a: Landorus-Therian|Earthquake|p2: Conkeldurr|[notarget]
|-notarget
|
|
|switch|p2a: Slowbro|Slowbro, F|387\/394
|-damage|p2a: Slowbro|338\/394|[from] Stealth Rock
|turn|34
|
|switch|p1a: Latios|Latios, M|107\/301
|-damage|p1a: Latios|70\/301|[from] Stealth Rock
|move|p2a: Slowbro|Scald|p1a: Latios
|-resisted|p1a: Latios
|-damage|p1a: Latios|25\/301
|
|-heal|p2a: Slowbro|362\/394|[from] item: Leftovers
|turn|35
|
|switch|p2a: Heatran|Heatran, M|184\/386
|-damage|p2a: Heatran|136\/386|[from] Stealth Rock
|move|p1a: Latios|Draco Meteor|p2a: Heatran
|-resisted|p2a: Heatran
|-damage|p2a: Heatran|29\/386
|-unboost|p1a: Latios|spa|2
|-damage|p1a: Latios|0 fnt|[from] item: Life Orb
|faint|p1a: Latios
|
|-heal|p2a: Heatran|53\/386|[from] item: Leftovers
|
|switch|p1a: Landorus-Therian|Landorus-Therian, M|96\/319
|-damage|p1a: Landorus-Therian|57\/319|[from] Stealth Rock
|-ability|p1a: Landorus-Therian|Intimidate|[of] p2a: Heatran
|-unboost|p2a: Heatran|atk|1
|turn|36
|
|switch|p2a: Slowbro|Slowbro, F|394\/394
|-damage|p2a: Slowbro|345\/394|[from] Stealth Rock
|move|p1a: Landorus-Therian|Earthquake|p2a: Slowbro
|-damage|p2a: Slowbro|209\/394
|
|-heal|p2a: Slowbro|233\/394|[from] item: Leftovers
|turn|37
|
|move|p1a: Landorus-Therian|Earthquake|p2a: Slowbro
|-damage|p2a: Slowbro|110\/394
|move|p2a: Slowbro|Scald|p1a: Landorus-Therian
|-supereffective|p1a: Landorus-Therian
|-damage|p1a: Landorus-Therian|0 fnt
|faint|p1a: Landorus-Therian
|
|-heal|p2a: Slowbro|134\/394|[from] item: Leftovers
|
|switch|p1a: Celebi|Celebi|206\/404
|-damage|p1a: Celebi|156\/404|[from] Stealth Rock
|turn|38
|
|move|p1a: Celebi|Giga Drain|p2a: Slowbro
|-supereffective|p2a: Slowbro
|-damage|p2a: Slowbro|0 fnt
|-heal|p1a: Celebi|223\/404|[from] drain|[of] p2a: Slowbro
|faint|p2a: Slowbro
|
|-heal|p1a: Celebi|248\/404|[from] item: Leftovers
|
|switch|p2a: Heatran|Heatran, M|53\/386
|-damage|p2a: Heatran|5\/386|[from] Stealth Rock
|turn|39
|
|move|p1a: Celebi|Giga Drain|p2a: Heatran
|-resisted|p2a: Heatran
|-damage|p2a: Heatran|0 fnt
|-heal|p1a: Celebi|251\/404|[from] drain|[of] p2a: Heatran
|faint|p2a: Heatran
|
|win|Coldest Hands
|raw|Ladder updating...
|raw|Coldest Hands's rating: 1381 &rarr; <strong>1402<\/strong><br \/>(+21 for winning)
|raw|F U BP's rating: 1405 &rarr; <strong>1384<\/strong><br \/>(-21 for losing)
|c|âColdest Hands|gg
|c|âF U BP|gg
|leave|F U BP
|player|p2
|leave|AAAAAGONNNYYYYY