|join|the singularity
|join|TheAmphy
|player|p1|the singularity|284
|player|p2|TheAmphy|286
|gametype|singles
|gen|6
|tier|UU
|rated
|rule|Sleep Clause Mod: Limit one foe put to sleep
|rule|Species Clause: Limit one of each Pokemon
|rule|OHKO Clause: OHKO moves are banned
|rule|Moody Clause: Moody is banned
|rule|Evasion Moves Clause: Evasion moves are banned
|rule|Endless Battle Clause: Forcing endless battles is banned.
|rule|HP Percentage Mod: HP is reported as percentages
|clearpoke
|poke|p1|Hydreigon, M
|poke|p1|Aerodactyl, M
|poke|p1|Nidoqueen, F
|poke|p1|Magnezone
|poke|p1|Victini
|poke|p1|Vaporeon, F
|poke|p2|Rotom-Heat
|poke|p2|Quagsire, M
|poke|p2|Roserade, M
|poke|p2|Mienshao, F
|poke|p2|Forretress, F
|poke|p2|Honchkrow, F
|teampreview
|
|start
|switch|p1a: Hydreigon|Hydreigon, M|325\/325
|switch|p2a: Mienshao|Mienshao, F|271\/271
|turn|1
|
|switch|p1a: Vaporeon|Vaporeon, F|463\/463
|move|p2a: Mienshao|U-turn|p1a: Vaporeon
|-damage|p1a: Vaporeon|389\/463
|
|switch|p2a: Roserade|Roserade, M|262\/262
|
|-heal|p1a: Vaporeon|417\/463|[from] item: Leftovers
|turn|2
|
|switch|p1a: Victini|Victini|341\/341
|move|p2a: Roserade|Sleep Powder|p1a: Victini|[miss]
|-miss|p2a: Roserade|p1a: Victini
|
|turn|3
|chat|the singularity|sorry
|
|switch|p2a: Quagsire|Quagsire, M|393\/393
|move|p1a: Victini|U-turn|p2a: Quagsire
|-damage|p2a: Quagsire|307\/393
|
|switch|p1a: Vaporeon|Vaporeon, F|417\/463
|
|-heal|p1a: Vaporeon|445\/463|[from] item: Leftovers
|-heal|p2a: Quagsire|331\/393|[from] item: Leftovers
|turn|4
|
|switch|p2a: Roserade|Roserade, M|262\/262
|move|p1a: Vaporeon|Toxic|p2a: Roserade
|-fail|p2a: Roserade
|
|-heal|p1a: Vaporeon|463\/463|[from] item: Leftovers
|turn|5
|chat|TheAmphy|no need to apologize
|
|switch|p1a: Victini|Victini|341\/341
|move|p2a: Roserade|Sleep Powder|p1a: Victini|[miss]
|-miss|p2a: Roserade|p1a: Victini
|
|turn|6
|chat|the singularity|lol
|chat|the singularity|fyi
|chat|TheAmphy|this game hates me
|chat|the singularity|I have sleep talk
|chat|TheAmphy|oh
|chat|the singularity|that's why I switched it in
|chat|the singularity|lol
|
|switch|p2a: Quagsire|Quagsire, M|331\/393
|move|p1a: Victini|V-create|p2a: Quagsire
|-resisted|p2a: Quagsire
|-damage|p2a: Quagsire|166\/393
|-unboost|p1a: Victini|def|1
|-unboost|p1a: Victini|spd|1
|-unboost|p1a: Victini|spe|1
|
|-heal|p2a: Quagsire|190\/393|[from] item: Leftovers
|turn|7
|
|switch|p1a: Vaporeon|Vaporeon, F|463\/463
|move|p2a: Quagsire|Recover|p2a: Quagsire
|-heal|p2a: Quagsire|387\/393
|
|-heal|p2a: Quagsire|393\/393|[from] item: Leftovers
|turn|8
|
|switch|p1a: Victini|Victini|341\/341
|switch|p2a: Forretress|Forretress, F|354\/354
|
|turn|9
|
|move|p1a: Victini|U-turn|p2a: Forretress
|-resisted|p2a: Forretress
|-damage|p2a: Forretress|325\/354
|
|switch|p1a: Nidoqueen|Nidoqueen, F|330\/330
|move|p2a: Forretress|Stealth Rock|p1a: Nidoqueen
|-sidestart|p1: the singularity|move: Stealth Rock
|
|-heal|p2a: Forretress|347\/354|[from] item: Leftovers
|turn|10
|
|switch|p2a: Rotom-Heat|Rotom-Heat|303\/303
|move|p1a: Nidoqueen|Stealth Rock|p2a: Rotom-Heat
|-sidestart|p2: TheAmphy|move: Stealth Rock
|
|turn|11
|
|switch|p1a: Vaporeon|Vaporeon, F|463\/463
|-damage|p1a: Vaporeon|406\/463|[from] Stealth Rock
|move|p2a: Rotom-Heat|Volt Switch|p1a: Vaporeon
|-supereffective|p1a: Vaporeon
|-damage|p1a: Vaporeon|224\/463
|
|switch|p2a: Roserade|Roserade, M|262\/262
|-damage|p2a: Roserade|230\/262|[from] Stealth Rock
|
|-heal|p1a: Vaporeon|252\/463|[from] item: Leftovers
|turn|12
|chat|the singularity|ouch
|
|move|p1a: Vaporeon|Protect|p1a: Vaporeon
|-singleturn|p1a: Vaporeon|Protect
|move|p2a: Roserade|Sludge Bomb|p1a: Vaporeon
|-activate|p1a: Vaporeon|Protect
|
|-heal|p1a: Vaporeon|280\/463|[from] item: Leftovers
|turn|13
|
|switch|p1a: Victini|Victini|341\/341
|-damage|p1a: Victini|256\/341|[from] Stealth Rock
|move|p2a: Roserade|Sleep Powder|p1a: Victini
|-status|p1a: Victini|slp
|
|turn|14
|
|switch|p2a: Quagsire|Quagsire, M|393\/393
|-damage|p2a: Quagsire|369\/393|[from] Stealth Rock
|cant|p1a: Victini|slp
|move|p1a: Victini|Sleep Talk|p1a: Victini
|move|p1a: Victini|V-create|p2a: Quagsire|[from]Sleep Talk
|-resisted|p2a: Quagsire
|-damage|p2a: Quagsire|221\/393
|-unboost|p1a: Victini|def|1
|-unboost|p1a: Victini|spd|1
|-unboost|p1a: Victini|spe|1
|
|-heal|p2a: Quagsire|245\/393|[from] item: Leftovers
|turn|15
|
|switch|p1a: Vaporeon|Vaporeon, F|280\/463
|-damage|p1a: Vaporeon|223\/463|[from] Stealth Rock
|move|p2a: Quagsire|Toxic|p1a: Vaporeon
|-status|p1a: Vaporeon|tox
|
|-heal|p1a: Vaporeon|251\/463 tox|[from] item: Leftovers
|-heal|p2a: Quagsire|269\/393|[from] item: Leftovers
|-damage|p1a: Vaporeon|223\/463 tox|[from] psn
|turn|16
|
|switch|p2a: Forretress|Forretress, F|347\/354
|-damage|p2a: Forretress|303\/354|[from] Stealth Rock
|move|p1a: Vaporeon|Wish|p1a: Vaporeon
|
|-heal|p1a: Vaporeon|251\/463 tox|[from] item: Leftovers
|-heal|p2a: Forretress|325\/354|[from] item: Leftovers
|-damage|p1a: Vaporeon|195\/463 tox|[from] psn
|turn|17
|
|move|p1a: Vaporeon|Scald|p2a: Forretress
|-damage|p2a: Forretress|159\/354
|-status|p2a: Forretress|brn
|move|p2a: Forretress|Spikes|p1a: Vaporeon
|-sidestart|p1: the singularity|Spikes
|
|-heal|p1a: Vaporeon|426\/463 tox|[from] move: Wish|[wisher] Vaporeon
|-heal|p1a: Vaporeon|454\/463 tox|[from] item: Leftovers
|-heal|p2a: Forretress|181\/354 brn|[from] item: Leftovers
|-damage|p1a: Vaporeon|370\/463 tox|[from] psn
|-damage|p2a: Forretress|137\/354 brn|[from] brn
|turn|18
|
|switch|p1a: Aerodactyl|Aerodactyl, M|331\/331
|-damage|p1a: Aerodactyl|249\/331|[from] Stealth Rock
|-ability|p1a: Aerodactyl|Pressure
|move|p2a: Forretress|Rapid Spin|p1a: Aerodactyl
|-resisted|p1a: Aerodactyl
|-damage|p1a: Aerodactyl|244\/331
|-sideend|p2: TheAmphy|Stealth Rock|[from] move: Rapid Spin|[of] p2a: Forretress
|
|-heal|p2a: Forretress|159\/354 brn|[from] item: Leftovers
|-damage|p2a: Forretress|115\/354 brn|[from] brn
|turn|19
|
|-formechange|p1a: Aerodactyl|Aerodactyl-Mega
|message|Aerodactyl has Mega Evolved into Mega Aerodactyl!
|move|p1a: Aerodactyl|Defog|p2a: Forretress
|-unboost|p2a: Forretress|evasion|1
|-sideend|p1: the singularity|Spikes|[from] move: Defog|[of] p1a: Aerodactyl
|-sideend|p1: the singularity|Stealth Rock|[from] move: Defog|[of] p1a: Aerodactyl
|move|p2a: Forretress|Volt Switch|p1a: Aerodactyl
|-supereffective|p1a: Aerodactyl
|-damage|p1a: Aerodactyl|166\/331
|
|switch|p2a: Quagsire|Quagsire, M|269\/393
|
|-heal|p2a: Quagsire|293\/393|[from] item: Leftovers
|turn|20
|
|switch|p1a: Vaporeon|Vaporeon, F|370\/463 tox
|move|p2a: Quagsire|Toxic|p1a: Vaporeon|[miss]
|-miss|p2a: Quagsire|p1a: Vaporeon
|
|-heal|p1a: Vaporeon|398\/463 tox|[from] item: Leftovers
|-heal|p2a: Quagsire|317\/393|[from] item: Leftovers
|-damage|p1a: Vaporeon|370\/463 tox|[from] psn
|turn|21
|
|switch|p2a: Roserade|Roserade, M|230\/262
|move|p1a: Vaporeon|Wish|p1a: Vaporeon
|
|-heal|p1a: Vaporeon|398\/463 tox|[from] item: Leftovers
|-damage|p1a: Vaporeon|342\/463 tox|[from] psn
|turn|22
|
|switch|p1a: Magnezone|Magnezone|341\/341
|move|p2a: Roserade|Sludge Bomb|p1a: Magnezone
|-immune|p1a: Magnezone|[msg]
|
|turn|23
|
|switch|p2a: Rotom-Heat|Rotom-Heat|303\/303
|move|p1a: Magnezone|Volt Switch|p2a: Rotom-Heat
|-resisted|p2a: Rotom-Heat
|-damage|p2a: Rotom-Heat|215\/303
|
|switch|p1a: Hydreigon|Hydreigon, M|325\/325
|
|-heal|p2a: Rotom-Heat|233\/303|[from] item: Leftovers
|turn|24
|
|move|p1a: Hydreigon|Draco Meteor|p2a: Rotom-Heat
|-damage|p2a: Rotom-Heat|71\/303
|-unboost|p1a: Hydreigon|spa|2
|move|p2a: Rotom-Heat|Pain Split|p1a: Hydreigon
|-sethp|p1a: Hydreigon|198\/325|p2a: Rotom-Heat|198\/303|[from] move: Pain Split
|
|-heal|p2a: Rotom-Heat|216\/303|[from] item: Leftovers
|turn|25
|
|switch|p1a: Nidoqueen|Nidoqueen, F|330\/330
|move|p2a: Rotom-Heat|Volt Switch|p1a: Nidoqueen
|-immune|p1a: Nidoqueen|[msg]
|
|-heal|p2a: Rotom-Heat|234\/303|[from] item: Leftovers
|turn|26
|
|move|p1a: Nidoqueen|Stealth Rock|p2a: Rotom-Heat
|-sidestart|p2: TheAmphy|move: Stealth Rock
|move|p2a: Rotom-Heat|Will-O-Wisp|p1a: Nidoqueen
|-status|p1a: Nidoqueen|brn
|
|-heal|p2a: Rotom-Heat|252\/303|[from] item: Leftovers
|-damage|p1a: Nidoqueen|289\/330 brn|[from] brn
|turn|27
|
|move|p1a: Nidoqueen|Sludge Wave|p2a: Rotom-Heat
|-damage|p2a: Rotom-Heat|112\/303
|move|p2a: Rotom-Heat|Overheat|p1a: Nidoqueen
|-crit|p1a: Nidoqueen
|-damage|p1a: Nidoqueen|16\/330 brn
|-unboost|p2a: Rotom-Heat|spa|2
|
|-heal|p2a: Rotom-Heat|130\/303|[from] item: Leftovers
|-damage|p1a: Nidoqueen|0 fnt|[from] brn
|faint|p1a: Nidoqueen
|chat|the singularity|aaa
|
|switch|p1a: Aerodactyl|Aerodactyl, M|166\/331
|-formechange|p1a: Aerodactyl|Aerodactyl-Mega
|turn|28
|
|move|p1a: Aerodactyl|Aqua Tail|p2a: Rotom-Heat
|-supereffective|p2a: Rotom-Heat
|-damage|p2a: Rotom-Heat|0 fnt
|faint|p2a: Rotom-Heat
|
|
|switch|p2a: Forretress|Forretress, F|115\/354 brn
|-damage|p2a: Forretress|71\/354 brn|[from] Stealth Rock
|turn|29
|
|move|p1a: Aerodactyl|Aqua Tail|p2a: Forretress
|-crit|p2a: Forretress
|-damage|p2a: Forretress|0 fnt
|faint|p2a: Forretress
|
|
|switch|p2a: Quagsire|Quagsire, M|317\/393
|-damage|p2a: Quagsire|293\/393|[from] Stealth Rock
|turn|30
|
|switch|p1a: Vaporeon|Vaporeon, F|342\/463 tox
|move|p2a: Quagsire|Earthquake|p1a: Vaporeon
|-damage|p1a: Vaporeon|245\/463 tox
|
|-heal|p1a: Vaporeon|273\/463 tox|[from] item: Leftovers
|-heal|p2a: Quagsire|317\/393|[from] item: Leftovers
|-damage|p1a: Vaporeon|245\/463 tox|[from] psn
|turn|31
|
|switch|p2a: Roserade|Roserade, M|230\/262
|-damage|p2a: Roserade|198\/262|[from] Stealth Rock
|move|p1a: Vaporeon|Wish|p1a: Vaporeon
|
|-heal|p1a: Vaporeon|273\/463 tox|[from] item: Leftovers
|-damage|p1a: Vaporeon|217\/463 tox|[from] psn
|turn|32
|
|move|p1a: Vaporeon|Protect|p1a: Vaporeon
|-singleturn|p1a: Vaporeon|Protect
|move|p2a: Roserade|Hidden Power|p1a: Vaporeon
|-activate|p1a: Vaporeon|Protect
|
|-heal|p1a: Vaporeon|448\/463 tox|[from] move: Wish|[wisher] Vaporeon
|-heal|p1a: Vaporeon|463\/463 tox|[from] item: Leftovers
|-damage|p1a: Vaporeon|379\/463 tox|[from] psn
|turn|33
|
|switch|p1a: Victini|Victini|256\/341 slp
|move|p2a: Roserade|Leaf Storm|p1a: Victini
|-resisted|p1a: Victini
|-damage|p1a: Victini|121\/341 slp
|-unboost|p2a: Roserade|spa|2
|-damage|p2a: Roserade|172\/262|[from] item: Life Orb
|
|turn|34
|
|cant|p1a: Victini|slp
|move|p1a: Victini|Sleep Talk|p1a: Victini
|move|p1a: Victini|Bolt Strike|p2a: Roserade|[from]Sleep Talk
|-resisted|p2a: Roserade
|-damage|p2a: Roserade|29\/262
|-status|p2a: Roserade|par
|move|p2a: Roserade|Sludge Bomb|p1a: Victini
|-damage|p1a: Victini|26\/341 slp
|-damage|p2a: Roserade|3\/262 par|[from] item: Life Orb
|
|turn|35
|
|switch|p1a: Magnezone|Magnezone|341\/341
|move|p2a: Roserade|Sludge Bomb|p1a: Magnezone
|-immune|p1a: Magnezone|[msg]
|
|turn|36
|
|switch|p1a: Aerodactyl|Aerodactyl, M|166\/331
|-formechange|p1a: Aerodactyl|Aerodactyl-Mega
|move|p2a: Roserade|Hidden Power|p1a: Aerodactyl
|-resisted|p1a: Aerodactyl
|-damage|p1a: Aerodactyl|141\/331
|-damage|p2a: Roserade|0 fnt|[from] item: Life Orb
|faint|p2a: Roserade
|
|
|switch|p2a: Mienshao|Mienshao, F|271\/271
|-damage|p2a: Mienshao|255\/271|[from] Stealth Rock
|turn|37
|
|move|p2a: Mienshao|High Jump Kick|p1a: Aerodactyl
|-damage|p1a: Aerodactyl|0 fnt
|faint|p1a: Aerodactyl
|
|
|switch|p1a: Vaporeon|Vaporeon, F|379\/463 tox
|turn|38
|
|switch|p2a: Quagsire|Quagsire, M|317\/393
|-damage|p2a: Quagsire|293\/393|[from] Stealth Rock
|move|p1a: Vaporeon|Wish|p1a: Vaporeon
|
|-heal|p1a: Vaporeon|407\/463 tox|[from] item: Leftovers
|-heal|p2a: Quagsire|317\/393|[from] item: Leftovers
|-damage|p1a: Vaporeon|379\/463 tox|[from] psn
|turn|39
|
|switch|p1a: Hydreigon|Hydreigon, M|198\/325
|move|p2a: Quagsire|Earthquake|p1a: Hydreigon
|-immune|p1a: Hydreigon|[msg]
|
|-heal|p1a: Hydreigon|325\/325|[from] move: Wish|[wisher] Vaporeon
|-heal|p2a: Quagsire|341\/393|[from] item: Leftovers
|turn|40
|
|move|p1a: Hydreigon|Dark Pulse|p2a: Quagsire
|-damage|p2a: Quagsire|139\/393
|move|p2a: Quagsire|Recover|p2a: Quagsire
|-heal|p2a: Quagsire|336\/393
|
|-heal|p2a: Quagsire|360\/393|[from] item: Leftovers
|turn|41
|
|move|p1a: Hydreigon|Dark Pulse|p2a: Quagsire
|-damage|p2a: Quagsire|146\/393
|move|p2a: Quagsire|Toxic|p1a: Hydreigon
|-status|p1a: Hydreigon|tox
|
|-heal|p2a: Quagsire|170\/393|[from] item: Leftovers
|-damage|p1a: Hydreigon|305\/325 tox|[from] psn
|turn|42
|
|switch|p2a: Mienshao|Mienshao, F|271\/271
|-damage|p2a: Mienshao|255\/271|[from] Stealth Rock
|move|p1a: Hydreigon|Dark Pulse|p2a: Mienshao
|-resisted|p2a: Mienshao
|-damage|p2a: Mienshao|142\/271
|
|-damage|p1a: Hydreigon|265\/325 tox|[from] psn
|turn|43
|
|switch|p1a: Victini|Victini|26\/341 slp
|move|p2a: Mienshao|High Jump Kick|p1a: Victini
|-resisted|p1a: Victini
|-damage|p1a: Victini|0 fnt
|faint|p1a: Victini
|
|
|switch|p1a: Vaporeon|Vaporeon, F|379\/463 tox
|turn|44
|
|switch|p2a: Quagsire|Quagsire, M|170\/393
|-damage|p2a: Quagsire|146\/393|[from] Stealth Rock
|move|p1a: Vaporeon|Scald|p2a: Quagsire
|-damage|p2a: Quagsire|0 fnt
|faint|p2a: Quagsire
|
|-heal|p1a: Vaporeon|407\/463 tox|[from] item: Leftovers
|-damage|p1a: Vaporeon|379\/463 tox|[from] psn
|
|switch|p2a: Honchkrow|Honchkrow, F|341\/341
|-damage|p2a: Honchkrow|256\/341|[from] Stealth Rock
|turn|45
|
|switch|p1a: Magnezone|Magnezone|341\/341
|move|p2a: Honchkrow|Brave Bird|p1a: Magnezone
|-crit|p1a: Magnezone
|-resisted|p1a: Magnezone
|-damage|p1a: Magnezone|247\/341
|-damage|p2a: Honchkrow|225\/341|[from] recoil|[of] p1a: Magnezone
|-damage|p2a: Honchkrow|191\/341|[from] item: Life Orb
|
|turn|46
|
|move|p2a: Honchkrow|Sucker Punch|p1a: Magnezone
|-damage|p1a: Magnezone|74\/341
|-damage|p2a: Honchkrow|157\/341|[from] item: Life Orb
|move|p1a: Magnezone|Volt Switch|p2a: Honchkrow
|-supereffective|p2a: Honchkrow
|-damage|p2a: Honchkrow|0 fnt
|faint|p2a: Honchkrow
|chat|TheAmphy|gg
|-message|TheAmphy forfeited.
|
|win|the singularity
|raw|Ladder updating...
|raw|the singularity's rating: 1553 &rarr; <strong>1574<\/strong><br \/>(+21 for winning)
|raw|TheAmphy's rating: 1561 &rarr; <strong>1540<\/strong><br \/>(-21 for losing)
|leave|TheAmphy
|player|p2
|chat|the singularity|very gg