|join|xMarth
|join|TheAmphy
|player|p1|xMarth|153
|player|p2|TheAmphy|146
|gametype|singles
|gen|6
|tier|UU
|rated
|rule|Sleep Clause Mod: Limit one foe put to sleep
|rule|Species Clause: Limit one of each PokÃ©mon
|rule|OHKO Clause: OHKO moves are banned
|rule|Moody Clause: Moody is banned
|rule|Evasion Moves Clause: Evasion moves are banned
|rule|Endless Battle Clause: Forcing endless battles is banned
|rule|HP Percentage Mod: HP is shown in percentages
|clearpoke
|poke|p1|Blissey, F
|poke|p1|Gligar, M
|poke|p1|Tentacruel, F
|poke|p1|Jirachi
|poke|p1|Hydreigon, M
|poke|p1|Raikou
|poke|p2|Crobat, F
|poke|p2|Swampert, M
|poke|p2|Chandelure, M
|poke|p2|Mienshao, F
|poke|p2|Jirachi
|poke|p2|Roserade, M
|rule|Swagger Clause: Swagger is banned
|rule|Baton Pass Clause: Limit one PokÃ©mon knowing Baton Pass
|teampreview
|
|start
|switch|p1a: Jirachi|Jirachi|341\/341
|switch|p2a: Mienshao|Mienshao, F|271\/271
|turn|1
|
|move|p2a: Mienshao|U-turn|p1a: Jirachi
|-damage|p1a: Jirachi|253\/341
|
|switch|p2a: Swampert|Swampert, M|401\/401
|move|p1a: Jirachi|U-turn|p2a: Swampert
|-damage|p2a: Swampert|351\/401
|
|switch|p1a: Hydreigon|Hydreigon, M|325\/325
|
|-heal|p2a: Swampert|376\/401|[from] item: Leftovers
|turn|2
|
|move|p1a: Hydreigon|Dark Pulse|p2a: Swampert
|-damage|p2a: Swampert|199\/401
|-damage|p1a: Hydreigon|293\/325|[from] item: Life Orb
|move|p2a: Swampert|Scald|p1a: Hydreigon
|-resisted|p1a: Hydreigon
|-damage|p1a: Hydreigon|248\/325
|-status|p1a: Hydreigon|brn
|
|-heal|p2a: Swampert|224\/401|[from] item: Leftovers
|-damage|p1a: Hydreigon|208\/325 brn|[from] brn
|turn|3
|
|move|p1a: Hydreigon|Draco Meteor|p2a: Swampert
|-damage|p2a: Swampert|0 fnt
|-unboost|p1a: Hydreigon|spa|2
|-damage|p1a: Hydreigon|176\/325 brn|[from] item: Life Orb
|faint|p2a: Swampert
|
|-damage|p1a: Hydreigon|136\/325 brn|[from] brn
|
|switch|p2a: Mienshao|Mienshao, F|271\/271
|turn|4
|
|switch|p1a: Gligar|Gligar, M|333\/333
|move|p2a: Mienshao|U-turn|p1a: Gligar
|-resisted|p1a: Gligar
|-damage|p1a: Gligar|315\/333
|join|eee boi
|
|switch|p2a: Chandelure|Chandelure, M|278\/278
|
|turn|5
|join|YoungLegend
|
|switch|p1a: Tentacruel|Tentacruel, F|364\/364
|move|p2a: Chandelure|Substitute|p2a: Chandelure
|-start|p2a: Chandelure|Substitute
|-damage|p2a: Chandelure|209\/278
|
|-heal|p2a: Chandelure|226\/278|[from] item: Leftovers
|turn|6
|
|move|p2a: Chandelure|Calm Mind|p2a: Chandelure
|-boost|p2a: Chandelure|spa|1
|-boost|p2a: Chandelure|spd|1
|move|p1a: Tentacruel|Scald|p2a: Chandelure
|-supereffective|p2a: Chandelure
|-end|p2a: Chandelure|Substitute
|
|-heal|p2a: Chandelure|243\/278|[from] item: Leftovers
|turn|7
|
|move|p2a: Chandelure|Shadow Ball|p1a: Tentacruel
|-damage|p1a: Tentacruel|136\/364
|-unboost|p1a: Tentacruel|spd|1
|move|p1a: Tentacruel|Scald|p2a: Chandelure
|-supereffective|p2a: Chandelure
|-damage|p2a: Chandelure|135\/278
|
|-heal|p1a: Tentacruel|158\/364|[from] item: Black Sludge
|-heal|p2a: Chandelure|152\/278|[from] item: Leftovers
|turn|8
|
|move|p2a: Chandelure|Shadow Ball|p1a: Tentacruel
|-damage|p1a: Tentacruel|0 fnt
|faint|p1a: Tentacruel
|
|-heal|p2a: Chandelure|169\/278|[from] item: Leftovers
|c| YoungLegend|sub cm lefties chandy nice n powerful
|
|switch|p1a: Hydreigon|Hydreigon, M|136\/325 brn
|turn|9
|join|Hairy Toenail
|c|âTheAmphy|standard Hydreigon is a big fucking threat
|
|switch|p2a: Crobat|Crobat, F|373\/373
|move|p1a: Hydreigon|Roost|p1a: Hydreigon
|-heal|p1a: Hydreigon|299\/325 brn
|
|-damage|p1a: Hydreigon|259\/325 brn|[from] brn
|turn|10
|
|switch|p1a: Jirachi|Jirachi|253\/341
|move|p2a: Crobat|Brave Bird|p1a: Jirachi
|-resisted|p1a: Jirachi
|-damage|p1a: Jirachi|180\/341
|-damage|p2a: Crobat|349\/373|[from] recoil|[of] p1a: Jirachi
|
|-heal|p2a: Crobat|372\/373|[from] item: Black Sludge
|turn|11
|
|switch|p2a: Jirachi|Jirachi|404\/404
|move|p1a: Jirachi|Iron Head|p2a: Jirachi
|-resisted|p2a: Jirachi
|-damage|p2a: Jirachi|347\/404
|
|-heal|p2a: Jirachi|372\/404|[from] item: Leftovers
|turn|12
|
|switch|p1a: Gligar|Gligar, M|315\/333
|move|p2a: Jirachi|U-turn|p1a: Gligar
|-resisted|p1a: Gligar
|-damage|p1a: Gligar|301\/333
|
|switch|p2a: Roserade|Roserade, M|261\/261
|
|turn|13
|
|move|p2a: Roserade|Leaf Storm|p1a: Gligar
|-damage|p1a: Gligar|40\/333
|-unboost|p2a: Roserade|spa|2
|-damage|p2a: Roserade|235\/261|[from] item: Life Orb
|move|p1a: Gligar|Stealth Rock|p2a: Roserade
|-sidestart|p2: TheAmphy|move: Stealth Rock
|
|turn|14
|
|switch|p1a: Raikou|Raikou|322\/322
|-ability|p1a: Raikou|Pressure
|move|p2a: Roserade|Sludge Bomb|p1a: Raikou
|-damage|p1a: Raikou|223\/322
|-damage|p2a: Roserade|209\/261|[from] item: Life Orb
|
|-heal|p1a: Raikou|243\/322|[from] item: Leftovers
|turn|15
|
|switch|p2a: Jirachi|Jirachi|372\/404
|-damage|p2a: Jirachi|347\/404|[from] Stealth Rock
|move|p1a: Raikou|Substitute|p1a: Raikou
|-start|p1a: Raikou|Substitute
|-damage|p1a: Raikou|163\/322
|
|-heal|p1a: Raikou|183\/322|[from] item: Leftovers
|-heal|p2a: Jirachi|372\/404|[from] item: Leftovers
|turn|16
|
|move|p1a: Raikou|Calm Mind|p1a: Raikou
|-boost|p1a: Raikou|spa|1
|-boost|p1a: Raikou|spd|1
|move|p2a: Jirachi|U-turn|p1a: Raikou
|-activate|p1a: Raikou|Substitute|[damage]
|
|switch|p2a: Mienshao|Mienshao, F|271\/271
|-damage|p2a: Mienshao|255\/271|[from] Stealth Rock
|
|-heal|p1a: Raikou|203\/322|[from] item: Leftovers
|turn|17
|
|move|p2a: Mienshao|U-turn|p1a: Raikou
|-end|p1a: Raikou|Substitute
|
|switch|p2a: Crobat|Crobat, F|372\/373
|-damage|p2a: Crobat|279\/373|[from] Stealth Rock
|move|p1a: Raikou|Substitute|p1a: Raikou
|-start|p1a: Raikou|Substitute
|-damage|p1a: Raikou|123\/322
|
|-heal|p2a: Crobat|302\/373|[from] item: Black Sludge
|-heal|p1a: Raikou|143\/322|[from] item: Leftovers
|turn|18
|
|move|p2a: Crobat|Defog|p1a: Raikou
|-sideend|p2: TheAmphy|Stealth Rock|[from] move: Defog|[of] p2a: Crobat
|move|p1a: Raikou|Thunderbolt|p2a: Crobat
|-supereffective|p2a: Crobat
|-damage|p2a: Crobat|0 fnt
|faint|p2a: Crobat
|
|-heal|p1a: Raikou|163\/322|[from] item: Leftovers
|
|switch|p2a: Roserade|Roserade, M|209\/261
|turn|19
|
|move|p1a: Raikou|Calm Mind|p1a: Raikou
|-boost|p1a: Raikou|spa|1
|-boost|p1a: Raikou|spd|1
|move|p2a: Roserade|Sludge Bomb|p1a: Raikou
|-end|p1a: Raikou|Substitute
|-damage|p2a: Roserade|183\/261|[from] item: Life Orb
|
|-heal|p1a: Raikou|183\/322|[from] item: Leftovers
|turn|20
|
|move|p1a: Raikou|Substitute|p1a: Raikou
|-start|p1a: Raikou|Substitute
|-damage|p1a: Raikou|103\/322
|move|p2a: Roserade|Sludge Bomb|p1a: Raikou
|-end|p1a: Raikou|Substitute
|-damage|p2a: Roserade|157\/261|[from] item: Life Orb
|
|-heal|p1a: Raikou|123\/322|[from] item: Leftovers
|turn|21
|
|move|p1a: Raikou|Calm Mind|p1a: Raikou
|-boost|p1a: Raikou|spa|1
|-boost|p1a: Raikou|spd|1
|move|p2a: Roserade|Sludge Bomb|p1a: Raikou
|-damage|p1a: Raikou|36\/322
|-damage|p2a: Roserade|131\/261|[from] item: Life Orb
|
|-heal|p1a: Raikou|56\/322|[from] item: Leftovers
|turn|22
|
|switch|p2a: Jirachi|Jirachi|372\/404
|move|p1a: Raikou|Hidden Power|p2a: Jirachi
|-resisted|p2a: Jirachi
|-damage|p2a: Jirachi|314\/404
|
|-heal|p1a: Raikou|76\/322|[from] item: Leftovers
|-heal|p2a: Jirachi|339\/404|[from] item: Leftovers
|turn|23
|
|move|p1a: Raikou|Thunderbolt|p2a: Jirachi
|-crit|p2a: Jirachi
|-damage|p2a: Jirachi|0 fnt
|faint|p2a: Jirachi
|
|-heal|p1a: Raikou|96\/322|[from] item: Leftovers
|
|switch|p2a: Mienshao|Mienshao, F|255\/271
|turn|24
|
|move|p2a: Mienshao|High Jump Kick|p1a: Raikou
|-damage|p1a: Raikou|0 fnt
|faint|p1a: Raikou
|
|
|switch|p1a: Blissey|Blissey, F|714\/714
|turn|25
|
|switch|p2a: Chandelure|Chandelure, M|169\/278
|move|p1a: Blissey|Seismic Toss|p2a: Chandelure
|-immune|p2a: Chandelure|[msg]
|
|-heal|p2a: Chandelure|186\/278|[from] item: Leftovers
|turn|26
|
|move|p2a: Chandelure|Fire Blast|p1a: Blissey
|-damage|p1a: Blissey|548\/714
|move|p1a: Blissey|Heal Bell|p1a: Blissey
|-cureteam|p1a: Blissey|[from] move: HealBell
|
|-heal|p2a: Chandelure|203\/278|[from] item: Leftovers
|-heal|p1a: Blissey|592\/714|[from] item: Leftovers
|turn|27
|
|move|p2a: Chandelure|Substitute|p2a: Chandelure
|-start|p2a: Chandelure|Substitute
|-damage|p2a: Chandelure|134\/278
|move|p1a: Blissey|Wish|p1a: Blissey
|
|-heal|p2a: Chandelure|151\/278|[from] item: Leftovers
|-heal|p1a: Blissey|636\/714|[from] item: Leftovers
|turn|28
|
|switch|p1a: Hydreigon|Hydreigon, M|259\/325
|move|p2a: Chandelure|Calm Mind|p2a: Chandelure
|-boost|p2a: Chandelure|spa|1
|-boost|p2a: Chandelure|spd|1
|
|-heal|p1a: Hydreigon|325\/325|[from] move: Wish|[wisher] Blissey
|-heal|p2a: Chandelure|168\/278|[from] item: Leftovers
|turn|29
|c| YoungLegend|marth
|c| Hairy Toenail|hp fairy
|c| YoungLegend|im actually startting to question darm tbh
|c| Hairy Toenail|right here
|c|âxMarth|try entei
|
|move|p1a: Hydreigon|Dark Pulse|p2a: Chandelure
|-supereffective|p2a: Chandelure
|-end|p2a: Chandelure|Substitute
|-damage|p1a: Hydreigon|293\/325|[from] item: Life Orb
|move|p2a: Chandelure|Fire Blast|p1a: Hydreigon|[miss]
|-miss|p2a: Chandelure|p1a: Hydreigon
|
|-heal|p2a: Chandelure|185\/278|[from] item: Leftovers
|turn|30
|c| YoungLegend|yea but it dosent work with volt turn thats why im hesitant
|c|âTheAmphy|fuck
|c| YoungLegend|and atm darm outlcasses entei imo
|c| Hairy Toenail|2 win conditions
|c| Hairy Toenail|on the field 
|
|move|p1a: Hydreigon|Dark Pulse|p2a: Chandelure
|-supereffective|p2a: Chandelure
|-damage|p2a: Chandelure|0 fnt
|-damage|p1a: Hydreigon|261\/325|[from] item: Life Orb
|faint|p2a: Chandelure
|
|join|Cyndequil
|c| Hairy Toenail|now 0
|
|switch|p2a: Mienshao|Mienshao, F|255\/271
|turn|31
|
|move|p2a: Mienshao|High Jump Kick|p1a: Hydreigon
|-supereffective|p1a: Hydreigon
|-damage|p1a: Hydreigon|0 fnt
|faint|p1a: Hydreigon
|
|
|switch|p1a: Blissey|Blissey, F|636\/714
|turn|32
|c| YoungLegend|hmm
|
|move|p2a: Mienshao|High Jump Kick|p1a: Blissey|[miss]
|-miss|p2a: Mienshao|p1a: Blissey
|-damage|p2a: Mienshao|120\/271|[from] highjumpkick
|move|p1a: Blissey|Seismic Toss|p2a: Mienshao
|-damage|p2a: Mienshao|20\/271
|
|-heal|p1a: Blissey|680\/714|[from] item: Leftovers
|turn|33
|c| YoungLegend|ima actually try banded tei BUTT
|join|mah fiddla
|c| YoungLegend|i might no use sacred fire tbh
|c| YoungLegend|im just not sure
|
|switch|p1a: Gligar|Gligar, M|40\/333
|move|p2a: Mienshao|High Jump Kick|p1a: Gligar
|-crit|p1a: Gligar
|-resisted|p1a: Gligar
|-damage|p1a: Gligar|0 fnt
|faint|p1a: Gligar
|
|join|EyanZ
|
|switch|p1a: Blissey|Blissey, F|680\/714
|turn|34
|
|move|p2a: Mienshao|High Jump Kick|p1a: Blissey
|-supereffective|p1a: Blissey
|-damage|p1a: Blissey|0 fnt
|faint|p1a: Blissey
|
|
|switch|p1a: Jirachi|Jirachi|180\/341
|turn|35
|c| YoungLegend|why the fck marth?
|c| YoungLegend|lol
|c| Hairy Toenail|no protect?
|c| YoungLegend|why no protect
|c|âxMarth|no tect just bluff
|
|switch|p2a: Roserade|Roserade, M|131\/261
|move|p1a: Jirachi|Iron Head|p2a: Roserade
|-damage|p2a: Roserade|0 fnt
|faint|p2a: Roserade
|
|c| Hairy Toenail|oh dam
|
|switch|p2a: Mienshao|Mienshao, F|20\/271
|turn|36
|
|move|p2a: Mienshao|Knock Off|p1a: Jirachi
|-supereffective|p1a: Jirachi
|-damage|p1a: Jirachi|0 fnt
|-enditem|p1a: Jirachi|Choice Scarf|[from] move: Knock Off|[of] p2a: Mienshao
|faint|p1a: Jirachi
|
|win|TheAmphy
|raw|Ladder updating...
|raw|xMarth's rating: 1657 &rarr; <strong>1631<\/strong><br \/>(-26 for losing)
|raw|TheAmphy's rating: 1535 &rarr; <strong>1562<\/strong><br \/>(+27 for winning)
|c|âTheAmphy|gg
|leave|xMarth
|player|p1
|c| mah fiddla|rip..
|leave|Hairy Toenail
|leave|Cyndequil
|leave|YoungLegend
|leave|TheAmphy
|player|p2
|join|Cyndequil
|leave|Cyndequil