|join|TheAmphy
|join|damnblood
|player|p1|TheAmphy|286
|player|p2|damnblood|238
|gametype|singles
|gen|6
|tier|UU
|rated
|rule|Sleep Clause Mod: Limit one foe put to sleep
|rule|Species Clause: Limit one of each Pokemon
|rule|OHKO Clause: OHKO moves are banned
|rule|Moody Clause: Moody is banned
|rule|Evasion Moves Clause: Evasion moves are banned
|rule|Endless Battle Clause: Forcing endless battles is banned.
|rule|HP Percentage Mod: HP is reported as percentages
|clearpoke
|poke|p1|Rotom-Heat
|poke|p1|Quagsire, F
|poke|p1|Roserade, F
|poke|p1|Mienshao, F
|poke|p1|Forretress, F
|poke|p1|Honchkrow, F
|poke|p2|Manectric, M, shiny
|poke|p2|Empoleon, M, shiny
|poke|p2|Cloyster, M, shiny
|poke|p2|Porygon-Z
|poke|p2|Mew
|poke|p2|Arcanine, F
|teampreview
|
|start
|switch|p1a: Mienshao|Mienshao, F|271\/271
|switch|p2a: Arcanine|Arcanine, F|340\/340
|-ability|p2a: Arcanine|Intimidate|[of] p1a: Mienshao
|-unboost|p1a: Mienshao|atk|1
|turn|1
|
|move|p1a: Mienshao|U-turn|p2a: Arcanine
|-resisted|p2a: Arcanine
|-damage|p2a: Arcanine|318\/340
|
|switch|p1a: Rotom-Heat|Rotom-Heat|303\/303
|move|p2a: Arcanine|Will-O-Wisp|p1a: Rotom-Heat
|-fail|p1a: Rotom-Heat
|
|-heal|p2a: Arcanine|339\/340|[from] item: Leftovers
|turn|2
|
|switch|p2a: Porygon-Z|Porygon-Z|312\/312
|-boost|p2a: Porygon-Z|atk|1|[from] ability: Download
|move|p1a: Rotom-Heat|Volt Switch|p2a: Porygon-Z
|-damage|p2a: Porygon-Z|261\/312
|
|switch|p1a: Mienshao|Mienshao, F|271\/271
|
|turn|3
|
|switch|p2a: Arcanine|Arcanine, F|339\/340
|-ability|p2a: Arcanine|Intimidate|[of] p1a: Mienshao
|-unboost|p1a: Mienshao|atk|1
|move|p1a: Mienshao|Knock Off|p2a: Arcanine
|-damage|p2a: Arcanine|272\/340
|-enditem|p2a: Arcanine|Leftovers|[from] move: Knock Off|[of] p1a: Mienshao
|
|turn|4
|
|switch|p1a: Rotom-Heat|Rotom-Heat|303\/303
|move|p2a: Arcanine|Flare Blitz|p1a: Rotom-Heat
|-resisted|p1a: Rotom-Heat
|-damage|p1a: Rotom-Heat|225\/303
|-damage|p2a: Arcanine|246\/340|[from] recoil|[of] p1a: Rotom-Heat
|
|-heal|p1a: Rotom-Heat|243\/303|[from] item: Leftovers
|turn|5
|
|move|p2a: Arcanine|Flare Blitz|p1a: Rotom-Heat
|-resisted|p1a: Rotom-Heat
|-damage|p1a: Rotom-Heat|174\/303
|-damage|p2a: Arcanine|223\/340|[from] recoil|[of] p1a: Rotom-Heat
|move|p1a: Rotom-Heat|Overheat|p2a: Arcanine
|-resisted|p2a: Arcanine
|-damage|p2a: Arcanine|147\/340
|-unboost|p1a: Rotom-Heat|spa|2
|
|-heal|p1a: Rotom-Heat|192\/303|[from] item: Leftovers
|turn|6
|
|move|p2a: Arcanine|Morning Sun|p2a: Arcanine
|-heal|p2a: Arcanine|317\/340
|move|p1a: Rotom-Heat|Volt Switch|p2a: Arcanine
|-crit|p2a: Arcanine
|-damage|p2a: Arcanine|194\/340
|
|switch|p1a: Mienshao|Mienshao, F|271\/271
|
|turn|7
|
|switch|p2a: Mew|Mew|404\/404
|move|p1a: Mienshao|High Jump Kick|p2a: Mew
|-resisted|p2a: Mew
|-damage|p2a: Mew|290\/404
|
|-heal|p2a: Mew|315\/404|[from] item: Leftovers
|turn|8
|
|switch|p1a: Honchkrow|Honchkrow, F|341\/341
|move|p2a: Mew|Taunt|p1a: Honchkrow
|-start|p1a: Honchkrow|move: Taunt
|
|-heal|p2a: Mew|340\/404|[from] item: Leftovers
|turn|9
|-message|TheAmphy forfeited.
|
|win|damnblood
|raw|Ladder updating...
|leave|TheAmphy
|player|p1
|raw|TheAmphy's rating: 1420 &rarr; <strong>1399<\/strong><br \/>(-21 for losing)
|raw|damnblood's rating: 1403 &rarr; <strong>1424<\/strong><br \/>(+21 for winning)