|join|TheAmphy
|join|1crash94
|player|p1|TheAmphy|146
|player|p2|1crash94|163
|gametype|singles
|gen|6
|tier|UU
|rated
|rule|Sleep Clause Mod: Limit one foe put to sleep
|rule|Species Clause: Limit one of each PokÃ©mon
|rule|OHKO Clause: OHKO moves are banned
|rule|Moody Clause: Moody is banned
|rule|Evasion Moves Clause: Evasion moves are banned
|rule|Endless Battle Clause: Forcing endless battles is banned
|rule|HP Percentage Mod: HP is shown in percentages
|clearpoke
|poke|p1|Crobat, M
|poke|p1|Ampharos, F
|poke|p1|Infernape, M
|poke|p1|Umbreon, F
|poke|p1|Nidoqueen, F
|poke|p1|Arcanine, M
|poke|p2|Celebi
|poke|p2|Aggron, M
|poke|p2|Suicune
|poke|p2|Azelf
|poke|p2|Infernape, M
|poke|p2|Haxorus, M
|rule|Swagger Clause: Swagger is banned
|rule|Baton Pass Clause: Limit one PokÃ©mon knowing Baton Pass
|teampreview
|
|start
|switch|p1a: Brobat|Crobat, M|353\/353
|switch|p2a: Daxter|Azelf|291\/291
|turn|1
|
|move|p1a: Brobat|U-turn|p2a: Daxter
|-supereffective|p2a: Daxter
|-damage|p2a: Daxter|105\/291
|
|switch|p1a: To The Moon|Umbreon, F|394\/394
|move|p2a: Daxter|Stealth Rock|p1a: To The Moon
|-sidestart|p1: TheAmphy|move: Stealth Rock
|
|turn|2
|
|move|p1a: To The Moon|Protect|p1a: To The Moon
|-singleturn|p1a: To The Moon|Protect
|move|p2a: Daxter|Knock Off|p1a: To The Moon
|-activate|p1a: To The Moon|Protect
|
|turn|3
|
|move|p2a: Daxter|Knock Off|p1a: To The Moon
|-resisted|p1a: To The Moon
|-damage|p1a: To The Moon|341\/394
|-enditem|p1a: To The Moon|Leftovers|[from] move: Knock Off|[of] p2a: Daxter
|-damage|p2a: Daxter|76\/291|[from] item: Life Orb
|move|p1a: To The Moon|Foul Play|p2a: Daxter
|-supereffective|p2a: Daxter
|-damage|p2a: Daxter|0 fnt
|faint|p2a: Daxter
|
|
|switch|p2a: Tricera|Aggron, M|344\/344
|turn|4
|
|detailschange|p2a: Tricera|Aggron-Mega, M
|message|Aggron has Mega Evolved into Mega Aggron!
|move|p1a: To The Moon|Wish|p1a: To The Moon
|move|p2a: Tricera|Dragon Tail|p1a: To The Moon
|-damage|p1a: To The Moon|271\/394
|drag|p1a: MILF|Nidoqueen, F|353\/353
|-damage|p1a: MILF|331\/353|[from] Stealth Rock
|
|turn|5
|
|move|p1a: MILF|Earth Power|p2a: Tricera
|-supereffective|p2a: Tricera
|-damage|p2a: Tricera|0 fnt
|faint|p2a: Tricera
|
|-heal|p1a: MILF|353\/353|[from] move: Wish|[wisher] To The Moon
|
|switch|p2a: Hydro Dog|Suicune|404\/404
|-ability|p2a: Hydro Dog|Pressure
|turn|6
|
|switch|p1a: Amphabulous|Ampharos, F|354\/354
|-damage|p1a: Amphabulous|310\/354|[from] Stealth Rock
|move|p2a: Hydro Dog|Calm Mind|p2a: Hydro Dog
|-boost|p2a: Hydro Dog|spa|1
|-boost|p2a: Hydro Dog|spd|1
|
|turn|7
|
|detailschange|p1a: Amphabulous|Ampharos-Mega, F
|message|Ampharos has Mega Evolved into Mega Ampharos!
|-ability|p1a: Amphabulous|Mold Breaker
|move|p2a: Hydro Dog|Ice Beam|p1a: Amphabulous
|-supereffective|p1a: Amphabulous
|-damage|p1a: Amphabulous|122\/354
|move|p1a: Amphabulous|Thunderbolt|p2a: Hydro Dog
|-supereffective|p2a: Hydro Dog
|-damage|p2a: Hydro Dog|156\/404
|
|-heal|p2a: Hydro Dog|181\/404|[from] item: Leftovers
|turn|8
|
|move|p2a: Hydro Dog|Ice Beam|p1a: Amphabulous
|-supereffective|p1a: Amphabulous
|-damage|p1a: Amphabulous|0 fnt
|faint|p1a: Amphabulous
|
|-heal|p2a: Hydro Dog|206\/404|[from] item: Leftovers
|
|switch|p1a: To The Moon|Umbreon, F|271\/394
|-damage|p1a: To The Moon|222\/394|[from] Stealth Rock
|turn|9
|
|move|p2a: Hydro Dog|Calm Mind|p2a: Hydro Dog
|-boost|p2a: Hydro Dog|spa|1
|-boost|p2a: Hydro Dog|spd|1
|move|p1a: To The Moon|Wish|p1a: To The Moon
|
|-heal|p2a: Hydro Dog|231\/404|[from] item: Leftovers
|turn|10
|
|move|p2a: Hydro Dog|Calm Mind|p2a: Hydro Dog
|-boost|p2a: Hydro Dog|spa|1
|-boost|p2a: Hydro Dog|spd|1
|move|p1a: To The Moon|Foul Play|p2a: Hydro Dog
|-damage|p2a: Hydro Dog|177\/404
|
|-heal|p1a: To The Moon|394\/394|[from] move: Wish|[wisher] To The Moon
|-heal|p2a: Hydro Dog|202\/404|[from] item: Leftovers
|turn|11
|
|move|p2a: Hydro Dog|Scald|p1a: To The Moon
|-damage|p1a: To The Moon|255\/394
|move|p1a: To The Moon|Foul Play|p2a: Hydro Dog
|-damage|p2a: Hydro Dog|151\/404
|
|-heal|p2a: Hydro Dog|176\/404|[from] item: Leftovers
|turn|12
|
|move|p2a: Hydro Dog|Scald|p1a: To The Moon
|-damage|p1a: To The Moon|117\/394
|-status|p1a: To The Moon|brn
|-status|p2a: Hydro Dog|brn
|move|p1a: To The Moon|Foul Play|p2a: Hydro Dog
|-damage|p2a: Hydro Dog|151\/404 brn
|
|-heal|p2a: Hydro Dog|176\/404 brn|[from] item: Leftovers
|-damage|p2a: Hydro Dog|126\/404 brn|[from] brn
|-damage|p1a: To The Moon|68\/394 brn|[from] brn
|turn|13
|
|move|p2a: Hydro Dog|Scald|p1a: To The Moon
|-damage|p1a: To The Moon|0 fnt
|faint|p1a: To The Moon
|
|-heal|p2a: Hydro Dog|151\/404 brn|[from] item: Leftovers
|-damage|p2a: Hydro Dog|101\/404 brn|[from] brn
|
|switch|p1a: Infernape|Infernape, M|293\/293
|-damage|p1a: Infernape|257\/293|[from] Stealth Rock
|turn|14
|
|move|p1a: Infernape|Close Combat|p2a: Hydro Dog
|-damage|p2a: Hydro Dog|0 fnt
|-unboost|p1a: Infernape|def|1
|-unboost|p1a: Infernape|spd|1
|-damage|p1a: Infernape|228\/293|[from] item: Life Orb
|faint|p2a: Hydro Dog
|
|
|switch|p2a: Diddy Kong|Infernape, M|293\/293
|turn|15
|
|switch|p1a: Brobat|Crobat, M|353\/353
|-damage|p1a: Brobat|265\/353|[from] Stealth Rock
|move|p2a: Diddy Kong|Flare Blitz|p1a: Brobat
|-damage|p1a: Brobat|0 fnt
|-damage|p2a: Diddy Kong|206\/293|[from] recoil|[of] p1a: Brobat
|faint|p1a: Brobat
|
|
|switch|p1a: The Hound|Arcanine, M|383\/383
|-damage|p1a: The Hound|288\/383|[from] Stealth Rock
|-ability|p1a: The Hound|Intimidate|[of] p2a: Diddy Kong
|-unboost|p2a: Diddy Kong|atk|1
|turn|16
|
|switch|p2a: Silver|Celebi|404\/404
|move|p1a: The Hound|Will-O-Wisp|p2a: Silver
|-status|p2a: Silver|brn
|
|-heal|p1a: The Hound|311\/383|[from] item: Leftovers
|-damage|p2a: Silver|354\/404 brn|[from] brn
|turn|17
|
|move|p2a: Silver|Leech Seed|p1a: The Hound
|-start|p1a: The Hound|move: Leech Seed
|move|p1a: The Hound|Morning Sun|p1a: The Hound
|-heal|p1a: The Hound|383\/383
|
|-heal|p2a: Silver|379\/404 brn|[from] item: Leftovers
|-damage|p1a: The Hound|336\/383|[from] Leech Seed|[of] p2a: Silver
|-heal|p2a: Silver|404\/404 brn|[silent]
|-damage|p2a: Silver|354\/404 brn|[from] brn
|turn|18
|
|switch|p2a: Yuri|Haxorus, M|302\/302
|-ability|p2a: Yuri|Mold Breaker
|switch|p1a: MILF|Nidoqueen, F|353\/353
|-damage|p1a: MILF|331\/353|[from] Stealth Rock
|
|turn|19
|
|switch|p2a: Silver|Celebi|354\/404
|move|p1a: MILF|Ice Beam|p2a: Silver
|-supereffective|p2a: Silver
|-damage|p2a: Silver|154\/404
|
|-heal|p2a: Silver|179\/404|[from] item: Leftovers
|turn|20
|
|move|p2a: Silver|Giga Drain|p1a: MILF
|-damage|p1a: MILF|222\/353
|-heal|p2a: Silver|234\/404|[from] drain|[of] p1a: MILF
|move|p1a: MILF|Sludge Wave|p2a: Silver
|-supereffective|p2a: Silver
|-damage|p2a: Silver|0 fnt
|faint|p2a: Silver
|
|
|switch|p2a: Diddy Kong|Infernape, M|206\/293
|turn|21
|
|move|p2a: Diddy Kong|Flare Blitz|p1a: MILF
|-damage|p1a: MILF|0 fnt
|-damage|p2a: Diddy Kong|133\/293|[from] recoil|[of] p1a: MILF
|faint|p1a: MILF
|
|
|switch|p1a: Infernape|Infernape, M|228\/293
|-damage|p1a: Infernape|192\/293|[from] Stealth Rock
|turn|22
|
|move|p2a: Diddy Kong|Flare Blitz|p1a: Infernape
|-resisted|p1a: Infernape
|-damage|p1a: Infernape|24\/293
|-damage|p2a: Diddy Kong|78\/293|[from] recoil|[of] p1a: Infernape
|move|p1a: Infernape|Close Combat|p2a: Diddy Kong
|-damage|p2a: Diddy Kong|0 fnt
|-unboost|p1a: Infernape|def|1
|-unboost|p1a: Infernape|spd|1
|-damage|p1a: Infernape|0 fnt|[from] item: Life Orb
|faint|p2a: Diddy Kong
|faint|p1a: Infernape
|
|
|switch|p2a: Yuri|Haxorus, M|302\/302
|switch|p1a: The Hound|Arcanine, M|336\/383
|-damage|p1a: The Hound|241\/383|[from] Stealth Rock
|-ability|p2a: Yuri|Mold Breaker
|-ability|p1a: The Hound|Intimidate|[of] p2a: Yuri
|-unboost|p2a: Yuri|atk|1
|turn|23
|
|move|p2a: Yuri|Dragon Dance|p2a: Yuri
|-boost|p2a: Yuri|atk|1
|-boost|p2a: Yuri|spe|1
|move|p1a: The Hound|Will-O-Wisp|p2a: Yuri
|-status|p2a: Yuri|brn
|-enditem|p2a: Yuri|Lum Berry|[eat]
|-curestatus|p2a: Yuri|brn
|
|-heal|p1a: The Hound|264\/383|[from] item: Leftovers
|turn|24
|
|move|p2a: Yuri|Earthquake|p1a: The Hound
|-supereffective|p1a: The Hound
|-damage|p1a: The Hound|10\/383
|move|p1a: The Hound|Will-O-Wisp|p2a: Yuri
|-status|p2a: Yuri|brn
|
|-heal|p1a: The Hound|33\/383|[from] item: Leftovers
|-damage|p2a: Yuri|265\/302 brn|[from] brn
|turn|25
|c|âTheAmphy|gg
|c|â1crash94|gg
|
|move|p2a: Yuri|Earthquake|p1a: The Hound
|-supereffective|p1a: The Hound
|-damage|p1a: The Hound|0 fnt
|faint|p1a: The Hound
|
|win|1crash94
|raw|Ladder updating...
|raw|TheAmphy's rating: 1475 &rarr; <strong>1446<\/strong><br \/>(-29 for losing)
|raw|1crash94's rating: 1317 &rarr; <strong>1346<\/strong><br \/>(+29 for winning)
|leave|TheAmphy
|player|p1