|join|PSYCHOTIC FT RT
|join|TheAmphy
|player|p1|PSYCHOTIC FT RT|253
|player|p2|TheAmphy|101
|gametype|singles
|gen|6
|tier|UU
|rated
|clearpoke
|poke|p1|Absol, M
|poke|p1|Mew
|poke|p1|Tornadus-Therian, M
|poke|p1|Hippowdon, M
|poke|p1|Roserade, F
|poke|p1|Snorlax, F
|poke|p2|Heliolisk, M
|poke|p2|Darmanitan, F
|poke|p2|Tentacruel, M
|poke|p2|Chesnaught, F
|poke|p2|Umbreon, F
|poke|p2|Azelf
|rule|Sleep Clause Mod: Limit one foe put to sleep
|rule|Species Clause: Limit one of each Pokemon
|rule|OHKO Clause: OHKO moves are banned
|rule|Moody Clause: Moody is banned
|rule|Evasion Moves Clause: Evasion moves are banned
|rule|Endless Battle Clause: Forcing endless battles is banned.
|rule|HP Percentage Mod: HP is reported as percentages
|teampreview
|
|start
|switch|p1a: Tornadus-Therian|Tornadus-Therian, M|300\/300
|switch|p2a: Darmanitan|Darmanitan, F|351\/351
|turn|1
|
|switch|p1a: Hippowdon|Hippowdon, M|420\/420
|move|p2a: Darmanitan|U-turn|p1a: Hippowdon
|-damage|p1a: Hippowdon|362\/420
|
|switch|p2a: Heliolisk|Heliolisk, M|265\/265
|
|-heal|p1a: Hippowdon|388\/420|[from] item: Leftovers
|turn|2
|
|move|p2a: Heliolisk|Grass Knot|p1a: Hippowdon
|-supereffective|p1a: Hippowdon
|-damage|p1a: Hippowdon|0 fnt
|-damage|p2a: Heliolisk|239\/265|[from] item: Life Orb
|faint|p1a: Hippowdon
|
|
|switch|p1a: Roserade|Roserade, F|261\/261
|turn|3
|
|move|p2a: Heliolisk|Volt Switch|p1a: Roserade
|-resisted|p1a: Roserade
|-damage|p1a: Roserade|191\/261
|-damage|p2a: Heliolisk|213\/265|[from] item: Life Orb
|
|switch|p2a: Chesnaught|Chesnaught, F|380\/380
|move|p1a: Roserade|Leaf Storm|p2a: Chesnaught
|-crit|p2a: Chesnaught
|-resisted|p2a: Chesnaught
|-damage|p2a: Chesnaught|123\/380
|-unboost|p1a: Roserade|spa|2
|-damage|p1a: Roserade|165\/261|[from] item: Life Orb
|
|-heal|p2a: Chesnaught|146\/380|[from] item: Leftovers
|turn|4
|
|switch|p1a: Tornadus-Therian|Tornadus-Therian, M|300\/300
|move|p2a: Chesnaught|Spiky Shield|p2a: Chesnaught
|-fail|p2a: Chesnaught
|
|-heal|p2a: Chesnaught|169\/380|[from] item: Leftovers
|turn|5
|
|move|p2a: Chesnaught|Spiky Shield|p2a: Chesnaught
|-singleturn|p2a: Chesnaught|move: Protect
|move|p1a: Tornadus-Therian|Acrobatics|p2a: Chesnaught
|-activate|p2a: Chesnaught|move: Protect
|-damage|p1a: Tornadus-Therian|263\/300|[from] Spiky Shield|[of] p2a: Chesnaught
|
|-heal|p2a: Chesnaught|192\/380|[from] item: Leftovers
|turn|6
|
|switch|p2a: Tentacruel|Tentacruel, M|363\/363
|move|p1a: Tornadus-Therian|Acrobatics|p2a: Tentacruel
|-damage|p2a: Tentacruel|198\/363
|
|-heal|p2a: Tentacruel|220\/363|[from] item: Black Sludge
|turn|7
|
|switch|p1a: Roserade|Roserade, F|165\/261
|move|p2a: Tentacruel|Knock Off|p1a: Roserade
|-damage|p1a: Roserade|104\/261
|-enditem|p1a: Roserade|Life Orb|[from] move: Knock Off|[of] p2a: Tentacruel
|
|-heal|p2a: Tentacruel|242\/363|[from] item: Black Sludge
|turn|8
|
|switch|p2a: Umbreon|Umbreon, F|394\/394
|move|p1a: Roserade|Leaf Storm|p2a: Umbreon
|-damage|p2a: Umbreon|253\/394
|-unboost|p1a: Roserade|spa|2
|
|-heal|p2a: Umbreon|277\/394|[from] item: Leftovers
|turn|9
|
|move|p1a: Roserade|Sleep Powder|p2a: Umbreon
|-status|p2a: Umbreon|slp
|cant|p2a: Umbreon|slp
|
|-heal|p2a: Umbreon|301\/394 slp|[from] item: Leftovers
|turn|10
|
|switch|p1a: Tornadus-Therian|Tornadus-Therian, M|300\/300
|switch|p2a: Darmanitan|Darmanitan, F|351\/351
|
|turn|11
|
|move|p2a: Darmanitan|Flare Blitz|p1a: Tornadus-Therian
|-damage|p1a: Tornadus-Therian|0 fnt
|-damage|p2a: Darmanitan|252\/351|[from] recoil|[of] p1a: Tornadus-Therian
|faint|p1a: Tornadus-Therian
|
|
|switch|p1a: Absol|Absol, M|271\/271
|-ability|p1a: Absol|Pressure
|turn|12
|
|switch|p2a: Chesnaught|Chesnaught, F|192\/380
|-formechange|p1a: Absol|Absol-Mega
|message|Absol has Mega Evolved into Mega Absol!
|move|p1a: Absol|Sucker Punch|p2a: Chesnaught
|-fail|p2a: Chesnaught
|
|-heal|p2a: Chesnaught|215\/380|[from] item: Leftovers
|turn|13
|
|switch|p1a: Mew|Mew|404\/404
|move|p2a: Chesnaught|Seed Bomb|p1a: Mew
|-damage|p1a: Mew|301\/404
|
|-heal|p1a: Mew|326\/404|[from] item: Leftovers
|-heal|p2a: Chesnaught|238\/380|[from] item: Leftovers
|turn|14
|
|switch|p2a: Umbreon|Umbreon, F|301\/394 slp
|move|p1a: Mew|Knock Off|p2a: Umbreon
|-resisted|p2a: Umbreon
|-damage|p2a: Umbreon|268\/394 slp
|-enditem|p2a: Umbreon|Leftovers|[from] move: Knock Off|[of] p1a: Mew
|
|-heal|p1a: Mew|351\/404|[from] item: Leftovers
|turn|15
|
|switch|p2a: Azelf|Azelf|291\/291
|move|p1a: Mew|Taunt|p2a: Azelf
|-start|p2a: Azelf|move: Taunt
|
|-heal|p1a: Mew|376\/404|[from] item: Leftovers
|turn|16
|
|move|p2a: Azelf|U-turn|p1a: Mew
|-crit|p1a: Mew
|-supereffective|p1a: Mew
|-damage|p1a: Mew|192\/404
|
|switch|p2a: Umbreon|Umbreon, F|268\/394 slp
|move|p1a: Mew|Knock Off|p2a: Umbreon
|-resisted|p2a: Umbreon
|-damage|p2a: Umbreon|245\/394 slp
|
|-heal|p1a: Mew|217\/404|[from] item: Leftovers
|turn|17
|
|move|p1a: Mew|Soft-Boiled|p1a: Mew
|-heal|p1a: Mew|404\/404
|-curestatus|p2a: Umbreon|slp
|move|p2a: Umbreon|Foul Play|p1a: Mew
|-supereffective|p1a: Mew
|-damage|p1a: Mew|218\/404
|
|-heal|p1a: Mew|243\/404|[from] item: Leftovers
|turn|18
|
|move|p1a: Mew|Will-O-Wisp|p2a: Umbreon
|-status|p2a: Umbreon|brn
|-status|p1a: Mew|brn
|move|p2a: Umbreon|Foul Play|p1a: Mew
|-supereffective|p1a: Mew
|-damage|p1a: Mew|151\/404 brn
|
|-heal|p1a: Mew|176\/404 brn|[from] item: Leftovers
|-damage|p1a: Mew|126\/404 brn|[from] brn
|-damage|p2a: Umbreon|196\/394 brn|[from] brn
|turn|19
|
|move|p1a: Mew|Taunt|p2a: Umbreon
|-start|p2a: Umbreon|move: Taunt
|cant|p2a: Umbreon|move: Taunt|Heal Bell
|
|-heal|p1a: Mew|151\/404 brn|[from] item: Leftovers
|-damage|p1a: Mew|101\/404 brn|[from] brn
|-damage|p2a: Umbreon|147\/394 brn|[from] brn
|turn|20
|
|switch|p2a: Darmanitan|Darmanitan, F|252\/351
|move|p1a: Mew|Soft-Boiled|p1a: Mew
|-heal|p1a: Mew|303\/404 brn
|
|-heal|p1a: Mew|328\/404 brn|[from] item: Leftovers
|-damage|p1a: Mew|278\/404 brn|[from] brn
|turn|21
|
|move|p2a: Darmanitan|Flare Blitz|p1a: Mew
|-damage|p1a: Mew|10\/404 brn
|-damage|p2a: Darmanitan|164\/351|[from] recoil|[of] p1a: Mew
|move|p1a: Mew|Soft-Boiled|p1a: Mew
|-heal|p1a: Mew|212\/404 brn
|
|-heal|p1a: Mew|237\/404 brn|[from] item: Leftovers
|-damage|p1a: Mew|187\/404 brn|[from] brn
|turn|22
|
|switch|p1a: Snorlax|Snorlax, F|495\/495
|move|p2a: Darmanitan|Flare Blitz|p1a: Snorlax
|-damage|p1a: Snorlax|333\/495
|-damage|p2a: Darmanitan|111\/351|[from] recoil|[of] p1a: Snorlax
|
|-heal|p1a: Snorlax|363\/495|[from] item: Leftovers
|turn|23
|
|switch|p2a: Chesnaught|Chesnaught, F|238\/380
|move|p1a: Snorlax|Body Slam|p2a: Chesnaught
|-damage|p2a: Chesnaught|166\/380
|-status|p2a: Chesnaught|par
|
|-heal|p1a: Snorlax|393\/495|[from] item: Leftovers
|-heal|p2a: Chesnaught|189\/380 par|[from] item: Leftovers
|turn|24
|
|switch|p1a: Mew|Mew|187\/404 brn
|move|p2a: Chesnaught|Leech Seed|p1a: Mew
|-start|p1a: Mew|move: Leech Seed
|
|-heal|p1a: Mew|212\/404 brn|[from] item: Leftovers
|-heal|p2a: Chesnaught|212\/380 par|[from] item: Leftovers
|-damage|p1a: Mew|162\/404 brn|[from] Leech Seed|[of] p2a: Chesnaught
|-heal|p2a: Chesnaught|262\/380 par|[silent]
|-damage|p1a: Mew|112\/404 brn|[from] brn
|turn|25
|
|switch|p2a: Darmanitan|Darmanitan, F|111\/351
|move|p1a: Mew|Taunt|p2a: Darmanitan
|-start|p2a: Darmanitan|move: Taunt
|
|-heal|p1a: Mew|137\/404 brn|[from] item: Leftovers
|-damage|p1a: Mew|87\/404 brn|[from] Leech Seed|[of] p2a: Darmanitan
|-heal|p2a: Darmanitan|161\/351|[silent]
|-damage|p1a: Mew|37\/404 brn|[from] brn
|turn|26
|
|move|p2a: Darmanitan|U-turn|p1a: Mew
|-supereffective|p1a: Mew
|-damage|p1a: Mew|0 fnt
|faint|p1a: Mew
|
|switch|p2a: Azelf|Azelf|291\/291
|
|
|switch|p1a: Absol|Absol, M|271\/271
|-formechange|p1a: Absol|Absol-Mega
|turn|27
|
|move|p1a: Absol|Sucker Punch|p2a: Azelf
|-supereffective|p2a: Azelf
|-enditem|p2a: Azelf|Focus Sash
|-damage|p2a: Azelf|1\/291
|move|p2a: Azelf|U-turn|p1a: Absol
|-supereffective|p1a: Absol
|-damage|p1a: Absol|93\/271
|
|switch|p2a: Tentacruel|Tentacruel, M|242\/363
|
|-heal|p2a: Tentacruel|264\/363|[from] item: Black Sludge
|turn|28
|
|switch|p1a: Snorlax|Snorlax, F|393\/495
|move|p2a: Tentacruel|Scald|p1a: Snorlax
|-damage|p1a: Snorlax|338\/495
|-status|p1a: Snorlax|brn
|
|-heal|p2a: Tentacruel|286\/363|[from] item: Black Sludge
|-heal|p1a: Snorlax|368\/495 brn|[from] item: Leftovers
|-damage|p1a: Snorlax|307\/495 brn|[from] brn
|turn|29
|
|move|p2a: Tentacruel|Knock Off|p1a: Snorlax
|-damage|p1a: Snorlax|255\/495 brn
|-enditem|p1a: Snorlax|Leftovers|[from] move: Knock Off|[of] p2a: Tentacruel
|move|p1a: Snorlax|Curse|p1a: Snorlax
|-boost|p1a: Snorlax|atk|1
|-boost|p1a: Snorlax|def|1
|-unboost|p1a: Snorlax|spe|1
|
|-heal|p2a: Tentacruel|308\/363|[from] item: Black Sludge
|-damage|p1a: Snorlax|194\/495 brn|[from] brn
|turn|30
|
|switch|p2a: Darmanitan|Darmanitan, F|161\/351
|move|p1a: Snorlax|Rest|p1a: Snorlax
|-status|p1a: Snorlax|slp
|-heal|p1a: Snorlax|495\/495 slp|[silent]
|-status|p1a: Snorlax|slp|[from] move: Rest
|
|turn|31
|
|switch|p1a: Roserade|Roserade, F|104\/261
|move|p2a: Darmanitan|Superpower|p1a: Roserade
|-resisted|p1a: Roserade
|-damage|p1a: Roserade|1\/261
|-unboost|p2a: Darmanitan|atk|1
|-unboost|p2a: Darmanitan|def|1
|
|turn|32
|
|move|p2a: Darmanitan|Superpower|p1a: Roserade
|-resisted|p1a: Roserade
|-damage|p1a: Roserade|0 fnt
|-unboost|p2a: Darmanitan|atk|1
|-unboost|p2a: Darmanitan|def|1
|faint|p1a: Roserade
|
|
|switch|p1a: Absol|Absol, M|93\/271
|-formechange|p1a: Absol|Absol-Mega
|turn|33
|
|move|p2a: Darmanitan|Superpower|p1a: Absol
|-supereffective|p1a: Absol
|-damage|p1a: Absol|0 fnt
|-unboost|p2a: Darmanitan|atk|1
|-unboost|p2a: Darmanitan|def|1
|faint|p1a: Absol
|
|leave|PSYCHOTIC FT RT
|player|p1
|join|not bleve
|leave|not bleve
|-message|psychoticftrt lost due to inactivity.
|
|win|TheAmphy
|raw|Ladder updating...