|join|Hogback_fosh_men
|join|TheAmphy
|player|p1|Hogback_fosh_men|102
|player|p2|TheAmphy|286
|gametype|singles
|gen|6
|tier|UU
|rated
|rule|Sleep Clause Mod: Limit one foe put to sleep
|rule|Species Clause: Limit one of each Pokemon
|rule|OHKO Clause: OHKO moves are banned
|rule|Moody Clause: Moody is banned
|rule|Evasion Moves Clause: Evasion moves are banned
|rule|Endless Battle Clause: Forcing endless battles is banned.
|rule|HP Percentage Mod: HP is reported as percentages
|clearpoke
|poke|p1|Ampharos, F, shiny
|poke|p1|Empoleon, M
|poke|p1|Florges, F, shiny
|poke|p1|Arcanine, F
|poke|p1|Porygon-Z
|poke|p1|Shaymin, shiny
|poke|p2|Rotom-Heat
|poke|p2|Quagsire, M
|poke|p2|Roserade, F
|poke|p2|Mienshao, F
|poke|p2|Forretress, M
|poke|p2|Honchkrow, M
|teampreview
|
|start
|switch|p1a: Amphy|Ampharos, F, shiny|384\/384
|switch|p2a: Mienshao|Mienshao, F|271\/271
|turn|1
|
|switch|p1a: ULikemysmell?|Florges, F, shiny|360\/360
|move|p2a: Mienshao|High Jump Kick|p1a: ULikemysmell?
|-resisted|p1a: ULikemysmell?
|-damage|p1a: ULikemysmell?|225\/360
|
|-heal|p1a: ULikemysmell?|247\/360|[from] item: Leftovers
|turn|2
|
|switch|p2a: Forretress|Forretress, M|354\/354
|switch|p1a: Arcanine|Arcanine, F|372\/372
|-ability|p1a: Arcanine|Intimidate|[of] p2a: Forretress
|-unboost|p2a: Forretress|atk|1
|
|turn|3
|
|switch|p2a: Rotom-Heat|Rotom-Heat|303\/303
|move|p1a: Arcanine|Flamethrower|p2a: Rotom-Heat
|-resisted|p2a: Rotom-Heat
|-damage|p2a: Rotom-Heat|261\/303
|
|-heal|p2a: Rotom-Heat|279\/303|[from] item: Leftovers
|turn|4
|
|move|p1a: Arcanine|Snarl|p2a: Rotom-Heat
|-damage|p2a: Rotom-Heat|246\/303
|-unboost|p2a: Rotom-Heat|spa|1
|move|p2a: Rotom-Heat|Volt Switch|p1a: Arcanine
|-damage|p1a: Arcanine|315\/372
|
|switch|p2a: Quagsire|Quagsire, M|393\/393
|
|-heal|p1a: Arcanine|338\/372|[from] item: Leftovers
|turn|5
|
|switch|p1a: Shaymin|Shaymin, shiny|342\/342
|move|p2a: Quagsire|Toxic|p1a: Shaymin
|-status|p1a: Shaymin|tox
|
|-damage|p1a: Shaymin|321\/342 tox|[from] psn
|turn|6
|
|switch|p2a: Rotom-Heat|Rotom-Heat|246\/303
|move|p1a: Shaymin|Air Slash|p2a: Rotom-Heat
|-resisted|p2a: Rotom-Heat
|-damage|p2a: Rotom-Heat|208\/303
|-damage|p1a: Shaymin|287\/342 tox|[from] item: Life Orb
|
|-heal|p2a: Rotom-Heat|226\/303|[from] item: Leftovers
|-damage|p1a: Shaymin|245\/342 tox|[from] psn
|turn|7
|
|switch|p1a: Amphy|Ampharos, F, shiny|384\/384
|move|p2a: Rotom-Heat|Volt Switch|p1a: Amphy
|-resisted|p1a: Amphy
|-damage|p1a: Amphy|342\/384
|
|switch|p2a: Mienshao|Mienshao, F|271\/271
|
|turn|8
|
|switch|p1a: Arcanine|Arcanine, F|338\/372
|-ability|p1a: Arcanine|Intimidate|[of] p2a: Mienshao
|-unboost|p2a: Mienshao|atk|1
|move|p2a: Mienshao|Poison Jab|p1a: Arcanine
|-damage|p1a: Arcanine|274\/372
|
|-heal|p1a: Arcanine|297\/372|[from] item: Leftovers
|turn|9
|
|switch|p2a: Quagsire|Quagsire, M|393\/393
|move|p1a: Arcanine|Snarl|p2a: Quagsire
|-damage|p2a: Quagsire|330\/393
|-unboost|p2a: Quagsire|spa|1
|
|-heal|p1a: Arcanine|320\/372|[from] item: Leftovers
|-heal|p2a: Quagsire|354\/393|[from] item: Leftovers
|turn|10
|
|switch|p1a: NotsoHappyfeet|Empoleon, M|365\/365
|move|p2a: Quagsire|Earthquake|p1a: NotsoHappyfeet
|-supereffective|p1a: NotsoHappyfeet
|-damage|p1a: NotsoHappyfeet|135\/365
|
|-heal|p1a: NotsoHappyfeet|157\/365|[from] item: Leftovers
|-heal|p2a: Quagsire|378\/393|[from] item: Leftovers
|turn|11
|
|move|p1a: NotsoHappyfeet|Stealth Rock|p2a: Quagsire
|-sidestart|p2: TheAmphy|move: Stealth Rock
|move|p2a: Quagsire|Earthquake|p1a: NotsoHappyfeet
|-supereffective|p1a: NotsoHappyfeet
|-damage|p1a: NotsoHappyfeet|0 fnt
|faint|p1a: NotsoHappyfeet
|
|-heal|p2a: Quagsire|393\/393|[from] item: Leftovers
|
|switch|p1a: Condom|Porygon-Z|312\/312
|-boost|p1a: Condom|spa|1|[from] ability: Download
|turn|12
|
|move|p1a: Condom|Tri Attack|p2a: Quagsire
|-damage|p2a: Quagsire|146\/393
|move|p2a: Quagsire|Toxic|p1a: Condom
|-status|p1a: Condom|tox
|
|-heal|p2a: Quagsire|170\/393|[from] item: Leftovers
|-damage|p1a: Condom|293\/312 tox|[from] psn
|turn|13
|
|switch|p2a: Forretress|Forretress, M|354\/354
|-damage|p2a: Forretress|310\/354|[from] Stealth Rock
|move|p1a: Condom|Tri Attack|p2a: Forretress
|-resisted|p2a: Forretress
|-damage|p2a: Forretress|142\/354
|
|-heal|p2a: Forretress|164\/354|[from] item: Leftovers
|-damage|p1a: Condom|255\/312 tox|[from] psn
|turn|14
|
|move|p1a: Condom|Tri Attack|p2a: Forretress
|-resisted|p2a: Forretress
|-damage|p2a: Forretress|0 fnt
|faint|p2a: Forretress
|
|-damage|p1a: Condom|198\/312 tox|[from] psn
|
|switch|p2a: Mienshao|Mienshao, F|271\/271
|-damage|p2a: Mienshao|255\/271|[from] Stealth Rock
|turn|15
|
|switch|p1a: Arcanine|Arcanine, F|320\/372
|-ability|p1a: Arcanine|Intimidate|[of] p2a: Mienshao
|-unboost|p2a: Mienshao|atk|1
|move|p2a: Mienshao|U-turn|p1a: Arcanine
|-resisted|p1a: Arcanine
|-damage|p1a: Arcanine|294\/372
|
|switch|p2a: Quagsire|Quagsire, M|170\/393
|-damage|p2a: Quagsire|146\/393|[from] Stealth Rock
|
|-heal|p1a: Arcanine|317\/372|[from] item: Leftovers
|-heal|p2a: Quagsire|170\/393|[from] item: Leftovers
|turn|16
|
|move|p1a: Arcanine|Will-O-Wisp|p2a: Quagsire
|-status|p2a: Quagsire|brn
|move|p2a: Quagsire|Recover|p2a: Quagsire
|-heal|p2a: Quagsire|367\/393 brn
|
|-heal|p1a: Arcanine|340\/372|[from] item: Leftovers
|-heal|p2a: Quagsire|391\/393 brn|[from] item: Leftovers
|-damage|p2a: Quagsire|342\/393 brn|[from] brn
|turn|17
|
|switch|p1a: Shaymin|Shaymin, shiny|245\/342
|move|p2a: Quagsire|Toxic|p1a: Shaymin
|-status|p1a: Shaymin|tox
|
|-heal|p2a: Quagsire|366\/393 brn|[from] item: Leftovers
|-damage|p1a: Shaymin|224\/342 tox|[from] psn
|-damage|p2a: Quagsire|317\/393 brn|[from] brn
|turn|18
|
|switch|p2a: Rotom-Heat|Rotom-Heat|226\/303
|-damage|p2a: Rotom-Heat|151\/303|[from] Stealth Rock
|move|p1a: Shaymin|Seed Flare|p2a: Rotom-Heat|[miss]
|-miss|p1a: Shaymin|p2a: Rotom-Heat
|
|-heal|p2a: Rotom-Heat|169\/303|[from] item: Leftovers
|-damage|p1a: Shaymin|182\/342 tox|[from] psn
|turn|19
|
|switch|p1a: Amphy|Ampharos, F, shiny|342\/384
|move|p2a: Rotom-Heat|Pain Split|p1a: Amphy
|-sethp|p1a: Amphy|255\/384|p2a: Rotom-Heat|255\/303|[from] move: Pain Split
|
|-heal|p2a: Rotom-Heat|273\/303|[from] item: Leftovers
|turn|20
|
|-formechange|p1a: Amphy|Ampharos-Mega
|message|Ampharos has Mega Evolved into Mega Ampharos!
|-ability|p1a: Amphy|Mold Breaker
|move|p2a: Rotom-Heat|Will-O-Wisp|p1a: Amphy
|-status|p1a: Amphy|brn
|move|p1a: Amphy|Dragon Pulse|p2a: Rotom-Heat
|-damage|p2a: Rotom-Heat|144\/303
|
|-heal|p2a: Rotom-Heat|162\/303|[from] item: Leftovers
|-damage|p1a: Amphy|207\/384 brn|[from] brn
|turn|21
|
|move|p2a: Rotom-Heat|Overheat|p1a: Amphy
|-resisted|p1a: Amphy
|-damage|p1a: Amphy|132\/384 brn
|-unboost|p2a: Rotom-Heat|spa|2
|move|p1a: Amphy|Dragon Pulse|p2a: Rotom-Heat
|-crit|p2a: Rotom-Heat
|-damage|p2a: Rotom-Heat|0 fnt
|faint|p2a: Rotom-Heat
|
|-damage|p1a: Amphy|84\/384 brn|[from] brn
|
|switch|p2a: Roserade|Roserade, F|262\/262
|-damage|p2a: Roserade|230\/262|[from] Stealth Rock
|turn|22
|
|move|p2a: Roserade|Sludge Bomb|p1a: Amphy
|-damage|p1a: Amphy|0 fnt
|-damage|p2a: Roserade|204\/262|[from] item: Life Orb
|faint|p1a: Amphy
|
|
|switch|p1a: Condom|Porygon-Z|198\/312 tox
|-boost|p1a: Condom|atk|1|[from] ability: Download
|turn|23
|
|move|p1a: Condom|Psyshock|p2a: Roserade
|-supereffective|p2a: Roserade
|-damage|p2a: Roserade|0 fnt
|faint|p2a: Roserade
|
|-damage|p1a: Condom|179\/312 tox|[from] psn
|
|switch|p2a: Honchkrow|Honchkrow, M|341\/341
|-damage|p2a: Honchkrow|256\/341|[from] Stealth Rock
|turn|24
|
|move|p2a: Honchkrow|Pursuit|p1a: Condom|[from]Pursuit
|-damage|p1a: Condom|0 fnt
|-damage|p2a: Honchkrow|222\/341|[from] item: Life Orb
|faint|p1a: Condom
|-boost|p2a: Honchkrow|atk|1|[from] ability: Moxie
|
|
|switch|p1a: Arcanine|Arcanine, F|340\/372
|-ability|p1a: Arcanine|Intimidate|[of] p2a: Honchkrow
|-unboost|p2a: Honchkrow|atk|1
|turn|25
|
|switch|p2a: Quagsire|Quagsire, M|317\/393 brn
|-damage|p2a: Quagsire|293\/393 brn|[from] Stealth Rock
|move|p1a: Arcanine|Flamethrower|p2a: Quagsire
|-resisted|p2a: Quagsire
|-damage|p2a: Quagsire|212\/393 brn
|
|-heal|p1a: Arcanine|363\/372|[from] item: Leftovers
|-heal|p2a: Quagsire|236\/393 brn|[from] item: Leftovers
|-damage|p2a: Quagsire|187\/393 brn|[from] brn
|turn|26
|
|switch|p1a: Shaymin|Shaymin, shiny|182\/342
|move|p2a: Quagsire|Recover|p2a: Quagsire
|-heal|p2a: Quagsire|384\/393 brn
|
|-heal|p2a: Quagsire|393\/393 brn|[from] item: Leftovers
|-damage|p2a: Quagsire|344\/393 brn|[from] brn
|turn|27
|-message|TheAmphy forfeited.
|
|win|Hogback_fosh_men
|raw|Ladder updating...
|leave|TheAmphy
|player|p2
|raw|Hogback_fosh_men's rating: 1479 &rarr; <strong>1500<\/strong><br \/>(+21 for winning)
|raw|TheAmphy's rating: 1510 &rarr; <strong>1488<\/strong><br \/>(-22 for losing)