|join|freereuniclus
|join|TheAmphy
|player|p1|freereuniclus|54
|player|p2|TheAmphy|286
|gametype|singles
|gen|6
|tier|UU
|rated
|rule|Sleep Clause Mod: Limit one foe put to sleep
|rule|Species Clause: Limit one of each Pokemon
|rule|OHKO Clause: OHKO moves are banned
|rule|Moody Clause: Moody is banned
|rule|Evasion Moves Clause: Evasion moves are banned
|rule|Endless Battle Clause: Forcing endless battles is banned.
|rule|HP Percentage Mod: HP is reported as percentages
|clearpoke
|poke|p1|Reuniclus, F
|poke|p1|Whimsicott, F
|poke|p1|Victini
|poke|p1|Snorlax, F
|poke|p1|Krookodile, F
|poke|p1|Nidoqueen, F
|poke|p2|Rotom-Heat
|poke|p2|Quagsire, M
|poke|p2|Roserade, M
|poke|p2|Mienshao, F
|poke|p2|Forretress, M
|poke|p2|Honchkrow, F
|teampreview
|
|start
|switch|p1a: Faint|Nidoqueen, F|369\/369
|switch|p2a: Mienshao|Mienshao, F|271\/271
|turn|1
|
|move|p2a: Mienshao|U-turn|p1a: Faint
|-crit|p1a: Faint
|-resisted|p1a: Faint
|-damage|p1a: Faint|298\/369
|
|switch|p2a: Rotom-Heat|Rotom-Heat|303\/303
|move|p1a: Faint|Stealth Rock|p2a: Rotom-Heat
|-sidestart|p2: TheAmphy|move: Stealth Rock
|
|turn|2
|
|switch|p1a: PHP|Snorlax, F|523\/523
|move|p2a: Rotom-Heat|Will-O-Wisp|p1a: PHP
|-status|p1a: PHP|brn
|
|-damage|p1a: PHP|458\/523 brn|[from] brn
|turn|3
|
|move|p2a: Rotom-Heat|Volt Switch|p1a: PHP
|-damage|p1a: PHP|379\/523 brn
|
|switch|p2a: Forretress|Forretress, M|354\/354
|-damage|p2a: Forretress|310\/354|[from] Stealth Rock
|move|p1a: PHP|Fire Punch|p2a: Forretress
|-supereffective|p2a: Forretress
|-damage|p2a: Forretress|170\/354
|
|-heal|p2a: Forretress|192\/354|[from] item: Leftovers
|-damage|p1a: PHP|314\/523 brn|[from] brn
|turn|4
|
|move|p2a: Forretress|Rapid Spin|p1a: PHP
|-crit|p1a: PHP
|-damage|p1a: PHP|288\/523 brn
|-sideend|p2: TheAmphy|Stealth Rock|[from] move: Rapid Spin|[of] p2a: Forretress
|move|p1a: PHP|Fire Punch|p2a: Forretress
|-supereffective|p2a: Forretress
|-damage|p2a: Forretress|36\/354
|
|-heal|p2a: Forretress|58\/354|[from] item: Leftovers
|-damage|p1a: PHP|223\/523 brn|[from] brn
|turn|5
|
|move|p2a: Forretress|Stealth Rock|p1a: PHP
|-sidestart|p1: freereuniclus|move: Stealth Rock
|move|p1a: PHP|Fire Punch|p2a: Forretress
|-supereffective|p2a: Forretress
|-damage|p2a: Forretress|0 fnt
|faint|p2a: Forretress
|
|-damage|p1a: PHP|158\/523 brn|[from] brn
|
|switch|p2a: Honchkrow|Honchkrow, F|341\/341
|turn|6
|
|move|p2a: Honchkrow|Pursuit|p1a: PHP
|-damage|p1a: PHP|5\/523 brn
|-damage|p2a: Honchkrow|307\/341|[from] item: Life Orb
|move|p1a: PHP|Fire Punch|p2a: Honchkrow
|-damage|p2a: Honchkrow|198\/341
|
|-damage|p1a: PHP|0 fnt|[from] brn
|faint|p1a: PHP
|chat|TheAmphy|fuck
|
|switch|p1a: Haruno|Whimsicott, F|319\/319
|-damage|p1a: Haruno|280\/319|[from] Stealth Rock
|turn|7
|
|switch|p2a: Roserade|Roserade, M|262\/262
|move|p1a: Haruno|Moonblast|p2a: Roserade
|-resisted|p2a: Roserade
|-damage|p2a: Roserade|201\/262
|-damage|p1a: Haruno|249\/319|[from] item: Life Orb
|
|turn|8
|chat|TheAmphy|never seen that before, creative :)
|
|move|p1a: Haruno|Moonblast|p2a: Roserade
|-resisted|p2a: Roserade
|-damage|p2a: Roserade|145\/262
|-damage|p1a: Haruno|218\/319|[from] item: Life Orb
|move|p2a: Roserade|Sludge Bomb|p1a: Haruno
|-supereffective|p1a: Haruno
|-damage|p1a: Haruno|0 fnt
|-damage|p2a: Roserade|119\/262|[from] item: Life Orb
|faint|p1a: Haruno
|
|
|switch|p1a: CHAMPION LANCE|Victini|341\/341
|-damage|p1a: CHAMPION LANCE|256\/341|[from] Stealth Rock
|turn|9
|
|switch|p2a: Quagsire|Quagsire, M|393\/393
|move|p1a: CHAMPION LANCE|Psychic|p2a: Quagsire
|-damage|p2a: Quagsire|150\/393
|-damage|p1a: CHAMPION LANCE|222\/341|[from] item: Life Orb
|
|-heal|p2a: Quagsire|174\/393|[from] item: Leftovers
|turn|10
|
|switch|p2a: Rotom-Heat|Rotom-Heat|303\/303
|move|p1a: CHAMPION LANCE|Grass Knot|p2a: Rotom-Heat
|-resisted|p2a: Rotom-Heat
|-damage|p2a: Rotom-Heat|294\/303
|-damage|p1a: CHAMPION LANCE|188\/341|[from] item: Life Orb
|
|-heal|p2a: Rotom-Heat|303\/303|[from] item: Leftovers
|turn|11
|
|move|p1a: CHAMPION LANCE|Psychic|p2a: Rotom-Heat
|-damage|p2a: Rotom-Heat|181\/303
|-damage|p1a: CHAMPION LANCE|154\/341|[from] item: Life Orb
|move|p2a: Rotom-Heat|Will-O-Wisp|p1a: CHAMPION LANCE
|-fail|p1a: CHAMPION LANCE
|
|-heal|p2a: Rotom-Heat|199\/303|[from] item: Leftovers
|turn|12
|
|move|p1a: CHAMPION LANCE|V-create|p2a: Rotom-Heat
|-resisted|p2a: Rotom-Heat
|-damage|p2a: Rotom-Heat|63\/303
|-unboost|p1a: CHAMPION LANCE|def|1
|-unboost|p1a: CHAMPION LANCE|spd|1
|-unboost|p1a: CHAMPION LANCE|spe|1
|-damage|p1a: CHAMPION LANCE|120\/341|[from] item: Life Orb
|move|p2a: Rotom-Heat|Volt Switch|p1a: CHAMPION LANCE
|-damage|p1a: CHAMPION LANCE|0 fnt
|faint|p1a: CHAMPION LANCE
|
|switch|p2a: Honchkrow|Honchkrow, F|198\/341
|
|
|switch|p1a: Fireburn|Krookodile, F|331\/331
|-damage|p1a: Fireburn|311\/331|[from] Stealth Rock
|turn|13
|
|switch|p2a: Quagsire|Quagsire, M|174\/393
|move|p1a: Fireburn|Superpower|p2a: Quagsire
|-damage|p2a: Quagsire|59\/393
|-unboost|p1a: Fireburn|atk|1
|-unboost|p1a: Fireburn|def|1
|
|-heal|p2a: Quagsire|83\/393|[from] item: Leftovers
|turn|14
|
|move|p1a: Fireburn|Superpower|p2a: Quagsire
|-damage|p2a: Quagsire|0 fnt
|-unboost|p1a: Fireburn|atk|1
|-unboost|p1a: Fireburn|def|1
|faint|p2a: Quagsire
|-boost|p1a: Fireburn|atk|1|[from] ability: Moxie
|
|
|switch|p2a: Honchkrow|Honchkrow, F|198\/341
|turn|15
|
|switch|p1a: Faint|Nidoqueen, F|298\/369
|-damage|p1a: Faint|275\/369|[from] Stealth Rock
|move|p2a: Honchkrow|Roost|p2a: Honchkrow
|-heal|p2a: Honchkrow|341\/341
|
|turn|16
|
|move|p2a: Honchkrow|Sucker Punch|p1a: Faint
|-damage|p1a: Faint|53\/369
|-damage|p2a: Honchkrow|307\/341|[from] item: Life Orb
|move|p1a: Faint|Sludge Wave|p2a: Honchkrow
|-damage|p2a: Honchkrow|0 fnt
|faint|p2a: Honchkrow
|
|
|switch|p2a: Roserade|Roserade, M|119\/262
|turn|17
|
|move|p2a: Roserade|Sludge Bomb|p1a: Faint
|-resisted|p1a: Faint
|-damage|p1a: Faint|0 fnt
|-damage|p2a: Roserade|93\/262|[from] item: Life Orb
|faint|p1a: Faint
|
|
|switch|p1a: Fireburn|Krookodile, F|311\/331
|-damage|p1a: Fireburn|291\/331|[from] Stealth Rock
|turn|18
|
|switch|p2a: Rotom-Heat|Rotom-Heat|63\/303
|move|p1a: Fireburn|Knock Off|p2a: Rotom-Heat
|-damage|p2a: Rotom-Heat|0 fnt
|faint|p2a: Rotom-Heat
|-boost|p1a: Fireburn|atk|1|[from] ability: Moxie
|
|
|switch|p2a: Mienshao|Mienshao, F|271\/271
|turn|19
|
|move|p2a: Mienshao|High Jump Kick|p1a: Fireburn
|-supereffective|p1a: Fireburn
|-damage|p1a: Fireburn|0 fnt
|faint|p1a: Fireburn
|
|
|switch|p1a: Based Tesung|Reuniclus, F|423\/423
|turn|20
|
|move|p2a: Mienshao|High Jump Kick|p1a: Based Tesung
|-resisted|p1a: Based Tesung
|-damage|p1a: Based Tesung|318\/423
|move|p1a: Based Tesung|Calm Mind|p1a: Based Tesung
|-boost|p1a: Based Tesung|spa|1
|-boost|p1a: Based Tesung|spd|1
|
|-heal|p1a: Based Tesung|344\/423|[from] item: Leftovers
|turn|21
|
|switch|p2a: Roserade|Roserade, M|93\/262
|move|p1a: Based Tesung|Recover|p1a: Based Tesung
|-heal|p1a: Based Tesung|423\/423
|
|turn|22
|
|move|p2a: Roserade|Sleep Powder|p1a: Based Tesung
|-status|p1a: Based Tesung|slp
|cant|p1a: Based Tesung|slp
|
|turn|23
|
|move|p2a: Roserade|Sludge Bomb|p1a: Based Tesung
|-damage|p1a: Based Tesung|267\/423 slp
|-damage|p2a: Roserade|67\/262|[from] item: Life Orb
|-curestatus|p1a: Based Tesung|slp
|move|p1a: Based Tesung|Psyshock|p2a: Roserade
|-supereffective|p2a: Roserade
|-damage|p2a: Roserade|0 fnt
|faint|p2a: Roserade
|
|-heal|p1a: Based Tesung|293\/423|[from] item: Leftovers
|
|switch|p2a: Mienshao|Mienshao, F|271\/271
|turn|24
|chat|freereuniclus|win or lose, that was intense X_X
|
|move|p2a: Mienshao|Knock Off|p1a: Based Tesung
|-supereffective|p1a: Based Tesung
|-damage|p1a: Based Tesung|95\/423
|-enditem|p1a: Based Tesung|Leftovers|[from] move: Knock Off|[of] p2a: Mienshao
|move|p1a: Based Tesung|Psyshock|p2a: Mienshao
|-supereffective|p2a: Mienshao
|-damage|p2a: Mienshao|0 fnt
|faint|p2a: Mienshao
|
|win|freereuniclus
|raw|Ladder updating...
|raw|freereuniclus's rating: 1636 &rarr; <strong>1645<\/strong><br \/>(+9 for winning)
|raw|TheAmphy's rating: 1419 &rarr; <strong>1410<\/strong><br \/>(-9 for losing)
|chat|TheAmphy|gg
|chat|freereuniclus|gg
|leave|TheAmphy