|join|CykoMore
|join|TheAmphy
|player|p1|CykoMore|149
|player|p2|TheAmphy|146
|gametype|singles
|gen|6
|tier|UU
|rated
|rule|Sleep Clause Mod: Limit one foe put to sleep
|rule|Species Clause: Limit one of each PokÃ©mon
|rule|OHKO Clause: OHKO moves are banned
|rule|Moody Clause: Moody is banned
|rule|Evasion Moves Clause: Evasion moves are banned
|rule|Endless Battle Clause: Forcing endless battles is banned
|rule|HP Percentage Mod: HP is shown in percentages
|clearpoke
|poke|p1|Reuniclus, M
|poke|p1|Machamp, M
|poke|p1|Porygon2
|poke|p1|Diancie
|poke|p1|Doublade, F
|poke|p1|Blastoise, F
|poke|p2|Crobat, F
|poke|p2|Ampharos, F
|poke|p2|Infernape, M
|poke|p2|Umbreon, F
|poke|p2|Nidoqueen, F
|poke|p2|Arcanine, M
|rule|Swagger Clause: Swagger is banned
|rule|Baton Pass Clause: Limit one PokÃ©mon knowing Baton Pass
|teampreview
|
|start
|switch|p1a: Machamp|Machamp, M|384\/384
|switch|p2a: Amphabulous|Ampharos, F|354\/354
|turn|1
|
|detailschange|p2a: Amphabulous|Ampharos-Mega, F
|message|Ampharos has Mega Evolved into Mega Ampharos!
|-ability|p2a: Amphabulous|Mold Breaker
|move|p2a: Amphabulous|Volt Switch|p1a: Machamp
|-damage|p1a: Machamp|267\/384
|
|switch|p2a: MILF|Nidoqueen, F|353\/353
|move|p1a: Machamp|Ice Punch|p2a: MILF
|-supereffective|p2a: MILF
|-damage|p2a: MILF|125\/353
|
|turn|2
|
|switch|p2a: The Hound|Arcanine, M|383\/383
|-ability|p2a: The Hound|Intimidate|[of] p1a: Machamp
|-unboost|p1a: Machamp|atk|1
|move|p1a: Machamp|Ice Punch|p2a: The Hound
|-resisted|p2a: The Hound
|-damage|p2a: The Hound|354\/383
|-status|p2a: The Hound|frz
|
|-heal|p2a: The Hound|377\/383 frz|[from] item: Leftovers
|turn|3
|
|switch|p1a: Blastoise|Blastoise, F|362\/362
|cant|p2a: The Hound|frz
|
|-heal|p2a: The Hound|383\/383 frz|[from] item: Leftovers
|turn|4
|
|switch|p2a: Amphabulous|Ampharos-Mega, F|354\/354
|-ability|p2a: Amphabulous|Mold Breaker
|switch|p1a: Machamp|Machamp, M|267\/384
|
|turn|5
|join|Sacri'
|
|move|p2a: Amphabulous|Volt Switch|p1a: Machamp
|-damage|p1a: Machamp|149\/384
|
|switch|p2a: The Hound|Arcanine, M|383\/383 frz
|-ability|p2a: The Hound|Intimidate|[of] p1a: Machamp
|-unboost|p1a: Machamp|atk|1
|move|p1a: Machamp|Close Combat|p2a: The Hound
|-damage|p2a: The Hound|244\/383 frz
|-unboost|p1a: Machamp|def|1
|-unboost|p1a: Machamp|spd|1
|
|-heal|p2a: The Hound|267\/383 frz|[from] item: Leftovers
|turn|6
|
|switch|p2a: MILF|Nidoqueen, F|125\/353
|move|p1a: Machamp|Knock Off|p2a: MILF
|-damage|p2a: MILF|31\/353
|-enditem|p2a: MILF|Life Orb|[from] move: Knock Off|[of] p1a: Machamp
|
|turn|7
|
|move|p1a: Machamp|Bullet Punch|p2a: MILF
|-damage|p2a: MILF|0 fnt
|faint|p2a: MILF
|
|c| Sacri'|Parfait. :v
|
|switch|p2a: Amphabulous|Ampharos-Mega, F|354\/354
|-ability|p2a: Amphabulous|Mold Breaker
|turn|8
|c| Sacri'|J'oublie toujours qu'il a Ã§a. :v
|
|switch|p1a: Porygon2|Porygon2|374\/374
|-boost|p1a: Porygon2|atk|1|[from] ability: Download
|move|p2a: Amphabulous|Thunderbolt|p1a: Porygon2
|-damage|p1a: Porygon2|239\/374
|
|turn|9
|
|move|p2a: Amphabulous|Thunderbolt|p1a: Porygon2
|-damage|p1a: Porygon2|91\/374
|move|p1a: Porygon2|Recover|p1a: Porygon2
|-heal|p1a: Porygon2|278\/374
|
|turn|10
|
|switch|p2a: To The Moon|Umbreon, F|394\/394
|move|p1a: Porygon2|Trick Room|p1a: Porygon2
|-fieldstart|move: Trick Room|[of] p1a: Porygon2
|
|turn|11
|
|switch|p1a: Machamp|Machamp, M|149\/384
|move|p2a: To The Moon|Heal Bell|p2a: To The Moon
|-cureteam|p2a: To The Moon|[from] move: HealBell
|
|turn|12
|c| Sacri'|Tss
|c| Sacri'|Pas le spA boost
|c| Sacri'|):
|
|move|p2a: To The Moon|Protect|p2a: To The Moon
|-singleturn|p2a: To The Moon|Protect
|move|p1a: Machamp|Ice Punch|p2a: To The Moon
|-activate|p2a: To The Moon|Protect
|
|turn|13
|
|switch|p2a: The Hound|Arcanine, M|267\/383
|-ability|p2a: The Hound|Intimidate|[of] p1a: Machamp
|-unboost|p1a: Machamp|atk|1
|move|p1a: Machamp|Close Combat|p2a: The Hound
|-damage|p2a: The Hound|129\/383
|-unboost|p1a: Machamp|def|1
|-unboost|p1a: Machamp|spd|1
|
|-heal|p2a: The Hound|152\/383|[from] item: Leftovers
|turn|14
|
|switch|p1a: Reuniclus|Reuniclus, M|424\/424
|move|p2a: The Hound|Will-O-Wisp|p1a: Reuniclus
|-status|p1a: Reuniclus|brn
|
|-heal|p2a: The Hound|175\/383|[from] item: Leftovers
|-fieldend|move: Trick Room
|turn|15
|
|move|p2a: The Hound|Morning Sun|p2a: The Hound
|-heal|p2a: The Hound|366\/383
|move|p1a: Reuniclus|Trick Room|p1a: Reuniclus
|-fieldstart|move: Trick Room|[of] p1a: Reuniclus
|
|-heal|p2a: The Hound|383\/383|[from] item: Leftovers
|turn|16
|
|switch|p2a: To The Moon|Umbreon, F|394\/394
|move|p1a: Reuniclus|Focus Blast|p2a: To The Moon
|-supereffective|p2a: To The Moon
|-damage|p2a: To The Moon|150\/394
|
|-heal|p2a: To The Moon|174\/394|[from] item: Leftovers
|turn|17
|
|move|p2a: To The Moon|Protect|p2a: To The Moon
|-singleturn|p2a: To The Moon|Protect
|move|p1a: Reuniclus|Focus Blast|p2a: To The Moon
|-activate|p2a: To The Moon|Protect
|
|-heal|p2a: To The Moon|198\/394|[from] item: Leftovers
|turn|18
|c| Sacri'|Yeah
|
|move|p1a: Reuniclus|Psyshock|p2a: To The Moon
|-immune|p2a: To The Moon|[msg]
|move|p2a: To The Moon|Foul Play|p1a: Reuniclus
|-supereffective|p1a: Reuniclus
|-damage|p1a: Reuniclus|238\/424 brn
|
|-heal|p2a: To The Moon|222\/394|[from] item: Leftovers
|turn|19
|
|move|p1a: Reuniclus|Focus Blast|p2a: To The Moon
|-supereffective|p2a: To The Moon
|-damage|p2a: To The Moon|0 fnt
|faint|p2a: To The Moon
|
|-fieldend|move: Trick Room
|
|switch|p2a: Amphabulous|Ampharos-Mega, F|354\/354
|-ability|p2a: Amphabulous|Mold Breaker
|turn|20
|
|move|p2a: Amphabulous|Thunderbolt|p1a: Reuniclus
|-damage|p1a: Reuniclus|0 fnt
|faint|p1a: Reuniclus
|
|
|switch|p1a: Diancie|Diancie|304\/304
|turn|21
|c| Sacri'|God
|
|move|p2a: Amphabulous|Volt Switch|p1a: Diancie
|-damage|p1a: Diancie|186\/304
|c| Sacri'|Ce truc fait trop mal
|
|switch|p2a: Brobat|Crobat, F|353\/353
|move|p1a: Diancie|Trick Room|p1a: Diancie
|-fieldstart|move: Trick Room|[of] p1a: Diancie
|
|turn|22
|
|move|p1a: Diancie|Diamond Storm|p2a: Brobat
|-supereffective|p2a: Brobat
|-damage|p2a: Brobat|81\/353
|move|p2a: Brobat|Roost|p2a: Brobat
|-heal|p2a: Brobat|258\/353
|
|-heal|p2a: Brobat|280\/353|[from] item: Black Sludge
|turn|23
|
|move|p1a: Diancie|Diamond Storm|p2a: Brobat
|-supereffective|p2a: Brobat
|-damage|p2a: Brobat|0 fnt
|-boost|p1a: Diancie|def|1
|faint|p2a: Brobat
|
|
|switch|p2a: Infernape|Infernape, M|293\/293
|turn|24
|
|move|p1a: Diancie|Moonblast|p2a: Infernape
|-damage|p2a: Infernape|67\/293
|move|p2a: Infernape|Grass Knot|p1a: Diancie
|-supereffective|p1a: Diancie
|-damage|p1a: Diancie|152\/304
|-enditem|p1a: Diancie|Weakness Policy
|-boost|p1a: Diancie|atk|2|[from] item: Weakness Policy
|-boost|p1a: Diancie|spa|2|[from] item: Weakness Policy
|-damage|p2a: Infernape|38\/293|[from] item: Life Orb
|
|turn|25
|c| Sacri'|J'ai ri
|
|move|p1a: Diancie|Diamond Storm|p2a: Infernape
|-damage|p2a: Infernape|0 fnt
|faint|p2a: Infernape
|
|-fieldend|move: Trick Room
|
|switch|p2a: Amphabulous|Ampharos-Mega, F|354\/354
|-ability|p2a: Amphabulous|Mold Breaker
|turn|26
|
|move|p2a: Amphabulous|Thunderbolt|p1a: Diancie
|-damage|p1a: Diancie|13\/304
|-status|p1a: Diancie|par
|move|p1a: Diancie|Trick Room|p1a: Diancie
|-fieldstart|move: Trick Room|[of] p1a: Diancie
|
|turn|27
|
|move|p1a: Diancie|Moonblast|p2a: Amphabulous
|-supereffective|p2a: Amphabulous
|-damage|p2a: Amphabulous|0 fnt
|faint|p2a: Amphabulous
|
|-message|TheAmphy forfeited.
|
|win|CykoMore
|raw|Ladder updating...
|raw|CykoMore's rating: 1568 &rarr; <strong>1580<\/strong><br \/>(+12 for winning)
|raw|TheAmphy's rating: 1420 &rarr; <strong>1408<\/strong><br \/>(-12 for losing)
|leave|TheAmphy
|player|p2
|leave|Sacri'