|join|TheAmphy
|join|chefboyardee1
|player|p1|TheAmphy|286
|player|p2|chefboyardee1|81
|gametype|singles
|gen|6
|tier|UU
|rated
|rule|Sleep Clause Mod: Limit one foe put to sleep
|rule|Species Clause: Limit one of each Pokemon
|rule|OHKO Clause: OHKO moves are banned
|rule|Moody Clause: Moody is banned
|rule|Evasion Moves Clause: Evasion moves are banned
|rule|Endless Battle Clause: Forcing endless battles is banned.
|rule|HP Percentage Mod: HP is reported as percentages
|clearpoke
|poke|p1|Chandelure, F, shiny
|poke|p1|Mienshao, F
|poke|p1|Nidoking, M, shiny
|poke|p1|Empoleon, F
|poke|p1|Chesnaught, M
|poke|p1|Umbreon, F
|poke|p2|Meloetta, shiny
|poke|p2|Heracross, M
|poke|p2|Chesnaught, F, shiny
|poke|p2|Vaporeon, F
|poke|p2|Blastoise, F
|poke|p2|Nidoqueen, F
|teampreview
|
|start
|switch|p1a: Mienshao|Mienshao, F|271\/271
|switch|p2a: Nidoqueen|Nidoqueen, F|383\/383
|turn|1
|
|move|p1a: Mienshao|U-turn|p2a: Nidoqueen
|-resisted|p2a: Nidoqueen
|-damage|p2a: Nidoqueen|319\/383
|
|switch|p1a: Umbreon|Umbreon, F|394\/394
|move|p2a: Nidoqueen|Stealth Rock|p1a: Umbreon
|-sidestart|p1: TheAmphy|move: Stealth Rock
|
|-heal|p2a: Nidoqueen|342\/383|[from] item: Black Sludge
|turn|2
|
|move|p2a: Nidoqueen|Poison Jab|p1a: Umbreon
|-damage|p1a: Umbreon|318\/394
|move|p1a: Umbreon|Wish|p1a: Umbreon
|
|-heal|p2a: Nidoqueen|365\/383|[from] item: Black Sludge
|-heal|p1a: Umbreon|342\/394|[from] item: Leftovers
|turn|3
|
|switch|p1a: Nidoking|Nidoking, M, shiny|304\/304
|-damage|p1a: Nidoking|285\/304|[from] Stealth Rock
|move|p2a: Nidoqueen|Roar|p1a: Nidoking
|drag|p1a: Umbreon|Umbreon, F|342\/394
|-damage|p1a: Umbreon|293\/394|[from] Stealth Rock
|
|-heal|p1a: Umbreon|394\/394|[from] move: Wish|[wisher] Umbreon
|-heal|p2a: Nidoqueen|383\/383|[from] item: Black Sludge
|turn|4
|
|move|p2a: Nidoqueen|Earthquake|p1a: Umbreon
|-damage|p1a: Umbreon|289\/394
|move|p1a: Umbreon|Wish|p1a: Umbreon
|
|-heal|p1a: Umbreon|313\/394|[from] item: Leftovers
|turn|5
|
|move|p2a: Nidoqueen|Earthquake|p1a: Umbreon
|-damage|p1a: Umbreon|220\/394
|move|p1a: Umbreon|Foul Play|p2a: Nidoqueen
|-damage|p2a: Nidoqueen|260\/383
|
|-heal|p1a: Umbreon|394\/394|[from] move: Wish|[wisher] Umbreon
|-heal|p2a: Nidoqueen|283\/383|[from] item: Black Sludge
|turn|6
|
|move|p2a: Nidoqueen|Poison Jab|p1a: Umbreon
|-damage|p1a: Umbreon|319\/394
|-status|p1a: Umbreon|psn
|move|p1a: Umbreon|Wish|p1a: Umbreon
|
|-heal|p2a: Nidoqueen|306\/383|[from] item: Black Sludge
|-heal|p1a: Umbreon|343\/394 psn|[from] item: Leftovers
|-damage|p1a: Umbreon|294\/394 psn|[from] psn
|turn|7
|
|move|p2a: Nidoqueen|Earthquake|p1a: Umbreon
|-damage|p1a: Umbreon|201\/394 psn
|move|p1a: Umbreon|Heal Bell|p1a: Umbreon
|-cureteam|p1a: Umbreon|[from] move: HealBell
|
|-heal|p1a: Umbreon|394\/394|[from] move: Wish|[wisher] Umbreon
|-heal|p2a: Nidoqueen|329\/383|[from] item: Black Sludge
|turn|8
|
|switch|p2a: Chesnaught|Chesnaught, F, shiny|379\/379
|switch|p1a: Nidoking|Nidoking, M, shiny|285\/304
|-damage|p1a: Nidoking|266\/304|[from] Stealth Rock
|
|turn|9
|
|move|p1a: Nidoking|Sludge Wave|p2a: Chesnaught
|-supereffective|p2a: Chesnaught
|-damage|p2a: Chesnaught|0 fnt
|faint|p2a: Chesnaught
|
|
|switch|p2a: Heracross|Heracross, M|321\/321
|turn|10
|
|switch|p1a: Chesnaught|Chesnaught, M|380\/380
|-damage|p1a: Chesnaught|357\/380|[from] Stealth Rock
|move|p2a: Heracross|Earthquake|p1a: Chesnaught
|-resisted|p1a: Chesnaught
|-damage|p1a: Chesnaught|318\/380
|
|-heal|p1a: Chesnaught|341\/380|[from] item: Leftovers
|turn|11
|
|switch|p2a: Meloetta|Meloetta, shiny|359\/359
|move|p1a: Chesnaught|Leech Seed|p2a: Meloetta
|-start|p2a: Meloetta|move: Leech Seed
|
|-heal|p1a: Chesnaught|364\/380|[from] item: Leftovers
|-damage|p2a: Meloetta|315\/359|[from] Leech Seed|[of] p1a: Chesnaught
|-heal|p1a: Chesnaught|380\/380|[silent]
|turn|12
|
|switch|p2a: Heracross|Heracross, M|321\/321
|switch|p1a: Empoleon|Empoleon, F|372\/372
|-damage|p1a: Empoleon|349\/372|[from] Stealth Rock
|
|-heal|p1a: Empoleon|372\/372|[from] item: Leftovers
|turn|13
|
|switch|p1a: Chesnaught|Chesnaught, M|380\/380
|-damage|p1a: Chesnaught|357\/380|[from] Stealth Rock
|move|p2a: Heracross|Megahorn|p1a: Chesnaught
|-damage|p1a: Chesnaught|206\/380
|
|-heal|p1a: Chesnaught|229\/380|[from] item: Leftovers
|turn|14
|
|switch|p2a: Meloetta|Meloetta, shiny|315\/359
|move|p1a: Chesnaught|Leech Seed|p2a: Meloetta
|-start|p2a: Meloetta|move: Leech Seed
|
|-heal|p1a: Chesnaught|252\/380|[from] item: Leftovers
|-damage|p2a: Meloetta|271\/359|[from] Leech Seed|[of] p1a: Chesnaught
|-heal|p1a: Chesnaught|296\/380|[silent]
|turn|15
|
|move|p1a: Chesnaught|Spiky Shield|p1a: Chesnaught
|-singleturn|p1a: Chesnaught|move: Protect
|move|p2a: Meloetta|Psychic|p1a: Chesnaught
|-activate|p1a: Chesnaught|move: Protect
|
|-heal|p1a: Chesnaught|319\/380|[from] item: Leftovers
|-damage|p2a: Meloetta|227\/359|[from] Leech Seed|[of] p1a: Chesnaught
|-heal|p1a: Chesnaught|363\/380|[silent]
|turn|16
|
|switch|p1a: Empoleon|Empoleon, F|372\/372
|-damage|p1a: Empoleon|349\/372|[from] Stealth Rock
|move|p2a: Meloetta|Relic Song|p1a: Empoleon
|-resisted|p1a: Empoleon
|-damage|p1a: Empoleon|304\/372
|-formechange|p2a: Meloetta|Meloetta-Pirouette
|
|-heal|p1a: Empoleon|327\/372|[from] item: Leftovers
|-damage|p2a: Meloetta|183\/359|[from] Leech Seed|[of] p1a: Empoleon
|-heal|p1a: Empoleon|371\/372|[silent]
|turn|17
|
|switch|p1a: Lumiere|Chandelure, F, shiny|261\/261
|-damage|p1a: Lumiere|196\/261|[from] Stealth Rock
|move|p2a: Meloetta|Ice Punch|p1a: Lumiere
|-resisted|p1a: Lumiere
|-damage|p1a: Lumiere|143\/261
|
|-damage|p2a: Meloetta|139\/359|[from] Leech Seed|[of] p1a: Lumiere
|-heal|p1a: Lumiere|187\/261|[silent]
|turn|18
|
|switch|p2a: Nidoqueen|Nidoqueen, F|329\/383
|move|p1a: Lumiere|Energy Ball|p2a: Nidoqueen
|-damage|p2a: Nidoqueen|244\/383
|
|-heal|p2a: Nidoqueen|267\/383|[from] item: Black Sludge
|turn|19
|
|switch|p1a: Umbreon|Umbreon, F|394\/394
|-damage|p1a: Umbreon|345\/394|[from] Stealth Rock
|move|p2a: Nidoqueen|Poison Jab|p1a: Umbreon
|-damage|p1a: Umbreon|261\/394
|
|-heal|p2a: Nidoqueen|290\/383|[from] item: Black Sludge
|-heal|p1a: Umbreon|285\/394|[from] item: Leftovers
|turn|20
|
|switch|p2a: Meloetta|Meloetta, shiny|139\/359
|move|p1a: Umbreon|Wish|p1a: Umbreon
|
|-heal|p1a: Umbreon|309\/394|[from] item: Leftovers
|turn|21
|
|move|p2a: Meloetta|Relic Song|p1a: Umbreon
|-damage|p1a: Umbreon|227\/394
|-formechange|p2a: Meloetta|Meloetta-Pirouette
|move|p1a: Umbreon|Foul Play|p2a: Meloetta
|-resisted|p2a: Meloetta
|-damage|p2a: Meloetta|39\/359
|
|-heal|p1a: Umbreon|394\/394|[from] move: Wish|[wisher] Umbreon
|turn|22
|
|move|p1a: Umbreon|Protect|p1a: Umbreon
|-singleturn|p1a: Umbreon|Protect
|move|p2a: Meloetta|Close Combat|p1a: Umbreon
|-activate|p1a: Umbreon|Protect
|
|turn|23
|
|move|p2a: Meloetta|Close Combat|p1a: Umbreon
|-supereffective|p1a: Umbreon
|-damage|p1a: Umbreon|0 fnt
|-unboost|p2a: Meloetta|def|1
|-unboost|p2a: Meloetta|spd|1
|faint|p1a: Umbreon
|
|
|switch|p1a: Lumiere|Chandelure, F, shiny|187\/261
|-damage|p1a: Lumiere|122\/261|[from] Stealth Rock
|turn|24
|
|switch|p2a: Blastoise|Blastoise, F|335\/335
|move|p1a: Lumiere|Fire Blast|p2a: Blastoise
|-resisted|p2a: Blastoise
|-damage|p2a: Blastoise|231\/335
|
|turn|25
|
|switch|p1a: Chesnaught|Chesnaught, M|363\/380
|-damage|p1a: Chesnaught|340\/380|[from] Stealth Rock
|-formechange|p2a: Blastoise|Blastoise-Mega
|message|Blastoise has Mega Evolved into Mega Blastoise!
|move|p2a: Blastoise|Dark Pulse|p1a: Chesnaught
|-resisted|p1a: Chesnaught
|-damage|p1a: Chesnaught|243\/380
|
|-heal|p1a: Chesnaught|266\/380|[from] item: Leftovers
|turn|26
|
|move|p1a: Chesnaught|Spiky Shield|p1a: Chesnaught
|-singleturn|p1a: Chesnaught|move: Protect
|move|p2a: Blastoise|Ice Beam|p1a: Chesnaught
|-activate|p1a: Chesnaught|move: Protect
|
|-heal|p1a: Chesnaught|289\/380|[from] item: Leftovers
|turn|27
|
|switch|p1a: Empoleon|Empoleon, F|371\/372
|-damage|p1a: Empoleon|348\/372|[from] Stealth Rock
|move|p2a: Blastoise|Ice Beam|p1a: Empoleon
|-resisted|p1a: Empoleon
|-damage|p1a: Empoleon|326\/372
|
|-heal|p1a: Empoleon|349\/372|[from] item: Leftovers
|turn|28
|
|move|p2a: Blastoise|Aura Sphere|p1a: Empoleon
|-supereffective|p1a: Empoleon
|-damage|p1a: Empoleon|113\/372
|move|p1a: Empoleon|Defog|p2a: Blastoise
|-unboost|p2a: Blastoise|evasion|1
|-sideend|p1: TheAmphy|Stealth Rock|[from] move: Defog|[of] p1a: Empoleon
|
|-heal|p1a: Empoleon|136\/372|[from] item: Leftovers
|turn|29
|
|move|p2a: Blastoise|Aura Sphere|p1a: Empoleon
|-supereffective|p1a: Empoleon
|-damage|p1a: Empoleon|0 fnt
|faint|p1a: Empoleon
|
|
|switch|p1a: Mienshao|Mienshao, F|271\/271
|turn|30
|
|switch|p2a: Nidoqueen|Nidoqueen, F|290\/383
|move|p1a: Mienshao|High Jump Kick|p2a: Nidoqueen
|-resisted|p2a: Nidoqueen
|-damage|p2a: Nidoqueen|83\/383
|
|-heal|p2a: Nidoqueen|106\/383|[from] item: Black Sludge
|turn|31
|
|move|p1a: Mienshao|High Jump Kick|p2a: Nidoqueen
|-resisted|p2a: Nidoqueen
|-damage|p2a: Nidoqueen|0 fnt
|-status|p1a: Mienshao|psn
|faint|p2a: Nidoqueen
|
|-damage|p1a: Mienshao|238\/271 psn|[from] psn
|
|switch|p2a: Heracross|Heracross, M|321\/321
|turn|32
|
|switch|p1a: Chesnaught|Chesnaught, M|289\/380
|move|p2a: Heracross|Close Combat|p1a: Chesnaught
|-crit|p1a: Chesnaught
|-damage|p1a: Chesnaught|61\/380
|-unboost|p2a: Heracross|def|1
|-unboost|p2a: Heracross|spd|1
|
|-heal|p1a: Chesnaught|84\/380|[from] item: Leftovers
|turn|33
|
|switch|p1a: Lumiere|Chandelure, F, shiny|122\/261
|move|p2a: Heracross|Close Combat|p1a: Lumiere
|-immune|p1a: Lumiere|[msg]
|
|turn|34
|
|switch|p2a: Meloetta|Meloetta, shiny|39\/359
|move|p1a: Lumiere|Energy Ball|p2a: Meloetta
|-damage|p2a: Meloetta|0 fnt
|faint|p2a: Meloetta
|
|
|switch|p2a: Heracross|Heracross, M|321\/321
|turn|35
|
|move|p1a: Lumiere|Energy Ball|p2a: Heracross
|-resisted|p2a: Heracross
|-damage|p2a: Heracross|263\/321
|move|p2a: Heracross|Earthquake|p1a: Lumiere
|-supereffective|p1a: Lumiere
|-damage|p1a: Lumiere|0 fnt
|faint|p1a: Lumiere
|-boost|p2a: Heracross|atk|1|[from] ability: Moxie
|
|
|switch|p1a: Chesnaught|Chesnaught, M|84\/380
|turn|36
|
|switch|p2a: Blastoise|Blastoise, F|231\/335
|-formechange|p2a: Blastoise|Blastoise-Mega
|move|p1a: Chesnaught|Spiky Shield|p1a: Chesnaught
|-fail|p1a: Chesnaught
|
|-heal|p1a: Chesnaught|107\/380|[from] item: Leftovers
|turn|37
|
|switch|p1a: Mienshao|Mienshao, F|238\/271 psn
|move|p2a: Blastoise|Ice Beam|p1a: Mienshao
|-damage|p1a: Mienshao|45\/271 psn
|
|-damage|p1a: Mienshao|12\/271 psn|[from] psn
|turn|38
|
|switch|p2a: Heracross|Heracross, M|263\/321
|move|p1a: Mienshao|High Jump Kick|p2a: Heracross
|-resisted|p2a: Heracross
|-damage|p2a: Heracross|23\/321
|
|-damage|p1a: Mienshao|0 fnt|[from] psn
|faint|p1a: Mienshao
|
|switch|p1a: Chesnaught|Chesnaught, M|107\/380
|turn|39
|
|switch|p2a: Blastoise|Blastoise, F|231\/335
|-formechange|p2a: Blastoise|Blastoise-Mega
|move|p1a: Chesnaught|Leech Seed|p2a: Blastoise
|-start|p2a: Blastoise|move: Leech Seed
|
|-heal|p1a: Chesnaught|130\/380|[from] item: Leftovers
|-damage|p2a: Blastoise|190\/335|[from] Leech Seed|[of] p1a: Chesnaught
|-heal|p1a: Chesnaught|171\/380|[silent]
|turn|40
|
|move|p1a: Chesnaught|Spiky Shield|p1a: Chesnaught
|-singleturn|p1a: Chesnaught|move: Protect
|move|p2a: Blastoise|Ice Beam|p1a: Chesnaught
|-activate|p1a: Chesnaught|move: Protect
|
|-heal|p1a: Chesnaught|194\/380|[from] item: Leftovers
|-damage|p2a: Blastoise|149\/335|[from] Leech Seed|[of] p1a: Chesnaught
|-heal|p1a: Chesnaught|235\/380|[silent]
|turn|41
|
|switch|p1a: Nidoking|Nidoking, M, shiny|266\/304
|move|p2a: Blastoise|Ice Beam|p1a: Nidoking
|-supereffective|p1a: Nidoking
|-damage|p1a: Nidoking|0 fnt
|faint|p1a: Nidoking
|
|
|switch|p1a: Chesnaught|Chesnaught, M|235\/380
|turn|42
|
|switch|p2a: Vaporeon|Vaporeon, F|463\/463
|move|p1a: Chesnaught|Spiky Shield|p1a: Chesnaught
|-fail|p1a: Chesnaught
|
|-heal|p1a: Chesnaught|258\/380|[from] item: Leftovers
|turn|43
|
|move|p2a: Vaporeon|Scald|p1a: Chesnaught
|-resisted|p1a: Chesnaught
|-damage|p1a: Chesnaught|194\/380
|move|p1a: Chesnaught|Leech Seed|p2a: Vaporeon|[miss]
|-miss|p1a: Chesnaught|p2a: Vaporeon
|
|-heal|p1a: Chesnaught|217\/380|[from] item: Leftovers
|turn|44
|
|move|p2a: Vaporeon|Scald|p1a: Chesnaught
|-resisted|p1a: Chesnaught
|-damage|p1a: Chesnaught|149\/380
|move|p1a: Chesnaught|Leech Seed|p2a: Vaporeon
|-start|p2a: Vaporeon|move: Leech Seed
|
|-heal|p1a: Chesnaught|172\/380|[from] item: Leftovers
|-damage|p2a: Vaporeon|406\/463|[from] Leech Seed|[of] p1a: Chesnaught
|-heal|p1a: Chesnaught|229\/380|[silent]
|turn|45
|
|move|p2a: Vaporeon|Wish|p2a: Vaporeon
|move|p1a: Chesnaught|Leech Seed|p2a: Vaporeon|[miss]
|-miss|p1a: Chesnaught|p2a: Vaporeon
|
|-heal|p2a: Vaporeon|434\/463|[from] item: Leftovers
|-heal|p1a: Chesnaught|252\/380|[from] item: Leftovers
|-damage|p2a: Vaporeon|377\/463|[from] Leech Seed|[of] p1a: Chesnaught
|-heal|p1a: Chesnaught|309\/380|[silent]
|turn|46
|
|move|p2a: Vaporeon|Scald|p1a: Chesnaught
|-resisted|p1a: Chesnaught
|-damage|p1a: Chesnaught|239\/380
|move|p1a: Chesnaught|Wood Hammer|p2a: Vaporeon
|-crit|p2a: Vaporeon
|-supereffective|p2a: Vaporeon
|-damage|p2a: Vaporeon|0 fnt
|-damage|p1a: Chesnaught|115\/380|[from] recoil|[of] p2a: Vaporeon
|faint|p2a: Vaporeon
|
|-heal|p1a: Chesnaught|138\/380|[from] item: Leftovers
|chat|TheAmphy|gg
|
|switch|p2a: Blastoise|Blastoise, F|149\/335
|-formechange|p2a: Blastoise|Blastoise-Mega
|turn|47
|chat|chefboyardee1|gg
|
|move|p2a: Blastoise|Ice Beam|p1a: Chesnaught
|-supereffective|p1a: Chesnaught
|-damage|p1a: Chesnaught|0 fnt
|faint|p1a: Chesnaught
|
|win|chefboyardee1
|raw|Ladder updating...
|raw|TheAmphy's rating: 1455 &rarr; <strong>1428<\/strong><br \/>(-27 for losing)
|raw|chefboyardee1's rating: 1334 &rarr; <strong>1361<\/strong><br \/>(+27 for winning)
|leave|TheAmphy
|player|p1