|join|TheAmphy
|join|Trekkspill
|player|p1|TheAmphy|146
|player|p2|Trekkspill|282
|gametype|singles
|gen|6
|tier|UU
|rated
|rule|Sleep Clause Mod: Limit one foe put to sleep
|rule|Species Clause: Limit one of each PokÃ©mon
|rule|OHKO Clause: OHKO moves are banned
|rule|Moody Clause: Moody is banned
|rule|Evasion Moves Clause: Evasion moves are banned
|rule|Endless Battle Clause: Forcing endless battles is banned
|rule|HP Percentage Mod: HP is shown in percentages
|clearpoke
|poke|p1|Rotom-Heat
|poke|p1|Quagsire, M
|poke|p1|Roserade, M
|poke|p1|Mienshao, F
|poke|p1|Forretress, F
|poke|p1|Honchkrow, M
|poke|p2|Hydreigon, F
|poke|p2|Chandelure, M
|poke|p2|Umbreon, M
|poke|p2|Golbat, M
|poke|p2|Nidoqueen, F
|poke|p2|Porygon-Z
|rule|Swagger Clause: Swagger is banned
|rule|Baton Pass Clause: Limit one PokÃ©mon knowing Baton Pass
|teampreview
|c|âTrekkspill|glhf
|
|start
|switch|p1a: Mienshao|Mienshao, F|271\/271
|switch|p2a: Nidoqueen|Nidoqueen, F|384\/384
|turn|1
|c|âTheAmphy|u2
|c|âTrekkspill|thx
|
|move|p1a: Mienshao|U-turn|p2a: Nidoqueen
|-resisted|p2a: Nidoqueen
|-damage|p2a: Nidoqueen|342\/384
|
|switch|p1a: Mittens|Rotom-Heat|303\/303
|move|p2a: Nidoqueen|Stealth Rock|p1a: Mittens
|-sidestart|p1: TheAmphy|move: Stealth Rock
|
|-heal|p2a: Nidoqueen|366\/384|[from] item: Black Sludge
|turn|2
|
|switch|p2a: Chandelure|Chandelure, M|261\/261
|move|p1a: Mittens|Will-O-Wisp|p2a: Chandelure
|-start|p2a: Chandelure|ability: Flash Fire
|
|turn|3
|
|move|p2a: Chandelure|Fire Blast|p1a: Mittens|[miss]
|-miss|p2a: Chandelure|p1a: Mittens
|move|p1a: Mittens|Pain Split|p2a: Chandelure
|-sethp|p2a: Chandelure|261\/261|p1a: Mittens|282\/303|[from] move: Pain Split
|
|-heal|p1a: Mittens|300\/303|[from] item: Leftovers
|turn|4
|
|move|p2a: Chandelure|Fire Blast|p1a: Mittens|[miss]
|-miss|p2a: Chandelure|p1a: Mittens
|move|p1a: Mittens|Pain Split|p2a: Chandelure
|-sethp|p2a: Chandelure|261\/261|p1a: Mittens|280\/303|[from] move: Pain Split
|
|-heal|p1a: Mittens|298\/303|[from] item: Leftovers
|turn|5
|
|move|p2a: Chandelure|Fire Blast|p1a: Mittens
|-resisted|p1a: Mittens
|-damage|p1a: Mittens|175\/303
|move|p1a: Mittens|Pain Split|p2a: Chandelure
|-sethp|p2a: Chandelure|218\/261|p1a: Mittens|218\/303|[from] move: Pain Split
|
|-heal|p1a: Mittens|236\/303|[from] item: Leftovers
|turn|6
|
|move|p2a: Chandelure|Shadow Ball|p1a: Mittens
|-damage|p1a: Mittens|109\/303
|move|p1a: Mittens|Volt Switch|p2a: Chandelure
|-damage|p2a: Chandelure|155\/261
|
|switch|p1a: Mienshao|Mienshao, F|271\/271
|-damage|p1a: Mienshao|255\/271|[from] Stealth Rock
|
|turn|7
|
|switch|p2a: Golbat|Golbat, M|354\/354
|move|p1a: Mienshao|Knock Off|p2a: Golbat
|-damage|p2a: Golbat|283\/354
|-enditem|p2a: Golbat|Eviolite|[from] move: Knock Off|[of] p1a: Mienshao
|
|turn|8
|
|switch|p1a: Fort Knox|Forretress, F|354\/354
|-damage|p1a: Fort Knox|310\/354|[from] Stealth Rock
|move|p2a: Golbat|Brave Bird|p1a: Fort Knox
|-damage|p1a: Fort Knox|243\/354
|-damage|p2a: Golbat|261\/354|[from] recoil|[of] p1a: Fort Knox
|
|-heal|p1a: Fort Knox|265\/354|[from] item: Leftovers
|turn|9
|
|switch|p2a: Chandelure|Chandelure, M|155\/261
|move|p1a: Fort Knox|Stealth Rock|p2a: Chandelure
|-sidestart|p2: Trekkspill|move: Stealth Rock
|
|-heal|p1a: Fort Knox|287\/354|[from] item: Leftovers
|turn|10
|
|switch|p1a: Mittens|Rotom-Heat|109\/303
|-damage|p1a: Mittens|34\/303|[from] Stealth Rock
|move|p2a: Chandelure|Fire Blast|p1a: Mittens|[miss]
|-miss|p2a: Chandelure|p1a: Mittens
|
|-heal|p1a: Mittens|52\/303|[from] item: Leftovers
|turn|11
|
|move|p2a: Chandelure|Shadow Ball|p1a: Mittens
|-damage|p1a: Mittens|0 fnt
|faint|p1a: Mittens
|
|
|switch|p1a: Maffia Boss|Honchkrow, M|341\/341
|-damage|p1a: Maffia Boss|256\/341|[from] Stealth Rock
|turn|12
|
|move|p2a: Chandelure|Fire Blast|p1a: Maffia Boss
|-damage|p1a: Maffia Boss|0 fnt
|faint|p1a: Maffia Boss
|
|
|switch|p1a: Pedophile|Quagsire, M|393\/393
|-damage|p1a: Pedophile|369\/393|[from] Stealth Rock
|turn|13
|
|move|p2a: Chandelure|Energy Ball|p1a: Pedophile
|-supereffective|p1a: Pedophile
|-damage|p1a: Pedophile|0 fnt
|faint|p1a: Pedophile
|
|-message|TheAmphy forfeited.
|
|win|Trekkspill
|raw|Ladder updating...
|leave|TheAmphy
|player|p1
|raw|TheAmphy's rating: 1517 &rarr; <strong>1490<\/strong><br \/>(-27 for losing)
|raw|Trekkspill's rating: 1400 &rarr; <strong>1426<\/strong><br \/>(+26 for winning)