|join|TheAmphy
|join|Revengeboyz
|player|p1|TheAmphy|286
|player|p2|Revengeboyz|169
|gametype|singles
|gen|6
|tier|UU
|rated
|rule|Sleep Clause Mod: Limit one foe put to sleep
|rule|Species Clause: Limit one of each Pokemon
|rule|OHKO Clause: OHKO moves are banned
|rule|Moody Clause: Moody is banned
|rule|Evasion Moves Clause: Evasion moves are banned
|rule|Endless Battle Clause: Forcing endless battles is banned.
|rule|HP Percentage Mod: HP is reported as percentages
|clearpoke
|poke|p1|Chandelure, M, shiny
|poke|p1|Mienshao, F
|poke|p1|Nidoking, M, shiny
|poke|p1|Empoleon, M
|poke|p1|Chesnaught, F
|poke|p1|Umbreon, F
|poke|p2|Honchkrow, F
|poke|p2|Blastoise, F
|poke|p2|Registeel
|poke|p2|Chandelure, F
|poke|p2|Heracross, F
|poke|p2|Gligar, M
|teampreview
|
|start
|switch|p1a: Mienshao|Mienshao, F|271\/271
|switch|p2a: Night Lightz|Chandelure, F|261\/261
|turn|1
|
|switch|p2a: Poke Proof|Registeel|342\/342
|switch|p1a: Umbreon|Umbreon, F|394\/394
|
|turn|2
|
|switch|p1a: Mienshao|Mienshao, F|271\/271
|move|p2a: Poke Proof|Stealth Rock|p1a: Mienshao
|-sidestart|p1: TheAmphy|move: Stealth Rock
|
|turn|3
|
|move|p1a: Mienshao|Knock Off|p2a: Poke Proof
|-damage|p2a: Poke Proof|245\/342
|-enditem|p2a: Poke Proof|Leftovers|[from] move: Knock Off|[of] p1a: Mienshao
|move|p2a: Poke Proof|Thunder Wave|p1a: Mienshao
|-status|p1a: Mienshao|par
|
|turn|4
|
|switch|p2a: Night Lightz|Chandelure, F|261\/261
|switch|p1a: Umbreon|Umbreon, F|394\/394
|-damage|p1a: Umbreon|345\/394|[from] Stealth Rock
|
|-heal|p1a: Umbreon|369\/394|[from] item: Leftovers
|turn|5
|
|move|p1a: Umbreon|Protect|p1a: Umbreon
|-singleturn|p1a: Umbreon|Protect
|move|p2a: Night Lightz|Trick|p1a: Umbreon
|-activate|p1a: Umbreon|Protect
|
|-heal|p1a: Umbreon|393\/394|[from] item: Leftovers
|turn|6
|
|switch|p1a: Lumiere|Chandelure, M, shiny|261\/261
|-damage|p1a: Lumiere|196\/261|[from] Stealth Rock
|move|p2a: Night Lightz|Trick|p1a: Lumiere
|-activate|p2a: Night Lightz|move: Trick|[of] p1a: Lumiere
|-item|p1a: Lumiere|Choice Scarf|[from] move: Trick
|-item|p2a: Night Lightz|Choice Scarf|[from] move: Trick
|
|turn|7
|
|switch|p2a: TMNT|Blastoise, F|341\/341
|move|p1a: Lumiere|Shadow Ball|p2a: TMNT
|-damage|p2a: TMNT|223\/341
|
|-heal|p2a: TMNT|244\/341|[from] item: Leftovers
|turn|8
|
|switch|p1a: Empoleon|Empoleon, M|372\/372
|-damage|p1a: Empoleon|349\/372|[from] Stealth Rock
|move|p2a: TMNT|Roar|p1a: Empoleon
|drag|p1a: Mienshao|Mienshao, F|271\/271 par
|-damage|p1a: Mienshao|255\/271 par|[from] Stealth Rock
|
|-heal|p2a: TMNT|265\/341|[from] item: Leftovers
|turn|9
|
|switch|p2a: Night Lightz|Chandelure, F|261\/261
|switch|p1a: Empoleon|Empoleon, M|349\/372
|-damage|p1a: Empoleon|326\/372|[from] Stealth Rock
|
|-heal|p1a: Empoleon|349\/372|[from] item: Leftovers
|turn|10
|
|move|p2a: Night Lightz|Trick|p1a: Empoleon
|-activate|p2a: Night Lightz|move: Trick|[of] p1a: Empoleon
|-item|p1a: Empoleon|Choice Scarf|[from] move: Trick
|-item|p2a: Night Lightz|Leftovers|[from] move: Trick
|move|p1a: Empoleon|Defog|p2a: Night Lightz
|-unboost|p2a: Night Lightz|evasion|1
|-sideend|p1: TheAmphy|Stealth Rock|[from] move: Defog|[of] p1a: Empoleon
|
|turn|11
|
|switch|p2a: HammerTime|Heracross, F|301\/301
|switch|p1a: Umbreon|Umbreon, F|393\/394
|
|-heal|p1a: Umbreon|394\/394|[from] item: Leftovers
|turn|12
|
|move|p1a: Umbreon|Protect|p1a: Umbreon
|-singleturn|p1a: Umbreon|Protect
|move|p2a: HammerTime|Stone Edge|p1a: Umbreon
|-activate|p1a: Umbreon|Protect
|
|turn|13
|
|move|p2a: HammerTime|Close Combat|p1a: Umbreon
|-supereffective|p1a: Umbreon
|-damage|p1a: Umbreon|0 fnt
|-unboost|p2a: HammerTime|def|1
|-unboost|p2a: HammerTime|spd|1
|faint|p1a: Umbreon
|
|
|switch|p1a: Lumiere|Chandelure, M, shiny|196\/261
|turn|14
|
|switch|p2a: Night Lightz|Chandelure, F|261\/261
|move|p1a: Lumiere|Shadow Ball|p2a: Night Lightz
|-supereffective|p2a: Night Lightz
|-damage|p2a: Night Lightz|0 fnt
|faint|p2a: Night Lightz
|
|
|switch|p2a: P!mpin'|Honchkrow, F|341\/341
|turn|15
|
|switch|p1a: Empoleon|Empoleon, M|349\/372
|move|p2a: P!mpin'|Brave Bird|p1a: Empoleon
|-resisted|p1a: Empoleon
|-damage|p1a: Empoleon|201\/372
|-damage|p2a: P!mpin'|292\/341|[from] recoil|[of] p1a: Empoleon
|-damage|p2a: P!mpin'|258\/341|[from] item: Life Orb
|
|turn|16
|
|switch|p2a: HammerTime|Heracross, F|301\/301
|move|p1a: Empoleon|Scald|p2a: HammerTime
|-damage|p2a: HammerTime|198\/301
|-status|p2a: HammerTime|brn
|
|-heal|p2a: HammerTime|216\/301 brn|[from] item: Leftovers
|-damage|p2a: HammerTime|179\/301 brn|[from] brn
|turn|17
|
|switch|p1a: Chesnaught|Chesnaught, F|380\/380
|move|p2a: HammerTime|Stone Edge|p1a: Chesnaught
|-resisted|p1a: Chesnaught
|-damage|p1a: Chesnaught|316\/380
|
|-heal|p2a: HammerTime|197\/301 brn|[from] item: Leftovers
|-heal|p1a: Chesnaught|339\/380|[from] item: Leftovers
|-damage|p2a: HammerTime|160\/301 brn|[from] brn
|turn|18
|
|switch|p2a: P!mpin'|Honchkrow, F|258\/341
|move|p1a: Chesnaught|Leech Seed|p2a: P!mpin'
|-start|p2a: P!mpin'|move: Leech Seed
|
|-heal|p1a: Chesnaught|362\/380|[from] item: Leftovers
|-damage|p2a: P!mpin'|216\/341|[from] Leech Seed|[of] p1a: Chesnaught
|-heal|p1a: Chesnaught|380\/380|[silent]
|turn|19
|
|switch|p2a: PurpleHaze|Gligar, M|321\/321
|move|p1a: Chesnaught|Spiky Shield|p1a: Chesnaught
|-fail|p1a: Chesnaught
|
|turn|20
|
|switch|p1a: Empoleon|Empoleon, M|201\/372
|move|p2a: PurpleHaze|Taunt|p1a: Empoleon
|-start|p1a: Empoleon|move: Taunt
|
|turn|21
|
|switch|p2a: TMNT|Blastoise, F|265\/341
|move|p1a: Empoleon|Scald|p2a: TMNT
|-resisted|p2a: TMNT
|-damage|p2a: TMNT|219\/341
|
|-heal|p2a: TMNT|240\/341|[from] item: Leftovers
|turn|22
|
|move|p1a: Empoleon|Scald|p2a: TMNT
|-resisted|p2a: TMNT
|-damage|p2a: TMNT|198\/341
|move|p2a: TMNT|Toxic|p1a: Empoleon|[miss]
|-miss|p2a: TMNT|p1a: Empoleon
|
|-heal|p2a: TMNT|219\/341|[from] item: Leftovers
|turn|23
|
|move|p1a: Empoleon|Scald|p2a: TMNT
|-resisted|p2a: TMNT
|-damage|p2a: TMNT|179\/341
|move|p2a: TMNT|Scald|p1a: Empoleon
|-resisted|p1a: Empoleon
|-damage|p1a: Empoleon|173\/372
|-status|p1a: Empoleon|brn
|
|-heal|p2a: TMNT|200\/341|[from] item: Leftovers
|-damage|p1a: Empoleon|127\/372 brn|[from] brn
|-end|p1a: Empoleon|move: Taunt
|turn|24
|
|move|p1a: Empoleon|Scald|p2a: TMNT
|-resisted|p2a: TMNT
|-damage|p2a: TMNT|160\/341
|move|p2a: TMNT|Roar|p1a: Empoleon
|drag|p1a: Chesnaught|Chesnaught, F|380\/380
|
|-heal|p2a: TMNT|181\/341|[from] item: Leftovers
|turn|25
|
|switch|p1a: Nidoking|Nidoking, M, shiny|304\/304
|move|p2a: TMNT|Toxic|p1a: Nidoking
|-fail|p1a: Nidoking
|
|-heal|p2a: TMNT|202\/341|[from] item: Leftovers
|turn|26
|
|switch|p2a: PurpleHaze|Gligar, M|321\/321
|move|p1a: Nidoking|Sludge Wave|p2a: PurpleHaze
|-resisted|p2a: PurpleHaze
|-damage|p2a: PurpleHaze|213\/321
|
|turn|27
|
|switch|p2a: TMNT|Blastoise, F|202\/341
|move|p1a: Nidoking|Ice Beam|p2a: TMNT
|-resisted|p2a: TMNT
|-damage|p2a: TMNT|142\/341
|
|-heal|p2a: TMNT|163\/341|[from] item: Leftovers
|turn|28
|
|switch|p2a: Poke Proof|Registeel|245\/342
|move|p1a: Nidoking|Sludge Wave|p2a: Poke Proof
|-immune|p2a: Poke Proof|[msg]
|
|turn|29
|
|move|p1a: Nidoking|Fire Blast|p2a: Poke Proof
|-supereffective|p2a: Poke Proof
|-damage|p2a: Poke Proof|11\/342
|move|p2a: Poke Proof|Seismic Toss|p1a: Nidoking
|-damage|p1a: Nidoking|204\/304
|
|turn|30
|
|move|p1a: Nidoking|Ice Beam|p2a: Poke Proof
|-resisted|p2a: Poke Proof
|-damage|p2a: Poke Proof|0 fnt
|faint|p2a: Poke Proof
|
|
|switch|p2a: P!mpin'|Honchkrow, F|216\/341
|turn|31
|
|switch|p1a: Empoleon|Empoleon, M|127\/372 brn
|move|p2a: P!mpin'|Sucker Punch|p1a: Empoleon
|-fail|p1a: Empoleon
|
|-damage|p1a: Empoleon|81\/372 brn|[from] brn
|turn|32
|
|move|p2a: P!mpin'|Sucker Punch|p1a: Empoleon
|-fail|p1a: Empoleon
|move|p1a: Empoleon|Stealth Rock|p2a: P!mpin'
|-sidestart|p2: Revengeboyz|move: Stealth Rock
|
|-damage|p1a: Empoleon|35\/372 brn|[from] brn
|turn|33
|
|move|p2a: P!mpin'|Substitute|p2a: P!mpin'
|-start|p2a: P!mpin'|Substitute
|-damage|p2a: P!mpin'|131\/341
|move|p1a: Empoleon|Stealth Rock|p2a: P!mpin'
|-fail|p2a: P!mpin'
|
|-damage|p1a: Empoleon|0 fnt|[from] brn
|faint|p1a: Empoleon
|
|switch|p1a: Chesnaught|Chesnaught, F|380\/380
|turn|34
|
|move|p1a: Chesnaught|Spiky Shield|p1a: Chesnaught
|-singleturn|p1a: Chesnaught|move: Protect
|move|p2a: P!mpin'|Roost|p2a: P!mpin'
|-heal|p2a: P!mpin'|302\/341
|
|turn|35
|-message|TheAmphy forfeited.
|
|win|Revengeboyz
|raw|Ladder updating...
|leave|TheAmphy
|player|p1
|raw|Ladder (probably) updated, but score could not be retrieved (timeout).
|raw|Ladder (probably) updated, but score could not be retrieved (Error: socket hang up).