|join|quedafelizalli
|join|TheAmphy
|player|p1|quedafelizalli|121
|player|p2|TheAmphy|146
|gametype|singles
|gen|6
|tier|UU
|rated
|rule|Sleep Clause Mod: Limit one foe put to sleep
|rule|Species Clause: Limit one of each PokÃ©mon
|rule|OHKO Clause: OHKO moves are banned
|rule|Moody Clause: Moody is banned
|rule|Evasion Moves Clause: Evasion moves are banned
|rule|Endless Battle Clause: Forcing endless battles is banned
|rule|HP Percentage Mod: HP is reported as percentages
|clearpoke
|poke|p1|Flygon, F
|poke|p1|Roserade, M
|poke|p1|Starmie
|poke|p1|Hippowdon, F
|poke|p1|Sableye, M
|poke|p1|Houndoom, F
|poke|p2|Infernape, F
|poke|p2|Ampharos, M
|poke|p2|Chesnaught, M
|poke|p2|Umbreon, F
|poke|p2|Nidoqueen, F
|poke|p2|Arcanine, F
|rule|Swagger Clause: Swagger is banned
|rule|Baton Pass Clause: Limit one PokÃ©mon knowing Baton Pass
|teampreview
|join|the singularity
|
|start
|switch|p1a: Hippowdon|Hippowdon, F|420\/420
|switch|p2a: Infernape|Infernape, F|293\/293
|-weather|Sandstorm
|turn|1
|
|switch|p2a: Chesnaught|Chesnaught, M|380\/380
|move|p1a: Hippowdon|Stealth Rock|p2a: Chesnaught
|-sidestart|p2: TheAmphy|move: Stealth Rock
|
|-weather|Sandstorm|[upkeep]
|-damage|p2a: Chesnaught|357\/380|[from] sandstorm
|-heal|p2a: Chesnaught|380\/380|[from] item: Leftovers
|turn|2
|
|switch|p1a: Roserade|Roserade, M|324\/324
|move|p2a: Chesnaught|Spikes|p1a: Roserade
|-sidestart|p1: quedafelizalli|Spikes
|
|-weather|Sandstorm|[upkeep]
|-damage|p1a: Roserade|304\/324|[from] sandstorm
|-damage|p2a: Chesnaught|357\/380|[from] sandstorm
|-heal|p1a: Roserade|324\/324|[from] item: Leftovers
|-heal|p2a: Chesnaught|380\/380|[from] item: Leftovers
|turn|3
|
|move|p1a: Roserade|Spikes|p2a: Chesnaught
|-sidestart|p2: TheAmphy|Spikes
|move|p2a: Chesnaught|Spikes|p1a: Roserade
|-sidestart|p1: quedafelizalli|Spikes
|
|-weather|Sandstorm|[upkeep]
|-damage|p1a: Roserade|304\/324|[from] sandstorm
|-damage|p2a: Chesnaught|357\/380|[from] sandstorm
|-heal|p1a: Roserade|324\/324|[from] item: Leftovers
|-heal|p2a: Chesnaught|380\/380|[from] item: Leftovers
|turn|4
|join|Pleasure Kitten
|
|move|p1a: Roserade|Sludge Bomb|p2a: Chesnaught
|-immune|p2a: Chesnaught|[msg]|[from] Bulletproof
|move|p2a: Chesnaught|Spikes|p1a: Roserade
|-sidestart|p1: quedafelizalli|Spikes
|
|-weather|Sandstorm|[upkeep]
|-damage|p1a: Roserade|304\/324|[from] sandstorm
|-damage|p2a: Chesnaught|357\/380|[from] sandstorm
|-heal|p1a: Roserade|324\/324|[from] item: Leftovers
|-heal|p2a: Chesnaught|380\/380|[from] item: Leftovers
|turn|5
|chat|quedafelizalli|xD
|
|move|p1a: Roserade|Spikes|p2a: Chesnaught
|-sidestart|p2: TheAmphy|Spikes
|move|p2a: Chesnaught|Wood Hammer|p1a: Roserade
|-resisted|p1a: Roserade
|-damage|p1a: Roserade|272\/324
|-damage|p2a: Chesnaught|363\/380|[from] recoil|[of] p1a: Roserade
|
|-weather|none
|-heal|p1a: Roserade|292\/324|[from] item: Leftovers
|-heal|p2a: Chesnaught|380\/380|[from] item: Leftovers
|turn|6
|chat|Pleasure Kitten|tfw
|chat|Pleasure Kitten|#2 on ladder
|chat|Pleasure Kitten|sludge bombs a chesnaught
|chat|quedafelizalli|i forgot ok
|
|move|p1a: Roserade|Spikes|p2a: Chesnaught
|-sidestart|p2: TheAmphy|Spikes
|move|p2a: Chesnaught|Wood Hammer|p1a: Roserade
|-resisted|p1a: Roserade
|-damage|p1a: Roserade|237\/324
|-damage|p2a: Chesnaught|362\/380|[from] recoil|[of] p1a: Roserade
|
|-heal|p1a: Roserade|257\/324|[from] item: Leftovers
|-heal|p2a: Chesnaught|380\/380|[from] item: Leftovers
|turn|7
|
|move|p1a: Roserade|Giga Drain|p2a: Chesnaught
|-resisted|p2a: Chesnaught
|-damage|p2a: Chesnaught|307\/380
|-heal|p1a: Roserade|294\/324|[from] drain|[of] p2a: Chesnaught
|move|p2a: Chesnaught|Wood Hammer|p1a: Roserade
|-resisted|p1a: Roserade
|-damage|p1a: Roserade|244\/324
|-damage|p2a: Chesnaught|290\/380|[from] recoil|[of] p1a: Roserade
|
|-heal|p1a: Roserade|264\/324|[from] item: Leftovers
|-heal|p2a: Chesnaught|313\/380|[from] item: Leftovers
|turn|8
|
|switch|p2a: Infernape|Infernape, F|293\/293
|-damage|p2a: Infernape|257\/293|[from] Stealth Rock
|-damage|p2a: Infernape|184\/293|[from] Spikes
|move|p1a: Roserade|Giga Drain|p2a: Infernape
|-resisted|p2a: Infernape
|-damage|p2a: Infernape|115\/293
|-heal|p1a: Roserade|299\/324|[from] drain|[of] p2a: Infernape
|
|-heal|p1a: Roserade|319\/324|[from] item: Leftovers
|turn|9
|
|switch|p1a: Hippowdon|Hippowdon, F|420\/420
|-damage|p1a: Hippowdon|315\/420|[from] Spikes
|-weather|Sandstorm
|move|p2a: Infernape|U-turn|p1a: Hippowdon
|-damage|p1a: Hippowdon|251\/420
|-damage|p2a: Infernape|86\/293|[from] item: Life Orb
|
|switch|p2a: Nidoqueen|Nidoqueen, F|353\/353
|-damage|p2a: Nidoqueen|265\/353|[from] Spikes
|-damage|p2a: Nidoqueen|243\/353|[from] Stealth Rock
|
|-weather|Sandstorm|[upkeep]
|-heal|p1a: Hippowdon|277\/420|[from] item: Leftovers
|turn|10
|
|move|p2a: Nidoqueen|Ice Beam|p1a: Hippowdon
|-supereffective|p1a: Hippowdon
|-damage|p1a: Hippowdon|0 fnt
|faint|p1a: Hippowdon
|
|-weather|Sandstorm|[upkeep]
|
|switch|p1a: Starmie|Starmie|261\/261
|-damage|p1a: Starmie|196\/261|[from] Spikes
|turn|11
|
|switch|p2a: Infernape|Infernape, F|86\/293
|-damage|p2a: Infernape|13\/293|[from] Spikes
|-damage|p2a: Infernape|0 fnt|[from] Stealth Rock
|faint|p2a: Infernape
|move|p1a: Starmie|Rapid Spin|p2: Infernape|[notarget]
|-notarget
|
|-weather|Sandstorm|[upkeep]
|-damage|p1a: Starmie|180\/261|[from] sandstorm
|join|namehtmas
|
|switch|p2a: Ampharos|Ampharos, M|354\/354
|-damage|p2a: Ampharos|266\/354|[from] Spikes
|-damage|p2a: Ampharos|222\/354|[from] Stealth Rock
|turn|12
|
|detailschange|p2a: Ampharos|Ampharos-Mega, M
|message|Ampharos has Mega Evolved into Mega Ampharos!
|-ability|p2a: Ampharos|Mold Breaker
|move|p1a: Starmie|Rapid Spin|p2a: Ampharos
|-damage|p2a: Ampharos|208\/354
|-sideend|p1: quedafelizalli|Spikes|[from] move: Rapid Spin|[of] p1a: Starmie
|-damage|p1a: Starmie|154\/261|[from] item: Life Orb
|move|p2a: Ampharos|Dragon Pulse|p1a: Starmie
|-damage|p1a: Starmie|0 fnt
|faint|p1a: Starmie
|
|-weather|Sandstorm|[upkeep]
|-damage|p2a: Ampharos|186\/354|[from] sandstorm
|
|switch|p1a: Flygon|Flygon, F|301\/301
|turn|13
|
|switch|p2a: Chesnaught|Chesnaught, M|313\/380
|-damage|p2a: Chesnaught|218\/380|[from] Spikes
|-damage|p2a: Chesnaught|195\/380|[from] Stealth Rock
|move|p1a: Flygon|Dragon Claw|p2a: Chesnaught
|-damage|p2a: Chesnaught|113\/380
|
|-weather|none
|-heal|p2a: Chesnaught|136\/380|[from] item: Leftovers
|turn|14
|
|switch|p1a: Houndoom|Houndoom, F|291\/291
|move|p2a: Chesnaught|Spikes|p1a: Houndoom
|-sidestart|p1: quedafelizalli|Spikes
|
|-heal|p2a: Chesnaught|159\/380|[from] item: Leftovers
|turn|15
|
|detailschange|p1a: Houndoom|Houndoom-Mega, F
|message|Houndoom has Mega Evolved into Mega Houndoom!
|move|p1a: Houndoom|Nasty Plot|p1a: Houndoom
|-boost|p1a: Houndoom|spa|2
|move|p2a: Chesnaught|Leech Seed|p1a: Houndoom
|-start|p1a: Houndoom|move: Leech Seed
|
|-heal|p2a: Chesnaught|182\/380|[from] item: Leftovers
|-damage|p1a: Houndoom|255\/291|[from] Leech Seed|[of] p2a: Chesnaught
|-heal|p2a: Chesnaught|218\/380|[silent]
|turn|16
|
|move|p1a: Houndoom|Fire Blast|p2a: Chesnaught
|-supereffective|p2a: Chesnaught
|-damage|p2a: Chesnaught|0 fnt
|faint|p2a: Chesnaught
|
|
|switch|p2a: Umbreon|Umbreon, F|394\/394
|-damage|p2a: Umbreon|296\/394|[from] Spikes
|-damage|p2a: Umbreon|247\/394|[from] Stealth Rock
|turn|17
|
|move|p2a: Umbreon|Protect|p2a: Umbreon
|-singleturn|p2a: Umbreon|Protect
|move|p1a: Houndoom|Nasty Plot|p1a: Houndoom
|-boost|p1a: Houndoom|spa|2
|
|-heal|p2a: Umbreon|271\/394|[from] item: Leftovers
|-damage|p1a: Houndoom|219\/291|[from] Leech Seed|[of] p2a: Umbreon
|-heal|p2a: Umbreon|307\/394|[silent]
|turn|18
|-message|TheAmphy forfeited.
|
|win|quedafelizalli
|raw|Ladder updating...
|raw|quedafelizalli's rating: 1791 &rarr; <strong>1800<\/strong><br \/>(+9 for winning)
|raw|TheAmphy's rating: 1584 &rarr; <strong>1575<\/strong><br \/>(-9 for losing)
|chat|quedafelizalli|Gg
|leave|quedafelizalli
|player|p1
|leave|Pleasure Kitten
|leave|the singularity