|join|TheAmphy
|join|Hogg Horse
|player|p1|TheAmphy|146
|player|p2|Hogg Horse|125
|gametype|singles
|gen|6
|tier|UU
|rated
|rule|Sleep Clause Mod: Limit one foe put to sleep
|rule|Species Clause: Limit one of each PokÃ©mon
|rule|OHKO Clause: OHKO moves are banned
|rule|Moody Clause: Moody is banned
|rule|Evasion Moves Clause: Evasion moves are banned
|rule|Endless Battle Clause: Forcing endless battles is banned
|rule|HP Percentage Mod: HP is shown in percentages
|clearpoke
|poke|p1|Honchkrow, F
|poke|p1|Chandelure, F, shiny
|poke|p1|Roserade, M
|poke|p1|Swampert, M
|poke|p1|Mienshao, F
|poke|p1|Forretress, F
|poke|p2|Bronzong
|poke|p2|Tentacruel, M
|poke|p2|Kyurem
|poke|p2|Amoonguss, F
|poke|p2|Pidgeot, F
|poke|p2|Arcanine, F
|rule|Swagger Clause: Swagger is banned
|rule|Baton Pass Clause: Limit one PokÃ©mon knowing Baton Pass
|teampreview
|
|start
|switch|p1a: Mienshao|Mienshao, F|271\/271
|switch|p2a: Tentacruel|Tentacruel, M|361\/361
|turn|1
|
|move|p1a: Mienshao|U-turn|p2a: Tentacruel
|-resisted|p2a: Tentacruel
|-damage|p2a: Tentacruel|324\/361
|
|switch|p1a: Tsunami|Swampert, M|401\/401
|move|p2a: Tentacruel|Knock Off|p1a: Tsunami
|-damage|p1a: Tsunami|364\/401
|-enditem|p1a: Tsunami|Leftovers|[from] move: Knock Off|[of] p2a: Tentacruel
|
|-heal|p2a: Tentacruel|346\/361|[from] item: Black Sludge
|turn|2
|
|switch|p2a: Amoonguss|Amoonguss, F|432\/432
|move|p1a: Tsunami|Stealth Rock|p2a: Amoonguss
|-sidestart|p2: Hogg Horse|move: Stealth Rock
|
|turn|3
|
|switch|p1a: I'm Fabulous|Roserade, M|261\/261
|move|p2a: Amoonguss|Sludge Bomb|p1a: I'm Fabulous
|-damage|p1a: I'm Fabulous|177\/261
|
|turn|4
|
|switch|p1a: Lumiere|Chandelure, F, shiny|261\/261
|move|p2a: Amoonguss|Sludge Bomb|p1a: Lumiere
|-resisted|p1a: Lumiere
|-damage|p1a: Lumiere|213\/261
|
|turn|5
|
|switch|p2a: Tentacruel|Tentacruel, M|346\/361
|-damage|p2a: Tentacruel|301\/361|[from] Stealth Rock
|move|p1a: Lumiere|Shadow Ball|p2a: Tentacruel
|-damage|p2a: Tentacruel|78\/361
|
|-heal|p2a: Tentacruel|100\/361|[from] item: Black Sludge
|turn|6
|
|switch|p1a: Mienshao|Mienshao, F|271\/271
|switch|p2a: Pidgeot|Pidgeot, F|307\/307
|-damage|p2a: Pidgeot|231\/307|[from] Stealth Rock
|
|turn|7
|
|detailschange|p2a: Pidgeot|Pidgeot-Mega, F
|-mega|p2a: Pidgeot|Pidgeot|Pidgeotite
|move|p1a: Mienshao|High Jump Kick|p2a: Pidgeot
|-damage|p2a: Pidgeot|0 fnt
|faint|p2a: Pidgeot
|
|
|switch|p2a: Arcanine|Arcanine, F|383\/383
|-damage|p2a: Arcanine|288\/383|[from] Stealth Rock
|-ability|p2a: Arcanine|Intimidate|[of] p1a: Mienshao
|-unboost|p1a: Mienshao|atk|1
|turn|8
|
|switch|p1a: Lumiere|Chandelure, F, shiny|213\/261
|move|p2a: Arcanine|Toxic|p1a: Lumiere
|-status|p1a: Lumiere|tox
|
|-heal|p2a: Arcanine|311\/383|[from] item: Leftovers
|-damage|p1a: Lumiere|197\/261 tox|[from] psn
|turn|9
|
|move|p1a: Lumiere|Shadow Ball|p2a: Arcanine
|-damage|p2a: Arcanine|26\/383
|move|p2a: Arcanine|Morning Sun|p2a: Arcanine
|-heal|p2a: Arcanine|217\/383
|
|-heal|p2a: Arcanine|240\/383|[from] item: Leftovers
|-damage|p1a: Lumiere|165\/261 tox|[from] psn
|turn|10
|
|move|p1a: Lumiere|Shadow Ball|p2a: Arcanine
|-damage|p2a: Arcanine|0 fnt
|faint|p2a: Arcanine
|
|-damage|p1a: Lumiere|117\/261 tox|[from] psn
|
|switch|p2a: Kyurem|Kyurem|405\/405
|-damage|p2a: Kyurem|304\/405|[from] Stealth Rock
|-ability|p2a: Kyurem|Pressure
|turn|11
|
|switch|p1a: Fort Knox|Forretress, F|354\/354
|move|p2a: Kyurem|Earth Power|p1a: Fort Knox
|-damage|p1a: Fort Knox|188\/354
|
|-heal|p2a: Kyurem|329\/405|[from] item: Leftovers
|-heal|p1a: Fort Knox|210\/354|[from] item: Leftovers
|turn|12
|
|move|p2a: Kyurem|Substitute|p2a: Kyurem
|-start|p2a: Kyurem|Substitute
|-damage|p2a: Kyurem|228\/405
|move|p1a: Fort Knox|Volt Switch|p2a: Kyurem
|-resisted|p2a: Kyurem
|-activate|p2a: Kyurem|Substitute|[damage]
|
|switch|p1a: Mienshao|Mienshao, F|271\/271
|
|-heal|p2a: Kyurem|253\/405|[from] item: Leftovers
|turn|13
|
|move|p1a: Mienshao|U-turn|p2a: Kyurem
|-end|p2a: Kyurem|Substitute
|
|switch|p1a: Fort Knox|Forretress, F|210\/354
|move|p2a: Kyurem|Ice Beam|p1a: Fort Knox
|-resisted|p1a: Fort Knox
|-damage|p1a: Fort Knox|83\/354
|
|-heal|p2a: Kyurem|278\/405|[from] item: Leftovers
|-heal|p1a: Fort Knox|105\/354|[from] item: Leftovers
|turn|14
|
|move|p2a: Kyurem|Ice Beam|p1a: Fort Knox
|-resisted|p1a: Fort Knox
|-damage|p1a: Fort Knox|0 fnt
|faint|p1a: Fort Knox
|
|-heal|p2a: Kyurem|303\/405|[from] item: Leftovers
|
|switch|p1a: Mienshao|Mienshao, F|271\/271
|turn|15
|
|switch|p2a: Amoonguss|Amoonguss, F|432\/432
|-damage|p2a: Amoonguss|378\/432|[from] Stealth Rock
|move|p1a: Mienshao|High Jump Kick|p2a: Amoonguss|[miss]
|-miss|p1a: Mienshao|p2a: Amoonguss
|-damage|p1a: Mienshao|136\/271|[from] highjumpkick
|
|-heal|p2a: Amoonguss|405\/432|[from] item: Black Sludge
|turn|16
|
|switch|p1a: I'm Fabulous|Roserade, M|177\/261
|move|p2a: Amoonguss|Foul Play|p1a: I'm Fabulous
|-damage|p1a: I'm Fabulous|119\/261
|
|-heal|p2a: Amoonguss|432\/432|[from] item: Black Sludge
|turn|17
|
|switch|p2a: Bronzong|Bronzong|338\/338
|-damage|p2a: Bronzong|317\/338|[from] Stealth Rock
|move|p1a: I'm Fabulous|Sludge Bomb|p2a: Bronzong
|-immune|p2a: Bronzong|[msg]
|
|-heal|p2a: Bronzong|338\/338|[from] item: Leftovers
|turn|18
|
|move|p1a: I'm Fabulous|Sleep Powder|p2a: Bronzong
|-status|p2a: Bronzong|slp
|cant|p2a: Bronzong|slp
|
|turn|19
|
|move|p1a: I'm Fabulous|Leaf Storm|p2a: Bronzong
|-resisted|p2a: Bronzong
|-damage|p2a: Bronzong|248\/338 slp
|-unboost|p1a: I'm Fabulous|spa|2
|-damage|p1a: I'm Fabulous|93\/261|[from] item: Life Orb
|cant|p2a: Bronzong|slp
|
|-heal|p2a: Bronzong|269\/338 slp|[from] item: Leftovers
|turn|20
|
|switch|p1a: Lumiere|Chandelure, F, shiny|117\/261 tox
|cant|p2a: Bronzong|slp
|
|-heal|p2a: Bronzong|290\/338 slp|[from] item: Leftovers
|-damage|p1a: Lumiere|101\/261 tox|[from] psn
|turn|21
|
|move|p1a: Lumiere|Shadow Ball|p2a: Bronzong
|-supereffective|p2a: Bronzong
|-damage|p2a: Bronzong|0 fnt
|faint|p2a: Bronzong
|
|-damage|p1a: Lumiere|69\/261 tox|[from] psn
|
|switch|p2a: Kyurem|Kyurem|303\/405
|-damage|p2a: Kyurem|202\/405|[from] Stealth Rock
|-ability|p2a: Kyurem|Pressure
|turn|22
|
|switch|p1a: I'm Fabulous|Roserade, M|93\/261
|move|p2a: Kyurem|Earth Power|p1a: I'm Fabulous
|-damage|p1a: I'm Fabulous|0 fnt
|faint|p1a: I'm Fabulous
|
|-heal|p2a: Kyurem|227\/405|[from] item: Leftovers
|
|switch|p1a: Tsunami|Swampert, M|364\/401
|turn|23
|
|move|p2a: Kyurem|Roost|p2a: Kyurem
|-heal|p2a: Kyurem|405\/405
|move|p1a: Tsunami|Earthquake|p2a: Kyurem
|-damage|p2a: Kyurem|267\/405
|
|-heal|p2a: Kyurem|292\/405|[from] item: Leftovers
|turn|24
|
|move|p2a: Kyurem|Ice Beam|p1a: Tsunami
|-damage|p1a: Tsunami|187\/401
|move|p1a: Tsunami|Roar|p2a: Kyurem
|drag|p2a: Amoonguss|Amoonguss, F|432\/432
|-damage|p2a: Amoonguss|378\/432|[from] Stealth Rock
|
|-heal|p2a: Amoonguss|405\/432|[from] item: Black Sludge
|turn|25
|
|move|p1a: Tsunami|Scald|p2a: Amoonguss
|-resisted|p2a: Amoonguss
|-damage|p2a: Amoonguss|354\/432
|move|p2a: Amoonguss|Giga Drain|p1a: Tsunami
|-supereffective|p1a: Tsunami
|-damage|p1a: Tsunami|0 fnt
|-heal|p2a: Amoonguss|432\/432|[from] drain|[of] p1a: Tsunami
|faint|p1a: Tsunami
|
|
|switch|p1a: Mafia Boss|Honchkrow, F|341\/341
|turn|26
|
|switch|p2a: Tentacruel|Tentacruel, M|100\/361
|-damage|p2a: Tentacruel|55\/361|[from] Stealth Rock
|move|p1a: Mafia Boss|Brave Bird|p2a: Tentacruel
|-crit|p2a: Tentacruel
|-damage|p2a: Tentacruel|0 fnt
|-damage|p1a: Mafia Boss|323\/341|[from] recoil|[of] p2a: Tentacruel
|-damage|p1a: Mafia Boss|289\/341|[from] item: Life Orb
|faint|p2a: Tentacruel
|-boost|p1a: Mafia Boss|atk|1|[from] ability: Moxie
|
|
|switch|p2a: Kyurem|Kyurem|292\/405
|-damage|p2a: Kyurem|191\/405|[from] Stealth Rock
|-ability|p2a: Kyurem|Pressure
|turn|27
|
|move|p2a: Kyurem|Substitute|p2a: Kyurem
|-start|p2a: Kyurem|Substitute
|-damage|p2a: Kyurem|90\/405
|move|p1a: Mafia Boss|Brave Bird|p2a: Kyurem
|-end|p2a: Kyurem|Substitute
|-damage|p1a: Mafia Boss|256\/341|[from] recoil|[of] p2a: Kyurem
|-damage|p1a: Mafia Boss|222\/341|[from] item: Life Orb
|
|-heal|p2a: Kyurem|115\/405|[from] item: Leftovers
|turn|28
|
|move|p2a: Kyurem|Ice Beam|p1a: Mafia Boss
|-supereffective|p1a: Mafia Boss
|-damage|p1a: Mafia Boss|0 fnt
|faint|p1a: Mafia Boss
|
|-heal|p2a: Kyurem|140\/405|[from] item: Leftovers
|
|switch|p1a: Mienshao|Mienshao, F|136\/271
|turn|29
|
|move|p1a: Mienshao|U-turn|p2a: Kyurem
|-damage|p2a: Kyurem|49\/405
|
|switch|p1a: Lumiere|Chandelure, F, shiny|69\/261 tox
|move|p2a: Kyurem|Ice Beam|p1a: Lumiere
|-resisted|p1a: Lumiere
|-damage|p1a: Lumiere|0 fnt
|faint|p1a: Lumiere
|
|-heal|p2a: Kyurem|74\/405|[from] item: Leftovers
|c|âTheAmphy|gg
|c|âHogg Horse|gg
|
|switch|p1a: Mienshao|Mienshao, F|136\/271
|turn|30
|
|move|p1a: Mienshao|High Jump Kick|p2a: Kyurem
|-supereffective|p2a: Kyurem
|-damage|p2a: Kyurem|0 fnt
|faint|p2a: Kyurem
|
|
|switch|p2a: Amoonguss|Amoonguss, F|432\/432
|-damage|p2a: Amoonguss|378\/432|[from] Stealth Rock
|turn|31
|
|move|p1a: Mienshao|High Jump Kick|p2a: Amoonguss
|-resisted|p2a: Amoonguss
|-damage|p2a: Amoonguss|258\/432
|move|p2a: Amoonguss|Giga Drain|p1a: Mienshao
|-damage|p1a: Mienshao|18\/271
|-heal|p2a: Amoonguss|317\/432|[from] drain|[of] p1a: Mienshao
|
|-heal|p2a: Amoonguss|344\/432|[from] item: Black Sludge
|turn|32
|
|move|p1a: Mienshao|High Jump Kick|p2a: Amoonguss
|-resisted|p2a: Amoonguss
|-damage|p2a: Amoonguss|222\/432
|move|p2a: Amoonguss|Giga Drain|p1a: Mienshao
|-damage|p1a: Mienshao|0 fnt
|-heal|p2a: Amoonguss|231\/432|[from] drain|[of] p1a: Mienshao
|faint|p1a: Mienshao
|
|win|Hogg Horse
|raw|Ladder updating...
|raw|TheAmphy's rating: 1373 &rarr; <strong>1355<\/strong><br \/>(-18 for losing)
|raw|Hogg Horse's rating: 1397 &rarr; <strong>1415<\/strong><br \/>(+18 for winning)