|join|TheAmphy
|join|Miles_O
|player|p1|TheAmphy|2
|player|p2|Miles_O|165
|gametype|singles
|tier|UU
|rated
|rule|Sleep Clause Mod: Limit one foe put to sleep
|rule|Species Clause: Limit one of each Pokemon
|rule|OHKO Clause: OHKO moves are banned
|rule|Moody Clause: Moody is banned
|rule|Evasion Moves Clause: Evasion moves are banned
|rule|HP Percentage Mod: HP is reported as percentages
|rule|Evasion Abilities Clause: Evasion abilities are banned
|clearpoke
|poke|p1|Heracross, F
|poke|p1|Chandelure, M
|poke|p1|Umbreon, F
|poke|p1|Gligar, F
|poke|p1|Blastoise, F
|poke|p1|Roserade, M
|poke|p2|Feraligatr, M
|poke|p2|Exeggutor, M
|poke|p2|Piloswine, M
|poke|p2|Zapdos
|poke|p2|Umbreon, F
|poke|p2|Hitmontop, M
|teampreview
|callback|decision
|
|start
|switch|p1a: Dracule Jr.|Gligar, F|334\/334
|switch|p2a: Piloswine|Piloswine, M|403\/403
|turn|1
|callback|decision
|
|move|p1a: Dracule Jr.|U-turn|p2a: Piloswine
|-damage|p2a: Piloswine|369\/403
|callback|decision
|
|switch|p1a: B.o.B|Blastoise, F|362\/362
|move|p2a: Piloswine|Icicle Spear|p1a: B.o.B
|-resisted|p1a: B.o.B
|-damage|p1a: B.o.B|349\/362
|-resisted|p1a: B.o.B
|-damage|p1a: B.o.B|334\/362
|-resisted|p1a: B.o.B
|-damage|p1a: B.o.B|319\/362
|-resisted|p1a: B.o.B
|-damage|p1a: B.o.B|306\/362
|-crit|p1a: B.o.B
|-resisted|p1a: B.o.B
|-damage|p1a: B.o.B|275\/362
|-hitcount|p1a: B.o.B|5
|
|-heal|p1a: B.o.B|297\/362|[from] item: Leftovers
|turn|2
|callback|decision
|
|switch|p2a: Umbreon|Umbreon, F|393\/393
|move|p1a: B.o.B|Scald|p2a: Umbreon
|-damage|p2a: Umbreon|341\/393
|-status|p2a: Umbreon|brn
|-status|p1a: B.o.B|brn
|
|-heal|p1a: B.o.B|319\/362 brn|[from] item: Leftovers
|-heal|p2a: Umbreon|365\/393 brn|[from] item: Leftovers
|-damage|p1a: B.o.B|274\/362 brn|[from] brn
|-damage|p2a: Umbreon|316\/393 brn|[from] brn
|turn|3
|callback|decision
|
|switch|p1a: Dracule Jr.|Gligar, F|334\/334
|move|p2a: Umbreon|Heal Bell|p2a: Umbreon
|-cureteam|p2a: Umbreon|[from] move: HealBell
|
|-heal|p2a: Umbreon|340\/393|[from] item: Leftovers
|turn|4
|callback|decision
|
|switch|p2a: Hitmontop|Hitmontop, M|303\/303
|-ability|p2a: Hitmontop|Intimidate|[of] p1a: Dracule Jr.
|-unboost|p1a: Dracule Jr.|atk|1
|move|p1a: Dracule Jr.|Stealth Rock|p2a: Hitmontop
|-sidestart|p2: Miles_O|move: Stealth Rock
|
|turn|5
|callback|decision
|
|move|p1a: Dracule Jr.|U-turn|p2a: Hitmontop
|-resisted|p2a: Hitmontop
|-damage|p2a: Hitmontop|288\/303
|callback|decision
|
|switch|p1a: Lumiere|Chandelure, M|278\/278
|move|p2a: Hitmontop|Toxic|p1a: Lumiere
|-status|p1a: Lumiere|tox
|
|-heal|p2a: Hitmontop|303\/303|[from] item: Leftovers
|-damage|p1a: Lumiere|261\/278 tox|[from] psn
|turn|6
|callback|decision
|
|move|p2a: Hitmontop|Sucker Punch|p1a: Lumiere
|-supereffective|p1a: Lumiere
|-damage|p1a: Lumiere|119\/278 tox
|move|p1a: Lumiere|Fire Blast|p2a: Hitmontop
|-damage|p2a: Hitmontop|56\/303
|-damage|p1a: Lumiere|92\/278 tox|[from] item: Life Orb
|
|-heal|p2a: Hitmontop|74\/303|[from] item: Leftovers
|-damage|p1a: Lumiere|58\/278 tox|[from] psn
|turn|7
|callback|decision
|
|switch|p1a: Divorce|Heracross, F|301\/301
|move|p2a: Hitmontop|Sucker Punch|p1a: Divorce
|-fail|p1a: Divorce
|
|-heal|p2a: Hitmontop|92\/303|[from] item: Leftovers
|turn|8
|callback|decision
|
|move|p1a: Divorce|Close Combat|p2a: Hitmontop
|-damage|p2a: Hitmontop|0 fnt
|-unboost|p1a: Divorce|def|1
|-unboost|p1a: Divorce|spd|1
|faint|p2a: Hitmontop
|-boost|p1a: Divorce|atk|1|[from] ability: Moxie
|
|callback|decision
|
|switch|p2a: Exeggutor|Exeggutor, M|393\/393
|-damage|p2a: Exeggutor|344\/393|[from] Stealth Rock
|turn|9
|callback|decision
|
|switch|p1a: To The Moon|Umbreon, F|394\/394
|move|p2a: Exeggutor|Sleep Powder|p1a: To The Moon
|-status|p1a: To The Moon|slp
|
|turn|10
|callback|decision
|
|switch|p1a: Divorce|Heracross, F|301\/301
|move|p2a: Exeggutor|Psychic|p1a: Divorce
|-supereffective|p1a: Divorce
|-damage|p1a: Divorce|0 fnt
|faint|p1a: Divorce
|
|callback|decision
|
|switch|p1a: Ladies Luv Me|Roserade, M|262\/262
|turn|11
|callback|decision
|
|move|p1a: Ladies Luv Me|Sludge Bomb|p2a: Exeggutor
|-supereffective|p2a: Exeggutor
|-damage|p2a: Exeggutor|0 fnt
|-damage|p1a: Ladies Luv Me|236\/262|[from] item: Life Orb
|faint|p2a: Exeggutor
|
|callback|decision
|
|switch|p2a: Zapdos|Zapdos|321\/321
|-damage|p2a: Zapdos|241\/321|[from] Stealth Rock
|-ability|p2a: Zapdos|Pressure
|turn|12
|callback|decision
|
|move|p2a: Zapdos|Hidden Power|p1a: Ladies Luv Me
|-supereffective|p1a: Ladies Luv Me
|-damage|p1a: Ladies Luv Me|0 fnt
|faint|p1a: Ladies Luv Me
|
|callback|decision
|
|switch|p1a: Lumiere|Chandelure, M|58\/278 tox
|turn|13
|callback|decision
|
|move|p2a: Zapdos|Hidden Power|p1a: Lumiere
|-damage|p1a: Lumiere|0 fnt
|faint|p1a: Lumiere
|
|callback|decision
|
|switch|p1a: B.o.B|Blastoise, F|274\/362 brn
|turn|14
|callback|decision
|-message|TheAmphy forfeited.
|
|win|Miles_O
|raw|Ladder updating...
|raw|TheAmphy's rating: 1840 &rarr; <strong>1832<\/strong><br \/>(-8 for losing)
|raw|Miles_O's rating: 1762 &rarr; <strong>1767<\/strong><br \/>(+5 for winning)
|leave|TheAmphy
|player|p1
|leave|Miles_O
|player|p2
|join|Miles_O