|join|TheAmphy
|join|SerjoWalker
|player|p1|TheAmphy|286
|player|p2|SerjoWalker|282
|gametype|singles
|tier|UU
|rated
|rule|Sleep Clause Mod: Limit one foe put to sleep
|rule|Species Clause: Limit one of each Pokemon
|rule|OHKO Clause: OHKO moves are banned
|rule|Moody Clause: Moody is banned
|rule|Evasion Moves Clause: Evasion moves are banned
|rule|HP Percentage Mod: HP is reported as percentages
|rule|Evasion Abilities Clause: Evasion abilities are banned
|clearpoke
|poke|p1|Heracross, M
|poke|p1|Chandelure, M
|poke|p1|Umbreon, M
|poke|p1|Gligar, M
|poke|p1|Blastoise, F
|poke|p1|Roserade, M
|poke|p2|Victini
|poke|p2|Machamp, M
|poke|p2|Empoleon, M
|poke|p2|Yanmega, M
|poke|p2|Claydol, shiny
|poke|p2|Shaymin
|teampreview
|callback|decision
|
|start
|switch|p1a: Dracula Jr.|Gligar, M|334\/334
|switch|p2a: Very Victoria|Victini|341\/341
|turn|1
|callback|decision
|
|move|p2a: Very Victoria|U-turn|p1a: Dracula Jr.
|-resisted|p1a: Dracula Jr.
|-damage|p1a: Dracula Jr.|318\/334
|callback|decision
|
|switch|p2a: Polaretti|Empoleon, M|372\/372
|move|p1a: Dracula Jr.|Stealth Rock|p2a: Polaretti
|-sidestart|p2: SerjoWalker|move: Stealth Rock
|
|turn|2
|callback|decision
|
|switch|p1a: B.o.B|Blastoise, F|362\/362
|move|p2a: Polaretti|Scald|p1a: B.o.B
|-resisted|p1a: B.o.B
|-damage|p1a: B.o.B|317\/362
|
|-heal|p1a: B.o.B|339\/362|[from] item: Leftovers
|turn|3
|callback|decision
|
|move|p2a: Polaretti|Toxic|p1a: B.o.B
|-status|p1a: B.o.B|tox
|move|p1a: B.o.B|Roar|p2a: Polaretti
|drag|p2a: Coccolino|Shaymin|404\/404
|-damage|p2a: Coccolino|354\/404|[from] Stealth Rock
|
|-heal|p2a: Coccolino|379\/404|[from] item: Leftovers
|-heal|p1a: B.o.B|361\/362 tox|[from] item: Leftovers
|-damage|p1a: B.o.B|339\/362 tox|[from] psn
|turn|4
|callback|decision
|
|switch|p1a: Ladies Luv Me|Roserade, M|262\/262
|move|p2a: Coccolino|Substitute|p2a: Coccolino
|-start|p2a: Coccolino|Substitute
|-damage|p2a: Coccolino|278\/404
|
|-heal|p2a: Coccolino|303\/404|[from] item: Leftovers
|turn|5
|callback|decision
|
|move|p2a: Coccolino|Psychic|p1a: Ladies Luv Me
|-supereffective|p1a: Ladies Luv Me
|-damage|p1a: Ladies Luv Me|132\/262
|move|p1a: Ladies Luv Me|Sludge Bomb|p2a: Coccolino
|-supereffective|p2a: Coccolino
|-end|p2a: Coccolino|Substitute
|-damage|p1a: Ladies Luv Me|106\/262|[from] item: Life Orb
|
|-heal|p2a: Coccolino|328\/404|[from] item: Leftovers
|turn|6
|callback|decision
|
|switch|p1a: To The Moon|Umbreon, M|394\/394
|move|p2a: Coccolino|Substitute|p2a: Coccolino
|-start|p2a: Coccolino|Substitute
|-damage|p2a: Coccolino|227\/404
|
|-heal|p2a: Coccolino|252\/404|[from] item: Leftovers
|turn|7
|callback|decision
|
|move|p2a: Coccolino|Leech Seed|p1a: To The Moon
|-start|p1a: To The Moon|move: Leech Seed
|move|p1a: To The Moon|Foul Play|p2a: Coccolino
|-activate|p2a: Coccolino|Substitute|[damage]
|
|-heal|p2a: Coccolino|277\/404|[from] item: Leftovers
|-damage|p1a: To The Moon|345\/394|[from] Leech Seed|[of] p2a: Coccolino
|-heal|p2a: Coccolino|326\/404|[silent]
|turn|8
|callback|decision
|
|move|p2a: Coccolino|Seed Flare|p1a: To The Moon|[miss]
|-miss|p2a: Coccolino|p1a: To The Moon
|move|p1a: To The Moon|Wish|p1a: To The Moon
|
|-heal|p2a: Coccolino|351\/404|[from] item: Leftovers
|-heal|p1a: To The Moon|369\/394|[from] item: Leftovers
|-damage|p1a: To The Moon|320\/394|[from] Leech Seed|[of] p2a: Coccolino
|-heal|p2a: Coccolino|400\/404|[silent]
|turn|9
|callback|decision
|
|move|p2a: Coccolino|Seed Flare|p1a: To The Moon
|-damage|p1a: To The Moon|242\/394
|move|p1a: To The Moon|Foul Play|p2a: Coccolino
|-end|p2a: Coccolino|Substitute
|
|-heal|p1a: To The Moon|394\/394|[from] move: Wish|[wisher] To The Moon
|-heal|p2a: Coccolino|404\/404|[from] item: Leftovers
|-damage|p1a: To The Moon|345\/394|[from] Leech Seed|[of] p2a: Coccolino
|turn|10
|callback|decision
|
|switch|p2a: Polaretti|Empoleon, M|372\/372
|-damage|p2a: Polaretti|349\/372|[from] Stealth Rock
|move|p1a: To The Moon|Wish|p1a: To The Moon
|
|-heal|p1a: To The Moon|369\/394|[from] item: Leftovers
|-heal|p2a: Polaretti|372\/372|[from] item: Leftovers
|-damage|p1a: To The Moon|320\/394|[from] Leech Seed|[of] p2a: Polaretti
|turn|11
|callback|decision
|
|switch|p1a: Ladies Luv Me|Roserade, M|106\/262
|move|p2a: Polaretti|Stealth Rock|p1a: Ladies Luv Me
|-sidestart|p1: TheAmphy|move: Stealth Rock
|
|-heal|p1a: Ladies Luv Me|262\/262|[from] move: Wish|[wisher] To The Moon
|turn|12
|callback|decision
|
|move|p1a: Ladies Luv Me|Sleep Powder|p2a: Polaretti|[miss]
|-miss|p1a: Ladies Luv Me|p2a: Polaretti
|move|p2a: Polaretti|Ice Beam|p1a: Ladies Luv Me
|-crit|p1a: Ladies Luv Me
|-supereffective|p1a: Ladies Luv Me
|-damage|p1a: Ladies Luv Me|0 fnt
|faint|p1a: Ladies Luv Me
|
|callback|decision
|
|switch|p1a: Divorce|Heracross, M|301\/301
|-damage|p1a: Divorce|264\/301|[from] Stealth Rock
|turn|13
|callback|decision
|
|switch|p2a: R2 D2|Claydol, shiny|324\/324
|-damage|p2a: R2 D2|304\/324|[from] Stealth Rock
|move|p1a: Divorce|Megahorn|p2a: R2 D2
|-supereffective|p2a: R2 D2
|-damage|p2a: R2 D2|0 fnt
|faint|p2a: R2 D2
|-boost|p1a: Divorce|atk|1|[from] ability: Moxie
|
|callback|decision
|
|switch|p2a: Very Victoria|Victini|341\/341
|-damage|p2a: Very Victoria|256\/341|[from] Stealth Rock
|turn|14
|callback|decision
|
|switch|p1a: Dracula Jr.|Gligar, M|318\/334
|-damage|p1a: Dracula Jr.|277\/334|[from] Stealth Rock
|move|p2a: Very Victoria|Zen Headbutt|p1a: Dracula Jr.
|-damage|p1a: Dracula Jr.|222\/334
|
|turn|15
|callback|decision
|
|switch|p2a: Polaretti|Empoleon, M|372\/372
|-damage|p2a: Polaretti|349\/372|[from] Stealth Rock
|move|p1a: Dracula Jr.|U-turn|p2a: Polaretti
|-crit|p2a: Polaretti
|-resisted|p2a: Polaretti
|-damage|p2a: Polaretti|301\/372
|callback|decision
|
|switch|p1a: Divorce|Heracross, M|264\/301
|-damage|p1a: Divorce|227\/301|[from] Stealth Rock
|
|-heal|p2a: Polaretti|324\/372|[from] item: Leftovers
|turn|16
|callback|decision
|
|move|p1a: Divorce|Close Combat|p2a: Polaretti
|-supereffective|p2a: Polaretti
|-damage|p2a: Polaretti|0 fnt
|-unboost|p1a: Divorce|def|1
|-unboost|p1a: Divorce|spd|1
|faint|p2a: Polaretti
|-boost|p1a: Divorce|atk|1|[from] ability: Moxie
|
|callback|decision
|
|switch|p2a: Very Victoria|Victini|256\/341
|-damage|p2a: Very Victoria|171\/341|[from] Stealth Rock
|turn|17
|callback|decision
|
|move|p2a: Very Victoria|V-create|p1a: Divorce
|-supereffective|p1a: Divorce
|-damage|p1a: Divorce|0 fnt
|-unboost|p2a: Very Victoria|def|1
|-unboost|p2a: Very Victoria|spd|1
|-unboost|p2a: Very Victoria|spe|1
|faint|p1a: Divorce
|
|callback|decision
|
|switch|p1a: B.o.B|Blastoise, F|339\/362 tox
|-damage|p1a: B.o.B|294\/362 tox|[from] Stealth Rock
|turn|18
|callback|decision
|
|switch|p2a: Coccolino|Shaymin|404\/404
|-damage|p2a: Coccolino|354\/404|[from] Stealth Rock
|move|p1a: B.o.B|Toxic|p2a: Coccolino
|-status|p2a: Coccolino|tox
|
|-heal|p2a: Coccolino|379\/404 tox|[from] item: Leftovers
|-heal|p1a: B.o.B|316\/362 tox|[from] item: Leftovers
|-damage|p2a: Coccolino|354\/404 tox|[from] psn
|-damage|p1a: B.o.B|294\/362 tox|[from] psn
|turn|19
|callback|decision
|
|switch|p2a: Beppe Grillo|Yanmega, M|313\/313
|-damage|p2a: Beppe Grillo|157\/313|[from] Stealth Rock
|switch|p1a: To The Moon|Umbreon, M|320\/394
|-damage|p1a: To The Moon|271\/394|[from] Stealth Rock
|
|-heal|p1a: To The Moon|295\/394|[from] item: Leftovers
|turn|20
|callback|decision
|
|move|p1a: To The Moon|Protect|p1a: To The Moon
|-singleturn|p1a: To The Moon|Protect
|move|p2a: Beppe Grillo|Bug Buzz|p1a: To The Moon
|-activate|p1a: To The Moon|Protect
|
|-heal|p1a: To The Moon|319\/394|[from] item: Leftovers
|-boost|p2a: Beppe Grillo|spe|1|[from] ability: Speed Boost
|turn|21
|callback|decision
|
|move|p2a: Beppe Grillo|Bug Buzz|p1a: To The Moon
|-supereffective|p1a: To The Moon
|-damage|p1a: To The Moon|101\/394
|-unboost|p1a: To The Moon|spd|1
|-damage|p2a: Beppe Grillo|126\/313|[from] item: Life Orb
|move|p1a: To The Moon|Heal Bell|p1a: To The Moon
|-cureteam|p1a: To The Moon|[from] move: HealBell
|
|-heal|p1a: To The Moon|125\/394|[from] item: Leftovers
|-boost|p2a: Beppe Grillo|spe|1|[from] ability: Speed Boost
|turn|22
|callback|decision
|
|move|p2a: Beppe Grillo|Bug Buzz|p1a: To The Moon
|-supereffective|p1a: To The Moon
|-damage|p1a: To The Moon|0 fnt
|-damage|p2a: Beppe Grillo|95\/313|[from] item: Life Orb
|faint|p1a: To The Moon
|
|-boost|p2a: Beppe Grillo|spe|1|[from] ability: Speed Boost
|callback|decision
|
|switch|p1a: B.o.B|Blastoise, F|294\/362
|-damage|p1a: B.o.B|249\/362|[from] Stealth Rock
|turn|23
|callback|decision
|
|move|p2a: Beppe Grillo|Air Slash|p1a: B.o.B
|-damage|p1a: B.o.B|101\/362
|-damage|p2a: Beppe Grillo|64\/313|[from] item: Life Orb
|move|p1a: B.o.B|Scald|p2a: Beppe Grillo
|-damage|p2a: Beppe Grillo|0 fnt
|faint|p2a: Beppe Grillo
|
|-heal|p1a: B.o.B|123\/362|[from] item: Leftovers
|callback|decision
|
|switch|p2a: Coccolino|Shaymin|354\/404
|-damage|p2a: Coccolino|304\/404|[from] Stealth Rock
|turn|24
|callback|decision
|
|move|p2a: Coccolino|Substitute|p2a: Coccolino
|-start|p2a: Coccolino|Substitute
|-damage|p2a: Coccolino|203\/404
|move|p1a: B.o.B|Roar|p2a: Coccolino
|drag|p2a: Very Victoria|Victini|171\/341
|-damage|p2a: Very Victoria|86\/341|[from] Stealth Rock
|
|-heal|p1a: B.o.B|145\/362|[from] item: Leftovers
|turn|25
|callback|decision
|
|move|p2a: Very Victoria|V-create|p1a: B.o.B
|-resisted|p1a: B.o.B
|-damage|p1a: B.o.B|45\/362
|-unboost|p2a: Very Victoria|def|1
|-unboost|p2a: Very Victoria|spd|1
|-unboost|p2a: Very Victoria|spe|1
|move|p1a: B.o.B|Scald|p2a: Very Victoria
|-supereffective|p2a: Very Victoria
|-damage|p2a: Very Victoria|0 fnt
|faint|p2a: Very Victoria
|
|-heal|p1a: B.o.B|67\/362|[from] item: Leftovers
|callback|decision
|
|switch|p2a: Fabri Fibra|Machamp, M|374\/374
|-damage|p2a: Fabri Fibra|351\/374|[from] Stealth Rock
|turn|26
|callback|decision
|
|move|p1a: B.o.B|Rapid Spin|p2a: Fabri Fibra
|-damage|p2a: Fabri Fibra|335\/374
|-sideend|p1: TheAmphy|Stealth Rock|[from] move: Rapid Spin|[of] p1a: B.o.B
|move|p2a: Fabri Fibra|Stone Edge|p1a: B.o.B
|-damage|p1a: B.o.B|0 fnt
|faint|p1a: B.o.B
|
|-heal|p2a: Fabri Fibra|358\/374|[from] item: Leftovers
|callback|decision
|
|switch|p1a: Lumiere|Chandelure, M|278\/278
|turn|27
|callback|decision
|
|move|p1a: Lumiere|Fire Blast|p2a: Fabri Fibra
|-damage|p2a: Fabri Fibra|0 fnt
|-damage|p1a: Lumiere|251\/278|[from] item: Life Orb
|faint|p2a: Fabri Fibra
|
|callback|decision
|
|switch|p2a: Coccolino|Shaymin|203\/404
|-damage|p2a: Coccolino|153\/404|[from] Stealth Rock
|turn|28
|callback|decision
|
|move|p2a: Coccolino|Psychic|p1a: Lumiere
|-damage|p1a: Lumiere|178\/278
|move|p1a: Lumiere|Shadow Ball|p2a: Coccolino
|-damage|p2a: Coccolino|0 fnt
|-damage|p1a: Lumiere|151\/278|[from] item: Life Orb
|faint|p2a: Coccolino
|
|win|TheAmphy
|raw|Ladder updating...
|raw|TheAmphy's rating: 1856 &rarr; <strong>1860<\/strong><br \/>(+4 for winning)
|raw|SerjoWalker's rating: 1618 &rarr; <strong>1614<\/strong><br \/>(-4 for losing)
|chat|TheAmphy|gg
|leave|TheAmphy
|player|p1