|join|just coolin
|join|TheAmphy
|player|p1|just coolin|255
|player|p2|TheAmphy|286
|gametype|singles
|tier|UU
|rated
|rule|Sleep Clause Mod: Limit one foe put to sleep
|rule|Species Clause: Limit one of each Pokemon
|rule|OHKO Clause: OHKO moves are banned
|rule|Moody Clause: Moody is banned
|rule|Evasion Moves Clause: Evasion moves are banned
|rule|HP Percentage Mod: HP is reported as percentages
|rule|Evasion Abilities Clause: Evasion abilities are banned
|clearpoke
|poke|p1|Mienshao, F
|poke|p1|Amoonguss, F
|poke|p1|Rhyperior, M
|poke|p1|Victini
|poke|p1|Blastoise, F
|poke|p1|Zapdos
|poke|p2|Heracross, F
|poke|p2|Chandelure, M
|poke|p2|Umbreon, M
|poke|p2|Gligar, F
|poke|p2|Blastoise, M
|poke|p2|Roserade, M
|teampreview
|callback|decision
|
|start
|switch|p1a: Zapdos|Zapdos|321\/321
|switch|p2a: Dracula Jr.|Gligar, F|334\/334
|-ability|p1a: Zapdos|Pressure
|turn|1
|callback|decision
|
|switch|p2a: To The Moon|Umbreon, M|394\/394
|move|p1a: Zapdos|Substitute|p1a: Zapdos
|-start|p1a: Zapdos|Substitute
|-damage|p1a: Zapdos|241\/321
|
|-heal|p1a: Zapdos|261\/321|[from] item: Leftovers
|turn|2
|callback|decision
|
|move|p1a: Zapdos|Thunderbolt|p2a: To The Moon
|-damage|p2a: To The Moon|294\/394
|-status|p2a: To The Moon|par
|-status|p1a: Zapdos|par
|cant|p2a: To The Moon|par
|
|-heal|p1a: Zapdos|281\/321 par|[from] item: Leftovers
|-heal|p2a: To The Moon|318\/394 par|[from] item: Leftovers
|turn|3
|callback|decision
|
|move|p1a: Zapdos|Thunderbolt|p2a: To The Moon
|-damage|p2a: To The Moon|213\/394 par
|move|p2a: To The Moon|Heal Bell|p2a: To The Moon
|-cureteam|p2a: To The Moon|[from] move: HealBell
|
|-heal|p2a: To The Moon|237\/394|[from] item: Leftovers
|-heal|p1a: Zapdos|301\/321 par|[from] item: Leftovers
|turn|4
|callback|decision
|
|move|p2a: To The Moon|Foul Play|p1a: Zapdos
|-end|p1a: Zapdos|Substitute
|move|p1a: Zapdos|Thunderbolt|p2a: To The Moon
|-damage|p2a: To The Moon|135\/394
|
|-heal|p2a: To The Moon|159\/394|[from] item: Leftovers
|-heal|p1a: Zapdos|321\/321 par|[from] item: Leftovers
|turn|5
|callback|decision
|
|switch|p1a: Mienshao|Mienshao, F|271\/271
|move|p2a: To The Moon|Wish|p2a: To The Moon
|
|-heal|p2a: To The Moon|183\/394|[from] item: Leftovers
|turn|6
|callback|decision
|
|move|p2a: To The Moon|Protect|p2a: To The Moon
|-singleturn|p2a: To The Moon|Protect
|move|p1a: Mienshao|U-turn|p2a: To The Moon
|-activate|p2a: To The Moon|Protect
|
|-heal|p2a: To The Moon|380\/394|[from] move: Wish|[wisher] To The Moon
|-heal|p2a: To The Moon|394\/394|[from] item: Leftovers
|turn|7
|callback|decision
|
|switch|p2a: Lumiere|Chandelure, M|278\/278
|move|p1a: Mienshao|U-turn|p2a: Lumiere
|-resisted|p2a: Lumiere
|-damage|p2a: Lumiere|257\/278
|-status|p1a: Mienshao|brn
|callback|decision
|-message|just coolin forfeited.
|
|win|TheAmphy
|raw|Ladder updating...
|raw|just coolin's rating: 1947 &rarr; <strong>1895<\/strong><br \/>(-52 for losing)
|raw|TheAmphy's rating: 1805 &rarr; <strong>1814<\/strong><br \/>(+9 for winning)
|leave|just coolin
|player|p1
|leave|TheAmphy
|player|p2