|join|Akai-kun
|join|hurricane hax
|player|p1|Akai-kun|40
|player|p2|hurricane hax|171
|gametype|singles
|gen|6
|tier|UU
|rated
|rule|Sleep Clause Mod: Limit one foe put to sleep
|rule|Species Clause: Limit one of each PokÃ©mon
|rule|OHKO Clause: OHKO moves are banned
|rule|Moody Clause: Moody is banned
|rule|Evasion Moves Clause: Evasion moves are banned
|rule|Endless Battle Clause: Forcing endless battles is banned
|rule|HP Percentage Mod: HP is shown in percentages
|clearpoke
|poke|p1|Aggron, M
|poke|p1|Crobat, M
|poke|p1|Donphan, M, shiny
|poke|p1|Serperior, M, shiny
|poke|p1|Hydreigon, M
|poke|p1|Florges, F
|poke|p2|Archeops, M
|poke|p2|Celebi
|poke|p2|Tornadus, M
|poke|p2|Swampert, F
|poke|p2|Qwilfish, M
|poke|p2|Jirachi
|rule|Swagger Clause: Swagger is banned
|rule|Baton Pass Clause: Limit one PokÃ©mon knowing Baton Pass
|teampreview
|
|start
|switch|p1a: Titan|Aggron, M|344\/344
|switch|p2a: Archeops|Archeops, M|291\/291
|turn|1
|
|detailschange|p1a: Titan|Aggron-Mega, M
|-mega|p1a: Titan|Aggron|Aggronite
|move|p2a: Archeops|Stealth Rock|p1a: Titan
|-sidestart|p1: Akai-kun|move: Stealth Rock
|move|p1a: Titan|Heavy Slam|p2a: Archeops
|-supereffective|p2a: Archeops
|-enditem|p2a: Archeops|Focus Sash
|-damage|p2a: Archeops|1\/291
|
|turn|2
|
|move|p2a: Archeops|Endeavor|p1a: Titan
|-damage|p1a: Titan|1\/344
|move|p1a: Titan|Stealth Rock|p2a: Archeops
|-sidestart|p2: hurricane hax|move: Stealth Rock
|
|turn|3
|
|move|p2a: Archeops|Head Smash|p1a: Titan
|-resisted|p1a: Titan
|-damage|p1a: Titan|0 fnt
|-damage|p2a: Archeops|0 fnt|[from] recoil|[of] p1a: Titan
|faint|p1a: Titan
|faint|p2a: Archeops
|
|
|switch|p2a: Celebi|Celebi|341\/341
|switch|p1a: Timberus|Serperior, M, shiny|292\/292
|-damage|p2a: Celebi|299\/341|[from] Stealth Rock
|-damage|p1a: Timberus|256\/292|[from] Stealth Rock
|turn|4
|
|move|p2a: Celebi|Psychic|p1a: Timberus
|-crit|p1a: Timberus
|-damage|p1a: Timberus|0 fnt
|-damage|p2a: Celebi|265\/341|[from] item: Life Orb
|faint|p1a: Timberus
|
|
|switch|p1a: Hassan|Crobat, M|341\/341
|-damage|p1a: Hassan|256\/341|[from] Stealth Rock
|turn|5
|
|switch|p2a: Tornadus|Tornadus, M|299\/299
|-damage|p2a: Tornadus|225\/299|[from] Stealth Rock
|move|p1a: Hassan|Brave Bird|p2a: Tornadus
|-damage|p2a: Tornadus|0 fnt
|-damage|p1a: Hassan|182\/341|[from] recoil|[of] p2a: Tornadus
|faint|p2a: Tornadus
|
|
|switch|p2a: Swampert|Swampert, F|347\/347
|-damage|p2a: Swampert|326\/347|[from] Stealth Rock
|turn|6
|
|detailschange|p2a: Swampert|Swampert-Mega, F
|-mega|p2a: Swampert|Swampert|Swampertite
|move|p1a: Hassan|Brave Bird|p2a: Swampert
|-damage|p2a: Swampert|106\/347
|-damage|p1a: Hassan|109\/341|[from] recoil|[of] p2a: Swampert
|move|p2a: Swampert|Rain Dance|p2a: Swampert
|-weather|RainDance
|
|-weather|RainDance|[upkeep]
|turn|7
|
|move|p2a: Swampert|Waterfall|p1a: Hassan
|-damage|p1a: Hassan|0 fnt
|faint|p1a: Hassan
|
|-weather|RainDance|[upkeep]
|
|switch|p1a: Titania|Florges, F|360\/360
|-damage|p1a: Titania|315\/360|[from] Stealth Rock
|turn|8
|
|move|p2a: Swampert|Waterfall|p1a: Titania
|-damage|p1a: Titania|86\/360
|move|p1a: Titania|Moonblast|p2a: Swampert
|-damage|p2a: Swampert|0 fnt
|faint|p2a: Swampert
|
|-weather|RainDance|[upkeep]
|-heal|p1a: Titania|108\/360|[from] item: Leftovers
|
|switch|p2a: Qwilfish|Qwilfish, M|271\/271
|-damage|p2a: Qwilfish|238\/271|[from] Stealth Rock
|turn|9
|
|move|p2a: Qwilfish|Waterfall|p1a: Titania
|-damage|p1a: Titania|0 fnt
|-damage|p2a: Qwilfish|211\/271|[from] item: Life Orb
|faint|p1a: Titania
|
|-weather|RainDance|[upkeep]
|
|switch|p1a: Doom|Hydreigon, M|325\/325
|-damage|p1a: Doom|285\/325|[from] Stealth Rock
|turn|10
|
|move|p2a: Qwilfish|Explosion|p1a: Doom
|-damage|p1a: Doom|0 fnt
|faint|p2a: Qwilfish
|faint|p1a: Doom
|
|-weather|none
|
|switch|p2a: Celebi|Celebi|265\/341
|switch|p1a: Gold|Donphan, M, shiny|384\/384
|-damage|p2a: Celebi|223\/341|[from] Stealth Rock
|-damage|p1a: Gold|360\/384|[from] Stealth Rock
|turn|11
|
|move|p1a: Gold|Ice Shard|p2a: Celebi
|-supereffective|p2a: Celebi
|-damage|p2a: Celebi|155\/341
|move|p2a: Celebi|Giga Drain|p1a: Gold
|-supereffective|p1a: Gold
|-damage|p1a: Gold|0 fnt
|-heal|p2a: Celebi|335\/341|[from] drain|[of] p1a: Gold
|-damage|p2a: Celebi|301\/341|[from] item: Life Orb
|faint|p1a: Gold
|
|win|hurricane hax
|raw|Ladder updating...
|raw|Akai-kun's rating: 1415 &rarr; <strong>1393<\/strong><br \/>(-22 for losing)
|raw|hurricane hax's rating: 1385 &rarr; <strong>1407<\/strong><br \/>(+22 for winning)
|c|âAkai-kun|gg
|c|âhurricane hax|gg