|join|hurricane hax
|join|Dark Shout
|player|p1|hurricane hax|171
|player|p2|Dark Shout|40
|gametype|singles
|gen|6
|tier|UU
|rated
|rule|Sleep Clause Mod: Limit one foe put to sleep
|rule|Species Clause: Limit one of each PokÃ©mon
|rule|OHKO Clause: OHKO moves are banned
|rule|Moody Clause: Moody is banned
|rule|Evasion Moves Clause: Evasion moves are banned
|rule|Endless Battle Clause: Forcing endless battles is banned
|rule|HP Percentage Mod: HP is shown in percentages
|clearpoke
|poke|p1|Archeops, F
|poke|p1|Celebi
|poke|p1|Tornadus, M
|poke|p1|Swampert, F
|poke|p1|Qwilfish, F
|poke|p1|Jirachi
|poke|p2|Darmanitan, M
|poke|p2|Roserade, M
|poke|p2|Florges, F
|poke|p2|Jellicent, M
|poke|p2|Krookodile, F
|poke|p2|Aerodactyl, M
|rule|Swagger Clause: Swagger is banned
|rule|Baton Pass Clause: Limit one PokÃ©mon knowing Baton Pass
|teampreview
|join|Pink Core Is Back
|
|start
|switch|p1a: Archeops|Archeops, F|291\/291
|switch|p2a: Aerodactyl|Aerodactyl, M|311\/311
|-ability|p2a: Aerodactyl|Pressure
|turn|1
|
|switch|p2a: Jellicent|Jellicent, M|404\/404
|move|p1a: Archeops|Stealth Rock|p2a: Jellicent
|-sidestart|p2: Dark Shout|move: Stealth Rock
|
|turn|2
|
|move|p1a: Archeops|Taunt|p2a: Jellicent
|-start|p2a: Jellicent|move: Taunt
|move|p2a: Jellicent|Scald|p1a: Archeops
|-supereffective|p1a: Archeops
|-damage|p1a: Archeops|75\/291
|
|turn|3
|
|switch|p1a: Celebi|Celebi|341\/341
|move|p2a: Jellicent|Scald|p1a: Celebi
|-resisted|p1a: Celebi
|-damage|p1a: Celebi|297\/341
|
|turn|4
|
|switch|p2a: Florges|Florges, F|360\/360
|-damage|p2a: Florges|315\/360|[from] Stealth Rock
|move|p1a: Celebi|Psychic|p2a: Florges
|-damage|p2a: Florges|197\/360
|-damage|p1a: Celebi|263\/341|[from] item: Life Orb
|
|-heal|p2a: Florges|219\/360|[from] item: Leftovers
|turn|5
|
|move|p1a: Celebi|Nasty Plot|p1a: Celebi
|-boost|p1a: Celebi|spa|2
|move|p2a: Florges|Wish|p2a: Florges
|
|-heal|p2a: Florges|241\/360|[from] item: Leftovers
|turn|6
|join|Shit user
|
|move|p1a: Celebi|Giga Drain|p2a: Florges
|-damage|p2a: Florges|58\/360
|-heal|p1a: Celebi|341\/341|[from] drain|[of] p2a: Florges
|-damage|p1a: Celebi|307\/341|[from] item: Life Orb
|move|p2a: Florges|Moonblast|p1a: Celebi
|-damage|p1a: Celebi|175\/341
|-unboost|p1a: Celebi|spa|1
|
|-heal|p2a: Florges|238\/360|[from] move: Wish|[wisher] Florges
|-heal|p2a: Florges|260\/360|[from] item: Leftovers
|turn|7
|
|move|p1a: Celebi|Nasty Plot|p1a: Celebi
|-boost|p1a: Celebi|spa|2
|move|p2a: Florges|Moonblast|p1a: Celebi
|-damage|p1a: Celebi|57\/341
|-unboost|p1a: Celebi|spa|1
|
|-heal|p2a: Florges|282\/360|[from] item: Leftovers
|turn|8
|
|move|p2a: Florges|Protect|p2a: Florges
|-singleturn|p2a: Florges|Protect
|move|p1a: Celebi|Giga Drain|p2a: Florges
|-activate|p2a: Florges|Protect
|
|-heal|p2a: Florges|304\/360|[from] item: Leftovers
|turn|9
|
|move|p1a: Celebi|Giga Drain|p2a: Florges
|-crit|p2a: Florges
|-damage|p2a: Florges|0 fnt
|-heal|p1a: Celebi|209\/341|[from] drain|[of] p2a: Florges
|-damage|p1a: Celebi|175\/341|[from] item: Life Orb
|faint|p2a: Florges
|
|
|switch|p2a: Roserade|Roserade, M|261\/261
|-damage|p2a: Roserade|229\/261|[from] Stealth Rock
|turn|10
|
|switch|p1a: Jirachi|Jirachi|341\/341
|move|p2a: Roserade|Sludge Bomb|p1a: Jirachi
|-immune|p1a: Jirachi|[msg]
|
|-heal|p2a: Roserade|245\/261|[from] item: Black Sludge
|turn|11
|
|switch|p2a: Krookodile|Krookodile, F|331\/331
|-damage|p2a: Krookodile|311\/331|[from] Stealth Rock
|move|p1a: Jirachi|U-turn|p2a: Krookodile
|-supereffective|p2a: Krookodile
|-damage|p2a: Krookodile|155\/331
|
|switch|p1a: Swampert|Swampert, F|347\/347
|
|turn|12
|
|switch|p2a: Roserade|Roserade, M|245\/261
|-damage|p2a: Roserade|213\/261|[from] Stealth Rock
|detailschange|p1a: Swampert|Swampert-Mega, F
|-mega|p1a: Swampert|Swampert|Swampertite
|move|p1a: Swampert|Rain Dance|p1a: Swampert
|-weather|RainDance
|
|-weather|RainDance|[upkeep]
|-heal|p2a: Roserade|229\/261|[from] item: Black Sludge
|turn|13
|
|move|p1a: Swampert|Earthquake|p2a: Roserade
|-damage|p2a: Roserade|0 fnt
|faint|p2a: Roserade
|
|-weather|RainDance|[upkeep]
|
|switch|p2a: Jellicent|Jellicent, M|404\/404
|-damage|p2a: Jellicent|354\/404|[from] Stealth Rock
|turn|14
|
|switch|p1a: Archeops|Archeops, F|75\/291
|move|p2a: Jellicent|Will-O-Wisp|p1a: Archeops
|-status|p1a: Archeops|brn
|
|-weather|RainDance|[upkeep]
|-heal|p2a: Jellicent|379\/404|[from] item: Leftovers
|-damage|p1a: Archeops|39\/291 brn|[from] brn
|turn|15
|
|move|p1a: Archeops|Taunt|p2a: Jellicent
|-start|p2a: Jellicent|move: Taunt
|move|p2a: Jellicent|Scald|p1a: Archeops
|-supereffective|p1a: Archeops
|-damage|p1a: Archeops|0 fnt
|faint|p1a: Archeops
|
|-weather|RainDance|[upkeep]
|-heal|p2a: Jellicent|404\/404|[from] item: Leftovers
|
|switch|p1a: Celebi|Celebi|175\/341
|turn|16
|
|switch|p2a: Darmanitan|Darmanitan, M|351\/351
|-damage|p2a: Darmanitan|264\/351|[from] Stealth Rock
|move|p1a: Celebi|Giga Drain|p2a: Darmanitan
|-resisted|p2a: Darmanitan
|-damage|p2a: Darmanitan|150\/351
|-heal|p1a: Celebi|232\/341|[from] drain|[of] p2a: Darmanitan
|-damage|p1a: Celebi|198\/341|[from] item: Life Orb
|
|-weather|none
|turn|17
|
|switch|p1a: Swampert|Swampert-Mega, F|347\/347
|move|p2a: Darmanitan|U-turn|p1a: Swampert
|-damage|p1a: Swampert|258\/347
|
|switch|p2a: Jellicent|Jellicent, M|404\/404
|-damage|p2a: Jellicent|354\/404|[from] Stealth Rock
|
|-heal|p2a: Jellicent|379\/404|[from] item: Leftovers
|turn|18
|
|switch|p1a: Jirachi|Jirachi|341\/341
|move|p2a: Jellicent|Will-O-Wisp|p1a: Jirachi
|-status|p1a: Jirachi|brn
|
|-heal|p2a: Jellicent|404\/404|[from] item: Leftovers
|-damage|p1a: Jirachi|299\/341 brn|[from] brn
|turn|19
|
|move|p1a: Jirachi|Trick|p2a: Jellicent
|-activate|p1a: Jirachi|move: Trick|[of] p2a: Jellicent
|-item|p2a: Jellicent|Choice Scarf|[from] move: Trick
|-item|p1a: Jirachi|Leftovers|[from] move: Trick
|move|p2a: Jellicent|Scald|p1a: Jirachi
|-damage|p1a: Jirachi|220\/341 brn
|
|-heal|p1a: Jirachi|241\/341 brn|[from] item: Leftovers
|-damage|p1a: Jirachi|199\/341 brn|[from] brn
|turn|20
|
|move|p1a: Jirachi|Healing Wish|p1a: Jirachi
|faint|p1a: Jirachi
|move|p2a: Jellicent|Scald|p1: Jirachi|[notarget]
|-notarget
|
|
|switch|p1a: Celebi|Celebi|198\/341
|-heal|p1a: Celebi|341\/341|[from] move: Healing Wish
|turn|21
|
|move|p1a: Celebi|Giga Drain|p2a: Jellicent
|-supereffective|p2a: Jellicent
|-damage|p2a: Jellicent|144\/404
|-damage|p1a: Celebi|307\/341|[from] item: Life Orb
|move|p2a: Jellicent|Scald|p1a: Celebi
|-resisted|p1a: Celebi
|-damage|p1a: Celebi|265\/341
|
|turn|22
|join|Am Eye Arr You
|
|move|p1a: Celebi|Giga Drain|p2a: Jellicent
|-supereffective|p2a: Jellicent
|-damage|p2a: Jellicent|0 fnt
|-heal|p1a: Celebi|337\/341|[from] drain|[of] p2a: Jellicent
|-damage|p1a: Celebi|303\/341|[from] item: Life Orb
|faint|p2a: Jellicent
|
|
|switch|p2a: Darmanitan|Darmanitan, M|150\/351
|-damage|p2a: Darmanitan|63\/351|[from] Stealth Rock
|turn|23
|
|move|p2a: Darmanitan|Superpower|p1a: Celebi
|-resisted|p1a: Celebi
|-damage|p1a: Celebi|224\/341
|-unboost|p2a: Darmanitan|atk|1
|-unboost|p2a: Darmanitan|def|1
|move|p1a: Celebi|Giga Drain|p2a: Darmanitan
|-resisted|p2a: Darmanitan
|-damage|p2a: Darmanitan|0 fnt
|-heal|p1a: Celebi|256\/341|[from] drain|[of] p2a: Darmanitan
|-damage|p1a: Celebi|222\/341|[from] item: Life Orb
|faint|p2a: Darmanitan
|
|
|switch|p2a: Krookodile|Krookodile, F|155\/331
|-damage|p2a: Krookodile|135\/331|[from] Stealth Rock
|turn|24
|
|move|p1a: Celebi|Giga Drain|p2a: Krookodile
|-supereffective|p2a: Krookodile
|-damage|p2a: Krookodile|0 fnt
|-heal|p1a: Celebi|290\/341|[from] drain|[of] p2a: Krookodile
|-damage|p1a: Celebi|256\/341|[from] item: Life Orb
|faint|p2a: Krookodile
|
|
|switch|p2a: Aerodactyl|Aerodactyl, M|311\/311
|-damage|p2a: Aerodactyl|234\/311|[from] Stealth Rock
|-ability|p2a: Aerodactyl|Pressure
|turn|25
|
|detailschange|p2a: Aerodactyl|Aerodactyl-Mega, M
|-mega|p2a: Aerodactyl|Aerodactyl|Aerodactylite
|move|p2a: Aerodactyl|Stone Edge|p1a: Celebi
|-damage|p1a: Celebi|85\/341
|move|p1a: Celebi|Giga Drain|p2a: Aerodactyl
|-crit|p2a: Aerodactyl
|-damage|p2a: Aerodactyl|26\/311
|-heal|p1a: Celebi|189\/341|[from] drain|[of] p2a: Aerodactyl
|-damage|p1a: Celebi|155\/341|[from] item: Life Orb
|
|turn|26
|
|move|p2a: Aerodactyl|Roost|p2a: Aerodactyl
|-heal|p2a: Aerodactyl|182\/311
|move|p1a: Celebi|Giga Drain|p2a: Aerodactyl
|-supereffective|p2a: Aerodactyl
|-damage|p2a: Aerodactyl|0 fnt
|-heal|p1a: Celebi|246\/341|[from] drain|[of] p2a: Aerodactyl
|-damage|p1a: Celebi|212\/341|[from] item: Life Orb
|faint|p2a: Aerodactyl
|
|win|hurricane hax
|raw|Ladder updating...
|raw|hurricane hax's rating: 1493 &rarr; <strong>1508<\/strong><br \/>(+15 for winning)
|raw|Dark Shout's rating: 1404 &rarr; <strong>1389<\/strong><br \/>(-15 for losing)
|leave|Dark Shout
|leave|Pink Core Is Back
|player|p2
|leave|Am Eye Arr You