|join|hurricane hax
|join|ladderup22
|player|p1|hurricane hax|171
|player|p2|ladderup22|101
|gametype|singles
|gen|6
|tier|UU
|rated
|rule|Sleep Clause Mod: Limit one foe put to sleep
|rule|Species Clause: Limit one of each PokÃ©mon
|rule|OHKO Clause: OHKO moves are banned
|rule|Moody Clause: Moody is banned
|rule|Evasion Moves Clause: Evasion moves are banned
|rule|Endless Battle Clause: Forcing endless battles is banned
|rule|HP Percentage Mod: HP is shown in percentages
|clearpoke
|poke|p1|Archeops, F
|poke|p1|Celebi
|poke|p1|Tornadus, M
|poke|p1|Swampert, M
|poke|p1|Qwilfish, F
|poke|p1|Jirachi
|poke|p2|Crobat, F
|poke|p2|Aggron, F
|poke|p2|Florges, F
|poke|p2|Eelektross, F
|poke|p2|Darmanitan, F
|poke|p2|Hitmontop, M
|rule|Swagger Clause: Swagger is banned
|rule|Baton Pass Clause: Limit one PokÃ©mon knowing Baton Pass
|teampreview
|
|start
|switch|p1a: Archeops|Archeops, F|291\/291
|switch|p2a: Crobat|Crobat, F|353\/353
|turn|1
|
|move|p2a: Crobat|Taunt|p1a: Archeops
|-start|p1a: Archeops|move: Taunt
|cant|p1a: Archeops|move: Taunt|Stealth Rock
|
|turn|2
|
|switch|p1a: Jirachi|Jirachi|341\/341
|move|p2a: Crobat|Toxic|p1a: Jirachi
|-fail|p1a: Jirachi
|
|turn|3
|
|switch|p2a: Hitmontop|Hitmontop, M|261\/261
|-ability|p2a: Hitmontop|Intimidate|[of] p1a: Jirachi
|-unboost|p1a: Jirachi|atk|1
|move|p1a: Jirachi|U-turn|p2a: Hitmontop
|-resisted|p2a: Hitmontop
|-damage|p2a: Hitmontop|243\/261
|
|switch|p1a: Tornadus|Tornadus, M|299\/299
|
|-heal|p2a: Hitmontop|259\/261|[from] item: Leftovers
|turn|4
|
|switch|p2a: Florges|Florges, F|360\/360
|move|p1a: Tornadus|Focus Blast|p2a: Florges|[miss]
|-miss|p1a: Tornadus|p2a: Florges
|
|turn|5
|
|switch|p1a: Archeops|Archeops, F|291\/291
|switch|p2a: Aggron|Aggron, F|344\/344
|
|turn|6
|
|detailschange|p2a: Aggron|Aggron-Mega, F
|-mega|p2a: Aggron|Aggron|Aggronite
|move|p1a: Archeops|Stealth Rock|p2a: Aggron
|-sidestart|p2: ladderup22|move: Stealth Rock
|move|p2a: Aggron|Stealth Rock|p1a: Archeops
|-sidestart|p1: hurricane hax|move: Stealth Rock
|
|turn|7
|
|move|p1a: Archeops|Taunt|p2a: Aggron
|-start|p2a: Aggron|move: Taunt
|cant|p2a: Aggron|move: Taunt|Thunder Wave
|
|turn|8
|
|switch|p2a: Hitmontop|Hitmontop, M|259\/261
|-damage|p2a: Hitmontop|243\/261|[from] Stealth Rock
|-ability|p2a: Hitmontop|Intimidate|[of] p1a: Archeops
|-unboost|p1a: Archeops|atk|1
|move|p1a: Archeops|Taunt|p2a: Hitmontop
|-start|p2a: Hitmontop|move: Taunt
|
|-heal|p2a: Hitmontop|259\/261|[from] item: Leftovers
|turn|9
|
|switch|p1a: Celebi|Celebi|341\/341
|-damage|p1a: Celebi|299\/341|[from] Stealth Rock
|move|p2a: Hitmontop|Rapid Spin|p1a: Celebi
|-damage|p1a: Celebi|282\/341
|-sideend|p2: ladderup22|Stealth Rock|[from] move: Rapid Spin|[of] p2a: Hitmontop
|
|-heal|p2a: Hitmontop|261\/261|[from] item: Leftovers
|turn|10
|
|switch|p2a: Darmanitan|Darmanitan, F|351\/351
|move|p1a: Celebi|Psychic|p2a: Darmanitan
|-damage|p2a: Darmanitan|53\/351
|-damage|p1a: Celebi|248\/341|[from] item: Life Orb
|
|turn|11
|
|switch|p1a: Archeops|Archeops, F|291\/291
|-damage|p1a: Archeops|219\/291|[from] Stealth Rock
|move|p2a: Darmanitan|U-turn|p1a: Archeops
|-resisted|p1a: Archeops
|-damage|p1a: Archeops|135\/291
|-damage|p2a: Darmanitan|18\/351|[from] item: Life Orb
|
|switch|p2a: Crobat|Crobat, F|353\/353
|
|turn|12
|
|move|p2a: Crobat|Brave Bird|p1a: Archeops
|-resisted|p1a: Archeops
|-damage|p1a: Archeops|37\/291
|-damage|p2a: Crobat|321\/353|[from] recoil|[of] p1a: Archeops
|move|p1a: Archeops|Head Smash|p2a: Crobat
|-supereffective|p2a: Crobat
|-damage|p2a: Crobat|0 fnt
|-damage|p1a: Archeops|0 fnt|[from] recoil|[of] p2a: Crobat
|faint|p2a: Crobat
|faint|p1a: Archeops
|
|
|switch|p1a: Tornadus|Tornadus, M|299\/299
|switch|p2a: Aggron|Aggron-Mega, F|344\/344
|-damage|p1a: Tornadus|225\/299|[from] Stealth Rock
|turn|13
|
|switch|p2a: Darmanitan|Darmanitan, F|18\/351
|move|p1a: Tornadus|Rain Dance|p1a: Tornadus
|-weather|RainDance
|
|-weather|RainDance|[upkeep]
|turn|14
|
|move|p1a: Tornadus|Hurricane|p2a: Darmanitan
|-damage|p2a: Darmanitan|0 fnt
|faint|p2a: Darmanitan
|
|-weather|RainDance|[upkeep]
|
|switch|p2a: Florges|Florges, F|360\/360
|turn|15
|
|switch|p1a: Qwilfish|Qwilfish, F|271\/271
|-damage|p1a: Qwilfish|238\/271|[from] Stealth Rock
|move|p2a: Florges|Protect|p2a: Florges
|-fail|p2a: Florges
|
|-weather|RainDance|[upkeep]
|turn|16
|
|move|p2a: Florges|Protect|p2a: Florges
|-singleturn|p2a: Florges|Protect
|move|p1a: Qwilfish|Swords Dance|p1a: Qwilfish
|-boost|p1a: Qwilfish|atk|2
|
|-weather|RainDance|[upkeep]
|turn|17
|
|switch|p2a: Aggron|Aggron-Mega, F|344\/344
|move|p1a: Qwilfish|Waterfall|p2a: Aggron
|-damage|p2a: Aggron|120\/344
|-damage|p1a: Qwilfish|211\/271|[from] item: Life Orb
|
|-weather|RainDance|[upkeep]
|turn|18
|
|switch|p2a: Hitmontop|Hitmontop, M|261\/261
|-ability|p2a: Hitmontop|Intimidate|[of] p1a: Qwilfish
|-unboost|p1a: Qwilfish|atk|1
|move|p1a: Qwilfish|Waterfall|p2a: Hitmontop
|-damage|p2a: Hitmontop|0 fnt
|-damage|p1a: Qwilfish|184\/271|[from] item: Life Orb
|faint|p2a: Hitmontop
|
|-weather|RainDance|[upkeep]
|
|switch|p2a: Aggron|Aggron-Mega, F|120\/344
|turn|19
|
|move|p1a: Qwilfish|Waterfall|p2a: Aggron
|-damage|p2a: Aggron|0 fnt
|-damage|p1a: Qwilfish|157\/271|[from] item: Life Orb
|faint|p2a: Aggron
|
|-weather|RainDance|[upkeep]
|
|switch|p2a: Florges|Florges, F|360\/360
|turn|20
|
|move|p1a: Qwilfish|Poison Jab|p2a: Florges
|-supereffective|p2a: Florges
|-damage|p2a: Florges|0 fnt
|-damage|p1a: Qwilfish|130\/271|[from] item: Life Orb
|faint|p2a: Florges
|
|-weather|none
|join|Bob the Wut
|-message|ladderup22 forfeited.
|leave|ladderup22
|
|switch|p2a: Eelektross|Eelektross, F|354\/354
|turn|21
|
|win|hurricane hax
|raw|Ladder updating...
|player|p2
|raw|hurricane hax's rating: 1558 &rarr; <strong>1568<\/strong><br \/>(+10 for winning)
|raw|ladderup22's rating: 1375 &rarr; <strong>1364<\/strong><br \/>(-11 for losing)
|leave|Bob the Wut