|join|ULT SmogonGayBaby
|join|hurricane hax
|join|Zhaf
|join|Tipsy Russian
|join|thunderkid blitz
|join|Mxrgan
|join|Emma Bae â¥
|player|p1|ULT SmogonGayBaby|167
|player|p2|hurricane hax|171
|gametype|singles
|gen|6
|tier|UU
|rule|Sleep Clause Mod: Limit one foe put to sleep
|rule|Species Clause: Limit one of each PokÃ©mon
|rule|OHKO Clause: OHKO moves are banned
|rule|Moody Clause: Moody is banned
|rule|Evasion Moves Clause: Evasion moves are banned
|rule|Endless Battle Clause: Forcing endless battles is banned
|rule|HP Percentage Mod: HP is shown in percentages
|clearpoke
|poke|p1|Blissey, F
|poke|p1|Aggron, M
|poke|p1|Chesnaught, M
|poke|p1|Tentacruel, M
|poke|p1|Swampert, M
|poke|p1|Spiritomb, M
|poke|p2|Infernape, F
|poke|p2|Celebi
|poke|p2|Tornadus, M
|poke|p2|Swampert, F
|poke|p2|Qwilfish, F
|poke|p2|Jirachi
|rule|Swagger Clause: Swagger is banned
|rule|Baton Pass Clause: Limit one PokÃ©mon knowing Baton Pass
|teampreview
|join|pokemanMastur
|join|ULT Narcotics
|join|ANGER MANAGEMENT
|join|LiberalLucario
|join|Shit User
|join|OVERTIME
|
|start
|switch|p1a: Chesnaught|Chesnaught, M|380\/380
|switch|p2a: Infernape|Infernape, F|293\/293
|turn|1
|c| pokemanMastur|why is there no love for my boy alakazam?
|
|move|p1a: Chesnaught|Spiky Shield|p1a: Chesnaught
|-singleturn|p1a: Chesnaught|move: Protect
|move|p2a: Infernape|Stealth Rock|p1a: Chesnaught
|-sidestart|p1: ULT SmogonGayBaby|move: Stealth Rock
|
|turn|2
|c| ULT Narcotics|That Stall :3
|join|WhyTho
|join|hyeeeg
|
|switch|p2a: Celebi|Celebi|341\/341
|switch|p1a: Tentacruel|Tentacruel, M|352\/352
|-damage|p1a: Tentacruel|308\/352|[from] Stealth Rock
|
|-heal|p1a: Tentacruel|330\/352|[from] item: Black Sludge
|turn|3
|join|Dracp
|
|move|p2a: Celebi|Earth Power|p1a: Tentacruel
|-supereffective|p1a: Tentacruel
|-damage|p1a: Tentacruel|166\/352
|-unboost|p1a: Tentacruel|spd|1
|move|p1a: Tentacruel|Knock Off|p2a: Celebi
|-supereffective|p2a: Celebi
|-damage|p2a: Celebi|237\/341
|-enditem|p2a: Celebi|Leftovers|[from] move: Knock Off|[of] p1a: Tentacruel
|
|-heal|p1a: Tentacruel|188\/352|[from] item: Black Sludge
|turn|4
|join|LessThanThreeMan
|join|xShiba
|join|Ludicolo For OU
|join|Rayoflightning
|
|switch|p2a: Qwilfish|Qwilfish, F|271\/271
|switch|p1a: Blissey|Blissey, F|651\/651
|-damage|p1a: Blissey|570\/651|[from] Stealth Rock
|
|-heal|p1a: Blissey|610\/651|[from] item: Leftovers
|turn|5
|join|Samsung2310
|join|BenzMafia
|
|switch|p1a: Aggron|Aggron, M|344\/344
|-damage|p1a: Aggron|323\/344|[from] Stealth Rock
|move|p2a: Qwilfish|Swords Dance|p2a: Qwilfish
|-boost|p2a: Qwilfish|atk|2
|
|turn|6
|join|So Dynamic
|c| Shit User|sigh if only mega pert got sd sigh
|c| Shit User|**sigh**
|c| So Dynamic|it gets curse
|c| So Dynamic|!
|c| ULT Narcotics|qwilfish > pert :p
|c| hyeeeg|2 turns of set up suck
|
|switch|p2a: Celebi|Celebi|237\/341
|detailschange|p1a: Aggron|Aggron-Mega, M
|-mega|p1a: Aggron|Aggron|Aggronite
|move|p1a: Aggron|Earthquake|p2a: Celebi
|-resisted|p2a: Celebi
|-damage|p2a: Celebi|185\/341
|
|turn|7
|join|Silver - Midnight
|c| Zhaf|It only gets bulk up.
|
|move|p2a: Celebi|Earth Power|p1a: Aggron
|-supereffective|p1a: Aggron
|-damage|p1a: Aggron|211\/344
|move|p1a: Aggron|Stealth Rock|p2a: Celebi
|-sidestart|p2: hurricane hax|move: Stealth Rock
|
|turn|8
|join|Volbeatdown
|
|switch|p2a: Infernape|Infernape, F|293\/293
|-damage|p2a: Infernape|257\/293|[from] Stealth Rock
|switch|p1a: Chesnaught|Chesnaught, M|380\/380
|-damage|p1a: Chesnaught|357\/380|[from] Stealth Rock
|
|-heal|p1a: Chesnaught|380\/380|[from] item: Leftovers
|turn|9
|c| Zhaf|Nvm, curse lol.
|c| Mxrgan|If only mega pert was in love with the coco
|
|move|p1a: Chesnaught|Spiky Shield|p1a: Chesnaught
|-singleturn|p1a: Chesnaught|move: Protect
|move|p2a: Infernape|Fire Blast|p1a: Chesnaught
|-activate|p1a: Chesnaught|move: Protect
|
|turn|10
|
|switch|p2a: Celebi|Celebi|185\/341
|-damage|p2a: Celebi|143\/341|[from] Stealth Rock
|switch|p1a: Swampert|Swampert, M|403\/403
|-damage|p1a: Swampert|378\/403|[from] Stealth Rock
|
|-heal|p1a: Swampert|403\/403|[from] item: Leftovers
|turn|11
|
|switch|p1a: Blissey|Blissey, F|610\/651
|-damage|p1a: Blissey|529\/651|[from] Stealth Rock
|move|p2a: Celebi|Giga Drain|p1a: Blissey
|-damage|p1a: Blissey|453\/651
|-heal|p2a: Celebi|181\/341|[from] drain|[of] p1a: Blissey
|
|-heal|p1a: Blissey|493\/651|[from] item: Leftovers
|turn|12
|
|switch|p2a: Infernape|Infernape, F|257\/293
|-damage|p2a: Infernape|221\/293|[from] Stealth Rock
|move|p1a: Blissey|Wish|p1a: Blissey
|
|-heal|p1a: Blissey|533\/651|[from] item: Leftovers
|turn|13
|join|xMarth
|
|switch|p2a: Swampert|Swampert, F|347\/347
|-damage|p2a: Swampert|326\/347|[from] Stealth Rock
|switch|p1a: Tentacruel|Tentacruel, M|188\/352
|-damage|p1a: Tentacruel|144\/352|[from] Stealth Rock
|
|-heal|p1a: Tentacruel|352\/352|[from] move: Wish|[wisher] Blissey
|turn|14
|c| Silver - Midnight|these plays...
|c| So Dynamic|stay in here
|
|switch|p1a: Chesnaught|Chesnaught, M|380\/380
|-damage|p1a: Chesnaught|357\/380|[from] Stealth Rock
|detailschange|p2a: Swampert|Swampert-Mega, F
|-mega|p2a: Swampert|Swampert|Swampertite
|move|p2a: Swampert|Earthquake|p1a: Chesnaught
|-resisted|p1a: Chesnaught
|-damage|p1a: Chesnaught|292\/380
|
|-heal|p1a: Chesnaught|315\/380|[from] item: Leftovers
|turn|15
|
|switch|p2a: Celebi|Celebi|181\/341
|-damage|p2a: Celebi|139\/341|[from] Stealth Rock
|move|p1a: Chesnaught|Leech Seed|p2a: Celebi
|-immune|p2a: Celebi|[msg]
|
|-heal|p1a: Chesnaught|338\/380|[from] item: Leftovers
|turn|16
|join|VividLatias
|c| Silver - Midnight|all hail the scrub lord
|c| VividLatias|eaglehawk
|c| VividLatias|u better win this
|c| VividLatias|for me
|
|move|p2a: Celebi|Nasty Plot|p2a: Celebi
|-boost|p2a: Celebi|spa|2
|move|p1a: Chesnaught|Spikes|p2a: Celebi
|-sidestart|p2: hurricane hax|Spikes
|
|-heal|p1a: Chesnaught|361\/380|[from] item: Leftovers
|turn|17
|join|Alldaalts
|leave|pokemanMastur
|
|switch|p1a: Blissey|Blissey, F|533\/651
|-damage|p1a: Blissey|452\/651|[from] Stealth Rock
|move|p2a: Celebi|Giga Drain|p1a: Blissey
|-damage|p1a: Blissey|305\/651
|-heal|p2a: Celebi|213\/341|[from] drain|[of] p1a: Blissey
|
|-heal|p1a: Blissey|345\/651|[from] item: Leftovers
|turn|18
|c| LessThanThreeMan|I was kinda suprised this wasn't a pidgeot team
|c| LessThanThreeMan|with that name
|c| LessThanThreeMan|!
|
|move|p2a: Celebi|Psychic|p1a: Blissey
|-damage|p1a: Blissey|179\/651
|move|p1a: Blissey|Toxic|p2a: Celebi
|-status|p2a: Celebi|tox
|
|-heal|p1a: Blissey|219\/651|[from] item: Leftovers
|-damage|p2a: Celebi|192\/341 tox|[from] psn
|turn|19
|c| Silver - Midnight|aw
|
|switch|p2a: Infernape|Infernape, F|221\/293
|-damage|p2a: Infernape|185\/293|[from] Spikes
|-damage|p2a: Infernape|149\/293|[from] Stealth Rock
|move|p1a: Blissey|Soft-Boiled|p1a: Blissey
|-heal|p1a: Blissey|545\/651
|
|-heal|p1a: Blissey|585\/651|[from] item: Leftovers
|turn|20
|
|switch|p1a: Tentacruel|Tentacruel, M|352\/352
|-damage|p1a: Tentacruel|308\/352|[from] Stealth Rock
|move|p2a: Infernape|Taunt|p1a: Tentacruel
|-start|p1a: Tentacruel|move: Taunt
|
|-heal|p1a: Tentacruel|330\/352|[from] item: Black Sludge
|turn|21
|c| Emma Bae â¥|This is going to be a long game..
|
|move|p2a: Infernape|Endeavor|p1a: Tentacruel
|-damage|p1a: Tentacruel|149\/352
|move|p1a: Tentacruel|Rapid Spin|p2a: Infernape
|-crit|p2a: Infernape
|-damage|p2a: Infernape|126\/293
|-sideend|p1: ULT SmogonGayBaby|Stealth Rock|[from] move: Rapid Spin|[of] p1a: Tentacruel
|
|-heal|p1a: Tentacruel|171\/352|[from] item: Black Sludge
|turn|22
|c|âhurricane hax|n i can't break through him
|
|switch|p2a: Celebi|Celebi|192\/341
|-damage|p2a: Celebi|150\/341|[from] Stealth Rock
|-damage|p2a: Celebi|108\/341|[from] Spikes
|move|p1a: Tentacruel|Scald|p2a: Celebi
|-resisted|p2a: Celebi
|-damage|p2a: Celebi|66\/341
|
|-heal|p1a: Tentacruel|193\/352|[from] item: Black Sludge
|turn|23
|c| Zhaf|That's stall for ya.
|
|switch|p2a: Infernape|Infernape, F|126\/293
|-damage|p2a: Infernape|90\/293|[from] Spikes
|-damage|p2a: Infernape|54\/293|[from] Stealth Rock
|switch|p1a: Blissey|Blissey, F|585\/651
|
|-heal|p1a: Blissey|625\/651|[from] item: Leftovers
|turn|24
|c| Shit User|smogon gay baby
|c| ULT Narcotics|Celebi could if you manage to Nasty plot enough
|c| Shit User|how do you even beat
|c| Shit User|crocune
|c| Shit User|0.o
|
|switch|p1a: Swampert|Swampert, M|403\/403
|move|p2a: Infernape|Endeavor|p1a: Swampert
|-damage|p1a: Swampert|54\/403
|
|-heal|p1a: Swampert|79\/403|[from] item: Leftovers
|turn|25
|leave|Samsung2310
|join|Samsung2310
|leave|Samsung2310
|c| Volbeatdown|tha counter
|
|move|p2a: Infernape|Fire Blast|p1a: Swampert
|-resisted|p1a: Swampert
|-damage|p1a: Swampert|0 fnt
|faint|p1a: Swampert
|
|
|switch|p1a: Tentacruel|Tentacruel, M|193\/352
|turn|26
|
|move|p2a: Infernape|Endeavor|p1a: Tentacruel
|-damage|p1a: Tentacruel|54\/352
|move|p1a: Tentacruel|Scald|p2a: Infernape
|-supereffective|p2a: Infernape
|-damage|p2a: Infernape|0 fnt
|faint|p2a: Infernape
|
|-heal|p1a: Tentacruel|76\/352|[from] item: Black Sludge
|c|âULT SmogonGayBaby|are ghost types immune to endeavor?
|c| Silver - Midnight|duh
|c| ULT Narcotics|y
|c| hyeeeg|yes
|c|âULT SmogonGayBaby|oh
|c| Zhaf|They should..
|c|âULT SmogonGayBaby|OHH
|
|switch|p2a: Swampert|Swampert-Mega, F|326\/347
|-damage|p2a: Swampert|283\/347|[from] Spikes
|-damage|p2a: Swampert|262\/347|[from] Stealth Rock
|turn|27
|c|âULT SmogonGayBaby|SHIT
|c| Silver - Midnight|gj
|c| Zhaf|Yup..
|
|switch|p1a: Chesnaught|Chesnaught, M|361\/380
|move|p2a: Swampert|Earthquake|p1a: Chesnaught
|-crit|p1a: Chesnaught
|-resisted|p1a: Chesnaught
|-damage|p1a: Chesnaught|267\/380
|
|-heal|p1a: Chesnaught|290\/380|[from] item: Leftovers
|turn|28
|
|move|p2a: Swampert|Ice Punch|p1a: Chesnaught
|-supereffective|p1a: Chesnaught
|-damage|p1a: Chesnaught|158\/380
|move|p1a: Chesnaught|Leech Seed|p2a: Swampert
|-start|p2a: Swampert|move: Leech Seed
|
|-heal|p1a: Chesnaught|181\/380|[from] item: Leftovers
|-damage|p2a: Swampert|219\/347|[from] Leech Seed|[of] p1a: Chesnaught
|-heal|p1a: Chesnaught|224\/380|[silent]
|turn|29
|c| Silver - Midnight|it was a good play, he predicted scrappy ape. nb
|
|switch|p2a: Tornadus|Tornadus, M|299\/299
|-damage|p2a: Tornadus|225\/299|[from] Stealth Rock
|move|p1a: Chesnaught|Spiky Shield|p1a: Chesnaught
|-fail|p1a: Chesnaught
|
|-heal|p1a: Chesnaught|247\/380|[from] item: Leftovers
|turn|30
|leave|Alldaalts
|join|whoknowsman
|
|switch|p1a: Aggron|Aggron-Mega, M|211\/344
|move|p2a: Tornadus|Rain Dance|p2a: Tornadus
|-weather|RainDance
|
|-weather|RainDance|[upkeep]
|turn|31
|
|move|p2a: Tornadus|Focus Blast|p1a: Aggron
|-supereffective|p1a: Aggron
|-damage|p1a: Aggron|37\/344
|move|p1a: Aggron|Heavy Slam|p2a: Tornadus
|-damage|p2a: Tornadus|0 fnt
|faint|p2a: Tornadus
|
|-weather|RainDance|[upkeep]
|c| Silver - Midnight|death via megapert inbound
|
|switch|p2a: Qwilfish|Qwilfish, F|271\/271
|-damage|p2a: Qwilfish|238\/271|[from] Spikes
|-damage|p2a: Qwilfish|205\/271|[from] Stealth Rock
|turn|32
|c| Silver - Midnight|or. why you do dis
|
|switch|p1a: Tentacruel|Tentacruel, M|76\/352
|move|p2a: Qwilfish|Waterfall|p1a: Tentacruel
|-resisted|p1a: Tentacruel
|-damage|p1a: Tentacruel|0 fnt
|-damage|p2a: Qwilfish|178\/271|[from] item: Life Orb
|faint|p1a: Tentacruel
|
|-weather|RainDance|[upkeep]
|c| Zhaf|The threat is in.
|c| ULT Narcotics|if he SD he wins
|c| Shit User|itll be out in a sec
|
|switch|p1a: Chesnaught|Chesnaught, M|247\/380
|turn|33
|c| Shit User|xddd
|c| Volbeatdown|sd
|c| Shit User|o
|c| Shit User|nice will o
|c| So Dynamic|hes jabbing
|c| So Dynamic|on the seed
|
|move|p1a: Chesnaught|Spiky Shield|p1a: Chesnaught
|-singleturn|p1a: Chesnaught|move: Protect
|move|p2a: Qwilfish|Poison Jab|p1a: Chesnaught
|-activate|p1a: Chesnaught|move: Protect
|-damage|p2a: Qwilfish|145\/271|[from] Spiky Shield|[of] p1a: Chesnaught
|
|-weather|RainDance|[upkeep]
|-heal|p1a: Chesnaught|270\/380|[from] item: Leftovers
|turn|34
|c| Volbeatdown|sd
|c| So Dynamic|see
|c| Shit User|best protect ever
|c| Shit User|what the fuck
|c| So Dynamic|that was a 50\/50
|c| Shit User|do you want to get run through
|
|switch|p1a: Spiritomb|Spiritomb, M|304\/304
|move|p2a: Qwilfish|Poison Jab|p1a: Spiritomb
|-resisted|p1a: Spiritomb
|-damage|p1a: Spiritomb|242\/304
|-status|p1a: Spiritomb|psn
|-damage|p2a: Qwilfish|118\/271|[from] item: Life Orb
|
|-weather|RainDance|[upkeep]
|-heal|p1a: Spiritomb|261\/304 psn|[from] item: Leftovers
|-damage|p1a: Spiritomb|223\/304 psn|[from] psn
|turn|35
|c| Shit User|it wasnt really a 50 50
|c| So Dynamic|yes it was
|c| Tipsy Russian|flinch
|c| Shit User|no cos naught couldnt ohko
|c| Shit User|and eaglehawk has tiny balls
|c| So Dynamic|taunt
|c|âULT SmogonGayBaby|better switch to megapert
|c| So Dynamic|taunt sd
|c| So Dynamic|inc
|c| ULT Narcotics|pretty sur he doesnt run Taunt :p
|c| Shit User|why hes saving maggron
|c| Shit User|im not sure
|c| Silver - Midnight|hurricane is taking a fat shit on stall atm. fun to watch
|
|move|p2a: Qwilfish|Waterfall|p1a: Spiritomb
|-damage|p1a: Spiritomb|55\/304 psn
|-damage|p2a: Qwilfish|91\/271|[from] item: Life Orb
|cant|p1a: Spiritomb|flinch
|
|-weather|RainDance|[upkeep]
|-heal|p1a: Spiritomb|74\/304 psn|[from] item: Leftovers
|-damage|p1a: Spiritomb|36\/304 psn|[from] psn
|turn|36
|c| Zhaf|Death fodder or wish container from blissey.
|c|âhurricane hax|!
|c| Emma Bae â¥|Ayy
|c| Tipsy Russian|i called it
|c| Tipsy Russian|not hax
|c| Shit User|got em!
|c| Shit User|bop!
|c| LiberalLucario|nb,,
|c| Shit User|ayy lmao!
|c| OVERTIME|easiest flinch of his life
|c|âhurricane hax|i cancelled lol
|c| Shit User|__**memes**__
|join|Technosis
|c| Silver - Midnight|what could Tomb even do tho
|c| So Dynamic|wisp
|c| ANGER MANAGEMENT|foul play
|
|move|p2a: Qwilfish|Poison Jab|p1a: Spiritomb
|-resisted|p1a: Spiritomb
|-damage|p1a: Spiritomb|0 fnt
|-damage|p2a: Qwilfish|64\/271|[from] item: Life Orb
|faint|p1a: Spiritomb
|
|-weather|RainDance|[upkeep]
|c| Emma Bae â¥|where's the sneak\/sucker?
|c| Tipsy Russian|why is he not running suck
|c| Emma Bae â¥|"suck"
|c| ANGER MANAGEMENT|foul play wisp
|c|âhurricane hax|he's defensive
|c|âhurricane hax|resttalk prob
|
|switch|p1a: Chesnaught|Chesnaught, M|270\/380
|turn|37
|c| So Dynamic|mindgames incoming
|c| Emma Bae â¥|oh..
|c| Silver - Midnight|resttalk wisp
|c| Silver - Midnight|why
|
|switch|p2a: Celebi|Celebi|66\/341
|-damage|p2a: Celebi|24\/341|[from] Spikes
|-damage|p2a: Celebi|0 fnt|[from] Stealth Rock
|faint|p2a: Celebi
|move|p1a: Chesnaught|Spiky Shield|p1a: Chesnaught
|-fail|p1a: Chesnaught
|
|-weather|none
|-heal|p1a: Chesnaught|293\/380|[from] item: Leftovers
|c| ANGER MANAGEMENT|because it's defensive
|c| So Dynamic|for a spinblocker fighting check
|c| Zhaf|stall, that's why.
|c| Silver - Midnight|stall is an ugly terrible thing
|
|switch|p2a: Swampert|Swampert-Mega, F|219\/347
|-damage|p2a: Swampert|176\/347|[from] Spikes
|-damage|p2a: Swampert|155\/347|[from] Stealth Rock
|turn|38
|c| So Dynamic|thats cause u dont prepare for it
|
|move|p2a: Swampert|Ice Punch|p1a: Chesnaught
|-supereffective|p1a: Chesnaught
|-damage|p1a: Chesnaught|179\/380
|move|p1a: Chesnaught|Leech Seed|p2a: Swampert|[miss]
|-miss|p1a: Chesnaught|p2a: Swampert
|
|-heal|p1a: Chesnaught|202\/380|[from] item: Leftovers
|turn|39
|c| Zhaf|Def not my cup of tea.
|
|move|p1a: Chesnaught|Spiky Shield|p1a: Chesnaught
|-singleturn|p1a: Chesnaught|move: Protect
|move|p2a: Swampert|Ice Punch|p1a: Chesnaught
|-activate|p1a: Chesnaught|move: Protect
|-damage|p2a: Swampert|112\/347|[from] Spiky Shield|[of] p1a: Chesnaught
|
|-heal|p1a: Chesnaught|225\/380|[from] item: Leftovers
|turn|40
|c| Tipsy Russian|oof
|
|move|p2a: Swampert|Ice Punch|p1a: Chesnaught
|-supereffective|p1a: Chesnaught
|-damage|p1a: Chesnaught|107\/380
|move|p1a: Chesnaught|Leech Seed|p2a: Swampert
|-start|p2a: Swampert|move: Leech Seed
|
|-heal|p1a: Chesnaught|130\/380|[from] item: Leftovers
|-damage|p2a: Swampert|69\/347|[from] Leech Seed|[of] p1a: Chesnaught
|-heal|p1a: Chesnaught|173\/380|[silent]
|turn|41
|
|move|p1a: Chesnaught|Spiky Shield|p1a: Chesnaught
|-singleturn|p1a: Chesnaught|move: Protect
|move|p2a: Swampert|Ice Punch|p1a: Chesnaught
|-activate|p1a: Chesnaught|move: Protect
|-damage|p2a: Swampert|26\/347|[from] Spiky Shield|[of] p1a: Chesnaught
|
|-heal|p1a: Chesnaught|196\/380|[from] item: Leftovers
|-damage|p2a: Swampert|0 fnt|[from] Leech Seed|[of] p1a: Chesnaught
|-heal|p1a: Chesnaught|222\/380|[silent]
|faint|p2a: Swampert
|c| Technosis|what's up with this glitch where the megas keep disappearing?
|
|switch|p2a: Jirachi|Jirachi|341\/341
|-damage|p2a: Jirachi|320\/341|[from] Stealth Rock
|-damage|p2a: Jirachi|278\/341|[from] Spikes
|turn|42
|c| OVERTIME|i think some stuff has been a lil wonky since the restart
|c| So Dynamic|ahh the healing wish
|
|move|p2a: Jirachi|Healing Wish|p2a: Jirachi
|faint|p2a: Jirachi
|move|p1a: Chesnaught|Leech Seed|p2: Jirachi|[notarget]
|-notarget
|
|-heal|p1a: Chesnaught|245\/380|[from] item: Leftovers
|c|âhurricane hax|you guys
|c| Shit User|ahhhhh nbnbnbnbnbnbnb
|c|âhurricane hax|need to shut the fuck up in battles
|c| Shit User|nb
|c| Shit User|lol
|
|switch|p2a: Qwilfish|Qwilfish, F|64\/271
|-heal|p2a: Qwilfish|271\/271|[from] move: Healing Wish
|-damage|p2a: Qwilfish|238\/271|[from] Stealth Rock
|-damage|p2a: Qwilfish|205\/271|[from] Spikes
|turn|43
|c|âULT SmogonGayBaby|hurricane hax
|c|âULT SmogonGayBaby|stop
Shit User was promoted to Room Voice by ULT SmogonGayBaby.
Technosis was promoted to Room Voice by ULT SmogonGayBaby.
|c|+Shit User|ok
|c|âULT SmogonGayBaby|ok
|c| Tipsy Russian|rip me!!!
|
|move|p1a: Chesnaught|Spiky Shield|p1a: Chesnaught
|-singleturn|p1a: Chesnaught|move: Protect
|move|p2a: Qwilfish|Swords Dance|p2a: Qwilfish
|-boost|p2a: Qwilfish|atk|2
|
|-heal|p1a: Chesnaught|268\/380|[from] item: Leftovers
|turn|44
Tipsy Russian was promoted to Room Voice by ULT SmogonGayBaby.
|c| Mxrgan|H
|c|âhurricane hax|dumbass
|c| whoknowsman|obvious sd
|c| So Dynamic|in
|c| whoknowsman|wtf
|c|+Shit User|he protecte
|c|+Shit User|every
|c|+Shit User|time
|c|+Shit User|like what the fuck
|c|+Shit User|why
|
|move|p2a: Qwilfish|Poison Jab|p1a: Chesnaught
|-supereffective|p1a: Chesnaught
|-damage|p1a: Chesnaught|0 fnt
|-damage|p2a: Qwilfish|178\/271|[from] item: Life Orb
|faint|p1a: Chesnaught
|
|c| So Dynamic|qwilfish
|c| ANGER MANAGEMENT|there was zero reason to spiky
|c| whoknowsman|your best play was seed
|c| So Dynamic|si in
|c|+Shit User|he wanted to lose i guess
|c|âULT SmogonGayBaby|eh
|
|switch|p1a: Aggron|Aggron-Mega, M|37\/344
|turn|45
|leave|Dracp
|c|âULT SmogonGayBaby|choked
|c| Silver - Midnight|cue the qwil sweep. oh shiet
|
|move|p2a: Qwilfish|Waterfall|p1a: Aggron
|-damage|p1a: Aggron|0 fnt
|-damage|p2a: Qwilfish|151\/271|[from] item: Life Orb
|faint|p1a: Aggron
|
|c|+Shit User|you did it every time
|c|+Shit User|like a complete idiot
|c| Silver - Midnight|^
|c|âhurricane hax|you still won...
|leave|whoknowsman
|join|whoknowsman
|c|+Shit User|im p sure u knew he had sd
|leave|whoknowsman
|join|whoknowsman
|leave|xShiba
|leave|whoknowsman
|join|xShiba
|leave|xShiba
|
|switch|p1a: Blissey|Blissey, F|625\/651
|turn|46
|c| OVERTIME|counter sash
|c| OVERTIME|counter sash
|c| OVERTIME|counter sash
|c|+Tipsy Russian|97% sash imo
|c|+Shit User|y
|c| Silver - Midnight|97%. rip
|c| Emma Bae â¥|focus band
|c| ULT Narcotics|he runs Seismic toss pretty sur :p
|
|move|p2a: Qwilfish|Swords Dance|p2a: Qwilfish
|-boost|p2a: Qwilfish|atk|2
|move|p1a: Blissey|Soft-Boiled|p1a: Blissey
|-heal|p1a: Blissey|651\/651
|
|turn|47
|-message|ULT SmogonGayBaby forfeited.
|c| Zhaf|Now the sash is real.
|leave|Emma Bae â¥
|join|Emma Bae â¥
|leave|Emma Bae â¥
|leave|OVERTIME
|
|win|hurricane hax
|leave|hyeeeg
|leave|WhyTho
|join|WhyTho
|leave|WhyTho
|leave|So Dynamic
|c| Zhaf|Guess not.
|join|So Dynamic
|leave|ULT SmogonGayBaby
|leave|So Dynamic
|leave|ANGER MANAGEMENT
|leave|Mxrgan
|leave|Tipsy Russian
|leave|Rayoflightning
|leave|Ludicolo For OU
|player|p1
|leave|Shit User
|leave|ULT Narcotics
|join|Shit User
|leave|Zhaf
|leave|Shit User