|join|hurricane hax
|join|aqbf
|player|p1|hurricane hax|171
|player|p2|aqbf|4
|gametype|singles
|gen|6
|tier|UU
|rated
|rule|Sleep Clause Mod: Limit one foe put to sleep
|rule|Species Clause: Limit one of each PokÃ©mon
|rule|OHKO Clause: OHKO moves are banned
|rule|Moody Clause: Moody is banned
|rule|Evasion Moves Clause: Evasion moves are banned
|rule|Endless Battle Clause: Forcing endless battles is banned
|rule|HP Percentage Mod: HP is shown in percentages
|clearpoke
|poke|p1|Archeops, F
|poke|p1|Celebi
|poke|p1|Tornadus, M
|poke|p1|Swampert, M
|poke|p1|Qwilfish, F
|poke|p1|Jirachi
|poke|p2|Toxicroak, M
|poke|p2|Chandelure, M
|poke|p2|Aerodactyl, F, shiny
|poke|p2|Krookodile, F
|poke|p2|Swampert, F
|poke|p2|Whimsicott, F
|rule|Swagger Clause: Swagger is banned
|rule|Baton Pass Clause: Limit one PokÃ©mon knowing Baton Pass
|teampreview
|
|start
|switch|p1a: Archeops|Archeops, F|291\/291
|switch|p2a: Ridley|Aerodactyl, F, shiny|331\/331
|-ability|p2a: Ridley|Pressure
|turn|1
|
|detailschange|p2a: Ridley|Aerodactyl-Mega, F, shiny
|-mega|p2a: Ridley|Aerodactyl|Aerodactylite
|move|p2a: Ridley|Aqua Tail|p1a: Archeops|[miss]
|-miss|p2a: Ridley|p1a: Archeops
|move|p1a: Archeops|Stealth Rock|p2a: Ridley
|-sidestart|p2: aqbf|move: Stealth Rock
|
|turn|2
|c|âaqbf|goddammit
|c|âhurricane hax|:(
|c|âaqbf|at least you didn't get off a stone edge
|
|move|p2a: Ridley|Aqua Tail|p1a: Archeops
|-supereffective|p1a: Archeops
|-enditem|p1a: Archeops|Focus Sash
|-damage|p1a: Archeops|1\/291
|move|p1a: Archeops|Head Smash|p2a: Ridley
|-supereffective|p2a: Ridley
|-damage|p2a: Ridley|0 fnt
|-damage|p1a: Archeops|0 fnt|[from] recoil|[of] p2a: Ridley
|faint|p2a: Ridley
|faint|p1a: Archeops
|
|c|âaqbf|lol what
|c|âaqbf|how did that
|c|âaqbf|why is that so strong?
|c|âaqbf|after defeatist
|c|âhurricane hax|strong
|c|âaqbf|like I'd think a half attack nonitem head smash would be livable
|c|âhurricane hax|!data head smash
|c|~|\/data-move Head Smash

|
|switch|p2a: Whimsicott|Whimsicott, F|261\/261
|switch|p1a: Celebi|Celebi|341\/341
|-damage|p2a: Whimsicott|229\/261|[from] Stealth Rock
|turn|3
|
|move|p2a: Whimsicott|U-turn|p1a: Celebi
|-supereffective|p1a: Celebi
|-damage|p1a: Celebi|149\/341
|-damage|p2a: Whimsicott|203\/261|[from] item: Life Orb
|
|switch|p2a: Phantoon|Chandelure, M|272\/272
|-damage|p2a: Phantoon|204\/272|[from] Stealth Rock
|move|p1a: Celebi|Psychic|p2a: Phantoon
|-damage|p2a: Phantoon|17\/272
|-damage|p1a: Celebi|115\/341|[from] item: Life Orb
|
|-heal|p2a: Phantoon|34\/272|[from] item: Leftovers
|turn|4
|join|SmashBrosBrawl
|
|move|p1a: Celebi|Psychic|p2a: Phantoon
|-damage|p2a: Phantoon|0 fnt
|-damage|p1a: Celebi|81\/341|[from] item: Life Orb
|faint|p2a: Phantoon
|
|c|+SmashBrosBrawl|dodmen
|c|âhurricane hax|?
|c|+SmashBrosBrawl|nice garbdix
|c|+SmashBrosBrawl|pkmns
|
|switch|p2a: Crocomire|Krookodile, F|332\/332
|-damage|p2a: Crocomire|312\/332|[from] Stealth Rock
|turn|5
|
|switch|p1a: Swampert|Swampert, M|347\/347
|move|p2a: Crocomire|Knock Off|p1a: Swampert
|-crit|p1a: Swampert
|-damage|p1a: Swampert|164\/347
|
|turn|6
|c|âaqbf|oh okay
|c|âaqbf|that's annoying
|
|switch|p2a: Kraid|Swampert, F|404\/404
|-damage|p2a: Kraid|379\/404|[from] Stealth Rock
|detailschange|p1a: Swampert|Swampert-Mega, M
|-mega|p1a: Swampert|Swampert|Swampertite
|move|p1a: Swampert|Rain Dance|p1a: Swampert
|-weather|RainDance
|
|-weather|RainDance|[upkeep]
|-heal|p2a: Kraid|404\/404|[from] item: Leftovers
|turn|7
|
|move|p1a: Swampert|Waterfall|p2a: Kraid
|-crit|p2a: Kraid
|-damage|p2a: Kraid|124\/404
|move|p2a: Kraid|Stealth Rock|p1a: Swampert
|-sidestart|p1: hurricane hax|move: Stealth Rock
|
|-weather|RainDance|[upkeep]
|-heal|p2a: Kraid|149\/404|[from] item: Leftovers
|turn|8
|c|âaqbf|ah
|c|âhurricane hax|2hko anyway i think
|c|âaqbf|yeah
|
|move|p1a: Swampert|Waterfall|p2a: Kraid
|-damage|p2a: Kraid|0 fnt
|faint|p2a: Kraid
|
|-weather|RainDance|[upkeep]
|c|âaqbf|didn't expect you to do that :P
|
|switch|p2a: Toxicroak|Toxicroak, M|328\/328
|-damage|p2a: Toxicroak|308\/328|[from] Stealth Rock
|turn|9
|
|move|p2a: Toxicroak|Sucker Punch|p1a: Swampert
|-crit|p1a: Swampert
|-damage|p1a: Swampert|0 fnt
|-damage|p2a: Toxicroak|276\/328|[from] item: Life Orb
|faint|p1a: Swampert
|
|-weather|RainDance|[upkeep]
|-heal|p2a: Toxicroak|317\/328|[from] ability: Dry Skin
|c|âaqbf|sorry
|c|âhurricane hax|sok
|
|switch|p1a: Tornadus|Tornadus, M|299\/299
|-damage|p1a: Tornadus|225\/299|[from] Stealth Rock
|turn|10
|
|move|p2a: Toxicroak|Sucker Punch|p1a: Tornadus
|-damage|p1a: Tornadus|70\/299
|-damage|p2a: Toxicroak|285\/328|[from] item: Life Orb
|move|p1a: Tornadus|Hurricane|p2a: Toxicroak
|-supereffective|p2a: Toxicroak
|-damage|p2a: Toxicroak|0 fnt
|faint|p2a: Toxicroak
|
|-weather|none
|
|switch|p2a: Whimsicott|Whimsicott, F|203\/261
|-damage|p2a: Whimsicott|171\/261|[from] Stealth Rock
|turn|11
|
|move|p1a: Tornadus|Rain Dance|p1a: Tornadus
|-weather|RainDance
|move|p2a: Whimsicott|Moonblast|p1a: Tornadus
|-damage|p1a: Tornadus|0 fnt
|-damage|p2a: Whimsicott|145\/261|[from] item: Life Orb
|faint|p1a: Tornadus
|
|-weather|RainDance|[upkeep]
|
|switch|p1a: Qwilfish|Qwilfish, F|271\/271
|-damage|p1a: Qwilfish|238\/271|[from] Stealth Rock
|turn|12
|
|move|p2a: Whimsicott|Tailwind|p2a: Whimsicott
|-sidestart|p2: aqbf|move: Tailwind
|move|p1a: Qwilfish|Poison Jab|p2a: Whimsicott
|-supereffective|p2a: Whimsicott
|-damage|p2a: Whimsicott|0 fnt
|-damage|p1a: Qwilfish|211\/271|[from] item: Life Orb
|faint|p2a: Whimsicott
|
|-weather|RainDance|[upkeep]
|c|âhurricane hax|ho
|c|âhurricane hax|ly
|
|switch|p2a: Crocomire|Krookodile, F|312\/332
|-damage|p2a: Crocomire|292\/332|[from] Stealth Rock
|turn|13
|c|âhurricane hax|lol gg
|c|âhurricane hax|well played
|c|+SmashBrosBrawl|l0l
|c|+SmashBrosBrawl|krook
|c|+SmashBrosBrawl|is inda
|
|move|p2a: Crocomire|Earthquake|p1a: Qwilfish
|-supereffective|p1a: Qwilfish
|-damage|p1a: Qwilfish|0 fnt
|faint|p1a: Qwilfish
|-boost|p2a: Crocomire|atk|1|[from] ability: Moxie
|
|-weather|RainDance|[upkeep]
|c|âaqbf|gg sorry for hax
|c|âhurricane hax|no prob
|
|switch|p1a: Celebi|Celebi|81\/341
|-damage|p1a: Celebi|39\/341|[from] Stealth Rock
|turn|14
|
|move|p2a: Crocomire|Earthquake|p1a: Celebi
|-resisted|p1a: Celebi
|-damage|p1a: Celebi|0 fnt
|faint|p1a: Celebi
|-boost|p2a: Crocomire|atk|1|[from] ability: Moxie
|
|-weather|RainDance|[upkeep]
|
|switch|p1a: Jirachi|Jirachi|341\/341
|-damage|p1a: Jirachi|320\/341|[from] Stealth Rock
|turn|15
|c|âaqbf|swift swim qwilfish was unexpected
|
|move|p2a: Crocomire|Earthquake|p1a: Jirachi
|-supereffective|p1a: Jirachi
|-damage|p1a: Jirachi|0 fnt
|faint|p1a: Jirachi
|-boost|p2a: Crocomire|atk|1|[from] ability: Moxie
|
|win|aqbf
|raw|Ladder updating...
|raw|hurricane hax's rating: 1507 &rarr; <strong>1487<\/strong><br \/>(-20 for losing)
|raw|aqbf's rating: 1496 &rarr; <strong>1517<\/strong><br \/>(+21 for winning)
|join|basedlad
|join|Obamascience
|leave|SmashBrosBrawl
|leave|hurricane hax
|player|p1