|join|iLoveMyKaykay
|join|360panicknife
|player|p1|iLoveMyKaykay|223
|player|p2|360panicknife|134
|gametype|singles
|gen|6
|tier|UU
|rated
|rule|Sleep Clause Mod: Limit one foe put to sleep
|rule|Species Clause: Limit one of each PokÃ©mon
|rule|OHKO Clause: OHKO moves are banned
|rule|Moody Clause: Moody is banned
|rule|Evasion Moves Clause: Evasion moves are banned
|rule|Endless Battle Clause: Forcing endless battles is banned
|rule|HP Percentage Mod: HP is shown in percentages
|clearpoke
|poke|p1|Alakazam, M, shiny
|poke|p1|Darmanitan, F, shiny
|poke|p1|Swampert, F
|poke|p1|Roserade, M
|poke|p1|Krookodile, F
|poke|p1|Noivern, F
|poke|p2|Celebi
|poke|p2|Infernape, M
|poke|p2|Nidoking, M
|poke|p2|Rotom-Heat
|poke|p2|Swampert, M
|poke|p2|Haxorus, F
|rule|Swagger Clause: Swagger is banned
|rule|Baton Pass Clause: Limit one PokÃ©mon knowing Baton Pass
|teampreview
|
|start
|switch|p1a: Swampert|Swampert, F|404\/404
|switch|p2a: Rotom-Heat|Rotom-Heat|304\/304
|turn|1
|
|move|p2a: Rotom-Heat|Will-O-Wisp|p1a: Swampert
|-status|p1a: Swampert|brn
|move|p1a: Swampert|Stealth Rock|p2a: Rotom-Heat
|-sidestart|p2: 360panicknife|move: Stealth Rock
|
|-damage|p1a: Swampert|354\/404 brn|[from] brn
|turn|2
|
|switch|p2a: Swampert|Swampert, M|404\/404
|-damage|p2a: Swampert|379\/404|[from] Stealth Rock
|move|p1a: Swampert|Roar|p2a: Swampert
|drag|p2a: Celebi|Celebi|341\/341
|-damage|p2a: Celebi|299\/341|[from] Stealth Rock
|
|-heal|p1a: Swampert|379\/404 brn|[from] item: Leftovers
|-damage|p1a: Swampert|329\/404 brn|[from] brn
|turn|3
|
|switch|p1a: Noivern|Noivern, F|311\/311
|move|p2a: Celebi|Zen Headbutt|p1a: Noivern
|-damage|p1a: Noivern|108\/311
|-damage|p2a: Celebi|265\/341|[from] item: Life Orb
|
|turn|4
|
|move|p2a: Celebi|Sucker Punch|p1a: Noivern
|-damage|p1a: Noivern|0 fnt
|-damage|p2a: Celebi|231\/341|[from] item: Life Orb
|faint|p1a: Noivern
|
|
|switch|p1a: Darmanitan|Darmanitan, F, shiny|351\/351
|turn|5
|
|switch|p2a: Swampert|Swampert, M|379\/404
|-damage|p2a: Swampert|354\/404|[from] Stealth Rock
|move|p1a: Darmanitan|U-turn|p2a: Swampert
|-damage|p2a: Swampert|237\/404
|
|switch|p1a: Roserade|Roserade, M|324\/324
|
|-heal|p2a: Swampert|262\/404|[from] item: Leftovers
|turn|6
|
|move|p1a: Roserade|Spikes|p2a: Swampert
|-sidestart|p2: 360panicknife|Spikes
|move|p2a: Swampert|Stealth Rock|p1a: Roserade
|-sidestart|p1: iLoveMyKaykay|move: Stealth Rock
|
|-heal|p2a: Swampert|287\/404|[from] item: Leftovers
|turn|7
|
|move|p1a: Roserade|Spikes|p2a: Swampert
|-sidestart|p2: 360panicknife|Spikes
|move|p2a: Swampert|Roar|p1a: Roserade
|drag|p1a: Darmanitan|Darmanitan, F, shiny|351\/351
|-damage|p1a: Darmanitan|264\/351|[from] Stealth Rock
|
|-heal|p2a: Swampert|312\/404|[from] item: Leftovers
|turn|8
|
|move|p1a: Darmanitan|U-turn|p2a: Swampert
|-damage|p2a: Swampert|195\/404
|
|switch|p1a: Swampert|Swampert, F|329\/404 brn
|-damage|p1a: Swampert|304\/404 brn|[from] Stealth Rock
|move|p2a: Swampert|Roar|p1a: Swampert
|drag|p1a: Roserade|Roserade, M|324\/324
|-damage|p1a: Roserade|284\/324|[from] Stealth Rock
|
|-heal|p1a: Roserade|304\/324|[from] item: Black Sludge
|-heal|p2a: Swampert|220\/404|[from] item: Leftovers
|turn|9
|
|move|p1a: Roserade|Aromatherapy|p1a: Roserade
|-cureteam|p1a: Roserade|[from] move: Aromatherapy
|move|p2a: Swampert|Roar|p1a: Roserade
|drag|p1a: Alakazam|Alakazam, M, shiny|251\/251
|
|-heal|p2a: Swampert|245\/404|[from] item: Leftovers
|turn|10
|
|detailschange|p1a: Alakazam|Alakazam-Mega, M, shiny
|-mega|p1a: Alakazam|Alakazam|Alakazite
|-ability|p1a: Alakazam|Torrent|[from] ability: Trace|[of] p2a: Swampert
|move|p1a: Alakazam|Psychic|p2a: Swampert
|-damage|p2a: Swampert|31\/404
|move|p2a: Swampert|Scald|p1a: Alakazam
|-damage|p1a: Alakazam|119\/251
|
|-heal|p2a: Swampert|56\/404|[from] item: Leftovers
|turn|11
|
|move|p1a: Alakazam|Psychic|p2a: Swampert
|-damage|p2a: Swampert|0 fnt
|faint|p2a: Swampert
|
|
|switch|p2a: Rotom-Heat|Rotom-Heat|304\/304
|-damage|p2a: Rotom-Heat|228\/304|[from] Stealth Rock
|turn|12
|
|switch|p1a: Swampert|Swampert, F|304\/404
|-damage|p1a: Swampert|279\/404|[from] Stealth Rock
|move|p2a: Rotom-Heat|Overheat|p1a: Swampert
|-resisted|p1a: Swampert
|-damage|p1a: Swampert|195\/404
|-unboost|p2a: Rotom-Heat|spa|2
|
|-heal|p2a: Rotom-Heat|247\/304|[from] item: Leftovers
|-heal|p1a: Swampert|220\/404|[from] item: Leftovers
|turn|13
|
|switch|p1a: Alakazam|Alakazam-Mega, M, shiny|119\/251
|-damage|p1a: Alakazam|88\/251|[from] Stealth Rock
|-ability|p1a: Alakazam|Levitate|[from] ability: Trace|[of] p2a: Rotom-Heat
|move|p2a: Rotom-Heat|Will-O-Wisp|p1a: Alakazam
|-status|p1a: Alakazam|brn
|
|-heal|p2a: Rotom-Heat|266\/304|[from] item: Leftovers
|-damage|p1a: Alakazam|57\/251 brn|[from] brn
|turn|14
|
|move|p1a: Alakazam|Psychic|p2a: Rotom-Heat
|-damage|p2a: Rotom-Heat|121\/304
|move|p2a: Rotom-Heat|Overheat|p1a: Alakazam|[miss]
|-miss|p2a: Rotom-Heat|p1a: Alakazam
|
|-heal|p2a: Rotom-Heat|140\/304|[from] item: Leftovers
|-damage|p1a: Alakazam|26\/251 brn|[from] brn
|turn|15
|
|move|p1a: Alakazam|Psychic|p2a: Rotom-Heat
|-damage|p2a: Rotom-Heat|0 fnt
|faint|p2a: Rotom-Heat
|
|-damage|p1a: Alakazam|0 fnt|[from] brn
|faint|p1a: Alakazam
|
|switch|p1a: Krookodile|Krookodile, F|331\/331
|switch|p2a: Haxorus|Haxorus, F|293\/293
|-damage|p1a: Krookodile|311\/331|[from] Stealth Rock
|-ability|p1a: Krookodile|Intimidate|[of] p2a: Haxorus
|-unboost|p2a: Haxorus|atk|1
|-damage|p2a: Haxorus|245\/293|[from] Spikes
|-damage|p2a: Haxorus|209\/293|[from] Stealth Rock
|-ability|p2a: Haxorus|Mold Breaker
|turn|16
|
|move|p1a: Krookodile|Knock Off|p2a: Haxorus
|-damage|p2a: Haxorus|0 fnt
|-enditem|p2a: Haxorus|Lum Berry|[from] move: Knock Off|[of] p1a: Krookodile
|-damage|p1a: Krookodile|278\/331|[from] item: Life Orb
|faint|p2a: Haxorus
|
|
|switch|p2a: Celebi|Celebi|231\/341
|-damage|p2a: Celebi|175\/341|[from] Spikes
|-damage|p2a: Celebi|133\/341|[from] Stealth Rock
|turn|17
|
|move|p2a: Celebi|Seed Bomb|p1a: Krookodile
|-supereffective|p1a: Krookodile
|-damage|p1a: Krookodile|0 fnt
|-damage|p2a: Celebi|99\/341|[from] item: Life Orb
|faint|p1a: Krookodile
|
|
|switch|p1a: Swampert|Swampert, F|220\/404
|-damage|p1a: Swampert|195\/404|[from] Stealth Rock
|turn|18
|
|move|p2a: Celebi|Seed Bomb|p1a: Swampert
|-supereffective|p1a: Swampert
|-damage|p1a: Swampert|0 fnt
|-damage|p2a: Celebi|65\/341|[from] item: Life Orb
|faint|p1a: Swampert
|
|
|switch|p1a: Roserade|Roserade, M|304\/324
|-damage|p1a: Roserade|264\/324|[from] Stealth Rock
|turn|19
|
|move|p2a: Celebi|Zen Headbutt|p1a: Roserade
|-supereffective|p1a: Roserade
|-damage|p1a: Roserade|0 fnt
|-damage|p2a: Celebi|31\/341|[from] item: Life Orb
|faint|p1a: Roserade
|
|
|switch|p1a: Darmanitan|Darmanitan, F, shiny|264\/351
|-damage|p1a: Darmanitan|177\/351|[from] Stealth Rock
|turn|20
|
|move|p2a: Celebi|Sucker Punch|p1a: Darmanitan
|-damage|p1a: Darmanitan|17\/351
|-damage|p2a: Celebi|0 fnt|[from] item: Life Orb
|faint|p2a: Celebi
|move|p1a: Darmanitan|Flare Blitz|p2: Celebi|[notarget]
|-notarget
|
|
|switch|p2a: Infernape|Infernape, M|293\/293
|-damage|p2a: Infernape|245\/293|[from] Spikes
|-damage|p2a: Infernape|209\/293|[from] Stealth Rock
|turn|21
|c|â360panicknife|gg
|
|move|p2a: Infernape|Mach Punch|p1a: Darmanitan
|-damage|p1a: Darmanitan|0 fnt
|-damage|p2a: Infernape|180\/293|[from] item: Life Orb
|faint|p1a: Darmanitan
|
|win|360panicknife
|raw|Ladder updating...
|raw|iLoveMyKaykay's rating: 1195 &rarr; <strong>1171<\/strong><br \/>(-24 for losing)
|raw|360panicknife's rating: 1218 &rarr; <strong>1241<\/strong><br \/>(+23 for winning)
|leave|iLoveMyKaykay
|player|p1