|join|360panicknife
|join|Schimmelz
|player|p1|360panicknife|169
|player|p2|Schimmelz|209
|gametype|singles
|gen|6
|tier|UU
|rated
|rule|Sleep Clause Mod: Limit one foe put to sleep
|rule|Species Clause: Limit one of each PokÃ©mon
|rule|OHKO Clause: OHKO moves are banned
|rule|Moody Clause: Moody is banned
|rule|Evasion Moves Clause: Evasion moves are banned
|rule|Endless Battle Clause: Forcing endless battles is banned
|rule|HP Percentage Mod: HP is shown in percentages
|clearpoke
|poke|p1|Infernape, F
|poke|p1|Crobat, M
|poke|p1|Krookodile, M
|poke|p1|Houndoom, M
|poke|p1|Celebi
|poke|p1|Meloetta
|poke|p2|Porygon-Z
|poke|p2|Nidoking, M
|poke|p2|Infernape, F
|poke|p2|Forretress, F
|poke|p2|Milotic, M
|poke|p2|Mienshao, F
|rule|Swagger Clause: Swagger is banned
|rule|Baton Pass Clause: Limit one PokÃ©mon knowing Baton Pass
|teampreview
|c|â360panicknife|hf
|c|âSchimmelz|u2
|
|start
|switch|p1a: Houndoom|Houndoom, M|291\/291
|switch|p2a: Mienshao|Mienshao, F|271\/271
|turn|1
|
|switch|p1a: Crobat|Crobat, M|311\/311
|move|p2a: Mienshao|Drain Punch|p1a: Crobat
|-resisted|p1a: Crobat
|-damage|p1a: Crobat|263\/311
|-damage|p2a: Mienshao|244\/271|[from] item: Life Orb
|
|turn|2
|
|switch|p2a: Forretress|Forretress, F|354\/354
|move|p1a: Crobat|Brave Bird|p2a: Forretress
|-damage|p2a: Forretress|261\/354
|-damage|p1a: Crobat|212\/311|[from] item: Rocky Helmet|[of] p2a: Forretress
|-damage|p1a: Crobat|181\/311|[from] recoil|[of] p2a: Forretress
|
|turn|3
|
|switch|p1a: Houndoom|Houndoom, M|291\/291
|move|p2a: Forretress|Stealth Rock|p1a: Houndoom
|-sidestart|p1: 360panicknife|move: Stealth Rock
|
|turn|4
|
|switch|p2a: Milotic|Milotic, M|394\/394
|detailschange|p1a: Houndoom|Houndoom-Mega, M
|-mega|p1a: Houndoom|Houndoom|Houndoominite
|move|p1a: Houndoom|Dark Pulse|p2a: Milotic
|-damage|p2a: Milotic|304\/394
|
|-heal|p2a: Milotic|328\/394|[from] item: Leftovers
|turn|5
|
|switch|p1a: Celebi|Celebi|396\/396
|-damage|p1a: Celebi|347\/396|[from] Stealth Rock
|move|p2a: Milotic|Scald|p1a: Celebi
|-resisted|p1a: Celebi
|-damage|p1a: Celebi|297\/396
|
|-heal|p1a: Celebi|321\/396|[from] item: Leftovers
|-heal|p2a: Milotic|352\/394|[from] item: Leftovers
|turn|6
|
|switch|p2a: Porygon-Z|Porygon-Z|312\/312
|move|p1a: Celebi|Substitute|p1a: Celebi
|-start|p1a: Celebi|Substitute
|-damage|p1a: Celebi|222\/396
|
|-heal|p1a: Celebi|246\/396|[from] item: Leftovers
|turn|7
|
|move|p2a: Porygon-Z|Tri Attack|p1a: Celebi
|-end|p1a: Celebi|Substitute
|move|p1a: Celebi|Giga Drain|p2a: Porygon-Z
|-damage|p2a: Porygon-Z|143\/312
|-heal|p1a: Celebi|331\/396|[from] drain|[of] p2a: Porygon-Z
|
|-heal|p1a: Celebi|355\/396|[from] item: Leftovers
|turn|8
|
|move|p2a: Porygon-Z|Tri Attack|p1a: Celebi
|-damage|p1a: Celebi|175\/396
|move|p1a: Celebi|Giga Drain|p2a: Porygon-Z
|-damage|p2a: Porygon-Z|0 fnt
|-heal|p1a: Celebi|247\/396|[from] drain|[of] p2a: Porygon-Z
|faint|p2a: Porygon-Z
|
|-heal|p1a: Celebi|271\/396|[from] item: Leftovers
|
|switch|p2a: Mienshao|Mienshao, F|271\/271
|turn|9
|
|move|p2a: Mienshao|Fake Out|p1a: Celebi
|-damage|p1a: Celebi|214\/396
|-damage|p2a: Mienshao|244\/271|[from] item: Life Orb
|cant|p1a: Celebi|flinch
|
|-heal|p1a: Celebi|238\/396|[from] item: Leftovers
|turn|10
|
|switch|p1a: Crobat|Crobat, M|181\/311
|-damage|p1a: Crobat|104\/311|[from] Stealth Rock
|move|p2a: Mienshao|U-turn|p1a: Crobat
|-resisted|p1a: Crobat
|-damage|p1a: Crobat|70\/311
|-damage|p2a: Mienshao|217\/271|[from] item: Life Orb
|
|switch|p2a: Forretress|Forretress, F|261\/354
|
|turn|11
|
|move|p1a: Crobat|Defog|p2a: Forretress
|-unboost|p2a: Forretress|evasion|1
|-sideend|p1: 360panicknife|Stealth Rock|[from] move: Defog|[of] p1a: Crobat
|move|p2a: Forretress|Gyro Ball|p1a: Crobat
|-damage|p1a: Crobat|0 fnt
|faint|p1a: Crobat
|
|
|switch|p1a: Infernape|Infernape, F|293\/293
|turn|12
|
|switch|p2a: Milotic|Milotic, M|352\/394
|move|p1a: Infernape|Close Combat|p2a: Milotic
|-damage|p2a: Milotic|117\/394
|-unboost|p1a: Infernape|def|1
|-unboost|p1a: Infernape|spd|1
|-damage|p1a: Infernape|264\/293|[from] item: Life Orb
|
|-heal|p2a: Milotic|141\/394|[from] item: Leftovers
|turn|13
|
|move|p1a: Infernape|Close Combat|p2a: Milotic
|-damage|p2a: Milotic|0 fnt
|-unboost|p1a: Infernape|def|1
|-unboost|p1a: Infernape|spd|1
|-damage|p1a: Infernape|235\/293|[from] item: Life Orb
|faint|p2a: Milotic
|
|
|switch|p2a: Mienshao|Mienshao, F|271\/271
|turn|14
|
|switch|p1a: Celebi|Celebi|238\/396
|move|p2a: Mienshao|Fake Out|p1a: Celebi
|-damage|p1a: Celebi|182\/396
|-damage|p2a: Mienshao|244\/271|[from] item: Life Orb
|
|-heal|p1a: Celebi|206\/396|[from] item: Leftovers
|turn|15
|
|move|p2a: Mienshao|U-turn|p1a: Celebi
|-supereffective|p1a: Celebi
|-damage|p1a: Celebi|0 fnt
|-damage|p2a: Mienshao|217\/271|[from] item: Life Orb
|faint|p1a: Celebi
|
|switch|p2a: Infernape|Infernape, F|293\/293
|
|
|switch|p1a: Meloetta|Meloetta|403\/403
|turn|16
|
|move|p2a: Infernape|U-turn|p1a: Meloetta
|-supereffective|p1a: Meloetta
|-damage|p1a: Meloetta|231\/403
|
|switch|p2a: Forretress|Forretress, F|261\/354
|move|p1a: Meloetta|Psyshock|p2a: Forretress
|-crit|p2a: Forretress
|-resisted|p2a: Forretress
|-damage|p2a: Forretress|190\/354
|
|turn|17
|
|move|p1a: Meloetta|Focus Blast|p2a: Forretress
|-damage|p2a: Forretress|0 fnt
|faint|p2a: Forretress
|
|
|switch|p2a: Mienshao|Mienshao, F|271\/271
|turn|18
|
|move|p2a: Mienshao|Fake Out|p1a: Meloetta
|-damage|p1a: Meloetta|161\/403
|-damage|p2a: Mienshao|244\/271|[from] item: Life Orb
|cant|p1a: Meloetta|flinch
|
|turn|19
|
|move|p2a: Mienshao|U-turn|p1a: Meloetta
|-supereffective|p1a: Meloetta
|-damage|p1a: Meloetta|0 fnt
|-damage|p2a: Mienshao|217\/271|[from] item: Life Orb
|faint|p1a: Meloetta
|
|switch|p2a: Infernape|Infernape, F|293\/293
|
|
|switch|p1a: them shades|Krookodile, M|393\/393
|-ability|p1a: them shades|Intimidate|[of] p2a: Infernape
|-unboost|p2a: Infernape|atk|1
|turn|20
|
|move|p2a: Infernape|Close Combat|p1a: them shades
|-supereffective|p1a: them shades
|-damage|p1a: them shades|103\/393
|-unboost|p2a: Infernape|def|1
|-unboost|p2a: Infernape|spd|1
|move|p1a: them shades|Earthquake|p2a: Infernape
|-supereffective|p2a: Infernape
|-enditem|p2a: Infernape|Focus Sash
|-damage|p2a: Infernape|1\/293
|
|-heal|p1a: them shades|127\/393|[from] item: Leftovers
|turn|21
|
|move|p2a: Infernape|U-turn|p1a: them shades
|-crit|p1a: them shades
|-supereffective|p1a: them shades
|-damage|p1a: them shades|0 fnt
|faint|p1a: them shades
|
|switch|p2a: Nidoking|Nidoking, M|304\/304
|
|
|switch|p1a: Infernape|Infernape, F|235\/293
|turn|22
|
|move|p1a: Infernape|Fire Blast|p2a: Nidoking
|-damage|p2a: Nidoking|22\/304
|-status|p2a: Nidoking|brn
|-damage|p1a: Infernape|206\/293|[from] item: Life Orb
|move|p2a: Nidoking|Earth Power|p1a: Infernape
|-supereffective|p1a: Infernape
|-damage|p1a: Infernape|0 fnt
|faint|p1a: Infernape
|
|-damage|p2a: Nidoking|0 fnt|[from] brn
|faint|p2a: Nidoking
|
|switch|p1a: Houndoom|Houndoom-Mega, M|291\/291
|switch|p2a: Mienshao|Mienshao, F|271\/271
|turn|23
|
|move|p2a: Mienshao|Fake Out|p1a: Houndoom
|-damage|p1a: Houndoom|227\/291
|-damage|p2a: Mienshao|244\/271|[from] item: Life Orb
|cant|p1a: Houndoom|flinch
|
|turn|24
|
|move|p1a: Houndoom|Fire Blast|p2a: Mienshao
|-damage|p2a: Mienshao|0 fnt
|faint|p2a: Mienshao
|
|
|switch|p2a: Infernape|Infernape, F|1\/293
|turn|25
|c|â360panicknife|gg
|c|âSchimmelz|gg
|
|move|p2a: Infernape|Mach Punch|p1a: Houndoom
|-supereffective|p1a: Houndoom
|-damage|p1a: Houndoom|65\/291
|move|p1a: Houndoom|Dark Pulse|p2a: Infernape
|-resisted|p2a: Infernape
|-damage|p2a: Infernape|0 fnt
|faint|p2a: Infernape
|
|win|360panicknife
|raw|Ladder updating...
|raw|360panicknife's rating: 1407 &rarr; <strong>1424<\/strong><br \/>(+17 for winning)
|raw|Schimmelz's rating: 1356 &rarr; <strong>1339<\/strong><br \/>(-17 for losing)
|leave|Schimmelz
|player|p2