|join|Ancientsun
|join|360panicknife
|c|âAncientsun|Best of Luck!
|player|p1|Ancientsun|248
|player|p2|360panicknife|134
|gametype|singles
|gen|6
|tier|UU
|rated
|rule|Sleep Clause Mod: Limit one foe put to sleep
|rule|Species Clause: Limit one of each PokÃ©mon
|rule|OHKO Clause: OHKO moves are banned
|rule|Moody Clause: Moody is banned
|rule|Evasion Moves Clause: Evasion moves are banned
|rule|Endless Battle Clause: Forcing endless battles is banned
|rule|HP Percentage Mod: HP is shown in percentages
|clearpoke
|poke|p1|Scrafty, M
|poke|p1|Beedrill, M
|poke|p1|Quagsire, M
|poke|p1|Tangrowth, M, shiny
|poke|p1|Regirock, shiny
|poke|p1|Suicune
|poke|p2|Celebi
|poke|p2|Infernape, M
|poke|p2|Nidoking, M
|poke|p2|Rotom-Heat
|poke|p2|Swampert, M
|poke|p2|Haxorus, M
|rule|Swagger Clause: Swagger is banned
|rule|Baton Pass Clause: Limit one PokÃ©mon knowing Baton Pass
|teampreview
|c|â360panicknife|glhf
|
|start
|switch|p1a: Beauregard|Quagsire, M|394\/394
|switch|p2a: Rotom-Heat|Rotom-Heat|304\/304
|turn|1
|
|move|p2a: Rotom-Heat|Will-O-Wisp|p1a: Beauregard
|-status|p1a: Beauregard|brn
|move|p1a: Beauregard|Scald|p2a: Rotom-Heat
|-supereffective|p2a: Rotom-Heat
|-damage|p2a: Rotom-Heat|208\/304
|
|-heal|p2a: Rotom-Heat|227\/304|[from] item: Leftovers
|-damage|p1a: Beauregard|345\/394 brn|[from] brn
|turn|2
|
|switch|p2a: Celebi|Celebi|341\/341
|move|p1a: Beauregard|Toxic|p2a: Celebi
|-status|p2a: Celebi|tox
|
|-heal|p1a: Beauregard|369\/394 brn|[from] item: Leftovers
|-damage|p2a: Celebi|320\/341 tox|[from] psn
|-damage|p1a: Beauregard|320\/394 brn|[from] brn
|turn|3
|
|switch|p2a: Infernape|Infernape, M|293\/293
|switch|p1a: Mosster|Tangrowth, M, shiny|404\/404
|
|turn|4
|
|switch|p1a: Beauregard|Quagsire, M|320\/394 brn
|move|p2a: Infernape|Fire Blast|p1a: Beauregard
|-resisted|p1a: Beauregard
|-damage|p1a: Beauregard|177\/394 brn
|-damage|p2a: Infernape|264\/293|[from] item: Life Orb
|
|-heal|p1a: Beauregard|201\/394 brn|[from] item: Leftovers
|-damage|p1a: Beauregard|152\/394 brn|[from] brn
|turn|5
|
|move|p2a: Infernape|Grass Knot|p1a: Beauregard
|-supereffective|p1a: Beauregard
|-damage|p1a: Beauregard|0 fnt
|-damage|p2a: Infernape|235\/293|[from] item: Life Orb
|faint|p1a: Beauregard
|
|
|switch|p1a: Cheerios|Beedrill, M|271\/271
|turn|6
|
|detailschange|p1a: Cheerios|Beedrill-Mega, M
|-mega|p1a: Cheerios|Beedrill|Beedrillite
|move|p1a: Cheerios|Protect|p1a: Cheerios
|-singleturn|p1a: Cheerios|Protect
|move|p2a: Infernape|Fire Blast|p1a: Cheerios
|-activate|p1a: Cheerios|Protect
|
|turn|7
|
|switch|p2a: Nidoking|Nidoking, M|303\/303
|move|p1a: Cheerios|Drill Run|p2a: Nidoking
|-supereffective|p2a: Nidoking
|-damage|p2a: Nidoking|13\/303
|
|turn|8
|
|move|p1a: Cheerios|Protect|p1a: Cheerios
|-singleturn|p1a: Cheerios|Protect
|move|p2a: Nidoking|Fire Blast|p1a: Cheerios
|-activate|p1a: Cheerios|Protect
|
|turn|9
|
|switch|p1a: Ice tea|Suicune|362\/362
|-ability|p1a: Ice tea|Pressure
|move|p2a: Nidoking|Fire Blast|p1a: Ice tea
|-resisted|p1a: Ice tea
|-damage|p1a: Ice tea|288\/362
|
|-heal|p1a: Ice tea|310\/362|[from] item: Leftovers
|turn|10
|
|switch|p1a: Cheerios|Beedrill-Mega, M|271\/271
|move|p2a: Nidoking|Sludge Wave|p1a: Cheerios
|-resisted|p1a: Cheerios
|-damage|p1a: Cheerios|123\/271
|
|turn|11
|
|move|p1a: Cheerios|Poison Jab|p2a: Nidoking
|-resisted|p2a: Nidoking
|-damage|p2a: Nidoking|0 fnt
|faint|p2a: Nidoking
|
|
|switch|p2a: Rotom-Heat|Rotom-Heat|227\/304
|turn|12
|
|move|p1a: Cheerios|Protect|p1a: Cheerios
|-singleturn|p1a: Cheerios|Protect
|move|p2a: Rotom-Heat|Volt Switch|p1a: Cheerios
|-activate|p1a: Cheerios|Protect
|
|-heal|p2a: Rotom-Heat|246\/304|[from] item: Leftovers
|turn|13
|
|move|p1a: Cheerios|U-turn|p2a: Rotom-Heat
|-resisted|p2a: Rotom-Heat
|-damage|p2a: Rotom-Heat|146\/304
|
|switch|p1a: Reginald|Regirock, shiny|364\/364
|move|p2a: Rotom-Heat|Volt Switch|p1a: Reginald
|-damage|p1a: Reginald|285\/364
|
|switch|p2a: Celebi|Celebi|320\/341
|
|-heal|p1a: Reginald|307\/364|[from] item: Leftovers
|turn|14
|
|move|p2a: Celebi|Swords Dance|p2a: Celebi
|-boost|p2a: Celebi|atk|2
|move|p1a: Reginald|Ice Punch|p2a: Celebi
|-supereffective|p2a: Celebi
|-damage|p2a: Celebi|160\/341
|-status|p2a: Celebi|frz
|
|-heal|p1a: Reginald|329\/364|[from] item: Leftovers
|turn|15
|
|cant|p2a: Celebi|frz
|move|p1a: Reginald|Ice Punch|p2a: Celebi
|-supereffective|p2a: Celebi
|-damage|p2a: Celebi|0 fnt
|faint|p2a: Celebi
|
|-heal|p1a: Reginald|351\/364|[from] item: Leftovers
|
|switch|p2a: Swampert|Swampert, M|404\/404
|turn|16
|
|switch|p1a: Ice tea|Suicune|310\/362
|-ability|p1a: Ice tea|Pressure
|move|p2a: Swampert|Stealth Rock|p1a: Ice tea
|-sidestart|p1: Ancientsun|move: Stealth Rock
|
|-heal|p1a: Ice tea|332\/362|[from] item: Leftovers
|turn|17
|
|switch|p2a: Haxorus|Haxorus, M|293\/293
|-ability|p2a: Haxorus|Mold Breaker
|move|p1a: Ice tea|Calm Mind|p1a: Ice tea
|-boost|p1a: Ice tea|spa|1
|-boost|p1a: Ice tea|spd|1
|
|-heal|p1a: Ice tea|354\/362|[from] item: Leftovers
|turn|18
|
|move|p2a: Haxorus|Dragon Dance|p2a: Haxorus
|-boost|p2a: Haxorus|atk|1
|-boost|p2a: Haxorus|spe|1
|move|p1a: Ice tea|Calm Mind|p1a: Ice tea
|-boost|p1a: Ice tea|spa|1
|-boost|p1a: Ice tea|spd|1
|
|-heal|p1a: Ice tea|362\/362|[from] item: Leftovers
|turn|19
|
|move|p2a: Haxorus|Dragon Claw|p1a: Ice tea
|-damage|p1a: Ice tea|152\/362
|move|p1a: Ice tea|Scald|p2a: Haxorus
|-resisted|p2a: Haxorus
|-damage|p2a: Haxorus|164\/293
|
|-heal|p1a: Ice tea|174\/362|[from] item: Leftovers
|turn|20
|
|move|p2a: Haxorus|Dragon Dance|p2a: Haxorus
|-boost|p2a: Haxorus|atk|1
|-boost|p2a: Haxorus|spe|1
|move|p1a: Ice tea|Scald|p2a: Haxorus
|-resisted|p2a: Haxorus
|-damage|p2a: Haxorus|53\/293
|
|-heal|p1a: Ice tea|196\/362|[from] item: Leftovers
|turn|21
|
|switch|p1a: Reginald|Regirock, shiny|351\/364
|-damage|p1a: Reginald|306\/364|[from] Stealth Rock
|move|p2a: Haxorus|Dragon Claw|p1a: Reginald
|-crit|p1a: Reginald
|-damage|p1a: Reginald|3\/364
|
|-heal|p1a: Reginald|25\/364|[from] item: Leftovers
|turn|22
|
|move|p2a: Haxorus|Dragon Claw|p1a: Reginald
|-damage|p1a: Reginald|0 fnt
|faint|p1a: Reginald
|
|
|switch|p1a: Cheerios|Beedrill-Mega, M|123\/271
|-damage|p1a: Cheerios|56\/271|[from] Stealth Rock
|turn|23
|
|move|p2a: Haxorus|Dragon Claw|p1a: Cheerios
|-damage|p1a: Cheerios|0 fnt
|faint|p1a: Cheerios
|
|
|switch|p1a: Mosster|Tangrowth, M, shiny|404\/404
|-damage|p1a: Mosster|354\/404|[from] Stealth Rock
|turn|24
|
|move|p2a: Haxorus|Poison Jab|p1a: Mosster
|-supereffective|p1a: Mosster
|-damage|p1a: Mosster|64\/404
|move|p1a: Mosster|Sludge Bomb|p2a: Haxorus
|-damage|p2a: Haxorus|0 fnt
|faint|p2a: Haxorus
|
|-heal|p1a: Mosster|89\/404|[from] item: Leftovers
|
|switch|p2a: Infernape|Infernape, M|235\/293
|turn|25
|
|move|p2a: Infernape|Fire Blast|p1a: Mosster
|-supereffective|p1a: Mosster
|-damage|p1a: Mosster|0 fnt
|-damage|p2a: Infernape|206\/293|[from] item: Life Orb
|faint|p1a: Mosster
|
|
|switch|p1a: Ice tea|Suicune|196\/362
|-damage|p1a: Ice tea|151\/362|[from] Stealth Rock
|-ability|p1a: Ice tea|Pressure
|turn|26
|
|move|p2a: Infernape|Grass Knot|p1a: Ice tea
|-supereffective|p1a: Ice tea
|-damage|p1a: Ice tea|0 fnt
|-damage|p2a: Infernape|177\/293|[from] item: Life Orb
|faint|p1a: Ice tea
|
|
|switch|p1a: Larry Platt|Scrafty, M|334\/334
|-damage|p1a: Larry Platt|314\/334|[from] Stealth Rock
|turn|27
|
|move|p2a: Infernape|Close Combat|p1a: Larry Platt
|-supereffective|p1a: Larry Platt
|-damage|p1a: Larry Platt|0 fnt
|-unboost|p2a: Infernape|def|1
|-unboost|p2a: Infernape|spd|1
|-damage|p2a: Infernape|148\/293|[from] item: Life Orb
|faint|p1a: Larry Platt
|
|win|360panicknife
|raw|Ladder updating...
|c|â360panicknife|gg (:
|raw|Ancientsun's rating: 1272 &rarr; <strong>1248<\/strong><br \/>(-24 for losing)
|raw|360panicknife's rating: 1280 &rarr; <strong>1305<\/strong><br \/>(+25 for winning)
|c|âAncientsun|Good game!
|c|âAncientsun|Well done
|c|â360panicknife|thanks
|c|â360panicknife|u2
|c|âAncientsun|Have yourself a nice day!
|leave|Ancientsun
|player|p1