|join|360panicknife
|join|ALIENS ARE COMING
|player|p1|360panicknife|134
|player|p2|ALIENS ARE COMING|23
|gametype|singles
|gen|6
|tier|UU
|rated
|rule|Sleep Clause Mod: Limit one foe put to sleep
|rule|Species Clause: Limit one of each PokÃ©mon
|rule|OHKO Clause: OHKO moves are banned
|rule|Moody Clause: Moody is banned
|rule|Evasion Moves Clause: Evasion moves are banned
|rule|Endless Battle Clause: Forcing endless battles is banned
|rule|HP Percentage Mod: HP is shown in percentages
|clearpoke
|poke|p1|Infernape, F
|poke|p1|Flygon, F
|poke|p1|Krookodile, F
|poke|p1|Diancie
|poke|p1|Chesnaught, F
|poke|p1|Meloetta
|poke|p2|Suicune
|poke|p2|Crobat, M
|poke|p2|Roserade, F
|poke|p2|Diancie
|poke|p2|Jirachi
|poke|p2|Darmanitan, F
|rule|Swagger Clause: Swagger is banned
|rule|Baton Pass Clause: Limit one PokÃ©mon knowing Baton Pass
|teampreview
|c|â360panicknife|glhf
|c|âALIENS ARE COMING|you too
|
|start
|switch|p1a: Diancie|Diancie|241\/241
|switch|p2a: Jirachi|Jirachi|404\/404
|turn|1
|
|switch|p1a: Krookodile|Krookodile, F|393\/393
|-ability|p1a: Krookodile|Intimidate|[of] p2a: Jirachi
|-unboost|p2a: Jirachi|atk|1
|move|p2a: Jirachi|Iron Head|p1a: Krookodile
|-damage|p1a: Krookodile|317\/393
|
|-heal|p1a: Krookodile|341\/393|[from] item: Leftovers
|turn|2
|
|switch|p2a: Suicune|Suicune|404\/404
|-ability|p2a: Suicune|Pressure
|move|p1a: Krookodile|Knock Off|p2a: Suicune
|-crit|p2a: Suicune
|-damage|p2a: Suicune|220\/404
|-enditem|p2a: Suicune|Leftovers|[from] move: Knock Off|[of] p1a: Krookodile
|
|-heal|p1a: Krookodile|365\/393|[from] item: Leftovers
|turn|3
|
|switch|p1a: Chesnaught|Chesnaught, F|379\/379
|switch|p2a: Crobat|Crobat, M|373\/373
|
|turn|4
|
|move|p2a: Crobat|U-turn|p1a: Chesnaught
|-damage|p1a: Chesnaught|331\/379
|c|â360panicknife|chesnaught 2real
|
|switch|p2a: Roserade|Roserade, F|261\/261
|move|p1a: Chesnaught|Stone Edge|p2a: Roserade|[miss]
|-miss|p1a: Chesnaught|p2a: Roserade
|
|turn|5
|
|move|p2a: Roserade|Toxic Spikes|p1a: Chesnaught
|-sidestart|p1: 360panicknife|move: Toxic Spikes
|move|p1a: Chesnaught|Stone Edge|p2a: Roserade|[miss]
|-miss|p1a: Chesnaught|p2a: Roserade
|
|turn|6
|
|move|p2a: Roserade|Sludge Bomb|p1a: Chesnaught
|-immune|p1a: Chesnaught|[msg]|[from] Bulletproof
|move|p1a: Chesnaught|Stone Edge|p2a: Roserade
|-damage|p2a: Roserade|35\/261
|
|-heal|p2a: Roserade|51\/261|[from] item: Black Sludge
|turn|7
|c|âALIENS ARE COMING|oh these bs gen 6 mons
|c|âALIENS ARE COMING|damnit
|c|âALIENS ARE COMING|lol
|c|â360panicknife|I found out by chance as well lol
|c|â360panicknife|same situation actually
|c|âALIENS ARE COMING|:<
|c|âALIENS ARE COMING|I've only been playing gen 6 for a couple of days
|
|move|p2a: Roserade|Rest|p2a: Roserade
|-status|p2a: Roserade|slp
|-heal|p2a: Roserade|261\/261 slp|[silent]
|-status|p2a: Roserade|slp|[from] move: Rest
|move|p1a: Chesnaught|Stone Edge|p2a: Roserade
|-crit|p2a: Roserade
|-damage|p2a: Roserade|0 fnt
|faint|p2a: Roserade
|
|c|â360panicknife|sorry S:
|
|switch|p2a: Crobat|Crobat, M|373\/373
|turn|8
|c|â360panicknife|pro tip, don't play RU
|c|âALIENS ARE COMING|meh you missed 2 in a row
|c|â360panicknife|it's horrible
|
|switch|p1a: Diancie|Diancie|241\/241
|-status|p1a: Diancie|psn
|move|p2a: Crobat|Brave Bird|p1a: Diancie
|-resisted|p1a: Diancie
|-damage|p1a: Diancie|195\/241 psn
|-damage|p2a: Crobat|358\/373|[from] recoil|[of] p1a: Diancie
|
|-heal|p2a: Crobat|373\/373|[from] item: Black Sludge
|-damage|p1a: Diancie|165\/241 psn|[from] psn
|turn|9
|c|âALIENS ARE COMING|really?
|c|âALIENS ARE COMING|gen 5 ru was one of my favorite teirs
|c|â360panicknife|some teams are fun
|
|switch|p2a: Suicune|Suicune|220\/404
|-ability|p2a: Suicune|Pressure
|detailschange|p1a: Diancie|Diancie-Mega
|-mega|p1a: Diancie|Diancie|Diancite
|move|p1a: Diancie|Stealth Rock|p2a: Suicune
|-sidestart|p2: ALIENS ARE COMING|move: Stealth Rock
|
|-damage|p1a: Diancie|135\/241 psn|[from] psn
|turn|10
|c|â360panicknife|but the amoonguss, slowking, cress
|c|â360panicknife|a lot of really stally mons
|c|â360panicknife|quagsire dropped as well
|c|âALIENS ARE COMING|i like stall ;3
|
|move|p1a: Diancie|Moonblast|p2a: Suicune
|-damage|p2a: Suicune|36\/404
|move|p2a: Suicune|Scald|p1a: Diancie
|-supereffective|p1a: Diancie
|-damage|p1a: Diancie|0 fnt
|faint|p1a: Diancie
|
|c|â360panicknife|in that case
|c|â360panicknife|you'll love it
|c|â360panicknife|some of the main offensive mons are even being supsected atm
|
|switch|p1a: Flygon|Flygon, F|301\/301
|turn|11
|
|move|p1a: Flygon|U-turn|p2a: Suicune
|-damage|p2a: Suicune|0 fnt
|faint|p2a: Suicune
|
|switch|p1a: Chesnaught|Chesnaught, F|331\/379
|-status|p1a: Chesnaught|psn
|
|-damage|p1a: Chesnaught|284\/379 psn|[from] psn
|
|switch|p2a: Crobat|Crobat, M|373\/373
|-damage|p2a: Crobat|280\/373|[from] Stealth Rock
|turn|12
|
|move|p2a: Crobat|U-turn|p1a: Chesnaught
|-damage|p1a: Chesnaught|241\/379 psn
|c|âALIENS ARE COMING|stahp
|
|switch|p2a: Jirachi|Jirachi|404\/404
|-damage|p2a: Jirachi|379\/404|[from] Stealth Rock
|move|p1a: Chesnaught|Stone Edge|p2a: Jirachi
|-resisted|p2a: Jirachi
|-damage|p2a: Jirachi|291\/404
|
|-heal|p2a: Jirachi|316\/404|[from] item: Leftovers
|-damage|p1a: Chesnaught|194\/379 psn|[from] psn
|turn|13
|c|â360panicknife|I'm sacking it xd
|
|move|p2a: Jirachi|Stealth Rock|p1a: Chesnaught
|-sidestart|p1: 360panicknife|move: Stealth Rock
|move|p1a: Chesnaught|Stone Edge|p2a: Jirachi
|-crit|p2a: Jirachi
|-resisted|p2a: Jirachi
|-damage|p2a: Jirachi|184\/404
|
|-heal|p2a: Jirachi|209\/404|[from] item: Leftovers
|-damage|p1a: Chesnaught|147\/379 psn|[from] psn
|turn|14
|
|move|p2a: Jirachi|Iron Head|p1a: Chesnaught
|-damage|p1a: Chesnaught|63\/379 psn
|move|p1a: Chesnaught|Stone Edge|p2a: Jirachi
|-resisted|p2a: Jirachi
|-damage|p2a: Jirachi|127\/404
|
|-heal|p2a: Jirachi|152\/404|[from] item: Leftovers
|-damage|p1a: Chesnaught|16\/379 psn|[from] psn
|turn|15
|c|âALIENS ARE COMING|wow
|c|âALIENS ARE COMING|this
|c|âALIENS ARE COMING|lag
|leave|ALIENS ARE COMING
|
|move|p2a: Jirachi|Iron Head|p1a: Chesnaught
|-damage|p1a: Chesnaught|0 fnt
|faint|p1a: Chesnaught
|
|-heal|p2a: Jirachi|177\/404|[from] item: Leftovers
|player|p2
|join|ALIENS ARE COMING
|player|p2|ALIENS ARE COMING|23
|c|âALIENS ARE COMING|wow
|c|âALIENS ARE COMING|dv op
|c|âALIENS ARE COMING|dc
|
|switch|p1a: Krookodile|Krookodile, F|365\/393
|-damage|p1a: Krookodile|341\/393|[from] Stealth Rock
|-status|p1a: Krookodile|psn
|-ability|p1a: Krookodile|Intimidate|[of] p2a: Jirachi
|-unboost|p2a: Jirachi|atk|1
|turn|16
|
|move|p2a: Jirachi|Iron Head|p1a: Krookodile
|-damage|p1a: Krookodile|269\/393 psn
|cant|p1a: Krookodile|flinch
|
|-heal|p2a: Jirachi|202\/404|[from] item: Leftovers
|-heal|p1a: Krookodile|293\/393 psn|[from] item: Leftovers
|-damage|p1a: Krookodile|244\/393 psn|[from] psn
|turn|17
|
|move|p2a: Jirachi|Iron Head|p1a: Krookodile
|-damage|p1a: Krookodile|168\/393 psn
|move|p1a: Krookodile|Knock Off|p2a: Jirachi
|-supereffective|p2a: Jirachi
|-damage|p2a: Jirachi|0 fnt
|-enditem|p2a: Jirachi|Leftovers|[from] move: Knock Off|[of] p1a: Krookodile
|faint|p2a: Jirachi
|
|-heal|p1a: Krookodile|192\/393 psn|[from] item: Leftovers
|-damage|p1a: Krookodile|143\/393 psn|[from] psn
|
|switch|p2a: Crobat|Crobat, M|280\/373
|-damage|p2a: Crobat|187\/373|[from] Stealth Rock
|turn|18
|
|move|p2a: Crobat|Brave Bird|p1a: Krookodile
|-damage|p1a: Krookodile|0 fnt
|-damage|p2a: Crobat|140\/373|[from] recoil|[of] p1a: Krookodile
|faint|p1a: Krookodile
|
|-heal|p2a: Crobat|163\/373|[from] item: Black Sludge
|
|switch|p1a: Flygon|Flygon, F|301\/301
|-damage|p1a: Flygon|283\/301|[from] Stealth Rock
|turn|19
|
|move|p1a: Flygon|Stone Edge|p2a: Crobat
|-crit|p2a: Crobat
|-supereffective|p2a: Crobat
|-damage|p2a: Crobat|0 fnt
|faint|p2a: Crobat
|
|
|switch|p2a: Diancie|Diancie|241\/241
|-damage|p2a: Diancie|211\/241|[from] Stealth Rock
|turn|20
|
|switch|p1a: Infernape|Infernape, F|293\/293
|-damage|p1a: Infernape|257\/293|[from] Stealth Rock
|-status|p1a: Infernape|psn
|detailschange|p2a: Diancie|Diancie-Mega
|-mega|p2a: Diancie|Diancie|Diancite
|move|p2a: Diancie|Calm Mind|p2a: Diancie
|-boost|p2a: Diancie|spa|1
|-boost|p2a: Diancie|spd|1
|
|-damage|p1a: Infernape|221\/293 psn|[from] psn
|turn|21
|c|â360panicknife|that thing is way too fast imo
|
|move|p2a: Diancie|Moonblast|p1a: Infernape
|-damage|p1a: Infernape|0 fnt
|faint|p1a: Infernape
|
|
|switch|p1a: Meloetta|Meloetta|403\/403
|-damage|p1a: Meloetta|353\/403|[from] Stealth Rock
|-status|p1a: Meloetta|psn
|turn|22
|
|move|p2a: Diancie|Moonblast|p1a: Meloetta
|-damage|p1a: Meloetta|188\/403 psn
|move|p1a: Meloetta|Psyshock|p2a: Diancie
|-damage|p2a: Diancie|63\/241
|
|-damage|p1a: Meloetta|138\/403 psn|[from] psn
|turn|23
|
|move|p2a: Diancie|Moonblast|p1a: Meloetta
|-damage|p1a: Meloetta|0 fnt
|faint|p1a: Meloetta
|
|
|switch|p1a: Flygon|Flygon, F|283\/301
|-damage|p1a: Flygon|265\/301|[from] Stealth Rock
|turn|24
|
|move|p1a: Flygon|Earthquake|p2a: Diancie
|-supereffective|p2a: Diancie
|-damage|p2a: Diancie|0 fnt
|faint|p2a: Diancie
|
|c|âALIENS ARE COMING|gg
|c|â360panicknife|gg
|
|switch|p2a: Darmanitan|Darmanitan, F|351\/351
|-damage|p2a: Darmanitan|264\/351|[from] Stealth Rock
|turn|25
|
|move|p1a: Flygon|Earthquake|p2a: Darmanitan
|-supereffective|p2a: Darmanitan
|-damage|p2a: Darmanitan|0 fnt
|faint|p2a: Darmanitan
|
|win|360panicknife
|raw|Ladder updating...
|raw|360panicknife's rating: 1338 &rarr; <strong>1360<\/strong><br \/>(+22 for winning)
|raw|ALIENS ARE COMING's rating: 1384 &rarr; <strong>1362<\/strong><br \/>(-22 for losing)
|leave|ALIENS ARE COMING