|join|360panicknife
|join|realnish942
|player|p1|360panicknife|134
|player|p2|realnish942|266
|gametype|singles
|gen|6
|tier|UU
|rated
|rule|Sleep Clause Mod: Limit one foe put to sleep
|rule|Species Clause: Limit one of each PokÃ©mon
|rule|OHKO Clause: OHKO moves are banned
|rule|Moody Clause: Moody is banned
|rule|Evasion Moves Clause: Evasion moves are banned
|rule|Endless Battle Clause: Forcing endless battles is banned
|rule|HP Percentage Mod: HP is shown in percentages
|clearpoke
|poke|p1|Infernape, F
|poke|p1|Celebi
|poke|p1|Nidoking, M
|poke|p1|Swampert, F
|poke|p1|Rotom-Heat
|poke|p1|Meloetta
|poke|p2|Tornadus, M
|poke|p2|Swampert, M
|poke|p2|Donphan, M
|poke|p2|Typhlosion, F
|poke|p2|Umbreon, M
|poke|p2|Toxicroak, M
|rule|Swagger Clause: Swagger is banned
|rule|Baton Pass Clause: Limit one PokÃ©mon knowing Baton Pass
|teampreview
|c|â360panicknife|glhf
|
|start
|switch|p1a: Celebi|Celebi|341\/341
|switch|p2a: Swampert|Swampert, M|341\/341
|turn|1
|c|ârealnish942|(y)
|
|switch|p1a: Infernape|Infernape, F|293\/293
|switch|p2a: Tornadus|Tornadus, M|362\/362
|
|turn|2
|
|switch|p1a: Meloetta|Meloetta|403\/403
|switch|p2a: Donphan|Donphan, M|384\/384
|
|turn|3
|
|move|p1a: Meloetta|Hyper Voice|p2a: Donphan
|-damage|p2a: Donphan|162\/384
|move|p2a: Donphan|Stealth Rock|p1a: Meloetta
|-sidestart|p1: 360panicknife|move: Stealth Rock
|
|turn|4
|
|switch|p2a: Umbreon|Umbreon, M|394\/394
|move|p1a: Meloetta|Hyper Voice|p2a: Umbreon
|-damage|p2a: Umbreon|282\/394
|
|-heal|p2a: Umbreon|306\/394|[from] item: Leftovers
|turn|5
|
|move|p1a: Meloetta|Dazzling Gleam|p2a: Umbreon
|-supereffective|p2a: Umbreon
|-damage|p2a: Umbreon|186\/394
|move|p2a: Umbreon|Foul Play|p1a: Meloetta
|-supereffective|p1a: Meloetta
|-damage|p1a: Meloetta|203\/403
|
|-heal|p2a: Umbreon|210\/394|[from] item: Leftovers
|turn|6
|
|switch|p1a: Infernape|Infernape, F|293\/293
|-damage|p1a: Infernape|257\/293|[from] Stealth Rock
|move|p2a: Umbreon|Wish|p2a: Umbreon
|
|-heal|p2a: Umbreon|234\/394|[from] item: Leftovers
|turn|7
|
|switch|p2a: Donphan|Donphan, M|162\/384
|move|p1a: Infernape|Fire Blast|p2a: Donphan
|-damage|p2a: Donphan|0 fnt
|-damage|p1a: Infernape|228\/293|[from] item: Life Orb
|faint|p2a: Donphan
|
|
|switch|p2a: Swampert|Swampert, M|341\/341
|turn|8
|
|detailschange|p2a: Swampert|Swampert-Mega, M
|-mega|p2a: Swampert|Swampert|Swampertite
|move|p1a: Infernape|Grass Knot|p2a: Swampert
|-supereffective|p2a: Swampert
|-damage|p2a: Swampert|0 fnt
|-damage|p1a: Infernape|199\/293|[from] item: Life Orb
|faint|p2a: Swampert
|
|
|switch|p2a: Umbreon|Umbreon, M|234\/394
|turn|9
|
|move|p1a: Infernape|Close Combat|p2a: Umbreon
|-supereffective|p2a: Umbreon
|-damage|p2a: Umbreon|0 fnt
|-unboost|p1a: Infernape|def|1
|-unboost|p1a: Infernape|spd|1
|-damage|p1a: Infernape|170\/293|[from] item: Life Orb
|faint|p2a: Umbreon
|
|
|switch|p2a: Toxicroak|Toxicroak, M|339\/339
|turn|10
|
|move|p2a: Toxicroak|Sucker Punch|p1a: Infernape
|-resisted|p1a: Infernape
|-damage|p1a: Infernape|75\/293
|move|p1a: Infernape|Fire Blast|p2a: Toxicroak
|-damage|p2a: Toxicroak|49\/339
|-damage|p1a: Infernape|46\/293|[from] item: Life Orb
|
|-heal|p2a: Toxicroak|70\/339|[from] item: Black Sludge
|turn|11
|
|move|p1a: Infernape|Mach Punch|p2a: Toxicroak
|-resisted|p2a: Toxicroak
|-damage|p2a: Toxicroak|12\/339
|-damage|p1a: Infernape|17\/293|[from] item: Life Orb
|move|p2a: Toxicroak|Bulk Up|p2a: Toxicroak
|-boost|p2a: Toxicroak|atk|1
|-boost|p2a: Toxicroak|def|1
|
|-heal|p2a: Toxicroak|33\/339|[from] item: Black Sludge
|turn|12
|
|move|p1a: Infernape|Mach Punch|p2a: Toxicroak
|-resisted|p2a: Toxicroak
|-damage|p2a: Toxicroak|0 fnt
|-damage|p1a: Infernape|0 fnt|[from] item: Life Orb
|faint|p2a: Toxicroak
|faint|p1a: Infernape
|
|
|switch|p2a: Typhlosion|Typhlosion, F|298\/298
|switch|p1a: Rotom-Heat|Rotom-Heat|304\/304
|-damage|p1a: Rotom-Heat|228\/304|[from] Stealth Rock
|turn|13
|
|move|p2a: Typhlosion|Focus Blast|p1a: Rotom-Heat
|-damage|p1a: Rotom-Heat|109\/304
|move|p1a: Rotom-Heat|Volt Switch|p2a: Typhlosion
|-damage|p2a: Typhlosion|195\/298
|
|switch|p1a: Nidoking|Nidoking, M|365\/365
|-damage|p1a: Nidoking|343\/365|[from] Stealth Rock
|
|turn|14
|
|switch|p2a: Tornadus|Tornadus, M|362\/362
|move|p1a: Nidoking|Poison Jab|p2a: Tornadus
|-damage|p2a: Tornadus|0 fnt
|faint|p2a: Tornadus
|
|
|switch|p2a: Typhlosion|Typhlosion, F|195\/298
|turn|15
|
|move|p2a: Typhlosion|Extrasensory|p1a: Nidoking
|-supereffective|p1a: Nidoking
|-damage|p1a: Nidoking|23\/365
|move|p1a: Nidoking|Poison Jab|p2a: Typhlosion
|-damage|p2a: Typhlosion|0 fnt
|faint|p2a: Typhlosion
|
|win|360panicknife
|raw|Ladder updating...
|raw|360panicknife's rating: 1249 &rarr; <strong>1265<\/strong><br \/>(+16 for winning)
|raw|realnish942's rating: 1116 &rarr; <strong>1100<\/strong><br \/>(-16 for losing)
|c|â360panicknife|gg
|c|ârealnish942|gg