|join|Gottsmillk
|join|ElCoxy
|player|p1|Gottsmillk|13
|player|p2|ElCoxy|1
|gametype|singles
|gen|6
|tier|OU
|rated
|clearpoke
|poke|p1|Latios, M
|poke|p1|Klefki, F
|poke|p1|Ferrothorn, F
|poke|p1|Ludicolo, F
|poke|p1|Swampert, F
|poke|p1|Politoed, M
|poke|p2|Tyranitar, M
|poke|p2|Excadrill, F
|poke|p2|Talonflame, M
|poke|p2|Gallade, M
|poke|p2|Keldeo
|poke|p2|Zapdos
|rule|Swagger Clause: Swagger is banned
|rule|Baton Pass Clause: Limit one PokÃ©mon knowing Baton Pass
|rule|Sleep Clause Mod: Limit one foe put to sleep
|rule|Species Clause: Limit one of each PokÃ©mon
|rule|OHKO Clause: OHKO moves are banned
|rule|Moody Clause: Moody is banned
|rule|Evasion Moves Clause: Evasion moves are banned
|rule|Endless Battle Clause: Forcing endless battles is banned
|rule|HP Percentage Mod: HP is shown in percentages
|teampreview
|
|start
|switch|p1a: Klefki|Klefki, F|318\/318
|switch|p2a: Excadrill|Excadrill, F|361\/361
|-item|p2a: Excadrill|Air Balloon
|turn|1
|
|move|p1a: Klefki|Magnet Rise|p1a: Klefki
|-start|p1a: Klefki|Magnet Rise
|move|p2a: Excadrill|Earthquake|p1a: Klefki
|-immune|p1a: Klefki|[msg]
|
|turn|2
|
|move|p1a: Klefki|Spikes|p2a: Excadrill
|-sidestart|p2: ElCoxy|Spikes
|move|p2a: Excadrill|Iron Head|p1a: Klefki
|-damage|p1a: Klefki|132\/318
|-enditem|p1a: Klefki|Red Card|[of] p2a: Excadrill
|drag|p2a: Talonflame|Talonflame, M|297\/297
|
|turn|3
|
|switch|p1a: Ferrothorn|Ferrothorn, F|352\/352
|move|p2a: Talonflame|Flare Blitz|p1a: Ferrothorn
|-supereffective|p1a: Ferrothorn
|-damage|p1a: Ferrothorn|0 fnt
|-damage|p2a: Talonflame|260\/297|[from] ability: Iron Barbs|[of] p1a: Ferrothorn
|-damage|p2a: Talonflame|211\/297|[from] item: Rocky Helmet|[of] p1a: Ferrothorn
|-damage|p2a: Talonflame|95\/297|[from] recoil|[of] p1a: Ferrothorn
|faint|p1a: Ferrothorn
|
|
|switch|p1a: Politoed|Politoed, M|384\/384
|-weather|RainDance
|turn|4
|
|switch|p2a: Tyranitar|Tyranitar, M|403\/403
|-damage|p2a: Tyranitar|353\/403|[from] Spikes
|-weather|Sandstorm
|move|p1a: Politoed|Scald|p2a: Tyranitar
|-supereffective|p2a: Tyranitar
|-damage|p2a: Tyranitar|219\/403
|-status|p2a: Tyranitar|brn
|
|-weather|Sandstorm|[upkeep]
|-damage|p1a: Politoed|360\/384|[from] sandstorm
|-damage|p2a: Tyranitar|169\/403 brn|[from] brn
|turn|5
|
|switch|p1a: Klefki|Klefki, F|132\/318
|switch|p2a: Zapdos|Zapdos|384\/384
|-ability|p2a: Zapdos|Pressure
|
|-weather|Sandstorm|[upkeep]
|-damage|p2a: Zapdos|360\/384|[from] sandstorm
|-heal|p2a: Zapdos|384\/384|[from] item: Leftovers
|turn|6
|
|switch|p1a: Politoed|Politoed, M|360\/384
|-weather|RainDance
|move|p2a: Zapdos|Volt Switch|p1a: Politoed
|-crit|p1a: Politoed
|-supereffective|p1a: Politoed
|-damage|p1a: Politoed|60\/384
|
|switch|p2a: Tyranitar|Tyranitar, M|169\/403 brn
|-damage|p2a: Tyranitar|119\/403 brn|[from] Spikes
|-weather|Sandstorm
|
|-weather|Sandstorm|[upkeep]
|-damage|p1a: Politoed|36\/384|[from] sandstorm
|-damage|p2a: Tyranitar|69\/403 brn|[from] brn
|turn|7
|
|switch|p1a: Klefki|Klefki, F|132\/318
|switch|p2a: Zapdos|Zapdos|384\/384
|-ability|p2a: Zapdos|Pressure
|
|-weather|Sandstorm|[upkeep]
|-damage|p2a: Zapdos|360\/384|[from] sandstorm
|-heal|p2a: Zapdos|384\/384|[from] item: Leftovers
|turn|8
|
|move|p1a: Klefki|Spikes|p2a: Zapdos
|-sidestart|p2: ElCoxy|Spikes
|move|p2a: Zapdos|Heat Wave|p1a: Klefki
|-supereffective|p1a: Klefki
|-damage|p1a: Klefki|0 fnt
|faint|p1a: Klefki
|
|-weather|Sandstorm|[upkeep]
|-damage|p2a: Zapdos|360\/384|[from] sandstorm
|-heal|p2a: Zapdos|384\/384|[from] item: Leftovers
|
|switch|p1a: Politoed|Politoed, M|36\/384
|-weather|RainDance
|turn|9
|
|switch|p1a: Ludicolo|Ludicolo, F|301\/301
|move|p2a: Zapdos|Hidden Power|p1a: Ludicolo
|-damage|p1a: Ludicolo|260\/301
|
|-weather|RainDance|[upkeep]
|turn|10
|
|move|p1a: Ludicolo|Ice Beam|p2a: Zapdos
|-supereffective|p2a: Zapdos
|-damage|p2a: Zapdos|170\/384
|move|p2a: Zapdos|Volt Switch|p1a: Ludicolo
|-damage|p1a: Ludicolo|190\/301
|
|switch|p2a: Talonflame|Talonflame, M|95\/297
|
|-weather|RainDance|[upkeep]
|turn|11
|
|switch|p1a: Latios|Latios, M|364\/364
|move|p2a: Talonflame|Brave Bird|p1a: Latios
|-damage|p1a: Latios|57\/364
|-damage|p2a: Talonflame|0 fnt|[from] recoil|[of] p1a: Latios
|faint|p2a: Talonflame
|
|-weather|RainDance|[upkeep]
|
|switch|p2a: Excadrill|Excadrill, F|361\/361
|-item|p2a: Excadrill|Air Balloon
|turn|12
|
|switch|p2a: Zapdos|Zapdos|170\/384
|-ability|p2a: Zapdos|Pressure
|move|p1a: Latios|Draco Meteor|p2a: Zapdos
|-damage|p2a: Zapdos|0 fnt
|-unboost|p1a: Latios|spa|2
|faint|p2a: Zapdos
|
|-weather|RainDance|[upkeep]
|
|switch|p2a: Excadrill|Excadrill, F|361\/361
|-item|p2a: Excadrill|Air Balloon
|turn|13
|
|move|p1a: Latios|Draco Meteor|p2a: Excadrill
|-resisted|p2a: Excadrill
|-damage|p2a: Excadrill|269\/361
|-enditem|p2a: Excadrill|Air Balloon
|-unboost|p1a: Latios|spa|2
|move|p2a: Excadrill|Rapid Spin|p1a: Latios
|-damage|p1a: Latios|24\/364
|-sideend|p2: ElCoxy|Spikes|[from] move: Rapid Spin|[of] p2a: Excadrill
|
|-weather|RainDance|[upkeep]
|turn|14
|
|move|p1a: Latios|Draco Meteor|p2a: Excadrill
|-resisted|p2a: Excadrill
|-damage|p2a: Excadrill|212\/361
|-unboost|p1a: Latios|spa|2
|move|p2a: Excadrill|Earthquake|p1a: Latios
|-immune|p1a: Latios|[msg]
|
|-weather|RainDance|[upkeep]
|turn|15
|
|move|p1a: Latios|Draco Meteor|p2a: Excadrill
|-resisted|p2a: Excadrill
|-damage|p2a: Excadrill|170\/361
|move|p2a: Excadrill|Earthquake|p1a: Latios
|-immune|p1a: Latios|[msg]
|
|-weather|RainDance|[upkeep]
|turn|16
|
|switch|p1a: Swampert|Swampert, F|342\/342
|move|p2a: Excadrill|Iron Head|p1a: Swampert
|-resisted|p1a: Swampert
|-damage|p1a: Swampert|255\/342
|
|-weather|none
|turn|17
|
|switch|p2a: Keldeo|Keldeo|323\/323
|switch|p1a: Latios|Latios, M|24\/364
|
|turn|18
|
|switch|p2a: Gallade|Gallade, M|277\/277
|move|p1a: Latios|Draco Meteor|p2a: Gallade
|-damage|p2a: Gallade|36\/277
|-unboost|p1a: Latios|spa|2
|
|turn|19
|
|detailschange|p2a: Gallade|Gallade-Mega, M
|-mega|p2a: Gallade|Gallade|Galladite
|move|p1a: Latios|Draco Meteor|p2a: Gallade
|-damage|p2a: Gallade|0 fnt
|-unboost|p1a: Latios|spa|2
|faint|p2a: Gallade
|
|
|switch|p2a: Keldeo|Keldeo|323\/323
|turn|20
|
|switch|p1a: Ludicolo|Ludicolo, F|190\/301
|move|p2a: Keldeo|Secret Sword|p1a: Ludicolo
|-damage|p1a: Ludicolo|0 fnt
|faint|p1a: Ludicolo
|
|
|switch|p1a: Latios|Latios, M|24\/364
|turn|21
|
|switch|p2a: Tyranitar|Tyranitar, M|69\/403 brn
|-weather|Sandstorm
|move|p1a: Latios|Energy Ball|p2a: Tyranitar
|-supereffective|p2a: Tyranitar
|-damage|p2a: Tyranitar|0 fnt
|faint|p2a: Tyranitar
|
|-weather|Sandstorm|[upkeep]
|-damage|p1a: Latios|2\/364|[from] sandstorm
|
|switch|p2a: Excadrill|Excadrill, F|170\/361
|turn|22
|
|switch|p1a: Politoed|Politoed, M|36\/384
|-weather|RainDance
|move|p2a: Excadrill|Iron Head|p1a: Politoed
|-resisted|p1a: Politoed
|-damage|p1a: Politoed|0 fnt
|faint|p1a: Politoed
|
|-weather|RainDance|[upkeep]
|
|switch|p1a: Swampert|Swampert, F|255\/342
|turn|23
|
|detailschange|p1a: Swampert|Swampert-Mega, F
|-mega|p1a: Swampert|Swampert|Swampertite
|move|p2a: Excadrill|Earthquake|p1a: Swampert
|-damage|p1a: Swampert|65\/342
|move|p1a: Swampert|Earthquake|p2a: Excadrill
|-supereffective|p2a: Excadrill
|-damage|p2a: Excadrill|0 fnt
|faint|p2a: Excadrill
|
|-weather|RainDance|[upkeep]
|
|switch|p2a: Keldeo|Keldeo|323\/323
|turn|24
|
|move|p1a: Swampert|Earthquake|p2a: Keldeo
|-damage|p2a: Keldeo|91\/323
|move|p2a: Keldeo|Secret Sword|p1a: Swampert
|-damage|p1a: Swampert|0 fnt
|faint|p1a: Swampert
|
|-weather|RainDance|[upkeep]
|
|switch|p1a: Latios|Latios, M|2\/364
|turn|25
|c|âGottsmillk|jesus christ
|c|âGottsmillk|what a close game
|c|âElCoxy|gg
|
|move|p1a: Latios|Energy Ball|p2a: Keldeo
|-supereffective|p2a: Keldeo
|-damage|p2a: Keldeo|0 fnt
|faint|p2a: Keldeo
|
|win|Gottsmillk
|raw|Ladder updating...
|c|âGottsmillk|gg
|raw|Gottsmillk's rating: 1367 &rarr; <strong>1389<\/strong><br \/>(+22 for winning)
|raw|ElCoxy's rating: 1414 &rarr; <strong>1391<\/strong><br \/>(-23 for losing)
|leave|ElCoxy