|join|ElCoxy
|join|so long lonesome
|player|p1|ElCoxy|2
|player|p2|so long lonesome|2
|gametype|singles
|gen|6
|tier|OU
|rated
|clearpoke
|poke|p1|Volcarona, M
|poke|p1|Gyarados, M
|poke|p1|Gothitelle, M
|poke|p1|Heatran, F
|poke|p1|Latias, F
|poke|p1|Landorus-Therian, M
|poke|p2|Jirachi
|poke|p2|Starmie
|poke|p2|Dragonite, M
|poke|p2|Manectric, M
|poke|p2|Landorus-Therian, M
|poke|p2|Weavile, M
|rule|Swagger Clause: Swagger is banned
|rule|Baton Pass Clause: Limit one PokÃ©mon knowing Baton Pass
|rule|Sleep Clause Mod: Limit one foe put to sleep
|rule|Species Clause: Limit one of each PokÃ©mon
|rule|OHKO Clause: OHKO moves are banned
|rule|Moody Clause: Moody is banned
|rule|Evasion Moves Clause: Evasion moves are banned
|rule|Endless Battle Clause: Forcing endless battles is banned
|rule|HP Percentage Mod: HP is shown in percentages
|teampreview
|
|start
|switch|p1a: Landorus-Therian|Landorus-Therian, M|319\/319
|switch|p2a: monroe|Landorus-Therian, M|381\/381
|-ability|p1a: Landorus-Therian|Intimidate|[of] p2a: monroe
|-unboost|p2a: monroe|atk|1
|-ability|p2a: monroe|Intimidate|[of] p1a: Landorus-Therian
|-unboost|p1a: Landorus-Therian|atk|1
|turn|1
|
|move|p1a: Landorus-Therian|U-turn|p2a: monroe
|-resisted|p2a: monroe
|-damage|p2a: monroe|357\/381
|
|switch|p1a: Heatran|Heatran, F|385\/385
|-item|p1a: Heatran|Air Balloon
|move|p2a: monroe|Stealth Rock|p1a: Heatran
|-sidestart|p1: ElCoxy|move: Stealth Rock
|
|-heal|p2a: monroe|380\/381|[from] item: Leftovers
|turn|2
|
|move|p2a: monroe|U-turn|p1a: Heatran
|-resisted|p1a: Heatran
|-damage|p1a: Heatran|374\/385
|-enditem|p1a: Heatran|Air Balloon
|
|switch|p2a: got ya|Starmie|324\/324
|move|p1a: Heatran|Toxic|p2a: got ya
|-status|p2a: got ya|tox
|
|-damage|p2a: got ya|304\/324 tox|[from] psn
|turn|3
|
|switch|p2a: no rush|Weavile, M|281\/281
|-ability|p2a: no rush|Pressure
|switch|p1a: Gothitelle|Gothitelle, M|283\/283
|-damage|p1a: Gothitelle|248\/283|[from] Stealth Rock
|
|turn|4
|join|Secondary
|
|move|p2a: no rush|Pursuit|p1a: Gothitelle
|-supereffective|p1a: Gothitelle
|-damage|p1a: Gothitelle|66\/283
|-damage|p2a: no rush|253\/281|[from] item: Life Orb
|move|p1a: Gothitelle|Hidden Power|p2a: no rush
|-supereffective|p2a: no rush
|-damage|p2a: no rush|41\/281
|
|turn|5
|
|move|p2a: no rush|Pursuit|p1a: Gothitelle
|-supereffective|p1a: Gothitelle
|-damage|p1a: Gothitelle|0 fnt
|-damage|p2a: no rush|13\/281|[from] item: Life Orb
|faint|p1a: Gothitelle
|
|
|switch|p1a: Gyarados|Gyarados, M|331\/331
|-damage|p1a: Gyarados|249\/331|[from] Stealth Rock
|-ability|p1a: Gyarados|Intimidate|[of] p2a: no rush
|-unboost|p2a: no rush|atk|1
|turn|6
|
|switch|p2a: monroe|Landorus-Therian, M|380\/381
|-ability|p2a: monroe|Intimidate|[of] p1a: Gyarados
|-unboost|p1a: Gyarados|atk|1
|detailschange|p1a: Gyarados|Gyarados-Mega, M
|-mega|p1a: Gyarados|Gyarados|Gyaradosite
|-ability|p1a: Gyarados|Mold Breaker
|move|p1a: Gyarados|Crunch|p2a: monroe
|-damage|p2a: monroe|296\/381
|
|-heal|p2a: monroe|319\/381|[from] item: Leftovers
|turn|7
|
|switch|p1a: Landorus-Therian|Landorus-Therian, M|319\/319
|-damage|p1a: Landorus-Therian|280\/319|[from] Stealth Rock
|-ability|p1a: Landorus-Therian|Intimidate|[of] p2a: monroe
|-unboost|p2a: monroe|atk|1
|move|p2a: monroe|U-turn|p1a: Landorus-Therian
|-resisted|p1a: Landorus-Therian
|-damage|p1a: Landorus-Therian|250\/319
|
|switch|p2a: no rush|Weavile, M|13\/281
|-ability|p2a: no rush|Pressure
|
|turn|8
|
|switch|p1a: Volcarona|Volcarona, M|311\/311
|-damage|p1a: Volcarona|156\/311|[from] Stealth Rock
|switch|p2a: monroe|Landorus-Therian, M|319\/381
|-ability|p2a: monroe|Intimidate|[of] p1a: Volcarona
|-unboost|p1a: Volcarona|atk|1
|
|-heal|p2a: monroe|342\/381|[from] item: Leftovers
|turn|9
|
|move|p1a: Volcarona|Bug Buzz|p2a: monroe
|-resisted|p2a: monroe
|-damage|p2a: monroe|250\/381
|move|p2a: monroe|Stone Edge|p1a: Volcarona
|-supereffective|p1a: Volcarona
|-damage|p1a: Volcarona|0 fnt
|faint|p1a: Volcarona
|
|-heal|p2a: monroe|273\/381|[from] item: Leftovers
|
|switch|p1a: Latias|Latias, F|301\/301
|-damage|p1a: Latias|264\/301|[from] Stealth Rock
|turn|10
|
|move|p1a: Latias|Defog|p2a: monroe
|-unboost|p2a: monroe|evasion|1
|-sideend|p1: ElCoxy|Stealth Rock|[from] move: Defog|[of] p1a: Latias
|move|p2a: monroe|Stealth Rock|p1a: Latias
|-sidestart|p1: ElCoxy|move: Stealth Rock
|
|-heal|p2a: monroe|296\/381|[from] item: Leftovers
|turn|11
|
|move|p1a: Latias|Draco Meteor|p2a: monroe
|-damage|p2a: monroe|0 fnt
|-unboost|p1a: Latias|spa|2
|-damage|p1a: Latias|234\/301|[from] item: Life Orb
|faint|p2a: monroe
|
|
|switch|p2a: needa talk|Jirachi|341\/341
|turn|12
|
|move|p2a: needa talk|Healing Wish|p2a: needa talk
|faint|p2a: needa talk
|move|p1a: Latias|Defog|p2: needa talk|[notarget]
|-notarget
|
|
|switch|p2a: no rush|Weavile, M|13\/281
|-heal|p2a: no rush|281\/281|[from] move: Healing Wish
|-ability|p2a: no rush|Pressure
|turn|13
|
|move|p2a: no rush|Knock Off|p1a: Latias
|-supereffective|p1a: Latias
|-damage|p1a: Latias|0 fnt
|-enditem|p1a: Latias|Life Orb|[from] move: Knock Off|[of] p2a: no rush
|-damage|p2a: no rush|253\/281|[from] item: Life Orb
|faint|p1a: Latias
|
|
|switch|p1a: Heatran|Heatran, F|374\/385
|-damage|p1a: Heatran|326\/385|[from] Stealth Rock
|turn|14
|
|move|p2a: no rush|Low Kick|p1a: Heatran
|-supereffective|p1a: Heatran
|-damage|p1a: Heatran|0 fnt
|-damage|p2a: no rush|225\/281|[from] item: Life Orb
|faint|p1a: Heatran
|
|
|switch|p1a: Landorus-Therian|Landorus-Therian, M|250\/319
|-damage|p1a: Landorus-Therian|211\/319|[from] Stealth Rock
|-ability|p1a: Landorus-Therian|Intimidate|[of] p2a: no rush
|-unboost|p2a: no rush|atk|1
|turn|15
|
|switch|p2a: word that you left|Dragonite, M|363\/363
|move|p1a: Landorus-Therian|U-turn|p2a: word that you left
|-resisted|p2a: word that you left
|-damage|p2a: word that you left|339\/363
|
|switch|p1a: Gyarados|Gyarados-Mega, M|249\/331
|-damage|p1a: Gyarados|208\/331|[from] Stealth Rock
|-ability|p1a: Gyarados|Mold Breaker
|
|turn|16
|
|switch|p1a: Landorus-Therian|Landorus-Therian, M|211\/319
|-damage|p1a: Landorus-Therian|172\/319|[from] Stealth Rock
|-ability|p1a: Landorus-Therian|Intimidate|[of] p2a: word that you left
|-unboost|p2a: word that you left|atk|1
|move|p2a: word that you left|Outrage|p1a: Landorus-Therian
|-damage|p1a: Landorus-Therian|0 fnt
|faint|p1a: Landorus-Therian
|
|
|switch|p1a: Gyarados|Gyarados-Mega, M|208\/331
|-damage|p1a: Gyarados|167\/331|[from] Stealth Rock
|-ability|p1a: Gyarados|Mold Breaker
|turn|17
|
|move|p1a: Gyarados|Dragon Dance|p1a: Gyarados
|-boost|p1a: Gyarados|atk|1
|-boost|p1a: Gyarados|spe|1
|move|p2a: word that you left|Outrage|p1a: Gyarados
|-damage|p1a: Gyarados|0 fnt
|faint|p1a: Gyarados
|
|win|so long lonesome
|raw|Ladder updating...
|raw|ElCoxy's rating: 1602 &rarr; <strong>1585<\/strong><br \/>(-17 for losing)
|raw|so long lonesome's rating: 1653 &rarr; <strong>1670<\/strong><br \/>(+17 for winning)
|leave|ElCoxy
|player|p1
|leave|Secondary