|join|ElCoxy
|join|david D. ace
|player|p1|ElCoxy|1
|player|p2|david D. ace|170
|gametype|singles
|gen|6
|tier|OU
|rated
|clearpoke
|poke|p1|Garchomp, F
|poke|p1|Excadrill, M
|poke|p1|Talonflame, M
|poke|p1|Celebi
|poke|p1|Keldeo
|poke|p1|Diancie
|poke|p2|Slowbro, F
|poke|p2|Chansey, F
|poke|p2|Mamoswine, M
|poke|p2|Medicham, F
|poke|p2|Sylveon, F
|poke|p2|Mew
|rule|Swagger Clause: Swagger is banned
|rule|Baton Pass Clause: Limit one PokÃ©mon knowing Baton Pass
|rule|Sleep Clause Mod: Limit one foe put to sleep
|rule|Species Clause: Limit one of each PokÃ©mon
|rule|OHKO Clause: OHKO moves are banned
|rule|Moody Clause: Moody is banned
|rule|Evasion Moves Clause: Evasion moves are banned
|rule|Endless Battle Clause: Forcing endless battles is banned
|rule|HP Percentage Mod: HP is shown in percentages
|teampreview
|
|start
|switch|p1a: Garchomp|Garchomp, F|357\/357
|switch|p2a: Medicham|Medicham, F|261\/261
|turn|1
|
|switch|p1a: Celebi|Celebi|403\/403
|detailschange|p2a: Medicham|Medicham-Mega, F
|-mega|p2a: Medicham|Medicham|Medichamite
|move|p2a: Medicham|Fake Out|p1a: Celebi
|-damage|p1a: Celebi|313\/403
|
|-heal|p1a: Celebi|338\/403|[from] item: Leftovers
|turn|2
|
|move|p2a: Medicham|Ice Punch|p1a: Celebi
|-supereffective|p1a: Celebi
|-damage|p1a: Celebi|0 fnt
|faint|p1a: Celebi
|
|
|switch|p1a: Talonflame|Talonflame, M|297\/297
|turn|3
|
|switch|p2a: Slowbro|Slowbro, F|393\/393
|move|p1a: Talonflame|U-turn|p2a: Slowbro
|-supereffective|p2a: Slowbro
|-damage|p2a: Slowbro|269\/393
|-damage|p1a: Talonflame|248\/297|[from] item: Rocky Helmet|[of] p2a: Slowbro
|
|switch|p1a: Diancie|Diancie|241\/241
|
|turn|4
|
|switch|p1a: Garchomp|Garchomp, F|357\/357
|switch|p2a: Sylveon|Sylveon, F|394\/394
|
|turn|5
|
|move|p1a: Garchomp|Stealth Rock|p2a: Sylveon
|-sidestart|p2: david D. ace|move: Stealth Rock
|move|p2a: Sylveon|Hyper Voice|p1a: Garchomp
|-supereffective|p1a: Garchomp
|-enditem|p1a: Garchomp|Focus Sash
|-damage|p1a: Garchomp|1\/357
|
|turn|6
|
|move|p1a: Garchomp|Earthquake|p2a: Sylveon
|-damage|p2a: Sylveon|225\/394
|move|p2a: Sylveon|Hyper Voice|p1a: Garchomp
|-supereffective|p1a: Garchomp
|-damage|p1a: Garchomp|0 fnt
|faint|p1a: Garchomp
|
|-heal|p2a: Sylveon|249\/394|[from] item: Leftovers
|
|switch|p1a: Talonflame|Talonflame, M|248\/297
|turn|7
|
|move|p2a: Sylveon|Protect|p2a: Sylveon
|-singleturn|p2a: Sylveon|Protect
|move|p1a: Talonflame|Brave Bird|p2a: Sylveon
|-activate|p2a: Sylveon|Protect
|
|-heal|p2a: Sylveon|273\/394|[from] item: Leftovers
|turn|8
|
|switch|p2a: Slowbro|Slowbro, F|393\/393
|-damage|p2a: Slowbro|344\/393|[from] Stealth Rock
|move|p1a: Talonflame|Brave Bird|p2a: Slowbro
|-damage|p2a: Slowbro|175\/393
|-damage|p1a: Talonflame|199\/297|[from] item: Rocky Helmet|[of] p2a: Slowbro
|-damage|p1a: Talonflame|143\/297|[from] recoil|[of] p2a: Slowbro
|
|turn|9
|
|switch|p1a: Keldeo|Keldeo|323\/323
|move|p2a: Slowbro|Scald|p1a: Keldeo
|-resisted|p1a: Keldeo
|-damage|p1a: Keldeo|275\/323
|
|turn|10
|
|switch|p2a: Mew|Mew|404\/404
|-damage|p2a: Mew|354\/404|[from] Stealth Rock
|move|p1a: Keldeo|Secret Sword|p2a: Mew
|-resisted|p2a: Mew
|-damage|p2a: Mew|236\/404
|
|-heal|p2a: Mew|261\/404|[from] item: Leftovers
|turn|11
|
|switch|p1a: Excadrill|Excadrill, M|361\/361
|-ability|p1a: Excadrill|Mold Breaker
|move|p2a: Mew|Will-O-Wisp|p1a: Excadrill
|-status|p1a: Excadrill|brn
|
|-heal|p2a: Mew|286\/404|[from] item: Leftovers
|-damage|p1a: Excadrill|316\/361 brn|[from] brn
|turn|12
|
|switch|p1a: Diancie|Diancie|241\/241
|move|p2a: Mew|Knock Off|p1a: Diancie
|-resisted|p1a: Diancie
|-damage|p1a: Diancie|220\/241
|
|-heal|p2a: Mew|311\/404|[from] item: Leftovers
|turn|13
|
|detailschange|p1a: Diancie|Diancie-Mega
|-mega|p1a: Diancie|Diancie|Diancite
|move|p2a: Mew|Will-O-Wisp|p1a: Diancie
|move|p1a: Diancie|Will-O-Wisp|p2a: Mew|[from]Magic Bounce
|-status|p2a: Mew|brn
|-status|p1a: Diancie|brn
|move|p1a: Diancie|Moonblast|p2a: Mew
|-damage|p2a: Mew|154\/404 brn
|-unboost|p2a: Mew|spa|1
|
|-heal|p2a: Mew|179\/404 brn|[from] item: Leftovers
|-damage|p1a: Diancie|190\/241 brn|[from] brn
|-damage|p2a: Mew|129\/404 brn|[from] brn
|turn|14
|
|move|p1a: Diancie|Diamond Storm|p2a: Mew
|-crit|p2a: Mew
|-damage|p2a: Mew|0 fnt
|-boost|p1a: Diancie|def|1
|faint|p2a: Mew
|
|-damage|p1a: Diancie|160\/241 brn|[from] brn
|
|switch|p2a: Medicham|Medicham-Mega, F|261\/261
|-damage|p2a: Medicham|245\/261|[from] Stealth Rock
|turn|15
|
|switch|p1a: Excadrill|Excadrill, M|316\/361 brn
|-ability|p1a: Excadrill|Mold Breaker
|move|p2a: Medicham|Fake Out|p1a: Excadrill
|-resisted|p1a: Excadrill
|-damage|p1a: Excadrill|249\/361 brn
|
|-damage|p1a: Excadrill|204\/361 brn|[from] brn
|turn|16
|
|switch|p2a: Slowbro|Slowbro, F|306\/393
|-damage|p2a: Slowbro|257\/393|[from] Stealth Rock
|move|p1a: Excadrill|Earthquake|p2a: Slowbro
|-damage|p2a: Slowbro|193\/393
|
|-damage|p1a: Excadrill|159\/361 brn|[from] brn
|turn|17
|
|switch|p1a: Diancie|Diancie-Mega|160\/241 brn
|move|p2a: Slowbro|Scald|p1a: Diancie
|-supereffective|p1a: Diancie
|-damage|p1a: Diancie|0 fnt
|faint|p1a: Diancie
|
|
|switch|p1a: Talonflame|Talonflame, M|143\/297
|turn|18
|c|âdavid D. ace|gg
|c|âElCoxy|gg
|
|move|p1a: Talonflame|U-turn|p2a: Slowbro
|-supereffective|p2a: Slowbro
|-damage|p2a: Slowbro|51\/393
|-damage|p1a: Talonflame|94\/297|[from] item: Rocky Helmet|[of] p2a: Slowbro
|
|switch|p1a: Excadrill|Excadrill, M|159\/361 brn
|-ability|p1a: Excadrill|Mold Breaker
|move|p2a: Slowbro|Slack Off|p2a: Slowbro
|-heal|p2a: Slowbro|248\/393
|
|-damage|p1a: Excadrill|114\/361 brn|[from] brn
|turn|19
|-message|ElCoxy forfeited.
|
|win|david D. ace
|raw|Ladder updating...
|leave|ElCoxy
|player|p1