|join|EyanZ
|join|Adil
|player|p1|EyanZ|126
|player|p2|Adil|1
|gametype|singles
|gen|6
|tier|UU
|rule|Sleep Clause Mod: Limit one foe put to sleep
|rule|Species Clause: Limit one of each PokÃ©mon
|rule|OHKO Clause: OHKO moves are banned
|rule|Moody Clause: Moody is banned
|rule|Evasion Moves Clause: Evasion moves are banned
|rule|Endless Battle Clause: Forcing endless battles is banned
|rule|HP Percentage Mod: HP is shown in percentages
|clearpoke
|poke|p1|Hydreigon, F
|poke|p1|Ampharos, F
|poke|p1|Forretress, F
|poke|p1|Lucario, F
|poke|p1|Vaporeon, M
|poke|p1|Dugtrio, M
|poke|p2|Alakazam, M
|poke|p2|Hydreigon, M
|poke|p2|Crobat, M
|poke|p2|Suicune
|poke|p2|Blissey, F
|poke|p2|Darmanitan, F
|rule|Swagger Clause: Swagger is banned
|rule|Baton Pass Clause: Limit one PokÃ©mon knowing Baton Pass
|teampreview
|c|âEyanZ|gl hf
|join|Hairy Toenail $_$
|join|Wonto
|join|Royalty
|join|AM
|
|start
|switch|p1a: Forretress|Forretress, F|354\/354
|switch|p2a: Blissey|Blissey, F|714\/714
|turn|1
|join|the ladder is aids
|join|slayerx725232
|join|Phizzurp
|c|+slayerx725232|Gl;hf mates.
|join|NotTodayPotato2
|join|lightning225
|
|switch|p2a: Crobat|Crobat, M|311\/311
|move|p1a: Forretress|Stealth Rock|p2a: Crobat
|-sidestart|p2: Adil|move: Stealth Rock
|
|turn|2
|
|move|p2a: Crobat|Defog|p1a: Forretress
|-unboost|p1a: Forretress|evasion|1
|-sideend|p2: Adil|Stealth Rock|[from] move: Defog|[of] p2a: Crobat
|move|p1a: Forretress|Volt Switch|p2a: Crobat
|-supereffective|p2a: Crobat
|-damage|p2a: Crobat|219\/311
|join|LiepardHater
|join|Hinting
|
|switch|p1a: Ampharos|Ampharos, F|371\/371
|
|-heal|p2a: Crobat|238\/311|[from] item: Black Sludge
|turn|3
|
|detailschange|p1a: Ampharos|Ampharos-Mega, F
|message|Ampharos has Mega Evolved into Mega Ampharos!
|-ability|p1a: Ampharos|Mold Breaker
|move|p2a: Crobat|U-turn|p1a: Ampharos
|-damage|p1a: Ampharos|309\/371
|
|switch|p2a: Hydreigon|Hydreigon, M|325\/325
|move|p1a: Ampharos|Volt Switch|p2a: Hydreigon
|-resisted|p2a: Hydreigon
|-damage|p2a: Hydreigon|232\/325
|
|switch|p1a: Hydreigon|Hydreigon, F|325\/325
|
|turn|4
|leave|LiepardHater
|c|âAdil|oh god speed tie?
|join|LiepardHater
|
|switch|p2a: Blissey|Blissey, F|714\/714
|move|p1a: Hydreigon|U-turn|p2a: Blissey
|-damage|p2a: Blissey|629\/714
|
|switch|p1a: Lucario|Lucario, F|281\/281
|
|-heal|p2a: Blissey|673\/714|[from] item: Leftovers
|turn|5
|join|GreenJelly_64
|
|switch|p1a: Ampharos|Ampharos-Mega, F|309\/371
|-ability|p1a: Ampharos|Mold Breaker
|switch|p2a: Crobat|Crobat, M|238\/311
|
|-heal|p2a: Crobat|257\/311|[from] item: Black Sludge
|turn|6
|
|move|p2a: Crobat|U-turn|p1a: Ampharos
|-damage|p1a: Ampharos|246\/371
|
|switch|p2a: Blissey|Blissey, F|673\/714
|move|p1a: Ampharos|Volt Switch|p2a: Blissey
|-damage|p2a: Blissey|546\/714
|
|switch|p1a: Lucario|Lucario, F|281\/281
|
|-heal|p2a: Blissey|590\/714|[from] item: Leftovers
|turn|7
|
|switch|p2a: Suicune|Suicune|404\/404
|-ability|p2a: Suicune|Pressure
|move|p1a: Lucario|Swords Dance|p1a: Lucario
|-boost|p1a: Lucario|atk|2
|
|turn|8
|c|âAdil|burn
|c|âAdil|;-;
|
|switch|p1a: Ampharos|Ampharos-Mega, F|246\/371
|-ability|p1a: Ampharos|Mold Breaker
|move|p2a: Suicune|Scald|p1a: Ampharos
|-resisted|p1a: Ampharos
|-damage|p1a: Ampharos|210\/371
|
|turn|9
|join|MajesticM
|leave|Hinting
|
|switch|p2a: Hydreigon|Hydreigon, M|232\/325
|move|p1a: Ampharos|Volt Switch|p2a: Hydreigon
|-resisted|p2a: Hydreigon
|-damage|p2a: Hydreigon|124\/325
|
|switch|p1a: Hydreigon|Hydreigon, F|325\/325
|
|turn|10
|join|MrAldoPls
|c|âAdil|ugh the speed tie
|
|move|p1a: Hydreigon|U-turn|p2a: Hydreigon
|-crit|p2a: Hydreigon
|-supereffective|p2a: Hydreigon
|-damage|p2a: Hydreigon|0 fnt
|faint|p2a: Hydreigon
|c|âEyanZ|sorry if that mattered
|join|Rob
|join|Truth In Lies
|
|switch|p1a: Ampharos|Ampharos-Mega, F|210\/371
|-ability|p1a: Ampharos|Mold Breaker
|
|join|Hinting
|join|Cranham
|
|switch|p2a: Alakazam|Alakazam, M|251\/251
|turn|11
|
|switch|p1a: Forretress|Forretress, F|354\/354
|detailschange|p2a: Alakazam|Alakazam-Mega, M
|message|Alakazam has Mega Evolved into Mega Alakazam!
|-ability|p2a: Alakazam|Sturdy|[from] ability: Trace|[of] p1a: Forretress
|move|p2a: Alakazam|Dazzling Gleam|p1a: Forretress
|-resisted|p1a: Forretress
|-damage|p1a: Forretress|291\/354
|
|-heal|p1a: Forretress|313\/354|[from] item: Leftovers
|turn|12
|c| the ladder is aids|sturdy megazam
|c| the ladder is aids|im scared
|c|+slayerx725232|^
|c|âAdil|lmao
|
|switch|p2a: Darmanitan|Darmanitan, F|351\/351
|move|p1a: Forretress|Stealth Rock|p2a: Darmanitan
|-sidestart|p2: Adil|move: Stealth Rock
|
|-heal|p1a: Forretress|335\/354|[from] item: Leftovers
|turn|13
|c| Wonto|lol
|
|move|p2a: Darmanitan|Flare Blitz|p1a: Forretress
|-supereffective|p1a: Forretress
|-damage|p1a: Forretress|0 fnt
|-damage|p2a: Darmanitan|240\/351|[from] recoil|[of] p1a: Forretress
|faint|p1a: Forretress
|
|
|switch|p1a: Dugtrio|Dugtrio, M|212\/212
|turn|14
|
|move|p1a: Dugtrio|Earthquake|p2a: Darmanitan
|-supereffective|p2a: Darmanitan
|-damage|p2a: Darmanitan|0 fnt
|faint|p2a: Darmanitan
|
|join|tyb's alt3
|
|switch|p2a: Alakazam|Alakazam-Mega, M|251\/251
|-damage|p2a: Alakazam|220\/251|[from] Stealth Rock
|-ability|p2a: Alakazam|Arena Trap|[from] ability: Trace|[of] p1a: Dugtrio
|turn|15
|c|âAdil|fking cancel button
|
|move|p2a: Alakazam|Dazzling Gleam|p1a: Dugtrio
|-damage|p1a: Dugtrio|22\/212
|move|p1a: Dugtrio|Earthquake|p2a: Alakazam
|-damage|p2a: Alakazam|0 fnt
|faint|p2a: Alakazam
|
|c| GreenJelly_64|woah
|c| GreenJelly_64|that power tho
|c| Wonto|the double trap ._.
|c| MrAldoPls|mispledicted
|c| GreenJelly_64|new diggersby
|c|âAdil|The cancel button screwed me ;-;
|
|switch|p2a: Crobat|Crobat, M|257\/311
|-damage|p2a: Crobat|180\/311|[from] Stealth Rock
|turn|16
|c| Hairy Toenail $_$|why didnt you do this on smogtours
|
|move|p2a: Crobat|Defog|p1a: Dugtrio
|-unboost|p1a: Dugtrio|evasion|1
|-sideend|p2: Adil|Stealth Rock|[from] move: Defog|[of] p2a: Crobat
|move|p1a: Dugtrio|Earthquake|p2a: Crobat
|-immune|p2a: Crobat|[msg]
|
|-heal|p2a: Crobat|199\/311|[from] item: Black Sludge
|turn|17
|c| Hairy Toenail $_$|main is laggy af
|c|+slayerx725232|Can confirm.
|
|move|p2a: Crobat|U-turn|p1a: Dugtrio
|-damage|p1a: Dugtrio|0 fnt
|faint|p1a: Dugtrio
|
|switch|p2a: Blissey|Blissey, F|590\/714
|
|-heal|p2a: Blissey|634\/714|[from] item: Leftovers
|
|switch|p1a: Lucario|Lucario, F|281\/281
|turn|18
|
|switch|p2a: Suicune|Suicune|404\/404
|-ability|p2a: Suicune|Pressure
|move|p1a: Lucario|Close Combat|p2a: Suicune
|-damage|p2a: Suicune|227\/404
|-unboost|p1a: Lucario|def|1
|-unboost|p1a: Lucario|spd|1
|-damage|p1a: Lucario|253\/281|[from] item: Life Orb
|
|-heal|p2a: Suicune|252\/404|[from] item: Leftovers
|turn|19
|
|switch|p1a: Ampharos|Ampharos-Mega, F|210\/371
|-ability|p1a: Ampharos|Mold Breaker
|move|p2a: Suicune|Scald|p1a: Ampharos
|-resisted|p1a: Ampharos
|-damage|p1a: Ampharos|169\/371
|
|-heal|p2a: Suicune|277\/404|[from] item: Leftovers
|turn|20
|c| lightning225|i didn't know blissey was uu
|
|switch|p2a: Blissey|Blissey, F|634\/714
|move|p1a: Ampharos|Volt Switch|p2a: Blissey
|-damage|p2a: Blissey|501\/714
|c|+slayerx725232|Chansey replaced it in OU.
|c| MrAldoPls|you know now
|
|switch|p1a: Lucario|Lucario, F|253\/281
|
|-heal|p2a: Blissey|545\/714|[from] item: Leftovers
|turn|21
|
|switch|p2a: Crobat|Crobat, M|199\/311
|move|p1a: Lucario|Swords Dance|p1a: Lucario
|-boost|p1a: Lucario|atk|2
|
|-heal|p2a: Crobat|218\/311|[from] item: Black Sludge
|turn|22
|c| Rob|lets eat
|c|+Cranham|ogre
|c|âAdil|gg ;-;
|
|move|p1a: Lucario|Extreme Speed|p2a: Crobat
|-damage|p2a: Crobat|0 fnt
|-damage|p1a: Lucario|225\/281|[from] item: Life Orb
|faint|p2a: Crobat
|
|
|switch|p2a: Suicune|Suicune|277\/404
|-ability|p2a: Suicune|Pressure
|turn|23
|
|move|p1a: Lucario|Close Combat|p2a: Suicune
|-damage|p2a: Suicune|0 fnt
|-unboost|p1a: Lucario|def|1
|-unboost|p1a: Lucario|spd|1
|-damage|p1a: Lucario|197\/281|[from] item: Life Orb
|faint|p2a: Suicune
|
|
|switch|p2a: Blissey|Blissey, F|545\/714
|turn|24
|c|âEyanZ|gg
|c| GreenJelly_64|e speed over bullet punch?
|
|move|p1a: Lucario|Close Combat|p2a: Blissey
|-supereffective|p2a: Blissey
|-damage|p2a: Blissey|0 fnt
|-unboost|p1a: Lucario|def|1
|-unboost|p1a: Lucario|spd|1
|-damage|p1a: Lucario|169\/281|[from] item: Life Orb
|faint|p2a: Blissey
|
|win|EyanZ
|leave|Rob
|c| GreenJelly_64|gg
|c| tyb's alt3|always