|join|Adil
|join|cute mega dragon
|player|p1|Adil|1
|player|p2|cute mega dragon|101
|gametype|singles
|gen|6
|tier|UU
|rated
|rule|Sleep Clause Mod: Limit one foe put to sleep
|rule|Species Clause: Limit one of each PokÃ©mon
|rule|OHKO Clause: OHKO moves are banned
|rule|Moody Clause: Moody is banned
|rule|Evasion Moves Clause: Evasion moves are banned
|rule|Endless Battle Clause: Forcing endless battles is banned
|rule|HP Percentage Mod: HP is shown in percentages
|clearpoke
|poke|p1|Gallade, M
|poke|p1|Alomomola, F
|poke|p1|Forretress, F
|poke|p1|Zygarde
|poke|p1|Blissey, F
|poke|p1|Sableye, F
|poke|p2|Altaria, M
|poke|p2|Zygarde
|poke|p2|Jirachi
|poke|p2|Darmanitan, M
|poke|p2|Staraptor, F, shiny
|poke|p2|Suicune
|rule|Swagger Clause: Swagger is banned
|rule|Baton Pass Clause: Limit one PokÃ©mon knowing Baton Pass
|teampreview
|c|âcute mega dragon|oh hey
|c|âcute mega dragon|ur high up
|c|âcute mega dragon|gl
|c|âAdil|u2
|
|start
|switch|p1a: Troll|Sableye, F|303\/303
|switch|p2a: Darmanitan|Darmanitan, M|351\/351
|turn|1
|
|switch|p1a: Fish|Alomomola, F|534\/534
|move|p2a: Darmanitan|Flare Blitz|p1a: Fish
|-resisted|p1a: Fish
|-damage|p1a: Fish|408\/534
|-damage|p2a: Darmanitan|293\/351|[from] item: Rocky Helmet|[of] p1a: Fish
|-damage|p2a: Darmanitan|251\/351|[from] recoil|[of] p1a: Fish
|
|turn|2
|
|switch|p2a: Jirachi|Jirachi|404\/404
|switch|p1a: Cranham|Blissey, F|714\/714
|
|turn|3
|
|switch|p1a: Gallade|Gallade, M|277\/277
|move|p2a: Jirachi|Thunder Wave|p1a: Gallade
|-status|p1a: Gallade|par
|
|turn|4
|
|switch|p1a: Team Forretress 2|Forretress, F|354\/354
|move|p2a: Jirachi|Stealth Rock|p1a: Team Forretress 2
|-sidestart|p1: Adil|move: Stealth Rock
|
|turn|5
|
|switch|p2a: Staraptor|Staraptor, F, shiny|312\/312
|move|p1a: Team Forretress 2|Rapid Spin|p2a: Staraptor
|-crit|p2a: Staraptor
|-damage|p2a: Staraptor|282\/312
|-sideend|p1: Adil|Stealth Rock|[from] move: Rapid Spin|[of] p1a: Team Forretress 2
|
|turn|6
|
|switch|p1a: Fish|Alomomola, F|534\/534
|move|p2a: Staraptor|Brave Bird|p1a: Fish
|-damage|p1a: Fish|248\/534
|-damage|p2a: Staraptor|230\/312|[from] item: Rocky Helmet|[of] p1a: Fish
|-damage|p2a: Staraptor|136\/312|[from] recoil|[of] p1a: Fish
|
|turn|7
|
|switch|p1a: Team Forretress 2|Forretress, F|354\/354
|move|p2a: Staraptor|Brave Bird|p1a: Team Forretress 2
|-damage|p1a: Team Forretress 2|162\/354
|-damage|p2a: Staraptor|73\/312|[from] recoil|[of] p1a: Team Forretress 2
|
|-heal|p1a: Team Forretress 2|184\/354|[from] item: Leftovers
|turn|8
|
|switch|p1a: Fish|Alomomola, F|426\/534
|move|p2a: Staraptor|Brave Bird|p1a: Fish
|-damage|p1a: Fish|132\/534
|-damage|p2a: Staraptor|21\/312|[from] item: Rocky Helmet|[of] p1a: Fish
|-damage|p2a: Staraptor|0 fnt|[from] recoil|[of] p1a: Fish
|faint|p2a: Staraptor
|
|
|switch|p2a: Altaria|Altaria, M|353\/353
|turn|9
|
|switch|p1a: Cranham|Blissey, F|714\/714
|detailschange|p2a: Altaria|Altaria-Mega, M
|message|Altaria has Mega Evolved into Mega Altaria!
|move|p2a: Altaria|Substitute|p2a: Altaria
|-start|p2a: Altaria|Substitute
|-damage|p2a: Altaria|265\/353
|
|turn|10
|
|move|p2a: Altaria|Dragon Dance|p2a: Altaria
|-boost|p2a: Altaria|atk|1
|-boost|p2a: Altaria|spe|1
|move|p1a: Cranham|Seismic Toss|p2a: Altaria
|-end|p2a: Altaria|Substitute
|
|turn|11
|
|move|p2a: Altaria|Substitute|p2a: Altaria
|-start|p2a: Altaria|Substitute
|-damage|p2a: Altaria|177\/353
|move|p1a: Cranham|Seismic Toss|p2a: Altaria
|-end|p2a: Altaria|Substitute
|
|turn|12
|
|move|p2a: Altaria|Roost|p2a: Altaria
|-heal|p2a: Altaria|353\/353
|move|p1a: Cranham|Toxic|p2a: Altaria
|-status|p2a: Altaria|tox
|
|-damage|p2a: Altaria|331\/353 tox|[from] psn
|turn|13
|
|switch|p1a: Team Forretress 2|Forretress, F|184\/354
|move|p2a: Altaria|Frustration|p1a: Team Forretress 2
|-resisted|p1a: Team Forretress 2
|-damage|p1a: Team Forretress 2|107\/354
|
|-heal|p1a: Team Forretress 2|129\/354|[from] item: Leftovers
|-damage|p2a: Altaria|287\/353 tox|[from] psn
|turn|14
|c|âcute mega dragon|i haf bin rused
|
|switch|p2a: Zygarde|Zygarde|407\/407
|-ability|p2a: Zygarde|Aura Break
|move|p1a: Team Forretress 2|Stealth Rock|p2a: Zygarde
|-sidestart|p2: cute mega dragon|move: Stealth Rock
|
|-heal|p1a: Team Forretress 2|151\/354|[from] item: Leftovers
|turn|15
|
|switch|p1a: Troll|Sableye, F|303\/303
|move|p2a: Zygarde|Substitute|p2a: Zygarde
|-start|p2a: Zygarde|Substitute
|-damage|p2a: Zygarde|306\/407
|
|-heal|p2a: Zygarde|331\/407|[from] item: Leftovers
|turn|16
|
|switch|p1a: snakeindagrass|Zygarde|419\/419
|-ability|p1a: snakeindagrass|Aura Break
|move|p2a: Zygarde|Earthquake|p1a: snakeindagrass
|-damage|p1a: snakeindagrass|320\/419
|
|-heal|p2a: Zygarde|356\/407|[from] item: Leftovers
|-heal|p1a: snakeindagrass|346\/419|[from] item: Leftovers
|turn|17
|
|move|p1a: snakeindagrass|Substitute|p1a: snakeindagrass
|-start|p1a: snakeindagrass|Substitute
|-damage|p1a: snakeindagrass|242\/419
|move|p2a: Zygarde|Dragon Tail|p1a: snakeindagrass
|-supereffective|p1a: snakeindagrass
|-end|p1a: snakeindagrass|Substitute
|
|-heal|p2a: Zygarde|381\/407|[from] item: Leftovers
|-heal|p1a: snakeindagrass|268\/419|[from] item: Leftovers
|turn|18
|
|move|p1a: snakeindagrass|Earthquake|p2a: Zygarde
|-activate|p2a: Zygarde|Substitute|[damage]
|move|p2a: Zygarde|Dragon Tail|p1a: snakeindagrass
|-supereffective|p1a: snakeindagrass
|-damage|p1a: snakeindagrass|154\/419
|drag|p1a: Team Forretress 2|Forretress, F|151\/354
|
|-heal|p2a: Zygarde|406\/407|[from] item: Leftovers
|-heal|p1a: Team Forretress 2|173\/354|[from] item: Leftovers
|turn|19
|
|switch|p1a: snakeindagrass|Zygarde|154\/419
|-ability|p1a: snakeindagrass|Aura Break
|move|p2a: Zygarde|Coil|p2a: Zygarde
|-boost|p2a: Zygarde|atk|1
|-boost|p2a: Zygarde|def|1
|-boost|p2a: Zygarde|accuracy|1
|
|-heal|p2a: Zygarde|407\/407|[from] item: Leftovers
|-heal|p1a: snakeindagrass|180\/419|[from] item: Leftovers
|turn|20
|
|move|p2a: Zygarde|Dragon Tail|p1a: snakeindagrass
|-supereffective|p1a: snakeindagrass
|-damage|p1a: snakeindagrass|0 fnt
|faint|p1a: snakeindagrass
|
|
|switch|p1a: Cranham|Blissey, F|714\/714
|turn|21
|
|move|p2a: Zygarde|Earthquake|p1a: Cranham
|-damage|p1a: Cranham|419\/714
|move|p1a: Cranham|Seismic Toss|p2a: Zygarde
|-end|p2a: Zygarde|Substitute
|
|-heal|p1a: Cranham|463\/714|[from] item: Leftovers
|turn|22
|
|move|p2a: Zygarde|Substitute|p2a: Zygarde
|-start|p2a: Zygarde|Substitute
|-damage|p2a: Zygarde|306\/407
|move|p1a: Cranham|Seismic Toss|p2a: Zygarde
|-activate|p2a: Zygarde|Substitute|[damage]
|
|-heal|p2a: Zygarde|331\/407|[from] item: Leftovers
|-heal|p1a: Cranham|507\/714|[from] item: Leftovers
|turn|23
|
|move|p2a: Zygarde|Coil|p2a: Zygarde
|-boost|p2a: Zygarde|atk|1
|-boost|p2a: Zygarde|def|1
|-boost|p2a: Zygarde|accuracy|1
|move|p1a: Cranham|Seismic Toss|p2a: Zygarde
|-end|p2a: Zygarde|Substitute
|
|-heal|p2a: Zygarde|356\/407|[from] item: Leftovers
|-heal|p1a: Cranham|551\/714|[from] item: Leftovers
|turn|24
|
|move|p2a: Zygarde|Substitute|p2a: Zygarde
|-start|p2a: Zygarde|Substitute
|-damage|p2a: Zygarde|255\/407
|move|p1a: Cranham|Seismic Toss|p2a: Zygarde
|-activate|p2a: Zygarde|Substitute|[damage]
|
|-heal|p2a: Zygarde|280\/407|[from] item: Leftovers
|-heal|p1a: Cranham|595\/714|[from] item: Leftovers
|turn|25
|
|move|p2a: Zygarde|Coil|p2a: Zygarde
|-boost|p2a: Zygarde|atk|1
|-boost|p2a: Zygarde|def|1
|-boost|p2a: Zygarde|accuracy|1
|move|p1a: Cranham|Aromatherapy|p1a: Cranham
|-cureteam|p1a: Cranham|[from] move: Aromatherapy
|
|-heal|p2a: Zygarde|305\/407|[from] item: Leftovers
|-heal|p1a: Cranham|639\/714|[from] item: Leftovers
|turn|26
|join|TickleMyPubes
|c|âcute mega dragon|soz
|c|âcute mega dragon|had to check food in oven
|
|move|p2a: Zygarde|Earthquake|p1a: Cranham
|-damage|p1a: Cranham|140\/714
|move|p1a: Cranham|Seismic Toss|p2a: Zygarde
|-end|p2a: Zygarde|Substitute
|
|-heal|p2a: Zygarde|330\/407|[from] item: Leftovers
|-heal|p1a: Cranham|184\/714|[from] item: Leftovers
|turn|27
|
|switch|p1a: Gallade|Gallade, M|277\/277
|move|p2a: Zygarde|Coil|p2a: Zygarde
|-boost|p2a: Zygarde|atk|1
|-boost|p2a: Zygarde|def|1
|-boost|p2a: Zygarde|accuracy|1
|
|-heal|p2a: Zygarde|355\/407|[from] item: Leftovers
|turn|28
|c|âcute mega dragon|oh
|c|âcute mega dragon|thought i clicked sub
|c|âcute mega dragon|kek
|
|detailschange|p1a: Gallade|Gallade-Mega, M
|message|Gallade has Mega Evolved into Mega Gallade!
|move|p1a: Gallade|Knock Off|p2a: Zygarde
|-damage|p2a: Zygarde|316\/407
|-enditem|p2a: Zygarde|Leftovers|[from] move: Knock Off|[of] p1a: Gallade
|move|p2a: Zygarde|Earthquake|p1a: Gallade
|-damage|p1a: Gallade|0 fnt
|faint|p1a: Gallade
|
|
|switch|p1a: Troll|Sableye, F|303\/303
|turn|29
|
|switch|p2a: Darmanitan|Darmanitan, M|251\/351
|-damage|p2a: Darmanitan|164\/351|[from] Stealth Rock
|move|p1a: Troll|Will-O-Wisp|p2a: Darmanitan
|-fail|p2a: Darmanitan
|
|turn|30
|
|move|p2a: Darmanitan|Flare Blitz|p1a: Troll
|-damage|p1a: Troll|0 fnt
|-damage|p2a: Darmanitan|64\/351|[from] recoil|[of] p1a: Troll
|faint|p1a: Troll
|
|-message|Adil forfeited.
|
|win|cute mega dragon
|raw|Ladder updating...
|leave|Adil
|player|p1
|raw|Adil's rating: 1496 &rarr; <strong>1470<\/strong><br \/>(-26 for losing)
|raw|cute mega dragon's rating: 1398 &rarr; <strong>1424<\/strong><br \/>(+26 for winning)