|join|Adil
|join|Cranham
|player|p1|Adil|1
|player|p2|Cranham|170
|gametype|singles
|gen|6
|tier|UU
|rule|Sleep Clause Mod: Limit one foe put to sleep
|rule|Species Clause: Limit one of each PokÃ©mon
|rule|OHKO Clause: OHKO moves are banned
|rule|Moody Clause: Moody is banned
|rule|Evasion Moves Clause: Evasion moves are banned
|rule|Endless Battle Clause: Forcing endless battles is banned
|rule|HP Percentage Mod: HP is shown in percentages
|clearpoke
|poke|p1|Beedrill, F
|poke|p1|Alomomola, M
|poke|p1|Darmanitan, M
|poke|p1|Crobat, F
|poke|p1|Blissey, F
|poke|p1|Roserade, M
|poke|p2|Jirachi
|poke|p2|Crobat, F
|poke|p2|Hydreigon, M
|poke|p2|Aggron, M
|poke|p2|Florges, F
|poke|p2|Machamp, M
|rule|Swagger Clause: Swagger is banned
|rule|Baton Pass Clause: Limit one PokÃ©mon knowing Baton Pass
|teampreview
|c|âAdil|e.e
|c|âCranham|hi are you excited
|c|âAdil|e.e
|join|DruddigonC
|join|Para Hacks
|join|jolteon64
|join|Magic Bananas
|join|DroppingDracos
|join|GENGARSTILLRULES
|join|Krazeen
|c| jolteon64|omg
|c| Para Hacks|lets go adil e.e
|c| DroppingDracos|Cranham u screb
|c| jolteon64|two scrubs
|c| jolteon64|battlin each other
|c|âAdil|fk u
|c| jolteon64|:O
|c| DroppingDracos|Advil you screb
|
|start
|switch|p1a: Beedrill|Beedrill, F|272\/272
|switch|p2a: Crobat|Crobat, F|373\/373
|turn|1
|
|detailschange|p1a: Beedrill|Beedrill-Mega, F
|message|Beedrill has Mega Evolved into Mega Beedrill!
|move|p1a: Beedrill|Protect|p1a: Beedrill
|-singleturn|p1a: Beedrill|Protect
|move|p2a: Crobat|Brave Bird|p1a: Beedrill
|-activate|p1a: Beedrill|Protect
|
|turn|2
|c| Para Hacks|nice grammar DroppingDracos 11\/10
|c| DroppingDracos|Y I no invite?
|c| Magic Bananas|I love how everyone comes on and harasses the auth
|c|âCranham|Im scarf bat
|c|âAdil|ok
|c| jolteon64|hes scarf
|
|switch|p1a: Alomomola|Alomomola, M|534\/534
|move|p2a: Crobat|Brave Bird|p1a: Alomomola
|-damage|p1a: Alomomola|426\/534
|-damage|p2a: Crobat|311\/373|[from] item: Rocky Helmet|[of] p1a: Alomomola
|-damage|p2a: Crobat|275\/373|[from] recoil|[of] p1a: Alomomola
|
|-heal|p2a: Crobat|298\/373|[from] item: Black Sludge
|turn|3
|c| Para Hacks|those sprites though
|
|switch|p2a: Jirachi|Jirachi|341\/341
|move|p1a: Alomomola|Knock Off|p2a: Jirachi
|-supereffective|p2a: Jirachi
|-damage|p2a: Jirachi|213\/341
|-enditem|p2a: Jirachi|Choice Scarf|[from] move: Knock Off|[of] p1a: Alomomola
|
|turn|4
|c| Para Hacks|leftovers crobat lol
|c|âAdil|black sludge e.e
|c| jolteon64|lol
|c| DroppingDracos|Soemoen here challenge me to uu
|c| jolteon64|leftoversssss
|
|move|p2a: Jirachi|Trick|p1a: Alomomola
|-activate|p2a: Jirachi|move: Trick|[of] p1a: Alomomola
|-item|p2a: Jirachi|Rocky Helmet|[from] move: Trick
|move|p1a: Alomomola|Knock Off|p2a: Jirachi
|-supereffective|p2a: Jirachi
|-damage|p2a: Jirachi|89\/341
|-damage|p1a: Alomomola|337\/534|[from] item: Rocky Helmet|[of] p2a: Jirachi
|-enditem|p2a: Jirachi|Rocky Helmet|[from] move: Knock Off|[of] p1a: Alomomola
|
|turn|5
|c|âCranham|ur gay ffs
|c|âAdil|kek
|c| DroppingDracos|To see a good team
|leave|DroppingDracos
|
|move|p2a: Jirachi|U-turn|p1a: Alomomola
|-crit|p1a: Alomomola
|-damage|p1a: Alomomola|252\/534
|
|switch|p2a: HNNNNGGGG|Machamp, M|359\/359
|move|p1a: Alomomola|Wish|p1a: Alomomola
|
|turn|6
|
|move|p2a: HNNNNGGGG|Close Combat|p1a: Alomomola
|-damage|p1a: Alomomola|0 fnt
|-unboost|p2a: HNNNNGGGG|def|1
|-unboost|p2a: HNNNNGGGG|spd|1
|faint|p1a: Alomomola
|
|c|âAdil|VGJHBDVGIKFJD
|c| jolteon64|oooo
|c| jolteon64|rekt
|
|switch|p1a: Darmanitan|Darmanitan, M|351\/351
|turn|7
|c| jolteon64|its specs
|c|âAdil|PICK YOUR FODDER
|c| jolteon64|specs darm
|c| jolteon64|switch out
|c|âCranham|lol ur bad
|c| Para Hacks|Sub Zen Mode
|c| Para Hacks|gg
|
|switch|p2a: Jirachi|Jirachi|89\/341
|move|p1a: Darmanitan|Flare Blitz|p2a: Jirachi
|-supereffective|p2a: Jirachi
|-damage|p2a: Jirachi|0 fnt
|-damage|p1a: Darmanitan|322\/351|[from] recoil|[of] p2a: Jirachi
|faint|p2a: Jirachi
|
|
|switch|p2a: Dr Dreigon|Hydreigon, M|325\/325
|turn|8
|c| Magic Bananas|cute
|
|switch|p1a: Blissey|Blissey, F|714\/714
|move|p2a: Dr Dreigon|Draco Meteor|p1a: Blissey
|-damage|p1a: Blissey|487\/714
|-unboost|p2a: Dr Dreigon|spa|2
|-damage|p2a: Dr Dreigon|293\/325|[from] item: Life Orb
|
|-heal|p1a: Blissey|531\/714|[from] item: Leftovers
|turn|9
|c| jolteon64|oooo
|leave|GENGARSTILLRULES
|c| jolteon64|spoil the superpower
|c| Para Hacks|Reveal Superpower
|
|switch|p1a: Crobat|Crobat, F|311\/311
|move|p2a: Dr Dreigon|Dark Pulse|p1a: Crobat
|-damage|p1a: Crobat|201\/311
|-damage|p2a: Dr Dreigon|261\/325|[from] item: Life Orb
|
|-heal|p1a: Crobat|220\/311|[from] item: Leftovers
|turn|10
|c| Para Hacks|nope
|c| jolteon64|ooooooo
|join|abc39
|c| DruddigonC|dr dreigon
|c| DruddigonC|kek
|
|switch|p2a: Aggron|Aggron, M|343\/343
|move|p1a: Crobat|U-turn|p2a: Aggron
|-resisted|p2a: Aggron
|-damage|p2a: Aggron|325\/343
|c| jolteon64|why isnt it spydreigon
|c| jolteon64|.3.
|
|switch|p1a: Roserade|Roserade, M|261\/261
|
|turn|11
|c| Magic Bananas|boy, that hurt him
|
|detailschange|p2a: Aggron|Aggron-Mega, M
|message|Aggron has Mega Evolved into Mega Aggron!
|move|p1a: Roserade|Sleep Powder|p2a: Aggron
|-status|p2a: Aggron|slp
|cant|p2a: Aggron|slp
|
|turn|12
|c| Para Hacks|rekt
|c| jolteon64|oooooooooooooooooooooooo
|leave|DruddigonC
|c| jolteon64|reveal the hp fire
|c| jolteon64|o3o
|c|âAdil|ok
|
|switch|p2a: Crobat|Crobat, F|298\/373
|move|p1a: Roserade|Hidden Power|p2a: Crobat
|-damage|p2a: Crobat|172\/373
|-damage|p1a: Roserade|235\/261|[from] item: Life Orb
|
|-heal|p2a: Crobat|195\/373|[from] item: Black Sludge
|turn|13
|c| Para Hacks|florges then Aroma imo
|join|Sergeant Kitten
|c| jolteon64|ohhhhhhhhhh
|c| jolteon64|hp fire op
|
|switch|p1a: Blissey|Blissey, F|531\/714
|move|p2a: Crobat|Roost|p2a: Crobat
|-heal|p2a: Crobat|373\/373
|
|-heal|p1a: Blissey|575\/714|[from] item: Leftovers
|turn|14
|c| Para Hacks|the power
|
|move|p2a: Crobat|U-turn|p1a: Blissey
|-crit|p1a: Blissey
|-damage|p1a: Blissey|431\/714
|c| jolteon64|cranham said it was scarf
|c| jolteon64|u lier :[
|c| Magic Bananas|UU battles are some of the longest battles
|c| jolteon64|bcuz of suicune
|
|switch|p2a: HNNNNGGGG|Machamp, M|359\/359
|move|p1a: Blissey|Seismic Toss|p2a: HNNNNGGGG
|-damage|p2a: HNNNNGGGG|259\/359
|
|-heal|p1a: Blissey|475\/714|[from] item: Leftovers
|turn|15
|c|âCranham|FODDER PLS
|c|âAdil|ok
|
|switch|p1a: Crobat|Crobat, F|220\/311
|move|p2a: HNNNNGGGG|Ice Punch|p1a: Crobat
|-supereffective|p1a: Crobat
|-damage|p1a: Crobat|0 fnt
|faint|p1a: Crobat
|
|c| Para Hacks|ice punch
|c| Para Hacks|derp
|
|switch|p1a: Darmanitan|Darmanitan, M|322\/351
|turn|16
|c|âAdil|FODDER PLS
|
|switch|p2a: Aggron|Aggron-Mega, M|325\/343 slp
|move|p1a: Darmanitan|Flare Blitz|p2a: Aggron
|-supereffective|p2a: Aggron
|-damage|p2a: Aggron|46\/343 slp
|-damage|p1a: Darmanitan|230\/351|[from] recoil|[of] p2a: Aggron
|
|turn|17
|c| jolteon64|ohhhhhhhh shit
|c| Magic Bananas|or tank
|c|âCranham|ha
|c|âCranham|lived
|
|move|p1a: Darmanitan|Flare Blitz|p2a: Aggron
|-supereffective|p2a: Aggron
|-damage|p2a: Aggron|0 fnt
|-damage|p1a: Darmanitan|215\/351|[from] recoil|[of] p2a: Aggron
|faint|p2a: Aggron
|
|c|âAdil|ded
|c| jolteon64|rekt
|c| Magic Bananas|still asleep doe
|
|switch|p2a: Dr Dreigon|Hydreigon, M|261\/325
|turn|18
|
|move|p2a: Dr Dreigon|Dark Pulse|p1a: Darmanitan
|-crit|p1a: Darmanitan
|-damage|p1a: Darmanitan|0 fnt
|-damage|p2a: Dr Dreigon|229\/325|[from] item: Life Orb
|faint|p1a: Darmanitan
|
|c| Para Hacks|crit
|
|switch|p1a: Beedrill|Beedrill-Mega, F|272\/272
|turn|19
|c|âCranham|BANG BANG
|c| jolteon64|y u no switch
|
|switch|p2a: Crobat|Crobat, F|373\/373
|move|p1a: Beedrill|Poison Jab|p2a: Crobat
|-resisted|p2a: Crobat
|-damage|p2a: Crobat|256\/373
|
|-heal|p2a: Crobat|279\/373|[from] item: Black Sludge
|turn|20
|c| Magic Bananas|honestly, battling might be the best thing
|
|move|p1a: Beedrill|U-turn|p2a: Crobat
|-resisted|p2a: Crobat
|-damage|p2a: Crobat|226\/373
|c| Magic Bananas|on here*
|
|switch|p1a: Blissey|Blissey, F|475\/714
|move|p2a: Crobat|U-turn|p1a: Blissey
|-damage|p1a: Blissey|376\/714
|
|switch|p2a: HNNNNGGGG|Machamp, M|259\/359
|
|-heal|p1a: Blissey|420\/714|[from] item: Leftovers
|turn|21
|c|âCranham|FODDER
|
|switch|p1a: Roserade|Roserade, M|235\/261
|move|p2a: HNNNNGGGG|Close Combat|p1a: Roserade
|-resisted|p1a: Roserade
|-damage|p1a: Roserade|0 fnt
|-unboost|p2a: HNNNNGGGG|def|1
|-unboost|p2a: HNNNNGGGG|spd|1
|faint|p1a: Roserade
|
|c|âAdil|ok
|c| jolteon64|damn
|c| Para Hacks|omf
|
|switch|p1a: Beedrill|Beedrill-Mega, F|272\/272
|turn|22
|c| Para Hacks|band
|c| jolteon64|da band is real
|
|switch|p2a: Crobat|Crobat, F|226\/373
|move|p1a: Beedrill|Poison Jab|p2a: Crobat
|-resisted|p2a: Crobat
|-damage|p2a: Crobat|94\/373
|
|-heal|p2a: Crobat|117\/373|[from] item: Black Sludge
|turn|23
|c| jolteon64|ooo
|
|move|p1a: Beedrill|Knock Off|p2a: Crobat
|-damage|p2a: Crobat|0 fnt
|-enditem|p2a: Crobat|Black Sludge|[from] move: Knock Off|[of] p1a: Beedrill
|faint|p2a: Crobat
|
|c| jolteon64|rekt
|c| Magic Bananas|at this point, adil has to get lucky
|c| Para Hacks|no
|c|âAdil|nah
|
|switch|p2a: HNNNNGGGG|Machamp, M|259\/359
|turn|24
|c| Magic Bananas|well, mayb enot
|c|âAdil|beedrill wins
|c|âAdil|i think
|c|âAdil|:<
|c| Magic Bananas|true
|
|move|p1a: Beedrill|U-turn|p2a: HNNNNGGGG
|-resisted|p2a: HNNNNGGGG
|-damage|p2a: HNNNNGGGG|154\/359
|c|âAdil|yea
|join|Blue Florges
|c|âAdil|it does
|c| Para Hacks|yeah beedrill wins
|c| Para Hacks|gg
|c| jolteon64|holy shit
|
|switch|p1a: Blissey|Blissey, F|420\/714
|move|p2a: HNNNNGGGG|Close Combat|p1a: Blissey
|-supereffective|p1a: Blissey
|-damage|p1a: Blissey|0 fnt
|-unboost|p2a: HNNNNGGGG|def|1
|-unboost|p2a: HNNNNGGGG|spd|1
|faint|p1a: Blissey
|
|
|switch|p1a: Beedrill|Beedrill-Mega, F|272\/272
|turn|25
|c| jolteon64|gg cranham
|c|âAdil|gg m8
|c| jolteon64|.3.
|c| Blue Florges|oh yeah
|c| Blue Florges|i'm on this alt
|c| Blue Florges|fuck
|
|switch|p2a: Dr Dreigon|Hydreigon, M|229\/325
|move|p1a: Beedrill|Poison Jab|p2a: Dr Dreigon
|-damage|p2a: Dr Dreigon|0 fnt
|faint|p2a: Dr Dreigon
|
|c| jolteon64|rekt
|c| Grenoonja|GG
|c| Para Hacks|rekt
|
|switch|p2a: Florges|Florges, F|359\/359
|turn|26
|c| Grenoonja|wait
|c| jolteon64|sash
|
|move|p1a: Beedrill|Poison Jab|p2a: Florges
|-supereffective|p2a: Florges
|-damage|p2a: Florges|0 fnt
|faint|p2a: Florges
|
|c| Grenoonja|does machamp have bp
|c| jolteon64|sash
|c| jolteon64|reveal
|c| Para Hacks|no
|
|switch|p2a: HNNNNGGGG|Machamp, M|154\/359
|turn|27
|c| Magic Bananas|florges can't take a poison jab
|c| jolteon64|HES GONNA REVEAL THE BULLET PUNCH
|c| Para Hacks|nah
|c| Para Hacks|like it'll kill
|c|âAdil|BP wont kill
|
|move|p1a: Beedrill|Poison Jab|p2a: HNNNNGGGG
|-damage|p2a: HNNNNGGGG|0 fnt
|faint|p2a: HNNNNGGGG
|
|win|Adil
|c|âAdil|gg skrub
|c| Grenoonja|GG
|c| jolteon64|oooooooooooo
|c| Magic Bananas|gg
|c| jolteon64|gggggg