|join|cute mega dragon
|join|Adil
|player|p1|cute mega dragon|101
|player|p2|Adil|1
|gametype|singles
|gen|6
|tier|UU
|rated
|rule|Sleep Clause Mod: Limit one foe put to sleep
|rule|Species Clause: Limit one of each PokÃ©mon
|rule|OHKO Clause: OHKO moves are banned
|rule|Moody Clause: Moody is banned
|rule|Evasion Moves Clause: Evasion moves are banned
|rule|Endless Battle Clause: Forcing endless battles is banned
|rule|HP Percentage Mod: HP is shown in percentages
|clearpoke
|poke|p1|Altaria, F
|poke|p1|Zygarde
|poke|p1|Jirachi
|poke|p1|Darmanitan, F
|poke|p1|Staraptor, F, shiny
|poke|p1|Suicune
|poke|p2|Lopunny, M
|poke|p2|Jirachi
|poke|p2|Alomomola, F
|poke|p2|Blissey, F
|poke|p2|Noivern, F
|poke|p2|Forretress, M
|rule|Swagger Clause: Swagger is banned
|rule|Baton Pass Clause: Limit one PokÃ©mon knowing Baton Pass
|teampreview
|c|âAdil|lel
|c|âcute mega dragon|i was 6th 7 points from rank 4
|c|âcute mega dragon|and just lost a very bg lol
|c|âcute mega dragon|now im back down
|c|âAdil|:>
|
|start
|switch|p1a: Jirachi|Jirachi|404\/404
|switch|p2a: Lopunny|Lopunny, M|271\/271
|turn|1
|c|âcute mega dragon|i feel like
|c|âcute mega dragon|this matchup is more in my favour
|c|âcute mega dragon|now special taria is gone
|c|âAdil|:<
|c|âcute mega dragon|and you judt added 2 fairy weakes
|
|detailschange|p2a: Lopunny|Lopunny-Mega, M
|message|Lopunny has Mega Evolved into Mega Lopunny!
|move|p2a: Lopunny|Fake Out|p1a: Jirachi
|-resisted|p1a: Jirachi
|-damage|p1a: Jirachi|368\/404
|cant|p1a: Jirachi|flinch
|
|-heal|p1a: Jirachi|393\/404|[from] item: Leftovers
|turn|2
|
|switch|p2a: Forretress|Forretress, M|354\/354
|move|p1a: Jirachi|Thunder Wave|p2a: Forretress
|-status|p2a: Forretress|par
|
|-heal|p1a: Jirachi|404\/404|[from] item: Leftovers
|turn|3
|
|switch|p1a: Suicune|Suicune|341\/341
|-ability|p1a: Suicune|Pressure
|move|p2a: Forretress|Stealth Rock|p1a: Suicune
|-sidestart|p1: cute mega dragon|move: Stealth Rock
|
|turn|4
|
|switch|p2a: Blissey|Blissey, F|714\/714
|move|p1a: Suicune|Hydro Pump|p2a: Blissey|[miss]
|-miss|p1a: Suicune|p2a: Blissey
|
|turn|5
|join|Sergeant Kitten
|
|switch|p1a: Jirachi|Jirachi|404\/404
|-damage|p1a: Jirachi|379\/404|[from] Stealth Rock
|switch|p2a: Forretress|Forretress, M|354\/354 par
|
|-heal|p1a: Jirachi|404\/404|[from] item: Leftovers
|turn|6
|
|switch|p1a: Darmanitan|Darmanitan, F|351\/351
|-damage|p1a: Darmanitan|264\/351|[from] Stealth Rock
|move|p2a: Forretress|Spikes|p1a: Darmanitan
|-sidestart|p1: cute mega dragon|Spikes
|
|turn|7
|
|switch|p2a: Alomomola|Alomomola, F|534\/534
|move|p1a: Darmanitan|U-turn|p2a: Alomomola
|-damage|p2a: Alomomola|458\/534
|
|switch|p1a: Staraptor|Staraptor, F, shiny|312\/312
|-damage|p1a: Staraptor|234\/312|[from] Stealth Rock
|
|-heal|p2a: Alomomola|491\/534|[from] item: Leftovers
|turn|8
|
|move|p1a: Staraptor|Brave Bird|p2a: Alomomola
|-damage|p2a: Alomomola|214\/534
|-damage|p1a: Staraptor|143\/312|[from] recoil|[of] p2a: Alomomola
|move|p2a: Alomomola|Wish|p2a: Alomomola
|
|-heal|p2a: Alomomola|247\/534|[from] item: Leftovers
|turn|9
|c|âAdil|not gonna protect
|c|âAdil|since its obvious
|
|move|p2a: Alomomola|Protect|p2a: Alomomola
|-singleturn|p2a: Alomomola|Protect
|move|p1a: Staraptor|Brave Bird|p2a: Alomomola
|-activate|p2a: Alomomola|Protect
|
|-heal|p2a: Alomomola|514\/534|[from] move: Wish|[wisher] Alomomola
|-heal|p2a: Alomomola|534\/534|[from] item: Leftovers
|turn|10
|c|âAdil|n.n
|c|âcute mega dragon|idm lol
|
|switch|p1a: Jirachi|Jirachi|404\/404
|-damage|p1a: Jirachi|379\/404|[from] Stealth Rock
|-damage|p1a: Jirachi|329\/404|[from] Spikes
|move|p2a: Alomomola|Wish|p2a: Alomomola
|
|-heal|p1a: Jirachi|354\/404|[from] item: Leftovers
|turn|11
|
|switch|p2a: Forretress|Forretress, M|354\/354 par
|move|p1a: Jirachi|Wish|p1a: Jirachi
|
|-heal|p1a: Jirachi|379\/404|[from] item: Leftovers
|turn|12
|c|âAdil|oh sheet
|
|switch|p1a: Staraptor|Staraptor, F, shiny|143\/312
|-damage|p1a: Staraptor|65\/312|[from] Stealth Rock
|move|p2a: Forretress|Spikes|p1a: Staraptor
|-sidestart|p1: cute mega dragon|Spikes
|
|-heal|p1a: Staraptor|267\/312|[from] move: Wish|[wisher] Jirachi
|turn|13
|
|switch|p2a: Alomomola|Alomomola, F|534\/534
|move|p1a: Staraptor|Brave Bird|p2a: Alomomola
|-damage|p2a: Alomomola|228\/534
|-damage|p1a: Staraptor|166\/312|[from] recoil|[of] p2a: Alomomola
|
|-heal|p2a: Alomomola|261\/534|[from] item: Leftovers
|turn|14
|
|move|p2a: Alomomola|Protect|p2a: Alomomola
|-singleturn|p2a: Alomomola|Protect
|move|p1a: Staraptor|Brave Bird|p2a: Alomomola
|-activate|p2a: Alomomola|Protect
|
|-heal|p2a: Alomomola|294\/534|[from] item: Leftovers
|turn|15
|c|âAdil|why is this thing uu .-.
|
|switch|p1a: Zygarde|Zygarde|407\/407
|-damage|p1a: Zygarde|340\/407|[from] Spikes
|-damage|p1a: Zygarde|315\/407|[from] Stealth Rock
|-ability|p1a: Zygarde|Aura Break
|switch|p2a: Forretress|Forretress, M|354\/354 par
|
|-heal|p1a: Zygarde|340\/407|[from] item: Leftovers
|turn|16
|c|âcute mega dragon|lol
|
|switch|p2a: Noivern|Noivern, F|311\/311
|move|p1a: Zygarde|Substitute|p1a: Zygarde
|-start|p1a: Zygarde|Substitute
|-damage|p1a: Zygarde|239\/407
|
|-heal|p1a: Zygarde|264\/407|[from] item: Leftovers
|turn|17
|c|âcute mega dragon|oh ya
|c|âcute mega dragon|i see
|c|âcute mega dragon|didnt think of dat
|c|âAdil|not gonna draco
|c|âAdil|since its too obvious
|
|switch|p1a: Jirachi|Jirachi|379\/404
|-damage|p1a: Jirachi|354\/404|[from] Stealth Rock
|-damage|p1a: Jirachi|287\/404|[from] Spikes
|move|p2a: Noivern|Draco Meteor|p1a: Jirachi
|-resisted|p1a: Jirachi
|-damage|p1a: Jirachi|185\/404
|-unboost|p2a: Noivern|spa|2
|
|-heal|p1a: Jirachi|210\/404|[from] item: Leftovers
|turn|18
|c|âcute mega dragon|too obv right
|c|âAdil|lol i almost flamethrowered
|
|switch|p2a: Forretress|Forretress, M|354\/354 par
|move|p1a: Jirachi|Wish|p1a: Jirachi
|
|-heal|p1a: Jirachi|235\/404|[from] item: Leftovers
|turn|19
|c|âAdil|WHY
|c|âAdil|DO I GALL
|c|âAdil|FOR THAT
|c|âAdil|EVERYTIME
|
|switch|p1a: Zygarde|Zygarde|264\/407
|-damage|p1a: Zygarde|239\/407|[from] Stealth Rock
|-damage|p1a: Zygarde|172\/407|[from] Spikes
|-ability|p1a: Zygarde|Aura Break
|switch|p2a: Alomomola|Alomomola, F|472\/534
|
|-heal|p1a: Zygarde|374\/407|[from] move: Wish|[wisher] Jirachi
|-heal|p1a: Zygarde|399\/407|[from] item: Leftovers
|-heal|p2a: Alomomola|505\/534|[from] item: Leftovers
|turn|20
|c|âAdil|O
|c|âAdil|your gonna dragon tail here
|
|move|p1a: Zygarde|Substitute|p1a: Zygarde
|-start|p1a: Zygarde|Substitute
|-damage|p1a: Zygarde|298\/407
|move|p2a: Alomomola|Wish|p2a: Alomomola
|
|-heal|p1a: Zygarde|323\/407|[from] item: Leftovers
|-heal|p2a: Alomomola|534\/534|[from] item: Leftovers
|turn|21
|c|âAdil|:<
|c|âAdil|well
|c|âAdil|your gonna here
|
|switch|p2a: Noivern|Noivern, F|311\/311
|move|p1a: Zygarde|Dragon Tail|p2a: Noivern
|-supereffective|p2a: Noivern
|-damage|p2a: Noivern|125\/311
|drag|p2a: Blissey|Blissey, F|714\/714
|
|-heal|p1a: Zygarde|348\/407|[from] item: Leftovers
|turn|22
|c|âAdil|fak
|
|switch|p2a: Noivern|Noivern, F|125\/311
|move|p1a: Zygarde|Dragon Tail|p2a: Noivern
|-supereffective|p2a: Noivern
|-damage|p2a: Noivern|0 fnt
|faint|p2a: Noivern
|
|-heal|p1a: Zygarde|373\/407|[from] item: Leftovers
|c|âAdil|QHNEWSK,
|c|âcute mega dragon|ayyyyy
|c| Sergeant Kitten|http:\/\/prntscr.com\/5auhax
|
|switch|p2a: Lopunny|Lopunny-Mega, M|271\/271
|turn|23
|c|âAdil|lmao
|
|move|p2a: Lopunny|Frustration|p1a: Zygarde
|-end|p1a: Zygarde|Substitute
|move|p1a: Zygarde|Coil|p1a: Zygarde
|-boost|p1a: Zygarde|atk|1
|-boost|p1a: Zygarde|def|1
|-boost|p1a: Zygarde|accuracy|1
|
|-heal|p1a: Zygarde|398\/407|[from] item: Leftovers
|turn|24
|c| Sergeant Kitten|http:\/\/prntscr.com\/5auhf7
|c| Sergeant Kitten|ok im done
|
|move|p2a: Lopunny|Frustration|p1a: Zygarde
|-damage|p1a: Zygarde|284\/407
|move|p1a: Zygarde|Coil|p1a: Zygarde
|-boost|p1a: Zygarde|atk|1
|-boost|p1a: Zygarde|def|1
|-boost|p1a: Zygarde|accuracy|1
|
|-heal|p1a: Zygarde|309\/407|[from] item: Leftovers
|turn|25
|
|move|p2a: Lopunny|Power-Up Punch|p1a: Zygarde
|-damage|p1a: Zygarde|278\/407
|-boost|p2a: Lopunny|atk|1
|move|p1a: Zygarde|Substitute|p1a: Zygarde
|-start|p1a: Zygarde|Substitute
|-damage|p1a: Zygarde|177\/407
|
|-heal|p1a: Zygarde|202\/407|[from] item: Leftovers
|turn|26
|
|move|p2a: Lopunny|Frustration|p1a: Zygarde
|-end|p1a: Zygarde|Substitute
|move|p1a: Zygarde|Earthquake|p2a: Lopunny
|-damage|p2a: Lopunny|37\/271
|
|-heal|p1a: Zygarde|227\/407|[from] item: Leftovers
|turn|27
|
|move|p2a: Lopunny|High Jump Kick|p1a: Zygarde
|-damage|p1a: Zygarde|79\/407
|move|p1a: Zygarde|Dragon Tail|p2a: Lopunny
|-damage|p2a: Lopunny|0 fnt
|faint|p2a: Lopunny
|
|-heal|p1a: Zygarde|104\/407|[from] item: Leftovers
|
|switch|p2a: Jirachi|Jirachi|341\/341
|turn|28
|c|âAdil|ok
|c|âAdil|hax
|c|âAdil|gods
|c|âAdil|dont fail me now
|
|move|p2a: Jirachi|Iron Head|p1a: Zygarde
|-damage|p1a: Zygarde|52\/407
|cant|p1a: Zygarde|flinch
|
|-heal|p1a: Zygarde|77\/407|[from] item: Leftovers
|turn|29
|c| Sergeant Kitten|LOL
|c|âcute mega dragon|they wont
|c|âcute mega dragon|its 95%
|c|âAdil|they will
|c|âAdil|:9
|
|move|p2a: Jirachi|Iron Head|p1a: Zygarde
|-damage|p1a: Zygarde|29\/407
|cant|p1a: Zygarde|flinch
|
|-heal|p1a: Zygarde|54\/407|[from] item: Leftovers
|turn|30
|c|âAdil|ohohoh
|c|âAdil|ok
|c|âAdil|1 more
|c|âAdil|:(
|
|move|p2a: Jirachi|Iron Head|p1a: Zygarde
|-damage|p1a: Zygarde|0 fnt
|faint|p1a: Zygarde
|
|c|âAdil|oh
|c|âAdil|than you
|c|âAdil|min max
|
|switch|p1a: Jirachi|Jirachi|235\/404
|-damage|p1a: Jirachi|210\/404|[from] Stealth Rock
|-damage|p1a: Jirachi|143\/404|[from] Spikes
|turn|31
|
|move|p2a: Jirachi|Iron Head|p1a: Jirachi
|-resisted|p1a: Jirachi
|-damage|p1a: Jirachi|89\/404
|move|p1a: Jirachi|Wish|p1a: Jirachi
|
|-heal|p1a: Jirachi|114\/404|[from] item: Leftovers
|turn|32
|c|âAdil|aww
|
|switch|p2a: Forretress|Forretress, M|354\/354 par
|move|p1a: Jirachi|Thunder Wave|p2a: Forretress
|-fail|p2a: Forretress|par
|
|-heal|p1a: Jirachi|316\/404|[from] move: Wish|[wisher] Jirachi
|-heal|p1a: Jirachi|341\/404|[from] item: Leftovers
|turn|33
|
|move|p1a: Jirachi|Wish|p1a: Jirachi
|move|p2a: Forretress|Spikes|p1a: Jirachi
|-sidestart|p1: cute mega dragon|Spikes
|
|-heal|p1a: Jirachi|366\/404|[from] item: Leftovers
|turn|34
|c|âAdil|OMF
|c|âAdil|EVERY TIME
|
|switch|p1a: Staraptor|Staraptor, F, shiny|166\/312
|-damage|p1a: Staraptor|88\/312|[from] Stealth Rock
|switch|p2a: Alomomola|Alomomola, F|534\/534
|
|-heal|p1a: Staraptor|290\/312|[from] move: Wish|[wisher] Jirachi
|turn|35
|c|âAdil|this thing
|c|âAdil|is so broken
|
|switch|p1a: Jirachi|Jirachi|366\/404
|-damage|p1a: Jirachi|341\/404|[from] Stealth Rock
|-damage|p1a: Jirachi|240\/404|[from] Spikes
|move|p2a: Alomomola|Wish|p2a: Alomomola
|
|-heal|p1a: Jirachi|265\/404|[from] item: Leftovers
|turn|36
|
|move|p1a: Jirachi|Stealth Rock|p2a: Alomomola
|-sidestart|p2: Adil|move: Stealth Rock
|move|p2a: Alomomola|Knock Off|p1a: Jirachi
|-supereffective|p1a: Jirachi
|-damage|p1a: Jirachi|135\/404
|-enditem|p1a: Jirachi|Leftovers|[from] move: Knock Off|[of] p2a: Alomomola
|
|turn|37
|
|switch|p2a: Forretress|Forretress, M|354\/354 par
|-damage|p2a: Forretress|310\/354 par|[from] Stealth Rock
|move|p1a: Jirachi|Wish|p1a: Jirachi
|
|-heal|p2a: Forretress|332\/354 par|[from] item: Leftovers
|turn|38
|
|move|p1a: Jirachi|Iron Head|p2a: Forretress
|-resisted|p2a: Forretress
|-damage|p2a: Forretress|306\/354 par
|cant|p2a: Forretress|flinch
|
|-heal|p1a: Jirachi|337\/404|[from] move: Wish|[wisher] Jirachi
|-heal|p2a: Forretress|328\/354 par|[from] item: Leftovers
|turn|39
|
|switch|p1a: Staraptor|Staraptor, F, shiny|290\/312
|-damage|p1a: Staraptor|212\/312|[from] Stealth Rock
|move|p2a: Forretress|Rapid Spin|p1a: Staraptor
|-damage|p1a: Staraptor|194\/312
|-sideend|p2: Adil|Stealth Rock|[from] move: Rapid Spin|[of] p2a: Forretress
|
|-heal|p2a: Forretress|350\/354 par|[from] item: Leftovers
|turn|40
|
|switch|p2a: Alomomola|Alomomola, F|534\/534
|move|p1a: Staraptor|Brave Bird|p2a: Alomomola
|-damage|p2a: Alomomola|224\/534
|-damage|p1a: Staraptor|92\/312|[from] recoil|[of] p2a: Alomomola
|
|-heal|p2a: Alomomola|257\/534|[from] item: Leftovers
|turn|41
|
|switch|p2a: Jirachi|Jirachi|341\/341
|move|p1a: Staraptor|Brave Bird|p2a: Jirachi
|-resisted|p2a: Jirachi
|-damage|p2a: Jirachi|175\/341
|-damage|p1a: Staraptor|37\/312|[from] recoil|[of] p2a: Jirachi
|
|turn|42
|c|âAdil|OMF
|c|âAdil|WHY
|c|âAdil|DID THAT DO
|c|âAdil|SO MUCH
|
|switch|p2a: Forretress|Forretress, M|350\/354 par
|move|p1a: Staraptor|Brave Bird|p2a: Forretress
|-damage|p2a: Forretress|130\/354 par
|-damage|p1a: Staraptor|0 fnt|[from] recoil|[of] p2a: Forretress
|faint|p1a: Staraptor
|
|-heal|p2a: Forretress|152\/354 par|[from] item: Leftovers
|c|âAdil|THIS
|c|âAdil|IS A MAX DEF
|c|âAdil|FORRETRESS
|c|âAdil|smh
|
|switch|p1a: Altaria|Altaria, F|353\/353
|-damage|p1a: Altaria|265\/353|[from] Stealth Rock
|turn|43
|
|switch|p2a: Jirachi|Jirachi|175\/341
|detailschange|p1a: Altaria|Altaria-Mega, F
|message|Altaria has Mega Evolved into Mega Altaria!
|move|p1a: Altaria|Frustration|p2a: Jirachi
|-resisted|p2a: Jirachi
|-damage|p2a: Jirachi|78\/341
|
|turn|44
|
|switch|p2a: Alomomola|Alomomola, F|435\/534
|switch|p1a: Suicune|Suicune|341\/341
|-damage|p1a: Suicune|299\/341|[from] Stealth Rock
|-damage|p1a: Suicune|214\/341|[from] Spikes
|-ability|p1a: Suicune|Pressure
|
|-heal|p1a: Suicune|235\/341|[from] item: Leftovers
|-heal|p2a: Alomomola|468\/534|[from] item: Leftovers
|turn|45
|
|switch|p2a: Blissey|Blissey, F|714\/714
|move|p1a: Suicune|Calm Mind|p1a: Suicune
|-boost|p1a: Suicune|spa|1
|-boost|p1a: Suicune|spd|1
|
|-heal|p1a: Suicune|256\/341|[from] item: Leftovers
|turn|46
|c|âAdil|dont have rest :<
|
|move|p1a: Suicune|Calm Mind|p1a: Suicune
|-boost|p1a: Suicune|spa|1
|-boost|p1a: Suicune|spd|1
|move|p2a: Blissey|Toxic|p1a: Suicune
|-status|p1a: Suicune|tox
|
|-heal|p1a: Suicune|277\/341 tox|[from] item: Leftovers
|-damage|p1a: Suicune|256\/341 tox|[from] psn
|turn|47
|
|switch|p2a: Jirachi|Jirachi|78\/341
|move|p1a: Suicune|Hydro Pump|p2a: Jirachi
|-damage|p2a: Jirachi|0 fnt
|faint|p2a: Jirachi
|
|-heal|p1a: Suicune|277\/341 tox|[from] item: Leftovers
|-damage|p1a: Suicune|235\/341 tox|[from] psn
|c|âAdil|mfw
|
|switch|p2a: Blissey|Blissey, F|714\/714
|turn|48
|
|move|p1a: Suicune|Hydro Pump|p2a: Blissey
|-damage|p2a: Blissey|444\/714
|move|p2a: Blissey|Seismic Toss|p1a: Suicune
|-damage|p1a: Suicune|135\/341 tox
|
|-heal|p1a: Suicune|156\/341 tox|[from] item: Leftovers
|-heal|p2a: Blissey|488\/714|[from] item: Leftovers
|-damage|p1a: Suicune|93\/341 tox|[from] psn
|turn|49
|
|move|p1a: Suicune|Hydro Pump|p2a: Blissey
|-damage|p2a: Blissey|250\/714
|move|p2a: Blissey|Soft-Boiled|p2a: Blissey
|-heal|p2a: Blissey|607\/714
|
|-heal|p1a: Suicune|114\/341 tox|[from] item: Leftovers
|-heal|p2a: Blissey|651\/714|[from] item: Leftovers
|-damage|p1a: Suicune|30\/341 tox|[from] psn
|turn|50
|c|âAdil|k no rest
|
|move|p1a: Suicune|Ice Beam|p2a: Blissey
|-damage|p2a: Blissey|504\/714
|move|p2a: Blissey|Soft-Boiled|p2a: Blissey
|-heal|p2a: Blissey|714\/714
|
|-heal|p1a: Suicune|51\/341 tox|[from] item: Leftovers
|-damage|p1a: Suicune|0 fnt|[from] psn
|faint|p1a: Suicune
|c|âcute mega dragon|no freeze
|c|âcute mega dragon|hax
|c|âAdil|lmao
|
|switch|p1a: Darmanitan|Darmanitan, F|264\/351
|-damage|p1a: Darmanitan|177\/351|[from] Stealth Rock
|-damage|p1a: Darmanitan|90\/351|[from] Spikes
|turn|51
|c|âAdil|your gonna u-turn
|c| Sergeant Kitten|adil do you want to battle after
|c|âAdil|i know it
|c|âAdil|no u sak
|c|âAdil|lel
|
|switch|p2a: Alomomola|Alomomola, F|534\/534
|move|p1a: Darmanitan|Flare Blitz|p2a: Alomomola
|-resisted|p2a: Alomomola
|-damage|p2a: Alomomola|423\/534
|-damage|p1a: Darmanitan|53\/351|[from] recoil|[of] p2a: Alomomola
|
|-heal|p2a: Alomomola|456\/534|[from] item: Leftovers
|turn|52
|c|âAdil|nb
|c| Sergeant Kitten|Nah
|
|move|p1a: Darmanitan|Flare Blitz|p2a: Alomomola
|-crit|p2a: Alomomola
|-resisted|p2a: Alomomola
|-damage|p2a: Alomomola|285\/534
|-damage|p1a: Darmanitan|0 fnt|[from] recoil|[of] p2a: Alomomola
|faint|p1a: Darmanitan
|move|p2a: Alomomola|Scald|p1: Darmanitan|[notarget]
|-notarget
|
|-heal|p2a: Alomomola|318\/534|[from] item: Leftovers
|c|âAdil|ok altaria
|c|âcute mega dragon|CRIT HYPE
|c|âAdil|this broken
|c| Sergeant Kitten|LOL
|c|âAdil|peace of crap
|
|switch|p1a: Altaria|Altaria-Mega, F|265\/353
|-damage|p1a: Altaria|221\/353|[from] Stealth Rock
|-damage|p1a: Altaria|133\/353|[from] Spikes
|turn|53
|c|âAdil|*piece
|
|switch|p2a: Blissey|Blissey, F|714\/714
|move|p1a: Altaria|Substitute|p1a: Altaria
|-start|p1a: Altaria|Substitute
|-damage|p1a: Altaria|45\/353
|
|turn|54
|c|âAdil|if i can toxic this
|c|âAdil|i'll be good :<
|
|move|p1a: Altaria|Roost|p1a: Altaria
|-heal|p1a: Altaria|222\/353
|move|p2a: Blissey|Seismic Toss|p1a: Altaria
|-end|p1a: Altaria|Substitute
|
|turn|55
|c|âAdil|ugh the 50\/50's ;-;
|c|âcute mega dragon|spoooky
|
|switch|p1a: Jirachi|Jirachi|337\/404
|-damage|p1a: Jirachi|312\/404|[from] Stealth Rock
|-damage|p1a: Jirachi|211\/404|[from] Spikes
|move|p2a: Blissey|Seismic Toss|p1a: Jirachi
|-damage|p1a: Jirachi|111\/404
|
|turn|56
|c|âAdil|ohohohoh
|
|move|p1a: Jirachi|Thunder Wave|p2a: Blissey
|-status|p2a: Blissey|par
|cant|p2a: Blissey|par
|
|turn|57
|
|move|p1a: Jirachi|Iron Head|p2a: Blissey
|-damage|p2a: Blissey|530\/714 par
|cant|p2a: Blissey|flinch
|
|-heal|p2a: Blissey|574\/714 par|[from] item: Leftovers
|turn|58
|c|âAdil|smh
|
|switch|p2a: Alomomola|Alomomola, F|496\/534
|move|p1a: Jirachi|Wish|p1a: Jirachi
|
|-heal|p2a: Alomomola|529\/534|[from] item: Leftovers
|turn|59
|c|âAdil|ok
|c|âAdil|scald
|c|âAdil|burn pls
|
|move|p1a: Jirachi|Thunder Wave|p2a: Alomomola
|-status|p2a: Alomomola|par
|move|p2a: Alomomola|Scald|p1a: Jirachi
|-damage|p1a: Jirachi|74\/404
|
|-heal|p1a: Jirachi|276\/404|[from] move: Wish|[wisher] Jirachi
|-heal|p2a: Alomomola|534\/534 par|[from] item: Leftovers
|turn|60
|c|âAdil|.cri
|
|move|p1a: Jirachi|Iron Head|p2a: Alomomola
|-resisted|p2a: Alomomola
|-damage|p2a: Alomomola|496\/534 par
|cant|p2a: Alomomola|par
|
|-heal|p2a: Alomomola|529\/534 par|[from] item: Leftovers
|turn|61
|
|move|p1a: Jirachi|Stealth Rock|p2a: Alomomola
|-sidestart|p2: Adil|move: Stealth Rock
|cant|p2a: Alomomola|par
|
|-heal|p2a: Alomomola|534\/534 par|[from] item: Leftovers
|turn|62
|c|âAdil|L:
|
|move|p1a: Jirachi|Wish|p1a: Jirachi
|cant|p2a: Alomomola|par
|
|turn|63
|c|âcute mega dragon|lolzs
|c|âAdil|:|
|
|switch|p1a: Altaria|Altaria-Mega, F|222\/353
|-damage|p1a: Altaria|178\/353|[from] Stealth Rock
|-damage|p1a: Altaria|90\/353|[from] Spikes
|move|p2a: Alomomola|Scald|p1a: Altaria
|-resisted|p1a: Altaria
|-damage|p1a: Altaria|67\/353
|-status|p1a: Altaria|brn
|
|-heal|p1a: Altaria|269\/353 brn|[from] move: Wish|[wisher] Jirachi
|-damage|p1a: Altaria|225\/353 brn|[from] brn
|turn|64
|c|âAdil|YES
|c|âcute mega dragon|ahhhhhh
|c|âcute mega dragon|hax
|c|âAdil|n.n
|c|âAdil|\/me high fives the hax gods
|c|âcute mega dragon|i thought i was immuuneeee
|
|move|p1a: Altaria|Dragon Dance|p1a: Altaria
|-boost|p1a: Altaria|atk|1
|-boost|p1a: Altaria|spe|1
|cant|p2a: Alomomola|par
|
|-damage|p1a: Altaria|181\/353 brn|[from] brn
|turn|65
|c|âAdil|welp
|
|move|p1a: Altaria|Dragon Dance|p1a: Altaria
|-boost|p1a: Altaria|atk|1
|-boost|p1a: Altaria|spe|1
|move|p2a: Alomomola|Wish|p2a: Alomomola
|
|-damage|p1a: Altaria|137\/353 brn|[from] brn
|turn|66
|
|switch|p2a: Forretress|Forretress, M|152\/354 par
|-damage|p2a: Forretress|108\/354 par|[from] Stealth Rock
|move|p1a: Altaria|Roost|p1a: Altaria
|-heal|p1a: Altaria|314\/353 brn
|
|-heal|p2a: Forretress|354\/354 par|[from] move: Wish|[wisher] Alomomola
|-damage|p1a: Altaria|270\/353 brn|[from] brn
|turn|67
|
|move|p1a: Altaria|Dragon Dance|p1a: Altaria
|-boost|p1a: Altaria|atk|1
|-boost|p1a: Altaria|spe|1
|move|p2a: Forretress|Earthquake|p1a: Altaria
|-damage|p1a: Altaria|204\/353 brn
|
|-damage|p1a: Altaria|160\/353 brn|[from] brn
|turn|68
|c|âcute mega dragon|burn should wear off after 10 turns imo
|c|âcute mega dragon|cool down
|c|âcute mega dragon|nice n smooth
|c|âAdil|lel
|
|switch|p2a: Blissey|Blissey, F|574\/714
|-damage|p2a: Blissey|485\/714|[from] Stealth Rock
|move|p1a: Altaria|Dragon Dance|p1a: Altaria
|-boost|p1a: Altaria|atk|1
|-boost|p1a: Altaria|spe|1
|
|-heal|p2a: Blissey|529\/714|[from] item: Leftovers
|-damage|p1a: Altaria|116\/353 brn|[from] brn
|turn|69
|
|move|p1a: Altaria|Roost|p1a: Altaria
|-heal|p1a: Altaria|293\/353 brn
|move|p2a: Blissey|Seismic Toss|p1a: Altaria
|-damage|p1a: Altaria|193\/353 brn
|
|-heal|p2a: Blissey|573\/714|[from] item: Leftovers
|-damage|p1a: Altaria|149\/353 brn|[from] brn
|turn|70
|
|move|p1a: Altaria|Roost|p1a: Altaria
|-heal|p1a: Altaria|326\/353 brn
|move|p2a: Blissey|Seismic Toss|p1a: Altaria
|-damage|p1a: Altaria|226\/353 brn
|
|-heal|p2a: Blissey|617\/714|[from] item: Leftovers
|-damage|p1a: Altaria|182\/353 brn|[from] brn
|turn|71
|
|move|p1a: Altaria|Roost|p1a: Altaria
|-heal|p1a: Altaria|353\/353 brn
|move|p2a: Blissey|Seismic Toss|p1a: Altaria
|-damage|p1a: Altaria|253\/353 brn
|
|-heal|p2a: Blissey|661\/714|[from] item: Leftovers
|-damage|p1a: Altaria|209\/353 brn|[from] brn
|turn|72
|
|move|p1a: Altaria|Frustration|p2a: Blissey
|-damage|p2a: Blissey|118\/714
|move|p2a: Blissey|Seismic Toss|p1a: Altaria
|-damage|p1a: Altaria|109\/353 brn
|
|-heal|p2a: Blissey|162\/714|[from] item: Leftovers
|-damage|p1a: Altaria|65\/353 brn|[from] brn
|turn|73
|c|âAdil|dat damage
|c|âAdil|i still ose
|c|âAdil|*lose
|c|âAdil|i think
|c|âAdil|.-.
|
|switch|p2a: Forretress|Forretress, M|354\/354 par
|-damage|p2a: Forretress|310\/354 par|[from] Stealth Rock
|move|p1a: Altaria|Frustration|p2a: Forretress
|-resisted|p2a: Forretress
|-damage|p2a: Forretress|235\/354 par
|
|-heal|p2a: Forretress|257\/354 par|[from] item: Leftovers
|-damage|p1a: Altaria|21\/353 brn|[from] brn
|turn|74
|c|âcute mega dragon|lol
|
|move|p1a: Altaria|Roost|p1a: Altaria
|-heal|p1a: Altaria|198\/353 brn
|move|p2a: Forretress|Rapid Spin|p1a: Altaria
|-damage|p1a: Altaria|184\/353 brn
|-sideend|p2: Adil|Stealth Rock|[from] move: Rapid Spin|[of] p2a: Forretress
|
|-heal|p2a: Forretress|279\/354 par|[from] item: Leftovers
|-damage|p1a: Altaria|140\/353 brn|[from] brn
|turn|75
|
|switch|p2a: Blissey|Blissey, F|162\/714
|move|p1a: Altaria|Roost|p1a: Altaria
|-heal|p1a: Altaria|317\/353 brn
|
|-heal|p2a: Blissey|206\/714|[from] item: Leftovers
|-damage|p1a: Altaria|273\/353 brn|[from] brn
|turn|76
|
|move|p1a: Altaria|Frustration|p2a: Blissey
|-damage|p2a: Blissey|0 fnt
|faint|p2a: Blissey
|
|-damage|p1a: Altaria|229\/353 brn|[from] brn
|
|switch|p2a: Alomomola|Alomomola, F|534\/534 par
|turn|77
|
|move|p1a: Altaria|Frustration|p2a: Alomomola
|-damage|p2a: Alomomola|300\/534 par
|cant|p2a: Alomomola|par
|
|-heal|p2a: Alomomola|333\/534 par|[from] item: Leftovers
|-damage|p1a: Altaria|185\/353 brn|[from] brn
|turn|78
|c|âAdil|.-.
|c| Sergeant Kitten|:)
|
|move|p1a: Altaria|Dragon Dance|p1a: Altaria
|-boost|p1a: Altaria|atk|1
|-boost|p1a: Altaria|spe|1
|move|p2a: Alomomola|Wish|p2a: Alomomola
|
|-heal|p2a: Alomomola|366\/534 par|[from] item: Leftovers
|-damage|p1a: Altaria|141\/353 brn|[from] brn
|turn|79
|c| Sergeant Kitten|Karma :)
|c|âAdil|no u
|
|switch|p2a: Forretress|Forretress, M|279\/354 par
|move|p1a: Altaria|Dragon Dance|p1a: Altaria
|-boost|p1a: Altaria|atk|1
|-boost|p1a: Altaria|spe|1
|
|-heal|p2a: Forretress|354\/354 par|[from] move: Wish|[wisher] Alomomola
|-damage|p1a: Altaria|97\/353 brn|[from] brn
|turn|80
|c| Sergeant Kitten|:(
|
|switch|p2a: Alomomola|Alomomola, F|534\/534 par
|move|p1a: Altaria|Roost|p1a: Altaria
|-heal|p1a: Altaria|274\/353 brn
|
|-damage|p1a: Altaria|230\/353 brn|[from] brn
|turn|81
|
|move|p1a: Altaria|Frustration|p2a: Alomomola
|-damage|p2a: Alomomola|231\/534 par
|move|p2a: Alomomola|Wish|p2a: Alomomola
|
|-heal|p2a: Alomomola|264\/534 par|[from] item: Leftovers
|-damage|p1a: Altaria|186\/353 brn|[from] brn
|turn|82
|c|âcute mega dragon|where is the para hype
|c|âAdil|e.e
|
|cant|p2a: Alomomola|par
|move|p1a: Altaria|Frustration|p2a: Alomomola
|-damage|p2a: Alomomola|0 fnt
|faint|p2a: Alomomola
|
|-damage|p1a: Altaria|142\/353 brn|[from] brn
|c|âAdil|BRUH
|c| Sergeant Kitten|LOL
|c|âAdil|BRUH
|c|âAdil|BRUH
|c|âcute mega dragon|oh there it is
|
|switch|p2a: Forretress|Forretress, M|354\/354 par
|turn|83
|
|move|p1a: Altaria|Roost|p1a: Altaria
|-heal|p1a: Altaria|319\/353 brn
|move|p2a: Forretress|Earthquake|p1a: Altaria
|-damage|p1a: Altaria|255\/353 brn
|
|-damage|p1a: Altaria|211\/353 brn|[from] brn
|turn|84
|
|move|p1a: Altaria|Frustration|p2a: Forretress
|-resisted|p2a: Forretress
|-damage|p2a: Forretress|258\/354 par
|move|p2a: Forretress|Rapid Spin|p1a: Altaria
|-damage|p1a: Altaria|196\/353 brn
|
|-heal|p2a: Forretress|280\/354 par|[from] item: Leftovers
|-damage|p1a: Altaria|152\/353 brn|[from] brn
|turn|85
|
|move|p1a: Altaria|Roost|p1a: Altaria
|-heal|p1a: Altaria|329\/353 brn
|cant|p2a: Forretress|par
|
|-heal|p2a: Forretress|302\/354 par|[from] item: Leftovers
|-damage|p1a: Altaria|285\/353 brn|[from] brn
|turn|86
|
|move|p1a: Altaria|Frustration|p2a: Forretress
|-resisted|p2a: Forretress
|-damage|p2a: Forretress|203\/354 par
|move|p2a: Forretress|Earthquake|p1a: Altaria
|-damage|p1a: Altaria|221\/353 brn
|
|-heal|p2a: Forretress|225\/354 par|[from] item: Leftovers
|-damage|p1a: Altaria|177\/353 brn|[from] brn
|turn|87
|
|move|p1a: Altaria|Frustration|p2a: Forretress
|-crit|p2a: Forretress
|-resisted|p2a: Forretress
|-damage|p2a: Forretress|60\/354 par
|move|p2a: Forretress|Earthquake|p1a: Altaria
|-damage|p1a: Altaria|113\/353 brn
|
|-heal|p2a: Forretress|82\/354 par|[from] item: Leftovers
|-damage|p1a: Altaria|69\/353 brn|[from] brn
|turn|88
|c|âAdil|smh
|
|move|p1a: Altaria|Roost|p1a: Altaria
|-heal|p1a: Altaria|246\/353 brn
|move|p2a: Forretress|Earthquake|p1a: Altaria
|-damage|p1a: Altaria|175\/353 brn
|
|-heal|p2a: Forretress|104\/354 par|[from] item: Leftovers
|-damage|p1a: Altaria|131\/353 brn|[from] brn
|turn|89
|
|move|p1a: Altaria|Roost|p1a: Altaria
|-heal|p1a: Altaria|308\/353 brn
|move|p2a: Forretress|Earthquake|p1a: Altaria
|-damage|p1a: Altaria|240\/353 brn
|
|-heal|p2a: Forretress|126\/354 par|[from] item: Leftovers
|-damage|p1a: Altaria|196\/353 brn|[from] brn
|turn|90
|
|move|p1a: Altaria|Frustration|p2a: Forretress
|-resisted|p2a: Forretress
|-damage|p2a: Forretress|27\/354 par
|move|p2a: Forretress|Rapid Spin|p1a: Altaria
|-damage|p1a: Altaria|182\/353 brn
|
|-heal|p2a: Forretress|49\/354 par|[from] item: Leftovers
|-damage|p1a: Altaria|138\/353 brn|[from] brn
|turn|91
|c|âcute mega dragon|oh wait
|c| Sergeant Kitten|I want to test a team on ya adil :)
|c|âcute mega dragon|you were in kill range
|c|âcute mega dragon|my bad
|c|âcute mega dragon|lol
|c|âAdil|.-.
|
|move|p1a: Altaria|Frustration|p2a: Forretress
|-resisted|p2a: Forretress
|-damage|p2a: Forretress|0 fnt
|faint|p2a: Forretress
|
|win|cute mega dragon
|raw|Ladder updating...
|raw|cute mega dragon's rating: 1500 &rarr; <strong>1523<\/strong><br \/>(+23 for winning)
|raw|Adil's rating: 1542 &rarr; <strong>1520<\/strong><br \/>(-22 for losing)
|c|âAdil|gg
|c|âcute mega dragon|gg
|leave|Adil
|player|p2