|join|feng
|join|Adil
|player|p1|feng|23
|player|p2|Adil|1
|gametype|singles
|gen|6
|tier|UU
|rated
|rule|Sleep Clause Mod: Limit one foe put to sleep
|rule|Species Clause: Limit one of each PokÃ©mon
|rule|OHKO Clause: OHKO moves are banned
|rule|Moody Clause: Moody is banned
|rule|Evasion Moves Clause: Evasion moves are banned
|rule|Endless Battle Clause: Forcing endless battles is banned
|rule|HP Percentage Mod: HP is shown in percentages
|clearpoke
|poke|p1|Altaria, F
|poke|p1|Bronzong
|poke|p1|Raikou
|poke|p1|Tentacruel, F
|poke|p1|Blissey, F
|poke|p1|Suicune
|poke|p2|Lopunny, F
|poke|p2|Jirachi
|poke|p2|Alomomola, M
|poke|p2|Blissey, F
|poke|p2|Noivern, M
|poke|p2|Forretress, M
|rule|Swagger Clause: Swagger is banned
|rule|Baton Pass Clause: Limit one PokÃ©mon knowing Baton Pass
|teampreview
|c|âAdil|ugh wtf
|c|âAdil|i didnt wanna look for a battle ;-;
|
|start
|switch|p1a: Raikou|Raikou|321\/321
|switch|p2a: Lopunny|Lopunny, F|271\/271
|-ability|p1a: Raikou|Pressure
|turn|1
|
|switch|p1a: Suicune|Suicune|404\/404
|-ability|p1a: Suicune|Pressure
|detailschange|p2a: Lopunny|Lopunny-Mega, F
|message|Lopunny has Mega Evolved into Mega Lopunny!
|move|p2a: Lopunny|Fake Out|p1a: Suicune
|-damage|p1a: Suicune|358\/404
|
|-heal|p1a: Suicune|383\/404|[from] item: Leftovers
|turn|2
|
|move|p2a: Lopunny|Power-Up Punch|p1a: Suicune
|-damage|p1a: Suicune|337\/404
|-boost|p2a: Lopunny|atk|1
|move|p1a: Suicune|Calm Mind|p1a: Suicune
|-boost|p1a: Suicune|spa|1
|-boost|p1a: Suicune|spd|1
|
|-heal|p1a: Suicune|362\/404|[from] item: Leftovers
|turn|3
|
|move|p2a: Lopunny|High Jump Kick|p1a: Suicune
|-damage|p1a: Suicune|125\/404
|move|p1a: Suicune|Scald|p2a: Lopunny
|-damage|p2a: Lopunny|138\/271
|
|-heal|p1a: Suicune|150\/404|[from] item: Leftovers
|turn|4
|
|switch|p1a: Bronzong|Bronzong|338\/338
|move|p2a: Lopunny|Frustration|p1a: Bronzong
|-resisted|p1a: Bronzong
|-damage|p1a: Bronzong|251\/338
|
|-heal|p1a: Bronzong|272\/338|[from] item: Leftovers
|turn|5
|
|move|p2a: Lopunny|High Jump Kick|p1a: Bronzong
|-damage|p1a: Bronzong|44\/338
|move|p1a: Bronzong|Gyro Ball|p2a: Lopunny
|-damage|p2a: Lopunny|0 fnt
|faint|p2a: Lopunny
|
|-heal|p1a: Bronzong|65\/338|[from] item: Leftovers
|c|âAdil|omf this lag
|c|âAdil|cancel button
|join|Kisame-San
|
|switch|p2a: Jirachi|Jirachi|341\/341
|turn|6
|
|switch|p1a: Raikou|Raikou|321\/321
|-ability|p1a: Raikou|Pressure
|move|p2a: Jirachi|Zen Headbutt|p1a: Raikou
|-damage|p1a: Raikou|170\/321
|
|turn|7
|
|switch|p1a: Bronzong|Bronzong|65\/338
|move|p2a: Jirachi|Zen Headbutt|p1a: Bronzong
|-resisted|p1a: Bronzong
|-damage|p1a: Bronzong|47\/338
|
|-heal|p1a: Bronzong|68\/338|[from] item: Leftovers
|turn|8
|
|switch|p2a: Noivern|Noivern, M|311\/311
|move|p1a: Bronzong|Stealth Rock|p2a: Noivern
|-sidestart|p2: Adil|move: Stealth Rock
|
|-heal|p1a: Bronzong|89\/338|[from] item: Leftovers
|turn|9
|
|move|p2a: Noivern|Draco Meteor|p1a: Bronzong
|-resisted|p1a: Bronzong
|-damage|p1a: Bronzong|0 fnt
|-unboost|p2a: Noivern|spa|2
|faint|p1a: Bronzong
|
|
|switch|p1a: Altaria|Altaria, F|353\/353
|turn|10
|
|switch|p2a: Jirachi|Jirachi|341\/341
|-damage|p2a: Jirachi|320\/341|[from] Stealth Rock
|detailschange|p1a: Altaria|Altaria-Mega, F
|message|Altaria has Mega Evolved into Mega Altaria!
|move|p1a: Altaria|Earthquake|p2a: Jirachi
|-supereffective|p2a: Jirachi
|-damage|p2a: Jirachi|130\/341
|
|turn|11
|
|switch|p1a: Tentacruel|Tentacruel, F|364\/364
|move|p2a: Jirachi|U-turn|p1a: Tentacruel
|-resisted|p1a: Tentacruel
|-damage|p1a: Tentacruel|331\/364
|
|switch|p2a: Alomomola|Alomomola, M|534\/534
|-damage|p2a: Alomomola|468\/534|[from] Stealth Rock
|
|-heal|p1a: Tentacruel|353\/364|[from] item: Black Sludge
|-heal|p2a: Alomomola|501\/534|[from] item: Leftovers
|turn|12
|
|move|p1a: Tentacruel|Toxic|p2a: Alomomola
|-status|p2a: Alomomola|tox
|move|p2a: Alomomola|Knock Off|p1a: Tentacruel
|-damage|p1a: Tentacruel|287\/364
|-enditem|p1a: Tentacruel|Black Sludge|[from] move: Knock Off|[of] p2a: Alomomola
|
|-heal|p2a: Alomomola|534\/534 tox|[from] item: Leftovers
|-damage|p2a: Alomomola|501\/534 tox|[from] psn
|turn|13
|
|move|p1a: Tentacruel|Toxic Spikes|p2a: Alomomola
|-sidestart|p2: Adil|move: Toxic Spikes
|move|p2a: Alomomola|Wish|p2a: Alomomola
|
|-heal|p2a: Alomomola|534\/534 tox|[from] item: Leftovers
|-damage|p2a: Alomomola|468\/534 tox|[from] psn
|turn|14
|
|switch|p1a: Raikou|Raikou|170\/321
|-ability|p1a: Raikou|Pressure
|switch|p2a: Forretress|Forretress, M|354\/354
|-damage|p2a: Forretress|310\/354|[from] Stealth Rock
|
|-heal|p2a: Forretress|354\/354|[from] move: Wish|[wisher] Alomomola
|turn|15
|
|move|p1a: Raikou|Thunderbolt|p2a: Forretress
|-activate|p2a: Forretress|Sturdy
|-damage|p2a: Forretress|1\/354
|move|p2a: Forretress|Rapid Spin|p1a: Raikou
|-damage|p1a: Raikou|151\/321
|-sideend|p2: Adil|Toxic Spikes|[from] move: Rapid Spin|[of] p2a: Forretress
|-sideend|p2: Adil|Stealth Rock|[from] move: Rapid Spin|[of] p2a: Forretress
|
|-heal|p2a: Forretress|23\/354|[from] item: Leftovers
|turn|16
|
|switch|p1a: Tentacruel|Tentacruel, F|287\/364
|switch|p2a: Blissey|Blissey, F|714\/714
|
|turn|17
|
|switch|p2a: Jirachi|Jirachi|130\/341
|move|p1a: Tentacruel|Toxic Spikes|p2a: Jirachi
|-sidestart|p2: Adil|move: Toxic Spikes
|
|turn|18
|
|switch|p1a: Altaria|Altaria-Mega, F|353\/353
|move|p2a: Jirachi|Zen Headbutt|p1a: Altaria
|-damage|p1a: Altaria|245\/353
|
|turn|19
|
|move|p2a: Jirachi|Zen Headbutt|p1a: Altaria
|-damage|p1a: Altaria|142\/353
|cant|p1a: Altaria|flinch
|
|turn|20
|
|move|p2a: Jirachi|Zen Headbutt|p1a: Altaria
|-crit|p1a: Altaria
|-damage|p1a: Altaria|0 fnt
|faint|p1a: Altaria
|
|
|switch|p1a: Suicune|Suicune|150\/404
|-ability|p1a: Suicune|Pressure
|turn|21
|
|switch|p2a: Noivern|Noivern, M|311\/311
|move|p1a: Suicune|Rest|p1a: Suicune
|-status|p1a: Suicune|slp
|-heal|p1a: Suicune|404\/404 slp|[silent]
|-status|p1a: Suicune|slp|[from] move: Rest
|
|turn|22
|
|switch|p1a: Blissey|Blissey, F|714\/714
|move|p2a: Noivern|Switcheroo|p1a: Blissey
|-activate|p2a: Noivern|move: Trick|[of] p1a: Blissey
|-item|p1a: Blissey|Choice Specs|[from] Trick
|-item|p2a: Noivern|Leftovers|[from] Trick
|
|turn|23
|
|move|p2a: Noivern|U-turn|p1a: Blissey
|-damage|p1a: Blissey|660\/714
|
|switch|p2a: Alomomola|Alomomola, M|534\/534 tox
|move|p1a: Blissey|Wish|p1a: Blissey
|
|-damage|p2a: Alomomola|501\/534 tox|[from] psn
|turn|24
|
|switch|p1a: Raikou|Raikou|151\/321
|-ability|p1a: Raikou|Pressure
|move|p2a: Alomomola|Knock Off|p1a: Raikou
|-damage|p1a: Raikou|76\/321
|-enditem|p1a: Raikou|Choice Specs|[from] move: Knock Off|[of] p2a: Alomomola
|
|-heal|p1a: Raikou|321\/321|[from] move: Wish|[wisher] Blissey
|-heal|p2a: Alomomola|534\/534 tox|[from] item: Leftovers
|-damage|p2a: Alomomola|468\/534 tox|[from] psn
|turn|25
|
|switch|p2a: Blissey|Blissey, F|714\/714
|-status|p2a: Blissey|psn
|move|p1a: Raikou|Volt Switch|p2a: Blissey
|-damage|p2a: Blissey|623\/714 psn
|
|switch|p1a: Tentacruel|Tentacruel, F|287\/364
|
|-heal|p2a: Blissey|667\/714 psn|[from] item: Leftovers
|-damage|p2a: Blissey|578\/714 psn|[from] psn
|turn|26
|
|switch|p2a: Alomomola|Alomomola, M|534\/534 tox
|move|p1a: Tentacruel|Toxic Spikes|p2a: Alomomola
|-sidestart|p2: Adil|move: Toxic Spikes
|
|-damage|p2a: Alomomola|501\/534 tox|[from] psn
|turn|27
|
|switch|p1a: Raikou|Raikou|321\/321
|-ability|p1a: Raikou|Pressure
|move|p2a: Alomomola|Wish|p2a: Alomomola
|
|-heal|p2a: Alomomola|534\/534 tox|[from] item: Leftovers
|-damage|p2a: Alomomola|468\/534 tox|[from] psn
|turn|28
|
|switch|p2a: Noivern|Noivern, M|311\/311
|move|p1a: Raikou|Volt Switch|p2a: Noivern
|-damage|p2a: Noivern|172\/311
|
|switch|p1a: Blissey|Blissey, F|660\/714
|
|-heal|p2a: Noivern|311\/311|[from] move: Wish|[wisher] Alomomola
|turn|29
|
|move|p2a: Noivern|U-turn|p1a: Blissey
|-damage|p1a: Blissey|607\/714
|
|switch|p2a: Alomomola|Alomomola, M|534\/534 tox
|move|p1a: Blissey|Seismic Toss|p2a: Alomomola
|-damage|p2a: Alomomola|434\/534 tox
|
|-heal|p2a: Alomomola|467\/534 tox|[from] item: Leftovers
|-damage|p2a: Alomomola|434\/534 tox|[from] psn
|turn|30
|
|switch|p2a: Jirachi|Jirachi|130\/341
|switch|p1a: Raikou|Raikou|321\/321
|-ability|p1a: Raikou|Pressure
|
|turn|31
|
|move|p2a: Jirachi|Zen Headbutt|p1a: Raikou
|-damage|p1a: Raikou|170\/321
|cant|p1a: Raikou|flinch
|
|turn|32
|
|switch|p1a: Suicune|Suicune|404\/404 slp
|-ability|p1a: Suicune|Pressure
|move|p2a: Jirachi|Zen Headbutt|p1a: Suicune
|-damage|p1a: Suicune|332\/404 slp
|
|-heal|p1a: Suicune|357\/404 slp|[from] item: Leftovers
|turn|33
|
|switch|p2a: Forretress|Forretress, M|23\/354
|cant|p1a: Suicune|slp
|move|p1a: Suicune|Sleep Talk|p1a: Suicune
|move|p1a: Suicune|Calm Mind|p1a: Suicune|[from]Sleep Talk
|-boost|p1a: Suicune|spa|1
|-boost|p1a: Suicune|spd|1
|
|-heal|p1a: Suicune|382\/404 slp|[from] item: Leftovers
|-heal|p2a: Forretress|45\/354|[from] item: Leftovers
|turn|34
|
|cant|p1a: Suicune|slp
|move|p1a: Suicune|Sleep Talk|p1a: Suicune
|move|p1a: Suicune|Rest|p1a: Suicune|[from]Sleep Talk
|-fail|p1a: Suicune
|move|p2a: Forretress|Rapid Spin|p1a: Suicune
|-damage|p1a: Suicune|372\/404 slp
|-sideend|p2: Adil|Toxic Spikes|[from] move: Rapid Spin|[of] p2a: Forretress
|
|-heal|p1a: Suicune|397\/404 slp|[from] item: Leftovers
|-heal|p2a: Forretress|67\/354|[from] item: Leftovers
|turn|35
|
|-curestatus|p1a: Suicune|slp
|move|p1a: Suicune|Scald|p2a: Forretress
|-crit|p2a: Forretress
|-damage|p2a: Forretress|0 fnt
|faint|p2a: Forretress
|
|-heal|p1a: Suicune|404\/404|[from] item: Leftovers
|
|switch|p2a: Jirachi|Jirachi|130\/341
|turn|36
|
|switch|p1a: Blissey|Blissey, F|607\/714
|move|p2a: Jirachi|Trick|p1a: Blissey
|-activate|p2a: Jirachi|move: Trick|[of] p1a: Blissey
|-item|p1a: Blissey|Choice Scarf|[from] move: Trick
|-item|p2a: Jirachi|Choice Specs|[from] move: Trick
|
|turn|37
|
|move|p2a: Jirachi|Trick|p1a: Blissey
|-activate|p2a: Jirachi|move: Trick|[of] p1a: Blissey
|-item|p1a: Blissey|Choice Specs|[from] move: Trick
|-item|p2a: Jirachi|Choice Scarf|[from] move: Trick
|move|p1a: Blissey|Wish|p1a: Blissey
|
|turn|38
|
|switch|p1a: Raikou|Raikou|170\/321
|-ability|p1a: Raikou|Pressure
|move|p2a: Jirachi|U-turn|p1a: Raikou
|-damage|p1a: Raikou|87\/321
|
|switch|p2a: Noivern|Noivern, M|311\/311
|
|-heal|p1a: Raikou|321\/321|[from] move: Wish|[wisher] Blissey
|turn|39
|
|move|p2a: Noivern|U-turn|p1a: Raikou
|-damage|p1a: Raikou|284\/321
|
|switch|p2a: Blissey|Blissey, F|578\/714
|move|p1a: Raikou|Hidden Power|p2a: Blissey
|-damage|p2a: Blissey|528\/714
|
|-heal|p2a: Blissey|572\/714|[from] item: Leftovers
|turn|40
|
|move|p1a: Raikou|Volt Switch|p2a: Blissey
|-damage|p2a: Blissey|487\/714
|
|switch|p1a: Tentacruel|Tentacruel, F|287\/364
|move|p2a: Blissey|Seismic Toss|p1a: Tentacruel
|-damage|p1a: Tentacruel|187\/364
|
|-heal|p2a: Blissey|531\/714|[from] item: Leftovers
|turn|41
|
|switch|p2a: Alomomola|Alomomola, M|534\/534 tox
|move|p1a: Tentacruel|Toxic Spikes|p2a: Alomomola
|-sidestart|p2: Adil|move: Toxic Spikes
|
|-damage|p2a: Alomomola|501\/534 tox|[from] psn
|turn|42
|
|move|p1a: Tentacruel|Toxic Spikes|p2a: Alomomola
|-sidestart|p2: Adil|move: Toxic Spikes
|move|p2a: Alomomola|Wish|p2a: Alomomola
|
|-heal|p2a: Alomomola|534\/534 tox|[from] item: Leftovers
|-damage|p2a: Alomomola|468\/534 tox|[from] psn
|turn|43
|
|switch|p2a: Jirachi|Jirachi|130\/341
|move|p1a: Tentacruel|Scald|p2a: Jirachi
|-damage|p2a: Jirachi|58\/341
|-status|p2a: Jirachi|brn
|
|-heal|p2a: Jirachi|325\/341 brn|[from] move: Wish|[wisher] Alomomola
|-damage|p2a: Jirachi|283\/341 brn|[from] brn
|turn|44
|
|switch|p1a: Blissey|Blissey, F|607\/714
|move|p2a: Jirachi|U-turn|p1a: Blissey
|-damage|p1a: Blissey|538\/714
|
|switch|p2a: Blissey|Blissey, F|531\/714
|-status|p2a: Blissey|tox
|
|-heal|p2a: Blissey|575\/714 tox|[from] item: Leftovers
|-damage|p2a: Blissey|531\/714 tox|[from] psn
|turn|45
|
|move|p1a: Blissey|Wish|p1a: Blissey
|move|p2a: Blissey|Aromatherapy|p2a: Blissey
|-cureteam|p2a: Blissey|[from] move: Aromatherapy
|
|-heal|p2a: Blissey|575\/714|[from] item: Leftovers
|turn|46
|
|switch|p1a: Tentacruel|Tentacruel, F|187\/364
|switch|p2a: Jirachi|Jirachi|283\/341
|
|-heal|p1a: Tentacruel|364\/364|[from] move: Wish|[wisher] Blissey
|turn|47
|
|move|p2a: Jirachi|Trick|p1a: Tentacruel
|-activate|p2a: Jirachi|move: Trick|[of] p1a: Tentacruel
|-item|p1a: Tentacruel|Choice Scarf|[from] move: Trick
|move|p1a: Tentacruel|Scald|p2a: Jirachi
|-damage|p2a: Jirachi|205\/341
|-status|p2a: Jirachi|brn
|
|-damage|p2a: Jirachi|163\/341 brn|[from] brn
|turn|48
|
|switch|p2a: Blissey|Blissey, F|575\/714
|-status|p2a: Blissey|tox
|move|p1a: Tentacruel|Scald|p2a: Blissey
|-damage|p2a: Blissey|512\/714 tox
|
|-heal|p2a: Blissey|556\/714 tox|[from] item: Leftovers
|-damage|p2a: Blissey|512\/714 tox|[from] psn
|turn|49
|
|switch|p1a: Suicune|Suicune|404\/404
|-ability|p1a: Suicune|Pressure
|move|p2a: Blissey|Aromatherapy|p2a: Blissey
|-cureteam|p2a: Blissey|[from] move: Aromatherapy
|
|-heal|p2a: Blissey|556\/714|[from] item: Leftovers
|turn|50
|
|move|p1a: Suicune|Calm Mind|p1a: Suicune
|-boost|p1a: Suicune|spa|1
|-boost|p1a: Suicune|spd|1
|move|p2a: Blissey|Toxic|p1a: Suicune
|-status|p1a: Suicune|tox
|
|-heal|p2a: Blissey|600\/714|[from] item: Leftovers
|-damage|p1a: Suicune|379\/404 tox|[from] psn
|turn|51
|
|switch|p2a: Alomomola|Alomomola, M|534\/534
|-status|p2a: Alomomola|tox
|move|p1a: Suicune|Calm Mind|p1a: Suicune
|-boost|p1a: Suicune|spa|1
|-boost|p1a: Suicune|spd|1
|
|-heal|p1a: Suicune|404\/404 tox|[from] item: Leftovers
|-damage|p1a: Suicune|354\/404 tox|[from] psn
|-damage|p2a: Alomomola|501\/534 tox|[from] psn
|turn|52
|
|move|p1a: Suicune|Calm Mind|p1a: Suicune
|-boost|p1a: Suicune|spa|1
|-boost|p1a: Suicune|spd|1
|move|p2a: Alomomola|Knock Off|p1a: Suicune
|-damage|p1a: Suicune|311\/404 tox
|-enditem|p1a: Suicune|Leftovers|[from] move: Knock Off|[of] p2a: Alomomola
|
|-heal|p2a: Alomomola|534\/534 tox|[from] item: Leftovers
|-damage|p1a: Suicune|236\/404 tox|[from] psn
|-damage|p2a: Alomomola|468\/534 tox|[from] psn
|turn|53
|
|move|p1a: Suicune|Rest|p1a: Suicune
|-status|p1a: Suicune|slp
|-heal|p1a: Suicune|404\/404 slp|[silent]
|-status|p1a: Suicune|slp|[from] move: Rest
|move|p2a: Alomomola|Wish|p2a: Alomomola
|
|-heal|p2a: Alomomola|501\/534 tox|[from] item: Leftovers
|-damage|p2a: Alomomola|402\/534 tox|[from] psn
|turn|54
|
|switch|p2a: Blissey|Blissey, F|600\/714
|-status|p2a: Blissey|tox
|cant|p1a: Suicune|slp
|move|p1a: Suicune|Sleep Talk|p1a: Suicune
|move|p1a: Suicune|Rest|p1a: Suicune|[from]Sleep Talk
|-fail|p1a: Suicune
|
|-heal|p2a: Blissey|714\/714 tox|[from] move: Wish|[wisher] Alomomola
|-damage|p2a: Blissey|670\/714 tox|[from] psn
|turn|55
|
|cant|p1a: Suicune|slp
|move|p1a: Suicune|Sleep Talk|p1a: Suicune
|move|p1a: Suicune|Calm Mind|p1a: Suicune|[from]Sleep Talk
|-boost|p1a: Suicune|spa|1
|-boost|p1a: Suicune|spd|1
|move|p2a: Blissey|Seismic Toss|p1a: Suicune
|-damage|p1a: Suicune|304\/404 slp
|
|-heal|p2a: Blissey|714\/714 tox|[from] item: Leftovers
|-damage|p2a: Blissey|626\/714 tox|[from] psn
|turn|56
|
|-curestatus|p1a: Suicune|slp
|move|p1a: Suicune|Calm Mind|p1a: Suicune
|-boost|p1a: Suicune|spa|1
|-boost|p1a: Suicune|spd|1
|move|p2a: Blissey|Toxic|p1a: Suicune
|-status|p1a: Suicune|tox
|
|-heal|p2a: Blissey|670\/714 tox|[from] item: Leftovers
|-damage|p1a: Suicune|279\/404 tox|[from] psn
|-damage|p2a: Blissey|538\/714 tox|[from] psn
|turn|57
|
|switch|p2a: Jirachi|Jirachi|163\/341
|move|p1a: Suicune|Calm Mind|p1a: Suicune
|-boost|p1a: Suicune|spa|1
|-boost|p1a: Suicune|spd|1
|
|-damage|p1a: Suicune|229\/404 tox|[from] psn
|turn|58
|
|move|p2a: Jirachi|Zen Headbutt|p1a: Suicune
|-damage|p1a: Suicune|154\/404 tox
|move|p1a: Suicune|Rest|p1a: Suicune
|-status|p1a: Suicune|slp
|-heal|p1a: Suicune|404\/404 slp|[silent]
|-status|p1a: Suicune|slp|[from] move: Rest
|
|turn|59
|
|move|p2a: Jirachi|Zen Headbutt|p1a: Suicune
|-damage|p1a: Suicune|332\/404 slp
|cant|p1a: Suicune|slp
|move|p1a: Suicune|Sleep Talk|p1a: Suicune
|move|p1a: Suicune|Calm Mind|p1a: Suicune|[from]Sleep Talk
|-fail|p1a: Suicune
|
|turn|60
|
|switch|p2a: Alomomola|Alomomola, M|534\/534 tox
|cant|p1a: Suicune|slp
|move|p1a: Suicune|Sleep Talk|p1a: Suicune
|move|p1a: Suicune|Scald|p2a: Alomomola|[from]Sleep Talk
|-resisted|p2a: Alomomola
|-damage|p2a: Alomomola|195\/534 tox
|
|-heal|p2a: Alomomola|228\/534 tox|[from] item: Leftovers
|-damage|p2a: Alomomola|195\/534 tox|[from] psn
|turn|61
|
|-curestatus|p1a: Suicune|slp
|move|p1a: Suicune|Scald|p2a: Alomomola
|-resisted|p2a: Alomomola
|-damage|p2a: Alomomola|0 fnt
|faint|p2a: Alomomola
|
|
|switch|p2a: Blissey|Blissey, F|538\/714
|-status|p2a: Blissey|tox
|turn|62
|
|move|p1a: Suicune|Scald|p2a: Blissey
|-damage|p2a: Blissey|258\/714 tox
|move|p2a: Blissey|Toxic|p1a: Suicune
|-status|p1a: Suicune|tox
|
|-heal|p2a: Blissey|302\/714 tox|[from] item: Leftovers
|-damage|p1a: Suicune|307\/404 tox|[from] psn
|-damage|p2a: Blissey|258\/714 tox|[from] psn
|turn|63
|
|move|p1a: Suicune|Rest|p1a: Suicune
|-status|p1a: Suicune|slp
|-heal|p1a: Suicune|404\/404 slp|[silent]
|-status|p1a: Suicune|slp|[from] move: Rest
|move|p2a: Blissey|Soft-Boiled|p2a: Blissey
|-heal|p2a: Blissey|615\/714 tox
|
|-heal|p2a: Blissey|659\/714 tox|[from] item: Leftovers
|-damage|p2a: Blissey|571\/714 tox|[from] psn
|turn|64
|
|cant|p1a: Suicune|slp
|move|p1a: Suicune|Sleep Talk|p1a: Suicune
|move|p1a: Suicune|Rest|p1a: Suicune|[from]Sleep Talk
|-fail|p1a: Suicune
|move|p2a: Blissey|Aromatherapy|p2a: Blissey
|-cureteam|p2a: Blissey|[from] move: Aromatherapy
|
|-heal|p2a: Blissey|615\/714|[from] item: Leftovers
|turn|65
|
|cant|p1a: Suicune|slp
|move|p1a: Suicune|Sleep Talk|p1a: Suicune
|move|p1a: Suicune|Scald|p2a: Blissey|[from]Sleep Talk
|-damage|p2a: Blissey|366\/714
|-status|p2a: Blissey|brn
|move|p2a: Blissey|Toxic|p1a: Suicune
|-fail|p1a: Suicune
|
|-heal|p2a: Blissey|410\/714 brn|[from] item: Leftovers
|-damage|p2a: Blissey|321\/714 brn|[from] brn
|turn|66
|
|-curestatus|p1a: Suicune|slp
|move|p1a: Suicune|Scald|p2a: Blissey
|-damage|p2a: Blissey|35\/714 brn
|move|p2a: Blissey|Soft-Boiled|p2a: Blissey
|-heal|p2a: Blissey|392\/714 brn
|
|-heal|p2a: Blissey|436\/714 brn|[from] item: Leftovers
|-damage|p2a: Blissey|347\/714 brn|[from] brn
|turn|67
|
|move|p1a: Suicune|Scald|p2a: Blissey
|-damage|p2a: Blissey|61\/714 brn
|move|p2a: Blissey|Toxic|p1a: Suicune
|-status|p1a: Suicune|tox
|
|-heal|p2a: Blissey|105\/714 brn|[from] item: Leftovers
|-damage|p1a: Suicune|379\/404 tox|[from] psn
|-damage|p2a: Blissey|16\/714 brn|[from] brn
|turn|68
|
|move|p1a: Suicune|Scald|p2a: Blissey
|-damage|p2a: Blissey|0 fnt
|faint|p2a: Blissey
|
|-damage|p1a: Suicune|329\/404 tox|[from] psn
|
|switch|p2a: Jirachi|Jirachi|163\/341
|turn|69
|
|move|p2a: Jirachi|Zen Headbutt|p1a: Suicune
|-damage|p1a: Suicune|248\/404 tox
|move|p1a: Suicune|Scald|p2a: Jirachi
|-damage|p2a: Jirachi|0 fnt
|faint|p2a: Jirachi
|
|-damage|p1a: Suicune|173\/404 tox|[from] psn
|
|switch|p2a: Noivern|Noivern, M|311\/311
|turn|70
|
|move|p2a: Noivern|Hurricane|p1a: Suicune
|-damage|p1a: Suicune|134\/404 tox
|move|p1a: Suicune|Rest|p1a: Suicune
|-status|p1a: Suicune|slp
|-heal|p1a: Suicune|404\/404 slp|[silent]
|-status|p1a: Suicune|slp|[from] move: Rest
|
|turn|71
|-message|Adil forfeited.
|
|win|feng
|raw|Ladder updating...
|raw|Ladder (probably) updated, but score could not be retrieved (timeout).
|raw|Ladder (probably) updated, but score could not be retrieved (Error: socket hang up).
|leave|Adil
|player|p2