|join|Adil
|join|Sacri'
|player|p1|Adil|1
|player|p2|Sacri'|277
|gametype|singles
|gen|6
|tier|UU
|rated
|rule|Sleep Clause Mod: Limit one foe put to sleep
|rule|Species Clause: Limit one of each PokÃ©mon
|rule|OHKO Clause: OHKO moves are banned
|rule|Moody Clause: Moody is banned
|rule|Evasion Moves Clause: Evasion moves are banned
|rule|Endless Battle Clause: Forcing endless battles is banned
|rule|HP Percentage Mod: HP is shown in percentages
|clearpoke
|poke|p1|Lopunny, M
|poke|p1|Jirachi
|poke|p1|Alomomola, M
|poke|p1|Blissey, F
|poke|p1|Noivern, F
|poke|p1|Forretress, F
|poke|p2|Absol, F
|poke|p2|Nidoqueen, F
|poke|p2|Chandelure, M
|poke|p2|Haxorus, M
|poke|p2|Vaporeon, M
|poke|p2|Togetic, M
|rule|Swagger Clause: Swagger is banned
|rule|Baton Pass Clause: Limit one PokÃ©mon knowing Baton Pass
|teampreview
|
|start
|switch|p1a: Lopunny|Lopunny, M|271\/271
|switch|p2a: Vaporeon|Vaporeon, M|464\/464
|turn|1
|
|detailschange|p1a: Lopunny|Lopunny-Mega, M
|message|Lopunny has Mega Evolved into Mega Lopunny!
|move|p2a: Vaporeon|Protect|p2a: Vaporeon
|-singleturn|p2a: Vaporeon|Protect
|move|p1a: Lopunny|Fake Out|p2a: Vaporeon
|-activate|p2a: Vaporeon|Protect
|
|turn|2
|
|switch|p1a: Blissey|Blissey, F|714\/714
|move|p2a: Vaporeon|Scald|p1a: Blissey
|-damage|p1a: Blissey|636\/714
|
|-heal|p1a: Blissey|680\/714|[from] item: Leftovers
|turn|3
|
|switch|p2a: Chandelure|Chandelure, M|262\/262
|switch|p1a: Jirachi|Jirachi|341\/341
|
|turn|4
|
|move|p1a: Jirachi|U-turn|p2a: Chandelure
|-resisted|p2a: Chandelure
|-damage|p2a: Chandelure|242\/262
|
|switch|p1a: Blissey|Blissey, F|680\/714
|move|p2a: Chandelure|Shadow Ball|p1a: Blissey
|-immune|p1a: Blissey|[msg]
|
|-heal|p2a: Chandelure|258\/262|[from] item: Leftovers
|-heal|p1a: Blissey|714\/714|[from] item: Leftovers
|turn|5
|
|switch|p1a: Noivern|Noivern, F|311\/311
|move|p2a: Chandelure|Substitute|p2a: Chandelure
|-start|p2a: Chandelure|Substitute
|-damage|p2a: Chandelure|193\/262
|
|-heal|p2a: Chandelure|209\/262|[from] item: Leftovers
|turn|6
|
|switch|p2a: Togetic|Togetic, M|314\/314
|move|p1a: Noivern|Draco Meteor|p2a: Togetic
|-immune|p2a: Togetic|[msg]
|
|turn|7
|
|switch|p1a: Jirachi|Jirachi|341\/341
|switch|p2a: Chandelure|Chandelure, M|209\/262
|
|-heal|p2a: Chandelure|225\/262|[from] item: Leftovers
|turn|8
|
|move|p1a: Jirachi|Zen Headbutt|p2a: Chandelure
|-damage|p2a: Chandelure|105\/262
|cant|p2a: Chandelure|flinch
|
|-heal|p2a: Chandelure|121\/262|[from] item: Leftovers
|turn|9
|
|switch|p2a: Requiem|Absol, F|271\/271
|move|p1a: Jirachi|Zen Headbutt|p2a: Requiem
|-immune|p2a: Requiem|[msg]
|
|turn|10
|
|switch|p1a: Lopunny|Lopunny-Mega, M|271\/271
|detailschange|p2a: Requiem|Absol-Mega, F
|message|Absol has Mega Evolved into Mega Absol!
|move|p2a: Requiem|Knock Off|p1a: Lopunny
|-resisted|p1a: Lopunny
|-damage|p1a: Lopunny|209\/271
|
|turn|11
|
|switch|p2a: Togetic|Togetic, M|314\/314
|move|p1a: Lopunny|Frustration|p2a: Togetic
|-damage|p2a: Togetic|169\/314
|
|turn|12
|
|switch|p1a: Jirachi|Jirachi|341\/341
|move|p2a: Togetic|Thunder Wave|p1a: Jirachi
|-status|p1a: Jirachi|par
|
|turn|13
|
|switch|p1a: Lopunny|Lopunny-Mega, M|209\/271
|move|p2a: Togetic|Roost|p2a: Togetic
|-heal|p2a: Togetic|314\/314
|
|turn|14
|
|switch|p1a: Blissey|Blissey, F|714\/714
|move|p2a: Togetic|Thunder Wave|p1a: Blissey
|-status|p1a: Blissey|par
|
|turn|15
|
|switch|p2a: Requiem|Absol-Mega, F|271\/271
|switch|p1a: Lopunny|Lopunny-Mega, M|209\/271
|
|turn|16
|join|Tom Yabo
|
|switch|p2a: Togetic|Togetic, M|314\/314
|move|p1a: Lopunny|Frustration|p2a: Togetic
|-damage|p2a: Togetic|182\/314
|
|turn|17
|
|switch|p1a: Blissey|Blissey, F|714\/714
|move|p2a: Togetic|Thunder Wave|p1a: Blissey
|-status|p1a: Blissey|par
|
|turn|18
|
|move|p2a: Togetic|Roost|p2a: Togetic
|-heal|p2a: Togetic|314\/314
|move|p1a: Blissey|Aromatherapy|p1a: Blissey
|-cureteam|p1a: Blissey|[from] move: Aromatherapy
|
|turn|19
|c| Tom Yabo|Is that adamant?
|c|âAdil|n
|
|switch|p1a: Forretress|Forretress, F|354\/354
|move|p2a: Togetic|Thunder Wave|p1a: Forretress
|-status|p1a: Forretress|par
|
|turn|20
|c| Tom Yabo|Bunny needs a ban imo
|
|switch|p2a: Chandelure|Chandelure, M|121\/262
|switch|p1a: Noivern|Noivern, F|311\/311
|
|-heal|p2a: Chandelure|137\/262|[from] item: Leftovers
|turn|21
|
|switch|p2a: Togetic|Togetic, M|314\/314
|move|p1a: Noivern|Switcheroo|p2a: Togetic
|-activate|p1a: Noivern|move: Trick|[of] p2a: Togetic
|-item|p2a: Togetic|Choice Specs|[from] Trick
|-item|p1a: Noivern|Eviolite|[from] Trick
|
|turn|22
|
|move|p1a: Noivern|U-turn|p2a: Togetic
|-resisted|p2a: Togetic
|-damage|p2a: Togetic|305\/314
|
|switch|p1a: Blissey|Blissey, F|714\/714
|move|p2a: Togetic|Thunder Wave|p1a: Blissey
|-status|p1a: Blissey|par
|
|turn|23
|
|switch|p1a: Lopunny|Lopunny-Mega, M|209\/271
|move|p2a: Togetic|Thunder Wave|p1a: Lopunny
|-status|p1a: Lopunny|par
|
|turn|24
|join|Sergeant Kitten
|
|move|p2a: Togetic|Thunder Wave|p1a: Lopunny
|-fail|p1a: Lopunny|par
|cant|p1a: Lopunny|par
|
|turn|25
|
|switch|p1a: Blissey|Blissey, F|714\/714
|move|p2a: Togetic|Thunder Wave|p1a: Blissey
|-status|p1a: Blissey|par
|
|turn|26
|
|switch|p2a: Requiem|Absol-Mega, F|271\/271
|move|p1a: Blissey|Aromatherapy|p1a: Blissey
|-cureteam|p1a: Blissey|[from] move: Aromatherapy
|
|turn|27
|
|switch|p1a: Noivern|Noivern, F|311\/311
|move|p2a: Requiem|Play Rough|p1a: Noivern
|-supereffective|p1a: Noivern
|-damage|p1a: Noivern|49\/311
|
|turn|28
|
|switch|p1a: Lopunny|Lopunny-Mega, M|209\/271
|move|p2a: Requiem|Sucker Punch|p1a: Lopunny
|-fail|p1a: Lopunny
|
|turn|29
|
|switch|p2a: Togetic|Togetic, M|305\/314
|move|p1a: Lopunny|Frustration|p2a: Togetic
|-damage|p2a: Togetic|86\/314
|
|turn|30
|
|move|p1a: Lopunny|Frustration|p2a: Togetic
|-damage|p2a: Togetic|0 fnt
|faint|p2a: Togetic
|
|
|switch|p2a: Vaporeon|Vaporeon, M|464\/464
|turn|31
|
|switch|p1a: Blissey|Blissey, F|714\/714
|move|p2a: Vaporeon|Scald|p1a: Blissey
|-damage|p1a: Blissey|639\/714
|-status|p1a: Blissey|brn
|
|-heal|p1a: Blissey|683\/714 brn|[from] item: Leftovers
|-damage|p1a: Blissey|594\/714 brn|[from] brn
|turn|32
|
|switch|p2a: Nidoqueen|Nidoqueen, F|384\/384
|switch|p1a: Lopunny|Lopunny-Mega, M|209\/271
|
|turn|33
|
|move|p1a: Lopunny|Fake Out|p2a: Nidoqueen
|-damage|p2a: Nidoqueen|300\/384
|cant|p2a: Nidoqueen|flinch
|
|turn|34
|leave|Tom Yabo
|
|switch|p1a: Blissey|Blissey, F|594\/714
|move|p2a: Nidoqueen|Sludge Wave|p1a: Blissey
|-damage|p1a: Blissey|421\/714
|
|-heal|p1a: Blissey|465\/714|[from] item: Leftovers
|turn|35
|
|switch|p1a: Forretress|Forretress, F|354\/354
|move|p2a: Nidoqueen|Stealth Rock|p1a: Forretress
|-sidestart|p1: Adil|move: Stealth Rock
|
|turn|36
|
|move|p2a: Nidoqueen|Earth Power|p1a: Forretress
|-damage|p1a: Forretress|38\/354
|move|p1a: Forretress|Rapid Spin|p2a: Nidoqueen
|-damage|p2a: Nidoqueen|282\/384
|-sideend|p1: Adil|Stealth Rock|[from] move: Rapid Spin|[of] p1a: Forretress
|
|-heal|p1a: Forretress|60\/354|[from] item: Leftovers
|turn|37
|
|move|p2a: Nidoqueen|Ice Beam|p1a: Forretress
|-resisted|p1a: Forretress
|-damage|p1a: Forretress|0 fnt
|faint|p1a: Forretress
|
|
|switch|p1a: Lopunny|Lopunny-Mega, M|209\/271
|turn|38
|
|move|p1a: Lopunny|Fake Out|p2a: Nidoqueen
|-damage|p2a: Nidoqueen|191\/384
|cant|p2a: Nidoqueen|flinch
|
|turn|39
|
|move|p1a: Lopunny|Frustration|p2a: Nidoqueen
|-damage|p2a: Nidoqueen|0 fnt
|faint|p2a: Nidoqueen
|
|
|switch|p2a: Vaporeon|Vaporeon, M|464\/464
|turn|40
|
|switch|p1a: Blissey|Blissey, F|465\/714
|move|p2a: Vaporeon|Scald|p1a: Blissey
|-damage|p1a: Blissey|389\/714
|
|-heal|p1a: Blissey|433\/714|[from] item: Leftovers
|turn|41
|
|switch|p1a: Lopunny|Lopunny-Mega, M|209\/271
|move|p2a: Vaporeon|Scald|p1a: Lopunny
|-damage|p1a: Lopunny|100\/271
|-status|p1a: Lopunny|brn
|
|-damage|p1a: Lopunny|67\/271 brn|[from] brn
|turn|42
|
|switch|p1a: Blissey|Blissey, F|433\/714
|switch|p2a: Chandelure|Chandelure, M|137\/262
|
|-heal|p2a: Chandelure|153\/262|[from] item: Leftovers
|-heal|p1a: Blissey|477\/714|[from] item: Leftovers
|turn|43
|
|switch|p1a: Noivern|Noivern, F|49\/311
|move|p2a: Chandelure|Substitute|p2a: Chandelure
|-start|p2a: Chandelure|Substitute
|-damage|p2a: Chandelure|88\/262
|
|-heal|p2a: Chandelure|104\/262|[from] item: Leftovers
|turn|44
|
|switch|p2a: Vaporeon|Vaporeon, M|464\/464
|move|p1a: Noivern|Draco Meteor|p2a: Vaporeon
|-damage|p2a: Vaporeon|274\/464
|-unboost|p1a: Noivern|spa|2
|
|-heal|p2a: Vaporeon|303\/464|[from] item: Leftovers
|turn|45
|
|switch|p1a: Blissey|Blissey, F|477\/714
|switch|p2a: Chandelure|Chandelure, M|104\/262
|
|-heal|p2a: Chandelure|120\/262|[from] item: Leftovers
|-heal|p1a: Blissey|521\/714|[from] item: Leftovers
|turn|46
|
|move|p2a: Chandelure|Substitute|p2a: Chandelure
|-start|p2a: Chandelure|Substitute
|-damage|p2a: Chandelure|55\/262
|move|p1a: Blissey|Aromatherapy|p1a: Blissey
|-cureteam|p1a: Blissey|[from] move: Aromatherapy
|
|-heal|p2a: Chandelure|71\/262|[from] item: Leftovers
|-heal|p1a: Blissey|565\/714|[from] item: Leftovers
|turn|47
|
|switch|p1a: Noivern|Noivern, F|49\/311
|move|p2a: Chandelure|Shadow Ball|p1a: Noivern
|-damage|p1a: Noivern|0 fnt
|faint|p1a: Noivern
|
|-heal|p2a: Chandelure|87\/262|[from] item: Leftovers
|
|switch|p1a: Jirachi|Jirachi|341\/341
|turn|48
|
|move|p1a: Jirachi|Zen Headbutt|p2a: Chandelure
|-end|p2a: Chandelure|Substitute
|move|p2a: Chandelure|Fire Blast|p1a: Jirachi
|-supereffective|p1a: Jirachi
|-damage|p1a: Jirachi|0 fnt
|faint|p1a: Jirachi
|
|-heal|p2a: Chandelure|103\/262|[from] item: Leftovers
|
|switch|p1a: Lopunny|Lopunny-Mega, M|67\/271
|turn|49
|
|switch|p2a: Vaporeon|Vaporeon, M|303\/464
|move|p1a: Lopunny|Frustration|p2a: Vaporeon
|-damage|p2a: Vaporeon|122\/464
|
|-heal|p2a: Vaporeon|151\/464|[from] item: Leftovers
|turn|50
|
|move|p2a: Vaporeon|Protect|p2a: Vaporeon
|-singleturn|p2a: Vaporeon|Protect
|move|p1a: Lopunny|Frustration|p2a: Vaporeon
|-activate|p2a: Vaporeon|Protect
|
|-heal|p2a: Vaporeon|180\/464|[from] item: Leftovers
|turn|51
|
|move|p1a: Lopunny|High Jump Kick|p2a: Vaporeon
|-damage|p2a: Vaporeon|0 fnt
|faint|p2a: Vaporeon
|
|
|switch|p2a: Requiem|Absol-Mega, F|271\/271
|turn|52
|
|move|p1a: Lopunny|Fake Out|p2a: Requiem
|-hint|Fake Out only works on your first turn out.
|-fail|p2a: Requiem
|move|p2a: Requiem|Sucker Punch|p1a: Lopunny
|-fail|p1a: Lopunny
|
|turn|53
|
|move|p2a: Requiem|Sucker Punch|p1a: Lopunny
|-resisted|p1a: Lopunny
|-damage|p1a: Lopunny|0 fnt
|faint|p1a: Lopunny
|
|
|switch|p1a: Alomomola|Alomomola, M|534\/534
|turn|54
|
|move|p2a: Requiem|Swords Dance|p2a: Requiem
|-boost|p2a: Requiem|atk|2
|move|p1a: Alomomola|Scald|p2a: Requiem
|-crit|p2a: Requiem
|-damage|p2a: Requiem|163\/271
|
|turn|55
|
|move|p2a: Requiem|Knock Off|p1a: Alomomola
|-damage|p1a: Alomomola|194\/534
|-enditem|p1a: Alomomola|Leftovers|[from] move: Knock Off|[of] p2a: Requiem
|move|p1a: Alomomola|Scald|p2a: Requiem
|-damage|p2a: Requiem|88\/271
|-status|p2a: Requiem|brn
|
|-damage|p2a: Requiem|55\/271 brn|[from] brn
|turn|56
|
|move|p1a: Alomomola|Protect|p1a: Alomomola
|-singleturn|p1a: Alomomola|Protect
|move|p2a: Requiem|Swords Dance|p2a: Requiem
|-boost|p2a: Requiem|atk|2
|
|-damage|p2a: Requiem|22\/271 brn|[from] brn
|turn|57
|
|switch|p1a: Blissey|Blissey, F|565\/714
|move|p2a: Requiem|Knock Off|p1a: Blissey
|-damage|p1a: Blissey|76\/714
|-enditem|p1a: Blissey|Leftovers|[from] move: Knock Off|[of] p2a: Requiem
|
|-damage|p2a: Requiem|0 fnt|[from] brn
|faint|p2a: Requiem
|
|switch|p2a: Chandelure|Chandelure, M|103\/262
|turn|58
|
|switch|p1a: Alomomola|Alomomola, M|372\/534
|move|p2a: Chandelure|Substitute|p2a: Chandelure
|-start|p2a: Chandelure|Substitute
|-damage|p2a: Chandelure|38\/262
|
|-heal|p2a: Chandelure|54\/262|[from] item: Leftovers
|turn|59
|-message|Adil forfeited.
|
|win|Sacri'
|raw|Ladder updating...
|leave|Adil
|player|p1
|raw|Adil's rating: 1555 &rarr; <strong>1532<\/strong><br \/>(-23 for losing)
|raw|Sacri&apos;'s rating: 1496 &rarr; <strong>1520<\/strong><br \/>(+24 for winning)
|join|majaspic22
|join|Magicookie