|join|Adil
|join|Eren Swaeger
|player|p1|Adil|1
|player|p2|Eren Swaeger|294
|gametype|singles
|gen|6
|tier|UU
|rule|Sleep Clause Mod: Limit one foe put to sleep
|rule|Species Clause: Limit one of each PokÃ©mon
|rule|OHKO Clause: OHKO moves are banned
|rule|Moody Clause: Moody is banned
|rule|Evasion Moves Clause: Evasion moves are banned
|rule|Endless Battle Clause: Forcing endless battles is banned
|rule|HP Percentage Mod: HP is shown in percentages
|clearpoke
|poke|p1|Blissey, F
|poke|p1|Chesnaught, F
|poke|p1|Darmanitan, F
|poke|p1|Aggron, F
|poke|p1|Suicune
|poke|p1|Donphan, F
|poke|p2|Azelf
|poke|p2|Suicune
|poke|p2|Toxicroak, F
|poke|p2|Chandelure, M
|poke|p2|Donphan, F
|poke|p2|Porygon-Z
|rule|Swagger Clause: Swagger is banned
|rule|Baton Pass Clause: Limit one PokÃ©mon knowing Baton Pass
|teampreview
|c|âAdil|this is an old team
|c|âEren Swaeger|o
|c|âEren Swaeger|That's nice to know... I guess
|
|start
|switch|p1a: Aggron|Aggron, F|344\/344
|switch|p2a: Azelf|Azelf|292\/292
|turn|1
|
|detailschange|p1a: Aggron|Aggron-Mega, F
|message|Aggron has Mega Evolved into Mega Aggron!
|move|p2a: Azelf|Taunt|p1a: Aggron
|-start|p1a: Aggron|move: Taunt
|move|p1a: Aggron|Heavy Slam|p2a: Azelf
|-enditem|p2a: Azelf|Focus Sash
|-damage|p2a: Azelf|1\/292
|
|turn|2
|
|move|p2a: Azelf|Stealth Rock|p1a: Aggron
|-sidestart|p1: Adil|move: Stealth Rock
|move|p1a: Aggron|Heavy Slam|p2a: Azelf
|-damage|p2a: Azelf|0 fnt
|faint|p2a: Azelf
|
|
|switch|p2a: Donphan|Donphan, F|384\/384
|turn|3
|
|switch|p1a: Chesnaught|Chesnaught, F|380\/380
|-damage|p1a: Chesnaught|357\/380|[from] Stealth Rock
|move|p2a: Donphan|Earthquake|p1a: Chesnaught
|-crit|p1a: Chesnaught
|-resisted|p1a: Chesnaught
|-damage|p1a: Chesnaught|268\/380
|
|-heal|p1a: Chesnaught|291\/380|[from] item: Leftovers
|turn|4
|c|âAdil|crit mattered imo tbh
|
|move|p1a: Chesnaught|Leech Seed|p2a: Donphan
|-start|p2a: Donphan|move: Leech Seed
|move|p2a: Donphan|Rapid Spin|p1a: Chesnaught
|-damage|p1a: Chesnaught|275\/380
|-end|p2a: Donphan|Leech Seed|[from] move: Rapid Spin|[of] p2a: Donphan
|
|-heal|p1a: Chesnaught|298\/380|[from] item: Leftovers
|turn|5
|
|switch|p2a: Chandelure|Chandelure, M|261\/261
|move|p1a: Chesnaught|Leech Seed|p2a: Chandelure
|-start|p2a: Chandelure|move: Leech Seed
|
|-heal|p1a: Chesnaught|321\/380|[from] item: Leftovers
|-damage|p2a: Chandelure|229\/261|[from] Leech Seed|[of] p1a: Chesnaught
|-heal|p1a: Chesnaught|353\/380|[silent]
|turn|6
|
|switch|p2a: Toxicroak|Toxicroak, F|308\/308
|move|p1a: Chesnaught|Spiky Shield|p1a: Chesnaught
|-fail|p1a: Chesnaught
|
|-heal|p1a: Chesnaught|376\/380|[from] item: Leftovers
|turn|7
|
|switch|p1a: Donphan|Donphan, F|384\/384
|-damage|p1a: Donphan|360\/384|[from] Stealth Rock
|move|p2a: Toxicroak|Swords Dance|p2a: Toxicroak
|-boost|p2a: Toxicroak|atk|2
|
|-heal|p1a: Donphan|384\/384|[from] item: Leftovers
|turn|8
|
|move|p2a: Toxicroak|Drain Punch|p1a: Donphan
|-damage|p1a: Donphan|189\/384
|move|p1a: Donphan|Rapid Spin|p2a: Toxicroak
|-damage|p2a: Toxicroak|272\/308
|-sideend|p1: Adil|Stealth Rock|[from] move: Rapid Spin|[of] p1a: Donphan
|
|-heal|p2a: Toxicroak|291\/308|[from] item: Black Sludge
|-heal|p1a: Donphan|213\/384|[from] item: Leftovers
|turn|9
|c|âAdil|Y U STAY IN
|
|move|p2a: Toxicroak|Drain Punch|p1a: Donphan
|-damage|p1a: Donphan|6\/384
|-heal|p2a: Toxicroak|308\/308|[from] drain|[of] p1a: Donphan
|move|p1a: Donphan|Knock Off|p2a: Toxicroak
|-resisted|p2a: Toxicroak
|-damage|p2a: Toxicroak|220\/308
|-enditem|p2a: Toxicroak|Black Sludge|[from] move: Knock Off|[of] p1a: Donphan
|
|-heal|p1a: Donphan|30\/384|[from] item: Leftovers
|turn|10
|c|âAdil|WTH
|c|âAdil|Y WOULD U STAY IN
|
|move|p2a: Toxicroak|Drain Punch|p1a: Donphan
|-damage|p1a: Donphan|0 fnt
|-heal|p2a: Toxicroak|235\/308|[from] drain|[of] p1a: Donphan
|faint|p1a: Donphan
|
|
|switch|p1a: Aggron|Aggron-Mega, F|344\/344
|turn|11
|c|âEren Swaeger|Because
|c|âEren Swaeger|I'm a risk taker
|c|âAdil|OMF
|c|âAdil|~~OR A N00B~~
|c|âEren Swaeger|Besids
|c|âEren Swaeger|What could I have went into
|c|âAdil|suicune .-.
|c|âEren Swaeger|Donphan (mine) gets 2hko
|c|âEren Swaeger|I 3hko you because of leftys
|
|move|p2a: Toxicroak|Drain Punch|p1a: Aggron
|-crit|p1a: Aggron
|-supereffective|p1a: Aggron
|-damage|p1a: Aggron|82\/344
|-heal|p2a: Toxicroak|308\/308|[from] drain|[of] p1a: Aggron
|move|p1a: Aggron|Heavy Slam|p2a: Toxicroak
|-damage|p2a: Toxicroak|0 fnt
|faint|p2a: Toxicroak
|
|c|âAdil|mfw crit
|c|âEren Swaeger|Heavy af
|
|switch|p2a: Suicune|Suicune|404\/404
|-ability|p2a: Suicune|Pressure
|turn|12
|c|âAdil|no u
|
|switch|p1a: Chesnaught|Chesnaught, F|376\/380
|move|p2a: Suicune|Calm Mind|p2a: Suicune
|-boost|p2a: Suicune|spa|1
|-boost|p2a: Suicune|spd|1
|
|-heal|p1a: Chesnaught|380\/380|[from] item: Leftovers
|turn|13
|
|move|p2a: Suicune|Ice Beam|p1a: Chesnaught
|-supereffective|p1a: Chesnaught
|-damage|p1a: Chesnaught|112\/380
|move|p1a: Chesnaught|Leech Seed|p2a: Suicune
|-start|p2a: Suicune|move: Leech Seed
|
|-heal|p1a: Chesnaught|135\/380|[from] item: Leftovers
|-damage|p2a: Suicune|354\/404|[from] Leech Seed|[of] p1a: Chesnaught
|-heal|p1a: Chesnaught|185\/380|[silent]
|turn|14
|
|move|p1a: Chesnaught|Spiky Shield|p1a: Chesnaught
|-singleturn|p1a: Chesnaught|move: Protect
|move|p2a: Suicune|Calm Mind|p2a: Suicune
|-boost|p2a: Suicune|spa|1
|-boost|p2a: Suicune|spd|1
|
|-heal|p2a: Suicune|379\/404|[from] item: Leftovers
|-heal|p1a: Chesnaught|208\/380|[from] item: Leftovers
|-damage|p2a: Suicune|329\/404|[from] Leech Seed|[of] p1a: Chesnaught
|-heal|p1a: Chesnaught|258\/380|[silent]
|turn|15
|
|switch|p1a: Blissey|Blissey, F|714\/714
|move|p2a: Suicune|Ice Beam|p1a: Blissey
|-damage|p1a: Blissey|622\/714
|
|-heal|p2a: Suicune|354\/404|[from] item: Leftovers
|-heal|p1a: Blissey|666\/714|[from] item: Leftovers
|-damage|p2a: Suicune|304\/404|[from] Leech Seed|[of] p1a: Blissey
|-heal|p1a: Blissey|714\/714|[silent]
|turn|16
|
|switch|p2a: Donphan|Donphan, F|384\/384
|move|p1a: Blissey|Toxic|p2a: Donphan|[miss]
|-miss|p1a: Blissey|p2a: Donphan
|
|turn|17
|c|âAdil|i call bs
|c|âAdil|e.e
|
|switch|p1a: Suicune|Suicune|404\/404
|-ability|p1a: Suicune|Pressure
|move|p2a: Donphan|Earthquake|p1a: Suicune
|-damage|p1a: Suicune|278\/404
|
|-heal|p1a: Suicune|303\/404|[from] item: Leftovers
|turn|18
|
|move|p1a: Suicune|Scald|p2a: Donphan
|-supereffective|p2a: Donphan
|-damage|p2a: Donphan|214\/384
|move|p2a: Donphan|Knock Off|p1a: Suicune
|-damage|p1a: Suicune|230\/404
|-enditem|p1a: Suicune|Leftovers|[from] move: Knock Off|[of] p2a: Donphan
|
|turn|19
|
|move|p1a: Suicune|Scald|p2a: Donphan
|-supereffective|p2a: Donphan
|-damage|p2a: Donphan|50\/384
|move|p2a: Donphan|Earthquake|p1a: Suicune
|-damage|p1a: Suicune|110\/404
|
|turn|20
|
|move|p1a: Suicune|Scald|p2a: Donphan
|-supereffective|p2a: Donphan
|-damage|p2a: Donphan|0 fnt
|faint|p2a: Donphan
|
|
|switch|p2a: Porygon-Z|Porygon-Z|311\/311
|turn|21
|
|switch|p1a: Aggron|Aggron-Mega, F|82\/344
|move|p2a: Porygon-Z|Tri Attack|p1a: Aggron
|-resisted|p1a: Aggron
|-damage|p1a: Aggron|0 fnt
|faint|p1a: Aggron
|
|
|switch|p1a: Blissey|Blissey, F|714\/714
|turn|22
|
|move|p2a: Porygon-Z|Tri Attack|p1a: Blissey
|-damage|p1a: Blissey|496\/714
|move|p1a: Blissey|Toxic|p2a: Porygon-Z
|-status|p2a: Porygon-Z|tox
|
|-heal|p1a: Blissey|540\/714|[from] item: Leftovers
|-damage|p2a: Porygon-Z|292\/311 tox|[from] psn
|turn|23
|
|move|p2a: Porygon-Z|Tri Attack|p1a: Blissey
|-crit|p1a: Blissey
|-damage|p1a: Blissey|172\/714
|move|p1a: Blissey|Toxic|p2a: Porygon-Z
|-fail|p2a: Porygon-Z|tox
|
|-heal|p1a: Blissey|216\/714|[from] item: Leftovers
|-damage|p2a: Porygon-Z|254\/311 tox|[from] psn
|turn|24
|c|âAdil|i call bs
|c|âEren Swaeger|O-O
|c|âEren Swaeger|No
|c|âEren Swaeger|you just [redicted wrong
|c|âAdil|e.e
|
|move|p2a: Porygon-Z|Tri Attack|p1a: Blissey
|-damage|p1a: Blissey|0 fnt
|faint|p1a: Blissey
|
|-damage|p2a: Porygon-Z|197\/311 tox|[from] psn
|
|switch|p1a: Darmanitan|Darmanitan, F|351\/351
|turn|25
|c|âEren Swaeger|*predicted
|
|move|p1a: Darmanitan|Earthquake|p2a: Porygon-Z
|-crit|p2a: Porygon-Z
|-damage|p2a: Porygon-Z|0 fnt
|faint|p2a: Porygon-Z
|
|
|switch|p2a: Suicune|Suicune|304\/404
|-ability|p2a: Suicune|Pressure
|turn|26
|c|âEren Swaeger|Crit mattered
|c|âEren Swaeger|wtf
|
|move|p1a: Darmanitan|Earthquake|p2a: Suicune
|-damage|p2a: Suicune|184\/404
|move|p2a: Suicune|Calm Mind|p2a: Suicune
|-boost|p2a: Suicune|spa|1
|-boost|p2a: Suicune|spd|1
|
|-heal|p2a: Suicune|209\/404|[from] item: Leftovers
|turn|27
|
|switch|p1a: Chesnaught|Chesnaught, F|258\/380
|move|p2a: Suicune|Scald|p1a: Chesnaught
|-resisted|p1a: Chesnaught
|-damage|p1a: Chesnaught|182\/380
|
|-heal|p2a: Suicune|234\/404|[from] item: Leftovers
|-heal|p1a: Chesnaught|205\/380|[from] item: Leftovers
|turn|28
|
|move|p1a: Chesnaught|Spiky Shield|p1a: Chesnaught
|-singleturn|p1a: Chesnaught|move: Protect
|move|p2a: Suicune|Ice Beam|p1a: Chesnaught
|-activate|p1a: Chesnaught|move: Protect
|
|-heal|p2a: Suicune|259\/404|[from] item: Leftovers
|-heal|p1a: Chesnaught|228\/380|[from] item: Leftovers
|turn|29
|
|move|p2a: Suicune|Scald|p1a: Chesnaught
|-resisted|p1a: Chesnaught
|-damage|p1a: Chesnaught|141\/380
|-status|p1a: Chesnaught|brn
|move|p1a: Chesnaught|Leech Seed|p2a: Suicune|[miss]
|-miss|p1a: Chesnaught|p2a: Suicune
|
|-heal|p2a: Suicune|284\/404|[from] item: Leftovers
|-heal|p1a: Chesnaught|164\/380 brn|[from] item: Leftovers
|-damage|p1a: Chesnaught|117\/380 brn|[from] brn
|turn|30
|c|âAdil|wow
|c|âAdil|fk u friendshit
|c|âAdil|i gtg anyways
|c|âAdil|e,e
|c|âEren Swaeger|ok
|c|âEren Swaeger|bye
|c|âAdil|cya e.e
|leave|Adil
|player|p1
|c|âEren Swaeger|wait
|-message|Player 1 lost due to inactivity.
|
|win|Eren Swaeger