|join|HPrior
|join|Fuck Destiny
|player|p1|HPrior|37
|player|p2|Fuck Destiny|115
|gametype|singles
|gen|6
|tier|OU
|rated
|clearpoke
|poke|p1|Alakazam, F
|poke|p1|Bisharp, F
|poke|p1|Rotom-Wash
|poke|p1|Talonflame, F
|poke|p1|Starmie
|poke|p1|Ferrothorn, M
|poke|p2|Altaria, F
|poke|p2|Landorus-Therian, M
|poke|p2|Gothitelle, M
|poke|p2|Heatran, M
|poke|p2|Breloom, M
|poke|p2|Greninja, M, shiny
|rule|Swagger Clause: Swagger is banned
|rule|Baton Pass Clause: Limit one PokÃ©mon knowing Baton Pass
|rule|Sleep Clause Mod: Limit one foe put to sleep
|rule|Species Clause: Limit one of each PokÃ©mon
|rule|OHKO Clause: OHKO moves are banned
|rule|Moody Clause: Moody is banned
|rule|Evasion Moves Clause: Evasion moves are banned
|rule|Endless Battle Clause: Forcing endless battles is banned
|rule|HP Percentage Mod: HP is shown in percentages
|teampreview
|join|Quavo The Magician
|
|start
|switch|p1a: Rotom-Wash|Rotom-Wash|303\/303
|switch|p2a: Breloom|Breloom, M|262\/262
|turn|1
|
|switch|p2a: Gothitelle|Gothitelle, M|301\/301
|switch|p1a: Ferrothorn|Ferrothorn, M|351\/351
|
|turn|2
|
|move|p2a: Gothitelle|Hidden Power|p1a: Ferrothorn
|-supereffective|p1a: Ferrothorn
|-damage|p1a: Ferrothorn|175\/351
|move|p1a: Ferrothorn|Gyro Ball|p2a: Gothitelle
|-damage|p2a: Gothitelle|112\/301
|
|-heal|p1a: Ferrothorn|196\/351|[from] item: Leftovers
|turn|3
|
|move|p2a: Gothitelle|Hidden Power|p1a: Ferrothorn
|-supereffective|p1a: Ferrothorn
|-damage|p1a: Ferrothorn|12\/351
|move|p1a: Ferrothorn|Stealth Rock|p2a: Gothitelle
|-sidestart|p2: Fuck Destiny|move: Stealth Rock
|
|-heal|p1a: Ferrothorn|33\/351|[from] item: Leftovers
|turn|4
|
|move|p2a: Gothitelle|Hidden Power|p1a: Ferrothorn
|-supereffective|p1a: Ferrothorn
|-damage|p1a: Ferrothorn|0 fnt
|faint|p1a: Ferrothorn
|
|
|switch|p1a: Bisharp|Bisharp, F|272\/272
|turn|5
|
|move|p2a: Gothitelle|Hidden Power|p1a: Bisharp
|-supereffective|p1a: Bisharp
|-damage|p1a: Bisharp|128\/272
|move|p1a: Bisharp|Pursuit|p2a: Gothitelle
|-supereffective|p2a: Gothitelle
|-damage|p2a: Gothitelle|0 fnt
|-damage|p1a: Bisharp|101\/272|[from] item: Life Orb
|faint|p2a: Gothitelle
|
|
|switch|p2a: Breloom|Breloom, M|262\/262
|-damage|p2a: Breloom|246\/262|[from] Stealth Rock
|turn|6
|
|move|p2a: Breloom|Spore|p1a: Bisharp
|-status|p1a: Bisharp|slp
|cant|p1a: Bisharp|slp
|
|turn|7
|
|move|p2a: Breloom|Bullet Seed|p1a: Bisharp
|-crit|p1a: Bisharp
|-resisted|p1a: Bisharp
|-damage|p1a: Bisharp|55\/272 slp
|-resisted|p1a: Bisharp
|-damage|p1a: Bisharp|19\/272 slp
|-hitcount|p1a: Bisharp|2
|-curestatus|p1a: Bisharp|slp
|move|p1a: Bisharp|Iron Head|p2a: Breloom
|-damage|p2a: Breloom|0 fnt
|-damage|p1a: Bisharp|0 fnt|[from] item: Life Orb
|faint|p2a: Breloom
|faint|p1a: Bisharp
|
|
|switch|p1a: Alakazam|Alakazam, F|252\/252
|switch|p2a: Altaria|Altaria, F|291\/291
|-damage|p2a: Altaria|219\/291|[from] Stealth Rock
|turn|8
|
|switch|p2a: Heatran|Heatran, M|386\/386
|-damage|p2a: Heatran|338\/386|[from] Stealth Rock
|detailschange|p1a: Alakazam|Alakazam-Mega, F
|message|Alakazam has Mega Evolved into Mega Alakazam!
|-ability|p1a: Alakazam|Flash Fire|[from] ability: Trace|[of] p2a: Heatran
|move|p1a: Alakazam|Psyshock|p2a: Heatran
|-resisted|p2a: Heatran
|-damage|p2a: Heatran|266\/386
|
|-heal|p2a: Heatran|290\/386|[from] item: Leftovers
|turn|9
|
|move|p1a: Alakazam|Focus Blast|p2a: Heatran
|-supereffective|p2a: Heatran
|-damage|p2a: Heatran|0 fnt
|faint|p2a: Heatran
|
|
|switch|p2a: Landorus-Therian|Landorus-Therian, M|325\/325
|-damage|p2a: Landorus-Therian|285\/325|[from] Stealth Rock
|-ability|p2a: Landorus-Therian|Intimidate|[of] p1a: Alakazam
|-unboost|p1a: Alakazam|atk|1
|turn|10
|
|move|p2a: Landorus-Therian|Earthquake|p1a: Alakazam
|-damage|p1a: Alakazam|0 fnt
|faint|p1a: Alakazam
|
|
|switch|p1a: Talonflame|Talonflame, F|359\/359
|turn|11
|
|switch|p2a: Greninja|Greninja, M, shiny|285\/285
|-damage|p2a: Greninja|250\/285|[from] Stealth Rock
|move|p1a: Talonflame|Bulk Up|p1a: Talonflame
|-boost|p1a: Talonflame|atk|1
|-boost|p1a: Talonflame|def|1
|
|turn|12
|
|move|p1a: Talonflame|Brave Bird|p2a: Greninja
|-damage|p2a: Greninja|0 fnt
|-damage|p1a: Talonflame|276\/359|[from] recoil|[of] p2a: Greninja
|faint|p2a: Greninja
|
|-heal|p1a: Talonflame|298\/359|[from] item: Leftovers
|
|switch|p2a: Landorus-Therian|Landorus-Therian, M|285\/325
|-damage|p2a: Landorus-Therian|245\/325|[from] Stealth Rock
|-ability|p2a: Landorus-Therian|Intimidate|[of] p1a: Talonflame
|-unboost|p1a: Talonflame|atk|1
|turn|13
|
|move|p1a: Talonflame|Brave Bird|p2a: Landorus-Therian
|-damage|p2a: Landorus-Therian|125\/325
|-damage|p1a: Talonflame|258\/359|[from] recoil|[of] p2a: Landorus-Therian
|move|p2a: Landorus-Therian|Stone Edge|p1a: Talonflame
|-supereffective|p1a: Talonflame
|-damage|p1a: Talonflame|0 fnt
|faint|p1a: Talonflame
|
|
|switch|p1a: Starmie|Starmie|323\/323
|turn|14
|
|move|p2a: Landorus-Therian|Stone Edge|p1a: Starmie
|-damage|p1a: Starmie|165\/323
|move|p1a: Starmie|Scald|p2a: Landorus-Therian
|-supereffective|p2a: Landorus-Therian
|-damage|p2a: Landorus-Therian|0 fnt
|faint|p2a: Landorus-Therian
|
|-heal|p1a: Starmie|185\/323|[from] item: Leftovers
|
|switch|p2a: Altaria|Altaria, F|219\/291
|-damage|p2a: Altaria|147\/291|[from] Stealth Rock
|turn|15
|
|detailschange|p2a: Altaria|Altaria-Mega, F
|message|Altaria has Mega Evolved into Mega Altaria!
|move|p1a: Starmie|Psyshock|p2a: Altaria
|-damage|p2a: Altaria|54\/291
|move|p2a: Altaria|Dragon Dance|p2a: Altaria
|-boost|p2a: Altaria|atk|1
|-boost|p2a: Altaria|spe|1
|
|-heal|p1a: Starmie|205\/323|[from] item: Leftovers
|turn|16
|
|move|p2a: Altaria|Roost|p2a: Altaria
|-heal|p2a: Altaria|200\/291
|move|p1a: Starmie|Psyshock|p2a: Altaria
|-damage|p2a: Altaria|115\/291
|
|-heal|p1a: Starmie|225\/323|[from] item: Leftovers
|turn|17
|
|move|p2a: Altaria|Frustration|p1a: Starmie
|-damage|p1a: Starmie|0 fnt
|faint|p1a: Starmie
|
|
|switch|p1a: Rotom-Wash|Rotom-Wash|303\/303
|turn|18
|
|move|p2a: Altaria|Substitute|p2a: Altaria
|-start|p2a: Altaria|Substitute
|-damage|p2a: Altaria|43\/291
|move|p1a: Rotom-Wash|Will-O-Wisp|p2a: Altaria
|
|turn|19
|c|âHPrior|gg
|-message|HPrior forfeited.
|
|win|Fuck Destiny
|raw|Ladder updating...
|leave|HPrior
|player|p1
|raw|HPrior's rating: 1441 &rarr; <strong>1419<\/strong><br \/>(-22 for losing)
|raw|Fuck Destiny's rating: 1417 &rarr; <strong>1439<\/strong><br \/>(+22 for winning)