|join|Ghislaine
|join|HPrior
|player|p1|Ghislaine|280
|player|p2|HPrior|37
|gametype|singles
|gen|6
|tier|OU
|rated
|clearpoke
|poke|p1|Manaphy
|poke|p1|Lopunny, F
|poke|p1|Gliscor, M
|poke|p1|Slowbro, F
|poke|p1|Jirachi
|poke|p1|Zapdos
|poke|p2|Alakazam, F
|poke|p2|Bisharp, M
|poke|p2|Rotom-Wash
|poke|p2|Talonflame, F
|poke|p2|Starmie
|poke|p2|Ferrothorn, M
|rule|Swagger Clause: Swagger is banned
|rule|Baton Pass Clause: Limit one PokÃ©mon knowing Baton Pass
|rule|Sleep Clause Mod: Limit one foe put to sleep
|rule|Species Clause: Limit one of each PokÃ©mon
|rule|OHKO Clause: OHKO moves are banned
|rule|Moody Clause: Moody is banned
|rule|Evasion Moves Clause: Evasion moves are banned
|rule|Endless Battle Clause: Forcing endless battles is banned
|rule|HP Percentage Mod: HP is shown in percentages
|teampreview
|
|start
|switch|p1a: Gliscor|Gliscor, M|352\/352
|switch|p2a: Rotom-Wash|Rotom-Wash|303\/303
|turn|1
|
|move|p1a: Gliscor|Taunt|p2a: Rotom-Wash
|-start|p2a: Rotom-Wash|move: Taunt
|move|p2a: Rotom-Wash|Hydro Pump|p1a: Gliscor
|-supereffective|p1a: Gliscor
|-damage|p1a: Gliscor|98\/352
|
|-status|p1a: Gliscor|tox|[from] item: Toxic Orb
|turn|2
|
|switch|p2a: Ferrothorn|Ferrothorn, M|351\/351
|move|p1a: Gliscor|Roost|p1a: Gliscor
|-heal|p1a: Gliscor|274\/352 tox
|
|-heal|p1a: Gliscor|318\/352 tox|[from] ability: Poison Heal
|turn|3
|
|switch|p2a: Starmie|Starmie|323\/323
|move|p1a: Gliscor|Taunt|p2a: Starmie
|-start|p2a: Starmie|move: Taunt
|
|-heal|p1a: Gliscor|352\/352 tox|[from] ability: Poison Heal
|turn|4
|
|switch|p1a: Jirachi|Jirachi|401\/401
|move|p2a: Starmie|Scald|p1a: Jirachi
|-damage|p1a: Jirachi|332\/401
|-status|p1a: Jirachi|brn
|
|-heal|p1a: Jirachi|357\/401 brn|[from] item: Leftovers
|-damage|p1a: Jirachi|307\/401 brn|[from] brn
|turn|5
|
|switch|p2a: Ferrothorn|Ferrothorn, M|351\/351
|switch|p1a: Zapdos|Zapdos|383\/383
|-ability|p1a: Zapdos|Pressure
|
|turn|6
|
|switch|p2a: Rotom-Wash|Rotom-Wash|303\/303
|move|p1a: Zapdos|Heat Wave|p2a: Rotom-Wash
|-resisted|p2a: Rotom-Wash
|-damage|p2a: Rotom-Wash|257\/303
|
|-heal|p2a: Rotom-Wash|275\/303|[from] item: Leftovers
|turn|7
|
|move|p1a: Zapdos|Volt Switch|p2a: Rotom-Wash
|-damage|p2a: Rotom-Wash|181\/303
|
|switch|p1a: Gliscor|Gliscor, M|352\/352 tox
|move|p2a: Rotom-Wash|Will-O-Wisp|p1a: Gliscor
|-fail|p1a: Gliscor
|
|-heal|p2a: Rotom-Wash|199\/303|[from] item: Leftovers
|turn|8
|
|move|p1a: Gliscor|Knock Off|p2a: Rotom-Wash
|-damage|p2a: Rotom-Wash|150\/303
|-enditem|p2a: Rotom-Wash|Leftovers|[from] move: Knock Off|[of] p1a: Gliscor
|move|p2a: Rotom-Wash|Hydro Pump|p1a: Gliscor
|-supereffective|p1a: Gliscor
|-damage|p1a: Gliscor|82\/352 tox
|
|-heal|p1a: Gliscor|126\/352 tox|[from] ability: Poison Heal
|turn|9
|
|move|p1a: Gliscor|Roost|p1a: Gliscor
|-heal|p1a: Gliscor|302\/352 tox
|move|p2a: Rotom-Wash|Hydro Pump|p1a: Gliscor
|-supereffective|p1a: Gliscor
|-damage|p1a: Gliscor|68\/352 tox
|
|-heal|p1a: Gliscor|112\/352 tox|[from] ability: Poison Heal
|turn|10
|
|switch|p2a: Starmie|Starmie|323\/323
|move|p1a: Gliscor|Roost|p1a: Gliscor
|-heal|p1a: Gliscor|288\/352 tox
|
|-heal|p1a: Gliscor|332\/352 tox|[from] ability: Poison Heal
|turn|11
|
|switch|p1a: Zapdos|Zapdos|383\/383
|-ability|p1a: Zapdos|Pressure
|move|p2a: Starmie|Scald|p1a: Zapdos
|-damage|p1a: Zapdos|272\/383
|-status|p1a: Zapdos|brn
|
|-heal|p1a: Zapdos|295\/383 brn|[from] item: Leftovers
|-damage|p1a: Zapdos|248\/383 brn|[from] brn
|turn|12
|
|switch|p2a: Ferrothorn|Ferrothorn, M|351\/351
|move|p1a: Zapdos|Volt Switch|p2a: Ferrothorn
|-crit|p2a: Ferrothorn
|-resisted|p2a: Ferrothorn
|-damage|p2a: Ferrothorn|285\/351
|
|switch|p1a: Lopunny|Lopunny, F|272\/272
|
|-heal|p2a: Ferrothorn|306\/351|[from] item: Leftovers
|turn|13
|
|detailschange|p1a: Lopunny|Lopunny-Mega, F
|message|Lopunny has Mega Evolved into Mega Lopunny!
|move|p1a: Lopunny|Substitute|p1a: Lopunny
|-start|p1a: Lopunny|Substitute
|-damage|p1a: Lopunny|204\/272
|move|p2a: Ferrothorn|Stealth Rock|p1a: Lopunny
|-sidestart|p1: Ghislaine|move: Stealth Rock
|
|-heal|p2a: Ferrothorn|327\/351|[from] item: Leftovers
|turn|14
|
|move|p1a: Lopunny|Power-Up Punch|p2a: Ferrothorn
|-supereffective|p2a: Ferrothorn
|-damage|p2a: Ferrothorn|229\/351
|-damage|p1a: Lopunny|170\/272|[from] ability: Iron Barbs|[of] p2a: Ferrothorn
|-boost|p1a: Lopunny|atk|1
|move|p2a: Ferrothorn|Gyro Ball|p1a: Lopunny
|-end|p1a: Lopunny|Substitute
|
|-heal|p2a: Ferrothorn|250\/351|[from] item: Leftovers
|turn|15
|c|âHPrior|sigh
|c|âHPrior|do you see the talonflame?
|
|move|p1a: Lopunny|Drain Punch|p2a: Ferrothorn
|-supereffective|p2a: Ferrothorn
|-damage|p2a: Ferrothorn|0 fnt
|-heal|p1a: Lopunny|272\/272|[from] drain|[of] p2a: Ferrothorn
|-damage|p1a: Lopunny|238\/272|[from] ability: Iron Barbs|[of] p2a: Ferrothorn
|faint|p2a: Ferrothorn
|
|
|switch|p2a: Talonflame|Talonflame, F|359\/359
|turn|16
|
|switch|p1a: Slowbro|Slowbro, F|394\/394
|-damage|p1a: Slowbro|345\/394|[from] Stealth Rock
|move|p2a: Talonflame|Will-O-Wisp|p1a: Slowbro
|-status|p1a: Slowbro|brn
|
|-heal|p1a: Slowbro|369\/394 brn|[from] item: Leftovers
|-damage|p1a: Slowbro|320\/394 brn|[from] brn
|turn|17
|
|switch|p2a: Rotom-Wash|Rotom-Wash|150\/303
|move|p1a: Slowbro|Scald|p2a: Rotom-Wash
|-crit|p2a: Rotom-Wash
|-resisted|p2a: Rotom-Wash
|-damage|p2a: Rotom-Wash|84\/303
|
|-heal|p1a: Slowbro|344\/394 brn|[from] item: Leftovers
|-damage|p1a: Slowbro|295\/394 brn|[from] brn
|turn|18
|
|switch|p1a: Gliscor|Gliscor, M|332\/352 tox
|-damage|p1a: Gliscor|288\/352 tox|[from] Stealth Rock
|move|p2a: Rotom-Wash|Pain Split|p1a: Gliscor
|-sethp|p1a: Gliscor|186\/352 tox|p2a: Rotom-Wash|186\/303|[from] move: Pain Split
|
|-heal|p1a: Gliscor|230\/352 tox|[from] ability: Poison Heal
|turn|19
|
|switch|p2a: Starmie|Starmie|323\/323
|move|p1a: Gliscor|Roost|p1a: Gliscor
|-heal|p1a: Gliscor|352\/352 tox
|
|turn|20
|
|move|p2a: Starmie|Scald|p1a: Gliscor
|-supereffective|p1a: Gliscor
|-damage|p1a: Gliscor|190\/352 tox
|move|p1a: Gliscor|Knock Off|p2a: Starmie
|-supereffective|p2a: Starmie
|-damage|p2a: Starmie|155\/323
|-enditem|p2a: Starmie|Leftovers|[from] move: Knock Off|[of] p1a: Gliscor
|
|-heal|p1a: Gliscor|234\/352 tox|[from] ability: Poison Heal
|turn|21
|
|move|p2a: Starmie|Scald|p1a: Gliscor
|-supereffective|p1a: Gliscor
|-damage|p1a: Gliscor|64\/352 tox
|move|p1a: Gliscor|Roost|p1a: Gliscor
|-heal|p1a: Gliscor|240\/352 tox
|
|-heal|p1a: Gliscor|284\/352 tox|[from] ability: Poison Heal
|turn|22
|
|move|p2a: Starmie|Scald|p1a: Gliscor
|-supereffective|p1a: Gliscor
|-damage|p1a: Gliscor|116\/352 tox
|move|p1a: Gliscor|Roost|p1a: Gliscor
|-heal|p1a: Gliscor|292\/352 tox
|
|-heal|p1a: Gliscor|336\/352 tox|[from] ability: Poison Heal
|turn|23
|
|switch|p1a: Manaphy|Manaphy|365\/365
|-damage|p1a: Manaphy|320\/365|[from] Stealth Rock
|move|p2a: Starmie|Scald|p1a: Manaphy
|-resisted|p1a: Manaphy
|-damage|p1a: Manaphy|274\/365
|
|-heal|p1a: Manaphy|296\/365|[from] item: Leftovers
|turn|24
|
|move|p2a: Starmie|Recover|p2a: Starmie
|-heal|p2a: Starmie|317\/323
|move|p1a: Manaphy|Tail Glow|p1a: Manaphy
|-boost|p1a: Manaphy|spa|3
|
|-heal|p1a: Manaphy|318\/365|[from] item: Leftovers
|turn|25
|
|move|p2a: Starmie|Psyshock|p1a: Manaphy
|-damage|p1a: Manaphy|231\/365
|move|p1a: Manaphy|Energy Ball|p2a: Starmie
|-supereffective|p2a: Starmie
|-damage|p2a: Starmie|0 fnt
|faint|p2a: Starmie
|
|-heal|p1a: Manaphy|253\/365|[from] item: Leftovers
|
|switch|p2a: Bisharp|Bisharp, M|272\/272
|turn|26
|
|move|p2a: Bisharp|Sucker Punch|p1a: Manaphy
|-damage|p1a: Manaphy|46\/365
|-damage|p2a: Bisharp|245\/272|[from] item: Life Orb
|move|p1a: Manaphy|Scald|p2a: Bisharp
|-damage|p2a: Bisharp|0 fnt
|faint|p2a: Bisharp
|
|-heal|p1a: Manaphy|68\/365|[from] item: Leftovers
|
|switch|p2a: Talonflame|Talonflame, F|359\/359
|turn|27
|
|move|p2a: Talonflame|Brave Bird|p1a: Manaphy
|-damage|p1a: Manaphy|0 fnt
|-damage|p2a: Talonflame|337\/359|[from] recoil|[of] p1a: Manaphy
|faint|p1a: Manaphy
|
|-heal|p2a: Talonflame|359\/359|[from] item: Leftovers
|
|switch|p1a: Slowbro|Slowbro, F|394\/394 brn
|-damage|p1a: Slowbro|345\/394 brn|[from] Stealth Rock
|turn|28
|
|switch|p2a: Rotom-Wash|Rotom-Wash|186\/303
|move|p1a: Slowbro|Thunder Wave|p2a: Rotom-Wash
|-fail|p2a: Rotom-Wash
|
|-heal|p1a: Slowbro|369\/394 brn|[from] item: Leftovers
|-damage|p1a: Slowbro|320\/394 brn|[from] brn
|turn|29
|
|switch|p1a: Zapdos|Zapdos|248\/383 brn
|-damage|p1a: Zapdos|153\/383 brn|[from] Stealth Rock
|-ability|p1a: Zapdos|Pressure
|move|p2a: Rotom-Wash|Hydro Pump|p1a: Zapdos
|-damage|p1a: Zapdos|0 fnt
|faint|p1a: Zapdos
|
|
|switch|p1a: Jirachi|Jirachi|307\/401 brn
|-damage|p1a: Jirachi|282\/401 brn|[from] Stealth Rock
|turn|30
|
|move|p1a: Jirachi|Stealth Rock|p2a: Rotom-Wash
|-sidestart|p2: HPrior|move: Stealth Rock
|move|p2a: Rotom-Wash|Volt Switch|p1a: Jirachi
|-damage|p1a: Jirachi|219\/401 brn
|
|switch|p2a: Alakazam|Alakazam, F|252\/252
|
|-heal|p1a: Jirachi|244\/401 brn|[from] item: Leftovers
|-damage|p1a: Jirachi|194\/401 brn|[from] brn
|turn|31
|
|detailschange|p2a: Alakazam|Alakazam-Mega, F
|message|Alakazam has Mega Evolved into Mega Alakazam!
|-ability|p2a: Alakazam|Serene Grace|[from] ability: Trace|[of] p1a: Jirachi
|move|p2a: Alakazam|Shadow Ball|p1a: Jirachi
|-supereffective|p1a: Jirachi
|-damage|p1a: Jirachi|0 fnt
|faint|p1a: Jirachi
|
|
|switch|p1a: Slowbro|Slowbro, F|394\/394 brn
|-damage|p1a: Slowbro|345\/394 brn|[from] Stealth Rock
|turn|32
|
|move|p2a: Alakazam|Protect|p2a: Alakazam
|-singleturn|p2a: Alakazam|Protect
|move|p1a: Slowbro|Thunder Wave|p2a: Alakazam
|-activate|p2a: Alakazam|Protect
|
|-heal|p1a: Slowbro|369\/394 brn|[from] item: Leftovers
|-damage|p1a: Slowbro|320\/394 brn|[from] brn
|turn|33
|
|switch|p2a: Rotom-Wash|Rotom-Wash|186\/303
|-damage|p2a: Rotom-Wash|149\/303|[from] Stealth Rock
|switch|p1a: Gliscor|Gliscor, M|336\/352 tox
|-damage|p1a: Gliscor|292\/352 tox|[from] Stealth Rock
|
|-heal|p1a: Gliscor|336\/352 tox|[from] ability: Poison Heal
|turn|34
|
|move|p1a: Gliscor|Toxic|p2a: Rotom-Wash
|-status|p2a: Rotom-Wash|tox
|move|p2a: Rotom-Wash|Pain Split|p1a: Gliscor
|-sethp|p1a: Gliscor|242\/352 tox|p2a: Rotom-Wash|242\/303 tox|[from] move: Pain Split
|
|-heal|p1a: Gliscor|286\/352 tox|[from] ability: Poison Heal
|-damage|p2a: Rotom-Wash|224\/303 tox|[from] psn
|turn|35
|
|move|p1a: Gliscor|Roost|p1a: Gliscor
|-heal|p1a: Gliscor|352\/352 tox
|move|p2a: Rotom-Wash|Hydro Pump|p1a: Gliscor
|-supereffective|p1a: Gliscor
|-damage|p1a: Gliscor|112\/352 tox
|
|-heal|p1a: Gliscor|156\/352 tox|[from] ability: Poison Heal
|-damage|p2a: Rotom-Wash|188\/303 tox|[from] psn
|turn|36
|
|move|p1a: Gliscor|Roost|p1a: Gliscor
|-heal|p1a: Gliscor|332\/352 tox
|move|p2a: Rotom-Wash|Hydro Pump|p1a: Gliscor
|-supereffective|p1a: Gliscor
|-damage|p1a: Gliscor|72\/352 tox
|
|-heal|p1a: Gliscor|116\/352 tox|[from] ability: Poison Heal
|-damage|p2a: Rotom-Wash|134\/303 tox|[from] psn
|turn|37
|
|switch|p2a: Alakazam|Alakazam-Mega, F|252\/252
|-damage|p2a: Alakazam|221\/252|[from] Stealth Rock
|-ability|p2a: Alakazam|Poison Heal|[from] ability: Trace|[of] p1a: Gliscor
|move|p1a: Gliscor|Roost|p1a: Gliscor
|-heal|p1a: Gliscor|292\/352 tox
|
|-heal|p1a: Gliscor|336\/352 tox|[from] ability: Poison Heal
|turn|38
|
|move|p2a: Alakazam|Shadow Ball|p1a: Gliscor
|-damage|p1a: Gliscor|219\/352 tox
|move|p1a: Gliscor|Knock Off|p2a: Alakazam
|-supereffective|p2a: Alakazam
|-damage|p2a: Alakazam|91\/252
|
|-heal|p1a: Gliscor|263\/352 tox|[from] ability: Poison Heal
|turn|39
|
|move|p2a: Alakazam|Shadow Ball|p1a: Gliscor
|-crit|p1a: Gliscor
|-damage|p1a: Gliscor|92\/352 tox
|move|p1a: Gliscor|Knock Off|p2a: Alakazam
|-supereffective|p2a: Alakazam
|-damage|p2a: Alakazam|0 fnt
|faint|p2a: Alakazam
|
|-heal|p1a: Gliscor|136\/352 tox|[from] ability: Poison Heal
|
|switch|p2a: Talonflame|Talonflame, F|359\/359
|-damage|p2a: Talonflame|180\/359|[from] Stealth Rock
|turn|40
|
|switch|p1a: Slowbro|Slowbro, F|394\/394 brn
|-damage|p1a: Slowbro|345\/394 brn|[from] Stealth Rock
|move|p2a: Talonflame|Brave Bird|p1a: Slowbro
|-damage|p1a: Slowbro|269\/394 brn
|-damage|p2a: Talonflame|155\/359|[from] recoil|[of] p1a: Slowbro
|
|-heal|p2a: Talonflame|177\/359|[from] item: Leftovers
|-heal|p1a: Slowbro|293\/394 brn|[from] item: Leftovers
|-damage|p1a: Slowbro|244\/394 brn|[from] brn
|turn|41
|
|move|p2a: Talonflame|Roost|p2a: Talonflame
|-heal|p2a: Talonflame|357\/359
|move|p1a: Slowbro|Scald|p2a: Talonflame
|-supereffective|p2a: Talonflame
|-damage|p2a: Talonflame|187\/359
|
|-heal|p2a: Talonflame|209\/359|[from] item: Leftovers
|-heal|p1a: Slowbro|268\/394 brn|[from] item: Leftovers
|-damage|p1a: Slowbro|219\/394 brn|[from] brn
|turn|42
|
|move|p2a: Talonflame|Bulk Up|p2a: Talonflame
|-boost|p2a: Talonflame|atk|1
|-boost|p2a: Talonflame|def|1
|move|p1a: Slowbro|Slack Off|p1a: Slowbro
|-heal|p1a: Slowbro|394\/394 brn
|
|-heal|p2a: Talonflame|231\/359|[from] item: Leftovers
|-damage|p1a: Slowbro|345\/394 brn|[from] brn
|turn|43
|
|move|p2a: Talonflame|Bulk Up|p2a: Talonflame
|-boost|p2a: Talonflame|atk|1
|-boost|p2a: Talonflame|def|1
|move|p1a: Slowbro|Thunder Wave|p2a: Talonflame
|-status|p2a: Talonflame|par
|
|-heal|p1a: Slowbro|369\/394 brn|[from] item: Leftovers
|-heal|p2a: Talonflame|253\/359 par|[from] item: Leftovers
|-damage|p1a: Slowbro|320\/394 brn|[from] brn
|turn|44
|
|move|p1a: Slowbro|Scald|p2a: Talonflame
|-supereffective|p2a: Talonflame
|-damage|p2a: Talonflame|83\/359 par
|move|p2a: Talonflame|Bulk Up|p2a: Talonflame
|-boost|p2a: Talonflame|atk|1
|-boost|p2a: Talonflame|def|1
|
|-heal|p1a: Slowbro|344\/394 brn|[from] item: Leftovers
|-heal|p2a: Talonflame|105\/359 par|[from] item: Leftovers
|-damage|p1a: Slowbro|295\/394 brn|[from] brn
|turn|45
|
|move|p2a: Talonflame|Roost|p2a: Talonflame
|-heal|p2a: Talonflame|285\/359 par
|move|p1a: Slowbro|Scald|p2a: Talonflame
|-supereffective|p2a: Talonflame
|-damage|p2a: Talonflame|103\/359 par
|
|-heal|p1a: Slowbro|319\/394 brn|[from] item: Leftovers
|-heal|p2a: Talonflame|125\/359 par|[from] item: Leftovers
|-damage|p1a: Slowbro|270\/394 brn|[from] brn
|turn|46
|
|move|p2a: Talonflame|Roost|p2a: Talonflame
|-heal|p2a: Talonflame|305\/359 par
|move|p1a: Slowbro|Scald|p2a: Talonflame
|-crit|p2a: Talonflame
|-supereffective|p2a: Talonflame
|-damage|p2a: Talonflame|29\/359 par
|
|-heal|p1a: Slowbro|294\/394 brn|[from] item: Leftovers
|-heal|p2a: Talonflame|51\/359 par|[from] item: Leftovers
|-damage|p1a: Slowbro|245\/394 brn|[from] brn
|turn|47
|
|move|p2a: Talonflame|Roost|p2a: Talonflame
|-heal|p2a: Talonflame|231\/359 par
|move|p1a: Slowbro|Scald|p2a: Talonflame
|-supereffective|p2a: Talonflame
|-damage|p2a: Talonflame|57\/359 par
|
|-heal|p1a: Slowbro|269\/394 brn|[from] item: Leftovers
|-heal|p2a: Talonflame|79\/359 par|[from] item: Leftovers
|-damage|p1a: Slowbro|220\/394 brn|[from] brn
|turn|48
|
|move|p2a: Talonflame|Roost|p2a: Talonflame
|-heal|p2a: Talonflame|259\/359 par
|move|p1a: Slowbro|Slack Off|p1a: Slowbro
|-heal|p1a: Slowbro|394\/394 brn
|
|-heal|p2a: Talonflame|281\/359 par|[from] item: Leftovers
|-damage|p1a: Slowbro|345\/394 brn|[from] brn
|turn|49
|
|move|p1a: Slowbro|Scald|p2a: Talonflame
|-supereffective|p2a: Talonflame
|-damage|p2a: Talonflame|111\/359 par
|move|p2a: Talonflame|Bulk Up|p2a: Talonflame
|-boost|p2a: Talonflame|atk|1
|-boost|p2a: Talonflame|def|1
|
|-heal|p1a: Slowbro|369\/394 brn|[from] item: Leftovers
|-heal|p2a: Talonflame|133\/359 par|[from] item: Leftovers
|-damage|p1a: Slowbro|320\/394 brn|[from] brn
|turn|50
|
|move|p2a: Talonflame|Roost|p2a: Talonflame
|-heal|p2a: Talonflame|313\/359 par
|move|p1a: Slowbro|Scald|p2a: Talonflame
|-supereffective|p2a: Talonflame
|-damage|p2a: Talonflame|143\/359 par
|
|-heal|p1a: Slowbro|344\/394 brn|[from] item: Leftovers
|-heal|p2a: Talonflame|165\/359 par|[from] item: Leftovers
|-damage|p1a: Slowbro|295\/394 brn|[from] brn
|turn|51
|
|move|p2a: Talonflame|Roost|p2a: Talonflame
|-heal|p2a: Talonflame|345\/359 par
|move|p1a: Slowbro|Scald|p2a: Talonflame
|-supereffective|p2a: Talonflame
|-damage|p2a: Talonflame|163\/359 par
|
|-heal|p1a: Slowbro|319\/394 brn|[from] item: Leftovers
|-heal|p2a: Talonflame|185\/359 par|[from] item: Leftovers
|-damage|p1a: Slowbro|270\/394 brn|[from] brn
|turn|52
|
|move|p2a: Talonflame|Roost|p2a: Talonflame
|-heal|p2a: Talonflame|359\/359 par
|move|p1a: Slowbro|Scald|p2a: Talonflame
|-supereffective|p2a: Talonflame
|-damage|p2a: Talonflame|179\/359 par
|
|-heal|p1a: Slowbro|294\/394 brn|[from] item: Leftovers
|-heal|p2a: Talonflame|201\/359 par|[from] item: Leftovers
|-damage|p1a: Slowbro|245\/394 brn|[from] brn
|turn|53
|
|move|p2a: Talonflame|Roost|p2a: Talonflame
|-heal|p2a: Talonflame|359\/359 par
|move|p1a: Slowbro|Slack Off|p1a: Slowbro
|-heal|p1a: Slowbro|394\/394 brn
|
|-damage|p1a: Slowbro|345\/394 brn|[from] brn
|turn|54
|
|move|p1a: Slowbro|Scald|p2a: Talonflame
|-supereffective|p2a: Talonflame
|-damage|p2a: Talonflame|183\/359 par
|move|p2a: Talonflame|Bulk Up|p2a: Talonflame
|-boost|p2a: Talonflame|atk|1
|-boost|p2a: Talonflame|def|1
|
|-heal|p1a: Slowbro|369\/394 brn|[from] item: Leftovers
|-heal|p2a: Talonflame|205\/359 par|[from] item: Leftovers
|-damage|p1a: Slowbro|320\/394 brn|[from] brn
|turn|55
|
|move|p2a: Talonflame|Roost|p2a: Talonflame
|-heal|p2a: Talonflame|359\/359 par
|move|p1a: Slowbro|Scald|p2a: Talonflame
|-supereffective|p2a: Talonflame
|-damage|p2a: Talonflame|201\/359 par
|
|-heal|p1a: Slowbro|344\/394 brn|[from] item: Leftovers
|-heal|p2a: Talonflame|223\/359 par|[from] item: Leftovers
|-damage|p1a: Slowbro|295\/394 brn|[from] brn
|turn|56
|
|move|p2a: Talonflame|Roost|p2a: Talonflame
|-heal|p2a: Talonflame|359\/359 par
|move|p1a: Slowbro|Scald|p2a: Talonflame
|-supereffective|p2a: Talonflame
|-damage|p2a: Talonflame|179\/359 par
|
|-heal|p1a: Slowbro|319\/394 brn|[from] item: Leftovers
|-heal|p2a: Talonflame|201\/359 par|[from] item: Leftovers
|-damage|p1a: Slowbro|270\/394 brn|[from] brn
|turn|57
|
|move|p2a: Talonflame|Roost|p2a: Talonflame
|-heal|p2a: Talonflame|359\/359 par
|move|p1a: Slowbro|Scald|p2a: Talonflame
|-supereffective|p2a: Talonflame
|-damage|p2a: Talonflame|183\/359 par
|
|-heal|p1a: Slowbro|294\/394 brn|[from] item: Leftovers
|-heal|p2a: Talonflame|205\/359 par|[from] item: Leftovers
|-damage|p1a: Slowbro|245\/394 brn|[from] brn
|turn|58
|
|move|p2a: Talonflame|Roost|p2a: Talonflame
|-heal|p2a: Talonflame|359\/359 par
|move|p1a: Slowbro|Slack Off|p1a: Slowbro
|-heal|p1a: Slowbro|394\/394 brn
|
|-damage|p1a: Slowbro|345\/394 brn|[from] brn
|turn|59
|
|move|p1a: Slowbro|Scald|p2a: Talonflame
|-supereffective|p2a: Talonflame
|-damage|p2a: Talonflame|203\/359 par
|move|p2a: Talonflame|Bulk Up|p2a: Talonflame
|-boost|p2a: Talonflame|atk|1
|-boost|p2a: Talonflame|def|1
|
|-heal|p1a: Slowbro|369\/394 brn|[from] item: Leftovers
|-heal|p2a: Talonflame|225\/359 par|[from] item: Leftovers
|-damage|p1a: Slowbro|320\/394 brn|[from] brn
|turn|60
|
|cant|p2a: Talonflame|par
|move|p1a: Slowbro|Scald|p2a: Talonflame
|-supereffective|p2a: Talonflame
|-damage|p2a: Talonflame|51\/359 par
|
|-heal|p1a: Slowbro|344\/394 brn|[from] item: Leftovers
|-heal|p2a: Talonflame|73\/359 par|[from] item: Leftovers
|-damage|p1a: Slowbro|295\/394 brn|[from] brn
|turn|61
|
|cant|p2a: Talonflame|par
|move|p1a: Slowbro|Scald|p2a: Talonflame
|-supereffective|p2a: Talonflame
|-damage|p2a: Talonflame|0 fnt
|faint|p2a: Talonflame
|
|-heal|p1a: Slowbro|319\/394 brn|[from] item: Leftovers
|-damage|p1a: Slowbro|270\/394 brn|[from] brn
|c|âHPrior|of course the last two scalds is when i get the para lol that woulda sucked for you gg man
|c|âHPrior|sorry btw
|-message|HPrior forfeited.
|
|win|Ghislaine
|raw|Ladder updating...
|leave|HPrior
|player|p2
|raw|Ghislaine's rating: 1550 &rarr; <strong>1569<\/strong><br \/>(+19 for winning)
|raw|HPrior's rating: 1534 &rarr; <strong>1515<\/strong><br \/>(-19 for losing)