|join|Yellow Tiger
|join|HPrior
|player|p1|Yellow Tiger|290
|player|p2|HPrior|37
|gametype|singles
|gen|6
|tier|OU
|rated
|clearpoke
|poke|p1|Altaria, M, shiny
|poke|p1|Magnezone
|poke|p1|Greninja, F, shiny
|poke|p1|Heatran, M
|poke|p1|Rotom-Wash
|poke|p1|Mandibuzz, F, shiny
|poke|p2|Gallade, M
|poke|p2|Manaphy
|poke|p2|Wobbuffet, F
|poke|p2|Bisharp, F
|poke|p2|Gengar, M
|poke|p2|Shuckle, F
|rule|Swagger Clause: Swagger is banned
|rule|Baton Pass Clause: Limit one PokÃ©mon knowing Baton Pass
|rule|Sleep Clause Mod: Limit one foe put to sleep
|rule|Species Clause: Limit one of each PokÃ©mon
|rule|OHKO Clause: OHKO moves are banned
|rule|Moody Clause: Moody is banned
|rule|Evasion Moves Clause: Evasion moves are banned
|rule|Endless Battle Clause: Forcing endless battles is banned
|rule|HP Percentage Mod: HP is shown in percentages
|teampreview
|c|âYellow Tiger|gl
|c|âHPrior|u2
|
|start
|switch|p1a: LG|Rotom-Wash|301\/301
|switch|p2a: Shuckle|Shuckle, F|244\/244
|turn|1
|
|move|p1a: LG|Will-O-Wisp|p2a: Shuckle
|-status|p2a: Shuckle|brn
|move|p2a: Shuckle|Stealth Rock|p1a: LG
|-sidestart|p1: Yellow Tiger|move: Stealth Rock
|
|-damage|p2a: Shuckle|214\/244 brn|[from] brn
|turn|2
|
|move|p1a: LG|Volt Switch|p2a: Shuckle
|-damage|p2a: Shuckle|174\/244 brn
|
|switch|p1a: Sandy|Mandibuzz, F, shiny|424\/424
|-damage|p1a: Sandy|318\/424|[from] Stealth Rock
|move|p2a: Shuckle|Sticky Web|p1a: Sandy
|-sidestart|p1: Yellow Tiger|move: Sticky Web
|
|-damage|p2a: Shuckle|144\/244 brn|[from] brn
|turn|3
|
|move|p1a: Sandy|Defog|p2a: Shuckle
|-unboost|p2a: Shuckle|evasion|1
|-sideend|p1: Yellow Tiger|Stealth Rock|[from] move: Defog|[of] p1a: Sandy
|-sideend|p1: Yellow Tiger|Sticky Web|[from] move: Defog|[of] p1a: Sandy
|move|p2a: Shuckle|Encore|p1a: Sandy
|-start|p1a: Sandy|Encore
|
|-damage|p2a: Shuckle|114\/244 brn|[from] brn
|turn|4
|
|switch|p1a: Bird Counter|Heatran, M|364\/364
|switch|p2a: Bisharp|Bisharp, F|271\/271
|
|turn|5
|
|move|p2a: Bisharp|Low Kick|p1a: Bird Counter
|-supereffective|p1a: Bird Counter
|-damage|p1a: Bird Counter|13\/364
|-damage|p2a: Bisharp|244\/271|[from] item: Life Orb
|move|p1a: Bird Counter|Stealth Rock|p2a: Bisharp
|-sidestart|p2: HPrior|move: Stealth Rock
|
|-heal|p1a: Bird Counter|35\/364|[from] item: Leftovers
|turn|6
|
|switch|p1a: Sandy|Mandibuzz, F, shiny|318\/424
|move|p2a: Bisharp|Knock Off|p1a: Sandy
|-resisted|p1a: Sandy
|-damage|p1a: Sandy|241\/424
|-damage|p2a: Bisharp|199\/271|[from] item: Rocky Helmet|[of] p1a: Sandy
|-enditem|p1a: Sandy|Rocky Helmet|[from] move: Knock Off|[of] p2a: Bisharp
|-damage|p2a: Bisharp|172\/271|[from] item: Life Orb
|
|turn|7
|
|switch|p2a: Wobbuffet|Wobbuffet, F|534\/534
|-damage|p2a: Wobbuffet|468\/534|[from] Stealth Rock
|move|p1a: Sandy|Roost|p1a: Sandy
|-heal|p1a: Sandy|424\/424
|
|turn|8
|
|move|p1a: Sandy|Toxic|p2a: Wobbuffet
|-status|p2a: Wobbuffet|tox
|move|p2a: Wobbuffet|Encore|p1a: Sandy
|-start|p1a: Sandy|Encore
|
|-damage|p2a: Wobbuffet|435\/534 tox|[from] psn
|turn|9
|
|move|p1a: Sandy|Toxic|p2a: Wobbuffet
|-fail|p2a: Wobbuffet|tox
|move|p2a: Wobbuffet|Safeguard|p2a: Wobbuffet
|-sidestart|p2: HPrior|Safeguard
|
|-damage|p2a: Wobbuffet|369\/534 tox|[from] psn
|turn|10
|
|switch|p2a: Manaphy|Manaphy|365\/365
|-damage|p2a: Manaphy|320\/365|[from] Stealth Rock
|move|p1a: Sandy|Toxic|p2a: Manaphy
|-fail|p2a: Manaphy
|
|-heal|p2a: Manaphy|342\/365|[from] item: Leftovers
|turn|11
|
|switch|p1a: Newton|Magnezone|282\/282
|move|p2a: Manaphy|Tail Glow|p2a: Manaphy
|-boost|p2a: Manaphy|spa|3
|
|-heal|p2a: Manaphy|364\/365|[from] item: Leftovers
|turn|12
|
|move|p1a: Newton|Thunderbolt|p2a: Manaphy
|-supereffective|p2a: Manaphy
|-damage|p2a: Manaphy|32\/365
|move|p2a: Manaphy|Scald|p1a: Newton
|-damage|p1a: Newton|0 fnt
|faint|p1a: Newton
|
|-heal|p2a: Manaphy|54\/365|[from] item: Leftovers
|
|switch|p1a: Black Night|Greninja, F, shiny|285\/285
|turn|13
|
|move|p1a: Black Night|Dark Pulse|p2a: Manaphy
|-start|p1a: Black Night|typechange|Dark|[from] Protean
|-damage|p2a: Manaphy|0 fnt
|-damage|p1a: Black Night|257\/285|[from] item: Life Orb
|faint|p2a: Manaphy
|
|-sideend|p2: HPrior|Safeguard
|
|switch|p2a: Wobbuffet|Wobbuffet, F|369\/534 tox
|-damage|p2a: Wobbuffet|303\/534 tox|[from] Stealth Rock
|turn|14
|
|move|p1a: Black Night|Dark Pulse|p2a: Wobbuffet
|-supereffective|p2a: Wobbuffet
|-damage|p2a: Wobbuffet|0 fnt
|-damage|p1a: Black Night|229\/285|[from] item: Life Orb
|faint|p2a: Wobbuffet
|
|
|switch|p2a: Shuckle|Shuckle, F|114\/244 brn
|-damage|p2a: Shuckle|53\/244 brn|[from] Stealth Rock
|turn|15
|
|move|p1a: Black Night|Dark Pulse|p2a: Shuckle
|-damage|p2a: Shuckle|0 fnt
|-damage|p1a: Black Night|201\/285|[from] item: Life Orb
|faint|p2a: Shuckle
|
|
|switch|p2a: Bisharp|Bisharp, F|172\/271
|-damage|p2a: Bisharp|156\/271|[from] Stealth Rock
|turn|16
|
|switch|p1a: Sandy|Mandibuzz, F, shiny|424\/424
|move|p2a: Bisharp|Sucker Punch|p1a: Sandy
|-fail|p1a: Sandy
|
|turn|17
|
|move|p2a: Bisharp|Iron Head|p1a: Sandy
|-damage|p1a: Sandy|302\/424
|-damage|p2a: Bisharp|129\/271|[from] item: Life Orb
|move|p1a: Sandy|Foul Play|p2a: Bisharp
|-resisted|p2a: Bisharp
|-damage|p2a: Bisharp|48\/271
|
|turn|18
|
|move|p2a: Bisharp|Iron Head|p1a: Sandy
|-damage|p1a: Sandy|173\/424
|-damage|p2a: Bisharp|21\/271|[from] item: Life Orb
|move|p1a: Sandy|Roost|p1a: Sandy
|-heal|p1a: Sandy|385\/424
|
|turn|19
|
|move|p2a: Bisharp|Iron Head|p1a: Sandy
|-damage|p1a: Sandy|255\/424
|-damage|p2a: Bisharp|0 fnt|[from] item: Life Orb
|faint|p2a: Bisharp
|move|p1a: Sandy|Roost|p1a: Sandy
|-heal|p1a: Sandy|424\/424
|
|
|switch|p2a: Gengar|Gengar, M|261\/261
|-damage|p2a: Gengar|229\/261|[from] Stealth Rock
|turn|20
|
|move|p2a: Gengar|Trick|p1a: Sandy
|-activate|p2a: Gengar|move: Trick|[of] p1a: Sandy
|-item|p1a: Sandy|Choice Scarf|[from] move: Trick
|move|p1a: Sandy|Foul Play|p2a: Gengar
|-supereffective|p2a: Gengar
|-damage|p2a: Gengar|53\/261
|
|turn|21
|
|move|p2a: Gengar|Trick|p1a: Sandy
|-activate|p2a: Gengar|move: Trick|[of] p1a: Sandy
|-item|p2a: Gengar|Choice Scarf|[from] move: Trick
|move|p1a: Sandy|Foul Play|p2a: Gengar
|-supereffective|p2a: Gengar
|-damage|p2a: Gengar|0 fnt
|faint|p2a: Gengar
|
|
|switch|p2a: Gallade|Gallade, M|277\/277
|-damage|p2a: Gallade|260\/277|[from] Stealth Rock
|turn|22
|
|detailschange|p2a: Gallade|Gallade-Mega, M
|message|Gallade has Mega Evolved into Mega Gallade!
|move|p2a: Gallade|Swords Dance|p2a: Gallade
|-boost|p2a: Gallade|atk|2
|move|p1a: Sandy|Toxic|p2a: Gallade
|-status|p2a: Gallade|tox
|
|-damage|p2a: Gallade|243\/277 tox|[from] psn
|turn|23
|
|move|p2a: Gallade|Close Combat|p1a: Sandy
|-damage|p1a: Sandy|70\/424
|-unboost|p2a: Gallade|def|1
|-unboost|p2a: Gallade|spd|1
|move|p1a: Sandy|Foul Play|p2a: Gallade
|-damage|p2a: Gallade|0 fnt
|faint|p2a: Gallade
|
|win|Yellow Tiger
|raw|Ladder updating...
|leave|HPrior
|player|p2
|c|âYellow Tiger|gg
|raw|Yellow Tiger's rating: 1484 &rarr; <strong>1504<\/strong><br \/>(+20 for winning)
|raw|HPrior's rating: 1493 &rarr; <strong>1472<\/strong><br \/>(-21 for losing)