|join|ben69
|join|HPrior
|player|p1|ben69|1
|player|p2|HPrior|73
|gametype|singles
|gen|6
|tier|OU
|rated
|clearpoke
|poke|p1|Manaphy
|poke|p1|Scizor, M
|poke|p1|Thundurus, M
|poke|p1|Landorus-Therian, M
|poke|p1|Rotom-Wash
|poke|p1|Diggersby, F
|poke|p2|Slowbro, M
|poke|p2|Terrakion
|poke|p2|Latios, M
|poke|p2|Gliscor, M
|poke|p2|Jirachi
|poke|p2|Azumarill, M
|rule|Swagger Clause: Swagger is banned
|rule|Baton Pass Clause: Limit one PokÃ©mon knowing Baton Pass
|rule|Sleep Clause Mod: Limit one foe put to sleep
|rule|Species Clause: Limit one of each PokÃ©mon
|rule|OHKO Clause: OHKO moves are banned
|rule|Moody Clause: Moody is banned
|rule|Evasion Moves Clause: Evasion moves are banned
|rule|Endless Battle Clause: Forcing endless battles is banned
|rule|HP Percentage Mod: HP is shown in percentages
|teampreview
|join|Polarance
|
|start
|switch|p1a: Thundurus|Thundurus, M|299\/299
|switch|p2a: Jirachi|Jirachi|404\/404
|turn|1
|
|move|p1a: Thundurus|Taunt|p2a: Jirachi
|-start|p2a: Jirachi|move: Taunt
|cant|p2a: Jirachi|move: Taunt|Stealth Rock
|
|turn|2
|
|move|p1a: Thundurus|Thunder Wave|p2a: Jirachi
|-status|p2a: Jirachi|par
|cant|p2a: Jirachi|par
|
|turn|3
|
|move|p1a: Thundurus|Volt Switch|p2a: Jirachi
|-damage|p2a: Jirachi|314\/404 par
|
|switch|p1a: Landorus-Therian|Landorus-Therian, M|381\/381
|-ability|p1a: Landorus-Therian|Intimidate|[of] p2a: Jirachi
|-unboost|p2a: Jirachi|atk|1
|move|p2a: Jirachi|Fire Punch|p1a: Landorus-Therian
|-damage|p1a: Landorus-Therian|352\/381
|
|-heal|p1a: Landorus-Therian|375\/381|[from] item: Leftovers
|-heal|p2a: Jirachi|339\/404 par|[from] item: Leftovers
|-end|p2a: Jirachi|move: Taunt
|turn|4
|
|switch|p2a: Gliscor|Gliscor, M|349\/349
|move|p1a: Landorus-Therian|Earthquake|p2a: Gliscor
|-immune|p2a: Gliscor|[msg]
|
|-heal|p1a: Landorus-Therian|381\/381|[from] item: Leftovers
|-status|p2a: Gliscor|tox|[from] item: Toxic Orb
|turn|5
|
|move|p2a: Gliscor|Knock Off|p1a: Landorus-Therian
|-damage|p1a: Landorus-Therian|323\/381
|-enditem|p1a: Landorus-Therian|Leftovers|[from] move: Knock Off|[of] p2a: Gliscor
|move|p1a: Landorus-Therian|Stealth Rock|p2a: Gliscor
|-sidestart|p2: HPrior|move: Stealth Rock
|
|turn|6
|
|move|p2a: Gliscor|Toxic|p1a: Landorus-Therian
|-status|p1a: Landorus-Therian|tox
|move|p1a: Landorus-Therian|U-turn|p2a: Gliscor
|-resisted|p2a: Gliscor
|-damage|p2a: Gliscor|315\/349 tox
|
|switch|p1a: Manaphy|Manaphy|361\/361
|
|-heal|p2a: Gliscor|349\/349 tox|[from] ability: Poison Heal
|turn|7
|
|switch|p2a: Latios|Latios, M|301\/301
|-damage|p2a: Latios|264\/301|[from] Stealth Rock
|move|p1a: Manaphy|U-turn|p2a: Latios
|-supereffective|p2a: Latios
|-damage|p2a: Latios|154\/301
|
|switch|p1a: Diggersby|Diggersby, F|311\/311
|
|turn|8
|
|switch|p2a: Slowbro|Slowbro, M|393\/393
|-damage|p2a: Slowbro|344\/393|[from] Stealth Rock
|move|p1a: Diggersby|U-turn|p2a: Slowbro
|-supereffective|p2a: Slowbro
|-damage|p2a: Slowbro|244\/393
|
|switch|p1a: Rotom-Wash|Rotom-Wash|241\/241
|
|turn|9
|
|switch|p2a: Gliscor|Gliscor, M|349\/349 tox
|-damage|p2a: Gliscor|306\/349 tox|[from] Stealth Rock
|move|p1a: Rotom-Wash|Volt Switch|p2a: Gliscor
|-immune|p2a: Gliscor|[msg]
|
|-heal|p2a: Gliscor|349\/349 tox|[from] ability: Poison Heal
|turn|10
|
|switch|p1a: Scizor|Scizor, M|343\/343
|move|p2a: Gliscor|Toxic|p1a: Scizor
|-fail|p1a: Scizor
|
|turn|11
|
|detailschange|p1a: Scizor|Scizor-Mega, M
|-mega|p1a: Scizor|Scizor|Scizorite
|move|p2a: Gliscor|Earthquake|p1a: Scizor
|-damage|p1a: Scizor|265\/343
|move|p1a: Scizor|U-turn|p2a: Gliscor
|-resisted|p2a: Gliscor
|-damage|p2a: Gliscor|295\/349 tox
|
|switch|p1a: Thundurus|Thundurus, M|299\/299
|
|-heal|p2a: Gliscor|338\/349 tox|[from] ability: Poison Heal
|turn|12
|
|switch|p2a: Jirachi|Jirachi|339\/404 par
|-damage|p2a: Jirachi|314\/404 par|[from] Stealth Rock
|move|p1a: Thundurus|Hidden Power|p2a: Jirachi
|-resisted|p2a: Jirachi
|-damage|p2a: Jirachi|287\/404 par
|
|-heal|p2a: Jirachi|312\/404 par|[from] item: Leftovers
|turn|13
|
|move|p1a: Thundurus|Taunt|p2a: Jirachi
|-start|p2a: Jirachi|move: Taunt
|move|p2a: Jirachi|Fire Punch|p1a: Thundurus
|-damage|p1a: Thundurus|222\/299
|
|-heal|p1a: Thundurus|240\/299|[from] item: Leftovers
|-heal|p2a: Jirachi|337\/404 par|[from] item: Leftovers
|turn|14
|
|move|p1a: Thundurus|Volt Switch|p2a: Jirachi
|-damage|p2a: Jirachi|244\/404 par
|
|switch|p1a: Landorus-Therian|Landorus-Therian, M|323\/381 tox
|-ability|p1a: Landorus-Therian|Intimidate|[of] p2a: Jirachi
|-unboost|p2a: Jirachi|atk|1
|move|p2a: Jirachi|Iron Head|p1a: Landorus-Therian
|-damage|p1a: Landorus-Therian|275\/381 tox
|
|-heal|p2a: Jirachi|269\/404 par|[from] item: Leftovers
|-damage|p1a: Landorus-Therian|252\/381 tox|[from] psn
|turn|15
|
|switch|p2a: Gliscor|Gliscor, M|338\/349 tox
|-damage|p2a: Gliscor|295\/349 tox|[from] Stealth Rock
|move|p1a: Landorus-Therian|U-turn|p2a: Gliscor
|-resisted|p2a: Gliscor
|-damage|p2a: Gliscor|262\/349 tox
|
|switch|p1a: Manaphy|Manaphy|361\/361
|
|-heal|p2a: Gliscor|305\/349 tox|[from] ability: Poison Heal
|turn|16
|
|move|p1a: Manaphy|Scald|p2a: Gliscor
|-crit|p2a: Gliscor
|-supereffective|p2a: Gliscor
|-damage|p2a: Gliscor|0 fnt
|faint|p2a: Gliscor
|
|
|switch|p2a: Jirachi|Jirachi|269\/404 par
|-damage|p2a: Jirachi|244\/404 par|[from] Stealth Rock
|turn|17
|
|move|p1a: Manaphy|Tail Glow|p1a: Manaphy
|-boost|p1a: Manaphy|spa|3
|move|p2a: Jirachi|Stealth Rock|p1a: Manaphy
|-sidestart|p1: ben69|move: Stealth Rock
|
|-heal|p2a: Jirachi|269\/404 par|[from] item: Leftovers
|turn|18
|
|move|p1a: Manaphy|Scald|p2a: Jirachi
|-damage|p2a: Jirachi|41\/404 par
|move|p2a: Jirachi|Wish|p2a: Jirachi
|
|-heal|p2a: Jirachi|66\/404 par|[from] item: Leftovers
|turn|19
|
|move|p1a: Manaphy|Scald|p2a: Jirachi
|-damage|p2a: Jirachi|0 fnt
|faint|p2a: Jirachi
|
|
|switch|p2a: Latios|Latios, M|154\/301
|-damage|p2a: Latios|117\/301|[from] Stealth Rock
|turn|20
|
|switch|p1a: Scizor|Scizor-Mega, M|265\/343
|-damage|p1a: Scizor|223\/343|[from] Stealth Rock
|move|p2a: Latios|Thunderbolt|p1a: Scizor
|-damage|p1a: Scizor|119\/343
|-damage|p2a: Latios|87\/301|[from] item: Life Orb
|
|turn|21
|
|move|p1a: Scizor|Bullet Punch|p2a: Latios
|-damage|p2a: Latios|0 fnt
|faint|p2a: Latios
|
|
|switch|p2a: Terrakion|Terrakion|323\/323
|-damage|p2a: Terrakion|303\/323|[from] Stealth Rock
|turn|22
|
|switch|p1a: Landorus-Therian|Landorus-Therian, M|252\/381 tox
|-damage|p1a: Landorus-Therian|205\/381 tox|[from] Stealth Rock
|-ability|p1a: Landorus-Therian|Intimidate|[of] p2a: Terrakion
|-unboost|p2a: Terrakion|atk|1
|move|p2a: Terrakion|Close Combat|p1a: Landorus-Therian
|-resisted|p1a: Landorus-Therian
|-damage|p1a: Landorus-Therian|153\/381 tox
|-unboost|p2a: Terrakion|def|1
|-unboost|p2a: Terrakion|spd|1
|
|-heal|p2a: Terrakion|323\/323|[from] item: Leftovers
|-damage|p1a: Landorus-Therian|130\/381 tox|[from] psn
|turn|23
|
|move|p2a: Terrakion|Substitute|p2a: Terrakion
|-start|p2a: Terrakion|Substitute
|-damage|p2a: Terrakion|243\/323
|move|p1a: Landorus-Therian|Earthquake|p2a: Terrakion
|-supereffective|p2a: Terrakion
|-end|p2a: Terrakion|Substitute
|
|-heal|p2a: Terrakion|263\/323|[from] item: Leftovers
|-damage|p1a: Landorus-Therian|84\/381 tox|[from] psn
|turn|24
|
|switch|p2a: Azumarill|Azumarill, M|384\/384
|-damage|p2a: Azumarill|336\/384|[from] Stealth Rock
|move|p1a: Landorus-Therian|Earthquake|p2a: Azumarill
|-damage|p2a: Azumarill|158\/384
|
|-damage|p1a: Landorus-Therian|15\/381 tox|[from] psn
|turn|25
|
|move|p2a: Azumarill|Aqua Jet|p1a: Landorus-Therian
|-supereffective|p1a: Landorus-Therian
|-damage|p1a: Landorus-Therian|0 fnt
|faint|p1a: Landorus-Therian
|
|
|switch|p1a: Rotom-Wash|Rotom-Wash|241\/241
|-damage|p1a: Rotom-Wash|211\/241|[from] Stealth Rock
|turn|26
|
|switch|p2a: Slowbro|Slowbro, M|375\/393
|-damage|p2a: Slowbro|326\/393|[from] Stealth Rock
|move|p1a: Rotom-Wash|Volt Switch|p2a: Slowbro
|-supereffective|p2a: Slowbro
|-damage|p2a: Slowbro|0 fnt
|faint|p2a: Slowbro
|
|switch|p1a: Thundurus|Thundurus, M|240\/299
|-damage|p1a: Thundurus|166\/299|[from] Stealth Rock
|
|-heal|p1a: Thundurus|184\/299|[from] item: Leftovers
|
|switch|p2a: Azumarill|Azumarill, M|158\/384
|-damage|p2a: Azumarill|110\/384|[from] Stealth Rock
|turn|27
|
|move|p2a: Azumarill|Aqua Jet|p1a: Thundurus
|-damage|p1a: Thundurus|69\/299
|move|p1a: Thundurus|Volt Switch|p2a: Azumarill
|-supereffective|p2a: Azumarill
|-damage|p2a: Azumarill|0 fnt
|faint|p2a: Azumarill
|
|switch|p1a: Diggersby|Diggersby, F|311\/311
|-damage|p1a: Diggersby|292\/311|[from] Stealth Rock
|
|
|switch|p2a: Terrakion|Terrakion|263\/323
|-damage|p2a: Terrakion|243\/323|[from] Stealth Rock
|turn|28
|
|move|p1a: Diggersby|Earthquake|p2a: Terrakion
|-supereffective|p2a: Terrakion
|-damage|p2a: Terrakion|0 fnt
|faint|p2a: Terrakion
|
|win|ben69
|raw|Ladder updating...
|raw|ben69's rating: 1834 &rarr; <strong>1841<\/strong><br \/>(+7 for winning)
|raw|HPrior's rating: 1567 &rarr; <strong>1560<\/strong><br \/>(-7 for losing)
|leave|HPrior
|player|p2