|join|Teremiare
|join|u got klefkied
|join|Dec19finaletears
|join|Sableye 2
|join|so garb
|join|The Fog
|c| Sableye 2|TELE?????
|player|p1|Teremiare|25
|player|p2|u got klefkied|290
|gametype|singles
|gen|4
|tier|[Gen 4] OU
|rule|Sleep Clause Mod: Limit one foe put to sleep
|rule|Species Clause: Limit one of each PokÃ©mon
|rule|OHKO Clause: OHKO moves are banned
|rule|Moody Clause: Moody is banned
|rule|Evasion Moves Clause: Evasion moves are banned
|rule|Endless Battle Clause: Forcing endless battles is banned
|rule|HP Percentage Mod: HP is shown in percentages
|
|start
|switch|p1a: Breloom|Breloom, F|323\/323
|switch|p2a: Skarmory|Skarmory, F|334\/334
|turn|1
|join|fev'
|leave|fev'
|join|fev'
|join|SafeORAS
|
|switch|p2a: Celebi|Celebi|403\/403
|move|p1a: Breloom|Spore|p2a: Celebi
|-status|p2a: Celebi|slp
|
|-status|p1a: Breloom|tox|[from] item: Toxic Orb
|turn|2
|leave|SafeORAS
|
|switch|p2a: Skarmory|Skarmory, F|334\/334
|move|p1a: Breloom|Rock Slide|p2a: Skarmory
|-damage|p2a: Skarmory|292\/334
|
|-heal|p2a: Skarmory|312\/334|[from] item: Leftovers
|turn|3
|join|bitches brew
|
|switch|p1a: Heatran|Heatran, F|386\/386
|move|p2a: Skarmory|Spikes|p1a: Heatran
|-sidestart|p1: Teremiare|Spikes
|
|-heal|p2a: Skarmory|332\/334|[from] item: Leftovers
|turn|4
|
|switch|p2a: Heatran|Heatran, F|375\/375
|move|p1a: Heatran|Lava Plume|p2a: Heatran
|-start|p2a: Heatran|ability: Flash Fire
|
|turn|5
|
|move|p1a: Heatran|Stealth Rock|p2a: Heatran
|-sidestart|p2: u got klefkied|move: Stealth Rock
|move|p2a: Heatran|Substitute|p2a: Heatran
|-start|p2a: Heatran|Substitute
|-damage|p2a: Heatran|282\/375
|
|-heal|p2a: Heatran|305\/375|[from] item: Leftovers
|turn|6
|c|âTeremiare|well then
|
|move|p1a: Heatran|Substitute|p1a: Heatran
|-start|p1a: Heatran|Substitute
|-damage|p1a: Heatran|290\/386
|move|p2a: Heatran|Earth Power|p1a: Heatran
|-supereffective|p1a: Heatran
|-end|p1a: Heatran|Substitute
|
|-heal|p1a: Heatran|314\/386|[from] item: Leftovers
|-heal|p2a: Heatran|328\/375|[from] item: Leftovers
|turn|7
|c|âu got klefkied|its fine
|
|switch|p1a: Dragonite|Dragonite, M|323\/323
|move|p2a: Heatran|Earth Power|p1a: Dragonite
|-immune|p1a: Dragonite|[msg]
|
|-heal|p2a: Heatran|351\/375|[from] item: Leftovers
|turn|8
|
|move|p1a: Dragonite|Dragon Dance|p1a: Dragonite
|-boost|p1a: Dragonite|atk|1
|-boost|p1a: Dragonite|spe|1
|move|p2a: Heatran|Toxic|p1a: Dragonite
|-status|p1a: Dragonite|tox
|
|-heal|p2a: Heatran|374\/375|[from] item: Leftovers
|-damage|p1a: Dragonite|303\/323 tox|[from] psn
|turn|9
|
|switch|p1a: Zapdos|Zapdos|382\/382
|-ability|p1a: Zapdos|Pressure
|move|p2a: Heatran|Fire Blast|p1a: Zapdos
|-damage|p1a: Zapdos|0 fnt
|faint|p1a: Zapdos
|
|-heal|p2a: Heatran|375\/375|[from] item: Leftovers
|c|âTeremiare|If only I had useful moves on dragonite
|leave|bitches brew
|c|âu got klefkied|:[
|
|switch|p1a: Gengar|Gengar, F|261\/261
|turn|10
|
|move|p1a: Gengar|Focus Blast|p2a: Heatran
|-supereffective|p2a: Heatran
|-end|p2a: Heatran|Substitute
|move|p2a: Heatran|Fire Blast|p1a: Gengar
|-damage|p1a: Gengar|0 fnt
|faint|p1a: Gengar
|
|
|switch|p1a: Tyranitar|Tyranitar, F|341\/341
|-damage|p1a: Tyranitar|299\/341|[from] Spikes
|-weather|Sandstorm|[from] ability: Sand Stream|[of] p1a: Tyranitar
|turn|11
|c|âTeremiare|this is going great so far
|
|switch|p2a: Skarmory|Skarmory, F|332\/334
|-damage|p2a: Skarmory|291\/334|[from] Stealth Rock
|move|p1a: Tyranitar|Superpower|p2a: Skarmory
|-damage|p2a: Skarmory|201\/334
|-unboost|p1a: Tyranitar|atk|1
|-unboost|p1a: Tyranitar|def|1
|
|-weather|Sandstorm|[upkeep]
|-heal|p2a: Skarmory|221\/334|[from] item: Leftovers
|turn|12
|c|âTeremiare|I sort of
|c|âTeremiare|like
|c|âTeremiare|can't win this
|
|switch|p1a: Dragonite|Dragonite, M|303\/323 tox
|switch|p2a: Starmie|Starmie|323\/323
|-damage|p2a: Starmie|283\/323|[from] Stealth Rock
|
|-weather|Sandstorm|[upkeep]
|-damage|p2a: Starmie|263\/323|[from] sandstorm
|-damage|p1a: Dragonite|283\/323 tox|[from] sandstorm
|-heal|p2a: Starmie|283\/323|[from] item: Leftovers
|-damage|p1a: Dragonite|263\/323 tox|[from] psn
|turn|13
|
|move|p2a: Starmie|Ice Beam|p1a: Dragonite
|-supereffective|p1a: Dragonite
|-damage|p1a: Dragonite|0 fnt
|faint|p1a: Dragonite
|
|-weather|Sandstorm|[upkeep]
|-damage|p2a: Starmie|263\/323|[from] sandstorm
|-heal|p2a: Starmie|283\/323|[from] item: Leftovers
|
|switch|p1a: Breloom|Breloom, F|323\/323 tox
|-damage|p1a: Breloom|283\/323 tox|[from] Spikes
|turn|14
|
|switch|p2a: Skarmory|Skarmory, F|221\/334
|-damage|p2a: Skarmory|180\/334|[from] Stealth Rock
|move|p1a: Breloom|Leech Seed|p2a: Skarmory
|-start|p2a: Skarmory|move: Leech Seed
|
|-weather|Sandstorm|[upkeep]
|-damage|p1a: Breloom|263\/323 tox|[from] sandstorm
|-heal|p2a: Skarmory|200\/334|[from] item: Leftovers
|-damage|p2a: Skarmory|159\/334|[from] Leech Seed|[of] p1a: Breloom
|-heal|p1a: Breloom|304\/323 tox|[silent]
|-heal|p1a: Breloom|323\/323 tox|[from] ability: Poison Heal
|turn|15
|
|move|p2a: Skarmory|Roost|p2a: Skarmory
|-heal|p2a: Skarmory|326\/334
|move|p1a: Breloom|Drain Punch|p2a: Skarmory
|-supereffective|p2a: Skarmory
|-damage|p2a: Skarmory|222\/334
|
|-weather|Sandstorm|[upkeep]
|-damage|p1a: Breloom|303\/323 tox|[from] sandstorm
|-heal|p2a: Skarmory|242\/334|[from] item: Leftovers
|-damage|p2a: Skarmory|201\/334|[from] Leech Seed|[of] p1a: Breloom
|-heal|p1a: Breloom|323\/323 tox|[silent]
|turn|16
|
|move|p2a: Skarmory|Brave Bird|p1a: Breloom
|-supereffective|p1a: Breloom
|-damage|p1a: Breloom|0 fnt
|-damage|p2a: Skarmory|94\/334|[from] recoil|[of] p1a: Breloom
|faint|p1a: Breloom
|
|-weather|Sandstorm|[upkeep]
|-heal|p2a: Skarmory|114\/334|[from] item: Leftovers
|
|switch|p1a: Tyranitar|Tyranitar, F|299\/341
|-damage|p1a: Tyranitar|257\/341|[from] Spikes
|turn|17
|
|move|p1a: Tyranitar|Superpower|p2a: Skarmory
|-damage|p2a: Skarmory|33\/334
|-unboost|p1a: Tyranitar|atk|1
|-unboost|p1a: Tyranitar|def|1
|move|p2a: Skarmory|Roost|p2a: Skarmory
|-heal|p2a: Skarmory|200\/334
|
|-weather|Sandstorm|[upkeep]
|-heal|p2a: Skarmory|220\/334|[from] item: Leftovers
|-damage|p2a: Skarmory|179\/334|[from] Leech Seed|[of] p1a: Tyranitar
|-heal|p1a: Tyranitar|298\/341|[silent]
|turn|18
|c|âTeremiare|gg
|c|âu got klefkied|gg
|
|switch|p2a: Dragonite|Dragonite, F|323\/323
|-damage|p2a: Dragonite|243\/323|[from] Stealth Rock
|move|p1a: Tyranitar|Superpower|p2a: Dragonite
|-resisted|p2a: Dragonite
|-damage|p2a: Dragonite|195\/323
|-unboost|p1a: Tyranitar|atk|1
|-unboost|p1a: Tyranitar|def|1
|
|-weather|Sandstorm|[upkeep]
|-damage|p2a: Dragonite|175\/323|[from] sandstorm
|turn|19
|
|move|p1a: Tyranitar|Superpower|p2a: Dragonite
|-resisted|p2a: Dragonite
|-damage|p2a: Dragonite|138\/323
|-unboost|p1a: Tyranitar|atk|1
|-unboost|p1a: Tyranitar|def|1
|move|p2a: Dragonite|Earthquake|p1a: Tyranitar
|-supereffective|p1a: Tyranitar
|-damage|p1a: Tyranitar|0 fnt
|faint|p1a: Tyranitar
|
|-weather|Sandstorm|[upkeep]
|-damage|p2a: Dragonite|118\/323|[from] sandstorm
|
|switch|p1a: Heatran|Heatran, F|314\/386
|-damage|p1a: Heatran|266\/386|[from] Spikes
|turn|20
|
|move|p2a: Dragonite|Earthquake|p1a: Heatran
|-supereffective|p1a: Heatran
|-damage|p1a: Heatran|0 fnt
|faint|p1a: Heatran
|
|win|u got klefkied
|leave|Teremiare
|player|p1
|join|nuups