|join|Lemmy
|join|u got klefkied
|player|p1|Lemmy|267
|player|p2|u got klefkied|290
|gametype|singles
|gen|6
|tier|OU
|clearpoke
|poke|p1|Cottonee, F
|poke|p1|Azelf
|poke|p1|Whimsicott, F
|poke|p1|Smeargle, M, shiny
|poke|p1|Espeon, M
|poke|p1|Gothitelle, F
|poke|p2|Aerodactyl, F
|poke|p2|Crawdaunt, F
|poke|p2|Raikou
|poke|p2|Diancie
|poke|p2|Heatran, M
|poke|p2|Latias, F
|rule|Swagger Clause: Swagger is banned
|rule|Baton Pass Clause: Limit one PokÃ©mon knowing Baton Pass
|rule|Sleep Clause Mod: Limit one foe put to sleep
|rule|Species Clause: Limit one of each PokÃ©mon
|rule|OHKO Clause: OHKO moves are banned
|rule|Moody Clause: Moody is banned
|rule|Evasion Moves Clause: Evasion moves are banned
|rule|Endless Battle Clause: Forcing endless battles is banned
|rule|HP Percentage Mod: HP is shown in percentages
|teampreview
|join|iElite Darkrai
|join|pelluco
|join|Taiy
|c|âu got klefkied|dios , que vergÃºenza
|
|start
|switch|p1a: Ireland|Cottonee, F|284\/284
|switch|p2a: Aerodactyl|Aerodactyl, F|301\/301
|-ability|p2a: Aerodactyl|Unnerve|p1: Lemmy
|turn|1
|c|âLemmy|la u no lleva tilde
|c| Taiy|Dios
|c| Taiy|Que equipo mas nazi
|c| Taiy|xDDDDD
|c|âLemmy|le pasa por hablar mal de los rivales que ha tenido
|c|âu got klefkied|diÃ©resis pero desde aquÃ­ no la se poner
|c|âu got klefkied|tu sabes quien soy xD ?
|c|âLemmy|nop
|c|âLemmy|pero me hago una idea
|
|move|p1a: Ireland|Tailwind|p1a: Ireland
|-sidestart|p1: Lemmy|move: Tailwind
|move|p2a: Aerodactyl|Stealth Rock|p1a: Ireland
|-sidestart|p1: Lemmy|move: Stealth Rock
|
|turn|2
|c|âu got klefkied|si, claro xD
|
|move|p1a: Ireland|Stun Spore|p2a: Aerodactyl
|-status|p2a: Aerodactyl|par
|cant|p2a: Aerodactyl|par
|
|turn|3
|
|switch|p2a: Heatran|Heatran, M|323\/323
|move|p1a: Ireland|Taunt|p2a: Heatran
|-start|p2a: Heatran|move: Taunt
|
|turn|4
|join|pablomaster
|c|âu got klefkied|a mi como comprenderÃ¡s , que me saquen BP en un tour random me la pela bastante
|
|move|p1a: Ireland|Stun Spore|p2a: Heatran
|-status|p2a: Heatran|par
|move|p2a: Heatran|Fire Blast|p1a: Ireland
|-supereffective|p1a: Ireland
|-enditem|p1a: Ireland|Focus Sash
|-damage|p1a: Ireland|1\/284
|-status|p1a: Ireland|brn
|
|-damage|p1a: Ireland|0 fnt|[from] brn
|-sideend|p1: Lemmy|move: Tailwind
|faint|p1a: Ireland
|
|switch|p1a: Ireland|Azelf|354\/354
|-damage|p1a: Ireland|310\/354|[from] Stealth Rock
|turn|5
|c|âLemmy|sadx
|
|switch|p2a: Crawdaunt|Crawdaunt, F|269\/269
|move|p1a: Ireland|Light Screen|p1a: Ireland
|-sidestart|p1: Lemmy|move: Light Screen
|
|turn|6
|
|move|p1a: Ireland|Reflect|p1a: Ireland
|-sidestart|p1: Lemmy|Reflect
|move|p2a: Crawdaunt|Knock Off|p1a: Ireland
|-supereffective|p1a: Ireland
|-damage|p1a: Ireland|0 fnt
|-enditem|p1a: Ireland|Light Clay|[from] move: Knock Off|[of] p2a: Crawdaunt
|-damage|p2a: Crawdaunt|243\/269|[from] item: Life Orb
|faint|p1a: Ireland
|
|
|switch|p1a: Ireland|Whimsicott, F|324\/324
|-damage|p1a: Ireland|284\/324|[from] Stealth Rock
|turn|7
|
|switch|p2a: Latias|Latias, F|301\/301
|move|p1a: Ireland|Tailwind|p1a: Ireland
|-sidestart|p1: Lemmy|move: Tailwind
|
|turn|8
|join|Redboar104
|leave|Redboar104
|
|move|p1a: Ireland|Taunt|p2a: Latias
|-start|p2a: Latias|move: Taunt
|cant|p2a: Latias|move: Taunt|Healing Wish
|
|turn|9
|
|switch|p2a: Heatran|Heatran, M|323\/323 par
|move|p1a: Ireland|Memento|p2a: Heatran
|-unboost|p2a: Heatran|atk|2
|-unboost|p2a: Heatran|spa|2
|faint|p1a: Ireland
|
|leave|pelluco
|join|pelluco
|
|switch|p1a: Ireland|Smeargle, M, shiny|251\/251
|-damage|p1a: Ireland|220\/251|[from] Stealth Rock
|turn|10
|join|luisjh98
|
|move|p1a: Ireland|Geomancy|p1a: Ireland|[still]
|-prepare|p1a: Ireland|Geomancy|p1a: Ireland
|-enditem|p1a: Ireland|Power Herb
|-anim|p1a: Ireland|Geomancy|p1a: Ireland
|-boost|p1a: Ireland|spa|2
|-boost|p1a: Ireland|spd|2
|-boost|p1a: Ireland|spe|2
|move|p2a: Heatran|Taunt|p1a: Ireland
|-start|p1a: Ireland|move: Taunt
|
|-sideend|p1: Lemmy|move: Tailwind
|turn|11
|
|switch|p2a: Crawdaunt|Crawdaunt, F|243\/269
|move|p1a: Ireland|Struggle|p2a: Crawdaunt
|-damage|p2a: Crawdaunt|234\/269
|-damage|p1a: Ireland|158\/251
|
|turn|12
|c|âLemmy|sadx
|
|move|p1a: Ireland|Struggle|p2a: Crawdaunt
|-damage|p2a: Crawdaunt|226\/269
|-damage|p1a: Ireland|96\/251
|move|p2a: Crawdaunt|Knock Off|p1a: Ireland
|-damage|p1a: Ireland|0 fnt
|-damage|p2a: Crawdaunt|200\/269|[from] item: Life Orb
|faint|p1a: Ireland
|
|-sideend|p1: Lemmy|move: Light Screen
|
|switch|p1a: Ireland|Gothitelle, F|344\/344
|-damage|p1a: Ireland|301\/344|[from] Stealth Rock
|turn|13
|
|move|p2a: Crawdaunt|Knock Off|p1a: Ireland
|-supereffective|p1a: Ireland
|-damage|p1a: Ireland|5\/344
|-enditem|p1a: Ireland|Choice Specs|[from] move: Knock Off|[of] p2a: Crawdaunt
|-damage|p2a: Crawdaunt|174\/269|[from] item: Life Orb
|move|p1a: Ireland|Thunderbolt|p2a: Crawdaunt
|-supereffective|p2a: Crawdaunt
|-damage|p2a: Crawdaunt|0 fnt
|faint|p2a: Crawdaunt
|
|-sideend|p1: Lemmy|Reflect
|
|switch|p2a: Raikou|Raikou|321\/321
|-ability|p2a: Raikou|Pressure
|turn|14
|c|âu got klefkied|que triste xd
|
|move|p2a: Raikou|Calm Mind|p2a: Raikou
|-boost|p2a: Raikou|spa|1
|-boost|p2a: Raikou|spd|1
|move|p1a: Ireland|Trick|p2a: Raikou
|-activate|p1a: Ireland|move: Trick|[of] p2a: Raikou
|-item|p1a: Ireland|Leftovers|[from] move: Trick
|
|-heal|p1a: Ireland|26\/344|[from] item: Leftovers
|turn|15
|
|move|p2a: Raikou|Thunderbolt|p1a: Ireland
|-damage|p1a: Ireland|0 fnt
|faint|p1a: Ireland
|
|
|switch|p1a: Ireland|Espeon, M|321\/321
|-damage|p1a: Ireland|281\/321|[from] Stealth Rock
|turn|16
|join|jerry85
|c|âu got klefkied|âLemmy: le pasa por hablar mal de los rivales que ha tenido
|
|move|p2a: Raikou|Shadow Ball|p1a: Ireland
|-crit|p1a: Ireland
|-supereffective|p1a: Ireland
|-damage|p1a: Ireland|0 fnt
|faint|p1a: Ireland
|
|win|u got klefkied
|leave|pablomaster
|c|âu got klefkied|no sÃ© di quien hablÃ© mal
|leave|pelluco
|c|âu got klefkied|esto te pasa por jugar BP
|leave|Lemmy
|player|p1
|leave|Taiy
|leave|u got klefkied
|player|p2
|leave|iElite Darkrai
|join|Nathanian Ayes
|leave|luisjh98