|join|LightYamani
|join|u got klefkied
|player|p1|LightYamani|274
|player|p2|u got klefkied|136
|gametype|singles
|gen|6
|tier|OU
|rated
|clearpoke
|poke|p1|Gallade, M
|poke|p1|Bisharp, F
|poke|p1|Rotom-Wash
|poke|p1|Latios, M
|poke|p1|Terrakion
|poke|p1|Landorus-Therian, M
|poke|p2|Aerodactyl, M
|poke|p2|Raikou
|poke|p2|Crawdaunt, M
|poke|p2|Diancie
|poke|p2|Heatran, F
|poke|p2|Latias, F
|rule|Swagger Clause: Swagger is banned
|rule|Baton Pass Clause: Limit one PokÃ©mon knowing Baton Pass
|rule|Sleep Clause Mod: Limit one foe put to sleep
|rule|Species Clause: Limit one of each PokÃ©mon
|rule|OHKO Clause: OHKO moves are banned
|rule|Moody Clause: Moody is banned
|rule|Evasion Moves Clause: Evasion moves are banned
|rule|Endless Battle Clause: Forcing endless battles is banned
|rule|HP Percentage Mod: HP is shown in percentages
|teampreview
|
|start
|switch|p1a: Terrakion|Terrakion|323\/323
|switch|p2a: Aerodactyl|Aerodactyl, M|301\/301
|turn|1
|
|move|p2a: Aerodactyl|Taunt|p1a: Terrakion
|-start|p1a: Terrakion|move: Taunt
|move|p1a: Terrakion|Stone Edge|p2a: Aerodactyl
|-supereffective|p2a: Aerodactyl
|-enditem|p2a: Aerodactyl|Focus Sash
|-damage|p2a: Aerodactyl|1\/301
|
|turn|2
|
|switch|p1a: Landorus-Therian|Landorus-Therian, M|319\/319
|-ability|p1a: Landorus-Therian|Intimidate|[of] p2a: Aerodactyl
|-unboost|p2a: Aerodactyl|atk|1
|move|p2a: Aerodactyl|Stealth Rock|p1a: Landorus-Therian
|-sidestart|p1: LightYamani|move: Stealth Rock
|
|turn|3
|
|move|p1a: Landorus-Therian|U-turn|p2a: Aerodactyl
|-resisted|p2a: Aerodactyl
|-damage|p2a: Aerodactyl|0 fnt
|faint|p2a: Aerodactyl
|
|switch|p1a: Gallade|Gallade, M|277\/277
|-damage|p1a: Gallade|260\/277|[from] Stealth Rock
|
|
|switch|p2a: Raikou|Raikou|321\/321
|-ability|p2a: Raikou|Pressure
|turn|4
|
|switch|p1a: Rotom-Wash|Rotom-Wash|303\/303
|-damage|p1a: Rotom-Wash|266\/303|[from] Stealth Rock
|move|p2a: Raikou|Calm Mind|p2a: Raikou
|-boost|p2a: Raikou|spa|1
|-boost|p2a: Raikou|spd|1
|
|-heal|p1a: Rotom-Wash|284\/303|[from] item: Leftovers
|turn|5
|
|move|p2a: Raikou|Substitute|p2a: Raikou
|-start|p2a: Raikou|Substitute
|-damage|p2a: Raikou|241\/321
|move|p1a: Rotom-Wash|Will-O-Wisp|p2a: Raikou|[miss]
|-miss|p1a: Rotom-Wash|p2a: Raikou
|
|-heal|p2a: Raikou|261\/321|[from] item: Leftovers
|-heal|p1a: Rotom-Wash|302\/303|[from] item: Leftovers
|turn|6
|
|move|p2a: Raikou|Calm Mind|p2a: Raikou
|-boost|p2a: Raikou|spa|1
|-boost|p2a: Raikou|spd|1
|move|p1a: Rotom-Wash|Hydro Pump|p2a: Raikou|[miss]
|-miss|p1a: Rotom-Wash|p2a: Raikou
|
|-heal|p2a: Raikou|281\/321|[from] item: Leftovers
|-heal|p1a: Rotom-Wash|303\/303|[from] item: Leftovers
|turn|7
|
|switch|p1a: Landorus-Therian|Landorus-Therian, M|319\/319
|-damage|p1a: Landorus-Therian|280\/319|[from] Stealth Rock
|-activate|p2a: Raikou|Substitute|ability: Intimidate|[of] p1a: Landorus-Therian
|move|p2a: Raikou|Thunderbolt|p1a: Landorus-Therian
|-immune|p1a: Landorus-Therian|[msg]
|
|-heal|p2a: Raikou|301\/321|[from] item: Leftovers
|turn|8
|
|move|p1a: Landorus-Therian|Earthquake|p2a: Raikou
|-supereffective|p2a: Raikou
|-end|p2a: Raikou|Substitute
|move|p2a: Raikou|Shadow Ball|p1a: Landorus-Therian
|-damage|p1a: Landorus-Therian|73\/319
|
|-heal|p2a: Raikou|321\/321|[from] item: Leftovers
|turn|9
|
|switch|p2a: Latias|Latias, F|301\/301
|move|p1a: Landorus-Therian|Earthquake|p2a: Latias
|-immune|p2a: Latias|[msg]
|
|turn|10
|
|switch|p2a: Heatran|Heatran, F|323\/323
|switch|p1a: Bisharp|Bisharp, F|271\/271
|-damage|p1a: Bisharp|255\/271|[from] Stealth Rock
|
|turn|11
|
|switch|p1a: Rotom-Wash|Rotom-Wash|303\/303
|-damage|p1a: Rotom-Wash|266\/303|[from] Stealth Rock
|move|p2a: Heatran|Fire Blast|p1a: Rotom-Wash
|-resisted|p1a: Rotom-Wash
|-damage|p1a: Rotom-Wash|167\/303
|
|-heal|p1a: Rotom-Wash|185\/303|[from] item: Leftovers
|turn|12
|
|switch|p2a: Latias|Latias, F|301\/301
|move|p1a: Rotom-Wash|Volt Switch|p2a: Latias
|-resisted|p2a: Latias
|-damage|p2a: Latias|267\/301
|
|switch|p1a: Bisharp|Bisharp, F|255\/271
|-damage|p1a: Bisharp|239\/271|[from] Stealth Rock
|
|turn|13
|
|move|p2a: Latias|Draco Meteor|p1a: Bisharp
|-resisted|p1a: Bisharp
|-damage|p1a: Bisharp|112\/271
|-unboost|p2a: Latias|spa|2
|move|p1a: Bisharp|Swords Dance|p1a: Bisharp
|-boost|p1a: Bisharp|atk|2
|
|turn|14
|
|switch|p2a: Heatran|Heatran, F|323\/323
|move|p1a: Bisharp|Knock Off|p2a: Heatran
|-damage|p2a: Heatran|0 fnt
|-enditem|p2a: Heatran|Leftovers|[from] move: Knock Off|[of] p1a: Bisharp
|-damage|p1a: Bisharp|85\/271|[from] item: Life Orb
|faint|p2a: Heatran
|
|
|switch|p2a: Crawdaunt|Crawdaunt, M|269\/269
|turn|15
|
|move|p1a: Bisharp|Sucker Punch|p2a: Crawdaunt
|-resisted|p2a: Crawdaunt
|-damage|p2a: Crawdaunt|57\/269
|-damage|p1a: Bisharp|58\/271|[from] item: Life Orb
|move|p2a: Crawdaunt|Aqua Jet|p1a: Bisharp
|-damage|p1a: Bisharp|0 fnt
|-damage|p2a: Crawdaunt|31\/269|[from] item: Life Orb
|faint|p1a: Bisharp
|
|
|switch|p1a: Latios|Latios, M|301\/301
|-damage|p1a: Latios|264\/301|[from] Stealth Rock
|turn|16
|
|move|p1a: Latios|Surf|p2a: Crawdaunt
|-resisted|p2a: Crawdaunt
|-damage|p2a: Crawdaunt|0 fnt
|faint|p2a: Crawdaunt
|
|
|switch|p2a: Raikou|Raikou|321\/321
|-ability|p2a: Raikou|Pressure
|turn|17
|
|switch|p1a: Terrakion|Terrakion|323\/323
|-damage|p1a: Terrakion|303\/323|[from] Stealth Rock
|move|p2a: Raikou|Shadow Ball|p1a: Terrakion
|-damage|p1a: Terrakion|212\/323
|
|turn|18
|
|switch|p2a: Latias|Latias, F|267\/301
|move|p1a: Terrakion|Close Combat|p2a: Latias
|-resisted|p2a: Latias
|-damage|p2a: Latias|146\/301
|-unboost|p1a: Terrakion|def|1
|-unboost|p1a: Terrakion|spd|1
|
|turn|19
|
|move|p2a: Latias|Psyshock|p1a: Terrakion
|-supereffective|p1a: Terrakion
|-damage|p1a: Terrakion|0 fnt
|faint|p1a: Terrakion
|
|
|switch|p1a: Landorus-Therian|Landorus-Therian, M|73\/319
|-damage|p1a: Landorus-Therian|34\/319|[from] Stealth Rock
|-ability|p1a: Landorus-Therian|Intimidate|[of] p2a: Latias
|-unboost|p2a: Latias|atk|1
|turn|20
|
|move|p2a: Latias|Psyshock|p1a: Landorus-Therian
|-damage|p1a: Landorus-Therian|0 fnt
|faint|p1a: Landorus-Therian
|
|
|switch|p1a: Latios|Latios, M|264\/301
|-damage|p1a: Latios|227\/301|[from] Stealth Rock
|turn|21
|
|move|p2a: Latias|Psyshock|p1a: Latios
|-resisted|p1a: Latios
|-damage|p1a: Latios|156\/301
|move|p1a: Latios|Draco Meteor|p2a: Latias
|-supereffective|p2a: Latias
|-damage|p2a: Latias|0 fnt
|-unboost|p1a: Latios|spa|2
|faint|p2a: Latias
|
|
|switch|p2a: Diancie|Diancie|261\/261
|turn|22
|
|switch|p1a: Rotom-Wash|Rotom-Wash|185\/303
|-damage|p1a: Rotom-Wash|148\/303|[from] Stealth Rock
|detailschange|p2a: Diancie|Diancie-Mega
|-mega|p2a: Diancie|Diancie|Diancite
|move|p2a: Diancie|Rock Polish|p2a: Diancie
|-boost|p2a: Diancie|spe|2
|
|-heal|p1a: Rotom-Wash|166\/303|[from] item: Leftovers
|turn|23
|
|move|p2a: Diancie|Moonblast|p1a: Rotom-Wash
|-damage|p1a: Rotom-Wash|0 fnt
|faint|p1a: Rotom-Wash
|
|
|switch|p1a: Latios|Latios, M|156\/301
|-damage|p1a: Latios|119\/301|[from] Stealth Rock
|turn|24
|
|move|p2a: Diancie|Moonblast|p1a: Latios
|-supereffective|p1a: Latios
|-damage|p1a: Latios|0 fnt
|faint|p1a: Latios
|
|
|switch|p1a: Gallade|Gallade, M|260\/277
|-damage|p1a: Gallade|243\/277|[from] Stealth Rock
|turn|25
|
|detailschange|p1a: Gallade|Gallade-Mega, M
|-mega|p1a: Gallade|Gallade|Galladite
|move|p2a: Diancie|Moonblast|p1a: Gallade
|-supereffective|p1a: Gallade
|-damage|p1a: Gallade|0 fnt
|faint|p1a: Gallade
|
|win|u got klefkied
|raw|Ladder updating...
|raw|LightYamani's rating: 1459 &rarr; <strong>1439<\/strong><br \/>(-20 for losing)
|raw|u got klefkied's rating: 1459 &rarr; <strong>1479<\/strong><br \/>(+20 for winning)
|leave|LightYamani
|player|p1