|join|u got klefkied
|join|Chakero
|player|p1|u got klefkied|290
|player|p2|Chakero|290
|gametype|singles
|gen|6
|tier|OU
|clearpoke
|poke|p1|Hydreigon, F
|poke|p1|Scizor, M
|poke|p1|Clefable, M
|poke|p1|Hippowdon, M
|poke|p1|Empoleon, F
|poke|p1|Talonflame, M
|poke|p2|Metagross, shiny
|poke|p2|Latios, M, shiny
|poke|p2|Landorus-Therian, M, shiny
|poke|p2|Clefable, M
|poke|p2|Rotom-Wash, shiny
|poke|p2|Keldeo
|rule|Swagger Clause: Swagger is banned
|rule|Baton Pass Clause: Limit one PokÃ©mon knowing Baton Pass
|rule|Sleep Clause Mod: Limit one foe put to sleep
|rule|Species Clause: Limit one of each PokÃ©mon
|rule|OHKO Clause: OHKO moves are banned
|rule|Moody Clause: Moody is banned
|rule|Evasion Moves Clause: Evasion moves are banned
|rule|Endless Battle Clause: Forcing endless battles is banned
|rule|HP Percentage Mod: HP is shown in percentages
|teampreview
|c|âChakero|gl
|join|MonterDFD
|c|âChakero|Estoy jugando otra partida, perdon si tardo mucho
|leave|MonterDFD
|c|âu got klefkied|lo mismo te digo xd
|c|âu got klefkied|gl
|c|âChakero|xd
|
|start
|switch|p1a: Scizor|Scizor, M|343\/343
|switch|p2a: Gear Third|Rotom-Wash, shiny|304\/304
|turn|1
|
|switch|p1a: Clefable|Clefable, M|394\/394
|move|p2a: Gear Third|Will-O-Wisp|p1a: Clefable|[miss]
|-miss|p2a: Gear Third|p1a: Clefable
|
|turn|2
|
|move|p2a: Gear Third|Volt Switch|p1a: Clefable
|-damage|p1a: Clefable|312\/394
|
|switch|p2a: Fuusen|Clefable, M|394\/394
|move|p1a: Clefable|Flamethrower|p2a: Fuusen
|-damage|p2a: Fuusen|338\/394
|
|-heal|p2a: Fuusen|362\/394|[from] item: Leftovers
|-heal|p1a: Clefable|336\/394|[from] item: Leftovers
|turn|3
|
|switch|p1a: Empoleon|Empoleon, F|372\/372
|move|p2a: Fuusen|Stealth Rock|p1a: Empoleon
|-sidestart|p1: u got klefkied|move: Stealth Rock
|
|-heal|p2a: Fuusen|386\/394|[from] item: Leftovers
|turn|4
|
|switch|p2a: Gear Third|Rotom-Wash, shiny|304\/304
|move|p1a: Empoleon|Defog|p2a: Gear Third
|-unboost|p2a: Gear Third|evasion|1
|-sideend|p1: u got klefkied|Stealth Rock|[from] move: Defog|[of] p1a: Empoleon
|
|turn|5
|join|Paco1989
|
|switch|p1a: Hippowdon|Hippowdon, M|419\/419
|-weather|Sandstorm
|move|p2a: Gear Third|Will-O-Wisp|p1a: Hippowdon
|-status|p1a: Hippowdon|brn
|
|-weather|Sandstorm|[upkeep]
|-damage|p2a: Gear Third|285\/304|[from] sandstorm
|-heal|p2a: Gear Third|304\/304|[from] item: Leftovers
|-damage|p1a: Hippowdon|367\/419 brn|[from] brn
|turn|6
|
|switch|p1a: Clefable|Clefable, M|336\/394
|move|p2a: Gear Third|Hydro Pump|p1a: Clefable
|-damage|p1a: Clefable|216\/394
|
|-weather|Sandstorm|[upkeep]
|-damage|p2a: Gear Third|285\/304|[from] sandstorm
|-heal|p2a: Gear Third|304\/304|[from] item: Leftovers
|-heal|p1a: Clefable|240\/394|[from] item: Leftovers
|turn|7
|leave|Paco1989
|
|move|p2a: Gear Third|Hydro Pump|p1a: Clefable
|-damage|p1a: Clefable|120\/394
|move|p1a: Clefable|Soft-Boiled|p1a: Clefable
|-heal|p1a: Clefable|317\/394
|
|-weather|Sandstorm|[upkeep]
|-damage|p2a: Gear Third|285\/304|[from] sandstorm
|-heal|p2a: Gear Third|304\/304|[from] item: Leftovers
|-heal|p1a: Clefable|341\/394|[from] item: Leftovers
|turn|8
|
|move|p2a: Gear Third|Volt Switch|p1a: Clefable
|-damage|p1a: Clefable|262\/394
|
|switch|p2a: Fuusen|Clefable, M|386\/394
|move|p1a: Clefable|Calm Mind|p1a: Clefable
|-boost|p1a: Clefable|spa|1
|-boost|p1a: Clefable|spd|1
|
|-weather|Sandstorm|[upkeep]
|-heal|p1a: Clefable|286\/394|[from] item: Leftovers
|-heal|p2a: Fuusen|394\/394|[from] item: Leftovers
|turn|9
|
|move|p1a: Clefable|Calm Mind|p1a: Clefable
|-boost|p1a: Clefable|spa|1
|-boost|p1a: Clefable|spd|1
|move|p2a: Fuusen|Stealth Rock|p1a: Clefable
|-sidestart|p1: u got klefkied|move: Stealth Rock
|
|-weather|none
|-heal|p1a: Clefable|310\/394|[from] item: Leftovers
|turn|10
|
|switch|p2a: Grizzly Magnum|Metagross, shiny|301\/301
|move|p1a: Clefable|Flamethrower|p2a: Grizzly Magnum
|-supereffective|p2a: Grizzly Magnum
|-damage|p2a: Grizzly Magnum|29\/301
|
|-heal|p1a: Clefable|334\/394|[from] item: Leftovers
|turn|11
|
|switch|p1a: Hippowdon|Hippowdon, M|367\/419 brn
|-damage|p1a: Hippowdon|341\/419 brn|[from] Stealth Rock
|-weather|Sandstorm
|detailschange|p2a: Grizzly Magnum|Metagross-Mega, shiny
|-mega|p2a: Grizzly Magnum|Metagross|Metagrossite
|move|p2a: Grizzly Magnum|Meteor Mash|p1a: Hippowdon
|-damage|p1a: Hippowdon|197\/419 brn
|
|-weather|Sandstorm|[upkeep]
|-heal|p1a: Hippowdon|223\/419 brn|[from] item: Leftovers
|-damage|p1a: Hippowdon|171\/419 brn|[from] brn
|turn|12
|
|move|p2a: Grizzly Magnum|Ice Punch|p1a: Hippowdon
|-crit|p1a: Hippowdon
|-supereffective|p1a: Hippowdon
|-damage|p1a: Hippowdon|0 fnt
|faint|p1a: Hippowdon
|
|-weather|Sandstorm|[upkeep]
|
|switch|p1a: Scizor|Scizor, M|343\/343
|-damage|p1a: Scizor|301\/343|[from] Stealth Rock
|turn|13
|c|âChakero|No importÃ³, hacÃ­a 45 porciento
|c|âu got klefkied|252 Atk Tough Claws Mega Metagross Ice Punch vs. 252 HP \/ 252+ Def Hippowdon: 152-180 (36.1 - 42.8%) -- 96.6% chance to 3HKO after Leftovers recovery
|c|âu got klefkied|si dices calcs por lo menos no me tomes por tonto
|
|switch|p2a: Gear Third|Rotom-Wash, shiny|304\/304
|detailschange|p1a: Scizor|Scizor-Mega, M
|-mega|p1a: Scizor|Scizor|Scizorite
|move|p1a: Scizor|Knock Off|p2a: Gear Third
|-damage|p2a: Gear Third|211\/304
|-enditem|p2a: Gear Third|Leftovers|[from] move: Knock Off|[of] p1a: Scizor
|
|-weather|Sandstorm|[upkeep]
|-damage|p2a: Gear Third|192\/304|[from] sandstorm
|turn|14
|c|âChakero|Yo he calcualdo con el mixed walls
|c|âChakero|No con el defensivo fisico
|c|âChakero|Tampoco sabia cual era tu hippo
|join|Redboar104
|c|âu got klefkied|pues entonces no pongas que no importÃ³
|
|switch|p1a: Clefable|Clefable, M|334\/394
|move|p2a: Gear Third|Will-O-Wisp|p1a: Clefable
|-status|p1a: Clefable|brn
|
|-weather|Sandstorm|[upkeep]
|-damage|p2a: Gear Third|173\/304|[from] sandstorm
|-heal|p1a: Clefable|358\/394 brn|[from] item: Leftovers
|turn|15
|
|move|p2a: Gear Third|Volt Switch|p1a: Clefable
|-damage|p1a: Clefable|277\/394 brn
|c|âChakero|Tambien pudo ser maximum dmg btw
|
|switch|p2a: Fuusen|Clefable, M|394\/394
|move|p1a: Clefable|Moonblast|p2a: Fuusen
|-damage|p2a: Fuusen|318\/394
|
|-weather|none
|-heal|p1a: Clefable|301\/394 brn|[from] item: Leftovers
|-heal|p2a: Fuusen|342\/394|[from] item: Leftovers
|turn|16
|c|âu got klefkied|pues nada , lo que tu digas
|
|move|p2a: Fuusen|Moonblast|p1a: Clefable
|-damage|p1a: Clefable|198\/394 brn
|-unboost|p1a: Clefable|spa|1
|move|p1a: Clefable|Moonblast|p2a: Fuusen
|-crit|p2a: Fuusen
|-damage|p2a: Fuusen|219\/394
|
|-heal|p2a: Fuusen|243\/394|[from] item: Leftovers
|-heal|p1a: Clefable|222\/394 brn|[from] item: Leftovers
|turn|17
|
|move|p2a: Fuusen|Soft-Boiled|p2a: Fuusen
|-heal|p2a: Fuusen|394\/394
|move|p1a: Clefable|Soft-Boiled|p1a: Clefable
|-heal|p1a: Clefable|394\/394 brn
|
|turn|18
|
|move|p2a: Fuusen|Moonblast|p1a: Clefable
|-damage|p1a: Clefable|298\/394 brn
|move|p1a: Clefable|Calm Mind|p1a: Clefable
|-boost|p1a: Clefable|spa|1
|-boost|p1a: Clefable|spd|1
|
|-heal|p1a: Clefable|322\/394 brn|[from] item: Leftovers
|turn|19
|
|switch|p2a: Gear Sado|Landorus-Therian, M, shiny|319\/319
|-ability|p2a: Gear Sado|Intimidate|[of] p1a: Clefable
|-unboost|p1a: Clefable|atk|1
|move|p1a: Clefable|Moonblast|p2a: Gear Sado
|-damage|p2a: Gear Sado|198\/319
|-unboost|p2a: Gear Sado|spa|1
|
|-heal|p1a: Clefable|346\/394 brn|[from] item: Leftovers
|turn|20
|
|move|p2a: Gear Sado|Knock Off|p1a: Clefable
|-resisted|p1a: Clefable
|-damage|p1a: Clefable|279\/394 brn
|-enditem|p1a: Clefable|Leftovers|[from] move: Knock Off|[of] p2a: Gear Sado
|move|p1a: Clefable|Soft-Boiled|p1a: Clefable
|-heal|p1a: Clefable|394\/394 brn
|
|turn|21
|
|switch|p2a: Fuusen|Clefable, M|394\/394
|move|p1a: Clefable|Moonblast|p2a: Fuusen
|-damage|p2a: Fuusen|312\/394
|-unboost|p2a: Fuusen|spa|1
|
|-heal|p2a: Fuusen|336\/394|[from] item: Leftovers
|turn|22
|
|move|p2a: Fuusen|Moonblast|p1a: Clefable
|-damage|p1a: Clefable|348\/394 brn
|move|p1a: Clefable|Calm Mind|p1a: Clefable
|-boost|p1a: Clefable|spa|1
|-boost|p1a: Clefable|spd|1
|
|-heal|p2a: Fuusen|360\/394|[from] item: Leftovers
|turn|23
|
|move|p2a: Fuusen|Moonblast|p1a: Clefable
|-damage|p1a: Clefable|317\/394 brn
|move|p1a: Clefable|Moonblast|p2a: Fuusen
|-damage|p2a: Fuusen|236\/394
|-unboost|p2a: Fuusen|spa|1
|
|-heal|p2a: Fuusen|260\/394|[from] item: Leftovers
|turn|24
|
|switch|p1a: Empoleon|Empoleon, F|372\/372
|-damage|p1a: Empoleon|349\/372|[from] Stealth Rock
|move|p2a: Fuusen|Soft-Boiled|p2a: Fuusen
|-heal|p2a: Fuusen|394\/394
|
|-heal|p1a: Empoleon|372\/372|[from] item: Leftovers
|turn|25
|
|switch|p2a: Gear Third|Rotom-Wash, shiny|173\/304
|move|p1a: Empoleon|Defog|p2a: Gear Third
|-unboost|p2a: Gear Third|evasion|1
|-sideend|p1: u got klefkied|Stealth Rock|[from] move: Defog|[of] p1a: Empoleon
|
|turn|26
|
|switch|p1a: Clefable|Clefable, M|317\/394 brn
|move|p2a: Gear Third|Pain Split|p1a: Clefable
|-sethp|p1a: Clefable|245\/394 brn|p2a: Gear Third|245\/304|[from] move: Pain Split
|
|turn|27
|
|move|p2a: Gear Third|Hydro Pump|p1a: Clefable
|-damage|p1a: Clefable|116\/394 brn
|move|p1a: Clefable|Soft-Boiled|p1a: Clefable
|-heal|p1a: Clefable|313\/394 brn
|
|turn|28
|
|move|p2a: Gear Third|Volt Switch|p1a: Clefable
|-damage|p1a: Clefable|235\/394 brn
|
|switch|p2a: Grizzly Magnum|Metagross-Mega, shiny|29\/301
|move|p1a: Clefable|Calm Mind|p1a: Clefable
|-boost|p1a: Clefable|spa|1
|-boost|p1a: Clefable|spd|1
|
|turn|29
|
|switch|p1a: Scizor|Scizor-Mega, M|301\/343
|move|p2a: Grizzly Magnum|Meteor Mash|p1a: Scizor
|-resisted|p1a: Scizor
|-damage|p1a: Scizor|217\/343
|-boost|p2a: Grizzly Magnum|atk|1
|
|turn|30
|
|move|p1a: Scizor|Bullet Punch|p2a: Grizzly Magnum
|-resisted|p2a: Grizzly Magnum
|-damage|p2a: Grizzly Magnum|0 fnt
|faint|p2a: Grizzly Magnum
|
|
|switch|p2a: Elephant Gatoringu|Latios, M, shiny|301\/301
|turn|31
|
|switch|p1a: Empoleon|Empoleon, F|372\/372
|move|p2a: Elephant Gatoringu|Hidden Power|p1a: Empoleon
|-damage|p1a: Empoleon|308\/372
|-damage|p2a: Elephant Gatoringu|271\/301|[from] item: Life Orb
|
|-heal|p1a: Empoleon|331\/372|[from] item: Leftovers
|turn|32
|
|switch|p1a: Hydreigon|Hydreigon, F|325\/325
|move|p2a: Elephant Gatoringu|Psyshock|p1a: Hydreigon
|-immune|p1a: Hydreigon|[msg]
|
|turn|33
|
|switch|p2a: Fuusen|Clefable, M|394\/394
|switch|p1a: Empoleon|Empoleon, F|331\/372
|
|-heal|p1a: Empoleon|354\/372|[from] item: Leftovers
|turn|34
|
|move|p2a: Fuusen|Stealth Rock|p1a: Empoleon
|-sidestart|p1: u got klefkied|move: Stealth Rock
|move|p1a: Empoleon|Scald|p2a: Fuusen
|-damage|p2a: Fuusen|307\/394
|
|-heal|p2a: Fuusen|331\/394|[from] item: Leftovers
|-heal|p1a: Empoleon|372\/372|[from] item: Leftovers
|turn|35
|
|move|p2a: Fuusen|Fire Blast|p1a: Empoleon
|-damage|p1a: Empoleon|314\/372
|move|p1a: Empoleon|Defog|p2a: Fuusen
|-unboost|p2a: Fuusen|evasion|1
|-sideend|p1: u got klefkied|Stealth Rock|[from] move: Defog|[of] p1a: Empoleon
|
|-heal|p2a: Fuusen|355\/394|[from] item: Leftovers
|-heal|p1a: Empoleon|337\/372|[from] item: Leftovers
|turn|36
|
|switch|p2a: Jet Pistol|Keldeo|323\/323
|move|p1a: Empoleon|Scald|p2a: Jet Pistol
|-resisted|p2a: Jet Pistol
|-damage|p2a: Jet Pistol|269\/323
|
|-heal|p1a: Empoleon|360\/372|[from] item: Leftovers
|turn|37
|
|switch|p1a: Clefable|Clefable, M|235\/394 brn
|move|p2a: Jet Pistol|Secret Sword|p1a: Clefable
|-resisted|p1a: Clefable
|-damage|p1a: Clefable|112\/394 brn
|
|turn|38
|
|switch|p1a: Talonflame|Talonflame, M|319\/319
|move|p2a: Jet Pistol|Secret Sword|p1a: Talonflame
|-resisted|p1a: Talonflame
|-damage|p1a: Talonflame|182\/319
|
|turn|39
|
|switch|p1a: Hydreigon|Hydreigon, F|325\/325
|switch|p2a: Gear Third|Rotom-Wash, shiny|245\/304
|
|turn|40
|
|move|p1a: Hydreigon|Draco Meteor|p2a: Gear Third
|-damage|p2a: Gear Third|0 fnt
|-unboost|p1a: Hydreigon|spa|2
|faint|p2a: Gear Third
|
|
|switch|p2a: Jet Pistol|Keldeo|269\/323
|turn|41
|
|switch|p1a: Clefable|Clefable, M|112\/394 brn
|move|p2a: Jet Pistol|Scald|p1a: Clefable
|-damage|p1a: Clefable|0 fnt
|faint|p1a: Clefable
|
|
|switch|p1a: Hydreigon|Hydreigon, F|325\/325
|turn|42
|
|switch|p2a: Fuusen|Clefable, M|355\/394
|move|p1a: Hydreigon|U-turn|p2a: Fuusen
|-resisted|p2a: Fuusen
|-damage|p2a: Fuusen|316\/394
|
|switch|p1a: Talonflame|Talonflame, M|182\/319
|
|-heal|p2a: Fuusen|340\/394|[from] item: Leftovers
|turn|43
|
|switch|p2a: Gear Sado|Landorus-Therian, M, shiny|198\/319
|-ability|p2a: Gear Sado|Intimidate|[of] p1a: Talonflame
|-unboost|p1a: Talonflame|atk|1
|move|p1a: Talonflame|Roost|p1a: Talonflame
|-heal|p1a: Talonflame|319\/319
|
|turn|44
|
|switch|p1a: Hydreigon|Hydreigon, F|325\/325
|move|p2a: Gear Sado|Stone Edge|p1a: Hydreigon
|-damage|p1a: Hydreigon|167\/325
|
|turn|45
|
|move|p2a: Gear Sado|Stone Edge|p1a: Hydreigon|[miss]
|-miss|p2a: Gear Sado|p1a: Hydreigon
|move|p1a: Hydreigon|Dark Pulse|p2a: Gear Sado
|-damage|p2a: Gear Sado|0 fnt
|faint|p2a: Gear Sado
|
|
|switch|p2a: Jet Pistol|Keldeo|269\/323
|turn|46
|
|move|p2a: Jet Pistol|Scald|p1a: Hydreigon
|-resisted|p1a: Hydreigon
|-damage|p1a: Hydreigon|61\/325
|move|p1a: Hydreigon|Dark Pulse|p2a: Jet Pistol
|-resisted|p2a: Jet Pistol
|-damage|p2a: Jet Pistol|159\/323
|-boost|p2a: Jet Pistol|atk|1|[from] ability: Justified
|
|turn|47
|
|move|p2a: Jet Pistol|Scald|p1a: Hydreigon
|-crit|p1a: Hydreigon
|-resisted|p1a: Hydreigon
|-damage|p1a: Hydreigon|0 fnt
|faint|p1a: Hydreigon
|
|join|agb96
|
|switch|p1a: Talonflame|Talonflame, M|319\/319
|turn|48
|leave|agb96
|
|switch|p2a: Fuusen|Clefable, M|340\/394
|move|p1a: Talonflame|Brave Bird|p2a: Fuusen
|-damage|p2a: Fuusen|103\/394
|-damage|p1a: Talonflame|241\/319|[from] recoil|[of] p2a: Fuusen
|
|-heal|p2a: Fuusen|127\/394|[from] item: Leftovers
|turn|49
|
|move|p1a: Talonflame|Brave Bird|p2a: Fuusen
|-damage|p2a: Fuusen|0 fnt
|-damage|p1a: Talonflame|199\/319|[from] recoil|[of] p2a: Fuusen
|faint|p2a: Fuusen
|
|
|switch|p2a: Jet Pistol|Keldeo|159\/323
|turn|50
|
|move|p1a: Talonflame|Brave Bird|p2a: Jet Pistol
|-supereffective|p2a: Jet Pistol
|-damage|p2a: Jet Pistol|0 fnt
|-damage|p1a: Talonflame|147\/319|[from] recoil|[of] p2a: Jet Pistol
|faint|p2a: Jet Pistol
|
|
|switch|p2a: Elephant Gatoringu|Latios, M, shiny|271\/301
|turn|51
|
|move|p1a: Talonflame|Brave Bird|p2a: Elephant Gatoringu
|-damage|p2a: Elephant Gatoringu|60\/301
|-damage|p1a: Talonflame|77\/319|[from] recoil|[of] p2a: Elephant Gatoringu
|move|p2a: Elephant Gatoringu|Psyshock|p1a: Talonflame
|-damage|p1a: Talonflame|0 fnt
|-damage|p2a: Elephant Gatoringu|30\/301|[from] item: Life Orb
|faint|p1a: Talonflame
|
|leave|Chakero
|player|p2
|c|âu got klefkied|tocate los cojones
|join|Lemmy
|c|âu got klefkied|darle dq al notas este anda
|leave|Redboar104
|join|Redboar104
|join|luisjh98
|leave|Redboar104
|leave|luisjh98
|c|âu got klefkied|pues se ha quedado buen dÃ­a
|c|âu got klefkied|...
|c|âu got klefkied|âChakero: No importÃ³, hacÃ­a 45 porciento
|join|AlexisX02
|c|âu got klefkied|âChakero: Tambien pudo ser maximum dmg btw
|join|pablomaster
|join|jara123
|leave|Lemmy
|-message|Player 2 lost due to inactivity.
|
|win|u got klefkied
|leave|AlexisX02
|leave|u got klefkied
|player|p1
|leave|pablomaster