|join|GreenTax
|join|u got klefkied
|player|p1|GreenTax|169
|player|p2|u got klefkied|290
|gametype|singles
|gen|6
|tier|OU
|rated
|clearpoke
|poke|p1|Mew
|poke|p1|Ferrothorn, F
|poke|p1|Charizard, M
|poke|p1|Gengar, F
|poke|p1|Zapdos
|poke|p1|Gyarados, F
|poke|p2|Pidgeot, F
|poke|p2|Keldeo
|poke|p2|Celebi
|poke|p2|Landorus-Therian, M
|poke|p2|Tyranitar, F
|poke|p2|Tentacruel, F
|rule|Swagger Clause: Swagger is banned
|rule|Baton Pass Clause: Limit one PokÃ©mon knowing Baton Pass
|rule|Sleep Clause Mod: Limit one foe put to sleep
|rule|Species Clause: Limit one of each PokÃ©mon
|rule|OHKO Clause: OHKO moves are banned
|rule|Moody Clause: Moody is banned
|rule|Evasion Moves Clause: Evasion moves are banned
|rule|Endless Battle Clause: Forcing endless battles is banned
|rule|HP Percentage Mod: HP is shown in percentages
|teampreview
|c|âu got klefkied|gl hf
|
|start
|switch|p1a: Zapdos|Zapdos|371\/371
|switch|p2a: Invisible|Pidgeot, F|307\/307
|-ability|p1a: Zapdos|Pressure
|turn|1
|c|âGreenTax|glhf
|
|detailschange|p2a: Invisible|Pidgeot-Mega, F
|-mega|p2a: Invisible|Pidgeot|Pidgeotite
|move|p2a: Invisible|U-turn|p1a: Zapdos
|-resisted|p1a: Zapdos
|-damage|p1a: Zapdos|352\/371
|
|switch|p2a: volandorus|Landorus-Therian, M|381\/381
|-ability|p2a: volandorus|Intimidate|[of] p1a: Zapdos
|-unboost|p1a: Zapdos|atk|1
|move|p1a: Zapdos|Discharge|p2a: volandorus
|-immune|p2a: volandorus|[msg]
|
|-heal|p1a: Zapdos|371\/371|[from] item: Leftovers
|turn|2
|
|move|p1a: Zapdos|Toxic|p2a: volandorus
|-status|p2a: volandorus|tox
|move|p2a: volandorus|Stealth Rock|p1a: Zapdos
|-sidestart|p1: GreenTax|move: Stealth Rock
|
|-damage|p2a: volandorus|358\/381 tox|[from] psn
|turn|3
|
|move|p1a: Zapdos|Heat Wave|p2a: volandorus
|-damage|p2a: volandorus|248\/381 tox
|move|p2a: volandorus|Stone Edge|p1a: Zapdos
|-supereffective|p1a: Zapdos
|-damage|p1a: Zapdos|209\/371
|
|-heal|p1a: Zapdos|232\/371|[from] item: Leftovers
|-heal|p2a: volandorus|271\/381 tox|[from] item: Leftovers
|-damage|p2a: volandorus|225\/381 tox|[from] psn
|turn|4
|
|move|p1a: Zapdos|Roost|p1a: Zapdos
|-heal|p1a: Zapdos|371\/371
|move|p2a: volandorus|U-turn|p1a: Zapdos
|-damage|p1a: Zapdos|311\/371
|
|switch|p2a: where u go|Tyranitar, F|341\/341
|-weather|Sandstorm
|
|-weather|Sandstorm|[upkeep]
|-damage|p1a: Zapdos|288\/371|[from] sandstorm
|-heal|p1a: Zapdos|311\/371|[from] item: Leftovers
|turn|5
|
|switch|p1a: Ferrothorn|Ferrothorn, F|351\/351
|-damage|p1a: Ferrothorn|330\/351|[from] Stealth Rock
|move|p2a: where u go|Stone Edge|p1a: Ferrothorn
|-resisted|p1a: Ferrothorn
|-damage|p1a: Ferrothorn|279\/351
|
|-weather|Sandstorm|[upkeep]
|turn|6
|
|switch|p2a: TheyCallMeTheD|Celebi|403\/403
|move|p1a: Ferrothorn|Leech Seed|p2a: TheyCallMeTheD
|-immune|p2a: TheyCallMeTheD|[msg]
|
|-weather|Sandstorm|[upkeep]
|-damage|p2a: TheyCallMeTheD|378\/403|[from] sandstorm
|-heal|p2a: TheyCallMeTheD|403\/403|[from] item: Leftovers
|turn|7
|
|switch|p1a: Mew|Mew|403\/403
|-damage|p1a: Mew|353\/403|[from] Stealth Rock
|move|p2a: TheyCallMeTheD|Nasty Plot|p2a: TheyCallMeTheD
|-boost|p2a: TheyCallMeTheD|spa|2
|
|-weather|Sandstorm|[upkeep]
|-damage|p1a: Mew|328\/403|[from] sandstorm
|-damage|p2a: TheyCallMeTheD|378\/403|[from] sandstorm
|-heal|p1a: Mew|353\/403|[from] item: Leftovers
|-heal|p2a: TheyCallMeTheD|403\/403|[from] item: Leftovers
|turn|8
|
|move|p1a: Mew|Knock Off|p2a: TheyCallMeTheD
|-supereffective|p2a: TheyCallMeTheD
|-damage|p2a: TheyCallMeTheD|281\/403
|-enditem|p2a: TheyCallMeTheD|Leftovers|[from] move: Knock Off|[of] p1a: Mew
|move|p2a: TheyCallMeTheD|Baton Pass|p2a: TheyCallMeTheD
|
|switch|p2a: Invisible|Pidgeot-Mega, F|307\/307
|
|-weather|none
|-heal|p1a: Mew|378\/403|[from] item: Leftovers
|turn|9
|
|move|p2a: Invisible|Hurricane|p1a: Mew
|-damage|p1a: Mew|65\/403
|move|p1a: Mew|Will-O-Wisp|p2a: Invisible
|-status|p2a: Invisible|brn
|
|-heal|p1a: Mew|90\/403|[from] item: Leftovers
|-damage|p2a: Invisible|269\/307 brn|[from] brn
|turn|10
|
|move|p2a: Invisible|Heat Wave|p1a: Mew
|-damage|p1a: Mew|0 fnt
|faint|p1a: Mew
|
|-damage|p2a: Invisible|231\/307 brn|[from] brn
|
|switch|p1a: Zapdos|Zapdos|311\/371
|-damage|p1a: Zapdos|219\/371|[from] Stealth Rock
|-ability|p1a: Zapdos|Pressure
|turn|11
|
|move|p2a: Invisible|Heat Wave|p1a: Zapdos
|-damage|p1a: Zapdos|0 fnt
|faint|p1a: Zapdos
|
|-damage|p2a: Invisible|193\/307 brn|[from] brn
|
|switch|p1a: Gyarados|Gyarados, F|343\/343
|-damage|p1a: Gyarados|258\/343|[from] Stealth Rock
|-ability|p1a: Gyarados|Intimidate|[of] p2a: Invisible
|-unboost|p2a: Invisible|atk|1
|turn|12
|
|move|p2a: Invisible|Hurricane|p1a: Gyarados
|-damage|p1a: Gyarados|0 fnt
|faint|p1a: Gyarados
|
|-damage|p2a: Invisible|155\/307 brn|[from] brn
|c|âu got klefkied|seems like gg
|
|switch|p1a: Ferrothorn|Ferrothorn, F|279\/351
|-damage|p1a: Ferrothorn|258\/351|[from] Stealth Rock
|turn|13
|
|move|p1a: Ferrothorn|Protect|p1a: Ferrothorn
|-singleturn|p1a: Ferrothorn|Protect
|move|p2a: Invisible|Heat Wave|p1a: Ferrothorn
|-activate|p1a: Ferrothorn|Protect
|
|-damage|p2a: Invisible|117\/307 brn|[from] brn
|turn|14
|
|switch|p1a: Charizard|Charizard, M|297\/297
|-damage|p1a: Charizard|149\/297|[from] Stealth Rock
|move|p2a: Invisible|Heat Wave|p1a: Charizard
|-resisted|p1a: Charizard
|-damage|p1a: Charizard|26\/297
|
|-damage|p2a: Invisible|79\/307 brn|[from] brn
|turn|15
|
|detailschange|p1a: Charizard|Charizard-Mega-X, M
|-mega|p1a: Charizard|Charizard|Charizardite X
|move|p2a: Invisible|Hurricane|p1a: Charizard
|-damage|p1a: Charizard|0 fnt
|faint|p1a: Charizard
|
|-damage|p2a: Invisible|41\/307 brn|[from] brn
|
|switch|p1a: Ferrothorn|Ferrothorn, F|258\/351
|-damage|p1a: Ferrothorn|237\/351|[from] Stealth Rock
|turn|16
|
|move|p1a: Ferrothorn|Protect|p1a: Ferrothorn
|-singleturn|p1a: Ferrothorn|Protect
|move|p2a: Invisible|Roost|p2a: Invisible
|-heal|p2a: Invisible|195\/307 brn
|
|-damage|p2a: Invisible|157\/307 brn|[from] brn
|turn|17
|-message|GreenTax forfeited.
|leave|GreenTax
|
|win|u got klefkied
|raw|Ladder updating...
|player|p1
|raw|GreenTax's rating: 1541 &rarr; <strong>1524<\/strong><br \/>(-17 for losing)
|raw|u got klefkied's rating: 1592 &rarr; <strong>1609<\/strong><br \/>(+17 for winning)
|c|âu got klefkied|oml , the bird