|join|Glorious_Borias
|join|Hiye
|player|p1|Glorious_Borias|25
|player|p2|Hiye|101
|gametype|singles
|gen|6
|tier|OU
|clearpoke
|poke|p1|Slurpuff, F
|poke|p1|Thundurus, M, shiny
|poke|p1|Tyranitar, M, shiny
|poke|p1|Greninja, M, shiny
|poke|p1|Skarmory, M, shiny
|poke|p1|Beedrill, M
|poke|p2|Charizard, F
|poke|p2|Excadrill, F
|poke|p2|Sylveon, M
|poke|p2|Ferrothorn, F
|poke|p2|Rotom-Wash
|poke|p2|Latias, F
|rule|Swagger Clause: Swagger is banned
|rule|Baton Pass Clause: Limit one PokÃ©mon knowing Baton Pass
|rule|Sleep Clause Mod: Limit one foe put to sleep
|rule|Species Clause: Limit one of each PokÃ©mon
|rule|OHKO Clause: OHKO moves are banned
|rule|Moody Clause: Moody is banned
|rule|Evasion Moves Clause: Evasion moves are banned
|rule|Endless Battle Clause: Forcing endless battles is banned
|rule|HP Percentage Mod: HP is shown in percentages
|teampreview
|c|âGlorious_Borias|glhf
|join|Ferocca
|join|Maiora
|join|The Fog
|join|Testing_Does_Exist
|
|start
|switch|p1a: Thundurus|Thundurus, M, shiny|359\/359
|switch|p2a: Charizard|Charizard, F|359\/359
|turn|1
|
|switch|p2a: Excadrill|Excadrill, F|417\/417
|-ability|p2a: Excadrill|Mold Breaker
|move|p1a: Thundurus|Thunder Wave|p2a: Excadrill
|-immune|p2a: Excadrill|[msg]
|
|turn|2
|
|switch|p1a: Skarmory|Skarmory, M, shiny|334\/334
|switch|p2a: Sylveon|Sylveon, M|394\/394
|
|turn|3
|
|switch|p2a: Charizard|Charizard, F|359\/359
|move|p1a: Skarmory|Stealth Rock|p2a: Charizard
|-sidestart|p2: Hiye|move: Stealth Rock
|
|turn|4
|
|detailschange|p2a: Charizard|Charizard-Mega-X, F
|message|Charizard has Mega Evolved into Mega Charizard!
|move|p2a: Charizard|Will-O-Wisp|p1a: Skarmory
|-status|p1a: Skarmory|brn
|move|p1a: Skarmory|Whirlwind|p2a: Charizard
|drag|p2a: Sylveon|Sylveon, M|394\/394
|-damage|p2a: Sylveon|345\/394|[from] Stealth Rock
|
|-heal|p2a: Sylveon|369\/394|[from] item: Leftovers
|-damage|p1a: Skarmory|293\/334 brn|[from] brn
|turn|5
|
|move|p2a: Sylveon|Hyper Voice|p1a: Skarmory
|-resisted|p1a: Skarmory
|-damage|p1a: Skarmory|192\/334 brn
|move|p1a: Skarmory|Whirlwind|p2a: Sylveon
|drag|p2a: Latias|Latias, F|299\/299
|-damage|p2a: Latias|262\/299|[from] Stealth Rock
|
|-damage|p1a: Skarmory|151\/334 brn|[from] brn
|turn|6
|
|switch|p2a: Excadrill|Excadrill, F|417\/417
|-damage|p2a: Excadrill|404\/417|[from] Stealth Rock
|-ability|p2a: Excadrill|Mold Breaker
|switch|p1a: Tyranitar|Tyranitar, M, shiny|342\/342
|-weather|Sandstorm
|
|-weather|Sandstorm|[upkeep]
|-heal|p2a: Excadrill|417\/417|[from] item: Leftovers
|turn|7
|c|âHiye|no stay in por favor
|
|switch|p1a: Skarmory|Skarmory, M, shiny|151\/334 brn
|move|p2a: Excadrill|Rapid Spin|p1a: Skarmory
|-resisted|p1a: Skarmory
|-damage|p1a: Skarmory|144\/334 brn
|-damage|p2a: Excadrill|348\/417|[from] item: Rocky Helmet|[of] p1a: Skarmory
|-sideend|p2: Hiye|Stealth Rock|[from] move: Rapid Spin|[of] p2a: Excadrill
|
|-weather|Sandstorm|[upkeep]
|-heal|p2a: Excadrill|374\/417|[from] item: Leftovers
|-damage|p1a: Skarmory|103\/334 brn|[from] brn
|turn|8
|join|Pepitor
|leave|Pepitor
|
|switch|p2a: Latias|Latias, F|262\/299
|move|p1a: Skarmory|Roost|p1a: Skarmory
|-heal|p1a: Skarmory|270\/334 brn
|
|-weather|Sandstorm|[upkeep]
|-damage|p2a: Latias|244\/299|[from] sandstorm
|-damage|p1a: Skarmory|229\/334 brn|[from] brn
|turn|9
|
|switch|p2a: Excadrill|Excadrill, F|374\/417
|-ability|p2a: Excadrill|Mold Breaker
|move|p1a: Skarmory|Roost|p1a: Skarmory
|-heal|p1a: Skarmory|334\/334 brn
|
|-weather|Sandstorm|[upkeep]
|-heal|p2a: Excadrill|400\/417|[from] item: Leftovers
|-damage|p1a: Skarmory|293\/334 brn|[from] brn
|turn|10
|c|âHiye|my b I guess
|
|move|p2a: Excadrill|Stealth Rock|p1a: Skarmory
|-sidestart|p1: Glorious_Borias|move: Stealth Rock
|move|p1a: Skarmory|Roost|p1a: Skarmory
|-heal|p1a: Skarmory|334\/334 brn
|
|-weather|none
|-heal|p2a: Excadrill|417\/417|[from] item: Leftovers
|-damage|p1a: Skarmory|293\/334 brn|[from] brn
|turn|11
|
|switch|p2a: Rotom-Wash|Rotom-Wash|304\/304
|move|p1a: Skarmory|Whirlwind|p2a: Rotom-Wash
|drag|p2a: Charizard|Charizard-Mega-X, F|359\/359
|
|-damage|p1a: Skarmory|252\/334 brn|[from] brn
|turn|12
|c|âHiye|that accomplished 3 much
|
|move|p2a: Charizard|Will-O-Wisp|p1a: Skarmory
|-fail|p1a: Skarmory|brn
|move|p1a: Skarmory|Defog|p2a: Charizard
|-unboost|p2a: Charizard|evasion|1
|-sideend|p1: Glorious_Borias|Stealth Rock|[from] move: Defog|[of] p1a: Skarmory
|
|-damage|p1a: Skarmory|211\/334 brn|[from] brn
|turn|13
|c|âHiye|...wot
|
|switch|p2a: Rotom-Wash|Rotom-Wash|304\/304
|move|p1a: Skarmory|Roost|p1a: Skarmory
|-heal|p1a: Skarmory|334\/334 brn
|
|-damage|p1a: Skarmory|293\/334 brn|[from] brn
|turn|14
|join|Spaceman_Sp1ff
|
|move|p2a: Rotom-Wash|Hydro Pump|p1a: Skarmory
|-damage|p1a: Skarmory|109\/334 brn
|move|p1a: Skarmory|Roost|p1a: Skarmory
|-heal|p1a: Skarmory|276\/334 brn
|
|-damage|p1a: Skarmory|235\/334 brn|[from] brn
|turn|15
|
|move|p2a: Rotom-Wash|Volt Switch|p1a: Skarmory
|-supereffective|p1a: Skarmory
|-damage|p1a: Skarmory|1\/334 brn
|c|âHiye|lel
|c|âHiye|that was max I think tho
|c| Testing_Does_Exist|dat 1% though'
|
|switch|p2a: Latias|Latias, F|244\/299
|move|p1a: Skarmory|Roost|p1a: Skarmory
|-heal|p1a: Skarmory|168\/334 brn
|
|-damage|p1a: Skarmory|127\/334 brn|[from] brn
|turn|16
|
|switch|p2a: Rotom-Wash|Rotom-Wash|304\/304
|move|p1a: Skarmory|Roost|p1a: Skarmory
|-heal|p1a: Skarmory|294\/334 brn
|
|-damage|p1a: Skarmory|253\/334 brn|[from] brn
|turn|17
|c|âHiye|stahp
|
|move|p2a: Rotom-Wash|Hydro Pump|p1a: Skarmory
|-damage|p1a: Skarmory|58\/334 brn
|move|p1a: Skarmory|Roost|p1a: Skarmory
|-heal|p1a: Skarmory|225\/334 brn
|
|-damage|p1a: Skarmory|184\/334 brn|[from] brn
|turn|18
|c|âHiye|k ded skarm
|c|âHiye|dat was annoying
|
|switch|p1a: Tyranitar|Tyranitar, M, shiny|342\/342
|-weather|Sandstorm
|move|p2a: Rotom-Wash|Volt Switch|p1a: Tyranitar
|-damage|p1a: Tyranitar|309\/342
|
|switch|p2a: Excadrill|Excadrill, F|417\/417
|-ability|p2a: Excadrill|Mold Breaker
|
|-weather|Sandstorm|[upkeep]
|turn|19
|
|switch|p1a: Thundurus|Thundurus, M, shiny|359\/359
|move|p2a: Excadrill|Earthquake|p1a: Thundurus
|-immune|p1a: Thundurus|[msg]
|
|-weather|Sandstorm|[upkeep]
|-damage|p1a: Thundurus|337\/359|[from] sandstorm
|turn|20
|c|âHiye|hey im a ground type I wall u
|
|switch|p1a: Skarmory|Skarmory, M, shiny|184\/334 brn
|switch|p2a: Sylveon|Sylveon, M|369\/394
|
|-weather|Sandstorm|[upkeep]
|-damage|p2a: Sylveon|345\/394|[from] sandstorm
|-heal|p2a: Sylveon|369\/394|[from] item: Leftovers
|-damage|p1a: Skarmory|143\/334 brn|[from] brn
|turn|21
|
|switch|p2a: Rotom-Wash|Rotom-Wash|304\/304
|move|p1a: Skarmory|Roost|p1a: Skarmory
|-heal|p1a: Skarmory|310\/334 brn
|
|-weather|Sandstorm|[upkeep]
|-damage|p2a: Rotom-Wash|285\/304|[from] sandstorm
|-heal|p2a: Rotom-Wash|304\/304|[from] item: Leftovers
|-damage|p1a: Skarmory|269\/334 brn|[from] brn
|turn|22
|
|switch|p1a: Thundurus|Thundurus, M, shiny|337\/359
|move|p2a: Rotom-Wash|Hydro Pump|p1a: Thundurus
|-damage|p1a: Thundurus|189\/359
|
|-weather|none
|turn|23
|c|âHiye|eh
|c|âHiye|is that bulky thund
|
|switch|p2a: Excadrill|Excadrill, F|417\/417
|-ability|p2a: Excadrill|Mold Breaker
|move|p1a: Thundurus|Thunderbolt|p2a: Excadrill
|-immune|p2a: Excadrill|[msg]
|
|turn|24
|c|âGlorious_Borias|yeah
|c|âGlorious_Borias|wait till you see my item
|c|âHiye|dats kool
|c|âHiye|brightpowder imo
|leave|Spaceman_Sp1ff
|c|âGlorious_Borias|definitely not smogon lol
|
|switch|p1a: Skarmory|Skarmory, M, shiny|269\/334 brn
|switch|p2a: Rotom-Wash|Rotom-Wash|304\/304
|
|-damage|p1a: Skarmory|228\/334 brn|[from] brn
|turn|25
|
|move|p2a: Rotom-Wash|Volt Switch|p1a: Skarmory
|-supereffective|p1a: Skarmory
|-damage|p1a: Skarmory|0 fnt
|faint|p1a: Skarmory
|c|âGlorious_Borias|:(
|c|âHiye|^-^
|c|âGlorious_Borias|i'll miss you skarm
|c|âHiye|lol
|c|âHiye|took 20 turns away
|
|switch|p2a: Excadrill|Excadrill, F|417\/417
|-ability|p2a: Excadrill|Mold Breaker
|
|c|âHiye|wat a god
|
|switch|p1a: Beedrill|Beedrill, M|272\/272
|turn|26
|
|detailschange|p1a: Beedrill|Beedrill-Mega, M
|message|Beedrill has Mega Evolved into Mega Beedrill!
|move|p1a: Beedrill|Drill Run|p2a: Excadrill
|-supereffective|p2a: Excadrill
|-damage|p2a: Excadrill|107\/417
|move|p2a: Excadrill|Earthquake|p1a: Beedrill
|-damage|p1a: Beedrill|0 fnt
|faint|p1a: Beedrill
|
|-heal|p2a: Excadrill|133\/417|[from] item: Leftovers
|c|âHiye|yas
|c|âGlorious_Borias|you were supposed to put up rocks
|c| Testing_Does_Exist|rip beedrill
|
|switch|p1a: Greninja|Greninja, M, shiny|285\/285
|turn|27
|c|âHiye|n
|c|âHiye|beedril thret
|
|move|p1a: Greninja|Ice Beam|p2a: Excadrill
|-start|p1a: Greninja|typechange|Ice|[from] Protean
|-damage|p2a: Excadrill|0 fnt
|-damage|p1a: Greninja|257\/285|[from] item: Life Orb
|faint|p2a: Excadrill
|
|c| Testing_Does_Exist|both the drills are now gone
|
|switch|p2a: Ferrothorn|Ferrothorn, F|352\/352
|turn|28
|c|âGlorious_Borias|yep
|
|move|p2a: Ferrothorn|Protect|p2a: Ferrothorn
|-singleturn|p2a: Ferrothorn|Protect
|move|p1a: Greninja|Ice Beam|p2a: Ferrothorn
|-activate|p2a: Ferrothorn|Protect
|
|turn|29
|
|move|p1a: Greninja|Ice Beam|p2a: Ferrothorn
|-damage|p2a: Ferrothorn|212\/352
|-status|p2a: Ferrothorn|frz
|-damage|p1a: Greninja|229\/285|[from] item: Life Orb
|cant|p2a: Ferrothorn|frz
|
|-heal|p2a: Ferrothorn|234\/352 frz|[from] item: Leftovers
|turn|30
|c|âHiye|,,,
|c|âGlorious_Borias|omg so sorry
|c| Testing_Does_Exist|LOL
|
|switch|p1a: Slurpuff|Slurpuff, F|306\/306
|-curestatus|p2a: Ferrothorn|frz
|move|p2a: Ferrothorn|Gyro Ball|p1a: Slurpuff
|-supereffective|p1a: Slurpuff
|-damage|p1a: Slurpuff|0 fnt
|faint|p1a: Slurpuff
|
|-heal|p2a: Ferrothorn|256\/352|[from] item: Leftovers
|c|âGlorious_Borias|gret
|c|âHiye|yas
|c| Testing_Does_Exist|rip
|c|âHiye|lel
|c|âGlorious_Borias|*great
|
|switch|p1a: Thundurus|Thundurus, M, shiny|189\/359
|turn|31
|c|âGlorious_Borias|gg i think
|
|move|p1a: Thundurus|Taunt|p2a: Ferrothorn
|-start|p2a: Ferrothorn|move: Taunt
|cant|p2a: Ferrothorn|move: Taunt|Leech Seed
|
|-heal|p2a: Ferrothorn|278\/352|[from] item: Leftovers
|turn|32
|
|move|p1a: Thundurus|Thunderbolt|p2a: Ferrothorn
|-resisted|p2a: Ferrothorn
|-damage|p2a: Ferrothorn|224\/352
|move|p2a: Ferrothorn|Gyro Ball|p1a: Thundurus
|-resisted|p1a: Thundurus
|-damage|p1a: Thundurus|106\/359
|-enditem|p1a: Thundurus|Sitrus Berry|[eat]
|-heal|p1a: Thundurus|195\/359|[from] item: Sitrus Berry
|
|-heal|p2a: Ferrothorn|246\/352|[from] item: Leftovers
|turn|33
|c| Testing_Does_Exist|eh
|c| Testing_Does_Exist|taunt over focus blast
|c| Testing_Does_Exist|interesting
|c|âGlorious_Borias|i have hp ice
|
|switch|p2a: Sylveon|Sylveon, M|369\/394
|move|p1a: Thundurus|Thunder Wave|p2a: Sylveon
|-status|p2a: Sylveon|par
|
|-heal|p2a: Sylveon|393\/394 par|[from] item: Leftovers
|turn|34
|
|switch|p1a: Tyranitar|Tyranitar, M, shiny|309\/342
|-weather|Sandstorm
|cant|p2a: Sylveon|par
|
|-weather|Sandstorm|[upkeep]
|-damage|p2a: Sylveon|369\/394 par|[from] sandstorm
|-heal|p2a: Sylveon|393\/394 par|[from] item: Leftovers
|turn|35
|
|move|p1a: Tyranitar|Stone Edge|p2a: Sylveon|[miss]
|-miss|p1a: Tyranitar|p2a: Sylveon
|move|p2a: Sylveon|Hyper Voice|p1a: Tyranitar
|-supereffective|p1a: Tyranitar
|-damage|p1a: Tyranitar|201\/342
|
|-weather|Sandstorm|[upkeep]
|-damage|p2a: Sylveon|369\/394 par|[from] sandstorm
|-heal|p2a: Sylveon|393\/394 par|[from] item: Leftovers
|turn|36
|c|âHiye|av tar the thret
|
|switch|p2a: Ferrothorn|Ferrothorn, F|246\/352
|move|p1a: Tyranitar|Earthquake|p2a: Ferrothorn
|-damage|p2a: Ferrothorn|151\/352
|
|-weather|Sandstorm|[upkeep]
|-heal|p2a: Ferrothorn|173\/352|[from] item: Leftovers
|turn|37
|
|switch|p1a: Greninja|Greninja, M, shiny|229\/285
|move|p2a: Ferrothorn|Gyro Ball|p1a: Greninja
|-resisted|p1a: Greninja
|-damage|p1a: Greninja|110\/285
|
|-weather|Sandstorm|[upkeep]
|-damage|p1a: Greninja|93\/285|[from] sandstorm
|-heal|p2a: Ferrothorn|195\/352|[from] item: Leftovers
|turn|38
|
|move|p1a: Greninja|Ice Beam|p2a: Ferrothorn
|-start|p1a: Greninja|typechange|Ice|[from] Protean
|-crit|p2a: Ferrothorn
|-damage|p2a: Ferrothorn|0 fnt
|-damage|p1a: Greninja|65\/285|[from] item: Life Orb
|faint|p2a: Ferrothorn
|
|-weather|none
|c|âGlorious_Borias|omg sorry
|
|switch|p2a: Charizard|Charizard-Mega-X, F|359\/359
|turn|39
|c|âGlorious_Borias|i'm getting all the hax this game
|c|âHiye|youshould put hp fire or fire blast on tar
|c|âGlorious_Borias|i like my set
|c|âHiye|i don't see a ferro check
|c|âHiye|slurpuff is cm flame?
|
|switch|p1a: Thundurus|Thundurus, M, shiny|195\/359
|move|p2a: Charizard|Dragon Dance|p2a: Charizard
|-boost|p2a: Charizard|atk|1
|-boost|p2a: Charizard|spe|1
|
|turn|40
|c|âGlorious_Borias|thundurus is my ferro check
|c| Testing_Does_Exist|*was
|
|move|p1a: Thundurus|Thunder Wave|p2a: Charizard
|-status|p2a: Charizard|par
|move|p2a: Charizard|Dragon Claw|p1a: Thundurus
|-damage|p1a: Thundurus|0 fnt
|faint|p1a: Thundurus
|
|c| The Fog|slurpuff gets drain punch now
|c|âGlorious_Borias|lol
|c|âGlorious_Borias|yeah that's why i use him
|c|âHiye|o srsly
|
|switch|p1a: Tyranitar|Tyranitar, M, shiny|201\/342
|-weather|Sandstorm
|turn|41
|c|âHiye|you cant setup on a ferro though
|
|move|p1a: Tyranitar|Stone Edge|p2a: Charizard
|-crit|p2a: Charizard
|-supereffective|p2a: Charizard
|-damage|p2a: Charizard|0 fnt
|faint|p2a: Charizard
|
|-weather|Sandstorm|[upkeep]
|
|switch|p2a: Sylveon|Sylveon, M|393\/394 par
|turn|42
|c|âHiye|did i just choke dis away
|c|âGlorious_Borias|i can if he's frozen
|
|move|p1a: Tyranitar|Stone Edge|p2a: Sylveon
|-damage|p2a: Sylveon|189\/394 par
|cant|p2a: Sylveon|par
|
|-weather|Sandstorm|[upkeep]
|-damage|p2a: Sylveon|165\/394 par|[from] sandstorm
|-heal|p2a: Sylveon|189\/394 par|[from] item: Leftovers
|turn|43
|c|âHiye|eh
|c|âHiye|10%
|
|move|p1a: Tyranitar|Stone Edge|p2a: Sylveon
|-damage|p2a: Sylveon|0 fnt
|faint|p2a: Sylveon
|
|-weather|Sandstorm|[upkeep]
|c| Testing_Does_Exist|mega gallade usually ohko's ferrothorn
|
|switch|p2a: Latias|Latias, F|244\/299
|turn|44
|
|move|p2a: Latias|Draco Meteor|p1a: Tyranitar
|-damage|p1a: Tyranitar|111\/342
|-unboost|p2a: Latias|spa|2
|-damage|p2a: Latias|215\/299|[from] item: Life Orb
|move|p1a: Tyranitar|Crunch|p2a: Latias
|-supereffective|p2a: Latias
|-damage|p2a: Latias|0 fnt
|faint|p2a: Latias
|
|-weather|Sandstorm|[upkeep]
|c|âGlorious_Borias|lol
|
|switch|p2a: Rotom-Wash|Rotom-Wash|304\/304
|turn|45
|c| Testing_Does_Exist|y u no use energy ball
|c|âHiye|p sure i choked this away
|
|move|p2a: Rotom-Wash|Hydro Pump|p1a: Tyranitar
|-supereffective|p1a: Tyranitar
|-damage|p1a: Tyranitar|13\/342
|move|p1a: Tyranitar|Stone Edge|p2a: Rotom-Wash
|-damage|p2a: Rotom-Wash|156\/304
|
|-weather|none
|-heal|p2a: Rotom-Wash|175\/304|[from] item: Leftovers
|turn|46
|c|âHiye|draco is stronker than energy
|
|move|p2a: Rotom-Wash|Volt Switch|p1a: Tyranitar
|-damage|p1a: Tyranitar|0 fnt
|faint|p1a: Tyranitar
|
|-heal|p2a: Rotom-Wash|194\/304|[from] item: Leftovers
|
|switch|p1a: Greninja|Greninja, M, shiny|65\/285
|turn|47
|c| Testing_Does_Exist|can dark pulse kill at this range
|c|âHiye|n
|c|âHiye|can flinch tho
|join|BibarelThump
|c| Testing_Does_Exist|crit with gunk shot
|c| Testing_Does_Exist|kills
|c|âHiye|n deost kill
|c|âHiye|doesnt
|c| BibarelThump|crit let's go
|c|âGlorious_Borias|just a moment
|c| Testing_Does_Exist|crit does
|c|âGlorious_Borias|let me run the calcs
|c|âHiye|o shit
|c|âHiye|gunk crit does
|c| Testing_Does_Exist|with crit
|c|âHiye|with a roll
|c| Testing_Does_Exist|n
|c| Testing_Does_Exist|gunk shot does like 60 max
|c| Testing_Does_Exist|with full hp rotom
|c|âHiye|4 Atk Life Orb Protean Greninja Gunk Shot vs. 252 HP \/ 212+ Def Rotom-W on a critical hit: 173-204 (56.9 - 67.1%) -- guaranteed 2HKO after Leftovers recovery
|c| BibarelThump|stop the calcs and just go for the flinch
|c|âHiye|ya its all or nothing here
|c| BibarelThump|no all or nothing, double to nothing
|c| Testing_Does_Exist|go for the flinch
|c| BibarelThump|flinch + power play
|c| Testing_Does_Exist|higher chance than crit
|c| Testing_Does_Exist|flinch+ gunk shot kills
|c| Testing_Does_Exist|volt switch kills
|c|âHiye|can u flinch me plz
|c| Testing_Does_Exist|unless spikes
|c|âGlorious_Borias|just a sec
|c|âGlorious_Borias|sorry
|c| BibarelThump|literally
|c| BibarelThump|no other decision
|c| Testing_Does_Exist|go for dark pulse
|join|Mikemad97
|c| Testing_Does_Exist|best play
|c| Mikemad97|hit me...
|c| BibarelThump|flinch + gunk
|
|move|p1a: Greninja|Dark Pulse|p2a: Rotom-Wash
|-start|p1a: Greninja|typechange|Dark|[from] Protean
|-damage|p2a: Rotom-Wash|41\/304
|-damage|p1a: Greninja|37\/285|[from] item: Life Orb
|move|p2a: Rotom-Wash|Volt Switch|p1a: Greninja
|-damage|p1a: Greninja|0 fnt
|faint|p1a: Greninja
|
|win|Hiye
|c| BibarelThump|that's all
|c| Mikemad97|come on hit me
|c| Mikemad97|HIT ME
|c| BibarelThump|ayyyyyyy
|c|âHiye|noo
|c| BibarelThump|gg
|c|âGlorious_Borias|gg
|c|âHiye|i gota forfeit next round fk
|c|âHiye|gg
|leave|Hiye
|player|p2
|c| Testing_Does_Exist|gl
|leave|Maiora
|leave|Testing_Does_Exist
|leave|BibarelThump