|join|Hiye
|join|skuukzky wish
|player|p1|Hiye|101
|player|p2|skuukzky wish|249
|gametype|singles
|gen|6
|tier|OU
|clearpoke
|poke|p1|Rotom-Wash
|poke|p1|Ferrothorn, M
|poke|p1|Latias, F
|poke|p1|Victini
|poke|p1|Mamoswine, F
|poke|p1|Lopunny, M
|poke|p2|Keldeo-Resolute
|poke|p2|Sableye, M, shiny
|poke|p2|Skarmory, M, shiny
|poke|p2|Tyranitar, F, shiny
|poke|p2|Amoonguss, M, shiny
|poke|p2|Heatran, F, shiny
|rule|Swagger Clause: Swagger is banned
|rule|Baton Pass Clause: Limit one PokÃ©mon knowing Baton Pass
|rule|Sleep Clause Mod: Limit one foe put to sleep
|rule|Species Clause: Limit one of each PokÃ©mon
|rule|OHKO Clause: OHKO moves are banned
|rule|Moody Clause: Moody is banned
|rule|Evasion Moves Clause: Evasion moves are banned
|rule|Endless Battle Clause: Forcing endless battles is banned
|rule|HP Percentage Mod: HP is shown in percentages
|teampreview
|join|Too much swog
|join|hialeah
|join|ThyCallMeSpongeBob
|join|Agilis
|join|I Am Mike Chang
|join|iHunt
|join|the rocket raccoon
|join|Time Stall
|c| the rocket raccoon|be ready to kill the t tar right away
|c| Time Stall|gl hf
|c| the rocket raccoon|its his whole plan
|join|JDynasty
|leave|JDynasty
|
|start
|switch|p1a: Victini|Victini|346\/346
|switch|p2a: Sableye|Sableye, M, shiny|303\/303
|turn|1
|c| Agilis|the rocket dont be that guy.
|join|JDynasty
|join|aweonaoMoore
|c| the rocket raccoon|the help guy?
|c| I Am Mike Chang|.\/modchat +
|leave|JDynasty
|
|detailschange|p2a: Sableye|Sableye-Mega, M, shiny
|message|Sableye has Mega Evolved into Mega Sableye!
|move|p1a: Victini|Bolt Strike|p2a: Sableye
|-damage|p2a: Sableye|223\/303
|move|p2a: Sableye|Shadow Ball|p1a: Victini
|-supereffective|p1a: Victini
|-damage|p1a: Victini|182\/346
|
|-heal|p1a: Victini|203\/346|[from] item: Leftovers
|turn|2
|join|JDynasty
|join|bongtokes12345
|c| Agilis|;.;
|c| Time Stall|mod the chat bruh
|c| I Am Mike Chang|yes
|join|Shavon
|c| ThyCallMeSpongeBob|no dont
|c| the rocket raccoon|just kill t tar, see ya
|c| Agilis|Dont force them to.
|leave|the rocket raccoon
|c| Agilis|They can do as they please
|c| Time Stall|wow
|c| ThyCallMeSpongeBob|there some people that actually wanna talk in here
|
|switch|p1a: Lopunny|Lopunny, M|272\/272
|move|p2a: Sableye|Recover|p2a: Sableye
|-heal|p2a: Sableye|303\/303
|
|turn|3
|c| Time Stall|There are also spammers and dicks here
|c| Too much swog|why even mod the chat nobodys talking shit
|
|switch|p1a: Victini|Victini|203\/346
|switch|p2a: Amoonguss|Amoonguss, M, shiny|431\/431
|
|-heal|p1a: Victini|224\/346|[from] item: Leftovers
|turn|4
|c| Agilis|Not so far, so not a problem.
|c| Too much swog|where are the spammers
|c| ThyCallMeSpongeBob|there are also a ignore button
|
|switch|p2a: Sableye|Sableye-Mega, M, shiny|303\/303
|move|p1a: Victini|Substitute|p1a: Victini
|-start|p1a: Victini|Substitute
|-damage|p1a: Victini|138\/346
|
|-heal|p1a: Victini|159\/346|[from] item: Leftovers
|turn|5
|c| iHunt|Beautiful Double lol
|c| Time Stall|But thats work
|
|move|p1a: Victini|V-create|p2a: Sableye
|-damage|p2a: Sableye|123\/303
|-unboost|p1a: Victini|def|1
|-unboost|p1a: Victini|spd|1
|-unboost|p1a: Victini|spe|1
|move|p2a: Sableye|Shadow Ball|p1a: Victini
|-supereffective|p1a: Victini
|-end|p1a: Victini|Substitute
|
|-heal|p1a: Victini|180\/346|[from] item: Leftovers
|turn|6
|c| I Am Mike Chang|ignore button only makes it to where u cant see someones text
|c| ThyCallMeSpongeBob|that the whole point...
|c| Time Stall|Lol
|c| Too much swog|^
|leave|aweonaoMoore
|c| Too much swog|lol wtf
|c| Time Stall|Get blocked
|
|move|p1a: Victini|Substitute|p1a: Victini
|-start|p1a: Victini|Substitute
|-damage|p1a: Victini|94\/346
|move|p2a: Sableye|Shadow Ball|p1a: Victini
|-supereffective|p1a: Victini
|-end|p1a: Victini|Substitute
|
|-heal|p1a: Victini|115\/346|[from] item: Leftovers
|turn|7
|c| Time Stall|lol
|
|move|p1a: Victini|Substitute|p1a: Victini
|-start|p1a: Victini|Substitute
|-damage|p1a: Victini|29\/346
|move|p2a: Sableye|Shadow Ball|p1a: Victini
|-supereffective|p1a: Victini
|-end|p1a: Victini|Substitute
|
|-heal|p1a: Victini|50\/346|[from] item: Leftovers
|turn|8
|c| I Am Mike Chang|Lol give no fucks im famous
|
|switch|p2a: skuukzky|Tyranitar, F, shiny|403\/403
|-weather|Sandstorm
|move|p1a: Victini|V-create|p2a: skuukzky
|-resisted|p2a: skuukzky
|-damage|p2a: skuukzky|266\/403
|-unboost|p1a: Victini|def|1
|-unboost|p1a: Victini|spd|1
|-unboost|p1a: Victini|spe|1
|
|-weather|Sandstorm|[upkeep]
|-damage|p1a: Victini|29\/346|[from] sandstorm
|-heal|p2a: skuukzky|291\/403|[from] item: Leftovers
|-heal|p1a: Victini|50\/346|[from] item: Leftovers
|turn|9
|
|move|p2a: skuukzky|Pursuit|p1a: Victini
|-supereffective|p1a: Victini
|-damage|p1a: Victini|0 fnt
|faint|p1a: Victini
|
|-weather|Sandstorm|[upkeep]
|-heal|p2a: skuukzky|316\/403|[from] item: Leftovers
|join|Rooo
|
|switch|p1a: Ferrothorn|Ferrothorn, M|352\/352
|turn|10
|
|switch|p2a: Sableye|Sableye-Mega, M, shiny|123\/303
|switch|p1a: Mamoswine|Mamoswine, F|361\/361
|
|-weather|Sandstorm|[upkeep]
|-damage|p2a: Sableye|105\/303|[from] sandstorm
|turn|11
|c| Time Stall|The one and only Mike Chang
|leave|bongtokes12345
|join|vg11k
|join|Grumtastic
|
|switch|p2a: Skarmory|Skarmory, M, shiny|334\/334
|move|p1a: Mamoswine|Icicle Spear|p2a: Skarmory
|-damage|p2a: Skarmory|298\/334
|-damage|p2a: Skarmory|259\/334
|-damage|p2a: Skarmory|224\/334
|-damage|p2a: Skarmory|189\/334
|-hitcount|p2a: Skarmory|4
|-damage|p1a: Mamoswine|325\/361|[from] item: Life Orb
|
|-weather|Sandstorm|[upkeep]
|turn|12
|c| I Am Mike Chang|dats me
|leave|I Am Mike Chang
|
|switch|p1a: Rotom-Wash|Rotom-Wash|304\/304
|move|p2a: Skarmory|Roost|p2a: Skarmory
|-heal|p2a: Skarmory|334\/334
|
|-weather|none
|turn|13
|join|I Am Mike Chang
|
|switch|p2a: Amoonguss|Amoonguss, M, shiny|431\/431
|move|p1a: Rotom-Wash|Volt Switch|p2a: Amoonguss
|-resisted|p2a: Amoonguss
|-damage|p2a: Amoonguss|381\/431
|c| iHunt|Someone needs to get hazards up
|
|switch|p1a: Mamoswine|Mamoswine, F|325\/361
|
|-heal|p2a: Amoonguss|407\/431|[from] item: Black Sludge
|turn|14
|
|switch|p2a: Skarmory|Skarmory, M, shiny|334\/334
|move|p1a: Mamoswine|Icicle Spear|p2a: Skarmory
|-damage|p2a: Skarmory|295\/334
|-damage|p2a: Skarmory|259\/334
|-damage|p2a: Skarmory|223\/334
|-hitcount|p2a: Skarmory|3
|-damage|p1a: Mamoswine|289\/361|[from] item: Life Orb
|
|turn|15
|
|switch|p1a: Rotom-Wash|Rotom-Wash|304\/304
|move|p2a: Skarmory|Roost|p2a: Skarmory
|-heal|p2a: Skarmory|334\/334
|
|turn|16
|
|switch|p2a: Heatran|Heatran, F, shiny|377\/377
|move|p1a: Rotom-Wash|Volt Switch|p2a: Heatran
|-damage|p2a: Heatran|311\/377
|join|Gnaro
|
|switch|p1a: Lopunny|Lopunny, M|272\/272
|
|-heal|p2a: Heatran|334\/377|[from] item: Leftovers
|turn|17
|c| iHunt|OMG the terrible predictions
|
|switch|p2a: Amoonguss|Amoonguss, M, shiny|431\/431
|detailschange|p1a: Lopunny|Lopunny-Mega, M
|message|Lopunny has Mega Evolved into Mega Lopunny!
|move|p1a: Lopunny|High Jump Kick|p2a: Amoonguss
|-resisted|p2a: Amoonguss
|-damage|p2a: Amoonguss|331\/431
|
|-heal|p2a: Amoonguss|357\/431|[from] item: Black Sludge
|turn|18
|c| Agilis|Reveal Protect
|
|switch|p1a: Ferrothorn|Ferrothorn, M|352\/352
|move|p2a: Amoonguss|Spore|p1a: Ferrothorn
|-fail|p1a: Ferrothorn
|
|-heal|p2a: Amoonguss|383\/431|[from] item: Black Sludge
|turn|19
|c| Agilis|;.;
|
|switch|p2a: Sableye|Sableye-Mega, M, shiny|105\/303
|switch|p1a: Lopunny|Lopunny-Mega, M|272\/272
|
|turn|20
|join|ahbelew
|
|switch|p2a: Amoonguss|Amoonguss, M, shiny|431\/431
|move|p1a: Lopunny|Ice Punch|p2a: Amoonguss
|-supereffective|p2a: Amoonguss
|-damage|p2a: Amoonguss|271\/431
|
|-heal|p2a: Amoonguss|297\/431|[from] item: Black Sludge
|turn|21
|leave|Rooo
|c| Agilis|Damage? Where?
|
|switch|p1a: Ferrothorn|Ferrothorn, M|352\/352
|move|p2a: Amoonguss|Spore|p1a: Ferrothorn
|-fail|p1a: Ferrothorn
|
|-heal|p2a: Amoonguss|323\/431|[from] item: Black Sludge
|turn|22
|
|switch|p2a: Sableye|Sableye-Mega, M, shiny|105\/303
|switch|p1a: Mamoswine|Mamoswine, F|289\/361
|
|turn|23
|join|Machinimo
|join|c1one
|join|Kissed By Death
|join|flashy 2056
|join|ChameArt
|join|Zagmzp
|leave|Kissed By Death
|join|Da_Face89
|join|Kama Sutra
|join|TheObsessed
|
|switch|p1a: Rotom-Wash|Rotom-Wash|304\/304
|switch|p2a: Skarmory|Skarmory, M, shiny|334\/334
|
|turn|24
|
|switch|p2a: Amoonguss|Amoonguss, M, shiny|431\/431
|move|p1a: Rotom-Wash|Volt Switch|p2a: Amoonguss
|-crit|p2a: Amoonguss
|-resisted|p2a: Amoonguss
|-damage|p2a: Amoonguss|350\/431
|
|switch|p1a: Mamoswine|Mamoswine, F|289\/361
|
|-heal|p2a: Amoonguss|376\/431|[from] item: Black Sludge
|turn|25
|join|raiderrocker18
|join|Dreamy Nights
|
|switch|p1a: Rotom-Wash|Rotom-Wash|304\/304
|switch|p2a: Skarmory|Skarmory, M, shiny|334\/334
|
|turn|26
|c| I Am Mike Chang|mega pincer could run thru skuukzys team :I
|c| Agilis|This is going nowhere...
|
|switch|p2a: Heatran|Heatran, F, shiny|334\/377
|move|p1a: Rotom-Wash|Will-O-Wisp|p2a: Heatran
|-start|p2a: Heatran|ability: Flash Fire
|
|-heal|p2a: Heatran|357\/377|[from] item: Leftovers
|turn|27
|
|move|p1a: Rotom-Wash|Hydro Pump|p2a: Heatran
|-supereffective|p2a: Heatran
|-damage|p2a: Heatran|183\/377
|move|p2a: Heatran|Toxic|p1a: Rotom-Wash
|-status|p1a: Rotom-Wash|tox
|
|-heal|p2a: Heatran|206\/377|[from] item: Leftovers
|-damage|p1a: Rotom-Wash|285\/304 tox|[from] psn
|turn|28
|c| Kama Sutra|going nowhere is usually a sign that stall is winning
|c| Agilis|Ummm Skarmory says hi to that Mike Chang...
|
|switch|p1a: Lopunny|Lopunny-Mega, M|272\/272
|switch|p2a: Amoonguss|Amoonguss, M, shiny|431\/431
|
|turn|29
|c| c1one|mag tho
|join|azogue
|join|Mistakess
|join|SwaggBoi
|
|switch|p1a: Ferrothorn|Ferrothorn, M|352\/352
|move|p2a: Amoonguss|Spore|p1a: Ferrothorn
|-fail|p1a: Ferrothorn
|
|turn|30
|leave|iHunt
|
|switch|p2a: Sableye|Sableye-Mega, M, shiny|105\/303
|switch|p1a: Rotom-Wash|Rotom-Wash|285\/304 tox
|
|-heal|p1a: Rotom-Wash|304\/304 tox|[from] item: Leftovers
|-damage|p1a: Rotom-Wash|285\/304 tox|[from] psn
|turn|31
|
|switch|p2a: Amoonguss|Amoonguss, M, shiny|431\/431
|move|p1a: Rotom-Wash|Volt Switch|p2a: Amoonguss
|-resisted|p2a: Amoonguss
|-damage|p2a: Amoonguss|380\/431
|c| Agilis|Hiye is making all the plays, yet he is not winning...
|join|lndiana
|c| raiderrocker18|plays
|c| Kama Sutra|because he isn't stall breaking
|c|âHiye|I lost when Victini died.
|c| lndiana|oml
|join|anus pains
|c|âHiye|If i got sabbleye down, i would've had a chance
|c| raiderrocker18|victini isnt doiny anything with heatran around anyway
|
|switch|p1a: Ferrothorn|Ferrothorn, M|352\/352
|
|-heal|p2a: Amoonguss|406\/431|[from] item: Black Sludge
|turn|32
|c| Da_Face89|you never know
|join|Torin0
|c|âHiye|victini is a counter to tran
|c| raiderrocker18|wat
|join|therealbrownkid007
|c| Da_Face89|?
|c| Dreamy Nights|ferro uturn
|c|âHiye|sub pup
|join|xos
|
|switch|p2a: Sableye|Sableye-Mega, M, shiny|105\/303
|switch|p1a: Lopunny|Lopunny-Mega, M|272\/272
|
|turn|33
|c| raiderrocker18|ah
|
|switch|p2a: Skarmory|Skarmory, M, shiny|334\/334
|move|p1a: Lopunny|Ice Punch|p2a: Skarmory
|-damage|p2a: Skarmory|282\/334
|
|turn|34
|c| raiderrocker18|didnt expect pup
|c| c1one|damn give hiye the win already,,,,
|c| Kama Sutra|not pup
|c| Agilis|Freeze
|
|switch|p1a: Rotom-Wash|Rotom-Wash|285\/304 tox
|move|p2a: Skarmory|Spikes|p1a: Rotom-Wash
|-sidestart|p1: Hiye|Spikes
|
|-heal|p1a: Rotom-Wash|304\/304 tox|[from] item: Leftovers
|-damage|p1a: Rotom-Wash|285\/304 tox|[from] psn
|turn|35
|c| c1one|playz 4 dayz
|leave|SwaggBoi
|join|Joshuamos
|
|switch|p2a: Heatran|Heatran, F, shiny|206\/377
|move|p1a: Rotom-Wash|Will-O-Wisp|p2a: Heatran
|-start|p2a: Heatran|ability: Flash Fire
|
|-heal|p1a: Rotom-Wash|304\/304 tox|[from] item: Leftovers
|-heal|p2a: Heatran|229\/377|[from] item: Leftovers
|-damage|p1a: Rotom-Wash|266\/304 tox|[from] psn
|turn|36
|
|switch|p2a: Amoonguss|Amoonguss, M, shiny|431\/431
|move|p1a: Rotom-Wash|Volt Switch|p2a: Amoonguss
|-resisted|p2a: Amoonguss
|-damage|p2a: Amoonguss|383\/431
|c| Agilis|One spike is such a play.
|
|switch|p1a: Ferrothorn|Ferrothorn, M|352\/352
|-damage|p1a: Ferrothorn|308\/352|[from] Spikes
|
|-heal|p2a: Amoonguss|409\/431|[from] item: Black Sludge
|-heal|p1a: Ferrothorn|330\/352|[from] item: Leftovers
|turn|37
|leave|Time Stall
|leave|therealbrownkid007
|join|Jack41
|
|switch|p2a: Sableye|Sableye-Mega, M, shiny|105\/303
|switch|p1a: Lopunny|Lopunny-Mega, M|272\/272
|-damage|p1a: Lopunny|238\/272|[from] Spikes
|
|turn|38
|
|switch|p2a: Amoonguss|Amoonguss, M, shiny|431\/431
|move|p1a: Lopunny|Ice Punch|p2a: Amoonguss
|-supereffective|p2a: Amoonguss
|-damage|p2a: Amoonguss|271\/431
|
|-heal|p2a: Amoonguss|297\/431|[from] item: Black Sludge
|turn|39
|join|FearTheCow57
|
|switch|p1a: Ferrothorn|Ferrothorn, M|330\/352
|-damage|p1a: Ferrothorn|286\/352|[from] Spikes
|move|p2a: Amoonguss|Giga Drain|p1a: Ferrothorn
|-resisted|p1a: Ferrothorn
|-damage|p1a: Ferrothorn|270\/352
|-heal|p2a: Amoonguss|305\/431|[from] drain|[of] p1a: Ferrothorn
|
|-heal|p2a: Amoonguss|331\/431|[from] item: Black Sludge
|-heal|p1a: Ferrothorn|292\/352|[from] item: Leftovers
|turn|40
|c| Kama Sutra|return does more ya know
|c| Grumtastic|stall core herpin it up
|join|ItsPoopyTime
|c| Agilis|If Hiye kills one Poke it can change the match.
|c|âHiye|Freeze is my only option..
|c| raiderrocker18|stall core with keldeo-ttar
|c| raiderrocker18|nb
|c| raiderrocker18|as an attacking duo
|c| Kama Sutra|crit could work
|
|switch|p2a: Sableye|Sableye-Mega, M, shiny|105\/303
|switch|p1a: Lopunny|Lopunny-Mega, M|238\/272
|-damage|p1a: Lopunny|204\/272|[from] Spikes
|
|turn|41
|
|switch|p2a: Skarmory|Skarmory, M, shiny|282\/334
|move|p1a: Lopunny|Ice Punch|p2a: Skarmory
|-damage|p2a: Skarmory|233\/334
|
|turn|42
|join|Frogifier
|
|move|p1a: Lopunny|High Jump Kick|p2a: Skarmory
|-damage|p2a: Skarmory|103\/334
|move|p2a: Skarmory|Roost|p2a: Skarmory
|-heal|p2a: Skarmory|270\/334
|
|turn|43
|leave|Jack41
|join|chiefpoptart
|leave|chiefpoptart
|
|move|p1a: Lopunny|High Jump Kick|p2a: Skarmory
|-crit|p2a: Skarmory
|-damage|p2a: Skarmory|74\/334
|move|p2a: Skarmory|Spikes|p1a: Lopunny
|-sidestart|p1: Hiye|Spikes
|
|turn|44
|c| lndiana|oh
|c| c1one|not even bad
|
|switch|p2a: Amoonguss|Amoonguss, M, shiny|431\/431
|move|p1a: Lopunny|Ice Punch|p2a: Amoonguss
|-supereffective|p2a: Amoonguss
|-damage|p2a: Amoonguss|265\/431
|
|-heal|p2a: Amoonguss|291\/431|[from] item: Black Sludge
|turn|45
|c| Grumtastic|mamo cant even do anything lol
|
|switch|p1a: Ferrothorn|Ferrothorn, M|292\/352
|-damage|p1a: Ferrothorn|234\/352|[from] Spikes
|move|p2a: Amoonguss|Spore|p1a: Ferrothorn
|-fail|p1a: Ferrothorn
|
|-heal|p2a: Amoonguss|317\/431|[from] item: Black Sludge
|-heal|p1a: Ferrothorn|256\/352|[from] item: Leftovers
|turn|46
|c|âHiye|he can now
|join|an almond
|
|switch|p2a: Sableye|Sableye-Mega, M, shiny|105\/303
|switch|p1a: Mamoswine|Mamoswine, F|289\/361
|-damage|p1a: Mamoswine|229\/361|[from] Spikes
|
|turn|47
|
|switch|p2a: lily199iu|Keldeo-Resolute|323\/323
|move|p1a: Mamoswine|Earthquake|p2a: lily199iu
|-damage|p2a: lily199iu|66\/323
|-damage|p1a: Mamoswine|193\/361|[from] item: Life Orb
|
|-heal|p2a: lily199iu|86\/323|[from] item: Leftovers
|turn|48
|
|switch|p1a: Latias|Latias, F|299\/299
|move|p2a: lily199iu|Scald|p1a: Latias
|-resisted|p1a: Latias
|-damage|p1a: Latias|245\/299
|
|-heal|p2a: lily199iu|106\/323|[from] item: Leftovers
|turn|49
|c| Kama Sutra|predict switch to ttar
|
|switch|p2a: skuukzky|Tyranitar, F, shiny|316\/403
|-weather|Sandstorm
|move|p1a: Latias|Defog|p2a: skuukzky
|-unboost|p2a: skuukzky|evasion|1
|-sideend|p1: Hiye|Spikes|[from] move: Defog|[of] p1a: Latias
|
|-weather|Sandstorm|[upkeep]
|-damage|p1a: Latias|227\/299|[from] sandstorm
|-heal|p2a: skuukzky|341\/403|[from] item: Leftovers
|turn|50
|c| Kama Sutra|nvm
|
|move|p1a: Latias|Healing Wish|p1a: Latias
|faint|p1a: Latias
|move|p2a: skuukzky|Stealth Rock|p1: Latias
|-sidestart|p1: Hiye|move: Stealth Rock
|
|-weather|Sandstorm|[upkeep]
|-heal|p2a: skuukzky|366\/403|[from] item: Leftovers
|join|TheJFrenzy1
|c| raiderrocker18|lol
|
|switch|p1a: Mamoswine|Mamoswine, F|193\/361
|-heal|p1a: Mamoswine|361\/361|[from] move: Healing Wish
|-damage|p1a: Mamoswine|316\/361|[from] Stealth Rock
|turn|51
|c| Grumtastic|sash ruined?
|c| Grumtastic|3;
|c| TheJFrenzy1|holy fuck this is still going?
|c| Agilis|No its LO
|join|Specs Fake-Out
|c| Zagmzp|lo
|c| Da_Face89|yep
|c| Specs Fake-Out|turn 51...
|c| Specs Fake-Out|gud gawd
|c| Kama Sutra|mamo has a good chance of winning da game
|c|âHiye|It was 150 turn last time if you were here
|c| Da_Face89|omf
|c| Specs Fake-Out|its not even stall
|c| Grumtastic|this is why i like tournys with 100 turn limit
|
|switch|p2a: Skarmory|Skarmory, M, shiny|74\/334
|move|p1a: Mamoswine|Earthquake|p2a: Skarmory
|-immune|p2a: Skarmory|[msg]
|
|-weather|Sandstorm|[upkeep]
|turn|52
|join|LordBeric
|leave|TheObsessed
|c| Specs Fake-Out|ez
|c| Grumtastic|she as a stall core
|c| Kama Sutra|crash him
|
|switch|p2a: Heatran|Heatran, F, shiny|229\/377
|move|p1a: Mamoswine|Superpower|p2a: Heatran
|-supereffective|p2a: Heatran
|-damage|p2a: Heatran|0 fnt
|-unboost|p1a: Mamoswine|atk|1
|-unboost|p1a: Mamoswine|def|1
|-damage|p1a: Mamoswine|280\/361|[from] item: Life Orb
|faint|p2a: Heatran
|
|-weather|Sandstorm|[upkeep]
|c| lndiana|lol
|c| Zagmzp|bop
|c| Grumtastic|bang!!
|c| Kama Sutra|oh noes
|c| Specs Fake-Out|i wouldve eqd
|c| Da_Face89|no
|c|âHiye|N
|
|switch|p2a: lily199iu|Keldeo-Resolute|106\/323
|turn|53
|c|âHiye|not that real
|c| Specs Fake-Out|but meh
|leave|Mistakess
|c| Specs Fake-Out|lol
|
|switch|p1a: Rotom-Wash|Rotom-Wash|266\/304 tox
|-damage|p1a: Rotom-Wash|228\/304 tox|[from] Stealth Rock
|move|p2a: lily199iu|Secret Sword|p1a: Rotom-Wash
|-damage|p1a: Rotom-Wash|114\/304 tox
|
|-weather|none
|-heal|p2a: lily199iu|126\/323|[from] item: Leftovers
|-heal|p1a: Rotom-Wash|133\/304 tox|[from] item: Leftovers
|-damage|p1a: Rotom-Wash|114\/304 tox|[from] psn
|turn|54
|
|switch|p2a: Skarmory|Skarmory, M, shiny|74\/334
|move|p1a: Rotom-Wash|Volt Switch|p2a: Skarmory
|-supereffective|p2a: Skarmory
|-damage|p2a: Skarmory|0 fnt
|faint|p2a: Skarmory
|join|tacotacotacobell
|
|switch|p1a: Lopunny|Lopunny-Mega, M|204\/272
|-damage|p1a: Lopunny|187\/272|[from] Stealth Rock
|
|c| an almond|plaaays
|
|switch|p2a: Amoonguss|Amoonguss, M, shiny|431\/431
|turn|55
|c| tacotacotacobell|i like turtles
|leave|tacotacotacobell
|c| Zagmzp|me 2
|leave|Too much swog
|c| Da_Face89|amoongus is wish's best chance
|c| Frogifier|frog people?
|c| Da_Face89|nope
|leave|LordBeric
|join|SwaggBoi
|c| Zagmzp|crab people
|c| Kama Sutra|gg if sableye dies
|join|LordBeric
|c| Da_Face89|f dat
|c| lndiana|inb4 double
|c| Agilis|Amoongus stops 3 out of 4 pokes.
|c| Grumtastic|^
|c| Da_Face89|yep
|join|tacotacotacobell
|c| lndiana|keldeo kills every time its switched in
|c| lndiana|so yknow
|c| TheJFrenzy1|but so does mamo
|c| Agilis|Mamo does too.
|c| tacotacotacobell|i like tacos
|c| raiderrocker18|mamo takes rocks and LO
|
|switch|p1a: Ferrothorn|Ferrothorn, M|256\/352
|-damage|p1a: Ferrothorn|234\/352|[from] Stealth Rock
|move|p2a: Amoonguss|Spore|p1a: Ferrothorn
|-fail|p1a: Ferrothorn
|
|-heal|p1a: Ferrothorn|256\/352|[from] item: Leftovers
|turn|56
|leave|tacotacotacobell
|c| Grumtastic|amoongus is the only mon that needs to die on wishes team
|c| lndiana|wow
|join|tacotacotacobell
|c| lndiana|didnt double
|c| Grumtastic|for clean up
|leave|tacotacotacobell
|c| Da_Face89|if amoongus falls wish loses
|c| Grumtastic|or he can wear out the keldeo and sable
|c| Frogifier|amoongus isn't dying anytime soon
|leave|ahbelew
|
|switch|p2a: Sableye|Sableye-Mega, M, shiny|105\/303
|switch|p1a: Rotom-Wash|Rotom-Wash|114\/304 tox
|-damage|p1a: Rotom-Wash|76\/304 tox|[from] Stealth Rock
|
|-heal|p1a: Rotom-Wash|95\/304 tox|[from] item: Leftovers
|-damage|p1a: Rotom-Wash|76\/304 tox|[from] psn
|turn|57
|c| Agilis|Regenerator too OP
|
|switch|p2a: Amoonguss|Amoonguss, M, shiny|431\/431
|move|p1a: Rotom-Wash|Volt Switch|p2a: Amoonguss
|-resisted|p2a: Amoonguss
|-damage|p2a: Amoonguss|377\/431
|
|switch|p1a: Mamoswine|Mamoswine, F|280\/361
|-damage|p1a: Mamoswine|235\/361|[from] Stealth Rock
|
|-heal|p2a: Amoonguss|403\/431|[from] item: Black Sludge
|turn|58
|c| Agilis|Rotom Wash is pretty much useless...
|c| Da_Face89|sable prevents ferro from doing shit
|c| Da_Face89|thats hiye's problem
|c| raiderrocker18|italians are from italy
|c| SwaggBoi|eq go
|c| raiderrocker18|see i can say obvious things too
|c| flashy 2056|purple things are purple
|c| Kama Sutra|im Italian but im from the US
|c| raiderrocker18|ur american
|c| lndiana|lol
|c| Dreamy Nights|then u american
|c| Da_Face89|all aboard the obvious train
|c| Specs Fake-Out|hmmm
|c| Specs Fake-Out|kill this
|join|Too much swog
|c| flashy 2056|'merican
|
|switch|p2a: skuukzky|Tyranitar, F, shiny|366\/403
|-weather|Sandstorm
|move|p1a: Mamoswine|Icicle Spear|p2a: skuukzky
|-damage|p2a: skuukzky|306\/403
|-damage|p2a: skuukzky|244\/403
|-hitcount|p2a: skuukzky|2
|-damage|p1a: Mamoswine|199\/361|[from] item: Life Orb
|
|-weather|Sandstorm|[upkeep]
|-heal|p2a: skuukzky|269\/403|[from] item: Leftovers
|turn|59
|join|Azimuth
|c| Zagmzp|choo choo
|c| TheJFrenzy1|cpt.obvious coming in to save the day
|c| Kama Sutra|:\/
|c| TheJFrenzy1|motherfuckers
|c| Specs Fake-Out|wow 2 hits
|c|âHiye|It didn't matter
|c| Azimuth|:l
|c| SwaggBoi|eq
|
|switch|p2a: Amoonguss|Amoonguss, M, shiny|431\/431
|move|p1a: Mamoswine|Earthquake|p2a: Amoonguss
|-damage|p2a: Amoonguss|196\/431
|-damage|p1a: Mamoswine|163\/361|[from] item: Life Orb
|
|-weather|Sandstorm|[upkeep]
|-damage|p2a: Amoonguss|170\/431|[from] sandstorm
|-heal|p2a: Amoonguss|196\/431|[from] item: Black Sludge
|turn|60
|c| c1one|it doesnt mater tho
|c| Specs Fake-Out|crash and spear are both unreliable
|c| Kama Sutra|whut
|c| TheJFrenzy1|ouch
|c| Frogifier|o dang
|c| raiderrocker18|trying to LO stall
|c| TheJFrenzy1|jesus fucking christ
|
|switch|p2a: skuukzky|Tyranitar, F, shiny|269\/403
|move|p1a: Mamoswine|Earthquake|p2a: skuukzky
|-supereffective|p2a: skuukzky
|-damage|p2a: skuukzky|0 fnt
|-damage|p1a: Mamoswine|127\/361|[from] item: Life Orb
|faint|p2a: skuukzky
|
|-weather|Sandstorm|[upkeep]
|
|switch|p2a: lily199iu|Keldeo-Resolute|126\/323
|turn|61
|c| Grumtastic|prety much just eq spam
|c| TheJFrenzy1|what if
|
|switch|p1a: Rotom-Wash|Rotom-Wash|76\/304 tox
|-damage|p1a: Rotom-Wash|38\/304 tox|[from] Stealth Rock
|move|p2a: lily199iu|Secret Sword|p1a: Rotom-Wash
|-damage|p1a: Rotom-Wash|0 fnt
|faint|p1a: Rotom-Wash
|
|-weather|Sandstorm|[upkeep]
|-damage|p2a: lily199iu|106\/323|[from] sandstorm
|-heal|p2a: lily199iu|126\/323|[from] item: Leftovers
|
|switch|p1a: Lopunny|Lopunny-Mega, M|187\/272
|-damage|p1a: Lopunny|170\/272|[from] Stealth Rock
|turn|62
|c| TheJFrenzy1|lopunny got play rough
|c| Kama Sutra|it has 2 more eqs
|c| Frogifier|sac rotom and then hiye wins
|c| Azimuth|i killed a team close to skuukzkys at the start of the tourny
|c| Specs Fake-Out|lop doesnt need play rough
|c| raiderrocker18|imo ice punch and keldeo kills u
|c| Agilis|^
|c| Grumtastic|return\/frustration
|c| TheJFrenzy1|yeah it does
|c| SwaggBoi|return go
|c| Specs Fake-Out|unresisted stabs
|c| TheJFrenzy1|oh wait
|c| TheJFrenzy1|no it doesnt
|c| flashy 2056|fake out
|c| TheJFrenzy1|fucking scrappy
|
|switch|p2a: Amoonguss|Amoonguss, M, shiny|339\/431
|move|p1a: Lopunny|Return|p2a: Amoonguss
|-damage|p2a: Amoonguss|158\/431
|
|-weather|none
|-heal|p2a: Amoonguss|184\/431|[from] item: Black Sludge
|turn|63
|join|moneymon
|c| TheJFrenzy1|I keep forgetting
|c| raiderrocker18|oo
|c| TheJFrenzy1|lol
|c| an almond|the rollll
|c| Specs Fake-Out|hjk
|c| Specs Fake-Out|jk
|c| raiderrocker18|didnt realize 2hko
|c| an almond|wont return ko
|c| Agilis|Lefties too powerful.
|c| raiderrocker18|go 5 it
|c| Zagmzp|was that a high roll?
|c| flashy 2056|calc it
|c| Agilis|Wait
|c| raiderrocker18|calc takes mystery\/fun out of it
|c| Grumtastic|this is why ppl  need to bring a bird
|c| Kama Sutra|calcz
|c| Agilis|Ill calc
|
|switch|p1a: Ferrothorn|Ferrothorn, M|256\/352
|-damage|p1a: Ferrothorn|234\/352|[from] Stealth Rock
|move|p2a: Amoonguss|Spore|p1a: Ferrothorn
|-fail|p1a: Ferrothorn
|
|-heal|p2a: Amoonguss|210\/431|[from] item: Black Sludge
|-heal|p1a: Ferrothorn|256\/352|[from] item: Leftovers
|turn|64
|c| Kama Sutra|if it wasn't a high roll then its gg
|c| raiderrocker18|ok now wat
|c| lndiana|doesnt matter now
|c| TheJFrenzy1|it was a high roll
|
|move|p2a: Amoonguss|Spore|p1a: Ferrothorn
|-fail|p1a: Ferrothorn
|move|p1a: Ferrothorn|Gyro Ball|p2a: Amoonguss
|-damage|p2a: Amoonguss|159\/431
|
|-heal|p2a: Amoonguss|185\/431|[from] item: Black Sludge
|-heal|p1a: Ferrothorn|278\/352|[from] item: Leftovers
|turn|65
|c| Specs Fake-Out|git them rocks up
|c| Kama Sutra|CLUTCH
|c| Specs Fake-Out|unless mammo
|c| Specs Fake-Out|is rocker
|c| Agilis|252 Atk Lopunny Return vs. 252 HP \/ 252+ Def Amoonguss: 156-184 (36.1 - 42.5%) -- 94% chance to 3HKO after Black Sludge recovery
|c| Specs Fake-Out|50\/50 here
|c| Zagmzp|252 Atk Lopunny Return vs. 252 HP \/ 160+ Def Amoonguss: 171-202 (39.5 - 46.7%) -- guaranteed 3HKO after Black Sludge recovery
|c| Zagmzp|woops
|
|move|p2a: Amoonguss|Spore|p1a: Ferrothorn
|-fail|p1a: Ferrothorn
|move|p1a: Ferrothorn|Gyro Ball|p2a: Amoonguss
|-damage|p2a: Amoonguss|131\/431
|
|-heal|p2a: Amoonguss|157\/431|[from] item: Black Sludge
|-heal|p1a: Ferrothorn|300\/352|[from] item: Leftovers
|turn|66
|join|Louisxd
|c| Zagmzp|too late
|c| Da_Face89|um
|join|Mr.squid
|c| raiderrocker18|gyroball will run out before progress is made imo
|
|switch|p2a: Sableye|Sableye-Mega, M, shiny|105\/303
|switch|p1a: Mamoswine|Mamoswine, F|127\/361
|-damage|p1a: Mamoswine|82\/361|[from] Stealth Rock
|
|turn|67
|c| Specs Fake-Out|power
|c| TheJFrenzy1|get played
|c| Agilis|Lopunny would have been better play
|c| SwaggBoi|tht play doe
|
|move|p1a: Mamoswine|Earthquake|p2a: Sableye
|-damage|p2a: Sableye|0 fnt
|-damage|p1a: Mamoswine|46\/361|[from] item: Life Orb
|faint|p2a: Sableye
|
|c| Agilis|Now Mamo is so low,
|
|switch|p2a: lily199iu|Keldeo-Resolute|126\/323
|turn|68
|
|move|p1a: Mamoswine|Ice Shard|p2a: lily199iu
|-resisted|p2a: lily199iu
|-damage|p2a: lily199iu|74\/323
|-damage|p1a: Mamoswine|10\/361|[from] item: Life Orb
|move|p2a: lily199iu|Secret Sword|p1a: Mamoswine
|-supereffective|p1a: Mamoswine
|-damage|p1a: Mamoswine|0 fnt
|faint|p1a: Mamoswine
|
|-heal|p2a: lily199iu|94\/323|[from] item: Leftovers
|
|switch|p1a: Lopunny|Lopunny-Mega, M|170\/272
|-damage|p1a: Lopunny|153\/272|[from] Stealth Rock
|turn|69
|
|move|p1a: Lopunny|Return|p2a: lily199iu
|-damage|p2a: lily199iu|0 fnt
|faint|p2a: lily199iu
|
|c| Grumtastic|gg
|
|switch|p2a: Amoonguss|Amoonguss, M, shiny|300\/431
|turn|70
|c| Kama Sutra|pp stall this man
|c| flashy 2056|fake out
|c|âHiye|wait i choked
|c| Kama Sutra|ez win
|
|switch|p1a: Ferrothorn|Ferrothorn, M|300\/352
|-damage|p1a: Ferrothorn|278\/352|[from] Stealth Rock
|move|p2a: Amoonguss|Spore|p1a: Ferrothorn
|-fail|p1a: Ferrothorn
|
|-heal|p2a: Amoonguss|326\/431|[from] item: Black Sludge
|-heal|p1a: Ferrothorn|300\/352|[from] item: Leftovers
|turn|71
|
|move|p2a: Amoonguss|Giga Drain|p1a: Ferrothorn
|-resisted|p1a: Ferrothorn
|-damage|p1a: Ferrothorn|285\/352
|-heal|p2a: Amoonguss|334\/431|[from] drain|[of] p1a: Ferrothorn
|move|p1a: Ferrothorn|Stealth Rock|p2a: Amoonguss
|-sidestart|p2: skuukzky wish|move: Stealth Rock
|
|-heal|p2a: Amoonguss|360\/431|[from] item: Black Sludge
|-heal|p1a: Ferrothorn|307\/352|[from] item: Leftovers
|turn|72
|c|âHiye|This is gonna take awhile...
|c| SwaggBoi|the stall begins
|
|move|p2a: Amoonguss|Clear Smog|p1a: Ferrothorn
|-immune|p1a: Ferrothorn|[msg]
|move|p1a: Ferrothorn|Stealth Rock|p2a: Amoonguss
|-fail|p2a: Amoonguss
|
|-heal|p2a: Amoonguss|386\/431|[from] item: Black Sludge
|-heal|p1a: Ferrothorn|329\/352|[from] item: Leftovers
|turn|73
|c| raiderrocker18|whats the point of going into ferro
|c| Agilis|...
|join|ollopa
|leave|Machinimo
|c| flashy 2056|THOES ROCKS
|c| ItsPoopyTime|oh god
|c| TheJFrenzy1|oh gawd
|c| Zagmzp|l8 game rocks op
|c| Specs Fake-Out|are you out of gyros?
|join|Machinimo
|c| Da_Face89|prevent spore
|c| Grumtastic|super late game rocks
|c| Too much swog|another stall fest...
|leave|Machinimo
|c| Da_Face89|clutch super-late rockset
|
|move|p2a: Amoonguss|Clear Smog|p1a: Ferrothorn
|-immune|p1a: Ferrothorn|[msg]
|move|p1a: Ferrothorn|Stealth Rock|p2a: Amoonguss
|-fail|p2a: Amoonguss
|
|-heal|p2a: Amoonguss|412\/431|[from] item: Black Sludge
|-heal|p1a: Ferrothorn|351\/352|[from] item: Leftovers
|turn|74
|c| Frogifier|you have to get like 20 consecutive crit giga drains
|
|move|p2a: Amoonguss|Clear Smog|p1a: Ferrothorn
|-immune|p1a: Ferrothorn|[msg]
|move|p1a: Ferrothorn|Stealth Rock|p2a: Amoonguss
|-fail|p2a: Amoonguss
|
|-heal|p2a: Amoonguss|431\/431|[from] item: Black Sludge
|-heal|p1a: Ferrothorn|352\/352|[from] item: Leftovers
|turn|75
|
|move|p2a: Amoonguss|Clear Smog|p1a: Ferrothorn
|-immune|p1a: Ferrothorn|[msg]
|move|p1a: Ferrothorn|Stealth Rock|p2a: Amoonguss
|-fail|p2a: Amoonguss
|
|turn|76
|c| Azimuth|ya only get 16giga drains
|c| raiderrocker18|i think ammong has more hp
|c| an almond|0 SpA Amoonguss Giga Drain vs. 252 HP \/ 168 SpD Ferrothorn: 13-16 (3.6 - 4.5%) -- possibly the worst move ever
|c| Louisxd|what
|c| Too much swog|.data stealth rock
|c| Agilis|Hiye you should have sacked ferro to Keldeo no?
|leave|xos
|
|move|p2a: Amoonguss|Spore|p1a: Ferrothorn
|-fail|p1a: Ferrothorn
|move|p1a: Ferrothorn|Stealth Rock|p2a: Amoonguss
|-fail|p2a: Amoonguss
|
|turn|77
|c| Da_Face89|this is getting real
|c| raiderrocker18|pp*
|c| ThyCallMeSpongeBob|someone dq this kid, he obv lost
|c|âHiye|yeah agilis
|c| Too much swog|oh i thought rocks had 64 pp
|
|move|p2a: Amoonguss|Clear Smog|p1a: Ferrothorn
|-immune|p1a: Ferrothorn|[msg]
|move|p1a: Ferrothorn|Stealth Rock|p2a: Amoonguss
|-fail|p2a: Amoonguss
|
|turn|78
|c| Azimuth|32
|join|muhfugginmoo5e
|join|Abcam
|c| raiderrocker18|i wouldnt know which one to DQ
|join|ahbelew
|
|move|p2a: Amoonguss|Clear Smog|p1a: Ferrothorn
|-immune|p1a: Ferrothorn|[msg]
|move|p1a: Ferrothorn|Stealth Rock|p2a: Amoonguss
|-fail|p2a: Amoonguss
|
|turn|79
|c| raiderrocker18|lol
|c| c1one|hiye can simply stall pp by switching till lop dies
|c| c1one|then he wins
|
|move|p2a: Amoonguss|Clear Smog|p1a: Ferrothorn
|-immune|p1a: Ferrothorn|[msg]
|move|p1a: Ferrothorn|Stealth Rock|p2a: Amoonguss
|-fail|p2a: Amoonguss
|
|turn|80
|join|Kangaskhanlover
|c| Too much swog|disqualify them both
|join|crobatmaster1
|
|move|p2a: Amoonguss|Clear Smog|p1a: Ferrothorn
|-immune|p1a: Ferrothorn|[msg]
|move|p1a: Ferrothorn|Stealth Rock|p2a: Amoonguss
|-fail|p2a: Amoonguss
|
|turn|81
|
|move|p2a: Amoonguss|Spore|p1a: Ferrothorn
|-fail|p1a: Ferrothorn
|move|p1a: Ferrothorn|Stealth Rock|p2a: Amoonguss
|-fail|p2a: Amoonguss
|
|turn|82
|
|move|p2a: Amoonguss|Spore|p1a: Ferrothorn
|-fail|p1a: Ferrothorn
|move|p1a: Ferrothorn|Stealth Rock|p2a: Amoonguss
|-fail|p2a: Amoonguss
|
|turn|83
|c| anus pains|how is this worthy of being disqualified lol
|join|plotonis
|join|Rooo
|join|PartyCats
|c| anus pains|PP stalling was never banned
|c| ChameArt|PP stall to determine win. Respect.
|c| flashy 2056|lol
|c| Azimuth|only 14 spores have been used
|
|move|p2a: Amoonguss|Giga Drain|p1a: Ferrothorn
|-resisted|p1a: Ferrothorn
|-damage|p1a: Ferrothorn|337\/352
|move|p1a: Ferrothorn|Stealth Rock|p2a: Amoonguss
|-fail|p2a: Amoonguss
|
|-heal|p1a: Ferrothorn|352\/352|[from] item: Leftovers
|turn|84
|c| Da_Face89|no moar smog(on)
|join|audino spumoni
|c| Frogifier|why am i still watching
|
|move|p2a: Amoonguss|Spore|p1a: Ferrothorn
|-fail|p1a: Ferrothorn
|move|p1a: Ferrothorn|Stealth Rock|p2a: Amoonguss
|-fail|p2a: Amoonguss
|
|turn|85
|c| an almond|at turn 150 wont hiye win cuz he has 2 poke left?
|
|move|p2a: Amoonguss|Giga Drain|p1a: Ferrothorn
|-resisted|p1a: Ferrothorn
|-damage|p1a: Ferrothorn|337\/352
|move|p1a: Ferrothorn|Stealth Rock|p2a: Amoonguss
|-fail|p2a: Amoonguss
|
|-heal|p1a: Ferrothorn|352\/352|[from] item: Leftovers
|turn|86
|
|move|p2a: Amoonguss|Clear Smog|p1a: Ferrothorn
|-immune|p1a: Ferrothorn|[msg]
|move|p1a: Ferrothorn|Stealth Rock|p2a: Amoonguss
|-fail|p2a: Amoonguss
|
|turn|87
|
|move|p2a: Amoonguss|Spore|p1a: Ferrothorn
|-fail|p1a: Ferrothorn
|move|p1a: Ferrothorn|Stealth Rock|p2a: Amoonguss
|-fail|p2a: Amoonguss
|
|turn|88
|
|move|p2a: Amoonguss|Giga Drain|p1a: Ferrothorn
|-resisted|p1a: Ferrothorn
|-damage|p1a: Ferrothorn|337\/352
|move|p1a: Ferrothorn|Stealth Rock|p2a: Amoonguss
|-fail|p2a: Amoonguss
|
|-heal|p1a: Ferrothorn|352\/352|[from] item: Leftovers
|turn|89
|leave|Kangaskhanlover
|c| c1one|yes almond
|leave|crobatmaster1
|c| PartyCats|Why no hp fire amoonguss?
|
|move|p2a: Amoonguss|Clear Smog|p1a: Ferrothorn
|-immune|p1a: Ferrothorn|[msg]
|move|p1a: Ferrothorn|Stealth Rock|p2a: Amoonguss
|-fail|p2a: Amoonguss
|
|turn|90
|
|move|p2a: Amoonguss|Clear Smog|p1a: Ferrothorn
|-immune|p1a: Ferrothorn|[msg]
|move|p1a: Ferrothorn|Stealth Rock|p2a: Amoonguss
|-fail|p2a: Amoonguss
|
|turn|91
|join|Minestrone
|c| audino spumoni|hiye, i just want you to know i avenged you last time
|c| anus pains|he is running clear smog instead
|c| c1one|cuz its ass
|c|âHiye|im pretty sure its foul play
|c| Too much swog|he has hp fire he just doesnt want to reveal it
|c| anus pains|to fk over set up
|join|Arcanine is Regal
|c| Zagmzp|^
|c| audino spumoni|don't disappoint me now
|
|move|p2a: Amoonguss|Spore|p1a: Ferrothorn
|-fail|p1a: Ferrothorn
|move|p1a: Ferrothorn|Stealth Rock|p2a: Amoonguss
|-fail|p2a: Amoonguss
|
|turn|92
|
|move|p2a: Amoonguss|Giga Drain|p1a: Ferrothorn
|-resisted|p1a: Ferrothorn
|-damage|p1a: Ferrothorn|338\/352
|move|p1a: Ferrothorn|Stealth Rock|p2a: Amoonguss
|-fail|p2a: Amoonguss
|
|-heal|p1a: Ferrothorn|352\/352|[from] item: Leftovers
|turn|93
|c| Louisxd|this is so exciting
|join|Machinimo
|
|move|p2a: Amoonguss|Clear Smog|p1a: Ferrothorn
|-immune|p1a: Ferrothorn|[msg]
|move|p1a: Ferrothorn|Stealth Rock|p2a: Amoonguss
|-fail|p2a: Amoonguss
|
|turn|94
|c| Agilis|Too much swog yeah bluffing not having it is best play imo.
|
|move|p2a: Amoonguss|Giga Drain|p1a: Ferrothorn
|-resisted|p1a: Ferrothorn
|-damage|p1a: Ferrothorn|339\/352
|move|p1a: Ferrothorn|Stealth Rock|p2a: Amoonguss
|-fail|p2a: Amoonguss
|
|-heal|p1a: Ferrothorn|352\/352|[from] item: Leftovers
|turn|95
|join|Demandred
|c| Louisxd|tense af
|
|move|p2a: Amoonguss|Clear Smog|p1a: Ferrothorn
|-immune|p1a: Ferrothorn|[msg]
|move|p1a: Ferrothorn|Stealth Rock|p2a: Amoonguss
|-fail|p2a: Amoonguss
|
|turn|96
|c| ItsPoopyTime|lol
|c| Too much swog|lol
|c| Louisxd|he bluffing not having hp fire imo
|c| Machinimo|lol
|c| Louisxd|he just stalling for the fun
|
|move|p2a: Amoonguss|Giga Drain|p1a: Ferrothorn
|-resisted|p1a: Ferrothorn
|-damage|p1a: Ferrothorn|338\/352
|move|p1a: Ferrothorn|Stealth Rock|p2a: Amoonguss
|-fail|p2a: Amoonguss
|
|-heal|p1a: Ferrothorn|352\/352|[from] item: Leftovers
|turn|97
|c| an almond|whos gonna win the struggle wars tho
|
|move|p2a: Amoonguss|Clear Smog|p1a: Ferrothorn
|-immune|p1a: Ferrothorn|[msg]
|move|p1a: Ferrothorn|Stealth Rock|p2a: Amoonguss
|-fail|p2a: Amoonguss
|
|turn|98
|c| Louisxd|ferro
|c| audino spumoni|>non speed invested ferrothorn
|c| Zagmzp|ferro
|c| Louisxd|,,
|leave|Machinimo
|c| audino spumoni|how will you ever win speed ties like that
|c| flashy 2056|hiye he has iron barbs
|c| Louisxd|ye
|c| TheJFrenzy1|can we just dq wish?????
|c|âHiye|.
|c| Louisxd|implying speed ties
|
|move|p2a: Amoonguss|Giga Drain|p1a: Ferrothorn
|-resisted|p1a: Ferrothorn
|-damage|p1a: Ferrothorn|339\/352
|move|p1a: Ferrothorn|Stealth Rock|p2a: Amoonguss
|-fail|p2a: Amoonguss
|
|-heal|p1a: Ferrothorn|352\/352|[from] item: Leftovers
|turn|99
|c| Torin0|look like metapod battles
|c| ItsPoopyTime|is there a turn limit?
|c| raiderrocker18|giga, clear smong, spore, and?
|c| Louisxd|150
|c| Zagmzp|hp fire
|c| Azimuth|foul play
|c|âHiye|Foul play most likely
|c| TheJFrenzy1|i think there is a 150 turn limit
|c| JDynasty|hp fire
|
|move|p2a: Amoonguss|Clear Smog|p1a: Ferrothorn
|-immune|p1a: Ferrothorn|[msg]
|move|p1a: Ferrothorn|Stealth Rock|p2a: Amoonguss
|-fail|p2a: Amoonguss
|
|turn|100
|join|SamuraiSneasel
|c| vg11k|is there struggle on showdown ?
|
|move|p2a: Amoonguss|Giga Drain|p1a: Ferrothorn
|-resisted|p1a: Ferrothorn
|-damage|p1a: Ferrothorn|338\/352
|move|p1a: Ferrothorn|Stealth Rock|p2a: Amoonguss
|-fail|p2a: Amoonguss
|
|-heal|p1a: Ferrothorn|352\/352|[from] item: Leftovers
|turn|101
|c| an almond|why not just dq wish
|c| Zagmzp|yeah
|c| raiderrocker18|y
|
|move|p2a: Amoonguss|Spore|p1a: Ferrothorn
|-fail|p1a: Ferrothorn
|move|p1a: Ferrothorn|Stealth Rock|p2a: Amoonguss
|-fail|p2a: Amoonguss
|
|turn|102
|c| Da_Face89|yes
|c| c1one|yes
|c| TheJFrenzy1|yes
|
|move|p2a: Amoonguss|Clear Smog|p1a: Ferrothorn
|-immune|p1a: Ferrothorn|[msg]
|move|p1a: Ferrothorn|Stealth Rock|p2a: Amoonguss
|-fail|p2a: Amoonguss
|
|turn|103
|c| Azimuth|yep
|c| audino spumoni|yes
|c| ahbelew|yea, wish should quit, everybody is waiting on this battle, and he can't win unless he really does have hp fire
|c| vg11k|ty
|c| Too much swog|what do people find interesting in these stall wars
|
|move|p2a: Amoonguss|Spore|p1a: Ferrothorn
|-fail|p1a: Ferrothorn
|move|p1a: Ferrothorn|Leech Seed|p2a: Amoonguss
|-immune|p2a: Amoonguss|[msg]
|
|turn|104
|c| Louisxd|wish wins the pp war lel
|leave|Joshuamos
|c| Zagmzp|ooh inb4 all the other yeses
|c| Da_Face89|it happened to me in a 1v
|c| Too much swog|obviously hiyes gonna win
|c| c1one|how
|c| Rooo|is there really any chance that amoonguss can... win?
|
|move|p2a: Amoonguss|Clear Smog|p1a: Ferrothorn
|-immune|p1a: Ferrothorn|[msg]
|move|p1a: Ferrothorn|Leech Seed|p2a: Amoonguss
|-immune|p2a: Amoonguss|[msg]
|
|turn|105
|c| Louisxd|because its so intense, swog
|c| JDynasty|yes
|
|move|p2a: Amoonguss|Spore|p1a: Ferrothorn
|-fail|p1a: Ferrothorn
|move|p1a: Ferrothorn|Gyro Ball|p2a: Amoonguss
|-crit|p2a: Amoonguss
|-damage|p2a: Amoonguss|343\/431
|
|-heal|p2a: Amoonguss|369\/431|[from] item: Black Sludge
|turn|106
|c| JDynasty|hp fire
|c| SamuraiSneasel|And this, kids, is why I always run HP Fire on Amoonguss
|c| Zagmzp|^
|c| ItsPoopyTime|so where is eveyone from? XD
|c| flashy 2056|that crit though
|c| Da_Face89|lel
|
|move|p2a: Amoonguss|Clear Smog|p1a: Ferrothorn
|-immune|p1a: Ferrothorn|[msg]
|move|p1a: Ferrothorn|Leech Seed|p2a: Amoonguss
|-immune|p2a: Amoonguss|[msg]
|
|-heal|p2a: Amoonguss|395\/431|[from] item: Black Sludge
|turn|107
|c| Louisxd|malazia
|leave|anus pains
|c| Da_Face89|poopy is a stalker
|c| PartyCats|i'm from antarctica
|c| lndiana|that crit obviously mattered
|c| Azimuth|21 spores 14 giga drains
|c| Louisxd|wow
|
|move|p2a: Amoonguss|Clear Smog|p1a: Ferrothorn
|-immune|p1a: Ferrothorn|[msg]
|move|p1a: Ferrothorn|Leech Seed|p2a: Amoonguss|[miss]
|-miss|p1a: Ferrothorn|p2a: Amoonguss
|
|-heal|p2a: Amoonguss|421\/431|[from] item: Black Sludge
|turn|108
|c| Louisxd|much hax imo
|
|move|p2a: Amoonguss|Clear Smog|p1a: Ferrothorn
|-immune|p1a: Ferrothorn|[msg]
|move|p1a: Ferrothorn|Leech Seed|p2a: Amoonguss
|-immune|p2a: Amoonguss|[msg]
|
|-heal|p2a: Amoonguss|431\/431|[from] item: Black Sludge
|turn|109
|c| Louisxd|,,,
|
|move|p2a: Amoonguss|Clear Smog|p1a: Ferrothorn
|-immune|p1a: Ferrothorn|[msg]
|move|p1a: Ferrothorn|Leech Seed|p2a: Amoonguss
|-immune|p2a: Amoonguss|[msg]
|
|turn|110
|c| Rooo|doesnt seem very plausible but well I guess he got the right to try
|
|move|p2a: Amoonguss|Clear Smog|p1a: Ferrothorn
|-immune|p1a: Ferrothorn|[msg]
|move|p1a: Ferrothorn|Leech Seed|p2a: Amoonguss
|-immune|p2a: Amoonguss|[msg]
|
|turn|111
|c| Da_Face89|miss mattered
|c| Zagmzp|miss mattered
|c| Zagmzp|lol
|
|move|p2a: Amoonguss|Clear Smog|p1a: Ferrothorn
|-immune|p1a: Ferrothorn|[msg]
|move|p1a: Ferrothorn|Leech Seed|p2a: Amoonguss
|-immune|p2a: Amoonguss|[msg]
|
|turn|112
|join|keontew
|
|move|p2a: Amoonguss|Clear Smog|p1a: Ferrothorn
|-immune|p1a: Ferrothorn|[msg]
|move|p1a: Ferrothorn|Leech Seed|p2a: Amoonguss|[miss]
|-miss|p1a: Ferrothorn|p2a: Amoonguss
|
|turn|113
|
|move|p2a: Amoonguss|Spore|p1a: Ferrothorn
|-fail|p1a: Ferrothorn
|move|p1a: Ferrothorn|Leech Seed|p2a: Amoonguss
|-immune|p2a: Amoonguss|[msg]
|
|turn|114
|c| an almond|cant leach seed amoongus thats op
|c| Zagmzp|jinx
|
|move|p2a: Amoonguss|Spore|p1a: Ferrothorn
|-fail|p1a: Ferrothorn
|move|p1a: Ferrothorn|Leech Seed|p2a: Amoonguss
|-immune|p2a: Amoonguss|[msg]
|
|turn|115
|join|demidracolich
|c| JDynasty|reveal your last move already
|
|move|p2a: Amoonguss|Synthesis|p2a: Amoonguss
|move|p1a: Ferrothorn|Leech Seed|p2a: Amoonguss
|-immune|p2a: Amoonguss|[msg]
|
|turn|116
|c| audino spumoni|does struggle make contact?
|join|RedKingAlmighty
|c| Agilis|HE MISSED LEECH SEED OMG
|c|âHiye|!!!
|c| audino spumoni|i assume it does
|join|A1d0g
|join|SergeantSwampert
|c| c1one|yes audino
|join|AM
|c| Azimuth|it des
|c| Azimuth|does
|c| c1one|hiye wins
|c| Too much swog|only 34 more turns left
|leave|Frogifier
|c|âHiye|With synthesis i have a chance i think
|
|move|p2a: Amoonguss|Giga Drain|p1a: Ferrothorn
|-resisted|p1a: Ferrothorn
|-damage|p1a: Ferrothorn|337\/352
|move|p1a: Ferrothorn|Leech Seed|p2a: Amoonguss
|-immune|p2a: Amoonguss|[msg]
|
|-heal|p1a: Ferrothorn|352\/352|[from] item: Leftovers
|turn|117
|c| c1one|no matter what
|
|move|p2a: Amoonguss|Synthesis|p2a: Amoonguss
|move|p1a: Ferrothorn|Leech Seed|p2a: Amoonguss
|-immune|p2a: Amoonguss|[msg]
|
|turn|118
|c| Da_Face89|O SHIT NO HP FIRE
|
|move|p2a: Amoonguss|Synthesis|p2a: Amoonguss
|move|p1a: Ferrothorn|Leech Seed|p2a: Amoonguss
|-immune|p2a: Amoonguss|[msg]
|
|turn|119
|c| Zagmzp|rats
|
|move|p1a: Ferrothorn|Protect|p1a: Ferrothorn
|-singleturn|p1a: Ferrothorn|Protect
|move|p2a: Amoonguss|Synthesis|p2a: Amoonguss
|
|turn|120
|c| Da_Face89|WISH LOSES
|c| raiderrocker18|lol
|c| an almond|reveal hp fire turn 145 if real
|c| Azimuth|synthesis lol?
|
|move|p1a: Ferrothorn|Protect|p1a: Ferrothorn
|-singleturn|p1a: Ferrothorn|Protect
|move|p2a: Amoonguss|Synthesis|p2a: Amoonguss
|
|turn|121
|c| Zagmzp|lol
|
|move|p1a: Ferrothorn|Protect|p1a: Ferrothorn
|-fail|p1a: Ferrothorn
|move|p2a: Amoonguss|Synthesis|p2a: Amoonguss
|
|turn|122
|c| lndiana|he had synthesis this entire time...
|c| Da_Face89|ã½à¼¼àºÙÍà²°à³à¼½ï¾ Civilian Disobedience ã½à¼¼àºÙÍà²°à³à¼½ï¾
|join|ForumBeta
|
|move|p1a: Ferrothorn|Protect|p1a: Ferrothorn
|-singleturn|p1a: Ferrothorn|Protect
|move|p2a: Amoonguss|Synthesis|p2a: Amoonguss
|
|turn|123
|
|move|p1a: Ferrothorn|Protect|p1a: Ferrothorn
|-fail|p1a: Ferrothorn
|move|p2a: Amoonguss|Synthesis|p2a: Amoonguss
|
|turn|124
|c| JDynasty|ok he lost
|c| Da_Face89|ã½à¼¼àºÙÍà²°à³à¼½ï¾ ã½à¼¼àºÙÍà²°à³à¼½ï¾ ã½à¼¼àºÙÍà²°à³à¼½ï¾ ã½à¼¼àºÙÍà²°à³à¼½ï¾ ã½à¼¼àºÙÍà²°à³à¼½ï¾ ã½à¼¼àºÙÍà²°à³à¼½ï¾ ã½à¼¼àºÙÍà²°à³à¼½ï¾ ã½à¼¼àºÙÍà²°à³à¼½ï¾ ã½à¼¼àºÙÍà²°à³à¼½ï¾ ã½à¼¼àºÙÍà²°à³à¼½ï¾ ã½à¼¼àºÙÍà²°à³à¼½ï¾ ã½à¼¼àºÙÍà²°à³à¼½ï¾ ã½à¼¼àºÙÍà²°à³à¼½ï¾ ã½à¼¼àºÙÍà²°à³à¼½ï¾ ã½à¼¼àºÙÍà²°à³à¼½ï¾ ã½à¼¼àºÙÍà²°à³à¼½ï¾ ã½à¼¼àºÙÍà²°à³à¼½ï¾ ã½à¼¼àºÙÍà²°à³à¼½ï¾ ã½à¼¼àºÙÍà²°à³à¼½ï¾
|c| raiderrocker18|giga drain, spore, clear smog, synthesis
|
|move|p1a: Ferrothorn|Protect|p1a: Ferrothorn
|-singleturn|p1a: Ferrothorn|Protect
|move|p2a: Amoonguss|Giga Drain|p1a: Ferrothorn
|-activate|p1a: Ferrothorn|Protect
|
|turn|125
|leave|SergeantSwampert
|c| ItsPoopyTime|because of this i think i'll run HP fire instead of synthesis XD
|
|move|p1a: Ferrothorn|Protect|p1a: Ferrothorn
|-singleturn|p1a: Ferrothorn|Protect
|move|p2a: Amoonguss|Spore|p1a: Ferrothorn
|-activate|p1a: Ferrothorn|Protect
|
|turn|126
|c| Louisxd|>synthesis OML
|
|move|p1a: Ferrothorn|Protect|p1a: Ferrothorn
|-fail|p1a: Ferrothorn
|move|p2a: Amoonguss|Giga Drain|p1a: Ferrothorn
|-resisted|p1a: Ferrothorn
|-damage|p1a: Ferrothorn|338\/352
|
|-heal|p1a: Ferrothorn|352\/352|[from] item: Leftovers
|turn|127
|
|move|p1a: Ferrothorn|Protect|p1a: Ferrothorn
|-singleturn|p1a: Ferrothorn|Protect
|move|p2a: Amoonguss|Giga Drain|p1a: Ferrothorn
|-activate|p1a: Ferrothorn|Protect
|
|turn|128
|c| keontew|bruh
|c| vg11k|let's praise the helix fossil...
|
|move|p1a: Ferrothorn|Protect|p1a: Ferrothorn
|-singleturn|p1a: Ferrothorn|Protect
|move|p2a: Amoonguss|Spore|p1a: Ferrothorn
|-activate|p1a: Ferrothorn|Protect
|
|turn|129
|c| Zagmzp|lets see how many protects
|c| Agilis|Does PP get used when using a move on protect?
|c| lndiana|no
|c| Da_Face89|what did we learn today, kids?
|-message|skuukzky wish forfeited.
|-message|skuukzky wish forfeited.
|c| Zagmzp|1
|c| keontew|just switch into lopunny and kill him
|c| Zagmzp|2
|c| LordBeric|whos gonna come out ahead of this PP stall?
|
|win|Hiye
|c| an almond|sometimes its ok to give up..............
|leave|skuukzky wish
|player|p2
|c| Da_Face89|ã½à¼¼àºÙÍà²°à³à¼½ï¾  RIOT ã½à¼¼àºÙÍà²°à³à¼½ï¾
|c|âHiye|ohh shit
|c| Zagmzp|gg
|leave|ForumBeta
|leave|demidracolich
|leave|TheJFrenzy1
|leave|AM
|c|âHiye|Can't believe i won that
|leave|ahbelew
|leave|azogue
|leave|ChameArt