|join|Hiye
|join|terry41
|player|p1|Hiye|23
|player|p2|terry41|17
|gametype|singles
|gen|6
|tier|OU
|rated
|clearpoke
|poke|p1|Kyurem-Black
|poke|p1|Landorus-Therian, M
|poke|p1|Scizor, F
|poke|p1|Keldeo
|poke|p1|Heatran, M
|poke|p1|Mew
|poke|p2|Wobbuffet, F
|poke|p2|Scizor, M
|poke|p2|Tyranitar, M
|poke|p2|Excadrill, M
|poke|p2|Thundurus, M
|poke|p2|Latios, M
|rule|Swagger Clause: Swagger is banned
|rule|Baton Pass Clause: Limit one PokÃ©mon knowing Baton Pass
|rule|Sleep Clause Mod: Limit one foe put to sleep
|rule|Species Clause: Limit one of each PokÃ©mon
|rule|OHKO Clause: OHKO moves are banned
|rule|Moody Clause: Moody is banned
|rule|Evasion Moves Clause: Evasion moves are banned
|rule|Endless Battle Clause: Forcing endless battles is banned
|rule|HP Percentage Mod: HP is shown in percentages
|teampreview
|
|start
|switch|p1a: Scizor|Scizor, F|344\/344
|switch|p2a: Jessie|Wobbuffet, F|528\/528
|turn|1
|
|detailschange|p1a: Scizor|Scizor-Mega, F
|message|Scizor has Mega Evolved into Mega Scizor!
|move|p1a: Scizor|Defog|p2a: Jessie
|-unboost|p2a: Jessie|evasion|1
|move|p2a: Jessie|Encore|p1a: Scizor
|-start|p1a: Scizor|Encore
|
|turn|2
|
|switch|p2a: Reptar|Tyranitar, M|342\/342
|-weather|Sandstorm
|move|p1a: Scizor|Defog|p2a: Reptar
|-unboost|p2a: Reptar|evasion|1
|
|-weather|Sandstorm|[upkeep]
|turn|3
|c|âHiye|I kinda thought you would counter first
|
|switch|p1a: Keldeo|Keldeo|323\/323
|move|p2a: Reptar|Stealth Rock|p1a: Keldeo
|-sidestart|p1: Hiye|move: Stealth Rock
|
|-weather|Sandstorm|[upkeep]
|-damage|p1a: Keldeo|303\/323|[from] sandstorm
|-heal|p1a: Keldeo|323\/323|[from] item: Leftovers
|turn|4
|
|switch|p2a: Jessie|Wobbuffet, F|528\/528
|move|p1a: Keldeo|Scald|p2a: Jessie
|-damage|p2a: Jessie|381\/528
|
|-weather|Sandstorm|[upkeep]
|-damage|p1a: Keldeo|303\/323|[from] sandstorm
|-damage|p2a: Jessie|348\/528|[from] sandstorm
|-heal|p1a: Keldeo|323\/323|[from] item: Leftovers
|turn|5
|
|move|p1a: Keldeo|Substitute|p1a: Keldeo
|-start|p1a: Keldeo|Substitute
|-damage|p1a: Keldeo|243\/323
|move|p2a: Jessie|Encore|p1a: Keldeo
|-start|p1a: Keldeo|Encore
|
|-weather|Sandstorm|[upkeep]
|-damage|p1a: Keldeo|223\/323|[from] sandstorm
|-damage|p2a: Jessie|315\/528|[from] sandstorm
|-heal|p1a: Keldeo|243\/323|[from] item: Leftovers
|turn|6
|
|switch|p2a: Robin|Scizor, M|281\/281
|move|p1a: Keldeo|Substitute|p1a: Keldeo
|-fail|p1a: Keldeo|move: Substitute
|
|-weather|none
|-heal|p1a: Keldeo|263\/323|[from] item: Leftovers
|turn|7
|
|switch|p1a: Mew|Mew|404\/404
|-damage|p1a: Mew|354\/404|[from] Stealth Rock
|detailschange|p2a: Robin|Scizor-Mega, M
|message|Scizor has Mega Evolved into Mega Scizor!
|move|p2a: Robin|Swords Dance|p2a: Robin
|-boost|p2a: Robin|atk|2
|
|-heal|p1a: Mew|379\/404|[from] item: Leftovers
|turn|8
|
|move|p1a: Mew|Will-O-Wisp|p2a: Robin
|-status|p2a: Robin|brn
|move|p2a: Robin|Swords Dance|p2a: Robin
|-boost|p2a: Robin|atk|2
|
|-heal|p1a: Mew|404\/404|[from] item: Leftovers
|-damage|p2a: Robin|246\/281 brn|[from] brn
|turn|9
|
|move|p1a: Mew|Taunt|p2a: Robin
|-start|p2a: Robin|move: Taunt
|move|p2a: Robin|Bug Bite|p1a: Mew
|-supereffective|p1a: Mew
|-damage|p1a: Mew|0 fnt
|faint|p1a: Mew
|
|-damage|p2a: Robin|211\/281 brn|[from] brn
|
|switch|p1a: Keldeo|Keldeo|263\/323
|-damage|p1a: Keldeo|243\/323|[from] Stealth Rock
|turn|10
|
|move|p1a: Keldeo|Calm Mind|p1a: Keldeo
|-boost|p1a: Keldeo|spa|1
|-boost|p1a: Keldeo|spd|1
|move|p2a: Robin|Superpower|p1a: Keldeo
|-damage|p1a: Keldeo|0 fnt
|-unboost|p2a: Robin|atk|1
|-unboost|p2a: Robin|def|1
|faint|p1a: Keldeo
|
|-damage|p2a: Robin|176\/281 brn|[from] brn
|
|switch|p1a: Landorus-Therian|Landorus-Therian, M|319\/319
|-damage|p1a: Landorus-Therian|280\/319|[from] Stealth Rock
|-ability|p1a: Landorus-Therian|Intimidate|[of] p2a: Robin
|-unboost|p2a: Robin|atk|1
|turn|11
|
|move|p2a: Robin|Bullet Punch|p1a: Landorus-Therian
|-damage|p1a: Landorus-Therian|126\/319
|move|p1a: Landorus-Therian|Earthquake|p2a: Robin
|-damage|p2a: Robin|0 fnt
|faint|p2a: Robin
|
|
|switch|p2a: Baal|Thundurus, M|299\/299
|turn|12
|
|switch|p1a: Scizor|Scizor-Mega, F|344\/344
|-damage|p1a: Scizor|301\/344|[from] Stealth Rock
|move|p2a: Baal|Thunderbolt|p1a: Scizor
|-damage|p1a: Scizor|145\/344
|-damage|p2a: Baal|270\/299|[from] item: Life Orb
|
|turn|13
|
|move|p2a: Baal|Thunderbolt|p1a: Scizor
|-damage|p1a: Scizor|0 fnt
|-damage|p2a: Baal|241\/299|[from] item: Life Orb
|faint|p1a: Scizor
|
|
|switch|p1a: Heatran|Heatran, M|386\/386
|-damage|p1a: Heatran|338\/386|[from] Stealth Rock
|turn|14
|
|move|p2a: Baal|Thunderbolt|p1a: Heatran
|-damage|p1a: Heatran|196\/386
|-damage|p2a: Baal|212\/299|[from] item: Life Orb
|move|p1a: Heatran|Lava Plume|p2a: Baal
|-damage|p2a: Baal|46\/299
|
|-heal|p1a: Heatran|220\/386|[from] item: Leftovers
|turn|15
|
|move|p2a: Baal|Superpower|p1a: Heatran
|-supereffective|p1a: Heatran
|-damage|p1a: Heatran|0 fnt
|-unboost|p2a: Baal|atk|1
|-unboost|p2a: Baal|def|1
|-damage|p2a: Baal|17\/299|[from] item: Life Orb
|faint|p1a: Heatran
|
|
|switch|p1a: Landorus-Therian|Landorus-Therian, M|126\/319
|-damage|p1a: Landorus-Therian|87\/319|[from] Stealth Rock
|-ability|p1a: Landorus-Therian|Intimidate|[of] p2a: Baal
|-unboost|p2a: Baal|atk|1
|turn|16
|
|move|p1a: Landorus-Therian|U-turn|p2a: Baal
|-resisted|p2a: Baal
|-damage|p2a: Baal|0 fnt
|faint|p2a: Baal
|
|switch|p1a: Kyurem-Black|Kyurem-Black|405\/405
|-damage|p1a: Kyurem-Black|304\/405|[from] Stealth Rock
|-ability|p1a: Kyurem-Black|Teravolt
|
|-heal|p1a: Kyurem-Black|329\/405|[from] item: Leftovers
|
|switch|p2a: Heero|Latios, M|302\/302
|turn|17
|
|move|p2a: Heero|Draco Meteor|p1a: Kyurem-Black
|-supereffective|p1a: Kyurem-Black
|-damage|p1a: Kyurem-Black|0 fnt
|-unboost|p2a: Heero|spa|2
|faint|p1a: Kyurem-Black
|
|
|switch|p1a: Landorus-Therian|Landorus-Therian, M|87\/319
|-damage|p1a: Landorus-Therian|48\/319|[from] Stealth Rock
|-ability|p1a: Landorus-Therian|Intimidate|[of] p2a: Heero
|-unboost|p2a: Heero|atk|1
|turn|18
|
|move|p2a: Heero|Draco Meteor|p1a: Landorus-Therian
|-damage|p1a: Landorus-Therian|0 fnt
|-unboost|p2a: Heero|spa|2
|faint|p1a: Landorus-Therian
|
|win|terry41
|raw|Ladder updating...
|raw|Hiye's rating: 1826 &rarr; <strong>1803<\/strong><br \/>(-23 for losing)
|raw|terry41's rating: 1779 &rarr; <strong>1801<\/strong><br \/>(+22 for winning)
|leave|Hiye
|player|p1