|join|Hiye
|join|skuukzky Endurance
|join|Blame Freedom
|player|p1|Hiye|23
|player|p2|skuukzky Endurance|211
|gametype|singles
|gen|6
|tier|OU
|clearpoke
|poke|p1|Ferrothorn, M
|poke|p1|Rotom-Wash
|poke|p1|Talonflame, M
|poke|p1|Swampert, F
|poke|p1|Latias, F
|poke|p1|Terrakion
|poke|p2|Chansey, F, shiny
|poke|p2|Clefable, M, shiny
|poke|p2|Skarmory, M, shiny
|poke|p2|Sableye, F, shiny
|poke|p2|Amoonguss, M, shiny
|poke|p2|Slowking, M
|rule|Swagger Clause: Swagger is banned
|rule|Baton Pass Clause: Limit one PokÃ©mon knowing Baton Pass
|rule|Sleep Clause Mod: Limit one foe put to sleep
|rule|Species Clause: Limit one of each PokÃ©mon
|rule|OHKO Clause: OHKO moves are banned
|rule|Moody Clause: Moody is banned
|rule|Evasion Moves Clause: Evasion moves are banned
|rule|Endless Battle Clause: Forcing endless battles is banned
|rule|HP Percentage Mod: HP is shown in percentages
|teampreview
|join|Cienight
|join|qwazz
|
|start
|switch|p1a: Talonflame|Talonflame, M|359\/359
|switch|p2a: Sableye|Sableye, F, shiny|303\/303
|turn|1
|
|detailschange|p2a: Sableye|Sableye-Mega, F, shiny
|message|Sableye has Mega Evolved into Mega Sableye!
|move|p1a: Talonflame|Bulk Up|p1a: Talonflame
|-boost|p1a: Talonflame|atk|1
|-boost|p1a: Talonflame|def|1
|move|p2a: Sableye|Dark Pulse|p1a: Talonflame
|-damage|p1a: Talonflame|284\/359
|
|-heal|p1a: Talonflame|306\/359|[from] item: Leftovers
|turn|2
|join|Recreeant
|
|switch|p2a: Chansey|Chansey, F, shiny|703\/703
|move|p1a: Talonflame|Brave Bird|p2a: Chansey
|-damage|p2a: Chansey|456\/703
|-damage|p1a: Talonflame|224\/359|[from] recoil|[of] p2a: Chansey
|
|-heal|p1a: Talonflame|246\/359|[from] item: Leftovers
|turn|3
|
|move|p1a: Talonflame|Taunt|p2a: Chansey
|-start|p2a: Chansey|move: Taunt
|cant|p2a: Chansey|move: Taunt|Soft-Boiled
|
|-heal|p1a: Talonflame|268\/359|[from] item: Leftovers
|turn|4
|
|switch|p2a: Skarmory|Skarmory, M, shiny|333\/333
|move|p1a: Talonflame|Bulk Up|p1a: Talonflame
|-boost|p1a: Talonflame|atk|1
|-boost|p1a: Talonflame|def|1
|
|-heal|p1a: Talonflame|290\/359|[from] item: Leftovers
|turn|5
|leave|Recreeant
|
|move|p1a: Talonflame|Taunt|p2a: Skarmory
|-start|p2a: Skarmory|move: Taunt
|cant|p2a: Skarmory|move: Taunt|Whirlwind
|
|-heal|p1a: Talonflame|312\/359|[from] item: Leftovers
|turn|6
|
|switch|p2a: Slowking|Slowking, M|393\/393
|move|p1a: Talonflame|Bulk Up|p1a: Talonflame
|-boost|p1a: Talonflame|atk|1
|-boost|p1a: Talonflame|def|1
|
|-heal|p1a: Talonflame|334\/359|[from] item: Leftovers
|turn|7
|join|noob in the house
|join|BlackBoyFly
|join|Alldaalts
|join|Lycon
|join|TheKingKarp
|
|move|p1a: Talonflame|Brave Bird|p2a: Slowking
|-damage|p2a: Slowking|29\/393
|-damage|p1a: Talonflame|214\/359|[from] recoil|[of] p2a: Slowking
|move|p2a: Slowking|Scald|p1a: Talonflame
|-supereffective|p1a: Talonflame
|-damage|p1a: Talonflame|38\/359
|
|-heal|p1a: Talonflame|60\/359|[from] item: Leftovers
|-heal|p2a: Slowking|53\/393|[from] item: Leftovers
|turn|8
|
|switch|p2a: Skarmory|Skarmory, M, shiny|333\/333
|move|p1a: Talonflame|Roost|p1a: Talonflame
|-heal|p1a: Talonflame|240\/359
|
|-heal|p1a: Talonflame|262\/359|[from] item: Leftovers
|turn|9
|
|switch|p2a: Sableye|Sableye-Mega, F, shiny|303\/303
|move|p1a: Talonflame|Taunt|p2a: Sableye
|move|p2a: Sableye|Taunt|p1a: Talonflame|[from]Magic Bounce
|-start|p1a: Talonflame|move: Taunt
|
|-heal|p1a: Talonflame|284\/359|[from] item: Leftovers
|turn|10
|
|switch|p1a: Rotom-Wash|Rotom-Wash|304\/304
|switch|p2a: Slowking|Slowking, M|184\/393
|
|-heal|p2a: Slowking|208\/393|[from] item: Leftovers
|turn|11
|
|switch|p2a: Chansey|Chansey, F, shiny|456\/703
|move|p1a: Rotom-Wash|Volt Switch|p2a: Chansey
|-damage|p2a: Chansey|398\/703
|
|switch|p1a: Terrakion|Terrakion|323\/323
|
|turn|12
|
|switch|p1a: Talonflame|Talonflame, M|284\/359
|switch|p2a: Sableye|Sableye-Mega, F, shiny|303\/303
|
|-heal|p1a: Talonflame|306\/359|[from] item: Leftovers
|turn|13
|
|switch|p2a: Slowking|Slowking, M|339\/393
|move|p1a: Talonflame|Bulk Up|p1a: Talonflame
|-boost|p1a: Talonflame|atk|1
|-boost|p1a: Talonflame|def|1
|
|-heal|p1a: Talonflame|328\/359|[from] item: Leftovers
|-heal|p2a: Slowking|363\/393|[from] item: Leftovers
|turn|14
|
|move|p1a: Talonflame|Brave Bird|p2a: Slowking
|-damage|p2a: Slowking|144\/393
|-damage|p1a: Talonflame|256\/359|[from] recoil|[of] p2a: Slowking
|move|p2a: Slowking|Scald|p1a: Talonflame
|-supereffective|p1a: Talonflame
|-damage|p1a: Talonflame|74\/359
|
|-heal|p1a: Talonflame|96\/359|[from] item: Leftovers
|-heal|p2a: Slowking|168\/393|[from] item: Leftovers
|turn|15
|
|move|p1a: Talonflame|Roost|p1a: Talonflame
|-heal|p1a: Talonflame|276\/359
|move|p2a: Slowking|Thunder Wave|p1a: Talonflame
|-status|p1a: Talonflame|par
|
|-heal|p2a: Slowking|192\/393|[from] item: Leftovers
|-heal|p1a: Talonflame|298\/359 par|[from] item: Leftovers
|turn|16
|leave|noob in the house
|
|switch|p2a: Skarmory|Skarmory, M, shiny|333\/333
|cant|p1a: Talonflame|par
|
|-heal|p1a: Talonflame|320\/359 par|[from] item: Leftovers
|turn|17
|leave|Blame Freedom
|
|move|p1a: Talonflame|Brave Bird|p2a: Skarmory
|-resisted|p2a: Skarmory
|-damage|p2a: Skarmory|284\/333
|-damage|p1a: Talonflame|304\/359 par|[from] recoil|[of] p2a: Skarmory
|move|p2a: Skarmory|Spikes|p1a: Talonflame
|-sidestart|p1: Hiye|Spikes
|
|-heal|p1a: Talonflame|326\/359 par|[from] item: Leftovers
|turn|18
|
|switch|p1a: Rotom-Wash|Rotom-Wash|304\/304
|move|p2a: Skarmory|Taunt|p1a: Rotom-Wash
|-start|p1a: Rotom-Wash|move: Taunt
|
|turn|19
|join|Louisxd
|
|switch|p2a: Amoonguss|Amoonguss, M, shiny|431\/431
|move|p1a: Rotom-Wash|Volt Switch|p2a: Amoonguss
|-resisted|p2a: Amoonguss
|-damage|p2a: Amoonguss|384\/431
|
|switch|p1a: Latias|Latias, F|302\/302
|
|-heal|p2a: Amoonguss|410\/431|[from] item: Black Sludge
|turn|20
|leave|Lycon
|
|switch|p2a: Chansey|Chansey, F, shiny|398\/703
|move|p1a: Latias|Defog|p2a: Chansey
|-unboost|p2a: Chansey|evasion|1
|-sideend|p1: Hiye|Spikes|[from] move: Defog|[of] p1a: Latias
|
|turn|21
|leave|TheKingKarp
|join|gamerguy1123
|join|nevergiveup007
|
|switch|p1a: Terrakion|Terrakion|323\/323
|move|p2a: Chansey|Stealth Rock|p1a: Terrakion
|-sidestart|p1: Hiye|move: Stealth Rock
|
|turn|22
|
|switch|p1a: Latias|Latias, F|302\/302
|-damage|p1a: Latias|265\/302|[from] Stealth Rock
|switch|p2a: Sableye|Sableye-Mega, F, shiny|303\/303
|
|turn|23
|join|illytrain312
|
|switch|p2a: Chansey|Chansey, F, shiny|398\/703
|move|p1a: Latias|Defog|p2a: Chansey
|-unboost|p2a: Chansey|evasion|1
|-sideend|p1: Hiye|Stealth Rock|[from] move: Defog|[of] p1a: Latias
|
|turn|24
|
|move|p1a: Latias|Psyshock|p2a: Chansey
|-damage|p2a: Chansey|176\/703
|-damage|p1a: Latias|235\/302|[from] item: Life Orb
|move|p2a: Chansey|Stealth Rock|p1a: Latias
|-sidestart|p1: Hiye|move: Stealth Rock
|
|turn|25
|join|RotomSock
|join|Communist Vegan
|leave|BlackBoyFly
|join|BlackBoyFly
|
|switch|p2a: Sableye|Sableye-Mega, F, shiny|303\/303
|move|p1a: Latias|Defog|p2a: Sableye
|move|p2a: Sableye|Defog|p1a: Latias|[from]Magic Bounce
|-unboost|p1a: Latias|evasion|1
|-sideend|p1: Hiye|Stealth Rock|[from] move: Defog|[of] p1a: Latias
|
|turn|26
|
|switch|p1a: Talonflame|Talonflame, M|326\/359 par
|move|p2a: Sableye|Will-O-Wisp|p1a: Talonflame
|-fail|p1a: Talonflame
|
|-heal|p1a: Talonflame|348\/359 par|[from] item: Leftovers
|turn|27
|
|switch|p2a: Skarmory|Skarmory, M, shiny|284\/333
|switch|p1a: Rotom-Wash|Rotom-Wash|304\/304
|
|turn|28
|leave|Louisxd
|
|switch|p2a: Chansey|Chansey, F, shiny|176\/703
|move|p1a: Rotom-Wash|Volt Switch|p2a: Chansey
|-damage|p2a: Chansey|121\/703
|leave|RotomSock
|
|switch|p1a: Terrakion|Terrakion|323\/323
|
|turn|29
|
|switch|p2a: Sableye|Sableye-Mega, F, shiny|303\/303
|move|p1a: Terrakion|Stone Edge|p2a: Sableye
|-damage|p2a: Sableye|194\/303
|
|turn|30
|
|switch|p1a: Talonflame|Talonflame, M|348\/359 par
|move|p2a: Sableye|Will-O-Wisp|p1a: Talonflame
|-fail|p1a: Talonflame
|
|-heal|p1a: Talonflame|359\/359 par|[from] item: Leftovers
|turn|31
|
|switch|p1a: Rotom-Wash|Rotom-Wash|304\/304
|move|p2a: Sableye|Recover|p2a: Sableye
|-heal|p2a: Sableye|303\/303
|
|turn|32
|
|move|p1a: Rotom-Wash|Volt Switch|p2a: Sableye
|-damage|p2a: Sableye|224\/303
|
|switch|p1a: Talonflame|Talonflame, M|359\/359 par
|move|p2a: Sableye|Recover|p2a: Sableye
|-heal|p2a: Sableye|303\/303
|
|turn|33
|
|switch|p1a: Rotom-Wash|Rotom-Wash|304\/304
|move|p2a: Sableye|Calm Mind|p2a: Sableye
|-boost|p2a: Sableye|spa|1
|-boost|p2a: Sableye|spd|1
|
|turn|34
|
|move|p1a: Rotom-Wash|Volt Switch|p2a: Sableye
|-damage|p2a: Sableye|254\/303
|
|switch|p1a: Swampert|Swampert, F|404\/404
|move|p2a: Sableye|Calm Mind|p2a: Sableye
|-boost|p2a: Sableye|spa|1
|-boost|p2a: Sableye|spd|1
|
|turn|35
|
|detailschange|p1a: Swampert|Swampert-Mega, F
|message|Swampert has Mega Evolved into Mega Swampert!
|move|p1a: Swampert|Curse|p1a: Swampert
|-boost|p1a: Swampert|atk|1
|-boost|p1a: Swampert|def|1
|-unboost|p1a: Swampert|spe|1
|move|p2a: Sableye|Will-O-Wisp|p1a: Swampert|[miss]
|-miss|p2a: Sableye|p1a: Swampert
|
|turn|36
|c| gamerguy1123|HAH
|
|move|p1a: Swampert|Curse|p1a: Swampert
|-boost|p1a: Swampert|atk|1
|-boost|p1a: Swampert|def|1
|-unboost|p1a: Swampert|spe|1
|move|p2a: Sableye|Will-O-Wisp|p1a: Swampert
|-status|p1a: Swampert|brn
|
|-damage|p1a: Swampert|354\/404 brn|[from] brn
|turn|37
|c| gamerguy1123|Hello
|
|move|p1a: Swampert|Rest|p1a: Swampert
|-status|p1a: Swampert|slp
|-heal|p1a: Swampert|404\/404 slp|[silent]
|-status|p1a: Swampert|slp|[from] move: Rest
|move|p2a: Sableye|Dark Pulse|p1a: Swampert
|-damage|p1a: Swampert|287\/404 slp
|
|turn|38
|c| gamerguy1123|Just dark pulse and ohko
|c| gamerguy1123|Hely sheit
|c| gamerguy1123|The balk
|
|switch|p2a: Amoonguss|Amoonguss, M, shiny|431\/431
|cant|p1a: Swampert|slp
|move|p1a: Swampert|Sleep Talk|p1a: Swampert
|move|p1a: Swampert|Rest|p1a: Swampert|[from]Sleep Talk
|-fail|p1a: Swampert
|
|turn|39
|c| gamerguy1123|Sleep talk
|c| illytrain312|Sableye isnt strong to start with
|c| gamerguy1123|Huh
|
|switch|p1a: Talonflame|Talonflame, M|359\/359 par
|move|p2a: Amoonguss|Giga Drain|p1a: Talonflame
|-resisted|p1a: Talonflame
|-damage|p1a: Talonflame|341\/359 par
|
|-heal|p1a: Talonflame|359\/359 par|[from] item: Leftovers
|turn|40
|
|switch|p2a: Slowking|Slowking, M|323\/393
|switch|p1a: Rotom-Wash|Rotom-Wash|304\/304
|
|-heal|p2a: Slowking|347\/393|[from] item: Leftovers
|turn|41
|
|switch|p2a: Sableye|Sableye-Mega, F, shiny|254\/303
|move|p1a: Rotom-Wash|Will-O-Wisp|p2a: Sableye
|move|p2a: Sableye|Will-O-Wisp|p1a: Rotom-Wash|[from]Magic Bounce
|-status|p1a: Rotom-Wash|brn
|
|-damage|p1a: Rotom-Wash|266\/304 brn|[from] brn
|turn|42
|
|move|p1a: Rotom-Wash|Volt Switch|p2a: Sableye
|-damage|p2a: Sableye|182\/303
|
|switch|p1a: Swampert|Swampert-Mega, F|287\/404 slp
|move|p2a: Sableye|Calm Mind|p2a: Sableye
|-boost|p2a: Sableye|spa|1
|-boost|p2a: Sableye|spd|1
|
|turn|43
|
|cant|p1a: Swampert|slp
|move|p1a: Swampert|Sleep Talk|p1a: Swampert
|move|p1a: Swampert|Rest|p1a: Swampert|[from]Sleep Talk
|-fail|p1a: Swampert
|move|p2a: Sableye|Recover|p2a: Sableye
|-heal|p2a: Sableye|303\/303
|
|turn|44
|
|switch|p2a: Amoonguss|Amoonguss, M, shiny|431\/431
|-curestatus|p1a: Swampert|slp
|move|p1a: Swampert|Curse|p1a: Swampert
|-boost|p1a: Swampert|atk|1
|-boost|p1a: Swampert|def|1
|-unboost|p1a: Swampert|spe|1
|
|turn|45
|
|switch|p1a: Talonflame|Talonflame, M|359\/359 par
|move|p2a: Amoonguss|Giga Drain|p1a: Talonflame
|-resisted|p1a: Talonflame
|-damage|p1a: Talonflame|340\/359 par
|
|-heal|p1a: Talonflame|359\/359 par|[from] item: Leftovers
|turn|46
|join|Not Sharpteeth
|join|beastbob88
|join|Aegiswag99
|join|NJA13
|join|Mutael
|join|Toilet Scrubber
|join|thegreatjimmy2
|
|switch|p2a: Slowking|Slowking, M|393\/393
|move|p1a: Talonflame|Brave Bird|p2a: Slowking
|-damage|p2a: Slowking|243\/393
|-damage|p1a: Talonflame|309\/359 par|[from] recoil|[of] p2a: Slowking
|
|-heal|p2a: Slowking|267\/393|[from] item: Leftovers
|-heal|p1a: Talonflame|331\/359 par|[from] item: Leftovers
|turn|47
|
|switch|p1a: Rotom-Wash|Rotom-Wash|266\/304 brn
|move|p2a: Slowking|Scald|p1a: Rotom-Wash
|-crit|p1a: Rotom-Wash
|-resisted|p1a: Rotom-Wash
|-damage|p1a: Rotom-Wash|200\/304 brn
|
|-heal|p1a: Rotom-Wash|219\/304 brn|[from] item: Leftovers
|-heal|p2a: Slowking|291\/393|[from] item: Leftovers
|-damage|p1a: Rotom-Wash|181\/304 brn|[from] brn
|turn|48
|
|switch|p2a: Sableye|Sableye-Mega, F, shiny|303\/303
|move|p1a: Rotom-Wash|Volt Switch|p2a: Sableye
|-damage|p2a: Sableye|227\/303
|c| Toilet Scrubber|skuu has the definition of Stall XD
|join|Unaturallife
|
|switch|p1a: Swampert|Swampert-Mega, F|287\/404
|
|turn|49
|leave|beastbob88
|join|Kakka Karrotkake
|c| Not Sharpteeth|this is one of those times
|
|move|p1a: Swampert|Waterfall|p2a: Sableye
|-damage|p2a: Sableye|145\/303
|cant|p2a: Sableye|flinch
|
|turn|50
|c| Not Sharpteeth|when having a fairy type
|c| Not Sharpteeth|is a godsend
|
|move|p1a: Swampert|Waterfall|p2a: Sableye
|-damage|p2a: Sableye|57\/303
|move|p2a: Sableye|Recover|p2a: Sableye
|-heal|p2a: Sableye|209\/303
|
|turn|51
|c| Not Sharpteeth|fuck swampert is weak...
|
|move|p1a: Swampert|Curse|p1a: Swampert
|-boost|p1a: Swampert|atk|1
|-boost|p1a: Swampert|def|1
|-unboost|p1a: Swampert|spe|1
|move|p2a: Sableye|Recover|p2a: Sableye
|-heal|p2a: Sableye|303\/303
|
|turn|52
|
|switch|p2a: Amoonguss|Amoonguss, M, shiny|431\/431
|move|p1a: Swampert|Waterfall|p2a: Amoonguss
|-resisted|p2a: Amoonguss
|-damage|p2a: Amoonguss|341\/431
|
|-heal|p2a: Amoonguss|367\/431|[from] item: Black Sludge
|turn|53
|
|switch|p1a: Talonflame|Talonflame, M|331\/359 par
|move|p2a: Amoonguss|Giga Drain|p1a: Talonflame
|-resisted|p1a: Talonflame
|-damage|p1a: Talonflame|315\/359 par
|-heal|p2a: Amoonguss|375\/431|[from] drain|[of] p1a: Talonflame
|
|-heal|p2a: Amoonguss|401\/431|[from] item: Black Sludge
|-heal|p1a: Talonflame|337\/359 par|[from] item: Leftovers
|turn|54
|c| Mutael|no wow. . .
|
|switch|p2a: Slowking|Slowking, M|393\/393
|cant|p1a: Talonflame|par
|
|-heal|p1a: Talonflame|359\/359 par|[from] item: Leftovers
|turn|55
|leave|Unaturallife
|leave|NJA13
|
|switch|p1a: Rotom-Wash|Rotom-Wash|181\/304 brn
|move|p2a: Slowking|Psyshock|p1a: Rotom-Wash
|-damage|p1a: Rotom-Wash|111\/304 brn
|
|-heal|p1a: Rotom-Wash|130\/304 brn|[from] item: Leftovers
|-damage|p1a: Rotom-Wash|92\/304 brn|[from] brn
|turn|56
|
|switch|p2a: Chansey|Chansey, F, shiny|121\/703
|move|p1a: Rotom-Wash|Pain Split|p2a: Chansey
|-sethp|p2a: Chansey|106\/703|p1a: Rotom-Wash|106\/304 brn|[from] move: Pain Split
|
|-heal|p1a: Rotom-Wash|125\/304 brn|[from] item: Leftovers
|-damage|p1a: Rotom-Wash|87\/304 brn|[from] brn
|turn|57
|join|wvb0610
|
|move|p1a: Rotom-Wash|Volt Switch|p2a: Chansey
|-damage|p2a: Chansey|45\/703
|join|FinalEquin0x
|
|switch|p1a: Terrakion|Terrakion|323\/323
|move|p2a: Chansey|Soft-Boiled|p2a: Chansey
|-heal|p2a: Chansey|397\/703
|
|turn|58
|join|RedKingAlmighty
|
|switch|p2a: Sableye|Sableye-Mega, F, shiny|303\/303
|move|p1a: Terrakion|Stone Edge|p2a: Sableye
|-damage|p2a: Sableye|195\/303
|
|turn|59
|leave|Toilet Scrubber
|c| Not Sharpteeth|if this gets to 150, without a clear winner, a coin gets flipped
|leave|FinalEquin0x
|
|switch|p1a: Swampert|Swampert-Mega, F|287\/404
|move|p2a: Sableye|Recover|p2a: Sableye
|-heal|p2a: Sableye|303\/303
|
|turn|60
|join|Spencer (trainer)
|leave|Spencer (trainer)
|c| Mutael|i feel like mega swampert is kinda lackluster in this matchup
|
|move|p1a: Swampert|Rest|p1a: Swampert
|-status|p1a: Swampert|slp
|-heal|p1a: Swampert|404\/404 slp|[silent]
|-status|p1a: Swampert|slp|[from] move: Rest
|move|p2a: Sableye|Will-O-Wisp|p1a: Swampert
|-fail|p1a: Swampert
|
|turn|61
|
|switch|p2a: Amoonguss|Amoonguss, M, shiny|431\/431
|cant|p1a: Swampert|slp
|
|turn|62
|c| Mutael|ooh rest though
|c| Mutael|okay
|
|switch|p1a: Talonflame|Talonflame, M|359\/359 par
|switch|p2a: Slowking|Slowking, M|393\/393
|
|turn|63
|
|switch|p1a: Ferrothorn|Ferrothorn, M|352\/352
|move|p2a: Slowking|Psyshock|p1a: Ferrothorn
|-resisted|p1a: Ferrothorn
|-damage|p1a: Ferrothorn|321\/352
|
|-heal|p1a: Ferrothorn|343\/352|[from] item: Leftovers
|turn|64
|
|switch|p2a: Sableye|Sableye-Mega, F, shiny|303\/303
|switch|p1a: Swampert|Swampert-Mega, F|404\/404 slp
|
|turn|65
|
|switch|p2a: Skarmory|Skarmory, M, shiny|284\/333
|cant|p1a: Swampert|slp
|move|p1a: Swampert|Sleep Talk|p1a: Swampert
|move|p1a: Swampert|Waterfall|p2a: Skarmory|[from]Sleep Talk
|-damage|p2a: Skarmory|206\/333
|
|turn|66
|leave|RedKingAlmighty
|leave|wvb0610
|
|move|p2a: Skarmory|Spikes|p1a: Swampert
|-sidestart|p1: Hiye|Spikes
|-curestatus|p1a: Swampert|slp
|move|p1a: Swampert|Sleep Talk|p1a: Swampert
|-fail|p1a: Swampert
|
|turn|67
|join|LukeDuke
|
|move|p2a: Skarmory|Roost|p2a: Skarmory
|-heal|p2a: Skarmory|333\/333
|move|p1a: Swampert|Curse|p1a: Swampert
|-boost|p1a: Swampert|atk|1
|-boost|p1a: Swampert|def|1
|-unboost|p1a: Swampert|spe|1
|
|turn|68
|
|move|p2a: Skarmory|Spikes|p1a: Swampert
|-sidestart|p1: Hiye|Spikes
|move|p1a: Swampert|Waterfall|p2a: Skarmory
|-damage|p2a: Skarmory|224\/333
|
|turn|69
|
|switch|p2a: Amoonguss|Amoonguss, M, shiny|431\/431
|move|p1a: Swampert|Waterfall|p2a: Amoonguss
|-resisted|p2a: Amoonguss
|-damage|p2a: Amoonguss|347\/431
|
|-heal|p2a: Amoonguss|373\/431|[from] item: Black Sludge
|turn|70
|leave|Aegiswag99
|
|switch|p1a: Latias|Latias, F|235\/302
|move|p2a: Amoonguss|Spore|p1a: Latias
|-status|p1a: Latias|slp
|
|-heal|p2a: Amoonguss|399\/431|[from] item: Black Sludge
|turn|71
|c| illytrain312|If this were a non sleep talk set with ice punch, this match could be moving
|
|switch|p2a: Clefable|Clefable, M, shiny|393\/393
|cant|p1a: Latias|slp
|
|turn|72
|
|switch|p1a: Talonflame|Talonflame, M|359\/359 par
|move|p2a: Clefable|Moonblast|p1a: Talonflame
|-resisted|p1a: Talonflame
|-damage|p1a: Talonflame|306\/359 par
|-unboost|p1a: Talonflame|spa|1
|
|-heal|p1a: Talonflame|328\/359 par|[from] item: Leftovers
|turn|73
|c| Not Sharpteeth|no one fucks with Cursepert.
|
|switch|p2a: Slowking|Slowking, M|393\/393
|move|p1a: Talonflame|Bulk Up|p1a: Talonflame
|-boost|p1a: Talonflame|atk|1
|-boost|p1a: Talonflame|def|1
|
|-heal|p1a: Talonflame|350\/359 par|[from] item: Leftovers
|turn|74
|c| Not Sharpteeth|!
|
|move|p1a: Talonflame|Brave Bird|p2a: Slowking
|-damage|p2a: Slowking|186\/393
|-damage|p1a: Talonflame|282\/359 par|[from] recoil|[of] p2a: Slowking
|move|p2a: Slowking|Scald|p1a: Talonflame
|-supereffective|p1a: Talonflame
|-damage|p1a: Talonflame|120\/359 par
|
|-heal|p2a: Slowking|210\/393|[from] item: Leftovers
|-heal|p1a: Talonflame|142\/359 par|[from] item: Leftovers
|turn|75
|c| Not Sharpteeth|decision time ^_^
|
|switch|p1a: Latias|Latias, F|235\/302 slp
|move|p2a: Slowking|Scald|p1a: Latias
|-resisted|p1a: Latias
|-damage|p1a: Latias|193\/302 slp
|
|-heal|p2a: Slowking|234\/393|[from] item: Leftovers
|turn|76
|c| illytrain312|dammit
|
|switch|p2a: Chansey|Chansey, F, shiny|397\/703
|-curestatus|p1a: Latias|slp
|move|p1a: Latias|Defog|p2a: Chansey
|-unboost|p2a: Chansey|evasion|1
|-sideend|p1: Hiye|Spikes|[from] move: Defog|[of] p1a: Latias
|
|turn|77
|
|move|p1a: Latias|Psyshock|p2a: Chansey
|-damage|p2a: Chansey|166\/703
|-damage|p1a: Latias|163\/302|[from] item: Life Orb
|move|p2a: Chansey|Soft-Boiled|p2a: Chansey
|-heal|p2a: Chansey|518\/703
|
|turn|78
|
|switch|p1a: Terrakion|Terrakion|323\/323
|move|p2a: Chansey|Stealth Rock|p1a: Terrakion
|-sidestart|p1: Hiye|move: Stealth Rock
|
|turn|79
|join|BibarelThump
|leave|BlackBoyFly
|
|switch|p1a: Swampert|Swampert-Mega, F|404\/404
|-damage|p1a: Swampert|379\/404|[from] Stealth Rock
|switch|p2a: Sableye|Sableye-Mega, F, shiny|303\/303
|
|turn|80
|
|switch|p2a: Amoonguss|Amoonguss, M, shiny|431\/431
|move|p1a: Swampert|Waterfall|p2a: Amoonguss
|-resisted|p2a: Amoonguss
|-damage|p2a: Amoonguss|370\/431
|
|-heal|p2a: Amoonguss|396\/431|[from] item: Black Sludge
|turn|81
|
|switch|p1a: Ferrothorn|Ferrothorn, M|343\/352
|-damage|p1a: Ferrothorn|321\/352|[from] Stealth Rock
|move|p2a: Amoonguss|Spore|p1a: Ferrothorn
|-fail|p1a: Ferrothorn
|
|-heal|p2a: Amoonguss|422\/431|[from] item: Black Sludge
|-heal|p1a: Ferrothorn|343\/352|[from] item: Leftovers
|turn|82
|
|switch|p2a: Sableye|Sableye-Mega, F, shiny|303\/303
|move|p1a: Ferrothorn|Stealth Rock|p2a: Sableye
|move|p2a: Sableye|Stealth Rock|p1a: Ferrothorn|[from]Magic Bounce
|-fail|p1a: Ferrothorn
|
|-heal|p1a: Ferrothorn|352\/352|[from] item: Leftovers
|turn|83
|
|switch|p1a: Swampert|Swampert-Mega, F|379\/404
|-damage|p1a: Swampert|354\/404|[from] Stealth Rock
|move|p2a: Sableye|Will-O-Wisp|p1a: Swampert
|-status|p1a: Swampert|brn
|
|-damage|p1a: Swampert|304\/404 brn|[from] brn
|turn|84
|
|switch|p2a: Skarmory|Skarmory, M, shiny|224\/333
|move|p1a: Swampert|Rest|p1a: Swampert
|-status|p1a: Swampert|slp
|-heal|p1a: Swampert|404\/404 slp|[silent]
|-status|p1a: Swampert|slp|[from] move: Rest
|
|turn|85
|join|Xu Zhu
|
|move|p2a: Skarmory|Spikes|p1a: Swampert
|-sidestart|p1: Hiye|Spikes
|cant|p1a: Swampert|slp
|move|p1a: Swampert|Sleep Talk|p1a: Swampert
|move|p1a: Swampert|Curse|p1a: Swampert|[from]Sleep Talk
|-boost|p1a: Swampert|atk|1
|-boost|p1a: Swampert|def|1
|-unboost|p1a: Swampert|spe|1
|
|turn|86
|
|move|p2a: Skarmory|Roost|p2a: Skarmory
|-heal|p2a: Skarmory|333\/333
|cant|p1a: Swampert|slp
|move|p1a: Swampert|Sleep Talk|p1a: Swampert
|move|p1a: Swampert|Waterfall|p2a: Skarmory|[from]Sleep Talk
|-damage|p2a: Skarmory|225\/333
|
|turn|87
|join|soruxtra
|join|Sathyro
|join|Breakfas
|join|Skare
|c| Sathyro|turn 87
|c| Sathyro|for real
|
|move|p2a: Skarmory|Taunt|p1a: Swampert
|-start|p1a: Swampert|move: Taunt
|-curestatus|p1a: Swampert|slp
|move|p1a: Swampert|Waterfall|p2a: Skarmory
|-damage|p2a: Skarmory|104\/333
|
|turn|88
|join|UrsaReign
|
|switch|p1a: Latias|Latias, F|163\/302
|-damage|p1a: Latias|126\/302|[from] Stealth Rock
|move|p2a: Skarmory|Roost|p2a: Skarmory
|-heal|p2a: Skarmory|271\/333
|
|turn|89
|c| Sathyro|wait, 87 and nothing is dead
|
|switch|p2a: Chansey|Chansey, F, shiny|518\/703
|move|p1a: Latias|Defog|p2a: Chansey
|-unboost|p2a: Chansey|evasion|1
|-sideend|p1: Hiye|Spikes|[from] move: Defog|[of] p1a: Latias
|-sideend|p1: Hiye|Stealth Rock|[from] move: Defog|[of] p1a: Latias
|
|turn|90
|c| Sathyro|oml
|c| Not Sharpteeth|with amoongus dead, swampert sweeps. with slowbro dead, talonflame sweeps
|join|ShinyGallades
|join|KCzxFinest
|c| BibarelThump|try 400 turns first death
|c| UrsaReign|this is good stall
|c| ShinyGallades|the chanseys....
|c| UrsaReign|i love this
|join|lndiana
|c| Sathyro|but thats a slowking
|c| Sathyro|not a slowbro
|c| UrsaReign|slowking is spwall
|c| lndiana|slowbro would be better on her team
|c| lndiana|or his
|c| lndiana|idk
|join|Vertex
|
|switch|p1a: Terrakion|Terrakion|323\/323
|move|p2a: Chansey|Stealth Rock|p1a: Terrakion
|-sidestart|p1: Hiye|move: Stealth Rock
|
|turn|91
|leave|Vertex
|
|switch|p2a: Sableye|Sableye-Mega, F, shiny|303\/303
|move|p1a: Terrakion|Stone Edge|p2a: Sableye
|-damage|p2a: Sableye|198\/303
|
|turn|92
|leave|ShinyGallades
|
|switch|p1a: Swampert|Swampert-Mega, F|404\/404
|-damage|p1a: Swampert|379\/404|[from] Stealth Rock
|move|p2a: Sableye|Will-O-Wisp|p1a: Swampert
|-status|p1a: Swampert|brn
|
|-damage|p1a: Swampert|329\/404 brn|[from] brn
|turn|93
|
|move|p1a: Swampert|Rest|p1a: Swampert
|-status|p1a: Swampert|slp
|-heal|p1a: Swampert|404\/404 slp|[silent]
|-status|p1a: Swampert|slp|[from] move: Rest
|move|p2a: Sableye|Recover|p2a: Sableye
|-heal|p2a: Sableye|303\/303
|
|turn|94
|c| UrsaReign|gg
|
|switch|p2a: Skarmory|Skarmory, M, shiny|271\/333
|cant|p1a: Swampert|slp
|move|p1a: Swampert|Sleep Talk|p1a: Swampert
|move|p1a: Swampert|Waterfall|p2a: Skarmory|[from]Sleep Talk
|-damage|p2a: Skarmory|199\/333
|
|turn|95
|
|move|p2a: Skarmory|Spikes|p1a: Swampert
|-sidestart|p1: Hiye|Spikes
|cant|p1a: Swampert|slp
|move|p1a: Swampert|Sleep Talk|p1a: Swampert
|move|p1a: Swampert|Curse|p1a: Swampert|[from]Sleep Talk
|-boost|p1a: Swampert|atk|1
|-boost|p1a: Swampert|def|1
|-unboost|p1a: Swampert|spe|1
|
|turn|96
|
|move|p2a: Skarmory|Roost|p2a: Skarmory
|-heal|p2a: Skarmory|333\/333
|-curestatus|p1a: Swampert|slp
|move|p1a: Swampert|Curse|p1a: Swampert
|-boost|p1a: Swampert|atk|1
|-boost|p1a: Swampert|def|1
|-unboost|p1a: Swampert|spe|1
|
|turn|97
|
|move|p1a: Swampert|Waterfall|p2a: Skarmory
|-damage|p2a: Skarmory|167\/333
|cant|p2a: Skarmory|flinch
|
|turn|98
|join|TheObsessed
|c| BibarelThump|why don't you taunt while he's asleep lmao
|
|switch|p2a: Amoonguss|Amoonguss, M, shiny|431\/431
|move|p1a: Swampert|Waterfall|p2a: Amoonguss
|-resisted|p2a: Amoonguss
|-damage|p2a: Amoonguss|304\/431
|
|-heal|p2a: Amoonguss|330\/431|[from] item: Black Sludge
|turn|99
|c| Sathyro|150 turn is near.
|c| UrsaReign|eq
|
|switch|p1a: Ferrothorn|Ferrothorn, M|352\/352
|-damage|p1a: Ferrothorn|330\/352|[from] Stealth Rock
|-damage|p1a: Ferrothorn|286\/352|[from] Spikes
|move|p2a: Amoonguss|Spore|p1a: Ferrothorn
|-fail|p1a: Ferrothorn
|
|-heal|p2a: Amoonguss|356\/431|[from] item: Black Sludge
|-heal|p1a: Ferrothorn|308\/352|[from] item: Leftovers
|turn|100
|c| Not Sharpteeth|meh
|c| Communist Vegan|how is this game still happening? xDd
|c| KCzxFinest|he is obviouly gonna giga
|c| UrsaReign|hp fire
|c| Xu Zhu|is that right
|leave|Xu Zhu
|c| lndiana|he has no reason not to go to sableye
|c| Communist Vegan|if u aint packin that hp fire, ur not in faze
|c| BibarelThump|this game is just on repeat
|
|switch|p2a: Sableye|Sableye-Mega, F, shiny|303\/303
|move|p1a: Ferrothorn|Gyro Ball|p2a: Sableye
|-damage|p2a: Sableye|266\/303
|
|-heal|p1a: Ferrothorn|330\/352|[from] item: Leftovers
|turn|101
|c| KCzxFinest|he's obv in optic
|c| BibarelThump|Hiye needs 1 kill
|
|switch|p1a: Swampert|Swampert-Mega, F|404\/404
|-damage|p1a: Swampert|379\/404|[from] Stealth Rock
|-damage|p1a: Swampert|329\/404|[from] Spikes
|move|p2a: Sableye|Will-O-Wisp|p1a: Swampert|[miss]
|-miss|p2a: Sableye|p1a: Swampert
|
|turn|102
|
|move|p1a: Swampert|Waterfall|p2a: Sableye
|-damage|p2a: Sableye|182\/303
|move|p2a: Sableye|Will-O-Wisp|p1a: Swampert
|-status|p1a: Swampert|brn
|
|-damage|p1a: Swampert|279\/404 brn|[from] brn
|turn|103
|
|move|p1a: Swampert|Rest|p1a: Swampert
|-status|p1a: Swampert|slp
|-heal|p1a: Swampert|404\/404 slp|[silent]
|-status|p1a: Swampert|slp|[from] move: Rest
|move|p2a: Sableye|Recover|p2a: Sableye
|-heal|p2a: Sableye|303\/303
|
|turn|104
|c| UrsaReign|calm mind up
|
|switch|p2a: Skarmory|Skarmory, M, shiny|167\/333
|cant|p1a: Swampert|slp
|move|p1a: Swampert|Sleep Talk|p1a: Swampert
|move|p1a: Swampert|Rest|p1a: Swampert|[from]Sleep Talk
|-fail|p1a: Swampert
|
|turn|105
|
|move|p2a: Skarmory|Roost|p2a: Skarmory
|-heal|p2a: Skarmory|333\/333
|cant|p1a: Swampert|slp
|move|p1a: Swampert|Sleep Talk|p1a: Swampert
|move|p1a: Swampert|Waterfall|p2a: Skarmory|[from]Sleep Talk
|-damage|p2a: Skarmory|260\/333
|
|turn|106
|
|-curestatus|p1a: Swampert|slp
|move|p1a: Swampert|Curse|p1a: Swampert
|-boost|p1a: Swampert|atk|1
|-boost|p1a: Swampert|def|1
|-unboost|p1a: Swampert|spe|1
|move|p2a: Skarmory|Whirlwind|p1a: Swampert
|drag|p1a: Rotom-Wash|Rotom-Wash|87\/304 brn
|-damage|p1a: Rotom-Wash|49\/304 brn|[from] Stealth Rock
|
|-heal|p1a: Rotom-Wash|68\/304 brn|[from] item: Leftovers
|-damage|p1a: Rotom-Wash|30\/304 brn|[from] brn
|turn|107
|c| Sathyro|sigh.
|
|switch|p2a: Clefable|Clefable, M, shiny|393\/393
|move|p1a: Rotom-Wash|Pain Split|p2a: Clefable
|-sethp|p2a: Clefable|211\/393|p1a: Rotom-Wash|211\/304 brn|[from] move: Pain Split
|
|-heal|p1a: Rotom-Wash|230\/304 brn|[from] item: Leftovers
|-heal|p2a: Clefable|235\/393|[from] item: Leftovers
|-damage|p1a: Rotom-Wash|192\/304 brn|[from] brn
|turn|108
|c| BibarelThump|lmao the whirlwind
|c| BibarelThump|painsplit pls
|c| BibarelThump|yesssss
|c| Not Sharpteeth|if you'd taunted
|
|move|p1a: Rotom-Wash|Volt Switch|p2a: Clefable
|-crit|p2a: Clefable
|-damage|p2a: Clefable|96\/393
|c| Not Sharpteeth|that would be 1 kill right there
|join|Kill me shoe
|leave|Communist Vegan
|c| Sathyro|oh lord, let something fuckin die
|
|switch|p1a: Swampert|Swampert-Mega, F|404\/404
|-damage|p1a: Swampert|379\/404|[from] Stealth Rock
|-damage|p1a: Swampert|329\/404|[from] Spikes
|move|p2a: Clefable|Soft-Boiled|p2a: Clefable
|-heal|p2a: Clefable|293\/393
|
|-heal|p2a: Clefable|317\/393|[from] item: Leftovers
|turn|109
|c| LukeDuke|42 turns left :^)
|c| Kill me shoe|w8w8w8w8
|c| Kill me shoe|what the shit
|c| Kill me shoe|turn 109?
|
|switch|p2a: Amoonguss|Amoonguss, M, shiny|431\/431
|move|p1a: Swampert|Waterfall|p2a: Amoonguss
|-resisted|p2a: Amoonguss
|-damage|p2a: Amoonguss|371\/431
|
|-heal|p2a: Amoonguss|397\/431|[from] item: Black Sludge
|turn|110
|
|switch|p1a: Ferrothorn|Ferrothorn, M|330\/352
|-damage|p1a: Ferrothorn|308\/352|[from] Stealth Rock
|-damage|p1a: Ferrothorn|264\/352|[from] Spikes
|switch|p2a: Sableye|Sableye-Mega, F, shiny|303\/303
|
|-heal|p1a: Ferrothorn|286\/352|[from] item: Leftovers
|turn|111
|
|switch|p1a: Swampert|Swampert-Mega, F|329\/404
|-damage|p1a: Swampert|304\/404|[from] Stealth Rock
|-damage|p1a: Swampert|254\/404|[from] Spikes
|move|p2a: Sableye|Will-O-Wisp|p1a: Swampert
|-status|p1a: Swampert|brn
|
|-damage|p1a: Swampert|204\/404 brn|[from] brn
|turn|112
|c| illytrain312|This game needs a Conk with Knock off
|c| BibarelThump|hp grass sableye from now on
|c| Kill me shoe|real
|c| illytrain312|and guts
|
|switch|p2a: Skarmory|Skarmory, M, shiny|260\/333
|move|p1a: Swampert|Rest|p1a: Swampert
|-status|p1a: Swampert|slp
|-heal|p1a: Swampert|404\/404 slp|[silent]
|-status|p1a: Swampert|slp|[from] move: Rest
|
|turn|113
|c| Sathyro|so, if this games gets to the 150 turn rn, who wins?
|c| Sathyro|coin flip?
|c| BibarelThump|No, most health
|c| lndiana|if rotom dies
|c| Sathyro|most health?
|c| BibarelThump|which naturally, belongs to the team with chansey, amoonguss, clefable
|
|move|p2a: Skarmory|Taunt|p1a: Swampert
|-start|p1a: Swampert|move: Taunt
|cant|p1a: Swampert|slp
|cant|p1a: Swampert|move: Taunt|Sleep Talk
|
|turn|114
|c| Kill me shoe|tbh i'd just bring in my m-pidgey
|c| Sathyro|then Hiye is fucked, yeah
|
|cant|p1a: Swampert|slp
|move|p2a: Skarmory|Whirlwind|p1a: Swampert
|drag|p1a: Ferrothorn|Ferrothorn, M|286\/352
|-damage|p1a: Ferrothorn|264\/352|[from] Stealth Rock
|-damage|p1a: Ferrothorn|220\/352|[from] Spikes
|
|-heal|p1a: Ferrothorn|242\/352|[from] item: Leftovers
|turn|115
|c| Kill me shoe|sweep this whole team
|c| BibarelThump|gl getting past chansey
|c| BibarelThump|and skarmory
|c| BibarelThump|and amoonguss
|
|move|p2a: Skarmory|Taunt|p1a: Ferrothorn
|-start|p1a: Ferrothorn|move: Taunt
|cant|p1a: Ferrothorn|move: Taunt|Stealth Rock
|
|-heal|p1a: Ferrothorn|264\/352|[from] item: Leftovers
|turn|116
|c| Kill me shoe|amoonguss?
|c| Kill me shoe|i can just hurricane him?
|c| lndiana|sableye?
|c| BibarelThump|gl getting past chansey
|
|switch|p1a: Rotom-Wash|Rotom-Wash|192\/304 brn
|-damage|p1a: Rotom-Wash|154\/304 brn|[from] Stealth Rock
|move|p2a: Skarmory|Whirlwind|p1a: Rotom-Wash
|drag|p1a: Swampert|Swampert-Mega, F|404\/404 slp
|-damage|p1a: Swampert|354\/404 slp|[from] Spikes
|-damage|p1a: Swampert|329\/404 slp|[from] Stealth Rock
|
|turn|117
|c| BibarelThump|and skarmory
|c| BibarelThump|and amoonguss
|c| Sathyro|i mean, if amoonguss dies, swampy can sweep
|c| BibarelThump|nothing can reliably hit all three except mmedi
|
|move|p2a: Skarmory|Roost|p2a: Skarmory
|-heal|p2a: Skarmory|333\/333
|-curestatus|p1a: Swampert|slp
|move|p1a: Swampert|Waterfall|p2a: Skarmory
|-damage|p2a: Skarmory|252\/333
|
|turn|118
|c| lndiana|well no
|c| lndiana|he has skarm
|c| Kill me shoe|hurricane is guranteed hit lol
|c| Kill me shoe|no guard
|c| BibarelThump|skarm is a 2hko with tpunch
|c| lndiana|he doesnt have t punch
|c| BibarelThump|and I doubt it's a brave bird
|c| BibarelThump|lmao kid
|c| Sathyro|you sure?
|c| BibarelThump|I run mmedi
|c| lndiana|does he not?
|c| BibarelThump|I know what he can use
|
|move|p1a: Swampert|Waterfall|p2a: Skarmory
|-damage|p2a: Skarmory|171\/333
|move|p2a: Skarmory|Whirlwind|p1a: Swampert
|drag|p1a: Ferrothorn|Ferrothorn, M|264\/352
|-damage|p1a: Ferrothorn|220\/352|[from] Spikes
|-damage|p1a: Ferrothorn|198\/352|[from] Stealth Rock
|
|-heal|p1a: Ferrothorn|220\/352|[from] item: Leftovers
|turn|119
|
|switch|p1a: Rotom-Wash|Rotom-Wash|154\/304 brn
|-damage|p1a: Rotom-Wash|116\/304 brn|[from] Stealth Rock
|move|p2a: Skarmory|Taunt|p1a: Rotom-Wash
|-start|p1a: Rotom-Wash|move: Taunt
|
|-heal|p1a: Rotom-Wash|135\/304 brn|[from] item: Leftovers
|-damage|p1a: Rotom-Wash|97\/304 brn|[from] brn
|turn|120
|c| Kill me shoe|someone needs to bring in the bane of stall strats in here
|
|switch|p2a: Chansey|Chansey, F, shiny|518\/703
|move|p1a: Rotom-Wash|Volt Switch|p2a: Chansey
|-damage|p2a: Chansey|467\/703
|c| Kill me shoe|perish tag m-geng
|c| Sathyro|dont die rotom, pls.
|c| BibarelThump|hang on buddy
|join|scotti
|
|switch|p1a: Terrakion|Terrakion|323\/323
|-damage|p1a: Terrakion|303\/323|[from] Stealth Rock
|-damage|p1a: Terrakion|263\/323|[from] Spikes
|
|turn|121
|c| Sathyro|30 left
|c| scotti|r u serious
|c| scotti|like wtf
|join|Louisxd
|
|switch|p1a: Swampert|Swampert-Mega, F|329\/404
|-damage|p1a: Swampert|304\/404|[from] Stealth Rock
|-damage|p1a: Swampert|254\/404|[from] Spikes
|switch|p2a: Sableye|Sableye-Mega, F, shiny|303\/303
|
|turn|122
|join|Zapchao
|c| BibarelThump|mega sableye is gonna be a staple for stall now since it's the only thing that counters mmedi
|
|switch|p1a: Latias|Latias, F|126\/302
|-damage|p1a: Latias|89\/302|[from] Stealth Rock
|switch|p2a: Amoonguss|Amoonguss, M, shiny|431\/431
|
|turn|123
|join|ShinyGallades
|c| BibarelThump|psyshock if rela
|join|cefee
|
|switch|p2a: Chansey|Chansey, F, shiny|467\/703
|move|p1a: Latias|Defog|p2a: Chansey
|-unboost|p2a: Chansey|evasion|1
|-sideend|p1: Hiye|Spikes|[from] move: Defog|[of] p1a: Latias
|-sideend|p1: Hiye|Stealth Rock|[from] move: Defog|[of] p1a: Latias
|
|turn|124
|join|Zagmzp
|c| ShinyGallades|how long has this been going on....
|c| Kill me shoe|what could stall break all these pokemon
|join|Paramar
|c| BibarelThump|nothing
|c| illytrain312|Gothitelle
|c| BibarelThump|except mgard, but barely
|c| illytrain312|Always run a trapper
|
|move|p1a: Latias|Healing Wish|p1a: Latias
|faint|p1a: Latias
|move|p2a: Chansey|Stealth Rock|p1: Latias
|-sidestart|p1: Hiye|move: Stealth Rock
|
|c| Sathyro|all those?
|c| Not Sharpteeth|well, step 1
|c| BibarelThump|LMAO gg
|c| Not Sharpteeth|put SR up
|c| lndiana|...
|c| Sathyro|well mega houndoom kinda does
|join|Omegasization
|c| Kill me shoe|HIYE NOOOOOOOOOOOOO
|join|Pizza
|join|TheKingKarp
|
|switch|p1a: Talonflame|Talonflame, M|142\/359 par
|-heal|p1a: Talonflame|359\/359|[from] move: Healing Wish
|-damage|p1a: Talonflame|180\/359|[from] Stealth Rock
|turn|125
|c| Sathyro|with one nasty plot
|join|nightor
|c| BibarelThump|mega houndoom beaten by slowking
|c| BibarelThump|houndoom frail
|c| lndiana|he didnt go to rotom
|c| Sathyro|yeah slowking is a bitch
|c| illytrain312|Wait, hold the phone
|c| illytrain312|Hiye's making plays?
|c| illytrain312|Wait nvm
|c| Kill me shoe|uh ohhhh
|c| BibarelThump|and chansey walls all special
|join|hialeah
|c| scotti|25 more turns
|c| Kill me shoe|HERE COMES THE MONEY
|join|Juso
|
|move|p1a: Talonflame|Bulk Up|p1a: Talonflame
|-boost|p1a: Talonflame|atk|1
|-boost|p1a: Talonflame|def|1
|move|p2a: Chansey|Toxic|p1a: Talonflame|[miss]
|-miss|p2a: Chansey|p1a: Talonflame
|
|-heal|p1a: Talonflame|202\/359|[from] item: Leftovers
|turn|126
|c| illytrain312|Chansey's just gonna twave
|c| UrsaReign|nah nigga
|join|Vogas
|c| BibarelThump|bulk up yessss
|c| Louisxd|no
|c| illytrain312|!
|c| Kill me shoe|this is so hype
|join|Too much swog
|c| Louisxd|bulk up is too slow for stall
|c| Louisxd|only sd would win
|c| UrsaReign|chansey gets fucked by keldeo
|c| Kakka Karrotkake|now bulk up fly
|c| Paramar|substitute reveal
|c| Not Sharpteeth|it begins
|c| BibarelThump|just miss toxic twice
|
|switch|p2a: Sableye|Sableye-Mega, F, shiny|303\/303
|move|p1a: Talonflame|Bulk Up|p1a: Talonflame
|-boost|p1a: Talonflame|atk|1
|-boost|p1a: Talonflame|def|1
|
|-heal|p1a: Talonflame|224\/359|[from] item: Leftovers
|turn|127
|c| illytrain312|Fuck you Skuuk
|join|AdvanceShip
|c| BibarelThump|oooooooooooooooo
|c| scotti|lel predicted the taunt
|c| Breakfas|dayum
|join|WaltrWite
|c| illytrain312|Roost?
|c| Louisxd|nice slowking...
|c| scotti|can sableye even touch this
|c| Louisxd|are you tele ?
|c| Kill me shoe|is this dubbleliff?
|c| BibarelThump|who runs roost on talonflame hello
|c| nightor|foul play
|c| illytrain312|I do
|c| scotti|bibarel
|join|Squirrelll
|c| BibarelThump|that's a joke Illy
|c| Zagmzp|I do
|c| Louisxd|a lot of people use roost, lol.
|c| scotti|lel
|c| UrsaReign|foul play
|c| BibarelThump|you guys
|c| Louisxd|ok
|c| scotti|oh good
|c| BibarelThump|are so slow
|c| BibarelThump|lmao
|c| Sathyro|LOL
|c| UrsaReign|or dark pulse
|c| illytrain312|Bulk up\/ BB\/ FB\/ Roost
|c| Omegasization|rofl
|
|switch|p2a: Slowking|Slowking, M|365\/393
|move|p1a: Talonflame|Bulk Up|p1a: Talonflame
|-boost|p1a: Talonflame|atk|1
|-boost|p1a: Talonflame|def|1
|
|-heal|p1a: Talonflame|246\/359|[from] item: Leftovers
|-heal|p2a: Slowking|389\/393|[from] item: Leftovers
|turn|128
|leave|cefee
|c| Omegasization|who even runs chansey
|c| lndiana|what
|c| Kill me shoe|ooooooooooooooo
|join|IAmLogicx2
|c| BibarelThump|mmmm can it ko tho
|c| Omegasization|its so bad
|leave|hialeah
|c| scotti|welp
|c| Omegasization|cuz knock off
|c| BibarelThump|+3 is nice
|c| Sathyro|here it is
|c| scotti|gg
|c| Sathyro|the bitch
|c| illytrain312|Somebody hit somebody
|c| lndiana|how could u let this happen
|c| illytrain312|Calc time
|c| AdvanceShip|baiting the chansey
|c| BibarelThump|missing the toxic was so good though
|c| Kill me shoe|will talonflame hit slowking?
|c| Kill me shoe|find out next time
|c| scotti|actually bulk up doesn't kill i believe
|c| Sathyro|that toxic miss, yeah
|
|move|p1a: Talonflame|Taunt|p2a: Slowking
|-start|p2a: Slowking|move: Taunt
|cant|p2a: Slowking|move: Taunt|Thunder Wave
|
|-heal|p1a: Talonflame|268\/359|[from] item: Leftovers
|-heal|p2a: Slowking|393\/393|[from] item: Leftovers
|turn|129
|c| Kill me shoe|on pokemon shota
|c| Kill me shoe|HOLY
|c| Omegasization|on stall battles live
|c| illytrain312|OOOOOOOOOOOO
|c| BibarelThump|didn't even scald hello
|c| Omegasization|!
|c| lndiana|wow
|c| Zagmzp|oooooooo
|c| Not Sharpteeth|it
|c| Kill me shoe|hiye's a fucking god
|c| Not Sharpteeth|it begins
|c| UrsaReign|nigggggga
|c| UrsaReign|hiye=real shit
|c| BibarelThump|but now slowking is sturdy'd
|c| illytrain312|Hiye you killer
|c| BibarelThump|wtg
|c| TheKingKarp|where was this 100 turns ago lol
|c| IAmLogicx2|Omg.
|join|thespiritinthesky
|c| BibarelThump|it was toxic'd
|c| Squirrelll|yeah you guys not seen the BU talon set lol?
|c| BibarelThump|yeah we have
|c| IAmLogicx2|No wonder the battles have not started.
|c| BibarelThump|but skarm walls
|c| scotti|0 SpA Slowking Scald vs. 248 HP \/ 252+ SpD Talonflame: 156-186 (43.4 - 51.8%) -- 8.6% chance to 2HKO
|
|move|p1a: Talonflame|Bulk Up|p1a: Talonflame
|-boost|p1a: Talonflame|atk|1
|-boost|p1a: Talonflame|def|1
|move|p2a: Slowking|Scald|p1a: Talonflame
|-supereffective|p1a: Talonflame
|-damage|p1a: Talonflame|98\/359
|
|-heal|p1a: Talonflame|120\/359|[from] item: Leftovers
|turn|130
|c| BibarelThump|so rip
|c| Squirrelll|taunt is standard
|c| UrsaReign|scald
|c| Kill me shoe|the greed
|c| Zagmzp|thanks scotti
|c| Louisxd|roost now
|c| UrsaReign|damn!!!!
|c| Louisxd|....
|c| UrsaReign|wtf
|join|Pokekeytrix
|c| BibarelThump|no don't roost
|c| scotti|just spams roost
|c| UrsaReign|47%?
|c| illytrain312|no, he knew it wouldnt kill from earlier
|c| BibarelThump|go straight for bb
|
|move|p1a: Talonflame|Roost|p1a: Talonflame
|-heal|p1a: Talonflame|300\/359
|move|p2a: Slowking|Scald|p1a: Talonflame
|-supereffective|p1a: Talonflame
|-damage|p1a: Talonflame|126\/359
|
|-heal|p1a: Talonflame|148\/359|[from] item: Leftovers
|-end|p2a: Slowking|move: Taunt
|turn|131
|
|move|p1a: Talonflame|Brave Bird|p2a: Slowking
|-damage|p2a: Slowking|0 fnt
|-damage|p1a: Talonflame|18\/359|[from] recoil|[of] p2a: Slowking
|faint|p2a: Slowking
|
|-heal|p1a: Talonflame|40\/359|[from] item: Leftovers
|c| Not Sharpteeth|now, here's the problem
|c| Louisxd|now you sweep
|c| Kill me shoe|o no bb
|join|ItsPoopyTime
|c| Vogas|inb4 crit
|leave|nightor
|c| UrsaReign|!!!!
|c| BibarelThump|NICE
|c| Not Sharpteeth|aaaah
|c| Kill me shoe|OH MY FUCKING GOD
|join|Ben10101
|c| BibarelThump|nice fucking range
|c| nevergiveup007|OH MY
|c| scotti|welp
|
|switch|p2a: Amoonguss|Amoonguss, M, shiny|431\/431
|turn|132
|c| scotti|ah
|c| scotti|nice play tho
|c| illytrain312|Yes!!!!!!!!!!!!!!!!!!!!!!!!!!!!!!!!!!!!!!!!!!!!!!!!!!!!!!!!!!!!!!!!!!!!!!!!!!!!!!!!!!!!!!!!!!!!!!!!!!!!!!!!!!!!!!!!!!!!!!!!!!!!!!!!!!!!!!!!!!!!!!!!!!!!!!!!!!!!!!!!!!!!!!!!!!!!!!!!!!!!!!!!!!!!!!!!!!!!!!!!!!!!!!!!!!!!!!!!!!!!!!!!!!!
|c| Louisxd|tricky
|c| BibarelThump|this is such good bait
|c| lndiana|dont spore
|join|Agilis
|c| Sathyro|THE DREAM
|c| scotti|wait
|c| scotti|50\/50
|c| BibarelThump|get ready for this play
|c| Vogas|kill it be4 spore
|c| UrsaReign|!!!!!!!!!!!!!!!
|c| WaltrWite|the spore pressure
|c| BibarelThump|it's gonna be so sick
|c| Juso|nice
|c| Pokekeytrix|Clear smog is also a thing
|c| illytrain312|roost
|c| Zagmzp|amoongus is like take my soul
|c| BibarelThump|this is it
|c| Juso|play of the year
|
|move|p1a: Talonflame|Taunt|p2a: Amoonguss
|-start|p2a: Amoonguss|move: Taunt
|move|p2a: Amoonguss|Clear Smog|p1a: Talonflame
|-damage|p1a: Talonflame|0 fnt
|-clearboost|p1a: Talonflame
|faint|p1a: Talonflame
|
|c| Vogas|inb4 switch out
|join|Anthony Begyn
|c| scotti|ah nice
|c| BibarelThump|YESSS
|c| Kill me shoe|NO
|c| BibarelThump|I KNEW IT
|c| Not Sharpteeth|nooo
|c| UrsaReign|!!!!!
|c| Kill me shoe|NOOOOOOOOOOOOOOO
|c| illytrain312|........
|c| Pizza|yes
|c| Juso|damn
|c| BibarelThump|I KNEW IT WAS GONNA BE THE ATTACK
|c| UrsaReign|stall got real
|
|switch|p1a: Ferrothorn|Ferrothorn, M|220\/352
|-damage|p1a: Ferrothorn|198\/352|[from] Stealth Rock
|turn|133
|c| lndiana|there it is
|c| illytrain312|dude just roost
|c| Louisxd|roost or taunt
|c| IAmLogicx2|Can you mod this chat?
|join|lmlonely
|join|Tarp96
|c| Louisxd|no
|c| illytrain312|That's game
|c| Kill me shoe|clear smog clears his stats
|c| Louisxd|,,,
|c| IAmLogicx2|Too much spam.
|c| BibarelThump|nah this game is great
|c| Sathyro|no, dont mod it, ffs
|c| Kill me shoe|if he roosted
|c| BibarelThump|don't modchat
|c| Kill me shoe|he couldnt do much
|c|âskuukzky Endurance|we don't want to get beaten by a toxic miss...
|
|switch|p2a: Sableye|Sableye-Mega, F, shiny|303\/303
|move|p1a: Ferrothorn|Stealth Rock|p2a: Sableye
|move|p2a: Sableye|Stealth Rock|p1a: Ferrothorn|[from]Magic Bounce
|-fail|p1a: Ferrothorn
|
|-heal|p1a: Ferrothorn|220\/352|[from] item: Leftovers
|turn|134
|c| BibarelThump|lmaooo
|c| illytrain312|Roost, BU again, gg
|c| UrsaReign|this is one of the best battles in a while
|c| BibarelThump|hp fire sableye imo
|c| Not Sharpteeth|but, ok
|c| Louisxd|"we"
|
|switch|p1a: Swampert|Swampert-Mega, F|254\/404
|-damage|p1a: Swampert|229\/404|[from] Stealth Rock
|move|p2a: Sableye|Will-O-Wisp|p1a: Swampert
|-status|p1a: Swampert|brn
|
|-damage|p1a: Swampert|179\/404 brn|[from] brn
|turn|135
|c| Louisxd|how cute
|c| BibarelThump|spore was too risky, illy
|
|switch|p2a: Skarmory|Skarmory, M, shiny|171\/333
|move|p1a: Swampert|Rest|p1a: Swampert
|-status|p1a: Swampert|slp
|-heal|p1a: Swampert|404\/404 slp|[silent]
|-status|p1a: Swampert|slp|[from] move: Rest
|
|turn|136
|c| lndiana|clear smog gets rid of stat changes
|c| Not Sharpteeth|I think skuukzky's won this one, tbh
|c| Louisxd|"she" talk with her own pokemon
|c| Not Sharpteeth|because of the lack of defog
|c| Zagmzp|reveal cropert
|join|kullhadd hekk
|leave|Mutael
|
|move|p2a: Skarmory|Taunt|p1a: Swampert
|-start|p1a: Swampert|move: Taunt
|cant|p1a: Swampert|slp
|
|turn|137
|c| BibarelThump|nb
|
|move|p2a: Skarmory|Roost|p2a: Skarmory
|-heal|p2a: Skarmory|333\/333
|cant|p1a: Swampert|slp
|
|turn|138
|c| Tarp96|is it 150 turns max?
|c| Louisxd|is that really sleeptalk
|c| BibarelThump|tho tbf
|c| scotti|ye
|c| Sathyro|yes
|c| scotti|its over
|join|Gonzo Dolo
|c| BibarelThump|you lose nothing going for sleep talk
|c| BibarelThump|since no pp lost
|c| UrsaReign|skuukzky endurance is lil manaphy right?
|c| Louisxd|just dq then drivers t_t
|c| scotti|all skuukzyk has to do is survive
|c| scotti|but you don't someone might choke
|c| Louisxd|until turn 150
|c| scotti|or some crap
|
|move|p2a: Skarmory|Spikes|p1a: Swampert
|-sidestart|p1: Hiye|Spikes
|-curestatus|p1a: Swampert|slp
|move|p1a: Swampert|Waterfall|p2a: Skarmory
|-crit|p2a: Skarmory
|-damage|p2a: Skarmory|219\/333
|
|-end|p1a: Swampert|move: Taunt
|turn|139
|join|iMifune
|c| Louisxd|well
|
|move|p2a: Skarmory|Spikes|p1a: Swampert
|-sidestart|p1: Hiye|Spikes
|move|p1a: Swampert|Waterfall|p2a: Skarmory
|-damage|p2a: Skarmory|140\/333
|
|turn|140
|
|switch|p1a: Rotom-Wash|Rotom-Wash|97\/304 brn
|-damage|p1a: Rotom-Wash|59\/304 brn|[from] Stealth Rock
|move|p2a: Skarmory|Spikes|p1a: Rotom-Wash
|-sidestart|p1: Hiye|Spikes
|
|-heal|p1a: Rotom-Wash|78\/304 brn|[from] item: Leftovers
|-damage|p1a: Rotom-Wash|40\/304 brn|[from] brn
|turn|141
|c| BibarelThump|2 more crits with flinches
|c| UrsaReign|i have never seen anyone using full stall this well other than lil manaphy
|c| BibarelThump|nooo
|c| Agilis|Hiye's team has NOTHING for skarmory...
|c| Louisxd|he is slower, how is he guna flinch
|c| BibarelThump|be real and volt switch, be real and stay in
|c| scotti|this match could end under 150 turns
|
|move|p1a: Rotom-Wash|Pain Split|p2a: Skarmory
|-sethp|p2a: Skarmory|90\/333|p1a: Rotom-Wash|90\/304 brn|[from] move: Pain Split
|move|p2a: Skarmory|Taunt|p1a: Rotom-Wash
|-start|p1a: Rotom-Wash|move: Taunt
|
|-heal|p1a: Rotom-Wash|109\/304 brn|[from] item: Leftovers
|-damage|p1a: Rotom-Wash|71\/304 brn|[from] brn
|turn|142
|join|Savage_hr
|c| Louisxd|no it cant
|c| scotti|why the fuq
|c|âskuukzky Endurance|misclick
|c| IAmLogicx2|Nice skills Endurance. The name suites you.
|c| BibarelThump|that's it
|c| BibarelThump|not that it mattered
|c| scotti|i was about to say
|
|switch|p2a: Amoonguss|Amoonguss, M, shiny|431\/431
|move|p1a: Rotom-Wash|Volt Switch|p2a: Amoonguss
|-resisted|p2a: Amoonguss
|-damage|p2a: Amoonguss|379\/431
|c| BibarelThump|rotom dead next switch
|c| scotti|someone may choke or something
|
|switch|p1a: Ferrothorn|Ferrothorn, M|220\/352
|-damage|p1a: Ferrothorn|132\/352|[from] Spikes
|-damage|p1a: Ferrothorn|110\/352|[from] Stealth Rock
|
|-heal|p2a: Amoonguss|405\/431|[from] item: Black Sludge
|-heal|p1a: Ferrothorn|132\/352|[from] item: Leftovers
|turn|143
|leave|Savage_hr
|join|Savage_hr
|
|switch|p2a: Sableye|Sableye-Mega, F, shiny|303\/303
|move|p1a: Ferrothorn|Leech Seed|p2a: Sableye
|move|p2a: Sableye|Leech Seed|p1a: Ferrothorn|[from]Magic Bounce
|-immune|p1a: Ferrothorn|[msg]
|
|-heal|p1a: Ferrothorn|154\/352|[from] item: Leftovers
|turn|144
|c| BibarelThump|and spikes in full force
|c| BibarelThump|that's gg
|c| Kill me shoe|S A D B O Y S
|c| Kill me shoe|:c
|c| Pizza|Rekt
|c| Tarp96|stall is one sad playstyle
|leave|Sathyro
|c| Louisxd|magic bounce is so good to stall
|c| Gonzo Dolo|her team looks annoying as fuck
|
|switch|p1a: Swampert|Swampert-Mega, F|404\/404
|-damage|p1a: Swampert|303\/404|[from] Spikes
|-damage|p1a: Swampert|278\/404|[from] Stealth Rock
|move|p2a: Sableye|Will-O-Wisp|p1a: Swampert
|-status|p1a: Swampert|brn
|
|-damage|p1a: Swampert|228\/404 brn|[from] brn
|turn|145
|c| lmlonely|both teams weakness to barbaracle
|
|switch|p2a: Amoonguss|Amoonguss, M, shiny|431\/431
|move|p1a: Swampert|Rest|p1a: Swampert
|-status|p1a: Swampert|slp
|-heal|p1a: Swampert|404\/404 slp|[silent]
|-status|p1a: Swampert|slp|[from] move: Rest
|
|turn|146
|join|crawdauntite
|c| Louisxd|good swtich
|c| Savage_hr|STFU about Barbaracle
|join|Zentennen
|c| Kill me shoe|skarm walls barbar
|
|switch|p1a: Ferrothorn|Ferrothorn, M|154\/352
|-damage|p1a: Ferrothorn|132\/352|[from] Stealth Rock
|-damage|p1a: Ferrothorn|44\/352|[from] Spikes
|move|p2a: Amoonguss|Giga Drain|p1a: Ferrothorn
|-resisted|p1a: Ferrothorn
|-damage|p1a: Ferrothorn|28\/352
|
|-heal|p1a: Ferrothorn|50\/352|[from] item: Leftovers
|turn|147
|
|switch|p2a: Sableye|Sableye-Mega, F, shiny|303\/303
|move|p1a: Ferrothorn|Leech Seed|p2a: Sableye
|move|p2a: Sableye|Leech Seed|p1a: Ferrothorn|[from]Magic Bounce
|-immune|p1a: Ferrothorn|[msg]
|
|-heal|p1a: Ferrothorn|72\/352|[from] item: Leftovers
|turn|148
|c| UrsaReign|barbaracle is like nu nigga
|c| BibarelThump|ferro down???
|
|move|p1a: Ferrothorn|Protect|p1a: Ferrothorn
|-singleturn|p1a: Ferrothorn|Protect
|move|p2a: Sableye|Dark Pulse|p1a: Ferrothorn
|-activate|p1a: Ferrothorn|Protect
|
|-heal|p1a: Ferrothorn|94\/352|[from] item: Leftovers
|turn|149
|c| BibarelThump|p real
|c| scotti|gg
|c| Louisxd|also
|
|move|p1a: Ferrothorn|Protect|p1a: Ferrothorn
|-fail|p1a: Ferrothorn
|move|p2a: Sableye|Dark Pulse|p1a: Ferrothorn
|-damage|p1a: Ferrothorn|33\/352
|
|-heal|p1a: Ferrothorn|55\/352|[from] item: Leftovers
|turn|150
|c|âskuukzky Endurance|gg
|c| Savage_hr|Why the fuck do you keep trying to seed Sable
|c| Paramar|gg
|c| Savage_hr|Dafq
|c| Louisxd|why arent you calm minding ?
|c| lndiana|gg
|c| Anthony Begyn|someone si buthurt
|leave|gamerguy1123
|-message|Hiye forfeited.
|
|win|skuukzky Endurance
|c| Anthony Begyn|savage
|c| ShinyGallades|hala
|leave|skuukzky Endurance
|player|p2
|c| Anthony Begyn|lfmao
|c| Not Sharpteeth|stupid stuff: skuuzky doesn't have a defogger
|leave|IAmLogicx2
|leave|BibarelThump
|c| Zagmzp|filthy
|leave|ShinyGallades
|leave|Paramar
|leave|lndiana
|c| Zagmzp|lol
|leave|WaltrWite
|leave|nevergiveup007
|leave|Zagmzp
|leave|Gonzo Dolo
|leave|Louisxd
|leave|Zentennen
|leave|scotti
|leave|Omegasization
|leave|Breakfas
|leave|Not Sharpteeth
|join|Global Stall
|leave|Hiye
|player|p1
|leave|Tarp96
|leave|Kill me shoe
|leave|Savage_hr
|leave|Squirrelll
|leave|thegreatjimmy2
|leave|Ben10101
|leave|LukeDuke
|leave|crawdauntite
|leave|Agilis
|leave|Zapchao
|leave|illytrain312
|leave|Pokekeytrix
|leave|thespiritinthesky
|leave|Cienight
|leave|Pizza