|join|Hiye
|join|FUCKHACKERS14
|player|p1|Hiye|23
|player|p2|FUCKHACKERS14|125
|gametype|singles
|gen|6
|tier|OU
|rated
|clearpoke
|poke|p1|Kyurem-Black
|poke|p1|Landorus-Therian, M
|poke|p1|Scizor, M
|poke|p1|Keldeo
|poke|p1|Heatran, F
|poke|p1|Mew
|poke|p2|Landorus-Therian, M, shiny
|poke|p2|Heatran, F, shiny
|poke|p2|Chesnaught, F, shiny
|poke|p2|Suicune, shiny
|poke|p2|Mew, shiny
|poke|p2|Manectric, F, shiny
|rule|Swagger Clause: Swagger is banned
|rule|Baton Pass Clause: Limit one PokÃ©mon knowing Baton Pass
|rule|Sleep Clause Mod: Limit one foe put to sleep
|rule|Species Clause: Limit one of each PokÃ©mon
|rule|OHKO Clause: OHKO moves are banned
|rule|Moody Clause: Moody is banned
|rule|Evasion Moves Clause: Evasion moves are banned
|rule|Endless Battle Clause: Forcing endless battles is banned
|rule|HP Percentage Mod: HP is shown in percentages
|teampreview
|
|start
|switch|p1a: Landorus-Therian|Landorus-Therian, M|319\/319
|switch|p2a: Manectric|Manectric, F, shiny|281\/281
|-ability|p1a: Landorus-Therian|Intimidate|[of] p2a: Manectric
|-unboost|p2a: Manectric|atk|1
|turn|1
|
|switch|p2a: Chesnaught|Chesnaught, F, shiny|379\/379
|move|p1a: Landorus-Therian|Earthquake|p2a: Chesnaught
|-resisted|p2a: Chesnaught
|-damage|p2a: Chesnaught|315\/379
|
|-heal|p2a: Chesnaught|338\/379|[from] item: Leftovers
|turn|2
|
|switch|p1a: Scizor|Scizor, M|344\/344
|move|p2a: Chesnaught|Spikes|p1a: Scizor
|-sidestart|p1: Hiye|Spikes
|
|-heal|p2a: Chesnaught|361\/379|[from] item: Leftovers
|turn|3
|
|switch|p2a: Heatran|Heatran, F, shiny|386\/386
|detailschange|p1a: Scizor|Scizor-Mega, M
|message|Scizor has Mega Evolved into Mega Scizor!
|move|p1a: Scizor|Defog|p2a: Heatran
|-unboost|p2a: Heatran|evasion|1
|-sideend|p1: Hiye|Spikes|[from] move: Defog|[of] p1a: Scizor
|
|turn|4
|
|switch|p1a: Keldeo|Keldeo|323\/323
|move|p2a: Heatran|Stealth Rock|p1a: Keldeo
|-sidestart|p1: Hiye|move: Stealth Rock
|
|turn|5
|
|switch|p2a: Suicune|Suicune, shiny|403\/403
|-ability|p2a: Suicune|Pressure
|move|p1a: Keldeo|Calm Mind|p1a: Keldeo
|-boost|p1a: Keldeo|spa|1
|-boost|p1a: Keldeo|spd|1
|
|turn|6
|
|switch|p2a: Landorus-Therian|Landorus-Therian, M, shiny|323\/323
|-ability|p2a: Landorus-Therian|Intimidate|[of] p1a: Keldeo
|-unboost|p1a: Keldeo|atk|1
|move|p1a: Keldeo|Substitute|p1a: Keldeo
|-start|p1a: Keldeo|Substitute
|-damage|p1a: Keldeo|243\/323
|
|-heal|p1a: Keldeo|263\/323|[from] item: Leftovers
|turn|7
|c|âHiye|don't be the roar set
|
|move|p2a: Landorus-Therian|U-turn|p1a: Keldeo
|-resisted|p1a: Keldeo
|-activate|p1a: Keldeo|Substitute|[damage]
|
|switch|p2a: Chesnaught|Chesnaught, F, shiny|361\/379
|move|p1a: Keldeo|Scald|p2a: Chesnaught
|-resisted|p2a: Chesnaught
|-damage|p2a: Chesnaught|233\/379
|
|-heal|p1a: Keldeo|283\/323|[from] item: Leftovers
|-heal|p2a: Chesnaught|256\/379|[from] item: Leftovers
|turn|8
|
|move|p1a: Keldeo|Calm Mind|p1a: Keldeo
|-boost|p1a: Keldeo|spa|1
|-boost|p1a: Keldeo|spd|1
|move|p2a: Chesnaught|Roar|p1a: Keldeo
|drag|p1a: Landorus-Therian|Landorus-Therian, M|319\/319
|-damage|p1a: Landorus-Therian|280\/319|[from] Stealth Rock
|-ability|p1a: Landorus-Therian|Intimidate|[of] p2a: Chesnaught
|-unboost|p2a: Chesnaught|atk|1
|
|-heal|p2a: Chesnaught|279\/379|[from] item: Leftovers
|turn|9
|c|âFUCKHACKERS14|LOL WHAT A NOOB
|c|âFUCKHACKERS14|YOU DONT REACH 33-1 AND LOSE TO CM KELDEO
|c|âFUCKHACKERS14|YOU SKILLESS NASTY ARROGANT PITIFUL PATHETIC SHAMEFUL SCRUB
|c|âFUCKHACKERS14|HAVE MORE RESPECT FOR THE GREATEST IMMORTAL ALMIGHTY PRO ON EARTH
|
|move|p1a: Landorus-Therian|U-turn|p2a: Chesnaught
|-damage|p2a: Chesnaught|221\/379
|c|âHiye|lol
|
|switch|p1a: Mew|Mew|404\/404
|-damage|p1a: Mew|354\/404|[from] Stealth Rock
|move|p2a: Chesnaught|Hammer Arm|p1a: Mew
|-resisted|p1a: Mew
|-damage|p1a: Mew|321\/404
|-unboost|p2a: Chesnaught|spe|1
|
|-heal|p1a: Mew|346\/404|[from] item: Leftovers
|-heal|p2a: Chesnaught|244\/379|[from] item: Leftovers
|turn|10
|c|âHiye|oh wow 33-1
|c|âHiye|that's pretty cool
|join|wgw
|c| wgw|1 loss
|c| wgw|lmfao
|c| wgw|noob..
|
|switch|p2a: Heatran|Heatran, F, shiny|386\/386
|move|p1a: Mew|Taunt|p2a: Heatran
|-start|p2a: Heatran|move: Taunt
|
|-heal|p1a: Mew|371\/404|[from] item: Leftovers
|turn|11
|
|switch|p1a: Keldeo|Keldeo|283\/323
|-damage|p1a: Keldeo|263\/323|[from] Stealth Rock
|switch|p2a: Manectric|Manectric, F, shiny|281\/281
|
|-heal|p1a: Keldeo|283\/323|[from] item: Leftovers
|turn|12
|
|switch|p1a: Landorus-Therian|Landorus-Therian, M|280\/319
|-damage|p1a: Landorus-Therian|241\/319|[from] Stealth Rock
|-ability|p1a: Landorus-Therian|Intimidate|[of] p2a: Manectric
|-unboost|p2a: Manectric|atk|1
|detailschange|p2a: Manectric|Manectric-Mega, F, shiny
|message|Manectric has Mega Evolved into Mega Manectric!
|-ability|p2a: Manectric|Intimidate|[of] p1a: Landorus-Therian
|-unboost|p1a: Landorus-Therian|atk|1
|move|p2a: Manectric|Volt Switch|p1a: Landorus-Therian
|-immune|p1a: Landorus-Therian|[msg]
|
|turn|13
|
|switch|p2a: Chesnaught|Chesnaught, F, shiny|244\/379
|move|p1a: Landorus-Therian|U-turn|p2a: Chesnaught
|-damage|p2a: Chesnaught|199\/379
|
|switch|p1a: Kyurem-Black|Kyurem-Black|405\/405
|-damage|p1a: Kyurem-Black|304\/405|[from] Stealth Rock
|-ability|p1a: Kyurem-Black|Teravolt
|
|-heal|p1a: Kyurem-Black|329\/405|[from] item: Leftovers
|-heal|p2a: Chesnaught|222\/379|[from] item: Leftovers
|turn|14
|
|switch|p2a: Suicune|Suicune, shiny|403\/403
|-ability|p2a: Suicune|Pressure
|move|p1a: Kyurem-Black|Ice Beam|p2a: Suicune
|-resisted|p2a: Suicune
|-damage|p2a: Suicune|333\/403
|-status|p2a: Suicune|frz
|
|-heal|p1a: Kyurem-Black|354\/405|[from] item: Leftovers
|-heal|p2a: Suicune|358\/403 frz|[from] item: Leftovers
|turn|15
|c| ulcer|rekt
|c| ulcer|rekt
|c| ulcer|rekt
|c|âFUCKHACKERS14|THATS FUCKING BS
|c|âHiye|doesn't matter
|c|âHiye|you don't beat me 1v1
|c|âFUCKHACKERS14|APOLOGISE WITH DIGNITY NOW
|c| ulcer|u mad kid......?
|c|âFUCKHACKERS14|THATS JUST COMPLETELY UNFAIR
|c|âHiye|unless your another roar set
|c| ulcer|perhaps u should
|c|âFUCKHACKERS14|PITIFUL PATHETIC SHAMEFUL WEAK WORTHLESS COWARDLY SCRUB
|c| ulcer|get some skill
|c|âHiye|that would b wierd
|c| ulcer|?!???!!?!?!??
|
|move|p1a: Kyurem-Black|Substitute|p1a: Kyurem-Black
|-start|p1a: Kyurem-Black|Substitute
|-damage|p1a: Kyurem-Black|253\/405
|-curestatus|p2a: Suicune|frz
|move|p2a: Suicune|Scald|p1a: Kyurem-Black
|-resisted|p1a: Kyurem-Black
|-activate|p1a: Kyurem-Black|Substitute|[damage]
|
|-heal|p1a: Kyurem-Black|278\/405|[from] item: Leftovers
|-heal|p2a: Suicune|383\/403|[from] item: Leftovers
|turn|16
|c| ulcer|lmfao....
|c| ulcer|i guess u lose here....
|c|âHiye|yea i don't get hax
|c|âHiye|i only get haxed
|c| ulcer|poor hiye
|
|move|p1a: Kyurem-Black|Fusion Bolt|p2a: Suicune
|-supereffective|p2a: Suicune
|-damage|p2a: Suicune|223\/403
|move|p2a: Suicune|Scald|p1a: Kyurem-Black
|-resisted|p1a: Kyurem-Black
|-end|p1a: Kyurem-Black|Substitute
|
|-heal|p1a: Kyurem-Black|303\/405|[from] item: Leftovers
|-heal|p2a: Suicune|248\/403|[from] item: Leftovers
|turn|17
|c| ulcer|apologize right now
|c| ulcer|to this beautiful young man
|c| ulcer|apologize
|c| ulcer|with dignity
|c| ulcer|for being a total fucking homo lmfao
|
|move|p1a: Kyurem-Black|Substitute|p1a: Kyurem-Black
|-start|p1a: Kyurem-Black|Substitute
|-damage|p1a: Kyurem-Black|202\/405
|move|p2a: Suicune|Scald|p1a: Kyurem-Black
|-resisted|p1a: Kyurem-Black
|-activate|p1a: Kyurem-Black|Substitute|[damage]
|
|-heal|p1a: Kyurem-Black|227\/405|[from] item: Leftovers
|-heal|p2a: Suicune|273\/403|[from] item: Leftovers
|turn|18
|
|switch|p2a: Landorus-Therian|Landorus-Therian, M, shiny|323\/323
|-activate|p1a: Kyurem-Black|Substitute|ability: Intimidate|[of] p2a: Landorus-Therian
|move|p1a: Kyurem-Black|Fusion Bolt|p2a: Landorus-Therian
|-immune|p2a: Landorus-Therian|[msg]
|
|-heal|p1a: Kyurem-Black|252\/405|[from] item: Leftovers
|turn|19
|
|move|p2a: Landorus-Therian|U-turn|p1a: Kyurem-Black
|-end|p1a: Kyurem-Black|Substitute
|
|switch|p2a: Suicune|Suicune, shiny|273\/403
|-ability|p2a: Suicune|Pressure
|move|p1a: Kyurem-Black|Substitute|p1a: Kyurem-Black
|-start|p1a: Kyurem-Black|Substitute
|-damage|p1a: Kyurem-Black|151\/405
|
|-heal|p1a: Kyurem-Black|176\/405|[from] item: Leftovers
|-heal|p2a: Suicune|298\/403|[from] item: Leftovers
|turn|20
|
|move|p1a: Kyurem-Black|Fusion Bolt|p2a: Suicune
|-supereffective|p2a: Suicune
|-damage|p2a: Suicune|138\/403
|move|p2a: Suicune|Scald|p1a: Kyurem-Black
|-resisted|p1a: Kyurem-Black
|-activate|p1a: Kyurem-Black|Substitute|[damage]
|
|-heal|p1a: Kyurem-Black|201\/405|[from] item: Leftovers
|-heal|p2a: Suicune|163\/403|[from] item: Leftovers
|turn|21
|
|move|p1a: Kyurem-Black|Fusion Bolt|p2a: Suicune
|-supereffective|p2a: Suicune
|-damage|p2a: Suicune|0 fnt
|faint|p2a: Suicune
|
|-heal|p1a: Kyurem-Black|226\/405|[from] item: Leftovers
|c| ulcer|lmfao
|c| ulcer|nice crocune
|c| ulcer|kid...............
|
|switch|p2a: Landorus-Therian|Landorus-Therian, M, shiny|323\/323
|-activate|p1a: Kyurem-Black|Substitute|ability: Intimidate|[of] p2a: Landorus-Therian
|turn|22
|c| ulcer|go ahead..... send out landerious and use u-turn.....
|c|âHiye|well that's the closest thing to hax ill get
|
|move|p2a: Landorus-Therian|U-turn|p1a: Kyurem-Black
|-end|p1a: Kyurem-Black|Substitute
|
|switch|p2a: Heatran|Heatran, F, shiny|386\/386
|move|p1a: Kyurem-Black|Ice Beam|p2a: Heatran
|-resisted|p2a: Heatran
|-damage|p2a: Heatran|358\/386
|
|-heal|p1a: Kyurem-Black|251\/405|[from] item: Leftovers
|-heal|p2a: Heatran|382\/386|[from] item: Leftovers
|turn|23
|
|switch|p2a: Mew|Mew, shiny|403\/403
|move|p1a: Kyurem-Black|Earth Power|p2a: Mew
|-damage|p2a: Mew|323\/403
|
|-heal|p1a: Kyurem-Black|276\/405|[from] item: Leftovers
|-heal|p2a: Mew|348\/403|[from] item: Leftovers
|turn|24
|c|âFUCKHACKERS14|NOT THAT DUMB IMBECILE
|c| ulcer|hiye pls
|c|âFUCKHACKERS14|DONT UNDERESTIMATE ME
|c| ulcer|u're 2 smart......
|c|âHiye|okay
|c|âFUCKHACKERS14|WEAK PITIFUL PATHETIC SHAMEFUL WORTHLESS COWARDLY MORTAL SLAVE
|c| ulcer|hiye pls switch
|
|switch|p1a: Mew|Mew|371\/404
|-damage|p1a: Mew|321\/404|[from] Stealth Rock
|move|p2a: Mew|Knock Off|p1a: Mew
|-supereffective|p1a: Mew
|-damage|p1a: Mew|191\/404
|-enditem|p1a: Mew|Leftovers|[from] move: Knock Off|[of] p2a: Mew
|
|-heal|p2a: Mew|373\/403|[from] item: Leftovers
|turn|25
|c| ulcer|kyubey literally beats his whole team you know.......
|
|switch|p2a: Heatran|Heatran, F, shiny|382\/386
|move|p1a: Mew|Roost|p1a: Mew
|-heal|p1a: Mew|393\/404
|
|-heal|p2a: Heatran|386\/386|[from] item: Leftovers
|turn|26
|
|move|p1a: Mew|Knock Off|p2a: Heatran
|-damage|p2a: Heatran|315\/386
|-enditem|p2a: Heatran|Leftovers|[from] move: Knock Off|[of] p1a: Mew
|move|p2a: Heatran|Toxic|p1a: Mew
|-status|p1a: Mew|tox
|
|-damage|p1a: Mew|368\/404 tox|[from] psn
|turn|27
|
|switch|p1a: Keldeo|Keldeo|283\/323
|-damage|p1a: Keldeo|263\/323|[from] Stealth Rock
|switch|p2a: Manectric|Manectric-Mega, F, shiny|281\/281
|-ability|p2a: Manectric|Intimidate|[of] p1a: Keldeo
|-unboost|p1a: Keldeo|atk|1
|
|-heal|p1a: Keldeo|283\/323|[from] item: Leftovers
|turn|28
|
|switch|p1a: Heatran|Heatran, F|386\/386
|-damage|p1a: Heatran|338\/386|[from] Stealth Rock
|move|p2a: Manectric|Hidden Power|p1a: Heatran
|-resisted|p1a: Heatran
|-damage|p1a: Heatran|327\/386
|
|-heal|p1a: Heatran|351\/386|[from] item: Leftovers
|turn|29
|c| ulcer|lmfao.....
|
|move|p2a: Manectric|Volt Switch|p1a: Heatran
|-damage|p1a: Heatran|257\/386
|c| ulcer|kid..............
|
|switch|p2a: Mew|Mew, shiny|373\/403
|move|p1a: Heatran|Stealth Rock|p2a: Mew
|-sidestart|p2: FUCKHACKERS14|move: Stealth Rock
|
|-heal|p2a: Mew|398\/403|[from] item: Leftovers
|-heal|p1a: Heatran|281\/386|[from] item: Leftovers
|turn|30
|c| ulcer|hiye u can still win
|c| ulcer|but i swere 2 god if u fuk up
|
|move|p2a: Mew|Knock Off|p1a: Heatran
|-damage|p1a: Heatran|204\/386
|-enditem|p1a: Heatran|Leftovers|[from] move: Knock Off|[of] p2a: Mew
|move|p1a: Heatran|Lava Plume|p2a: Mew
|-damage|p2a: Mew|317\/403
|
|-heal|p2a: Mew|342\/403|[from] item: Leftovers
|turn|31
|
|switch|p1a: Keldeo|Keldeo|283\/323
|-damage|p1a: Keldeo|263\/323|[from] Stealth Rock
|move|p2a: Mew|Knock Off|p1a: Keldeo
|-resisted|p1a: Keldeo
|-damage|p1a: Keldeo|218\/323
|-boost|p1a: Keldeo|atk|1|[from] ability: Justified
|-enditem|p1a: Keldeo|Leftovers|[from] move: Knock Off|[of] p2a: Mew
|
|-heal|p2a: Mew|367\/403|[from] item: Leftovers
|turn|32
|
|switch|p2a: Chesnaught|Chesnaught, F, shiny|222\/379
|-damage|p2a: Chesnaught|199\/379|[from] Stealth Rock
|move|p1a: Keldeo|Scald|p2a: Chesnaught
|-resisted|p2a: Chesnaught
|-damage|p2a: Chesnaught|107\/379
|
|-heal|p2a: Chesnaught|130\/379|[from] item: Leftovers
|turn|33
|
|move|p1a: Keldeo|Secret Sword|p2a: Chesnaught
|-crit|p2a: Chesnaught
|-damage|p2a: Chesnaught|0 fnt
|faint|p2a: Chesnaught
|
|c|âFUCKHACKERS14|THATS MAJOR BS
|c|âFUCKHACKERS14|THAT WOULD NEVER HAVE FUCKING KOD
|c|âHiye|ok
|c|âFUCKHACKERS14|370 DEFENSE
|c|âFUCKHACKERS14|HAX RELIANT SKILLESS PITIFUL PATHETIC NOOB APOLOGISE WITH DIGNITY NOW
|
|switch|p2a: Manectric|Manectric-Mega, F, shiny|281\/281
|-damage|p2a: Manectric|246\/281|[from] Stealth Rock
|-ability|p2a: Manectric|Intimidate|[of] p1a: Keldeo
|-unboost|p1a: Keldeo|atk|1
|turn|34
|c| ulcer|tbh fuckh
|c| ulcer|u're gettin
|c| ulcer|**#BTFO**
|
|switch|p1a: Heatran|Heatran, F|204\/386
|-damage|p1a: Heatran|156\/386|[from] Stealth Rock
|move|p2a: Manectric|Thunderbolt|p1a: Heatran
|-damage|p1a: Heatran|38\/386
|
|turn|35
|c|âFUCKHACKERS14|A CRUCIAL CRIT ISNT OUTPLAYING IMBEILE
|
|move|p2a: Manectric|Thunderbolt|p1a: Heatran
|-damage|p1a: Heatran|0 fnt
|faint|p1a: Heatran
|
|
|switch|p1a: Landorus-Therian|Landorus-Therian, M|241\/319
|-damage|p1a: Landorus-Therian|202\/319|[from] Stealth Rock
|-ability|p1a: Landorus-Therian|Intimidate|[of] p2a: Manectric
|-unboost|p2a: Manectric|atk|1
|turn|36
|c|âFUCKHACKERS14|THATS JUST BS NOOB HAX
|
|switch|p2a: Landorus-Therian|Landorus-Therian, M, shiny|323\/323
|-damage|p2a: Landorus-Therian|283\/323|[from] Stealth Rock
|-ability|p2a: Landorus-Therian|Intimidate|[of] p1a: Landorus-Therian
|-unboost|p1a: Landorus-Therian|atk|1
|move|p1a: Landorus-Therian|U-turn|p2a: Landorus-Therian
|-resisted|p2a: Landorus-Therian
|-damage|p2a: Landorus-Therian|248\/323
|
|switch|p1a: Scizor|Scizor-Mega, M|344\/344
|-damage|p1a: Scizor|301\/344|[from] Stealth Rock
|
|turn|37
|
|switch|p2a: Heatran|Heatran, F, shiny|315\/386
|-damage|p2a: Heatran|267\/386|[from] Stealth Rock
|move|p1a: Scizor|U-turn|p2a: Heatran
|-resisted|p2a: Heatran
|-damage|p2a: Heatran|242\/386
|
|switch|p1a: Kyurem-Black|Kyurem-Black|276\/405
|-damage|p1a: Kyurem-Black|175\/405|[from] Stealth Rock
|-ability|p1a: Kyurem-Black|Teravolt
|
|-heal|p1a: Kyurem-Black|200\/405|[from] item: Leftovers
|turn|38
|
|move|p1a: Kyurem-Black|Earth Power|p2a: Heatran
|-crit|p2a: Heatran
|-supereffective|p2a: Heatran
|-damage|p2a: Heatran|0 fnt
|faint|p2a: Heatran
|
|-heal|p1a: Kyurem-Black|225\/405|[from] item: Leftovers
|c| ulcer|gut gid
|c| ulcer|what els
|c|âHiye|are you guys friends
|
|switch|p2a: Manectric|Manectric-Mega, F, shiny|246\/281
|-damage|p2a: Manectric|211\/281|[from] Stealth Rock
|-ability|p2a: Manectric|Intimidate|[of] p1a: Kyurem-Black
|-unboost|p1a: Kyurem-Black|atk|1
|turn|39
|
|move|p2a: Manectric|Overheat|p1a: Kyurem-Black
|-crit|p1a: Kyurem-Black
|-damage|p1a: Kyurem-Black|0 fnt
|-unboost|p2a: Manectric|spa|2
|faint|p1a: Kyurem-Black
|
|c|âFUCKHACKERS14|THERE
|c|âFUCKHACKERS14|FUCK YOU
|c| ulcer|why did u kill u're win condition
|
|switch|p1a: Landorus-Therian|Landorus-Therian, M|202\/319
|-damage|p1a: Landorus-Therian|163\/319|[from] Stealth Rock
|-ability|p1a: Landorus-Therian|Intimidate|[of] p2a: Manectric
|-unboost|p2a: Manectric|atk|1
|turn|40
|c|âFUCKHACKERS14|NOW YOU KNOW WHAT IT FEELS LIKE
|c| ulcer|:\
|c| ulcer|hiye pls
|c|âFUCKHACKERS14|TO GET HIT WITH A CRUCIAL CRIT
|c|âFUCKHACKERS14|WORTHLESS PITIFUL PATHETIC SHAMEFUL WEAK COAWRDLY SCRUB
|
|switch|p2a: Landorus-Therian|Landorus-Therian, M, shiny|248\/323
|-damage|p2a: Landorus-Therian|208\/323|[from] Stealth Rock
|-ability|p2a: Landorus-Therian|Intimidate|[of] p1a: Landorus-Therian
|-unboost|p1a: Landorus-Therian|atk|1
|move|p1a: Landorus-Therian|U-turn|p2a: Landorus-Therian
|-resisted|p2a: Landorus-Therian
|-damage|p2a: Landorus-Therian|169\/323
|
|switch|p1a: Scizor|Scizor-Mega, M|301\/344
|-damage|p1a: Scizor|258\/344|[from] Stealth Rock
|
|turn|41
|
|move|p1a: Scizor|Bullet Punch|p2a: Landorus-Therian
|-damage|p2a: Landorus-Therian|54\/323
|move|p2a: Landorus-Therian|Earthquake|p1a: Scizor
|-damage|p1a: Scizor|122\/344
|
|turn|42
|c| ulcer|hiye u can still win bbe but please be careful!!!!!
|c|âHiye|no i probably lost
|
|switch|p2a: Mew|Mew, shiny|367\/403
|-damage|p2a: Mew|317\/403|[from] Stealth Rock
|move|p1a: Scizor|U-turn|p2a: Mew
|-supereffective|p2a: Mew
|-damage|p2a: Mew|87\/403
|
|switch|p1a: Landorus-Therian|Landorus-Therian, M|163\/319
|-damage|p1a: Landorus-Therian|124\/319|[from] Stealth Rock
|-ability|p1a: Landorus-Therian|Intimidate|[of] p2a: Mew
|-unboost|p2a: Mew|atk|1
|
|-heal|p2a: Mew|112\/403|[from] item: Leftovers
|turn|43
|
|move|p1a: Landorus-Therian|U-turn|p2a: Mew
|-supereffective|p2a: Mew
|-damage|p2a: Mew|0 fnt
|faint|p2a: Mew
|
|switch|p1a: Mew|Mew|368\/404 tox
|-damage|p1a: Mew|318\/404 tox|[from] Stealth Rock
|
|-damage|p1a: Mew|293\/404 tox|[from] psn
|
|switch|p2a: Landorus-Therian|Landorus-Therian, M, shiny|54\/323
|-damage|p2a: Landorus-Therian|14\/323|[from] Stealth Rock
|-ability|p2a: Landorus-Therian|Intimidate|[of] p1a: Mew
|-unboost|p1a: Mew|atk|1
|turn|44
|c| ulcer|lmfao
|
|move|p2a: Landorus-Therian|Knock Off|p1a: Mew
|-supereffective|p1a: Mew
|-damage|p1a: Mew|149\/404 tox
|move|p1a: Mew|Roost|p1a: Mew
|-heal|p1a: Mew|351\/404 tox
|
|-damage|p1a: Mew|301\/404 tox|[from] psn
|turn|45
|c| ulcer|literally sacking u're mew.....
|
|move|p2a: Landorus-Therian|Knock Off|p1a: Mew
|-supereffective|p1a: Mew
|-damage|p1a: Mew|157\/404 tox
|move|p1a: Mew|Knock Off|p2a: Landorus-Therian
|-damage|p2a: Landorus-Therian|0 fnt
|-enditem|p2a: Landorus-Therian|Choice Scarf|[from] move: Knock Off|[of] p1a: Mew
|faint|p2a: Landorus-Therian
|
|-damage|p1a: Mew|82\/404 tox|[from] psn
|c| ulcer|hiye wins!
|
|switch|p2a: Manectric|Manectric-Mega, F, shiny|211\/281
|-damage|p2a: Manectric|176\/281|[from] Stealth Rock
|-ability|p2a: Manectric|Intimidate|[of] p1a: Mew
|-unboost|p1a: Mew|atk|1
|turn|46
|c| ulcer|:>
|
|move|p2a: Manectric|Hidden Power|p1a: Mew
|-damage|p1a: Mew|6\/404 tox
|move|p1a: Mew|Knock Off|p2a: Manectric
|-damage|p2a: Manectric|143\/281
|
|-damage|p1a: Mew|0 fnt|[from] psn
|faint|p1a: Mew
|
|switch|p1a: Landorus-Therian|Landorus-Therian, M|124\/319
|-damage|p1a: Landorus-Therian|85\/319|[from] Stealth Rock
|-ability|p1a: Landorus-Therian|Intimidate|[of] p2a: Manectric
|-unboost|p2a: Manectric|atk|1
|turn|47
|
|move|p1a: Landorus-Therian|Earthquake|p2a: Manectric
|-supereffective|p2a: Manectric
|-damage|p2a: Manectric|0 fnt
|faint|p2a: Manectric
|
|win|Hiye
|raw|Ladder updating...
|raw|Hiye's rating: 1772 &rarr; <strong>1788<\/strong><br \/>(+16 for winning)
|raw|FUCKHACKERS14's rating: 1696 &rarr; <strong>1680<\/strong><br \/>(-16 for losing)
|leave|FUCKHACKERS14
|player|p2
|c|âHiye|hey ulcer were u waiting for him too lose
|c| ulcer|ye
|c| ulcer|:)
|c| ulcer|gj btw
|c|âHiye|r u guys friends
|c| ulcer|maybe