|join|TFL
|join|Hiye
|join|Vrin
|player|p1|TFL|70
|player|p2|Hiye|101
|gametype|singles
|gen|6
|tier|OU
|clearpoke
|poke|p1|Landorus-Therian, M
|poke|p1|Latios, M
|poke|p1|Jirachi
|poke|p1|Houndoom, M
|poke|p1|Rotom-Wash
|poke|p1|Chesnaught, M
|poke|p2|Diancie
|poke|p2|Latias, F
|poke|p2|Heatran, M
|poke|p2|Landorus-Therian, M
|poke|p2|Celebi
|poke|p2|Keldeo
|rule|Swagger Clause: Swagger is banned
|rule|Baton Pass Clause: Limit one PokÃ©mon knowing Baton Pass
|rule|Sleep Clause Mod: Limit one foe put to sleep
|rule|Species Clause: Limit one of each PokÃ©mon
|rule|OHKO Clause: OHKO moves are banned
|rule|Moody Clause: Moody is banned
|rule|Evasion Moves Clause: Evasion moves are banned
|rule|Endless Battle Clause: Forcing endless battles is banned
|rule|HP Percentage Mod: HP is shown in percentages
|teampreview
|leave|Vrin
|join|IamChow
|leave|IamChow
|
|start
|switch|p1a: Rotom-Wash|Rotom-Wash|303\/303
|switch|p2a: Celebi|Celebi|404\/404
|turn|1
|join|orei
|
|move|p2a: Celebi|Thunder Wave|p1a: Rotom-Wash
|-fail|p1a: Rotom-Wash
|move|p1a: Rotom-Wash|Volt Switch|p2a: Celebi
|-resisted|p2a: Celebi
|-damage|p2a: Celebi|359\/404
|
|switch|p1a: Houndoom|Houndoom, M|301\/301
|
|-heal|p2a: Celebi|384\/404|[from] item: Leftovers
|turn|2
|join|IAmGingy
|c| IAmGingy|WHAT KIND OF
|c| IAmGingy|AVATAR
|c| IAmGingy|IS THAT
|
|switch|p1a: Latios|Latios, M|301\/301
|switch|p2a: Heatran|Heatran, M|386\/386
|
|turn|3
|c| IAmGingy|I DO NOT APPROVE
|c|âTFL|this is my original one tho
|
|move|p2a: Heatran|Protect|p2a: Heatran
|-singleturn|p2a: Heatran|Protect
|move|p1a: Latios|Earthquake|p2a: Heatran
|-activate|p2a: Heatran|Protect
|
|turn|4
|
|move|p1a: Latios|Draco Meteor|p2a: Heatran
|-resisted|p2a: Heatran
|-damage|p2a: Heatran|283\/386
|-unboost|p1a: Latios|spa|2
|-damage|p1a: Latios|271\/301|[from] item: Life Orb
|move|p2a: Heatran|Toxic|p1a: Latios
|-status|p1a: Latios|tox
|
|-heal|p2a: Heatran|307\/386|[from] item: Leftovers
|-damage|p1a: Latios|253\/301 tox|[from] psn
|turn|5
|c|âTFL|lol
|join|poek69x
|c| IAmGingy|tiffle
|c| IAmGingy|i swept
|c| IAmGingy|joo
|c| IAmGingy|w\/
|c| IAmGingy|sub cm uxie
|c| IAmGingy|too
|c|âTFL|lol
|c| IAmGingy|n_n
|
|switch|p1a: Landorus-Therian|Landorus-Therian, M|381\/381
|-ability|p1a: Landorus-Therian|Intimidate|[of] p2a: Heatran
|-unboost|p2a: Heatran|atk|1
|move|p2a: Heatran|Protect|p2a: Heatran
|-fail|p2a: Heatran
|
|-heal|p2a: Heatran|331\/386|[from] item: Leftovers
|turn|6
|c|âTFL|you didnt even kill anything of mine with it tho
|c| IAmGingy|eh
|c| IAmGingy|it was
|c| IAmGingy|gunna sweep
|c| IAmGingy|u had nothing for it
|c|âTFL|riiiiight
|c| IAmGingy|so u jus quit
|
|switch|p2a: Keldeo|Keldeo|323\/323
|move|p1a: Landorus-Therian|Stealth Rock|p2a: Keldeo
|-sidestart|p2: Hiye|move: Stealth Rock
|
|turn|7
|c| IAmGingy|sigh
|c|âTFL|i didnt quit. i went for flinch on drag
|c|âTFL|and didnt get it
|c|âTFL|it was hax
|c| IAmGingy|rofl
|c| IAmGingy|i wasnt even av drag
|
|switch|p2a: Celebi|Celebi|384\/404
|-damage|p2a: Celebi|334\/404|[from] Stealth Rock
|move|p1a: Landorus-Therian|Earthquake|p2a: Celebi
|-resisted|p2a: Celebi
|-damage|p2a: Celebi|266\/404
|
|-heal|p2a: Celebi|291\/404|[from] item: Leftovers
|turn|8
|c| IAmGingy|btw hiye nice nasty pass cele team
|
|switch|p1a: Houndoom|Houndoom, M|301\/301
|move|p2a: Celebi|Stealth Rock|p1a: Houndoom
|-sidestart|p1: TFL|move: Stealth Rock
|
|-heal|p2a: Celebi|316\/404|[from] item: Leftovers
|turn|9
|c| IAmGingy|or not.
|c|âTFL|right. nasty plot with rocks and twave
|c| IAmGingy|im sorry
|c| IAmGingy|but at a glance
|c| IAmGingy|it looked like
|c| IAmGingy|lycos team
|c|âTFL|whos that?
|
|switch|p2a: Heatran|Heatran, M|331\/386
|-damage|p2a: Heatran|283\/386|[from] Stealth Rock
|detailschange|p1a: Houndoom|Houndoom-Mega, M
|-mega|p1a: Houndoom|Houndoom|Houndoominite
|move|p1a: Houndoom|Fire Blast|p2a: Heatran
|-start|p2a: Heatran|ability: Flash Fire
|
|-heal|p2a: Heatran|307\/386|[from] item: Leftovers
|turn|10
|c| IAmGingy|spl ouer
|c| IAmGingy|he swept sugar
|c| IAmGingy|cause sugar choked
|c| IAmGingy|:[
|
|move|p1a: Houndoom|Taunt|p2a: Heatran
|-start|p2a: Heatran|move: Taunt
|move|p2a: Heatran|Lava Plume|p1a: Houndoom
|-crit|p1a: Houndoom
|-resisted|p1a: Houndoom
|-damage|p1a: Houndoom|151\/301
|
|-heal|p2a: Heatran|331\/386|[from] item: Leftovers
|turn|11
|
|move|p1a: Houndoom|Nasty Plot|p1a: Houndoom
|-boost|p1a: Houndoom|spa|2
|move|p2a: Heatran|Lava Plume|p1a: Houndoom
|-resisted|p1a: Houndoom
|-damage|p1a: Houndoom|51\/301
|
|-heal|p2a: Heatran|355\/386|[from] item: Leftovers
|turn|12
|
|move|p1a: Houndoom|Dark Pulse|p2a: Heatran
|-damage|p2a: Heatran|165\/386
|move|p2a: Heatran|Lava Plume|p1a: Houndoom
|-resisted|p1a: Houndoom
|-damage|p1a: Houndoom|0 fnt
|faint|p1a: Houndoom
|
|-heal|p2a: Heatran|189\/386|[from] item: Leftovers
|-end|p2a: Heatran|move: Taunt
|
|switch|p1a: Latios|Latios, M|253\/301 tox
|-damage|p1a: Latios|216\/301 tox|[from] Stealth Rock
|turn|13
|
|move|p2a: Heatran|Protect|p2a: Heatran
|-singleturn|p2a: Heatran|Protect
|move|p1a: Latios|Earthquake|p2a: Heatran
|-activate|p2a: Heatran|Protect
|
|-heal|p2a: Heatran|213\/386|[from] item: Leftovers
|-damage|p1a: Latios|198\/301 tox|[from] psn
|turn|14
|
|switch|p2a: Landorus-Therian|Landorus-Therian, M|319\/319
|-damage|p2a: Landorus-Therian|280\/319|[from] Stealth Rock
|-ability|p2a: Landorus-Therian|Intimidate|[of] p1a: Latios
|-unboost|p1a: Latios|atk|1
|move|p1a: Latios|Draco Meteor|p2a: Landorus-Therian
|-damage|p2a: Landorus-Therian|0 fnt
|-unboost|p1a: Latios|spa|2
|-damage|p1a: Latios|168\/301 tox|[from] item: Life Orb
|faint|p2a: Landorus-Therian
|
|-damage|p1a: Latios|132\/301 tox|[from] psn
|
|switch|p2a: Diancie|Diancie|257\/257
|-damage|p2a: Diancie|225\/257|[from] Stealth Rock
|turn|15
|
|switch|p1a: Jirachi|Jirachi|404\/404
|-damage|p1a: Jirachi|379\/404|[from] Stealth Rock
|detailschange|p2a: Diancie|Diancie-Mega
|-mega|p2a: Diancie|Diancie|Diancite
|move|p2a: Diancie|Moonblast|p1a: Jirachi
|-crit|p1a: Jirachi
|-resisted|p1a: Jirachi
|-damage|p1a: Jirachi|212\/404
|
|-heal|p1a: Jirachi|237\/404|[from] item: Leftovers
|turn|16
|
|move|p2a: Diancie|Earth Power|p1a: Jirachi
|-supereffective|p1a: Jirachi
|-damage|p1a: Jirachi|0 fnt
|faint|p1a: Jirachi
|
|
|switch|p1a: Landorus-Therian|Landorus-Therian, M|381\/381
|-damage|p1a: Landorus-Therian|334\/381|[from] Stealth Rock
|-ability|p1a: Landorus-Therian|Intimidate|[of] p2a: Diancie
|-unboost|p2a: Diancie|atk|1
|turn|17
|
|switch|p2a: Keldeo|Keldeo|323\/323
|-damage|p2a: Keldeo|303\/323|[from] Stealth Rock
|move|p1a: Landorus-Therian|Earthquake|p2a: Keldeo
|-damage|p2a: Keldeo|105\/323
|
|-heal|p2a: Keldeo|125\/323|[from] item: Leftovers
|turn|18
|
|move|p2a: Keldeo|Scald|p1a: Landorus-Therian
|-supereffective|p1a: Landorus-Therian
|-damage|p1a: Landorus-Therian|20\/381
|move|p1a: Landorus-Therian|Earthquake|p2a: Keldeo
|-damage|p2a: Keldeo|0 fnt
|faint|p2a: Keldeo
|
|
|switch|p2a: Latias|Latias, F|299\/299
|-damage|p2a: Latias|262\/299|[from] Stealth Rock
|turn|19
|
|move|p2a: Latias|Psyshock|p1a: Landorus-Therian
|-damage|p1a: Landorus-Therian|0 fnt
|-damage|p2a: Latias|233\/299|[from] item: Life Orb
|faint|p1a: Landorus-Therian
|
|
|switch|p1a: Latios|Latios, M|132\/301 tox
|-damage|p1a: Latios|95\/301 tox|[from] Stealth Rock
|turn|20
|
|switch|p2a: Heatran|Heatran, M|213\/386
|-damage|p2a: Heatran|165\/386|[from] Stealth Rock
|move|p1a: Latios|Psyshock|p2a: Heatran
|-resisted|p2a: Heatran
|-damage|p2a: Heatran|73\/386
|-damage|p1a: Latios|65\/301 tox|[from] item: Life Orb
|
|-heal|p2a: Heatran|97\/386|[from] item: Leftovers
|-damage|p1a: Latios|47\/301 tox|[from] psn
|turn|21
|
|move|p1a: Latios|Earthquake|p2a: Heatran
|-supereffective|p2a: Heatran
|-damage|p2a: Heatran|0 fnt
|-damage|p1a: Latios|17\/301 tox|[from] item: Life Orb
|faint|p2a: Heatran
|
|-damage|p1a: Latios|0 fnt|[from] psn
|faint|p1a: Latios
|
|switch|p2a: Celebi|Celebi|316\/404
|switch|p1a: Rotom-Wash|Rotom-Wash|303\/303
|-damage|p2a: Celebi|266\/404|[from] Stealth Rock
|-damage|p1a: Rotom-Wash|266\/303|[from] Stealth Rock
|turn|22
|
|move|p2a: Celebi|Giga Drain|p1a: Rotom-Wash
|-supereffective|p1a: Rotom-Wash
|-damage|p1a: Rotom-Wash|108\/303
|-heal|p2a: Celebi|345\/404|[from] drain|[of] p1a: Rotom-Wash
|move|p1a: Rotom-Wash|Will-O-Wisp|p2a: Celebi
|-status|p2a: Celebi|brn
|
|-heal|p2a: Celebi|370\/404 brn|[from] item: Leftovers
|-heal|p1a: Rotom-Wash|126\/303|[from] item: Leftovers
|-damage|p2a: Celebi|320\/404 brn|[from] brn
|turn|23
|
|move|p2a: Celebi|Giga Drain|p1a: Rotom-Wash
|-supereffective|p1a: Rotom-Wash
|-damage|p1a: Rotom-Wash|0 fnt
|-heal|p2a: Celebi|383\/404 brn|[from] drain|[of] p1a: Rotom-Wash
|faint|p1a: Rotom-Wash
|
|-heal|p2a: Celebi|404\/404 brn|[from] item: Leftovers
|-damage|p2a: Celebi|354\/404 brn|[from] brn
|
|switch|p1a: Chesnaught|Chesnaught, M|318\/318
|-damage|p1a: Chesnaught|299\/318|[from] Stealth Rock
|turn|24
|
|switch|p2a: Latias|Latias, F|233\/299
|-damage|p2a: Latias|196\/299|[from] Stealth Rock
|move|p1a: Chesnaught|Substitute|p1a: Chesnaught
|-start|p1a: Chesnaught|Substitute
|-damage|p1a: Chesnaught|220\/318
|
|turn|25
|
|move|p2a: Latias|Psyshock|p1a: Chesnaught
|-supereffective|p1a: Chesnaught
|-end|p1a: Chesnaught|Substitute
|-damage|p2a: Latias|167\/299|[from] item: Life Orb
|move|p1a: Chesnaught|Belly Drum|p1a: Chesnaught
|-damage|p1a: Chesnaught|61\/318
|-setboost|p1a: Chesnaught|atk|6|[from] move: Belly Drum
|-enditem|p1a: Chesnaught|Salac Berry|[eat]
|-boost|p1a: Chesnaught|spe|1|[from] item: Salac Berry
|
|turn|26
|c|âHiye|.-.
|
|move|p1a: Chesnaught|Drain Punch|p2a: Latias
|-resisted|p2a: Latias
|-damage|p2a: Latias|0 fnt
|-heal|p1a: Chesnaught|145\/318|[from] drain|[of] p2a: Latias
|faint|p2a: Latias
|
|
|switch|p2a: Celebi|Celebi|354\/404
|-damage|p2a: Celebi|304\/404|[from] Stealth Rock
|turn|27
|
|move|p1a: Chesnaught|Substitute|p1a: Chesnaught
|-start|p1a: Chesnaught|Substitute
|-damage|p1a: Chesnaught|66\/318
|move|p2a: Celebi|Giga Drain|p1a: Chesnaught
|-resisted|p1a: Chesnaught
|-activate|p1a: Chesnaught|Substitute|[damage]
|-heal|p2a: Celebi|331\/404|[from] drain|[of] p1a: Chesnaught
|
|-heal|p2a: Celebi|356\/404|[from] item: Leftovers
|turn|28
|
|move|p1a: Chesnaught|Seed Bomb|p2a: Celebi
|-resisted|p2a: Celebi
|-damage|p2a: Celebi|93\/404
|move|p2a: Celebi|Giga Drain|p1a: Chesnaught
|-resisted|p1a: Chesnaught
|-end|p1a: Chesnaught|Substitute
|-heal|p2a: Celebi|106\/404|[from] drain|[of] p1a: Chesnaught
|
|-heal|p2a: Celebi|131\/404|[from] item: Leftovers
|turn|29
|
|move|p1a: Chesnaught|Seed Bomb|p2a: Celebi
|-resisted|p2a: Celebi
|-damage|p2a: Celebi|0 fnt
|faint|p2a: Celebi
|
|
|switch|p2a: Diancie|Diancie-Mega|225\/257
|-damage|p2a: Diancie|193\/257|[from] Stealth Rock
|turn|30
|
|move|p1a: Chesnaught|Seed Bomb|p2a: Diancie
|-supereffective|p2a: Diancie
|-damage|p2a: Diancie|0 fnt
|faint|p2a: Diancie
|
|win|TFL
|leave|TFL
|leave|IAmGingy
|leave|Hiye
|player|p1
|player|p2
|leave|poek69x