|join|Hiye
|join|Risky Chance
|c|âRisky Chance|gl
|player|p1|Hiye|101
|player|p2|Risky Chance|117
|gametype|singles
|gen|6
|tier|OU
|rated
|clearpoke
|poke|p1|Diancie
|poke|p1|Latias, F
|poke|p1|Heatran, M
|poke|p1|Landorus-Therian, M
|poke|p1|Celebi
|poke|p1|Keldeo
|poke|p2|Haxorus, M
|poke|p2|Ferrothorn, M
|poke|p2|Alomomola, M
|poke|p2|Clefable, M
|poke|p2|Manectric, M
|poke|p2|Excadrill, F
|rule|Swagger Clause: Swagger is banned
|rule|Baton Pass Clause: Limit one PokÃ©mon knowing Baton Pass
|rule|Sleep Clause Mod: Limit one foe put to sleep
|rule|Species Clause: Limit one of each PokÃ©mon
|rule|OHKO Clause: OHKO moves are banned
|rule|Moody Clause: Moody is banned
|rule|Evasion Moves Clause: Evasion moves are banned
|rule|Endless Battle Clause: Forcing endless battles is banned
|rule|HP Percentage Mod: HP is shown in percentages
|teampreview
|join|jake5
|join|I love Sawyer
|
|start
|switch|p1a: Celebi|Celebi|404\/404
|switch|p2a: Ferrothorn|Ferrothorn, M|351\/351
|turn|1
|
|move|p1a: Celebi|Stealth Rock|p2a: Ferrothorn
|-sidestart|p2: Risky Chance|move: Stealth Rock
|move|p2a: Ferrothorn|Stealth Rock|p1a: Celebi
|-sidestart|p1: Hiye|move: Stealth Rock
|
|turn|2
|
|move|p1a: Celebi|Thunder Wave|p2a: Ferrothorn
|-status|p2a: Ferrothorn|par
|cant|p2a: Ferrothorn|par
|
|turn|3
|
|move|p1a: Celebi|Giga Drain|p2a: Ferrothorn
|-resisted|p2a: Ferrothorn
|-damage|p2a: Ferrothorn|333\/351 par
|cant|p2a: Ferrothorn|par
|
|turn|4
|
|switch|p1a: Heatran|Heatran, M|386\/386
|-damage|p1a: Heatran|338\/386|[from] Stealth Rock
|move|p2a: Ferrothorn|Spikes|p1a: Heatran
|-sidestart|p1: Hiye|Spikes
|
|-heal|p1a: Heatran|362\/386|[from] item: Leftovers
|turn|5
|
|switch|p2a: Alomomola|Alomomola, M|513\/513
|-damage|p2a: Alomomola|449\/513|[from] Stealth Rock
|move|p1a: Heatran|Lava Plume|p2a: Alomomola
|-resisted|p2a: Alomomola
|-damage|p2a: Alomomola|378\/513
|
|-heal|p1a: Heatran|386\/386|[from] item: Leftovers
|-heal|p2a: Alomomola|410\/513|[from] item: Leftovers
|turn|6
|
|move|p1a: Heatran|Toxic|p2a: Alomomola
|-status|p2a: Alomomola|tox
|move|p2a: Alomomola|Knock Off|p1a: Heatran
|-damage|p1a: Heatran|333\/386
|-enditem|p1a: Heatran|Leftovers|[from] move: Knock Off|[of] p2a: Alomomola
|
|-heal|p2a: Alomomola|442\/513 tox|[from] item: Leftovers
|-damage|p2a: Alomomola|410\/513 tox|[from] psn
|turn|7
|
|switch|p2a: Clefable|Clefable, M|394\/394
|move|p1a: Heatran|Taunt|p2a: Clefable
|-start|p2a: Clefable|move: Taunt
|
|turn|8
|
|switch|p2a: Alomomola|Alomomola, M|513\/513 tox
|-damage|p2a: Alomomola|449\/513 tox|[from] Stealth Rock
|move|p1a: Heatran|Toxic|p2a: Alomomola
|-fail|p2a: Alomomola|tox
|
|-heal|p2a: Alomomola|481\/513 tox|[from] item: Leftovers
|-damage|p2a: Alomomola|449\/513 tox|[from] psn
|turn|9
|
|switch|p1a: Celebi|Celebi|404\/404
|-damage|p1a: Celebi|354\/404|[from] Spikes
|-damage|p1a: Celebi|304\/404|[from] Stealth Rock
|switch|p2a: Haxorus|Haxorus, M|315\/315
|-damage|p2a: Haxorus|276\/315|[from] Stealth Rock
|-ability|p2a: Haxorus|Mold Breaker
|
|-heal|p2a: Haxorus|295\/315|[from] item: Leftovers
|-heal|p1a: Celebi|329\/404|[from] item: Leftovers
|turn|10
|
|move|p2a: Haxorus|Taunt|p1a: Celebi
|-start|p1a: Celebi|move: Taunt
|cant|p1a: Celebi|move: Taunt|Thunder Wave
|
|-heal|p2a: Haxorus|314\/315|[from] item: Leftovers
|-heal|p1a: Celebi|354\/404|[from] item: Leftovers
|turn|11
|
|switch|p1a: Landorus-Therian|Landorus-Therian, M|319\/319
|-damage|p1a: Landorus-Therian|280\/319|[from] Stealth Rock
|-ability|p1a: Landorus-Therian|Intimidate|[of] p2a: Haxorus
|-unboost|p2a: Haxorus|atk|1
|move|p2a: Haxorus|Dragon Dance|p2a: Haxorus
|-boost|p2a: Haxorus|atk|1
|-boost|p2a: Haxorus|spe|1
|
|-heal|p2a: Haxorus|315\/315|[from] item: Leftovers
|turn|12
|
|switch|p2a: Alomomola|Alomomola, M|513\/513 tox
|-damage|p2a: Alomomola|449\/513 tox|[from] Stealth Rock
|move|p1a: Landorus-Therian|Earthquake|p2a: Alomomola
|-damage|p2a: Alomomola|208\/513 tox
|
|-heal|p2a: Alomomola|240\/513 tox|[from] item: Leftovers
|-damage|p2a: Alomomola|208\/513 tox|[from] psn
|turn|13
|
|switch|p1a: Keldeo|Keldeo|323\/323
|-damage|p1a: Keldeo|283\/323|[from] Spikes
|-damage|p1a: Keldeo|263\/323|[from] Stealth Rock
|switch|p2a: Ferrothorn|Ferrothorn, M|333\/351 par
|-damage|p2a: Ferrothorn|312\/351 par|[from] Stealth Rock
|
|-heal|p1a: Keldeo|283\/323|[from] item: Leftovers
|turn|14
|
|switch|p2a: Clefable|Clefable, M|394\/394
|move|p1a: Keldeo|Substitute|p1a: Keldeo
|-start|p1a: Keldeo|Substitute
|-damage|p1a: Keldeo|203\/323
|
|-heal|p1a: Keldeo|223\/323|[from] item: Leftovers
|turn|15
|
|move|p1a: Keldeo|Scald|p2a: Clefable
|-damage|p2a: Clefable|244\/394
|-status|p2a: Clefable|brn
|move|p2a: Clefable|Calm Mind|p2a: Clefable
|-boost|p2a: Clefable|spa|1
|-boost|p2a: Clefable|spd|1
|
|-heal|p1a: Keldeo|243\/323|[from] item: Leftovers
|-heal|p2a: Clefable|268\/394 brn|[from] item: Leftovers
|turn|16
|
|switch|p1a: Heatran|Heatran, M|333\/386
|-damage|p1a: Heatran|285\/386|[from] Stealth Rock
|-damage|p1a: Heatran|237\/386|[from] Spikes
|move|p2a: Clefable|Moonblast|p1a: Heatran
|-resisted|p1a: Heatran
|-damage|p1a: Heatran|211\/386
|
|-heal|p2a: Clefable|292\/394 brn|[from] item: Leftovers
|turn|17
|
|move|p1a: Heatran|Taunt|p2a: Clefable
|-start|p2a: Clefable|move: Taunt
|cant|p2a: Clefable|move: Taunt|Heal Bell
|
|-heal|p2a: Clefable|316\/394 brn|[from] item: Leftovers
|turn|18
|
|move|p1a: Heatran|Lava Plume|p2a: Clefable
|-damage|p2a: Clefable|232\/394 brn
|move|p2a: Clefable|Moonblast|p1a: Heatran
|-resisted|p1a: Heatran
|-damage|p1a: Heatran|181\/386
|
|-heal|p2a: Clefable|256\/394 brn|[from] item: Leftovers
|turn|19
|
|move|p1a: Heatran|Lava Plume|p2a: Clefable
|-crit|p2a: Clefable
|-damage|p2a: Clefable|48\/394 brn
|move|p2a: Clefable|Moonblast|p1a: Heatran
|-resisted|p1a: Heatran
|-damage|p1a: Heatran|156\/386
|-unboost|p1a: Heatran|spa|1
|
|-heal|p2a: Clefable|72\/394 brn|[from] item: Leftovers
|-end|p2a: Clefable|move: Taunt
|turn|20
|
|switch|p2a: Manectric|Manectric, M|281\/281
|-damage|p2a: Manectric|246\/281|[from] Stealth Rock
|move|p1a: Heatran|Taunt|p2a: Manectric
|-start|p2a: Manectric|move: Taunt
|
|turn|21
|
|switch|p1a: Landorus-Therian|Landorus-Therian, M|280\/319
|-damage|p1a: Landorus-Therian|241\/319|[from] Stealth Rock
|-ability|p1a: Landorus-Therian|Intimidate|[of] p2a: Manectric
|-unboost|p2a: Manectric|atk|1
|detailschange|p2a: Manectric|Manectric-Mega, M
|-mega|p2a: Manectric|Manectric|Manectite
|-ability|p2a: Manectric|Intimidate|[of] p1a: Landorus-Therian
|-unboost|p1a: Landorus-Therian|atk|1
|move|p2a: Manectric|Thunderbolt|p1a: Landorus-Therian
|-immune|p1a: Landorus-Therian|[msg]
|
|turn|22
|
|switch|p2a: Ferrothorn|Ferrothorn, M|312\/351 par
|-damage|p2a: Ferrothorn|291\/351 par|[from] Stealth Rock
|move|p1a: Landorus-Therian|Earthquake|p2a: Ferrothorn
|-damage|p2a: Ferrothorn|198\/351 par
|
|turn|23
|c|âRisky Chance|lol, I don't have a good Lando switch in
|c|âRisky Chance|Which is pretty sad, IMO
|c|âHiye|Why did that do -0
|
|switch|p1a: Celebi|Celebi|354\/404
|-damage|p1a: Celebi|304\/404|[from] Stealth Rock
|-damage|p1a: Celebi|254\/404|[from] Spikes
|move|p2a: Ferrothorn|Leech Seed|p1a: Celebi
|-immune|p1a: Celebi|[msg]
|
|-heal|p1a: Celebi|279\/404|[from] item: Leftovers
|turn|24
|
|switch|p1a: Diancie|Diancie|258\/258
|-damage|p1a: Diancie|226\/258|[from] Spikes
|-damage|p1a: Diancie|194\/258|[from] Stealth Rock
|switch|p2a: Excadrill|Excadrill, F|393\/393
|-damage|p2a: Excadrill|381\/393|[from] Stealth Rock
|-ability|p2a: Excadrill|Mold Breaker
|
|-heal|p2a: Excadrill|393\/393|[from] item: Leftovers
|turn|25
|
|switch|p1a: Keldeo|Keldeo|243\/323
|-damage|p1a: Keldeo|203\/323|[from] Spikes
|-damage|p1a: Keldeo|183\/323|[from] Stealth Rock
|move|p2a: Excadrill|Iron Head|p1a: Keldeo
|-crit|p1a: Keldeo
|-resisted|p1a: Keldeo
|-damage|p1a: Keldeo|66\/323
|
|-heal|p1a: Keldeo|86\/323|[from] item: Leftovers
|turn|26
|
|switch|p2a: Manectric|Manectric-Mega, M|246\/281
|-damage|p2a: Manectric|211\/281|[from] Stealth Rock
|-ability|p2a: Manectric|Intimidate|[of] p1a: Keldeo
|-unboost|p1a: Keldeo|atk|1
|move|p1a: Keldeo|Secret Sword|p2a: Manectric
|-damage|p2a: Manectric|22\/281
|
|-heal|p1a: Keldeo|106\/323|[from] item: Leftovers
|turn|27
|
|switch|p1a: Heatran|Heatran, M|156\/386
|-damage|p1a: Heatran|108\/386|[from] Stealth Rock
|-damage|p1a: Heatran|60\/386|[from] Spikes
|move|p2a: Manectric|Hidden Power|p1a: Heatran
|-resisted|p1a: Heatran
|-damage|p1a: Heatran|47\/386
|
|turn|28
|
|switch|p1a: Landorus-Therian|Landorus-Therian, M|241\/319
|-damage|p1a: Landorus-Therian|202\/319|[from] Stealth Rock
|-ability|p1a: Landorus-Therian|Intimidate|[of] p2a: Manectric
|-unboost|p2a: Manectric|atk|1
|move|p2a: Manectric|Volt Switch|p1a: Landorus-Therian
|-immune|p1a: Landorus-Therian|[msg]
|
|turn|29
|
|move|p1a: Landorus-Therian|Earthquake|p2a: Manectric
|-supereffective|p2a: Manectric
|-damage|p2a: Manectric|0 fnt
|faint|p2a: Manectric
|
|
|switch|p2a: Haxorus|Haxorus, M|315\/315
|-damage|p2a: Haxorus|276\/315|[from] Stealth Rock
|-ability|p2a: Haxorus|Mold Breaker
|turn|30
|
|move|p1a: Landorus-Therian|Earthquake|p2a: Haxorus
|-damage|p2a: Haxorus|42\/315
|move|p2a: Haxorus|Dragon Dance|p2a: Haxorus
|-boost|p2a: Haxorus|atk|1
|-boost|p2a: Haxorus|spe|1
|
|-heal|p2a: Haxorus|61\/315|[from] item: Leftovers
|turn|31
|
|move|p2a: Haxorus|Dragon Claw|p1a: Landorus-Therian
|-damage|p1a: Landorus-Therian|0 fnt
|faint|p1a: Landorus-Therian
|
|-heal|p2a: Haxorus|80\/315|[from] item: Leftovers
|
|switch|p1a: Celebi|Celebi|279\/404
|-damage|p1a: Celebi|229\/404|[from] Stealth Rock
|-damage|p1a: Celebi|179\/404|[from] Spikes
|turn|32
|
|move|p2a: Haxorus|Dragon Claw|p1a: Celebi
|-crit|p1a: Celebi
|-damage|p1a: Celebi|0 fnt
|faint|p1a: Celebi
|
|-heal|p2a: Haxorus|99\/315|[from] item: Leftovers
|c|âHiye|k
|c|âRisky Chance|Did you run max defense?
|c|âHiye|ya
|c|âRisky Chance|It was a 50\/50 roll
|c|âRisky Chance|I just calc'd it
|c|âHiye|u adamant?
|c|âRisky Chance|Yeah
|
|switch|p1a: Diancie|Diancie|194\/258
|-damage|p1a: Diancie|162\/258|[from] Stealth Rock
|-damage|p1a: Diancie|130\/258|[from] Spikes
|turn|33
|
|move|p2a: Haxorus|Earthquake|p1a: Diancie
|-supereffective|p1a: Diancie
|-damage|p1a: Diancie|0 fnt
|faint|p1a: Diancie
|
|-heal|p2a: Haxorus|118\/315|[from] item: Leftovers
|
|switch|p1a: Latias|Latias, F|299\/299
|-damage|p1a: Latias|262\/299|[from] Stealth Rock
|turn|34
|
|move|p2a: Haxorus|Dragon Claw|p1a: Latias
|-supereffective|p1a: Latias
|-damage|p1a: Latias|0 fnt
|faint|p1a: Latias
|
|-heal|p2a: Haxorus|137\/315|[from] item: Leftovers
|c|âRisky Chance|gg
|c|âHiye|mk
|c|âHiye|gg
|
|switch|p1a: Keldeo|Keldeo|106\/323
|-damage|p1a: Keldeo|86\/323|[from] Stealth Rock
|-damage|p1a: Keldeo|46\/323|[from] Spikes
|turn|35
|-message|Hiye forfeited.
|leave|Hiye
|
|win|Risky Chance
|raw|Ladder updating...
|player|p1
|raw|Hiye's rating: 1758 &rarr; <strong>1726<\/strong><br \/>(-32 for losing)
|raw|Risky Chance's rating: 1500 &rarr; <strong>1532<\/strong><br \/>(+32 for winning)