|join|Qwazzimoto
|join|Hiye
|player|p1|Qwazzimoto|1
|player|p2|Hiye|101
|gametype|singles
|gen|6
|tier|OU
|clearpoke
|poke|p1|Pidgeot, M
|poke|p1|Dragalge, M
|poke|p1|Rotom-Wash
|poke|p1|Heracross, M
|poke|p1|Latias, F
|poke|p1|Heatran, M
|poke|p2|Diancie
|poke|p2|Latias, F
|poke|p2|Heatran, M
|poke|p2|Landorus-Therian, M
|poke|p2|Celebi
|poke|p2|Keldeo
|rule|Swagger Clause: Swagger is banned
|rule|Baton Pass Clause: Limit one PokÃ©mon knowing Baton Pass
|rule|Sleep Clause Mod: Limit one foe put to sleep
|rule|Species Clause: Limit one of each PokÃ©mon
|rule|OHKO Clause: OHKO moves are banned
|rule|Moody Clause: Moody is banned
|rule|Evasion Moves Clause: Evasion moves are banned
|rule|Endless Battle Clause: Forcing endless battles is banned
|rule|HP Percentage Mod: HP is shown in percentages
|teampreview
|
|start
|switch|p1a: Rotom-Wash|Rotom-Wash|304\/304
|switch|p2a: Celebi|Celebi|404\/404
|turn|1
|
|switch|p1a: Dragalge|Dragalge, M|333\/333
|move|p2a: Celebi|Stealth Rock|p1a: Dragalge
|-sidestart|p1: Qwazzimoto|move: Stealth Rock
|
|turn|2
|
|move|p2a: Celebi|Thunder Wave|p1a: Dragalge
|-status|p1a: Dragalge|par
|move|p1a: Dragalge|Draco Meteor|p2a: Celebi
|-damage|p2a: Celebi|14\/404
|-unboost|p1a: Dragalge|spa|2
|
|-heal|p2a: Celebi|39\/404|[from] item: Leftovers
|turn|3
|
|switch|p1a: Heracross|Heracross, M|301\/301
|-damage|p1a: Heracross|264\/301|[from] Stealth Rock
|move|p2a: Celebi|Recover|p2a: Celebi
|-heal|p2a: Celebi|241\/404
|
|-heal|p2a: Celebi|266\/404|[from] item: Leftovers
|turn|4
|
|switch|p2a: Landorus-Therian|Landorus-Therian, M|319\/319
|-ability|p2a: Landorus-Therian|Intimidate|[of] p1a: Heracross
|-unboost|p1a: Heracross|atk|1
|move|p1a: Heracross|Megahorn|p2a: Landorus-Therian
|-resisted|p2a: Landorus-Therian
|-damage|p2a: Landorus-Therian|193\/319
|
|turn|5
|join|dorkman75
|
|switch|p1a: Rotom-Wash|Rotom-Wash|304\/304
|-damage|p1a: Rotom-Wash|266\/304|[from] Stealth Rock
|move|p2a: Landorus-Therian|U-turn|p1a: Rotom-Wash
|-damage|p1a: Rotom-Wash|195\/304
|
|switch|p2a: Latias|Latias, F|299\/299
|
|-heal|p1a: Rotom-Wash|214\/304|[from] item: Leftovers
|turn|6
|
|switch|p2a: Diancie|Diancie|257\/257
|move|p1a: Rotom-Wash|Pain Split|p2a: Diancie
|-sethp|p2a: Diancie|235\/257|p1a: Rotom-Wash|235\/304|[from] move: Pain Split
|
|-heal|p1a: Rotom-Wash|254\/304|[from] item: Leftovers
|turn|7
|
|switch|p2a: Celebi|Celebi|266\/404
|move|p1a: Rotom-Wash|Hydro Pump|p2a: Celebi
|-resisted|p2a: Celebi
|-damage|p2a: Celebi|195\/404
|
|-heal|p2a: Celebi|220\/404|[from] item: Leftovers
|-heal|p1a: Rotom-Wash|273\/304|[from] item: Leftovers
|turn|8
|
|switch|p2a: Latias|Latias, F|299\/299
|move|p1a: Rotom-Wash|Volt Switch|p2a: Latias
|-resisted|p2a: Latias
|-damage|p2a: Latias|266\/299
|c|âHiye|meh
|c|âHiye|im lacking
|
|switch|p1a: Heracross|Heracross, M|264\/301
|-damage|p1a: Heracross|227\/301|[from] Stealth Rock
|
|turn|9
|c|âHiye|lol what
|
|move|p2a: Latias|Psyshock|p1a: Heracross
|-supereffective|p1a: Heracross
|-damage|p1a: Heracross|0 fnt
|-damage|p2a: Latias|237\/299|[from] item: Life Orb
|faint|p1a: Heracross
|
|
|switch|p1a: Heatran|Heatran, M|374\/374
|-damage|p1a: Heatran|328\/374|[from] Stealth Rock
|turn|10
|
|switch|p2a: Diancie|Diancie|235\/257
|move|p1a: Heatran|Toxic|p2a: Diancie
|-status|p2a: Diancie|tox
|
|-heal|p1a: Heatran|351\/374|[from] item: Leftovers
|-damage|p2a: Diancie|219\/257 tox|[from] psn
|turn|11
|c| dorkman75|i got winner
|
|switch|p1a: Rotom-Wash|Rotom-Wash|273\/304
|-damage|p1a: Rotom-Wash|235\/304|[from] Stealth Rock
|detailschange|p2a: Diancie|Diancie-Mega
|-mega|p2a: Diancie|Diancie|Diancite
|move|p2a: Diancie|Earth Power|p1a: Rotom-Wash
|-immune|p1a: Rotom-Wash|[msg]
|
|-heal|p1a: Rotom-Wash|254\/304|[from] item: Leftovers
|-damage|p2a: Diancie|187\/257 tox|[from] psn
|turn|12
|c|âHiye|wow
|c| dorkman75|im playing winner
|c|âHiye|watch this play
|
|switch|p2a: Landorus-Therian|Landorus-Therian, M|193\/319
|-ability|p2a: Landorus-Therian|Intimidate|[of] p1a: Rotom-Wash
|-unboost|p1a: Rotom-Wash|atk|1
|move|p1a: Rotom-Wash|Volt Switch|p2a: Landorus-Therian
|-immune|p2a: Landorus-Therian|[msg]
|
|-heal|p1a: Rotom-Wash|273\/304|[from] item: Leftovers
|turn|13
|c|âHiye|3 good
|c|âHiye|watch this play now
|
|move|p2a: Landorus-Therian|Stone Edge|p1a: Rotom-Wash
|-damage|p1a: Rotom-Wash|176\/304
|move|p1a: Rotom-Wash|Volt Switch|p2a: Landorus-Therian
|-immune|p2a: Landorus-Therian|[msg]
|
|-heal|p1a: Rotom-Wash|195\/304|[from] item: Leftovers
|turn|14
|c|âHiye|LOL
|c|âHiye|watch this play
|
|switch|p2a: Celebi|Celebi|220\/404
|move|p1a: Rotom-Wash|Volt Switch|p2a: Celebi
|-resisted|p2a: Celebi
|-damage|p2a: Celebi|178\/404
|c|âHiye|WTF
|c|âHiye|WTF
|
|switch|p1a: Dragalge|Dragalge, M|333\/333 par
|-damage|p1a: Dragalge|292\/333 par|[from] Stealth Rock
|
|-heal|p2a: Celebi|203\/404|[from] item: Leftovers
|turn|15
|
|switch|p2a: Heatran|Heatran, M|386\/386
|move|p1a: Dragalge|Sludge Wave|p2a: Heatran
|-immune|p2a: Heatran|[msg]
|
|turn|16
|c|âHiye|predicted since day one omnl
|c|âHiye|are rocks up
|c|âHiye|oh nice they arent
|c|âHiye|i have a feeling hes staying in
|c|âHiye|and sludging agin
|
|switch|p1a: Heatran|Heatran, M|351\/374
|-damage|p1a: Heatran|305\/374|[from] Stealth Rock
|move|p2a: Heatran|Taunt|p1a: Heatran
|-start|p1a: Heatran|move: Taunt
|
|-heal|p1a: Heatran|328\/374|[from] item: Leftovers
|turn|17
|c|âHiye|guess not
|
|switch|p2a: Keldeo|Keldeo|323\/323
|switch|p1a: Dragalge|Dragalge, M|292\/333 par
|-damage|p1a: Dragalge|251\/333 par|[from] Stealth Rock
|
|turn|18
|c|âHiye|perfect
|
|move|p2a: Keldeo|Substitute|p2a: Keldeo
|-start|p2a: Keldeo|Substitute
|-damage|p2a: Keldeo|243\/323
|move|p1a: Dragalge|Focus Blast|p2a: Keldeo|[miss]
|-miss|p1a: Dragalge|p2a: Keldeo
|
|-heal|p2a: Keldeo|263\/323|[from] item: Leftovers
|turn|19
|c|âHiye|hahahaha
|c|âHiye|what a noob
|
|switch|p1a: Latias|Latias, F|352\/352
|-damage|p1a: Latias|308\/352|[from] Stealth Rock
|move|p2a: Keldeo|Secret Sword|p1a: Latias
|-crit|p1a: Latias
|-resisted|p1a: Latias
|-damage|p1a: Latias|190\/352
|
|-heal|p1a: Latias|212\/352|[from] item: Leftovers
|-heal|p2a: Keldeo|283\/323|[from] item: Leftovers
|turn|20
|
|move|p1a: Latias|Defog|p2a: Keldeo
|-sideend|p1: Qwazzimoto|Stealth Rock|[from] move: Defog|[of] p1a: Latias
|move|p2a: Keldeo|Scald|p1a: Latias
|-resisted|p1a: Latias
|-damage|p1a: Latias|155\/352
|
|-heal|p1a: Latias|177\/352|[from] item: Leftovers
|-heal|p2a: Keldeo|303\/323|[from] item: Leftovers
|turn|21
|c|âHiye|no burn
|c|âHiye|i swear
|c|âHiye|keldeo hasn't gotten a burn today
|c|âHiye|in like 25 matchse
|
|move|p1a: Latias|Roost|p1a: Latias
|-heal|p1a: Latias|352\/352
|move|p2a: Keldeo|Scald|p1a: Latias
|-resisted|p1a: Latias
|-damage|p1a: Latias|295\/352
|
|-heal|p1a: Latias|317\/352|[from] item: Leftovers
|-heal|p2a: Keldeo|323\/323|[from] item: Leftovers
|turn|22
|c|âHiye|dorkman u there
|
|switch|p1a: Rotom-Wash|Rotom-Wash|195\/304
|move|p2a: Keldeo|Scald|p1a: Rotom-Wash
|-resisted|p1a: Rotom-Wash
|-damage|p1a: Rotom-Wash|123\/304
|
|-heal|p1a: Rotom-Wash|142\/304|[from] item: Leftovers
|turn|23
|c|âHiye|what the actual fuck
|c|âHiye|this is not ok
|
|move|p2a: Keldeo|Secret Sword|p1a: Rotom-Wash
|-damage|p1a: Rotom-Wash|27\/304
|move|p1a: Rotom-Wash|Volt Switch|p2a: Keldeo
|-supereffective|p2a: Keldeo
|-end|p2a: Keldeo|Substitute
|
|switch|p1a: Pidgeot|Pidgeot, M|307\/307
|
|turn|24
|
|switch|p2a: Heatran|Heatran, M|386\/386
|detailschange|p1a: Pidgeot|Pidgeot-Mega, M
|-mega|p1a: Pidgeot|Pidgeot|Pidgeotite
|move|p1a: Pidgeot|Hidden Power|p2a: Heatran
|-supereffective|p2a: Heatran
|-damage|p2a: Heatran|150\/386
|
|-heal|p2a: Heatran|174\/386|[from] item: Leftovers
|turn|25
|c|âHiye|I WAS GONA STAY IN
|
|switch|p2a: Landorus-Therian|Landorus-Therian, M|193\/319
|-ability|p2a: Landorus-Therian|Intimidate|[of] p1a: Pidgeot
|-unboost|p1a: Pidgeot|atk|1
|move|p1a: Pidgeot|Hurricane|p2a: Landorus-Therian
|-damage|p2a: Landorus-Therian|0 fnt
|faint|p2a: Landorus-Therian
|
|
|switch|p2a: Latias|Latias, F|237\/299
|turn|26
|
|switch|p2a: Diancie|Diancie-Mega|187\/257 tox
|move|p1a: Pidgeot|Hurricane|p2a: Diancie
|-resisted|p2a: Diancie
|-damage|p2a: Diancie|71\/257 tox
|
|-damage|p2a: Diancie|55\/257 tox|[from] psn
|turn|27
|
|switch|p2a: Heatran|Heatran, M|174\/386
|move|p1a: Pidgeot|Hurricane|p2a: Heatran
|-resisted|p2a: Heatran
|-damage|p2a: Heatran|97\/386
|-start|p2a: Heatran|confusion
|
|-heal|p2a: Heatran|121\/386|[from] item: Leftovers
|turn|28
|
|move|p1a: Pidgeot|Agility|p1a: Pidgeot
|-boost|p1a: Pidgeot|spe|2
|-activate|p2a: Heatran|confusion
|-damage|p2a: Heatran|96\/386|[from] confusion
|
|-heal|p2a: Heatran|120\/386|[from] item: Leftovers
|turn|29
|
|move|p1a: Pidgeot|Hidden Power|p2a: Heatran
|-crit|p2a: Heatran
|-supereffective|p2a: Heatran
|-damage|p2a: Heatran|0 fnt
|faint|p2a: Heatran
|
|
|switch|p2a: Latias|Latias, F|237\/299
|turn|30
|
|move|p1a: Pidgeot|Hurricane|p2a: Latias
|-damage|p2a: Latias|65\/299
|move|p2a: Latias|Draco Meteor|p1a: Pidgeot
|-damage|p1a: Pidgeot|0 fnt
|-unboost|p2a: Latias|spa|2
|-damage|p2a: Latias|36\/299|[from] item: Life Orb
|faint|p1a: Pidgeot
|
|
|switch|p1a: Latias|Latias, F|317\/352
|turn|31
|
|move|p2a: Latias|Healing Wish|p2a: Latias
|faint|p2a: Latias
|move|p1a: Latias|Psychic|p2: Latias|[notarget]
|-notarget
|
|-heal|p1a: Latias|339\/352|[from] item: Leftovers
|
|switch|p2a: Diancie|Diancie-Mega|55\/257 tox
|-heal|p2a: Diancie|257\/257|[from] move: Healing Wish
|turn|32
|
|move|p1a: Latias|Healing Wish|p1a: Latias
|faint|p1a: Latias
|move|p2a: Diancie|Moonblast|p1: Latias|[notarget]
|-notarget
|
|
|switch|p1a: Dragalge|Dragalge, M|251\/333 par
|-heal|p1a: Dragalge|333\/333|[from] move: Healing Wish
|turn|33
|
|switch|p2a: Celebi|Celebi|203\/404
|move|p1a: Dragalge|Sludge Wave|p2a: Celebi
|-supereffective|p2a: Celebi
|-damage|p2a: Celebi|0 fnt
|faint|p2a: Celebi
|
|
|switch|p2a: Keldeo|Keldeo|323\/323
|turn|34
|
|move|p2a: Keldeo|Calm Mind|p2a: Keldeo
|-boost|p2a: Keldeo|spa|1
|-boost|p2a: Keldeo|spd|1
|move|p1a: Dragalge|Sludge Wave|p2a: Keldeo
|-damage|p2a: Keldeo|89\/323
|
|-heal|p2a: Keldeo|109\/323|[from] item: Leftovers
|turn|35
|
|move|p2a: Keldeo|Secret Sword|p1a: Dragalge
|-resisted|p1a: Dragalge
|-damage|p1a: Dragalge|207\/333
|move|p1a: Dragalge|Sludge Wave|p2a: Keldeo
|-damage|p2a: Keldeo|0 fnt
|faint|p2a: Keldeo
|
|
|switch|p2a: Diancie|Diancie-Mega|257\/257
|turn|36
|
|move|p2a: Diancie|Earth Power|p1a: Dragalge
|-supereffective|p1a: Dragalge
|-damage|p1a: Dragalge|0 fnt
|faint|p1a: Dragalge
|
|
|switch|p1a: Heatran|Heatran, M|328\/374
|turn|37
|c| dorkman75|go for rock polish
|
|switch|p1a: Rotom-Wash|Rotom-Wash|27\/304
|move|p2a: Diancie|Earth Power|p1a: Rotom-Wash
|-immune|p1a: Rotom-Wash|[msg]
|
|-heal|p1a: Rotom-Wash|46\/304|[from] item: Leftovers
|turn|38
|
|switch|p1a: Heatran|Heatran, M|328\/374
|move|p2a: Diancie|Moonblast|p1a: Heatran
|-resisted|p1a: Heatran
|-damage|p1a: Heatran|286\/374
|
|-heal|p1a: Heatran|309\/374|[from] item: Leftovers
|turn|39
|
|switch|p1a: Rotom-Wash|Rotom-Wash|46\/304
|move|p2a: Diancie|Diamond Storm|p1a: Rotom-Wash
|-damage|p1a: Rotom-Wash|0 fnt
|-boost|p2a: Diancie|def|1
|faint|p1a: Rotom-Wash
|
|c| dorkman75|so me vs hiye?
|leave|Qwazzimoto
|player|p1
|c| dorkman75|.\/roomvoice me
|c|âHiye|qwazz is raging
|c|âHiye|gotta duel him again
|c| dorkman75|lol
|-message|Player 1 lost due to inactivity.
|
|win|Hiye