|join|MoB Barley
|join|Hiye
|player|p1|MoB Barley|161
|player|p2|Hiye|101
|gametype|singles
|gen|6
|tier|OU
|rated
|clearpoke
|poke|p1|Victini
|poke|p1|Keldeo-Resolute
|poke|p1|Bisharp, M, shiny
|poke|p1|Lopunny, F, shiny
|poke|p1|Azumarill, M
|poke|p1|Latios, M
|poke|p2|Diancie
|poke|p2|Latias, F
|poke|p2|Heatran, F
|poke|p2|Landorus-Therian, M
|poke|p2|Celebi
|poke|p2|Keldeo
|rule|Swagger Clause: Swagger is banned
|rule|Baton Pass Clause: Limit one PokÃ©mon knowing Baton Pass
|rule|Sleep Clause Mod: Limit one foe put to sleep
|rule|Species Clause: Limit one of each PokÃ©mon
|rule|OHKO Clause: OHKO moves are banned
|rule|Moody Clause: Moody is banned
|rule|Evasion Moves Clause: Evasion moves are banned
|rule|Endless Battle Clause: Forcing endless battles is banned
|rule|HP Percentage Mod: HP is shown in percentages
|teampreview
|join|I'm Bi...sharp
|
|start
|switch|p1a: Prioritize|Bisharp, M, shiny|271\/271
|switch|p2a: Celebi|Celebi|404\/404
|turn|1
|
|move|p2a: Celebi|Stealth Rock|p1a: Prioritize
|-sidestart|p1: MoB Barley|move: Stealth Rock
|move|p1a: Prioritize|Stealth Rock|p2a: Celebi
|-sidestart|p2: Hiye|move: Stealth Rock
|
|turn|2
|
|switch|p2a: Keldeo|Keldeo|323\/323
|-damage|p2a: Keldeo|303\/323|[from] Stealth Rock
|move|p1a: Prioritize|Knock Off|p2a: Keldeo
|-crit|p2a: Keldeo
|-resisted|p2a: Keldeo
|-damage|p2a: Keldeo|156\/323
|-boost|p2a: Keldeo|atk|1|[from] ability: Justified
|-enditem|p2a: Keldeo|Leftovers|[from] move: Knock Off|[of] p1a: Prioritize
|
|turn|3
|
|switch|p1a: AC130|Latios, M|301\/301
|-damage|p1a: AC130|264\/301|[from] Stealth Rock
|move|p2a: Keldeo|Scald|p1a: AC130
|-resisted|p1a: AC130
|-damage|p1a: AC130|195\/301
|-status|p1a: AC130|brn
|
|-damage|p1a: AC130|158\/301 brn|[from] brn
|turn|4
|join|Cienight
|
|move|p1a: AC130|Earthquake|p2a: Keldeo
|-damage|p2a: Keldeo|100\/323
|-damage|p1a: AC130|128\/301 brn|[from] item: Life Orb
|move|p2a: Keldeo|Scald|p1a: AC130
|-resisted|p1a: AC130
|-damage|p1a: AC130|49\/301 brn
|
|-damage|p1a: AC130|12\/301 brn|[from] brn
|turn|5
|join|CSS)bleachzxzx
|
|move|p1a: AC130|Draco Meteor|p2a: Keldeo
|-damage|p2a: Keldeo|0 fnt
|-unboost|p1a: AC130|spa|2
|-damage|p1a: AC130|0 fnt|[from] item: Life Orb
|faint|p2a: Keldeo
|faint|p1a: AC130
|
|
|switch|p1a: Playboy|Lopunny, F, shiny|271\/271
|switch|p2a: Landorus-Therian|Landorus-Therian, M|319\/319
|-damage|p2a: Landorus-Therian|280\/319|[from] Stealth Rock
|-ability|p2a: Landorus-Therian|Intimidate|[of] p1a: Playboy
|-unboost|p1a: Playboy|atk|1
|-damage|p1a: Playboy|238\/271|[from] Stealth Rock
|turn|6
|
|detailschange|p1a: Playboy|Lopunny-Mega, F, shiny
|-mega|p1a: Playboy|Lopunny|Lopunnite
|move|p1a: Playboy|Fake Out|p2a: Landorus-Therian
|-damage|p2a: Landorus-Therian|229\/319
|cant|p2a: Landorus-Therian|flinch
|
|turn|7
|
|move|p2a: Landorus-Therian|U-turn|p1a: Playboy
|-resisted|p1a: Playboy
|-damage|p1a: Playboy|189\/271
|
|switch|p2a: Celebi|Celebi|404\/404
|-damage|p2a: Celebi|354\/404|[from] Stealth Rock
|move|p1a: Playboy|Ice Punch|p2a: Celebi
|-supereffective|p2a: Celebi
|-damage|p2a: Celebi|260\/404
|
|-heal|p2a: Celebi|285\/404|[from] item: Leftovers
|turn|8
|
|switch|p1a: Destructo Disk|Victini|341\/341
|-damage|p1a: Destructo Disk|256\/341|[from] Stealth Rock
|move|p2a: Celebi|Thunder Wave|p1a: Destructo Disk
|-status|p1a: Destructo Disk|par
|
|-heal|p2a: Celebi|310\/404|[from] item: Leftovers
|turn|9
|join|1017GUWOP
|
|switch|p2a: Heatran|Heatran, F|386\/386
|-damage|p2a: Heatran|338\/386|[from] Stealth Rock
|cant|p1a: Destructo Disk|par
|
|-heal|p2a: Heatran|362\/386|[from] item: Leftovers
|turn|10
|
|move|p2a: Heatran|Lava Plume|p1a: Destructo Disk
|-resisted|p1a: Destructo Disk
|-damage|p1a: Destructo Disk|193\/341 par
|move|p1a: Destructo Disk|Trick|p2a: Heatran
|-activate|p1a: Destructo Disk|move: Trick|[of] p2a: Heatran
|-item|p2a: Heatran|Choice Band|[from] move: Trick
|-item|p1a: Destructo Disk|Leftovers|[from] move: Trick
|
|-heal|p1a: Destructo Disk|214\/341 par|[from] item: Leftovers
|turn|11
|
|move|p2a: Heatran|Lava Plume|p1a: Destructo Disk
|-resisted|p1a: Destructo Disk
|-damage|p1a: Destructo Disk|151\/341 par
|move|p1a: Destructo Disk|U-turn|p2a: Heatran
|-resisted|p2a: Heatran
|-damage|p2a: Heatran|346\/386
|
|switch|p1a: Playboy|Lopunny-Mega, F, shiny|189\/271
|-damage|p1a: Playboy|173\/271|[from] Stealth Rock
|
|turn|12
|
|move|p1a: Playboy|High Jump Kick|p2a: Heatran
|-supereffective|p2a: Heatran
|-damage|p2a: Heatran|0 fnt
|faint|p2a: Heatran
|
|
|switch|p2a: Landorus-Therian|Landorus-Therian, M|229\/319
|-damage|p2a: Landorus-Therian|190\/319|[from] Stealth Rock
|-ability|p2a: Landorus-Therian|Intimidate|[of] p1a: Playboy
|-unboost|p1a: Playboy|atk|1
|turn|13
|
|switch|p1a: Pwny|Keldeo-Resolute|323\/323
|-damage|p1a: Pwny|303\/323|[from] Stealth Rock
|move|p2a: Landorus-Therian|Earthquake|p1a: Pwny
|-damage|p1a: Pwny|83\/323
|
|turn|14
|
|switch|p2a: Celebi|Celebi|310\/404
|-damage|p2a: Celebi|260\/404|[from] Stealth Rock
|move|p1a: Pwny|Hidden Power|p2a: Celebi
|-supereffective|p2a: Celebi
|-damage|p2a: Celebi|92\/404
|
|-heal|p2a: Celebi|117\/404|[from] item: Leftovers
|turn|15
|
|move|p1a: Pwny|Hidden Power|p2a: Celebi
|-supereffective|p2a: Celebi
|-damage|p2a: Celebi|0 fnt
|faint|p2a: Celebi
|
|c| 1017GUWOP|too icy
|c| 1017GUWOP|brr
|
|switch|p2a: Diancie|Diancie|258\/258
|-damage|p2a: Diancie|226\/258|[from] Stealth Rock
|turn|16
|
|switch|p1a: Destructo Disk|Victini|151\/341 par
|-damage|p1a: Destructo Disk|66\/341 par|[from] Stealth Rock
|detailschange|p2a: Diancie|Diancie-Mega
|-mega|p2a: Diancie|Diancie|Diancite
|move|p2a: Diancie|Rock Polish|p2a: Diancie
|-boost|p2a: Diancie|spe|2
|
|-heal|p1a: Destructo Disk|87\/341 par|[from] item: Leftovers
|turn|17
|
|move|p2a: Diancie|Earth Power|p1a: Destructo Disk
|-supereffective|p1a: Destructo Disk
|-damage|p1a: Destructo Disk|0 fnt
|faint|p1a: Destructo Disk
|
|join|jake5
|
|switch|p1a: Water Bomb|Azumarill, M|360\/360
|-damage|p1a: Water Bomb|315\/360|[from] Stealth Rock
|turn|18
|c|âMoB Barley|I'm the superior fairy
|
|move|p1a: Water Bomb|Aqua Jet|p2a: Diancie
|-supereffective|p2a: Diancie
|-damage|p2a: Diancie|76\/258
|move|p2a: Diancie|Moonblast|p1a: Water Bomb
|-crit|p1a: Water Bomb
|-damage|p1a: Water Bomb|0 fnt
|faint|p1a: Water Bomb
|
|c|âMoB Barley|wowwwwwwww
|
|switch|p1a: Playboy|Lopunny-Mega, F, shiny|173\/271
|-damage|p1a: Playboy|157\/271|[from] Stealth Rock
|turn|19
|join|Alldaalts
|
|move|p1a: Playboy|Fake Out|p2a: Diancie
|-resisted|p2a: Diancie
|-damage|p2a: Diancie|41\/258
|cant|p2a: Diancie|flinch
|
|turn|20
|
|move|p2a: Diancie|Moonblast|p1a: Playboy
|-supereffective|p1a: Playboy
|-damage|p1a: Playboy|0 fnt
|faint|p1a: Playboy
|
|
|switch|p1a: Prioritize|Bisharp, M, shiny|271\/271
|-damage|p1a: Prioritize|255\/271|[from] Stealth Rock
|turn|21
|c|âMoB Barley|is that shiny diancie
|c|âMoB Barley|or no
|c|âHiye|No
|
|move|p1a: Prioritize|Sucker Punch|p2a: Diancie
|-fail|p2a: Diancie
|move|p2a: Diancie|Rock Polish|p2a: Diancie
|-boost|p2a: Diancie|spe|2
|
|turn|22
|
|move|p1a: Prioritize|Sucker Punch|p2a: Diancie
|-fail|p2a: Diancie
|move|p2a: Diancie|Rock Polish|p2a: Diancie
|-boost|p2a: Diancie|spe|2
|
|turn|23
|
|move|p1a: Prioritize|Sucker Punch|p2a: Diancie
|-fail|p2a: Diancie
|move|p2a: Diancie|Rock Polish|p2a: Diancie
|-fail|p2a: Diancie
|
|turn|24
|c| I'm Bi...sharp|played
|
|move|p1a: Prioritize|Sucker Punch|p2a: Diancie
|-fail|p2a: Diancie
|move|p2a: Diancie|Rock Polish|p2a: Diancie
|-fail|p2a: Diancie
|
|turn|25
|c| jake5|hmmm
|
|move|p1a: Prioritize|Sucker Punch|p2a: Diancie
|-fail|p2a: Diancie
|move|p2a: Diancie|Rock Polish|p2a: Diancie
|-fail|p2a: Diancie
|
|turn|26
|
|move|p1a: Prioritize|Sucker Punch|p2a: Diancie
|-fail|p2a: Diancie
|move|p2a: Diancie|Rock Polish|p2a: Diancie
|-fail|p2a: Diancie
|
|turn|27
|c| jake5|hmm
|
|move|p1a: Prioritize|Sucker Punch|p2a: Diancie
|-resisted|p2a: Diancie
|-damage|p2a: Diancie|0 fnt
|faint|p2a: Diancie
|
|c|âHiye|O
|c| jake5|thats gg lol
|
|switch|p2a: Latias|Latias, F|299\/299
|-damage|p2a: Latias|262\/299|[from] Stealth Rock
|turn|28
|
|move|p2a: Latias|Draco Meteor|p1a: Prioritize
|-resisted|p1a: Prioritize
|-damage|p1a: Prioritize|73\/271
|-unboost|p2a: Latias|spa|2
|-damage|p2a: Latias|233\/299|[from] item: Life Orb
|move|p1a: Prioritize|Knock Off|p2a: Latias
|-supereffective|p2a: Latias
|-damage|p2a: Latias|0 fnt
|-enditem|p2a: Latias|Life Orb|[from] move: Knock Off|[of] p1a: Prioritize
|faint|p2a: Latias
|
|
|switch|p2a: Landorus-Therian|Landorus-Therian, M|190\/319
|-damage|p2a: Landorus-Therian|151\/319|[from] Stealth Rock
|-ability|p2a: Landorus-Therian|Intimidate|[of] p1a: Prioritize
|-unboost|p1a: Prioritize|atk|1
|-boost|p1a: Prioritize|atk|2|[from] ability: Defiant
|turn|29
|
|move|p1a: Prioritize|Sucker Punch|p2a: Landorus-Therian
|-damage|p2a: Landorus-Therian|0 fnt
|faint|p2a: Landorus-Therian
|
|win|MoB Barley
|raw|Ladder updating...
|raw|MoB Barley's rating: 1816 &rarr; <strong>1834<\/strong><br \/>(+18 for winning)
|raw|Hiye's rating: 1776 &rarr; <strong>1758<\/strong><br \/>(-18 for losing)