|join|R Testing
|join|hiye
|player|p1|R Testing|218
|player|p2|hiye|101
|gametype|singles
|gen|6
|tier|OU (suspect test)
|rated
|clearpoke
|poke|p1|Diancie
|poke|p1|Dragonite, F
|poke|p1|Keldeo
|poke|p1|Heatran, M
|poke|p1|Ferrothorn, M
|poke|p1|Slowbro, M
|poke|p2|Charizard, M
|poke|p2|Excadrill, M
|poke|p2|Sylveon, F
|poke|p2|Ferrothorn, F
|poke|p2|Rotom-Wash
|poke|p2|Mew
|rule|Swagger Clause: Swagger is banned
|rule|Baton Pass Clause: Limit one PokÃ©mon knowing Baton Pass
|rule|Sleep Clause Mod: Limit one foe put to sleep
|rule|Species Clause: Limit one of each PokÃ©mon
|rule|OHKO Clause: OHKO moves are banned
|rule|Moody Clause: Moody is banned
|rule|Evasion Moves Clause: Evasion moves are banned
|rule|Endless Battle Clause: Forcing endless battles is banned
|rule|HP Percentage Mod: HP is shown in percentages
|teampreview
|
|start
|switch|p1a: Jasmine|Diancie|241\/241
|switch|p2a: Mew|Mew|404\/404
|turn|1
|
|detailschange|p1a: Jasmine|Diancie-Mega
|-mega|p1a: Jasmine|Diancie|Diancite
|move|p2a: Mew|Whirlpool|p1a: Jasmine
|-supereffective|p1a: Jasmine
|-damage|p1a: Jasmine|197\/241
|-activate|p1a: Jasmine|move: Whirlpool|[of] p2a: Mew
|move|p1a: Jasmine|Calm Mind|p1a: Jasmine
|-boost|p1a: Jasmine|spa|1
|-boost|p1a: Jasmine|spd|1
|
|-damage|p1a: Jasmine|167\/241|[from] move: Whirlpool|[partiallytrapped]
|turn|2
|
|move|p1a: Jasmine|Moonblast|p2a: Mew
|-damage|p2a: Mew|173\/404
|move|p2a: Mew|Whirlpool|p1a: Jasmine
|-supereffective|p1a: Jasmine
|-damage|p1a: Jasmine|135\/241
|
|-heal|p2a: Mew|198\/404|[from] item: Leftovers
|-damage|p1a: Jasmine|105\/241|[from] move: Whirlpool|[partiallytrapped]
|turn|3
|
|switch|p2a: Excadrill|Excadrill, M|417\/417
|-ability|p2a: Excadrill|Mold Breaker
|move|p1a: Jasmine|Moonblast|p2a: Excadrill
|-resisted|p2a: Excadrill
|-damage|p2a: Excadrill|269\/417
|
|-heal|p2a: Excadrill|295\/417|[from] item: Leftovers
|-end|p1a: Jasmine|Whirlpool|[partiallytrapped]
|turn|4
|
|switch|p2a: Charizard|Charizard, M|359\/359
|move|p1a: Jasmine|Earth Power|p2a: Charizard
|-immune|p2a: Charizard|[msg]
|
|turn|5
|
|switch|p1a: Malificent|Ferrothorn, M|352\/352
|move|p2a: Charizard|Dragon Dance|p2a: Charizard
|-boost|p2a: Charizard|atk|1
|-boost|p2a: Charizard|spe|1
|
|turn|6
|
|switch|p1a: Beast|Heatran, M|385\/385
|detailschange|p2a: Charizard|Charizard-Mega-X, M
|-mega|p2a: Charizard|Charizard|Charizardite X
|move|p2a: Charizard|Dragon Claw|p1a: Beast
|-resisted|p1a: Beast
|-damage|p1a: Beast|271\/385
|
|-heal|p1a: Beast|295\/385|[from] item: Leftovers
|turn|7
|
|move|p2a: Charizard|Dragon Claw|p1a: Beast
|-crit|p1a: Beast
|-resisted|p1a: Beast
|-damage|p1a: Beast|140\/385
|move|p1a: Beast|Toxic|p2a: Charizard
|-status|p2a: Charizard|tox
|
|-heal|p1a: Beast|164\/385|[from] item: Leftovers
|-damage|p2a: Charizard|337\/359 tox|[from] psn
|turn|8
|
|switch|p2a: Excadrill|Excadrill, M|295\/417
|-ability|p2a: Excadrill|Mold Breaker
|switch|p1a: Jasmine|Diancie-Mega|105\/241
|
|-heal|p2a: Excadrill|321\/417|[from] item: Leftovers
|turn|9
|
|move|p1a: Jasmine|Earth Power|p2a: Excadrill
|-supereffective|p2a: Excadrill
|-damage|p2a: Excadrill|107\/417
|move|p2a: Excadrill|Earthquake|p1a: Jasmine
|-supereffective|p1a: Jasmine
|-damage|p1a: Jasmine|0 fnt
|faint|p1a: Jasmine
|
|-heal|p2a: Excadrill|133\/417|[from] item: Leftovers
|
|switch|p1a: Charming|Keldeo|323\/323
|turn|10
|c|âhiye|what is a keldeo
|
|switch|p2a: Rotom-Wash|Rotom-Wash|303\/303
|move|p1a: Charming|Scald|p2a: Rotom-Wash
|-resisted|p2a: Rotom-Wash
|-damage|p2a: Rotom-Wash|207\/303
|-status|p2a: Rotom-Wash|brn
|
|-heal|p2a: Rotom-Wash|225\/303 brn|[from] item: Leftovers
|-damage|p2a: Rotom-Wash|188\/303 brn|[from] brn
|turn|11
|
|switch|p1a: Malificent|Ferrothorn, M|352\/352
|move|p2a: Rotom-Wash|Volt Switch|p1a: Malificent
|-resisted|p1a: Malificent
|-damage|p1a: Malificent|318\/352
|
|switch|p2a: Mew|Mew|198\/404
|
|-heal|p2a: Mew|223\/404|[from] item: Leftovers
|-heal|p1a: Malificent|340\/352|[from] item: Leftovers
|turn|12
|
|switch|p1a: Charming|Keldeo|323\/323
|move|p2a: Mew|Taunt|p1a: Charming
|-start|p1a: Charming|move: Taunt
|
|-heal|p2a: Mew|248\/404|[from] item: Leftovers
|turn|13
|
|move|p1a: Charming|Scald|p2a: Mew
|-damage|p2a: Mew|80\/404
|-status|p2a: Mew|brn
|-status|p1a: Charming|brn
|move|p2a: Mew|Roost|p2a: Mew
|-heal|p2a: Mew|282\/404 brn
|
|-heal|p2a: Mew|307\/404 brn|[from] item: Leftovers
|-damage|p1a: Charming|283\/323 brn|[from] brn
|-damage|p2a: Mew|257\/404 brn|[from] brn
|turn|14
|
|switch|p1a: Belle|Dragonite, F|323\/323
|switch|p2a: Ferrothorn|Ferrothorn, F|352\/352
|
|turn|15
|
|switch|p2a: Sylveon|Sylveon, F|393\/393
|move|p1a: Belle|Superpower|p2a: Sylveon
|-resisted|p2a: Sylveon
|-damage|p2a: Sylveon|299\/393
|-unboost|p1a: Belle|atk|1
|-unboost|p1a: Belle|def|1
|
|-heal|p2a: Sylveon|323\/393|[from] item: Leftovers
|turn|16
|
|switch|p1a: Beast|Heatran, M|164\/385
|switch|p2a: Excadrill|Excadrill, M|133\/417
|-ability|p2a: Excadrill|Mold Breaker
|
|-heal|p2a: Excadrill|159\/417|[from] item: Leftovers
|-heal|p1a: Beast|188\/385|[from] item: Leftovers
|turn|17
|
|switch|p1a: Ursula|Slowbro, M|394\/394
|move|p2a: Excadrill|Stealth Rock|p1a: Ursula
|-sidestart|p1: R Testing|move: Stealth Rock
|
|-heal|p2a: Excadrill|185\/417|[from] item: Leftovers
|turn|18
|
|switch|p2a: Sylveon|Sylveon, F|323\/393
|move|p1a: Ursula|Scald|p2a: Sylveon
|-damage|p2a: Sylveon|253\/393
|
|-heal|p2a: Sylveon|277\/393|[from] item: Leftovers
|turn|19
|
|switch|p1a: Beast|Heatran, M|188\/385
|-damage|p1a: Beast|140\/385|[from] Stealth Rock
|move|p2a: Sylveon|Heal Bell|p2a: Sylveon
|-cureteam|p2a: Sylveon|[from] move: HealBell
|
|-heal|p1a: Beast|164\/385|[from] item: Leftovers
|-heal|p2a: Sylveon|301\/393|[from] item: Leftovers
|turn|20
|
|switch|p2a: Rotom-Wash|Rotom-Wash|188\/303
|move|p1a: Beast|Stealth Rock|p2a: Rotom-Wash
|-sidestart|p2: hiye|move: Stealth Rock
|
|-heal|p2a: Rotom-Wash|206\/303|[from] item: Leftovers
|-heal|p1a: Beast|188\/385|[from] item: Leftovers
|turn|21
|
|switch|p1a: Malificent|Ferrothorn, M|340\/352
|-damage|p1a: Malificent|318\/352|[from] Stealth Rock
|move|p2a: Rotom-Wash|Hydro Pump|p1a: Malificent|[miss]
|-miss|p2a: Rotom-Wash|p1a: Malificent
|
|-heal|p2a: Rotom-Wash|224\/303|[from] item: Leftovers
|-heal|p1a: Malificent|340\/352|[from] item: Leftovers
|turn|22
|
|move|p2a: Rotom-Wash|Will-O-Wisp|p1a: Malificent
|-status|p1a: Malificent|brn
|move|p1a: Malificent|Leech Seed|p2a: Rotom-Wash
|-start|p2a: Rotom-Wash|move: Leech Seed
|
|-heal|p2a: Rotom-Wash|242\/303|[from] item: Leftovers
|-heal|p1a: Malificent|352\/352 brn|[from] item: Leftovers
|-damage|p2a: Rotom-Wash|205\/303|[from] Leech Seed|[of] p1a: Malificent
|-damage|p1a: Malificent|308\/352 brn|[from] brn
|turn|23
|
|move|p1a: Malificent|Protect|p1a: Malificent
|-singleturn|p1a: Malificent|Protect
|move|p2a: Rotom-Wash|Volt Switch|p1a: Malificent
|-activate|p1a: Malificent|Protect
|
|-heal|p2a: Rotom-Wash|223\/303|[from] item: Leftovers
|-heal|p1a: Malificent|330\/352 brn|[from] item: Leftovers
|-damage|p2a: Rotom-Wash|186\/303|[from] Leech Seed|[of] p1a: Malificent
|-heal|p1a: Malificent|352\/352 brn|[silent]
|-damage|p1a: Malificent|308\/352 brn|[from] brn
|turn|24
|
|move|p2a: Rotom-Wash|Volt Switch|p1a: Malificent
|-resisted|p1a: Malificent
|-damage|p1a: Malificent|272\/352 brn
|
|switch|p2a: Ferrothorn|Ferrothorn, F|352\/352
|-damage|p2a: Ferrothorn|330\/352|[from] Stealth Rock
|move|p1a: Malificent|Leech Seed|p2a: Ferrothorn
|-immune|p2a: Ferrothorn|[msg]
|
|-heal|p2a: Ferrothorn|352\/352|[from] item: Leftovers
|-heal|p1a: Malificent|294\/352 brn|[from] item: Leftovers
|-damage|p1a: Malificent|250\/352 brn|[from] brn
|turn|25
|
|switch|p1a: Charming|Keldeo|283\/323 brn
|-damage|p1a: Charming|263\/323 brn|[from] Stealth Rock
|move|p2a: Ferrothorn|Leech Seed|p1a: Charming|[miss]
|-miss|p2a: Ferrothorn|p1a: Charming
|
|-damage|p1a: Charming|223\/323 brn|[from] brn
|turn|26
|c|âhiye|fkn blind ferro
|
|move|p2a: Ferrothorn|Protect|p2a: Ferrothorn
|-singleturn|p2a: Ferrothorn|Protect
|move|p1a: Charming|Secret Sword|p2a: Ferrothorn
|-activate|p2a: Ferrothorn|Protect
|
|-damage|p1a: Charming|183\/323 brn|[from] brn
|turn|27
|c|âR Testing|test
|
|switch|p2a: Sylveon|Sylveon, F|301\/393
|-damage|p2a: Sylveon|252\/393|[from] Stealth Rock
|move|p1a: Charming|Secret Sword|p2a: Sylveon
|-resisted|p2a: Sylveon
|-damage|p2a: Sylveon|137\/393
|
|-heal|p2a: Sylveon|161\/393|[from] item: Leftovers
|-damage|p1a: Charming|143\/323 brn|[from] brn
|turn|28
|c|âhiye|Ya lag is bad
|
|switch|p1a: Malificent|Ferrothorn, M|250\/352 brn
|-damage|p1a: Malificent|228\/352 brn|[from] Stealth Rock
|move|p2a: Sylveon|Wish|p2a: Sylveon
|
|-heal|p2a: Sylveon|185\/393|[from] item: Leftovers
|-heal|p1a: Malificent|250\/352 brn|[from] item: Leftovers
|-damage|p1a: Malificent|206\/352 brn|[from] brn
|turn|29
|
|move|p2a: Sylveon|Protect|p2a: Sylveon
|-singleturn|p2a: Sylveon|Protect
|move|p1a: Malificent|Spikes|p2a: Sylveon
|-sidestart|p2: hiye|Spikes
|
|-heal|p2a: Sylveon|381\/393|[from] move: Wish|[wisher] Sylveon
|-heal|p2a: Sylveon|393\/393|[from] item: Leftovers
|-heal|p1a: Malificent|228\/352 brn|[from] item: Leftovers
|-damage|p1a: Malificent|184\/352 brn|[from] brn
|turn|30
|
|move|p2a: Sylveon|Wish|p2a: Sylveon
|move|p1a: Malificent|Leech Seed|p2a: Sylveon
|-start|p2a: Sylveon|move: Leech Seed
|
|-heal|p1a: Malificent|206\/352 brn|[from] item: Leftovers
|-damage|p2a: Sylveon|344\/393|[from] Leech Seed|[of] p1a: Malificent
|-heal|p1a: Malificent|255\/352 brn|[silent]
|-damage|p1a: Malificent|211\/352 brn|[from] brn
|turn|31
|
|switch|p2a: Excadrill|Excadrill, M|185\/417
|-damage|p2a: Excadrill|133\/417|[from] Spikes
|-damage|p2a: Excadrill|120\/417|[from] Stealth Rock
|-ability|p2a: Excadrill|Mold Breaker
|move|p1a: Malificent|Leech Seed|p2a: Excadrill
|-start|p2a: Excadrill|move: Leech Seed
|
|-heal|p2a: Excadrill|316\/417|[from] move: Wish|[wisher] Sylveon
|-heal|p2a: Excadrill|342\/417|[from] item: Leftovers
|-heal|p1a: Malificent|233\/352 brn|[from] item: Leftovers
|-damage|p2a: Excadrill|290\/417|[from] Leech Seed|[of] p1a: Malificent
|-heal|p1a: Malificent|285\/352 brn|[silent]
|-damage|p1a: Malificent|241\/352 brn|[from] brn
|turn|32
|
|switch|p2a: Ferrothorn|Ferrothorn, F|352\/352
|-damage|p2a: Ferrothorn|308\/352|[from] Spikes
|-damage|p2a: Ferrothorn|286\/352|[from] Stealth Rock
|move|p1a: Malificent|Spikes|p2a: Ferrothorn
|-sidestart|p2: hiye|Spikes
|
|-heal|p2a: Ferrothorn|308\/352|[from] item: Leftovers
|-heal|p1a: Malificent|263\/352 brn|[from] item: Leftovers
|-damage|p1a: Malificent|219\/352 brn|[from] brn
|turn|33
|c|âhiye|come on cancel button
|
|switch|p1a: Beast|Heatran, M|188\/385
|-damage|p1a: Beast|140\/385|[from] Stealth Rock
|move|p2a: Ferrothorn|Spikes|p1a: Beast
|-sidestart|p1: R Testing|Spikes
|
|-heal|p1a: Beast|164\/385|[from] item: Leftovers
|-heal|p2a: Ferrothorn|330\/352|[from] item: Leftovers
|turn|34
|c|âhiye|I forgot spin gets rid of leec, a bit rusty
|c|âR Testing|only if you weren't using defensive exca, i would have won x.x
|c|âhiye|Defensive exca is 10 good
|c|âR Testing|nah, i would much rather use scizor
|c|âhiye|scizor gets fukt by clef's flamethower
|c|âhiye|where exca can live 2 at +1
|
|switch|p2a: Rotom-Wash|Rotom-Wash|186\/303
|-damage|p2a: Rotom-Wash|149\/303|[from] Stealth Rock
|move|p1a: Beast|Lava Plume|p2a: Rotom-Wash
|-resisted|p2a: Rotom-Wash
|-damage|p2a: Rotom-Wash|92\/303
|-status|p2a: Rotom-Wash|brn
|
|-heal|p2a: Rotom-Wash|110\/303 brn|[from] item: Leftovers
|-heal|p1a: Beast|188\/385|[from] item: Leftovers
|-damage|p2a: Rotom-Wash|73\/303 brn|[from] brn
|turn|35
|c|âR Testing|exca gets fucked by land-t
|c|âR Testing|where sciz can set up on it
|c|âhiye|And I have a rotom + char x + ferro
|c|âhiye|Char x vs lando t non m-evolved is free dd\/willo
|
|move|p2a: Rotom-Wash|Hydro Pump|p1a: Beast
|-supereffective|p1a: Beast
|-damage|p1a: Beast|0 fnt
|faint|p1a: Beast
|
|-heal|p2a: Rotom-Wash|91\/303 brn|[from] item: Leftovers
|-damage|p2a: Rotom-Wash|54\/303 brn|[from] brn
|c|âR Testing|w\/e
|
|switch|p1a: Belle|Dragonite, F|323\/323
|-damage|p1a: Belle|243\/323|[from] Stealth Rock
|turn|36
|c|âR Testing|no high level players use defensive exca
|c|âhiye|Exactly
|c|âhiye|Surprise Factor gotm
|c|âR Testing|i honestly don't wanna argue w\/ u im just here to play the game
|
|move|p1a: Belle|Superpower|p2a: Rotom-Wash
|-damage|p2a: Rotom-Wash|0 fnt
|-unboost|p1a: Belle|atk|1
|-unboost|p1a: Belle|def|1
|faint|p2a: Rotom-Wash
|
|c|âR Testing|and omfl the lag's gonna make me lose
|c|âhiye|,
|
|switch|p2a: Sylveon|Sylveon, F|344\/393
|-damage|p2a: Sylveon|279\/393|[from] Spikes
|-damage|p2a: Sylveon|230\/393|[from] Stealth Rock
|turn|37
|
|switch|p1a: Ursula|Slowbro, M|394\/394
|-damage|p1a: Ursula|345\/394|[from] Spikes
|-damage|p1a: Ursula|296\/394|[from] Stealth Rock
|move|p2a: Sylveon|Hyper Voice|p1a: Ursula
|-damage|p1a: Ursula|116\/394
|
|-heal|p2a: Sylveon|254\/393|[from] item: Leftovers
|-heal|p1a: Ursula|140\/394|[from] item: Leftovers
|turn|38
|c|âR Testing|ye i lose
|c|âR Testing|wp dude :]
|c|âhiye|geg
|
|switch|p1a: Malificent|Ferrothorn, M|219\/352 brn
|-damage|p1a: Malificent|197\/352 brn|[from] Stealth Rock
|-damage|p1a: Malificent|153\/352 brn|[from] Spikes
|move|p2a: Sylveon|Hyper Voice|p1a: Malificent
|-resisted|p1a: Malificent
|-damage|p1a: Malificent|96\/352 brn
|
|-heal|p2a: Sylveon|278\/393|[from] item: Leftovers
|-heal|p1a: Malificent|118\/352 brn|[from] item: Leftovers
|-damage|p1a: Malificent|74\/352 brn|[from] brn
|turn|39
|c|âR Testing|defensive exca is still aids tho
|c|âhiye|Eh
|c|âR Testing|js x.x
|c|âhiye|Whirlpool mew tho
|c|âR Testing|yeah ur "surprises" just happened to fuck me over
|
|move|p2a: Sylveon|Protect|p2a: Sylveon
|-singleturn|p2a: Sylveon|Protect
|move|p1a: Malificent|Gyro Ball|p2a: Sylveon
|-activate|p2a: Sylveon|Protect
|
|-heal|p2a: Sylveon|302\/393|[from] item: Leftovers
|-heal|p1a: Malificent|96\/352 brn|[from] item: Leftovers
|-damage|p1a: Malificent|52\/352 brn|[from] brn
|turn|40
|-message|R Testing forfeited.
|leave|R Testing
|
|move|p2a: Sylveon|Hyper Voice|p1a: Malificent
|-resisted|p1a: Malificent
|-damage|p1a: Malificent|0 fnt
|faint|p1a: Malificent
|
|-heal|p2a: Sylveon|326\/393|[from] item: Leftovers
|
|win|hiye
|raw|Ladder updating...
|player|p1
|raw|R Testing's rating: 1340 &rarr; <strong>1318<\/strong><br \/>(-22 for losing)
|raw|hiye's rating: 1298 &rarr; <strong>1326<\/strong><br \/>(+28 for winning)