|join|hiye
|join|Dominant7
|player|p1|hiye|101
|player|p2|Dominant7|190
|gametype|singles
|gen|6
|tier|OU (suspect test)
|rated
|clearpoke
|poke|p1|Charizard, M
|poke|p1|Excadrill, M
|poke|p1|Sylveon, M
|poke|p1|Ferrothorn, F
|poke|p1|Rotom-Wash
|poke|p1|Mew
|poke|p2|Heracross, F
|poke|p2|Heatran, M
|poke|p2|Ferrothorn, M
|poke|p2|Thundurus, M
|poke|p2|Latias, F
|poke|p2|Conkeldurr, M
|rule|Swagger Clause: Swagger is banned
|rule|Baton Pass Clause: Limit one PokÃ©mon knowing Baton Pass
|rule|Sleep Clause Mod: Limit one foe put to sleep
|rule|Species Clause: Limit one of each PokÃ©mon
|rule|OHKO Clause: OHKO moves are banned
|rule|Moody Clause: Moody is banned
|rule|Evasion Moves Clause: Evasion moves are banned
|rule|Endless Battle Clause: Forcing endless battles is banned
|rule|HP Percentage Mod: HP is shown in percentages
|teampreview
|
|start
|switch|p1a: Charizard|Charizard, M|359\/359
|switch|p2a: Heracross|Heracross, F|311\/311
|turn|1
|
|detailschange|p1a: Charizard|Charizard-Mega-X, M
|-mega|p1a: Charizard|Charizard|Charizardite X
|detailschange|p2a: Heracross|Heracross-Mega, F
|-mega|p2a: Heracross|Heracross|Heracronite
|move|p1a: Charizard|Will-O-Wisp|p2a: Heracross|[miss]
|-miss|p1a: Charizard|p2a: Heracross
|move|p2a: Heracross|Rock Blast|p1a: Charizard
|-supereffective|p1a: Charizard
|-damage|p1a: Charizard|295\/359
|-supereffective|p1a: Charizard
|-damage|p1a: Charizard|231\/359
|-crit|p1a: Charizard
|-supereffective|p1a: Charizard
|-damage|p1a: Charizard|135\/359
|-supereffective|p1a: Charizard
|-damage|p1a: Charizard|67\/359
|-supereffective|p1a: Charizard
|-damage|p1a: Charizard|0 fnt
|-hitcount|p1a: Charizard|5
|faint|p1a: Charizard
|
|c|âhiye|OBVIOUSLY
|c|âhiye|ONLY ME
|c|âDominant7|lol
|
|switch|p1a: Sylveon|Sylveon, M|393\/393
|turn|2
|c|âhiye|oh nice crit too by the way!!
|
|switch|p1a: Excadrill|Excadrill, M|417\/417
|-ability|p1a: Excadrill|Mold Breaker
|move|p2a: Heracross|Bullet Seed|p1a: Excadrill
|-damage|p1a: Excadrill|347\/417
|-damage|p1a: Excadrill|286\/417
|-damage|p1a: Excadrill|222\/417
|-damage|p1a: Excadrill|153\/417
|-damage|p1a: Excadrill|84\/417
|-hitcount|p1a: Excadrill|5
|
|-heal|p1a: Excadrill|110\/417|[from] item: Leftovers
|turn|3
|c|âhiye|ya im done
|c|âhiye|why do i have to face lucky and bad
|
|switch|p1a: Sylveon|Sylveon, M|393\/393
|move|p2a: Heracross|Bullet Seed|p1a: Sylveon
|-damage|p1a: Sylveon|350\/393
|-damage|p1a: Sylveon|307\/393
|-crit|p1a: Sylveon
|-damage|p1a: Sylveon|243\/393
|-damage|p1a: Sylveon|202\/393
|-damage|p1a: Sylveon|162\/393
|-hitcount|p1a: Sylveon|5
|
|-heal|p1a: Sylveon|186\/393|[from] item: Leftovers
|turn|4
|c|âhiye|great crit yo
|
|move|p1a: Sylveon|Protect|p1a: Sylveon
|-singleturn|p1a: Sylveon|Protect
|move|p2a: Heracross|Bullet Seed|p1a: Sylveon
|-activate|p1a: Sylveon|Protect
|
|-heal|p1a: Sylveon|210\/393|[from] item: Leftovers
|turn|5
|c|âDominant7|thx
|
|move|p2a: Heracross|Bullet Seed|p1a: Sylveon
|-damage|p1a: Sylveon|171\/393
|-damage|p1a: Sylveon|129\/393
|-damage|p1a: Sylveon|85\/393
|-crit|p1a: Sylveon
|-damage|p1a: Sylveon|27\/393
|-damage|p1a: Sylveon|0 fnt
|-hitcount|p1a: Sylveon|5
|faint|p1a: Sylveon
|
|c|âhiye|LMAO
|c|âDominant7|i'm saving this
|c|âDominant7|lol
|
|switch|p1a: Rotom-Wash|Rotom-Wash|303\/303
|turn|6
|
|move|p2a: Heracross|Bullet Seed|p1a: Rotom-Wash
|-supereffective|p1a: Rotom-Wash
|-damage|p1a: Rotom-Wash|241\/303
|-supereffective|p1a: Rotom-Wash
|-damage|p1a: Rotom-Wash|179\/303
|-supereffective|p1a: Rotom-Wash
|-damage|p1a: Rotom-Wash|121\/303
|-supereffective|p1a: Rotom-Wash
|-damage|p1a: Rotom-Wash|59\/303
|-supereffective|p1a: Rotom-Wash
|-damage|p1a: Rotom-Wash|0 fnt
|-hitcount|p1a: Rotom-Wash|5
|faint|p1a: Rotom-Wash
|
|
|switch|p1a: Excadrill|Excadrill, M|110\/417
|-ability|p1a: Excadrill|Mold Breaker
|turn|7
|
|switch|p2a: Ferrothorn|Ferrothorn, M|352\/352
|move|p1a: Excadrill|Iron Head|p2a: Ferrothorn
|-resisted|p2a: Ferrothorn
|-damage|p2a: Ferrothorn|316\/352
|-damage|p1a: Excadrill|58\/417|[from] ability: Iron Barbs|[of] p2a: Ferrothorn
|-damage|p1a: Excadrill|0 fnt|[from] item: Rocky Helmet|[of] p2a: Ferrothorn
|faint|p1a: Excadrill
|
|c|âhiye|...
|
|switch|p1a: Mew|Mew|404\/404
|turn|8
|c|âhiye|i just realized how mew + ferro could've 6-0'd at this point
|c|âhiye|if i had speed for hera
|c|âDominant7|lol
|c|âDominant7|except i have healing wish
|c|âhiye|what is that gona do
|
|switch|p2a: Conkeldurr|Conkeldurr, M|352\/352
|move|p1a: Mew|Taunt|p2a: Conkeldurr
|-start|p2a: Conkeldurr|move: Taunt
|
|turn|9
|c|âDominant7|if you ran speed on rotom and burned me i would just heal it
|
|move|p1a: Mew|Whirlpool|p2a: Conkeldurr
|-damage|p2a: Conkeldurr|334\/352
|-activate|p2a: Conkeldurr|move: Whirlpool|[of] p1a: Mew
|move|p2a: Conkeldurr|Knock Off|p1a: Mew
|-supereffective|p1a: Mew
|-damage|p1a: Mew|158\/404
|-enditem|p1a: Mew|Leftovers|[from] move: Knock Off|[of] p2a: Conkeldurr
|
|-damage|p2a: Conkeldurr|290\/352|[from] move: Whirlpool|[partiallytrapped]
|turn|10
|
|move|p1a: Mew|Roost|p1a: Mew
|-heal|p1a: Mew|360\/404
|move|p2a: Conkeldurr|Ice Punch|p1a: Mew
|-damage|p1a: Mew|275\/404
|
|-damage|p2a: Conkeldurr|246\/352|[from] move: Whirlpool|[partiallytrapped]
|turn|11
|
|move|p1a: Mew|Roost|p1a: Mew
|-heal|p1a: Mew|404\/404
|move|p2a: Conkeldurr|Ice Punch|p1a: Mew
|-damage|p1a: Mew|311\/404
|
|-damage|p2a: Conkeldurr|202\/352|[from] move: Whirlpool|[partiallytrapped]
|-end|p2a: Conkeldurr|move: Taunt
|turn|12
|c|âDominant7|how long is whirlpool gonna last?
|
|move|p1a: Mew|Whirlpool|p2a: Conkeldurr
|-damage|p2a: Conkeldurr|184\/352
|move|p2a: Conkeldurr|Ice Punch|p1a: Mew
|-damage|p1a: Mew|220\/404
|
|-damage|p2a: Conkeldurr|140\/352|[from] move: Whirlpool|[partiallytrapped]
|turn|13
|-message|hiye lost due to inactivity.
|c|âhiye|shit
|c|âhiye|lag
|
|move|p1a: Mew|Roost|p1a: Mew
|-heal|p1a: Mew|404\/404
|move|p2a: Conkeldurr|Knock Off|p1a: Mew
|-supereffective|p1a: Mew
|-damage|p1a: Mew|232\/404
|
|-damage|p2a: Conkeldurr|96\/352|[from] move: Whirlpool|[partiallytrapped]
|turn|14
|c|âhiye|i didn't see myself winning w\/e
|
|win|Dominant7
|raw|Ladder updating...