|join|Mewtwo927
|join|Mana's Wrath
|player|p1|Mewtwo927|27
|player|p2|Mana's Wrath|266
|gametype|doubles
|gen|6
|tier|Battle Spot Doubles (VGC 2015)
|rated
|clearpoke
|poke|p1|Heatran, L50, M
|poke|p1|Cresselia, L50, F
|poke|p1|Kangaskhan, L50, F
|poke|p1|Landorus-Therian, L50, M
|poke|p1|Breloom, L50, F
|poke|p1|Aegislash, L50, M
|poke|p2|Mawile, L50, F
|poke|p2|Aromatisse, L50, M
|poke|p2|Mienshao, L50, F
|poke|p2|Charizard, L50, F
|poke|p2|Rotom-Wash, L50
|poke|p2|Nidoqueen, L50, F
|rule|Species Clause: Limit one of each PokÃ©mon
|rule|Item Clause: Limit one of each item
|teampreview|4
|
|start
|switch|p1a: Landorus-Therian|Landorus-Therian, L50, M|196\/196
|switch|p1b: Aegislash|Aegislash, L50, M|167\/167
|switch|p2a: Aromatisse|Aromatisse, L50, M|208\/208
|switch|p2b: Mienshao|Mienshao, L50, F|141\/141
|-ability|p1a: Landorus-Therian|Intimidate|[of] p2a: Aromatisse
|-unboost|p2a: Aromatisse|atk|1
|-ability|p1a: Landorus-Therian|Intimidate|[of] p2b: Mienshao
|-unboost|p2b: Mienshao|atk|1
|turn|1
|
|switch|p1a: Kangaskhan|Kangaskhan, L50, F|212\/212
|move|p2a: Aromatisse|Protect|p2a: Aromatisse
|-singleturn|p2a: Aromatisse|Protect
|move|p2b: Mienshao|Knock Off|p1b: Aegislash
|-supereffective|p1b: Aegislash
|-damage|p1b: Aegislash|113\/167
|-enditem|p1b: Aegislash|Leftovers|[from] move: Knock Off|[of] p2b: Mienshao
|-formechange|p1b: Aegislash|Aegislash-Blade
|move|p1b: Aegislash|Flash Cannon|p2a: Aromatisse
|-activate|p2a: Aromatisse|Protect
|
|turn|2
|
|switch|p2a: Mawile|Mawile, L50, F|157\/157
|-ability|p2a: Mawile|Intimidate|[of] p1a: Kangaskhan
|-unboost|p1a: Kangaskhan|atk|1
|-ability|p2a: Mawile|Intimidate|[of] p1b: Aegislash
|-unboost|p1b: Aegislash|atk|1
|detailschange|p1a: Kangaskhan|Kangaskhan-Mega, L50, F
|-mega|p1a: Kangaskhan|Kangaskhan|Kangaskhanite
|move|p1a: Kangaskhan|Fake Out|p2b: Mienshao
|-damage|p2b: Mienshao|96\/141
|-damage|p2b: Mienshao|74\/141
|-hitcount|p2b: Mienshao|2
|move|p2b: Mienshao|Drain Punch|p1a: Kangaskhan
|-supereffective|p1a: Kangaskhan
|-damage|p1a: Kangaskhan|116\/212
|-heal|p2b: Mienshao|122\/141|[from] drain|[of] p1a: Kangaskhan
|move|p1b: Aegislash|Flash Cannon|p2a: Mawile
|-damage|p2a: Mawile|25\/157
|
|turn|3
|
|switch|p1a: Landorus-Therian|Landorus-Therian, L50, M|196\/196
|-ability|p1a: Landorus-Therian|Intimidate|[of] p2a: Mawile
|-unboost|p2a: Mawile|atk|1
|-ability|p1a: Landorus-Therian|Intimidate|[of] p2b: Mienshao
|-unboost|p2b: Mienshao|atk|1
|detailschange|p2a: Mawile|Mawile-Mega, L50, F
|-mega|p2a: Mawile|Mawile|Mawilite
|-formechange|p1b: Aegislash|Aegislash
|move|p1b: Aegislash|King's Shield|p1b: Aegislash
|-singleturn|p1b: Aegislash|Protect
|move|p2a: Mawile|Sucker Punch|p1b: Aegislash
|-fail|p1b: Aegislash
|move|p2b: Mienshao|Drain Punch|p1a: Landorus-Therian
|-resisted|p1a: Landorus-Therian
|-damage|p1a: Landorus-Therian|178\/196
|-heal|p2b: Mienshao|131\/141|[from] drain|[of] p1a: Landorus-Therian
|
|turn|4
|
|switch|p1a: Kangaskhan|Kangaskhan-Mega, L50, F|116\/212
|switch|p2a: Rotom-Wash|Rotom-Wash, L50|157\/157
|move|p2b: Mienshao|Knock Off|p1a: Kangaskhan
|-damage|p1a: Kangaskhan|96\/212
|-formechange|p1b: Aegislash|Aegislash-Blade
|move|p1b: Aegislash|Flash Cannon|p2a: Rotom-Wash
|-resisted|p2a: Rotom-Wash
|-damage|p2a: Rotom-Wash|140\/157
|
|-heal|p2a: Rotom-Wash|149\/157|[from] item: Leftovers
|turn|5
|
|move|p1a: Kangaskhan|Fake Out|p2a: Rotom-Wash
|-damage|p2a: Rotom-Wash|113\/157
|-damage|p2a: Rotom-Wash|94\/157
|-hitcount|p2a: Rotom-Wash|2
|move|p2b: Mienshao|Drain Punch|p1a: Kangaskhan
|-supereffective|p1a: Kangaskhan
|-damage|p1a: Kangaskhan|22\/212
|-heal|p2b: Mienshao|141\/141|[from] drain|[of] p1a: Kangaskhan
|cant|p2a: Rotom-Wash|flinch
|move|p1b: Aegislash|Flash Cannon|p2b: Mienshao
|-damage|p2b: Mienshao|9\/141
|
|-heal|p2a: Rotom-Wash|103\/157|[from] item: Leftovers
|turn|6
|
|move|p2b: Mienshao|Fake Out|p1a: Kangaskhan
|-hint|Fake Out only works on your first turn out.
|-fail|p1a: Kangaskhan
|move|p1a: Kangaskhan|Sucker Punch|p2b: Mienshao
|-fail|p2b: Mienshao
|move|p2a: Rotom-Wash|Will-O-Wisp|p1a: Kangaskhan
|-status|p1a: Kangaskhan|brn
|move|p1b: Aegislash|Shadow Ball|p2a: Rotom-Wash
|-damage|p2a: Rotom-Wash|30\/157
|
|-heal|p2a: Rotom-Wash|39\/157|[from] item: Leftovers
|-damage|p1a: Kangaskhan|0 fnt|[from] brn
|faint|p1a: Kangaskhan
|c|âMewtwo927|wow impressive predict
|
|switch|p1a: Breloom|Breloom, L50, F|136\/136
|turn|7
|
|move|p2a: Rotom-Wash|Protect|p2a: Rotom-Wash
|-singleturn|p2a: Rotom-Wash|Protect
|move|p2b: Mienshao|Drain Punch|p1a: Breloom
|-damage|p1a: Breloom|97\/136
|-heal|p2b: Mienshao|29\/141|[from] drain|[of] p1a: Breloom
|move|p1a: Breloom|Bullet Seed|p2a: Rotom-Wash
|-activate|p2a: Rotom-Wash|Protect
|move|p1b: Aegislash|Substitute|p1b: Aegislash
|-start|p1b: Aegislash|Substitute
|-damage|p1b: Aegislash|72\/167
|
|-heal|p2a: Rotom-Wash|48\/157|[from] item: Leftovers
|turn|8
|
|move|p2b: Mienshao|Knock Off|p1b: Aegislash
|-supereffective|p1b: Aegislash
|-end|p1b: Aegislash|Substitute
|move|p1a: Breloom|Spore|p2a: Rotom-Wash
|-status|p2a: Rotom-Wash|slp
|cant|p2a: Rotom-Wash|slp
|move|p1b: Aegislash|Flash Cannon|p2b: Mienshao
|-damage|p2b: Mienshao|0 fnt
|faint|p2b: Mienshao
|
|-heal|p2a: Rotom-Wash|57\/157 slp|[from] item: Leftovers
|
|switch|p2b: Aromatisse|Aromatisse, L50, M|208\/208
|turn|9
|
|move|p1a: Breloom|Spore|p2b: Aromatisse
|-status|p2b: Aromatisse|slp
|-enditem|p2b: Aromatisse|Lum Berry|[eat]
|-curestatus|p2b: Aromatisse|slp
|-curestatus|p2a: Rotom-Wash|slp
|move|p2a: Rotom-Wash|Thunderbolt|p1b: Aegislash
|-damage|p1b: Aegislash|0 fnt
|faint|p1b: Aegislash
|move|p2b: Aromatisse|Trick Room|p2b: Aromatisse
|-fieldstart|move: Trick Room|[of] p2b: Aromatisse
|
|-heal|p2a: Rotom-Wash|66\/157|[from] item: Leftovers
|
|switch|p1b: Landorus-Therian|Landorus-Therian, L50, M|178\/196
|-ability|p1b: Landorus-Therian|Intimidate|[of] p2a: Rotom-Wash
|-unboost|p2a: Rotom-Wash|atk|1
|-ability|p1b: Landorus-Therian|Intimidate|[of] p2b: Aromatisse
|-unboost|p2b: Aromatisse|atk|1
|turn|10
|
|move|p1a: Breloom|Protect|p1a: Breloom
|-singleturn|p1a: Breloom|Protect
|move|p2b: Aromatisse|Moonblast|p1a: Breloom
|-activate|p1a: Breloom|Protect
|move|p2a: Rotom-Wash|Hydro Pump|p1b: Landorus-Therian
|-supereffective|p1b: Landorus-Therian
|-damage|p1b: Landorus-Therian|56\/196
|move|p1b: Landorus-Therian|Knock Off|p2a: Rotom-Wash
|-damage|p2a: Rotom-Wash|2\/157
|-enditem|p2a: Rotom-Wash|Leftovers|[from] move: Knock Off|[of] p1b: Landorus-Therian
|
|turn|11
|
|move|p1a: Breloom|Mach Punch|p2a: Rotom-Wash
|-damage|p2a: Rotom-Wash|0 fnt
|faint|p2a: Rotom-Wash
|move|p2b: Aromatisse|Moonblast|p1a: Breloom
|-supereffective|p1a: Breloom
|-damage|p1a: Breloom|0 fnt
|faint|p1a: Breloom
|move|p1b: Landorus-Therian|Earthquake|p2b: Aromatisse
|-damage|p2b: Aromatisse|91\/208
|
|
|switch|p2a: Mawile|Mawile-Mega, L50, F|25\/157
|turn|12
|
|move|p2a: Mawile|Sucker Punch|p1b: Landorus-Therian
|-damage|p1b: Landorus-Therian|0 fnt
|faint|p1b: Landorus-Therian
|
|win|Mana's Wrath
|raw|Ladder updating...
|raw|Mewtwo927's rating: 1194 &rarr; <strong>1161<\/strong><br \/>(-33 for losing)
|raw|Mana&apos;s Wrath's rating: 1066 &rarr; <strong>1107<\/strong><br \/>(+41 for winning)
|c|âMana's Wrath|gg
|leave|Mewtwo927
|player|p1