|join|phpcms
|join|Mewtwo927
|player|p1|phpcms|2
|player|p2|Mewtwo927|27
|gametype|singles
|gen|6
|tier|OU
|clearpoke
|poke|p1|Bisharp, F
|poke|p1|Garchomp, M
|poke|p1|Keldeo
|poke|p1|Victini
|poke|p1|Sigilyph, M
|poke|p1|Klefki, M
|poke|p2|Sableye, F, shiny
|poke|p2|Chansey, F
|poke|p2|Landorus-Therian, M
|poke|p2|Ferrothorn, M
|poke|p2|Tornadus-Therian, M
|poke|p2|Rotom-Wash
|rule|Swagger Clause: Swagger is banned
|rule|Baton Pass Clause: Limit one PokÃ©mon knowing Baton Pass
|rule|Sleep Clause Mod: Limit one foe put to sleep
|rule|Species Clause: Limit one of each PokÃ©mon
|rule|OHKO Clause: OHKO moves are banned
|rule|Moody Clause: Moody is banned
|rule|Evasion Moves Clause: Evasion moves are banned
|rule|Endless Battle Clause: Forcing endless battles is banned
|rule|HP Percentage Mod: HP is shown in percentages
|teampreview
|
|start
|switch|p1a: Keldeo|Keldeo|323\/323
|switch|p2a: Sableye|Sableye, F, shiny|304\/304
|turn|1
|
|detailschange|p2a: Sableye|Sableye-Mega, F, shiny
|message|Sableye has Mega Evolved into Mega Sableye!
|move|p2a: Sableye|Will-O-Wisp|p1a: Keldeo
|-status|p1a: Keldeo|brn
|move|p1a: Keldeo|Scald|p2a: Sableye
|-damage|p2a: Sableye|183\/304
|-status|p2a: Sableye|brn
|
|-damage|p1a: Keldeo|283\/323 brn|[from] brn
|-damage|p2a: Sableye|145\/304 brn|[from] brn
|turn|2
|
|switch|p1a: Victini|Victini|341\/341
|move|p2a: Sableye|Recover|p2a: Sableye
|-heal|p2a: Sableye|297\/304 brn
|
|-damage|p2a: Sableye|259\/304 brn|[from] brn
|turn|3
|
|switch|p2a: Rotom-Wash|Rotom-Wash|304\/304
|move|p1a: Victini|V-create|p2a: Rotom-Wash
|-resisted|p2a: Rotom-Wash
|-damage|p2a: Rotom-Wash|168\/304
|-unboost|p1a: Victini|def|1
|-unboost|p1a: Victini|spd|1
|-unboost|p1a: Victini|spe|1
|
|-heal|p2a: Rotom-Wash|187\/304|[from] item: Leftovers
|turn|4
|
|switch|p1a: Garchomp|Garchomp, M|420\/420
|move|p2a: Rotom-Wash|Will-O-Wisp|p1a: Garchomp|[miss]
|-miss|p2a: Rotom-Wash|p1a: Garchomp
|
|-heal|p2a: Rotom-Wash|206\/304|[from] item: Leftovers
|turn|5
|c|âMewtwo927|åãã
|
|switch|p1a: Sigilyph|Sigilyph, M|285\/285
|move|p2a: Rotom-Wash|Will-O-Wisp|p1a: Sigilyph
|-status|p1a: Sigilyph|brn
|
|-heal|p2a: Rotom-Wash|225\/304|[from] item: Leftovers
|turn|6
|
|move|p1a: Sigilyph|Energy Ball|p2a: Rotom-Wash
|-supereffective|p2a: Rotom-Wash
|-damage|p2a: Rotom-Wash|0 fnt
|faint|p2a: Rotom-Wash
|
|
|switch|p2a: Tornadus-Therian|Tornadus-Therian, M|313\/313
|turn|7
|
|switch|p1a: Garchomp|Garchomp, M|420\/420
|move|p2a: Tornadus-Therian|Knock Off|p1a: Garchomp
|-damage|p1a: Garchomp|332\/420
|-damage|p2a: Tornadus-Therian|274\/313|[from] ability: Rough Skin|[of] p1a: Garchomp
|-damage|p2a: Tornadus-Therian|222\/313|[from] item: Rocky Helmet|[of] p1a: Garchomp
|-enditem|p1a: Garchomp|Rocky Helmet|[from] move: Knock Off|[of] p2a: Tornadus-Therian
|
|turn|8
|
|move|p2a: Tornadus-Therian|U-turn|p1a: Garchomp
|-damage|p1a: Garchomp|275\/420
|-damage|p2a: Tornadus-Therian|183\/313|[from] ability: Rough Skin|[of] p1a: Garchomp
|
|switch|p2a: Landorus-Therian|Landorus-Therian, M|382\/382
|-ability|p2a: Landorus-Therian|Intimidate|[of] p1a: Garchomp
|-unboost|p1a: Garchomp|atk|1
|move|p1a: Garchomp|Dragon Tail|p2a: Landorus-Therian|[miss]
|-miss|p1a: Garchomp|p2a: Landorus-Therian
|
|turn|9
|
|move|p1a: Garchomp|Stealth Rock|p2a: Landorus-Therian
|-sidestart|p2: Mewtwo927|move: Stealth Rock
|move|p2a: Landorus-Therian|Earthquake|p1a: Garchomp
|-damage|p1a: Garchomp|107\/420
|
|turn|10
|
|switch|p1a: Sigilyph|Sigilyph, M|285\/285 brn
|move|p2a: Landorus-Therian|Earthquake|p1a: Sigilyph
|-immune|p1a: Sigilyph|[msg]
|
|turn|11
|
|move|p1a: Sigilyph|Ice Beam|p2a: Landorus-Therian
|-supereffective|p2a: Landorus-Therian
|-damage|p2a: Landorus-Therian|18\/382
|move|p2a: Landorus-Therian|Knock Off|p1a: Sigilyph
|-supereffective|p1a: Sigilyph
|-damage|p1a: Sigilyph|0 fnt
|-enditem|p1a: Sigilyph|Life Orb|[from] move: Knock Off|[of] p2a: Landorus-Therian
|faint|p1a: Sigilyph
|
|
|switch|p1a: Keldeo|Keldeo|283\/323 brn
|turn|12
|
|move|p1a: Keldeo|Secret Sword|p2a: Landorus-Therian
|-resisted|p2a: Landorus-Therian
|-damage|p2a: Landorus-Therian|0 fnt
|faint|p2a: Landorus-Therian
|
|-damage|p1a: Keldeo|243\/323 brn|[from] brn
|
|switch|p2a: Tornadus-Therian|Tornadus-Therian, M|287\/313
|-damage|p2a: Tornadus-Therian|209\/313|[from] Stealth Rock
|turn|13
|
|switch|p1a: Klefki|Klefki, M|318\/318
|move|p2a: Tornadus-Therian|Hurricane|p1a: Klefki
|-resisted|p1a: Klefki
|-damage|p1a: Klefki|265\/318
|-start|p1a: Klefki|confusion
|
|-heal|p1a: Klefki|284\/318|[from] item: Leftovers
|turn|14
|
|switch|p1a: Garchomp|Garchomp, M|107\/420
|move|p2a: Tornadus-Therian|Superpower|p1a: Garchomp
|-damage|p1a: Garchomp|0 fnt
|-damage|p2a: Tornadus-Therian|170\/313|[from] ability: Rough Skin|[of] p1a: Garchomp
|-unboost|p2a: Tornadus-Therian|atk|1
|-unboost|p2a: Tornadus-Therian|def|1
|faint|p1a: Garchomp
|
|
|switch|p1a: Victini|Victini|341\/341
|turn|15
|
|switch|p2a: Ferrothorn|Ferrothorn, M|352\/352
|-damage|p2a: Ferrothorn|330\/352|[from] Stealth Rock
|move|p1a: Victini|V-create|p2a: Ferrothorn
|-supereffective|p2a: Ferrothorn
|-damage|p2a: Ferrothorn|0 fnt
|-damage|p1a: Victini|299\/341|[from] ability: Iron Barbs|[of] p2a: Ferrothorn
|-unboost|p1a: Victini|def|1
|-unboost|p1a: Victini|spd|1
|-unboost|p1a: Victini|spe|1
|faint|p2a: Ferrothorn
|
|
|switch|p2a: Tornadus-Therian|Tornadus-Therian, M|274\/313
|-damage|p2a: Tornadus-Therian|196\/313|[from] Stealth Rock
|turn|16
|
|switch|p1a: Klefki|Klefki, M|284\/318
|move|p2a: Tornadus-Therian|Knock Off|p1a: Klefki
|-resisted|p1a: Klefki
|-damage|p1a: Klefki|232\/318
|-enditem|p1a: Klefki|Leftovers|[from] move: Knock Off|[of] p2a: Tornadus-Therian
|
|turn|17
|
|switch|p2a: Chansey|Chansey, F|704\/704
|-damage|p2a: Chansey|616\/704|[from] Stealth Rock
|move|p1a: Klefki|Thunder Wave|p2a: Chansey
|-status|p2a: Chansey|par
|
|turn|18
|
|switch|p2a: Tornadus-Therian|Tornadus-Therian, M|300\/313
|-damage|p2a: Tornadus-Therian|222\/313|[from] Stealth Rock
|move|p1a: Klefki|Spikes|p2a: Tornadus-Therian
|-sidestart|p2: Mewtwo927|Spikes
|
|turn|19
|
|switch|p2a: Chansey|Chansey, F|616\/704
|-damage|p2a: Chansey|528\/704|[from] Stealth Rock
|-damage|p2a: Chansey|440\/704|[from] Spikes
|move|p1a: Klefki|Substitute|p1a: Klefki
|-start|p1a: Klefki|Substitute
|-damage|p1a: Klefki|153\/318
|
|turn|20
|
|move|p1a: Klefki|Foul Play|p2a: Chansey
|-damage|p2a: Chansey|434\/704
|move|p2a: Chansey|Aromatherapy|p2a: Chansey
|-cureteam|p2a: Chansey|[from] move: Aromatherapy
|
|turn|21
|
|move|p1a: Klefki|Thunder Wave|p2a: Chansey
|-status|p2a: Chansey|par
|cant|p2a: Chansey|par
|
|turn|22
|
|switch|p2a: Sableye|Sableye-Mega, F, shiny|259\/304
|-damage|p2a: Sableye|221\/304|[from] Spikes
|-damage|p2a: Sableye|183\/304|[from] Stealth Rock
|move|p1a: Klefki|Spikes|p2a: Sableye
|move|p2a: Sableye|Spikes|p1a: Klefki|[from]Magic Bounce
|-sidestart|p1: phpcms|Spikes
|
|turn|23
|
|switch|p1a: Bisharp|Bisharp, F|334\/334
|-damage|p1a: Bisharp|293\/334|[from] Spikes
|move|p2a: Sableye|Recover|p2a: Sableye
|-heal|p2a: Sableye|304\/304
|
|turn|24
|
|move|p1a: Bisharp|Iron Head|p2a: Sableye
|-damage|p2a: Sableye|201\/304
|-damage|p1a: Bisharp|260\/334|[from] item: Life Orb
|move|p2a: Sableye|Will-O-Wisp|p1a: Bisharp
|-status|p1a: Bisharp|brn
|
|-damage|p1a: Bisharp|219\/334 brn|[from] brn
|turn|25
|
|move|p1a: Bisharp|Swords Dance|p1a: Bisharp
|-boost|p1a: Bisharp|atk|2
|move|p2a: Sableye|Recover|p2a: Sableye
|-heal|p2a: Sableye|304\/304
|
|-damage|p1a: Bisharp|178\/334 brn|[from] brn
|turn|26
|
|move|p1a: Bisharp|Swords Dance|p1a: Bisharp
|-boost|p1a: Bisharp|atk|2
|move|p2a: Sableye|Dark Pulse|p1a: Bisharp
|-resisted|p1a: Bisharp
|-damage|p1a: Bisharp|138\/334 brn
|
|-damage|p1a: Bisharp|97\/334 brn|[from] brn
|turn|27
|
|move|p1a: Bisharp|Swords Dance|p1a: Bisharp
|-boost|p1a: Bisharp|atk|2
|move|p2a: Sableye|Recover|p2a: Sableye
|-fail|p2a: Sableye
|
|-damage|p1a: Bisharp|56\/334 brn|[from] brn
|turn|28
|
|move|p1a: Bisharp|Iron Head|p2a: Sableye
|-damage|p2a: Sableye|101\/304
|-damage|p1a: Bisharp|23\/334 brn|[from] item: Life Orb
|move|p2a: Sableye|Recover|p2a: Sableye
|-heal|p2a: Sableye|253\/304
|
|-damage|p1a: Bisharp|0 fnt|[from] brn
|faint|p1a: Bisharp
|
|switch|p1a: Victini|Victini|299\/341
|-damage|p1a: Victini|257\/341|[from] Spikes
|turn|29
|
|switch|p2a: Chansey|Chansey, F|434\/704
|-damage|p2a: Chansey|346\/704|[from] Spikes
|-damage|p2a: Chansey|258\/704|[from] Stealth Rock
|move|p1a: Victini|V-create|p2a: Chansey
|-damage|p2a: Chansey|0 fnt
|-unboost|p1a: Victini|def|1
|-unboost|p1a: Victini|spd|1
|-unboost|p1a: Victini|spe|1
|faint|p2a: Chansey
|
|
|switch|p2a: Tornadus-Therian|Tornadus-Therian, M|313\/313
|-damage|p2a: Tornadus-Therian|235\/313|[from] Stealth Rock
|turn|30
|
|switch|p1a: Klefki|Klefki, M|153\/318
|-damage|p1a: Klefki|114\/318|[from] Spikes
|move|p2a: Tornadus-Therian|Hurricane|p1a: Klefki
|-resisted|p1a: Klefki
|-damage|p1a: Klefki|66\/318
|
|turn|31
|
|switch|p2a: Sableye|Sableye-Mega, F, shiny|253\/304
|-damage|p2a: Sableye|215\/304|[from] Spikes
|-damage|p2a: Sableye|177\/304|[from] Stealth Rock
|switch|p1a: Victini|Victini|257\/341
|-damage|p1a: Victini|215\/341|[from] Spikes
|
|turn|32
|
|move|p1a: Victini|V-create|p2a: Sableye
|-damage|p2a: Sableye|0 fnt
|-unboost|p1a: Victini|def|1
|-unboost|p1a: Victini|spd|1
|-unboost|p1a: Victini|spe|1
|faint|p2a: Sableye
|
|
|switch|p2a: Tornadus-Therian|Tornadus-Therian, M|313\/313
|-damage|p2a: Tornadus-Therian|235\/313|[from] Stealth Rock
|turn|33
|
|switch|p1a: Keldeo|Keldeo|243\/323 brn
|-damage|p1a: Keldeo|203\/323 brn|[from] Spikes
|move|p2a: Tornadus-Therian|Knock Off|p1a: Keldeo
|-resisted|p1a: Keldeo
|-damage|p1a: Keldeo|152\/323 brn
|-boost|p1a: Keldeo|atk|1|[from] ability: Justified
|-enditem|p1a: Keldeo|Choice Scarf|[from] move: Knock Off|[of] p2a: Tornadus-Therian
|
|-damage|p1a: Keldeo|112\/323 brn|[from] brn
|turn|34
|
|move|p2a: Tornadus-Therian|Hurricane|p1a: Keldeo
|-supereffective|p1a: Keldeo
|-damage|p1a: Keldeo|0 fnt
|faint|p1a: Keldeo
|
|
|switch|p1a: Klefki|Klefki, M|66\/318
|-damage|p1a: Klefki|27\/318|[from] Spikes
|turn|35
|
|move|p1a: Klefki|Thunder Wave|p2a: Tornadus-Therian
|-status|p2a: Tornadus-Therian|par
|move|p2a: Tornadus-Therian|Knock Off|p1a: Klefki
|-resisted|p1a: Klefki
|-damage|p1a: Klefki|0 fnt
|faint|p1a: Klefki
|
|
|switch|p1a: Victini|Victini|215\/341
|-damage|p1a: Victini|173\/341|[from] Spikes
|turn|36
|
|move|p1a: Victini|V-create|p2a: Tornadus-Therian
|-damage|p2a: Tornadus-Therian|0 fnt
|-unboost|p1a: Victini|def|1
|-unboost|p1a: Victini|spd|1
|-unboost|p1a: Victini|spe|1
|faint|p2a: Tornadus-Therian
|
|win|phpcms
|leave|Mewtwo927
|player|p2
|join|Trumaerd
|leave|Trumaerd
|join|Mewtwo927
|leave|Mewtwo927