|join|Reverb
|join|Mewtwo927
|player|p1|Reverb|#reverb
|player|p2|Mewtwo927|27
|gametype|singles
|gen|6
|tier|OU
|rated
|clearpoke
|poke|p1|Landorus-Therian, M
|poke|p1|Latias, F
|poke|p1|Heatran, M
|poke|p1|Conkeldurr, M
|poke|p1|Azumarill, M
|poke|p1|Metagross
|poke|p2|Sableye, F, shiny
|poke|p2|Chansey, F
|poke|p2|Skarmory, F
|poke|p2|Quagsire, F
|poke|p2|Gothitelle, F
|poke|p2|Celebi
|rule|Swagger Clause: Swagger is banned
|rule|Baton Pass Clause: Limit one PokÃ©mon knowing Baton Pass
|rule|Sleep Clause Mod: Limit one foe put to sleep
|rule|Species Clause: Limit one of each PokÃ©mon
|rule|OHKO Clause: OHKO moves are banned
|rule|Moody Clause: Moody is banned
|rule|Evasion Moves Clause: Evasion moves are banned
|rule|Endless Battle Clause: Forcing endless battles is banned
|rule|HP Percentage Mod: HP is shown in percentages
|teampreview
|join|Ox the Box
|
|start
|switch|p1a: Azumarill|Azumarill, M|372\/372
|switch|p2a: Quagsire|Quagsire, F|394\/394
|turn|1
|
|move|p1a: Azumarill|Waterfall|p2a: Quagsire
|-damage|p2a: Quagsire|199\/394
|move|p2a: Quagsire|Toxic|p1a: Azumarill
|-status|p1a: Azumarill|tox
|
|-heal|p2a: Quagsire|223\/394|[from] item: Leftovers
|-damage|p1a: Azumarill|349\/372 tox|[from] psn
|turn|2
|
|move|p1a: Azumarill|Waterfall|p2a: Quagsire
|-damage|p2a: Quagsire|1\/394
|move|p2a: Quagsire|Recover|p2a: Quagsire
|-heal|p2a: Quagsire|198\/394
|
|-heal|p2a: Quagsire|222\/394|[from] item: Leftovers
|-damage|p1a: Azumarill|303\/372 tox|[from] psn
|turn|3
|join|Druides
|
|switch|p2a: Celebi|Celebi|404\/404
|move|p1a: Azumarill|Waterfall|p2a: Celebi
|-resisted|p2a: Celebi
|-damage|p2a: Celebi|293\/404
|
|-heal|p2a: Celebi|318\/404|[from] item: Leftovers
|-damage|p1a: Azumarill|234\/372 tox|[from] psn
|turn|4
|join|I Iike Squirtles
|
|switch|p1a: Landorus-Therian|Landorus-Therian, M|327\/327
|-ability|p1a: Landorus-Therian|Intimidate|[of] p2a: Celebi
|-unboost|p2a: Celebi|atk|1
|move|p2a: Celebi|Baton Pass|p2a: Celebi
|join|Updated Kanto
|join|youre such a child
|join|water Bedschibaer
|
|switch|p2a: Sableye|Sableye, F, shiny|304\/304
|
|turn|5
|
|switch|p1a: Azumarill|Azumarill, M|234\/372 tox
|detailschange|p2a: Sableye|Sableye-Mega, F, shiny
|-mega|p2a: Sableye|Sableye|Sablenite
|move|p2a: Sableye|Shadow Ball|p1a: Azumarill
|-crit|p1a: Azumarill
|-damage|p1a: Azumarill|89\/372 tox
|-unboost|p1a: Azumarill|spd|1
|
|-damage|p1a: Azumarill|66\/372 tox|[from] psn
|turn|6
|c| getrektPretentious|go mewtwo
|
|switch|p2a: Skarmory|Skarmory, F|334\/334
|move|p1a: Azumarill|Waterfall|p2a: Skarmory
|-damage|p2a: Skarmory|168\/334
|
|-damage|p1a: Azumarill|20\/372 tox|[from] psn
|turn|7
|c|âMewtwo927|thank you!
|
|switch|p2a: Celebi|Celebi|318\/404
|move|p1a: Azumarill|Waterfall|p2a: Celebi
|-resisted|p2a: Celebi
|-damage|p2a: Celebi|213\/404
|
|-heal|p2a: Celebi|238\/404|[from] item: Leftovers
|-damage|p1a: Azumarill|0 fnt|[from] psn
|faint|p1a: Azumarill
|join|MushMunkey
|
|switch|p1a: Heatran|Heatran, M|385\/385
|turn|8
|join|Squirrelll
|
|switch|p2a: Chansey|Chansey, F|704\/704
|move|p1a: Heatran|Taunt|p2a: Chansey
|-start|p2a: Chansey|move: Taunt
|
|turn|9
|
|switch|p2a: Sableye|Sableye-Mega, F, shiny|304\/304
|move|p1a: Heatran|Taunt|p2a: Sableye
|move|p2a: Sableye|Taunt|p1a: Heatran|[from]Magic Bounce
|-start|p1a: Heatran|move: Taunt
|
|turn|10
|
|switch|p1a: Conkeldurr|Conkeldurr, M|364\/364
|switch|p2a: Chansey|Chansey, F|704\/704
|
|turn|11
|c|âReverb|oml that thing is broken
|c|âMewtwo927|what?
|c|âReverb|mega sableye
|c|âMewtwo927|lol
|c| MushMunkey|no it isn't what the fuck lmao
|c|âMewtwo927|lots of ppl use that
|
|switch|p2a: Sableye|Sableye-Mega, F, shiny|304\/304
|move|p1a: Conkeldurr|Drain Punch|p2a: Sableye
|-immune|p2a: Sableye|[msg]
|
|turn|12
|c| I Iike Squirtles|so is gross tbf
|c|âReverb|yeah ik
|c|âReverb|bc it's really good
|c|âReverb|and yeah
|join|Apathos
|
|switch|p1a: Heatran|Heatran, M|385\/385
|move|p2a: Sableye|Shadow Ball|p1a: Heatran
|-damage|p1a: Heatran|315\/385
|
|-heal|p1a: Heatran|339\/385|[from] item: Leftovers
|turn|13
|c|âMewtwo927|btw i am a fan of you and manaphy
|c|âMewtwo927|like you guys team
|c| getrektPretentious|theyre dating
|c|âReverb|ah thanks
|c|âReverb|and no
|
|switch|p2a: Quagsire|Quagsire, F|222\/394
|move|p1a: Heatran|Lava Plume|p2a: Quagsire
|-resisted|p2a: Quagsire
|-damage|p2a: Quagsire|143\/394
|
|-heal|p1a: Heatran|363\/385|[from] item: Leftovers
|-heal|p2a: Quagsire|167\/394|[from] item: Leftovers
|turn|14
|c|âMewtwo927|seriously?
|c|âReverb|NO
|c| getrektPretentious|lol
|
|move|p1a: Heatran|Stealth Rock|p2a: Quagsire
|-sidestart|p2: Mewtwo927|move: Stealth Rock
|move|p2a: Quagsire|Recover|p2a: Quagsire
|-heal|p2a: Quagsire|364\/394
|
|-heal|p1a: Heatran|385\/385|[from] item: Leftovers
|-heal|p2a: Quagsire|388\/394|[from] item: Leftovers
|turn|15
|
|switch|p1a: Conkeldurr|Conkeldurr, M|364\/364
|move|p2a: Quagsire|Scald|p1a: Conkeldurr
|-crit|p1a: Conkeldurr
|-damage|p1a: Conkeldurr|285\/364
|
|-heal|p2a: Quagsire|394\/394|[from] item: Leftovers
|turn|16
|c| Druides|he's lying
|c| Druides|they are
|
|switch|p2a: Sableye|Sableye-Mega, F, shiny|304\/304
|-damage|p2a: Sableye|266\/304|[from] Stealth Rock
|move|p1a: Conkeldurr|Knock Off|p2a: Sableye
|-damage|p2a: Sableye|210\/304
|
|turn|17
|
|switch|p1a: Heatran|Heatran, M|385\/385
|move|p2a: Sableye|Recover|p2a: Sableye
|-heal|p2a: Sableye|304\/304
|
|turn|18
|c| Ox the Box|oh fuck
|c| Ox the Box|shiny sab looks awesome
|
|switch|p2a: Chansey|Chansey, F|704\/704
|-damage|p2a: Chansey|616\/704|[from] Stealth Rock
|move|p1a: Heatran|Lava Plume|p2a: Chansey
|-damage|p2a: Chansey|535\/704
|
|turn|19
|c| Druides|not really
|
|move|p1a: Heatran|Taunt|p2a: Chansey
|-start|p2a: Chansey|move: Taunt
|cant|p2a: Chansey|move: Taunt|Stealth Rock
|
|turn|20
|c| Druides|it looks like puke in game
|
|switch|p2a: Quagsire|Quagsire, F|394\/394
|-damage|p2a: Quagsire|370\/394|[from] Stealth Rock
|move|p1a: Heatran|Lava Plume|p2a: Quagsire
|-resisted|p2a: Quagsire
|-damage|p2a: Quagsire|285\/394
|
|-heal|p2a: Quagsire|309\/394|[from] item: Leftovers
|turn|21
|
|switch|p1a: Conkeldurr|Conkeldurr, M|285\/364
|move|p2a: Quagsire|Earthquake|p1a: Conkeldurr
|-crit|p1a: Conkeldurr
|-damage|p1a: Conkeldurr|129\/364
|
|-heal|p2a: Quagsire|333\/394|[from] item: Leftovers
|turn|22
|leave|youre such a child
|
|switch|p2a: Sableye|Sableye-Mega, F, shiny|304\/304
|-damage|p2a: Sableye|266\/304|[from] Stealth Rock
|move|p1a: Conkeldurr|Knock Off|p2a: Sableye
|-damage|p2a: Sableye|206\/304
|
|turn|23
|
|switch|p1a: Heatran|Heatran, M|385\/385
|move|p2a: Sableye|Recover|p2a: Sableye
|-heal|p2a: Sableye|304\/304
|
|turn|24
|leave|Apathos
|
|switch|p2a: Quagsire|Quagsire, F|333\/394
|-damage|p2a: Quagsire|309\/394|[from] Stealth Rock
|move|p1a: Heatran|Lava Plume|p2a: Quagsire
|-resisted|p2a: Quagsire
|-damage|p2a: Quagsire|223\/394
|
|-heal|p2a: Quagsire|247\/394|[from] item: Leftovers
|turn|25
|
|move|p1a: Heatran|Lava Plume|p2a: Quagsire
|-resisted|p2a: Quagsire
|-damage|p2a: Quagsire|163\/394
|-status|p2a: Quagsire|brn
|move|p2a: Quagsire|Earthquake|p1a: Heatran
|-supereffective|p1a: Heatran
|-damage|p1a: Heatran|193\/385
|
|-heal|p1a: Heatran|217\/385|[from] item: Leftovers
|-heal|p2a: Quagsire|187\/394 brn|[from] item: Leftovers
|-damage|p2a: Quagsire|138\/394 brn|[from] brn
|turn|26
|
|move|p1a: Heatran|Taunt|p2a: Quagsire
|-start|p2a: Quagsire|move: Taunt
|cant|p2a: Quagsire|move: Taunt|Recover
|
|-heal|p1a: Heatran|241\/385|[from] item: Leftovers
|-heal|p2a: Quagsire|162\/394 brn|[from] item: Leftovers
|-damage|p2a: Quagsire|113\/394 brn|[from] brn
|turn|27
|
|switch|p1a: Landorus-Therian|Landorus-Therian, M|327\/327
|-ability|p1a: Landorus-Therian|Intimidate|[of] p2a: Quagsire
|-unboost|p2a: Quagsire|atk|1
|switch|p2a: Chansey|Chansey, F|535\/704
|-damage|p2a: Chansey|447\/704|[from] Stealth Rock
|
|turn|28
|
|move|p1a: Landorus-Therian|Explosion|p2a: Chansey
|-damage|p2a: Chansey|29\/704
|faint|p1a: Landorus-Therian
|move|p2a: Chansey|Soft-Boiled|p2a: Chansey
|-heal|p2a: Chansey|381\/704
|
|
|switch|p1a: Conkeldurr|Conkeldurr, M|129\/364
|turn|29
|
|switch|p2a: Sableye|Sableye-Mega, F, shiny|304\/304
|-damage|p2a: Sableye|266\/304|[from] Stealth Rock
|move|p1a: Conkeldurr|Drain Punch|p2a: Sableye
|-immune|p2a: Sableye|[msg]
|
|turn|30
|join|leremyju
|c| leremyju|Lol
|join|deluks917 gen5
|c| leremyju|Gj reverb
|
|switch|p2a: Gothitelle|Gothitelle, F|301\/301
|-damage|p2a: Gothitelle|264\/301|[from] Stealth Rock
|move|p1a: Conkeldurr|Ice Punch|p2a: Gothitelle
|-damage|p2a: Gothitelle|151\/301
|
|turn|31
|c|âReverb|fuck i didnt knock off lol
|
|move|p1a: Conkeldurr|Mach Punch|p2a: Gothitelle
|-resisted|p2a: Gothitelle
|-damage|p2a: Gothitelle|109\/301
|move|p2a: Gothitelle|Psychic|p1a: Conkeldurr
|-supereffective|p1a: Conkeldurr
|-damage|p1a: Conkeldurr|0 fnt
|faint|p1a: Conkeldurr
|
|c| leremyju|Lololololololo
|
|switch|p1a: Metagross|Metagross|301\/301
|turn|32
|join|ertehytujyr
|join|TheHoennChamp
|
|switch|p2a: Quagsire|Quagsire, F|113\/394 brn
|-damage|p2a: Quagsire|89\/394 brn|[from] Stealth Rock
|detailschange|p1a: Metagross|Metagross-Mega
|-mega|p1a: Metagross|Metagross|Metagrossite
|move|p1a: Metagross|Hammer Arm|p2a: Quagsire|[miss]
|-miss|p1a: Metagross|p2a: Quagsire
|
|-heal|p2a: Quagsire|113\/394 brn|[from] item: Leftovers
|-damage|p2a: Quagsire|64\/394 brn|[from] brn
|turn|33
|c| leremyju|Do u have grass knot
|leave|TheHoennChamp
|c|âReverb|lel
|
|move|p1a: Metagross|Ice Punch|p2a: Quagsire
|-crit|p2a: Quagsire
|-damage|p2a: Quagsire|0 fnt
|faint|p2a: Quagsire
|
|join|TheHoennChamp
|leave|TheHoennChamp
|
|switch|p2a: Skarmory|Skarmory, F|168\/334
|-damage|p2a: Skarmory|127\/334|[from] Stealth Rock
|turn|34
|join|oml it's too ez
|
|move|p1a: Metagross|Hammer Arm|p2a: Skarmory
|-crit|p2a: Skarmory
|-damage|p2a: Skarmory|0 fnt
|-unboost|p1a: Metagross|spe|1
|faint|p2a: Skarmory
|
|
|switch|p2a: Sableye|Sableye-Mega, F, shiny|266\/304
|-damage|p2a: Sableye|228\/304|[from] Stealth Rock
|turn|35
|join|terry41
|c| leremyju|It's spdef
|c| leremyju|dw
|join|TheLaughingCats
|
|move|p1a: Metagross|Meteor Mash|p2a: Sableye
|-damage|p2a: Sableye|69\/304
|move|p2a: Sableye|Will-O-Wisp|p1a: Metagross
|-status|p1a: Metagross|brn
|
|-damage|p1a: Metagross|264\/301 brn|[from] brn
|turn|36
|c| leremyju|If it's fm then that's bad building
|c| leremyju|See 2hkoed
|
|switch|p2a: Chansey|Chansey, F|381\/704
|-damage|p2a: Chansey|293\/704|[from] Stealth Rock
|move|p1a: Metagross|Meteor Mash|p2a: Chansey
|-damage|p2a: Chansey|131\/704
|
|-damage|p1a: Metagross|227\/301 brn|[from] brn
|turn|37
|
|move|p1a: Metagross|Meteor Mash|p2a: Chansey
|-damage|p2a: Chansey|0 fnt
|faint|p2a: Chansey
|
|-damage|p1a: Metagross|190\/301 brn|[from] brn
|
|switch|p2a: Celebi|Celebi|238\/404
|-damage|p2a: Celebi|188\/404|[from] Stealth Rock
|turn|38
|leave|deluks917 gen5
|
|switch|p1a: Heatran|Heatran, M|241\/385
|move|p2a: Celebi|Recover|p2a: Celebi
|-heal|p2a: Celebi|390\/404
|
|-heal|p1a: Heatran|265\/385|[from] item: Leftovers
|-heal|p2a: Celebi|404\/404|[from] item: Leftovers
|turn|39
|join|Trumaerd
|
|move|p1a: Heatran|Taunt|p2a: Celebi
|-start|p2a: Celebi|move: Taunt
|cant|p2a: Celebi|move: Taunt|Perish Song
|
|-heal|p1a: Heatran|289\/385|[from] item: Leftovers
|turn|40
|leave|Ox the Box
|c| leremyju|Playz
|
|switch|p2a: Sableye|Sableye-Mega, F, shiny|69\/304
|-damage|p2a: Sableye|31\/304|[from] Stealth Rock
|move|p1a: Heatran|Lava Plume|p2a: Sableye
|-crit|p2a: Sableye
|-damage|p2a: Sableye|0 fnt
|faint|p2a: Sableye
|
|-heal|p1a: Heatran|313\/385|[from] item: Leftovers
|leave|Updated Kanto
|
|switch|p2a: Gothitelle|Gothitelle, F|109\/301
|-damage|p2a: Gothitelle|72\/301|[from] Stealth Rock
|turn|41
|
|move|p2a: Gothitelle|Rest|p2a: Gothitelle
|-status|p2a: Gothitelle|slp
|-heal|p2a: Gothitelle|301\/301 slp|[silent]
|-status|p2a: Gothitelle|slp|[from] move: Rest
|move|p1a: Heatran|Lava Plume|p2a: Gothitelle
|-damage|p2a: Gothitelle|186\/301 slp
|
|-heal|p1a: Heatran|337\/385|[from] item: Leftovers
|turn|42
|join|gyarad0site
|c|âMewtwo927|gg
|c|âReverb|gg
|c| leremyju|Se pai reverb
|c|âMewtwo927|dat skarmony ct hurt
|c| leremyju|*senpai
|c|âReverb|yeah sry
|-message|Mewtwo927 forfeited.
|leave|Mewtwo927
|
|win|Reverb
|raw|Ladder updating...
|player|p2
|c| ertehytujyr|inb4 sleep talk
|raw|Reverb's rating: 1668 &rarr; <strong>1679<\/strong><br \/>(+11 for winning)
|raw|Mewtwo927's rating: 1500 &rarr; <strong>1489<\/strong><br \/>(-11 for losing)
|leave|gyarad0site
|leave|leremyju
|leave|Reverb
|join|etaoi
|leave|I Iike Squirtles
|player|p1
|leave|getrektPretentious
|leave|Druides
|leave|Trumaerd
|join|Druides
|leave|Druides
|leave|terry41