|join|Mewtwo927
|join|toostrawng
|player|p1|Mewtwo927|27
|player|p2|toostrawng|2
|gametype|singles
|gen|6
|tier|OU
|rated
|clearpoke
|poke|p1|Sableye, M, shiny
|poke|p1|Chansey, F
|poke|p1|Skarmory, F
|poke|p1|Quagsire, F
|poke|p1|Bisharp, F
|poke|p1|Amoonguss, M
|poke|p2|Gyarados, M, shiny
|poke|p2|Talonflame, F, shiny
|poke|p2|Kyurem-Black, shiny
|poke|p2|Latias, F
|poke|p2|Azelf
|poke|p2|Azumarill, M
|rule|Swagger Clause: Swagger is banned
|rule|Baton Pass Clause: Limit one PokÃ©mon knowing Baton Pass
|rule|Sleep Clause Mod: Limit one foe put to sleep
|rule|Species Clause: Limit one of each PokÃ©mon
|rule|OHKO Clause: OHKO moves are banned
|rule|Moody Clause: Moody is banned
|rule|Evasion Moves Clause: Evasion moves are banned
|rule|Endless Battle Clause: Forcing endless battles is banned
|rule|HP Percentage Mod: HP is shown in percentages
|teampreview
|
|start
|switch|p1a: Sableye|Sableye, M, shiny|304\/304
|switch|p2a: Madara|Kyurem-Black, shiny|405\/405
|-ability|p2a: Madara|Teravolt
|turn|1
|
|detailschange|p1a: Sableye|Sableye-Mega, M, shiny
|-mega|p1a: Sableye|Sableye|Sablenite
|move|p1a: Sableye|Will-O-Wisp|p2a: Madara
|-status|p2a: Madara|brn
|move|p2a: Madara|Ice Beam|p1a: Sableye
|-damage|p1a: Sableye|144\/304
|-damage|p2a: Madara|365\/405 brn|[from] item: Life Orb
|
|-damage|p2a: Madara|315\/405 brn|[from] brn
|turn|2
|
|switch|p1a: Chansey|Chansey, F|704\/704
|move|p2a: Madara|Ice Beam|p1a: Chansey
|-damage|p1a: Chansey|558\/704
|-status|p1a: Chansey|frz
|-damage|p2a: Madara|275\/405 brn|[from] item: Life Orb
|
|-damage|p2a: Madara|225\/405 brn|[from] brn
|turn|3
|
|switch|p2a: Slifer|Gyarados, M, shiny|355\/355
|switch|p1a: Bisharp|Bisharp, F|272\/272
|
|turn|4
|
|switch|p1a: Amoonguss|Amoonguss, M|432\/432
|move|p2a: Slifer|Earthquake|p1a: Amoonguss
|-damage|p1a: Amoonguss|294\/432
|
|-heal|p1a: Amoonguss|321\/432|[from] item: Black Sludge
|turn|5
|
|move|p2a: Slifer|Substitute|p2a: Slifer
|-start|p2a: Slifer|Substitute
|-damage|p2a: Slifer|267\/355
|move|p1a: Amoonguss|Spore|p2a: Slifer
|
|-heal|p1a: Amoonguss|348\/432|[from] item: Black Sludge
|turn|6
|
|move|p2a: Slifer|Dragon Dance|p2a: Slifer
|-boost|p2a: Slifer|atk|1
|-boost|p2a: Slifer|spe|1
|move|p1a: Amoonguss|Giga Drain|p2a: Slifer
|-activate|p2a: Slifer|Substitute|[damage]
|-heal|p1a: Amoonguss|389\/432|[from] drain|[of] p2a: Slifer
|
|-heal|p1a: Amoonguss|416\/432|[from] item: Black Sludge
|turn|7
|
|move|p2a: Slifer|Dragon Dance|p2a: Slifer
|-boost|p2a: Slifer|atk|1
|-boost|p2a: Slifer|spe|1
|move|p1a: Amoonguss|Giga Drain|p2a: Slifer
|-end|p2a: Slifer|Substitute
|-heal|p1a: Amoonguss|420\/432|[from] drain|[of] p2a: Slifer
|
|-heal|p1a: Amoonguss|432\/432|[from] item: Black Sludge
|turn|8
|
|move|p2a: Slifer|Substitute|p2a: Slifer
|-start|p2a: Slifer|Substitute
|-damage|p2a: Slifer|179\/355
|move|p1a: Amoonguss|Clear Smog|p2a: Slifer
|-activate|p2a: Slifer|Substitute|[damage]
|
|turn|9
|
|switch|p1a: Quagsire|Quagsire, F|394\/394
|move|p2a: Slifer|Earthquake|p1a: Quagsire
|-damage|p1a: Quagsire|303\/394
|
|-heal|p1a: Quagsire|327\/394|[from] item: Leftovers
|turn|10
|
|move|p2a: Slifer|Waterfall|p1a: Quagsire
|-crit|p1a: Quagsire
|-damage|p1a: Quagsire|147\/394
|move|p1a: Quagsire|Scald|p2a: Slifer
|-resisted|p2a: Slifer
|-end|p2a: Slifer|Substitute
|
|-heal|p1a: Quagsire|171\/394|[from] item: Leftovers
|turn|11
|
|move|p2a: Slifer|Substitute|p2a: Slifer
|-start|p2a: Slifer|Substitute
|-damage|p2a: Slifer|91\/355
|move|p1a: Quagsire|Recover|p1a: Quagsire
|-heal|p1a: Quagsire|368\/394
|
|-heal|p1a: Quagsire|392\/394|[from] item: Leftovers
|turn|12
|
|detailschange|p2a: Slifer|Gyarados-Mega, M, shiny
|-mega|p2a: Slifer|Gyarados|Gyaradosite
|-ability|p2a: Slifer|Mold Breaker
|move|p2a: Slifer|Waterfall|p1a: Quagsire
|-damage|p1a: Quagsire|133\/394
|move|p1a: Quagsire|Scald|p2a: Slifer
|-resisted|p2a: Slifer
|-activate|p2a: Slifer|Substitute|[damage]
|
|-heal|p1a: Quagsire|157\/394|[from] item: Leftovers
|turn|13
|
|move|p2a: Slifer|Earthquake|p1a: Quagsire
|-damage|p1a: Quagsire|0 fnt
|faint|p1a: Quagsire
|
|
|switch|p1a: Skarmory|Skarmory, F|334\/334
|turn|14
|
|move|p2a: Slifer|Waterfall|p1a: Skarmory
|-damage|p1a: Skarmory|142\/334
|move|p1a: Skarmory|Whirlwind|p2a: Slifer
|drag|p2a: Talonflame|Talonflame, F, shiny|297\/297
|
|turn|15
|
|switch|p1a: Chansey|Chansey, F|558\/704
|move|p2a: Talonflame|Flare Blitz|p1a: Chansey
|-damage|p1a: Chansey|318\/704
|-status|p1a: Chansey|brn
|-damage|p2a: Talonflame|218\/297|[from] recoil|[of] p1a: Chansey
|
|-heal|p2a: Talonflame|236\/297|[from] item: Leftovers
|-damage|p1a: Chansey|230\/704 brn|[from] brn
|turn|16
|
|move|p2a: Talonflame|Taunt|p1a: Chansey
|-start|p1a: Chansey|move: Taunt
|cant|p1a: Chansey|move: Taunt|Soft-Boiled
|
|-heal|p2a: Talonflame|254\/297|[from] item: Leftovers
|-damage|p1a: Chansey|142\/704 brn|[from] brn
|turn|17
|
|move|p2a: Talonflame|Flare Blitz|p1a: Chansey
|-damage|p1a: Chansey|0 fnt
|-damage|p2a: Talonflame|207\/297|[from] recoil|[of] p1a: Chansey
|faint|p1a: Chansey
|
|-heal|p2a: Talonflame|225\/297|[from] item: Leftovers
|
|switch|p1a: Amoonguss|Amoonguss, M|432\/432
|turn|18
|
|move|p2a: Talonflame|Taunt|p1a: Amoonguss
|-start|p1a: Amoonguss|move: Taunt
|cant|p1a: Amoonguss|move: Taunt|Spore
|
|-heal|p2a: Talonflame|243\/297|[from] item: Leftovers
|turn|19
|
|move|p2a: Talonflame|Swords Dance|p2a: Talonflame
|-boost|p2a: Talonflame|atk|2
|move|p1a: Amoonguss|Clear Smog|p2a: Talonflame
|-damage|p2a: Talonflame|177\/297
|-clearboost|p2a: Talonflame
|
|-heal|p2a: Talonflame|195\/297|[from] item: Leftovers
|turn|20
|
|move|p2a: Talonflame|Flare Blitz|p1a: Amoonguss
|-supereffective|p1a: Amoonguss
|-damage|p1a: Amoonguss|30\/432
|-damage|p2a: Talonflame|62\/297|[from] recoil|[of] p1a: Amoonguss
|move|p1a: Amoonguss|Clear Smog|p2a: Talonflame
|-damage|p2a: Talonflame|0 fnt
|-clearboost|p2a: Talonflame
|faint|p2a: Talonflame
|
|-heal|p1a: Amoonguss|57\/432|[from] item: Black Sludge
|-end|p1a: Amoonguss|move: Taunt
|
|switch|p2a: Slifer|Gyarados-Mega, M, shiny|91\/355
|-ability|p2a: Slifer|Mold Breaker
|turn|21
|
|move|p2a: Slifer|Earthquake|p1a: Amoonguss
|-damage|p1a: Amoonguss|0 fnt
|faint|p1a: Amoonguss
|
|
|switch|p1a: Skarmory|Skarmory, F|142\/334
|turn|22
|
|move|p2a: Slifer|Waterfall|p1a: Skarmory
|-damage|p1a: Skarmory|42\/334
|move|p1a: Skarmory|Brave Bird|p2a: Slifer
|-damage|p2a: Slifer|0 fnt
|-damage|p1a: Skarmory|12\/334|[from] recoil|[of] p2a: Slifer
|faint|p2a: Slifer
|
|
|switch|p2a: Madara|Kyurem-Black, shiny|225\/405 brn
|-ability|p2a: Madara|Teravolt
|turn|23
|
|move|p2a: Madara|Ice Beam|p1a: Skarmory
|-damage|p1a: Skarmory|0 fnt
|-damage|p2a: Madara|185\/405 brn|[from] item: Life Orb
|faint|p1a: Skarmory
|
|-damage|p2a: Madara|135\/405 brn|[from] brn
|
|switch|p1a: Bisharp|Bisharp, F|272\/272
|turn|24
|
|switch|p2a: Latias|Latias, F|301\/301
|move|p1a: Bisharp|Sucker Punch|p2a: Latias
|-fail|p2a: Latias
|
|turn|25
|
|move|p2a: Latias|Healing Wish|p2a: Latias
|faint|p2a: Latias
|move|p1a: Bisharp|Swords Dance|p1a: Bisharp
|-boost|p1a: Bisharp|atk|2
|
|
|switch|p2a: Madara|Kyurem-Black, shiny|135\/405 brn
|-heal|p2a: Madara|405\/405|[from] move: Healing Wish
|-ability|p2a: Madara|Teravolt
|turn|26
|
|move|p1a: Bisharp|Sucker Punch|p2a: Madara
|-damage|p2a: Madara|44\/405
|move|p2a: Madara|Earth Power|p1a: Bisharp
|-supereffective|p1a: Bisharp
|-damage|p1a: Bisharp|0 fnt
|-damage|p2a: Madara|4\/405|[from] item: Life Orb
|faint|p1a: Bisharp
|
|
|switch|p1a: Sableye|Sableye-Mega, M, shiny|144\/304
|turn|27
|c|âtoostrawng|motherfucking madara uchiha
|c|âtoostrawng|the real mvp right now
|
|move|p2a: Madara|Ice Beam|p1a: Sableye
|-damage|p1a: Sableye|0 fnt
|-damage|p2a: Madara|0 fnt|[from] item: Life Orb
|faint|p1a: Sableye
|faint|p2a: Madara
|
|win|toostrawng
|raw|Ladder updating...
|raw|Mewtwo927's rating: 1689 &rarr; <strong>1660<\/strong><br \/>(-29 for losing)
|raw|toostrawng's rating: 1527 &rarr; <strong>1556<\/strong><br \/>(+29 for winning)
|leave|Mewtwo927
|player|p1