|join|Mewtwo927
|join|Nemuru
|player|p1|Mewtwo927|27
|player|p2|Nemuru|84
|gametype|singles
|gen|6
|tier|OU
|rated
|clearpoke
|poke|p1|Chansey, F
|poke|p1|Gliscor, F
|poke|p1|Starmie
|poke|p1|Scizor, F
|poke|p1|Heatran, M
|poke|p1|Tangrowth, M
|poke|p2|Volcarona, F
|poke|p2|Tentacruel, F
|poke|p2|Umbreon, M
|poke|p2|Lopunny, F
|poke|p2|Alakazam, M
|poke|p2|Mamoswine, M
|rule|Swagger Clause: Swagger is banned
|rule|Baton Pass Clause: Limit one PokÃ©mon knowing Baton Pass
|rule|Sleep Clause Mod: Limit one foe put to sleep
|rule|Species Clause: Limit one of each PokÃ©mon
|rule|OHKO Clause: OHKO moves are banned
|rule|Moody Clause: Moody is banned
|rule|Evasion Moves Clause: Evasion moves are banned
|rule|Endless Battle Clause: Forcing endless battles is banned
|rule|HP Percentage Mod: HP is shown in percentages
|teampreview
|
|start
|switch|p1a: Heatran|Heatran, M|386\/386
|switch|p2a: Tentacruel|Tentacruel, F|361\/361
|turn|1
|
|move|p2a: Tentacruel|Knock Off|p1a: Heatran
|-damage|p1a: Heatran|341\/386
|-enditem|p1a: Heatran|Leftovers|[from] move: Knock Off|[of] p2a: Tentacruel
|move|p1a: Heatran|Stealth Rock|p2a: Tentacruel
|-sidestart|p2: Nemuru|move: Stealth Rock
|
|turn|2
|
|switch|p1a: Starmie|Starmie|311\/311
|move|p2a: Tentacruel|Scald|p1a: Starmie
|-resisted|p1a: Starmie
|-damage|p1a: Starmie|266\/311
|
|-heal|p1a: Starmie|285\/311|[from] item: Leftovers
|turn|3
|
|move|p1a: Starmie|Psyshock|p2a: Tentacruel
|-supereffective|p2a: Tentacruel
|-damage|p2a: Tentacruel|163\/361
|move|p2a: Tentacruel|Rapid Spin|p1a: Starmie
|-damage|p1a: Starmie|272\/311
|-sideend|p2: Nemuru|Stealth Rock|[from] move: Rapid Spin|[of] p2a: Tentacruel
|
|-heal|p1a: Starmie|291\/311|[from] item: Leftovers
|-heal|p2a: Tentacruel|185\/361|[from] item: Black Sludge
|turn|4
|
|switch|p1a: Gliscor|Gliscor, F|354\/354
|switch|p2a: Umbreon|Umbreon, M|394\/394
|
|-status|p1a: Gliscor|tox|[from] item: Toxic Orb
|turn|5
|
|move|p1a: Gliscor|Knock Off|p2a: Umbreon
|-resisted|p2a: Umbreon
|-damage|p2a: Umbreon|363\/394
|-enditem|p2a: Umbreon|Leftovers|[from] move: Knock Off|[of] p1a: Gliscor
|move|p2a: Umbreon|Wish|p2a: Umbreon
|
|turn|6
|
|switch|p2a: Mamoswine|Mamoswine, M|361\/361
|move|p1a: Gliscor|Earthquake|p2a: Mamoswine
|-damage|p2a: Mamoswine|214\/361
|
|-heal|p2a: Mamoswine|361\/361|[from] move: Wish|[wisher] Umbreon
|turn|7
|
|move|p2a: Mamoswine|Stealth Rock|p1a: Gliscor
|-sidestart|p1: Mewtwo927|move: Stealth Rock
|move|p1a: Gliscor|Knock Off|p2a: Mamoswine
|-damage|p2a: Mamoswine|277\/361
|-enditem|p2a: Mamoswine|Focus Sash|[from] move: Knock Off|[of] p1a: Gliscor
|
|turn|8
|
|switch|p1a: Scizor|Scizor, F|344\/344
|-damage|p1a: Scizor|301\/344|[from] Stealth Rock
|move|p2a: Mamoswine|Ice Shard|p1a: Scizor
|-resisted|p1a: Scizor
|-damage|p1a: Scizor|265\/344
|
|turn|9
|
|switch|p2a: Volcarona|Volcarona, F|373\/373
|detailschange|p1a: Scizor|Scizor-Mega, F
|-mega|p1a: Scizor|Scizor|Scizorite
|move|p1a: Scizor|Bullet Punch|p2a: Volcarona
|-resisted|p2a: Volcarona
|-damage|p2a: Volcarona|316\/373
|
|turn|10
|
|switch|p2a: Lopunny|Lopunny, F|271\/271
|switch|p1a: Heatran|Heatran, M|341\/386
|-damage|p1a: Heatran|293\/386|[from] Stealth Rock
|
|turn|11
|
|detailschange|p2a: Lopunny|Lopunny-Mega, F
|-mega|p2a: Lopunny|Lopunny|Lopunnite
|move|p1a: Heatran|Protect|p1a: Heatran
|-singleturn|p1a: Heatran|Protect
|move|p2a: Lopunny|High Jump Kick|p1a: Heatran
|-activate|p1a: Heatran|Protect
|-damage|p2a: Lopunny|136\/271|[from] highjumpkick
|
|turn|12
|
|switch|p1a: Gliscor|Gliscor, F|354\/354 tox
|-damage|p1a: Gliscor|310\/354 tox|[from] Stealth Rock
|move|p2a: Lopunny|Frustration|p1a: Gliscor
|-damage|p1a: Gliscor|196\/354 tox
|
|-heal|p1a: Gliscor|240\/354 tox|[from] ability: Poison Heal
|turn|13
|
|switch|p2a: Mamoswine|Mamoswine, M|277\/361
|move|p1a: Gliscor|Knock Off|p2a: Mamoswine
|-damage|p2a: Mamoswine|219\/361
|
|-heal|p1a: Gliscor|284\/354 tox|[from] ability: Poison Heal
|turn|14
|
|move|p1a: Gliscor|Protect|p1a: Gliscor
|-singleturn|p1a: Gliscor|Protect
|move|p2a: Mamoswine|Earthquake|p1a: Gliscor
|-immune|p1a: Gliscor|[msg]
|
|-heal|p1a: Gliscor|328\/354 tox|[from] ability: Poison Heal
|turn|15
|
|move|p2a: Mamoswine|Ice Shard|p1a: Gliscor
|-supereffective|p1a: Gliscor
|-damage|p1a: Gliscor|136\/354 tox
|move|p1a: Gliscor|Earthquake|p2a: Mamoswine
|-damage|p2a: Mamoswine|89\/361
|
|-heal|p1a: Gliscor|180\/354 tox|[from] ability: Poison Heal
|turn|16
|
|move|p1a: Gliscor|Protect|p1a: Gliscor
|-singleturn|p1a: Gliscor|Protect
|move|p2a: Mamoswine|Earthquake|p1a: Gliscor
|-immune|p1a: Gliscor|[msg]
|
|-heal|p1a: Gliscor|224\/354 tox|[from] ability: Poison Heal
|turn|17
|
|switch|p1a: Starmie|Starmie|291\/311
|-damage|p1a: Starmie|253\/311|[from] Stealth Rock
|move|p2a: Mamoswine|Ice Shard|p1a: Starmie
|-resisted|p1a: Starmie
|-damage|p1a: Starmie|211\/311
|
|-heal|p1a: Starmie|230\/311|[from] item: Leftovers
|turn|18
|
|switch|p2a: Umbreon|Umbreon, M|363\/394
|move|p1a: Starmie|Scald|p2a: Umbreon
|-damage|p2a: Umbreon|308\/394
|
|-heal|p1a: Starmie|249\/311|[from] item: Leftovers
|turn|19
|
|move|p1a: Starmie|Rapid Spin|p2a: Umbreon
|-damage|p2a: Umbreon|299\/394
|-sideend|p1: Mewtwo927|Stealth Rock|[from] move: Rapid Spin|[of] p1a: Starmie
|move|p2a: Umbreon|Wish|p2a: Umbreon
|
|-heal|p1a: Starmie|268\/311|[from] item: Leftovers
|turn|20
|
|move|p1a: Starmie|Scald|p2a: Umbreon
|-damage|p2a: Umbreon|244\/394
|move|p2a: Umbreon|Foul Play|p1a: Starmie
|-crit|p1a: Starmie
|-supereffective|p1a: Starmie
|-damage|p1a: Starmie|52\/311
|
|-heal|p2a: Umbreon|394\/394|[from] move: Wish|[wisher] Umbreon
|-heal|p1a: Starmie|71\/311|[from] item: Leftovers
|turn|21
|
|move|p1a: Starmie|Recover|p1a: Starmie
|-heal|p1a: Starmie|227\/311
|move|p2a: Umbreon|Foul Play|p1a: Starmie
|-supereffective|p1a: Starmie
|-damage|p1a: Starmie|77\/311
|
|-heal|p1a: Starmie|96\/311|[from] item: Leftovers
|turn|22
|
|switch|p1a: Heatran|Heatran, M|293\/386
|move|p2a: Umbreon|Foul Play|p1a: Heatran
|-crit|p1a: Heatran
|-damage|p1a: Heatran|160\/386
|
|turn|23
|
|move|p1a: Heatran|Stealth Rock|p2a: Umbreon
|-sidestart|p2: Nemuru|move: Stealth Rock
|move|p2a: Umbreon|Wish|p2a: Umbreon
|
|turn|24
|
|switch|p1a: Tangrowth|Tangrowth, M|404\/404
|switch|p2a: Tentacruel|Tentacruel, F|185\/361
|-damage|p2a: Tentacruel|140\/361|[from] Stealth Rock
|
|-heal|p2a: Tentacruel|337\/361|[from] move: Wish|[wisher] Umbreon
|-heal|p2a: Tentacruel|359\/361|[from] item: Black Sludge
|turn|25
|
|move|p2a: Tentacruel|Knock Off|p1a: Tangrowth
|-damage|p1a: Tangrowth|366\/404
|-enditem|p1a: Tangrowth|Assault Vest|[from] move: Knock Off|[of] p2a: Tentacruel
|move|p1a: Tangrowth|Knock Off|p2a: Tentacruel
|-damage|p2a: Tentacruel|291\/361
|-enditem|p2a: Tentacruel|Black Sludge|[from] move: Knock Off|[of] p1a: Tangrowth
|
|turn|26
|
|move|p2a: Tentacruel|Rapid Spin|p1a: Tangrowth
|-damage|p1a: Tangrowth|358\/404
|-sideend|p2: Nemuru|Stealth Rock|[from] move: Rapid Spin|[of] p2a: Tentacruel
|move|p1a: Tangrowth|Earthquake|p2a: Tentacruel
|-supereffective|p2a: Tentacruel
|-damage|p2a: Tentacruel|131\/361
|
|turn|27
|
|switch|p2a: Volcarona|Volcarona, F|316\/373
|move|p1a: Tangrowth|Earthquake|p2a: Volcarona
|-damage|p2a: Volcarona|232\/373
|
|turn|28
|
|switch|p2a: Alakazam|Alakazam, M|251\/251
|switch|p1a: Chansey|Chansey, F|704\/704
|
|turn|29
|
|move|p2a: Alakazam|Thunder Wave|p1a: Chansey
|-status|p1a: Chansey|par
|move|p1a: Chansey|Thunder Wave|p2a: Alakazam
|-status|p2a: Alakazam|par
|
|turn|30
|
|switch|p2a: Umbreon|Umbreon, M|394\/394
|move|p1a: Chansey|Seismic Toss|p2a: Umbreon
|-damage|p2a: Umbreon|294\/394
|
|turn|31
|
|move|p2a: Umbreon|Wish|p2a: Umbreon
|cant|p1a: Chansey|par
|
|turn|32
|
|switch|p2a: Tentacruel|Tentacruel, F|131\/361
|switch|p1a: Scizor|Scizor-Mega, F|265\/344
|
|-heal|p2a: Tentacruel|328\/361|[from] move: Wish|[wisher] Umbreon
|turn|33
|
|switch|p1a: Starmie|Starmie|96\/311
|move|p2a: Tentacruel|Scald|p1a: Starmie
|-resisted|p1a: Starmie
|-damage|p1a: Starmie|52\/311
|-status|p1a: Starmie|brn
|
|-heal|p1a: Starmie|71\/311 brn|[from] item: Leftovers
|-damage|p1a: Starmie|33\/311 brn|[from] brn
|turn|34
|
|switch|p2a: Umbreon|Umbreon, M|294\/394
|move|p1a: Starmie|Recover|p1a: Starmie
|-heal|p1a: Starmie|189\/311 brn
|
|-heal|p1a: Starmie|208\/311 brn|[from] item: Leftovers
|-damage|p1a: Starmie|170\/311 brn|[from] brn
|turn|35
|
|switch|p1a: Gliscor|Gliscor, F|224\/354 tox
|move|p2a: Umbreon|Heal Bell|p2a: Umbreon
|-cureteam|p2a: Umbreon|[from] move: HealBell
|
|-heal|p1a: Gliscor|268\/354 tox|[from] ability: Poison Heal
|turn|36
|
|move|p1a: Gliscor|Taunt|p2a: Umbreon
|-start|p2a: Umbreon|move: Taunt
|move|p2a: Umbreon|Foul Play|p1a: Gliscor
|-damage|p1a: Gliscor|199\/354 tox
|
|-heal|p1a: Gliscor|243\/354 tox|[from] ability: Poison Heal
|turn|37
|
|switch|p2a: Tentacruel|Tentacruel, F|328\/361
|move|p1a: Gliscor|Earthquake|p2a: Tentacruel
|-supereffective|p2a: Tentacruel
|-damage|p2a: Tentacruel|100\/361
|
|-heal|p1a: Gliscor|287\/354 tox|[from] ability: Poison Heal
|turn|38
|
|move|p2a: Tentacruel|Scald|p1a: Gliscor
|-supereffective|p1a: Gliscor
|-damage|p1a: Gliscor|105\/354 tox
|move|p1a: Gliscor|Earthquake|p2a: Tentacruel
|-supereffective|p2a: Tentacruel
|-damage|p2a: Tentacruel|0 fnt
|faint|p2a: Tentacruel
|
|-heal|p1a: Gliscor|149\/354 tox|[from] ability: Poison Heal
|
|switch|p2a: Alakazam|Alakazam, M|251\/251
|turn|39
|
|move|p1a: Gliscor|Protect|p1a: Gliscor
|-singleturn|p1a: Gliscor|Protect
|move|p2a: Alakazam|Psychic|p1a: Gliscor
|-activate|p1a: Gliscor|Protect
|
|-heal|p1a: Gliscor|193\/354 tox|[from] ability: Poison Heal
|turn|40
|
|switch|p1a: Chansey|Chansey, F|704\/704
|move|p2a: Alakazam|Psychic|p1a: Chansey
|-damage|p1a: Chansey|601\/704
|
|turn|41
|
|switch|p2a: Umbreon|Umbreon, M|294\/394
|move|p1a: Chansey|Wish|p1a: Chansey
|
|turn|42
|
|switch|p1a: Heatran|Heatran, M|160\/386
|move|p2a: Umbreon|Wish|p2a: Umbreon
|
|-heal|p1a: Heatran|386\/386|[from] move: Wish|[wisher] Chansey
|turn|43
|
|move|p1a: Heatran|Toxic|p2a: Umbreon
|-status|p2a: Umbreon|tox
|move|p2a: Umbreon|Foul Play|p1a: Heatran
|-damage|p1a: Heatran|307\/386
|
|-heal|p2a: Umbreon|394\/394 tox|[from] move: Wish|[wisher] Umbreon
|-damage|p2a: Umbreon|370\/394 tox|[from] psn
|turn|44
|
|move|p1a: Heatran|Stealth Rock|p2a: Umbreon
|-sidestart|p2: Nemuru|move: Stealth Rock
|move|p2a: Umbreon|Wish|p2a: Umbreon
|
|-damage|p2a: Umbreon|322\/394 tox|[from] psn
|turn|45
|
|switch|p2a: Volcarona|Volcarona, F|232\/373
|-damage|p2a: Volcarona|46\/373|[from] Stealth Rock
|move|p1a: Heatran|Lava Plume|p2a: Volcarona
|-damage|p2a: Volcarona|0 fnt
|faint|p2a: Volcarona
|
|
|switch|p2a: Alakazam|Alakazam, M|251\/251
|turn|46
|
|switch|p1a: Chansey|Chansey, F|601\/704
|move|p2a: Alakazam|Focus Blast|p1a: Chansey|[miss]
|-miss|p2a: Alakazam|p1a: Chansey
|
|turn|47
|
|move|p2a: Alakazam|Thunder Wave|p1a: Chansey
|-status|p1a: Chansey|par
|move|p1a: Chansey|Seismic Toss|p2a: Alakazam
|-damage|p2a: Alakazam|151\/251
|
|turn|48
|
|switch|p2a: Mamoswine|Mamoswine, M|89\/361
|-damage|p2a: Mamoswine|44\/361|[from] Stealth Rock
|move|p1a: Chansey|Seismic Toss|p2a: Mamoswine
|-damage|p2a: Mamoswine|0 fnt
|faint|p2a: Mamoswine
|
|
|switch|p2a: Lopunny|Lopunny-Mega, F|136\/271
|-damage|p2a: Lopunny|120\/271|[from] Stealth Rock
|turn|49
|
|switch|p1a: Tangrowth|Tangrowth, M|404\/404
|move|p2a: Lopunny|Substitute|p2a: Lopunny
|-start|p2a: Lopunny|Substitute
|-damage|p2a: Lopunny|53\/271
|
|turn|50
|
|move|p2a: Lopunny|Power-Up Punch|p1a: Tangrowth
|-damage|p1a: Tangrowth|347\/404
|-boost|p2a: Lopunny|atk|1
|move|p1a: Tangrowth|Giga Drain|p2a: Lopunny
|-end|p2a: Lopunny|Substitute
|-heal|p1a: Tangrowth|381\/404|[from] drain|[of] p2a: Lopunny
|
|turn|51
|
|move|p2a: Lopunny|High Jump Kick|p1a: Tangrowth
|-damage|p1a: Tangrowth|84\/404
|move|p1a: Tangrowth|Giga Drain|p2a: Lopunny
|-crit|p2a: Lopunny
|-damage|p2a: Lopunny|0 fnt
|-heal|p1a: Tangrowth|111\/404|[from] drain|[of] p2a: Lopunny
|faint|p2a: Lopunny
|
|
|switch|p2a: Alakazam|Alakazam, M|151\/251
|turn|52
|
|switch|p1a: Chansey|Chansey, F|601\/704
|move|p2a: Alakazam|Psychic|p1a: Chansey
|-damage|p1a: Chansey|496\/704
|
|turn|53
|
|move|p2a: Alakazam|Focus Blast|p1a: Chansey
|-supereffective|p1a: Chansey
|-damage|p1a: Chansey|292\/704
|move|p1a: Chansey|Seismic Toss|p2a: Alakazam
|-damage|p2a: Alakazam|51\/251
|
|turn|54
|
|move|p2a: Alakazam|Thunder Wave|p1a: Chansey
|-status|p1a: Chansey|par
|move|p1a: Chansey|Soft-Boiled|p1a: Chansey
|-heal|p1a: Chansey|644\/704 par
|
|turn|55
|
|move|p2a: Alakazam|Focus Blast|p1a: Chansey|[miss]
|-miss|p2a: Alakazam|p1a: Chansey
|move|p1a: Chansey|Seismic Toss|p2a: Alakazam
|-damage|p2a: Alakazam|0 fnt
|faint|p2a: Alakazam
|
|
|switch|p2a: Umbreon|Umbreon, M|322\/394 tox
|-damage|p2a: Umbreon|273\/394 tox|[from] Stealth Rock
|turn|56
|c|âMewtwo927|gg
|
|switch|p1a: Heatran|Heatran, M|307\/386
|move|p2a: Umbreon|Heal Bell|p2a: Umbreon
|-cureteam|p2a: Umbreon|[from] move: HealBell
|
|turn|57
|
|move|p1a: Heatran|Lava Plume|p2a: Umbreon
|-crit|p2a: Umbreon
|-damage|p2a: Umbreon|162\/394
|move|p2a: Umbreon|Wish|p2a: Umbreon
|
|turn|58
|
|move|p1a: Heatran|Toxic|p2a: Umbreon
|-status|p2a: Umbreon|tox
|move|p2a: Umbreon|Foul Play|p1a: Heatran
|-damage|p1a: Heatran|223\/386
|
|-heal|p2a: Umbreon|359\/394 tox|[from] move: Wish|[wisher] Umbreon
|-damage|p2a: Umbreon|335\/394 tox|[from] psn
|turn|59
|
|switch|p1a: Gliscor|Gliscor, F|193\/354 tox
|move|p2a: Umbreon|Heal Bell|p2a: Umbreon
|-cureteam|p2a: Umbreon|[from] move: HealBell
|
|-heal|p1a: Gliscor|237\/354 tox|[from] ability: Poison Heal
|turn|60
|
|move|p1a: Gliscor|Taunt|p2a: Umbreon
|-start|p2a: Umbreon|move: Taunt
|move|p2a: Umbreon|Foul Play|p1a: Gliscor
|-damage|p1a: Gliscor|170\/354 tox
|
|-heal|p1a: Gliscor|214\/354 tox|[from] ability: Poison Heal
|turn|61
|
|move|p1a: Gliscor|Protect|p1a: Gliscor
|-singleturn|p1a: Gliscor|Protect
|move|p2a: Umbreon|Foul Play|p1a: Gliscor
|-activate|p1a: Gliscor|Protect
|
|-heal|p1a: Gliscor|258\/354 tox|[from] ability: Poison Heal
|turn|62
|
|move|p1a: Gliscor|Earthquake|p2a: Umbreon
|-damage|p2a: Umbreon|232\/394
|move|p2a: Umbreon|Foul Play|p1a: Gliscor
|-damage|p1a: Gliscor|186\/354 tox
|
|-heal|p1a: Gliscor|230\/354 tox|[from] ability: Poison Heal
|-end|p2a: Umbreon|move: Taunt
|turn|63
|
|move|p1a: Gliscor|Taunt|p2a: Umbreon
|-start|p2a: Umbreon|move: Taunt
|cant|p2a: Umbreon|move: Taunt|Wish
|
|-heal|p1a: Gliscor|274\/354 tox|[from] ability: Poison Heal
|turn|64
|
|move|p1a: Gliscor|Earthquake|p2a: Umbreon
|-damage|p2a: Umbreon|126\/394
|move|p2a: Umbreon|Foul Play|p1a: Gliscor
|-damage|p1a: Gliscor|201\/354 tox
|
|-heal|p1a: Gliscor|245\/354 tox|[from] ability: Poison Heal
|turn|65
|
|move|p1a: Gliscor|Earthquake|p2a: Umbreon
|-damage|p2a: Umbreon|23\/394
|move|p2a: Umbreon|Foul Play|p1a: Gliscor
|-damage|p1a: Gliscor|175\/354 tox
|
|-heal|p1a: Gliscor|219\/354 tox|[from] ability: Poison Heal
|-end|p2a: Umbreon|move: Taunt
|turn|66
|
|move|p1a: Gliscor|Earthquake|p2a: Umbreon
|-damage|p2a: Umbreon|0 fnt
|faint|p2a: Umbreon
|
|win|Mewtwo927
|raw|Ladder updating...
|raw|Mewtwo927's rating: 1467 &rarr; <strong>1484<\/strong><br \/>(+17 for winning)
|raw|Nemuru's rating: 1419 &rarr; <strong>1402<\/strong><br \/>(-17 for losing)
|leave|Nemuru