|join|Schubbi
|join|lilsislucy
|player|p1|Schubbi|234
|player|p2|lilsislucy|79
|gametype|singles
|gen|6
|tier|UU
|rated
|rule|Sleep Clause Mod: Limit one foe put to sleep
|rule|Species Clause: Limit one of each PokÃ©mon
|rule|OHKO Clause: OHKO moves are banned
|rule|Moody Clause: Moody is banned
|rule|Evasion Moves Clause: Evasion moves are banned
|rule|Endless Battle Clause: Forcing endless battles is banned
|rule|HP Percentage Mod: HP is reported as percentages
|clearpoke
|poke|p1|Lucario, F
|poke|p1|Nidoking, M
|poke|p1|Flygon, F
|poke|p1|Mew
|poke|p1|Heracross, M
|poke|p1|Houndoom, M
|poke|p2|Galvantula, F
|poke|p2|Metagross
|poke|p2|Sigilyph, F
|poke|p2|Miltank, F
|poke|p2|Cofagrigus, M
|poke|p2|Xatu, F
|rule|Swagger Clause: Swagger is banned
|rule|Baton Pass Clause: Limit one PokÃ©mon knowing Baton Pass
|teampreview
|
|start
|switch|p1a: Mew|Mew|404\/404
|switch|p2a: Metagross|Metagross|364\/364
|turn|1
|
|switch|p2a: Xatu|Xatu, F|301\/301
|move|p1a: Mew|Stealth Rock|p2a: Xatu
|move|p2a: Xatu|Stealth Rock|p1a: Mew|[from]Magic Bounce
|-sidestart|p1: Schubbi|move: Stealth Rock
|
|turn|2
|
|move|p1a: Mew|Defog|p2a: Xatu
|move|p2a: Xatu|Defog|p1a: Mew|[from]Magic Bounce
|-unboost|p1a: Mew|evasion|1
|-sideend|p1: Schubbi|Stealth Rock|[from] move: Defog|[of] p1a: Mew
|move|p2a: Xatu|Toxic|p1a: Mew
|-status|p1a: Mew|tox
|-status|p2a: Xatu|tox
|
|-damage|p1a: Mew|379\/404 tox|[from] psn
|-damage|p2a: Xatu|283\/301 tox|[from] psn
|turn|3
|
|move|p1a: Mew|U-turn|p2a: Xatu
|-damage|p2a: Xatu|219\/301 tox
|
|switch|p1a: Houndoom|Houndoom, M|291\/291
|move|p2a: Xatu|Confuse Ray|p1a: Houndoom
|-start|p1a: Houndoom|confusion
|
|-heal|p2a: Xatu|237\/301 tox|[from] item: Leftovers
|-damage|p2a: Xatu|201\/301 tox|[from] psn
|turn|4
|
|switch|p2a: Sigilyph|Sigilyph, F|348\/348
|detailschange|p1a: Houndoom|Houndoom-Mega, M
|message|Houndoom has Mega Evolved into Mega Houndoom!
|-activate|p1a: Houndoom|confusion
|-damage|p1a: Houndoom|263\/291|[from] confusion
|
|-status|p2a: Sigilyph|brn|[from] item: Flame Orb
|turn|5
|
|-end|p1a: Houndoom|confusion
|move|p1a: Houndoom|Dark Pulse|p2a: Sigilyph
|-supereffective|p2a: Sigilyph
|-damage|p2a: Sigilyph|108\/348 brn
|cant|p2a: Sigilyph|flinch
|
|turn|6
|
|move|p1a: Houndoom|Dark Pulse|p2a: Sigilyph
|-supereffective|p2a: Sigilyph
|-damage|p2a: Sigilyph|0 fnt
|faint|p2a: Sigilyph
|
|
|switch|p2a: Metagross|Metagross|364\/364
|turn|7
|
|switch|p1a: Heracross|Heracross, M|301\/301
|move|p2a: Metagross|Earthquake|p1a: Heracross
|-resisted|p1a: Heracross
|-damage|p1a: Heracross|215\/301
|
|turn|8
|
|move|p1a: Heracross|Knock Off|p2a: Metagross
|-supereffective|p2a: Metagross
|-damage|p2a: Metagross|116\/364
|-enditem|p2a: Metagross|Assault Vest|[from] move: Knock Off|[of] p1a: Heracross
|move|p2a: Metagross|Meteor Mash|p1a: Heracross
|-damage|p1a: Heracross|1\/301
|-boost|p2a: Metagross|atk|1
|
|turn|9
|
|switch|p1a: Houndoom|Houndoom-Mega, M|263\/291
|move|p2a: Metagross|Bullet Punch|p1a: Houndoom
|-resisted|p1a: Houndoom
|-damage|p1a: Houndoom|193\/291
|
|turn|10
|
|switch|p2a: Miltank|Miltank, F|394\/394
|move|p1a: Houndoom|Dark Pulse|p2a: Miltank
|-damage|p2a: Miltank|207\/394
|
|-heal|p2a: Miltank|231\/394|[from] item: Leftovers
|turn|11
|
|switch|p1a: Mew|Mew|379\/404 tox
|move|p2a: Miltank|Milk Drink|p2a: Miltank
|-heal|p2a: Miltank|394\/394
|
|-heal|p1a: Mew|404\/404 tox|[from] item: Leftovers
|-damage|p1a: Mew|379\/404 tox|[from] psn
|turn|12
|
|move|p1a: Mew|U-turn|p2a: Miltank
|-damage|p2a: Miltank|357\/394
|
|switch|p1a: Heracross|Heracross, M|1\/301
|move|p2a: Miltank|Heal Bell|p2a: Miltank
|-cureteam|p2a: Miltank|[from] move: HealBell
|
|-heal|p2a: Miltank|381\/394|[from] item: Leftovers
|turn|13
|
|switch|p2a: Cofagrigus|Cofagrigus, M|320\/320
|move|p1a: Heracross|Knock Off|p2a: Cofagrigus
|-supereffective|p2a: Cofagrigus
|-damage|p2a: Cofagrigus|148\/320
|-endability|p1a: Heracross|guts|[from] Mummy
|-ability|p1a: Heracross|Mummy|[from] Mummy
|-enditem|p2a: Cofagrigus|Leftovers|[from] move: Knock Off|[of] p1a: Heracross
|
|turn|14
|
|switch|p1a: Houndoom|Houndoom-Mega, M|193\/291
|move|p2a: Cofagrigus|Knock Off|p1a: Houndoom
|-resisted|p1a: Houndoom
|-damage|p1a: Houndoom|178\/291
|
|turn|15
|
|switch|p2a: Miltank|Miltank, F|381\/394
|move|p1a: Houndoom|Nasty Plot|p1a: Houndoom
|-boost|p1a: Houndoom|spa|2
|
|-heal|p2a: Miltank|394\/394|[from] item: Leftovers
|turn|16
|
|move|p1a: Houndoom|Dark Pulse|p2a: Miltank
|-damage|p2a: Miltank|0 fnt
|faint|p2a: Miltank
|
|
|switch|p2a: Xatu|Xatu, F|201\/301
|turn|17
|
|move|p1a: Houndoom|Dark Pulse|p2a: Xatu
|-supereffective|p2a: Xatu
|-damage|p2a: Xatu|0 fnt
|faint|p2a: Xatu
|
|
|switch|p2a: Galvantula|Galvantula, F|281\/281
|turn|18
|
|move|p1a: Houndoom|Flamethrower|p2a: Galvantula
|-supereffective|p2a: Galvantula
|-damage|p2a: Galvantula|0 fnt
|faint|p2a: Galvantula
|
|
|switch|p2a: Metagross|Metagross|116\/364
|turn|19
|
|move|p2a: Metagross|Bullet Punch|p1a: Houndoom
|-resisted|p1a: Houndoom
|-damage|p1a: Houndoom|130\/291
|move|p1a: Houndoom|Dark Pulse|p2a: Metagross
|-supereffective|p2a: Metagross
|-damage|p2a: Metagross|0 fnt
|faint|p2a: Metagross
|
|
|switch|p2a: Cofagrigus|Cofagrigus, M|148\/320
|turn|20
|
|move|p1a: Houndoom|Dark Pulse|p2a: Cofagrigus
|-supereffective|p2a: Cofagrigus
|-damage|p2a: Cofagrigus|0 fnt
|faint|p2a: Cofagrigus
|
|win|Schubbi
|raw|Ladder updating...
|raw|Schubbi's rating: 1235 &rarr; <strong>1254<\/strong><br \/>(+19 for winning)
|raw|lilsislucy's rating: 1143 &rarr; <strong>1125<\/strong><br \/>(-18 for losing)
|leave|lilsislucy
|player|p2