|join|ThaPowerrrr
|join|Schubbi
|player|p1|ThaPowerrrr|247
|player|p2|Schubbi|234
|gametype|singles
|gen|6
|tier|UU
|rated
|rule|Sleep Clause Mod: Limit one foe put to sleep
|rule|Species Clause: Limit one of each PokÃ©mon
|rule|OHKO Clause: OHKO moves are banned
|rule|Moody Clause: Moody is banned
|rule|Evasion Moves Clause: Evasion moves are banned
|rule|Endless Battle Clause: Forcing endless battles is banned
|rule|HP Percentage Mod: HP is reported as percentages
|clearpoke
|poke|p1|Darmanitan, M
|poke|p1|Swampert, M
|poke|p1|Chandelure, M, shiny
|poke|p1|Lucario, F, shiny
|poke|p1|Honchkrow, F, shiny
|poke|p1|Raikou
|poke|p2|Lucario, M
|poke|p2|Nidoking, M
|poke|p2|Flygon, F
|poke|p2|Mew
|poke|p2|Heracross, F
|poke|p2|Houndoom, F
|rule|Swagger Clause: Swagger is banned
|rule|Baton Pass Clause: Limit one PokÃ©mon knowing Baton Pass
|teampreview
|
|start
|switch|p1a: Swampert|Swampert, M|404\/404
|switch|p2a: Pink Rat|Mew|404\/404
|turn|1
|
|switch|p2a: Heracross|Heracross, F|301\/301
|move|p1a: Swampert|Waterfall|p2a: Heracross
|-damage|p2a: Heracross|45\/301
|
|turn|2
|
|move|p2a: Heracross|Knock Off|p1a: Swampert
|-damage|p1a: Swampert|223\/404
|-enditem|p1a: Swampert|Choice Band|[from] move: Knock Off|[of] p2a: Heracross
|move|p1a: Swampert|Waterfall|p2a: Heracross
|-damage|p2a: Heracross|0 fnt
|faint|p2a: Heracross
|
|
|switch|p2a: Pink Rat|Mew|404\/404
|turn|3
|
|switch|p1a: Honchkrow|Honchkrow, F, shiny|342\/342
|move|p2a: Pink Rat|Stealth Rock|p1a: Honchkrow
|-sidestart|p1: ThaPowerrrr|move: Stealth Rock
|
|turn|4
|
|move|p2a: Pink Rat|Ice Beam|p1a: Honchkrow
|-supereffective|p1a: Honchkrow
|-damage|p1a: Honchkrow|110\/342
|move|p1a: Honchkrow|Pursuit|p2a: Pink Rat
|-supereffective|p2a: Pink Rat
|-damage|p2a: Pink Rat|240\/404
|-damage|p1a: Honchkrow|76\/342|[from] item: Life Orb
|
|-heal|p2a: Pink Rat|265\/404|[from] item: Leftovers
|turn|5
|
|move|p1a: Honchkrow|Sucker Punch|p2a: Pink Rat
|-supereffective|p2a: Pink Rat
|-damage|p2a: Pink Rat|0 fnt
|-damage|p1a: Honchkrow|42\/342|[from] item: Life Orb
|faint|p2a: Pink Rat
|-boost|p1a: Honchkrow|atk|1|[from] ability: Moxie
|
|
|switch|p2a: Dog of the Day|Lucario, M|281\/281
|turn|6
|
|move|p2a: Dog of the Day|Crunch|p1a: Honchkrow
|-resisted|p1a: Honchkrow
|-damage|p1a: Honchkrow|0 fnt
|-damage|p2a: Dog of the Day|253\/281|[from] item: Life Orb
|faint|p1a: Honchkrow
|
|
|switch|p1a: Darmanitan|Darmanitan, M|352\/352
|-damage|p1a: Darmanitan|264\/352|[from] Stealth Rock
|turn|7
|
|switch|p2a: Perma Glasses|Flygon, F|301\/301
|move|p1a: Darmanitan|Superpower|p2a: Perma Glasses
|-damage|p2a: Perma Glasses|121\/301
|-unboost|p1a: Darmanitan|atk|1
|-unboost|p1a: Darmanitan|def|1
|
|turn|8
|
|move|p1a: Darmanitan|Superpower|p2a: Perma Glasses
|-damage|p2a: Perma Glasses|6\/301
|-unboost|p1a: Darmanitan|atk|1
|-unboost|p1a: Darmanitan|def|1
|move|p2a: Perma Glasses|Earthquake|p1a: Darmanitan
|-supereffective|p1a: Darmanitan
|-damage|p1a: Darmanitan|0 fnt
|faint|p1a: Darmanitan
|
|
|switch|p1a: Lucario|Lucario, F, shiny|282\/282
|-damage|p1a: Lucario|274\/282|[from] Stealth Rock
|turn|9
|
|move|p1a: Lucario|Extreme Speed|p2a: Perma Glasses
|-damage|p2a: Perma Glasses|0 fnt
|-damage|p1a: Lucario|246\/282|[from] item: Life Orb
|faint|p2a: Perma Glasses
|
|
|switch|p2a: Destoroyah|Nidoking, M|304\/304
|turn|10
|
|move|p1a: Lucario|Extreme Speed|p2a: Destoroyah
|-damage|p2a: Destoroyah|170\/304
|-damage|p1a: Lucario|218\/282|[from] item: Life Orb
|move|p2a: Destoroyah|Earth Power|p1a: Lucario
|-supereffective|p1a: Lucario
|-damage|p1a: Lucario|0 fnt
|faint|p1a: Lucario
|
|
|switch|p1a: Swampert|Swampert, M|223\/404
|-damage|p1a: Swampert|198\/404|[from] Stealth Rock
|turn|11
|
|move|p2a: Destoroyah|Earth Power|p1a: Swampert
|-damage|p1a: Swampert|0 fnt
|faint|p1a: Swampert
|
|
|switch|p1a: Raikou|Raikou|322\/322
|-damage|p1a: Raikou|282\/322|[from] Stealth Rock
|-ability|p1a: Raikou|Pressure
|turn|12
|
|move|p1a: Raikou|Extrasensory|p2a: Destoroyah
|-supereffective|p2a: Destoroyah
|-damage|p2a: Destoroyah|0 fnt
|faint|p2a: Destoroyah
|
|
|switch|p2a: Dark Doge|Houndoom, F|291\/291
|turn|13
|
|switch|p1a: Chandelure|Chandelure, M, shiny|262\/262
|-damage|p1a: Chandelure|197\/262|[from] Stealth Rock
|detailschange|p2a: Dark Doge|Houndoom-Mega, F
|message|Houndoom has Mega Evolved into Mega Houndoom!
|move|p2a: Dark Doge|Dark Pulse|p1a: Chandelure
|-supereffective|p1a: Chandelure
|-damage|p1a: Chandelure|0 fnt
|faint|p1a: Chandelure
|
|
|switch|p1a: Raikou|Raikou|282\/322
|-damage|p1a: Raikou|242\/322|[from] Stealth Rock
|-ability|p1a: Raikou|Pressure
|turn|14
|
|move|p2a: Dark Doge|Sucker Punch|p1a: Raikou
|-damage|p1a: Raikou|146\/322
|move|p1a: Raikou|Thunderbolt|p2a: Dark Doge
|-damage|p2a: Dark Doge|50\/291
|
|turn|15
|
|move|p2a: Dark Doge|Sucker Punch|p1a: Raikou
|-damage|p1a: Raikou|46\/322
|move|p1a: Raikou|Thunderbolt|p2a: Dark Doge
|-damage|p2a: Dark Doge|0 fnt
|faint|p2a: Dark Doge
|
|
|switch|p2a: Dog of the Day|Lucario, M|253\/281
|turn|16
|chat|ThaPowerrrr|gg well played
|
|move|p2a: Dog of the Day|Extreme Speed|p1a: Raikou
|-damage|p1a: Raikou|0 fnt
|-damage|p2a: Dog of the Day|225\/281|[from] item: Life Orb
|faint|p1a: Raikou
|
|win|Schubbi
|raw|Ladder updating...
|raw|ThaPowerrrr's rating: 1312 &rarr; <strong>1293<\/strong><br \/>(-19 for losing)
|raw|Schubbi's rating: 1324 &rarr; <strong>1343<\/strong><br \/>(+19 for winning)
|leave|ThaPowerrrr
|player|p1
|chat|Schubbi|gg