|join|1001Nights
|join|Schubbi
|player|p1|1001Nights|256
|player|p2|Schubbi|234
|gametype|singles
|gen|6
|tier|UU
|rated
|rule|Sleep Clause Mod: Limit one foe put to sleep
|rule|Species Clause: Limit one of each PokÃ©mon
|rule|OHKO Clause: OHKO moves are banned
|rule|Moody Clause: Moody is banned
|rule|Evasion Moves Clause: Evasion moves are banned
|rule|Endless Battle Clause: Forcing endless battles is banned
|rule|HP Percentage Mod: HP is reported as percentages
|clearpoke
|poke|p1|Celebi, shiny
|poke|p1|Magneton, shiny
|poke|p1|Azelf
|poke|p1|Nidoqueen, F
|poke|p1|Yanmega, M
|poke|p1|Krookodile, F
|poke|p2|Lucario, M
|poke|p2|Nidoking, M
|poke|p2|Flygon, F
|poke|p2|Mew
|poke|p2|Heracross, F
|poke|p2|Houndoom, F
|rule|Swagger Clause: Swagger is banned
|rule|Baton Pass Clause: Limit three PokÃ©mon knowing Baton Pass
|teampreview
|
|start
|switch|p1a: Azelf|Azelf|354\/354
|switch|p2a: Perma Glasses|Flygon, F|301\/301
|turn|1
|
|move|p2a: Perma Glasses|U-turn|p1a: Azelf
|-supereffective|p1a: Azelf
|-damage|p1a: Azelf|132\/354
|
|switch|p2a: Mew|Mew|404\/404
|move|p1a: Azelf|Taunt|p2a: Mew
|-start|p2a: Mew|move: Taunt
|
|turn|2
|
|move|p1a: Azelf|Knock Off|p2a: Mew
|-supereffective|p2a: Mew
|-damage|p2a: Mew|258\/404
|-enditem|p2a: Mew|Leftovers|[from] move: Knock Off|[of] p1a: Azelf
|move|p2a: Mew|U-turn|p1a: Azelf
|-supereffective|p1a: Azelf
|-damage|p1a: Azelf|6\/354
|
|switch|p2a: Perma Glasses|Flygon, F|301\/301
|
|turn|3
|
|move|p2a: Perma Glasses|U-turn|p1a: Azelf
|-supereffective|p1a: Azelf
|-damage|p1a: Azelf|0 fnt
|faint|p1a: Azelf
|
|switch|p2a: Mew|Mew|258\/404
|
|
|switch|p1a: Yanmega|Yanmega, M|314\/314
|turn|4
|
|move|p1a: Yanmega|Bug Buzz|p2a: Mew
|-supereffective|p2a: Mew
|-damage|p2a: Mew|0 fnt
|faint|p2a: Mew
|
|-boost|p1a: Yanmega|spe|1|[from] ability: Speed Boost
|
|switch|p2a: Perma Glasses|Flygon, F|301\/301
|turn|5
|
|move|p2a: Perma Glasses|Stone Edge|p1a: Yanmega
|-supereffective|p1a: Yanmega
|-damage|p1a: Yanmega|0 fnt
|faint|p1a: Yanmega
|
|
|switch|p1a: Nidoqueen|Nidoqueen, F|384\/384
|turn|6
|
|switch|p2a: Heracross|Heracross, F|301\/301
|move|p1a: Nidoqueen|Ice Beam|p2a: Heracross
|-crit|p2a: Heracross
|-damage|p2a: Heracross|67\/301
|
|turn|7
|
|move|p2a: Heracross|Knock Off|p1a: Nidoqueen
|-damage|p1a: Nidoqueen|209\/384
|-enditem|p1a: Nidoqueen|Life Orb|[from] move: Knock Off|[of] p2a: Heracross
|move|p1a: Nidoqueen|Sludge Wave|p2a: Heracross
|-damage|p2a: Heracross|0 fnt
|faint|p2a: Heracross
|
|
|switch|p2a: Destoroyah|Nidoking, M|304\/304
|turn|8
|
|move|p2a: Destoroyah|Earth Power|p1a: Nidoqueen
|-supereffective|p1a: Nidoqueen
|-damage|p1a: Nidoqueen|0 fnt
|faint|p1a: Nidoqueen
|
|
|switch|p1a: Celebi|Celebi, shiny|341\/341
|turn|9
|
|move|p1a: Celebi|Zen Headbutt|p2a: Destoroyah
|-supereffective|p2a: Destoroyah
|-damage|p2a: Destoroyah|0 fnt
|-damage|p1a: Celebi|307\/341|[from] item: Life Orb
|faint|p2a: Destoroyah
|
|
|switch|p2a: Perma Glasses|Flygon, F|301\/301
|turn|10
|
|move|p1a: Celebi|Sucker Punch|p2a: Perma Glasses
|-crit|p2a: Perma Glasses
|-damage|p2a: Perma Glasses|118\/301
|-damage|p1a: Celebi|273\/341|[from] item: Life Orb
|move|p2a: Perma Glasses|U-turn|p1a: Celebi
|-crit|p1a: Celebi
|-supereffective|p1a: Celebi
|-damage|p1a: Celebi|0 fnt
|faint|p1a: Celebi
|
|switch|p2a: Houndoom|Houndoom, F|291\/291
|
|
|switch|p1a: Krookodile|Krookodile, F|332\/332
|turn|11
|
|detailschange|p2a: Houndoom|Houndoom-Mega, F
|message|Houndoom has Mega Evolved into Mega Houndoom!
|move|p1a: Krookodile|Superpower|p2a: Houndoom
|-supereffective|p2a: Houndoom
|-damage|p2a: Houndoom|23\/291
|-unboost|p1a: Krookodile|atk|1
|-unboost|p1a: Krookodile|def|1
|move|p2a: Houndoom|Flamethrower|p1a: Krookodile
|-damage|p1a: Krookodile|94\/332
|
|turn|12
|
|move|p1a: Krookodile|Superpower|p2a: Houndoom
|-supereffective|p2a: Houndoom
|-damage|p2a: Houndoom|0 fnt
|-unboost|p1a: Krookodile|atk|1
|-unboost|p1a: Krookodile|def|1
|faint|p2a: Houndoom
|-boost|p1a: Krookodile|atk|1|[from] ability: Moxie
|
|
|switch|p2a: Perma Glasses|Flygon, F|118\/301
|turn|13
|
|move|p1a: Krookodile|Superpower|p2a: Perma Glasses
|-damage|p2a: Perma Glasses|15\/301
|-unboost|p1a: Krookodile|atk|1
|-unboost|p1a: Krookodile|def|1
|move|p2a: Perma Glasses|Earthquake|p1a: Krookodile
|-damage|p1a: Krookodile|0 fnt
|faint|p1a: Krookodile
|
|
|switch|p1a: Magneton|Magneton, shiny|242\/242
|turn|14
|
|move|p2a: Perma Glasses|Earthquake|p1a: Magneton
|-crit|p1a: Magneton
|-supereffective|p1a: Magneton
|-damage|p1a: Magneton|0 fnt
|faint|p1a: Magneton
|
|win|Schubbi
|raw|Ladder updating...
|raw|1001Nights's rating: 1224 &rarr; <strong>1192<\/strong><br \/>(-32 for losing)
|raw|Schubbi's rating: 1123 &rarr; <strong>1155<\/strong><br \/>(+32 for winning)
|chat|1001Nights|gg
|leave|1001Nights
|player|p1
|chat|Schubbi|gg