|join|Mirado
|join|Schubbi
|player|p1|Mirado|238
|player|p2|Schubbi|101
|gametype|singles
|gen|6
|tier|UU
|rated
|rule|Sleep Clause Mod: Limit one foe put to sleep
|rule|Species Clause: Limit one of each PokÃ©mon
|rule|OHKO Clause: OHKO moves are banned
|rule|Moody Clause: Moody is banned
|rule|Evasion Moves Clause: Evasion moves are banned
|rule|Endless Battle Clause: Forcing endless battles is banned
|rule|HP Percentage Mod: HP is shown in percentages
|clearpoke
|poke|p1|Machamp, F
|poke|p1|Nidoking, M
|poke|p1|Honchkrow, M
|poke|p1|Trevenant, M
|poke|p1|Flygon, M
|poke|p1|Beedrill, F
|poke|p2|Pidgeot, M
|poke|p2|Lucario, M
|poke|p2|Forretress, F, shiny
|poke|p2|Swampert, F
|poke|p2|Florges, F
|poke|p2|Krookodile, M
|rule|Swagger Clause: Swagger is banned
|rule|Baton Pass Clause: Limit one PokÃ©mon knowing Baton Pass
|teampreview
|
|start
|switch|p1a: Beedrill|Beedrill, F|271\/271
|switch|p2a: DaBozzInDaHood|Pidgeot, M|307\/307
|turn|1
|
|detailschange|p2a: DaBozzInDaHood|Pidgeot-Mega, M
|message|Pidgeot has Mega Evolved into Mega Pidgeot!
|detailschange|p1a: Beedrill|Beedrill-Mega, F
|message|Beedrill has Mega Evolved into Mega Beedrill!
|move|p1a: Beedrill|Protect|p1a: Beedrill
|-singleturn|p1a: Beedrill|Protect
|move|p2a: DaBozzInDaHood|Hurricane|p1a: Beedrill
|-activate|p1a: Beedrill|Protect
|
|turn|2
|
|switch|p2a: Snitch|Forretress, F, shiny|354\/354
|move|p1a: Beedrill|U-turn|p2a: Snitch
|-resisted|p2a: Snitch
|-damage|p2a: Snitch|276\/354
|
|switch|p1a: Nidoking|Nidoking, M|303\/303
|
|-heal|p2a: Snitch|298\/354|[from] item: Leftovers
|turn|3
|
|switch|p2a: TeamPLAYER|Swampert, F|404\/404
|move|p1a: Nidoking|Flamethrower|p2a: TeamPLAYER
|-resisted|p2a: TeamPLAYER
|-damage|p2a: TeamPLAYER|325\/404
|
|-heal|p2a: TeamPLAYER|350\/404|[from] item: Leftovers
|turn|4
|
|switch|p1a: Trevenant|Trevenant, M|374\/374
|move|p2a: TeamPLAYER|Stealth Rock|p1a: Trevenant
|-sidestart|p1: Mirado|move: Stealth Rock
|
|-heal|p2a: TeamPLAYER|375\/404|[from] item: Leftovers
|turn|5
|
|switch|p2a: Snitch|Forretress, F, shiny|298\/354
|move|p1a: Trevenant|Wood Hammer|p2a: Snitch
|-resisted|p2a: Snitch
|-damage|p2a: Snitch|259\/354
|-damage|p1a: Trevenant|361\/374|[from] recoil|[of] p2a: Snitch
|
|-heal|p2a: Snitch|281\/354|[from] item: Leftovers
|turn|6
|
|switch|p1a: Flygon|Flygon, M|324\/324
|-damage|p1a: Flygon|304\/324|[from] Stealth Rock
|move|p2a: Snitch|Volt Switch|p1a: Flygon
|-immune|p1a: Flygon|[msg]
|
|-heal|p1a: Flygon|324\/324|[from] item: Leftovers
|-heal|p2a: Snitch|303\/354|[from] item: Leftovers
|turn|7
|
|switch|p2a: TeamPLAYER|Swampert, F|375\/404
|move|p1a: Flygon|Fire Punch|p2a: TeamPLAYER
|-resisted|p2a: TeamPLAYER
|-damage|p2a: TeamPLAYER|349\/404
|-status|p2a: TeamPLAYER|brn
|
|-heal|p2a: TeamPLAYER|374\/404 brn|[from] item: Leftovers
|-damage|p2a: TeamPLAYER|324\/404 brn|[from] brn
|turn|8
|
|move|p1a: Flygon|Defog|p2a: TeamPLAYER
|-unboost|p2a: TeamPLAYER|evasion|1
|-sideend|p1: Mirado|Stealth Rock|[from] move: Defog|[of] p1a: Flygon
|move|p2a: TeamPLAYER|Scald|p1a: Flygon
|-damage|p1a: Flygon|227\/324
|-status|p1a: Flygon|brn
|
|-heal|p1a: Flygon|247\/324 brn|[from] item: Leftovers
|-heal|p2a: TeamPLAYER|349\/404 brn|[from] item: Leftovers
|-damage|p1a: Flygon|207\/324 brn|[from] brn
|-damage|p2a: TeamPLAYER|299\/404 brn|[from] brn
|turn|9
|
|switch|p1a: Trevenant|Trevenant, M|361\/374
|switch|p2a: Florges|Florges, F|360\/360
|
|turn|10
|
|move|p2a: Florges|Aromatherapy|p2a: Florges
|-cureteam|p2a: Florges|[from] move: Aromatherapy
|move|p1a: Trevenant|Leech Seed|p2a: Florges
|-start|p2a: Florges|move: Leech Seed
|
|-damage|p2a: Florges|315\/360|[from] Leech Seed|[of] p1a: Trevenant
|-heal|p1a: Trevenant|374\/374|[silent]
|turn|11
|
|switch|p2a: DaBozzInDaHood|Pidgeot-Mega, M|307\/307
|move|p1a: Trevenant|Shadow Claw|p2a: DaBozzInDaHood
|-immune|p2a: DaBozzInDaHood|[msg]
|
|turn|12
|
|move|p2a: DaBozzInDaHood|Hurricane|p1a: Trevenant
|-supereffective|p1a: Trevenant
|-damage|p1a: Trevenant|0 fnt
|faint|p1a: Trevenant
|
|
|switch|p1a: Beedrill|Beedrill-Mega, F|271\/271
|turn|13
|
|switch|p2a: Snitch|Forretress, F, shiny|303\/354
|move|p1a: Beedrill|U-turn|p2a: Snitch
|-resisted|p2a: Snitch
|-damage|p2a: Snitch|220\/354
|
|switch|p1a: Nidoking|Nidoking, M|303\/303
|
|-heal|p2a: Snitch|242\/354|[from] item: Leftovers
|turn|14
|
|switch|p2a: Florges|Florges, F|315\/360
|move|p1a: Nidoking|Flamethrower|p2a: Florges
|-damage|p2a: Florges|233\/360
|
|-heal|p2a: Florges|255\/360|[from] item: Leftovers
|turn|15
|
|move|p1a: Nidoking|Sludge Wave|p2a: Florges
|-supereffective|p2a: Florges
|-damage|p2a: Florges|11\/360
|move|p2a: Florges|Wish|p2a: Florges
|
|-heal|p2a: Florges|33\/360|[from] item: Leftovers
|turn|16
|
|move|p2a: Florges|Protect|p2a: Florges
|-singleturn|p2a: Florges|Protect
|move|p1a: Nidoking|Flamethrower|p2a: Florges
|-activate|p2a: Florges|Protect
|
|-heal|p2a: Florges|213\/360|[from] move: Wish|[wisher] Florges
|-heal|p2a: Florges|235\/360|[from] item: Leftovers
|turn|17
|
|switch|p2a: Krookodile|Krookodile, M|331\/331
|-ability|p2a: Krookodile|Intimidate|[of] p1a: Nidoking
|-unboost|p1a: Nidoking|atk|1
|move|p1a: Nidoking|Sludge Wave|p2a: Krookodile
|-resisted|p2a: Krookodile
|-damage|p2a: Krookodile|180\/331
|
|turn|18
|
|move|p2a: Krookodile|Knock Off|p1a: Nidoking
|-damage|p1a: Nidoking|20\/303
|-enditem|p1a: Nidoking|Life Orb|[from] move: Knock Off|[of] p2a: Krookodile
|move|p1a: Nidoking|Ice Beam|p2a: Krookodile
|-supereffective|p2a: Krookodile
|-damage|p2a: Krookodile|0 fnt
|faint|p2a: Krookodile
|
|
|switch|p2a: DaBozzInDaHood|Pidgeot-Mega, M|307\/307
|turn|19
|
|move|p2a: DaBozzInDaHood|Hurricane|p1a: Nidoking
|-crit|p1a: Nidoking
|-damage|p1a: Nidoking|0 fnt
|faint|p1a: Nidoking
|
|
|switch|p1a: Beedrill|Beedrill-Mega, F|271\/271
|turn|20
|
|move|p1a: Beedrill|U-turn|p2a: DaBozzInDaHood
|-resisted|p2a: DaBozzInDaHood
|-damage|p2a: DaBozzInDaHood|179\/307
|
|switch|p1a: Flygon|Flygon, M|207\/324 brn
|move|p2a: DaBozzInDaHood|U-turn|p1a: Flygon
|-damage|p1a: Flygon|161\/324 brn
|
|switch|p2a: TeamPLAYER|Swampert, F|299\/404
|
|-heal|p1a: Flygon|181\/324 brn|[from] item: Leftovers
|-heal|p2a: TeamPLAYER|324\/404|[from] item: Leftovers
|-damage|p1a: Flygon|141\/324 brn|[from] brn
|turn|21
|
|move|p1a: Flygon|Fire Punch|p2a: TeamPLAYER
|-resisted|p2a: TeamPLAYER
|-damage|p2a: TeamPLAYER|310\/404
|move|p2a: TeamPLAYER|Stealth Rock|p1a: Flygon
|-sidestart|p1: Mirado|move: Stealth Rock
|
|-heal|p1a: Flygon|161\/324 brn|[from] item: Leftovers
|-heal|p2a: TeamPLAYER|335\/404|[from] item: Leftovers
|-damage|p1a: Flygon|121\/324 brn|[from] brn
|turn|22
|
|move|p1a: Flygon|Fire Punch|p2a: TeamPLAYER
|-resisted|p2a: TeamPLAYER
|-damage|p2a: TeamPLAYER|322\/404
|move|p2a: TeamPLAYER|Stealth Rock|p1a: Flygon
|-fail|p1a: Flygon
|
|-heal|p1a: Flygon|141\/324 brn|[from] item: Leftovers
|-heal|p2a: TeamPLAYER|347\/404|[from] item: Leftovers
|-damage|p1a: Flygon|101\/324 brn|[from] brn
|turn|23
|
|move|p1a: Flygon|Defog|p2a: TeamPLAYER
|-unboost|p2a: TeamPLAYER|evasion|1
|-sideend|p1: Mirado|Stealth Rock|[from] move: Defog|[of] p1a: Flygon
|move|p2a: TeamPLAYER|Stealth Rock|p1a: Flygon
|-sidestart|p1: Mirado|move: Stealth Rock
|
|-heal|p1a: Flygon|121\/324 brn|[from] item: Leftovers
|-heal|p2a: TeamPLAYER|372\/404|[from] item: Leftovers
|-damage|p1a: Flygon|81\/324 brn|[from] brn
|turn|24
|
|move|p1a: Flygon|Fire Punch|p2a: TeamPLAYER
|-resisted|p2a: TeamPLAYER
|-damage|p2a: TeamPLAYER|358\/404
|move|p2a: TeamPLAYER|Stealth Rock|p1a: Flygon
|-fail|p1a: Flygon
|
|-heal|p1a: Flygon|101\/324 brn|[from] item: Leftovers
|-heal|p2a: TeamPLAYER|383\/404|[from] item: Leftovers
|-damage|p1a: Flygon|61\/324 brn|[from] brn
|turn|25
|
|move|p1a: Flygon|Fire Punch|p2a: TeamPLAYER
|-resisted|p2a: TeamPLAYER
|-damage|p2a: TeamPLAYER|369\/404
|move|p2a: TeamPLAYER|Stealth Rock|p1a: Flygon
|-fail|p1a: Flygon
|
|-heal|p1a: Flygon|81\/324 brn|[from] item: Leftovers
|-heal|p2a: TeamPLAYER|394\/404|[from] item: Leftovers
|-damage|p1a: Flygon|41\/324 brn|[from] brn
|turn|26
|
|move|p1a: Flygon|Defog|p2a: TeamPLAYER
|-unboost|p2a: TeamPLAYER|evasion|1
|-sideend|p1: Mirado|Stealth Rock|[from] move: Defog|[of] p1a: Flygon
|move|p2a: TeamPLAYER|Stealth Rock|p1a: Flygon
|-sidestart|p1: Mirado|move: Stealth Rock
|
|-heal|p1a: Flygon|61\/324 brn|[from] item: Leftovers
|-heal|p2a: TeamPLAYER|404\/404|[from] item: Leftovers
|-damage|p1a: Flygon|21\/324 brn|[from] brn
|turn|27
|
|move|p1a: Flygon|Defog|p2a: TeamPLAYER
|-unboost|p2a: TeamPLAYER|evasion|1
|-sideend|p1: Mirado|Stealth Rock|[from] move: Defog|[of] p1a: Flygon
|move|p2a: TeamPLAYER|Stealth Rock|p1a: Flygon
|-sidestart|p1: Mirado|move: Stealth Rock
|
|-heal|p1a: Flygon|41\/324 brn|[from] item: Leftovers
|-damage|p1a: Flygon|1\/324 brn|[from] brn
|turn|28
|
|move|p1a: Flygon|Defog|p2a: TeamPLAYER
|-unboost|p2a: TeamPLAYER|evasion|1
|-sideend|p1: Mirado|Stealth Rock|[from] move: Defog|[of] p1a: Flygon
|move|p2a: TeamPLAYER|Stealth Rock|p1a: Flygon
|-sidestart|p1: Mirado|move: Stealth Rock
|
|-heal|p1a: Flygon|21\/324 brn|[from] item: Leftovers
|-damage|p1a: Flygon|0 fnt|[from] brn
|faint|p1a: Flygon
|
|switch|p1a: Machamp|Machamp, F|364\/364
|-damage|p1a: Machamp|342\/364|[from] Stealth Rock
|turn|29
|
|switch|p2a: Florges|Florges, F|235\/360
|move|p1a: Machamp|Knock Off|p2a: Florges
|-resisted|p2a: Florges
|-damage|p2a: Florges|153\/360
|-enditem|p2a: Florges|Leftovers|[from] move: Knock Off|[of] p1a: Machamp
|
|turn|30
|
|move|p2a: Florges|Wish|p2a: Florges
|move|p1a: Machamp|Dynamic Punch|p2a: Florges
|-crit|p2a: Florges
|-resisted|p2a: Florges
|-damage|p2a: Florges|0 fnt
|faint|p2a: Florges
|
|
|switch|p2a: DaBozzInDaHood|Pidgeot-Mega, M|179\/307
|turn|31
|
|move|p2a: DaBozzInDaHood|Hurricane|p1a: Machamp
|-supereffective|p1a: Machamp
|-damage|p1a: Machamp|54\/364
|move|p1a: Machamp|Stone Edge|p2a: DaBozzInDaHood
|-crit|p2a: DaBozzInDaHood
|-supereffective|p2a: DaBozzInDaHood
|-damage|p2a: DaBozzInDaHood|0 fnt
|faint|p2a: DaBozzInDaHood
|
|
|switch|p2a: Dog of the day|Lucario, M|281\/281
|turn|32
|
|move|p2a: Dog of the day|Extreme Speed|p1a: Machamp
|-damage|p1a: Machamp|0 fnt
|-damage|p2a: Dog of the day|253\/281|[from] item: Life Orb
|faint|p1a: Machamp
|
|
|switch|p1a: Beedrill|Beedrill-Mega, F|271\/271
|-damage|p1a: Beedrill|204\/271|[from] Stealth Rock
|turn|33
|
|move|p2a: Dog of the day|Extreme Speed|p1a: Beedrill
|-damage|p1a: Beedrill|0 fnt
|-damage|p2a: Dog of the day|225\/281|[from] item: Life Orb
|faint|p1a: Beedrill
|
|
|switch|p1a: Honchkrow|Honchkrow, M|341\/341
|-damage|p1a: Honchkrow|256\/341|[from] Stealth Rock
|turn|34
|c|âMirado|gg
|
|switch|p2a: TeamPLAYER|Swampert, F|404\/404
|move|p1a: Honchkrow|Brave Bird|p2a: TeamPLAYER
|-damage|p2a: TeamPLAYER|236\/404
|-damage|p1a: Honchkrow|201\/341|[from] recoil|[of] p2a: TeamPLAYER
|
|-heal|p2a: TeamPLAYER|261\/404|[from] item: Leftovers
|turn|35
|
|move|p1a: Honchkrow|Brave Bird|p2a: TeamPLAYER
|-damage|p2a: TeamPLAYER|87\/404
|-damage|p1a: Honchkrow|144\/341|[from] recoil|[of] p2a: TeamPLAYER
|move|p2a: TeamPLAYER|Scald|p1a: Honchkrow
|-damage|p1a: Honchkrow|0 fnt
|faint|p1a: Honchkrow
|
|win|Schubbi
|raw|Ladder updating...
|leave|Mirado
|player|p1
|raw|Mirado's rating: 1112 &rarr; <strong>1091<\/strong><br \/>(-21 for losing)
|raw|Schubbi's rating: 1155 &rarr; <strong>1177<\/strong><br \/>(+22 for winning)