|join|andrewricca
|join|Schubbi
|player|p1|andrewricca|2
|player|p2|Schubbi|234
|gametype|singles
|gen|6
|tier|UU
|rated
|rule|Sleep Clause Mod: Limit one foe put to sleep
|rule|Species Clause: Limit one of each PokÃ©mon
|rule|OHKO Clause: OHKO moves are banned
|rule|Moody Clause: Moody is banned
|rule|Evasion Moves Clause: Evasion moves are banned
|rule|Endless Battle Clause: Forcing endless battles is banned
|rule|HP Percentage Mod: HP is reported as percentages
|clearpoke
|poke|p1|Infernape, M
|poke|p1|Sigilyph, M
|poke|p1|Krookodile, M
|poke|p1|Metagross
|poke|p1|Ambipom, M
|poke|p1|Blastoise, F
|poke|p2|Lucario, M
|poke|p2|Nidoking, M
|poke|p2|Flygon, M
|poke|p2|Mew
|poke|p2|Heracross, F
|poke|p2|Houndoom, M
|rule|Swagger Clause: Swagger is banned
|rule|Baton Pass Clause: Limit one PokÃ©mon knowing Baton Pass
|teampreview
|
|start
|switch|p1a: Infernape|Infernape, M|293\/293
|switch|p2a: Perma Glasses|Flygon, M|301\/301
|turn|1
|join|flying torchic
|chat|flying torchic|hi
|
|move|p1a: Infernape|Fake Out|p2a: Perma Glasses
|-damage|p2a: Perma Glasses|249\/301
|cant|p2a: Perma Glasses|flinch
|
|turn|2
|leave|flying torchic
|
|switch|p1a: Blastoise|Blastoise, F|362\/362
|move|p2a: Perma Glasses|U-turn|p1a: Blastoise
|-damage|p1a: Blastoise|282\/362
|
|switch|p2a: Heracross|Heracross, F|301\/301
|
|turn|3
|
|detailschange|p1a: Blastoise|Blastoise-Mega, F
|message|Blastoise has Mega Evolved into Mega Blastoise!
|move|p2a: Heracross|Megahorn|p1a: Blastoise
|-damage|p1a: Blastoise|5\/362
|move|p1a: Blastoise|Scald|p2a: Heracross
|-damage|p2a: Heracross|147\/301
|
|turn|4
|
|move|p2a: Heracross|Megahorn|p1a: Blastoise|[miss]
|-miss|p2a: Heracross|p1a: Blastoise
|move|p1a: Blastoise|Scald|p2a: Heracross
|-damage|p2a: Heracross|0 fnt
|faint|p2a: Heracross
|
|
|switch|p2a: Pink Rat|Mew|404\/404
|turn|5
|
|move|p2a: Pink Rat|Stealth Rock|p1a: Blastoise
|-sidestart|p1: andrewricca|move: Stealth Rock
|move|p1a: Blastoise|Scald|p2a: Pink Rat
|-crit|p2a: Pink Rat
|-damage|p2a: Pink Rat|182\/404
|
|-heal|p2a: Pink Rat|207\/404|[from] item: Leftovers
|turn|6
|
|move|p2a: Pink Rat|Ice Beam|p1a: Blastoise
|-resisted|p1a: Blastoise
|-damage|p1a: Blastoise|0 fnt
|faint|p1a: Blastoise
|
|-heal|p2a: Pink Rat|232\/404|[from] item: Leftovers
|
|switch|p1a: Metagross|Metagross|315\/315
|-damage|p1a: Metagross|296\/315|[from] Stealth Rock
|turn|7
|
|move|p2a: Pink Rat|U-turn|p1a: Metagross
|-damage|p1a: Metagross|252\/315
|
|switch|p2a: Dark Doge|Houndoom, M|291\/291
|move|p1a: Metagross|Agility|p1a: Metagross
|-boost|p1a: Metagross|spe|2
|
|-heal|p1a: Metagross|271\/315|[from] item: Leftovers
|turn|8
|
|switch|p2a: Perma Glasses|Flygon, M|249\/301
|move|p1a: Metagross|Earthquake|p2a: Perma Glasses
|-immune|p2a: Perma Glasses|[msg]
|
|-heal|p1a: Metagross|290\/315|[from] item: Leftovers
|turn|9
|
|move|p2a: Perma Glasses|Earthquake|p1a: Metagross
|-supereffective|p1a: Metagross
|-damage|p1a: Metagross|50\/315
|move|p1a: Metagross|Zen Headbutt|p2a: Perma Glasses
|-damage|p2a: Perma Glasses|42\/301
|
|-heal|p1a: Metagross|69\/315|[from] item: Leftovers
|turn|10
|
|move|p2a: Perma Glasses|Earthquake|p1a: Metagross
|-supereffective|p1a: Metagross
|-damage|p1a: Metagross|0 fnt
|faint|p1a: Metagross
|
|
|switch|p1a: Sigilyph|Sigilyph, M|286\/286
|turn|11
|
|switch|p2a: Dark Doge|Houndoom, M|291\/291
|move|p1a: Sigilyph|Cosmic Power|p1a: Sigilyph
|-boost|p1a: Sigilyph|def|1
|-boost|p1a: Sigilyph|spd|1
|
|-status|p1a: Sigilyph|brn|[from] item: Flame Orb
|turn|12
|
|switch|p1a: Krookodile|Krookodile, M|331\/331
|-damage|p1a: Krookodile|311\/331|[from] Stealth Rock
|detailschange|p2a: Dark Doge|Houndoom-Mega, M
|message|Houndoom has Mega Evolved into Mega Houndoom!
|move|p2a: Dark Doge|Nasty Plot|p2a: Dark Doge
|-boost|p2a: Dark Doge|spa|2
|
|turn|13
|
|move|p2a: Dark Doge|Flamethrower|p1a: Krookodile
|-crit|p1a: Krookodile
|-damage|p1a: Krookodile|0 fnt
|faint|p1a: Krookodile
|
|
|switch|p1a: Ambipom|Ambipom, M|291\/291
|-damage|p1a: Ambipom|255\/291|[from] Stealth Rock
|turn|14
|
|move|p1a: Ambipom|Fake Out|p2a: Dark Doge
|-damage|p2a: Dark Doge|174\/291
|-damage|p1a: Ambipom|226\/291|[from] item: Life Orb
|cant|p2a: Dark Doge|flinch
|
|turn|15
|
|move|p1a: Ambipom|Return|p2a: Dark Doge
|-damage|p2a: Dark Doge|0 fnt
|-damage|p1a: Ambipom|197\/291|[from] item: Life Orb
|faint|p2a: Dark Doge
|
|
|switch|p2a: Perma Glasses|Flygon, M|42\/301
|turn|16
|
|move|p2a: Perma Glasses|Outrage|p1a: Ambipom
|-damage|p1a: Ambipom|0 fnt
|faint|p1a: Ambipom
|
|
|switch|p1a: Sigilyph|Sigilyph, M|286\/286 brn
|turn|17
|
|move|p2a: Perma Glasses|Outrage|p1a: Sigilyph
|-damage|p1a: Sigilyph|99\/286 brn
|move|p1a: Sigilyph|Cosmic Power|p1a: Sigilyph
|-boost|p1a: Sigilyph|def|1
|-boost|p1a: Sigilyph|spd|1
|
|-end|p2a: Perma Glasses|rampage
|-start|p2a: Perma Glasses|confusion
|turn|18
|
|switch|p2a: Destoroyah|Nidoking, M|304\/304
|move|p1a: Sigilyph|Roost|p1a: Sigilyph
|-heal|p1a: Sigilyph|242\/286 brn
|
|turn|19
|
|move|p2a: Destoroyah|Ice Beam|p1a: Sigilyph
|-supereffective|p1a: Sigilyph
|-damage|p1a: Sigilyph|96\/286 brn
|move|p1a: Sigilyph|Cosmic Power|p1a: Sigilyph
|-boost|p1a: Sigilyph|def|1
|-boost|p1a: Sigilyph|spd|1
|
|turn|20
|
|move|p2a: Destoroyah|Thunderbolt|p1a: Sigilyph
|-supereffective|p1a: Sigilyph
|-damage|p1a: Sigilyph|0 fnt
|faint|p1a: Sigilyph
|
|
|switch|p1a: Infernape|Infernape, M|293\/293
|-damage|p1a: Infernape|257\/293|[from] Stealth Rock
|turn|21
|
|move|p1a: Infernape|Fake Out|p2a: Destoroyah
|-damage|p2a: Destoroyah|252\/304
|cant|p2a: Destoroyah|flinch
|
|turn|22
|
|move|p1a: Infernape|Flare Blitz|p2a: Destoroyah
|-damage|p2a: Destoroyah|29\/304
|-damage|p1a: Infernape|183\/293|[from] recoil|[of] p2a: Destoroyah
|move|p2a: Destoroyah|Earth Power|p1a: Infernape
|-supereffective|p1a: Infernape
|-damage|p1a: Infernape|0 fnt
|faint|p1a: Infernape
|
|win|Schubbi
|raw|Ladder updating...
|raw|andrewricca's rating: 1291 &rarr; <strong>1265<\/strong><br \/>(-26 for losing)
|raw|Schubbi's rating: 1277 &rarr; <strong>1303<\/strong><br \/>(+26 for winning)
|chat|Schubbi|gg
|leave|andrewricca
|player|p1