|join|Johamm
|join|Schubbi
|player|p1|Johamm|238
|player|p2|Schubbi|234
|gametype|singles
|gen|6
|tier|UU
|rated
|rule|Sleep Clause Mod: Limit one foe put to sleep
|rule|Species Clause: Limit one of each PokÃ©mon
|rule|OHKO Clause: OHKO moves are banned
|rule|Moody Clause: Moody is banned
|rule|Evasion Moves Clause: Evasion moves are banned
|rule|Endless Battle Clause: Forcing endless battles is banned
|rule|HP Percentage Mod: HP is reported as percentages
|clearpoke
|poke|p1|Chatot, M
|poke|p1|Mienshao, F
|poke|p1|Galvantula, M
|poke|p1|Darmanitan, F
|poke|p1|Blissey, F
|poke|p1|Slowbro, F
|poke|p2|Lucario, F
|poke|p2|Nidoking, M
|poke|p2|Flygon, F
|poke|p2|Forretress, M
|poke|p2|Heracross, M
|poke|p2|Houndoom, M
|rule|Swagger Clause: Swagger is banned
|rule|Baton Pass Clause: Limit three PokÃ©mon knowing Baton Pass
|teampreview
|
|start
|switch|p1a: Slowbro|Slowbro, F|394\/394
|switch|p2a: Forretress|Forretress, M|354\/354
|turn|1
|
|move|p2a: Forretress|Stealth Rock|p1a: Slowbro
|-sidestart|p1: Johamm|move: Stealth Rock
|move|p1a: Slowbro|Scald|p2a: Forretress
|-damage|p2a: Forretress|212\/354
|
|-heal|p2a: Forretress|234\/354|[from] item: Leftovers
|turn|2
|
|move|p2a: Forretress|Spikes|p1a: Slowbro
|-sidestart|p1: Johamm|Spikes
|move|p1a: Slowbro|Calm Mind|p1a: Slowbro
|-boost|p1a: Slowbro|spa|1
|-boost|p1a: Slowbro|spd|1
|
|-heal|p2a: Forretress|256\/354|[from] item: Leftovers
|turn|3
|
|move|p2a: Forretress|Volt Switch|p1a: Slowbro
|-supereffective|p1a: Slowbro
|-damage|p1a: Slowbro|336\/394
|
|switch|p2a: Heracross|Heracross, M|301\/301
|move|p1a: Slowbro|Scald|p2a: Heracross
|-damage|p2a: Heracross|147\/301
|-status|p2a: Heracross|brn
|
|-heal|p1a: Slowbro|360\/394|[from] item: Leftovers
|-damage|p2a: Heracross|110\/301 brn|[from] brn
|turn|4
|
|move|p2a: Heracross|Megahorn|p1a: Slowbro
|-supereffective|p1a: Slowbro
|-damage|p1a: Slowbro|142\/394
|move|p1a: Slowbro|Psychic|p2a: Heracross
|-supereffective|p2a: Heracross
|-damage|p2a: Heracross|0 fnt
|faint|p2a: Heracross
|
|-heal|p1a: Slowbro|166\/394|[from] item: Leftovers
|
|switch|p2a: Houndoom|Houndoom, M|291\/291
|turn|5
|
|detailschange|p2a: Houndoom|Houndoom-Mega, M
|message|Houndoom has Mega Evolved into Mega Houndoom!
|move|p2a: Houndoom|Dark Pulse|p1a: Slowbro
|-supereffective|p1a: Slowbro
|-damage|p1a: Slowbro|0 fnt
|faint|p1a: Slowbro
|
|
|switch|p1a: Mienshao|Mienshao, F|271\/271
|-damage|p1a: Mienshao|255\/271|[from] Stealth Rock
|-damage|p1a: Mienshao|222\/271|[from] Spikes
|turn|6
|
|switch|p2a: Forretress|Forretress, M|256\/354
|move|p1a: Mienshao|Fake Out|p2a: Forretress
|-resisted|p2a: Forretress
|-damage|p2a: Forretress|239\/354
|-damage|p1a: Mienshao|195\/271|[from] item: Life Orb
|
|-heal|p2a: Forretress|261\/354|[from] item: Leftovers
|turn|7
|
|move|p1a: Mienshao|High Jump Kick|p2a: Forretress|[miss]
|-miss|p1a: Mienshao|p2a: Forretress
|-damage|p1a: Mienshao|60\/271|[from] highjumpkick
|move|p2a: Forretress|Volt Switch|p1a: Mienshao
|-damage|p1a: Mienshao|5\/271
|
|switch|p2a: Flygon|Flygon, F|301\/301
|
|turn|8
|
|move|p2a: Flygon|U-turn|p1a: Mienshao
|-resisted|p1a: Mienshao
|-damage|p1a: Mienshao|0 fnt
|faint|p1a: Mienshao
|
|switch|p2a: Lucario|Lucario, F|281\/281
|
|
|switch|p1a: Galvantula|Galvantula, M|281\/281
|-damage|p1a: Galvantula|211\/281|[from] Stealth Rock
|-damage|p1a: Galvantula|176\/281|[from] Spikes
|turn|9
|
|move|p1a: Galvantula|Sticky Web|p2a: Lucario
|-sidestart|p2: Schubbi|move: Sticky Web
|move|p2a: Lucario|Swords Dance|p2a: Lucario
|-boost|p2a: Lucario|atk|2
|
|turn|10
|
|move|p2a: Lucario|Extreme Speed|p1a: Galvantula
|-damage|p1a: Galvantula|0 fnt
|-damage|p2a: Lucario|253\/281|[from] item: Life Orb
|faint|p1a: Galvantula
|
|
|switch|p1a: Chatot|Chatot, M|294\/294
|-damage|p1a: Chatot|221\/294|[from] Stealth Rock
|turn|11
|
|move|p2a: Lucario|Extreme Speed|p1a: Chatot
|-damage|p1a: Chatot|0 fnt
|-damage|p2a: Lucario|225\/281|[from] item: Life Orb
|faint|p1a: Chatot
|
|
|switch|p1a: Darmanitan|Darmanitan, F|414\/414
|-damage|p1a: Darmanitan|311\/414|[from] Stealth Rock
|-damage|p1a: Darmanitan|260\/414|[from] Spikes
|turn|12
|
|move|p2a: Lucario|Extreme Speed|p1a: Darmanitan
|-damage|p1a: Darmanitan|0 fnt
|-damage|p2a: Lucario|197\/281|[from] item: Life Orb
|faint|p1a: Darmanitan
|
|-message|Johamm forfeited.
|
|win|Schubbi
|raw|Ladder updating...
|raw|Johamm's rating: 1105 &rarr; <strong>1077<\/strong><br \/>(-28 for losing)
|raw|Schubbi's rating: 1072 &rarr; <strong>1104<\/strong><br \/>(+32 for winning)
|leave|Johamm
|player|p1