|join|Arindam
|join|Schubbi
|player|p1|Arindam|25
|player|p2|Schubbi|234
|gametype|singles
|gen|6
|tier|UU
|rated
|rule|Sleep Clause Mod: Limit one foe put to sleep
|rule|Species Clause: Limit one of each PokÃ©mon
|rule|OHKO Clause: OHKO moves are banned
|rule|Moody Clause: Moody is banned
|rule|Evasion Moves Clause: Evasion moves are banned
|rule|Endless Battle Clause: Forcing endless battles is banned
|rule|HP Percentage Mod: HP is reported as percentages
|clearpoke
|poke|p1|Rotom-Heat
|poke|p1|Empoleon, M
|poke|p1|Blastoise, M
|poke|p1|Roserade, F
|poke|p1|Slowbro, F
|poke|p1|Honchkrow, F
|poke|p2|Lucario, F
|poke|p2|Nidoking, M
|poke|p2|Flygon, F
|poke|p2|Mew
|poke|p2|Heracross, F
|poke|p2|Houndoom, F
|rule|Swagger Clause: Swagger is banned
|rule|Baton Pass Clause: Limit one PokÃ©mon knowing Baton Pass
|teampreview
|
|start
|switch|p1a: Freeze!|Blastoise, M|362\/362
|switch|p2a: Heracross|Heracross, F|301\/301
|turn|1
|
|switch|p1a: Bake|Rotom-Heat|304\/304
|move|p2a: Heracross|Swords Dance|p2a: Heracross
|-boost|p2a: Heracross|atk|2
|
|turn|2
|
|switch|p2a: Dark Doge|Houndoom, F|291\/291
|move|p1a: Bake|Trick|p2a: Dark Doge
|-fail|p2a: Dark Doge
|
|turn|3
|
|switch|p1a: Happy Feet|Empoleon, M|372\/372
|detailschange|p2a: Dark Doge|Houndoom-Mega, F
|message|Houndoom has Mega Evolved into Mega Houndoom!
|move|p2a: Dark Doge|Nasty Plot|p2a: Dark Doge
|-boost|p2a: Dark Doge|spa|2
|
|turn|4
|
|move|p2a: Dark Doge|Dark Pulse|p1a: Happy Feet
|-damage|p1a: Happy Feet|98\/372
|move|p1a: Happy Feet|Roar|p2a: Dark Doge
|drag|p2a: Heracross|Heracross, F|301\/301
|
|-heal|p1a: Happy Feet|121\/372|[from] item: Leftovers
|turn|5
|
|move|p2a: Heracross|Knock Off|p1a: Happy Feet
|-damage|p1a: Happy Feet|16\/372
|-enditem|p1a: Happy Feet|Leftovers|[from] move: Knock Off|[of] p2a: Heracross
|move|p1a: Happy Feet|Roar|p2a: Heracross
|drag|p2a: Perma Glasses|Flygon, F|301\/301
|
|turn|6
|
|move|p2a: Perma Glasses|U-turn|p1a: Happy Feet
|-crit|p1a: Happy Feet
|-resisted|p1a: Happy Feet
|-damage|p1a: Happy Feet|0 fnt
|faint|p1a: Happy Feet
|
|switch|p2a: Pink Rat|Mew|404\/404
|
|
|switch|p1a: Bake|Rotom-Heat|304\/304
|turn|7
|
|move|p1a: Bake|Overheat|p2a: Pink Rat
|-damage|p2a: Pink Rat|170\/404
|-unboost|p1a: Bake|spa|2
|move|p2a: Pink Rat|Stealth Rock|p1a: Bake
|-sidestart|p1: Arindam|move: Stealth Rock
|
|-heal|p2a: Pink Rat|195\/404|[from] item: Leftovers
|turn|8
|
|switch|p1a: Freeze!|Blastoise, M|362\/362
|-damage|p1a: Freeze!|317\/362|[from] Stealth Rock
|switch|p2a: Dark Doge|Houndoom-Mega, F|291\/291
|
|turn|9
|
|switch|p2a: Heracross|Heracross, F|301\/301
|detailschange|p1a: Freeze!|Blastoise-Mega, M
|message|Blastoise has Mega Evolved into Mega Blastoise!
|move|p1a: Freeze!|Scald|p2a: Heracross
|-damage|p2a: Heracross|133\/301
|-status|p2a: Heracross|brn
|
|-heal|p2a: Heracross|151\/301 brn|[from] item: Leftovers
|-damage|p2a: Heracross|114\/301 brn|[from] brn
|turn|10
|
|move|p2a: Heracross|Close Combat|p1a: Freeze!
|-damage|p1a: Freeze!|28\/362
|-unboost|p2a: Heracross|def|1
|-unboost|p2a: Heracross|spd|1
|move|p1a: Freeze!|Scald|p2a: Heracross
|-damage|p2a: Heracross|0 fnt
|faint|p2a: Heracross
|
|
|switch|p2a: Dark Doge|Houndoom-Mega, F|291\/291
|turn|11
|
|move|p2a: Dark Doge|Dark Pulse|p1a: Freeze!
|-damage|p1a: Freeze!|0 fnt
|faint|p1a: Freeze!
|
|
|switch|p1a: Bake|Rotom-Heat|304\/304
|-damage|p1a: Bake|228\/304|[from] Stealth Rock
|turn|12
|
|move|p2a: Dark Doge|Nasty Plot|p2a: Dark Doge
|-boost|p2a: Dark Doge|spa|2
|move|p1a: Bake|Thunderbolt|p2a: Dark Doge
|-crit|p2a: Dark Doge
|-damage|p2a: Dark Doge|38\/291
|
|turn|13
|
|move|p2a: Dark Doge|Dark Pulse|p1a: Bake
|-damage|p1a: Bake|0 fnt
|faint|p1a: Bake
|
|
|switch|p1a: Destructo Bird|Honchkrow, F|342\/342
|-damage|p1a: Destructo Bird|257\/342|[from] Stealth Rock
|turn|14
|
|switch|p2a: Pink Rat|Mew|195\/404
|move|p1a: Destructo Bird|Sucker Punch|p2a: Pink Rat
|-fail|p2a: Pink Rat
|
|-heal|p2a: Pink Rat|220\/404|[from] item: Leftovers
|turn|15
|
|move|p2a: Pink Rat|Ice Beam|p1a: Destructo Bird
|-supereffective|p1a: Destructo Bird
|-damage|p1a: Destructo Bird|7\/342
|move|p1a: Destructo Bird|Brave Bird|p2a: Pink Rat
|-damage|p2a: Pink Rat|0 fnt
|-damage|p1a: Destructo Bird|0 fnt|[from] recoil|[of] p2a: Pink Rat
|faint|p2a: Pink Rat
|faint|p1a: Destructo Bird
|
|
|switch|p2a: Dark Doge|Houndoom-Mega, F|38\/291
|switch|p1a: Bummer|Slowbro, F|394\/394
|-damage|p1a: Bummer|345\/394|[from] Stealth Rock
|turn|16
|
|move|p2a: Dark Doge|Dark Pulse|p1a: Bummer
|-supereffective|p1a: Bummer
|-damage|p1a: Bummer|7\/394
|cant|p1a: Bummer|flinch
|
|-heal|p1a: Bummer|31\/394|[from] item: Leftovers
|turn|17
|-message|Arindam forfeited.
|
|win|Schubbi
|raw|Ladder updating...
|leave|Arindam
|player|p1
|raw|Arindam's rating: 1410 &rarr; <strong>1392<\/strong><br \/>(-18 for losing)
|raw|Schubbi's rating: 1430 &rarr; <strong>1449<\/strong><br \/>(+19 for winning)