|join|Schubbi
|join|Spalkaztor
|player|p1|Schubbi|234
|player|p2|Spalkaztor|205
|gametype|singles
|gen|6
|tier|UU
|rated
|rule|Sleep Clause Mod: Limit one foe put to sleep
|rule|Species Clause: Limit one of each PokÃ©mon
|rule|OHKO Clause: OHKO moves are banned
|rule|Moody Clause: Moody is banned
|rule|Evasion Moves Clause: Evasion moves are banned
|rule|Endless Battle Clause: Forcing endless battles is banned
|rule|HP Percentage Mod: HP is shown in percentages
|clearpoke
|poke|p1|Azelf
|poke|p1|Pidgeot, M
|poke|p1|Lucario, M
|poke|p1|Starmie
|poke|p1|Nidoking, M
|poke|p1|Darmanitan, F
|poke|p2|Donphan, M
|poke|p2|Blissey, F, shiny
|poke|p2|Cloyster, M, shiny
|poke|p2|Whimsicott, F
|poke|p2|Shuckle, M
|poke|p2|Sigilyph, M
|rule|Swagger Clause: Swagger is banned
|rule|Baton Pass Clause: Limit one PokÃ©mon knowing Baton Pass
|teampreview
|
|start
|switch|p1a: UUsed btch|Azelf|291\/291
|switch|p2a: Magician|Sigilyph, M|348\/348
|turn|1
|
|switch|p2a: Warrior|Donphan, M|381\/381
|move|p1a: UUsed btch|Knock Off|p2a: Warrior
|-damage|p2a: Warrior|310\/381
|-enditem|p2a: Warrior|Leftovers|[from] move: Knock Off|[of] p1a: UUsed btch
|
|turn|2
|
|move|p1a: UUsed btch|Taunt|p2a: Warrior
|-start|p2a: Warrior|move: Taunt
|cant|p2a: Warrior|move: Taunt|Stealth Rock
|
|turn|3
|
|switch|p2a: Assassin|Whimsicott, F|230\/230
|move|p1a: UUsed btch|Stealth Rock|p2a: Assassin
|-sidestart|p2: Spalkaztor|move: Stealth Rock
|
|turn|4
|
|move|p2a: Assassin|Encore|p1a: UUsed btch
|-start|p1a: UUsed btch|Encore
|move|p1a: UUsed btch|Stealth Rock|p2a: Assassin
|-fail|p2a: Assassin
|
|turn|5
|
|switch|p1a: Darmage|Darmanitan, F|351\/351
|move|p2a: Assassin|Leech Seed|p1a: Darmage
|-start|p1a: Darmage|move: Leech Seed
|
|-damage|p1a: Darmage|308\/351|[from] Leech Seed|[of] p2a: Assassin
|turn|6
|
|move|p2a: Assassin|Substitute|p2a: Assassin
|-start|p2a: Assassin|Substitute
|-damage|p2a: Assassin|173\/230
|move|p1a: Darmage|Flare Blitz|p2a: Assassin
|-supereffective|p2a: Assassin
|-end|p2a: Assassin|Substitute
|-damage|p1a: Darmage|289\/351|[from] recoil|[of] p2a: Assassin
|
|-heal|p2a: Assassin|187\/230|[from] item: Leftovers
|-damage|p1a: Darmage|246\/351|[from] Leech Seed|[of] p2a: Assassin
|-heal|p2a: Assassin|230\/230|[silent]
|turn|7
|
|switch|p1a: UUsed btch|Azelf|291\/291
|move|p2a: Assassin|Substitute|p2a: Assassin
|-start|p2a: Assassin|Substitute
|-damage|p2a: Assassin|173\/230
|
|-heal|p2a: Assassin|187\/230|[from] item: Leftovers
|turn|8
|
|move|p2a: Assassin|Toxic|p1a: UUsed btch
|-status|p1a: UUsed btch|tox
|move|p1a: UUsed btch|Taunt|p2a: Assassin
|-start|p2a: Assassin|move: Taunt
|
|-heal|p2a: Assassin|201\/230|[from] item: Leftovers
|-damage|p1a: UUsed btch|273\/291 tox|[from] psn
|turn|9
|
|switch|p1a: Destoroyah|Nidoking, M|303\/303
|switch|p2a: Warrior|Donphan, M|310\/381
|-damage|p2a: Warrior|287\/381|[from] Stealth Rock
|
|turn|10
|
|switch|p2a: Healer|Blissey, F, shiny|714\/714
|-damage|p2a: Healer|625\/714|[from] Stealth Rock
|move|p1a: Destoroyah|Ice Beam|p2a: Healer
|-damage|p2a: Healer|548\/714
|
|-heal|p2a: Healer|592\/714|[from] item: Leftovers
|turn|11
|
|switch|p1a: UUsed btch|Azelf|273\/291 tox
|move|p2a: Healer|Wish|p2a: Healer
|
|-heal|p2a: Healer|636\/714|[from] item: Leftovers
|-damage|p1a: UUsed btch|255\/291 tox|[from] psn
|turn|12
|
|switch|p2a: Warrior|Donphan, M|287\/381
|-damage|p2a: Warrior|264\/381|[from] Stealth Rock
|move|p1a: UUsed btch|Knock Off|p2a: Warrior
|-damage|p2a: Warrior|216\/381
|
|-heal|p2a: Warrior|381\/381|[from] move: Wish|[wisher] Healer
|-damage|p1a: UUsed btch|219\/291 tox|[from] psn
|turn|13
|
|move|p1a: UUsed btch|Taunt|p2a: Warrior
|-start|p2a: Warrior|move: Taunt
|move|p2a: Warrior|Rapid Spin|p1a: UUsed btch
|-damage|p1a: UUsed btch|192\/291 tox
|-sideend|p2: Spalkaztor|Stealth Rock|[from] move: Rapid Spin|[of] p2a: Warrior
|
|-damage|p1a: UUsed btch|138\/291 tox|[from] psn
|turn|14
|
|move|p1a: UUsed btch|Stealth Rock|p2a: Warrior
|-sidestart|p2: Spalkaztor|move: Stealth Rock
|move|p2a: Warrior|Rapid Spin|p1a: UUsed btch
|-damage|p1a: UUsed btch|111\/291 tox
|-sideend|p2: Spalkaztor|Stealth Rock|[from] move: Rapid Spin|[of] p2a: Warrior
|
|-damage|p1a: UUsed btch|39\/291 tox|[from] psn
|turn|15
|
|switch|p1a: Starmie|Starmie|261\/261
|move|p2a: Warrior|Rapid Spin|p1a: Starmie
|-damage|p1a: Starmie|238\/261
|
|-end|p2a: Warrior|move: Taunt
|turn|16
|
|switch|p2a: Magician|Sigilyph, M|348\/348
|move|p1a: Starmie|Hydro Pump|p2a: Magician
|-damage|p2a: Magician|97\/348
|-damage|p1a: Starmie|212\/261|[from] item: Life Orb
|
|-status|p2a: Magician|brn|[from] item: Flame Orb
|turn|17
|
|switch|p2a: Assassin|Whimsicott, F|201\/230
|move|p1a: Starmie|Ice Beam|p2a: Assassin
|-supereffective|p2a: Assassin
|-damage|p2a: Assassin|0 fnt
|-damage|p1a: Starmie|186\/261|[from] item: Life Orb
|faint|p2a: Assassin
|
|
|switch|p2a: Warrior|Donphan, M|381\/381
|turn|18
|
|move|p1a: Starmie|Hydro Pump|p2a: Warrior
|-supereffective|p2a: Warrior
|-activate|p2a: Warrior|Sturdy
|-damage|p2a: Warrior|1\/381
|-damage|p1a: Starmie|160\/261|[from] item: Life Orb
|move|p2a: Warrior|Stealth Rock|p1a: Starmie
|-sidestart|p1: Schubbi|move: Stealth Rock
|
|turn|19
|
|switch|p2a: Healer|Blissey, F, shiny|636\/714
|move|p1a: Starmie|Rapid Spin|p2a: Healer
|-damage|p2a: Healer|580\/714
|-sideend|p1: Schubbi|Stealth Rock|[from] move: Rapid Spin|[of] p1a: Starmie
|-damage|p1a: Starmie|134\/261|[from] item: Life Orb
|
|-heal|p2a: Healer|624\/714|[from] item: Leftovers
|turn|20
|
|switch|p1a: UUsed btch|Azelf|39\/291 tox
|move|p2a: Healer|Wish|p2a: Healer
|
|-heal|p2a: Healer|668\/714|[from] item: Leftovers
|-damage|p1a: UUsed btch|21\/291 tox|[from] psn
|turn|21
|
|switch|p2a: Ranger|Cloyster, M, shiny|241\/241
|move|p1a: UUsed btch|Stealth Rock|p2a: Ranger
|-sidestart|p2: Spalkaztor|move: Stealth Rock
|
|-damage|p1a: UUsed btch|0 fnt|[from] psn
|faint|p1a: UUsed btch
|
|switch|p1a: Destoroyah|Nidoking, M|303\/303
|turn|22
|
|move|p1a: Destoroyah|Thunderbolt|p2a: Ranger
|-crit|p2a: Ranger
|-supereffective|p2a: Ranger
|-damage|p2a: Ranger|0 fnt
|faint|p2a: Ranger
|
|-message|Spalkaztor forfeited.
|leave|Spalkaztor
|
|win|Schubbi
|raw|Ladder updating...
|player|p2
|raw|Schubbi's rating: 1377 &rarr; <strong>1394<\/strong><br \/>(+17 for winning)
|raw|Spalkaztor's rating: 1336 &rarr; <strong>1318<\/strong><br \/>(-18 for losing)