|join|MadDogTannen
|join|Schubbi
|player|p1|MadDogTannen|52
|player|p2|Schubbi|234
|gametype|singles
|gen|6
|tier|UU
|rated
|rule|Sleep Clause Mod: Limit one foe put to sleep
|rule|Species Clause: Limit one of each PokÃ©mon
|rule|OHKO Clause: OHKO moves are banned
|rule|Moody Clause: Moody is banned
|rule|Evasion Moves Clause: Evasion moves are banned
|rule|Endless Battle Clause: Forcing endless battles is banned
|rule|HP Percentage Mod: HP is reported as percentages
|clearpoke
|poke|p1|Galvantula, M
|poke|p1|Cloyster, F
|poke|p1|Darmanitan, M
|poke|p1|Alakazam, F
|poke|p1|Forretress, M
|poke|p1|Tentacruel, F
|poke|p2|Lucario, M
|poke|p2|Nidoking, M
|poke|p2|Flygon, F
|poke|p2|Mew
|poke|p2|Heracross, F
|poke|p2|Houndoom, F
|rule|Swagger Clause: Swagger is banned
|rule|Baton Pass Clause: Limit one PokÃ©mon knowing Baton Pass
|teampreview
|
|start
|switch|p1a: I'm Gellin'|Tentacruel, F|361\/361
|switch|p2a: Dark Doge|Houndoom, F|291\/291
|turn|1
|
|switch|p2a: Pink Rat|Mew|404\/404
|move|p1a: I'm Gellin'|Scald|p2a: Pink Rat
|-damage|p2a: Pink Rat|283\/404
|
|-heal|p2a: Pink Rat|308\/404|[from] item: Leftovers
|turn|2
|
|move|p2a: Pink Rat|Stealth Rock|p1a: I'm Gellin'
|-sidestart|p1: MadDogTannen|move: Stealth Rock
|move|p1a: I'm Gellin'|Scald|p2a: Pink Rat
|-damage|p2a: Pink Rat|190\/404
|
|-heal|p2a: Pink Rat|215\/404|[from] item: Leftovers
|turn|3
|
|switch|p2a: Heracross|Heracross, F|301\/301
|move|p1a: I'm Gellin'|Scald|p2a: Heracross
|-damage|p2a: Heracross|183\/301
|
|-heal|p2a: Heracross|201\/301|[from] item: Leftovers
|turn|4
|
|move|p2a: Heracross|Swords Dance|p2a: Heracross
|-boost|p2a: Heracross|atk|2
|move|p1a: I'm Gellin'|Sludge Wave|p2a: Heracross
|-damage|p2a: Heracross|66\/301
|
|-heal|p2a: Heracross|84\/301|[from] item: Leftovers
|turn|5
|
|move|p2a: Heracross|Knock Off|p1a: I'm Gellin'
|-damage|p1a: I'm Gellin'|55\/361
|-enditem|p1a: I'm Gellin'|Assault Vest|[from] move: Knock Off|[of] p2a: Heracross
|move|p1a: I'm Gellin'|Sludge Wave|p2a: Heracross
|-crit|p2a: Heracross
|-damage|p2a: Heracross|0 fnt
|faint|p2a: Heracross
|
|
|switch|p2a: Destoroyah|Nidoking, M|304\/304
|turn|6
|
|move|p2a: Destoroyah|Earth Power|p1a: I'm Gellin'
|-crit|p1a: I'm Gellin'
|-supereffective|p1a: I'm Gellin'
|-damage|p1a: I'm Gellin'|0 fnt
|faint|p1a: I'm Gellin'
|
|
|switch|p1a: Alakazam|Alakazam, F|252\/252
|turn|7
|
|switch|p2a: Pink Rat|Mew|215\/404
|move|p1a: Alakazam|Focus Blast|p2a: Pink Rat
|-resisted|p2a: Pink Rat
|-damage|p2a: Pink Rat|138\/404
|
|-heal|p2a: Pink Rat|163\/404|[from] item: Leftovers
|turn|8
|
|move|p1a: Alakazam|Shadow Ball|p2a: Pink Rat
|-supereffective|p2a: Pink Rat
|-damage|p2a: Pink Rat|0 fnt
|faint|p2a: Pink Rat
|
|
|switch|p2a: Perma Glasses|Flygon, F|301\/301
|turn|9
|
|move|p2a: Perma Glasses|U-turn|p1a: Alakazam
|-supereffective|p1a: Alakazam
|-enditem|p1a: Alakazam|Focus Sash
|-damage|p1a: Alakazam|1\/252
|
|switch|p2a: Dark Doge|Houndoom, F|291\/291
|move|p1a: Alakazam|Psyshock|p2a: Dark Doge
|-immune|p2a: Dark Doge|[msg]
|
|turn|10
|
|detailschange|p2a: Dark Doge|Houndoom-Mega, F
|message|Houndoom has Mega Evolved into Mega Houndoom!
|move|p2a: Dark Doge|Sucker Punch|p1a: Alakazam
|-supereffective|p1a: Alakazam
|-damage|p1a: Alakazam|0 fnt
|faint|p1a: Alakazam
|
|
|switch|p1a: Troll|Cloyster, F|242\/242
|-damage|p1a: Troll|182\/242|[from] Stealth Rock
|turn|11
|
|move|p2a: Dark Doge|Dark Pulse|p1a: Troll
|-damage|p1a: Troll|0 fnt
|faint|p1a: Troll
|
|
|switch|p1a: Boost Your Speed|Forretress, M|354\/354
|-damage|p1a: Boost Your Speed|310\/354|[from] Stealth Rock
|turn|12
|
|move|p2a: Dark Doge|Flamethrower|p1a: Boost Your Speed
|-supereffective|p1a: Boost Your Speed
|-damage|p1a: Boost Your Speed|0 fnt
|faint|p1a: Boost Your Speed
|
|
|switch|p1a: Billy Joel|Galvantula, M|281\/281
|-damage|p1a: Billy Joel|211\/281|[from] Stealth Rock
|turn|13
|
|move|p2a: Dark Doge|Flamethrower|p1a: Billy Joel
|-supereffective|p1a: Billy Joel
|-damage|p1a: Billy Joel|0 fnt
|faint|p1a: Billy Joel
|
|-message|MadDogTannen forfeited.
|
|win|Schubbi
|raw|Ladder updating...
|leave|MadDogTannen
|player|p1
|raw|MadDogTannen's rating: 1304 &rarr; <strong>1290<\/strong><br \/>(-14 for losing)
|raw|Schubbi's rating: 1416 &rarr; <strong>1430<\/strong><br \/>(+14 for winning)