|join|Schubbi
|join|Xtr3m
|player|p1|Schubbi|234
|player|p2|Xtr3m|170
|gametype|singles
|gen|6
|tier|UU
|rated
|rule|Sleep Clause Mod: Limit one foe put to sleep
|rule|Species Clause: Limit one of each PokÃ©mon
|rule|OHKO Clause: OHKO moves are banned
|rule|Moody Clause: Moody is banned
|rule|Evasion Moves Clause: Evasion moves are banned
|rule|Endless Battle Clause: Forcing endless battles is banned
|rule|HP Percentage Mod: HP is reported as percentages
|clearpoke
|poke|p1|Lucario, F
|poke|p1|Nidoking, M
|poke|p1|Flygon, F
|poke|p1|Mew
|poke|p1|Heracross, F
|poke|p1|Houndoom, F
|poke|p2|Alomomola, F
|poke|p2|Tangrowth, F
|poke|p2|Blissey, F
|poke|p2|Honchkrow, F
|poke|p2|Tornadus-Therian, M
|poke|p2|Heracross, F
|rule|Swagger Clause: Swagger is banned
|rule|Baton Pass Clause: Limit three PokÃ©mon knowing Baton Pass
|teampreview
|
|start
|switch|p1a: Mew|Mew|404\/404
|switch|p2a: Tangrowth|Tangrowth, F|404\/404
|turn|1
|
|move|p1a: Mew|Stealth Rock|p2a: Tangrowth
|-sidestart|p2: Xtr3m|move: Stealth Rock
|move|p2a: Tangrowth|Knock Off|p1a: Mew
|-supereffective|p1a: Mew
|-damage|p1a: Mew|274\/404
|-enditem|p1a: Mew|Leftovers|[from] move: Knock Off|[of] p2a: Tangrowth
|
|turn|2
|
|move|p1a: Mew|U-turn|p2a: Tangrowth
|-supereffective|p2a: Tangrowth
|-damage|p2a: Tangrowth|340\/404
|
|switch|p1a: Heracross|Heracross, F|301\/301
|move|p2a: Tangrowth|Leech Seed|p1a: Heracross
|-start|p1a: Heracross|move: Leech Seed
|
|-heal|p2a: Tangrowth|365\/404|[from] item: Leftovers
|-damage|p1a: Heracross|264\/301|[from] Leech Seed|[of] p2a: Tangrowth
|-heal|p2a: Tangrowth|402\/404|[silent]
|turn|3
|
|move|p2a: Tangrowth|Protect|p2a: Tangrowth
|-singleturn|p2a: Tangrowth|Protect
|move|p1a: Heracross|Megahorn|p2a: Tangrowth
|-activate|p2a: Tangrowth|Protect
|
|-heal|p2a: Tangrowth|404\/404|[from] item: Leftovers
|-damage|p1a: Heracross|227\/301|[from] Leech Seed|[of] p2a: Tangrowth
|turn|4
|
|switch|p2a: Alomomola|Alomomola, F|534\/534
|-damage|p2a: Alomomola|468\/534|[from] Stealth Rock
|move|p1a: Heracross|Megahorn|p2a: Alomomola
|-crit|p2a: Alomomola
|-damage|p2a: Alomomola|95\/534
|
|-heal|p2a: Alomomola|128\/534|[from] item: Leftovers
|-damage|p1a: Heracross|190\/301|[from] Leech Seed|[of] p2a: Alomomola
|-heal|p2a: Alomomola|165\/534|[silent]
|turn|5
|
|move|p2a: Alomomola|Protect|p2a: Alomomola
|-singleturn|p2a: Alomomola|Protect
|move|p1a: Heracross|Megahorn|p2a: Alomomola
|-activate|p2a: Alomomola|Protect
|
|-heal|p2a: Alomomola|198\/534|[from] item: Leftovers
|-damage|p1a: Heracross|153\/301|[from] Leech Seed|[of] p2a: Alomomola
|-heal|p2a: Alomomola|235\/534|[silent]
|turn|6
|
|switch|p2a: Tornadus-Therian|Tornadus-Therian, M|299\/299
|-damage|p2a: Tornadus-Therian|225\/299|[from] Stealth Rock
|move|p1a: Heracross|Megahorn|p2a: Tornadus-Therian|[miss]
|-miss|p1a: Heracross|p2a: Tornadus-Therian
|
|-damage|p1a: Heracross|116\/301|[from] Leech Seed|[of] p2a: Tornadus-Therian
|-heal|p2a: Tornadus-Therian|262\/299|[silent]
|turn|7
|
|switch|p1a: Mew|Mew|274\/404
|move|p2a: Tornadus-Therian|Hurricane|p1a: Mew
|-damage|p1a: Mew|43\/404
|-start|p1a: Mew|confusion
|-damage|p2a: Tornadus-Therian|233\/299|[from] item: Life Orb
|
|turn|8
|
|move|p2a: Tornadus-Therian|U-turn|p1a: Mew
|-supereffective|p1a: Mew
|-damage|p1a: Mew|0 fnt
|-damage|p2a: Tornadus-Therian|204\/299|[from] item: Life Orb
|faint|p1a: Mew
|
|switch|p2a: Tangrowth|Tangrowth, F|404\/404
|-damage|p2a: Tangrowth|354\/404|[from] Stealth Rock
|
|-heal|p2a: Tangrowth|379\/404|[from] item: Leftovers
|
|switch|p1a: Houndoom|Houndoom, F|291\/291
|turn|9
|
|switch|p2a: Blissey|Blissey, F|714\/714
|-damage|p2a: Blissey|625\/714|[from] Stealth Rock
|detailschange|p1a: Houndoom|Houndoom-Mega, F
|message|Houndoom has Mega Evolved into Mega Houndoom!
|move|p1a: Houndoom|Flamethrower|p2a: Blissey
|-damage|p2a: Blissey|522\/714
|
|-heal|p2a: Blissey|566\/714|[from] item: Leftovers
|turn|10
|
|switch|p1a: Heracross|Heracross, F|116\/301
|move|p2a: Blissey|Seismic Toss|p1a: Heracross
|-damage|p1a: Heracross|16\/301
|
|-heal|p2a: Blissey|610\/714|[from] item: Leftovers
|turn|11
|
|move|p2a: Blissey|Protect|p2a: Blissey
|-singleturn|p2a: Blissey|Protect
|move|p1a: Heracross|Close Combat|p2a: Blissey
|-activate|p2a: Blissey|Protect
|
|-heal|p2a: Blissey|654\/714|[from] item: Leftovers
|turn|12
|
|switch|p2a: Alomomola|Alomomola, F|413\/534
|-damage|p2a: Alomomola|347\/534|[from] Stealth Rock
|move|p1a: Heracross|Close Combat|p2a: Alomomola
|-damage|p2a: Alomomola|70\/534
|-unboost|p1a: Heracross|def|1
|-unboost|p1a: Heracross|spd|1
|
|-heal|p2a: Alomomola|103\/534|[from] item: Leftovers
|turn|13
|
|move|p2a: Alomomola|Protect|p2a: Alomomola
|-singleturn|p2a: Alomomola|Protect
|move|p1a: Heracross|Close Combat|p2a: Alomomola
|-activate|p2a: Alomomola|Protect
|
|-heal|p2a: Alomomola|136\/534|[from] item: Leftovers
|turn|14
|
|switch|p2a: Tornadus-Therian|Tornadus-Therian, M|299\/299
|-damage|p2a: Tornadus-Therian|225\/299|[from] Stealth Rock
|move|p1a: Heracross|Close Combat|p2a: Tornadus-Therian
|-resisted|p2a: Tornadus-Therian
|-damage|p2a: Tornadus-Therian|50\/299
|-unboost|p1a: Heracross|def|1
|-unboost|p1a: Heracross|spd|1
|
|turn|15
|
|move|p2a: Tornadus-Therian|U-turn|p1a: Heracross
|-resisted|p1a: Heracross
|-damage|p1a: Heracross|0 fnt
|-damage|p2a: Tornadus-Therian|21\/299|[from] item: Life Orb
|faint|p1a: Heracross
|
|switch|p2a: Heracross|Heracross, F|302\/302
|-damage|p2a: Heracross|265\/302|[from] Stealth Rock
|
|
|switch|p1a: Perma Glasses|Flygon, F|301\/301
|turn|16
|
|switch|p2a: Tangrowth|Tangrowth, F|404\/404
|-damage|p2a: Tangrowth|354\/404|[from] Stealth Rock
|move|p1a: Perma Glasses|Outrage|p2a: Tangrowth
|-damage|p2a: Tangrowth|230\/404
|
|-heal|p2a: Tangrowth|255\/404|[from] item: Leftovers
|turn|17
|
|move|p1a: Perma Glasses|Outrage|p2a: Tangrowth
|-damage|p2a: Tangrowth|132\/404
|move|p2a: Tangrowth|Leech Seed|p1a: Perma Glasses|[miss]
|-miss|p2a: Tangrowth|p1a: Perma Glasses
|
|-end|p1a: Perma Glasses|rampage
|-start|p1a: Perma Glasses|confusion
|-heal|p2a: Tangrowth|157\/404|[from] item: Leftovers
|turn|18
|
|switch|p1a: Houndoom|Houndoom-Mega, F|291\/291
|move|p2a: Tangrowth|Protect|p2a: Tangrowth
|-fail|p2a: Tangrowth
|
|-heal|p2a: Tangrowth|182\/404|[from] item: Leftovers
|turn|19
|
|switch|p1a: Dog of the Day|Lucario, F|281\/281
|move|p2a: Tangrowth|Protect|p2a: Tangrowth
|-fail|p2a: Tangrowth
|
|-heal|p2a: Tangrowth|207\/404|[from] item: Leftovers
|turn|20
|
|move|p1a: Dog of the Day|Ice Punch|p2a: Tangrowth
|-supereffective|p2a: Tangrowth
|-damage|p2a: Tangrowth|72\/404
|-damage|p1a: Dog of the Day|253\/281|[from] item: Life Orb
|move|p2a: Tangrowth|Leech Seed|p1a: Dog of the Day
|-start|p1a: Dog of the Day|move: Leech Seed
|
|-heal|p2a: Tangrowth|97\/404|[from] item: Leftovers
|-damage|p1a: Dog of the Day|218\/281|[from] Leech Seed|[of] p2a: Tangrowth
|-heal|p2a: Tangrowth|132\/404|[silent]
|turn|21
|
|switch|p1a: Destoroyah|Nidoking, M|304\/304
|move|p2a: Tangrowth|Protect|p2a: Tangrowth
|-fail|p2a: Tangrowth
|
|-heal|p2a: Tangrowth|157\/404|[from] item: Leftovers
|turn|22
|
|move|p2a: Tangrowth|Protect|p2a: Tangrowth
|-singleturn|p2a: Tangrowth|Protect
|move|p1a: Destoroyah|Sludge Wave|p2a: Tangrowth
|-activate|p2a: Tangrowth|Protect
|
|-heal|p2a: Tangrowth|182\/404|[from] item: Leftovers
|turn|23
|
|switch|p2a: Blissey|Blissey, F|654\/714
|-damage|p2a: Blissey|565\/714|[from] Stealth Rock
|move|p1a: Destoroyah|Sludge Wave|p2a: Blissey
|-damage|p2a: Blissey|439\/714
|
|-heal|p2a: Blissey|483\/714|[from] item: Leftovers
|turn|24
|
|switch|p1a: Dog of the Day|Lucario, F|218\/281
|move|p2a: Blissey|Seismic Toss|p1a: Dog of the Day
|-damage|p1a: Dog of the Day|118\/281
|
|-heal|p2a: Blissey|527\/714|[from] item: Leftovers
|turn|25
|
|move|p2a: Blissey|Protect|p2a: Blissey
|-singleturn|p2a: Blissey|Protect
|move|p1a: Dog of the Day|Swords Dance|p1a: Dog of the Day
|-boost|p1a: Dog of the Day|atk|2
|
|-heal|p2a: Blissey|571\/714|[from] item: Leftovers
|turn|26
|
|switch|p2a: Tornadus-Therian|Tornadus-Therian, M|120\/299
|-damage|p2a: Tornadus-Therian|46\/299|[from] Stealth Rock
|move|p1a: Dog of the Day|Close Combat|p2a: Tornadus-Therian
|-resisted|p2a: Tornadus-Therian
|-damage|p2a: Tornadus-Therian|0 fnt
|-unboost|p1a: Dog of the Day|def|1
|-unboost|p1a: Dog of the Day|spd|1
|-damage|p1a: Dog of the Day|90\/281|[from] item: Life Orb
|faint|p2a: Tornadus-Therian
|
|
|switch|p2a: Honchkrow|Honchkrow, F|341\/341
|-damage|p2a: Honchkrow|256\/341|[from] Stealth Rock
|turn|27
|
|move|p1a: Dog of the Day|Extreme Speed|p2a: Honchkrow
|-damage|p2a: Honchkrow|0 fnt
|-damage|p1a: Dog of the Day|62\/281|[from] item: Life Orb
|faint|p2a: Honchkrow
|
|
|switch|p2a: Heracross|Heracross, F|265\/302
|-damage|p2a: Heracross|228\/302|[from] Stealth Rock
|turn|28
|
|move|p1a: Dog of the Day|Extreme Speed|p2a: Heracross
|-damage|p2a: Heracross|0 fnt
|-damage|p1a: Dog of the Day|34\/281|[from] item: Life Orb
|faint|p2a: Heracross
|
|
|switch|p2a: Alomomola|Alomomola, F|314\/534
|-damage|p2a: Alomomola|248\/534|[from] Stealth Rock
|turn|29
|
|move|p1a: Dog of the Day|Close Combat|p2a: Alomomola
|-damage|p2a: Alomomola|0 fnt
|-unboost|p1a: Dog of the Day|def|1
|-unboost|p1a: Dog of the Day|spd|1
|-damage|p1a: Dog of the Day|6\/281|[from] item: Life Orb
|faint|p2a: Alomomola
|
|
|switch|p2a: Tangrowth|Tangrowth, F|316\/404
|-damage|p2a: Tangrowth|266\/404|[from] Stealth Rock
|turn|30
|
|move|p1a: Dog of the Day|Close Combat|p2a: Tangrowth
|-damage|p2a: Tangrowth|0 fnt
|-unboost|p1a: Dog of the Day|def|1
|-unboost|p1a: Dog of the Day|spd|1
|-damage|p1a: Dog of the Day|0 fnt|[from] item: Life Orb
|faint|p2a: Tangrowth
|faint|p1a: Dog of the Day
|
|
|switch|p1a: Perma Glasses|Flygon, F|301\/301
|switch|p2a: Blissey|Blissey, F|571\/714
|-damage|p2a: Blissey|482\/714|[from] Stealth Rock
|turn|31
|
|move|p1a: Perma Glasses|Outrage|p2a: Blissey
|-damage|p2a: Blissey|0 fnt
|faint|p2a: Blissey
|
|win|Schubbi
|raw|Ladder updating...
|raw|Schubbi's rating: 1244 &rarr; <strong>1276<\/strong><br \/>(+32 for winning)
|raw|Xtr3m's rating: 1341 &rarr; <strong>1316<\/strong><br \/>(-25 for losing)
|chat|Xtr3m|gg
|leave|Xtr3m
|player|p2
|chat|Schubbi|gg