|join|Deckes
|join|Schubbi
|player|p1|Deckes|165
|player|p2|Schubbi|234
|gametype|singles
|gen|6
|tier|UU
|rated
|rule|Sleep Clause Mod: Limit one foe put to sleep
|rule|Species Clause: Limit one of each PokÃ©mon
|rule|OHKO Clause: OHKO moves are banned
|rule|Moody Clause: Moody is banned
|rule|Evasion Moves Clause: Evasion moves are banned
|rule|Endless Battle Clause: Forcing endless battles is banned
|rule|HP Percentage Mod: HP is reported as percentages
|clearpoke
|poke|p1|Chesnaught, F
|poke|p1|Blissey, F
|poke|p1|Ampharos, M
|poke|p1|Infernape, M
|poke|p1|Hydreigon, F
|poke|p1|Doublade, F
|poke|p2|Lucario, F
|poke|p2|Nidoking, M
|poke|p2|Flygon, F
|poke|p2|Mew
|poke|p2|Heracross, F
|poke|p2|Houndoom, F
|rule|Swagger Clause: Swagger is banned
|rule|Baton Pass Clause: Limit one PokÃ©mon knowing Baton Pass
|teampreview
|join|Master B8s
|
|start
|switch|p1a: Infernape|Infernape, M|293\/293
|switch|p2a: Pink Rat|Mew|404\/404
|turn|1
|
|move|p1a: Infernape|U-turn|p2a: Pink Rat
|-supereffective|p2a: Pink Rat
|-damage|p2a: Pink Rat|286\/404
|
|switch|p1a: Hydreigon|Hydreigon, F|325\/325
|move|p2a: Pink Rat|Stealth Rock|p1a: Hydreigon
|-sidestart|p1: Deckes|move: Stealth Rock
|
|-heal|p2a: Pink Rat|311\/404|[from] item: Leftovers
|turn|2
|
|move|p1a: Hydreigon|Dark Pulse|p2a: Pink Rat
|-supereffective|p2a: Pink Rat
|-damage|p2a: Pink Rat|41\/404
|cant|p2a: Pink Rat|flinch
|
|-heal|p2a: Pink Rat|66\/404|[from] item: Leftovers
|turn|3
|
|move|p1a: Hydreigon|Dark Pulse|p2a: Pink Rat
|-supereffective|p2a: Pink Rat
|-damage|p2a: Pink Rat|0 fnt
|faint|p2a: Pink Rat
|
|
|switch|p2a: Perma Glasses|Flygon, F|301\/301
|turn|4
|
|switch|p1a: Doublade|Doublade, F|322\/322
|-damage|p1a: Doublade|302\/322|[from] Stealth Rock
|move|p2a: Perma Glasses|U-turn|p1a: Doublade
|-resisted|p1a: Doublade
|-damage|p1a: Doublade|294\/322
|
|switch|p2a: Heracross|Heracross, F|301\/301
|
|turn|5
|
|move|p2a: Heracross|Knock Off|p1a: Doublade
|-supereffective|p1a: Doublade
|-damage|p1a: Doublade|126\/322
|-enditem|p1a: Doublade|Eviolite|[from] move: Knock Off|[of] p2a: Heracross
|move|p1a: Doublade|Gyro Ball|p2a: Heracross
|-damage|p2a: Heracross|61\/301
|
|turn|6
|
|move|p1a: Doublade|Shadow Sneak|p2a: Heracross
|-damage|p2a: Heracross|0 fnt
|faint|p2a: Heracross
|
|
|switch|p2a: Dark Doge|Houndoom, F|291\/291
|turn|7
|
|detailschange|p2a: Dark Doge|Houndoom-Mega, F
|message|Houndoom has Mega Evolved into Mega Houndoom!
|move|p2a: Dark Doge|Dark Pulse|p1a: Doublade
|-supereffective|p1a: Doublade
|-damage|p1a: Doublade|0 fnt
|faint|p1a: Doublade
|
|
|switch|p1a: Hydreigon|Hydreigon, F|325\/325
|-damage|p1a: Hydreigon|285\/325|[from] Stealth Rock
|turn|8
|
|move|p1a: Hydreigon|Draco Meteor|p2a: Dark Doge
|-damage|p2a: Dark Doge|57\/291
|-unboost|p1a: Hydreigon|spa|2
|move|p2a: Dark Doge|Dark Pulse|p1a: Hydreigon
|-resisted|p1a: Hydreigon
|-damage|p1a: Hydreigon|201\/325
|
|turn|9
|
|switch|p2a: Dog of the Day|Lucario, F|281\/281
|move|p1a: Hydreigon|Draco Meteor|p2a: Dog of the Day
|-resisted|p2a: Dog of the Day
|-damage|p2a: Dog of the Day|206\/281
|-unboost|p1a: Hydreigon|spa|2
|
|turn|10
|
|switch|p1a: Chesnaught|Chesnaught, F|380\/380
|-damage|p1a: Chesnaught|357\/380|[from] Stealth Rock
|move|p2a: Dog of the Day|Swords Dance|p2a: Dog of the Day
|-boost|p2a: Dog of the Day|atk|2
|
|-heal|p1a: Chesnaught|380\/380|[from] item: Leftovers
|turn|11
|
|move|p2a: Dog of the Day|Close Combat|p1a: Chesnaught
|-crit|p1a: Chesnaught
|-damage|p1a: Chesnaught|0 fnt
|-unboost|p2a: Dog of the Day|def|1
|-unboost|p2a: Dog of the Day|spd|1
|-damage|p2a: Dog of the Day|178\/281|[from] item: Life Orb
|faint|p1a: Chesnaught
|
|
|switch|p1a: Hydreigon|Hydreigon, F|201\/325
|-damage|p1a: Hydreigon|161\/325|[from] Stealth Rock
|turn|12
|
|move|p2a: Dog of the Day|Extreme Speed|p1a: Hydreigon
|-damage|p1a: Hydreigon|0 fnt
|-damage|p2a: Dog of the Day|150\/281|[from] item: Life Orb
|faint|p1a: Hydreigon
|
|
|switch|p1a: Infernape|Infernape, M|293\/293
|-damage|p1a: Infernape|257\/293|[from] Stealth Rock
|turn|13
|
|move|p2a: Dog of the Day|Extreme Speed|p1a: Infernape
|-damage|p1a: Infernape|0 fnt
|-damage|p2a: Dog of the Day|122\/281|[from] item: Life Orb
|faint|p1a: Infernape
|
|leave|Master B8s
|
|switch|p1a: Ampharos|Ampharos, M|322\/322
|-damage|p1a: Ampharos|282\/322|[from] Stealth Rock
|turn|14
|
|detailschange|p1a: Ampharos|Ampharos-Mega, M
|message|Ampharos has Mega Evolved into Mega Ampharos!
|-ability|p1a: Ampharos|Mold Breaker
|move|p2a: Dog of the Day|Close Combat|p1a: Ampharos
|-damage|p1a: Ampharos|0 fnt
|-unboost|p2a: Dog of the Day|def|1
|-unboost|p2a: Dog of the Day|spd|1
|-damage|p2a: Dog of the Day|94\/281|[from] item: Life Orb
|faint|p1a: Ampharos
|
|
|switch|p1a: Blissey|Blissey, F|714\/714
|-damage|p1a: Blissey|625\/714|[from] Stealth Rock
|turn|15
|
|move|p2a: Dog of the Day|Close Combat|p1a: Blissey
|-supereffective|p1a: Blissey
|-damage|p1a: Blissey|0 fnt
|-unboost|p2a: Dog of the Day|def|1
|-unboost|p2a: Dog of the Day|spd|1
|-damage|p2a: Dog of the Day|66\/281|[from] item: Life Orb
|faint|p1a: Blissey
|
|win|Schubbi
|raw|Ladder updating...
|raw|Deckes's rating: 1227 &rarr; <strong>1204<\/strong><br \/>(-23 for losing)
|raw|Schubbi's rating: 1254 &rarr; <strong>1277<\/strong><br \/>(+23 for winning)
|chat|Deckes|gg
|leave|Deckes
|player|p1
|chat|Schubbi|gg