|join|Vaporiziing
|join|Schubbi
|player|p1|Vaporiziing|290
|player|p2|Schubbi|234
|gametype|singles
|gen|6
|tier|UU
|rated
|rule|Sleep Clause Mod: Limit one foe put to sleep
|rule|Species Clause: Limit one of each PokÃ©mon
|rule|OHKO Clause: OHKO moves are banned
|rule|Moody Clause: Moody is banned
|rule|Evasion Moves Clause: Evasion moves are banned
|rule|Endless Battle Clause: Forcing endless battles is banned
|rule|HP Percentage Mod: HP is reported as percentages
|clearpoke
|poke|p1|Trevenant, M, shiny
|poke|p1|Infernape, M
|poke|p1|Blastoise, F
|poke|p1|Flygon, M
|poke|p1|Raikou, shiny
|poke|p1|Swampert, F
|poke|p2|Lucario, F
|poke|p2|Nidoking, M
|poke|p2|Flygon, F
|poke|p2|Mew
|poke|p2|Heracross, F
|poke|p2|Houndoom, F
|rule|Swagger Clause: Swagger is banned
|rule|Baton Pass Clause: Limit three PokÃ©mon knowing Baton Pass
|teampreview
|
|start
|switch|p1a: Swampert|Swampert, F|404\/404
|switch|p2a: Mew|Mew|404\/404
|turn|1
|
|move|p2a: Mew|U-turn|p1a: Swampert
|-damage|p1a: Swampert|368\/404
|
|switch|p2a: Heracross|Heracross, F|301\/301
|move|p1a: Swampert|Stealth Rock|p2a: Heracross
|-sidestart|p2: Schubbi|move: Stealth Rock
|
|-heal|p1a: Swampert|393\/404|[from] item: Leftovers
|turn|2
|
|move|p2a: Heracross|Megahorn|p1a: Swampert
|-crit|p1a: Swampert
|-damage|p1a: Swampert|2\/404
|move|p1a: Swampert|Earthquake|p2a: Heracross
|-resisted|p2a: Heracross
|-damage|p2a: Heracross|217\/301
|
|-heal|p1a: Swampert|27\/404|[from] item: Leftovers
|turn|3
|
|move|p2a: Heracross|Megahorn|p1a: Swampert
|-damage|p1a: Swampert|0 fnt
|faint|p1a: Swampert
|
|
|switch|p1a: Infernape|Infernape, M|293\/293
|turn|4
|
|switch|p2a: Mew|Mew|404\/404
|-damage|p2a: Mew|354\/404|[from] Stealth Rock
|move|p1a: Infernape|U-turn|p2a: Mew
|-supereffective|p2a: Mew
|-damage|p2a: Mew|170\/404
|
|switch|p1a: Blastoise|Blastoise, F|362\/362
|
|-heal|p2a: Mew|195\/404|[from] item: Leftovers
|turn|5
|
|detailschange|p1a: Blastoise|Blastoise-Mega, F
|message|Blastoise has Mega Evolved into Mega Blastoise!
|move|p2a: Mew|Defog|p1a: Blastoise
|-unboost|p1a: Blastoise|evasion|1
|-sideend|p2: Schubbi|Stealth Rock|[from] move: Defog|[of] p2a: Mew
|move|p1a: Blastoise|Dark Pulse|p2a: Mew
|-crit|p2a: Mew
|-supereffective|p2a: Mew
|-damage|p2a: Mew|0 fnt
|faint|p2a: Mew
|
|
|switch|p2a: Heracross|Heracross, F|217\/301
|turn|6
|
|move|p2a: Heracross|Megahorn|p1a: Blastoise
|-damage|p1a: Blastoise|82\/362
|move|p1a: Blastoise|Water Pulse|p2a: Heracross
|-damage|p2a: Heracross|15\/301
|
|turn|7
|
|move|p2a: Heracross|Megahorn|p1a: Blastoise
|-damage|p1a: Blastoise|0 fnt
|faint|p1a: Blastoise
|
|
|switch|p1a: Infernape|Infernape, M|293\/293
|turn|8
|
|move|p1a: Infernape|Mach Punch|p2a: Heracross
|-resisted|p2a: Heracross
|-damage|p2a: Heracross|0 fnt
|faint|p2a: Heracross
|
|
|switch|p2a: Perma Glasses|Flygon, F|301\/301
|turn|9
|
|switch|p1a: Flygon|Flygon, M|301\/301
|move|p2a: Perma Glasses|U-turn|p1a: Flygon
|-damage|p1a: Flygon|202\/301
|
|switch|p2a: Houndoom|Houndoom, F|291\/291
|
|turn|10
|
|detailschange|p2a: Houndoom|Houndoom-Mega, F
|message|Houndoom has Mega Evolved into Mega Houndoom!
|move|p2a: Houndoom|Sucker Punch|p1a: Flygon
|-damage|p1a: Flygon|106\/301
|move|p1a: Flygon|Earthquake|p2a: Houndoom
|-supereffective|p2a: Houndoom
|-damage|p2a: Houndoom|0 fnt
|faint|p2a: Houndoom
|
|
|switch|p2a: Dog of the Day|Lucario, F|281\/281
|turn|11
|
|move|p2a: Dog of the Day|Extreme Speed|p1a: Flygon
|-damage|p1a: Flygon|0 fnt
|-damage|p2a: Dog of the Day|253\/281|[from] item: Life Orb
|faint|p1a: Flygon
|
|
|switch|p1a: Infernape|Infernape, M|293\/293
|turn|12
|
|move|p2a: Dog of the Day|Extreme Speed|p1a: Infernape
|-damage|p1a: Infernape|137\/293
|-damage|p2a: Dog of the Day|225\/281|[from] item: Life Orb
|move|p1a: Infernape|Close Combat|p2a: Dog of the Day
|-supereffective|p2a: Dog of the Day
|-damage|p2a: Dog of the Day|0 fnt
|-unboost|p1a: Infernape|def|1
|-unboost|p1a: Infernape|spd|1
|faint|p2a: Dog of the Day
|
|
|switch|p2a: Destoroyah|Nidoking, M|304\/304
|turn|13
|
|move|p1a: Infernape|Close Combat|p2a: Destoroyah
|-resisted|p2a: Destoroyah
|-damage|p2a: Destoroyah|135\/304
|-unboost|p1a: Infernape|def|1
|-unboost|p1a: Infernape|spd|1
|move|p2a: Destoroyah|Earth Power|p1a: Infernape
|-crit|p1a: Infernape
|-supereffective|p1a: Infernape
|-damage|p1a: Infernape|0 fnt
|faint|p1a: Infernape
|
|
|switch|p1a: Trevenant|Trevenant, M, shiny|374\/374
|turn|14
|
|move|p2a: Destoroyah|Sludge Wave|p1a: Trevenant
|-damage|p1a: Trevenant|206\/374
|move|p1a: Trevenant|Horn Leech|p2a: Destoroyah
|-damage|p2a: Destoroyah|8\/304
|-heal|p1a: Trevenant|270\/374|[from] drain|[of] p2a: Destoroyah
|
|turn|15
|
|move|p2a: Destoroyah|Ice Beam|p1a: Trevenant
|-supereffective|p1a: Trevenant
|-damage|p1a: Trevenant|33\/374
|move|p1a: Trevenant|Horn Leech|p2a: Destoroyah
|-damage|p2a: Destoroyah|0 fnt
|-heal|p1a: Trevenant|37\/374|[from] drain|[of] p2a: Destoroyah
|faint|p2a: Destoroyah
|
|
|switch|p2a: Perma Glasses|Flygon, F|301\/301
|turn|16
|
|move|p2a: Perma Glasses|Earthquake|p1a: Trevenant
|-resisted|p1a: Trevenant
|-damage|p1a: Trevenant|0 fnt
|faint|p1a: Trevenant
|
|
|switch|p1a: Raikou|Raikou, shiny|322\/322
|-ability|p1a: Raikou|Pressure
|turn|17
|
|move|p2a: Perma Glasses|Earthquake|p1a: Raikou
|-supereffective|p1a: Raikou
|-damage|p1a: Raikou|0 fnt
|faint|p1a: Raikou
|
|win|Schubbi
|raw|Ladder updating...
|chat|Vaporiziing|gg
|raw|Vaporiziing's rating: 1271 &rarr; <strong>1238<\/strong><br \/>(-33 for losing)
|raw|Schubbi's rating: 1166 &rarr; <strong>1199<\/strong><br \/>(+33 for winning)
|leave|Vaporiziing
|player|p1