|join|Friholio
|join|Schubbi
|player|p1|Friholio|12
|player|p2|Schubbi|234
|gametype|singles
|gen|6
|tier|UU
|rated
|rule|Sleep Clause Mod: Limit one foe put to sleep
|rule|Species Clause: Limit one of each PokÃ©mon
|rule|OHKO Clause: OHKO moves are banned
|rule|Moody Clause: Moody is banned
|rule|Evasion Moves Clause: Evasion moves are banned
|rule|Endless Battle Clause: Forcing endless battles is banned
|rule|HP Percentage Mod: HP is reported as percentages
|clearpoke
|poke|p1|Infernape, M
|poke|p1|Hydreigon, F
|poke|p1|Metagross
|poke|p1|Trevenant, M
|poke|p1|Rotom-Heat
|poke|p1|Tentacruel, F
|poke|p2|Lucario, F
|poke|p2|Nidoking, M
|poke|p2|Flygon, F
|poke|p2|Mew
|poke|p2|Heracross, M
|poke|p2|Houndoom, M
|rule|Swagger Clause: Swagger is banned
|rule|Baton Pass Clause: Limit one PokÃ©mon knowing Baton Pass
|teampreview
|
|start
|switch|p1a: DOOM|Hydreigon, F|325\/325
|switch|p2a: Pink Rat|Mew|404\/404
|turn|1
|
|switch|p1a: Grape Ape|Infernape, M|293\/293
|move|p2a: Pink Rat|Stealth Rock|p1a: Grape Ape
|-sidestart|p1: Friholio|move: Stealth Rock
|
|turn|2
|
|switch|p1a: Sushi|Tentacruel, F|364\/364
|-damage|p1a: Sushi|319\/364|[from] Stealth Rock
|move|p2a: Pink Rat|U-turn|p1a: Sushi
|-resisted|p1a: Sushi
|-damage|p1a: Sushi|295\/364
|
|switch|p2a: Destoroyah|Nidoking, M|304\/304
|
|-heal|p1a: Sushi|317\/364|[from] item: Black Sludge
|turn|3
|
|switch|p1a: Hungry|Trevenant, M|372\/372
|-damage|p1a: Hungry|326\/372|[from] Stealth Rock
|move|p2a: Destoroyah|Earth Power|p1a: Hungry
|-resisted|p1a: Hungry
|-damage|p1a: Hungry|243\/372
|
|turn|4
|
|switch|p1a: Spoder|Metagross|364\/364
|-damage|p1a: Spoder|342\/364|[from] Stealth Rock
|move|p2a: Destoroyah|Ice Beam|p1a: Spoder
|-resisted|p1a: Spoder
|-damage|p1a: Spoder|273\/364
|
|-heal|p1a: Spoder|295\/364|[from] item: Leftovers
|turn|5
|
|move|p1a: Spoder|Bullet Punch|p2a: Destoroyah
|-damage|p2a: Destoroyah|199\/304
|move|p2a: Destoroyah|Earth Power|p1a: Spoder
|-supereffective|p1a: Spoder
|-damage|p1a: Spoder|0 fnt
|faint|p1a: Spoder
|
|
|switch|p1a: Supa Hot Fire|Rotom-Heat|241\/241
|-damage|p1a: Supa Hot Fire|181\/241|[from] Stealth Rock
|turn|6
|
|switch|p2a: Dark Doge|Houndoom, M|291\/291
|move|p1a: Supa Hot Fire|Overheat|p2a: Dark Doge
|-start|p2a: Dark Doge|ability: Flash Fire
|
|turn|7
|
|switch|p1a: Sushi|Tentacruel, F|317\/364
|-damage|p1a: Sushi|272\/364|[from] Stealth Rock
|detailschange|p2a: Dark Doge|Houndoom-Mega, M
|message|Houndoom has Mega Evolved into Mega Houndoom!
|move|p2a: Dark Doge|Flamethrower|p1a: Sushi
|-resisted|p1a: Sushi
|-damage|p1a: Sushi|158\/364
|
|-heal|p1a: Sushi|180\/364|[from] item: Black Sludge
|turn|8
|
|move|p2a: Dark Doge|Nasty Plot|p2a: Dark Doge
|-boost|p2a: Dark Doge|spa|2
|move|p1a: Sushi|Rapid Spin|p2a: Dark Doge
|-damage|p2a: Dark Doge|279\/291
|-sideend|p1: Friholio|Stealth Rock|[from] move: Rapid Spin|[of] p1a: Sushi
|
|-heal|p1a: Sushi|202\/364|[from] item: Black Sludge
|turn|9
|
|move|p2a: Dark Doge|Flamethrower|p1a: Sushi
|-resisted|p1a: Sushi
|-damage|p1a: Sushi|0 fnt
|faint|p1a: Sushi
|
|
|switch|p1a: Supa Hot Fire|Rotom-Heat|181\/241
|turn|10
|
|move|p1a: Supa Hot Fire|Thunder Wave|p2a: Dark Doge
|-status|p2a: Dark Doge|par
|move|p2a: Dark Doge|Dark Pulse|p1a: Supa Hot Fire
|-damage|p1a: Supa Hot Fire|0 fnt
|faint|p1a: Supa Hot Fire
|
|
|switch|p1a: Grape Ape|Infernape, M|293\/293
|turn|11
|
|cant|p2a: Dark Doge|par
|move|p1a: Grape Ape|Fire Blast|p2a: Dark Doge
|-resisted|p2a: Dark Doge
|-damage|p2a: Dark Doge|185\/291 par
|-damage|p1a: Grape Ape|264\/293|[from] item: Life Orb
|
|turn|12
|
|move|p1a: Grape Ape|Mach Punch|p2a: Dark Doge
|-supereffective|p2a: Dark Doge
|-damage|p2a: Dark Doge|0 fnt
|-damage|p1a: Grape Ape|235\/293|[from] item: Life Orb
|faint|p2a: Dark Doge
|
|
|switch|p2a: Perma Glasses|Flygon, F|301\/301
|turn|13
|
|switch|p1a: Hungry|Trevenant, M|243\/372
|move|p2a: Perma Glasses|U-turn|p1a: Hungry
|-damage|p1a: Hungry|151\/372
|
|switch|p2a: Destoroyah|Nidoking, M|199\/304
|-enditem|p1a: Hungry|Sitrus Berry|[eat]
|-heal|p1a: Hungry|244\/372|[from] item: Sitrus Berry
|
|-item|p1a: Hungry|Sitrus Berry|[from] ability: Harvest
|turn|14
|
|move|p2a: Destoroyah|Ice Beam|p1a: Hungry
|-supereffective|p1a: Hungry
|-damage|p1a: Hungry|7\/372
|-enditem|p1a: Hungry|Sitrus Berry|[eat]
|-heal|p1a: Hungry|100\/372|[from] item: Sitrus Berry
|move|p1a: Hungry|Horn Leech|p2a: Destoroyah
|-damage|p2a: Destoroyah|84\/304
|-heal|p1a: Hungry|158\/372|[from] drain|[of] p2a: Destoroyah
|
|turn|15
|
|move|p1a: Hungry|Protect|p1a: Hungry
|-singleturn|p1a: Hungry|Protect
|move|p2a: Destoroyah|Sludge Wave|p1a: Hungry
|-activate|p1a: Hungry|Protect
|
|-item|p1a: Hungry|Sitrus Berry|[from] ability: Harvest
|-enditem|p1a: Hungry|Sitrus Berry|[eat]
|-heal|p1a: Hungry|251\/372|[from] item: Sitrus Berry
|turn|16
|
|move|p2a: Destoroyah|Ice Beam|p1a: Hungry
|-supereffective|p1a: Hungry
|-damage|p1a: Hungry|22\/372
|move|p1a: Hungry|Horn Leech|p2a: Destoroyah
|-damage|p2a: Destoroyah|0 fnt
|-heal|p1a: Hungry|64\/372|[from] drain|[of] p2a: Destoroyah
|faint|p2a: Destoroyah
|
|-item|p1a: Hungry|Sitrus Berry|[from] ability: Harvest
|
|switch|p2a: Dog of the Day|Lucario, F|281\/281
|-enditem|p1a: Hungry|Sitrus Berry|[eat]
|-heal|p1a: Hungry|157\/372|[from] item: Sitrus Berry
|turn|17
|
|move|p2a: Dog of the Day|Crunch|p1a: Hungry
|-supereffective|p1a: Hungry
|-damage|p1a: Hungry|0 fnt
|-damage|p2a: Dog of the Day|253\/281|[from] item: Life Orb
|faint|p1a: Hungry
|
|
|switch|p1a: Grape Ape|Infernape, M|235\/293
|turn|18
|
|switch|p2a: Pink Rat|Mew|404\/404
|move|p1a: Grape Ape|Fire Blast|p2a: Pink Rat
|-damage|p2a: Pink Rat|213\/404
|-damage|p1a: Grape Ape|206\/293|[from] item: Life Orb
|
|-heal|p2a: Pink Rat|238\/404|[from] item: Leftovers
|turn|19
|
|switch|p1a: DOOM|Hydreigon, F|325\/325
|move|p2a: Pink Rat|U-turn|p1a: DOOM
|-supereffective|p1a: DOOM
|-damage|p1a: DOOM|205\/325
|
|switch|p2a: Perma Glasses|Flygon, F|301\/301
|
|turn|20
|
|move|p2a: Perma Glasses|Outrage|p1a: DOOM
|-supereffective|p1a: DOOM
|-damage|p1a: DOOM|0 fnt
|faint|p1a: DOOM
|
|
|switch|p1a: Grape Ape|Infernape, M|206\/293
|turn|21
|chat|Friholio|gg
|chat|Schubbi|gg
|
|move|p2a: Perma Glasses|Outrage|p1a: Grape Ape
|-damage|p1a: Grape Ape|0 fnt
|faint|p1a: Grape Ape
|
|win|Schubbi
|raw|Ladder updating...
|raw|Friholio's rating: 1434 &rarr; <strong>1407<\/strong><br \/>(-27 for losing)
|raw|Schubbi's rating: 1316 &rarr; <strong>1343<\/strong><br \/>(+27 for winning)
|leave|Friholio
|player|p1