|join|jisan19111
|join|Schubbi
|player|p1|jisan19111|266
|player|p2|Schubbi|234
|gametype|singles
|gen|6
|tier|UU
|rated
|rule|Sleep Clause Mod: Limit one foe put to sleep
|rule|Species Clause: Limit one of each PokÃ©mon
|rule|OHKO Clause: OHKO moves are banned
|rule|Moody Clause: Moody is banned
|rule|Evasion Moves Clause: Evasion moves are banned
|rule|Endless Battle Clause: Forcing endless battles is banned
|rule|HP Percentage Mod: HP is reported as percentages
|clearpoke
|poke|p1|Toxicroak, M
|poke|p1|Suicune
|poke|p1|Gligar, M
|poke|p1|Snorlax, F
|poke|p1|Flygon, M
|poke|p1|Victini
|poke|p2|Lucario, F
|poke|p2|Nidoking, M
|poke|p2|Flygon, F
|poke|p2|Mew
|poke|p2|Heracross, F
|poke|p2|Houndoom, M
|rule|Swagger Clause: Swagger is banned
|rule|Baton Pass Clause: Limit one PokÃ©mon knowing Baton Pass
|teampreview
|
|start
|switch|p1a: Flygon|Flygon, M|301\/301
|switch|p2a: Pink Rat|Mew|404\/404
|turn|1
|
|move|p1a: Flygon|U-turn|p2a: Pink Rat
|-supereffective|p2a: Pink Rat
|-damage|p2a: Pink Rat|294\/404
|
|switch|p1a: Gligar|Gligar, M|334\/334
|move|p2a: Pink Rat|Stealth Rock|p1a: Gligar
|-sidestart|p1: jisan19111|move: Stealth Rock
|
|-heal|p2a: Pink Rat|319\/404|[from] item: Leftovers
|turn|2
|
|move|p2a: Pink Rat|Ice Beam|p1a: Gligar
|-supereffective|p1a: Gligar
|-damage|p1a: Gligar|70\/334
|move|p1a: Gligar|Taunt|p2a: Pink Rat
|-start|p2a: Pink Rat|move: Taunt
|
|-heal|p2a: Pink Rat|344\/404|[from] item: Leftovers
|turn|3
|
|switch|p1a: Snorlax|Snorlax, F|524\/524
|-damage|p1a: Snorlax|459\/524|[from] Stealth Rock
|move|p2a: Pink Rat|Ice Beam|p1a: Snorlax
|-damage|p1a: Snorlax|434\/524
|
|-heal|p2a: Pink Rat|369\/404|[from] item: Leftovers
|-heal|p1a: Snorlax|466\/524|[from] item: Leftovers
|turn|4
|
|move|p2a: Pink Rat|U-turn|p1a: Snorlax
|-damage|p1a: Snorlax|401\/524
|
|switch|p2a: Heracross|Heracross, F|301\/301
|move|p1a: Snorlax|Curse|p1a: Snorlax
|-boost|p1a: Snorlax|atk|1
|-boost|p1a: Snorlax|def|1
|-unboost|p1a: Snorlax|spe|1
|
|-heal|p1a: Snorlax|433\/524|[from] item: Leftovers
|turn|5
|
|move|p2a: Heracross|Close Combat|p1a: Snorlax
|-supereffective|p1a: Snorlax
|-damage|p1a: Snorlax|0 fnt
|-unboost|p2a: Heracross|def|1
|-unboost|p2a: Heracross|spd|1
|faint|p1a: Snorlax
|
|
|switch|p1a: Victini|Victini|341\/341
|-damage|p1a: Victini|256\/341|[from] Stealth Rock
|turn|6
|
|switch|p2a: Pink Rat|Mew|369\/404
|move|p1a: Victini|Bolt Strike|p2a: Pink Rat
|-damage|p2a: Pink Rat|211\/404
|
|-heal|p2a: Pink Rat|236\/404|[from] item: Leftovers
|turn|7
|
|switch|p1a: Toxicroak|Toxicroak, M|319\/319
|-damage|p1a: Toxicroak|300\/319|[from] Stealth Rock
|move|p2a: Pink Rat|U-turn|p1a: Toxicroak
|-resisted|p1a: Toxicroak
|-damage|p1a: Toxicroak|281\/319
|
|switch|p2a: Destoroyah|Nidoking, M|304\/304
|
|turn|8
|
|move|p2a: Destoroyah|Ice Beam|p1a: Toxicroak
|-damage|p1a: Toxicroak|151\/319
|move|p1a: Toxicroak|Ice Punch|p2a: Destoroyah
|-supereffective|p2a: Destoroyah
|-damage|p2a: Destoroyah|100\/304
|
|turn|9
|
|move|p1a: Toxicroak|Sucker Punch|p2a: Destoroyah
|-damage|p2a: Destoroyah|0 fnt
|faint|p2a: Destoroyah
|
|
|switch|p2a: Dark Doge|Houndoom, M|291\/291
|turn|10
|
|detailschange|p2a: Dark Doge|Houndoom-Mega, M
|message|Houndoom has Mega Evolved into Mega Houndoom!
|move|p2a: Dark Doge|Flamethrower|p1a: Toxicroak
|-damage|p1a: Toxicroak|0 fnt
|faint|p1a: Toxicroak
|
|
|switch|p1a: Flygon|Flygon, M|301\/301
|-damage|p1a: Flygon|283\/301|[from] Stealth Rock
|turn|11
|
|switch|p2a: Pink Rat|Mew|236\/404
|move|p1a: Flygon|Earthquake|p2a: Pink Rat
|-damage|p2a: Pink Rat|112\/404
|
|-heal|p2a: Pink Rat|137\/404|[from] item: Leftovers
|turn|12
|
|move|p1a: Flygon|Earthquake|p2a: Pink Rat
|-damage|p2a: Pink Rat|16\/404
|move|p2a: Pink Rat|Ice Beam|p1a: Flygon
|-supereffective|p1a: Flygon
|-damage|p1a: Flygon|0 fnt
|faint|p1a: Flygon
|
|-heal|p2a: Pink Rat|41\/404|[from] item: Leftovers
|chat|jisan19111|dangit
|
|switch|p1a: Victini|Victini|256\/341
|-damage|p1a: Victini|171\/341|[from] Stealth Rock
|turn|13
|
|move|p1a: Victini|Bolt Strike|p2a: Pink Rat
|-damage|p2a: Pink Rat|0 fnt
|faint|p2a: Pink Rat
|
|
|switch|p2a: Perma Glasses|Flygon, F|301\/301
|turn|14
|
|switch|p1a: Gligar|Gligar, M|70\/334
|-damage|p1a: Gligar|29\/334|[from] Stealth Rock
|move|p2a: Perma Glasses|Outrage|p1a: Gligar
|-damage|p1a: Gligar|0 fnt
|faint|p1a: Gligar
|
|
|switch|p1a: Victini|Victini|171\/341
|-damage|p1a: Victini|86\/341|[from] Stealth Rock
|turn|15
|
|move|p2a: Perma Glasses|Outrage|p1a: Victini
|-damage|p1a: Victini|0 fnt
|faint|p1a: Victini
|
|-end|p2a: Perma Glasses|rampage
|-start|p2a: Perma Glasses|confusion
|
|switch|p1a: Suicune|Suicune|404\/404
|-damage|p1a: Suicune|354\/404|[from] Stealth Rock
|-ability|p1a: Suicune|Pressure
|turn|16
|
|switch|p2a: Heracross|Heracross, F|301\/301
|move|p1a: Suicune|Calm Mind|p1a: Suicune
|-boost|p1a: Suicune|spa|1
|-boost|p1a: Suicune|spd|1
|
|-heal|p1a: Suicune|379\/404|[from] item: Leftovers
|turn|17
|
|move|p2a: Heracross|Close Combat|p1a: Suicune
|-damage|p1a: Suicune|169\/404
|-unboost|p2a: Heracross|def|1
|-unboost|p2a: Heracross|spd|1
|move|p1a: Suicune|Calm Mind|p1a: Suicune
|-boost|p1a: Suicune|spa|1
|-boost|p1a: Suicune|spd|1
|
|-heal|p1a: Suicune|194\/404|[from] item: Leftovers
|turn|18
|
|move|p2a: Heracross|Close Combat|p1a: Suicune
|-damage|p1a: Suicune|0 fnt
|-unboost|p2a: Heracross|def|1
|-unboost|p2a: Heracross|spd|1
|faint|p1a: Suicune
|
|win|Schubbi
|raw|Ladder updating...
|raw|jisan19111's rating: 1232 &rarr; <strong>1213<\/strong><br \/>(-19 for losing)
|raw|Schubbi's rating: 1321 &rarr; <strong>1336<\/strong><br \/>(+15 for winning)
|leave|jisan19111
|player|p1