|join|StevePapa
|join|Schubbi
|player|p1|StevePapa|162
|player|p2|Schubbi|234
|gametype|singles
|gen|6
|tier|UU
|rated
|rule|Sleep Clause Mod: Limit one foe put to sleep
|rule|Species Clause: Limit one of each PokÃ©mon
|rule|OHKO Clause: OHKO moves are banned
|rule|Moody Clause: Moody is banned
|rule|Evasion Moves Clause: Evasion moves are banned
|rule|Endless Battle Clause: Forcing endless battles is banned
|rule|HP Percentage Mod: HP is reported as percentages
|clearpoke
|poke|p1|Absol, M, shiny
|poke|p1|Lucario, M, shiny
|poke|p1|Arcanine, M
|poke|p1|Metagross
|poke|p1|Crobat, M
|poke|p1|Lanturn, M
|poke|p2|Lucario, M
|poke|p2|Nidoking, M
|poke|p2|Flygon, M
|poke|p2|Mew
|poke|p2|Heracross, F
|poke|p2|Houndoom, M
|rule|Swagger Clause: Swagger is banned
|rule|Baton Pass Clause: Limit one PokÃ©mon knowing Baton Pass
|teampreview
|
|start
|switch|p1a: Absol|Absol, M, shiny|272\/272
|switch|p2a: Perma Glasses|Flygon, M|301\/301
|turn|1
|
|detailschange|p1a: Absol|Absol-Mega, M, shiny
|message|Absol has Mega Evolved into Mega Absol!
|move|p2a: Perma Glasses|U-turn|p1a: Absol
|-supereffective|p1a: Absol
|-damage|p1a: Absol|40\/272
|
|switch|p2a: Houndoom|Houndoom, M|291\/291
|move|p1a: Absol|Knock Off|p2a: Houndoom
|-resisted|p2a: Houndoom
|-damage|p2a: Houndoom|178\/291
|
|turn|2
|
|switch|p1a: Arcanine|Arcanine, M|337\/337
|detailschange|p2a: Houndoom|Houndoom-Mega, M
|message|Houndoom has Mega Evolved into Mega Houndoom!
|move|p2a: Houndoom|Sucker Punch|p1a: Arcanine
|-fail|p1a: Arcanine
|
|turn|3
|
|switch|p2a: Mew|Mew|404\/404
|move|p1a: Arcanine|Extreme Speed|p2a: Mew
|-damage|p2a: Mew|304\/404
|-damage|p1a: Arcanine|304\/337|[from] item: Life Orb
|
|-heal|p2a: Mew|329\/404|[from] item: Leftovers
|turn|4
|
|switch|p1a: Lanturn|Lanturn, M|454\/454
|move|p2a: Mew|U-turn|p1a: Lanturn
|-damage|p1a: Lanturn|383\/454
|
|switch|p2a: Destoroyah|Nidoking, M|304\/304
|
|turn|5
|
|move|p2a: Destoroyah|Earth Power|p1a: Lanturn
|-supereffective|p1a: Lanturn
|-damage|p1a: Lanturn|0 fnt
|faint|p1a: Lanturn
|
|
|switch|p1a: Metagross|Metagross|364\/364
|turn|6
|
|move|p2a: Destoroyah|Earth Power|p1a: Metagross
|-crit|p1a: Metagross
|-supereffective|p1a: Metagross
|-damage|p1a: Metagross|0 fnt
|faint|p1a: Metagross
|
|
|switch|p1a: Crobat|Crobat, M|312\/312
|turn|7
|
|move|p1a: Crobat|Brave Bird|p2a: Destoroyah
|-damage|p2a: Destoroyah|114\/304
|-damage|p1a: Crobat|249\/312|[from] recoil|[of] p2a: Destoroyah
|move|p2a: Destoroyah|Thunderbolt|p1a: Crobat
|-supereffective|p1a: Crobat
|-damage|p1a: Crobat|0 fnt
|faint|p1a: Crobat
|
|
|switch|p1a: Arcanine|Arcanine, M|304\/337
|turn|8
|
|move|p1a: Arcanine|Extreme Speed|p2a: Destoroyah
|-damage|p2a: Destoroyah|0 fnt
|-damage|p1a: Arcanine|271\/337|[from] item: Life Orb
|faint|p2a: Destoroyah
|
|
|switch|p2a: Perma Glasses|Flygon, M|301\/301
|turn|9
|
|move|p1a: Arcanine|Extreme Speed|p2a: Perma Glasses
|-damage|p2a: Perma Glasses|146\/301
|-damage|p1a: Arcanine|238\/337|[from] item: Life Orb
|move|p2a: Perma Glasses|Earthquake|p1a: Arcanine
|-supereffective|p1a: Arcanine
|-damage|p1a: Arcanine|0 fnt
|faint|p1a: Arcanine
|
|
|switch|p1a: Lucario|Lucario, M, shiny|282\/282
|turn|10
|
|move|p2a: Perma Glasses|Earthquake|p1a: Lucario
|-supereffective|p1a: Lucario
|-damage|p1a: Lucario|0 fnt
|faint|p1a: Lucario
|
|
|switch|p1a: Absol|Absol-Mega, M, shiny|40\/272
|turn|11
|
|move|p1a: Absol|Sucker Punch|p2a: Perma Glasses
|-damage|p2a: Perma Glasses|0 fnt
|faint|p2a: Perma Glasses
|
|
|switch|p2a: Dog of the Day|Lucario, M|281\/281
|turn|12
|
|move|p2a: Dog of the Day|Extreme Speed|p1a: Absol
|-damage|p1a: Absol|0 fnt
|-damage|p2a: Dog of the Day|253\/281|[from] item: Life Orb
|faint|p1a: Absol
|
|win|Schubbi
|raw|Ladder updating...
|raw|StevePapa's rating: 1167 &rarr; <strong>1145<\/strong><br \/>(-22 for losing)
|raw|Schubbi's rating: 1214 &rarr; <strong>1235<\/strong><br \/>(+21 for winning)
|leave|StevePapa
|player|p1