|join|Schubbi
|join|awkew
|player|p1|Schubbi|234
|player|p2|awkew|265
|gametype|singles
|gen|6
|tier|UU
|rated
|rule|Sleep Clause Mod: Limit one foe put to sleep
|rule|Species Clause: Limit one of each PokÃ©mon
|rule|OHKO Clause: OHKO moves are banned
|rule|Moody Clause: Moody is banned
|rule|Evasion Moves Clause: Evasion moves are banned
|rule|Endless Battle Clause: Forcing endless battles is banned
|rule|HP Percentage Mod: HP is shown in percentages
|clearpoke
|poke|p1|Mew
|poke|p1|Nidoking, M
|poke|p1|Lucario, F
|poke|p1|Houndoom, M
|poke|p1|Heracross, M
|poke|p1|Flygon, M
|poke|p2|Flygon, F
|poke|p2|Mienshao, F
|poke|p2|Goodra, M
|poke|p2|Crobat, M
|poke|p2|Manaphy
|poke|p2|Rotom-Heat
|rule|Swagger Clause: Swagger is banned
|rule|Baton Pass Clause: Limit one PokÃ©mon knowing Baton Pass
|teampreview
|
|start
|switch|p1a: PinkRat|Mew|404\/404
|switch|p2a: Manaphy|Manaphy|404\/404
|turn|1
|
|move|p1a: PinkRat|Stealth Rock|p2a: Manaphy
|-sidestart|p2: awkew|move: Stealth Rock
|move|p2a: Manaphy|Calm Mind|p2a: Manaphy
|-boost|p2a: Manaphy|spa|1
|-boost|p2a: Manaphy|spd|1
|
|turn|2
|
|switch|p1a: CROSSFIRE!!!|Heracross, M|301\/301
|move|p2a: Manaphy|Calm Mind|p2a: Manaphy
|-boost|p2a: Manaphy|spa|1
|-boost|p2a: Manaphy|spd|1
|
|turn|3
|
|move|p1a: CROSSFIRE!!!|Swords Dance|p1a: CROSSFIRE!!!
|-boost|p1a: CROSSFIRE!!!|atk|2
|move|p2a: Manaphy|Scald|p1a: CROSSFIRE!!!
|-damage|p1a: CROSSFIRE!!!|94\/301
|-status|p1a: CROSSFIRE!!!|brn
|
|-heal|p1a: CROSSFIRE!!!|112\/301 brn|[from] item: Leftovers
|-damage|p1a: CROSSFIRE!!!|75\/301 brn|[from] brn
|turn|4
|
|move|p1a: CROSSFIRE!!!|Close Combat|p2a: Manaphy
|-damage|p2a: Manaphy|0 fnt
|-unboost|p1a: CROSSFIRE!!!|def|1
|-unboost|p1a: CROSSFIRE!!!|spd|1
|faint|p2a: Manaphy
|
|-heal|p1a: CROSSFIRE!!!|93\/301 brn|[from] item: Leftovers
|-damage|p1a: CROSSFIRE!!!|56\/301 brn|[from] brn
|
|switch|p2a: Flygon|Flygon, F|302\/302
|-damage|p2a: Flygon|284\/302|[from] Stealth Rock
|turn|5
|
|switch|p1a: PinkRat|Mew|404\/404
|move|p2a: Flygon|U-turn|p1a: PinkRat
|-supereffective|p1a: PinkRat
|-damage|p1a: PinkRat|318\/404
|
|switch|p2a: Mienshao|Mienshao, F|271\/271
|-damage|p2a: Mienshao|255\/271|[from] Stealth Rock
|
|-heal|p1a: PinkRat|343\/404|[from] item: Leftovers
|turn|6
|
|move|p2a: Mienshao|Knock Off|p1a: PinkRat
|-supereffective|p1a: PinkRat
|-damage|p1a: PinkRat|125\/404
|-enditem|p1a: PinkRat|Leftovers|[from] move: Knock Off|[of] p2a: Mienshao
|-damage|p2a: Mienshao|228\/271|[from] item: Life Orb
|move|p1a: PinkRat|Ice Beam|p2a: Mienshao
|-damage|p2a: Mienshao|117\/271
|
|turn|7
|
|move|p2a: Mienshao|U-turn|p1a: PinkRat
|-supereffective|p1a: PinkRat
|-damage|p1a: PinkRat|0 fnt
|-damage|p2a: Mienshao|90\/271|[from] item: Life Orb
|faint|p1a: PinkRat
|
|switch|p2a: Crobat|Crobat, M|311\/311
|-damage|p2a: Crobat|234\/311|[from] Stealth Rock
|
|-heal|p2a: Crobat|253\/311|[from] item: Black Sludge
|
|switch|p1a: Dog of the Day|Lucario, F|281\/281
|turn|8
|
|move|p2a: Crobat|Defog|p1a: Dog of the Day
|-unboost|p1a: Dog of the Day|evasion|1
|-sideend|p2: awkew|Stealth Rock|[from] move: Defog|[of] p2a: Crobat
|move|p1a: Dog of the Day|Swords Dance|p1a: Dog of the Day
|-boost|p1a: Dog of the Day|atk|2
|
|-heal|p2a: Crobat|272\/311|[from] item: Black Sludge
|turn|9
|
|move|p1a: Dog of the Day|Extreme Speed|p2a: Crobat
|-damage|p2a: Crobat|0 fnt
|-damage|p1a: Dog of the Day|253\/281|[from] item: Life Orb
|faint|p2a: Crobat
|
|
|switch|p2a: Rotom-Heat|Rotom-Heat|304\/304
|turn|10
|
|move|p1a: Dog of the Day|Close Combat|p2a: Rotom-Heat
|-damage|p2a: Rotom-Heat|0 fnt
|-unboost|p1a: Dog of the Day|def|1
|-unboost|p1a: Dog of the Day|spd|1
|-damage|p1a: Dog of the Day|225\/281|[from] item: Life Orb
|faint|p2a: Rotom-Heat
|
|
|switch|p2a: Mienshao|Mienshao, F|180\/271
|turn|11
|
|move|p1a: Dog of the Day|Extreme Speed|p2a: Mienshao
|-damage|p2a: Mienshao|0 fnt
|-damage|p1a: Dog of the Day|197\/281|[from] item: Life Orb
|faint|p2a: Mienshao
|
|-message|awkew forfeited.
|
|win|Schubbi
|raw|Ladder updating...
|raw|Schubbi's rating: 1449 &rarr; <strong>1464<\/strong><br \/>(+15 for winning)
|raw|awkew's rating: 1358 &rarr; <strong>1344<\/strong><br \/>(-14 for losing)
|leave|awkew
|player|p2