|join|Furzmulde
|join|Schubbi
|player|p1|Furzmulde|101
|player|p2|Schubbi|234
|gametype|singles
|gen|6
|tier|UU
|rated
|rule|Sleep Clause Mod: Limit one foe put to sleep
|rule|Species Clause: Limit one of each PokÃ©mon
|rule|OHKO Clause: OHKO moves are banned
|rule|Moody Clause: Moody is banned
|rule|Evasion Moves Clause: Evasion moves are banned
|rule|Endless Battle Clause: Forcing endless battles is banned
|rule|HP Percentage Mod: HP is reported as percentages
|clearpoke
|poke|p1|Nidoking, M
|poke|p1|Mienshao, F
|poke|p1|Crobat, F
|poke|p1|Krookodile, M
|poke|p1|Blissey, F
|poke|p1|Alomomola, F
|poke|p2|Lucario, F
|poke|p2|Nidoking, M
|poke|p2|Flygon, F
|poke|p2|Mew
|poke|p2|Heracross, F
|poke|p2|Houndoom, M
|rule|Swagger Clause: Swagger is banned
|rule|Baton Pass Clause: Limit one PokÃ©mon knowing Baton Pass
|teampreview
|
|start
|switch|p1a: Crobat|Crobat, F|319\/319
|switch|p2a: Pink Rat|Mew|404\/404
|turn|1
|
|move|p1a: Crobat|U-turn|p2a: Pink Rat
|-supereffective|p2a: Pink Rat
|-damage|p2a: Pink Rat|282\/404
|
|switch|p1a: Krookodile|Krookodile, M|332\/332
|move|p2a: Pink Rat|Stealth Rock|p1a: Krookodile
|-sidestart|p1: Furzmulde|move: Stealth Rock
|
|-heal|p2a: Pink Rat|307\/404|[from] item: Leftovers
|turn|2
|
|move|p1a: Krookodile|Pursuit|p2a: Pink Rat
|-crit|p2a: Pink Rat
|-supereffective|p2a: Pink Rat
|-damage|p2a: Pink Rat|133\/404
|move|p2a: Pink Rat|Ice Beam|p1a: Krookodile
|-supereffective|p1a: Krookodile
|-damage|p1a: Krookodile|210\/332
|
|-heal|p2a: Pink Rat|158\/404|[from] item: Leftovers
|turn|3
|
|move|p1a: Krookodile|Knock Off|p2a: Pink Rat
|-crit|p2a: Pink Rat
|-supereffective|p2a: Pink Rat
|-damage|p2a: Pink Rat|0 fnt
|-enditem|p2a: Pink Rat|Leftovers|[from] move: Knock Off|[of] p1a: Krookodile
|faint|p2a: Pink Rat
|-boost|p1a: Krookodile|atk|1|[from] ability: Moxie
|
|
|switch|p2a: Perma Glasses|Flygon, F|301\/301
|turn|4
|
|move|p2a: Perma Glasses|U-turn|p1a: Krookodile
|-supereffective|p1a: Krookodile
|-damage|p1a: Krookodile|24\/332
|
|switch|p2a: Dark Doge|Houndoom, M|291\/291
|move|p1a: Krookodile|Knock Off|p2a: Dark Doge
|-resisted|p2a: Dark Doge
|-damage|p2a: Dark Doge|143\/291
|
|turn|5
|
|detailschange|p2a: Dark Doge|Houndoom-Mega, M
|message|Houndoom has Mega Evolved into Mega Houndoom!
|move|p2a: Dark Doge|Sucker Punch|p1a: Krookodile
|-resisted|p1a: Krookodile
|-damage|p1a: Krookodile|0 fnt
|faint|p1a: Krookodile
|
|
|switch|p1a: Blissey|Blissey, F|714\/714
|-damage|p1a: Blissey|625\/714|[from] Stealth Rock
|turn|6
|
|switch|p2a: Dog of the Day|Lucario, F|281\/281
|move|p1a: Blissey|Seismic Toss|p2a: Dog of the Day
|-damage|p2a: Dog of the Day|181\/281
|
|-heal|p1a: Blissey|669\/714|[from] item: Leftovers
|turn|7
|
|switch|p1a: Crobat|Crobat, F|319\/319
|-damage|p1a: Crobat|240\/319|[from] Stealth Rock
|move|p2a: Dog of the Day|Swords Dance|p2a: Dog of the Day
|-boost|p2a: Dog of the Day|atk|2
|
|-heal|p1a: Crobat|259\/319|[from] item: Leftovers
|turn|8
|
|move|p2a: Dog of the Day|Extreme Speed|p1a: Crobat
|-damage|p1a: Crobat|0 fnt
|-damage|p2a: Dog of the Day|153\/281|[from] item: Life Orb
|faint|p1a: Crobat
|
|
|switch|p1a: Alomomola|Alomomola, F|534\/534
|-damage|p1a: Alomomola|468\/534|[from] Stealth Rock
|turn|9
|
|move|p2a: Dog of the Day|Close Combat|p1a: Alomomola
|-damage|p1a: Alomomola|49\/534
|-unboost|p2a: Dog of the Day|def|1
|-unboost|p2a: Dog of the Day|spd|1
|-damage|p2a: Dog of the Day|125\/281|[from] item: Life Orb
|move|p1a: Alomomola|Scald|p2a: Dog of the Day
|-damage|p2a: Dog of the Day|34\/281
|
|-heal|p1a: Alomomola|82\/534|[from] item: Leftovers
|turn|10
|
|move|p2a: Dog of the Day|Crunch|p1a: Alomomola
|-damage|p1a: Alomomola|0 fnt
|-damage|p2a: Dog of the Day|6\/281|[from] item: Life Orb
|faint|p1a: Alomomola
|
|
|switch|p1a: Mienshao|Mienshao, F|271\/271
|-damage|p1a: Mienshao|255\/271|[from] Stealth Rock
|turn|11
|
|move|p1a: Mienshao|Fake Out|p2a: Dog of the Day
|-resisted|p2a: Dog of the Day
|-damage|p2a: Dog of the Day|0 fnt
|-damage|p1a: Mienshao|228\/271|[from] item: Life Orb
|faint|p2a: Dog of the Day
|
|
|switch|p2a: Perma Glasses|Flygon, F|301\/301
|turn|12
|
|move|p2a: Perma Glasses|Earthquake|p1a: Mienshao
|-damage|p1a: Mienshao|0 fnt
|faint|p1a: Mienshao
|
|
|switch|p1a: Nidoking|Nidoking, M|303\/303
|-damage|p1a: Nidoking|285\/303|[from] Stealth Rock
|turn|13
|
|move|p2a: Perma Glasses|Earthquake|p1a: Nidoking
|-supereffective|p1a: Nidoking
|-damage|p1a: Nidoking|0 fnt
|faint|p1a: Nidoking
|
|chat|Furzmulde|gg
|
|switch|p1a: Blissey|Blissey, F|669\/714
|-damage|p1a: Blissey|580\/714|[from] Stealth Rock
|turn|14
|chat|Schubbi|gg
|
|move|p2a: Perma Glasses|Earthquake|p1a: Blissey
|-crit|p1a: Blissey
|-damage|p1a: Blissey|145\/714
|move|p1a: Blissey|Wish|p1a: Blissey
|
|-heal|p1a: Blissey|189\/714|[from] item: Leftovers
|turn|15
|
|move|p2a: Perma Glasses|Earthquake|p1a: Blissey
|-damage|p1a: Blissey|0 fnt
|faint|p1a: Blissey
|
|win|Schubbi
|raw|Ladder updating...
|raw|Furzmulde's rating: 1420 &rarr; <strong>1396<\/strong><br \/>(-24 for losing)
|raw|Schubbi's rating: 1356 &rarr; <strong>1379<\/strong><br \/>(+23 for winning)
|leave|Furzmulde
|player|p1