|join|ActAgain
|join|Schubbi
|player|p1|ActAgain|102
|player|p2|Schubbi|234
|gametype|singles
|gen|6
|tier|UU
|rated
|rule|Sleep Clause Mod: Limit one foe put to sleep
|rule|Species Clause: Limit one of each PokÃ©mon
|rule|OHKO Clause: OHKO moves are banned
|rule|Moody Clause: Moody is banned
|rule|Evasion Moves Clause: Evasion moves are banned
|rule|Endless Battle Clause: Forcing endless battles is banned
|rule|HP Percentage Mod: HP is shown in percentages
|clearpoke
|poke|p1|Lopunny, F
|poke|p1|Crobat, F
|poke|p1|Alakazam, F
|poke|p1|Empoleon, F
|poke|p1|Hydreigon, M
|poke|p1|Trevenant, M
|poke|p2|Pidgeot, M
|poke|p2|Lucario, F
|poke|p2|Forretress, F, shiny
|poke|p2|Swampert, M
|poke|p2|Florges, F
|poke|p2|Krookodile, F
|rule|Swagger Clause: Swagger is banned
|rule|Baton Pass Clause: Limit one PokÃ©mon knowing Baton Pass
|teampreview
|
|start
|switch|p1a: Empoleon|Empoleon, F|372\/372
|switch|p2a: Krookodile|Krookodile, F|331\/331
|-ability|p2a: Krookodile|Intimidate|[of] p1a: Empoleon
|-unboost|p1a: Empoleon|atk|1
|turn|1
|
|move|p2a: Krookodile|Knock Off|p1a: Empoleon
|-damage|p1a: Empoleon|194\/372
|-enditem|p1a: Empoleon|Leftovers|[from] move: Knock Off|[of] p2a: Krookodile
|move|p1a: Empoleon|Hydro Pump|p2a: Krookodile
|-supereffective|p2a: Krookodile
|-damage|p2a: Krookodile|0 fnt
|faint|p2a: Krookodile
|
|
|switch|p2a: Dog of the day|Lucario, F|281\/281
|turn|2
|
|switch|p1a: Crobat|Crobat, F|374\/374
|move|p2a: Dog of the day|Close Combat|p1a: Crobat
|-resisted|p1a: Crobat
|-damage|p1a: Crobat|287\/374
|-unboost|p2a: Dog of the day|def|1
|-unboost|p2a: Dog of the day|spd|1
|-damage|p2a: Dog of the day|253\/281|[from] item: Life Orb
|
|-heal|p1a: Crobat|310\/374|[from] item: Black Sludge
|turn|3
|
|switch|p2a: TeamPLAYER|Swampert, M|404\/404
|move|p1a: Crobat|U-turn|p2a: TeamPLAYER
|-damage|p2a: TeamPLAYER|361\/404
|
|switch|p1a: Alakazam|Alakazam, F|252\/252
|
|-heal|p2a: TeamPLAYER|386\/404|[from] item: Leftovers
|turn|4
|
|switch|p2a: Snitch|Forretress, F, shiny|354\/354
|move|p1a: Alakazam|Energy Ball|p2a: Snitch
|-resisted|p2a: Snitch
|-damage|p2a: Snitch|319\/354
|
|-heal|p2a: Snitch|341\/354|[from] item: Leftovers
|turn|5
|
|move|p1a: Alakazam|Focus Blast|p2a: Snitch
|-damage|p2a: Snitch|166\/354
|move|p2a: Snitch|Gyro Ball|p1a: Alakazam
|-damage|p1a: Alakazam|3\/252
|
|-heal|p2a: Snitch|188\/354|[from] item: Leftovers
|turn|6
|
|switch|p1a: Empoleon|Empoleon, F|194\/372
|move|p2a: Snitch|Volt Switch|p1a: Empoleon
|-supereffective|p1a: Empoleon
|-damage|p1a: Empoleon|124\/372
|
|switch|p2a: Dog of the day|Lucario, F|253\/281
|
|turn|7
|
|move|p2a: Dog of the day|Close Combat|p1a: Empoleon
|-supereffective|p1a: Empoleon
|-damage|p1a: Empoleon|0 fnt
|-unboost|p2a: Dog of the day|def|1
|-unboost|p2a: Dog of the day|spd|1
|-damage|p2a: Dog of the day|225\/281|[from] item: Life Orb
|faint|p1a: Empoleon
|
|
|switch|p1a: Lopunny|Lopunny, F|272\/272
|turn|8
|
|switch|p2a: Snitch|Forretress, F, shiny|188\/354
|detailschange|p1a: Lopunny|Lopunny-Mega, F
|message|Lopunny has Mega Evolved into Mega Lopunny!
|move|p1a: Lopunny|High Jump Kick|p2a: Snitch
|-damage|p2a: Snitch|4\/354
|
|-heal|p2a: Snitch|26\/354|[from] item: Leftovers
|turn|9
|
|move|p1a: Lopunny|Return|p2a: Snitch
|-resisted|p2a: Snitch
|-damage|p2a: Snitch|0 fnt
|faint|p2a: Snitch
|
|
|switch|p2a: TeamPLAYER|Swampert, M|386\/404
|turn|10
|
|switch|p1a: Trevenant|Trevenant, M|374\/374
|move|p2a: TeamPLAYER|Scald|p1a: Trevenant
|-resisted|p1a: Trevenant
|-damage|p1a: Trevenant|332\/374
|-status|p1a: Trevenant|brn
|-enditem|p1a: Trevenant|Lum Berry|[eat]
|-curestatus|p1a: Trevenant|brn
|
|-heal|p2a: TeamPLAYER|404\/404|[from] item: Leftovers
|-item|p1a: Trevenant|Lum Berry|[from] ability: Harvest
|turn|11
|
|switch|p2a: DaBozzInDaHood|Pidgeot, M|307\/307
|move|p1a: Trevenant|Leech Seed|p2a: DaBozzInDaHood
|-start|p2a: DaBozzInDaHood|move: Leech Seed
|
|-damage|p2a: DaBozzInDaHood|269\/307|[from] Leech Seed|[of] p1a: Trevenant
|-heal|p1a: Trevenant|370\/374|[silent]
|turn|12
|
|switch|p1a: Alakazam|Alakazam, F|3\/252
|detailschange|p2a: DaBozzInDaHood|Pidgeot-Mega, M
|message|Pidgeot has Mega Evolved into Mega Pidgeot!
|move|p2a: DaBozzInDaHood|Hurricane|p1a: Alakazam
|-damage|p1a: Alakazam|0 fnt
|faint|p1a: Alakazam
|
|
|switch|p1a: Lopunny|Lopunny-Mega, F|272\/272
|turn|13
|
|switch|p2a: TeamPLAYER|Swampert, M|404\/404
|move|p1a: Lopunny|High Jump Kick|p2a: TeamPLAYER
|-damage|p2a: TeamPLAYER|212\/404
|
|-heal|p2a: TeamPLAYER|237\/404|[from] item: Leftovers
|turn|14
|
|move|p1a: Lopunny|High Jump Kick|p2a: TeamPLAYER
|-damage|p2a: TeamPLAYER|44\/404
|move|p2a: TeamPLAYER|Scald|p1a: Lopunny
|-damage|p1a: Lopunny|137\/272
|
|-heal|p2a: TeamPLAYER|69\/404|[from] item: Leftovers
|turn|15
|
|move|p1a: Lopunny|Return|p2a: TeamPLAYER
|-damage|p2a: TeamPLAYER|0 fnt
|faint|p2a: TeamPLAYER
|
|
|switch|p2a: Dog of the day|Lucario, F|225\/281
|turn|16
|
|switch|p1a: Trevenant|Trevenant, M|370\/374
|move|p2a: Dog of the day|Extreme Speed|p1a: Trevenant
|-immune|p1a: Trevenant|[msg]
|
|turn|17
|
|switch|p2a: DaBozzInDaHood|Pidgeot-Mega, M|269\/307
|move|p1a: Trevenant|Leech Seed|p2a: DaBozzInDaHood
|-start|p2a: DaBozzInDaHood|move: Leech Seed
|
|-damage|p2a: DaBozzInDaHood|231\/307|[from] Leech Seed|[of] p1a: Trevenant
|-heal|p1a: Trevenant|374\/374|[silent]
|turn|18
|
|move|p2a: DaBozzInDaHood|Hurricane|p1a: Trevenant
|-supereffective|p1a: Trevenant
|-damage|p1a: Trevenant|0 fnt
|faint|p1a: Trevenant
|
|
|switch|p1a: Lopunny|Lopunny-Mega, F|137\/272
|turn|19
|
|switch|p2a: Florges|Florges, F|360\/360
|move|p1a: Lopunny|Return|p2a: Florges
|-damage|p2a: Florges|93\/360
|
|-heal|p2a: Florges|115\/360|[from] item: Leftovers
|turn|20
|
|move|p2a: Florges|Protect|p2a: Florges
|-singleturn|p2a: Florges|Protect
|move|p1a: Lopunny|High Jump Kick|p2a: Florges
|-activate|p2a: Florges|Protect
|-damage|p1a: Lopunny|1\/272|[from] highjumpkick
|
|-heal|p2a: Florges|137\/360|[from] item: Leftovers
|turn|21
|
|switch|p2a: Dog of the day|Lucario, F|225\/281
|move|p1a: Lopunny|Return|p2a: Dog of the day
|-resisted|p2a: Dog of the day
|-damage|p2a: Dog of the day|95\/281
|
|turn|22
|
|move|p2a: Dog of the day|Extreme Speed|p1a: Lopunny
|-damage|p1a: Lopunny|0 fnt
|-damage|p2a: Dog of the day|67\/281|[from] item: Life Orb
|faint|p1a: Lopunny
|
|
|switch|p1a: Crobat|Crobat, F|310\/374
|turn|23
|
|move|p2a: Dog of the day|Extreme Speed|p1a: Crobat
|-damage|p1a: Crobat|168\/374
|-damage|p2a: Dog of the day|39\/281|[from] item: Life Orb
|move|p1a: Crobat|Brave Bird|p2a: Dog of the day
|-damage|p2a: Dog of the day|0 fnt
|-damage|p1a: Crobat|155\/374|[from] recoil|[of] p2a: Dog of the day
|faint|p2a: Dog of the day
|
|-heal|p1a: Crobat|178\/374|[from] item: Black Sludge
|
|switch|p2a: DaBozzInDaHood|Pidgeot-Mega, M|231\/307
|turn|24
|
|move|p2a: DaBozzInDaHood|Hurricane|p1a: Crobat
|-damage|p1a: Crobat|0 fnt
|faint|p1a: Crobat
|
|
|switch|p1a: Hydreigon|Hydreigon, M|325\/325
|turn|25
|
|move|p1a: Hydreigon|Fire Blast|p2a: DaBozzInDaHood
|-damage|p2a: DaBozzInDaHood|90\/307
|move|p2a: DaBozzInDaHood|Hurricane|p1a: Hydreigon
|-damage|p1a: Hydreigon|118\/325
|
|turn|26
|-message|ActAgain forfeited.
|
|win|Schubbi
|raw|Ladder updating...
|leave|ActAgain
|player|p1