|join|Bl153
|join|Mohammad
|player|p1|Bl153|101
|player|p2|Mohammad|239
|gametype|singles
|gen|6
|tier|ORAS OU
|rated
|rule|Sleep Clause Mod: Limit one foe put to sleep
|rule|Species Clause: Limit one of each PokÃ©mon
|rule|OHKO Clause: OHKO moves are banned
|rule|Moody Clause: Moody is banned
|rule|Evasion Moves Clause: Evasion moves are banned
|rule|Endless Battle Clause: Forcing endless battles is banned
|rule|HP Percentage Mod: HP is shown in percentages
|clearpoke
|poke|p1|Beedrill, M
|poke|p1|Porygon2
|poke|p1|Rotom-Wash
|poke|p1|Landorus, M
|poke|p1|Ferrothorn, M
|poke|p1|Mew
|poke|p2|Sharpedo, F, shiny
|poke|p2|Togekiss, F, shiny
|poke|p2|Gengar, M, shiny
|poke|p2|Landorus-Therian, M, shiny
|poke|p2|Infernape, M, shiny
|poke|p2|Ferrothorn, M, shiny
|rule|Swagger Clause: Swagger is banned
|rule|Baton Pass Clause: Limit one PokÃ©mon knowing Baton Pass
|teampreview
|c|âBl153|gl hf
|c|âMohammad|gl
|c|âBl153|Jaws is here
|
|start
|switch|p1a: Rotom-Wash|Rotom-Wash|303\/303
|switch|p2a: Landorus-Therian|Landorus-Therian, M, shiny|382\/382
|-ability|p2a: Landorus-Therian|Intimidate|[of] p1a: Rotom-Wash
|-unboost|p1a: Rotom-Wash|atk|1
|turn|1
|
|move|p2a: Landorus-Therian|Stealth Rock|p1a: Rotom-Wash
|-sidestart|p1: Bl153|move: Stealth Rock
|move|p1a: Rotom-Wash|Will-O-Wisp|p2a: Landorus-Therian
|-status|p2a: Landorus-Therian|brn
|
|-damage|p2a: Landorus-Therian|335\/382 brn|[from] brn
|turn|2
|
|move|p2a: Landorus-Therian|U-turn|p1a: Rotom-Wash
|-damage|p1a: Rotom-Wash|266\/303
|
|switch|p2a: Ferrothorn|Ferrothorn, M, shiny|352\/352
|move|p1a: Rotom-Wash|Hydro Pump|p2a: Ferrothorn
|-resisted|p2a: Ferrothorn
|-damage|p2a: Ferrothorn|294\/352
|
|-heal|p1a: Rotom-Wash|284\/303|[from] item: Leftovers
|-heal|p2a: Ferrothorn|316\/352|[from] item: Leftovers
|turn|3
|
|move|p1a: Rotom-Wash|Will-O-Wisp|p2a: Ferrothorn|[miss]
|-miss|p1a: Rotom-Wash|p2a: Ferrothorn
|move|p2a: Ferrothorn|Power Whip|p1a: Rotom-Wash
|-supereffective|p1a: Rotom-Wash
|-damage|p1a: Rotom-Wash|80\/303
|
|-heal|p1a: Rotom-Wash|98\/303|[from] item: Leftovers
|-heal|p2a: Ferrothorn|338\/352|[from] item: Leftovers
|turn|4
|
|switch|p2a: Infernape|Infernape, M, shiny|294\/294
|move|p1a: Rotom-Wash|Pain Split|p2a: Infernape
|-sethp|p2a: Infernape|196\/294|p1a: Rotom-Wash|196\/303|[from] move: Pain Split
|
|-heal|p1a: Rotom-Wash|214\/303|[from] item: Leftovers
|turn|5
|
|move|p2a: Infernape|Close Combat|p1a: Rotom-Wash
|-damage|p1a: Rotom-Wash|67\/303
|-unboost|p2a: Infernape|def|1
|-unboost|p2a: Infernape|spd|1
|move|p1a: Rotom-Wash|Pain Split|p2a: Infernape
|-sethp|p2a: Infernape|131\/294|p1a: Rotom-Wash|131\/303|[from] move: Pain Split
|
|-heal|p1a: Rotom-Wash|149\/303|[from] item: Leftovers
|turn|6
|
|switch|p1a: Mew|Mew|403\/403
|-damage|p1a: Mew|353\/403|[from] Stealth Rock
|move|p2a: Infernape|Close Combat|p1a: Mew
|-resisted|p1a: Mew
|-damage|p1a: Mew|265\/403
|-unboost|p2a: Infernape|def|1
|-unboost|p2a: Infernape|spd|1
|
|-heal|p1a: Mew|290\/403|[from] item: Leftovers
|turn|7
|
|switch|p2a: Sharpedo|Sharpedo, F, shiny|282\/282
|move|p1a: Mew|Defog|p2a: Sharpedo
|-unboost|p2a: Sharpedo|evasion|1
|-sideend|p1: Bl153|Stealth Rock|[from] move: Defog|[of] p1a: Mew
|
|-heal|p1a: Mew|315\/403|[from] item: Leftovers
|turn|8
|
|move|p2a: Sharpedo|Protect|p2a: Sharpedo
|-singleturn|p2a: Sharpedo|Protect
|move|p1a: Mew|Volt Switch|p2a: Sharpedo
|-activate|p2a: Sharpedo|Protect
|
|-heal|p1a: Mew|340\/403|[from] item: Leftovers
|-boost|p2a: Sharpedo|spe|1|[from] ability: Speed Boost
|turn|9
|
|switch|p1a: Porygon2|Porygon2|374\/374
|-ability|p1a: Porygon2|Speed Boost|[from] ability: Trace|[of] p2a: Sharpedo
|detailschange|p2a: Sharpedo|Sharpedo-Mega, F, shiny
|message|Sharpedo has Mega Evolved into Mega Sharpedo!
|move|p2a: Sharpedo|Crunch|p1a: Porygon2
|-damage|p1a: Porygon2|217\/374
|
|turn|10
|
|move|p2a: Sharpedo|Crunch|p1a: Porygon2
|-damage|p1a: Porygon2|46\/374
|move|p1a: Porygon2|Discharge|p2a: Sharpedo
|-supereffective|p2a: Sharpedo
|-damage|p2a: Sharpedo|94\/282
|
|-boost|p1a: Porygon2|spe|1|[from] ability: Speed Boost
|turn|11
|
|move|p2a: Sharpedo|Crunch|p1a: Porygon2
|-damage|p1a: Porygon2|0 fnt
|faint|p1a: Porygon2
|
|
|switch|p1a: Ferrothorn|Ferrothorn, M|351\/351
|turn|12
|
|move|p2a: Sharpedo|Crunch|p1a: Ferrothorn
|-damage|p1a: Ferrothorn|198\/351
|-damage|p2a: Sharpedo|59\/282|[from] ability: Iron Barbs|[of] p1a: Ferrothorn
|-unboost|p1a: Ferrothorn|def|1
|move|p1a: Ferrothorn|Leech Seed|p2a: Sharpedo
|-start|p2a: Sharpedo|move: Leech Seed
|
|-heal|p1a: Ferrothorn|219\/351|[from] item: Leftovers
|-damage|p2a: Sharpedo|24\/282|[from] Leech Seed|[of] p1a: Ferrothorn
|-heal|p1a: Ferrothorn|254\/351|[silent]
|turn|13
|
|switch|p2a: Infernape|Infernape, M, shiny|131\/294
|switch|p1a: Rotom-Wash|Rotom-Wash|149\/303
|
|-heal|p1a: Rotom-Wash|167\/303|[from] item: Leftovers
|turn|14
|
|move|p2a: Infernape|Close Combat|p1a: Rotom-Wash
|-damage|p1a: Rotom-Wash|31\/303
|-unboost|p2a: Infernape|def|1
|-unboost|p2a: Infernape|spd|1
|move|p1a: Rotom-Wash|Hydro Pump|p2a: Infernape
|-supereffective|p2a: Infernape
|-damage|p2a: Infernape|0 fnt
|faint|p2a: Infernape
|
|-heal|p1a: Rotom-Wash|49\/303|[from] item: Leftovers
|
|switch|p2a: Sharpedo|Sharpedo-Mega, F, shiny|24\/282
|turn|15
|
|switch|p1a: Ferrothorn|Ferrothorn, M|254\/351
|move|p2a: Sharpedo|Crunch|p1a: Ferrothorn
|-damage|p1a: Ferrothorn|97\/351
|-damage|p2a: Sharpedo|0 fnt|[from] ability: Iron Barbs|[of] p1a: Ferrothorn
|faint|p2a: Sharpedo
|
|-heal|p1a: Ferrothorn|118\/351|[from] item: Leftovers
|
|switch|p2a: Gengar|Gengar, M, shiny|262\/262
|turn|16
|
|move|p2a: Gengar|Shadow Ball|p1a: Ferrothorn
|-damage|p1a: Ferrothorn|0 fnt
|-damage|p2a: Gengar|236\/262|[from] item: Life Orb
|faint|p1a: Ferrothorn
|
|
|switch|p1a: Landorus|Landorus, M|319\/319
|turn|17
|
|move|p2a: Gengar|Shadow Ball|p1a: Landorus
|-damage|p1a: Landorus|81\/319
|-damage|p2a: Gengar|210\/262|[from] item: Life Orb
|move|p1a: Landorus|Psychic|p2a: Gengar
|-supereffective|p2a: Gengar
|-damage|p2a: Gengar|0 fnt
|faint|p2a: Gengar
|
|
|switch|p2a: Landorus-Therian|Landorus-Therian, M, shiny|335\/382 brn
|-ability|p2a: Landorus-Therian|Intimidate|[of] p1a: Landorus
|-unboost|p1a: Landorus|atk|1
|turn|18
|
|switch|p1a: Mew|Mew|340\/403
|move|p2a: Landorus-Therian|Stone Edge|p1a: Mew
|-damage|p1a: Mew|274\/403
|
|-heal|p1a: Mew|299\/403|[from] item: Leftovers
|-heal|p2a: Landorus-Therian|358\/382 brn|[from] item: Leftovers
|-damage|p2a: Landorus-Therian|311\/382 brn|[from] brn
|turn|19
|
|move|p1a: Mew|Aura Sphere|p2a: Landorus-Therian
|-crit|p2a: Landorus-Therian
|-resisted|p2a: Landorus-Therian
|-damage|p2a: Landorus-Therian|253\/382 brn
|move|p2a: Landorus-Therian|Stealth Rock|p1a: Mew
|-sidestart|p1: Bl153|move: Stealth Rock
|
|-heal|p1a: Mew|324\/403|[from] item: Leftovers
|-heal|p2a: Landorus-Therian|276\/382 brn|[from] item: Leftovers
|-damage|p2a: Landorus-Therian|229\/382 brn|[from] brn
|turn|20
|
|move|p1a: Mew|Defog|p2a: Landorus-Therian
|-unboost|p2a: Landorus-Therian|evasion|1
|-sideend|p1: Bl153|Stealth Rock|[from] move: Defog|[of] p1a: Mew
|move|p2a: Landorus-Therian|U-turn|p1a: Mew
|-supereffective|p1a: Mew
|-damage|p1a: Mew|226\/403
|
|switch|p2a: Ferrothorn|Ferrothorn, M, shiny|338\/352
|
|-heal|p1a: Mew|251\/403|[from] item: Leftovers
|-heal|p2a: Ferrothorn|352\/352|[from] item: Leftovers
|turn|21
|
|move|p1a: Mew|Aura Sphere|p2a: Ferrothorn
|-supereffective|p2a: Ferrothorn
|-damage|p2a: Ferrothorn|246\/352
|move|p2a: Ferrothorn|Leech Seed|p1a: Mew
|-start|p1a: Mew|move: Leech Seed
|
|-heal|p1a: Mew|276\/403|[from] item: Leftovers
|-heal|p2a: Ferrothorn|268\/352|[from] item: Leftovers
|-damage|p1a: Mew|226\/403|[from] Leech Seed|[of] p2a: Ferrothorn
|-heal|p2a: Ferrothorn|318\/352|[silent]
|turn|22
|
|switch|p1a: Beedrill|Beedrill, M|271\/271
|move|p2a: Ferrothorn|Power Whip|p1a: Beedrill
|-crit|p1a: Beedrill
|-resisted|p1a: Beedrill
|-damage|p1a: Beedrill|177\/271
|
|-heal|p2a: Ferrothorn|340\/352|[from] item: Leftovers
|turn|23
|
|switch|p2a: Landorus-Therian|Landorus-Therian, M, shiny|229\/382 brn
|-ability|p2a: Landorus-Therian|Intimidate|[of] p1a: Beedrill
|-unboost|p1a: Beedrill|atk|1
|detailschange|p1a: Beedrill|Beedrill-Mega, M
|message|Beedrill has Mega Evolved into Mega Beedrill!
|move|p1a: Beedrill|U-turn|p2a: Landorus-Therian
|-resisted|p2a: Landorus-Therian
|-damage|p2a: Landorus-Therian|164\/382 brn
|
|switch|p1a: Rotom-Wash|Rotom-Wash|49\/303
|
|-heal|p2a: Landorus-Therian|187\/382 brn|[from] item: Leftovers
|-heal|p1a: Rotom-Wash|67\/303|[from] item: Leftovers
|-damage|p2a: Landorus-Therian|140\/382 brn|[from] brn
|turn|24
|
|move|p2a: Landorus-Therian|Stealth Rock|p1a: Rotom-Wash
|-sidestart|p1: Bl153|move: Stealth Rock
|move|p1a: Rotom-Wash|Hydro Pump|p2a: Landorus-Therian|[miss]
|-miss|p1a: Rotom-Wash|p2a: Landorus-Therian
|
|-heal|p2a: Landorus-Therian|163\/382 brn|[from] item: Leftovers
|-heal|p1a: Rotom-Wash|85\/303|[from] item: Leftovers
|-damage|p2a: Landorus-Therian|116\/382 brn|[from] brn
|turn|25
|
|move|p2a: Landorus-Therian|Stone Edge|p1a: Rotom-Wash
|-damage|p1a: Rotom-Wash|37\/303
|move|p1a: Rotom-Wash|Volt Switch|p2a: Landorus-Therian
|-immune|p2a: Landorus-Therian|[msg]
|
|-heal|p2a: Landorus-Therian|139\/382 brn|[from] item: Leftovers
|-heal|p1a: Rotom-Wash|55\/303|[from] item: Leftovers
|-damage|p2a: Landorus-Therian|92\/382 brn|[from] brn
|turn|26
|
|move|p2a: Landorus-Therian|Stone Edge|p1a: Rotom-Wash|[miss]
|-miss|p2a: Landorus-Therian|p1a: Rotom-Wash
|move|p1a: Rotom-Wash|Hydro Pump|p2a: Landorus-Therian
|-supereffective|p2a: Landorus-Therian
|-damage|p2a: Landorus-Therian|0 fnt
|faint|p2a: Landorus-Therian
|
|-heal|p1a: Rotom-Wash|73\/303|[from] item: Leftovers
|
|switch|p2a: Togekiss|Togekiss, F, shiny|374\/374
|turn|27
|
|move|p1a: Rotom-Wash|Pain Split|p2a: Togekiss
|-sethp|p2a: Togekiss|223\/374|p1a: Rotom-Wash|223\/303|[from] move: Pain Split
|move|p2a: Togekiss|Dazzling Gleam|p1a: Rotom-Wash
|-damage|p1a: Rotom-Wash|94\/303
|
|-heal|p1a: Rotom-Wash|112\/303|[from] item: Leftovers
|-heal|p2a: Togekiss|246\/374|[from] item: Leftovers
|turn|28
|c|âBl153|That animation got a makeover
|
|switch|p1a: Mew|Mew|226\/403
|-damage|p1a: Mew|176\/403|[from] Stealth Rock
|move|p2a: Togekiss|Dazzling Gleam|p1a: Mew
|-damage|p1a: Mew|32\/403
|
|-heal|p1a: Mew|57\/403|[from] item: Leftovers
|-heal|p2a: Togekiss|269\/374|[from] item: Leftovers
|turn|29
|
|move|p1a: Mew|Defog|p2a: Togekiss
|-unboost|p2a: Togekiss|evasion|1
|-sideend|p1: Bl153|Stealth Rock|[from] move: Defog|[of] p1a: Mew
|move|p2a: Togekiss|Dazzling Gleam|p1a: Mew
|-damage|p1a: Mew|0 fnt
|faint|p1a: Mew
|
|-heal|p2a: Togekiss|292\/374|[from] item: Leftovers
|
|switch|p1a: Landorus|Landorus, M|81\/319
|turn|30
|c|âMohammad|yeah so did moonblast
|
|move|p1a: Landorus|Sludge Wave|p2a: Togekiss
|-supereffective|p2a: Togekiss
|-damage|p2a: Togekiss|0 fnt
|faint|p2a: Togekiss
|
|
|switch|p2a: Ferrothorn|Ferrothorn, M, shiny|340\/352
|turn|31
|c|âBl153|PHEW thought u would switch lol
|c|âBl153|havent seen Moonblast yet
|
|move|p1a: Landorus|Earth Power|p2a: Ferrothorn
|-damage|p2a: Ferrothorn|153\/352
|move|p2a: Ferrothorn|Gyro Ball|p1a: Landorus
|-damage|p1a: Landorus|0 fnt
|faint|p1a: Landorus
|
|-heal|p2a: Ferrothorn|175\/352|[from] item: Leftovers
|
|switch|p1a: Rotom-Wash|Rotom-Wash|112\/303
|turn|32
|
|move|p1a: Rotom-Wash|Will-O-Wisp|p2a: Ferrothorn
|-status|p2a: Ferrothorn|brn
|move|p2a: Ferrothorn|Power Whip|p1a: Rotom-Wash
|-supereffective|p1a: Rotom-Wash
|-damage|p1a: Rotom-Wash|10\/303
|
|-heal|p1a: Rotom-Wash|28\/303|[from] item: Leftovers
|-heal|p2a: Ferrothorn|197\/352 brn|[from] item: Leftovers
|-damage|p2a: Ferrothorn|153\/352 brn|[from] brn
|turn|33
|
|move|p1a: Rotom-Wash|Pain Split|p2a: Ferrothorn
|-sethp|p2a: Ferrothorn|90\/352 brn|p1a: Rotom-Wash|90\/303|[from] move: Pain Split
|move|p2a: Ferrothorn|Leech Seed|p1a: Rotom-Wash
|-start|p1a: Rotom-Wash|move: Leech Seed
|
|-heal|p1a: Rotom-Wash|108\/303|[from] item: Leftovers
|-heal|p2a: Ferrothorn|112\/352 brn|[from] item: Leftovers
|-damage|p1a: Rotom-Wash|71\/303|[from] Leech Seed|[of] p2a: Ferrothorn
|-heal|p2a: Ferrothorn|149\/352 brn|[silent]
|-damage|p2a: Ferrothorn|105\/352 brn|[from] brn
|turn|34
|-message|Mohammad forfeited.
|
|win|Bl153
|raw|Ladder updating...
|leave|Mohammad
|player|p2
|raw|Bl153's rating: 1312 &rarr; <strong>1335<\/strong><br \/>(+23 for winning)
|raw|Mohammad's rating: 1373 &rarr; <strong>1349<\/strong><br \/>(-24 for losing)
|c|âBl153|I was gonna say your one of the better battlers I have faced lately.. ok then gg 