|join|Mohammad
|join|Dun Deal
|player|p1|Mohammad|268
|player|p2|Dun Deal|124
|gametype|singles
|gen|6
|tier|ORAS OU
|rated
|rule|Sleep Clause Mod: Limit one foe put to sleep
|rule|Species Clause: Limit one of each PokÃ©mon
|rule|OHKO Clause: OHKO moves are banned
|rule|Moody Clause: Moody is banned
|rule|Evasion Moves Clause: Evasion moves are banned
|rule|Endless Battle Clause: Forcing endless battles is banned
|rule|HP Percentage Mod: HP is shown in percentages
|clearpoke
|poke|p1|Chansey, F, shiny
|poke|p1|Togekiss, M, shiny
|poke|p1|Bisharp, F, shiny
|poke|p1|Greninja, F, shiny
|poke|p1|Altaria, F, shiny
|poke|p1|Landorus-Therian, M, shiny
|poke|p2|Diancie
|poke|p2|Mew
|poke|p2|Darmanitan, M
|poke|p2|Ferrothorn, F
|poke|p2|Mamoswine, M
|poke|p2|Azumarill, M
|rule|Swagger Clause: Swagger is banned
|rule|Baton Pass Clause: Limit one PokÃ©mon knowing Baton Pass
|teampreview
|
|start
|switch|p1a: Altaria|Altaria, F, shiny|292\/292
|switch|p2a: Chronos|Mew|341\/341
|turn|1
|
|detailschange|p1a: Altaria|Altaria-Mega, F, shiny
|message|Altaria has Mega Evolved into Mega Altaria!
|move|p2a: Chronos|Ice Beam|p1a: Altaria
|-crit|p1a: Altaria
|-supereffective|p1a: Altaria
|-damage|p1a: Altaria|2\/292
|move|p1a: Altaria|Dragon Dance|p1a: Altaria
|-boost|p1a: Altaria|atk|1
|-boost|p1a: Altaria|spe|1
|
|turn|2
|join|Shaneyboy21
|join|MegaSw4gpert
|
|move|p2a: Chronos|Ice Beam|p1a: Altaria
|-supereffective|p1a: Altaria
|-damage|p1a: Altaria|0 fnt
|faint|p1a: Altaria
|
|c|âDun Deal|nope
|
|switch|p1a: Bisharp|Bisharp, F, shiny|334\/334
|turn|3
|join|WP Shuckle
|c| Shaneyboy21|turn 1 set up really :(
|
|switch|p2a: Sugar|Ferrothorn, F|336\/336
|move|p1a: Bisharp|Swords Dance|p1a: Bisharp
|-boost|p1a: Bisharp|atk|2
|
|turn|4
|
|move|p1a: Bisharp|Knock Off|p2a: Sugar
|-damage|p2a: Sugar|0 fnt
|-damage|p1a: Bisharp|293\/334|[from] ability: Iron Barbs|[of] p2a: Sugar
|-enditem|p2a: Sugar|Leftovers|[from] move: Knock Off|[of] p1a: Bisharp
|-damage|p1a: Bisharp|260\/334|[from] item: Life Orb
|faint|p2a: Sugar
|
|c| WP Shuckle|Looks like he's "Dun"
|c| WP Shuckle|da dum tis
|
|switch|p2a: Chronos|Mew|341\/341
|turn|5
|
|move|p1a: Bisharp|Sucker Punch|p2a: Chronos
|-fail|p2a: Chronos
|move|p2a: Chronos|Will-O-Wisp|p1a: Bisharp
|-status|p1a: Bisharp|brn
|
|-damage|p1a: Bisharp|219\/334 brn|[from] brn
|turn|6
|
|switch|p2a: Tadashi|Diancie|241\/241
|move|p1a: Bisharp|Knock Off|p2a: Tadashi
|-resisted|p2a: Tadashi
|-damage|p2a: Tadashi|184\/241
|-damage|p1a: Bisharp|186\/334 brn|[from] item: Life Orb
|
|-damage|p1a: Bisharp|145\/334 brn|[from] brn
|turn|7
|
|switch|p2a: Chronos|Mew|341\/341
|move|p1a: Bisharp|Iron Head|p2a: Chronos
|-damage|p2a: Chronos|149\/341
|-damage|p1a: Bisharp|112\/334 brn|[from] item: Life Orb
|
|-damage|p1a: Bisharp|71\/334 brn|[from] brn
|turn|8
|
|switch|p2a: Danny Ban|Azumarill, M|350\/350
|move|p1a: Bisharp|Sucker Punch|p2a: Danny Ban
|-fail|p2a: Danny Ban
|
|-damage|p1a: Bisharp|30\/334 brn|[from] brn
|turn|9
|
|move|p2a: Danny Ban|Aqua Jet|p1a: Bisharp
|-damage|p1a: Bisharp|0 fnt
|-damage|p2a: Danny Ban|315\/350|[from] item: Life Orb
|faint|p1a: Bisharp
|
|
|switch|p1a: Togekiss|Togekiss, M, shiny|374\/374
|turn|10
|c| WP Shuckle|Plays
|c|âDun Deal|honestly really awkward ones just trying to outlive it
|c|âDun Deal|lol
|
|move|p1a: Togekiss|Air Slash|p2a: Danny Ban
|-damage|p2a: Danny Ban|144\/350
|move|p2a: Danny Ban|Play Rough|p1a: Togekiss
|-damage|p1a: Togekiss|88\/374
|-damage|p2a: Danny Ban|109\/350|[from] item: Life Orb
|
|-heal|p1a: Togekiss|111\/374|[from] item: Leftovers
|turn|11
|c| WP Shuckle|( Í¡o ÍÊ Í¡o)
|
|move|p2a: Danny Ban|Aqua Jet|p1a: Togekiss
|-damage|p1a: Togekiss|0 fnt
|-damage|p2a: Danny Ban|74\/350|[from] item: Life Orb
|faint|p1a: Togekiss
|
|
|switch|p1a: Greninja|Greninja, F, shiny|286\/286
|turn|12
|c| MegaSw4gpert|Ban Danny Ban pls.
|
|move|p2a: Danny Ban|Aqua Jet|p1a: Greninja
|-resisted|p1a: Greninja
|-damage|p1a: Greninja|204\/286
|-damage|p2a: Danny Ban|39\/350|[from] item: Life Orb
|move|p1a: Greninja|Hidden Power|p2a: Danny Ban
|-start|p1a: Greninja|typechange|Grass|[from] Protean
|-supereffective|p2a: Danny Ban
|-damage|p2a: Danny Ban|0 fnt
|-damage|p1a: Greninja|176\/286|[from] item: Life Orb
|faint|p2a: Danny Ban
|
|
|switch|p2a: Chronos|Mew|149\/341
|turn|13
|
|switch|p1a: Chansey|Chansey, F, shiny|704\/704
|move|p2a: Chronos|Ice Beam|p1a: Chansey
|-damage|p1a: Chansey|642\/704
|
|turn|14
|c| WP Shuckle|Should have speed invest in Carbink Senior for Bisharp, that is if you run HP Fire\/Fighting
|c| WP Shuckle|Just my opinion
|c|âDun Deal|I do but max Speed Bisharp outspeeds 50 speed normal Diancie
|c|âDun Deal|hello? xD
|c| WP Shuckle|Bulky Variants are a thing too lol
|c| WP Shuckle|But speedy bisharp is a thing, I wont lie
|c|âDun Deal|Is it worth risking my Mon for a coin flip?
|c|âDun Deal|He's LO SD
|c|âDun Deal|guarenteed speed investment almost
|c| Shaneyboy21|most are max speed these days
|
|switch|p2a: Roid|Darmanitan, M|351\/351
|move|p1a: Chansey|Toxic|p2a: Roid
|-status|p2a: Roid|tox
|
|-damage|p2a: Roid|330\/351 tox|[from] psn
|turn|15
|c| MegaSw4gpert|^
|c| WP Shuckle|Oh, just haven't played ou in a while
|c| WP Shuckle|my bad
|c| WP Shuckle|xD
|
|move|p1a: Chansey|Protect|p1a: Chansey
|-singleturn|p1a: Chansey|Protect
|move|p2a: Roid|U-turn|p1a: Chansey
|-activate|p1a: Chansey|Protect
|
|-damage|p2a: Roid|288\/351 tox|[from] psn
|turn|16
|
|move|p2a: Roid|U-turn|p1a: Chansey
|-damage|p1a: Chansey|523\/704
|
|switch|p2a: Chronos|Mew|149\/341
|move|p1a: Chansey|Wish|p1a: Chansey
|
|turn|17
|
|move|p1a: Chansey|Protect|p1a: Chansey
|-singleturn|p1a: Chansey|Protect
|move|p2a: Chronos|Volt Switch|p1a: Chansey
|-activate|p1a: Chansey|Protect
|
|-heal|p1a: Chansey|704\/704|[from] move: Wish|[wisher] Chansey
|turn|18
|
|move|p2a: Chronos|Volt Switch|p1a: Chansey
|-damage|p1a: Chansey|657\/704
|
|switch|p2a: Roid|Darmanitan, M|288\/351 tox
|move|p1a: Chansey|Toxic|p2a: Roid
|-fail|p2a: Roid|tox
|
|-damage|p2a: Roid|267\/351 tox|[from] psn
|turn|19
|
|switch|p2a: Tadashi|Diancie|184\/241
|move|p1a: Chansey|Protect|p1a: Chansey
|-fail|p1a: Chansey
|
|turn|20
|c| WP Shuckle|Outplayed m8
|
|detailschange|p2a: Tadashi|Diancie-Mega
|message|Diancie has Mega Evolved into Mega Diancie!
|move|p2a: Tadashi|Substitute|p2a: Tadashi
|-start|p2a: Tadashi|Substitute
|-damage|p2a: Tadashi|124\/241
|move|p1a: Chansey|Toxic|p2a: Tadashi
|move|p2a: Tadashi|Toxic|p1a: Chansey|[from]Magic Bounce
|-status|p1a: Chansey|tox
|
|-damage|p1a: Chansey|613\/704 tox|[from] psn
|turn|21
|
|switch|p1a: Landorus-Therian|Landorus-Therian, M, shiny|382\/382
|-activate|p2a: Tadashi|Substitute|ability: Intimidate|[of] p1a: Landorus-Therian
|move|p2a: Tadashi|Moonblast|p1a: Landorus-Therian
|-damage|p1a: Landorus-Therian|162\/382
|
|-heal|p1a: Landorus-Therian|185\/382|[from] item: Leftovers
|turn|22
|
|move|p2a: Tadashi|Moonblast|p1a: Landorus-Therian
|-damage|p1a: Landorus-Therian|0 fnt
|faint|p1a: Landorus-Therian
|
|
|switch|p1a: Chansey|Chansey, F, shiny|613\/704
|turn|23
|
|move|p2a: Tadashi|Moonblast|p1a: Chansey
|-damage|p1a: Chansey|493\/704
|-unboost|p1a: Chansey|spa|1
|move|p1a: Chansey|Seismic Toss|p2a: Tadashi
|-end|p2a: Tadashi|Substitute
|
|turn|24
|
|switch|p2a: Chronos|Mew|149\/341
|move|p1a: Chansey|Seismic Toss|p2a: Chronos
|-damage|p2a: Chronos|49\/341
|
|turn|25
|
|move|p2a: Chronos|Will-O-Wisp|p1a: Chansey|[miss]
|-miss|p2a: Chronos|p1a: Chansey
|move|p1a: Chansey|Wish|p1a: Chansey
|
|turn|26
|c| MegaSw4gpert|I wonder which set Dun runs D:
|
|move|p2a: Chronos|Will-O-Wisp|p1a: Chansey|[miss]
|-miss|p2a: Chronos|p1a: Chansey
|move|p1a: Chansey|Seismic Toss|p2a: Chronos
|-damage|p2a: Chronos|0 fnt
|faint|p2a: Chronos
|
|-heal|p1a: Chansey|704\/704|[from] move: Wish|[wisher] Chansey
|c| WP Shuckle|Holy crap
|c|âDun Deal|damn numbers
|c| WP Shuckle|That was bad luck
|
|switch|p2a: Bob|Mamoswine, M|361\/361
|turn|27
|
|move|p2a: Bob|Knock Off|p1a: Chansey
|-damage|p1a: Chansey|473\/704
|-enditem|p1a: Chansey|Eviolite|[from] move: Knock Off|[of] p2a: Bob
|-damage|p2a: Bob|325\/361|[from] item: Life Orb
|move|p1a: Chansey|Toxic|p2a: Bob
|-status|p2a: Bob|tox
|
|-damage|p2a: Bob|303\/361 tox|[from] psn
|turn|28
|c| WP Shuckle|Off Knock
|c| WP Shuckle|gg
|
|move|p1a: Chansey|Protect|p1a: Chansey
|-singleturn|p1a: Chansey|Protect
|move|p2a: Bob|Earthquake|p1a: Chansey
|-activate|p1a: Chansey|Protect
|
|-damage|p2a: Bob|259\/361 tox|[from] psn
|turn|29
|
|move|p2a: Bob|Earthquake|p1a: Chansey
|-damage|p1a: Chansey|0 fnt
|-damage|p2a: Bob|223\/361 tox|[from] item: Life Orb
|faint|p1a: Chansey
|
|-damage|p2a: Bob|157\/361 tox|[from] psn
|
|switch|p1a: Greninja|Greninja, F, shiny|176\/286
|turn|30
|
|move|p2a: Bob|Ice Shard|p1a: Greninja
|-resisted|p1a: Greninja
|-damage|p1a: Greninja|106\/286
|-damage|p2a: Bob|121\/361 tox|[from] item: Life Orb
|move|p1a: Greninja|Hydro Pump|p2a: Bob
|-start|p1a: Greninja|typechange|Water|[from] Protean
|-supereffective|p2a: Bob
|-damage|p2a: Bob|0 fnt
|-damage|p1a: Greninja|78\/286|[from] item: Life Orb
|faint|p2a: Bob
|
|
|switch|p2a: Roid|Darmanitan, M|267\/351 tox
|turn|31
|
|move|p2a: Roid|Flare Blitz|p1a: Greninja
|-resisted|p1a: Greninja
|-damage|p1a: Greninja|0 fnt
|-damage|p2a: Roid|241\/351 tox|[from] recoil|[of] p1a: Greninja
|faint|p1a: Greninja
|
|win|Dun Deal
|raw|Ladder updating...
|raw|Mohammad's rating: 1131 &rarr; <strong>1102<\/strong><br \/>(-29 for losing)
|raw|Dun Deal's rating: 1084 &rarr; <strong>1115<\/strong><br \/>(+31 for winning)
|c|âMohammad|gg
|leave|Mohammad
|player|p1
|leave|Dun Deal
|player|p2
|leave|WP Shuckle