|join|Baeonetta
|join|Mohammad
|player|p1|Baeonetta|143
|player|p2|Mohammad|268
|gametype|singles
|gen|6
|tier|ORAS OU
|rated
|rule|Sleep Clause Mod: Limit one foe put to sleep
|rule|Species Clause: Limit one of each PokÃ©mon
|rule|OHKO Clause: OHKO moves are banned
|rule|Moody Clause: Moody is banned
|rule|Evasion Moves Clause: Evasion moves are banned
|rule|Endless Battle Clause: Forcing endless battles is banned
|rule|HP Percentage Mod: HP is shown in percentages
|clearpoke
|poke|p1|Salamence, M
|poke|p1|Tyranitar, M
|poke|p1|Excadrill, F
|poke|p1|Greninja, M, shiny
|poke|p1|Thundurus, M
|poke|p1|Latias, F
|poke|p2|Chansey, F, shiny
|poke|p2|Togekiss, F, shiny
|poke|p2|Bisharp, F, shiny
|poke|p2|Greninja, F, shiny
|poke|p2|Salamence, F, shiny
|poke|p2|Landorus-Therian, M, shiny
|rule|Swagger Clause: Swagger is banned
|rule|Baton Pass Clause: Limit one PokÃ©mon knowing Baton Pass
|teampreview
|
|start
|switch|p1a: Tyranitar|Tyranitar, M|404\/404
|switch|p2a: Salamence|Salamence, F, shiny|331\/331
|-ability|p2a: Salamence|Intimidate|[of] p1a: Tyranitar
|-unboost|p1a: Tyranitar|atk|1
|-weather|Sandstorm
|turn|1
|
|switch|p2a: Landorus-Therian|Landorus-Therian, M, shiny|382\/382
|-ability|p2a: Landorus-Therian|Intimidate|[of] p1a: Tyranitar
|-unboost|p1a: Tyranitar|atk|1
|move|p1a: Tyranitar|Stealth Rock|p2a: Landorus-Therian
|-sidestart|p2: Mohammad|move: Stealth Rock
|
|-weather|Sandstorm|[upkeep]
|turn|2
|
|switch|p1a: Salamence|Salamence, M|331\/331
|-ability|p1a: Salamence|Intimidate|[of] p2a: Landorus-Therian
|-unboost|p2a: Landorus-Therian|atk|1
|move|p2a: Landorus-Therian|Stealth Rock|p1a: Salamence
|-sidestart|p1: Baeonetta|move: Stealth Rock
|
|-weather|Sandstorm|[upkeep]
|-damage|p1a: Salamence|311\/331|[from] Sandstorm
|turn|3
|
|detailschange|p1a: Salamence|Salamence-Mega, M
|message|Salamence has Mega Evolved into Mega Salamence!
|move|p1a: Salamence|Dragon Dance|p1a: Salamence
|-boost|p1a: Salamence|atk|1
|-boost|p1a: Salamence|spe|1
|move|p2a: Landorus-Therian|Stone Edge|p1a: Salamence
|-supereffective|p1a: Salamence
|-damage|p1a: Salamence|149\/331
|
|-weather|Sandstorm|[upkeep]
|-damage|p1a: Salamence|129\/331|[from] Sandstorm
|turn|4
|
|move|p1a: Salamence|Return|p2a: Landorus-Therian
|-damage|p2a: Landorus-Therian|0 fnt
|faint|p2a: Landorus-Therian
|
|-weather|Sandstorm|[upkeep]
|-damage|p1a: Salamence|109\/331|[from] Sandstorm
|
|switch|p2a: Bisharp|Bisharp, F, shiny|334\/334
|-damage|p2a: Bisharp|314\/334|[from] Stealth Rock
|turn|5
|
|move|p1a: Salamence|Earthquake|p2a: Bisharp
|-supereffective|p2a: Bisharp
|-damage|p2a: Bisharp|0 fnt
|faint|p2a: Bisharp
|
|-weather|Sandstorm|[upkeep]
|-damage|p1a: Salamence|89\/331|[from] Sandstorm
|-message|Mohammad forfeited.
|
|win|Baeonetta
|raw|Ladder updating...
|leave|Mohammad
|player|p2
|raw|Baeonetta's rating: 1279 &rarr; <strong>1297<\/strong><br \/>(+18 for winning)
|raw|Mohammad's rating: 1180 &rarr; <strong>1162<\/strong><br \/>(-18 for losing)