|join|Artful Hobbes
|join|Mohammad
|player|p1|Artful Hobbes|209
|player|p2|Mohammad|1
|gametype|singles
|gen|6
|tier|OU
|rated
|clearpoke
|poke|p1|Aerodactyl, M
|poke|p1|Magnezone
|poke|p1|Excadrill, M
|poke|p1|Azumarill, M
|poke|p1|Talonflame, M
|poke|p1|Garchomp, M
|poke|p2|Landorus-Therian, M, shiny
|poke|p2|Bisharp, M, shiny
|poke|p2|Medicham, M, shiny
|poke|p2|Greninja, M, shiny
|poke|p2|Togekiss, F, shiny
|poke|p2|Ferrothorn, M, shiny
|rule|Swagger Clause: Swagger is banned
|rule|Baton Pass Clause: Limit one PokÃ©mon knowing Baton Pass
|rule|Sleep Clause Mod: Limit one foe put to sleep
|rule|Species Clause: Limit one of each PokÃ©mon
|rule|OHKO Clause: OHKO moves are banned
|rule|Moody Clause: Moody is banned
|rule|Evasion Moves Clause: Evasion moves are banned
|rule|Endless Battle Clause: Forcing endless battles is banned
|rule|HP Percentage Mod: HP is shown in percentages
|teampreview
|
|start
|switch|p1a: Marriland|Azumarill, M|378\/378
|switch|p2a: Landorus-Therian|Landorus-Therian, M, shiny|382\/382
|-ability|p2a: Landorus-Therian|Intimidate|[of] p1a: Marriland
|-unboost|p1a: Marriland|atk|1
|turn|1
|
|move|p1a: Marriland|Aqua Jet|p2a: Landorus-Therian
|-supereffective|p2a: Landorus-Therian
|-damage|p2a: Landorus-Therian|250\/382
|move|p2a: Landorus-Therian|Stealth Rock|p1a: Marriland
|-sidestart|p1: Artful Hobbes|move: Stealth Rock
|
|-heal|p2a: Landorus-Therian|273\/382|[from] item: Leftovers
|turn|2
|
|switch|p2a: Ferrothorn|Ferrothorn, M, shiny|352\/352
|move|p1a: Marriland|Aqua Jet|p2a: Ferrothorn
|-resisted|p2a: Ferrothorn
|-damage|p2a: Ferrothorn|330\/352
|-damage|p1a: Marriland|331\/378|[from] ability: Iron Barbs|[of] p2a: Ferrothorn
|-damage|p1a: Marriland|268\/378|[from] item: Rocky Helmet|[of] p2a: Ferrothorn
|
|turn|3
|
|switch|p1a: Capt. Magnezone|Magnezone|312\/312
|-damage|p1a: Capt. Magnezone|293\/312|[from] Stealth Rock
|switch|p2a: Landorus-Therian|Landorus-Therian, M, shiny|273\/382
|-ability|p2a: Landorus-Therian|Intimidate|[of] p1a: Capt. Magnezone
|-unboost|p1a: Capt. Magnezone|atk|1
|
|-heal|p2a: Landorus-Therian|296\/382|[from] item: Leftovers
|turn|4
|
|switch|p1a: Nahxela|Garchomp, M|419\/419
|-damage|p1a: Nahxela|393\/419|[from] Stealth Rock
|move|p2a: Landorus-Therian|U-turn|p1a: Nahxela
|-damage|p1a: Nahxela|304\/419
|-damage|p2a: Landorus-Therian|249\/382|[from] ability: Rough Skin|[of] p1a: Nahxela
|-damage|p2a: Landorus-Therian|186\/382|[from] item: Rocky Helmet|[of] p1a: Nahxela
|
|switch|p2a: Greninja|Greninja, M, shiny|286\/286
|
|turn|5
|
|switch|p2a: Togekiss|Togekiss, F, shiny|374\/374
|move|p1a: Nahxela|Stealth Rock|p2a: Togekiss
|-sidestart|p2: Mohammad|move: Stealth Rock
|
|turn|6
|
|switch|p1a: Drillpher|Excadrill, M|377\/377
|-damage|p1a: Drillpher|366\/377|[from] Stealth Rock
|-ability|p1a: Drillpher|Mold Breaker
|move|p2a: Togekiss|Dazzling Gleam|p1a: Drillpher
|-resisted|p1a: Drillpher
|-damage|p1a: Drillpher|297\/377
|
|turn|7
|
|move|p1a: Drillpher|Rapid Spin|p2a: Togekiss
|-damage|p2a: Togekiss|345\/374
|-sideend|p1: Artful Hobbes|Stealth Rock|[from] move: Rapid Spin|[of] p1a: Drillpher
|move|p2a: Togekiss|Fire Blast|p1a: Drillpher
|-supereffective|p1a: Drillpher
|-damage|p1a: Drillpher|59\/377
|
|-heal|p2a: Togekiss|368\/374|[from] item: Leftovers
|turn|8
|
|move|p1a: Drillpher|Rock Slide|p2a: Togekiss
|-supereffective|p2a: Togekiss
|-damage|p2a: Togekiss|148\/374
|cant|p2a: Togekiss|flinch
|
|-heal|p2a: Togekiss|171\/374|[from] item: Leftovers
|turn|9
|
|switch|p2a: Landorus-Therian|Landorus-Therian, M, shiny|186\/382
|-damage|p2a: Landorus-Therian|139\/382|[from] Stealth Rock
|-ability|p2a: Landorus-Therian|Intimidate|[of] p1a: Drillpher
|-unboost|p1a: Drillpher|atk|1
|move|p1a: Drillpher|Rock Slide|p2a: Landorus-Therian
|-damage|p2a: Landorus-Therian|71\/382
|
|-heal|p2a: Landorus-Therian|94\/382|[from] item: Leftovers
|turn|10
|
|switch|p1a: Nahxela|Garchomp, M|304\/419
|move|p2a: Landorus-Therian|U-turn|p1a: Nahxela
|-damage|p1a: Nahxela|210\/419
|-damage|p2a: Landorus-Therian|47\/382|[from] ability: Rough Skin|[of] p1a: Nahxela
|-damage|p2a: Landorus-Therian|0 fnt|[from] item: Rocky Helmet|[of] p1a: Nahxela
|faint|p2a: Landorus-Therian
|
|
|switch|p2a: Ferrothorn|Ferrothorn, M, shiny|330\/352
|-damage|p2a: Ferrothorn|308\/352|[from] Stealth Rock
|turn|11
|
|switch|p1a: Captain Falcon|Talonflame, M|297\/297
|switch|p2a: Medicham|Medicham, M, shiny|262\/262
|-damage|p2a: Medicham|246\/262|[from] Stealth Rock
|
|turn|12
|
|detailschange|p2a: Medicham|Medicham-Mega, M, shiny
|message|Medicham has Mega Evolved into Mega Medicham!
|move|p2a: Medicham|Fake Out|p1a: Captain Falcon
|-damage|p1a: Captain Falcon|185\/297
|cant|p1a: Captain Falcon|flinch
|
|turn|13
|
|switch|p2a: Ferrothorn|Ferrothorn, M, shiny|308\/352
|-damage|p2a: Ferrothorn|286\/352|[from] Stealth Rock
|move|p1a: Captain Falcon|Fire Blast|p2a: Ferrothorn
|-supereffective|p2a: Ferrothorn
|-damage|p2a: Ferrothorn|0 fnt
|-damage|p1a: Captain Falcon|156\/297|[from] item: Life Orb
|faint|p2a: Ferrothorn
|
|
|switch|p2a: Bisharp|Bisharp, M, shiny|334\/334
|-damage|p2a: Bisharp|314\/334|[from] Stealth Rock
|turn|14
|
|move|p1a: Captain Falcon|Roost|p1a: Captain Falcon
|-heal|p1a: Captain Falcon|297\/297
|move|p2a: Bisharp|Knock Off|p1a: Captain Falcon
|-damage|p1a: Captain Falcon|0 fnt
|-enditem|p1a: Captain Falcon|Life Orb|[from] move: Knock Off|[of] p2a: Bisharp
|-damage|p2a: Bisharp|281\/334|[from] item: Life Orb
|faint|p1a: Captain Falcon
|
|
|switch|p1a: Capt. Magnezone|Magnezone|293\/312
|turn|15
|
|move|p1a: Capt. Magnezone|Thunderbolt|p2a: Bisharp
|-damage|p2a: Bisharp|0 fnt
|faint|p2a: Bisharp
|
|
|switch|p2a: Medicham|Medicham-Mega, M, shiny|246\/262
|-damage|p2a: Medicham|230\/262|[from] Stealth Rock
|turn|16
|
|switch|p1a: Nahxela|Garchomp, M|210\/419
|move|p2a: Medicham|High Jump Kick|p1a: Nahxela
|-damage|p1a: Nahxela|0 fnt
|-damage|p2a: Medicham|198\/262|[from] ability: Rough Skin|[of] p1a: Nahxela
|-damage|p2a: Medicham|155\/262|[from] item: Rocky Helmet|[of] p1a: Nahxela
|faint|p1a: Nahxela
|
|
|switch|p1a: Nargacuga|Aerodactyl, M|323\/323
|-ability|p1a: Nargacuga|Pressure
|turn|17
|
|detailschange|p1a: Nargacuga|Aerodactyl-Mega, M
|message|Aerodactyl has Mega Evolved into Mega Aerodactyl!
|move|p1a: Nargacuga|Aerial Ace|p2a: Medicham
|-supereffective|p2a: Medicham
|-damage|p2a: Medicham|0 fnt
|faint|p2a: Medicham
|
|
|switch|p2a: Togekiss|Togekiss, F, shiny|171\/374
|-damage|p2a: Togekiss|78\/374|[from] Stealth Rock
|turn|18
|-message|Mohammad forfeited.
|
|win|Artful Hobbes
|raw|Ladder updating...
|leave|Mohammad
|player|p2
|raw|Artful Hobbes's rating: 1593 &rarr; <strong>1613<\/strong><br \/>(+20 for winning)
|raw|Mohammad's rating: 1592 &rarr; <strong>1573<\/strong><br \/>(-19 for losing)