|join|Mohammad
|join|Jiban123
|player|p1|Mohammad|34
|player|p2|Jiban123|99
|gametype|singles
|gen|6
|tier|OU
|rated
|clearpoke
|poke|p1|Chansey, F, shiny
|poke|p1|Reuniclus, M, shiny
|poke|p1|Greninja, F, shiny
|poke|p1|Charizard, F, shiny
|poke|p1|Scizor, F, shiny
|poke|p1|Landorus-Therian, M, shiny
|poke|p2|Haxorus, M, shiny
|poke|p2|Blastoise, M
|poke|p2|Arcanine, M
|poke|p2|Talonflame, M
|poke|p2|Lucario, M
|poke|p2|Jolteon, M
|rule|Swagger Clause: Swagger is banned
|rule|Baton Pass Clause: Limit one PokÃ©mon knowing Baton Pass
|rule|Sleep Clause Mod: Limit one foe put to sleep
|rule|Species Clause: Limit one of each PokÃ©mon
|rule|OHKO Clause: OHKO moves are banned
|rule|Moody Clause: Moody is banned
|rule|Evasion Moves Clause: Evasion moves are banned
|rule|Endless Battle Clause: Forcing endless battles is banned
|rule|HP Percentage Mod: HP is shown in percentages
|teampreview
|
|start
|switch|p1a: Landorus-Therian|Landorus-Therian, M, shiny|382\/382
|switch|p2a: Jolteon|Jolteon, M|271\/271
|-ability|p1a: Landorus-Therian|Intimidate|[of] p2a: Jolteon
|-unboost|p2a: Jolteon|atk|1
|turn|1
|
|switch|p1a: Chansey|Chansey, F, shiny|704\/704
|move|p2a: Jolteon|Hidden Power|p1a: Chansey
|-damage|p1a: Chansey|664\/704
|
|turn|2
|
|switch|p2a: Lucario|Lucario, M|282\/282
|move|p1a: Chansey|Seismic Toss|p2a: Lucario
|-damage|p2a: Lucario|182\/282
|
|turn|3
|
|switch|p1a: Landorus-Therian|Landorus-Therian, M, shiny|382\/382
|-ability|p1a: Landorus-Therian|Intimidate|[of] p2a: Lucario
|-unboost|p2a: Lucario|atk|1
|move|p2a: Lucario|Swords Dance|p2a: Lucario
|-boost|p2a: Lucario|atk|2
|
|turn|4
|
|move|p2a: Lucario|Ice Punch|p1a: Landorus-Therian
|-supereffective|p1a: Landorus-Therian
|-damage|p1a: Landorus-Therian|0 fnt
|faint|p1a: Landorus-Therian
|
|
|switch|p1a: Reuniclus|Reuniclus, M, shiny|424\/424
|turn|5
|
|move|p2a: Lucario|Swords Dance|p2a: Lucario
|-boost|p2a: Lucario|atk|2
|move|p1a: Reuniclus|Psyshock|p2a: Lucario
|-damage|p2a: Lucario|0 fnt
|faint|p2a: Lucario
|
|
|switch|p2a: Arcanine|Arcanine, M|339\/339
|-ability|p2a: Arcanine|Intimidate|[of] p1a: Reuniclus
|-unboost|p1a: Reuniclus|atk|1
|turn|6
|
|move|p2a: Arcanine|Flare Blitz|p1a: Reuniclus
|-damage|p1a: Reuniclus|103\/424
|-damage|p2a: Arcanine|233\/339|[from] recoil|[of] p1a: Reuniclus
|-damage|p2a: Arcanine|200\/339|[from] item: Life Orb
|move|p1a: Reuniclus|Trick Room|p1a: Reuniclus
|-fieldstart|move: Trick Room|[of] p1a: Reuniclus
|
|turn|7
|
|move|p2a: Arcanine|Extreme Speed|p1a: Reuniclus
|-damage|p1a: Reuniclus|0 fnt
|-damage|p2a: Arcanine|167\/339|[from] item: Life Orb
|faint|p1a: Reuniclus
|
|
|switch|p1a: Chansey|Chansey, F, shiny|664\/704
|turn|8
|
|move|p1a: Chansey|Toxic|p2a: Arcanine|[miss]
|-miss|p1a: Chansey|p2a: Arcanine
|move|p2a: Arcanine|Flare Blitz|p1a: Chansey
|-damage|p1a: Chansey|313\/704
|-damage|p2a: Arcanine|51\/339|[from] recoil|[of] p1a: Chansey
|-damage|p2a: Arcanine|18\/339|[from] item: Life Orb
|
|turn|9
|
|switch|p1a: Charla|Charizard, F, shiny|307\/307
|move|p2a: Arcanine|Close Combat|p1a: Charla
|-resisted|p1a: Charla
|-damage|p1a: Charla|204\/307
|-unboost|p2a: Arcanine|def|1
|-unboost|p2a: Arcanine|spd|1
|-damage|p2a: Arcanine|0 fnt|[from] item: Life Orb
|faint|p2a: Arcanine
|
|
|switch|p2a: Talonflame|Talonflame, M|309\/309
|turn|10
|
|switch|p1a: Chansey|Chansey, F, shiny|313\/704
|move|p2a: Talonflame|Swords Dance|p2a: Talonflame
|-boost|p2a: Talonflame|atk|2
|
|-fieldend|move: Trick Room
|turn|11
|
|move|p2a: Talonflame|Acrobatics|p1a: Chansey
|-damage|p1a: Chansey|0 fnt
|faint|p1a: Chansey
|
|
|switch|p1a: Greninja|Greninja, F, shiny|286\/286
|turn|12
|
|move|p2a: Talonflame|Acrobatics|p1a: Greninja
|-damage|p1a: Greninja|0 fnt
|faint|p1a: Greninja
|
|-message|Mohammad forfeited.
|
|win|Jiban123
|raw|Ladder updating...
|raw|Mohammad's rating: 1697 &rarr; <strong>1670<\/strong><br \/>(-27 for losing)
|raw|Jiban123's rating: 1580 &rarr; <strong>1607<\/strong><br \/>(+27 for winning)