|join|Mohammad
|join|Slifer06
|player|p1|Mohammad|78
|player|p2|Slifer06|264
|gametype|singles
|gen|6
|tier|OU
|rated
|clearpoke
|poke|p1|Rotom-Wash, shiny
|poke|p1|Clefable, M, shiny
|poke|p1|Metagross, shiny
|poke|p1|Landorus-Therian, M, shiny
|poke|p1|Terrakion, shiny
|poke|p1|Latios, M, shiny
|poke|p2|Charizard, M, shiny
|poke|p2|Latios, M, shiny
|poke|p2|Thundurus, M, shiny
|poke|p2|Rotom-Wash, shiny
|poke|p2|Ferrothorn, M
|poke|p2|Togekiss, F, shiny
|rule|Swagger Clause: Swagger is banned
|rule|Baton Pass Clause: Limit one PokÃ©mon knowing Baton Pass
|rule|Sleep Clause Mod: Limit one foe put to sleep
|rule|Species Clause: Limit one of each PokÃ©mon
|rule|OHKO Clause: OHKO moves are banned
|rule|Moody Clause: Moody is banned
|rule|Evasion Moves Clause: Evasion moves are banned
|rule|Endless Battle Clause: Forcing endless battles is banned
|rule|HP Percentage Mod: HP is shown in percentages
|teampreview
|
|start
|switch|p1a: Rotom-Wash|Rotom-Wash, shiny|304\/304
|switch|p2a: Jozu|Ferrothorn, M|352\/352
|turn|1
|
|move|p1a: Rotom-Wash|Volt Switch|p2a: Jozu
|-resisted|p2a: Jozu
|-damage|p2a: Jozu|314\/352
|
|switch|p1a: Latios|Latios, M, shiny|302\/302
|move|p2a: Jozu|Stealth Rock|p1a: Latios
|-sidestart|p1: Mohammad|move: Stealth Rock
|
|-heal|p2a: Jozu|336\/352|[from] item: Leftovers
|turn|2
|
|move|p2a: Jozu|Protect|p2a: Jozu
|-singleturn|p2a: Jozu|Protect
|move|p1a: Latios|Hidden Power|p2a: Jozu
|-activate|p2a: Jozu|Protect
|
|-heal|p2a: Jozu|352\/352|[from] item: Leftovers
|turn|3
|
|switch|p2a: Kaneki|Latios, M, shiny|301\/301
|move|p1a: Latios|Defog|p2a: Kaneki
|-unboost|p2a: Kaneki|evasion|1
|-sideend|p1: Mohammad|Stealth Rock|[from] move: Defog|[of] p1a: Latios
|
|turn|4
|
|switch|p1a: Clefable|Clefable, M, shiny|394\/394
|move|p2a: Kaneki|Ice Beam|p1a: Clefable
|-damage|p1a: Clefable|277\/394
|
|turn|5
|
|switch|p2a: Jozu|Ferrothorn, M|352\/352
|move|p1a: Clefable|Moonblast|p2a: Jozu
|-resisted|p2a: Jozu
|-damage|p2a: Jozu|271\/352
|
|-heal|p2a: Jozu|293\/352|[from] item: Leftovers
|turn|6
|
|move|p1a: Clefable|Flamethrower|p2a: Jozu
|-supereffective|p2a: Jozu
|-damage|p2a: Jozu|0 fnt
|faint|p2a: Jozu
|
|
|switch|p2a: Mimi|Togekiss, F, shiny|373\/373
|turn|7
|
|switch|p1a: Rotom-Wash|Rotom-Wash, shiny|304\/304
|move|p2a: Mimi|Air Slash|p1a: Rotom-Wash
|-resisted|p1a: Rotom-Wash
|-damage|p1a: Rotom-Wash|251\/304
|
|-heal|p1a: Rotom-Wash|270\/304|[from] item: Leftovers
|turn|8
|
|switch|p2a: Kaneki|Latios, M, shiny|301\/301
|move|p1a: Rotom-Wash|Volt Switch|p2a: Kaneki
|-resisted|p2a: Kaneki
|-damage|p2a: Kaneki|260\/301
|
|switch|p1a: Clefable|Clefable, M, shiny|277\/394
|
|turn|9
|
|switch|p2a: Krillin|Rotom-Wash, shiny|303\/303
|move|p1a: Clefable|Moonblast|p2a: Krillin
|-damage|p2a: Krillin|165\/303
|-unboost|p2a: Krillin|spa|1
|
|-heal|p2a: Krillin|183\/303|[from] item: Leftovers
|turn|10
|
|move|p2a: Krillin|Confuse Ray|p1a: Clefable
|-start|p1a: Clefable|confusion
|-activate|p1a: Clefable|confusion
|move|p1a: Clefable|Soft-Boiled|p1a: Clefable
|-heal|p1a: Clefable|394\/394
|
|-heal|p2a: Krillin|201\/303|[from] item: Leftovers
|turn|11
|
|move|p2a: Krillin|Pain Split|p1a: Clefable
|-sethp|p1a: Clefable|297\/394|p2a: Krillin|297\/303|[from] move: Pain Split
|-end|p1a: Clefable|confusion
|move|p1a: Clefable|Moonblast|p2a: Krillin
|-damage|p2a: Krillin|163\/303
|
|-heal|p2a: Krillin|181\/303|[from] item: Leftovers
|turn|12
|
|move|p2a: Krillin|Confuse Ray|p1a: Clefable
|-start|p1a: Clefable|confusion
|-activate|p1a: Clefable|confusion
|move|p1a: Clefable|Moonblast|p2a: Krillin
|-damage|p2a: Krillin|48\/303
|
|-heal|p2a: Krillin|66\/303|[from] item: Leftovers
|turn|13
|
|move|p2a: Krillin|Pain Split|p1a: Clefable
|-sethp|p1a: Clefable|181\/394|p2a: Krillin|181\/303|[from] move: Pain Split
|-activate|p1a: Clefable|confusion
|-damage|p1a: Clefable|142\/394|[from] confusion
|
|-heal|p2a: Krillin|199\/303|[from] item: Leftovers
|turn|14
|
|move|p2a: Krillin|Volt Switch|p1a: Clefable
|-damage|p1a: Clefable|76\/394
|
|switch|p2a: Mimi|Togekiss, F, shiny|373\/373
|-activate|p1a: Clefable|confusion
|move|p1a: Clefable|Soft-Boiled|p1a: Clefable
|-heal|p1a: Clefable|273\/394
|
|turn|15
|
|switch|p1a: Rotom-Wash|Rotom-Wash, shiny|270\/304
|move|p2a: Mimi|Air Slash|p1a: Rotom-Wash
|-resisted|p1a: Rotom-Wash
|-damage|p1a: Rotom-Wash|224\/304
|
|-heal|p1a: Rotom-Wash|243\/304|[from] item: Leftovers
|turn|16
|
|switch|p2a: Kaneki|Latios, M, shiny|260\/301
|move|p1a: Rotom-Wash|Volt Switch|p2a: Kaneki
|-resisted|p2a: Kaneki
|-damage|p2a: Kaneki|217\/301
|
|switch|p1a: Clefable|Clefable, M, shiny|273\/394
|
|turn|17
|
|switch|p2a: Killer-t|Thundurus, M, shiny|300\/300
|move|p1a: Clefable|Moonblast|p2a: Killer-t
|-damage|p2a: Killer-t|76\/300
|
|-heal|p2a: Killer-t|94\/300|[from] item: Leftovers
|turn|18
|
|move|p2a: Killer-t|Flash Cannon|p1a: Clefable
|-supereffective|p1a: Clefable
|-damage|p1a: Clefable|55\/394
|move|p1a: Clefable|Moonblast|p2a: Killer-t
|-damage|p2a: Killer-t|0 fnt
|faint|p2a: Killer-t
|
|c|âMohammad|wat
|c|âMohammad|who carries flash cannon
|
|switch|p2a: Natsu|Charizard, M, shiny|297\/297
|turn|19
|c|âSlifer06|apparantely me
|
|detailschange|p2a: Natsu|Charizard-Mega-X, M, shiny
|-mega|p2a: Natsu|Charizard|Charizardite X
|move|p2a: Natsu|Fire Punch|p1a: Clefable
|-damage|p1a: Clefable|0 fnt
|faint|p1a: Clefable
|
|c|âMohammad|i guess gotta be prepaired for bulky fairies
|c|âMohammad|like clefable
|c|âSlifer06|tell me
|
|switch|p1a: Landorus-Therian|Landorus-Therian, M, shiny|382\/382
|-ability|p1a: Landorus-Therian|Intimidate|[of] p2a: Natsu
|-unboost|p2a: Natsu|atk|1
|turn|20
|
|switch|p2a: Kaneki|Latios, M, shiny|217\/301
|move|p1a: Landorus-Therian|Stealth Rock|p2a: Kaneki
|-sidestart|p2: Slifer06|move: Stealth Rock
|
|turn|21
|
|move|p2a: Kaneki|Ice Beam|p1a: Landorus-Therian
|-supereffective|p1a: Landorus-Therian
|-damage|p1a: Landorus-Therian|0 fnt
|faint|p1a: Landorus-Therian
|
|
|switch|p1a: Metagross|Metagross, shiny|302\/302
|turn|22
|
|switch|p2a: Krillin|Rotom-Wash, shiny|199\/303
|-damage|p2a: Krillin|162\/303|[from] Stealth Rock
|detailschange|p1a: Metagross|Metagross-Mega, shiny
|-mega|p1a: Metagross|Metagross|Metagrossite
|move|p1a: Metagross|Zen Headbutt|p2a: Krillin
|-damage|p2a: Krillin|0 fnt
|faint|p2a: Krillin
|
|
|switch|p2a: Kaneki|Latios, M, shiny|217\/301
|-damage|p2a: Kaneki|180\/301|[from] Stealth Rock
|turn|23
|
|move|p2a: Kaneki|Defog|p1a: Metagross
|-unboost|p1a: Metagross|evasion|1
|-sideend|p2: Slifer06|Stealth Rock|[from] move: Defog|[of] p2a: Kaneki
|move|p1a: Metagross|Ice Punch|p2a: Kaneki
|-supereffective|p2a: Kaneki
|-damage|p2a: Kaneki|0 fnt
|faint|p2a: Kaneki
|
|
|switch|p2a: Natsu|Charizard-Mega-X, M, shiny|297\/297
|turn|24
|
|move|p1a: Metagross|Earthquake|p2a: Natsu
|-supereffective|p2a: Natsu
|-damage|p2a: Natsu|71\/297
|move|p2a: Natsu|Dragon Dance|p2a: Natsu
|-boost|p2a: Natsu|atk|1
|-boost|p2a: Natsu|spe|1
|
|turn|25
|
|move|p2a: Natsu|Fire Punch|p1a: Metagross
|-supereffective|p1a: Metagross
|-damage|p1a: Metagross|0 fnt
|faint|p1a: Metagross
|
|
|switch|p1a: Terrakion|Terrakion, shiny|324\/324
|turn|26
|
|move|p2a: Natsu|Earthquake|p1a: Terrakion
|-supereffective|p1a: Terrakion
|-damage|p1a: Terrakion|0 fnt
|faint|p1a: Terrakion
|
|
|switch|p1a: Rotom-Wash|Rotom-Wash, shiny|243\/304
|turn|27
|c|âMohammad|you run max speed
|c|âSlifer06|yep
|
|move|p2a: Natsu|Dragon Claw|p1a: Rotom-Wash
|-damage|p1a: Rotom-Wash|0 fnt
|faint|p1a: Rotom-Wash
|
|-message|Mohammad forfeited.
|leave|Mohammad
|
|win|Slifer06
|raw|Ladder updating...
|player|p1
|raw|Mohammad's rating: 1456 &rarr; <strong>1432<\/strong><br \/>(-24 for losing)
|raw|Slifer06's rating: 1384 &rarr; <strong>1408<\/strong><br \/>(+24 for winning)