|join|Mohammad
|join|paperchao
|player|p1|Mohammad|78
|player|p2|paperchao|262
|gametype|singles
|gen|6
|tier|OU
|rated
|clearpoke
|poke|p1|Rotom-Wash, shiny
|poke|p1|Clefable, M, shiny
|poke|p1|Metagross, shiny
|poke|p1|Landorus-Therian, M, shiny
|poke|p1|Terrakion, shiny
|poke|p1|Latios, M, shiny
|poke|p2|Serperior, M
|poke|p2|Charizard, M
|poke|p2|Latias, F
|poke|p2|Keldeo
|poke|p2|Landorus-Therian, M
|poke|p2|Heatran, M
|rule|Swagger Clause: Swagger is banned
|rule|Baton Pass Clause: Limit one PokÃ©mon knowing Baton Pass
|rule|Sleep Clause Mod: Limit one foe put to sleep
|rule|Species Clause: Limit one of each PokÃ©mon
|rule|OHKO Clause: OHKO moves are banned
|rule|Moody Clause: Moody is banned
|rule|Evasion Moves Clause: Evasion moves are banned
|rule|Endless Battle Clause: Forcing endless battles is banned
|rule|HP Percentage Mod: HP is shown in percentages
|teampreview
|join|bigpapee
|leave|bigpapee
|
|start
|switch|p1a: Clefable|Clefable, M, shiny|394\/394
|switch|p2a: Landorus-Therian|Landorus-Therian, M|381\/381
|-ability|p2a: Landorus-Therian|Intimidate|[of] p1a: Clefable
|-unboost|p1a: Clefable|atk|1
|turn|1
|
|move|p2a: Landorus-Therian|Stealth Rock|p1a: Clefable
|-sidestart|p1: Mohammad|move: Stealth Rock
|move|p1a: Clefable|Moonblast|p2a: Landorus-Therian
|-damage|p2a: Landorus-Therian|161\/381
|
|-heal|p2a: Landorus-Therian|184\/381|[from] item: Leftovers
|turn|2
|
|switch|p2a: Heatran|Heatran, M|385\/385
|move|p1a: Clefable|Moonblast|p2a: Heatran
|-resisted|p2a: Heatran
|-damage|p2a: Heatran|350\/385
|-unboost|p2a: Heatran|spa|1
|
|-heal|p2a: Heatran|374\/385|[from] item: Leftovers
|turn|3
|
|move|p2a: Heatran|Lava Plume|p1a: Clefable
|-damage|p1a: Clefable|309\/394
|-status|p1a: Clefable|brn
|move|p1a: Clefable|Hidden Power|p2a: Heatran
|-supereffective|p2a: Heatran
|-damage|p2a: Heatran|156\/385
|
|-heal|p2a: Heatran|180\/385|[from] item: Leftovers
|turn|4
|
|move|p2a: Heatran|Protect|p2a: Heatran
|-singleturn|p2a: Heatran|Protect
|move|p1a: Clefable|Soft-Boiled|p1a: Clefable
|-heal|p1a: Clefable|394\/394 brn
|
|-heal|p2a: Heatran|204\/385|[from] item: Leftovers
|turn|5
|
|switch|p2a: Charizard|Charizard, M|297\/297
|move|p1a: Clefable|Hidden Power|p2a: Charizard
|-immune|p2a: Charizard|[msg]
|
|turn|6
|
|switch|p1a: Landorus-Therian|Landorus-Therian, M, shiny|382\/382
|-damage|p1a: Landorus-Therian|335\/382|[from] Stealth Rock
|-ability|p1a: Landorus-Therian|Intimidate|[of] p2a: Charizard
|-unboost|p2a: Charizard|atk|1
|detailschange|p2a: Charizard|Charizard-Mega-Y, M
|-mega|p2a: Charizard|Charizard|Charizardite Y
|-weather|SunnyDay
|move|p2a: Charizard|Flare Blitz|p1a: Landorus-Therian
|-damage|p1a: Landorus-Therian|163\/382
|-damage|p2a: Charizard|240\/297|[from] recoil|[of] p1a: Landorus-Therian
|
|-weather|SunnyDay|[upkeep]
|-heal|p1a: Landorus-Therian|186\/382|[from] item: Leftovers
|turn|7
|
|move|p2a: Charizard|Flamethrower|p1a: Landorus-Therian
|-damage|p1a: Landorus-Therian|0 fnt
|faint|p1a: Landorus-Therian
|
|-weather|SunnyDay|[upkeep]
|
|switch|p1a: Latios|Latios, M, shiny|302\/302
|-damage|p1a: Latios|265\/302|[from] Stealth Rock
|turn|8
|
|switch|p2a: Heatran|Heatran, M|204\/385
|move|p1a: Latios|Draco Meteor|p2a: Heatran
|-resisted|p2a: Heatran
|-damage|p2a: Heatran|92\/385
|-unboost|p1a: Latios|spa|2
|-damage|p1a: Latios|235\/302|[from] item: Life Orb
|
|-weather|SunnyDay|[upkeep]
|-heal|p2a: Heatran|116\/385|[from] item: Leftovers
|turn|9
|
|switch|p1a: Rotom-Wash|Rotom-Wash, shiny|304\/304
|-damage|p1a: Rotom-Wash|266\/304|[from] Stealth Rock
|move|p2a: Heatran|Lava Plume|p1a: Rotom-Wash
|-resisted|p1a: Rotom-Wash
|-damage|p1a: Rotom-Wash|206\/304
|
|-weather|SunnyDay|[upkeep]
|-heal|p1a: Rotom-Wash|225\/304|[from] item: Leftovers
|-heal|p2a: Heatran|140\/385|[from] item: Leftovers
|turn|10
|
|switch|p2a: Latias|Latias, F|319\/319
|move|p1a: Rotom-Wash|Hydro Pump|p2a: Latias
|-resisted|p2a: Latias
|-damage|p2a: Latias|292\/319
|
|-weather|none
|-heal|p1a: Rotom-Wash|244\/304|[from] item: Leftovers
|turn|11
|
|move|p2a: Latias|Draco Meteor|p1a: Rotom-Wash
|-damage|p1a: Rotom-Wash|61\/304
|-unboost|p2a: Latias|spa|2
|-damage|p2a: Latias|261\/319|[from] item: Life Orb
|move|p1a: Rotom-Wash|Pain Split|p2a: Latias
|-sethp|p2a: Latias|161\/319|p1a: Rotom-Wash|161\/304|[from] move: Pain Split
|
|-heal|p1a: Rotom-Wash|180\/304|[from] item: Leftovers
|turn|12
|
|move|p2a: Latias|Draco Meteor|p1a: Rotom-Wash
|-damage|p1a: Rotom-Wash|85\/304
|-unboost|p2a: Latias|spa|2
|-damage|p2a: Latias|130\/319|[from] item: Life Orb
|move|p1a: Rotom-Wash|Volt Switch|p2a: Latias
|-resisted|p2a: Latias
|-damage|p2a: Latias|96\/319
|
|switch|p1a: Metagross|Metagross, shiny|302\/302
|-damage|p1a: Metagross|284\/302|[from] Stealth Rock
|
|turn|13
|
|detailschange|p1a: Metagross|Metagross-Mega, shiny
|-mega|p1a: Metagross|Metagross|Metagrossite
|move|p2a: Latias|Healing Wish|p2a: Latias
|faint|p2a: Latias
|move|p1a: Metagross|Ice Punch|p2: Latias|[notarget]
|-notarget
|
|
|switch|p2a: Landorus-Therian|Landorus-Therian, M|184\/381
|-heal|p2a: Landorus-Therian|381\/381|[from] move: Healing Wish
|-ability|p2a: Landorus-Therian|Intimidate|[of] p1a: Metagross
|-unboost|p1a: Metagross|atk|1
|turn|14
|
|switch|p1a: Rotom-Wash|Rotom-Wash, shiny|85\/304
|-damage|p1a: Rotom-Wash|47\/304|[from] Stealth Rock
|move|p2a: Landorus-Therian|Earthquake|p1a: Rotom-Wash
|-immune|p1a: Rotom-Wash|[msg]
|
|-heal|p1a: Rotom-Wash|66\/304|[from] item: Leftovers
|turn|15
|
|switch|p2a: Heatran|Heatran, M|140\/385
|move|p1a: Rotom-Wash|Pain Split|p2a: Heatran
|-sethp|p2a: Heatran|103\/385|p1a: Rotom-Wash|103\/304|[from] move: Pain Split
|
|-heal|p1a: Rotom-Wash|122\/304|[from] item: Leftovers
|-heal|p2a: Heatran|127\/385|[from] item: Leftovers
|turn|16
|
|move|p1a: Rotom-Wash|Hydro Pump|p2a: Heatran|[miss]
|-miss|p1a: Rotom-Wash|p2a: Heatran
|move|p2a: Heatran|Lava Plume|p1a: Rotom-Wash
|-resisted|p1a: Rotom-Wash
|-damage|p1a: Rotom-Wash|75\/304
|
|-heal|p1a: Rotom-Wash|94\/304|[from] item: Leftovers
|-heal|p2a: Heatran|151\/385|[from] item: Leftovers
|turn|17
|
|move|p1a: Rotom-Wash|Volt Switch|p2a: Heatran
|-damage|p2a: Heatran|82\/385
|
|switch|p1a: Latios|Latios, M, shiny|235\/302
|-damage|p1a: Latios|198\/302|[from] Stealth Rock
|move|p2a: Heatran|Lava Plume|p1a: Latios
|-crit|p1a: Latios
|-resisted|p1a: Latios
|-damage|p1a: Latios|123\/302
|
|-heal|p2a: Heatran|106\/385|[from] item: Leftovers
|turn|18
|
|move|p2a: Heatran|Protect|p2a: Heatran
|-singleturn|p2a: Heatran|Protect
|move|p1a: Latios|Defog|p2a: Heatran
|-activate|p2a: Heatran|Protect
|
|-heal|p2a: Heatran|130\/385|[from] item: Leftovers
|turn|19
|
|switch|p2a: Serperior|Serperior, M|291\/291
|move|p1a: Latios|Defog|p2a: Serperior
|-boost|p2a: Serperior|evasion|1
|-sideend|p1: Mohammad|Stealth Rock|[from] move: Defog|[of] p1a: Latios
|
|turn|20
|
|move|p2a: Serperior|Leaf Storm|p1a: Latios
|-resisted|p1a: Latios
|-damage|p1a: Latios|33\/302
|-boost|p2a: Serperior|spa|2
|-damage|p2a: Serperior|262\/291|[from] item: Life Orb
|move|p1a: Latios|Draco Meteor|p2a: Serperior|[miss]
|-miss|p1a: Latios|p2a: Serperior
|
|turn|21
|c|âMohammad|....
|
|move|p2a: Serperior|Leaf Storm|p1a: Latios
|-crit|p1a: Latios
|-resisted|p1a: Latios
|-damage|p1a: Latios|0 fnt
|-boost|p2a: Serperior|spa|2
|-damage|p2a: Serperior|233\/291|[from] item: Life Orb
|faint|p1a: Latios
|
|
|switch|p1a: Terrakion|Terrakion, shiny|324\/324
|turn|22
|
|move|p1a: Terrakion|Close Combat|p2a: Serperior|[miss]
|-miss|p1a: Terrakion|p2a: Serperior
|move|p2a: Serperior|Giga Drain|p1a: Terrakion
|-supereffective|p1a: Terrakion
|-damage|p1a: Terrakion|0 fnt
|-heal|p2a: Serperior|291\/291|[from] drain|[of] p1a: Terrakion
|-damage|p2a: Serperior|262\/291|[from] item: Life Orb
|faint|p1a: Terrakion
|
|c|âMohammad|bulll
|-message|Mohammad forfeited.
|leave|Mohammad
|
|win|paperchao
|raw|Ladder updating...
|player|p1
|raw|Mohammad's rating: 1418 &rarr; <strong>1398<\/strong><br \/>(-20 for losing)
|raw|paperchao's rating: 1416 &rarr; <strong>1436<\/strong><br \/>(+20 for winning)