|join|Mohammad
|join|White Armor II
|player|p1|Mohammad|78
|player|p2|White Armor II|45
|gametype|singles
|gen|6
|tier|OU
|rated
|clearpoke
|poke|p1|Politoed, F, shiny
|poke|p1|Swampert, F, shiny
|poke|p1|Azumarill, F, shiny
|poke|p1|Kingdra, F, shiny
|poke|p1|Latias, F, shiny
|poke|p1|Ferrothorn, F, shiny
|poke|p2|Skarmory, M
|poke|p2|Slowbro, M
|poke|p2|Venusaur, M
|poke|p2|Kyurem-Black, shiny
|poke|p2|Heatran, M
|poke|p2|Thundurus, M
|rule|Swagger Clause: Swagger is banned
|rule|Baton Pass Clause: Limit one PokÃ©mon knowing Baton Pass
|rule|Sleep Clause Mod: Limit one foe put to sleep
|rule|Species Clause: Limit one of each PokÃ©mon
|rule|OHKO Clause: OHKO moves are banned
|rule|Moody Clause: Moody is banned
|rule|Evasion Moves Clause: Evasion moves are banned
|rule|Endless Battle Clause: Forcing endless battles is banned
|rule|HP Percentage Mod: HP is shown in percentages
|teampreview
|
|start
|switch|p1a: Politoed|Politoed, F, shiny|384\/384
|switch|p2a: Thundurus|Thundurus, M|299\/299
|-weather|RainDance
|turn|1
|
|switch|p1a: Swampert|Swampert, F, shiny|375\/375
|move|p2a: Thundurus|Substitute|p2a: Thundurus
|-start|p2a: Thundurus|Substitute
|-damage|p2a: Thundurus|225\/299
|
|-weather|RainDance|[upkeep]
|turn|2
|
|detailschange|p1a: Swampert|Swampert-Mega, F, shiny
|-mega|p1a: Swampert|Swampert|Swampertite
|move|p2a: Thundurus|Hidden Power|p1a: Swampert
|-damage|p1a: Swampert|292\/375
|-damage|p2a: Thundurus|196\/299|[from] item: Life Orb
|move|p1a: Swampert|Ice Punch|p2a: Thundurus
|-supereffective|p2a: Thundurus
|-end|p2a: Thundurus|Substitute
|
|-weather|RainDance|[upkeep]
|turn|3
|join|time to test more
|
|switch|p2a: Smoke Heroin|Skarmory, M|333\/333
|move|p1a: Swampert|Aqua Tail|p2a: Smoke Heroin
|-damage|p2a: Smoke Heroin|171\/333
|
|-weather|RainDance|[upkeep]
|turn|4
|
|switch|p1a: Kingdra|Kingdra, F, shiny|292\/292
|move|p2a: Smoke Heroin|Roost|p2a: Smoke Heroin
|-heal|p2a: Smoke Heroin|333\/333
|
|-weather|RainDance|[upkeep]
|turn|5
|
|switch|p2a: Slowbruh|Slowbro, M|394\/394
|move|p1a: Kingdra|Hydro Pump|p2a: Slowbruh
|-resisted|p2a: Slowbruh
|-damage|p2a: Slowbruh|269\/394
|-damage|p1a: Kingdra|263\/292|[from] item: Life Orb
|
|-weather|RainDance|[upkeep]
|turn|6
|
|move|p1a: Kingdra|Draco Meteor|p2a: Slowbruh
|-damage|p2a: Slowbruh|49\/394
|-unboost|p1a: Kingdra|spa|2
|-damage|p1a: Kingdra|234\/292|[from] item: Life Orb
|move|p2a: Slowbruh|Psyshock|p1a: Kingdra
|-damage|p1a: Kingdra|108\/292
|
|-weather|RainDance|[upkeep]
|turn|7
|
|switch|p2a: Smoke Heroin|Skarmory, M|333\/333
|move|p1a: Kingdra|Draco Meteor|p2a: Smoke Heroin
|-resisted|p2a: Smoke Heroin
|-damage|p2a: Smoke Heroin|247\/333
|-unboost|p1a: Kingdra|spa|2
|-damage|p1a: Kingdra|79\/292|[from] item: Life Orb
|
|-weather|RainDance|[upkeep]
|turn|8
|
|switch|p1a: Politoed|Politoed, F, shiny|384\/384
|switch|p2a: Slowbruh|Slowbro, M|180\/394
|
|-weather|none
|turn|9
|
|move|p1a: Politoed|Toxic|p2a: Slowbruh
|-status|p2a: Slowbruh|tox
|move|p2a: Slowbruh|Ice Beam|p1a: Politoed
|-resisted|p1a: Politoed
|-damage|p1a: Politoed|336\/384
|-status|p1a: Politoed|frz
|
|-damage|p2a: Slowbruh|156\/394 tox|[from] psn
|turn|10
|c|âMohammad|wat
|
|cant|p1a: Politoed|frz
|move|p2a: Slowbruh|Fire Blast|p1a: Politoed
|-crit|p1a: Politoed
|-resisted|p1a: Politoed
|-damage|p1a: Politoed|243\/384 frz
|-curestatus|p1a: Politoed|frz
|-status|p1a: Politoed|brn
|
|-damage|p1a: Politoed|195\/384 brn|[from] brn
|-damage|p2a: Slowbruh|108\/394 tox|[from] psn
|turn|11
|c|âWhite Armor II|lol
|c|âMohammad|oh great
|
|switch|p1a: Latias|Latias, F, shiny|302\/302
|switch|p2a: Don't do Drugs Kid|Venusaur, M|364\/364
|
|turn|12
|
|switch|p2a: Heatran|Heatran, M|386\/386
|move|p1a: Latias|Psyshock|p2a: Heatran
|-resisted|p2a: Heatran
|-damage|p2a: Heatran|311\/386
|-damage|p1a: Latias|272\/302|[from] item: Life Orb
|
|-heal|p2a: Heatran|335\/386|[from] item: Leftovers
|turn|13
|
|switch|p1a: Politoed|Politoed, F, shiny|195\/384 brn
|-weather|RainDance
|move|p2a: Heatran|Substitute|p2a: Heatran
|-start|p2a: Heatran|Substitute
|-damage|p2a: Heatran|239\/386
|
|-weather|RainDance|[upkeep]
|-heal|p2a: Heatran|263\/386|[from] item: Leftovers
|-damage|p1a: Politoed|147\/384 brn|[from] brn
|turn|14
|
|move|p2a: Heatran|Protect|p2a: Heatran
|-singleturn|p2a: Heatran|Protect
|move|p1a: Politoed|Encore|p2a: Heatran
|-activate|p2a: Heatran|Protect
|
|-weather|RainDance|[upkeep]
|-heal|p2a: Heatran|287\/386|[from] item: Leftovers
|-damage|p1a: Politoed|99\/384 brn|[from] brn
|turn|15
|
|switch|p1a: Kingdra|Kingdra, F, shiny|79\/292
|move|p2a: Heatran|Lava Plume|p1a: Kingdra
|-resisted|p1a: Kingdra
|-damage|p1a: Kingdra|63\/292
|
|-weather|RainDance|[upkeep]
|-heal|p2a: Heatran|311\/386|[from] item: Leftovers
|turn|16
|
|move|p1a: Kingdra|Hydro Pump|p2a: Heatran|[miss]
|-miss|p1a: Kingdra|p2a: Heatran
|move|p2a: Heatran|Substitute|p2a: Heatran
|-fail|p2a: Heatran|move: Substitute
|
|-weather|RainDance|[upkeep]
|-heal|p2a: Heatran|335\/386|[from] item: Leftovers
|turn|17
|
|move|p2a: Heatran|Protect|p2a: Heatran
|-singleturn|p2a: Heatran|Protect
|move|p1a: Kingdra|Hydro Pump|p2a: Heatran
|-activate|p2a: Heatran|Protect
|
|-weather|RainDance|[upkeep]
|-heal|p2a: Heatran|359\/386|[from] item: Leftovers
|turn|18
|
|move|p1a: Kingdra|Hydro Pump|p2a: Heatran
|-supereffective|p2a: Heatran
|-end|p2a: Heatran|Substitute
|-damage|p1a: Kingdra|34\/292|[from] item: Life Orb
|move|p2a: Heatran|Substitute|p2a: Heatran
|-start|p2a: Heatran|Substitute
|-damage|p2a: Heatran|263\/386
|
|-weather|RainDance|[upkeep]
|-heal|p2a: Heatran|287\/386|[from] item: Leftovers
|turn|19
|
|switch|p1a: Azumarill|Azumarill, F, shiny|403\/403
|move|p2a: Heatran|Protect|p2a: Heatran
|-fail|p2a: Heatran
|
|-weather|RainDance|[upkeep]
|-heal|p2a: Heatran|311\/386|[from] item: Leftovers
|turn|20
|
|move|p2a: Heatran|Lava Plume|p1a: Azumarill
|-resisted|p1a: Azumarill
|-damage|p1a: Azumarill|367\/403
|move|p1a: Azumarill|Waterfall|p2a: Heatran
|-crit|p2a: Heatran
|-supereffective|p2a: Heatran
|-end|p2a: Heatran|Substitute
|
|-weather|none
|-heal|p2a: Heatran|335\/386|[from] item: Leftovers
|turn|21
|
|switch|p2a: Don't do Drugs Kid|Venusaur, M|364\/364
|move|p1a: Azumarill|Waterfall|p2a: Don't do Drugs Kid
|-crit|p2a: Don't do Drugs Kid
|-resisted|p2a: Don't do Drugs Kid
|-damage|p2a: Don't do Drugs Kid|136\/364
|
|turn|22
|
|switch|p1a: Latias|Latias, F, shiny|272\/302
|detailschange|p2a: Don't do Drugs Kid|Venusaur-Mega, M
|-mega|p2a: Don't do Drugs Kid|Venusaur|Venusaurite
|move|p2a: Don't do Drugs Kid|Giga Drain|p1a: Latias
|-resisted|p1a: Latias
|-damage|p1a: Latias|218\/302
|-heal|p2a: Don't do Drugs Kid|163\/364|[from] drain|[of] p1a: Latias
|
|turn|23
|leave|time to test more
|
|switch|p1a: Politoed|Politoed, F, shiny|99\/384 brn
|-weather|RainDance
|switch|p2a: Heatran|Heatran, M|335\/386
|
|-weather|RainDance|[upkeep]
|-heal|p2a: Heatran|359\/386|[from] item: Leftovers
|-damage|p1a: Politoed|51\/384 brn|[from] brn
|turn|24
|
|switch|p2a: Don't do Drugs Kid|Venusaur-Mega, M|163\/364
|switch|p1a: Swampert|Swampert-Mega, F, shiny|292\/375
|
|-weather|RainDance|[upkeep]
|turn|25
|
|move|p1a: Swampert|Earthquake|p2a: Don't do Drugs Kid
|-damage|p2a: Don't do Drugs Kid|0 fnt
|faint|p2a: Don't do Drugs Kid
|
|-weather|RainDance|[upkeep]
|
|switch|p2a: Smoke Heroin|Skarmory, M|247\/333
|turn|26
|
|switch|p1a: Kingdra|Kingdra, F, shiny|34\/292
|move|p2a: Smoke Heroin|Roost|p2a: Smoke Heroin
|-heal|p2a: Smoke Heroin|333\/333
|
|-weather|RainDance|[upkeep]
|turn|27
|
|switch|p2a: Slowbruh|Slowbro, M|239\/394 tox
|move|p1a: Kingdra|Hydro Pump|p2a: Slowbruh|[miss]
|-miss|p1a: Kingdra|p2a: Slowbruh
|
|-weather|RainDance|[upkeep]
|-damage|p2a: Slowbruh|215\/394 tox|[from] psn
|turn|28
|
|move|p1a: Kingdra|Hydro Pump|p2a: Slowbruh
|-resisted|p2a: Slowbruh
|-damage|p2a: Slowbruh|88\/394 tox
|-damage|p1a: Kingdra|5\/292|[from] item: Life Orb
|move|p2a: Slowbruh|Psyshock|p1a: Kingdra
|-crit|p1a: Kingdra
|-damage|p1a: Kingdra|0 fnt
|faint|p1a: Kingdra
|
|-weather|RainDance|[upkeep]
|-damage|p2a: Slowbruh|40\/394 tox|[from] psn
|
|switch|p1a: Swampert|Swampert-Mega, F, shiny|292\/375
|turn|29
|
|move|p1a: Swampert|Aqua Tail|p2a: Slowbruh
|-resisted|p2a: Slowbruh
|-damage|p2a: Slowbruh|0 fnt
|faint|p2a: Slowbruh
|
|-weather|RainDance|[upkeep]
|
|switch|p2a: Thundurus|Thundurus, M|196\/299
|turn|30
|
|move|p2a: Thundurus|Substitute|p2a: Thundurus
|-start|p2a: Thundurus|Substitute
|-damage|p2a: Thundurus|122\/299
|move|p1a: Swampert|Aqua Tail|p2a: Thundurus
|-end|p2a: Thundurus|Substitute
|
|-weather|none
|turn|31
|
|move|p2a: Thundurus|Thunderbolt|p1a: Swampert
|-immune|p1a: Swampert|[msg]
|move|p1a: Swampert|Ice Punch|p2a: Thundurus
|-supereffective|p2a: Thundurus
|-damage|p2a: Thundurus|0 fnt
|faint|p2a: Thundurus
|
|
|switch|p2a: Coldark|Kyurem-Black, shiny|453\/453
|-ability|p2a: Coldark|Teravolt
|turn|32
|
|switch|p2a: Heatran|Heatran, M|359\/386
|switch|p1a: Ferrothorn|Ferrothorn, F, shiny|351\/351
|
|-heal|p2a: Heatran|383\/386|[from] item: Leftovers
|turn|33
|
|switch|p1a: Azumarill|Azumarill, F, shiny|367\/403
|move|p2a: Heatran|Substitute|p2a: Heatran
|-start|p2a: Heatran|Substitute
|-damage|p2a: Heatran|287\/386
|
|-heal|p2a: Heatran|311\/386|[from] item: Leftovers
|turn|34
|
|move|p2a: Heatran|Lava Plume|p1a: Azumarill
|-resisted|p1a: Azumarill
|-damage|p1a: Azumarill|292\/403
|move|p1a: Azumarill|Waterfall|p2a: Heatran
|-supereffective|p2a: Heatran
|-end|p2a: Heatran|Substitute
|
|-heal|p2a: Heatran|335\/386|[from] item: Leftovers
|turn|35
|
|move|p2a: Heatran|Lava Plume|p1a: Azumarill
|-resisted|p1a: Azumarill
|-damage|p1a: Azumarill|223\/403
|-status|p1a: Azumarill|brn
|move|p1a: Azumarill|Waterfall|p2a: Heatran
|-supereffective|p2a: Heatran
|-damage|p2a: Heatran|89\/386
|
|-heal|p2a: Heatran|113\/386|[from] item: Leftovers
|-damage|p1a: Azumarill|173\/403 brn|[from] brn
|turn|36
|
|switch|p2a: Coldark|Kyurem-Black, shiny|453\/453
|-ability|p2a: Coldark|Teravolt
|move|p1a: Azumarill|Waterfall|p2a: Coldark
|-resisted|p2a: Coldark
|-damage|p2a: Coldark|403\/453
|
|-damage|p1a: Azumarill|123\/403 brn|[from] brn
|turn|37
|
|move|p2a: Coldark|Substitute|p2a: Coldark
|-start|p2a: Coldark|Substitute
|-damage|p2a: Coldark|290\/453
|move|p1a: Azumarill|Waterfall|p2a: Coldark
|-resisted|p2a: Coldark
|-activate|p2a: Coldark|Substitute|[damage]
|
|-damage|p1a: Azumarill|73\/403 brn|[from] brn
|turn|38
|
|switch|p1a: Ferrothorn|Ferrothorn, F, shiny|351\/351
|move|p2a: Coldark|Ice Beam|p1a: Ferrothorn
|-damage|p1a: Ferrothorn|218\/351
|-damage|p2a: Coldark|245\/453|[from] item: Life Orb
|
|turn|39
|
|move|p2a: Coldark|Roost|p2a: Coldark
|-heal|p2a: Coldark|453\/453
|move|p1a: Ferrothorn|Gyro Ball|p2a: Coldark
|-supereffective|p2a: Coldark
|-end|p2a: Coldark|Substitute
|
|turn|40
|
|move|p2a: Coldark|Substitute|p2a: Coldark
|-start|p2a: Coldark|Substitute
|-damage|p2a: Coldark|340\/453
|move|p1a: Ferrothorn|Leech Seed|p2a: Coldark
|
|turn|41
|
|move|p2a: Coldark|Ice Beam|p1a: Ferrothorn
|-damage|p1a: Ferrothorn|69\/351
|-damage|p2a: Coldark|295\/453|[from] item: Life Orb
|move|p1a: Ferrothorn|Gyro Ball|p2a: Coldark
|-supereffective|p2a: Coldark
|-end|p2a: Coldark|Substitute
|
|turn|42
|
|switch|p2a: Heatran|Heatran, M|113\/386
|move|p1a: Ferrothorn|Gyro Ball|p2a: Heatran
|-resisted|p2a: Heatran
|-damage|p2a: Heatran|79\/386
|
|-heal|p2a: Heatran|103\/386|[from] item: Leftovers
|turn|43
|
|switch|p1a: Azumarill|Azumarill, F, shiny|73\/403 brn
|move|p2a: Heatran|Substitute|p2a: Heatran
|-start|p2a: Heatran|Substitute
|-damage|p2a: Heatran|7\/386
|
|-heal|p2a: Heatran|31\/386|[from] item: Leftovers
|-damage|p1a: Azumarill|23\/403 brn|[from] brn
|turn|44
|
|move|p2a: Heatran|Protect|p2a: Heatran
|-singleturn|p2a: Heatran|Protect
|move|p1a: Azumarill|Aqua Jet|p2a: Heatran
|-activate|p2a: Heatran|Protect
|
|-heal|p2a: Heatran|55\/386|[from] item: Leftovers
|-damage|p1a: Azumarill|0 fnt|[from] brn
|faint|p1a: Azumarill
|
|switch|p1a: Politoed|Politoed, F, shiny|51\/384 brn
|-weather|RainDance
|turn|45
|
|move|p2a: Heatran|Lava Plume|p1a: Politoed
|-resisted|p1a: Politoed
|-damage|p1a: Politoed|20\/384 brn
|move|p1a: Politoed|Hydro Pump|p2a: Heatran
|-supereffective|p2a: Heatran
|-end|p2a: Heatran|Substitute
|
|-weather|RainDance|[upkeep]
|-heal|p2a: Heatran|79\/386|[from] item: Leftovers
|-damage|p1a: Politoed|0 fnt|[from] brn
|faint|p1a: Politoed
|
|switch|p1a: Swampert|Swampert-Mega, F, shiny|292\/375
|turn|46
|
|move|p2a: Heatran|Protect|p2a: Heatran
|-singleturn|p2a: Heatran|Protect
|move|p1a: Swampert|Aqua Tail|p2a: Heatran
|-activate|p2a: Heatran|Protect
|
|-weather|RainDance|[upkeep]
|-heal|p2a: Heatran|103\/386|[from] item: Leftovers
|turn|47
|
|switch|p2a: Smoke Heroin|Skarmory, M|333\/333
|move|p1a: Swampert|Aqua Tail|p2a: Smoke Heroin
|-damage|p2a: Smoke Heroin|150\/333
|
|-weather|RainDance|[upkeep]
|turn|48
|
|move|p1a: Swampert|Aqua Tail|p2a: Smoke Heroin
|-damage|p2a: Smoke Heroin|0 fnt
|faint|p2a: Smoke Heroin
|
|-weather|RainDance|[upkeep]
|
|switch|p2a: Coldark|Kyurem-Black, shiny|295\/453
|-ability|p2a: Coldark|Teravolt
|turn|49
|
|move|p1a: Swampert|Hammer Arm|p2a: Coldark
|-supereffective|p2a: Coldark
|-damage|p2a: Coldark|93\/453
|-unboost|p1a: Swampert|spe|1
|move|p2a: Coldark|Roost|p2a: Coldark
|-heal|p2a: Coldark|320\/453
|
|-weather|RainDance|[upkeep]
|turn|50
|
|switch|p1a: Ferrothorn|Ferrothorn, F, shiny|69\/351
|move|p2a: Coldark|Substitute|p2a: Coldark
|-start|p2a: Coldark|Substitute
|-damage|p2a: Coldark|207\/453
|
|-weather|RainDance|[upkeep]
|turn|51
|
|move|p2a: Coldark|Ice Beam|p1a: Ferrothorn
|-damage|p1a: Ferrothorn|0 fnt
|-damage|p2a: Coldark|162\/453|[from] item: Life Orb
|faint|p1a: Ferrothorn
|
|-weather|RainDance|[upkeep]
|
|switch|p1a: Latias|Latias, F, shiny|218\/302
|turn|52
|
|move|p1a: Latias|Psyshock|p2a: Coldark
|-activate|p2a: Coldark|Substitute|[damage]
|-damage|p1a: Latias|188\/302|[from] item: Life Orb
|move|p2a: Coldark|Roost|p2a: Coldark
|-heal|p2a: Coldark|389\/453
|
|-weather|none
|turn|53
|
|move|p1a: Latias|Draco Meteor|p2a: Coldark
|-supereffective|p2a: Coldark
|-end|p2a: Coldark|Substitute
|-unboost|p1a: Latias|spa|2
|-damage|p1a: Latias|158\/302|[from] item: Life Orb
|move|p2a: Coldark|Substitute|p2a: Coldark
|-start|p2a: Coldark|Substitute
|-damage|p2a: Coldark|276\/453
|
|turn|54
|
|move|p1a: Latias|Draco Meteor|p2a: Coldark
|-supereffective|p2a: Coldark
|-end|p2a: Coldark|Substitute
|-unboost|p1a: Latias|spa|2
|-damage|p1a: Latias|128\/302|[from] item: Life Orb
|move|p2a: Coldark|Roost|p2a: Coldark
|-heal|p2a: Coldark|453\/453
|
|turn|55
|
|move|p1a: Latias|Draco Meteor|p2a: Coldark
|-supereffective|p2a: Coldark
|-damage|p2a: Coldark|219\/453
|-unboost|p1a: Latias|spa|2
|-damage|p1a: Latias|98\/302|[from] item: Life Orb
|move|p2a: Coldark|Substitute|p2a: Coldark
|-start|p2a: Coldark|Substitute
|-damage|p2a: Coldark|106\/453
|
|turn|56
|
|move|p1a: Latias|Draco Meteor|p2a: Coldark
|-supereffective|p2a: Coldark
|-end|p2a: Coldark|Substitute
|-damage|p1a: Latias|68\/302|[from] item: Life Orb
|move|p2a: Coldark|Roost|p2a: Coldark
|-heal|p2a: Coldark|333\/453
|
|turn|57
|
|move|p1a: Latias|Recover|p1a: Latias
|-heal|p1a: Latias|219\/302
|move|p2a: Coldark|Substitute|p2a: Coldark
|-start|p2a: Coldark|Substitute
|-damage|p2a: Coldark|220\/453
|
|turn|58
|
|move|p1a: Latias|Draco Meteor|p2a: Coldark
|-supereffective|p2a: Coldark
|-end|p2a: Coldark|Substitute
|-damage|p1a: Latias|189\/302|[from] item: Life Orb
|move|p2a: Coldark|Ice Beam|p1a: Latias
|-supereffective|p1a: Latias
|-damage|p1a: Latias|0 fnt
|-damage|p2a: Coldark|175\/453|[from] item: Life Orb
|faint|p1a: Latias
|
|
|switch|p1a: Swampert|Swampert-Mega, F, shiny|292\/375
|turn|59
|
|move|p2a: Coldark|Substitute|p2a: Coldark
|-start|p2a: Coldark|Substitute
|-damage|p2a: Coldark|62\/453
|move|p1a: Swampert|Hammer Arm|p2a: Coldark
|-supereffective|p2a: Coldark
|-end|p2a: Coldark|Substitute
|-unboost|p1a: Swampert|spe|1
|
|turn|60
|
|move|p2a: Coldark|Outrage|p1a: Swampert
|-damage|p1a: Swampert|10\/375
|-damage|p2a: Coldark|17\/453|[from] item: Life Orb
|move|p1a: Swampert|Hammer Arm|p2a: Coldark
|-supereffective|p2a: Coldark
|-damage|p2a: Coldark|0 fnt
|-unboost|p1a: Swampert|spe|1
|faint|p2a: Coldark
|
|-message|Mohammad forfeited.
|leave|Mohammad
|
|switch|p2a: Heatran|Heatran, M|103\/386
|turn|61
|
|win|White Armor II
|raw|Ladder updating...
|player|p1
|raw|Mohammad's rating: 1496 &rarr; <strong>1469<\/strong><br \/>(-27 for losing)
|raw|White Armor II's rating: 1375 &rarr; <strong>1402<\/strong><br \/>(+27 for winning)