|join|471kingofgames
|join|Mohammad
|player|p1|471kingofgames|70
|player|p2|Mohammad|102
|gametype|singles
|gen|6
|tier|OU
|rated
|clearpoke
|poke|p1|Tyranitar, M, shiny
|poke|p1|Excadrill, M, shiny
|poke|p1|Greninja, M, shiny
|poke|p1|Pinsir, M, shiny
|poke|p1|Talonflame, M, shiny
|poke|p1|Dragonite, M, shiny
|poke|p2|Rotom-Wash, shiny
|poke|p2|Serperior, M, shiny
|poke|p2|Metagross, shiny
|poke|p2|Landorus-Therian, M, shiny
|poke|p2|Terrakion, shiny
|poke|p2|Latios, M, shiny
|rule|Swagger Clause: Swagger is banned
|rule|Baton Pass Clause: Limit one PokÃ©mon knowing Baton Pass
|rule|Sleep Clause Mod: Limit one foe put to sleep
|rule|Species Clause: Limit one of each PokÃ©mon
|rule|OHKO Clause: OHKO moves are banned
|rule|Moody Clause: Moody is banned
|rule|Evasion Moves Clause: Evasion moves are banned
|rule|Endless Battle Clause: Forcing endless battles is banned
|rule|HP Percentage Mod: HP is shown in percentages
|teampreview
|
|start
|switch|p1a: Rappest|Tyranitar, M, shiny|391\/391
|switch|p2a: Serperior|Serperior, M, shiny|321\/321
|-weather|Sandstorm
|turn|1
|
|move|p2a: Serperior|Leaf Storm|p1a: Rappest
|-supereffective|p1a: Rappest
|-damage|p1a: Rappest|163\/391
|-boost|p2a: Serperior|spa|2
|move|p1a: Rappest|Stealth Rock|p2a: Serperior
|-sidestart|p2: Mohammad|move: Stealth Rock
|
|-weather|Sandstorm|[upkeep]
|-damage|p2a: Serperior|301\/321|[from] sandstorm
|-heal|p2a: Serperior|321\/321|[from] item: Leftovers
|turn|2
|
|move|p2a: Serperior|Dragon Pulse|p1a: Rappest
|-damage|p1a: Rappest|63\/391
|move|p1a: Rappest|Ice Beam|p2a: Serperior
|-supereffective|p2a: Serperior
|-damage|p2a: Serperior|185\/321
|
|-weather|Sandstorm|[upkeep]
|-damage|p2a: Serperior|165\/321|[from] sandstorm
|-heal|p2a: Serperior|185\/321|[from] item: Leftovers
|turn|3
|
|move|p2a: Serperior|Leaf Storm|p1a: Rappest|[miss]
|-miss|p2a: Serperior|p1a: Rappest
|move|p1a: Rappest|Fire Blast|p2a: Serperior
|-supereffective|p2a: Serperior
|-damage|p2a: Serperior|5\/321
|
|-weather|Sandstorm|[upkeep]
|-damage|p2a: Serperior|0 fnt|[from] sandstorm
|faint|p2a: Serperior
|
|switch|p2a: Landorus-Therian|Landorus-Therian, M, shiny|382\/382
|-damage|p2a: Landorus-Therian|335\/382|[from] Stealth Rock
|-ability|p2a: Landorus-Therian|Intimidate|[of] p1a: Rappest
|-unboost|p1a: Rappest|atk|1
|turn|4
|
|move|p1a: Rappest|Ice Beam|p2a: Landorus-Therian
|-supereffective|p2a: Landorus-Therian
|-damage|p2a: Landorus-Therian|23\/382
|-status|p2a: Landorus-Therian|frz
|cant|p2a: Landorus-Therian|frz
|
|-weather|Sandstorm|[upkeep]
|-heal|p2a: Landorus-Therian|46\/382 frz|[from] item: Leftovers
|turn|5
|-message|Mohammad forfeited.
|leave|Mohammad
|
|win|471kingofgames
|raw|Ladder updating...
|player|p2
|raw|471kingofgames's rating: 1493 &rarr; <strong>1514<\/strong><br \/>(+21 for winning)
|raw|Mohammad's rating: 1520 &rarr; <strong>1498<\/strong><br \/>(-22 for losing)