|join|lil manaphy
|join|Mohammad
|player|p1|lil manaphy|9
|player|p2|Mohammad|102
|gametype|singles
|gen|6
|tier|OU
|rated
|clearpoke
|poke|p1|Lopunny, F
|poke|p1|Gothitelle, F
|poke|p1|Rotom-Wash
|poke|p1|Celebi
|poke|p1|Heatran, F
|poke|p1|Mandibuzz, F
|poke|p2|Rotom-Wash, shiny
|poke|p2|Serperior, F, shiny
|poke|p2|Metagross, shiny
|poke|p2|Landorus-Therian, M, shiny
|poke|p2|Terrakion, shiny
|poke|p2|Latios, M, shiny
|rule|Swagger Clause: Swagger is banned
|rule|Baton Pass Clause: Limit one PokÃ©mon knowing Baton Pass
|rule|Sleep Clause Mod: Limit one foe put to sleep
|rule|Species Clause: Limit one of each PokÃ©mon
|rule|OHKO Clause: OHKO moves are banned
|rule|Moody Clause: Moody is banned
|rule|Evasion Moves Clause: Evasion moves are banned
|rule|Endless Battle Clause: Forcing endless battles is banned
|rule|HP Percentage Mod: HP is shown in percentages
|teampreview
|
|start
|switch|p1a: Lopunny|Lopunny, F|271\/271
|switch|p2a: Serperior|Serperior, F, shiny|321\/321
|turn|1
|join|m00n's blanket
|
|switch|p2a: Landorus-Therian|Landorus-Therian, M, shiny|382\/382
|-ability|p2a: Landorus-Therian|Intimidate|[of] p1a: Lopunny
|-unboost|p1a: Lopunny|atk|1
|detailschange|p1a: Lopunny|Lopunny-Mega, F
|-mega|p1a: Lopunny|Lopunny|Lopunnite
|move|p1a: Lopunny|Fake Out|p2a: Landorus-Therian
|-damage|p2a: Landorus-Therian|334\/382
|
|-heal|p2a: Landorus-Therian|357\/382|[from] item: Leftovers
|turn|2
|c|âlil manaphy|serperiors allll day
|c| m00n's blanket|serp
|
|switch|p1a: Rotom-Wash|Rotom-Wash|303\/303
|move|p2a: Landorus-Therian|Stealth Rock|p1a: Rotom-Wash
|-sidestart|p1: lil manaphy|move: Stealth Rock
|
|-heal|p2a: Landorus-Therian|380\/382|[from] item: Leftovers
|turn|3
|
|switch|p2a: Rotom-Wash|Rotom-Wash, shiny|304\/304
|move|p1a: Rotom-Wash|Will-O-Wisp|p2a: Rotom-Wash
|-status|p2a: Rotom-Wash|brn
|
|-damage|p2a: Rotom-Wash|266\/304 brn|[from] brn
|turn|4
|
|move|p1a: Rotom-Wash|Volt Switch|p2a: Rotom-Wash
|-damage|p2a: Rotom-Wash|202\/304 brn
|c| m00n's blanket|ice punch mega lop
|c| m00n's blanket|hits it
|
|switch|p1a: Penny traiton|Heatran, F|383\/383
|-damage|p1a: Penny traiton|336\/383|[from] Stealth Rock
|move|p2a: Rotom-Wash|Volt Switch|p1a: Penny traiton
|-damage|p1a: Penny traiton|273\/383
|
|switch|p2a: Landorus-Therian|Landorus-Therian, M, shiny|380\/382
|-ability|p2a: Landorus-Therian|Intimidate|[of] p1a: Penny traiton
|-unboost|p1a: Penny traiton|atk|1
|
|-heal|p2a: Landorus-Therian|382\/382|[from] item: Leftovers
|-heal|p1a: Penny traiton|296\/383|[from] item: Leftovers
|turn|5
|
|move|p1a: Penny traiton|Protect|p1a: Penny traiton
|-singleturn|p1a: Penny traiton|Protect
|move|p2a: Landorus-Therian|Knock Off|p1a: Penny traiton
|-activate|p1a: Penny traiton|Protect
|
|-heal|p1a: Penny traiton|319\/383|[from] item: Leftovers
|turn|6
|
|switch|p1a: Rotom-Wash|Rotom-Wash|303\/303
|-damage|p1a: Rotom-Wash|266\/303|[from] Stealth Rock
|move|p2a: Landorus-Therian|U-turn|p1a: Rotom-Wash
|-damage|p1a: Rotom-Wash|204\/303
|
|switch|p2a: Serperior|Serperior, F, shiny|321\/321
|
|-heal|p1a: Rotom-Wash|222\/303|[from] item: Leftovers
|turn|7
|
|switch|p1a: Celebi|Celebi|404\/404
|-damage|p1a: Celebi|354\/404|[from] Stealth Rock
|move|p2a: Serperior|Leaf Storm|p1a: Celebi
|-resisted|p1a: Celebi
|-damage|p1a: Celebi|299\/404
|-boost|p2a: Serperior|spa|2
|
|-heal|p1a: Celebi|324\/404|[from] item: Leftovers
|turn|8
|
|switch|p1a: Penny traiton|Heatran, F|319\/383
|-damage|p1a: Penny traiton|272\/383|[from] Stealth Rock
|move|p2a: Serperior|Substitute|p2a: Serperior
|-start|p2a: Serperior|Substitute
|-damage|p2a: Serperior|241\/321
|
|-heal|p2a: Serperior|261\/321|[from] item: Leftovers
|-heal|p1a: Penny traiton|295\/383|[from] item: Leftovers
|turn|9
|join|Latias tho
|
|move|p2a: Serperior|Leaf Storm|p1a: Penny traiton
|-resisted|p1a: Penny traiton
|-damage|p1a: Penny traiton|243\/383
|-boost|p2a: Serperior|spa|2
|move|p1a: Penny traiton|Stealth Rock|p2a: Serperior
|-sidestart|p2: Mohammad|move: Stealth Rock
|
|-heal|p2a: Serperior|281\/321|[from] item: Leftovers
|-heal|p1a: Penny traiton|266\/383|[from] item: Leftovers
|turn|10
|
|move|p2a: Serperior|Dragon Pulse|p1a: Penny traiton
|-resisted|p1a: Penny traiton
|-damage|p1a: Penny traiton|200\/383
|move|p1a: Penny traiton|Lava Plume|p2a: Serperior
|-crit|p2a: Serperior
|-supereffective|p2a: Serperior
|-end|p2a: Serperior|Substitute
|
|-heal|p2a: Serperior|301\/321|[from] item: Leftovers
|-heal|p1a: Penny traiton|223\/383|[from] item: Leftovers
|turn|11
|c| Latias tho|reveal
|c| Latias tho|hp gournd
|
|switch|p2a: Rotom-Wash|Rotom-Wash, shiny|202\/304 brn
|-damage|p2a: Rotom-Wash|164\/304 brn|[from] Stealth Rock
|move|p1a: Penny traiton|Lava Plume|p2a: Rotom-Wash
|-resisted|p2a: Rotom-Wash
|-damage|p2a: Rotom-Wash|125\/304 brn
|
|-heal|p2a: Rotom-Wash|144\/304 brn|[from] item: Leftovers
|-heal|p1a: Penny traiton|246\/383|[from] item: Leftovers
|-damage|p2a: Rotom-Wash|106\/304 brn|[from] brn
|turn|12
|c| Latias tho|ground*
|
|switch|p1a: Celebi|Celebi|324\/404
|-damage|p1a: Celebi|274\/404|[from] Stealth Rock
|move|p2a: Rotom-Wash|Hydro Pump|p1a: Celebi
|-resisted|p1a: Celebi
|-damage|p1a: Celebi|226\/404
|
|-heal|p1a: Celebi|251\/404|[from] item: Leftovers
|-heal|p2a: Rotom-Wash|125\/304 brn|[from] item: Leftovers
|-damage|p2a: Rotom-Wash|87\/304 brn|[from] brn
|turn|13
|leave|Latias tho
|
|switch|p2a: Metagross|Metagross, shiny|302\/302
|-damage|p2a: Metagross|284\/302|[from] Stealth Rock
|move|p1a: Celebi|Giga Drain|p2a: Metagross
|-resisted|p2a: Metagross
|-damage|p2a: Metagross|232\/302
|-heal|p1a: Celebi|277\/404|[from] drain|[of] p2a: Metagross
|
|-heal|p1a: Celebi|302\/404|[from] item: Leftovers
|turn|14
|
|switch|p1a: Rotom-Wash|Rotom-Wash|222\/303
|-damage|p1a: Rotom-Wash|185\/303|[from] Stealth Rock
|detailschange|p2a: Metagross|Metagross-Mega, shiny
|-mega|p2a: Metagross|Metagross|Metagrossite
|move|p2a: Metagross|Ice Punch|p1a: Rotom-Wash
|-resisted|p1a: Rotom-Wash
|-damage|p1a: Rotom-Wash|142\/303
|
|-heal|p1a: Rotom-Wash|160\/303|[from] item: Leftovers
|turn|15
|
|move|p2a: Metagross|Zen Headbutt|p1a: Rotom-Wash
|-damage|p1a: Rotom-Wash|22\/303
|move|p1a: Rotom-Wash|Volt Switch|p2a: Metagross
|-damage|p2a: Metagross|150\/302
|
|switch|p1a: Lopunny|Lopunny-Mega, F|271\/271
|-damage|p1a: Lopunny|255\/271|[from] Stealth Rock
|
|turn|16
|
|switch|p2a: Landorus-Therian|Landorus-Therian, M, shiny|382\/382
|-damage|p2a: Landorus-Therian|335\/382|[from] Stealth Rock
|-ability|p2a: Landorus-Therian|Intimidate|[of] p1a: Lopunny
|-unboost|p1a: Lopunny|atk|1
|move|p1a: Lopunny|Fake Out|p2a: Landorus-Therian
|-damage|p2a: Landorus-Therian|293\/382
|
|-heal|p2a: Landorus-Therian|316\/382|[from] item: Leftovers
|turn|17
|
|switch|p2a: Rotom-Wash|Rotom-Wash, shiny|87\/304 brn
|-damage|p2a: Rotom-Wash|49\/304 brn|[from] Stealth Rock
|move|p1a: Lopunny|Ice Punch|p2a: Rotom-Wash
|-resisted|p2a: Rotom-Wash
|-damage|p2a: Rotom-Wash|22\/304 brn
|
|-heal|p2a: Rotom-Wash|41\/304 brn|[from] item: Leftovers
|-damage|p2a: Rotom-Wash|3\/304 brn|[from] brn
|turn|18
|
|move|p1a: Lopunny|Drain Punch|p2a: Rotom-Wash
|-damage|p2a: Rotom-Wash|0 fnt
|-heal|p1a: Lopunny|257\/271|[from] drain|[of] p2a: Rotom-Wash
|faint|p2a: Rotom-Wash
|
|
|switch|p2a: Latios|Latios, M, shiny|302\/302
|-damage|p2a: Latios|265\/302|[from] Stealth Rock
|turn|19
|
|switch|p1a: Penny traiton|Heatran, F|246\/383
|-damage|p1a: Penny traiton|199\/383|[from] Stealth Rock
|move|p2a: Latios|Draco Meteor|p1a: Penny traiton
|-resisted|p1a: Penny traiton
|-damage|p1a: Penny traiton|86\/383
|-unboost|p2a: Latios|spa|2
|-damage|p2a: Latios|235\/302|[from] item: Life Orb
|
|-heal|p1a: Penny traiton|109\/383|[from] item: Leftovers
|turn|20
|c| m00n's blanket|lol
|
|switch|p2a: Landorus-Therian|Landorus-Therian, M, shiny|316\/382
|-damage|p2a: Landorus-Therian|269\/382|[from] Stealth Rock
|-ability|p2a: Landorus-Therian|Intimidate|[of] p1a: Penny traiton
|-unboost|p1a: Penny traiton|atk|1
|move|p1a: Penny traiton|Lava Plume|p2a: Landorus-Therian
|-damage|p2a: Landorus-Therian|118\/382
|-status|p2a: Landorus-Therian|brn
|
|-heal|p2a: Landorus-Therian|141\/382 brn|[from] item: Leftovers
|-heal|p1a: Penny traiton|132\/383|[from] item: Leftovers
|-damage|p2a: Landorus-Therian|94\/382 brn|[from] brn
|turn|21
|
|move|p1a: Penny traiton|Protect|p1a: Penny traiton
|-singleturn|p1a: Penny traiton|Protect
|move|p2a: Landorus-Therian|Knock Off|p1a: Penny traiton
|-activate|p1a: Penny traiton|Protect
|
|-heal|p2a: Landorus-Therian|117\/382 brn|[from] item: Leftovers
|-heal|p1a: Penny traiton|155\/383|[from] item: Leftovers
|-damage|p2a: Landorus-Therian|70\/382 brn|[from] brn
|turn|22
|c| m00n's blanket|imo name lopunny "i dont have no sugardaddy"
|
|switch|p1a: Rotom-Wash|Rotom-Wash|22\/303
|-damage|p1a: Rotom-Wash|0 fnt|[from] Stealth Rock
|faint|p1a: Rotom-Wash
|move|p2a: Landorus-Therian|Earthquake|p1: Rotom-Wash|[notarget]
|-notarget
|
|-heal|p2a: Landorus-Therian|93\/382 brn|[from] item: Leftovers
|-damage|p2a: Landorus-Therian|46\/382 brn|[from] brn
|c|âlil manaphy|you mean
|c|âlil manaphy|shangela
|
|switch|p1a: Lopunny|Lopunny-Mega, F|257\/271
|-damage|p1a: Lopunny|241\/271|[from] Stealth Rock
|turn|23
|c| m00n's blanket|no
|c| m00n's blanket|i dont have no sugardaddy
|
|move|p1a: Lopunny|Return|p2a: Landorus-Therian
|-damage|p2a: Landorus-Therian|0 fnt
|faint|p2a: Landorus-Therian
|
|
|switch|p2a: Latios|Latios, M, shiny|235\/302
|-damage|p2a: Latios|198\/302|[from] Stealth Rock
|turn|24
|c|âlil manaphy|i wish i could fit all of that in my spaces
|c|âlil manaphy|i could name gothitelle mimi
|c| m00n's blanket|ugh true
|c| m00n's blanket|mimi wont fit
|c|âlil manaphy|that was the one who got dragged by shangela
|c| m00n's blanket|too big
|c| m00n's blanket|:^)
|c| m00n's blanket|that was good screw u
|c| m00n's blanket|and im new to this
|
|move|p1a: Lopunny|Return|p2a: Latios
|-damage|p2a: Latios|0 fnt
|faint|p2a: Latios
|
|
|switch|p2a: Terrakion|Terrakion, shiny|324\/324
|-damage|p2a: Terrakion|304\/324|[from] Stealth Rock
|turn|25
|c|âMohammad|have nothing
|
|switch|p1a: Penny traiton|Heatran, F|155\/383
|-damage|p1a: Penny traiton|108\/383|[from] Stealth Rock
|move|p2a: Terrakion|Close Combat|p1a: Penny traiton
|-supereffective|p1a: Penny traiton
|-damage|p1a: Penny traiton|0 fnt
|-unboost|p2a: Terrakion|def|1
|-unboost|p2a: Terrakion|spd|1
|faint|p1a: Penny traiton
|
|
|switch|p1a: Lopunny|Lopunny-Mega, F|241\/271
|-damage|p1a: Lopunny|225\/271|[from] Stealth Rock
|turn|26
|
|move|p2a: Terrakion|Close Combat|p1a: Lopunny
|-supereffective|p1a: Lopunny
|-damage|p1a: Lopunny|0 fnt
|-unboost|p2a: Terrakion|def|1
|-unboost|p2a: Terrakion|spd|1
|faint|p1a: Lopunny
|
|
|switch|p1a: Gothitelle|Gothitelle, F|301\/301
|-damage|p1a: Gothitelle|264\/301|[from] Stealth Rock
|turn|27
|c|âlil manaphy|lol okay
|
|move|p2a: Terrakion|Close Combat|p1a: Gothitelle
|-resisted|p1a: Gothitelle
|-damage|p1a: Gothitelle|150\/301
|-unboost|p2a: Terrakion|def|1
|-unboost|p2a: Terrakion|spd|1
|move|p1a: Gothitelle|Psychic|p2a: Terrakion
|-supereffective|p2a: Terrakion
|-damage|p2a: Terrakion|0 fnt
|faint|p2a: Terrakion
|
|c| m00n's blanket|lol
|c| m00n's blanket|nothing
|
|switch|p2a: Metagross|Metagross-Mega, shiny|150\/302
|-damage|p2a: Metagross|132\/302|[from] Stealth Rock
|turn|28
|
|move|p1a: Gothitelle|Psychic|p2a: Metagross
|-resisted|p2a: Metagross
|-damage|p2a: Metagross|105\/302
|move|p2a: Metagross|Meteor Mash|p1a: Gothitelle
|-crit|p1a: Gothitelle
|-damage|p1a: Gothitelle|0 fnt
|faint|p1a: Gothitelle
|
|
|switch|p1a: Mandibuzz|Mandibuzz, F|424\/424
|-damage|p1a: Mandibuzz|318\/424|[from] Stealth Rock
|turn|29
|
|move|p2a: Metagross|Ice Punch|p1a: Mandibuzz
|-supereffective|p1a: Mandibuzz
|-damage|p1a: Mandibuzz|122\/424
|-damage|p2a: Metagross|55\/302|[from] item: Rocky Helmet|[of] p1a: Mandibuzz
|move|p1a: Mandibuzz|Foul Play|p2a: Metagross
|-supereffective|p2a: Metagross
|-damage|p2a: Metagross|0 fnt
|faint|p2a: Metagross
|
|c|âlil manaphy|gg
|
|switch|p2a: Serperior|Serperior, F, shiny|301\/321
|-damage|p2a: Serperior|261\/321|[from] Stealth Rock
|turn|30
|c|âlil manaphy|celebi has perish song
|
|switch|p1a: Celebi|Celebi|302\/404
|-damage|p1a: Celebi|252\/404|[from] Stealth Rock
|move|p2a: Serperior|Substitute|p2a: Serperior
|-start|p2a: Serperior|Substitute
|-damage|p2a: Serperior|181\/321
|
|-heal|p2a: Serperior|201\/321|[from] item: Leftovers
|-heal|p1a: Celebi|277\/404|[from] item: Leftovers
|turn|31
|
|move|p2a: Serperior|Leaf Storm|p1a: Celebi
|-resisted|p1a: Celebi
|-damage|p1a: Celebi|223\/404
|-boost|p2a: Serperior|spa|2
|move|p1a: Celebi|Perish Song|p1a: Celebi
|-fieldactivate|move: Perish Song
|
|-start|p2a: Serperior|perish3
|-start|p1a: Celebi|perish3
|-heal|p2a: Serperior|221\/321|[from] item: Leftovers
|-heal|p1a: Celebi|248\/404|[from] item: Leftovers
|turn|32
|c|âlil manaphy|pls no hp fire
|
|move|p2a: Serperior|Hidden Power|p1a: Celebi
|-supereffective|p1a: Celebi
|-damage|p1a: Celebi|130\/404
|move|p1a: Celebi|Recover|p1a: Celebi
|-heal|p1a: Celebi|332\/404
|
|-start|p2a: Serperior|perish2
|-start|p1a: Celebi|perish2
|-heal|p2a: Serperior|241\/321|[from] item: Leftovers
|-heal|p1a: Celebi|357\/404|[from] item: Leftovers
|turn|33
|c| m00n's blanket|run tect
|c|âlil manaphy|oh. okay
|
|move|p2a: Serperior|Leaf Storm|p1a: Celebi
|-resisted|p1a: Celebi
|-damage|p1a: Celebi|248\/404
|-boost|p2a: Serperior|spa|2
|move|p1a: Celebi|Recover|p1a: Celebi
|-heal|p1a: Celebi|404\/404
|
|-start|p2a: Serperior|perish1
|-start|p1a: Celebi|perish1
|-heal|p2a: Serperior|261\/321|[from] item: Leftovers
|turn|34
|c|âlil manaphy|yeah gg
|c| m00n's blanket|thats +2
|-message|Mohammad forfeited.
|
|win|lil manaphy
|raw|Ladder updating...
|leave|Mohammad
|player|p2
|raw|lil manaphy's rating: 1827 &rarr; <strong>1833<\/strong><br \/>(+6 for winning)
|raw|Mohammad's rating: 1530 &rarr; <strong>1524<\/strong><br \/>(-6 for losing)
|c|âlil manaphy|wow. 6