|join|Mohammad
|join|devil94
|player|p1|Mohammad|78
|player|p2|devil94|170
|gametype|singles
|gen|6
|tier|OU
|rated
|clearpoke
|poke|p1|Mew, shiny
|poke|p1|Chansey, F, shiny
|poke|p1|Togekiss, M, shiny
|poke|p1|Ferrothorn, F, shiny
|poke|p1|Landorus, M, shiny
|poke|p1|Gyarados, F, shiny
|poke|p2|Mew
|poke|p2|Dragonite, M
|poke|p2|Landorus, M
|poke|p2|Rotom-Wash
|poke|p2|Conkeldurr, M
|poke|p2|Metagross
|rule|Swagger Clause: Swagger is banned
|rule|Baton Pass Clause: Limit one PokÃ©mon knowing Baton Pass
|rule|Sleep Clause Mod: Limit one foe put to sleep
|rule|Species Clause: Limit one of each PokÃ©mon
|rule|OHKO Clause: OHKO moves are banned
|rule|Moody Clause: Moody is banned
|rule|Evasion Moves Clause: Evasion moves are banned
|rule|Endless Battle Clause: Forcing endless battles is banned
|rule|HP Percentage Mod: HP is shown in percentages
|teampreview
|
|start
|switch|p1a: Mew|Mew, shiny|404\/404
|switch|p2a: Conkeldurr|Conkeldurr, M|375\/375
|turn|1
|
|move|p1a: Mew|Trick|p2a: Conkeldurr
|-activate|p1a: Mew|move: Trick|[of] p2a: Conkeldurr
|-item|p2a: Conkeldurr|Choice Scarf|[from] move: Trick
|-item|p1a: Mew|Assault Vest|[from] move: Trick
|move|p2a: Conkeldurr|Knock Off|p1a: Mew
|-supereffective|p1a: Mew
|-damage|p1a: Mew|144\/404
|-enditem|p1a: Mew|Assault Vest|[from] move: Knock Off|[of] p2a: Conkeldurr
|
|turn|2
|
|switch|p2a: Mew|Mew|404\/404
|move|p1a: Mew|Roost|p1a: Mew
|-heal|p1a: Mew|346\/404
|
|turn|3
|
|switch|p2a: Conkeldurr|Conkeldurr, M|375\/375
|move|p1a: Mew|Trick|p2a: Conkeldurr
|-activate|p1a: Mew|move: Trick|[of] p2a: Conkeldurr
|-item|p1a: Mew|Choice Scarf|[from] move: Trick
|
|turn|4
|
|switch|p2a: Metagross|Metagross|305\/305
|move|p1a: Mew|Trick|p2a: Metagross
|-fail|p2a: Metagross
|
|turn|5
|
|switch|p1a: Ferrothorn|Ferrothorn, F, shiny|352\/352
|detailschange|p2a: Metagross|Metagross-Mega
|-mega|p2a: Metagross|Metagross|Metagrossite
|move|p2a: Metagross|Agility|p2a: Metagross
|-boost|p2a: Metagross|spe|2
|
|turn|6
|
|move|p2a: Metagross|Hammer Arm|p1a: Ferrothorn
|-supereffective|p1a: Ferrothorn
|-damage|p1a: Ferrothorn|118\/352
|-damage|p2a: Metagross|267\/305|[from] ability: Iron Barbs|[of] p1a: Ferrothorn
|-damage|p2a: Metagross|217\/305|[from] item: Rocky Helmet|[of] p1a: Ferrothorn
|-unboost|p2a: Metagross|spe|1
|move|p1a: Ferrothorn|Leech Seed|p2a: Metagross
|-start|p2a: Metagross|move: Leech Seed
|
|-damage|p2a: Metagross|179\/305|[from] Leech Seed|[of] p1a: Ferrothorn
|-heal|p1a: Ferrothorn|156\/352|[silent]
|turn|7
|
|switch|p2a: Landorus|Landorus, M|320\/320
|move|p1a: Ferrothorn|Protect|p1a: Ferrothorn
|-fail|p1a: Ferrothorn
|
|turn|8
|
|switch|p1a: Chansey|Chansey, F, shiny|703\/703
|move|p2a: Landorus|Stealth Rock|p1a: Chansey
|-sidestart|p1: Mohammad|move: Stealth Rock
|
|turn|9
|
|switch|p2a: Conkeldurr|Conkeldurr, M|375\/375
|move|p1a: Chansey|Toxic|p2a: Conkeldurr
|-status|p2a: Conkeldurr|tox
|
|-damage|p2a: Conkeldurr|352\/375 tox|[from] psn
|turn|10
|
|move|p1a: Chansey|Protect|p1a: Chansey
|-singleturn|p1a: Chansey|Protect
|move|p2a: Conkeldurr|Drain Punch|p1a: Chansey
|-activate|p1a: Chansey|Protect
|
|-damage|p2a: Conkeldurr|306\/375 tox|[from] psn
|turn|11
|
|switch|p1a: Togekiss|Togekiss, M, shiny|374\/374
|-damage|p1a: Togekiss|281\/374|[from] Stealth Rock
|move|p2a: Conkeldurr|Knock Off|p1a: Togekiss
|-resisted|p1a: Togekiss
|-damage|p1a: Togekiss|182\/374
|-enditem|p1a: Togekiss|Leftovers|[from] move: Knock Off|[of] p2a: Conkeldurr
|
|-damage|p2a: Conkeldurr|237\/375 tox|[from] psn
|turn|12
|
|switch|p2a: Rotom-Wash|Rotom-Wash|304\/304
|move|p1a: Togekiss|Dazzling Gleam|p2a: Rotom-Wash
|-damage|p2a: Rotom-Wash|201\/304
|
|turn|13
|
|switch|p1a: Chansey|Chansey, F, shiny|703\/703
|-damage|p1a: Chansey|616\/703|[from] Stealth Rock
|move|p2a: Rotom-Wash|Will-O-Wisp|p1a: Chansey
|-status|p1a: Chansey|brn
|
|-damage|p1a: Chansey|529\/703 brn|[from] brn
|turn|14
|
|move|p2a: Rotom-Wash|Volt Switch|p1a: Chansey
|-damage|p1a: Chansey|477\/703 brn
|
|switch|p2a: Conkeldurr|Conkeldurr, M|237\/375 tox
|move|p1a: Chansey|Wish|p1a: Chansey
|
|-damage|p1a: Chansey|390\/703 brn|[from] brn
|-damage|p2a: Conkeldurr|214\/375 tox|[from] psn
|turn|15
|
|switch|p1a: Togekiss|Togekiss, M, shiny|182\/374
|-damage|p1a: Togekiss|89\/374|[from] Stealth Rock
|move|p2a: Conkeldurr|Drain Punch|p1a: Togekiss
|-resisted|p1a: Togekiss
|-damage|p1a: Togekiss|28\/374
|-heal|p2a: Conkeldurr|245\/375 tox|[from] drain|[of] p1a: Togekiss
|
|-heal|p1a: Togekiss|374\/374|[from] move: Wish|[wisher] Chansey
|-damage|p2a: Conkeldurr|199\/375 tox|[from] psn
|turn|16
|
|switch|p2a: Rotom-Wash|Rotom-Wash|201\/304
|move|p1a: Togekiss|Dazzling Gleam|p2a: Rotom-Wash
|-damage|p2a: Rotom-Wash|87\/304
|
|turn|17
|
|switch|p1a: Chansey|Chansey, F, shiny|390\/703
|-damage|p1a: Chansey|303\/703|[from] Stealth Rock
|move|p2a: Rotom-Wash|Rest|p2a: Rotom-Wash
|-status|p2a: Rotom-Wash|slp
|-heal|p2a: Rotom-Wash|304\/304 slp|[silent]
|-status|p2a: Rotom-Wash|slp|[from] move: Rest
|-enditem|p2a: Rotom-Wash|Chesto Berry|[eat]
|-curestatus|p2a: Rotom-Wash|slp
|
|turn|18
|
|move|p2a: Rotom-Wash|Volt Switch|p1a: Chansey
|-damage|p1a: Chansey|249\/703
|
|switch|p2a: Metagross|Metagross-Mega|179\/305
|move|p1a: Chansey|Wish|p1a: Chansey
|
|turn|19
|
|move|p1a: Chansey|Protect|p1a: Chansey
|-singleturn|p1a: Chansey|Protect
|move|p2a: Metagross|Agility|p2a: Metagross
|-boost|p2a: Metagross|spe|2
|
|-heal|p1a: Chansey|600\/703|[from] move: Wish|[wisher] Chansey
|turn|20
|
|switch|p1a: Ferrothorn|Ferrothorn, F, shiny|156\/352
|-damage|p1a: Ferrothorn|134\/352|[from] Stealth Rock
|move|p2a: Metagross|Meteor Mash|p1a: Ferrothorn
|-resisted|p1a: Ferrothorn
|-damage|p1a: Ferrothorn|53\/352
|-damage|p2a: Metagross|141\/305|[from] ability: Iron Barbs|[of] p1a: Ferrothorn
|-damage|p2a: Metagross|91\/305|[from] item: Rocky Helmet|[of] p1a: Ferrothorn
|
|turn|21
|
|move|p2a: Metagross|Meteor Mash|p1a: Ferrothorn
|-resisted|p1a: Ferrothorn
|-damage|p1a: Ferrothorn|0 fnt
|-damage|p2a: Metagross|53\/305|[from] ability: Iron Barbs|[of] p1a: Ferrothorn
|-damage|p2a: Metagross|3\/305|[from] item: Rocky Helmet|[of] p1a: Ferrothorn
|faint|p1a: Ferrothorn
|
|
|switch|p1a: Gyarados|Gyarados, F, shiny|338\/338
|-damage|p1a: Gyarados|254\/338|[from] Stealth Rock
|-ability|p1a: Gyarados|Intimidate|[of] p2a: Metagross
|-unboost|p2a: Metagross|atk|1
|turn|22
|
|detailschange|p1a: Gyarados|Gyarados-Mega, F, shiny
|-mega|p1a: Gyarados|Gyarados|Gyaradosite
|-ability|p1a: Gyarados|Mold Breaker
|move|p2a: Metagross|Hammer Arm|p1a: Gyarados
|-supereffective|p1a: Gyarados
|-damage|p1a: Gyarados|10\/338
|-unboost|p2a: Metagross|spe|1
|move|p1a: Gyarados|Crunch|p2a: Metagross
|-supereffective|p2a: Metagross
|-damage|p2a: Metagross|0 fnt
|faint|p2a: Metagross
|
|
|switch|p2a: Dragonite|Dragonite, M|335\/335
|turn|23
|
|move|p2a: Dragonite|Extreme Speed|p1a: Gyarados
|-damage|p1a: Gyarados|0 fnt
|faint|p1a: Gyarados
|
|
|switch|p1a: Mew|Mew, shiny|346\/404
|-damage|p1a: Mew|296\/404|[from] Stealth Rock
|turn|24
|
|switch|p2a: Rotom-Wash|Rotom-Wash|304\/304
|move|p1a: Mew|Trick|p2a: Rotom-Wash
|-activate|p1a: Mew|move: Trick|[of] p2a: Rotom-Wash
|-item|p2a: Rotom-Wash|Choice Scarf|[from] move: Trick
|
|turn|25
|
|switch|p1a: Chansey|Chansey, F, shiny|600\/703
|-damage|p1a: Chansey|513\/703|[from] Stealth Rock
|move|p2a: Rotom-Wash|Will-O-Wisp|p1a: Chansey
|-status|p1a: Chansey|brn
|
|-damage|p1a: Chansey|426\/703 brn|[from] brn
|turn|26
|
|switch|p2a: Mew|Mew|404\/404
|move|p1a: Chansey|Wish|p1a: Chansey
|
|-damage|p1a: Chansey|339\/703 brn|[from] brn
|turn|27
|
|move|p1a: Chansey|Protect|p1a: Chansey
|-singleturn|p1a: Chansey|Protect
|move|p2a: Mew|Knock Off|p1a: Chansey
|-activate|p1a: Chansey|Protect
|
|-heal|p1a: Chansey|690\/703 brn|[from] move: Wish|[wisher] Chansey
|-damage|p1a: Chansey|603\/703 brn|[from] brn
|turn|28
|
|switch|p1a: Togekiss|Togekiss, M, shiny|374\/374
|-damage|p1a: Togekiss|281\/374|[from] Stealth Rock
|move|p2a: Mew|Will-O-Wisp|p1a: Togekiss
|-status|p1a: Togekiss|brn
|
|-damage|p1a: Togekiss|235\/374 brn|[from] brn
|turn|29
|
|switch|p2a: Rotom-Wash|Rotom-Wash|304\/304
|move|p1a: Togekiss|Thunder Wave|p2a: Rotom-Wash
|-fail|p2a: Rotom-Wash
|
|-damage|p1a: Togekiss|189\/374 brn|[from] brn
|turn|30
|-message|Mohammad forfeited.
|leave|Mohammad
|
|win|devil94
|raw|Ladder updating...
|player|p1
|raw|Mohammad's rating: 1522 &rarr; <strong>1503<\/strong><br \/>(-19 for losing)
|raw|devil94's rating: 1493 &rarr; <strong>1515<\/strong><br \/>(+22 for winning)
|leave|devil94
|player|p2
|join|devil94