|join|Cronus134
|join|Sae
|player|p1|Cronus134|92
|player|p2|Sae|99
|gametype|singles
|gen|6
|tier|LC UU
|rule|Sleep Clause Mod: Limit one foe put to sleep
|rule|Species Clause: Limit one of each PokÃ©mon
|rule|OHKO Clause: OHKO moves are banned
|rule|Moody Clause: Moody is banned
|rule|Evasion Moves Clause: Evasion moves are banned
|rule|Endless Battle Clause: Forcing endless battles is banned
|rule|HP Percentage Mod: HP is shown in percentages
|clearpoke
|poke|p1|Taillow, L5, M, shiny
|poke|p1|Zorua, L5, F
|poke|p1|Shellder, L5, F, shiny
|poke|p1|Starly, L5, M, shiny
|poke|p1|Eevee, L5, M, shiny
|poke|p1|Magby, L5, F, shiny
|poke|p2|Surskit, L5, F
|poke|p2|Mantyke, L5, F
|poke|p2|Barboach, L5, M
|poke|p2|Frillish, L5, M
|poke|p2|Tentacool, L5, F
|poke|p2|Lotad, L5, M
|teampreview
|
|start
|switch|p1a: Taillow|Taillow, L5, M, shiny|20\/20
|switch|p2a: Mantyke|Mantyke, L5, F|21\/21
|turn|1
|join|pokjiu
|
|move|p1a: Taillow|Protect|p1a: Taillow
|-singleturn|p1a: Taillow|Protect
|move|p2a: Mantyke|Rain Dance|p2a: Mantyke
|-weather|RainDance
|
|-weather|RainDance|[upkeep]
|-status|p1a: Taillow|tox|[from] item: Toxic Orb
|turn|2
|join|CompactReact
|
|move|p2a: Mantyke|Ice Beam|p1a: Taillow
|-supereffective|p1a: Taillow
|-damage|p1a: Taillow|0 fnt
|faint|p1a: Taillow
|
|-weather|RainDance|[upkeep]
|
|switch|p1a: Shellder|Shellder, L5, F, shiny|19\/19
|turn|3
|
|move|p2a: Mantyke|Air Slash|p1a: Shellder
|-damage|p1a: Shellder|3\/19
|move|p1a: Shellder|Shell Smash|p1a: Shellder
|-boost|p1a: Shellder|atk|2
|-boost|p1a: Shellder|spa|2
|-boost|p1a: Shellder|spe|2
|-unboost|p1a: Shellder|def|1
|-unboost|p1a: Shellder|spd|1
|
|-weather|RainDance|[upkeep]
|turn|4
|
|move|p1a: Shellder|Ice Shard|p2a: Mantyke
|-damage|p2a: Mantyke|15\/21
|move|p2a: Mantyke|Ice Beam|p1a: Shellder
|-resisted|p1a: Shellder
|-damage|p1a: Shellder|0 fnt
|faint|p1a: Shellder
|
|-weather|RainDance|[upkeep]
|
|switch|p1a: MagbyFTW|Magby, L5, F, shiny|20\/20
|turn|5
|
|move|p2a: Mantyke|Hydro Pump|p1a: MagbyFTW|[miss]
|-miss|p2a: Mantyke|p1a: MagbyFTW
|move|p1a: MagbyFTW|Dark Pulse|p2a: Mantyke
|-damage|p2a: Mantyke|9\/21
|
|-weather|none
|turn|6
|
|move|p1a: MagbyFTW|Nasty Plot|p1a: MagbyFTW
|-boost|p1a: MagbyFTW|spa|2
|move|p2a: Mantyke|Hydro Pump|p1a: MagbyFTW
|-enditem|p1a: MagbyFTW|Focus Sash
|replace|p1a: Zorua|Zorua, L5, F|20\/20
|-damage|p1a: Zorua|1\/20
|
|turn|7
|
|move|p1a: Zorua|Dark Pulse|p2a: Mantyke
|-damage|p2a: Mantyke|0 fnt
|faint|p2a: Mantyke
|
|
|switch|p2a: Frillish|Frillish, L5, M|23\/23
|turn|8
|
|move|p2a: Frillish|Water Spout|p1a: Zorua
|-damage|p1a: Zorua|0 fnt
|faint|p1a: Zorua
|
|join|RickRolla
|leave|RickRolla
|
|switch|p1a: Starly|Starly, L5, M, shiny|20\/20
|turn|9
|
|move|p1a: Starly|Brave Bird|p2a: Frillish
|-damage|p2a: Frillish|0 fnt
|-damage|p1a: Starly|12\/20|[from] recoil|[of] p2a: Frillish
|faint|p2a: Frillish
|
|
|switch|p2a: Barboach|Barboach, L5, M|22\/22
|turn|10
|
|move|p1a: Starly|Brave Bird|p2a: Barboach
|-damage|p2a: Barboach|6\/22
|-damage|p1a: Starly|7\/20|[from] recoil|[of] p2a: Barboach
|move|p2a: Barboach|Waterfall|p1a: Starly
|-damage|p1a: Starly|0 fnt
|faint|p1a: Starly
|
|
|switch|p1a: Eevee|Eevee, L5, M, shiny|22\/22
|turn|11
|join|DM35
|
|move|p1a: Eevee|Double-Edge|p2a: Barboach
|-damage|p2a: Barboach|0 fnt
|-damage|p1a: Eevee|20\/22|[from] recoil|[of] p2a: Barboach
|faint|p2a: Barboach
|
|
|switch|p2a: Surskit|Surskit, L5, F|21\/21
|turn|12
|
|move|p1a: Eevee|Double-Edge|p2a: Surskit
|-damage|p2a: Surskit|0 fnt
|-damage|p1a: Eevee|13\/22|[from] recoil|[of] p2a: Surskit
|faint|p2a: Surskit
|
|
|switch|p2a: Tentacool|Tentacool, L5, F|23\/23
|turn|13
|
|move|p1a: Eevee|Double-Edge|p2a: Tentacool
|-damage|p2a: Tentacool|0 fnt
|-damage|p1a: Eevee|5\/22|[from] recoil|[of] p2a: Tentacool
|faint|p2a: Tentacool
|
|
|switch|p2a: Lotad|Lotad, L5, M|20\/20
|turn|14
|
|move|p1a: Eevee|Double-Edge|p2a: Lotad
|-damage|p2a: Lotad|0 fnt
|-damage|p1a: Eevee|0 fnt|[from] recoil|[of] p2a: Lotad
|faint|p2a: Lotad
|faint|p1a: Eevee
|
|win|Cronus134
|c|âCronus134|GG
|leave|Sae
|leave|Cronus134
|player|p2
|player|p1
|leave|pokjiu
|leave|CompactReact