|inactive|Battle timer is ON: inactive players will automatically lose when time's up.
|J|Sae
|J|Beastly
|player|p1|Sae|99
|player|p2|Beastly|89
|gametype|singles
|gen|6
|tier|UU
|rule|Sleep Clause Mod: Limit one foe put to sleep
|rule|Species Clause: Limit one of each PokÃ©mon
|rule|OHKO Clause: OHKO moves are banned
|rule|Moody Clause: Moody is banned
|rule|Evasion Moves Clause: Evasion moves are banned
|rule|Endless Battle Clause: Forcing endless battles is banned
|rule|HP Percentage Mod: HP is shown in percentages
|clearpoke
|poke|p1|Hydreigon, M
|poke|p1|Pidgeot, M
|poke|p1|Forretress, M
|poke|p1|Entei, shiny
|poke|p1|Suicune
|poke|p1|Florges, F
|poke|p2|Haxorus, F
|poke|p2|Florges, F
|poke|p2|Rotom-Heat
|poke|p2|Suicune
|poke|p2|Chesnaught, M
|poke|p2|Donphan, F
|rule|Swagger Clause: Swagger is banned
|rule|Baton Pass Clause: Limit one PokÃ©mon knowing Baton Pass
|teampreview
|c|âBeastly|prob wasnt smart not to test the team before but whatever
|J|El-Soldier
|c|âSae|I mean we can do this some other tiem if you want
|
|start
|switch|p1a: Pidgeot|Pidgeot, M|307\/307
|switch|p2a: Florges|Florges, F|360\/360
|turn|1
|c|âBeastly|nah im busy all weak
|c|âBeastly|week*
|
|detailschange|p1a: Pidgeot|Pidgeot-Mega, M
|-mega|p1a: Pidgeot|Pidgeot|Pidgeotite
|move|p1a: Pidgeot|U-turn|p2a: Florges
|-resisted|p2a: Florges
|-damage|p2a: Florges|342\/360
|J|dm35
|
|switch|p1a: Forretress|Forretress, M|354\/354
|move|p2a: Florges|Moonblast|p1a: Forretress
|-resisted|p1a: Forretress
|-damage|p1a: Forretress|261\/354
|-unboost|p1a: Forretress|spa|1
|
|-heal|p2a: Florges|360\/360|[from] item: Leftovers
|-heal|p1a: Forretress|283\/354|[from] item: Leftovers
|turn|2
|
|switch|p2a: Suicune|Suicune|404\/404
|-ability|p2a: Suicune|Pressure
|move|p1a: Forretress|Stealth Rock|p2a: Suicune
|-sidestart|p2: Beastly|move: Stealth Rock
|
|-heal|p1a: Forretress|305\/354|[from] item: Leftovers
|turn|3
|
|move|p2a: Suicune|Scald|p1a: Forretress
|-damage|p1a: Forretress|184\/354
|move|p1a: Forretress|Volt Switch|p2a: Suicune
|-supereffective|p2a: Suicune
|-damage|p2a: Suicune|358\/404
|c|âBeastly|this might be pretty stally
|J|hairy toenail
|
|switch|p1a: Pidgeot|Pidgeot-Mega, M|307\/307
|
|-heal|p2a: Suicune|383\/404|[from] item: Leftovers
|turn|4
|c|âSae|probably
|
|switch|p2a: Rotom-Heat|Rotom-Heat|241\/241
|-damage|p2a: Rotom-Heat|181\/241|[from] Stealth Rock
|move|p1a: Pidgeot|Hurricane|p2a: Rotom-Heat
|-resisted|p2a: Rotom-Heat
|-damage|p2a: Rotom-Heat|94\/241
|
|turn|5
|
|switch|p1a: Hydreigon|Hydreigon, M|325\/325
|move|p2a: Rotom-Heat|Volt Switch|p1a: Hydreigon
|-resisted|p1a: Hydreigon
|-damage|p1a: Hydreigon|267\/325
|J|Spitzkopf Larry
|
|switch|p2a: Florges|Florges, F|360\/360
|-damage|p2a: Florges|315\/360|[from] Stealth Rock
|
|-heal|p2a: Florges|337\/360|[from] item: Leftovers
|turn|6
|
|move|p1a: Hydreigon|U-turn|p2a: Florges
|-resisted|p2a: Florges
|-damage|p2a: Florges|312\/360
|
|switch|p1a: Entei|Entei, shiny|371\/371
|-ability|p1a: Entei|Pressure
|move|p2a: Florges|Moonblast|p1a: Entei
|-resisted|p1a: Entei
|-damage|p1a: Entei|296\/371
|
|-heal|p2a: Florges|334\/360|[from] item: Leftovers
|turn|7
|L|Spitzkopf Larry
|
|move|p2a: Florges|Protect|p2a: Florges
|-singleturn|p2a: Florges|Protect
|move|p1a: Entei|Sacred Fire|p2a: Florges
|-activate|p2a: Florges|Protect
|
|-heal|p2a: Florges|356\/360|[from] item: Leftovers
|turn|8
|
|switch|p1a: Pidgeot|Pidgeot-Mega, M|307\/307
|switch|p2a: Donphan|Donphan, F|384\/384
|-damage|p2a: Donphan|360\/384|[from] Stealth Rock
|
|-heal|p2a: Donphan|384\/384|[from] item: Leftovers
|turn|9
|J|Lockheeed
|
|move|p2a: Donphan|Ice Shard|p1a: Pidgeot
|-supereffective|p1a: Pidgeot
|-damage|p1a: Pidgeot|211\/307
|move|p1a: Pidgeot|Hurricane|p2a: Donphan
|-damage|p2a: Donphan|92\/384
|-start|p2a: Donphan|confusion
|
|-heal|p2a: Donphan|116\/384|[from] item: Leftovers
|turn|10
|L|Lockheeed
|
|-activate|p2a: Donphan|confusion
|move|p2a: Donphan|Ice Shard|p1a: Pidgeot
|-supereffective|p1a: Pidgeot
|-damage|p1a: Pidgeot|115\/307
|move|p1a: Pidgeot|Hurricane|p2a: Donphan
|-damage|p2a: Donphan|0 fnt
|faint|p2a: Donphan
|
|J|Mattlikespie2
|J|Koren
|
|switch|p2a: Florges|Florges, F|356\/360
|-damage|p2a: Florges|311\/360|[from] Stealth Rock
|turn|11
|J|truffald1no
|
|move|p1a: Pidgeot|Roost|p1a: Pidgeot
|-heal|p1a: Pidgeot|269\/307
|move|p2a: Florges|Moonblast|p1a: Pidgeot
|-damage|p1a: Pidgeot|130\/307
|
|-heal|p2a: Florges|333\/360|[from] item: Leftovers
|turn|12
|L|truffald1no
|
|move|p1a: Pidgeot|Roost|p1a: Pidgeot
|-heal|p1a: Pidgeot|284\/307
|move|p2a: Florges|Moonblast|p1a: Pidgeot
|-damage|p1a: Pidgeot|136\/307
|
|-heal|p2a: Florges|355\/360|[from] item: Leftovers
|turn|13
|c| Mattlikespie2|Hi Sae. o\/
|
|move|p1a: Pidgeot|U-turn|p2a: Florges
|-resisted|p2a: Florges
|-damage|p2a: Florges|335\/360
|c|âSae|stalker alert
|c| Mattlikespie2|<3
|c|+DM35|hue
|
|switch|p1a: Forretress|Forretress, M|184\/354
|move|p2a: Florges|Moonblast|p1a: Forretress
|-resisted|p1a: Forretress
|-damage|p1a: Forretress|83\/354
|-unboost|p1a: Forretress|spa|1
|
|-heal|p2a: Florges|357\/360|[from] item: Leftovers
|-heal|p1a: Forretress|105\/354|[from] item: Leftovers
|turn|14
|c|âBeastly|you are just famous
|
|move|p2a: Florges|Moonblast|p1a: Forretress
|-resisted|p1a: Forretress
|-damage|p1a: Forretress|20\/354
|move|p1a: Forretress|Volt Switch|p2a: Florges
|-damage|p2a: Florges|340\/360
|c|+DM35|nah we're just stalkers
|c| Mattlikespie2|^
|c|+DM35|#Represent
|J|boom bye yeah
|
|switch|p1a: Entei|Entei, shiny|296\/371
|-ability|p1a: Entei|Pressure
|
|-heal|p2a: Florges|360\/360|[from] item: Leftovers
|turn|15
|c|âBeastly|that too
|
|switch|p2a: Suicune|Suicune|383\/404
|-damage|p2a: Suicune|333\/404|[from] Stealth Rock
|-ability|p2a: Suicune|Pressure
|move|p1a: Entei|Flare Blitz|p2a: Suicune
|-resisted|p2a: Suicune
|-damage|p2a: Suicune|229\/404
|-damage|p1a: Entei|262\/371|[from] recoil|[of] p2a: Suicune
|
|-heal|p2a: Suicune|254\/404|[from] item: Leftovers
|turn|16
|c| Mattlikespie2|We're Sae's Fanclub
|
|switch|p1a: Pidgeot|Pidgeot-Mega, M|136\/307
|move|p2a: Suicune|Scald|p1a: Pidgeot
|-damage|p1a: Pidgeot|39\/307
|
|-heal|p2a: Suicune|279\/404|[from] item: Leftovers
|turn|17
|
|move|p1a: Pidgeot|Roost|p1a: Pidgeot
|-heal|p1a: Pidgeot|193\/307
|move|p2a: Suicune|Scald|p1a: Pidgeot
|-damage|p1a: Pidgeot|88\/307
|
|-heal|p2a: Suicune|304\/404|[from] item: Leftovers
|turn|18
|
|move|p1a: Pidgeot|U-turn|p2a: Suicune
|-damage|p2a: Suicune|275\/404
|
|switch|p1a: Suicune|Suicune|404\/404
|-ability|p1a: Suicune|Pressure
|move|p2a: Suicune|Scald|p1a: Suicune
|-resisted|p1a: Suicune
|-damage|p1a: Suicune|365\/404
|
|-heal|p1a: Suicune|390\/404|[from] item: Leftovers
|-heal|p2a: Suicune|300\/404|[from] item: Leftovers
|turn|19
|
|move|p1a: Suicune|Calm Mind|p1a: Suicune
|-boost|p1a: Suicune|spa|1
|-boost|p1a: Suicune|spd|1
|move|p2a: Suicune|Calm Mind|p2a: Suicune
|-boost|p2a: Suicune|spa|1
|-boost|p2a: Suicune|spd|1
|
|-heal|p1a: Suicune|404\/404|[from] item: Leftovers
|-heal|p2a: Suicune|325\/404|[from] item: Leftovers
|turn|20
|c|âBeastly|you couldnt have waited
|c| Mattlikespie2|IMO the Suicune will win.
|
|move|p2a: Suicune|Calm Mind|p2a: Suicune
|-boost|p2a: Suicune|spa|1
|-boost|p2a: Suicune|spd|1
|move|p1a: Suicune|Calm Mind|p1a: Suicune
|-boost|p1a: Suicune|spa|1
|-boost|p1a: Suicune|spd|1
|
|-heal|p2a: Suicune|350\/404|[from] item: Leftovers
|turn|21
|c|+DM35|nice
|c|âBeastly|basically who crits first wins
|
|move|p2a: Suicune|Calm Mind|p2a: Suicune
|-boost|p2a: Suicune|spa|1
|-boost|p2a: Suicune|spd|1
|move|p1a: Suicune|Calm Mind|p1a: Suicune
|-boost|p1a: Suicune|spa|1
|-boost|p1a: Suicune|spd|1
|
|-heal|p2a: Suicune|375\/404|[from] item: Leftovers
|turn|22
|c|âSae|eh it's gonna be a cm war no matter what yeah
|c|+DM35|people forgot to bring the speedcreep
|c| Mattlikespie2|~~Inb4 Phazing moves.~~
|c|âBeastly|because both teams have trouble
|c|+DM35|roarcune
|c|+hairy toenail|tfw crocune check is your own crocune
|c|âBeastly|vs suicune
|c|+DM35|wins
|c|+DM35|js
|c| Mattlikespie2|^
|
|move|p2a: Suicune|Calm Mind|p2a: Suicune
|-boost|p2a: Suicune|spa|1
|-boost|p2a: Suicune|spd|1
|move|p1a: Suicune|Calm Mind|p1a: Suicune
|-boost|p1a: Suicune|spa|1
|-boost|p1a: Suicune|spd|1
|
|-heal|p2a: Suicune|400\/404|[from] item: Leftovers
|turn|23
|c| Mattlikespie2|#RoarCune
|c|âBeastly|o hi hairy
|J|Zinnia
|c|âBeastly|REMEMBER WHEN YOU FLINCHED THIS TO DEATGH
|c|+hairy toenail|hey beastly
|c|+DM35|if you were weak to crocune, id run roarcune
|c| Koren|\/me waits for hte finale
|c| RoarCune|Hey guys
|c|+hairy toenail|lol
|c|+hairy toenail|i remember
|J|Tele is Soldier
|c|âSae|I'm actually weaker to Empoleon on this team
|
|move|p2a: Suicune|Calm Mind|p2a: Suicune
|-boost|p2a: Suicune|spa|1
|-boost|p2a: Suicune|spd|1
|move|p1a: Suicune|Calm Mind|p1a: Suicune
|-boost|p1a: Suicune|spa|1
|-boost|p1a: Suicune|spd|1
|
|-heal|p2a: Suicune|404\/404|[from] item: Leftovers
|turn|24
|c| RoarCune|DM wot. You wanna run me? >_>
|
|move|p2a: Suicune|Calm Mind|p2a: Suicune
|-boost|p2a: Suicune|spa|1
|-boost|p2a: Suicune|spd|1
|move|p1a: Suicune|Calm Mind|p1a: Suicune
|-boost|p1a: Suicune|spa|1
|-boost|p1a: Suicune|spd|1
|
|turn|25
|c|âSae|!dt saecune
No Pokemon, item, move, ability or nature named 'saecune' was found. Showing the data of 'Suicune' instead.
|c|~|\/data-pokemon Suicune
|raw|<font size="1"><font color=#585858>Dex#:<\/font> 245&nbsp;|&ThickSpace;<font color=#585858>Height:<\/font> 2 m&nbsp;|&ThickSpace;<font color=#585858>Weight:<\/font> 187 kg <em>(100 BP)<\/em>&nbsp;|&ThickSpace;<font color=#585858>Dex Colour:<\/font> Blue&nbsp;|&ThickSpace;<font color=#585858>Egg Group(s):<\/font> Undiscovered&nbsp;|&ThickSpace;<font color=#585858><font color=#585858>Does Not Evolve<\/font><\/font><\/font>
|c|âSae|guide me monotype
|c|âBeastly|the funny thing is we cant sweep because we will run out of pp
|
|move|p1a: Suicune|Scald|p2a: Suicune
|-resisted|p2a: Suicune
|-damage|p2a: Suicune|363\/404
|move|p2a: Suicune|Scald|p1a: Suicune
|-resisted|p1a: Suicune
|-damage|p1a: Suicune|367\/404
|
|-heal|p2a: Suicune|388\/404|[from] item: Leftovers
|-heal|p1a: Suicune|392\/404|[from] item: Leftovers
|turn|26
|c|+DM35|youll run out first
|c|+DM35|cos you already used a few scalds
|
|move|p1a: Suicune|Scald|p2a: Suicune
|-resisted|p2a: Suicune
|-damage|p2a: Suicune|348\/404
|move|p2a: Suicune|Scald|p1a: Suicune
|-resisted|p1a: Suicune
|-damage|p1a: Suicune|355\/404
|
|-heal|p2a: Suicune|373\/404|[from] item: Leftovers
|-heal|p1a: Suicune|380\/404|[from] item: Leftovers
|turn|27
|
|move|p2a: Suicune|Scald|p1a: Suicune
|-resisted|p1a: Suicune
|-damage|p1a: Suicune|341\/404
|-status|p1a: Suicune|brn
|move|p1a: Suicune|Scald|p2a: Suicune
|-resisted|p2a: Suicune
|-damage|p2a: Suicune|331\/404
|-status|p2a: Suicune|brn
|
|-heal|p1a: Suicune|366\/404 brn|[from] item: Leftovers
|-heal|p2a: Suicune|356\/404 brn|[from] item: Leftovers
|-damage|p1a: Suicune|316\/404 brn|[from] brn
|-damage|p2a: Suicune|306\/404 brn|[from] brn
|turn|28
|c|+DM35|but burns and shit
|c|+DM35|LOL
|c|âBeastly|btw i will get crited first
|c|+hairy toenail|crit probably does like 20%
|
|move|p2a: Suicune|Scald|p1a: Suicune
|-resisted|p1a: Suicune
|-damage|p1a: Suicune|281\/404 brn
|move|p1a: Suicune|Scald|p2a: Suicune
|-resisted|p2a: Suicune
|-damage|p2a: Suicune|265\/404 brn
|
|-heal|p2a: Suicune|290\/404 brn|[from] item: Leftovers
|-heal|p1a: Suicune|306\/404 brn|[from] item: Leftovers
|-damage|p2a: Suicune|240\/404 brn|[from] brn
|-damage|p1a: Suicune|256\/404 brn|[from] brn
|turn|29
|c| RoarCune|Just wanna say
|c| RoarCune|#RoarCune
|
|move|p1a: Suicune|Rest|p1a: Suicune
|-status|p1a: Suicune|slp
|-heal|p1a: Suicune|404\/404 slp|[silent]
|-status|p1a: Suicune|slp|[from] move: Rest
|move|p2a: Suicune|Scald|p1a: Suicune
|-resisted|p1a: Suicune
|-damage|p1a: Suicune|368\/404 slp
|
|-heal|p2a: Suicune|265\/404 brn|[from] item: Leftovers
|-heal|p1a: Suicune|393\/404 slp|[from] item: Leftovers
|-damage|p2a: Suicune|215\/404 brn|[from] brn
|turn|30
|c|+DM35|erm crit will do like 30 i think
|
|cant|p1a: Suicune|slp
|move|p2a: Suicune|Rest|p2a: Suicune
|-status|p2a: Suicune|slp
|-heal|p2a: Suicune|404\/404 slp|[silent]
|-status|p2a: Suicune|slp|[from] move: Rest
|
|-heal|p1a: Suicune|404\/404 slp|[from] item: Leftovers
|turn|31
|
|cant|p1a: Suicune|slp
|cant|p2a: Suicune|slp
|
|turn|32
|
|cant|p2a: Suicune|slp
|-curestatus|p1a: Suicune|slp
|move|p1a: Suicune|Calm Mind|p1a: Suicune
|-fail|p1a: Suicune
|
|turn|33
|
|-curestatus|p2a: Suicune|slp
|move|p2a: Suicune|Scald|p1a: Suicune
|-resisted|p1a: Suicune
|-damage|p1a: Suicune|364\/404
|move|p1a: Suicune|Scald|p2a: Suicune
|-crit|p2a: Suicune
|-resisted|p2a: Suicune
|-damage|p2a: Suicune|191\/404
|
|-heal|p2a: Suicune|216\/404|[from] item: Leftovers
|-heal|p1a: Suicune|389\/404|[from] item: Leftovers
|turn|34
|c| RoarCune|Rip
|c|âBeastly|nice 30 percent
|c|âSae|crits won't even do anything rip
|c|+DM35|+6 4 SpA Suicune Scald vs. 252 HP \/ 0 SpD Suicune on a critical hit: 210-248 (51.9 - 61.3%) -- guaranteed 2HKO after Stealth Rock and Leftovers recovery
|c| Koren|shout out to numbers
|c|âBeastly|you need two crits
|c|âBeastly|back to back
|c|âSae|!pr will get it, won't get it
|raw|<div class="infobox"><em>We randomly picked:<\/em> will get it<\/div>
|c|âBeastly|and high enough rolls
|c|+DM35|nah cos whoever is cleverer here
|c| RoarCune|And an outspeed.
|
|move|p2a: Suicune|Rest|p2a: Suicune
|-status|p2a: Suicune|slp
|-heal|p2a: Suicune|404\/404 slp|[silent]
|-status|p2a: Suicune|slp|[from] move: Rest
|move|p1a: Suicune|Scald|p2a: Suicune
|-resisted|p2a: Suicune
|-damage|p2a: Suicune|368\/404 slp
|
|-heal|p1a: Suicune|404\/404|[from] item: Leftovers
|-heal|p2a: Suicune|393\/404 slp|[from] item: Leftovers
|turn|35
|c|+DM35|will win the PP war
|
|cant|p2a: Suicune|slp
|move|p1a: Suicune|Calm Mind|p1a: Suicune
|-fail|p1a: Suicune
|
|-heal|p2a: Suicune|404\/404 slp|[from] item: Leftovers
|turn|36
|
|move|p1a: Suicune|Calm Mind|p1a: Suicune
|-fail|p1a: Suicune
|cant|p2a: Suicune|slp
|
|turn|37
|J|Cleverer
|c| Cleverer|I am cleverer :>
|
|move|p1a: Suicune|Calm Mind|p1a: Suicune
|-fail|p1a: Suicune
|-curestatus|p2a: Suicune|slp
|move|p2a: Suicune|Calm Mind|p2a: Suicune
|-fail|p2a: Suicune
|
|turn|38
|
|move|p2a: Suicune|Calm Mind|p2a: Suicune
|-fail|p2a: Suicune
|move|p1a: Suicune|Calm Mind|p1a: Suicune
|-fail|p1a: Suicune
|
|turn|39
|c|âBeastly|i wish there was a screen to see how much pp the opponent used
|c| RoarCune|You might be Cleverer, but you aren't RoarCune
|
|move|p1a: Suicune|Calm Mind|p1a: Suicune
|-fail|p1a: Suicune
|move|p2a: Suicune|Calm Mind|p2a: Suicune
|-fail|p2a: Suicune
|
|turn|40
|
|move|p1a: Suicune|Calm Mind|p1a: Suicune
|-fail|p1a: Suicune
|move|p2a: Suicune|Calm Mind|p2a: Suicune
|-fail|p2a: Suicune
|
|turn|41
|c| Koren|u could go for
|
|move|p2a: Suicune|Calm Mind|p2a: Suicune
|-fail|p2a: Suicune
|move|p1a: Suicune|Calm Mind|p1a: Suicune
|-fail|p1a: Suicune
|
|turn|42
|c| Koren|ctrl+f opposing suicune used scald
|c| Koren|lol
|c|âBeastly|but counting is annoying
|c| Zinnia|That's a true point Koren
|c|+DM35|it counts for you
|c| Koren|it says how many times that shows up 
|c| Koren|lol
|c| RoarCune|Ohai Chandy
|c|+hairy toenail|lol
|c| Zinnia|Sometimes counting's what wins it
|c|+DM35|or
|c|+DM35|if you know your weak to crocune
|c|+DM35|and your crocune is the check
|c|+DM35|run roar
|
|move|p2a: Suicune|Calm Mind|p2a: Suicune
|-fail|p2a: Suicune
|move|p1a: Suicune|Calm Mind|p1a: Suicune
|-fail|p1a: Suicune
|
|turn|43
|c| RoarCune|Which is what I'm saying.
|c| Zinnia|But what do you swap with Roar? Talk?
|c| RoarCune|#RoarCune
|
|move|p2a: Suicune|Calm Mind|p2a: Suicune
|-fail|p2a: Suicune
|move|p1a: Suicune|Calm Mind|p1a: Suicune
|-fail|p1a: Suicune
|
|turn|44
|
|move|p2a: Suicune|Calm Mind|p2a: Suicune
|-fail|p2a: Suicune
|move|p1a: Suicune|Calm Mind|p1a: Suicune
|-fail|p1a: Suicune
|
|turn|45
|
|move|p2a: Suicune|Calm Mind|p2a: Suicune
|-fail|p2a: Suicune
|move|p1a: Suicune|Calm Mind|p1a: Suicune
|-fail|p1a: Suicune
|
|turn|46
|
|move|p1a: Suicune|Calm Mind|p1a: Suicune
|-fail|p1a: Suicune
|move|p2a: Suicune|Calm Mind|p2a: Suicune
|-fail|p2a: Suicune
|
|turn|47
|c|+DM35|yup
|c|âBeastly|what like your entei have roar
|c| RoarCune|Yeah, Scald\/CM\/Rest\/Roar works, Talk is probably the lesser of four evils to drop.
|c|âBeastly|and focus sash
|c|âBeastly|and this is useless
|
|move|p1a: Suicune|Calm Mind|p1a: Suicune
|-fail|p1a: Suicune
|move|p2a: Suicune|Calm Mind|p2a: Suicune
|-fail|p2a: Suicune
|
|turn|48
|
|move|p2a: Suicune|Calm Mind|p2a: Suicune
|-fail|p2a: Suicune
|move|p1a: Suicune|Calm Mind|p1a: Suicune
|-fail|p1a: Suicune
|
|turn|49
|c|+DM35|its not optimal
|c| RoarCune|32 Turns of CM later...
|c|âBeastly|suicune make long ass battles since 2nd gen
|c|+DM35|but itd win this game
|
|move|p1a: Suicune|Calm Mind|p1a: Suicune
|-fail|p1a: Suicune
|move|p2a: Suicune|Calm Mind|p2a: Suicune
|-fail|p2a: Suicune
|
|turn|50
|c|âBeastly|actually i hit it once
|c| Koren|when did calm mind become a thing
|c|âBeastly|gen 3?
|c| RoarCune|Gen III
|c| Zinnia|Gen 3
|
|move|p1a: Suicune|Calm Mind|p1a: Suicune
|-fail|p1a: Suicune
|move|p2a: Suicune|Calm Mind|p2a: Suicune
|-fail|p2a: Suicune
|
|turn|51
|c| Koren|so... its may's fault
|c| Koren|got it
|c|âBeastly|yep
|
|move|p1a: Suicune|Calm Mind|p1a: Suicune
|-fail|p1a: Suicune
|move|p2a: Suicune|Calm Mind|p2a: Suicune
|-fail|p2a: Suicune
|
|turn|52
|c| Zinnia|#BlameBrendan
|c|+DM35|i blame tate and liza
|c|âBeastly|NO
|c| RoarCune|Sapphire\/Ruby\/May\/Brendan's*
|c|+DM35|they gave out CM
|c|âBeastly|BRENDAN IS A GOD
|c| Koren|this is what happens when ur shorts r that short
|c|+DM35|its their fault
|c| Koren|u can't blame twins dm
|c|âBeastly|but i like shorts
|c|âSae|Brendan and May thirsty af in the new game
|c|âBeastly|they are easy and comfortable to wear
|c| RoarCune|#BlameTheTwins
|
|move|p2a: Suicune|Calm Mind|p2a: Suicune
|-fail|p2a: Suicune
|move|p1a: Suicune|Calm Mind|p1a: Suicune
|-fail|p1a: Suicune
|
|turn|53
|
|move|p2a: Suicune|Calm Mind|p2a: Suicune
|-fail|p2a: Suicune
|move|p1a: Suicune|Calm Mind|p1a: Suicune
|-fail|p1a: Suicune
|
|turn|54
|c|+DM35|lets be honest
|c| Koren|they have the thirst thats only cured by calm mind saecune
|c|+DM35|noone liked tate and liza
|
|move|p1a: Suicune|Calm Mind|p1a: Suicune
|-fail|p1a: Suicune
|move|p2a: Suicune|Calm Mind|p2a: Suicune
|-fail|p2a: Suicune
|
|turn|55
|c| RoarCune|~~I did.~~
|c| Koren|what do u have against them
|c| Koren|lol
|c|âSae|but Thunder Armor in the anime
|c|âBeastly|its a double battle
|c|âSae|only thing worth it about them
|J|Gestahl
|
|move|p1a: Suicune|Calm Mind|p1a: Suicune
|-fail|p1a: Suicune
|move|p2a: Suicune|Calm Mind|p2a: Suicune
|-fail|p2a: Suicune
|
|turn|56
|c|+DM35|they made me forfeit like 10 times on my first emerald playthrough
|
|move|p1a: Suicune|Calm Mind|p1a: Suicune
|-fail|p1a: Suicune
|move|p2a: Suicune|Calm Mind|p2a: Suicune
|-fail|p2a: Suicune
|
|turn|57
|c|+DM35|so hard
|c| Koren|they're no para and dox
|c|+DM35|when you picked blaziken
|c| Koren|but cmon : <
|c| Zinnia|Tate and Liza's episode in the anime is literally one of the only episodes of the pokemon anime I've seen
|c| Zinnia|lmao
|
|move|p2a: Suicune|Calm Mind|p2a: Suicune
|-fail|p2a: Suicune
|move|p1a: Suicune|Calm Mind|p1a: Suicune
|-fail|p1a: Suicune
|
|turn|58
|c|+DM35|gr8 anime
|c|+DM35|amirite
|c|âSae|Thunder Armor OP
|c| Koren|dm didnt prepare for a solrock?
|c|âBeastly|i only watched the kanto anime
|c| Koren|blame twins ;;
|c|âBeastly|but ive seen a little of black and white
|
|move|p2a: Suicune|Calm Mind|p2a: Suicune
|-fail|p2a: Suicune
|move|p1a: Suicune|Sleep Talk|p1a: Suicune
|-fail|p1a: Suicune
|
|turn|59
|c|+DM35|lemme guess
|
|move|p1a: Suicune|Calm Mind|p1a: Suicune
|-fail|p1a: Suicune
|move|p2a: Suicune|Calm Mind|p2a: Suicune
|-fail|p2a: Suicune
|
|turn|60
|c| Zinnia|Advanced Battle and Battle Frontier for days
|c|+DM35|is that cos its on netflix?
|c| RoarCune|But Digimon tho
|c|âBeastly|no
|c| Zinnia|All the others are meh to me
|c|+DM35|oh lel
|c| Koren|could not watch b\/w any longer
|c| Koren|iris is too annoying
|c|âBeastly|I want to see the orange league tho
|c|+DM35|battle frontier was the best
|
|move|p2a: Suicune|Calm Mind|p2a: Suicune
|-fail|p2a: Suicune
|move|p1a: Suicune|Sleep Talk|p1a: Suicune
|-fail|p1a: Suicune
|
|turn|61
|c| Koren|dat articuno was king
|c| Zinnia|DM, fyi, I don't use nor have netflix
|c|+DM35|that battle vs tucker is my fave episode of the whole anime
|c| Zinnia|lmao
|c| RoarCune|^
|c|+DM35|netflix is gr8
|c| Koren|i'll be back in like 14 turns
|
|move|p1a: Suicune|Sleep Talk|p1a: Suicune
|-fail|p1a: Suicune
|move|p2a: Suicune|Calm Mind|p2a: Suicune
|-fail|p2a: Suicune
|
|turn|62
|c|âBeastly|Brandon battle was cool too
|
|move|p2a: Suicune|Sleep Talk|p2a: Suicune
|-fail|p2a: Suicune
|move|p1a: Suicune|Calm Mind|p1a: Suicune
|-fail|p1a: Suicune
|
|turn|63
|J|purrl
|c| Zinnia|Annabelle's was the only frontier brain in that series that kinda annoyed me
|c| Zinnia|Everyone else was great
|c|âBeastly|Brandon is just a beast
|
|move|p1a: Suicune|Sleep Talk|p1a: Suicune
|-fail|p1a: Suicune
|move|p2a: Suicune|Calm Mind|p2a: Suicune
|-fail|p2a: Suicune
|
|turn|64
|
|move|p2a: Suicune|Sleep Talk|p2a: Suicune
|-fail|p2a: Suicune
|move|p1a: Suicune|Sleep Talk|p1a: Suicune
|-fail|p1a: Suicune
|
|turn|65
|c|+DM35|the brandon battle where he used registeel was kinda cool
|c|âBeastly|the battles were decent
|c| Zinnia|Bradon's disgustingly good. He's the only frontier brain I never beat second time around in my emerald version
|c|âBeastly|but brandon himself
|c|+DM35|the one where pikachu knocked out regice in one hit was fucking terrible
|
|move|p2a: Suicune|Sleep Talk|p2a: Suicune
|-fail|p2a: Suicune
|move|p1a: Suicune|Sleep Talk|p1a: Suicune
|-fail|p1a: Suicune
|
|turn|66
|c|âBeastly|pikachu is level 1231312 at this point
|c|âBeastly|then loses to a snivy
|c| Zinnia|I've got everyone's golden medallions except __Brandon's__.
|c|âBeastly|seems legit
|c|âSae|flat battle op
|c|+DM35|i got brandons quite easily
|
|move|p1a: Suicune|Sleep Talk|p1a: Suicune
|-fail|p1a: Suicune
|move|p2a: Suicune|Sleep Talk|p2a: Suicune
|-fail|p2a: Suicune
|
|turn|67
|c|âSae|floors them to lv 1
|c|+DM35|the battle was easy
|
|move|p1a: Suicune|Sleep Talk|p1a: Suicune
|-fail|p1a: Suicune
|move|p2a: Suicune|Sleep Talk|p2a: Suicune
|-fail|p2a: Suicune
|
|turn|68
|c| RoarCune|I need to replay emerald.
|c| Zinnia|Them Latis. My team hates 'em
|c|âBeastly|i've played emerald too much to play it again
|c|+DM35|the actual pyramid
|c| RoarCune|Gonna make a competitive team in Emerald, without IVs but EVs
|c|+DM35|is horrendous
|c| Zinnia|^
|c|âBeastly|I've prob beat Wallace 17 times and The final steven battle 10 times
|
|move|p2a: Suicune|Sleep Talk|p2a: Suicune
|-fail|p2a: Suicune
|move|p1a: Suicune|Sleep Talk|p1a: Suicune
|-fail|p1a: Suicune
|
|turn|69
|c| RoarCune|I mean, I have to.
|
|move|p1a: Suicune|Sleep Talk|p1a: Suicune
|-fail|p1a: Suicune
|move|p2a: Suicune|Sleep Talk|p2a: Suicune
|-fail|p2a: Suicune
|
|turn|70
|c|âBeastly|so um
|c| Zinnia|Ew 'Champion' Wallace
|c| Zinnia|lmao
|
|move|p2a: Suicune|Sleep Talk|p2a: Suicune
|-fail|p2a: Suicune
|move|p1a: Suicune|Sleep Talk|p1a: Suicune
|-fail|p1a: Suicune
|
|turn|71
|c|+DM35|battle dome
|c| Koren|so is it fkd up that my teacher
|c|+DM35|was so easy
|c| RoarCune|Last time I played emerald the best thing I had post-game was 20 Oddish and a lv 70 Salamence that Knew Ember
|c|âBeastly|it shouldve have been champion
|c| Koren|sent me a link to a diet book
|c|+DM35|battle pike
|
|move|p1a: Suicune|Sleep Talk|p1a: Suicune
|-fail|p1a: Suicune
|move|p2a: Suicune|Sleep Talk|p2a: Suicune
|-fail|p2a: Suicune
|
|turn|72
|c|+DM35|is just bs
|
|move|p1a: Suicune|Sleep Talk|p1a: Suicune
|-fail|p1a: Suicune
|move|p2a: Suicune|Sleep Talk|p2a: Suicune
|-fail|p2a: Suicune
|
|turn|73
|c|+DM35|that old man
|c| Zinnia|Battle Factory was the best man, those randoms
|c|+DM35|and his dusclops
|c|+DM35|can do one
|c|âBeastly|what was that one where your pokemon does everything
|c|âBeastly|but you do nothing
|c|+DM35|palace
|c|âBeastly|fuck that place
|c| Zinnia|DM, I got the Dusclops that froze ALL my pokemon before the Lucy fight.
|
|move|p2a: Suicune|Sleep Talk|p2a: Suicune
|-fail|p2a: Suicune
|move|p1a: Suicune|Sleep Talk|p1a: Suicune
|-fail|p1a: Suicune
|
|turn|74
|c| Zinnia|Imagine my pain
|c|+DM35|:<
|c| Koren|that place was the best
|c| Koren|i let my gardevoire do all the work
|
|move|p1a: Suicune|Sleep Talk|p1a: Suicune
|-fail|p1a: Suicune
|move|p2a: Suicune|Sleep Talk|p2a: Suicune
|-fail|p2a: Suicune
|
|turn|75
|
|move|p2a: Suicune|Sleep Talk|p2a: Suicune
|-fail|p2a: Suicune
|move|p1a: Suicune|Sleep Talk|p1a: Suicune
|-fail|p1a: Suicune
|
|turn|76
|c| Zinnia|My Gardevoir would of done work if it didn't freeze
|c|+DM35|koren actually did better when he had no influence
|
|move|p1a: Suicune|Rest|p1a: Suicune
|-fail|p1a: Suicune
|move|p2a: Suicune|Rest|p2a: Suicune
|-fail|p2a: Suicune
|
|turn|77
|c|+DM35|__shock__
|
|move|p1a: Suicune|Rest|p1a: Suicune
|-fail|p1a: Suicune
|move|p2a: Suicune|Rest|p2a: Suicune
|-fail|p2a: Suicune
|
|turn|78
|c| Koren|bullying in 2015
|
|move|p2a: Suicune|Rest|p2a: Suicune
|-fail|p2a: Suicune
|move|p1a: Suicune|Rest|p1a: Suicune
|-fail|p1a: Suicune
|
|turn|79
|c| Koren|arrest him plz
|c|+DM35|:P
|
|move|p2a: Suicune|Rest|p2a: Suicune
|-fail|p2a: Suicune
|move|p1a: Suicune|Rest|p1a: Suicune
|-fail|p1a: Suicune
|
|turn|80
|
|move|p1a: Suicune|Rest|p1a: Suicune
|-fail|p1a: Suicune
|move|p2a: Suicune|Rest|p2a: Suicune
|-fail|p2a: Suicune
|
|turn|81
|c|âBeastly|note to self never use suicune again
|
|move|p1a: Suicune|Rest|p1a: Suicune
|-fail|p1a: Suicune
|move|p2a: Suicune|Rest|p2a: Suicune
|-fail|p2a: Suicune
|
|turn|82
|
|move|p2a: Suicune|Rest|p2a: Suicune
|-fail|p2a: Suicune
|move|p1a: Suicune|Rest|p1a: Suicune
|-fail|p1a: Suicune
|
|turn|83
|c|+DM35|use roarcune
|c| Koren|always reveal the cacturne
|
|move|p2a: Suicune|Sleep Talk|p2a: Suicune
|-fail|p2a: Suicune
|move|p1a: Suicune|Rest|p1a: Suicune
|-fail|p1a: Suicune
|
|turn|84
|c| RoarCune|DM wants to use and abuse me. >:
|
|move|p2a: Suicune|Sleep Talk|p2a: Suicune
|-fail|p2a: Suicune
|move|p1a: Suicune|Rest|p1a: Suicune
|-fail|p1a: Suicune
|
|turn|85
|c| Koren|and throw u away after
|c| Koren|never4get
|c| RoarCune|^
|
|move|p1a: Suicune|Rest|p1a: Suicune
|-fail|p1a: Suicune
|move|p2a: Suicune|Sleep Talk|p2a: Suicune
|-fail|p2a: Suicune
|
|turn|86
|c| RoarCune|DM wants to make me a Banette
|
|move|p1a: Suicune|Rest|p1a: Suicune
|-fail|p1a: Suicune
|move|p2a: Suicune|Rest|p2a: Suicune
|-fail|p2a: Suicune
|
|turn|87
|c| Zinnia|Oh I forgot I'm not global here lmao
|c| Koren|im psure banettes are machine washable
|c| RoarCune|RIP Chandy
|c| Zinnia|I was about to data something
|c| Zinnia|The first world problems are real
|
|move|p2a: Suicune|Rest|p2a: Suicune
|-fail|p2a: Suicune
|move|p1a: Suicune|Rest|p1a: Suicune
|-fail|p1a: Suicune
|
|turn|88
|
|move|p2a: Suicune|Rest|p2a: Suicune
|-fail|p2a: Suicune
|move|p1a: Suicune|Rest|p1a: Suicune
|-fail|p1a: Suicune
|
|turn|89
|c| Koren|im not a global anywhere : < so hows that
|c|âBeastly|so
|
|move|p1a: Suicune|Rest|p1a: Suicune
|-fail|p1a: Suicune
|move|p2a: Suicune|Rest|p2a: Suicune
|-fail|p2a: Suicune
|
|turn|90
|
|move|p2a: Suicune|Rest|p2a: Suicune
|-fail|p2a: Suicune
|move|p1a: Suicune|Scald|p2a: Suicune
|-resisted|p2a: Suicune
|-damage|p2a: Suicune|368\/404
|-status|p2a: Suicune|brn
|
|-heal|p2a: Suicune|393\/404 brn|[from] item: Leftovers
|-damage|p2a: Suicune|343\/404 brn|[from] brn
|turn|91
|c|âBeastly|we are on turn 90
|c|âBeastly|thank you
|
|switch|p1a: Forretress|Forretress, M|20\/354
|move|p2a: Suicune|Rest|p2a: Suicune
|-status|p2a: Suicune|slp
|-heal|p2a: Suicune|404\/404 slp|[silent]
|-status|p2a: Suicune|slp|[from] move: Rest
|
|-heal|p1a: Forretress|42\/354|[from] item: Leftovers
|turn|92
|c|âBeastly|O NOW YOU DO IT
|
|cant|p2a: Suicune|slp
|move|p1a: Forretress|Volt Switch|p2a: Suicune
|-supereffective|p2a: Suicune
|-damage|p2a: Suicune|388\/404 slp
|
|switch|p1a: Pidgeot|Pidgeot-Mega, M|88\/307
|
|-heal|p2a: Suicune|404\/404 slp|[from] item: Leftovers
|turn|93
|c|âBeastly|DONT YOU DARE
|c|âBeastly|HAVE WHIRLWIND
|
|move|p1a: Pidgeot|Roost|p1a: Pidgeot
|-heal|p1a: Pidgeot|242\/307
|cant|p2a: Suicune|slp
|
|turn|94
|c|âBeastly|good
|
|move|p1a: Pidgeot|U-turn|p2a: Suicune
|-damage|p2a: Suicune|376\/404 slp
|J|Lockheeed
|
|switch|p1a: Suicune|Suicune|404\/404
|-ability|p1a: Suicune|Pressure
|-curestatus|p2a: Suicune|slp
|move|p2a: Suicune|Scald|p1a: Suicune
|-resisted|p1a: Suicune
|-damage|p1a: Suicune|260\/404
|-status|p1a: Suicune|brn
|
|-heal|p1a: Suicune|285\/404 brn|[from] item: Leftovers
|-heal|p2a: Suicune|401\/404|[from] item: Leftovers
|-damage|p1a: Suicune|235\/404 brn|[from] brn
|turn|95
|c|âBeastly|plz tell me you are out of rests
|c|âBeastly|fml
|
|move|p2a: Suicune|Rest|p2a: Suicune
|-status|p2a: Suicune|slp
|-heal|p2a: Suicune|404\/404 slp|[silent]
|-status|p2a: Suicune|slp|[from] move: Rest
|move|p1a: Suicune|Rest|p1a: Suicune
|-status|p1a: Suicune|slp
|-heal|p1a: Suicune|404\/404 slp|[silent]
|-status|p1a: Suicune|slp|[from] move: Rest
|
|turn|96
|
|cant|p2a: Suicune|slp
|cant|p1a: Suicune|slp
|
|turn|97
|
|cant|p2a: Suicune|slp
|cant|p1a: Suicune|slp
|
|turn|98
|c| Koren|oh i found the code
|
|-curestatus|p2a: Suicune|slp
|move|p2a: Suicune|Scald|p1a: Suicune
|-resisted|p1a: Suicune
|-damage|p1a: Suicune|242\/404 slp
|-curestatus|p1a: Suicune|slp
|move|p1a: Suicune|Scald|p2a: Suicune
|-resisted|p2a: Suicune
|-damage|p2a: Suicune|395\/404
|
|-heal|p1a: Suicune|267\/404|[from] item: Leftovers
|-heal|p2a: Suicune|404\/404|[from] item: Leftovers
|turn|99
|c| Koren|well then.
|
|move|p1a: Suicune|Scald|p2a: Suicune
|-resisted|p2a: Suicune
|-damage|p2a: Suicune|395\/404
|-status|p2a: Suicune|brn
|move|p2a: Suicune|Scald|p1a: Suicune
|-resisted|p1a: Suicune
|-damage|p1a: Suicune|112\/404
|
|-heal|p2a: Suicune|404\/404 brn|[from] item: Leftovers
|-heal|p1a: Suicune|137\/404|[from] item: Leftovers
|-damage|p2a: Suicune|354\/404 brn|[from] brn
|turn|100
|c|âBeastly|so pretty much
|c|âBeastly|we wasted like 1 hour
|c|âBeastly|just to get rid of both suicune
|c|âSae|yes
|c|âBeastly|take notes
|c| Zinnia|Saecunes are srs business
|c|âBeastly|i wish I had a max either
|c|âBeastly|ether*
|c|âSae|^
|c|âSae|i'll take an elixir
|
|move|p1a: Suicune|Scald|p2a: Suicune
|-resisted|p2a: Suicune
|-damage|p2a: Suicune|345\/404 brn
|move|p2a: Suicune|Scald|p1a: Suicune
|-resisted|p1a: Suicune
|-damage|p1a: Suicune|0 fnt
|faint|p1a: Suicune
|
|-heal|p2a: Suicune|370\/404 brn|[from] item: Leftovers
|-damage|p2a: Suicune|320\/404 brn|[from] brn
|
|switch|p1a: Florges|Florges, F|360\/360
|turn|101
|c|âBeastly|i can still struggle to death
|
|move|p2a: Suicune|Struggle|p1a: Florges
|-damage|p1a: Florges|339\/360
|-damage|p2a: Suicune|219\/404 brn
|move|p1a: Florges|Wish|p1a: Florges
|
|-heal|p2a: Suicune|244\/404 brn|[from] item: Leftovers
|-heal|p1a: Florges|360\/360|[from] item: Leftovers
|-damage|p2a: Suicune|194\/404 brn|[from] brn
|turn|102
|c|+DM35|!learn florges, healing wish
|raw|<div class="infobox">Florges <span class="message-learn-cannotlearn">can't<\/span> learn Healing Wish<\/div>
|
|switch|p1a: Forretress|Forretress, M|42\/354
|move|p2a: Suicune|Struggle|p1a: Forretress
|-damage|p1a: Forretress|34\/354
|-damage|p2a: Suicune|93\/404 brn
|
|-heal|p1a: Forretress|214\/354|[from] move: Wish|[wisher] Florges
|-heal|p2a: Suicune|118\/404 brn|[from] item: Leftovers
|-heal|p1a: Forretress|236\/354|[from] item: Leftovers
|-damage|p2a: Suicune|68\/404 brn|[from] brn
|turn|103
|c|+DM35|:(
|c| Zinnia|All that nothing it did lmao
|
|move|p2a: Suicune|Struggle|p1a: Forretress
|-damage|p1a: Forretress|227\/354
|-damage|p2a: Suicune|0 fnt
|faint|p2a: Suicune
|move|p1a: Forretress|Volt Switch|p2: Suicune|[notarget]
|-notarget
|
|-heal|p1a: Forretress|249\/354|[from] item: Leftovers
|c| RoarCune|Rip
|J|Kyuss
|
|switch|p2a: Rotom-Heat|Rotom-Heat|94\/241
|-damage|p2a: Rotom-Heat|34\/241|[from] Stealth Rock
|turn|104
|c|+DM35|no spikes?
|c|+DM35|oh wait
|
|move|p2a: Rotom-Heat|Thunderbolt|p1a: Forretress
|-damage|p1a: Forretress|42\/354
|move|p1a: Forretress|Volt Switch|p2a: Rotom-Heat
|-resisted|p2a: Rotom-Heat
|-damage|p2a: Rotom-Heat|18\/241
|c|âBeastly|why you live
|
|switch|p1a: Florges|Florges, F|360\/360
|
|turn|105
|L|Kyuss
|
|move|p2a: Rotom-Heat|Thunderbolt|p1a: Florges
|-damage|p1a: Florges|288\/360
|move|p1a: Florges|Wish|p1a: Florges
|
|-heal|p1a: Florges|310\/360|[from] item: Leftovers
|turn|106
|
|move|p2a: Rotom-Heat|Thunderbolt|p1a: Florges
|-damage|p1a: Florges|237\/360
|move|p1a: Florges|Moonblast|p2a: Rotom-Heat
|-resisted|p2a: Rotom-Heat
|-damage|p2a: Rotom-Heat|0 fnt
|faint|p2a: Rotom-Heat
|
|-heal|p1a: Florges|360\/360|[from] move: Wish|[wisher] Florges
|c| Zinnia|Wynaut
|
|switch|p2a: Florges|Florges, F|360\/360
|-damage|p2a: Florges|315\/360|[from] Stealth Rock
|turn|107
|J|The Pyrope
|
|move|p2a: Florges|Moonblast|p1a: Florges
|-damage|p1a: Florges|293\/360
|-unboost|p1a: Florges|spa|1
|move|p1a: Florges|Wish|p1a: Florges
|
|-heal|p2a: Florges|337\/360|[from] item: Leftovers
|-heal|p1a: Florges|315\/360|[from] item: Leftovers
|turn|108
|
|switch|p2a: Chesnaught|Chesnaught, M|380\/380
|-damage|p2a: Chesnaught|357\/380|[from] Stealth Rock
|switch|p1a: Entei|Entei, shiny|262\/371
|-ability|p1a: Entei|Pressure
|
|-heal|p1a: Entei|371\/371|[from] move: Wish|[wisher] Florges
|-heal|p2a: Chesnaught|380\/380|[from] item: Leftovers
|turn|109
|
|move|p2a: Chesnaught|Spiky Shield|p2a: Chesnaught
|-singleturn|p2a: Chesnaught|move: Protect
|move|p1a: Entei|Sacred Fire|p2a: Chesnaught
|-activate|p2a: Chesnaught|move: Protect
|
|turn|110
|c|+DM35|counter
|c|+DM35|is here
|
|move|p1a: Entei|Sacred Fire|p2a: Chesnaught
|-supereffective|p2a: Chesnaught
|-damage|p2a: Chesnaught|42\/380
|-status|p2a: Chesnaught|brn
|move|p2a: Chesnaught|Leech Seed|p1a: Entei
|-start|p1a: Entei|move: Leech Seed
|
|-heal|p2a: Chesnaught|65\/380 brn|[from] item: Leftovers
|-damage|p1a: Entei|325\/371|[from] Leech Seed|[of] p2a: Chesnaught
|-heal|p2a: Chesnaught|111\/380 brn|[silent]
|-damage|p2a: Chesnaught|64\/380 brn|[from] brn
|turn|111
|J|Rohail
|c| RoarCune|Rip
|
|switch|p1a: Pidgeot|Pidgeot-Mega, M|242\/307
|move|p2a: Chesnaught|Spiky Shield|p2a: Chesnaught
|-fail|p2a: Chesnaught
|
|-heal|p2a: Chesnaught|87\/380 brn|[from] item: Leftovers
|-damage|p2a: Chesnaught|40\/380 brn|[from] brn
|turn|112
|
|move|p1a: Pidgeot|Hurricane|p2a: Chesnaught
|-crit|p2a: Chesnaught
|-supereffective|p2a: Chesnaught
|-damage|p2a: Chesnaught|0 fnt
|faint|p2a: Chesnaught
|
|
|switch|p2a: Florges|Florges, F|337\/360
|-damage|p2a: Florges|292\/360|[from] Stealth Rock
|turn|113
|
|move|p1a: Pidgeot|U-turn|p2a: Florges
|-resisted|p2a: Florges
|-damage|p2a: Florges|274\/360
|c|âBeastly|i really wish zygarde was uu
|
|switch|p1a: Entei|Entei, shiny|325\/371
|-ability|p1a: Entei|Pressure
|move|p2a: Florges|Moonblast|p1a: Entei
|-resisted|p1a: Entei
|-damage|p1a: Entei|245\/371
|
|-heal|p2a: Florges|296\/360|[from] item: Leftovers
|turn|114
|J|Animus Majulous
|
|move|p2a: Florges|Protect|p2a: Florges
|-singleturn|p2a: Florges|Protect
|move|p1a: Entei|Sacred Fire|p2a: Florges
|-activate|p2a: Florges|Protect
|
|-heal|p2a: Florges|318\/360|[from] item: Leftovers
|turn|115
|
|move|p1a: Entei|Sacred Fire|p2a: Florges
|-damage|p2a: Florges|51\/360
|-status|p2a: Florges|brn
|move|p2a: Florges|Wish|p2a: Florges
|
|-heal|p2a: Florges|73\/360 brn|[from] item: Leftovers
|-damage|p2a: Florges|28\/360 brn|[from] brn
|turn|116
|c|âBeastly|STOP BURNING
|
|switch|p1a: Forretress|Forretress, M|42\/354
|move|p2a: Florges|Protect|p2a: Florges
|-fail|p2a: Florges
|
|-heal|p2a: Florges|208\/360 brn|[from] move: Wish|[wisher] Florges
|-heal|p2a: Florges|230\/360 brn|[from] item: Leftovers
|-heal|p1a: Forretress|64\/354|[from] item: Leftovers
|-damage|p2a: Florges|185\/360 brn|[from] brn
|turn|117
|
|switch|p1a: Florges|Florges, F|315\/360
|move|p2a: Florges|Moonblast|p1a: Florges
|-damage|p1a: Florges|249\/360
|-unboost|p1a: Florges|spa|1
|
|-heal|p1a: Florges|271\/360|[from] item: Leftovers
|-heal|p2a: Florges|207\/360 brn|[from] item: Leftovers
|-damage|p2a: Florges|162\/360 brn|[from] brn
|turn|118
|
|move|p1a: Florges|Wish|p1a: Florges
|move|p2a: Florges|Wish|p2a: Florges
|
|-heal|p1a: Florges|293\/360|[from] item: Leftovers
|-heal|p2a: Florges|184\/360 brn|[from] item: Leftovers
|-damage|p2a: Florges|139\/360 brn|[from] brn
|turn|119
|
|switch|p1a: Entei|Entei, shiny|245\/371
|-ability|p1a: Entei|Pressure
|move|p2a: Florges|Moonblast|p1a: Entei
|-resisted|p1a: Entei
|-damage|p1a: Entei|163\/371
|-unboost|p1a: Entei|spa|1
|
|-heal|p2a: Florges|319\/360 brn|[from] move: Wish|[wisher] Florges
|-heal|p1a: Entei|343\/371|[from] move: Wish|[wisher] Florges
|-heal|p2a: Florges|341\/360 brn|[from] item: Leftovers
|-damage|p2a: Florges|296\/360 brn|[from] brn
|turn|120
|c| Koren|gratz dim litwick : >
|
|move|p2a: Florges|Protect|p2a: Florges
|-singleturn|p2a: Florges|Protect
|move|p1a: Entei|Flare Blitz|p2a: Florges
|-activate|p2a: Florges|Protect
|
|-heal|p2a: Florges|318\/360 brn|[from] item: Leftovers
|-damage|p2a: Florges|273\/360 brn|[from] brn
|turn|121
|c|+Zinnia|lmao
|
|move|p1a: Entei|Flare Blitz|p2a: Florges
|-damage|p2a: Florges|0 fnt
|-damage|p1a: Entei|253\/371|[from] recoil|[of] p2a: Florges
|faint|p2a: Florges
|
|
|switch|p2a: Haxorus|Haxorus, F|293\/293
|-damage|p2a: Haxorus|257\/293|[from] Stealth Rock
|-ability|p2a: Haxorus|Mold Breaker
|turn|122
|c|+Zinnia|Missed my +
|c| RoarCune|There's your Global Voice
|c| RoarCune|kek
|
|move|p1a: Entei|Flare Blitz|p2a: Haxorus
|-resisted|p2a: Haxorus
|-damage|p2a: Haxorus|75\/293
|-damage|p1a: Entei|193\/371|[from] recoil|[of] p2a: Haxorus
|move|p2a: Haxorus|Dragon Dance|p2a: Haxorus
|-boost|p2a: Haxorus|atk|1
|-boost|p2a: Haxorus|spe|1
|
|turn|123
|c|+DM35|hue
|
|switch|p1a: Forretress|Forretress, M|64\/354
|move|p2a: Haxorus|Earthquake|p1a: Forretress
|-damage|p1a: Forretress|0 fnt
|faint|p1a: Forretress
|
|c|âBeastly|gg
|
|switch|p1a: Entei|Entei, shiny|193\/371
|-ability|p1a: Entei|Pressure
|turn|124
|c|âSae|gg
|
|move|p1a: Entei|Extreme Speed|p2a: Haxorus
|-damage|p2a: Haxorus|0 fnt
|faint|p2a: Haxorus
|
|win|Sae
|L|Beastly
|
|move|p1a: Entei|Extreme Speed|p2a: Haxorus
|-damage|p2a: Haxorus|0 fnt
|faint|p2a: Haxorus
|
|win|Sae
|L|hairy toenail
|c|+DM35|lol
|c| RoarCune|That was weird.
|c| RoarCune|>Used Extremespeed twice
|L|Rohail
|L|Zinnia
|L|Lockheeed
|L|Tele is Soldier
|L|Gestahl
|J|Zinnia
|J|Jess tbh
|L|Jess tbh
|
|move|p1a: Entei|Extreme Speed|p2a: Haxorus
|-damage|p2a: Haxorus|0 fnt
|faint|p2a: Haxorus
|
|win|Sae
|
|move|p1a: Entei|Extreme Speed|p2a: Haxorus
|-damage|p2a: Haxorus|0 fnt
|faint|p2a: Haxorus
|
|win|Sae
|
|move|p1a: Entei|Extreme Speed|p2a: Haxorus
|-damage|p2a: Haxorus|0 fnt
|faint|p2a: Haxorus
|
|win|Sae
|
|move|p1a: Entei|Extreme Speed|p2a: Haxorus
|-damage|p2a: Haxorus|0 fnt
|faint|p2a: Haxorus
|
|win|Sae
|J|Tele boyfriend
|
|move|p1a: Entei|Extreme Speed|p2a: Haxorus
|-damage|p2a: Haxorus|0 fnt
|faint|p2a: Haxorus
|
|win|Sae
|
|move|p1a: Entei|Extreme Speed|p2a: Haxorus
|-damage|p2a: Haxorus|0 fnt
|faint|p2a: Haxorus
|
|win|Sae
|L|Tele boyfriend
|
|move|p1a: Entei|Extreme Speed|p2a: Haxorus
|-damage|p2a: Haxorus|0 fnt
|faint|p2a: Haxorus
|
|win|Sae
|
|move|p1a: Entei|Extreme Speed|p2a: Haxorus
|-damage|p2a: Haxorus|0 fnt
|faint|p2a: Haxorus
|
|win|Sae
|J|Objecting
|L|Theraiser
|c| Objecting|HI SAE I?M FELI
|L|Sae
|
|move|p1a: Entei|Extreme Speed|p2a: Haxorus
|-damage|p2a: Haxorus|0 fnt
|faint|p2a: Haxorus
|
|win|Sae
|L|RoarCune
|c| Objecting|Oh it's still going
|L|boom bye yeah
|c|+Zinnia|lol
|
|move|p1a: Entei|Extreme Speed|p2a: Haxorus
|-damage|p2a: Haxorus|0 fnt
|faint|p2a: Haxorus
|
|win|Sae
|
|move|p1a: Entei|Extreme Speed|p2a: Haxorus
|-damage|p2a: Haxorus|0 fnt
|faint|p2a: Haxorus
|
|win|Sae
|
|move|p1a: Entei|Extreme Speed|p2a: Haxorus
|-damage|p2a: Haxorus|0 fnt
|faint|p2a: Haxorus
|
|win|Sae
|
|move|p1a: Entei|Extreme Speed|p2a: Haxorus
|-damage|p2a: Haxorus|0 fnt
|faint|p2a: Haxorus
|
|win|Sae
|
|move|p1a: Entei|Extreme Speed|p2a: Haxorus
|-damage|p2a: Haxorus|0 fnt
|faint|p2a: Haxorus
|
|win|Sae
|
|move|p1a: Entei|Extreme Speed|p2a: Haxorus
|-damage|p2a: Haxorus|0 fnt
|faint|p2a: Haxorus
|
|win|Sae
|
|move|p1a: Entei|Extreme Speed|p2a: Haxorus
|-damage|p2a: Haxorus|0 fnt
|faint|p2a: Haxorus
|
|win|Sae
|
|move|p1a: Entei|Extreme Speed|p2a: Haxorus
|-damage|p2a: Haxorus|0 fnt
|faint|p2a: Haxorus
|
|win|Sae
|c|+Zinnia|There he goes again
|L|Zinnia
|
|move|p1a: Entei|Extreme Speed|p2a: Haxorus
|-damage|p2a: Haxorus|0 fnt
|faint|p2a: Haxorus
|
|win|Sae
|
|move|p1a: Entei|Extreme Speed|p2a: Haxorus
|-damage|p2a: Haxorus|0 fnt
|faint|p2a: Haxorus
|
|win|Sae
|
|move|p1a: Entei|Extreme Speed|p2a: Haxorus
|-damage|p2a: Haxorus|0 fnt
|faint|p2a: Haxorus
|
|win|Sae
|
|move|p1a: Entei|Extreme Speed|p2a: Haxorus
|-damage|p2a: Haxorus|0 fnt
|faint|p2a: Haxorus
|
|win|Sae
|
|move|p1a: Entei|Extreme Speed|p2a: Haxorus
|-damage|p2a: Haxorus|0 fnt
|faint|p2a: Haxorus
|
|win|Sae
|
|move|p1a: Entei|Extreme Speed|p2a: Haxorus
|-damage|p2a: Haxorus|0 fnt
|faint|p2a: Haxorus
|
|win|Sae
|
|move|p1a: Entei|Extreme Speed|p2a: Haxorus
|-damage|p2a: Haxorus|0 fnt
|faint|p2a: Haxorus
|
|win|Sae
|
|move|p1a: Entei|Extreme Speed|p2a: Haxorus
|-damage|p2a: Haxorus|0 fnt
|faint|p2a: Haxorus
|
|win|Sae
|
|move|p1a: Entei|Extreme Speed|p2a: Haxorus
|-damage|p2a: Haxorus|0 fnt
|faint|p2a: Haxorus
|
|win|Sae
|
|move|p1a: Entei|Extreme Speed|p2a: Haxorus
|-damage|p2a: Haxorus|0 fnt
|faint|p2a: Haxorus
|
|win|Sae
|
|move|p1a: Entei|Extreme Speed|p2a: Haxorus
|-damage|p2a: Haxorus|0 fnt
|faint|p2a: Haxorus
|
|win|Sae
|c| Objecting|rip
|
|move|p1a: Entei|Extreme Speed|p2a: Haxorus
|-damage|p2a: Haxorus|0 fnt
|faint|p2a: Haxorus
|
|win|Sae
|
|move|p1a: Entei|Extreme Speed|p2a: Haxorus
|-damage|p2a: Haxorus|0 fnt
|faint|p2a: Haxorus
|
|win|Sae
|
|move|p1a: Entei|Extreme Speed|p2a: Haxorus
|-damage|p2a: Haxorus|0 fnt
|faint|p2a: Haxorus
|
|win|Sae
|c| Objecting|rofl
|
|move|p1a: Entei|Extreme Speed|p2a: Haxorus
|-damage|p2a: Haxorus|0 fnt
|faint|p2a: Haxorus
|
|win|Sae
|
|move|p1a: Entei|Extreme Speed|p2a: Haxorus
|-damage|p2a: Haxorus|0 fnt
|faint|p2a: Haxorus
|
|win|Sae
|
|move|p1a: Entei|Extreme Speed|p2a: Haxorus
|-damage|p2a: Haxorus|0 fnt
|faint|p2a: Haxorus
|
|win|Sae
|
|move|p1a: Entei|Extreme Speed|p2a: Haxorus
|-damage|p2a: Haxorus|0 fnt
|faint|p2a: Haxorus
|
|win|Sae
|
|move|p1a: Entei|Extreme Speed|p2a: Haxorus
|-damage|p2a: Haxorus|0 fnt
|faint|p2a: Haxorus
|
|win|Sae
|
|move|p1a: Entei|Extreme Speed|p2a: Haxorus
|-damage|p2a: Haxorus|0 fnt
|faint|p2a: Haxorus
|
|win|Sae
|
|move|p1a: Entei|Extreme Speed|p2a: Haxorus
|-damage|p2a: Haxorus|0 fnt
|faint|p2a: Haxorus
|
|win|Sae
|
|move|p1a: Entei|Extreme Speed|p2a: Haxorus
|-damage|p2a: Haxorus|0 fnt
|faint|p2a: Haxorus
|
|win|Sae
|
|move|p1a: Entei|Extreme Speed|p2a: Haxorus
|-damage|p2a: Haxorus|0 fnt
|faint|p2a: Haxorus
|
|win|Sae
|J|Zinnia
|
|move|p1a: Entei|Extreme Speed|p2a: Haxorus
|-damage|p2a: Haxorus|0 fnt
|faint|p2a: Haxorus
|
|win|Sae
|
|move|p1a: Entei|Extreme Speed|p2a: Haxorus
|-damage|p2a: Haxorus|0 fnt
|faint|p2a: Haxorus
|
|win|Sae
|J|Sae
|
|move|p1a: Entei|Extreme Speed|p2a: Haxorus
|-damage|p2a: Haxorus|0 fnt
|faint|p2a: Haxorus
|
|win|Sae
|
|move|p1a: Entei|Extreme Speed|p2a: Haxorus
|-damage|p2a: Haxorus|0 fnt
|faint|p2a: Haxorus
|
|win|Sae
|
|move|p1a: Entei|Extreme Speed|p2a: Haxorus
|-damage|p2a: Haxorus|0 fnt
|faint|p2a: Haxorus
|
|win|Sae
|player|p2
|player|p1
|J|Murderator
|L|Objecting
|J|Spectre Knight