|join|Sae
|join|711clerk
|player|p1|Sae|99
|player|p2|711clerk|169
|gametype|singles
|gen|6
|tier|UU
|rated
|rule|Sleep Clause Mod: Limit one foe put to sleep
|rule|Species Clause: Limit one of each PokÃ©mon
|rule|OHKO Clause: OHKO moves are banned
|rule|Moody Clause: Moody is banned
|rule|Evasion Moves Clause: Evasion moves are banned
|rule|Endless Battle Clause: Forcing endless battles is banned
|rule|HP Percentage Mod: HP is shown in percentages
|clearpoke
|poke|p1|Suicune
|poke|p1|Chesnaught, F
|poke|p1|Entei, shiny
|poke|p1|Forretress, F
|poke|p1|Blissey, F
|poke|p1|Lucario, F
|poke|p2|Yanmega, F
|poke|p2|Blastoise, F
|poke|p2|Slurpuff, F
|poke|p2|Eelektross, M
|poke|p2|Scrafty, F
|poke|p2|Alakazam, M
|rule|Swagger Clause: Swagger is banned
|rule|Baton Pass Clause: Limit one PokÃ©mon knowing Baton Pass
|teampreview
|
|start
|switch|p1a: Forretress|Forretress, F|354\/354
|switch|p2a: Earthquake me|Eelektross, M|373\/373
|turn|1
|
|move|p2a: Earthquake me|Fire Punch|p1a: Forretress
|-supereffective|p1a: Forretress
|-damage|p1a: Forretress|158\/354
|move|p1a: Forretress|Toxic Spikes|p2a: Earthquake me
|-sidestart|p2: 711clerk|move: Toxic Spikes
|
|-heal|p1a: Forretress|180\/354|[from] item: Leftovers
|turn|2
|
|switch|p1a: Entei|Entei, shiny|371\/371
|-ability|p1a: Entei|Pressure
|move|p2a: Earthquake me|Knock Off|p1a: Entei
|-damage|p1a: Entei|246\/371
|-enditem|p1a: Entei|Choice Band|[from] move: Knock Off|[of] p2a: Earthquake me
|
|turn|3
|
|move|p1a: Entei|Sacred Fire|p2a: Earthquake me
|-damage|p2a: Earthquake me|151\/373
|move|p2a: Earthquake me|Drain Punch|p1a: Entei
|-damage|p1a: Entei|142\/371
|-heal|p2a: Earthquake me|203\/373|[from] drain|[of] p1a: Entei
|
|turn|4
|
|move|p1a: Entei|Sacred Fire|p2a: Earthquake me
|-damage|p2a: Earthquake me|2\/373
|-status|p2a: Earthquake me|brn
|move|p2a: Earthquake me|Outrage|p1a: Entei
|-damage|p1a: Entei|63\/371
|
|-damage|p2a: Earthquake me|0 fnt|[from] brn
|faint|p2a: Earthquake me
|
|switch|p2a: You boost|Yanmega, F|313\/313
|turn|5
|join|Mareep Sweep
|
|switch|p1a: Blissey|Blissey, F|714\/714
|move|p2a: You boost|Protect|p2a: You boost
|-fail|p2a: You boost
|
|-boost|p2a: You boost|spe|1|[from] ability: Speed Boost
|turn|6
|join|freeroamer
|
|switch|p2a: Scrafty|Scrafty, F|271\/271
|-status|p2a: Scrafty|psn
|move|p1a: Blissey|Stealth Rock|p2a: Scrafty
|-sidestart|p2: 711clerk|move: Stealth Rock
|
|-activate|p2a: Scrafty|ability: Shed Skin
|-curestatus|p2a: Scrafty|psn
|turn|7
|c| Mareep Sweep|ew
|c| Mareep Sweep|dm
|c| freeroamer|ew mareep
|
|switch|p1a: Chesnaught|Chesnaught, F|380\/380
|move|p2a: Scrafty|Dragon Dance|p2a: Scrafty
|-boost|p2a: Scrafty|atk|1
|-boost|p2a: Scrafty|spe|1
|
|turn|8
|c| freeroamer|do you even UU
|c| Mareep Sweep|tf is uu
|
|move|p2a: Scrafty|Zen Headbutt|p1a: Chesnaught
|-supereffective|p1a: Chesnaught
|-damage|p1a: Chesnaught|177\/380
|-damage|p2a: Scrafty|244\/271|[from] item: Life Orb
|move|p1a: Chesnaught|Leech Seed|p2a: Scrafty
|-start|p2a: Scrafty|move: Leech Seed
|
|-heal|p1a: Chesnaught|200\/380|[from] item: Leftovers
|-damage|p2a: Scrafty|211\/271|[from] Leech Seed|[of] p1a: Chesnaught
|-heal|p1a: Chesnaught|233\/380|[silent]
|turn|9
|
|move|p1a: Chesnaught|Spiky Shield|p1a: Chesnaught
|-singleturn|p1a: Chesnaught|move: Protect
|move|p2a: Scrafty|Dragon Dance|p2a: Scrafty
|-boost|p2a: Scrafty|atk|1
|-boost|p2a: Scrafty|spe|1
|
|-heal|p1a: Chesnaught|256\/380|[from] item: Leftovers
|-damage|p2a: Scrafty|178\/271|[from] Leech Seed|[of] p1a: Chesnaught
|-heal|p1a: Chesnaught|289\/380|[silent]
|turn|10
|join|Croven
|c| Croven|tiem to uu!
|
|switch|p1a: Forretress|Forretress, F|180\/354
|move|p2a: Scrafty|Drain Punch|p1a: Forretress
|-damage|p1a: Forretress|16\/354
|-heal|p2a: Scrafty|260\/271|[from] drain|[of] p1a: Forretress
|-damage|p2a: Scrafty|233\/271|[from] item: Life Orb
|
|-heal|p1a: Forretress|38\/354|[from] item: Leftovers
|-damage|p2a: Scrafty|200\/271|[from] Leech Seed|[of] p1a: Forretress
|-heal|p1a: Forretress|71\/354|[silent]
|turn|11
|
|move|p2a: Scrafty|Drain Punch|p1a: Forretress
|-damage|p1a: Forretress|0 fnt
|-heal|p2a: Scrafty|236\/271|[from] drain|[of] p1a: Forretress
|-damage|p2a: Scrafty|209\/271|[from] item: Life Orb
|faint|p1a: Forretress
|
|
|switch|p1a: Suicune|Suicune|404\/404
|-ability|p1a: Suicune|Pressure
|turn|12
|
|move|p2a: Scrafty|Knock Off|p1a: Suicune
|-damage|p1a: Suicune|165\/404
|-enditem|p1a: Suicune|Leftovers|[from] move: Knock Off|[of] p2a: Scrafty
|-damage|p2a: Scrafty|182\/271|[from] item: Life Orb
|move|p1a: Suicune|Roar|p2a: Scrafty
|drag|p2a: General Tanks|Blastoise, F|353\/353
|-damage|p2a: General Tanks|309\/353|[from] Stealth Rock
|-status|p2a: General Tanks|psn
|
|-damage|p2a: General Tanks|265\/353 psn|[from] psn
|turn|13
|
|switch|p1a: Chesnaught|Chesnaught, F|289\/380
|detailschange|p2a: General Tanks|Blastoise-Mega, F
|-mega|p2a: General Tanks|Blastoise|Blastoisinite
|move|p2a: General Tanks|Rapid Spin|p1a: Chesnaught
|-damage|p1a: Chesnaught|280\/380
|-sideend|p2: 711clerk|Toxic Spikes|[from] move: Rapid Spin|[of] p2a: General Tanks
|-sideend|p2: 711clerk|Stealth Rock|[from] move: Rapid Spin|[of] p2a: General Tanks
|
|-heal|p1a: Chesnaught|303\/380|[from] item: Leftovers
|-damage|p2a: General Tanks|221\/353 psn|[from] psn
|turn|14
|
|switch|p2a: Alakazam|Alakazam, M|251\/251
|move|p1a: Chesnaught|Wood Hammer|p2a: Alakazam
|-crit|p2a: Alakazam
|-enditem|p2a: Alakazam|Focus Sash
|-damage|p2a: Alakazam|1\/251
|-damage|p1a: Chesnaught|220\/380|[from] recoil|[of] p2a: Alakazam
|
|-heal|p1a: Chesnaught|243\/380|[from] item: Leftovers
|turn|15
|
|switch|p1a: Blissey|Blissey, F|714\/714
|move|p2a: Alakazam|Psyshock|p1a: Blissey
|-damage|p1a: Blissey|429\/714
|
|-heal|p1a: Blissey|473\/714|[from] item: Leftovers
|turn|16
|
|move|p2a: Alakazam|Psyshock|p1a: Blissey
|-damage|p1a: Blissey|218\/714
|move|p1a: Blissey|Wish|p1a: Blissey
|
|-heal|p1a: Blissey|262\/714|[from] item: Leftovers
|turn|17
|
|switch|p2a: Scrafty|Scrafty, F|182\/271
|move|p1a: Blissey|Protect|p1a: Blissey
|-fail|p1a: Blissey
|
|-heal|p1a: Blissey|619\/714|[from] move: Wish|[wisher] Blissey
|-heal|p1a: Blissey|663\/714|[from] item: Leftovers
|turn|18
|
|switch|p1a: Chesnaught|Chesnaught, F|243\/380
|move|p2a: Scrafty|Dragon Dance|p2a: Scrafty
|-boost|p2a: Scrafty|atk|1
|-boost|p2a: Scrafty|spe|1
|
|-heal|p1a: Chesnaught|266\/380|[from] item: Leftovers
|turn|19
|
|move|p2a: Scrafty|Drain Punch|p1a: Chesnaught
|-crit|p1a: Chesnaught
|-damage|p1a: Chesnaught|55\/380
|-heal|p2a: Scrafty|271\/271|[from] drain|[of] p1a: Chesnaught
|-damage|p2a: Scrafty|244\/271|[from] item: Life Orb
|move|p1a: Chesnaught|Leech Seed|p2a: Scrafty
|-start|p2a: Scrafty|move: Leech Seed
|
|-heal|p1a: Chesnaught|78\/380|[from] item: Leftovers
|-damage|p2a: Scrafty|211\/271|[from] Leech Seed|[of] p1a: Chesnaught
|-heal|p1a: Chesnaught|111\/380|[silent]
|turn|20
|
|move|p2a: Scrafty|Zen Headbutt|p1a: Chesnaught
|-supereffective|p1a: Chesnaught
|-damage|p1a: Chesnaught|0 fnt
|-damage|p2a: Scrafty|184\/271|[from] item: Life Orb
|faint|p1a: Chesnaught
|
|
|switch|p1a: Entei|Entei, shiny|63\/371
|-ability|p1a: Entei|Pressure
|turn|21
|
|move|p1a: Entei|Extreme Speed|p2a: Scrafty
|-damage|p2a: Scrafty|103\/271
|move|p2a: Scrafty|Drain Punch|p1a: Entei
|-damage|p1a: Entei|0 fnt
|-heal|p2a: Scrafty|135\/271|[from] drain|[of] p1a: Entei
|-damage|p2a: Scrafty|108\/271|[from] item: Life Orb
|faint|p1a: Entei
|
|
|switch|p1a: Suicune|Suicune|165\/404
|-ability|p1a: Suicune|Pressure
|turn|22
|
|move|p2a: Scrafty|Drain Punch|p1a: Suicune
|-damage|p1a: Suicune|17\/404
|-heal|p2a: Scrafty|182\/271|[from] drain|[of] p1a: Suicune
|-damage|p2a: Scrafty|155\/271|[from] item: Life Orb
|move|p1a: Suicune|Rest|p1a: Suicune
|-status|p1a: Suicune|slp
|-heal|p1a: Suicune|404\/404 slp|[silent]
|-status|p1a: Suicune|slp|[from] move: Rest
|
|-damage|p2a: Scrafty|122\/271|[from] Leech Seed|[of] p1a: Suicune
|turn|23
|
|move|p2a: Scrafty|Dragon Dance|p2a: Scrafty
|-boost|p2a: Scrafty|atk|1
|-boost|p2a: Scrafty|spe|1
|cant|p1a: Suicune|slp
|move|p1a: Suicune|Sleep Talk|p1a: Suicune
|move|p1a: Suicune|Scald|p2a: Scrafty|[from]Sleep Talk
|-damage|p2a: Scrafty|41\/271
|
|-damage|p2a: Scrafty|8\/271|[from] Leech Seed|[of] p1a: Suicune
|turn|24
|
|move|p2a: Scrafty|Drain Punch|p1a: Suicune
|-damage|p1a: Suicune|223\/404 slp
|-heal|p2a: Scrafty|99\/271|[from] drain|[of] p1a: Suicune
|-damage|p2a: Scrafty|72\/271|[from] item: Life Orb
|cant|p1a: Suicune|slp
|move|p1a: Suicune|Sleep Talk|p1a: Suicune
|move|p1a: Suicune|Roar|p2a: Scrafty|[from]Sleep Talk
|drag|p2a: You boost|Yanmega, F|313\/313
|
|turn|25
|
|switch|p1a: Blissey|Blissey, F|663\/714
|move|p2a: You boost|Giga Drain|p1a: Blissey
|-damage|p1a: Blissey|569\/714
|-damage|p2a: You boost|282\/313|[from] item: Life Orb
|
|-heal|p1a: Blissey|613\/714|[from] item: Leftovers
|-boost|p2a: You boost|spe|1|[from] ability: Speed Boost
|turn|26
|
|switch|p2a: Scrafty|Scrafty, F|72\/271
|move|p1a: Blissey|Stealth Rock|p2a: Scrafty
|-sidestart|p2: 711clerk|move: Stealth Rock
|
|-heal|p1a: Blissey|657\/714|[from] item: Leftovers
|turn|27
|
|move|p2a: Scrafty|Dragon Dance|p2a: Scrafty
|-boost|p2a: Scrafty|atk|1
|-boost|p2a: Scrafty|spe|1
|move|p1a: Blissey|Seismic Toss|p2a: Scrafty
|-damage|p2a: Scrafty|0 fnt
|faint|p2a: Scrafty
|
|-heal|p1a: Blissey|701\/714|[from] item: Leftovers
|
|switch|p2a: Surprise Bitch|Slurpuff, F|306\/306
|-damage|p2a: Surprise Bitch|268\/306|[from] Stealth Rock
|turn|28
|
|move|p2a: Surprise Bitch|Substitute|p2a: Surprise Bitch
|-start|p2a: Surprise Bitch|Substitute
|-damage|p2a: Surprise Bitch|192\/306
|move|p1a: Blissey|Seismic Toss|p2a: Surprise Bitch
|-end|p2a: Surprise Bitch|Substitute
|
|-heal|p1a: Blissey|714\/714|[from] item: Leftovers
|turn|29
|
|move|p2a: Surprise Bitch|Belly Drum|p2a: Surprise Bitch
|-damage|p2a: Surprise Bitch|39\/306
|-setboost|p2a: Surprise Bitch|atk|6|[from] move: Belly Drum
|-enditem|p2a: Surprise Bitch|Sitrus Berry|[eat]
|-heal|p2a: Surprise Bitch|115\/306|[from] item: Sitrus Berry
|move|p1a: Blissey|Seismic Toss|p2a: Surprise Bitch
|-damage|p2a: Surprise Bitch|15\/306
|
|turn|30
|
|switch|p1a: Suicune|Suicune|223\/404 slp
|-ability|p1a: Suicune|Pressure
|move|p2a: Surprise Bitch|Drain Punch|p1a: Suicune
|-damage|p1a: Suicune|53\/404 slp
|-heal|p2a: Surprise Bitch|100\/306|[from] drain|[of] p1a: Suicune
|
|turn|31
|
|move|p2a: Surprise Bitch|Drain Punch|p1a: Suicune
|-damage|p1a: Suicune|0 fnt
|-heal|p2a: Surprise Bitch|127\/306|[from] drain|[of] p1a: Suicune
|faint|p1a: Suicune
|
|
|switch|p1a: Lucario|Lucario, F|281\/281
|turn|32
|
|move|p1a: Lucario|Extreme Speed|p2a: Surprise Bitch
|-damage|p2a: Surprise Bitch|0 fnt
|-damage|p1a: Lucario|253\/281|[from] item: Life Orb
|faint|p2a: Surprise Bitch
|
|join|Animus Majulous
|leave|Animus Majulous
|
|switch|p2a: General Tanks|Blastoise-Mega, F|221\/353 psn
|-damage|p2a: General Tanks|177\/353 psn|[from] Stealth Rock
|turn|33
|
|move|p1a: Lucario|Close Combat|p2a: General Tanks
|-damage|p2a: General Tanks|0 fnt
|-unboost|p1a: Lucario|def|1
|-unboost|p1a: Lucario|spd|1
|-damage|p1a: Lucario|225\/281|[from] item: Life Orb
|faint|p2a: General Tanks
|
|join|Animus Majulous
|
|switch|p2a: You boost|Yanmega, F|282\/313
|-damage|p2a: You boost|126\/313|[from] Stealth Rock
|turn|34
|
|switch|p2a: Alakazam|Alakazam, M|1\/251
|move|p1a: Lucario|Extreme Speed|p2a: Alakazam
|-damage|p2a: Alakazam|0 fnt
|-damage|p1a: Lucario|197\/281|[from] item: Life Orb
|faint|p2a: Alakazam
|
|c|âSae|gg
|
|switch|p2a: You boost|Yanmega, F|126\/313
|-damage|p2a: You boost|0 fnt|[from] Stealth Rock
|faint|p2a: You boost
|
|win|Sae
|raw|Ladder updating...
|raw|Sae's rating: 1490 &rarr; <strong>1502<\/strong><br \/>(+12 for winning)
|raw|711clerk's rating: 1339 &rarr; <strong>1327<\/strong><br \/>(-12 for losing)