|join|Sae
|join|skysoki
|player|p1|Sae|99
|player|p2|skysoki|239
|gametype|singles
|gen|6
|tier|UU
|rule|Sleep Clause Mod: Limit one foe put to sleep
|rule|Species Clause: Limit one of each PokÃ©mon
|rule|OHKO Clause: OHKO moves are banned
|rule|Moody Clause: Moody is banned
|rule|Evasion Moves Clause: Evasion moves are banned
|rule|Endless Battle Clause: Forcing endless battles is banned
|rule|HP Percentage Mod: HP is shown in percentages
|clearpoke
|poke|p1|Suicune
|poke|p1|Chesnaught, F
|poke|p1|Entei, shiny
|poke|p1|Forretress, M
|poke|p1|Blissey, F
|poke|p1|Lucario, F
|poke|p2|Entei, shiny
|poke|p2|Suicune
|poke|p2|Absol, F
|poke|p2|Honchkrow, F
|poke|p2|Empoleon, F
|poke|p2|Haxorus, M
|rule|Swagger Clause: Swagger is banned
|rule|Baton Pass Clause: Limit one PokÃ©mon knowing Baton Pass
|teampreview
|join|Chirac
|join|Syntox
|join|Panure
|join|SuperSmoke
|join|Terrible Tyke
|join|jean abdul
|join|mgarcano
|join|Fairy Peak
|join|PNF
|c| Terrible Tyke|ooo
|join|Dream Eater Gengar
|join|weshbien
|raw|<div class="broadcast-red"><b>Moderated chat was set to +!<\/b><br \/>Only users of rank + and higher can talk.<\/div>
|
|start
|switch|p1a: Blissey|Blissey, F|652\/652
|switch|p2a: Entei|Entei, shiny|371\/371
|-ability|p2a: Entei|Pressure
|turn|1
|c|âskysoki|hf
|c|âSae|hf
|join|skelderex
|
|switch|p2a: Empoleon|Empoleon, F|372\/372
|move|p1a: Blissey|Protect|p1a: Blissey
|-fail|p1a: Blissey
|
|turn|2
|join|FreeRoamer
|leave|skelderex
|
|move|p2a: Empoleon|Stealth Rock|p1a: Blissey
|-sidestart|p1: Sae|move: Stealth Rock
|move|p1a: Blissey|Stealth Rock|p2a: Empoleon
|-sidestart|p2: skysoki|move: Stealth Rock
|
|turn|3
|
|switch|p2a: Suicune|Suicune|404\/404
|-damage|p2a: Suicune|354\/404|[from] Stealth Rock
|-ability|p2a: Suicune|Pressure
|move|p1a: Blissey|Seismic Toss|p2a: Suicune
|-damage|p2a: Suicune|254\/404
|
|-heal|p2a: Suicune|279\/404|[from] item: Leftovers
|turn|4
|join|Bondie
|leave|Dream Eater Gengar
|
|switch|p1a: Chesnaught|Chesnaught, F|380\/380
|-damage|p1a: Chesnaught|357\/380|[from] Stealth Rock
|move|p2a: Suicune|Scald|p1a: Chesnaught
|-resisted|p1a: Chesnaught
|-damage|p1a: Chesnaught|303\/380
|
|-heal|p2a: Suicune|304\/404|[from] item: Leftovers
|-heal|p1a: Chesnaught|326\/380|[from] item: Leftovers
|turn|5
|join|Dream Eater Gengar
|
|switch|p2a: Honchkrow|Honchkrow, F|341\/341
|-damage|p2a: Honchkrow|256\/341|[from] Stealth Rock
|move|p1a: Chesnaught|Leech Seed|p2a: Honchkrow|[miss]
|-miss|p1a: Chesnaught|p2a: Honchkrow
|
|-heal|p1a: Chesnaught|349\/380|[from] item: Leftovers
|turn|6
|
|move|p1a: Chesnaught|Spiky Shield|p1a: Chesnaught
|-singleturn|p1a: Chesnaught|move: Protect
|move|p2a: Honchkrow|Sucker Punch|p1a: Chesnaught
|-fail|p2a: Honchkrow
|
|-heal|p1a: Chesnaught|372\/380|[from] item: Leftovers
|turn|7
|join|Tom0410
|
|switch|p1a: Forretress|Forretress, M|354\/354
|-damage|p1a: Forretress|310\/354|[from] Stealth Rock
|move|p2a: Honchkrow|Brave Bird|p1a: Forretress
|-crit|p1a: Forretress
|-damage|p1a: Forretress|64\/354
|-damage|p2a: Honchkrow|175\/341|[from] recoil|[of] p1a: Forretress
|-damage|p2a: Honchkrow|141\/341|[from] item: Life Orb
|
|-heal|p1a: Forretress|86\/354|[from] item: Leftovers
|turn|8
|
|move|p2a: Honchkrow|Pursuit|p1a: Forretress
|-damage|p1a: Forretress|34\/354
|-damage|p2a: Honchkrow|107\/341|[from] item: Life Orb
|move|p1a: Forretress|Gyro Ball|p2a: Honchkrow
|-damage|p2a: Honchkrow|0 fnt
|faint|p2a: Honchkrow
|
|-heal|p1a: Forretress|56\/354|[from] item: Leftovers
|join|Bowlii
|
|switch|p2a: Absol|Absol, F|271\/271
|-damage|p2a: Absol|238\/271|[from] Stealth Rock
|-ability|p2a: Absol|Pressure
|turn|9
|
|detailschange|p2a: Absol|Absol-Mega, F
|-mega|p2a: Absol|Absol|Absolite
|move|p2a: Absol|Knock Off|p1a: Forretress
|-damage|p1a: Forretress|0 fnt
|-enditem|p1a: Forretress|Leftovers|[from] move: Knock Off|[of] p2a: Absol
|faint|p1a: Forretress
|
|join|Screamouts
|
|switch|p1a: Entei|Entei, shiny|371\/371
|-damage|p1a: Entei|279\/371|[from] Stealth Rock
|-ability|p1a: Entei|Pressure
|turn|10
|
|switch|p2a: Suicune|Suicune|304\/404
|-damage|p2a: Suicune|254\/404|[from] Stealth Rock
|-ability|p2a: Suicune|Pressure
|move|p1a: Entei|Extreme Speed|p2a: Suicune
|-damage|p2a: Suicune|168\/404
|
|-heal|p2a: Suicune|193\/404|[from] item: Leftovers
|turn|11
|
|switch|p1a: Chesnaught|Chesnaught, F|372\/380
|-damage|p1a: Chesnaught|349\/380|[from] Stealth Rock
|switch|p2a: Haxorus|Haxorus, M|293\/293
|-damage|p2a: Haxorus|257\/293|[from] Stealth Rock
|-ability|p2a: Haxorus|Mold Breaker
|
|-heal|p1a: Chesnaught|372\/380|[from] item: Leftovers
|turn|12
|leave|Screamouts
|join|DragoniT
|leave|DragoniT
|
|switch|p2a: Entei|Entei, shiny|371\/371
|-damage|p2a: Entei|279\/371|[from] Stealth Rock
|-ability|p2a: Entei|Pressure
|move|p1a: Chesnaught|Leech Seed|p2a: Entei|[miss]
|-miss|p1a: Chesnaught|p2a: Entei
|
|-heal|p1a: Chesnaught|380\/380|[from] item: Leftovers
|turn|13
|leave|Panure
|
|move|p1a: Chesnaught|Spiky Shield|p1a: Chesnaught
|-singleturn|p1a: Chesnaught|move: Protect
|move|p2a: Entei|Sacred Fire|p1a: Chesnaught
|-activate|p1a: Chesnaught|Protect
|
|turn|14
|
|switch|p1a: Suicune|Suicune|404\/404
|-damage|p1a: Suicune|354\/404|[from] Stealth Rock
|-ability|p1a: Suicune|Pressure
|move|p2a: Entei|Sacred Fire|p1a: Suicune
|-crit|p1a: Suicune
|-resisted|p1a: Suicune
|-damage|p1a: Suicune|216\/404
|-status|p1a: Suicune|brn
|
|-heal|p1a: Suicune|241\/404 brn|[from] item: Leftovers
|-damage|p1a: Suicune|191\/404 brn|[from] brn
|turn|15
|
|switch|p2a: Empoleon|Empoleon, F|372\/372
|-damage|p2a: Empoleon|349\/372|[from] Stealth Rock
|move|p1a: Suicune|Scald|p2a: Empoleon
|-resisted|p2a: Empoleon
|-damage|p2a: Empoleon|319\/372
|-status|p2a: Empoleon|brn
|
|-heal|p1a: Suicune|216\/404 brn|[from] item: Leftovers
|-heal|p2a: Empoleon|342\/372 brn|[from] item: Leftovers
|-damage|p1a: Suicune|166\/404 brn|[from] brn
|-damage|p2a: Empoleon|296\/372 brn|[from] brn
|turn|16
|
|switch|p1a: Lucario|Lucario, F|281\/281
|-damage|p1a: Lucario|273\/281|[from] Stealth Rock
|move|p2a: Empoleon|Roar|p1a: Lucario
|drag|p1a: Entei|Entei, shiny|279\/371
|-damage|p1a: Entei|187\/371|[from] Stealth Rock
|-ability|p1a: Entei|Pressure
|
|-heal|p2a: Empoleon|319\/372 brn|[from] item: Leftovers
|-damage|p2a: Empoleon|273\/372 brn|[from] brn
|turn|17
|
|move|p1a: Entei|Sacred Fire|p2a: Empoleon
|-damage|p2a: Empoleon|0 fnt
|faint|p2a: Empoleon
|
|
|switch|p2a: Suicune|Suicune|193\/404
|-damage|p2a: Suicune|143\/404|[from] Stealth Rock
|-ability|p2a: Suicune|Pressure
|turn|18
|join|ENKA
|
|switch|p1a: Blissey|Blissey, F|652\/652
|-damage|p1a: Blissey|571\/652|[from] Stealth Rock
|move|p2a: Suicune|Rest|p2a: Suicune
|-status|p2a: Suicune|slp
|-heal|p2a: Suicune|404\/404 slp|[silent]
|-status|p2a: Suicune|slp|[from] move: Rest
|
|-heal|p1a: Blissey|611\/652|[from] item: Leftovers
|turn|19
|join|Shubaki
|
|switch|p2a: Entei|Entei, shiny|279\/371
|-damage|p2a: Entei|187\/371|[from] Stealth Rock
|-ability|p2a: Entei|Pressure
|move|p1a: Blissey|Wish|p1a: Blissey
|
|-heal|p1a: Blissey|651\/652|[from] item: Leftovers
|turn|20
|leave|Syntox
|leave|mgarcano
|
|switch|p1a: Suicune|Suicune|166\/404 brn
|-damage|p1a: Suicune|116\/404 brn|[from] Stealth Rock
|-ability|p1a: Suicune|Pressure
|move|p2a: Entei|Stone Edge|p1a: Suicune
|-damage|p1a: Suicune|2\/404 brn
|
|-heal|p1a: Suicune|328\/404 brn|[from] move: Wish|[wisher] Blissey
|-heal|p1a: Suicune|353\/404 brn|[from] item: Leftovers
|-damage|p1a: Suicune|303\/404 brn|[from] brn
|turn|21
|
|switch|p2a: Suicune|Suicune|404\/404 slp
|-damage|p2a: Suicune|354\/404 slp|[from] Stealth Rock
|-ability|p2a: Suicune|Pressure
|switch|p1a: Chesnaught|Chesnaught, F|380\/380
|-damage|p1a: Chesnaught|357\/380|[from] Stealth Rock
|
|-heal|p2a: Suicune|379\/404 slp|[from] item: Leftovers
|-heal|p1a: Chesnaught|380\/380|[from] item: Leftovers
|turn|22
|leave|Chirac
|
|switch|p2a: Absol|Absol-Mega, F|238\/271
|-damage|p2a: Absol|205\/271|[from] Stealth Rock
|move|p1a: Chesnaught|Leech Seed|p2a: Absol
|move|p2a: Absol|Leech Seed|p1a: Chesnaught|[from]Magic Bounce
|-immune|p1a: Chesnaught|[msg]
|
|turn|23
|
|move|p2a: Absol|Swords Dance|p2a: Absol
|-boost|p2a: Absol|atk|2
|move|p1a: Chesnaught|Wood Hammer|p2a: Absol
|-damage|p2a: Absol|0 fnt
|-damage|p1a: Chesnaught|312\/380|[from] recoil|[of] p2a: Absol
|faint|p2a: Absol
|
|-heal|p1a: Chesnaught|335\/380|[from] item: Leftovers
|
|switch|p2a: Haxorus|Haxorus, M|257\/293
|-damage|p2a: Haxorus|221\/293|[from] Stealth Rock
|-ability|p2a: Haxorus|Mold Breaker
|turn|24
|
|move|p2a: Haxorus|Dragon Dance|p2a: Haxorus
|-boost|p2a: Haxorus|atk|1
|-boost|p2a: Haxorus|spe|1
|move|p1a: Chesnaught|Leech Seed|p2a: Haxorus
|-start|p2a: Haxorus|move: Leech Seed
|
|-heal|p1a: Chesnaught|358\/380|[from] item: Leftovers
|-damage|p2a: Haxorus|185\/293|[from] Leech Seed|[of] p1a: Chesnaught
|-heal|p1a: Chesnaught|380\/380|[silent]
|turn|25
|
|move|p2a: Haxorus|Dragon Dance|p2a: Haxorus
|-boost|p2a: Haxorus|atk|1
|-boost|p2a: Haxorus|spe|1
|move|p1a: Chesnaught|Spikes|p2a: Haxorus
|-sidestart|p2: skysoki|Spikes
|
|-damage|p2a: Haxorus|149\/293|[from] Leech Seed|[of] p1a: Chesnaught
|turn|26
|
|move|p1a: Chesnaught|Spiky Shield|p1a: Chesnaught
|-singleturn|p1a: Chesnaught|move: Protect
|move|p2a: Haxorus|Poison Jab|p1a: Chesnaught
|-activate|p1a: Chesnaught|Protect
|-damage|p2a: Haxorus|113\/293|[from] Spiky Shield|[of] p1a: Chesnaught
|
|-damage|p2a: Haxorus|77\/293|[from] Leech Seed|[of] p1a: Chesnaught
|turn|27
|join|villaroland
|
|move|p2a: Haxorus|Outrage|p1a: Chesnaught
|-damage|p1a: Chesnaught|49\/380
|move|p1a: Chesnaught|Spikes|p2a: Haxorus
|-sidestart|p2: skysoki|Spikes
|
|-heal|p1a: Chesnaught|72\/380|[from] item: Leftovers
|-damage|p2a: Haxorus|41\/293|[from] Leech Seed|[of] p1a: Chesnaught
|-heal|p1a: Chesnaught|108\/380|[silent]
|turn|28
|
|move|p1a: Chesnaught|Spiky Shield|p1a: Chesnaught
|-singleturn|p1a: Chesnaught|move: Protect
|move|p2a: Haxorus|Outrage|p1a: Chesnaught
|-activate|p1a: Chesnaught|Protect
|-damage|p2a: Haxorus|5\/293|[from] Spiky Shield|[of] p1a: Chesnaught
|
|-heal|p1a: Chesnaught|131\/380|[from] item: Leftovers
|-damage|p2a: Haxorus|0 fnt|[from] Leech Seed|[of] p1a: Chesnaught
|-heal|p1a: Chesnaught|136\/380|[silent]
|faint|p2a: Haxorus
|
|switch|p2a: Entei|Entei, shiny|187\/371
|-damage|p2a: Entei|126\/371|[from] Spikes
|-damage|p2a: Entei|34\/371|[from] Stealth Rock
|-ability|p2a: Entei|Pressure
|turn|29
|
|switch|p1a: Entei|Entei, shiny|187\/371
|-damage|p1a: Entei|95\/371|[from] Stealth Rock
|-ability|p1a: Entei|Pressure
|move|p2a: Entei|Sacred Fire|p1a: Entei
|-resisted|p1a: Entei
|-damage|p1a: Entei|0 fnt
|faint|p1a: Entei
|
|
|switch|p1a: Lucario|Lucario, F|273\/281
|-damage|p1a: Lucario|265\/281|[from] Stealth Rock
|turn|30
|
|move|p1a: Lucario|Extreme Speed|p2a: Entei
|-damage|p2a: Entei|0 fnt
|-damage|p1a: Lucario|237\/281|[from] item: Life Orb
|faint|p2a: Entei
|
|
|switch|p2a: Suicune|Suicune|379\/404 slp
|-damage|p2a: Suicune|329\/404 slp|[from] Stealth Rock
|-damage|p2a: Suicune|262\/404 slp|[from] Spikes
|-ability|p2a: Suicune|Pressure
|turn|31
|join|scpinion
|
|move|p1a: Lucario|Swords Dance|p1a: Lucario
|-boost|p1a: Lucario|atk|2
|cant|p2a: Suicune|slp
|move|p2a: Suicune|Sleep Talk|p2a: Suicune
|move|p2a: Suicune|Calm Mind|p2a: Suicune|[from]Sleep Talk
|-boost|p2a: Suicune|spa|1
|-boost|p2a: Suicune|spd|1
|
|-heal|p2a: Suicune|287\/404 slp|[from] item: Leftovers
|turn|32
|join|Mega P1kachu
|
|move|p1a: Lucario|Close Combat|p2a: Suicune
|-damage|p2a: Suicune|0 fnt
|-unboost|p1a: Lucario|def|1
|-unboost|p1a: Lucario|spd|1
|-damage|p1a: Lucario|209\/281|[from] item: Life Orb
|faint|p2a: Suicune
|
|win|Sae
|c|âskysoki|gg
|c|âSae|gg
|leave|Dream Eater Gengar
|leave|villaroland
|leave|jean abdul
|leave|Tom0410
|leave|skysoki
|leave|Sae
|player|p2
|player|p1
|leave|Mega P1kachu
|join|Sae