|join|Sae
|join|GeniusMike
|player|p1|Sae|99
|player|p2|GeniusMike|284
|gametype|singles
|gen|6
|tier|UU
|rated
|rule|Sleep Clause Mod: Limit one foe put to sleep
|rule|Species Clause: Limit one of each PokÃ©mon
|rule|OHKO Clause: OHKO moves are banned
|rule|Moody Clause: Moody is banned
|rule|Evasion Moves Clause: Evasion moves are banned
|rule|Endless Battle Clause: Forcing endless battles is banned
|rule|HP Percentage Mod: HP is shown in percentages
|clearpoke
|poke|p1|Hydreigon, M
|poke|p1|Pidgeot, M
|poke|p1|Forretress, F
|poke|p1|Entei, shiny
|poke|p1|Suicune
|poke|p1|Florges, F
|poke|p2|Donphan, M
|poke|p2|Beedrill, M
|poke|p2|Honchkrow, M
|poke|p2|Entei, shiny
|poke|p2|Suicune
|poke|p2|Chandelure, F
|rule|Swagger Clause: Swagger is banned
|rule|Baton Pass Clause: Limit one PokÃ©mon knowing Baton Pass
|teampreview
|
|start
|switch|p1a: Pidgeot|Pidgeot, M|307\/307
|switch|p2a: Beedrill|Beedrill, M|272\/272
|turn|1
|
|detailschange|p1a: Pidgeot|Pidgeot-Mega, M
|-mega|p1a: Pidgeot|Pidgeot|Pidgeotite
|detailschange|p2a: Beedrill|Beedrill-Mega, M
|-mega|p2a: Beedrill|Beedrill|Beedrillite
|move|p2a: Beedrill|Protect|p2a: Beedrill
|-singleturn|p2a: Beedrill|Protect
|move|p1a: Pidgeot|U-turn|p2a: Beedrill
|-activate|p2a: Beedrill|Protect
|
|turn|2
|
|switch|p1a: Forretress|Forretress, F|354\/354
|move|p2a: Beedrill|Poison Jab|p1a: Forretress
|-immune|p1a: Forretress|[msg]
|
|turn|3
|
|move|p2a: Beedrill|Knock Off|p1a: Forretress
|-damage|p1a: Forretress|281\/354
|-enditem|p1a: Forretress|Leftovers|[from] move: Knock Off|[of] p2a: Beedrill
|move|p1a: Forretress|Volt Switch|p2a: Beedrill
|-damage|p2a: Beedrill|228\/272
|
|switch|p1a: Hydreigon|Hydreigon, M|325\/325
|
|turn|4
|
|move|p1a: Hydreigon|Draco Meteor|p2a: Beedrill
|-damage|p2a: Beedrill|0 fnt
|-unboost|p1a: Hydreigon|spa|2
|faint|p2a: Beedrill
|
|
|switch|p2a: Honchkrow|Honchkrow, M|403\/403
|turn|5
|
|switch|p1a: Suicune|Suicune|404\/404
|-ability|p1a: Suicune|Pressure
|move|p2a: Honchkrow|Brave Bird|p1a: Suicune
|-damage|p1a: Suicune|161\/404
|-damage|p2a: Honchkrow|323\/403|[from] recoil|[of] p1a: Suicune
|
|-heal|p1a: Suicune|186\/404|[from] item: Leftovers
|turn|6
|
|switch|p1a: Florges|Florges, F|360\/360
|move|p2a: Honchkrow|Brave Bird|p1a: Florges
|-damage|p1a: Florges|0 fnt
|-damage|p2a: Honchkrow|204\/403|[from] recoil|[of] p1a: Florges
|faint|p1a: Florges
|-boost|p2a: Honchkrow|atk|1|[from] ability: Moxie
|
|
|switch|p1a: Pidgeot|Pidgeot-Mega, M|307\/307
|turn|7
|
|move|p1a: Pidgeot|Hurricane|p2a: Honchkrow
|-crit|p2a: Honchkrow
|-damage|p2a: Honchkrow|0 fnt
|faint|p2a: Honchkrow
|
|
|switch|p2a: Entei|Entei, shiny|372\/372
|-ability|p2a: Entei|Pressure
|turn|8
|
|switch|p1a: Hydreigon|Hydreigon, M|325\/325
|move|p2a: Entei|Stone Edge|p1a: Hydreigon
|-damage|p1a: Hydreigon|120\/325
|
|turn|9
|
|switch|p2a: Suicune|Suicune|404\/404
|-ability|p2a: Suicune|Pressure
|move|p1a: Hydreigon|U-turn|p2a: Suicune
|-damage|p2a: Suicune|366\/404
|
|switch|p1a: Pidgeot|Pidgeot-Mega, M|307\/307
|
|-heal|p2a: Suicune|391\/404|[from] item: Leftovers
|turn|10
|
|move|p1a: Pidgeot|Hurricane|p2a: Suicune
|-damage|p2a: Suicune|222\/404
|move|p2a: Suicune|Calm Mind|p2a: Suicune
|-boost|p2a: Suicune|spa|1
|-boost|p2a: Suicune|spd|1
|
|-heal|p2a: Suicune|247\/404|[from] item: Leftovers
|turn|11
|
|move|p1a: Pidgeot|U-turn|p2a: Suicune
|-damage|p2a: Suicune|221\/404
|
|switch|p1a: Suicune|Suicune|186\/404
|-ability|p1a: Suicune|Pressure
|move|p2a: Suicune|Rest|p2a: Suicune
|-status|p2a: Suicune|slp
|-heal|p2a: Suicune|404\/404 slp|[silent]
|-status|p2a: Suicune|slp|[from] move: Rest
|
|-heal|p1a: Suicune|211\/404|[from] item: Leftovers
|turn|12
|
|cant|p2a: Suicune|slp
|move|p2a: Suicune|Sleep Talk|p2a: Suicune
|move|p2a: Suicune|Calm Mind|p2a: Suicune|[from]Sleep Talk
|-boost|p2a: Suicune|spa|1
|-boost|p2a: Suicune|spd|1
|move|p1a: Suicune|Calm Mind|p1a: Suicune
|-boost|p1a: Suicune|spa|1
|-boost|p1a: Suicune|spd|1
|
|-heal|p1a: Suicune|236\/404|[from] item: Leftovers
|turn|13
|
|move|p1a: Suicune|Calm Mind|p1a: Suicune
|-boost|p1a: Suicune|spa|1
|-boost|p1a: Suicune|spd|1
|cant|p2a: Suicune|slp
|move|p2a: Suicune|Sleep Talk|p2a: Suicune
|move|p2a: Suicune|Scald|p1a: Suicune|[from]Sleep Talk
|-resisted|p1a: Suicune
|-damage|p1a: Suicune|196\/404
|
|-heal|p1a: Suicune|221\/404|[from] item: Leftovers
|turn|14
|
|move|p1a: Suicune|Calm Mind|p1a: Suicune
|-boost|p1a: Suicune|spa|1
|-boost|p1a: Suicune|spd|1
|-curestatus|p2a: Suicune|slp
|move|p2a: Suicune|Calm Mind|p2a: Suicune
|-boost|p2a: Suicune|spa|1
|-boost|p2a: Suicune|spd|1
|
|-heal|p1a: Suicune|246\/404|[from] item: Leftovers
|turn|15
|
|move|p2a: Suicune|Calm Mind|p2a: Suicune
|-boost|p2a: Suicune|spa|1
|-boost|p2a: Suicune|spd|1
|move|p1a: Suicune|Calm Mind|p1a: Suicune
|-boost|p1a: Suicune|spa|1
|-boost|p1a: Suicune|spd|1
|
|-heal|p1a: Suicune|271\/404|[from] item: Leftovers
|turn|16
|
|move|p2a: Suicune|Calm Mind|p2a: Suicune
|-boost|p2a: Suicune|spa|1
|-boost|p2a: Suicune|spd|1
|move|p1a: Suicune|Calm Mind|p1a: Suicune
|-boost|p1a: Suicune|spa|1
|-boost|p1a: Suicune|spd|1
|
|-heal|p1a: Suicune|296\/404|[from] item: Leftovers
|turn|17
|
|move|p2a: Suicune|Calm Mind|p2a: Suicune
|-boost|p2a: Suicune|spa|1
|-boost|p2a: Suicune|spd|1
|move|p1a: Suicune|Calm Mind|p1a: Suicune
|-boost|p1a: Suicune|spa|1
|-boost|p1a: Suicune|spd|1
|
|-heal|p1a: Suicune|321\/404|[from] item: Leftovers
|turn|18
|
|move|p1a: Suicune|Rest|p1a: Suicune
|-status|p1a: Suicune|slp
|-heal|p1a: Suicune|404\/404 slp|[silent]
|-status|p1a: Suicune|slp|[from] move: Rest
|move|p2a: Suicune|Scald|p1a: Suicune
|-resisted|p1a: Suicune
|-damage|p1a: Suicune|365\/404 slp
|
|-heal|p1a: Suicune|390\/404 slp|[from] item: Leftovers
|turn|19
|
|cant|p1a: Suicune|slp
|move|p2a: Suicune|Scald|p1a: Suicune
|-resisted|p1a: Suicune
|-damage|p1a: Suicune|354\/404 slp
|
|-heal|p1a: Suicune|379\/404 slp|[from] item: Leftovers
|turn|20
|
|cant|p1a: Suicune|slp
|move|p2a: Suicune|Scald|p1a: Suicune
|-resisted|p1a: Suicune
|-damage|p1a: Suicune|344\/404 slp
|
|-heal|p1a: Suicune|369\/404 slp|[from] item: Leftovers
|turn|21
|join|FreeRoamer
|
|-curestatus|p1a: Suicune|slp
|move|p1a: Suicune|Calm Mind|p1a: Suicune
|-fail|p1a: Suicune
|move|p2a: Suicune|Scald|p1a: Suicune
|-resisted|p1a: Suicune
|-damage|p1a: Suicune|333\/404
|
|-heal|p1a: Suicune|358\/404|[from] item: Leftovers
|turn|22
|
|move|p1a: Suicune|Calm Mind|p1a: Suicune
|-fail|p1a: Suicune
|move|p2a: Suicune|Scald|p1a: Suicune
|-resisted|p1a: Suicune
|-damage|p1a: Suicune|322\/404
|-status|p1a: Suicune|brn
|
|-heal|p1a: Suicune|347\/404 brn|[from] item: Leftovers
|-damage|p1a: Suicune|297\/404 brn|[from] brn
|turn|23
|
|move|p1a: Suicune|Calm Mind|p1a: Suicune
|-fail|p1a: Suicune
|move|p2a: Suicune|Scald|p1a: Suicune
|-resisted|p1a: Suicune
|-damage|p1a: Suicune|258\/404 brn
|
|-heal|p1a: Suicune|283\/404 brn|[from] item: Leftovers
|-damage|p1a: Suicune|233\/404 brn|[from] brn
|turn|24
|
|move|p1a: Suicune|Rest|p1a: Suicune
|-status|p1a: Suicune|slp
|-heal|p1a: Suicune|404\/404 slp|[silent]
|-status|p1a: Suicune|slp|[from] move: Rest
|move|p2a: Suicune|Scald|p1a: Suicune
|-resisted|p1a: Suicune
|-damage|p1a: Suicune|362\/404 slp
|
|-heal|p1a: Suicune|387\/404 slp|[from] item: Leftovers
|turn|25
|
|cant|p1a: Suicune|slp
|move|p2a: Suicune|Scald|p1a: Suicune
|-resisted|p1a: Suicune
|-damage|p1a: Suicune|351\/404 slp
|
|-heal|p1a: Suicune|376\/404 slp|[from] item: Leftovers
|turn|26
|
|move|p2a: Suicune|Calm Mind|p2a: Suicune
|-fail|p2a: Suicune
|cant|p1a: Suicune|slp
|
|-heal|p1a: Suicune|401\/404 slp|[from] item: Leftovers
|turn|27
|
|-curestatus|p1a: Suicune|slp
|move|p1a: Suicune|Calm Mind|p1a: Suicune
|-fail|p1a: Suicune
|move|p2a: Suicune|Calm Mind|p2a: Suicune
|-fail|p2a: Suicune
|
|-heal|p1a: Suicune|404\/404|[from] item: Leftovers
|turn|28
|
|move|p1a: Suicune|Calm Mind|p1a: Suicune
|-fail|p1a: Suicune
|move|p2a: Suicune|Calm Mind|p2a: Suicune
|-fail|p2a: Suicune
|
|turn|29
|
|move|p2a: Suicune|Calm Mind|p2a: Suicune
|-fail|p2a: Suicune
|move|p1a: Suicune|Calm Mind|p1a: Suicune
|-fail|p1a: Suicune
|
|turn|30
|
|move|p2a: Suicune|Calm Mind|p2a: Suicune
|-fail|p2a: Suicune
|move|p1a: Suicune|Calm Mind|p1a: Suicune
|-fail|p1a: Suicune
|
|turn|31
|
|move|p1a: Suicune|Calm Mind|p1a: Suicune
|-fail|p1a: Suicune
|move|p2a: Suicune|Calm Mind|p2a: Suicune
|-fail|p2a: Suicune
|
|turn|32
|
|move|p1a: Suicune|Calm Mind|p1a: Suicune
|-fail|p1a: Suicune
|move|p2a: Suicune|Calm Mind|p2a: Suicune
|-fail|p2a: Suicune
|
|turn|33
|
|move|p2a: Suicune|Calm Mind|p2a: Suicune
|-fail|p2a: Suicune
|move|p1a: Suicune|Calm Mind|p1a: Suicune
|-fail|p1a: Suicune
|
|turn|34
|
|move|p1a: Suicune|Calm Mind|p1a: Suicune
|-fail|p1a: Suicune
|move|p2a: Suicune|Calm Mind|p2a: Suicune
|-fail|p2a: Suicune
|
|turn|35
|
|move|p1a: Suicune|Calm Mind|p1a: Suicune
|-fail|p1a: Suicune
|move|p2a: Suicune|Calm Mind|p2a: Suicune
|-fail|p2a: Suicune
|
|turn|36
|
|move|p1a: Suicune|Calm Mind|p1a: Suicune
|-fail|p1a: Suicune
|move|p2a: Suicune|Calm Mind|p2a: Suicune
|-fail|p2a: Suicune
|
|turn|37
|
|move|p2a: Suicune|Calm Mind|p2a: Suicune
|-fail|p2a: Suicune
|move|p1a: Suicune|Calm Mind|p1a: Suicune
|-fail|p1a: Suicune
|
|turn|38
|
|move|p2a: Suicune|Calm Mind|p2a: Suicune
|-fail|p2a: Suicune
|move|p1a: Suicune|Calm Mind|p1a: Suicune
|-fail|p1a: Suicune
|
|turn|39
|
|move|p1a: Suicune|Calm Mind|p1a: Suicune
|-fail|p1a: Suicune
|move|p2a: Suicune|Calm Mind|p2a: Suicune
|-fail|p2a: Suicune
|
|turn|40
|
|move|p2a: Suicune|Calm Mind|p2a: Suicune
|-fail|p2a: Suicune
|move|p1a: Suicune|Calm Mind|p1a: Suicune
|-fail|p1a: Suicune
|
|turn|41
|
|move|p2a: Suicune|Calm Mind|p2a: Suicune
|-fail|p2a: Suicune
|move|p1a: Suicune|Calm Mind|p1a: Suicune
|-fail|p1a: Suicune
|
|turn|42
|
|move|p1a: Suicune|Calm Mind|p1a: Suicune
|-fail|p1a: Suicune
|move|p2a: Suicune|Calm Mind|p2a: Suicune
|-fail|p2a: Suicune
|
|turn|43
|
|move|p2a: Suicune|Calm Mind|p2a: Suicune
|-fail|p2a: Suicune
|move|p1a: Suicune|Calm Mind|p1a: Suicune
|-fail|p1a: Suicune
|
|turn|44
|
|move|p2a: Suicune|Calm Mind|p2a: Suicune
|-fail|p2a: Suicune
|move|p1a: Suicune|Calm Mind|p1a: Suicune
|-fail|p1a: Suicune
|
|turn|45
|
|move|p2a: Suicune|Calm Mind|p2a: Suicune
|-fail|p2a: Suicune
|move|p1a: Suicune|Calm Mind|p1a: Suicune
|-fail|p1a: Suicune
|
|turn|46
|
|move|p1a: Suicune|Calm Mind|p1a: Suicune
|-fail|p1a: Suicune
|move|p2a: Suicune|Calm Mind|p2a: Suicune
|-fail|p2a: Suicune
|
|turn|47
|
|move|p1a: Suicune|Calm Mind|p1a: Suicune
|-fail|p1a: Suicune
|move|p2a: Suicune|Calm Mind|p2a: Suicune
|-fail|p2a: Suicune
|
|turn|48
|
|move|p1a: Suicune|Calm Mind|p1a: Suicune
|-fail|p1a: Suicune
|move|p2a: Suicune|Calm Mind|p2a: Suicune
|-fail|p2a: Suicune
|
|turn|49
|
|move|p1a: Suicune|Calm Mind|p1a: Suicune
|-fail|p1a: Suicune
|move|p2a: Suicune|Calm Mind|p2a: Suicune
|-fail|p2a: Suicune
|
|turn|50
|
|move|p2a: Suicune|Calm Mind|p2a: Suicune
|-fail|p2a: Suicune
|move|p1a: Suicune|Sleep Talk|p1a: Suicune
|-fail|p1a: Suicune
|
|turn|51
|
|move|p2a: Suicune|Calm Mind|p2a: Suicune
|-fail|p2a: Suicune
|move|p1a: Suicune|Sleep Talk|p1a: Suicune
|-fail|p1a: Suicune
|
|turn|52
|
|move|p2a: Suicune|Calm Mind|p2a: Suicune
|-fail|p2a: Suicune
|move|p1a: Suicune|Sleep Talk|p1a: Suicune
|-fail|p1a: Suicune
|
|turn|53
|
|move|p1a: Suicune|Sleep Talk|p1a: Suicune
|-fail|p1a: Suicune
|move|p2a: Suicune|Rest|p2a: Suicune
|-fail|p2a: Suicune
|
|turn|54
|
|move|p1a: Suicune|Sleep Talk|p1a: Suicune
|-fail|p1a: Suicune
|move|p2a: Suicune|Rest|p2a: Suicune
|-fail|p2a: Suicune
|
|turn|55
|
|move|p1a: Suicune|Sleep Talk|p1a: Suicune
|-fail|p1a: Suicune
|move|p2a: Suicune|Rest|p2a: Suicune
|-fail|p2a: Suicune
|
|turn|56
|
|move|p1a: Suicune|Sleep Talk|p1a: Suicune
|-fail|p1a: Suicune
|move|p2a: Suicune|Rest|p2a: Suicune
|-fail|p2a: Suicune
|
|turn|57
|
|move|p1a: Suicune|Sleep Talk|p1a: Suicune
|-fail|p1a: Suicune
|move|p2a: Suicune|Rest|p2a: Suicune
|-fail|p2a: Suicune
|
|turn|58
|
|move|p1a: Suicune|Sleep Talk|p1a: Suicune
|-fail|p1a: Suicune
|move|p2a: Suicune|Rest|p2a: Suicune
|-fail|p2a: Suicune
|
|turn|59
|
|move|p2a: Suicune|Rest|p2a: Suicune
|-fail|p2a: Suicune
|move|p1a: Suicune|Sleep Talk|p1a: Suicune
|-fail|p1a: Suicune
|
|turn|60
|
|move|p1a: Suicune|Sleep Talk|p1a: Suicune
|-fail|p1a: Suicune
|move|p2a: Suicune|Rest|p2a: Suicune
|-fail|p2a: Suicune
|
|turn|61
|
|move|p1a: Suicune|Sleep Talk|p1a: Suicune
|-fail|p1a: Suicune
|move|p2a: Suicune|Rest|p2a: Suicune
|-fail|p2a: Suicune
|
|turn|62
|
|move|p1a: Suicune|Sleep Talk|p1a: Suicune
|-fail|p1a: Suicune
|move|p2a: Suicune|Rest|p2a: Suicune
|-fail|p2a: Suicune
|
|turn|63
|
|move|p2a: Suicune|Rest|p2a: Suicune
|-fail|p2a: Suicune
|move|p1a: Suicune|Sleep Talk|p1a: Suicune
|-fail|p1a: Suicune
|
|turn|64
|
|move|p2a: Suicune|Sleep Talk|p2a: Suicune
|-fail|p2a: Suicune
|move|p1a: Suicune|Sleep Talk|p1a: Suicune
|-fail|p1a: Suicune
|
|turn|65
|
|move|p2a: Suicune|Sleep Talk|p2a: Suicune
|-fail|p2a: Suicune
|move|p1a: Suicune|Sleep Talk|p1a: Suicune
|-fail|p1a: Suicune
|
|turn|66
|
|move|p1a: Suicune|Rest|p1a: Suicune
|-fail|p1a: Suicune
|move|p2a: Suicune|Sleep Talk|p2a: Suicune
|-fail|p2a: Suicune
|
|turn|67
|
|move|p2a: Suicune|Sleep Talk|p2a: Suicune
|-fail|p2a: Suicune
|move|p1a: Suicune|Rest|p1a: Suicune
|-fail|p1a: Suicune
|
|turn|68
|
|move|p2a: Suicune|Sleep Talk|p2a: Suicune
|-fail|p2a: Suicune
|move|p1a: Suicune|Rest|p1a: Suicune
|-fail|p1a: Suicune
|
|turn|69
|join|Animus Majulous
|
|move|p2a: Suicune|Sleep Talk|p2a: Suicune
|-fail|p2a: Suicune
|move|p1a: Suicune|Rest|p1a: Suicune
|-fail|p1a: Suicune
|
|turn|70
|
|move|p2a: Suicune|Sleep Talk|p2a: Suicune
|-fail|p2a: Suicune
|move|p1a: Suicune|Rest|p1a: Suicune
|-fail|p1a: Suicune
|
|turn|71
|
|move|p2a: Suicune|Sleep Talk|p2a: Suicune
|-fail|p2a: Suicune
|move|p1a: Suicune|Rest|p1a: Suicune
|-fail|p1a: Suicune
|
|turn|72
|
|move|p2a: Suicune|Rest|p2a: Suicune
|-fail|p2a: Suicune
|move|p1a: Suicune|Rest|p1a: Suicune
|-fail|p1a: Suicune
|
|turn|73
|c|+Animus Majulous|nice timer stall there
|c|+Animus Majulous|good sign of sportsmanship
|
|move|p2a: Suicune|Rest|p2a: Suicune
|-fail|p2a: Suicune
|move|p1a: Suicune|Rest|p1a: Suicune
|-fail|p1a: Suicune
|
|turn|74
|c|+Animus Majulous|amirite?
|c|âGeniusMike|I was getting my food from downstairs, sorry
|c|+Animus Majulous|> I was getting my food
|
|move|p1a: Suicune|Rest|p1a: Suicune
|-fail|p1a: Suicune
|move|p2a: Suicune|Sleep Talk|p2a: Suicune
|-fail|p2a: Suicune
|
|turn|75
|c|+Animus Majulous|> comes back with 1 second left
|
|move|p1a: Suicune|Rest|p1a: Suicune
|-fail|p1a: Suicune
|move|p2a: Suicune|Sleep Talk|p2a: Suicune
|-fail|p2a: Suicune
|
|turn|76
|c|+Animus Majulous|pls
|c|âGeniusMike|20 and I can post a pic of the food if I must :P
|
|move|p2a: Suicune|Sleep Talk|p2a: Suicune
|-fail|p2a: Suicune
|move|p1a: Suicune|Rest|p1a: Suicune
|-fail|p1a: Suicune
|
|turn|77
|c|+Animus Majulous|lol ok
|
|move|p1a: Suicune|Rest|p1a: Suicune
|-fail|p1a: Suicune
|move|p2a: Suicune|Sleep Talk|p2a: Suicune
|-fail|p2a: Suicune
|
|turn|78
|c|+Animus Majulous|not like its against the rules
|
|move|p2a: Suicune|Rest|p2a: Suicune
|-fail|p2a: Suicune
|move|p1a: Suicune|Rest|p1a: Suicune
|-fail|p1a: Suicune
|
|turn|79
|join|DarthSeaL
|
|move|p2a: Suicune|Sleep Talk|p2a: Suicune
|-fail|p2a: Suicune
|move|p1a: Suicune|Scald|p2a: Suicune
|-resisted|p2a: Suicune
|-damage|p2a: Suicune|365\/404
|-status|p2a: Suicune|brn
|
|-heal|p2a: Suicune|390\/404 brn|[from] item: Leftovers
|-damage|p2a: Suicune|340\/404 brn|[from] brn
|turn|80
|
|move|p1a: Suicune|Scald|p2a: Suicune
|-resisted|p2a: Suicune
|-damage|p2a: Suicune|303\/404 brn
|move|p2a: Suicune|Rest|p2a: Suicune
|-status|p2a: Suicune|slp
|-heal|p2a: Suicune|404\/404 slp|[silent]
|-status|p2a: Suicune|slp|[from] move: Rest
|
|turn|81
|
|cant|p2a: Suicune|slp
|move|p2a: Suicune|Sleep Talk|p2a: Suicune
|move|p2a: Suicune|Rest|p2a: Suicune|[from]Sleep Talk
|-fail|p2a: Suicune
|move|p1a: Suicune|Scald|p2a: Suicune
|-crit|p2a: Suicune
|-resisted|p2a: Suicune
|-damage|p2a: Suicune|182\/404 slp
|
|-heal|p2a: Suicune|207\/404 slp|[from] item: Leftovers
|turn|82
|c|âSae|another crit plox
|
|cant|p2a: Suicune|slp
|move|p1a: Suicune|Scald|p2a: Suicune
|-resisted|p2a: Suicune
|-damage|p2a: Suicune|171\/404 slp
|
|-heal|p2a: Suicune|196\/404 slp|[from] item: Leftovers
|turn|83
|
|move|p1a: Suicune|Scald|p2a: Suicune
|-resisted|p2a: Suicune
|-damage|p2a: Suicune|160\/404 slp
|-curestatus|p2a: Suicune|slp
|move|p2a: Suicune|Scald|p1a: Suicune
|-resisted|p1a: Suicune
|-damage|p1a: Suicune|366\/404
|
|-heal|p2a: Suicune|185\/404|[from] item: Leftovers
|-heal|p1a: Suicune|391\/404|[from] item: Leftovers
|turn|84
|
|move|p2a: Suicune|Scald|p1a: Suicune
|-resisted|p1a: Suicune
|-damage|p1a: Suicune|354\/404
|move|p1a: Suicune|Scald|p2a: Suicune
|-resisted|p2a: Suicune
|-damage|p2a: Suicune|150\/404
|
|-heal|p1a: Suicune|379\/404|[from] item: Leftovers
|-heal|p2a: Suicune|175\/404|[from] item: Leftovers
|turn|85
|join|Tadasuke
|
|move|p1a: Suicune|Scald|p2a: Suicune
|-resisted|p2a: Suicune
|-damage|p2a: Suicune|140\/404
|-status|p2a: Suicune|brn
|move|p2a: Suicune|Scald|p1a: Suicune
|-resisted|p1a: Suicune
|-damage|p1a: Suicune|340\/404
|-status|p1a: Suicune|brn
|
|-heal|p2a: Suicune|165\/404 brn|[from] item: Leftovers
|-heal|p1a: Suicune|365\/404 brn|[from] item: Leftovers
|-damage|p2a: Suicune|115\/404 brn|[from] brn
|-damage|p1a: Suicune|315\/404 brn|[from] brn
|turn|86
|
|move|p2a: Suicune|Scald|p1a: Suicune
|-resisted|p1a: Suicune
|-damage|p1a: Suicune|275\/404 brn
|move|p1a: Suicune|Scald|p2a: Suicune
|-crit|p2a: Suicune
|-resisted|p2a: Suicune
|-damage|p2a: Suicune|0 fnt
|faint|p2a: Suicune
|
|-heal|p1a: Suicune|300\/404 brn|[from] item: Leftovers
|-damage|p1a: Suicune|250\/404 brn|[from] brn
|c|âSae|eh I still had another rest
|
|switch|p2a: Chandelure|Chandelure, F|262\/262
|turn|87
|
|move|p2a: Chandelure|Energy Ball|p1a: Suicune
|-supereffective|p1a: Suicune
|-damage|p1a: Suicune|196\/404 brn
|move|p1a: Suicune|Scald|p2a: Chandelure
|-supereffective|p2a: Chandelure
|-damage|p2a: Chandelure|0 fnt
|faint|p2a: Chandelure
|
|-heal|p1a: Suicune|221\/404 brn|[from] item: Leftovers
|-damage|p1a: Suicune|171\/404 brn|[from] brn
|
|switch|p2a: Donphan|Donphan, M|383\/383
|turn|88
|
|move|p1a: Suicune|Rest|p1a: Suicune
|-status|p1a: Suicune|slp
|-heal|p1a: Suicune|404\/404 slp|[silent]
|-status|p1a: Suicune|slp|[from] move: Rest
|move|p2a: Donphan|Earthquake|p1a: Suicune
|-damage|p1a: Suicune|292\/404 slp
|
|-heal|p1a: Suicune|317\/404 slp|[from] item: Leftovers
|turn|89
|
|cant|p1a: Suicune|slp
|move|p2a: Donphan|Earthquake|p1a: Suicune
|-crit|p1a: Suicune
|-damage|p1a: Suicune|119\/404 slp
|
|-heal|p1a: Suicune|144\/404 slp|[from] item: Leftovers
|turn|90
|
|cant|p1a: Suicune|slp
|move|p2a: Donphan|Earthquake|p1a: Suicune
|-damage|p1a: Suicune|18\/404 slp
|
|-heal|p1a: Suicune|43\/404 slp|[from] item: Leftovers
|turn|91
|
|move|p2a: Donphan|Ice Shard|p1a: Suicune
|-resisted|p1a: Suicune
|-damage|p1a: Suicune|27\/404 slp
|-curestatus|p1a: Suicune|slp
|move|p1a: Suicune|Scald|p2a: Donphan
|-supereffective|p2a: Donphan
|-activate|p2a: Donphan|Sturdy
|-damage|p2a: Donphan|1\/383
|
|-heal|p1a: Suicune|52\/404|[from] item: Leftovers
|turn|92
|
|move|p2a: Donphan|Ice Shard|p1a: Suicune
|-resisted|p1a: Suicune
|-damage|p1a: Suicune|36\/404
|move|p1a: Suicune|Scald|p2a: Donphan
|-supereffective|p2a: Donphan
|-damage|p2a: Donphan|0 fnt
|faint|p2a: Donphan
|
|-heal|p1a: Suicune|61\/404|[from] item: Leftovers
|
|switch|p2a: Entei|Entei, shiny|372\/372
|-ability|p2a: Entei|Pressure
|turn|93
|
|move|p2a: Entei|Stone Edge|p1a: Suicune
|-damage|p1a: Suicune|0 fnt
|faint|p1a: Suicune
|
|
|switch|p1a: Forretress|Forretress, F|281\/354
|turn|94
|
|move|p2a: Entei|Stone Edge|p1a: Forretress
|-damage|p1a: Forretress|174\/354
|move|p1a: Forretress|Gyro Ball|p2a: Entei
|-resisted|p2a: Entei
|-damage|p2a: Entei|309\/372
|
|turn|95
|
|move|p2a: Entei|Stone Edge|p1a: Forretress
|-damage|p1a: Forretress|63\/354
|move|p1a: Forretress|Gyro Ball|p2a: Entei
|-resisted|p2a: Entei
|-damage|p2a: Entei|248\/372
|
|turn|96
|
|move|p2a: Entei|Stone Edge|p1a: Forretress|[miss]
|-miss|p2a: Entei|p1a: Forretress
|move|p1a: Forretress|Gyro Ball|p2a: Entei
|-resisted|p2a: Entei
|-damage|p2a: Entei|186\/372
|
|turn|97
|
|move|p2a: Entei|Stone Edge|p1a: Forretress
|-damage|p1a: Forretress|0 fnt
|faint|p1a: Forretress
|
|
|switch|p1a: Hydreigon|Hydreigon, M|120\/325
|turn|98
|
|move|p1a: Hydreigon|Dark Pulse|p2a: Entei
|-damage|p2a: Entei|5\/372
|move|p2a: Entei|Stone Edge|p1a: Hydreigon
|-damage|p1a: Hydreigon|0 fnt
|faint|p1a: Hydreigon
|
|
|switch|p1a: Pidgeot|Pidgeot-Mega, M|307\/307
|turn|99
|c|âGeniusMike|gg
|c|âSae|gg
|
|move|p1a: Pidgeot|Hurricane|p2a: Entei
|-damage|p2a: Entei|0 fnt
|faint|p2a: Entei
|
|win|Sae
|raw|Ladder updating...
|raw|Sae's rating: 1437 &rarr; <strong>1450<\/strong><br \/>(+13 for winning)
|raw|GeniusMike's rating: 1313 &rarr; <strong>1300<\/strong><br \/>(-13 for losing)
|leave|GeniusMike
|player|p2