|join|Sae
|join|candres
|join|Dirpz
|player|p1|Sae|99
|player|p2|candres|291
|gametype|singles
|gen|6
|tier|UU
|rule|Sleep Clause Mod: Limit one foe put to sleep
|rule|Species Clause: Limit one of each PokÃ©mon
|rule|OHKO Clause: OHKO moves are banned
|rule|Moody Clause: Moody is banned
|rule|Evasion Moves Clause: Evasion moves are banned
|rule|Endless Battle Clause: Forcing endless battles is banned
|rule|HP Percentage Mod: HP is shown in percentages
|clearpoke
|poke|p1|Jirachi
|poke|p1|Crobat, M
|poke|p1|Swampert, F
|poke|p1|Entei, shiny
|poke|p1|Shaymin
|poke|p1|Hydreigon, F
|poke|p2|Aerodactyl, F
|poke|p2|Magneton
|poke|p2|Machamp, M
|poke|p2|Roserade, M
|poke|p2|Starmie
|poke|p2|Krookodile, M
|rule|Swagger Clause: Swagger is banned
|rule|Baton Pass Clause: Limit one PokÃ©mon knowing Baton Pass
|teampreview
|join|Blitzbird
|c|+Dirpz|Wait I just realised
|c|+Dirpz|Im not stopped by modchat +
|c| Anttya|This looks interesting
|c|+Dirpz|in these battles
|c| Anttya|You're making me miss my voice on Frost
|
|start
|switch|p1a: Swampert|Swampert, F|401\/401
|switch|p2a: Machamp|Machamp, M|321\/321
|turn|1
|
|move|p2a: Machamp|Close Combat|p1a: Swampert
|-crit|p1a: Swampert
|-damage|p1a: Swampert|0 fnt
|-unboost|p2a: Machamp|def|1
|-unboost|p2a: Machamp|spd|1
|faint|p1a: Swampert
|
|c| Anttya|Brillant start
|c|âSae|why do Machamps always crit me -_-
|c| Anttya|Go Sae xD
|c|âSae|every time
|c|âcandres|im so sorry xD
|join|DM35
|c|âcandres|lucky and bad lmao
|c|âcandres|im only 2-0 because hax :D
|
|switch|p1a: Entei|Entei, shiny|371\/371
|-ability|p1a: Entei|Pressure
|turn|2
|c|âSae|i should be 4-0 but I got haxed rip
|c| Anttya|Didn't sack enough Gogoats
|c|âSae|fuck gogoats
|c|âSae|we got lanturns where I'm from
|
|switch|p2a: Starmie|Starmie|261\/261
|move|p1a: Entei|Sacred Fire|p2a: Starmie
|-crit|p2a: Starmie
|-resisted|p2a: Starmie
|-damage|p2a: Starmie|31\/261
|-status|p2a: Starmie|brn
|
|-damage|p2a: Starmie|0 fnt|[from] brn
|faint|p2a: Starmie
|c|âSae|eye for an eye huh
|
|switch|p2a: Krookodile|Krookodile, M|394\/394
|-ability|p2a: Krookodile|Intimidate|[of] p1a: Entei
|-unboost|p1a: Entei|atk|1
|turn|3
|c| Anttya|Well
|c|âcandres|yours mattered more imo
|c| Anttya|There's your anthax
|c|âcandres|i mean your pert
|c|âcandres|not your crit
|
|switch|p1a: Shaymin|Shaymin|341\/341
|move|p2a: Krookodile|Knock Off|p1a: Shaymin
|-damage|p1a: Shaymin|203\/341
|-enditem|p1a: Shaymin|Life Orb|[from] move: Knock Off|[of] p2a: Krookodile
|
|turn|4
|
|switch|p2a: Roserade|Roserade, M|261\/261
|move|p1a: Shaymin|Seed Flare|p2a: Roserade
|-resisted|p2a: Roserade
|-damage|p2a: Roserade|222\/261
|
|turn|5
|
|switch|p1a: Entei|Entei, shiny|371\/371
|-ability|p1a: Entei|Pressure
|move|p2a: Roserade|Spikes|p1a: Entei
|-sidestart|p1: Sae|Spikes
|
|turn|6
|
|move|p2a: Roserade|Sleep Powder|p1a: Entei
|-status|p1a: Entei|slp
|cant|p1a: Entei|slp
|
|turn|7
|
|move|p2a: Roserade|Sludge Bomb|p1a: Entei
|-damage|p1a: Entei|114\/371 slp
|-damage|p2a: Roserade|196\/261|[from] item: Life Orb
|cant|p1a: Entei|slp
|move|p1a: Entei|Sleep Talk|p1a: Entei
|move|p1a: Entei|Stone Edge|p2a: Roserade|[from]Sleep Talk|[miss]
|-miss|p1a: Entei|p2a: Roserade
|
|turn|8
|c| Anttya|RIP
|c|âcandres|sleep talk noice
|c| Anttya|~~What are the chances of that~~
|
|switch|p1a: Crobat|Crobat, M|373\/373
|move|p2a: Roserade|Sludge Bomb|p1a: Crobat
|-resisted|p1a: Crobat
|-damage|p1a: Crobat|255\/373
|-damage|p2a: Roserade|170\/261|[from] item: Life Orb
|
|-heal|p1a: Crobat|278\/373|[from] item: Black Sludge
|turn|9
|c| DM35|idk why im watching this on a separate tab
|c| Anttya|lel
|
|switch|p2a: Aerodactyl|Aerodactyl, F|301\/301
|-ability|p2a: Aerodactyl|Pressure
|move|p1a: Crobat|Brave Bird|p2a: Aerodactyl
|-resisted|p2a: Aerodactyl
|-damage|p2a: Aerodactyl|202\/301
|-damage|p1a: Crobat|245\/373|[from] recoil|[of] p2a: Aerodactyl
|
|-heal|p1a: Crobat|268\/373|[from] item: Black Sludge
|turn|10
|c| Anttya|Because links are amazing
|c| DM35|i could just joined ant's battle on the other one but she shared the link 4 times so i was compelled
|
|switch|p1a: Entei|Entei, shiny|114\/371 slp
|-damage|p1a: Entei|68\/371 slp|[from] Spikes
|-ability|p1a: Entei|Pressure
|detailschange|p2a: Aerodactyl|Aerodactyl-Mega, F
|-mega|p2a: Aerodactyl|Aerodactyl|Aerodactylite
|move|p2a: Aerodactyl|Stone Edge|p1a: Entei
|-supereffective|p1a: Entei
|-damage|p1a: Entei|0 fnt
|faint|p1a: Entei
|
|leave|DM35
|join|DM35
|c| Anttya|LOL
|c| Anttya|Because 1 wasn't enough <3
|c| DM35|:[
|
|switch|p1a: Hydreigon|Hydreigon, F|325\/325
|turn|11
|c|âSae|i already lost my magnet checks
|c|âSae|yeesh this sucks
|
|switch|p2a: Roserade|Roserade, M|170\/261
|move|p1a: Hydreigon|Draco Meteor|p2a: Roserade
|-damage|p2a: Roserade|0 fnt
|-unboost|p1a: Hydreigon|spa|2
|faint|p2a: Roserade
|
|c| Anttya|Hax is amazing, always believe in it :o
|c| DM35|its fine, luck will even its way out
|c| DM35|unless youre luckE n bad
|
|switch|p2a: Machamp|Machamp, M|321\/321
|turn|12
|c| DM35|like antt
|c| Anttya|~~Maybe I should stop watching your battles~~
|c| Anttya|pls DM, how else do I win
|
|switch|p1a: Crobat|Crobat, M|268\/373
|move|p2a: Machamp|Knock Off|p1a: Crobat
|-damage|p1a: Crobat|44\/373
|-enditem|p1a: Crobat|Black Sludge|[from] move: Knock Off|[of] p2a: Machamp
|
|turn|13
|c|âSae|yeah Ant you've been bringing bad luck lately
|c| Anttya|:[
|
|switch|p2a: Magneton|Magneton|272\/272
|move|p1a: Crobat|Roost|p1a: Crobat
|-heal|p1a: Crobat|231\/373
|
|turn|14
|c| Anttya|Cursed Latias imo
|c| DM35|all i know is its a good job you didnt use the team i gave you
|
|move|p1a: Crobat|Roost|p1a: Crobat
|-heal|p1a: Crobat|373\/373
|move|p2a: Magneton|Volt Switch|p1a: Crobat
|-damage|p1a: Crobat|208\/373
|c| DM35|no rachi RIP
|
|switch|p2a: Aerodactyl|Aerodactyl-Mega, F|202\/301
|
|turn|15
|c| Anttya|For a sec, I thought Volt Switch was going to para
|
|switch|p1a: Jirachi|Jirachi|341\/341
|-damage|p1a: Jirachi|299\/341|[from] Spikes
|move|p2a: Aerodactyl|Stone Edge|p1a: Jirachi
|-resisted|p1a: Jirachi
|-damage|p1a: Jirachi|214\/341
|
|turn|16
|
|switch|p2a: Krookodile|Krookodile, M|394\/394
|-ability|p2a: Krookodile|Intimidate|[of] p1a: Jirachi
|-unboost|p1a: Jirachi|atk|1
|move|p1a: Jirachi|U-turn|p2a: Krookodile
|-supereffective|p2a: Krookodile
|-damage|p2a: Krookodile|314\/394
|
|switch|p1a: Shaymin|Shaymin|203\/341
|-damage|p1a: Shaymin|161\/341|[from] Spikes
|
|-heal|p2a: Krookodile|338\/394|[from] item: Leftovers
|turn|17
|
|switch|p2a: Magneton|Magneton|272\/272
|move|p1a: Shaymin|Seed Flare|p2a: Magneton
|-crit|p2a: Magneton
|-resisted|p2a: Magneton
|-damage|p2a: Magneton|142\/272
|
|turn|18
|
|switch|p2a: Aerodactyl|Aerodactyl-Mega, F|202\/301
|move|p1a: Shaymin|Rest|p1a: Shaymin
|-status|p1a: Shaymin|slp
|-heal|p1a: Shaymin|341\/341 slp|[silent]
|-status|p1a: Shaymin|slp|[from] move: Rest
|
|turn|19
|
|switch|p1a: Crobat|Crobat, M|208\/373
|move|p2a: Aerodactyl|Aerial Ace|p1a: Crobat
|-damage|p1a: Crobat|40\/373
|
|turn|20
|
|move|p2a: Aerodactyl|Aerial Ace|p1a: Crobat
|-damage|p1a: Crobat|0 fnt
|faint|p1a: Crobat
|
|c| Anttya|hax leggo
|
|switch|p1a: Hydreigon|Hydreigon, F|325\/325
|turn|21
|c| DM35|its fine
|c| DM35|you still have rachi
|c| Anttya|hax beats everything :]
|c| DM35|you only need 4 flinches i think
|
|switch|p2a: Krookodile|Krookodile, M|338\/394
|-ability|p2a: Krookodile|Intimidate|[of] p1a: Hydreigon
|-unboost|p1a: Hydreigon|atk|1
|move|p1a: Hydreigon|Dark Pulse|p2a: Krookodile
|-resisted|p2a: Krookodile
|-damage|p2a: Krookodile|239\/394
|
|-heal|p2a: Krookodile|263\/394|[from] item: Leftovers
|turn|22
|
|switch|p1a: Shaymin|Shaymin|341\/341
|-damage|p1a: Shaymin|299\/341|[from] Spikes
|move|p2a: Krookodile|Superpower|p1a: Shaymin
|-damage|p1a: Shaymin|171\/341
|-unboost|p2a: Krookodile|atk|1
|-unboost|p2a: Krookodile|def|1
|
|-heal|p2a: Krookodile|287\/394|[from] item: Leftovers
|turn|23
|
|move|p1a: Shaymin|Seed Flare|p2a: Krookodile
|-supereffective|p2a: Krookodile
|-damage|p2a: Krookodile|0 fnt
|faint|p2a: Krookodile
|
|
|switch|p2a: Aerodactyl|Aerodactyl-Mega, F|202\/301
|turn|24
|
|switch|p1a: Jirachi|Jirachi|214\/341
|-damage|p1a: Jirachi|172\/341|[from] Spikes
|move|p2a: Aerodactyl|Aerial Ace|p1a: Jirachi
|-resisted|p1a: Jirachi
|-damage|p1a: Jirachi|95\/341
|
|turn|25
|join|cliffy416
|c| cliffy416|sae can you answer my pm and listen to my story about getting unbanned
|c| Anttya|~~He's busy atm, ask Shaymin~~
|c| cliffy416|i did he said to ask sae
|
|switch|p2a: Magneton|Magneton|142\/272
|move|p1a: Jirachi|Iron Head|p2a: Magneton
|-resisted|p2a: Magneton
|-damage|p2a: Magneton|120\/272
|
|turn|26
|c| Anttya|Lets start the hax fest
|c| DM35|so 6 flinches
|c|âSae|I need to really go with my gut feelings
|c|âcandres|pls no
|
|move|p1a: Jirachi|Iron Head|p2a: Magneton
|-resisted|p2a: Magneton
|-damage|p2a: Magneton|98\/272
|move|p2a: Magneton|Volt Switch|p1a: Jirachi
|-damage|p1a: Jirachi|0 fnt
|faint|p1a: Jirachi
|c|âcandres|ahhh
|c| DM35|not even 1
|c| Anttya|Rip
|c| DM35|thats hax in itself
|
|switch|p2a: Machamp|Machamp, M|321\/321
|
|
|switch|p1a: Shaymin|Shaymin|171\/341
|-damage|p1a: Shaymin|129\/341|[from] Spikes
|turn|27
|
|move|p1a: Shaymin|Psychic|p2a: Machamp
|-supereffective|p2a: Machamp
|-damage|p2a: Machamp|117\/321
|move|p2a: Machamp|Ice Punch|p1a: Shaymin
|-supereffective|p1a: Shaymin
|-damage|p1a: Shaymin|0 fnt
|faint|p1a: Shaymin
|
|
|switch|p1a: Hydreigon|Hydreigon, F|325\/325
|turn|28
|c| Anttya|All you need
|c| Anttya|is one
|c|+Dirpz|Mill dollars?
|c| Anttya|nah
|c| Anttya|a gogoat
|c| Anttya|and a half
|c| DM35|flinch
|c| DM35|flinch
|c| DM35|flinch
|c| Anttya|Flinchhhh <3
|c| DM35|__flinch__
|c|âcandres|if it flinches im gonna go insane lmao
|c|âSae|252 SpA Hydreigon Dark Pulse vs. 252 HP \/ 0 SpD Machamp: 20-24 (5.2 - 6.2%) -- possibly the worst move ever
|c| DM35|you cant really complain
|c|âcandres|but either way very gg
|c| Anttya|Maybe you should try that Alliance member strat
|c| Anttya|oh
|c| Anttya|RIP
|c| DM35|lvl 50 hydreigon sae
|c| Anttya|oh
|c|âSae|oh whoops
|c| Anttya|Inb4 he loses by timer
|c|âcandres|just fyi my champ is obviously banded so that 2hko pert anyway and he crit my spinner so id say we're even on the hax
|c| DM35|but he woulda had rocks
|c| Anttya|He wanted rocks
|c| DM35|so you aero would be history
|c|âSae|the sleep talk miss was the game breaker
|c| DM35|he coulda gone bat and had that as a nother magne check
|c| Anttya|The chance of that tho
|c| Anttya|1\/3
|
|switch|p2a: Magneton|Magneton|98\/272
|move|p1a: Hydreigon|Dark Pulse|p2a: Magneton
|-damage|p2a: Magneton|0 fnt
|faint|p2a: Magneton
|
|c| Anttya|and the 20%
|
|switch|p2a: Aerodactyl|Aerodactyl-Mega, F|202\/301
|turn|29
|c| Anttya|One flinch here as well
|c| DM35|your aero would be at much lower health
|
|move|p1a: Hydreigon|Dark Pulse|p2a: Aerodactyl
|-damage|p2a: Aerodactyl|51\/301
|move|p2a: Aerodactyl|Stone Edge|p1a: Hydreigon
|-damage|p1a: Hydreigon|94\/325
|
|turn|30
|c| Anttya|O wow
|c| Anttya|it hit
|
|move|p1a: Hydreigon|Dark Pulse|p2a: Aerodactyl
|-damage|p2a: Aerodactyl|0 fnt
|faint|p2a: Aerodactyl
|
|c|âSae|hax all over this match rip
|c|âcandres|ok now i 100% win unless crit
|
|switch|p2a: Machamp|Machamp, M|117\/321
|turn|31
|
|move|p2a: Machamp|Bullet Punch|p1a: Hydreigon
|-damage|p1a: Hydreigon|0 fnt
|faint|p1a: Hydreigon
|
|win|candres
|leave|cliffy416
|c|âcandres|gg