|join|Pashkuale
|join|Alvok
|player|p1|Pashkuale|214
|player|p2|Alvok|256
|gametype|singles
|gen|6
|tier|ORAS OU
|rated
|rule|Sleep Clause Mod: Limit one foe put to sleep
|rule|Species Clause: Limit one of each PokÃ©mon
|rule|OHKO Clause: OHKO moves are banned
|rule|Moody Clause: Moody is banned
|rule|Evasion Moves Clause: Evasion moves are banned
|rule|Endless Battle Clause: Forcing endless battles is banned
|rule|HP Percentage Mod: HP is shown in percentages
|clearpoke
|poke|p1|Metagross
|poke|p1|Rotom-Wash
|poke|p1|Ferrothorn, F
|poke|p1|Landorus-Therian, M
|poke|p1|Clefable, M
|poke|p1|Latias, F
|poke|p2|Diancie
|poke|p2|Landorus-Therian, M
|poke|p2|Conkeldurr, M
|poke|p2|Ferrothorn, F
|poke|p2|Latias, F
|poke|p2|Heatran, M
|rule|Swagger Clause: Swagger is banned
|rule|Baton Pass Clause: Limit one PokÃ©mon knowing Baton Pass
|teampreview
|
|start
|switch|p1a: Landorus-Therian|Landorus-Therian, M|319\/319
|switch|p2a: Landorus-Therian|Landorus-Therian, M|382\/382
|-ability|p1a: Landorus-Therian|Intimidate|[of] p2a: Landorus-Therian
|-unboost|p2a: Landorus-Therian|atk|1
|-ability|p2a: Landorus-Therian|Intimidate|[of] p1a: Landorus-Therian
|-unboost|p1a: Landorus-Therian|atk|1
|turn|1
|
|switch|p1a: Ferrothorn|Ferrothorn, F|352\/352
|move|p2a: Landorus-Therian|Stealth Rock|p1a: Ferrothorn
|-sidestart|p1: Pashkuale|move: Stealth Rock
|
|turn|2
|join|mouse de frank
|
|switch|p2a: Heatran|Heatran, M|325\/325
|-item|p2a: Heatran|Air Balloon
|move|p1a: Ferrothorn|Stealth Rock|p2a: Heatran
|-sidestart|p2: Alvok|move: Stealth Rock
|
|turn|3
|join|benko gambit
|
|switch|p1a: Rotom-Wash|Rotom-Wash|303\/303
|-damage|p1a: Rotom-Wash|266\/303|[from] Stealth Rock
|move|p2a: Heatran|Fire Blast|p1a: Rotom-Wash|[miss]
|-miss|p2a: Heatran|p1a: Rotom-Wash
|
|-heal|p1a: Rotom-Wash|284\/303|[from] item: Leftovers
|turn|4
|
|switch|p2a: Conkeldurr|Conkeldurr, M|355\/355
|-damage|p2a: Conkeldurr|333\/355|[from] Stealth Rock
|move|p1a: Rotom-Wash|Volt Switch|p2a: Conkeldurr
|-damage|p2a: Conkeldurr|278\/355
|
|switch|p1a: Latias|Latias, F|301\/301
|-damage|p1a: Latias|264\/301|[from] Stealth Rock
|
|turn|5
|
|switch|p1a: Clefable|Clefable, M|394\/394
|switch|p2a: Ferrothorn|Ferrothorn, F|352\/352
|-damage|p2a: Ferrothorn|330\/352|[from] Stealth Rock
|
|turn|6
|
|move|p1a: Clefable|Flamethrower|p2a: Ferrothorn
|-supereffective|p2a: Ferrothorn
|-damage|p2a: Ferrothorn|106\/352
|-status|p2a: Ferrothorn|brn
|move|p2a: Ferrothorn|Gyro Ball|p1a: Clefable
|-supereffective|p1a: Clefable
|-damage|p1a: Clefable|284\/394
|
|-heal|p1a: Clefable|308\/394|[from] item: Leftovers
|-damage|p2a: Ferrothorn|62\/352 brn|[from] brn
|turn|7
|c|âAlvok|wowww
|
|switch|p2a: Heatran|Heatran, M|325\/325
|-damage|p2a: Heatran|285\/325|[from] Stealth Rock
|-item|p2a: Heatran|Air Balloon
|move|p1a: Clefable|Moonblast|p2a: Heatran
|-resisted|p2a: Heatran
|-damage|p2a: Heatran|261\/325
|-enditem|p2a: Heatran|Air Balloon
|-unboost|p2a: Heatran|spa|1
|
|-heal|p1a: Clefable|332\/394|[from] item: Leftovers
|turn|8
|
|move|p2a: Heatran|Toxic|p1a: Clefable
|-status|p1a: Clefable|tox
|move|p1a: Clefable|Calm Mind|p1a: Clefable
|-boost|p1a: Clefable|spa|1
|-boost|p1a: Clefable|spd|1
|
|-heal|p1a: Clefable|356\/394 tox|[from] item: Leftovers
|turn|9
|join|Omegasization
|
|move|p2a: Heatran|Taunt|p1a: Clefable
|-start|p1a: Clefable|move: Taunt
|cant|p1a: Clefable|move: Taunt|Calm Mind
|
|-heal|p1a: Clefable|380\/394 tox|[from] item: Leftovers
|turn|10
|
|move|p2a: Heatran|Fire Blast|p1a: Clefable
|-damage|p1a: Clefable|304\/394 tox
|move|p1a: Clefable|Moonblast|p2a: Heatran
|-resisted|p2a: Heatran
|-damage|p2a: Heatran|221\/325
|
|-heal|p1a: Clefable|328\/394 tox|[from] item: Leftovers
|turn|11
|c|âAlvok|ohright the spdef drop
|c|âAlvok|i mean spa
|
|switch|p2a: Ferrothorn|Ferrothorn, F|62\/352 brn
|-damage|p2a: Ferrothorn|40\/352 brn|[from] Stealth Rock
|move|p1a: Clefable|Moonblast|p2a: Ferrothorn
|-resisted|p2a: Ferrothorn
|-damage|p2a: Ferrothorn|0 fnt
|faint|p2a: Ferrothorn
|
|-heal|p1a: Clefable|352\/394 tox|[from] item: Leftovers
|-end|p1a: Clefable|move: Taunt
|
|switch|p2a: Heatran|Heatran, M|221\/325
|-damage|p2a: Heatran|181\/325|[from] Stealth Rock
|turn|12
|
|switch|p1a: Rotom-Wash|Rotom-Wash|284\/303
|-damage|p1a: Rotom-Wash|247\/303|[from] Stealth Rock
|move|p2a: Heatran|Taunt|p1a: Rotom-Wash
|-start|p1a: Rotom-Wash|move: Taunt
|
|-heal|p1a: Rotom-Wash|265\/303|[from] item: Leftovers
|turn|13
|
|move|p2a: Heatran|Toxic|p1a: Rotom-Wash
|-status|p1a: Rotom-Wash|tox
|move|p1a: Rotom-Wash|Hydro Pump|p2a: Heatran
|-supereffective|p2a: Heatran
|-damage|p2a: Heatran|0 fnt
|faint|p2a: Heatran
|
|-heal|p1a: Rotom-Wash|283\/303 tox|[from] item: Leftovers
|-damage|p1a: Rotom-Wash|265\/303 tox|[from] psn
|
|switch|p2a: Latias|Latias, F|319\/319
|-damage|p2a: Latias|280\/319|[from] Stealth Rock
|turn|14
|
|move|p2a: Latias|Draco Meteor|p1a: Rotom-Wash
|-damage|p1a: Rotom-Wash|19\/303 tox
|-unboost|p2a: Latias|spa|2
|-damage|p2a: Latias|249\/319|[from] item: Life Orb
|move|p1a: Rotom-Wash|Volt Switch|p2a: Latias
|-resisted|p2a: Latias
|-damage|p2a: Latias|217\/319
|join|jake5
|
|switch|p1a: Metagross|Metagross|301\/301
|-damage|p1a: Metagross|283\/301|[from] Stealth Rock
|
|turn|15
|
|switch|p2a: Landorus-Therian|Landorus-Therian, M|382\/382
|-damage|p2a: Landorus-Therian|335\/382|[from] Stealth Rock
|-ability|p2a: Landorus-Therian|Intimidate|[of] p1a: Metagross
|-fail|p1a: Metagross|unboost|[from] ability: Clear Body|[of] p1a: Metagross
|move|p1a: Metagross|Meteor Mash|p2a: Landorus-Therian
|-damage|p2a: Landorus-Therian|205\/382
|
|-heal|p2a: Landorus-Therian|228\/382|[from] item: Leftovers
|turn|16
|c| jake5|rekt
|
|switch|p1a: Rotom-Wash|Rotom-Wash|19\/303 tox
|-damage|p1a: Rotom-Wash|0 fnt|[from] Stealth Rock
|faint|p1a: Rotom-Wash
|move|p2a: Landorus-Therian|U-turn|p1: Rotom-Wash|[notarget]
|-notarget
|
|-heal|p2a: Landorus-Therian|251\/382|[from] item: Leftovers
|c| jake5|reveal da ice punch
|c| jake5|wait what
|
|switch|p1a: Latias|Latias, F|264\/301
|-damage|p1a: Latias|227\/301|[from] Stealth Rock
|turn|17
|c| jake5|mega latias
|c|âAlvok|mega diancie isn't as "Bae" as i would like :[
|c| mouse de frank|lmao
|c| jake5|or wut lel
|c| jake5|mega diancie is ok
|c| mouse de frank|;_;
|c| jake5|there are better egas
|c| jake5|like gallade and gross
|
|switch|p2a: Diancie|Diancie|242\/242
|-damage|p2a: Diancie|212\/242|[from] Stealth Rock
|move|p1a: Latias|Psyshock|p2a: Diancie
|-damage|p2a: Diancie|91\/242
|-damage|p1a: Latias|197\/301|[from] item: Life Orb
|
|turn|18
|c|âAlvok|fuck 
|c|âAlvok|50%?
|c| jake5|if you got something to take care of sableye
|c| jake5|yoru good
|
|detailschange|p2a: Diancie|Diancie-Mega
|message|Diancie has Mega Evolved into Mega Diancie!
|move|p1a: Latias|Psyshock|p2a: Diancie
|-damage|p2a: Diancie|0 fnt
|-damage|p1a: Latias|167\/301|[from] item: Life Orb
|faint|p2a: Diancie
|
|c|âAlvok|wow
|c| jake5|rekt
|c|âAlvok|that was underwhelming
|c|âAlvok|160defenses
|c| mouse de frank|it loses balk
|c| mouse de frank|when it megas
|c| jake5|^
|c| mouse de frank|doesn't it?
|c| jake5|it does
|c|âAlvok|but 160defense before that still taking 50%
|c| mouse de frank|yeah
|c|âAlvok|it's so ....
|
|switch|p2a: Latias|Latias, F|217\/319
|-damage|p2a: Latias|178\/319|[from] Stealth Rock
|turn|19
|c| jake5|please
|c| mouse de frank|50
|
|switch|p1a: Ferrothorn|Ferrothorn, F|352\/352
|-damage|p1a: Ferrothorn|330\/352|[from] Stealth Rock
|move|p2a: Latias|Draco Meteor|p1a: Ferrothorn
|-resisted|p1a: Ferrothorn
|-damage|p1a: Ferrothorn|240\/352
|-unboost|p2a: Latias|spa|2
|-damage|p2a: Latias|147\/319|[from] item: Life Orb
|
|-heal|p1a: Ferrothorn|262\/352|[from] item: Leftovers
|turn|20
|c| mouse de frank|hp
|c| jake5|it did 50
|c| jake5|you should be happy
|c| mouse de frank|brah
|c|âAlvok|urghh
|
|switch|p2a: Conkeldurr|Conkeldurr, M|278\/355
|-damage|p2a: Conkeldurr|256\/355|[from] Stealth Rock
|move|p1a: Ferrothorn|Leech Seed|p2a: Conkeldurr
|-start|p2a: Conkeldurr|move: Leech Seed
|
|-heal|p1a: Ferrothorn|284\/352|[from] item: Leftovers
|-damage|p2a: Conkeldurr|212\/355|[from] Leech Seed|[of] p1a: Ferrothorn
|-heal|p1a: Ferrothorn|328\/352|[silent]
|turn|21
|c| jake5|your gettin rekt
|c|âAlvok|i needa think of how to support diancie .... hmmmmmm
|c|âAlvok|brb
|c| jake5|clefable walls dis nigga
|-message|Alvok forfeited.
|
|win|Pashkuale
|raw|Ladder updating...
|raw|Pashkuale's rating: 1472 &rarr; <strong>1485<\/strong><br \/>(+13 for winning)
|raw|Alvok's rating: 1361 &rarr; <strong>1347<\/strong><br \/>(-14 for losing)
|leave|mouse de frank
|c|âAlvok|i must make diancie shine
|leave|Alvok
|player|p2
|leave|jake5
|leave|benko gambit