|join|lt1c flcl
|join|Alvok
|player|p1|lt1c flcl|182
|player|p2|Alvok|256
|gametype|singles
|gen|6
|tier|OU
|rated
|clearpoke
|poke|p1|Landorus-Therian, M
|poke|p1|Gardevoir, M
|poke|p1|Mew
|poke|p1|Keldeo
|poke|p1|Ferrothorn, M
|poke|p1|Tyranitar, M
|poke|p2|Latias, F
|poke|p2|Scizor, M
|poke|p2|Landorus-Therian, M, shiny
|poke|p2|Heatran, F
|poke|p2|Slowbro, M
|poke|p2|Conkeldurr, M
|rule|Swagger Clause: Swagger is banned
|rule|Baton Pass Clause: Limit one PokÃ©mon knowing Baton Pass
|rule|Sleep Clause Mod: Limit one foe put to sleep
|rule|Species Clause: Limit one of each PokÃ©mon
|rule|OHKO Clause: OHKO moves are banned
|rule|Moody Clause: Moody is banned
|rule|Evasion Moves Clause: Evasion moves are banned
|rule|Endless Battle Clause: Forcing endless battles is banned
|rule|HP Percentage Mod: HP is shown in percentages
|teampreview
|
|start
|switch|p1a: Tyranitar|Tyranitar, M|385\/385
|switch|p2a: Landorus-Therian|Landorus-Therian, M, shiny|320\/320
|-ability|p2a: Landorus-Therian|Intimidate|[of] p1a: Tyranitar
|-unboost|p1a: Tyranitar|atk|1
|-weather|Sandstorm
|turn|1
|
|switch|p1a: Landorus-Therian|Landorus-Therian, M|319\/319
|-ability|p1a: Landorus-Therian|Intimidate|[of] p2a: Landorus-Therian
|-unboost|p2a: Landorus-Therian|atk|1
|move|p2a: Landorus-Therian|U-turn|p1a: Landorus-Therian
|-resisted|p1a: Landorus-Therian
|-damage|p1a: Landorus-Therian|282\/319
|
|switch|p2a: Scizor|Scizor, M|339\/339
|
|-weather|Sandstorm|[upkeep]
|turn|2
|
|detailschange|p2a: Scizor|Scizor-Mega, M
|message|Scizor has Mega Evolved into Mega Scizor!
|move|p1a: Landorus-Therian|U-turn|p2a: Scizor
|-resisted|p2a: Scizor
|-damage|p2a: Scizor|312\/339
|
|switch|p1a: Keldeo|Keldeo|323\/323
|move|p2a: Scizor|Knock Off|p1a: Keldeo
|-resisted|p1a: Keldeo
|-damage|p1a: Keldeo|256\/323
|-boost|p1a: Keldeo|atk|1|[from] ability: Justified
|-enditem|p1a: Keldeo|Choice Specs|[from] move: Knock Off|[of] p2a: Scizor
|
|-weather|Sandstorm|[upkeep]
|-damage|p1a: Keldeo|236\/323|[from] sandstorm
|turn|3
|
|switch|p2a: Slowbro|Slowbro, M|394\/394
|move|p1a: Keldeo|Scald|p2a: Slowbro
|-resisted|p2a: Slowbro
|-damage|p2a: Slowbro|315\/394
|-status|p2a: Slowbro|brn
|
|-weather|Sandstorm|[upkeep]
|-damage|p1a: Keldeo|216\/323|[from] sandstorm
|-damage|p2a: Slowbro|291\/394 brn|[from] sandstorm
|-heal|p2a: Slowbro|315\/394 brn|[from] item: Leftovers
|-damage|p2a: Slowbro|266\/394 brn|[from] brn
|turn|4
|c|âAlvok|:\/
|
|switch|p1a: Tyranitar|Tyranitar, M|385\/385
|switch|p2a: Heatran|Heatran, F|386\/386
|
|-weather|Sandstorm|[upkeep]
|turn|5
|
|switch|p2a: Conkeldurr|Conkeldurr, M|359\/359
|move|p1a: Tyranitar|Superpower|p2a: Conkeldurr
|-damage|p2a: Conkeldurr|88\/359
|-unboost|p1a: Tyranitar|atk|1
|-unboost|p1a: Tyranitar|def|1
|
|-weather|none
|turn|6
|
|switch|p1a: Gardevoir|Gardevoir, M|277\/277
|-ability|p1a: Gardevoir|Guts|[from] ability: Trace|[of] p2a: Conkeldurr
|move|p2a: Conkeldurr|Knock Off|p1a: Gardevoir
|-damage|p1a: Gardevoir|157\/277
|
|turn|7
|
|switch|p2a: Heatran|Heatran, F|386\/386
|detailschange|p1a: Gardevoir|Gardevoir-Mega, M
|message|Gardevoir has Mega Evolved into Mega Gardevoir!
|move|p1a: Gardevoir|Hyper Voice|p2a: Heatran
|-resisted|p2a: Heatran
|-damage|p2a: Heatran|341\/386
|
|-heal|p2a: Heatran|365\/386|[from] item: Leftovers
|turn|8
|
|move|p1a: Gardevoir|Calm Mind|p1a: Gardevoir
|-boost|p1a: Gardevoir|spa|1
|-boost|p1a: Gardevoir|spd|1
|move|p2a: Heatran|Stealth Rock|p1a: Gardevoir
|-sidestart|p1: lt1c flcl|move: Stealth Rock
|
|-heal|p2a: Heatran|386\/386|[from] item: Leftovers
|turn|9
|
|move|p1a: Gardevoir|Focus Blast|p2a: Heatran|[miss]
|-miss|p1a: Gardevoir|p2a: Heatran
|move|p2a: Heatran|Roar|p1a: Gardevoir
|drag|p1a: Landorus-Therian|Landorus-Therian, M|282\/319
|-damage|p1a: Landorus-Therian|243\/319|[from] Stealth Rock
|-ability|p1a: Landorus-Therian|Intimidate|[of] p2a: Heatran
|-unboost|p2a: Heatran|atk|1
|
|turn|10
|
|switch|p2a: Landorus-Therian|Landorus-Therian, M, shiny|320\/320
|-ability|p2a: Landorus-Therian|Intimidate|[of] p1a: Landorus-Therian
|-unboost|p1a: Landorus-Therian|atk|1
|move|p1a: Landorus-Therian|Knock Off|p2a: Landorus-Therian
|-damage|p2a: Landorus-Therian|228\/320
|-enditem|p2a: Landorus-Therian|Choice Scarf|[from] move: Knock Off|[of] p1a: Landorus-Therian
|
|turn|11
|
|switch|p1a: Ferrothorn|Ferrothorn, M|352\/352
|-damage|p1a: Ferrothorn|330\/352|[from] Stealth Rock
|move|p2a: Landorus-Therian|Knock Off|p1a: Ferrothorn
|-damage|p1a: Ferrothorn|251\/352
|-damage|p2a: Landorus-Therian|188\/320|[from] ability: Iron Barbs|[of] p1a: Ferrothorn
|-enditem|p1a: Ferrothorn|Leftovers|[from] move: Knock Off|[of] p2a: Landorus-Therian
|
|turn|12
|
|switch|p2a: Scizor|Scizor-Mega, M|312\/339
|move|p1a: Ferrothorn|Leech Seed|p2a: Scizor|[miss]
|-miss|p1a: Ferrothorn|p2a: Scizor
|
|turn|13
|
|switch|p1a: Keldeo|Keldeo|216\/323
|-damage|p1a: Keldeo|196\/323|[from] Stealth Rock
|move|p2a: Scizor|Swords Dance|p2a: Scizor
|-boost|p2a: Scizor|atk|2
|
|turn|14
|
|switch|p2a: Slowbro|Slowbro, M|394\/394 brn
|move|p1a: Keldeo|Scald|p2a: Slowbro
|-resisted|p2a: Slowbro
|-damage|p2a: Slowbro|304\/394 brn
|
|-heal|p2a: Slowbro|328\/394 brn|[from] item: Leftovers
|-damage|p2a: Slowbro|279\/394 brn|[from] brn
|turn|15
|
|switch|p1a: Tyranitar|Tyranitar, M|385\/385
|-damage|p1a: Tyranitar|337\/385|[from] Stealth Rock
|-weather|Sandstorm
|switch|p2a: Conkeldurr|Conkeldurr, M|88\/359
|
|-weather|Sandstorm|[upkeep]
|-damage|p2a: Conkeldurr|66\/359|[from] sandstorm
|turn|16
|
|switch|p1a: Landorus-Therian|Landorus-Therian, M|243\/319
|-damage|p1a: Landorus-Therian|204\/319|[from] Stealth Rock
|-ability|p1a: Landorus-Therian|Intimidate|[of] p2a: Conkeldurr
|-unboost|p2a: Conkeldurr|atk|1
|move|p2a: Conkeldurr|Drain Punch|p1a: Landorus-Therian
|-crit|p1a: Landorus-Therian
|-resisted|p1a: Landorus-Therian
|-damage|p1a: Landorus-Therian|87\/319
|-heal|p2a: Conkeldurr|125\/359|[from] drain|[of] p1a: Landorus-Therian
|
|-weather|Sandstorm|[upkeep]
|-damage|p2a: Conkeldurr|103\/359|[from] sandstorm
|turn|17
|
|switch|p2a: Landorus-Therian|Landorus-Therian, M, shiny|188\/320
|-ability|p2a: Landorus-Therian|Intimidate|[of] p1a: Landorus-Therian
|-unboost|p1a: Landorus-Therian|atk|1
|move|p1a: Landorus-Therian|U-turn|p2a: Landorus-Therian
|-resisted|p2a: Landorus-Therian
|-damage|p2a: Landorus-Therian|158\/320
|
|switch|p1a: Gardevoir|Gardevoir-Mega, M|157\/277
|-damage|p1a: Gardevoir|123\/277|[from] Stealth Rock
|
|-weather|Sandstorm|[upkeep]
|-damage|p1a: Gardevoir|106\/277|[from] sandstorm
|turn|18
|
|switch|p2a: Heatran|Heatran, F|386\/386
|move|p1a: Gardevoir|Hyper Voice|p2a: Heatran
|-resisted|p2a: Heatran
|-damage|p2a: Heatran|343\/386
|
|-weather|Sandstorm|[upkeep]
|-damage|p1a: Gardevoir|89\/277|[from] sandstorm
|-heal|p2a: Heatran|367\/386|[from] item: Leftovers
|turn|19
|
|move|p1a: Gardevoir|Focus Blast|p2a: Heatran|[miss]
|-miss|p1a: Gardevoir|p2a: Heatran
|move|p2a: Heatran|Lava Plume|p1a: Gardevoir
|-damage|p1a: Gardevoir|0 fnt
|faint|p1a: Gardevoir
|
|-weather|none
|-heal|p2a: Heatran|386\/386|[from] item: Leftovers
|join|NEW BREED
|
|switch|p1a: Tyranitar|Tyranitar, M|337\/385
|-damage|p1a: Tyranitar|289\/385|[from] Stealth Rock
|-weather|Sandstorm
|turn|20
|
|switch|p2a: Scizor|Scizor-Mega, M|312\/339
|move|p1a: Tyranitar|Stone Edge|p2a: Scizor|[miss]
|-miss|p1a: Tyranitar|p2a: Scizor
|
|-weather|Sandstorm|[upkeep]
|turn|21
|
|move|p2a: Scizor|Knock Off|p1a: Tyranitar
|-resisted|p1a: Tyranitar
|-damage|p1a: Tyranitar|237\/385
|-enditem|p1a: Tyranitar|Choice Band|[from] move: Knock Off|[of] p2a: Scizor
|move|p1a: Tyranitar|Stone Edge|p2a: Scizor|[miss]
|-miss|p1a: Tyranitar|p2a: Scizor
|
|-weather|Sandstorm|[upkeep]
|turn|22
|
|switch|p1a: Mew|Mew|404\/404
|-damage|p1a: Mew|354\/404|[from] Stealth Rock
|move|p2a: Scizor|Swords Dance|p2a: Scizor
|-boost|p2a: Scizor|atk|2
|
|-weather|Sandstorm|[upkeep]
|-damage|p1a: Mew|329\/404|[from] sandstorm
|-heal|p1a: Mew|354\/404|[from] item: Leftovers
|turn|23
|
|switch|p2a: Conkeldurr|Conkeldurr, M|103\/359
|move|p1a: Mew|Will-O-Wisp|p2a: Conkeldurr
|-status|p2a: Conkeldurr|brn
|
|-weather|Sandstorm|[upkeep]
|-damage|p1a: Mew|329\/404|[from] sandstorm
|-damage|p2a: Conkeldurr|81\/359 brn|[from] sandstorm
|-heal|p1a: Mew|354\/404|[from] item: Leftovers
|-damage|p2a: Conkeldurr|37\/359 brn|[from] brn
|turn|24
|
|switch|p1a: Landorus-Therian|Landorus-Therian, M|87\/319
|-damage|p1a: Landorus-Therian|48\/319|[from] Stealth Rock
|-ability|p1a: Landorus-Therian|Intimidate|[of] p2a: Conkeldurr
|-unboost|p2a: Conkeldurr|atk|1
|move|p2a: Conkeldurr|Drain Punch|p1a: Landorus-Therian
|-resisted|p1a: Landorus-Therian
|-damage|p1a: Landorus-Therian|0 fnt
|-heal|p2a: Conkeldurr|61\/359 brn|[from] drain|[of] p1a: Landorus-Therian
|faint|p1a: Landorus-Therian
|
|-weather|none
|-damage|p2a: Conkeldurr|17\/359 brn|[from] brn
|
|switch|p1a: Mew|Mew|354\/404
|-damage|p1a: Mew|304\/404|[from] Stealth Rock
|turn|25
|
|move|p1a: Mew|Knock Off|p2a: Conkeldurr
|-resisted|p2a: Conkeldurr
|-damage|p2a: Conkeldurr|0 fnt
|-enditem|p2a: Conkeldurr|Assault Vest|[from] move: Knock Off|[of] p1a: Mew
|faint|p2a: Conkeldurr
|
|-heal|p1a: Mew|329\/404|[from] item: Leftovers
|
|switch|p2a: Landorus-Therian|Landorus-Therian, M, shiny|158\/320
|-ability|p2a: Landorus-Therian|Intimidate|[of] p1a: Mew
|-unboost|p1a: Mew|atk|1
|turn|26
|
|switch|p1a: Keldeo|Keldeo|196\/323
|-damage|p1a: Keldeo|176\/323|[from] Stealth Rock
|move|p2a: Landorus-Therian|U-turn|p1a: Keldeo
|-resisted|p1a: Keldeo
|-damage|p1a: Keldeo|120\/323
|
|switch|p2a: Slowbro|Slowbro, M|394\/394 brn
|
|-damage|p2a: Slowbro|345\/394 brn|[from] brn
|turn|27
|
|switch|p1a: Ferrothorn|Ferrothorn, M|251\/352
|-damage|p1a: Ferrothorn|229\/352|[from] Stealth Rock
|move|p2a: Slowbro|Psyshock|p1a: Ferrothorn
|-resisted|p1a: Ferrothorn
|-damage|p1a: Ferrothorn|199\/352
|
|-heal|p2a: Slowbro|369\/394 brn|[from] item: Leftovers
|-damage|p2a: Slowbro|320\/394 brn|[from] brn
|turn|28
|join|RAAAWK HAAAWK
|
|switch|p2a: Heatran|Heatran, F|386\/386
|move|p1a: Ferrothorn|Leech Seed|p2a: Heatran
|-start|p2a: Heatran|move: Leech Seed
|
|-damage|p2a: Heatran|338\/386|[from] Leech Seed|[of] p1a: Ferrothorn
|-heal|p1a: Ferrothorn|247\/352|[silent]
|turn|29
|
|switch|p2a: Landorus-Therian|Landorus-Therian, M, shiny|158\/320
|-ability|p2a: Landorus-Therian|Intimidate|[of] p1a: Ferrothorn
|-unboost|p1a: Ferrothorn|atk|1
|switch|p1a: Tyranitar|Tyranitar, M|237\/385
|-damage|p1a: Tyranitar|189\/385|[from] Stealth Rock
|-weather|Sandstorm
|
|-weather|Sandstorm|[upkeep]
|turn|30
|
|switch|p1a: Ferrothorn|Ferrothorn, M|247\/352
|-damage|p1a: Ferrothorn|225\/352|[from] Stealth Rock
|move|p2a: Landorus-Therian|Earthquake|p1a: Ferrothorn
|-damage|p1a: Ferrothorn|102\/352
|
|-weather|Sandstorm|[upkeep]
|turn|31
|
|move|p2a: Landorus-Therian|Earthquake|p1a: Ferrothorn
|-damage|p1a: Ferrothorn|0 fnt
|faint|p1a: Ferrothorn
|
|-weather|Sandstorm|[upkeep]
|
|switch|p1a: Keldeo|Keldeo|120\/323
|-damage|p1a: Keldeo|100\/323|[from] Stealth Rock
|turn|32
|join|craing ;_;
|
|switch|p1a: Tyranitar|Tyranitar, M|189\/385
|-damage|p1a: Tyranitar|141\/385|[from] Stealth Rock
|switch|p2a: Slowbro|Slowbro, M|394\/394 brn
|
|-weather|Sandstorm|[upkeep]
|-damage|p2a: Slowbro|370\/394 brn|[from] sandstorm
|-heal|p2a: Slowbro|394\/394 brn|[from] item: Leftovers
|-damage|p2a: Slowbro|345\/394 brn|[from] brn
|turn|33
|
|move|p1a: Tyranitar|Crunch|p2a: Slowbro
|-supereffective|p2a: Slowbro
|-damage|p2a: Slowbro|123\/394 brn
|-unboost|p2a: Slowbro|def|1
|move|p2a: Slowbro|Scald|p1a: Tyranitar
|-supereffective|p1a: Tyranitar
|-damage|p1a: Tyranitar|13\/385
|
|-weather|none
|-heal|p2a: Slowbro|147\/394 brn|[from] item: Leftovers
|-damage|p2a: Slowbro|98\/394 brn|[from] brn
|turn|34
|
|move|p1a: Tyranitar|Pursuit|p2a: Slowbro|[from]Pursuit
|-supereffective|p2a: Slowbro
|-damage|p2a: Slowbro|0 fnt
|faint|p2a: Slowbro
|
|
|switch|p2a: Scizor|Scizor-Mega, M|312\/339
|turn|35
|
|switch|p1a: Mew|Mew|329\/404
|-damage|p1a: Mew|279\/404|[from] Stealth Rock
|move|p2a: Scizor|Bullet Punch|p1a: Mew
|-damage|p1a: Mew|177\/404
|
|-heal|p1a: Mew|202\/404|[from] item: Leftovers
|turn|36
|
|switch|p2a: Heatran|Heatran, F|338\/386
|move|p1a: Mew|Will-O-Wisp|p2a: Heatran
|-start|p2a: Heatran|ability: Flash Fire
|
|-heal|p1a: Mew|227\/404|[from] item: Leftovers
|-heal|p2a: Heatran|362\/386|[from] item: Leftovers
|turn|37
|
|switch|p1a: Tyranitar|Tyranitar, M|13\/385
|-damage|p1a: Tyranitar|0 fnt|[from] Stealth Rock
|faint|p1a: Tyranitar
|move|p2a: Heatran|Lava Plume|p1: Tyranitar|[notarget]
|-notarget
|
|-heal|p2a: Heatran|386\/386|[from] item: Leftovers
|
|switch|p1a: Keldeo|Keldeo|100\/323
|-damage|p1a: Keldeo|80\/323|[from] Stealth Rock
|turn|38
|
|switch|p2a: Latias|Latias, F|302\/302
|move|p1a: Keldeo|Icy Wind|p2a: Latias
|-supereffective|p2a: Latias
|-damage|p2a: Latias|200\/302
|-unboost|p2a: Latias|spe|1
|
|turn|39
|
|move|p1a: Keldeo|Scald|p2a: Latias
|-resisted|p2a: Latias
|-damage|p2a: Latias|146\/302
|move|p2a: Latias|Psyshock|p1a: Keldeo
|-supereffective|p1a: Keldeo
|-damage|p1a: Keldeo|0 fnt
|-damage|p2a: Latias|116\/302|[from] item: Life Orb
|faint|p1a: Keldeo
|
|
|switch|p1a: Mew|Mew|227\/404
|-damage|p1a: Mew|177\/404|[from] Stealth Rock
|turn|40
|
|move|p1a: Mew|Soft-Boiled|p1a: Mew
|-heal|p1a: Mew|379\/404
|move|p2a: Latias|Draco Meteor|p1a: Mew|[miss]
|-miss|p2a: Latias|p1a: Mew
|
|-heal|p1a: Mew|404\/404|[from] item: Leftovers
|turn|41
|leave|RAAAWK HAAAWK
|
|switch|p2a: Heatran|Heatran, F|386\/386
|move|p1a: Mew|Knock Off|p2a: Heatran
|-damage|p2a: Heatran|309\/386
|-enditem|p2a: Heatran|Leftovers|[from] move: Knock Off|[of] p1a: Mew
|
|turn|42
|join|RAAAWK HAAAWK
|
|move|p1a: Mew|Knock Off|p2a: Heatran
|-damage|p2a: Heatran|261\/386
|move|p2a: Heatran|Toxic|p1a: Mew
|-status|p1a: Mew|tox
|
|-damage|p1a: Mew|379\/404 tox|[from] psn
|turn|43
|-message|lt1c flcl forfeited.
|
|win|Alvok
|raw|Ladder updating...
|leave|lt1c flcl
|player|p1
|raw|lt1c flcl's rating: 1866 &rarr; <strong>1844<\/strong><br \/>(-22 for losing)
|raw|Alvok's rating: 1824 &rarr; <strong>1846<\/strong><br \/>(+22 for winning)
|leave|Alvok
|player|p2
|join|fingerscrossed
|leave|fingerscrossed
|leave|craing ;_;
|leave|NEW BREED
|join|fingerscrossed
|leave|fingerscrossed
|leave|RAAAWK HAAAWK