|join|Alvok
|join|Scarfed Eviolite
|player|p1|Alvok|256
|player|p2|Scarfed Eviolite|102
|gametype|singles
|gen|6
|tier|OU
|rated
|clearpoke
|poke|p1|Garchomp, M, shiny
|poke|p1|Crawdaunt, M
|poke|p1|Manectric, M, shiny
|poke|p1|Gengar, F
|poke|p1|Azumarill, F
|poke|p1|Landorus-Therian, M
|poke|p2|Charizard, F
|poke|p2|Terrakion
|poke|p2|Rotom-Wash
|poke|p2|Mew
|poke|p2|Sylveon, F
|poke|p2|Latios, M
|rule|Swagger Clause: Swagger is banned
|rule|Baton Pass Clause: Limit one PokÃ©mon knowing Baton Pass
|rule|Sleep Clause Mod: Limit one foe put to sleep
|rule|Species Clause: Limit one of each PokÃ©mon
|rule|OHKO Clause: OHKO moves are banned
|rule|Moody Clause: Moody is banned
|rule|Evasion Moves Clause: Evasion moves are banned
|rule|Endless Battle Clause: Forcing endless battles is banned
|rule|HP Percentage Mod: HP is shown in percentages
|teampreview
|
|start
|switch|p1a: Garchomp|Garchomp, M, shiny|358\/358
|switch|p2a: Rotom-Wash|Rotom-Wash|303\/303
|turn|1
|
|move|p1a: Garchomp|Stealth Rock|p2a: Rotom-Wash
|-sidestart|p2: Scarfed Eviolite|move: Stealth Rock
|move|p2a: Rotom-Wash|Will-O-Wisp|p1a: Garchomp
|-status|p1a: Garchomp|brn
|
|-damage|p1a: Garchomp|314\/358 brn|[from] brn
|turn|2
|
|move|p1a: Garchomp|Swords Dance|p1a: Garchomp
|-boost|p1a: Garchomp|atk|2
|move|p2a: Rotom-Wash|Volt Switch|p1a: Garchomp
|-immune|p1a: Garchomp|[msg]
|
|-damage|p1a: Garchomp|270\/358 brn|[from] brn
|turn|3
|
|switch|p2a: Sylveon|Sylveon, F|394\/394
|-damage|p2a: Sylveon|345\/394|[from] Stealth Rock
|move|p1a: Garchomp|Outrage|p2a: Sylveon
|-immune|p2a: Sylveon|[msg]
|
|-heal|p2a: Sylveon|369\/394|[from] item: Leftovers
|-damage|p1a: Garchomp|226\/358 brn|[from] brn
|turn|4
|
|move|p2a: Sylveon|Protect|p2a: Sylveon
|-singleturn|p2a: Sylveon|Protect
|move|p1a: Garchomp|Earthquake|p2a: Sylveon
|-activate|p2a: Sylveon|Protect
|
|-heal|p2a: Sylveon|393\/394|[from] item: Leftovers
|-damage|p1a: Garchomp|182\/358 brn|[from] brn
|turn|5
|
|move|p1a: Garchomp|Outrage|p2a: Sylveon
|-immune|p2a: Sylveon|[msg]
|move|p2a: Sylveon|Hyper Voice|p1a: Garchomp
|-supereffective|p1a: Garchomp
|-damage|p1a: Garchomp|0 fnt
|faint|p1a: Garchomp
|
|-heal|p2a: Sylveon|394\/394|[from] item: Leftovers
|
|switch|p1a: Gengar|Gengar, F|261\/261
|turn|6
|
|switch|p2a: Rotom-Wash|Rotom-Wash|303\/303
|-damage|p2a: Rotom-Wash|266\/303|[from] Stealth Rock
|move|p1a: Gengar|Sludge Bomb|p2a: Rotom-Wash
|-damage|p2a: Rotom-Wash|52\/303
|-damage|p1a: Gengar|235\/261|[from] item: Life Orb
|
|turn|7
|
|move|p1a: Gengar|Shadow Ball|p2a: Rotom-Wash
|-damage|p2a: Rotom-Wash|0 fnt
|-damage|p1a: Gengar|209\/261|[from] item: Life Orb
|faint|p2a: Rotom-Wash
|
|
|switch|p2a: Terrakion|Terrakion|323\/323
|-damage|p2a: Terrakion|303\/323|[from] Stealth Rock
|turn|8
|
|move|p1a: Gengar|Focus Blast|p2a: Terrakion
|-supereffective|p2a: Terrakion
|-damage|p2a: Terrakion|0 fnt
|-damage|p1a: Gengar|183\/261|[from] item: Life Orb
|faint|p2a: Terrakion
|
|
|switch|p2a: Mew|Mew|404\/404
|-damage|p2a: Mew|354\/404|[from] Stealth Rock
|turn|9
|
|move|p1a: Gengar|Shadow Ball|p2a: Mew
|-crit|p2a: Mew
|-supereffective|p2a: Mew
|-damage|p2a: Mew|0 fnt
|-damage|p1a: Gengar|157\/261|[from] item: Life Orb
|faint|p2a: Mew
|
|
|switch|p2a: Sylveon|Sylveon, F|394\/394
|-damage|p2a: Sylveon|345\/394|[from] Stealth Rock
|turn|10
|
|move|p1a: Gengar|Sludge Bomb|p2a: Sylveon
|-supereffective|p2a: Sylveon
|-damage|p2a: Sylveon|25\/394
|-damage|p1a: Gengar|131\/261|[from] item: Life Orb
|move|p2a: Sylveon|Hyper Voice|p1a: Gengar
|-resisted|p1a: Gengar
|-damage|p1a: Gengar|39\/261
|
|-heal|p2a: Sylveon|49\/394|[from] item: Leftovers
|turn|11
|
|move|p2a: Sylveon|Protect|p2a: Sylveon
|-singleturn|p2a: Sylveon|Protect
|move|p1a: Gengar|Shadow Ball|p2a: Sylveon
|-activate|p2a: Sylveon|Protect
|
|-heal|p2a: Sylveon|73\/394|[from] item: Leftovers
|turn|12
|
|move|p1a: Gengar|Shadow Ball|p2a: Sylveon
|-damage|p2a: Sylveon|0 fnt
|-damage|p1a: Gengar|13\/261|[from] item: Life Orb
|faint|p2a: Sylveon
|
|
|switch|p2a: Latios|Latios, M|301\/301
|-damage|p2a: Latios|264\/301|[from] Stealth Rock
|turn|13
|
|move|p1a: Gengar|Shadow Ball|p2a: Latios
|-supereffective|p2a: Latios
|-damage|p2a: Latios|0 fnt
|-damage|p1a: Gengar|0 fnt|[from] item: Life Orb
|faint|p2a: Latios
|faint|p1a: Gengar
|
|
|switch|p2a: Charizard|Charizard, F|359\/359
|-damage|p2a: Charizard|180\/359|[from] Stealth Rock
|switch|p1a: Azumarill|Azumarill, F|345\/345
|turn|14
|
|detailschange|p2a: Charizard|Charizard-Mega-X, F
|message|Charizard has Mega Evolved into Mega Charizard!
|move|p2a: Charizard|Roost|p2a: Charizard
|-heal|p2a: Charizard|359\/359
|move|p1a: Azumarill|Waterfall|p2a: Charizard
|-damage|p2a: Charizard|203\/359
|
|turn|15
|
|move|p2a: Charizard|Dragon Dance|p2a: Charizard
|-boost|p2a: Charizard|atk|1
|-boost|p2a: Charizard|spe|1
|move|p1a: Azumarill|Play Rough|p2a: Charizard
|-damage|p2a: Charizard|10\/359
|
|turn|16
|c|âAlvok|gg
|
|move|p1a: Azumarill|Aqua Jet|p2a: Charizard
|-damage|p2a: Charizard|0 fnt
|faint|p2a: Charizard
|
|win|Alvok
|raw|Ladder updating...
|raw|Alvok's rating: 1680 &rarr; <strong>1701<\/strong><br \/>(+21 for winning)
|raw|Scarfed Eviolite's rating: 1688 &rarr; <strong>1668<\/strong><br \/>(-20 for losing)
|leave|Alvok
|player|p1