|join|LT1A tele
|join|Alvok
|player|p1|LT1A tele|167
|player|p2|Alvok|256
|gametype|singles
|gen|6
|tier|OU
|rated
|clearpoke
|poke|p1|Slowbro, F, shiny
|poke|p1|Latios, M
|poke|p1|Heatran, F
|poke|p1|Scizor, M
|poke|p1|Clefable, F
|poke|p1|Terrakion
|poke|p2|Latios, M
|poke|p2|Medicham, M
|poke|p2|Landorus-Therian, M, shiny
|poke|p2|Heatran, F
|poke|p2|Slowbro, M
|poke|p2|Greninja, M, shiny
|rule|Swagger Clause: Swagger is banned
|rule|Baton Pass Clause: Limit one PokÃ©mon knowing Baton Pass
|rule|Sleep Clause Mod: Limit one foe put to sleep
|rule|Species Clause: Limit one of each PokÃ©mon
|rule|OHKO Clause: OHKO moves are banned
|rule|Moody Clause: Moody is banned
|rule|Evasion Moves Clause: Evasion moves are banned
|rule|Endless Battle Clause: Forcing endless battles is banned
|rule|HP Percentage Mod: HP is shown in percentages
|teampreview
|c|âLT1A tele|gl hf ^
|join|u got copy'ed
|c|âLT1A tele|lol
|c|âAlvok|got fucking dammit
|c|âAlvok|why 
|c|âAlvok|always
|c|âAlvok|you
|
|start
|switch|p1a: NOT IN MA HOUSE|Scizor, M|342\/342
|switch|p2a: Heatran|Heatran, F|386\/386
|turn|1
|c|âLT1A tele|oh im just laddering and listening some music
|
|switch|p1a: wall|Heatran, F|385\/385
|move|p2a: Heatran|Stealth Rock|p1a: wall
|-sidestart|p1: LT1A tele|move: Stealth Rock
|
|turn|2
|
|switch|p2a: Medicham|Medicham, M|261\/261
|move|p1a: wall|Stealth Rock|p2a: Medicham
|-sidestart|p2: Alvok|move: Stealth Rock
|
|turn|3
|
|switch|p2a: Greninja|Greninja, M, shiny|285\/285
|-damage|p2a: Greninja|250\/285|[from] Stealth Rock
|switch|p1a: Slowbroed what els|Slowbro, F, shiny|394\/394
|-damage|p1a: Slowbroed what els|345\/394|[from] Stealth Rock
|
|-heal|p1a: Slowbroed what els|369\/394|[from] item: Leftovers
|turn|4
|
|switch|p1a: wall 2.0|Clefable, F|394\/394
|move|p2a: Greninja|Dark Pulse|p1a: wall 2.0
|-start|p2a: Greninja|typechange|Dark|[from] Protean
|-resisted|p1a: wall 2.0
|-damage|p1a: wall 2.0|321\/394
|-damage|p2a: Greninja|222\/285|[from] item: Life Orb
|
|-heal|p1a: wall 2.0|345\/394|[from] item: Leftovers
|turn|5
|
|switch|p2a: Heatran|Heatran, F|386\/386
|-damage|p2a: Heatran|338\/386|[from] Stealth Rock
|move|p1a: wall 2.0|Moonblast|p2a: Heatran
|-resisted|p2a: Heatran
|-damage|p2a: Heatran|320\/386
|
|-heal|p2a: Heatran|344\/386|[from] item: Leftovers
|-heal|p1a: wall 2.0|369\/394|[from] item: Leftovers
|turn|6
|
|move|p1a: wall 2.0|Soft-Boiled|p1a: wall 2.0
|-heal|p1a: wall 2.0|394\/394
|move|p2a: Heatran|Roar|p1a: wall 2.0
|drag|p1a: Slowbroed what els|Slowbro, F, shiny|394\/394
|-damage|p1a: Slowbroed what els|345\/394|[from] Stealth Rock
|
|-heal|p2a: Heatran|368\/386|[from] item: Leftovers
|-heal|p1a: Slowbroed what els|369\/394|[from] item: Leftovers
|turn|7
|
|switch|p1a: wall 2.0|Clefable, F|394\/394
|move|p2a: Heatran|Toxic|p1a: wall 2.0
|-status|p1a: wall 2.0|tox
|
|-heal|p2a: Heatran|386\/386|[from] item: Leftovers
|turn|8
|
|move|p1a: wall 2.0|Calm Mind|p1a: wall 2.0
|-boost|p1a: wall 2.0|spa|1
|-boost|p1a: wall 2.0|spd|1
|move|p2a: Heatran|Roar|p1a: wall 2.0
|drag|p1a: come at me|Terrakion|324\/324
|-damage|p1a: come at me|304\/324|[from] Stealth Rock
|
|turn|9
|
|switch|p2a: Slowbro|Slowbro, M|394\/394
|-damage|p2a: Slowbro|345\/394|[from] Stealth Rock
|move|p1a: come at me|Stone Edge|p2a: Slowbro
|-damage|p2a: Slowbro|204\/394
|
|-heal|p2a: Slowbro|228\/394|[from] item: Leftovers
|turn|10
|
|switch|p2a: Heatran|Heatran, F|386\/386
|-damage|p2a: Heatran|338\/386|[from] Stealth Rock
|move|p1a: come at me|Stone Edge|p2a: Heatran
|-damage|p2a: Heatran|146\/386
|
|-heal|p2a: Heatran|170\/386|[from] item: Leftovers
|turn|11
|
|switch|p2a: Slowbro|Slowbro, M|359\/394
|-damage|p2a: Slowbro|310\/394|[from] Stealth Rock
|move|p1a: come at me|Stone Edge|p2a: Slowbro
|-damage|p2a: Slowbro|187\/394
|
|-heal|p2a: Slowbro|211\/394|[from] item: Leftovers
|turn|12
|
|switch|p1a: wall 2.0|Clefable, F|394\/394 tox
|move|p2a: Slowbro|Slack Off|p2a: Slowbro
|-heal|p2a: Slowbro|394\/394
|
|turn|13
|
|switch|p1a: come at me|Terrakion|304\/324
|-damage|p1a: come at me|284\/324|[from] Stealth Rock
|switch|p2a: Heatran|Heatran, F|170\/386
|-damage|p2a: Heatran|122\/386|[from] Stealth Rock
|
|-heal|p2a: Heatran|146\/386|[from] item: Leftovers
|turn|14
|
|switch|p1a: run n gun|Latios, M|302\/302
|-damage|p1a: run n gun|265\/302|[from] Stealth Rock
|switch|p2a: Landorus-Therian|Landorus-Therian, M, shiny|325\/325
|-damage|p2a: Landorus-Therian|285\/325|[from] Stealth Rock
|-ability|p2a: Landorus-Therian|Intimidate|[of] p1a: run n gun
|-unboost|p1a: run n gun|atk|1
|
|turn|15
|
|switch|p2a: Heatran|Heatran, F|146\/386
|-damage|p2a: Heatran|98\/386|[from] Stealth Rock
|move|p1a: run n gun|Draco Meteor|p2a: Heatran
|-resisted|p2a: Heatran
|-damage|p2a: Heatran|19\/386
|-unboost|p1a: run n gun|spa|2
|
|-heal|p2a: Heatran|43\/386|[from] item: Leftovers
|turn|16
|
|switch|p2a: Slowbro|Slowbro, M|394\/394
|-damage|p2a: Slowbro|345\/394|[from] Stealth Rock
|move|p1a: run n gun|Draco Meteor|p2a: Slowbro
|-damage|p2a: Slowbro|206\/394
|-unboost|p1a: run n gun|spa|2
|
|-heal|p2a: Slowbro|230\/394|[from] item: Leftovers
|turn|17
|
|switch|p1a: wall 2.0|Clefable, F|394\/394 tox
|switch|p2a: Greninja|Greninja, M, shiny|222\/285
|-damage|p2a: Greninja|187\/285|[from] Stealth Rock
|
|turn|18
|
|move|p2a: Greninja|Hydro Pump|p1a: wall 2.0
|-start|p2a: Greninja|typechange|Water|[from] Protean
|-damage|p1a: wall 2.0|217\/394 tox
|-damage|p2a: Greninja|159\/285|[from] item: Life Orb
|move|p1a: wall 2.0|Moonblast|p2a: Greninja
|-damage|p2a: Greninja|18\/285
|-unboost|p2a: Greninja|spa|1
|
|-heal|p1a: wall 2.0|241\/394 tox|[from] item: Leftovers
|turn|19
|
|switch|p2a: Heatran|Heatran, F|43\/386
|-damage|p2a: Heatran|0 fnt|[from] Stealth Rock
|faint|p2a: Heatran
|move|p1a: wall 2.0|Soft-Boiled|p1a: wall 2.0
|-heal|p1a: wall 2.0|394\/394 tox
|
|
|switch|p2a: Landorus-Therian|Landorus-Therian, M, shiny|285\/325
|-damage|p2a: Landorus-Therian|245\/325|[from] Stealth Rock
|-ability|p2a: Landorus-Therian|Intimidate|[of] p1a: wall 2.0
|-unboost|p1a: wall 2.0|atk|1
|turn|20
|
|switch|p1a: NOT IN MA HOUSE|Scizor, M|342\/342
|-damage|p1a: NOT IN MA HOUSE|300\/342|[from] Stealth Rock
|move|p2a: Landorus-Therian|Earthquake|p1a: NOT IN MA HOUSE
|-damage|p1a: NOT IN MA HOUSE|147\/342
|
|turn|21
|
|switch|p2a: Medicham|Medicham, M|261\/261
|-damage|p2a: Medicham|245\/261|[from] Stealth Rock
|detailschange|p1a: NOT IN MA HOUSE|Scizor-Mega, M
|message|Scizor has Mega Evolved into Mega Scizor!
|move|p1a: NOT IN MA HOUSE|Roost|p1a: NOT IN MA HOUSE
|-heal|p1a: NOT IN MA HOUSE|318\/342
|
|turn|22
|
|switch|p1a: Slowbroed what els|Slowbro, F, shiny|394\/394
|-damage|p1a: Slowbroed what els|345\/394|[from] Stealth Rock
|detailschange|p2a: Medicham|Medicham-Mega, M
|message|Medicham has Mega Evolved into Mega Medicham!
|move|p2a: Medicham|High Jump Kick|p1a: Slowbroed what els
|-resisted|p1a: Slowbroed what els
|-damage|p1a: Slowbroed what els|205\/394
|
|-heal|p1a: Slowbroed what els|229\/394|[from] item: Leftovers
|turn|23
|join|kuragg bro
|
|switch|p2a: Latios|Latios, M|302\/302
|-damage|p2a: Latios|265\/302|[from] Stealth Rock
|move|p1a: Slowbroed what els|Scald|p2a: Latios
|-resisted|p2a: Latios
|-damage|p2a: Latios|220\/302
|
|-heal|p1a: Slowbroed what els|253\/394|[from] item: Leftovers
|turn|24
|
|switch|p2a: Landorus-Therian|Landorus-Therian, M, shiny|245\/325
|-damage|p2a: Landorus-Therian|205\/325|[from] Stealth Rock
|-ability|p2a: Landorus-Therian|Intimidate|[of] p1a: Slowbroed what els
|-unboost|p1a: Slowbroed what els|atk|1
|switch|p1a: wall|Heatran, F|385\/385
|-damage|p1a: wall|337\/385|[from] Stealth Rock
|
|-heal|p1a: wall|361\/385|[from] item: Leftovers
|turn|25
|
|move|p1a: wall|Protect|p1a: wall
|-singleturn|p1a: wall|Protect
|move|p2a: Landorus-Therian|Earthquake|p1a: wall
|-activate|p1a: wall|Protect
|
|-heal|p1a: wall|385\/385|[from] item: Leftovers
|turn|26
|
|switch|p2a: Latios|Latios, M|220\/302
|-damage|p2a: Latios|183\/302|[from] Stealth Rock
|switch|p1a: run n gun|Latios, M|265\/302
|-damage|p1a: run n gun|228\/302|[from] Stealth Rock
|
|turn|27
|
|switch|p2a: Slowbro|Slowbro, M|361\/394
|-damage|p2a: Slowbro|312\/394|[from] Stealth Rock
|move|p1a: run n gun|Draco Meteor|p2a: Slowbro
|-damage|p2a: Slowbro|29\/394
|-unboost|p1a: run n gun|spa|2
|
|-heal|p2a: Slowbro|53\/394|[from] item: Leftovers
|turn|28
|
|switch|p2a: Medicham|Medicham-Mega, M|245\/261
|-damage|p2a: Medicham|229\/261|[from] Stealth Rock
|move|p1a: run n gun|Draco Meteor|p2a: Medicham
|-damage|p2a: Medicham|99\/261
|-unboost|p1a: run n gun|spa|2
|
|turn|29
|
|switch|p1a: Slowbroed what els|Slowbro, F, shiny|384\/394
|-damage|p1a: Slowbroed what els|335\/394|[from] Stealth Rock
|move|p2a: Medicham|Substitute|p2a: Medicham
|-start|p2a: Medicham|Substitute
|-damage|p2a: Medicham|34\/261
|
|-heal|p1a: Slowbroed what els|359\/394|[from] item: Leftovers
|turn|30
|
|move|p2a: Medicham|High Jump Kick|p1a: Slowbroed what els|[miss]
|-miss|p2a: Medicham|p1a: Slowbroed what els
|-damage|p2a: Medicham|0 fnt|[from] highjumpkick
|faint|p2a: Medicham
|move|p1a: Slowbroed what els|Scald|p2: Medicham|[notarget]
|-notarget
|
|-heal|p1a: Slowbroed what els|383\/394|[from] item: Leftovers
|c|âLT1A tele|lol
|-message|Alvok forfeited.
|
|win|LT1A tele
|raw|Ladder updating...
|raw|LT1A tele's rating: 1970 &rarr; <strong>1982<\/strong><br \/>(+12 for winning)
|raw|Alvok's rating: 1815 &rarr; <strong>1803<\/strong><br \/>(-12 for losing)
|leave|Alvok
|player|p2
|leave|LT1A tele
|player|p1
|leave|u got copy'ed