|join|Alvok
|join|Disorient3
|player|p1|Alvok|256
|player|p2|Disorient3|137
|gametype|singles
|gen|6
|tier|OU
|clearpoke
|poke|p1|Latias, F
|poke|p1|Scizor, M
|poke|p1|Landorus-Therian, M, shiny
|poke|p1|Heatran, F
|poke|p1|Slowbro, M
|poke|p1|Conkeldurr, M
|poke|p2|Gardevoir, F, shiny
|poke|p2|Magnezone
|poke|p2|Landorus-Therian, M
|poke|p2|Slowbro, F
|poke|p2|Ferrothorn, M
|poke|p2|Latias, F
|rule|Swagger Clause: Swagger is banned
|rule|Baton Pass Clause: Limit one PokÃ©mon knowing Baton Pass
|rule|Sleep Clause Mod: Limit one foe put to sleep
|rule|Species Clause: Limit one of each PokÃ©mon
|rule|OHKO Clause: OHKO moves are banned
|rule|Moody Clause: Moody is banned
|rule|Evasion Moves Clause: Evasion moves are banned
|rule|Endless Battle Clause: Forcing endless battles is banned
|rule|HP Percentage Mod: HP is shown in percentages
|teampreview
|
|start
|switch|p1a: Landorus-Therian|Landorus-Therian, M, shiny|320\/320
|switch|p2a: Landorus-Therian|Landorus-Therian, M|381\/381
|-ability|p1a: Landorus-Therian|Intimidate|[of] p2a: Landorus-Therian
|-unboost|p2a: Landorus-Therian|atk|1
|-ability|p2a: Landorus-Therian|Intimidate|[of] p1a: Landorus-Therian
|-unboost|p1a: Landorus-Therian|atk|1
|turn|1
|
|move|p1a: Landorus-Therian|Knock Off|p2a: Landorus-Therian
|-damage|p2a: Landorus-Therian|305\/381
|-enditem|p2a: Landorus-Therian|Leftovers|[from] move: Knock Off|[of] p1a: Landorus-Therian
|move|p2a: Landorus-Therian|Stealth Rock|p1a: Landorus-Therian
|-sidestart|p1: Alvok|move: Stealth Rock
|
|turn|2
|
|switch|p1a: Heatran|Heatran, F|386\/386
|-damage|p1a: Heatran|338\/386|[from] Stealth Rock
|move|p2a: Landorus-Therian|U-turn|p1a: Heatran
|-resisted|p1a: Heatran
|-damage|p1a: Heatran|326\/386
|
|switch|p2a: Magnezone|Magnezone|281\/281
|
|-heal|p1a: Heatran|350\/386|[from] item: Leftovers
|turn|3
|
|move|p2a: Magnezone|Volt Switch|p1a: Heatran
|-crit|p1a: Heatran
|-damage|p1a: Heatran|220\/386
|
|switch|p2a: Slowbro|Slowbro, F|394\/394
|move|p1a: Heatran|Stealth Rock|p2a: Slowbro
|-sidestart|p2: Disorient3|move: Stealth Rock
|
|-heal|p1a: Heatran|244\/386|[from] item: Leftovers
|turn|4
|
|move|p1a: Heatran|Toxic|p2a: Slowbro
|-status|p2a: Slowbro|tox
|move|p2a: Slowbro|Scald|p1a: Heatran
|-supereffective|p1a: Heatran
|-damage|p1a: Heatran|118\/386
|
|-heal|p1a: Heatran|142\/386|[from] item: Leftovers
|-damage|p2a: Slowbro|370\/394 tox|[from] psn
|turn|5
|
|switch|p1a: Latias|Latias, F|302\/302
|-damage|p1a: Latias|265\/302|[from] Stealth Rock
|move|p2a: Slowbro|Scald|p1a: Latias
|-resisted|p1a: Latias
|-damage|p1a: Latias|224\/302
|-status|p1a: Latias|brn
|
|-heal|p2a: Slowbro|394\/394 tox|[from] item: Leftovers
|-damage|p1a: Latias|187\/302 brn|[from] brn
|-damage|p2a: Slowbro|346\/394 tox|[from] psn
|turn|6
|
|switch|p2a: Gardevoir|Gardevoir, F, shiny|277\/277
|-damage|p2a: Gardevoir|243\/277|[from] Stealth Rock
|-ability|p2a: Gardevoir|Levitate|[from] ability: Trace|[of] p1a: Latias
|move|p1a: Latias|Roost|p1a: Latias
|-heal|p1a: Latias|302\/302 brn
|
|-damage|p1a: Latias|265\/302 brn|[from] brn
|turn|7
|
|switch|p1a: Heatran|Heatran, F|142\/386
|-damage|p1a: Heatran|94\/386|[from] Stealth Rock
|detailschange|p2a: Gardevoir|Gardevoir-Mega, F, shiny
|message|Gardevoir has Mega Evolved into Mega Gardevoir!
|move|p2a: Gardevoir|Will-O-Wisp|p1a: Heatran
|-start|p1a: Heatran|ability: Flash Fire
|
|-heal|p1a: Heatran|118\/386|[from] item: Leftovers
|turn|8
|
|switch|p2a: Slowbro|Slowbro, F|394\/394 tox
|-damage|p2a: Slowbro|345\/394 tox|[from] Stealth Rock
|move|p1a: Heatran|Lava Plume|p2a: Slowbro
|-resisted|p2a: Slowbro
|-damage|p2a: Slowbro|234\/394 tox
|
|-heal|p1a: Heatran|142\/386|[from] item: Leftovers
|-heal|p2a: Slowbro|258\/394 tox|[from] item: Leftovers
|-damage|p2a: Slowbro|234\/394 tox|[from] psn
|turn|9
|
|switch|p1a: Latias|Latias, F|265\/302 brn
|-damage|p1a: Latias|228\/302 brn|[from] Stealth Rock
|move|p2a: Slowbro|Scald|p1a: Latias
|-resisted|p1a: Latias
|-damage|p1a: Latias|189\/302 brn
|
|-heal|p2a: Slowbro|258\/394 tox|[from] item: Leftovers
|-damage|p1a: Latias|152\/302 brn|[from] brn
|-damage|p2a: Slowbro|210\/394 tox|[from] psn
|turn|10
|
|switch|p2a: Ferrothorn|Ferrothorn, M|352\/352
|-damage|p2a: Ferrothorn|330\/352|[from] Stealth Rock
|move|p1a: Latias|Roost|p1a: Latias
|-heal|p1a: Latias|302\/302 brn
|
|-heal|p2a: Ferrothorn|352\/352|[from] item: Leftovers
|-damage|p1a: Latias|265\/302 brn|[from] brn
|turn|11
|
|switch|p1a: Conkeldurr|Conkeldurr, M|359\/359
|-damage|p1a: Conkeldurr|337\/359|[from] Stealth Rock
|move|p2a: Ferrothorn|Leech Seed|p1a: Conkeldurr
|-start|p1a: Conkeldurr|move: Leech Seed
|
|-damage|p1a: Conkeldurr|293\/359|[from] Leech Seed|[of] p2a: Ferrothorn
|turn|12
|
|move|p2a: Ferrothorn|Protect|p2a: Ferrothorn
|-singleturn|p2a: Ferrothorn|Protect
|move|p1a: Conkeldurr|Drain Punch|p2a: Ferrothorn
|-activate|p2a: Ferrothorn|Protect
|
|-damage|p1a: Conkeldurr|249\/359|[from] Leech Seed|[of] p2a: Ferrothorn
|turn|13
|
|switch|p1a: Latias|Latias, F|265\/302 brn
|-damage|p1a: Latias|228\/302 brn|[from] Stealth Rock
|move|p2a: Ferrothorn|Power Whip|p1a: Latias
|-resisted|p1a: Latias
|-damage|p1a: Latias|160\/302 brn
|
|-damage|p1a: Latias|123\/302 brn|[from] brn
|turn|14
|
|move|p1a: Latias|Roost|p1a: Latias
|-heal|p1a: Latias|274\/302 brn
|move|p2a: Ferrothorn|Leech Seed|p1a: Latias
|-start|p1a: Latias|move: Leech Seed
|
|-damage|p1a: Latias|237\/302 brn|[from] Leech Seed|[of] p2a: Ferrothorn
|-damage|p1a: Latias|200\/302 brn|[from] brn
|turn|15
|
|switch|p1a: Heatran|Heatran, F|142\/386
|-damage|p1a: Heatran|94\/386|[from] Stealth Rock
|move|p2a: Ferrothorn|Leech Seed|p1a: Heatran
|-start|p1a: Heatran|move: Leech Seed
|
|-heal|p1a: Heatran|118\/386|[from] item: Leftovers
|-damage|p1a: Heatran|70\/386|[from] Leech Seed|[of] p2a: Ferrothorn
|turn|16
|
|switch|p1a: Conkeldurr|Conkeldurr, M|249\/359
|-damage|p1a: Conkeldurr|227\/359|[from] Stealth Rock
|switch|p2a: Slowbro|Slowbro, F|341\/394 tox
|-damage|p2a: Slowbro|292\/394 tox|[from] Stealth Rock
|
|-heal|p2a: Slowbro|316\/394 tox|[from] item: Leftovers
|-damage|p2a: Slowbro|292\/394 tox|[from] psn
|turn|17
|
|move|p1a: Conkeldurr|Knock Off|p2a: Slowbro
|-supereffective|p2a: Slowbro
|-damage|p2a: Slowbro|112\/394 tox
|-enditem|p2a: Slowbro|Leftovers|[from] move: Knock Off|[of] p1a: Conkeldurr
|move|p2a: Slowbro|Slack Off|p2a: Slowbro
|-heal|p2a: Slowbro|309\/394 tox
|
|-damage|p2a: Slowbro|261\/394 tox|[from] psn
|turn|18
|
|switch|p1a: Slowbro|Slowbro, M|394\/394
|-damage|p1a: Slowbro|345\/394|[from] Stealth Rock
|switch|p2a: Landorus-Therian|Landorus-Therian, M|305\/381
|-damage|p2a: Landorus-Therian|258\/381|[from] Stealth Rock
|-ability|p2a: Landorus-Therian|Intimidate|[of] p1a: Slowbro
|-unboost|p1a: Slowbro|atk|1
|
|-heal|p1a: Slowbro|369\/394|[from] item: Leftovers
|turn|19
|
|move|p2a: Landorus-Therian|U-turn|p1a: Slowbro
|-supereffective|p1a: Slowbro
|-damage|p1a: Slowbro|273\/394
|
|switch|p2a: Ferrothorn|Ferrothorn, M|352\/352
|-damage|p2a: Ferrothorn|330\/352|[from] Stealth Rock
|move|p1a: Slowbro|Scald|p2a: Ferrothorn
|-resisted|p2a: Ferrothorn
|-damage|p2a: Ferrothorn|296\/352
|
|-heal|p1a: Slowbro|297\/394|[from] item: Leftovers
|-heal|p2a: Ferrothorn|318\/352|[from] item: Leftovers
|turn|20
|
|move|p1a: Slowbro|Scald|p2a: Ferrothorn
|-resisted|p2a: Ferrothorn
|-damage|p2a: Ferrothorn|285\/352
|move|p2a: Ferrothorn|Leech Seed|p1a: Slowbro
|-start|p1a: Slowbro|move: Leech Seed
|
|-heal|p1a: Slowbro|321\/394|[from] item: Leftovers
|-heal|p2a: Ferrothorn|307\/352|[from] item: Leftovers
|-damage|p1a: Slowbro|272\/394|[from] Leech Seed|[of] p2a: Ferrothorn
|-heal|p2a: Ferrothorn|352\/352|[silent]
|turn|21
|c|âAlvok|where's my god damn burn when i need it
|join|jake5
|c| jake5|dis ladder?
|
|move|p1a: Slowbro|Scald|p2a: Ferrothorn
|-resisted|p2a: Ferrothorn
|-damage|p2a: Ferrothorn|317\/352
|-status|p2a: Ferrothorn|brn
|move|p2a: Ferrothorn|Power Whip|p1a: Slowbro|[miss]
|-miss|p2a: Ferrothorn|p1a: Slowbro
|
|-heal|p1a: Slowbro|296\/394|[from] item: Leftovers
|-heal|p2a: Ferrothorn|339\/352 brn|[from] item: Leftovers
|-damage|p1a: Slowbro|247\/394|[from] Leech Seed|[of] p2a: Ferrothorn
|-heal|p2a: Ferrothorn|352\/352 brn|[silent]
|-damage|p2a: Ferrothorn|308\/352 brn|[from] brn
|turn|22
|c|âAlvok|nah
|
|move|p1a: Slowbro|Slack Off|p1a: Slowbro
|-heal|p1a: Slowbro|394\/394
|move|p2a: Ferrothorn|Leech Seed|p1a: Slowbro
|-fail|p1a: Slowbro
|
|-heal|p2a: Ferrothorn|330\/352 brn|[from] item: Leftovers
|-damage|p1a: Slowbro|345\/394|[from] Leech Seed|[of] p2a: Ferrothorn
|-heal|p2a: Ferrothorn|352\/352 brn|[silent]
|-damage|p2a: Ferrothorn|308\/352 brn|[from] brn
|turn|23
|c|âAlvok|ayy
|c|âAlvok|the burn
|c| jake5|lol
|c| jake5|ferro can beat slowbro 1v1
|c| jake5|so no point staying in
|c|âAlvok|i was just getting the burn
|c|âAlvok|before i think of what to do
|
|switch|p1a: Latias|Latias, F|200\/302 brn
|-damage|p1a: Latias|163\/302 brn|[from] Stealth Rock
|move|p2a: Ferrothorn|Leech Seed|p1a: Latias
|-start|p1a: Latias|move: Leech Seed
|
|-heal|p2a: Ferrothorn|330\/352 brn|[from] item: Leftovers
|-damage|p1a: Latias|126\/302 brn|[from] Leech Seed|[of] p2a: Ferrothorn
|-heal|p2a: Ferrothorn|352\/352 brn|[silent]
|-damage|p1a: Latias|89\/302 brn|[from] brn
|-damage|p2a: Ferrothorn|308\/352 brn|[from] brn
|turn|24
|c| jake5|yeah ok i thought you wanted to try and beat it 1v1
|c|âDisorient3|1 more no burn turn woulda been Gr8
|c|âDisorient3|but its k
|
|move|p1a: Latias|Roost|p1a: Latias
|-heal|p1a: Latias|240\/302 brn
|move|p2a: Ferrothorn|Gyro Ball|p1a: Latias
|-damage|p1a: Latias|141\/302 brn
|
|-heal|p2a: Ferrothorn|330\/352 brn|[from] item: Leftovers
|-damage|p1a: Latias|104\/302 brn|[from] Leech Seed|[of] p2a: Ferrothorn
|-heal|p2a: Ferrothorn|352\/352 brn|[silent]
|-damage|p1a: Latias|67\/302 brn|[from] brn
|-damage|p2a: Ferrothorn|308\/352 brn|[from] brn
|turn|25
|
|switch|p1a: Conkeldurr|Conkeldurr, M|227\/359
|-damage|p1a: Conkeldurr|205\/359|[from] Stealth Rock
|move|p2a: Ferrothorn|Leech Seed|p1a: Conkeldurr
|-start|p1a: Conkeldurr|move: Leech Seed
|
|-heal|p2a: Ferrothorn|330\/352 brn|[from] item: Leftovers
|-damage|p1a: Conkeldurr|161\/359|[from] Leech Seed|[of] p2a: Ferrothorn
|-heal|p2a: Ferrothorn|352\/352 brn|[silent]
|-damage|p2a: Ferrothorn|308\/352 brn|[from] brn
|turn|26
|c|âAlvok|i hate playing against you, dis 
|c|âAlvok|:[
|
|move|p2a: Ferrothorn|Protect|p2a: Ferrothorn
|-singleturn|p2a: Ferrothorn|Protect
|move|p1a: Conkeldurr|Drain Punch|p2a: Ferrothorn
|-activate|p2a: Ferrothorn|Protect
|
|-heal|p2a: Ferrothorn|330\/352 brn|[from] item: Leftovers
|-damage|p1a: Conkeldurr|117\/359|[from] Leech Seed|[of] p2a: Ferrothorn
|-heal|p2a: Ferrothorn|352\/352 brn|[silent]
|-damage|p2a: Ferrothorn|308\/352 brn|[from] brn
|turn|27
|
|switch|p2a: Slowbro|Slowbro, F|392\/394 tox
|-damage|p2a: Slowbro|343\/394 tox|[from] Stealth Rock
|move|p1a: Conkeldurr|Drain Punch|p2a: Slowbro
|-resisted|p2a: Slowbro
|-damage|p2a: Slowbro|288\/394 tox
|-heal|p1a: Conkeldurr|145\/359|[from] drain|[of] p2a: Slowbro
|
|-damage|p1a: Conkeldurr|101\/359|[from] Leech Seed|[of] p2a: Slowbro
|-heal|p2a: Slowbro|332\/394 tox|[silent]
|-damage|p2a: Slowbro|308\/394 tox|[from] psn
|turn|28
|
|switch|p1a: Slowbro|Slowbro, M|394\/394
|-damage|p1a: Slowbro|345\/394|[from] Stealth Rock
|move|p2a: Slowbro|Scald|p1a: Slowbro
|-resisted|p1a: Slowbro
|-damage|p1a: Slowbro|290\/394
|-status|p1a: Slowbro|brn
|
|-heal|p1a: Slowbro|314\/394 brn|[from] item: Leftovers
|-damage|p2a: Slowbro|260\/394 tox|[from] psn
|-damage|p1a: Slowbro|265\/394 brn|[from] brn
|turn|29
|c|âAlvok|wow
|c|âDisorient3|Are you going to bring in Conk now? 
|c|âAlvok|i lost alr 
|c|âDisorient3|Also about that Mega Heracross thing
|c|âDisorient3|Maybe you should
|
|switch|p1a: Landorus-Therian|Landorus-Therian, M, shiny|320\/320
|-damage|p1a: Landorus-Therian|280\/320|[from] Stealth Rock
|-ability|p1a: Landorus-Therian|Intimidate|[of] p2a: Slowbro
|-unboost|p2a: Slowbro|atk|1
|move|p2a: Slowbro|Scald|p1a: Landorus-Therian
|-supereffective|p1a: Landorus-Therian
|-damage|p1a: Landorus-Therian|62\/320
|
|-damage|p2a: Slowbro|188\/394 tox|[from] psn
|turn|30
|c|âAlvok|sadly mega hera ain't red :[
|c|âDisorient3|It's pink when shiny
|c|âDisorient3|Close enuf
|c|âAlvok|the sprite isn't red :[
|c|âDisorient3|Lando isn't red
|c|âDisorient3|Oh I see what you mean
|c|âDisorient3|ummmmmmmmmmm Medicham is red
|
|switch|p2a: Ferrothorn|Ferrothorn, M|308\/352 brn
|-damage|p2a: Ferrothorn|286\/352 brn|[from] Stealth Rock
|move|p1a: Landorus-Therian|U-turn|p2a: Ferrothorn
|-damage|p2a: Ferrothorn|222\/352 brn
|-damage|p1a: Landorus-Therian|22\/320|[from] ability: Iron Barbs|[of] p2a: Ferrothorn
|
|switch|p1a: Scizor|Scizor, M|339\/339
|-damage|p1a: Scizor|297\/339|[from] Stealth Rock
|
|-heal|p2a: Ferrothorn|244\/352 brn|[from] item: Leftovers
|-damage|p2a: Ferrothorn|200\/352 brn|[from] brn
|turn|31
|
|switch|p2a: Magnezone|Magnezone|281\/281
|-damage|p2a: Magnezone|264\/281|[from] Stealth Rock
|detailschange|p1a: Scizor|Scizor-Mega, M
|message|Scizor has Mega Evolved into Mega Scizor!
|move|p1a: Scizor|Swords Dance|p1a: Scizor
|-boost|p1a: Scizor|atk|2
|
|turn|32
|
|move|p2a: Magnezone|Hidden Power|p1a: Scizor
|-supereffective|p1a: Scizor
|-damage|p1a: Scizor|29\/339
|move|p1a: Scizor|Knock Off|p2a: Magnezone
|-damage|p2a: Magnezone|60\/281
|-enditem|p2a: Magnezone|Choice Scarf|[from] move: Knock Off|[of] p1a: Scizor
|
|turn|33
|
|move|p1a: Scizor|Bullet Punch|p2a: Magnezone
|-resisted|p2a: Magnezone
|-damage|p2a: Magnezone|10\/281
|move|p2a: Magnezone|Hidden Power|p1a: Scizor
|-supereffective|p1a: Scizor
|-damage|p1a: Scizor|0 fnt
|faint|p1a: Scizor
|
|c|âAlvok|gg
|-message|Alvok forfeited.
|
|win|Disorient3
|c|âDisorient3|gg
|c|âAlvok|should try sub megacham
|c|âDisorient3|Did I tell you about that time
|c|âAlvok|?
|c|âDisorient3|I used TWind HW Latias + Mega Medi on rain
|c|âDisorient3|and then I actually played a rain Ditto
|c|âDisorient3|and cham killed the guys Kingdra & Omastar in rain
|c|âDisorient3|it was glorious
|c|âDisorient3|anyways bai
|c|âAlvok|lol
|c|âAlvok|err wait
|leave|Disorient3
|player|p2
|leave|Alvok
|player|p1
|join|Disorient3
|c|âDisorient3|Good he's gone...
|c|âDisorient3|I shall save this!