|join|Geebs
|join|Alvok
|player|p1|Geebs|121
|player|p2|Alvok|256
|gametype|singles
|gen|6
|tier|OU
|rated
|clearpoke
|poke|p1|Scizor, M
|poke|p1|Starmie
|poke|p1|Heatran, M
|poke|p1|Landorus-Therian, M
|poke|p1|Kyurem-Black
|poke|p1|Talonflame, F
|poke|p2|Garchomp, M
|poke|p2|Azumarill, F, shiny
|poke|p2|Diggersby, M
|poke|p2|Magnezone
|poke|p2|Latias, F
|poke|p2|Pinsir, M
|rule|Swagger Clause: Swagger is banned
|rule|Baton Pass Clause: Limit one PokÃ©mon knowing Baton Pass
|rule|Sleep Clause Mod: Limit one foe put to sleep
|rule|Species Clause: Limit one of each PokÃ©mon
|rule|OHKO Clause: OHKO moves are banned
|rule|Moody Clause: Moody is banned
|rule|Evasion Moves Clause: Evasion moves are banned
|rule|Endless Battle Clause: Forcing endless battles is banned
|rule|HP Percentage Mod: HP is shown in percentages
|teampreview
|
|start
|switch|p1a: Landorus-Therian|Landorus-Therian, M|327\/327
|switch|p2a: Garchomp|Garchomp, M|358\/358
|-ability|p1a: Landorus-Therian|Intimidate|[of] p2a: Garchomp
|-unboost|p2a: Garchomp|atk|1
|turn|1
|
|move|p1a: Landorus-Therian|U-turn|p2a: Garchomp
|-damage|p2a: Garchomp|269\/358
|-damage|p1a: Landorus-Therian|287\/327|[from] ability: Rough Skin|[of] p2a: Garchomp
|
|switch|p1a: Starmie|Starmie|324\/324
|move|p2a: Garchomp|Stealth Rock|p1a: Starmie
|-sidestart|p1: Geebs|move: Stealth Rock
|
|turn|2
|
|move|p1a: Starmie|Scald|p2a: Garchomp
|-damage|p2a: Garchomp|163\/358
|move|p2a: Garchomp|Outrage|p1a: Starmie
|-damage|p1a: Starmie|171\/324
|
|-heal|p1a: Starmie|191\/324|[from] item: Leftovers
|turn|3
|
|move|p1a: Starmie|Recover|p1a: Starmie
|-heal|p1a: Starmie|324\/324
|move|p2a: Garchomp|Outrage|p1a: Starmie
|-damage|p1a: Starmie|165\/324
|
|-end|p2a: Garchomp|rampage
|-start|p2a: Garchomp|confusion
|-heal|p1a: Starmie|185\/324|[from] item: Leftovers
|-enditem|p2a: Garchomp|Lum Berry|[eat]
|-end|p2a: Garchomp|confusion
|turn|4
|
|move|p1a: Starmie|Scald|p2a: Garchomp
|-damage|p2a: Garchomp|52\/358
|move|p2a: Garchomp|Outrage|p1a: Starmie
|-damage|p1a: Starmie|19\/324
|
|-heal|p1a: Starmie|39\/324|[from] item: Leftovers
|turn|5
|
|move|p1a: Starmie|Recover|p1a: Starmie
|-heal|p1a: Starmie|201\/324
|move|p2a: Garchomp|Outrage|p1a: Starmie
|-damage|p1a: Starmie|51\/324
|
|-end|p2a: Garchomp|rampage
|-start|p2a: Garchomp|confusion
|-heal|p1a: Starmie|71\/324|[from] item: Leftovers
|turn|6
|
|move|p1a: Starmie|Recover|p1a: Starmie
|-heal|p1a: Starmie|233\/324
|-activate|p2a: Garchomp|confusion
|-damage|p2a: Garchomp|20\/358|[from] confusion
|
|-heal|p1a: Starmie|253\/324|[from] item: Leftovers
|turn|7
|
|switch|p2a: Azumarill|Azumarill, F, shiny|401\/401
|move|p1a: Starmie|Rapid Spin|p2a: Azumarill
|-damage|p2a: Azumarill|389\/401
|-sideend|p1: Geebs|Stealth Rock|[from] move: Rapid Spin|[of] p1a: Starmie
|
|-heal|p1a: Starmie|273\/324|[from] item: Leftovers
|turn|8
|
|switch|p1a: Scizor|Scizor, M|344\/344
|switch|p2a: Magnezone|Magnezone|281\/281
|
|turn|9
|
|detailschange|p1a: Scizor|Scizor-Mega, M
|message|Scizor has Mega Evolved into Mega Scizor!
|move|p2a: Magnezone|Hidden Power|p1a: Scizor
|-supereffective|p1a: Scizor
|-damage|p1a: Scizor|72\/344
|move|p1a: Scizor|Knock Off|p2a: Magnezone
|-damage|p2a: Magnezone|192\/281
|-enditem|p2a: Magnezone|Choice Scarf|[from] move: Knock Off|[of] p1a: Scizor
|
|turn|10
|
|move|p1a: Scizor|Bullet Punch|p2a: Magnezone
|-resisted|p2a: Magnezone
|-damage|p2a: Magnezone|172\/281
|move|p2a: Magnezone|Volt Switch|p1a: Scizor
|-damage|p1a: Scizor|0 fnt
|faint|p1a: Scizor
|
|switch|p2a: Diggersby|Diggersby, M|311\/311
|
|
|switch|p1a: Starmie|Starmie|273\/324
|turn|11
|
|move|p1a: Starmie|Scald|p2a: Diggersby
|-supereffective|p2a: Diggersby
|-damage|p2a: Diggersby|93\/311
|-status|p2a: Diggersby|brn
|move|p2a: Diggersby|Return|p1a: Starmie
|-damage|p1a: Starmie|153\/324
|
|-heal|p1a: Starmie|173\/324|[from] item: Leftovers
|-damage|p2a: Diggersby|55\/311 brn|[from] brn
|turn|12
|c|âAlvok|zzzz
|c|âAlvok|are you fucking serious
|c|âAlvok|urghhhh
|
|switch|p2a: Azumarill|Azumarill, F, shiny|389\/401
|move|p1a: Starmie|Recover|p1a: Starmie
|-heal|p1a: Starmie|324\/324
|
|turn|13
|
|move|p1a: Starmie|Scald|p2a: Azumarill
|-resisted|p2a: Azumarill
|-damage|p2a: Azumarill|350\/401
|move|p2a: Azumarill|Knock Off|p1a: Starmie
|-supereffective|p1a: Starmie
|-damage|p1a: Starmie|4\/324
|-enditem|p1a: Starmie|Leftovers|[from] move: Knock Off|[of] p2a: Azumarill
|
|turn|14
|
|move|p2a: Azumarill|Aqua Jet|p1a: Starmie
|-resisted|p1a: Starmie
|-damage|p1a: Starmie|0 fnt
|faint|p1a: Starmie
|
|
|switch|p1a: Kyurem-Black|Kyurem-Black|391\/391
|-ability|p1a: Kyurem-Black|Teravolt
|turn|15
|
|switch|p2a: Diggersby|Diggersby, M|55\/311 brn
|move|p1a: Kyurem-Black|Fusion Bolt|p2a: Diggersby
|-immune|p2a: Diggersby|[msg]
|
|-damage|p2a: Diggersby|17\/311 brn|[from] brn
|turn|16
|
|switch|p1a: Landorus-Therian|Landorus-Therian, M|287\/327
|-ability|p1a: Landorus-Therian|Intimidate|[of] p2a: Diggersby
|-unboost|p2a: Diggersby|atk|1
|move|p2a: Diggersby|Quick Attack|p1a: Landorus-Therian
|-damage|p1a: Landorus-Therian|256\/327
|
|-damage|p2a: Diggersby|0 fnt|[from] brn
|faint|p2a: Diggersby
|
|switch|p2a: Azumarill|Azumarill, F, shiny|350\/401
|turn|17
|join|asdfCookie
|
|move|p1a: Landorus-Therian|U-turn|p2a: Azumarill
|-resisted|p2a: Azumarill
|-damage|p2a: Azumarill|299\/401
|
|switch|p1a: Heatran|Heatran, M|386\/386
|move|p2a: Azumarill|Play Rough|p1a: Heatran
|-resisted|p1a: Heatran
|-damage|p1a: Heatran|346\/386
|
|-heal|p1a: Heatran|370\/386|[from] item: Leftovers
|turn|18
|
|move|p1a: Heatran|Will-O-Wisp|p2a: Azumarill
|-status|p2a: Azumarill|brn
|move|p2a: Azumarill|Waterfall|p1a: Heatran
|-supereffective|p1a: Heatran
|-damage|p1a: Heatran|208\/386
|
|-heal|p1a: Heatran|232\/386|[from] item: Leftovers
|-damage|p2a: Azumarill|249\/401 brn|[from] brn
|turn|19
|
|move|p1a: Heatran|Stealth Rock|p2a: Azumarill
|-sidestart|p2: Alvok|move: Stealth Rock
|move|p2a: Azumarill|Play Rough|p1a: Heatran
|-resisted|p1a: Heatran
|-damage|p1a: Heatran|213\/386
|
|-heal|p1a: Heatran|237\/386|[from] item: Leftovers
|-damage|p2a: Azumarill|199\/401 brn|[from] brn
|turn|20
|
|switch|p1a: Kyurem-Black|Kyurem-Black|391\/391
|-ability|p1a: Kyurem-Black|Teravolt
|switch|p2a: Latias|Latias, F|319\/319
|-damage|p2a: Latias|280\/319|[from] Stealth Rock
|
|turn|21
|
|switch|p2a: Magnezone|Magnezone|172\/281
|-damage|p2a: Magnezone|155\/281|[from] Stealth Rock
|move|p1a: Kyurem-Black|Fusion Bolt|p2a: Magnezone
|-resisted|p2a: Magnezone
|-damage|p2a: Magnezone|102\/281
|
|turn|22
|
|move|p1a: Kyurem-Black|Earth Power|p2a: Magnezone
|-supereffective|p2a: Magnezone
|-damage|p2a: Magnezone|0 fnt
|faint|p2a: Magnezone
|
|
|switch|p2a: Latias|Latias, F|280\/319
|-damage|p2a: Latias|241\/319|[from] Stealth Rock
|turn|23
|
|move|p2a: Latias|Healing Wish|p2a: Latias
|faint|p2a: Latias
|move|p1a: Kyurem-Black|Ice Beam|p2: Latias|[notarget]
|-notarget
|
|
|switch|p2a: Garchomp|Garchomp, M|20\/358
|-heal|p2a: Garchomp|358\/358|[from] move: Healing Wish
|-damage|p2a: Garchomp|336\/358|[from] Stealth Rock
|turn|24
|
|move|p2a: Garchomp|Stealth Rock|p1a: Kyurem-Black
|-sidestart|p1: Geebs|move: Stealth Rock
|move|p1a: Kyurem-Black|Ice Beam|p2a: Garchomp
|-supereffective|p2a: Garchomp
|-damage|p2a: Garchomp|0 fnt
|faint|p2a: Garchomp
|
|
|switch|p2a: Pinsir|Pinsir, M|271\/271
|-damage|p2a: Pinsir|204\/271|[from] Stealth Rock
|turn|25
|
|detailschange|p2a: Pinsir|Pinsir-Mega, M
|message|Pinsir has Mega Evolved into Mega Pinsir!
|move|p2a: Pinsir|Close Combat|p1a: Kyurem-Black
|-supereffective|p1a: Kyurem-Black
|-damage|p1a: Kyurem-Black|11\/391
|-unboost|p2a: Pinsir|def|1
|-unboost|p2a: Pinsir|spd|1
|move|p1a: Kyurem-Black|Ice Beam|p2a: Pinsir
|-supereffective|p2a: Pinsir
|-damage|p2a: Pinsir|0 fnt
|faint|p2a: Pinsir
|
|-message|Alvok forfeited.
|
|win|Geebs
|raw|Ladder updating...
|raw|Geebs's rating: 1685 &rarr; <strong>1707<\/strong><br \/>(+22 for winning)
|raw|Alvok's rating: 1705 &rarr; <strong>1684<\/strong><br \/>(-21 for losing)
|leave|Alvok
|player|p2
|leave|asdfCookie