|join|AM Vicious
|join|Alvok
|player|p1|AM Vicious|80
|player|p2|Alvok|256
|gametype|singles
|gen|6
|tier|OU
|clearpoke
|poke|p1|Klefki, M
|poke|p1|Crawdaunt, F
|poke|p1|Scolipede, F
|poke|p1|Heracross, F
|poke|p1|Manaphy
|poke|p1|Zygarde
|poke|p2|Charizard, M
|poke|p2|Tyranitar, F
|poke|p2|Excadrill, M
|poke|p2|Keldeo
|poke|p2|Latios, M
|poke|p2|Kyurem-Black, shiny
|rule|Swagger Clause: Swagger is banned
|rule|Baton Pass Clause: Limit one PokÃ©mon knowing Baton Pass
|rule|Sleep Clause Mod: Limit one foe put to sleep
|rule|Species Clause: Limit one of each PokÃ©mon
|rule|OHKO Clause: OHKO moves are banned
|rule|Moody Clause: Moody is banned
|rule|Evasion Moves Clause: Evasion moves are banned
|rule|Endless Battle Clause: Forcing endless battles is banned
|rule|HP Percentage Mod: HP is shown in percentages
|teampreview
|join|Mollete
|
|start
|switch|p1a: Bubbles|Manaphy|401\/401
|switch|p2a: Tyranitar|Tyranitar, F|403\/403
|-weather|Sandstorm
|turn|1
|
|move|p1a: Bubbles|Tail Glow|p1a: Bubbles
|-boost|p1a: Bubbles|spa|3
|move|p2a: Tyranitar|Stealth Rock|p1a: Bubbles
|-sidestart|p1: AM Vicious|move: Stealth Rock
|
|-weather|Sandstorm|[upkeep]
|-damage|p1a: Bubbles|376\/401|[from] sandstorm
|-heal|p1a: Bubbles|401\/401|[from] item: Leftovers
|turn|2
|join|Beevo13
|join|riraiteu
|
|switch|p2a: Latios|Latios, M|301\/301
|move|p1a: Bubbles|Scald|p2a: Latios
|-resisted|p2a: Latios
|-damage|p2a: Latios|161\/301
|
|-weather|Sandstorm|[upkeep]
|-damage|p2a: Latios|143\/301|[from] sandstorm
|-damage|p1a: Bubbles|376\/401|[from] sandstorm
|-heal|p1a: Bubbles|401\/401|[from] item: Leftovers
|turn|3
|
|move|p2a: Latios|Draco Meteor|p1a: Bubbles|[miss]
|-miss|p2a: Latios|p1a: Bubbles
|move|p1a: Bubbles|Ice Beam|p2a: Latios
|-supereffective|p2a: Latios
|-damage|p2a: Latios|0 fnt
|faint|p2a: Latios
|
|-weather|Sandstorm|[upkeep]
|-damage|p1a: Bubbles|376\/401|[from] sandstorm
|-heal|p1a: Bubbles|401\/401|[from] item: Leftovers
|c|âAlvok|zzzzz
|c|âAM Vicious|ouch .-.
|c|âAlvok|you serious
|
|switch|p2a: Kyurem-Black|Kyurem-Black, shiny|391\/391
|-ability|p2a: Kyurem-Black|Teravolt
|turn|4
|
|move|p2a: Kyurem-Black|Fusion Bolt|p1a: Bubbles
|-supereffective|p1a: Bubbles
|-damage|p1a: Bubbles|129\/401
|move|p1a: Bubbles|Ice Beam|p2a: Kyurem-Black
|-damage|p2a: Kyurem-Black|99\/391
|
|-weather|Sandstorm|[upkeep]
|-damage|p2a: Kyurem-Black|75\/391|[from] sandstorm
|-damage|p1a: Bubbles|104\/401|[from] sandstorm
|-heal|p1a: Bubbles|129\/401|[from] item: Leftovers
|turn|5
|
|switch|p1a: Legen-wait for it.|Zygarde|420\/420
|-damage|p1a: Legen-wait for it.|394\/420|[from] Stealth Rock
|-ability|p1a: Legen-wait for it.|Aura Break
|move|p2a: Kyurem-Black|Fusion Bolt|p1a: Legen-wait for it.
|-immune|p1a: Legen-wait for it.|[msg]
|
|-weather|Sandstorm|[upkeep]
|-damage|p2a: Kyurem-Black|51\/391|[from] sandstorm
|-heal|p1a: Legen-wait for it.|420\/420|[from] item: Leftovers
|turn|6
|
|switch|p2a: Keldeo|Keldeo|323\/323
|move|p1a: Legen-wait for it.|Extreme Speed|p2a: Keldeo
|-damage|p2a: Keldeo|257\/323
|
|-weather|Sandstorm|[upkeep]
|-damage|p2a: Keldeo|237\/323|[from] sandstorm
|turn|7
|
|move|p2a: Keldeo|Hydro Pump|p1a: Legen-wait for it.
|-damage|p1a: Legen-wait for it.|200\/420
|move|p1a: Legen-wait for it.|Earthquake|p2a: Keldeo
|-damage|p2a: Keldeo|96\/323
|
|-weather|Sandstorm|[upkeep]
|-damage|p2a: Keldeo|76\/323|[from] sandstorm
|-heal|p1a: Legen-wait for it.|226\/420|[from] item: Leftovers
|turn|8
|
|move|p2a: Keldeo|Hydro Pump|p1a: Legen-wait for it.
|-damage|p1a: Legen-wait for it.|0 fnt
|faint|p1a: Legen-wait for it.
|
|-weather|none
|c|âAM Vicious|min max tho >.>
|
|switch|p1a: Klefki'd ur car|Klefki, M|287\/287
|-damage|p1a: Klefki'd ur car|270\/287|[from] Stealth Rock
|turn|9
|c|âAM Vicious|i cant deal
|
|move|p1a: Klefki'd ur car|Light Screen|p1a: Klefki'd ur car
|-sidestart|p1: AM Vicious|move: Light Screen
|move|p2a: Keldeo|Hydro Pump|p1a: Klefki'd ur car
|-damage|p1a: Klefki'd ur car|99\/287
|
|turn|10
|
|move|p1a: Klefki'd ur car|Thunder Wave|p2a: Keldeo
|-status|p2a: Keldeo|par
|move|p2a: Keldeo|Hydro Pump|p1a: Klefki'd ur car
|-damage|p1a: Klefki'd ur car|0 fnt
|faint|p1a: Klefki'd ur car
|
|
|switch|p1a: Clutch Mode|Scolipede, F|261\/261
|-damage|p1a: Clutch Mode|196\/261|[from] Stealth Rock
|turn|11
|
|switch|p2a: Charizard|Charizard, M|297\/297
|move|p1a: Clutch Mode|Swords Dance|p1a: Clutch Mode
|-boost|p1a: Clutch Mode|atk|2
|
|-boost|p1a: Clutch Mode|spe|1|[from] ability: Speed Boost
|turn|12
|leave|Beevo13
|
|detailschange|p2a: Charizard|Charizard-Mega-Y, M
|-mega|p2a: Charizard|Charizard|Charizardite Y
|-weather|SunnyDay
|move|p1a: Clutch Mode|Baton Pass|p1a: Clutch Mode
|
|switch|p1a: Engage|Heracross, F|322\/322
|-damage|p1a: Engage|282\/322|[from] Stealth Rock
|move|p2a: Charizard|Flamethrower|p1a: Engage
|-supereffective|p1a: Engage
|-damage|p1a: Engage|44\/322
|
|-weather|SunnyDay|[upkeep]
|turn|13
|leave|Mollete
|c|âAlvok|wow it lived ....
|c|âAlvok|im shocked
|
|switch|p2a: Tyranitar|Tyranitar, F|403\/403
|-weather|Sandstorm
|detailschange|p1a: Engage|Heracross-Mega, F
|-mega|p1a: Engage|Heracross|Heracronite
|move|p1a: Engage|Rock Blast|p2a: Tyranitar
|-damage|p2a: Tyranitar|327\/403
|-damage|p2a: Tyranitar|260\/403
|-damage|p2a: Tyranitar|190\/403
|-damage|p2a: Tyranitar|125\/403
|-damage|p2a: Tyranitar|58\/403
|-hitcount|p2a: Tyranitar|5
|
|-weather|Sandstorm|[upkeep]
|-damage|p1a: Engage|24\/322|[from] sandstorm
|turn|14
|
|switch|p2a: Keldeo|Keldeo|76\/323 par
|move|p1a: Engage|Bullet Seed|p2a: Keldeo
|-supereffective|p2a: Keldeo
|-damage|p2a: Keldeo|0 fnt
|-hitcount|p2a: Keldeo|1
|faint|p2a: Keldeo
|
|-weather|Sandstorm|[upkeep]
|-damage|p1a: Engage|4\/322|[from] sandstorm
|
|switch|p2a: Excadrill|Excadrill, M|361\/361
|turn|15
|
|move|p1a: Engage|Feint|p2a: Excadrill
|-crit|p2a: Excadrill
|-resisted|p2a: Excadrill
|-damage|p2a: Excadrill|249\/361
|move|p2a: Excadrill|Iron Head|p1a: Engage
|-damage|p1a: Engage|0 fnt
|-damage|p2a: Excadrill|213\/361|[from] item: Life Orb
|faint|p1a: Engage
|
|-weather|Sandstorm|[upkeep]
|
|switch|p1a: Just 2 Hit Things|Crawdaunt, F|268\/268
|-damage|p1a: Just 2 Hit Things|235\/268|[from] Stealth Rock
|turn|16
|
|switch|p2a: Kyurem-Black|Kyurem-Black, shiny|51\/391
|-ability|p2a: Kyurem-Black|Teravolt
|move|p1a: Just 2 Hit Things|Aqua Jet|p2a: Kyurem-Black
|-resisted|p2a: Kyurem-Black
|-damage|p2a: Kyurem-Black|5\/391
|
|-weather|Sandstorm|[upkeep]
|-damage|p2a: Kyurem-Black|0 fnt|[from] sandstorm
|-damage|p1a: Just 2 Hit Things|219\/268|[from] sandstorm
|-sideend|p1: AM Vicious|move: Light Screen
|faint|p2a: Kyurem-Black
|
|switch|p2a: Charizard|Charizard-Mega-Y, M|297\/297
|-weather|SunnyDay
|turn|17
|
|switch|p1a: Bubbles|Manaphy|129\/401
|-damage|p1a: Bubbles|79\/401|[from] Stealth Rock
|move|p2a: Charizard|Solar Beam|p1a: Bubbles|[still]
|-prepare|p2a: Charizard|Solar Beam|p1a: Bubbles
|-anim|p2a: Charizard|Solar Beam|p1a: Bubbles
|-supereffective|p1a: Bubbles
|-damage|p1a: Bubbles|0 fnt
|faint|p1a: Bubbles
|
|-weather|SunnyDay|[upkeep]
|
|switch|p1a: Clutch Mode|Scolipede, F|196\/261
|-damage|p1a: Clutch Mode|131\/261|[from] Stealth Rock
|turn|18
|
|move|p1a: Clutch Mode|Poison Jab|p2a: Charizard
|-damage|p2a: Charizard|161\/297
|-status|p2a: Charizard|psn
|move|p2a: Charizard|Flamethrower|p1a: Clutch Mode
|-supereffective|p1a: Clutch Mode
|-damage|p1a: Clutch Mode|0 fnt
|faint|p1a: Clutch Mode
|
|-weather|SunnyDay|[upkeep]
|-damage|p2a: Charizard|124\/297 psn|[from] psn
|c|âAlvok|..........
|
|switch|p1a: Just 2 Hit Things|Crawdaunt, F|219\/268
|-damage|p1a: Just 2 Hit Things|186\/268|[from] Stealth Rock
|turn|19
|c|âAlvok|WTF
|c|âAlvok|that poison
|c|âAlvok|JUST WON YOU THE GAME
|c|âAlvok|252+ Atk Life Orb Adaptability Crawdaunt Aqua Jet vs. 0 HP \/ 4 Def Mega Charizard Y in Sun: 146-172 (49.1 - 57.9%) -- 96.5% chance to 2HKO
|c|âAM Vicious|...if this kill anyways
|c|âAlvok|it would had been a roll
|c|âAlvok|it was a roll if you did not poison me
|c|âAM Vicious|>life orbed
|c|âAM Vicious|lmao
|
|move|p1a: Just 2 Hit Things|Aqua Jet|p2a: Charizard
|-supereffective|p2a: Charizard
|-damage|p2a: Charizard|0 fnt
|faint|p2a: Charizard
|
|-weather|SunnyDay|[upkeep]
|c|âAlvok|see -.-
|
|switch|p2a: Tyranitar|Tyranitar, F|58\/403
|-weather|Sandstorm
|turn|20
|
|move|p1a: Just 2 Hit Things|Aqua Jet|p2a: Tyranitar
|-supereffective|p2a: Tyranitar
|-damage|p2a: Tyranitar|0 fnt
|faint|p2a: Tyranitar
|
|-weather|Sandstorm|[upkeep]
|-damage|p1a: Just 2 Hit Things|170\/268|[from] sandstorm
|
|switch|p2a: Excadrill|Excadrill, M|213\/361
|turn|21
|
|move|p1a: Just 2 Hit Things|Aqua Jet|p2a: Excadrill
|-supereffective|p2a: Excadrill
|-damage|p2a: Excadrill|0 fnt
|faint|p2a: Excadrill
|
|win|AM Vicious
|c|âAlvok|you won cus of that ....
|c|âAlvok|urghhh
|leave|Alvok
|player|p2
|leave|AM Vicious
|player|p1
|join|The DragonKnight
|leave|The DragonKnight