|join|keroluxray
|join|Alvok
|player|p1|keroluxray|126
|player|p2|Alvok|256
|gametype|singles
|gen|6
|tier|OU
|rated
|clearpoke
|poke|p1|Talonflame, F
|poke|p1|Azumarill, F
|poke|p1|Conkeldurr, M
|poke|p1|Scizor, M
|poke|p1|Landorus-Therian, M
|poke|p1|Froslass, F
|poke|p2|Talonflame, M
|poke|p2|Raikou, shiny
|poke|p2|Excadrill, M
|poke|p2|Pinsir, M
|poke|p2|Greninja, M, shiny
|poke|p2|Terrakion
|rule|Swagger Clause: Swagger is banned
|rule|Baton Pass Clause: Limit one PokÃ©mon knowing Baton Pass
|rule|Sleep Clause Mod: Limit one foe put to sleep
|rule|Species Clause: Limit one of each PokÃ©mon
|rule|OHKO Clause: OHKO moves are banned
|rule|Moody Clause: Moody is banned
|rule|Evasion Moves Clause: Evasion moves are banned
|rule|Endless Battle Clause: Forcing endless battles is banned
|rule|HP Percentage Mod: HP is shown in percentages
|teampreview
|
|start
|switch|p1a: Froslass|Froslass, F|282\/282
|switch|p2a: Excadrill|Excadrill, M|362\/362
|-ability|p2a: Excadrill|Mold Breaker
|turn|1
|
|move|p2a: Excadrill|Iron Head|p1a: Froslass
|-supereffective|p1a: Froslass
|-enditem|p1a: Froslass|Focus Sash
|-damage|p1a: Froslass|1\/282
|move|p1a: Froslass|Icy Wind|p2a: Excadrill
|-damage|p2a: Excadrill|269\/362
|-unboost|p2a: Excadrill|spe|1
|
|turn|2
|
|move|p1a: Froslass|Destiny Bond|p1a: Froslass
|-singlemove|p1a: Froslass|Destiny Bond
|move|p2a: Excadrill|Iron Head|p1a: Froslass
|-supereffective|p1a: Froslass
|-damage|p1a: Froslass|0 fnt
|faint|p1a: Froslass
|-activate|p1a: Froslass|Destiny Bond
|faint|p2a: Excadrill
|
|c|âAlvok|:[
|
|switch|p2a: Terrakion|Terrakion|324\/324
|switch|p1a: Landorus-Therian|Landorus-Therian, M|382\/382
|-ability|p1a: Landorus-Therian|Intimidate|[of] p2a: Terrakion
|-unboost|p2a: Terrakion|atk|1
|turn|3
|
|move|p2a: Terrakion|Stealth Rock|p1a: Landorus-Therian
|-sidestart|p1: keroluxray|move: Stealth Rock
|move|p1a: Landorus-Therian|Substitute|p1a: Landorus-Therian
|-start|p1a: Landorus-Therian|Substitute
|-damage|p1a: Landorus-Therian|287\/382
|
|turn|4
|
|move|p2a: Terrakion|Stone Edge|p1a: Landorus-Therian
|-end|p1a: Landorus-Therian|Substitute
|move|p1a: Landorus-Therian|Stealth Rock|p2a: Terrakion
|-sidestart|p2: Alvok|move: Stealth Rock
|
|turn|5
|
|move|p2a: Terrakion|Stone Edge|p1a: Landorus-Therian
|-damage|p1a: Landorus-Therian|200\/382
|move|p1a: Landorus-Therian|Earthquake|p2a: Terrakion
|-supereffective|p2a: Terrakion
|-enditem|p2a: Terrakion|Focus Sash
|-damage|p2a: Terrakion|1\/324
|-damage|p1a: Landorus-Therian|162\/382|[from] item: Life Orb
|
|turn|6
|
|move|p2a: Terrakion|Stone Edge|p1a: Landorus-Therian
|-damage|p1a: Landorus-Therian|72\/382
|move|p1a: Landorus-Therian|Earthquake|p2a: Terrakion
|-supereffective|p2a: Terrakion
|-damage|p2a: Terrakion|0 fnt
|-damage|p1a: Landorus-Therian|34\/382|[from] item: Life Orb
|faint|p2a: Terrakion
|
|
|switch|p2a: Raikou|Raikou, shiny|321\/321
|-damage|p2a: Raikou|281\/321|[from] Stealth Rock
|-ability|p2a: Raikou|Pressure
|turn|7
|
|move|p2a: Raikou|Hidden Power|p1a: Landorus-Therian
|-supereffective|p1a: Landorus-Therian
|-damage|p1a: Landorus-Therian|0 fnt
|faint|p1a: Landorus-Therian
|
|
|switch|p1a: Azumarill|Azumarill, F|342\/342
|-damage|p1a: Azumarill|300\/342|[from] Stealth Rock
|turn|8
|
|switch|p2a: Greninja|Greninja, M, shiny|285\/285
|-damage|p2a: Greninja|250\/285|[from] Stealth Rock
|move|p1a: Azumarill|Belly Drum|p1a: Azumarill
|-damage|p1a: Azumarill|129\/342
|-setboost|p1a: Azumarill|atk|6|[from] move: Belly Drum
|-enditem|p1a: Azumarill|Sitrus Berry|[eat]
|-heal|p1a: Azumarill|214\/342|[from] item: Sitrus Berry
|
|turn|9
|
|move|p1a: Azumarill|Aqua Jet|p2a: Greninja
|-resisted|p2a: Greninja
|-damage|p2a: Greninja|20\/285
|move|p2a: Greninja|Hydro Pump|p1a: Azumarill
|-start|p2a: Greninja|typechange|Water|[from] Protean
|-resisted|p1a: Azumarill
|-damage|p1a: Azumarill|81\/342
|-damage|p2a: Greninja|0 fnt|[from] item: Life Orb
|faint|p2a: Greninja
|
|
|switch|p2a: Pinsir|Pinsir, M|271\/271
|-damage|p2a: Pinsir|204\/271|[from] Stealth Rock
|turn|10
|
|detailschange|p2a: Pinsir|Pinsir-Mega, M
|message|Pinsir has Mega Evolved into Mega Pinsir!
|move|p2a: Pinsir|Quick Attack|p1a: Azumarill
|-damage|p1a: Azumarill|0 fnt
|faint|p1a: Azumarill
|
|
|switch|p1a: Talonflame|Talonflame, F|297\/297
|-damage|p1a: Talonflame|149\/297|[from] Stealth Rock
|turn|11
|
|move|p1a: Talonflame|Aerial Ace|p2a: Pinsir
|-supereffective|p2a: Pinsir
|-damage|p2a: Pinsir|0 fnt
|faint|p2a: Pinsir
|
|
|switch|p2a: Raikou|Raikou, shiny|281\/321
|-damage|p2a: Raikou|241\/321|[from] Stealth Rock
|-ability|p2a: Raikou|Pressure
|turn|12
|
|switch|p1a: Conkeldurr|Conkeldurr, M|413\/413
|-damage|p1a: Conkeldurr|388\/413|[from] Stealth Rock
|move|p2a: Raikou|Thunderbolt|p1a: Conkeldurr
|-damage|p1a: Conkeldurr|162\/413
|
|turn|13
|
|move|p1a: Conkeldurr|Mach Punch|p2a: Raikou
|-damage|p2a: Raikou|127\/321
|move|p2a: Raikou|Thunderbolt|p1a: Conkeldurr
|-damage|p1a: Conkeldurr|0 fnt
|faint|p1a: Conkeldurr
|
|
|switch|p1a: Talonflame|Talonflame, F|149\/297
|-damage|p1a: Talonflame|1\/297|[from] Stealth Rock
|turn|14
|
|move|p1a: Talonflame|Brave Bird|p2a: Raikou
|-resisted|p2a: Raikou
|-damage|p2a: Raikou|0 fnt
|-damage|p1a: Talonflame|0 fnt|[from] recoil|[of] p2a: Raikou
|faint|p2a: Raikou
|faint|p1a: Talonflame
|
|
|switch|p2a: Talonflame|Talonflame, M|297\/297
|-damage|p2a: Talonflame|149\/297|[from] Stealth Rock
|switch|p1a: Scizor|Scizor, M|281\/281
|-damage|p1a: Scizor|246\/281|[from] Stealth Rock
|turn|15
|
|detailschange|p1a: Scizor|Scizor-Mega, M
|message|Scizor has Mega Evolved into Mega Scizor!
|move|p1a: Scizor|Bullet Punch|p2a: Talonflame
|-resisted|p2a: Talonflame
|-damage|p2a: Talonflame|65\/297
|move|p2a: Talonflame|Flare Blitz|p1a: Scizor
|-supereffective|p1a: Scizor
|-damage|p1a: Scizor|0 fnt
|-damage|p2a: Talonflame|0 fnt|[from] recoil|[of] p1a: Scizor
|faint|p1a: Scizor
|faint|p2a: Talonflame
|
|win|Alvok
|raw|Ladder updating...
|raw|keroluxray's rating: 1778 &rarr; <strong>1754<\/strong><br \/>(-24 for losing)
|raw|Alvok's rating: 1704 &rarr; <strong>1728<\/strong><br \/>(+24 for winning)
|leave|Alvok
|player|p2