|join|Alvok
|join|shonsp
|player|p1|Alvok|261
|player|p2|shonsp|2
|gametype|singles
|gen|6
|tier|OU
|clearpoke
|poke|p1|Latias, F
|poke|p1|Scizor, M
|poke|p1|Landorus-Therian, M, shiny
|poke|p1|Heatran, F
|poke|p1|Slowbro, M
|poke|p1|Conkeldurr, M
|poke|p2|Keldeo-Resolute
|poke|p2|Latios, M
|poke|p2|Chansey, F
|poke|p2|Manectric, F
|poke|p2|Weavile, F
|poke|p2|Landorus-Therian, M
|rule|Swagger Clause: Swagger is banned
|rule|Baton Pass Clause: Limit one PokÃ©mon knowing Baton Pass
|rule|Sleep Clause Mod: Limit one foe put to sleep
|rule|Species Clause: Limit one of each PokÃ©mon
|rule|OHKO Clause: OHKO moves are banned
|rule|Moody Clause: Moody is banned
|rule|Evasion Moves Clause: Evasion moves are banned
|rule|Endless Battle Clause: Forcing endless battles is banned
|rule|HP Percentage Mod: HP is shown in percentages
|teampreview
|c|âAlvok|GL
|join|Xylen
|
|start
|switch|p1a: Landorus-Therian|Landorus-Therian, M, shiny|320\/320
|switch|p2a: Latios|Latios, M|301\/301
|-ability|p1a: Landorus-Therian|Intimidate|[of] p2a: Latios
|-unboost|p2a: Latios|atk|1
|turn|1
|
|move|p1a: Landorus-Therian|Knock Off|p2a: Latios
|-supereffective|p2a: Latios
|-damage|p2a: Latios|0 fnt
|-enditem|p2a: Latios|Choice Specs|[from] move: Knock Off|[of] p1a: Landorus-Therian
|faint|p2a: Latios
|
|
|switch|p2a: Weavile|Weavile, F|282\/282
|-ability|p2a: Weavile|Pressure
|turn|2
|
|switch|p1a: Scizor|Scizor, M|339\/339
|move|p2a: Weavile|Fake Out|p1a: Scizor
|-resisted|p1a: Scizor
|-damage|p1a: Scizor|322\/339
|
|turn|3
|
|detailschange|p1a: Scizor|Scizor-Mega, M
|message|Scizor has Mega Evolved into Mega Scizor!
|move|p2a: Weavile|Knock Off|p1a: Scizor
|-damage|p1a: Scizor|256\/339
|move|p1a: Scizor|Knock Off|p2a: Weavile
|-resisted|p2a: Weavile
|-damage|p2a: Weavile|192\/282
|-enditem|p2a: Weavile|Focus Sash|[from] move: Knock Off|[of] p1a: Scizor
|
|turn|4
|
|switch|p2a: Landorus-Therian|Landorus-Therian, M|320\/320
|-ability|p2a: Landorus-Therian|Intimidate|[of] p1a: Scizor
|-unboost|p1a: Scizor|atk|1
|move|p1a: Scizor|Bullet Punch|p2a: Landorus-Therian
|-damage|p2a: Landorus-Therian|235\/320
|
|turn|5
|
|move|p2a: Landorus-Therian|U-turn|p1a: Scizor
|-resisted|p1a: Scizor
|-damage|p1a: Scizor|229\/339
|
|switch|p2a: Manectric|Manectric, F|281\/281
|move|p1a: Scizor|Roost|p1a: Scizor
|-heal|p1a: Scizor|339\/339
|
|turn|6
|
|switch|p1a: Heatran|Heatran, F|386\/386
|detailschange|p2a: Manectric|Manectric-Mega, F
|message|Manectric has Mega Evolved into Mega Manectric!
|-ability|p2a: Manectric|Intimidate|[of] p1a: Heatran
|-unboost|p1a: Heatran|atk|1
|move|p2a: Manectric|Volt Switch|p1a: Heatran
|-damage|p1a: Heatran|295\/386
|
|switch|p2a: Landorus-Therian|Landorus-Therian, M|235\/320
|-ability|p2a: Landorus-Therian|Intimidate|[of] p1a: Heatran
|-unboost|p1a: Heatran|atk|1
|
|-heal|p1a: Heatran|319\/386|[from] item: Leftovers
|turn|7
|
|switch|p1a: Landorus-Therian|Landorus-Therian, M, shiny|320\/320
|-ability|p1a: Landorus-Therian|Intimidate|[of] p2a: Landorus-Therian
|-unboost|p2a: Landorus-Therian|atk|1
|move|p2a: Landorus-Therian|U-turn|p1a: Landorus-Therian
|-resisted|p1a: Landorus-Therian
|-damage|p1a: Landorus-Therian|289\/320
|
|switch|p2a: Keldeo-Resolute|Keldeo-Resolute|323\/323
|
|turn|8
|
|move|p1a: Landorus-Therian|U-turn|p2a: Keldeo-Resolute
|-resisted|p2a: Keldeo-Resolute
|-damage|p2a: Keldeo-Resolute|273\/323
|
|switch|p1a: Slowbro|Slowbro, M|394\/394
|move|p2a: Keldeo-Resolute|Icy Wind|p1a: Slowbro
|-resisted|p1a: Slowbro
|-damage|p1a: Slowbro|342\/394
|-unboost|p1a: Slowbro|spe|1
|-damage|p2a: Keldeo-Resolute|241\/323|[from] item: Life Orb
|
|-heal|p1a: Slowbro|366\/394|[from] item: Leftovers
|turn|9
|
|switch|p2a: Chansey|Chansey, F|704\/704
|move|p1a: Slowbro|Scald|p2a: Chansey
|-damage|p2a: Chansey|640\/704
|
|-heal|p1a: Slowbro|390\/394|[from] item: Leftovers
|turn|10
|
|switch|p1a: Heatran|Heatran, F|319\/386
|move|p2a: Chansey|Stealth Rock|p1a: Heatran
|-sidestart|p1: Alvok|move: Stealth Rock
|
|-heal|p1a: Heatran|343\/386|[from] item: Leftovers
|turn|11
|
|switch|p2a: Keldeo-Resolute|Keldeo-Resolute|241\/323
|move|p1a: Heatran|Stealth Rock|p2a: Keldeo-Resolute
|-sidestart|p2: shonsp|move: Stealth Rock
|
|-heal|p1a: Heatran|367\/386|[from] item: Leftovers
|turn|12
|
|switch|p1a: Slowbro|Slowbro, M|394\/394
|-damage|p1a: Slowbro|345\/394|[from] Stealth Rock
|move|p2a: Keldeo-Resolute|Focus Blast|p1a: Slowbro
|-resisted|p1a: Slowbro
|-damage|p1a: Slowbro|167\/394
|-damage|p2a: Keldeo-Resolute|209\/323|[from] item: Life Orb
|
|-heal|p1a: Slowbro|191\/394|[from] item: Leftovers
|turn|13
|
|move|p2a: Keldeo-Resolute|Focus Blast|p1a: Slowbro
|-resisted|p1a: Slowbro
|-damage|p1a: Slowbro|35\/394
|-damage|p2a: Keldeo-Resolute|177\/323|[from] item: Life Orb
|move|p1a: Slowbro|Slack Off|p1a: Slowbro
|-heal|p1a: Slowbro|232\/394
|
|-heal|p1a: Slowbro|256\/394|[from] item: Leftovers
|turn|14
|
|switch|p2a: Manectric|Manectric-Mega, F|281\/281
|-damage|p2a: Manectric|246\/281|[from] Stealth Rock
|-ability|p2a: Manectric|Intimidate|[of] p1a: Slowbro
|-unboost|p1a: Slowbro|atk|1
|move|p1a: Slowbro|Slack Off|p1a: Slowbro
|-heal|p1a: Slowbro|394\/394
|
|turn|15
|c|âAlvok|wow life orb keldeo .. that's new
|
|switch|p1a: Heatran|Heatran, F|367\/386
|-damage|p1a: Heatran|319\/386|[from] Stealth Rock
|move|p2a: Manectric|Hidden Power|p1a: Heatran
|-crit|p1a: Heatran
|-resisted|p1a: Heatran
|-damage|p1a: Heatran|297\/386
|
|-heal|p1a: Heatran|321\/386|[from] item: Leftovers
|turn|16
|
|move|p2a: Manectric|Volt Switch|p1a: Heatran
|-damage|p1a: Heatran|216\/386
|
|switch|p2a: Chansey|Chansey, F|640\/704
|-damage|p2a: Chansey|552\/704|[from] Stealth Rock
|move|p1a: Heatran|Lava Plume|p2a: Chansey
|-damage|p2a: Chansey|477\/704
|
|-heal|p1a: Heatran|240\/386|[from] item: Leftovers
|turn|17
|
|switch|p1a: Conkeldurr|Conkeldurr, M|359\/359
|-damage|p1a: Conkeldurr|337\/359|[from] Stealth Rock
|move|p2a: Chansey|Seismic Toss|p1a: Conkeldurr
|-damage|p1a: Conkeldurr|237\/359
|
|turn|18
|
|switch|p2a: Landorus-Therian|Landorus-Therian, M|235\/320
|-damage|p2a: Landorus-Therian|195\/320|[from] Stealth Rock
|-ability|p2a: Landorus-Therian|Intimidate|[of] p1a: Conkeldurr
|-unboost|p1a: Conkeldurr|atk|1
|move|p1a: Conkeldurr|Drain Punch|p2a: Landorus-Therian
|-resisted|p2a: Landorus-Therian
|-damage|p2a: Landorus-Therian|141\/320
|-heal|p1a: Conkeldurr|264\/359|[from] drain|[of] p2a: Landorus-Therian
|
|turn|19
|
|switch|p1a: Landorus-Therian|Landorus-Therian, M, shiny|289\/320
|-damage|p1a: Landorus-Therian|249\/320|[from] Stealth Rock
|-ability|p1a: Landorus-Therian|Intimidate|[of] p2a: Landorus-Therian
|-unboost|p2a: Landorus-Therian|atk|1
|move|p2a: Landorus-Therian|Knock Off|p1a: Landorus-Therian
|-damage|p1a: Landorus-Therian|153\/320
|-enditem|p1a: Landorus-Therian|Choice Scarf|[from] move: Knock Off|[of] p2a: Landorus-Therian
|
|turn|20
|
|switch|p2a: Chansey|Chansey, F|477\/704
|-damage|p2a: Chansey|389\/704|[from] Stealth Rock
|move|p1a: Landorus-Therian|Knock Off|p2a: Chansey
|-damage|p2a: Chansey|198\/704
|-enditem|p2a: Chansey|Eviolite|[from] move: Knock Off|[of] p1a: Landorus-Therian
|
|turn|21
|
|move|p1a: Landorus-Therian|Earthquake|p2a: Chansey
|-damage|p2a: Chansey|0 fnt
|faint|p2a: Chansey
|
|
|switch|p2a: Weavile|Weavile, F|192\/282
|-damage|p2a: Weavile|122\/282|[from] Stealth Rock
|-ability|p2a: Weavile|Pressure
|turn|22
|
|switch|p1a: Scizor|Scizor-Mega, M|339\/339
|-damage|p1a: Scizor|297\/339|[from] Stealth Rock
|move|p2a: Weavile|Knock Off|p1a: Scizor
|-crit|p1a: Scizor
|-damage|p1a: Scizor|194\/339
|
|turn|23
|
|switch|p2a: Manectric|Manectric-Mega, F|246\/281
|-damage|p2a: Manectric|211\/281|[from] Stealth Rock
|-ability|p2a: Manectric|Intimidate|[of] p1a: Scizor
|-unboost|p1a: Scizor|atk|1
|move|p1a: Scizor|Knock Off|p2a: Manectric
|-damage|p2a: Manectric|146\/281
|
|turn|24
|
|switch|p1a: Landorus-Therian|Landorus-Therian, M, shiny|153\/320
|-damage|p1a: Landorus-Therian|113\/320|[from] Stealth Rock
|-ability|p1a: Landorus-Therian|Intimidate|[of] p2a: Manectric
|-unboost|p2a: Manectric|atk|1
|move|p2a: Manectric|Thunderbolt|p1a: Landorus-Therian
|-immune|p1a: Landorus-Therian|[msg]
|
|turn|25
|
|move|p2a: Manectric|Hidden Power|p1a: Landorus-Therian
|-supereffective|p1a: Landorus-Therian
|-damage|p1a: Landorus-Therian|0 fnt
|faint|p1a: Landorus-Therian
|
|c|âAlvok|ohright i lost my scarfed hahaha
|c|âAlvok|i forgotten bout that
|
|switch|p1a: Conkeldurr|Conkeldurr, M|264\/359
|-damage|p1a: Conkeldurr|242\/359|[from] Stealth Rock
|turn|26
|
|move|p2a: Manectric|Volt Switch|p1a: Conkeldurr
|-damage|p1a: Conkeldurr|146\/359
|
|switch|p2a: Landorus-Therian|Landorus-Therian, M|141\/320
|-damage|p2a: Landorus-Therian|101\/320|[from] Stealth Rock
|-ability|p2a: Landorus-Therian|Intimidate|[of] p1a: Conkeldurr
|-unboost|p1a: Conkeldurr|atk|1
|move|p1a: Conkeldurr|Knock Off|p2a: Landorus-Therian
|-damage|p2a: Landorus-Therian|4\/320
|-enditem|p2a: Landorus-Therian|Choice Scarf|[from] move: Knock Off|[of] p1a: Conkeldurr
|
|turn|27
|
|move|p1a: Conkeldurr|Mach Punch|p2a: Landorus-Therian
|-resisted|p2a: Landorus-Therian
|-damage|p2a: Landorus-Therian|0 fnt
|faint|p2a: Landorus-Therian
|
|
|switch|p2a: Keldeo-Resolute|Keldeo-Resolute|177\/323
|-damage|p2a: Keldeo-Resolute|157\/323|[from] Stealth Rock
|turn|28
|
|switch|p1a: Slowbro|Slowbro, M|394\/394
|-damage|p1a: Slowbro|345\/394|[from] Stealth Rock
|move|p2a: Keldeo-Resolute|Focus Blast|p1a: Slowbro
|-resisted|p1a: Slowbro
|-damage|p1a: Slowbro|188\/394
|-damage|p2a: Keldeo-Resolute|125\/323|[from] item: Life Orb
|
|-heal|p1a: Slowbro|212\/394|[from] item: Leftovers
|turn|29
|join|LT1A hellfiend
|
|switch|p2a: Manectric|Manectric-Mega, F|146\/281
|-damage|p2a: Manectric|111\/281|[from] Stealth Rock
|-ability|p2a: Manectric|Intimidate|[of] p1a: Slowbro
|-unboost|p1a: Slowbro|atk|1
|move|p1a: Slowbro|Psyshock|p2a: Manectric
|-damage|p2a: Manectric|0 fnt
|faint|p2a: Manectric
|
|-heal|p1a: Slowbro|236\/394|[from] item: Leftovers
|
|switch|p2a: Weavile|Weavile, F|122\/282
|-damage|p2a: Weavile|52\/282|[from] Stealth Rock
|-ability|p2a: Weavile|Pressure
|turn|30
|
|switch|p1a: Conkeldurr|Conkeldurr, M|146\/359
|-damage|p1a: Conkeldurr|124\/359|[from] Stealth Rock
|move|p2a: Weavile|Ice Punch|p1a: Conkeldurr
|-damage|p1a: Conkeldurr|0 fnt
|faint|p1a: Conkeldurr
|
|
|switch|p1a: Scizor|Scizor-Mega, M|194\/339
|-damage|p1a: Scizor|152\/339|[from] Stealth Rock
|turn|31
|
|move|p1a: Scizor|Bullet Punch|p2a: Weavile
|-supereffective|p2a: Weavile
|-damage|p2a: Weavile|0 fnt
|faint|p2a: Weavile
|
|c|âAlvok|gg
|
|switch|p2a: Keldeo-Resolute|Keldeo-Resolute|125\/323
|-damage|p2a: Keldeo-Resolute|105\/323|[from] Stealth Rock
|turn|32
|c|âshonsp|gg
|
|switch|p1a: Slowbro|Slowbro, M|367\/394
|-damage|p1a: Slowbro|318\/394|[from] Stealth Rock
|move|p2a: Keldeo-Resolute|Focus Blast|p1a: Slowbro|[miss]
|-miss|p2a: Keldeo-Resolute|p1a: Slowbro
|
|-heal|p1a: Slowbro|342\/394|[from] item: Leftovers
|turn|33
|
|move|p2a: Keldeo-Resolute|Focus Blast|p1a: Slowbro
|-resisted|p1a: Slowbro
|-damage|p1a: Slowbro|163\/394
|-damage|p2a: Keldeo-Resolute|73\/323|[from] item: Life Orb
|move|p1a: Slowbro|Psyshock|p2a: Keldeo-Resolute
|-supereffective|p2a: Keldeo-Resolute
|-damage|p2a: Keldeo-Resolute|0 fnt
|faint|p2a: Keldeo-Resolute
|
|win|Alvok
|leave|shonsp
|player|p2