|join|Grinch beast
|join|LT7Y Alkov
|player|p1|Grinch beast|21
|player|p2|LT7Y Alkov|256
|gametype|singles
|gen|6
|tier|OU
|rated
|clearpoke
|poke|p1|Landorus-Therian, M
|poke|p1|Rotom-Wash, shiny
|poke|p1|Excadrill, M
|poke|p1|Pinsir, M, shiny
|poke|p1|Greninja, F, shiny
|poke|p1|Heatran, M, shiny
|poke|p2|Venusaur, F
|poke|p2|Mew
|poke|p2|Landorus-Therian, M
|poke|p2|Heatran, M
|poke|p2|Raikou
|poke|p2|Greninja, M, shiny
|rule|Swagger Clause: Swagger is banned
|rule|Baton Pass Clause: Limit one PokÃ©mon knowing Baton Pass
|rule|Sleep Clause Mod: Limit one foe put to sleep
|rule|Species Clause: Limit one of each PokÃ©mon
|rule|OHKO Clause: OHKO moves are banned
|rule|Moody Clause: Moody is banned
|rule|Evasion Moves Clause: Evasion moves are banned
|rule|Endless Battle Clause: Forcing endless battles is banned
|rule|HP Percentage Mod: HP is shown in percentages
|teampreview
|
|start
|switch|p1a: Landorus-Therian|Landorus-Therian, M|382\/382
|switch|p2a: Venusaur|Venusaur, F|351\/351
|-ability|p1a: Landorus-Therian|Intimidate|[of] p2a: Venusaur
|-unboost|p2a: Venusaur|atk|1
|turn|1
|
|detailschange|p2a: Venusaur|Venusaur-Mega, F
|message|Venusaur has Mega Evolved into Mega Venusaur!
|move|p1a: Landorus-Therian|Stealth Rock|p2a: Venusaur
|-sidestart|p2: LT7Y Alkov|move: Stealth Rock
|move|p2a: Venusaur|Synthesis|p2a: Venusaur
|
|turn|2
|
|switch|p1a: Heatran|Heatran, M, shiny|386\/386
|switch|p2a: Landorus-Therian|Landorus-Therian, M|325\/325
|-damage|p2a: Landorus-Therian|285\/325|[from] Stealth Rock
|-ability|p2a: Landorus-Therian|Intimidate|[of] p1a: Heatran
|-unboost|p1a: Heatran|atk|1
|
|turn|3
|
|switch|p1a: Landorus-Therian|Landorus-Therian, M|382\/382
|-ability|p1a: Landorus-Therian|Intimidate|[of] p2a: Landorus-Therian
|-unboost|p2a: Landorus-Therian|atk|1
|move|p2a: Landorus-Therian|U-turn|p1a: Landorus-Therian
|-resisted|p1a: Landorus-Therian
|-damage|p1a: Landorus-Therian|359\/382
|
|switch|p2a: Greninja|Greninja, M, shiny|285\/285
|-damage|p2a: Greninja|250\/285|[from] Stealth Rock
|
|-heal|p1a: Landorus-Therian|382\/382|[from] item: Leftovers
|turn|4
|
|switch|p1a: Rotom-Wash|Rotom-Wash, shiny|242\/242
|move|p2a: Greninja|Dark Pulse|p1a: Rotom-Wash
|-start|p2a: Greninja|typechange|Dark|[from] Protean
|-damage|p1a: Rotom-Wash|96\/242
|-damage|p2a: Greninja|222\/285|[from] item: Life Orb
|
|turn|5
|
|move|p1a: Rotom-Wash|Thunderbolt|p2a: Greninja
|-damage|p2a: Greninja|18\/285
|move|p2a: Greninja|Dark Pulse|p1a: Rotom-Wash
|-damage|p1a: Rotom-Wash|0 fnt
|-damage|p2a: Greninja|0 fnt|[from] item: Life Orb
|faint|p1a: Rotom-Wash
|faint|p2a: Greninja
|
|c|âLT7Y Alkov|scarf rotom
|c|âLT7Y Alkov|hmmm
|
|switch|p1a: Pinsir|Pinsir, M, shiny|272\/272
|switch|p2a: Mew|Mew|404\/404
|-damage|p2a: Mew|354\/404|[from] Stealth Rock
|turn|6
|join|kloshitteroladelo
|
|switch|p1a: Heatran|Heatran, M, shiny|386\/386
|move|p2a: Mew|Will-O-Wisp|p1a: Heatran
|-start|p1a: Heatran|ability: Flash Fire
|
|-heal|p2a: Mew|379\/404|[from] item: Leftovers
|turn|7
|c|âGrinch beast|lol whys everyone surprised by scarf rotom
|c|âGrinch beast|its common
|
|switch|p2a: Heatran|Heatran, M|380\/380
|-damage|p2a: Heatran|333\/380|[from] Stealth Rock
|move|p1a: Heatran|Magma Storm|p2a: Heatran
|-start|p2a: Heatran|ability: Flash Fire
|
|-heal|p2a: Heatran|356\/380|[from] item: Leftovers
|turn|8
|c|âGrinch beast|lol 
|c| kloshitteroladelo|itÂ´s not
|c|âGrinch beast|oops
|c|âGrinch beast|yea it is 
|c|âLT7Y Alkov|err how is scarf rotom common -.-
|c|âLT7Y Alkov|it's bad 
|c|âGrinch beast|trick ?
|c|âGrinch beast|scarf
|c|âLT7Y Alkov|it's a bad set 
|join|Funnelby
|c|âGrinch beast|its pretty used 
|c| kloshitteroladelo|no
|c|âLT7Y Alkov|no?
|c|âGrinch beast|yea
|c| kloshitteroladelo|it is bad man
|c|âGrinch beast|ive seen it alot 
|c| kloshitteroladelo|cant u read
|c|âLT7Y Alkov|physically defensive rotom is used way more often
|c|âLT7Y Alkov|oml -.-
|c|âLT7Y Alkov|wtv
|
|move|p1a: Heatran|Protect|p1a: Heatran
|-singleturn|p1a: Heatran|Protect
|move|p2a: Heatran|Stealth Rock|p1a: Heatran
|-sidestart|p1: Grinch beast|move: Stealth Rock
|
|-heal|p2a: Heatran|379\/380|[from] item: Leftovers
|turn|9
|
|switch|p1a: Landorus-Therian|Landorus-Therian, M|382\/382
|-damage|p1a: Landorus-Therian|335\/382|[from] Stealth Rock
|-ability|p1a: Landorus-Therian|Intimidate|[of] p2a: Heatran
|-unboost|p2a: Heatran|atk|1
|move|p2a: Heatran|Roar|p1a: Landorus-Therian
|drag|p1a: Greninja|Greninja, F, shiny|286\/286
|-damage|p1a: Greninja|251\/286|[from] Stealth Rock
|
|-heal|p2a: Heatran|380\/380|[from] item: Leftovers
|turn|10
|
|move|p1a: Greninja|Dark Pulse|p2a: Heatran
|-start|p1a: Greninja|typechange|Dark|[from] Protean
|-damage|p2a: Heatran|267\/380
|-damage|p1a: Greninja|223\/286|[from] item: Life Orb
|move|p2a: Heatran|Lava Plume|p1a: Greninja
|-damage|p1a: Greninja|0 fnt
|faint|p1a: Greninja
|
|-heal|p2a: Heatran|290\/380|[from] item: Leftovers
|
|switch|p1a: Excadrill|Excadrill, M|362\/362
|-damage|p1a: Excadrill|351\/362|[from] Stealth Rock
|-ability|p1a: Excadrill|Mold Breaker
|turn|11
|
|move|p1a: Excadrill|Rapid Spin|p2a: Heatran
|-resisted|p2a: Heatran
|-damage|p2a: Heatran|278\/380
|-sideend|p1: Grinch beast|Stealth Rock|[from] move: Rapid Spin|[of] p1a: Excadrill
|move|p2a: Heatran|Lava Plume|p1a: Excadrill
|-supereffective|p1a: Excadrill
|-damage|p1a: Excadrill|0 fnt
|faint|p1a: Excadrill
|
|-heal|p2a: Heatran|301\/380|[from] item: Leftovers
|
|switch|p1a: Pinsir|Pinsir, M, shiny|272\/272
|turn|12
|
|detailschange|p1a: Pinsir|Pinsir-Mega, M, shiny
|message|Pinsir has Mega Evolved into Mega Pinsir!
|move|p1a: Pinsir|Close Combat|p2a: Heatran
|-supereffective|p2a: Heatran
|-damage|p2a: Heatran|0 fnt
|-unboost|p1a: Pinsir|def|1
|-unboost|p1a: Pinsir|spd|1
|faint|p2a: Heatran
|
|
|switch|p2a: Landorus-Therian|Landorus-Therian, M|285\/325
|-damage|p2a: Landorus-Therian|245\/325|[from] Stealth Rock
|-ability|p2a: Landorus-Therian|Intimidate|[of] p1a: Pinsir
|-unboost|p1a: Pinsir|atk|1
|turn|13
|
|switch|p1a: Landorus-Therian|Landorus-Therian, M|335\/382
|-ability|p1a: Landorus-Therian|Intimidate|[of] p2a: Landorus-Therian
|-unboost|p2a: Landorus-Therian|atk|1
|move|p2a: Landorus-Therian|U-turn|p1a: Landorus-Therian
|-resisted|p1a: Landorus-Therian
|-damage|p1a: Landorus-Therian|313\/382
|
|switch|p2a: Raikou|Raikou|321\/321
|-damage|p2a: Raikou|281\/321|[from] Stealth Rock
|-ability|p2a: Raikou|Pressure
|
|-heal|p1a: Landorus-Therian|336\/382|[from] item: Leftovers
|turn|14
|
|move|p2a: Raikou|Hidden Power|p1a: Landorus-Therian
|-supereffective|p1a: Landorus-Therian
|-damage|p1a: Landorus-Therian|44\/382
|move|p1a: Landorus-Therian|Earthquake|p2a: Raikou
|-supereffective|p2a: Raikou
|-damage|p2a: Raikou|0 fnt
|faint|p2a: Raikou
|
|-heal|p1a: Landorus-Therian|67\/382|[from] item: Leftovers
|c|âLT7Y Alkov|dafuq
|c|âGrinch beast|doesnt kill
|c|âLT7Y Alkov|252 SpA Raikou Hidden Power Ice vs. 252 HP \/ 0 SpD Landorus-T: 292-344 (76.4 - 90%) -- 18.8% chance to OHKO after Stealth Rock
|c|âGrinch beast|not a ohko atleast
|c|âLT7Y Alkov|i got the absolute min roll
|c|âLT7Y Alkov|-.-
|c|âLT7Y Alkov|omg
|
|switch|p2a: Mew|Mew|379\/404
|-damage|p2a: Mew|329\/404|[from] Stealth Rock
|turn|15
|c|âGrinch beast|i have sp def investment 
|c|âLT7Y Alkov|wtv
|
|move|p2a: Mew|Knock Off|p1a: Landorus-Therian
|-damage|p1a: Landorus-Therian|6\/382
|-enditem|p1a: Landorus-Therian|Leftovers|[from] move: Knock Off|[of] p2a: Mew
|move|p1a: Landorus-Therian|U-turn|p2a: Mew
|-supereffective|p2a: Mew
|-damage|p2a: Mew|187\/404
|c|âGrinch beast|jsut a bit
|c|âGrinch beast|not alot 
|
|switch|p1a: Pinsir|Pinsir-Mega, M, shiny|272\/272
|
|-heal|p2a: Mew|212\/404|[from] item: Leftovers
|turn|16
|
|move|p1a: Pinsir|Return|p2a: Mew
|-crit|p2a: Mew
|-damage|p2a: Mew|0 fnt
|faint|p2a: Mew
|
|
|switch|p2a: Landorus-Therian|Landorus-Therian, M|245\/325
|-damage|p2a: Landorus-Therian|205\/325|[from] Stealth Rock
|-ability|p2a: Landorus-Therian|Intimidate|[of] p1a: Pinsir
|-unboost|p1a: Pinsir|atk|1
|turn|17
|join|G123Rocks
|
|switch|p1a: Landorus-Therian|Landorus-Therian, M|6\/382
|-ability|p1a: Landorus-Therian|Intimidate|[of] p2a: Landorus-Therian
|-unboost|p2a: Landorus-Therian|atk|1
|move|p2a: Landorus-Therian|Stone Edge|p1a: Landorus-Therian
|-damage|p1a: Landorus-Therian|0 fnt
|faint|p1a: Landorus-Therian
|
|
|switch|p1a: Heatran|Heatran, M, shiny|386\/386
|turn|18
|
|switch|p2a: Venusaur|Venusaur-Mega, F|351\/351
|-damage|p2a: Venusaur|308\/351|[from] Stealth Rock
|move|p1a: Heatran|Magma Storm|p2a: Venusaur
|-supereffective|p2a: Venusaur
|-damage|p2a: Venusaur|174\/351
|-activate|p2a: Venusaur|move: Magma Storm|[of] p1a: Heatran
|
|-damage|p2a: Venusaur|131\/351|[from] move: Magma Storm|[partiallytrapped]
|turn|19
|
|move|p2a: Venusaur|Synthesis|p2a: Venusaur
|-heal|p2a: Venusaur|306\/351
|move|p1a: Heatran|Magma Storm|p2a: Venusaur
|-supereffective|p2a: Venusaur
|-damage|p2a: Venusaur|180\/351
|
|-damage|p2a: Venusaur|137\/351|[from] move: Magma Storm|[partiallytrapped]
|turn|20
|
|move|p2a: Venusaur|Synthesis|p2a: Venusaur
|-heal|p2a: Venusaur|312\/351
|move|p1a: Heatran|Lava Plume|p2a: Venusaur
|-supereffective|p2a: Venusaur
|-damage|p2a: Venusaur|214\/351
|-status|p2a: Venusaur|brn
|
|-damage|p2a: Venusaur|171\/351 brn|[from] brn
|-damage|p2a: Venusaur|128\/351 brn|[from] move: Magma Storm|[partiallytrapped]
|turn|21
|c|âLT7Y Alkov|zzzz
|c|âGrinch beast|lol 
|c|âGrinch beast|burn and magma
|
|move|p2a: Venusaur|Synthesis|p2a: Venusaur
|-heal|p2a: Venusaur|303\/351 brn
|move|p1a: Heatran|Magma Storm|p2a: Venusaur|[miss]
|-miss|p1a: Heatran|p2a: Venusaur
|
|-damage|p2a: Venusaur|260\/351 brn|[from] brn
|-damage|p2a: Venusaur|217\/351 brn|[from] move: Magma Storm|[partiallytrapped]
|turn|22
|
|move|p2a: Venusaur|Synthesis|p2a: Venusaur
|-heal|p2a: Venusaur|351\/351 brn
|move|p1a: Heatran|Magma Storm|p2a: Venusaur
|-supereffective|p2a: Venusaur
|-damage|p2a: Venusaur|217\/351 brn
|
|-damage|p2a: Venusaur|174\/351 brn|[from] brn
|-damage|p2a: Venusaur|131\/351 brn|[from] move: Magma Storm|[partiallytrapped]
|turn|23
|-message|LT7Y Alkov forfeited.
|
|win|Grinch beast
|raw|Ladder updating...
|leave|LT7Y Alkov
|player|p2
|raw|Grinch beast's rating: 1698 &rarr; <strong>1714<\/strong><br \/>(+16 for winning)
|raw|LT7Y Alkov's rating: 1619 &rarr; <strong>1603<\/strong><br \/>(-16 for losing)
|leave|kloshitteroladelo
|leave|Grinch beast
|player|p1
|leave|Funnelby