|join|Alvok
|join|Eatcake
|player|p1|Alvok|261
|player|p2|Eatcake|20
|gametype|singles
|gen|6
|tier|OU
|rated
|clearpoke
|poke|p1|Latias, F
|poke|p1|Scizor, M
|poke|p1|Landorus-Therian, M, shiny
|poke|p1|Heatran, F
|poke|p1|Slowbro, M
|poke|p1|Conkeldurr, M
|poke|p2|Heracross, F
|poke|p2|Talonflame, F
|poke|p2|Alomomola, M
|poke|p2|Gardevoir, F
|poke|p2|Hydreigon, F
|poke|p2|Scizor, F
|rule|Swagger Clause: Swagger is banned
|rule|Baton Pass Clause: Limit one PokÃ©mon knowing Baton Pass
|rule|Sleep Clause Mod: Limit one foe put to sleep
|rule|Species Clause: Limit one of each PokÃ©mon
|rule|OHKO Clause: OHKO moves are banned
|rule|Moody Clause: Moody is banned
|rule|Evasion Moves Clause: Evasion moves are banned
|rule|Endless Battle Clause: Forcing endless battles is banned
|rule|HP Percentage Mod: HP is shown in percentages
|teampreview
|
|start
|switch|p1a: Latias|Latias, F|302\/302
|switch|p2a: Heracross|Heracross, F|308\/308
|turn|1
|
|switch|p1a: Landorus-Therian|Landorus-Therian, M, shiny|320\/320
|-ability|p1a: Landorus-Therian|Intimidate|[of] p2a: Heracross
|-unboost|p2a: Heracross|atk|1
|switch|p2a: Gardevoir|Gardevoir, F|277\/277
|-ability|p2a: Gardevoir|Intimidate|[from] ability: Trace|[of] p1a: Landorus-Therian
|-ability|p2a: Gardevoir|Intimidate|[of] p1a: Landorus-Therian
|-unboost|p1a: Landorus-Therian|atk|1
|
|turn|2
|
|move|p2a: Gardevoir|Focus Blast|p1a: Landorus-Therian
|-resisted|p1a: Landorus-Therian
|-damage|p1a: Landorus-Therian|239\/320
|-unboost|p1a: Landorus-Therian|spd|1
|move|p1a: Landorus-Therian|U-turn|p2a: Gardevoir
|-damage|p2a: Gardevoir|177\/277
|
|switch|p1a: Slowbro|Slowbro, M|394\/394
|
|turn|3
|
|switch|p2a: Scizor|Scizor, F|343\/343
|move|p1a: Slowbro|Thunder Wave|p2a: Scizor
|-status|p2a: Scizor|par
|
|turn|4
|
|switch|p1a: Heatran|Heatran, F|386\/386
|move|p2a: Scizor|U-turn|p1a: Heatran
|-resisted|p1a: Heatran
|-damage|p1a: Heatran|363\/386
|
|switch|p2a: Heracross|Heracross, F|308\/308
|
|-heal|p1a: Heatran|386\/386|[from] item: Leftovers
|turn|5
|
|detailschange|p2a: Heracross|Heracross-Mega, F
|message|Heracross has Mega Evolved into Mega Heracross!
|move|p2a: Heracross|Rock Blast|p1a: Heatran
|-damage|p1a: Heatran|348\/386
|-damage|p1a: Heatran|306\/386
|-damage|p1a: Heatran|264\/386
|-damage|p1a: Heatran|222\/386
|-damage|p1a: Heatran|183\/386
|-hitcount|p1a: Heatran|5
|move|p1a: Heatran|Roar|p2a: Heracross
|drag|p2a: Gardevoir|Gardevoir, F|177\/277
|-ability|p2a: Gardevoir|Flash Fire|[from] ability: Trace|[of] p1a: Heatran
|
|-heal|p1a: Heatran|207\/386|[from] item: Leftovers
|turn|6
|
|switch|p1a: Slowbro|Slowbro, M|394\/394
|move|p2a: Gardevoir|Focus Blast|p1a: Slowbro|[miss]
|-miss|p2a: Gardevoir|p1a: Slowbro
|
|turn|7
|
|switch|p2a: Scizor|Scizor, F|343\/343 par
|switch|p1a: Heatran|Heatran, F|207\/386
|
|-heal|p1a: Heatran|231\/386|[from] item: Leftovers
|turn|8
|
|switch|p2a: Heracross|Heracross-Mega, F|308\/308
|move|p1a: Heatran|Stealth Rock|p2a: Heracross
|-sidestart|p2: Eatcake|move: Stealth Rock
|
|-heal|p1a: Heatran|255\/386|[from] item: Leftovers
|turn|9
|join|churos1.5
|
|move|p2a: Heracross|Close Combat|p1a: Heatran
|-crit|p1a: Heatran
|-supereffective|p1a: Heatran
|-damage|p1a: Heatran|0 fnt
|-unboost|p2a: Heracross|def|1
|-unboost|p2a: Heracross|spd|1
|faint|p1a: Heatran
|
|
|switch|p1a: Scizor|Scizor, M|344\/344
|turn|10
|
|detailschange|p1a: Scizor|Scizor-Mega, M
|message|Scizor has Mega Evolved into Mega Scizor!
|move|p2a: Heracross|Close Combat|p1a: Scizor
|-damage|p1a: Scizor|158\/344
|-unboost|p2a: Heracross|def|1
|-unboost|p2a: Heracross|spd|1
|move|p1a: Scizor|Swords Dance|p1a: Scizor
|-boost|p1a: Scizor|atk|2
|
|turn|11
|
|switch|p2a: Alomomola|Alomomola, M|533\/533
|-damage|p2a: Alomomola|467\/533|[from] Stealth Rock
|move|p1a: Scizor|Bullet Punch|p2a: Alomomola
|-resisted|p2a: Alomomola
|-damage|p2a: Alomomola|376\/533
|
|-heal|p2a: Alomomola|409\/533|[from] item: Leftovers
|turn|12
|leave|churos1.5
|
|switch|p2a: Scizor|Scizor, F|343\/343 par
|-damage|p2a: Scizor|301\/343 par|[from] Stealth Rock
|move|p1a: Scizor|Knock Off|p2a: Scizor
|-damage|p2a: Scizor|68\/343 par
|-enditem|p2a: Scizor|Leftovers|[from] move: Knock Off|[of] p1a: Scizor
|
|turn|13
|
|move|p1a: Scizor|Roost|p1a: Scizor
|-heal|p1a: Scizor|330\/344
|cant|p2a: Scizor|par
|
|turn|14
|
|move|p1a: Scizor|Swords Dance|p1a: Scizor
|-boost|p1a: Scizor|atk|2
|move|p2a: Scizor|Defog|p1a: Scizor
|-unboost|p1a: Scizor|evasion|1
|-sideend|p2: Eatcake|Stealth Rock|[from] move: Defog|[of] p2a: Scizor
|
|turn|15
|
|move|p1a: Scizor|Knock Off|p2a: Scizor
|-damage|p2a: Scizor|0 fnt
|faint|p2a: Scizor
|
|
|switch|p2a: Talonflame|Talonflame, F|297\/297
|turn|16
|
|switch|p1a: Slowbro|Slowbro, M|394\/394
|move|p2a: Talonflame|Flare Blitz|p1a: Slowbro
|-resisted|p1a: Slowbro
|-damage|p1a: Slowbro|339\/394
|-damage|p2a: Talonflame|279\/297|[from] recoil|[of] p1a: Slowbro
|
|-heal|p1a: Slowbro|363\/394|[from] item: Leftovers
|turn|17
|
|move|p2a: Talonflame|U-turn|p1a: Slowbro
|-supereffective|p1a: Slowbro
|-damage|p1a: Slowbro|267\/394
|
|switch|p2a: Alomomola|Alomomola, M|533\/533
|move|p1a: Slowbro|Thunder Wave|p2a: Alomomola
|-status|p2a: Alomomola|par
|
|-heal|p1a: Slowbro|291\/394|[from] item: Leftovers
|turn|18
|
|switch|p1a: Latias|Latias, F|302\/302
|move|p2a: Alomomola|Wish|p2a: Alomomola
|
|turn|19
|
|switch|p2a: Gardevoir|Gardevoir, F|177\/277
|-ability|p2a: Gardevoir|Levitate|[from] ability: Trace|[of] p1a: Latias
|move|p1a: Latias|Draco Meteor|p2a: Gardevoir
|-immune|p2a: Gardevoir|[msg]
|
|-heal|p2a: Gardevoir|277\/277|[from] move: Wish|[wisher] Alomomola
|turn|20
|
|switch|p2a: Heracross|Heracross-Mega, F|308\/308
|switch|p1a: Scizor|Scizor-Mega, M|330\/344
|
|turn|21
|
|move|p2a: Heracross|Swords Dance|p2a: Heracross
|-boost|p2a: Heracross|atk|2
|move|p1a: Scizor|Roost|p1a: Scizor
|-heal|p1a: Scizor|344\/344
|
|turn|22
|
|switch|p1a: Conkeldurr|Conkeldurr, M|359\/359
|move|p2a: Heracross|Close Combat|p1a: Conkeldurr
|-damage|p1a: Conkeldurr|0 fnt
|-unboost|p2a: Heracross|def|1
|-unboost|p2a: Heracross|spd|1
|faint|p1a: Conkeldurr
|
|
|switch|p1a: Latias|Latias, F|302\/302
|turn|23
|
|switch|p2a: Gardevoir|Gardevoir, F|277\/277
|-ability|p2a: Gardevoir|Levitate|[from] ability: Trace|[of] p1a: Latias
|move|p1a: Latias|Draco Meteor|p2a: Gardevoir
|-immune|p2a: Gardevoir|[msg]
|
|turn|24
|
|switch|p1a: Scizor|Scizor-Mega, M|344\/344
|move|p2a: Gardevoir|Moonblast|p1a: Scizor
|-resisted|p1a: Scizor
|-damage|p1a: Scizor|266\/344
|
|turn|25
|
|switch|p2a: Heracross|Heracross-Mega, F|308\/308
|move|p1a: Scizor|Knock Off|p2a: Heracross
|-resisted|p2a: Heracross
|-damage|p2a: Heracross|274\/308
|
|turn|26
|
|move|p1a: Scizor|Bullet Punch|p2a: Heracross
|-damage|p2a: Heracross|178\/308
|move|p2a: Heracross|Swords Dance|p2a: Heracross
|-boost|p2a: Heracross|atk|2
|
|turn|27
|
|switch|p1a: Landorus-Therian|Landorus-Therian, M, shiny|239\/320
|-ability|p1a: Landorus-Therian|Intimidate|[of] p2a: Heracross
|-unboost|p2a: Heracross|atk|1
|move|p2a: Heracross|Close Combat|p1a: Landorus-Therian
|-resisted|p1a: Landorus-Therian
|-damage|p1a: Landorus-Therian|0 fnt
|-unboost|p2a: Heracross|def|1
|-unboost|p2a: Heracross|spd|1
|faint|p1a: Landorus-Therian
|
|
|switch|p1a: Latias|Latias, F|302\/302
|turn|28
|
|switch|p1a: Scizor|Scizor-Mega, M|266\/344
|switch|p2a: Gardevoir|Gardevoir, F|277\/277
|-ability|p2a: Gardevoir|Technician|[from] ability: Trace|[of] p1a: Scizor
|
|turn|29
|
|switch|p2a: Hydreigon|Hydreigon, F|387\/387
|move|p1a: Scizor|Swords Dance|p1a: Scizor
|-boost|p1a: Scizor|atk|2
|
|turn|30
|
|switch|p1a: Latias|Latias, F|302\/302
|move|p2a: Hydreigon|Fire Blast|p1a: Latias|[miss]
|-miss|p2a: Hydreigon|p1a: Latias
|
|turn|31
|
|switch|p1a: Scizor|Scizor-Mega, M|266\/344
|switch|p2a: Gardevoir|Gardevoir, F|277\/277
|-ability|p2a: Gardevoir|Technician|[from] ability: Trace|[of] p1a: Scizor
|
|turn|32
|
|switch|p2a: Hydreigon|Hydreigon, F|387\/387
|move|p1a: Scizor|Swords Dance|p1a: Scizor
|-boost|p1a: Scizor|atk|2
|
|turn|33
|
|move|p1a: Scizor|Bullet Punch|p2a: Hydreigon
|-damage|p2a: Hydreigon|135\/387
|move|p2a: Hydreigon|Fire Blast|p1a: Scizor
|-supereffective|p1a: Scizor
|-damage|p1a: Scizor|0 fnt
|-damage|p2a: Hydreigon|97\/387|[from] item: Life Orb
|faint|p1a: Scizor
|
|-message|Alvok forfeited.
|
|win|Eatcake
|raw|Ladder updating...
|leave|Alvok
|player|p1
|raw|Alvok's rating: 1529 &rarr; <strong>1512<\/strong><br \/>(-17 for losing)
|raw|Eatcake's rating: 1569 &rarr; <strong>1587<\/strong><br \/>(+18 for winning)