|join|Cienight
|join|Alvok
|player|p1|Cienight|84
|player|p2|Alvok|256
|gametype|singles
|gen|6
|tier|OU
|rated
|clearpoke
|poke|p1|Landorus, M, shiny
|poke|p1|Thundurus, M, shiny
|poke|p1|Scizor, M
|poke|p1|Mamoswine, M, shiny
|poke|p1|Bisharp, F
|poke|p1|Azumarill, F, shiny
|poke|p2|Politoed, F
|poke|p2|Kingdra, F
|poke|p2|Seismitoad, M
|poke|p2|Jirachi
|poke|p2|Tornadus-Therian, M
|poke|p2|Heracross, M
|rule|Swagger Clause: Swagger is banned
|rule|Baton Pass Clause: Limit one PokÃ©mon knowing Baton Pass
|rule|Sleep Clause Mod: Limit one foe put to sleep
|rule|Species Clause: Limit one of each PokÃ©mon
|rule|OHKO Clause: OHKO moves are banned
|rule|Moody Clause: Moody is banned
|rule|Evasion Moves Clause: Evasion moves are banned
|rule|Endless Battle Clause: Forcing endless battles is banned
|rule|HP Percentage Mod: HP is shown in percentages
|teampreview
|join|Sweqfeq
|
|start
|switch|p1a: Mamoswine|Mamoswine, M, shiny|361\/361
|switch|p2a: Politoed|Politoed, F|384\/384
|-weather|RainDance
|turn|1
|
|move|p1a: Mamoswine|Stealth Rock|p2a: Politoed
|-sidestart|p2: Alvok|move: Stealth Rock
|move|p2a: Politoed|Scald|p1a: Mamoswine
|-crit|p1a: Mamoswine
|-supereffective|p1a: Mamoswine
|-enditem|p1a: Mamoswine|Focus Sash
|-damage|p1a: Mamoswine|1\/361
|
|-weather|RainDance|[upkeep]
|turn|2
|join|greatgiginthesky
|
|move|p1a: Mamoswine|Endeavor|p2a: Politoed
|-damage|p2a: Politoed|1\/384
|move|p2a: Politoed|Scald|p1a: Mamoswine
|-supereffective|p1a: Mamoswine
|-damage|p1a: Mamoswine|0 fnt
|faint|p1a: Mamoswine
|
|-weather|RainDance|[upkeep]
|
|switch|p1a: Azumarill|Azumarill, F, shiny|401\/401
|turn|3
|c|âAlvok|forgotten you run fear mamo ...
|c|âAlvok|should had icebeam first
|
|move|p1a: Azumarill|Aqua Jet|p2a: Politoed
|-resisted|p2a: Politoed
|-damage|p2a: Politoed|0 fnt
|faint|p2a: Politoed
|
|-weather|RainDance|[upkeep]
|c|âCienight|whole smogon knows
|c|âCienight|xD
|c|âAlvok|haiii
|
|switch|p2a: Jirachi|Jirachi|404\/404
|-damage|p2a: Jirachi|379\/404|[from] Stealth Rock
|turn|4
|
|switch|p1a: Landorus|Landorus, M, shiny|319\/319
|move|p2a: Jirachi|Thunder|p1a: Landorus
|-immune|p1a: Landorus|[msg]
|
|-weather|RainDance|[upkeep]
|-heal|p2a: Jirachi|404\/404|[from] item: Leftovers
|turn|5
|
|switch|p2a: Tornadus-Therian|Tornadus-Therian, M|299\/299
|-damage|p2a: Tornadus-Therian|225\/299|[from] Stealth Rock
|move|p1a: Landorus|Knock Off|p2a: Tornadus-Therian
|-damage|p2a: Tornadus-Therian|65\/299
|-enditem|p2a: Tornadus-Therian|Assault Vest|[from] move: Knock Off|[of] p1a: Landorus
|-damage|p1a: Landorus|288\/319|[from] item: Life Orb
|
|-weather|RainDance|[upkeep]
|turn|6
|
|switch|p1a: Thundurus|Thundurus, M, shiny|299\/299
|move|p2a: Tornadus-Therian|Hurricane|p1a: Thundurus
|-resisted|p1a: Thundurus
|-damage|p1a: Thundurus|196\/299
|
|-weather|RainDance|[upkeep]
|turn|7
|
|switch|p2a: Seismitoad|Seismitoad, M|351\/351
|-damage|p2a: Seismitoad|330\/351|[from] Stealth Rock
|move|p1a: Thundurus|Hidden Power|p2a: Seismitoad
|-damage|p2a: Seismitoad|222\/351
|-damage|p1a: Thundurus|167\/299|[from] item: Life Orb
|
|-weather|RainDance|[upkeep]
|turn|8
|
|move|p1a: Thundurus|Taunt|p2a: Seismitoad
|-start|p2a: Seismitoad|move: Taunt
|cant|p2a: Seismitoad|move: Taunt|Stealth Rock
|
|-weather|none
|turn|9
|
|switch|p1a: Azumarill|Azumarill, F, shiny|401\/401
|move|p2a: Seismitoad|Hydro Pump|p1a: Azumarill
|-resisted|p1a: Azumarill
|-damage|p1a: Azumarill|313\/401
|-damage|p2a: Seismitoad|187\/351|[from] item: Life Orb
|
|turn|10
|c|âAlvok|RGHHHHH
|
|move|p2a: Seismitoad|Earth Power|p1a: Azumarill
|-damage|p1a: Azumarill|184\/401
|-damage|p2a: Seismitoad|152\/351|[from] item: Life Orb
|move|p1a: Azumarill|Waterfall|p2a: Seismitoad
|-damage|p2a: Seismitoad|0 fnt
|faint|p2a: Seismitoad
|
|
|switch|p2a: Heracross|Heracross, M|302\/302
|-damage|p2a: Heracross|265\/302|[from] Stealth Rock
|turn|11
|
|switch|p1a: Landorus|Landorus, M, shiny|288\/319
|detailschange|p2a: Heracross|Heracross-Mega, M
|message|Heracross has Mega Evolved into Mega Heracross!
|move|p2a: Heracross|Rock Blast|p1a: Landorus
|-damage|p1a: Landorus|247\/319
|-damage|p1a: Landorus|201\/319
|-damage|p1a: Landorus|159\/319
|-damage|p1a: Landorus|112\/319
|-damage|p1a: Landorus|70\/319
|-hitcount|p1a: Landorus|5
|
|turn|12
|
|switch|p2a: Jirachi|Jirachi|404\/404
|-damage|p2a: Jirachi|379\/404|[from] Stealth Rock
|move|p1a: Landorus|Psychic|p2a: Jirachi
|-resisted|p2a: Jirachi
|-damage|p2a: Jirachi|348\/404
|
|-heal|p2a: Jirachi|373\/404|[from] item: Leftovers
|turn|13
|c|âCienight|dat balk
|join|Schalk Burger
|
|switch|p2a: Tornadus-Therian|Tornadus-Therian, M|164\/299
|-damage|p2a: Tornadus-Therian|90\/299|[from] Stealth Rock
|move|p1a: Landorus|Earth Power|p2a: Tornadus-Therian
|-immune|p2a: Tornadus-Therian|[msg]
|
|turn|14
|c|âCienight|that double
|c|âCienight|was so obv
|c|âCienight|but I suck
|
|switch|p1a: Bisharp|Bisharp, F|272\/272
|move|p2a: Tornadus-Therian|Knock Off|p1a: Bisharp
|-resisted|p1a: Bisharp
|-damage|p1a: Bisharp|233\/272
|-enditem|p1a: Bisharp|Life Orb|[from] move: Knock Off|[of] p2a: Tornadus-Therian
|
|turn|15
|
|switch|p2a: Heracross|Heracross-Mega, M|265\/302
|-damage|p2a: Heracross|228\/302|[from] Stealth Rock
|move|p1a: Bisharp|Iron Head|p2a: Heracross
|-damage|p2a: Heracross|89\/302
|
|turn|16
|
|switch|p1a: Landorus|Landorus, M, shiny|70\/319
|move|p2a: Heracross|Close Combat|p1a: Landorus
|-resisted|p1a: Landorus
|-damage|p1a: Landorus|0 fnt
|-unboost|p2a: Heracross|def|1
|-unboost|p2a: Heracross|spd|1
|faint|p1a: Landorus
|
|
|switch|p1a: Thundurus|Thundurus, M, shiny|167\/299
|turn|17
|
|move|p1a: Thundurus|Thunderbolt|p2a: Heracross
|-damage|p2a: Heracross|0 fnt
|-damage|p1a: Thundurus|138\/299|[from] item: Life Orb
|faint|p2a: Heracross
|
|
|switch|p2a: Jirachi|Jirachi|373\/404
|-damage|p2a: Jirachi|348\/404|[from] Stealth Rock
|turn|18
|join|Kolu
|
|move|p1a: Thundurus|Thunder Wave|p2a: Jirachi
|-status|p2a: Jirachi|par
|cant|p2a: Jirachi|par
|
|-heal|p2a: Jirachi|373\/404 par|[from] item: Leftovers
|turn|19
|c|âAlvok|...........
|
|switch|p1a: Jehuty|Scizor, M|281\/281
|move|p2a: Jirachi|Wish|p2a: Jirachi
|
|-heal|p2a: Jirachi|398\/404 par|[from] item: Leftovers
|turn|20
|c|âAlvok|my luck is beyond hope today
|
|detailschange|p1a: Jehuty|Scizor-Mega, M
|message|Scizor has Mega Evolved into Mega Scizor!
|move|p1a: Jehuty|Swords Dance|p1a: Jehuty
|-boost|p1a: Jehuty|atk|2
|cant|p2a: Jirachi|par
|
|-heal|p2a: Jirachi|404\/404 par|[from] move: Wish|[wisher] Jirachi
|turn|21
|c|âAlvok|gg
|-message|Alvok forfeited.
|
|win|Cienight
|raw|Ladder updating...
|raw|Cienight's rating: 1820 &rarr; <strong>1838<\/strong><br \/>(+18 for winning)
|raw|Alvok's rating: 1785 &rarr; <strong>1767<\/strong><br \/>(-18 for losing)