|join|LT1S Pearl.
|join|Alvok
|player|p1|LT1S Pearl.|249
|player|p2|Alvok|261
|gametype|singles
|gen|6
|tier|OU
|rated
|clearpoke
|poke|p1|Heracross, M
|poke|p1|Landorus-Therian, M
|poke|p1|Ferrothorn, M
|poke|p1|Politoed, M
|poke|p1|Kingdra, F
|poke|p1|Kabutops, M
|poke|p2|Magnezone
|poke|p2|Pinsir, M
|poke|p2|Latios, M
|poke|p2|Garchomp, M
|poke|p2|Heatran, F
|poke|p2|Azumarill, F, shiny
|rule|Swagger Clause: Swagger is banned
|rule|Baton Pass Clause: Limit one PokÃ©mon knowing Baton Pass
|rule|Sleep Clause Mod: Limit one foe put to sleep
|rule|Species Clause: Limit one of each PokÃ©mon
|rule|OHKO Clause: OHKO moves are banned
|rule|Moody Clause: Moody is banned
|rule|Evasion Moves Clause: Evasion moves are banned
|rule|Endless Battle Clause: Forcing endless battles is banned
|rule|HP Percentage Mod: HP is shown in percentages
|teampreview
|
|start
|switch|p1a: Landorus-Therian|Landorus-Therian, M|319\/319
|switch|p2a: Azumarill|Azumarill, F, shiny|341\/341
|-ability|p1a: Landorus-Therian|Intimidate|[of] p2a: Azumarill
|-unboost|p2a: Azumarill|atk|1
|turn|1
|
|move|p1a: Landorus-Therian|U-turn|p2a: Azumarill
|-resisted|p2a: Azumarill
|-damage|p2a: Azumarill|289\/341
|
|switch|p1a: Ferrothorn|Ferrothorn, M|352\/352
|move|p2a: Azumarill|Belly Drum|p2a: Azumarill
|-damage|p2a: Azumarill|119\/341
|-setboost|p2a: Azumarill|atk|6|[from] move: Belly Drum
|-enditem|p2a: Azumarill|Sitrus Berry|[eat]
|-heal|p2a: Azumarill|204\/341|[from] item: Sitrus Berry
|
|turn|2
|
|switch|p1a: Landorus-Therian|Landorus-Therian, M|319\/319
|-ability|p1a: Landorus-Therian|Intimidate|[of] p2a: Azumarill
|-unboost|p2a: Azumarill|atk|1
|move|p2a: Azumarill|Superpower|p1a: Landorus-Therian
|-resisted|p1a: Landorus-Therian
|-damage|p1a: Landorus-Therian|20\/319
|-unboost|p2a: Azumarill|atk|1
|-unboost|p2a: Azumarill|def|1
|
|turn|3
|
|switch|p1a: Ferrothorn|Ferrothorn, M|352\/352
|move|p2a: Azumarill|Aqua Jet|p1a: Ferrothorn
|-resisted|p1a: Ferrothorn
|-damage|p1a: Ferrothorn|268\/352
|-damage|p2a: Azumarill|162\/341|[from] ability: Iron Barbs|[of] p1a: Ferrothorn
|
|-heal|p1a: Ferrothorn|290\/352|[from] item: Leftovers
|turn|4
|
|move|p1a: Ferrothorn|Protect|p1a: Ferrothorn
|-singleturn|p1a: Ferrothorn|Protect
|move|p2a: Azumarill|Superpower|p1a: Ferrothorn
|-activate|p1a: Ferrothorn|Protect
|
|-heal|p1a: Ferrothorn|312\/352|[from] item: Leftovers
|turn|5
|
|switch|p1a: Landorus-Therian|Landorus-Therian, M|20\/319
|-ability|p1a: Landorus-Therian|Intimidate|[of] p2a: Azumarill
|-unboost|p2a: Azumarill|atk|1
|move|p2a: Azumarill|Superpower|p1a: Landorus-Therian
|-resisted|p1a: Landorus-Therian
|-damage|p1a: Landorus-Therian|0 fnt
|-unboost|p2a: Azumarill|atk|1
|-unboost|p2a: Azumarill|def|1
|faint|p1a: Landorus-Therian
|
|
|switch|p1a: Heracross|Heracross, M|302\/302
|turn|6
|
|detailschange|p1a: Heracross|Heracross-Mega, M
|message|Heracross has Mega Evolved into Mega Heracross!
|move|p2a: Azumarill|Aqua Jet|p1a: Heracross
|-damage|p1a: Heracross|152\/302
|move|p1a: Heracross|Rock Blast|p2a: Azumarill
|-damage|p2a: Azumarill|66\/341
|-damage|p2a: Azumarill|0 fnt
|-hitcount|p2a: Azumarill|2
|faint|p2a: Azumarill
|
|
|switch|p2a: Pinsir|Pinsir, M|271\/271
|turn|7
|
|switch|p1a: Politoed|Politoed, M|383\/383
|-weather|RainDance
|detailschange|p2a: Pinsir|Pinsir-Mega, M
|message|Pinsir has Mega Evolved into Mega Pinsir!
|move|p2a: Pinsir|Frustration|p1a: Politoed
|-damage|p1a: Politoed|73\/383
|
|-weather|RainDance|[upkeep]
|turn|8
|
|switch|p1a: Ferrothorn|Ferrothorn, M|312\/352
|move|p2a: Pinsir|Frustration|p1a: Ferrothorn
|-damage|p1a: Ferrothorn|126\/352
|-damage|p2a: Pinsir|238\/271|[from] ability: Iron Barbs|[of] p1a: Ferrothorn
|
|-weather|RainDance|[upkeep]
|-heal|p1a: Ferrothorn|148\/352|[from] item: Leftovers
|turn|9
|
|move|p2a: Pinsir|Substitute|p2a: Pinsir
|-start|p2a: Pinsir|Substitute
|-damage|p2a: Pinsir|171\/271
|move|p1a: Ferrothorn|Leech Seed|p2a: Pinsir
|
|-weather|RainDance|[upkeep]
|-heal|p1a: Ferrothorn|170\/352|[from] item: Leftovers
|turn|10
|
|move|p2a: Pinsir|Close Combat|p1a: Ferrothorn
|-supereffective|p1a: Ferrothorn
|-damage|p1a: Ferrothorn|0 fnt
|-damage|p2a: Pinsir|138\/271|[from] ability: Iron Barbs|[of] p1a: Ferrothorn
|-unboost|p2a: Pinsir|def|1
|-unboost|p2a: Pinsir|spd|1
|faint|p1a: Ferrothorn
|
|-weather|RainDance|[upkeep]
|
|switch|p1a: Kingdra|Kingdra, F|291\/291
|turn|11
|
|move|p1a: Kingdra|Surf|p2a: Pinsir
|-end|p2a: Pinsir|Substitute
|move|p2a: Pinsir|Frustration|p1a: Kingdra
|-damage|p1a: Kingdra|27\/291
|
|-weather|RainDance|[upkeep]
|turn|12
|
|switch|p1a: Kabutops|Kabutops, M|262\/262
|move|p2a: Pinsir|Quick Attack|p1a: Kabutops
|-resisted|p1a: Kabutops
|-damage|p1a: Kabutops|214\/262
|
|-weather|RainDance|[upkeep]
|turn|13
|
|switch|p2a: Latios|Latios, M|301\/301
|move|p1a: Kabutops|Waterfall|p2a: Latios
|-resisted|p2a: Latios
|-damage|p2a: Latios|133\/301
|-damage|p1a: Kabutops|188\/262|[from] item: Life Orb
|
|-weather|RainDance|[upkeep]
|turn|14
|
|move|p1a: Kabutops|Waterfall|p2a: Latios
|-resisted|p2a: Latios
|-damage|p2a: Latios|0 fnt
|-damage|p1a: Kabutops|162\/262|[from] item: Life Orb
|faint|p2a: Latios
|
|-weather|none
|
|switch|p2a: Garchomp|Garchomp, M|358\/358
|turn|15
|
|switch|p1a: Politoed|Politoed, M|73\/383
|-weather|RainDance
|move|p2a: Garchomp|Earthquake|p1a: Politoed
|-damage|p1a: Politoed|0 fnt
|faint|p1a: Politoed
|
|-weather|RainDance|[upkeep]
|
|switch|p1a: Kingdra|Kingdra, F|27\/291
|turn|16
|
|move|p1a: Kingdra|Surf|p2a: Garchomp
|-damage|p2a: Garchomp|24\/358
|move|p2a: Garchomp|Earthquake|p1a: Kingdra
|-damage|p1a: Kingdra|0 fnt
|faint|p1a: Kingdra
|
|-weather|RainDance|[upkeep]
|
|switch|p1a: Kabutops|Kabutops, M|162\/262
|turn|17
|
|move|p1a: Kabutops|Aqua Jet|p2a: Garchomp
|-damage|p2a: Garchomp|0 fnt
|-damage|p1a: Kabutops|130\/262|[from] ability: Rough Skin|[of] p2a: Garchomp
|-damage|p1a: Kabutops|104\/262|[from] item: Life Orb
|faint|p2a: Garchomp
|
|-weather|RainDance|[upkeep]
|
|switch|p2a: Magnezone|Magnezone|343\/343
|turn|18
|
|move|p1a: Kabutops|Waterfall|p2a: Magnezone
|-damage|p2a: Magnezone|100\/343
|-damage|p1a: Kabutops|78\/262|[from] item: Life Orb
|move|p2a: Magnezone|Thunderbolt|p1a: Kabutops
|-supereffective|p1a: Kabutops
|-damage|p1a: Kabutops|0 fnt
|faint|p1a: Kabutops
|
|-weather|RainDance|[upkeep]
|
|switch|p1a: Heracross|Heracross-Mega, M|152\/302
|turn|19
|
|move|p1a: Heracross|Pin Missile|p2a: Magnezone
|-resisted|p2a: Magnezone
|-damage|p2a: Magnezone|74\/343
|-resisted|p2a: Magnezone
|-damage|p2a: Magnezone|46\/343
|-resisted|p2a: Magnezone
|-damage|p2a: Magnezone|20\/343
|-resisted|p2a: Magnezone
|-damage|p2a: Magnezone|0 fnt
|-hitcount|p2a: Magnezone|4
|faint|p2a: Magnezone
|
|-weather|RainDance|[upkeep]
|
|switch|p2a: Pinsir|Pinsir-Mega, M|138\/271
|turn|20
|
|move|p2a: Pinsir|Frustration|p1a: Heracross
|-supereffective|p1a: Heracross
|-damage|p1a: Heracross|0 fnt
|faint|p1a: Heracross
|
|win|Alvok
|raw|Ladder updating...
|raw|LT1S Pearl.'s rating: 1705 &rarr; <strong>1685<\/strong><br \/>(-20 for losing)
|raw|Alvok's rating: 1692 &rarr; <strong>1713<\/strong><br \/>(+21 for winning)