|join|Alvok
|join|Disorient1
|player|p1|Alvok|256
|player|p2|Disorient1|81
|gametype|singles
|gen|6
|tier|OU
|clearpoke
|poke|p1|Doublade, F, shiny
|poke|p1|Chansey, F
|poke|p1|Ditto
|poke|p1|Gothitelle, F
|poke|p1|Mandibuzz, F
|poke|p1|Venusaur, F
|poke|p2|Gyarados, F
|poke|p2|Gothitelle, F
|poke|p2|Landorus-Therian, M
|poke|p2|Latias, F
|poke|p2|Ferrothorn, F
|poke|p2|Heatran, M
|rule|Swagger Clause: Swagger is banned
|rule|Baton Pass Clause: Limit one PokÃ©mon knowing Baton Pass
|rule|Sleep Clause Mod: Limit one foe put to sleep
|rule|Species Clause: Limit one of each PokÃ©mon
|rule|OHKO Clause: OHKO moves are banned
|rule|Moody Clause: Moody is banned
|rule|Evasion Moves Clause: Evasion moves are banned
|rule|Endless Battle Clause: Forcing endless battles is banned
|rule|HP Percentage Mod: HP is shown in percentages
|teampreview
|
|start
|switch|p1a: Doublade|Doublade, F, shiny|322\/322
|switch|p2a: Landorus-Therian|Landorus-Therian, M|319\/319
|-ability|p2a: Landorus-Therian|Intimidate|[of] p1a: Doublade
|-unboost|p1a: Doublade|atk|1
|turn|1
|c|âAlvok|hahahaha i hate goth so much :[
|
|switch|p1a: Mandibuzz|Mandibuzz, F|424\/424
|move|p2a: Landorus-Therian|Knock Off|p1a: Mandibuzz
|-resisted|p1a: Mandibuzz
|-damage|p1a: Mandibuzz|382\/424
|-enditem|p1a: Mandibuzz|Leftovers|[from] move: Knock Off|[of] p2a: Landorus-Therian
|
|turn|2
|
|switch|p2a: Ferrothorn|Ferrothorn, F|352\/352
|switch|p1a: Chansey|Chansey, F|642\/642
|
|turn|3
|
|switch|p2a: Gothitelle|Gothitelle, F|292\/292
|move|p1a: Chansey|Stealth Rock|p2a: Gothitelle
|-sidestart|p2: Disorient1|move: Stealth Rock
|
|turn|4
|c|âAlvok|:[
|
|move|p2a: Gothitelle|Trick|p1a: Chansey
|-activate|p2a: Gothitelle|move: Trick|[of] p1a: Chansey
|-item|p1a: Chansey|Choice Specs|[from] move: Trick
|-item|p2a: Gothitelle|Eviolite|[from] move: Trick
|move|p1a: Chansey|Seismic Toss|p2a: Gothitelle
|-damage|p2a: Gothitelle|192\/292
|
|turn|5
|
|switch|p2a: Latias|Latias, F|319\/319
|-damage|p2a: Latias|280\/319|[from] Stealth Rock
|move|p1a: Chansey|Seismic Toss|p2a: Latias
|-damage|p2a: Latias|180\/319
|
|turn|6
|
|move|p2a: Latias|Defog|p1a: Chansey
|-unboost|p1a: Chansey|evasion|1
|-sideend|p2: Disorient1|Stealth Rock|[from] move: Defog|[of] p2a: Latias
|move|p1a: Chansey|Seismic Toss|p2a: Latias
|-damage|p2a: Latias|80\/319
|
|turn|7
|
|switch|p2a: Ferrothorn|Ferrothorn, F|352\/352
|switch|p1a: Doublade|Doublade, F, shiny|322\/322
|
|turn|8
|
|switch|p1a: Gothitelle|Gothitelle, F|301\/301
|switch|p2a: Gothitelle|Gothitelle, F|192\/292
|
|turn|9
|
|switch|p1a: Chansey|Chansey, F|642\/642
|switch|p2a: Gyarados|Gyarados, F|346\/346
|-ability|p2a: Gyarados|Intimidate|[of] p1a: Chansey
|-unboost|p1a: Chansey|atk|1
|
|turn|10
|
|switch|p2a: Gothitelle|Gothitelle, F|192\/292
|switch|p1a: Mandibuzz|Mandibuzz, F|382\/424
|
|turn|11
|c|âAlvok|urghhhhhh
|
|switch|p2a: Ferrothorn|Ferrothorn, F|352\/352
|move|p1a: Mandibuzz|Foul Play|p2a: Ferrothorn
|-damage|p2a: Ferrothorn|286\/352
|-damage|p1a: Mandibuzz|329\/424|[from] ability: Iron Barbs|[of] p2a: Ferrothorn
|
|-heal|p2a: Ferrothorn|308\/352|[from] item: Leftovers
|turn|12
|
|move|p1a: Mandibuzz|Taunt|p2a: Ferrothorn
|-start|p2a: Ferrothorn|move: Taunt
|cant|p2a: Ferrothorn|move: Taunt|Stealth Rock
|
|-heal|p2a: Ferrothorn|330\/352|[from] item: Leftovers
|turn|13
|
|switch|p1a: Chansey|Chansey, F|642\/642
|switch|p2a: Gothitelle|Gothitelle, F|192\/292
|
|turn|14
|
|switch|p2a: Ferrothorn|Ferrothorn, F|330\/352
|move|p1a: Chansey|Seismic Toss|p2a: Ferrothorn
|-damage|p2a: Ferrothorn|230\/352
|-damage|p1a: Chansey|562\/642|[from] ability: Iron Barbs|[of] p2a: Ferrothorn
|
|-heal|p2a: Ferrothorn|252\/352|[from] item: Leftovers
|turn|15
|
|switch|p1a: Ditto|Ditto|300\/300
|-transform|p1a: Ditto|p2a: Ferrothorn
|move|p2a: Ferrothorn|Stealth Rock|p1a: Ditto
|-sidestart|p1: Alvok|move: Stealth Rock
|
|-heal|p2a: Ferrothorn|274\/352|[from] item: Leftovers
|turn|16
|
|switch|p2a: Gothitelle|Gothitelle, F|192\/292
|move|p1a: Ditto|Stealth Rock|p2a: Gothitelle
|-sidestart|p2: Disorient1|move: Stealth Rock
|
|turn|17
|c|âAlvok|fuckkkkk :[
|
|move|p2a: Gothitelle|Hidden Power|p1a: Ditto
|-supereffective|p1a: Ditto
|-damage|p1a: Ditto|108\/300
|move|p1a: Ditto|Stealth Rock|p2a: Gothitelle
|-fail|p2a: Gothitelle
|
|turn|18
|
|move|p2a: Gothitelle|Hidden Power|p1a: Ditto
|-supereffective|p1a: Ditto
|-damage|p1a: Ditto|0 fnt
|faint|p1a: Ditto
|
|c|âAlvok|:[
|
|switch|p1a: Venusaur|Venusaur, F|364\/364
|-damage|p1a: Venusaur|319\/364|[from] Stealth Rock
|turn|19
|
|switch|p2a: Heatran|Heatran, M|323\/323
|-damage|p2a: Heatran|283\/323|[from] Stealth Rock
|detailschange|p1a: Venusaur|Venusaur-Mega, F
|message|Venusaur has Mega Evolved into Mega Venusaur!
|move|p1a: Venusaur|Leech Seed|p2a: Heatran
|-start|p2a: Heatran|move: Leech Seed
|
|-damage|p2a: Heatran|243\/323|[from] Leech Seed|[of] p1a: Venusaur
|-heal|p1a: Venusaur|359\/364|[silent]
|turn|20
|
|switch|p2a: Ferrothorn|Ferrothorn, F|274\/352
|-damage|p2a: Ferrothorn|252\/352|[from] Stealth Rock
|switch|p1a: Chansey|Chansey, F|562\/642
|-damage|p1a: Chansey|482\/642|[from] Stealth Rock
|
|-heal|p2a: Ferrothorn|274\/352|[from] item: Leftovers
|turn|21
|
|switch|p1a: Venusaur|Venusaur-Mega, F|359\/364
|-damage|p1a: Venusaur|314\/364|[from] Stealth Rock
|move|p2a: Ferrothorn|Leech Seed|p1a: Venusaur
|-immune|p1a: Venusaur|[msg]
|
|-heal|p2a: Ferrothorn|296\/352|[from] item: Leftovers
|turn|22
|
|switch|p2a: Heatran|Heatran, M|243\/323
|-damage|p2a: Heatran|203\/323|[from] Stealth Rock
|move|p1a: Venusaur|Leech Seed|p2a: Heatran
|-start|p2a: Heatran|move: Leech Seed
|
|-damage|p2a: Heatran|163\/323|[from] Leech Seed|[of] p1a: Venusaur
|-heal|p1a: Venusaur|354\/364|[silent]
|turn|23
|
|switch|p2a: Ferrothorn|Ferrothorn, F|296\/352
|-damage|p2a: Ferrothorn|274\/352|[from] Stealth Rock
|switch|p1a: Chansey|Chansey, F|482\/642
|-damage|p1a: Chansey|402\/642|[from] Stealth Rock
|
|-heal|p2a: Ferrothorn|296\/352|[from] item: Leftovers
|turn|24
|
|move|p1a: Chansey|Soft-Boiled|p1a: Chansey
|-heal|p1a: Chansey|642\/642
|move|p2a: Ferrothorn|Gyro Ball|p1a: Chansey
|-damage|p1a: Chansey|443\/642
|
|-heal|p2a: Ferrothorn|318\/352|[from] item: Leftovers
|turn|25
|
|switch|p1a: Venusaur|Venusaur-Mega, F|354\/364
|-damage|p1a: Venusaur|309\/364|[from] Stealth Rock
|switch|p2a: Latias|Latias, F|80\/319
|-damage|p2a: Latias|41\/319|[from] Stealth Rock
|
|turn|26
|
|switch|p1a: Doublade|Doublade, F, shiny|322\/322
|-damage|p1a: Doublade|302\/322|[from] Stealth Rock
|move|p2a: Latias|Defog|p1a: Doublade
|-unboost|p1a: Doublade|evasion|1
|-sideend|p1: Alvok|Stealth Rock|[from] move: Defog|[of] p1a: Doublade
|-sideend|p2: Disorient1|Stealth Rock|[from] move: Defog|[of] p2a: Latias
|
|turn|27
|
|switch|p1a: Venusaur|Venusaur-Mega, F|309\/364
|move|p2a: Latias|Healing Wish|p2a: Latias
|faint|p2a: Latias
|
|
|switch|p2a: Gothitelle|Gothitelle, F|192\/292
|-heal|p2a: Gothitelle|292\/292|[from] move: Healing Wish
|turn|28
|c|âAlvok|:[
|
|move|p2a: Gothitelle|Psychic|p1a: Venusaur
|-supereffective|p1a: Venusaur
|-damage|p1a: Venusaur|87\/364
|move|p1a: Venusaur|Giga Drain|p2a: Gothitelle
|-damage|p2a: Gothitelle|195\/292
|-heal|p1a: Venusaur|136\/364|[from] drain|[of] p2a: Gothitelle
|
|turn|29
|
|move|p2a: Gothitelle|Psychic|p1a: Venusaur
|-supereffective|p1a: Venusaur
|-damage|p1a: Venusaur|0 fnt
|faint|p1a: Venusaur
|
|
|switch|p1a: Chansey|Chansey, F|443\/642
|turn|30
|
|switch|p2a: Ferrothorn|Ferrothorn, F|318\/352
|move|p1a: Chansey|Stealth Rock|p2a: Ferrothorn
|-sidestart|p2: Disorient1|move: Stealth Rock
|
|-heal|p2a: Ferrothorn|340\/352|[from] item: Leftovers
|turn|31
|
|switch|p1a: Gothitelle|Gothitelle, F|301\/301
|move|p2a: Ferrothorn|Leech Seed|p1a: Gothitelle
|-start|p1a: Gothitelle|move: Leech Seed
|
|-heal|p2a: Ferrothorn|352\/352|[from] item: Leftovers
|-damage|p1a: Gothitelle|264\/301|[from] Leech Seed|[of] p2a: Ferrothorn
|turn|32
|
|move|p1a: Gothitelle|Trick|p2a: Ferrothorn
|-activate|p1a: Gothitelle|move: Trick|[of] p2a: Ferrothorn
|-item|p2a: Ferrothorn|Choice Scarf|[from] move: Trick
|-item|p1a: Gothitelle|Leftovers|[from] move: Trick
|move|p2a: Ferrothorn|Stealth Rock|p1a: Gothitelle
|-sidestart|p1: Alvok|move: Stealth Rock
|
|-heal|p1a: Gothitelle|282\/301|[from] item: Leftovers
|-damage|p1a: Gothitelle|245\/301|[from] Leech Seed|[of] p2a: Ferrothorn
|turn|33
|c|âDisorient1|I almost used Gyro ball
|c|âAlvok|lel
|
|move|p1a: Gothitelle|Calm Mind|p1a: Gothitelle
|-boost|p1a: Gothitelle|spa|1
|-boost|p1a: Gothitelle|spd|1
|move|p2a: Ferrothorn|Stealth Rock|p1a: Gothitelle
|-fail|p1a: Gothitelle
|
|-heal|p1a: Gothitelle|263\/301|[from] item: Leftovers
|-damage|p1a: Gothitelle|226\/301|[from] Leech Seed|[of] p2a: Ferrothorn
|turn|34
|c|âDisorient1|but I thought you had a Goth that wasn't a gay CM Rest one
|
|move|p1a: Gothitelle|Calm Mind|p1a: Gothitelle
|-boost|p1a: Gothitelle|spa|1
|-boost|p1a: Gothitelle|spd|1
|move|p2a: Ferrothorn|Stealth Rock|p1a: Gothitelle
|-fail|p1a: Gothitelle
|
|-heal|p1a: Gothitelle|244\/301|[from] item: Leftovers
|-damage|p1a: Gothitelle|207\/301|[from] Leech Seed|[of] p2a: Ferrothorn
|turn|35
|
|move|p1a: Gothitelle|Calm Mind|p1a: Gothitelle
|-boost|p1a: Gothitelle|spa|1
|-boost|p1a: Gothitelle|spd|1
|move|p2a: Ferrothorn|Stealth Rock|p1a: Gothitelle
|-fail|p1a: Gothitelle
|
|-heal|p1a: Gothitelle|225\/301|[from] item: Leftovers
|-damage|p1a: Gothitelle|188\/301|[from] Leech Seed|[of] p2a: Ferrothorn
|turn|36
|
|move|p1a: Gothitelle|Calm Mind|p1a: Gothitelle
|-boost|p1a: Gothitelle|spa|1
|-boost|p1a: Gothitelle|spd|1
|move|p2a: Ferrothorn|Stealth Rock|p1a: Gothitelle
|-fail|p1a: Gothitelle
|
|-heal|p1a: Gothitelle|206\/301|[from] item: Leftovers
|-damage|p1a: Gothitelle|169\/301|[from] Leech Seed|[of] p2a: Ferrothorn
|turn|37
|
|move|p1a: Gothitelle|Calm Mind|p1a: Gothitelle
|-boost|p1a: Gothitelle|spa|1
|-boost|p1a: Gothitelle|spd|1
|move|p2a: Ferrothorn|Stealth Rock|p1a: Gothitelle
|-fail|p1a: Gothitelle
|
|-heal|p1a: Gothitelle|187\/301|[from] item: Leftovers
|-damage|p1a: Gothitelle|150\/301|[from] Leech Seed|[of] p2a: Ferrothorn
|turn|38
|
|move|p1a: Gothitelle|Calm Mind|p1a: Gothitelle
|-boost|p1a: Gothitelle|spa|1
|-boost|p1a: Gothitelle|spd|1
|move|p2a: Ferrothorn|Stealth Rock|p1a: Gothitelle
|-fail|p1a: Gothitelle
|
|-heal|p1a: Gothitelle|168\/301|[from] item: Leftovers
|-damage|p1a: Gothitelle|131\/301|[from] Leech Seed|[of] p2a: Ferrothorn
|turn|39
|
|move|p1a: Gothitelle|Calm Mind|p1a: Gothitelle
|-fail|p1a: Gothitelle
|move|p2a: Ferrothorn|Stealth Rock|p1a: Gothitelle
|-fail|p1a: Gothitelle
|
|-heal|p1a: Gothitelle|149\/301|[from] item: Leftovers
|-damage|p1a: Gothitelle|112\/301|[from] Leech Seed|[of] p2a: Ferrothorn
|turn|40
|
|move|p1a: Gothitelle|Calm Mind|p1a: Gothitelle
|-fail|p1a: Gothitelle
|move|p2a: Ferrothorn|Stealth Rock|p1a: Gothitelle
|-fail|p1a: Gothitelle
|
|-heal|p1a: Gothitelle|130\/301|[from] item: Leftovers
|-damage|p1a: Gothitelle|93\/301|[from] Leech Seed|[of] p2a: Ferrothorn
|turn|41
|
|move|p1a: Gothitelle|Rest|p1a: Gothitelle
|-status|p1a: Gothitelle|slp
|-heal|p1a: Gothitelle|301\/301 slp|[silent]
|-status|p1a: Gothitelle|slp|[from] move: Rest
|move|p2a: Ferrothorn|Stealth Rock|p1a: Gothitelle
|-fail|p1a: Gothitelle
|
|-damage|p1a: Gothitelle|264\/301 slp|[from] Leech Seed|[of] p2a: Ferrothorn
|turn|42
|
|cant|p1a: Gothitelle|slp
|move|p2a: Ferrothorn|Stealth Rock|p1a: Gothitelle
|-fail|p1a: Gothitelle
|
|-heal|p1a: Gothitelle|282\/301 slp|[from] item: Leftovers
|-damage|p1a: Gothitelle|245\/301 slp|[from] Leech Seed|[of] p2a: Ferrothorn
|turn|43
|
|cant|p1a: Gothitelle|slp
|move|p2a: Ferrothorn|Stealth Rock|p1a: Gothitelle
|-fail|p1a: Gothitelle
|
|-heal|p1a: Gothitelle|263\/301 slp|[from] item: Leftovers
|-damage|p1a: Gothitelle|226\/301 slp|[from] Leech Seed|[of] p2a: Ferrothorn
|turn|44
|
|-curestatus|p1a: Gothitelle|slp
|move|p1a: Gothitelle|Calm Mind|p1a: Gothitelle
|-fail|p1a: Gothitelle
|move|p2a: Ferrothorn|Stealth Rock|p1a: Gothitelle
|-fail|p1a: Gothitelle
|
|-heal|p1a: Gothitelle|244\/301|[from] item: Leftovers
|-damage|p1a: Gothitelle|207\/301|[from] Leech Seed|[of] p2a: Ferrothorn
|turn|45
|
|move|p1a: Gothitelle|Calm Mind|p1a: Gothitelle
|-fail|p1a: Gothitelle
|move|p2a: Ferrothorn|Stealth Rock|p1a: Gothitelle
|-fail|p1a: Gothitelle
|
|-heal|p1a: Gothitelle|225\/301|[from] item: Leftovers
|-damage|p1a: Gothitelle|188\/301|[from] Leech Seed|[of] p2a: Ferrothorn
|turn|46
|
|move|p1a: Gothitelle|Psychic|p2a: Ferrothorn
|-resisted|p2a: Ferrothorn
|-damage|p2a: Ferrothorn|206\/352
|move|p2a: Ferrothorn|Stealth Rock|p1a: Gothitelle
|-fail|p1a: Gothitelle
|
|-heal|p1a: Gothitelle|206\/301|[from] item: Leftovers
|-damage|p1a: Gothitelle|169\/301|[from] Leech Seed|[of] p2a: Ferrothorn
|-heal|p2a: Ferrothorn|243\/352|[silent]
|turn|47
|
|move|p1a: Gothitelle|Psychic|p2a: Ferrothorn
|-resisted|p2a: Ferrothorn
|-damage|p2a: Ferrothorn|89\/352
|move|p2a: Ferrothorn|Stealth Rock|p1a: Gothitelle
|-fail|p1a: Gothitelle
|
|-heal|p1a: Gothitelle|187\/301|[from] item: Leftovers
|-damage|p1a: Gothitelle|150\/301|[from] Leech Seed|[of] p2a: Ferrothorn
|-heal|p2a: Ferrothorn|126\/352|[silent]
|turn|48
|
|move|p1a: Gothitelle|Rest|p1a: Gothitelle
|-status|p1a: Gothitelle|slp
|-heal|p1a: Gothitelle|301\/301 slp|[silent]
|-status|p1a: Gothitelle|slp|[from] move: Rest
|move|p2a: Ferrothorn|Stealth Rock|p1a: Gothitelle
|-fail|p1a: Gothitelle
|
|-damage|p1a: Gothitelle|264\/301 slp|[from] Leech Seed|[of] p2a: Ferrothorn
|-heal|p2a: Ferrothorn|163\/352|[silent]
|turn|49
|
|cant|p1a: Gothitelle|slp
|move|p2a: Ferrothorn|Stealth Rock|p1a: Gothitelle
|-fail|p1a: Gothitelle
|
|-heal|p1a: Gothitelle|282\/301 slp|[from] item: Leftovers
|-damage|p1a: Gothitelle|245\/301 slp|[from] Leech Seed|[of] p2a: Ferrothorn
|-heal|p2a: Ferrothorn|200\/352|[silent]
|turn|50
|
|cant|p1a: Gothitelle|slp
|move|p2a: Ferrothorn|Stealth Rock|p1a: Gothitelle
|-fail|p1a: Gothitelle
|
|-heal|p1a: Gothitelle|263\/301 slp|[from] item: Leftovers
|-damage|p1a: Gothitelle|226\/301 slp|[from] Leech Seed|[of] p2a: Ferrothorn
|-heal|p2a: Ferrothorn|237\/352|[silent]
|turn|51
|
|-curestatus|p1a: Gothitelle|slp
|move|p1a: Gothitelle|Calm Mind|p1a: Gothitelle
|-fail|p1a: Gothitelle
|move|p2a: Ferrothorn|Stealth Rock|p1a: Gothitelle
|-fail|p1a: Gothitelle
|
|-heal|p1a: Gothitelle|244\/301|[from] item: Leftovers
|-damage|p1a: Gothitelle|207\/301|[from] Leech Seed|[of] p2a: Ferrothorn
|-heal|p2a: Ferrothorn|274\/352|[silent]
|turn|52
|
|move|p1a: Gothitelle|Calm Mind|p1a: Gothitelle
|-fail|p1a: Gothitelle
|move|p2a: Ferrothorn|Stealth Rock|p1a: Gothitelle
|-fail|p1a: Gothitelle
|
|-heal|p1a: Gothitelle|225\/301|[from] item: Leftovers
|-damage|p1a: Gothitelle|188\/301|[from] Leech Seed|[of] p2a: Ferrothorn
|-heal|p2a: Ferrothorn|311\/352|[silent]
|turn|53
|
|move|p1a: Gothitelle|Calm Mind|p1a: Gothitelle
|-fail|p1a: Gothitelle
|move|p2a: Ferrothorn|Stealth Rock|p1a: Gothitelle
|-fail|p1a: Gothitelle
|
|-heal|p1a: Gothitelle|206\/301|[from] item: Leftovers
|-damage|p1a: Gothitelle|169\/301|[from] Leech Seed|[of] p2a: Ferrothorn
|-heal|p2a: Ferrothorn|348\/352|[silent]
|turn|54
|
|move|p1a: Gothitelle|Calm Mind|p1a: Gothitelle
|-fail|p1a: Gothitelle
|move|p2a: Ferrothorn|Stealth Rock|p1a: Gothitelle
|-fail|p1a: Gothitelle
|
|-heal|p1a: Gothitelle|187\/301|[from] item: Leftovers
|-damage|p1a: Gothitelle|150\/301|[from] Leech Seed|[of] p2a: Ferrothorn
|-heal|p2a: Ferrothorn|352\/352|[silent]
|turn|55
|
|move|p1a: Gothitelle|Calm Mind|p1a: Gothitelle
|-fail|p1a: Gothitelle
|move|p2a: Ferrothorn|Stealth Rock|p1a: Gothitelle
|-fail|p1a: Gothitelle
|
|-heal|p1a: Gothitelle|168\/301|[from] item: Leftovers
|-damage|p1a: Gothitelle|131\/301|[from] Leech Seed|[of] p2a: Ferrothorn
|turn|56
|
|move|p1a: Gothitelle|Calm Mind|p1a: Gothitelle
|-fail|p1a: Gothitelle
|move|p2a: Ferrothorn|Stealth Rock|p1a: Gothitelle
|-fail|p1a: Gothitelle
|
|-heal|p1a: Gothitelle|149\/301|[from] item: Leftovers
|-damage|p1a: Gothitelle|112\/301|[from] Leech Seed|[of] p2a: Ferrothorn
|turn|57
|
|move|p1a: Gothitelle|Calm Mind|p1a: Gothitelle
|-fail|p1a: Gothitelle
|move|p2a: Ferrothorn|Stealth Rock|p1a: Gothitelle
|-fail|p1a: Gothitelle
|
|-heal|p1a: Gothitelle|130\/301|[from] item: Leftovers
|-damage|p1a: Gothitelle|93\/301|[from] Leech Seed|[of] p2a: Ferrothorn
|turn|58
|
|move|p1a: Gothitelle|Rest|p1a: Gothitelle
|-status|p1a: Gothitelle|slp
|-heal|p1a: Gothitelle|301\/301 slp|[silent]
|-status|p1a: Gothitelle|slp|[from] move: Rest
|move|p2a: Ferrothorn|Stealth Rock|p1a: Gothitelle
|-fail|p1a: Gothitelle
|
|-damage|p1a: Gothitelle|264\/301 slp|[from] Leech Seed|[of] p2a: Ferrothorn
|turn|59
|
|cant|p1a: Gothitelle|slp
|move|p2a: Ferrothorn|Stealth Rock|p1a: Gothitelle
|-fail|p1a: Gothitelle
|
|-heal|p1a: Gothitelle|282\/301 slp|[from] item: Leftovers
|-damage|p1a: Gothitelle|245\/301 slp|[from] Leech Seed|[of] p2a: Ferrothorn
|turn|60
|
|cant|p1a: Gothitelle|slp
|move|p2a: Ferrothorn|Stealth Rock|p1a: Gothitelle
|-fail|p1a: Gothitelle
|
|-heal|p1a: Gothitelle|263\/301 slp|[from] item: Leftovers
|-damage|p1a: Gothitelle|226\/301 slp|[from] Leech Seed|[of] p2a: Ferrothorn
|turn|61
|
|-curestatus|p1a: Gothitelle|slp
|move|p1a: Gothitelle|Calm Mind|p1a: Gothitelle
|-fail|p1a: Gothitelle
|move|p2a: Ferrothorn|Stealth Rock|p1a: Gothitelle
|-fail|p1a: Gothitelle
|
|-heal|p1a: Gothitelle|244\/301|[from] item: Leftovers
|-damage|p1a: Gothitelle|207\/301|[from] Leech Seed|[of] p2a: Ferrothorn
|turn|62
|
|move|p1a: Gothitelle|Rest|p1a: Gothitelle
|-status|p1a: Gothitelle|slp
|-heal|p1a: Gothitelle|301\/301 slp|[silent]
|-status|p1a: Gothitelle|slp|[from] move: Rest
|move|p2a: Ferrothorn|Stealth Rock|p1a: Gothitelle
|-fail|p1a: Gothitelle
|
|-damage|p1a: Gothitelle|264\/301 slp|[from] Leech Seed|[of] p2a: Ferrothorn
|turn|63
|
|cant|p1a: Gothitelle|slp
|-activate|p2a: Ferrothorn|move: Struggle
|move|p2a: Ferrothorn|Struggle|p1a: Gothitelle
|-damage|p1a: Gothitelle|227\/301 slp
|-damage|p2a: Ferrothorn|264\/352
|
|-heal|p1a: Gothitelle|245\/301 slp|[from] item: Leftovers
|-damage|p1a: Gothitelle|208\/301 slp|[from] Leech Seed|[of] p2a: Ferrothorn
|-heal|p2a: Ferrothorn|301\/352|[silent]
|turn|64
|
|cant|p1a: Gothitelle|slp
|-activate|p2a: Ferrothorn|move: Struggle
|move|p2a: Ferrothorn|Struggle|p1a: Gothitelle
|-damage|p1a: Gothitelle|172\/301 slp
|-damage|p2a: Ferrothorn|213\/352
|
|-heal|p1a: Gothitelle|190\/301 slp|[from] item: Leftovers
|-damage|p1a: Gothitelle|153\/301 slp|[from] Leech Seed|[of] p2a: Ferrothorn
|-heal|p2a: Ferrothorn|250\/352|[silent]
|turn|65
|
|-curestatus|p1a: Gothitelle|slp
|move|p1a: Gothitelle|Psychic|p2a: Ferrothorn
|-resisted|p2a: Ferrothorn
|-damage|p2a: Ferrothorn|104\/352
|-activate|p2a: Ferrothorn|move: Struggle
|move|p2a: Ferrothorn|Struggle|p1a: Gothitelle
|-damage|p1a: Gothitelle|119\/301
|-damage|p2a: Ferrothorn|16\/352
|
|-heal|p1a: Gothitelle|137\/301|[from] item: Leftovers
|-damage|p1a: Gothitelle|100\/301|[from] Leech Seed|[of] p2a: Ferrothorn
|-heal|p2a: Ferrothorn|53\/352|[silent]
|turn|66
|
|move|p1a: Gothitelle|Trick|p2a: Ferrothorn
|-activate|p1a: Gothitelle|move: Trick|[of] p2a: Ferrothorn
|-item|p2a: Ferrothorn|Leftovers|[from] move: Trick
|-item|p1a: Gothitelle|Choice Scarf|[from] move: Trick
|-activate|p2a: Ferrothorn|move: Struggle
|move|p2a: Ferrothorn|Struggle|p1a: Gothitelle
|-damage|p1a: Gothitelle|63\/301
|-damage|p2a: Ferrothorn|0 fnt
|faint|p2a: Ferrothorn
|
|
|switch|p2a: Gyarados|Gyarados, F|346\/346
|-damage|p2a: Gyarados|260\/346|[from] Stealth Rock
|-ability|p2a: Gyarados|Intimidate|[of] p1a: Gothitelle
|-unboost|p1a: Gothitelle|atk|1
|turn|67
|
|detailschange|p2a: Gyarados|Gyarados-Mega, F
|message|Gyarados has Mega Evolved into Mega Gyarados!
|-ability|p2a: Gyarados|Mold Breaker
|move|p1a: Gothitelle|Psychic|p2a: Gyarados
|-immune|p2a: Gyarados|[msg]
|move|p2a: Gyarados|Dragon Dance|p2a: Gyarados
|-boost|p2a: Gyarados|atk|1
|-boost|p2a: Gyarados|spe|1
|
|-damage|p1a: Gothitelle|26\/301|[from] Leech Seed|[of] p2a: Gyarados
|-heal|p2a: Gyarados|297\/346|[silent]
|turn|68
|
|move|p2a: Gyarados|Dragon Dance|p2a: Gyarados
|-boost|p2a: Gyarados|atk|1
|-boost|p2a: Gyarados|spe|1
|move|p1a: Gothitelle|Psychic|p2a: Gyarados
|-immune|p2a: Gyarados|[msg]
|
|-damage|p1a: Gothitelle|0 fnt|[from] Leech Seed|[of] p2a: Gyarados
|-heal|p2a: Gyarados|323\/346|[silent]
|faint|p1a: Gothitelle
|
|switch|p1a: Mandibuzz|Mandibuzz, F|329\/424
|-damage|p1a: Mandibuzz|223\/424|[from] Stealth Rock
|turn|69
|c|âAlvok|gg
|c|âAlvok|i hate goth
|c|âDisorient1|Me too
|c|âDisorient1|Well just that kind
|c|âDisorient1|I'm saving this as an example for people
|c|âDisorient1|It shows off how stupid Goth is :]
|
|move|p2a: Gyarados|Waterfall|p1a: Mandibuzz
|-damage|p1a: Mandibuzz|10\/424
|move|p1a: Mandibuzz|Roost|p1a: Mandibuzz
|-heal|p1a: Mandibuzz|222\/424
|
|turn|70
|
|move|p2a: Gyarados|Waterfall|p1a: Mandibuzz
|-damage|p1a: Mandibuzz|0 fnt
|faint|p1a: Mandibuzz
|
|
|switch|p1a: Doublade|Doublade, F, shiny|302\/322
|-damage|p1a: Doublade|282\/322|[from] Stealth Rock
|turn|71
|
|move|p2a: Gyarados|Substitute|p2a: Gyarados
|-start|p2a: Gyarados|Substitute
|-damage|p2a: Gyarados|237\/346
|move|p1a: Doublade|Toxic|p2a: Gyarados
|
|turn|72
|
|move|p2a: Gyarados|Earthquake|p1a: Doublade
|-supereffective|p1a: Doublade
|-damage|p1a: Doublade|92\/322
|move|p1a: Doublade|Gyro Ball|p2a: Gyarados
|-resisted|p2a: Gyarados
|-end|p2a: Gyarados|Substitute
|
|turn|73
|
|move|p2a: Gyarados|Earthquake|p1a: Doublade
|-supereffective|p1a: Doublade
|-damage|p1a: Doublade|0 fnt
|faint|p1a: Doublade
|
|-message|Alvok forfeited.
|
|win|Disorient1
|c|âAlvok|:[