|join|Alvok
|join|Storm Jesus
|player|p1|Alvok|256
|player|p2|Storm Jesus|151
|gametype|singles
|gen|6
|tier|OU
|rated
|clearpoke
|poke|p1|Scizor, M
|poke|p1|Jirachi
|poke|p1|Serperior, M
|poke|p1|Keldeo
|poke|p1|Zapdos
|poke|p1|Landorus, M
|poke|p2|Keldeo-Resolute
|poke|p2|Tangrowth, M
|poke|p2|Zapdos
|poke|p2|Tyranitar, M
|poke|p2|Arcanine, M
|poke|p2|Jirachi
|rule|Swagger Clause: Swagger is banned
|rule|Baton Pass Clause: Limit one PokÃ©mon knowing Baton Pass
|rule|Sleep Clause Mod: Limit one foe put to sleep
|rule|Species Clause: Limit one of each PokÃ©mon
|rule|OHKO Clause: OHKO moves are banned
|rule|Moody Clause: Moody is banned
|rule|Evasion Moves Clause: Evasion moves are banned
|rule|Endless Battle Clause: Forcing endless battles is banned
|rule|HP Percentage Mod: HP is shown in percentages
|teampreview
|c|âAlvok|god damn
|c|âAlvok|what a disgusting looking team
|
|start
|switch|p1a: Keldeo|Keldeo|323\/323
|switch|p2a: Arctos|Arcanine, M|384\/384
|-ability|p2a: Arctos|Intimidate|[of] p1a: Keldeo
|-unboost|p1a: Keldeo|atk|1
|turn|1
|c|âAlvok|still on your quest to be #1?
|c|âStorm Jesus|ive been it before
|c|âStorm Jesus|so no
|c|âStorm Jesus|i ladder for fun now
|c|âAlvok|oh
|c|âStorm Jesus|been #1 about 9 times b4
|
|switch|p1a: Jirachi|Jirachi|403\/403
|switch|p2a: Ramen|Tangrowth, M|404\/404
|
|turn|2
|c|âAlvok|i thought you were attempting to be #1
|c|âAlvok|on the previous squad
|c|âAlvok|yesterday
|
|switch|p2a: Supernova|Jirachi|404\/404
|move|p1a: Jirachi|Stealth Rock|p2a: Supernova
|-sidestart|p2: Storm Jesus|move: Stealth Rock
|
|turn|3
|c|âAlvok|not anymore?
|
|switch|p1a: Landorus|Landorus, M|319\/319
|move|p2a: Supernova|Stealth Rock|p1a: Landorus
|-sidestart|p1: Alvok|move: Stealth Rock
|
|turn|4
|c|âStorm Jesus|that squad is still alive and well
|c|âStorm Jesus|and yea i can
|c|âAlvok|oh
|
|switch|p2a: Poseidon|Keldeo-Resolute|323\/323
|-damage|p2a: Poseidon|303\/323|[from] Stealth Rock
|move|p1a: Landorus|Knock Off|p2a: Poseidon
|-resisted|p2a: Poseidon
|-damage|p2a: Poseidon|241\/323
|-boost|p2a: Poseidon|atk|1|[from] ability: Justified
|-enditem|p2a: Poseidon|Leftovers|[from] move: Knock Off|[of] p1a: Landorus
|-damage|p1a: Landorus|288\/319|[from] item: Life Orb
|
|turn|5
|
|switch|p1a: Serperior|Serperior, M|291\/291
|-damage|p1a: Serperior|255\/291|[from] Stealth Rock
|move|p2a: Poseidon|Scald|p1a: Serperior
|-resisted|p1a: Serperior
|-damage|p1a: Serperior|183\/291
|
|-heal|p1a: Serperior|201\/291|[from] item: Leftovers
|turn|6
|join|Mistaken
|
|switch|p2a: Supernova|Jirachi|404\/404
|-damage|p2a: Supernova|379\/404|[from] Stealth Rock
|move|p1a: Serperior|Leaf Storm|p2a: Supernova
|-resisted|p2a: Supernova
|-damage|p2a: Supernova|319\/404
|-boost|p1a: Serperior|spa|2
|
|-heal|p1a: Serperior|219\/291|[from] item: Leftovers
|-heal|p2a: Supernova|344\/404|[from] item: Leftovers
|turn|7
|c| Mistaken|Where is celebi
|
|move|p1a: Serperior|Substitute|p1a: Serperior
|-start|p1a: Serperior|Substitute
|-damage|p1a: Serperior|147\/291
|move|p2a: Supernova|Iron Head|p1a: Serperior
|-end|p1a: Serperior|Substitute
|
|-heal|p1a: Serperior|165\/291|[from] item: Leftovers
|-heal|p2a: Supernova|369\/404|[from] item: Leftovers
|turn|8
|c|âStorm Jesus|the one time i actually remove it
|c|âStorm Jesus|i vs serp
|
|move|p1a: Serperior|Leaf Storm|p2a: Supernova
|-resisted|p2a: Supernova
|-damage|p2a: Supernova|257\/404
|-boost|p1a: Serperior|spa|2
|move|p2a: Supernova|Iron Head|p1a: Serperior
|-damage|p1a: Serperior|60\/291
|
|-heal|p1a: Serperior|78\/291|[from] item: Leftovers
|-heal|p2a: Supernova|282\/404|[from] item: Leftovers
|turn|9
|
|switch|p1a: Landorus|Landorus, M|288\/319
|-damage|p1a: Landorus|249\/319|[from] Stealth Rock
|move|p2a: Supernova|Iron Head|p1a: Landorus
|-damage|p1a: Landorus|137\/319
|
|-heal|p2a: Supernova|307\/404|[from] item: Leftovers
|turn|10
|
|switch|p2a: Raikiri|Zapdos|384\/384
|-damage|p2a: Raikiri|288\/384|[from] Stealth Rock
|-ability|p2a: Raikiri|Pressure
|move|p1a: Landorus|Earth Power|p2a: Raikiri
|-immune|p2a: Raikiri|[msg]
|
|-heal|p2a: Raikiri|312\/384|[from] item: Leftovers
|turn|11
|c| Mistaken|idk y but i hate zapdos
|
|move|p1a: Landorus|Psychic|p2a: Raikiri
|-damage|p2a: Raikiri|151\/384
|move|p2a: Raikiri|Roost|p2a: Raikiri
|-heal|p2a: Raikiri|343\/384
|
|-heal|p2a: Raikiri|367\/384|[from] item: Leftovers
|turn|12
|
|move|p1a: Landorus|Knock Off|p2a: Raikiri
|-damage|p2a: Raikiri|249\/384
|-enditem|p2a: Raikiri|Leftovers|[from] move: Knock Off|[of] p1a: Landorus
|-damage|p1a: Landorus|106\/319|[from] item: Life Orb
|move|p2a: Raikiri|Heat Wave|p1a: Landorus
|-crit|p1a: Landorus
|-damage|p1a: Landorus|0 fnt
|faint|p1a: Landorus
|
|c|âAlvok|:[
|
|switch|p1a: Keldeo|Keldeo|323\/323
|-damage|p1a: Keldeo|303\/323|[from] Stealth Rock
|turn|13
|
|move|p1a: Keldeo|Scald|p2a: Raikiri
|-damage|p2a: Raikiri|135\/384
|move|p2a: Raikiri|Thunderbolt|p1a: Keldeo
|-supereffective|p1a: Keldeo
|-damage|p1a: Keldeo|21\/323
|-status|p1a: Keldeo|par
|
|turn|14
|c|âAlvok|dafuq mang
|c|âAlvok|dont do this
|c|âAlvok|to me
|
|move|p2a: Raikiri|Thunderbolt|p1a: Keldeo
|-crit|p1a: Keldeo
|-supereffective|p1a: Keldeo
|-damage|p1a: Keldeo|0 fnt
|faint|p1a: Keldeo
|
|c|âStorm Jesus|well forfeit
|c|âStorm Jesus|and save urself
|
|switch|p1a: Zapdos|Zapdos|383\/383
|-damage|p1a: Zapdos|288\/383|[from] Stealth Rock
|-ability|p1a: Zapdos|Pressure
|turn|15
|c|âStorm Jesus|:x
|
|switch|p2a: Rex|Tyranitar, M|342\/342
|-damage|p2a: Rex|300\/342|[from] Stealth Rock
|-weather|Sandstorm
|move|p1a: Zapdos|Heat Wave|p2a: Rex
|-resisted|p2a: Rex
|-damage|p2a: Rex|268\/342
|
|-weather|Sandstorm|[upkeep]
|-damage|p1a: Zapdos|265\/383|[from] sandstorm
|-heal|p1a: Zapdos|288\/383|[from] item: Leftovers
|turn|16
|
|move|p2a: Rex|Crunch|p1a: Zapdos
|-damage|p1a: Zapdos|107\/383
|-unboost|p1a: Zapdos|def|1
|move|p1a: Zapdos|Volt Switch|p2a: Rex
|-damage|p2a: Rex|207\/342
|
|switch|p1a: Serperior|Serperior, M|78\/291
|-damage|p1a: Serperior|42\/291|[from] Stealth Rock
|
|-weather|Sandstorm|[upkeep]
|-damage|p1a: Serperior|24\/291|[from] sandstorm
|-heal|p1a: Serperior|42\/291|[from] item: Leftovers
|turn|17
|c|âAlvok|well i lose to arcanine now
|c|âStorm Jesus|chanced the ttar to CB
|
|move|p1a: Serperior|Leaf Storm|p2a: Rex
|-supereffective|p2a: Rex
|-damage|p2a: Rex|0 fnt
|-boost|p1a: Serperior|spa|2
|faint|p2a: Rex
|
|-weather|Sandstorm|[upkeep]
|-damage|p1a: Serperior|24\/291|[from] sandstorm
|-heal|p1a: Serperior|42\/291|[from] item: Leftovers
|
|switch|p2a: Arctos|Arcanine, M|384\/384
|-damage|p2a: Arctos|288\/384|[from] Stealth Rock
|-ability|p2a: Arctos|Intimidate|[of] p1a: Serperior
|-boost|p1a: Serperior|atk|1
|turn|18
|
|switch|p1a: Zapdos|Zapdos|107\/383
|-damage|p1a: Zapdos|12\/383|[from] Stealth Rock
|-ability|p1a: Zapdos|Pressure
|move|p2a: Arctos|Extreme Speed|p1a: Zapdos
|-crit|p1a: Zapdos
|-damage|p1a: Zapdos|0 fnt
|faint|p1a: Zapdos
|
|-weather|Sandstorm|[upkeep]
|-damage|p2a: Arctos|264\/384|[from] sandstorm
|-heal|p2a: Arctos|288\/384|[from] item: Leftovers
|
|switch|p1a: Jirachi|Jirachi|403\/403
|-damage|p1a: Jirachi|378\/403|[from] Stealth Rock
|turn|19
|
|move|p1a: Jirachi|Body Slam|p2a: Arctos
|-damage|p2a: Arctos|230\/384
|-status|p2a: Arctos|par
|move|p2a: Arctos|Will-O-Wisp|p1a: Jirachi
|-status|p1a: Jirachi|brn
|
|-weather|none
|-heal|p1a: Jirachi|403\/403 brn|[from] item: Leftovers
|-heal|p2a: Arctos|254\/384 par|[from] item: Leftovers
|-damage|p1a: Jirachi|353\/403 brn|[from] brn
|turn|20
|
|move|p1a: Jirachi|Wish|p1a: Jirachi
|cant|p2a: Arctos|par
|
|-heal|p1a: Jirachi|378\/403 brn|[from] item: Leftovers
|-heal|p2a: Arctos|278\/384 par|[from] item: Leftovers
|-damage|p1a: Jirachi|328\/403 brn|[from] brn
|turn|21
|
|switch|p1a: Serperior|Serperior, M|42\/291
|-damage|p1a: Serperior|6\/291|[from] Stealth Rock
|cant|p2a: Arctos|par
|
|-heal|p1a: Serperior|207\/291|[from] move: Wish|[wisher] Jirachi
|-heal|p1a: Serperior|225\/291|[from] item: Leftovers
|-heal|p2a: Arctos|302\/384 par|[from] item: Leftovers
|turn|22
|c|âAlvok|lol
|
|move|p1a: Serperior|Substitute|p1a: Serperior
|-start|p1a: Serperior|Substitute
|-damage|p1a: Serperior|153\/291
|cant|p2a: Arctos|par
|
|-heal|p1a: Serperior|171\/291|[from] item: Leftovers
|-heal|p2a: Arctos|326\/384 par|[from] item: Leftovers
|turn|23
|
|switch|p2a: Supernova|Jirachi|307\/404
|-damage|p2a: Supernova|282\/404|[from] Stealth Rock
|move|p1a: Serperior|Leaf Storm|p2a: Supernova
|-resisted|p2a: Supernova
|-damage|p2a: Supernova|224\/404
|-boost|p1a: Serperior|spa|2
|
|-heal|p1a: Serperior|189\/291|[from] item: Leftovers
|-heal|p2a: Supernova|249\/404|[from] item: Leftovers
|turn|24
|
|move|p1a: Serperior|Leaf Storm|p2a: Supernova
|-resisted|p2a: Supernova
|-damage|p2a: Supernova|127\/404
|-boost|p1a: Serperior|spa|2
|move|p2a: Supernova|Iron Head|p1a: Serperior
|-end|p1a: Serperior|Substitute
|
|-heal|p1a: Serperior|207\/291|[from] item: Leftovers
|-heal|p2a: Supernova|152\/404|[from] item: Leftovers
|turn|25
|c|âStorm Jesus|i can imagine
|
|move|p2a: Supernova|Protect|p2a: Supernova
|-singleturn|p2a: Supernova|Protect
|move|p1a: Serperior|Leaf Storm|p2a: Supernova
|-activate|p2a: Supernova|Protect
|
|-heal|p1a: Serperior|225\/291|[from] item: Leftovers
|-heal|p2a: Supernova|177\/404|[from] item: Leftovers
|turn|26
|
|move|p1a: Serperior|Hidden Power|p2a: Supernova
|-supereffective|p2a: Supernova
|-damage|p2a: Supernova|0 fnt
|faint|p2a: Supernova
|
|-heal|p1a: Serperior|243\/291|[from] item: Leftovers
|
|switch|p2a: Arctos|Arcanine, M|326\/384 par
|-damage|p2a: Arctos|230\/384 par|[from] Stealth Rock
|-ability|p2a: Arctos|Intimidate|[of] p1a: Serperior
|-boost|p1a: Serperior|atk|1
|turn|27
|
|move|p1a: Serperior|Dragon Pulse|p2a: Arctos
|-damage|p2a: Arctos|0 fnt
|faint|p2a: Arctos
|
|-heal|p1a: Serperior|261\/291|[from] item: Leftovers
|-message|Storm Jesus forfeited.
|
|win|Alvok
|raw|Ladder updating...
|raw|Alvok's rating: 1715 &rarr; <strong>1732<\/strong><br \/>(+17 for winning)
|raw|Storm Jesus's rating: 1660 &rarr; <strong>1643<\/strong><br \/>(-17 for losing)
|c|âStorm Jesus|nice -_-
|leave|Storm Jesus
|player|p2
|c|âAlvok|lmfao
|c|âAlvok|top% comeback
|leave|Alvok
|player|p1
|join|Alvok
|leave|Alvok
|join|Alvok