|join|Mister Chair
|join|Alvok
|player|p1|Mister Chair|1
|player|p2|Alvok|256
|gametype|singles
|gen|6
|tier|OU (suspect test)
|rated
|clearpoke
|poke|p1|Mandibuzz, F
|poke|p1|Gardevoir, F
|poke|p1|Garchomp, M
|poke|p1|Scizor, M
|poke|p1|Heatran, M
|poke|p1|Conkeldurr, M
|poke|p2|Kyurem-Black, shiny
|poke|p2|Slowbro, M
|poke|p2|Gardevoir, F, shiny
|poke|p2|Empoleon, M
|poke|p2|Landorus-Therian, M
|poke|p2|Zapdos
|rule|Swagger Clause: Swagger is banned
|rule|Baton Pass Clause: Limit one PokÃ©mon knowing Baton Pass
|rule|Sleep Clause Mod: Limit one foe put to sleep
|rule|Species Clause: Limit one of each PokÃ©mon
|rule|OHKO Clause: OHKO moves are banned
|rule|Moody Clause: Moody is banned
|rule|Evasion Moves Clause: Evasion moves are banned
|rule|Endless Battle Clause: Forcing endless battles is banned
|rule|HP Percentage Mod: HP is shown in percentages
|teampreview
|
|start
|switch|p1a: Garchomp|Garchomp, M|420\/420
|switch|p2a: Empoleon|Empoleon, M|372\/372
|turn|1
|join|Tom Bus
|c|âAlvok|gl
|
|move|p1a: Garchomp|Stealth Rock|p2a: Empoleon
|-sidestart|p2: Alvok|move: Stealth Rock
|move|p2a: Empoleon|Scald|p1a: Garchomp
|-damage|p1a: Garchomp|303\/420
|
|turn|2
|
|move|p1a: Garchomp|Earthquake|p2a: Empoleon
|-supereffective|p2a: Empoleon
|-damage|p2a: Empoleon|114\/372
|move|p2a: Empoleon|Scald|p1a: Garchomp
|-damage|p1a: Garchomp|120\/420
|
|-heal|p2a: Empoleon|137\/372|[from] item: Leftovers
|turn|3
|c|âMister Chair|gl
|
|switch|p2a: Zapdos|Zapdos|383\/383
|-damage|p2a: Zapdos|288\/383|[from] Stealth Rock
|-ability|p2a: Zapdos|Pressure
|move|p1a: Garchomp|Dragon Tail|p2a: Zapdos
|-damage|p2a: Zapdos|207\/383
|drag|p2a: Empoleon|Empoleon, M|137\/372
|-damage|p2a: Empoleon|114\/372|[from] Stealth Rock
|
|-heal|p2a: Empoleon|137\/372|[from] item: Leftovers
|turn|4
|
|switch|p2a: Zapdos|Zapdos|207\/383
|-damage|p2a: Zapdos|112\/383|[from] Stealth Rock
|-ability|p2a: Zapdos|Pressure
|move|p1a: Garchomp|Earthquake|p2a: Zapdos
|-immune|p2a: Zapdos|[msg]
|
|-heal|p2a: Zapdos|135\/383|[from] item: Leftovers
|turn|5
|
|switch|p1a: Gardevoir|Gardevoir, F|339\/339
|-ability|p1a: Gardevoir|Pressure|[from] ability: Trace|[of] p2a: Zapdos
|-ability|p1a: Gardevoir|Pressure
|move|p2a: Zapdos|Defog|p1a: Gardevoir
|-unboost|p1a: Gardevoir|evasion|1
|-sideend|p2: Alvok|Stealth Rock|[from] move: Defog|[of] p2a: Zapdos
|
|-heal|p2a: Zapdos|158\/383|[from] item: Leftovers
|turn|6
|
|switch|p2a: Empoleon|Empoleon, M|137\/372
|detailschange|p1a: Gardevoir|Gardevoir-Mega, F
|-mega|p1a: Gardevoir|Gardevoir|Gardevoirite
|move|p1a: Gardevoir|Hyper Voice|p2a: Empoleon
|-resisted|p2a: Empoleon
|-damage|p2a: Empoleon|0 fnt
|faint|p2a: Empoleon
|
|
|switch|p2a: Landorus-Therian|Landorus-Therian, M|328\/328
|-ability|p2a: Landorus-Therian|Intimidate|[of] p1a: Gardevoir
|-unboost|p1a: Gardevoir|atk|1
|turn|7
|
|switch|p1a: Garchomp|Garchomp, M|120\/420
|move|p2a: Landorus-Therian|U-turn|p1a: Garchomp
|-damage|p1a: Garchomp|49\/420
|-damage|p2a: Landorus-Therian|287\/328|[from] ability: Rough Skin|[of] p1a: Garchomp
|-damage|p2a: Landorus-Therian|233\/328|[from] item: Rocky Helmet|[of] p1a: Garchomp
|
|switch|p2a: Kyurem-Black|Kyurem-Black, shiny|391\/391
|-ability|p2a: Kyurem-Black|Teravolt
|
|turn|8
|
|move|p2a: Kyurem-Black|Ice Beam|p1a: Garchomp
|-supereffective|p1a: Garchomp
|-damage|p1a: Garchomp|0 fnt
|-damage|p2a: Kyurem-Black|352\/391|[from] item: Life Orb
|faint|p1a: Garchomp
|
|join|Swaqfeq
|
|switch|p1a: Gardevoir|Gardevoir-Mega, F|339\/339
|turn|9
|c| Swaqfeq|;[
|c|âAlvok|i hate how
|c|âAlvok|this thing comes in and gets a kill
|
|switch|p2a: Zapdos|Zapdos|158\/383
|-ability|p2a: Zapdos|Pressure
|move|p1a: Gardevoir|Hyper Voice|p2a: Zapdos
|-crit|p2a: Zapdos
|-damage|p2a: Zapdos|0 fnt
|faint|p2a: Zapdos
|
|
|switch|p2a: Slowbro|Slowbro, M|394\/394
|turn|10
|c| Swaqfeq|And it beats emp
|c| Tom Bus|Well, it is a gardevoir
|
|move|p1a: Gardevoir|Hyper Voice|p2a: Slowbro
|-damage|p2a: Slowbro|60\/394
|move|p2a: Slowbro|Thunder Wave|p1a: Gardevoir
|-status|p1a: Gardevoir|par
|
|-heal|p2a: Slowbro|84\/394|[from] item: Leftovers
|turn|11
|c| Swaqfeq|we should suspect test it
|
|move|p2a: Slowbro|Scald|p1a: Gardevoir
|-damage|p1a: Gardevoir|266\/339 par
|cant|p1a: Gardevoir|par
|
|-heal|p2a: Slowbro|108\/394|[from] item: Leftovers
|turn|12
|c| Tom Bus|If he had taunt, that would have been terrible
|c|âAlvok|yeah
|c|âMister Chair|i was about to click taunt
|join|jake5
|c| Tom Bus|Oh
|c|âMister Chair|i had
|c| Swaqfeq|Why didnt u?
|c| Tom Bus|Why wouldn't you?
|c| Swaqfeq|What can bro do
|c| Swaqfeq|but t wave?
|c|âMister Chair|i don't know
|c| Swaqfeq|...
|
|move|p2a: Slowbro|Scald|p1a: Gardevoir
|-damage|p1a: Gardevoir|196\/339 par
|cant|p1a: Gardevoir|par
|
|-heal|p2a: Slowbro|132\/394|[from] item: Leftovers
|turn|13
|
|move|p2a: Slowbro|Slack Off|p2a: Slowbro
|-heal|p2a: Slowbro|329\/394
|move|p1a: Gardevoir|Hyper Voice|p2a: Slowbro
|-damage|p2a: Slowbro|19\/394
|
|-heal|p2a: Slowbro|43\/394|[from] item: Leftovers
|turn|14
|c| Tom Bus|Chair, do you want Gren banned?
|
|move|p2a: Slowbro|Scald|p1a: Gardevoir
|-damage|p1a: Gardevoir|129\/339 par
|move|p1a: Gardevoir|Hyper Voice|p2a: Slowbro
|-damage|p2a: Slowbro|0 fnt
|faint|p2a: Slowbro
|
|
|switch|p2a: Gardevoir|Gardevoir, F, shiny|277\/277
|-ability|p2a: Gardevoir|Pixilate|[from] ability: Trace|[of] p1a: Gardevoir
|turn|15
|c|âAlvok|jake
|
|detailschange|p2a: Gardevoir|Gardevoir-Mega, F, shiny
|-mega|p2a: Gardevoir|Gardevoir|Gardevoirite
|move|p2a: Gardevoir|Hyper Voice|p1a: Gardevoir
|-damage|p1a: Gardevoir|0 fnt
|faint|p1a: Gardevoir
|
|
|switch|p1a: Scizor|Scizor, M|343\/343
|turn|16
|
|switch|p2a: Landorus-Therian|Landorus-Therian, M|233\/328
|-ability|p2a: Landorus-Therian|Intimidate|[of] p1a: Scizor
|-unboost|p1a: Scizor|atk|1
|move|p1a: Scizor|U-turn|p2a: Landorus-Therian
|-crit|p2a: Landorus-Therian
|-resisted|p2a: Landorus-Therian
|-damage|p2a: Landorus-Therian|77\/328
|c|âAlvok|:[
|
|switch|p1a: Conkeldurr|Conkeldurr, M|352\/352
|
|turn|17
|
|move|p2a: Landorus-Therian|U-turn|p1a: Conkeldurr
|-resisted|p1a: Conkeldurr
|-damage|p1a: Conkeldurr|301\/352
|
|switch|p2a: Gardevoir|Gardevoir-Mega, F, shiny|277\/277
|move|p1a: Conkeldurr|Knock Off|p2a: Gardevoir
|-damage|p2a: Gardevoir|158\/277
|
|turn|18
|
|switch|p1a: Mandibuzz|Mandibuzz, F|423\/423
|move|p2a: Gardevoir|Hyper Voice|p1a: Mandibuzz
|-supereffective|p1a: Mandibuzz
|-damage|p1a: Mandibuzz|0 fnt
|faint|p1a: Mandibuzz
|
|join|Zamrock
|c| Swaqfeq|I need a good defensive core
|c|âAlvok|that rocky helmet garchomp screwed me over ...
|
|switch|p1a: Heatran|Heatran, M|323\/323
|turn|19
|c| Tom Bus|Helmet chomp is great
|c| Swaqfeq|But idk what to run.
|
|move|p1a: Heatran|Flash Cannon|p2a: Gardevoir
|-supereffective|p2a: Gardevoir
|-damage|p2a: Gardevoir|0 fnt
|faint|p2a: Gardevoir
|
|c|âAlvok|rip scarfed :[
|
|switch|p2a: Landorus-Therian|Landorus-Therian, M|77\/328
|-ability|p2a: Landorus-Therian|Intimidate|[of] p1a: Heatran
|-unboost|p1a: Heatran|atk|1
|turn|20
|
|switch|p1a: Scizor|Scizor, M|343\/343
|move|p2a: Landorus-Therian|Earthquake|p1a: Scizor
|-damage|p1a: Scizor|148\/343
|
|turn|21
|c|âAlvok|gg
|
|move|p1a: Scizor|Bullet Punch|p2a: Landorus-Therian
|-damage|p2a: Landorus-Therian|0 fnt
|faint|p2a: Landorus-Therian
|
|c|âMister Chair|gg
|c|âAlvok|urghh
|
|switch|p2a: Kyurem-Black|Kyurem-Black, shiny|352\/391
|-ability|p2a: Kyurem-Black|Teravolt
|turn|22
|
|move|p1a: Scizor|Bullet Punch|p2a: Kyurem-Black
|-supereffective|p2a: Kyurem-Black
|-damage|p2a: Kyurem-Black|8\/391
|move|p2a: Kyurem-Black|Earth Power|p1a: Scizor
|-damage|p1a: Scizor|0 fnt
|-damage|p2a: Kyurem-Black|0 fnt|[from] item: Life Orb
|faint|p1a: Scizor
|faint|p2a: Kyurem-Black
|
|win|Mister Chair
|raw|Ladder updating...
|join|Kimio
|raw|Mister Chair's rating: 1437 &rarr; <strong>1457<\/strong><br \/>(+20 for winning)
|raw|Alvok's rating: 1424 &rarr; <strong>1404<\/strong><br \/>(-20 for losing)
|leave|Zamrock
|leave|Alvok
|player|p2
|leave|Kimio