|join|Reverb
|join|Alvok
|player|p1|Reverb|#reverbxmas
|player|p2|Alvok|256
|gametype|singles
|gen|6
|tier|OU (suspect test)
|rated
|clearpoke
|poke|p1|Lopunny, F
|poke|p1|Celebi
|poke|p1|Bisharp, F
|poke|p1|Keldeo
|poke|p1|Landorus-Therian, M
|poke|p1|Empoleon, F
|poke|p2|Kyurem-Black, shiny
|poke|p2|Slowbro, M
|poke|p2|Gardevoir, F, shiny
|poke|p2|Empoleon, M
|poke|p2|Landorus-Therian, M
|poke|p2|Zapdos
|rule|Swagger Clause: Swagger is banned
|rule|Baton Pass Clause: Limit one PokÃ©mon knowing Baton Pass
|rule|Sleep Clause Mod: Limit one foe put to sleep
|rule|Species Clause: Limit one of each PokÃ©mon
|rule|OHKO Clause: OHKO moves are banned
|rule|Moody Clause: Moody is banned
|rule|Evasion Moves Clause: Evasion moves are banned
|rule|Endless Battle Clause: Forcing endless battles is banned
|rule|HP Percentage Mod: HP is shown in percentages
|teampreview
|c|âAlvok|hey :]
|c|âAlvok|gl
|join|Disorient
|c|âReverb|hf
|join|squirrelll
|join|Praj.pran
|join|I Iike Squirtles
|join|Gizmo
|c| Disorient|Ah someone else using Gardevoir
|
|start
|switch|p1a: Lopunny|Lopunny, F|271\/271
|switch|p2a: Empoleon|Empoleon, M|372\/372
|turn|1
|c| Praj.pran|i use garde :)
|c|âAlvok|my waifu n_n
|
|switch|p2a: Slowbro|Slowbro, M|394\/394
|detailschange|p1a: Lopunny|Lopunny-Mega, F
|-mega|p1a: Lopunny|Lopunny|Lopunnite
|move|p1a: Lopunny|Ice Punch|p2a: Slowbro
|-resisted|p2a: Slowbro
|-damage|p2a: Slowbro|366\/394
|
|-heal|p2a: Slowbro|390\/394|[from] item: Leftovers
|turn|2
|c|âReverb|crit
|c|âReverb|:(
|c|âAlvok|dont do that
|
|switch|p1a: Empoleon|Empoleon, F|371\/371
|switch|p2a: Empoleon|Empoleon, M|372\/372
|
|turn|3
|c|âAlvok|hmmm
|
|move|p1a: Empoleon|Scald|p2a: Empoleon
|-resisted|p2a: Empoleon
|-damage|p2a: Empoleon|324\/372
|-status|p2a: Empoleon|brn
|move|p2a: Empoleon|Scald|p1a: Empoleon
|-crit|p1a: Empoleon
|-resisted|p1a: Empoleon
|-damage|p1a: Empoleon|294\/371
|
|-heal|p1a: Empoleon|317\/371|[from] item: Leftovers
|-heal|p2a: Empoleon|347\/372 brn|[from] item: Leftovers
|-damage|p2a: Empoleon|301\/372 brn|[from] brn
|turn|4
|c|âAlvok|thats not cool
|c| Praj.pran|alvok where is ur bisharp counter ._.
|c|âAlvok|crit burn
|c|âAlvok|what's this ...
|
|move|p1a: Empoleon|Stealth Rock|p2a: Empoleon
|-sidestart|p2: Alvok|move: Stealth Rock
|move|p2a: Empoleon|Scald|p1a: Empoleon
|-resisted|p1a: Empoleon
|-damage|p1a: Empoleon|267\/371
|
|-heal|p1a: Empoleon|290\/371|[from] item: Leftovers
|-heal|p2a: Empoleon|324\/372 brn|[from] item: Leftovers
|-damage|p2a: Empoleon|278\/372 brn|[from] brn
|turn|5
|c|âAlvok|where's my burn
|
|switch|p1a: Celebi|Celebi|404\/404
|move|p2a: Empoleon|Defog|p1a: Celebi
|-unboost|p1a: Celebi|evasion|1
|-sideend|p2: Alvok|Stealth Rock|[from] move: Defog|[of] p2a: Empoleon
|
|-heal|p2a: Empoleon|301\/372 brn|[from] item: Leftovers
|-damage|p2a: Empoleon|255\/372 brn|[from] brn
|turn|6
|join|1-800-HIT-THEX
|
|switch|p2a: Landorus-Therian|Landorus-Therian, M|328\/328
|-ability|p2a: Landorus-Therian|Intimidate|[of] p1a: Celebi
|-unboost|p1a: Celebi|atk|1
|move|p1a: Celebi|Giga Drain|p2a: Landorus-Therian
|-damage|p2a: Landorus-Therian|214\/328
|
|turn|7
|
|switch|p1a: Landorus-Therian|Landorus-Therian, M|319\/319
|-ability|p1a: Landorus-Therian|Intimidate|[of] p2a: Landorus-Therian
|-unboost|p2a: Landorus-Therian|atk|1
|move|p2a: Landorus-Therian|U-turn|p1a: Landorus-Therian
|-resisted|p1a: Landorus-Therian
|-damage|p1a: Landorus-Therian|288\/319
|c| 1-800-HIT-THEX|nice custom avatar reverb
|
|switch|p2a: Kyurem-Black|Kyurem-Black, shiny|391\/391
|-ability|p2a: Kyurem-Black|Teravolt
|
|turn|8
|c|âReverb|ty
|join|Paul Gilbert
|
|switch|p1a: Empoleon|Empoleon, F|290\/371
|move|p2a: Kyurem-Black|Earth Power|p1a: Empoleon
|-supereffective|p1a: Empoleon
|-damage|p1a: Empoleon|25\/371
|-damage|p2a: Kyurem-Black|352\/391|[from] item: Life Orb
|
|-heal|p1a: Empoleon|48\/371|[from] item: Leftovers
|turn|9
|
|switch|p1a: Landorus-Therian|Landorus-Therian, M|288\/319
|-ability|p1a: Landorus-Therian|Intimidate|[of] p2a: Kyurem-Black
|-unboost|p2a: Kyurem-Black|atk|1
|move|p2a: Kyurem-Black|Fusion Bolt|p1a: Landorus-Therian
|-immune|p1a: Landorus-Therian|[msg]
|
|turn|10
|c|âAlvok|had i did a little more with epower
|c|âAlvok|i'll use ice beam to kill that empoleon
|c|âAlvok|and nail this lando :[
|
|switch|p2a: Landorus-Therian|Landorus-Therian, M|214\/328
|-ability|p2a: Landorus-Therian|Intimidate|[of] p1a: Landorus-Therian
|-unboost|p1a: Landorus-Therian|atk|1
|move|p1a: Landorus-Therian|U-turn|p2a: Landorus-Therian
|-resisted|p2a: Landorus-Therian
|-damage|p2a: Landorus-Therian|183\/328
|c|âReverb|had yo udone more
|c|âReverb|i wouldnt have tried that play
|c|âAlvok|:[
|
|switch|p1a: Bisharp|Bisharp, F|271\/271
|
|turn|11
|c|âAlvok|cus ice beam does 10-12%
|c|âAlvok|and you're 13 :[
|
|move|p1a: Bisharp|Pursuit|p2a: Landorus-Therian|[from]Pursuit
|-crit|p2a: Landorus-Therian
|-damage|p2a: Landorus-Therian|0 fnt
|-damage|p1a: Bisharp|244\/271|[from] item: Life Orb
|faint|p2a: Landorus-Therian
|
|c|âAlvok|wow
|c|âReverb|plays.com
|join|tomibello
|c|âAlvok|stahp
|c|âReverb|crit didnt matter
|
|switch|p2a: Zapdos|Zapdos|383\/383
|-ability|p2a: Zapdos|Pressure
|turn|12
|c| Praj.pran|ok it x4 attacker
|c| Gizmo|crispy playz
|c| Gizmo|this is big boy shit
|
|switch|p1a: Celebi|Celebi|404\/404
|move|p2a: Zapdos|Heat Wave|p1a: Celebi
|-supereffective|p1a: Celebi
|-damage|p1a: Celebi|270\/404
|
|-heal|p1a: Celebi|295\/404|[from] item: Leftovers
|turn|13
|c|âAlvok|indeed it is
|c| Gizmo|0%
|c| Gizmo|actually 0
|
|switch|p2a: Kyurem-Black|Kyurem-Black, shiny|352\/391
|-ability|p2a: Kyurem-Black|Teravolt
|move|p1a: Celebi|Substitute|p1a: Celebi
|-start|p1a: Celebi|Substitute
|-damage|p1a: Celebi|194\/404
|
|-heal|p1a: Celebi|219\/404|[from] item: Leftovers
|turn|14
|c| Praj.pran|did like 0
|c|âAlvok|nooooooo
|
|move|p2a: Kyurem-Black|Ice Beam|p1a: Celebi
|-supereffective|p1a: Celebi
|-end|p1a: Celebi|Substitute
|-damage|p2a: Kyurem-Black|313\/391|[from] item: Life Orb
|move|p1a: Celebi|Baton Pass|p1a: Celebi
|join|VEEK
|c|âAlvok|why would you do that :[
|
|switch|p1a: Keldeo|Keldeo|323\/323
|
|turn|15
|c| Praj.pran|hyper voice ._.
|c|âAlvok|rip something again
|
|switch|p1a: Empoleon|Empoleon, F|48\/371
|switch|p2a: Slowbro|Slowbro, M|394\/394
|
|-heal|p1a: Empoleon|71\/371|[from] item: Leftovers
|turn|16
|
|switch|p2a: Zapdos|Zapdos|383\/383
|-ability|p2a: Zapdos|Pressure
|move|p1a: Empoleon|Stealth Rock|p2a: Zapdos
|-sidestart|p2: Alvok|move: Stealth Rock
|
|-heal|p1a: Empoleon|94\/371|[from] item: Leftovers
|turn|17
|join|fragio
|
|switch|p1a: Bisharp|Bisharp, F|244\/271
|move|p2a: Zapdos|Defog|p1a: Bisharp
|-unboost|p1a: Bisharp|evasion|1
|-boost|p1a: Bisharp|atk|2|[from] ability: Defiant
|-sideend|p2: Alvok|Stealth Rock|[from] move: Defog|[of] p2a: Zapdos
|
|turn|18
|c|âAlvok|rip me
|c| Praj.pran|n_n
|
|move|p1a: Bisharp|Sucker Punch|p2a: Zapdos
|-damage|p2a: Zapdos|35\/383
|-damage|p1a: Bisharp|217\/271|[from] item: Life Orb
|move|p2a: Zapdos|Heat Wave|p1a: Bisharp
|-supereffective|p1a: Bisharp
|-damage|p1a: Bisharp|0 fnt
|faint|p1a: Bisharp
|
|-heal|p2a: Zapdos|58\/383|[from] item: Leftovers
|c| Praj.pran|survived
|c|âAlvok|HNNNNGGG
|c| VEEK|dem evs
|c| Paul Gilbert|Why not knock off?
|c| fragio|isnt faster?
|c| squirrelll|^
|
|switch|p1a: Lopunny|Lopunny-Mega, F|271\/271
|turn|19
|c|âReverb|im adamant
|c|âAlvok|i creep adamant sharps
|c| VEEK|because then zapdos would be faster
|c| Paul Gilbert|Ahh
|c| Praj.pran|safe maybe
|c|âReverb|zapdos often run speed
|c| I Iike Squirtles|Double defog
|c| Paul Gilbert|I thought you were jolly sharp
|c| Paul Gilbert|jolly sharp LO knock off +2 kills def zappy I think
|
|switch|p2a: Slowbro|Slowbro, M|394\/394
|move|p1a: Lopunny|Return|p2a: Slowbro
|-damage|p2a: Slowbro|259\/394
|
|-heal|p2a: Slowbro|283\/394|[from] item: Leftovers
|turn|20
|
|switch|p1a: Keldeo|Keldeo|323\/323
|switch|p2a: Empoleon|Empoleon, M|255\/372 brn
|
|-heal|p2a: Empoleon|278\/372 brn|[from] item: Leftovers
|-damage|p2a: Empoleon|232\/372 brn|[from] brn
|turn|21
|c|âAlvok|nopnopnop
|join|MoB Barley
|c|âAlvok|fuck
|leave|1-800-HIT-THEX
|
|switch|p2a: Slowbro|Slowbro, M|394\/394
|move|p1a: Keldeo|Secret Sword|p2a: Slowbro
|-resisted|p2a: Slowbro
|-damage|p2a: Slowbro|313\/394
|
|-heal|p2a: Slowbro|337\/394|[from] item: Leftovers
|turn|22
|c|âAlvok|stop getting inside my mind
|c| fragio|zapdos resisted de sucker
|c| fragio|bold = slower
|
|switch|p1a: Empoleon|Empoleon, F|94\/371
|switch|p2a: Gardevoir|Gardevoir, F, shiny|277\/277
|-ability|p2a: Gardevoir|Torrent|[from] ability: Trace|[of] p1a: Empoleon
|
|-heal|p1a: Empoleon|117\/371|[from] item: Leftovers
|turn|23
|
|switch|p1a: Landorus-Therian|Landorus-Therian, M|288\/319
|-ability|p1a: Landorus-Therian|Intimidate|[of] p2a: Gardevoir
|-unboost|p2a: Gardevoir|atk|1
|detailschange|p2a: Gardevoir|Gardevoir-Mega, F, shiny
|-mega|p2a: Gardevoir|Gardevoir|Gardevoirite
|move|p2a: Gardevoir|Hyper Voice|p1a: Landorus-Therian
|-damage|p1a: Landorus-Therian|0 fnt
|faint|p1a: Landorus-Therian
|
|c|âReverb|cunt
|c|âAlvok|waifu's nagging
|c|âAlvok|is powerful
|
|switch|p1a: Lopunny|Lopunny-Mega, F|271\/271
|turn|24
|
|switch|p1a: Empoleon|Empoleon, F|117\/371
|switch|p2a: Slowbro|Slowbro, M|394\/394
|
|-heal|p1a: Empoleon|140\/371|[from] item: Leftovers
|turn|25
|
|switch|p2a: Zapdos|Zapdos|58\/383
|-ability|p2a: Zapdos|Pressure
|move|p1a: Empoleon|Stealth Rock|p2a: Zapdos
|-sidestart|p2: Alvok|move: Stealth Rock
|
|-heal|p2a: Zapdos|81\/383|[from] item: Leftovers
|-heal|p1a: Empoleon|163\/371|[from] item: Leftovers
|turn|26
|c|âAlvok|stahp
|c| Praj.pran|:)
|
|move|p2a: Zapdos|Roost|p2a: Zapdos
|-heal|p2a: Zapdos|273\/383
|move|p1a: Empoleon|Scald|p2a: Zapdos
|-damage|p2a: Zapdos|165\/383
|
|-heal|p2a: Zapdos|188\/383|[from] item: Leftovers
|-heal|p1a: Empoleon|186\/371|[from] item: Leftovers
|turn|27
|
|move|p2a: Zapdos|Discharge|p1a: Empoleon
|-supereffective|p1a: Empoleon
|-damage|p1a: Empoleon|0 fnt
|faint|p1a: Empoleon
|
|-heal|p2a: Zapdos|211\/383|[from] item: Leftovers
|c|âAlvok|wow
|c| Paul Gilbert|Reverb I swear your playstyle is almost identical to mine
|join|Liem A
|
|switch|p1a: Keldeo|Keldeo|323\/323
|turn|28
|c|âAlvok|that did more than i thought it would
|join|soruxtra
|c|âReverb|lol
|
|move|p1a: Keldeo|Scald|p2a: Zapdos
|-damage|p2a: Zapdos|0 fnt
|faint|p2a: Zapdos
|
|c| Praj.pran|phy def emp is common i guess
|c| Paul Gilbert|You have done everything I would do
|
|switch|p2a: Empoleon|Empoleon, M|232\/372 brn
|-damage|p2a: Empoleon|209\/372 brn|[from] Stealth Rock
|turn|29
|c| Paul Gilbert|Everything I think to do You do
|
|switch|p1a: Celebi|Celebi|219\/404
|move|p2a: Empoleon|Defog|p1a: Celebi
|-unboost|p1a: Celebi|evasion|1
|-sideend|p2: Alvok|Stealth Rock|[from] move: Defog|[of] p2a: Empoleon
|
|-heal|p1a: Celebi|244\/404|[from] item: Leftovers
|-heal|p2a: Empoleon|232\/372 brn|[from] item: Leftovers
|-damage|p2a: Empoleon|186\/372 brn|[from] brn
|turn|30
|c| VEEK|lol
|c| Paul Gilbert|it's like I'm playing
|c|âAlvok|thats kinda gay
|
|move|p1a: Celebi|Substitute|p1a: Celebi
|-start|p1a: Celebi|Substitute
|-damage|p1a: Celebi|143\/404
|move|p2a: Empoleon|Stealth Rock|p1a: Celebi
|-sidestart|p1: Reverb|move: Stealth Rock
|
|-heal|p1a: Celebi|168\/404|[from] item: Leftovers
|-heal|p2a: Empoleon|209\/372 brn|[from] item: Leftovers
|-damage|p2a: Empoleon|163\/372 brn|[from] brn
|turn|31
|c|âAlvok|just saying
|
|move|p1a: Celebi|Giga Drain|p2a: Empoleon
|-damage|p2a: Empoleon|69\/372 brn
|-heal|p1a: Celebi|215\/404|[from] drain|[of] p2a: Empoleon
|move|p2a: Empoleon|Roar|p1a: Celebi
|drag|p1a: Lopunny|Lopunny-Mega, F|271\/271
|-damage|p1a: Lopunny|255\/271|[from] Stealth Rock
|
|-heal|p2a: Empoleon|92\/372 brn|[from] item: Leftovers
|-damage|p2a: Empoleon|46\/372 brn|[from] brn
|turn|32
|join|DerpaniteX
|
|switch|p2a: Slowbro|Slowbro, M|394\/394
|move|p1a: Lopunny|Return|p2a: Slowbro
|-damage|p2a: Slowbro|256\/394
|
|-heal|p2a: Slowbro|280\/394|[from] item: Leftovers
|turn|33
|
|switch|p1a: Keldeo|Keldeo|323\/323
|-damage|p1a: Keldeo|303\/323|[from] Stealth Rock
|switch|p2a: Gardevoir|Gardevoir-Mega, F, shiny|277\/277
|
|turn|34
|
|move|p1a: Keldeo|Hydro Pump|p2a: Gardevoir|[miss]
|-miss|p1a: Keldeo|p2a: Gardevoir
|move|p2a: Gardevoir|Hyper Voice|p1a: Keldeo
|-supereffective|p1a: Keldeo
|-damage|p1a: Keldeo|0 fnt
|faint|p1a: Keldeo
|
|c| Praj.pran|sigh
|c|âReverb|fml
|c|âAlvok|waifu's doing work
|
|switch|p1a: Lopunny|Lopunny-Mega, F|255\/271
|-damage|p1a: Lopunny|239\/271|[from] Stealth Rock
|turn|35
|c| Paul Gilbert|I would of thought to miss aswell
|c| Paul Gilbert|So similar
|c| Praj.pran|lol
|
|switch|p2a: Empoleon|Empoleon, M|46\/372 brn
|move|p1a: Lopunny|Return|p2a: Empoleon
|-resisted|p2a: Empoleon
|-damage|p2a: Empoleon|0 fnt
|faint|p2a: Empoleon
|
|
|switch|p2a: Slowbro|Slowbro, M|394\/394
|turn|36
|join|Cholera90
|
|move|p1a: Lopunny|Return|p2a: Slowbro
|-damage|p2a: Slowbro|256\/394
|move|p2a: Slowbro|Thunder Wave|p1a: Lopunny
|-status|p1a: Lopunny|par
|
|-heal|p2a: Slowbro|280\/394|[from] item: Leftovers
|turn|37
|join|I Am Mike Chang
|c| Praj.pran|gg
|-message|Reverb forfeited.
|
|win|Alvok
|raw|Ladder updating...
|leave|MoB Barley
|raw|Reverb's rating: 1250 &rarr; <strong>1223<\/strong><br \/>(-27 for losing)
|raw|Alvok's rating: 1217 &rarr; <strong>1244<\/strong><br \/>(+27 for winning)
|c|âAlvok|gg
|leave|VEEK
|leave|Praj.pran
|c|âReverb|gg
|leave|fragio
|leave|Reverb
|leave|Paul Gilbert
|player|p1
|leave|squirrelll
|leave|I Am Mike Chang
|leave|Gizmo
|leave|Alvok
|player|p2
|leave|I Iike Squirtles
|leave|Disorient
|leave|DerpaniteX