|join|Alvok
|join|Taipei Assassin
|player|p1|Alvok|256
|player|p2|Taipei Assassin|196
|gametype|singles
|gen|6
|tier|OU (suspect test)
|rated
|clearpoke
|poke|p1|Kyurem-Black, shiny
|poke|p1|Slowbro, M
|poke|p1|Gardevoir, F, shiny
|poke|p1|Empoleon, M
|poke|p1|Landorus-Therian, M
|poke|p1|Zapdos
|poke|p2|Slowbro, F
|poke|p2|Latios, M
|poke|p2|Gliscor, F
|poke|p2|Charizard, M
|poke|p2|Ferrothorn, M
|poke|p2|Raikou
|rule|Swagger Clause: Swagger is banned
|rule|Baton Pass Clause: Limit one PokÃ©mon knowing Baton Pass
|rule|Sleep Clause Mod: Limit one foe put to sleep
|rule|Species Clause: Limit one of each PokÃ©mon
|rule|OHKO Clause: OHKO moves are banned
|rule|Moody Clause: Moody is banned
|rule|Evasion Moves Clause: Evasion moves are banned
|rule|Endless Battle Clause: Forcing endless battles is banned
|rule|HP Percentage Mod: HP is shown in percentages
|teampreview
|
|start
|switch|p1a: Empoleon|Empoleon, M|372\/372
|switch|p2a: Ferrothorn|Ferrothorn, M|350\/350
|turn|1
|
|move|p1a: Empoleon|Scald|p2a: Ferrothorn
|-resisted|p2a: Ferrothorn
|-damage|p2a: Ferrothorn|310\/350
|-status|p2a: Ferrothorn|brn
|move|p2a: Ferrothorn|Leech Seed|p1a: Empoleon
|-start|p1a: Empoleon|move: Leech Seed
|
|-heal|p2a: Ferrothorn|331\/350 brn|[from] item: Leftovers
|-damage|p1a: Empoleon|326\/372|[from] Leech Seed|[of] p2a: Ferrothorn
|-heal|p2a: Ferrothorn|350\/350 brn|[silent]
|-damage|p2a: Ferrothorn|307\/350 brn|[from] brn
|turn|2
|
|switch|p1a: Zapdos|Zapdos|383\/383
|-ability|p1a: Zapdos|Pressure
|move|p2a: Ferrothorn|Stealth Rock|p1a: Zapdos
|-sidestart|p1: Alvok|move: Stealth Rock
|
|-heal|p2a: Ferrothorn|328\/350 brn|[from] item: Leftovers
|-damage|p2a: Ferrothorn|285\/350 brn|[from] brn
|turn|3
|
|switch|p2a: Latios|Latios, M|301\/301
|move|p1a: Zapdos|Defog|p2a: Latios
|-unboost|p2a: Latios|evasion|1
|-sideend|p1: Alvok|Stealth Rock|[from] move: Defog|[of] p1a: Zapdos
|
|turn|4
|
|switch|p1a: Empoleon|Empoleon, M|326\/372
|move|p2a: Latios|Draco Meteor|p1a: Empoleon
|-resisted|p1a: Empoleon
|-damage|p1a: Empoleon|166\/372
|-unboost|p2a: Latios|spa|2
|-damage|p2a: Latios|271\/301|[from] item: Life Orb
|
|-heal|p1a: Empoleon|189\/372|[from] item: Leftovers
|turn|5
|
|move|p2a: Latios|Earthquake|p1a: Empoleon
|-supereffective|p1a: Empoleon
|-damage|p1a: Empoleon|46\/372
|-damage|p2a: Latios|241\/301|[from] item: Life Orb
|move|p1a: Empoleon|Stealth Rock|p2a: Latios
|-sidestart|p2: Taipei Assassin|move: Stealth Rock
|
|-heal|p1a: Empoleon|69\/372|[from] item: Leftovers
|turn|6
|
|switch|p2a: Gliscor|Gliscor, F|353\/353
|-damage|p2a: Gliscor|309\/353|[from] Stealth Rock
|switch|p1a: Landorus-Therian|Landorus-Therian, M|328\/328
|-ability|p1a: Landorus-Therian|Intimidate|[of] p2a: Gliscor
|-unboost|p2a: Gliscor|atk|1
|
|-status|p2a: Gliscor|tox|[from] item: Toxic Orb
|turn|7
|
|move|p1a: Landorus-Therian|U-turn|p2a: Gliscor
|-resisted|p2a: Gliscor
|-damage|p2a: Gliscor|274\/353 tox
|
|switch|p1a: Gardevoir|Gardevoir, F, shiny|277\/277
|-ability|p1a: Gardevoir|Poison Heal|[from] ability: Trace|[of] p2a: Gliscor
|move|p2a: Gliscor|Toxic|p1a: Gardevoir
|-status|p1a: Gardevoir|tox
|
|-heal|p2a: Gliscor|318\/353 tox|[from] ability: Poison Heal
|turn|8
|
|detailschange|p1a: Gardevoir|Gardevoir-Mega, F, shiny
|-mega|p1a: Gardevoir|Gardevoir|Gardevoirite
|move|p1a: Gardevoir|Hyper Voice|p2a: Gliscor
|-crit|p2a: Gliscor
|-damage|p2a: Gliscor|0 fnt
|faint|p2a: Gliscor
|
|-damage|p1a: Gardevoir|243\/277 tox|[from] psn
|c|âTaipei Assassin|noooo
|c|âTaipei Assassin|crit
|c|âTaipei Assassin|:[
|c|âAlvok|im modest tho
|
|switch|p2a: Raikou|Raikou|321\/321
|-damage|p2a: Raikou|281\/321|[from] Stealth Rock
|-ability|p2a: Raikou|Pressure
|turn|9
|c|âTaipei Assassin|im max spdef
|c|âTaipei Assassin|:[
|c|âAlvok|ahh i see
|c|âAlvok|sorry bout that
|c|âTaipei Assassin|its k
|
|switch|p1a: Landorus-Therian|Landorus-Therian, M|328\/328
|-ability|p1a: Landorus-Therian|Intimidate|[of] p2a: Raikou
|-unboost|p2a: Raikou|atk|1
|move|p2a: Raikou|Shadow Ball|p1a: Landorus-Therian
|-damage|p1a: Landorus-Therian|183\/328
|
|turn|10
|
|move|p1a: Landorus-Therian|U-turn|p2a: Raikou
|-damage|p2a: Raikou|159\/321
|
|switch|p1a: Zapdos|Zapdos|383\/383
|-ability|p1a: Zapdos|Pressure
|move|p2a: Raikou|Shadow Ball|p1a: Zapdos
|-damage|p1a: Zapdos|235\/383
|
|-heal|p1a: Zapdos|258\/383|[from] item: Leftovers
|turn|11
|c|âTaipei Assassin|so much damage
|
|switch|p2a: Latios|Latios, M|241\/301
|-damage|p2a: Latios|204\/301|[from] Stealth Rock
|move|p1a: Zapdos|Roost|p1a: Zapdos
|-heal|p1a: Zapdos|383\/383
|
|turn|12
|
|move|p2a: Latios|Psyshock|p1a: Zapdos
|-damage|p1a: Zapdos|223\/383
|-damage|p2a: Latios|174\/301|[from] item: Life Orb
|move|p1a: Zapdos|Discharge|p2a: Latios
|-crit|p2a: Latios
|-resisted|p2a: Latios
|-damage|p2a: Latios|94\/301
|
|-heal|p1a: Zapdos|246\/383|[from] item: Leftovers
|turn|13
|
|switch|p1a: Gardevoir|Gardevoir-Mega, F, shiny|243\/277 tox
|move|p2a: Latios|Psyshock|p1a: Gardevoir
|-resisted|p1a: Gardevoir
|-damage|p1a: Gardevoir|114\/277 tox
|-damage|p2a: Latios|64\/301|[from] item: Life Orb
|
|-damage|p1a: Gardevoir|97\/277 tox|[from] psn
|turn|14
|
|switch|p1a: Empoleon|Empoleon, M|69\/372
|move|p2a: Latios|Psyshock|p1a: Empoleon
|-resisted|p1a: Empoleon
|-damage|p1a: Empoleon|0 fnt
|-damage|p2a: Latios|34\/301|[from] item: Life Orb
|faint|p1a: Empoleon
|
|
|switch|p1a: Landorus-Therian|Landorus-Therian, M|183\/328
|-ability|p1a: Landorus-Therian|Intimidate|[of] p2a: Latios
|-unboost|p2a: Latios|atk|1
|turn|15
|
|switch|p2a: Ferrothorn|Ferrothorn, M|285\/350 brn
|-damage|p2a: Ferrothorn|264\/350 brn|[from] Stealth Rock
|move|p1a: Landorus-Therian|U-turn|p2a: Ferrothorn
|-damage|p2a: Ferrothorn|202\/350 brn
|-damage|p1a: Landorus-Therian|142\/328|[from] ability: Iron Barbs|[of] p2a: Ferrothorn
|
|switch|p1a: Zapdos|Zapdos|246\/383
|-ability|p1a: Zapdos|Pressure
|
|-heal|p1a: Zapdos|269\/383|[from] item: Leftovers
|-heal|p2a: Ferrothorn|223\/350 brn|[from] item: Leftovers
|-damage|p2a: Ferrothorn|180\/350 brn|[from] brn
|turn|16
|
|move|p1a: Zapdos|Heat Wave|p2a: Ferrothorn
|-supereffective|p2a: Ferrothorn
|-damage|p2a: Ferrothorn|0 fnt
|faint|p2a: Ferrothorn
|
|-heal|p1a: Zapdos|292\/383|[from] item: Leftovers
|
|switch|p2a: Charizard|Charizard, M|297\/297
|-damage|p2a: Charizard|149\/297|[from] Stealth Rock
|turn|17
|
|detailschange|p2a: Charizard|Charizard-Mega-X, M
|-mega|p2a: Charizard|Charizard|Charizardite X
|move|p2a: Charizard|Dragon Dance|p2a: Charizard
|-boost|p2a: Charizard|atk|1
|-boost|p2a: Charizard|spe|1
|move|p1a: Zapdos|Discharge|p2a: Charizard
|-resisted|p2a: Charizard
|-damage|p2a: Charizard|78\/297
|
|-heal|p1a: Zapdos|315\/383|[from] item: Leftovers
|turn|18
|
|move|p2a: Charizard|Roost|p2a: Charizard
|-heal|p2a: Charizard|227\/297
|move|p1a: Zapdos|Discharge|p2a: Charizard
|-resisted|p2a: Charizard
|-damage|p2a: Charizard|155\/297
|
|-heal|p1a: Zapdos|338\/383|[from] item: Leftovers
|turn|19
|
|move|p2a: Charizard|Flare Blitz|p1a: Zapdos
|-damage|p1a: Zapdos|0 fnt
|-damage|p2a: Charizard|43\/297|[from] recoil|[of] p1a: Zapdos
|faint|p1a: Zapdos
|
|
|switch|p1a: Landorus-Therian|Landorus-Therian, M|142\/328
|-ability|p1a: Landorus-Therian|Intimidate|[of] p2a: Charizard
|-unboost|p2a: Charizard|atk|1
|turn|20
|
|move|p2a: Charizard|Dragon Claw|p1a: Landorus-Therian
|-damage|p1a: Landorus-Therian|0 fnt
|faint|p1a: Landorus-Therian
|
|c|âTaipei Assassin|sry
|
|switch|p1a: Slowbro|Slowbro, M|394\/394
|turn|21
|c|âTaipei Assassin|jolly
|c|âAlvok|its ok
|
|move|p2a: Charizard|Roost|p2a: Charizard
|-heal|p2a: Charizard|192\/297
|move|p1a: Slowbro|Thunder Wave|p2a: Charizard
|-status|p2a: Charizard|par
|
|turn|22
|c|âAlvok|its pretty common
|
|move|p2a: Charizard|Dragon Claw|p1a: Slowbro
|-damage|p1a: Slowbro|273\/394
|move|p1a: Slowbro|Scald|p2a: Charizard
|-damage|p2a: Charizard|87\/297 par
|
|-heal|p1a: Slowbro|297\/394|[from] item: Leftovers
|turn|23
|
|move|p2a: Charizard|Roost|p2a: Charizard
|-heal|p2a: Charizard|236\/297 par
|move|p1a: Slowbro|Scald|p2a: Charizard
|-damage|p2a: Charizard|134\/297 par
|
|-heal|p1a: Slowbro|321\/394|[from] item: Leftovers
|turn|24
|
|switch|p2a: Latios|Latios, M|34\/301
|-damage|p2a: Latios|0 fnt|[from] Stealth Rock
|faint|p2a: Latios
|move|p1a: Slowbro|Psyshock|p2: Latios|[notarget]
|-notarget
|
|-heal|p1a: Slowbro|345\/394|[from] item: Leftovers
|
|switch|p2a: Slowbro|Slowbro, F|394\/394
|-damage|p2a: Slowbro|345\/394|[from] Stealth Rock
|turn|25
|
|move|p1a: Slowbro|Scald|p2a: Slowbro
|-resisted|p2a: Slowbro
|-damage|p2a: Slowbro|288\/394
|-status|p2a: Slowbro|brn
|move|p2a: Slowbro|Thunder Wave|p1a: Slowbro
|-status|p1a: Slowbro|par
|
|-heal|p2a: Slowbro|312\/394 brn|[from] item: Leftovers
|-heal|p1a: Slowbro|369\/394 par|[from] item: Leftovers
|-damage|p2a: Slowbro|263\/394 brn|[from] brn
|turn|26
|
|switch|p1a: Kyurem-Black|Kyurem-Black, shiny|391\/391
|-ability|p1a: Kyurem-Black|Teravolt
|move|p2a: Slowbro|Psyshock|p1a: Kyurem-Black
|-damage|p1a: Kyurem-Black|292\/391
|
|-heal|p2a: Slowbro|287\/394 brn|[from] item: Leftovers
|-damage|p2a: Slowbro|238\/394 brn|[from] brn
|turn|27
|
|move|p1a: Kyurem-Black|Earth Power|p2a: Slowbro
|-damage|p2a: Slowbro|68\/394 brn
|-damage|p1a: Kyurem-Black|253\/391|[from] item: Life Orb
|move|p2a: Slowbro|Scald|p1a: Kyurem-Black
|-resisted|p1a: Kyurem-Black
|-damage|p1a: Kyurem-Black|198\/391
|-status|p1a: Kyurem-Black|brn
|
|-heal|p2a: Slowbro|92\/394 brn|[from] item: Leftovers
|-damage|p1a: Kyurem-Black|150\/391 brn|[from] brn
|-damage|p2a: Slowbro|43\/394 brn|[from] brn
|turn|28
|
|switch|p1a: Slowbro|Slowbro, M|394\/394 par
|switch|p2a: Charizard|Charizard-Mega-X, M|134\/297 par
|-damage|p2a: Charizard|60\/297 par|[from] Stealth Rock
|
|turn|29
|
|cant|p2a: Charizard|par
|move|p1a: Slowbro|Psyshock|p2a: Charizard
|-damage|p2a: Charizard|0 fnt
|faint|p2a: Charizard
|
|
|switch|p2a: Raikou|Raikou|159\/321
|-damage|p2a: Raikou|119\/321|[from] Stealth Rock
|-ability|p2a: Raikou|Pressure
|turn|30
|
|move|p2a: Raikou|Volt Switch|p1a: Slowbro
|-supereffective|p1a: Slowbro
|-damage|p1a: Slowbro|0 fnt
|faint|p1a: Slowbro
|
|switch|p2a: Slowbro|Slowbro, F|174\/394 brn
|-damage|p2a: Slowbro|125\/394 brn|[from] Stealth Rock
|
|-heal|p2a: Slowbro|149\/394 brn|[from] item: Leftovers
|-damage|p2a: Slowbro|100\/394 brn|[from] brn
|
|switch|p1a: Gardevoir|Gardevoir-Mega, F, shiny|97\/277 tox
|turn|31
|
|move|p1a: Gardevoir|Hyper Voice|p2a: Slowbro
|-damage|p2a: Slowbro|0 fnt
|faint|p2a: Slowbro
|
|-damage|p1a: Gardevoir|80\/277 tox|[from] psn
|
|switch|p2a: Raikou|Raikou|119\/321
|-damage|p2a: Raikou|79\/321|[from] Stealth Rock
|-ability|p2a: Raikou|Pressure
|turn|32
|
|move|p2a: Raikou|Thunderbolt|p1a: Gardevoir
|-damage|p1a: Gardevoir|0 fnt
|faint|p1a: Gardevoir
|
|
|switch|p1a: Kyurem-Black|Kyurem-Black, shiny|150\/391 brn
|-ability|p1a: Kyurem-Black|Teravolt
|turn|33
|
|move|p2a: Raikou|Thunderbolt|p1a: Kyurem-Black
|-resisted|p1a: Kyurem-Black
|-damage|p1a: Kyurem-Black|11\/391 brn
|move|p1a: Kyurem-Black|Earth Power|p2a: Raikou
|-supereffective|p2a: Raikou
|-damage|p2a: Raikou|0 fnt
|-damage|p1a: Kyurem-Black|0 fnt|[from] item: Life Orb
|faint|p2a: Raikou
|faint|p1a: Kyurem-Black
|
|win|Alvok
|raw|Ladder updating...
|raw|Alvok's rating: 1411 &rarr; <strong>1421<\/strong><br \/>(+10 for winning)
|raw|Taipei Assassin's rating: 1239 &rarr; <strong>1225<\/strong><br \/>(-14 for losing)
|c|âAlvok|gg
|c|âTaipei Assassin|gg
|c|âTaipei Assassin|aw man
|c|âAlvok|hehehe
|leave|Alvok
|player|p1
|c|âTaipei Assassin|shoulda shadow balld