|join|rafifa4ever
|join|lalaalalaala
|player|p1|rafifa4ever|192
|player|p2|lalaalalaala|1
|gametype|singles
|gen|6
|tier|OU
|rated
|clearpoke
|poke|p1|Staraptor, F
|poke|p1|Magnezone
|poke|p1|Azumarill, M
|poke|p1|Latias, F
|poke|p1|Venusaur, F
|poke|p1|Hippowdon, F
|poke|p2|Pinsir, F
|poke|p2|Landorus-Therian, M
|poke|p2|Heatran, F
|poke|p2|Sylveon, F
|poke|p2|Azumarill, F
|poke|p2|Zapdos
|rule|Swagger Clause: Swagger is banned
|rule|Baton Pass Clause: Limit one PokÃ©mon knowing Baton Pass
|rule|Sleep Clause Mod: Limit one foe put to sleep
|rule|Species Clause: Limit one of each PokÃ©mon
|rule|OHKO Clause: OHKO moves are banned
|rule|Moody Clause: Moody is banned
|rule|Evasion Moves Clause: Evasion moves are banned
|rule|Endless Battle Clause: Forcing endless battles is banned
|rule|HP Percentage Mod: HP is shown in percentages
|teampreview
|
|start
|switch|p1a: Hippowdon|Hippowdon, F|417\/417
|switch|p2a: Landorus-Therian|Landorus-Therian, M|382\/382
|-ability|p2a: Landorus-Therian|Intimidate|[of] p1a: Hippowdon
|-unboost|p1a: Hippowdon|atk|1
|turn|1
|
|move|p2a: Landorus-Therian|Knock Off|p1a: Hippowdon
|-damage|p1a: Hippowdon|324\/417
|-enditem|p1a: Hippowdon|Leftovers|[from] move: Knock Off|[of] p2a: Landorus-Therian
|move|p1a: Hippowdon|Stealth Rock|p2a: Landorus-Therian
|-sidestart|p2: lalaalalaala|move: Stealth Rock
|
|turn|2
|
|move|p2a: Landorus-Therian|U-turn|p1a: Hippowdon
|-damage|p1a: Hippowdon|259\/417
|
|switch|p2a: Zapdos|Zapdos|383\/383
|-damage|p2a: Zapdos|288\/383|[from] Stealth Rock
|-ability|p2a: Zapdos|Pressure
|move|p1a: Hippowdon|Toxic|p2a: Zapdos|[miss]
|-miss|p1a: Hippowdon|p2a: Zapdos
|
|-heal|p2a: Zapdos|311\/383|[from] item: Leftovers
|turn|3
|
|move|p2a: Zapdos|Defog|p1a: Hippowdon
|-unboost|p1a: Hippowdon|evasion|1
|-sideend|p2: lalaalalaala|Stealth Rock|[from] move: Defog|[of] p2a: Zapdos
|move|p1a: Hippowdon|Toxic|p2a: Zapdos
|-status|p2a: Zapdos|tox
|
|-heal|p2a: Zapdos|334\/383 tox|[from] item: Leftovers
|-damage|p2a: Zapdos|311\/383 tox|[from] psn
|turn|4
|
|switch|p1a: Latias|Latias, F|319\/319
|move|p2a: Zapdos|Heat Wave|p1a: Latias
|-resisted|p1a: Latias
|-damage|p1a: Latias|284\/319
|
|-heal|p2a: Zapdos|334\/383 tox|[from] item: Leftovers
|-damage|p2a: Zapdos|288\/383 tox|[from] psn
|turn|5
|
|switch|p1a: Azumarill|Azumarill, M|401\/401
|switch|p2a: Heatran|Heatran, F|386\/386
|
|turn|6
|
|move|p2a: Heatran|Stealth Rock|p1a: Azumarill
|-sidestart|p1: rafifa4ever|move: Stealth Rock
|move|p1a: Azumarill|Knock Off|p2a: Heatran
|-damage|p2a: Heatran|250\/386
|-enditem|p2a: Heatran|Leftovers|[from] move: Knock Off|[of] p1a: Azumarill
|
|turn|7
|
|move|p2a: Heatran|Toxic|p1a: Azumarill
|-status|p1a: Azumarill|tox
|move|p1a: Azumarill|Waterfall|p2a: Heatran
|-supereffective|p2a: Heatran
|-damage|p2a: Heatran|0 fnt
|faint|p2a: Heatran
|
|-damage|p1a: Azumarill|376\/401 tox|[from] psn
|
|switch|p2a: Landorus-Therian|Landorus-Therian, M|382\/382
|-ability|p2a: Landorus-Therian|Intimidate|[of] p1a: Azumarill
|-unboost|p1a: Azumarill|atk|1
|turn|8
|
|switch|p1a: Hippowdon|Hippowdon, F|259\/417
|-damage|p1a: Hippowdon|233\/417|[from] Stealth Rock
|move|p2a: Landorus-Therian|U-turn|p1a: Hippowdon
|-damage|p1a: Hippowdon|161\/417
|
|switch|p2a: Azumarill|Azumarill, F|404\/404
|
|turn|9
|
|move|p2a: Azumarill|Waterfall|p1a: Hippowdon
|-crit|p1a: Hippowdon
|-supereffective|p1a: Hippowdon
|-damage|p1a: Hippowdon|0 fnt
|faint|p1a: Hippowdon
|
|
|switch|p1a: Venusaur|Venusaur, F|355\/355
|-damage|p1a: Venusaur|311\/355|[from] Stealth Rock
|turn|10
|
|switch|p2a: Landorus-Therian|Landorus-Therian, M|382\/382
|-ability|p2a: Landorus-Therian|Intimidate|[of] p1a: Venusaur
|-unboost|p1a: Venusaur|atk|1
|detailschange|p1a: Venusaur|Venusaur-Mega, F
|message|Venusaur has Mega Evolved into Mega Venusaur!
|move|p1a: Venusaur|Sludge Bomb|p2a: Landorus-Therian
|-resisted|p2a: Landorus-Therian
|-damage|p2a: Landorus-Therian|290\/382
|
|-heal|p2a: Landorus-Therian|313\/382|[from] item: Leftovers
|turn|11
|
|move|p2a: Landorus-Therian|Earthquake|p1a: Venusaur
|-damage|p1a: Venusaur|134\/355
|move|p1a: Venusaur|Sludge Bomb|p2a: Landorus-Therian
|-resisted|p2a: Landorus-Therian
|-damage|p2a: Landorus-Therian|217\/382
|
|-heal|p2a: Landorus-Therian|240\/382|[from] item: Leftovers
|turn|12
|
|switch|p1a: Azumarill|Azumarill, M|376\/401 tox
|-damage|p1a: Azumarill|326\/401 tox|[from] Stealth Rock
|move|p2a: Landorus-Therian|U-turn|p1a: Azumarill
|-resisted|p1a: Azumarill
|-damage|p1a: Azumarill|267\/401 tox
|
|switch|p2a: Pinsir|Pinsir, F|272\/272
|-ability|p2a: Pinsir|Mold Breaker
|
|-damage|p1a: Azumarill|242\/401 tox|[from] psn
|turn|13
|
|detailschange|p2a: Pinsir|Pinsir-Mega, F
|message|Pinsir has Mega Evolved into Mega Pinsir!
|move|p2a: Pinsir|Frustration|p1a: Azumarill
|-damage|p1a: Azumarill|0 fnt
|faint|p1a: Azumarill
|
|
|switch|p1a: Magnezone|Magnezone|281\/281
|-damage|p1a: Magnezone|264\/281|[from] Stealth Rock
|turn|14
|
|switch|p2a: Zapdos|Zapdos|288\/383 tox
|-ability|p2a: Zapdos|Pressure
|move|p1a: Magnezone|Thunderbolt|p2a: Zapdos
|-damage|p2a: Zapdos|128\/383 tox
|
|-heal|p2a: Zapdos|151\/383 tox|[from] item: Leftovers
|-damage|p2a: Zapdos|128\/383 tox|[from] psn
|turn|15
|
|switch|p1a: Latias|Latias, F|284\/319
|-damage|p1a: Latias|245\/319|[from] Stealth Rock
|move|p2a: Zapdos|Heat Wave|p1a: Latias
|-resisted|p1a: Latias
|-damage|p1a: Latias|206\/319
|
|-heal|p2a: Zapdos|151\/383 tox|[from] item: Leftovers
|-damage|p2a: Zapdos|105\/383 tox|[from] psn
|turn|16
|
|move|p1a: Latias|Defog|p2a: Zapdos
|-unboost|p2a: Zapdos|evasion|1
|-sideend|p1: rafifa4ever|Stealth Rock|[from] move: Defog|[of] p1a: Latias
|move|p2a: Zapdos|Roost|p2a: Zapdos
|-heal|p2a: Zapdos|297\/383 tox
|
|-heal|p2a: Zapdos|320\/383 tox|[from] item: Leftovers
|-damage|p2a: Zapdos|251\/383 tox|[from] psn
|turn|17
|
|move|p1a: Latias|Psyshock|p2a: Zapdos
|-damage|p2a: Zapdos|133\/383 tox
|-damage|p1a: Latias|175\/319|[from] item: Life Orb
|move|p2a: Zapdos|Roost|p2a: Zapdos
|-heal|p2a: Zapdos|325\/383 tox
|
|-heal|p2a: Zapdos|348\/383 tox|[from] item: Leftovers
|-damage|p2a: Zapdos|256\/383 tox|[from] psn
|turn|18
|
|move|p1a: Latias|Roost|p1a: Latias
|-heal|p1a: Latias|319\/319
|move|p2a: Zapdos|Roost|p2a: Zapdos
|-heal|p2a: Zapdos|383\/383 tox
|
|-damage|p2a: Zapdos|268\/383 tox|[from] psn
|turn|19
|
|move|p1a: Latias|Psyshock|p2a: Zapdos
|-damage|p2a: Zapdos|135\/383 tox
|-damage|p1a: Latias|288\/319|[from] item: Life Orb
|move|p2a: Zapdos|Roost|p2a: Zapdos
|-heal|p2a: Zapdos|327\/383 tox
|
|-heal|p2a: Zapdos|350\/383 tox|[from] item: Leftovers
|-damage|p2a: Zapdos|212\/383 tox|[from] psn
|turn|20
|
|move|p1a: Latias|Psyshock|p2a: Zapdos
|-damage|p2a: Zapdos|83\/383 tox
|-damage|p1a: Latias|257\/319|[from] item: Life Orb
|move|p2a: Zapdos|Roost|p2a: Zapdos
|-heal|p2a: Zapdos|275\/383 tox
|
|-heal|p2a: Zapdos|298\/383 tox|[from] item: Leftovers
|-damage|p2a: Zapdos|137\/383 tox|[from] psn
|turn|21
|
|move|p1a: Latias|Psyshock|p2a: Zapdos
|-damage|p2a: Zapdos|19\/383 tox
|-damage|p1a: Latias|226\/319|[from] item: Life Orb
|move|p2a: Zapdos|Roost|p2a: Zapdos
|-heal|p2a: Zapdos|211\/383 tox
|
|-heal|p2a: Zapdos|234\/383 tox|[from] item: Leftovers
|-damage|p2a: Zapdos|50\/383 tox|[from] psn
|turn|22
|
|move|p1a: Latias|Roost|p1a: Latias
|-heal|p1a: Latias|319\/319
|move|p2a: Zapdos|Roost|p2a: Zapdos
|-heal|p2a: Zapdos|242\/383 tox
|
|-heal|p2a: Zapdos|265\/383 tox|[from] item: Leftovers
|-damage|p2a: Zapdos|58\/383 tox|[from] psn
|turn|23
|
|move|p1a: Latias|Psyshock|p2a: Zapdos
|-damage|p2a: Zapdos|0 fnt
|-damage|p1a: Latias|288\/319|[from] item: Life Orb
|faint|p2a: Zapdos
|
|
|switch|p2a: Pinsir|Pinsir-Mega, F|272\/272
|turn|24
|
|switch|p2a: Landorus-Therian|Landorus-Therian, M|240\/382
|-ability|p2a: Landorus-Therian|Intimidate|[of] p1a: Latias
|-unboost|p1a: Latias|atk|1
|move|p1a: Latias|Draco Meteor|p2a: Landorus-Therian
|-damage|p2a: Landorus-Therian|0 fnt
|-unboost|p1a: Latias|spa|2
|-damage|p1a: Latias|257\/319|[from] item: Life Orb
|faint|p2a: Landorus-Therian
|
|
|switch|p2a: Azumarill|Azumarill, F|404\/404
|turn|25
|
|switch|p1a: Venusaur|Venusaur-Mega, F|134\/355
|move|p2a: Azumarill|Belly Drum|p2a: Azumarill
|-damage|p2a: Azumarill|202\/404
|-setboost|p2a: Azumarill|atk|6|[from] move: Belly Drum
|-enditem|p2a: Azumarill|Sitrus Berry|[eat]
|-heal|p2a: Azumarill|303\/404|[from] item: Sitrus Berry
|
|turn|26
|
|move|p2a: Azumarill|Aqua Jet|p1a: Venusaur
|-resisted|p1a: Venusaur
|-damage|p1a: Venusaur|0 fnt
|faint|p1a: Venusaur
|
|
|switch|p1a: Latias|Latias, F|257\/319
|turn|27
|
|move|p2a: Azumarill|Aqua Jet|p1a: Latias
|-resisted|p1a: Latias
|-damage|p1a: Latias|63\/319
|move|p1a: Latias|Psyshock|p2a: Azumarill
|-damage|p2a: Azumarill|122\/404
|-damage|p1a: Latias|32\/319|[from] item: Life Orb
|
|turn|28
|
|move|p2a: Azumarill|Aqua Jet|p1a: Latias
|-resisted|p1a: Latias
|-damage|p1a: Latias|0 fnt
|faint|p1a: Latias
|
|
|switch|p1a: Staraptor|Staraptor, F|311\/311
|turn|29
|
|move|p1a: Staraptor|Quick Attack|p2a: Azumarill
|-damage|p2a: Azumarill|5\/404
|move|p2a: Azumarill|Aqua Jet|p1a: Staraptor
|-damage|p1a: Staraptor|0 fnt
|faint|p1a: Staraptor
|
|c|ârafifa4ever|gg
|
|switch|p1a: Magnezone|Magnezone|264\/281
|turn|30
|c|âlalaalalaala|gg
|
|move|p2a: Azumarill|Aqua Jet|p1a: Magnezone
|-damage|p1a: Magnezone|0 fnt
|faint|p1a: Magnezone
|
|win|lalaalalaala
|raw|Ladder updating...
|raw|rafifa4ever's rating: 1571 &rarr; <strong>1553<\/strong><br \/>(-18 for losing)
|raw|lalaalalaala's rating: 1596 &rarr; <strong>1615<\/strong><br \/>(+19 for winning)
|leave|rafifa4ever
|player|p1