|join|Nicolasito
|join|FlederMau5
|player|p1|Nicolasito|170
|player|p2|FlederMau5|169
|gametype|singles
|gen|6
|tier|UU
|rated
|rule|Sleep Clause Mod: Limit one foe put to sleep
|rule|Species Clause: Limit one of each Pokemon
|rule|OHKO Clause: OHKO moves are banned
|rule|Moody Clause: Moody is banned
|rule|Evasion Moves Clause: Evasion moves are banned
|rule|Endless Battle Clause: Forcing endless battles is banned.
|rule|HP Percentage Mod: HP is reported as percentages
|clearpoke
|poke|p1|Starmie
|poke|p1|Scrafty, F
|poke|p1|Volcarona, F
|poke|p1|Jirachi
|poke|p1|Hippowdon, F
|poke|p1|Roserade, M
|poke|p2|Raikou, shiny
|poke|p2|Suicune, shiny
|poke|p2|Entei, shiny
|poke|p2|Chesnaught, F
|poke|p2|Umbreon, M, shiny
|poke|p2|Donphan, F, shiny
|teampreview
|
|start
|switch|p1a: Roserade|Roserade, M|324\/324
|switch|p2a: Mind=Blown|Chesnaught, F|380\/380
|turn|1
|
|switch|p2a: TM87|Raikou, shiny|321\/321
|-ability|p2a: TM87|Pressure
|move|p1a: Roserade|Toxic Spikes|p2a: TM87
|-sidestart|p2: FlederMau5|move: Toxic Spikes
|
|turn|2
|
|move|p2a: TM87|Extrasensory|p1a: Roserade
|-supereffective|p1a: Roserade
|-damage|p1a: Roserade|194\/324
|move|p1a: Roserade|Toxic Spikes|p2a: TM87
|-sidestart|p2: FlederMau5|move: Toxic Spikes
|
|-heal|p1a: Roserade|214\/324|[from] item: Black Sludge
|turn|3
|
|move|p2a: TM87|Extrasensory|p1a: Roserade
|-supereffective|p1a: Roserade
|-damage|p1a: Roserade|88\/324
|move|p1a: Roserade|Giga Drain|p2a: TM87
|-damage|p2a: TM87|216\/321
|-heal|p1a: Roserade|141\/324|[from] drain|[of] p2a: TM87
|
|-heal|p1a: Roserade|161\/324|[from] item: Black Sludge
|turn|4
|
|switch|p1a: Scrafty|Scrafty, F|271\/271
|move|p2a: TM87|Extrasensory|p1a: Scrafty
|-immune|p1a: Scrafty|[msg]
|
|turn|5
|
|switch|p2a: YOLO|Donphan, F, shiny|364\/364
|-status|p2a: YOLO|tox
|move|p1a: Scrafty|Dragon Dance|p1a: Scrafty
|-boost|p1a: Scrafty|atk|1
|-boost|p1a: Scrafty|spe|1
|
|-damage|p2a: YOLO|342\/364 tox|[from] psn
|turn|6
|
|move|p1a: Scrafty|Dragon Dance|p1a: Scrafty
|-boost|p1a: Scrafty|atk|1
|-boost|p1a: Scrafty|spe|1
|move|p2a: YOLO|Rapid Spin|p1a: Scrafty
|-damage|p1a: Scrafty|247\/271
|-sideend|p2: FlederMau5|Toxic Spikes|[from] move: Rapid Spin|[of] p2a: YOLO
|
|-heal|p1a: Scrafty|263\/271|[from] item: Leftovers
|-damage|p2a: YOLO|298\/364 tox|[from] psn
|turn|7
|
|move|p1a: Scrafty|Ice Punch|p2a: YOLO
|-supereffective|p2a: YOLO
|-damage|p2a: YOLO|54\/364 tox
|move|p2a: YOLO|Knock Off|p1a: Scrafty
|-resisted|p1a: Scrafty
|-damage|p1a: Scrafty|238\/271
|-enditem|p1a: Scrafty|Leftovers|[from] move: Knock Off|[of] p2a: YOLO
|
|-damage|p2a: YOLO|0 fnt|[from] psn
|faint|p2a: YOLO
|
|switch|p2a: Mind=Blown|Chesnaught, F|380\/380
|turn|8
|
|move|p1a: Scrafty|Ice Punch|p2a: Mind=Blown
|-supereffective|p2a: Mind=Blown
|-damage|p2a: Mind=Blown|200\/380
|-status|p2a: Mind=Blown|frz
|cant|p2a: Mind=Blown|frz
|
|-heal|p2a: Mind=Blown|223\/380 frz|[from] item: Leftovers
|turn|9
|
|cant|p2a: Mind=Blown|frz
|move|p1a: Scrafty|Ice Punch|p2a: Mind=Blown
|-supereffective|p2a: Mind=Blown
|-damage|p2a: Mind=Blown|37\/380 frz
|
|-heal|p2a: Mind=Blown|60\/380 frz|[from] item: Leftovers
|turn|10
|
|cant|p2a: Mind=Blown|frz
|move|p1a: Scrafty|Drain Punch|p2a: Mind=Blown
|-crit|p2a: Mind=Blown
|-damage|p2a: Mind=Blown|0 fnt
|-heal|p1a: Scrafty|268\/271|[from] drain|[of] p2a: Mind=Blown
|faint|p2a: Mind=Blown
|-boost|p1a: Scrafty|atk|1|[from] ability: Moxie
|
|
|switch|p2a: Turn Up|Entei, shiny|372\/372
|-ability|p2a: Turn Up|Pressure
|turn|11
|
|move|p1a: Scrafty|Drain Punch|p2a: Turn Up
|-damage|p2a: Turn Up|32\/372
|-heal|p1a: Scrafty|271\/271|[from] drain|[of] p2a: Turn Up
|move|p2a: Turn Up|Sacred Fire|p1a: Scrafty
|-damage|p1a: Scrafty|42\/271
|-status|p1a: Scrafty|brn
|
|-damage|p1a: Scrafty|9\/271 brn|[from] brn
|turn|12
|
|switch|p2a: t('.'t)|Suicune, shiny|404\/404
|-ability|p2a: t('.'t)|Pressure
|move|p1a: Scrafty|Drain Punch|p2a: t('.'t)
|-damage|p2a: t('.'t)|314\/404
|-heal|p1a: Scrafty|54\/271 brn|[from] drain|[of] p2a: t('.'t)
|
|-heal|p2a: t('.'t)|339\/404|[from] item: Leftovers
|-damage|p1a: Scrafty|21\/271 brn|[from] brn
|turn|13
|
|move|p1a: Scrafty|Drain Punch|p2a: t('.'t)
|-damage|p2a: t('.'t)|242\/404
|-heal|p1a: Scrafty|70\/271 brn|[from] drain|[of] p2a: t('.'t)
|move|p2a: t('.'t)|Calm Mind|p2a: t('.'t)
|-boost|p2a: t('.'t)|spa|1
|-boost|p2a: t('.'t)|spd|1
|
|-heal|p2a: t('.'t)|267\/404|[from] item: Leftovers
|-damage|p1a: Scrafty|37\/271 brn|[from] brn
|turn|14
|
|move|p1a: Scrafty|Crunch|p2a: t('.'t)
|-damage|p2a: t('.'t)|170\/404
|move|p2a: t('.'t)|Calm Mind|p2a: t('.'t)
|-boost|p2a: t('.'t)|spa|1
|-boost|p2a: t('.'t)|spd|1
|
|-heal|p2a: t('.'t)|195\/404|[from] item: Leftovers
|-damage|p1a: Scrafty|4\/271 brn|[from] brn
|turn|15
|
|move|p1a: Scrafty|Drain Punch|p2a: t('.'t)
|-damage|p2a: t('.'t)|111\/404
|-heal|p1a: Scrafty|46\/271 brn|[from] drain|[of] p2a: t('.'t)
|move|p2a: t('.'t)|Rest|p2a: t('.'t)
|-status|p2a: t('.'t)|slp
|-heal|p2a: t('.'t)|404\/404 slp|[silent]
|-status|p2a: t('.'t)|slp|[from] move: Rest
|
|-damage|p1a: Scrafty|13\/271 brn|[from] brn
|turn|16
|
|switch|p1a: Roserade|Roserade, M|161\/324
|cant|p2a: t('.'t)|slp
|move|p2a: t('.'t)|Sleep Talk|p2a: t('.'t)
|move|p2a: t('.'t)|Rest|p2a: t('.'t)|[from]Sleep Talk
|-fail|p2a: t('.'t)
|
|-heal|p1a: Roserade|181\/324|[from] item: Black Sludge
|turn|17
|
|move|p1a: Roserade|Aromatherapy|p1a: Roserade
|-cureteam|p1a: Roserade|[from] move: Aromatherapy
|cant|p2a: t('.'t)|slp
|move|p2a: t('.'t)|Sleep Talk|p2a: t('.'t)
|move|p2a: t('.'t)|Scald|p1a: Roserade|[from]Sleep Talk
|-resisted|p1a: Roserade
|-damage|p1a: Roserade|117\/324
|
|-heal|p1a: Roserade|137\/324|[from] item: Black Sludge
|turn|18
|
|move|p1a: Roserade|Giga Drain|p2a: t('.'t)
|-supereffective|p2a: t('.'t)
|-damage|p2a: t('.'t)|302\/404 slp
|-heal|p1a: Roserade|188\/324|[from] drain|[of] p2a: t('.'t)
|-curestatus|p2a: t('.'t)|slp
|move|p2a: t('.'t)|Calm Mind|p2a: t('.'t)
|-boost|p2a: t('.'t)|spa|1
|-boost|p2a: t('.'t)|spd|1
|
|-heal|p1a: Roserade|208\/324|[from] item: Black Sludge
|-heal|p2a: t('.'t)|327\/404|[from] item: Leftovers
|turn|19
|
|move|p1a: Roserade|Sludge Bomb|p2a: t('.'t)
|-damage|p2a: t('.'t)|282\/404
|move|p2a: t('.'t)|Calm Mind|p2a: t('.'t)
|-boost|p2a: t('.'t)|spa|1
|-boost|p2a: t('.'t)|spd|1
|
|-heal|p1a: Roserade|228\/324|[from] item: Black Sludge
|-heal|p2a: t('.'t)|307\/404|[from] item: Leftovers
|turn|20
|
|move|p1a: Roserade|Sludge Bomb|p2a: t('.'t)
|-damage|p2a: t('.'t)|265\/404
|-status|p2a: t('.'t)|psn
|move|p2a: t('.'t)|Calm Mind|p2a: t('.'t)
|-boost|p2a: t('.'t)|spa|1
|-boost|p2a: t('.'t)|spd|1
|
|-heal|p1a: Roserade|248\/324|[from] item: Black Sludge
|-heal|p2a: t('.'t)|290\/404 psn|[from] item: Leftovers
|-damage|p2a: t('.'t)|240\/404 psn|[from] psn
|turn|21
|
|switch|p1a: Volcarona|Volcarona, F|312\/312
|move|p2a: t('.'t)|Rest|p2a: t('.'t)
|-status|p2a: t('.'t)|slp
|-heal|p2a: t('.'t)|404\/404 slp|[silent]
|-status|p2a: t('.'t)|slp|[from] move: Rest
|
|turn|22
|
|move|p1a: Volcarona|Quiver Dance|p1a: Volcarona
|-boost|p1a: Volcarona|spa|1
|-boost|p1a: Volcarona|spd|1
|-boost|p1a: Volcarona|spe|1
|cant|p2a: t('.'t)|slp
|move|p2a: t('.'t)|Sleep Talk|p2a: t('.'t)
|move|p2a: t('.'t)|Rest|p2a: t('.'t)|[from]Sleep Talk
|-fail|p2a: t('.'t)
|
|turn|23
|
|move|p1a: Volcarona|Quiver Dance|p1a: Volcarona
|-boost|p1a: Volcarona|spa|1
|-boost|p1a: Volcarona|spd|1
|-boost|p1a: Volcarona|spe|1
|cant|p2a: t('.'t)|slp
|move|p2a: t('.'t)|Sleep Talk|p2a: t('.'t)
|move|p2a: t('.'t)|Rest|p2a: t('.'t)|[from]Sleep Talk
|-fail|p2a: t('.'t)
|
|turn|24
|
|move|p1a: Volcarona|Quiver Dance|p1a: Volcarona
|-boost|p1a: Volcarona|spa|1
|-boost|p1a: Volcarona|spd|1
|-boost|p1a: Volcarona|spe|1
|-curestatus|p2a: t('.'t)|slp
|move|p2a: t('.'t)|Scald|p1a: Volcarona
|-supereffective|p1a: Volcarona
|-damage|p1a: Volcarona|84\/312
|
|-heal|p1a: Volcarona|103\/312|[from] item: Leftovers
|turn|25
|
|move|p1a: Volcarona|Giga Drain|p2a: t('.'t)
|-supereffective|p2a: t('.'t)
|-damage|p2a: t('.'t)|292\/404
|-heal|p1a: Volcarona|159\/312|[from] drain|[of] p2a: t('.'t)
|move|p2a: t('.'t)|Scald|p1a: Volcarona
|-supereffective|p1a: Volcarona
|-damage|p1a: Volcarona|0 fnt
|faint|p1a: Volcarona
|
|-heal|p2a: t('.'t)|317\/404|[from] item: Leftovers
|
|switch|p1a: Jirachi|Jirachi|342\/342
|turn|26
|
|move|p1a: Jirachi|Thunder Wave|p2a: t('.'t)
|-status|p2a: t('.'t)|par
|move|p2a: t('.'t)|Calm Mind|p2a: t('.'t)
|-boost|p2a: t('.'t)|spa|1
|-boost|p2a: t('.'t)|spd|1
|
|-heal|p2a: t('.'t)|342\/404 par|[from] item: Leftovers
|turn|27
|
|move|p1a: Jirachi|Zen Headbutt|p2a: t('.'t)
|-damage|p2a: t('.'t)|257\/404 par
|cant|p2a: t('.'t)|flinch
|
|-heal|p2a: t('.'t)|282\/404 par|[from] item: Leftovers
|turn|28
|
|move|p1a: Jirachi|Zen Headbutt|p2a: t('.'t)
|-crit|p2a: t('.'t)
|-damage|p2a: t('.'t)|147\/404 par
|move|p2a: t('.'t)|Scald|p1a: Jirachi
|-damage|p1a: Jirachi|0 fnt
|faint|p1a: Jirachi
|
|-heal|p2a: t('.'t)|172\/404 par|[from] item: Leftovers
|
|switch|p1a: Scrafty|Scrafty, F|13\/271
|turn|29
|
|move|p1a: Scrafty|Drain Punch|p2a: t('.'t)
|-damage|p2a: t('.'t)|100\/404 par
|-heal|p1a: Scrafty|49\/271|[from] drain|[of] p2a: t('.'t)
|cant|p2a: t('.'t)|par
|
|-heal|p2a: t('.'t)|125\/404 par|[from] item: Leftovers
|turn|30
|
|move|p1a: Scrafty|Drain Punch|p2a: t('.'t)
|-damage|p2a: t('.'t)|47\/404 par
|-heal|p1a: Scrafty|88\/271|[from] drain|[of] p2a: t('.'t)
|move|p2a: t('.'t)|Rest|p2a: t('.'t)
|-status|p2a: t('.'t)|slp
|-heal|p2a: t('.'t)|404\/404 slp|[silent]
|-status|p2a: t('.'t)|slp|[from] move: Rest
|
|turn|31
|
|move|p1a: Scrafty|Dragon Dance|p1a: Scrafty
|-boost|p1a: Scrafty|atk|1
|-boost|p1a: Scrafty|spe|1
|cant|p2a: t('.'t)|slp
|move|p2a: t('.'t)|Sleep Talk|p2a: t('.'t)
|move|p2a: t('.'t)|Rest|p2a: t('.'t)|[from]Sleep Talk
|-fail|p2a: t('.'t)
|
|turn|32
|
|move|p1a: Scrafty|Drain Punch|p2a: t('.'t)
|-damage|p2a: t('.'t)|284\/404 slp
|-heal|p1a: Scrafty|148\/271|[from] drain|[of] p2a: t('.'t)
|cant|p2a: t('.'t)|slp
|move|p2a: t('.'t)|Sleep Talk|p2a: t('.'t)
|move|p2a: t('.'t)|Calm Mind|p2a: t('.'t)|[from]Sleep Talk
|-fail|p2a: t('.'t)
|
|-heal|p2a: t('.'t)|309\/404 slp|[from] item: Leftovers
|turn|33
|
|move|p1a: Scrafty|Drain Punch|p2a: t('.'t)
|-crit|p2a: t('.'t)
|-damage|p2a: t('.'t)|131\/404 slp
|-heal|p1a: Scrafty|237\/271|[from] drain|[of] p2a: t('.'t)
|-curestatus|p2a: t('.'t)|slp
|move|p2a: t('.'t)|Scald|p1a: Scrafty
|-damage|p1a: Scrafty|0 fnt
|faint|p1a: Scrafty
|
|-heal|p2a: t('.'t)|156\/404|[from] item: Leftovers
|
|switch|p1a: Starmie|Starmie|261\/261
|turn|34
|
|move|p1a: Starmie|Thunderbolt|p2a: t('.'t)
|-supereffective|p2a: t('.'t)
|-damage|p2a: t('.'t)|106\/404
|move|p2a: t('.'t)|Rest|p2a: t('.'t)
|-status|p2a: t('.'t)|slp
|-heal|p2a: t('.'t)|404\/404 slp|[silent]
|-status|p2a: t('.'t)|slp|[from] move: Rest
|
|turn|35
|-message|Nicolasito forfeited.
|
|win|FlederMau5
|raw|Ladder updating...
|leave|Nicolasito
|player|p1
|raw|Nicolasito's rating: 1371 &rarr; <strong>1356<\/strong><br \/>(-15 for losing)
|raw|FlederMau5's rating: 1466 &rarr; <strong>1481<\/strong><br \/>(+15 for winning)