|join|hilarious
|join|FlederMau5
|player|p1|hilarious|184
|player|p2|FlederMau5|169
|gametype|singles
|gen|6
|tier|UU
|rated
|rule|Sleep Clause Mod: Limit one foe put to sleep
|rule|Species Clause: Limit one of each PokÃ©mon
|rule|OHKO Clause: OHKO moves are banned
|rule|Moody Clause: Moody is banned
|rule|Evasion Moves Clause: Evasion moves are banned
|rule|Endless Battle Clause: Forcing endless battles is banned
|rule|HP Percentage Mod: HP is reported as percentages
|clearpoke
|poke|p1|Haxorus, F
|poke|p1|Absol, M
|poke|p1|Lucario, M
|poke|p1|Infernape, F
|poke|p1|Azelf
|poke|p1|Suicune
|poke|p2|Haxorus, M, shiny
|poke|p2|Hydreigon, F
|poke|p2|Florges, F
|poke|p2|Blastoise, F
|poke|p2|Swampert, M
|poke|p2|Victini, shiny
|rule|Swagger Clause: Swagger is banned
|rule|Baton Pass Clause: Limit one PokÃ©mon knowing Baton Pass
|teampreview
|
|start
|switch|p1a: Azelf|Azelf|291\/291
|switch|p2a: Alla dat|Victini, shiny|341\/341
|turn|1
|
|move|p1a: Azelf|Stealth Rock|p2a: Alla dat
|-sidestart|p2: FlederMau5|move: Stealth Rock
|move|p2a: Alla dat|U-turn|p1a: Azelf
|-supereffective|p1a: Azelf
|-damage|p1a: Azelf|9\/291
|
|switch|p2a: DeadMau5|Hydreigon, F|325\/325
|-damage|p2a: DeadMau5|285\/325|[from] Stealth Rock
|
|turn|2
|
|switch|p1a: Infernape|Infernape, F|293\/293
|move|p2a: DeadMau5|U-turn|p1a: Infernape
|-resisted|p1a: Infernape
|-damage|p1a: Infernape|275\/293
|
|switch|p2a: Broadsides|Blastoise, F|362\/362
|-damage|p2a: Broadsides|317\/362|[from] Stealth Rock
|
|turn|3
|
|detailschange|p2a: Broadsides|Blastoise-Mega, F
|message|Blastoise has Mega Evolved into Mega Blastoise!
|move|p1a: Infernape|Close Combat|p2a: Broadsides
|-damage|p2a: Broadsides|160\/362
|-unboost|p1a: Infernape|def|1
|-unboost|p1a: Infernape|spd|1
|move|p2a: Broadsides|Scald|p1a: Infernape
|-supereffective|p1a: Infernape
|-damage|p1a: Infernape|0 fnt
|faint|p1a: Infernape
|
|
|switch|p1a: Lucario|Lucario, M|281\/281
|turn|4
|
|move|p1a: Lucario|Close Combat|p2a: Broadsides
|-damage|p2a: Broadsides|0 fnt
|-unboost|p1a: Lucario|def|1
|-unboost|p1a: Lucario|spd|1
|-damage|p1a: Lucario|253\/281|[from] item: Life Orb
|faint|p2a: Broadsides
|
|
|switch|p2a: Roserade?|Florges, F|360\/360
|-damage|p2a: Roserade?|315\/360|[from] Stealth Rock
|turn|5
|
|switch|p1a: Suicune|Suicune|402\/402
|-ability|p1a: Suicune|Pressure
|move|p2a: Roserade?|Moonblast|p1a: Suicune
|-damage|p1a: Suicune|288\/402
|
|-heal|p1a: Suicune|313\/402|[from] item: Leftovers
|-heal|p2a: Roserade?|337\/360|[from] item: Leftovers
|turn|6
|
|switch|p2a: Alla dat|Victini, shiny|341\/341
|-damage|p2a: Alla dat|256\/341|[from] Stealth Rock
|move|p1a: Suicune|Calm Mind|p1a: Suicune
|-boost|p1a: Suicune|spa|1
|-boost|p1a: Suicune|spd|1
|
|-heal|p1a: Suicune|338\/402|[from] item: Leftovers
|turn|7
|join|KillerdoesRU
|
|move|p2a: Alla dat|Bolt Strike|p1a: Suicune
|-supereffective|p1a: Suicune
|-damage|p1a: Suicune|104\/402
|move|p1a: Suicune|Scald|p2a: Alla dat
|-supereffective|p2a: Alla dat
|-damage|p2a: Alla dat|0 fnt
|faint|p2a: Alla dat
|
|-heal|p1a: Suicune|129\/402|[from] item: Leftovers
|
|switch|p2a: DeadMau5|Hydreigon, F|285\/325
|-damage|p2a: DeadMau5|245\/325|[from] Stealth Rock
|turn|8
|
|switch|p1a: Azelf|Azelf|9\/291
|move|p2a: DeadMau5|Draco Meteor|p1a: Azelf
|-damage|p1a: Azelf|0 fnt
|-unboost|p2a: DeadMau5|spa|2
|faint|p1a: Azelf
|
|
|switch|p1a: Lucario|Lucario, M|253\/281
|turn|9
|
|switch|p2a: Roserade?|Florges, F|337\/360
|-damage|p2a: Roserade?|292\/360|[from] Stealth Rock
|move|p1a: Lucario|Swords Dance|p1a: Lucario
|-boost|p1a: Lucario|atk|2
|
|-heal|p2a: Roserade?|314\/360|[from] item: Leftovers
|turn|10
|
|move|p1a: Lucario|Swords Dance|p1a: Lucario
|-boost|p1a: Lucario|atk|2
|move|p2a: Roserade?|Moonblast|p1a: Lucario
|-damage|p1a: Lucario|91\/281
|
|-heal|p2a: Roserade?|336\/360|[from] item: Leftovers
|turn|11
|
|move|p1a: Lucario|Close Combat|p2a: Roserade?
|-crit|p2a: Roserade?
|-resisted|p2a: Roserade?
|-damage|p2a: Roserade?|0 fnt
|-unboost|p1a: Lucario|def|1
|-unboost|p1a: Lucario|spd|1
|-damage|p1a: Lucario|63\/281|[from] item: Life Orb
|faint|p2a: Roserade?
|
|
|switch|p2a: The Kipper|Swampert, M|404\/404
|-damage|p2a: The Kipper|379\/404|[from] Stealth Rock
|turn|12
|
|move|p1a: Lucario|Close Combat|p2a: The Kipper
|-damage|p2a: The Kipper|0 fnt
|-unboost|p1a: Lucario|def|1
|-unboost|p1a: Lucario|spd|1
|-damage|p1a: Lucario|35\/281|[from] item: Life Orb
|faint|p2a: The Kipper
|
|
|switch|p2a: DeadMau5|Hydreigon, F|245\/325
|-damage|p2a: DeadMau5|205\/325|[from] Stealth Rock
|turn|13
|
|move|p1a: Lucario|Extreme Speed|p2a: DeadMau5
|-damage|p2a: DeadMau5|0 fnt
|-damage|p1a: Lucario|7\/281|[from] item: Life Orb
|faint|p2a: DeadMau5
|
|-message|FlederMau5 forfeited.
|
|win|hilarious
|raw|Ladder updating...
|leave|FlederMau5
|player|p2
|raw|hilarious's rating: 1708 &rarr; <strong>1724<\/strong><br \/>(+16 for winning)
|raw|FlederMau5's rating: 1638 &rarr; <strong>1622<\/strong><br \/>(-16 for losing)