|join|eZGG
|join|FlederMau5
|player|p1|eZGG|61
|player|p2|FlederMau5|169
|gametype|singles
|gen|6
|tier|UU
|rated
|rule|Sleep Clause Mod: Limit one foe put to sleep
|rule|Species Clause: Limit one of each Pokemon
|rule|OHKO Clause: OHKO moves are banned
|rule|Moody Clause: Moody is banned
|rule|Evasion Moves Clause: Evasion moves are banned
|rule|Endless Battle Clause: Forcing endless battles is banned.
|rule|HP Percentage Mod: HP is reported as percentages
|clearpoke
|poke|p1|Azelf, shiny
|poke|p1|Noivern, M
|poke|p1|Arcanine, F
|poke|p1|Manectric, F, shiny
|poke|p1|Starmie, shiny
|poke|p1|Mienshao, M
|poke|p2|Raikou, shiny
|poke|p2|Suicune, shiny
|poke|p2|Entei, shiny
|poke|p2|Chesnaught, M
|poke|p2|Umbreon, M, shiny
|poke|p2|Donphan, F, shiny
|teampreview
|chat|eZGG|Are u srs?
|chat|FlederMau5|You know, so e how I never was asked this question when I used this team in ou
|
|start
|switch|p1a: Azelf|Azelf, shiny|291\/291
|switch|p2a: TM87|Raikou, shiny|321\/321
|-ability|p2a: TM87|Pressure
|turn|1
|chat|eZGG|THIS IS UU
|chat|eZGG|NOT OU
|
|move|p2a: TM87|Volt Switch|p1a: Azelf
|-damage|p1a: Azelf|44\/291
|
|switch|p2a: Turn Up|Entei, shiny|371\/371
|-ability|p2a: Turn Up|Pressure
|move|p1a: Azelf|Stealth Rock|p2a: Turn Up
|-sidestart|p2: FlederMau5|move: Stealth Rock
|
|-heal|p1a: Azelf|62\/291|[from] item: Leftovers
|turn|2
|chat|FlederMau5|I know, that's why it's funny, this team is even less legit in ou
|
|move|p2a: Turn Up|Extreme Speed|p1a: Azelf
|-damage|p1a: Azelf|0 fnt
|faint|p1a: Azelf
|
|
|switch|p1a: Noivern|Noivern, M|311\/311
|turn|3
|
|move|p2a: Turn Up|Extreme Speed|p1a: Noivern
|-damage|p1a: Noivern|116\/311
|move|p1a: Noivern|Boomburst|p2a: Turn Up
|-damage|p2a: Turn Up|198\/371
|
|turn|4
|
|move|p2a: Turn Up|Extreme Speed|p1a: Noivern
|-damage|p1a: Noivern|0 fnt
|faint|p1a: Noivern
|
|
|switch|p1a: Mienshao|Mienshao, M|271\/271
|turn|5
|
|move|p1a: Mienshao|Fake Out|p2a: Turn Up
|-damage|p2a: Turn Up|130\/371
|-damage|p1a: Mienshao|244\/271|[from] item: Life Orb
|cant|p2a: Turn Up|flinch
|
|turn|6
|
|move|p2a: Turn Up|Extreme Speed|p1a: Mienshao
|-damage|p1a: Mienshao|12\/271
|move|p1a: Mienshao|U-turn|p2a: Turn Up
|-resisted|p2a: Turn Up
|-damage|p2a: Turn Up|66\/371
|-damage|p1a: Mienshao|0 fnt|[from] item: Life Orb
|faint|p1a: Mienshao
|
|
|switch|p1a: Arcanine|Arcanine, F|353\/353
|-ability|p1a: Arcanine|Intimidate|[of] p2a: Turn Up
|-unboost|p2a: Turn Up|atk|1
|turn|7
|chat|eZGG|choice banded entei in UU?
|
|move|p2a: Turn Up|Extreme Speed|p1a: Arcanine
|-damage|p1a: Arcanine|240\/353
|move|p1a: Arcanine|Extreme Speed|p2a: Turn Up
|-damage|p2a: Turn Up|0 fnt
|-damage|p1a: Arcanine|205\/353|[from] item: Life Orb
|faint|p2a: Turn Up
|
|chat|eZGG|WHAT WAS SHOWDOWN THINKING
|
|switch|p2a: YOLO|Donphan, F, shiny|384\/384
|-damage|p2a: YOLO|360\/384|[from] Stealth Rock
|turn|8
|
|move|p1a: Arcanine|Close Combat|p2a: YOLO
|-damage|p2a: YOLO|237\/384
|-unboost|p1a: Arcanine|def|1
|-unboost|p1a: Arcanine|spd|1
|-damage|p1a: Arcanine|170\/353|[from] item: Life Orb
|move|p2a: YOLO|Earthquake|p1a: Arcanine
|-crit|p1a: Arcanine
|-supereffective|p1a: Arcanine
|-damage|p1a: Arcanine|0 fnt
|faint|p1a: Arcanine
|
|-heal|p2a: YOLO|261\/384|[from] item: Leftovers
|-message|eZGG forfeited.
|
|win|FlederMau5
|raw|Ladder updating...
|leave|eZGG
|raw|eZGG's rating: 1037 &rarr; <strong>1022<\/strong><br \/>(-15 for losing)
|raw|FlederMau5's rating: 1051 &rarr; <strong>1082<\/strong><br \/>(+31 for winning)
|player|p1