|join|FlederMau5
|join|nur test
|player|p1|FlederMau5|169
|player|p2|nur test|170
|gametype|singles
|gen|6
|tier|UU
|rule|Sleep Clause Mod: Limit one foe put to sleep
|rule|Species Clause: Limit one of each PokÃ©mon
|rule|OHKO Clause: OHKO moves are banned
|rule|Moody Clause: Moody is banned
|rule|Evasion Moves Clause: Evasion moves are banned
|rule|Endless Battle Clause: Forcing endless battles is banned
|rule|HP Percentage Mod: HP is reported as percentages
|clearpoke
|poke|p1|Blastoise, F
|poke|p1|Noivern, M
|poke|p1|Victini, shiny
|poke|p1|Haxorus, F, shiny
|poke|p1|Swampert, M
|poke|p1|Florges, F
|poke|p2|Infernape, M
|poke|p2|Raikou, shiny
|poke|p2|Shaymin
|poke|p2|Starmie
|poke|p2|Aggron, F
|poke|p2|Crobat, M
|rule|Swagger Clause: Swagger is banned
|rule|Baton Pass Clause: Limit one PokÃ©mon knowing Baton Pass
|teampreview
|join|anger management
|join|TheSaucyWench
|join|Etika Fan
|join|Tipsy Russian
|chat|nur test|hfgl
|chat|TheSaucyWench|good luck guys
|join|ThatGayGuyGeorge
|join|Duskt70
|chat|FlederMau5|I'll need the luck, nur rekt me twice today XD
|join|MistahPenguino
|join|TheSacredUtopian
|chat|FlederMau5|good luck
|chat|Etika Fan|Yeah good luck, but u have to skill to not need it
|join|DerSweeper
|chat|nur test|^^
|chat|nur test|different team
|join|Spook St.
|leave|TheSacredUtopian
|
|start
|switch|p1a: Alla Dat|Victini, shiny|341\/341
|switch|p2a: dissociated|Raikou, shiny|321\/321
|-ability|p2a: dissociated|Pressure
|turn|1
|chat|DerSweeper|nur too strong
|
|move|p2a: dissociated|Volt Switch|p1a: Alla Dat
|-damage|p1a: Alla Dat|217\/341
|
|switch|p2a: speed junkie|Infernape, M|293\/293
|move|p1a: Alla Dat|V-create|p2a: speed junkie
|-resisted|p2a: speed junkie
|-damage|p2a: speed junkie|33\/293
|-unboost|p1a: Alla Dat|def|1
|-unboost|p1a: Alla Dat|spd|1
|-unboost|p1a: Alla Dat|spe|1
|
|turn|2
|join|Thisbemyalt
|chat|FlederMau5|Eh, still got that damn shaymin
|
|switch|p1a: FlederMau5|Noivern, M|311\/311
|move|p2a: speed junkie|U-turn|p1a: FlederMau5
|-resisted|p1a: FlederMau5
|-damage|p1a: FlederMau5|252\/311
|chat|MistahPenguino|Scarfnape? :0
|join|Torm
|
|switch|p2a: dissociated|Raikou, shiny|321\/321
|-ability|p2a: dissociated|Pressure
|
|turn|3
|chat|MistahPenguino|Scarfnape :]
|
|switch|p1a: The Kipper|Swampert, M|404\/404
|move|p2a: dissociated|Volt Switch|p1a: The Kipper
|-immune|p1a: The Kipper|[msg]
|
|turn|4
|chat|Etika Fan|Bandtini i presume
|join|you want me
|chat|DerSweeper|obv
|
|switch|p2a: harden|Starmie|323\/323
|move|p1a: The Kipper|Stealth Rock|p2a: harden
|-sidestart|p2: nur test|move: Stealth Rock
|
|turn|5
|
|switch|p1a: Broadsides|Blastoise, F|362\/362
|move|p2a: harden|Rapid Spin|p1a: Broadsides
|-damage|p1a: Broadsides|352\/362
|-sideend|p2: nur test|Stealth Rock|[from] move: Rapid Spin|[of] p2a: harden
|
|turn|6
|
|switch|p2a: starfox|Shaymin|341\/341
|detailschange|p1a: Broadsides|Blastoise-Mega, F
|message|Blastoise has Mega Evolved into Mega Blastoise!
|move|p1a: Broadsides|Dark Pulse|p2a: starfox
|-damage|p2a: starfox|178\/341
|
|-heal|p2a: starfox|199\/341|[from] item: Leftovers
|turn|7
|leave|MistahPenguino
|leave|you want me
|join|dudeman130498
|join|Lovin' Spookful
|
|switch|p1a: FlederMau5|Noivern, M|252\/311
|move|p2a: starfox|Leech Seed|p1a: FlederMau5
|-start|p1a: FlederMau5|move: Leech Seed
|
|-heal|p2a: starfox|220\/341|[from] item: Leftovers
|-damage|p1a: FlederMau5|214\/311|[from] Leech Seed|[of] p2a: starfox
|-heal|p2a: starfox|258\/341|[silent]
|turn|8
|
|switch|p1a: Alla Dat|Victini, shiny|217\/341
|switch|p2a: dissociated|Raikou, shiny|321\/321
|-ability|p2a: dissociated|Pressure
|
|turn|9
|join|Volbeatdown
|
|move|p2a: dissociated|Volt Switch|p1a: Alla Dat
|-damage|p1a: Alla Dat|87\/341
|
|switch|p2a: harden|Starmie|323\/323
|move|p1a: Alla Dat|Bolt Strike|p2a: harden
|-supereffective|p2a: harden
|-damage|p2a: harden|0 fnt
|faint|p2a: harden
|
|
|switch|p2a: speed junkie|Infernape, M|33\/293
|turn|10
|
|switch|p1a: The Kipper|Swampert, M|404\/404
|move|p2a: speed junkie|U-turn|p1a: The Kipper
|-crit|p1a: The Kipper
|-damage|p1a: The Kipper|286\/404
|chat|Etika Fan|The predictions are real
|
|switch|p2a: starfox|Shaymin|258\/341
|
|-heal|p2a: starfox|279\/341|[from] item: Leftovers
|-heal|p1a: The Kipper|311\/404|[from] item: Leftovers
|turn|11
|
|move|p2a: starfox|Seed Flare|p1a: The Kipper
|-supereffective|p1a: The Kipper
|-damage|p1a: The Kipper|0 fnt
|faint|p1a: The Kipper
|
|-heal|p2a: starfox|300\/341|[from] item: Leftovers
|
|switch|p1a: Alla Dat|Victini, shiny|87\/341
|turn|12
|
|move|p2a: starfox|Protect|p2a: starfox
|-singleturn|p2a: starfox|Protect
|move|p1a: Alla Dat|U-turn|p2a: starfox
|-activate|p2a: starfox|Protect
|
|-heal|p2a: starfox|321\/341|[from] item: Leftovers
|turn|13
|
|move|p2a: starfox|Air Slash|p1a: Alla Dat
|-damage|p1a: Alla Dat|11\/341
|move|p1a: Alla Dat|U-turn|p2a: starfox
|-supereffective|p2a: starfox
|-damage|p2a: starfox|101\/341
|leave|Volbeatdown
|
|switch|p1a: FlederMau5|Noivern, M|214\/311
|
|-heal|p2a: starfox|122\/341|[from] item: Leftovers
|turn|14
|
|move|p2a: starfox|Protect|p2a: starfox
|-singleturn|p2a: starfox|Protect
|move|p1a: FlederMau5|Flamethrower|p2a: starfox
|-activate|p2a: starfox|Protect
|
|-heal|p2a: starfox|143\/341|[from] item: Leftovers
|turn|15
|
|switch|p2a: dissociated|Raikou, shiny|321\/321
|-ability|p2a: dissociated|Pressure
|move|p1a: FlederMau5|Flamethrower|p2a: dissociated
|-damage|p2a: dissociated|165\/321
|
|turn|16
|
|move|p2a: dissociated|Volt Switch|p1a: FlederMau5
|-damage|p1a: FlederMau5|57\/311
|
|switch|p2a: kingliness|Crobat, M|374\/374
|move|p1a: FlederMau5|Flamethrower|p2a: kingliness
|-damage|p2a: kingliness|209\/374
|
|-heal|p2a: kingliness|232\/374|[from] item: Leftovers
|turn|17
|leave|nur test
|player|p2
|chat|TheSaucyWench|panic?
|chat|anger management|hmm
|join|nur test
|player|p2|nur test|170
|join|aqbf
|leave|DerSweeper
|join|you want me
|leave|aqbf
|chat|Etika Fan|probobly just connection
|join|aqbf
|join|DerSweeper
|chat|you want me|slow battle...
|leave|you want me
|
|switch|p1a: Alla Dat|Victini, shiny|11\/341
|move|p2a: kingliness|Brave Bird|p1a: Alla Dat
|-damage|p1a: Alla Dat|0 fnt
|-damage|p2a: kingliness|228\/374|[from] recoil|[of] p1a: Alla Dat
|faint|p1a: Alla Dat
|
|-heal|p2a: kingliness|251\/374|[from] item: Leftovers
|chat|nur test|sorry it's laggy as fuck
|
|switch|p1a: Broadsides|Blastoise-Mega, F|352\/362
|turn|18
|join|Technosis
|
|move|p2a: kingliness|U-turn|p1a: Broadsides
|-damage|p1a: Broadsides|308\/362
|
|switch|p2a: speed junkie|Infernape, M|33\/293
|move|p1a: Broadsides|Dark Pulse|p2a: speed junkie
|-resisted|p2a: speed junkie
|-damage|p2a: speed junkie|0 fnt
|faint|p2a: speed junkie
|
|
|switch|p2a: starfox|Shaymin|143\/341
|turn|19
|leave|Lovin' Spookful
|
|move|p2a: starfox|Seed Flare|p1a: Broadsides
|-supereffective|p1a: Broadsides
|-damage|p1a: Broadsides|6\/362
|-unboost|p1a: Broadsides|spd|2
|move|p1a: Broadsides|Ice Beam|p2a: starfox
|-crit|p2a: starfox
|-supereffective|p2a: starfox
|-damage|p2a: starfox|0 fnt
|faint|p2a: starfox
|
|
|switch|p2a: dissociated|Raikou, shiny|165\/321
|-ability|p2a: dissociated|Pressure
|turn|20
|
|move|p2a: dissociated|Volt Switch|p1a: Broadsides
|-supereffective|p1a: Broadsides
|-damage|p1a: Broadsides|0 fnt
|faint|p1a: Broadsides
|
|switch|p2a: autonom|Aggron, F|343\/343
|
|
|switch|p1a: The Terror|Haxorus, F, shiny|294\/294
|-ability|p1a: The Terror|Mold Breaker
|turn|21
|
|detailschange|p2a: autonom|Aggron-Mega, F
|message|Aggron has Mega Evolved into Mega Aggron!
|move|p1a: The Terror|Earthquake|p2a: autonom
|-supereffective|p2a: autonom
|-damage|p2a: autonom|213\/343
|move|p2a: autonom|Heavy Slam|p1a: The Terror
|-damage|p1a: The Terror|102\/294
|
|turn|22
|
|switch|p2a: kingliness|Crobat, M|251\/374
|move|p1a: The Terror|Earthquake|p2a: kingliness
|-immune|p2a: kingliness|[msg]
|
|-heal|p2a: kingliness|274\/374|[from] item: Leftovers
|turn|23
|chat|Etika Fan|survival
|
|switch|p1a: Roserade?|Florges, F|360\/360
|move|p2a: kingliness|Brave Bird|p1a: Roserade?
|-damage|p1a: Roserade?|213\/360
|-damage|p2a: kingliness|225\/374|[from] recoil|[of] p1a: Roserade?
|
|-heal|p2a: kingliness|248\/374|[from] item: Leftovers
|-heal|p1a: Roserade?|235\/360|[from] item: Leftovers
|turn|24
|
|move|p2a: kingliness|U-turn|p1a: Roserade?
|-resisted|p1a: Roserade?
|-damage|p1a: Roserade?|209\/360
|
|switch|p2a: autonom|Aggron-Mega, F|213\/343
|move|p1a: Roserade?|Wish|p1a: Roserade?
|
|-heal|p1a: Roserade?|231\/360|[from] item: Leftovers
|turn|25
|
|move|p1a: Roserade?|Moonblast|p2a: autonom
|-resisted|p2a: autonom
|-damage|p2a: autonom|140\/343
|move|p2a: autonom|Heavy Slam|p1a: Roserade?
|-supereffective|p1a: Roserade?
|-damage|p1a: Roserade?|0 fnt
|faint|p1a: Roserade?
|
|
|switch|p1a: FlederMau5|Noivern, M|57\/311
|turn|26
|
|move|p1a: FlederMau5|Flamethrower|p2a: autonom
|-supereffective|p2a: autonom
|-damage|p2a: autonom|0 fnt
|faint|p2a: autonom
|
|
|switch|p2a: dissociated|Raikou, shiny|165\/321
|-ability|p2a: dissociated|Pressure
|turn|27
|
|move|p2a: dissociated|Hidden Power|p1a: FlederMau5
|-supereffective|p1a: FlederMau5
|-damage|p1a: FlederMau5|0 fnt
|faint|p1a: FlederMau5
|
|chat|nur test|gg
|chat|FlederMau5|gg
|
|switch|p1a: The Terror|Haxorus, F, shiny|102\/294
|-ability|p1a: The Terror|Mold Breaker
|turn|28
|
|move|p2a: dissociated|Hidden Power|p1a: The Terror
|-supereffective|p1a: The Terror
|-damage|p1a: The Terror|0 fnt
|faint|p1a: The Terror
|
|win|nur test
|leave|aqbf
|leave|Technosis
|leave|FlederMau5
|player|p1
|leave|nur test
|player|p2
|leave|Duskt70
|leave|TheSaucyWench
|leave|ThatGayGuyGeorge
|leave|DerSweeper
|leave|Tipsy Russian
|leave|dudeman130498
|leave|anger management
|leave|Thisbemyalt
|chat|Etika Fan|gg
|leave|Torm
|join|FlederMau5
|leave|Etika Fan