|join|Treekool
|join|ULT Bouff
|player|p1|Treekool|169
|player|p2|ULT Bouff|106
|gametype|singles
|gen|6
|tier|UU
|rated
|rule|Sleep Clause Mod: Limit one foe put to sleep
|rule|Species Clause: Limit one of each PokÃ©mon
|rule|OHKO Clause: OHKO moves are banned
|rule|Moody Clause: Moody is banned
|rule|Evasion Moves Clause: Evasion moves are banned
|rule|Endless Battle Clause: Forcing endless battles is banned
|rule|HP Percentage Mod: HP is shown in percentages
|clearpoke
|poke|p1|Cobalion
|poke|p1|Noivern, M
|poke|p1|Victini, shiny
|poke|p1|Swampert, M
|poke|p1|Umbreon, M, shiny
|poke|p1|Blastoise, F
|poke|p2|Empoleon, F
|poke|p2|Togekiss, M
|poke|p2|Absol, F
|poke|p2|Rotom-Heat
|poke|p2|Hydreigon, F
|poke|p2|Raikou
|rule|Swagger Clause: Swagger is banned
|rule|Baton Pass Clause: Limit one PokÃ©mon knowing Baton Pass
|teampreview
|
|start
|switch|p1a: Alla Dat|Victini, shiny|341\/341
|switch|p2a: Empoleon|Empoleon, F|372\/372
|turn|1
|
|switch|p2a: Rotom-Heat|Rotom-Heat|304\/304
|move|p1a: Alla Dat|U-turn|p2a: Rotom-Heat
|-resisted|p2a: Rotom-Heat
|-damage|p2a: Rotom-Heat|258\/304
|
|switch|p1a: FlederMau5|Noivern, M|311\/311
|
|-heal|p2a: Rotom-Heat|277\/304|[from] item: Leftovers
|turn|2
|
|move|p1a: FlederMau5|Hurricane|p2a: Rotom-Heat
|-resisted|p2a: Rotom-Heat
|-damage|p2a: Rotom-Heat|194\/304
|-start|p2a: Rotom-Heat|confusion
|-activate|p2a: Rotom-Heat|confusion
|-damage|p2a: Rotom-Heat|176\/304|[from] confusion
|
|-heal|p2a: Rotom-Heat|195\/304|[from] item: Leftovers
|turn|3
|
|switch|p1a: Alla Dat|Victini, shiny|341\/341
|-activate|p2a: Rotom-Heat|confusion
|move|p2a: Rotom-Heat|Volt Switch|p1a: Alla Dat
|-damage|p1a: Alla Dat|250\/341
|
|switch|p2a: Absol|Absol, F|271\/271
|-ability|p2a: Absol|Pressure
|
|turn|4
|
|switch|p1a: The Kipper|Swampert, M|404\/404
|detailschange|p2a: Absol|Absol-Mega, F
|message|Absol has Mega Evolved into Mega Absol!
|move|p2a: Absol|Sucker Punch|p1a: The Kipper
|-fail|p1a: The Kipper
|
|turn|5
|
|switch|p2a: Togekiss|Togekiss, M|311\/311
|move|p1a: The Kipper|Scald|p2a: Togekiss
|-damage|p2a: Togekiss|241\/311
|
|-heal|p2a: Togekiss|260\/311|[from] item: Leftovers
|turn|6
|
|move|p2a: Togekiss|Nasty Plot|p2a: Togekiss
|-boost|p2a: Togekiss|spa|2
|move|p1a: The Kipper|Stealth Rock|p2a: Togekiss
|-sidestart|p2: ULT Bouff|move: Stealth Rock
|
|-heal|p2a: Togekiss|279\/311|[from] item: Leftovers
|turn|7
|
|move|p2a: Togekiss|Air Slash|p1a: The Kipper
|-damage|p1a: The Kipper|97\/404
|cant|p1a: The Kipper|flinch
|
|-heal|p2a: Togekiss|298\/311|[from] item: Leftovers
|-heal|p1a: The Kipper|122\/404|[from] item: Leftovers
|turn|8
|
|move|p2a: Togekiss|Air Slash|p1a: The Kipper
|-damage|p1a: The Kipper|0 fnt
|faint|p1a: The Kipper
|
|-heal|p2a: Togekiss|311\/311|[from] item: Leftovers
|
|switch|p1a: New Meta!|Cobalion|324\/324
|turn|9
|join|ah yueah
|
|move|p1a: New Meta!|Substitute|p1a: New Meta!
|-start|p1a: New Meta!|Substitute
|-damage|p1a: New Meta!|243\/324
|move|p2a: Togekiss|Aura Sphere|p1a: New Meta!
|-supereffective|p1a: New Meta!
|-end|p1a: New Meta!|Substitute
|
|-heal|p1a: New Meta!|263\/324|[from] item: Leftovers
|turn|10
|
|move|p1a: New Meta!|Iron Head|p2a: Togekiss
|-supereffective|p2a: Togekiss
|-damage|p2a: Togekiss|87\/311
|move|p2a: Togekiss|Aura Sphere|p1a: New Meta!
|-supereffective|p1a: New Meta!
|-damage|p1a: New Meta!|0 fnt
|faint|p1a: New Meta!
|
|-heal|p2a: Togekiss|106\/311|[from] item: Leftovers
|
|switch|p1a: Alla Dat|Victini, shiny|250\/341
|turn|11
|
|switch|p2a: Rotom-Heat|Rotom-Heat|195\/304
|-damage|p2a: Rotom-Heat|119\/304|[from] Stealth Rock
|move|p1a: Alla Dat|V-create|p2a: Rotom-Heat
|-resisted|p2a: Rotom-Heat
|-damage|p2a: Rotom-Heat|0 fnt
|-unboost|p1a: Alla Dat|def|1
|-unboost|p1a: Alla Dat|spd|1
|-unboost|p1a: Alla Dat|spe|1
|faint|p2a: Rotom-Heat
|
|
|switch|p2a: Absol|Absol-Mega, F|271\/271
|-damage|p2a: Absol|238\/271|[from] Stealth Rock
|turn|12
|
|switch|p1a: Broadsides|Blastoise, F|362\/362
|move|p2a: Absol|Swords Dance|p2a: Absol
|-boost|p2a: Absol|atk|2
|
|turn|13
|join|Technosis
|
|detailschange|p1a: Broadsides|Blastoise-Mega, F
|message|Blastoise has Mega Evolved into Mega Blastoise!
|move|p2a: Absol|Sucker Punch|p1a: Broadsides
|-damage|p1a: Broadsides|77\/362
|move|p1a: Broadsides|Dragon Pulse|p2a: Absol
|-damage|p2a: Absol|0 fnt
|faint|p2a: Absol
|
|
|switch|p2a: Raikou|Raikou|322\/322
|-damage|p2a: Raikou|282\/322|[from] Stealth Rock
|-ability|p2a: Raikou|Pressure
|turn|14
|
|move|p2a: Raikou|Thunderbolt|p1a: Broadsides
|-supereffective|p1a: Broadsides
|-damage|p1a: Broadsides|0 fnt
|faint|p1a: Broadsides
|
|-heal|p2a: Raikou|302\/322|[from] item: Leftovers
|
|switch|p1a: Alla Dat|Victini, shiny|250\/341
|turn|15
|
|move|p2a: Raikou|Thunderbolt|p1a: Alla Dat
|-damage|p1a: Alla Dat|102\/341
|move|p1a: Alla Dat|V-create|p2a: Raikou
|-damage|p2a: Raikou|0 fnt
|-unboost|p1a: Alla Dat|def|1
|-unboost|p1a: Alla Dat|spd|1
|-unboost|p1a: Alla Dat|spe|1
|faint|p2a: Raikou
|
|
|switch|p2a: Hydreigon|Hydreigon, F|325\/325
|-damage|p2a: Hydreigon|285\/325|[from] Stealth Rock
|turn|16
|join|ULT Kitten
|join|zTerribadTastic
|join|PaulK618
|join|some weird shit
|
|switch|p1a: Cheshire|Umbreon, M, shiny|394\/394
|move|p2a: Hydreigon|Draco Meteor|p1a: Cheshire
|-damage|p1a: Cheshire|252\/394
|-unboost|p2a: Hydreigon|spa|2
|
|-heal|p1a: Cheshire|276\/394|[from] item: Leftovers
|turn|17
|c| ah yueah|bouff nice fans!
|
|switch|p2a: Empoleon|Empoleon, F|372\/372
|-damage|p2a: Empoleon|349\/372|[from] Stealth Rock
|move|p1a: Cheshire|Foul Play|p2a: Empoleon
|-damage|p2a: Empoleon|282\/372
|
|-heal|p1a: Cheshire|300\/394|[from] item: Leftovers
|-heal|p2a: Empoleon|305\/372|[from] item: Leftovers
|turn|18
|
|switch|p1a: FlederMau5|Noivern, M|311\/311
|move|p2a: Empoleon|Defog|p1a: FlederMau5
|-unboost|p1a: FlederMau5|evasion|1
|-sideend|p2: ULT Bouff|Stealth Rock|[from] move: Defog|[of] p2a: Empoleon
|
|-heal|p2a: Empoleon|328\/372|[from] item: Leftovers
|turn|19
|leave|zTerribadTastic
|
|move|p1a: FlederMau5|Flamethrower|p2a: Empoleon
|-damage|p2a: Empoleon|199\/372
|move|p2a: Empoleon|Stealth Rock|p1a: FlederMau5
|-sidestart|p1: Treekool|move: Stealth Rock
|
|-heal|p2a: Empoleon|222\/372|[from] item: Leftovers
|turn|20
|
|switch|p1a: Cheshire|Umbreon, M, shiny|300\/394
|-damage|p1a: Cheshire|251\/394|[from] Stealth Rock
|switch|p2a: Hydreigon|Hydreigon, F|285\/325
|
|-heal|p1a: Cheshire|275\/394|[from] item: Leftovers
|turn|21
|
|move|p2a: Hydreigon|U-turn|p1a: Cheshire
|-supereffective|p1a: Cheshire
|-damage|p1a: Cheshire|187\/394
|
|switch|p2a: Togekiss|Togekiss, M|106\/311
|move|p1a: Cheshire|Wish|p1a: Cheshire
|
|-heal|p2a: Togekiss|125\/311|[from] item: Leftovers
|-heal|p1a: Cheshire|211\/394|[from] item: Leftovers
|turn|22
|
|switch|p1a: FlederMau5|Noivern, M|311\/311
|-damage|p1a: FlederMau5|234\/311|[from] Stealth Rock
|move|p2a: Togekiss|Air Slash|p1a: FlederMau5
|-damage|p1a: FlederMau5|69\/311
|
|-heal|p1a: FlederMau5|266\/311|[from] move: Wish|[wisher] Cheshire
|-heal|p2a: Togekiss|144\/311|[from] item: Leftovers
|turn|23
|join|GeathDrips
|
|switch|p2a: Empoleon|Empoleon, F|222\/372
|move|p1a: FlederMau5|Flamethrower|p2a: Empoleon
|-damage|p2a: Empoleon|102\/372
|-status|p2a: Empoleon|brn
|
|-heal|p2a: Empoleon|125\/372 brn|[from] item: Leftovers
|-damage|p2a: Empoleon|79\/372 brn|[from] brn
|turn|24
|c|âULT Bouff|skill
|
|switch|p1a: Cheshire|Umbreon, M, shiny|211\/394
|-damage|p1a: Cheshire|162\/394|[from] Stealth Rock
|move|p2a: Empoleon|Roar|p1a: Cheshire
|drag|p1a: FlederMau5|Noivern, M|266\/311
|-damage|p1a: FlederMau5|189\/311|[from] Stealth Rock
|
|-heal|p2a: Empoleon|102\/372 brn|[from] item: Leftovers
|-damage|p2a: Empoleon|56\/372 brn|[from] brn
|turn|25
|
|move|p1a: FlederMau5|Hurricane|p2a: Empoleon
|-crit|p2a: Empoleon
|-resisted|p2a: Empoleon
|-damage|p2a: Empoleon|0 fnt
|faint|p2a: Empoleon
|
|
|switch|p2a: Hydreigon|Hydreigon, F|285\/325
|turn|26
|join|FIRE MANAGEMENT
|
|switch|p1a: Alla Dat|Victini, shiny|102\/341
|-damage|p1a: Alla Dat|17\/341|[from] Stealth Rock
|move|p2a: Hydreigon|Draco Meteor|p1a: Alla Dat
|-damage|p1a: Alla Dat|0 fnt
|-unboost|p2a: Hydreigon|spa|2
|faint|p1a: Alla Dat
|
|
|switch|p1a: Cheshire|Umbreon, M, shiny|162\/394
|-damage|p1a: Cheshire|113\/394|[from] Stealth Rock
|turn|27
|
|switch|p2a: Togekiss|Togekiss, M|144\/311
|switch|p1a: FlederMau5|Noivern, M|189\/311
|-damage|p1a: FlederMau5|112\/311|[from] Stealth Rock
|
|-heal|p2a: Togekiss|163\/311|[from] item: Leftovers
|turn|28
|
|move|p1a: FlederMau5|Hurricane|p2a: Togekiss
|-damage|p2a: Togekiss|0 fnt
|faint|p2a: Togekiss
|
|
|switch|p2a: Hydreigon|Hydreigon, F|285\/325
|turn|29
|
|move|p2a: Hydreigon|Draco Meteor|p1a: FlederMau5
|-supereffective|p1a: FlederMau5
|-damage|p1a: FlederMau5|0 fnt
|-unboost|p2a: Hydreigon|spa|2
|faint|p1a: FlederMau5
|
|
|switch|p1a: Cheshire|Umbreon, M, shiny|113\/394
|-damage|p1a: Cheshire|64\/394|[from] Stealth Rock
|turn|30
|
|move|p1a: Cheshire|Protect|p1a: Cheshire
|-singleturn|p1a: Cheshire|Protect
|move|p2a: Hydreigon|Draco Meteor|p1a: Cheshire
|-activate|p1a: Cheshire|Protect
|
|-heal|p1a: Cheshire|88\/394|[from] item: Leftovers
|turn|31
|join|lucky & bad
|leave|lucky & bad
|join|lucky & bad
|
|move|p2a: Hydreigon|Draco Meteor|p1a: Cheshire
|-damage|p1a: Cheshire|18\/394
|-unboost|p2a: Hydreigon|spa|2
|move|p1a: Cheshire|Wish|p1a: Cheshire
|
|-heal|p1a: Cheshire|42\/394|[from] item: Leftovers
|turn|32
|join|zTerribadTastic
|c|âULT Bouff|welp
|-message|ULT Bouff forfeited.
|
|win|Treekool
|raw|Ladder updating...
|leave|ULT Bouff
|player|p2
|raw|Treekool's rating: 1473 &rarr; <strong>1491<\/strong><br \/>(+18 for winning)
|raw|ULT Bouff's rating: 1431 &rarr; <strong>1413<\/strong><br \/>(-18 for losing)
|c|âTreekool|gg
|leave|some weird shit
|leave|ah yueah
|leave|zTerribadTastic
|leave|Treekool
|player|p1
|leave|lucky & bad
|leave|Technosis
|leave|GeathDrips
|leave|FIRE MANAGEMENT
|join|lucky & bad
|leave|lucky & bad
|join|zTerribadTastic
|leave|zTerribadTastic
|leave|PaulK618
|join|le sekret kekker
|leave|le sekret kekker
|join|big sweaty balls
|leave|big sweaty balls
|join|big sweaty balls
|leave|big sweaty balls
|join|EyanZ
|join|BenzMafia
|leave|BenzMafia
|join|zTerribadTastic
|leave|zTerribadTastic
|join|Dudeman130498