|join|Pleasure Kitten
|join|FlederMau5
|player|p1|Pleasure Kitten|269
|player|p2|FlederMau5|169
|gametype|singles
|gen|6
|tier|UU
|rated
|rule|Sleep Clause Mod: Limit one foe put to sleep
|rule|Species Clause: Limit one of each Pokemon
|rule|OHKO Clause: OHKO moves are banned
|rule|Moody Clause: Moody is banned
|rule|Evasion Moves Clause: Evasion moves are banned
|rule|Endless Battle Clause: Forcing endless battles is banned
|rule|HP Percentage Mod: HP is reported as percentages
|clearpoke
|poke|p1|Gothorita, F
|poke|p1|Hydreigon, F
|poke|p1|Victini
|poke|p1|Rhyperior, M
|poke|p1|Rotom-Mow
|poke|p1|Empoleon, F
|poke|p2|Suicune, shiny
|poke|p2|Raikou, shiny
|poke|p2|Entei, shiny
|poke|p2|Florges, F
|poke|p2|Aerodactyl, M
|poke|p2|Nidoqueen, F
|rule|Swagger Clause: Swagger is banned
|rule|Baton Pass Clause: Limit 3 pokemon knowing Baton Pass
|teampreview
|join|gay homo fgt nerd
|
|start
|switch|p1a: Rotom-Mow|Rotom-Mow|304\/304
|switch|p2a: Nidoqueen|Nidoqueen, F|353\/353
|turn|1
|chat|gay homo fgt nerd|how good is rotor-c in uu?
|chat|gay homo fgt nerd|rotom*
|
|move|p2a: Nidoqueen|Stealth Rock|p1a: Rotom-Mow
|-sidestart|p1: Pleasure Kitten|move: Stealth Rock
|move|p1a: Rotom-Mow|Leaf Storm|p2a: Nidoqueen
|-damage|p2a: Nidoqueen|0 fnt
|-unboost|p1a: Rotom-Mow|spa|2
|faint|p2a: Nidoqueen
|
|chat|Pleasure Kitten|good
|join|SuperSawgy
|
|switch|p2a: Turn Up|Entei, shiny|372\/372
|-ability|p2a: Turn Up|Pressure
|turn|2
|
|switch|p1a: Rhyperior|Rhyperior, M|434\/434
|-damage|p1a: Rhyperior|407\/434|[from] Stealth Rock
|move|p2a: Turn Up|Sacred Fire|p1a: Rhyperior
|-resisted|p1a: Rhyperior
|-damage|p1a: Rhyperior|303\/434
|
|turn|3
|chat|gay homo fgt nerd|i mean in comparison to the other grass types
|chat|gay homo fgt nerd|like min and rose
|chat|Pleasure Kitten|it's not comparable to the other grass types
|chat|Pleasure Kitten|because it doesn't fit the same role
|
|switch|p2a: t('.'t)|Suicune, shiny|404\/404
|-ability|p2a: t('.'t)|Pressure
|move|p1a: Rhyperior|Earthquake|p2a: t('.'t)
|-damage|p2a: t('.'t)|196\/404
|
|-heal|p2a: t('.'t)|221\/404|[from] item: Leftovers
|turn|4
|chat|Pleasure Kitten|it's a pivot
|
|switch|p2a: Turn Up|Entei, shiny|372\/372
|-ability|p2a: Turn Up|Pressure
|switch|p1a: Rotom-Mow|Rotom-Mow|304\/304
|-damage|p1a: Rotom-Mow|266\/304|[from] Stealth Rock
|
|turn|5
|
|switch|p1a: Rhyperior|Rhyperior, M|303\/434
|-damage|p1a: Rhyperior|276\/434|[from] Stealth Rock
|move|p2a: Turn Up|Sacred Fire|p1a: Rhyperior
|-crit|p1a: Rhyperior
|-resisted|p1a: Rhyperior
|-damage|p1a: Rhyperior|105\/434
|-status|p1a: Rhyperior|brn
|
|-damage|p1a: Rhyperior|51\/434 brn|[from] brn
|turn|6
|chat|Pleasure Kitten|o lovely
|
|move|p2a: Turn Up|Sacred Fire|p1a: Rhyperior
|-resisted|p1a: Rhyperior
|-damage|p1a: Rhyperior|0 fnt
|faint|p1a: Rhyperior
|
|
|switch|p1a: Hydreigon|Hydreigon, F|325\/325
|-damage|p1a: Hydreigon|285\/325|[from] Stealth Rock
|turn|7
|
|switch|p2a: Roserade?|Florges, F|360\/360
|move|p1a: Hydreigon|U-turn|p2a: Roserade?
|-resisted|p2a: Roserade?
|-damage|p2a: Roserade?|335\/360
|
|switch|p1a: Gothorita|Gothorita, F|324\/324
|-damage|p1a: Gothorita|284\/324|[from] Stealth Rock
|
|-heal|p2a: Roserade?|357\/360|[from] item: Leftovers
|turn|8
|
|move|p2a: Roserade?|Moonblast|p1a: Gothorita
|-damage|p1a: Gothorita|194\/324
|move|p1a: Gothorita|Calm Mind|p1a: Gothorita
|-boost|p1a: Gothorita|spa|1
|-boost|p1a: Gothorita|spd|1
|
|-heal|p2a: Roserade?|360\/360|[from] item: Leftovers
|turn|9
|
|move|p2a: Roserade?|Moonblast|p1a: Gothorita
|-damage|p1a: Gothorita|130\/324
|move|p1a: Gothorita|Calm Mind|p1a: Gothorita
|-boost|p1a: Gothorita|spa|1
|-boost|p1a: Gothorita|spd|1
|
|turn|10
|
|move|p2a: Roserade?|Moonblast|p1a: Gothorita
|-crit|p1a: Gothorita
|-damage|p1a: Gothorita|0 fnt
|faint|p1a: Gothorita
|
|chat|Pleasure Kitten|o
|chat|Pleasure Kitten|it's going to be one of those games
|chat|Pleasure Kitten|ic
|
|switch|p1a: Empoleon|Empoleon, F|372\/372
|-damage|p1a: Empoleon|349\/372|[from] Stealth Rock
|turn|11
|chat|gay homo fgt nerd|nice and skillful
|leave|SuperSawgy
|
|switch|p2a: TM87|Raikou, shiny|321\/321
|-ability|p2a: TM87|Pressure
|move|p1a: Empoleon|Defog|p2a: TM87
|-unboost|p2a: TM87|evasion|1
|-sideend|p1: Pleasure Kitten|Stealth Rock|[from] move: Defog|[of] p1a: Empoleon
|
|-heal|p1a: Empoleon|372\/372|[from] item: Leftovers
|turn|12
|
|switch|p1a: Hydreigon|Hydreigon, F|285\/325
|move|p2a: TM87|Volt Switch|p1a: Hydreigon
|-resisted|p1a: Hydreigon
|-damage|p1a: Hydreigon|184\/325
|
|switch|p2a: YOLO|Aerodactyl, M|331\/331
|
|turn|13
|
|switch|p1a: Empoleon|Empoleon, F|372\/372
|detailschange|p2a: YOLO|Aerodactyl-Mega, M
|message|Aerodactyl has Mega Evolved into Mega Aerodactyl!
|move|p2a: YOLO|Aerial Ace|p1a: Empoleon
|-resisted|p1a: Empoleon
|-damage|p1a: Empoleon|313\/372
|
|-heal|p1a: Empoleon|336\/372|[from] item: Leftovers
|turn|14
|
|switch|p2a: TM87|Raikou, shiny|321\/321
|-ability|p2a: TM87|Pressure
|move|p1a: Empoleon|Stealth Rock|p2a: TM87
|-sidestart|p2: FlederMau5|move: Stealth Rock
|
|-heal|p1a: Empoleon|359\/372|[from] item: Leftovers
|turn|15
|
|switch|p1a: Rotom-Mow|Rotom-Mow|266\/304
|move|p2a: TM87|Thunderbolt|p1a: Rotom-Mow
|-resisted|p1a: Rotom-Mow
|-damage|p1a: Rotom-Mow|210\/304
|
|turn|16
|
|switch|p2a: Roserade?|Florges, F|360\/360
|-damage|p2a: Roserade?|315\/360|[from] Stealth Rock
|move|p1a: Rotom-Mow|Trick|p2a: Roserade?
|-activate|p1a: Rotom-Mow|move: Trick|[of] p2a: Roserade?
|-item|p2a: Roserade?|Choice Specs|[from] move: Trick
|-item|p1a: Rotom-Mow|Leftovers|[from] move: Trick
|
|-heal|p1a: Rotom-Mow|229\/304|[from] item: Leftovers
|turn|17
|
|move|p1a: Rotom-Mow|Volt Switch|p2a: Roserade?
|-damage|p2a: Roserade?|234\/360
|
|switch|p1a: Empoleon|Empoleon, F|359\/372
|move|p2a: Roserade?|Moonblast|p1a: Empoleon
|-resisted|p1a: Empoleon
|-damage|p1a: Empoleon|275\/372
|-unboost|p1a: Empoleon|spa|1
|
|-heal|p1a: Empoleon|298\/372|[from] item: Leftovers
|turn|18
|
|move|p2a: Roserade?|Moonblast|p1a: Empoleon
|-resisted|p1a: Empoleon
|-damage|p1a: Empoleon|211\/372
|move|p1a: Empoleon|Scald|p2a: Roserade?
|-damage|p2a: Roserade?|185\/360
|-status|p2a: Roserade?|brn
|
|-heal|p1a: Empoleon|234\/372|[from] item: Leftovers
|-damage|p2a: Roserade?|140\/360 brn|[from] brn
|turn|19
|
|move|p2a: Roserade?|Moonblast|p1a: Empoleon
|-resisted|p1a: Empoleon
|-damage|p1a: Empoleon|147\/372
|-unboost|p1a: Empoleon|spa|1
|move|p1a: Empoleon|Scald|p2a: Roserade?
|-damage|p2a: Roserade?|106\/360 brn
|
|-heal|p1a: Empoleon|170\/372|[from] item: Leftovers
|-damage|p2a: Roserade?|61\/360 brn|[from] brn
|turn|20
|
|move|p2a: Roserade?|Moonblast|p1a: Empoleon
|-resisted|p1a: Empoleon
|-damage|p1a: Empoleon|71\/372
|-unboost|p1a: Empoleon|spa|1
|move|p1a: Empoleon|Scald|p2a: Roserade?
|-damage|p2a: Roserade?|22\/360 brn
|
|-heal|p1a: Empoleon|94\/372|[from] item: Leftovers
|-damage|p2a: Roserade?|0 fnt|[from] brn
|faint|p2a: Roserade?
|
|switch|p2a: TM87|Raikou, shiny|321\/321
|-damage|p2a: TM87|281\/321|[from] Stealth Rock
|-ability|p2a: TM87|Pressure
|turn|21
|
|switch|p1a: Rotom-Mow|Rotom-Mow|229\/304
|move|p2a: TM87|Volt Switch|p1a: Rotom-Mow
|-resisted|p1a: Rotom-Mow
|-damage|p1a: Rotom-Mow|187\/304
|
|switch|p2a: Turn Up|Entei, shiny|372\/372
|-damage|p2a: Turn Up|279\/372|[from] Stealth Rock
|-ability|p2a: Turn Up|Pressure
|
|-heal|p1a: Rotom-Mow|206\/304|[from] item: Leftovers
|turn|22
|
|switch|p1a: Empoleon|Empoleon, F|94\/372
|move|p2a: Turn Up|Extreme Speed|p1a: Empoleon
|-resisted|p1a: Empoleon
|-damage|p1a: Empoleon|40\/372
|
|-heal|p1a: Empoleon|63\/372|[from] item: Leftovers
|turn|23
|
|move|p2a: Turn Up|Extreme Speed|p1a: Empoleon
|-resisted|p1a: Empoleon
|-damage|p1a: Empoleon|4\/372
|move|p1a: Empoleon|Scald|p2a: Turn Up
|-supereffective|p2a: Turn Up
|-damage|p2a: Turn Up|0 fnt
|faint|p2a: Turn Up
|
|-heal|p1a: Empoleon|27\/372|[from] item: Leftovers
|
|switch|p2a: YOLO|Aerodactyl-Mega, M|331\/331
|-damage|p2a: YOLO|249\/331|[from] Stealth Rock
|turn|24
|
|move|p2a: YOLO|Aerial Ace|p1a: Empoleon
|-resisted|p1a: Empoleon
|-damage|p1a: Empoleon|0 fnt
|faint|p1a: Empoleon
|
|
|switch|p1a: Victini|Victini|404\/404
|turn|25
|
|move|p2a: YOLO|Stone Edge|p1a: Victini
|-supereffective|p1a: Victini
|-damage|p1a: Victini|6\/404
|-enditem|p1a: Victini|Weakness Policy
|-boost|p1a: Victini|atk|2|[from] item: Weakness Policy
|-boost|p1a: Victini|spa|2|[from] item: Weakness Policy
|move|p1a: Victini|Trick Room|p1a: Victini
|-fieldstart|move: Trick Room|[of] p1a: Victini
|
|turn|26
|chat|gay homo fgt nerd|nb
|
|move|p1a: Victini|V-create|p2a: YOLO
|-resisted|p2a: YOLO
|-damage|p2a: YOLO|0 fnt
|-unboost|p1a: Victini|def|1
|-unboost|p1a: Victini|spd|1
|-unboost|p1a: Victini|spe|1
|faint|p2a: YOLO
|
|chat|Pleasure Kitten|r u rdy 4 this
|
|switch|p2a: t('.'t)|Suicune, shiny|221\/404
|-damage|p2a: t('.'t)|171\/404|[from] Stealth Rock
|-ability|p2a: t('.'t)|Pressure
|turn|27
|chat|gay homo fgt nerd|ye
|
|move|p1a: Victini|Grass Knot|p2a: t('.'t)
|-supereffective|p2a: t('.'t)
|-damage|p2a: t('.'t)|0 fnt
|faint|p2a: t('.'t)
|
|chat|gay homo fgt nerd|were u the one who made this set?
|chat|Pleasure Kitten|yes
|chat|Pleasure Kitten|=D
|chat|Pleasure Kitten|well
|chat|Pleasure Kitten|actually
|chat|Pleasure Kitten|i think someone mentioned it offhand one time
|chat|gay homo fgt nerd|cause i remember a you tuber saying he faced an lit person using it
|chat|Pleasure Kitten|and I looked into it and abused the fk out of it
|-message|FlederMau5 forfeited.
|
|win|Pleasure Kitten
|raw|Ladder updating...
|chat|gay homo fgt nerd|lti*
|leave|FlederMau5
|player|p2
|raw|Pleasure Kitten's rating: 1503 &rarr; <strong>1522<\/strong><br \/>(+19 for winning)
|raw|FlederMau5's rating: 1481 &rarr; <strong>1463<\/strong><br \/>(-18 for losing)
|chat|Pleasure Kitten|but i was the lti person who used it
|chat|Pleasure Kitten|yeah