|join|BasedAaron
|join|FlederMau5
|player|p1|BasedAaron|66
|player|p2|FlederMau5|169
|gametype|singles
|gen|6
|tier|UU
|rated
|rule|Sleep Clause Mod: Limit one foe put to sleep
|rule|Species Clause: Limit one of each Pokemon
|rule|OHKO Clause: OHKO moves are banned
|rule|Moody Clause: Moody is banned
|rule|Evasion Moves Clause: Evasion moves are banned
|rule|Endless Battle Clause: Forcing endless battles is banned
|rule|HP Percentage Mod: HP is reported as percentages
|clearpoke
|poke|p1|Lucario, F
|poke|p1|Forretress, M, shiny
|poke|p1|Chandelure, M, shiny
|poke|p1|Swampert, F
|poke|p1|Tornadus, M
|poke|p1|Mew
|poke|p2|Lucario, M
|poke|p2|Noivern, M
|poke|p2|Blastoise, M
|poke|p2|Swampert, M
|poke|p2|Victini, shiny
|poke|p2|Florges, F
|rule|Swagger Clause: Swagger is banned
|rule|Baton Pass Clause: Limit 3 pokemon knowing Baton Pass
|teampreview
|
|start
|switch|p1a: Deep Blue Moon|Swampert, F|401\/401
|switch|p2a: FlederMau5|Noivern, M|311\/311
|turn|1
|
|move|p2a: FlederMau5|Draco Meteor|p1a: Deep Blue Moon
|-damage|p1a: Deep Blue Moon|71\/401
|-unboost|p2a: FlederMau5|spa|2
|move|p1a: Deep Blue Moon|Stealth Rock|p2a: FlederMau5
|-sidestart|p2: FlederMau5|move: Stealth Rock
|
|-heal|p1a: Deep Blue Moon|96\/401|[from] item: Leftovers
|turn|2
|
|switch|p1a: The World|Mew|404\/404
|move|p2a: FlederMau5|Draco Meteor|p1a: The World
|-damage|p1a: The World|305\/404
|-unboost|p2a: FlederMau5|spa|2
|
|-heal|p1a: The World|330\/404|[from] item: Leftovers
|turn|3
|
|switch|p2a: Broadside|Blastoise, M|362\/362
|-damage|p2a: Broadside|317\/362|[from] Stealth Rock
|move|p1a: The World|Thunder Wave|p2a: Broadside
|-status|p2a: Broadside|par
|
|-heal|p1a: The World|355\/404|[from] item: Leftovers
|turn|4
|
|detailschange|p2a: Broadside|Blastoise-Mega, M
|message|Blastoise has Mega Evolved into Mega Blastoise!
|move|p1a: The World|U-turn|p2a: Broadside
|-damage|p2a: Broadside|267\/362 par
|
|switch|p1a: Star Platinum|Lucario, F|281\/281
|move|p2a: Broadside|Dark Pulse|p1a: Star Platinum
|-resisted|p1a: Star Platinum
|-damage|p1a: Star Platinum|177\/281
|-boost|p1a: Star Platinum|atk|1|[from] ability: Justified
|
|turn|5
|
|move|p1a: Star Platinum|Close Combat|p2a: Broadside
|-damage|p2a: Broadside|0 fnt
|-unboost|p1a: Star Platinum|def|1
|-unboost|p1a: Star Platinum|spd|1
|-damage|p1a: Star Platinum|149\/281|[from] item: Life Orb
|faint|p2a: Broadside
|
|
|switch|p2a: Victini|Victini, shiny|341\/341
|-damage|p2a: Victini|256\/341|[from] Stealth Rock
|turn|6
|
|switch|p1a: Deep Blue Moon|Swampert, F|96\/401
|move|p2a: Victini|Bolt Strike|p1a: Deep Blue Moon
|-immune|p1a: Deep Blue Moon|[msg]
|
|-heal|p1a: Deep Blue Moon|121\/401|[from] item: Leftovers
|turn|7
|
|switch|p2a: Roserade?|Florges, F|360\/360
|-damage|p2a: Roserade?|315\/360|[from] Stealth Rock
|move|p1a: Deep Blue Moon|Waterfall|p2a: Roserade?
|-damage|p2a: Roserade?|176\/360
|
|-heal|p2a: Roserade?|198\/360|[from] item: Leftovers
|-heal|p1a: Deep Blue Moon|146\/401|[from] item: Leftovers
|turn|8
|
|move|p2a: Roserade?|Wish|p2a: Roserade?
|move|p1a: Deep Blue Moon|Earthquake|p2a: Roserade?
|-damage|p2a: Roserade?|86\/360
|
|-heal|p2a: Roserade?|108\/360|[from] item: Leftovers
|-heal|p1a: Deep Blue Moon|171\/401|[from] item: Leftovers
|turn|9
|
|move|p2a: Roserade?|Moonblast|p1a: Deep Blue Moon
|-damage|p1a: Deep Blue Moon|26\/401
|-unboost|p1a: Deep Blue Moon|spa|1
|move|p1a: Deep Blue Moon|Roar|p2a: Roserade?
|drag|p2a: FlederMau5|Noivern, M|311\/311
|-damage|p2a: FlederMau5|234\/311|[from] Stealth Rock
|
|-heal|p2a: FlederMau5|311\/311|[from] move: Wish|[wisher] Roserade?
|-heal|p1a: Deep Blue Moon|51\/401|[from] item: Leftovers
|turn|10
|
|move|p2a: FlederMau5|Air Slash|p1a: Deep Blue Moon
|-damage|p1a: Deep Blue Moon|0 fnt
|faint|p1a: Deep Blue Moon
|
|
|switch|p1a: The World|Mew|355\/404
|turn|11
|
|move|p2a: FlederMau5|Air Slash|p1a: The World
|-damage|p1a: The World|244\/404
|move|p1a: The World|Thunder Wave|p2a: FlederMau5
|-status|p2a: FlederMau5|par
|
|-heal|p1a: The World|269\/404|[from] item: Leftovers
|turn|12
|
|switch|p2a: The Kipper|Swampert, M|404\/404
|-damage|p2a: The Kipper|379\/404|[from] Stealth Rock
|move|p1a: The World|U-turn|p2a: The Kipper
|-damage|p2a: The Kipper|334\/404
|
|switch|p1a: Gold Experience|Forretress, M, shiny|354\/354
|
|-heal|p2a: The Kipper|359\/404|[from] item: Leftovers
|turn|13
|
|move|p2a: The Kipper|Scald|p1a: Gold Experience
|-crit|p1a: Gold Experience
|-damage|p1a: Gold Experience|152\/354
|move|p1a: Gold Experience|Spikes|p2a: The Kipper
|-sidestart|p2: FlederMau5|Spikes
|
|-heal|p2a: The Kipper|384\/404|[from] item: Leftovers
|-heal|p1a: Gold Experience|174\/354|[from] item: Leftovers
|turn|14
|
|move|p2a: The Kipper|Scald|p1a: Gold Experience
|-damage|p1a: Gold Experience|50\/354
|-status|p1a: Gold Experience|brn
|move|p1a: Gold Experience|Spikes|p2a: The Kipper
|-sidestart|p2: FlederMau5|Spikes
|
|-heal|p2a: The Kipper|404\/404|[from] item: Leftovers
|-heal|p1a: Gold Experience|72\/354 brn|[from] item: Leftovers
|-damage|p1a: Gold Experience|28\/354 brn|[from] brn
|turn|15
|
|move|p2a: The Kipper|Scald|p1a: Gold Experience
|-damage|p1a: Gold Experience|0 fnt
|faint|p1a: Gold Experience
|
|
|switch|p1a: Hierophant Green|Tornadus, M|300\/300
|turn|16
|
|move|p1a: Hierophant Green|Knock Off|p2a: The Kipper
|-damage|p2a: The Kipper|316\/404
|-enditem|p2a: The Kipper|Leftovers|[from] move: Knock Off|[of] p1a: Hierophant Green
|move|p2a: The Kipper|Stealth Rock|p1a: Hierophant Green
|-sidestart|p1: BasedAaron|move: Stealth Rock
|
|turn|17
|
|move|p1a: Hierophant Green|Acrobatics|p2a: The Kipper
|-damage|p2a: The Kipper|169\/404
|move|p2a: The Kipper|Scald|p1a: Hierophant Green
|-damage|p1a: Hierophant Green|195\/300
|
|turn|18
|
|move|p1a: Hierophant Green|U-turn|p2a: The Kipper
|-damage|p2a: The Kipper|103\/404
|
|switch|p1a: The World|Mew|269\/404
|-damage|p1a: The World|219\/404|[from] Stealth Rock
|move|p2a: The Kipper|Scald|p1a: The World
|-damage|p1a: The World|164\/404
|
|-heal|p1a: The World|189\/404|[from] item: Leftovers
|turn|19
|
|move|p1a: The World|Soft-Boiled|p1a: The World
|-heal|p1a: The World|391\/404
|move|p2a: The Kipper|Earthquake|p1a: The World
|-damage|p1a: The World|264\/404
|
|-heal|p1a: The World|289\/404|[from] item: Leftovers
|turn|20
|
|move|p1a: The World|Soft-Boiled|p1a: The World
|-heal|p1a: The World|404\/404
|move|p2a: The Kipper|Earthquake|p1a: The World
|-crit|p1a: The World
|-damage|p1a: The World|206\/404
|
|-heal|p1a: The World|231\/404|[from] item: Leftovers
|turn|21
|
|move|p1a: The World|U-turn|p2a: The Kipper
|-damage|p2a: The Kipper|61\/404
|
|switch|p1a: Hierophant Green|Tornadus, M|195\/300
|-damage|p1a: Hierophant Green|120\/300|[from] Stealth Rock
|move|p2a: The Kipper|Roar|p1a: Hierophant Green
|drag|p1a: The World|Mew|231\/404
|-damage|p1a: The World|181\/404|[from] Stealth Rock
|
|-heal|p1a: The World|206\/404|[from] item: Leftovers
|turn|22
|
|move|p1a: The World|Soft-Boiled|p1a: The World
|-heal|p1a: The World|404\/404
|move|p2a: The Kipper|Roar|p1a: The World
|drag|p1a: Magician's Red|Chandelure, M, shiny|278\/278
|-damage|p1a: Magician's Red|209\/278|[from] Stealth Rock
|
|-heal|p1a: Magician's Red|226\/278|[from] item: Leftovers
|turn|23
|
|move|p1a: Magician's Red|Shadow Ball|p2a: The Kipper
|-damage|p2a: The Kipper|0 fnt
|faint|p2a: The Kipper
|
|-heal|p1a: Magician's Red|243\/278|[from] item: Leftovers
|
|switch|p2a: Victini|Victini, shiny|256\/341
|-damage|p2a: Victini|171\/341|[from] Stealth Rock
|-damage|p2a: Victini|115\/341|[from] Spikes
|turn|24
|
|switch|p1a: The World|Mew|404\/404
|-damage|p1a: The World|354\/404|[from] Stealth Rock
|move|p2a: Victini|Bolt Strike|p1a: The World
|-damage|p1a: The World|145\/404
|
|-heal|p1a: The World|170\/404|[from] item: Leftovers
|turn|25
|
|move|p2a: Victini|Bolt Strike|p1a: The World
|-damage|p1a: The World|0 fnt
|faint|p1a: The World
|
|
|switch|p1a: Hierophant Green|Tornadus, M|120\/300
|-damage|p1a: Hierophant Green|45\/300|[from] Stealth Rock
|turn|26
|
|move|p1a: Hierophant Green|Tailwind|p1a: Hierophant Green
|-sidestart|p1: BasedAaron|move: Tailwind
|move|p2a: Victini|Bolt Strike|p1a: Hierophant Green
|-supereffective|p1a: Hierophant Green
|-damage|p1a: Hierophant Green|0 fnt
|faint|p1a: Hierophant Green
|
|
|switch|p1a: Magician's Red|Chandelure, M, shiny|243\/278
|-damage|p1a: Magician's Red|174\/278|[from] Stealth Rock
|turn|27
|
|move|p1a: Magician's Red|Shadow Ball|p2a: Victini
|-crit|p2a: Victini
|-supereffective|p2a: Victini
|-damage|p2a: Victini|0 fnt
|faint|p2a: Victini
|
|-heal|p1a: Magician's Red|191\/278|[from] item: Leftovers
|
|switch|p2a: Roserade?|Florges, F|108\/360
|-damage|p2a: Roserade?|63\/360|[from] Stealth Rock
|-damage|p2a: Roserade?|3\/360|[from] Spikes
|turn|28
|
|move|p2a: Roserade?|Protect|p2a: Roserade?
|-singleturn|p2a: Roserade?|Protect
|move|p1a: Magician's Red|Substitute|p1a: Magician's Red
|-start|p1a: Magician's Red|Substitute
|-damage|p1a: Magician's Red|122\/278
|
|-heal|p1a: Magician's Red|139\/278|[from] item: Leftovers
|-heal|p2a: Roserade?|25\/360|[from] item: Leftovers
|turn|29
|
|move|p1a: Magician's Red|Shadow Ball|p2a: Roserade?
|-damage|p2a: Roserade?|0 fnt
|faint|p2a: Roserade?
|
|-heal|p1a: Magician's Red|156\/278|[from] item: Leftovers
|-sideend|p1: BasedAaron|move: Tailwind
|
|switch|p2a: FlederMau5|Noivern, M|311\/311 par
|-damage|p2a: FlederMau5|234\/311 par|[from] Stealth Rock
|turn|30
|
|move|p1a: Magician's Red|Shadow Ball|p2a: FlederMau5
|-damage|p2a: FlederMau5|33\/311 par
|move|p2a: FlederMau5|Draco Meteor|p1a: Magician's Red
|-crit|p1a: Magician's Red
|-damage|p1a: Magician's Red|0 fnt
|-unboost|p2a: FlederMau5|spa|2
|faint|p1a: Magician's Red
|
|
|switch|p1a: Star Platinum|Lucario, F|149\/281
|-damage|p1a: Star Platinum|141\/281|[from] Stealth Rock
|turn|31
|
|move|p1a: Star Platinum|Swords Dance|p1a: Star Platinum
|-boost|p1a: Star Platinum|atk|2
|cant|p2a: FlederMau5|par
|
|turn|32
|
|move|p1a: Star Platinum|Swords Dance|p1a: Star Platinum
|-boost|p1a: Star Platinum|atk|2
|move|p2a: FlederMau5|Draco Meteor|p1a: Star Platinum
|-crit|p1a: Star Platinum
|-resisted|p1a: Star Platinum
|-damage|p1a: Star Platinum|0 fnt
|-unboost|p2a: FlederMau5|spa|2
|faint|p1a: Star Platinum
|
|win|FlederMau5
|raw|Ladder updating...
|raw|BasedAaron's rating: 1489 &rarr; <strong>1465<\/strong><br \/>(-24 for losing)
|raw|FlederMau5's rating: 1428 &rarr; <strong>1451<\/strong><br \/>(+23 for winning)
|chat|BasedAaron|wow
|chat|BasedAaron|gg
|chat|FlederMau5|why sd?
|chat|BasedAaron|i couldnt kill your luc without +4
|chat|BasedAaron|+4 252+ Atk Life Orb Lucario Extreme Speed vs. 0 HP \/ 0 Def Lucario: 221-261 (78.6 - 92.8%) -- 81.3% chance to OHKO after Stealth Rock and 2 layers of Spikes
|chat|FlederMau5|i think it was better odds just to take the 50\/50 with the speed tie
|chat|BasedAaron|no but i couldnt win at all
|chat|BasedAaron|without it
|chat|BasedAaron|if i cc'd you might have been faster than me
|chat|BasedAaron|couldnt take that risk
|chat|BasedAaron|living -2 draco with para was better odds
|chat|BasedAaron|reg draco was only going to do like 30%
|chat|BasedAaron|-2 specs draco*
|chat|FlederMau5|ah, wellI like your team
|chat|BasedAaron|ty