|join|FlederMau5
|join|Raymomo5
|player|p1|FlederMau5|169
|player|p2|Raymomo5|266
|gametype|singles
|gen|6
|tier|UU
|rated
|rule|Sleep Clause Mod: Limit one foe put to sleep
|rule|Species Clause: Limit one of each PokÃ©mon
|rule|OHKO Clause: OHKO moves are banned
|rule|Moody Clause: Moody is banned
|rule|Evasion Moves Clause: Evasion moves are banned
|rule|Endless Battle Clause: Forcing endless battles is banned
|rule|HP Percentage Mod: HP is shown in percentages
|clearpoke
|poke|p1|Sceptile, M, shiny
|poke|p1|Umbreon, M, shiny
|poke|p1|Forretress, F
|poke|p1|Entei, shiny
|poke|p1|Swampert, M
|poke|p1|Zygarde
|poke|p2|Swampert, F
|poke|p2|Celebi
|poke|p2|Haxorus, M
|poke|p2|Entei, shiny
|poke|p2|Aerodactyl, F
|poke|p2|Jirachi
|rule|Swagger Clause: Swagger is banned
|rule|Baton Pass Clause: Limit one PokÃ©mon knowing Baton Pass
|teampreview
|
|start
|switch|p1a: The Kipper|Swampert, M|404\/404
|switch|p2a: Entei|Entei, shiny|372\/372
|-ability|p2a: Entei|Pressure
|turn|1
|
|move|p2a: Entei|Sacred Fire|p1a: The Kipper
|-resisted|p1a: The Kipper
|-damage|p1a: The Kipper|329\/404
|-status|p1a: The Kipper|brn
|move|p1a: The Kipper|Stealth Rock|p2a: Entei
|-sidestart|p2: Raymomo5|move: Stealth Rock
|
|-heal|p1a: The Kipper|354\/404 brn|[from] item: Leftovers
|-damage|p1a: The Kipper|304\/404 brn|[from] brn
|turn|2
|
|move|p2a: Entei|Extreme Speed|p1a: The Kipper
|-crit|p1a: The Kipper
|-damage|p1a: The Kipper|193\/404 brn
|move|p1a: The Kipper|Scald|p2a: Entei
|-supereffective|p2a: Entei
|-damage|p2a: Entei|240\/372
|
|-heal|p1a: The Kipper|218\/404 brn|[from] item: Leftovers
|-damage|p1a: The Kipper|168\/404 brn|[from] brn
|turn|3
|
|switch|p2a: Aerodactyl|Aerodactyl, F|302\/302
|-damage|p2a: Aerodactyl|227\/302|[from] Stealth Rock
|move|p1a: The Kipper|Scald|p2a: Aerodactyl
|-supereffective|p2a: Aerodactyl
|-damage|p2a: Aerodactyl|35\/302
|
|-heal|p1a: The Kipper|193\/404 brn|[from] item: Leftovers
|-damage|p1a: The Kipper|143\/404 brn|[from] brn
|turn|4
|
|move|p2a: Aerodactyl|Stealth Rock|p1a: The Kipper
|-sidestart|p1: FlederMau5|move: Stealth Rock
|move|p1a: The Kipper|Scald|p2a: Aerodactyl
|-supereffective|p2a: Aerodactyl
|-damage|p2a: Aerodactyl|0 fnt
|faint|p2a: Aerodactyl
|
|-heal|p1a: The Kipper|168\/404 brn|[from] item: Leftovers
|-damage|p1a: The Kipper|118\/404 brn|[from] brn
|
|switch|p2a: Jirachi|Jirachi|404\/404
|-damage|p2a: Jirachi|379\/404|[from] Stealth Rock
|turn|5
|
|move|p2a: Jirachi|Substitute|p2a: Jirachi
|-start|p2a: Jirachi|Substitute
|-damage|p2a: Jirachi|278\/404
|move|p1a: The Kipper|Earthquake|p2a: Jirachi
|-supereffective|p2a: Jirachi
|-end|p2a: Jirachi|Substitute
|
|-heal|p2a: Jirachi|303\/404|[from] item: Leftovers
|-heal|p1a: The Kipper|143\/404 brn|[from] item: Leftovers
|-damage|p1a: The Kipper|93\/404 brn|[from] brn
|turn|6
|
|move|p2a: Jirachi|Iron Head|p1a: The Kipper
|-resisted|p1a: The Kipper
|-damage|p1a: The Kipper|58\/404 brn
|cant|p1a: The Kipper|flinch
|
|-heal|p2a: Jirachi|328\/404|[from] item: Leftovers
|-heal|p1a: The Kipper|83\/404 brn|[from] item: Leftovers
|-damage|p1a: The Kipper|33\/404 brn|[from] brn
|turn|7
|
|move|p2a: Jirachi|Iron Head|p1a: The Kipper
|-resisted|p1a: The Kipper
|-damage|p1a: The Kipper|0 fnt
|faint|p1a: The Kipper
|
|-heal|p2a: Jirachi|353\/404|[from] item: Leftovers
|
|switch|p1a: 420BlazeIt|Entei, shiny|371\/371
|-damage|p1a: 420BlazeIt|279\/371|[from] Stealth Rock
|-ability|p1a: 420BlazeIt|Pressure
|turn|8
|
|switch|p2a: Entei|Entei, shiny|240\/372
|-damage|p2a: Entei|147\/372|[from] Stealth Rock
|-ability|p2a: Entei|Pressure
|move|p1a: 420BlazeIt|Sacred Fire|p2a: Entei
|-resisted|p2a: Entei
|-damage|p2a: Entei|0 fnt
|faint|p2a: Entei
|
|
|switch|p2a: Haxorus|Haxorus, M|293\/293
|-damage|p2a: Haxorus|257\/293|[from] Stealth Rock
|-ability|p2a: Haxorus|Mold Breaker
|turn|9
|
|switch|p1a: Cheshire|Umbreon, M, shiny|394\/394
|-damage|p1a: Cheshire|345\/394|[from] Stealth Rock
|move|p2a: Haxorus|Earthquake|p1a: Cheshire
|-damage|p1a: Cheshire|214\/394
|
|-heal|p1a: Cheshire|238\/394|[from] item: Leftovers
|turn|10
|
|move|p2a: Haxorus|Outrage|p1a: Cheshire
|-crit|p1a: Cheshire
|-damage|p1a: Cheshire|0 fnt
|faint|p1a: Cheshire
|
|
|switch|p1a: Swagtile|Sceptile, M, shiny|282\/282
|-damage|p1a: Swagtile|247\/282|[from] Stealth Rock
|turn|11
|
|detailschange|p1a: Swagtile|Sceptile-Mega, M, shiny
|message|Sceptile has Mega Evolved into Mega Sceptile!
|move|p1a: Swagtile|Dragon Pulse|p2a: Haxorus
|-supereffective|p2a: Haxorus
|-damage|p2a: Haxorus|0 fnt
|faint|p2a: Haxorus
|
|
|switch|p2a: Jirachi|Jirachi|353\/404
|-damage|p2a: Jirachi|328\/404|[from] Stealth Rock
|turn|12
|
|switch|p1a: EcoTerrorist|Zygarde|358\/358
|-damage|p1a: EcoTerrorist|336\/358|[from] Stealth Rock
|-ability|p1a: EcoTerrorist|Aura Break
|move|p2a: Jirachi|Wish|p2a: Jirachi
|
|-heal|p2a: Jirachi|353\/404|[from] item: Leftovers
|turn|13
|
|switch|p2a: Swampert|Swampert, F|341\/341
|-damage|p2a: Swampert|320\/341|[from] Stealth Rock
|move|p1a: EcoTerrorist|Dragon Dance|p1a: EcoTerrorist
|-boost|p1a: EcoTerrorist|atk|1
|-boost|p1a: EcoTerrorist|spe|1
|
|-heal|p2a: Swampert|341\/341|[from] move: Wish|[wisher] Jirachi
|turn|14
|
|detailschange|p2a: Swampert|Swampert-Mega, F
|message|Swampert has Mega Evolved into Mega Swampert!
|move|p1a: EcoTerrorist|Earthquake|p2a: Swampert
|-damage|p2a: Swampert|112\/341
|move|p2a: Swampert|Ice Punch|p1a: EcoTerrorist
|-supereffective|p1a: EcoTerrorist
|-damage|p1a: EcoTerrorist|0 fnt
|faint|p1a: EcoTerrorist
|
|
|switch|p1a: Swagtile|Sceptile-Mega, M, shiny|247\/282
|-damage|p1a: Swagtile|212\/282|[from] Stealth Rock
|turn|15
|
|switch|p2a: Jirachi|Jirachi|353\/404
|-damage|p2a: Jirachi|328\/404|[from] Stealth Rock
|move|p1a: Swagtile|Dragon Pulse|p2a: Jirachi
|-resisted|p2a: Jirachi
|-damage|p2a: Jirachi|269\/404
|
|-heal|p2a: Jirachi|294\/404|[from] item: Leftovers
|turn|16
|
|switch|p1a: Gyro-Wall|Forretress, F|354\/354
|-damage|p1a: Gyro-Wall|310\/354|[from] Stealth Rock
|move|p2a: Jirachi|Substitute|p2a: Jirachi
|-start|p2a: Jirachi|Substitute
|-damage|p2a: Jirachi|193\/404
|
|-heal|p2a: Jirachi|218\/404|[from] item: Leftovers
|-heal|p1a: Gyro-Wall|332\/354|[from] item: Leftovers
|turn|17
|
|move|p2a: Jirachi|Wish|p2a: Jirachi
|move|p1a: Gyro-Wall|Rapid Spin|p2a: Jirachi
|-resisted|p2a: Jirachi
|-activate|p2a: Jirachi|Substitute|[damage]
|-sideend|p1: FlederMau5|Stealth Rock|[from] move: Rapid Spin|[of] p1a: Gyro-Wall
|
|-heal|p2a: Jirachi|243\/404|[from] item: Leftovers
|-heal|p1a: Gyro-Wall|354\/354|[from] item: Leftovers
|turn|18
|
|move|p2a: Jirachi|Thunder Wave|p1a: Gyro-Wall
|-status|p1a: Gyro-Wall|par
|move|p1a: Gyro-Wall|Spikes|p2a: Jirachi
|-sidestart|p2: Raymomo5|Spikes
|
|-heal|p2a: Jirachi|404\/404|[from] move: Wish|[wisher] Jirachi
|turn|19
|
|move|p2a: Jirachi|Wish|p2a: Jirachi
|move|p1a: Gyro-Wall|Spikes|p2a: Jirachi
|-sidestart|p2: Raymomo5|Spikes
|
|turn|20
|
|switch|p2a: Swampert|Swampert-Mega, F|112\/341
|-damage|p2a: Swampert|56\/341|[from] Spikes
|-damage|p2a: Swampert|35\/341|[from] Stealth Rock
|move|p1a: Gyro-Wall|Toxic|p2a: Swampert
|-status|p2a: Swampert|tox
|
|-heal|p2a: Swampert|237\/341 tox|[from] move: Wish|[wisher] Jirachi
|-damage|p2a: Swampert|216\/341 tox|[from] psn
|turn|21
|
|move|p2a: Swampert|Rain Dance|p2a: Swampert
|-weather|RainDance
|cant|p1a: Gyro-Wall|par
|
|-weather|RainDance|[upkeep]
|-damage|p2a: Swampert|174\/341 tox|[from] psn
|turn|22
|
|move|p2a: Swampert|Waterfall|p1a: Gyro-Wall
|-damage|p1a: Gyro-Wall|150\/354 par
|cant|p1a: Gyro-Wall|flinch
|
|-weather|RainDance|[upkeep]
|-heal|p1a: Gyro-Wall|172\/354 par|[from] item: Leftovers
|-damage|p2a: Swampert|111\/341 tox|[from] psn
|turn|23
|
|move|p2a: Swampert|Waterfall|p1a: Gyro-Wall
|-damage|p1a: Gyro-Wall|0 fnt
|faint|p1a: Gyro-Wall
|
|-weather|RainDance|[upkeep]
|-damage|p2a: Swampert|27\/341 tox|[from] psn
|
|switch|p1a: 420BlazeIt|Entei, shiny|279\/371
|-ability|p1a: 420BlazeIt|Pressure
|turn|24
|
|move|p1a: 420BlazeIt|Extreme Speed|p2a: Swampert
|-damage|p2a: Swampert|0 fnt
|faint|p2a: Swampert
|
|-weather|RainDance|[upkeep]
|
|switch|p2a: Jirachi|Jirachi|404\/404
|-damage|p2a: Jirachi|379\/404|[from] Stealth Rock
|-damage|p2a: Jirachi|312\/404|[from] Spikes
|turn|25
|
|switch|p1a: Swagtile|Sceptile-Mega, M, shiny|212\/282
|move|p2a: Jirachi|Substitute|p2a: Jirachi
|-start|p2a: Jirachi|Substitute
|-damage|p2a: Jirachi|211\/404
|
|-weather|none
|-heal|p2a: Jirachi|236\/404|[from] item: Leftovers
|turn|26
|
|move|p1a: Swagtile|Focus Blast|p2a: Jirachi
|-end|p2a: Jirachi|Substitute
|move|p2a: Jirachi|Wish|p2a: Jirachi
|
|-heal|p2a: Jirachi|261\/404|[from] item: Leftovers
|turn|27
|
|move|p1a: Swagtile|Focus Blast|p2a: Jirachi|[miss]
|-miss|p1a: Swagtile|p2a: Jirachi
|move|p2a: Jirachi|Substitute|p2a: Jirachi
|-start|p2a: Jirachi|Substitute
|-damage|p2a: Jirachi|160\/404
|
|-heal|p2a: Jirachi|362\/404|[from] move: Wish|[wisher] Jirachi
|-heal|p2a: Jirachi|387\/404|[from] item: Leftovers
|turn|28
|
|move|p1a: Swagtile|Focus Blast|p2a: Jirachi
|-end|p2a: Jirachi|Substitute
|move|p2a: Jirachi|Wish|p2a: Jirachi
|
|-heal|p2a: Jirachi|404\/404|[from] item: Leftovers
|turn|29
|
|move|p1a: Swagtile|Focus Blast|p2a: Jirachi
|-crit|p2a: Jirachi
|-damage|p2a: Jirachi|239\/404
|-unboost|p2a: Jirachi|spd|1
|move|p2a: Jirachi|Substitute|p2a: Jirachi
|-start|p2a: Jirachi|Substitute
|-damage|p2a: Jirachi|138\/404
|
|-heal|p2a: Jirachi|340\/404|[from] move: Wish|[wisher] Jirachi
|-heal|p2a: Jirachi|365\/404|[from] item: Leftovers
|turn|30
|
|move|p1a: Swagtile|Focus Blast|p2a: Jirachi
|-end|p2a: Jirachi|Substitute
|move|p2a: Jirachi|Substitute|p2a: Jirachi
|-start|p2a: Jirachi|Substitute
|-damage|p2a: Jirachi|264\/404
|
|-heal|p2a: Jirachi|289\/404|[from] item: Leftovers
|turn|31
|
|move|p1a: Swagtile|Focus Blast|p2a: Jirachi
|-end|p2a: Jirachi|Substitute
|move|p2a: Jirachi|Substitute|p2a: Jirachi
|-start|p2a: Jirachi|Substitute
|-damage|p2a: Jirachi|188\/404
|
|-heal|p2a: Jirachi|213\/404|[from] item: Leftovers
|turn|32
|
|move|p1a: Swagtile|Focus Blast|p2a: Jirachi
|-end|p2a: Jirachi|Substitute
|move|p2a: Jirachi|Wish|p2a: Jirachi
|
|-heal|p2a: Jirachi|238\/404|[from] item: Leftovers
|turn|33
|
|move|p1a: Swagtile|Focus Blast|p2a: Jirachi|[miss]
|-miss|p1a: Swagtile|p2a: Jirachi
|move|p2a: Jirachi|Substitute|p2a: Jirachi
|-start|p2a: Jirachi|Substitute
|-damage|p2a: Jirachi|137\/404
|
|-heal|p2a: Jirachi|339\/404|[from] move: Wish|[wisher] Jirachi
|-heal|p2a: Jirachi|364\/404|[from] item: Leftovers
|turn|34
|
|move|p1a: Swagtile|Dragon Pulse|p2a: Jirachi
|-resisted|p2a: Jirachi
|-activate|p2a: Jirachi|Substitute|[damage]
|move|p2a: Jirachi|Wish|p2a: Jirachi
|
|-heal|p2a: Jirachi|389\/404|[from] item: Leftovers
|turn|35
|
|move|p1a: Swagtile|Dragon Pulse|p2a: Jirachi
|-resisted|p2a: Jirachi
|-end|p2a: Jirachi|Substitute
|move|p2a: Jirachi|Substitute|p2a: Jirachi
|-start|p2a: Jirachi|Substitute
|-damage|p2a: Jirachi|288\/404
|
|-heal|p2a: Jirachi|404\/404|[from] move: Wish|[wisher] Jirachi
|turn|36
|
|move|p1a: Swagtile|Dragon Pulse|p2a: Jirachi
|-resisted|p2a: Jirachi
|-activate|p2a: Jirachi|Substitute|[damage]
|move|p2a: Jirachi|Wish|p2a: Jirachi
|
|turn|37
|
|move|p1a: Swagtile|Dragon Pulse|p2a: Jirachi
|-resisted|p2a: Jirachi
|-end|p2a: Jirachi|Substitute
|move|p2a: Jirachi|Iron Head|p1a: Swagtile
|-damage|p1a: Swagtile|89\/282
|
|turn|38
|
|move|p1a: Swagtile|Dragon Pulse|p2a: Jirachi
|-resisted|p2a: Jirachi
|-damage|p2a: Jirachi|321\/404
|move|p2a: Jirachi|Substitute|p2a: Jirachi
|-start|p2a: Jirachi|Substitute
|-damage|p2a: Jirachi|220\/404
|
|-heal|p2a: Jirachi|245\/404|[from] item: Leftovers
|turn|39
|
|move|p1a: Swagtile|Dragon Pulse|p2a: Jirachi
|-resisted|p2a: Jirachi
|-activate|p2a: Jirachi|Substitute|[damage]
|move|p2a: Jirachi|Wish|p2a: Jirachi
|
|-heal|p2a: Jirachi|270\/404|[from] item: Leftovers
|turn|40
|
|move|p1a: Swagtile|Dragon Pulse|p2a: Jirachi
|-resisted|p2a: Jirachi
|-end|p2a: Jirachi|Substitute
|move|p2a: Jirachi|Substitute|p2a: Jirachi
|-start|p2a: Jirachi|Substitute
|-damage|p2a: Jirachi|169\/404
|
|-heal|p2a: Jirachi|371\/404|[from] move: Wish|[wisher] Jirachi
|-heal|p2a: Jirachi|396\/404|[from] item: Leftovers
|turn|41
|
|move|p1a: Swagtile|Dragon Pulse|p2a: Jirachi
|-resisted|p2a: Jirachi
|-activate|p2a: Jirachi|Substitute|[damage]
|move|p2a: Jirachi|Wish|p2a: Jirachi
|
|-heal|p2a: Jirachi|404\/404|[from] item: Leftovers
|turn|42
|
|move|p1a: Swagtile|Dragon Pulse|p2a: Jirachi
|-resisted|p2a: Jirachi
|-end|p2a: Jirachi|Substitute
|move|p2a: Jirachi|Substitute|p2a: Jirachi
|-start|p2a: Jirachi|Substitute
|-damage|p2a: Jirachi|303\/404
|
|-heal|p2a: Jirachi|404\/404|[from] move: Wish|[wisher] Jirachi
|turn|43
|
|move|p1a: Swagtile|Dragon Pulse|p2a: Jirachi
|-resisted|p2a: Jirachi
|-activate|p2a: Jirachi|Substitute|[damage]
|move|p2a: Jirachi|Iron Head|p1a: Swagtile
|-damage|p1a: Swagtile|0 fnt
|faint|p1a: Swagtile
|
|
|switch|p1a: 420BlazeIt|Entei, shiny|279\/371
|-ability|p1a: 420BlazeIt|Pressure
|turn|44
|
|move|p1a: 420BlazeIt|Sacred Fire|p2a: Jirachi
|-supereffective|p2a: Jirachi
|-end|p2a: Jirachi|Substitute
|move|p2a: Jirachi|Thunder Wave|p1a: 420BlazeIt
|-status|p1a: 420BlazeIt|par
|
|turn|45
|
|move|p2a: Jirachi|Substitute|p2a: Jirachi
|-start|p2a: Jirachi|Substitute
|-damage|p2a: Jirachi|303\/404
|move|p1a: 420BlazeIt|Sacred Fire|p2a: Jirachi
|-supereffective|p2a: Jirachi
|-end|p2a: Jirachi|Substitute
|
|-heal|p2a: Jirachi|328\/404|[from] item: Leftovers
|turn|46
|
|move|p2a: Jirachi|Substitute|p2a: Jirachi
|-start|p2a: Jirachi|Substitute
|-damage|p2a: Jirachi|227\/404
|move|p1a: 420BlazeIt|Sacred Fire|p2a: Jirachi
|-supereffective|p2a: Jirachi
|-end|p2a: Jirachi|Substitute
|
|-heal|p2a: Jirachi|252\/404|[from] item: Leftovers
|turn|47
|-message|FlederMau5 forfeited.
|
|win|Raymomo5
|raw|Ladder updating...
|leave|FlederMau5
|player|p1