|join|aqbf
|join|FlederMau5
|player|p1|aqbf|28
|player|p2|FlederMau5|169
|gametype|singles
|gen|6
|tier|UU
|rated
|rule|Sleep Clause Mod: Limit one foe put to sleep
|rule|Species Clause: Limit one of each PokÃ©mon
|rule|OHKO Clause: OHKO moves are banned
|rule|Moody Clause: Moody is banned
|rule|Evasion Moves Clause: Evasion moves are banned
|rule|Endless Battle Clause: Forcing endless battles is banned
|rule|HP Percentage Mod: HP is reported as percentages
|clearpoke
|poke|p1|Vivillon, M
|poke|p1|Toxicroak, F
|poke|p1|Chandelure, M
|poke|p1|Empoleon, M
|poke|p1|Aerodactyl, F, shiny
|poke|p1|Krookodile, M
|poke|p2|Blastoise, F
|poke|p2|Noivern, F
|poke|p2|Victini, shiny
|poke|p2|Haxorus, F, shiny
|poke|p2|Swampert, F
|poke|p2|Florges, F
|rule|Swagger Clause: Swagger is banned
|rule|Baton Pass Clause: Limit one PokÃ©mon knowing Baton Pass
|teampreview
|chat|aqbf|hello!
|chat|FlederMau5|eyyyy
|chat|aqbf|we played each other yesterday
|chat|FlederMau5|today on teams that immediately make me regret bringing back noivern :P
|chat|aqbf|it's k
|
|start
|switch|p1a: Empoleon|Empoleon, M|368\/368
|switch|p2a: Alla Dat|Victini, shiny|341\/341
|turn|1
|
|move|p2a: Alla Dat|V-create|p1a: Empoleon
|-damage|p1a: Empoleon|0 fnt
|-unboost|p2a: Alla Dat|def|1
|-unboost|p2a: Alla Dat|spd|1
|-unboost|p2a: Alla Dat|spe|1
|faint|p1a: Empoleon
|
|chat|aqbf|Interesting
|
|switch|p1a: Krookodile|Krookodile, M|332\/332
|turn|2
|
|move|p1a: Krookodile|Earthquake|p2a: Alla Dat
|-supereffective|p2a: Alla Dat
|-damage|p2a: Alla Dat|0 fnt
|faint|p2a: Alla Dat
|-boost|p1a: Krookodile|atk|1|[from] ability: Moxie
|
|
|switch|p2a: Roserade?|Florges, F|360\/360
|turn|3
|chat|aqbf|smart thing woulda been to go for knock off
|
|move|p1a: Krookodile|Earthquake|p2a: Roserade?
|-damage|p2a: Roserade?|126\/360
|move|p2a: Roserade?|Wish|p2a: Roserade?
|
|-heal|p2a: Roserade?|148\/360|[from] item: Leftovers
|turn|4
|chat|aqbf|oh man not this again
|
|switch|p1a: Ridley|Aerodactyl, F, shiny|331\/331
|-ability|p1a: Ridley|Pressure
|switch|p2a: FlederMau5|Noivern, F|311\/311
|
|turn|5
|
|switch|p2a: The Kipper|Swampert, F|404\/404
|detailschange|p1a: Ridley|Aerodactyl-Mega, F, shiny
|message|Aerodactyl has Mega Evolved into Mega Aerodactyl!
|move|p1a: Ridley|Aerial Ace|p2a: The Kipper
|-damage|p2a: The Kipper|287\/404
|
|-heal|p2a: The Kipper|312\/404|[from] item: Leftovers
|turn|6
|
|move|p1a: Ridley|Taunt|p2a: The Kipper
|-start|p2a: The Kipper|move: Taunt
|move|p2a: The Kipper|Scald|p1a: Ridley
|-supereffective|p1a: Ridley
|-damage|p1a: Ridley|169\/331
|
|-heal|p2a: The Kipper|337\/404|[from] item: Leftovers
|turn|7
|
|move|p1a: Ridley|Aerial Ace|p2a: The Kipper
|-damage|p2a: The Kipper|213\/404
|move|p2a: The Kipper|Earthquake|p1a: Ridley
|-immune|p1a: Ridley|[msg]
|
|-heal|p2a: The Kipper|238\/404|[from] item: Leftovers
|turn|8
|chat|aqbf|phew if I had mispredicted that
|chat|aqbf|I'd have been sad
|
|move|p1a: Ridley|Aqua Tail|p2a: The Kipper
|-damage|p2a: The Kipper|124\/404
|move|p2a: The Kipper|Scald|p1a: Ridley
|-supereffective|p1a: Ridley
|-damage|p1a: Ridley|0 fnt
|faint|p1a: Ridley
|
|-heal|p2a: The Kipper|149\/404|[from] item: Leftovers
|-end|p2a: The Kipper|move: Taunt
|
|switch|p1a: Chandelure|Chandelure, M|289\/289
|turn|9
|join|break the bank
|
|switch|p2a: FlederMau5|Noivern, F|311\/311
|move|p1a: Chandelure|Shadow Ball|p2a: FlederMau5
|-damage|p2a: FlederMau5|140\/311
|
|turn|10
|
|move|p2a: FlederMau5|Draco Meteor|p1a: Chandelure
|-damage|p1a: Chandelure|7\/289
|-unboost|p2a: FlederMau5|spa|2
|move|p1a: Chandelure|Shadow Ball|p2a: FlederMau5
|-damage|p2a: FlederMau5|0 fnt
|faint|p2a: FlederMau5
|
|-heal|p1a: Chandelure|25\/289|[from] item: Leftovers
|
|switch|p2a: Broadsides|Blastoise, F|362\/362
|turn|11
|chat|aqbf|at least it won't be 5-0
|
|switch|p1a: Toxicroak|Toxicroak, F|340\/340
|detailschange|p2a: Broadsides|Blastoise-Mega, F
|message|Blastoise has Mega Evolved into Mega Blastoise!
|move|p2a: Broadsides|Dragon Pulse|p1a: Toxicroak
|-damage|p1a: Toxicroak|92\/340
|
|turn|12
|
|move|p1a: Toxicroak|Gunk Shot|p2a: Broadsides
|-damage|p2a: Broadsides|128\/362
|-status|p2a: Broadsides|psn
|-damage|p1a: Toxicroak|58\/340|[from] item: Life Orb
|move|p2a: Broadsides|Dragon Pulse|p1a: Toxicroak
|-damage|p1a: Toxicroak|0 fnt
|faint|p1a: Toxicroak
|
|-damage|p2a: Broadsides|83\/362 psn|[from] psn
|
|switch|p1a: Krookodile|Krookodile, M|332\/332
|turn|13
|
|move|p1a: Krookodile|Earthquake|p2a: Broadsides
|-damage|p2a: Broadsides|0 fnt
|faint|p2a: Broadsides
|-boost|p1a: Krookodile|atk|1|[from] ability: Moxie
|
|
|switch|p2a: The Kipper|Swampert, F|149\/404
|turn|14
|
|move|p1a: Krookodile|Earthquake|p2a: The Kipper
|-damage|p2a: The Kipper|0 fnt
|faint|p2a: The Kipper
|-boost|p1a: Krookodile|atk|1|[from] ability: Moxie
|
|chat|aqbf|that calc
|chat|FlederMau5|Welp gg
|
|switch|p2a: The Terror|Haxorus, F, shiny|294\/294
|-ability|p2a: The Terror|Mold Breaker
|turn|15
|
|move|p1a: Krookodile|Earthquake|p2a: The Terror
|-damage|p2a: The Terror|0 fnt
|faint|p2a: The Terror
|-boost|p1a: Krookodile|atk|1|[from] ability: Moxie
|
|chat|aqbf|gg
|
|switch|p2a: Roserade?|Florges, F|148\/360
|turn|16
|
|move|p1a: Krookodile|Earthquake|p2a: Roserade?
|-damage|p2a: Roserade?|0 fnt
|faint|p2a: Roserade?
|-boost|p1a: Krookodile|atk|1|[from] ability: Moxie
|
|win|aqbf
|raw|Ladder updating...
|raw|aqbf's rating: 1611 &rarr; <strong>1635<\/strong><br \/>(+24 for winning)
|raw|FlederMau5's rating: 1686 &rarr; <strong>1662<\/strong><br \/>(-24 for losing)