|join|Workerbeez12
|join|FlederMau5
|player|p1|Workerbeez12|135
|player|p2|FlederMau5|169
|gametype|singles
|gen|6
|tier|UU
|rated
|rule|Sleep Clause Mod: Limit one foe put to sleep
|rule|Species Clause: Limit one of each PokÃ©mon
|rule|OHKO Clause: OHKO moves are banned
|rule|Moody Clause: Moody is banned
|rule|Evasion Moves Clause: Evasion moves are banned
|rule|Endless Battle Clause: Forcing endless battles is banned
|rule|HP Percentage Mod: HP is reported as percentages
|clearpoke
|poke|p1|Umbreon, F
|poke|p1|Infernape, F
|poke|p1|Shaymin
|poke|p1|Flygon, M
|poke|p1|Hippowdon, M
|poke|p1|Blastoise, M
|poke|p2|Ampharos, F
|poke|p2|Crobat, M
|poke|p2|Victini, shiny
|poke|p2|Swampert, M
|poke|p2|Forretress, M
|poke|p2|Umbreon, M, shiny
|rule|Swagger Clause: Swagger is banned
|rule|Baton Pass Clause: Limit one PokÃ©mon knowing Baton Pass
|teampreview
|
|start
|switch|p1a: w\/o Immersion|Hippowdon, M|420\/420
|switch|p2a: Alla Dat|Victini, shiny|341\/341
|-weather|Sandstorm
|turn|1
|
|move|p2a: Alla Dat|U-turn|p1a: w\/o Immersion
|-damage|p1a: w\/o Immersion|356\/420
|
|switch|p2a: Gyro-Wall|Forretress, M|354\/354
|move|p1a: w\/o Immersion|Stealth Rock|p2a: Gyro-Wall
|-sidestart|p2: FlederMau5|move: Stealth Rock
|
|-weather|Sandstorm|[upkeep]
|-heal|p1a: w\/o Immersion|382\/420|[from] item: Leftovers
|turn|2
|
|switch|p1a: w\/o Escape|Blastoise, M|346\/346
|move|p2a: Gyro-Wall|Rapid Spin|p1a: w\/o Escape
|-damage|p1a: w\/o Escape|332\/346
|-sideend|p2: FlederMau5|Stealth Rock|[from] move: Rapid Spin|[of] p2a: Gyro-Wall
|
|-weather|Sandstorm|[upkeep]
|-damage|p1a: w\/o Escape|311\/346|[from] sandstorm
|turn|3
|
|detailschange|p1a: w\/o Escape|Blastoise-Mega, M
|message|Blastoise has Mega Evolved into Mega Blastoise!
|move|p1a: w\/o Escape|Scald|p2a: Gyro-Wall
|-damage|p2a: Gyro-Wall|179\/354
|move|p2a: Gyro-Wall|Volt Switch|p1a: w\/o Escape
|-supereffective|p1a: w\/o Escape
|-damage|p1a: w\/o Escape|243\/346
|
|switch|p2a: Thoreal|Ampharos, F|374\/374
|
|-weather|Sandstorm|[upkeep]
|-damage|p1a: w\/o Escape|222\/346|[from] sandstorm
|-damage|p2a: Thoreal|351\/374|[from] sandstorm
|turn|4
|
|switch|p1a: w\/o Patience|Umbreon, F|393\/393
|detailschange|p2a: Thoreal|Ampharos-Mega, F
|message|Ampharos has Mega Evolved into Mega Ampharos!
|-ability|p2a: Thoreal|Mold Breaker
|move|p2a: Thoreal|Dragon Pulse|p1a: w\/o Patience
|-damage|p1a: w\/o Patience|267\/393
|
|-weather|Sandstorm|[upkeep]
|-damage|p1a: w\/o Patience|243\/393|[from] sandstorm
|-damage|p2a: Thoreal|328\/374|[from] sandstorm
|-heal|p1a: w\/o Patience|267\/393|[from] item: Leftovers
|turn|5
|
|move|p1a: w\/o Patience|Wish|p1a: w\/o Patience
|move|p2a: Thoreal|Focus Blast|p1a: w\/o Patience
|-supereffective|p1a: w\/o Patience
|-damage|p1a: w\/o Patience|23\/393
|
|-weather|none
|-heal|p1a: w\/o Patience|47\/393|[from] item: Leftovers
|turn|6
|
|switch|p2a: Alla Dat|Victini, shiny|341\/341
|move|p1a: w\/o Patience|Protect|p1a: w\/o Patience
|-fail|p1a: w\/o Patience
|
|-heal|p1a: w\/o Patience|243\/393|[from] move: Wish|[wisher] w\/o Patience
|-heal|p1a: w\/o Patience|267\/393|[from] item: Leftovers
|turn|7
|
|switch|p1a: w\/o Escape|Blastoise-Mega, M|222\/346
|move|p2a: Alla Dat|V-create|p1a: w\/o Escape
|-crit|p1a: w\/o Escape
|-resisted|p1a: w\/o Escape
|-damage|p1a: w\/o Escape|0 fnt
|-unboost|p2a: Alla Dat|def|1
|-unboost|p2a: Alla Dat|spd|1
|-unboost|p2a: Alla Dat|spe|1
|faint|p1a: w\/o Escape
|
|
|switch|p1a: w\/o Scarcity|Shaymin|341\/341
|turn|8
|
|switch|p2a: Cheshire|Umbreon, M, shiny|394\/394
|move|p1a: w\/o Scarcity|Seed Flare|p2a: Cheshire
|-damage|p2a: Cheshire|252\/394
|-unboost|p2a: Cheshire|spd|2
|-damage|p1a: w\/o Scarcity|307\/341|[from] item: Life Orb
|
|-heal|p2a: Cheshire|276\/394|[from] item: Leftovers
|turn|9
|
|switch|p2a: Alla Dat|Victini, shiny|341\/341
|move|p1a: w\/o Scarcity|Psychic|p2a: Alla Dat
|-resisted|p2a: Alla Dat
|-damage|p2a: Alla Dat|275\/341
|-damage|p1a: w\/o Scarcity|273\/341|[from] item: Life Orb
|
|turn|10
|
|switch|p1a: w\/o Finality|Flygon, M|301\/301
|move|p2a: Alla Dat|U-turn|p1a: w\/o Finality
|-damage|p1a: w\/o Finality|170\/301
|
|switch|p2a: FakeMau5|Crobat, M|331\/331
|
|turn|11
|
|switch|p1a: w\/o Immersion|Hippowdon, M|382\/420
|-weather|Sandstorm
|move|p2a: FakeMau5|U-turn|p1a: w\/o Immersion
|-damage|p1a: w\/o Immersion|332\/420
|
|switch|p2a: Thoreal|Ampharos-Mega, F|328\/374
|-ability|p2a: Thoreal|Mold Breaker
|
|-weather|Sandstorm|[upkeep]
|-damage|p2a: Thoreal|305\/374|[from] sandstorm
|-heal|p1a: w\/o Immersion|358\/420|[from] item: Leftovers
|turn|12
|
|move|p2a: Thoreal|Dragon Pulse|p1a: w\/o Immersion
|-damage|p1a: w\/o Immersion|88\/420
|move|p1a: w\/o Immersion|Earthquake|p2a: Thoreal
|-supereffective|p2a: Thoreal
|-damage|p2a: Thoreal|69\/374
|
|-weather|Sandstorm|[upkeep]
|-damage|p2a: Thoreal|46\/374|[from] sandstorm
|-heal|p1a: w\/o Immersion|114\/420|[from] item: Leftovers
|turn|13
|
|switch|p1a: w\/o Patience|Umbreon, F|267\/393
|move|p2a: Thoreal|Focus Blast|p1a: w\/o Patience
|-supereffective|p1a: w\/o Patience
|-damage|p1a: w\/o Patience|43\/393
|
|-weather|Sandstorm|[upkeep]
|-damage|p1a: w\/o Patience|19\/393|[from] sandstorm
|-damage|p2a: Thoreal|23\/374|[from] sandstorm
|-heal|p1a: w\/o Patience|43\/393|[from] item: Leftovers
|turn|14
|
|switch|p2a: Gyro-Wall|Forretress, M|179\/354
|move|p1a: w\/o Patience|Foul Play|p2a: Gyro-Wall
|-damage|p2a: Gyro-Wall|119\/354
|
|-weather|Sandstorm|[upkeep]
|-damage|p1a: w\/o Patience|19\/393|[from] sandstorm
|-heal|p1a: w\/o Patience|43\/393|[from] item: Leftovers
|-heal|p2a: Gyro-Wall|141\/354|[from] item: Leftovers
|turn|15
|
|move|p1a: w\/o Patience|Wish|p1a: w\/o Patience
|move|p2a: Gyro-Wall|Toxic|p1a: w\/o Patience
|-status|p1a: w\/o Patience|tox
|
|-weather|none
|-heal|p1a: w\/o Patience|67\/393 tox|[from] item: Leftovers
|-heal|p2a: Gyro-Wall|163\/354|[from] item: Leftovers
|-damage|p1a: w\/o Patience|43\/393 tox|[from] psn
|turn|16
|
|switch|p1a: w\/o Aggresion|Infernape, F|293\/293
|move|p2a: Gyro-Wall|Spikes|p1a: w\/o Aggresion
|-sidestart|p1: Workerbeez12|Spikes
|
|-heal|p2a: Gyro-Wall|185\/354|[from] item: Leftovers
|turn|17
|
|switch|p2a: Thoreal|Ampharos-Mega, F|23\/374
|-ability|p2a: Thoreal|Mold Breaker
|move|p1a: w\/o Aggresion|Flare Blitz|p2a: Thoreal
|-resisted|p2a: Thoreal
|-damage|p2a: Thoreal|0 fnt
|-damage|p1a: w\/o Aggresion|285\/293|[from] recoil|[of] p2a: Thoreal
|-damage|p1a: w\/o Aggresion|256\/293|[from] item: Life Orb
|faint|p2a: Thoreal
|
|
|switch|p2a: FakeMau5|Crobat, M|331\/331
|turn|18
|
|switch|p1a: w\/o Patience|Umbreon, F|43\/393 tox
|-damage|p1a: w\/o Patience|0 fnt|[from] Spikes
|faint|p1a: w\/o Patience
|move|p2a: FakeMau5|Brave Bird|p1: w\/o Patience|[notarget]
|-notarget
|
|
|switch|p1a: w\/o Finality|Flygon, M|170\/301
|turn|19
|
|move|p2a: FakeMau5|Brave Bird|p1a: w\/o Finality
|-damage|p1a: w\/o Finality|0 fnt
|-damage|p2a: FakeMau5|275\/331|[from] recoil|[of] p1a: w\/o Finality
|faint|p1a: w\/o Finality
|
|
|switch|p1a: w\/o Immersion|Hippowdon, M|114\/420
|-damage|p1a: w\/o Immersion|62\/420|[from] Spikes
|-weather|Sandstorm
|turn|20
|
|move|p2a: FakeMau5|Brave Bird|p1a: w\/o Immersion
|-damage|p1a: w\/o Immersion|0 fnt
|-damage|p2a: FakeMau5|255\/331|[from] recoil|[of] p1a: w\/o Immersion
|faint|p1a: w\/o Immersion
|
|-weather|Sandstorm|[upkeep]
|-damage|p2a: FakeMau5|235\/331|[from] sandstorm
|chat|Workerbeez12|gg
|chat|FlederMau5|gg
|-message|Workerbeez12 forfeited.
|
|win|FlederMau5
|raw|Ladder updating...
|leave|Workerbeez12
|player|p1
|raw|Workerbeez12's rating: 1494 &rarr; <strong>1478<\/strong><br \/>(-16 for losing)
|raw|FlederMau5's rating: 1574 &rarr; <strong>1589<\/strong><br \/>(+15 for winning)
|leave|FlederMau5
|player|p2
|join|FlederMau5