|join|FlederMau5
|join|Emblema de Fuego
|player|p1|FlederMau5|169
|player|p2|Emblema de Fuego|101
|gametype|singles
|gen|6
|tier|UU
|rated
|rule|Sleep Clause Mod: Limit one foe put to sleep
|rule|Species Clause: Limit one of each PokÃ©mon
|rule|OHKO Clause: OHKO moves are banned
|rule|Moody Clause: Moody is banned
|rule|Evasion Moves Clause: Evasion moves are banned
|rule|Endless Battle Clause: Forcing endless battles is banned
|rule|HP Percentage Mod: HP is reported as percentages
|clearpoke
|poke|p1|Cobalion
|poke|p1|Hydreigon, M
|poke|p1|Victini, shiny
|poke|p1|Swampert, F
|poke|p1|Florges, F
|poke|p1|Blastoise, M
|poke|p2|Fletchinder, M
|poke|p2|Flygon, F
|poke|p2|Uxie
|poke|p2|Absol, M
|poke|p2|Chesnaught, F
|poke|p2|Raikou
|rule|Swagger Clause: Swagger is banned
|rule|Baton Pass Clause: Limit one PokÃ©mon knowing Baton Pass
|teampreview
|
|start
|switch|p1a: Alla Dat|Victini, shiny|341\/341
|switch|p2a: Absol|Absol, M|271\/271
|-ability|p2a: Absol|Pressure
|turn|1
|
|switch|p1a: Florges|Florges, F|360\/360
|detailschange|p2a: Absol|Absol-Mega, M
|message|Absol has Mega Evolved into Mega Absol!
|move|p2a: Absol|Protect|p2a: Absol
|-fail|p2a: Absol
|
|turn|2
|
|switch|p2a: Uxie|Uxie|354\/354
|move|p1a: Florges|Wish|p1a: Florges
|
|turn|3
|
|switch|p1a: Alla Dat|Victini, shiny|341\/341
|move|p2a: Uxie|Yawn|p1a: Alla Dat
|-start|p1a: Alla Dat|move: Yawn|[of] p2a: Uxie
|
|turn|4
|
|move|p1a: Alla Dat|U-turn|p2a: Uxie
|-supereffective|p2a: Uxie
|-damage|p2a: Uxie|214\/354
|
|switch|p1a: DeadMau5|Hydreigon, M|325\/325
|move|p2a: Uxie|Stealth Rock|p1a: DeadMau5
|-sidestart|p1: FlederMau5|move: Stealth Rock
|
|-heal|p2a: Uxie|236\/354|[from] item: Leftovers
|turn|5
|
|move|p1a: DeadMau5|Dark Pulse|p2a: Uxie
|-supereffective|p2a: Uxie
|-damage|p2a: Uxie|7\/354
|-damage|p1a: DeadMau5|293\/325|[from] item: Life Orb
|move|p2a: Uxie|Knock Off|p1a: DeadMau5
|-resisted|p1a: DeadMau5
|-damage|p1a: DeadMau5|260\/325
|-enditem|p1a: DeadMau5|Life Orb|[from] move: Knock Off|[of] p2a: Uxie
|
|-heal|p2a: Uxie|29\/354|[from] item: Leftovers
|turn|6
|
|move|p1a: DeadMau5|Dark Pulse|p2a: Uxie
|-supereffective|p2a: Uxie
|-damage|p2a: Uxie|0 fnt
|faint|p2a: Uxie
|
|
|switch|p2a: Flygon|Flygon, F|302\/302
|turn|7
|
|move|p2a: Flygon|U-turn|p1a: DeadMau5
|-supereffective|p1a: DeadMau5
|-damage|p1a: DeadMau5|98\/325
|
|switch|p2a: Chesnaught|Chesnaught, F|379\/379
|move|p1a: DeadMau5|Draco Meteor|p2a: Chesnaught
|-damage|p2a: Chesnaught|144\/379
|-unboost|p1a: DeadMau5|spa|2
|
|-heal|p2a: Chesnaught|167\/379|[from] item: Leftovers
|turn|8
|
|switch|p2a: Raikou|Raikou|322\/322
|-ability|p2a: Raikou|Pressure
|move|p1a: DeadMau5|Roost|p1a: DeadMau5
|-heal|p1a: DeadMau5|261\/325
|
|turn|9
|
|switch|p1a: The Kipper|Swampert, F|404\/404
|-damage|p1a: The Kipper|379\/404|[from] Stealth Rock
|move|p2a: Raikou|Substitute|p2a: Raikou
|-start|p2a: Raikou|Substitute
|-damage|p2a: Raikou|242\/322
|
|-heal|p2a: Raikou|262\/322|[from] item: Leftovers
|-heal|p1a: The Kipper|404\/404|[from] item: Leftovers
|turn|10
|
|move|p2a: Raikou|Calm Mind|p2a: Raikou
|-boost|p2a: Raikou|spa|1
|-boost|p2a: Raikou|spd|1
|move|p1a: The Kipper|Stealth Rock|p2a: Raikou
|-sidestart|p2: Emblema de Fuego|move: Stealth Rock
|
|-heal|p2a: Raikou|282\/322|[from] item: Leftovers
|turn|11
|
|move|p2a: Raikou|Hidden Power|p1a: The Kipper
|-damage|p1a: The Kipper|291\/404
|move|p1a: The Kipper|Roar|p2a: Raikou
|drag|p2a: Chesnaught|Chesnaught, F|167\/379
|-damage|p2a: Chesnaught|144\/379|[from] Stealth Rock
|
|-heal|p2a: Chesnaught|167\/379|[from] item: Leftovers
|-heal|p1a: The Kipper|316\/404|[from] item: Leftovers
|turn|12
|
|switch|p1a: DeadMau5|Hydreigon, M|261\/325
|-damage|p1a: DeadMau5|221\/325|[from] Stealth Rock
|move|p2a: Chesnaught|Leech Seed|p1a: DeadMau5
|-start|p1a: DeadMau5|move: Leech Seed
|
|-heal|p2a: Chesnaught|190\/379|[from] item: Leftovers
|-damage|p1a: DeadMau5|181\/325|[from] Leech Seed|[of] p2a: Chesnaught
|-heal|p2a: Chesnaught|230\/379|[silent]
|turn|13
|
|switch|p1a: Alla Dat|Victini, shiny|341\/341
|-damage|p1a: Alla Dat|256\/341|[from] Stealth Rock
|move|p2a: Chesnaught|Hammer Arm|p1a: Alla Dat
|-resisted|p1a: Alla Dat
|-damage|p1a: Alla Dat|197\/341
|-unboost|p2a: Chesnaught|spe|1
|
|-heal|p2a: Chesnaught|253\/379|[from] item: Leftovers
|turn|14
|
|switch|p2a: Flygon|Flygon, F|302\/302
|-damage|p2a: Flygon|284\/302|[from] Stealth Rock
|move|p1a: Alla Dat|V-create|p2a: Flygon
|-resisted|p2a: Flygon
|-damage|p2a: Flygon|53\/302
|-unboost|p1a: Alla Dat|def|1
|-unboost|p1a: Alla Dat|spd|1
|-unboost|p1a: Alla Dat|spe|1
|
|turn|15
|
|switch|p1a: Broadsides|Blastoise, M|362\/362
|-damage|p1a: Broadsides|317\/362|[from] Stealth Rock
|move|p2a: Flygon|Earthquake|p1a: Broadsides
|-damage|p1a: Broadsides|152\/362
|
|turn|16
|
|switch|p2a: Chesnaught|Chesnaught, F|253\/379
|-damage|p2a: Chesnaught|230\/379|[from] Stealth Rock
|switch|p1a: DeadMau5|Hydreigon, M|181\/325
|-damage|p1a: DeadMau5|141\/325|[from] Stealth Rock
|
|-heal|p2a: Chesnaught|253\/379|[from] item: Leftovers
|turn|17
|
|move|p1a: DeadMau5|Draco Meteor|p2a: Chesnaught
|-damage|p2a: Chesnaught|18\/379
|-unboost|p1a: DeadMau5|spa|2
|move|p2a: Chesnaught|Leech Seed|p1a: DeadMau5
|-start|p1a: DeadMau5|move: Leech Seed
|
|-heal|p2a: Chesnaught|41\/379|[from] item: Leftovers
|-damage|p1a: DeadMau5|101\/325|[from] Leech Seed|[of] p2a: Chesnaught
|-heal|p2a: Chesnaught|81\/379|[silent]
|turn|18
|
|switch|p1a: Florges|Florges, F|360\/360
|-damage|p1a: Florges|315\/360|[from] Stealth Rock
|move|p2a: Chesnaught|Hammer Arm|p1a: Florges
|-resisted|p1a: Florges
|-damage|p1a: Florges|228\/360
|-unboost|p2a: Chesnaught|spe|1
|
|-heal|p1a: Florges|250\/360|[from] item: Leftovers
|-heal|p2a: Chesnaught|104\/379|[from] item: Leftovers
|turn|19
|
|switch|p1a: New Meta!|Cobalion|324\/324
|-damage|p1a: New Meta!|314\/324|[from] Stealth Rock
|move|p2a: Chesnaught|Leech Seed|p1a: New Meta!|[miss]
|-miss|p2a: Chesnaught|p1a: New Meta!
|
|-heal|p2a: Chesnaught|127\/379|[from] item: Leftovers
|turn|20
|
|move|p1a: New Meta!|Close Combat|p2a: Chesnaught
|-damage|p2a: Chesnaught|0 fnt
|-unboost|p1a: New Meta!|def|1
|-unboost|p1a: New Meta!|spd|1
|-damage|p1a: New Meta!|282\/324|[from] item: Life Orb
|faint|p2a: Chesnaught
|
|
|switch|p2a: Raikou|Raikou|282\/322
|-damage|p2a: Raikou|242\/322|[from] Stealth Rock
|-ability|p2a: Raikou|Pressure
|turn|21
|
|switch|p1a: The Kipper|Swampert, F|316\/404
|-damage|p1a: The Kipper|291\/404|[from] Stealth Rock
|move|p2a: Raikou|Thunderbolt|p1a: The Kipper
|-immune|p1a: The Kipper|[msg]
|
|-heal|p2a: Raikou|262\/322|[from] item: Leftovers
|-heal|p1a: The Kipper|316\/404|[from] item: Leftovers
|turn|22
|
|switch|p2a: Absol|Absol-Mega, M|271\/271
|-damage|p2a: Absol|238\/271|[from] Stealth Rock
|move|p1a: The Kipper|Scald|p2a: Absol
|-damage|p2a: Absol|120\/271
|
|-heal|p1a: The Kipper|341\/404|[from] item: Leftovers
|turn|23
|
|switch|p1a: Florges|Florges, F|250\/360
|-damage|p1a: Florges|205\/360|[from] Stealth Rock
|move|p2a: Absol|Sucker Punch|p1a: Florges
|-fail|p1a: Florges
|
|-heal|p1a: Florges|227\/360|[from] item: Leftovers
|turn|24
|
|move|p2a: Absol|Play Rough|p1a: Florges
|-damage|p1a: Florges|70\/360
|move|p1a: Florges|Wish|p1a: Florges
|
|-heal|p1a: Florges|92\/360|[from] item: Leftovers
|turn|25
|
|move|p1a: Florges|Protect|p1a: Florges
|-singleturn|p1a: Florges|Protect
|move|p2a: Absol|Swords Dance|p2a: Absol
|-boost|p2a: Absol|atk|2
|
|-heal|p1a: Florges|272\/360|[from] move: Wish|[wisher] Florges
|-heal|p1a: Florges|294\/360|[from] item: Leftovers
|turn|26
|
|move|p2a: Absol|Play Rough|p1a: Florges
|-damage|p1a: Florges|0 fnt
|faint|p1a: Florges
|
|
|switch|p1a: The Kipper|Swampert, F|341\/404
|-damage|p1a: The Kipper|316\/404|[from] Stealth Rock
|turn|27
|
|move|p2a: Absol|Sucker Punch|p1a: The Kipper
|-damage|p1a: The Kipper|91\/404
|move|p1a: The Kipper|Earthquake|p2a: Absol
|-damage|p2a: Absol|0 fnt
|faint|p2a: Absol
|
|-heal|p1a: The Kipper|116\/404|[from] item: Leftovers
|
|switch|p2a: Flygon|Flygon, F|53\/302
|-damage|p2a: Flygon|35\/302|[from] Stealth Rock
|turn|28
|
|switch|p1a: DeadMau5|Hydreigon, M|101\/325
|-damage|p1a: DeadMau5|61\/325|[from] Stealth Rock
|move|p2a: Flygon|Superpower|p1a: DeadMau5
|-supereffective|p1a: DeadMau5
|-damage|p1a: DeadMau5|0 fnt
|-unboost|p2a: Flygon|atk|1
|-unboost|p2a: Flygon|def|1
|faint|p1a: DeadMau5
|
|
|switch|p1a: Broadsides|Blastoise, M|152\/362
|-damage|p1a: Broadsides|107\/362|[from] Stealth Rock
|turn|29
|
|switch|p2a: Raikou|Raikou|262\/322
|-damage|p2a: Raikou|222\/322|[from] Stealth Rock
|-ability|p2a: Raikou|Pressure
|detailschange|p1a: Broadsides|Blastoise-Mega, M
|message|Blastoise has Mega Evolved into Mega Blastoise!
|move|p1a: Broadsides|Rapid Spin|p2a: Raikou
|-damage|p2a: Raikou|203\/322
|-sideend|p1: FlederMau5|Stealth Rock|[from] move: Rapid Spin|[of] p1a: Broadsides
|
|-heal|p2a: Raikou|223\/322|[from] item: Leftovers
|turn|30
|
|move|p2a: Raikou|Calm Mind|p2a: Raikou
|-boost|p2a: Raikou|spa|1
|-boost|p2a: Raikou|spd|1
|move|p1a: Broadsides|Dragon Pulse|p2a: Raikou
|-crit|p2a: Raikou
|-damage|p2a: Raikou|0 fnt
|faint|p2a: Raikou
|
|chat|Emblema de Fuego|lol
|chat|Emblema de Fuego|hax
|
|switch|p2a: Flygon|Flygon, F|35\/302
|-damage|p2a: Flygon|17\/302|[from] Stealth Rock
|turn|31
|chat|Emblema de Fuego|lucky
|
|move|p2a: Flygon|Earthquake|p1a: Broadsides
|-damage|p1a: Broadsides|0 fnt
|faint|p1a: Broadsides
|
|
|switch|p1a: The Kipper|Swampert, F|116\/404
|turn|32
|
|move|p2a: Flygon|Earthquake|p1a: The Kipper
|-damage|p1a: The Kipper|0 fnt
|faint|p1a: The Kipper
|
|
|switch|p1a: New Meta!|Cobalion|282\/324
|turn|33
|
|move|p2a: Flygon|Earthquake|p1a: New Meta!
|-supereffective|p1a: New Meta!
|-damage|p1a: New Meta!|4\/324
|move|p1a: New Meta!|Iron Head|p2a: Flygon
|-damage|p2a: Flygon|0 fnt
|-damage|p1a: New Meta!|0 fnt|[from] item: Life Orb
|faint|p2a: Flygon
|faint|p1a: New Meta!
|
|chat|Emblema de Fuego|lol more?
|
|switch|p1a: Alla Dat|Victini, shiny|197\/341
|switch|p2a: Fletchinder|Fletchinder, M|327\/327
|-damage|p2a: Fletchinder|164\/327|[from] Stealth Rock
|turn|34
|
|move|p2a: Fletchinder|Roost|p2a: Fletchinder
|-heal|p2a: Fletchinder|327\/327
|move|p1a: Alla Dat|Bolt Strike|p2a: Fletchinder
|-damage|p2a: Fletchinder|127\/327
|
|turn|35
|chat|FlederMau5|I'll just miss a bolt strike, then you'll have your justice :)
|chat|Emblema de Fuego|lol
|chat|Emblema de Fuego|100%
|
|move|p2a: Fletchinder|Fly|p1a: Alla Dat|[still]
|-prepare|p2a: Fletchinder|Fly|p1a: Alla Dat
|move|p1a: Alla Dat|Bolt Strike|p2a: Fletchinder|[miss]
|-miss|p1a: Alla Dat|p2a: Fletchinder
|
|turn|36
|chat|Emblema de Fuego|and my crit???
|
|move|p2a: Fletchinder|Fly|p1a: Alla Dat
|-damage|p1a: Alla Dat|79\/341
|move|p1a: Alla Dat|Bolt Strike|p2a: Fletchinder
|-crit|p2a: Fletchinder
|-supereffective|p2a: Fletchinder
|-damage|p2a: Fletchinder|0 fnt
|faint|p2a: Fletchinder
|
|win|FlederMau5
|raw|Ladder updating...
|chat|Emblema de Fuego|ok now!
|raw|FlederMau5's rating: 1666 &rarr; <strong>1677<\/strong><br \/>(+11 for winning)
|raw|Emblema de Fuego's rating: 1497 &rarr; <strong>1486<\/strong><br \/>(-11 for losing)
|chat|Emblema de Fuego|lol
|leave|FlederMau5
|player|p1