|join|FlederMau5
|join|mr.burp
|player|p1|FlederMau5|169
|player|p2|mr.burp|124
|gametype|singles
|gen|6
|tier|UU
|rated
|rule|Sleep Clause Mod: Limit one foe put to sleep
|rule|Species Clause: Limit one of each PokÃ©mon
|rule|OHKO Clause: OHKO moves are banned
|rule|Moody Clause: Moody is banned
|rule|Evasion Moves Clause: Evasion moves are banned
|rule|Endless Battle Clause: Forcing endless battles is banned
|rule|HP Percentage Mod: HP is reported as percentages
|clearpoke
|poke|p1|Blastoise, M
|poke|p1|Hydreigon, M
|poke|p1|Victini, shiny
|poke|p1|Haxorus, M, shiny
|poke|p1|Sableye, M
|poke|p1|Florges, F
|poke|p2|Absol, M
|poke|p2|Suicune
|poke|p2|Cobalion
|poke|p2|Crobat, M
|poke|p2|Nidoking, M
|poke|p2|Heracross, M
|rule|Swagger Clause: Swagger is banned
|rule|Baton Pass Clause: Limit one PokÃ©mon knowing Baton Pass
|teampreview
|
|start
|switch|p1a: Alla Dat|Victini, shiny|341\/341
|switch|p2a: Nidoking|Nidoking, M|303\/303
|turn|1
|
|switch|p2a: Suicune|Suicune|404\/404
|-ability|p2a: Suicune|Pressure
|move|p1a: Alla Dat|U-turn|p2a: Suicune
|-damage|p2a: Suicune|338\/404
|
|switch|p1a: Evil Tingle|Sableye, M|304\/304
|
|-heal|p2a: Suicune|363\/404|[from] item: Leftovers
|turn|2
|
|move|p2a: Suicune|Scald|p1a: Evil Tingle
|-damage|p1a: Evil Tingle|225\/304
|move|p1a: Evil Tingle|Knock Off|p2a: Suicune
|-damage|p2a: Suicune|302\/404
|-enditem|p2a: Suicune|Leftovers|[from] move: Knock Off|[of] p1a: Evil Tingle
|
|-heal|p1a: Evil Tingle|244\/304|[from] item: Leftovers
|turn|3
|
|move|p1a: Evil Tingle|Taunt|p2a: Suicune
|-start|p2a: Suicune|move: Taunt
|move|p2a: Suicune|Scald|p1a: Evil Tingle
|-damage|p1a: Evil Tingle|166\/304
|
|-heal|p1a: Evil Tingle|185\/304|[from] item: Leftovers
|turn|4
|
|move|p1a: Evil Tingle|Will-O-Wisp|p2a: Suicune
|-status|p2a: Suicune|brn
|move|p2a: Suicune|Scald|p1a: Evil Tingle
|-damage|p1a: Evil Tingle|101\/304
|
|-heal|p1a: Evil Tingle|120\/304|[from] item: Leftovers
|-damage|p2a: Suicune|252\/404 brn|[from] brn
|turn|5
|
|switch|p2a: Absol|Absol, M|271\/271
|move|p1a: Evil Tingle|Recover|p1a: Evil Tingle
|-heal|p1a: Evil Tingle|272\/304
|
|-heal|p1a: Evil Tingle|291\/304|[from] item: Leftovers
|turn|6
|
|switch|p1a: Roserade?|Florges, F|360\/360
|detailschange|p2a: Absol|Absol-Mega, M
|message|Absol has Mega Evolved into Mega Absol!
|move|p2a: Absol|Swords Dance|p2a: Absol
|-boost|p2a: Absol|atk|2
|
|turn|7
|
|switch|p2a: Suicune|Suicune|252\/404 brn
|-ability|p2a: Suicune|Pressure
|move|p1a: Roserade?|Moonblast|p2a: Suicune
|-damage|p2a: Suicune|149\/404 brn
|
|-damage|p2a: Suicune|99\/404 brn|[from] brn
|turn|8
|
|move|p2a: Suicune|Rest|p2a: Suicune
|-status|p2a: Suicune|slp
|-heal|p2a: Suicune|404\/404 slp|[silent]
|-status|p2a: Suicune|slp|[from] move: Rest
|move|p1a: Roserade?|Moonblast|p2a: Suicune
|-damage|p2a: Suicune|292\/404 slp
|
|turn|9
|
|switch|p2a: Crobat|Crobat, M|374\/374
|switch|p1a: Alla Dat|Victini, shiny|341\/341
|
|turn|10
|
|move|p2a: Crobat|Toxic|p1a: Alla Dat
|-status|p1a: Alla Dat|tox
|move|p1a: Alla Dat|V-create|p2a: Crobat
|-damage|p2a: Crobat|0 fnt
|-unboost|p1a: Alla Dat|def|1
|-unboost|p1a: Alla Dat|spd|1
|-unboost|p1a: Alla Dat|spe|1
|faint|p2a: Crobat
|
|-damage|p1a: Alla Dat|320\/341 tox|[from] psn
|
|switch|p2a: Nidoking|Nidoking, M|303\/303
|turn|11
|
|switch|p1a: DeadMau5|Hydreigon, M|325\/325
|move|p2a: Nidoking|Earth Power|p1a: DeadMau5
|-immune|p1a: DeadMau5|[msg]
|
|turn|12
|
|move|p1a: DeadMau5|Draco Meteor|p2a: Nidoking
|-damage|p2a: Nidoking|0 fnt
|-unboost|p1a: DeadMau5|spa|2
|-damage|p1a: DeadMau5|293\/325|[from] item: Life Orb
|faint|p2a: Nidoking
|
|
|switch|p2a: Cobalion|Cobalion|386\/386
|turn|13
|
|switch|p1a: Evil Tingle|Sableye, M|291\/304
|move|p2a: Cobalion|Stealth Rock|p1a: Evil Tingle
|-sidestart|p1: FlederMau5|move: Stealth Rock
|
|-heal|p1a: Evil Tingle|304\/304|[from] item: Leftovers
|turn|14
|
|switch|p2a: Absol|Absol-Mega, M|271\/271
|move|p1a: Evil Tingle|Will-O-Wisp|p2a: Absol
|move|p2a: Absol|Will-O-Wisp|p1a: Evil Tingle|[from]Magic Bounce
|-status|p1a: Evil Tingle|brn
|
|-damage|p1a: Evil Tingle|266\/304 brn|[from] brn
|turn|15
|
|switch|p1a: Roserade?|Florges, F|360\/360
|-damage|p1a: Roserade?|315\/360|[from] Stealth Rock
|move|p2a: Absol|Play Rough|p1a: Roserade?
|-damage|p1a: Roserade?|188\/360
|
|-heal|p1a: Roserade?|210\/360|[from] item: Leftovers
|turn|16
|
|switch|p2a: Cobalion|Cobalion|386\/386
|move|p1a: Roserade?|Moonblast|p2a: Cobalion
|-damage|p2a: Cobalion|209\/386
|
|-heal|p2a: Cobalion|233\/386|[from] item: Leftovers
|-heal|p1a: Roserade?|232\/360|[from] item: Leftovers
|turn|17
|
|move|p1a: Roserade?|Protect|p1a: Roserade?
|-singleturn|p1a: Roserade?|Protect
|move|p2a: Cobalion|Thunder Wave|p1a: Roserade?
|-activate|p1a: Roserade?|Protect
|
|-heal|p2a: Cobalion|257\/386|[from] item: Leftovers
|-heal|p1a: Roserade?|254\/360|[from] item: Leftovers
|turn|18
|
|switch|p1a: Alla Dat|Victini, shiny|320\/341 tox
|-damage|p1a: Alla Dat|235\/341 tox|[from] Stealth Rock
|move|p2a: Cobalion|Thunder Wave|p1a: Alla Dat
|-fail|p1a: Alla Dat
|
|-heal|p2a: Cobalion|281\/386|[from] item: Leftovers
|-damage|p1a: Alla Dat|214\/341 tox|[from] psn
|turn|19
|
|move|p2a: Cobalion|Volt Switch|p1a: Alla Dat
|-damage|p1a: Alla Dat|164\/341 tox
|
|switch|p2a: Suicune|Suicune|292\/404 slp
|-ability|p2a: Suicune|Pressure
|move|p1a: Alla Dat|V-create|p2a: Suicune
|-resisted|p2a: Suicune
|-damage|p2a: Suicune|153\/404 slp
|-unboost|p1a: Alla Dat|def|1
|-unboost|p1a: Alla Dat|spd|1
|-unboost|p1a: Alla Dat|spe|1
|
|-damage|p1a: Alla Dat|122\/341 tox|[from] psn
|turn|20
|
|switch|p1a: The Terror|Haxorus, M, shiny|294\/294
|-damage|p1a: The Terror|258\/294|[from] Stealth Rock
|-ability|p1a: The Terror|Mold Breaker
|cant|p2a: Suicune|slp
|move|p2a: Suicune|Sleep Talk|p2a: Suicune
|move|p2a: Suicune|Rest|p2a: Suicune|[from]Sleep Talk
|-fail|p2a: Suicune
|
|turn|21
|
|move|p1a: The Terror|Dragon Dance|p1a: The Terror
|-boost|p1a: The Terror|atk|1
|-boost|p1a: The Terror|spe|1
|cant|p2a: Suicune|slp
|move|p2a: Suicune|Sleep Talk|p2a: Suicune
|move|p2a: Suicune|Rest|p2a: Suicune|[from]Sleep Talk
|-fail|p2a: Suicune
|
|turn|22
|
|switch|p2a: Cobalion|Cobalion|281\/386
|move|p1a: The Terror|Outrage|p2a: Cobalion
|-resisted|p2a: Cobalion
|-damage|p2a: Cobalion|134\/386
|
|-heal|p2a: Cobalion|158\/386|[from] item: Leftovers
|turn|23
|
|move|p1a: The Terror|Outrage|p2a: Cobalion
|-resisted|p2a: Cobalion
|-damage|p2a: Cobalion|23\/386
|move|p2a: Cobalion|Thunder Wave|p1a: The Terror
|-status|p1a: The Terror|par
|-enditem|p1a: The Terror|Lum Berry|[eat]
|-curestatus|p1a: The Terror|par
|
|-end|p1a: The Terror|rampage
|-start|p1a: The Terror|confusion
|-heal|p2a: Cobalion|47\/386|[from] item: Leftovers
|turn|24
|
|-activate|p1a: The Terror|confusion
|-damage|p1a: The Terror|170\/294|[from] confusion
|move|p2a: Cobalion|Close Combat|p1a: The Terror
|-damage|p1a: The Terror|35\/294
|-unboost|p2a: Cobalion|def|1
|-unboost|p2a: Cobalion|spd|1
|
|-heal|p2a: Cobalion|71\/386|[from] item: Leftovers
|turn|25
|
|-activate|p1a: The Terror|confusion
|-damage|p1a: The Terror|0 fnt|[from] confusion
|faint|p1a: The Terror
|move|p2a: Cobalion|Close Combat|p1: The Terror|[notarget]
|-notarget
|
|-heal|p2a: Cobalion|95\/386|[from] item: Leftovers
|
|switch|p1a: Broadsides|Blastoise, M|362\/362
|-damage|p1a: Broadsides|317\/362|[from] Stealth Rock
|turn|26
|
|detailschange|p1a: Broadsides|Blastoise-Mega, M
|message|Blastoise has Mega Evolved into Mega Blastoise!
|move|p2a: Cobalion|Volt Switch|p1a: Broadsides
|-supereffective|p1a: Broadsides
|-damage|p1a: Broadsides|233\/362
|
|switch|p2a: Suicune|Suicune|153\/404 slp
|-ability|p2a: Suicune|Pressure
|move|p1a: Broadsides|Dragon Pulse|p2a: Suicune
|-damage|p2a: Suicune|14\/404 slp
|
|turn|27
|
|switch|p1a: Alla Dat|Victini, shiny|122\/341 tox
|-damage|p1a: Alla Dat|37\/341 tox|[from] Stealth Rock
|-curestatus|p2a: Suicune|slp
|move|p2a: Suicune|Rest|p2a: Suicune
|-status|p2a: Suicune|slp
|-heal|p2a: Suicune|404\/404 slp|[silent]
|-status|p2a: Suicune|slp|[from] move: Rest
|
|-damage|p1a: Alla Dat|16\/341 tox|[from] psn
|turn|28
|
|move|p1a: Alla Dat|Bolt Strike|p2a: Suicune
|-supereffective|p2a: Suicune
|-damage|p2a: Suicune|142\/404 slp
|cant|p2a: Suicune|slp
|move|p2a: Suicune|Sleep Talk|p2a: Suicune
|move|p2a: Suicune|Rest|p2a: Suicune|[from]Sleep Talk
|-fail|p2a: Suicune
|
|-damage|p1a: Alla Dat|0 fnt|[from] psn
|faint|p1a: Alla Dat
|
|switch|p1a: DeadMau5|Hydreigon, M|293\/325
|-damage|p1a: DeadMau5|253\/325|[from] Stealth Rock
|turn|29
|
|move|p1a: DeadMau5|Dark Pulse|p2a: Suicune
|-damage|p2a: Suicune|0 fnt
|-damage|p1a: DeadMau5|221\/325|[from] item: Life Orb
|faint|p2a: Suicune
|
|
|switch|p2a: Cobalion|Cobalion|95\/386
|turn|30
|
|move|p2a: Cobalion|Close Combat|p1a: DeadMau5
|-supereffective|p1a: DeadMau5
|-damage|p1a: DeadMau5|0 fnt
|-unboost|p2a: Cobalion|def|1
|-unboost|p2a: Cobalion|spd|1
|faint|p1a: DeadMau5
|
|-heal|p2a: Cobalion|119\/386|[from] item: Leftovers
|
|switch|p1a: Broadsides|Blastoise-Mega, M|233\/362
|-damage|p1a: Broadsides|188\/362|[from] Stealth Rock
|turn|31
|
|move|p2a: Cobalion|Volt Switch|p1a: Broadsides
|-supereffective|p1a: Broadsides
|-damage|p1a: Broadsides|90\/362
|
|switch|p2a: Heracross|Heracross, M|302\/302
|move|p1a: Broadsides|Scald|p2a: Heracross
|-damage|p2a: Heracross|122\/302
|-status|p2a: Heracross|brn
|
|-damage|p2a: Heracross|85\/302 brn|[from] brn
|turn|32
|
|move|p2a: Heracross|Megahorn|p1a: Broadsides
|-damage|p1a: Broadsides|0 fnt
|faint|p1a: Broadsides
|
|-damage|p2a: Heracross|48\/302 brn|[from] brn
|
|switch|p1a: Evil Tingle|Sableye, M|266\/304 brn
|-damage|p1a: Evil Tingle|228\/304 brn|[from] Stealth Rock
|turn|33
|
|switch|p2a: Absol|Absol-Mega, M|271\/271
|move|p1a: Evil Tingle|Recover|p1a: Evil Tingle
|-heal|p1a: Evil Tingle|304\/304 brn
|
|-damage|p1a: Evil Tingle|266\/304 brn|[from] brn
|turn|34
|
|switch|p1a: Roserade?|Florges, F|254\/360
|-damage|p1a: Roserade?|209\/360|[from] Stealth Rock
|move|p2a: Absol|Swords Dance|p2a: Absol
|-boost|p2a: Absol|atk|2
|
|-heal|p1a: Roserade?|231\/360|[from] item: Leftovers
|turn|35
|
|move|p2a: Absol|Play Rough|p1a: Roserade?
|-damage|p1a: Roserade?|0 fnt
|faint|p1a: Roserade?
|
|-message|FlederMau5 forfeited.
|
|win|mr.burp
|raw|Ladder updating...
|leave|FlederMau5
|player|p1
|raw|FlederMau5's rating: 1604 &rarr; <strong>1580<\/strong><br \/>(-24 for losing)
|raw|mr.burp's rating: 1526 &rarr; <strong>1551<\/strong><br \/>(+25 for winning)