|join|0chance
|join|FlederMau5
|player|p1|0chance|238
|player|p2|FlederMau5|169
|gametype|singles
|gen|6
|tier|UU
|rule|Sleep Clause Mod: Limit one foe put to sleep
|rule|Species Clause: Limit one of each PokÃ©mon
|rule|OHKO Clause: OHKO moves are banned
|rule|Moody Clause: Moody is banned
|rule|Evasion Moves Clause: Evasion moves are banned
|rule|Endless Battle Clause: Forcing endless battles is banned
|rule|HP Percentage Mod: HP is reported as percentages
|clearpoke
|poke|p1|Darmanitan, F
|poke|p1|Mienshao, F
|poke|p1|Absol, M
|poke|p1|Shaymin
|poke|p1|Snorlax, M
|poke|p1|Suicune
|poke|p2|Blastoise, F
|poke|p2|Hydreigon, F
|poke|p2|Victini, shiny
|poke|p2|Haxorus, M, shiny
|poke|p2|Swampert, F
|poke|p2|Florges, F
|rule|Swagger Clause: Swagger is banned
|rule|Baton Pass Clause: Limit one PokÃ©mon knowing Baton Pass
|teampreview
|join|poopmars
|join|Colbrushie
|chat|Colbrushie|Iunno if I like
|
|start
|switch|p1a: Absol|Absol, M|271\/271
|switch|p2a: The Kipper|Swampert, F|404\/404
|turn|1
|chat|Colbrushie|Shiny Tini over regular Tini
|join|Go AV Blissey
|
|detailschange|p1a: Absol|Absol-Mega, M
|message|Absol has Mega Evolved into Mega Absol!
|move|p1a: Absol|Protect|p1a: Absol
|-singleturn|p1a: Absol|Protect
|move|p2a: The Kipper|Earthquake|p1a: Absol
|-activate|p1a: Absol|Protect
|
|turn|2
|
|switch|p1a: Shaymin|Shaymin|341\/341
|move|p2a: The Kipper|Scald|p1a: Shaymin
|-resisted|p1a: Shaymin
|-damage|p1a: Shaymin|297\/341
|
|turn|3
|
|switch|p2a: DeadMau5|Hydreigon, F|325\/325
|move|p1a: Shaymin|Seed Flare|p2a: DeadMau5
|-resisted|p2a: DeadMau5
|-damage|p2a: DeadMau5|189\/325
|-unboost|p2a: DeadMau5|spd|2
|-damage|p1a: Shaymin|263\/341|[from] item: Life Orb
|
|turn|4
|join|ibrahiim16
|chat|Colbrushie|well
|chat|Colbrushie|that's definitely defensive shaymin
|join|aqbf
|leave|ibrahiim16
|chat|Colbrushie|scarfed y\/n
|join|Etika Fan
|chat|Go AV Blissey|lol
|
|switch|p2a: Roserade?|Florges, F|360\/360
|move|p1a: Shaymin|Seed Flare|p2a: Roserade?|[miss]
|-miss|p1a: Shaymin|p2a: Roserade?
|
|turn|5
|join|noahassefa6
|
|move|p1a: Shaymin|Seed Flare|p2a: Roserade?|[miss]
|-miss|p1a: Shaymin|p2a: Roserade?
|move|p2a: Roserade?|Moonblast|p1a: Shaymin
|-damage|p1a: Shaymin|145\/341
|-unboost|p1a: Shaymin|spa|1
|
|turn|6
|chat|Go AV Blissey|curselax and crocune?
|chat|FlederMau5|This is literally a team out if my nightmares
|chat|Go AV Blissey|good luck haha
|leave|Etika Fan
|
|switch|p1a: Snorlax|Snorlax, M|524\/524
|move|p2a: Roserade?|Moonblast|p1a: Snorlax
|-damage|p1a: Snorlax|443\/524
|
|-heal|p1a: Snorlax|475\/524|[from] item: Leftovers
|turn|7
|chat|0chance|i just wanted the cheapest things
|
|switch|p2a: The Kipper|Swampert, F|404\/404
|move|p1a: Snorlax|Curse|p1a: Snorlax
|-boost|p1a: Snorlax|atk|1
|-boost|p1a: Snorlax|def|1
|-unboost|p1a: Snorlax|spe|1
|
|-heal|p1a: Snorlax|507\/524|[from] item: Leftovers
|turn|8
|
|move|p2a: The Kipper|Stealth Rock|p1a: Snorlax
|-sidestart|p1: 0chance|move: Stealth Rock
|move|p1a: Snorlax|Body Slam|p2a: The Kipper
|-damage|p2a: The Kipper|275\/404
|
|-heal|p2a: The Kipper|300\/404|[from] item: Leftovers
|-heal|p1a: Snorlax|524\/524|[from] item: Leftovers
|turn|9
|chat|Colbrushie|Wait what the heck
|leave|aqbf
|chat|Go AV Blissey|what
|chat|Colbrushie|I just made a Crocune\/Curselax team yesterday
|
|move|p1a: Snorlax|Body Slam|p2a: The Kipper
|-damage|p2a: The Kipper|177\/404
|move|p2a: The Kipper|Roar|p1a: Snorlax
|drag|p1a: Mienshao|Mienshao, F|271\/271
|-damage|p1a: Mienshao|255\/271|[from] Stealth Rock
|
|-heal|p2a: The Kipper|202\/404|[from] item: Leftovers
|turn|10
|chat|Colbrushie|LOL
|join|aqbf
|chat|Go AV Blissey|scary
|
|switch|p2a: Roserade?|Florges, F|360\/360
|move|p1a: Mienshao|High Jump Kick|p2a: Roserade?|[miss]
|-miss|p1a: Mienshao|p2a: Roserade?
|-damage|p1a: Mienshao|120\/271|[from] highjumpkick
|
|turn|11
|chat|FlederMau5|Help me...
|chat|Colbrushie|rip
|
|move|p1a: Mienshao|U-turn|p2a: Roserade?
|-resisted|p2a: Roserade?
|-damage|p2a: Roserade?|312\/360
|-damage|p1a: Mienshao|93\/271|[from] item: Life Orb
|chat|Colbrushie|u better have wished
|
|switch|p1a: Snorlax|Snorlax, M|524\/524
|-damage|p1a: Snorlax|459\/524|[from] Stealth Rock
|move|p2a: Roserade?|Moonblast|p1a: Snorlax
|-damage|p1a: Snorlax|383\/524
|
|-heal|p2a: Roserade?|334\/360|[from] item: Leftovers
|-heal|p1a: Snorlax|415\/524|[from] item: Leftovers
|turn|12
|chat|Colbrushie|oh lord
|
|move|p2a: Roserade?|Wish|p2a: Roserade?
|move|p1a: Snorlax|Body Slam|p2a: Roserade?
|-damage|p2a: Roserade?|225\/360
|
|-heal|p2a: Roserade?|247\/360|[from] item: Leftovers
|-heal|p1a: Snorlax|447\/524|[from] item: Leftovers
|turn|13
|
|switch|p2a: The Kipper|Swampert, F|202\/404
|move|p1a: Snorlax|Curse|p1a: Snorlax
|-boost|p1a: Snorlax|atk|1
|-boost|p1a: Snorlax|def|1
|-unboost|p1a: Snorlax|spe|1
|
|-heal|p2a: The Kipper|382\/404|[from] move: Wish|[wisher] Roserade?
|-heal|p2a: The Kipper|404\/404|[from] item: Leftovers
|-heal|p1a: Snorlax|479\/524|[from] item: Leftovers
|turn|14
|
|move|p1a: Snorlax|Body Slam|p2a: The Kipper
|-damage|p2a: The Kipper|271\/404
|move|p2a: The Kipper|Roar|p1a: Snorlax
|drag|p1a: Suicune|Suicune|404\/404
|-damage|p1a: Suicune|354\/404|[from] Stealth Rock
|-ability|p1a: Suicune|Pressure
|
|-heal|p1a: Suicune|379\/404|[from] item: Leftovers
|-heal|p2a: The Kipper|296\/404|[from] item: Leftovers
|turn|15
|chat|Colbrushie|out of the frying pan
|join|Volbeatdown
|
|move|p1a: Suicune|Scald|p2a: The Kipper
|-damage|p2a: The Kipper|193\/404
|move|p2a: The Kipper|Roar|p1a: Suicune
|drag|p1a: Darmanitan|Darmanitan, F|351\/351
|-damage|p1a: Darmanitan|264\/351|[from] Stealth Rock
|
|-heal|p2a: The Kipper|218\/404|[from] item: Leftovers
|turn|16
|chat|FlederMau5|So many threats
|chat|Colbrushie|if only you had more hazards
|join|Thisbemyalt
|
|move|p1a: Darmanitan|U-turn|p2a: The Kipper
|-damage|p2a: The Kipper|149\/404
|
|switch|p1a: Mienshao|Mienshao, F|183\/271
|-damage|p1a: Mienshao|167\/271|[from] Stealth Rock
|move|p2a: The Kipper|Scald|p1a: Mienshao
|-damage|p1a: Mienshao|38\/271
|
|-heal|p2a: The Kipper|174\/404|[from] item: Leftovers
|turn|17
|join|King UU
|
|switch|p2a: Alla Dat|Victini, shiny|341\/341
|move|p1a: Mienshao|High Jump Kick|p2a: Alla Dat
|-resisted|p2a: Alla Dat
|-damage|p2a: Alla Dat|199\/341
|-damage|p1a: Mienshao|11\/271|[from] item: Life Orb
|
|turn|18
|
|switch|p1a: Suicune|Suicune|379\/404
|-damage|p1a: Suicune|329\/404|[from] Stealth Rock
|-ability|p1a: Suicune|Pressure
|move|p2a: Alla Dat|Bolt Strike|p1a: Suicune
|-supereffective|p1a: Suicune
|-damage|p1a: Suicune|95\/404
|
|-heal|p1a: Suicune|120\/404|[from] item: Leftovers
|turn|19
|chat|Colbrushie|ruhroh
|chat|Go AV Blissey|the predictions
|chat|Volbeatdown|no safe switch ins
|chat|Colbrushie|shaymin risks the speed tie
|leave|Thisbemyalt
|join|BurstStream
|chat|FlederMau5|Who's gonna bite it?
|leave|BurstStream
|chat|Volbeatdown|\/me plays the jeopardy song
|chat|Go AV Blissey|lets gooooo
|chat|FlederMau5|0chance of survival-ahhh wordplay :P
|chat|Go AV Blissey|ayyyyy
|chat|Volbeatdown|oi
|chat|Volbeatdown|noice one pa;
|chat|Volbeatdown|pal*
|join|Dudeman130498
|chat|FlederMau5|I'm still probably going to lose
|chat|Go AV Blissey|dont timestall
|chat|Dudeman130498|let's go fledermau5
|chat|Dudeman130498|i got my money on you
|chat|Go AV Blissey|dont say that
|join|so dynamic
|join|MistahPenguino
|chat|FlederMau5|poor choice dude
|chat|Go AV Blissey|STOP 
|chat|Go AV Blissey|BELIEVE IN YOURSELF
|chat|FlederMau5|you could just forfeit, that's always an option :P
|chat|Volbeatdown|me too Dudeman130498
|chat|MistahPenguino|19 turns
|chat|Go AV Blissey|me 3
|chat|Volbeatdown|I picked Fleder
|chat|MistahPenguino|a darm
|chat|MistahPenguino|and atini
|chat|MistahPenguino|and no one's died?
|chat|Volbeatdown|ikr
|chat|FlederMau5|give it a sec
|chat|MistahPenguino|Wtf is this shinanegans xD
|chat|Volbeatdown|\/me plays the jeopardy song slightly louder
|chat|so dynamic|go to 0
|chat|Go AV Blissey|Turnt up
|chat|FlederMau5|only slightly?
|chat|Go AV Blissey|oh boy
|chat|Dudeman130498|k welp
|chat|King UU|wot happened to him?
|chat|FlederMau5|turn down for what?!
|-message|0chance lost due to inactivity.
|
|win|FlederMau5
|chat|Dudeman130498|hax swept anyway
|chat|FlederMau5|yay
|chat|MistahPenguino|Lmao
|leave|so dynamic
|chat|MistahPenguino|What happened?
|join|DatLatias
|chat|Go AV Blissey|haha
|leave|Dudeman130498
|leave|King UU
|leave|DatLatias
|leave|Go AV Blissey
|leave|MistahPenguino
|chat|FlederMau5|yeah, long as M-Abs died
|leave|FlederMau5
|player|p2
|leave|Volbeatdown
|leave|0chance
|player|p1
|leave|poopmars
|leave|Colbrushie