|join|FlederMau5
|join|newbishop
|player|p1|FlederMau5|169
|player|p2|newbishop|265
|gametype|singles
|gen|6
|tier|UU
|rated
|rule|Sleep Clause Mod: Limit one foe put to sleep
|rule|Species Clause: Limit one of each PokÃ©mon
|rule|OHKO Clause: OHKO moves are banned
|rule|Moody Clause: Moody is banned
|rule|Evasion Moves Clause: Evasion moves are banned
|rule|Endless Battle Clause: Forcing endless battles is banned
|rule|HP Percentage Mod: HP is reported as percentages
|clearpoke
|poke|p1|Haxorus, M, shiny
|poke|p1|Hydreigon, M
|poke|p1|Florges, F
|poke|p1|Blastoise, M
|poke|p1|Swampert, M
|poke|p1|Victini, shiny
|poke|p2|Infernape, M
|poke|p2|Ampharos, M
|poke|p2|Amoonguss, F
|poke|p2|Empoleon, M
|poke|p2|Slowbro, M
|poke|p2|Hydreigon, F
|rule|Swagger Clause: Swagger is banned
|rule|Baton Pass Clause: Limit one PokÃ©mon knowing Baton Pass
|teampreview
|
|start
|switch|p1a: Alla dat|Victini, shiny|341\/341
|switch|p2a: Amoonguss|Amoonguss, F|432\/432
|turn|1
|
|switch|p2a: Ampharos|Ampharos, M|384\/384
|move|p1a: Alla dat|Trick|p2a: Ampharos
|-fail|p2a: Ampharos
|
|turn|2
|
|switch|p1a: Roserade?|Florges, F|360\/360
|detailschange|p2a: Ampharos|Ampharos-Mega, M
|message|Ampharos has Mega Evolved into Mega Ampharos!
|-ability|p2a: Ampharos|Mold Breaker
|move|p2a: Ampharos|Dragon Pulse|p1a: Roserade?
|-immune|p1a: Roserade?|[msg]
|
|turn|3
|
|switch|p2a: Empoleon|Empoleon, M|372\/372
|move|p1a: Roserade?|Wish|p1a: Roserade?
|
|turn|4
|
|switch|p1a: Broadsides|Blastoise, M|362\/362
|move|p2a: Empoleon|Stealth Rock|p1a: Broadsides
|-sidestart|p1: FlederMau5|move: Stealth Rock
|
|turn|5
|
|detailschange|p1a: Broadsides|Blastoise-Mega, M
|message|Blastoise has Mega Evolved into Mega Blastoise!
|move|p1a: Broadsides|Dark Pulse|p2a: Empoleon
|-damage|p2a: Empoleon|255\/372
|move|p2a: Empoleon|Toxic|p1a: Broadsides
|-status|p1a: Broadsides|tox
|
|-heal|p2a: Empoleon|278\/372|[from] item: Leftovers
|-damage|p1a: Broadsides|340\/362 tox|[from] psn
|turn|6
|
|switch|p2a: Amoonguss|Amoonguss, F|432\/432
|move|p1a: Broadsides|Rapid Spin|p2a: Amoonguss
|-damage|p2a: Amoonguss|418\/432
|-sideend|p1: FlederMau5|Stealth Rock|[from] move: Rapid Spin|[of] p1a: Broadsides
|
|-heal|p2a: Amoonguss|432\/432|[from] item: Black Sludge
|-damage|p1a: Broadsides|296\/362 tox|[from] psn
|turn|7
|
|switch|p1a: The Kipper|Swampert, M|404\/404
|move|p2a: Amoonguss|Spore|p1a: The Kipper
|-status|p1a: The Kipper|slp
|
|turn|8
|
|switch|p1a: Alla dat|Victini, shiny|341\/341
|switch|p2a: Ampharos|Ampharos-Mega, M|384\/384
|-ability|p2a: Ampharos|Mold Breaker
|
|turn|9
|
|move|p1a: Alla dat|U-turn|p2a: Ampharos
|-damage|p2a: Ampharos|315\/384
|
|switch|p1a: Roserade?|Florges, F|360\/360
|move|p2a: Ampharos|Volt Switch|p1a: Roserade?
|-damage|p1a: Roserade?|273\/360
|
|switch|p2a: Slowbro|Slowbro, M|394\/394
|
|-heal|p1a: Roserade?|295\/360|[from] item: Leftovers
|turn|10
|
|switch|p1a: DeadMau5|Hydreigon, M|325\/325
|switch|p2a: Empoleon|Empoleon, M|278\/372
|
|-heal|p2a: Empoleon|301\/372|[from] item: Leftovers
|turn|11
|
|move|p1a: DeadMau5|U-turn|p2a: Empoleon
|-crit|p2a: Empoleon
|-resisted|p2a: Empoleon
|-damage|p2a: Empoleon|257\/372
|
|switch|p1a: Alla dat|Victini, shiny|341\/341
|move|p2a: Empoleon|Stealth Rock|p1a: Alla dat
|-sidestart|p1: FlederMau5|move: Stealth Rock
|
|-heal|p2a: Empoleon|280\/372|[from] item: Leftovers
|turn|12
|
|switch|p2a: Ampharos|Ampharos-Mega, M|315\/384
|-ability|p2a: Ampharos|Mold Breaker
|move|p1a: Alla dat|U-turn|p2a: Ampharos
|-damage|p2a: Ampharos|239\/384
|
|switch|p1a: Broadsides|Blastoise-Mega, M|296\/362 tox
|-damage|p1a: Broadsides|251\/362 tox|[from] Stealth Rock
|
|-damage|p1a: Broadsides|229\/362 tox|[from] psn
|turn|13
|
|switch|p2a: Empoleon|Empoleon, M|280\/372
|move|p1a: Broadsides|Dragon Pulse|p2a: Empoleon
|-crit|p2a: Empoleon
|-resisted|p2a: Empoleon
|-damage|p2a: Empoleon|188\/372
|
|-heal|p2a: Empoleon|211\/372|[from] item: Leftovers
|-damage|p1a: Broadsides|185\/362 tox|[from] psn
|turn|14
|
|switch|p1a: Roserade?|Florges, F|295\/360
|-damage|p1a: Roserade?|250\/360|[from] Stealth Rock
|move|p2a: Empoleon|Toxic|p1a: Roserade?
|-status|p1a: Roserade?|tox
|
|-heal|p1a: Roserade?|272\/360 tox|[from] item: Leftovers
|-heal|p2a: Empoleon|234\/372|[from] item: Leftovers
|-damage|p1a: Roserade?|250\/360 tox|[from] psn
|turn|15
|
|move|p1a: Roserade?|Aromatherapy|p1a: Roserade?
|-cureteam|p1a: Roserade?|[from] move: Aromatherapy
|move|p2a: Empoleon|Toxic|p1a: Roserade?
|-status|p1a: Roserade?|tox
|
|-heal|p1a: Roserade?|272\/360 tox|[from] item: Leftovers
|-heal|p2a: Empoleon|257\/372|[from] item: Leftovers
|-damage|p1a: Roserade?|250\/360 tox|[from] psn
|turn|16
|
|switch|p2a: Amoonguss|Amoonguss, F|432\/432
|move|p1a: Roserade?|Wish|p1a: Roserade?
|
|-heal|p1a: Roserade?|272\/360 tox|[from] item: Leftovers
|-damage|p1a: Roserade?|228\/360 tox|[from] psn
|turn|17
|
|switch|p1a: Alla dat|Victini, shiny|341\/341
|-damage|p1a: Alla dat|256\/341|[from] Stealth Rock
|move|p2a: Amoonguss|Spore|p1a: Alla dat
|-status|p1a: Alla dat|slp
|
|-heal|p1a: Alla dat|341\/341 slp|[from] move: Wish|[wisher] Roserade?
|turn|18
|
|cant|p1a: Alla dat|slp
|move|p2a: Amoonguss|Foul Play|p1a: Alla dat
|-supereffective|p1a: Alla dat
|-damage|p1a: Alla dat|155\/341 slp
|
|turn|19
|
|switch|p1a: DeadMau5|Hydreigon, M|325\/325
|-damage|p1a: DeadMau5|285\/325|[from] Stealth Rock
|switch|p2a: Ampharos|Ampharos-Mega, M|239\/384
|-ability|p2a: Ampharos|Mold Breaker
|
|turn|20
|
|switch|p2a: Empoleon|Empoleon, M|257\/372
|move|p1a: DeadMau5|Dark Pulse|p2a: Empoleon
|-damage|p2a: Empoleon|164\/372
|
|-heal|p2a: Empoleon|187\/372|[from] item: Leftovers
|turn|21
|
|move|p1a: DeadMau5|Dark Pulse|p2a: Empoleon
|-damage|p2a: Empoleon|96\/372
|move|p2a: Empoleon|Toxic|p1a: DeadMau5
|-status|p1a: DeadMau5|tox
|
|-heal|p2a: Empoleon|119\/372|[from] item: Leftovers
|-damage|p1a: DeadMau5|265\/325 tox|[from] psn
|turn|22
|
|switch|p2a: Hydreigon|Hydreigon, F|325\/325
|move|p1a: DeadMau5|Dark Pulse|p2a: Hydreigon
|-resisted|p2a: Hydreigon
|-damage|p2a: Hydreigon|251\/325
|
|-damage|p1a: DeadMau5|225\/325 tox|[from] psn
|turn|23
|
|switch|p1a: Roserade?|Florges, F|228\/360 tox
|-damage|p1a: Roserade?|183\/360 tox|[from] Stealth Rock
|move|p2a: Hydreigon|Flash Cannon|p1a: Roserade?
|-supereffective|p1a: Roserade?
|-damage|p1a: Roserade?|30\/360 tox
|-damage|p2a: Hydreigon|219\/325|[from] item: Life Orb
|
|-heal|p1a: Roserade?|52\/360 tox|[from] item: Leftovers
|-damage|p1a: Roserade?|30\/360 tox|[from] psn
|turn|24
|
|move|p2a: Hydreigon|Dark Pulse|p1a: Roserade?
|-resisted|p1a: Roserade?
|-damage|p1a: Roserade?|0 fnt
|-damage|p2a: Hydreigon|187\/325|[from] item: Life Orb
|faint|p1a: Roserade?
|
|
|switch|p1a: DeadMau5|Hydreigon, M|225\/325 tox
|-damage|p1a: DeadMau5|185\/325 tox|[from] Stealth Rock
|turn|25
|
|switch|p2a: Empoleon|Empoleon, M|119\/372
|move|p1a: DeadMau5|Draco Meteor|p2a: Empoleon
|-resisted|p2a: Empoleon
|-damage|p2a: Empoleon|32\/372
|-unboost|p1a: DeadMau5|spa|2
|
|-heal|p2a: Empoleon|55\/372|[from] item: Leftovers
|-damage|p1a: DeadMau5|165\/325 tox|[from] psn
|turn|26
|
|move|p1a: DeadMau5|Draco Meteor|p2a: Empoleon
|-resisted|p2a: Empoleon
|-damage|p2a: Empoleon|13\/372
|-unboost|p1a: DeadMau5|spa|2
|move|p2a: Empoleon|Toxic|p1a: DeadMau5
|-fail|p1a: DeadMau5|tox
|
|-heal|p2a: Empoleon|36\/372|[from] item: Leftovers
|-damage|p1a: DeadMau5|125\/325 tox|[from] psn
|turn|27
|
|move|p1a: DeadMau5|Draco Meteor|p2a: Empoleon
|-resisted|p2a: Empoleon
|-damage|p2a: Empoleon|8\/372
|-unboost|p1a: DeadMau5|spa|2
|move|p2a: Empoleon|Toxic|p1a: DeadMau5
|-fail|p1a: DeadMau5|tox
|
|-heal|p2a: Empoleon|31\/372|[from] item: Leftovers
|-damage|p1a: DeadMau5|65\/325 tox|[from] psn
|turn|28
|
|move|p1a: DeadMau5|Draco Meteor|p2a: Empoleon
|-resisted|p2a: Empoleon
|-damage|p2a: Empoleon|12\/372
|move|p2a: Empoleon|Toxic|p1a: DeadMau5
|-fail|p1a: DeadMau5|tox
|
|-heal|p2a: Empoleon|35\/372|[from] item: Leftovers
|-damage|p1a: DeadMau5|0 fnt|[from] psn
|faint|p1a: DeadMau5
|
|switch|p1a: The Terror|Haxorus, M, shiny|303\/303
|-damage|p1a: The Terror|266\/303|[from] Stealth Rock
|-ability|p1a: The Terror|Mold Breaker
|turn|29
|
|move|p1a: The Terror|Dragon Claw|p2a: Empoleon
|-resisted|p2a: Empoleon
|-damage|p2a: Empoleon|0 fnt
|faint|p2a: Empoleon
|
|
|switch|p2a: Hydreigon|Hydreigon, F|187\/325
|turn|30
|
|switch|p1a: Alla dat|Victini, shiny|155\/341 slp
|-damage|p1a: Alla dat|70\/341 slp|[from] Stealth Rock
|move|p2a: Hydreigon|Draco Meteor|p1a: Alla dat
|-damage|p1a: Alla dat|0 fnt
|-unboost|p2a: Hydreigon|spa|2
|-damage|p2a: Hydreigon|155\/325|[from] item: Life Orb
|faint|p1a: Alla dat
|
|
|switch|p1a: The Kipper|Swampert, M|404\/404
|-damage|p1a: The Kipper|379\/404|[from] Stealth Rock
|turn|31
|
|switch|p2a: Amoonguss|Amoonguss, F|432\/432
|move|p1a: The Kipper|Stealth Rock|p2a: Amoonguss
|-sidestart|p2: newbishop|move: Stealth Rock
|
|-heal|p1a: The Kipper|404\/404|[from] item: Leftovers
|turn|32
|
|move|p2a: Amoonguss|Spore|p1a: The Kipper
|-status|p1a: The Kipper|slp
|cant|p1a: The Kipper|slp
|
|turn|33
|
|switch|p1a: Broadsides|Blastoise-Mega, M|185\/362
|-damage|p1a: Broadsides|140\/362|[from] Stealth Rock
|move|p2a: Amoonguss|Sludge Bomb|p1a: Broadsides
|-damage|p1a: Broadsides|59\/362
|-status|p1a: Broadsides|psn
|
|-damage|p1a: Broadsides|14\/362 psn|[from] psn
|turn|34
|
|move|p1a: Broadsides|Dragon Pulse|p2a: Amoonguss
|-damage|p2a: Amoonguss|219\/432
|move|p2a: Amoonguss|Foul Play|p1a: Broadsides
|-damage|p1a: Broadsides|0 fnt
|faint|p1a: Broadsides
|
|-heal|p2a: Amoonguss|246\/432|[from] item: Black Sludge
|
|switch|p1a: The Terror|Haxorus, M, shiny|266\/303
|-damage|p1a: The Terror|229\/303|[from] Stealth Rock
|-ability|p1a: The Terror|Mold Breaker
|turn|35
|
|move|p1a: The Terror|Dragon Claw|p2a: Amoonguss
|-damage|p2a: Amoonguss|105\/432
|move|p2a: Amoonguss|Foul Play|p1a: The Terror
|-crit|p1a: The Terror
|-damage|p1a: The Terror|25\/303
|
|-heal|p2a: Amoonguss|132\/432|[from] item: Black Sludge
|turn|36
|
|move|p1a: The Terror|Dragon Claw|p2a: Amoonguss
|-damage|p2a: Amoonguss|0 fnt
|faint|p2a: Amoonguss
|
|
|switch|p2a: Infernape|Infernape, M|293\/293
|-damage|p2a: Infernape|257\/293|[from] Stealth Rock
|turn|37
|
|move|p2a: Infernape|Close Combat|p1a: The Terror
|-crit|p1a: The Terror
|-damage|p1a: The Terror|0 fnt
|-unboost|p2a: Infernape|def|1
|-unboost|p2a: Infernape|spd|1
|faint|p1a: The Terror
|
|-message|FlederMau5 forfeited.
|
|win|newbishop
|raw|Ladder updating...
|raw|FlederMau5's rating: 1690 &rarr; <strong>1659<\/strong><br \/>(-31 for losing)
|raw|newbishop's rating: 1470 &rarr; <strong>1501<\/strong><br \/>(+31 for winning)
|leave|FlederMau5
|player|p1