|join|Cydra
|join|FlederMau5
|player|p1|Cydra|190
|player|p2|FlederMau5|169
|gametype|singles
|gen|6
|tier|UU
|rated
|rule|Sleep Clause Mod: Limit one foe put to sleep
|rule|Species Clause: Limit one of each Pokemon
|rule|OHKO Clause: OHKO moves are banned
|rule|Moody Clause: Moody is banned
|rule|Evasion Moves Clause: Evasion moves are banned
|rule|Endless Battle Clause: Forcing endless battles is banned.
|rule|HP Percentage Mod: HP is reported as percentages
|clearpoke
|poke|p1|Roserade, F
|poke|p1|Victini
|poke|p1|Flygon, M
|poke|p1|Cloyster, M
|poke|p1|Whimsicott, M
|poke|p1|Empoleon, F
|poke|p2|Raikou, shiny
|poke|p2|Suicune, shiny
|poke|p2|Entei, shiny
|poke|p2|Chesnaught, M
|poke|p2|Umbreon, M, shiny
|poke|p2|Donphan, M, shiny
|teampreview
|
|start
|switch|p1a: Cloyster|Cloyster, M|242\/242
|switch|p2a: Turn Up|Entei, shiny|372\/372
|-ability|p2a: Turn Up|Pressure
|turn|1
|
|switch|p1a: V for Victory|Victini|341\/341
|move|p2a: Turn Up|Stone Edge|p1a: V for Victory|[miss]
|-miss|p2a: Turn Up|p1a: V for Victory
|
|turn|2
|
|move|p2a: Turn Up|Stone Edge|p1a: V for Victory
|-supereffective|p1a: V for Victory
|-damage|p1a: V for Victory|0 fnt
|faint|p1a: V for Victory
|
|
|switch|p1a: Hitting Hard|Flygon, M|301\/301
|turn|3
|
|switch|p2a: Mind=Blown|Chesnaught, M|380\/380
|move|p1a: Hitting Hard|Earthquake|p2a: Mind=Blown
|-resisted|p2a: Mind=Blown
|-damage|p2a: Mind=Blown|326\/380
|
|-heal|p2a: Mind=Blown|349\/380|[from] item: Leftovers
|turn|4
|
|switch|p1a: Jiggly|Whimsicott, M|323\/323
|move|p2a: Mind=Blown|Spikes|p1a: Jiggly
|-sidestart|p1: Cydra|Spikes
|
|-heal|p2a: Mind=Blown|372\/380|[from] item: Leftovers
|turn|5
|
|switch|p2a: t('.'t)|Suicune, shiny|404\/404
|-ability|p2a: t('.'t)|Pressure
|move|p1a: Jiggly|U-turn|p2a: t('.'t)
|-damage|p2a: t('.'t)|377\/404
|
|switch|p1a: Empoleon|Empoleon, F|372\/372
|-damage|p1a: Empoleon|326\/372|[from] Spikes
|
|-heal|p2a: t('.'t)|402\/404|[from] item: Leftovers
|-heal|p1a: Empoleon|349\/372|[from] item: Leftovers
|turn|6
|
|switch|p2a: Mind=Blown|Chesnaught, M|372\/380
|move|p1a: Empoleon|Stealth Rock|p2a: Mind=Blown
|-sidestart|p2: FlederMau5|move: Stealth Rock
|
|-heal|p2a: Mind=Blown|380\/380|[from] item: Leftovers
|-heal|p1a: Empoleon|372\/372|[from] item: Leftovers
|turn|7
|
|move|p2a: Mind=Blown|Spikes|p1a: Empoleon
|-sidestart|p1: Cydra|Spikes
|move|p1a: Empoleon|Roar|p2a: Mind=Blown
|drag|p2a: Turn Up|Entei, shiny|372\/372
|-damage|p2a: Turn Up|279\/372|[from] Stealth Rock
|-ability|p2a: Turn Up|Pressure
|
|turn|8
|
|move|p2a: Turn Up|Sacred Fire|p1a: Empoleon
|-damage|p1a: Empoleon|105\/372
|move|p1a: Empoleon|Defog|p2a: Turn Up
|-unboost|p2a: Turn Up|evasion|1
|-sideend|p2: FlederMau5|Stealth Rock|[from] move: Defog|[of] p2a: Turn Up
|-sideend|p1: Cydra|Spikes|[from] move: Defog|[of] p1a: Empoleon
|
|-heal|p1a: Empoleon|128\/372|[from] item: Leftovers
|turn|9
|
|move|p2a: Turn Up|Sacred Fire|p1a: Empoleon
|-damage|p1a: Empoleon|0 fnt
|faint|p1a: Empoleon
|
|
|switch|p1a: Cloyster|Cloyster, M|242\/242
|turn|10
|
|move|p2a: Turn Up|Sacred Fire|p1a: Cloyster
|-damage|p1a: Cloyster|92\/242
|move|p1a: Cloyster|Shell Smash|p1a: Cloyster
|-boost|p1a: Cloyster|atk|2
|-boost|p1a: Cloyster|spa|2
|-boost|p1a: Cloyster|spe|2
|-unboost|p1a: Cloyster|def|1
|-unboost|p1a: Cloyster|spd|1
|
|turn|11
|
|switch|p2a: Mind=Blown|Chesnaught, M|380\/380
|move|p1a: Cloyster|Rock Blast|p2a: Mind=Blown
|-resisted|p2a: Mind=Blown
|-damage|p2a: Mind=Blown|363\/380
|-resisted|p2a: Mind=Blown
|-damage|p2a: Mind=Blown|345\/380
|-resisted|p2a: Mind=Blown
|-damage|p2a: Mind=Blown|328\/380
|-resisted|p2a: Mind=Blown
|-damage|p2a: Mind=Blown|312\/380
|-resisted|p2a: Mind=Blown
|-damage|p2a: Mind=Blown|296\/380
|-hitcount|p2a: Mind=Blown|5
|
|-heal|p2a: Mind=Blown|319\/380|[from] item: Leftovers
|turn|12
|
|move|p1a: Cloyster|Icicle Spear|p2a: Mind=Blown
|-supereffective|p2a: Mind=Blown
|-damage|p2a: Mind=Blown|217\/380
|-supereffective|p2a: Mind=Blown
|-damage|p2a: Mind=Blown|107\/380
|-supereffective|p2a: Mind=Blown
|-damage|p2a: Mind=Blown|15\/380
|-supereffective|p2a: Mind=Blown
|-damage|p2a: Mind=Blown|0 fnt
|-hitcount|p2a: Mind=Blown|4
|faint|p2a: Mind=Blown
|
|
|switch|p2a: Turn Up|Entei, shiny|279\/372
|-ability|p2a: Turn Up|Pressure
|turn|13
|
|move|p2a: Turn Up|Extreme Speed|p1a: Cloyster
|-damage|p1a: Cloyster|0 fnt
|faint|p1a: Cloyster
|
|
|switch|p1a: Hitting Hard|Flygon, M|301\/301
|turn|14
|-message|Cydra forfeited.
|
|win|FlederMau5
|raw|Ladder updating...
|leave|Cydra
|player|p1
|raw|Cydra's rating: 1398 &rarr; <strong>1382<\/strong><br \/>(-16 for losing)
|raw|FlederMau5's rating: 1482 &rarr; <strong>1497<\/strong><br \/>(+15 for winning)