|join|This Many Fucks
|join|FlederMau5
|player|p1|This Many Fucks|172
|player|p2|FlederMau5|164
|gametype|singles
|gen|6
|tier|UU
|rated
|rule|Sleep Clause Mod: Limit one foe put to sleep
|rule|Species Clause: Limit one of each Pokemon
|rule|OHKO Clause: OHKO moves are banned
|rule|Moody Clause: Moody is banned
|rule|Evasion Moves Clause: Evasion moves are banned
|rule|Endless Battle Clause: Forcing endless battles is banned.
|rule|HP Percentage Mod: HP is reported as percentages
|clearpoke
|poke|p1|Alakazam, M
|poke|p1|Arcanine, M
|poke|p1|Florges, F
|poke|p1|Doublade, F
|poke|p1|Hitmonlee, M
|poke|p1|Jirachi
|poke|p2|Aerodactyl, F
|poke|p2|Suicune, shiny
|poke|p2|Raikou, shiny
|poke|p2|Entei, shiny
|poke|p2|Florges, F
|poke|p2|Roserade, M
|teampreview
|
|start
|switch|p1a: Lionheart|Arcanine, M|383\/383
|switch|p2a: TM87|Raikou, shiny|321\/321
|-ability|p2a: TM87|Pressure
|-ability|p1a: Lionheart|Intimidate|[of] p2a: TM87
|-unboost|p2a: TM87|atk|1
|turn|1
|
|move|p2a: TM87|Volt Switch|p1a: Lionheart
|-damage|p1a: Lionheart|253\/383
|
|switch|p2a: Turn Up|Entei, shiny|372\/372
|-ability|p2a: Turn Up|Pressure
|move|p1a: Lionheart|Flare Blitz|p2a: Turn Up
|-resisted|p2a: Turn Up
|-damage|p2a: Turn Up|279\/372
|-damage|p1a: Lionheart|222\/383|[from] recoil|[of] p2a: Turn Up
|
|turn|2
|
|switch|p1a: Venetia Shield|Doublade, F|322\/322
|move|p2a: Turn Up|Sacred Fire|p1a: Venetia Shield
|-supereffective|p1a: Venetia Shield
|-damage|p1a: Venetia Shield|50\/322
|
|turn|3
|
|switch|p2a: TM87|Raikou, shiny|321\/321
|-ability|p2a: TM87|Pressure
|switch|p1a: Lionheart|Arcanine, M|222\/383
|-ability|p1a: Lionheart|Intimidate|[of] p2a: TM87
|-unboost|p2a: TM87|atk|1
|
|turn|4
|
|move|p2a: TM87|Volt Switch|p1a: Lionheart
|-damage|p1a: Lionheart|81\/383
|
|switch|p2a: t('.'t)|Suicune, shiny|404\/404
|-ability|p2a: t('.'t)|Pressure
|move|p1a: Lionheart|Morning Sun|p1a: Lionheart
|-heal|p1a: Lionheart|272\/383
|
|turn|5
|
|move|p1a: Lionheart|Will-O-Wisp|p2a: t('.'t)|[miss]
|-miss|p1a: Lionheart|p2a: t('.'t)
|move|p2a: t('.'t)|Calm Mind|p2a: t('.'t)
|-boost|p2a: t('.'t)|spa|1
|-boost|p2a: t('.'t)|spd|1
|
|turn|6
|
|move|p1a: Lionheart|Will-O-Wisp|p2a: t('.'t)
|-status|p2a: t('.'t)|brn
|move|p2a: t('.'t)|Calm Mind|p2a: t('.'t)
|-boost|p2a: t('.'t)|spa|1
|-boost|p2a: t('.'t)|spd|1
|
|-damage|p2a: t('.'t)|354\/404 brn|[from] brn
|turn|7
|
|move|p1a: Lionheart|Extreme Speed|p2a: t('.'t)
|-damage|p2a: t('.'t)|308\/404 brn
|move|p2a: t('.'t)|Rest|p2a: t('.'t)
|-status|p2a: t('.'t)|slp
|-heal|p2a: t('.'t)|404\/404 slp|[silent]
|-status|p2a: t('.'t)|slp|[from] move: Rest
|
|turn|8
|
|switch|p1a: Mad Dog|Hitmonlee, M|304\/304
|cant|p2a: t('.'t)|slp
|move|p2a: t('.'t)|Sleep Talk|p2a: t('.'t)
|move|p2a: t('.'t)|Calm Mind|p2a: t('.'t)|[from]Sleep Talk
|-boost|p2a: t('.'t)|spa|1
|-boost|p2a: t('.'t)|spd|1
|
|turn|9
|
|move|p1a: Mad Dog|High Jump Kick|p2a: t('.'t)
|-damage|p2a: t('.'t)|236\/404 slp
|cant|p2a: t('.'t)|slp
|move|p2a: t('.'t)|Sleep Talk|p2a: t('.'t)
|move|p2a: t('.'t)|Calm Mind|p2a: t('.'t)|[from]Sleep Talk
|-boost|p2a: t('.'t)|spa|1
|-boost|p2a: t('.'t)|spd|1
|
|-heal|p2a: t('.'t)|261\/404 slp|[from] item: Leftovers
|turn|10
|
|move|p1a: Mad Dog|High Jump Kick|p2a: t('.'t)
|-damage|p2a: t('.'t)|93\/404 slp
|-curestatus|p2a: t('.'t)|slp
|move|p2a: t('.'t)|Rest|p2a: t('.'t)
|-status|p2a: t('.'t)|slp
|-heal|p2a: t('.'t)|404\/404 slp|[silent]
|-status|p2a: t('.'t)|slp|[from] move: Rest
|
|turn|11
|
|move|p1a: Mad Dog|High Jump Kick|p2a: t('.'t)
|-crit|p2a: t('.'t)
|-damage|p2a: t('.'t)|184\/404 slp
|cant|p2a: t('.'t)|slp
|move|p2a: t('.'t)|Sleep Talk|p2a: t('.'t)
|move|p2a: t('.'t)|Scald|p1a: Mad Dog|[from]Sleep Talk
|-damage|p1a: Mad Dog|159\/304
|
|-heal|p2a: t('.'t)|209\/404 slp|[from] item: Leftovers
|turn|12
|
|move|p1a: Mad Dog|High Jump Kick|p2a: t('.'t)|[miss]
|-miss|p1a: Mad Dog|p2a: t('.'t)
|-damage|p1a: Mad Dog|7\/304|[from] highjumpkick
|cant|p2a: t('.'t)|slp
|move|p2a: t('.'t)|Sleep Talk|p2a: t('.'t)
|move|p2a: t('.'t)|Calm Mind|p2a: t('.'t)|[from]Sleep Talk
|-boost|p2a: t('.'t)|spa|1
|-boost|p2a: t('.'t)|spd|1
|
|-heal|p2a: t('.'t)|234\/404 slp|[from] item: Leftovers
|turn|13
|
|move|p1a: Mad Dog|Knock Off|p2a: t('.'t)
|-crit|p2a: t('.'t)
|-damage|p2a: t('.'t)|113\/404 slp
|-enditem|p2a: t('.'t)|Leftovers|[from] move: Knock Off|[of] p1a: Mad Dog
|-curestatus|p2a: t('.'t)|slp
|move|p2a: t('.'t)|Rest|p2a: t('.'t)
|-status|p2a: t('.'t)|slp
|-heal|p2a: t('.'t)|404\/404 slp|[silent]
|-status|p2a: t('.'t)|slp|[from] move: Rest
|
|turn|14
|
|move|p1a: Mad Dog|High Jump Kick|p2a: t('.'t)
|-damage|p2a: t('.'t)|244\/404 slp
|cant|p2a: t('.'t)|slp
|move|p2a: t('.'t)|Sleep Talk|p2a: t('.'t)
|move|p2a: t('.'t)|Calm Mind|p2a: t('.'t)|[from]Sleep Talk
|-boost|p2a: t('.'t)|spa|1
|-boost|p2a: t('.'t)|spd|1
|
|turn|15
|
|switch|p2a: Mind=Blown|Roserade, M|261\/261
|move|p1a: Mad Dog|High Jump Kick|p2a: Mind=Blown
|-resisted|p2a: Mind=Blown
|-damage|p2a: Mind=Blown|103\/261
|
|turn|16
|
|switch|p1a: Venetia Shield|Doublade, F|50\/322
|move|p2a: Mind=Blown|Sleep Powder|p1a: Venetia Shield
|-status|p1a: Venetia Shield|slp
|
|turn|17
|
|switch|p1a: Stardust|Jirachi|341\/341
|move|p2a: Mind=Blown|Spikes|p1a: Stardust
|-sidestart|p1: This Many Fucks|Spikes
|
|turn|18
|
|move|p1a: Stardust|Psychic|p2a: Mind=Blown
|-supereffective|p2a: Mind=Blown
|-damage|p2a: Mind=Blown|0 fnt
|faint|p2a: Mind=Blown
|
|
|switch|p2a: Turn Up|Entei, shiny|279\/372
|-ability|p2a: Turn Up|Pressure
|turn|19
|
|switch|p1a: Mad Dog|Hitmonlee, M|7\/304
|-damage|p1a: Mad Dog|0 fnt|[from] Spikes
|faint|p1a: Mad Dog
|move|p2a: Turn Up|Sacred Fire|p1: Mad Dog|[notarget]
|-notarget
|
|
|switch|p1a: Lionheart|Arcanine, M|272\/383
|-damage|p1a: Lionheart|225\/383|[from] Spikes
|-ability|p1a: Lionheart|Intimidate|[of] p2a: Turn Up
|-unboost|p2a: Turn Up|atk|1
|turn|20
|
|switch|p2a: Roserade?|Florges, F|360\/360
|switch|p1a: Stardust|Jirachi|341\/341
|-damage|p1a: Stardust|299\/341|[from] Spikes
|
|turn|21
|
|move|p2a: Roserade?|Protect|p2a: Roserade?
|-singleturn|p2a: Roserade?|Protect
|move|p1a: Stardust|Stealth Rock|p2a: Roserade?
|-sidestart|p2: FlederMau5|move: Stealth Rock
|
|turn|22
|
|move|p1a: Stardust|Iron Head|p2a: Roserade?
|-supereffective|p2a: Roserade?
|-damage|p2a: Roserade?|144\/360
|cant|p2a: Roserade?|flinch
|
|-heal|p2a: Roserade?|166\/360|[from] item: Leftovers
|turn|23
|
|move|p2a: Roserade?|Protect|p2a: Roserade?
|-singleturn|p2a: Roserade?|Protect
|move|p1a: Stardust|Iron Head|p2a: Roserade?
|-activate|p2a: Roserade?|Protect
|
|-heal|p2a: Roserade?|188\/360|[from] item: Leftovers
|turn|24
|
|switch|p2a: t('.'t)|Suicune, shiny|244\/404 slp
|-damage|p2a: t('.'t)|194\/404 slp|[from] Stealth Rock
|-ability|p2a: t('.'t)|Pressure
|move|p1a: Stardust|Psychic|p2a: t('.'t)
|-damage|p2a: t('.'t)|76\/404 slp
|-unboost|p2a: t('.'t)|spd|1
|
|turn|25
|
|move|p1a: Stardust|Psychic|p2a: t('.'t)
|-damage|p2a: t('.'t)|0 fnt
|faint|p2a: t('.'t)
|
|
|switch|p2a: Turn Up|Entei, shiny|279\/372
|-damage|p2a: Turn Up|186\/372|[from] Stealth Rock
|-ability|p2a: Turn Up|Pressure
|turn|26
|
|switch|p1a: Lionheart|Arcanine, M|225\/383
|-damage|p1a: Lionheart|178\/383|[from] Spikes
|-ability|p1a: Lionheart|Intimidate|[of] p2a: Turn Up
|-unboost|p2a: Turn Up|atk|1
|move|p2a: Turn Up|Sacred Fire|p1a: Lionheart
|-resisted|p1a: Lionheart
|-damage|p1a: Lionheart|97\/383
|
|turn|27
|
|switch|p2a: YOLO|Aerodactyl, F|331\/331
|-damage|p2a: YOLO|249\/331|[from] Stealth Rock
|-ability|p2a: YOLO|Pressure
|move|p1a: Lionheart|Morning Sun|p1a: Lionheart
|-heal|p1a: Lionheart|288\/383
|
|turn|28
|
|detailschange|p2a: YOLO|Aerodactyl-Mega, F
|message|Aerodactyl has Mega Evolved into Mega Aerodactyl!
|move|p2a: YOLO|Defog|p1a: Lionheart
|-unboost|p1a: Lionheart|evasion|1
|-sideend|p1: This Many Fucks|Spikes|[from] move: Defog|[of] p1a: Lionheart
|-sideend|p2: FlederMau5|Stealth Rock|[from] move: Defog|[of] p2a: YOLO
|move|p1a: Lionheart|Will-O-Wisp|p2a: YOLO|[miss]
|-miss|p1a: Lionheart|p2a: YOLO
|
|turn|29
|
|switch|p2a: Turn Up|Entei, shiny|186\/372
|-ability|p2a: Turn Up|Pressure
|move|p1a: Lionheart|Will-O-Wisp|p2a: Turn Up|[miss]
|-miss|p1a: Lionheart|p2a: Turn Up
|
|turn|30
|
|switch|p1a: Venetia Shield|Doublade, F|50\/322 slp
|move|p2a: Turn Up|Bulldoze|p1a: Venetia Shield
|-supereffective|p1a: Venetia Shield
|-damage|p1a: Venetia Shield|0 fnt
|faint|p1a: Venetia Shield
|
|
|switch|p1a: Hagen-Dazs|Alakazam, M|251\/251
|turn|31
|
|switch|p2a: TM87|Raikou, shiny|321\/321
|-ability|p2a: TM87|Pressure
|detailschange|p1a: Hagen-Dazs|Alakazam-Mega, M
|message|Alakazam has Mega Evolved into Mega Alakazam!
|-ability|p1a: Hagen-Dazs|Pressure|[from] ability: Trace|[of] p2a: TM87
|-ability|p1a: Hagen-Dazs|Pressure
|move|p1a: Hagen-Dazs|Psyshock|p2a: TM87
|-damage|p2a: TM87|75\/321
|
|turn|32
|
|move|p2a: TM87|Thunderbolt|p1a: Hagen-Dazs
|-crit|p1a: Hagen-Dazs
|-damage|p1a: Hagen-Dazs|20\/251
|-status|p1a: Hagen-Dazs|par
|move|p1a: Hagen-Dazs|Psyshock|p2a: TM87
|-damage|p2a: TM87|0 fnt
|faint|p2a: TM87
|
|
|switch|p2a: Turn Up|Entei, shiny|186\/372
|-ability|p2a: Turn Up|Pressure
|turn|33
|
|move|p2a: Turn Up|Bulldoze|p1a: Hagen-Dazs
|-damage|p1a: Hagen-Dazs|0 fnt
|faint|p1a: Hagen-Dazs
|
|
|switch|p1a: Lionheart|Arcanine, M|288\/383
|-ability|p1a: Lionheart|Intimidate|[of] p2a: Turn Up
|-unboost|p2a: Turn Up|atk|1
|turn|34
|
|move|p2a: Turn Up|Bulldoze|p1a: Lionheart
|-supereffective|p1a: Lionheart
|-damage|p1a: Lionheart|178\/383
|-unboost|p1a: Lionheart|spe|1
|move|p1a: Lionheart|Will-O-Wisp|p2a: Turn Up
|-fail|p2a: Turn Up
|
|turn|35
|
|move|p2a: Turn Up|Bulldoze|p1a: Lionheart
|-supereffective|p1a: Lionheart
|-damage|p1a: Lionheart|62\/383
|-unboost|p1a: Lionheart|spe|1
|move|p1a: Lionheart|Morning Sun|p1a: Lionheart
|-heal|p1a: Lionheart|253\/383
|
|turn|36
|
|switch|p2a: Roserade?|Florges, F|188\/360
|move|p1a: Lionheart|Extreme Speed|p2a: Roserade?
|-damage|p2a: Roserade?|123\/360
|
|-heal|p2a: Roserade?|145\/360|[from] item: Leftovers
|turn|37
|
|move|p2a: Roserade?|Wish|p2a: Roserade?
|move|p1a: Lionheart|Flare Blitz|p2a: Roserade?
|-damage|p2a: Roserade?|0 fnt
|-damage|p1a: Lionheart|205\/383|[from] recoil|[of] p2a: Roserade?
|faint|p2a: Roserade?
|
|
|switch|p2a: Turn Up|Entei, shiny|186\/372
|-ability|p2a: Turn Up|Pressure
|turn|38
|
|switch|p1a: Freya|Florges, F|360\/360
|move|p2a: Turn Up|Stone Edge|p1a: Freya
|-damage|p1a: Freya|206\/360
|
|-heal|p2a: Turn Up|366\/372|[from] move: Wish|[wisher] Roserade?
|-heal|p1a: Freya|228\/360|[from] item: Leftovers
|turn|39
|
|switch|p2a: YOLO|Aerodactyl-Mega, F|249\/331
|move|p1a: Freya|Wish|p1a: Freya
|
|-heal|p1a: Freya|250\/360|[from] item: Leftovers
|turn|40
|
|switch|p2a: Turn Up|Entei, shiny|366\/372
|-ability|p2a: Turn Up|Pressure
|move|p1a: Freya|Moonblast|p2a: Turn Up
|-resisted|p2a: Turn Up
|-damage|p2a: Turn Up|288\/372
|
|-heal|p1a: Freya|360\/360|[from] move: Wish|[wisher] Freya
|turn|41
|
|switch|p2a: YOLO|Aerodactyl-Mega, F|249\/331
|move|p1a: Freya|Protect|p1a: Freya
|-fail|p1a: Freya
|
|turn|42
|
|move|p2a: YOLO|Aerial Ace|p1a: Freya
|-damage|p1a: Freya|215\/360
|move|p1a: Freya|Moonblast|p2a: YOLO
|-damage|p2a: YOLO|129\/331
|
|-heal|p1a: Freya|237\/360|[from] item: Leftovers
|turn|43
|
|move|p2a: YOLO|Aerial Ace|p1a: Freya
|-damage|p1a: Freya|110\/360
|move|p1a: Freya|Wish|p1a: Freya
|
|-heal|p1a: Freya|132\/360|[from] item: Leftovers
|turn|44
|
|move|p2a: YOLO|Roost|p2a: YOLO
|-heal|p2a: YOLO|295\/331
|move|p1a: Freya|Moonblast|p2a: YOLO
|-damage|p2a: YOLO|177\/331
|
|-heal|p1a: Freya|312\/360|[from] move: Wish|[wisher] Freya
|-heal|p1a: Freya|334\/360|[from] item: Leftovers
|turn|45
|
|move|p2a: YOLO|Aerial Ace|p1a: Freya
|-damage|p1a: Freya|193\/360
|move|p1a: Freya|Wish|p1a: Freya
|
|-heal|p1a: Freya|215\/360|[from] item: Leftovers
|turn|46
|
|switch|p1a: Lionheart|Arcanine, M|205\/383
|-ability|p1a: Lionheart|Intimidate|[of] p2a: YOLO
|-unboost|p2a: YOLO|atk|1
|move|p2a: YOLO|Stone Edge|p1a: Lionheart
|-supereffective|p1a: Lionheart
|-damage|p1a: Lionheart|11\/383
|
|-heal|p1a: Lionheart|191\/383|[from] move: Wish|[wisher] Freya
|turn|47
|
|switch|p1a: Stardust|Jirachi|299\/341
|move|p2a: YOLO|Stone Edge|p1a: Stardust
|-resisted|p1a: Stardust
|-damage|p1a: Stardust|239\/341
|
|turn|48
|
|switch|p2a: Turn Up|Entei, shiny|288\/372
|-ability|p2a: Turn Up|Pressure
|move|p1a: Stardust|Psychic|p2a: Turn Up
|-damage|p2a: Turn Up|132\/372
|
|turn|49
|
|move|p1a: Stardust|Psychic|p2a: Turn Up
|-damage|p2a: Turn Up|0 fnt
|faint|p2a: Turn Up
|
|-message|FlederMau5 forfeited.
|
|win|This Many Fucks
|raw|Ladder updating...
|raw|This Many Fucks's rating: 1541 &rarr; <strong>1556<\/strong><br \/>(+15 for winning)
|raw|FlederMau5's rating: 1451 &rarr; <strong>1436<\/strong><br \/>(-15 for losing)
|leave|FlederMau5
|player|p2