|join|FlederMau5
|join|Mob Barley
|player|p1|FlederMau5|169
|player|p2|Mob Barley|161
|gametype|singles
|gen|6
|tier|UU
|rated
|rule|Sleep Clause Mod: Limit one foe put to sleep
|rule|Species Clause: Limit one of each PokÃ©mon
|rule|OHKO Clause: OHKO moves are banned
|rule|Moody Clause: Moody is banned
|rule|Evasion Moves Clause: Evasion moves are banned
|rule|Endless Battle Clause: Forcing endless battles is banned
|rule|HP Percentage Mod: HP is reported as percentages
|clearpoke
|poke|p1|Cobalion
|poke|p1|Noivern, F
|poke|p1|Florges, F
|poke|p1|Blastoise, F
|poke|p1|Swampert, M
|poke|p1|Victini, shiny
|poke|p2|Hydreigon, M, shiny
|poke|p2|Infernape, M, shiny
|poke|p2|Metagross, shiny
|poke|p2|Empoleon, M
|poke|p2|Granbull, M
|poke|p2|Abomasnow, M, shiny
|rule|Swagger Clause: Swagger is banned
|rule|Baton Pass Clause: Limit one PokÃ©mon knowing Baton Pass
|teampreview
|
|start
|switch|p1a: Broadsides|Blastoise, F|362\/362
|switch|p2a: Chaos|Hydreigon, M, shiny|325\/325
|turn|1
|
|detailschange|p1a: Broadsides|Blastoise-Mega, F
|message|Blastoise has Mega Evolved into Mega Blastoise!
|move|p2a: Chaos|U-turn|p1a: Broadsides
|-damage|p1a: Broadsides|319\/362
|
|switch|p2a: Emperor|Empoleon, M|372\/372
|move|p1a: Broadsides|Ice Beam|p2a: Emperor
|-resisted|p2a: Emperor
|-damage|p2a: Emperor|353\/372
|
|-heal|p2a: Emperor|372\/372|[from] item: Leftovers
|turn|2
|
|move|p1a: Broadsides|Dark Pulse|p2a: Emperor
|-damage|p2a: Emperor|247\/372
|move|p2a: Emperor|Toxic|p1a: Broadsides|[miss]
|-miss|p2a: Emperor|p1a: Broadsides
|
|-heal|p2a: Emperor|270\/372|[from] item: Leftovers
|turn|3
|
|move|p1a: Broadsides|Dark Pulse|p2a: Emperor
|-damage|p2a: Emperor|154\/372
|cant|p2a: Emperor|flinch
|
|-heal|p2a: Emperor|177\/372|[from] item: Leftovers
|turn|4
|chat|Mob Barley|cooooooool
|
|move|p1a: Broadsides|Dark Pulse|p2a: Emperor
|-damage|p2a: Emperor|65\/372
|move|p2a: Emperor|Toxic|p1a: Broadsides
|-status|p1a: Broadsides|tox
|
|-heal|p2a: Emperor|88\/372|[from] item: Leftovers
|-damage|p1a: Broadsides|297\/362 tox|[from] psn
|turn|5
|join|Jefo
|
|switch|p2a: Snowman|Abomasnow, M, shiny|383\/383
|move|p1a: Broadsides|Dark Pulse|p2a: Snowman
|-damage|p2a: Snowman|183\/383
|
|-damage|p1a: Broadsides|253\/362 tox|[from] psn
|turn|6
|
|switch|p1a: Alla dat|Victini, shiny|341\/341
|detailschange|p2a: Snowman|Abomasnow-Mega, M, shiny
|message|Abomasnow has Mega Evolved into Mega Abomasnow!
|-weather|Hail
|move|p2a: Snowman|Giga Drain|p1a: Alla dat
|-crit|p1a: Alla dat
|-resisted|p1a: Alla dat
|-damage|p1a: Alla dat|223\/341
|-heal|p2a: Snowman|242\/383|[from] drain|[of] p1a: Alla dat
|
|-weather|Hail|[upkeep]
|-damage|p1a: Alla dat|202\/341|[from] hail
|turn|7
|
|switch|p2a: Emperor|Empoleon, M|88\/372
|move|p1a: Alla dat|U-turn|p2a: Emperor
|-resisted|p2a: Emperor
|-damage|p2a: Emperor|29\/372
|
|switch|p1a: New Meta!|Cobalion|324\/324
|
|-weather|Hail|[upkeep]
|-damage|p1a: New Meta!|304\/324|[from] hail
|-damage|p2a: Emperor|6\/372|[from] hail
|-heal|p2a: Emperor|29\/372|[from] item: Leftovers
|turn|8
|
|move|p1a: New Meta!|Iron Head|p2a: Emperor
|-resisted|p2a: Emperor
|-damage|p2a: Emperor|0 fnt
|-damage|p1a: New Meta!|272\/324|[from] item: Life Orb
|faint|p2a: Emperor
|
|-weather|Hail|[upkeep]
|-damage|p1a: New Meta!|252\/324|[from] hail
|
|switch|p2a: Go Ape Shit|Infernape, M, shiny|293\/293
|turn|9
|
|switch|p1a: Roserade?|Florges, F|360\/360
|move|p2a: Go Ape Shit|Close Combat|p1a: Roserade?
|-resisted|p1a: Roserade?
|-damage|p1a: Roserade?|252\/360
|-unboost|p2a: Go Ape Shit|def|1
|-unboost|p2a: Go Ape Shit|spd|1
|-damage|p2a: Go Ape Shit|264\/293|[from] item: Life Orb
|
|-weather|Hail|[upkeep]
|-damage|p2a: Go Ape Shit|246\/293|[from] hail
|-damage|p1a: Roserade?|230\/360|[from] hail
|-heal|p1a: Roserade?|252\/360|[from] item: Leftovers
|turn|10
|
|switch|p1a: The Kipper|Swampert, M|404\/404
|move|p2a: Go Ape Shit|Close Combat|p1a: The Kipper
|-damage|p1a: The Kipper|213\/404
|-unboost|p2a: Go Ape Shit|def|1
|-unboost|p2a: Go Ape Shit|spd|1
|-damage|p2a: Go Ape Shit|217\/293|[from] item: Life Orb
|
|-weather|none
|-heal|p1a: The Kipper|238\/404|[from] item: Leftovers
|turn|11
|
|move|p2a: Go Ape Shit|Close Combat|p1a: The Kipper
|-damage|p1a: The Kipper|61\/404
|-unboost|p2a: Go Ape Shit|def|1
|-unboost|p2a: Go Ape Shit|spd|1
|-damage|p2a: Go Ape Shit|188\/293|[from] item: Life Orb
|move|p1a: The Kipper|Stealth Rock|p2a: Go Ape Shit
|-sidestart|p2: Mob Barley|move: Stealth Rock
|
|-heal|p1a: The Kipper|86\/404|[from] item: Leftovers
|turn|12
|
|switch|p1a: Roserade?|Florges, F|252\/360
|move|p2a: Go Ape Shit|Close Combat|p1a: Roserade?
|-resisted|p1a: Roserade?
|-damage|p1a: Roserade?|145\/360
|-unboost|p2a: Go Ape Shit|def|1
|-unboost|p2a: Go Ape Shit|spd|1
|-damage|p2a: Go Ape Shit|159\/293|[from] item: Life Orb
|
|-heal|p1a: Roserade?|167\/360|[from] item: Leftovers
|turn|13
|
|move|p2a: Go Ape Shit|Thunder Punch|p1a: Roserade?
|-damage|p1a: Roserade?|51\/360
|-damage|p2a: Go Ape Shit|130\/293|[from] item: Life Orb
|move|p1a: Roserade?|Wish|p1a: Roserade?
|
|-heal|p1a: Roserade?|73\/360|[from] item: Leftovers
|turn|14
|
|switch|p2a: Jaw Breaker|Granbull, M|384\/384
|-damage|p2a: Jaw Breaker|336\/384|[from] Stealth Rock
|-ability|p2a: Jaw Breaker|Intimidate|[of] p1a: Roserade?
|-unboost|p1a: Roserade?|atk|1
|move|p1a: Roserade?|Protect|p1a: Roserade?
|-fail|p1a: Roserade?
|
|-heal|p1a: Roserade?|253\/360|[from] move: Wish|[wisher] Roserade?
|-heal|p1a: Roserade?|275\/360|[from] item: Leftovers
|-heal|p2a: Jaw Breaker|360\/384|[from] item: Leftovers
|turn|15
|
|switch|p1a: New Meta!|Cobalion|252\/324
|move|p2a: Jaw Breaker|Thunder Wave|p1a: New Meta!
|-status|p1a: New Meta!|par
|
|-heal|p2a: Jaw Breaker|384\/384|[from] item: Leftovers
|turn|16
|
|move|p2a: Jaw Breaker|Earthquake|p1a: New Meta!
|-supereffective|p1a: New Meta!
|-damage|p1a: New Meta!|46\/324 par
|move|p1a: New Meta!|Iron Head|p2a: Jaw Breaker
|-crit|p2a: Jaw Breaker
|-supereffective|p2a: Jaw Breaker
|-damage|p2a: Jaw Breaker|0 fnt
|-damage|p1a: New Meta!|14\/324 par|[from] item: Life Orb
|faint|p2a: Jaw Breaker
|
|
|switch|p2a: CPU|Metagross, shiny|351\/351
|-damage|p2a: CPU|330\/351|[from] Stealth Rock
|turn|17
|
|move|p2a: CPU|Bullet Punch|p1a: New Meta!
|-resisted|p1a: New Meta!
|-damage|p1a: New Meta!|0 fnt
|faint|p1a: New Meta!
|
|
|switch|p1a: Alla dat|Victini, shiny|202\/341
|turn|18
|
|switch|p2a: Snowman|Abomasnow-Mega, M, shiny|242\/383
|-damage|p2a: Snowman|147\/383|[from] Stealth Rock
|-weather|Hail
|move|p1a: Alla dat|U-turn|p2a: Snowman
|-supereffective|p2a: Snowman
|-damage|p2a: Snowman|0 fnt
|faint|p2a: Snowman
|
|switch|p1a: Broadsides|Blastoise-Mega, F|253\/362 tox
|
|-weather|Hail|[upkeep]
|-damage|p1a: Broadsides|231\/362 tox|[from] hail
|-damage|p1a: Broadsides|209\/362 tox|[from] psn
|
|switch|p2a: Go Ape Shit|Infernape, M, shiny|130\/293
|-damage|p2a: Go Ape Shit|94\/293|[from] Stealth Rock
|turn|19
|
|switch|p1a: Roserade?|Florges, F|275\/360
|move|p2a: Go Ape Shit|Thunder Punch|p1a: Roserade?
|-damage|p1a: Roserade?|163\/360
|-damage|p2a: Go Ape Shit|65\/293|[from] item: Life Orb
|
|-weather|Hail|[upkeep]
|-damage|p2a: Go Ape Shit|47\/293|[from] hail
|-damage|p1a: Roserade?|141\/360|[from] hail
|-heal|p1a: Roserade?|163\/360|[from] item: Leftovers
|turn|20
|
|move|p1a: Roserade?|Protect|p1a: Roserade?
|-singleturn|p1a: Roserade?|Protect
|move|p2a: Go Ape Shit|Fire Blast|p1a: Roserade?
|-activate|p1a: Roserade?|Protect
|
|-weather|Hail|[upkeep]
|-damage|p2a: Go Ape Shit|29\/293|[from] hail
|-damage|p1a: Roserade?|141\/360|[from] hail
|-heal|p1a: Roserade?|163\/360|[from] item: Leftovers
|turn|21
|
|move|p2a: Go Ape Shit|Fire Blast|p1a: Roserade?
|-damage|p1a: Roserade?|37\/360
|-damage|p2a: Go Ape Shit|0 fnt|[from] item: Life Orb
|faint|p2a: Go Ape Shit
|move|p1a: Roserade?|Wish|p1a: Roserade?
|
|-weather|Hail|[upkeep]
|-damage|p1a: Roserade?|15\/360|[from] hail
|-heal|p1a: Roserade?|37\/360|[from] item: Leftovers
|
|switch|p2a: CPU|Metagross, shiny|330\/351
|-damage|p2a: CPU|309\/351|[from] Stealth Rock
|turn|22
|
|move|p1a: Roserade?|Protect|p1a: Roserade?
|-singleturn|p1a: Roserade?|Protect
|move|p2a: CPU|Zen Headbutt|p1a: Roserade?
|-activate|p1a: Roserade?|Protect
|
|-weather|none
|-heal|p1a: Roserade?|217\/360|[from] move: Wish|[wisher] Roserade?
|-heal|p1a: Roserade?|239\/360|[from] item: Leftovers
|turn|23
|
|switch|p1a: The Kipper|Swampert, M|86\/404
|move|p2a: CPU|Meteor Mash|p1a: The Kipper
|-resisted|p1a: The Kipper
|-damage|p1a: The Kipper|14\/404
|-boost|p2a: CPU|atk|1
|
|-heal|p1a: The Kipper|39\/404|[from] item: Leftovers
|turn|24
|
|move|p2a: CPU|Meteor Mash|p1a: The Kipper
|-resisted|p1a: The Kipper
|-damage|p1a: The Kipper|0 fnt
|faint|p1a: The Kipper
|
|
|switch|p1a: Alla dat|Victini, shiny|202\/341
|turn|25
|
|move|p2a: CPU|Bullet Punch|p1a: Alla dat
|-resisted|p1a: Alla dat
|-damage|p1a: Alla dat|145\/341
|move|p1a: Alla dat|V-create|p2a: CPU
|-supereffective|p2a: CPU
|-damage|p2a: CPU|0 fnt
|-unboost|p1a: Alla dat|def|1
|-unboost|p1a: Alla dat|spd|1
|-unboost|p1a: Alla dat|spe|1
|faint|p2a: CPU
|
|
|switch|p2a: Chaos|Hydreigon, M, shiny|325\/325
|-damage|p2a: Chaos|285\/325|[from] Stealth Rock
|turn|26
|
|switch|p1a: Roserade?|Florges, F|239\/360
|move|p2a: Chaos|Dark Pulse|p1a: Roserade?
|-resisted|p1a: Roserade?
|-damage|p1a: Roserade?|164\/360
|
|-heal|p1a: Roserade?|186\/360|[from] item: Leftovers
|turn|27
|leave|FlederMau5
|player|p1
|-message|fledermau5 lost due to inactivity.
|
|win|Mob Barley
|raw|Ladder updating...
|join|FlederMau5
|raw|FlederMau5's rating: 1642 &rarr; <strong>1614<\/strong><br \/>(-28 for losing)
|raw|Mob Barley's rating: 1498 &rarr; <strong>1526<\/strong><br \/>(+28 for winning)