|join|FlederMau5
|join|blkppl
|player|p1|FlederMau5|169
|player|p2|blkppl|169
|gametype|singles
|gen|6
|tier|UU
|rated
|rule|Sleep Clause Mod: Limit one foe put to sleep
|rule|Species Clause: Limit one of each PokÃ©mon
|rule|OHKO Clause: OHKO moves are banned
|rule|Moody Clause: Moody is banned
|rule|Evasion Moves Clause: Evasion moves are banned
|rule|Endless Battle Clause: Forcing endless battles is banned
|rule|HP Percentage Mod: HP is reported as percentages
|clearpoke
|poke|p1|Haxorus, M, shiny
|poke|p1|Noivern, M
|poke|p1|Florges, F
|poke|p1|Blastoise, M
|poke|p1|Swampert, M
|poke|p1|Victini, shiny
|poke|p2|Hydreigon, M
|poke|p2|Mienshao, F
|poke|p2|Absol, F
|poke|p2|Heracross, M
|poke|p2|Rhyperior, M
|poke|p2|Chandelure, M
|rule|Swagger Clause: Swagger is banned
|rule|Baton Pass Clause: Limit one PokÃ©mon knowing Baton Pass
|teampreview
|
|start
|switch|p1a: FlederMau5|Noivern, M|311\/311
|switch|p2a: Heracross|Heracross, M|301\/301
|turn|1
|
|switch|p2a: Rhyperior|Rhyperior, M|433\/433
|move|p1a: FlederMau5|Hurricane|p2a: Rhyperior
|-resisted|p2a: Rhyperior
|-damage|p2a: Rhyperior|295\/433
|
|-heal|p2a: Rhyperior|322\/433|[from] item: Leftovers
|turn|2
|
|switch|p1a: Broadsides|Blastoise, M|362\/362
|move|p2a: Rhyperior|Stealth Rock|p1a: Broadsides
|-sidestart|p1: FlederMau5|move: Stealth Rock
|
|-heal|p2a: Rhyperior|349\/433|[from] item: Leftovers
|turn|3
|
|switch|p2a: Heracross|Heracross, M|301\/301
|detailschange|p1a: Broadsides|Blastoise-Mega, M
|message|Blastoise has Mega Evolved into Mega Blastoise!
|move|p1a: Broadsides|Dragon Pulse|p2a: Heracross
|-damage|p2a: Heracross|116\/301
|
|-heal|p2a: Heracross|134\/301|[from] item: Leftovers
|turn|4
|
|switch|p1a: Roserade?|Florges, F|360\/360
|-damage|p1a: Roserade?|315\/360|[from] Stealth Rock
|move|p2a: Heracross|Close Combat|p1a: Roserade?
|-resisted|p1a: Roserade?
|-damage|p1a: Roserade?|216\/360
|-unboost|p2a: Heracross|def|1
|-unboost|p2a: Heracross|spd|1
|
|-heal|p2a: Heracross|152\/301|[from] item: Leftovers
|-heal|p1a: Roserade?|238\/360|[from] item: Leftovers
|turn|5
|
|switch|p2a: Rhyperior|Rhyperior, M|349\/433
|move|p1a: Roserade?|Wish|p1a: Roserade?
|
|-heal|p1a: Roserade?|260\/360|[from] item: Leftovers
|-heal|p2a: Rhyperior|376\/433|[from] item: Leftovers
|turn|6
|
|switch|p1a: Broadsides|Blastoise-Mega, M|362\/362
|-damage|p1a: Broadsides|317\/362|[from] Stealth Rock
|move|p2a: Rhyperior|Roar|p1a: Broadsides
|drag|p1a: The Terror|Haxorus, M, shiny|303\/303
|-damage|p1a: The Terror|266\/303|[from] Stealth Rock
|-ability|p1a: The Terror|Mold Breaker
|
|-heal|p1a: The Terror|303\/303|[from] move: Wish|[wisher] Roserade?
|-heal|p2a: Rhyperior|403\/433|[from] item: Leftovers
|turn|7
|
|move|p1a: The Terror|Earthquake|p2a: Rhyperior
|-supereffective|p2a: Rhyperior
|-damage|p2a: Rhyperior|203\/433
|move|p2a: Rhyperior|Stone Edge|p1a: The Terror
|-crit|p1a: The Terror
|-damage|p1a: The Terror|27\/303
|
|-heal|p2a: Rhyperior|230\/433|[from] item: Leftovers
|turn|8
|
|move|p1a: The Terror|Dual Chop|p2a: Rhyperior
|-damage|p2a: Rhyperior|163\/433
|-damage|p2a: Rhyperior|103\/433
|-hitcount|p2a: Rhyperior|2
|move|p2a: Rhyperior|Roar|p1a: The Terror
|drag|p1a: The Kipper|Swampert, M|404\/404
|-damage|p1a: The Kipper|379\/404|[from] Stealth Rock
|
|-heal|p1a: The Kipper|404\/404|[from] item: Leftovers
|-heal|p2a: Rhyperior|130\/433|[from] item: Leftovers
|turn|9
|
|switch|p2a: Heracross|Heracross, M|152\/301
|move|p1a: The Kipper|Scald|p2a: Heracross
|-damage|p2a: Heracross|65\/301
|
|-heal|p2a: Heracross|83\/301|[from] item: Leftovers
|turn|10
|
|move|p2a: Heracross|Knock Off|p1a: The Kipper
|-damage|p1a: The Kipper|320\/404
|-enditem|p1a: The Kipper|Leftovers|[from] move: Knock Off|[of] p2a: Heracross
|move|p1a: The Kipper|Stealth Rock|p2a: Heracross
|-sidestart|p2: blkppl|move: Stealth Rock
|
|-heal|p2a: Heracross|101\/301|[from] item: Leftovers
|turn|11
|
|move|p2a: Heracross|Swords Dance|p2a: Heracross
|-boost|p2a: Heracross|atk|2
|move|p1a: The Kipper|Scald|p2a: Heracross
|-damage|p2a: Heracross|19\/301
|-status|p2a: Heracross|brn
|
|-heal|p2a: Heracross|37\/301 brn|[from] item: Leftovers
|-damage|p2a: Heracross|0 fnt|[from] brn
|faint|p2a: Heracross
|chat|blkppl|gay
|join|fattyyy
|join|Nas
|
|switch|p2a: Hydreigon|Hydreigon, M|325\/325
|-damage|p2a: Hydreigon|285\/325|[from] Stealth Rock
|turn|12
|chat|Nas|ha
|chat|FlederMau5|I mean, that's kinda the theme of this team
|chat|blkppl|haxing?
|
|move|p2a: Hydreigon|U-turn|p1a: The Kipper
|-damage|p1a: The Kipper|280\/404
|
|switch|p2a: Rhyperior|Rhyperior, M|130\/433
|-damage|p2a: Rhyperior|103\/433|[from] Stealth Rock
|move|p1a: The Kipper|Roar|p2a: Rhyperior
|drag|p2a: Mienshao|Mienshao, F|271\/271
|-damage|p2a: Mienshao|255\/271|[from] Stealth Rock
|
|turn|13
|chat|FlederMau5|Being gay in general, yes
|
|move|p2a: Mienshao|U-turn|p1a: The Kipper
|-damage|p1a: The Kipper|215\/404
|
|switch|p2a: Hydreigon|Hydreigon, M|285\/325
|-damage|p2a: Hydreigon|245\/325|[from] Stealth Rock
|move|p1a: The Kipper|Earthquake|p2a: Hydreigon
|-immune|p2a: Hydreigon|[msg]
|
|turn|14
|leave|fattyyy
|
|switch|p1a: The Terror|Haxorus, M, shiny|27\/303
|-damage|p1a: The Terror|0 fnt|[from] Stealth Rock
|faint|p1a: The Terror
|move|p2a: Hydreigon|U-turn|p1: The Terror|[notarget]
|-notarget
|
|
|switch|p1a: FlederMau5|Noivern, M|311\/311
|-damage|p1a: FlederMau5|234\/311|[from] Stealth Rock
|turn|15
|
|switch|p2a: Rhyperior|Rhyperior, M|103\/433
|-damage|p2a: Rhyperior|76\/433|[from] Stealth Rock
|move|p1a: FlederMau5|Hurricane|p2a: Rhyperior
|-resisted|p2a: Rhyperior
|-damage|p2a: Rhyperior|0 fnt
|faint|p2a: Rhyperior
|
|
|switch|p2a: Chandelure|Chandelure, M|261\/261
|-damage|p2a: Chandelure|196\/261|[from] Stealth Rock
|turn|16
|
|move|p2a: Chandelure|Shadow Ball|p1a: FlederMau5
|-damage|p1a: FlederMau5|14\/311
|move|p1a: FlederMau5|Hurricane|p2a: Chandelure
|-damage|p2a: Chandelure|0 fnt
|faint|p2a: Chandelure
|
|
|switch|p2a: Mienshao|Mienshao, F|255\/271
|-damage|p2a: Mienshao|239\/271|[from] Stealth Rock
|turn|17
|
|move|p2a: Mienshao|U-turn|p1a: FlederMau5
|-crit|p1a: FlederMau5
|-resisted|p1a: FlederMau5
|-damage|p1a: FlederMau5|0 fnt
|faint|p1a: FlederMau5
|
|switch|p2a: Hydreigon|Hydreigon, M|245\/325
|-damage|p2a: Hydreigon|205\/325|[from] Stealth Rock
|
|
|switch|p1a: Roserade?|Florges, F|260\/360
|-damage|p1a: Roserade?|215\/360|[from] Stealth Rock
|turn|18
|
|move|p2a: Hydreigon|Fire Blast|p1a: Roserade?|[miss]
|-miss|p2a: Hydreigon|p1a: Roserade?
|move|p1a: Roserade?|Wish|p1a: Roserade?
|
|-heal|p1a: Roserade?|237\/360|[from] item: Leftovers
|turn|19
|-message|blkppl forfeited.
|
|win|FlederMau5
|raw|Ladder updating...
|leave|blkppl
|player|p2
|raw|FlederMau5's rating: 1589 &rarr; <strong>1615<\/strong><br \/>(+26 for winning)
|raw|blkppl's rating: 1693 &rarr; <strong>1667<\/strong><br \/>(-26 for losing)