|join|FlederMau5
|join|xMarth
|player|p1|FlederMau5|169
|player|p2|xMarth|265
|gametype|singles
|gen|6
|tier|UU
|rated
|rule|Sleep Clause Mod: Limit one foe put to sleep
|rule|Species Clause: Limit one of each PokÃ©mon
|rule|OHKO Clause: OHKO moves are banned
|rule|Moody Clause: Moody is banned
|rule|Evasion Moves Clause: Evasion moves are banned
|rule|Endless Battle Clause: Forcing endless battles is banned
|rule|HP Percentage Mod: HP is reported as percentages
|clearpoke
|poke|p1|Haxorus, M, shiny
|poke|p1|Noivern, F
|poke|p1|Florges, F
|poke|p1|Blastoise, M
|poke|p1|Swampert, M
|poke|p1|Victini, shiny
|poke|p2|Froslass, F
|poke|p2|Sableye, F
|poke|p2|Lucario, M, shiny
|poke|p2|Swampert, M
|poke|p2|Roserade, F
|poke|p2|Noivern, M
|rule|Swagger Clause: Swagger is banned
|rule|Baton Pass Clause: Limit one PokÃ©mon knowing Baton Pass
|teampreview
|
|start
|switch|p1a: Alla dat|Victini, shiny|341\/341
|switch|p2a: Froslass|Froslass, F|281\/281
|turn|1
|
|move|p2a: Froslass|Spikes|p1a: Alla dat
|-sidestart|p1: FlederMau5|Spikes
|move|p1a: Alla dat|Trick|p2a: Froslass
|-activate|p1a: Alla dat|move: Trick|[of] p2a: Froslass
|-item|p2a: Froslass|Choice Band|[from] move: Trick
|-item|p1a: Alla dat|Focus Sash|[from] move: Trick
|
|turn|2
|
|move|p2a: Froslass|Spikes|p1a: Alla dat
|-sidestart|p1: FlederMau5|Spikes
|move|p1a: Alla dat|V-create|p2a: Froslass
|-supereffective|p2a: Froslass
|-damage|p2a: Froslass|0 fnt
|-unboost|p1a: Alla dat|def|1
|-unboost|p1a: Alla dat|spd|1
|-unboost|p1a: Alla dat|spe|1
|faint|p2a: Froslass
|
|
|switch|p2a: Swampert|Swampert, M|404\/404
|turn|3
|
|move|p1a: Alla dat|U-turn|p2a: Swampert
|-damage|p2a: Swampert|350\/404
|
|switch|p1a: Broadsides|Blastoise, M|362\/362
|-damage|p1a: Broadsides|302\/362|[from] Spikes
|move|p2a: Swampert|Stealth Rock|p1a: Broadsides
|-sidestart|p1: FlederMau5|move: Stealth Rock
|
|-heal|p2a: Swampert|375\/404|[from] item: Leftovers
|turn|4
|
|switch|p2a: Sableye|Sableye, F|299\/299
|detailschange|p1a: Broadsides|Blastoise-Mega, M
|message|Blastoise has Mega Evolved into Mega Blastoise!
|move|p1a: Broadsides|Scald|p2a: Sableye
|-damage|p2a: Sableye|140\/299
|-status|p2a: Sableye|brn
|
|-heal|p2a: Sableye|158\/299 brn|[from] item: Leftovers
|-damage|p2a: Sableye|121\/299 brn|[from] brn
|turn|5
|
|switch|p2a: Roserade|Roserade, F|261\/261
|move|p1a: Broadsides|Dragon Pulse|p2a: Roserade
|-damage|p2a: Roserade|96\/261
|
|turn|6
|
|switch|p1a: The Terror|Haxorus, M, shiny|303\/303
|-damage|p1a: The Terror|266\/303|[from] Stealth Rock
|-damage|p1a: The Terror|216\/303|[from] Spikes
|-ability|p1a: The Terror|Mold Breaker
|move|p2a: Roserade|Giga Drain|p1a: The Terror
|-resisted|p1a: The Terror
|-damage|p1a: The Terror|96\/303
|-heal|p2a: Roserade|156\/261|[from] drain|[of] p1a: The Terror
|-damage|p2a: Roserade|130\/261|[from] item: Life Orb
|
|turn|7
|
|switch|p2a: Swampert|Swampert, M|375\/404
|move|p1a: The Terror|Dragon Claw|p2a: Swampert
|-damage|p2a: Swampert|260\/404
|
|-heal|p2a: Swampert|285\/404|[from] item: Leftovers
|turn|8
|
|move|p1a: The Terror|Dragon Claw|p2a: Swampert
|-damage|p2a: Swampert|165\/404
|move|p2a: Swampert|Earthquake|p1a: The Terror
|-damage|p1a: The Terror|0 fnt
|faint|p1a: The Terror
|
|-heal|p2a: Swampert|190\/404|[from] item: Leftovers
|
|switch|p1a: Broadsides|Blastoise-Mega, M|302\/362
|-damage|p1a: Broadsides|242\/362|[from] Spikes
|-damage|p1a: Broadsides|197\/362|[from] Stealth Rock
|turn|9
|
|switch|p2a: Sableye|Sableye, F|121\/299 brn
|move|p1a: Broadsides|Rapid Spin|p2a: Sableye
|-immune|p2a: Sableye|[msg]
|
|-heal|p2a: Sableye|139\/299 brn|[from] item: Leftovers
|-damage|p2a: Sableye|102\/299 brn|[from] brn
|turn|10
|
|move|p2a: Sableye|Will-O-Wisp|p1a: Broadsides
|-status|p1a: Broadsides|brn
|move|p1a: Broadsides|Dragon Pulse|p2a: Sableye
|-damage|p2a: Sableye|0 fnt
|faint|p2a: Sableye
|
|-damage|p1a: Broadsides|152\/362 brn|[from] brn
|
|switch|p2a: Roserade|Roserade, F|130\/261
|turn|11
|
|move|p2a: Roserade|Sludge Bomb|p1a: Broadsides
|-damage|p1a: Broadsides|0 fnt
|-damage|p2a: Roserade|104\/261|[from] item: Life Orb
|faint|p1a: Broadsides
|
|
|switch|p1a: FlederMau5|Noivern, F|311\/311
|-damage|p1a: FlederMau5|234\/311|[from] Stealth Rock
|turn|12
|
|switch|p2a: Swampert|Swampert, M|190\/404
|move|p1a: FlederMau5|Hurricane|p2a: Swampert
|-damage|p2a: Swampert|0 fnt
|faint|p2a: Swampert
|
|
|switch|p2a: Noivern|Noivern, M|311\/311
|turn|13
|
|switch|p1a: Roserade?|Florges, F|360\/360
|-damage|p1a: Roserade?|315\/360|[from] Stealth Rock
|-damage|p1a: Roserade?|255\/360|[from] Spikes
|move|p2a: Noivern|Draco Meteor|p1a: Roserade?
|-immune|p1a: Roserade?|[msg]
|
|-heal|p1a: Roserade?|277\/360|[from] item: Leftovers
|turn|14
|
|switch|p2a: Roserade|Roserade, F|104\/261
|move|p1a: Roserade?|Moonblast|p2a: Roserade
|-resisted|p2a: Roserade
|-damage|p2a: Roserade|45\/261
|
|-heal|p1a: Roserade?|299\/360|[from] item: Leftovers
|turn|15
|
|switch|p1a: Alla dat|Victini, shiny|341\/341
|-damage|p1a: Alla dat|285\/341|[from] Spikes
|-damage|p1a: Alla dat|200\/341|[from] Stealth Rock
|move|p2a: Roserade|Sleep Powder|p1a: Alla dat
|-status|p1a: Alla dat|slp
|
|turn|16
|
|switch|p1a: Roserade?|Florges, F|299\/360
|-damage|p1a: Roserade?|254\/360|[from] Stealth Rock
|-damage|p1a: Roserade?|194\/360|[from] Spikes
|move|p2a: Roserade|Sludge Bomb|p1a: Roserade?
|-supereffective|p1a: Roserade?
|-damage|p1a: Roserade?|0 fnt
|-damage|p2a: Roserade|19\/261|[from] item: Life Orb
|faint|p1a: Roserade?
|
|
|switch|p1a: FlederMau5|Noivern, F|234\/311
|-damage|p1a: FlederMau5|157\/311|[from] Stealth Rock
|turn|17
|
|switch|p2a: Noivern|Noivern, M|311\/311
|move|p1a: FlederMau5|Flamethrower|p2a: Noivern
|-resisted|p2a: Noivern
|-damage|p2a: Noivern|235\/311
|
|turn|18
|
|switch|p1a: Alla dat|Victini, shiny|200\/341 slp
|-damage|p1a: Alla dat|144\/341 slp|[from] Spikes
|-damage|p1a: Alla dat|59\/341 slp|[from] Stealth Rock
|move|p2a: Noivern|Draco Meteor|p1a: Alla dat
|-damage|p1a: Alla dat|0 fnt
|-unboost|p2a: Noivern|spa|2
|faint|p1a: Alla dat
|
|
|switch|p1a: The Kipper|Swampert, M|404\/404
|-damage|p1a: The Kipper|379\/404|[from] Stealth Rock
|-damage|p1a: The Kipper|312\/404|[from] Spikes
|turn|19
|
|move|p2a: Noivern|Taunt|p1a: The Kipper
|-start|p1a: The Kipper|move: Taunt
|move|p1a: The Kipper|Scald|p2a: Noivern
|-resisted|p2a: Noivern
|-damage|p2a: Noivern|190\/311
|-status|p2a: Noivern|brn
|
|-heal|p1a: The Kipper|337\/404|[from] item: Leftovers
|-damage|p2a: Noivern|152\/311 brn|[from] brn
|turn|20
|
|move|p2a: Noivern|Draco Meteor|p1a: The Kipper|[miss]
|-miss|p2a: Noivern|p1a: The Kipper
|move|p1a: The Kipper|Scald|p2a: Noivern
|-resisted|p2a: Noivern
|-damage|p2a: Noivern|106\/311 brn
|
|-heal|p1a: The Kipper|362\/404|[from] item: Leftovers
|-damage|p2a: Noivern|68\/311 brn|[from] brn
|turn|21
|
|move|p2a: Noivern|Moonlight|p2a: Noivern
|-heal|p2a: Noivern|223\/311 brn
|move|p1a: The Kipper|Scald|p2a: Noivern
|-resisted|p2a: Noivern
|-damage|p2a: Noivern|173\/311 brn
|
|-heal|p1a: The Kipper|387\/404|[from] item: Leftovers
|-damage|p2a: Noivern|135\/311 brn|[from] brn
|-end|p1a: The Kipper|move: Taunt
|turn|22
|
|move|p2a: Noivern|Taunt|p1a: The Kipper
|-start|p1a: The Kipper|move: Taunt
|move|p1a: The Kipper|Scald|p2a: Noivern
|-resisted|p2a: Noivern
|-damage|p2a: Noivern|87\/311 brn
|
|-heal|p1a: The Kipper|404\/404|[from] item: Leftovers
|-damage|p2a: Noivern|49\/311 brn|[from] brn
|turn|23
|
|move|p2a: Noivern|Draco Meteor|p1a: The Kipper
|-damage|p1a: The Kipper|277\/404
|-unboost|p2a: Noivern|spa|2
|move|p1a: The Kipper|Scald|p2a: Noivern
|-resisted|p2a: Noivern
|-damage|p2a: Noivern|1\/311 brn
|
|-heal|p1a: The Kipper|302\/404|[from] item: Leftovers
|-damage|p2a: Noivern|0 fnt|[from] brn
|faint|p2a: Noivern
|
|switch|p2a: Roserade|Roserade, F|19\/261
|turn|24
|
|move|p2a: Roserade|Sleep Powder|p1a: The Kipper|[miss]
|-miss|p2a: Roserade|p1a: The Kipper
|move|p1a: The Kipper|Scald|p2a: Roserade
|-resisted|p2a: Roserade
|-damage|p2a: Roserade|0 fnt
|faint|p2a: Roserade
|
|-heal|p1a: The Kipper|327\/404|[from] item: Leftovers
|-end|p1a: The Kipper|move: Taunt
|
|switch|p2a: Lucario|Lucario, M, shiny|281\/281
|turn|25
|
|move|p2a: Lucario|Swords Dance|p2a: Lucario
|-boost|p2a: Lucario|atk|2
|move|p1a: The Kipper|Earthquake|p2a: Lucario
|-supereffective|p2a: Lucario
|-damage|p2a: Lucario|0 fnt
|faint|p2a: Lucario
|
|win|FlederMau5
|raw|Ladder updating...
|raw|FlederMau5's rating: 1702 &rarr; <strong>1714<\/strong><br \/>(+12 for winning)
|raw|xMarth's rating: 1545 &rarr; <strong>1533<\/strong><br \/>(-12 for losing)
|leave|xMarth
|player|p2
|chat|FlederMau5|gg
|leave|FlederMau5
|player|p1
|join|FlederMau5
|leave|FlederMau5
|join|FlederMau5