|join|COMESTOANEND
|join|FlederMau5
|player|p1|COMESTOANEND|2
|player|p2|FlederMau5|169
|gametype|singles
|gen|6
|tier|UU
|rated
|rule|Sleep Clause Mod: Limit one foe put to sleep
|rule|Species Clause: Limit one of each PokÃ©mon
|rule|OHKO Clause: OHKO moves are banned
|rule|Moody Clause: Moody is banned
|rule|Evasion Moves Clause: Evasion moves are banned
|rule|Endless Battle Clause: Forcing endless battles is banned
|rule|HP Percentage Mod: HP is shown in percentages
|clearpoke
|poke|p1|Hydreigon, F
|poke|p1|Alomomola, M
|poke|p1|Jirachi
|poke|p1|Aromatisse, M
|poke|p1|Dugtrio, M
|poke|p1|Crobat, F
|poke|p2|Cobalion
|poke|p2|Noivern, M
|poke|p2|Victini, shiny
|poke|p2|Swampert, F
|poke|p2|Umbreon, M, shiny
|poke|p2|Blastoise, M
|rule|Swagger Clause: Swagger is banned
|rule|Baton Pass Clause: Limit one PokÃ©mon knowing Baton Pass
|teampreview
|c|âCOMESTOANEND|gl
|c|âFlederMau5|gl
|join|Error403
|
|start
|switch|p1a: Hydreigon|Hydreigon, F|387\/387
|switch|p2a: Broadsides|Blastoise, M|334\/334
|turn|1
|
|switch|p1a: Alomomola|Alomomola, M|529\/529
|detailschange|p2a: Broadsides|Blastoise-Mega, M
|message|Blastoise has Mega Evolved into Mega Blastoise!
|move|p2a: Broadsides|Dragon Pulse|p1a: Alomomola
|-crit|p1a: Alomomola
|-damage|p1a: Alomomola|86\/529
|
|turn|2
|c|âCOMESTOANEND|rekt
|c| Error403|-kaboom-
|
|move|p1a: Alomomola|Protect|p1a: Alomomola
|-singleturn|p1a: Alomomola|Protect
|move|p2a: Broadsides|Dark Pulse|p1a: Alomomola
|-activate|p1a: Alomomola|Protect
|
|turn|3
|
|switch|p1a: Aromatisse|Aromatisse, M|406\/406
|move|p2a: Broadsides|Dragon Pulse|p1a: Aromatisse
|-immune|p1a: Aromatisse|[msg]
|
|turn|4
|
|switch|p2a: Alla Dat|Victini, shiny|341\/341
|move|p1a: Aromatisse|Wish|p1a: Aromatisse
|
|turn|5
|
|switch|p1a: Dugtrio|Dugtrio, M|211\/211
|move|p2a: Alla Dat|Bolt Strike|p1a: Dugtrio
|-immune|p1a: Dugtrio|[msg]
|
|turn|6
|c|âFlederMau5|Tear :'(
|
|move|p1a: Dugtrio|Earthquake|p2a: Alla Dat
|-supereffective|p2a: Alla Dat
|-damage|p2a: Alla Dat|71\/341
|move|p2a: Alla Dat|Bolt Strike|p1a: Dugtrio
|-immune|p1a: Dugtrio|[msg]
|
|turn|7
|c|âCOMESTOANEND|rip victini
|
|move|p1a: Dugtrio|Earthquake|p2a: Alla Dat
|-supereffective|p2a: Alla Dat
|-damage|p2a: Alla Dat|0 fnt
|faint|p2a: Alla Dat
|
|c|âFlederMau5|Guess I still am bad at this game :P
|c|âCOMESTOANEND|you should have u-turned
|
|switch|p2a: Broadsides|Blastoise-Mega, M|334\/334
|turn|8
|c|âFlederMau5|Yeah
|c|âCOMESTOANEND|there is no way im taking the risk of go send alomomola there
|
|switch|p1a: Hydreigon|Hydreigon, F|387\/387
|move|p2a: Broadsides|Hydro Pump|p1a: Hydreigon
|-resisted|p1a: Hydreigon
|-damage|p1a: Hydreigon|280\/387
|
|-heal|p1a: Hydreigon|304\/387|[from] item: Leftovers
|turn|9
|c| Error403|hmm..maybe predicting an v-create...
|
|switch|p1a: Aromatisse|Aromatisse, M|406\/406
|move|p2a: Broadsides|Dragon Pulse|p1a: Aromatisse
|-immune|p1a: Aromatisse|[msg]
|
|turn|10
|
|move|p2a: Broadsides|Hydro Pump|p1a: Aromatisse
|-damage|p1a: Aromatisse|156\/406
|move|p1a: Aromatisse|Wish|p1a: Aromatisse
|
|-heal|p1a: Aromatisse|181\/406|[from] item: Leftovers
|turn|11
|
|move|p1a: Aromatisse|Protect|p1a: Aromatisse
|-singleturn|p1a: Aromatisse|Protect
|move|p2a: Broadsides|Dark Pulse|p1a: Aromatisse
|-activate|p1a: Aromatisse|Protect
|
|-heal|p1a: Aromatisse|384\/406|[from] move: Wish|[wisher] Aromatisse
|-heal|p1a: Aromatisse|406\/406|[from] item: Leftovers
|turn|12
|
|move|p2a: Broadsides|Hydro Pump|p1a: Aromatisse
|-damage|p1a: Aromatisse|154\/406
|move|p1a: Aromatisse|Wish|p1a: Aromatisse
|
|-heal|p1a: Aromatisse|179\/406|[from] item: Leftovers
|turn|13
|
|switch|p2a: New Meta!|Cobalion|324\/324
|move|p1a: Aromatisse|Protect|p1a: Aromatisse
|-fail|p1a: Aromatisse
|
|-heal|p1a: Aromatisse|382\/406|[from] move: Wish|[wisher] Aromatisse
|-heal|p1a: Aromatisse|406\/406|[from] item: Leftovers
|turn|14
|
|switch|p1a: Dugtrio|Dugtrio, M|211\/211
|move|p2a: New Meta!|Iron Head|p1a: Dugtrio
|-damage|p1a: Dugtrio|30\/211
|
|turn|15
|
|move|p1a: Dugtrio|Earthquake|p2a: New Meta!
|-supereffective|p2a: New Meta!
|-damage|p2a: New Meta!|124\/324
|move|p2a: New Meta!|Iron Head|p1a: Dugtrio
|-damage|p1a: Dugtrio|0 fnt
|faint|p1a: Dugtrio
|
|-heal|p2a: New Meta!|144\/324|[from] item: Leftovers
|
|switch|p1a: Alomomola|Alomomola, M|262\/529
|turn|16
|
|move|p2a: New Meta!|Swords Dance|p2a: New Meta!
|-boost|p2a: New Meta!|atk|2
|move|p1a: Alomomola|Wish|p1a: Alomomola
|
|-heal|p2a: New Meta!|164\/324|[from] item: Leftovers
|turn|17
|
|move|p1a: Alomomola|Protect|p1a: Alomomola
|-singleturn|p1a: Alomomola|Protect
|move|p2a: New Meta!|Substitute|p2a: New Meta!
|-start|p2a: New Meta!|Substitute
|-damage|p2a: New Meta!|83\/324
|
|-heal|p1a: Alomomola|526\/529|[from] move: Wish|[wisher] Alomomola
|-heal|p2a: New Meta!|103\/324|[from] item: Leftovers
|turn|18
|c| Error403|stallbreaker incoming (?)
|c|âCOMESTOANEND|rekt
|c| Error403|much rekt tho
|c|âCOMESTOANEND|I should have sacked alomomola
|c|âCOMESTOANEND|in order to give a free switch in to dugtrio
|
|move|p2a: New Meta!|Close Combat|p1a: Alomomola
|-damage|p1a: Alomomola|244\/529
|-damage|p2a: New Meta!|49\/324|[from] item: Rocky Helmet|[of] p1a: Alomomola
|-unboost|p2a: New Meta!|def|1
|-unboost|p2a: New Meta!|spd|1
|move|p1a: Alomomola|Scald|p2a: New Meta!
|-end|p2a: New Meta!|Substitute
|
|-heal|p2a: New Meta!|69\/324|[from] item: Leftovers
|turn|19
|c| Error403|yep
|c| Error403|dugtrio = free switch
|c| Error403|always
|
|move|p2a: New Meta!|Close Combat|p1a: Alomomola
|-damage|p1a: Alomomola|0 fnt
|-damage|p2a: New Meta!|15\/324|[from] item: Rocky Helmet|[of] p1a: Alomomola
|-unboost|p2a: New Meta!|def|1
|-unboost|p2a: New Meta!|spd|1
|faint|p1a: Alomomola
|
|-heal|p2a: New Meta!|35\/324|[from] item: Leftovers
|
|switch|p1a: Crobat|Crobat, F|373\/373
|turn|20
|c|âCOMESTOANEND|I need to replace quagsire with jirachi, and give the rocks to dugtrio
|c|âCOMESTOANEND|but, sr dugtrio isn't really good
|
|switch|p2a: The Kipper|Swampert, F|404\/404
|move|p1a: Crobat|U-turn|p2a: The Kipper
|-damage|p2a: The Kipper|359\/404
|
|switch|p1a: Hydreigon|Hydreigon, F|304\/387
|
|-heal|p1a: Hydreigon|328\/387|[from] item: Leftovers
|-heal|p2a: The Kipper|384\/404|[from] item: Leftovers
|turn|21
|c| Error403|en 5 gen me iba bien
|c|âCOMESTOANEND|en balanced sÃ­
|
|switch|p2a: Cheshire|Umbreon, M, shiny|394\/394
|move|p1a: Hydreigon|Taunt|p2a: Cheshire
|-start|p2a: Cheshire|move: Taunt
|
|-heal|p1a: Hydreigon|352\/387|[from] item: Leftovers
|turn|22
|leave|Error403
|
|switch|p1a: Aromatisse|Aromatisse, M|406\/406
|move|p2a: Cheshire|Foul Play|p1a: Aromatisse
|-resisted|p1a: Aromatisse
|-damage|p1a: Aromatisse|379\/406
|
|-heal|p1a: Aromatisse|404\/406|[from] item: Leftovers
|turn|23
|c|âFlederMau5|Oh, i's the stall breaker
|
|switch|p2a: The Kipper|Swampert, F|384\/404
|switch|p1a: Hydreigon|Hydreigon, F|352\/387
|
|-heal|p1a: Hydreigon|376\/387|[from] item: Leftovers
|-heal|p2a: The Kipper|404\/404|[from] item: Leftovers
|turn|24
|
|move|p1a: Hydreigon|Taunt|p2a: The Kipper
|-start|p2a: The Kipper|move: Taunt
|move|p2a: The Kipper|Scald|p1a: Hydreigon
|-resisted|p1a: Hydreigon
|-damage|p1a: Hydreigon|338\/387
|
|-heal|p1a: Hydreigon|362\/387|[from] item: Leftovers
|turn|25
|
|switch|p2a: Cheshire|Umbreon, M, shiny|394\/394
|move|p1a: Hydreigon|Toxic|p2a: Cheshire
|-status|p2a: Cheshire|tox
|-status|p1a: Hydreigon|tox
|
|-heal|p1a: Hydreigon|386\/387 tox|[from] item: Leftovers
|-damage|p1a: Hydreigon|362\/387 tox|[from] psn
|-damage|p2a: Cheshire|370\/394 tox|[from] psn
|turn|26
|
|switch|p2a: Broadsides|Blastoise-Mega, M|334\/334
|move|p1a: Hydreigon|Taunt|p2a: Broadsides
|-start|p2a: Broadsides|move: Taunt
|
|-heal|p1a: Hydreigon|386\/387 tox|[from] item: Leftovers
|-damage|p1a: Hydreigon|338\/387 tox|[from] psn
|turn|27
|
|switch|p1a: Jirachi|Jirachi|403\/403
|move|p2a: Broadsides|Hydro Pump|p1a: Jirachi
|-damage|p1a: Jirachi|228\/403
|
|-heal|p1a: Jirachi|253\/403|[from] item: Leftovers
|turn|28
|
|move|p1a: Jirachi|Toxic|p2a: Broadsides
|-status|p2a: Broadsides|tox
|move|p2a: Broadsides|Hydro Pump|p1a: Jirachi|[miss]
|-miss|p2a: Broadsides|p1a: Jirachi
|
|-heal|p1a: Jirachi|278\/403|[from] item: Leftovers
|-damage|p2a: Broadsides|314\/334 tox|[from] psn
|turn|29
|c|âCOMESTOANEND|sorry
|
|move|p1a: Jirachi|Iron Head|p2a: Broadsides
|-resisted|p2a: Broadsides
|-damage|p2a: Broadsides|271\/334 tox
|cant|p2a: Broadsides|flinch
|
|-heal|p1a: Jirachi|303\/403|[from] item: Leftovers
|-damage|p2a: Broadsides|231\/334 tox|[from] psn
|-end|p2a: Broadsides|move: Taunt
|turn|30
|c|âFlederMau5|No big deal
|c|âFlederMau5|hax happens
|
|switch|p1a: Hydreigon|Hydreigon, F|338\/387 tox
|move|p2a: Broadsides|Dark Pulse|p1a: Hydreigon
|-resisted|p1a: Hydreigon
|-damage|p1a: Hydreigon|268\/387 tox
|
|-heal|p1a: Hydreigon|292\/387 tox|[from] item: Leftovers
|-damage|p1a: Hydreigon|268\/387 tox|[from] psn
|-damage|p2a: Broadsides|171\/334 tox|[from] psn
|turn|31
|c|âFlederMau5|I've had plenty in my favor today and I've still been losing so :P
|
|switch|p1a: Jirachi|Jirachi|303\/403
|switch|p2a: FlederMau5|Noivern, M|311\/311
|
|-heal|p1a: Jirachi|328\/403|[from] item: Leftovers
|turn|32
|
|move|p2a: FlederMau5|Flamethrower|p1a: Jirachi
|-supereffective|p1a: Jirachi
|-damage|p1a: Jirachi|92\/403
|move|p1a: Jirachi|Stealth Rock|p2a: FlederMau5
|-sidestart|p2: FlederMau5|move: Stealth Rock
|
|-heal|p1a: Jirachi|117\/403|[from] item: Leftovers
|turn|33
|
|switch|p2a: New Meta!|Cobalion|35\/324
|-damage|p2a: New Meta!|25\/324|[from] Stealth Rock
|switch|p1a: Aromatisse|Aromatisse, M|404\/406
|
|-heal|p2a: New Meta!|45\/324|[from] item: Leftovers
|-heal|p1a: Aromatisse|406\/406|[from] item: Leftovers
|turn|34
|
|switch|p1a: Crobat|Crobat, F|373\/373
|move|p2a: New Meta!|Iron Head|p1a: Crobat
|-damage|p1a: Crobat|240\/373
|
|-heal|p1a: Crobat|263\/373|[from] item: Black Sludge
|-heal|p2a: New Meta!|65\/324|[from] item: Leftovers
|turn|35
|
|move|p1a: Crobat|Brave Bird|p2a: New Meta!
|-damage|p2a: New Meta!|0 fnt
|-damage|p1a: Crobat|242\/373|[from] recoil|[of] p2a: New Meta!
|faint|p2a: New Meta!
|
|-heal|p1a: Crobat|265\/373|[from] item: Black Sludge
|
|switch|p2a: The Kipper|Swampert, F|404\/404
|-damage|p2a: The Kipper|379\/404|[from] Stealth Rock
|turn|36
|join|Error403
|
|move|p1a: Crobat|U-turn|p2a: The Kipper
|-damage|p2a: The Kipper|334\/404
|
|switch|p1a: Aromatisse|Aromatisse, M|406\/406
|move|p2a: The Kipper|Stealth Rock|p1a: Aromatisse
|-sidestart|p1: COMESTOANEND|move: Stealth Rock
|
|-heal|p2a: The Kipper|359\/404|[from] item: Leftovers
|turn|37
|c|âCOMESTOANEND|I should run taunt on crobat
|c|âCOMESTOANEND|u-turn seems useless on stall
|
|move|p2a: The Kipper|Scald|p1a: Aromatisse
|-damage|p1a: Aromatisse|319\/406
|-status|p1a: Aromatisse|brn
|move|p1a: Aromatisse|Aromatherapy|p1a: Aromatisse
|-cureteam|p1a: Aromatisse|[from] move: Aromatherapy
|
|-heal|p2a: The Kipper|384\/404|[from] item: Leftovers
|-heal|p1a: Aromatisse|344\/406|[from] item: Leftovers
|turn|38
|c| Error403|^
|c|âFlederMau5|Damn, that hax predict 
|join|DurumGratis
|
|move|p1a: Aromatisse|Wish|p1a: Aromatisse
|move|p2a: The Kipper|Roar|p1a: Aromatisse
|drag|p1a: Jirachi|Jirachi|117\/403
|-damage|p1a: Jirachi|92\/403|[from] Stealth Rock
|
|-heal|p1a: Jirachi|117\/403|[from] item: Leftovers
|-heal|p2a: The Kipper|404\/404|[from] item: Leftovers
|turn|39
|leave|DurumGratis
|
|move|p1a: Jirachi|Toxic|p2a: The Kipper
|-status|p2a: The Kipper|tox
|move|p2a: The Kipper|Earthquake|p1a: Jirachi
|-supereffective|p1a: Jirachi
|-damage|p1a: Jirachi|0 fnt
|faint|p1a: Jirachi
|
|-damage|p2a: The Kipper|379\/404 tox|[from] psn
|
|switch|p1a: Hydreigon|Hydreigon, F|268\/387
|-damage|p1a: Hydreigon|220\/387|[from] Stealth Rock
|turn|40
|c| Error403|jirachi says thanks (?)
|c| Error403|oh, no wish
|c| Error403|xD
|
|switch|p2a: FlederMau5|Noivern, M|311\/311
|-damage|p2a: FlederMau5|234\/311|[from] Stealth Rock
|move|p1a: Hydreigon|Roost|p1a: Hydreigon
|-heal|p1a: Hydreigon|387\/387
|
|turn|41
|
|switch|p1a: Aromatisse|Aromatisse, M|344\/406
|-damage|p1a: Aromatisse|294\/406|[from] Stealth Rock
|move|p2a: FlederMau5|Hurricane|p1a: Aromatisse
|-damage|p1a: Aromatisse|20\/406
|
|-heal|p1a: Aromatisse|45\/406|[from] item: Leftovers
|turn|42
|c|âCOMESTOANEND|oh
|c|âCOMESTOANEND|nb
|
|move|p2a: FlederMau5|Hurricane|p1a: Aromatisse
|-damage|p1a: Aromatisse|0 fnt
|faint|p1a: Aromatisse
|
|
|switch|p1a: Crobat|Crobat, F|265\/373
|-damage|p1a: Crobat|172\/373|[from] Stealth Rock
|turn|43
|
|move|p2a: FlederMau5|Hurricane|p1a: Crobat
|-damage|p1a: Crobat|0 fnt
|faint|p1a: Crobat
|
|
|switch|p1a: Hydreigon|Hydreigon, F|387\/387
|-damage|p1a: Hydreigon|339\/387|[from] Stealth Rock
|turn|44
|c|âCOMESTOANEND|gg
|c|âFlederMau5|gg
|
|switch|p2a: The Kipper|Swampert, F|379\/404 tox
|-damage|p2a: The Kipper|354\/404 tox|[from] Stealth Rock
|move|p1a: Hydreigon|Dark Pulse|p2a: The Kipper
|-damage|p2a: The Kipper|234\/404 tox
|
|-heal|p1a: Hydreigon|363\/387|[from] item: Leftovers
|-heal|p2a: The Kipper|259\/404 tox|[from] item: Leftovers
|-damage|p2a: The Kipper|234\/404 tox|[from] psn
|turn|45
|c|âCOMESTOANEND|btw
|
|move|p1a: Hydreigon|Dark Pulse|p2a: The Kipper
|-damage|p2a: The Kipper|101\/404 tox
|move|p2a: The Kipper|Scald|p1a: Hydreigon
|-resisted|p1a: Hydreigon
|-damage|p1a: Hydreigon|303\/387
|
|-heal|p1a: Hydreigon|327\/387|[from] item: Leftovers
|-heal|p2a: The Kipper|126\/404 tox|[from] item: Leftovers
|-damage|p2a: The Kipper|76\/404 tox|[from] psn
|turn|46
|c|âFlederMau5|Yeah?
|c|âCOMESTOANEND|dm can miss
|c|âCOMESTOANEND|xD
|join|KMart0402
|
|move|p1a: Hydreigon|Dark Pulse|p2a: The Kipper
|-damage|p2a: The Kipper|0 fnt
|faint|p2a: The Kipper
|
|-heal|p1a: Hydreigon|351\/387|[from] item: Leftovers
|
|switch|p2a: Broadsides|Blastoise-Mega, M|171\/334 tox
|-damage|p2a: Broadsides|130\/334 tox|[from] Stealth Rock
|turn|47
|c|âFlederMau5|DP says what's up :P
|
|move|p1a: Hydreigon|Dark Pulse|p2a: Broadsides
|-damage|p2a: Broadsides|33\/334 tox
|move|p2a: Broadsides|Dragon Pulse|p1a: Hydreigon
|-supereffective|p1a: Hydreigon
|-damage|p1a: Hydreigon|57\/387
|
|-heal|p1a: Hydreigon|81\/387|[from] item: Leftovers
|-damage|p2a: Broadsides|13\/334 tox|[from] psn
|turn|48
|c|âFlederMau5|Ok, jk
|c| KMart0402|nothing like DP in the morning
|
|move|p1a: Hydreigon|Dark Pulse|p2a: Broadsides
|-damage|p2a: Broadsides|0 fnt
|faint|p2a: Broadsides
|
|-heal|p1a: Hydreigon|105\/387|[from] item: Leftovers
|join|AlvaroJS
|join|Cryptosporidium10
|
|switch|p2a: FlederMau5|Noivern, M|234\/311
|-damage|p2a: FlederMau5|157\/311|[from] Stealth Rock
|turn|49
|leave|AlvaroJS
|
|move|p2a: FlederMau5|Draco Meteor|p1a: Hydreigon
|-supereffective|p1a: Hydreigon
|-damage|p1a: Hydreigon|0 fnt
|-unboost|p2a: FlederMau5|spa|2
|faint|p1a: Hydreigon
|
|win|FlederMau5
|raw|Ladder updating...
|c|âCOMESTOANEND|gg
|c|âFlederMau5|gg
|leave|KMart0402
|raw|COMESTOANEND's rating: 1598 &rarr; <strong>1574<\/strong><br \/>(-24 for losing)
|raw|FlederMau5's rating: 1523 &rarr; <strong>1547<\/strong><br \/>(+24 for winning)
|leave|COMESTOANEND
|player|p1
|leave|Error403