|join|GeathDrips
|join|FlederMau5
|player|p1|GeathDrips|101
|player|p2|FlederMau5|169
|gametype|singles
|gen|6
|tier|UU
|rated
|rule|Sleep Clause Mod: Limit one foe put to sleep
|rule|Species Clause: Limit one of each PokÃ©mon
|rule|OHKO Clause: OHKO moves are banned
|rule|Moody Clause: Moody is banned
|rule|Evasion Moves Clause: Evasion moves are banned
|rule|Endless Battle Clause: Forcing endless battles is banned
|rule|HP Percentage Mod: HP is shown in percentages
|clearpoke
|poke|p1|Togekiss, M
|poke|p1|Absol, F
|poke|p1|Tentacruel, F
|poke|p1|Swampert, M
|poke|p1|Lucario, F
|poke|p1|Rotom-Heat
|poke|p2|Cobalion
|poke|p2|Noivern, M
|poke|p2|Victini, shiny
|poke|p2|Swampert, F
|poke|p2|Umbreon, M, shiny
|poke|p2|Blastoise, F
|rule|Swagger Clause: Swagger is banned
|rule|Baton Pass Clause: Limit one PokÃ©mon knowing Baton Pass
|teampreview
|
|start
|switch|p1a: Tentacruel|Tentacruel, F|364\/364
|switch|p2a: Alla Dat|Victini, shiny|341\/341
|turn|1
|
|switch|p1a: Swampert|Swampert, M|404\/404
|move|p2a: Alla Dat|U-turn|p1a: Swampert
|-damage|p1a: Swampert|325\/404
|
|switch|p2a: Broadsides|Blastoise, F|362\/362
|
|-heal|p1a: Swampert|350\/404|[from] item: Leftovers
|turn|2
|
|switch|p1a: Tentacruel|Tentacruel, F|364\/364
|detailschange|p2a: Broadsides|Blastoise-Mega, F
|message|Blastoise has Mega Evolved into Mega Blastoise!
|move|p2a: Broadsides|Hydro Pump|p1a: Tentacruel
|-resisted|p1a: Tentacruel
|-damage|p1a: Tentacruel|274\/364
|
|-heal|p1a: Tentacruel|296\/364|[from] item: Black Sludge
|turn|3
|
|switch|p2a: The Kipper|Swampert, F|404\/404
|move|p1a: Tentacruel|Sludge Bomb|p2a: The Kipper
|-resisted|p2a: The Kipper
|-damage|p2a: The Kipper|354\/404
|-status|p2a: The Kipper|psn
|
|-heal|p1a: Tentacruel|318\/364|[from] item: Black Sludge
|-heal|p2a: The Kipper|379\/404 psn|[from] item: Leftovers
|-damage|p2a: The Kipper|329\/404 psn|[from] psn
|turn|4
|
|switch|p1a: Swampert|Swampert, M|350\/404
|switch|p2a: Alla Dat|Victini, shiny|341\/341
|
|-heal|p1a: Swampert|375\/404|[from] item: Leftovers
|turn|5
|
|move|p2a: Alla Dat|U-turn|p1a: Swampert
|-damage|p1a: Swampert|287\/404
|
|switch|p2a: FlederMau5|Noivern, M|311\/311
|move|p1a: Swampert|Stealth Rock|p2a: FlederMau5
|-sidestart|p2: FlederMau5|move: Stealth Rock
|
|-heal|p1a: Swampert|312\/404|[from] item: Leftovers
|turn|6
|
|switch|p1a: Togekiss|Togekiss, M|312\/312
|move|p2a: FlederMau5|Hurricane|p1a: Togekiss|[miss]
|-miss|p2a: FlederMau5|p1a: Togekiss
|
|turn|7
|
|move|p1a: Togekiss|Air Slash|p2a: FlederMau5
|-damage|p2a: FlederMau5|163\/311
|cant|p2a: FlederMau5|flinch
|
|turn|8
|
|switch|p2a: Broadsides|Blastoise-Mega, F|362\/362
|-damage|p2a: Broadsides|317\/362|[from] Stealth Rock
|move|p1a: Togekiss|Air Slash|p2a: Broadsides
|-damage|p2a: Broadsides|202\/362
|
|turn|9
|
|switch|p1a: Tentacruel|Tentacruel, F|318\/364
|move|p2a: Broadsides|Rapid Spin|p1a: Tentacruel
|-damage|p1a: Tentacruel|304\/364
|-sideend|p2: FlederMau5|Stealth Rock|[from] move: Rapid Spin|[of] p2a: Broadsides
|
|-heal|p1a: Tentacruel|326\/364|[from] item: Black Sludge
|turn|10
|
|switch|p2a: FlederMau5|Noivern, M|163\/311
|move|p1a: Tentacruel|Toxic Spikes|p2a: FlederMau5
|-sidestart|p2: FlederMau5|move: Toxic Spikes
|
|-heal|p1a: Tentacruel|348\/364|[from] item: Black Sludge
|turn|11
|
|move|p2a: FlederMau5|Draco Meteor|p1a: Tentacruel
|-damage|p1a: Tentacruel|96\/364
|-unboost|p2a: FlederMau5|spa|2
|move|p1a: Tentacruel|Sludge Bomb|p2a: FlederMau5
|-damage|p2a: FlederMau5|64\/311
|-status|p2a: FlederMau5|psn
|
|-heal|p1a: Tentacruel|118\/364|[from] item: Black Sludge
|-damage|p2a: FlederMau5|26\/311 psn|[from] psn
|turn|12
|
|switch|p2a: New Meta!|Cobalion|324\/324
|switch|p1a: Togekiss|Togekiss, M|312\/312
|
|turn|13
|
|switch|p1a: Swampert|Swampert, M|312\/404
|move|p2a: New Meta!|Iron Head|p1a: Swampert
|-resisted|p1a: Swampert
|-damage|p1a: Swampert|273\/404
|
|-heal|p1a: Swampert|298\/404|[from] item: Leftovers
|turn|14
|
|switch|p2a: Broadsides|Blastoise-Mega, F|202\/362
|-status|p2a: Broadsides|psn
|move|p1a: Swampert|Stealth Rock|p2a: Broadsides
|-sidestart|p2: FlederMau5|move: Stealth Rock
|
|-heal|p1a: Swampert|323\/404|[from] item: Leftovers
|-damage|p2a: Broadsides|157\/362 psn|[from] psn
|turn|15
|
|move|p2a: Broadsides|Rapid Spin|p1a: Swampert
|-damage|p1a: Swampert|312\/404
|-sideend|p2: FlederMau5|Toxic Spikes|[from] move: Rapid Spin|[of] p2a: Broadsides
|-sideend|p2: FlederMau5|Stealth Rock|[from] move: Rapid Spin|[of] p2a: Broadsides
|move|p1a: Swampert|Stealth Rock|p2a: Broadsides
|-sidestart|p2: FlederMau5|move: Stealth Rock
|
|-heal|p1a: Swampert|337\/404|[from] item: Leftovers
|-damage|p2a: Broadsides|112\/362 psn|[from] psn
|turn|16
|
|move|p2a: Broadsides|Hydro Pump|p1a: Swampert
|-damage|p1a: Swampert|115\/404
|move|p1a: Swampert|Earthquake|p2a: Broadsides
|-damage|p2a: Broadsides|10\/362 psn
|
|-heal|p1a: Swampert|140\/404|[from] item: Leftovers
|-damage|p2a: Broadsides|0 fnt|[from] psn
|faint|p2a: Broadsides
|
|switch|p2a: The Kipper|Swampert, F|329\/404 psn
|-damage|p2a: The Kipper|304\/404 psn|[from] Stealth Rock
|turn|17
|
|switch|p1a: Tentacruel|Tentacruel, F|118\/364
|move|p2a: The Kipper|Stealth Rock|p1a: Tentacruel
|-sidestart|p1: GeathDrips|move: Stealth Rock
|
|-heal|p1a: Tentacruel|140\/364|[from] item: Black Sludge
|-heal|p2a: The Kipper|329\/404 psn|[from] item: Leftovers
|-damage|p2a: The Kipper|279\/404 psn|[from] psn
|turn|18
|
|move|p1a: Tentacruel|Rapid Spin|p2a: The Kipper
|-damage|p2a: The Kipper|270\/404 psn
|-sideend|p1: GeathDrips|Stealth Rock|[from] move: Rapid Spin|[of] p1a: Tentacruel
|move|p2a: The Kipper|Earthquake|p1a: Tentacruel
|-supereffective|p1a: Tentacruel
|-damage|p1a: Tentacruel|0 fnt
|faint|p1a: Tentacruel
|
|-heal|p2a: The Kipper|295\/404 psn|[from] item: Leftovers
|-damage|p2a: The Kipper|245\/404 psn|[from] psn
|
|switch|p1a: Lucario|Lucario, F|281\/281
|turn|19
|
|switch|p1a: Togekiss|Togekiss, M|312\/312
|move|p2a: The Kipper|Earthquake|p1a: Togekiss
|-immune|p1a: Togekiss|[msg]
|
|-heal|p2a: The Kipper|270\/404 psn|[from] item: Leftovers
|-damage|p2a: The Kipper|220\/404 psn|[from] psn
|turn|20
|
|move|p1a: Togekiss|Air Slash|p2a: The Kipper
|-damage|p2a: The Kipper|81\/404 psn
|move|p2a: The Kipper|Stealth Rock|p1a: Togekiss
|-sidestart|p1: GeathDrips|move: Stealth Rock
|
|-heal|p2a: The Kipper|106\/404 psn|[from] item: Leftovers
|-damage|p2a: The Kipper|56\/404 psn|[from] psn
|turn|21
|
|move|p1a: Togekiss|Air Slash|p2a: The Kipper
|-damage|p2a: The Kipper|0 fnt
|faint|p2a: The Kipper
|
|
|switch|p2a: Alla Dat|Victini, shiny|341\/341
|-damage|p2a: Alla Dat|256\/341|[from] Stealth Rock
|turn|22
|
|switch|p1a: Rotom-Heat|Rotom-Heat|242\/242
|-damage|p1a: Rotom-Heat|182\/242|[from] Stealth Rock
|move|p2a: Alla Dat|V-create|p1a: Rotom-Heat
|-resisted|p1a: Rotom-Heat
|-damage|p1a: Rotom-Heat|0 fnt
|-unboost|p2a: Alla Dat|def|1
|-unboost|p2a: Alla Dat|spd|1
|-unboost|p2a: Alla Dat|spe|1
|faint|p1a: Rotom-Heat
|
|
|switch|p1a: Absol|Absol, F|271\/271
|-damage|p1a: Absol|238\/271|[from] Stealth Rock
|turn|23
|
|detailschange|p1a: Absol|Absol-Mega, F
|message|Absol has Mega Evolved into Mega Absol!
|move|p1a: Absol|Pursuit|p2a: Alla Dat
|-supereffective|p2a: Alla Dat
|-damage|p2a: Alla Dat|26\/341
|move|p2a: Alla Dat|V-create|p1a: Absol
|-crit|p1a: Absol
|-damage|p1a: Absol|0 fnt
|-unboost|p2a: Alla Dat|def|1
|-unboost|p2a: Alla Dat|spd|1
|-unboost|p2a: Alla Dat|spe|1
|faint|p1a: Absol
|
|
|switch|p1a: Lucario|Lucario, F|281\/281
|-damage|p1a: Lucario|273\/281|[from] Stealth Rock
|turn|24
|
|move|p1a: Lucario|Close Combat|p2a: Alla Dat
|-resisted|p2a: Alla Dat
|-damage|p2a: Alla Dat|0 fnt
|-unboost|p1a: Lucario|def|1
|-unboost|p1a: Lucario|spd|1
|faint|p2a: Alla Dat
|
|
|switch|p2a: New Meta!|Cobalion|324\/324
|-damage|p2a: New Meta!|314\/324|[from] Stealth Rock
|turn|25
|
|switch|p1a: Swampert|Swampert, M|140\/404
|-damage|p1a: Swampert|115\/404|[from] Stealth Rock
|move|p2a: New Meta!|Close Combat|p1a: Swampert
|-damage|p1a: Swampert|0 fnt
|-unboost|p2a: New Meta!|def|1
|-unboost|p2a: New Meta!|spd|1
|faint|p1a: Swampert
|
|-heal|p2a: New Meta!|324\/324|[from] item: Leftovers
|
|switch|p1a: Togekiss|Togekiss, M|312\/312
|-damage|p1a: Togekiss|234\/312|[from] Stealth Rock
|turn|26
|
|switch|p2a: FlederMau5|Noivern, M|26\/311 psn
|-damage|p2a: FlederMau5|0 fnt|[from] Stealth Rock
|faint|p2a: FlederMau5
|move|p1a: Togekiss|Air Slash|p2: FlederMau5|[notarget]
|-notarget
|
|
|switch|p2a: New Meta!|Cobalion|324\/324
|-damage|p2a: New Meta!|314\/324|[from] Stealth Rock
|turn|27
|
|move|p1a: Togekiss|Air Slash|p2a: New Meta!
|-damage|p2a: New Meta!|143\/324
|move|p2a: New Meta!|Iron Head|p1a: Togekiss
|-supereffective|p1a: Togekiss
|-damage|p1a: Togekiss|12\/312
|
|-heal|p2a: New Meta!|163\/324|[from] item: Leftovers
|turn|28
|
|switch|p2a: Cheshire|Umbreon, M, shiny|394\/394
|-damage|p2a: Cheshire|345\/394|[from] Stealth Rock
|move|p1a: Togekiss|Air Slash|p2a: Cheshire
|-damage|p2a: Cheshire|272\/394
|
|-heal|p2a: Cheshire|296\/394|[from] item: Leftovers
|turn|29
|
|move|p1a: Togekiss|Air Slash|p2a: Cheshire
|-damage|p2a: Cheshire|215\/394
|cant|p2a: Cheshire|flinch
|
|-heal|p2a: Cheshire|239\/394|[from] item: Leftovers
|turn|30
|
|move|p1a: Togekiss|Air Slash|p2a: Cheshire
|-damage|p2a: Cheshire|163\/394
|cant|p2a: Cheshire|flinch
|
|-heal|p2a: Cheshire|187\/394|[from] item: Leftovers
|turn|31
|
|move|p1a: Togekiss|Air Slash|p2a: Cheshire
|-damage|p2a: Cheshire|112\/394
|cant|p2a: Cheshire|flinch
|
|-heal|p2a: Cheshire|136\/394|[from] item: Leftovers
|turn|32
|
|move|p1a: Togekiss|Air Slash|p2a: Cheshire
|-damage|p2a: Cheshire|64\/394
|cant|p2a: Cheshire|flinch
|
|-heal|p2a: Cheshire|88\/394|[from] item: Leftovers
|turn|33
|
|move|p1a: Togekiss|Air Slash|p2a: Cheshire
|-damage|p2a: Cheshire|7\/394
|move|p2a: Cheshire|Foul Play|p1a: Togekiss
|-resisted|p1a: Togekiss
|-damage|p1a: Togekiss|0 fnt
|faint|p1a: Togekiss
|
|-heal|p2a: Cheshire|31\/394|[from] item: Leftovers
|
|switch|p1a: Lucario|Lucario, F|273\/281
|-damage|p1a: Lucario|265\/281|[from] Stealth Rock
|turn|34
|
|move|p1a: Lucario|Swords Dance|p1a: Lucario
|-boost|p1a: Lucario|atk|2
|move|p2a: Cheshire|Foul Play|p1a: Lucario
|-resisted|p1a: Lucario
|-damage|p1a: Lucario|72\/281
|-boost|p1a: Lucario|atk|1|[from] ability: Justified
|
|-heal|p2a: Cheshire|55\/394|[from] item: Leftovers
|turn|35
|
|move|p1a: Lucario|Close Combat|p2a: Cheshire
|-supereffective|p2a: Cheshire
|-damage|p2a: Cheshire|0 fnt
|-unboost|p1a: Lucario|def|1
|-unboost|p1a: Lucario|spd|1
|faint|p2a: Cheshire
|
|
|switch|p2a: New Meta!|Cobalion|163\/324
|-damage|p2a: New Meta!|153\/324|[from] Stealth Rock
|turn|36
|c|âGeathDrips|shoulda kept tenta for the spin
|
|move|p1a: Lucario|Extreme Speed|p2a: New Meta!
|-resisted|p2a: New Meta!
|-damage|p2a: New Meta!|66\/324
|move|p2a: New Meta!|Close Combat|p1a: Lucario
|-supereffective|p1a: Lucario
|-damage|p1a: Lucario|0 fnt
|-unboost|p2a: New Meta!|def|1
|-unboost|p2a: New Meta!|spd|1
|faint|p1a: Lucario
|
|win|FlederMau5
|raw|Ladder updating...
|raw|GeathDrips's rating: 1674 &rarr; <strong>1649<\/strong><br \/>(-25 for losing)
|raw|FlederMau5's rating: 1577 &rarr; <strong>1603<\/strong><br \/>(+26 for winning)
|leave|GeathDrips
|player|p1
|c|âFlederMau5|gg