|join|FlederMau5
|join|Malific
|player|p1|FlederMau5|169
|player|p2|Malific|249
|gametype|singles
|gen|6
|tier|UU
|rated
|rule|Sleep Clause Mod: Limit one foe put to sleep
|rule|Species Clause: Limit one of each PokÃ©mon
|rule|OHKO Clause: OHKO moves are banned
|rule|Moody Clause: Moody is banned
|rule|Evasion Moves Clause: Evasion moves are banned
|rule|Endless Battle Clause: Forcing endless battles is banned
|rule|HP Percentage Mod: HP is reported as percentages
|clearpoke
|poke|p1|Cobalion
|poke|p1|Hydreigon, F
|poke|p1|Victini, shiny
|poke|p1|Swampert, F
|poke|p1|Florges, F
|poke|p1|Blastoise, M
|poke|p2|Umbreon, M, shiny
|poke|p2|Lucario, M
|poke|p2|Entei, shiny
|poke|p2|Crobat, M, shiny
|poke|p2|Starmie, shiny
|poke|p2|Mew, shiny
|rule|Swagger Clause: Swagger is banned
|rule|Baton Pass Clause: Limit one PokÃ©mon knowing Baton Pass
|teampreview
|
|start
|switch|p1a: The Kipper|Swampert, F|404\/404
|switch|p2a: Boom|Crobat, M, shiny|311\/311
|turn|1
|
|move|p2a: Boom|U-turn|p1a: The Kipper
|-damage|p1a: The Kipper|323\/404
|
|switch|p2a: Tank|Umbreon, M, shiny|332\/332
|move|p1a: The Kipper|Scald|p2a: Tank
|-damage|p2a: Tank|286\/332
|
|-heal|p2a: Tank|306\/332|[from] item: Leftovers
|-heal|p1a: The Kipper|348\/404|[from] item: Leftovers
|turn|2
|
|switch|p1a: New Meta!|Cobalion|324\/324
|move|p2a: Tank|Wish|p2a: Tank
|
|-heal|p2a: Tank|326\/332|[from] item: Leftovers
|turn|3
|
|switch|p2a: Secret|Mew, shiny|342\/342
|move|p1a: New Meta!|Swords Dance|p1a: New Meta!
|-boost|p1a: New Meta!|atk|2
|
|turn|4
|
|move|p1a: New Meta!|X-Scissor|p2a: Secret
|-supereffective|p2a: Secret
|-damage|p2a: Secret|0 fnt
|-damage|p1a: New Meta!|292\/324|[from] item: Life Orb
|faint|p2a: Secret
|
|
|switch|p2a: Bang|Lucario, M|282\/282
|turn|5
|
|move|p2a: Bang|Close Combat|p1a: New Meta!
|-supereffective|p1a: New Meta!
|-damage|p1a: New Meta!|0 fnt
|-unboost|p2a: Bang|def|1
|-unboost|p2a: Bang|spd|1
|faint|p1a: New Meta!
|
|
|switch|p1a: Alla Dat|Victini, shiny|341\/341
|turn|6
|
|switch|p2a: Spin|Starmie, shiny|324\/324
|move|p1a: Alla Dat|V-create|p2a: Spin
|-resisted|p2a: Spin
|-damage|p2a: Spin|109\/324
|-unboost|p1a: Alla Dat|def|1
|-unboost|p1a: Alla Dat|spd|1
|-unboost|p1a: Alla Dat|spe|1
|
|-heal|p2a: Spin|129\/324|[from] item: Leftovers
|turn|7
|
|switch|p1a: Florges|Florges, F|360\/360
|move|p2a: Spin|Recover|p2a: Spin
|-heal|p2a: Spin|291\/324
|
|-heal|p2a: Spin|311\/324|[from] item: Leftovers
|turn|8
|
|switch|p1a: Broadsides|Blastoise, M|362\/362
|move|p2a: Spin|Thunder Wave|p1a: Broadsides
|-status|p1a: Broadsides|par
|
|-heal|p2a: Spin|324\/324|[from] item: Leftovers
|turn|9
|
|switch|p2a: Boom|Crobat, M, shiny|311\/311
|switch|p1a: DeadMau5|Hydreigon, F|325\/325
|
|turn|10
|
|switch|p1a: Florges|Florges, F|360\/360
|move|p2a: Boom|Brave Bird|p1a: Florges
|-damage|p1a: Florges|104\/360
|-damage|p2a: Boom|227\/311|[from] recoil|[of] p1a: Florges
|
|-heal|p1a: Florges|126\/360|[from] item: Leftovers
|turn|11
|
|move|p1a: Florges|Protect|p1a: Florges
|-singleturn|p1a: Florges|Protect
|move|p2a: Boom|Brave Bird|p1a: Florges
|-activate|p1a: Florges|Protect
|
|-heal|p1a: Florges|148\/360|[from] item: Leftovers
|turn|12
|
|move|p2a: Boom|Brave Bird|p1a: Florges
|-damage|p1a: Florges|0 fnt
|-damage|p2a: Boom|178\/311|[from] recoil|[of] p1a: Florges
|faint|p1a: Florges
|
|
|switch|p1a: Alla Dat|Victini, shiny|341\/341
|turn|13
|
|move|p2a: Boom|Brave Bird|p1a: Alla Dat
|-damage|p1a: Alla Dat|47\/341
|-damage|p2a: Boom|81\/311|[from] recoil|[of] p1a: Alla Dat
|move|p1a: Alla Dat|Bolt Strike|p2a: Boom
|-supereffective|p2a: Boom
|-damage|p2a: Boom|0 fnt
|faint|p2a: Boom
|
|
|switch|p2a: Bang|Lucario, M|282\/282
|turn|14
|
|switch|p1a: Broadsides|Blastoise, M|362\/362 par
|move|p2a: Bang|Close Combat|p1a: Broadsides
|-damage|p1a: Broadsides|148\/362 par
|-unboost|p2a: Bang|def|1
|-unboost|p2a: Bang|spd|1
|
|turn|15
|
|detailschange|p1a: Broadsides|Blastoise-Mega, M
|message|Blastoise has Mega Evolved into Mega Blastoise!
|move|p2a: Bang|Close Combat|p1a: Broadsides
|-damage|p1a: Broadsides|0 fnt
|-unboost|p2a: Bang|def|1
|-unboost|p2a: Bang|spd|1
|faint|p1a: Broadsides
|
|
|switch|p1a: The Kipper|Swampert, F|348\/404
|turn|16
|
|switch|p2a: Spin|Starmie, shiny|324\/324
|switch|p1a: DeadMau5|Hydreigon, F|325\/325
|
|turn|17
|
|move|p2a: Spin|Thunder Wave|p1a: DeadMau5
|-status|p1a: DeadMau5|par
|move|p1a: DeadMau5|Dark Pulse|p2a: Spin
|-supereffective|p2a: Spin
|-damage|p2a: Spin|0 fnt
|-damage|p1a: DeadMau5|293\/325 par|[from] item: Life Orb
|faint|p2a: Spin
|
|
|switch|p2a: Bang|Lucario, M|282\/282
|turn|18
|
|switch|p1a: The Kipper|Swampert, F|348\/404
|move|p2a: Bang|Close Combat|p1a: The Kipper
|-damage|p1a: The Kipper|177\/404
|-unboost|p2a: Bang|def|1
|-unboost|p2a: Bang|spd|1
|
|-heal|p1a: The Kipper|202\/404|[from] item: Leftovers
|turn|19
|
|move|p2a: Bang|Close Combat|p1a: The Kipper
|-damage|p1a: The Kipper|54\/404
|-unboost|p2a: Bang|def|1
|-unboost|p2a: Bang|spd|1
|move|p1a: The Kipper|Stealth Rock|p2a: Bang
|-sidestart|p2: Malific|move: Stealth Rock
|
|-heal|p1a: The Kipper|79\/404|[from] item: Leftovers
|turn|20
|-message|FlederMau5 forfeited.
|
|win|Malific
|raw|Ladder updating...
|leave|FlederMau5
|player|p1
|raw|FlederMau5's rating: 1661 &rarr; <strong>1629<\/strong><br \/>(-32 for losing)
|raw|Malific's rating: 1413 &rarr; <strong>1445<\/strong><br \/>(+32 for winning)