|join|UrNemesis357
|join|FlederMau5
|player|p1|UrNemesis357|219
|player|p2|FlederMau5|169
|gametype|singles
|gen|6
|tier|UU
|rated
|rule|Sleep Clause Mod: Limit one foe put to sleep
|rule|Species Clause: Limit one of each PokÃ©mon
|rule|OHKO Clause: OHKO moves are banned
|rule|Moody Clause: Moody is banned
|rule|Evasion Moves Clause: Evasion moves are banned
|rule|Endless Battle Clause: Forcing endless battles is banned
|rule|HP Percentage Mod: HP is shown in percentages
|clearpoke
|poke|p1|Sharpedo, M
|poke|p1|Machamp, F
|poke|p1|Reuniclus, M, shiny
|poke|p1|Froslass, F
|poke|p1|Swampert, F
|poke|p1|Spiritomb, F, shiny
|poke|p2|Sceptile, M, shiny
|poke|p2|Umbreon, M, shiny
|poke|p2|Forretress, M
|poke|p2|Entei, shiny
|poke|p2|Swampert, M
|poke|p2|Zygarde
|rule|Swagger Clause: Swagger is banned
|rule|Baton Pass Clause: Limit one PokÃ©mon knowing Baton Pass
|teampreview
|
|start
|switch|p1a: Froslass|Froslass, F|344\/344
|switch|p2a: 420BlazeIt|Entei, shiny|371\/371
|-ability|p2a: 420BlazeIt|Pressure
|turn|1
|
|move|p1a: Froslass|Spikes|p2a: 420BlazeIt
|-sidestart|p2: FlederMau5|Spikes
|move|p2a: 420BlazeIt|Sacred Fire|p1a: Froslass
|-crit|p1a: Froslass
|-supereffective|p1a: Froslass
|-enditem|p1a: Froslass|Focus Sash
|-damage|p1a: Froslass|1\/344
|-status|p1a: Froslass|brn
|
|-damage|p1a: Froslass|0 fnt|[from] brn
|faint|p1a: Froslass
|
|switch|p1a: Swampert|Swampert, F|403\/403
|turn|2
|
|switch|p2a: Gyro-Wall|Forretress, M|354\/354
|-damage|p2a: Gyro-Wall|310\/354|[from] Spikes
|move|p1a: Swampert|Stealth Rock|p2a: Gyro-Wall
|-sidestart|p2: FlederMau5|move: Stealth Rock
|
|-heal|p2a: Gyro-Wall|332\/354|[from] item: Leftovers
|turn|3
|
|switch|p1a: Spiritomb|Spiritomb, F, shiny|294\/294
|move|p2a: Gyro-Wall|Toxic|p1a: Spiritomb|[miss]
|-miss|p2a: Gyro-Wall|p1a: Spiritomb
|
|-heal|p2a: Gyro-Wall|354\/354|[from] item: Leftovers
|turn|4
|
|move|p1a: Spiritomb|Taunt|p2a: Gyro-Wall
|-start|p2a: Gyro-Wall|move: Taunt
|cant|p2a: Gyro-Wall|move: Taunt|Toxic
|
|turn|5
|
|move|p1a: Spiritomb|Pursuit|p2a: Gyro-Wall|[from]Pursuit
|-damage|p2a: Gyro-Wall|240\/354
|switch|p2a: Cheshire|Umbreon, M, shiny|394\/394
|-damage|p2a: Cheshire|345\/394|[from] Spikes
|-damage|p2a: Cheshire|296\/394|[from] Stealth Rock
|
|-heal|p2a: Cheshire|320\/394|[from] item: Leftovers
|turn|6
|
|switch|p1a: Machamp|Machamp, F|364\/364
|move|p2a: Cheshire|Foul Play|p1a: Machamp
|-resisted|p1a: Machamp
|-damage|p1a: Machamp|256\/364
|
|-heal|p2a: Cheshire|344\/394|[from] item: Leftovers
|turn|7
|
|move|p2a: Cheshire|Protect|p2a: Cheshire
|-singleturn|p2a: Cheshire|Protect
|move|p1a: Machamp|Close Combat|p2a: Cheshire
|-activate|p2a: Cheshire|Protect
|
|-heal|p2a: Cheshire|368\/394|[from] item: Leftovers
|turn|8
|
|move|p1a: Machamp|Close Combat|p2a: Cheshire
|-supereffective|p2a: Cheshire
|-damage|p2a: Cheshire|0 fnt
|-unboost|p1a: Machamp|def|1
|-unboost|p1a: Machamp|spd|1
|faint|p2a: Cheshire
|
|
|switch|p2a: Swagtile|Sceptile, M, shiny|282\/282
|-damage|p2a: Swagtile|247\/282|[from] Stealth Rock
|-damage|p2a: Swagtile|212\/282|[from] Spikes
|turn|9
|
|switch|p1a: Reuniclus|Reuniclus, M, shiny|409\/409
|detailschange|p2a: Swagtile|Sceptile-Mega, M, shiny
|message|Sceptile has Mega Evolved into Mega Sceptile!
|move|p2a: Swagtile|Dragon Pulse|p1a: Reuniclus
|-damage|p1a: Reuniclus|210\/409
|
|turn|10
|
|move|p2a: Swagtile|Leaf Storm|p1a: Reuniclus|[miss]
|-miss|p2a: Swagtile|p1a: Reuniclus
|move|p1a: Reuniclus|Psyshock|p2a: Swagtile
|-damage|p2a: Swagtile|0 fnt
|faint|p2a: Swagtile
|
|
|switch|p2a: EcoTerrorist|Zygarde|358\/358
|-damage|p2a: EcoTerrorist|314\/358|[from] Spikes
|-damage|p2a: EcoTerrorist|292\/358|[from] Stealth Rock
|-ability|p2a: EcoTerrorist|Aura Break
|turn|11
|
|move|p2a: EcoTerrorist|Dragon Dance|p2a: EcoTerrorist
|-boost|p2a: EcoTerrorist|atk|1
|-boost|p2a: EcoTerrorist|spe|1
|move|p1a: Reuniclus|Psyshock|p2a: EcoTerrorist
|-damage|p2a: EcoTerrorist|119\/358
|
|turn|12
|
|move|p2a: EcoTerrorist|Outrage|p1a: Reuniclus
|-damage|p1a: Reuniclus|0 fnt
|faint|p1a: Reuniclus
|
|
|switch|p1a: Swampert|Swampert, F|403\/403
|turn|13
|
|move|p2a: EcoTerrorist|Outrage|p1a: Swampert
|-damage|p1a: Swampert|187\/403
|move|p1a: Swampert|Roar|p2a: EcoTerrorist
|drag|p2a: The Kipper|Swampert, M|404\/404
|-damage|p2a: The Kipper|354\/404|[from] Spikes
|-damage|p2a: The Kipper|329\/404|[from] Stealth Rock
|
|-heal|p1a: Swampert|212\/403|[from] item: Leftovers
|-heal|p2a: The Kipper|354\/404|[from] item: Leftovers
|turn|14
|
|switch|p1a: Machamp|Machamp, F|256\/364
|move|p2a: The Kipper|Scald|p1a: Machamp
|-damage|p1a: Machamp|195\/364
|
|-heal|p2a: The Kipper|379\/404|[from] item: Leftovers
|turn|15
|
|move|p1a: Machamp|Close Combat|p2a: The Kipper
|-damage|p2a: The Kipper|199\/404
|-unboost|p1a: Machamp|def|1
|-unboost|p1a: Machamp|spd|1
|move|p2a: The Kipper|Earthquake|p1a: Machamp
|-damage|p1a: Machamp|0 fnt
|faint|p1a: Machamp
|
|-heal|p2a: The Kipper|224\/404|[from] item: Leftovers
|
|switch|p1a: Sharpedo|Sharpedo, M|281\/281
|turn|16
|
|move|p1a: Sharpedo|Protect|p1a: Sharpedo
|-singleturn|p1a: Sharpedo|Protect
|move|p2a: The Kipper|Earthquake|p1a: Sharpedo
|-activate|p1a: Sharpedo|Protect
|
|-heal|p2a: The Kipper|249\/404|[from] item: Leftovers
|-boost|p1a: Sharpedo|spe|1|[from] ability: Speed Boost
|turn|17
|
|detailschange|p1a: Sharpedo|Sharpedo-Mega, M
|message|Sharpedo has Mega Evolved into Mega Sharpedo!
|move|p1a: Sharpedo|Crunch|p2a: The Kipper
|-crit|p2a: The Kipper
|-damage|p2a: The Kipper|0 fnt
|faint|p2a: The Kipper
|
|
|switch|p2a: EcoTerrorist|Zygarde|119\/358
|-damage|p2a: EcoTerrorist|75\/358|[from] Spikes
|-damage|p2a: EcoTerrorist|53\/358|[from] Stealth Rock
|-ability|p2a: EcoTerrorist|Aura Break
|turn|18
|
|move|p2a: EcoTerrorist|Extreme Speed|p1a: Sharpedo
|-damage|p1a: Sharpedo|172\/281
|move|p1a: Sharpedo|Crunch|p2a: EcoTerrorist
|-damage|p2a: EcoTerrorist|0 fnt
|faint|p2a: EcoTerrorist
|
|
|switch|p2a: 420BlazeIt|Entei, shiny|371\/371
|-damage|p2a: 420BlazeIt|279\/371|[from] Stealth Rock
|-damage|p2a: 420BlazeIt|233\/371|[from] Spikes
|-ability|p2a: 420BlazeIt|Pressure
|turn|19
|
|switch|p1a: Spiritomb|Spiritomb, F, shiny|294\/294
|move|p2a: 420BlazeIt|Extreme Speed|p1a: Spiritomb
|-immune|p1a: Spiritomb|[msg]
|
|turn|20
|
|move|p1a: Spiritomb|Pursuit|p2a: 420BlazeIt|[from]Pursuit
|-damage|p2a: 420BlazeIt|77\/371
|switch|p2a: Gyro-Wall|Forretress, M|240\/354
|-damage|p2a: Gyro-Wall|196\/354|[from] Spikes
|-damage|p2a: Gyro-Wall|152\/354|[from] Stealth Rock
|
|-heal|p2a: Gyro-Wall|174\/354|[from] item: Leftovers
|turn|21
|-message|FlederMau5 forfeited.
|
|win|UrNemesis357
|raw|Ladder updating...
|leave|FlederMau5
|player|p2
|raw|UrNemesis357's rating: 1435 &rarr; <strong>1454<\/strong><br \/>(+19 for winning)
|raw|FlederMau5's rating: 1430 &rarr; <strong>1410<\/strong><br \/>(-20 for losing)