|join|ANGER MANAGEMENT
|join|FlederMau5
|player|p1|ANGER MANAGEMENT|123
|player|p2|FlederMau5|169
|gametype|singles
|gen|6
|tier|UU
|rated
|rule|Sleep Clause Mod: Limit one foe put to sleep
|rule|Species Clause: Limit one of each Pokemon
|rule|OHKO Clause: OHKO moves are banned
|rule|Moody Clause: Moody is banned
|rule|Evasion Moves Clause: Evasion moves are banned
|rule|Endless Battle Clause: Forcing endless battles is banned
|rule|HP Percentage Mod: HP is reported as percentages
|clearpoke
|poke|p1|Lucario, F
|poke|p1|Crobat, F
|poke|p1|Alakazam, M
|poke|p1|Azelf
|poke|p1|Feraligatr, M
|poke|p1|Absol, M
|poke|p2|Cobalion
|poke|p2|Noivern, M
|poke|p2|Blastoise, M
|poke|p2|Swampert, M
|poke|p2|Victini, shiny
|poke|p2|Florges, F
|rule|Swagger Clause: Swagger is banned
|rule|Baton Pass Clause: Limit 3 pokemon knowing Baton Pass
|teampreview
|join|YUEAH AH
|
|start
|switch|p1a: Azelf|Azelf|291\/291
|switch|p2a: The Kipper|Swampert, M|404\/404
|turn|1
|
|move|p1a: Azelf|Taunt|p2a: The Kipper
|-start|p2a: The Kipper|move: Taunt
|move|p2a: The Kipper|Scald|p1a: Azelf
|-damage|p1a: Azelf|179\/291
|
|turn|2
|
|move|p1a: Azelf|Knock Off|p2a: The Kipper
|-damage|p2a: The Kipper|313\/404
|-enditem|p2a: The Kipper|Leftovers|[from] move: Knock Off|[of] p1a: Azelf
|move|p2a: The Kipper|Scald|p1a: Azelf
|-damage|p1a: Azelf|68\/291
|
|turn|3
|
|move|p1a: Azelf|Stealth Rock|p2a: The Kipper
|-sidestart|p2: FlederMau5|move: Stealth Rock
|move|p2a: The Kipper|Scald|p1a: Azelf
|-damage|p1a: Azelf|0 fnt
|faint|p1a: Azelf
|
|-end|p2a: The Kipper|move: Taunt
|
|switch|p1a: Absol|Absol, M|271\/271
|turn|4
|
|detailschange|p1a: Absol|Absol-Mega, M
|message|Absol has Mega Evolved into Mega Absol!
|move|p1a: Absol|Swords Dance|p1a: Absol
|-boost|p1a: Absol|atk|2
|move|p2a: The Kipper|Earthquake|p1a: Absol
|-damage|p1a: Absol|75\/271
|
|turn|5
|
|move|p1a: Absol|Sucker Punch|p2a: The Kipper
|-damage|p2a: The Kipper|55\/404
|move|p2a: The Kipper|Scald|p1a: Absol
|-damage|p1a: Absol|0 fnt
|faint|p1a: Absol
|
|
|switch|p1a: GATR TIME|Feraligatr, M|321\/321
|turn|6
|chat|YUEAH AH|.
|
|move|p1a: GATR TIME|Waterfall|p2a: The Kipper
|-damage|p2a: The Kipper|0 fnt
|faint|p2a: The Kipper
|
|
|switch|p2a: Victini|Victini, shiny|341\/341
|-damage|p2a: Victini|256\/341|[from] Stealth Rock
|turn|7
|
|move|p1a: GATR TIME|Aqua Jet|p2a: Victini
|-supereffective|p2a: Victini
|-damage|p2a: Victini|124\/341
|move|p2a: Victini|Bolt Strike|p1a: GATR TIME
|-supereffective|p1a: GATR TIME
|-damage|p1a: GATR TIME|0 fnt
|faint|p1a: GATR TIME
|
|
|switch|p1a: Crobat|Crobat, F|323\/323
|turn|8
|
|move|p1a: Crobat|Brave Bird|p2a: Victini
|-damage|p2a: Victini|0 fnt
|-damage|p1a: Crobat|282\/323|[from] recoil|[of] p2a: Victini
|faint|p2a: Victini
|
|chat|YUEAH AH|?_?
|
|switch|p2a: FlederMau5|Noivern, M|311\/311
|-damage|p2a: FlederMau5|234\/311|[from] Stealth Rock
|turn|9
|
|move|p1a: Crobat|Brave Bird|p2a: FlederMau5
|-damage|p2a: FlederMau5|5\/311
|-damage|p1a: Crobat|206\/323|[from] recoil|[of] p2a: FlederMau5
|move|p2a: FlederMau5|Draco Meteor|p1a: Crobat|[miss]
|-miss|p2a: FlederMau5|p1a: Crobat
|
|turn|10
|chat|YUEAH AH|?_?\
|
|move|p1a: Crobat|Brave Bird|p2a: FlederMau5
|-crit|p2a: FlederMau5
|-damage|p2a: FlederMau5|0 fnt
|-damage|p1a: Crobat|204\/323|[from] recoil|[of] p2a: FlederMau5
|faint|p2a: FlederMau5
|
|
|switch|p2a: Broadside|Blastoise, M|362\/362
|-damage|p2a: Broadside|317\/362|[from] Stealth Rock
|turn|11
|chat|YUEAH AH|crit
|
|detailschange|p2a: Broadside|Blastoise-Mega, M
|message|Blastoise has Mega Evolved into Mega Blastoise!
|move|p1a: Crobat|Brave Bird|p2a: Broadside
|-damage|p2a: Broadside|155\/362
|-damage|p1a: Crobat|151\/323|[from] recoil|[of] p2a: Broadside
|move|p2a: Broadside|Ice Beam|p1a: Crobat
|-supereffective|p1a: Crobat
|-damage|p1a: Crobat|0 fnt
|faint|p1a: Crobat
|
|
|switch|p1a: Lucario|Lucario, F|281\/281
|turn|12
|
|move|p1a: Lucario|Close Combat|p2a: Broadside
|-damage|p2a: Broadside|0 fnt
|-unboost|p1a: Lucario|def|1
|-unboost|p1a: Lucario|spd|1
|-damage|p1a: Lucario|253\/281|[from] item: Life Orb
|faint|p2a: Broadside
|
|
|switch|p2a: Cobalion|Cobalion|324\/324
|-damage|p2a: Cobalion|314\/324|[from] Stealth Rock
|turn|13
|
|switch|p1a: Alakazam|Alakazam, M|251\/251
|move|p2a: Cobalion|Iron Head|p1a: Alakazam
|-enditem|p1a: Alakazam|Focus Sash
|-damage|p1a: Alakazam|1\/251
|-damage|p2a: Cobalion|282\/324|[from] item: Life Orb
|
|turn|14
|chat|YUEAH AH|lol
|chat|YUEAH AH|why
|chat|YUEAH AH|.
|
|move|p1a: Alakazam|Psyshock|p2a: Cobalion
|-crit|p2a: Cobalion
|-damage|p2a: Cobalion|98\/324
|move|p2a: Cobalion|Iron Head|p1a: Alakazam
|-damage|p1a: Alakazam|0 fnt
|-damage|p2a: Cobalion|66\/324|[from] item: Life Orb
|faint|p1a: Alakazam
|
|
|switch|p1a: Lucario|Lucario, F|253\/281
|turn|15
|
|move|p1a: Lucario|Extreme Speed|p2a: Cobalion
|-resisted|p2a: Cobalion
|-damage|p2a: Cobalion|19\/324
|-damage|p1a: Lucario|225\/281|[from] item: Life Orb
|move|p2a: Cobalion|Close Combat|p1a: Lucario
|-supereffective|p1a: Lucario
|-damage|p1a: Lucario|0 fnt
|-unboost|p2a: Cobalion|def|1
|-unboost|p2a: Cobalion|spd|1
|-damage|p2a: Cobalion|0 fnt|[from] item: Life Orb
|faint|p1a: Lucario
|faint|p2a: Cobalion
|
|win|FlederMau5
|raw|Ladder updating...
|raw|ANGER MANAGEMENT's rating: 1637 &rarr; <strong>1607<\/strong><br \/>(-30 for losing)
|raw|FlederMau5's rating: 1460 &rarr; <strong>1489<\/strong><br \/>(+29 for winning)
|leave|YUEAH AH
|leave|ANGER MANAGEMENT
|player|p1
|leave|FlederMau5
|player|p2
|join|FlederMau5