|join|xMarth
|join|FlederMau5
|player|p1|xMarth|265
|player|p2|FlederMau5|169
|gametype|singles
|gen|6
|tier|UU
|rated
|rule|Sleep Clause Mod: Limit one foe put to sleep
|rule|Species Clause: Limit one of each PokÃ©mon
|rule|OHKO Clause: OHKO moves are banned
|rule|Moody Clause: Moody is banned
|rule|Evasion Moves Clause: Evasion moves are banned
|rule|Endless Battle Clause: Forcing endless battles is banned
|rule|HP Percentage Mod: HP is reported as percentages
|clearpoke
|poke|p1|Froslass, F
|poke|p1|Sableye, F
|poke|p1|Lucario, M
|poke|p1|Swampert, M
|poke|p1|Roserade, M
|poke|p1|Noivern, M
|poke|p2|Cobalion, shiny
|poke|p2|Noivern, M
|poke|p2|Blastoise, F
|poke|p2|Swampert, M
|poke|p2|Florges, F
|poke|p2|Victini, shiny
|rule|Swagger Clause: Swagger is banned
|rule|Baton Pass Clause: Limit three PokÃ©mon knowing Baton Pass
|teampreview
|
|start
|switch|p1a: Froslass|Froslass, F|301\/301
|switch|p2a: Alla Dat|Victini, shiny|341\/341
|turn|1
|
|move|p1a: Froslass|Spikes|p2a: Alla Dat
|-sidestart|p2: FlederMau5|Spikes
|move|p2a: Alla Dat|U-turn|p1a: Froslass
|-resisted|p1a: Froslass
|-damage|p1a: Froslass|236\/301
|-start|p2a: Alla Dat|Disable|U-turn
|
|switch|p2a: FlederMau5|Noivern, M|311\/311
|
|turn|2
|
|move|p1a: Froslass|Ice Shard|p2a: FlederMau5
|-supereffective|p2a: FlederMau5
|-damage|p2a: FlederMau5|59\/311
|move|p2a: FlederMau5|Draco Meteor|p1a: Froslass
|-damage|p1a: Froslass|0 fnt
|-start|p2a: FlederMau5|Disable|Draco Meteor
|-unboost|p2a: FlederMau5|spa|2
|faint|p1a: Froslass
|
|
|switch|p1a: Swampert|Swampert, M|404\/404
|turn|3
|
|switch|p2a: Roserade?|Florges, F|360\/360
|-damage|p2a: Roserade?|315\/360|[from] Spikes
|move|p1a: Swampert|Stealth Rock|p2a: Roserade?
|-sidestart|p2: FlederMau5|move: Stealth Rock
|
|-heal|p2a: Roserade?|337\/360|[from] item: Leftovers
|turn|4
|
|switch|p2a: Alla Dat|Victini, shiny|341\/341
|-damage|p2a: Alla Dat|256\/341|[from] Stealth Rock
|-damage|p2a: Alla Dat|214\/341|[from] Spikes
|move|p1a: Swampert|Earthquake|p2a: Alla Dat
|-supereffective|p2a: Alla Dat
|-damage|p2a: Alla Dat|0 fnt
|faint|p2a: Alla Dat
|
|
|switch|p2a: Broadside|Blastoise, F|362\/362
|-damage|p2a: Broadside|317\/362|[from] Stealth Rock
|-damage|p2a: Broadside|272\/362|[from] Spikes
|turn|5
|
|switch|p1a: Sableye|Sableye, F|303\/303
|detailschange|p2a: Broadside|Blastoise-Mega, F
|message|Blastoise has Mega Evolved into Mega Blastoise!
|move|p2a: Broadside|Ice Beam|p1a: Sableye
|-damage|p1a: Sableye|196\/303
|
|-heal|p1a: Sableye|214\/303|[from] item: Leftovers
|turn|6
|
|move|p1a: Sableye|Will-O-Wisp|p2a: Broadside
|-status|p2a: Broadside|brn
|move|p2a: Broadside|Scald|p1a: Sableye
|-damage|p1a: Sableye|58\/303
|
|-heal|p1a: Sableye|76\/303|[from] item: Leftovers
|-damage|p2a: Broadside|227\/362 brn|[from] brn
|turn|7
|
|move|p1a: Sableye|Recover|p1a: Sableye
|-heal|p1a: Sableye|228\/303
|move|p2a: Broadside|Scald|p1a: Sableye
|-damage|p1a: Sableye|63\/303
|
|-heal|p1a: Sableye|81\/303|[from] item: Leftovers
|-damage|p2a: Broadside|182\/362 brn|[from] brn
|turn|8
|
|switch|p2a: Roserade?|Florges, F|337\/360
|-damage|p2a: Roserade?|292\/360|[from] Spikes
|-damage|p2a: Roserade?|247\/360|[from] Stealth Rock
|switch|p1a: Roserade|Roserade, M|261\/261
|
|-heal|p2a: Roserade?|269\/360|[from] item: Leftovers
|turn|9
|
|switch|p2a: New Meta!|Cobalion, shiny|324\/324
|-damage|p2a: New Meta!|314\/324|[from] Stealth Rock
|-damage|p2a: New Meta!|274\/324|[from] Spikes
|move|p1a: Roserade|Toxic Spikes|p2a: New Meta!
|-sidestart|p2: FlederMau5|move: Toxic Spikes
|
|turn|10
|
|switch|p1a: Swampert|Swampert, M|404\/404
|move|p2a: New Meta!|Iron Head|p1a: Swampert
|-crit|p1a: Swampert
|-resisted|p1a: Swampert
|-damage|p1a: Swampert|316\/404
|-damage|p2a: New Meta!|242\/324|[from] item: Life Orb
|
|-heal|p1a: Swampert|341\/404|[from] item: Leftovers
|turn|11
|
|switch|p2a: Roserade?|Florges, F|269\/360
|-status|p2a: Roserade?|psn
|-damage|p2a: Roserade?|224\/360 psn|[from] Stealth Rock
|-damage|p2a: Roserade?|179\/360 psn|[from] Spikes
|move|p1a: Swampert|Roar|p2a: Roserade?
|drag|p2a: New Meta!|Cobalion, shiny|242\/324
|-damage|p2a: New Meta!|202\/324|[from] Spikes
|-damage|p2a: New Meta!|192\/324|[from] Stealth Rock
|
|-heal|p1a: Swampert|366\/404|[from] item: Leftovers
|turn|12
|
|move|p2a: New Meta!|Close Combat|p1a: Swampert
|-damage|p1a: Swampert|189\/404
|-unboost|p2a: New Meta!|def|1
|-unboost|p2a: New Meta!|spd|1
|-damage|p2a: New Meta!|160\/324|[from] item: Life Orb
|move|p1a: Swampert|Earthquake|p2a: New Meta!
|-supereffective|p2a: New Meta!
|-damage|p2a: New Meta!|0 fnt
|faint|p2a: New Meta!
|
|-heal|p1a: Swampert|214\/404|[from] item: Leftovers
|-message|FlederMau5 forfeited.
|
|win|xMarth
|raw|Ladder updating...
|leave|FlederMau5
|player|p2
|raw|xMarth's rating: 1775 &rarr; <strong>1786<\/strong><br \/>(+11 for winning)
|raw|FlederMau5's rating: 1613 &rarr; <strong>1602<\/strong><br \/>(-11 for losing)
|leave|xMarth
|player|p1
|join|FlederMau5