|join|stuu
|join|FlederMau5
|player|p1|stuu|110
|player|p2|FlederMau5|169
|gametype|singles
|gen|6
|tier|UU
|rated
|rule|Sleep Clause Mod: Limit one foe put to sleep
|rule|Species Clause: Limit one of each PokÃ©mon
|rule|OHKO Clause: OHKO moves are banned
|rule|Moody Clause: Moody is banned
|rule|Evasion Moves Clause: Evasion moves are banned
|rule|Endless Battle Clause: Forcing endless battles is banned
|rule|HP Percentage Mod: HP is reported as percentages
|clearpoke
|poke|p1|Alomomola, F
|poke|p1|Blissey, F
|poke|p1|Mew
|poke|p1|Celebi
|poke|p1|Aggron, F
|poke|p1|Aromatisse, F
|poke|p2|Blastoise, M
|poke|p2|Hydreigon, M
|poke|p2|Victini, shiny
|poke|p2|Haxorus, F, shiny
|poke|p2|Swampert, M
|poke|p2|Florges, F
|rule|Swagger Clause: Swagger is banned
|rule|Baton Pass Clause: Limit one PokÃ©mon knowing Baton Pass
|teampreview
|join|I<32Suck
|
|start
|switch|p1a: Alomomola|Alomomola, F|488\/488
|switch|p2a: Allah Dat|Victini, shiny|341\/341
|turn|1
|
|move|p2a: Allah Dat|U-turn|p1a: Alomomola
|-damage|p1a: Alomomola|405\/488
|-damage|p2a: Allah Dat|285\/341|[from] item: Rocky Helmet|[of] p1a: Alomomola
|
|switch|p2a: The Kipper|Swampert, M|404\/404
|move|p1a: Alomomola|Knock Off|p2a: The Kipper
|-damage|p2a: The Kipper|361\/404
|-enditem|p2a: The Kipper|Leftovers|[from] move: Knock Off|[of] p1a: Alomomola
|
|turn|2
|
|switch|p1a: Mew|Mew|404\/404
|move|p2a: The Kipper|Stealth Rock|p1a: Mew
|-sidestart|p1: stuu|move: Stealth Rock
|
|turn|3
|
|switch|p2a: Broadsides|Blastoise, M|362\/362
|move|p1a: Mew|Defog|p2a: Broadsides
|-unboost|p2a: Broadsides|evasion|1
|-sideend|p1: stuu|Stealth Rock|[from] move: Defog|[of] p1a: Mew
|
|turn|4
|
|switch|p1a: Blissey|Blissey, F|652\/652
|detailschange|p2a: Broadsides|Blastoise-Mega, M
|message|Blastoise has Mega Evolved into Mega Blastoise!
|move|p2a: Broadsides|Scald|p1a: Blissey
|-damage|p1a: Blissey|565\/652
|
|-heal|p1a: Blissey|605\/652|[from] item: Leftovers
|turn|5
|
|switch|p2a: The Kipper|Swampert, M|361\/404
|move|p1a: Blissey|Toxic|p2a: The Kipper
|-status|p2a: The Kipper|tox
|
|-heal|p1a: Blissey|645\/652|[from] item: Leftovers
|-damage|p2a: The Kipper|336\/404 tox|[from] psn
|turn|6
|
|switch|p1a: Mew|Mew|404\/404
|switch|p2a: Allah Dat|Victini, shiny|285\/341
|
|turn|7
|
|switch|p1a: Alomomola|Alomomola, F|488\/488
|move|p2a: Allah Dat|Bolt Strike|p1a: Alomomola
|-supereffective|p1a: Alomomola
|-damage|p1a: Alomomola|144\/488
|-damage|p2a: Allah Dat|229\/341|[from] item: Rocky Helmet|[of] p1a: Alomomola
|
|turn|8
|
|switch|p2a: DeadMau5|Hydreigon, M|325\/325
|switch|p1a: Celebi|Celebi|404\/404
|
|turn|9
|
|switch|p2a: Broadsides|Blastoise-Mega, M|362\/362
|switch|p1a: Aromatisse|Aromatisse, F|406\/406
|
|turn|10
|
|switch|p2a: Allah Dat|Victini, shiny|229\/341
|switch|p1a: Blissey|Blissey, F|645\/652
|
|-heal|p1a: Blissey|652\/652|[from] item: Leftovers
|turn|11
|
|switch|p1a: Alomomola|Alomomola, F|306\/488
|move|p2a: Allah Dat|V-create|p1a: Alomomola
|-resisted|p1a: Alomomola
|-damage|p1a: Alomomola|139\/488
|-damage|p2a: Allah Dat|173\/341|[from] item: Rocky Helmet|[of] p1a: Alomomola
|-unboost|p2a: Allah Dat|def|1
|-unboost|p2a: Allah Dat|spd|1
|-unboost|p2a: Allah Dat|spe|1
|
|turn|12
|
|switch|p1a: Mew|Mew|404\/404
|move|p2a: Allah Dat|V-create|p1a: Mew
|-damage|p1a: Mew|28\/404
|-unboost|p2a: Allah Dat|def|1
|-unboost|p2a: Allah Dat|spd|1
|-unboost|p2a: Allah Dat|spe|1
|
|-heal|p1a: Mew|53\/404|[from] item: Leftovers
|turn|13
|
|switch|p2a: Broadsides|Blastoise-Mega, M|362\/362
|move|p1a: Mew|Soft-Boiled|p1a: Mew
|-heal|p1a: Mew|255\/404
|
|-heal|p1a: Mew|280\/404|[from] item: Leftovers
|turn|14
|
|move|p1a: Mew|Soft-Boiled|p1a: Mew
|-heal|p1a: Mew|404\/404
|move|p2a: Broadsides|Dark Pulse|p1a: Mew
|-supereffective|p1a: Mew
|-damage|p1a: Mew|180\/404
|
|-heal|p1a: Mew|205\/404|[from] item: Leftovers
|turn|15
|
|switch|p2a: DeadMau5|Hydreigon, M|325\/325
|move|p1a: Mew|Soft-Boiled|p1a: Mew
|-heal|p1a: Mew|404\/404
|
|turn|16
|
|switch|p2a: Broadsides|Blastoise-Mega, M|362\/362
|move|p1a: Mew|Soft-Boiled|p1a: Mew
|-fail|p1a: Mew
|
|turn|17
|
|move|p1a: Mew|Will-O-Wisp|p2a: Broadsides
|-status|p2a: Broadsides|brn
|move|p2a: Broadsides|Dark Pulse|p1a: Mew
|-supereffective|p1a: Mew
|-damage|p1a: Mew|166\/404
|
|-heal|p1a: Mew|191\/404|[from] item: Leftovers
|-damage|p2a: Broadsides|317\/362 brn|[from] brn
|turn|18
|
|switch|p2a: Allah Dat|Victini, shiny|173\/341
|move|p1a: Mew|Soft-Boiled|p1a: Mew
|-heal|p1a: Mew|393\/404
|
|-heal|p1a: Mew|404\/404|[from] item: Leftovers
|turn|19
|
|move|p2a: Allah Dat|Bolt Strike|p1a: Mew|[miss]
|-miss|p2a: Allah Dat|p1a: Mew
|move|p1a: Mew|Soft-Boiled|p1a: Mew
|-fail|p1a: Mew
|
|turn|20
|
|switch|p2a: Roserade?|Florges, F|360\/360
|move|p1a: Mew|Will-O-Wisp|p2a: Roserade?
|-status|p2a: Roserade?|brn
|
|-damage|p2a: Roserade?|315\/360 brn|[from] brn
|turn|21
|
|switch|p1a: Alomomola|Alomomola, F|301\/488
|move|p2a: Roserade?|Wish|p2a: Roserade?
|
|-heal|p2a: Roserade?|337\/360 brn|[from] item: Leftovers
|-damage|p2a: Roserade?|292\/360 brn|[from] brn
|turn|22
|
|move|p2a: Roserade?|Moonblast|p1a: Alomomola
|-damage|p1a: Alomomola|126\/488
|move|p1a: Alomomola|Knock Off|p2a: Roserade?
|-resisted|p2a: Roserade?
|-damage|p2a: Roserade?|261\/360 brn
|-enditem|p2a: Roserade?|Leftovers|[from] move: Knock Off|[of] p1a: Alomomola
|
|-heal|p2a: Roserade?|360\/360 brn|[from] move: Wish|[wisher] Roserade?
|-damage|p2a: Roserade?|315\/360 brn|[from] brn
|turn|23
|
|switch|p1a: Aggron|Aggron, F|344\/344
|move|p2a: Roserade?|Moonblast|p1a: Aggron
|-resisted|p1a: Aggron
|-damage|p1a: Aggron|248\/344
|
|-damage|p2a: Roserade?|270\/360 brn|[from] brn
|turn|24
|
|switch|p1a: Alomomola|Alomomola, F|288\/488
|move|p2a: Roserade?|Aromatherapy|p2a: Roserade?
|-cureteam|p2a: Roserade?|[from] move: Aromatherapy
|
|turn|25
|
|move|p2a: Roserade?|Moonblast|p1a: Alomomola
|-damage|p1a: Alomomola|135\/488
|move|p1a: Alomomola|Wish|p1a: Alomomola
|
|turn|26
|
|switch|p2a: Broadsides|Blastoise-Mega, M|317\/362
|move|p1a: Alomomola|Protect|p1a: Alomomola
|-fail|p1a: Alomomola
|
|-heal|p1a: Alomomola|379\/488|[from] move: Wish|[wisher] Alomomola
|turn|27
|
|move|p1a: Alomomola|Protect|p1a: Alomomola
|-singleturn|p1a: Alomomola|Protect
|move|p2a: Broadsides|Dragon Pulse|p1a: Alomomola
|-activate|p1a: Alomomola|Protect
|
|turn|28
|
|move|p2a: Broadsides|Dark Pulse|p1a: Alomomola
|-damage|p1a: Alomomola|147\/488
|move|p1a: Alomomola|Wish|p1a: Alomomola
|
|turn|29
|
|move|p1a: Alomomola|Protect|p1a: Alomomola
|-singleturn|p1a: Alomomola|Protect
|move|p2a: Broadsides|Dark Pulse|p1a: Alomomola
|-activate|p1a: Alomomola|Protect
|
|-heal|p1a: Alomomola|391\/488|[from] move: Wish|[wisher] Alomomola
|turn|30
|
|move|p2a: Broadsides|Dark Pulse|p1a: Alomomola
|-damage|p1a: Alomomola|166\/488
|move|p1a: Alomomola|Wish|p1a: Alomomola
|
|turn|31
|
|move|p1a: Alomomola|Protect|p1a: Alomomola
|-singleturn|p1a: Alomomola|Protect
|move|p2a: Broadsides|Dark Pulse|p1a: Alomomola
|-activate|p1a: Alomomola|Protect
|
|-heal|p1a: Alomomola|410\/488|[from] move: Wish|[wisher] Alomomola
|turn|32
|
|switch|p1a: Aromatisse|Aromatisse, F|406\/406
|move|p2a: Broadsides|Dark Pulse|p1a: Aromatisse
|-crit|p1a: Aromatisse
|-resisted|p1a: Aromatisse
|-damage|p1a: Aromatisse|265\/406
|
|-heal|p1a: Aromatisse|290\/406|[from] item: Leftovers
|turn|33
|
|move|p2a: Broadsides|Scald|p1a: Aromatisse
|-damage|p1a: Aromatisse|115\/406
|move|p1a: Aromatisse|Wish|p1a: Aromatisse
|
|-heal|p1a: Aromatisse|140\/406|[from] item: Leftovers
|turn|34
|
|move|p1a: Aromatisse|Protect|p1a: Aromatisse
|-singleturn|p1a: Aromatisse|Protect
|move|p2a: Broadsides|Scald|p1a: Aromatisse
|-activate|p1a: Aromatisse|Protect
|
|-heal|p1a: Aromatisse|343\/406|[from] move: Wish|[wisher] Aromatisse
|-heal|p1a: Aromatisse|368\/406|[from] item: Leftovers
|turn|35
|
|switch|p1a: Blissey|Blissey, F|652\/652
|move|p2a: Broadsides|Scald|p1a: Blissey
|-damage|p1a: Blissey|564\/652
|
|-heal|p1a: Blissey|604\/652|[from] item: Leftovers
|turn|36
|
|switch|p2a: Allah Dat|Victini, shiny|173\/341
|move|p1a: Blissey|Toxic|p2a: Allah Dat|[miss]
|-miss|p1a: Blissey|p2a: Allah Dat
|
|-heal|p1a: Blissey|644\/652|[from] item: Leftovers
|turn|37
|chat|stuu|ugh
|leave|I<32Suck
|
|switch|p1a: Alomomola|Alomomola, F|488\/488
|move|p2a: Allah Dat|Bolt Strike|p1a: Alomomola
|-supereffective|p1a: Alomomola
|-damage|p1a: Alomomola|162\/488
|-damage|p2a: Allah Dat|117\/341|[from] item: Rocky Helmet|[of] p1a: Alomomola
|
|turn|38
|
|switch|p1a: Celebi|Celebi|404\/404
|move|p2a: Allah Dat|Bolt Strike|p1a: Celebi
|-resisted|p1a: Celebi
|-damage|p1a: Celebi|303\/404
|
|-heal|p1a: Celebi|328\/404|[from] item: Leftovers
|turn|39
|
|switch|p2a: DeadMau5|Hydreigon, M|325\/325
|move|p1a: Celebi|Toxic|p2a: DeadMau5|[miss]
|-miss|p1a: Celebi|p2a: DeadMau5
|
|-heal|p1a: Celebi|353\/404|[from] item: Leftovers
|turn|40
|chat|stuu|stop
|
|switch|p2a: Roserade?|Florges, F|270\/360
|switch|p1a: Alomomola|Alomomola, F|324\/488
|
|turn|41
|
|switch|p1a: Aggron|Aggron, F|248\/344
|move|p2a: Roserade?|Moonblast|p1a: Aggron
|-resisted|p1a: Aggron
|-damage|p1a: Aggron|163\/344
|
|turn|42
|
|switch|p2a: The Kipper|Swampert, M|336\/404
|detailschange|p1a: Aggron|Aggron-Mega, F
|message|Aggron has Mega Evolved into Mega Aggron!
|move|p1a: Aggron|Stealth Rock|p2a: The Kipper
|-sidestart|p2: FlederMau5|move: Stealth Rock
|
|turn|43
|
|switch|p1a: Celebi|Celebi|353\/404
|move|p2a: The Kipper|Stealth Rock|p1a: Celebi
|-sidestart|p1: stuu|move: Stealth Rock
|
|-heal|p1a: Celebi|378\/404|[from] item: Leftovers
|turn|44
|
|switch|p2a: DeadMau5|Hydreigon, M|325\/325
|-damage|p2a: DeadMau5|285\/325|[from] Stealth Rock
|move|p1a: Celebi|Toxic|p2a: DeadMau5
|-status|p2a: DeadMau5|tox
|
|-heal|p1a: Celebi|403\/404|[from] item: Leftovers
|-damage|p2a: DeadMau5|265\/325 tox|[from] psn
|turn|45
|
|move|p2a: DeadMau5|Dark Pulse|p1a: Celebi
|-supereffective|p1a: Celebi
|-damage|p1a: Celebi|143\/404
|-damage|p2a: DeadMau5|233\/325 tox|[from] item: Life Orb
|move|p1a: Celebi|Recover|p1a: Celebi
|-heal|p1a: Celebi|345\/404
|
|-heal|p1a: Celebi|370\/404|[from] item: Leftovers
|-damage|p2a: DeadMau5|193\/325 tox|[from] psn
|turn|46
|
|switch|p2a: Roserade?|Florges, F|270\/360
|-damage|p2a: Roserade?|225\/360|[from] Stealth Rock
|switch|p1a: Alomomola|Alomomola, F|486\/488
|-damage|p1a: Alomomola|425\/488|[from] Stealth Rock
|
|turn|47
|
|move|p2a: Roserade?|Wish|p2a: Roserade?
|move|p1a: Alomomola|Wish|p1a: Alomomola
|
|turn|48
|
|switch|p2a: Broadsides|Blastoise-Mega, M|317\/362
|-damage|p2a: Broadsides|272\/362|[from] Stealth Rock
|switch|p1a: Aggron|Aggron-Mega, F|163\/344
|-damage|p1a: Aggron|142\/344|[from] Stealth Rock
|
|-heal|p2a: Broadsides|362\/362|[from] move: Wish|[wisher] Roserade?
|-heal|p1a: Aggron|344\/344|[from] move: Wish|[wisher] Alomomola
|turn|49
|
|switch|p1a: Blissey|Blissey, F|644\/652
|-damage|p1a: Blissey|563\/652|[from] Stealth Rock
|move|p2a: Broadsides|Dark Pulse|p1a: Blissey
|-damage|p1a: Blissey|471\/652
|
|-heal|p1a: Blissey|511\/652|[from] item: Leftovers
|turn|50
|
|move|p2a: Broadsides|Rapid Spin|p1a: Blissey
|-damage|p1a: Blissey|487\/652
|-sideend|p2: FlederMau5|Stealth Rock|[from] move: Rapid Spin|[of] p2a: Broadsides
|move|p1a: Blissey|Toxic|p2a: Broadsides
|-status|p2a: Broadsides|tox
|
|-heal|p1a: Blissey|527\/652|[from] item: Leftovers
|-damage|p2a: Broadsides|340\/362 tox|[from] psn
|turn|51
|
|switch|p2a: Allah Dat|Victini, shiny|117\/341
|move|p1a: Blissey|Seismic Toss|p2a: Allah Dat
|-damage|p2a: Allah Dat|17\/341
|
|-heal|p1a: Blissey|567\/652|[from] item: Leftovers
|turn|52
|
|switch|p2a: Roserade?|Florges, F|225\/360
|switch|p1a: Alomomola|Alomomola, F|488\/488
|-damage|p1a: Alomomola|427\/488|[from] Stealth Rock
|
|turn|53
|
|switch|p1a: Aggron|Aggron-Mega, F|344\/344
|-damage|p1a: Aggron|323\/344|[from] Stealth Rock
|move|p2a: Roserade?|Wish|p2a: Roserade?
|
|turn|54
|
|switch|p2a: Allah Dat|Victini, shiny|17\/341
|move|p1a: Aggron|Roar|p2a: Allah Dat
|drag|p2a: Roserade?|Florges, F|225\/360
|
|-heal|p2a: Roserade?|360\/360|[from] move: Wish|[wisher] Roserade?
|turn|55
|
|switch|p2a: Broadsides|Blastoise-Mega, M|340\/362 tox
|move|p1a: Aggron|Stealth Rock|p2a: Broadsides
|-sidestart|p2: FlederMau5|move: Stealth Rock
|
|-damage|p2a: Broadsides|318\/362 tox|[from] psn
|turn|56
|
|switch|p1a: Blissey|Blissey, F|567\/652
|-damage|p1a: Blissey|486\/652|[from] Stealth Rock
|move|p2a: Broadsides|Scald|p1a: Blissey
|-damage|p1a: Blissey|396\/652
|
|-heal|p1a: Blissey|436\/652|[from] item: Leftovers
|-damage|p2a: Broadsides|274\/362 tox|[from] psn
|turn|57
|
|move|p2a: Broadsides|Rapid Spin|p1a: Blissey
|-damage|p1a: Blissey|410\/652
|-sideend|p2: FlederMau5|Stealth Rock|[from] move: Rapid Spin|[of] p2a: Broadsides
|move|p1a: Blissey|Seismic Toss|p2a: Broadsides
|-damage|p2a: Broadsides|174\/362 tox
|
|-heal|p1a: Blissey|450\/652|[from] item: Leftovers
|-damage|p2a: Broadsides|108\/362 tox|[from] psn
|turn|58
|
|switch|p2a: Roserade?|Florges, F|360\/360
|move|p1a: Blissey|Toxic|p2a: Roserade?|[miss]
|-miss|p1a: Blissey|p2a: Roserade?
|
|-heal|p1a: Blissey|490\/652|[from] item: Leftovers
|turn|59
|chat|stuu|..
|chat|stuu|are u running
|chat|stuu|brightpowder
|
|switch|p1a: Aggron|Aggron-Mega, F|323\/344
|-damage|p1a: Aggron|302\/344|[from] Stealth Rock
|move|p2a: Roserade?|Wish|p2a: Roserade?
|
|turn|60
|
|switch|p2a: Broadsides|Blastoise-Mega, M|108\/362 tox
|move|p1a: Aggron|Roar|p2a: Broadsides
|drag|p2a: The Terror|Haxorus, F, shiny|294\/294
|-ability|p2a: The Terror|Mold Breaker
|
|turn|61
|
|switch|p1a: Aromatisse|Aromatisse, F|368\/406
|-damage|p1a: Aromatisse|318\/406|[from] Stealth Rock
|move|p2a: The Terror|Earthquake|p1a: Aromatisse
|-damage|p1a: Aromatisse|207\/406
|
|-heal|p1a: Aromatisse|232\/406|[from] item: Leftovers
|turn|62
|
|switch|p2a: Roserade?|Florges, F|360\/360
|move|p1a: Aromatisse|Wish|p1a: Aromatisse
|
|-heal|p1a: Aromatisse|257\/406|[from] item: Leftovers
|turn|63
|
|move|p2a: Roserade?|Wish|p2a: Roserade?
|move|p1a: Aromatisse|Toxic|p2a: Roserade?
|-status|p2a: Roserade?|tox
|
|-heal|p1a: Aromatisse|406\/406|[from] move: Wish|[wisher] Aromatisse
|-damage|p2a: Roserade?|338\/360 tox|[from] psn
|turn|64
|
|switch|p2a: Broadsides|Blastoise-Mega, M|108\/362 tox
|move|p1a: Aromatisse|Moonblast|p2a: Broadsides
|-damage|p2a: Broadsides|15\/362 tox
|
|-heal|p2a: Broadsides|195\/362 tox|[from] move: Wish|[wisher] Roserade?
|-damage|p2a: Broadsides|173\/362 tox|[from] psn
|turn|65
|
|switch|p2a: Roserade?|Florges, F|338\/360 tox
|move|p1a: Aromatisse|Protect|p1a: Aromatisse
|-fail|p1a: Aromatisse
|
|-damage|p2a: Roserade?|316\/360 tox|[from] psn
|turn|66
|
|switch|p1a: Aggron|Aggron-Mega, F|302\/344
|-damage|p1a: Aggron|281\/344|[from] Stealth Rock
|move|p2a: Roserade?|Moonblast|p1a: Aggron
|-resisted|p1a: Aggron
|-damage|p1a: Aggron|214\/344
|-unboost|p1a: Aggron|spa|1
|
|-damage|p2a: Roserade?|272\/360 tox|[from] psn
|turn|67
|
|switch|p2a: Broadsides|Blastoise-Mega, M|173\/362 tox
|move|p1a: Aggron|Stealth Rock|p2a: Broadsides
|-sidestart|p2: FlederMau5|move: Stealth Rock
|
|-damage|p2a: Broadsides|151\/362 tox|[from] psn
|turn|68
|
|switch|p1a: Blissey|Blissey, F|490\/652
|-damage|p1a: Blissey|409\/652|[from] Stealth Rock
|move|p2a: Broadsides|Rapid Spin|p1a: Blissey
|-damage|p1a: Blissey|382\/652
|-sideend|p2: FlederMau5|Stealth Rock|[from] move: Rapid Spin|[of] p2a: Broadsides
|
|-heal|p1a: Blissey|422\/652|[from] item: Leftovers
|-damage|p2a: Broadsides|107\/362 tox|[from] psn
|turn|69
|
|switch|p2a: The Kipper|Swampert, M|336\/404
|move|p1a: Blissey|Seismic Toss|p2a: The Kipper
|-damage|p2a: The Kipper|236\/404
|
|-heal|p1a: Blissey|462\/652|[from] item: Leftovers
|turn|70
|
|switch|p1a: Alomomola|Alomomola, F|488\/488
|-damage|p1a: Alomomola|427\/488|[from] Stealth Rock
|move|p2a: The Kipper|Roar|p1a: Alomomola
|drag|p1a: Blissey|Blissey, F|462\/652
|-damage|p1a: Blissey|381\/652|[from] Stealth Rock
|
|-heal|p1a: Blissey|421\/652|[from] item: Leftovers
|turn|71
|
|switch|p1a: Alomomola|Alomomola, F|488\/488
|-damage|p1a: Alomomola|427\/488|[from] Stealth Rock
|move|p2a: The Kipper|Earthquake|p1a: Alomomola
|-damage|p1a: Alomomola|328\/488
|
|turn|72
|
|switch|p2a: Roserade?|Florges, F|272\/360 tox
|move|p1a: Alomomola|Wish|p1a: Alomomola
|
|-damage|p2a: Roserade?|250\/360 tox|[from] psn
|turn|73
|
|switch|p1a: Aggron|Aggron-Mega, F|214\/344
|-damage|p1a: Aggron|193\/344|[from] Stealth Rock
|move|p2a: Roserade?|Wish|p2a: Roserade?
|
|-heal|p1a: Aggron|344\/344|[from] move: Wish|[wisher] Alomomola
|-damage|p2a: Roserade?|206\/360 tox|[from] psn
|turn|74
|
|switch|p2a: Broadsides|Blastoise-Mega, M|107\/362 tox
|move|p1a: Aggron|Heavy Slam|p2a: Broadsides
|-resisted|p2a: Broadsides
|-damage|p2a: Broadsides|41\/362 tox
|
|-heal|p2a: Broadsides|221\/362 tox|[from] move: Wish|[wisher] Roserade?
|-damage|p2a: Broadsides|199\/362 tox|[from] psn
|turn|75
|
|switch|p2a: The Kipper|Swampert, M|236\/404
|switch|p1a: Blissey|Blissey, F|421\/652
|-damage|p1a: Blissey|340\/652|[from] Stealth Rock
|
|-heal|p1a: Blissey|380\/652|[from] item: Leftovers
|turn|76
|
|switch|p1a: Alomomola|Alomomola, F|488\/488
|-damage|p1a: Alomomola|427\/488|[from] Stealth Rock
|move|p2a: The Kipper|Earthquake|p1a: Alomomola
|-damage|p1a: Alomomola|321\/488
|
|turn|77
|
|move|p1a: Alomomola|Scald|p2a: The Kipper
|-damage|p2a: The Kipper|181\/404
|move|p2a: The Kipper|Roar|p1a: Alomomola
|drag|p1a: Aggron|Aggron-Mega, F|344\/344
|-damage|p1a: Aggron|323\/344|[from] Stealth Rock
|
|turn|78
|
|switch|p2a: Broadsides|Blastoise-Mega, M|199\/362 tox
|switch|p1a: Alomomola|Alomomola, F|483\/488
|-damage|p1a: Alomomola|422\/488|[from] Stealth Rock
|
|-damage|p2a: Broadsides|177\/362 tox|[from] psn
|turn|79
|
|switch|p2a: Roserade?|Florges, F|206\/360 tox
|switch|p1a: Blissey|Blissey, F|380\/652
|-damage|p1a: Blissey|299\/652|[from] Stealth Rock
|
|-heal|p1a: Blissey|339\/652|[from] item: Leftovers
|-damage|p2a: Roserade?|184\/360 tox|[from] psn
|turn|80
|
|switch|p1a: Aggron|Aggron-Mega, F|323\/344
|-damage|p1a: Aggron|302\/344|[from] Stealth Rock
|move|p2a: Roserade?|Aromatherapy|p2a: Roserade?
|-cureteam|p2a: Roserade?|[from] move: Aromatherapy
|
|turn|81
|
|switch|p2a: Broadsides|Blastoise-Mega, M|177\/362
|move|p1a: Aggron|Stealth Rock|p2a: Broadsides
|-sidestart|p2: FlederMau5|move: Stealth Rock
|
|turn|82
|
|switch|p1a: Blissey|Blissey, F|339\/652
|-damage|p1a: Blissey|258\/652|[from] Stealth Rock
|move|p2a: Broadsides|Rapid Spin|p1a: Blissey
|-damage|p1a: Blissey|231\/652
|-sideend|p2: FlederMau5|Stealth Rock|[from] move: Rapid Spin|[of] p2a: Broadsides
|
|-heal|p1a: Blissey|271\/652|[from] item: Leftovers
|turn|83
|
|switch|p2a: Roserade?|Florges, F|184\/360
|move|p1a: Blissey|Soft-Boiled|p1a: Blissey
|-heal|p1a: Blissey|597\/652
|
|-heal|p1a: Blissey|637\/652|[from] item: Leftovers
|turn|84
|
|switch|p1a: Aggron|Aggron-Mega, F|302\/344
|-damage|p1a: Aggron|281\/344|[from] Stealth Rock
|move|p2a: Roserade?|Wish|p2a: Roserade?
|
|turn|85
|
|switch|p2a: Broadsides|Blastoise-Mega, M|177\/362
|move|p1a: Aggron|Roar|p2a: Broadsides
|drag|p2a: The Terror|Haxorus, F, shiny|294\/294
|-ability|p2a: The Terror|Mold Breaker
|
|turn|86
|
|switch|p1a: Aromatisse|Aromatisse, F|406\/406
|-damage|p1a: Aromatisse|356\/406|[from] Stealth Rock
|move|p2a: The Terror|Poison Jab|p1a: Aromatisse
|-supereffective|p1a: Aromatisse
|-damage|p1a: Aromatisse|186\/406
|-status|p1a: Aromatisse|psn
|
|-heal|p1a: Aromatisse|211\/406 psn|[from] item: Leftovers
|-damage|p1a: Aromatisse|161\/406 psn|[from] psn
|turn|87
|chat|stuu|nice
|
|move|p2a: The Terror|Poison Jab|p1a: Aromatisse
|-crit|p1a: Aromatisse
|-supereffective|p1a: Aromatisse
|-damage|p1a: Aromatisse|0 fnt
|faint|p1a: Aromatisse
|
|chat|stuu|who the fuck said this was a counter
|chat|stuu|ugh
|
|switch|p1a: Alomomola|Alomomola, F|488\/488
|-damage|p1a: Alomomola|427\/488|[from] Stealth Rock
|turn|88
|
|move|p2a: The Terror|Dragon Dance|p2a: The Terror
|-boost|p2a: The Terror|atk|1
|-boost|p2a: The Terror|spe|1
|move|p1a: Alomomola|Knock Off|p2a: The Terror
|-damage|p2a: The Terror|233\/294
|-enditem|p2a: The Terror|Lum Berry|[from] move: Knock Off|[of] p1a: Alomomola
|
|turn|89
|
|move|p2a: The Terror|Dragon Dance|p2a: The Terror
|-boost|p2a: The Terror|atk|1
|-boost|p2a: The Terror|spe|1
|move|p1a: Alomomola|Scald|p2a: The Terror
|-resisted|p2a: The Terror
|-damage|p2a: The Terror|201\/294
|
|turn|90
|
|move|p2a: The Terror|Outrage|p1a: Alomomola
|-crit|p1a: Alomomola
|-damage|p1a: Alomomola|0 fnt
|-damage|p2a: The Terror|152\/294|[from] item: Rocky Helmet|[of] p1a: Alomomola
|faint|p1a: Alomomola
|
|
|switch|p1a: Aggron|Aggron-Mega, F|281\/344
|-damage|p1a: Aggron|260\/344|[from] Stealth Rock
|turn|91
|
|move|p2a: The Terror|Outrage|p1a: Aggron
|-resisted|p1a: Aggron
|-damage|p1a: Aggron|151\/344
|move|p1a: Aggron|Heavy Slam|p2a: The Terror
|-damage|p2a: The Terror|0 fnt
|faint|p2a: The Terror
|
|
|switch|p2a: Allah Dat|Victini, shiny|17\/341
|turn|92
|
|move|p2a: Allah Dat|V-create|p1a: Aggron
|-supereffective|p1a: Aggron
|-damage|p1a: Aggron|0 fnt
|-unboost|p2a: Allah Dat|def|1
|-unboost|p2a: Allah Dat|spd|1
|-unboost|p2a: Allah Dat|spe|1
|faint|p1a: Aggron
|
|
|switch|p1a: Mew|Mew|404\/404
|-damage|p1a: Mew|354\/404|[from] Stealth Rock
|turn|93
|
|switch|p2a: Roserade?|Florges, F|184\/360
|move|p1a: Mew|Defog|p2a: Roserade?
|-unboost|p2a: Roserade?|evasion|1
|-sideend|p1: stuu|Stealth Rock|[from] move: Defog|[of] p1a: Mew
|
|-heal|p1a: Mew|379\/404|[from] item: Leftovers
|turn|94
|
|switch|p1a: Celebi|Celebi|370\/404
|move|p2a: Roserade?|Wish|p2a: Roserade?
|
|-heal|p1a: Celebi|395\/404|[from] item: Leftovers
|turn|95
|
|switch|p2a: DeadMau5|Hydreigon, M|193\/325
|move|p1a: Celebi|Toxic|p2a: DeadMau5
|-status|p2a: DeadMau5|tox
|
|-heal|p2a: DeadMau5|325\/325 tox|[from] move: Wish|[wisher] Roserade?
|-heal|p1a: Celebi|404\/404|[from] item: Leftovers
|-damage|p2a: DeadMau5|305\/325 tox|[from] psn
|turn|96
|
|move|p2a: DeadMau5|Dark Pulse|p1a: Celebi
|-supereffective|p1a: Celebi
|-damage|p1a: Celebi|162\/404
|-damage|p2a: DeadMau5|273\/325 tox|[from] item: Life Orb
|move|p1a: Celebi|Recover|p1a: Celebi
|-heal|p1a: Celebi|364\/404
|
|-heal|p1a: Celebi|389\/404|[from] item: Leftovers
|-damage|p2a: DeadMau5|233\/325 tox|[from] psn
|turn|97
|
|switch|p2a: Allah Dat|Victini, shiny|17\/341
|move|p1a: Celebi|Giga Drain|p2a: Allah Dat
|-resisted|p2a: Allah Dat
|-damage|p2a: Allah Dat|0 fnt
|-heal|p1a: Celebi|398\/404|[from] drain|[of] p2a: Allah Dat
|faint|p2a: Allah Dat
|
|-heal|p1a: Celebi|404\/404|[from] item: Leftovers
|chat|stuu|yeeeees
|
|switch|p2a: Roserade?|Florges, F|184\/360
|turn|98
|
|move|p1a: Celebi|Toxic|p2a: Roserade?
|-status|p2a: Roserade?|tox
|move|p2a: Roserade?|Wish|p2a: Roserade?
|
|-damage|p2a: Roserade?|162\/360 tox|[from] psn
|turn|99
|
|switch|p2a: Broadsides|Blastoise-Mega, M|177\/362
|move|p1a: Celebi|Giga Drain|p2a: Broadsides
|-supereffective|p2a: Broadsides
|-damage|p2a: Broadsides|19\/362
|
|-heal|p2a: Broadsides|199\/362|[from] move: Wish|[wisher] Roserade?
|turn|100
|
|switch|p2a: Roserade?|Florges, F|162\/360 tox
|move|p1a: Celebi|Giga Drain|p2a: Roserade?
|-damage|p2a: Roserade?|102\/360 tox
|
|-damage|p2a: Roserade?|80\/360 tox|[from] psn
|turn|101
|
|move|p1a: Celebi|Giga Drain|p2a: Roserade?
|-damage|p2a: Roserade?|22\/360 tox
|move|p2a: Roserade?|Wish|p2a: Roserade?
|
|-damage|p2a: Roserade?|0 fnt|[from] psn
|faint|p2a: Roserade?
|
|switch|p2a: Broadsides|Blastoise-Mega, M|199\/362
|turn|102
|
|switch|p1a: Blissey|Blissey, F|637\/652
|move|p2a: Broadsides|Dark Pulse|p1a: Blissey
|-damage|p1a: Blissey|540\/652
|
|-heal|p2a: Broadsides|362\/362|[from] move: Wish|[wisher] Roserade?
|-heal|p1a: Blissey|580\/652|[from] item: Leftovers
|turn|103
|
|switch|p2a: DeadMau5|Hydreigon, M|233\/325 tox
|move|p1a: Blissey|Toxic|p2a: DeadMau5
|-fail|p2a: DeadMau5|tox
|
|-heal|p1a: Blissey|620\/652|[from] item: Leftovers
|-damage|p2a: DeadMau5|213\/325 tox|[from] psn
|turn|104
|
|switch|p1a: Mew|Mew|379\/404
|move|p2a: DeadMau5|Superpower|p1a: Mew
|-crit|p1a: Mew
|-resisted|p1a: Mew
|-damage|p1a: Mew|285\/404
|-unboost|p2a: DeadMau5|atk|1
|-unboost|p2a: DeadMau5|def|1
|-damage|p2a: DeadMau5|181\/325 tox|[from] item: Life Orb
|
|-heal|p1a: Mew|310\/404|[from] item: Leftovers
|-damage|p2a: DeadMau5|141\/325 tox|[from] psn
|turn|105
|-message|FlederMau5 forfeited.
|
|win|stuu
|raw|Ladder updating...
|raw|stuu's rating: 1632 &rarr; <strong>1653<\/strong><br \/>(+21 for winning)
|raw|FlederMau5's rating: 1647 &rarr; <strong>1626<\/strong><br \/>(-21 for losing)
|leave|FlederMau5
|player|p2