|join|Cerealman
|join|FlederMau5
|player|p1|Cerealman|169
|player|p2|FlederMau5|169
|gametype|singles
|gen|6
|tier|UU
|rated
|rule|Sleep Clause Mod: Limit one foe put to sleep
|rule|Species Clause: Limit one of each Pokemon
|rule|OHKO Clause: OHKO moves are banned
|rule|Moody Clause: Moody is banned
|rule|Evasion Moves Clause: Evasion moves are banned
|rule|Endless Battle Clause: Forcing endless battles is banned
|rule|HP Percentage Mod: HP is reported as percentages
|clearpoke
|poke|p1|Bouffalant, M
|poke|p1|Empoleon, M
|poke|p1|Entei, shiny
|poke|p1|Florges, F
|poke|p1|Nidoking, M
|poke|p1|Porygon2, shiny
|poke|p2|Lucario, M
|poke|p2|Noivern, M
|poke|p2|Blastoise, F
|poke|p2|Swampert, F
|poke|p2|Victini, shiny
|poke|p2|Florges, F
|rule|Swagger Clause: Swagger is banned
|rule|Baton Pass Clause: Limit 3 pokemon knowing Baton Pass
|teampreview
|
|start
|switch|p1a: Porygon2|Porygon2, shiny|374\/374
|switch|p2a: The Kipper|Swampert, F|404\/404
|-boost|p1a: Porygon2|spa|1|[from] ability: Download
|turn|1
|
|switch|p2a: Anubis|Lucario, M|281\/281
|move|p1a: Porygon2|Tri Attack|p2a: Anubis
|-resisted|p2a: Anubis
|-damage|p2a: Anubis|154\/281
|
|turn|2
|
|switch|p2a: Victini|Victini, shiny|341\/341
|move|p1a: Porygon2|Thunderbolt|p2a: Victini
|-damage|p2a: Victini|191\/341
|
|turn|3
|
|move|p2a: Victini|V-create|p1a: Porygon2
|-damage|p1a: Porygon2|83\/374
|-unboost|p2a: Victini|def|1
|-unboost|p2a: Victini|spd|1
|-unboost|p2a: Victini|spe|1
|move|p1a: Porygon2|Tri Attack|p2a: Victini
|-damage|p2a: Victini|0 fnt
|faint|p2a: Victini
|
|
|switch|p2a: Broadside|Blastoise, F|362\/362
|turn|4
|
|detailschange|p2a: Broadside|Blastoise-Mega, F
|message|Blastoise has Mega Evolved into Mega Blastoise!
|move|p2a: Broadside|Dark Pulse|p1a: Porygon2
|-damage|p1a: Porygon2|0 fnt
|faint|p1a: Porygon2
|
|
|switch|p1a: Empoleon|Empoleon, M|372\/372
|turn|5
|
|move|p2a: Broadside|Dark Pulse|p1a: Empoleon
|-damage|p1a: Empoleon|212\/372
|move|p1a: Empoleon|Toxic|p2a: Broadside
|-status|p2a: Broadside|tox
|
|-heal|p1a: Empoleon|235\/372|[from] item: Leftovers
|-damage|p2a: Broadside|340\/362 tox|[from] psn
|turn|6
|
|switch|p2a: The Kipper|Swampert, F|404\/404
|switch|p1a: Florges|Florges, F|360\/360
|
|turn|7
|
|move|p1a: Florges|Moonblast|p2a: The Kipper
|-damage|p2a: The Kipper|274\/404
|-unboost|p2a: The Kipper|spa|1
|move|p2a: The Kipper|Stealth Rock|p1a: Florges
|-sidestart|p1: Cerealman|move: Stealth Rock
|
|-heal|p2a: The Kipper|299\/404|[from] item: Leftovers
|turn|8
|
|switch|p2a: Roserade?|Florges, F|360\/360
|move|p1a: Florges|Moonblast|p2a: Roserade?
|-damage|p2a: Roserade?|269\/360
|
|-heal|p2a: Roserade?|291\/360|[from] item: Leftovers
|turn|9
|
|switch|p1a: Empoleon|Empoleon, M|235\/372
|-damage|p1a: Empoleon|212\/372|[from] Stealth Rock
|move|p2a: Roserade?|Wish|p2a: Roserade?
|
|-heal|p2a: Roserade?|313\/360|[from] item: Leftovers
|-heal|p1a: Empoleon|235\/372|[from] item: Leftovers
|turn|10
|
|switch|p2a: Anubis|Lucario, M|154\/281
|move|p1a: Empoleon|Defog|p2a: Anubis
|-unboost|p2a: Anubis|evasion|1
|-sideend|p1: Cerealman|Stealth Rock|[from] move: Defog|[of] p1a: Empoleon
|
|-heal|p2a: Anubis|281\/281|[from] move: Wish|[wisher] Roserade?
|-heal|p1a: Empoleon|258\/372|[from] item: Leftovers
|turn|11
|
|move|p2a: Anubis|Swords Dance|p2a: Anubis
|-boost|p2a: Anubis|atk|2
|move|p1a: Empoleon|Scald|p2a: Anubis
|-damage|p2a: Anubis|155\/281
|
|-heal|p1a: Empoleon|281\/372|[from] item: Leftovers
|turn|12
|
|move|p2a: Anubis|Close Combat|p1a: Empoleon
|-supereffective|p1a: Empoleon
|-damage|p1a: Empoleon|0 fnt
|-unboost|p2a: Anubis|def|1
|-unboost|p2a: Anubis|spd|1
|-damage|p2a: Anubis|127\/281|[from] item: Life Orb
|faint|p1a: Empoleon
|
|
|switch|p1a: Nidoking|Nidoking, M|304\/304
|turn|13
|
|move|p2a: Anubis|Extreme Speed|p1a: Nidoking
|-damage|p1a: Nidoking|9\/304
|-damage|p2a: Anubis|99\/281|[from] item: Life Orb
|move|p1a: Nidoking|Thunderbolt|p2a: Anubis
|-damage|p2a: Anubis|0 fnt
|faint|p2a: Anubis
|
|
|switch|p2a: FlederMau5|Noivern, M|311\/311
|turn|14
|
|move|p1a: Nidoking|Thunderbolt|p2a: FlederMau5
|-damage|p2a: FlederMau5|185\/311
|move|p2a: FlederMau5|U-turn|p1a: Nidoking
|-resisted|p1a: Nidoking
|-damage|p1a: Nidoking|0 fnt
|faint|p1a: Nidoking
|
|switch|p2a: The Kipper|Swampert, F|299\/404
|
|-heal|p2a: The Kipper|324\/404|[from] item: Leftovers
|
|switch|p1a: Mega Tauros|Bouffalant, M|394\/394
|turn|15
|
|move|p1a: Mega Tauros|Return|p2a: The Kipper
|-damage|p2a: The Kipper|182\/404
|move|p2a: The Kipper|Stealth Rock|p1a: Mega Tauros
|-sidestart|p1: Cerealman|move: Stealth Rock
|
|-heal|p2a: The Kipper|207\/404|[from] item: Leftovers
|turn|16
|
|move|p1a: Mega Tauros|Return|p2a: The Kipper
|-damage|p2a: The Kipper|77\/404
|move|p2a: The Kipper|Earthquake|p1a: Mega Tauros
|-damage|p1a: Mega Tauros|264\/394
|
|-heal|p2a: The Kipper|102\/404|[from] item: Leftovers
|turn|17
|
|move|p1a: Mega Tauros|Return|p2a: The Kipper
|-damage|p2a: The Kipper|0 fnt
|faint|p2a: The Kipper
|
|
|switch|p2a: FlederMau5|Noivern, M|185\/311
|turn|18
|
|move|p2a: FlederMau5|Air Slash|p1a: Mega Tauros
|-damage|p1a: Mega Tauros|159\/394
|move|p1a: Mega Tauros|Return|p2a: FlederMau5
|-damage|p2a: FlederMau5|0 fnt
|faint|p2a: FlederMau5
|
|
|switch|p2a: Roserade?|Florges, F|313\/360
|turn|19
|
|move|p2a: Roserade?|Wish|p2a: Roserade?
|move|p1a: Mega Tauros|Return|p2a: Roserade?
|-damage|p2a: Roserade?|133\/360
|
|-heal|p2a: Roserade?|155\/360|[from] item: Leftovers
|turn|20
|
|move|p2a: Roserade?|Protect|p2a: Roserade?
|-singleturn|p2a: Roserade?|Protect
|move|p1a: Mega Tauros|Return|p2a: Roserade?
|-activate|p2a: Roserade?|Protect
|
|-heal|p2a: Roserade?|335\/360|[from] move: Wish|[wisher] Roserade?
|-heal|p2a: Roserade?|357\/360|[from] item: Leftovers
|turn|21
|
|move|p2a: Roserade?|Moonblast|p1a: Mega Tauros
|-damage|p1a: Mega Tauros|72\/394
|move|p1a: Mega Tauros|Return|p2a: Roserade?
|-damage|p2a: Roserade?|194\/360
|
|-heal|p2a: Roserade?|216\/360|[from] item: Leftovers
|turn|22
|
|move|p2a: Roserade?|Wish|p2a: Roserade?
|move|p1a: Mega Tauros|Return|p2a: Roserade?
|-damage|p2a: Roserade?|48\/360
|
|-heal|p2a: Roserade?|70\/360|[from] item: Leftovers
|turn|23
|
|move|p2a: Roserade?|Protect|p2a: Roserade?
|-singleturn|p2a: Roserade?|Protect
|move|p1a: Mega Tauros|Earthquake|p2a: Roserade?
|-activate|p2a: Roserade?|Protect
|
|-heal|p2a: Roserade?|250\/360|[from] move: Wish|[wisher] Roserade?
|-heal|p2a: Roserade?|272\/360|[from] item: Leftovers
|turn|24
|
|move|p2a: Roserade?|Wish|p2a: Roserade?
|move|p1a: Mega Tauros|Return|p2a: Roserade?
|-damage|p2a: Roserade?|92\/360
|
|-heal|p2a: Roserade?|114\/360|[from] item: Leftovers
|turn|25
|
|move|p2a: Roserade?|Protect|p2a: Roserade?
|-singleturn|p2a: Roserade?|Protect
|move|p1a: Mega Tauros|Return|p2a: Roserade?
|-activate|p2a: Roserade?|Protect
|
|-heal|p2a: Roserade?|294\/360|[from] move: Wish|[wisher] Roserade?
|-heal|p2a: Roserade?|316\/360|[from] item: Leftovers
|turn|26
|
|move|p2a: Roserade?|Wish|p2a: Roserade?
|move|p1a: Mega Tauros|Return|p2a: Roserade?
|-crit|p2a: Roserade?
|-damage|p2a: Roserade?|66\/360
|
|-heal|p2a: Roserade?|88\/360|[from] item: Leftovers
|turn|27
|
|move|p2a: Roserade?|Protect|p2a: Roserade?
|-singleturn|p2a: Roserade?|Protect
|move|p1a: Mega Tauros|Return|p2a: Roserade?
|-activate|p2a: Roserade?|Protect
|
|-heal|p2a: Roserade?|268\/360|[from] move: Wish|[wisher] Roserade?
|-heal|p2a: Roserade?|290\/360|[from] item: Leftovers
|turn|28
|
|move|p2a: Roserade?|Wish|p2a: Roserade?
|move|p1a: Mega Tauros|Return|p2a: Roserade?
|-damage|p2a: Roserade?|128\/360
|
|-heal|p2a: Roserade?|150\/360|[from] item: Leftovers
|turn|29
|
|switch|p1a: Entei|Entei, shiny|372\/372
|-damage|p1a: Entei|279\/372|[from] Stealth Rock
|-ability|p1a: Entei|Pressure
|-item|p1a: Entei|Air Balloon
|move|p2a: Roserade?|Moonblast|p1a: Entei
|-resisted|p1a: Entei
|-damage|p1a: Entei|205\/372
|-enditem|p1a: Entei|Air Balloon
|-unboost|p1a: Entei|spa|1
|
|-heal|p2a: Roserade?|330\/360|[from] move: Wish|[wisher] Roserade?
|-heal|p2a: Roserade?|352\/360|[from] item: Leftovers
|turn|30
|
|switch|p2a: Broadside|Blastoise-Mega, F|340\/362 tox
|move|p1a: Entei|Howl|p1a: Entei
|-boost|p1a: Entei|atk|1
|
|-damage|p2a: Broadside|318\/362 tox|[from] psn
|turn|31
|
|move|p1a: Entei|Stone Edge|p2a: Broadside
|-damage|p2a: Broadside|154\/362 tox
|move|p2a: Broadside|Dark Pulse|p1a: Entei
|-damage|p1a: Entei|15\/372
|
|-damage|p2a: Broadside|110\/362 tox|[from] psn
|turn|32
|
|move|p1a: Entei|Extreme Speed|p2a: Broadside
|-crit|p2a: Broadside
|-damage|p2a: Broadside|0 fnt
|faint|p2a: Broadside
|
|-message|FlederMau5 forfeited.
|leave|FlederMau5
|
|win|Cerealman
|raw|Ladder updating...
|player|p2
|raw|Cerealman's rating: 1386 &rarr; <strong>1411<\/strong><br \/>(+25 for winning)
|raw|FlederMau5's rating: 1479 &rarr; <strong>1454<\/strong><br \/>(-25 for losing)