|join|FlederMau5
|join|LBA
|player|p1|FlederMau5|169
|player|p2|LBA|192
|gametype|singles
|gen|6
|tier|UU
|rated
|rule|Sleep Clause Mod: Limit one foe put to sleep
|rule|Species Clause: Limit one of each PokÃ©mon
|rule|OHKO Clause: OHKO moves are banned
|rule|Moody Clause: Moody is banned
|rule|Evasion Moves Clause: Evasion moves are banned
|rule|Endless Battle Clause: Forcing endless battles is banned
|rule|HP Percentage Mod: HP is reported as percentages
|clearpoke
|poke|p1|Cobalion
|poke|p1|Noivern, F
|poke|p1|Florges, F
|poke|p1|Blastoise, M
|poke|p1|Swampert, F
|poke|p1|Victini
|poke|p2|Hippowdon, M
|poke|p2|Aerodactyl, F
|poke|p2|Virizion
|poke|p2|Florges, F
|poke|p2|Victini
|poke|p2|Porygon-Z
|rule|Swagger Clause: Swagger is banned
|rule|Baton Pass Clause: Limit one PokÃ©mon knowing Baton Pass
|teampreview
|
|start
|switch|p1a: FlederMau5|Noivern, F|311\/311
|switch|p2a: Victini|Victini|341\/341
|turn|1
|
|move|p1a: FlederMau5|Draco Meteor|p2a: Victini
|-damage|p2a: Victini|146\/341
|-unboost|p1a: FlederMau5|spa|2
|move|p2a: Victini|Psychic|p1a: FlederMau5
|-damage|p1a: FlederMau5|137\/311
|
|turn|2
|
|switch|p1a: Florges|Florges, F|360\/360
|move|p2a: Victini|Psychic|p1a: Florges
|-damage|p1a: Florges|264\/360
|
|-heal|p1a: Florges|286\/360|[from] item: Leftovers
|turn|3
|
|switch|p2a: Hippowdon|Hippowdon, M|420\/420
|-weather|Sandstorm
|move|p1a: Florges|Moonblast|p2a: Hippowdon
|-damage|p2a: Hippowdon|269\/420
|-unboost|p2a: Hippowdon|spa|1
|
|-weather|Sandstorm|[upkeep]
|-damage|p1a: Florges|264\/360|[from] sandstorm
|-heal|p1a: Florges|286\/360|[from] item: Leftovers
|-heal|p2a: Hippowdon|295\/420|[from] item: Leftovers
|turn|4
|
|switch|p1a: Broadsides|Blastoise, M|362\/362
|move|p2a: Hippowdon|Toxic|p1a: Broadsides|[miss]
|-miss|p2a: Hippowdon|p1a: Broadsides
|
|-weather|Sandstorm|[upkeep]
|-damage|p1a: Broadsides|340\/362|[from] sandstorm
|-heal|p2a: Hippowdon|321\/420|[from] item: Leftovers
|turn|5
|
|switch|p2a: Virizion|Virizion|324\/324
|detailschange|p1a: Broadsides|Blastoise-Mega, M
|message|Blastoise has Mega Evolved into Mega Blastoise!
|move|p1a: Broadsides|Ice Beam|p2a: Virizion
|-supereffective|p2a: Virizion
|-damage|p2a: Virizion|130\/324
|
|-weather|Sandstorm|[upkeep]
|-damage|p2a: Virizion|110\/324|[from] sandstorm
|-damage|p1a: Broadsides|318\/362|[from] sandstorm
|turn|6
|
|switch|p1a: Alla dat|Victini|341\/341
|move|p2a: Virizion|Stone Edge|p1a: Alla dat|[miss]
|-miss|p2a: Virizion|p1a: Alla dat
|
|-weather|Sandstorm|[upkeep]
|-damage|p2a: Virizion|90\/324|[from] sandstorm
|-damage|p1a: Alla dat|320\/341|[from] sandstorm
|turn|7
|
|switch|p1a: Florges|Florges, F|286\/360
|move|p2a: Virizion|Stone Edge|p1a: Florges
|-damage|p1a: Florges|201\/360
|
|-weather|none
|-heal|p1a: Florges|223\/360|[from] item: Leftovers
|turn|8
|
|move|p2a: Virizion|Leaf Blade|p1a: Florges
|-damage|p1a: Florges|114\/360
|move|p1a: Florges|Moonblast|p2a: Virizion
|-supereffective|p2a: Virizion
|-damage|p2a: Virizion|0 fnt
|faint|p2a: Virizion
|
|-heal|p1a: Florges|136\/360|[from] item: Leftovers
|
|switch|p2a: Aerodactyl|Aerodactyl, F|302\/302
|turn|9
|
|detailschange|p2a: Aerodactyl|Aerodactyl-Mega, F
|message|Aerodactyl has Mega Evolved into Mega Aerodactyl!
|move|p1a: Florges|Protect|p1a: Florges
|-singleturn|p1a: Florges|Protect
|move|p2a: Aerodactyl|Aerial Ace|p1a: Florges
|-activate|p1a: Florges|Protect
|
|-heal|p1a: Florges|158\/360|[from] item: Leftovers
|turn|10
|
|switch|p1a: Kipperz|Swampert, F|404\/404
|move|p2a: Aerodactyl|Aerial Ace|p1a: Kipperz
|-damage|p1a: Kipperz|287\/404
|
|-heal|p1a: Kipperz|312\/404|[from] item: Leftovers
|turn|11
|
|switch|p2a: Porygon-Z|Porygon-Z|312\/312
|move|p1a: Kipperz|Scald|p2a: Porygon-Z
|-damage|p2a: Porygon-Z|213\/312
|
|-heal|p1a: Kipperz|337\/404|[from] item: Leftovers
|turn|12
|
|move|p2a: Porygon-Z|Tri Attack|p1a: Kipperz
|-damage|p1a: Kipperz|117\/404
|move|p1a: Kipperz|Stealth Rock|p2a: Porygon-Z
|-sidestart|p2: LBA|move: Stealth Rock
|
|-heal|p1a: Kipperz|142\/404|[from] item: Leftovers
|turn|13
|
|move|p2a: Porygon-Z|Tri Attack|p1a: Kipperz
|-crit|p1a: Kipperz
|-damage|p1a: Kipperz|0 fnt
|faint|p1a: Kipperz
|
|
|switch|p1a: Florges|Florges, F|158\/360
|turn|14
|
|move|p2a: Porygon-Z|Tri Attack|p1a: Florges
|-damage|p1a: Florges|14\/360
|move|p1a: Florges|Wish|p1a: Florges
|
|-heal|p1a: Florges|36\/360|[from] item: Leftovers
|turn|15
|
|move|p1a: Florges|Protect|p1a: Florges
|-singleturn|p1a: Florges|Protect
|move|p2a: Porygon-Z|Tri Attack|p1a: Florges
|-activate|p1a: Florges|Protect
|
|-heal|p1a: Florges|216\/360|[from] move: Wish|[wisher] Florges
|-heal|p1a: Florges|238\/360|[from] item: Leftovers
|turn|16
|
|switch|p2a: Hippowdon|Hippowdon, M|321\/420
|-damage|p2a: Hippowdon|295\/420|[from] Stealth Rock
|-weather|Sandstorm
|move|p1a: Florges|Wish|p1a: Florges
|
|-weather|Sandstorm|[upkeep]
|-damage|p1a: Florges|216\/360|[from] sandstorm
|-heal|p1a: Florges|238\/360|[from] item: Leftovers
|-heal|p2a: Hippowdon|321\/420|[from] item: Leftovers
|turn|17
|
|switch|p1a: FlederMau5|Noivern, F|137\/311
|move|p2a: Hippowdon|Earthquake|p1a: FlederMau5
|-immune|p1a: FlederMau5|[msg]
|
|-weather|Sandstorm|[upkeep]
|-damage|p1a: FlederMau5|118\/311|[from] sandstorm
|-heal|p1a: FlederMau5|298\/311|[from] move: Wish|[wisher] Florges
|-heal|p2a: Hippowdon|347\/420|[from] item: Leftovers
|turn|18
|
|move|p1a: FlederMau5|Hurricane|p2a: Hippowdon
|-crit|p2a: Hippowdon
|-damage|p2a: Hippowdon|0 fnt
|faint|p2a: Hippowdon
|
|-weather|Sandstorm|[upkeep]
|-damage|p1a: FlederMau5|279\/311|[from] sandstorm
|-message|LBA forfeited.
|
|win|FlederMau5
|raw|Ladder updating...
|leave|LBA
|player|p2
|raw|FlederMau5's rating: 1619 &rarr; <strong>1632<\/strong><br \/>(+13 for winning)
|raw|LBA's rating: 1481 &rarr; <strong>1468<\/strong><br \/>(-13 for losing)
|leave|FlederMau5
|player|p1
|join|FlederMau5
|join|mewtwoprime
|leave|mewtwoprime