|join|FlederMau5
|join|ridicuLixx
|player|p1|FlederMau5|169
|player|p2|ridicuLixx|44
|gametype|singles
|gen|6
|tier|UU
|rated
|rule|Sleep Clause Mod: Limit one foe put to sleep
|rule|Species Clause: Limit one of each PokÃ©mon
|rule|OHKO Clause: OHKO moves are banned
|rule|Moody Clause: Moody is banned
|rule|Evasion Moves Clause: Evasion moves are banned
|rule|Endless Battle Clause: Forcing endless battles is banned
|rule|HP Percentage Mod: HP is reported as percentages
|clearpoke
|poke|p1|Blastoise, M
|poke|p1|Hydreigon, F
|poke|p1|Victini, shiny
|poke|p1|Haxorus, F, shiny
|poke|p1|Swampert, F
|poke|p1|Florges, F
|poke|p2|Heracross, M
|poke|p2|Blissey, F
|poke|p2|Slowbro, F
|poke|p2|Krookodile, F
|poke|p2|Aggron, M
|poke|p2|Crobat, M
|rule|Swagger Clause: Swagger is banned
|rule|Baton Pass Clause: Limit one PokÃ©mon knowing Baton Pass
|teampreview
|join|Colbrushie
|chat|Colbrushie|well
|chat|Colbrushie|oh
|join|mezomi
|chat|ridicuLixx|ya e.e
|chat|FlederMau5|I have been seeing this team everywhere
|chat|mezomi|^
|
|start
|switch|p1a: The Kipper|Swampert, F|404\/404
|switch|p2a: Krookodile|Krookodile, F|331\/331
|-ability|p2a: Krookodile|Intimidate|[of] p1a: The Kipper
|-unboost|p1a: The Kipper|atk|1
|turn|1
|chat|ridicuLixx|i assure you
|chat|ridicuLixx|it's dingbats team
|chat|Colbrushie|is that ding
|
|switch|p2a: Heracross|Heracross, M|302\/302
|move|p1a: The Kipper|Scald|p2a: Heracross
|-damage|p2a: Heracross|214\/302
|
|turn|2
|chat|Colbrushie|yeah it's ding's
|chat|Colbrushie|you're not doing it right
|chat|Colbrushie|that heracross has to be named
|
|switch|p1a: Roserade?|Florges, F|360\/360
|move|p2a: Heracross|Knock Off|p1a: Roserade?
|-crit|p1a: Roserade?
|-resisted|p1a: Roserade?
|-damage|p1a: Roserade?|228\/360
|-enditem|p1a: Roserade?|Leftovers|[from] move: Knock Off|[of] p2a: Heracross
|
|turn|3
|chat|ridicuLixx|SOMEBODY GONNA DIE
|chat|Colbrushie|no it's misspelled
|chat|Colbrushie|with h's
|chat|ridicuLixx|SOMEBOHYS
|
|switch|p2a: Crobat|Crobat, M|346\/346
|switch|p1a: Alla Dat|Victini, shiny|341\/341
|
|turn|4
|chat|Colbrushie|SOHMEBOHDY
|chat|Colbrushie|GONNA DIE
|chat|ridicuLixx|idk how his team got so popular
|chat|ridicuLixx|i stole his team from him a long time ago
|
|switch|p2a: Aggron|Aggron, M|344\/344
|move|p1a: Alla Dat|V-create|p2a: Aggron
|-damage|p2a: Aggron|160\/344
|-unboost|p1a: Alla Dat|def|1
|-unboost|p1a: Alla Dat|spd|1
|-unboost|p1a: Alla Dat|spe|1
|
|turn|5
|
|switch|p1a: DeadMau5|Hydreigon, F|325\/325
|switch|p2a: Slowbro|Slowbro, F|394\/394
|
|turn|6
|
|switch|p2a: Blissey|Blissey, F|652\/652
|move|p1a: DeadMau5|Superpower|p2a: Blissey
|-supereffective|p2a: Blissey
|-damage|p2a: Blissey|181\/652
|-unboost|p1a: DeadMau5|atk|1
|-unboost|p1a: DeadMau5|def|1
|-damage|p1a: DeadMau5|293\/325|[from] item: Life Orb
|
|-heal|p2a: Blissey|221\/652|[from] item: Leftovers
|turn|7
|chat|ridicuLixx|OPOOO snap tis guy aint half bad
|chat|mezomi|bah gawd these predictions
|
|switch|p2a: Aggron|Aggron, M|160\/344
|move|p1a: DeadMau5|Draco Meteor|p2a: Aggron|[miss]
|-miss|p1a: DeadMau5|p2a: Aggron
|
|turn|8
|chat|Colbrushie|draco miss
|chat|FlederMau5|Help...
|chat|ridicuLixx|idk ima miss
|chat|ridicuLixx|i mean lose
|
|switch|p1a: Broadsides|Blastoise, M|362\/362
|switch|p2a: Blissey|Blissey, F|221\/652
|
|-heal|p2a: Blissey|261\/652|[from] item: Leftovers
|turn|9
|
|switch|p1a: The Terror|Haxorus, F, shiny|294\/294
|-ability|p1a: The Terror|Mold Breaker
|move|p2a: Blissey|Wish|p2a: Blissey
|
|-heal|p2a: Blissey|301\/652|[from] item: Leftovers
|turn|10
|
|switch|p2a: Aggron|Aggron, M|160\/344
|move|p1a: The Terror|Dragon Dance|p1a: The Terror
|-boost|p1a: The Terror|atk|1
|-boost|p1a: The Terror|spe|1
|
|-heal|p2a: Aggron|344\/344|[from] move: Wish|[wisher] Blissey
|turn|11
|
|switch|p1a: Broadsides|Blastoise, M|362\/362
|detailschange|p2a: Aggron|Aggron-Mega, M
|message|Aggron has Mega Evolved into Mega Aggron!
|move|p2a: Aggron|Roar|p1a: Broadsides
|drag|p1a: Roserade?|Florges, F|228\/360
|
|turn|12
|
|switch|p1a: Broadsides|Blastoise, M|362\/362
|move|p2a: Aggron|Heavy Slam|p1a: Broadsides
|-resisted|p1a: Broadsides
|-damage|p1a: Broadsides|278\/362
|
|turn|13
|
|switch|p2a: Blissey|Blissey, F|301\/652
|detailschange|p1a: Broadsides|Blastoise-Mega, M
|message|Blastoise has Mega Evolved into Mega Blastoise!
|move|p1a: Broadsides|Scald|p2a: Blissey
|-damage|p2a: Blissey|207\/652
|
|-heal|p2a: Blissey|247\/652|[from] item: Leftovers
|turn|14
|chat|Colbrushie|Great
|chat|Colbrushie|Now I'm imagining a Megastoise
|chat|Colbrushie|Turning sideways to blast something
|
|switch|p1a: DeadMau5|Hydreigon, F|293\/325
|move|p2a: Blissey|Wish|p2a: Blissey
|
|-heal|p2a: Blissey|287\/652|[from] item: Leftovers
|turn|15
|chat|ridicuLixx|O.O
|
|move|p2a: Blissey|Protect|p2a: Blissey
|-singleturn|p2a: Blissey|Protect
|move|p1a: DeadMau5|Roost|p1a: DeadMau5
|-heal|p1a: DeadMau5|325\/325
|
|-heal|p2a: Blissey|613\/652|[from] move: Wish|[wisher] Blissey
|-heal|p2a: Blissey|652\/652|[from] item: Leftovers
|turn|16
|
|move|p1a: DeadMau5|Superpower|p2a: Blissey
|-supereffective|p2a: Blissey
|-damage|p2a: Blissey|181\/652
|-unboost|p1a: DeadMau5|atk|1
|-unboost|p1a: DeadMau5|def|1
|-damage|p1a: DeadMau5|293\/325|[from] item: Life Orb
|move|p2a: Blissey|Wish|p2a: Blissey
|
|-heal|p2a: Blissey|221\/652|[from] item: Leftovers
|turn|17
|
|switch|p1a: Alla Dat|Victini, shiny|341\/341
|move|p2a: Blissey|Protect|p2a: Blissey
|-fail|p2a: Blissey
|
|-heal|p2a: Blissey|547\/652|[from] move: Wish|[wisher] Blissey
|-heal|p2a: Blissey|587\/652|[from] item: Leftovers
|turn|18
|
|switch|p2a: Slowbro|Slowbro, F|394\/394
|move|p1a: Alla Dat|V-create|p2a: Slowbro
|-resisted|p2a: Slowbro
|-damage|p2a: Slowbro|260\/394
|-damage|p1a: Alla Dat|285\/341|[from] item: Rocky Helmet|[of] p2a: Slowbro
|-unboost|p1a: Alla Dat|def|1
|-unboost|p1a: Alla Dat|spd|1
|-unboost|p1a: Alla Dat|spe|1
|
|turn|19
|
|switch|p1a: DeadMau5|Hydreigon, F|293\/325
|switch|p2a: Heracross|Heracross, M|214\/302
|
|turn|20
|
|switch|p2a: Slowbro|Slowbro, F|391\/394
|move|p1a: DeadMau5|Draco Meteor|p2a: Slowbro
|-damage|p2a: Slowbro|60\/394
|-unboost|p1a: DeadMau5|spa|2
|-damage|p1a: DeadMau5|261\/325|[from] item: Life Orb
|
|turn|21
|chat|Colbrushie|ok wait
|chat|Colbrushie|nicknames were
|chat|Colbrushie|the REAL pink blob
|chat|ridicuLixx|i know his nicknames
|chat|Colbrushie|fake pink blob
|chat|Colbrushie|hard blob
|chat|ridicuLixx|fake blob
|chat|ridicuLixx|ect
|chat|Colbrushie|uhh
|chat|Colbrushie|sohmebohdy gonna die
|chat|Colbrushie|gatr time?
|
|switch|p1a: Broadsides|Blastoise-Mega, M|278\/362
|switch|p2a: Crobat|Crobat, M|346\/346
|
|turn|22
|chat|Colbrushie|and i forget crobat
|chat|Colbrushie|oh wait
|chat|Colbrushie|dingbat
|chat|Colbrushie|duh
|
|move|p2a: Crobat|Toxic|p1a: Broadsides
|-status|p1a: Broadsides|tox
|move|p1a: Broadsides|Dragon Pulse|p2a: Crobat
|-damage|p2a: Crobat|124\/346
|
|-heal|p2a: Crobat|145\/346|[from] item: Black Sludge
|-damage|p1a: Broadsides|256\/362 tox|[from] psn
|turn|23
|
|switch|p2a: Blissey|Blissey, F|587\/652
|move|p1a: Broadsides|Scald|p2a: Blissey
|-damage|p2a: Blissey|490\/652
|
|-heal|p2a: Blissey|530\/652|[from] item: Leftovers
|-damage|p1a: Broadsides|212\/362 tox|[from] psn
|turn|24
|
|switch|p1a: Alla Dat|Victini, shiny|285\/341
|move|p2a: Blissey|Wish|p2a: Blissey
|
|-heal|p2a: Blissey|570\/652|[from] item: Leftovers
|turn|25
|
|move|p2a: Blissey|Protect|p2a: Blissey
|-singleturn|p2a: Blissey|Protect
|move|p1a: Alla Dat|Bolt Strike|p2a: Blissey
|-activate|p2a: Blissey|Protect
|
|-heal|p2a: Blissey|652\/652|[from] move: Wish|[wisher] Blissey
|turn|26
|
|switch|p1a: The Kipper|Swampert, F|404\/404
|switch|p2a: Krookodile|Krookodile, F|331\/331
|-ability|p2a: Krookodile|Intimidate|[of] p1a: The Kipper
|-unboost|p1a: The Kipper|atk|1
|
|turn|27
|join|av feebas
|
|switch|p2a: Heracross|Heracross, M|214\/302
|move|p1a: The Kipper|Stealth Rock|p2a: Heracross
|-sidestart|p2: ridicuLixx|move: Stealth Rock
|
|turn|28
|
|move|p2a: Heracross|Knock Off|p1a: The Kipper
|-crit|p1a: The Kipper
|-damage|p1a: The Kipper|204\/404
|-enditem|p1a: The Kipper|Leftovers|[from] move: Knock Off|[of] p2a: Heracross
|move|p1a: The Kipper|Roar|p2a: Heracross
|drag|p2a: Aggron|Aggron-Mega, M|344\/344
|-damage|p2a: Aggron|323\/344|[from] Stealth Rock
|
|turn|29
|
|switch|p1a: Broadsides|Blastoise-Mega, M|212\/362 tox
|switch|p2a: Heracross|Heracross, M|214\/302
|-damage|p2a: Heracross|177\/302|[from] Stealth Rock
|
|-damage|p1a: Broadsides|190\/362 tox|[from] psn
|turn|30
|
|move|p2a: Heracross|Close Combat|p1a: Broadsides
|-damage|p1a: Broadsides|0 fnt
|-unboost|p2a: Heracross|def|1
|-unboost|p2a: Heracross|spd|1
|faint|p1a: Broadsides
|
|
|switch|p1a: Alla Dat|Victini, shiny|285\/341
|turn|31
|
|switch|p2a: Slowbro|Slowbro, F|191\/394
|-damage|p2a: Slowbro|142\/394|[from] Stealth Rock
|move|p1a: Alla Dat|V-create|p2a: Slowbro
|-resisted|p2a: Slowbro
|-damage|p2a: Slowbro|0 fnt
|-damage|p1a: Alla Dat|229\/341|[from] item: Rocky Helmet|[of] p2a: Slowbro
|-unboost|p1a: Alla Dat|def|1
|-unboost|p1a: Alla Dat|spd|1
|-unboost|p1a: Alla Dat|spe|1
|faint|p2a: Slowbro
|
|
|switch|p2a: Krookodile|Krookodile, F|331\/331
|-damage|p2a: Krookodile|311\/331|[from] Stealth Rock
|-ability|p2a: Krookodile|Intimidate|[of] p1a: Alla Dat
|-unboost|p1a: Alla Dat|atk|1
|turn|32
|
|move|p2a: Krookodile|Superpower|p1a: Alla Dat
|-resisted|p1a: Alla Dat
|-damage|p1a: Alla Dat|89\/341
|-unboost|p2a: Krookodile|atk|1
|-unboost|p2a: Krookodile|def|1
|move|p1a: Alla Dat|V-create|p2a: Krookodile
|-damage|p2a: Krookodile|0 fnt
|-unboost|p1a: Alla Dat|def|1
|-unboost|p1a: Alla Dat|spd|1
|-unboost|p1a: Alla Dat|spe|1
|faint|p2a: Krookodile
|
|chat|ridicuLixx|what
|chat|ridicuLixx|the
|chat|ridicuLixx|fcu
|chat|ridicuLixx|did you
|chat|ridicuLixx|staytiun for
|chat|ridicuLixx|just
|chat|ridicuLixx|wat
|chat|ridicuLixx|th
|chat|ridicuLixx|efuck
|chat|FlederMau5|Pursuit trap
|chat|ridicuLixx|eh
|chat|ridicuLixx|thats fair enough
|
|switch|p2a: Heracross|Heracross, M|177\/302
|-damage|p2a: Heracross|140\/302|[from] Stealth Rock
|turn|33
|chat|FlederMau5|it worked didn't it :3
|
|switch|p1a: The Kipper|Swampert, F|204\/404
|move|p2a: Heracross|Megahorn|p1a: The Kipper|[miss]
|-miss|p2a: Heracross|p1a: The Kipper
|
|turn|34
|chat|av feebas|i prob. would have stayed in to be fair
|chat|ridicuLixx|n i thought you were smart enough to go into a flying type
|chat|ridicuLixx|coz i was 100% gonna eq
|
|move|p2a: Heracross|Megahorn|p1a: The Kipper
|-damage|p1a: The Kipper|0 fnt
|faint|p1a: The Kipper
|
|chat|Colbrushie|pursuit is a very real thing
|chat|FlederMau5|Nah man I'm stupid
|chat|ridicuLixx|n ur not
|
|switch|p1a: Alla Dat|Victini, shiny|89\/341
|turn|35
|
|switch|p2a: Aggron|Aggron-Mega, M|323\/344
|-damage|p2a: Aggron|302\/344|[from] Stealth Rock
|move|p1a: Alla Dat|V-create|p2a: Aggron
|-supereffective|p2a: Aggron
|-damage|p2a: Aggron|77\/344
|-unboost|p1a: Alla Dat|def|1
|-unboost|p1a: Alla Dat|spd|1
|-unboost|p1a: Alla Dat|spe|1
|
|turn|36
|chat|mezomi|I come back and things finally start dying
|chat|ridicuLixx|yi lost like i predicted 
|
|move|p1a: Alla Dat|V-create|p2a: Aggron
|-supereffective|p2a: Aggron
|-damage|p2a: Aggron|0 fnt
|-unboost|p1a: Alla Dat|def|1
|-unboost|p1a: Alla Dat|spd|1
|-unboost|p1a: Alla Dat|spe|1
|faint|p2a: Aggron
|
|chat|mezomi|super balk
|
|switch|p2a: Heracross|Heracross, M|140\/302
|-damage|p2a: Heracross|103\/302|[from] Stealth Rock
|turn|37
|
|switch|p1a: Roserade?|Florges, F|228\/360
|move|p2a: Heracross|Megahorn|p1a: Roserade?
|-resisted|p1a: Roserade?
|-damage|p1a: Roserade?|69\/360
|
|turn|38
|chat|mezomi|megamiss
|
|move|p2a: Heracross|Megahorn|p1a: Roserade?
|-resisted|p1a: Roserade?
|-damage|p1a: Roserade?|0 fnt
|faint|p1a: Roserade?
|
|
|switch|p1a: Alla Dat|Victini, shiny|89\/341
|turn|39
|
|switch|p2a: Crobat|Crobat, M|145\/346
|-damage|p2a: Crobat|59\/346|[from] Stealth Rock
|move|p1a: Alla Dat|V-create|p2a: Crobat
|-damage|p2a: Crobat|0 fnt
|-unboost|p1a: Alla Dat|def|1
|-unboost|p1a: Alla Dat|spd|1
|-unboost|p1a: Alla Dat|spe|1
|faint|p2a: Crobat
|
|
|switch|p2a: Heracross|Heracross, M|103\/302
|-damage|p2a: Heracross|66\/302|[from] Stealth Rock
|turn|40
|chat|FlederMau5|Nuke fights are the best fights
|
|switch|p1a: DeadMau5|Hydreigon, F|261\/325
|move|p2a: Heracross|Megahorn|p1a: DeadMau5
|-supereffective|p1a: DeadMau5
|-damage|p1a: DeadMau5|0 fnt
|faint|p1a: DeadMau5
|
|
|switch|p1a: Alla Dat|Victini, shiny|89\/341
|turn|41
|
|switch|p2a: Blissey|Blissey, F|652\/652
|-damage|p2a: Blissey|571\/652|[from] Stealth Rock
|move|p1a: Alla Dat|Bolt Strike|p2a: Blissey|[miss]
|-miss|p1a: Alla Dat|p2a: Blissey
|
|-heal|p2a: Blissey|611\/652|[from] item: Leftovers
|turn|42
|
|move|p1a: Alla Dat|Bolt Strike|p2a: Blissey
|-damage|p2a: Blissey|252\/652
|move|p2a: Blissey|Seismic Toss|p1a: Alla Dat
|-damage|p1a: Alla Dat|0 fnt
|faint|p1a: Alla Dat
|
|-heal|p2a: Blissey|292\/652|[from] item: Leftovers
|
|switch|p1a: The Terror|Haxorus, F, shiny|294\/294
|-ability|p1a: The Terror|Mold Breaker
|turn|43
|
|move|p1a: The Terror|Dragon Dance|p1a: The Terror
|-boost|p1a: The Terror|atk|1
|-boost|p1a: The Terror|spe|1
|move|p2a: Blissey|Wish|p2a: Blissey
|
|-heal|p2a: Blissey|332\/652|[from] item: Leftovers
|turn|44
|chat|ridicuLixx|vgg
|
|move|p1a: The Terror|Outrage|p2a: Blissey
|-damage|p2a: Blissey|0 fnt
|faint|p2a: Blissey
|
|chat|FlederMau5|gg
|
|switch|p2a: Heracross|Heracross, M|66\/302
|-damage|p2a: Heracross|29\/302|[from] Stealth Rock
|turn|45
|join|mezomi2
|chat|FlederMau5|very good game
|
|move|p1a: The Terror|Outrage|p2a: Heracross
|-damage|p2a: Heracross|0 fnt
|faint|p2a: Heracross
|
|win|FlederMau5
|raw|Ladder updating...
|raw|FlederMau5's rating: 1619 &rarr; <strong>1626<\/strong><br \/>(+7 for winning)
|raw|ridicuLixx's rating: 1352 &rarr; <strong>1345<\/strong><br \/>(-7 for losing)
|leave|ridicuLixx
|player|p2
|leave|FlederMau5
|player|p1
|join|FlederMau5
|leave|mezomi2
|leave|Colbrushie
|leave|FlederMau5
|join|FlederMau5
|leave|FlederMau5
|join|FlederMau5
|join|Dracp
|leave|Dracp