|join|FlederMau5
|join|GeathDrips
|player|p1|FlederMau5|169
|player|p2|GeathDrips|49
|gametype|singles
|gen|6
|tier|UU
|rated
|rule|Sleep Clause Mod: Limit one foe put to sleep
|rule|Species Clause: Limit one of each PokÃ©mon
|rule|OHKO Clause: OHKO moves are banned
|rule|Moody Clause: Moody is banned
|rule|Evasion Moves Clause: Evasion moves are banned
|rule|Endless Battle Clause: Forcing endless battles is banned
|rule|HP Percentage Mod: HP is reported as percentages
|clearpoke
|poke|p1|Haxorus, M, shiny
|poke|p1|Noivern, F
|poke|p1|Florges, F
|poke|p1|Blastoise, F
|poke|p1|Swampert, M
|poke|p1|Victini, shiny
|poke|p2|Jirachi
|poke|p2|Victini
|poke|p2|Krookodile, F
|poke|p2|Florges, F
|poke|p2|Ampharos, F
|poke|p2|Donphan, M
|rule|Swagger Clause: Swagger is banned
|rule|Baton Pass Clause: Limit one PokÃ©mon knowing Baton Pass
|teampreview
|
|start
|switch|p1a: Broadsides|Blastoise, F|362\/362
|switch|p2a: Ampharos|Ampharos, F|384\/384
|turn|1
|
|switch|p1a: The Kipper|Swampert, M|404\/404
|detailschange|p2a: Ampharos|Ampharos-Mega, F
|message|Ampharos has Mega Evolved into Mega Ampharos!
|-ability|p2a: Ampharos|Mold Breaker
|move|p2a: Ampharos|Hidden Power|p1a: The Kipper
|-supereffective|p1a: The Kipper
|-damage|p1a: The Kipper|0 fnt
|faint|p1a: The Kipper
|
|
|switch|p1a: The Terror|Haxorus, M, shiny|303\/303
|-ability|p1a: The Terror|Mold Breaker
|turn|2
|
|switch|p2a: Donphan|Donphan, M|384\/384
|move|p1a: The Terror|Earthquake|p2a: Donphan
|-damage|p2a: Donphan|297\/384
|
|-heal|p2a: Donphan|321\/384|[from] item: Leftovers
|turn|3
|
|switch|p1a: Broadsides|Blastoise, F|362\/362
|switch|p2a: Ampharos|Ampharos-Mega, F|384\/384
|-ability|p2a: Ampharos|Mold Breaker
|
|turn|4
|
|detailschange|p1a: Broadsides|Blastoise-Mega, F
|message|Blastoise has Mega Evolved into Mega Blastoise!
|move|p1a: Broadsides|Dragon Pulse|p2a: Ampharos
|-supereffective|p2a: Ampharos
|-damage|p2a: Ampharos|44\/384
|move|p2a: Ampharos|Volt Switch|p1a: Broadsides
|-supereffective|p1a: Broadsides
|-damage|p1a: Broadsides|92\/362
|
|switch|p2a: Florges|Florges, F|360\/360
|
|turn|5
|
|switch|p1a: Alla dat|Victini, shiny|341\/341
|move|p2a: Florges|Moonblast|p1a: Alla dat
|-resisted|p1a: Alla dat
|-damage|p1a: Alla dat|282\/341
|
|turn|6
|
|move|p2a: Florges|Protect|p2a: Florges
|-singleturn|p2a: Florges|Protect
|move|p1a: Alla dat|V-create|p2a: Florges
|-activate|p2a: Florges|Protect
|
|turn|7
|
|switch|p2a: Ampharos|Ampharos-Mega, F|44\/384
|-ability|p2a: Ampharos|Mold Breaker
|move|p1a: Alla dat|V-create|p2a: Ampharos
|-crit|p2a: Ampharos
|-resisted|p2a: Ampharos
|-damage|p2a: Ampharos|0 fnt
|-unboost|p1a: Alla dat|def|1
|-unboost|p1a: Alla dat|spd|1
|-unboost|p1a: Alla dat|spe|1
|faint|p2a: Ampharos
|
|
|switch|p2a: Krookodile|Krookodile, F|332\/332
|turn|8
|
|move|p2a: Krookodile|Pursuit|p1a: Alla dat|[from]Pursuit
|-supereffective|p1a: Alla dat
|-damage|p1a: Alla dat|0 fnt
|faint|p1a: Alla dat
|-boost|p2a: Krookodile|atk|1|[from] ability: Moxie
|
|
|switch|p1a: FlederMau5|Noivern, F|311\/311
|turn|9
|
|switch|p2a: Florges|Florges, F|360\/360
|move|p1a: FlederMau5|Switcheroo|p2a: Florges
|-activate|p1a: FlederMau5|move: Trick|[of] p2a: Florges
|-item|p2a: Florges|Choice Specs|[from] Trick
|-item|p1a: FlederMau5|Leftovers|[from] Trick
|
|turn|10
|
|switch|p1a: Roserade?|Florges, F|360\/360
|move|p2a: Florges|Moonblast|p1a: Roserade?
|-damage|p1a: Roserade?|231\/360
|-unboost|p1a: Roserade?|spa|1
|
|-heal|p1a: Roserade?|253\/360|[from] item: Leftovers
|turn|11
|
|switch|p2a: Victini|Victini|341\/341
|move|p1a: Roserade?|Wish|p1a: Roserade?
|
|-heal|p1a: Roserade?|275\/360|[from] item: Leftovers
|turn|12
|
|switch|p1a: The Terror|Haxorus, M, shiny|303\/303
|-ability|p1a: The Terror|Mold Breaker
|move|p2a: Victini|V-create|p1a: The Terror
|-resisted|p1a: The Terror
|-damage|p1a: The Terror|96\/303
|-unboost|p2a: Victini|def|1
|-unboost|p2a: Victini|spd|1
|-unboost|p2a: Victini|spe|1
|
|-heal|p1a: The Terror|276\/303|[from] move: Wish|[wisher] Roserade?
|turn|13
|
|switch|p2a: Donphan|Donphan, M|321\/384
|move|p1a: The Terror|Dragon Dance|p1a: The Terror
|-boost|p1a: The Terror|atk|1
|-boost|p1a: The Terror|spe|1
|
|-heal|p2a: Donphan|345\/384|[from] item: Leftovers
|turn|14
|
|move|p1a: The Terror|Dragon Claw|p2a: Donphan
|-damage|p2a: Donphan|194\/384
|move|p2a: Donphan|Earthquake|p1a: The Terror
|-damage|p1a: The Terror|134\/303
|
|-heal|p2a: Donphan|218\/384|[from] item: Leftovers
|turn|15
|
|switch|p1a: FlederMau5|Noivern, F|311\/311
|move|p2a: Donphan|Earthquake|p1a: FlederMau5
|-immune|p1a: FlederMau5|[msg]
|
|-heal|p2a: Donphan|242\/384|[from] item: Leftovers
|turn|16
|
|switch|p2a: Florges|Florges, F|360\/360
|move|p1a: FlederMau5|Hurricane|p2a: Florges
|-damage|p2a: Florges|252\/360
|-start|p2a: Florges|confusion
|
|turn|17
|
|switch|p1a: Roserade?|Florges, F|275\/360
|-activate|p2a: Florges|confusion
|-damage|p2a: Florges|237\/360|[from] confusion
|
|-heal|p1a: Roserade?|297\/360|[from] item: Leftovers
|turn|18
|
|switch|p2a: Jirachi|Jirachi|341\/341
|move|p1a: Roserade?|Wish|p1a: Roserade?
|
|-heal|p1a: Roserade?|319\/360|[from] item: Leftovers
|turn|19
|
|switch|p1a: Broadsides|Blastoise-Mega, F|92\/362
|move|p2a: Jirachi|Flash Cannon|p1a: Broadsides
|-resisted|p1a: Broadsides
|-damage|p1a: Broadsides|43\/362
|
|-heal|p1a: Broadsides|223\/362|[from] move: Wish|[wisher] Roserade?
|turn|20
|
|switch|p2a: Florges|Florges, F|237\/360
|move|p1a: Broadsides|Scald|p2a: Florges
|-crit|p2a: Florges
|-damage|p2a: Florges|63\/360
|
|turn|21
|
|move|p1a: Broadsides|Scald|p2a: Florges
|-crit|p2a: Florges
|-damage|p2a: Florges|0 fnt
|faint|p2a: Florges
|
|
|switch|p2a: Jirachi|Jirachi|341\/341
|turn|22
|
|move|p2a: Jirachi|Calm Mind|p2a: Jirachi
|-boost|p2a: Jirachi|spa|1
|-boost|p2a: Jirachi|spd|1
|move|p1a: Broadsides|Dark Pulse|p2a: Jirachi
|-supereffective|p2a: Jirachi
|-damage|p2a: Jirachi|127\/341
|
|-heal|p2a: Jirachi|148\/341|[from] item: Leftovers
|turn|23
|
|move|p2a: Jirachi|Grass Knot|p1a: Broadsides
|-supereffective|p1a: Broadsides
|-damage|p1a: Broadsides|0 fnt
|faint|p1a: Broadsides
|
|-heal|p2a: Jirachi|169\/341|[from] item: Leftovers
|
|switch|p1a: The Terror|Haxorus, M, shiny|134\/303
|-ability|p1a: The Terror|Mold Breaker
|turn|24
|
|move|p2a: Jirachi|Flash Cannon|p1a: The Terror
|-damage|p1a: The Terror|0 fnt
|faint|p1a: The Terror
|
|-heal|p2a: Jirachi|190\/341|[from] item: Leftovers
|
|switch|p1a: FlederMau5|Noivern, F|311\/311
|turn|25
|
|move|p1a: FlederMau5|Flamethrower|p2a: Jirachi
|-supereffective|p2a: Jirachi
|-damage|p2a: Jirachi|76\/341
|move|p2a: Jirachi|Flash Cannon|p1a: FlederMau5
|-damage|p1a: FlederMau5|100\/311
|
|-heal|p1a: FlederMau5|119\/311|[from] item: Leftovers
|-heal|p2a: Jirachi|97\/341|[from] item: Leftovers
|turn|26
|
|move|p1a: FlederMau5|Flamethrower|p2a: Jirachi
|-supereffective|p2a: Jirachi
|-damage|p2a: Jirachi|0 fnt
|faint|p2a: Jirachi
|
|-heal|p1a: FlederMau5|138\/311|[from] item: Leftovers
|
|switch|p2a: Victini|Victini|341\/341
|turn|27
|
|move|p1a: FlederMau5|Hurricane|p2a: Victini
|-crit|p2a: Victini
|-damage|p2a: Victini|101\/341
|move|p2a: Victini|V-create|p1a: FlederMau5
|-resisted|p1a: FlederMau5
|-damage|p1a: FlederMau5|0 fnt
|-unboost|p2a: Victini|def|1
|-unboost|p2a: Victini|spd|1
|-unboost|p2a: Victini|spe|1
|faint|p1a: FlederMau5
|
|
|switch|p1a: Roserade?|Florges, F|319\/360
|turn|28
|
|switch|p2a: Donphan|Donphan, M|242\/384
|move|p1a: Roserade?|Protect|p1a: Roserade?
|-fail|p1a: Roserade?
|
|-heal|p1a: Roserade?|341\/360|[from] item: Leftovers
|-heal|p2a: Donphan|266\/384|[from] item: Leftovers
|turn|29
|
|move|p1a: Roserade?|Wish|p1a: Roserade?
|move|p2a: Donphan|Earthquake|p1a: Roserade?
|-damage|p1a: Roserade?|221\/360
|
|-heal|p1a: Roserade?|243\/360|[from] item: Leftovers
|-heal|p2a: Donphan|290\/384|[from] item: Leftovers
|turn|30
|
|move|p1a: Roserade?|Moonblast|p2a: Donphan
|-damage|p2a: Donphan|109\/384
|move|p2a: Donphan|Earthquake|p1a: Roserade?
|-damage|p1a: Roserade?|126\/360
|
|-heal|p1a: Roserade?|306\/360|[from] move: Wish|[wisher] Roserade?
|-heal|p1a: Roserade?|328\/360|[from] item: Leftovers
|-heal|p2a: Donphan|133\/384|[from] item: Leftovers
|turn|31
|
|move|p1a: Roserade?|Wish|p1a: Roserade?
|move|p2a: Donphan|Earthquake|p1a: Roserade?
|-damage|p1a: Roserade?|204\/360
|
|-heal|p1a: Roserade?|226\/360|[from] item: Leftovers
|-heal|p2a: Donphan|157\/384|[from] item: Leftovers
|turn|32
|
|move|p1a: Roserade?|Moonblast|p2a: Donphan
|-damage|p2a: Donphan|0 fnt
|faint|p2a: Donphan
|
|-heal|p1a: Roserade?|360\/360|[from] move: Wish|[wisher] Roserade?
|
|switch|p2a: Krookodile|Krookodile, F|332\/332
|turn|33
|
|move|p1a: Roserade?|Protect|p1a: Roserade?
|-singleturn|p1a: Roserade?|Protect
|move|p2a: Krookodile|Earthquake|p1a: Roserade?
|-activate|p1a: Roserade?|Protect
|
|turn|34
|
|move|p2a: Krookodile|Earthquake|p1a: Roserade?
|-damage|p1a: Roserade?|203\/360
|move|p1a: Roserade?|Wish|p1a: Roserade?
|
|-heal|p1a: Roserade?|225\/360|[from] item: Leftovers
|turn|35
|
|move|p1a: Roserade?|Protect|p1a: Roserade?
|-singleturn|p1a: Roserade?|Protect
|move|p2a: Krookodile|Earthquake|p1a: Roserade?
|-activate|p1a: Roserade?|Protect
|
|-heal|p1a: Roserade?|360\/360|[from] move: Wish|[wisher] Roserade?
|turn|36
|chat|GeathDrips|...
|
|move|p2a: Krookodile|Earthquake|p1a: Roserade?
|-crit|p1a: Roserade?
|-damage|p1a: Roserade?|119\/360
|move|p1a: Roserade?|Wish|p1a: Roserade?
|
|-heal|p1a: Roserade?|141\/360|[from] item: Leftovers
|turn|37
|chat|GeathDrips|this is useless
|
|move|p1a: Roserade?|Protect|p1a: Roserade?
|-singleturn|p1a: Roserade?|Protect
|move|p2a: Krookodile|Earthquake|p1a: Roserade?
|-activate|p1a: Roserade?|Protect
|
|-heal|p1a: Roserade?|321\/360|[from] move: Wish|[wisher] Roserade?
|-heal|p1a: Roserade?|343\/360|[from] item: Leftovers
|turn|38
|
|switch|p2a: Victini|Victini|101\/341
|move|p1a: Roserade?|Wish|p1a: Roserade?
|
|-heal|p1a: Roserade?|360\/360|[from] item: Leftovers
|turn|39
|
|move|p2a: Victini|V-create|p1a: Roserade?
|-crit|p1a: Roserade?
|-damage|p1a: Roserade?|0 fnt
|-unboost|p2a: Victini|def|1
|-unboost|p2a: Victini|spd|1
|-unboost|p2a: Victini|spe|1
|faint|p1a: Roserade?
|
|win|GeathDrips
|raw|Ladder updating...
|raw|FlederMau5's rating: 1771 &rarr; <strong>1746<\/strong><br \/>(-25 for losing)
|raw|GeathDrips's rating: 1673 &rarr; <strong>1698<\/strong><br \/>(+25 for winning)
|leave|FlederMau5
|player|p1