|join|FlederMau5
|join|Serperior Test
|player|p1|FlederMau5|169
|player|p2|Serperior Test|114
|gametype|singles
|gen|6
|tier|UU
|rated
|rule|Sleep Clause Mod: Limit one foe put to sleep
|rule|Species Clause: Limit one of each PokÃ©mon
|rule|OHKO Clause: OHKO moves are banned
|rule|Moody Clause: Moody is banned
|rule|Evasion Moves Clause: Evasion moves are banned
|rule|Endless Battle Clause: Forcing endless battles is banned
|rule|HP Percentage Mod: HP is shown in percentages
|clearpoke
|poke|p1|Celebi
|poke|p1|Entei, shiny
|poke|p1|Swampert, M
|poke|p1|Raikou, shiny
|poke|p1|Umbreon, M, shiny
|poke|p1|Forretress, M
|poke|p2|Machamp, M
|poke|p2|Yanmega, M, shiny
|poke|p2|Empoleon, M, shiny
|poke|p2|Florges, F, shiny
|poke|p2|Arcanine, M, shiny
|poke|p2|Serperior, M, shiny
|rule|Swagger Clause: Swagger is banned
|rule|Baton Pass Clause: Limit one PokÃ©mon knowing Baton Pass
|teampreview
|join|satkat
|
|start
|switch|p1a: TM87|Raikou, shiny|322\/322
|switch|p2a: Machamp|Machamp, M|380\/380
|-ability|p1a: TM87|Pressure
|turn|1
|
|move|p1a: TM87|Volt Switch|p2a: Machamp
|-damage|p2a: Machamp|259\/380
|
|switch|p1a: Gyro-Wall|Forretress, M|354\/354
|move|p2a: Machamp|Knock Off|p1a: Gyro-Wall
|-damage|p1a: Gyro-Wall|254\/354
|-enditem|p1a: Gyro-Wall|Leftovers|[from] move: Knock Off|[of] p2a: Machamp
|
|turn|2
|c|âSerperior Test|data tm87
|c|âSerperior Test|lol
|c|âFlederMau5|swagger :3
|c|âSerperior Test|:o clever
|c| satkat|GO FLEDERMAU5
|c|âSerperior Test|btw im lagging
|
|move|p2a: Machamp|Close Combat|p1a: Gyro-Wall
|-damage|p1a: Gyro-Wall|68\/354
|-unboost|p2a: Machamp|def|1
|-unboost|p2a: Machamp|spd|1
|move|p1a: Gyro-Wall|Volt Switch|p2a: Machamp
|-crit|p2a: Machamp
|-damage|p2a: Machamp|195\/380
|c|âFlederMau5|np
|
|switch|p1a: TM87|Raikou, shiny|322\/322
|-ability|p1a: TM87|Pressure
|
|turn|3
|
|move|p1a: TM87|Thunderbolt|p2a: Machamp
|-damage|p2a: Machamp|0 fnt
|faint|p2a: Machamp
|
|
|switch|p2a: Serperior|Serperior, M, shiny|304\/304
|turn|4
|
|switch|p1a: 420 Blaze It|Entei, shiny|371\/371
|-ability|p1a: 420 Blaze It|Pressure
|move|p2a: Serperior|Leaf Storm|p1a: 420 Blaze It
|-resisted|p1a: 420 Blaze It
|-damage|p1a: 420 Blaze It|275\/371
|-boost|p2a: Serperior|spa|2
|
|turn|5
|
|move|p2a: Serperior|Substitute|p2a: Serperior
|-start|p2a: Serperior|Substitute
|-damage|p2a: Serperior|228\/304
|move|p1a: 420 Blaze It|Sacred Fire|p2a: Serperior
|-supereffective|p2a: Serperior
|-end|p2a: Serperior|Substitute
|
|-heal|p2a: Serperior|247\/304|[from] item: Leftovers
|turn|6
|
|switch|p2a: Arcanine|Arcanine, M, shiny|384\/384
|-ability|p2a: Arcanine|Intimidate|[of] p1a: 420 Blaze It
|-unboost|p1a: 420 Blaze It|atk|1
|move|p1a: 420 Blaze It|Sacred Fire|p2a: Arcanine
|-resisted|p2a: Arcanine
|-damage|p2a: Arcanine|315\/384
|
|turn|7
|
|switch|p1a: The Kipper|Swampert, M|401\/401
|move|p2a: Arcanine|Will-O-Wisp|p1a: The Kipper
|-status|p1a: The Kipper|brn
|
|-damage|p1a: The Kipper|351\/401 brn|[from] brn
|turn|8
|c| satkat|arcanine is so fluffy
|
|switch|p2a: Empoleon|Empoleon, M, shiny|372\/372
|switch|p1a: TM87|Raikou, shiny|322\/322
|-ability|p1a: TM87|Pressure
|
|turn|9
|
|move|p1a: TM87|Thunderbolt|p2a: Empoleon
|-supereffective|p2a: Empoleon
|-damage|p2a: Empoleon|60\/372
|move|p2a: Empoleon|Stealth Rock|p1a: TM87
|-sidestart|p1: FlederMau5|move: Stealth Rock
|
|-heal|p2a: Empoleon|83\/372|[from] item: Leftovers
|turn|10
|
|switch|p2a: Serperior|Serperior, M, shiny|247\/304
|move|p1a: TM87|Thunderbolt|p2a: Serperior
|-resisted|p2a: Serperior
|-damage|p2a: Serperior|139\/304
|-status|p2a: Serperior|par
|
|-heal|p2a: Serperior|158\/304 par|[from] item: Leftovers
|turn|11
|
|switch|p2a: Florges|Florges, F, shiny|360\/360
|move|p1a: TM87|Thunderbolt|p2a: Florges
|-damage|p2a: Florges|207\/360
|
|-heal|p2a: Florges|229\/360|[from] item: Leftovers
|turn|12
|
|switch|p1a: The Kipper|Swampert, M|351\/401 brn
|-damage|p1a: The Kipper|326\/401 brn|[from] Stealth Rock
|move|p2a: Florges|Aromatherapy|p2a: Florges
|-cureteam|p2a: Florges|[from] move: Aromatherapy
|
|-heal|p2a: Florges|251\/360|[from] item: Leftovers
|-heal|p1a: The Kipper|351\/401 brn|[from] item: Leftovers
|-damage|p1a: The Kipper|301\/401 brn|[from] brn
|turn|13
|
|move|p2a: Florges|Wish|p2a: Florges
|move|p1a: The Kipper|Stealth Rock|p2a: Florges
|-sidestart|p2: Serperior Test|move: Stealth Rock
|
|-heal|p2a: Florges|273\/360|[from] item: Leftovers
|-heal|p1a: The Kipper|326\/401 brn|[from] item: Leftovers
|-damage|p1a: The Kipper|276\/401 brn|[from] brn
|turn|14
|
|move|p2a: Florges|Moonblast|p1a: The Kipper
|-damage|p1a: The Kipper|134\/401 brn
|move|p1a: The Kipper|Roar|p2a: Florges
|drag|p2a: Arcanine|Arcanine, M, shiny|315\/384
|-damage|p2a: Arcanine|219\/384|[from] Stealth Rock
|-ability|p2a: Arcanine|Intimidate|[of] p1a: The Kipper
|-unboost|p1a: The Kipper|atk|1
|
|-heal|p2a: Arcanine|384\/384|[from] move: Wish|[wisher] Florges
|-heal|p1a: The Kipper|159\/401 brn|[from] item: Leftovers
|-damage|p1a: The Kipper|109\/401 brn|[from] brn
|turn|15
|c|âSerperior Test|literally any other mon would have been great
|
|switch|p2a: Serperior|Serperior, M, shiny|158\/304
|-damage|p2a: Serperior|120\/304|[from] Stealth Rock
|move|p1a: The Kipper|Scald|p2a: Serperior
|-resisted|p2a: Serperior
|-damage|p2a: Serperior|54\/304
|
|-heal|p2a: Serperior|73\/304|[from] item: Leftovers
|-heal|p1a: The Kipper|134\/401 brn|[from] item: Leftovers
|-damage|p1a: The Kipper|84\/401 brn|[from] brn
|turn|16
|c| satkat|but arcanine is so cute
|
|move|p2a: Serperior|Leaf Storm|p1a: The Kipper
|-supereffective|p1a: The Kipper
|-damage|p1a: The Kipper|0 fnt
|-boost|p2a: Serperior|spa|2
|faint|p1a: The Kipper
|
|-heal|p2a: Serperior|92\/304|[from] item: Leftovers
|
|switch|p1a: TM87|Raikou, shiny|322\/322
|-damage|p1a: TM87|282\/322|[from] Stealth Rock
|-ability|p1a: TM87|Pressure
|turn|17
|
|move|p1a: TM87|Thunderbolt|p2a: Serperior
|-resisted|p2a: Serperior
|-damage|p2a: Serperior|0 fnt
|faint|p2a: Serperior
|
|
|switch|p2a: Florges|Florges, F, shiny|273\/360
|-damage|p2a: Florges|228\/360|[from] Stealth Rock
|turn|18
|
|switch|p1a: Eco Terrorist|Celebi|341\/341
|-damage|p1a: Eco Terrorist|299\/341|[from] Stealth Rock
|move|p2a: Florges|Wish|p2a: Florges
|
|-heal|p1a: Eco Terrorist|320\/341|[from] item: Leftovers
|-heal|p2a: Florges|250\/360|[from] item: Leftovers
|turn|19
|
|switch|p2a: Arcanine|Arcanine, M, shiny|384\/384
|-damage|p2a: Arcanine|288\/384|[from] Stealth Rock
|-ability|p2a: Arcanine|Intimidate|[of] p1a: Eco Terrorist
|-unboost|p1a: Eco Terrorist|atk|1
|move|p1a: Eco Terrorist|Swords Dance|p1a: Eco Terrorist
|-boost|p1a: Eco Terrorist|atk|2
|
|-heal|p2a: Arcanine|384\/384|[from] move: Wish|[wisher] Florges
|-heal|p1a: Eco Terrorist|341\/341|[from] item: Leftovers
|turn|20
|
|switch|p1a: Gyro-Wall|Forretress, M|68\/354
|-damage|p1a: Gyro-Wall|24\/354|[from] Stealth Rock
|move|p2a: Arcanine|Flare Blitz|p1a: Gyro-Wall
|-supereffective|p1a: Gyro-Wall
|-damage|p1a: Gyro-Wall|0 fnt
|-damage|p2a: Arcanine|376\/384|[from] recoil|[of] p1a: Gyro-Wall
|faint|p1a: Gyro-Wall
|
|
|switch|p1a: TM87|Raikou, shiny|282\/322
|-damage|p1a: TM87|242\/322|[from] Stealth Rock
|-ability|p1a: TM87|Pressure
|turn|21
|
|move|p1a: TM87|Thunderbolt|p2a: Arcanine
|-damage|p2a: Arcanine|100\/384
|move|p2a: Arcanine|Flare Blitz|p1a: TM87
|-damage|p1a: TM87|58\/322
|-status|p1a: TM87|brn
|-damage|p2a: Arcanine|39\/384|[from] recoil|[of] p1a: TM87
|
|-damage|p1a: TM87|18\/322 brn|[from] brn
|turn|22
|
|move|p2a: Arcanine|Extreme Speed|p1a: TM87
|-damage|p1a: TM87|0 fnt
|faint|p1a: TM87
|
|
|switch|p1a: 420 Blaze It|Entei, shiny|275\/371
|-damage|p1a: 420 Blaze It|183\/371|[from] Stealth Rock
|-ability|p1a: 420 Blaze It|Pressure
|turn|23
|
|move|p2a: Arcanine|Extreme Speed|p1a: 420 Blaze It
|-damage|p1a: 420 Blaze It|99\/371
|move|p1a: 420 Blaze It|Sacred Fire|p2a: Arcanine
|-resisted|p2a: Arcanine
|-damage|p2a: Arcanine|0 fnt
|faint|p2a: Arcanine
|
|
|switch|p2a: Yanmega|Yanmega, M, shiny|313\/313
|-damage|p2a: Yanmega|157\/313|[from] Stealth Rock
|turn|24
|
|switch|p1a: Cheshire|Umbreon, M, shiny|394\/394
|-damage|p1a: Cheshire|345\/394|[from] Stealth Rock
|move|p2a: Yanmega|Protect|p2a: Yanmega
|-fail|p2a: Yanmega
|
|-heal|p1a: Cheshire|369\/394|[from] item: Leftovers
|-boost|p2a: Yanmega|spe|1|[from] ability: Speed Boost
|turn|25
|
|switch|p2a: Empoleon|Empoleon, M, shiny|83\/372
|-damage|p2a: Empoleon|60\/372|[from] Stealth Rock
|move|p1a: Cheshire|Foul Play|p2a: Empoleon
|-damage|p2a: Empoleon|0 fnt
|faint|p2a: Empoleon
|
|-heal|p1a: Cheshire|393\/394|[from] item: Leftovers
|
|switch|p2a: Florges|Florges, F, shiny|250\/360
|-damage|p2a: Florges|205\/360|[from] Stealth Rock
|turn|26
|
|switch|p1a: Eco Terrorist|Celebi|341\/341
|-damage|p1a: Eco Terrorist|299\/341|[from] Stealth Rock
|move|p2a: Florges|Moonblast|p1a: Eco Terrorist
|-damage|p1a: Eco Terrorist|182\/341
|-unboost|p1a: Eco Terrorist|spa|1
|
|-heal|p1a: Eco Terrorist|203\/341|[from] item: Leftovers
|-heal|p2a: Florges|227\/360|[from] item: Leftovers
|turn|27
|
|move|p1a: Eco Terrorist|Swords Dance|p1a: Eco Terrorist
|-boost|p1a: Eco Terrorist|atk|2
|move|p2a: Florges|Wish|p2a: Florges
|
|-heal|p1a: Eco Terrorist|224\/341|[from] item: Leftovers
|-heal|p2a: Florges|249\/360|[from] item: Leftovers
|turn|28
|
|move|p1a: Eco Terrorist|Zen Headbutt|p2a: Florges
|-damage|p2a: Florges|26\/360
|move|p2a: Florges|Moonblast|p1a: Eco Terrorist
|-damage|p1a: Eco Terrorist|107\/341
|
|-heal|p2a: Florges|206\/360|[from] move: Wish|[wisher] Florges
|-heal|p1a: Eco Terrorist|128\/341|[from] item: Leftovers
|-heal|p2a: Florges|228\/360|[from] item: Leftovers
|turn|29
|
|move|p1a: Eco Terrorist|Swords Dance|p1a: Eco Terrorist
|-boost|p1a: Eco Terrorist|atk|2
|move|p2a: Florges|Moonblast|p1a: Eco Terrorist
|-damage|p1a: Eco Terrorist|0 fnt
|faint|p1a: Eco Terrorist
|
|-heal|p2a: Florges|250\/360|[from] item: Leftovers
|
|switch|p1a: 420 Blaze It|Entei, shiny|99\/371
|-damage|p1a: 420 Blaze It|7\/371|[from] Stealth Rock
|-ability|p1a: 420 Blaze It|Pressure
|turn|30
|
|move|p2a: Florges|Protect|p2a: Florges
|-singleturn|p2a: Florges|Protect
|move|p1a: 420 Blaze It|Sacred Fire|p2a: Florges
|-activate|p2a: Florges|Protect
|
|-heal|p2a: Florges|272\/360|[from] item: Leftovers
|turn|31
|
|move|p1a: 420 Blaze It|Sacred Fire|p2a: Florges|[miss]
|-miss|p1a: 420 Blaze It|p2a: Florges
|move|p2a: Florges|Moonblast|p1a: 420 Blaze It
|-resisted|p1a: 420 Blaze It
|-damage|p1a: 420 Blaze It|0 fnt
|faint|p1a: 420 Blaze It
|
|-heal|p2a: Florges|294\/360|[from] item: Leftovers
|c|âFlederMau5|-_-
|-message|FlederMau5 forfeited.
|leave|FlederMau5
|leave|satkat
|
|win|Serperior Test
|raw|Ladder updating...
|player|p1
|raw|FlederMau5's rating: 1618 &rarr; <strong>1586<\/strong><br \/>(-32 for losing)
|raw|Serperior Test's rating: 1371 &rarr; <strong>1403<\/strong><br \/>(+32 for winning)