|join|Lol1z da Fuccboi
|join|FlederMau5
|player|p1|Lol1z da Fuccboi|101
|player|p2|FlederMau5|169
|gametype|singles
|gen|6
|tier|UU
|rated
|rule|Sleep Clause Mod: Limit one foe put to sleep
|rule|Species Clause: Limit one of each PokÃ©mon
|rule|OHKO Clause: OHKO moves are banned
|rule|Moody Clause: Moody is banned
|rule|Evasion Moves Clause: Evasion moves are banned
|rule|Endless Battle Clause: Forcing endless battles is banned
|rule|HP Percentage Mod: HP is shown in percentages
|clearpoke
|poke|p1|Swampert, M
|poke|p1|Celebi
|poke|p1|Entei, shiny
|poke|p1|Forretress, M
|poke|p1|Mienshao, M
|poke|p1|Hydreigon, F
|poke|p2|Celebi
|poke|p2|Jirachi
|poke|p2|Swampert, M
|poke|p2|Florges, F
|poke|p2|Entei, shiny
|poke|p2|Blastoise, F
|rule|Swagger Clause: Swagger is banned
|rule|Baton Pass Clause: Limit one PokÃ©mon knowing Baton Pass
|teampreview
|
|start
|switch|p1a: Swampert|Swampert, M|404\/404
|switch|p2a: Pure Skill|Jirachi|341\/341
|turn|1
|
|move|p2a: Pure Skill|U-turn|p1a: Swampert
|-damage|p1a: Swampert|331\/404
|
|switch|p2a: Broadsides|Blastoise, F|362\/362
|move|p1a: Swampert|Stealth Rock|p2a: Broadsides
|-sidestart|p2: FlederMau5|move: Stealth Rock
|
|-heal|p1a: Swampert|356\/404|[from] item: Leftovers
|turn|2
|
|detailschange|p2a: Broadsides|Blastoise-Mega, F
|-mega|p2a: Broadsides|Blastoise|Blastoisinite
|move|p2a: Broadsides|Rapid Spin|p1a: Swampert
|-damage|p1a: Swampert|342\/404
|-sideend|p2: FlederMau5|Stealth Rock|[from] move: Rapid Spin|[of] p2a: Broadsides
|move|p1a: Swampert|Earthquake|p2a: Broadsides
|-damage|p2a: Broadsides|253\/362
|
|-heal|p1a: Swampert|367\/404|[from] item: Leftovers
|turn|3
|join|satkat
|
|move|p2a: Broadsides|Hydro Pump|p1a: Swampert
|-damage|p1a: Swampert|199\/404
|move|p1a: Swampert|Stealth Rock|p2a: Broadsides
|-sidestart|p2: FlederMau5|move: Stealth Rock
|
|-heal|p1a: Swampert|224\/404|[from] item: Leftovers
|turn|4
|
|move|p2a: Broadsides|Rapid Spin|p1a: Swampert
|-damage|p1a: Swampert|210\/404
|-sideend|p2: FlederMau5|Stealth Rock|[from] move: Rapid Spin|[of] p2a: Broadsides
|move|p1a: Swampert|Earthquake|p2a: Broadsides
|-damage|p2a: Broadsides|145\/362
|
|-heal|p1a: Swampert|235\/404|[from] item: Leftovers
|turn|5
|
|switch|p1a: Celebi|Celebi|404\/404
|move|p2a: Broadsides|Dark Pulse|p1a: Celebi
|-supereffective|p1a: Celebi
|-damage|p1a: Celebi|190\/404
|
|-heal|p1a: Celebi|215\/404|[from] item: Leftovers
|turn|6
|
|switch|p2a: Pure Skill|Jirachi|341\/341
|move|p1a: Celebi|U-turn|p2a: Pure Skill
|-damage|p2a: Pure Skill|288\/341
|
|switch|p1a: Swampert|Swampert, M|235\/404
|
|-heal|p1a: Swampert|260\/404|[from] item: Leftovers
|turn|7
|
|move|p2a: Pure Skill|U-turn|p1a: Swampert
|-crit|p1a: Swampert
|-damage|p1a: Swampert|148\/404
|
|switch|p2a: Broadsides|Blastoise-Mega, F|145\/362
|move|p1a: Swampert|Stealth Rock|p2a: Broadsides
|-sidestart|p2: FlederMau5|move: Stealth Rock
|
|-heal|p1a: Swampert|173\/404|[from] item: Leftovers
|turn|8
|
|switch|p1a: Hydreigon|Hydreigon, F|325\/325
|move|p2a: Broadsides|Dark Pulse|p1a: Hydreigon
|-crit|p1a: Hydreigon
|-resisted|p1a: Hydreigon
|-damage|p1a: Hydreigon|184\/325
|
|turn|9
|
|switch|p2a: Florges|Florges, F|360\/360
|-damage|p2a: Florges|315\/360|[from] Stealth Rock
|move|p1a: Hydreigon|Draco Meteor|p2a: Florges
|-immune|p2a: Florges|[msg]
|
|-heal|p2a: Florges|337\/360|[from] item: Leftovers
|turn|10
|
|switch|p1a: Celebi|Celebi|215\/404
|move|p2a: Florges|Wish|p2a: Florges
|
|-heal|p1a: Celebi|240\/404|[from] item: Leftovers
|-heal|p2a: Florges|359\/360|[from] item: Leftovers
|turn|11
|
|switch|p2a: Pure Skill|Jirachi|288\/341
|-damage|p2a: Pure Skill|267\/341|[from] Stealth Rock
|move|p1a: Celebi|U-turn|p2a: Pure Skill
|-damage|p2a: Pure Skill|213\/341
|
|switch|p1a: Entei|Entei, shiny|373\/373
|-ability|p1a: Entei|Pressure
|
|-heal|p2a: Pure Skill|341\/341|[from] move: Wish|[wisher] Florges
|turn|12
|
|move|p2a: Pure Skill|U-turn|p1a: Entei
|-resisted|p1a: Entei
|-damage|p1a: Entei|334\/373
|
|switch|p2a: The Kipper|Swampert, M|404\/404
|-damage|p2a: The Kipper|379\/404|[from] Stealth Rock
|move|p1a: Entei|Sacred Fire|p2a: The Kipper
|-resisted|p2a: The Kipper
|-damage|p2a: The Kipper|274\/404
|-status|p2a: The Kipper|brn
|
|-heal|p2a: The Kipper|299\/404 brn|[from] item: Leftovers
|-damage|p2a: The Kipper|249\/404 brn|[from] brn
|turn|13
|
|switch|p1a: Forretress|Forretress, M|354\/354
|move|p2a: The Kipper|Stealth Rock|p1a: Forretress
|-sidestart|p1: Lol1z da Fuccboi|move: Stealth Rock
|
|-heal|p2a: The Kipper|274\/404 brn|[from] item: Leftovers
|-damage|p2a: The Kipper|224\/404 brn|[from] brn
|turn|14
|
|switch|p2a: Broadsides|Blastoise-Mega, F|145\/362
|-damage|p2a: Broadsides|100\/362|[from] Stealth Rock
|move|p1a: Forretress|Spikes|p2a: Broadsides
|-sidestart|p2: FlederMau5|Spikes
|
|turn|15
|
|move|p2a: Broadsides|Rapid Spin|p1a: Forretress
|-resisted|p1a: Forretress
|-damage|p1a: Forretress|350\/354
|-sideend|p2: FlederMau5|Spikes|[from] move: Rapid Spin|[of] p2a: Broadsides
|-sideend|p2: FlederMau5|Stealth Rock|[from] move: Rapid Spin|[of] p2a: Broadsides
|move|p1a: Forretress|Volt Switch|p2a: Broadsides
|-supereffective|p2a: Broadsides
|-damage|p2a: Broadsides|32\/362
|
|switch|p1a: Mienshao|Mienshao, M|271\/271
|-damage|p1a: Mienshao|255\/271|[from] Stealth Rock
|
|turn|16
|
|move|p1a: Mienshao|Knock Off|p2a: Broadsides
|-damage|p2a: Broadsides|0 fnt
|-damage|p1a: Mienshao|228\/271|[from] item: Life Orb
|faint|p2a: Broadsides
|
|
|switch|p2a: Florges|Florges, F|359\/360
|turn|17
|
|move|p1a: Mienshao|U-turn|p2a: Florges
|-resisted|p2a: Florges
|-damage|p2a: Florges|302\/360
|-damage|p1a: Mienshao|201\/271|[from] item: Life Orb
|
|switch|p1a: Forretress|Forretress, M|350\/354
|-damage|p1a: Forretress|306\/354|[from] Stealth Rock
|move|p2a: Florges|Wish|p2a: Florges
|
|-heal|p2a: Florges|324\/360|[from] item: Leftovers
|-heal|p1a: Forretress|328\/354|[from] item: Leftovers
|turn|18
|
|switch|p2a: 420 Blaze it|Entei, shiny|371\/371
|-ability|p2a: 420 Blaze it|Pressure
|move|p1a: Forretress|Rapid Spin|p2a: 420 Blaze it
|-damage|p2a: 420 Blaze it|355\/371
|-sideend|p1: Lol1z da Fuccboi|Stealth Rock|[from] move: Rapid Spin|[of] p1a: Forretress
|
|-heal|p2a: 420 Blaze it|371\/371|[from] move: Wish|[wisher] Florges
|-heal|p1a: Forretress|350\/354|[from] item: Leftovers
|turn|19
|
|switch|p1a: Swampert|Swampert, M|173\/404
|move|p2a: 420 Blaze it|Sacred Fire|p1a: Swampert
|-resisted|p1a: Swampert
|-damage|p1a: Swampert|31\/404
|-status|p1a: Swampert|brn
|
|-heal|p1a: Swampert|56\/404 brn|[from] item: Leftovers
|-damage|p1a: Swampert|6\/404 brn|[from] brn
|turn|20
|
|move|p2a: 420 Blaze it|Sacred Fire|p1a: Swampert
|-resisted|p1a: Swampert
|-damage|p1a: Swampert|0 fnt
|faint|p1a: Swampert
|
|
|switch|p1a: Entei|Entei, shiny|334\/373
|-ability|p1a: Entei|Pressure
|turn|21
|
|switch|p2a: The Kipper|Swampert, M|224\/404 brn
|move|p1a: Entei|Sacred Fire|p2a: The Kipper
|-resisted|p2a: The Kipper
|-damage|p2a: The Kipper|122\/404 brn
|
|-heal|p2a: The Kipper|147\/404 brn|[from] item: Leftovers
|-damage|p2a: The Kipper|97\/404 brn|[from] brn
|turn|22
|
|move|p1a: Entei|Sacred Fire|p2a: The Kipper
|-resisted|p2a: The Kipper
|-damage|p2a: The Kipper|0 fnt
|faint|p2a: The Kipper
|
|
|switch|p2a: 420 Blaze it|Entei, shiny|371\/371
|-ability|p2a: 420 Blaze it|Pressure
|turn|23
|
|switch|p1a: Celebi|Celebi|240\/404
|move|p2a: 420 Blaze it|Stone Edge|p1a: Celebi
|-damage|p1a: Celebi|42\/404
|
|-heal|p1a: Celebi|67\/404|[from] item: Leftovers
|turn|24
|
|switch|p2a: Pure Skill|Jirachi|341\/341
|switch|p1a: Mienshao|Mienshao, M|271\/271
|
|turn|25
|
|move|p1a: Mienshao|Fake Out|p2a: Pure Skill
|-resisted|p2a: Pure Skill
|-damage|p2a: Pure Skill|311\/341
|-damage|p1a: Mienshao|244\/271|[from] item: Life Orb
|cant|p2a: Pure Skill|flinch
|
|turn|26
|
|switch|p1a: Forretress|Forretress, M|350\/354
|move|p2a: Pure Skill|U-turn|p1a: Forretress
|-resisted|p1a: Forretress
|-damage|p1a: Forretress|330\/354
|
|switch|p2a: 420 Blaze it|Entei, shiny|371\/371
|-ability|p2a: 420 Blaze it|Pressure
|
|-heal|p1a: Forretress|352\/354|[from] item: Leftovers
|turn|27
|
|switch|p1a: Entei|Entei, shiny|334\/373
|-ability|p1a: Entei|Pressure
|move|p2a: 420 Blaze it|Sacred Fire|p1a: Entei|[miss]
|-miss|p2a: 420 Blaze it|p1a: Entei
|
|turn|28
|
|switch|p2a: Florges|Florges, F|324\/360
|move|p1a: Entei|Stone Edge|p2a: Florges
|-damage|p2a: Florges|155\/360
|
|-heal|p2a: Florges|177\/360|[from] item: Leftovers
|turn|29
|
|switch|p1a: Forretress|Forretress, M|352\/354
|move|p2a: Florges|Wish|p2a: Florges
|
|-heal|p2a: Florges|199\/360|[from] item: Leftovers
|-heal|p1a: Forretress|354\/354|[from] item: Leftovers
|turn|30
|
|switch|p2a: 420 Blaze it|Entei, shiny|371\/371
|-ability|p2a: 420 Blaze it|Pressure
|move|p1a: Forretress|Spikes|p2a: 420 Blaze it
|-sidestart|p2: FlederMau5|Spikes
|
|turn|31
|
|switch|p1a: Entei|Entei, shiny|334\/373
|-ability|p1a: Entei|Pressure
|move|p2a: 420 Blaze it|Stone Edge|p1a: Entei
|-supereffective|p1a: Entei
|-damage|p1a: Entei|0 fnt
|faint|p1a: Entei
|
|
|switch|p1a: Mienshao|Mienshao, M|271\/271
|turn|32
|
|switch|p2a: Florges|Florges, F|199\/360
|-damage|p2a: Florges|154\/360|[from] Spikes
|move|p1a: Mienshao|High Jump Kick|p2a: Florges
|-resisted|p2a: Florges
|-damage|p2a: Florges|0 fnt
|-damage|p1a: Mienshao|244\/271|[from] item: Life Orb
|faint|p2a: Florges
|
|
|switch|p2a: 420 Blaze it|Entei, shiny|371\/371
|-damage|p2a: 420 Blaze it|325\/371|[from] Spikes
|-ability|p2a: 420 Blaze it|Pressure
|turn|33
|
|move|p2a: 420 Blaze it|Extreme Speed|p1a: Mienshao
|-damage|p1a: Mienshao|9\/271
|move|p1a: Mienshao|High Jump Kick|p2a: 420 Blaze it
|-damage|p2a: 420 Blaze it|0 fnt
|-damage|p1a: Mienshao|0 fnt|[from] item: Life Orb
|faint|p2a: 420 Blaze it
|faint|p1a: Mienshao
|
|
|switch|p2a: Pure Skill|Jirachi|311\/341
|switch|p1a: Forretress|Forretress, M|354\/354
|-damage|p2a: Pure Skill|269\/341|[from] Spikes
|turn|34
|
|move|p2a: Pure Skill|Fire Punch|p1a: Forretress
|-supereffective|p1a: Forretress
|-damage|p1a: Forretress|194\/354
|move|p1a: Forretress|Gyro Ball|p2a: Pure Skill
|-resisted|p2a: Pure Skill
|-damage|p2a: Pure Skill|194\/341
|
|-heal|p1a: Forretress|216\/354|[from] item: Leftovers
|turn|35
|
|switch|p1a: Hydreigon|Hydreigon, F|184\/325
|move|p2a: Pure Skill|Fire Punch|p1a: Hydreigon
|-resisted|p1a: Hydreigon
|-damage|p1a: Hydreigon|141\/325
|-status|p1a: Hydreigon|brn
|
|-damage|p1a: Hydreigon|101\/325 brn|[from] brn
|turn|36
|
|move|p2a: Pure Skill|Fire Punch|p1a: Hydreigon
|-resisted|p1a: Hydreigon
|-damage|p1a: Hydreigon|54\/325 brn
|move|p1a: Hydreigon|U-turn|p2a: Pure Skill
|-damage|p2a: Pure Skill|163\/341
|c|âLol1z da Fuccboi|wow
|c|âLol1z da Fuccboi|well i threw that game
|
|switch|p1a: Celebi|Celebi|67\/404
|
|-heal|p1a: Celebi|92\/404|[from] item: Leftovers
|turn|37
|
|move|p2a: Pure Skill|Fire Punch|p1a: Celebi
|-supereffective|p1a: Celebi
|-damage|p1a: Celebi|0 fnt
|faint|p1a: Celebi
|
|
|switch|p1a: Hydreigon|Hydreigon, F|54\/325 brn
|turn|38
|
|switch|p2a: The Doctor|Celebi|342\/342
|-damage|p2a: The Doctor|300\/342|[from] Spikes
|move|p1a: Hydreigon|Dark Pulse|p2a: The Doctor
|-supereffective|p2a: The Doctor
|-damage|p2a: The Doctor|30\/342
|
|-heal|p2a: The Doctor|51\/342|[from] item: Leftovers
|-damage|p1a: Hydreigon|14\/325 brn|[from] brn
|turn|39
|
|move|p2a: The Doctor|Sucker Punch|p1a: Hydreigon
|-resisted|p1a: Hydreigon
|-damage|p1a: Hydreigon|0 fnt
|faint|p1a: Hydreigon
|
|-heal|p2a: The Doctor|72\/342|[from] item: Leftovers
|
|switch|p1a: Forretress|Forretress, M|216\/354
|turn|40
|
|move|p2a: The Doctor|Seed Bomb|p1a: Forretress
|-resisted|p1a: Forretress
|-damage|p1a: Forretress|201\/354
|move|p1a: Forretress|Gyro Ball|p2a: The Doctor
|-damage|p2a: The Doctor|0 fnt
|faint|p2a: The Doctor
|
|-heal|p1a: Forretress|223\/354|[from] item: Leftovers
|
|switch|p2a: Pure Skill|Jirachi|163\/341
|-damage|p2a: Pure Skill|121\/341|[from] Spikes
|turn|41
|
|move|p2a: Pure Skill|Fire Punch|p1a: Forretress
|-supereffective|p1a: Forretress
|-damage|p1a: Forretress|59\/354
|move|p1a: Forretress|Gyro Ball|p2a: Pure Skill
|-resisted|p2a: Pure Skill
|-damage|p2a: Pure Skill|37\/341
|
|-heal|p1a: Forretress|81\/354|[from] item: Leftovers
|turn|42
|c|âFlederMau5|gg
|
|move|p2a: Pure Skill|Fire Punch|p1a: Forretress
|-supereffective|p1a: Forretress
|-damage|p1a: Forretress|0 fnt
|faint|p1a: Forretress
|
|win|FlederMau5
|raw|Ladder updating...
|leave|satkat
|raw|Lol1z da Fuccboi's rating: 1725 &rarr; <strong>1691<\/strong><br \/>(-34 for losing)
|raw|FlederMau5's rating: 1440 &rarr; <strong>1474<\/strong><br \/>(+34 for winning)
|leave|Lol1z da Fuccboi
|player|p1