|join|FlederMau5
|join|Bob the Wut
|player|p1|FlederMau5|265
|player|p2|Bob the Wut|23
|gametype|singles
|gen|6
|tier|UU
|rated
|rule|Sleep Clause Mod: Limit one foe put to sleep
|rule|Species Clause: Limit one of each PokÃ©mon
|rule|OHKO Clause: OHKO moves are banned
|rule|Moody Clause: Moody is banned
|rule|Evasion Moves Clause: Evasion moves are banned
|rule|Endless Battle Clause: Forcing endless battles is banned
|rule|HP Percentage Mod: HP is shown in percentages
|clearpoke
|poke|p1|Celebi
|poke|p1|Entei, shiny
|poke|p1|Swampert, M
|poke|p1|Pidgeot, F
|poke|p1|Umbreon, M, shiny
|poke|p1|Forretress, M
|poke|p2|Suicune
|poke|p2|Snorlax, F
|poke|p2|Reuniclus, F
|poke|p2|Chandelure, F
|poke|p2|Absol, F
|poke|p2|Toxicroak, F
|rule|Swagger Clause: Swagger is banned
|rule|Baton Pass Clause: Limit one PokÃ©mon knowing Baton Pass
|teampreview
|
|start
|switch|p1a: Pudgey-ot|Pidgeot, F|307\/307
|switch|p2a: Absol|Absol, F|271\/271
|turn|1
|
|switch|p2a: Snorlax|Snorlax, F|524\/524
|detailschange|p1a: Pudgey-ot|Pidgeot-Mega, F
|-mega|p1a: Pudgey-ot|Pidgeot|Pidgeotite
|move|p1a: Pudgey-ot|Hurricane|p2a: Snorlax
|-damage|p2a: Snorlax|364\/524
|-start|p2a: Snorlax|confusion
|
|-heal|p2a: Snorlax|396\/524|[from] item: Leftovers
|turn|2
|join|Revan 777
|
|switch|p1a: The Kipper|Swampert, M|401\/401
|-activate|p2a: Snorlax|confusion
|-damage|p2a: Snorlax|356\/524|[from] confusion
|
|-heal|p2a: Snorlax|388\/524|[from] item: Leftovers
|turn|3
|
|move|p1a: The Kipper|Stealth Rock|p2a: Snorlax
|-sidestart|p2: Bob the Wut|move: Stealth Rock
|-end|p2a: Snorlax|confusion
|move|p2a: Snorlax|Curse|p2a: Snorlax
|-boost|p2a: Snorlax|atk|1
|-boost|p2a: Snorlax|def|1
|-unboost|p2a: Snorlax|spe|1
|
|-heal|p2a: Snorlax|420\/524|[from] item: Leftovers
|turn|4
|
|move|p2a: Snorlax|Frustration|p1a: The Kipper
|-damage|p1a: The Kipper|247\/401
|move|p1a: The Kipper|Roar|p2a: Snorlax
|drag|p2a: Suicune|Suicune|401\/401
|-damage|p2a: Suicune|351\/401|[from] Stealth Rock
|-ability|p2a: Suicune|Pressure
|
|-heal|p2a: Suicune|376\/401|[from] item: Leftovers
|-heal|p1a: The Kipper|272\/401|[from] item: Leftovers
|turn|5
|
|switch|p2a: Absol|Absol, F|271\/271
|-damage|p2a: Absol|238\/271|[from] Stealth Rock
|switch|p1a: Eco Terrorist|Celebi|341\/341
|
|turn|6
|
|switch|p1a: Gyro-Wall|Forretress, M|354\/354
|detailschange|p2a: Absol|Absol-Mega, F
|-mega|p2a: Absol|Absol|Absolite
|move|p2a: Absol|Swords Dance|p2a: Absol
|-boost|p2a: Absol|atk|2
|
|turn|7
|
|move|p2a: Absol|Knock Off|p1a: Gyro-Wall
|-damage|p1a: Gyro-Wall|62\/354
|-enditem|p1a: Gyro-Wall|Leftovers|[from] move: Knock Off|[of] p2a: Absol
|move|p1a: Gyro-Wall|Volt Switch|p2a: Absol
|-damage|p2a: Absol|184\/271
|join|drreuniclus3
|
|switch|p1a: 420 Blaze It|Entei, shiny|371\/371
|-ability|p1a: 420 Blaze It|Pressure
|
|turn|8
|
|switch|p2a: Chandelure|Chandelure, F|283\/283
|-damage|p2a: Chandelure|213\/283|[from] Stealth Rock
|move|p1a: 420 Blaze It|Extreme Speed|p2a: Chandelure
|-immune|p2a: Chandelure|[msg]
|
|-heal|p2a: Chandelure|230\/283|[from] item: Leftovers
|turn|9
|
|switch|p1a: Cheshire|Umbreon, M, shiny|394\/394
|move|p2a: Chandelure|Calm Mind|p2a: Chandelure
|-boost|p2a: Chandelure|spa|1
|-boost|p2a: Chandelure|spd|1
|
|-heal|p2a: Chandelure|247\/283|[from] item: Leftovers
|turn|10
|
|move|p2a: Chandelure|Flamethrower|p1a: Cheshire
|-damage|p1a: Cheshire|229\/394
|move|p1a: Cheshire|Foul Play|p2a: Chandelure
|-supereffective|p2a: Chandelure
|-damage|p2a: Chandelure|139\/283
|
|-heal|p2a: Chandelure|156\/283|[from] item: Leftovers
|-heal|p1a: Cheshire|253\/394|[from] item: Leftovers
|turn|11
|
|move|p2a: Chandelure|Flamethrower|p1a: Cheshire
|-damage|p1a: Cheshire|85\/394
|move|p1a: Cheshire|Wish|p1a: Cheshire
|
|-heal|p2a: Chandelure|173\/283|[from] item: Leftovers
|-heal|p1a: Cheshire|109\/394|[from] item: Leftovers
|turn|12
|
|move|p2a: Chandelure|Flamethrower|p1a: Cheshire
|-damage|p1a: Cheshire|0 fnt
|faint|p1a: Cheshire
|
|-heal|p2a: Chandelure|190\/283|[from] item: Leftovers
|
|switch|p1a: Eco Terrorist|Celebi|341\/341
|turn|13
|
|move|p1a: Eco Terrorist|Sucker Punch|p2a: Chandelure
|-fail|p2a: Chandelure
|move|p2a: Chandelure|Substitute|p2a: Chandelure
|-start|p2a: Chandelure|Substitute
|-damage|p2a: Chandelure|120\/283
|
|-heal|p2a: Chandelure|137\/283|[from] item: Leftovers
|turn|14
|-message|FlederMau5 forfeited.
|
|win|Bob the Wut
|raw|Ladder updating...
|leave|FlederMau5
|player|p1
|raw|FlederMau5's rating: 1594 &rarr; <strong>1574<\/strong><br \/>(-20 for losing)
|raw|Bob the Wut's rating: 1589 &rarr; <strong>1610<\/strong><br \/>(+21 for winning)
|leave|Revan 777