|join|satkat
|join|FlederMau5
|player|p1|satkat|4
|player|p2|FlederMau5|169
|gametype|singles
|gen|6
|tier|UU
|rule|Sleep Clause Mod: Limit one foe put to sleep
|rule|Species Clause: Limit one of each PokÃ©mon
|rule|OHKO Clause: OHKO moves are banned
|rule|Moody Clause: Moody is banned
|rule|Evasion Moves Clause: Evasion moves are banned
|rule|Endless Battle Clause: Forcing endless battles is banned
|rule|HP Percentage Mod: HP is shown in percentages
|clearpoke
|poke|p1|Sceptile, M, shiny
|poke|p1|Suicune, shiny
|poke|p1|Umbreon, M, shiny
|poke|p1|Jirachi
|poke|p1|Noivern, M
|poke|p1|Skitty, F
|poke|p2|Celebi
|poke|p2|Jirachi
|poke|p2|Swampert, M
|poke|p2|Florges, F
|poke|p2|Entei, shiny
|poke|p2|Blastoise, F
|rule|Swagger Clause: Swagger is banned
|rule|Baton Pass Clause: Limit one PokÃ©mon knowing Baton Pass
|teampreview
|c|âsatkat|just wait
|
|start
|switch|p1a: Willyew|Sceptile, M, shiny|281\/281
|switch|p2a: The Kipper|Swampert, M|404\/404
|turn|1
|
|switch|p2a: Pure Skill|Jirachi|341\/341
|detailschange|p1a: Willyew|Sceptile-Mega, M, shiny
|-mega|p1a: Willyew|Sceptile|Sceptilite
|move|p1a: Willyew|Dragon Pulse|p2a: Pure Skill
|-resisted|p2a: Pure Skill
|-damage|p2a: Pure Skill|252\/341
|
|turn|2
|
|move|p2a: Pure Skill|U-turn|p1a: Willyew
|-crit|p1a: Willyew
|-supereffective|p1a: Willyew
|-damage|p1a: Willyew|0 fnt
|faint|p1a: Willyew
|
|switch|p2a: Eco Terrorist|Celebi|341\/341
|
|
|switch|p1a: Goto|Suicune, shiny|404\/404
|-ability|p1a: Goto|Pressure
|turn|3
|c|âsatkat|im lagging btw
|
|move|p2a: Eco Terrorist|Swords Dance|p2a: Eco Terrorist
|-boost|p2a: Eco Terrorist|atk|2
|move|p1a: Goto|Calm Mind|p1a: Goto
|-boost|p1a: Goto|spa|1
|-boost|p1a: Goto|spd|1
|
|turn|4
|
|move|p2a: Eco Terrorist|Seed Bomb|p1a: Goto
|-supereffective|p1a: Goto
|-damage|p1a: Goto|74\/404
|move|p1a: Goto|Calm Mind|p1a: Goto
|-boost|p1a: Goto|spa|1
|-boost|p1a: Goto|spd|1
|
|-heal|p1a: Goto|99\/404|[from] item: Leftovers
|turn|5
|join|Sonin
|
|move|p2a: Eco Terrorist|Seed Bomb|p1a: Goto
|-supereffective|p1a: Goto
|-damage|p1a: Goto|0 fnt
|faint|p1a: Goto
|
|c|âsatkat|im in the middle of something beat it kid
|leave|Sonin
|c|âsatkat|lol
|c|âFlederMau5|:P
|
|switch|p1a: Twerp|Umbreon, M, shiny|394\/394
|turn|6
|
|switch|p2a: 420 Blaze it|Entei, shiny|371\/371
|-ability|p2a: 420 Blaze it|Pressure
|move|p1a: Twerp|Foul Play|p2a: 420 Blaze it
|-crit|p2a: 420 Blaze it
|-damage|p2a: 420 Blaze it|59\/371
|
|turn|7
|
|move|p2a: 420 Blaze it|Sacred Fire|p1a: Twerp
|-damage|p1a: Twerp|153\/394
|-status|p1a: Twerp|brn
|move|p1a: Twerp|Foul Play|p2a: 420 Blaze it
|-damage|p2a: 420 Blaze it|0 fnt
|faint|p2a: 420 Blaze it
|
|-heal|p1a: Twerp|177\/394 brn|[from] item: Leftovers
|-damage|p1a: Twerp|128\/394 brn|[from] brn
|
|switch|p2a: Pure Skill|Jirachi|252\/341
|turn|8
|
|move|p2a: Pure Skill|U-turn|p1a: Twerp
|-supereffective|p1a: Twerp
|-damage|p1a: Twerp|0 fnt
|faint|p1a: Twerp
|
|switch|p2a: The Kipper|Swampert, M|404\/404
|
|
|switch|p1a: Withme|Jirachi|342\/342
|turn|9
|
|move|p1a: Withme|Iron Head|p2a: The Kipper
|-resisted|p2a: The Kipper
|-damage|p2a: The Kipper|359\/404
|cant|p2a: The Kipper|flinch
|
|-heal|p2a: The Kipper|384\/404|[from] item: Leftovers
|turn|10
|
|move|p1a: Withme|Iron Head|p2a: The Kipper
|-resisted|p2a: The Kipper
|-damage|p2a: The Kipper|336\/404
|move|p2a: The Kipper|Stealth Rock|p1a: Withme
|-sidestart|p1: satkat|move: Stealth Rock
|
|-heal|p2a: The Kipper|361\/404|[from] item: Leftovers
|turn|11
|
|move|p1a: Withme|Ice Punch|p2a: The Kipper
|-damage|p2a: The Kipper|298\/404
|move|p2a: The Kipper|Earthquake|p1a: Withme
|-supereffective|p1a: Withme
|-damage|p1a: Withme|94\/342
|
|-heal|p2a: The Kipper|323\/404|[from] item: Leftovers
|turn|12
|
|move|p1a: Withme|Ice Punch|p2a: The Kipper
|-damage|p2a: The Kipper|269\/404
|move|p2a: The Kipper|Earthquake|p1a: Withme
|-supereffective|p1a: Withme
|-damage|p1a: Withme|0 fnt
|faint|p1a: Withme
|
|-heal|p2a: The Kipper|294\/404|[from] item: Leftovers
|
|switch|p1a: Noivern|Noivern, M|311\/311
|-damage|p1a: Noivern|234\/311|[from] Stealth Rock
|turn|13
|c|âsatkat|(his name was supposed to be 3 ?'s)
|c|âFlederMau5|:3
|
|switch|p2a: Pure Skill|Jirachi|252\/341
|move|p1a: Noivern|Draco Meteor|p2a: Pure Skill
|-resisted|p2a: Pure Skill
|-damage|p2a: Pure Skill|113\/341
|-unboost|p1a: Noivern|spa|2
|
|turn|14
|
|move|p2a: Pure Skill|Iron Head|p1a: Noivern
|-damage|p1a: Noivern|93\/311
|move|p1a: Noivern|Draco Meteor|p2a: Pure Skill
|-resisted|p2a: Pure Skill
|-damage|p2a: Pure Skill|42\/341
|-unboost|p1a: Noivern|spa|2
|
|turn|15
|
|move|p2a: Pure Skill|Iron Head|p1a: Noivern
|-damage|p1a: Noivern|0 fnt
|faint|p1a: Noivern
|
|
|switch|p1a: From Susie|Skitty, F|304\/304
|-damage|p1a: From Susie|266\/304|[from] Stealth Rock
|turn|16
|c|âsatkat|:D
|c|âFlederMau5|Yes :)
|
|move|p1a: From Susie|Fake Out|p2a: Pure Skill
|-resisted|p2a: Pure Skill
|-damage|p2a: Pure Skill|28\/341
|cant|p2a: Pure Skill|flinch
|
|turn|17
|c|âsatkat|heehee :)
|c|âsatkat|but real talk, i think i can win
|
|move|p2a: Pure Skill|Iron Head|p1a: From Susie
|-damage|p1a: From Susie|167\/304
|move|p1a: From Susie|Cosmic Power|p1a: From Susie
|-boost|p1a: From Susie|def|1
|-boost|p1a: From Susie|spd|1
|
|turn|18
|
|move|p2a: Pure Skill|Iron Head|p1a: From Susie
|-damage|p1a: From Susie|95\/304
|cant|p1a: From Susie|flinch
|
|turn|19
|
|move|p2a: Pure Skill|Iron Head|p1a: From Susie
|-damage|p1a: From Susie|28\/304
|move|p1a: From Susie|Return|p2a: Pure Skill
|-resisted|p2a: Pure Skill
|-damage|p2a: Pure Skill|0 fnt
|faint|p2a: Pure Skill
|
|
|switch|p2a: Broadsides|Blastoise, F|362\/362
|turn|20
|
|detailschange|p2a: Broadsides|Blastoise-Mega, F
|-mega|p2a: Broadsides|Blastoise|Blastoisinite
|move|p2a: Broadsides|Dragon Pulse|p1a: From Susie
|-damage|p1a: From Susie|0 fnt
|faint|p1a: From Susie
|
|win|FlederMau5