|join|Korago
|join|KnightSansArmour
|player|p1|Korago|103
|player|p2|KnightSansArmour|170
|gametype|singles
|gen|6
|tier|OU
|rated
|clearpoke
|poke|p1|Azumarill, F
|poke|p1|Rotom-Wash
|poke|p1|Blissey, F
|poke|p1|Talonflame, F
|poke|p1|Mawile, M
|poke|p1|Gliscor, F
|poke|p2|Gliscor, M
|poke|p2|Chansey, F
|poke|p2|Noivern, F
|poke|p2|Blastoise, F
|poke|p2|Heatran, F
|poke|p2|Zapdos
|rule|Sleep Clause Mod: Limit one foe put to sleep
|rule|Species Clause: Limit one of each Pokemon
|rule|OHKO Clause: OHKO moves are banned
|rule|Moody Clause: Moody is banned
|rule|Evasion Moves Clause: Evasion moves are banned
|rule|Endless Battle Clause: Forcing endless battles is banned.
|rule|HP Percentage Mod: HP is reported as percentages
|teampreview
|
|start
|switch|p1a: Cancer|Blissey, F|714\/714
|switch|p2a: Chansey|Chansey, F|704\/704
|turn|1
|
|move|p2a: Chansey|Toxic|p1a: Cancer
|-status|p1a: Cancer|tox
|move|p1a: Cancer|Stealth Rock|p2a: Chansey
|-sidestart|p2: KnightSansArmour|move: Stealth Rock
|
|-damage|p1a: Cancer|670\/714 tox|[from] psn
|turn|2
|
|move|p2a: Chansey|Toxic|p1a: Cancer
|-fail|p1a: Cancer|tox
|move|p1a: Cancer|Toxic|p2a: Chansey
|-status|p2a: Chansey|tox
|
|-heal|p1a: Cancer|714\/714 tox|[from] item: Leftovers
|-damage|p2a: Chansey|660\/704 tox|[from] psn
|-damage|p1a: Cancer|626\/714 tox|[from] psn
|turn|3
|
|switch|p1a: Fun allowed|Gliscor, F|352\/352
|move|p2a: Chansey|Seismic Toss|p1a: Fun allowed
|-damage|p1a: Fun allowed|252\/352
|
|-damage|p2a: Chansey|572\/704 tox|[from] psn
|-status|p1a: Fun allowed|tox|[from] item: Toxic Orb
|turn|4
|
|switch|p2a: Blastoise|Blastoise, F|362\/362
|-damage|p2a: Blastoise|317\/362|[from] Stealth Rock
|move|p1a: Fun allowed|Substitute|p1a: Fun allowed
|-start|p1a: Fun allowed|Substitute
|-damage|p1a: Fun allowed|164\/352 tox
|
|-heal|p1a: Fun allowed|208\/352 tox|[from] ability: Poison Heal
|turn|5
|
|-formechange|p2a: Blastoise|Blastoise-Mega
|message|Blastoise has Mega Evolved into Mega Blastoise!
|move|p1a: Fun allowed|Toxic|p2a: Blastoise
|-status|p2a: Blastoise|tox
|move|p2a: Blastoise|Rapid Spin|p1a: Fun allowed
|-activate|p1a: Fun allowed|Substitute|[damage]
|-sideend|p2: KnightSansArmour|Stealth Rock|[from] move: Rapid Spin|[of] p2a: Blastoise
|
|-heal|p1a: Fun allowed|252\/352 tox|[from] ability: Poison Heal
|-damage|p2a: Blastoise|295\/362 tox|[from] psn
|turn|6
|
|switch|p2a: Noivern|Noivern, F|311\/311
|move|p1a: Fun allowed|Protect|p1a: Fun allowed
|-fail|p1a: Fun allowed
|
|-heal|p1a: Fun allowed|296\/352 tox|[from] ability: Poison Heal
|turn|7
|
|switch|p1a: Cancer|Blissey, F|626\/714
|move|p2a: Noivern|Draco Meteor|p1a: Cancer
|-crit|p1a: Cancer
|-damage|p1a: Cancer|286\/714
|-unboost|p2a: Noivern|spa|2
|
|-heal|p1a: Cancer|330\/714|[from] item: Leftovers
|turn|8
|
|switch|p2a: Chansey|Chansey, F|572\/704
|move|p1a: Cancer|Stealth Rock|p2a: Chansey
|-sidestart|p2: KnightSansArmour|move: Stealth Rock
|
|-heal|p1a: Cancer|374\/714|[from] item: Leftovers
|turn|9
|
|move|p2a: Chansey|Aromatherapy|p2a: Chansey
|-cureteam|p2a: Chansey|[from] move: Aromatherapy
|move|p1a: Cancer|Soft-Boiled|p1a: Cancer
|-heal|p1a: Cancer|714\/714
|
|turn|10
|
|switch|p2a: Heatran|Heatran, F|386\/386
|-damage|p2a: Heatran|338\/386|[from] Stealth Rock
|move|p1a: Cancer|Toxic|p2a: Heatran
|-fail|p2a: Heatran
|
|-heal|p2a: Heatran|362\/386|[from] item: Leftovers
|turn|11
|
|move|p2a: Heatran|Stealth Rock|p1a: Cancer
|-sidestart|p1: Korago|move: Stealth Rock
|move|p1a: Cancer|Seismic Toss|p2a: Heatran
|-damage|p2a: Heatran|262\/386
|
|-heal|p2a: Heatran|286\/386|[from] item: Leftovers
|turn|12
|
|switch|p2a: Zapdos|Zapdos|384\/384
|-damage|p2a: Zapdos|288\/384|[from] Stealth Rock
|-ability|p2a: Zapdos|Pressure
|move|p1a: Cancer|Seismic Toss|p2a: Zapdos
|-damage|p2a: Zapdos|188\/384
|
|-heal|p2a: Zapdos|212\/384|[from] item: Leftovers
|turn|13
|
|move|p2a: Zapdos|Roost|p2a: Zapdos
|-heal|p2a: Zapdos|384\/384
|move|p1a: Cancer|Toxic|p2a: Zapdos
|-status|p2a: Zapdos|tox
|
|-damage|p2a: Zapdos|360\/384 tox|[from] psn
|turn|14
|
|switch|p2a: Blastoise|Blastoise, F|295\/362
|-formechange|p2a: Blastoise|Blastoise-Mega
|-damage|p2a: Blastoise|250\/362|[from] Stealth Rock
|move|p1a: Cancer|Seismic Toss|p2a: Blastoise
|-damage|p2a: Blastoise|150\/362
|
|turn|15
|
|move|p2a: Blastoise|Rapid Spin|p1a: Cancer
|-damage|p1a: Cancer|689\/714
|-sideend|p2: KnightSansArmour|Stealth Rock|[from] move: Rapid Spin|[of] p2a: Blastoise
|move|p1a: Cancer|Seismic Toss|p2a: Blastoise
|-damage|p2a: Blastoise|50\/362
|
|-heal|p1a: Cancer|714\/714|[from] item: Leftovers
|turn|16
|
|switch|p2a: Chansey|Chansey, F|572\/704
|switch|p1a: Wizard|Rotom-Wash|242\/242
|-damage|p1a: Wizard|212\/242|[from] Stealth Rock
|
|turn|17
|
|move|p1a: Wizard|Trick|p2a: Chansey
|-activate|p1a: Wizard|move: Trick|[of] p2a: Chansey
|-item|p2a: Chansey|Choice Scarf|[from] move: Trick
|-item|p1a: Wizard|Eviolite|[from] move: Trick
|move|p2a: Chansey|Aromatherapy|p2a: Chansey
|-cureteam|p2a: Chansey|[from] move: Aromatherapy
|
|turn|18
|
|switch|p2a: Gliscor|Gliscor, M|354\/354
|move|p1a: Wizard|Will-O-Wisp|p2a: Gliscor|[miss]
|-miss|p1a: Wizard|p2a: Gliscor
|
|-status|p2a: Gliscor|tox|[from] item: Toxic Orb
|turn|19
|chat|Korago|YES
|
|switch|p2a: Chansey|Chansey, F|572\/704
|move|p1a: Wizard|Hydro Pump|p2a: Chansey
|-damage|p2a: Chansey|410\/704
|
|turn|20
|
|move|p1a: Wizard|Volt Switch|p2a: Chansey
|-damage|p2a: Chansey|296\/704
|
|switch|p1a: Cancer|Blissey, F|714\/714
|-damage|p1a: Cancer|625\/714|[from] Stealth Rock
|move|p2a: Chansey|Toxic|p1a: Cancer
|-status|p1a: Cancer|tox
|
|-heal|p1a: Cancer|669\/714 tox|[from] item: Leftovers
|-damage|p1a: Cancer|625\/714 tox|[from] psn
|turn|21
|
|switch|p2a: Gliscor|Gliscor, M|354\/354 tox
|move|p1a: Cancer|Toxic|p2a: Gliscor
|-fail|p2a: Gliscor|tox
|
|-heal|p1a: Cancer|669\/714 tox|[from] item: Leftovers
|-damage|p1a: Cancer|581\/714 tox|[from] psn
|turn|22
|
|move|p2a: Gliscor|Substitute|p2a: Gliscor
|-start|p2a: Gliscor|Substitute
|-damage|p2a: Gliscor|266\/354 tox
|move|p1a: Cancer|Stealth Rock|p2a: Gliscor
|-sidestart|p2: KnightSansArmour|move: Stealth Rock
|
|-heal|p1a: Cancer|625\/714 tox|[from] item: Leftovers
|-heal|p2a: Gliscor|310\/354 tox|[from] ability: Poison Heal
|-damage|p1a: Cancer|493\/714 tox|[from] psn
|turn|23
|
|switch|p1a: Fun allowed|Gliscor, F|296\/352 tox
|-damage|p1a: Fun allowed|252\/352 tox|[from] Stealth Rock
|move|p2a: Gliscor|Earthquake|p1a: Fun allowed
|-immune|p1a: Fun allowed|[msg]
|
|-heal|p2a: Gliscor|354\/354 tox|[from] ability: Poison Heal
|-heal|p1a: Fun allowed|296\/352 tox|[from] ability: Poison Heal
|turn|24
|
|switch|p2a: Noivern|Noivern, F|311\/311
|-damage|p2a: Noivern|234\/311|[from] Stealth Rock
|move|p1a: Fun allowed|Protect|p1a: Fun allowed
|-fail|p1a: Fun allowed
|
|-heal|p1a: Fun allowed|340\/352 tox|[from] ability: Poison Heal
|turn|25
|
|switch|p1a: Cancer|Blissey, F|493\/714
|-damage|p1a: Cancer|404\/714|[from] Stealth Rock
|move|p2a: Noivern|Hurricane|p1a: Cancer
|-damage|p1a: Cancer|211\/714
|
|-heal|p1a: Cancer|255\/714|[from] item: Leftovers
|turn|26
|
|move|p2a: Noivern|Hurricane|p1a: Cancer
|-damage|p1a: Cancer|69\/714
|-start|p1a: Cancer|confusion
|-activate|p1a: Cancer|confusion
|move|p1a: Cancer|Soft-Boiled|p1a: Cancer
|-heal|p1a: Cancer|426\/714
|
|-heal|p1a: Cancer|470\/714|[from] item: Leftovers
|turn|27
|
|switch|p2a: Zapdos|Zapdos|360\/384
|-damage|p2a: Zapdos|264\/384|[from] Stealth Rock
|-ability|p2a: Zapdos|Pressure
|-activate|p1a: Cancer|confusion
|-damage|p1a: Cancer|464\/714|[from] confusion
|
|-heal|p2a: Zapdos|288\/384|[from] item: Leftovers
|-heal|p1a: Cancer|508\/714|[from] item: Leftovers
|turn|28
|
|move|p2a: Zapdos|Defog|p1a: Cancer
|-unboost|p1a: Cancer|evasion|1
|-sideend|p1: Korago|Stealth Rock|[from] move: Defog|[of] p1a: Cancer
|-sideend|p2: KnightSansArmour|Stealth Rock|[from] move: Defog|[of] p2a: Zapdos
|-activate|p1a: Cancer|confusion
|move|p1a: Cancer|Toxic|p2a: Zapdos
|-status|p2a: Zapdos|tox
|
|-heal|p2a: Zapdos|312\/384 tox|[from] item: Leftovers
|-heal|p1a: Cancer|552\/714|[from] item: Leftovers
|-damage|p2a: Zapdos|288\/384 tox|[from] psn
|turn|29
|
|switch|p2a: Chansey|Chansey, F|296\/704
|-activate|p1a: Cancer|confusion
|-damage|p1a: Cancer|546\/714|[from] confusion
|
|-heal|p1a: Cancer|590\/714|[from] item: Leftovers
|turn|30
|
|move|p2a: Chansey|Aromatherapy|p2a: Chansey
|-cureteam|p2a: Chansey|[from] move: Aromatherapy
|-end|p1a: Cancer|confusion
|move|p1a: Cancer|Seismic Toss|p2a: Chansey
|-damage|p2a: Chansey|196\/704
|
|-heal|p1a: Cancer|634\/714|[from] item: Leftovers
|turn|31
|
|switch|p2a: Gliscor|Gliscor, M|354\/354
|move|p1a: Cancer|Seismic Toss|p2a: Gliscor
|-damage|p2a: Gliscor|254\/354
|
|-heal|p1a: Cancer|678\/714|[from] item: Leftovers
|-status|p2a: Gliscor|tox|[from] item: Toxic Orb
|turn|32
|
|move|p2a: Gliscor|Toxic|p1a: Cancer
|-status|p1a: Cancer|tox
|move|p1a: Cancer|Seismic Toss|p2a: Gliscor
|-damage|p2a: Gliscor|154\/354 tox
|
|-heal|p1a: Cancer|714\/714 tox|[from] item: Leftovers
|-heal|p2a: Gliscor|198\/354 tox|[from] ability: Poison Heal
|-damage|p1a: Cancer|670\/714 tox|[from] psn
|turn|33
|
|move|p2a: Gliscor|Protect|p2a: Gliscor
|-singleturn|p2a: Gliscor|Protect
|move|p1a: Cancer|Stealth Rock|p2a: Gliscor
|-sidestart|p2: KnightSansArmour|move: Stealth Rock
|
|-heal|p1a: Cancer|714\/714 tox|[from] item: Leftovers
|-heal|p2a: Gliscor|242\/354 tox|[from] ability: Poison Heal
|-damage|p1a: Cancer|626\/714 tox|[from] psn
|turn|34
|
|switch|p2a: Noivern|Noivern, F|234\/311
|-damage|p2a: Noivern|157\/311|[from] Stealth Rock
|switch|p1a: Fun allowed|Gliscor, F|340\/352 tox
|
|-heal|p1a: Fun allowed|352\/352 tox|[from] ability: Poison Heal
|turn|35
|
|switch|p2a: Zapdos|Zapdos|288\/384
|-damage|p2a: Zapdos|192\/384|[from] Stealth Rock
|-ability|p2a: Zapdos|Pressure
|switch|p1a: Cancer|Blissey, F|626\/714
|
|-heal|p2a: Zapdos|216\/384|[from] item: Leftovers
|-heal|p1a: Cancer|670\/714|[from] item: Leftovers
|turn|36
|
|move|p2a: Zapdos|Defog|p1a: Cancer
|-unboost|p1a: Cancer|evasion|1
|-sideend|p2: KnightSansArmour|Stealth Rock|[from] move: Defog|[of] p2a: Zapdos
|move|p1a: Cancer|Toxic|p2a: Zapdos
|-status|p2a: Zapdos|tox
|
|-heal|p2a: Zapdos|240\/384 tox|[from] item: Leftovers
|-heal|p1a: Cancer|714\/714|[from] item: Leftovers
|-damage|p2a: Zapdos|216\/384 tox|[from] psn
|turn|37
|
|switch|p2a: Heatran|Heatran, F|286\/386
|move|p1a: Cancer|Seismic Toss|p2a: Heatran
|-damage|p2a: Heatran|186\/386
|
|-heal|p2a: Heatran|210\/386|[from] item: Leftovers
|turn|38
|
|move|p2a: Heatran|Taunt|p1a: Cancer
|-start|p1a: Cancer|move: Taunt
|move|p1a: Cancer|Seismic Toss|p2a: Heatran
|-damage|p2a: Heatran|110\/386
|
|-heal|p2a: Heatran|134\/386|[from] item: Leftovers
|turn|39
|
|move|p2a: Heatran|Stealth Rock|p1a: Cancer
|-sidestart|p1: Korago|move: Stealth Rock
|move|p1a: Cancer|Seismic Toss|p2a: Heatran
|-damage|p2a: Heatran|34\/386
|
|-heal|p2a: Heatran|58\/386|[from] item: Leftovers
|turn|40
|
|switch|p2a: Gliscor|Gliscor, M|242\/354 tox
|move|p1a: Cancer|Seismic Toss|p2a: Gliscor
|-damage|p2a: Gliscor|142\/354 tox
|
|-heal|p2a: Gliscor|186\/354 tox|[from] ability: Poison Heal
|-end|p1a: Cancer|move: Taunt
|turn|41
|
|switch|p2a: Chansey|Chansey, F|196\/704
|move|p1a: Cancer|Seismic Toss|p2a: Chansey
|-damage|p2a: Chansey|96\/704
|
|turn|42
|
|move|p2a: Chansey|Soft-Boiled|p2a: Chansey
|-heal|p2a: Chansey|448\/704
|move|p1a: Cancer|Seismic Toss|p2a: Chansey
|-damage|p2a: Chansey|348\/704
|
|turn|43
|
|move|p2a: Chansey|Soft-Boiled|p2a: Chansey
|-heal|p2a: Chansey|700\/704
|move|p1a: Cancer|Stealth Rock|p2a: Chansey
|-sidestart|p2: KnightSansArmour|move: Stealth Rock
|
|turn|44
|
|switch|p2a: Gliscor|Gliscor, M|186\/354 tox
|-damage|p2a: Gliscor|142\/354 tox|[from] Stealth Rock
|move|p1a: Cancer|Toxic|p2a: Gliscor
|-fail|p2a: Gliscor|tox
|
|-heal|p2a: Gliscor|186\/354 tox|[from] ability: Poison Heal
|turn|45
|
|move|p2a: Gliscor|Toxic|p1a: Cancer
|-status|p1a: Cancer|tox
|move|p1a: Cancer|Seismic Toss|p2a: Gliscor
|-damage|p2a: Gliscor|86\/354 tox
|
|-heal|p2a: Gliscor|130\/354 tox|[from] ability: Poison Heal
|-damage|p1a: Cancer|670\/714 tox|[from] psn
|turn|46
|
|switch|p1a: Fun allowed|Gliscor, F|352\/352 tox
|-damage|p1a: Fun allowed|308\/352 tox|[from] Stealth Rock
|move|p2a: Gliscor|Earthquake|p1a: Fun allowed
|-immune|p1a: Fun allowed|[msg]
|
|-heal|p2a: Gliscor|174\/354 tox|[from] ability: Poison Heal
|-heal|p1a: Fun allowed|352\/352 tox|[from] ability: Poison Heal
|turn|47
|
|move|p2a: Gliscor|Protect|p2a: Gliscor
|-singleturn|p2a: Gliscor|Protect
|move|p1a: Fun allowed|Toxic|p2a: Gliscor
|-activate|p2a: Gliscor|Protect
|
|-heal|p2a: Gliscor|218\/354 tox|[from] ability: Poison Heal
|turn|48
|
|switch|p2a: Zapdos|Zapdos|216\/384 tox
|-damage|p2a: Zapdos|120\/384 tox|[from] Stealth Rock
|-ability|p2a: Zapdos|Pressure
|move|p1a: Fun allowed|Toxic|p2a: Zapdos|[miss]
|-miss|p1a: Fun allowed|p2a: Zapdos
|
|-heal|p2a: Zapdos|144\/384 tox|[from] item: Leftovers
|-damage|p2a: Zapdos|120\/384 tox|[from] psn
|turn|49
|
|move|p2a: Zapdos|Defog|p1a: Fun allowed
|-unboost|p1a: Fun allowed|evasion|1
|-sideend|p1: Korago|Stealth Rock|[from] move: Defog|[of] p1a: Fun allowed
|-sideend|p2: KnightSansArmour|Stealth Rock|[from] move: Defog|[of] p2a: Zapdos
|move|p1a: Fun allowed|Earthquake|p2a: Zapdos
|-immune|p2a: Zapdos|[msg]
|
|-heal|p2a: Zapdos|144\/384 tox|[from] item: Leftovers
|-damage|p2a: Zapdos|96\/384 tox|[from] psn
|turn|50
|
|move|p2a: Zapdos|Roost|p2a: Zapdos
|-heal|p2a: Zapdos|288\/384 tox
|move|p1a: Fun allowed|Earthquake|p2a: Zapdos
|-supereffective|p2a: Zapdos
|-damage|p2a: Zapdos|42\/384 tox
|
|-heal|p2a: Zapdos|66\/384 tox|[from] item: Leftovers
|-damage|p2a: Zapdos|0 fnt|[from] psn
|faint|p2a: Zapdos
|
|switch|p2a: Blastoise|Blastoise, F|50\/362
|-formechange|p2a: Blastoise|Blastoise-Mega
|turn|51
|
|move|p1a: Fun allowed|Earthquake|p2a: Blastoise
|-damage|p2a: Blastoise|0 fnt
|faint|p2a: Blastoise
|
|
|switch|p2a: Noivern|Noivern, F|157\/311
|turn|52
|
|switch|p1a: Cancer|Blissey, F|670\/714
|move|p2a: Noivern|Draco Meteor|p1a: Cancer
|-damage|p1a: Cancer|445\/714
|-unboost|p2a: Noivern|spa|2
|
|-heal|p1a: Cancer|489\/714|[from] item: Leftovers
|turn|53
|
|switch|p2a: Chansey|Chansey, F|700\/704
|move|p1a: Cancer|Stealth Rock|p2a: Chansey
|-sidestart|p2: KnightSansArmour|move: Stealth Rock
|
|-heal|p1a: Cancer|533\/714|[from] item: Leftovers
|turn|54
|
|move|p2a: Chansey|Toxic|p1a: Cancer
|-status|p1a: Cancer|tox
|move|p1a: Cancer|Seismic Toss|p2a: Chansey
|-damage|p2a: Chansey|600\/704
|
|-heal|p1a: Cancer|577\/714 tox|[from] item: Leftovers
|-damage|p1a: Cancer|533\/714 tox|[from] psn
|turn|55
|
|switch|p2a: Gliscor|Gliscor, M|218\/354 tox
|-damage|p2a: Gliscor|174\/354 tox|[from] Stealth Rock
|switch|p1a: Azumarill|Azumarill, F|404\/404
|
|-heal|p2a: Gliscor|218\/354 tox|[from] ability: Poison Heal
|turn|56
|
|move|p2a: Gliscor|Protect|p2a: Gliscor
|-singleturn|p2a: Gliscor|Protect
|move|p1a: Azumarill|Aqua Jet|p2a: Gliscor
|-activate|p2a: Gliscor|Protect
|
|-heal|p2a: Gliscor|262\/354 tox|[from] ability: Poison Heal
|turn|57
|
|move|p1a: Azumarill|Aqua Jet|p2a: Gliscor
|-supereffective|p2a: Gliscor
|-damage|p2a: Gliscor|88\/354 tox
|move|p2a: Gliscor|Toxic|p1a: Azumarill
|-status|p1a: Azumarill|tox
|
|-heal|p2a: Gliscor|132\/354 tox|[from] ability: Poison Heal
|-damage|p1a: Azumarill|379\/404 tox|[from] psn
|turn|58
|
|move|p2a: Gliscor|Protect|p2a: Gliscor
|-singleturn|p2a: Gliscor|Protect
|move|p1a: Azumarill|Aqua Jet|p2a: Gliscor
|-activate|p2a: Gliscor|Protect
|
|-heal|p2a: Gliscor|176\/354 tox|[from] ability: Poison Heal
|-damage|p1a: Azumarill|329\/404 tox|[from] psn
|turn|59
|
|switch|p2a: Heatran|Heatran, F|58\/386
|-damage|p2a: Heatran|10\/386|[from] Stealth Rock
|move|p1a: Azumarill|Aqua Jet|p2a: Heatran
|-supereffective|p2a: Heatran
|-damage|p2a: Heatran|0 fnt
|faint|p2a: Heatran
|
|-damage|p1a: Azumarill|254\/404 tox|[from] psn
|
|switch|p2a: Chansey|Chansey, F|600\/704
|-damage|p2a: Chansey|512\/704|[from] Stealth Rock
|turn|60
|
|switch|p1a: Mega Waifu|Mawile, M|304\/304
|-ability|p1a: Mega Waifu|Intimidate|[of] p2a: Chansey
|-unboost|p2a: Chansey|atk|1
|move|p2a: Chansey|Seismic Toss|p1a: Mega Waifu
|-damage|p1a: Mega Waifu|204\/304
|
|turn|61
|
|switch|p2a: Noivern|Noivern, F|157\/311
|-damage|p2a: Noivern|80\/311|[from] Stealth Rock
|-formechange|p1a: Mega Waifu|Mawile-Mega
|message|Mawile has Mega Evolved into Mega Mawile!
|move|p1a: Mega Waifu|Play Rough|p2a: Noivern
|-supereffective|p2a: Noivern
|-damage|p2a: Noivern|0 fnt
|faint|p2a: Noivern
|
|
|switch|p2a: Gliscor|Gliscor, M|176\/354 tox
|-damage|p2a: Gliscor|132\/354 tox|[from] Stealth Rock
|turn|62
|
|move|p2a: Gliscor|Earthquake|p1a: Mega Waifu
|-supereffective|p1a: Mega Waifu
|-damage|p1a: Mega Waifu|22\/304
|move|p1a: Mega Waifu|Play Rough|p2a: Gliscor
|-damage|p2a: Gliscor|0 fnt
|faint|p2a: Gliscor
|
|-message|KnightSansArmour forfeited.
|
|win|Korago
|raw|Ladder updating...
|raw|Korago's rating: 1663 &rarr; <strong>1683<\/strong><br \/>(+20 for winning)
|raw|KnightSansArmour's rating: 1666 &rarr; <strong>1645<\/strong><br \/>(-21 for losing)
|leave|KnightSansArmour
|player|p2