|join|KnightSansArmour
|join|TyraniBoah2k14
|player|p1|KnightSansArmour|2
|player|p2|TyraniBoah2k14|101
|gametype|singles
|gen|6
|tier|OU
|rated
|clearpoke
|poke|p1|Gliscor, F
|poke|p1|Chansey, F
|poke|p1|Noivern, F
|poke|p1|Blastoise, M
|poke|p1|Zapdos
|poke|p1|Lucario, F
|poke|p2|Deoxys-Defense
|poke|p2|Bisharp, F
|poke|p2|Thundurus, M
|poke|p2|Garchomp, M
|poke|p2|Aegislash, F
|poke|p2|Gyarados, M
|rule|Sleep Clause Mod: Limit one foe put to sleep
|rule|Species Clause: Limit one of each Pokemon
|rule|OHKO Clause: OHKO moves are banned
|rule|Moody Clause: Moody is banned
|rule|Evasion Moves Clause: Evasion moves are banned
|rule|Endless Battle Clause: Forcing endless battles is banned.
|rule|HP Percentage Mod: HP is reported as percentages
|teampreview
|
|start
|switch|p1a: Blastoise|Blastoise, M|362\/362
|switch|p2a: Deoxys-Defense|Deoxys-Defense|304\/304
|-ability|p2a: Deoxys-Defense|Pressure
|turn|1
|
|-formechange|p1a: Blastoise|Blastoise-Mega
|message|Blastoise has Mega Evolved into Mega Blastoise!
|move|p2a: Deoxys-Defense|Stealth Rock|p1a: Blastoise
|-sidestart|p1: KnightSansArmour|move: Stealth Rock
|move|p1a: Blastoise|Dark Pulse|p2a: Deoxys-Defense
|-supereffective|p2a: Deoxys-Defense
|-damage|p2a: Deoxys-Defense|96\/304
|-enditem|p2a: Deoxys-Defense|Red Card|[of] p1a: Blastoise
|drag|p1a: Lucario|Lucario, F|281\/281
|-damage|p1a: Lucario|273\/281|[from] Stealth Rock
|
|turn|2
|
|move|p1a: Lucario|Extreme Speed|p2a: Deoxys-Defense
|-crit|p2a: Deoxys-Defense
|-damage|p2a: Deoxys-Defense|0 fnt
|-damage|p1a: Lucario|245\/281|[from] item: Life Orb
|faint|p2a: Deoxys-Defense
|
|
|switch|p2a: Aegislash|Aegislash, F|324\/324
|turn|3
|
|switch|p1a: Zapdos|Zapdos|384\/384
|-damage|p1a: Zapdos|288\/384|[from] Stealth Rock
|-ability|p1a: Zapdos|Pressure
|-formechange|p2a: Aegislash|Aegislash-Blade
|move|p2a: Aegislash|Sacred Sword|p1a: Zapdos
|-resisted|p1a: Zapdos
|-damage|p1a: Zapdos|227\/384
|
|-heal|p1a: Zapdos|251\/384|[from] item: Leftovers
|turn|4
|
|switch|p2a: Bisharp|Bisharp, F|279\/279
|move|p1a: Zapdos|Defog|p2a: Bisharp
|-unboost|p2a: Bisharp|evasion|1
|-boost|p2a: Bisharp|atk|2|[from] ability: Defiant
|-sideend|p1: KnightSansArmour|Stealth Rock|[from] move: Defog|[of] p1a: Zapdos
|
|-heal|p1a: Zapdos|275\/384|[from] item: Leftovers
|turn|5
|
|move|p1a: Zapdos|Heat Wave|p2a: Bisharp
|-supereffective|p2a: Bisharp
|-damage|p2a: Bisharp|0 fnt
|faint|p2a: Bisharp
|
|-heal|p1a: Zapdos|299\/384|[from] item: Leftovers
|
|switch|p2a: Thundurus|Thundurus, M|299\/299
|turn|6
|
|switch|p1a: Chansey|Chansey, F|704\/704
|move|p2a: Thundurus|Hidden Power|p1a: Chansey
|-damage|p1a: Chansey|663\/704
|
|turn|7
|
|move|p2a: Thundurus|Taunt|p1a: Chansey
|-start|p1a: Chansey|move: Taunt
|cant|p1a: Chansey|move: Taunt|Toxic
|
|turn|8
|
|move|p2a: Thundurus|Volt Switch|p1a: Chansey
|-damage|p1a: Chansey|587\/704
|
|switch|p2a: Aegislash|Aegislash, F|324\/324
|move|p1a: Chansey|Seismic Toss|p2a: Aegislash
|-immune|p2a: Aegislash|[msg]
|
|turn|9
|
|switch|p1a: Zapdos|Zapdos|299\/384
|-ability|p1a: Zapdos|Pressure
|-formechange|p2a: Aegislash|Aegislash-Blade
|move|p2a: Aegislash|Sacred Sword|p1a: Zapdos
|-resisted|p1a: Zapdos
|-damage|p1a: Zapdos|246\/384
|
|-heal|p1a: Zapdos|270\/384|[from] item: Leftovers
|turn|10
|
|-formechange|p2a: Aegislash|Aegislash
|move|p2a: Aegislash|King's Shield|p2a: Aegislash
|-singleturn|p2a: Aegislash|Protect
|move|p1a: Zapdos|Heat Wave|p2a: Aegislash
|-activate|p2a: Aegislash|Protect
|
|-heal|p1a: Zapdos|294\/384|[from] item: Leftovers
|turn|11
|
|move|p1a: Zapdos|Heat Wave|p2a: Aegislash
|-supereffective|p2a: Aegislash
|-damage|p2a: Aegislash|154\/324
|-formechange|p2a: Aegislash|Aegislash-Blade
|move|p2a: Aegislash|Shadow Ball|p1a: Zapdos
|-damage|p1a: Zapdos|119\/384
|
|-heal|p1a: Zapdos|143\/384|[from] item: Leftovers
|-heal|p2a: Aegislash|174\/324|[from] item: Leftovers
|turn|12
|
|switch|p2a: Garchomp|Garchomp, M|358\/358
|move|p1a: Zapdos|Heat Wave|p2a: Garchomp
|-resisted|p2a: Garchomp
|-damage|p2a: Garchomp|285\/358
|
|-heal|p1a: Zapdos|167\/384|[from] item: Leftovers
|turn|13
|
|switch|p1a: Gliscor|Gliscor, F|354\/354
|move|p2a: Garchomp|Rock Slide|p1a: Gliscor
|-damage|p1a: Gliscor|290\/354
|
|-status|p1a: Gliscor|tox|[from] item: Toxic Orb
|turn|14
|
|switch|p2a: Gyarados|Gyarados, M|332\/332
|move|p1a: Gliscor|Substitute|p1a: Gliscor
|-start|p1a: Gliscor|Substitute
|-damage|p1a: Gliscor|202\/354 tox
|
|-heal|p1a: Gliscor|246\/354 tox|[from] ability: Poison Heal
|turn|15
|
|-formechange|p2a: Gyarados|Gyarados-Mega
|message|Gyarados has Mega Evolved into Mega Gyarados!
|-ability|p2a: Gyarados|Mold Breaker
|move|p2a: Gyarados|Bounce|p1a: Gliscor|[still]
|-prepare|p2a: Gyarados|Bounce|p1a: Gliscor
|move|p1a: Gliscor|Toxic|p2a: Gyarados|[miss]
|-miss|p1a: Gliscor|p2a: Gyarados
|
|-heal|p1a: Gliscor|290\/354 tox|[from] ability: Poison Heal
|turn|16
|
|move|p1a: Gliscor|Protect|p1a: Gliscor
|-singleturn|p1a: Gliscor|Protect
|move|p2a: Gyarados|Bounce|p1a: Gliscor
|-activate|p1a: Gliscor|Protect
|
|-heal|p1a: Gliscor|334\/354 tox|[from] ability: Poison Heal
|turn|17
|
|switch|p2a: Aegislash|Aegislash, F|174\/324
|move|p1a: Gliscor|Toxic|p2a: Aegislash
|-fail|p2a: Aegislash
|
|-heal|p2a: Aegislash|194\/324|[from] item: Leftovers
|-heal|p1a: Gliscor|354\/354 tox|[from] ability: Poison Heal
|turn|18
|
|switch|p2a: Thundurus|Thundurus, M|299\/299
|move|p1a: Gliscor|Earthquake|p2a: Thundurus
|-immune|p2a: Thundurus|[msg]
|
|turn|19
|
|move|p2a: Thundurus|Taunt|p1a: Gliscor
|-start|p1a: Gliscor|move: Taunt
|cant|p1a: Gliscor|move: Taunt|Toxic
|
|turn|20
|
|switch|p1a: Chansey|Chansey, F|587\/704
|move|p2a: Thundurus|Hidden Power|p1a: Chansey
|-damage|p1a: Chansey|542\/704
|
|turn|21
|
|switch|p2a: Aegislash|Aegislash, F|194\/324
|move|p1a: Chansey|Toxic|p2a: Aegislash
|-fail|p2a: Aegislash
|
|-heal|p2a: Aegislash|214\/324|[from] item: Leftovers
|turn|22
|
|switch|p1a: Zapdos|Zapdos|167\/384
|-ability|p1a: Zapdos|Pressure
|-formechange|p2a: Aegislash|Aegislash-Blade
|move|p2a: Aegislash|Shadow Ball|p1a: Zapdos
|-damage|p1a: Zapdos|0 fnt
|faint|p1a: Zapdos
|
|-heal|p2a: Aegislash|234\/324|[from] item: Leftovers
|
|switch|p1a: Blastoise|Blastoise, M|362\/362
|-formechange|p1a: Blastoise|Blastoise-Mega
|turn|23
|
|switch|p2a: Gyarados|Gyarados, M|332\/332
|-formechange|p2a: Gyarados|Gyarados-Mega
|-ability|p2a: Gyarados|Mold Breaker
|move|p1a: Blastoise|Dark Pulse|p2a: Gyarados
|-resisted|p2a: Gyarados
|-damage|p2a: Gyarados|265\/332
|
|turn|24
|
|move|p2a: Gyarados|Dragon Dance|p2a: Gyarados
|-boost|p2a: Gyarados|atk|1
|-boost|p2a: Gyarados|spe|1
|move|p1a: Blastoise|Aura Sphere|p2a: Gyarados
|-supereffective|p2a: Gyarados
|-damage|p2a: Gyarados|0 fnt
|faint|p2a: Gyarados
|
|
|switch|p2a: Thundurus|Thundurus, M|299\/299
|turn|25
|
|switch|p1a: Gliscor|Gliscor, F|354\/354 tox
|move|p2a: Thundurus|Volt Switch|p1a: Gliscor
|-immune|p1a: Gliscor|[msg]
|
|turn|26
|
|switch|p1a: Chansey|Chansey, F|542\/704
|move|p2a: Thundurus|Hidden Power|p1a: Chansey
|-damage|p1a: Chansey|497\/704
|
|turn|27
|
|move|p2a: Thundurus|Volt Switch|p1a: Chansey
|-damage|p1a: Chansey|421\/704
|
|switch|p2a: Aegislash|Aegislash, F|234\/324
|move|p1a: Chansey|Toxic|p2a: Aegislash
|-fail|p2a: Aegislash
|
|-heal|p2a: Aegislash|254\/324|[from] item: Leftovers
|turn|28
|
|move|p1a: Chansey|Soft-Boiled|p1a: Chansey
|-heal|p1a: Chansey|704\/704
|-formechange|p2a: Aegislash|Aegislash-Blade
|move|p2a: Aegislash|Sacred Sword|p1a: Chansey
|-supereffective|p1a: Chansey
|-damage|p1a: Chansey|414\/704
|
|-heal|p2a: Aegislash|274\/324|[from] item: Leftovers
|turn|29
|
|switch|p1a: Gliscor|Gliscor, F|354\/354 tox
|move|p2a: Aegislash|Sacred Sword|p1a: Gliscor
|-resisted|p1a: Gliscor
|-damage|p1a: Gliscor|319\/354 tox
|
|-heal|p2a: Aegislash|294\/324|[from] item: Leftovers
|-heal|p1a: Gliscor|354\/354 tox|[from] ability: Poison Heal
|turn|30
|
|move|p1a: Gliscor|Substitute|p1a: Gliscor
|-start|p1a: Gliscor|Substitute
|-damage|p1a: Gliscor|266\/354 tox
|move|p2a: Aegislash|Shadow Ball|p1a: Gliscor
|-crit|p1a: Gliscor
|-end|p1a: Gliscor|Substitute
|
|-heal|p2a: Aegislash|314\/324|[from] item: Leftovers
|-heal|p1a: Gliscor|310\/354 tox|[from] ability: Poison Heal
|turn|31
|
|switch|p2a: Thundurus|Thundurus, M|299\/299
|move|p1a: Gliscor|Toxic|p2a: Thundurus|[miss]
|-miss|p1a: Gliscor|p2a: Thundurus
|
|-heal|p1a: Gliscor|354\/354 tox|[from] ability: Poison Heal
|turn|32
|
|switch|p1a: Chansey|Chansey, F|414\/704
|move|p2a: Thundurus|Taunt|p1a: Chansey
|-start|p1a: Chansey|move: Taunt
|
|turn|33
|
|move|p2a: Thundurus|Thunder Wave|p1a: Chansey
|-status|p1a: Chansey|par
|move|p1a: Chansey|Seismic Toss|p2a: Thundurus
|-damage|p2a: Thundurus|199\/299
|
|-heal|p2a: Thundurus|217\/299|[from] item: Leftovers
|turn|34
|
|move|p2a: Thundurus|Volt Switch|p1a: Chansey
|-damage|p1a: Chansey|332\/704 par
|
|switch|p2a: Aegislash|Aegislash, F|314\/324
|move|p1a: Chansey|Seismic Toss|p2a: Aegislash
|-immune|p2a: Aegislash|[msg]
|
|-heal|p2a: Aegislash|324\/324|[from] item: Leftovers
|turn|35
|
|switch|p1a: Gliscor|Gliscor, F|354\/354 tox
|-formechange|p2a: Aegislash|Aegislash-Blade
|move|p2a: Aegislash|Shadow Ball|p1a: Gliscor
|-damage|p1a: Gliscor|150\/354 tox
|
|-heal|p1a: Gliscor|194\/354 tox|[from] ability: Poison Heal
|turn|36
|
|move|p1a: Gliscor|Protect|p1a: Gliscor
|-singleturn|p1a: Gliscor|Protect
|move|p2a: Aegislash|Shadow Ball|p1a: Gliscor
|-activate|p1a: Gliscor|Protect
|
|-heal|p1a: Gliscor|238\/354 tox|[from] ability: Poison Heal
|turn|37
|
|-formechange|p2a: Aegislash|Aegislash
|move|p2a: Aegislash|King's Shield|p2a: Aegislash
|-singleturn|p2a: Aegislash|Protect
|move|p1a: Gliscor|Earthquake|p2a: Aegislash
|-activate|p2a: Aegislash|Protect
|
|-heal|p1a: Gliscor|282\/354 tox|[from] ability: Poison Heal
|turn|38
|
|move|p1a: Gliscor|Protect|p1a: Gliscor
|-singleturn|p1a: Gliscor|Protect
|-formechange|p2a: Aegislash|Aegislash-Blade
|move|p2a: Aegislash|Shadow Ball|p1a: Gliscor
|-activate|p1a: Gliscor|Protect
|
|-heal|p1a: Gliscor|326\/354 tox|[from] ability: Poison Heal
|turn|39
|
|switch|p2a: Thundurus|Thundurus, M|217\/299
|move|p1a: Gliscor|Substitute|p1a: Gliscor
|-start|p1a: Gliscor|Substitute
|-damage|p1a: Gliscor|238\/354 tox
|
|-heal|p2a: Thundurus|235\/299|[from] item: Leftovers
|-heal|p1a: Gliscor|282\/354 tox|[from] ability: Poison Heal
|turn|40
|
|move|p2a: Thundurus|Taunt|p1a: Gliscor
|-start|p1a: Gliscor|move: Taunt
|cant|p1a: Gliscor|move: Taunt|Toxic
|
|-heal|p2a: Thundurus|253\/299|[from] item: Leftovers
|-heal|p1a: Gliscor|326\/354 tox|[from] ability: Poison Heal
|turn|41
|
|move|p2a: Thundurus|Hidden Power|p1a: Gliscor
|-supereffective|p1a: Gliscor
|-end|p1a: Gliscor|Substitute
|move|p1a: Gliscor|Earthquake|p2a: Thundurus
|-immune|p2a: Thundurus|[msg]
|
|-heal|p2a: Thundurus|271\/299|[from] item: Leftovers
|-heal|p1a: Gliscor|354\/354 tox|[from] ability: Poison Heal
|turn|42
|
|switch|p1a: Chansey|Chansey, F|332\/704
|move|p2a: Thundurus|Hidden Power|p1a: Chansey
|-damage|p1a: Chansey|283\/704
|
|-heal|p2a: Thundurus|289\/299|[from] item: Leftovers
|turn|43
|
|move|p2a: Thundurus|Taunt|p1a: Chansey
|-start|p1a: Chansey|move: Taunt
|cant|p1a: Chansey|move: Taunt|Soft-Boiled
|
|-heal|p2a: Thundurus|299\/299|[from] item: Leftovers
|turn|44
|
|switch|p1a: Gliscor|Gliscor, F|354\/354 tox
|move|p2a: Thundurus|Volt Switch|p1a: Gliscor
|-immune|p1a: Gliscor|[msg]
|
|turn|45
|
|switch|p1a: Lucario|Lucario, F|245\/281
|move|p2a: Thundurus|Hidden Power|p1a: Lucario
|-crit|p1a: Lucario
|-resisted|p1a: Lucario
|-damage|p1a: Lucario|176\/281
|
|turn|46
|
|move|p1a: Lucario|Extreme Speed|p2a: Thundurus
|-damage|p2a: Thundurus|150\/299
|-damage|p1a: Lucario|148\/281|[from] item: Life Orb
|move|p2a: Thundurus|Thunder Wave|p1a: Lucario
|-status|p1a: Lucario|par
|
|-heal|p2a: Thundurus|168\/299|[from] item: Leftovers
|turn|47
|
|switch|p2a: Aegislash|Aegislash, F|324\/324
|move|p1a: Lucario|Extreme Speed|p2a: Aegislash
|-immune|p2a: Aegislash|[msg]
|
|turn|48
|
|switch|p1a: Chansey|Chansey, F|283\/704
|-formechange|p2a: Aegislash|Aegislash-Blade
|move|p2a: Aegislash|Sacred Sword|p1a: Chansey
|-supereffective|p1a: Chansey
|-damage|p1a: Chansey|0 fnt
|faint|p1a: Chansey
|
|leave|KnightSansArmour
|player|p1
|-message|knightsansarmour lost due to inactivity.
|
|win|TyraniBoah2k14
|raw|Ladder updating...
|raw|KnightSansArmour's rating: 1458 &rarr; <strong>1436<\/strong><br \/>(-22 for losing)
|raw|TyraniBoah2k14's rating: 1426 &rarr; <strong>1448<\/strong><br \/>(+22 for winning)