|join|ifazchowdhury
|join|KnightSansArmour
|player|p1|ifazchowdhury|161
|player|p2|KnightSansArmour|208
|gametype|singles
|gen|6
|tier|OU
|rated
|clearpoke
|poke|p1|Pinsir, M
|poke|p1|Kyurem-Black
|poke|p1|Chansey, F
|poke|p1|Landorus, M
|poke|p1|Ferrothorn, F
|poke|p1|Greninja, M
|poke|p2|Gliscor, M
|poke|p2|Chansey, F
|poke|p2|Noivern, F
|poke|p2|Blastoise, M
|poke|p2|Zapdos
|poke|p2|Metagross
|rule|Swagger Clause: Swagger is banned
|rule|Baton Pass Clause: Limit one PokÃ©mon knowing Baton Pass
|rule|Sleep Clause Mod: Limit one foe put to sleep
|rule|Species Clause: Limit one of each PokÃ©mon
|rule|OHKO Clause: OHKO moves are banned
|rule|Moody Clause: Moody is banned
|rule|Evasion Moves Clause: Evasion moves are banned
|rule|Endless Battle Clause: Forcing endless battles is banned
|rule|HP Percentage Mod: HP is reported as percentages
|teampreview
|chat|KnightSansArmour|glhf
|chat|ifazchowdhury|you too :)
|
|start
|switch|p1a: Landorus|Landorus, M|320\/320
|switch|p2a: Blastoise|Blastoise, M|362\/362
|turn|1
|
|switch|p1a: Chansey|Chansey, F|704\/704
|detailschange|p2a: Blastoise|Blastoise-Mega, M
|message|Blastoise has Mega Evolved into Mega Blastoise!
|move|p2a: Blastoise|Water Pulse|p1a: Chansey
|-damage|p1a: Chansey|586\/704
|-start|p1a: Chansey|confusion
|
|turn|2
|
|switch|p2a: Gliscor|Gliscor, M|354\/354
|-activate|p1a: Chansey|confusion
|move|p1a: Chansey|Thunder Wave|p2a: Gliscor
|-immune|p2a: Gliscor|[msg]
|
|-status|p2a: Gliscor|tox|[from] item: Toxic Orb
|turn|3
|
|switch|p1a: Landorus|Landorus, M|320\/320
|move|p2a: Gliscor|Toxic|p1a: Landorus|[miss]
|-miss|p2a: Gliscor|p1a: Landorus
|
|turn|4
|
|switch|p2a: Chansey|Chansey, F|704\/704
|move|p1a: Landorus|Sludge Wave|p2a: Chansey
|-damage|p2a: Chansey|623\/704
|
|turn|5
|
|move|p1a: Landorus|Stealth Rock|p2a: Chansey
|-sidestart|p2: KnightSansArmour|move: Stealth Rock
|move|p2a: Chansey|Toxic|p1a: Landorus
|-status|p1a: Landorus|tox
|
|-damage|p1a: Landorus|300\/320 tox|[from] psn
|turn|6
|
|switch|p1a: Chansey|Chansey, F|586\/704
|move|p2a: Chansey|Seismic Toss|p1a: Chansey
|-damage|p1a: Chansey|486\/704
|
|turn|7
|
|switch|p2a: Zapdos|Zapdos|384\/384
|-damage|p2a: Zapdos|288\/384|[from] Stealth Rock
|-ability|p2a: Zapdos|Pressure
|move|p1a: Chansey|Aromatherapy|p1a: Chansey
|-cureteam|p1a: Chansey|[from] move: Aromatherapy
|
|-heal|p2a: Zapdos|312\/384|[from] item: Leftovers
|turn|8
|
|move|p2a: Zapdos|Defog|p1a: Chansey
|-unboost|p1a: Chansey|evasion|1
|-sideend|p2: KnightSansArmour|Stealth Rock|[from] move: Defog|[of] p2a: Zapdos
|move|p1a: Chansey|Seismic Toss|p2a: Zapdos
|-damage|p2a: Zapdos|212\/384
|
|-heal|p2a: Zapdos|236\/384|[from] item: Leftovers
|turn|9
|
|move|p2a: Zapdos|Roost|p2a: Zapdos
|-heal|p2a: Zapdos|384\/384
|move|p1a: Chansey|Seismic Toss|p2a: Zapdos
|-damage|p2a: Zapdos|284\/384
|
|-heal|p2a: Zapdos|308\/384|[from] item: Leftovers
|turn|10
|
|move|p2a: Zapdos|Heat Wave|p1a: Chansey
|-damage|p1a: Chansey|408\/704
|move|p1a: Chansey|Seismic Toss|p2a: Zapdos
|-damage|p2a: Zapdos|208\/384
|
|-heal|p2a: Zapdos|232\/384|[from] item: Leftovers
|turn|11
|
|switch|p2a: Chansey|Chansey, F|623\/704
|move|p1a: Chansey|Soft-Boiled|p1a: Chansey
|-heal|p1a: Chansey|704\/704
|
|turn|12
|
|move|p1a: Chansey|Thunder Wave|p2a: Chansey
|-status|p2a: Chansey|par
|move|p2a: Chansey|Toxic|p1a: Chansey
|-status|p1a: Chansey|tox
|
|-damage|p1a: Chansey|660\/704 tox|[from] psn
|turn|13
|
|switch|p1a: Pinsir|Pinsir, M|272\/272
|move|p2a: Chansey|Seismic Toss|p1a: Pinsir
|-damage|p1a: Pinsir|172\/272
|
|turn|14
|
|switch|p2a: Noivern|Noivern, F|311\/311
|detailschange|p1a: Pinsir|Pinsir-Mega, M
|message|Pinsir has Mega Evolved into Mega Pinsir!
|move|p1a: Pinsir|Swords Dance|p1a: Pinsir
|-boost|p1a: Pinsir|atk|2
|
|turn|15
|
|move|p2a: Noivern|Flamethrower|p1a: Pinsir
|-supereffective|p1a: Pinsir
|-damage|p1a: Pinsir|0 fnt
|faint|p1a: Pinsir
|
|
|switch|p1a: Kyurem-Black|Kyurem-Black|423\/423
|-ability|p1a: Kyurem-Black|Teravolt
|turn|16
|
|switch|p2a: Metagross|Metagross|364\/364
|move|p1a: Kyurem-Black|Ice Beam|p2a: Metagross
|-resisted|p2a: Metagross
|-damage|p2a: Metagross|321\/364
|
|turn|17
|
|switch|p1a: Ferrothorn|Ferrothorn, F|352\/352
|move|p2a: Metagross|Earthquake|p1a: Ferrothorn
|-damage|p1a: Ferrothorn|266\/352
|
|turn|18
|
|switch|p2a: Zapdos|Zapdos|232\/384
|-ability|p2a: Zapdos|Pressure
|move|p1a: Ferrothorn|Leech Seed|p2a: Zapdos|[miss]
|-miss|p1a: Ferrothorn|p2a: Zapdos
|
|-heal|p2a: Zapdos|256\/384|[from] item: Leftovers
|turn|19
|
|switch|p1a: Landorus|Landorus, M|300\/320
|move|p2a: Zapdos|Heat Wave|p1a: Landorus
|-damage|p1a: Landorus|161\/320
|
|-heal|p1a: Landorus|181\/320|[from] item: Leftovers
|-heal|p2a: Zapdos|280\/384|[from] item: Leftovers
|turn|20
|
|switch|p2a: Chansey|Chansey, F|623\/704
|move|p1a: Landorus|Stealth Rock|p2a: Chansey
|-sidestart|p2: KnightSansArmour|move: Stealth Rock
|
|-heal|p1a: Landorus|201\/320|[from] item: Leftovers
|turn|21
|
|switch|p1a: Ferrothorn|Ferrothorn, F|266\/352
|move|p2a: Chansey|Toxic|p1a: Ferrothorn
|-fail|p1a: Ferrothorn
|
|turn|22
|
|switch|p2a: Zapdos|Zapdos|280\/384
|-damage|p2a: Zapdos|184\/384|[from] Stealth Rock
|-ability|p2a: Zapdos|Pressure
|move|p1a: Ferrothorn|Leech Seed|p2a: Zapdos
|-start|p2a: Zapdos|move: Leech Seed
|
|-heal|p2a: Zapdos|208\/384|[from] item: Leftovers
|-damage|p2a: Zapdos|160\/384|[from] Leech Seed|[of] p1a: Ferrothorn
|-heal|p1a: Ferrothorn|314\/352|[silent]
|turn|23
|
|switch|p1a: Landorus|Landorus, M|201\/320
|move|p2a: Zapdos|Defog|p1a: Landorus
|-unboost|p1a: Landorus|evasion|1
|-sideend|p2: KnightSansArmour|Stealth Rock|[from] move: Defog|[of] p2a: Zapdos
|
|-heal|p1a: Landorus|221\/320|[from] item: Leftovers
|-heal|p2a: Zapdos|184\/384|[from] item: Leftovers
|-damage|p2a: Zapdos|136\/384|[from] Leech Seed|[of] p1a: Landorus
|-heal|p1a: Landorus|269\/320|[silent]
|turn|24
|
|switch|p2a: Blastoise|Blastoise-Mega, M|362\/362
|move|p1a: Landorus|Stealth Rock|p2a: Blastoise
|-sidestart|p2: KnightSansArmour|move: Stealth Rock
|
|-heal|p1a: Landorus|289\/320|[from] item: Leftovers
|turn|25
|
|switch|p1a: Chansey|Chansey, F|660\/704
|move|p2a: Blastoise|Rapid Spin|p1a: Chansey
|-damage|p1a: Chansey|639\/704
|-sideend|p2: KnightSansArmour|Stealth Rock|[from] move: Rapid Spin|[of] p2a: Blastoise
|
|turn|26
|
|switch|p2a: Gliscor|Gliscor, M|354\/354 tox
|move|p1a: Chansey|Thunder Wave|p2a: Gliscor
|-immune|p2a: Gliscor|[msg]
|
|turn|27
|
|move|p2a: Gliscor|Toxic|p1a: Chansey
|-status|p1a: Chansey|tox
|move|p1a: Chansey|Seismic Toss|p2a: Gliscor
|-damage|p2a: Gliscor|254\/354 tox
|
|-heal|p2a: Gliscor|298\/354 tox|[from] ability: Poison Heal
|-damage|p1a: Chansey|595\/704 tox|[from] psn
|turn|28
|
|switch|p1a: Ferrothorn|Ferrothorn, F|314\/352
|move|p2a: Gliscor|Substitute|p2a: Gliscor
|-start|p2a: Gliscor|Substitute
|-damage|p2a: Gliscor|210\/354 tox
|
|-heal|p2a: Gliscor|254\/354 tox|[from] ability: Poison Heal
|turn|29
|
|switch|p2a: Zapdos|Zapdos|136\/384
|-ability|p2a: Zapdos|Pressure
|move|p1a: Ferrothorn|Substitute|p1a: Ferrothorn
|-start|p1a: Ferrothorn|Substitute
|-damage|p1a: Ferrothorn|226\/352
|
|-heal|p2a: Zapdos|160\/384|[from] item: Leftovers
|turn|30
|
|move|p2a: Zapdos|Heat Wave|p1a: Ferrothorn
|-supereffective|p1a: Ferrothorn
|-end|p1a: Ferrothorn|Substitute
|move|p1a: Ferrothorn|Leech Seed|p2a: Zapdos
|-start|p2a: Zapdos|move: Leech Seed
|
|-heal|p2a: Zapdos|184\/384|[from] item: Leftovers
|-damage|p2a: Zapdos|136\/384|[from] Leech Seed|[of] p1a: Ferrothorn
|-heal|p1a: Ferrothorn|274\/352|[silent]
|turn|31
|
|switch|p1a: Chansey|Chansey, F|595\/704
|move|p2a: Zapdos|Roost|p2a: Zapdos
|-heal|p2a: Zapdos|328\/384
|
|-heal|p2a: Zapdos|352\/384|[from] item: Leftovers
|-damage|p2a: Zapdos|304\/384|[from] Leech Seed|[of] p1a: Chansey
|-heal|p1a: Chansey|643\/704|[silent]
|turn|32
|
|switch|p2a: Gliscor|Gliscor, M|254\/354 tox
|move|p1a: Chansey|Seismic Toss|p2a: Gliscor
|-damage|p2a: Gliscor|154\/354 tox
|
|-heal|p2a: Gliscor|198\/354 tox|[from] ability: Poison Heal
|turn|33
|
|move|p2a: Gliscor|Protect|p2a: Gliscor
|-singleturn|p2a: Gliscor|Protect
|move|p1a: Chansey|Aromatherapy|p1a: Chansey
|-cureteam|p1a: Chansey|[from] move: Aromatherapy
|
|-heal|p2a: Gliscor|242\/354 tox|[from] ability: Poison Heal
|turn|34
|
|move|p2a: Gliscor|Toxic|p1a: Chansey
|-status|p1a: Chansey|tox
|move|p1a: Chansey|Seismic Toss|p2a: Gliscor
|-damage|p2a: Gliscor|142\/354 tox
|
|-heal|p2a: Gliscor|186\/354 tox|[from] ability: Poison Heal
|-damage|p1a: Chansey|599\/704 tox|[from] psn
|turn|35
|
|switch|p1a: Ferrothorn|Ferrothorn, F|274\/352
|move|p2a: Gliscor|Protect|p2a: Gliscor
|-fail|p2a: Gliscor
|
|-heal|p2a: Gliscor|230\/354 tox|[from] ability: Poison Heal
|turn|36
|
|switch|p2a: Zapdos|Zapdos|304\/384
|-ability|p2a: Zapdos|Pressure
|move|p1a: Ferrothorn|Leech Seed|p2a: Zapdos
|-start|p2a: Zapdos|move: Leech Seed
|
|-heal|p2a: Zapdos|328\/384|[from] item: Leftovers
|-damage|p2a: Zapdos|280\/384|[from] Leech Seed|[of] p1a: Ferrothorn
|-heal|p1a: Ferrothorn|322\/352|[silent]
|turn|37
|
|switch|p2a: Gliscor|Gliscor, M|230\/354 tox
|switch|p1a: Chansey|Chansey, F|599\/704
|
|-heal|p2a: Gliscor|274\/354 tox|[from] ability: Poison Heal
|turn|38
|
|move|p2a: Gliscor|Earthquake|p1a: Chansey
|-damage|p1a: Chansey|437\/704
|move|p1a: Chansey|Seismic Toss|p2a: Gliscor
|-damage|p2a: Gliscor|174\/354 tox
|
|-heal|p2a: Gliscor|218\/354 tox|[from] ability: Poison Heal
|turn|39
|
|switch|p1a: Greninja|Greninja, M|286\/286
|move|p2a: Gliscor|Toxic|p1a: Greninja
|-status|p1a: Greninja|tox
|
|-damage|p1a: Greninja|269\/286 tox|[from] psn
|-heal|p2a: Gliscor|262\/354 tox|[from] ability: Poison Heal
|turn|40
|
|switch|p1a: Chansey|Chansey, F|437\/704
|move|p2a: Gliscor|Protect|p2a: Gliscor
|-fail|p2a: Gliscor
|
|-heal|p2a: Gliscor|306\/354 tox|[from] ability: Poison Heal
|turn|41
|
|move|p2a: Gliscor|Earthquake|p1a: Chansey
|-damage|p1a: Chansey|292\/704
|move|p1a: Chansey|Aromatherapy|p1a: Chansey
|-cureteam|p1a: Chansey|[from] move: Aromatherapy
|
|-heal|p2a: Gliscor|350\/354 tox|[from] ability: Poison Heal
|turn|42
|
|move|p2a: Gliscor|Toxic|p1a: Chansey
|-status|p1a: Chansey|tox
|move|p1a: Chansey|Soft-Boiled|p1a: Chansey
|-heal|p1a: Chansey|644\/704 tox
|
|-heal|p2a: Gliscor|354\/354 tox|[from] ability: Poison Heal
|-damage|p1a: Chansey|600\/704 tox|[from] psn
|turn|43
|
|switch|p1a: Landorus|Landorus, M|289\/320
|move|p2a: Gliscor|Earthquake|p1a: Landorus
|-immune|p1a: Landorus|[msg]
|
|-heal|p1a: Landorus|309\/320|[from] item: Leftovers
|turn|44
|
|switch|p2a: Blastoise|Blastoise-Mega, M|362\/362
|move|p1a: Landorus|Stealth Rock|p2a: Blastoise
|-sidestart|p2: KnightSansArmour|move: Stealth Rock
|
|-heal|p1a: Landorus|320\/320|[from] item: Leftovers
|turn|45
|
|move|p1a: Landorus|Earth Power|p2a: Blastoise
|-damage|p2a: Blastoise|197\/362
|move|p2a: Blastoise|Rapid Spin|p1a: Landorus
|-damage|p1a: Landorus|303\/320
|-sideend|p2: KnightSansArmour|Stealth Rock|[from] move: Rapid Spin|[of] p2a: Blastoise
|
|-heal|p1a: Landorus|320\/320|[from] item: Leftovers
|turn|46
|
|switch|p1a: Chansey|Chansey, F|600\/704
|move|p2a: Blastoise|Water Pulse|p1a: Chansey
|-damage|p1a: Chansey|492\/704
|
|turn|47
|
|switch|p2a: Gliscor|Gliscor, M|354\/354 tox
|switch|p1a: Kyurem-Black|Kyurem-Black|423\/423
|-ability|p1a: Kyurem-Black|Teravolt
|
|turn|48
|
|switch|p2a: Metagross|Metagross|321\/364
|move|p1a: Kyurem-Black|Ice Beam|p2a: Metagross
|-resisted|p2a: Metagross
|-damage|p2a: Metagross|280\/364
|
|turn|49
|
|switch|p1a: Landorus|Landorus, M|320\/320
|move|p2a: Metagross|Meteor Mash|p1a: Landorus
|-damage|p1a: Landorus|113\/320
|
|-heal|p1a: Landorus|133\/320|[from] item: Leftovers
|turn|50
|
|switch|p2a: Blastoise|Blastoise-Mega, M|197\/362
|move|p1a: Landorus|Earth Power|p2a: Blastoise
|-damage|p2a: Blastoise|19\/362
|
|-heal|p1a: Landorus|153\/320|[from] item: Leftovers
|turn|51
|
|move|p1a: Landorus|Sludge Wave|p2a: Blastoise
|-damage|p2a: Blastoise|0 fnt
|faint|p2a: Blastoise
|
|-heal|p1a: Landorus|173\/320|[from] item: Leftovers
|
|switch|p2a: Noivern|Noivern, F|311\/311
|turn|52
|
|switch|p1a: Chansey|Chansey, F|492\/704
|move|p2a: Noivern|Boomburst|p1a: Chansey
|-damage|p1a: Chansey|373\/704
|
|turn|53
|
|switch|p2a: Gliscor|Gliscor, M|354\/354 tox
|switch|p1a: Landorus|Landorus, M|173\/320
|
|-heal|p1a: Landorus|193\/320|[from] item: Leftovers
|turn|54
|
|move|p1a: Landorus|Sludge Wave|p2a: Gliscor
|-resisted|p2a: Gliscor
|-damage|p2a: Gliscor|269\/354 tox
|move|p2a: Gliscor|Toxic|p1a: Landorus
|-status|p1a: Landorus|tox
|
|-heal|p1a: Landorus|213\/320 tox|[from] item: Leftovers
|-damage|p1a: Landorus|193\/320 tox|[from] psn
|-heal|p2a: Gliscor|313\/354 tox|[from] ability: Poison Heal
|turn|55
|
|switch|p1a: Chansey|Chansey, F|373\/704
|move|p2a: Gliscor|Protect|p2a: Gliscor
|-fail|p2a: Gliscor
|
|-heal|p2a: Gliscor|354\/354 tox|[from] ability: Poison Heal
|turn|56
|
|move|p2a: Gliscor|Toxic|p1a: Chansey
|-status|p1a: Chansey|tox
|move|p1a: Chansey|Aromatherapy|p1a: Chansey
|-cureteam|p1a: Chansey|[from] move: Aromatherapy
|
|turn|57
|
|switch|p1a: Ferrothorn|Ferrothorn, F|322\/352
|move|p2a: Gliscor|Toxic|p1a: Ferrothorn
|-fail|p1a: Ferrothorn
|
|turn|58
|
|switch|p2a: Zapdos|Zapdos|280\/384
|-ability|p2a: Zapdos|Pressure
|move|p1a: Ferrothorn|Leech Seed|p2a: Zapdos
|-start|p2a: Zapdos|move: Leech Seed
|
|-heal|p2a: Zapdos|304\/384|[from] item: Leftovers
|-damage|p2a: Zapdos|256\/384|[from] Leech Seed|[of] p1a: Ferrothorn
|-heal|p1a: Ferrothorn|352\/352|[silent]
|turn|59
|
|switch|p1a: Chansey|Chansey, F|373\/704
|move|p2a: Zapdos|Heat Wave|p1a: Chansey
|-damage|p1a: Chansey|300\/704
|
|-heal|p2a: Zapdos|280\/384|[from] item: Leftovers
|-damage|p2a: Zapdos|232\/384|[from] Leech Seed|[of] p1a: Chansey
|-heal|p1a: Chansey|348\/704|[silent]
|turn|60
|
|switch|p2a: Gliscor|Gliscor, M|354\/354 tox
|switch|p1a: Kyurem-Black|Kyurem-Black|423\/423
|-ability|p1a: Kyurem-Black|Teravolt
|
|turn|61
|
|switch|p2a: Metagross|Metagross|280\/364
|move|p1a: Kyurem-Black|Fusion Bolt|p2a: Metagross
|-damage|p2a: Metagross|145\/364
|
|turn|62
|
|switch|p1a: Ferrothorn|Ferrothorn, F|352\/352
|move|p2a: Metagross|Earthquake|p1a: Ferrothorn
|-damage|p1a: Ferrothorn|262\/352
|
|turn|63
|
|switch|p2a: Zapdos|Zapdos|232\/384
|-ability|p2a: Zapdos|Pressure
|move|p1a: Ferrothorn|Leech Seed|p2a: Zapdos
|-start|p2a: Zapdos|move: Leech Seed
|
|-heal|p2a: Zapdos|256\/384|[from] item: Leftovers
|-damage|p2a: Zapdos|208\/384|[from] Leech Seed|[of] p1a: Ferrothorn
|-heal|p1a: Ferrothorn|310\/352|[silent]
|turn|64
|
|switch|p1a: Chansey|Chansey, F|348\/704
|move|p2a: Zapdos|Roost|p2a: Zapdos
|-heal|p2a: Zapdos|384\/384
|
|-damage|p2a: Zapdos|336\/384|[from] Leech Seed|[of] p1a: Chansey
|-heal|p1a: Chansey|396\/704|[silent]
|turn|65
|
|switch|p2a: Gliscor|Gliscor, M|354\/354 tox
|switch|p1a: Kyurem-Black|Kyurem-Black|423\/423
|-ability|p1a: Kyurem-Black|Teravolt
|
|turn|66
|
|switch|p2a: Chansey|Chansey, F|623\/704
|move|p1a: Kyurem-Black|Ice Beam|p2a: Chansey
|-damage|p2a: Chansey|556\/704
|
|turn|67
|
|switch|p1a: Ferrothorn|Ferrothorn, F|310\/352
|move|p2a: Chansey|Toxic|p1a: Ferrothorn
|-fail|p1a: Ferrothorn
|
|turn|68
|
|switch|p2a: Zapdos|Zapdos|336\/384
|-ability|p2a: Zapdos|Pressure
|switch|p1a: Kyurem-Black|Kyurem-Black|423\/423
|-ability|p1a: Kyurem-Black|Teravolt
|
|-heal|p2a: Zapdos|360\/384|[from] item: Leftovers
|turn|69
|
|switch|p2a: Chansey|Chansey, F|556\/704
|move|p1a: Kyurem-Black|Outrage|p2a: Chansey
|-damage|p2a: Chansey|187\/704
|
|turn|70
|
|switch|p2a: Gliscor|Gliscor, M|354\/354 tox
|move|p1a: Kyurem-Black|Outrage|p2a: Gliscor
|-damage|p2a: Gliscor|171\/354 tox
|
|-end|p1a: Kyurem-Black|rampage
|-start|p1a: Kyurem-Black|confusion
|-heal|p2a: Gliscor|215\/354 tox|[from] ability: Poison Heal
|turn|71
|
|switch|p1a: Landorus|Landorus, M|193\/320
|move|p2a: Gliscor|Toxic|p1a: Landorus
|-status|p1a: Landorus|tox
|
|-heal|p1a: Landorus|213\/320 tox|[from] item: Leftovers
|-damage|p1a: Landorus|193\/320 tox|[from] psn
|-heal|p2a: Gliscor|259\/354 tox|[from] ability: Poison Heal
|turn|72
|
|move|p2a: Gliscor|Protect|p2a: Gliscor
|-singleturn|p2a: Gliscor|Protect
|move|p1a: Landorus|Stealth Rock|p2a: Gliscor
|-sidestart|p2: KnightSansArmour|move: Stealth Rock
|
|-heal|p1a: Landorus|213\/320 tox|[from] item: Leftovers
|-damage|p1a: Landorus|173\/320 tox|[from] psn
|-heal|p2a: Gliscor|303\/354 tox|[from] ability: Poison Heal
|turn|73
|
|move|p1a: Landorus|Psychic|p2a: Gliscor
|-damage|p2a: Gliscor|142\/354 tox
|move|p2a: Gliscor|Substitute|p2a: Gliscor
|-start|p2a: Gliscor|Substitute
|-damage|p2a: Gliscor|54\/354 tox
|
|-heal|p1a: Landorus|193\/320 tox|[from] item: Leftovers
|-damage|p1a: Landorus|133\/320 tox|[from] psn
|-heal|p2a: Gliscor|98\/354 tox|[from] ability: Poison Heal
|turn|74
|
|move|p2a: Gliscor|Protect|p2a: Gliscor
|-singleturn|p2a: Gliscor|Protect
|move|p1a: Landorus|Psychic|p2a: Gliscor
|-activate|p2a: Gliscor|Protect
|
|-heal|p1a: Landorus|153\/320 tox|[from] item: Leftovers
|-damage|p1a: Landorus|73\/320 tox|[from] psn
|-heal|p2a: Gliscor|142\/354 tox|[from] ability: Poison Heal
|turn|75
|
|move|p1a: Landorus|Psychic|p2a: Gliscor
|-end|p2a: Gliscor|Substitute
|move|p2a: Gliscor|Substitute|p2a: Gliscor
|-start|p2a: Gliscor|Substitute
|-damage|p2a: Gliscor|54\/354 tox
|
|-heal|p1a: Landorus|93\/320 tox|[from] item: Leftovers
|-damage|p1a: Landorus|0 fnt|[from] psn
|-heal|p2a: Gliscor|98\/354 tox|[from] ability: Poison Heal
|faint|p1a: Landorus
|
|switch|p1a: Chansey|Chansey, F|396\/704
|turn|76
|
|move|p2a: Gliscor|Earthquake|p1a: Chansey
|-damage|p1a: Chansey|243\/704
|move|p1a: Chansey|Soft-Boiled|p1a: Chansey
|-heal|p1a: Chansey|595\/704
|
|-heal|p2a: Gliscor|142\/354 tox|[from] ability: Poison Heal
|turn|77
|
|move|p2a: Gliscor|Toxic|p1a: Chansey
|-status|p1a: Chansey|tox
|move|p1a: Chansey|Seismic Toss|p2a: Gliscor
|-end|p2a: Gliscor|Substitute
|
|-heal|p2a: Gliscor|186\/354 tox|[from] ability: Poison Heal
|-damage|p1a: Chansey|551\/704 tox|[from] psn
|turn|78
|
|move|p2a: Gliscor|Protect|p2a: Gliscor
|-singleturn|p2a: Gliscor|Protect
|move|p1a: Chansey|Seismic Toss|p2a: Gliscor
|-activate|p2a: Gliscor|Protect
|
|-heal|p2a: Gliscor|230\/354 tox|[from] ability: Poison Heal
|-damage|p1a: Chansey|463\/704 tox|[from] psn
|turn|79
|
|move|p2a: Gliscor|Earthquake|p1a: Chansey
|-damage|p1a: Chansey|324\/704 tox
|move|p1a: Chansey|Aromatherapy|p1a: Chansey
|-cureteam|p1a: Chansey|[from] move: Aromatherapy
|
|-heal|p2a: Gliscor|274\/354 tox|[from] ability: Poison Heal
|turn|80
|
|switch|p1a: Kyurem-Black|Kyurem-Black|423\/423
|-ability|p1a: Kyurem-Black|Teravolt
|move|p2a: Gliscor|Earthquake|p1a: Kyurem-Black
|-damage|p1a: Kyurem-Black|320\/423
|
|-heal|p2a: Gliscor|318\/354 tox|[from] ability: Poison Heal
|turn|81
|
|switch|p2a: Metagross|Metagross|145\/364
|-damage|p2a: Metagross|123\/364|[from] Stealth Rock
|move|p1a: Kyurem-Black|Ice Beam|p2a: Metagross
|-crit|p2a: Metagross
|-resisted|p2a: Metagross
|-damage|p2a: Metagross|61\/364
|
|turn|82
|
|switch|p1a: Ferrothorn|Ferrothorn, F|310\/352
|move|p2a: Metagross|Meteor Mash|p1a: Ferrothorn
|-resisted|p1a: Ferrothorn
|-damage|p1a: Ferrothorn|247\/352
|-damage|p2a: Metagross|16\/364|[from] ability: Iron Barbs|[of] p1a: Ferrothorn
|-damage|p2a: Metagross|0 fnt|[from] item: Rocky Helmet|[of] p1a: Ferrothorn
|faint|p2a: Metagross
|
|
|switch|p2a: Zapdos|Zapdos|360\/384
|-damage|p2a: Zapdos|264\/384|[from] Stealth Rock
|-ability|p2a: Zapdos|Pressure
|turn|83
|
|switch|p1a: Chansey|Chansey, F|324\/704
|move|p2a: Zapdos|Defog|p1a: Chansey
|-unboost|p1a: Chansey|evasion|1
|-sideend|p2: KnightSansArmour|Stealth Rock|[from] move: Defog|[of] p2a: Zapdos
|
|-heal|p2a: Zapdos|288\/384|[from] item: Leftovers
|turn|84
|
|switch|p2a: Chansey|Chansey, F|187\/704
|switch|p1a: Greninja|Greninja, M|269\/286
|
|turn|85
|
|switch|p1a: Kyurem-Black|Kyurem-Black|320\/423
|-ability|p1a: Kyurem-Black|Teravolt
|move|p2a: Chansey|Soft-Boiled|p2a: Chansey
|-heal|p2a: Chansey|539\/704
|
|turn|86
|
|move|p1a: Kyurem-Black|Outrage|p2a: Chansey
|-damage|p2a: Chansey|137\/704
|move|p2a: Chansey|Soft-Boiled|p2a: Chansey
|-heal|p2a: Chansey|489\/704
|
|turn|87
|
|switch|p2a: Gliscor|Gliscor, M|318\/354 tox
|move|p1a: Kyurem-Black|Outrage|p2a: Gliscor
|-damage|p2a: Gliscor|126\/354 tox
|
|-end|p1a: Kyurem-Black|rampage
|-start|p1a: Kyurem-Black|confusion
|-heal|p2a: Gliscor|170\/354 tox|[from] ability: Poison Heal
|turn|88
|
|switch|p1a: Ferrothorn|Ferrothorn, F|247\/352
|move|p2a: Gliscor|Protect|p2a: Gliscor
|-fail|p2a: Gliscor
|
|-heal|p2a: Gliscor|214\/354 tox|[from] ability: Poison Heal
|turn|89
|
|move|p2a: Gliscor|Earthquake|p1a: Ferrothorn
|-damage|p1a: Ferrothorn|168\/352
|move|p1a: Ferrothorn|Power Whip|p2a: Gliscor
|-damage|p2a: Gliscor|130\/354 tox
|
|-heal|p2a: Gliscor|174\/354 tox|[from] ability: Poison Heal
|turn|90
|
|switch|p2a: Zapdos|Zapdos|288\/384
|-ability|p2a: Zapdos|Pressure
|move|p1a: Ferrothorn|Power Whip|p2a: Zapdos
|-resisted|p2a: Zapdos
|-damage|p2a: Zapdos|208\/384
|
|-heal|p2a: Zapdos|232\/384|[from] item: Leftovers
|turn|91
|
|move|p2a: Zapdos|Roost|p2a: Zapdos
|-heal|p2a: Zapdos|384\/384
|move|p1a: Ferrothorn|Power Whip|p2a: Zapdos
|-damage|p2a: Zapdos|239\/384
|
|-heal|p2a: Zapdos|263\/384|[from] item: Leftovers
|turn|92
|
|move|p2a: Zapdos|Heat Wave|p1a: Ferrothorn
|-supereffective|p1a: Ferrothorn
|-damage|p1a: Ferrothorn|0 fnt
|faint|p1a: Ferrothorn
|
|-heal|p2a: Zapdos|287\/384|[from] item: Leftovers
|
|switch|p1a: Kyurem-Black|Kyurem-Black|320\/423
|-ability|p1a: Kyurem-Black|Teravolt
|turn|93
|chat|KnightSansArmour|giving up?
|
|move|p1a: Kyurem-Black|Outrage|p2a: Zapdos
|-damage|p2a: Zapdos|0 fnt
|faint|p2a: Zapdos
|
|
|switch|p2a: Noivern|Noivern, F|311\/311
|turn|94
|
|move|p1a: Kyurem-Black|Outrage|p2a: Noivern
|-crit|p2a: Noivern
|-supereffective|p2a: Noivern
|-damage|p2a: Noivern|0 fnt
|faint|p2a: Noivern
|
|
|switch|p2a: Chansey|Chansey, F|489\/704
|turn|95
|
|move|p1a: Kyurem-Black|Outrage|p2a: Chansey
|-damage|p2a: Chansey|125\/704
|move|p2a: Chansey|Toxic|p1a: Kyurem-Black
|-status|p1a: Kyurem-Black|tox
|
|-end|p1a: Kyurem-Black|rampage
|-start|p1a: Kyurem-Black|confusion
|-damage|p1a: Kyurem-Black|294\/423 tox|[from] psn
|turn|96
|
|-activate|p1a: Kyurem-Black|confusion
|-damage|p1a: Kyurem-Black|227\/423 tox|[from] confusion
|move|p2a: Chansey|Soft-Boiled|p2a: Chansey
|-heal|p2a: Chansey|477\/704
|
|-damage|p1a: Kyurem-Black|175\/423 tox|[from] psn
|turn|97
|
|switch|p1a: Chansey|Chansey, F|324\/704
|move|p2a: Chansey|Soft-Boiled|p2a: Chansey
|-heal|p2a: Chansey|704\/704
|
|turn|98
|
|move|p2a: Chansey|Toxic|p1a: Chansey
|-status|p1a: Chansey|tox
|move|p1a: Chansey|Soft-Boiled|p1a: Chansey
|-heal|p1a: Chansey|676\/704 tox
|
|-damage|p1a: Chansey|632\/704 tox|[from] psn
|turn|99
|
|move|p2a: Chansey|Seismic Toss|p1a: Chansey
|-damage|p1a: Chansey|532\/704 tox
|move|p1a: Chansey|Aromatherapy|p1a: Chansey
|-cureteam|p1a: Chansey|[from] move: Aromatherapy
|
|turn|100
|
|move|p2a: Chansey|Toxic|p1a: Chansey
|-status|p1a: Chansey|tox
|move|p1a: Chansey|Thunder Wave|p2a: Chansey
|-status|p2a: Chansey|par
|
|-damage|p1a: Chansey|488\/704 tox|[from] psn
|turn|101
|
|switch|p1a: Kyurem-Black|Kyurem-Black|175\/423
|-ability|p1a: Kyurem-Black|Teravolt
|switch|p2a: Gliscor|Gliscor, M|174\/354 tox
|
|-heal|p2a: Gliscor|218\/354 tox|[from] ability: Poison Heal
|turn|102
|
|switch|p2a: Chansey|Chansey, F|704\/704
|move|p1a: Kyurem-Black|Outrage|p2a: Chansey
|-damage|p2a: Chansey|323\/704
|
|turn|103
|
|switch|p2a: Gliscor|Gliscor, M|218\/354 tox
|move|p1a: Kyurem-Black|Outrage|p2a: Gliscor
|-damage|p2a: Gliscor|26\/354 tox
|
|-end|p1a: Kyurem-Black|rampage
|-start|p1a: Kyurem-Black|confusion
|-heal|p2a: Gliscor|70\/354 tox|[from] ability: Poison Heal
|turn|104
|
|-activate|p1a: Kyurem-Black|confusion
|move|p1a: Kyurem-Black|Outrage|p2a: Gliscor
|-damage|p2a: Gliscor|0 fnt
|faint|p2a: Gliscor
|
|
|switch|p2a: Chansey|Chansey, F|323\/704
|turn|105
|
|-activate|p1a: Kyurem-Black|confusion
|move|p1a: Kyurem-Black|Outrage|p2a: Chansey
|-damage|p2a: Chansey|0 fnt
|faint|p2a: Chansey
|
|win|ifazchowdhury
|raw|Ladder updating...
|raw|ifazchowdhury's rating: 1503 &rarr; <strong>1525<\/strong><br \/>(+22 for winning)
|raw|KnightSansArmour's rating: 1553 &rarr; <strong>1531<\/strong><br \/>(-22 for losing)
|chat|ifazchowdhury|105 turns
|chat|ifazchowdhury|gg
|chat|KnightSansArmour|gg