|join|KnightSansArmour
|join|Batwings
|player|p1|KnightSansArmour|265
|player|p2|Batwings|164
|gametype|singles
|gen|6
|tier|OU
|rated
|clearpoke
|poke|p1|Gliscor, M
|poke|p1|Chansey, F
|poke|p1|Noivern, M
|poke|p1|Blastoise, F
|poke|p1|Heatran, F
|poke|p1|Zapdos
|poke|p2|Ditto
|poke|p2|Heatran, M
|poke|p2|Breloom, M
|poke|p2|Gliscor, F
|poke|p2|Blissey, F
|poke|p2|Kyurem-Black
|rule|Sleep Clause Mod: Limit one foe put to sleep
|rule|Species Clause: Limit one of each Pokemon
|rule|OHKO Clause: OHKO moves are banned
|rule|Moody Clause: Moody is banned
|rule|Evasion Moves Clause: Evasion moves are banned
|rule|Endless Battle Clause: Forcing endless battles is banned.
|rule|HP Percentage Mod: HP is reported as percentages
|teampreview
|
|start
|switch|p1a: Heatran|Heatran, F|386\/386
|switch|p2a: Kyurem-Black|Kyurem-Black|391\/391
|-ability|p2a: Kyurem-Black|Teravolt
|turn|1
|
|move|p1a: Heatran|Stealth Rock|p2a: Kyurem-Black
|-sidestart|p2: Batwings|move: Stealth Rock
|move|p2a: Kyurem-Black|Dragon Tail|p1a: Heatran
|-resisted|p1a: Heatran
|-damage|p1a: Heatran|304\/386
|drag|p1a: Gliscor|Gliscor, M|354\/354
|
|-status|p1a: Gliscor|tox|[from] item: Toxic Orb
|turn|2
|
|move|p1a: Gliscor|Protect|p1a: Gliscor
|-singleturn|p1a: Gliscor|Protect
|move|p2a: Kyurem-Black|Dragon Tail|p1a: Gliscor
|-activate|p1a: Gliscor|Protect
|
|turn|3
|
|move|p1a: Gliscor|Toxic|p2a: Kyurem-Black|[miss]
|-miss|p1a: Gliscor|p2a: Kyurem-Black
|move|p2a: Kyurem-Black|Dragon Tail|p1a: Gliscor
|-damage|p1a: Gliscor|228\/354 tox
|drag|p1a: Noivern|Noivern, M|311\/311
|
|turn|4
|
|switch|p2a: Blissey|Blissey, F|714\/714
|-damage|p2a: Blissey|625\/714|[from] Stealth Rock
|move|p1a: Noivern|Draco Meteor|p2a: Blissey
|-damage|p2a: Blissey|469\/714
|-unboost|p1a: Noivern|spa|2
|
|-heal|p2a: Blissey|513\/714|[from] item: Leftovers
|turn|5
|
|switch|p1a: Chansey|Chansey, F|704\/704
|move|p2a: Blissey|Toxic|p1a: Chansey
|-status|p1a: Chansey|tox
|
|-heal|p2a: Blissey|557\/714|[from] item: Leftovers
|-damage|p1a: Chansey|660\/704 tox|[from] psn
|turn|6
|
|switch|p2a: Kyurem-Black|Kyurem-Black|391\/391
|-damage|p2a: Kyurem-Black|294\/391|[from] Stealth Rock
|-ability|p2a: Kyurem-Black|Teravolt
|move|p1a: Chansey|Toxic|p2a: Kyurem-Black
|-status|p2a: Kyurem-Black|tox
|
|-damage|p2a: Kyurem-Black|270\/391 tox|[from] psn
|-damage|p1a: Chansey|572\/704 tox|[from] psn
|turn|7
|
|switch|p1a: Heatran|Heatran, F|304\/386
|move|p2a: Kyurem-Black|Dragon Tail|p1a: Heatran
|-resisted|p1a: Heatran
|-damage|p1a: Heatran|214\/386
|drag|p1a: Zapdos|Zapdos|384\/384
|-ability|p1a: Zapdos|Pressure
|
|-damage|p2a: Kyurem-Black|222\/391 tox|[from] psn
|turn|8
|
|move|p1a: Zapdos|Heat Wave|p2a: Kyurem-Black
|-damage|p2a: Kyurem-Black|71\/391 tox
|move|p2a: Kyurem-Black|Dragon Tail|p1a: Zapdos
|-damage|p1a: Zapdos|188\/384
|drag|p1a: Blastoise|Blastoise, F|362\/362
|
|-damage|p2a: Kyurem-Black|0 fnt|[from] psn
|faint|p2a: Kyurem-Black
|
|switch|p2a: Breloom|Breloom, M|262\/262
|-damage|p2a: Breloom|246\/262|[from] Stealth Rock
|turn|9
|
|switch|p1a: Noivern|Noivern, M|311\/311
|move|p2a: Breloom|Bullet Seed|p1a: Noivern
|-resisted|p1a: Noivern
|-damage|p1a: Noivern|286\/311
|-resisted|p1a: Noivern
|-damage|p1a: Noivern|259\/311
|-hitcount|p1a: Noivern|2
|-damage|p2a: Breloom|220\/262|[from] item: Life Orb
|
|turn|10
|
|switch|p2a: Blissey|Blissey, F|557\/714
|-damage|p2a: Blissey|468\/714|[from] Stealth Rock
|move|p1a: Noivern|Hurricane|p2a: Blissey
|-damage|p2a: Blissey|339\/714
|
|-heal|p2a: Blissey|383\/714|[from] item: Leftovers
|turn|11
|
|switch|p1a: Gliscor|Gliscor, M|228\/354 tox
|move|p2a: Blissey|Wish|p2a: Blissey
|
|-heal|p2a: Blissey|427\/714|[from] item: Leftovers
|-heal|p1a: Gliscor|272\/354 tox|[from] ability: Poison Heal
|turn|12
|
|switch|p2a: Breloom|Breloom, M|220\/262
|-damage|p2a: Breloom|204\/262|[from] Stealth Rock
|move|p1a: Gliscor|Toxic|p2a: Breloom
|-status|p2a: Breloom|tox
|
|-heal|p2a: Breloom|262\/262 tox|[from] move: Wish|[wisher] Blissey
|-damage|p2a: Breloom|246\/262 tox|[from] psn
|-heal|p1a: Gliscor|316\/354 tox|[from] ability: Poison Heal
|turn|13
|
|move|p1a: Gliscor|Protect|p1a: Gliscor
|-singleturn|p1a: Gliscor|Protect
|move|p2a: Breloom|Spore|p1a: Gliscor
|-activate|p1a: Gliscor|Protect
|
|-damage|p2a: Breloom|214\/262 tox|[from] psn
|-heal|p1a: Gliscor|354\/354 tox|[from] ability: Poison Heal
|turn|14
|
|move|p2a: Breloom|Swords Dance|p2a: Breloom
|-boost|p2a: Breloom|atk|2
|move|p1a: Gliscor|Substitute|p1a: Gliscor
|-start|p1a: Gliscor|Substitute
|-damage|p1a: Gliscor|266\/354 tox
|
|-damage|p2a: Breloom|166\/262 tox|[from] psn
|-heal|p1a: Gliscor|310\/354 tox|[from] ability: Poison Heal
|turn|15
|
|move|p1a: Gliscor|Protect|p1a: Gliscor
|-singleturn|p1a: Gliscor|Protect
|move|p2a: Breloom|Swords Dance|p2a: Breloom
|-boost|p2a: Breloom|atk|2
|
|-damage|p2a: Breloom|102\/262 tox|[from] psn
|-heal|p1a: Gliscor|354\/354 tox|[from] ability: Poison Heal
|turn|16
|
|move|p2a: Breloom|Bullet Seed|p1a: Gliscor
|-end|p1a: Gliscor|Substitute
|-damage|p1a: Gliscor|179\/354 tox
|-hitcount|p1a: Gliscor|2
|-damage|p2a: Breloom|76\/262 tox|[from] item: Life Orb
|move|p1a: Gliscor|Earthquake|p2a: Breloom
|-resisted|p2a: Breloom
|-damage|p2a: Breloom|13\/262 tox
|
|-damage|p2a: Breloom|0 fnt|[from] psn
|-heal|p1a: Gliscor|223\/354 tox|[from] ability: Poison Heal
|faint|p2a: Breloom
|
|switch|p2a: Heatran|Heatran, M|323\/323
|-damage|p2a: Heatran|283\/323|[from] Stealth Rock
|-item|p2a: Heatran|Air Balloon
|turn|17
|
|switch|p1a: Blastoise|Blastoise, F|362\/362
|move|p2a: Heatran|Eruption|p1a: Blastoise
|-resisted|p1a: Blastoise
|-damage|p1a: Blastoise|239\/362
|
|turn|18
|
|switch|p2a: Blissey|Blissey, F|427\/714
|-damage|p2a: Blissey|338\/714|[from] Stealth Rock
|-formechange|p1a: Blastoise|Blastoise-Mega
|message|Blastoise has Mega Evolved into Mega Blastoise!
|move|p1a: Blastoise|Water Pulse|p2a: Blissey
|-damage|p2a: Blissey|223\/714
|
|-heal|p2a: Blissey|267\/714|[from] item: Leftovers
|turn|19
|
|move|p1a: Blastoise|Aura Sphere|p2a: Blissey
|-supereffective|p2a: Blissey
|-damage|p2a: Blissey|85\/714
|move|p2a: Blissey|Soft-Boiled|p2a: Blissey
|-heal|p2a: Blissey|442\/714
|
|-heal|p2a: Blissey|486\/714|[from] item: Leftovers
|turn|20
|
|switch|p1a: Chansey|Chansey, F|572\/704
|move|p2a: Blissey|Toxic|p1a: Chansey
|-status|p1a: Chansey|tox
|
|-heal|p2a: Blissey|530\/714|[from] item: Leftovers
|-damage|p1a: Chansey|528\/704 tox|[from] psn
|turn|21
|
|switch|p2a: Gliscor|Gliscor, F|354\/354
|-damage|p2a: Gliscor|310\/354|[from] Stealth Rock
|move|p1a: Chansey|Toxic|p2a: Gliscor
|-status|p2a: Gliscor|tox
|
|-heal|p2a: Gliscor|354\/354 tox|[from] ability: Poison Heal
|-damage|p1a: Chansey|440\/704 tox|[from] psn
|turn|22
|
|switch|p1a: Noivern|Noivern, M|259\/311
|move|p2a: Gliscor|Stealth Rock|p1a: Noivern
|-sidestart|p1: KnightSansArmour|move: Stealth Rock
|
|turn|23
|
|switch|p2a: Blissey|Blissey, F|530\/714
|-damage|p2a: Blissey|441\/714|[from] Stealth Rock
|move|p1a: Noivern|Draco Meteor|p2a: Blissey
|-damage|p2a: Blissey|278\/714
|-unboost|p1a: Noivern|spa|2
|
|-heal|p2a: Blissey|322\/714|[from] item: Leftovers
|turn|24
|
|switch|p1a: Blastoise|Blastoise, F|239\/362
|-formechange|p1a: Blastoise|Blastoise-Mega
|-damage|p1a: Blastoise|194\/362|[from] Stealth Rock
|move|p2a: Blissey|Toxic|p1a: Blastoise
|-status|p1a: Blastoise|tox
|
|-heal|p2a: Blissey|366\/714|[from] item: Leftovers
|-damage|p1a: Blastoise|172\/362 tox|[from] psn
|turn|25
|
|move|p1a: Blastoise|Rapid Spin|p2a: Blissey
|-crit|p2a: Blissey
|-damage|p2a: Blissey|279\/714
|-sideend|p1: KnightSansArmour|Stealth Rock|[from] move: Rapid Spin|[of] p1a: Blastoise
|move|p2a: Blissey|Soft-Boiled|p2a: Blissey
|-heal|p2a: Blissey|636\/714
|
|-heal|p2a: Blissey|680\/714|[from] item: Leftovers
|-damage|p1a: Blastoise|128\/362 tox|[from] psn
|turn|26
|
|switch|p1a: Chansey|Chansey, F|440\/704
|move|p2a: Blissey|Wish|p2a: Blissey
|
|-heal|p2a: Blissey|714\/714|[from] item: Leftovers
|turn|27
|
|switch|p2a: Gliscor|Gliscor, F|354\/354 tox
|-damage|p2a: Gliscor|310\/354 tox|[from] Stealth Rock
|move|p1a: Chansey|Aromatherapy|p1a: Chansey
|-cureteam|p1a: Chansey|[from] move: Aromatherapy
|
|-heal|p2a: Gliscor|354\/354 tox|[from] move: Wish|[wisher] Blissey
|turn|28
|
|switch|p1a: Blastoise|Blastoise, F|128\/362
|-formechange|p1a: Blastoise|Blastoise-Mega
|move|p2a: Gliscor|Earthquake|p1a: Blastoise
|-damage|p1a: Blastoise|34\/362
|
|turn|29
|
|move|p2a: Gliscor|Earthquake|p1a: Blastoise
|-damage|p1a: Blastoise|0 fnt
|faint|p1a: Blastoise
|
|
|switch|p1a: Heatran|Heatran, F|214\/386
|turn|30
|
|switch|p1a: Noivern|Noivern, M|259\/311
|move|p2a: Gliscor|Earthquake|p1a: Noivern
|-immune|p1a: Noivern|[msg]
|
|turn|31
|
|switch|p1a: Chansey|Chansey, F|440\/704
|switch|p2a: Heatran|Heatran, M|283\/323
|-damage|p2a: Heatran|243\/323|[from] Stealth Rock
|-item|p2a: Heatran|Air Balloon
|
|turn|32
|
|move|p2a: Heatran|Eruption|p1a: Chansey
|-damage|p1a: Chansey|292\/704
|move|p1a: Chansey|Seismic Toss|p2a: Heatran
|-damage|p2a: Heatran|143\/323
|-enditem|p2a: Heatran|Air Balloon
|
|turn|33
|
|move|p2a: Heatran|Earth Power|p1a: Chansey
|-damage|p1a: Chansey|223\/704
|move|p1a: Chansey|Soft-Boiled|p1a: Chansey
|-heal|p1a: Chansey|575\/704
|
|turn|34
|
|switch|p2a: Gliscor|Gliscor, F|354\/354 tox
|-damage|p2a: Gliscor|310\/354 tox|[from] Stealth Rock
|move|p1a: Chansey|Seismic Toss|p2a: Gliscor
|-damage|p2a: Gliscor|210\/354 tox
|
|-heal|p2a: Gliscor|254\/354 tox|[from] ability: Poison Heal
|turn|35
|
|switch|p2a: Blissey|Blissey, F|714\/714
|-damage|p2a: Blissey|625\/714|[from] Stealth Rock
|switch|p1a: Noivern|Noivern, M|259\/311
|
|-heal|p2a: Blissey|669\/714|[from] item: Leftovers
|turn|36
|
|switch|p1a: Gliscor|Gliscor, M|223\/354
|move|p2a: Blissey|Toxic|p1a: Gliscor
|-status|p1a: Gliscor|tox
|
|-heal|p2a: Blissey|713\/714|[from] item: Leftovers
|-heal|p1a: Gliscor|267\/354 tox|[from] ability: Poison Heal
|turn|37
|
|move|p1a: Gliscor|Earthquake|p2a: Blissey
|-damage|p2a: Blissey|233\/714
|move|p2a: Blissey|Wish|p2a: Blissey
|
|-heal|p2a: Blissey|277\/714|[from] item: Leftovers
|-heal|p1a: Gliscor|311\/354 tox|[from] ability: Poison Heal
|turn|38
|
|switch|p2a: Gliscor|Gliscor, F|254\/354 tox
|-damage|p2a: Gliscor|210\/354 tox|[from] Stealth Rock
|move|p1a: Gliscor|Earthquake|p2a: Gliscor
|-immune|p2a: Gliscor|[msg]
|
|-heal|p2a: Gliscor|354\/354 tox|[from] move: Wish|[wisher] Blissey
|-heal|p1a: Gliscor|354\/354 tox|[from] ability: Poison Heal
|turn|39
|
|switch|p1a: Noivern|Noivern, M|259\/311
|move|p2a: Gliscor|Stealth Rock|p1a: Noivern
|-sidestart|p1: KnightSansArmour|move: Stealth Rock
|
|turn|40
|
|switch|p1a: Zapdos|Zapdos|188\/384
|-damage|p1a: Zapdos|92\/384|[from] Stealth Rock
|-ability|p1a: Zapdos|Pressure
|move|p2a: Gliscor|Protect|p2a: Gliscor
|-fail|p2a: Gliscor
|
|-heal|p1a: Zapdos|116\/384|[from] item: Leftovers
|turn|41
|
|move|p1a: Zapdos|Roost|p1a: Zapdos
|-heal|p1a: Zapdos|308\/384
|move|p2a: Gliscor|Toxic|p1a: Zapdos
|-status|p1a: Zapdos|tox
|
|-heal|p1a: Zapdos|332\/384 tox|[from] item: Leftovers
|-damage|p1a: Zapdos|308\/384 tox|[from] psn
|turn|42
|
|move|p1a: Zapdos|Defog|p2a: Gliscor
|-unboost|p2a: Gliscor|evasion|1
|-sideend|p2: Batwings|Stealth Rock|[from] move: Defog|[of] p2a: Gliscor
|-sideend|p1: KnightSansArmour|Stealth Rock|[from] move: Defog|[of] p1a: Zapdos
|move|p2a: Gliscor|Earthquake|p1a: Zapdos
|-immune|p1a: Zapdos|[msg]
|
|-heal|p1a: Zapdos|332\/384 tox|[from] item: Leftovers
|-damage|p1a: Zapdos|284\/384 tox|[from] psn
|turn|43
|
|switch|p1a: Chansey|Chansey, F|575\/704
|move|p2a: Gliscor|Stealth Rock|p1a: Chansey
|-sidestart|p1: KnightSansArmour|move: Stealth Rock
|
|turn|44
|
|move|p2a: Gliscor|Toxic|p1a: Chansey
|-status|p1a: Chansey|tox
|move|p1a: Chansey|Aromatherapy|p1a: Chansey
|-cureteam|p1a: Chansey|[from] move: Aromatherapy
|
|turn|45
|
|switch|p1a: Noivern|Noivern, M|259\/311
|-damage|p1a: Noivern|182\/311|[from] Stealth Rock
|move|p2a: Gliscor|Toxic|p1a: Noivern
|-status|p1a: Noivern|tox
|
|-damage|p1a: Noivern|163\/311 tox|[from] psn
|turn|46
|
|switch|p1a: Heatran|Heatran, F|214\/386
|-damage|p1a: Heatran|166\/386|[from] Stealth Rock
|move|p2a: Gliscor|Protect|p2a: Gliscor
|-fail|p2a: Gliscor
|
|-heal|p1a: Heatran|190\/386|[from] item: Leftovers
|turn|47
|
|move|p2a: Gliscor|Earthquake|p1a: Heatran
|-supereffective|p1a: Heatran
|-damage|p1a: Heatran|0 fnt
|faint|p1a: Heatran
|
|
|switch|p1a: Zapdos|Zapdos|284\/384
|-damage|p1a: Zapdos|188\/384|[from] Stealth Rock
|-ability|p1a: Zapdos|Pressure
|turn|48
|
|move|p2a: Gliscor|Protect|p2a: Gliscor
|-singleturn|p2a: Gliscor|Protect
|move|p1a: Zapdos|Defog|p2a: Gliscor
|-activate|p2a: Gliscor|Protect
|
|-heal|p1a: Zapdos|212\/384|[from] item: Leftovers
|turn|49
|
|move|p1a: Zapdos|Defog|p2a: Gliscor
|-unboost|p2a: Gliscor|evasion|1
|-sideend|p1: KnightSansArmour|Stealth Rock|[from] move: Defog|[of] p1a: Zapdos
|move|p2a: Gliscor|Toxic|p1a: Zapdos
|-status|p1a: Zapdos|tox
|
|-heal|p1a: Zapdos|236\/384 tox|[from] item: Leftovers
|-damage|p1a: Zapdos|212\/384 tox|[from] psn
|turn|50
|
|move|p1a: Zapdos|Roost|p1a: Zapdos
|-heal|p1a: Zapdos|384\/384 tox
|move|p2a: Gliscor|Stealth Rock|p1a: Zapdos
|-sidestart|p1: KnightSansArmour|move: Stealth Rock
|
|-damage|p1a: Zapdos|336\/384 tox|[from] psn
|turn|51
|
|move|p2a: Gliscor|Protect|p2a: Gliscor
|-singleturn|p2a: Gliscor|Protect
|move|p1a: Zapdos|Heat Wave|p2a: Gliscor
|-activate|p2a: Gliscor|Protect
|
|-heal|p1a: Zapdos|360\/384 tox|[from] item: Leftovers
|-damage|p1a: Zapdos|288\/384 tox|[from] psn
|turn|52
|
|move|p1a: Zapdos|Defog|p2a: Gliscor
|-unboost|p2a: Gliscor|evasion|1
|-sideend|p1: KnightSansArmour|Stealth Rock|[from] move: Defog|[of] p1a: Zapdos
|move|p2a: Gliscor|Earthquake|p1a: Zapdos
|-immune|p1a: Zapdos|[msg]
|
|-heal|p1a: Zapdos|312\/384 tox|[from] item: Leftovers
|-damage|p1a: Zapdos|216\/384 tox|[from] psn
|turn|53
|
|switch|p1a: Chansey|Chansey, F|575\/704
|move|p2a: Gliscor|Stealth Rock|p1a: Chansey
|-sidestart|p1: KnightSansArmour|move: Stealth Rock
|
|turn|54
|
|move|p2a: Gliscor|Toxic|p1a: Chansey
|-status|p1a: Chansey|tox
|move|p1a: Chansey|Aromatherapy|p1a: Chansey
|-cureteam|p1a: Chansey|[from] move: Aromatherapy
|
|turn|55
|
|switch|p2a: Blissey|Blissey, F|277\/714
|move|p1a: Chansey|Seismic Toss|p2a: Blissey
|-damage|p2a: Blissey|177\/714
|
|-heal|p2a: Blissey|221\/714|[from] item: Leftovers
|turn|56
|
|move|p2a: Blissey|Soft-Boiled|p2a: Blissey
|-heal|p2a: Blissey|578\/714
|move|p1a: Chansey|Toxic|p2a: Blissey|[miss]
|-miss|p1a: Chansey|p2a: Blissey
|
|-heal|p2a: Blissey|622\/714|[from] item: Leftovers
|turn|57
|
|switch|p1a: Gliscor|Gliscor, M|354\/354
|-damage|p1a: Gliscor|310\/354|[from] Stealth Rock
|move|p2a: Blissey|Wish|p2a: Blissey
|
|-heal|p2a: Blissey|666\/714|[from] item: Leftovers
|-status|p1a: Gliscor|tox|[from] item: Toxic Orb
|turn|58
|
|switch|p2a: Gliscor|Gliscor, F|354\/354 tox
|move|p1a: Gliscor|Earthquake|p2a: Gliscor
|-immune|p2a: Gliscor|[msg]
|
|-heal|p1a: Gliscor|354\/354 tox|[from] ability: Poison Heal
|turn|59
|
|move|p1a: Gliscor|Substitute|p1a: Gliscor
|-start|p1a: Gliscor|Substitute
|-damage|p1a: Gliscor|266\/354 tox
|move|p2a: Gliscor|Stealth Rock|p1a: Gliscor
|-fail|p1a: Gliscor
|
|-heal|p1a: Gliscor|310\/354 tox|[from] ability: Poison Heal
|turn|60
|
|switch|p2a: Blissey|Blissey, F|666\/714
|move|p1a: Gliscor|Protect|p1a: Gliscor
|-fail|p1a: Gliscor
|
|-heal|p2a: Blissey|710\/714|[from] item: Leftovers
|-heal|p1a: Gliscor|354\/354 tox|[from] ability: Poison Heal
|turn|61
|
|move|p1a: Gliscor|Toxic|p2a: Blissey
|-status|p2a: Blissey|tox
|move|p2a: Blissey|Thunder Wave|p1a: Gliscor
|-immune|p1a: Gliscor|[msg]
|
|-heal|p2a: Blissey|714\/714 tox|[from] item: Leftovers
|-damage|p2a: Blissey|670\/714 tox|[from] psn
|turn|62
|
|switch|p2a: Gliscor|Gliscor, F|354\/354 tox
|move|p1a: Gliscor|Earthquake|p2a: Gliscor
|-immune|p2a: Gliscor|[msg]
|
|turn|63
|
|switch|p2a: Blissey|Blissey, F|670\/714
|move|p1a: Gliscor|Earthquake|p2a: Blissey
|-damage|p2a: Blissey|231\/714
|
|-heal|p2a: Blissey|275\/714|[from] item: Leftovers
|turn|64
|
|switch|p1a: Zapdos|Zapdos|216\/384
|-damage|p1a: Zapdos|120\/384|[from] Stealth Rock
|-ability|p1a: Zapdos|Pressure
|switch|p2a: Gliscor|Gliscor, F|354\/354 tox
|
|-heal|p1a: Zapdos|144\/384|[from] item: Leftovers
|turn|65
|
|move|p1a: Zapdos|Defog|p2a: Gliscor
|-unboost|p2a: Gliscor|evasion|1
|-sideend|p1: KnightSansArmour|Stealth Rock|[from] move: Defog|[of] p1a: Zapdos
|move|p2a: Gliscor|Earthquake|p1a: Zapdos
|-immune|p1a: Zapdos|[msg]
|
|-heal|p1a: Zapdos|168\/384|[from] item: Leftovers
|turn|66
|
|move|p1a: Zapdos|Roost|p1a: Zapdos
|-heal|p1a: Zapdos|360\/384
|move|p2a: Gliscor|Earthquake|p1a: Zapdos
|-supereffective|p1a: Zapdos
|-damage|p1a: Zapdos|84\/384
|
|-heal|p1a: Zapdos|108\/384|[from] item: Leftovers
|turn|67
|
|switch|p1a: Noivern|Noivern, M|163\/311
|move|p2a: Gliscor|Toxic|p1a: Noivern
|-status|p1a: Noivern|tox
|
|-damage|p1a: Noivern|144\/311 tox|[from] psn
|turn|68
|
|switch|p1a: Zapdos|Zapdos|108\/384
|-ability|p1a: Zapdos|Pressure
|move|p2a: Gliscor|Protect|p2a: Gliscor
|-fail|p2a: Gliscor
|
|-heal|p1a: Zapdos|132\/384|[from] item: Leftovers
|turn|69
|
|switch|p1a: Chansey|Chansey, F|575\/704
|move|p2a: Gliscor|Earthquake|p1a: Chansey
|-damage|p1a: Chansey|416\/704
|
|turn|70
|
|move|p2a: Gliscor|Stealth Rock|p1a: Chansey
|-sidestart|p1: KnightSansArmour|move: Stealth Rock
|move|p1a: Chansey|Aromatherapy|p1a: Chansey
|-cureteam|p1a: Chansey|[from] move: Aromatherapy
|
|turn|71
|
|switch|p1a: Zapdos|Zapdos|132\/384
|-damage|p1a: Zapdos|36\/384|[from] Stealth Rock
|-ability|p1a: Zapdos|Pressure
|move|p2a: Gliscor|Toxic|p1a: Zapdos|[miss]
|-miss|p2a: Gliscor|p1a: Zapdos
|
|-heal|p1a: Zapdos|60\/384|[from] item: Leftovers
|turn|72
|
|move|p1a: Zapdos|Heat Wave|p2a: Gliscor
|-damage|p2a: Gliscor|213\/354 tox
|move|p2a: Gliscor|Toxic|p1a: Zapdos
|-status|p1a: Zapdos|tox
|
|-heal|p1a: Zapdos|84\/384 tox|[from] item: Leftovers
|-damage|p1a: Zapdos|60\/384 tox|[from] psn
|-heal|p2a: Gliscor|257\/354 tox|[from] ability: Poison Heal
|turn|73
|
|move|p1a: Zapdos|Defog|p2a: Gliscor
|-unboost|p2a: Gliscor|evasion|1
|-sideend|p1: KnightSansArmour|Stealth Rock|[from] move: Defog|[of] p1a: Zapdos
|move|p2a: Gliscor|Earthquake|p1a: Zapdos
|-immune|p1a: Zapdos|[msg]
|
|-heal|p1a: Zapdos|84\/384 tox|[from] item: Leftovers
|-damage|p1a: Zapdos|36\/384 tox|[from] psn
|-heal|p2a: Gliscor|301\/354 tox|[from] ability: Poison Heal
|turn|74
|
|move|p1a: Zapdos|Roost|p1a: Zapdos
|-heal|p1a: Zapdos|228\/384 tox
|move|p2a: Gliscor|Earthquake|p1a: Zapdos
|-supereffective|p1a: Zapdos
|-damage|p1a: Zapdos|0 fnt
|faint|p1a: Zapdos
|
|-heal|p2a: Gliscor|345\/354 tox|[from] ability: Poison Heal
|
|switch|p1a: Noivern|Noivern, M|144\/311
|turn|75
|
|move|p2a: Gliscor|Protect|p2a: Gliscor
|-singleturn|p2a: Gliscor|Protect
|move|p1a: Noivern|Draco Meteor|p2a: Gliscor
|-activate|p2a: Gliscor|Protect
|
|-heal|p2a: Gliscor|354\/354 tox|[from] ability: Poison Heal
|turn|76
|
|switch|p2a: Heatran|Heatran, M|143\/323
|move|p1a: Noivern|Draco Meteor|p2a: Heatran
|-resisted|p2a: Heatran
|-damage|p2a: Heatran|13\/323
|-unboost|p1a: Noivern|spa|2
|
|turn|77
|
|switch|p2a: Blissey|Blissey, F|275\/714
|move|p1a: Noivern|Draco Meteor|p2a: Blissey
|-damage|p2a: Blissey|190\/714
|-unboost|p1a: Noivern|spa|2
|
|-heal|p2a: Blissey|234\/714|[from] item: Leftovers
|turn|78
|
|switch|p1a: Gliscor|Gliscor, M|354\/354
|move|p2a: Blissey|Soft-Boiled|p2a: Blissey
|-heal|p2a: Blissey|591\/714
|
|-heal|p2a: Blissey|635\/714|[from] item: Leftovers
|-status|p1a: Gliscor|tox|[from] item: Toxic Orb
|turn|79
|
|switch|p2a: Ditto|Ditto|237\/237
|-transform|p2a: Ditto|p1a: Gliscor
|move|p1a: Gliscor|Earthquake|p2a: Ditto
|-immune|p2a: Ditto|[msg]
|
|turn|80
|
|switch|p1a: Chansey|Chansey, F|416\/704
|move|p2a: Ditto|Substitute|p2a: Ditto
|-start|p2a: Ditto|Substitute
|-damage|p2a: Ditto|178\/237
|
|turn|81
|
|move|p2a: Ditto|Toxic|p1a: Chansey|[miss]
|-miss|p2a: Ditto|p1a: Chansey
|move|p1a: Chansey|Seismic Toss|p2a: Ditto
|-end|p2a: Ditto|Substitute
|
|turn|82
|-activate|p2a: Ditto|item: Quick Claw
|
|move|p2a: Ditto|Earthquake|p1a: Chansey
|-damage|p1a: Chansey|257\/704
|move|p1a: Chansey|Soft-Boiled|p1a: Chansey
|-heal|p1a: Chansey|609\/704
|
|turn|83
|
|switch|p2a: Gliscor|Gliscor, F|354\/354 tox
|move|p1a: Chansey|Seismic Toss|p2a: Gliscor
|-damage|p2a: Gliscor|254\/354 tox
|
|-heal|p2a: Gliscor|298\/354 tox|[from] ability: Poison Heal
|turn|84
|
|switch|p1a: Noivern|Noivern, M|144\/311
|move|p2a: Gliscor|Stealth Rock|p1a: Noivern
|-sidestart|p1: KnightSansArmour|move: Stealth Rock
|
|-heal|p2a: Gliscor|342\/354 tox|[from] ability: Poison Heal
|turn|85
|
|switch|p2a: Heatran|Heatran, M|13\/323
|move|p1a: Noivern|Hurricane|p2a: Heatran|[miss]
|-miss|p1a: Noivern|p2a: Heatran
|
|turn|86
|
|switch|p2a: Blissey|Blissey, F|635\/714
|move|p1a: Noivern|Hurricane|p2a: Blissey
|-damage|p2a: Blissey|505\/714
|
|-heal|p2a: Blissey|549\/714|[from] item: Leftovers
|turn|87
|
|move|p1a: Noivern|Hurricane|p2a: Blissey
|-damage|p2a: Blissey|404\/714
|move|p2a: Blissey|Toxic|p1a: Noivern
|-status|p1a: Noivern|tox
|
|-heal|p2a: Blissey|448\/714|[from] item: Leftovers
|-damage|p1a: Noivern|125\/311 tox|[from] psn
|turn|88
|
|switch|p1a: Chansey|Chansey, F|609\/704
|-damage|p1a: Chansey|521\/704|[from] Stealth Rock
|move|p2a: Blissey|Soft-Boiled|p2a: Blissey
|-heal|p2a: Blissey|714\/714
|
|turn|89
|
|move|p2a: Blissey|Toxic|p1a: Chansey
|-status|p1a: Chansey|tox
|move|p1a: Chansey|Aromatherapy|p1a: Chansey
|-cureteam|p1a: Chansey|[from] move: Aromatherapy
|
|turn|90
|
|move|p2a: Blissey|Wish|p2a: Blissey
|move|p1a: Chansey|Toxic|p2a: Blissey
|-status|p2a: Blissey|tox
|
|-damage|p2a: Blissey|670\/714 tox|[from] psn
|turn|91
|
|switch|p2a: Heatran|Heatran, M|13\/323
|move|p1a: Chansey|Seismic Toss|p2a: Heatran
|-damage|p2a: Heatran|0 fnt
|faint|p2a: Heatran
|
|
|switch|p2a: Ditto|Ditto|178\/237
|-transform|p2a: Ditto|p1a: Chansey
|turn|92
|
|move|p1a: Chansey|Toxic|p2a: Ditto
|-status|p2a: Ditto|tox
|move|p2a: Ditto|Toxic|p1a: Chansey
|-status|p1a: Chansey|tox
|
|-damage|p2a: Ditto|164\/237 tox|[from] psn
|-damage|p1a: Chansey|477\/704 tox|[from] psn
|turn|93
|
|switch|p1a: Gliscor|Gliscor, M|354\/354
|-damage|p1a: Gliscor|310\/354|[from] Stealth Rock
|move|p2a: Ditto|Seismic Toss|p1a: Gliscor
|-damage|p1a: Gliscor|210\/354
|
|-damage|p2a: Ditto|136\/237 tox|[from] psn
|-status|p1a: Gliscor|tox|[from] item: Toxic Orb
|turn|94
|
|move|p1a: Gliscor|Earthquake|p2a: Ditto
|-damage|p2a: Ditto|0 fnt
|faint|p2a: Ditto
|
|-heal|p1a: Gliscor|254\/354 tox|[from] ability: Poison Heal
|
|switch|p2a: Gliscor|Gliscor, F|342\/354 tox
|turn|95
|
|move|p1a: Gliscor|Substitute|p1a: Gliscor
|-start|p1a: Gliscor|Substitute
|-damage|p1a: Gliscor|166\/354 tox
|move|p2a: Gliscor|Stealth Rock|p1a: Gliscor
|-fail|p1a: Gliscor
|
|-heal|p1a: Gliscor|210\/354 tox|[from] ability: Poison Heal
|-heal|p2a: Gliscor|354\/354 tox|[from] ability: Poison Heal
|turn|96
|
|move|p1a: Gliscor|Toxic|p2a: Gliscor
|-fail|p2a: Gliscor|tox
|move|p2a: Gliscor|Stealth Rock|p1a: Gliscor
|-fail|p1a: Gliscor
|
|-heal|p1a: Gliscor|254\/354 tox|[from] ability: Poison Heal
|turn|97
|
|switch|p1a: Noivern|Noivern, M|125\/311
|-damage|p1a: Noivern|48\/311|[from] Stealth Rock
|move|p2a: Gliscor|Stealth Rock|p1a: Noivern
|-fail|p1a: Noivern
|
|turn|98
|
|switch|p2a: Blissey|Blissey, F|670\/714
|move|p1a: Noivern|Draco Meteor|p2a: Blissey
|-damage|p2a: Blissey|513\/714
|-unboost|p1a: Noivern|spa|2
|
|-heal|p2a: Blissey|557\/714|[from] item: Leftovers
|turn|99
|
|move|p1a: Noivern|Draco Meteor|p2a: Blissey
|-crit|p2a: Blissey
|-damage|p2a: Blissey|310\/714
|-unboost|p1a: Noivern|spa|2
|move|p2a: Blissey|Toxic|p1a: Noivern
|-status|p1a: Noivern|tox
|
|-heal|p2a: Blissey|354\/714|[from] item: Leftovers
|-damage|p1a: Noivern|29\/311 tox|[from] psn
|turn|100
|
|move|p1a: Noivern|Draco Meteor|p2a: Blissey
|-damage|p2a: Blissey|293\/714
|-unboost|p1a: Noivern|spa|2
|move|p2a: Blissey|Soft-Boiled|p2a: Blissey
|-heal|p2a: Blissey|650\/714
|
|-heal|p2a: Blissey|694\/714|[from] item: Leftovers
|-damage|p1a: Noivern|0 fnt|[from] psn
|faint|p1a: Noivern
|
|switch|p1a: Chansey|Chansey, F|477\/704
|-damage|p1a: Chansey|389\/704|[from] Stealth Rock
|turn|101
|
|move|p2a: Blissey|Toxic|p1a: Chansey
|-status|p1a: Chansey|tox
|move|p1a: Chansey|Soft-Boiled|p1a: Chansey
|-heal|p1a: Chansey|704\/704 tox
|
|-heal|p2a: Blissey|714\/714|[from] item: Leftovers
|-damage|p1a: Chansey|660\/704 tox|[from] psn
|turn|102
|
|move|p2a: Blissey|Thunder Wave|p1a: Chansey
|-fail|p1a: Chansey
|move|p1a: Chansey|Toxic|p2a: Blissey
|-status|p2a: Blissey|tox
|
|-damage|p2a: Blissey|670\/714 tox|[from] psn
|-damage|p1a: Chansey|572\/704 tox|[from] psn
|turn|103
|
|switch|p2a: Gliscor|Gliscor, F|354\/354 tox
|move|p1a: Chansey|Aromatherapy|p1a: Chansey
|-cureteam|p1a: Chansey|[from] move: Aromatherapy
|
|turn|104
|
|switch|p2a: Blissey|Blissey, F|670\/714
|switch|p1a: Gliscor|Gliscor, M|254\/354
|-damage|p1a: Gliscor|210\/354|[from] Stealth Rock
|
|-heal|p2a: Blissey|714\/714|[from] item: Leftovers
|-status|p1a: Gliscor|tox|[from] item: Toxic Orb
|turn|105
|
|move|p1a: Gliscor|Earthquake|p2a: Blissey
|-damage|p2a: Blissey|213\/714
|move|p2a: Blissey|Soft-Boiled|p2a: Blissey
|-heal|p2a: Blissey|570\/714
|
|-heal|p2a: Blissey|614\/714|[from] item: Leftovers
|-heal|p1a: Gliscor|254\/354 tox|[from] ability: Poison Heal
|turn|106
|
|switch|p2a: Gliscor|Gliscor, F|354\/354 tox
|move|p1a: Gliscor|Earthquake|p2a: Gliscor
|-immune|p2a: Gliscor|[msg]
|
|-heal|p1a: Gliscor|298\/354 tox|[from] ability: Poison Heal
|turn|107
|
|move|p1a: Gliscor|Substitute|p1a: Gliscor
|-start|p1a: Gliscor|Substitute
|-damage|p1a: Gliscor|210\/354 tox
|move|p2a: Gliscor|Stealth Rock|p1a: Gliscor
|-fail|p1a: Gliscor
|
|-heal|p1a: Gliscor|254\/354 tox|[from] ability: Poison Heal
|turn|108
|
|move|p1a: Gliscor|Protect|p1a: Gliscor
|-singleturn|p1a: Gliscor|Protect
|move|p2a: Gliscor|Stealth Rock|p1a: Gliscor
|-fail|p1a: Gliscor
|
|-heal|p1a: Gliscor|298\/354 tox|[from] ability: Poison Heal
|turn|109
|
|move|p2a: Gliscor|Protect|p2a: Gliscor
|-singleturn|p2a: Gliscor|Protect
|move|p1a: Gliscor|Toxic|p2a: Gliscor
|-activate|p2a: Gliscor|Protect
|
|-heal|p1a: Gliscor|342\/354 tox|[from] ability: Poison Heal
|turn|110
|
|move|p1a: Gliscor|Substitute|p1a: Gliscor
|-fail|p1a: Gliscor|move: Substitute
|move|p2a: Gliscor|Stealth Rock|p1a: Gliscor
|-fail|p1a: Gliscor
|
|-heal|p1a: Gliscor|354\/354 tox|[from] ability: Poison Heal
|turn|111
|
|switch|p1a: Chansey|Chansey, F|572\/704
|-damage|p1a: Chansey|484\/704|[from] Stealth Rock
|move|p2a: Gliscor|Stealth Rock|p1a: Chansey
|-fail|p1a: Chansey
|
|turn|112
|
|switch|p1a: Gliscor|Gliscor, M|354\/354 tox
|-damage|p1a: Gliscor|310\/354 tox|[from] Stealth Rock
|move|p2a: Gliscor|Toxic|p1a: Gliscor
|-fail|p1a: Gliscor|tox
|
|-heal|p1a: Gliscor|354\/354 tox|[from] ability: Poison Heal
|turn|113
|
|switch|p1a: Chansey|Chansey, F|484\/704
|-damage|p1a: Chansey|396\/704|[from] Stealth Rock
|move|p2a: Gliscor|Stealth Rock|p1a: Chansey
|-fail|p1a: Chansey
|
|turn|114
|
|switch|p2a: Blissey|Blissey, F|614\/714
|switch|p1a: Gliscor|Gliscor, M|354\/354 tox
|-damage|p1a: Gliscor|310\/354 tox|[from] Stealth Rock
|
|-heal|p2a: Blissey|658\/714|[from] item: Leftovers
|-heal|p1a: Gliscor|354\/354 tox|[from] ability: Poison Heal
|turn|115
|
|switch|p1a: Chansey|Chansey, F|396\/704
|-damage|p1a: Chansey|308\/704|[from] Stealth Rock
|switch|p2a: Gliscor|Gliscor, F|354\/354 tox
|
|turn|116
|
|switch|p2a: Blissey|Blissey, F|658\/714
|move|p1a: Chansey|Soft-Boiled|p1a: Chansey
|-heal|p1a: Chansey|660\/704
|
|-heal|p2a: Blissey|702\/714|[from] item: Leftovers
|turn|117
|
|move|p2a: Blissey|Toxic|p1a: Chansey|[miss]
|-miss|p2a: Blissey|p1a: Chansey
|move|p1a: Chansey|Seismic Toss|p2a: Blissey
|-damage|p2a: Blissey|602\/714
|
|-heal|p2a: Blissey|646\/714|[from] item: Leftovers
|turn|118
|
|switch|p1a: Gliscor|Gliscor, M|354\/354 tox
|-damage|p1a: Gliscor|310\/354 tox|[from] Stealth Rock
|move|p2a: Blissey|Toxic|p1a: Gliscor
|-fail|p1a: Gliscor|tox
|
|-heal|p2a: Blissey|690\/714|[from] item: Leftovers
|-heal|p1a: Gliscor|354\/354 tox|[from] ability: Poison Heal
|turn|119
|
|switch|p2a: Gliscor|Gliscor, F|354\/354 tox
|move|p1a: Gliscor|Earthquake|p2a: Gliscor
|-immune|p2a: Gliscor|[msg]
|
|turn|120
|
|switch|p1a: Chansey|Chansey, F|660\/704
|-damage|p1a: Chansey|572\/704|[from] Stealth Rock
|move|p2a: Gliscor|Stealth Rock|p1a: Chansey
|-fail|p1a: Chansey
|
|turn|121
|
|switch|p2a: Blissey|Blissey, F|690\/714
|move|p1a: Chansey|Seismic Toss|p2a: Blissey
|-damage|p2a: Blissey|590\/714
|
|-heal|p2a: Blissey|634\/714|[from] item: Leftovers
|turn|122
|
|move|p2a: Blissey|Toxic|p1a: Chansey
|-status|p1a: Chansey|tox
|move|p1a: Chansey|Seismic Toss|p2a: Blissey
|-damage|p2a: Blissey|534\/714
|
|-heal|p2a: Blissey|578\/714|[from] item: Leftovers
|-damage|p1a: Chansey|528\/704 tox|[from] psn
|turn|123
|
|move|p2a: Blissey|Wish|p2a: Blissey
|move|p1a: Chansey|Toxic|p2a: Blissey
|-status|p2a: Blissey|tox
|
|-heal|p2a: Blissey|622\/714 tox|[from] item: Leftovers
|-damage|p2a: Blissey|578\/714 tox|[from] psn
|-damage|p1a: Chansey|440\/704 tox|[from] psn
|turn|124
|
|switch|p1a: Gliscor|Gliscor, M|354\/354 tox
|-damage|p1a: Gliscor|310\/354 tox|[from] Stealth Rock
|move|p2a: Blissey|Thunder Wave|p1a: Gliscor
|-immune|p1a: Gliscor|[msg]
|
|-heal|p2a: Blissey|714\/714 tox|[from] move: Wish|[wisher] Blissey
|-heal|p1a: Gliscor|354\/354 tox|[from] ability: Poison Heal
|-damage|p2a: Blissey|626\/714 tox|[from] psn
|turn|125
|
|switch|p1a: Chansey|Chansey, F|440\/704
|-damage|p1a: Chansey|352\/704|[from] Stealth Rock
|switch|p2a: Gliscor|Gliscor, F|354\/354 tox
|
|turn|126
|
|switch|p2a: Blissey|Blissey, F|626\/714
|move|p1a: Chansey|Soft-Boiled|p1a: Chansey
|-heal|p1a: Chansey|704\/704
|
|-heal|p2a: Blissey|670\/714|[from] item: Leftovers
|turn|127
|
|move|p2a: Blissey|Thunder Wave|p1a: Chansey
|-status|p1a: Chansey|par
|move|p1a: Chansey|Toxic|p2a: Blissey
|-status|p2a: Blissey|tox
|
|-heal|p2a: Blissey|714\/714 tox|[from] item: Leftovers
|-damage|p2a: Blissey|670\/714 tox|[from] psn
|turn|128
|
|switch|p2a: Gliscor|Gliscor, F|354\/354 tox
|move|p1a: Chansey|Seismic Toss|p2a: Gliscor
|-damage|p2a: Gliscor|254\/354 tox
|
|-heal|p2a: Gliscor|298\/354 tox|[from] ability: Poison Heal
|turn|129
|
|switch|p2a: Blissey|Blissey, F|670\/714
|move|p1a: Chansey|Seismic Toss|p2a: Blissey
|-damage|p2a: Blissey|570\/714
|
|-heal|p2a: Blissey|614\/714|[from] item: Leftovers
|turn|130
|
|move|p2a: Blissey|Wish|p2a: Blissey
|move|p1a: Chansey|Toxic|p2a: Blissey
|-status|p2a: Blissey|tox
|
|-heal|p2a: Blissey|658\/714 tox|[from] item: Leftovers
|-damage|p2a: Blissey|614\/714 tox|[from] psn
|turn|131
|
|switch|p2a: Gliscor|Gliscor, F|298\/354 tox
|cant|p1a: Chansey|par
|
|-heal|p2a: Gliscor|354\/354 tox|[from] move: Wish|[wisher] Blissey
|turn|132
|
|switch|p2a: Blissey|Blissey, F|614\/714
|move|p1a: Chansey|Seismic Toss|p2a: Blissey
|-damage|p2a: Blissey|514\/714
|
|-heal|p2a: Blissey|558\/714|[from] item: Leftovers
|turn|133
|
|move|p2a: Blissey|Wish|p2a: Blissey
|move|p1a: Chansey|Toxic|p2a: Blissey
|-status|p2a: Blissey|tox
|
|-heal|p2a: Blissey|602\/714 tox|[from] item: Leftovers
|-damage|p2a: Blissey|558\/714 tox|[from] psn
|turn|134
|
|switch|p2a: Gliscor|Gliscor, F|354\/354 tox
|move|p1a: Chansey|Seismic Toss|p2a: Gliscor
|-damage|p2a: Gliscor|254\/354 tox
|
|-heal|p2a: Gliscor|354\/354 tox|[from] move: Wish|[wisher] Blissey
|turn|135
|
|switch|p2a: Blissey|Blissey, F|558\/714
|switch|p1a: Gliscor|Gliscor, M|354\/354 tox
|-damage|p1a: Gliscor|310\/354 tox|[from] Stealth Rock
|
|-heal|p2a: Blissey|602\/714|[from] item: Leftovers
|-heal|p1a: Gliscor|354\/354 tox|[from] ability: Poison Heal
|turn|136
|
|switch|p1a: Chansey|Chansey, F|704\/704
|-damage|p1a: Chansey|616\/704|[from] Stealth Rock
|switch|p2a: Gliscor|Gliscor, F|354\/354 tox
|
|turn|137
|chat|Batwings|is there any way to tie it
|chat|KnightSansArmour|Nope
|
|switch|p2a: Blissey|Blissey, F|602\/714
|switch|p1a: Gliscor|Gliscor, M|354\/354 tox
|-damage|p1a: Gliscor|310\/354 tox|[from] Stealth Rock
|
|-heal|p2a: Blissey|646\/714|[from] item: Leftovers
|-heal|p1a: Gliscor|354\/354 tox|[from] ability: Poison Heal
|turn|138
|
|switch|p1a: Chansey|Chansey, F|616\/704
|-damage|p1a: Chansey|528\/704|[from] Stealth Rock
|switch|p2a: Gliscor|Gliscor, F|354\/354 tox
|
|turn|139
|
|switch|p2a: Blissey|Blissey, F|646\/714
|move|p1a: Chansey|Seismic Toss|p2a: Blissey
|-damage|p2a: Blissey|546\/714
|
|-heal|p2a: Blissey|590\/714|[from] item: Leftovers
|turn|140
|
|move|p2a: Blissey|Thunder Wave|p1a: Chansey
|-status|p1a: Chansey|par
|move|p1a: Chansey|Seismic Toss|p2a: Blissey
|-damage|p2a: Blissey|490\/714
|
|-heal|p2a: Blissey|534\/714|[from] item: Leftovers
|turn|141
|
|move|p2a: Blissey|Wish|p2a: Blissey
|move|p1a: Chansey|Seismic Toss|p2a: Blissey
|-damage|p2a: Blissey|434\/714
|
|-heal|p2a: Blissey|478\/714|[from] item: Leftovers
|turn|142
|
|move|p2a: Blissey|Thunder Wave|p1a: Chansey
|-fail|p1a: Chansey|par
|move|p1a: Chansey|Toxic|p2a: Blissey
|-status|p2a: Blissey|tox
|
|-heal|p2a: Blissey|714\/714 tox|[from] move: Wish|[wisher] Blissey
|-damage|p2a: Blissey|670\/714 tox|[from] psn
|turn|143
|
|move|p2a: Blissey|Thunder Wave|p1a: Chansey
|-fail|p1a: Chansey|par
|move|p1a: Chansey|Seismic Toss|p2a: Blissey
|-damage|p2a: Blissey|570\/714 tox
|
|-heal|p2a: Blissey|614\/714 tox|[from] item: Leftovers
|-damage|p2a: Blissey|526\/714 tox|[from] psn
|turn|144
|
|move|p2a: Blissey|Thunder Wave|p1a: Chansey
|-fail|p1a: Chansey|par
|move|p1a: Chansey|Seismic Toss|p2a: Blissey
|-damage|p2a: Blissey|426\/714 tox
|
|-heal|p2a: Blissey|470\/714 tox|[from] item: Leftovers
|-damage|p2a: Blissey|338\/714 tox|[from] psn
|turn|145
|
|switch|p2a: Gliscor|Gliscor, F|354\/354 tox
|move|p1a: Chansey|Seismic Toss|p2a: Gliscor
|-damage|p2a: Gliscor|254\/354 tox
|
|-heal|p2a: Gliscor|298\/354 tox|[from] ability: Poison Heal
|turn|146
|
|switch|p2a: Blissey|Blissey, F|338\/714
|cant|p1a: Chansey|par
|
|-heal|p2a: Blissey|382\/714|[from] item: Leftovers
|turn|147
|
|move|p2a: Blissey|Soft-Boiled|p2a: Blissey
|-heal|p2a: Blissey|714\/714
|move|p1a: Chansey|Toxic|p2a: Blissey
|-status|p2a: Blissey|tox
|
|-damage|p2a: Blissey|670\/714 tox|[from] psn
|turn|148
|
|move|p2a: Blissey|Thunder Wave|p1a: Chansey
|-fail|p1a: Chansey|par
|cant|p1a: Chansey|par
|
|-heal|p2a: Blissey|714\/714 tox|[from] item: Leftovers
|-damage|p2a: Blissey|626\/714 tox|[from] psn
|turn|149
|
|switch|p1a: Gliscor|Gliscor, M|354\/354 tox
|-damage|p1a: Gliscor|310\/354 tox|[from] Stealth Rock
|move|p2a: Blissey|Thunder Wave|p1a: Gliscor
|-immune|p1a: Gliscor|[msg]
|
|-heal|p2a: Blissey|670\/714 tox|[from] item: Leftovers
|-heal|p1a: Gliscor|354\/354 tox|[from] ability: Poison Heal
|-damage|p2a: Blissey|538\/714 tox|[from] psn
|turn|150
|
|switch|p1a: Chansey|Chansey, F|528\/704
|-damage|p1a: Chansey|440\/704|[from] Stealth Rock
|switch|p2a: Gliscor|Gliscor, F|298\/354 tox
|
|-heal|p2a: Gliscor|342\/354 tox|[from] ability: Poison Heal
|turn|151
|
|switch|p2a: Blissey|Blissey, F|538\/714
|move|p1a: Chansey|Soft-Boiled|p1a: Chansey
|-heal|p1a: Chansey|704\/704
|
|-heal|p2a: Blissey|582\/714|[from] item: Leftovers
|turn|152
|
|switch|p1a: Gliscor|Gliscor, M|354\/354 tox
|-damage|p1a: Gliscor|310\/354 tox|[from] Stealth Rock
|move|p2a: Blissey|Wish|p2a: Blissey
|
|-heal|p2a: Blissey|626\/714|[from] item: Leftovers
|-heal|p1a: Gliscor|354\/354 tox|[from] ability: Poison Heal
|turn|153
|
|switch|p2a: Gliscor|Gliscor, F|342\/354 tox
|move|p1a: Gliscor|Toxic|p2a: Gliscor
|-fail|p2a: Gliscor|tox
|
|-heal|p2a: Gliscor|354\/354 tox|[from] move: Wish|[wisher] Blissey
|turn|154
|
|switch|p1a: Chansey|Chansey, F|704\/704
|-damage|p1a: Chansey|616\/704|[from] Stealth Rock
|move|p2a: Gliscor|Stealth Rock|p1a: Chansey
|-fail|p1a: Chansey
|
|turn|155
|
|switch|p1a: Gliscor|Gliscor, M|354\/354 tox
|-damage|p1a: Gliscor|310\/354 tox|[from] Stealth Rock
|move|p2a: Gliscor|Toxic|p1a: Gliscor
|-fail|p1a: Gliscor|tox
|
|-heal|p1a: Gliscor|354\/354 tox|[from] ability: Poison Heal
|turn|156
|
|move|p1a: Gliscor|Substitute|p1a: Gliscor
|-start|p1a: Gliscor|Substitute
|-damage|p1a: Gliscor|266\/354 tox
|move|p2a: Gliscor|Stealth Rock|p1a: Gliscor
|-fail|p1a: Gliscor
|
|-heal|p1a: Gliscor|310\/354 tox|[from] ability: Poison Heal
|turn|157
|
|switch|p1a: Chansey|Chansey, F|616\/704
|-damage|p1a: Chansey|528\/704|[from] Stealth Rock
|move|p2a: Gliscor|Protect|p2a: Gliscor
|-fail|p2a: Gliscor
|
|turn|158
|
|switch|p2a: Blissey|Blissey, F|626\/714
|switch|p1a: Gliscor|Gliscor, M|310\/354 tox
|-damage|p1a: Gliscor|266\/354 tox|[from] Stealth Rock
|
|-heal|p2a: Blissey|670\/714|[from] item: Leftovers
|-heal|p1a: Gliscor|310\/354 tox|[from] ability: Poison Heal
|turn|159
|
|move|p1a: Gliscor|Toxic|p2a: Blissey
|-status|p2a: Blissey|tox
|move|p2a: Blissey|Soft-Boiled|p2a: Blissey
|-heal|p2a: Blissey|714\/714 tox
|
|-heal|p1a: Gliscor|354\/354 tox|[from] ability: Poison Heal
|-damage|p2a: Blissey|670\/714 tox|[from] psn
|turn|160
|
|switch|p1a: Chansey|Chansey, F|528\/704
|-damage|p1a: Chansey|440\/704|[from] Stealth Rock
|switch|p2a: Gliscor|Gliscor, F|354\/354 tox
|
|turn|161
|
|switch|p2a: Blissey|Blissey, F|670\/714
|switch|p1a: Gliscor|Gliscor, M|354\/354 tox
|-damage|p1a: Gliscor|310\/354 tox|[from] Stealth Rock
|
|-heal|p2a: Blissey|714\/714|[from] item: Leftovers
|-heal|p1a: Gliscor|354\/354 tox|[from] ability: Poison Heal
|turn|162
|
|move|p1a: Gliscor|Earthquake|p2a: Blissey
|-damage|p2a: Blissey|255\/714
|move|p2a: Blissey|Soft-Boiled|p2a: Blissey
|-heal|p2a: Blissey|612\/714
|
|-heal|p2a: Blissey|656\/714|[from] item: Leftovers
|turn|163
|
|switch|p2a: Gliscor|Gliscor, F|354\/354 tox
|move|p1a: Gliscor|Toxic|p2a: Gliscor
|-fail|p2a: Gliscor|tox
|
|turn|164
|
|switch|p1a: Chansey|Chansey, F|440\/704
|-damage|p1a: Chansey|352\/704|[from] Stealth Rock
|switch|p2a: Blissey|Blissey, F|656\/714
|
|-heal|p2a: Blissey|700\/714|[from] item: Leftovers
|turn|165
|chat|KnightSansArmour|Okay, so, I'm up on PP, so long as I wait until you use a move before I use one, I win. GG?
|
|move|p2a: Blissey|Thunder Wave|p1a: Chansey
|-status|p1a: Chansey|par
|move|p1a: Chansey|Soft-Boiled|p1a: Chansey
|-heal|p1a: Chansey|704\/704 par
|
|-heal|p2a: Blissey|714\/714|[from] item: Leftovers
|turn|166
|chat|Batwings|well , i have quite some moves left
|
|switch|p1a: Gliscor|Gliscor, M|354\/354 tox
|-damage|p1a: Gliscor|310\/354 tox|[from] Stealth Rock
|move|p2a: Blissey|Thunder Wave|p1a: Gliscor
|-immune|p1a: Gliscor|[msg]
|
|-heal|p1a: Gliscor|354\/354 tox|[from] ability: Poison Heal
|turn|167
|chat|KnightSansArmour|32 on Gliscor, 21 on Blissey if I'm right, yeah?
|
|switch|p1a: Chansey|Chansey, F|704\/704
|-damage|p1a: Chansey|616\/704|[from] Stealth Rock
|switch|p2a: Gliscor|Gliscor, F|354\/354 tox
|
|turn|168
|
|switch|p2a: Blissey|Blissey, F|714\/714
|switch|p1a: Gliscor|Gliscor, M|354\/354 tox
|-damage|p1a: Gliscor|310\/354 tox|[from] Stealth Rock
|
|-heal|p1a: Gliscor|354\/354 tox|[from] ability: Poison Heal
|turn|169
|chat|Batwings|its 22 , 37
|
|switch|p1a: Chansey|Chansey, F|616\/704
|-damage|p1a: Chansey|528\/704|[from] Stealth Rock
|switch|p2a: Gliscor|Gliscor, F|354\/354 tox
|
|turn|170
|
|switch|p2a: Blissey|Blissey, F|714\/714
|switch|p1a: Gliscor|Gliscor, M|354\/354 tox
|-damage|p1a: Gliscor|310\/354 tox|[from] Stealth Rock
|
|-heal|p1a: Gliscor|354\/354 tox|[from] ability: Poison Heal
|turn|171
|chat|KnightSansArmour|I'm 28 and 33
|
|switch|p1a: Chansey|Chansey, F|528\/704
|-damage|p1a: Chansey|440\/704|[from] Stealth Rock
|move|p2a: Blissey|Soft-Boiled|p2a: Blissey
|-fail|p2a: Blissey
|
|turn|172
|chat|Batwings|almost same 
|
|switch|p2a: Gliscor|Gliscor, F|354\/354 tox
|switch|p1a: Gliscor|Gliscor, M|354\/354 tox
|-damage|p1a: Gliscor|310\/354 tox|[from] Stealth Rock
|
|-heal|p1a: Gliscor|354\/354 tox|[from] ability: Poison Heal
|turn|173
|chat|KnightSansArmour|I'm up by three now though
|
|switch|p1a: Chansey|Chansey, F|440\/704
|-damage|p1a: Chansey|352\/704|[from] Stealth Rock
|switch|p2a: Blissey|Blissey, F|714\/714
|
|turn|174
|
|switch|p2a: Gliscor|Gliscor, F|354\/354 tox
|move|p1a: Chansey|Soft-Boiled|p1a: Chansey
|-heal|p1a: Chansey|704\/704
|
|turn|175
|chat|Batwings|thats bcoz i paralysd u for some moves
|
|switch|p2a: Blissey|Blissey, F|714\/714
|switch|p1a: Gliscor|Gliscor, M|354\/354 tox
|-damage|p1a: Gliscor|310\/354 tox|[from] Stealth Rock
|
|-heal|p1a: Gliscor|354\/354 tox|[from] ability: Poison Heal
|turn|176
|
|switch|p1a: Chansey|Chansey, F|704\/704
|-damage|p1a: Chansey|616\/704|[from] Stealth Rock
|switch|p2a: Gliscor|Gliscor, F|354\/354 tox
|
|turn|177
|chat|KnightSansArmour|And?
|
|switch|p2a: Blissey|Blissey, F|714\/714
|switch|p1a: Gliscor|Gliscor, M|354\/354 tox
|-damage|p1a: Gliscor|310\/354 tox|[from] Stealth Rock
|
|-heal|p1a: Gliscor|354\/354 tox|[from] ability: Poison Heal
|turn|178
|chat|KnightSansArmour|It's a tie, I eventually win, can we call it?
|
|switch|p1a: Chansey|Chansey, F|616\/704
|-damage|p1a: Chansey|528\/704|[from] Stealth Rock
|switch|p2a: Gliscor|Gliscor, F|354\/354 tox
|
|turn|179
|chat|Batwings|and u wer haxd from using moves
|
|switch|p2a: Blissey|Blissey, F|714\/714
|switch|p1a: Gliscor|Gliscor, M|354\/354 tox
|-damage|p1a: Gliscor|310\/354 tox|[from] Stealth Rock
|
|-heal|p1a: Gliscor|354\/354 tox|[from] ability: Poison Heal
|turn|180
|
|switch|p1a: Chansey|Chansey, F|528\/704
|-damage|p1a: Chansey|440\/704|[from] Stealth Rock
|switch|p2a: Gliscor|Gliscor, F|354\/354 tox
|
|turn|181
|
|switch|p2a: Blissey|Blissey, F|714\/714
|switch|p1a: Gliscor|Gliscor, M|354\/354 tox
|-damage|p1a: Gliscor|310\/354 tox|[from] Stealth Rock
|
|-heal|p1a: Gliscor|354\/354 tox|[from] ability: Poison Heal
|turn|182
|
|switch|p1a: Chansey|Chansey, F|440\/704
|-damage|p1a: Chansey|352\/704|[from] Stealth Rock
|switch|p2a: Gliscor|Gliscor, F|354\/354 tox
|
|turn|183
|chat|Batwings|ur chansey will soon have to start using soft boid
|
|switch|p2a: Blissey|Blissey, F|714\/714
|move|p1a: Chansey|Soft-Boiled|p1a: Chansey
|-heal|p1a: Chansey|704\/704
|
|turn|184
|
|switch|p2a: Gliscor|Gliscor, F|354\/354 tox
|switch|p1a: Gliscor|Gliscor, M|354\/354 tox
|-damage|p1a: Gliscor|310\/354 tox|[from] Stealth Rock
|
|-heal|p1a: Gliscor|354\/354 tox|[from] ability: Poison Heal
|turn|185
|
|move|p2a: Gliscor|Protect|p2a: Gliscor
|-singleturn|p2a: Gliscor|Protect
|move|p1a: Gliscor|Earthquake|p2a: Gliscor
|-immune|p2a: Gliscor|[msg]
|
|turn|186
|
|switch|p2a: Blissey|Blissey, F|714\/714
|move|p1a: Gliscor|Earthquake|p2a: Blissey
|-damage|p2a: Blissey|239\/714
|
|-heal|p2a: Blissey|283\/714|[from] item: Leftovers
|turn|187
|
|switch|p1a: Chansey|Chansey, F|704\/704
|-damage|p1a: Chansey|616\/704|[from] Stealth Rock
|switch|p2a: Gliscor|Gliscor, F|354\/354 tox
|
|turn|188
|
|switch|p2a: Blissey|Blissey, F|283\/714
|switch|p1a: Gliscor|Gliscor, M|354\/354 tox
|-damage|p1a: Gliscor|310\/354 tox|[from] Stealth Rock
|
|-heal|p2a: Blissey|327\/714|[from] item: Leftovers
|-heal|p1a: Gliscor|354\/354 tox|[from] ability: Poison Heal
|turn|189
|
|switch|p1a: Chansey|Chansey, F|616\/704
|-damage|p1a: Chansey|528\/704|[from] Stealth Rock
|switch|p2a: Gliscor|Gliscor, F|354\/354 tox
|
|turn|190
|chat|Batwings|how many earthquaks left
|
|switch|p2a: Blissey|Blissey, F|327\/714
|switch|p1a: Gliscor|Gliscor, M|354\/354 tox
|-damage|p1a: Gliscor|310\/354 tox|[from] Stealth Rock
|
|-heal|p2a: Blissey|371\/714|[from] item: Leftovers
|-heal|p1a: Gliscor|354\/354 tox|[from] ability: Poison Heal
|turn|191
|
|switch|p1a: Chansey|Chansey, F|528\/704
|-damage|p1a: Chansey|440\/704|[from] Stealth Rock
|switch|p2a: Gliscor|Gliscor, F|354\/354 tox
|
|turn|192
|
|switch|p2a: Blissey|Blissey, F|371\/714
|move|p1a: Chansey|Soft-Boiled|p1a: Chansey
|-heal|p1a: Chansey|704\/704
|
|-heal|p2a: Blissey|415\/714|[from] item: Leftovers
|turn|193
|
|switch|p1a: Gliscor|Gliscor, M|354\/354 tox
|-damage|p1a: Gliscor|310\/354 tox|[from] Stealth Rock
|move|p2a: Blissey|Soft-Boiled|p2a: Blissey
|-heal|p2a: Blissey|714\/714
|
|-heal|p1a: Gliscor|354\/354 tox|[from] ability: Poison Heal
|turn|194
|
|switch|p1a: Chansey|Chansey, F|704\/704
|-damage|p1a: Chansey|616\/704|[from] Stealth Rock
|switch|p2a: Gliscor|Gliscor, F|354\/354 tox
|
|turn|195
|
|switch|p2a: Blissey|Blissey, F|714\/714
|switch|p1a: Gliscor|Gliscor, M|354\/354 tox
|-damage|p1a: Gliscor|310\/354 tox|[from] Stealth Rock
|
|-heal|p1a: Gliscor|354\/354 tox|[from] ability: Poison Heal
|turn|196
|
|switch|p1a: Chansey|Chansey, F|616\/704
|-damage|p1a: Chansey|528\/704|[from] Stealth Rock
|switch|p2a: Gliscor|Gliscor, F|354\/354 tox
|
|turn|197
|-message|KnightSansArmour forfeited.
|
|win|Batwings
|raw|Ladder updating...
|leave|KnightSansArmour
|player|p1
|raw|KnightSansArmour's rating: 1515 &rarr; <strong>1496<\/strong><br \/>(-19 for losing)
|raw|Batwings's rating: 1520 &rarr; <strong>1540<\/strong><br \/>(+20 for winning)