|join|KnightSansArmour
|join|MrHackman
|player|p1|KnightSansArmour|208
|player|p2|MrHackman|163
|gametype|singles
|gen|6
|tier|OU
|rated
|clearpoke
|poke|p1|Gliscor, M
|poke|p1|Chansey, F
|poke|p1|Noivern, F
|poke|p1|Blastoise, M
|poke|p1|Zapdos
|poke|p1|Metagross
|poke|p2|Landorus-Therian, M
|poke|p2|Kyurem-Black
|poke|p2|Jirachi
|poke|p2|Magnezone
|poke|p2|Dragonite, M
|poke|p2|Latios, M
|rule|Swagger Clause: Swagger is banned
|rule|Baton Pass Clause: Limit one PokÃ©mon knowing Baton Pass
|rule|Sleep Clause Mod: Limit one foe put to sleep
|rule|Species Clause: Limit one of each PokÃ©mon
|rule|OHKO Clause: OHKO moves are banned
|rule|Moody Clause: Moody is banned
|rule|Evasion Moves Clause: Evasion moves are banned
|rule|Endless Battle Clause: Forcing endless battles is banned
|rule|HP Percentage Mod: HP is reported as percentages
|teampreview
|
|start
|switch|p1a: Noivern|Noivern, F|311\/311
|switch|p2a: Jirachi|Jirachi|341\/341
|turn|1
|
|move|p2a: Jirachi|U-turn|p1a: Noivern
|-resisted|p1a: Noivern
|-damage|p1a: Noivern|267\/311
|
|switch|p2a: Latios|Latios, M|302\/302
|move|p1a: Noivern|Flamethrower|p2a: Latios
|-resisted|p2a: Latios
|-damage|p2a: Latios|240\/302
|
|-heal|p2a: Latios|258\/302|[from] item: Leftovers
|turn|2
|
|switch|p1a: Chansey|Chansey, F|704\/704
|move|p2a: Latios|Draco Meteor|p1a: Chansey
|-damage|p1a: Chansey|556\/704
|-unboost|p2a: Latios|spa|2
|
|-heal|p2a: Latios|276\/302|[from] item: Leftovers
|turn|3
|
|switch|p2a: Kyurem-Black|Kyurem-Black|454\/454
|-ability|p2a: Kyurem-Black|Teravolt
|move|p1a: Chansey|Toxic|p2a: Kyurem-Black
|-status|p2a: Kyurem-Black|tox
|
|-damage|p2a: Kyurem-Black|426\/454 tox|[from] psn
|turn|4
|
|switch|p1a: Metagross|Metagross|364\/364
|move|p2a: Kyurem-Black|Dragon Claw|p1a: Metagross
|-resisted|p1a: Metagross
|-damage|p1a: Metagross|283\/364
|-damage|p2a: Kyurem-Black|381\/454 tox|[from] item: Life Orb
|
|-damage|p2a: Kyurem-Black|325\/454 tox|[from] psn
|turn|5
|
|move|p2a: Kyurem-Black|Earth Power|p1a: Metagross
|-supereffective|p1a: Metagross
|-damage|p1a: Metagross|98\/364
|-damage|p2a: Kyurem-Black|280\/454 tox|[from] item: Life Orb
|move|p1a: Metagross|Meteor Mash|p2a: Kyurem-Black
|-supereffective|p2a: Kyurem-Black
|-damage|p2a: Kyurem-Black|0 fnt
|faint|p2a: Kyurem-Black
|
|
|switch|p2a: Jirachi|Jirachi|341\/341
|turn|6
|
|move|p2a: Jirachi|U-turn|p1a: Metagross
|-damage|p1a: Metagross|41\/364
|
|switch|p2a: Dragonite|Dragonite, M|386\/386
|move|p1a: Metagross|Earthquake|p2a: Dragonite
|-immune|p2a: Dragonite|[msg]
|
|turn|7
|
|move|p1a: Metagross|Bullet Punch|p2a: Dragonite
|-damage|p2a: Dragonite|347\/386
|move|p2a: Dragonite|Outrage|p1a: Metagross
|-resisted|p1a: Metagross
|-damage|p1a: Metagross|0 fnt
|faint|p1a: Metagross
|
|
|switch|p1a: Gliscor|Gliscor, M|354\/354
|turn|8
|
|move|p1a: Gliscor|Toxic|p2a: Dragonite
|-status|p2a: Dragonite|tox
|move|p2a: Dragonite|Outrage|p1a: Gliscor
|-damage|p1a: Gliscor|128\/354
|
|-damage|p2a: Dragonite|323\/386 tox|[from] psn
|-status|p1a: Gliscor|tox|[from] item: Toxic Orb
|turn|9
|
|move|p1a: Gliscor|Protect|p1a: Gliscor
|-singleturn|p1a: Gliscor|Protect
|move|p2a: Dragonite|Outrage|p1a: Gliscor
|-activate|p1a: Gliscor|Protect
|
|-end|p2a: Dragonite|rampage
|-start|p2a: Dragonite|confusion
|-heal|p1a: Gliscor|172\/354 tox|[from] ability: Poison Heal
|-damage|p2a: Dragonite|275\/386 tox|[from] psn
|turn|10
|
|move|p1a: Gliscor|Substitute|p1a: Gliscor
|-start|p1a: Gliscor|Substitute
|-damage|p1a: Gliscor|84\/354 tox
|-activate|p2a: Dragonite|confusion
|-damage|p2a: Dragonite|194\/386 tox|[from] confusion
|
|-heal|p1a: Gliscor|128\/354 tox|[from] ability: Poison Heal
|-damage|p2a: Dragonite|122\/386 tox|[from] psn
|turn|11
|
|switch|p2a: Latios|Latios, M|276\/302
|move|p1a: Gliscor|Protect|p1a: Gliscor
|-fail|p1a: Gliscor
|
|-heal|p2a: Latios|294\/302|[from] item: Leftovers
|-heal|p1a: Gliscor|172\/354 tox|[from] ability: Poison Heal
|turn|12
|
|move|p2a: Latios|Surf|p1a: Gliscor
|-supereffective|p1a: Gliscor
|-end|p1a: Gliscor|Substitute
|move|p1a: Gliscor|Toxic|p2a: Latios
|-status|p2a: Latios|tox
|
|-heal|p2a: Latios|302\/302 tox|[from] item: Leftovers
|-damage|p2a: Latios|284\/302 tox|[from] psn
|-heal|p1a: Gliscor|216\/354 tox|[from] ability: Poison Heal
|turn|13
|
|move|p1a: Gliscor|Protect|p1a: Gliscor
|-singleturn|p1a: Gliscor|Protect
|move|p2a: Latios|Surf|p1a: Gliscor
|-activate|p1a: Gliscor|Protect
|
|-heal|p2a: Latios|302\/302 tox|[from] item: Leftovers
|-damage|p2a: Latios|266\/302 tox|[from] psn
|-heal|p1a: Gliscor|260\/354 tox|[from] ability: Poison Heal
|turn|14
|
|switch|p1a: Chansey|Chansey, F|556\/704
|move|p2a: Latios|Surf|p1a: Chansey
|-damage|p1a: Chansey|492\/704
|
|-heal|p2a: Latios|284\/302 tox|[from] item: Leftovers
|-damage|p2a: Latios|230\/302 tox|[from] psn
|turn|15
|
|move|p2a: Latios|Psyshock|p1a: Chansey
|-damage|p1a: Chansey|297\/704
|move|p1a: Chansey|Seismic Toss|p2a: Latios
|-damage|p2a: Latios|130\/302 tox
|
|-heal|p2a: Latios|148\/302 tox|[from] item: Leftovers
|-damage|p2a: Latios|76\/302 tox|[from] psn
|turn|16
|
|switch|p2a: Landorus-Therian|Landorus-Therian, M|382\/382
|-ability|p2a: Landorus-Therian|Intimidate|[of] p1a: Chansey
|-unboost|p1a: Chansey|atk|1
|move|p1a: Chansey|Soft-Boiled|p1a: Chansey
|-heal|p1a: Chansey|649\/704
|
|turn|17
|
|switch|p1a: Gliscor|Gliscor, M|260\/354 tox
|move|p2a: Landorus-Therian|Knock Off|p1a: Gliscor
|-damage|p1a: Gliscor|164\/354 tox
|-enditem|p1a: Gliscor|Toxic Orb|[from] move: Knock Off|[of] p2a: Landorus-Therian
|
|-heal|p1a: Gliscor|208\/354 tox|[from] ability: Poison Heal
|turn|18
|
|move|p1a: Gliscor|Substitute|p1a: Gliscor
|-start|p1a: Gliscor|Substitute
|-damage|p1a: Gliscor|120\/354 tox
|move|p2a: Landorus-Therian|Stealth Rock|p1a: Gliscor
|-sidestart|p1: KnightSansArmour|move: Stealth Rock
|
|-heal|p1a: Gliscor|164\/354 tox|[from] ability: Poison Heal
|turn|19
|
|move|p1a: Gliscor|Toxic|p2a: Landorus-Therian
|-status|p2a: Landorus-Therian|tox
|move|p2a: Landorus-Therian|Stone Edge|p1a: Gliscor|[miss]
|-miss|p2a: Landorus-Therian|p1a: Gliscor
|
|-heal|p1a: Gliscor|208\/354 tox|[from] ability: Poison Heal
|-damage|p2a: Landorus-Therian|359\/382 tox|[from] psn
|turn|20
|
|move|p1a: Gliscor|Protect|p1a: Gliscor
|-singleturn|p1a: Gliscor|Protect
|move|p2a: Landorus-Therian|Stone Edge|p1a: Gliscor
|-activate|p1a: Gliscor|Protect
|
|-heal|p1a: Gliscor|252\/354 tox|[from] ability: Poison Heal
|-damage|p2a: Landorus-Therian|313\/382 tox|[from] psn
|turn|21
|chat|MrHackman|people who use gliscor = noobs
|
|move|p1a: Gliscor|Substitute|p1a: Gliscor
|-fail|p1a: Gliscor|move: Substitute
|move|p2a: Landorus-Therian|Stone Edge|p1a: Gliscor
|-end|p1a: Gliscor|Substitute
|
|-heal|p1a: Gliscor|296\/354 tox|[from] ability: Poison Heal
|-damage|p2a: Landorus-Therian|244\/382 tox|[from] psn
|turn|22
|chat|KnightSansArmour|<3 you too
|
|switch|p2a: Dragonite|Dragonite, M|122\/386 tox
|move|p1a: Gliscor|Substitute|p1a: Gliscor
|-start|p1a: Gliscor|Substitute
|-damage|p1a: Gliscor|208\/354 tox
|
|-heal|p1a: Gliscor|252\/354 tox|[from] ability: Poison Heal
|-damage|p2a: Dragonite|98\/386 tox|[from] psn
|turn|23
|
|move|p1a: Gliscor|Protect|p1a: Gliscor
|-singleturn|p1a: Gliscor|Protect
|move|p2a: Dragonite|Outrage|p1a: Gliscor
|-activate|p1a: Gliscor|Protect
|
|-heal|p1a: Gliscor|296\/354 tox|[from] ability: Poison Heal
|-damage|p2a: Dragonite|50\/386 tox|[from] psn
|turn|24
|chat|MrHackman|haha
|chat|MrHackman|its funny
|
|move|p1a: Gliscor|Substitute|p1a: Gliscor
|-fail|p1a: Gliscor|move: Substitute
|move|p2a: Dragonite|Outrage|p1a: Gliscor
|-end|p1a: Gliscor|Substitute
|
|-heal|p1a: Gliscor|340\/354 tox|[from] ability: Poison Heal
|-damage|p2a: Dragonite|0 fnt|[from] psn
|faint|p2a: Dragonite
|
|switch|p2a: Latios|Latios, M|76\/302 tox
|turn|25
|
|move|p1a: Gliscor|Protect|p1a: Gliscor
|-singleturn|p1a: Gliscor|Protect
|move|p2a: Latios|Surf|p1a: Gliscor
|-activate|p1a: Gliscor|Protect
|
|-heal|p2a: Latios|94\/302 tox|[from] item: Leftovers
|-damage|p2a: Latios|76\/302 tox|[from] psn
|-heal|p1a: Gliscor|354\/354 tox|[from] ability: Poison Heal
|turn|26
|
|switch|p2a: Jirachi|Jirachi|341\/341
|switch|p1a: Chansey|Chansey, F|649\/704
|-damage|p1a: Chansey|561\/704|[from] Stealth Rock
|
|turn|27
|
|switch|p1a: Gliscor|Gliscor, M|354\/354 tox
|-damage|p1a: Gliscor|310\/354 tox|[from] Stealth Rock
|move|p2a: Jirachi|Iron Head|p1a: Gliscor
|-damage|p1a: Gliscor|237\/354 tox
|
|-heal|p1a: Gliscor|281\/354 tox|[from] ability: Poison Heal
|turn|28
|
|move|p2a: Jirachi|Iron Head|p1a: Gliscor
|-damage|p1a: Gliscor|199\/354 tox
|cant|p1a: Gliscor|flinch
|
|-heal|p1a: Gliscor|243\/354 tox|[from] ability: Poison Heal
|turn|29
|
|move|p1a: Gliscor|Protect|p1a: Gliscor
|-singleturn|p1a: Gliscor|Protect
|move|p2a: Jirachi|Iron Head|p1a: Gliscor
|-activate|p1a: Gliscor|Protect
|
|-heal|p1a: Gliscor|287\/354 tox|[from] ability: Poison Heal
|turn|30
|
|move|p2a: Jirachi|Iron Head|p1a: Gliscor
|-damage|p1a: Gliscor|205\/354 tox
|cant|p1a: Gliscor|flinch
|
|-heal|p1a: Gliscor|249\/354 tox|[from] ability: Poison Heal
|turn|31
|
|switch|p2a: Latios|Latios, M|76\/302 tox
|move|p1a: Gliscor|Substitute|p1a: Gliscor
|-start|p1a: Gliscor|Substitute
|-damage|p1a: Gliscor|161\/354 tox
|
|-heal|p2a: Latios|94\/302 tox|[from] item: Leftovers
|-damage|p2a: Latios|76\/302 tox|[from] psn
|-heal|p1a: Gliscor|205\/354 tox|[from] ability: Poison Heal
|turn|32
|
|move|p1a: Gliscor|Protect|p1a: Gliscor
|-singleturn|p1a: Gliscor|Protect
|move|p2a: Latios|Surf|p1a: Gliscor
|-activate|p1a: Gliscor|Protect
|
|-heal|p2a: Latios|94\/302 tox|[from] item: Leftovers
|-damage|p2a: Latios|58\/302 tox|[from] psn
|-heal|p1a: Gliscor|249\/354 tox|[from] ability: Poison Heal
|turn|33
|chat|MrHackman|N-O-0-B
|
|move|p2a: Latios|Surf|p1a: Gliscor
|-supereffective|p1a: Gliscor
|-end|p1a: Gliscor|Substitute
|move|p1a: Gliscor|Substitute|p1a: Gliscor
|-start|p1a: Gliscor|Substitute
|-damage|p1a: Gliscor|161\/354 tox
|
|-heal|p2a: Latios|76\/302 tox|[from] item: Leftovers
|-damage|p2a: Latios|22\/302 tox|[from] psn
|-heal|p1a: Gliscor|205\/354 tox|[from] ability: Poison Heal
|turn|34
|
|switch|p2a: Magnezone|Magnezone|344\/344
|move|p1a: Gliscor|Protect|p1a: Gliscor
|-fail|p1a: Gliscor
|
|-heal|p1a: Gliscor|249\/354 tox|[from] ability: Poison Heal
|turn|35
|
|move|p1a: Gliscor|Protect|p1a: Gliscor
|-singleturn|p1a: Gliscor|Protect
|move|p2a: Magnezone|Flash Cannon|p1a: Gliscor
|-activate|p1a: Gliscor|Protect
|
|-heal|p1a: Gliscor|293\/354 tox|[from] ability: Poison Heal
|turn|36
|
|move|p1a: Gliscor|Earthquake|p2a: Magnezone
|-supereffective|p2a: Magnezone
|-damage|p2a: Magnezone|0 fnt
|faint|p2a: Magnezone
|
|-heal|p1a: Gliscor|337\/354 tox|[from] ability: Poison Heal
|
|switch|p2a: Jirachi|Jirachi|341\/341
|turn|37
|
|move|p2a: Jirachi|Healing Wish|p2a: Jirachi
|faint|p2a: Jirachi
|move|p1a: Gliscor|Earthquake|p2: Jirachi|[notarget]
|-notarget
|
|-heal|p1a: Gliscor|354\/354 tox|[from] ability: Poison Heal
|
|switch|p2a: Latios|Latios, M|22\/302 tox
|-heal|p2a: Latios|302\/302|[from] move: Healing Wish
|turn|38
|
|switch|p2a: Landorus-Therian|Landorus-Therian, M|244\/382 tox
|-activate|p1a: Gliscor|Substitute|ability: Intimidate|[of] p2a: Landorus-Therian
|switch|p1a: Chansey|Chansey, F|561\/704
|-damage|p1a: Chansey|473\/704|[from] Stealth Rock
|
|-damage|p2a: Landorus-Therian|221\/382 tox|[from] psn
|turn|39
|
|switch|p1a: Blastoise|Blastoise, M|362\/362
|-damage|p1a: Blastoise|317\/362|[from] Stealth Rock
|move|p2a: Landorus-Therian|Stone Edge|p1a: Blastoise
|-damage|p1a: Blastoise|166\/362
|
|-damage|p2a: Landorus-Therian|175\/382 tox|[from] psn
|turn|40
|
|detailschange|p1a: Blastoise|Blastoise-Mega, M
|message|Blastoise has Mega Evolved into Mega Blastoise!
|move|p2a: Landorus-Therian|Earthquake|p1a: Blastoise
|-damage|p1a: Blastoise|0 fnt
|faint|p1a: Blastoise
|
|-damage|p2a: Landorus-Therian|106\/382 tox|[from] psn
|
|switch|p1a: Gliscor|Gliscor, M|354\/354 tox
|-damage|p1a: Gliscor|310\/354 tox|[from] Stealth Rock
|turn|41
|
|move|p1a: Gliscor|Substitute|p1a: Gliscor
|-start|p1a: Gliscor|Substitute
|-damage|p1a: Gliscor|222\/354 tox
|move|p2a: Landorus-Therian|Stone Edge|p1a: Gliscor
|-end|p1a: Gliscor|Substitute
|
|-heal|p1a: Gliscor|266\/354 tox|[from] ability: Poison Heal
|-damage|p2a: Landorus-Therian|14\/382 tox|[from] psn
|turn|42
|
|move|p1a: Gliscor|Protect|p1a: Gliscor
|-singleturn|p1a: Gliscor|Protect
|move|p2a: Landorus-Therian|Stone Edge|p1a: Gliscor
|-activate|p1a: Gliscor|Protect
|
|-heal|p1a: Gliscor|310\/354 tox|[from] ability: Poison Heal
|-damage|p2a: Landorus-Therian|0 fnt|[from] psn
|faint|p2a: Landorus-Therian
|
|switch|p2a: Latios|Latios, M|302\/302
|turn|43
|
|switch|p1a: Zapdos|Zapdos|384\/384
|-damage|p1a: Zapdos|288\/384|[from] Stealth Rock
|-ability|p1a: Zapdos|Pressure
|move|p2a: Latios|Psyshock|p1a: Zapdos
|-damage|p1a: Zapdos|132\/384
|
|-heal|p1a: Zapdos|156\/384|[from] item: Leftovers
|turn|44
|
|move|p2a: Latios|Psyshock|p1a: Zapdos
|-damage|p1a: Zapdos|0 fnt
|faint|p1a: Zapdos
|
|
|switch|p1a: Chansey|Chansey, F|473\/704
|-damage|p1a: Chansey|385\/704|[from] Stealth Rock
|turn|45
|
|move|p2a: Latios|Psyshock|p1a: Chansey
|-damage|p1a: Chansey|207\/704
|move|p1a: Chansey|Soft-Boiled|p1a: Chansey
|-heal|p1a: Chansey|559\/704
|
|turn|46
|chat|MrHackman|wow
|chat|MrHackman|you are amazing
|chat|MrHackman|pro player
|
|move|p2a: Latios|Psyshock|p1a: Chansey
|-damage|p1a: Chansey|358\/704
|move|p1a: Chansey|Toxic|p2a: Latios
|-status|p2a: Latios|tox
|
|-damage|p2a: Latios|284\/302 tox|[from] psn
|turn|47
|chat|KnightSansArmour|<3 you too buddy
|chat|MrHackman|noob stall team copied from yt
|chat|MrHackman|gg pro
|-message|MrHackman forfeited.
|
|win|KnightSansArmour
|raw|Ladder updating...
|leave|MrHackman
|player|p2
|chat|KnightSansArmour|Mate, this is made myself
|raw|KnightSansArmour's rating: 1607 &rarr; <strong>1622<\/strong><br \/>(+15 for winning)
|raw|MrHackman's rating: 1519 &rarr; <strong>1504<\/strong><br \/>(-15 for losing)