|join|DoomX
|join|KnightSansArmour
|player|p1|DoomX|148
|player|p2|KnightSansArmour|170
|gametype|singles
|gen|6
|tier|OU
|rated
|clearpoke
|poke|p1|Entei, shiny
|poke|p1|Mandibuzz, F
|poke|p1|Sylveon, F
|poke|p1|Charizard, F
|poke|p1|Ferrothorn, F
|poke|p1|Raikou, shiny
|poke|p2|Gliscor, M
|poke|p2|Chansey, F
|poke|p2|Noivern, F
|poke|p2|Blastoise, M
|poke|p2|Zapdos
|poke|p2|Metagross
|rule|Swagger Clause: Swagger is banned
|rule|Baton Pass Clause: Limit 3 pokemon knowing Baton Pass
|rule|Sleep Clause Mod: Limit one foe put to sleep
|rule|Species Clause: Limit one of each Pokemon
|rule|OHKO Clause: OHKO moves are banned
|rule|Moody Clause: Moody is banned
|rule|Evasion Moves Clause: Evasion moves are banned
|rule|Endless Battle Clause: Forcing endless battles is banned
|rule|HP Percentage Mod: HP is reported as percentages
|teampreview
|
|start
|switch|p1a: Ferrothorn|Ferrothorn, F|352\/352
|switch|p2a: Blastoise|Blastoise, M|362\/362
|turn|1
|
|switch|p1a: Charizard|Charizard, F|297\/297
|detailschange|p2a: Blastoise|Blastoise-Mega, M
|message|Blastoise has Mega Evolved into Mega Blastoise!
|move|p2a: Blastoise|Aura Sphere|p1a: Charizard
|-resisted|p1a: Charizard
|-damage|p1a: Charizard|206\/297
|
|turn|2
|
|detailschange|p1a: Charizard|Charizard-Mega-Y, F
|message|Charizard has Mega Evolved into Mega Charizard!
|-weather|SunnyDay
|move|p1a: Charizard|Solar Beam|p2a: Blastoise|[still]
|-prepare|p1a: Charizard|Solar Beam|p2a: Blastoise
|-anim|p1a: Charizard|Solar Beam|p2a: Blastoise
|-supereffective|p2a: Blastoise
|-damage|p2a: Blastoise|52\/362
|move|p2a: Blastoise|Water Pulse|p1a: Charizard
|-supereffective|p1a: Charizard
|-damage|p1a: Charizard|56\/297
|-start|p1a: Charizard|confusion
|
|-weather|SunnyDay|[upkeep]
|turn|3
|
|switch|p1a: Raikou|Raikou, shiny|321\/321
|-ability|p1a: Raikou|Pressure
|switch|p2a: Chansey|Chansey, F|704\/704
|
|-weather|SunnyDay|[upkeep]
|turn|4
|
|move|p1a: Raikou|Volt Switch|p2a: Chansey
|-damage|p2a: Chansey|590\/704
|
|switch|p1a: Ferrothorn|Ferrothorn, F|352\/352
|move|p2a: Chansey|Toxic|p1a: Ferrothorn
|-fail|p1a: Ferrothorn
|
|-weather|SunnyDay|[upkeep]
|turn|5
|
|switch|p2a: Zapdos|Zapdos|384\/384
|-ability|p2a: Zapdos|Pressure
|move|p1a: Ferrothorn|Stealth Rock|p2a: Zapdos
|-sidestart|p2: KnightSansArmour|move: Stealth Rock
|
|-weather|SunnyDay|[upkeep]
|turn|6
|
|switch|p1a: Raikou|Raikou, shiny|321\/321
|-ability|p1a: Raikou|Pressure
|move|p2a: Zapdos|Defog|p1a: Raikou
|-unboost|p1a: Raikou|evasion|1
|-sideend|p2: KnightSansArmour|Stealth Rock|[from] move: Defog|[of] p2a: Zapdos
|
|-weather|none
|turn|7
|
|switch|p2a: Chansey|Chansey, F|590\/704
|move|p1a: Raikou|Volt Switch|p2a: Chansey
|-damage|p2a: Chansey|484\/704
|
|switch|p1a: Ferrothorn|Ferrothorn, F|352\/352
|
|turn|8
|
|switch|p2a: Zapdos|Zapdos|384\/384
|-ability|p2a: Zapdos|Pressure
|move|p1a: Ferrothorn|Leech Seed|p2a: Zapdos
|-start|p2a: Zapdos|move: Leech Seed
|
|-damage|p2a: Zapdos|336\/384|[from] Leech Seed|[of] p1a: Ferrothorn
|turn|9
|
|move|p1a: Ferrothorn|Protect|p1a: Ferrothorn
|-singleturn|p1a: Ferrothorn|Protect
|move|p2a: Zapdos|Heat Wave|p1a: Ferrothorn
|-activate|p1a: Ferrothorn|Protect
|
|-heal|p2a: Zapdos|360\/384|[from] item: Leftovers
|-damage|p2a: Zapdos|312\/384|[from] Leech Seed|[of] p1a: Ferrothorn
|turn|10
|
|switch|p1a: Entei|Entei, shiny|377\/377
|-ability|p1a: Entei|Pressure
|move|p2a: Zapdos|Heat Wave|p1a: Entei
|-resisted|p1a: Entei
|-damage|p1a: Entei|337\/377
|
|-heal|p2a: Zapdos|336\/384|[from] item: Leftovers
|-damage|p2a: Zapdos|288\/384|[from] Leech Seed|[of] p1a: Entei
|-heal|p1a: Entei|377\/377|[silent]
|turn|11
|
|switch|p2a: Blastoise|Blastoise-Mega, M|52\/362
|move|p1a: Entei|Sacred Fire|p2a: Blastoise
|-resisted|p2a: Blastoise
|-damage|p2a: Blastoise|0 fnt
|faint|p2a: Blastoise
|
|
|switch|p2a: Chansey|Chansey, F|484\/704
|turn|12
|
|move|p1a: Entei|Sacred Fire|p2a: Chansey
|-damage|p2a: Chansey|255\/704
|move|p2a: Chansey|Soft-Boiled|p2a: Chansey
|-heal|p2a: Chansey|607\/704
|
|turn|13
|
|switch|p1a: Ferrothorn|Ferrothorn, F|352\/352
|move|p2a: Chansey|Toxic|p1a: Ferrothorn
|-fail|p1a: Ferrothorn
|
|turn|14
|
|switch|p2a: Zapdos|Zapdos|288\/384
|-ability|p2a: Zapdos|Pressure
|move|p1a: Ferrothorn|Leech Seed|p2a: Zapdos
|-start|p2a: Zapdos|move: Leech Seed
|
|-heal|p2a: Zapdos|312\/384|[from] item: Leftovers
|-damage|p2a: Zapdos|264\/384|[from] Leech Seed|[of] p1a: Ferrothorn
|turn|15
|
|switch|p1a: Entei|Entei, shiny|377\/377
|-ability|p1a: Entei|Pressure
|move|p2a: Zapdos|Roost|p2a: Zapdos
|-heal|p2a: Zapdos|384\/384
|
|-damage|p2a: Zapdos|336\/384|[from] Leech Seed|[of] p1a: Entei
|turn|16
|
|switch|p2a: Chansey|Chansey, F|607\/704
|move|p1a: Entei|Sacred Fire|p2a: Chansey
|-damage|p2a: Chansey|378\/704
|
|turn|17
|
|switch|p1a: Ferrothorn|Ferrothorn, F|352\/352
|move|p2a: Chansey|Soft-Boiled|p2a: Chansey
|-heal|p2a: Chansey|704\/704
|
|turn|18
|
|switch|p2a: Gliscor|Gliscor, M|354\/354
|move|p1a: Ferrothorn|Leech Seed|p2a: Gliscor
|-start|p2a: Gliscor|move: Leech Seed
|
|-damage|p2a: Gliscor|310\/354|[from] Leech Seed|[of] p1a: Ferrothorn
|-status|p2a: Gliscor|tox|[from] item: Toxic Orb
|turn|19
|
|switch|p2a: Zapdos|Zapdos|336\/384
|-ability|p2a: Zapdos|Pressure
|move|p1a: Ferrothorn|Stealth Rock|p2a: Zapdos
|-sidestart|p2: KnightSansArmour|move: Stealth Rock
|
|-heal|p2a: Zapdos|360\/384|[from] item: Leftovers
|turn|20
|
|switch|p1a: Raikou|Raikou, shiny|321\/321
|-ability|p1a: Raikou|Pressure
|move|p2a: Zapdos|Defog|p1a: Raikou
|-unboost|p1a: Raikou|evasion|1
|-sideend|p2: KnightSansArmour|Stealth Rock|[from] move: Defog|[of] p2a: Zapdos
|
|-heal|p2a: Zapdos|384\/384|[from] item: Leftovers
|turn|21
|
|switch|p2a: Gliscor|Gliscor, M|310\/354 tox
|move|p1a: Raikou|Volt Switch|p2a: Gliscor
|-immune|p2a: Gliscor|[msg]
|
|-heal|p2a: Gliscor|354\/354 tox|[from] ability: Poison Heal
|turn|22
|
|switch|p1a: Ferrothorn|Ferrothorn, F|352\/352
|move|p2a: Gliscor|Protect|p2a: Gliscor
|-fail|p2a: Gliscor
|
|turn|23
|
|switch|p2a: Zapdos|Zapdos|384\/384
|-ability|p2a: Zapdos|Pressure
|move|p1a: Ferrothorn|Stealth Rock|p2a: Zapdos
|-sidestart|p2: KnightSansArmour|move: Stealth Rock
|
|turn|24
|
|switch|p1a: Charizard|Charizard-Mega-Y, F|56\/297
|-weather|SunnyDay
|move|p2a: Zapdos|Defog|p1a: Charizard
|-unboost|p1a: Charizard|evasion|1
|-sideend|p2: KnightSansArmour|Stealth Rock|[from] move: Defog|[of] p2a: Zapdos
|
|-weather|SunnyDay|[upkeep]
|turn|25
|
|switch|p2a: Chansey|Chansey, F|704\/704
|move|p1a: Charizard|Fire Blast|p2a: Chansey
|-damage|p2a: Chansey|491\/704
|
|-weather|SunnyDay|[upkeep]
|turn|26
|
|switch|p1a: Entei|Entei, shiny|377\/377
|-ability|p1a: Entei|Pressure
|move|p2a: Chansey|Toxic|p1a: Entei
|-status|p1a: Entei|tox
|
|-weather|SunnyDay|[upkeep]
|-damage|p1a: Entei|354\/377 tox|[from] psn
|turn|27
|
|move|p1a: Entei|Sacred Fire|p2a: Chansey
|-damage|p2a: Chansey|118\/704
|-status|p2a: Chansey|brn
|move|p2a: Chansey|Soft-Boiled|p2a: Chansey
|-heal|p2a: Chansey|470\/704 brn
|
|-weather|SunnyDay|[upkeep]
|-damage|p1a: Entei|308\/377 tox|[from] psn
|-damage|p2a: Chansey|382\/704 brn|[from] brn
|turn|28
|
|switch|p2a: Metagross|Metagross|364\/364
|move|p1a: Entei|Sacred Fire|p2a: Metagross
|-supereffective|p2a: Metagross
|-damage|p2a: Metagross|0 fnt
|faint|p2a: Metagross
|
|-weather|none
|-damage|p1a: Entei|239\/377 tox|[from] psn
|
|switch|p2a: Noivern|Noivern, F|311\/311
|turn|29
|
|switch|p1a: Sylveon|Sylveon, F|394\/394
|move|p2a: Noivern|Hurricane|p1a: Sylveon|[miss]
|-miss|p2a: Noivern|p1a: Sylveon
|
|turn|30
|
|switch|p2a: Chansey|Chansey, F|382\/704
|move|p1a: Sylveon|Heal Bell|p1a: Sylveon
|-cureteam|p1a: Sylveon|[from] move: HealBell
|
|turn|31
|
|move|p1a: Sylveon|Wish|p1a: Sylveon
|move|p2a: Chansey|Toxic|p1a: Sylveon
|-status|p1a: Sylveon|tox
|
|-damage|p1a: Sylveon|370\/394 tox|[from] psn
|turn|32
|
|switch|p1a: Entei|Entei, shiny|239\/377
|-ability|p1a: Entei|Pressure
|move|p2a: Chansey|Seismic Toss|p1a: Entei
|-damage|p1a: Entei|139\/377
|
|-heal|p1a: Entei|336\/377|[from] move: Wish|[wisher] Sylveon
|turn|33
|
|switch|p1a: Sylveon|Sylveon, F|370\/394 tox
|move|p2a: Chansey|Soft-Boiled|p2a: Chansey
|-heal|p2a: Chansey|704\/704
|
|-heal|p1a: Sylveon|394\/394 tox|[from] item: Leftovers
|-damage|p1a: Sylveon|370\/394 tox|[from] psn
|turn|34
|
|move|p1a: Sylveon|Wish|p1a: Sylveon
|move|p2a: Chansey|Seismic Toss|p1a: Sylveon
|-damage|p1a: Sylveon|270\/394 tox
|
|-heal|p1a: Sylveon|294\/394 tox|[from] item: Leftovers
|-damage|p1a: Sylveon|246\/394 tox|[from] psn
|turn|35
|
|move|p1a: Sylveon|Heal Bell|p1a: Sylveon
|-cureteam|p1a: Sylveon|[from] move: HealBell
|move|p2a: Chansey|Toxic|p1a: Sylveon
|-status|p1a: Sylveon|tox
|
|-heal|p1a: Sylveon|394\/394 tox|[from] move: Wish|[wisher] Sylveon
|-damage|p1a: Sylveon|370\/394 tox|[from] psn
|turn|36
|
|switch|p1a: Ferrothorn|Ferrothorn, F|352\/352
|move|p2a: Chansey|Seismic Toss|p1a: Ferrothorn
|-damage|p1a: Ferrothorn|252\/352
|-damage|p2a: Chansey|616\/704|[from] ability: Iron Barbs|[of] p1a: Ferrothorn
|
|-heal|p1a: Ferrothorn|274\/352|[from] item: Leftovers
|turn|37
|
|switch|p2a: Zapdos|Zapdos|384\/384
|-ability|p2a: Zapdos|Pressure
|move|p1a: Ferrothorn|Leech Seed|p2a: Zapdos
|-start|p2a: Zapdos|move: Leech Seed
|
|-heal|p1a: Ferrothorn|296\/352|[from] item: Leftovers
|-damage|p2a: Zapdos|336\/384|[from] Leech Seed|[of] p1a: Ferrothorn
|-heal|p1a: Ferrothorn|344\/352|[silent]
|turn|38
|
|move|p1a: Ferrothorn|Protect|p1a: Ferrothorn
|-singleturn|p1a: Ferrothorn|Protect
|move|p2a: Zapdos|Thunderbolt|p1a: Ferrothorn
|-activate|p1a: Ferrothorn|Protect
|
|-heal|p2a: Zapdos|360\/384|[from] item: Leftovers
|-heal|p1a: Ferrothorn|352\/352|[from] item: Leftovers
|-damage|p2a: Zapdos|312\/384|[from] Leech Seed|[of] p1a: Ferrothorn
|turn|39
|
|switch|p1a: Entei|Entei, shiny|336\/377
|-ability|p1a: Entei|Pressure
|move|p2a: Zapdos|Heat Wave|p1a: Entei
|-miss|p2a: Zapdos|p1a: Entei
|
|-heal|p2a: Zapdos|336\/384|[from] item: Leftovers
|-damage|p2a: Zapdos|288\/384|[from] Leech Seed|[of] p1a: Entei
|-heal|p1a: Entei|377\/377|[silent]
|turn|40
|
|switch|p1a: Charizard|Charizard-Mega-Y, F|56\/297
|-weather|SunnyDay
|switch|p2a: Gliscor|Gliscor, M|354\/354 tox
|
|-weather|SunnyDay|[upkeep]
|turn|41
|
|move|p1a: Charizard|Fire Blast|p2a: Gliscor
|-damage|p2a: Gliscor|0 fnt
|faint|p2a: Gliscor
|
|-weather|SunnyDay|[upkeep]
|-message|KnightSansArmour forfeited.
|
|win|DoomX
|raw|Ladder updating...
|leave|KnightSansArmour
|player|p2
|raw|DoomX's rating: 1630 &rarr; <strong>1647<\/strong><br \/>(+17 for winning)
|raw|KnightSansArmour's rating: 1577 &rarr; <strong>1560<\/strong><br \/>(-17 for losing)