|join|KnightSansArmour
|join|erik jefferson
|player|p1|KnightSansArmour|208
|player|p2|erik jefferson|102
|gametype|singles
|gen|6
|tier|OU
|rated
|clearpoke
|poke|p1|Gliscor, M
|poke|p1|Chansey, F
|poke|p1|Noivern, F
|poke|p1|Blastoise, M
|poke|p1|Zapdos
|poke|p1|Metagross
|poke|p2|Suicune
|poke|p2|Latias, F
|poke|p2|Thundurus, M
|poke|p2|Charizard, F
|poke|p2|Garchomp, F
|poke|p2|Aegislash, M
|rule|Swagger Clause: Swagger is banned
|rule|Baton Pass Clause: Limit three PokÃ©mon knowing Baton Pass
|rule|Sleep Clause Mod: Limit one foe put to sleep
|rule|Species Clause: Limit one of each PokÃ©mon
|rule|OHKO Clause: OHKO moves are banned
|rule|Moody Clause: Moody is banned
|rule|Evasion Moves Clause: Evasion moves are banned
|rule|Endless Battle Clause: Forcing endless battles is banned
|rule|HP Percentage Mod: HP is reported as percentages
|teampreview
|join|flyinghedgehog
|
|start
|switch|p1a: Gliscor|Gliscor, M|354\/354
|switch|p2a: Garchomp|Garchomp, F|358\/358
|turn|1
|
|switch|p2a: Thundurus|Thundurus, M|300\/300
|move|p1a: Gliscor|Toxic|p2a: Thundurus
|-status|p2a: Thundurus|tox
|
|-damage|p2a: Thundurus|282\/300 tox|[from] psn
|-status|p1a: Gliscor|tox|[from] item: Toxic Orb
|turn|2
|
|switch|p2a: Latias|Latias, F|302\/302
|move|p1a: Gliscor|Protect|p1a: Gliscor
|-fail|p1a: Gliscor
|
|turn|3
|
|switch|p1a: Chansey|Chansey, F|704\/704
|move|p2a: Latias|Draco Meteor|p1a: Chansey
|-damage|p1a: Chansey|525\/704
|-unboost|p2a: Latias|spa|2
|-damage|p2a: Latias|272\/302|[from] item: Life Orb
|
|turn|4
|
|switch|p2a: Aegislash|Aegislash, M|261\/261
|move|p1a: Chansey|Toxic|p2a: Aegislash
|-fail|p2a: Aegislash
|
|turn|5
|
|switch|p1a: Zapdos|Zapdos|384\/384
|-ability|p1a: Zapdos|Pressure
|-formechange|p2a: Aegislash|Aegislash-Blade
|move|p2a: Aegislash|Shadow Ball|p1a: Zapdos
|-crit|p1a: Zapdos
|-damage|p1a: Zapdos|43\/384
|-damage|p2a: Aegislash|235\/261|[from] item: Life Orb
|
|-heal|p1a: Zapdos|67\/384|[from] item: Leftovers
|turn|6
|leave|flyinghedgehog
|
|move|p2a: Aegislash|Shadow Sneak|p1a: Zapdos
|-damage|p1a: Zapdos|0 fnt
|-damage|p2a: Aegislash|209\/261|[from] item: Life Orb
|faint|p1a: Zapdos
|
|
|switch|p1a: Blastoise|Blastoise, M|362\/362
|turn|7
|
|switch|p2a: Latias|Latias, F|272\/302
|detailschange|p1a: Blastoise|Blastoise-Mega, M
|message|Blastoise has Mega Evolved into Mega Blastoise!
|move|p1a: Blastoise|Dark Pulse|p2a: Latias
|-supereffective|p2a: Latias
|-damage|p2a: Latias|4\/302
|
|turn|8
|
|switch|p1a: Chansey|Chansey, F|525\/704
|move|p2a: Latias|Thunderbolt|p1a: Chansey
|-damage|p1a: Chansey|443\/704
|-damage|p2a: Latias|0 fnt|[from] item: Life Orb
|faint|p2a: Latias
|
|
|switch|p2a: Suicune|Suicune|404\/404
|-ability|p2a: Suicune|Pressure
|turn|9
|
|move|p2a: Suicune|Calm Mind|p2a: Suicune
|-boost|p2a: Suicune|spa|1
|-boost|p2a: Suicune|spd|1
|move|p1a: Chansey|Toxic|p2a: Suicune
|-status|p2a: Suicune|tox
|
|-damage|p2a: Suicune|379\/404 tox|[from] psn
|turn|10
|
|move|p2a: Suicune|Calm Mind|p2a: Suicune
|-boost|p2a: Suicune|spa|1
|-boost|p2a: Suicune|spd|1
|move|p1a: Chansey|Soft-Boiled|p1a: Chansey
|-heal|p1a: Chansey|704\/704
|
|-heal|p2a: Suicune|404\/404 tox|[from] item: Leftovers
|-damage|p2a: Suicune|354\/404 tox|[from] psn
|turn|11
|
|move|p2a: Suicune|Calm Mind|p2a: Suicune
|-boost|p2a: Suicune|spa|1
|-boost|p2a: Suicune|spd|1
|move|p1a: Chansey|Seismic Toss|p2a: Suicune
|-damage|p2a: Suicune|254\/404 tox
|
|-heal|p2a: Suicune|279\/404 tox|[from] item: Leftovers
|-damage|p2a: Suicune|204\/404 tox|[from] psn
|turn|12
|
|move|p2a: Suicune|Rest|p2a: Suicune
|-status|p2a: Suicune|slp
|-heal|p2a: Suicune|404\/404 slp|[silent]
|-status|p2a: Suicune|slp|[from] move: Rest
|move|p1a: Chansey|Seismic Toss|p2a: Suicune
|-damage|p2a: Suicune|304\/404 slp
|
|-heal|p2a: Suicune|329\/404 slp|[from] item: Leftovers
|turn|13
|
|switch|p1a: Metagross|Metagross|364\/364
|cant|p2a: Suicune|slp
|move|p2a: Suicune|Sleep Talk|p2a: Suicune
|move|p2a: Suicune|Rest|p2a: Suicune|[from]Sleep Talk
|-fail|p2a: Suicune
|
|-heal|p2a: Suicune|354\/404 slp|[from] item: Leftovers
|turn|14
|
|cant|p2a: Suicune|slp
|move|p2a: Suicune|Sleep Talk|p2a: Suicune
|move|p2a: Suicune|Calm Mind|p2a: Suicune|[from]Sleep Talk
|-boost|p2a: Suicune|spa|1
|-boost|p2a: Suicune|spd|1
|move|p1a: Metagross|Zen Headbutt|p2a: Suicune|[miss]
|-miss|p1a: Metagross|p2a: Suicune
|
|-heal|p2a: Suicune|379\/404 slp|[from] item: Leftovers
|turn|15
|
|-curestatus|p2a: Suicune|slp
|move|p2a: Suicune|Scald|p1a: Metagross
|-damage|p1a: Metagross|184\/364
|move|p1a: Metagross|Zen Headbutt|p2a: Suicune
|-damage|p2a: Suicune|264\/404
|
|-heal|p2a: Suicune|289\/404|[from] item: Leftovers
|turn|16
|
|switch|p1a: Chansey|Chansey, F|704\/704
|move|p2a: Suicune|Scald|p1a: Chansey
|-damage|p1a: Chansey|548\/704
|
|-heal|p2a: Suicune|314\/404|[from] item: Leftovers
|turn|17
|
|move|p2a: Suicune|Calm Mind|p2a: Suicune
|-boost|p2a: Suicune|spa|1
|-boost|p2a: Suicune|spd|1
|move|p1a: Chansey|Toxic|p2a: Suicune
|-status|p2a: Suicune|tox
|
|-heal|p2a: Suicune|339\/404 tox|[from] item: Leftovers
|-damage|p2a: Suicune|314\/404 tox|[from] psn
|turn|18
|
|move|p2a: Suicune|Calm Mind|p2a: Suicune
|-boost|p2a: Suicune|spa|1
|-boost|p2a: Suicune|spd|1
|move|p1a: Chansey|Seismic Toss|p2a: Suicune
|-damage|p2a: Suicune|214\/404 tox
|
|-heal|p2a: Suicune|239\/404 tox|[from] item: Leftovers
|-damage|p2a: Suicune|189\/404 tox|[from] psn
|turn|19
|
|move|p2a: Suicune|Rest|p2a: Suicune
|-status|p2a: Suicune|slp
|-heal|p2a: Suicune|404\/404 slp|[silent]
|-status|p2a: Suicune|slp|[from] move: Rest
|move|p1a: Chansey|Seismic Toss|p2a: Suicune
|-damage|p2a: Suicune|304\/404 slp
|
|-heal|p2a: Suicune|329\/404 slp|[from] item: Leftovers
|turn|20
|
|cant|p2a: Suicune|slp
|move|p2a: Suicune|Sleep Talk|p2a: Suicune
|move|p2a: Suicune|Calm Mind|p2a: Suicune|[from]Sleep Talk
|-fail|p2a: Suicune
|move|p1a: Chansey|Seismic Toss|p2a: Suicune
|-damage|p2a: Suicune|229\/404 slp
|
|-heal|p2a: Suicune|254\/404 slp|[from] item: Leftovers
|turn|21
|
|cant|p2a: Suicune|slp
|move|p2a: Suicune|Sleep Talk|p2a: Suicune
|move|p2a: Suicune|Calm Mind|p2a: Suicune|[from]Sleep Talk
|-fail|p2a: Suicune
|move|p1a: Chansey|Seismic Toss|p2a: Suicune
|-damage|p2a: Suicune|154\/404 slp
|
|-heal|p2a: Suicune|179\/404 slp|[from] item: Leftovers
|turn|22
|
|-curestatus|p2a: Suicune|slp
|move|p2a: Suicune|Rest|p2a: Suicune
|-status|p2a: Suicune|slp
|-heal|p2a: Suicune|404\/404 slp|[silent]
|-status|p2a: Suicune|slp|[from] move: Rest
|move|p1a: Chansey|Toxic|p2a: Suicune
|-fail|p2a: Suicune
|
|turn|23
|
|cant|p2a: Suicune|slp
|move|p1a: Chansey|Seismic Toss|p2a: Suicune
|-damage|p2a: Suicune|304\/404 slp
|
|-heal|p2a: Suicune|329\/404 slp|[from] item: Leftovers
|turn|24
|
|cant|p2a: Suicune|slp
|move|p2a: Suicune|Sleep Talk|p2a: Suicune
|move|p2a: Suicune|Calm Mind|p2a: Suicune|[from]Sleep Talk
|-fail|p2a: Suicune
|move|p1a: Chansey|Seismic Toss|p2a: Suicune
|-damage|p2a: Suicune|229\/404 slp
|
|-heal|p2a: Suicune|254\/404 slp|[from] item: Leftovers
|turn|25
|
|-curestatus|p2a: Suicune|slp
|move|p2a: Suicune|Scald|p1a: Chansey
|-damage|p1a: Chansey|331\/704
|move|p1a: Chansey|Seismic Toss|p2a: Suicune
|-damage|p2a: Suicune|154\/404
|
|-heal|p2a: Suicune|179\/404|[from] item: Leftovers
|turn|26
|
|move|p2a: Suicune|Rest|p2a: Suicune
|-status|p2a: Suicune|slp
|-heal|p2a: Suicune|404\/404 slp|[silent]
|-status|p2a: Suicune|slp|[from] move: Rest
|move|p1a: Chansey|Soft-Boiled|p1a: Chansey
|-heal|p1a: Chansey|683\/704
|
|turn|27
|
|cant|p2a: Suicune|slp
|move|p1a: Chansey|Seismic Toss|p2a: Suicune
|-damage|p2a: Suicune|304\/404 slp
|
|-heal|p2a: Suicune|329\/404 slp|[from] item: Leftovers
|turn|28
|
|cant|p2a: Suicune|slp
|move|p1a: Chansey|Seismic Toss|p2a: Suicune
|-damage|p2a: Suicune|229\/404 slp
|
|-heal|p2a: Suicune|254\/404 slp|[from] item: Leftovers
|turn|29
|
|-curestatus|p2a: Suicune|slp
|move|p2a: Suicune|Rest|p2a: Suicune
|-status|p2a: Suicune|slp
|-heal|p2a: Suicune|404\/404 slp|[silent]
|-status|p2a: Suicune|slp|[from] move: Rest
|move|p1a: Chansey|Seismic Toss|p2a: Suicune
|-damage|p2a: Suicune|304\/404 slp
|
|-heal|p2a: Suicune|329\/404 slp|[from] item: Leftovers
|turn|30
|
|cant|p2a: Suicune|slp
|move|p1a: Chansey|Seismic Toss|p2a: Suicune
|-damage|p2a: Suicune|229\/404 slp
|
|-heal|p2a: Suicune|254\/404 slp|[from] item: Leftovers
|turn|31
|
|cant|p2a: Suicune|slp
|move|p2a: Suicune|Sleep Talk|p2a: Suicune
|move|p2a: Suicune|Calm Mind|p2a: Suicune|[from]Sleep Talk
|-fail|p2a: Suicune
|move|p1a: Chansey|Seismic Toss|p2a: Suicune
|-damage|p2a: Suicune|154\/404 slp
|
|-heal|p2a: Suicune|179\/404 slp|[from] item: Leftovers
|turn|32
|
|switch|p1a: Metagross|Metagross|184\/364
|-curestatus|p2a: Suicune|slp
|move|p2a: Suicune|Rest|p2a: Suicune
|-status|p2a: Suicune|slp
|-heal|p2a: Suicune|404\/404 slp|[silent]
|-status|p2a: Suicune|slp|[from] move: Rest
|
|turn|33
|
|switch|p1a: Chansey|Chansey, F|683\/704
|cant|p2a: Suicune|slp
|move|p2a: Suicune|Sleep Talk|p2a: Suicune
|move|p2a: Suicune|Rest|p2a: Suicune|[from]Sleep Talk
|-fail|p2a: Suicune
|
|turn|34
|
|switch|p1a: Metagross|Metagross|184\/364
|cant|p2a: Suicune|slp
|
|turn|35
|
|switch|p1a: Chansey|Chansey, F|683\/704
|-curestatus|p2a: Suicune|slp
|move|p2a: Suicune|Sleep Talk|p2a: Suicune
|-fail|p2a: Suicune
|
|turn|36
|
|move|p2a: Suicune|Scald|p1a: Chansey
|-damage|p1a: Chansey|449\/704
|move|p1a: Chansey|Toxic|p2a: Suicune
|-status|p2a: Suicune|tox
|
|-damage|p2a: Suicune|379\/404 tox|[from] psn
|turn|37
|
|move|p2a: Suicune|Scald|p1a: Chansey
|-damage|p1a: Chansey|220\/704
|move|p1a: Chansey|Soft-Boiled|p1a: Chansey
|-heal|p1a: Chansey|572\/704
|
|-heal|p2a: Suicune|404\/404 tox|[from] item: Leftovers
|-damage|p2a: Suicune|354\/404 tox|[from] psn
|turn|38
|
|move|p2a: Suicune|Scald|p1a: Chansey
|-damage|p1a: Chansey|367\/704
|move|p1a: Chansey|Soft-Boiled|p1a: Chansey
|-heal|p1a: Chansey|704\/704
|
|-heal|p2a: Suicune|379\/404 tox|[from] item: Leftovers
|-damage|p2a: Suicune|304\/404 tox|[from] psn
|turn|39
|
|move|p2a: Suicune|Scald|p1a: Chansey
|-damage|p1a: Chansey|490\/704
|move|p1a: Chansey|Seismic Toss|p2a: Suicune
|-damage|p2a: Suicune|204\/404 tox
|
|-heal|p2a: Suicune|229\/404 tox|[from] item: Leftovers
|-damage|p2a: Suicune|129\/404 tox|[from] psn
|turn|40
|
|switch|p1a: Gliscor|Gliscor, M|354\/354 tox
|move|p2a: Suicune|Rest|p2a: Suicune
|-status|p2a: Suicune|slp
|-heal|p2a: Suicune|404\/404 slp|[silent]
|-status|p2a: Suicune|slp|[from] move: Rest
|
|turn|41
|
|move|p1a: Gliscor|Protect|p1a: Gliscor
|-singleturn|p1a: Gliscor|Protect
|cant|p2a: Suicune|slp
|
|turn|42
|
|move|p1a: Gliscor|Substitute|p1a: Gliscor
|-start|p1a: Gliscor|Substitute
|-damage|p1a: Gliscor|266\/354 tox
|cant|p2a: Suicune|slp
|
|-heal|p1a: Gliscor|310\/354 tox|[from] ability: Poison Heal
|turn|43
|
|move|p1a: Gliscor|Earthquake|p2a: Suicune
|-damage|p2a: Suicune|334\/404 slp
|-curestatus|p2a: Suicune|slp
|move|p2a: Suicune|Scald|p1a: Gliscor
|-supereffective|p1a: Gliscor
|-end|p1a: Gliscor|Substitute
|
|-heal|p2a: Suicune|359\/404|[from] item: Leftovers
|-heal|p1a: Gliscor|354\/354 tox|[from] ability: Poison Heal
|turn|44
|
|switch|p1a: Chansey|Chansey, F|490\/704
|move|p2a: Suicune|Calm Mind|p2a: Suicune
|-fail|p2a: Suicune
|
|-heal|p2a: Suicune|384\/404|[from] item: Leftovers
|turn|45
|
|move|p2a: Suicune|Calm Mind|p2a: Suicune
|-fail|p2a: Suicune
|move|p1a: Chansey|Toxic|p2a: Suicune
|-status|p2a: Suicune|tox
|
|-heal|p2a: Suicune|404\/404 tox|[from] item: Leftovers
|-damage|p2a: Suicune|379\/404 tox|[from] psn
|turn|46
|
|move|p2a: Suicune|Scald|p1a: Chansey
|-damage|p1a: Chansey|285\/704
|move|p1a: Chansey|Soft-Boiled|p1a: Chansey
|-heal|p1a: Chansey|637\/704
|
|-heal|p2a: Suicune|404\/404 tox|[from] item: Leftovers
|-damage|p2a: Suicune|354\/404 tox|[from] psn
|turn|47
|
|move|p2a: Suicune|Calm Mind|p2a: Suicune
|-fail|p2a: Suicune
|move|p1a: Chansey|Seismic Toss|p2a: Suicune
|-damage|p2a: Suicune|254\/404 tox
|
|-heal|p2a: Suicune|279\/404 tox|[from] item: Leftovers
|-damage|p2a: Suicune|204\/404 tox|[from] psn
|turn|48
|
|move|p2a: Suicune|Rest|p2a: Suicune
|-status|p2a: Suicune|slp
|-heal|p2a: Suicune|404\/404 slp|[silent]
|-status|p2a: Suicune|slp|[from] move: Rest
|move|p1a: Chansey|Soft-Boiled|p1a: Chansey
|-heal|p1a: Chansey|704\/704
|
|turn|49
|
|switch|p1a: Gliscor|Gliscor, M|354\/354 tox
|cant|p2a: Suicune|slp
|
|turn|50
|
|move|p1a: Gliscor|Substitute|p1a: Gliscor
|-start|p1a: Gliscor|Substitute
|-damage|p1a: Gliscor|266\/354 tox
|cant|p2a: Suicune|slp
|
|-heal|p1a: Gliscor|310\/354 tox|[from] ability: Poison Heal
|turn|51
|
|move|p1a: Gliscor|Protect|p1a: Gliscor
|-singleturn|p1a: Gliscor|Protect
|-curestatus|p2a: Suicune|slp
|move|p2a: Suicune|Scald|p1a: Gliscor
|-activate|p1a: Gliscor|Protect
|
|-heal|p1a: Gliscor|354\/354 tox|[from] ability: Poison Heal
|turn|52
|
|move|p1a: Gliscor|Toxic|p2a: Suicune
|-status|p2a: Suicune|tox
|move|p2a: Suicune|Scald|p1a: Gliscor
|-supereffective|p1a: Gliscor
|-end|p1a: Gliscor|Substitute
|
|-damage|p2a: Suicune|379\/404 tox|[from] psn
|turn|53
|
|switch|p1a: Chansey|Chansey, F|704\/704
|move|p2a: Suicune|Calm Mind|p2a: Suicune
|-fail|p2a: Suicune
|
|-heal|p2a: Suicune|404\/404 tox|[from] item: Leftovers
|-damage|p2a: Suicune|354\/404 tox|[from] psn
|turn|54
|
|move|p2a: Suicune|Calm Mind|p2a: Suicune
|-fail|p2a: Suicune
|move|p1a: Chansey|Soft-Boiled|p1a: Chansey
|-fail|p1a: Chansey
|
|-heal|p2a: Suicune|379\/404 tox|[from] item: Leftovers
|-damage|p2a: Suicune|304\/404 tox|[from] psn
|turn|55
|
|switch|p1a: Gliscor|Gliscor, M|354\/354 tox
|move|p2a: Suicune|Calm Mind|p2a: Suicune
|-fail|p2a: Suicune
|
|-heal|p2a: Suicune|329\/404 tox|[from] item: Leftovers
|-damage|p2a: Suicune|229\/404 tox|[from] psn
|turn|56
|
|switch|p1a: Chansey|Chansey, F|704\/704
|move|p2a: Suicune|Rest|p2a: Suicune
|-status|p2a: Suicune|slp
|-heal|p2a: Suicune|404\/404 slp|[silent]
|-status|p2a: Suicune|slp|[from] move: Rest
|
|turn|57
|
|switch|p1a: Metagross|Metagross|184\/364
|cant|p2a: Suicune|slp
|
|turn|58
|
|switch|p1a: Gliscor|Gliscor, M|354\/354 tox
|cant|p2a: Suicune|slp
|
|turn|59
|
|move|p1a: Gliscor|Substitute|p1a: Gliscor
|-start|p1a: Gliscor|Substitute
|-damage|p1a: Gliscor|266\/354 tox
|-curestatus|p2a: Suicune|slp
|move|p2a: Suicune|Scald|p1a: Gliscor
|-supereffective|p1a: Gliscor
|-end|p1a: Gliscor|Substitute
|
|-heal|p1a: Gliscor|310\/354 tox|[from] ability: Poison Heal
|turn|60
|
|move|p1a: Gliscor|Protect|p1a: Gliscor
|-singleturn|p1a: Gliscor|Protect
|move|p2a: Suicune|Scald|p1a: Gliscor
|-activate|p1a: Gliscor|Protect
|
|-heal|p1a: Gliscor|354\/354 tox|[from] ability: Poison Heal
|turn|61
|c|âKnightSansArmour|!data scald
|c|~|\/data-move Scald

|
|switch|p1a: Chansey|Chansey, F|704\/704
|move|p2a: Suicune|Calm Mind|p2a: Suicune
|-fail|p2a: Suicune
|
|turn|62
|
|move|p2a: Suicune|Calm Mind|p2a: Suicune
|-fail|p2a: Suicune
|move|p1a: Chansey|Toxic|p2a: Suicune
|-status|p2a: Suicune|tox
|
|-damage|p2a: Suicune|379\/404 tox|[from] psn
|turn|63
|
|switch|p1a: Blastoise|Blastoise-Mega, M|362\/362
|move|p2a: Suicune|Scald|p1a: Blastoise
|-resisted|p1a: Blastoise
|-damage|p1a: Blastoise|213\/362
|
|-heal|p2a: Suicune|404\/404 tox|[from] item: Leftovers
|-damage|p2a: Suicune|354\/404 tox|[from] psn
|turn|64
|
|switch|p1a: Chansey|Chansey, F|704\/704
|move|p2a: Suicune|Scald|p1a: Chansey
|-damage|p1a: Chansey|478\/704
|
|-heal|p2a: Suicune|379\/404 tox|[from] item: Leftovers
|-damage|p2a: Suicune|304\/404 tox|[from] psn
|turn|65
|
|move|p2a: Suicune|Calm Mind|p2a: Suicune
|-fail|p2a: Suicune
|move|p1a: Chansey|Soft-Boiled|p1a: Chansey
|-heal|p1a: Chansey|704\/704
|
|-heal|p2a: Suicune|329\/404 tox|[from] item: Leftovers
|-damage|p2a: Suicune|229\/404 tox|[from] psn
|turn|66
|
|switch|p1a: Noivern|Noivern, F|311\/311
|move|p2a: Suicune|Rest|p2a: Suicune
|-status|p2a: Suicune|slp
|-heal|p2a: Suicune|404\/404 slp|[silent]
|-status|p2a: Suicune|slp|[from] move: Rest
|
|turn|67
|
|switch|p1a: Gliscor|Gliscor, M|354\/354 tox
|cant|p2a: Suicune|slp
|move|p2a: Suicune|Sleep Talk|p2a: Suicune
|move|p2a: Suicune|Rest|p2a: Suicune|[from]Sleep Talk
|-fail|p2a: Suicune
|
|turn|68
|
|move|p1a: Gliscor|Substitute|p1a: Gliscor
|-start|p1a: Gliscor|Substitute
|-damage|p1a: Gliscor|266\/354 tox
|cant|p2a: Suicune|slp
|
|-heal|p1a: Gliscor|310\/354 tox|[from] ability: Poison Heal
|turn|69
|
|move|p1a: Gliscor|Protect|p1a: Gliscor
|-singleturn|p1a: Gliscor|Protect
|-curestatus|p2a: Suicune|slp
|move|p2a: Suicune|Scald|p1a: Gliscor
|-activate|p1a: Gliscor|Protect
|
|-heal|p1a: Gliscor|354\/354 tox|[from] ability: Poison Heal
|turn|70
|c|âKnightSansArmour|!data rest
|c|~|\/data-move Rest

|chat|KnightSansArmour|3 rest left, 8 scald left, correct?
|
|move|p1a: Gliscor|Toxic|p2a: Suicune
|-status|p2a: Suicune|tox
|move|p2a: Suicune|Scald|p1a: Gliscor
|-crit|p1a: Gliscor
|-supereffective|p1a: Gliscor
|-end|p1a: Gliscor|Substitute
|
|-damage|p2a: Suicune|379\/404 tox|[from] psn
|turn|71
|chat|erik jefferson|nope
|
|move|p1a: Gliscor|Protect|p1a: Gliscor
|-singleturn|p1a: Gliscor|Protect
|move|p2a: Suicune|Calm Mind|p2a: Suicune
|-fail|p2a: Suicune
|
|-heal|p2a: Suicune|404\/404 tox|[from] item: Leftovers
|-damage|p2a: Suicune|354\/404 tox|[from] psn
|turn|72
|
|move|p1a: Gliscor|Substitute|p1a: Gliscor
|-start|p1a: Gliscor|Substitute
|-damage|p1a: Gliscor|266\/354 tox
|move|p2a: Suicune|Calm Mind|p2a: Suicune
|-fail|p2a: Suicune
|
|-heal|p2a: Suicune|379\/404 tox|[from] item: Leftovers
|-heal|p1a: Gliscor|310\/354 tox|[from] ability: Poison Heal
|-damage|p2a: Suicune|304\/404 tox|[from] psn
|turn|73
|chat|KnightSansArmour|Does sleep talk use the pp?
|chat|erik jefferson|its own
|
|move|p1a: Gliscor|Protect|p1a: Gliscor
|-singleturn|p1a: Gliscor|Protect
|move|p2a: Suicune|Calm Mind|p2a: Suicune
|-fail|p2a: Suicune
|
|-heal|p2a: Suicune|329\/404 tox|[from] item: Leftovers
|-heal|p1a: Gliscor|354\/354 tox|[from] ability: Poison Heal
|-damage|p2a: Suicune|229\/404 tox|[from] psn
|turn|74
|chat|KnightSansArmour|Ah, in that case
|chat|KnightSansArmour|6 rest and about 8 scald?
|
|move|p1a: Gliscor|Earthquake|p2a: Suicune
|-damage|p2a: Suicune|147\/404 tox
|move|p2a: Suicune|Rest|p2a: Suicune
|-status|p2a: Suicune|slp
|-heal|p2a: Suicune|404\/404 slp|[silent]
|-status|p2a: Suicune|slp|[from] move: Rest
|
|turn|75
|chat|erik jefferson|close enough
|
|move|p1a: Gliscor|Earthquake|p2a: Suicune
|-damage|p2a: Suicune|334\/404 slp
|cant|p2a: Suicune|slp
|
|-heal|p2a: Suicune|359\/404 slp|[from] item: Leftovers
|turn|76
|
|move|p1a: Gliscor|Earthquake|p2a: Suicune
|-damage|p2a: Suicune|284\/404 slp
|cant|p2a: Suicune|slp
|
|-heal|p2a: Suicune|309\/404 slp|[from] item: Leftovers
|turn|77
|
|move|p1a: Gliscor|Protect|p1a: Gliscor
|-singleturn|p1a: Gliscor|Protect
|-curestatus|p2a: Suicune|slp
|move|p2a: Suicune|Calm Mind|p2a: Suicune
|-fail|p2a: Suicune
|
|-heal|p2a: Suicune|334\/404|[from] item: Leftovers
|turn|78
|
|move|p1a: Gliscor|Toxic|p2a: Suicune
|-status|p2a: Suicune|tox
|move|p2a: Suicune|Scald|p1a: Gliscor
|-supereffective|p1a: Gliscor
|-end|p1a: Gliscor|Substitute
|
|-heal|p2a: Suicune|359\/404 tox|[from] item: Leftovers
|-damage|p2a: Suicune|334\/404 tox|[from] psn
|turn|79
|chat|KnightSansArmour|6 scald
|
|move|p1a: Gliscor|Substitute|p1a: Gliscor
|-start|p1a: Gliscor|Substitute
|-damage|p1a: Gliscor|266\/354 tox
|move|p2a: Suicune|Calm Mind|p2a: Suicune
|-fail|p2a: Suicune
|
|-heal|p2a: Suicune|359\/404 tox|[from] item: Leftovers
|-heal|p1a: Gliscor|310\/354 tox|[from] ability: Poison Heal
|-damage|p2a: Suicune|309\/404 tox|[from] psn
|turn|80
|chat|erik jefferson|yep
|chat|erik jefferson|0 protect and 4 subs, am i right?
|
|move|p1a: Gliscor|Earthquake|p2a: Suicune
|-damage|p2a: Suicune|234\/404 tox
|move|p2a: Suicune|Calm Mind|p2a: Suicune
|-fail|p2a: Suicune
|
|-heal|p2a: Suicune|259\/404 tox|[from] item: Leftovers
|-heal|p1a: Gliscor|354\/354 tox|[from] ability: Poison Heal
|-damage|p2a: Suicune|184\/404 tox|[from] psn
|turn|81
|
|move|p1a: Gliscor|Earthquake|p2a: Suicune
|-damage|p2a: Suicune|105\/404 tox
|move|p2a: Suicune|Rest|p2a: Suicune
|-status|p2a: Suicune|slp
|-heal|p2a: Suicune|404\/404 slp|[silent]
|-status|p2a: Suicune|slp|[from] move: Rest
|
|turn|82
|chat|KnightSansArmour|WAY off
|chat|erik jefferson|lol?
|
|move|p1a: Gliscor|Substitute|p1a: Gliscor
|-fail|p1a: Gliscor|move: Substitute
|cant|p2a: Suicune|slp
|
|turn|83
|
|move|p1a: Gliscor|Toxic|p2a: Suicune
|-fail|p2a: Suicune
|cant|p2a: Suicune|slp
|move|p2a: Suicune|Sleep Talk|p2a: Suicune
|move|p2a: Suicune|Rest|p2a: Suicune|[from]Sleep Talk
|-fail|p2a: Suicune
|
|turn|84
|
|move|p1a: Gliscor|Protect|p1a: Gliscor
|-singleturn|p1a: Gliscor|Protect
|-curestatus|p2a: Suicune|slp
|move|p2a: Suicune|Calm Mind|p2a: Suicune
|-fail|p2a: Suicune
|
|turn|85
|chat|erik jefferson|how so?
|chat|KnightSansArmour|like 8 of each
|chat|erik jefferson|that was def not supposed to happen
|chat|erik jefferson|i mean, i got pressure
|
|move|p1a: Gliscor|Toxic|p2a: Suicune
|-status|p2a: Suicune|tox
|move|p2a: Suicune|Sleep Talk|p2a: Suicune
|-fail|p2a: Suicune
|
|-damage|p2a: Suicune|379\/404 tox|[from] psn
|turn|86
|chat|KnightSansArmour|Pressure only works on attacking moves buddy
|chat|erik jefferson|oh damn
|
|move|p1a: Gliscor|Substitute|p1a: Gliscor
|-fail|p1a: Gliscor|move: Substitute
|move|p2a: Suicune|Scald|p1a: Gliscor
|-supereffective|p1a: Gliscor
|-end|p1a: Gliscor|Substitute
|
|-heal|p2a: Suicune|404\/404 tox|[from] item: Leftovers
|-damage|p2a: Suicune|354\/404 tox|[from] psn
|turn|87
|chat|erik jefferson|well, its ok
|
|switch|p1a: Chansey|Chansey, F|704\/704
|move|p2a: Suicune|Scald|p1a: Chansey
|-damage|p1a: Chansey|491\/704
|
|-heal|p2a: Suicune|379\/404 tox|[from] item: Leftovers
|-damage|p2a: Suicune|304\/404 tox|[from] psn
|turn|88
|
|move|p2a: Suicune|Scald|p1a: Chansey
|-damage|p1a: Chansey|265\/704
|-status|p1a: Chansey|brn
|move|p1a: Chansey|Soft-Boiled|p1a: Chansey
|-heal|p1a: Chansey|617\/704 brn
|
|-heal|p2a: Suicune|329\/404 tox|[from] item: Leftovers
|-damage|p2a: Suicune|229\/404 tox|[from] psn
|-damage|p1a: Chansey|529\/704 brn|[from] brn
|turn|89
|chat|KnightSansArmour|Three of those left, yeah?
|
|move|p2a: Suicune|Rest|p2a: Suicune
|-status|p2a: Suicune|slp
|-heal|p2a: Suicune|404\/404 slp|[silent]
|-status|p2a: Suicune|slp|[from] move: Rest
|move|p1a: Chansey|Soft-Boiled|p1a: Chansey
|-heal|p1a: Chansey|704\/704 brn
|
|-damage|p1a: Chansey|616\/704 brn|[from] brn
|turn|90
|chat|KnightSansArmour|and three of those too
|chat|erik jefferson|yep
|
|switch|p1a: Gliscor|Gliscor, M|354\/354 tox
|cant|p2a: Suicune|slp
|move|p2a: Suicune|Sleep Talk|p2a: Suicune
|move|p2a: Suicune|Rest|p2a: Suicune|[from]Sleep Talk
|-fail|p2a: Suicune
|
|turn|91
|
|move|p1a: Gliscor|Substitute|p1a: Gliscor
|-start|p1a: Gliscor|Substitute
|-damage|p1a: Gliscor|266\/354 tox
|cant|p2a: Suicune|slp
|
|-heal|p1a: Gliscor|310\/354 tox|[from] ability: Poison Heal
|turn|92
|
|move|p1a: Gliscor|Protect|p1a: Gliscor
|-singleturn|p1a: Gliscor|Protect
|-curestatus|p2a: Suicune|slp
|move|p2a: Suicune|Calm Mind|p2a: Suicune
|-fail|p2a: Suicune
|
|-heal|p1a: Gliscor|354\/354 tox|[from] ability: Poison Heal
|turn|93
|chat|erik jefferson|7 subs, 6 protects, right?
|chat|KnightSansArmour|if that's a Charizard X, I'm pretty sure I've got this
|chat|KnightSansArmour|yeah
|chat|erik jefferson|well, that we'll find out xp
|
|move|p1a: Gliscor|Toxic|p2a: Suicune
|-status|p2a: Suicune|tox
|move|p2a: Suicune|Calm Mind|p2a: Suicune
|-fail|p2a: Suicune
|
|-damage|p2a: Suicune|379\/404 tox|[from] psn
|turn|94
|
|switch|p1a: Metagross|Metagross|184\/364
|move|p2a: Suicune|Calm Mind|p2a: Suicune
|-fail|p2a: Suicune
|
|-heal|p2a: Suicune|404\/404 tox|[from] item: Leftovers
|-damage|p2a: Suicune|354\/404 tox|[from] psn
|turn|95
|
|switch|p1a: Chansey|Chansey, F|616\/704
|move|p2a: Suicune|Calm Mind|p2a: Suicune
|-fail|p2a: Suicune
|
|-heal|p2a: Suicune|379\/404 tox|[from] item: Leftovers
|-damage|p2a: Suicune|304\/404 tox|[from] psn
|turn|96
|
|switch|p1a: Metagross|Metagross|184\/364
|move|p2a: Suicune|Calm Mind|p2a: Suicune
|-fail|p2a: Suicune
|
|-heal|p2a: Suicune|329\/404 tox|[from] item: Leftovers
|-damage|p2a: Suicune|229\/404 tox|[from] psn
|turn|97
|c|âKnightSansArmour|!data calm mind
|c|~|\/data-move Calm Mind

|
|switch|p1a: Chansey|Chansey, F|616\/704
|move|p2a: Suicune|Rest|p2a: Suicune
|-status|p2a: Suicune|slp
|-heal|p2a: Suicune|404\/404 slp|[silent]
|-status|p2a: Suicune|slp|[from] move: Rest
|
|turn|98
|
|switch|p1a: Gliscor|Gliscor, M|354\/354 tox
|cant|p2a: Suicune|slp
|move|p2a: Suicune|Sleep Talk|p2a: Suicune
|move|p2a: Suicune|Rest|p2a: Suicune|[from]Sleep Talk
|-fail|p2a: Suicune
|
|turn|99
|
|move|p1a: Gliscor|Substitute|p1a: Gliscor
|-start|p1a: Gliscor|Substitute
|-damage|p1a: Gliscor|266\/354 tox
|cant|p2a: Suicune|slp
|move|p2a: Suicune|Sleep Talk|p2a: Suicune
|move|p2a: Suicune|Scald|p1a: Gliscor|[from]Sleep Talk
|-supereffective|p1a: Gliscor
|-end|p1a: Gliscor|Substitute
|
|-heal|p1a: Gliscor|310\/354 tox|[from] ability: Poison Heal
|turn|100
|
|move|p1a: Gliscor|Substitute|p1a: Gliscor
|-start|p1a: Gliscor|Substitute
|-damage|p1a: Gliscor|222\/354 tox
|-curestatus|p2a: Suicune|slp
|move|p2a: Suicune|Scald|p1a: Gliscor
|-supereffective|p1a: Gliscor
|-end|p1a: Gliscor|Substitute
|
|-heal|p1a: Gliscor|266\/354 tox|[from] ability: Poison Heal
|turn|101
|c|âKnightSansArmour|!data Sleep Talk
|c|~|\/data-move Sleep Talk

|
|move|p1a: Gliscor|Protect|p1a: Gliscor
|-singleturn|p1a: Gliscor|Protect
|move|p2a: Suicune|Calm Mind|p2a: Suicune
|-fail|p2a: Suicune
|
|-heal|p1a: Gliscor|310\/354 tox|[from] ability: Poison Heal
|turn|102
|
|switch|p1a: Chansey|Chansey, F|616\/704
|move|p2a: Suicune|Calm Mind|p2a: Suicune
|-fail|p2a: Suicune
|
|turn|103
|
|move|p2a: Suicune|Calm Mind|p2a: Suicune
|-fail|p2a: Suicune
|move|p1a: Chansey|Toxic|p2a: Suicune
|-status|p2a: Suicune|tox
|
|-damage|p2a: Suicune|379\/404 tox|[from] psn
|turn|104
|
|switch|p1a: Metagross|Metagross|184\/364
|move|p2a: Suicune|Scald|p1a: Metagross
|-damage|p1a: Metagross|0 fnt
|faint|p1a: Metagross
|
|-heal|p2a: Suicune|404\/404 tox|[from] item: Leftovers
|-damage|p2a: Suicune|354\/404 tox|[from] psn
|
|switch|p1a: Chansey|Chansey, F|616\/704
|turn|105
|
|switch|p1a: Noivern|Noivern, F|311\/311
|move|p2a: Suicune|Rest|p2a: Suicune
|-status|p2a: Suicune|slp
|-heal|p2a: Suicune|404\/404 slp|[silent]
|-status|p2a: Suicune|slp|[from] move: Rest
|
|turn|106
|
|switch|p1a: Gliscor|Gliscor, M|310\/354 tox
|cant|p2a: Suicune|slp
|move|p2a: Suicune|Sleep Talk|p2a: Suicune
|move|p2a: Suicune|Rest|p2a: Suicune|[from]Sleep Talk
|-fail|p2a: Suicune
|
|-heal|p1a: Gliscor|354\/354 tox|[from] ability: Poison Heal
|turn|107
|
|move|p1a: Gliscor|Substitute|p1a: Gliscor
|-start|p1a: Gliscor|Substitute
|-damage|p1a: Gliscor|266\/354 tox
|cant|p2a: Suicune|slp
|
|-heal|p1a: Gliscor|310\/354 tox|[from] ability: Poison Heal
|turn|108
|
|move|p1a: Gliscor|Protect|p1a: Gliscor
|-singleturn|p1a: Gliscor|Protect
|-curestatus|p2a: Suicune|slp
|move|p2a: Suicune|Calm Mind|p2a: Suicune
|-fail|p2a: Suicune
|
|-heal|p1a: Gliscor|354\/354 tox|[from] ability: Poison Heal
|turn|109
|
|move|p1a: Gliscor|Toxic|p2a: Suicune
|-status|p2a: Suicune|tox
|move|p2a: Suicune|Calm Mind|p2a: Suicune
|-fail|p2a: Suicune
|
|-damage|p2a: Suicune|379\/404 tox|[from] psn
|turn|110
|
|switch|p1a: Chansey|Chansey, F|616\/704
|move|p2a: Suicune|Scald|p1a: Chansey
|-damage|p1a: Chansey|403\/704
|
|-heal|p2a: Suicune|404\/404 tox|[from] item: Leftovers
|-damage|p2a: Suicune|354\/404 tox|[from] psn
|turn|111
|chat|KnightSansArmour|last rest, no scalds, time for this to get interesting
|
|switch|p2a: Aegislash|Aegislash, M|209\/261
|move|p1a: Chansey|Soft-Boiled|p1a: Chansey
|-heal|p1a: Chansey|704\/704
|
|turn|112
|chat|erik jefferson|definitely
|
|switch|p1a: Gliscor|Gliscor, M|354\/354 tox
|-formechange|p2a: Aegislash|Aegislash-Blade
|move|p2a: Aegislash|Shadow Ball|p1a: Gliscor
|-damage|p1a: Gliscor|97\/354 tox
|-unboost|p1a: Gliscor|spd|1
|-damage|p2a: Aegislash|183\/261|[from] item: Life Orb
|
|-heal|p1a: Gliscor|141\/354 tox|[from] ability: Poison Heal
|turn|113
|
|move|p1a: Gliscor|Substitute|p1a: Gliscor
|-start|p1a: Gliscor|Substitute
|-damage|p1a: Gliscor|53\/354 tox
|move|p2a: Aegislash|Shadow Ball|p1a: Gliscor
|-end|p1a: Gliscor|Substitute
|-damage|p2a: Aegislash|157\/261|[from] item: Life Orb
|
|-heal|p1a: Gliscor|97\/354 tox|[from] ability: Poison Heal
|turn|114
|
|switch|p2a: Charizard|Charizard, F|333\/333
|move|p1a: Gliscor|Protect|p1a: Gliscor
|-fail|p1a: Gliscor
|
|-heal|p1a: Gliscor|141\/354 tox|[from] ability: Poison Heal
|turn|115
|
|detailschange|p2a: Charizard|Charizard-Mega-X, F
|message|Charizard has Mega Evolved into Mega Charizard!
|move|p2a: Charizard|Flare Blitz|p1a: Gliscor
|-damage|p1a: Gliscor|0 fnt
|-damage|p2a: Charizard|286\/333|[from] recoil|[of] p1a: Gliscor
|faint|p1a: Gliscor
|
|
|switch|p1a: Noivern|Noivern, F|311\/311
|turn|116
|
|move|p1a: Noivern|Draco Meteor|p2a: Charizard
|-supereffective|p2a: Charizard
|-damage|p2a: Charizard|0 fnt
|-unboost|p1a: Noivern|spa|2
|faint|p2a: Charizard
|
|
|switch|p2a: Aegislash|Aegislash, M|157\/261
|turn|117
|
|switch|p1a: Chansey|Chansey, F|704\/704
|-formechange|p2a: Aegislash|Aegislash-Blade
|move|p2a: Aegislash|Sacred Sword|p1a: Chansey
|-supereffective|p1a: Chansey
|-damage|p1a: Chansey|363\/704
|-damage|p2a: Aegislash|131\/261|[from] item: Life Orb
|
|turn|118
|
|move|p2a: Aegislash|Shadow Ball|p1a: Chansey
|-immune|p1a: Chansey|[msg]
|move|p1a: Chansey|Soft-Boiled|p1a: Chansey
|-heal|p1a: Chansey|704\/704
|
|turn|119
|
|switch|p1a: Noivern|Noivern, F|311\/311
|move|p2a: Aegislash|Shadow Ball|p1a: Noivern
|-damage|p1a: Noivern|76\/311
|-damage|p2a: Aegislash|105\/261|[from] item: Life Orb
|
|turn|120
|
|switch|p1a: Chansey|Chansey, F|704\/704
|move|p2a: Aegislash|Shadow Sneak|p1a: Chansey
|-immune|p1a: Chansey|[msg]
|
|turn|121
|chat|erik jefferson|my main goal with suicune was killing gliscor
|chat|erik jefferson|and i almost made it 4 or 5 times
|chat|erik jefferson|when you switched him into sleep talk
|chat|KnightSansArmour|Yeah, but I'm still in this :P
|chat|erik jefferson|definitely
|chat|erik jefferson|this was and still is an interesting match
|chat|KnightSansArmour|Going to be a tight finish. I was not expecting the Aegislash to be orb'd, or I'd have had my Zapdos and this would be a different fight again
|
|move|p2a: Aegislash|Shadow Ball|p1a: Chansey
|-immune|p1a: Chansey|[msg]
|move|p1a: Chansey|Soft-Boiled|p1a: Chansey
|-fail|p1a: Chansey
|
|turn|122
|
|switch|p1a: Blastoise|Blastoise-Mega, M|213\/362
|move|p2a: Aegislash|Sacred Sword|p1a: Blastoise
|-damage|p1a: Blastoise|92\/362
|-damage|p2a: Aegislash|79\/261|[from] item: Life Orb
|
|turn|123
|
|switch|p2a: Thundurus|Thundurus, M|282\/300 tox
|move|p1a: Blastoise|Dark Pulse|p2a: Thundurus
|-damage|p2a: Thundurus|91\/300 tox
|
|-heal|p2a: Thundurus|109\/300 tox|[from] item: Leftovers
|-damage|p2a: Thundurus|91\/300 tox|[from] psn
|turn|124
|
|switch|p1a: Chansey|Chansey, F|704\/704
|move|p2a: Thundurus|Thunderbolt|p1a: Chansey
|-damage|p1a: Chansey|608\/704
|
|-heal|p2a: Thundurus|109\/300 tox|[from] item: Leftovers
|-damage|p2a: Thundurus|73\/300 tox|[from] psn
|turn|125
|
|move|p2a: Thundurus|Thunder Wave|p1a: Chansey
|-status|p1a: Chansey|par
|move|p1a: Chansey|Aromatherapy|p1a: Chansey
|-cureteam|p1a: Chansey|[from] move: Aromatherapy
|
|-heal|p2a: Thundurus|91\/300 tox|[from] item: Leftovers
|-damage|p2a: Thundurus|37\/300 tox|[from] psn
|turn|126
|
|move|p2a: Thundurus|Thunder Wave|p1a: Chansey
|-status|p1a: Chansey|par
|cant|p1a: Chansey|par
|
|-heal|p2a: Thundurus|55\/300 tox|[from] item: Leftovers
|-damage|p2a: Thundurus|0 fnt|[from] psn
|faint|p2a: Thundurus
|
|switch|p2a: Garchomp|Garchomp, F|358\/358
|turn|127
|
|move|p2a: Garchomp|Stealth Rock|p1a: Chansey
|-sidestart|p1: KnightSansArmour|move: Stealth Rock
|move|p1a: Chansey|Toxic|p2a: Garchomp|[miss]
|-miss|p1a: Chansey|p2a: Garchomp
|
|turn|128
|chat|KnightSansArmour|OH FUCK
|chat|erik jefferson|xd
|chat|erik jefferson|i had to have sr somewhere
|chat|erik jefferson|and it could only be on my mighty chomp
|chat|KnightSansArmour|Not what I was upset about
|chat|KnightSansArmour|Toxic missed
|chat|erik jefferson|lol it makes no difference imo
|chat|KnightSansArmour|I figured rocks were coming
|
|move|p2a: Garchomp|Earthquake|p1a: Chansey
|-crit|p1a: Chansey
|-damage|p1a: Chansey|229\/704 par
|move|p1a: Chansey|Soft-Boiled|p1a: Chansey
|-heal|p1a: Chansey|581\/704 par
|
|turn|129
|chat|erik jefferson|i'll tell you why it makes no difference
|
|move|p2a: Garchomp|Swords Dance|p2a: Garchomp
|-boost|p2a: Garchomp|atk|2
|move|p1a: Chansey|Aromatherapy|p1a: Chansey
|-cureteam|p1a: Chansey|[from] move: Aromatherapy
|
|turn|130
|chat|KnightSansArmour|Ah
|chat|KnightSansArmour|Yeah
|chat|KnightSansArmour|You got this
|
|move|p2a: Garchomp|Earthquake|p1a: Chansey
|-damage|p1a: Chansey|71\/704
|move|p1a: Chansey|Aromatherapy|p1a: Chansey
|-cureteam|p1a: Chansey|[from] move: Aromatherapy
|
|turn|131
|
|move|p2a: Garchomp|Earthquake|p1a: Chansey
|-damage|p1a: Chansey|0 fnt
|faint|p1a: Chansey
|
|
|switch|p1a: Blastoise|Blastoise-Mega, M|92\/362
|-damage|p1a: Blastoise|47\/362|[from] Stealth Rock
|turn|132
|
|move|p2a: Garchomp|Earthquake|p1a: Blastoise
|-damage|p1a: Blastoise|0 fnt
|faint|p1a: Blastoise
|
|
|switch|p1a: Noivern|Noivern, F|76\/311
|-damage|p1a: Noivern|0 fnt|[from] Stealth Rock
|faint|p1a: Noivern
|
|win|erik jefferson
|raw|Ladder updating...
|raw|KnightSansArmour's rating: 1671 &rarr; <strong>1646<\/strong><br \/>(-25 for losing)
|raw|erik jefferson's rating: 1584 &rarr; <strong>1609<\/strong><br \/>(+25 for winning)
|chat|erik jefferson|gg
|chat|erik jefferson|pretty good game
|chat|KnightSansArmour|Good game good sir
|chat|erik jefferson|fun fact
|chat|erik jefferson|suicune was in for exactly 101 turns
|chat|erik jefferson|i tried to make it 100 but chansey wasn't in
|chat|KnightSansArmour|Nickname him after one of the Dalmatians :P
|chat|erik jefferson|and i would do better switching out on chansey
|chat|erik jefferson|lol xd
|chat|erik jefferson|see ya mate
|chat|KnightSansArmour|Later
|leave|KnightSansArmour
|player|p1