|join|KnightSansArmour
|join|Tak.i.on
|player|p1|KnightSansArmour|208
|player|p2|Tak.i.on|101
|gametype|singles
|gen|6
|tier|OU
|rated
|clearpoke
|poke|p1|Gliscor, M
|poke|p1|Chansey, F
|poke|p1|Noivern, F
|poke|p1|Blastoise, M
|poke|p1|Zapdos
|poke|p1|Metagross
|poke|p2|Tyranitar, F
|poke|p2|Lucario, F
|poke|p2|Wobbuffet, F
|poke|p2|Quagsire, M
|poke|p2|Latios, M
|poke|p2|Skarmory, F
|rule|Swagger Clause: Swagger is banned
|rule|Baton Pass Clause: Limit one PokÃ©mon knowing Baton Pass
|rule|Sleep Clause Mod: Limit one foe put to sleep
|rule|Species Clause: Limit one of each PokÃ©mon
|rule|OHKO Clause: OHKO moves are banned
|rule|Moody Clause: Moody is banned
|rule|Evasion Moves Clause: Evasion moves are banned
|rule|Endless Battle Clause: Forcing endless battles is banned
|rule|HP Percentage Mod: HP is shown in percentages
|teampreview
|
|start
|switch|p1a: Blastoise|Blastoise, M|362\/362
|switch|p2a: Skarmory|Skarmory, F|334\/334
|turn|1
|
|switch|p2a: Wobbuffet|Wobbuffet, F|584\/584
|detailschange|p1a: Blastoise|Blastoise-Mega, M
|message|Blastoise has Mega Evolved into Mega Blastoise!
|move|p1a: Blastoise|Dark Pulse|p2a: Wobbuffet
|-supereffective|p2a: Wobbuffet
|-damage|p2a: Wobbuffet|66\/584
|
|-heal|p2a: Wobbuffet|102\/584|[from] item: Leftovers
|turn|2
|
|move|p1a: Blastoise|Dark Pulse|p2a: Wobbuffet
|-supereffective|p2a: Wobbuffet
|-damage|p2a: Wobbuffet|0 fnt
|faint|p2a: Wobbuffet
|
|
|switch|p2a: Latios|Latios, M|301\/301
|turn|3
|
|switch|p1a: Chansey|Chansey, F|704\/704
|move|p2a: Latios|Psyshock|p1a: Chansey
|-damage|p1a: Chansey|469\/704
|-damage|p2a: Latios|271\/301|[from] item: Life Orb
|
|turn|4
|
|switch|p2a: Skarmory|Skarmory, F|334\/334
|move|p1a: Chansey|Soft-Boiled|p1a: Chansey
|-heal|p1a: Chansey|704\/704
|
|turn|5
|
|switch|p1a: Zapdos|Zapdos|384\/384
|-ability|p1a: Zapdos|Pressure
|move|p2a: Skarmory|Stealth Rock|p1a: Zapdos
|-sidestart|p1: KnightSansArmour|move: Stealth Rock
|
|turn|6
|
|switch|p2a: Quagsire|Quagsire, M|394\/394
|move|p1a: Zapdos|Defog|p2a: Quagsire
|-unboost|p2a: Quagsire|evasion|1
|-sideend|p1: KnightSansArmour|Stealth Rock|[from] move: Defog|[of] p1a: Zapdos
|
|turn|7
|
|switch|p1a: Chansey|Chansey, F|704\/704
|switch|p2a: Skarmory|Skarmory, F|334\/334
|
|turn|8
|
|switch|p1a: Zapdos|Zapdos|384\/384
|-ability|p1a: Zapdos|Pressure
|move|p2a: Skarmory|Taunt|p1a: Zapdos
|-start|p1a: Zapdos|move: Taunt
|
|turn|9
|
|move|p1a: Zapdos|Heat Wave|p2a: Skarmory
|-supereffective|p2a: Skarmory
|-activate|p2a: Skarmory|Sturdy
|-damage|p2a: Skarmory|1\/334
|move|p2a: Skarmory|Stealth Rock|p1a: Zapdos
|-sidestart|p1: KnightSansArmour|move: Stealth Rock
|
|turn|10
|
|switch|p1a: Blastoise|Blastoise-Mega, M|362\/362
|-damage|p1a: Blastoise|317\/362|[from] Stealth Rock
|move|p2a: Skarmory|Brave Bird|p1a: Blastoise
|-damage|p1a: Blastoise|208\/362
|-damage|p2a: Skarmory|0 fnt|[from] recoil|[of] p1a: Blastoise
|faint|p2a: Skarmory
|
|
|switch|p2a: Latios|Latios, M|271\/301
|turn|11
|
|switch|p2a: Lucario|Lucario, F|281\/281
|move|p1a: Blastoise|Dark Pulse|p2a: Lucario
|-resisted|p2a: Lucario
|-damage|p2a: Lucario|182\/281
|-boost|p2a: Lucario|atk|1|[from] ability: Justified
|
|turn|12
|
|move|p2a: Lucario|Close Combat|p1a: Blastoise
|-damage|p1a: Blastoise|0 fnt
|-unboost|p2a: Lucario|def|1
|-unboost|p2a: Lucario|spd|1
|-damage|p2a: Lucario|154\/281|[from] item: Life Orb
|faint|p1a: Blastoise
|
|
|switch|p1a: Gliscor|Gliscor, M|354\/354
|-damage|p1a: Gliscor|310\/354|[from] Stealth Rock
|turn|13
|
|move|p2a: Lucario|Ice Punch|p1a: Gliscor
|-supereffective|p1a: Gliscor
|-damage|p1a: Gliscor|0 fnt
|-damage|p2a: Lucario|126\/281|[from] item: Life Orb
|faint|p1a: Gliscor
|
|
|switch|p1a: Noivern|Noivern, F|311\/311
|-damage|p1a: Noivern|234\/311|[from] Stealth Rock
|turn|14
|
|move|p2a: Lucario|Extreme Speed|p1a: Noivern
|-damage|p1a: Noivern|10\/311
|-damage|p2a: Lucario|98\/281|[from] item: Life Orb
|move|p1a: Noivern|Draco Meteor|p2a: Lucario
|-resisted|p2a: Lucario
|-damage|p2a: Lucario|0 fnt
|-unboost|p1a: Noivern|spa|2
|faint|p2a: Lucario
|
|
|switch|p2a: Tyranitar|Tyranitar, F|342\/342
|-weather|Sandstorm
|turn|15
|
|detailschange|p2a: Tyranitar|Tyranitar-Mega, F
|message|Tyranitar has Mega Evolved into Mega Tyranitar!
|move|p1a: Noivern|Draco Meteor|p2a: Tyranitar
|-damage|p2a: Tyranitar|267\/342
|-unboost|p1a: Noivern|spa|2
|move|p2a: Tyranitar|Dragon Dance|p2a: Tyranitar
|-boost|p2a: Tyranitar|atk|1
|-boost|p2a: Tyranitar|spe|1
|
|-weather|Sandstorm|[upkeep]
|-damage|p1a: Noivern|0 fnt|[from] sandstorm
|faint|p1a: Noivern
|
|switch|p1a: Metagross|Metagross|364\/364
|-damage|p1a: Metagross|342\/364|[from] Stealth Rock
|turn|16
|
|move|p2a: Tyranitar|Crunch|p1a: Metagross
|-supereffective|p1a: Metagross
|-damage|p1a: Metagross|0 fnt
|faint|p1a: Metagross
|
|-weather|Sandstorm|[upkeep]
|
|switch|p1a: Chansey|Chansey, F|704\/704
|-damage|p1a: Chansey|616\/704|[from] Stealth Rock
|turn|17
|
|move|p2a: Tyranitar|Superpower|p1a: Chansey
|-supereffective|p1a: Chansey
|-damage|p1a: Chansey|0 fnt
|-unboost|p2a: Tyranitar|atk|1
|-unboost|p2a: Tyranitar|def|1
|faint|p1a: Chansey
|
|-weather|Sandstorm|[upkeep]
|chat|KnightSansArmour|gg
|
|switch|p1a: Zapdos|Zapdos|384\/384
|-damage|p1a: Zapdos|288\/384|[from] Stealth Rock
|-ability|p1a: Zapdos|Pressure
|turn|18
|-message|KnightSansArmour forfeited.
|
|win|Tak.i.on
|raw|Ladder updating...
|raw|KnightSansArmour's rating: 1588 &rarr; <strong>1569<\/strong><br \/>(-19 for losing)
|raw|Tak.i.on's rating: 1607 &rarr; <strong>1625<\/strong><br \/>(+18 for winning)
|leave|KnightSansArmour
|player|p1