|join|KnightSansArmour
|join|eKn0
|player|p1|KnightSansArmour|1
|player|p2|eKn0|253
|gametype|singles
|gen|6
|tier|OU
|rated
|clearpoke
|poke|p1|Zapdos
|poke|p1|Noivern, M
|poke|p1|Mamoswine, M
|poke|p1|Rotom-Wash
|poke|p1|Greninja, F
|poke|p1|Scizor, F
|poke|p2|Trevenant, F
|poke|p2|Blissey, F
|poke|p2|Garchomp, M
|poke|p2|Exploud, F
|poke|p2|Gengar, F
|poke|p2|Ferrothorn, F
|rule|Sleep Clause Mod: Limit one foe put to sleep
|rule|Species Clause: Limit one of each Pokemon
|rule|OHKO Clause: OHKO moves are banned
|rule|Moody Clause: Moody is banned
|rule|Evasion Moves Clause: Evasion moves are banned
|rule|Endless Battle Clause: Forcing endless battles is banned.
|rule|HP Percentage Mod: HP is reported as percentages
|teampreview
|
|start
|switch|p1a: Noivern|Noivern, M|311\/311
|switch|p2a: Garchomp|Garchomp, M|357\/357
|turn|1
|
|switch|p2a: Blissey|Blissey, F|714\/714
|move|p1a: Noivern|Draco Meteor|p2a: Blissey
|-damage|p2a: Blissey|522\/714
|-unboost|p1a: Noivern|spa|2
|-damage|p1a: Noivern|280\/311|[from] item: Life Orb
|
|-heal|p2a: Blissey|566\/714|[from] item: Leftovers
|turn|2
|chat|KnightSansArmour|Awkward moment when you realise you brought your VGC team
|
|switch|p1a: Scizor|Scizor, F|344\/344
|move|p2a: Blissey|Thunder Wave|p1a: Scizor
|-status|p1a: Scizor|par
|
|-heal|p2a: Blissey|610\/714|[from] item: Leftovers
|turn|3
|
|switch|p2a: Trevenant|Trevenant, F|374\/374
|-formechange|p1a: Scizor|Scizor-Mega
|message|Scizor has Mega Evolved into Mega Scizor!
|move|p1a: Scizor|Swords Dance|p1a: Scizor
|-boost|p1a: Scizor|atk|2
|
|turn|4
|
|move|p2a: Trevenant|Curse|p1a: Scizor
|-start|p1a: Scizor|Curse|[of] p2a: Trevenant
|-damage|p2a: Trevenant|187\/374
|-enditem|p2a: Trevenant|Sitrus Berry|[eat]
|-heal|p2a: Trevenant|280\/374|[from] item: Sitrus Berry
|move|p1a: Scizor|X-Scissor|p2a: Trevenant
|-damage|p2a: Trevenant|0 fnt
|faint|p2a: Trevenant
|
|-damage|p1a: Scizor|258\/344 par|[from] Curse
|
|switch|p2a: Gengar|Gengar, F|262\/262
|turn|5
|
|switch|p2a: Ferrothorn|Ferrothorn, F|352\/352
|move|p1a: Scizor|Iron Head|p2a: Ferrothorn
|-resisted|p2a: Ferrothorn
|-damage|p2a: Ferrothorn|244\/352
|-damage|p1a: Scizor|215\/344 par|[from] ability: Iron Barbs|[of] p2a: Ferrothorn
|-damage|p1a: Scizor|158\/344 par|[from] item: Rocky Helmet|[of] p2a: Ferrothorn
|
|-damage|p1a: Scizor|72\/344 par|[from] Curse
|turn|6
|
|switch|p1a: Noivern|Noivern, M|280\/311
|move|p2a: Ferrothorn|Stealth Rock|p1a: Noivern
|-sidestart|p1: KnightSansArmour|move: Stealth Rock
|
|turn|7
|
|switch|p1a: Greninja|Greninja, F|286\/286
|-damage|p1a: Greninja|251\/286|[from] Stealth Rock
|move|p2a: Ferrothorn|Protect|p2a: Ferrothorn
|-fail|p2a: Ferrothorn
|
|turn|8
|
|switch|p1a: Noivern|Noivern, M|280\/311
|-damage|p1a: Noivern|203\/311|[from] Stealth Rock
|move|p2a: Ferrothorn|Leech Seed|p1a: Noivern
|-start|p1a: Noivern|move: Leech Seed
|
|-damage|p1a: Noivern|165\/311|[from] Leech Seed|[of] p2a: Ferrothorn
|-heal|p2a: Ferrothorn|282\/352|[silent]
|turn|9
|
|move|p2a: Ferrothorn|Protect|p2a: Ferrothorn
|-singleturn|p2a: Ferrothorn|Protect
|move|p1a: Noivern|Flamethrower|p2a: Ferrothorn
|-activate|p2a: Ferrothorn|Protect
|
|-damage|p1a: Noivern|127\/311|[from] Leech Seed|[of] p2a: Ferrothorn
|-heal|p2a: Ferrothorn|320\/352|[silent]
|turn|10
|
|switch|p1a: Greninja|Greninja, F|251\/286
|-damage|p1a: Greninja|216\/286|[from] Stealth Rock
|switch|p2a: Blissey|Blissey, F|610\/714
|
|-heal|p2a: Blissey|654\/714|[from] item: Leftovers
|turn|11
|chat|eKn0|good morning ._.
|
|-start|p1a: Greninja|typechange|Bug|[from] Protean
|move|p1a: Greninja|U-turn|p2a: Blissey
|-damage|p2a: Blissey|359\/714
|
|switch|p1a: Scizor|Scizor, F|72\/344 par
|-formechange|p1a: Scizor|Scizor-Mega
|-damage|p1a: Scizor|29\/344 par|[from] Stealth Rock
|move|p2a: Blissey|Thunder Wave|p1a: Scizor
|-fail|p1a: Scizor|par
|
|-heal|p2a: Blissey|403\/714|[from] item: Leftovers
|turn|12
|
|move|p2a: Blissey|Seismic Toss|p1a: Scizor
|-damage|p1a: Scizor|0 fnt
|faint|p1a: Scizor
|
|-heal|p2a: Blissey|447\/714|[from] item: Leftovers
|
|switch|p1a: Greninja|Greninja, F|216\/286
|-damage|p1a: Greninja|181\/286|[from] Stealth Rock
|turn|13
|
|-start|p1a: Greninja|typechange|Water|[from] Protean
|move|p1a: Greninja|Water Shuriken|p2a: Blissey
|-damage|p2a: Blissey|390\/714
|-damage|p2a: Blissey|333\/714
|-damage|p2a: Blissey|278\/714
|-damage|p2a: Blissey|221\/714
|-hitcount|p2a: Blissey|4
|move|p2a: Blissey|Soft-Boiled|p2a: Blissey
|-heal|p2a: Blissey|578\/714
|
|-heal|p2a: Blissey|622\/714|[from] item: Leftovers
|turn|14
|
|switch|p1a: Mamoswine|Mamoswine, M|424\/424
|-damage|p1a: Mamoswine|371\/424|[from] Stealth Rock
|move|p2a: Blissey|Seismic Toss|p1a: Mamoswine
|-damage|p1a: Mamoswine|271\/424
|
|-heal|p2a: Blissey|666\/714|[from] item: Leftovers
|turn|15
|
|switch|p2a: Gengar|Gengar, F|262\/262
|move|p1a: Mamoswine|Icicle Spear|p2a: Gengar
|-damage|p2a: Gengar|187\/262
|-damage|p2a: Gengar|117\/262
|-damage|p2a: Gengar|38\/262
|-damage|p2a: Gengar|0 fnt
|-hitcount|p2a: Gengar|4
|faint|p2a: Gengar
|
|
|switch|p2a: Ferrothorn|Ferrothorn, F|320\/352
|turn|16
|
|move|p1a: Mamoswine|Icicle Spear|p2a: Ferrothorn
|-damage|p2a: Ferrothorn|289\/352
|-damage|p2a: Ferrothorn|261\/352
|-damage|p2a: Ferrothorn|230\/352
|-crit|p2a: Ferrothorn
|-damage|p2a: Ferrothorn|187\/352
|-hitcount|p2a: Ferrothorn|4
|move|p2a: Ferrothorn|Gyro Ball|p1a: Mamoswine
|-supereffective|p1a: Mamoswine
|-damage|p1a: Mamoswine|0 fnt
|faint|p1a: Mamoswine
|
|
|switch|p1a: Rotom-Wash|Rotom-Wash|304\/304
|-damage|p1a: Rotom-Wash|266\/304|[from] Stealth Rock
|turn|17
|
|move|p1a: Rotom-Wash|Will-O-Wisp|p2a: Ferrothorn
|-status|p2a: Ferrothorn|brn
|move|p2a: Ferrothorn|Leech Seed|p1a: Rotom-Wash
|-start|p1a: Rotom-Wash|move: Leech Seed
|
|-damage|p1a: Rotom-Wash|228\/304|[from] Leech Seed|[of] p2a: Ferrothorn
|-heal|p2a: Ferrothorn|225\/352 brn|[silent]
|-damage|p2a: Ferrothorn|181\/352 brn|[from] brn
|turn|18
|
|switch|p1a: Noivern|Noivern, M|127\/311
|-damage|p1a: Noivern|50\/311|[from] Stealth Rock
|move|p2a: Ferrothorn|Leech Seed|p1a: Noivern
|-start|p1a: Noivern|move: Leech Seed
|
|-damage|p1a: Noivern|12\/311|[from] Leech Seed|[of] p2a: Ferrothorn
|-heal|p2a: Ferrothorn|219\/352 brn|[silent]
|-damage|p2a: Ferrothorn|175\/352 brn|[from] brn
|turn|19
|
|switch|p1a: Zapdos|Zapdos|348\/348
|-damage|p1a: Zapdos|261\/348|[from] Stealth Rock
|-ability|p1a: Zapdos|Pressure
|move|p2a: Ferrothorn|Protect|p2a: Ferrothorn
|-fail|p2a: Ferrothorn
|
|-heal|p1a: Zapdos|282\/348|[from] item: Leftovers
|-damage|p2a: Ferrothorn|131\/352 brn|[from] brn
|turn|20
|
|move|p1a: Zapdos|Protect|p1a: Zapdos
|-singleturn|p1a: Zapdos|Protect
|move|p2a: Ferrothorn|Stealth Rock|p1a: Zapdos
|-fail|p1a: Zapdos
|
|-heal|p1a: Zapdos|303\/348|[from] item: Leftovers
|-damage|p2a: Ferrothorn|87\/352 brn|[from] brn
|turn|21
|
|move|p1a: Zapdos|Ancient Power|p2a: Ferrothorn
|-resisted|p2a: Ferrothorn
|-damage|p2a: Ferrothorn|55\/352 brn
|move|p2a: Ferrothorn|Leech Seed|p1a: Zapdos
|-start|p1a: Zapdos|move: Leech Seed
|
|-heal|p1a: Zapdos|324\/348|[from] item: Leftovers
|-damage|p1a: Zapdos|281\/348|[from] Leech Seed|[of] p2a: Ferrothorn
|-heal|p2a: Ferrothorn|98\/352 brn|[silent]
|-damage|p2a: Ferrothorn|54\/352 brn|[from] brn
|turn|22
|
|switch|p1a: Noivern|Noivern, M|12\/311
|-damage|p1a: Noivern|0 fnt|[from] Stealth Rock
|faint|p1a: Noivern
|move|p2a: Ferrothorn|Stealth Rock|p1: Noivern
|-fail|p1: Noivern
|
|-damage|p2a: Ferrothorn|10\/352 brn|[from] brn
|
|switch|p1a: Rotom-Wash|Rotom-Wash|228\/304
|-damage|p1a: Rotom-Wash|190\/304|[from] Stealth Rock
|turn|23
|
|move|p1a: Rotom-Wash|Protect|p1a: Rotom-Wash
|-singleturn|p1a: Rotom-Wash|Protect
|move|p2a: Ferrothorn|Protect|p2a: Ferrothorn
|-fail|p2a: Ferrothorn
|
|-damage|p2a: Ferrothorn|0 fnt|[from] brn
|faint|p2a: Ferrothorn
|
|switch|p2a: Exploud|Exploud, F|412\/412
|turn|24
|
|move|p1a: Rotom-Wash|Will-O-Wisp|p2a: Exploud
|-status|p2a: Exploud|brn
|move|p2a: Exploud|Boomburst|p1a: Rotom-Wash
|-damage|p1a: Rotom-Wash|0 fnt
|faint|p1a: Rotom-Wash
|
|-damage|p2a: Exploud|361\/412 brn|[from] brn
|
|switch|p1a: Greninja|Greninja, F|181\/286
|-damage|p1a: Greninja|146\/286|[from] Stealth Rock
|turn|25
|
|-start|p1a: Greninja|typechange|Flying|[from] Protean
|move|p1a: Greninja|Bounce|p2a: Exploud|[still]
|-prepare|p1a: Greninja|Bounce|p2a: Exploud
|move|p2a: Exploud|Boomburst|p1a: Greninja
|-miss|p2a: Exploud|p1a: Greninja
|
|-damage|p2a: Exploud|310\/412 brn|[from] brn
|turn|26
|
|switch|p2a: Garchomp|Garchomp, M|357\/357
|move|p1a: Greninja|Bounce|p2a: Garchomp|[miss]
|-miss|p1a: Greninja|p2a: Garchomp
|
|turn|27
|
|switch|p1a: Zapdos|Zapdos|281\/348
|-damage|p1a: Zapdos|194\/348|[from] Stealth Rock
|-ability|p1a: Zapdos|Pressure
|move|p2a: Garchomp|Outrage|p1a: Zapdos
|-damage|p1a: Zapdos|0 fnt
|faint|p1a: Zapdos
|
|chat|eKn0|lel
|
|switch|p1a: Greninja|Greninja, F|146\/286
|-damage|p1a: Greninja|111\/286|[from] Stealth Rock
|turn|28
|
|-start|p1a: Greninja|typechange|Water|[from] Protean
|move|p1a: Greninja|Water Shuriken|p2a: Garchomp
|-damage|p2a: Garchomp|324\/357
|-damage|p2a: Garchomp|287\/357
|-damage|p2a: Garchomp|250\/357
|-hitcount|p2a: Garchomp|3
|move|p2a: Garchomp|Outrage|p1a: Greninja
|-crit|p1a: Greninja
|-damage|p1a: Greninja|0 fnt
|faint|p1a: Greninja
|
|win|eKn0
|raw|Ladder updating...
|raw|KnightSansArmour's rating: 1629 &rarr; <strong>1606<\/strong><br \/>(-23 for losing)
|raw|eKn0's rating: 1581 &rarr; <strong>1604<\/strong><br \/>(+23 for winning)
|chat|KnightSansArmour|gg
|chat|eKn0|gg
|leave|KnightSansArmour
|player|p1