|join|KnightSansArmour
|join|majorsc2
|player|p1|KnightSansArmour|2
|player|p2|majorsc2|265
|gametype|singles
|gen|6
|tier|OU
|rated
|clearpoke
|poke|p1|Gliscor, F
|poke|p1|Chansey, F
|poke|p1|Noivern, F
|poke|p1|Blastoise, F
|poke|p1|Zapdos
|poke|p1|Lucario, F
|poke|p2|Bisharp, M
|poke|p2|Heatran, F
|poke|p2|Clefable, F
|poke|p2|Latios, M
|poke|p2|Keldeo
|poke|p2|Tyranitar, F
|rule|Sleep Clause Mod: Limit one foe put to sleep
|rule|Species Clause: Limit one of each Pokemon
|rule|OHKO Clause: OHKO moves are banned
|rule|Moody Clause: Moody is banned
|rule|Evasion Moves Clause: Evasion moves are banned
|rule|Endless Battle Clause: Forcing endless battles is banned.
|rule|HP Percentage Mod: HP is reported as percentages
|teampreview
|
|start
|switch|p1a: Blastoise|Blastoise, F|362\/362
|switch|p2a: Heatran|Heatran, F|386\/386
|turn|1
|
|-formechange|p1a: Blastoise|Blastoise-Mega
|message|Blastoise has Mega Evolved into Mega Blastoise!
|move|p1a: Blastoise|Water Pulse|p2a: Heatran
|-supereffective|p2a: Heatran
|-damage|p2a: Heatran|150\/386
|move|p2a: Heatran|Stealth Rock|p1a: Blastoise
|-sidestart|p1: KnightSansArmour|move: Stealth Rock
|
|-heal|p2a: Heatran|174\/386|[from] item: Leftovers
|turn|2
|
|switch|p2a: Keldeo|Keldeo|344\/344
|move|p1a: Blastoise|Rapid Spin|p2a: Keldeo
|-damage|p2a: Keldeo|328\/344
|-sideend|p1: KnightSansArmour|Stealth Rock|[from] move: Rapid Spin|[of] p1a: Blastoise
|
|turn|3
|
|switch|p1a: Noivern|Noivern, F|311\/311
|move|p2a: Keldeo|Hidden Power|p1a: Noivern
|-resisted|p1a: Noivern
|-damage|p1a: Noivern|282\/311
|
|turn|4
|
|switch|p2a: Heatran|Heatran, F|174\/386
|move|p1a: Noivern|Hurricane|p2a: Heatran
|-resisted|p2a: Heatran
|-damage|p2a: Heatran|93\/386
|
|-heal|p2a: Heatran|117\/386|[from] item: Leftovers
|turn|5
|
|switch|p1a: Blastoise|Blastoise, F|362\/362
|-formechange|p1a: Blastoise|Blastoise-Mega
|move|p2a: Heatran|Stealth Rock|p1a: Blastoise
|-sidestart|p1: KnightSansArmour|move: Stealth Rock
|
|-heal|p2a: Heatran|141\/386|[from] item: Leftovers
|turn|6
|
|switch|p2a: Keldeo|Keldeo|328\/344
|move|p1a: Blastoise|Rapid Spin|p2a: Keldeo
|-damage|p2a: Keldeo|314\/344
|-sideend|p1: KnightSansArmour|Stealth Rock|[from] move: Rapid Spin|[of] p1a: Blastoise
|
|turn|7
|
|switch|p1a: Zapdos|Zapdos|384\/384
|-ability|p1a: Zapdos|Pressure
|move|p2a: Keldeo|Secret Sword|p1a: Zapdos
|-resisted|p1a: Zapdos
|-damage|p1a: Zapdos|273\/384
|
|-heal|p1a: Zapdos|297\/384|[from] item: Leftovers
|turn|8
|
|switch|p2a: Latios|Latios, M|302\/302
|move|p1a: Zapdos|Thunderbolt|p2a: Latios
|-resisted|p2a: Latios
|-damage|p2a: Latios|229\/302
|
|-heal|p1a: Zapdos|321\/384|[from] item: Leftovers
|turn|9
|
|switch|p2a: Bisharp|Bisharp, M|272\/272
|switch|p1a: Chansey|Chansey, F|704\/704
|
|turn|10
|
|switch|p1a: Blastoise|Blastoise, F|362\/362
|-formechange|p1a: Blastoise|Blastoise-Mega
|move|p2a: Bisharp|Knock Off|p1a: Blastoise
|-damage|p1a: Blastoise|233\/362
|-damage|p2a: Bisharp|245\/272|[from] item: Life Orb
|
|turn|11
|
|switch|p2a: Keldeo|Keldeo|314\/344
|move|p1a: Blastoise|Aura Sphere|p2a: Keldeo
|-damage|p2a: Keldeo|165\/344
|
|turn|12
|
|switch|p1a: Lucario|Lucario, F|281\/281
|move|p2a: Keldeo|Icy Wind|p1a: Lucario
|-resisted|p1a: Lucario
|-damage|p1a: Lucario|225\/281
|-unboost|p1a: Lucario|spe|1
|
|turn|13
|
|switch|p2a: Clefable|Clefable, F|394\/394
|move|p1a: Lucario|Extreme Speed|p2a: Clefable
|-damage|p2a: Clefable|302\/394
|-damage|p1a: Lucario|197\/281|[from] item: Life Orb
|
|-heal|p2a: Clefable|326\/394|[from] item: Leftovers
|turn|14
|
|switch|p2a: Latios|Latios, M|229\/302
|move|p1a: Lucario|Bullet Punch|p2a: Latios
|-damage|p2a: Latios|120\/302
|-damage|p1a: Lucario|169\/281|[from] item: Life Orb
|
|turn|15
|
|move|p1a: Lucario|Extreme Speed|p2a: Latios
|-damage|p2a: Latios|0 fnt
|-damage|p1a: Lucario|141\/281|[from] item: Life Orb
|faint|p2a: Latios
|
|
|switch|p2a: Bisharp|Bisharp, M|245\/272
|turn|16
|
|move|p2a: Bisharp|Knock Off|p1a: Lucario
|-resisted|p1a: Lucario
|-damage|p1a: Lucario|0 fnt
|-damage|p2a: Bisharp|218\/272|[from] item: Life Orb
|faint|p1a: Lucario
|
|
|switch|p1a: Blastoise|Blastoise, F|233\/362
|-formechange|p1a: Blastoise|Blastoise-Mega
|turn|17
|
|switch|p2a: Keldeo|Keldeo|165\/344
|move|p1a: Blastoise|Aura Sphere|p2a: Keldeo
|-damage|p2a: Keldeo|12\/344
|
|turn|18
|
|move|p2a: Keldeo|Secret Sword|p1a: Blastoise
|-crit|p1a: Blastoise
|-damage|p1a: Blastoise|0 fnt
|faint|p1a: Blastoise
|
|
|switch|p1a: Noivern|Noivern, F|282\/311
|turn|19
|
|switch|p2a: Heatran|Heatran, F|141\/386
|move|p1a: Noivern|Boomburst|p2a: Heatran
|-resisted|p2a: Heatran
|-damage|p2a: Heatran|68\/386
|
|-heal|p2a: Heatran|92\/386|[from] item: Leftovers
|turn|20
|
|switch|p1a: Zapdos|Zapdos|321\/384
|-ability|p1a: Zapdos|Pressure
|move|p2a: Heatran|Stealth Rock|p1a: Zapdos
|-sidestart|p1: KnightSansArmour|move: Stealth Rock
|
|-heal|p1a: Zapdos|345\/384|[from] item: Leftovers
|-heal|p2a: Heatran|116\/386|[from] item: Leftovers
|turn|21
|
|switch|p2a: Bisharp|Bisharp, M|218\/272
|move|p1a: Zapdos|Defog|p2a: Bisharp
|-unboost|p2a: Bisharp|evasion|1
|-boost|p2a: Bisharp|atk|2|[from] ability: Defiant
|-sideend|p1: KnightSansArmour|Stealth Rock|[from] move: Defog|[of] p1a: Zapdos
|
|-heal|p1a: Zapdos|369\/384|[from] item: Leftovers
|turn|22
|
|move|p2a: Bisharp|Sucker Punch|p1a: Zapdos
|-damage|p1a: Zapdos|0 fnt
|-damage|p2a: Bisharp|191\/272|[from] item: Life Orb
|faint|p1a: Zapdos
|
|
|switch|p1a: Gliscor|Gliscor, F|354\/354
|turn|23
|
|move|p1a: Gliscor|Substitute|p1a: Gliscor
|-start|p1a: Gliscor|Substitute
|-damage|p1a: Gliscor|266\/354
|move|p2a: Bisharp|Knock Off|p1a: Gliscor
|-end|p1a: Gliscor|Substitute
|-damage|p2a: Bisharp|164\/272|[from] item: Life Orb
|
|-status|p1a: Gliscor|tox|[from] item: Toxic Orb
|turn|24
|
|move|p2a: Bisharp|Sucker Punch|p1a: Gliscor
|-fail|p1a: Gliscor
|move|p1a: Gliscor|Substitute|p1a: Gliscor
|-start|p1a: Gliscor|Substitute
|-damage|p1a: Gliscor|178\/354 tox
|
|-heal|p1a: Gliscor|222\/354 tox|[from] ability: Poison Heal
|turn|25
|
|move|p1a: Gliscor|Protect|p1a: Gliscor
|-singleturn|p1a: Gliscor|Protect
|move|p2a: Bisharp|Sucker Punch|p1a: Gliscor
|-fail|p1a: Gliscor
|
|-heal|p1a: Gliscor|266\/354 tox|[from] ability: Poison Heal
|turn|26
|
|move|p2a: Bisharp|Sucker Punch|p1a: Gliscor
|-fail|p1a: Gliscor
|move|p1a: Gliscor|Toxic|p2a: Bisharp
|-fail|p2a: Bisharp
|
|-heal|p1a: Gliscor|310\/354 tox|[from] ability: Poison Heal
|turn|27
|
|move|p1a: Gliscor|Protect|p1a: Gliscor
|-singleturn|p1a: Gliscor|Protect
|move|p2a: Bisharp|Sucker Punch|p1a: Gliscor
|-fail|p1a: Gliscor
|
|-heal|p1a: Gliscor|354\/354 tox|[from] ability: Poison Heal
|turn|28
|
|switch|p2a: Clefable|Clefable, F|326\/394
|move|p1a: Gliscor|Toxic|p2a: Clefable
|-status|p2a: Clefable|tox
|
|-heal|p2a: Clefable|350\/394 tox|[from] item: Leftovers
|turn|29
|
|move|p1a: Gliscor|Earthquake|p2a: Clefable
|-damage|p2a: Clefable|259\/394 tox
|move|p2a: Clefable|Calm Mind|p2a: Clefable
|-boost|p2a: Clefable|spa|1
|-boost|p2a: Clefable|spd|1
|
|-heal|p2a: Clefable|283\/394 tox|[from] item: Leftovers
|turn|30
|
|switch|p1a: Chansey|Chansey, F|704\/704
|move|p2a: Clefable|Calm Mind|p2a: Clefable
|-boost|p2a: Clefable|spa|1
|-boost|p2a: Clefable|spd|1
|
|-heal|p2a: Clefable|307\/394 tox|[from] item: Leftovers
|turn|31
|
|move|p2a: Clefable|Moonblast|p1a: Chansey
|-damage|p1a: Chansey|559\/704
|move|p1a: Chansey|Seismic Toss|p2a: Clefable
|-damage|p2a: Clefable|207\/394 tox
|
|-heal|p2a: Clefable|231\/394 tox|[from] item: Leftovers
|turn|32
|
|move|p2a: Clefable|Moonblast|p1a: Chansey
|-damage|p1a: Chansey|432\/704
|move|p1a: Chansey|Seismic Toss|p2a: Clefable
|-damage|p2a: Clefable|131\/394 tox
|
|-heal|p2a: Clefable|155\/394 tox|[from] item: Leftovers
|turn|33
|
|move|p2a: Clefable|Calm Mind|p2a: Clefable
|-boost|p2a: Clefable|spa|1
|-boost|p2a: Clefable|spd|1
|move|p1a: Chansey|Seismic Toss|p2a: Clefable
|-damage|p2a: Clefable|55\/394 tox
|
|-heal|p2a: Clefable|79\/394 tox|[from] item: Leftovers
|turn|34
|
|move|p2a: Clefable|Soft-Boiled|p2a: Clefable
|-heal|p2a: Clefable|276\/394 tox
|move|p1a: Chansey|Seismic Toss|p2a: Clefable
|-damage|p2a: Clefable|176\/394 tox
|
|-heal|p2a: Clefable|200\/394 tox|[from] item: Leftovers
|turn|35
|
|move|p2a: Clefable|Calm Mind|p2a: Clefable
|-boost|p2a: Clefable|spa|1
|-boost|p2a: Clefable|spd|1
|move|p1a: Chansey|Seismic Toss|p2a: Clefable
|-damage|p2a: Clefable|100\/394 tox
|
|-heal|p2a: Clefable|124\/394 tox|[from] item: Leftovers
|turn|36
|
|move|p2a: Clefable|Calm Mind|p2a: Clefable
|-boost|p2a: Clefable|spa|1
|-boost|p2a: Clefable|spd|1
|move|p1a: Chansey|Soft-Boiled|p1a: Chansey
|-heal|p1a: Chansey|704\/704
|
|-heal|p2a: Clefable|148\/394 tox|[from] item: Leftovers
|turn|37
|
|move|p2a: Clefable|Calm Mind|p2a: Clefable
|-boost|p2a: Clefable|spa|1
|-boost|p2a: Clefable|spd|1
|move|p1a: Chansey|Seismic Toss|p2a: Clefable
|-damage|p2a: Clefable|48\/394 tox
|
|-heal|p2a: Clefable|72\/394 tox|[from] item: Leftovers
|turn|38
|
|move|p2a: Clefable|Soft-Boiled|p2a: Clefable
|-heal|p2a: Clefable|269\/394 tox
|move|p1a: Chansey|Seismic Toss|p2a: Clefable
|-damage|p2a: Clefable|169\/394 tox
|
|-heal|p2a: Clefable|193\/394 tox|[from] item: Leftovers
|turn|39
|
|move|p2a: Clefable|Moonblast|p1a: Chansey
|-damage|p1a: Chansey|442\/704
|-unboost|p1a: Chansey|spa|1
|move|p1a: Chansey|Seismic Toss|p2a: Clefable
|-damage|p2a: Clefable|93\/394 tox
|
|-heal|p2a: Clefable|117\/394 tox|[from] item: Leftovers
|turn|40
|
|move|p2a: Clefable|Moonblast|p1a: Chansey
|-damage|p1a: Chansey|168\/704
|move|p1a: Chansey|Seismic Toss|p2a: Clefable
|-damage|p2a: Clefable|17\/394 tox
|
|-heal|p2a: Clefable|41\/394 tox|[from] item: Leftovers
|turn|41
|
|move|p2a: Clefable|Soft-Boiled|p2a: Clefable
|-heal|p2a: Clefable|238\/394 tox
|move|p1a: Chansey|Soft-Boiled|p1a: Chansey
|-heal|p1a: Chansey|520\/704
|
|-heal|p2a: Clefable|262\/394 tox|[from] item: Leftovers
|turn|42
|
|move|p2a: Clefable|Moonblast|p1a: Chansey
|-damage|p1a: Chansey|249\/704
|move|p1a: Chansey|Seismic Toss|p2a: Clefable
|-damage|p2a: Clefable|162\/394 tox
|
|-heal|p2a: Clefable|186\/394 tox|[from] item: Leftovers
|turn|43
|-message|KnightSansArmour forfeited.
|
|win|majorsc2
|raw|Ladder updating...
|raw|KnightSansArmour's rating: 1605 &rarr; <strong>1584<\/strong><br \/>(-21 for losing)
|raw|majorsc2's rating: 1592 &rarr; <strong>1613<\/strong><br \/>(+21 for winning)
|leave|KnightSansArmour
|player|p1