|join|KnightSansArmour
|join|nolannn
|player|p1|KnightSansArmour|2
|player|p2|nolannn|206
|gametype|singles
|gen|6
|tier|OU
|rated
|clearpoke
|poke|p1|Gliscor, F
|poke|p1|Chansey, F
|poke|p1|Noivern, F
|poke|p1|Blastoise, F
|poke|p1|Heatran, M
|poke|p1|Zapdos
|poke|p2|Venusaur, F
|poke|p2|Chansey, F
|poke|p2|Quagsire, F
|poke|p2|Skarmory, F
|poke|p2|Gothitelle, F
|poke|p2|Wobbuffet, F
|rule|Sleep Clause Mod: Limit one foe put to sleep
|rule|Species Clause: Limit one of each Pokemon
|rule|OHKO Clause: OHKO moves are banned
|rule|Moody Clause: Moody is banned
|rule|Evasion Moves Clause: Evasion moves are banned
|rule|Endless Battle Clause: Forcing endless battles is banned.
|rule|HP Percentage Mod: HP is reported as percentages
|teampreview
|
|start
|switch|p1a: Blastoise|Blastoise, F|362\/362
|switch|p2a: Quagsire|Quagsire, F|394\/394
|turn|1
|
|switch|p1a: Chansey|Chansey, F|704\/704
|switch|p2a: Venusaur|Venusaur, F|364\/364
|
|turn|2
|
|switch|p2a: Gothitelle|Gothitelle, F|281\/281
|switch|p1a: Noivern|Noivern, F|311\/311
|
|turn|3
|
|switch|p2a: Chansey|Chansey, F|704\/704
|move|p1a: Noivern|Draco Meteor|p2a: Chansey
|-damage|p2a: Chansey|523\/704
|-unboost|p1a: Noivern|spa|2
|
|turn|4
|
|switch|p1a: Heatran|Heatran, M|386\/386
|move|p2a: Chansey|Stealth Rock|p1a: Heatran
|-sidestart|p1: KnightSansArmour|move: Stealth Rock
|
|turn|5
|
|switch|p2a: Wobbuffet|Wobbuffet, F|528\/528
|move|p1a: Heatran|Stealth Rock|p2a: Wobbuffet
|-sidestart|p2: nolannn|move: Stealth Rock
|
|turn|6
|
|move|p1a: Heatran|Lava Plume|p2a: Wobbuffet
|-damage|p2a: Wobbuffet|366\/528
|move|p2a: Wobbuffet|Encore|p1a: Heatran
|-start|p1a: Heatran|Encore
|
|turn|7
|
|move|p1a: Heatran|Lava Plume|p2a: Wobbuffet
|-damage|p2a: Wobbuffet|189\/528
|-status|p2a: Wobbuffet|brn
|-enditem|p2a: Wobbuffet|Sitrus Berry|[eat]
|-heal|p2a: Wobbuffet|321\/528 brn|[from] item: Sitrus Berry
|move|p2a: Wobbuffet|Mirror Coat|p1a: Heatran
|-damage|p1a: Heatran|32\/386
|
|-heal|p1a: Heatran|56\/386|[from] item: Leftovers
|-damage|p2a: Wobbuffet|255\/528 brn|[from] brn
|turn|8
|
|move|p1a: Heatran|Lava Plume|p2a: Wobbuffet
|-damage|p2a: Wobbuffet|93\/528 brn
|move|p2a: Wobbuffet|Mirror Coat|p1a: Heatran
|-damage|p1a: Heatran|0 fnt
|faint|p1a: Heatran
|
|-damage|p2a: Wobbuffet|27\/528 brn|[from] brn
|
|switch|p1a: Blastoise|Blastoise, F|362\/362
|-damage|p1a: Blastoise|317\/362|[from] Stealth Rock
|turn|9
|
|switch|p2a: Venusaur|Venusaur, F|364\/364
|-damage|p2a: Venusaur|319\/364|[from] Stealth Rock
|-formechange|p1a: Blastoise|Blastoise-Mega
|message|Blastoise has Mega Evolved into Mega Blastoise!
|move|p1a: Blastoise|Rapid Spin|p2a: Venusaur
|-damage|p2a: Venusaur|301\/364
|-sideend|p1: KnightSansArmour|Stealth Rock|[from] move: Rapid Spin|[of] p1a: Blastoise
|
|turn|10
|
|switch|p1a: Noivern|Noivern, F|311\/311
|-formechange|p2a: Venusaur|Venusaur-Mega
|message|Venusaur has Mega Evolved into Mega Venusaur!
|move|p2a: Venusaur|Leech Seed|p1a: Noivern
|-start|p1a: Noivern|move: Leech Seed
|
|-damage|p1a: Noivern|273\/311|[from] Leech Seed|[of] p2a: Venusaur
|-heal|p2a: Venusaur|339\/364|[silent]
|turn|11
|
|switch|p1a: Gliscor|Gliscor, F|354\/354
|move|p2a: Venusaur|Knock Off|p1a: Gliscor
|-damage|p1a: Gliscor|309\/354
|-enditem|p1a: Gliscor|Toxic Orb|[from] move: Knock Off|[of] p2a: Venusaur
|
|turn|12
|
|switch|p1a: Noivern|Noivern, F|273\/311
|move|p2a: Venusaur|Leech Seed|p1a: Noivern
|-start|p1a: Noivern|move: Leech Seed
|
|-damage|p1a: Noivern|235\/311|[from] Leech Seed|[of] p2a: Venusaur
|-heal|p2a: Venusaur|364\/364|[silent]
|turn|13
|
|switch|p2a: Chansey|Chansey, F|523\/704
|-damage|p2a: Chansey|435\/704|[from] Stealth Rock
|move|p1a: Noivern|Hurricane|p2a: Chansey|[miss]
|-miss|p1a: Noivern|p2a: Chansey
|
|-damage|p1a: Noivern|197\/311|[from] Leech Seed|[of] p2a: Chansey
|-heal|p2a: Chansey|473\/704|[silent]
|turn|14
|
|switch|p1a: Gliscor|Gliscor, F|309\/354
|move|p2a: Chansey|Soft-Boiled|p2a: Chansey
|-heal|p2a: Chansey|704\/704
|
|turn|15
|
|move|p1a: Gliscor|Toxic|p2a: Chansey
|-status|p2a: Chansey|tox
|move|p2a: Chansey|Seismic Toss|p1a: Gliscor
|-damage|p1a: Gliscor|209\/354
|
|-damage|p2a: Chansey|660\/704 tox|[from] psn
|turn|16
|
|switch|p2a: Skarmory|Skarmory, F|334\/334
|-damage|p2a: Skarmory|293\/334|[from] Stealth Rock
|move|p1a: Gliscor|Earthquake|p2a: Skarmory
|-immune|p2a: Skarmory|[msg]
|
|turn|17
|
|switch|p1a: Blastoise|Blastoise, F|317\/362
|-formechange|p1a: Blastoise|Blastoise-Mega
|move|p2a: Skarmory|Defog|p1a: Blastoise
|-unboost|p1a: Blastoise|evasion|1
|-sideend|p2: nolannn|Stealth Rock|[from] move: Defog|[of] p2a: Skarmory
|
|turn|18
|
|switch|p2a: Venusaur|Venusaur, F|364\/364
|-formechange|p2a: Venusaur|Venusaur-Mega
|move|p1a: Blastoise|Water Pulse|p2a: Venusaur
|-resisted|p2a: Venusaur
|-damage|p2a: Venusaur|300\/364
|-start|p2a: Venusaur|confusion
|
|turn|19
|
|switch|p1a: Noivern|Noivern, F|197\/311
|-activate|p2a: Venusaur|confusion
|-damage|p2a: Venusaur|271\/364|[from] confusion
|
|turn|20
|
|switch|p2a: Chansey|Chansey, F|660\/704
|move|p1a: Noivern|Hurricane|p2a: Chansey
|-damage|p2a: Chansey|518\/704
|
|turn|21
|
|switch|p1a: Zapdos|Zapdos|384\/384
|-ability|p1a: Zapdos|Pressure
|move|p2a: Chansey|Seismic Toss|p1a: Zapdos
|-damage|p1a: Zapdos|284\/384
|
|-heal|p1a: Zapdos|308\/384|[from] item: Leftovers
|turn|22
|
|switch|p1a: Gliscor|Gliscor, F|209\/354
|move|p2a: Chansey|Aromatherapy|p2a: Chansey
|-cureteam|p2a: Chansey|[from] move: Aromatherapy
|
|turn|23
|
|switch|p1a: Zapdos|Zapdos|308\/384
|-ability|p1a: Zapdos|Pressure
|move|p2a: Chansey|Seismic Toss|p1a: Zapdos
|-damage|p1a: Zapdos|208\/384
|
|-heal|p1a: Zapdos|232\/384|[from] item: Leftovers
|turn|24
|
|move|p1a: Zapdos|Roost|p1a: Zapdos
|-heal|p1a: Zapdos|384\/384
|move|p2a: Chansey|Seismic Toss|p1a: Zapdos
|-damage|p1a: Zapdos|284\/384
|
|-heal|p1a: Zapdos|308\/384|[from] item: Leftovers
|turn|25
|
|move|p1a: Zapdos|Heat Wave|p2a: Chansey
|-damage|p2a: Chansey|444\/704
|move|p2a: Chansey|Seismic Toss|p1a: Zapdos
|-damage|p1a: Zapdos|208\/384
|
|-heal|p1a: Zapdos|232\/384|[from] item: Leftovers
|turn|26
|
|move|p1a: Zapdos|Heat Wave|p2a: Chansey
|-damage|p2a: Chansey|368\/704
|-status|p2a: Chansey|brn
|move|p2a: Chansey|Seismic Toss|p1a: Zapdos
|-damage|p1a: Zapdos|132\/384
|
|-heal|p1a: Zapdos|156\/384|[from] item: Leftovers
|-damage|p2a: Chansey|280\/704 brn|[from] brn
|turn|27
|
|move|p1a: Zapdos|Roost|p1a: Zapdos
|-heal|p1a: Zapdos|348\/384
|move|p2a: Chansey|Soft-Boiled|p2a: Chansey
|-heal|p2a: Chansey|632\/704 brn
|
|-heal|p1a: Zapdos|372\/384|[from] item: Leftovers
|-damage|p2a: Chansey|544\/704 brn|[from] brn
|turn|28
|
|switch|p2a: Venusaur|Venusaur, F|271\/364
|-formechange|p2a: Venusaur|Venusaur-Mega
|move|p1a: Zapdos|Thunderbolt|p2a: Venusaur
|-resisted|p2a: Venusaur
|-damage|p2a: Venusaur|218\/364
|
|-heal|p1a: Zapdos|384\/384|[from] item: Leftovers
|turn|29
|
|move|p1a: Zapdos|Heat Wave|p2a: Venusaur
|-miss|p1a: Zapdos|p2a: Venusaur
|move|p2a: Venusaur|Leech Seed|p1a: Zapdos
|-start|p1a: Zapdos|move: Leech Seed
|
|-damage|p1a: Zapdos|336\/384|[from] Leech Seed|[of] p2a: Venusaur
|-heal|p2a: Venusaur|266\/364|[silent]
|turn|30
|
|switch|p1a: Noivern|Noivern, F|197\/311
|move|p2a: Venusaur|Knock Off|p1a: Noivern
|-damage|p1a: Noivern|101\/311
|-enditem|p1a: Noivern|Choice Specs|[from] move: Knock Off|[of] p2a: Venusaur
|
|turn|31
|
|move|p1a: Noivern|Hurricane|p2a: Venusaur
|-supereffective|p2a: Venusaur
|-damage|p2a: Venusaur|54\/364
|move|p2a: Venusaur|Leech Seed|p1a: Noivern
|-start|p1a: Noivern|move: Leech Seed
|
|-damage|p1a: Noivern|63\/311|[from] Leech Seed|[of] p2a: Venusaur
|-heal|p2a: Venusaur|92\/364|[silent]
|turn|32
|
|switch|p2a: Chansey|Chansey, F|544\/704
|move|p1a: Noivern|Hurricane|p2a: Chansey
|-damage|p2a: Chansey|445\/704
|
|-damage|p1a: Noivern|25\/311|[from] Leech Seed|[of] p2a: Chansey
|-heal|p2a: Chansey|483\/704|[silent]
|turn|33
|
|switch|p1a: Zapdos|Zapdos|336\/384
|-ability|p1a: Zapdos|Pressure
|move|p2a: Chansey|Stealth Rock|p1a: Zapdos
|-sidestart|p1: KnightSansArmour|move: Stealth Rock
|
|-heal|p1a: Zapdos|360\/384|[from] item: Leftovers
|turn|34
|
|move|p1a: Zapdos|Defog|p2a: Chansey
|-unboost|p2a: Chansey|evasion|1
|-sideend|p1: KnightSansArmour|Stealth Rock|[from] move: Defog|[of] p1a: Zapdos
|move|p2a: Chansey|Seismic Toss|p1a: Zapdos
|-damage|p1a: Zapdos|260\/384
|
|-heal|p1a: Zapdos|284\/384|[from] item: Leftovers
|turn|35
|
|move|p1a: Zapdos|Heat Wave|p2a: Chansey
|-damage|p2a: Chansey|402\/704
|move|p2a: Chansey|Seismic Toss|p1a: Zapdos
|-damage|p1a: Zapdos|184\/384
|
|-heal|p1a: Zapdos|208\/384|[from] item: Leftovers
|turn|36
|
|move|p1a: Zapdos|Heat Wave|p2a: Chansey
|-damage|p2a: Chansey|319\/704
|move|p2a: Chansey|Stealth Rock|p1a: Zapdos
|-sidestart|p1: KnightSansArmour|move: Stealth Rock
|
|-heal|p1a: Zapdos|232\/384|[from] item: Leftovers
|turn|37
|
|move|p1a: Zapdos|Heat Wave|p2a: Chansey
|-damage|p2a: Chansey|241\/704
|move|p2a: Chansey|Soft-Boiled|p2a: Chansey
|-heal|p2a: Chansey|593\/704
|
|-heal|p1a: Zapdos|256\/384|[from] item: Leftovers
|turn|38
|
|move|p1a: Zapdos|Heat Wave|p2a: Chansey
|-damage|p2a: Chansey|509\/704
|move|p2a: Chansey|Seismic Toss|p1a: Zapdos
|-damage|p1a: Zapdos|156\/384
|
|-heal|p1a: Zapdos|180\/384|[from] item: Leftovers
|turn|39
|
|move|p1a: Zapdos|Defog|p2a: Chansey
|-unboost|p2a: Chansey|evasion|1
|-sideend|p1: KnightSansArmour|Stealth Rock|[from] move: Defog|[of] p1a: Zapdos
|move|p2a: Chansey|Seismic Toss|p1a: Zapdos
|-damage|p1a: Zapdos|80\/384
|
|-heal|p1a: Zapdos|104\/384|[from] item: Leftovers
|turn|40
|
|switch|p2a: Venusaur|Venusaur, F|92\/364
|-formechange|p2a: Venusaur|Venusaur-Mega
|move|p1a: Zapdos|Roost|p1a: Zapdos
|-heal|p1a: Zapdos|296\/384
|
|-heal|p1a: Zapdos|320\/384|[from] item: Leftovers
|turn|41
|
|move|p1a: Zapdos|Heat Wave|p2a: Venusaur
|-supereffective|p2a: Venusaur
|-damage|p2a: Venusaur|8\/364
|move|p2a: Venusaur|Synthesis|p2a: Venusaur
|-heal|p2a: Venusaur|190\/364
|
|-heal|p1a: Zapdos|344\/384|[from] item: Leftovers
|turn|42
|
|move|p1a: Zapdos|Heat Wave|p2a: Venusaur
|-supereffective|p2a: Venusaur
|-damage|p2a: Venusaur|118\/364
|move|p2a: Venusaur|Synthesis|p2a: Venusaur
|-heal|p2a: Venusaur|300\/364
|
|-heal|p1a: Zapdos|368\/384|[from] item: Leftovers
|turn|43
|
|move|p1a: Zapdos|Heat Wave|p2a: Venusaur
|-supereffective|p2a: Venusaur
|-damage|p2a: Venusaur|220\/364
|-status|p2a: Venusaur|brn
|move|p2a: Venusaur|Knock Off|p1a: Zapdos
|-damage|p1a: Zapdos|323\/384
|-enditem|p1a: Zapdos|Leftovers|[from] move: Knock Off|[of] p2a: Venusaur
|
|-damage|p2a: Venusaur|175\/364 brn|[from] brn
|turn|44
|
|move|p1a: Zapdos|Heat Wave|p2a: Venusaur
|-supereffective|p2a: Venusaur
|-damage|p2a: Venusaur|103\/364 brn
|move|p2a: Venusaur|Synthesis|p2a: Venusaur
|-heal|p2a: Venusaur|285\/364 brn
|
|-damage|p2a: Venusaur|240\/364 brn|[from] brn
|turn|45
|
|switch|p2a: Chansey|Chansey, F|509\/704
|move|p1a: Zapdos|Heat Wave|p2a: Chansey
|-damage|p2a: Chansey|436\/704
|-status|p2a: Chansey|brn
|
|-damage|p2a: Chansey|348\/704 brn|[from] brn
|turn|46
|
|switch|p1a: Gliscor|Gliscor, F|209\/354
|move|p2a: Chansey|Aromatherapy|p2a: Chansey
|-cureteam|p2a: Chansey|[from] move: Aromatherapy
|
|turn|47
|
|move|p1a: Gliscor|Earthquake|p2a: Chansey
|-damage|p2a: Chansey|192\/704
|move|p2a: Chansey|Soft-Boiled|p2a: Chansey
|-heal|p2a: Chansey|544\/704
|
|turn|48
|
|move|p1a: Gliscor|Earthquake|p2a: Chansey
|-damage|p2a: Chansey|382\/704
|move|p2a: Chansey|Stealth Rock|p1a: Gliscor
|-sidestart|p1: KnightSansArmour|move: Stealth Rock
|
|turn|49
|
|move|p1a: Gliscor|Earthquake|p2a: Chansey
|-crit|p2a: Chansey
|-damage|p2a: Chansey|159\/704
|move|p2a: Chansey|Soft-Boiled|p2a: Chansey
|-heal|p2a: Chansey|511\/704
|
|turn|50
|
|move|p1a: Gliscor|Earthquake|p2a: Chansey
|-damage|p2a: Chansey|360\/704
|move|p2a: Chansey|Seismic Toss|p1a: Gliscor
|-damage|p1a: Gliscor|109\/354
|
|turn|51
|
|move|p1a: Gliscor|Earthquake|p2a: Chansey
|-damage|p2a: Chansey|207\/704
|move|p2a: Chansey|Soft-Boiled|p2a: Chansey
|-heal|p2a: Chansey|559\/704
|
|turn|52
|
|move|p1a: Gliscor|Earthquake|p2a: Chansey
|-damage|p2a: Chansey|414\/704
|move|p2a: Chansey|Seismic Toss|p1a: Gliscor
|-damage|p1a: Gliscor|9\/354
|
|turn|53
|
|move|p1a: Gliscor|Earthquake|p2a: Chansey
|-damage|p2a: Chansey|260\/704
|move|p2a: Chansey|Soft-Boiled|p2a: Chansey
|-heal|p2a: Chansey|612\/704
|
|turn|54
|
|move|p1a: Gliscor|Earthquake|p2a: Chansey
|-damage|p2a: Chansey|450\/704
|move|p2a: Chansey|Seismic Toss|p1a: Gliscor
|-damage|p1a: Gliscor|0 fnt
|faint|p1a: Gliscor
|
|
|switch|p1a: Blastoise|Blastoise, F|317\/362
|-formechange|p1a: Blastoise|Blastoise-Mega
|-damage|p1a: Blastoise|272\/362|[from] Stealth Rock
|turn|55
|
|move|p1a: Blastoise|Aura Sphere|p2a: Chansey
|-supereffective|p2a: Chansey
|-damage|p2a: Chansey|258\/704
|move|p2a: Chansey|Soft-Boiled|p2a: Chansey
|-heal|p2a: Chansey|610\/704
|
|turn|56
|
|switch|p2a: Venusaur|Venusaur, F|240\/364
|-formechange|p2a: Venusaur|Venusaur-Mega
|move|p1a: Blastoise|Aura Sphere|p2a: Venusaur
|-resisted|p2a: Venusaur
|-damage|p2a: Venusaur|191\/364
|
|turn|57
|
|move|p2a: Venusaur|Leech Seed|p1a: Blastoise
|-start|p1a: Blastoise|move: Leech Seed
|move|p1a: Blastoise|Rapid Spin|p2a: Venusaur
|-crit|p2a: Venusaur
|-damage|p2a: Venusaur|172\/364
|-end|p1a: Blastoise|Leech Seed|[from] move: Rapid Spin|[of] p1a: Blastoise
|-sideend|p1: KnightSansArmour|Stealth Rock|[from] move: Rapid Spin|[of] p1a: Blastoise
|
|turn|58
|
|switch|p1a: Noivern|Noivern, F|25\/311
|move|p2a: Venusaur|Synthesis|p2a: Venusaur
|-heal|p2a: Venusaur|354\/364
|
|turn|59
|
|switch|p2a: Chansey|Chansey, F|610\/704
|move|p1a: Noivern|Hurricane|p2a: Chansey
|-damage|p2a: Chansey|502\/704
|
|turn|60
|
|switch|p1a: Chansey|Chansey, F|704\/704
|move|p2a: Chansey|Stealth Rock|p1a: Chansey
|-sidestart|p1: KnightSansArmour|move: Stealth Rock
|
|turn|61
|
|switch|p2a: Gothitelle|Gothitelle, F|281\/281
|move|p1a: Chansey|Toxic|p2a: Gothitelle
|-status|p2a: Gothitelle|tox
|
|-damage|p2a: Gothitelle|264\/281 tox|[from] psn
|turn|62
|
|move|p2a: Gothitelle|Trick|p1a: Chansey
|-activate|p2a: Gothitelle|move: Trick|[of] p1a: Chansey
|-item|p1a: Chansey|Choice Scarf|[from] move: Trick
|-item|p2a: Gothitelle|Eviolite|[from] move: Trick
|move|p1a: Chansey|Seismic Toss|p2a: Gothitelle
|-damage|p2a: Gothitelle|164\/281 tox
|
|-damage|p2a: Gothitelle|130\/281 tox|[from] psn
|turn|63
|
|move|p2a: Gothitelle|Rest|p2a: Gothitelle
|-status|p2a: Gothitelle|slp
|-heal|p2a: Gothitelle|281\/281 slp|[silent]
|-status|p2a: Gothitelle|slp|[from] move: Rest
|move|p1a: Chansey|Seismic Toss|p2a: Gothitelle
|-damage|p2a: Gothitelle|181\/281 slp
|
|turn|64
|
|cant|p2a: Gothitelle|slp
|move|p1a: Chansey|Seismic Toss|p2a: Gothitelle
|-damage|p2a: Gothitelle|81\/281 slp
|
|turn|65
|
|switch|p2a: Quagsire|Quagsire, F|394\/394
|move|p1a: Chansey|Seismic Toss|p2a: Quagsire
|-damage|p2a: Quagsire|294\/394
|
|-heal|p2a: Quagsire|318\/394|[from] item: Leftovers
|turn|66
|
|move|p1a: Chansey|Seismic Toss|p2a: Quagsire
|-damage|p2a: Quagsire|218\/394
|move|p2a: Quagsire|Scald|p1a: Chansey
|-damage|p1a: Chansey|643\/704
|
|-heal|p2a: Quagsire|242\/394|[from] item: Leftovers
|turn|67
|
|move|p1a: Chansey|Seismic Toss|p2a: Quagsire
|-damage|p2a: Quagsire|142\/394
|move|p2a: Quagsire|Recover|p2a: Quagsire
|-heal|p2a: Quagsire|339\/394
|
|-heal|p2a: Quagsire|363\/394|[from] item: Leftovers
|turn|68
|
|move|p1a: Chansey|Seismic Toss|p2a: Quagsire
|-damage|p2a: Quagsire|263\/394
|move|p2a: Quagsire|Toxic|p1a: Chansey
|-status|p1a: Chansey|tox
|
|-heal|p2a: Quagsire|287\/394|[from] item: Leftovers
|-damage|p1a: Chansey|599\/704 tox|[from] psn
|turn|69
|
|switch|p1a: Blastoise|Blastoise, F|272\/362
|-formechange|p1a: Blastoise|Blastoise-Mega
|-damage|p1a: Blastoise|227\/362|[from] Stealth Rock
|move|p2a: Quagsire|Scald|p1a: Blastoise
|-resisted|p1a: Blastoise
|-damage|p1a: Blastoise|197\/362
|
|-heal|p2a: Quagsire|311\/394|[from] item: Leftovers
|turn|70
|
|switch|p2a: Venusaur|Venusaur, F|354\/364
|-formechange|p2a: Venusaur|Venusaur-Mega
|move|p1a: Blastoise|Rapid Spin|p2a: Venusaur
|-damage|p2a: Venusaur|342\/364
|-sideend|p1: KnightSansArmour|Stealth Rock|[from] move: Rapid Spin|[of] p1a: Blastoise
|
|turn|71
|
|switch|p1a: Noivern|Noivern, F|25\/311
|move|p2a: Venusaur|Leech Seed|p1a: Noivern
|-start|p1a: Noivern|move: Leech Seed
|
|-damage|p1a: Noivern|0 fnt|[from] Leech Seed|[of] p2a: Venusaur
|-heal|p2a: Venusaur|364\/364|[silent]
|faint|p1a: Noivern
|-message|KnightSansArmour forfeited.
|
|win|nolannn
|raw|Ladder updating...
|raw|KnightSansArmour's rating: 1505 &rarr; <strong>1486<\/strong><br \/>(-19 for losing)
|raw|nolannn's rating: 1518 &rarr; <strong>1537<\/strong><br \/>(+19 for winning)
|leave|KnightSansArmour
|player|p1