|join|KnightSansArmour
|join|TheVolcarona75
|player|p1|KnightSansArmour|208
|player|p2|TheVolcarona75|110
|gametype|singles
|gen|6
|tier|OU
|rated
|clearpoke
|poke|p1|Gliscor, M
|poke|p1|Chansey, F
|poke|p1|Noivern, F
|poke|p1|Blastoise, M
|poke|p1|Zapdos
|poke|p1|Metagross
|poke|p2|Gyarados, F
|poke|p2|Thundurus-Therian, M
|poke|p2|Heatran, F
|poke|p2|Aegislash, F
|poke|p2|Hippowdon, F
|poke|p2|Latias, F
|rule|Swagger Clause: Swagger is banned
|rule|Baton Pass Clause: Limit one PokÃ©mon knowing Baton Pass
|rule|Sleep Clause Mod: Limit one foe put to sleep
|rule|Species Clause: Limit one of each PokÃ©mon
|rule|OHKO Clause: OHKO moves are banned
|rule|Moody Clause: Moody is banned
|rule|Evasion Moves Clause: Evasion moves are banned
|rule|Endless Battle Clause: Forcing endless battles is banned
|rule|HP Percentage Mod: HP is reported as percentages
|teampreview
|
|start
|switch|p1a: Blastoise|Blastoise, M|362\/362
|switch|p2a: Gyarados|Gyarados, F|332\/332
|-ability|p2a: Gyarados|Intimidate|[of] p1a: Blastoise
|-unboost|p1a: Blastoise|atk|1
|turn|1
|
|switch|p2a: Thundurus-Therian|Thundurus-Therian, M|303\/303
|detailschange|p1a: Blastoise|Blastoise-Mega, M
|message|Blastoise has Mega Evolved into Mega Blastoise!
|move|p1a: Blastoise|Dark Pulse|p2a: Thundurus-Therian
|-damage|p2a: Thundurus-Therian|95\/303
|
|-heal|p2a: Thundurus-Therian|113\/303|[from] item: Leftovers
|turn|2
|
|switch|p1a: Gliscor|Gliscor, M|354\/354
|move|p2a: Thundurus-Therian|Thunderbolt|p1a: Gliscor
|-immune|p1a: Gliscor|[msg]
|
|-heal|p2a: Thundurus-Therian|131\/303|[from] item: Leftovers
|-status|p1a: Gliscor|tox|[from] item: Toxic Orb
|turn|3
|
|switch|p1a: Chansey|Chansey, F|704\/704
|move|p2a: Thundurus-Therian|Nasty Plot|p2a: Thundurus-Therian
|-boost|p2a: Thundurus-Therian|spa|2
|
|-heal|p2a: Thundurus-Therian|149\/303|[from] item: Leftovers
|turn|4
|
|move|p2a: Thundurus-Therian|Focus Blast|p1a: Chansey
|-supereffective|p1a: Chansey
|-damage|p1a: Chansey|246\/704
|move|p1a: Chansey|Toxic|p2a: Thundurus-Therian
|-status|p2a: Thundurus-Therian|tox
|
|-heal|p2a: Thundurus-Therian|167\/303 tox|[from] item: Leftovers
|-damage|p2a: Thundurus-Therian|149\/303 tox|[from] psn
|turn|5
|
|switch|p1a: Zapdos|Zapdos|384\/384
|-ability|p1a: Zapdos|Pressure
|move|p2a: Thundurus-Therian|Thunderbolt|p1a: Zapdos
|-damage|p1a: Zapdos|5\/384
|
|-heal|p2a: Thundurus-Therian|167\/303 tox|[from] item: Leftovers
|-heal|p1a: Zapdos|29\/384|[from] item: Leftovers
|-damage|p2a: Thundurus-Therian|131\/303 tox|[from] psn
|turn|6
|
|move|p2a: Thundurus-Therian|Hidden Power|p1a: Zapdos
|-resisted|p1a: Zapdos
|-damage|p1a: Zapdos|0 fnt
|faint|p1a: Zapdos
|
|-heal|p2a: Thundurus-Therian|149\/303 tox|[from] item: Leftovers
|-damage|p2a: Thundurus-Therian|95\/303 tox|[from] psn
|
|switch|p1a: Gliscor|Gliscor, M|354\/354 tox
|turn|7
|
|move|p1a: Gliscor|Protect|p1a: Gliscor
|-singleturn|p1a: Gliscor|Protect
|move|p2a: Thundurus-Therian|Hidden Power|p1a: Gliscor
|-activate|p1a: Gliscor|Protect
|
|-heal|p2a: Thundurus-Therian|113\/303 tox|[from] item: Leftovers
|-damage|p2a: Thundurus-Therian|41\/303 tox|[from] psn
|turn|8
|
|switch|p1a: Chansey|Chansey, F|246\/704
|move|p2a: Thundurus-Therian|Hidden Power|p1a: Chansey
|-damage|p1a: Chansey|77\/704
|
|-heal|p2a: Thundurus-Therian|59\/303 tox|[from] item: Leftovers
|-damage|p2a: Thundurus-Therian|0 fnt|[from] psn
|faint|p2a: Thundurus-Therian
|
|switch|p2a: Gyarados|Gyarados, F|332\/332
|-ability|p2a: Gyarados|Intimidate|[of] p1a: Chansey
|-unboost|p1a: Chansey|atk|1
|turn|9
|
|move|p2a: Gyarados|Waterfall|p1a: Chansey
|-damage|p1a: Chansey|0 fnt
|faint|p1a: Chansey
|
|
|switch|p1a: Blastoise|Blastoise-Mega, M|362\/362
|turn|10
|
|detailschange|p2a: Gyarados|Gyarados-Mega, F
|message|Gyarados has Mega Evolved into Mega Gyarados!
|-ability|p2a: Gyarados|Mold Breaker
|move|p2a: Gyarados|Dragon Dance|p2a: Gyarados
|-boost|p2a: Gyarados|atk|1
|-boost|p2a: Gyarados|spe|1
|move|p1a: Blastoise|Dark Pulse|p2a: Gyarados
|-resisted|p2a: Gyarados
|-damage|p2a: Gyarados|272\/332
|
|turn|11
|
|move|p2a: Gyarados|Earthquake|p1a: Blastoise
|-damage|p1a: Blastoise|156\/362
|move|p1a: Blastoise|Aura Sphere|p2a: Gyarados
|-supereffective|p2a: Gyarados
|-damage|p2a: Gyarados|6\/332
|
|turn|12
|
|move|p2a: Gyarados|Earthquake|p1a: Blastoise
|-damage|p1a: Blastoise|0 fnt
|faint|p1a: Blastoise
|
|
|switch|p1a: Metagross|Metagross|364\/364
|turn|13
|
|move|p1a: Metagross|Bullet Punch|p2a: Gyarados
|-resisted|p2a: Gyarados
|-damage|p2a: Gyarados|0 fnt
|faint|p2a: Gyarados
|
|
|switch|p2a: Hippowdon|Hippowdon, F|420\/420
|-weather|Sandstorm
|turn|14
|
|switch|p1a: Gliscor|Gliscor, M|354\/354 tox
|move|p2a: Hippowdon|Stealth Rock|p1a: Gliscor
|-sidestart|p1: KnightSansArmour|move: Stealth Rock
|
|-weather|Sandstorm|[upkeep]
|turn|15
|
|switch|p2a: Latias|Latias, F|364\/364
|move|p1a: Gliscor|Toxic|p2a: Latias
|-status|p2a: Latias|tox
|
|-weather|Sandstorm|[upkeep]
|-damage|p2a: Latias|342\/364 tox|[from] sandstorm
|-heal|p2a: Latias|364\/364 tox|[from] item: Leftovers
|-damage|p2a: Latias|342\/364 tox|[from] psn
|turn|16
|
|move|p1a: Gliscor|Protect|p1a: Gliscor
|-singleturn|p1a: Gliscor|Protect
|move|p2a: Latias|Dragon Pulse|p1a: Gliscor
|-activate|p1a: Gliscor|Protect
|
|-weather|Sandstorm|[upkeep]
|-damage|p2a: Latias|320\/364 tox|[from] sandstorm
|-heal|p2a: Latias|342\/364 tox|[from] item: Leftovers
|-damage|p2a: Latias|298\/364 tox|[from] psn
|turn|17
|
|switch|p1a: Metagross|Metagross|364\/364
|-damage|p1a: Metagross|342\/364|[from] Stealth Rock
|move|p2a: Latias|Dragon Pulse|p1a: Metagross
|-resisted|p1a: Metagross
|-damage|p1a: Metagross|305\/364
|
|-weather|Sandstorm|[upkeep]
|-damage|p2a: Latias|276\/364 tox|[from] sandstorm
|-heal|p2a: Latias|298\/364 tox|[from] item: Leftovers
|-damage|p2a: Latias|232\/364 tox|[from] psn
|turn|18
|
|switch|p2a: Hippowdon|Hippowdon, F|420\/420
|move|p1a: Metagross|Meteor Mash|p2a: Hippowdon
|-damage|p2a: Hippowdon|272\/420
|
|-weather|none
|-heal|p2a: Hippowdon|298\/420|[from] item: Leftovers
|turn|19
|
|switch|p1a: Gliscor|Gliscor, M|354\/354 tox
|-damage|p1a: Gliscor|310\/354 tox|[from] Stealth Rock
|switch|p2a: Aegislash|Aegislash, F|324\/324
|
|-heal|p1a: Gliscor|354\/354 tox|[from] ability: Poison Heal
|turn|20
|
|move|p1a: Gliscor|Earthquake|p2a: Aegislash
|-supereffective|p2a: Aegislash
|-damage|p2a: Aegislash|156\/324
|-formechange|p2a: Aegislash|Aegislash-Blade
|move|p2a: Aegislash|Shadow Ball|p1a: Gliscor
|-damage|p1a: Gliscor|77\/354 tox
|-damage|p2a: Aegislash|124\/324|[from] item: Life Orb
|
|-heal|p1a: Gliscor|121\/354 tox|[from] ability: Poison Heal
|turn|21
|
|move|p2a: Aegislash|Shadow Sneak|p1a: Gliscor
|-crit|p1a: Gliscor
|-damage|p1a: Gliscor|34\/354 tox
|-damage|p2a: Aegislash|92\/324|[from] item: Life Orb
|move|p1a: Gliscor|Substitute|p1a: Gliscor
|-fail|p1a: Gliscor|move: Substitute|[weak]
|
|-heal|p1a: Gliscor|78\/354 tox|[from] ability: Poison Heal
|turn|22
|
|move|p1a: Gliscor|Protect|p1a: Gliscor
|-singleturn|p1a: Gliscor|Protect
|move|p2a: Aegislash|Shadow Sneak|p1a: Gliscor
|-activate|p1a: Gliscor|Protect
|
|-heal|p1a: Gliscor|122\/354 tox|[from] ability: Poison Heal
|turn|23
|
|move|p2a: Aegislash|Shadow Sneak|p1a: Gliscor
|-damage|p1a: Gliscor|64\/354 tox
|-damage|p2a: Aegislash|60\/324|[from] item: Life Orb
|move|p1a: Gliscor|Substitute|p1a: Gliscor
|-fail|p1a: Gliscor|move: Substitute|[weak]
|
|-heal|p1a: Gliscor|108\/354 tox|[from] ability: Poison Heal
|turn|24
|
|move|p1a: Gliscor|Protect|p1a: Gliscor
|-singleturn|p1a: Gliscor|Protect
|move|p2a: Aegislash|Shadow Sneak|p1a: Gliscor
|-activate|p1a: Gliscor|Protect
|
|-heal|p1a: Gliscor|152\/354 tox|[from] ability: Poison Heal
|turn|25
|
|move|p1a: Gliscor|Substitute|p1a: Gliscor
|-start|p1a: Gliscor|Substitute
|-damage|p1a: Gliscor|64\/354 tox
|move|p2a: Aegislash|Shadow Ball|p1a: Gliscor
|-end|p1a: Gliscor|Substitute
|-damage|p2a: Aegislash|28\/324|[from] item: Life Orb
|
|-heal|p1a: Gliscor|108\/354 tox|[from] ability: Poison Heal
|turn|26
|
|move|p1a: Gliscor|Protect|p1a: Gliscor
|-singleturn|p1a: Gliscor|Protect
|move|p2a: Aegislash|Shadow Sneak|p1a: Gliscor
|-activate|p1a: Gliscor|Protect
|
|-heal|p1a: Gliscor|152\/354 tox|[from] ability: Poison Heal
|turn|27
|
|move|p1a: Gliscor|Substitute|p1a: Gliscor
|-start|p1a: Gliscor|Substitute
|-damage|p1a: Gliscor|64\/354 tox
|move|p2a: Aegislash|Shadow Ball|p1a: Gliscor
|-end|p1a: Gliscor|Substitute
|-damage|p2a: Aegislash|0 fnt|[from] item: Life Orb
|faint|p2a: Aegislash
|
|-heal|p1a: Gliscor|108\/354 tox|[from] ability: Poison Heal
|
|switch|p2a: Latias|Latias, F|232\/364 tox
|turn|28
|
|move|p1a: Gliscor|Protect|p1a: Gliscor
|-singleturn|p1a: Gliscor|Protect
|move|p2a: Latias|Dragon Pulse|p1a: Gliscor
|-activate|p1a: Gliscor|Protect
|
|-heal|p2a: Latias|254\/364 tox|[from] item: Leftovers
|-damage|p2a: Latias|232\/364 tox|[from] psn
|-heal|p1a: Gliscor|152\/354 tox|[from] ability: Poison Heal
|turn|29
|
|switch|p2a: Hippowdon|Hippowdon, F|298\/420
|-weather|Sandstorm
|switch|p1a: Metagross|Metagross|305\/364
|-damage|p1a: Metagross|283\/364|[from] Stealth Rock
|
|-weather|Sandstorm|[upkeep]
|-heal|p2a: Hippowdon|324\/420|[from] item: Leftovers
|turn|30
|
|move|p1a: Metagross|Meteor Mash|p2a: Hippowdon
|-damage|p2a: Hippowdon|170\/420
|move|p2a: Hippowdon|Stone Edge|p1a: Metagross|[miss]
|-miss|p2a: Hippowdon|p1a: Metagross
|
|-weather|Sandstorm|[upkeep]
|-heal|p2a: Hippowdon|196\/420|[from] item: Leftovers
|turn|31
|
|move|p1a: Metagross|Meteor Mash|p2a: Hippowdon
|-damage|p2a: Hippowdon|43\/420
|move|p2a: Hippowdon|Slack Off|p2a: Hippowdon
|-heal|p2a: Hippowdon|253\/420
|
|-weather|Sandstorm|[upkeep]
|-heal|p2a: Hippowdon|279\/420|[from] item: Leftovers
|turn|32
|
|move|p1a: Metagross|Meteor Mash|p2a: Hippowdon
|-damage|p2a: Hippowdon|108\/420
|move|p2a: Hippowdon|Stone Edge|p1a: Metagross|[miss]
|-miss|p2a: Hippowdon|p1a: Metagross
|
|-weather|Sandstorm|[upkeep]
|-heal|p2a: Hippowdon|134\/420|[from] item: Leftovers
|turn|33
|
|switch|p2a: Heatran|Heatran, F|386\/386
|move|p1a: Metagross|Meteor Mash|p2a: Heatran
|-resisted|p2a: Heatran
|-damage|p2a: Heatran|345\/386
|
|-weather|none
|-heal|p2a: Heatran|369\/386|[from] item: Leftovers
|turn|34
|
|move|p2a: Heatran|Lava Plume|p1a: Metagross
|-supereffective|p1a: Metagross
|-damage|p1a: Metagross|121\/364
|move|p1a: Metagross|Earthquake|p2a: Heatran
|-supereffective|p2a: Heatran
|-damage|p2a: Heatran|0 fnt
|faint|p2a: Heatran
|
|
|switch|p2a: Latias|Latias, F|232\/364 tox
|turn|35
|
|move|p1a: Metagross|Bullet Punch|p2a: Latias
|-damage|p2a: Latias|147\/364 tox
|move|p2a: Latias|Dragon Pulse|p1a: Metagross
|-resisted|p1a: Metagross
|-damage|p1a: Metagross|82\/364
|
|-heal|p2a: Latias|169\/364 tox|[from] item: Leftovers
|-damage|p2a: Latias|147\/364 tox|[from] psn
|turn|36
|
|move|p1a: Metagross|Bullet Punch|p2a: Latias
|-damage|p2a: Latias|65\/364 tox
|move|p2a: Latias|Recover|p2a: Latias
|-heal|p2a: Latias|247\/364 tox
|
|-heal|p2a: Latias|269\/364 tox|[from] item: Leftovers
|-damage|p2a: Latias|225\/364 tox|[from] psn
|turn|37
|
|move|p1a: Metagross|Bullet Punch|p2a: Latias
|-crit|p2a: Latias
|-damage|p2a: Latias|90\/364 tox
|move|p2a: Latias|Dragon Pulse|p1a: Metagross
|-resisted|p1a: Metagross
|-damage|p1a: Metagross|40\/364
|
|-heal|p2a: Latias|112\/364 tox|[from] item: Leftovers
|-damage|p2a: Latias|46\/364 tox|[from] psn
|turn|38
|
|switch|p2a: Hippowdon|Hippowdon, F|134\/420
|-weather|Sandstorm
|move|p1a: Metagross|Bullet Punch|p2a: Hippowdon
|-damage|p2a: Hippowdon|64\/420
|
|-weather|Sandstorm|[upkeep]
|-heal|p2a: Hippowdon|90\/420|[from] item: Leftovers
|turn|39
|
|move|p1a: Metagross|Meteor Mash|p2a: Hippowdon
|-damage|p2a: Hippowdon|0 fnt
|faint|p2a: Hippowdon
|
|-weather|Sandstorm|[upkeep]
|
|switch|p2a: Latias|Latias, F|46\/364 tox
|turn|40
|
|move|p1a: Metagross|Bullet Punch|p2a: Latias
|-damage|p2a: Latias|0 fnt
|faint|p2a: Latias
|
|win|KnightSansArmour
|raw|Ladder updating...
|raw|KnightSansArmour's rating: 1589 &rarr; <strong>1611<\/strong><br \/>(+22 for winning)
|raw|TheVolcarona75's rating: 1628 &rarr; <strong>1606<\/strong><br \/>(-22 for losing)
|leave|TheVolcarona75
|player|p2