|join|LordBeric
|join|KnightSansArmour
|player|p1|LordBeric|269
|player|p2|KnightSansArmour|208
|gametype|singles
|gen|6
|tier|OU
|rated
|clearpoke
|poke|p1|Medicham, M
|poke|p1|Garchomp, F
|poke|p1|Slowbro, F
|poke|p1|Tyranitar, M
|poke|p1|Zapdos
|poke|p1|Tentacruel, M
|poke|p2|Gliscor, M
|poke|p2|Chansey, F
|poke|p2|Noivern, F
|poke|p2|Blastoise, M
|poke|p2|Zapdos
|poke|p2|Metagross
|rule|Swagger Clause: Swagger is banned
|rule|Baton Pass Clause: Limit one PokÃ©mon knowing Baton Pass
|rule|Sleep Clause Mod: Limit one foe put to sleep
|rule|Species Clause: Limit one of each PokÃ©mon
|rule|OHKO Clause: OHKO moves are banned
|rule|Moody Clause: Moody is banned
|rule|Evasion Moves Clause: Evasion moves are banned
|rule|Endless Battle Clause: Forcing endless battles is banned
|rule|HP Percentage Mod: HP is reported as percentages
|teampreview
|
|start
|switch|p1a: Oberyn|Medicham, M|261\/261
|switch|p2a: Gliscor|Gliscor, M|354\/354
|turn|1
|
|detailschange|p1a: Oberyn|Medicham-Mega, M
|message|Medicham has Mega Evolved into Mega Medicham!
|move|p2a: Gliscor|Protect|p2a: Gliscor
|-singleturn|p2a: Gliscor|Protect
|move|p1a: Oberyn|Fake Out|p2a: Gliscor
|-activate|p2a: Gliscor|Protect
|
|-status|p2a: Gliscor|tox|[from] item: Toxic Orb
|turn|2
|
|switch|p2a: Metagross|Metagross|364\/364
|move|p1a: Oberyn|Ice Punch|p2a: Metagross
|-resisted|p2a: Metagross
|-damage|p2a: Metagross|308\/364
|
|turn|3
|
|switch|p1a: KingInTheNorth|Slowbro, F|394\/394
|move|p2a: Metagross|Meteor Mash|p1a: KingInTheNorth|[miss]
|-miss|p2a: Metagross|p1a: KingInTheNorth
|
|turn|4
|
|switch|p2a: Zapdos|Zapdos|384\/384
|-ability|p2a: Zapdos|Pressure
|switch|p1a: Oberyn|Medicham-Mega, M|261\/261
|
|turn|5
|
|move|p1a: Oberyn|Fake Out|p2a: Zapdos
|-crit|p2a: Zapdos
|-damage|p2a: Zapdos|249\/384
|cant|p2a: Zapdos|flinch
|
|-heal|p2a: Zapdos|273\/384|[from] item: Leftovers
|turn|6
|
|switch|p1a: Mormont|Tyranitar, M|341\/341
|-weather|Sandstorm
|switch|p2a: Blastoise|Blastoise, M|362\/362
|
|-weather|Sandstorm|[upkeep]
|-damage|p2a: Blastoise|340\/362|[from] sandstorm
|turn|7
|
|switch|p1a: TheSpider|Tentacruel, M|364\/364
|detailschange|p2a: Blastoise|Blastoise-Mega, M
|message|Blastoise has Mega Evolved into Mega Blastoise!
|move|p2a: Blastoise|Aura Sphere|p1a: TheSpider
|-resisted|p1a: TheSpider
|-damage|p1a: TheSpider|330\/364
|
|-weather|Sandstorm|[upkeep]
|-damage|p1a: TheSpider|308\/364|[from] sandstorm
|-damage|p2a: Blastoise|318\/362|[from] sandstorm
|turn|8
|
|switch|p2a: Metagross|Metagross|308\/364
|move|p1a: TheSpider|Scald|p2a: Metagross
|-damage|p2a: Metagross|241\/364
|
|-weather|Sandstorm|[upkeep]
|-damage|p1a: TheSpider|286\/364|[from] sandstorm
|turn|9
|
|switch|p1a: KingInTheNorth|Slowbro, F|394\/394
|move|p2a: Metagross|Zen Headbutt|p1a: KingInTheNorth|[miss]
|-miss|p2a: Metagross|p1a: KingInTheNorth
|
|-weather|Sandstorm|[upkeep]
|-damage|p1a: KingInTheNorth|370\/394|[from] sandstorm
|-heal|p1a: KingInTheNorth|394\/394|[from] item: Leftovers
|turn|10
|
|switch|p2a: Zapdos|Zapdos|273\/384
|-ability|p2a: Zapdos|Pressure
|move|p1a: KingInTheNorth|Scald|p2a: Zapdos
|-damage|p2a: Zapdos|171\/384
|
|-weather|none
|-heal|p2a: Zapdos|195\/384|[from] item: Leftovers
|turn|11
|chat|KnightSansArmour|Wow Metagross need archery practice
|
|switch|p1a: TheHound|Garchomp, F|358\/358
|move|p2a: Zapdos|Roost|p2a: Zapdos
|-heal|p2a: Zapdos|384\/384
|
|turn|12
|chat|LordBeric|i was thinking the same lol
|
|switch|p2a: Gliscor|Gliscor, M|354\/354 tox
|move|p1a: TheHound|Stone Edge|p2a: Gliscor
|-damage|p2a: Gliscor|276\/354 tox
|
|-heal|p2a: Gliscor|320\/354 tox|[from] ability: Poison Heal
|turn|13
|
|switch|p1a: Oberyn|Medicham-Mega, M|261\/261
|move|p2a: Gliscor|Toxic|p1a: Oberyn
|-status|p1a: Oberyn|tox
|
|-damage|p1a: Oberyn|245\/261 tox|[from] psn
|-heal|p2a: Gliscor|354\/354 tox|[from] ability: Poison Heal
|turn|14
|
|move|p2a: Gliscor|Protect|p2a: Gliscor
|-singleturn|p2a: Gliscor|Protect
|move|p1a: Oberyn|Fake Out|p2a: Gliscor
|-activate|p2a: Gliscor|Protect
|
|-damage|p1a: Oberyn|213\/261 tox|[from] psn
|turn|15
|
|switch|p2a: Metagross|Metagross|241\/364
|move|p1a: Oberyn|Ice Punch|p2a: Metagross
|-resisted|p2a: Metagross
|-damage|p2a: Metagross|180\/364
|
|-damage|p1a: Oberyn|165\/261 tox|[from] psn
|turn|16
|chat|LordBeric|i like your squad
|
|switch|p1a: KingInTheNorth|Slowbro, F|394\/394
|move|p2a: Metagross|Bullet Punch|p1a: KingInTheNorth
|-resisted|p1a: KingInTheNorth
|-damage|p1a: KingInTheNorth|364\/394
|
|-heal|p1a: KingInTheNorth|388\/394|[from] item: Leftovers
|turn|17
|chat|KnightSansArmour|Thanks man. Love the GoT references in yours
|
|switch|p2a: Zapdos|Zapdos|384\/384
|-ability|p2a: Zapdos|Pressure
|move|p1a: KingInTheNorth|Psychic|p2a: Zapdos
|-damage|p2a: Zapdos|272\/384
|
|-heal|p2a: Zapdos|296\/384|[from] item: Leftovers
|-heal|p1a: KingInTheNorth|394\/394|[from] item: Leftovers
|turn|18
|chat|KnightSansArmour|Though I feel like I should point out most of your team is dead
|
|switch|p1a: Mormont|Tyranitar, M|341\/341
|-weather|Sandstorm
|move|p2a: Zapdos|Heat Wave|p1a: Mormont
|-resisted|p1a: Mormont
|-damage|p1a: Mormont|322\/341
|
|-weather|Sandstorm|[upkeep]
|-damage|p2a: Zapdos|272\/384|[from] sandstorm
|-heal|p2a: Zapdos|296\/384|[from] item: Leftovers
|turn|19
|
|move|p1a: Mormont|Pursuit|p2a: Zapdos|[from]Pursuit
|-damage|p2a: Zapdos|142\/384
|switch|p2a: Blastoise|Blastoise-Mega, M|318\/362
|
|-weather|Sandstorm|[upkeep]
|-damage|p2a: Blastoise|296\/362|[from] sandstorm
|turn|20
|
|move|p2a: Blastoise|Dark Pulse|p1a: Mormont
|-resisted|p1a: Mormont
|-damage|p1a: Mormont|295\/341
|cant|p1a: Mormont|flinch
|
|-weather|Sandstorm|[upkeep]
|-damage|p2a: Blastoise|274\/362|[from] sandstorm
|turn|21
|
|move|p2a: Blastoise|Aura Sphere|p1a: Mormont
|-supereffective|p1a: Mormont
|-damage|p1a: Mormont|87\/341
|move|p1a: Mormont|Crunch|p2a: Blastoise
|-damage|p2a: Blastoise|148\/362
|
|-weather|Sandstorm|[upkeep]
|-damage|p2a: Blastoise|126\/362|[from] sandstorm
|turn|22
|
|switch|p1a: TheKingslayer|Zapdos|322\/322
|-ability|p1a: TheKingslayer|Pressure
|move|p2a: Blastoise|Aura Sphere|p1a: TheKingslayer
|-resisted|p1a: TheKingslayer
|-damage|p1a: TheKingslayer|233\/322
|
|-weather|none
|turn|23
|
|switch|p2a: Chansey|Chansey, F|704\/704
|move|p1a: TheKingslayer|Discharge|p2a: Chansey
|-crit|p2a: Chansey
|-damage|p2a: Chansey|535\/704
|-damage|p1a: TheKingslayer|201\/322|[from] item: Life Orb
|
|turn|24
|
|move|p1a: TheKingslayer|Volt Switch|p2a: Chansey
|-damage|p2a: Chansey|426\/704
|-damage|p1a: TheKingslayer|169\/322|[from] item: Life Orb
|
|switch|p1a: Oberyn|Medicham-Mega, M|165\/261 tox
|move|p2a: Chansey|Toxic|p1a: Oberyn
|-fail|p1a: Oberyn|tox
|
|-damage|p1a: Oberyn|149\/261 tox|[from] psn
|turn|25
|
|switch|p2a: Metagross|Metagross|180\/364
|move|p1a: Oberyn|Drain Punch|p2a: Metagross
|-damage|p2a: Metagross|0 fnt
|-heal|p1a: Oberyn|239\/261 tox|[from] drain|[of] p2a: Metagross
|faint|p2a: Metagross
|
|-damage|p1a: Oberyn|207\/261 tox|[from] psn
|
|switch|p2a: Noivern|Noivern, F|311\/311
|turn|26
|
|switch|p1a: TheSpider|Tentacruel, M|286\/364
|move|p2a: Noivern|Draco Meteor|p1a: TheSpider
|-damage|p1a: TheSpider|144\/364
|-unboost|p2a: Noivern|spa|2
|
|turn|27
|
|switch|p2a: Zapdos|Zapdos|142\/384
|-ability|p2a: Zapdos|Pressure
|move|p1a: TheSpider|Sludge Wave|p2a: Zapdos
|-damage|p2a: Zapdos|33\/384
|
|-heal|p2a: Zapdos|57\/384|[from] item: Leftovers
|turn|28
|
|switch|p1a: TheHound|Garchomp, F|358\/358
|move|p2a: Zapdos|Roost|p2a: Zapdos
|-heal|p2a: Zapdos|249\/384
|
|-heal|p2a: Zapdos|273\/384|[from] item: Leftovers
|turn|29
|
|switch|p2a: Gliscor|Gliscor, M|354\/354 tox
|move|p1a: TheHound|Outrage|p2a: Gliscor
|-damage|p2a: Gliscor|212\/354 tox
|
|-heal|p2a: Gliscor|256\/354 tox|[from] ability: Poison Heal
|turn|30
|
|move|p1a: TheHound|Outrage|p2a: Gliscor
|-damage|p2a: Gliscor|100\/354 tox
|move|p2a: Gliscor|Toxic|p1a: TheHound
|-status|p1a: TheHound|tox
|
|-damage|p1a: TheHound|336\/358 tox|[from] psn
|-heal|p2a: Gliscor|144\/354 tox|[from] ability: Poison Heal
|turn|31
|
|move|p2a: Gliscor|Protect|p2a: Gliscor
|-singleturn|p2a: Gliscor|Protect
|move|p1a: TheHound|Outrage|p2a: Gliscor
|-activate|p2a: Gliscor|Protect
|
|-end|p1a: TheHound|rampage
|-start|p1a: TheHound|confusion
|-damage|p1a: TheHound|292\/358 tox|[from] psn
|-heal|p2a: Gliscor|188\/354 tox|[from] ability: Poison Heal
|turn|32
|
|switch|p1a: Oberyn|Medicham-Mega, M|207\/261 tox
|move|p2a: Gliscor|Earthquake|p1a: Oberyn
|-damage|p1a: Oberyn|74\/261 tox
|
|-damage|p1a: Oberyn|58\/261 tox|[from] psn
|-heal|p2a: Gliscor|232\/354 tox|[from] ability: Poison Heal
|turn|33
|
|move|p2a: Gliscor|Protect|p2a: Gliscor
|-singleturn|p2a: Gliscor|Protect
|move|p1a: Oberyn|Drain Punch|p2a: Gliscor
|-activate|p2a: Gliscor|Protect
|
|-damage|p1a: Oberyn|26\/261 tox|[from] psn
|-heal|p2a: Gliscor|276\/354 tox|[from] ability: Poison Heal
|turn|34
|
|switch|p2a: Zapdos|Zapdos|273\/384
|-ability|p2a: Zapdos|Pressure
|move|p1a: Oberyn|Ice Punch|p2a: Zapdos
|-supereffective|p2a: Zapdos
|-damage|p2a: Zapdos|0 fnt
|faint|p2a: Zapdos
|
|-damage|p1a: Oberyn|0 fnt|[from] psn
|faint|p1a: Oberyn
|
|switch|p1a: TheKingslayer|Zapdos|169\/322
|switch|p2a: Blastoise|Blastoise-Mega, M|126\/362
|-ability|p1a: TheKingslayer|Pressure
|turn|35
|
|switch|p2a: Chansey|Chansey, F|426\/704
|move|p1a: TheKingslayer|Roost|p1a: TheKingslayer
|-heal|p1a: TheKingslayer|322\/322
|
|turn|36
|
|move|p1a: TheKingslayer|Volt Switch|p2a: Chansey
|-damage|p2a: Chansey|325\/704
|-damage|p1a: TheKingslayer|290\/322|[from] item: Life Orb
|
|switch|p1a: TheHound|Garchomp, F|292\/358 tox
|move|p2a: Chansey|Soft-Boiled|p2a: Chansey
|-heal|p2a: Chansey|677\/704
|
|-damage|p1a: TheHound|270\/358 tox|[from] psn
|turn|37
|
|switch|p2a: Gliscor|Gliscor, M|276\/354 tox
|move|p1a: TheHound|Iron Head|p2a: Gliscor
|-damage|p2a: Gliscor|206\/354 tox
|
|-damage|p1a: TheHound|226\/358 tox|[from] psn
|-heal|p2a: Gliscor|250\/354 tox|[from] ability: Poison Heal
|turn|38
|
|switch|p1a: TheSpider|Tentacruel, M|144\/364
|move|p2a: Gliscor|Protect|p2a: Gliscor
|-fail|p2a: Gliscor
|
|-heal|p2a: Gliscor|294\/354 tox|[from] ability: Poison Heal
|turn|39
|
|move|p2a: Gliscor|Earthquake|p1a: TheSpider
|-supereffective|p1a: TheSpider
|-damage|p1a: TheSpider|0 fnt
|faint|p1a: TheSpider
|
|-heal|p2a: Gliscor|338\/354 tox|[from] ability: Poison Heal
|
|switch|p1a: KingInTheNorth|Slowbro, F|394\/394
|turn|40
|
|switch|p2a: Chansey|Chansey, F|677\/704
|move|p1a: KingInTheNorth|Scald|p2a: Chansey
|-damage|p2a: Chansey|613\/704
|
|turn|41
|-message|LordBeric forfeited.
|
|win|KnightSansArmour
|raw|Ladder updating...
|leave|LordBeric
|player|p1
|raw|LordBeric's rating: 1619 &rarr; <strong>1598<\/strong><br \/>(-21 for losing)
|raw|KnightSansArmour's rating: 1588 &rarr; <strong>1610<\/strong><br \/>(+22 for winning)