|join|KnightSansArmour
|join|AjTheEpic
|player|p1|KnightSansArmour|2
|player|p2|AjTheEpic|56
|gametype|singles
|gen|6
|tier|OU
|rated
|clearpoke
|poke|p1|Gliscor, M
|poke|p1|Chansey, F
|poke|p1|Noivern, F
|poke|p1|Blastoise, M
|poke|p1|Zapdos
|poke|p1|Metagross
|poke|p2|Chesnaught, M
|poke|p2|Skarmory, M
|poke|p2|Aegislash, F
|poke|p2|Chansey, F
|poke|p2|Blastoise, M
|poke|p2|Latias, F
|rule|Sleep Clause Mod: Limit one foe put to sleep
|rule|Species Clause: Limit one of each Pokemon
|rule|OHKO Clause: OHKO moves are banned
|rule|Moody Clause: Moody is banned
|rule|Evasion Moves Clause: Evasion moves are banned
|rule|Endless Battle Clause: Forcing endless battles is banned.
|rule|HP Percentage Mod: HP is reported as percentages
|teampreview
|
|start
|switch|p1a: Zapdos|Zapdos|384\/384
|switch|p2a: Blastoise|Blastoise, M|362\/362
|-ability|p1a: Zapdos|Pressure
|turn|1
|
|switch|p2a: Chansey|Chansey, F|704\/704
|move|p1a: Zapdos|Thunderbolt|p2a: Chansey
|-damage|p2a: Chansey|587\/704
|
|turn|2
|
|switch|p1a: Gliscor|Gliscor, M|354\/354
|move|p2a: Chansey|Seismic Toss|p1a: Gliscor
|-damage|p1a: Gliscor|254\/354
|
|-status|p1a: Gliscor|tox|[from] item: Toxic Orb
|turn|3
|
|switch|p1a: Zapdos|Zapdos|384\/384
|-ability|p1a: Zapdos|Pressure
|switch|p2a: Skarmory|Skarmory, M|334\/334
|
|turn|4
|
|switch|p2a: Chansey|Chansey, F|587\/704
|move|p1a: Zapdos|Heat Wave|p2a: Chansey
|-damage|p2a: Chansey|503\/704
|
|turn|5
|
|switch|p1a: Gliscor|Gliscor, M|254\/354 tox
|move|p2a: Chansey|Wish|p2a: Chansey
|
|-heal|p1a: Gliscor|298\/354 tox|[from] ability: Poison Heal
|turn|6
|
|switch|p2a: Blastoise|Blastoise, M|362\/362
|move|p1a: Gliscor|Substitute|p1a: Gliscor
|-start|p1a: Gliscor|Substitute
|-damage|p1a: Gliscor|210\/354 tox
|
|-heal|p1a: Gliscor|254\/354 tox|[from] ability: Poison Heal
|turn|7
|
|switch|p2a: Skarmory|Skarmory, M|334\/334
|move|p1a: Gliscor|Toxic|p2a: Skarmory
|-fail|p2a: Skarmory
|
|-heal|p1a: Gliscor|298\/354 tox|[from] ability: Poison Heal
|turn|8
|
|switch|p1a: Zapdos|Zapdos|384\/384
|-ability|p1a: Zapdos|Pressure
|move|p2a: Skarmory|Taunt|p1a: Zapdos
|-start|p1a: Zapdos|move: Taunt
|
|turn|9
|
|switch|p2a: Latias|Latias, F|301\/301
|move|p1a: Zapdos|Heat Wave|p2a: Latias
|-miss|p1a: Zapdos|p2a: Latias
|
|turn|10
|
|switch|p1a: Chansey|Chansey, F|704\/704
|move|p2a: Latias|Trick|p1a: Chansey
|-activate|p2a: Latias|move: Trick|[of] p1a: Chansey
|-item|p1a: Chansey|Choice Scarf|[from] move: Trick
|-item|p2a: Latias|Eviolite|[from] move: Trick
|
|turn|11
|join|thenewguy24imo
|leave|thenewguy24imo
|
|switch|p2a: Aegislash|Aegislash, F|324\/324
|move|p1a: Chansey|Toxic|p2a: Aegislash
|-fail|p2a: Aegislash
|
|turn|12
|
|switch|p1a: Zapdos|Zapdos|384\/384
|-ability|p1a: Zapdos|Pressure
|move|p2a: Aegislash|Toxic|p1a: Zapdos
|-status|p1a: Zapdos|tox
|
|-damage|p1a: Zapdos|360\/384 tox|[from] psn
|turn|13
|
|switch|p1a: Gliscor|Gliscor, M|298\/354 tox
|move|p2a: Aegislash|King's Shield|p2a: Aegislash
|-fail|p2a: Aegislash
|
|-heal|p1a: Gliscor|342\/354 tox|[from] ability: Poison Heal
|turn|14
|
|switch|p2a: Skarmory|Skarmory, M|334\/334
|move|p1a: Gliscor|Earthquake|p2a: Skarmory
|-immune|p2a: Skarmory|[msg]
|
|-heal|p1a: Gliscor|354\/354 tox|[from] ability: Poison Heal
|turn|15
|
|switch|p1a: Zapdos|Zapdos|360\/384 tox
|-ability|p1a: Zapdos|Pressure
|move|p2a: Skarmory|Stealth Rock|p1a: Zapdos
|-sidestart|p1: KnightSansArmour|move: Stealth Rock
|
|-heal|p1a: Zapdos|384\/384 tox|[from] item: Leftovers
|-damage|p1a: Zapdos|360\/384 tox|[from] psn
|turn|16
|
|switch|p2a: Latias|Latias, F|301\/301
|move|p1a: Zapdos|Defog|p2a: Latias
|-unboost|p2a: Latias|evasion|1
|-sideend|p1: KnightSansArmour|Stealth Rock|[from] move: Defog|[of] p1a: Zapdos
|
|-heal|p1a: Zapdos|384\/384 tox|[from] item: Leftovers
|-damage|p1a: Zapdos|336\/384 tox|[from] psn
|turn|17
|
|switch|p2a: Chesnaught|Chesnaught, M|379\/379
|switch|p1a: Chansey|Chansey, F|704\/704
|
|turn|18
|
|switch|p1a: Metagross|Metagross|364\/364
|switch|p2a: Aegislash|Aegislash, F|324\/324
|
|turn|19
|
|move|p1a: Metagross|Earthquake|p2a: Aegislash
|-supereffective|p2a: Aegislash
|-damage|p2a: Aegislash|144\/324
|-formechange|p2a: Aegislash|Aegislash-Blade
|move|p2a: Aegislash|Pursuit|p1a: Metagross
|-supereffective|p1a: Metagross
|-damage|p1a: Metagross|296\/364
|
|-heal|p2a: Aegislash|164\/324|[from] item: Leftovers
|turn|20
|
|-formechange|p2a: Aegislash|Aegislash
|move|p2a: Aegislash|King's Shield|p2a: Aegislash
|-singleturn|p2a: Aegislash|Protect
|move|p1a: Metagross|Earthquake|p2a: Aegislash
|-activate|p2a: Aegislash|Protect
|
|-heal|p2a: Aegislash|184\/324|[from] item: Leftovers
|turn|21
|
|switch|p2a: Skarmory|Skarmory, M|334\/334
|move|p1a: Metagross|Earthquake|p2a: Skarmory
|-immune|p2a: Skarmory|[msg]
|
|turn|22
|
|switch|p1a: Zapdos|Zapdos|336\/384 tox
|-ability|p1a: Zapdos|Pressure
|move|p2a: Skarmory|Stealth Rock|p1a: Zapdos
|-sidestart|p1: KnightSansArmour|move: Stealth Rock
|
|-heal|p1a: Zapdos|360\/384 tox|[from] item: Leftovers
|-damage|p1a: Zapdos|336\/384 tox|[from] psn
|turn|23
|
|switch|p2a: Chansey|Chansey, F|503\/704
|move|p1a: Zapdos|Defog|p2a: Chansey
|-unboost|p2a: Chansey|evasion|1
|-sideend|p1: KnightSansArmour|Stealth Rock|[from] move: Defog|[of] p1a: Zapdos
|
|-heal|p1a: Zapdos|360\/384 tox|[from] item: Leftovers
|-damage|p1a: Zapdos|312\/384 tox|[from] psn
|turn|24
|
|switch|p1a: Chansey|Chansey, F|704\/704
|move|p2a: Chansey|Wish|p2a: Chansey
|
|turn|25
|
|switch|p2a: Chesnaught|Chesnaught, M|379\/379
|move|p1a: Chansey|Aromatherapy|p1a: Chansey
|-cureteam|p1a: Chansey|[from] move: Aromatherapy
|
|turn|26
|
|switch|p1a: Zapdos|Zapdos|312\/384
|-ability|p1a: Zapdos|Pressure
|move|p2a: Chesnaught|Substitute|p2a: Chesnaught
|-start|p2a: Chesnaught|Substitute
|-damage|p2a: Chesnaught|285\/379
|
|-heal|p1a: Zapdos|336\/384|[from] item: Leftovers
|-heal|p2a: Chesnaught|308\/379|[from] item: Leftovers
|turn|27
|
|switch|p1a: Noivern|Noivern, F|311\/311
|move|p2a: Chesnaught|Leech Seed|p1a: Noivern
|-start|p1a: Noivern|move: Leech Seed
|
|-heal|p2a: Chesnaught|331\/379|[from] item: Leftovers
|-damage|p1a: Noivern|273\/311|[from] Leech Seed|[of] p2a: Chesnaught
|-heal|p2a: Chesnaught|369\/379|[silent]
|turn|28
|
|switch|p2a: Chansey|Chansey, F|503\/704
|move|p1a: Noivern|Hurricane|p2a: Chansey
|-damage|p2a: Chansey|355\/704
|
|-damage|p1a: Noivern|235\/311|[from] Leech Seed|[of] p2a: Chansey
|-heal|p2a: Chansey|393\/704|[silent]
|turn|29
|
|switch|p1a: Gliscor|Gliscor, M|354\/354
|move|p2a: Chansey|Soft-Boiled|p2a: Chansey
|-heal|p2a: Chansey|704\/704
|
|-status|p1a: Gliscor|tox|[from] item: Toxic Orb
|turn|30
|
|switch|p1a: Zapdos|Zapdos|336\/384
|-ability|p1a: Zapdos|Pressure
|switch|p2a: Skarmory|Skarmory, M|334\/334
|
|-heal|p1a: Zapdos|360\/384|[from] item: Leftovers
|turn|31
|
|switch|p2a: Chansey|Chansey, F|704\/704
|move|p1a: Zapdos|Heat Wave|p2a: Chansey
|-damage|p2a: Chansey|624\/704
|
|-heal|p1a: Zapdos|384\/384|[from] item: Leftovers
|turn|32
|
|switch|p1a: Gliscor|Gliscor, M|354\/354 tox
|move|p2a: Chansey|Seismic Toss|p1a: Gliscor
|-damage|p1a: Gliscor|254\/354 tox
|
|-heal|p1a: Gliscor|298\/354 tox|[from] ability: Poison Heal
|turn|33
|
|move|p1a: Gliscor|Earthquake|p2a: Chansey
|-damage|p2a: Chansey|486\/704
|move|p2a: Chansey|Wish|p2a: Chansey
|
|-heal|p1a: Gliscor|342\/354 tox|[from] ability: Poison Heal
|turn|34
|
|switch|p2a: Aegislash|Aegislash, F|184\/324
|move|p1a: Gliscor|Earthquake|p2a: Aegislash
|-supereffective|p2a: Aegislash
|-damage|p2a: Aegislash|32\/324
|
|-heal|p2a: Aegislash|324\/324|[from] move: Wish|[wisher] Chansey
|-heal|p1a: Gliscor|354\/354 tox|[from] ability: Poison Heal
|turn|35
|
|switch|p1a: Zapdos|Zapdos|384\/384
|-ability|p1a: Zapdos|Pressure
|switch|p2a: Skarmory|Skarmory, M|334\/334
|
|turn|36
|
|switch|p1a: Gliscor|Gliscor, M|354\/354 tox
|switch|p2a: Latias|Latias, F|301\/301
|
|turn|37
|
|switch|p2a: Skarmory|Skarmory, M|334\/334
|switch|p1a: Chansey|Chansey, F|704\/704
|
|turn|38
|
|switch|p1a: Zapdos|Zapdos|384\/384
|-ability|p1a: Zapdos|Pressure
|move|p2a: Skarmory|Taunt|p1a: Zapdos
|-start|p1a: Zapdos|move: Taunt
|
|turn|39
|
|move|p1a: Zapdos|Heat Wave|p2a: Skarmory
|-supereffective|p2a: Skarmory
|-damage|p2a: Skarmory|26\/334
|move|p2a: Skarmory|Stealth Rock|p1a: Zapdos
|-sidestart|p1: KnightSansArmour|move: Stealth Rock
|
|turn|40
|
|switch|p2a: Latias|Latias, F|301\/301
|move|p1a: Zapdos|Heat Wave|p2a: Latias
|-resisted|p2a: Latias
|-damage|p2a: Latias|251\/301
|
|turn|41
|
|switch|p1a: Chansey|Chansey, F|704\/704
|-damage|p1a: Chansey|616\/704|[from] Stealth Rock
|move|p2a: Latias|Thunderbolt|p1a: Chansey
|-damage|p1a: Chansey|522\/704
|
|turn|42
|
|switch|p2a: Chansey|Chansey, F|486\/704
|move|p1a: Chansey|Toxic|p2a: Chansey
|-status|p2a: Chansey|tox
|
|-damage|p2a: Chansey|442\/704 tox|[from] psn
|turn|43
|
|switch|p1a: Zapdos|Zapdos|384\/384
|-damage|p1a: Zapdos|288\/384|[from] Stealth Rock
|-ability|p1a: Zapdos|Pressure
|switch|p2a: Latias|Latias, F|251\/301
|
|-heal|p1a: Zapdos|312\/384|[from] item: Leftovers
|turn|44
|
|move|p2a: Latias|Draco Meteor|p1a: Zapdos
|-damage|p1a: Zapdos|89\/384
|-unboost|p2a: Latias|spa|2
|move|p1a: Zapdos|Defog|p2a: Latias
|-unboost|p2a: Latias|evasion|1
|-sideend|p1: KnightSansArmour|Stealth Rock|[from] move: Defog|[of] p1a: Zapdos
|
|-heal|p1a: Zapdos|113\/384|[from] item: Leftovers
|turn|45
|
|move|p2a: Latias|Draco Meteor|p1a: Zapdos
|-damage|p1a: Zapdos|5\/384
|-unboost|p2a: Latias|spa|2
|move|p1a: Zapdos|Roost|p1a: Zapdos
|-heal|p1a: Zapdos|197\/384
|
|-heal|p1a: Zapdos|221\/384|[from] item: Leftovers
|turn|46
|
|switch|p2a: Chansey|Chansey, F|442\/704
|move|p1a: Zapdos|Roost|p1a: Zapdos
|-heal|p1a: Zapdos|384\/384
|
|turn|47
|
|switch|p1a: Gliscor|Gliscor, M|354\/354 tox
|move|p2a: Chansey|Soft-Boiled|p2a: Chansey
|-heal|p2a: Chansey|704\/704
|
|turn|48
|
|move|p1a: Gliscor|Toxic|p2a: Chansey
|-status|p2a: Chansey|tox
|move|p2a: Chansey|Wish|p2a: Chansey
|
|-damage|p2a: Chansey|660\/704 tox|[from] psn
|turn|49
|
|switch|p1a: Zapdos|Zapdos|384\/384
|-ability|p1a: Zapdos|Pressure
|switch|p2a: Skarmory|Skarmory, M|26\/334
|
|-heal|p2a: Skarmory|334\/334|[from] move: Wish|[wisher] Chansey
|turn|50
|
|switch|p2a: Chansey|Chansey, F|660\/704
|move|p1a: Zapdos|Thunderbolt|p2a: Chansey
|-damage|p2a: Chansey|554\/704
|
|turn|51
|
|switch|p1a: Blastoise|Blastoise, M|362\/362
|switch|p2a: Chesnaught|Chesnaught, M|369\/379
|
|-heal|p2a: Chesnaught|379\/379|[from] item: Leftovers
|turn|52
|
|switch|p1a: Noivern|Noivern, F|235\/311
|move|p2a: Chesnaught|Leech Seed|p1a: Noivern
|-start|p1a: Noivern|move: Leech Seed
|
|-damage|p1a: Noivern|197\/311|[from] Leech Seed|[of] p2a: Chesnaught
|turn|53
|
|switch|p1a: Gliscor|Gliscor, M|354\/354 tox
|switch|p2a: Aegislash|Aegislash, F|324\/324
|
|turn|54
|
|switch|p1a: Zapdos|Zapdos|384\/384
|-ability|p1a: Zapdos|Pressure
|switch|p2a: Skarmory|Skarmory, M|334\/334
|
|turn|55
|
|switch|p2a: Chansey|Chansey, F|554\/704
|move|p1a: Zapdos|Thunderbolt|p2a: Chansey
|-damage|p2a: Chansey|443\/704
|
|turn|56
|chat|AjTheEpic|I love a good stall match. Hope you're enjoying this as much as I am
|
|switch|p1a: Gliscor|Gliscor, M|354\/354 tox
|switch|p2a: Latias|Latias, F|251\/301
|
|turn|57
|chat|KnightSansArmour|Definitely making my brain work
|chat|KnightSansArmour|:)
|
|switch|p2a: Skarmory|Skarmory, M|334\/334
|switch|p1a: Chansey|Chansey, F|522\/704
|
|turn|58
|
|switch|p1a: Zapdos|Zapdos|384\/384
|-ability|p1a: Zapdos|Pressure
|switch|p2a: Latias|Latias, F|251\/301
|
|turn|59
|
|switch|p1a: Chansey|Chansey, F|522\/704
|move|p2a: Latias|Thunderbolt|p1a: Chansey
|-damage|p1a: Chansey|427\/704
|
|turn|60
|
|switch|p2a: Skarmory|Skarmory, M|334\/334
|move|p1a: Chansey|Seismic Toss|p2a: Skarmory
|-damage|p2a: Skarmory|234\/334
|-damage|p1a: Chansey|310\/704|[from] item: Rocky Helmet|[of] p2a: Skarmory
|
|turn|61
|
|switch|p1a: Zapdos|Zapdos|384\/384
|-ability|p1a: Zapdos|Pressure
|move|p2a: Skarmory|Roost|p2a: Skarmory
|-heal|p2a: Skarmory|334\/334
|
|turn|62
|
|switch|p1a: Chansey|Chansey, F|310\/704
|switch|p2a: Chansey|Chansey, F|443\/704
|
|turn|63
|
|switch|p2a: Skarmory|Skarmory, M|334\/334
|move|p1a: Chansey|Soft-Boiled|p1a: Chansey
|-heal|p1a: Chansey|662\/704
|
|turn|64
|
|switch|p1a: Zapdos|Zapdos|384\/384
|-ability|p1a: Zapdos|Pressure
|switch|p2a: Latias|Latias, F|251\/301
|
|turn|65
|
|switch|p2a: Chesnaught|Chesnaught, M|379\/379
|switch|p1a: Chansey|Chansey, F|662\/704
|
|turn|66
|
|switch|p1a: Zapdos|Zapdos|384\/384
|-ability|p1a: Zapdos|Pressure
|move|p2a: Chesnaught|Leech Seed|p1a: Zapdos|[miss]
|-miss|p2a: Chesnaught|p1a: Zapdos
|
|turn|67
|
|move|p1a: Zapdos|Heat Wave|p2a: Chesnaught
|-supereffective|p2a: Chesnaught
|-damage|p2a: Chesnaught|91\/379
|move|p2a: Chesnaught|Leech Seed|p1a: Zapdos
|-start|p1a: Zapdos|move: Leech Seed
|
|-heal|p2a: Chesnaught|114\/379|[from] item: Leftovers
|-damage|p1a: Zapdos|336\/384|[from] Leech Seed|[of] p2a: Chesnaught
|-heal|p2a: Chesnaught|162\/379|[silent]
|turn|68
|
|switch|p1a: Chansey|Chansey, F|662\/704
|switch|p2a: Blastoise|Blastoise, M|362\/362
|
|turn|69
|
|switch|p2a: Skarmory|Skarmory, M|334\/334
|move|p1a: Chansey|Toxic|p2a: Skarmory
|-fail|p2a: Skarmory
|
|turn|70
|
|switch|p1a: Zapdos|Zapdos|336\/384
|-ability|p1a: Zapdos|Pressure
|switch|p2a: Chansey|Chansey, F|443\/704
|
|-heal|p1a: Zapdos|360\/384|[from] item: Leftovers
|turn|71
|
|switch|p1a: Gliscor|Gliscor, M|354\/354 tox
|move|p2a: Chansey|Wish|p2a: Chansey
|
|turn|72
|
|switch|p2a: Chesnaught|Chesnaught, M|162\/379
|move|p1a: Gliscor|Toxic|p2a: Chesnaught
|-status|p2a: Chesnaught|tox
|
|-heal|p2a: Chesnaught|379\/379 tox|[from] move: Wish|[wisher] Chansey
|-damage|p2a: Chesnaught|356\/379 tox|[from] psn
|turn|73
|
|switch|p2a: Skarmory|Skarmory, M|334\/334
|move|p1a: Gliscor|Substitute|p1a: Gliscor
|-start|p1a: Gliscor|Substitute
|-damage|p1a: Gliscor|266\/354 tox
|
|-heal|p1a: Gliscor|310\/354 tox|[from] ability: Poison Heal
|turn|74
|
|switch|p1a: Zapdos|Zapdos|360\/384
|-ability|p1a: Zapdos|Pressure
|move|p2a: Skarmory|Stealth Rock|p1a: Zapdos
|-sidestart|p1: KnightSansArmour|move: Stealth Rock
|
|-heal|p1a: Zapdos|384\/384|[from] item: Leftovers
|turn|75
|
|switch|p2a: Chansey|Chansey, F|443\/704
|move|p1a: Zapdos|Defog|p2a: Chansey
|-unboost|p2a: Chansey|evasion|1
|-sideend|p1: KnightSansArmour|Stealth Rock|[from] move: Defog|[of] p1a: Zapdos
|
|turn|76
|
|switch|p1a: Gliscor|Gliscor, M|310\/354 tox
|move|p2a: Chansey|Soft-Boiled|p2a: Chansey
|-heal|p2a: Chansey|704\/704
|
|-heal|p1a: Gliscor|354\/354 tox|[from] ability: Poison Heal
|turn|77
|
|switch|p2a: Latias|Latias, F|251\/301
|move|p1a: Gliscor|Earthquake|p2a: Latias
|-immune|p2a: Latias|[msg]
|
|turn|78
|
|switch|p1a: Chansey|Chansey, F|662\/704
|move|p2a: Latias|Thunderbolt|p1a: Chansey
|-damage|p1a: Chansey|575\/704
|
|turn|79
|
|switch|p2a: Aegislash|Aegislash, F|324\/324
|switch|p1a: Zapdos|Zapdos|384\/384
|-ability|p1a: Zapdos|Pressure
|
|turn|80
|
|move|p1a: Zapdos|Heat Wave|p2a: Aegislash
|-supereffective|p2a: Aegislash
|-damage|p2a: Aegislash|190\/324
|move|p2a: Aegislash|Toxic|p1a: Zapdos
|-status|p1a: Zapdos|tox
|
|-heal|p2a: Aegislash|210\/324|[from] item: Leftovers
|-damage|p1a: Zapdos|360\/384 tox|[from] psn
|turn|81
|
|move|p1a: Zapdos|Heat Wave|p2a: Aegislash
|-supereffective|p2a: Aegislash
|-damage|p2a: Aegislash|78\/324
|move|p2a: Aegislash|Toxic|p1a: Zapdos
|-fail|p1a: Zapdos|tox
|
|-heal|p1a: Zapdos|384\/384 tox|[from] item: Leftovers
|-heal|p2a: Aegislash|98\/324|[from] item: Leftovers
|-damage|p1a: Zapdos|336\/384 tox|[from] psn
|turn|82
|
|move|p2a: Aegislash|King's Shield|p2a: Aegislash
|-singleturn|p2a: Aegislash|Protect
|move|p1a: Zapdos|Heat Wave|p2a: Aegislash
|-activate|p2a: Aegislash|Protect
|
|-heal|p1a: Zapdos|360\/384 tox|[from] item: Leftovers
|-heal|p2a: Aegislash|118\/324|[from] item: Leftovers
|-damage|p1a: Zapdos|288\/384 tox|[from] psn
|turn|83
|
|switch|p2a: Chansey|Chansey, F|704\/704
|move|p1a: Zapdos|Thunderbolt|p2a: Chansey
|-crit|p2a: Chansey
|-damage|p2a: Chansey|533\/704
|
|-heal|p1a: Zapdos|312\/384 tox|[from] item: Leftovers
|-damage|p1a: Zapdos|216\/384 tox|[from] psn
|turn|84
|
|switch|p1a: Chansey|Chansey, F|575\/704
|move|p2a: Chansey|Heal Bell|p2a: Chansey
|-cureteam|p2a: Chansey|[from] move: HealBell
|
|turn|85
|
|switch|p2a: Chesnaught|Chesnaught, M|356\/379
|move|p1a: Chansey|Aromatherapy|p1a: Chansey
|-cureteam|p1a: Chansey|[from] move: Aromatherapy
|
|-heal|p2a: Chesnaught|379\/379|[from] item: Leftovers
|turn|86
|
|switch|p1a: Gliscor|Gliscor, M|354\/354
|move|p2a: Chesnaught|Leech Seed|p1a: Gliscor
|-start|p1a: Gliscor|move: Leech Seed
|
|-damage|p1a: Gliscor|310\/354|[from] Leech Seed|[of] p2a: Chesnaught
|-status|p1a: Gliscor|tox|[from] item: Toxic Orb
|turn|87
|
|switch|p1a: Noivern|Noivern, F|197\/311
|switch|p2a: Aegislash|Aegislash, F|118\/324
|
|-heal|p2a: Aegislash|138\/324|[from] item: Leftovers
|turn|88
|
|move|p2a: Aegislash|King's Shield|p2a: Aegislash
|-singleturn|p2a: Aegislash|Protect
|move|p1a: Noivern|Flamethrower|p2a: Aegislash
|-activate|p2a: Aegislash|Protect
|
|-heal|p2a: Aegislash|158\/324|[from] item: Leftovers
|turn|89
|
|switch|p2a: Chansey|Chansey, F|533\/704
|move|p1a: Noivern|Flamethrower|p2a: Chansey
|-damage|p2a: Chansey|447\/704
|
|turn|90
|
|switch|p1a: Gliscor|Gliscor, M|310\/354 tox
|move|p2a: Chansey|Seismic Toss|p1a: Gliscor
|-damage|p1a: Gliscor|210\/354 tox
|
|-heal|p1a: Gliscor|254\/354 tox|[from] ability: Poison Heal
|turn|91
|
|switch|p2a: Skarmory|Skarmory, M|334\/334
|move|p1a: Gliscor|Toxic|p2a: Skarmory
|-fail|p2a: Skarmory
|
|-heal|p1a: Gliscor|298\/354 tox|[from] ability: Poison Heal
|turn|92
|
|switch|p1a: Zapdos|Zapdos|216\/384
|-ability|p1a: Zapdos|Pressure
|switch|p2a: Latias|Latias, F|251\/301
|
|-heal|p1a: Zapdos|240\/384|[from] item: Leftovers
|turn|93
|
|switch|p1a: Chansey|Chansey, F|575\/704
|move|p2a: Latias|Thunderbolt|p1a: Chansey
|-damage|p1a: Chansey|488\/704
|
|turn|94
|
|switch|p2a: Skarmory|Skarmory, M|334\/334
|switch|p1a: Gliscor|Gliscor, M|298\/354 tox
|
|-heal|p1a: Gliscor|342\/354 tox|[from] ability: Poison Heal
|turn|95
|
|switch|p1a: Zapdos|Zapdos|240\/384
|-ability|p1a: Zapdos|Pressure
|switch|p2a: Aegislash|Aegislash, F|158\/324
|
|-heal|p1a: Zapdos|264\/384|[from] item: Leftovers
|-heal|p2a: Aegislash|178\/324|[from] item: Leftovers
|turn|96
|
|move|p2a: Aegislash|King's Shield|p2a: Aegislash
|-singleturn|p2a: Aegislash|Protect
|move|p1a: Zapdos|Heat Wave|p2a: Aegislash
|-activate|p2a: Aegislash|Protect
|
|-heal|p1a: Zapdos|288\/384|[from] item: Leftovers
|-heal|p2a: Aegislash|198\/324|[from] item: Leftovers
|turn|97
|
|switch|p2a: Chansey|Chansey, F|447\/704
|move|p1a: Zapdos|Heat Wave|p2a: Chansey
|-damage|p2a: Chansey|374\/704
|
|-heal|p1a: Zapdos|312\/384|[from] item: Leftovers
|turn|98
|
|switch|p1a: Gliscor|Gliscor, M|342\/354 tox
|move|p2a: Chansey|Soft-Boiled|p2a: Chansey
|-heal|p2a: Chansey|704\/704
|
|-heal|p1a: Gliscor|354\/354 tox|[from] ability: Poison Heal
|turn|99
|
|switch|p2a: Skarmory|Skarmory, M|334\/334
|move|p1a: Gliscor|Earthquake|p2a: Skarmory
|-immune|p2a: Skarmory|[msg]
|
|turn|100
|
|switch|p1a: Zapdos|Zapdos|312\/384
|-ability|p1a: Zapdos|Pressure
|switch|p2a: Latias|Latias, F|251\/301
|
|-heal|p1a: Zapdos|336\/384|[from] item: Leftovers
|turn|101
|
|switch|p1a: Chansey|Chansey, F|488\/704
|move|p2a: Latias|Thunderbolt|p1a: Chansey
|-damage|p1a: Chansey|396\/704
|
|turn|102
|
|switch|p1a: Zapdos|Zapdos|336\/384
|-ability|p1a: Zapdos|Pressure
|move|p2a: Latias|Thunderbolt|p1a: Zapdos
|-damage|p1a: Zapdos|223\/384
|
|-heal|p1a: Zapdos|247\/384|[from] item: Leftovers
|turn|103
|
|switch|p1a: Chansey|Chansey, F|396\/704
|move|p2a: Latias|Thunderbolt|p1a: Chansey
|-damage|p1a: Chansey|298\/704
|
|turn|104
|
|switch|p2a: Aegislash|Aegislash, F|198\/324
|move|p1a: Chansey|Soft-Boiled|p1a: Chansey
|-heal|p1a: Chansey|650\/704
|
|-heal|p2a: Aegislash|218\/324|[from] item: Leftovers
|turn|105
|
|-formechange|p2a: Aegislash|Aegislash-Blade
|move|p2a: Aegislash|Pursuit|p1a: Chansey|[from]Pursuit
|-damage|p1a: Chansey|462\/704
|switch|p1a: Gliscor|Gliscor, M|354\/354 tox
|
|-heal|p2a: Aegislash|238\/324|[from] item: Leftovers
|turn|106
|
|switch|p1a: Zapdos|Zapdos|247\/384
|-ability|p1a: Zapdos|Pressure
|switch|p2a: Skarmory|Skarmory, M|334\/334
|
|-heal|p1a: Zapdos|271\/384|[from] item: Leftovers
|turn|107
|
|switch|p2a: Latias|Latias, F|251\/301
|move|p1a: Zapdos|Thunderbolt|p2a: Latias
|-resisted|p2a: Latias
|-damage|p2a: Latias|182\/301
|
|-heal|p1a: Zapdos|295\/384|[from] item: Leftovers
|turn|108
|
|switch|p1a: Chansey|Chansey, F|462\/704
|move|p2a: Latias|Thunderbolt|p1a: Chansey
|-damage|p1a: Chansey|371\/704
|-status|p1a: Chansey|par
|
|turn|109
|
|move|p2a: Latias|Thunderbolt|p1a: Chansey
|-damage|p1a: Chansey|283\/704 par
|cant|p1a: Chansey|par
|
|turn|110
|
|switch|p2a: Chesnaught|Chesnaught, M|379\/379
|cant|p1a: Chansey|par
|
|turn|111
|
|switch|p1a: Metagross|Metagross|296\/364
|move|p2a: Chesnaught|Hammer Arm|p1a: Metagross
|-damage|p1a: Metagross|200\/364
|-unboost|p2a: Chesnaught|spe|1
|
|turn|112
|
|switch|p2a: Skarmory|Skarmory, M|334\/334
|move|p1a: Metagross|Zen Headbutt|p2a: Skarmory|[miss]
|-miss|p1a: Metagross|p2a: Skarmory
|
|turn|113
|
|switch|p1a: Zapdos|Zapdos|295\/384
|-ability|p1a: Zapdos|Pressure
|move|p2a: Skarmory|Taunt|p1a: Zapdos
|-start|p1a: Zapdos|move: Taunt
|
|-heal|p1a: Zapdos|319\/384|[from] item: Leftovers
|turn|114
|
|switch|p2a: Latias|Latias, F|182\/301
|move|p1a: Zapdos|Thunderbolt|p2a: Latias
|-resisted|p2a: Latias
|-damage|p2a: Latias|109\/301
|
|-heal|p1a: Zapdos|343\/384|[from] item: Leftovers
|turn|115
|
|move|p2a: Latias|Thunderbolt|p1a: Zapdos
|-damage|p1a: Zapdos|232\/384
|move|p1a: Zapdos|Thunderbolt|p2a: Latias
|-crit|p2a: Latias
|-resisted|p2a: Latias
|-damage|p2a: Latias|11\/301
|
|-heal|p1a: Zapdos|256\/384|[from] item: Leftovers
|turn|116
|
|switch|p2a: Chansey|Chansey, F|704\/704
|move|p1a: Zapdos|Thunderbolt|p2a: Chansey
|-damage|p2a: Chansey|601\/704
|
|-heal|p1a: Zapdos|280\/384|[from] item: Leftovers
|-end|p1a: Zapdos|move: Taunt
|turn|117
|
|switch|p1a: Gliscor|Gliscor, M|354\/354 tox
|move|p2a: Chansey|Wish|p2a: Chansey
|
|turn|118
|
|switch|p2a: Latias|Latias, F|11\/301
|move|p1a: Gliscor|Toxic|p2a: Latias
|-status|p2a: Latias|tox
|
|-heal|p2a: Latias|301\/301 tox|[from] move: Wish|[wisher] Chansey
|-damage|p2a: Latias|283\/301 tox|[from] psn
|turn|119
|
|switch|p2a: Skarmory|Skarmory, M|334\/334
|switch|p1a: Chansey|Chansey, F|283\/704
|
|turn|120
|
|switch|p1a: Zapdos|Zapdos|280\/384
|-ability|p1a: Zapdos|Pressure
|move|p2a: Skarmory|Taunt|p1a: Zapdos
|-start|p1a: Zapdos|move: Taunt
|
|-heal|p1a: Zapdos|304\/384|[from] item: Leftovers
|turn|121
|
|switch|p2a: Chansey|Chansey, F|601\/704
|move|p1a: Zapdos|Thunderbolt|p2a: Chansey
|-damage|p2a: Chansey|487\/704
|
|-heal|p1a: Zapdos|328\/384|[from] item: Leftovers
|turn|122
|
|switch|p1a: Blastoise|Blastoise, M|362\/362
|switch|p2a: Chesnaught|Chesnaught, M|379\/379
|
|turn|123
|
|detailschange|p1a: Blastoise|Blastoise-Mega, M
|message|Blastoise has Mega Evolved into Mega Blastoise!
|move|p1a: Blastoise|Rapid Spin|p2a: Chesnaught
|-damage|p2a: Chesnaught|370\/379
|move|p2a: Chesnaught|Leech Seed|p1a: Blastoise|[miss]
|-miss|p2a: Chesnaught|p1a: Blastoise
|
|-heal|p2a: Chesnaught|379\/379|[from] item: Leftovers
|turn|124
|
|switch|p1a: Zapdos|Zapdos|328\/384
|-ability|p1a: Zapdos|Pressure
|move|p2a: Chesnaught|Leech Seed|p1a: Zapdos|[miss]
|-miss|p2a: Chesnaught|p1a: Zapdos
|
|-heal|p1a: Zapdos|352\/384|[from] item: Leftovers
|turn|125
|
|switch|p1a: Gliscor|Gliscor, M|354\/354 tox
|switch|p2a: Chansey|Chansey, F|487\/704
|
|turn|126
|
|move|p1a: Gliscor|Earthquake|p2a: Chansey
|-damage|p2a: Chansey|349\/704
|move|p2a: Chansey|Soft-Boiled|p2a: Chansey
|-heal|p2a: Chansey|701\/704
|
|turn|127
|
|switch|p1a: Zapdos|Zapdos|352\/384
|-ability|p1a: Zapdos|Pressure
|switch|p2a: Skarmory|Skarmory, M|334\/334
|
|-heal|p1a: Zapdos|376\/384|[from] item: Leftovers
|turn|128
|
|switch|p2a: Chansey|Chansey, F|701\/704
|move|p1a: Zapdos|Thunderbolt|p2a: Chansey
|-crit|p2a: Chansey
|-damage|p2a: Chansey|545\/704
|
|-heal|p1a: Zapdos|384\/384|[from] item: Leftovers
|turn|129
|
|switch|p1a: Gliscor|Gliscor, M|354\/354 tox
|move|p2a: Chansey|Heal Bell|p2a: Chansey
|-cureteam|p2a: Chansey|[from] move: HealBell
|
|turn|130
|
|switch|p1a: Blastoise|Blastoise-Mega, M|362\/362
|switch|p2a: Skarmory|Skarmory, M|334\/334
|
|turn|131
|
|switch|p2a: Chesnaught|Chesnaught, M|379\/379
|move|p1a: Blastoise|Water Pulse|p2a: Chesnaught
|-resisted|p2a: Chesnaught
|-damage|p2a: Chesnaught|268\/379
|
|-heal|p2a: Chesnaught|291\/379|[from] item: Leftovers
|turn|132
|
|switch|p1a: Zapdos|Zapdos|384\/384
|-ability|p1a: Zapdos|Pressure
|move|p2a: Chesnaught|Hammer Arm|p1a: Zapdos
|-resisted|p1a: Zapdos
|-damage|p1a: Zapdos|314\/384
|-unboost|p2a: Chesnaught|spe|1
|
|-heal|p1a: Zapdos|338\/384|[from] item: Leftovers
|-heal|p2a: Chesnaught|314\/379|[from] item: Leftovers
|turn|133
|
|switch|p1a: Chansey|Chansey, F|283\/704
|switch|p2a: Latias|Latias, F|283\/301
|
|turn|134
|
|move|p2a: Latias|Thunderbolt|p1a: Chansey
|-damage|p1a: Chansey|196\/704
|move|p1a: Chansey|Soft-Boiled|p1a: Chansey
|-heal|p1a: Chansey|548\/704
|
|turn|135
|
|switch|p2a: Aegislash|Aegislash, F|238\/324
|switch|p1a: Gliscor|Gliscor, M|354\/354 tox
|
|-heal|p2a: Aegislash|258\/324|[from] item: Leftovers
|turn|136
|
|move|p2a: Aegislash|King's Shield|p2a: Aegislash
|-singleturn|p2a: Aegislash|Protect
|move|p1a: Gliscor|Earthquake|p2a: Aegislash
|-activate|p2a: Aegislash|Protect
|
|-heal|p2a: Aegislash|278\/324|[from] item: Leftovers
|turn|137
|
|switch|p2a: Skarmory|Skarmory, M|334\/334
|move|p1a: Gliscor|Earthquake|p2a: Skarmory
|-immune|p2a: Skarmory|[msg]
|
|turn|138
|
|switch|p1a: Zapdos|Zapdos|338\/384
|-ability|p1a: Zapdos|Pressure
|switch|p2a: Latias|Latias, F|283\/301
|
|-heal|p1a: Zapdos|362\/384|[from] item: Leftovers
|turn|139
|
|switch|p2a: Chesnaught|Chesnaught, M|314\/379
|move|p1a: Zapdos|Thunderbolt|p2a: Chesnaught
|-crit|p2a: Chesnaught
|-resisted|p2a: Chesnaught
|-damage|p2a: Chesnaught|163\/379
|-status|p2a: Chesnaught|par
|
|-heal|p1a: Zapdos|384\/384|[from] item: Leftovers
|-heal|p2a: Chesnaught|186\/379 par|[from] item: Leftovers
|turn|140
|
|switch|p1a: Metagross|Metagross|200\/364
|switch|p2a: Chansey|Chansey, F|545\/704
|
|turn|141
|
|switch|p2a: Skarmory|Skarmory, M|334\/334
|move|p1a: Metagross|Meteor Mash|p2a: Skarmory
|-resisted|p2a: Skarmory
|-damage|p2a: Skarmory|286\/334
|-damage|p1a: Metagross|140\/364|[from] item: Rocky Helmet|[of] p2a: Skarmory
|
|turn|142
|
|switch|p2a: Chansey|Chansey, F|545\/704
|switch|p1a: Zapdos|Zapdos|384\/384
|-ability|p1a: Zapdos|Pressure
|
|turn|143
|
|switch|p1a: Gliscor|Gliscor, M|354\/354 tox
|move|p2a: Chansey|Wish|p2a: Chansey
|
|turn|144
|join|BHARATH_THEBEST
|
|switch|p1a: Chansey|Chansey, F|548\/704
|switch|p2a: Chesnaught|Chesnaught, M|186\/379 par
|
|-heal|p2a: Chesnaught|379\/379 par|[from] move: Wish|[wisher] Chansey
|turn|145
|
|switch|p1a: Zapdos|Zapdos|384\/384
|-ability|p1a: Zapdos|Pressure
|cant|p2a: Chesnaught|par
|
|turn|146
|leave|BHARATH_THEBEST
|
|switch|p1a: Gliscor|Gliscor, M|354\/354 tox
|switch|p2a: Chansey|Chansey, F|545\/704
|
|turn|147
|
|switch|p1a: Chansey|Chansey, F|548\/704
|switch|p2a: Skarmory|Skarmory, M|286\/334
|
|turn|148
|
|switch|p1a: Zapdos|Zapdos|384\/384
|-ability|p1a: Zapdos|Pressure
|switch|p2a: Aegislash|Aegislash, F|278\/324
|
|-heal|p2a: Aegislash|298\/324|[from] item: Leftovers
|turn|149
|join|Avarice87
|
|move|p1a: Zapdos|Heat Wave|p2a: Aegislash
|-crit|p2a: Aegislash
|-supereffective|p2a: Aegislash
|-damage|p2a: Aegislash|102\/324
|-status|p2a: Aegislash|brn
|move|p2a: Aegislash|Toxic|p1a: Zapdos
|-status|p1a: Zapdos|tox
|
|-heal|p2a: Aegislash|122\/324 brn|[from] item: Leftovers
|-damage|p1a: Zapdos|360\/384 tox|[from] psn
|-damage|p2a: Aegislash|82\/324 brn|[from] brn
|turn|150
|
|switch|p1a: Chansey|Chansey, F|548\/704
|switch|p2a: Chansey|Chansey, F|545\/704
|
|turn|151
|
|move|p1a: Chansey|Aromatherapy|p1a: Chansey
|-cureteam|p1a: Chansey|[from] move: Aromatherapy
|move|p2a: Chansey|Heal Bell|p2a: Chansey
|-cureteam|p2a: Chansey|[from] move: HealBell
|
|turn|152
|
|switch|p1a: Gliscor|Gliscor, M|354\/354
|switch|p2a: Aegislash|Aegislash, F|82\/324
|
|-heal|p2a: Aegislash|102\/324|[from] item: Leftovers
|-status|p1a: Gliscor|tox|[from] item: Toxic Orb
|turn|153
|
|move|p2a: Aegislash|King's Shield|p2a: Aegislash
|-singleturn|p2a: Aegislash|Protect
|move|p1a: Gliscor|Earthquake|p2a: Aegislash
|-activate|p2a: Aegislash|Protect
|
|-heal|p2a: Aegislash|122\/324|[from] item: Leftovers
|turn|154
|join|IAmGingy
|join|I'm only Kitten
|join|OWN4GE
|chat|Avarice87|AJ
|chat|OWN4GE|wow
|chat|I'm only Kitten|and it's not even stall
|
|switch|p2a: Skarmory|Skarmory, M|286\/334
|move|p1a: Gliscor|Earthquake|p2a: Skarmory
|-immune|p2a: Skarmory|[msg]
|
|turn|155
|chat|Avarice87|AJ this is intense
|chat|KnightSansArmour|Dude, it's a stall mirror
|
|switch|p1a: Zapdos|Zapdos|360\/384
|-ability|p1a: Zapdos|Pressure
|switch|p2a: Latias|Latias, F|283\/301
|
|-heal|p1a: Zapdos|384\/384|[from] item: Leftovers
|turn|156
|chat|IAmGingy|tbh i belive knight will break first
|chat|OWN4GE|only that aegi is close to dead
|chat|AjTheEpic|I'm wondering if this guy is a friend of Sans lol
|chat|Avarice87|Maybe
|join|thenewguy24imo
|chat|Avarice87|AJ Hold me
|chat|Avarice87|I'm sick
|join|el_knight_oscuro
|leave|thenewguy24imo
|
|switch|p2a: Chansey|Chansey, F|545\/704
|switch|p1a: Chansey|Chansey, F|548\/704
|
|turn|157
|join|thenewguy24imo
|chat|Avarice87|I've been sweating all night
|join|adfADF
|chat|Avarice87|all day I mean
|chat|KnightSansArmour|Nope, don't know any of 'em :P
|chat|I'm only Kitten|and their ratter rating isn't noob level
|chat|Avarice87|I was fine at night
|
|switch|p1a: Gliscor|Gliscor, M|354\/354 tox
|move|p2a: Chansey|Seismic Toss|p1a: Gliscor
|-damage|p1a: Gliscor|254\/354 tox
|
|-heal|p1a: Gliscor|298\/354 tox|[from] ability: Poison Heal
|turn|158
|chat|I'm only Kitten|so this is impressive
|
|switch|p1a: Zapdos|Zapdos|384\/384
|-ability|p1a: Zapdos|Pressure
|switch|p2a: Skarmory|Skarmory, M|286\/334
|
|turn|159
|chat|Avarice87|This is legit
|join|Cassidy132
|leave|IAmGingy
|leave|thenewguy24imo
|leave|OWN4GE
|leave|adfADF
|leave|I'm only Kitten
|
|switch|p2a: Chansey|Chansey, F|545\/704
|move|p1a: Zapdos|Thunderbolt|p2a: Chansey
|-damage|p2a: Chansey|431\/704
|
|turn|160
|join|icsrelentless
|join|adfADF
|
|switch|p1a: Gliscor|Gliscor, M|298\/354 tox
|switch|p2a: Latias|Latias, F|283\/301
|
|-heal|p1a: Gliscor|342\/354 tox|[from] ability: Poison Heal
|turn|161
|leave|icsrelentless
|
|move|p2a: Latias|Trick|p1a: Gliscor
|-activate|p2a: Latias|move: Trick|[of] p1a: Gliscor
|-item|p1a: Gliscor|Eviolite|[from] move: Trick
|-item|p2a: Latias|Toxic Orb|[from] move: Trick
|move|p1a: Gliscor|Toxic|p2a: Latias
|-status|p2a: Latias|tox
|
|-damage|p2a: Latias|265\/301 tox|[from] psn
|-heal|p1a: Gliscor|354\/354 tox|[from] ability: Poison Heal
|turn|162
|
|switch|p2a: Skarmory|Skarmory, M|286\/334
|switch|p1a: Metagross|Metagross|140\/364
|
|turn|163
|
|switch|p2a: Aegislash|Aegislash, F|122\/324
|switch|p1a: Zapdos|Zapdos|384\/384
|-ability|p1a: Zapdos|Pressure
|
|-heal|p2a: Aegislash|142\/324|[from] item: Leftovers
|turn|164
|chat|KnightSansArmour|Game changer right there
|
|move|p2a: Aegislash|King's Shield|p2a: Aegislash
|-singleturn|p2a: Aegislash|Protect
|move|p1a: Zapdos|Thunderbolt|p2a: Aegislash
|-activate|p2a: Aegislash|Protect
|
|-heal|p2a: Aegislash|162\/324|[from] item: Leftovers
|turn|165
|chat|AjTheEpic|Yeah, forcing aroma to not be a good option
|
|move|p1a: Zapdos|Heat Wave|p2a: Aegislash
|-supereffective|p2a: Aegislash
|-damage|p2a: Aegislash|36\/324
|move|p2a: Aegislash|Toxic|p1a: Zapdos
|-status|p1a: Zapdos|tox
|
|-heal|p2a: Aegislash|56\/324|[from] item: Leftovers
|-damage|p1a: Zapdos|360\/384 tox|[from] psn
|turn|166
|
|move|p2a: Aegislash|King's Shield|p2a: Aegislash
|-singleturn|p2a: Aegislash|Protect
|move|p1a: Zapdos|Thunderbolt|p2a: Aegislash
|-activate|p2a: Aegislash|Protect
|
|-heal|p1a: Zapdos|384\/384 tox|[from] item: Leftovers
|-heal|p2a: Aegislash|76\/324|[from] item: Leftovers
|-damage|p1a: Zapdos|336\/384 tox|[from] psn
|turn|167
|
|switch|p1a: Gliscor|Gliscor, M|354\/354 tox
|switch|p2a: Chansey|Chansey, F|431\/704
|
|turn|168
|leave|Avarice87
|
|switch|p1a: Zapdos|Zapdos|336\/384 tox
|-ability|p1a: Zapdos|Pressure
|move|p2a: Chansey|Soft-Boiled|p2a: Chansey
|-heal|p2a: Chansey|704\/704
|
|-heal|p1a: Zapdos|360\/384 tox|[from] item: Leftovers
|-damage|p1a: Zapdos|336\/384 tox|[from] psn
|turn|169
|join|123tang
|join|Dread Arceus
|
|switch|p1a: Gliscor|Gliscor, M|354\/354 tox
|move|p2a: Chansey|Seismic Toss|p1a: Gliscor
|-damage|p1a: Gliscor|254\/354 tox
|
|-heal|p1a: Gliscor|298\/354 tox|[from] ability: Poison Heal
|turn|170
|
|switch|p1a: Chansey|Chansey, F|548\/704
|switch|p2a: Skarmory|Skarmory, M|286\/334
|
|turn|171
|
|switch|p1a: Zapdos|Zapdos|336\/384 tox
|-ability|p1a: Zapdos|Pressure
|move|p2a: Skarmory|Taunt|p1a: Zapdos
|-start|p1a: Zapdos|move: Taunt
|
|-heal|p1a: Zapdos|360\/384 tox|[from] item: Leftovers
|-damage|p1a: Zapdos|336\/384 tox|[from] psn
|turn|172
|join|CJisGod
|
|switch|p2a: Chansey|Chansey, F|704\/704
|move|p1a: Zapdos|Thunderbolt|p2a: Chansey
|-damage|p2a: Chansey|592\/704
|
|-heal|p1a: Zapdos|360\/384 tox|[from] item: Leftovers
|-damage|p1a: Zapdos|312\/384 tox|[from] psn
|turn|173
|join|IAmGingy
|leave|IAmGingy
|chat|CJisGod|What.
|
|switch|p1a: Gliscor|Gliscor, M|298\/354 tox
|switch|p2a: Latias|Latias, F|265\/301 tox
|
|-damage|p2a: Latias|247\/301 tox|[from] psn
|-heal|p1a: Gliscor|342\/354 tox|[from] ability: Poison Heal
|turn|174
|chat|CJisGod|Christ.
|join|losedude
|chat|CJisGod|At least it isn't stall vs stall?
|
|switch|p2a: Skarmory|Skarmory, M|286\/334
|move|p1a: Gliscor|Protect|p1a: Gliscor
|-fail|p1a: Gliscor
|
|-heal|p1a: Gliscor|354\/354 tox|[from] ability: Poison Heal
|turn|175
|chat|AjTheEpic|tfw scarf latias becomes your stall breaker  
|chat|AjTheEpic|lol
|chat|CJisGod|Semi stall vs semi stall, so should only take an hour rather than an eternity.
|chat|Dread Arceus|Why dafuq are you using Scarf Latias
|chat|AjTheEpic|we're already at an hour
|chat|adfADF|may I ask what zapdos runs?
|chat|KnightSansArmour|:P
|
|switch|p1a: Zapdos|Zapdos|312\/384 tox
|-ability|p1a: Zapdos|Pressure
|switch|p2a: Chansey|Chansey, F|592\/704
|
|-heal|p1a: Zapdos|336\/384 tox|[from] item: Leftovers
|-damage|p1a: Zapdos|312\/384 tox|[from] psn
|turn|176
|chat|AjTheEpic|defog\/heatwave\/tbolt\/roost
|chat|KnightSansArmour|^
|
|switch|p1a: Gliscor|Gliscor, M|354\/354 tox
|move|p2a: Chansey|Seismic Toss|p1a: Gliscor
|-damage|p1a: Gliscor|254\/354 tox
|
|-heal|p1a: Gliscor|298\/354 tox|[from] ability: Poison Heal
|turn|177
|chat|CJisGod|He's probably revealed them all at this point.
|chat|CJisGod|At least one chansey is out of action.
|join|Mentalist Swag
|chat|Dread Arceus|Try using Stealth Cocks
|chat|CJisGod|Might go slightly quicker.
|chat|AjTheEpic|I think we all know each other's movesets other than my blastoise (which is obv) and his full noivern (Which I know two moves already)
|
|switch|p1a: Zapdos|Zapdos|312\/384 tox
|-ability|p1a: Zapdos|Pressure
|switch|p2a: Skarmory|Skarmory, M|286\/334
|
|-heal|p1a: Zapdos|336\/384 tox|[from] item: Leftovers
|-damage|p1a: Zapdos|312\/384 tox|[from] psn
|turn|178
|chat|KnightSansArmour|And my Metagross
|chat|Mentalist Swag|i just joined, and saw that there is 178 turns
|chat|AjTheEpic|i got eq\/meteor\/zen
|chat|Mentalist Swag|with no fainted pokemon
|chat|Mentalist Swag|wtf
|
|switch|p2a: Chansey|Chansey, F|592\/704
|move|p1a: Zapdos|Thunderbolt|p2a: Chansey
|-damage|p2a: Chansey|489\/704
|
|-heal|p1a: Zapdos|336\/384 tox|[from] item: Leftovers
|-damage|p1a: Zapdos|288\/384 tox|[from] psn
|turn|179
|chat|AjTheEpic|So I'm guessing he's got SR
|chat|CJisGod|You know, this is exactly why I run stallbreaker gengar.
|chat|Dread Arceus|Nig
|chat|AjTheEpic|blastoise (both) will break gar
|chat|Dread Arceus|You've gone 179 turns without killing anything
|chat|Dread Arceus|And this man is running Noivern
|chat|Dread Arceus|?_?
|
|switch|p1a: Gliscor|Gliscor, M|298\/354 tox
|switch|p2a: Chesnaught|Chesnaught, M|379\/379
|
|-heal|p1a: Gliscor|342\/354 tox|[from] ability: Poison Heal
|turn|180
|chat|KnightSansArmour|His team are too tank for Noivern to take anything down
|chat|CJisGod|True, but it can get the burn off.
|
|switch|p2a: Chansey|Chansey, F|489\/704
|move|p1a: Gliscor|Toxic|p2a: Chansey
|-status|p2a: Chansey|tox
|
|-heal|p1a: Gliscor|354\/354 tox|[from] ability: Poison Heal
|-damage|p2a: Chansey|445\/704 tox|[from] psn
|turn|181
|chat|AjTheEpic|I'm trying to work around that zap
|
|switch|p2a: Skarmory|Skarmory, M|286\/334
|move|p1a: Gliscor|Earthquake|p2a: Skarmory
|-immune|p2a: Skarmory|[msg]
|
|turn|182
|chat|el_knight_oscuro|Yooooo mad turns lol
|chat|AjTheEpic|got it to 2% once
|chat|KnightSansArmour|On what? 10%
|chat|Mentalist Swag|how ironic would it be if this ends up to be a 6-0
|
|switch|p1a: Zapdos|Zapdos|288\/384 tox
|-ability|p1a: Zapdos|Pressure
|switch|p2a: Aegislash|Aegislash, F|76\/324
|
|-heal|p1a: Zapdos|312\/384 tox|[from] item: Leftovers
|-heal|p2a: Aegislash|96\/324|[from] item: Leftovers
|-damage|p1a: Zapdos|288\/384 tox|[from] psn
|turn|183
|chat|CJisGod|Dude no this is going to be a stuggle....geddit?
|
|switch|p1a: Gliscor|Gliscor, M|354\/354 tox
|switch|p2a: Chansey|Chansey, F|445\/704
|
|turn|184
|chat|adfADF|haha lol
|
|switch|p1a: Blastoise|Blastoise-Mega, M|362\/362
|switch|p2a: Skarmory|Skarmory, M|286\/334
|
|turn|185
|chat|AjTheEpic|I'm kinda afraid to use my lati
|join|Cienight
|chat|Mentalist Swag|not if they just keep switching like this
|chat|el_knight_oscuro|I feel sorry for Stall players
|
|switch|p2a: Chesnaught|Chesnaught, M|379\/379
|move|p1a: Blastoise|Dark Pulse|p2a: Chesnaught
|-resisted|p2a: Chesnaught
|-damage|p2a: Chesnaught|280\/379
|
|-heal|p2a: Chesnaught|303\/379|[from] item: Leftovers
|turn|186
|chat|el_knight_oscuro|this is too much time invested in one battle lol
|chat|AjTheEpic|I love the double hazard control tho
|chat|CJisGod|This is why we can't ever have a meta where stall is best playstyle.
|chat|el_knight_oscuro|^^
|
|switch|p1a: Gliscor|Gliscor, M|354\/354 tox
|switch|p2a: Chansey|Chansey, F|445\/704
|
|turn|187
|chat|Mentalist Swag|BP totally beats stall, but its getting nerfed itself
|chat|KnightSansArmour|Yeah, rocks screw my double flying team
|chat|el_knight_oscuro|BP is shit
|chat|CJisGod|We just gotta run lots of stallbreakers in new meta then.
|chat|AjTheEpic|tbh this game is making me want to run ice beam Blastoise
|chat|adfADF|bp is op
|
|switch|p1a: Chansey|Chansey, F|548\/704
|switch|p2a: Skarmory|Skarmory, M|286\/334
|
|turn|188
|chat|el_knight_oscuro|Trick room destroys it ;)
|
|switch|p1a: Blastoise|Blastoise-Mega, M|362\/362
|switch|p2a: Chesnaught|Chesnaught, M|303\/379
|
|-heal|p2a: Chesnaught|326\/379|[from] item: Leftovers
|turn|189
|chat|Mentalist Swag|Chuu
|
|switch|p1a: Gliscor|Gliscor, M|354\/354 tox
|move|p2a: Chesnaught|Substitute|p2a: Chesnaught
|-start|p2a: Chesnaught|Substitute
|-damage|p2a: Chesnaught|232\/379
|
|-heal|p2a: Chesnaught|255\/379|[from] item: Leftovers
|turn|190
|chat|adfADF|not always
|chat|adfADF|but its a good counter
|
|switch|p1a: Noivern|Noivern, F|197\/311
|move|p2a: Chesnaught|Leech Seed|p1a: Noivern
|-start|p1a: Noivern|move: Leech Seed
|
|-heal|p2a: Chesnaught|278\/379|[from] item: Leftovers
|-damage|p1a: Noivern|159\/311|[from] Leech Seed|[of] p2a: Chesnaught
|-heal|p2a: Chesnaught|316\/379|[silent]
|turn|191
|chat|el_knight_oscuro|A fair amount of times
|
|switch|p1a: Gliscor|Gliscor, M|354\/354 tox
|switch|p2a: Chansey|Chansey, F|445\/704
|
|turn|192
|chat|Mentalist Swag|that infiltrator
|chat|losedude|OMG DAMAGE
|
|switch|p1a: Chansey|Chansey, F|548\/704
|switch|p2a: Skarmory|Skarmory, M|286\/334
|
|turn|193
|
|switch|p1a: Blastoise|Blastoise-Mega, M|362\/362
|switch|p2a: Chesnaught|Chesnaught, M|316\/379
|
|-heal|p2a: Chesnaught|339\/379|[from] item: Leftovers
|turn|194
|
|switch|p1a: Noivern|Noivern, F|159\/311
|move|p2a: Chesnaught|Hammer Arm|p1a: Noivern|[miss]
|-miss|p2a: Chesnaught|p1a: Noivern
|
|-heal|p2a: Chesnaught|362\/379|[from] item: Leftovers
|turn|195
|chat|el_knight_oscuro|haxx lol
|
|switch|p2a: Blastoise|Blastoise, M|362\/362
|move|p1a: Noivern|Hurricane|p2a: Blastoise|[miss]
|-miss|p1a: Noivern|p2a: Blastoise
|
|turn|196
|chat|AjTheEpic|Might as well move a rook out
|chat|CJisGod|This is why I never play stall.
|
|switch|p1a: Zapdos|Zapdos|288\/384 tox
|-ability|p1a: Zapdos|Pressure
|detailschange|p2a: Blastoise|Blastoise-Mega, M
|message|Blastoise has Mega Evolved into Mega Blastoise!
|move|p2a: Blastoise|Dark Pulse|p1a: Zapdos
|-damage|p1a: Zapdos|149\/384 tox
|
|-heal|p1a: Zapdos|173\/384 tox|[from] item: Leftovers
|-damage|p1a: Zapdos|149\/384 tox|[from] psn
|turn|197
|chat|CJisGod|I don't have the patience.
|chat|AjTheEpic|I enjoy these games
|chat|Mentalist Swag|it finally mega evoled
|chat|losedude|^
|
|move|p1a: Zapdos|Roost|p1a: Zapdos
|-heal|p1a: Zapdos|341\/384 tox
|move|p2a: Blastoise|Dark Pulse|p1a: Zapdos
|-damage|p1a: Zapdos|197\/384 tox
|
|-heal|p1a: Zapdos|221\/384 tox|[from] item: Leftovers
|-damage|p1a: Zapdos|173\/384 tox|[from] psn
|turn|198
|
|move|p1a: Zapdos|Thunderbolt|p2a: Blastoise
|-supereffective|p2a: Blastoise
|-damage|p2a: Blastoise|152\/362
|move|p2a: Blastoise|Dark Pulse|p1a: Zapdos
|-damage|p1a: Zapdos|40\/384 tox
|
|-heal|p1a: Zapdos|64\/384 tox|[from] item: Leftovers
|-damage|p1a: Zapdos|0 fnt|[from] psn
|faint|p1a: Zapdos
|chat|CJisGod|First kill?
|chat|AjTheEpic|got it
|chat|adfADF|down
|chat|Mentalist Swag|198
|chat|AjTheEpic|I knew I could survive :)
|chat|CJisGod|FINALLY.
|chat|el_knight_oscuro|FINALLY something dies!
|chat|Mentalist Swag|take screenshot
|chat|AjTheEpic|now to find a place I can save my rook from
|chat|AjTheEpic|need queen support
|chat|KnightSansArmour|To be fair, I am simultaneously sexting the girl I'm seeing so my head's not 100% in the game right now :P
|
|switch|p1a: Noivern|Noivern, F|159\/311
|turn|199
|chat|AjTheEpic|I wonder what's got your attention more :P
|
|switch|p2a: Chansey|Chansey, F|445\/704
|move|p1a: Noivern|Draco Meteor|p2a: Chansey
|-damage|p2a: Chansey|253\/704
|-unboost|p1a: Noivern|spa|2
|
|turn|200
|
|switch|p1a: Gliscor|Gliscor, M|354\/354 tox
|move|p2a: Chansey|Soft-Boiled|p2a: Chansey
|-heal|p2a: Chansey|605\/704
|
|turn|201
|leave|CJisGod
|chat|AjTheEpic|So I just achieved my first objective
|chat|AjTheEpic|Get to 200 turns with at least half the recovery moves on all pokes
|
|switch|p1a: Noivern|Noivern, F|159\/311
|move|p2a: Chansey|Wish|p2a: Chansey
|
|turn|202
|
|move|p1a: Noivern|Flamethrower|p2a: Chansey
|-damage|p2a: Chansey|515\/704
|move|p2a: Chansey|Seismic Toss|p1a: Noivern
|-damage|p1a: Noivern|59\/311
|
|-heal|p2a: Chansey|704\/704|[from] move: Wish|[wisher] Chansey
|turn|203
|chat|adfADF|i want to see stuggles
|chat|KnightSansArmour|Gotta take risks now :\/
|chat|Mentalist Swag|i told you this will be a 6-0
|
|switch|p1a: Gliscor|Gliscor, M|354\/354 tox
|move|p2a: Chansey|Wish|p2a: Chansey
|
|turn|204
|
|switch|p2a: Blastoise|Blastoise-Mega, M|152\/362
|move|p1a: Gliscor|Earthquake|p2a: Blastoise
|-damage|p2a: Blastoise|55\/362
|
|-heal|p2a: Blastoise|362\/362|[from] move: Wish|[wisher] Chansey
|turn|205
|join|gtsy
|chat|el_knight_oscuro|whoop
|
|switch|p2a: Skarmory|Skarmory, M|286\/334
|move|p1a: Gliscor|Protect|p1a: Gliscor
|-fail|p1a: Gliscor
|
|turn|206
|chat|AjTheEpic|an hour and 20 minutes so far
|
|switch|p1a: Blastoise|Blastoise-Mega, M|362\/362
|move|p2a: Skarmory|Stealth Rock|p1a: Blastoise
|-sidestart|p1: KnightSansArmour|move: Stealth Rock
|
|turn|207
|
|switch|p2a: Chansey|Chansey, F|704\/704
|move|p1a: Blastoise|Aura Sphere|p2a: Chansey
|-supereffective|p2a: Chansey
|-damage|p2a: Chansey|484\/704
|
|turn|208
|
|switch|p2a: Chesnaught|Chesnaught, M|362\/379
|move|p1a: Blastoise|Rapid Spin|p2a: Chesnaught
|-damage|p2a: Chesnaught|353\/379
|-sideend|p1: KnightSansArmour|Stealth Rock|[from] move: Rapid Spin|[of] p1a: Blastoise
|
|-heal|p2a: Chesnaught|376\/379|[from] item: Leftovers
|turn|209
|
|switch|p1a: Metagross|Metagross|140\/364
|move|p2a: Chesnaught|Leech Seed|p1a: Metagross
|-start|p1a: Metagross|move: Leech Seed
|
|-heal|p2a: Chesnaught|379\/379|[from] item: Leftovers
|-damage|p1a: Metagross|95\/364|[from] Leech Seed|[of] p2a: Chesnaught
|turn|210
|
|switch|p1a: Noivern|Noivern, F|59\/311
|switch|p2a: Skarmory|Skarmory, M|286\/334
|
|turn|211
|
|switch|p2a: Chesnaught|Chesnaught, M|379\/379
|move|p1a: Noivern|Flamethrower|p2a: Chesnaught
|-supereffective|p2a: Chesnaught
|-damage|p2a: Chesnaught|71\/379
|
|-heal|p2a: Chesnaught|94\/379|[from] item: Leftovers
|turn|212
|chat|AjTheEpic|I'm adjusting my aegi set
|
|switch|p2a: Chansey|Chansey, F|484\/704
|move|p1a: Noivern|Flamethrower|p2a: Chansey
|-damage|p2a: Chansey|404\/704
|
|turn|213
|chat|AjTheEpic|And that was a misclick lol
|chat|AjTheEpic|But w'e I can recover on your glisc :)
|chat|KnightSansArmour|If I crit, the crowd would have gone WILD :P
|
|switch|p1a: Gliscor|Gliscor, M|354\/354 tox
|move|p2a: Chansey|Seismic Toss|p1a: Gliscor
|-damage|p1a: Gliscor|254\/354 tox
|
|-heal|p1a: Gliscor|298\/354 tox|[from] ability: Poison Heal
|turn|214
|
|switch|p1a: Noivern|Noivern, F|59\/311
|move|p2a: Chansey|Soft-Boiled|p2a: Chansey
|-heal|p2a: Chansey|704\/704
|
|turn|215
|
|switch|p1a: Gliscor|Gliscor, M|298\/354 tox
|move|p2a: Chansey|Seismic Toss|p1a: Gliscor
|-damage|p1a: Gliscor|198\/354 tox
|
|-heal|p1a: Gliscor|242\/354 tox|[from] ability: Poison Heal
|turn|216
|
|move|p1a: Gliscor|Toxic|p2a: Chansey
|-status|p2a: Chansey|tox
|move|p2a: Chansey|Wish|p2a: Chansey
|
|-heal|p1a: Gliscor|286\/354 tox|[from] ability: Poison Heal
|-damage|p2a: Chansey|660\/704 tox|[from] psn
|turn|217
|
|switch|p2a: Chesnaught|Chesnaught, M|94\/379
|move|p1a: Gliscor|Earthquake|p2a: Chesnaught
|-resisted|p2a: Chesnaught
|-damage|p2a: Chesnaught|59\/379
|
|-heal|p2a: Chesnaught|379\/379|[from] move: Wish|[wisher] Chansey
|-heal|p1a: Gliscor|330\/354 tox|[from] ability: Poison Heal
|turn|218
|
|switch|p2a: Skarmory|Skarmory, M|286\/334
|move|p1a: Gliscor|Toxic|p2a: Skarmory
|-fail|p2a: Skarmory
|
|-heal|p1a: Gliscor|354\/354 tox|[from] ability: Poison Heal
|turn|219
|
|switch|p1a: Blastoise|Blastoise-Mega, M|362\/362
|move|p2a: Skarmory|Stealth Rock|p1a: Blastoise
|-sidestart|p1: KnightSansArmour|move: Stealth Rock
|
|turn|220
|join|superkoma
|
|switch|p2a: Chesnaught|Chesnaught, M|379\/379
|move|p1a: Blastoise|Rapid Spin|p2a: Chesnaught
|-damage|p2a: Chesnaught|370\/379
|-sideend|p1: KnightSansArmour|Stealth Rock|[from] move: Rapid Spin|[of] p1a: Blastoise
|
|-heal|p2a: Chesnaught|379\/379|[from] item: Leftovers
|turn|221
|
|switch|p1a: Noivern|Noivern, F|59\/311
|move|p2a: Chesnaught|Leech Seed|p1a: Noivern
|-start|p1a: Noivern|move: Leech Seed
|
|-damage|p1a: Noivern|21\/311|[from] Leech Seed|[of] p2a: Chesnaught
|turn|222
|
|switch|p1a: Gliscor|Gliscor, M|354\/354 tox
|switch|p2a: Blastoise|Blastoise-Mega, M|362\/362
|
|turn|223
|
|switch|p1a: Chansey|Chansey, F|548\/704
|move|p2a: Blastoise|Scald|p1a: Chansey
|-damage|p1a: Chansey|421\/704
|-status|p1a: Chansey|brn
|
|-damage|p1a: Chansey|333\/704 brn|[from] brn
|turn|224
|
|move|p1a: Chansey|Seismic Toss|p2a: Blastoise
|-damage|p2a: Blastoise|262\/362
|move|p2a: Blastoise|Aura Sphere|p1a: Chansey
|-supereffective|p1a: Chansey
|-damage|p1a: Chansey|87\/704 brn
|
|-damage|p1a: Chansey|0 fnt|[from] brn
|faint|p1a: Chansey
|chat|KnightSansArmour|Yeah, I lose
|chat|gtsy|...
|chat|Mentalist Swag|224
|chat|AjTheEpic|gg
|
|switch|p1a: Noivern|Noivern, F|21\/311
|turn|225
|
|switch|p2a: Chansey|Chansey, F|660\/704
|move|p1a: Noivern|Draco Meteor|p2a: Chansey
|-damage|p2a: Chansey|494\/704
|-unboost|p1a: Noivern|spa|2
|
|turn|226
|
|switch|p1a: Metagross|Metagross|95\/364
|switch|p2a: Blastoise|Blastoise-Mega, M|262\/362
|
|turn|227
|
|move|p2a: Blastoise|Dark Pulse|p1a: Metagross
|-supereffective|p1a: Metagross
|-damage|p1a: Metagross|0 fnt
|faint|p1a: Metagross
|
|chat|el_knight_oscuro|227 turns :O
|
|switch|p1a: Blastoise|Blastoise-Mega, M|362\/362
|turn|228
|
|switch|p2a: Chesnaught|Chesnaught, M|379\/379
|move|p1a: Blastoise|Dark Pulse|p2a: Chesnaught
|-resisted|p2a: Chesnaught
|-damage|p2a: Chesnaught|275\/379
|
|-heal|p2a: Chesnaught|298\/379|[from] item: Leftovers
|turn|229
|chat|Mentalist Swag|6-0 approaching 
|
|move|p1a: Blastoise|Aura Sphere|p2a: Chesnaught
|-immune|p2a: Chesnaught|[msg]|[from] Bulletproof
|move|p2a: Chesnaught|Leech Seed|p1a: Blastoise
|-start|p1a: Blastoise|move: Leech Seed
|
|-heal|p2a: Chesnaught|321\/379|[from] item: Leftovers
|-damage|p1a: Blastoise|317\/362|[from] Leech Seed|[of] p2a: Chesnaught
|-heal|p2a: Chesnaught|366\/379|[silent]
|turn|230
|join|Smurf4ki
|chat|AjTheEpic|:) bulletproof
|
|switch|p1a: Noivern|Noivern, F|21\/311
|move|p2a: Chesnaught|Hammer Arm|p1a: Noivern
|-resisted|p1a: Noivern
|-damage|p1a: Noivern|0 fnt
|-unboost|p2a: Chesnaught|spe|1
|faint|p1a: Noivern
|
|-heal|p2a: Chesnaught|379\/379|[from] item: Leftovers
|chat|KnightSansArmour|TOTALLY forgot
|chat|adfADF|data bullet proof
|chat|el_knight_oscuro|Rock Solid
|
|switch|p1a: Gliscor|Gliscor, M|354\/354 tox
|turn|231
|
|switch|p2a: Skarmory|Skarmory, M|286\/334
|move|p1a: Gliscor|Substitute|p1a: Gliscor
|-start|p1a: Gliscor|Substitute
|-damage|p1a: Gliscor|266\/354 tox
|
|-heal|p1a: Gliscor|310\/354 tox|[from] ability: Poison Heal
|turn|232
|chat|Mentalist Swag|6-0 confirmed
|chat|KnightSansArmour|you got this
|
|switch|p1a: Blastoise|Blastoise-Mega, M|317\/362
|move|p2a: Skarmory|Stealth Rock|p1a: Blastoise
|-sidestart|p1: KnightSansArmour|move: Stealth Rock
|
|turn|233
|leave|adfADF
|
|switch|p2a: Chesnaught|Chesnaught, M|379\/379
|move|p1a: Blastoise|Rapid Spin|p2a: Chesnaught
|-damage|p2a: Chesnaught|369\/379
|-sideend|p1: KnightSansArmour|Stealth Rock|[from] move: Rapid Spin|[of] p1a: Blastoise
|
|-heal|p2a: Chesnaught|379\/379|[from] item: Leftovers
|turn|234
|
|move|p1a: Blastoise|Water Pulse|p2a: Chesnaught
|-resisted|p2a: Chesnaught
|-damage|p2a: Chesnaught|260\/379
|move|p2a: Chesnaught|Leech Seed|p1a: Blastoise
|-start|p1a: Blastoise|move: Leech Seed
|
|-heal|p2a: Chesnaught|283\/379|[from] item: Leftovers
|-damage|p1a: Blastoise|272\/362|[from] Leech Seed|[of] p2a: Chesnaught
|-heal|p2a: Chesnaught|328\/379|[silent]
|turn|235
|
|switch|p2a: Chansey|Chansey, F|494\/704
|move|p1a: Blastoise|Rapid Spin|p2a: Chansey
|-damage|p2a: Chansey|474\/704
|-end|p1a: Blastoise|Leech Seed|[from] move: Rapid Spin|[of] p1a: Blastoise
|
|turn|236
|
|move|p1a: Blastoise|Aura Sphere|p2a: Chansey
|-supereffective|p2a: Chansey
|-damage|p2a: Chansey|278\/704
|move|p2a: Chansey|Soft-Boiled|p2a: Chansey
|-heal|p2a: Chansey|630\/704
|
|turn|237
|
|move|p1a: Blastoise|Aura Sphere|p2a: Chansey
|-supereffective|p2a: Chansey
|-damage|p2a: Chansey|410\/704
|move|p2a: Chansey|Seismic Toss|p1a: Blastoise
|-damage|p1a: Blastoise|172\/362
|
|turn|238
|
|move|p1a: Blastoise|Aura Sphere|p2a: Chansey
|-supereffective|p2a: Chansey
|-damage|p2a: Chansey|194\/704
|move|p2a: Chansey|Soft-Boiled|p2a: Chansey
|-heal|p2a: Chansey|546\/704
|
|turn|239
|
|move|p1a: Blastoise|Aura Sphere|p2a: Chansey
|-supereffective|p2a: Chansey
|-damage|p2a: Chansey|326\/704
|move|p2a: Chansey|Seismic Toss|p1a: Blastoise
|-damage|p1a: Blastoise|72\/362
|
|turn|240
|
|move|p1a: Blastoise|Aura Sphere|p2a: Chansey
|-supereffective|p2a: Chansey
|-damage|p2a: Chansey|128\/704
|move|p2a: Chansey|Soft-Boiled|p2a: Chansey
|-heal|p2a: Chansey|480\/704
|
|turn|241
|
|move|p1a: Blastoise|Aura Sphere|p2a: Chansey
|-supereffective|p2a: Chansey
|-damage|p2a: Chansey|256\/704
|move|p2a: Chansey|Soft-Boiled|p2a: Chansey
|-heal|p2a: Chansey|608\/704
|
|turn|242
|
|move|p1a: Blastoise|Aura Sphere|p2a: Chansey
|-supereffective|p2a: Chansey
|-damage|p2a: Chansey|414\/704
|move|p2a: Chansey|Seismic Toss|p1a: Blastoise
|-damage|p1a: Blastoise|0 fnt
|faint|p1a: Blastoise
|
|
|switch|p1a: Gliscor|Gliscor, M|310\/354 tox
|turn|243
|
|move|p1a: Gliscor|Substitute|p1a: Gliscor
|-start|p1a: Gliscor|Substitute
|-damage|p1a: Gliscor|222\/354 tox
|move|p2a: Chansey|Wish|p2a: Chansey
|
|-heal|p1a: Gliscor|266\/354 tox|[from] ability: Poison Heal
|turn|244
|
|switch|p2a: Skarmory|Skarmory, M|286\/334
|move|p1a: Gliscor|Toxic|p2a: Skarmory
|-fail|p2a: Skarmory
|
|-heal|p2a: Skarmory|334\/334|[from] move: Wish|[wisher] Chansey
|-heal|p1a: Gliscor|310\/354 tox|[from] ability: Poison Heal
|turn|245
|chat|AjTheEpic|who wanted to see struggle?
|
|move|p1a: Gliscor|Protect|p1a: Gliscor
|-singleturn|p1a: Gliscor|Protect
|move|p2a: Skarmory|Taunt|p1a: Gliscor
|-activate|p1a: Gliscor|Protect
|
|-heal|p1a: Gliscor|354\/354 tox|[from] ability: Poison Heal
|turn|246
|chat|KnightSansArmour|:P
|chat|Mentalist Swag|me
|
|move|p1a: Gliscor|Earthquake|p2a: Skarmory
|-immune|p2a: Skarmory|[msg]
|move|p2a: Skarmory|Taunt|p1a: Gliscor
|-start|p1a: Gliscor|move: Taunt
|
|turn|247
|chat|gtsy|that's sadistic lol
|chat|KnightSansArmour|I should be a dick to that one guy and forfeit :P
|
|move|p1a: Gliscor|Earthquake|p2a: Skarmory
|-immune|p2a: Skarmory|[msg]
|move|p2a: Skarmory|Stealth Rock|p1a: Gliscor
|-sidestart|p1: KnightSansArmour|move: Stealth Rock
|
|turn|248
|chat|Mentalist Swag|i also wanted a 6-0
|chat|AjTheEpic|I got nothing better
|chat|AjTheEpic|tbh
|chat|Mentalist Swag|late game rocks
|
|move|p1a: Gliscor|Earthquake|p2a: Skarmory
|-immune|p2a: Skarmory|[msg]
|move|p2a: Skarmory|Taunt|p1a: Gliscor
|-fail|p1a: Gliscor
|
|turn|249
|
|-activate|p1a: Gliscor|move: Struggle
|move|p1a: Gliscor|Struggle|p2a: Skarmory
|-damage|p2a: Skarmory|311\/334
|-damage|p1a: Gliscor|295\/354 tox|[from] item: Rocky Helmet|[of] p2a: Skarmory
|-damage|p1a: Gliscor|207\/354 tox
|move|p2a: Skarmory|Stealth Rock|p1a: Gliscor
|-fail|p1a: Gliscor
|
|-heal|p1a: Gliscor|251\/354 tox|[from] ability: Poison Heal
|-end|p1a: Gliscor|move: Taunt
|turn|250
|
|move|p1a: Gliscor|Protect|p1a: Gliscor
|-singleturn|p1a: Gliscor|Protect
|move|p2a: Skarmory|Taunt|p1a: Gliscor
|-activate|p1a: Gliscor|Protect
|
|-heal|p1a: Gliscor|295\/354 tox|[from] ability: Poison Heal
|turn|251
|
|move|p1a: Gliscor|Protect|p1a: Gliscor
|-fail|p1a: Gliscor
|move|p2a: Skarmory|Taunt|p1a: Gliscor
|-start|p1a: Gliscor|move: Taunt
|
|-heal|p1a: Gliscor|339\/354 tox|[from] ability: Poison Heal
|turn|252
|chat|el_knight_oscuro|dat 41 percent recoil....
|chat|AjTheEpic|skarm hasn't attacked once
|
|-activate|p1a: Gliscor|move: Struggle
|move|p1a: Gliscor|Struggle|p2a: Skarmory
|-damage|p2a: Skarmory|291\/334
|-damage|p1a: Gliscor|280\/354 tox|[from] item: Rocky Helmet|[of] p2a: Skarmory
|-damage|p1a: Gliscor|192\/354 tox
|move|p2a: Skarmory|Counter|p1a: Gliscor
|-activate|p1a: Gliscor|Substitute|[damage]
|
|-heal|p1a: Gliscor|236\/354 tox|[from] ability: Poison Heal
|turn|253
|chat|Mentalist Swag|switch go blastoise
|
|-activate|p1a: Gliscor|move: Struggle
|move|p1a: Gliscor|Struggle|p2a: Skarmory
|-damage|p2a: Skarmory|268\/334
|-damage|p1a: Gliscor|177\/354 tox|[from] item: Rocky Helmet|[of] p2a: Skarmory
|-damage|p1a: Gliscor|89\/354 tox
|move|p2a: Skarmory|Counter|p1a: Gliscor
|-activate|p1a: Gliscor|Substitute|[damage]
|
|-heal|p1a: Gliscor|133\/354 tox|[from] ability: Poison Heal
|turn|254
|leave|superkoma
|
|-activate|p1a: Gliscor|move: Struggle
|move|p1a: Gliscor|Struggle|p2a: Skarmory
|-damage|p2a: Skarmory|248\/334
|-damage|p1a: Gliscor|74\/354 tox|[from] item: Rocky Helmet|[of] p2a: Skarmory
|-damage|p1a: Gliscor|0 fnt
|faint|p1a: Gliscor
|
|win|AjTheEpic
|raw|Ladder updating...
|raw|KnightSansArmour's rating: 1540 &rarr; <strong>1521<\/strong><br \/>(-19 for losing)
|raw|AjTheEpic's rating: 1555 &rarr; <strong>1574<\/strong><br \/>(+19 for winning)
|chat|KnightSansArmour|gg
|chat|AjTheEpic|gg
|chat|el_knight_oscuro|gg
|leave|Dread Arceus
|chat|Mentalist Swag|6-0
|chat|Mentalist Swag|told you
|chat|Cassidy132|wow
|chat|KnightSansArmour|Nice work man
|chat|AjTheEpic|ty
|chat|Mentalist Swag|Good game
|chat|Mentalist Swag|:)