|join|KnightSansArmour
|join|Redolent-cl
|player|p1|KnightSansArmour|266
|player|p2|Redolent-cl|49
|gametype|singles
|gen|6
|tier|OU
|rated
|clearpoke
|poke|p1|Gliscor, M
|poke|p1|Chansey, F
|poke|p1|Noivern, M
|poke|p1|Blastoise, M
|poke|p1|Zapdos
|poke|p1|Excadrill, F
|poke|p2|Charizard, M, shiny
|poke|p2|Latias, F, shiny
|poke|p2|Clefable, M
|poke|p2|Gothitelle, M, shiny
|poke|p2|Dugtrio, M, shiny
|poke|p2|Tyranitar, M
|rule|Sleep Clause Mod: Limit one foe put to sleep
|rule|Species Clause: Limit one of each Pokemon
|rule|OHKO Clause: OHKO moves are banned
|rule|Moody Clause: Moody is banned
|rule|Evasion Moves Clause: Evasion moves are banned
|rule|Endless Battle Clause: Forcing endless battles is banned.
|rule|HP Percentage Mod: HP is reported as percentages
|teampreview
|
|start
|switch|p1a: Blastoise|Blastoise, M|362\/362
|switch|p2a: Tyranitar|Tyranitar, M|341\/341
|-weather|Sandstorm
|turn|1
|
|switch|p2a: Charizard|Charizard, M, shiny|359\/359
|-formechange|p1a: Blastoise|Blastoise-Mega
|message|Blastoise has Mega Evolved into Mega Blastoise!
|move|p1a: Blastoise|Aura Sphere|p2a: Charizard
|-resisted|p2a: Charizard
|-damage|p2a: Charizard|279\/359
|
|-weather|Sandstorm|[upkeep]
|-damage|p2a: Charizard|257\/359|[from] sandstorm
|-damage|p1a: Blastoise|340\/362|[from] sandstorm
|turn|2
|
|switch|p1a: Chansey|Chansey, F|704\/704
|-formechange|p2a: Charizard|Charizard-Mega-X
|message|Charizard has Mega Evolved into Mega Charizard!
|move|p2a: Charizard|Dragon Dance|p2a: Charizard
|-boost|p2a: Charizard|atk|1
|-boost|p2a: Charizard|spe|1
|
|-weather|Sandstorm|[upkeep]
|-damage|p2a: Charizard|235\/359|[from] sandstorm
|-damage|p1a: Chansey|660\/704|[from] sandstorm
|turn|3
|
|move|p2a: Charizard|Will-O-Wisp|p1a: Chansey
|-status|p1a: Chansey|brn
|move|p1a: Chansey|Toxic|p2a: Charizard
|-status|p2a: Charizard|tox
|
|-weather|Sandstorm|[upkeep]
|-damage|p2a: Charizard|213\/359 tox|[from] sandstorm
|-damage|p1a: Chansey|616\/704 brn|[from] sandstorm
|-damage|p2a: Charizard|191\/359 tox|[from] psn
|-damage|p1a: Chansey|528\/704 brn|[from] brn
|turn|4
|
|switch|p1a: Gliscor|Gliscor, M|354\/354
|move|p2a: Charizard|Will-O-Wisp|p1a: Gliscor
|-status|p1a: Gliscor|brn
|
|-weather|Sandstorm|[upkeep]
|-damage|p2a: Charizard|169\/359 tox|[from] sandstorm
|-damage|p2a: Charizard|125\/359 tox|[from] psn
|-damage|p1a: Gliscor|310\/354 brn|[from] brn
|turn|5
|
|move|p2a: Charizard|Roost|p2a: Charizard
|-heal|p2a: Charizard|305\/359 tox
|move|p1a: Gliscor|Earthquake|p2a: Charizard
|-supereffective|p2a: Charizard
|-damage|p2a: Charizard|221\/359 tox
|
|-weather|none
|-damage|p2a: Charizard|155\/359 tox|[from] psn
|-damage|p1a: Gliscor|266\/354 brn|[from] brn
|turn|6
|
|switch|p1a: Chansey|Chansey, F|528\/704
|move|p2a: Charizard|Dragon Claw|p1a: Chansey
|-damage|p1a: Chansey|197\/704
|
|-damage|p2a: Charizard|67\/359 tox|[from] psn
|turn|7
|
|switch|p2a: Gothitelle|Gothitelle, M, shiny|301\/301
|switch|p1a: Gliscor|Gliscor, M|266\/354 brn
|
|-damage|p1a: Gliscor|222\/354 brn|[from] brn
|turn|8
|
|move|p1a: Gliscor|Toxic|p2a: Gothitelle
|-status|p2a: Gothitelle|tox
|move|p2a: Gothitelle|Psychic|p1a: Gliscor
|-damage|p1a: Gliscor|0 fnt
|faint|p1a: Gliscor
|
|-damage|p2a: Gothitelle|283\/301 tox|[from] psn
|
|switch|p1a: Blastoise|Blastoise, M|340\/362
|-formechange|p1a: Blastoise|Blastoise-Mega
|turn|9
|
|switch|p2a: Clefable|Clefable, M|394\/394
|move|p1a: Blastoise|Dark Pulse|p2a: Clefable
|-resisted|p2a: Clefable
|-damage|p2a: Clefable|310\/394
|
|-heal|p2a: Clefable|334\/394|[from] item: Leftovers
|turn|10
|
|switch|p1a: Excadrill|Excadrill, F|361\/361
|-ability|p1a: Excadrill|Mold Breaker
|move|p2a: Clefable|Cosmic Power|p2a: Clefable
|-boost|p2a: Clefable|def|1
|-boost|p2a: Clefable|spd|1
|
|-heal|p2a: Clefable|358\/394|[from] item: Leftovers
|turn|11
|
|switch|p2a: Tyranitar|Tyranitar, M|341\/341
|-weather|Sandstorm
|move|p1a: Excadrill|Iron Head|p2a: Tyranitar
|-supereffective|p2a: Tyranitar
|-damage|p2a: Tyranitar|0 fnt
|faint|p2a: Tyranitar
|
|-weather|Sandstorm|[upkeep]
|
|switch|p2a: Dugtrio|Dugtrio, M, shiny|211\/211
|turn|12
|
|move|p2a: Dugtrio|Reversal|p1a: Excadrill
|-supereffective|p1a: Excadrill
|-damage|p1a: Excadrill|311\/361
|move|p1a: Excadrill|Iron Head|p2a: Dugtrio
|-crit|p2a: Dugtrio
|-enditem|p2a: Dugtrio|Focus Sash
|-damage|p2a: Dugtrio|1\/211
|
|-weather|Sandstorm|[upkeep]
|turn|13
|
|move|p2a: Dugtrio|Reversal|p1a: Excadrill
|-supereffective|p1a: Excadrill
|-damage|p1a: Excadrill|0 fnt
|faint|p1a: Excadrill
|
|-weather|Sandstorm|[upkeep]
|
|switch|p1a: Chansey|Chansey, F|197\/704
|turn|14
|
|move|p2a: Dugtrio|Reversal|p1a: Chansey
|-supereffective|p1a: Chansey
|-damage|p1a: Chansey|0 fnt
|faint|p1a: Chansey
|
|-weather|Sandstorm|[upkeep]
|
|switch|p1a: Noivern|Noivern, M|311\/311
|turn|15
|
|move|p1a: Noivern|Boomburst|p2a: Dugtrio
|-damage|p2a: Dugtrio|0 fnt
|faint|p2a: Dugtrio
|
|-weather|none
|
|switch|p2a: Latias|Latias, F, shiny|364\/364
|turn|16
|
|switch|p1a: Zapdos|Zapdos|384\/384
|-ability|p1a: Zapdos|Pressure
|move|p2a: Latias|Healing Wish|p2a: Latias
|faint|p2a: Latias
|
|
|switch|p2a: Charizard|Charizard, M, shiny|67\/359 tox
|-formechange|p2a: Charizard|Charizard-Mega-X
|-heal|p2a: Charizard|359\/359|[from] move: Healing Wish
|turn|17
|
|move|p2a: Charizard|Dragon Dance|p2a: Charizard
|-boost|p2a: Charizard|atk|1
|-boost|p2a: Charizard|spe|1
|move|p1a: Zapdos|Thunderbolt|p2a: Charizard
|-resisted|p2a: Charizard
|-damage|p2a: Charizard|265\/359
|
|turn|18
|
|move|p2a: Charizard|Dragon Dance|p2a: Charizard
|-boost|p2a: Charizard|atk|1
|-boost|p2a: Charizard|spe|1
|move|p1a: Zapdos|Defog|p2a: Charizard
|-unboost|p2a: Charizard|evasion|1
|
|turn|19
|
|move|p2a: Charizard|Dragon Claw|p1a: Zapdos
|-crit|p1a: Zapdos
|-damage|p1a: Zapdos|0 fnt
|faint|p1a: Zapdos
|
|
|switch|p1a: Noivern|Noivern, M|311\/311
|turn|20
|
|move|p2a: Charizard|Dragon Claw|p1a: Noivern
|-supereffective|p1a: Noivern
|-damage|p1a: Noivern|0 fnt
|faint|p1a: Noivern
|
|
|switch|p1a: Blastoise|Blastoise, M|340\/362
|-formechange|p1a: Blastoise|Blastoise-Mega
|turn|21
|
|move|p2a: Charizard|Dragon Claw|p1a: Blastoise
|-damage|p1a: Blastoise|70\/362
|move|p1a: Blastoise|Water Pulse|p2a: Charizard
|-damage|p2a: Charizard|84\/359
|
|turn|22
|
|move|p2a: Charizard|Dragon Claw|p1a: Blastoise
|-damage|p1a: Blastoise|0 fnt
|faint|p1a: Blastoise
|
|win|Redolent-cl
|raw|Ladder updating...
|raw|KnightSansArmour's rating: 1623 &rarr; <strong>1607<\/strong><br \/>(-16 for losing)
|raw|Redolent-cl's rating: 1682 &rarr; <strong>1699<\/strong><br \/>(+17 for winning)
|chat|KnightSansArmour|gg
|chat|Redolent-cl|gg
|leave|KnightSansArmour
|player|p1