|join|KnightSansArmour
|join|Tommy Rainbow
|player|p1|KnightSansArmour|101
|player|p2|Tommy Rainbow|54
|gametype|singles
|gen|6
|tier|OU
|rated
|clearpoke
|poke|p1|Gliscor, M
|poke|p1|Chansey, F
|poke|p1|Noivern, F
|poke|p1|Blastoise, M
|poke|p1|Zapdos
|poke|p1|Metagross
|poke|p2|Tyranitar, M
|poke|p2|Excadrill, M
|poke|p2|Pinsir, F
|poke|p2|Thundurus, M
|poke|p2|Heatran, M
|poke|p2|Manaphy
|rule|Sleep Clause Mod: Limit one foe put to sleep
|rule|Species Clause: Limit one of each Pokemon
|rule|OHKO Clause: OHKO moves are banned
|rule|Moody Clause: Moody is banned
|rule|Evasion Moves Clause: Evasion moves are banned
|rule|Endless Battle Clause: Forcing endless battles is banned.
|rule|HP Percentage Mod: HP is reported as percentages
|teampreview
|
|start
|switch|p1a: Blastoise|Blastoise, M|362\/362
|switch|p2a: Thundurus|Thundurus, M|299\/299
|turn|1
|
|switch|p1a: Chansey|Chansey, F|704\/704
|move|p2a: Thundurus|Taunt|p1a: Chansey
|-start|p1a: Chansey|move: Taunt
|
|turn|2
|
|move|p2a: Thundurus|Volt Switch|p1a: Chansey
|-damage|p1a: Chansey|625\/704
|
|switch|p2a: Pinsir|Pinsir, F|271\/271
|-ability|p2a: Pinsir|Mold Breaker
|move|p1a: Chansey|Seismic Toss|p2a: Pinsir
|-damage|p2a: Pinsir|171\/271
|
|turn|3
|
|switch|p1a: Noivern|Noivern, F|311\/311
|detailschange|p2a: Pinsir|Pinsir-Mega, F
|message|Pinsir has Mega Evolved into Mega Pinsir!
|move|p2a: Pinsir|Swords Dance|p2a: Pinsir
|-boost|p2a: Pinsir|atk|2
|
|turn|4
|
|move|p2a: Pinsir|Feint|p1a: Noivern
|-damage|p1a: Noivern|130\/311
|move|p1a: Noivern|Flamethrower|p2a: Pinsir
|-supereffective|p2a: Pinsir
|-damage|p2a: Pinsir|0 fnt
|faint|p2a: Pinsir
|
|
|switch|p2a: Manaphy|Manaphy|341\/341
|turn|5
|
|switch|p1a: Chansey|Chansey, F|625\/704
|move|p2a: Manaphy|Tail Glow|p2a: Manaphy
|-boost|p2a: Manaphy|spa|3
|
|turn|6
|
|move|p2a: Manaphy|Tail Glow|p2a: Manaphy
|-boost|p2a: Manaphy|spa|3
|move|p1a: Chansey|Toxic|p2a: Manaphy
|-status|p2a: Manaphy|tox
|
|-damage|p2a: Manaphy|320\/341 tox|[from] psn
|turn|7
|
|move|p2a: Manaphy|Surf|p1a: Chansey
|-damage|p1a: Chansey|271\/704
|move|p1a: Chansey|Soft-Boiled|p1a: Chansey
|-heal|p1a: Chansey|623\/704
|
|-heal|p2a: Manaphy|341\/341 tox|[from] item: Leftovers
|-damage|p2a: Manaphy|299\/341 tox|[from] psn
|turn|8
|
|move|p2a: Manaphy|Surf|p1a: Chansey
|-damage|p1a: Chansey|277\/704
|move|p1a: Chansey|Soft-Boiled|p1a: Chansey
|-heal|p1a: Chansey|629\/704
|
|-heal|p2a: Manaphy|320\/341 tox|[from] item: Leftovers
|-damage|p2a: Manaphy|257\/341 tox|[from] psn
|turn|9
|
|move|p2a: Manaphy|Surf|p1a: Chansey
|-damage|p1a: Chansey|287\/704
|move|p1a: Chansey|Soft-Boiled|p1a: Chansey
|-heal|p1a: Chansey|639\/704
|
|-heal|p2a: Manaphy|278\/341 tox|[from] item: Leftovers
|-damage|p2a: Manaphy|194\/341 tox|[from] psn
|turn|10
|
|move|p2a: Manaphy|Surf|p1a: Chansey
|-damage|p1a: Chansey|323\/704
|move|p1a: Chansey|Soft-Boiled|p1a: Chansey
|-heal|p1a: Chansey|675\/704
|
|-heal|p2a: Manaphy|215\/341 tox|[from] item: Leftovers
|-damage|p2a: Manaphy|110\/341 tox|[from] psn
|turn|11
|
|move|p2a: Manaphy|Surf|p1a: Chansey
|-damage|p1a: Chansey|321\/704
|move|p1a: Chansey|Soft-Boiled|p1a: Chansey
|-heal|p1a: Chansey|673\/704
|
|-heal|p2a: Manaphy|131\/341 tox|[from] item: Leftovers
|-damage|p2a: Manaphy|5\/341 tox|[from] psn
|turn|12
|
|move|p2a: Manaphy|Surf|p1a: Chansey
|-damage|p1a: Chansey|339\/704
|move|p1a: Chansey|Soft-Boiled|p1a: Chansey
|-heal|p1a: Chansey|691\/704
|
|-heal|p2a: Manaphy|26\/341 tox|[from] item: Leftovers
|-damage|p2a: Manaphy|0 fnt|[from] psn
|faint|p2a: Manaphy
|
|switch|p2a: Thundurus|Thundurus, M|299\/299
|turn|13
|
|move|p2a: Thundurus|Taunt|p1a: Chansey
|-start|p1a: Chansey|move: Taunt
|cant|p1a: Chansey|move: Taunt|Toxic
|
|turn|14
|
|move|p2a: Thundurus|Thunder Wave|p1a: Chansey
|-status|p1a: Chansey|par
|move|p1a: Chansey|Seismic Toss|p2a: Thundurus
|-damage|p2a: Thundurus|199\/299
|
|-heal|p2a: Thundurus|217\/299|[from] item: Leftovers
|turn|15
|
|move|p2a: Thundurus|Volt Switch|p1a: Chansey
|-damage|p1a: Chansey|613\/704 par
|
|switch|p2a: Excadrill|Excadrill, M|362\/362
|-item|p2a: Excadrill|Air Balloon
|cant|p1a: Chansey|par
|
|-end|p1a: Chansey|move: Taunt
|turn|16
|
|move|p2a: Excadrill|Iron Head|p1a: Chansey
|-damage|p1a: Chansey|406\/704 par
|cant|p1a: Chansey|par
|
|turn|17
|
|switch|p1a: Metagross|Metagross|364\/364
|move|p2a: Excadrill|Iron Head|p1a: Metagross
|-resisted|p1a: Metagross
|-damage|p1a: Metagross|305\/364
|
|turn|18
|
|move|p1a: Metagross|Bullet Punch|p2a: Excadrill
|-resisted|p2a: Excadrill
|-damage|p2a: Excadrill|303\/362
|-enditem|p2a: Excadrill|Air Balloon
|move|p2a: Excadrill|Earthquake|p1a: Metagross
|-supereffective|p1a: Metagross
|-damage|p1a: Metagross|11\/364
|
|turn|19
|
|switch|p1a: Gliscor|Gliscor, M|354\/354
|move|p2a: Excadrill|Iron Head|p1a: Gliscor
|-damage|p1a: Gliscor|243\/354
|
|-status|p1a: Gliscor|tox|[from] item: Toxic Orb
|turn|20
|
|switch|p2a: Thundurus|Thundurus, M|217\/299
|move|p1a: Gliscor|Substitute|p1a: Gliscor
|-start|p1a: Gliscor|Substitute
|-damage|p1a: Gliscor|155\/354 tox
|
|-heal|p2a: Thundurus|235\/299|[from] item: Leftovers
|-heal|p1a: Gliscor|199\/354 tox|[from] ability: Poison Heal
|turn|21
|
|move|p2a: Thundurus|Taunt|p1a: Gliscor
|-start|p1a: Gliscor|move: Taunt
|cant|p1a: Gliscor|move: Taunt|Toxic
|
|-heal|p2a: Thundurus|253\/299|[from] item: Leftovers
|-heal|p1a: Gliscor|243\/354 tox|[from] ability: Poison Heal
|turn|22
|
|move|p2a: Thundurus|Hidden Power|p1a: Gliscor
|-supereffective|p1a: Gliscor
|-end|p1a: Gliscor|Substitute
|move|p1a: Gliscor|Earthquake|p2a: Thundurus
|-immune|p2a: Thundurus|[msg]
|
|-heal|p2a: Thundurus|271\/299|[from] item: Leftovers
|-heal|p1a: Gliscor|287\/354 tox|[from] ability: Poison Heal
|turn|23
|
|switch|p1a: Chansey|Chansey, F|406\/704
|move|p2a: Thundurus|Hidden Power|p1a: Chansey
|-damage|p1a: Chansey|361\/704
|
|-heal|p2a: Thundurus|289\/299|[from] item: Leftovers
|turn|24
|
|move|p2a: Thundurus|Taunt|p1a: Chansey
|-start|p1a: Chansey|move: Taunt
|cant|p1a: Chansey|move: Taunt|Soft-Boiled
|
|-heal|p2a: Thundurus|299\/299|[from] item: Leftovers
|turn|25
|
|switch|p2a: Excadrill|Excadrill, M|303\/362
|move|p1a: Chansey|Seismic Toss|p2a: Excadrill
|-damage|p2a: Excadrill|203\/362
|
|turn|26
|
|switch|p1a: Gliscor|Gliscor, M|287\/354 tox
|move|p2a: Excadrill|Iron Head|p1a: Gliscor
|-damage|p1a: Gliscor|188\/354 tox
|
|-heal|p1a: Gliscor|232\/354 tox|[from] ability: Poison Heal
|turn|27
|
|switch|p2a: Thundurus|Thundurus, M|299\/299
|move|p1a: Gliscor|Toxic|p2a: Thundurus
|-status|p2a: Thundurus|tox
|
|-damage|p2a: Thundurus|281\/299 tox|[from] psn
|-heal|p1a: Gliscor|276\/354 tox|[from] ability: Poison Heal
|turn|28
|
|move|p1a: Gliscor|Protect|p1a: Gliscor
|-singleturn|p1a: Gliscor|Protect
|move|p2a: Thundurus|Taunt|p1a: Gliscor
|-activate|p1a: Gliscor|Protect
|
|-heal|p2a: Thundurus|299\/299 tox|[from] item: Leftovers
|-damage|p2a: Thundurus|263\/299 tox|[from] psn
|-heal|p1a: Gliscor|320\/354 tox|[from] ability: Poison Heal
|turn|29
|
|switch|p1a: Noivern|Noivern, F|130\/311
|move|p2a: Thundurus|Hidden Power|p1a: Noivern
|-supereffective|p1a: Noivern
|-damage|p1a: Noivern|0 fnt
|faint|p1a: Noivern
|
|-heal|p2a: Thundurus|281\/299 tox|[from] item: Leftovers
|-damage|p2a: Thundurus|227\/299 tox|[from] psn
|
|switch|p1a: Chansey|Chansey, F|361\/704
|turn|30
|
|move|p2a: Thundurus|Taunt|p1a: Chansey
|-start|p1a: Chansey|move: Taunt
|move|p1a: Chansey|Seismic Toss|p2a: Thundurus
|-damage|p2a: Thundurus|127\/299 tox
|
|-heal|p2a: Thundurus|145\/299 tox|[from] item: Leftovers
|-damage|p2a: Thundurus|73\/299 tox|[from] psn
|turn|31
|
|switch|p1a: Gliscor|Gliscor, M|320\/354 tox
|move|p2a: Thundurus|Volt Switch|p1a: Gliscor
|-immune|p1a: Gliscor|[msg]
|
|-heal|p2a: Thundurus|91\/299 tox|[from] item: Leftovers
|-damage|p2a: Thundurus|1\/299 tox|[from] psn
|-heal|p1a: Gliscor|354\/354 tox|[from] ability: Poison Heal
|turn|32
|
|switch|p2a: Heatran|Heatran, M|358\/358
|move|p1a: Gliscor|Protect|p1a: Gliscor
|-fail|p1a: Gliscor
|
|turn|33
|
|move|p1a: Gliscor|Earthquake|p2a: Heatran
|-supereffective|p2a: Heatran
|-damage|p2a: Heatran|0 fnt
|faint|p2a: Heatran
|
|
|switch|p2a: Thundurus|Thundurus, M|1\/299 tox
|turn|34
|
|move|p1a: Gliscor|Protect|p1a: Gliscor
|-singleturn|p1a: Gliscor|Protect
|move|p2a: Thundurus|Hidden Power|p1a: Gliscor
|-activate|p1a: Gliscor|Protect
|
|-heal|p2a: Thundurus|19\/299 tox|[from] item: Leftovers
|-damage|p2a: Thundurus|1\/299 tox|[from] psn
|turn|35
|
|switch|p1a: Chansey|Chansey, F|361\/704
|move|p2a: Thundurus|Hidden Power|p1a: Chansey
|-damage|p1a: Chansey|313\/704
|
|-heal|p2a: Thundurus|19\/299 tox|[from] item: Leftovers
|-damage|p2a: Thundurus|0 fnt|[from] psn
|faint|p2a: Thundurus
|
|switch|p2a: Tyranitar|Tyranitar, M|342\/342
|-weather|Sandstorm
|turn|36
|
|move|p2a: Tyranitar|Stone Edge|p1a: Chansey
|-crit|p1a: Chansey
|-damage|p1a: Chansey|0 fnt
|faint|p1a: Chansey
|
|-weather|Sandstorm|[upkeep]
|
|switch|p1a: Blastoise|Blastoise, M|362\/362
|turn|37
|
|detailschange|p1a: Blastoise|Blastoise-Mega, M
|message|Blastoise has Mega Evolved into Mega Blastoise!
|move|p2a: Tyranitar|Stone Edge|p1a: Blastoise
|-damage|p1a: Blastoise|203\/362
|move|p1a: Blastoise|Aura Sphere|p2a: Tyranitar
|-supereffective|p2a: Tyranitar
|-damage|p2a: Tyranitar|0 fnt
|faint|p2a: Tyranitar
|
|-weather|Sandstorm|[upkeep]
|-damage|p1a: Blastoise|181\/362|[from] sandstorm
|
|switch|p2a: Excadrill|Excadrill, M|203\/362
|turn|38
|
|move|p2a: Excadrill|Earthquake|p1a: Blastoise
|-damage|p1a: Blastoise|16\/362
|move|p1a: Blastoise|Water Pulse|p2a: Excadrill
|-supereffective|p2a: Excadrill
|-damage|p2a: Excadrill|0 fnt
|faint|p2a: Excadrill
|
|win|KnightSansArmour
|raw|Ladder updating...
|raw|KnightSansArmour's rating: 1551 &rarr; <strong>1568<\/strong><br \/>(+17 for winning)
|raw|Tommy Rainbow's rating: 1502 &rarr; <strong>1484<\/strong><br \/>(-18 for losing)
|chat|KnightSansArmour|gg
|chat|Tommy Rainbow|gg
|leave|Tommy Rainbow
|player|p2