|join|sidzekrom2
|join|KnightSansArmour
|player|p1|sidzekrom2|69
|player|p2|KnightSansArmour|101
|gametype|singles
|gen|6
|tier|OU
|rated
|clearpoke
|poke|p1|Deoxys-Speed
|poke|p1|Talonflame, F
|poke|p1|Salamence, F
|poke|p1|Volcarona, F
|poke|p1|Lucario, M
|poke|p1|Metagross
|poke|p2|Gliscor, F
|poke|p2|Chansey, F
|poke|p2|Noivern, F
|poke|p2|Blastoise, F
|poke|p2|Zapdos
|poke|p2|Lucario, M
|rule|Sleep Clause Mod: Limit one foe put to sleep
|rule|Species Clause: Limit one of each Pokemon
|rule|OHKO Clause: OHKO moves are banned
|rule|Moody Clause: Moody is banned
|rule|Evasion Moves Clause: Evasion moves are banned
|rule|Endless Battle Clause: Forcing endless battles is banned.
|rule|HP Percentage Mod: HP is reported as percentages
|teampreview
|
|start
|switch|p1a: Deoxys-Speed|Deoxys-Speed|304\/304
|switch|p2a: Blastoise|Blastoise, F|362\/362
|-ability|p1a: Deoxys-Speed|Pressure
|turn|1
|
|-formechange|p2a: Blastoise|Blastoise-Mega
|message|Blastoise has Mega Evolved into Mega Blastoise!
|move|p1a: Deoxys-Speed|Light Screen|p1a: Deoxys-Speed
|-sidestart|p1: sidzekrom2|move: Light Screen
|move|p2a: Blastoise|Dark Pulse|p1a: Deoxys-Speed
|-supereffective|p1a: Deoxys-Speed
|-damage|p1a: Deoxys-Speed|121\/304
|
|turn|2
|
|move|p1a: Deoxys-Speed|Reflect|p1a: Deoxys-Speed
|-sidestart|p1: sidzekrom2|Reflect
|move|p2a: Blastoise|Rapid Spin|p1a: Deoxys-Speed
|-crit|p1a: Deoxys-Speed
|-damage|p1a: Deoxys-Speed|97\/304
|
|turn|3
|
|move|p1a: Deoxys-Speed|Knock Off|p2a: Blastoise
|-damage|p2a: Blastoise|322\/362
|move|p2a: Blastoise|Rapid Spin|p1a: Deoxys-Speed
|-damage|p1a: Deoxys-Speed|89\/304
|
|turn|4
|
|switch|p1a: Volcarona|Volcarona, F|312\/312
|move|p2a: Blastoise|Water Pulse|p1a: Volcarona
|-supereffective|p1a: Volcarona
|-damage|p1a: Volcarona|140\/312
|-start|p1a: Volcarona|confusion
|
|-heal|p1a: Volcarona|159\/312|[from] item: Leftovers
|turn|5
|
|switch|p2a: Chansey|Chansey, F|704\/704
|-activate|p1a: Volcarona|confusion
|move|p1a: Volcarona|Giga Drain|p2a: Chansey
|-damage|p2a: Chansey|644\/704
|-heal|p1a: Volcarona|189\/312|[from] drain|[of] p2a: Chansey
|
|-heal|p1a: Volcarona|208\/312|[from] item: Leftovers
|turn|6
|
|switch|p1a: Lucario|Lucario, M|281\/281
|move|p2a: Chansey|Toxic|p1a: Lucario
|-fail|p1a: Lucario
|
|turn|7
|
|switch|p2a: Gliscor|Gliscor, F|354\/354
|move|p1a: Lucario|Swords Dance|p1a: Lucario
|-boost|p1a: Lucario|atk|2
|
|-status|p2a: Gliscor|tox|[from] item: Toxic Orb
|turn|8
|
|move|p1a: Lucario|Swords Dance|p1a: Lucario
|-boost|p1a: Lucario|atk|2
|move|p2a: Gliscor|Earthquake|p1a: Lucario
|-supereffective|p1a: Lucario
|-damage|p1a: Lucario|140\/281
|
|-sideend|p1: sidzekrom2|move: Light Screen
|turn|9
|
|move|p1a: Lucario|Extreme Speed|p2a: Gliscor
|-damage|p2a: Gliscor|130\/354 tox
|-damage|p1a: Lucario|112\/281|[from] item: Life Orb
|move|p2a: Gliscor|Earthquake|p1a: Lucario
|-supereffective|p1a: Lucario
|-damage|p1a: Lucario|0 fnt
|faint|p1a: Lucario
|
|-heal|p2a: Gliscor|174\/354 tox|[from] ability: Poison Heal
|-sideend|p1: sidzekrom2|Reflect
|
|switch|p1a: Salamence|Salamence, F|331\/331
|turn|10
|
|move|p2a: Gliscor|Protect|p2a: Gliscor
|-singleturn|p2a: Gliscor|Protect
|move|p1a: Salamence|Substitute|p1a: Salamence
|-start|p1a: Salamence|Substitute
|-damage|p1a: Salamence|249\/331
|
|-heal|p2a: Gliscor|218\/354 tox|[from] ability: Poison Heal
|turn|11
|
|switch|p2a: Noivern|Noivern, F|311\/311
|move|p1a: Salamence|Dragon Dance|p1a: Salamence
|-boost|p1a: Salamence|atk|1
|-boost|p1a: Salamence|spe|1
|
|turn|12
|
|move|p1a: Salamence|Outrage|p2a: Noivern
|-supereffective|p2a: Noivern
|-damage|p2a: Noivern|0 fnt
|faint|p2a: Noivern
|-boost|p1a: Salamence|atk|1|[from] ability: Moxie
|
|
|switch|p2a: Zapdos|Zapdos|384\/384
|-ability|p2a: Zapdos|Pressure
|turn|13
|
|move|p1a: Salamence|Outrage|p2a: Zapdos
|-damage|p2a: Zapdos|0 fnt
|faint|p2a: Zapdos
|-boost|p1a: Salamence|atk|1|[from] ability: Moxie
|
|
|switch|p2a: Lucario|Lucario, M|281\/281
|turn|14
|
|move|p2a: Lucario|Extreme Speed|p1a: Salamence
|-end|p1a: Salamence|Substitute
|-damage|p2a: Lucario|253\/281|[from] item: Life Orb
|move|p1a: Salamence|Outrage|p2a: Lucario
|-resisted|p2a: Lucario
|-damage|p2a: Lucario|0 fnt
|faint|p2a: Lucario
|-boost|p1a: Salamence|atk|1|[from] ability: Moxie
|
|-end|p1a: Salamence|rampage
|-start|p1a: Salamence|confusion
|
|switch|p2a: Gliscor|Gliscor, F|218\/354 tox
|-enditem|p1a: Salamence|Lum Berry|[eat]
|-end|p1a: Salamence|confusion
|turn|15
|
|move|p2a: Gliscor|Protect|p2a: Gliscor
|-singleturn|p2a: Gliscor|Protect
|move|p1a: Salamence|Substitute|p1a: Salamence
|-start|p1a: Salamence|Substitute
|-damage|p1a: Salamence|167\/331
|
|-heal|p2a: Gliscor|262\/354 tox|[from] ability: Poison Heal
|turn|16
|-message|KnightSansArmour forfeited.
|
|win|sidzekrom2
|raw|Ladder updating...
|raw|sidzekrom2's rating: 1449 &rarr; <strong>1471<\/strong><br \/>(+22 for winning)
|raw|KnightSansArmour's rating: 1484 &rarr; <strong>1462<\/strong><br \/>(-22 for losing)
|leave|KnightSansArmour
|player|p2
|leave|sidzekrom2
|player|p1
|join|sidzekrom2