|join|sonic543212345
|join|KnightSansArmour
|player|p1|sonic543212345|12
|player|p2|KnightSansArmour|208
|gametype|singles
|gen|6
|tier|OU
|rated
|clearpoke
|poke|p1|Victini
|poke|p1|Slowbro, F
|poke|p1|Garchomp, F
|poke|p1|Ferrothorn, M
|poke|p1|Thundurus-Therian, M
|poke|p1|Latios, M
|poke|p2|Chansey, F
|poke|p2|Gliscor, F
|poke|p2|Blastoise, M
|poke|p2|Jirachi
|poke|p2|Zapdos
|poke|p2|Noivern, M
|rule|Swagger Clause: Swagger is banned
|rule|Baton Pass Clause: Limit one PokÃ©mon knowing Baton Pass
|rule|Sleep Clause Mod: Limit one foe put to sleep
|rule|Species Clause: Limit one of each PokÃ©mon
|rule|OHKO Clause: OHKO moves are banned
|rule|Moody Clause: Moody is banned
|rule|Evasion Moves Clause: Evasion moves are banned
|rule|Endless Battle Clause: Forcing endless battles is banned
|rule|HP Percentage Mod: HP is shown in percentages
|teampreview
|
|start
|switch|p1a: Thundurus-Therian|Thundurus-Therian, M|313\/313
|switch|p2a: Gliscor|Gliscor, F|354\/354
|turn|1
|
|move|p2a: Gliscor|Protect|p2a: Gliscor
|-singleturn|p2a: Gliscor|Protect
|move|p1a: Thundurus-Therian|Hidden Power|p2a: Gliscor
|-activate|p2a: Gliscor|Protect
|
|-status|p2a: Gliscor|tox|[from] item: Toxic Orb
|turn|2
|join|Assaltwaffle
|
|switch|p1a: Victini|Victini|342\/342
|switch|p2a: Chansey|Chansey, F|704\/704
|
|turn|3
|
|move|p1a: Victini|U-turn|p2a: Chansey
|-damage|p2a: Chansey|570\/704
|
|switch|p1a: Ferrothorn|Ferrothorn, M|352\/352
|move|p2a: Chansey|Toxic|p1a: Ferrothorn
|-fail|p1a: Ferrothorn
|
|turn|4
|c| Assaltwaffle|my bet is on sonic
|c| Assaltwaffle|dont let me down
|c|âKnightSansArmour|Oh it's on now :P
|
|switch|p2a: Zapdos|Zapdos|384\/384
|-ability|p2a: Zapdos|Pressure
|move|p1a: Ferrothorn|Leech Seed|p2a: Zapdos
|-start|p2a: Zapdos|move: Leech Seed
|
|-damage|p2a: Zapdos|336\/384|[from] Leech Seed|[of] p1a: Ferrothorn
|turn|5
|
|switch|p2a: Noivern|Noivern, M|311\/311
|switch|p1a: Thundurus-Therian|Thundurus-Therian, M|313\/313
|
|turn|6
|
|move|p1a: Thundurus-Therian|Volt Switch|p2a: Noivern
|-damage|p2a: Noivern|142\/311
|
|switch|p1a: Ferrothorn|Ferrothorn, M|352\/352
|move|p2a: Noivern|Draco Meteor|p1a: Ferrothorn|[miss]
|-miss|p2a: Noivern|p1a: Ferrothorn
|
|turn|7
|
|switch|p2a: Zapdos|Zapdos|336\/384
|-ability|p2a: Zapdos|Pressure
|move|p1a: Ferrothorn|Stealth Rock|p2a: Zapdos
|-sidestart|p2: KnightSansArmour|move: Stealth Rock
|
|-heal|p2a: Zapdos|360\/384|[from] item: Leftovers
|turn|8
|
|switch|p1a: Victini|Victini|342\/342
|move|p2a: Zapdos|Defog|p1a: Victini
|-unboost|p1a: Victini|evasion|1
|-sideend|p2: KnightSansArmour|Stealth Rock|[from] move: Defog|[of] p2a: Zapdos
|
|-heal|p2a: Zapdos|384\/384|[from] item: Leftovers
|turn|9
|
|switch|p2a: Gliscor|Gliscor, F|354\/354 tox
|move|p1a: Victini|V-create|p2a: Gliscor
|-damage|p2a: Gliscor|117\/354 tox
|-unboost|p1a: Victini|def|1
|-unboost|p1a: Victini|spd|1
|-unboost|p1a: Victini|spe|1
|
|-heal|p2a: Gliscor|161\/354 tox|[from] ability: Poison Heal
|turn|10
|
|switch|p1a: Ferrothorn|Ferrothorn, M|352\/352
|move|p2a: Gliscor|Protect|p2a: Gliscor
|-fail|p2a: Gliscor
|
|-heal|p2a: Gliscor|205\/354 tox|[from] ability: Poison Heal
|turn|11
|
|switch|p2a: Zapdos|Zapdos|384\/384
|-ability|p2a: Zapdos|Pressure
|move|p1a: Ferrothorn|Stealth Rock|p2a: Zapdos
|-sidestart|p2: KnightSansArmour|move: Stealth Rock
|
|turn|12
|
|switch|p1a: Victini|Victini|342\/342
|move|p2a: Zapdos|Defog|p1a: Victini
|-unboost|p1a: Victini|evasion|1
|-sideend|p2: KnightSansArmour|Stealth Rock|[from] move: Defog|[of] p2a: Zapdos
|
|turn|13
|
|switch|p1a: Thundurus-Therian|Thundurus-Therian, M|313\/313
|move|p2a: Zapdos|Thunderbolt|p1a: Thundurus-Therian
|-immune|p1a: Thundurus-Therian|[msg]
|
|turn|14
|
|switch|p2a: Chansey|Chansey, F|570\/704
|move|p1a: Thundurus-Therian|Hidden Power|p2a: Chansey
|-damage|p2a: Chansey|512\/704
|
|turn|15
|
|switch|p1a: Ferrothorn|Ferrothorn, M|352\/352
|move|p2a: Chansey|Soft-Boiled|p2a: Chansey
|-heal|p2a: Chansey|704\/704
|
|turn|16
|
|switch|p2a: Zapdos|Zapdos|384\/384
|-ability|p2a: Zapdos|Pressure
|move|p1a: Ferrothorn|Leech Seed|p2a: Zapdos
|-start|p2a: Zapdos|move: Leech Seed
|
|-damage|p2a: Zapdos|336\/384|[from] Leech Seed|[of] p1a: Ferrothorn
|turn|17
|
|switch|p1a: Garchomp|Garchomp, F|358\/358
|move|p2a: Zapdos|Heat Wave|p1a: Garchomp
|-resisted|p1a: Garchomp
|-damage|p1a: Garchomp|292\/358
|
|-heal|p2a: Zapdos|360\/384|[from] item: Leftovers
|-damage|p2a: Zapdos|312\/384|[from] Leech Seed|[of] p1a: Garchomp
|-heal|p1a: Garchomp|340\/358|[silent]
|turn|18
|
|switch|p2a: Gliscor|Gliscor, F|205\/354 tox
|move|p1a: Garchomp|Dragon Claw|p2a: Gliscor
|-damage|p2a: Gliscor|118\/354 tox
|
|-heal|p2a: Gliscor|162\/354 tox|[from] ability: Poison Heal
|turn|19
|
|move|p2a: Gliscor|Protect|p2a: Gliscor
|-singleturn|p2a: Gliscor|Protect
|move|p1a: Garchomp|Swords Dance|p1a: Garchomp
|-boost|p1a: Garchomp|atk|2
|
|-heal|p2a: Gliscor|206\/354 tox|[from] ability: Poison Heal
|turn|20
|
|move|p1a: Garchomp|Dragon Claw|p2a: Gliscor
|-damage|p2a: Gliscor|28\/354 tox
|move|p2a: Gliscor|Toxic|p1a: Garchomp
|-status|p1a: Garchomp|tox
|
|-damage|p1a: Garchomp|318\/358 tox|[from] psn
|-heal|p2a: Gliscor|72\/354 tox|[from] ability: Poison Heal
|turn|21
|
|move|p2a: Gliscor|Protect|p2a: Gliscor
|-singleturn|p2a: Gliscor|Protect
|move|p1a: Garchomp|Dragon Claw|p2a: Gliscor
|-activate|p2a: Gliscor|Protect
|
|-damage|p1a: Garchomp|274\/358 tox|[from] psn
|-heal|p2a: Gliscor|116\/354 tox|[from] ability: Poison Heal
|turn|22
|
|switch|p2a: Jirachi|Jirachi|345\/345
|move|p1a: Garchomp|Dragon Claw|p2a: Jirachi
|-resisted|p2a: Jirachi
|-damage|p2a: Jirachi|191\/345
|
|-heal|p2a: Jirachi|212\/345|[from] item: Leftovers
|-damage|p1a: Garchomp|208\/358 tox|[from] psn
|turn|23
|
|move|p1a: Garchomp|Dragon Claw|p2a: Jirachi
|-resisted|p2a: Jirachi
|-damage|p2a: Jirachi|60\/345
|move|p2a: Jirachi|Stealth Rock|p1a: Garchomp
|-sidestart|p1: sonic543212345|move: Stealth Rock
|
|-heal|p2a: Jirachi|81\/345|[from] item: Leftovers
|-damage|p1a: Garchomp|120\/358 tox|[from] psn
|turn|24
|
|move|p1a: Garchomp|Dragon Claw|p2a: Jirachi
|-resisted|p2a: Jirachi
|-damage|p2a: Jirachi|0 fnt
|faint|p2a: Jirachi
|
|-damage|p1a: Garchomp|10\/358 tox|[from] psn
|
|switch|p2a: Gliscor|Gliscor, F|116\/354 tox
|turn|25
|
|move|p2a: Gliscor|Protect|p2a: Gliscor
|-singleturn|p2a: Gliscor|Protect
|move|p1a: Garchomp|Dragon Claw|p2a: Gliscor
|-activate|p2a: Gliscor|Protect
|
|-damage|p1a: Garchomp|0 fnt|[from] psn
|-heal|p2a: Gliscor|160\/354 tox|[from] ability: Poison Heal
|faint|p1a: Garchomp
|
|switch|p1a: Latios|Latios, M|302\/302
|-damage|p1a: Latios|265\/302|[from] Stealth Rock
|turn|26
|
|switch|p2a: Chansey|Chansey, F|704\/704
|move|p1a: Latios|Defog|p2a: Chansey
|-unboost|p2a: Chansey|evasion|1
|-sideend|p1: sonic543212345|Stealth Rock|[from] move: Defog|[of] p1a: Latios
|
|turn|27
|c|âsonic543212345|this is intense lol
|
|switch|p1a: Ferrothorn|Ferrothorn, M|352\/352
|switch|p2a: Zapdos|Zapdos|312\/384
|-ability|p2a: Zapdos|Pressure
|
|-heal|p2a: Zapdos|336\/384|[from] item: Leftovers
|turn|28
|c|âKnightSansArmour|Yeah, it's a tight match
|
|switch|p1a: Thundurus-Therian|Thundurus-Therian, M|313\/313
|move|p2a: Zapdos|Heat Wave|p1a: Thundurus-Therian
|-damage|p1a: Thundurus-Therian|163\/313
|
|-heal|p2a: Zapdos|360\/384|[from] item: Leftovers
|turn|29
|
|switch|p2a: Chansey|Chansey, F|704\/704
|move|p1a: Thundurus-Therian|Volt Switch|p2a: Chansey
|-damage|p2a: Chansey|608\/704
|
|switch|p1a: Victini|Victini|342\/342
|
|turn|30
|
|switch|p2a: Blastoise|Blastoise, M|362\/362
|move|p1a: Victini|V-create|p2a: Blastoise
|-resisted|p2a: Blastoise
|-damage|p2a: Blastoise|146\/362
|-unboost|p1a: Victini|def|1
|-unboost|p1a: Victini|spd|1
|-unboost|p1a: Victini|spe|1
|
|turn|31
|c|âsonic543212345|holy shit
|
|detailschange|p2a: Blastoise|Blastoise-Mega, M
|-mega|p2a: Blastoise|Blastoise|Blastoisinite
|move|p1a: Victini|V-create|p2a: Blastoise
|-resisted|p2a: Blastoise
|-damage|p2a: Blastoise|0 fnt
|-unboost|p1a: Victini|def|1
|-unboost|p1a: Victini|spd|1
|-unboost|p1a: Victini|spe|1
|faint|p2a: Blastoise
|
|
|switch|p2a: Gliscor|Gliscor, F|160\/354 tox
|turn|32
|
|switch|p1a: Ferrothorn|Ferrothorn, M|352\/352
|move|p2a: Gliscor|Earthquake|p1a: Ferrothorn
|-crit|p1a: Ferrothorn
|-damage|p1a: Ferrothorn|232\/352
|
|-heal|p2a: Gliscor|204\/354 tox|[from] ability: Poison Heal
|turn|33
|
|move|p2a: Gliscor|Protect|p2a: Gliscor
|-singleturn|p2a: Gliscor|Protect
|move|p1a: Ferrothorn|Leech Seed|p2a: Gliscor
|-activate|p2a: Gliscor|Protect
|
|-heal|p2a: Gliscor|248\/354 tox|[from] ability: Poison Heal
|turn|34
|
|switch|p2a: Zapdos|Zapdos|360\/384
|-ability|p2a: Zapdos|Pressure
|move|p1a: Ferrothorn|Leech Seed|p2a: Zapdos
|-start|p2a: Zapdos|move: Leech Seed
|
|-heal|p2a: Zapdos|384\/384|[from] item: Leftovers
|-damage|p2a: Zapdos|336\/384|[from] Leech Seed|[of] p1a: Ferrothorn
|-heal|p1a: Ferrothorn|280\/352|[silent]
|turn|35
|
|switch|p2a: Noivern|Noivern, M|142\/311
|switch|p1a: Thundurus-Therian|Thundurus-Therian, M|163\/313
|
|turn|36
|
|switch|p2a: Chansey|Chansey, F|608\/704
|move|p1a: Thundurus-Therian|Hidden Power|p2a: Chansey
|-damage|p2a: Chansey|548\/704
|
|turn|37
|
|switch|p1a: Ferrothorn|Ferrothorn, M|280\/352
|move|p2a: Chansey|Toxic|p1a: Ferrothorn
|-fail|p1a: Ferrothorn
|
|turn|38
|
|switch|p2a: Zapdos|Zapdos|336\/384
|-ability|p2a: Zapdos|Pressure
|move|p1a: Ferrothorn|Leech Seed|p2a: Zapdos
|-start|p2a: Zapdos|move: Leech Seed
|
|-heal|p2a: Zapdos|360\/384|[from] item: Leftovers
|-damage|p2a: Zapdos|312\/384|[from] Leech Seed|[of] p1a: Ferrothorn
|-heal|p1a: Ferrothorn|328\/352|[silent]
|turn|39
|
|switch|p2a: Gliscor|Gliscor, F|248\/354 tox
|switch|p1a: Victini|Victini|342\/342
|
|-heal|p2a: Gliscor|292\/354 tox|[from] ability: Poison Heal
|turn|40
|
|move|p1a: Victini|U-turn|p2a: Gliscor
|-resisted|p2a: Gliscor
|-damage|p2a: Gliscor|259\/354 tox
|
|switch|p1a: Ferrothorn|Ferrothorn, M|328\/352
|move|p2a: Gliscor|Toxic|p1a: Ferrothorn
|-fail|p1a: Ferrothorn
|
|-heal|p2a: Gliscor|303\/354 tox|[from] ability: Poison Heal
|turn|41
|
|switch|p2a: Zapdos|Zapdos|312\/384
|-ability|p2a: Zapdos|Pressure
|switch|p1a: Victini|Victini|342\/342
|
|-heal|p2a: Zapdos|336\/384|[from] item: Leftovers
|turn|42
|
|move|p1a: Victini|V-create|p2a: Zapdos
|-damage|p2a: Zapdos|0 fnt
|-unboost|p1a: Victini|def|1
|-unboost|p1a: Victini|spd|1
|-unboost|p1a: Victini|spe|1
|faint|p2a: Zapdos
|
|
|switch|p2a: Gliscor|Gliscor, F|303\/354 tox
|turn|43
|c|âKnightSansArmour|Didn't think that would OHKO
|
|switch|p1a: Ferrothorn|Ferrothorn, M|328\/352
|move|p2a: Gliscor|Toxic|p1a: Ferrothorn
|-fail|p1a: Ferrothorn
|
|-heal|p2a: Gliscor|347\/354 tox|[from] ability: Poison Heal
|turn|44
|c|âsonic543212345|defensive?
|c|âKnightSansArmour|No, but max HP
|c|âsonic543212345|252 Atk Choice Band Victini V-create vs. 252 HP \/ 0+ Def Zapdos: 382-451 (99.4 - 117.4%) -- 93.8% chance to OHKO
|
|switch|p2a: Noivern|Noivern, M|142\/311
|move|p1a: Ferrothorn|Leech Seed|p2a: Noivern
|-start|p2a: Noivern|move: Leech Seed
|
|-damage|p2a: Noivern|104\/311|[from] Leech Seed|[of] p1a: Ferrothorn
|-heal|p1a: Ferrothorn|352\/352|[silent]
|turn|45
|
|switch|p2a: Gliscor|Gliscor, F|347\/354 tox
|move|p1a: Ferrothorn|Gyro Ball|p2a: Gliscor
|-damage|p2a: Gliscor|230\/354 tox
|
|-heal|p2a: Gliscor|274\/354 tox|[from] ability: Poison Heal
|turn|46
|
|move|p2a: Gliscor|Earthquake|p1a: Ferrothorn
|-damage|p1a: Ferrothorn|276\/352
|move|p1a: Ferrothorn|Leech Seed|p2a: Gliscor
|-start|p2a: Gliscor|move: Leech Seed
|
|-damage|p2a: Gliscor|230\/354 tox|[from] Leech Seed|[of] p1a: Ferrothorn
|-heal|p1a: Ferrothorn|320\/352|[silent]
|-heal|p2a: Gliscor|274\/354 tox|[from] ability: Poison Heal
|turn|47
|
|switch|p2a: Chansey|Chansey, F|548\/704
|move|p1a: Ferrothorn|Stealth Rock|p2a: Chansey
|-sidestart|p2: KnightSansArmour|move: Stealth Rock
|
|turn|48
|
|switch|p2a: Noivern|Noivern, M|104\/311
|-damage|p2a: Noivern|27\/311|[from] Stealth Rock
|move|p1a: Ferrothorn|Leech Seed|p2a: Noivern
|-start|p2a: Noivern|move: Leech Seed
|
|-damage|p2a: Noivern|0 fnt|[from] Leech Seed|[of] p1a: Ferrothorn
|-heal|p1a: Ferrothorn|347\/352|[silent]
|faint|p2a: Noivern
|c|âKnightSansArmour|Yeah, I can't kill that thing now
|c|âKnightSansArmour|Unless I play like a dick
|
|switch|p2a: Gliscor|Gliscor, F|274\/354 tox
|-damage|p2a: Gliscor|230\/354 tox|[from] Stealth Rock
|turn|49
|c|âsonic543212345|even though it might be a 5-0 the match was close
|c|âsonic543212345|if i made\/make one mistake it's over
|
|move|p2a: Gliscor|Substitute|p2a: Gliscor
|-start|p2a: Gliscor|Substitute
|-damage|p2a: Gliscor|142\/354 tox
|move|p1a: Ferrothorn|Leech Seed|p2a: Gliscor
|
|-heal|p2a: Gliscor|186\/354 tox|[from] ability: Poison Heal
|turn|50
|
|move|p2a: Gliscor|Protect|p2a: Gliscor
|-singleturn|p2a: Gliscor|Protect
|move|p1a: Ferrothorn|Gyro Ball|p2a: Gliscor
|-activate|p2a: Gliscor|Protect
|
|-heal|p2a: Gliscor|230\/354 tox|[from] ability: Poison Heal
|turn|51
|
|move|p2a: Gliscor|Earthquake|p1a: Ferrothorn
|-damage|p1a: Ferrothorn|265\/352
|move|p1a: Ferrothorn|Gyro Ball|p2a: Gliscor
|-end|p2a: Gliscor|Substitute
|
|-heal|p2a: Gliscor|274\/354 tox|[from] ability: Poison Heal
|turn|52
|
|switch|p1a: Paul|Slowbro, F|394\/394
|move|p2a: Gliscor|Substitute|p2a: Gliscor
|-start|p2a: Gliscor|Substitute
|-damage|p2a: Gliscor|186\/354 tox
|
|-heal|p2a: Gliscor|230\/354 tox|[from] ability: Poison Heal
|turn|53
|c| Assaltwaffle|looks like my man sonic is bringing it hope
|c|âsonic543212345|i have to bring out typical 10 year old cod addicted fat ass onto the field
|
|detailschange|p1a: Paul|Slowbro-Mega, F
|-mega|p1a: Paul|Slowbro|Slowbronite
|move|p2a: Gliscor|Toxic|p1a: Paul|[miss]
|-miss|p2a: Gliscor|p1a: Paul
|move|p1a: Paul|Calm Mind|p1a: Paul
|-boost|p1a: Paul|spa|1
|-boost|p1a: Paul|spd|1
|
|-heal|p2a: Gliscor|274\/354 tox|[from] ability: Poison Heal
|turn|54
|
|move|p2a: Gliscor|Toxic|p1a: Paul
|-status|p1a: Paul|tox
|move|p1a: Paul|Scald|p2a: Gliscor
|-supereffective|p2a: Gliscor
|-end|p2a: Gliscor|Substitute
|
|-heal|p2a: Gliscor|318\/354 tox|[from] ability: Poison Heal
|-damage|p1a: Paul|370\/394 tox|[from] psn
|turn|55
|
|move|p2a: Gliscor|Substitute|p2a: Gliscor
|-start|p2a: Gliscor|Substitute
|-damage|p2a: Gliscor|230\/354 tox
|move|p1a: Paul|Scald|p2a: Gliscor
|-supereffective|p2a: Gliscor
|-end|p2a: Gliscor|Substitute
|
|-heal|p2a: Gliscor|274\/354 tox|[from] ability: Poison Heal
|-damage|p1a: Paul|322\/394 tox|[from] psn
|turn|56
|
|move|p2a: Gliscor|Protect|p2a: Gliscor
|-singleturn|p2a: Gliscor|Protect
|move|p1a: Paul|Scald|p2a: Gliscor
|-activate|p2a: Gliscor|Protect
|
|-heal|p2a: Gliscor|318\/354 tox|[from] ability: Poison Heal
|-damage|p1a: Paul|250\/394 tox|[from] psn
|turn|57
|c| Assaltwaffle|that thing better be crobro or you are getting stalled
|c|âsonic543212345|well
|c|âsonic543212345|clue
|c|âsonic543212345|it knows how to take a rest
|
|move|p2a: Gliscor|Substitute|p2a: Gliscor
|-start|p2a: Gliscor|Substitute
|-damage|p2a: Gliscor|230\/354 tox
|move|p1a: Paul|Calm Mind|p1a: Paul
|-boost|p1a: Paul|spa|1
|-boost|p1a: Paul|spd|1
|
|-heal|p2a: Gliscor|274\/354 tox|[from] ability: Poison Heal
|-damage|p1a: Paul|154\/394 tox|[from] psn
|turn|58
|c| Assaltwaffle|eyyy
|
|move|p2a: Gliscor|Earthquake|p1a: Paul
|-damage|p1a: Paul|99\/394 tox
|move|p1a: Paul|Rest|p1a: Paul
|-status|p1a: Paul|slp
|-heal|p1a: Paul|394\/394 slp|[silent]
|-status|p1a: Paul|slp|[from] move: Rest
|
|-heal|p2a: Gliscor|318\/354 tox|[from] ability: Poison Heal
|turn|59
|
|switch|p2a: Chansey|Chansey, F|548\/704
|-damage|p2a: Chansey|460\/704|[from] Stealth Rock
|cant|p1a: Paul|slp
|move|p1a: Paul|Sleep Talk|p1a: Paul
|move|p1a: Paul|Calm Mind|p1a: Paul|[from]Sleep Talk
|-boost|p1a: Paul|spa|1
|-boost|p1a: Paul|spd|1
|
|turn|60
|
|move|p2a: Chansey|Seismic Toss|p1a: Paul
|-damage|p1a: Paul|294\/394 slp
|cant|p1a: Paul|slp
|move|p1a: Paul|Sleep Talk|p1a: Paul
|move|p1a: Paul|Scald|p2a: Chansey|[from]Sleep Talk
|-damage|p2a: Chansey|271\/704
|
|turn|61
|
|move|p2a: Chansey|Soft-Boiled|p2a: Chansey
|-heal|p2a: Chansey|623\/704
|-curestatus|p1a: Paul|slp
|move|p1a: Paul|Calm Mind|p1a: Paul
|-boost|p1a: Paul|spa|1
|-boost|p1a: Paul|spd|1
|
|turn|62
|c| Assaltwaffle|hey, at least it aint megasable
|
|move|p2a: Chansey|Toxic|p1a: Paul|[miss]
|-miss|p2a: Chansey|p1a: Paul
|move|p1a: Paul|Calm Mind|p1a: Paul
|-boost|p1a: Paul|spa|1
|-boost|p1a: Paul|spd|1
|
|turn|63
|c|âsonic543212345|true
|c|âKnightSansArmour|Yeah, you got this, I can't get around that
|c|âsonic543212345|sorry about the stall
|c|âKnightSansArmour|gg man
|c| Assaltwaffle|and there it is
|c|âsonic543212345|gg
|c|âKnightSansArmour|Dude, I play GLiscor
|c|âKnightSansArmour|I LOVE stall :P
|c|âsonic543212345|close as heck though
|c|âKnightSansArmour|Agreed
|c| Assaltwaffle|murder the chansey
|c| Assaltwaffle|burn it
|c|âsonic543212345|i must make this thing fatter
|
|move|p2a: Chansey|Toxic|p1a: Paul
|-status|p1a: Paul|tox
|move|p1a: Paul|Calm Mind|p1a: Paul
|-boost|p1a: Paul|spa|1
|-boost|p1a: Paul|spd|1
|
|-damage|p1a: Paul|270\/394 tox|[from] psn
|turn|64
|c| Assaltwaffle|evil being
|
|move|p2a: Chansey|Seismic Toss|p1a: Paul
|-damage|p1a: Paul|170\/394 tox
|move|p1a: Paul|Scald|p2a: Chansey
|-damage|p2a: Chansey|338\/704
|-status|p2a: Chansey|brn
|
|-damage|p2a: Chansey|250\/704 brn|[from] brn
|-damage|p1a: Paul|122\/394 tox|[from] psn
|turn|65
|c|âsonic543212345|ok maximum fatness
|
|move|p2a: Chansey|Seismic Toss|p1a: Paul
|-damage|p1a: Paul|22\/394 tox
|move|p1a: Paul|Rest|p1a: Paul
|-status|p1a: Paul|slp
|-heal|p1a: Paul|394\/394 slp|[silent]
|-status|p1a: Paul|slp|[from] move: Rest
|
|-damage|p2a: Chansey|162\/704 brn|[from] brn
|turn|66
|
|move|p2a: Chansey|Soft-Boiled|p2a: Chansey
|-heal|p2a: Chansey|514\/704 brn
|cant|p1a: Paul|slp
|move|p1a: Paul|Sleep Talk|p1a: Paul
|move|p1a: Paul|Calm Mind|p1a: Paul|[from]Sleep Talk
|-fail|p1a: Paul
|
|-damage|p2a: Chansey|426\/704 brn|[from] brn
|turn|67
|
|move|p2a: Chansey|Soft-Boiled|p2a: Chansey
|-heal|p2a: Chansey|704\/704 brn
|cant|p1a: Paul|slp
|move|p1a: Paul|Sleep Talk|p1a: Paul
|move|p1a: Paul|Scald|p2a: Chansey|[from]Sleep Talk
|-damage|p2a: Chansey|428\/704 brn
|
|-damage|p2a: Chansey|340\/704 brn|[from] brn
|turn|68
|c| Assaltwaffle|u coulda ended it right there man
|c| Assaltwaffle|you had no reason to test
|
|move|p2a: Chansey|Soft-Boiled|p2a: Chansey
|-heal|p2a: Chansey|692\/704 brn
|-curestatus|p1a: Paul|slp
|move|p1a: Paul|Scald|p2a: Chansey
|-damage|p2a: Chansey|397\/704 brn
|
|-damage|p2a: Chansey|309\/704 brn|[from] brn
|turn|69
|c| Assaltwaffle|rest*
|
|move|p2a: Chansey|Toxic|p1a: Paul
|-status|p1a: Paul|tox
|move|p1a: Paul|Scald|p2a: Chansey
|-crit|p2a: Chansey
|-damage|p2a: Chansey|0 fnt
|faint|p2a: Chansey
|
|-damage|p1a: Paul|370\/394 tox|[from] psn
|c|âsonic543212345|yeah
|
|switch|p2a: Gliscor|Gliscor, F|318\/354 tox
|-damage|p2a: Gliscor|274\/354 tox|[from] Stealth Rock
|turn|70
|c|âKnightSansArmour|I'm just gonna let this finish
|
|move|p2a: Gliscor|Earthquake|p1a: Paul
|-damage|p1a: Paul|316\/394 tox
|move|p1a: Paul|Scald|p2a: Gliscor
|-crit|p2a: Gliscor
|-supereffective|p2a: Gliscor
|-damage|p2a: Gliscor|0 fnt
|faint|p2a: Gliscor
|
|win|sonic543212345
|raw|Ladder updating...
|raw|sonic543212345's rating: 1294 &rarr; <strong>1316<\/strong><br \/>(+22 for winning)
|raw|KnightSansArmour's rating: 1244 &rarr; <strong>1223<\/strong><br \/>(-21 for losing)
|c|âsonic543212345|gg man
|c|âKnightSansArmour|gg
|c| Assaltwaffle|gg guys
|c|âsonic543212345|like really
|leave|Assaltwaffle
|c|âKnightSansArmour|Agreed man, it was intense
|c|âsonic543212345|one of the best matches i've had
|c|âKnightSansArmour|In a long while
|c|âsonic543212345|yeah
|c|âKnightSansArmour|Victini screwed me over
|c|âsonic543212345|not really any hax either
|c|âsonic543212345|ideal game
|c|âsonic543212345|yeah
|c|âKnightSansArmour|I misplayed twice and it cost me
|c|âsonic543212345|btw is greninja banned?
|c|âKnightSansArmour|I *think* so?
|c|âsonic543212345|smogon 2020 everything is banned
|c|âsonic543212345|lol
|c|âsonic543212345|the only pokemon is bird spam
|c|âsonic543212345|likely situation
|c|âsonic543212345|ok bye
|c|âsonic543212345|enjoy your day
|c|âKnightSansArmour|Bye, you too
|c|âsonic543212345|thx
|leave|KnightSansArmour
|player|p2