|join|nitewalker_J
|join|KnightSansArmour
|player|p1|nitewalker_J|260
|player|p2|KnightSansArmour|1
|gametype|singles
|gen|6
|tier|OU
|rated
|clearpoke
|poke|p1|Garchomp, M
|poke|p1|Conkeldurr, F
|poke|p1|Tornadus-Therian, M
|poke|p1|Ferrothorn, F
|poke|p1|Sylveon, M
|poke|p1|Rotom-Heat
|poke|p2|Gliscor, F
|poke|p2|Chansey, F
|poke|p2|Noivern, F
|poke|p2|Blastoise, M
|poke|p2|Gourgeist, F
|poke|p2|Cloyster, M
|rule|Sleep Clause Mod: Limit one foe put to sleep
|rule|Species Clause: Limit one of each Pokemon
|rule|OHKO Clause: OHKO moves are banned
|rule|Moody Clause: Moody is banned
|rule|Evasion Moves Clause: Evasion moves are banned
|rule|Endless Battle Clause: Forcing endless battles is banned.
|rule|HP Percentage Mod: HP is reported as percentages
|teampreview
|
|start
|switch|p1a: Shaky|Tornadus-Therian, M|299\/299
|switch|p2a: Cloyster|Cloyster, M|242\/242
|turn|1
|
|switch|p1a: Handle with Care|Ferrothorn, F|352\/352
|move|p2a: Cloyster|Shell Smash|p2a: Cloyster
|-boost|p2a: Cloyster|atk|2
|-boost|p2a: Cloyster|spa|2
|-boost|p2a: Cloyster|spe|2
|-unboost|p2a: Cloyster|def|1
|-unboost|p2a: Cloyster|spd|1
|
|turn|2
|
|move|p2a: Cloyster|Icicle Spear|p1a: Handle with Care
|-damage|p1a: Handle with Care|300\/352
|-damage|p1a: Handle with Care|254\/352
|-damage|p1a: Handle with Care|206\/352
|-damage|p1a: Handle with Care|155\/352
|-damage|p1a: Handle with Care|103\/352
|-hitcount|p1a: Handle with Care|5
|move|p1a: Handle with Care|Gyro Ball|p2a: Cloyster
|-damage|p2a: Cloyster|94\/242
|
|turn|3
|
|move|p2a: Cloyster|Icicle Spear|p1a: Handle with Care
|-damage|p1a: Handle with Care|52\/352
|-damage|p1a: Handle with Care|4\/352
|-damage|p1a: Handle with Care|0 fnt
|-hitcount|p1a: Handle with Care|3
|faint|p1a: Handle with Care
|
|
|switch|p1a: BROS (c)|Conkeldurr, F|414\/414
|turn|4
|
|move|p2a: Cloyster|Ice Shard|p1a: BROS (c)
|-damage|p1a: BROS (c)|273\/414
|move|p1a: BROS (c)|Drain Punch|p2a: Cloyster
|-supereffective|p2a: Cloyster
|-damage|p2a: Cloyster|0 fnt
|-heal|p1a: BROS (c)|320\/414|[from] drain|[of] p2a: Cloyster
|faint|p2a: Cloyster
|
|-heal|p1a: BROS (c)|345\/414|[from] item: Leftovers
|
|switch|p2a: Noivern|Noivern, F|311\/311
|turn|5
|
|switch|p1a: Dragon Slayer|Sylveon, M|394\/394
|move|p2a: Noivern|Hurricane|p1a: Dragon Slayer
|-damage|p1a: Dragon Slayer|186\/394
|
|-heal|p1a: Dragon Slayer|210\/394|[from] item: Leftovers
|turn|6
|
|switch|p2a: Gourgeist|Gourgeist, F|334\/334
|move|p1a: Dragon Slayer|Protect|p1a: Dragon Slayer
|-fail|p1a: Dragon Slayer
|
|-heal|p1a: Dragon Slayer|234\/394|[from] item: Leftovers
|turn|7
|
|move|p2a: Gourgeist|Leech Seed|p1a: Dragon Slayer
|-start|p1a: Dragon Slayer|move: Leech Seed
|move|p1a: Dragon Slayer|Wish|p1a: Dragon Slayer
|
|-heal|p1a: Dragon Slayer|258\/394|[from] item: Leftovers
|-damage|p1a: Dragon Slayer|209\/394|[from] Leech Seed|[of] p2a: Gourgeist
|turn|8
|
|move|p1a: Dragon Slayer|Protect|p1a: Dragon Slayer
|-singleturn|p1a: Dragon Slayer|Protect
|move|p2a: Gourgeist|Will-O-Wisp|p1a: Dragon Slayer
|-activate|p1a: Dragon Slayer|Protect
|
|-heal|p1a: Dragon Slayer|394\/394|[from] move: Wish|[wisher] Dragon Slayer
|-damage|p1a: Dragon Slayer|345\/394|[from] Leech Seed|[of] p2a: Gourgeist
|turn|9
|
|switch|p1a: Shaky|Tornadus-Therian, M|299\/299
|move|p2a: Gourgeist|Will-O-Wisp|p1a: Shaky|[miss]
|-miss|p2a: Gourgeist|p1a: Shaky
|
|turn|10
|
|switch|p2a: Chansey|Chansey, F|704\/704
|move|p1a: Shaky|Hurricane|p2a: Chansey|[miss]
|-miss|p1a: Shaky|p2a: Chansey
|
|turn|11
|
|move|p1a: Shaky|Knock Off|p2a: Chansey
|-damage|p2a: Chansey|570\/704
|-enditem|p2a: Chansey|Eviolite|[from] move: Knock Off|[of] p1a: Shaky
|-damage|p1a: Shaky|270\/299|[from] item: Life Orb
|move|p2a: Chansey|Toxic|p1a: Shaky
|-status|p1a: Shaky|tox
|
|-damage|p1a: Shaky|252\/299 tox|[from] psn
|turn|12
|
|move|p1a: Shaky|Hurricane|p2a: Chansey|[miss]
|-miss|p1a: Shaky|p2a: Chansey
|move|p2a: Chansey|Seismic Toss|p1a: Shaky
|-damage|p1a: Shaky|152\/299 tox
|
|-damage|p1a: Shaky|116\/299 tox|[from] psn
|turn|13
|
|move|p1a: Shaky|U-turn|p2a: Chansey
|-damage|p2a: Chansey|418\/704
|-damage|p1a: Shaky|87\/299 tox|[from] item: Life Orb
|
|switch|p1a: BROS (c)|Conkeldurr, F|345\/414
|move|p2a: Chansey|Soft-Boiled|p2a: Chansey
|-heal|p2a: Chansey|704\/704
|
|-heal|p1a: BROS (c)|370\/414|[from] item: Leftovers
|turn|14
|
|switch|p2a: Gourgeist|Gourgeist, F|334\/334
|move|p1a: BROS (c)|Bulk Up|p1a: BROS (c)
|-boost|p1a: BROS (c)|atk|1
|-boost|p1a: BROS (c)|def|1
|
|-heal|p1a: BROS (c)|395\/414|[from] item: Leftovers
|turn|15
|
|move|p2a: Gourgeist|Will-O-Wisp|p1a: BROS (c)
|-status|p1a: BROS (c)|brn
|move|p1a: BROS (c)|Payback|p2a: Gourgeist
|-supereffective|p2a: Gourgeist
|-damage|p2a: Gourgeist|0 fnt
|faint|p2a: Gourgeist
|
|-heal|p1a: BROS (c)|414\/414 brn|[from] item: Leftovers
|-damage|p1a: BROS (c)|363\/414 brn|[from] brn
|
|switch|p2a: Noivern|Noivern, F|311\/311
|turn|16
|
|switch|p1a: Dual Armour|Rotom-Heat|303\/303
|move|p2a: Noivern|Hurricane|p1a: Dual Armour|[miss]
|-miss|p2a: Noivern|p1a: Dual Armour
|
|turn|17
|
|switch|p2a: Chansey|Chansey, F|704\/704
|move|p1a: Dual Armour|Will-O-Wisp|p2a: Chansey
|-status|p2a: Chansey|brn
|
|-damage|p2a: Chansey|616\/704 brn|[from] brn
|turn|18
|
|move|p1a: Dual Armour|Volt Switch|p2a: Chansey
|-crit|p2a: Chansey
|-damage|p2a: Chansey|495\/704 brn
|
|switch|p1a: BROS (c)|Conkeldurr, F|363\/414 brn
|move|p2a: Chansey|Toxic|p1a: BROS (c)
|-fail|p1a: BROS (c)
|
|-heal|p1a: BROS (c)|388\/414 brn|[from] item: Leftovers
|-damage|p2a: Chansey|407\/704 brn|[from] brn
|-damage|p1a: BROS (c)|337\/414 brn|[from] brn
|turn|19
|
|switch|p2a: Gliscor|Gliscor, F|354\/354
|move|p1a: BROS (c)|Bulk Up|p1a: BROS (c)
|-boost|p1a: BROS (c)|atk|1
|-boost|p1a: BROS (c)|def|1
|
|-heal|p1a: BROS (c)|362\/414 brn|[from] item: Leftovers
|-damage|p1a: BROS (c)|311\/414 brn|[from] brn
|-activate|p2a: Gliscor|item: Toxic Orb
|-status|p2a: Gliscor|tox
|turn|20
|
|move|p2a: Gliscor|Substitute|p2a: Gliscor
|-start|p2a: Gliscor|Substitute
|-damage|p2a: Gliscor|266\/354 tox
|move|p1a: BROS (c)|Drain Punch|p2a: Gliscor
|-resisted|p2a: Gliscor
|-end|p2a: Gliscor|Substitute
|-heal|p1a: BROS (c)|355\/414 brn|[from] drain|[of] p2a: Gliscor
|
|-heal|p1a: BROS (c)|380\/414 brn|[from] item: Leftovers
|-heal|p2a: Gliscor|310\/354 tox|[from] ability: Poison Heal
|-damage|p1a: BROS (c)|329\/414 brn|[from] brn
|turn|21
|
|move|p2a: Gliscor|Protect|p2a: Gliscor
|-singleturn|p2a: Gliscor|Protect
|move|p1a: BROS (c)|Drain Punch|p2a: Gliscor
|-activate|p2a: Gliscor|Protect
|
|-heal|p1a: BROS (c)|354\/414 brn|[from] item: Leftovers
|-heal|p2a: Gliscor|354\/354 tox|[from] ability: Poison Heal
|-damage|p1a: BROS (c)|303\/414 brn|[from] brn
|turn|22
|
|switch|p1a: Dragon Slayer|Sylveon, M|345\/394
|move|p2a: Gliscor|Earthquake|p1a: Dragon Slayer
|-damage|p1a: Dragon Slayer|237\/394
|
|-heal|p1a: Dragon Slayer|261\/394|[from] item: Leftovers
|turn|23
|
|switch|p2a: Chansey|Chansey, F|407\/704
|move|p1a: Dragon Slayer|Hyper Voice|p2a: Chansey
|-damage|p2a: Chansey|266\/704
|
|-heal|p1a: Dragon Slayer|285\/394|[from] item: Leftovers
|turn|24
|
|switch|p1a: Shaky|Tornadus-Therian, M|186\/299 tox
|move|p2a: Chansey|Soft-Boiled|p2a: Chansey
|-heal|p2a: Chansey|618\/704
|
|-damage|p1a: Shaky|168\/299 tox|[from] psn
|turn|25
|
|move|p1a: Shaky|Focus Blast|p2a: Chansey
|-supereffective|p2a: Chansey
|-damage|p2a: Chansey|285\/704
|-unboost|p2a: Chansey|spd|1
|-damage|p1a: Shaky|139\/299 tox|[from] item: Life Orb
|move|p2a: Chansey|Seismic Toss|p1a: Shaky
|-damage|p1a: Shaky|39\/299 tox
|
|-damage|p1a: Shaky|3\/299 tox|[from] psn
|turn|26
|
|switch|p2a: Gliscor|Gliscor, F|354\/354 tox
|move|p1a: Shaky|Hurricane|p2a: Gliscor|[miss]
|-miss|p1a: Shaky|p2a: Gliscor
|
|-damage|p1a: Shaky|0 fnt|[from] psn
|faint|p1a: Shaky
|
|switch|p1a: Dragon Slayer|Sylveon, M|285\/394
|turn|27
|
|move|p2a: Gliscor|Toxic|p1a: Dragon Slayer
|-status|p1a: Dragon Slayer|tox
|move|p1a: Dragon Slayer|Hyper Voice|p2a: Gliscor
|-damage|p2a: Gliscor|165\/354 tox
|
|-heal|p1a: Dragon Slayer|309\/394 tox|[from] item: Leftovers
|-heal|p2a: Gliscor|209\/354 tox|[from] ability: Poison Heal
|-damage|p1a: Dragon Slayer|285\/394 tox|[from] psn
|turn|28
|
|move|p2a: Gliscor|Protect|p2a: Gliscor
|-singleturn|p2a: Gliscor|Protect
|move|p1a: Dragon Slayer|Wish|p1a: Dragon Slayer
|
|-heal|p1a: Dragon Slayer|309\/394 tox|[from] item: Leftovers
|-heal|p2a: Gliscor|253\/354 tox|[from] ability: Poison Heal
|-damage|p1a: Dragon Slayer|261\/394 tox|[from] psn
|turn|29
|
|switch|p2a: Chansey|Chansey, F|285\/704
|move|p1a: Dragon Slayer|Hyper Voice|p2a: Chansey
|-damage|p2a: Chansey|152\/704
|
|-heal|p1a: Dragon Slayer|394\/394 tox|[from] move: Wish|[wisher] Dragon Slayer
|-damage|p1a: Dragon Slayer|322\/394 tox|[from] psn
|turn|30
|
|switch|p1a: Assault Vest|Garchomp, M|405\/405
|move|p2a: Chansey|Soft-Boiled|p2a: Chansey
|-heal|p2a: Chansey|504\/704
|
|turn|31
|
|switch|p2a: Gliscor|Gliscor, F|253\/354 tox
|-formechange|p1a: Assault Vest|Garchomp-Mega
|message|Garchomp has Mega Evolved into Mega Garchomp!
|move|p1a: Assault Vest|Substitute|p1a: Assault Vest
|-start|p1a: Assault Vest|Substitute
|-damage|p1a: Assault Vest|304\/405
|
|-heal|p2a: Gliscor|297\/354 tox|[from] ability: Poison Heal
|turn|32
|
|switch|p2a: Blastoise|Blastoise, M|362\/362
|move|p1a: Assault Vest|Dragon Claw|p2a: Blastoise
|-damage|p2a: Blastoise|193\/362
|
|turn|33
|
|-formechange|p2a: Blastoise|Blastoise-Mega
|message|Blastoise has Mega Evolved into Mega Blastoise!
|move|p1a: Assault Vest|Dragon Claw|p2a: Blastoise
|-damage|p2a: Blastoise|46\/362
|move|p2a: Blastoise|Water Pulse|p1a: Assault Vest
|-end|p1a: Assault Vest|Substitute
|
|turn|34
|
|move|p1a: Assault Vest|Dragon Claw|p2a: Blastoise
|-damage|p2a: Blastoise|0 fnt
|faint|p2a: Blastoise
|
|
|switch|p2a: Noivern|Noivern, F|311\/311
|turn|35
|
|switch|p1a: Dragon Slayer|Sylveon, M|322\/394 tox
|move|p2a: Noivern|Draco Meteor|p1a: Dragon Slayer
|-immune|p1a: Dragon Slayer|[msg]
|
|-heal|p1a: Dragon Slayer|346\/394 tox|[from] item: Leftovers
|-damage|p1a: Dragon Slayer|322\/394 tox|[from] psn
|turn|36
|
|switch|p2a: Chansey|Chansey, F|504\/704
|move|p1a: Dragon Slayer|Wish|p1a: Dragon Slayer
|
|-heal|p1a: Dragon Slayer|346\/394 tox|[from] item: Leftovers
|-damage|p1a: Dragon Slayer|298\/394 tox|[from] psn
|turn|37
|
|switch|p1a: BROS (c)|Conkeldurr, F|303\/414 brn
|move|p2a: Chansey|Soft-Boiled|p2a: Chansey
|-heal|p2a: Chansey|704\/704
|
|-heal|p1a: BROS (c)|414\/414 brn|[from] move: Wish|[wisher] Dragon Slayer
|-damage|p1a: BROS (c)|363\/414 brn|[from] brn
|turn|38
|
|switch|p2a: Gliscor|Gliscor, F|297\/354 tox
|move|p1a: BROS (c)|Drain Punch|p2a: Gliscor
|-resisted|p2a: Gliscor
|-damage|p2a: Gliscor|232\/354 tox
|-heal|p1a: BROS (c)|396\/414 brn|[from] drain|[of] p2a: Gliscor
|
|-heal|p1a: BROS (c)|414\/414 brn|[from] item: Leftovers
|-heal|p2a: Gliscor|276\/354 tox|[from] ability: Poison Heal
|-damage|p1a: BROS (c)|363\/414 brn|[from] brn
|turn|39
|
|switch|p1a: Dragon Slayer|Sylveon, M|298\/394 tox
|move|p2a: Gliscor|Earthquake|p1a: Dragon Slayer
|-damage|p1a: Dragon Slayer|199\/394 tox
|
|-heal|p1a: Dragon Slayer|223\/394 tox|[from] item: Leftovers
|-heal|p2a: Gliscor|320\/354 tox|[from] ability: Poison Heal
|-damage|p1a: Dragon Slayer|199\/394 tox|[from] psn
|turn|40
|
|switch|p2a: Chansey|Chansey, F|704\/704
|move|p1a: Dragon Slayer|Wish|p1a: Dragon Slayer
|
|-heal|p1a: Dragon Slayer|223\/394 tox|[from] item: Leftovers
|-damage|p1a: Dragon Slayer|175\/394 tox|[from] psn
|turn|41
|
|move|p1a: Dragon Slayer|Protect|p1a: Dragon Slayer
|-singleturn|p1a: Dragon Slayer|Protect
|move|p2a: Chansey|Seismic Toss|p1a: Dragon Slayer
|-activate|p1a: Dragon Slayer|Protect
|
|-heal|p1a: Dragon Slayer|372\/394 tox|[from] move: Wish|[wisher] Dragon Slayer
|-heal|p1a: Dragon Slayer|394\/394 tox|[from] item: Leftovers
|-damage|p1a: Dragon Slayer|322\/394 tox|[from] psn
|turn|42
|
|switch|p1a: BROS (c)|Conkeldurr, F|363\/414 brn
|move|p2a: Chansey|Toxic|p1a: BROS (c)
|-fail|p1a: BROS (c)
|
|-heal|p1a: BROS (c)|388\/414 brn|[from] item: Leftovers
|-damage|p1a: BROS (c)|337\/414 brn|[from] brn
|turn|43
|
|switch|p2a: Gliscor|Gliscor, F|320\/354 tox
|move|p1a: BROS (c)|Payback|p2a: Gliscor
|-crit|p2a: Gliscor
|-damage|p2a: Gliscor|240\/354 tox
|
|-heal|p1a: BROS (c)|362\/414 brn|[from] item: Leftovers
|-heal|p2a: Gliscor|284\/354 tox|[from] ability: Poison Heal
|-damage|p1a: BROS (c)|311\/414 brn|[from] brn
|turn|44
|
|move|p2a: Gliscor|Earthquake|p1a: BROS (c)
|-damage|p1a: BROS (c)|200\/414 brn
|move|p1a: BROS (c)|Drain Punch|p2a: Gliscor
|-resisted|p2a: Gliscor
|-damage|p2a: Gliscor|224\/354 tox
|-heal|p1a: BROS (c)|230\/414 brn|[from] drain|[of] p2a: Gliscor
|
|-heal|p1a: BROS (c)|255\/414 brn|[from] item: Leftovers
|-heal|p2a: Gliscor|268\/354 tox|[from] ability: Poison Heal
|-damage|p1a: BROS (c)|204\/414 brn|[from] brn
|turn|45
|
|switch|p1a: Dual Armour|Rotom-Heat|303\/303
|move|p2a: Gliscor|Earthquake|p1a: Dual Armour
|-immune|p1a: Dual Armour|[msg]
|
|-heal|p2a: Gliscor|312\/354 tox|[from] ability: Poison Heal
|turn|46
|
|switch|p2a: Chansey|Chansey, F|704\/704
|move|p1a: Dual Armour|Overheat|p2a: Chansey|[miss]
|-miss|p1a: Dual Armour|p2a: Chansey
|
|turn|47
|
|move|p1a: Dual Armour|Volt Switch|p2a: Chansey
|-damage|p2a: Chansey|622\/704
|
|switch|p1a: Dragon Slayer|Sylveon, M|322\/394 tox
|move|p2a: Chansey|Toxic|p1a: Dragon Slayer
|-fail|p1a: Dragon Slayer|tox
|
|-heal|p1a: Dragon Slayer|346\/394 tox|[from] item: Leftovers
|-damage|p1a: Dragon Slayer|322\/394 tox|[from] psn
|turn|48
|
|move|p1a: Dragon Slayer|Hyper Voice|p2a: Chansey
|-damage|p2a: Chansey|475\/704
|move|p2a: Chansey|Seismic Toss|p1a: Dragon Slayer
|-damage|p1a: Dragon Slayer|222\/394 tox
|
|-heal|p1a: Dragon Slayer|246\/394 tox|[from] item: Leftovers
|-damage|p1a: Dragon Slayer|198\/394 tox|[from] psn
|turn|49
|
|move|p1a: Dragon Slayer|Wish|p1a: Dragon Slayer
|move|p2a: Chansey|Seismic Toss|p1a: Dragon Slayer
|-damage|p1a: Dragon Slayer|98\/394 tox
|
|-heal|p1a: Dragon Slayer|122\/394 tox|[from] item: Leftovers
|-damage|p1a: Dragon Slayer|50\/394 tox|[from] psn
|turn|50
|
|move|p1a: Dragon Slayer|Protect|p1a: Dragon Slayer
|-singleturn|p1a: Dragon Slayer|Protect
|move|p2a: Chansey|Seismic Toss|p1a: Dragon Slayer
|-activate|p1a: Dragon Slayer|Protect
|
|-heal|p1a: Dragon Slayer|247\/394 tox|[from] move: Wish|[wisher] Dragon Slayer
|-heal|p1a: Dragon Slayer|271\/394 tox|[from] item: Leftovers
|-damage|p1a: Dragon Slayer|175\/394 tox|[from] psn
|turn|51
|
|switch|p1a: BROS (c)|Conkeldurr, F|204\/414 brn
|move|p2a: Chansey|Seismic Toss|p1a: BROS (c)
|-damage|p1a: BROS (c)|104\/414 brn
|
|-heal|p1a: BROS (c)|129\/414 brn|[from] item: Leftovers
|-damage|p1a: BROS (c)|78\/414 brn|[from] brn
|turn|52
|
|switch|p2a: Gliscor|Gliscor, F|312\/354 tox
|switch|p1a: Assault Vest|Garchomp, M|304\/405
|-formechange|p1a: Assault Vest|Garchomp-Mega
|
|-heal|p2a: Gliscor|354\/354 tox|[from] ability: Poison Heal
|turn|53
|
|move|p1a: Assault Vest|Substitute|p1a: Assault Vest
|-start|p1a: Assault Vest|Substitute
|-damage|p1a: Assault Vest|203\/405
|move|p2a: Gliscor|Toxic|p1a: Assault Vest
|
|turn|54
|
|move|p1a: Assault Vest|Stone Edge|p2a: Gliscor
|-damage|p2a: Gliscor|266\/354 tox
|move|p2a: Gliscor|Earthquake|p1a: Assault Vest
|-activate|p1a: Assault Vest|Substitute|[damage]
|
|-heal|p2a: Gliscor|310\/354 tox|[from] ability: Poison Heal
|turn|55
|
|move|p1a: Assault Vest|Dragon Claw|p2a: Gliscor
|-crit|p2a: Gliscor
|-damage|p2a: Gliscor|139\/354 tox
|move|p2a: Gliscor|Earthquake|p1a: Assault Vest
|-end|p1a: Assault Vest|Substitute
|
|-heal|p2a: Gliscor|183\/354 tox|[from] ability: Poison Heal
|turn|56
|
|switch|p1a: Dragon Slayer|Sylveon, M|175\/394 tox
|move|p2a: Gliscor|Protect|p2a: Gliscor
|-fail|p2a: Gliscor
|
|-heal|p1a: Dragon Slayer|199\/394 tox|[from] item: Leftovers
|-heal|p2a: Gliscor|227\/354 tox|[from] ability: Poison Heal
|-damage|p1a: Dragon Slayer|175\/394 tox|[from] psn
|turn|57
|
|switch|p2a: Chansey|Chansey, F|475\/704
|move|p1a: Dragon Slayer|Wish|p1a: Dragon Slayer
|
|-heal|p1a: Dragon Slayer|199\/394 tox|[from] item: Leftovers
|-damage|p1a: Dragon Slayer|151\/394 tox|[from] psn
|turn|58
|
|move|p1a: Dragon Slayer|Protect|p1a: Dragon Slayer
|-singleturn|p1a: Dragon Slayer|Protect
|move|p2a: Chansey|Soft-Boiled|p2a: Chansey
|-heal|p2a: Chansey|704\/704
|
|-heal|p1a: Dragon Slayer|348\/394 tox|[from] move: Wish|[wisher] Dragon Slayer
|-heal|p1a: Dragon Slayer|372\/394 tox|[from] item: Leftovers
|-damage|p1a: Dragon Slayer|300\/394 tox|[from] psn
|turn|59
|
|move|p1a: Dragon Slayer|Wish|p1a: Dragon Slayer
|move|p2a: Chansey|Seismic Toss|p1a: Dragon Slayer
|-damage|p1a: Dragon Slayer|200\/394 tox
|
|-heal|p1a: Dragon Slayer|224\/394 tox|[from] item: Leftovers
|-damage|p1a: Dragon Slayer|128\/394 tox|[from] psn
|turn|60
|
|switch|p1a: BROS (c)|Conkeldurr, F|78\/414 brn
|switch|p2a: Noivern|Noivern, F|311\/311
|
|-heal|p1a: BROS (c)|275\/414 brn|[from] move: Wish|[wisher] Dragon Slayer
|-heal|p1a: BROS (c)|300\/414 brn|[from] item: Leftovers
|-damage|p1a: BROS (c)|249\/414 brn|[from] brn
|turn|61
|
|move|p2a: Noivern|Hurricane|p1a: BROS (c)|[miss]
|-miss|p2a: Noivern|p1a: BROS (c)
|move|p1a: BROS (c)|Payback|p2a: Noivern
|-damage|p2a: Noivern|105\/311
|
|-heal|p1a: BROS (c)|274\/414 brn|[from] item: Leftovers
|-damage|p1a: BROS (c)|223\/414 brn|[from] brn
|turn|62
|
|switch|p1a: Dual Armour|Rotom-Heat|303\/303
|move|p2a: Noivern|Hurricane|p1a: Dual Armour|[miss]
|-miss|p2a: Noivern|p1a: Dual Armour
|
|turn|63
|
|switch|p2a: Chansey|Chansey, F|704\/704
|move|p1a: Dual Armour|Overheat|p2a: Chansey
|-damage|p2a: Chansey|554\/704
|-unboost|p1a: Dual Armour|spa|2
|
|turn|64
|chat|KnightSansArmour|FML
|
|move|p1a: Dual Armour|Will-O-Wisp|p2a: Chansey
|-status|p2a: Chansey|brn
|move|p2a: Chansey|Seismic Toss|p1a: Dual Armour
|-damage|p1a: Dual Armour|203\/303
|
|-heal|p1a: Dual Armour|221\/303|[from] item: Leftovers
|-damage|p2a: Chansey|466\/704 brn|[from] brn
|turn|65
|
|move|p1a: Dual Armour|Volt Switch|p2a: Chansey
|-damage|p2a: Chansey|423\/704 brn
|
|switch|p1a: BROS (c)|Conkeldurr, F|223\/414 brn
|move|p2a: Chansey|Seismic Toss|p1a: BROS (c)
|-damage|p1a: BROS (c)|123\/414 brn
|
|-heal|p1a: BROS (c)|148\/414 brn|[from] item: Leftovers
|-damage|p2a: Chansey|335\/704 brn|[from] brn
|-damage|p1a: BROS (c)|97\/414 brn|[from] brn
|turn|66
|
|switch|p2a: Gliscor|Gliscor, F|227\/354 tox
|switch|p1a: Dragon Slayer|Sylveon, M|128\/394 tox
|
|-heal|p1a: Dragon Slayer|152\/394 tox|[from] item: Leftovers
|-heal|p2a: Gliscor|271\/354 tox|[from] ability: Poison Heal
|-damage|p1a: Dragon Slayer|128\/394 tox|[from] psn
|turn|67
|
|move|p2a: Gliscor|Earthquake|p1a: Dragon Slayer
|-damage|p1a: Dragon Slayer|26\/394 tox
|move|p1a: Dragon Slayer|Hyper Voice|p2a: Gliscor
|-damage|p2a: Gliscor|82\/354 tox
|
|-heal|p1a: Dragon Slayer|50\/394 tox|[from] item: Leftovers
|-heal|p2a: Gliscor|126\/354 tox|[from] ability: Poison Heal
|-damage|p1a: Dragon Slayer|2\/394 tox|[from] psn
|turn|68
|
|switch|p1a: Dual Armour|Rotom-Heat|221\/303
|move|p2a: Gliscor|Earthquake|p1a: Dual Armour
|-immune|p1a: Dual Armour|[msg]
|
|-heal|p1a: Dual Armour|239\/303|[from] item: Leftovers
|-heal|p2a: Gliscor|170\/354 tox|[from] ability: Poison Heal
|turn|69
|
|move|p2a: Gliscor|Protect|p2a: Gliscor
|-singleturn|p2a: Gliscor|Protect
|move|p1a: Dual Armour|Overheat|p2a: Gliscor
|-activate|p2a: Gliscor|Protect
|
|-heal|p1a: Dual Armour|257\/303|[from] item: Leftovers
|-heal|p2a: Gliscor|214\/354 tox|[from] ability: Poison Heal
|turn|70
|
|switch|p2a: Chansey|Chansey, F|335\/704
|move|p1a: Dual Armour|Overheat|p2a: Chansey
|-damage|p2a: Chansey|190\/704
|-unboost|p1a: Dual Armour|spa|2
|
|-heal|p1a: Dual Armour|275\/303|[from] item: Leftovers
|turn|71
|
|move|p1a: Dual Armour|Thunder Wave|p2a: Chansey
|-status|p2a: Chansey|par
|move|p2a: Chansey|Soft-Boiled|p2a: Chansey
|-heal|p2a: Chansey|542\/704 par
|
|-heal|p1a: Dual Armour|293\/303|[from] item: Leftovers
|turn|72
|
|move|p1a: Dual Armour|Volt Switch|p2a: Chansey
|-damage|p2a: Chansey|497\/704 par
|
|switch|p1a: Dragon Slayer|Sylveon, M|2\/394 tox
|move|p2a: Chansey|Toxic|p1a: Dragon Slayer
|-fail|p1a: Dragon Slayer|tox
|
|-heal|p1a: Dragon Slayer|26\/394 tox|[from] item: Leftovers
|-damage|p1a: Dragon Slayer|2\/394 tox|[from] psn
|turn|73
|
|move|p1a: Dragon Slayer|Wish|p1a: Dragon Slayer
|move|p2a: Chansey|Seismic Toss|p1a: Dragon Slayer
|-damage|p1a: Dragon Slayer|0 fnt
|faint|p1a: Dragon Slayer
|
|
|switch|p1a: BROS (c)|Conkeldurr, F|97\/414 brn
|turn|74
|
|switch|p2a: Gliscor|Gliscor, F|214\/354 tox
|move|p1a: BROS (c)|Drain Punch|p2a: Gliscor
|-resisted|p2a: Gliscor
|-damage|p2a: Gliscor|148\/354 tox
|-heal|p1a: BROS (c)|130\/414 brn|[from] drain|[of] p2a: Gliscor
|
|-heal|p1a: BROS (c)|327\/414 brn|[from] move: Wish|[wisher] Dragon Slayer
|-heal|p1a: BROS (c)|352\/414 brn|[from] item: Leftovers
|-heal|p2a: Gliscor|192\/354 tox|[from] ability: Poison Heal
|-damage|p1a: BROS (c)|301\/414 brn|[from] brn
|turn|75
|
|move|p2a: Gliscor|Substitute|p2a: Gliscor
|-start|p2a: Gliscor|Substitute
|-damage|p2a: Gliscor|104\/354 tox
|move|p1a: BROS (c)|Bulk Up|p1a: BROS (c)
|-boost|p1a: BROS (c)|atk|1
|-boost|p1a: BROS (c)|def|1
|
|-heal|p1a: BROS (c)|326\/414 brn|[from] item: Leftovers
|-heal|p2a: Gliscor|148\/354 tox|[from] ability: Poison Heal
|-damage|p1a: BROS (c)|275\/414 brn|[from] brn
|turn|76
|
|move|p2a: Gliscor|Protect|p2a: Gliscor
|-singleturn|p2a: Gliscor|Protect
|move|p1a: BROS (c)|Bulk Up|p1a: BROS (c)
|-boost|p1a: BROS (c)|atk|1
|-boost|p1a: BROS (c)|def|1
|
|-heal|p1a: BROS (c)|300\/414 brn|[from] item: Leftovers
|-heal|p2a: Gliscor|192\/354 tox|[from] ability: Poison Heal
|-damage|p1a: BROS (c)|249\/414 brn|[from] brn
|turn|77
|
|move|p2a: Gliscor|Earthquake|p1a: BROS (c)
|-damage|p1a: BROS (c)|186\/414 brn
|move|p1a: BROS (c)|Drain Punch|p2a: Gliscor
|-resisted|p2a: Gliscor
|-end|p2a: Gliscor|Substitute
|-heal|p1a: BROS (c)|230\/414 brn|[from] drain|[of] p2a: Gliscor
|
|-heal|p1a: BROS (c)|255\/414 brn|[from] item: Leftovers
|-heal|p2a: Gliscor|236\/354 tox|[from] ability: Poison Heal
|-damage|p1a: BROS (c)|204\/414 brn|[from] brn
|turn|78
|
|move|p2a: Gliscor|Substitute|p2a: Gliscor
|-start|p2a: Gliscor|Substitute
|-damage|p2a: Gliscor|148\/354 tox
|move|p1a: BROS (c)|Drain Punch|p2a: Gliscor
|-resisted|p2a: Gliscor
|-end|p2a: Gliscor|Substitute
|-heal|p1a: BROS (c)|248\/414 brn|[from] drain|[of] p2a: Gliscor
|
|-heal|p1a: BROS (c)|273\/414 brn|[from] item: Leftovers
|-heal|p2a: Gliscor|192\/354 tox|[from] ability: Poison Heal
|-damage|p1a: BROS (c)|222\/414 brn|[from] brn
|turn|79
|
|move|p2a: Gliscor|Protect|p2a: Gliscor
|-singleturn|p2a: Gliscor|Protect
|move|p1a: BROS (c)|Drain Punch|p2a: Gliscor
|-activate|p2a: Gliscor|Protect
|
|-heal|p1a: BROS (c)|247\/414 brn|[from] item: Leftovers
|-heal|p2a: Gliscor|236\/354 tox|[from] ability: Poison Heal
|-damage|p1a: BROS (c)|196\/414 brn|[from] brn
|turn|80
|
|move|p2a: Gliscor|Substitute|p2a: Gliscor
|-start|p2a: Gliscor|Substitute
|-damage|p2a: Gliscor|148\/354 tox
|move|p1a: BROS (c)|Drain Punch|p2a: Gliscor
|-resisted|p2a: Gliscor
|-end|p2a: Gliscor|Substitute
|-heal|p1a: BROS (c)|240\/414 brn|[from] drain|[of] p2a: Gliscor
|
|-heal|p1a: BROS (c)|265\/414 brn|[from] item: Leftovers
|-heal|p2a: Gliscor|192\/354 tox|[from] ability: Poison Heal
|-damage|p1a: BROS (c)|214\/414 brn|[from] brn
|turn|81
|
|move|p2a: Gliscor|Protect|p2a: Gliscor
|-singleturn|p2a: Gliscor|Protect
|move|p1a: BROS (c)|Bulk Up|p1a: BROS (c)
|-boost|p1a: BROS (c)|atk|1
|-boost|p1a: BROS (c)|def|1
|
|-heal|p1a: BROS (c)|239\/414 brn|[from] item: Leftovers
|-heal|p2a: Gliscor|236\/354 tox|[from] ability: Poison Heal
|-damage|p1a: BROS (c)|188\/414 brn|[from] brn
|turn|82
|
|move|p2a: Gliscor|Substitute|p2a: Gliscor
|-start|p2a: Gliscor|Substitute
|-damage|p2a: Gliscor|148\/354 tox
|move|p1a: BROS (c)|Drain Punch|p2a: Gliscor
|-resisted|p2a: Gliscor
|-end|p2a: Gliscor|Substitute
|-heal|p1a: BROS (c)|232\/414 brn|[from] drain|[of] p2a: Gliscor
|
|-heal|p1a: BROS (c)|257\/414 brn|[from] item: Leftovers
|-heal|p2a: Gliscor|192\/354 tox|[from] ability: Poison Heal
|-damage|p1a: BROS (c)|206\/414 brn|[from] brn
|turn|83
|
|move|p2a: Gliscor|Protect|p2a: Gliscor
|-singleturn|p2a: Gliscor|Protect
|move|p1a: BROS (c)|Payback|p2a: Gliscor
|-activate|p2a: Gliscor|Protect
|
|-heal|p1a: BROS (c)|231\/414 brn|[from] item: Leftovers
|-heal|p2a: Gliscor|236\/354 tox|[from] ability: Poison Heal
|-damage|p1a: BROS (c)|180\/414 brn|[from] brn
|turn|84
|
|move|p2a: Gliscor|Substitute|p2a: Gliscor
|-start|p2a: Gliscor|Substitute
|-damage|p2a: Gliscor|148\/354 tox
|move|p1a: BROS (c)|Drain Punch|p2a: Gliscor
|-resisted|p2a: Gliscor
|-end|p2a: Gliscor|Substitute
|-heal|p1a: BROS (c)|224\/414 brn|[from] drain|[of] p2a: Gliscor
|
|-heal|p1a: BROS (c)|249\/414 brn|[from] item: Leftovers
|-heal|p2a: Gliscor|192\/354 tox|[from] ability: Poison Heal
|-damage|p1a: BROS (c)|198\/414 brn|[from] brn
|turn|85
|
|move|p2a: Gliscor|Substitute|p2a: Gliscor
|-start|p2a: Gliscor|Substitute
|-damage|p2a: Gliscor|104\/354 tox
|move|p1a: BROS (c)|Bulk Up|p1a: BROS (c)
|-boost|p1a: BROS (c)|atk|1
|-boost|p1a: BROS (c)|def|1
|
|-heal|p1a: BROS (c)|223\/414 brn|[from] item: Leftovers
|-heal|p2a: Gliscor|148\/354 tox|[from] ability: Poison Heal
|-damage|p1a: BROS (c)|172\/414 brn|[from] brn
|turn|86
|
|move|p2a: Gliscor|Protect|p2a: Gliscor
|-singleturn|p2a: Gliscor|Protect
|move|p1a: BROS (c)|Bulk Up|p1a: BROS (c)
|-boost|p1a: BROS (c)|atk|1
|-boost|p1a: BROS (c)|def|1
|
|-heal|p1a: BROS (c)|197\/414 brn|[from] item: Leftovers
|-heal|p2a: Gliscor|192\/354 tox|[from] ability: Poison Heal
|-damage|p1a: BROS (c)|146\/414 brn|[from] brn
|turn|87
|
|move|p2a: Gliscor|Earthquake|p1a: BROS (c)
|-damage|p1a: BROS (c)|115\/414 brn
|move|p1a: BROS (c)|Drain Punch|p2a: Gliscor
|-crit|p2a: Gliscor
|-resisted|p2a: Gliscor
|-end|p2a: Gliscor|Substitute
|-heal|p1a: BROS (c)|159\/414 brn|[from] drain|[of] p2a: Gliscor
|
|-heal|p1a: BROS (c)|184\/414 brn|[from] item: Leftovers
|-heal|p2a: Gliscor|236\/354 tox|[from] ability: Poison Heal
|-damage|p1a: BROS (c)|133\/414 brn|[from] brn
|turn|88
|
|move|p2a: Gliscor|Substitute|p2a: Gliscor
|-start|p2a: Gliscor|Substitute
|-damage|p2a: Gliscor|148\/354 tox
|move|p1a: BROS (c)|Payback|p2a: Gliscor
|-end|p2a: Gliscor|Substitute
|
|-heal|p1a: BROS (c)|158\/414 brn|[from] item: Leftovers
|-heal|p2a: Gliscor|192\/354 tox|[from] ability: Poison Heal
|-damage|p1a: BROS (c)|107\/414 brn|[from] brn
|turn|89
|
|move|p2a: Gliscor|Substitute|p2a: Gliscor
|-start|p2a: Gliscor|Substitute
|-damage|p2a: Gliscor|104\/354 tox
|move|p1a: BROS (c)|Payback|p2a: Gliscor
|-end|p2a: Gliscor|Substitute
|
|-heal|p1a: BROS (c)|132\/414 brn|[from] item: Leftovers
|-heal|p2a: Gliscor|148\/354 tox|[from] ability: Poison Heal
|-damage|p1a: BROS (c)|81\/414 brn|[from] brn
|turn|90
|
|move|p2a: Gliscor|Protect|p2a: Gliscor
|-singleturn|p2a: Gliscor|Protect
|move|p1a: BROS (c)|Payback|p2a: Gliscor
|-activate|p2a: Gliscor|Protect
|
|-heal|p1a: BROS (c)|106\/414 brn|[from] item: Leftovers
|-heal|p2a: Gliscor|192\/354 tox|[from] ability: Poison Heal
|-damage|p1a: BROS (c)|55\/414 brn|[from] brn
|turn|91
|
|move|p2a: Gliscor|Substitute|p2a: Gliscor
|-start|p2a: Gliscor|Substitute
|-damage|p2a: Gliscor|104\/354 tox
|move|p1a: BROS (c)|Drain Punch|p2a: Gliscor
|-resisted|p2a: Gliscor
|-end|p2a: Gliscor|Substitute
|-heal|p1a: BROS (c)|99\/414 brn|[from] drain|[of] p2a: Gliscor
|
|-heal|p1a: BROS (c)|124\/414 brn|[from] item: Leftovers
|-heal|p2a: Gliscor|148\/354 tox|[from] ability: Poison Heal
|-damage|p1a: BROS (c)|73\/414 brn|[from] brn
|turn|92
|
|move|p2a: Gliscor|Protect|p2a: Gliscor
|-singleturn|p2a: Gliscor|Protect
|move|p1a: BROS (c)|Payback|p2a: Gliscor
|-activate|p2a: Gliscor|Protect
|
|-heal|p1a: BROS (c)|98\/414 brn|[from] item: Leftovers
|-heal|p2a: Gliscor|192\/354 tox|[from] ability: Poison Heal
|-damage|p1a: BROS (c)|47\/414 brn|[from] brn
|turn|93
|
|move|p2a: Gliscor|Substitute|p2a: Gliscor
|-start|p2a: Gliscor|Substitute
|-damage|p2a: Gliscor|104\/354 tox
|move|p1a: BROS (c)|Drain Punch|p2a: Gliscor
|-resisted|p2a: Gliscor
|-end|p2a: Gliscor|Substitute
|-heal|p1a: BROS (c)|91\/414 brn|[from] drain|[of] p2a: Gliscor
|
|-heal|p1a: BROS (c)|116\/414 brn|[from] item: Leftovers
|-heal|p2a: Gliscor|148\/354 tox|[from] ability: Poison Heal
|-damage|p1a: BROS (c)|65\/414 brn|[from] brn
|turn|94
|
|move|p2a: Gliscor|Protect|p2a: Gliscor
|-singleturn|p2a: Gliscor|Protect
|move|p1a: BROS (c)|Payback|p2a: Gliscor
|-activate|p2a: Gliscor|Protect
|
|-heal|p1a: BROS (c)|90\/414 brn|[from] item: Leftovers
|-heal|p2a: Gliscor|192\/354 tox|[from] ability: Poison Heal
|-damage|p1a: BROS (c)|39\/414 brn|[from] brn
|turn|95
|
|move|p2a: Gliscor|Substitute|p2a: Gliscor
|-start|p2a: Gliscor|Substitute
|-damage|p2a: Gliscor|104\/354 tox
|move|p1a: BROS (c)|Drain Punch|p2a: Gliscor
|-resisted|p2a: Gliscor
|-end|p2a: Gliscor|Substitute
|-heal|p1a: BROS (c)|83\/414 brn|[from] drain|[of] p2a: Gliscor
|
|-heal|p1a: BROS (c)|108\/414 brn|[from] item: Leftovers
|-heal|p2a: Gliscor|148\/354 tox|[from] ability: Poison Heal
|-damage|p1a: BROS (c)|57\/414 brn|[from] brn
|turn|96
|
|move|p2a: Gliscor|Earthquake|p1a: BROS (c)
|-damage|p1a: BROS (c)|24\/414 brn
|move|p1a: BROS (c)|Payback|p2a: Gliscor
|-damage|p2a: Gliscor|0 fnt
|faint|p2a: Gliscor
|
|-heal|p1a: BROS (c)|49\/414 brn|[from] item: Leftovers
|-damage|p1a: BROS (c)|0 fnt|[from] brn
|faint|p1a: BROS (c)
|
|switch|p2a: Noivern|Noivern, F|105\/311
|switch|p1a: Dual Armour|Rotom-Heat|293\/303
|turn|97
|
|switch|p2a: Chansey|Chansey, F|497\/704
|move|p1a: Dual Armour|Volt Switch|p2a: Chansey
|-crit|p2a: Chansey
|-damage|p2a: Chansey|380\/704
|
|switch|p1a: Assault Vest|Garchomp, M|203\/405
|-formechange|p1a: Assault Vest|Garchomp-Mega
|
|turn|98
|
|move|p1a: Assault Vest|Dragon Claw|p2a: Chansey
|-damage|p2a: Chansey|50\/704
|move|p2a: Chansey|Seismic Toss|p1a: Assault Vest
|-damage|p1a: Assault Vest|103\/405
|
|turn|99
|
|move|p1a: Assault Vest|Dragon Claw|p2a: Chansey
|-damage|p2a: Chansey|0 fnt
|faint|p2a: Chansey
|
|
|switch|p2a: Noivern|Noivern, F|105\/311
|turn|100
|chat|nitewalker_J|gg
|
|switch|p1a: Dual Armour|Rotom-Heat|293\/303
|move|p2a: Noivern|Boomburst|p1a: Dual Armour
|-damage|p1a: Dual Armour|143\/303
|
|-heal|p1a: Dual Armour|161\/303|[from] item: Leftovers
|turn|101
|chat|KnightSansArmour|gg
|
|move|p2a: Noivern|Boomburst|p1a: Dual Armour
|-damage|p1a: Dual Armour|29\/303
|move|p1a: Dual Armour|Thunder Wave|p2a: Noivern
|-status|p2a: Noivern|par
|
|-heal|p1a: Dual Armour|47\/303|[from] item: Leftovers
|turn|102
|chat|KnightSansArmour|actually, if I crit I win
|chat|KnightSansArmour|nvm
|chat|KnightSansArmour|gg
|chat|nitewalker_J|never depends on crit
|chat|nitewalker_J|nuff said, if i crit i win too
|
|move|p1a: Dual Armour|Volt Switch|p2a: Noivern
|-damage|p2a: Noivern|0 fnt
|faint|p2a: Noivern
|
|win|nitewalker_J
|raw|Ladder updating...
|raw|nitewalker_J's rating: 1433 &rarr; <strong>1454<\/strong><br \/>(+21 for winning)
|raw|KnightSansArmour's rating: 1455 &rarr; <strong>1434<\/strong><br \/>(-21 for losing)
|chat|KnightSansArmour|Yeah I know I meant that crit right then