|join|Suusu
|join|teamtest239852
|player|p1|Suusu|1
|player|p2|teamtest239852|188
|gametype|singles
|gen|6
|tier|UU
|rated
|rule|Sleep Clause Mod: Limit one foe put to sleep
|rule|Species Clause: Limit one of each PokÃ©mon
|rule|OHKO Clause: OHKO moves are banned
|rule|Moody Clause: Moody is banned
|rule|Evasion Moves Clause: Evasion moves are banned
|rule|Endless Battle Clause: Forcing endless battles is banned
|rule|HP Percentage Mod: HP is shown in percentages
|clearpoke
|poke|p1|Goodra, F
|poke|p1|Arcanine, M
|poke|p1|Swampert, M
|poke|p1|Florges, F
|poke|p1|Azelf
|poke|p1|Forretress, M
|poke|p2|Absol, M
|poke|p2|Crobat, F
|poke|p2|Granbull, F
|poke|p2|Slowking, F
|poke|p2|Blissey, F
|poke|p2|Haxorus, M, shiny
|rule|Swagger Clause: Swagger is banned
|rule|Baton Pass Clause: Limit one PokÃ©mon knowing Baton Pass
|teampreview
|
|start
|switch|p1a: Azelf|Azelf|291\/291
|switch|p2a: Absol|Absol, M|271\/271
|turn|1
|
|detailschange|p2a: Absol|Absol-Mega, M
|message|Absol has Mega Evolved into Mega Absol!
|move|p2a: Absol|Sucker Punch|p1a: Azelf
|-supereffective|p1a: Azelf
|-enditem|p1a: Azelf|Focus Sash
|-damage|p1a: Azelf|1\/291
|move|p1a: Azelf|U-turn|p2a: Absol
|-supereffective|p2a: Absol
|-damage|p2a: Absol|55\/271
|
|switch|p1a: Arcanine|Arcanine, M|384\/384
|-ability|p1a: Arcanine|Intimidate|[of] p2a: Absol
|-unboost|p2a: Absol|atk|1
|
|turn|2
|
|switch|p2a: Slowking|Slowking, F|394\/394
|move|p1a: Arcanine|Fire Blast|p2a: Slowking
|-resisted|p2a: Slowking
|-damage|p2a: Slowking|337\/394
|
|turn|3
|
|switch|p1a: Florges|Florges, F|360\/360
|move|p2a: Slowking|Scald|p1a: Florges
|-damage|p1a: Florges|288\/360
|
|-heal|p1a: Florges|310\/360|[from] item: Leftovers
|turn|4
|
|switch|p2a: Crobat|Crobat, F|374\/374
|move|p1a: Florges|Moonblast|p2a: Crobat
|-resisted|p2a: Crobat
|-damage|p2a: Crobat|283\/374
|-unboost|p2a: Crobat|spa|1
|
|-heal|p2a: Crobat|306\/374|[from] item: Black Sludge
|-heal|p1a: Florges|332\/360|[from] item: Leftovers
|turn|5
|
|switch|p1a: Forretress|Forretress, M|354\/354
|move|p2a: Crobat|Super Fang|p1a: Forretress
|-damage|p1a: Forretress|177\/354
|
|-heal|p2a: Crobat|329\/374|[from] item: Black Sludge
|-heal|p1a: Forretress|199\/354|[from] item: Leftovers
|turn|6
|
|move|p2a: Crobat|Brave Bird|p1a: Forretress
|-damage|p1a: Forretress|111\/354
|-damage|p2a: Crobat|300\/374|[from] recoil|[of] p1a: Forretress
|move|p1a: Forretress|Volt Switch|p2a: Crobat
|-supereffective|p2a: Crobat
|-damage|p2a: Crobat|226\/374
|
|switch|p1a: Swampert|Swampert, M|404\/404
|
|-heal|p2a: Crobat|249\/374|[from] item: Black Sludge
|turn|7
|
|switch|p2a: Slowking|Slowking, F|394\/394
|move|p1a: Swampert|Scald|p2a: Slowking
|-resisted|p2a: Slowking
|-damage|p2a: Slowking|355\/394
|
|turn|8
|
|move|p1a: Swampert|Stealth Rock|p2a: Slowking
|-sidestart|p2: teamtest239852|move: Stealth Rock
|move|p2a: Slowking|Scald|p1a: Swampert
|-damage|p1a: Swampert|298\/404
|
|-heal|p1a: Swampert|323\/404|[from] item: Leftovers
|turn|9
|
|switch|p1a: Florges|Florges, F|332\/360
|move|p2a: Slowking|Scald|p1a: Florges
|-damage|p1a: Florges|272\/360
|-status|p1a: Florges|brn
|
|-heal|p1a: Florges|294\/360 brn|[from] item: Leftovers
|-damage|p1a: Florges|249\/360 brn|[from] brn
|turn|10
|
|switch|p2a: Crobat|Crobat, F|249\/374
|-damage|p2a: Crobat|156\/374|[from] Stealth Rock
|move|p1a: Florges|Aromatherapy|p1a: Florges
|-cureteam|p1a: Florges|[from] move: Aromatherapy
|
|-heal|p2a: Crobat|179\/374|[from] item: Black Sludge
|-heal|p1a: Florges|271\/360|[from] item: Leftovers
|turn|11
|
|move|p2a: Crobat|Defog|p1a: Florges
|-unboost|p1a: Florges|evasion|1
|-sideend|p2: teamtest239852|Stealth Rock|[from] move: Defog|[of] p2a: Crobat
|move|p1a: Florges|Moonblast|p2a: Crobat
|-resisted|p2a: Crobat
|-damage|p2a: Crobat|88\/374
|
|-heal|p2a: Crobat|111\/374|[from] item: Black Sludge
|-heal|p1a: Florges|293\/360|[from] item: Leftovers
|turn|12
|
|move|p2a: Crobat|Roost|p2a: Crobat
|-heal|p2a: Crobat|298\/374
|move|p1a: Florges|Wish|p1a: Florges
|
|-heal|p2a: Crobat|321\/374|[from] item: Black Sludge
|-heal|p1a: Florges|315\/360|[from] item: Leftovers
|turn|13
|
|switch|p2a: Slowking|Slowking, F|394\/394
|switch|p1a: Forretress|Forretress, M|111\/354
|
|-heal|p1a: Forretress|291\/354|[from] move: Wish|[wisher] Florges
|-heal|p1a: Forretress|313\/354|[from] item: Leftovers
|turn|14
|
|switch|p1a: Florges|Florges, F|315\/360
|move|p2a: Slowking|Scald|p1a: Florges
|-damage|p1a: Florges|246\/360
|-status|p1a: Florges|brn
|
|-heal|p1a: Florges|268\/360 brn|[from] item: Leftovers
|-damage|p1a: Florges|223\/360 brn|[from] brn
|turn|15
|
|move|p1a: Florges|Moonblast|p2a: Slowking
|-damage|p2a: Slowking|243\/394
|move|p2a: Slowking|Psyshock|p1a: Florges
|-damage|p1a: Florges|96\/360 brn
|
|-heal|p1a: Florges|118\/360 brn|[from] item: Leftovers
|-damage|p1a: Florges|73\/360 brn|[from] brn
|turn|16
|
|switch|p1a: Swampert|Swampert, M|323\/404
|move|p2a: Slowking|Psyshock|p1a: Swampert
|-damage|p1a: Swampert|245\/404
|
|-heal|p1a: Swampert|270\/404|[from] item: Leftovers
|turn|17
|
|move|p1a: Swampert|Earthquake|p2a: Slowking
|-damage|p2a: Slowking|143\/394
|move|p2a: Slowking|Scald|p1a: Swampert
|-damage|p1a: Swampert|176\/404
|
|-heal|p1a: Swampert|201\/404|[from] item: Leftovers
|turn|18
|
|move|p1a: Swampert|Stealth Rock|p2a: Slowking
|-sidestart|p2: teamtest239852|move: Stealth Rock
|move|p2a: Slowking|Slack Off|p2a: Slowking
|-heal|p2a: Slowking|340\/394
|
|-heal|p1a: Swampert|226\/404|[from] item: Leftovers
|turn|19
|
|move|p1a: Swampert|Earthquake|p2a: Slowking
|-damage|p2a: Slowking|232\/394
|move|p2a: Slowking|Scald|p1a: Swampert
|-damage|p1a: Swampert|117\/404
|-status|p1a: Swampert|brn
|
|-heal|p1a: Swampert|142\/404 brn|[from] item: Leftovers
|-damage|p1a: Swampert|92\/404 brn|[from] brn
|turn|20
|
|move|p1a: Swampert|Earthquake|p2a: Slowking
|-damage|p2a: Slowking|181\/394
|move|p2a: Slowking|Slack Off|p2a: Slowking
|-heal|p2a: Slowking|378\/394
|
|-heal|p1a: Swampert|117\/404 brn|[from] item: Leftovers
|-damage|p1a: Swampert|67\/404 brn|[from] brn
|turn|21
|
|move|p1a: Swampert|Scald|p2a: Slowking
|-resisted|p2a: Slowking
|-damage|p2a: Slowking|317\/394
|move|p2a: Slowking|Psyshock|p1a: Swampert
|-damage|p1a: Swampert|0 fnt
|faint|p1a: Swampert
|
|
|switch|p1a: Azelf|Azelf|1\/291
|turn|22
|
|switch|p2a: Granbull|Granbull, F|384\/384
|-damage|p2a: Granbull|336\/384|[from] Stealth Rock
|-ability|p2a: Granbull|Intimidate|[of] p1a: Azelf
|-unboost|p1a: Azelf|atk|1
|move|p1a: Azelf|Knock Off|p2a: Granbull
|-resisted|p2a: Granbull
|-damage|p2a: Granbull|311\/384
|-enditem|p2a: Granbull|Leftovers|[from] move: Knock Off|[of] p1a: Azelf
|
|turn|23
|
|switch|p1a: Arcanine|Arcanine, M|384\/384
|-ability|p1a: Arcanine|Intimidate|[of] p2a: Granbull
|-unboost|p2a: Granbull|atk|1
|move|p2a: Granbull|Play Rough|p1a: Arcanine
|-resisted|p1a: Arcanine
|-damage|p1a: Arcanine|348\/384
|
|-heal|p1a: Arcanine|372\/384|[from] item: Leftovers
|turn|24
|
|switch|p2a: Slowking|Slowking, F|394\/394
|-damage|p2a: Slowking|345\/394|[from] Stealth Rock
|move|p1a: Arcanine|Will-O-Wisp|p2a: Slowking|[miss]
|-miss|p1a: Arcanine|p2a: Slowking
|
|-heal|p1a: Arcanine|384\/384|[from] item: Leftovers
|turn|25
|
|move|p1a: Arcanine|Will-O-Wisp|p2a: Slowking
|-status|p2a: Slowking|brn
|move|p2a: Slowking|Scald|p1a: Arcanine
|-supereffective|p1a: Arcanine
|-damage|p1a: Arcanine|142\/384
|
|-heal|p1a: Arcanine|166\/384|[from] item: Leftovers
|-damage|p2a: Slowking|296\/394 brn|[from] brn
|turn|26
|
|switch|p1a: Goodra|Goodra, F|384\/384
|move|p2a: Slowking|Scald|p1a: Goodra
|-resisted|p1a: Goodra
|-damage|p1a: Goodra|362\/384
|
|-damage|p2a: Slowking|247\/394 brn|[from] brn
|turn|27
|
|switch|p2a: Blissey|Blissey, F|713\/713
|-damage|p2a: Blissey|624\/713|[from] Stealth Rock
|move|p1a: Goodra|Dragon Pulse|p2a: Blissey
|-damage|p2a: Blissey|518\/713
|
|-heal|p2a: Blissey|562\/713|[from] item: Leftovers
|turn|28
|
|switch|p1a: Forretress|Forretress, M|313\/354
|move|p2a: Blissey|Stealth Rock|p1a: Forretress
|-sidestart|p1: Suusu|move: Stealth Rock
|
|-heal|p2a: Blissey|606\/713|[from] item: Leftovers
|-heal|p1a: Forretress|335\/354|[from] item: Leftovers
|turn|29
|
|switch|p2a: Crobat|Crobat, F|321\/374
|-damage|p2a: Crobat|228\/374|[from] Stealth Rock
|move|p1a: Forretress|Rapid Spin|p2a: Crobat
|-damage|p2a: Crobat|211\/374
|-sideend|p1: Suusu|Stealth Rock|[from] move: Rapid Spin|[of] p1a: Forretress
|
|-heal|p2a: Crobat|234\/374|[from] item: Black Sludge
|-heal|p1a: Forretress|354\/354|[from] item: Leftovers
|turn|30
|
|move|p2a: Crobat|Defog|p1a: Forretress
|-unboost|p1a: Forretress|evasion|1
|-sideend|p2: teamtest239852|Stealth Rock|[from] move: Defog|[of] p2a: Crobat
|move|p1a: Forretress|Gyro Ball|p2a: Crobat
|-damage|p2a: Crobat|89\/374
|
|-heal|p2a: Crobat|112\/374|[from] item: Black Sludge
|turn|31
|
|move|p2a: Crobat|Roost|p2a: Crobat
|-heal|p2a: Crobat|299\/374
|move|p1a: Forretress|Spikes|p2a: Crobat
|-sidestart|p2: teamtest239852|Spikes
|
|-heal|p2a: Crobat|322\/374|[from] item: Black Sludge
|turn|32
|
|move|p2a: Crobat|Super Fang|p1a: Forretress
|-damage|p1a: Forretress|177\/354
|move|p1a: Forretress|Gyro Ball|p2a: Crobat
|-damage|p2a: Crobat|181\/374
|
|-heal|p2a: Crobat|204\/374|[from] item: Black Sludge
|-heal|p1a: Forretress|199\/354|[from] item: Leftovers
|turn|33
|
|move|p2a: Crobat|Roost|p2a: Crobat
|-heal|p2a: Crobat|374\/374
|move|p1a: Forretress|Volt Switch|p2a: Crobat
|-damage|p2a: Crobat|336\/374
|
|switch|p1a: Arcanine|Arcanine, M|166\/384
|-ability|p1a: Arcanine|Intimidate|[of] p2a: Crobat
|-unboost|p2a: Crobat|atk|1
|
|-heal|p2a: Crobat|359\/374|[from] item: Black Sludge
|-heal|p1a: Arcanine|190\/384|[from] item: Leftovers
|turn|34
|
|switch|p2a: Slowking|Slowking, F|378\/394 brn
|-damage|p2a: Slowking|329\/394 brn|[from] Spikes
|move|p1a: Arcanine|Morning Sun|p1a: Arcanine
|-heal|p1a: Arcanine|382\/384
|
|-heal|p1a: Arcanine|384\/384|[from] item: Leftovers
|-damage|p2a: Slowking|280\/394 brn|[from] brn
|turn|35
|
|switch|p1a: Goodra|Goodra, F|362\/384
|move|p2a: Slowking|Thunder Wave|p1a: Goodra
|-status|p1a: Goodra|par
|
|-damage|p2a: Slowking|231\/394 brn|[from] brn
|turn|36
|
|switch|p2a: Blissey|Blissey, F|606\/713
|-damage|p2a: Blissey|517\/713|[from] Spikes
|move|p1a: Goodra|Dragon Pulse|p2a: Blissey
|-damage|p2a: Blissey|403\/713
|
|-heal|p2a: Blissey|447\/713|[from] item: Leftovers
|turn|37
|
|switch|p1a: Azelf|Azelf|1\/291
|move|p2a: Blissey|Seismic Toss|p1a: Azelf
|-damage|p1a: Azelf|0 fnt
|faint|p1a: Azelf
|
|-heal|p2a: Blissey|491\/713|[from] item: Leftovers
|
|switch|p1a: Forretress|Forretress, M|199\/354
|turn|38
|
|move|p2a: Blissey|Seismic Toss|p1a: Forretress
|-damage|p1a: Forretress|99\/354
|move|p1a: Forretress|Spikes|p2a: Blissey
|-sidestart|p2: teamtest239852|Spikes
|
|-heal|p2a: Blissey|535\/713|[from] item: Leftovers
|-heal|p1a: Forretress|121\/354|[from] item: Leftovers
|turn|39
|
|switch|p1a: Arcanine|Arcanine, M|384\/384
|-ability|p1a: Arcanine|Intimidate|[of] p2a: Blissey
|-unboost|p2a: Blissey|atk|1
|move|p2a: Blissey|Seismic Toss|p1a: Arcanine
|-damage|p1a: Arcanine|284\/384
|
|-heal|p1a: Arcanine|308\/384|[from] item: Leftovers
|-heal|p2a: Blissey|579\/713|[from] item: Leftovers
|turn|40
|
|move|p2a: Blissey|Toxic|p1a: Arcanine
|-status|p1a: Arcanine|tox
|move|p1a: Arcanine|Roar|p2a: Blissey
|drag|p2a: Crobat|Crobat, F|359\/374
|
|-heal|p2a: Crobat|374\/374|[from] item: Black Sludge
|-heal|p1a: Arcanine|332\/384 tox|[from] item: Leftovers
|-damage|p1a: Arcanine|308\/384 tox|[from] psn
|turn|41
|
|move|p2a: Crobat|Defog|p1a: Arcanine
|-unboost|p1a: Arcanine|evasion|1
|-sideend|p2: teamtest239852|Spikes|[from] move: Defog|[of] p2a: Crobat
|move|p1a: Arcanine|Will-O-Wisp|p2a: Crobat|[miss]
|-miss|p1a: Arcanine|p2a: Crobat
|
|-heal|p1a: Arcanine|332\/384 tox|[from] item: Leftovers
|-damage|p1a: Arcanine|284\/384 tox|[from] psn
|turn|42
|-message|Suusu forfeited.
|
|win|teamtest239852
|raw|Ladder updating...
|leave|Suusu
|player|p1