|join|teamtest239852
|join|xSocratesx
|player|p1|teamtest239852|15
|player|p2|xSocratesx|290
|gametype|singles
|gen|6
|tier|UU
|rated
|rule|Sleep Clause Mod: Limit one foe put to sleep
|rule|Species Clause: Limit one of each PokÃ©mon
|rule|OHKO Clause: OHKO moves are banned
|rule|Moody Clause: Moody is banned
|rule|Evasion Moves Clause: Evasion moves are banned
|rule|Endless Battle Clause: Forcing endless battles is banned
|rule|HP Percentage Mod: HP is shown in percentages
|clearpoke
|poke|p1|Slowking, M
|poke|p1|Amoonguss, F
|poke|p1|Florges, F
|poke|p1|Absol, F
|poke|p1|Crobat, F
|poke|p1|Flygon, F
|poke|p2|Alakazam, F
|poke|p2|Nidoqueen, F
|poke|p2|Blastoise, M
|poke|p2|Beedrill, F
|poke|p2|Krookodile, F
|poke|p2|Rotom-Mow
|rule|Swagger Clause: Swagger is banned
|rule|Baton Pass Clause: Limit one PokÃ©mon knowing Baton Pass
|teampreview
|
|start
|switch|p1a: Flygon|Flygon, F|301\/301
|switch|p2a: Krookodile|Krookodile, F|332\/332
|turn|1
|
|move|p1a: Flygon|U-turn|p2a: Krookodile
|-supereffective|p2a: Krookodile
|-damage|p2a: Krookodile|160\/332
|
|switch|p1a: Amoonguss|Amoonguss, F|432\/432
|move|p2a: Krookodile|Knock Off|p1a: Amoonguss
|-damage|p1a: Amoonguss|269\/432
|-enditem|p1a: Amoonguss|Black Sludge|[from] move: Knock Off|[of] p2a: Krookodile
|
|turn|2
|
|switch|p2a: Rotom-Mow|Rotom-Mow|241\/241
|move|p1a: Amoonguss|Foul Play|p2a: Rotom-Mow
|-damage|p2a: Rotom-Mow|194\/241
|
|turn|3
|
|move|p2a: Rotom-Mow|Volt Switch|p1a: Amoonguss
|-resisted|p1a: Amoonguss
|-damage|p1a: Amoonguss|211\/432
|
|switch|p2a: Beedrill|Beedrill, F|271\/271
|move|p1a: Amoonguss|Clear Smog|p2a: Beedrill
|-resisted|p2a: Beedrill
|-damage|p2a: Beedrill|239\/271
|-clearboost|p2a: Beedrill
|
|turn|4
|
|switch|p1a: Crobat|Crobat, F|373\/373
|detailschange|p2a: Beedrill|Beedrill-Mega, F
|-mega|p2a: Beedrill|Beedrill|Beedrillite
|move|p2a: Beedrill|U-turn|p1a: Crobat
|-resisted|p1a: Crobat
|-damage|p1a: Crobat|320\/373
|
|switch|p2a: Rotom-Mow|Rotom-Mow|194\/241
|
|-heal|p1a: Crobat|343\/373|[from] item: Black Sludge
|turn|5
|
|switch|p1a: Amoonguss|Amoonguss, F|355\/432
|move|p2a: Rotom-Mow|Volt Switch|p1a: Amoonguss
|-resisted|p1a: Amoonguss
|-damage|p1a: Amoonguss|297\/432
|
|switch|p2a: Beedrill|Beedrill-Mega, F|239\/271
|
|turn|6
|
|switch|p1a: Crobat|Crobat, F|343\/373
|move|p2a: Beedrill|U-turn|p1a: Crobat
|-resisted|p1a: Crobat
|-damage|p1a: Crobat|285\/373
|
|switch|p2a: Rotom-Mow|Rotom-Mow|194\/241
|
|-heal|p1a: Crobat|308\/373|[from] item: Black Sludge
|turn|7
|
|switch|p1a: Amoonguss|Amoonguss, F|432\/432
|move|p2a: Rotom-Mow|Volt Switch|p1a: Amoonguss
|-resisted|p1a: Amoonguss
|-damage|p1a: Amoonguss|369\/432
|
|switch|p2a: Beedrill|Beedrill-Mega, F|239\/271
|
|turn|8
|
|move|p2a: Beedrill|U-turn|p1a: Amoonguss
|-damage|p1a: Amoonguss|183\/432
|
|switch|p2a: Rotom-Mow|Rotom-Mow|194\/241
|move|p1a: Amoonguss|Foul Play|p2a: Rotom-Mow
|-damage|p2a: Rotom-Mow|152\/241
|
|turn|9
|
|move|p2a: Rotom-Mow|Volt Switch|p1a: Amoonguss
|-resisted|p1a: Amoonguss
|-damage|p1a: Amoonguss|122\/432
|
|switch|p2a: Nidoqueen|Nidoqueen, F|384\/384
|move|p1a: Amoonguss|Spore|p2a: Nidoqueen
|-status|p2a: Nidoqueen|slp
|
|turn|10
|
|switch|p2a: Rotom-Mow|Rotom-Mow|152\/241
|move|p1a: Amoonguss|Giga Drain|p2a: Rotom-Mow
|-resisted|p2a: Rotom-Mow
|-damage|p2a: Rotom-Mow|118\/241
|-heal|p1a: Amoonguss|139\/432|[from] drain|[of] p2a: Rotom-Mow
|
|turn|11
|
|move|p2a: Rotom-Mow|Volt Switch|p1a: Amoonguss
|-resisted|p1a: Amoonguss
|-damage|p1a: Amoonguss|85\/432
|
|switch|p2a: Krookodile|Krookodile, F|160\/332
|move|p1a: Amoonguss|Foul Play|p2a: Krookodile
|-resisted|p2a: Krookodile
|-damage|p2a: Krookodile|92\/332
|
|turn|12
|
|move|p2a: Krookodile|Pursuit|p1a: Amoonguss|[from]Pursuit
|-damage|p1a: Amoonguss|0 fnt
|faint|p1a: Amoonguss
|-boost|p2a: Krookodile|atk|1|[from] ability: Moxie
|
|
|switch|p1a: Absol|Absol, F|271\/271
|turn|13
|
|switch|p2a: Nidoqueen|Nidoqueen, F|384\/384 slp
|detailschange|p1a: Absol|Absol-Mega, F
|-mega|p1a: Absol|Absol|Absolite
|move|p1a: Absol|Knock Off|p2a: Nidoqueen
|-damage|p2a: Nidoqueen|167\/384 slp
|-enditem|p2a: Nidoqueen|Black Sludge|[from] move: Knock Off|[of] p1a: Absol
|
|turn|14
|
|switch|p2a: Blastoise|Blastoise, M|362\/362
|move|p1a: Absol|Swords Dance|p1a: Absol
|-boost|p1a: Absol|atk|2
|
|turn|15
|
|switch|p1a: Florges|Florges, F|360\/360
|move|p2a: Blastoise|Scald|p1a: Florges
|-damage|p1a: Florges|306\/360
|-status|p1a: Florges|brn
|
|-heal|p1a: Florges|328\/360 brn|[from] item: Leftovers
|-damage|p1a: Florges|283\/360 brn|[from] brn
|turn|16
|
|switch|p2a: Beedrill|Beedrill-Mega, F|239\/271
|move|p1a: Florges|Aromatherapy|p1a: Florges
|-cureteam|p1a: Florges|[from] move: Aromatherapy
|
|-heal|p1a: Florges|305\/360|[from] item: Leftovers
|turn|17
|
|move|p1a: Florges|Protect|p1a: Florges
|-singleturn|p1a: Florges|Protect
|move|p2a: Beedrill|Poison Jab|p1a: Florges
|-activate|p1a: Florges|Protect
|
|-heal|p1a: Florges|327\/360|[from] item: Leftovers
|turn|18
|
|switch|p1a: Crobat|Crobat, F|308\/373
|move|p2a: Beedrill|Poison Jab|p1a: Crobat
|-resisted|p1a: Crobat
|-damage|p1a: Crobat|182\/373
|
|-heal|p1a: Crobat|205\/373|[from] item: Black Sludge
|turn|19
|
|move|p2a: Beedrill|U-turn|p1a: Crobat
|-crit|p1a: Crobat
|-resisted|p1a: Crobat
|-damage|p1a: Crobat|124\/373
|
|switch|p2a: Nidoqueen|Nidoqueen, F|167\/384 slp
|move|p1a: Crobat|Roost|p1a: Crobat
|-heal|p1a: Crobat|311\/373
|
|-heal|p1a: Crobat|334\/373|[from] item: Black Sludge
|turn|20
|
|move|p1a: Crobat|Brave Bird|p2a: Nidoqueen
|-damage|p2a: Nidoqueen|1\/384 slp
|-damage|p1a: Crobat|279\/373|[from] recoil|[of] p2a: Nidoqueen
|cant|p2a: Nidoqueen|slp
|
|-heal|p1a: Crobat|302\/373|[from] item: Black Sludge
|turn|21
|
|move|p1a: Crobat|Brave Bird|p2a: Nidoqueen
|-damage|p2a: Nidoqueen|0 fnt
|-damage|p1a: Crobat|301\/373|[from] recoil|[of] p2a: Nidoqueen
|faint|p2a: Nidoqueen
|
|-heal|p1a: Crobat|324\/373|[from] item: Black Sludge
|
|switch|p2a: Rotom-Mow|Rotom-Mow|118\/241
|turn|22
|
|switch|p1a: Florges|Florges, F|327\/360
|move|p2a: Rotom-Mow|Volt Switch|p1a: Florges
|-damage|p1a: Florges|254\/360
|
|switch|p2a: Alakazam|Alakazam, F|252\/252
|
|-heal|p1a: Florges|276\/360|[from] item: Leftovers
|turn|23
|
|switch|p1a: Slowking|Slowking, M|393\/393
|move|p2a: Alakazam|Psyshock|p1a: Slowking
|-resisted|p1a: Slowking
|-damage|p1a: Slowking|303\/393
|
|turn|24
|
|move|p2a: Alakazam|Energy Ball|p1a: Slowking
|-supereffective|p1a: Slowking
|-damage|p1a: Slowking|175\/393
|move|p1a: Slowking|Scald|p2a: Alakazam
|-damage|p2a: Alakazam|125\/252
|-status|p2a: Alakazam|brn
|
|turn|25
|
|switch|p2a: Rotom-Mow|Rotom-Mow|118\/241
|move|p1a: Slowking|Scald|p2a: Rotom-Mow
|-resisted|p2a: Rotom-Mow
|-damage|p2a: Rotom-Mow|63\/241
|
|turn|26
|
|switch|p1a: Florges|Florges, F|276\/360
|move|p2a: Rotom-Mow|Leaf Storm|p1a: Florges
|-crit|p1a: Florges
|-damage|p1a: Florges|99\/360
|-unboost|p2a: Rotom-Mow|spa|2
|
|-heal|p1a: Florges|121\/360|[from] item: Leftovers
|turn|27
|
|switch|p2a: Beedrill|Beedrill-Mega, F|239\/271
|move|p1a: Florges|Wish|p1a: Florges
|
|-heal|p1a: Florges|143\/360|[from] item: Leftovers
|turn|28
|-message|xSocratesx lost due to inactivity.
|
|win|teamtest239852
|raw|Ladder updating...
|raw|teamtest239852's rating: 1440 &rarr; <strong>1447<\/strong><br \/>(+7 for winning)
|raw|xSocratesx's rating: 1169 &rarr; <strong>1160<\/strong><br \/>(-9 for losing)