|join|Varr
|join|teamtest239852
|player|p1|Varr|200
|player|p2|teamtest239852|3
|gametype|singles
|gen|6
|tier|UU
|rated
|rule|Sleep Clause Mod: Limit one foe put to sleep
|rule|Species Clause: Limit one of each PokÃ©mon
|rule|OHKO Clause: OHKO moves are banned
|rule|Moody Clause: Moody is banned
|rule|Evasion Moves Clause: Evasion moves are banned
|rule|Endless Battle Clause: Forcing endless battles is banned
|rule|HP Percentage Mod: HP is shown in percentages
|clearpoke
|poke|p1|Abomasnow, F
|poke|p1|Rhyperior, M
|poke|p1|Infernape, M
|poke|p1|Granbull, M
|poke|p1|Empoleon, M
|poke|p1|Noivern, M
|poke|p2|Swampert, F
|poke|p2|Aerodactyl, M
|poke|p2|Lucario, M
|poke|p2|Umbreon, M
|poke|p2|Arcanine, F
|poke|p2|Roserade, M
|rule|Swagger Clause: Swagger is banned
|rule|Baton Pass Clause: Limit one PokÃ©mon knowing Baton Pass
|teampreview
|
|start
|switch|p1a: Infernape|Infernape, M|293\/293
|switch|p2a: Swampert|Swampert, F|404\/404
|turn|1
|
|switch|p2a: Aerodactyl|Aerodactyl, M|301\/301
|-ability|p2a: Aerodactyl|Unnerve|p1: Varr
|move|p1a: Infernape|U-turn|p2a: Aerodactyl
|-resisted|p2a: Aerodactyl
|-damage|p2a: Aerodactyl|250\/301
|
|switch|p1a: Empoleon|Empoleon, M|372\/372
|
|turn|2
|
|switch|p2a: Swampert|Swampert, F|404\/404
|move|p1a: Empoleon|Scald|p2a: Swampert
|-damage|p2a: Swampert|293\/404
|
|-heal|p2a: Swampert|318\/404|[from] item: Leftovers
|turn|3
|
|switch|p1a: Granbull|Granbull, M|384\/384
|-ability|p1a: Granbull|Intimidate|[of] p2a: Swampert
|-unboost|p2a: Swampert|atk|1
|move|p2a: Swampert|Stealth Rock|p1a: Granbull
|-sidestart|p1: Varr|move: Stealth Rock
|
|-heal|p2a: Swampert|343\/404|[from] item: Leftovers
|turn|4
|
|switch|p2a: Roserade|Roserade, M|324\/324
|move|p1a: Granbull|Play Rough|p2a: Roserade
|-resisted|p2a: Roserade
|-damage|p2a: Roserade|222\/324
|
|turn|5
|
|switch|p1a: Infernape|Infernape, M|293\/293
|-damage|p1a: Infernape|257\/293|[from] Stealth Rock
|move|p2a: Roserade|Giga Drain|p1a: Infernape
|-resisted|p1a: Infernape
|-damage|p1a: Infernape|179\/293
|-heal|p2a: Roserade|273\/324|[from] drain|[of] p1a: Infernape
|
|turn|6
|
|switch|p2a: Swampert|Swampert, F|343\/404
|move|p1a: Infernape|U-turn|p2a: Swampert
|-damage|p2a: Swampert|285\/404
|
|switch|p1a: Empoleon|Empoleon, M|372\/372
|-damage|p1a: Empoleon|349\/372|[from] Stealth Rock
|
|-heal|p1a: Empoleon|372\/372|[from] item: Leftovers
|-heal|p2a: Swampert|310\/404|[from] item: Leftovers
|turn|7
|
|move|p1a: Empoleon|Scald|p2a: Swampert
|-damage|p2a: Swampert|195\/404
|move|p2a: Swampert|Earthquake|p1a: Empoleon
|-supereffective|p1a: Empoleon
|-damage|p1a: Empoleon|96\/372
|
|-heal|p1a: Empoleon|119\/372|[from] item: Leftovers
|-heal|p2a: Swampert|220\/404|[from] item: Leftovers
|turn|8
|
|switch|p1a: Granbull|Granbull, M|384\/384
|-damage|p1a: Granbull|336\/384|[from] Stealth Rock
|-ability|p1a: Granbull|Intimidate|[of] p2a: Swampert
|-unboost|p2a: Swampert|atk|1
|move|p2a: Swampert|Earthquake|p1a: Granbull
|-damage|p1a: Granbull|257\/384
|
|-heal|p2a: Swampert|245\/404|[from] item: Leftovers
|-heal|p1a: Granbull|281\/384|[from] item: Leftovers
|turn|9
|
|switch|p2a: Roserade|Roserade, M|273\/324
|move|p1a: Granbull|Play Rough|p2a: Roserade
|-resisted|p2a: Roserade
|-damage|p2a: Roserade|170\/324
|
|-heal|p1a: Granbull|305\/384|[from] item: Leftovers
|turn|10
|
|switch|p1a: Infernape|Infernape, M|179\/293
|-damage|p1a: Infernape|143\/293|[from] Stealth Rock
|move|p2a: Roserade|Giga Drain|p1a: Infernape
|-resisted|p1a: Infernape
|-damage|p1a: Infernape|61\/293
|-heal|p2a: Roserade|223\/324|[from] drain|[of] p1a: Infernape
|
|turn|11
|
|switch|p2a: Swampert|Swampert, F|245\/404
|move|p1a: Infernape|Flare Blitz|p2a: Swampert
|-resisted|p2a: Swampert
|-damage|p2a: Swampert|140\/404
|-damage|p1a: Infernape|26\/293|[from] recoil|[of] p2a: Swampert
|
|-heal|p2a: Swampert|165\/404|[from] item: Leftovers
|turn|12
|
|switch|p1a: Granbull|Granbull, M|305\/384
|-damage|p1a: Granbull|257\/384|[from] Stealth Rock
|-ability|p1a: Granbull|Intimidate|[of] p2a: Swampert
|-unboost|p2a: Swampert|atk|1
|move|p2a: Swampert|Scald|p1a: Granbull
|-crit|p1a: Granbull
|-damage|p1a: Granbull|80\/384
|-status|p1a: Granbull|brn
|
|-heal|p2a: Swampert|190\/404|[from] item: Leftovers
|-heal|p1a: Granbull|104\/384 brn|[from] item: Leftovers
|-damage|p1a: Granbull|56\/384 brn|[from] brn
|turn|13
|
|move|p2a: Swampert|Scald|p1a: Granbull
|-damage|p1a: Granbull|0 fnt
|faint|p1a: Granbull
|
|-heal|p2a: Swampert|215\/404|[from] item: Leftovers
|
|switch|p1a: Empoleon|Empoleon, M|119\/372
|-damage|p1a: Empoleon|96\/372|[from] Stealth Rock
|turn|14
|
|move|p1a: Empoleon|Defog|p2a: Swampert
|-unboost|p2a: Swampert|evasion|1
|-sideend|p1: Varr|Stealth Rock|[from] move: Defog|[of] p1a: Empoleon
|move|p2a: Swampert|Earthquake|p1a: Empoleon
|-supereffective|p1a: Empoleon
|-damage|p1a: Empoleon|0 fnt
|faint|p1a: Empoleon
|
|-heal|p2a: Swampert|240\/404|[from] item: Leftovers
|
|switch|p1a: Noivern|Noivern, M|311\/311
|turn|15
|
|switch|p2a: Umbreon|Umbreon, M|394\/394
|move|p1a: Noivern|Draco Meteor|p2a: Umbreon
|-damage|p2a: Umbreon|238\/394
|-unboost|p1a: Noivern|spa|2
|-damage|p1a: Noivern|280\/311|[from] item: Life Orb
|
|-heal|p2a: Umbreon|262\/394|[from] item: Leftovers
|turn|16
|
|switch|p1a: Rhyperior|Rhyperior, M|414\/414
|switch|p2a: Swampert|Swampert, F|240\/404
|
|-heal|p2a: Swampert|265\/404|[from] item: Leftovers
|turn|17
|
|move|p2a: Swampert|Stealth Rock|p1a: Rhyperior
|-sidestart|p1: Varr|move: Stealth Rock
|move|p1a: Rhyperior|Earthquake|p2a: Swampert
|-damage|p2a: Swampert|40\/404
|
|-heal|p2a: Swampert|65\/404|[from] item: Leftovers
|turn|18
|
|move|p2a: Swampert|Scald|p1a: Rhyperior
|-supereffective|p1a: Rhyperior
|-damage|p1a: Rhyperior|0 fnt
|faint|p1a: Rhyperior
|
|-heal|p2a: Swampert|90\/404|[from] item: Leftovers
|
|switch|p1a: Noivern|Noivern, M|280\/311
|-damage|p1a: Noivern|203\/311|[from] Stealth Rock
|turn|19
|
|switch|p2a: Umbreon|Umbreon, M|262\/394
|move|p1a: Noivern|Air Slash|p2a: Umbreon
|-damage|p2a: Umbreon|176\/394
|-damage|p1a: Noivern|172\/311|[from] item: Life Orb
|
|-heal|p2a: Umbreon|200\/394|[from] item: Leftovers
|turn|20
|
|move|p1a: Noivern|Air Slash|p2a: Umbreon
|-damage|p2a: Umbreon|113\/394
|-damage|p1a: Noivern|141\/311|[from] item: Life Orb
|move|p2a: Umbreon|Moonlight|p2a: Umbreon
|-heal|p2a: Umbreon|310\/394
|
|-heal|p2a: Umbreon|334\/394|[from] item: Leftovers
|turn|21
|
|move|p1a: Noivern|Air Slash|p2a: Umbreon
|-damage|p2a: Umbreon|244\/394
|-damage|p1a: Noivern|110\/311|[from] item: Life Orb
|move|p2a: Umbreon|Foul Play|p1a: Noivern
|-damage|p1a: Noivern|16\/311
|
|-heal|p2a: Umbreon|268\/394|[from] item: Leftovers
|turn|22
|
|move|p1a: Noivern|Air Slash|p2a: Umbreon
|-crit|p2a: Umbreon
|-damage|p2a: Umbreon|130\/394
|-damage|p1a: Noivern|0 fnt|[from] item: Life Orb
|faint|p1a: Noivern
|cant|p2a: Umbreon|flinch
|
|-heal|p2a: Umbreon|154\/394|[from] item: Leftovers
|
|switch|p1a: Abomasnow|Abomasnow, F|383\/383
|-damage|p1a: Abomasnow|288\/383|[from] Stealth Rock
|-weather|Hail
|turn|23
|
|detailschange|p1a: Abomasnow|Abomasnow-Mega, F
|message|Abomasnow has Mega Evolved into Mega Abomasnow!
|move|p2a: Umbreon|Foul Play|p1a: Abomasnow
|-damage|p1a: Abomasnow|96\/383
|move|p1a: Abomasnow|Earthquake|p2a: Umbreon
|-damage|p2a: Umbreon|24\/394
|
|-weather|Hail|[upkeep]
|-damage|p2a: Umbreon|0 fnt|[from] hail
|faint|p2a: Umbreon
|
|switch|p2a: Lucario|Lucario, M|281\/281
|turn|24
|
|move|p2a: Lucario|Bullet Punch|p1a: Abomasnow
|-supereffective|p1a: Abomasnow
|-damage|p1a: Abomasnow|0 fnt
|-damage|p2a: Lucario|253\/281|[from] item: Life Orb
|faint|p1a: Abomasnow
|
|-weather|Hail|[upkeep]
|-damage|p2a: Lucario|236\/281|[from] hail
|-message|Varr forfeited.
|
|win|teamtest239852
|raw|Ladder updating...
|leave|Varr
|player|p1
|raw|Varr's rating: 1312 &rarr; <strong>1297<\/strong><br \/>(-15 for losing)
|raw|teamtest239852's rating: 1408 &rarr; <strong>1423<\/strong><br \/>(+15 for winning)