|join|Tmac111
|join|teamtest239852
|player|p1|Tmac111|290
|player|p2|teamtest239852|42
|gametype|singles
|gen|6
|tier|UU
|rated
|rule|Sleep Clause Mod: Limit one foe put to sleep
|rule|Species Clause: Limit one of each PokÃ©mon
|rule|OHKO Clause: OHKO moves are banned
|rule|Moody Clause: Moody is banned
|rule|Evasion Moves Clause: Evasion moves are banned
|rule|Endless Battle Clause: Forcing endless battles is banned
|rule|HP Percentage Mod: HP is shown in percentages
|clearpoke
|poke|p1|Nidoking, M
|poke|p1|Arcanine, M
|poke|p1|Blissey, F
|poke|p1|Aerodactyl, M
|poke|p1|Golbat, M
|poke|p1|Scrafty, M
|poke|p2|Sceptile, M, shiny
|poke|p2|Blissey, F
|poke|p2|Entei, shiny
|poke|p2|Forretress, M, shiny
|poke|p2|Galvantula, F
|poke|p2|Machamp, M
|rule|Swagger Clause: Swagger is banned
|rule|Baton Pass Clause: Limit one PokÃ©mon knowing Baton Pass
|teampreview
|
|start
|switch|p1a: Nidoking|Nidoking, M|304\/304
|switch|p2a: Galvantula|Galvantula, F|281\/281
|turn|1
|
|move|p2a: Galvantula|Sticky Web|p1a: Nidoking
|-sidestart|p1: Tmac111|move: Sticky Web
|move|p1a: Nidoking|Earth Power|p2a: Galvantula
|-enditem|p2a: Galvantula|Focus Sash
|-damage|p2a: Galvantula|1\/281
|
|turn|2
|
|switch|p2a: Blissey|Blissey, F|714\/714
|move|p1a: Nidoking|Earth Power|p2a: Blissey
|-damage|p2a: Blissey|558\/714
|
|-heal|p2a: Blissey|602\/714|[from] item: Leftovers
|turn|3
|
|switch|p1a: Golbat|Golbat, M|354\/354
|move|p2a: Blissey|Wish|p2a: Blissey
|
|-heal|p2a: Blissey|646\/714|[from] item: Leftovers
|turn|4
|
|switch|p1a: Nidoking|Nidoking, M|304\/304
|-activate|p1a: Nidoking|move: Sticky Web
|-unboost|p1a: Nidoking|spe|1
|switch|p2a: Entei|Entei, shiny|372\/372
|-ability|p2a: Entei|Pressure
|
|turn|5
|
|switch|p2a: Blissey|Blissey, F|646\/714
|switch|p1a: Blissey|Blissey, F|652\/652
|-activate|p1a: Blissey|move: Sticky Web
|-unboost|p1a: Blissey|spe|1
|
|-heal|p2a: Blissey|690\/714|[from] item: Leftovers
|turn|6
|
|switch|p2a: Machamp|Machamp, M|384\/384
|switch|p1a: Golbat|Golbat, M|354\/354
|
|turn|7
|
|switch|p2a: Entei|Entei, shiny|372\/372
|-ability|p2a: Entei|Pressure
|move|p1a: Golbat|Defog|p2a: Entei
|-unboost|p2a: Entei|evasion|1
|-sideend|p1: Tmac111|Sticky Web|[from] move: Defog|[of] p1a: Golbat
|
|turn|8
|
|switch|p1a: Arcanine|Arcanine, M|384\/384
|-ability|p1a: Arcanine|Intimidate|[of] p2a: Entei
|-unboost|p2a: Entei|atk|1
|move|p2a: Entei|Stone Edge|p1a: Arcanine
|-supereffective|p1a: Arcanine
|-damage|p1a: Arcanine|248\/384
|
|turn|9
|
|switch|p2a: Blissey|Blissey, F|690\/714
|move|p1a: Arcanine|Morning Sun|p1a: Arcanine
|-heal|p1a: Arcanine|384\/384
|
|-heal|p2a: Blissey|714\/714|[from] item: Leftovers
|turn|10
|
|switch|p1a: Scrafty|Scrafty, M|271\/271
|-ability|p1a: Scrafty|Intimidate|[of] p2a: Blissey
|-unboost|p2a: Blissey|atk|1
|move|p2a: Blissey|Wish|p2a: Blissey
|
|turn|11
|
|switch|p2a: Machamp|Machamp, M|384\/384
|move|p1a: Scrafty|Knock Off|p2a: Machamp
|-resisted|p2a: Machamp
|-damage|p2a: Machamp|297\/384
|-enditem|p2a: Machamp|Sitrus Berry|[from] move: Knock Off|[of] p1a: Scrafty
|
|-heal|p2a: Machamp|384\/384|[from] move: Wish|[wisher] Blissey
|turn|12
|
|switch|p1a: Golbat|Golbat, M|354\/354
|move|p2a: Machamp|Dynamic Punch|p1a: Golbat
|-resisted|p1a: Golbat
|-damage|p1a: Golbat|327\/354
|-start|p1a: Golbat|confusion
|
|turn|13
|
|switch|p1a: Arcanine|Arcanine, M|384\/384
|-ability|p1a: Arcanine|Intimidate|[of] p2a: Machamp
|-unboost|p2a: Machamp|atk|1
|move|p2a: Machamp|Stone Edge|p1a: Arcanine
|-supereffective|p1a: Arcanine
|-damage|p1a: Arcanine|226\/384
|
|turn|14
|
|move|p1a: Arcanine|Morning Sun|p1a: Arcanine
|-heal|p1a: Arcanine|384\/384
|move|p2a: Machamp|Dynamic Punch|p1a: Arcanine
|-damage|p1a: Arcanine|266\/384
|-damage|p2a: Machamp|320\/384|[from] item: Rocky Helmet|[of] p1a: Arcanine
|-start|p1a: Arcanine|confusion
|
|turn|15
|
|switch|p1a: Golbat|Golbat, M|327\/354
|move|p2a: Machamp|Stone Edge|p1a: Golbat
|-supereffective|p1a: Golbat
|-damage|p1a: Golbat|211\/354
|
|turn|16
|
|move|p1a: Golbat|Roost|p1a: Golbat
|-heal|p1a: Golbat|354\/354
|move|p2a: Machamp|Dynamic Punch|p1a: Golbat
|-resisted|p1a: Golbat
|-damage|p1a: Golbat|314\/354
|-start|p1a: Golbat|confusion
|
|turn|17
|
|switch|p1a: Arcanine|Arcanine, M|266\/384
|-ability|p1a: Arcanine|Intimidate|[of] p2a: Machamp
|-unboost|p2a: Machamp|atk|1
|switch|p2a: Blissey|Blissey, F|714\/714
|
|turn|18
|
|switch|p1a: Nidoking|Nidoking, M|304\/304
|move|p2a: Blissey|Toxic|p1a: Nidoking|[miss]
|-miss|p2a: Blissey|p1a: Nidoking
|
|turn|19
|
|move|p1a: Nidoking|Earth Power|p2a: Blissey
|-damage|p2a: Blissey|561\/714
|move|p2a: Blissey|Wish|p2a: Blissey
|
|-heal|p2a: Blissey|605\/714|[from] item: Leftovers
|turn|20
|
|switch|p2a: Machamp|Machamp, M|320\/384
|move|p1a: Nidoking|Earth Power|p2a: Machamp
|-damage|p2a: Machamp|90\/384
|
|-heal|p2a: Machamp|384\/384|[from] move: Wish|[wisher] Blissey
|turn|21
|
|switch|p1a: Aerodactyl|Aerodactyl, M|301\/301
|move|p2a: Machamp|Dynamic Punch|p1a: Aerodactyl
|-crit|p1a: Aerodactyl
|-damage|p1a: Aerodactyl|0 fnt
|faint|p1a: Aerodactyl
|
|
|switch|p1a: Nidoking|Nidoking, M|304\/304
|turn|22
|
|switch|p1a: Scrafty|Scrafty, M|271\/271
|-ability|p1a: Scrafty|Intimidate|[of] p2a: Machamp
|-unboost|p2a: Machamp|atk|1
|switch|p2a: Blissey|Blissey, F|605\/714
|
|-heal|p2a: Blissey|649\/714|[from] item: Leftovers
|turn|23
|
|move|p1a: Scrafty|Drain Punch|p2a: Blissey
|-supereffective|p2a: Blissey
|-damage|p2a: Blissey|299\/714
|move|p2a: Blissey|Toxic|p1a: Scrafty
|-status|p1a: Scrafty|tox
|
|-heal|p2a: Blissey|343\/714|[from] item: Leftovers
|-damage|p1a: Scrafty|255\/271 tox|[from] psn
|turn|24
|
|move|p2a: Blissey|Protect|p2a: Blissey
|-singleturn|p2a: Blissey|Protect
|move|p1a: Scrafty|Drain Punch|p2a: Blissey
|-activate|p2a: Blissey|Protect
|
|-heal|p2a: Blissey|387\/714|[from] item: Leftovers
|-damage|p1a: Scrafty|223\/271 tox|[from] psn
|turn|25
|
|switch|p2a: Forretress|Forretress, M, shiny|354\/354
|move|p1a: Scrafty|Drain Punch|p2a: Forretress
|-damage|p2a: Forretress|296\/354
|-heal|p1a: Scrafty|252\/271 tox|[from] drain|[of] p2a: Forretress
|-damage|p1a: Scrafty|207\/271 tox|[from] item: Rocky Helmet|[of] p2a: Forretress
|
|-damage|p1a: Scrafty|159\/271 tox|[from] psn
|turn|26
|
|switch|p1a: Nidoking|Nidoking, M|304\/304
|move|p2a: Forretress|Stealth Rock|p1a: Nidoking
|-sidestart|p1: Tmac111|move: Stealth Rock
|
|turn|27
|
|switch|p2a: Blissey|Blissey, F|387\/714
|move|p1a: Nidoking|Flamethrower|p2a: Blissey
|-damage|p2a: Blissey|279\/714
|
|-heal|p2a: Blissey|323\/714|[from] item: Leftovers
|turn|28
|
|switch|p1a: Golbat|Golbat, M|314\/354
|-damage|p1a: Golbat|226\/354|[from] Stealth Rock
|switch|p2a: Entei|Entei, shiny|372\/372
|-ability|p2a: Entei|Pressure
|
|turn|29
|
|move|p2a: Entei|Sacred Fire|p1a: Golbat|[miss]
|-miss|p2a: Entei|p1a: Golbat
|move|p1a: Golbat|Super Fang|p2a: Entei
|-damage|p2a: Entei|186\/372
|
|turn|30
|
|move|p2a: Entei|Stone Edge|p1a: Golbat
|-crit|p1a: Golbat
|-supereffective|p1a: Golbat
|-damage|p1a: Golbat|24\/354
|move|p1a: Golbat|Roost|p1a: Golbat
|-heal|p1a: Golbat|201\/354
|
|turn|31
|
|move|p2a: Entei|Sacred Fire|p1a: Golbat
|-damage|p1a: Golbat|83\/354
|-status|p1a: Golbat|brn
|move|p1a: Golbat|Defog|p2a: Entei
|-unboost|p2a: Entei|evasion|1
|-sideend|p1: Tmac111|Stealth Rock|[from] move: Defog|[of] p1a: Golbat
|
|-damage|p1a: Golbat|39\/354 brn|[from] brn
|turn|32
|
|switch|p1a: Blissey|Blissey, F|652\/652
|move|p2a: Entei|Stone Edge|p1a: Blissey
|-damage|p1a: Blissey|425\/652
|
|-heal|p1a: Blissey|465\/652|[from] item: Leftovers
|turn|33
|
|move|p2a: Entei|Sacred Fire|p1a: Blissey
|-damage|p1a: Blissey|152\/652
|-status|p1a: Blissey|brn
|move|p1a: Blissey|Seismic Toss|p2a: Entei
|-damage|p2a: Entei|86\/372
|
|-heal|p1a: Blissey|192\/652 brn|[from] item: Leftovers
|-damage|p1a: Blissey|111\/652 brn|[from] brn
|turn|34
|
|switch|p1a: Arcanine|Arcanine, M|266\/384
|-ability|p1a: Arcanine|Intimidate|[of] p2a: Entei
|-unboost|p2a: Entei|atk|1
|move|p2a: Entei|Sacred Fire|p1a: Arcanine
|-resisted|p1a: Arcanine
|-damage|p1a: Arcanine|212\/384
|
|turn|35
|
|switch|p2a: Blissey|Blissey, F|323\/714
|move|p1a: Arcanine|Morning Sun|p1a: Arcanine
|-heal|p1a: Arcanine|384\/384
|
|-heal|p2a: Blissey|367\/714|[from] item: Leftovers
|turn|36
|
|move|p1a: Arcanine|Flare Blitz|p2a: Blissey
|-damage|p2a: Blissey|61\/714
|-damage|p1a: Arcanine|283\/384|[from] recoil|[of] p2a: Blissey
|move|p2a: Blissey|Wish|p2a: Blissey
|
|-heal|p2a: Blissey|105\/714|[from] item: Leftovers
|turn|37
|
|switch|p2a: Entei|Entei, shiny|86\/372
|-ability|p2a: Entei|Pressure
|move|p1a: Arcanine|Will-O-Wisp|p2a: Entei
|-fail|p2a: Entei
|
|-heal|p2a: Entei|372\/372|[from] move: Wish|[wisher] Blissey
|turn|38
|-message|Tmac111 forfeited.
|
|win|teamtest239852
|raw|Ladder updating...
|leave|Tmac111
|player|p1
|raw|Tmac111's rating: 1310 &rarr; <strong>1295<\/strong><br \/>(-15 for losing)
|raw|teamtest239852's rating: 1391 &rarr; <strong>1407<\/strong><br \/>(+16 for winning)