|join|zmj23
|join|teamtest239852
|player|p1|zmj23|101
|player|p2|teamtest239852|66
|gametype|singles
|gen|6
|tier|UU
|rated
|rule|Sleep Clause Mod: Limit one foe put to sleep
|rule|Species Clause: Limit one of each PokÃ©mon
|rule|OHKO Clause: OHKO moves are banned
|rule|Moody Clause: Moody is banned
|rule|Evasion Moves Clause: Evasion moves are banned
|rule|Endless Battle Clause: Forcing endless battles is banned
|rule|HP Percentage Mod: HP is shown in percentages
|clearpoke
|poke|p1|Donphan, M
|poke|p1|Entei, shiny
|poke|p1|Beedrill, M
|poke|p1|Florges, F
|poke|p1|Empoleon, M
|poke|p1|Celebi
|poke|p2|Scrafty, M, shiny
|poke|p2|Arcanine, F, shiny
|poke|p2|Florges, F, shiny
|poke|p2|Bronzong
|poke|p2|Nidoking, M
|poke|p2|Trevenant, M
|rule|Swagger Clause: Swagger is banned
|rule|Baton Pass Clause: Limit one PokÃ©mon knowing Baton Pass
|teampreview
|
|start
|switch|p1a: Beedrill|Beedrill, M|272\/272
|switch|p2a: Gannon|Nidoking, M|304\/304
|turn|1
|
|detailschange|p1a: Beedrill|Beedrill-Mega, M
|message|Beedrill has Mega Evolved into Mega Beedrill!
|move|p1a: Beedrill|Protect|p1a: Beedrill
|-singleturn|p1a: Beedrill|Protect
|move|p2a: Gannon|Earth Power|p1a: Beedrill
|-activate|p1a: Beedrill|Protect
|
|turn|2
|
|move|p2a: Gannon|Earth Power|p1a: Beedrill
|-damage|p1a: Beedrill|68\/272
|move|p1a: Beedrill|U-turn|p2a: Gannon
|-resisted|p2a: Gannon
|-damage|p2a: Gannon|182\/304
|
|switch|p1a: Celebi|Celebi|341\/341
|
|turn|3
|
|switch|p2a: Bronzong|Bronzong|338\/338
|move|p1a: Celebi|Swords Dance|p1a: Celebi
|-boost|p1a: Celebi|atk|2
|
|turn|4
|
|move|p1a: Celebi|Baton Pass|p1a: Celebi
|
|switch|p1a: Entei|Entei, shiny|371\/371
|-ability|p1a: Entei|Pressure
|move|p2a: Bronzong|Reflect|p2a: Bronzong
|-sidestart|p2: teamtest239852|Reflect
|
|turn|5
|
|switch|p2a: Midna|Arcanine, F, shiny|321\/321
|-ability|p2a: Midna|Intimidate|[of] p1a: Entei
|-unboost|p1a: Entei|atk|1
|move|p1a: Entei|Sacred Fire|p2a: Midna
|-resisted|p2a: Midna
|-damage|p2a: Midna|236\/321
|
|turn|6
|
|move|p2a: Midna|Extreme Speed|p1a: Entei
|-damage|p1a: Entei|218\/371
|move|p1a: Entei|Stone Edge|p2a: Midna
|-supereffective|p2a: Midna
|-damage|p2a: Midna|23\/321
|
|turn|7
|
|move|p1a: Entei|Extreme Speed|p2a: Midna
|-damage|p2a: Midna|0 fnt
|faint|p2a: Midna
|
|
|switch|p2a: Gannon|Nidoking, M|182\/304
|turn|8
|
|switch|p1a: Celebi|Celebi|341\/341
|move|p2a: Gannon|Earth Power|p1a: Celebi
|-resisted|p1a: Celebi
|-damage|p1a: Celebi|260\/341
|
|-heal|p1a: Celebi|281\/341|[from] item: Leftovers
|turn|9
|
|switch|p2a: Link|Scrafty, M, shiny|271\/271
|move|p1a: Celebi|Swords Dance|p1a: Celebi
|-boost|p1a: Celebi|atk|2
|
|-heal|p1a: Celebi|302\/341|[from] item: Leftovers
|turn|10
|
|move|p1a: Celebi|Seed Bomb|p2a: Link
|-damage|p2a: Link|162\/271
|move|p2a: Link|Dragon Dance|p2a: Link
|-boost|p2a: Link|atk|1
|-boost|p2a: Link|spe|1
|
|-heal|p1a: Celebi|323\/341|[from] item: Leftovers
|turn|11
|
|move|p1a: Celebi|Seed Bomb|p2a: Link
|-damage|p2a: Link|51\/271
|move|p2a: Link|Knock Off|p1a: Celebi
|-supereffective|p1a: Celebi
|-damage|p1a: Celebi|0 fnt
|-enditem|p1a: Celebi|Leftovers|[from] move: Knock Off|[of] p2a: Link
|-damage|p2a: Link|24\/271|[from] item: Life Orb
|faint|p1a: Celebi
|-boost|p2a: Link|atk|1|[from] ability: Moxie
|
|-sideend|p2: teamtest239852|Reflect
|
|switch|p1a: Entei|Entei, shiny|218\/371
|-ability|p1a: Entei|Pressure
|turn|12
|
|move|p1a: Entei|Extreme Speed|p2a: Link
|-damage|p2a: Link|0 fnt
|faint|p2a: Link
|
|
|switch|p2a: Gannon|Nidoking, M|182\/304
|turn|13
|
|switch|p1a: Florges|Florges, F|360\/360
|move|p2a: Gannon|Earth Power|p1a: Florges
|-damage|p1a: Florges|273\/360
|
|-heal|p1a: Florges|295\/360|[from] item: Leftovers
|turn|14
|
|switch|p2a: Bronzong|Bronzong|338\/338
|switch|p1a: Entei|Entei, shiny|218\/371
|-ability|p1a: Entei|Pressure
|
|turn|15
|
|move|p1a: Entei|Sacred Fire|p2a: Bronzong
|-supereffective|p2a: Bronzong
|-damage|p2a: Bronzong|90\/338
|-status|p2a: Bronzong|brn
|move|p2a: Bronzong|Reflect|p2a: Bronzong
|-sidestart|p2: teamtest239852|Reflect
|
|-damage|p2a: Bronzong|48\/338 brn|[from] brn
|turn|16
|
|switch|p1a: Empoleon|Empoleon, M|372\/372
|move|p2a: Bronzong|Light Screen|p2a: Bronzong
|-sidestart|p2: teamtest239852|move: Light Screen
|
|-damage|p2a: Bronzong|6\/338 brn|[from] brn
|turn|17
|
|move|p1a: Empoleon|Stealth Rock|p2a: Bronzong
|-sidestart|p2: teamtest239852|move: Stealth Rock
|move|p2a: Bronzong|Reflect|p2a: Bronzong
|-fail|p2a: Bronzong
|
|-damage|p2a: Bronzong|0 fnt|[from] brn
|faint|p2a: Bronzong
|
|switch|p2a: Gannon|Nidoking, M|182\/304
|-damage|p2a: Gannon|163\/304|[from] Stealth Rock
|turn|18
|
|move|p2a: Gannon|Sludge Wave|p1a: Empoleon
|-immune|p1a: Empoleon|[msg]
|move|p1a: Empoleon|Scald|p2a: Gannon
|-supereffective|p2a: Gannon
|-damage|p2a: Gannon|37\/304
|
|turn|19
|
|move|p2a: Gannon|Sludge Wave|p1a: Empoleon
|-immune|p1a: Empoleon|[msg]
|move|p1a: Empoleon|Knock Off|p2a: Gannon
|-damage|p2a: Gannon|0 fnt
|-enditem|p2a: Gannon|Choice Scarf|[from] move: Knock Off|[of] p1a: Empoleon
|faint|p2a: Gannon
|
|
|switch|p2a: Great Deku|Trevenant, M|373\/373
|-damage|p2a: Great Deku|327\/373|[from] Stealth Rock
|turn|20
|
|move|p2a: Great Deku|Leech Seed|p1a: Empoleon
|-start|p1a: Empoleon|move: Leech Seed
|move|p1a: Empoleon|Knock Off|p2a: Great Deku
|-supereffective|p2a: Great Deku
|-damage|p2a: Great Deku|247\/373
|-enditem|p2a: Great Deku|Lum Berry|[from] move: Knock Off|[of] p1a: Empoleon
|
|-damage|p1a: Empoleon|326\/372|[from] Leech Seed|[of] p2a: Great Deku
|-heal|p2a: Great Deku|293\/373|[silent]
|turn|21
|
|switch|p1a: Entei|Entei, shiny|218\/371
|-ability|p1a: Entei|Pressure
|move|p2a: Great Deku|Horn Leech|p1a: Entei
|-resisted|p1a: Entei
|-damage|p1a: Entei|165\/371
|-heal|p2a: Great Deku|320\/373|[from] drain|[of] p1a: Entei
|
|turn|22
|
|switch|p2a: Great Fairy|Florges, F, shiny|359\/359
|-damage|p2a: Great Fairy|315\/359|[from] Stealth Rock
|move|p1a: Entei|Sacred Fire|p2a: Great Fairy
|-damage|p2a: Great Fairy|193\/359
|
|-heal|p2a: Great Fairy|215\/359|[from] item: Leftovers
|-sideend|p2: teamtest239852|Reflect
|turn|23
|
|move|p2a: Great Fairy|Protect|p2a: Great Fairy
|-singleturn|p2a: Great Fairy|Protect
|move|p1a: Entei|Sacred Fire|p2a: Great Fairy
|-activate|p2a: Great Fairy|Protect
|
|-heal|p2a: Great Fairy|237\/359|[from] item: Leftovers
|-sideend|p2: teamtest239852|move: Light Screen
|turn|24
|
|move|p1a: Entei|Sacred Fire|p2a: Great Fairy
|-damage|p2a: Great Fairy|0 fnt
|faint|p2a: Great Fairy
|
|
|switch|p2a: Great Deku|Trevenant, M|320\/373
|-damage|p2a: Great Deku|274\/373|[from] Stealth Rock
|turn|25
|c|âzmj23|gg
|
|move|p1a: Entei|Flare Blitz|p2a: Great Deku
|-supereffective|p2a: Great Deku
|-damage|p2a: Great Deku|0 fnt
|-damage|p1a: Entei|75\/371|[from] recoil|[of] p2a: Great Deku
|faint|p2a: Great Deku
|
|win|zmj23
|raw|Ladder updating...
|c|âteamtest239852|gg
|raw|zmj23's rating: 1484 &rarr; <strong>1501<\/strong><br \/>(+17 for winning)
|raw|teamtest239852's rating: 1427 &rarr; <strong>1410<\/strong><br \/>(-17 for losing)
|leave|zmj23
|player|p1