|join|teamtest239852
|join|Vasaler
|player|p1|teamtest239852|188
|player|p2|Vasaler|109
|gametype|singles
|gen|6
|tier|UU
|rated
|rule|Sleep Clause Mod: Limit one foe put to sleep
|rule|Species Clause: Limit one of each PokÃ©mon
|rule|OHKO Clause: OHKO moves are banned
|rule|Moody Clause: Moody is banned
|rule|Evasion Moves Clause: Evasion moves are banned
|rule|Endless Battle Clause: Forcing endless battles is banned
|rule|HP Percentage Mod: HP is shown in percentages
|clearpoke
|poke|p1|Absol, F
|poke|p1|Crobat, M
|poke|p1|Granbull, M
|poke|p1|Slowking, M
|poke|p1|Blissey, F
|poke|p1|Haxorus, M, shiny
|poke|p2|Porygon-Z
|poke|p2|Cloyster, M
|poke|p2|Exploud, F
|poke|p2|Mienshao, M
|poke|p2|Snorlax, F
|poke|p2|Trevenant, M, shiny
|rule|Swagger Clause: Swagger is banned
|rule|Baton Pass Clause: Limit one PokÃ©mon knowing Baton Pass
|teampreview
|
|start
|switch|p1a: Slowking|Slowking, M|394\/394
|switch|p2a: Cloyster|Cloyster, M|242\/242
|turn|1
|
|move|p2a: Cloyster|Shell Smash|p2a: Cloyster
|-boost|p2a: Cloyster|atk|2
|-boost|p2a: Cloyster|spa|2
|-boost|p2a: Cloyster|spe|2
|-unboost|p2a: Cloyster|def|1
|-unboost|p2a: Cloyster|spd|1
|move|p1a: Slowking|Thunder Wave|p2a: Cloyster
|-status|p2a: Cloyster|par
|
|turn|2
|
|move|p2a: Cloyster|Rock Blast|p1a: Slowking
|-damage|p1a: Slowking|349\/394
|-damage|p1a: Slowking|305\/394
|-damage|p1a: Slowking|264\/394
|-damage|p1a: Slowking|221\/394
|-damage|p1a: Slowking|175\/394
|-hitcount|p1a: Slowking|5
|move|p1a: Slowking|Scald|p2a: Cloyster
|-resisted|p2a: Cloyster
|-damage|p2a: Cloyster|121\/242 par
|
|turn|3
|
|switch|p1a: Granbull|Granbull, M|384\/384
|-ability|p1a: Granbull|Intimidate|[of] p2a: Cloyster
|-unboost|p2a: Cloyster|atk|1
|cant|p2a: Cloyster|par
|
|turn|4
|
|move|p1a: Granbull|Play Rough|p2a: Cloyster
|-damage|p2a: Cloyster|13\/242 par
|move|p2a: Cloyster|Icicle Spear|p1a: Granbull
|-crit|p1a: Granbull
|-damage|p1a: Granbull|300\/384
|-damage|p1a: Granbull|246\/384
|-damage|p1a: Granbull|191\/384
|-damage|p1a: Granbull|142\/384
|-damage|p1a: Granbull|93\/384
|-hitcount|p1a: Granbull|5
|
|-heal|p1a: Granbull|117\/384|[from] item: Leftovers
|turn|5
|
|cant|p2a: Cloyster|par
|move|p1a: Granbull|Earthquake|p2a: Cloyster
|-damage|p2a: Cloyster|0 fnt
|faint|p2a: Cloyster
|
|-heal|p1a: Granbull|141\/384|[from] item: Leftovers
|
|switch|p2a: Exploud|Exploud, F|350\/350
|turn|6
|
|switch|p1a: Blissey|Blissey, F|713\/713
|move|p2a: Exploud|Boomburst|p1a: Blissey
|-damage|p1a: Blissey|538\/713
|
|-heal|p1a: Blissey|582\/713|[from] item: Leftovers
|turn|7
|
|switch|p2a: Mienshao|Mienshao, M|271\/271
|move|p1a: Blissey|Stealth Rock|p2a: Mienshao
|-sidestart|p2: Vasaler|move: Stealth Rock
|
|-heal|p1a: Blissey|626\/713|[from] item: Leftovers
|turn|8
|
|switch|p1a: Granbull|Granbull, M|141\/384
|-ability|p1a: Granbull|Intimidate|[of] p2a: Mienshao
|-unboost|p2a: Mienshao|atk|1
|move|p2a: Mienshao|Drain Punch|p1a: Granbull
|-crit|p1a: Granbull
|-resisted|p1a: Granbull
|-damage|p1a: Granbull|21\/384
|
|-heal|p1a: Granbull|45\/384|[from] item: Leftovers
|turn|9
|
|switch|p2a: Trevenant|Trevenant, M, shiny|374\/374
|-damage|p2a: Trevenant|328\/374|[from] Stealth Rock
|move|p1a: Granbull|Thunder Wave|p2a: Trevenant
|-status|p2a: Trevenant|par
|
|-heal|p1a: Granbull|69\/384|[from] item: Leftovers
|turn|10
|
|move|p1a: Granbull|Play Rough|p2a: Trevenant
|-crit|p2a: Trevenant
|-damage|p2a: Trevenant|175\/374 par
|-enditem|p2a: Trevenant|Sitrus Berry|[eat]
|-heal|p2a: Trevenant|268\/374 par|[from] item: Sitrus Berry
|move|p2a: Trevenant|Will-O-Wisp|p1a: Granbull|[miss]
|-miss|p2a: Trevenant|p1a: Granbull
|
|-heal|p1a: Granbull|93\/384|[from] item: Leftovers
|-item|p2a: Trevenant|Sitrus Berry|[from] ability: Harvest
|turn|11
|
|move|p1a: Granbull|Play Rough|p2a: Trevenant
|-damage|p2a: Trevenant|162\/374 par
|-enditem|p2a: Trevenant|Sitrus Berry|[eat]
|-heal|p2a: Trevenant|255\/374 par|[from] item: Sitrus Berry
|move|p2a: Trevenant|Horn Leech|p1a: Granbull
|-crit|p1a: Granbull
|-damage|p1a: Granbull|0 fnt
|-heal|p2a: Trevenant|302\/374 par|[from] drain|[of] p1a: Granbull
|faint|p1a: Granbull
|
|
|switch|p1a: Absol|Absol, F|271\/271
|turn|12
|
|detailschange|p1a: Absol|Absol-Mega, F
|message|Absol has Mega Evolved into Mega Absol!
|move|p1a: Absol|Knock Off|p2a: Trevenant
|-supereffective|p2a: Trevenant
|-damage|p2a: Trevenant|74\/374 par
|move|p2a: Trevenant|Leech Seed|p1a: Absol
|move|p1a: Absol|Leech Seed|p2a: Trevenant|[from]Magic Bounce
|-immune|p2a: Trevenant|[msg]
|
|turn|13
|
|switch|p2a: Snorlax|Snorlax, F|524\/524
|-damage|p2a: Snorlax|459\/524|[from] Stealth Rock
|move|p1a: Absol|Knock Off|p2a: Snorlax
|-damage|p2a: Snorlax|245\/524
|-damage|p1a: Absol|226\/271|[from] item: Rocky Helmet|[of] p2a: Snorlax
|-enditem|p2a: Snorlax|Rocky Helmet|[from] move: Knock Off|[of] p1a: Absol
|
|turn|14
|
|switch|p1a: Slowking|Slowking, M|306\/394
|move|p2a: Snorlax|Rest|p2a: Snorlax
|-status|p2a: Snorlax|slp
|-heal|p2a: Snorlax|524\/524 slp|[silent]
|-status|p2a: Snorlax|slp|[from] move: Rest
|
|turn|15
|
|switch|p1a: Haxorus|Haxorus, M, shiny|301\/301
|-ability|p1a: Haxorus|Mold Breaker
|cant|p2a: Snorlax|slp
|move|p2a: Snorlax|Sleep Talk|p2a: Snorlax
|move|p2a: Snorlax|Return|p1a: Haxorus|[from]Sleep Talk
|-damage|p1a: Haxorus|169\/301
|
|turn|16
|
|move|p1a: Haxorus|Dragon Dance|p1a: Haxorus
|-boost|p1a: Haxorus|atk|1
|-boost|p1a: Haxorus|spe|1
|cant|p2a: Snorlax|slp
|move|p2a: Snorlax|Sleep Talk|p2a: Snorlax
|move|p2a: Snorlax|Return|p1a: Haxorus|[from]Sleep Talk
|-damage|p1a: Haxorus|27\/301
|
|turn|17
|
|move|p1a: Haxorus|Dragon Claw|p2a: Snorlax
|-damage|p2a: Snorlax|265\/524 slp
|-curestatus|p2a: Snorlax|slp
|move|p2a: Snorlax|Sleep Talk|p2a: Snorlax
|-fail|p2a: Snorlax
|
|turn|18
|
|move|p1a: Haxorus|Dragon Claw|p2a: Snorlax
|-damage|p2a: Snorlax|0 fnt
|faint|p2a: Snorlax
|
|
|switch|p2a: Mienshao|Mienshao, M|271\/271
|-damage|p2a: Mienshao|255\/271|[from] Stealth Rock
|turn|19
|
|move|p2a: Mienshao|Fake Out|p1a: Haxorus
|-damage|p1a: Haxorus|0 fnt
|faint|p1a: Haxorus
|
|
|switch|p1a: Crobat|Crobat, M|374\/374
|turn|20
|
|switch|p2a: Exploud|Exploud, F|350\/350
|-damage|p2a: Exploud|307\/350|[from] Stealth Rock
|move|p1a: Crobat|Brave Bird|p2a: Exploud
|-crit|p2a: Exploud
|-damage|p2a: Exploud|12\/350
|-damage|p1a: Crobat|277\/374|[from] recoil|[of] p2a: Exploud
|
|-heal|p1a: Crobat|300\/374|[from] item: Black Sludge
|turn|21
|
|move|p1a: Crobat|Brave Bird|p2a: Exploud
|-damage|p2a: Exploud|0 fnt
|-damage|p1a: Crobat|296\/374|[from] recoil|[of] p2a: Exploud
|faint|p2a: Exploud
|
|-heal|p1a: Crobat|319\/374|[from] item: Black Sludge
|
|switch|p2a: Trevenant|Trevenant, M, shiny|74\/374 par
|-damage|p2a: Trevenant|28\/374 par|[from] Stealth Rock
|turn|22
|
|move|p1a: Crobat|Brave Bird|p2a: Trevenant
|-supereffective|p2a: Trevenant
|-damage|p2a: Trevenant|0 fnt
|-damage|p1a: Crobat|310\/374|[from] recoil|[of] p2a: Trevenant
|faint|p2a: Trevenant
|
|-heal|p1a: Crobat|333\/374|[from] item: Black Sludge
|
|switch|p2a: Porygon-Z|Porygon-Z|374\/374
|-damage|p2a: Porygon-Z|328\/374|[from] Stealth Rock
|turn|23
|
|move|p1a: Crobat|Brave Bird|p2a: Porygon-Z
|-damage|p2a: Porygon-Z|166\/374
|-damage|p1a: Crobat|280\/374|[from] recoil|[of] p2a: Porygon-Z
|move|p2a: Porygon-Z|Thunderbolt|p1a: Crobat
|-crit|p1a: Crobat
|-supereffective|p1a: Crobat
|-damage|p1a: Crobat|0 fnt
|faint|p1a: Crobat
|
|-heal|p2a: Porygon-Z|189\/374|[from] item: Leftovers
|
|switch|p1a: Absol|Absol-Mega, F|226\/271
|turn|24
|
|move|p1a: Absol|Knock Off|p2a: Porygon-Z
|-damage|p2a: Porygon-Z|0 fnt
|-enditem|p2a: Porygon-Z|Leftovers|[from] move: Knock Off|[of] p1a: Absol
|faint|p2a: Porygon-Z
|
|
|switch|p2a: Mienshao|Mienshao, M|271\/271
|-damage|p2a: Mienshao|255\/271|[from] Stealth Rock
|turn|25
|
|switch|p1a: Slowking|Slowking, M|394\/394
|move|p2a: Mienshao|Drain Punch|p1a: Slowking
|-resisted|p1a: Slowking
|-damage|p1a: Slowking|312\/394
|-heal|p2a: Mienshao|271\/271|[from] drain|[of] p1a: Slowking
|-damage|p2a: Mienshao|226\/271|[from] item: Rocky Helmet|[of] p1a: Slowking
|
|turn|26
|
|move|p2a: Mienshao|Drain Punch|p1a: Slowking
|-crit|p1a: Slowking
|-resisted|p1a: Slowking
|-damage|p1a: Slowking|184\/394
|-heal|p2a: Mienshao|271\/271|[from] drain|[of] p1a: Slowking
|-damage|p2a: Mienshao|226\/271|[from] item: Rocky Helmet|[of] p1a: Slowking
|move|p1a: Slowking|Thunder Wave|p2a: Mienshao
|-status|p2a: Mienshao|par
|
|turn|27
|
|move|p1a: Slowking|Slack Off|p1a: Slowking
|-heal|p1a: Slowking|381\/394
|move|p2a: Mienshao|Drain Punch|p1a: Slowking
|-resisted|p1a: Slowking
|-damage|p1a: Slowking|303\/394
|-heal|p2a: Mienshao|265\/271 par|[from] drain|[of] p1a: Slowking
|-damage|p2a: Mienshao|220\/271 par|[from] item: Rocky Helmet|[of] p1a: Slowking
|
|turn|28
|c|âVasaler|gg
|c|âteamtest239852|gg
|-message|Vasaler forfeited.
|
|win|teamtest239852
|raw|Ladder updating...
|leave|Vasaler
|player|p2
|raw|Ladder (probably) updated, but score could not be retrieved (timeout).
|raw|Ladder (probably) updated, but score could not be retrieved (Error: socket hang up).