|join|teamtest239852
|join|ActionRox
|player|p1|teamtest239852|259
|player|p2|ActionRox|154
|gametype|singles
|gen|6
|tier|UU
|rated
|rule|Sleep Clause Mod: Limit one foe put to sleep
|rule|Species Clause: Limit one of each PokÃ©mon
|rule|OHKO Clause: OHKO moves are banned
|rule|Moody Clause: Moody is banned
|rule|Evasion Moves Clause: Evasion moves are banned
|rule|Endless Battle Clause: Forcing endless battles is banned
|rule|HP Percentage Mod: HP is shown in percentages
|clearpoke
|poke|p1|Beedrill, F
|poke|p1|Flygon, M
|poke|p1|Raikou
|poke|p1|Infernape, F
|poke|p1|Vaporeon, F
|poke|p1|Forretress, M
|poke|p2|Chesnaught, F
|poke|p2|Crobat, M
|poke|p2|Darmanitan, M
|poke|p2|Empoleon, F
|poke|p2|Goodra, F
|poke|p2|Galvantula, M
|rule|Swagger Clause: Swagger is banned
|rule|Baton Pass Clause: Limit one PokÃ©mon knowing Baton Pass
|teampreview
|
|start
|switch|p1a: Flygon|Flygon, M|301\/301
|switch|p2a: Darmanitan|Darmanitan, M|360\/360
|turn|1
|
|switch|p2a: Chesnaught|Chesnaught, F|380\/380
|move|p1a: Flygon|U-turn|p2a: Chesnaught
|-damage|p2a: Chesnaught|335\/380
|
|switch|p1a: Infernape|Infernape, F|289\/289
|
|-heal|p2a: Chesnaught|358\/380|[from] item: Leftovers
|turn|2
|
|move|p2a: Chesnaught|Spiky Shield|p2a: Chesnaught
|-singleturn|p2a: Chesnaught|move: Protect
|move|p1a: Infernape|Overheat|p2a: Chesnaught
|-activate|p2a: Chesnaught|move: Protect
|
|-heal|p2a: Chesnaught|380\/380|[from] item: Leftovers
|turn|3
|
|switch|p2a: Goodra|Goodra, F|380\/380
|move|p1a: Infernape|Overheat|p2a: Goodra
|-resisted|p2a: Goodra
|-damage|p2a: Goodra|336\/380
|-unboost|p1a: Infernape|spa|2
|-damage|p1a: Infernape|261\/289|[from] item: Life Orb
|
|turn|4
|
|move|p1a: Infernape|Close Combat|p2a: Goodra
|-damage|p2a: Goodra|0 fnt
|-unboost|p1a: Infernape|spe|1
|-unboost|p1a: Infernape|def|1
|-unboost|p1a: Infernape|spd|1
|-damage|p1a: Infernape|233\/289|[from] item: Life Orb
|faint|p2a: Goodra
|
|
|switch|p2a: Crobat|Crobat, M|361\/361
|turn|5
|
|switch|p1a: Forretress|Forretress, M|354\/354
|move|p2a: Crobat|Brave Bird|p1a: Forretress
|-damage|p1a: Forretress|275\/354
|-damage|p2a: Crobat|301\/361|[from] item: Rocky Helmet|[of] p1a: Forretress
|-damage|p2a: Crobat|275\/361|[from] recoil|[of] p1a: Forretress
|
|-heal|p2a: Crobat|297\/361|[from] item: Black Sludge
|turn|6
|
|move|p2a: Crobat|Taunt|p1a: Forretress
|-start|p1a: Forretress|move: Taunt
|cant|p1a: Forretress|move: Taunt|Stealth Rock
|
|-heal|p2a: Crobat|319\/361|[from] item: Black Sludge
|turn|7
|
|move|p2a: Crobat|Roost|p2a: Crobat
|-heal|p2a: Crobat|361\/361
|move|p1a: Forretress|Volt Switch|p2a: Crobat
|-damage|p2a: Crobat|317\/361
|
|switch|p1a: Raikou|Raikou|321\/321
|-ability|p1a: Raikou|Pressure
|
|-heal|p2a: Crobat|339\/361|[from] item: Black Sludge
|turn|8
|
|switch|p2a: Darmanitan|Darmanitan, M|360\/360
|move|p1a: Raikou|Volt Switch|p2a: Darmanitan
|-damage|p2a: Darmanitan|174\/360
|
|switch|p1a: Flygon|Flygon, M|301\/301
|
|turn|9
|
|move|p1a: Flygon|U-turn|p2a: Darmanitan
|-resisted|p2a: Darmanitan
|-damage|p2a: Darmanitan|123\/360
|
|switch|p1a: Vaporeon|Vaporeon, F|464\/464
|move|p2a: Darmanitan|U-turn|p1a: Vaporeon
|-damage|p1a: Vaporeon|374\/464
|
|switch|p2a: Galvantula|Galvantula, M|281\/281
|
|-heal|p1a: Vaporeon|403\/464|[from] item: Leftovers
|turn|10
|
|move|p2a: Galvantula|Sticky Web|p1a: Vaporeon
|-sidestart|p1: teamtest239852|move: Sticky Web
|move|p1a: Vaporeon|Scald|p2a: Galvantula
|-damage|p2a: Galvantula|122\/281
|
|-heal|p1a: Vaporeon|432\/464|[from] item: Leftovers
|turn|11
|
|move|p2a: Galvantula|Volt Switch|p1a: Vaporeon
|-supereffective|p1a: Vaporeon
|-damage|p1a: Vaporeon|244\/464
|
|switch|p2a: Empoleon|Empoleon, F|360\/360
|-item|p2a: Empoleon|Air Balloon
|move|p1a: Vaporeon|Scald|p2a: Empoleon
|-resisted|p2a: Empoleon
|-damage|p2a: Empoleon|314\/360
|-enditem|p2a: Empoleon|Air Balloon
|
|-heal|p1a: Vaporeon|273\/464|[from] item: Leftovers
|turn|12
|
|move|p2a: Empoleon|Stealth Rock|p1a: Vaporeon
|-sidestart|p1: teamtest239852|move: Stealth Rock
|move|p1a: Vaporeon|Scald|p2a: Empoleon
|-resisted|p2a: Empoleon
|-damage|p2a: Empoleon|266\/360
|
|-heal|p1a: Vaporeon|302\/464|[from] item: Leftovers
|turn|13
|
|switch|p2a: Chesnaught|Chesnaught, F|380\/380
|move|p1a: Vaporeon|Scald|p2a: Chesnaught
|-resisted|p2a: Chesnaught
|-damage|p2a: Chesnaught|315\/380
|
|-heal|p2a: Chesnaught|338\/380|[from] item: Leftovers
|-heal|p1a: Vaporeon|331\/464|[from] item: Leftovers
|turn|14
|
|move|p2a: Chesnaught|Leech Seed|p1a: Vaporeon
|-start|p1a: Vaporeon|move: Leech Seed
|move|p1a: Vaporeon|Baton Pass|p1a: Vaporeon
|
|switch|p1a: Forretress|Forretress, M|275\/354
|-damage|p1a: Forretress|231\/354|[from] Stealth Rock
|-activate|p1a: Forretress|move: Sticky Web
|-unboost|p1a: Forretress|spe|1
|
|-heal|p2a: Chesnaught|361\/380|[from] item: Leftovers
|-damage|p1a: Forretress|187\/354|[from] Leech Seed|[of] p2a: Chesnaught
|-heal|p2a: Chesnaught|380\/380|[silent]
|turn|15
|
|move|p2a: Chesnaught|Spiky Shield|p2a: Chesnaught
|-singleturn|p2a: Chesnaught|move: Protect
|move|p1a: Forretress|Stealth Rock|p2a: Chesnaught
|-sidestart|p2: ActionRox|move: Stealth Rock
|
|-damage|p1a: Forretress|143\/354|[from] Leech Seed|[of] p2a: Chesnaught
|turn|16
|
|move|p2a: Chesnaught|Drain Punch|p1a: Forretress
|-damage|p1a: Forretress|80\/354
|-damage|p2a: Chesnaught|317\/380|[from] item: Rocky Helmet|[of] p1a: Forretress
|move|p1a: Forretress|Rapid Spin|p2a: Chesnaught
|-damage|p2a: Chesnaught|307\/380
|-end|p1a: Forretress|Leech Seed|[from] move: Rapid Spin|[of] p1a: Forretress
|-sideend|p1: teamtest239852|Stealth Rock|[from] move: Rapid Spin|[of] p1a: Forretress
|-sideend|p1: teamtest239852|Sticky Web|[from] move: Rapid Spin|[of] p1a: Forretress
|
|-heal|p2a: Chesnaught|330\/380|[from] item: Leftovers
|turn|17
|
|move|p2a: Chesnaught|Drain Punch|p1a: Forretress
|-damage|p1a: Forretress|23\/354
|-heal|p2a: Chesnaught|359\/380|[from] drain|[of] p1a: Forretress
|-damage|p2a: Chesnaught|296\/380|[from] item: Rocky Helmet|[of] p1a: Forretress
|move|p1a: Forretress|Volt Switch|p2a: Chesnaught
|-resisted|p2a: Chesnaught
|-damage|p2a: Chesnaught|273\/380
|
|switch|p1a: Infernape|Infernape, F|233\/289
|
|-heal|p2a: Chesnaught|296\/380|[from] item: Leftovers
|turn|18
|
|move|p2a: Chesnaught|Spiky Shield|p2a: Chesnaught
|-singleturn|p2a: Chesnaught|move: Protect
|move|p1a: Infernape|Overheat|p2a: Chesnaught
|-activate|p2a: Chesnaught|move: Protect
|
|-heal|p2a: Chesnaught|319\/380|[from] item: Leftovers
|turn|19
|
|switch|p2a: Empoleon|Empoleon, F|266\/360
|-damage|p2a: Empoleon|244\/360|[from] Stealth Rock
|move|p1a: Infernape|Close Combat|p2a: Empoleon
|-supereffective|p2a: Empoleon
|-damage|p2a: Empoleon|0 fnt
|-unboost|p1a: Infernape|def|1
|-unboost|p1a: Infernape|spd|1
|-damage|p1a: Infernape|205\/289|[from] item: Life Orb
|faint|p2a: Empoleon
|
|-message|ActionRox forfeited.
|
|win|teamtest239852
|raw|Ladder updating...
|leave|ActionRox
|player|p2
|c|âteamtest239852|gg