|join|blockchiller
|join|teamtest239852
|player|p1|blockchiller|136
|player|p2|teamtest239852|188
|gametype|singles
|gen|6
|tier|UU
|rated
|rule|Sleep Clause Mod: Limit one foe put to sleep
|rule|Species Clause: Limit one of each PokÃ©mon
|rule|OHKO Clause: OHKO moves are banned
|rule|Moody Clause: Moody is banned
|rule|Evasion Moves Clause: Evasion moves are banned
|rule|Endless Battle Clause: Forcing endless battles is banned
|rule|HP Percentage Mod: HP is shown in percentages
|clearpoke
|poke|p1|Jirachi
|poke|p1|Crobat, M
|poke|p1|Swampert, M
|poke|p1|Entei, shiny
|poke|p1|Absol, F
|poke|p1|Celebi
|poke|p2|Absol, M
|poke|p2|Crobat, F
|poke|p2|Granbull, M
|poke|p2|Slowking, M
|poke|p2|Blissey, F
|poke|p2|Haxorus, M, shiny
|rule|Swagger Clause: Swagger is banned
|rule|Baton Pass Clause: Limit one PokÃ©mon knowing Baton Pass
|teampreview
|
|start
|switch|p1a: Entei|Entei, shiny|372\/372
|switch|p2a: Absol|Absol, M|271\/271
|-ability|p1a: Entei|Pressure
|turn|1
|
|switch|p2a: Slowking|Slowking, M|394\/394
|move|p1a: Entei|Sacred Fire|p2a: Slowking
|-resisted|p2a: Slowking
|-damage|p2a: Slowking|290\/394
|-status|p2a: Slowking|brn
|
|-damage|p2a: Slowking|241\/394 brn|[from] brn
|turn|2
|
|switch|p1a: Celebi|Celebi|404\/404
|move|p2a: Slowking|Thunder Wave|p1a: Celebi
|-status|p1a: Celebi|par
|
|-damage|p2a: Slowking|192\/394 brn|[from] brn
|turn|3
|
|switch|p2a: Blissey|Blissey, F|713\/713
|cant|p1a: Celebi|par
|
|turn|4
|
|move|p2a: Blissey|Stealth Rock|p1a: Celebi
|-sidestart|p1: blockchiller|move: Stealth Rock
|move|p1a: Celebi|Leech Seed|p2a: Blissey
|-start|p2a: Blissey|move: Leech Seed
|
|-damage|p2a: Blissey|624\/713|[from] Leech Seed|[of] p1a: Celebi
|turn|5
|
|switch|p2a: Absol|Absol, M|271\/271
|switch|p1a: Crobat|Crobat, M|373\/373
|-damage|p1a: Crobat|280\/373|[from] Stealth Rock
|
|-heal|p1a: Crobat|303\/373|[from] item: Black Sludge
|turn|6
|
|detailschange|p2a: Absol|Absol-Mega, M
|message|Absol has Mega Evolved into Mega Absol!
|move|p1a: Crobat|Defog|p2a: Absol
|move|p2a: Absol|Defog|p1a: Crobat|[from]Magic Bounce
|-unboost|p1a: Crobat|evasion|1
|-sideend|p1: blockchiller|Stealth Rock|[from] move: Defog|[of] p1a: Crobat
|move|p2a: Absol|Knock Off|p1a: Crobat
|-damage|p1a: Crobat|71\/373
|-enditem|p1a: Crobat|Black Sludge|[from] move: Knock Off|[of] p2a: Absol
|
|turn|7
|
|move|p1a: Crobat|Roost|p1a: Crobat
|-heal|p1a: Crobat|258\/373
|move|p2a: Absol|Knock Off|p1a: Crobat
|-damage|p1a: Crobat|95\/373
|
|turn|8
|
|move|p1a: Crobat|Roost|p1a: Crobat
|-heal|p1a: Crobat|282\/373
|move|p2a: Absol|Swords Dance|p2a: Absol
|-boost|p2a: Absol|atk|2
|
|turn|9
|
|switch|p1a: Entei|Entei, shiny|372\/372
|-ability|p1a: Entei|Pressure
|move|p2a: Absol|Sucker Punch|p1a: Entei
|-fail|p1a: Entei
|
|turn|10
|
|move|p1a: Entei|Extreme Speed|p2a: Absol
|-damage|p2a: Absol|44\/271
|move|p2a: Absol|Knock Off|p1a: Entei
|-damage|p1a: Entei|0 fnt
|-enditem|p1a: Entei|Choice Band|[from] move: Knock Off|[of] p2a: Absol
|faint|p1a: Entei
|
|
|switch|p1a: Jirachi|Jirachi|345\/345
|turn|11
|
|move|p2a: Absol|Sucker Punch|p1a: Jirachi
|-supereffective|p1a: Jirachi
|-damage|p1a: Jirachi|0 fnt
|faint|p1a: Jirachi
|
|
|switch|p1a: Crobat|Crobat, M|282\/373
|turn|12
|
|move|p2a: Absol|Sucker Punch|p1a: Crobat
|-damage|p1a: Crobat|0 fnt
|faint|p1a: Crobat
|
|-message|blockchiller forfeited.
|
|win|teamtest239852
|raw|Ladder updating...
|leave|blockchiller
|player|p1
|raw|Ladder (probably) updated, but score could not be retrieved (timeout).
|raw|Ladder (probably) updated, but score could not be retrieved (Error: socket hang up).