|join|teamtest239852
|join|Gary Birch
|player|p1|teamtest239852|1
|player|p2|Gary Birch|161
|gametype|singles
|gen|6
|tier|UU
|rated
|rule|Sleep Clause Mod: Limit one foe put to sleep
|rule|Species Clause: Limit one of each PokÃ©mon
|rule|OHKO Clause: OHKO moves are banned
|rule|Moody Clause: Moody is banned
|rule|Evasion Moves Clause: Evasion moves are banned
|rule|Endless Battle Clause: Forcing endless battles is banned
|rule|HP Percentage Mod: HP is shown in percentages
|clearpoke
|poke|p1|Absol, M
|poke|p1|Crobat, F
|poke|p1|Granbull, F
|poke|p1|Slowking, F
|poke|p1|Blissey, F
|poke|p1|Haxorus, M, shiny
|poke|p2|Azelf
|poke|p2|Nidoking, M
|poke|p2|Trevenant, M
|poke|p2|Blissey, F
|poke|p2|Aggron, F
|poke|p2|Absol, F
|rule|Swagger Clause: Swagger is banned
|rule|Baton Pass Clause: Limit one PokÃ©mon knowing Baton Pass
|teampreview
|
|start
|switch|p1a: Absol|Absol, M|271\/271
|switch|p2a: Aggron|Aggron, F|344\/344
|turn|1
|
|switch|p1a: Slowking|Slowking, F|394\/394
|detailschange|p2a: Aggron|Aggron-Mega, F
|message|Aggron has Mega Evolved into Mega Aggron!
|move|p2a: Aggron|Heavy Slam|p1a: Slowking
|-resisted|p1a: Slowking
|-damage|p1a: Slowking|323\/394
|-damage|p2a: Aggron|287\/344|[from] item: Rocky Helmet|[of] p1a: Slowking
|
|turn|2
|
|switch|p2a: Blissey|Blissey, F|652\/652
|move|p1a: Slowking|Scald|p2a: Blissey
|-damage|p2a: Blissey|592\/652
|
|-heal|p2a: Blissey|632\/652|[from] item: Leftovers
|turn|3
|
|switch|p1a: Blissey|Blissey, F|713\/713
|move|p2a: Blissey|Thunder Wave|p1a: Blissey
|-status|p1a: Blissey|par
|
|-heal|p2a: Blissey|652\/652|[from] item: Leftovers
|turn|4
|
|switch|p2a: Aggron|Aggron-Mega, F|287\/344
|move|p1a: Blissey|Stealth Rock|p2a: Aggron
|-sidestart|p2: Gary Birch|move: Stealth Rock
|
|turn|5
|
|switch|p2a: Trevenant|Trevenant, M|322\/322
|-damage|p2a: Trevenant|282\/322|[from] Stealth Rock
|move|p1a: Blissey|Seismic Toss|p2a: Trevenant
|-immune|p2a: Trevenant|[msg]
|
|turn|6
|
|move|p2a: Trevenant|Substitute|p2a: Trevenant
|-start|p2a: Trevenant|Substitute
|-damage|p2a: Trevenant|202\/322
|move|p1a: Blissey|Toxic|p2a: Trevenant
|
|turn|7
|
|switch|p1a: Slowking|Slowking, F|394\/394
|move|p2a: Trevenant|Wood Hammer|p1a: Slowking
|-supereffective|p1a: Slowking
|-damage|p1a: Slowking|26\/394
|-damage|p2a: Trevenant|149\/322|[from] item: Rocky Helmet|[of] p1a: Slowking
|-damage|p2a: Trevenant|28\/322|[from] recoil|[of] p1a: Slowking
|-enditem|p2a: Trevenant|Sitrus Berry|[eat]
|-heal|p2a: Trevenant|108\/322|[from] item: Sitrus Berry
|
|-item|p2a: Trevenant|Sitrus Berry|[from] ability: Harvest
|-enditem|p2a: Trevenant|Sitrus Berry|[eat]
|-heal|p2a: Trevenant|188\/322|[from] item: Sitrus Berry
|turn|8
|
|switch|p1a: Crobat|Crobat, F|374\/374
|move|p2a: Trevenant|Earthquake|p1a: Crobat
|-immune|p1a: Crobat|[msg]
|
|turn|9
|
|switch|p2a: Aggron|Aggron-Mega, F|287\/344
|-damage|p2a: Aggron|266\/344|[from] Stealth Rock
|move|p1a: Crobat|Brave Bird|p2a: Aggron
|-resisted|p2a: Aggron
|-damage|p2a: Aggron|238\/344
|-damage|p1a: Crobat|365\/374|[from] recoil|[of] p2a: Aggron
|
|-heal|p1a: Crobat|374\/374|[from] item: Black Sludge
|turn|10
|
|move|p1a: Crobat|Super Fang|p2a: Aggron
|-damage|p2a: Aggron|119\/344
|move|p2a: Aggron|Earthquake|p1a: Crobat
|-immune|p1a: Crobat|[msg]
|
|turn|11
|
|switch|p1a: Slowking|Slowking, F|157\/394
|move|p2a: Aggron|Rest|p2a: Aggron
|-status|p2a: Aggron|slp
|-heal|p2a: Aggron|344\/344 slp|[silent]
|-status|p2a: Aggron|slp|[from] move: Rest
|
|turn|12
|
|switch|p2a: Blissey|Blissey, F|652\/652
|-damage|p2a: Blissey|571\/652|[from] Stealth Rock
|move|p1a: Slowking|Slack Off|p1a: Slowking
|-heal|p1a: Slowking|354\/394
|
|-heal|p2a: Blissey|611\/652|[from] item: Leftovers
|turn|13
|
|switch|p1a: Absol|Absol, M|271\/271
|move|p2a: Blissey|Heal Bell|p2a: Blissey
|-cureteam|p2a: Blissey|[from] move: HealBell
|
|-heal|p2a: Blissey|651\/652|[from] item: Leftovers
|turn|14
|
|detailschange|p1a: Absol|Absol-Mega, M
|message|Absol has Mega Evolved into Mega Absol!
|move|p1a: Absol|Knock Off|p2a: Blissey
|-damage|p2a: Blissey|320\/652
|-enditem|p2a: Blissey|Leftovers|[from] move: Knock Off|[of] p1a: Absol
|move|p2a: Blissey|Thunder Wave|p1a: Absol
|move|p1a: Absol|Thunder Wave|p2a: Blissey|[from]Magic Bounce
|-status|p2a: Blissey|par
|
|turn|15
|c|âGary Birch|*facepalm
|
|move|p1a: Absol|Swords Dance|p1a: Absol
|-boost|p1a: Absol|atk|2
|move|p2a: Blissey|Soft-Boiled|p2a: Blissey
|-heal|p2a: Blissey|646\/652 par
|
|turn|16
|
|switch|p2a: Aggron|Aggron-Mega, F|344\/344
|-damage|p2a: Aggron|323\/344|[from] Stealth Rock
|move|p1a: Absol|Knock Off|p2a: Aggron
|-damage|p2a: Aggron|211\/344
|
|turn|17
|
|switch|p1a: Slowking|Slowking, F|394\/394
|move|p2a: Aggron|Earthquake|p1a: Slowking
|-damage|p1a: Slowking|311\/394
|
|turn|18
|
|switch|p2a: Trevenant|Trevenant, M|188\/322
|-damage|p2a: Trevenant|148\/322|[from] Stealth Rock
|move|p1a: Slowking|Thunder Wave|p2a: Trevenant
|-status|p2a: Trevenant|par
|
|-item|p2a: Trevenant|Sitrus Berry|[from] ability: Harvest
|-enditem|p2a: Trevenant|Sitrus Berry|[eat]
|-heal|p2a: Trevenant|228\/322 par|[from] item: Sitrus Berry
|turn|19
|
|move|p1a: Slowking|Slack Off|p1a: Slowking
|-heal|p1a: Slowking|394\/394
|cant|p2a: Trevenant|par
|
|turn|20
|
|switch|p1a: Crobat|Crobat, F|374\/374
|move|p2a: Trevenant|Will-O-Wisp|p1a: Crobat|[miss]
|-miss|p2a: Trevenant|p1a: Crobat
|
|-item|p2a: Trevenant|Sitrus Berry|[from] ability: Harvest
|turn|21
|
|move|p1a: Crobat|Super Fang|p2a: Trevenant
|-immune|p2a: Trevenant|[msg]
|cant|p2a: Trevenant|par
|
|turn|22
|
|switch|p1a: Absol|Absol-Mega, M|271\/271
|move|p2a: Trevenant|Will-O-Wisp|p1a: Absol
|move|p1a: Absol|Will-O-Wisp|p2a: Trevenant|[from]Magic Bounce
|-fail|p2a: Trevenant
|
|turn|23
|
|switch|p2a: Absol|Absol, F|271\/271
|-damage|p2a: Absol|238\/271|[from] Stealth Rock
|move|p1a: Absol|Knock Off|p2a: Absol
|-resisted|p2a: Absol
|-damage|p2a: Absol|92\/271
|-enditem|p2a: Absol|Dread Plate|[from] move: Knock Off|[of] p1a: Absol
|
|turn|24
|
|switch|p2a: Aggron|Aggron-Mega, F|211\/344
|-damage|p2a: Aggron|190\/344|[from] Stealth Rock
|move|p1a: Absol|Play Rough|p2a: Aggron
|-resisted|p2a: Aggron
|-damage|p2a: Aggron|164\/344
|
|turn|25
|
|switch|p1a: Slowking|Slowking, F|394\/394
|move|p2a: Aggron|Heavy Slam|p1a: Slowking
|-resisted|p1a: Slowking
|-damage|p1a: Slowking|326\/394
|-damage|p2a: Aggron|107\/344|[from] item: Rocky Helmet|[of] p1a: Slowking
|
|turn|26
|
|switch|p1a: Haxorus|Haxorus, M, shiny|301\/301
|-ability|p1a: Haxorus|Mold Breaker
|move|p2a: Aggron|Rest|p2a: Aggron
|-status|p2a: Aggron|slp
|-heal|p2a: Aggron|344\/344 slp|[silent]
|-status|p2a: Aggron|slp|[from] move: Rest
|
|turn|27
|
|move|p1a: Haxorus|Dragon Dance|p1a: Haxorus
|-boost|p1a: Haxorus|atk|1
|-boost|p1a: Haxorus|spe|1
|cant|p2a: Aggron|slp
|move|p2a: Aggron|Sleep Talk|p2a: Aggron
|move|p2a: Aggron|Heavy Slam|p1a: Haxorus|[from]Sleep Talk
|-damage|p1a: Haxorus|174\/301
|
|turn|28
|
|move|p1a: Haxorus|Earthquake|p2a: Aggron
|-supereffective|p2a: Aggron
|-damage|p2a: Aggron|146\/344 slp
|cant|p2a: Aggron|slp
|move|p2a: Aggron|Sleep Talk|p2a: Aggron
|move|p2a: Aggron|Rest|p2a: Aggron|[from]Sleep Talk
|-fail|p2a: Aggron
|
|turn|29
|
|switch|p2a: Trevenant|Trevenant, M|228\/322 par
|-damage|p2a: Trevenant|188\/322 par|[from] Stealth Rock
|move|p1a: Haxorus|Dragon Dance|p1a: Haxorus
|-boost|p1a: Haxorus|atk|1
|-boost|p1a: Haxorus|spe|1
|
|turn|30
|
|move|p1a: Haxorus|Dragon Claw|p2a: Trevenant
|-damage|p2a: Trevenant|0 fnt
|faint|p2a: Trevenant
|
|
|switch|p2a: Absol|Absol, F|92\/271
|-damage|p2a: Absol|59\/271|[from] Stealth Rock
|turn|31
|
|move|p1a: Haxorus|Dragon Claw|p2a: Absol
|-damage|p2a: Absol|0 fnt
|faint|p2a: Absol
|
|-message|Gary Birch forfeited.
|
|win|teamtest239852
|raw|Ladder updating...
|leave|Gary Birch
|player|p2
|raw|teamtest239852's rating: 1460 &rarr; <strong>1472<\/strong><br \/>(+12 for winning)
|raw|Gary Birch's rating: 1323 &rarr; <strong>1310<\/strong><br \/>(-13 for losing)