|join|Raging confidence
|join|teamtest239852
|player|p1|Raging confidence|101
|player|p2|teamtest239852|3
|gametype|singles
|gen|6
|tier|UU
|rated
|rule|Sleep Clause Mod: Limit one foe put to sleep
|rule|Species Clause: Limit one of each PokÃ©mon
|rule|OHKO Clause: OHKO moves are banned
|rule|Moody Clause: Moody is banned
|rule|Evasion Moves Clause: Evasion moves are banned
|rule|Endless Battle Clause: Forcing endless battles is banned
|rule|HP Percentage Mod: HP is shown in percentages
|clearpoke
|poke|p1|Shedinja
|poke|p1|Aggron, F
|poke|p1|Tentacruel, F
|poke|p1|Aromatisse, F
|poke|p1|Xatu, M
|poke|p1|Snorlax, F
|poke|p2|Swampert, M
|poke|p2|Aerodactyl, F
|poke|p2|Lucario, F
|poke|p2|Umbreon, F
|poke|p2|Arcanine, M
|poke|p2|Roserade, M
|rule|Swagger Clause: Swagger is banned
|rule|Baton Pass Clause: Limit one PokÃ©mon knowing Baton Pass
|teampreview
|
|start
|switch|p1a: Aggron|Aggron, F|344\/344
|switch|p2a: Swampert|Swampert, M|404\/404
|turn|1
|
|detailschange|p1a: Aggron|Aggron-Mega, F
|message|Aggron has Mega Evolved into Mega Aggron!
|move|p2a: Swampert|Scald|p1a: Aggron
|-damage|p1a: Aggron|272\/344
|move|p1a: Aggron|Roar|p2a: Swampert
|drag|p2a: Umbreon|Umbreon, F|394\/394
|
|turn|2
|
|switch|p2a: Swampert|Swampert, M|404\/404
|move|p1a: Aggron|Stealth Rock|p2a: Swampert
|-sidestart|p2: teamtest239852|move: Stealth Rock
|
|turn|3
|
|switch|p1a: Tentacruel|Tentacruel, F|364\/364
|move|p2a: Swampert|Scald|p1a: Tentacruel
|-resisted|p1a: Tentacruel
|-damage|p1a: Tentacruel|329\/364
|
|-heal|p1a: Tentacruel|351\/364|[from] item: Black Sludge
|turn|4
|
|switch|p1a: Shedinja|Shedinja|1\/1
|move|p2a: Swampert|Earthquake|p1a: Shedinja
|-activate|p1a: Shedinja|ability: Wonder Guard
|
|turn|5
|
|switch|p1a: Xatu|Xatu, M|333\/333
|move|p2a: Swampert|Stealth Rock|p1a: Xatu
|move|p1a: Xatu|Stealth Rock|p2a: Swampert|[from]Magic Bounce
|-fail|p2a: Swampert
|
|turn|6
|
|switch|p2a: Umbreon|Umbreon, F|394\/394
|-damage|p2a: Umbreon|345\/394|[from] Stealth Rock
|move|p1a: Xatu|Toxic|p2a: Umbreon
|-status|p2a: Umbreon|tox
|-status|p1a: Xatu|tox
|
|-heal|p2a: Umbreon|369\/394 tox|[from] item: Leftovers
|-damage|p1a: Xatu|313\/333 tox|[from] psn
|-damage|p2a: Umbreon|345\/394 tox|[from] psn
|turn|7
|
|switch|p1a: Aromatisse|Aromatisse, F|406\/406
|move|p2a: Umbreon|Heal Bell|p2a: Umbreon
|-cureteam|p2a: Umbreon|[from] move: HealBell
|
|-heal|p2a: Umbreon|369\/394|[from] item: Leftovers
|turn|8
|
|move|p2a: Umbreon|Toxic|p1a: Aromatisse
|-status|p1a: Aromatisse|tox
|move|p1a: Aromatisse|Aromatherapy|p1a: Aromatisse
|-cureteam|p1a: Aromatisse|[from] move: Aromatherapy
|
|-heal|p2a: Umbreon|393\/394|[from] item: Leftovers
|turn|9
|
|switch|p2a: Swampert|Swampert, M|404\/404
|-damage|p2a: Swampert|379\/404|[from] Stealth Rock
|move|p1a: Aromatisse|Moonblast|p2a: Swampert
|-damage|p2a: Swampert|262\/404
|
|-heal|p2a: Swampert|287\/404|[from] item: Leftovers
|turn|10
|
|move|p2a: Swampert|Scald|p1a: Aromatisse
|-damage|p1a: Aromatisse|313\/406
|move|p1a: Aromatisse|Moonblast|p2a: Swampert
|-damage|p2a: Swampert|167\/404
|
|-heal|p2a: Swampert|192\/404|[from] item: Leftovers
|-heal|p1a: Aromatisse|338\/406|[from] item: Leftovers
|turn|11
|
|move|p2a: Swampert|Stealth Rock|p1a: Aromatisse
|-sidestart|p1: Raging confidence|move: Stealth Rock
|move|p1a: Aromatisse|Moonblast|p2a: Swampert
|-crit|p2a: Swampert
|-damage|p2a: Swampert|9\/404
|-unboost|p2a: Swampert|spa|1
|
|-heal|p2a: Swampert|34\/404|[from] item: Leftovers
|-heal|p1a: Aromatisse|363\/406|[from] item: Leftovers
|turn|12
|
|switch|p2a: Arcanine|Arcanine, M|384\/384
|-damage|p2a: Arcanine|288\/384|[from] Stealth Rock
|-item|p2a: Arcanine|Air Balloon
|move|p1a: Aromatisse|Moonblast|p2a: Arcanine
|-resisted|p2a: Arcanine
|-damage|p2a: Arcanine|226\/384
|-enditem|p2a: Arcanine|Air Balloon
|-unboost|p2a: Arcanine|spa|1
|
|-heal|p1a: Aromatisse|388\/406|[from] item: Leftovers
|turn|13
|
|move|p1a: Aromatisse|Protect|p1a: Aromatisse
|-singleturn|p1a: Aromatisse|Protect
|move|p2a: Arcanine|Morning Sun|p2a: Arcanine
|-heal|p2a: Arcanine|384\/384
|
|-heal|p1a: Aromatisse|406\/406|[from] item: Leftovers
|turn|14
|
|switch|p1a: Tentacruel|Tentacruel, F|351\/364
|-damage|p1a: Tentacruel|306\/364|[from] Stealth Rock
|move|p2a: Arcanine|Wild Charge|p1a: Tentacruel
|-supereffective|p1a: Tentacruel
|-damage|p1a: Tentacruel|98\/364
|-damage|p2a: Arcanine|332\/384|[from] recoil|[of] p1a: Tentacruel
|
|-heal|p1a: Tentacruel|120\/364|[from] item: Black Sludge
|turn|15
|
|move|p1a: Tentacruel|Scald|p2a: Arcanine
|-supereffective|p2a: Arcanine
|-damage|p2a: Arcanine|134\/384
|move|p2a: Arcanine|Wild Charge|p1a: Tentacruel
|-supereffective|p1a: Tentacruel
|-damage|p1a: Tentacruel|0 fnt
|-damage|p2a: Arcanine|104\/384|[from] recoil|[of] p1a: Tentacruel
|faint|p1a: Tentacruel
|
|
|switch|p1a: Xatu|Xatu, M|313\/333
|-damage|p1a: Xatu|230\/333|[from] Stealth Rock
|turn|16
|
|move|p2a: Arcanine|Morning Sun|p2a: Arcanine
|-heal|p2a: Arcanine|296\/384
|move|p1a: Xatu|Night Shade|p2a: Arcanine
|-damage|p2a: Arcanine|196\/384
|
|turn|17
|
|move|p1a: Xatu|Roost|p1a: Xatu
|-heal|p1a: Xatu|333\/333
|move|p2a: Arcanine|Morning Sun|p2a: Arcanine
|-heal|p2a: Arcanine|384\/384
|
|turn|18
|
|move|p2a: Arcanine|Wild Charge|p1a: Xatu
|-supereffective|p1a: Xatu
|-damage|p1a: Xatu|129\/333
|-damage|p2a: Arcanine|320\/384|[from] item: Rocky Helmet|[of] p1a: Xatu
|-damage|p2a: Arcanine|269\/384|[from] recoil|[of] p1a: Xatu
|move|p1a: Xatu|Toxic|p2a: Arcanine|[miss]
|-miss|p1a: Xatu|p2a: Arcanine
|
|turn|19
|
|move|p1a: Xatu|Roost|p1a: Xatu
|-heal|p1a: Xatu|296\/333
|move|p2a: Arcanine|Wild Charge|p1a: Xatu
|-damage|p1a: Xatu|204\/333
|-damage|p2a: Arcanine|205\/384|[from] item: Rocky Helmet|[of] p1a: Xatu
|-damage|p2a: Arcanine|182\/384|[from] recoil|[of] p1a: Xatu
|
|turn|20
|
|move|p1a: Xatu|Roost|p1a: Xatu
|-heal|p1a: Xatu|333\/333
|move|p2a: Arcanine|Morning Sun|p2a: Arcanine
|-heal|p2a: Arcanine|374\/384
|
|turn|21
|
|move|p2a: Arcanine|Wild Charge|p1a: Xatu
|-supereffective|p1a: Xatu
|-damage|p1a: Xatu|151\/333
|-damage|p2a: Arcanine|310\/384|[from] item: Rocky Helmet|[of] p1a: Xatu
|-damage|p2a: Arcanine|264\/384|[from] recoil|[of] p1a: Xatu
|move|p1a: Xatu|Toxic|p2a: Arcanine
|-status|p2a: Arcanine|tox
|
|-damage|p2a: Arcanine|240\/384 tox|[from] psn
|turn|22
|
|move|p2a: Arcanine|Wild Charge|p1a: Xatu
|-supereffective|p1a: Xatu
|-damage|p1a: Xatu|0 fnt
|-damage|p2a: Arcanine|176\/384 tox|[from] item: Rocky Helmet|[of] p1a: Xatu
|-damage|p2a: Arcanine|138\/384 tox|[from] recoil|[of] p1a: Xatu
|faint|p1a: Xatu
|
|-damage|p2a: Arcanine|90\/384 tox|[from] psn
|
|switch|p1a: Snorlax|Snorlax, F|497\/497
|-damage|p1a: Snorlax|435\/497|[from] Stealth Rock
|turn|23
|
|switch|p2a: Lucario|Lucario, F|281\/281
|-damage|p2a: Lucario|273\/281|[from] Stealth Rock
|move|p1a: Snorlax|Curse|p1a: Snorlax
|-boost|p1a: Snorlax|atk|1
|-boost|p1a: Snorlax|def|1
|-unboost|p1a: Snorlax|spe|1
|
|turn|24
|
|move|p2a: Lucario|Nasty Plot|p2a: Lucario
|-boost|p2a: Lucario|spa|2
|move|p1a: Snorlax|Earthquake|p2a: Lucario
|-supereffective|p2a: Lucario
|-damage|p2a: Lucario|0 fnt
|faint|p2a: Lucario
|
|
|switch|p2a: Swampert|Swampert, M|34\/404
|-damage|p2a: Swampert|9\/404|[from] Stealth Rock
|turn|25
|
|move|p2a: Swampert|Toxic|p1a: Snorlax
|-status|p1a: Snorlax|tox
|move|p1a: Snorlax|Curse|p1a: Snorlax
|-boost|p1a: Snorlax|atk|1
|-boost|p1a: Snorlax|def|1
|-unboost|p1a: Snorlax|spe|1
|
|-heal|p2a: Swampert|34\/404|[from] item: Leftovers
|-damage|p1a: Snorlax|404\/497 tox|[from] psn
|turn|26
|
|move|p2a: Swampert|Earthquake|p1a: Snorlax
|-damage|p1a: Snorlax|334\/497 tox
|move|p1a: Snorlax|Curse|p1a: Snorlax
|-boost|p1a: Snorlax|atk|1
|-boost|p1a: Snorlax|def|1
|-unboost|p1a: Snorlax|spe|1
|
|-heal|p2a: Swampert|59\/404|[from] item: Leftovers
|-damage|p1a: Snorlax|272\/497 tox|[from] psn
|turn|27
|
|switch|p2a: Aerodactyl|Aerodactyl, F|301\/301
|-damage|p2a: Aerodactyl|226\/301|[from] Stealth Rock
|-ability|p2a: Aerodactyl|Unnerve|p1: Raging confidence
|move|p1a: Snorlax|Rest|p1a: Snorlax
|-status|p1a: Snorlax|slp
|-heal|p1a: Snorlax|497\/497 slp|[silent]
|-status|p1a: Snorlax|slp|[from] move: Rest
|
|turn|28
|c|âRaging confidence|this glitch tho lol
|c|âRaging confidence|i have a chesto berry
|
|detailschange|p2a: Aerodactyl|Aerodactyl-Mega, F
|message|Aerodactyl has Mega Evolved into Mega Aerodactyl!
|-enditem|p1a: Snorlax|Chesto Berry|[eat]
|-curestatus|p1a: Snorlax|slp
|move|p2a: Aerodactyl|Earthquake|p1a: Snorlax
|-damage|p1a: Snorlax|441\/497
|move|p1a: Snorlax|Body Slam|p2a: Aerodactyl
|-resisted|p2a: Aerodactyl
|-damage|p2a: Aerodactyl|70\/301
|
|turn|29
|
|move|p2a: Aerodactyl|Roost|p2a: Aerodactyl
|-heal|p2a: Aerodactyl|221\/301
|move|p1a: Snorlax|Curse|p1a: Snorlax
|-boost|p1a: Snorlax|atk|1
|-boost|p1a: Snorlax|def|1
|-unboost|p1a: Snorlax|spe|1
|
|turn|30
|
|switch|p2a: Arcanine|Arcanine, M|90\/384 tox
|-damage|p2a: Arcanine|0 fnt|[from] Stealth Rock
|faint|p2a: Arcanine
|move|p1a: Snorlax|Body Slam|p2: Arcanine|[notarget]
|-notarget
|
|
|switch|p2a: Swampert|Swampert, M|59\/404
|-damage|p2a: Swampert|34\/404|[from] Stealth Rock
|turn|31
|
|move|p2a: Swampert|Toxic|p1a: Snorlax
|-status|p1a: Snorlax|tox
|move|p1a: Snorlax|Curse|p1a: Snorlax
|-boost|p1a: Snorlax|atk|1
|-boost|p1a: Snorlax|def|1
|-unboost|p1a: Snorlax|spe|1
|
|-heal|p2a: Swampert|59\/404|[from] item: Leftovers
|-damage|p1a: Snorlax|410\/497 tox|[from] psn
|turn|32
|
|move|p2a: Swampert|Earthquake|p1a: Snorlax
|-damage|p1a: Snorlax|367\/497 tox
|move|p1a: Snorlax|Rest|p1a: Snorlax
|-status|p1a: Snorlax|slp
|-heal|p1a: Snorlax|497\/497 slp|[silent]
|-status|p1a: Snorlax|slp|[from] move: Rest
|
|-heal|p2a: Swampert|84\/404|[from] item: Leftovers
|turn|33
|
|switch|p2a: Umbreon|Umbreon, F|393\/394
|-damage|p2a: Umbreon|344\/394|[from] Stealth Rock
|cant|p1a: Snorlax|slp
|
|-heal|p2a: Umbreon|368\/394|[from] item: Leftovers
|turn|34
|
|move|p2a: Umbreon|Foul Play|p1a: Snorlax
|-damage|p1a: Snorlax|364\/497 slp
|cant|p1a: Snorlax|slp
|
|-heal|p2a: Umbreon|392\/394|[from] item: Leftovers
|turn|35
|
|move|p2a: Umbreon|Foul Play|p1a: Snorlax
|-damage|p1a: Snorlax|237\/497 slp
|-curestatus|p1a: Snorlax|slp
|move|p1a: Snorlax|Body Slam|p2a: Umbreon
|-damage|p2a: Umbreon|44\/394
|
|-heal|p2a: Umbreon|68\/394|[from] item: Leftovers
|turn|36
|
|move|p2a: Umbreon|Foul Play|p1a: Snorlax
|-damage|p1a: Snorlax|104\/497
|move|p1a: Snorlax|Body Slam|p2a: Umbreon
|-damage|p2a: Umbreon|0 fnt
|faint|p2a: Umbreon
|
|
|switch|p2a: Aerodactyl|Aerodactyl-Mega, F|221\/301
|-damage|p2a: Aerodactyl|146\/301|[from] Stealth Rock
|turn|37
|
|move|p2a: Aerodactyl|Rock Slide|p1a: Snorlax
|-damage|p1a: Snorlax|64\/497
|move|p1a: Snorlax|Rest|p1a: Snorlax
|-status|p1a: Snorlax|slp
|-heal|p1a: Snorlax|497\/497 slp|[silent]
|-status|p1a: Snorlax|slp|[from] move: Rest
|
|turn|38
|
|move|p2a: Aerodactyl|Aerial Ace|p1a: Snorlax
|-damage|p1a: Snorlax|455\/497 slp
|cant|p1a: Snorlax|slp
|
|turn|39
|c|âRaging confidence|gg?
|c|âteamtest239852|probably
|
|move|p2a: Aerodactyl|Aerial Ace|p1a: Snorlax
|-damage|p1a: Snorlax|406\/497 slp
|cant|p1a: Snorlax|slp
|
|turn|40
|
|move|p2a: Aerodactyl|Aerial Ace|p1a: Snorlax
|-damage|p1a: Snorlax|358\/497 slp
|-curestatus|p1a: Snorlax|slp
|move|p1a: Snorlax|Body Slam|p2a: Aerodactyl
|-resisted|p2a: Aerodactyl
|-damage|p2a: Aerodactyl|0 fnt
|faint|p2a: Aerodactyl
|
|
|switch|p2a: Swampert|Swampert, M|84\/404
|-damage|p2a: Swampert|59\/404|[from] Stealth Rock
|turn|41
|
|move|p2a: Swampert|Earthquake|p1a: Snorlax
|-damage|p1a: Snorlax|318\/497
|move|p1a: Snorlax|Curse|p1a: Snorlax
|-boost|p1a: Snorlax|atk|1
|-boost|p1a: Snorlax|def|1
|-unboost|p1a: Snorlax|spe|1
|
|-heal|p2a: Swampert|84\/404|[from] item: Leftovers
|turn|42
|
|move|p2a: Swampert|Earthquake|p1a: Snorlax
|-damage|p1a: Snorlax|282\/497
|move|p1a: Snorlax|Rest|p1a: Snorlax
|-status|p1a: Snorlax|slp
|-heal|p1a: Snorlax|497\/497 slp|[silent]
|-status|p1a: Snorlax|slp|[from] move: Rest
|
|-heal|p2a: Swampert|109\/404|[from] item: Leftovers
|turn|43
|
|move|p2a: Swampert|Earthquake|p1a: Snorlax
|-damage|p1a: Snorlax|463\/497 slp
|cant|p1a: Snorlax|slp
|
|-heal|p2a: Swampert|134\/404|[from] item: Leftovers
|turn|44
|
|move|p2a: Swampert|Earthquake|p1a: Snorlax
|-damage|p1a: Snorlax|429\/497 slp
|cant|p1a: Snorlax|slp
|
|-heal|p2a: Swampert|159\/404|[from] item: Leftovers
|turn|45
|
|move|p2a: Swampert|Earthquake|p1a: Snorlax
|-crit|p1a: Snorlax
|-damage|p1a: Snorlax|206\/497 slp
|-curestatus|p1a: Snorlax|slp
|move|p1a: Snorlax|Body Slam|p2a: Swampert
|-damage|p2a: Swampert|0 fnt
|faint|p2a: Swampert
|
|
|switch|p2a: Roserade|Roserade, M|324\/324
|-damage|p2a: Roserade|284\/324|[from] Stealth Rock
|turn|46
|
|move|p2a: Roserade|Giga Drain|p1a: Snorlax
|-damage|p1a: Snorlax|124\/497
|-heal|p2a: Roserade|324\/324|[from] drain|[of] p1a: Snorlax
|move|p1a: Snorlax|Body Slam|p2a: Roserade
|-damage|p2a: Roserade|0 fnt
|faint|p2a: Roserade
|
|win|Raging confidence
|raw|Ladder updating...
|c|âteamtest239852|gg
|raw|Ladder (probably) updated, but score could not be retrieved (timeout).
|raw|Ladder (probably) updated, but score could not be retrieved (Error: socket hang up).
|leave|Raging confidence
|player|p1