|join|teamtest239852
|join|Swagonborn
|player|p1|teamtest239852|42
|player|p2|Swagonborn|212
|gametype|singles
|gen|6
|tier|UU
|rated
|rule|Sleep Clause Mod: Limit one foe put to sleep
|rule|Species Clause: Limit one of each PokÃ©mon
|rule|OHKO Clause: OHKO moves are banned
|rule|Moody Clause: Moody is banned
|rule|Evasion Moves Clause: Evasion moves are banned
|rule|Endless Battle Clause: Forcing endless battles is banned
|rule|HP Percentage Mod: HP is shown in percentages
|clearpoke
|poke|p1|Sceptile, M, shiny
|poke|p1|Blissey, F
|poke|p1|Entei, shiny
|poke|p1|Forretress, M, shiny
|poke|p1|Galvantula, F
|poke|p1|Machamp, M
|poke|p2|Donphan, F
|poke|p2|Galvantula, F
|poke|p2|Goodra, F
|poke|p2|Espeon, F
|poke|p2|Lucario, F
|poke|p2|Sharpedo, F
|rule|Swagger Clause: Swagger is banned
|rule|Baton Pass Clause: Limit one PokÃ©mon knowing Baton Pass
|teampreview
|
|start
|switch|p1a: Entei|Entei, shiny|372\/372
|switch|p2a: Goodra|Goodra, F|383\/383
|-ability|p1a: Entei|Pressure
|turn|1
|
|switch|p1a: Blissey|Blissey, F|714\/714
|move|p2a: Goodra|Draco Meteor|p1a: Blissey
|-damage|p1a: Blissey|596\/714
|-unboost|p2a: Goodra|spa|2
|
|-heal|p1a: Blissey|640\/714|[from] item: Leftovers
|turn|2
|
|switch|p2a: Lucario|Lucario, F|281\/281
|move|p1a: Blissey|Toxic|p2a: Lucario
|-fail|p2a: Lucario
|
|-heal|p1a: Blissey|684\/714|[from] item: Leftovers
|turn|3
|
|switch|p1a: Forretress|Forretress, M, shiny|354\/354
|move|p2a: Lucario|Swords Dance|p2a: Lucario
|-boost|p2a: Lucario|atk|2
|
|turn|4
|
|move|p2a: Lucario|Close Combat|p1a: Forretress
|-damage|p1a: Forretress|65\/354
|-damage|p2a: Lucario|235\/281|[from] item: Rocky Helmet|[of] p1a: Forretress
|-unboost|p2a: Lucario|def|1
|-unboost|p2a: Lucario|spd|1
|-damage|p2a: Lucario|207\/281|[from] item: Life Orb
|move|p1a: Forretress|Stealth Rock|p2a: Lucario
|-sidestart|p2: Swagonborn|move: Stealth Rock
|
|turn|5
|
|move|p2a: Lucario|Close Combat|p1a: Forretress
|-damage|p1a: Forretress|0 fnt
|-damage|p2a: Lucario|161\/281|[from] item: Rocky Helmet|[of] p1a: Forretress
|-unboost|p2a: Lucario|def|1
|-unboost|p2a: Lucario|spd|1
|-damage|p2a: Lucario|133\/281|[from] item: Life Orb
|faint|p1a: Forretress
|
|
|switch|p1a: Sceptile|Sceptile, M, shiny|282\/282
|turn|6
|
|switch|p2a: Goodra|Goodra, F|383\/383
|-damage|p2a: Goodra|336\/383|[from] Stealth Rock
|detailschange|p1a: Sceptile|Sceptile-Mega, M, shiny
|-mega|p1a: Sceptile|Sceptile|Sceptilite
|move|p1a: Sceptile|Earthquake|p2a: Goodra
|-damage|p2a: Goodra|190\/383
|
|turn|7
|
|switch|p2a: Donphan|Donphan, F|383\/383
|-damage|p2a: Donphan|360\/383|[from] Stealth Rock
|move|p1a: Sceptile|Dragon Claw|p2a: Donphan
|-damage|p2a: Donphan|251\/383
|
|-heal|p2a: Donphan|274\/383|[from] item: Leftovers
|turn|8
|
|switch|p1a: Machamp|Machamp, M|384\/384
|move|p2a: Donphan|Rapid Spin|p1a: Machamp
|-crit|p1a: Machamp
|-damage|p1a: Machamp|338\/384
|-sideend|p2: Swagonborn|Stealth Rock|[from] move: Rapid Spin|[of] p2a: Donphan
|
|-heal|p2a: Donphan|297\/383|[from] item: Leftovers
|turn|9
|
|move|p1a: Machamp|Dynamic Punch|p2a: Donphan
|-damage|p2a: Donphan|144\/383
|-start|p2a: Donphan|confusion
|-activate|p2a: Donphan|confusion
|-damage|p2a: Donphan|99\/383|[from] confusion
|
|-heal|p2a: Donphan|122\/383|[from] item: Leftovers
|turn|10
|
|move|p1a: Machamp|Dynamic Punch|p2a: Donphan
|-damage|p2a: Donphan|0 fnt
|faint|p2a: Donphan
|
|
|switch|p2a: Galvantula|Galvantula, F|281\/281
|turn|11
|
|move|p2a: Galvantula|Sticky Web|p1a: Machamp
|-sidestart|p1: teamtest239852|move: Sticky Web
|move|p1a: Machamp|Dynamic Punch|p2a: Galvantula
|-resisted|p2a: Galvantula
|-damage|p2a: Galvantula|126\/281
|-start|p2a: Galvantula|confusion
|
|turn|12
|
|-activate|p2a: Galvantula|confusion
|move|p2a: Galvantula|Thunder|p1a: Machamp
|-damage|p1a: Machamp|151\/384
|-enditem|p1a: Machamp|Sitrus Berry|[eat]
|-heal|p1a: Machamp|247\/384|[from] item: Sitrus Berry
|move|p1a: Machamp|Dynamic Punch|p2a: Galvantula
|-resisted|p2a: Galvantula
|-damage|p2a: Galvantula|0 fnt
|faint|p2a: Galvantula
|
|
|switch|p2a: Espeon|Espeon, F|334\/334
|turn|13
|
|switch|p1a: Blissey|Blissey, F|684\/714
|-activate|p1a: Blissey|move: Sticky Web
|-unboost|p1a: Blissey|spe|1
|move|p2a: Espeon|Psychic|p1a: Blissey
|-damage|p1a: Blissey|573\/714
|-unboost|p1a: Blissey|spd|1
|
|-heal|p1a: Blissey|617\/714|[from] item: Leftovers
|turn|14
|
|move|p2a: Espeon|Reflect|p2a: Espeon
|-sidestart|p2: Swagonborn|Reflect
|move|p1a: Blissey|Wish|p1a: Blissey
|
|-heal|p1a: Blissey|661\/714|[from] item: Leftovers
|turn|15
|
|switch|p1a: Galvantula|Galvantula, F|281\/281
|-activate|p1a: Galvantula|move: Sticky Web
|-unboost|p1a: Galvantula|spe|1
|move|p2a: Espeon|Light Screen|p2a: Espeon
|-sidestart|p2: Swagonborn|move: Light Screen
|
|turn|16
|
|switch|p2a: Sharpedo|Sharpedo, F|281\/281
|move|p1a: Galvantula|Bug Buzz|p2a: Sharpedo
|-supereffective|p2a: Sharpedo
|-damage|p2a: Sharpedo|16\/281
|
|turn|17
|
|move|p2a: Sharpedo|Protect|p2a: Sharpedo
|-singleturn|p2a: Sharpedo|Protect
|move|p1a: Galvantula|Bug Buzz|p2a: Sharpedo
|-activate|p2a: Sharpedo|Protect
|
|-boost|p2a: Sharpedo|spe|1|[from] ability: Speed Boost
|turn|18
|
|detailschange|p2a: Sharpedo|Sharpedo-Mega, F
|-mega|p2a: Sharpedo|Sharpedo|Sharpedonite
|move|p2a: Sharpedo|Crunch|p1a: Galvantula
|-enditem|p1a: Galvantula|Focus Sash
|-damage|p1a: Galvantula|1\/281
|move|p1a: Galvantula|Bug Buzz|p2a: Sharpedo
|-supereffective|p2a: Sharpedo
|-damage|p2a: Sharpedo|0 fnt
|faint|p2a: Sharpedo
|
|
|switch|p2a: Lucario|Lucario, F|133\/281
|turn|19
|
|move|p2a: Lucario|Bullet Punch|p1a: Galvantula
|-resisted|p1a: Galvantula
|-damage|p1a: Galvantula|0 fnt
|-damage|p2a: Lucario|105\/281|[from] item: Life Orb
|faint|p1a: Galvantula
|
|
|switch|p1a: Machamp|Machamp, M|247\/384
|-activate|p1a: Machamp|move: Sticky Web
|-unboost|p1a: Machamp|spe|1
|turn|20
|
|move|p1a: Machamp|Bullet Punch|p2a: Lucario
|-resisted|p2a: Lucario
|-damage|p2a: Lucario|88\/281
|move|p2a: Lucario|Close Combat|p1a: Machamp
|-damage|p1a: Machamp|0 fnt
|-unboost|p2a: Lucario|def|1
|-unboost|p2a: Lucario|spd|1
|-damage|p2a: Lucario|60\/281|[from] item: Life Orb
|faint|p1a: Machamp
|
|
|switch|p1a: Blissey|Blissey, F|661\/714
|-activate|p1a: Blissey|move: Sticky Web
|-unboost|p1a: Blissey|spe|1
|turn|21
|
|move|p2a: Lucario|Close Combat|p1a: Blissey
|-supereffective|p1a: Blissey
|-damage|p1a: Blissey|0 fnt
|-unboost|p2a: Lucario|def|1
|-unboost|p2a: Lucario|spd|1
|-damage|p2a: Lucario|32\/281|[from] item: Life Orb
|faint|p1a: Blissey
|
|-sideend|p2: Swagonborn|Reflect
|
|switch|p1a: Entei|Entei, shiny|372\/372
|-activate|p1a: Entei|move: Sticky Web
|-unboost|p1a: Entei|spe|1
|-ability|p1a: Entei|Pressure
|turn|22
|
|move|p1a: Entei|Extreme Speed|p2a: Lucario
|-resisted|p2a: Lucario
|-damage|p2a: Lucario|0 fnt
|faint|p2a: Lucario
|
|-sideend|p2: Swagonborn|move: Light Screen
|
|switch|p2a: Espeon|Espeon, F|334\/334
|turn|23
|
|move|p2a: Espeon|Reflect|p2a: Espeon
|-sidestart|p2: Swagonborn|Reflect
|move|p1a: Entei|Sacred Fire|p2a: Espeon|[miss]
|-miss|p1a: Entei|p2a: Espeon
|
|turn|24
|
|move|p2a: Espeon|Light Screen|p2a: Espeon
|-sidestart|p2: Swagonborn|move: Light Screen
|move|p1a: Entei|Sacred Fire|p2a: Espeon
|-damage|p2a: Espeon|189\/334
|-status|p2a: Espeon|brn
|
|-damage|p2a: Espeon|148\/334 brn|[from] brn
|turn|25
|
|move|p2a: Espeon|Psychic|p1a: Entei
|-damage|p1a: Entei|252\/372
|-unboost|p1a: Entei|spd|1
|move|p1a: Entei|Sacred Fire|p2a: Espeon
|-damage|p2a: Espeon|15\/334 brn
|
|-damage|p2a: Espeon|0 fnt|[from] brn
|faint|p2a: Espeon
|
|switch|p2a: Goodra|Goodra, F|190\/383
|turn|26
|
|move|p1a: Entei|Extreme Speed|p2a: Goodra
|-crit|p2a: Goodra
|-damage|p2a: Goodra|10\/383
|move|p2a: Goodra|Sludge Wave|p1a: Entei
|-damage|p1a: Entei|143\/372
|
|turn|27
|
|move|p1a: Entei|Extreme Speed|p2a: Goodra
|-crit|p2a: Goodra
|-damage|p2a: Goodra|0 fnt
|faint|p2a: Goodra
|
|win|teamtest239852
|raw|Ladder updating...
|raw|teamtest239852's rating: 1422 &rarr; <strong>1432<\/strong><br \/>(+10 for winning)
|raw|Swagonborn's rating: 1231 &rarr; <strong>1218<\/strong><br \/>(-13 for losing)
|c|âteamtest239852|gg
|c|âSwagonborn|gg
|leave|Swagonborn
|player|p2