|join|teamtest239852
|join|DrReunicklus
|player|p1|teamtest239852|66
|player|p2|DrReunicklus|147
|gametype|singles
|gen|6
|tier|UU
|rated
|rule|Sleep Clause Mod: Limit one foe put to sleep
|rule|Species Clause: Limit one of each PokÃ©mon
|rule|OHKO Clause: OHKO moves are banned
|rule|Moody Clause: Moody is banned
|rule|Evasion Moves Clause: Evasion moves are banned
|rule|Endless Battle Clause: Forcing endless battles is banned
|rule|HP Percentage Mod: HP is shown in percentages
|clearpoke
|poke|p1|Scrafty, M, shiny
|poke|p1|Arcanine, F, shiny
|poke|p1|Florges, F, shiny
|poke|p1|Bronzong
|poke|p1|Nidoking, M
|poke|p1|Trevenant, M
|poke|p2|Bronzong
|poke|p2|Porygon-Z
|poke|p2|Lucario, F
|poke|p2|Haxorus, M
|poke|p2|Diancie
|poke|p2|Cloyster, M
|rule|Swagger Clause: Swagger is banned
|rule|Baton Pass Clause: Limit one PokÃ©mon knowing Baton Pass
|teampreview
|
|start
|switch|p1a: Bronzong|Bronzong|338\/338
|switch|p2a: Bronzong|Bronzong|338\/338
|turn|1
|
|move|p2a: Bronzong|Stealth Rock|p1a: Bronzong
|-sidestart|p1: teamtest239852|move: Stealth Rock
|move|p1a: Bronzong|Light Screen|p1a: Bronzong
|-sidestart|p1: teamtest239852|move: Light Screen
|
|turn|2
|
|move|p2a: Bronzong|Light Screen|p2a: Bronzong
|-sidestart|p2: DrReunicklus|move: Light Screen
|move|p1a: Bronzong|Reflect|p1a: Bronzong
|-sidestart|p1: teamtest239852|Reflect
|
|turn|3
|
|switch|p1a: Great Deku|Trevenant, M|373\/373
|-damage|p1a: Great Deku|327\/373|[from] Stealth Rock
|move|p2a: Bronzong|Reflect|p2a: Bronzong
|-sidestart|p2: DrReunicklus|Reflect
|
|turn|4
|
|switch|p2a: Porygon-Z|Porygon-Z|331\/331
|move|p1a: Great Deku|Will-O-Wisp|p2a: Porygon-Z
|-status|p2a: Porygon-Z|brn
|-enditem|p2a: Porygon-Z|Lum Berry|[eat]
|-curestatus|p2a: Porygon-Z|brn
|
|turn|5
|
|move|p2a: Porygon-Z|Nasty Plot|p2a: Porygon-Z
|-boost|p2a: Porygon-Z|spa|2
|move|p1a: Great Deku|Leech Seed|p2a: Porygon-Z
|-start|p2a: Porygon-Z|move: Leech Seed
|
|-damage|p2a: Porygon-Z|290\/331|[from] Leech Seed|[of] p1a: Great Deku
|-heal|p1a: Great Deku|368\/373|[silent]
|turn|6
|
|move|p2a: Porygon-Z|Nasty Plot|p2a: Porygon-Z
|-boost|p2a: Porygon-Z|spa|2
|move|p1a: Great Deku|Will-O-Wisp|p2a: Porygon-Z
|-status|p2a: Porygon-Z|brn
|
|-damage|p2a: Porygon-Z|249\/331 brn|[from] Leech Seed|[of] p1a: Great Deku
|-heal|p1a: Great Deku|373\/373|[silent]
|-damage|p2a: Porygon-Z|208\/331 brn|[from] brn
|turn|7
|
|move|p2a: Porygon-Z|Dark Pulse|p1a: Great Deku
|-supereffective|p1a: Great Deku
|-damage|p1a: Great Deku|104\/373
|move|p1a: Great Deku|Rest|p1a: Great Deku
|-status|p1a: Great Deku|slp
|-heal|p1a: Great Deku|373\/373 slp|[silent]
|-status|p1a: Great Deku|slp|[from] move: Rest
|-enditem|p1a: Great Deku|Lum Berry|[eat]
|-curestatus|p1a: Great Deku|slp
|
|-damage|p2a: Porygon-Z|167\/331 brn|[from] Leech Seed|[of] p1a: Great Deku
|-damage|p2a: Porygon-Z|126\/331 brn|[from] brn
|-item|p1a: Great Deku|Lum Berry|[from] ability: Harvest
|turn|8
|
|move|p2a: Porygon-Z|Dark Pulse|p1a: Great Deku
|-supereffective|p1a: Great Deku
|-damage|p1a: Great Deku|98\/373
|move|p1a: Great Deku|Horn Leech|p2a: Porygon-Z
|-damage|p2a: Porygon-Z|61\/331 brn
|-heal|p1a: Great Deku|131\/373|[from] drain|[of] p2a: Porygon-Z
|
|-damage|p2a: Porygon-Z|20\/331 brn|[from] Leech Seed|[of] p1a: Great Deku
|-heal|p1a: Great Deku|172\/373|[silent]
|-damage|p2a: Porygon-Z|0 fnt|[from] brn
|-sideend|p1: teamtest239852|move: Light Screen
|faint|p2a: Porygon-Z
|
|switch|p2a: Cloyster|Cloyster, M|241\/241
|turn|9
|
|move|p2a: Cloyster|Icicle Spear|p1a: Great Deku
|-supereffective|p1a: Great Deku
|-damage|p1a: Great Deku|123\/373
|-supereffective|p1a: Great Deku
|-damage|p1a: Great Deku|81\/373
|-supereffective|p1a: Great Deku
|-damage|p1a: Great Deku|36\/373
|-supereffective|p1a: Great Deku
|-damage|p1a: Great Deku|0 fnt
|-hitcount|p1a: Great Deku|4
|faint|p1a: Great Deku
|
|-sideend|p1: teamtest239852|Reflect
|-sideend|p2: DrReunicklus|move: Light Screen
|
|switch|p1a: Bronzong|Bronzong|338\/338
|-damage|p1a: Bronzong|317\/338|[from] Stealth Rock
|turn|10
|
|switch|p2a: Bronzong|Bronzong|338\/338
|move|p1a: Bronzong|Reflect|p1a: Bronzong
|-sidestart|p1: teamtest239852|Reflect
|
|-sideend|p2: DrReunicklus|Reflect
|turn|11
|
|move|p2a: Bronzong|Reflect|p2a: Bronzong
|-sidestart|p2: DrReunicklus|Reflect
|move|p1a: Bronzong|Light Screen|p1a: Bronzong
|-sidestart|p1: teamtest239852|move: Light Screen
|
|turn|12
|
|switch|p1a: Link|Scrafty, M, shiny|271\/271
|-damage|p1a: Link|255\/271|[from] Stealth Rock
|move|p2a: Bronzong|Light Screen|p2a: Bronzong
|-sidestart|p2: DrReunicklus|move: Light Screen
|
|turn|13
|
|move|p1a: Link|Dragon Dance|p1a: Link
|-boost|p1a: Link|atk|1
|-boost|p1a: Link|spe|1
|move|p2a: Bronzong|Explosion|p1a: Link
|-damage|p1a: Link|172\/271
|faint|p2a: Bronzong
|
|
|switch|p2a: Cloyster|Cloyster, M|241\/241
|turn|14
|
|move|p1a: Link|Drain Punch|p2a: Cloyster
|-supereffective|p2a: Cloyster
|-damage|p2a: Cloyster|115\/241
|-heal|p1a: Link|235\/271|[from] drain|[of] p2a: Cloyster
|-damage|p1a: Link|208\/271|[from] item: Life Orb
|move|p2a: Cloyster|Shell Smash|p2a: Cloyster
|-boost|p2a: Cloyster|atk|2
|-boost|p2a: Cloyster|spa|2
|-boost|p2a: Cloyster|spe|2
|-unboost|p2a: Cloyster|def|1
|-unboost|p2a: Cloyster|spd|1
|
|turn|15
|
|move|p2a: Cloyster|Icicle Spear|p1a: Link
|-damage|p1a: Link|178\/271
|-damage|p1a: Link|145\/271
|-damage|p1a: Link|113\/271
|-crit|p1a: Link
|-damage|p1a: Link|23\/271
|-damage|p1a: Link|0 fnt
|-hitcount|p1a: Link|5
|faint|p1a: Link
|
|
|switch|p1a: Bronzong|Bronzong|317\/338
|-damage|p1a: Bronzong|296\/338|[from] Stealth Rock
|turn|16
|
|move|p2a: Cloyster|Icicle Spear|p1a: Bronzong
|-crit|p1a: Bronzong
|-resisted|p1a: Bronzong
|-damage|p1a: Bronzong|263\/338
|-resisted|p1a: Bronzong
|-damage|p1a: Bronzong|250\/338
|-resisted|p1a: Bronzong
|-damage|p1a: Bronzong|239\/338
|-resisted|p1a: Bronzong
|-damage|p1a: Bronzong|228\/338
|-resisted|p1a: Bronzong
|-damage|p1a: Bronzong|217\/338
|-hitcount|p1a: Bronzong|5
|move|p1a: Bronzong|Gyro Ball|p2a: Cloyster
|-damage|p2a: Cloyster|44\/241
|
|turn|17
|
|move|p2a: Cloyster|Icicle Spear|p1a: Bronzong
|-resisted|p1a: Bronzong
|-damage|p1a: Bronzong|207\/338
|-resisted|p1a: Bronzong
|-damage|p1a: Bronzong|196\/338
|-crit|p1a: Bronzong
|-resisted|p1a: Bronzong
|-damage|p1a: Bronzong|162\/338
|-crit|p1a: Bronzong
|-resisted|p1a: Bronzong
|-damage|p1a: Bronzong|125\/338
|-resisted|p1a: Bronzong
|-damage|p1a: Bronzong|115\/338
|-hitcount|p1a: Bronzong|5
|move|p1a: Bronzong|Gyro Ball|p2a: Cloyster
|-damage|p2a: Cloyster|0 fnt
|faint|p2a: Cloyster
|
|-sideend|p1: teamtest239852|Reflect
|
|switch|p2a: Lucario|Lucario, F|281\/281
|turn|18
|
|move|p2a: Lucario|Swords Dance|p2a: Lucario
|-boost|p2a: Lucario|atk|2
|move|p1a: Bronzong|Reflect|p1a: Bronzong
|-sidestart|p1: teamtest239852|Reflect
|
|-sideend|p2: DrReunicklus|Reflect
|-sideend|p1: teamtest239852|move: Light Screen
|turn|19
|
|switch|p1a: Midna|Arcanine, F, shiny|321\/321
|-damage|p1a: Midna|241\/321|[from] Stealth Rock
|-ability|p1a: Midna|Intimidate|[of] p2a: Lucario
|-unboost|p2a: Lucario|atk|1
|move|p2a: Lucario|Swords Dance|p2a: Lucario
|-boost|p2a: Lucario|atk|2
|
|-sideend|p2: DrReunicklus|move: Light Screen
|turn|20
|
|move|p1a: Midna|Flare Blitz|p2a: Lucario
|-supereffective|p2a: Lucario
|-damage|p2a: Lucario|0 fnt
|-damage|p1a: Midna|148\/321|[from] recoil|[of] p2a: Lucario
|faint|p2a: Lucario
|
|
|switch|p2a: Diancie|Diancie|304\/304
|turn|21
|
|switch|p1a: Bronzong|Bronzong|115\/338
|-damage|p1a: Bronzong|94\/338|[from] Stealth Rock
|move|p2a: Diancie|Diamond Storm|p1a: Bronzong
|-crit|p1a: Bronzong
|-resisted|p1a: Bronzong
|-damage|p1a: Bronzong|10\/338
|
|turn|22
|
|move|p2a: Diancie|Reflect|p2a: Diancie
|-sidestart|p2: DrReunicklus|Reflect
|move|p1a: Bronzong|Gyro Ball|p2a: Diancie
|-supereffective|p2a: Diancie
|-damage|p2a: Diancie|226\/304
|
|turn|23
|
|move|p2a: Diancie|Light Screen|p2a: Diancie
|-sidestart|p2: DrReunicklus|move: Light Screen
|move|p1a: Bronzong|Light Screen|p1a: Bronzong
|-sidestart|p1: teamtest239852|move: Light Screen
|
|turn|24
|
|move|p2a: Diancie|Diamond Storm|p1a: Bronzong
|-resisted|p1a: Bronzong
|-damage|p1a: Bronzong|0 fnt
|-boost|p2a: Diancie|def|1
|faint|p1a: Bronzong
|
|
|switch|p1a: Great Fairy|Florges, F, shiny|359\/359
|-damage|p1a: Great Fairy|315\/359|[from] Stealth Rock
|turn|25
|
|move|p1a: Great Fairy|Protect|p1a: Great Fairy
|-singleturn|p1a: Great Fairy|Protect
|move|p2a: Diancie|Diamond Storm|p1a: Great Fairy
|-activate|p1a: Great Fairy|Protect
|
|-heal|p1a: Great Fairy|337\/359|[from] item: Leftovers
|-sideend|p1: teamtest239852|Reflect
|turn|26
|
|move|p1a: Great Fairy|Wish|p1a: Great Fairy
|move|p2a: Diancie|Diamond Storm|p1a: Great Fairy
|-damage|p1a: Great Fairy|129\/359
|-boost|p2a: Diancie|def|1
|
|-heal|p1a: Great Fairy|151\/359|[from] item: Leftovers
|turn|27
|
|move|p1a: Great Fairy|Protect|p1a: Great Fairy
|-singleturn|p1a: Great Fairy|Protect
|move|p2a: Diancie|Diamond Storm|p1a: Great Fairy
|-activate|p1a: Great Fairy|Protect
|
|-heal|p1a: Great Fairy|330\/359|[from] move: Wish|[wisher] Great Fairy
|-heal|p1a: Great Fairy|352\/359|[from] item: Leftovers
|turn|28
|
|move|p1a: Great Fairy|Toxic|p2a: Diancie
|-status|p2a: Diancie|tox
|move|p2a: Diancie|Diamond Storm|p1a: Great Fairy
|-damage|p1a: Great Fairy|124\/359
|-boost|p2a: Diancie|def|1
|
|-heal|p1a: Great Fairy|146\/359|[from] item: Leftovers
|-damage|p2a: Diancie|207\/304 tox|[from] psn
|turn|29
|
|move|p1a: Great Fairy|Protect|p1a: Great Fairy
|-singleturn|p1a: Great Fairy|Protect
|move|p2a: Diancie|Diamond Storm|p1a: Great Fairy
|-activate|p1a: Great Fairy|Protect
|
|-heal|p1a: Great Fairy|168\/359|[from] item: Leftovers
|-damage|p2a: Diancie|169\/304 tox|[from] psn
|-sideend|p2: DrReunicklus|Reflect
|turn|30
|
|switch|p1a: Gannon|Nidoking, M|304\/304
|-damage|p1a: Gannon|285\/304|[from] Stealth Rock
|move|p2a: Diancie|Diamond Storm|p1a: Gannon
|-resisted|p1a: Gannon
|-damage|p1a: Gannon|175\/304
|-boost|p2a: Diancie|def|1
|
|-damage|p2a: Diancie|112\/304 tox|[from] psn
|-sideend|p2: DrReunicklus|move: Light Screen
|-sideend|p1: teamtest239852|move: Light Screen
|turn|31
|
|move|p1a: Gannon|Earth Power|p2a: Diancie
|-crit|p2a: Diancie
|-supereffective|p2a: Diancie
|-damage|p2a: Diancie|0 fnt
|faint|p2a: Diancie
|
|
|switch|p2a: Haxorus|Haxorus, M|294\/294
|-ability|p2a: Haxorus|Mold Breaker
|turn|32
|
|move|p1a: Gannon|Earth Power|p2a: Haxorus
|-crit|p2a: Haxorus
|-damage|p2a: Haxorus|0 fnt
|faint|p2a: Haxorus
|
|win|teamtest239852
|raw|Ladder updating...
|raw|teamtest239852's rating: 1472 &rarr; <strong>1489<\/strong><br \/>(+17 for winning)
|raw|DrReunicklus's rating: 1423 &rarr; <strong>1406<\/strong><br \/>(-17 for losing)
|c|âteamtest239852|gg
|c|âDrReunicklus|no
|leave|DrReunicklus
|player|p2