|join|teamtest239852
|join|bad_wolf42
|player|p1|teamtest239852|7
|player|p2|bad_wolf42|42
|gametype|singles
|gen|6
|tier|UU
|rated
|rule|Sleep Clause Mod: Limit one foe put to sleep
|rule|Species Clause: Limit one of each PokÃ©mon
|rule|OHKO Clause: OHKO moves are banned
|rule|Moody Clause: Moody is banned
|rule|Evasion Moves Clause: Evasion moves are banned
|rule|Endless Battle Clause: Forcing endless battles is banned
|rule|HP Percentage Mod: HP is shown in percentages
|clearpoke
|poke|p1|Beedrill, M
|poke|p1|Arcanine, M
|poke|p1|Hydreigon, F
|poke|p1|Milotic, M
|poke|p1|Hitmontop, M
|poke|p1|Roserade, F
|poke|p2|Snorlax, M
|poke|p2|Chandelure, M
|poke|p2|Beedrill, F
|poke|p2|Donphan, M
|poke|p2|Espeon, M
|poke|p2|Florges, F
|rule|Swagger Clause: Swagger is banned
|rule|Baton Pass Clause: Limit one PokÃ©mon knowing Baton Pass
|teampreview
|c|âbad_wolf42|i'm sad I can't use mega gallade anymore :(
|
|start
|switch|p1a: Hitmontop|Hitmontop, M|304\/304
|switch|p2a: Donphan|Donphan, M|384\/384
|-ability|p1a: Hitmontop|Intimidate|[of] p2a: Donphan
|-unboost|p2a: Donphan|atk|1
|turn|1
|
|move|p1a: Hitmontop|Fake Out|p2a: Donphan
|-damage|p2a: Donphan|357\/384
|cant|p2a: Donphan|flinch
|
|turn|2
|
|switch|p1a: Hydreigon|Hydreigon, F|325\/325
|move|p2a: Donphan|Knock Off|p1a: Hydreigon
|-resisted|p1a: Hydreigon
|-damage|p1a: Hydreigon|290\/325
|-enditem|p1a: Hydreigon|Choice Specs|[from] move: Knock Off|[of] p2a: Donphan
|
|turn|3
|
|move|p2a: Donphan|Ice Shard|p1a: Hydreigon
|-supereffective|p1a: Hydreigon
|-damage|p1a: Hydreigon|234\/325
|move|p1a: Hydreigon|Dark Pulse|p2a: Donphan
|-damage|p2a: Donphan|158\/384
|
|turn|4
|
|switch|p2a: Florges|Florges, F|360\/360
|move|p1a: Hydreigon|Dark Pulse|p2a: Florges
|-resisted|p2a: Florges
|-damage|p2a: Florges|315\/360
|
|turn|5
|
|switch|p1a: Beedrill|Beedrill, M|271\/271
|move|p2a: Florges|Moonblast|p1a: Beedrill
|-resisted|p1a: Beedrill
|-damage|p1a: Beedrill|194\/271
|-unboost|p1a: Beedrill|spa|1
|
|turn|6
|c|âbad_wolf42|dat special attack drop
|
|switch|p2a: Snorlax|Snorlax, M|524\/524
|detailschange|p1a: Beedrill|Beedrill-Mega, M
|message|Beedrill has Mega Evolved into Mega Beedrill!
|move|p1a: Beedrill|Poison Jab|p2a: Snorlax
|-damage|p2a: Snorlax|290\/524
|
|-heal|p2a: Snorlax|322\/524|[from] item: Leftovers
|turn|7
|
|move|p1a: Beedrill|U-turn|p2a: Snorlax
|-damage|p2a: Snorlax|144\/524
|
|switch|p1a: Hitmontop|Hitmontop, M|304\/304
|-ability|p1a: Hitmontop|Intimidate|[of] p2a: Snorlax
|-unboost|p2a: Snorlax|atk|1
|move|p2a: Snorlax|Body Slam|p1a: Hitmontop
|-damage|p1a: Hitmontop|225\/304
|
|-heal|p2a: Snorlax|176\/524|[from] item: Leftovers
|turn|8
|
|switch|p2a: Chandelure|Chandelure, M|261\/261
|move|p1a: Hitmontop|Close Combat|p2a: Chandelure
|-immune|p2a: Chandelure|[msg]
|
|turn|9
|
|switch|p1a: Hydreigon|Hydreigon, F|234\/325
|move|p2a: Chandelure|Fire Blast|p1a: Hydreigon
|-resisted|p1a: Hydreigon
|-damage|p1a: Hydreigon|122\/325
|
|turn|10
|
|switch|p2a: Florges|Florges, F|315\/360
|switch|p1a: Beedrill|Beedrill-Mega, M|194\/271
|
|turn|11
|
|switch|p2a: Donphan|Donphan, M|158\/384
|move|p1a: Beedrill|Poison Jab|p2a: Donphan
|-resisted|p2a: Donphan
|-damage|p2a: Donphan|96\/384
|-status|p2a: Donphan|psn
|-enditem|p2a: Donphan|Lum Berry|[eat]
|-curestatus|p2a: Donphan|psn
|
|turn|12
|
|move|p1a: Beedrill|X-Scissor|p2a: Donphan
|-damage|p2a: Donphan|0 fnt
|faint|p2a: Donphan
|
|
|switch|p2a: Chandelure|Chandelure, M|261\/261
|turn|13
|
|switch|p1a: Milotic|Milotic, M|394\/394
|move|p2a: Chandelure|Fire Blast|p1a: Milotic
|-resisted|p1a: Milotic
|-damage|p1a: Milotic|325\/394
|
|-heal|p1a: Milotic|349\/394|[from] item: Leftovers
|turn|14
|
|switch|p2a: Snorlax|Snorlax, M|176\/524
|move|p1a: Milotic|Scald|p2a: Snorlax
|-damage|p2a: Snorlax|95\/524
|
|-heal|p1a: Milotic|373\/394|[from] item: Leftovers
|-heal|p2a: Snorlax|127\/524|[from] item: Leftovers
|turn|15
|
|switch|p1a: Hitmontop|Hitmontop, M|225\/304
|-ability|p1a: Hitmontop|Intimidate|[of] p2a: Snorlax
|-unboost|p2a: Snorlax|atk|1
|move|p2a: Snorlax|Rest|p2a: Snorlax
|-status|p2a: Snorlax|slp
|-heal|p2a: Snorlax|524\/524 slp|[silent]
|-status|p2a: Snorlax|slp|[from] move: Rest
|
|turn|16
|
|switch|p2a: Florges|Florges, F|315\/360
|move|p1a: Hitmontop|Fake Out|p2a: Florges
|-damage|p2a: Florges|275\/360
|-damage|p1a: Hitmontop|175\/304|[from] item: Rocky Helmet|[of] p2a: Florges
|
|turn|17
|
|switch|p1a: Roserade|Roserade, F|262\/262
|move|p2a: Florges|Wish|p2a: Florges
|
|turn|18
|
|switch|p2a: Chandelure|Chandelure, M|261\/261
|move|p1a: Roserade|Sludge Bomb|p2a: Chandelure
|-resisted|p2a: Chandelure
|-damage|p2a: Chandelure|168\/261
|
|-heal|p2a: Chandelure|261\/261|[from] move: Wish|[wisher] Florges
|turn|19
|
|switch|p1a: Milotic|Milotic, M|373\/394
|move|p2a: Chandelure|Shadow Ball|p1a: Milotic
|-damage|p1a: Milotic|285\/394
|
|-heal|p1a: Milotic|309\/394|[from] item: Leftovers
|turn|20
|
|switch|p2a: Snorlax|Snorlax, M|524\/524 slp
|move|p1a: Milotic|Scald|p2a: Snorlax
|-damage|p2a: Snorlax|440\/524 slp
|
|-heal|p1a: Milotic|333\/394|[from] item: Leftovers
|-heal|p2a: Snorlax|472\/524 slp|[from] item: Leftovers
|turn|21
|
|switch|p1a: Hitmontop|Hitmontop, M|175\/304
|-ability|p1a: Hitmontop|Intimidate|[of] p2a: Snorlax
|-unboost|p2a: Snorlax|atk|1
|cant|p2a: Snorlax|slp
|move|p2a: Snorlax|Sleep Talk|p2a: Snorlax
|move|p2a: Snorlax|Curse|p2a: Snorlax|[from]Sleep Talk
|-boost|p2a: Snorlax|atk|1
|-boost|p2a: Snorlax|def|1
|-unboost|p2a: Snorlax|spe|1
|
|-heal|p2a: Snorlax|504\/524 slp|[from] item: Leftovers
|turn|22
|
|move|p1a: Hitmontop|Close Combat|p2a: Snorlax
|-supereffective|p2a: Snorlax
|-damage|p2a: Snorlax|250\/524 slp
|-unboost|p1a: Hitmontop|def|1
|-unboost|p1a: Hitmontop|spd|1
|cant|p2a: Snorlax|slp
|
|-heal|p2a: Snorlax|282\/524 slp|[from] item: Leftovers
|turn|23
|
|move|p1a: Hitmontop|Close Combat|p2a: Snorlax
|-supereffective|p2a: Snorlax
|-damage|p2a: Snorlax|10\/524 slp
|-unboost|p1a: Hitmontop|def|1
|-unboost|p1a: Hitmontop|spd|1
|-curestatus|p2a: Snorlax|slp
|move|p2a: Snorlax|Body Slam|p1a: Hitmontop
|-damage|p1a: Hitmontop|0 fnt
|faint|p1a: Hitmontop
|
|-heal|p2a: Snorlax|42\/524|[from] item: Leftovers
|
|switch|p1a: Beedrill|Beedrill-Mega, M|194\/271
|turn|24
|
|move|p1a: Beedrill|U-turn|p2a: Snorlax
|-damage|p2a: Snorlax|0 fnt
|faint|p2a: Snorlax
|
|switch|p1a: Milotic|Milotic, M|333\/394
|
|-heal|p1a: Milotic|357\/394|[from] item: Leftovers
|
|switch|p2a: Beedrill|Beedrill, F|271\/271
|turn|25
|
|detailschange|p2a: Beedrill|Beedrill-Mega, F
|message|Beedrill has Mega Evolved into Mega Beedrill!
|move|p2a: Beedrill|Poison Jab|p1a: Milotic
|-damage|p1a: Milotic|119\/394
|-status|p1a: Milotic|psn
|move|p1a: Milotic|Scald|p2a: Beedrill
|-damage|p2a: Beedrill|151\/271
|-status|p2a: Beedrill|brn
|
|-heal|p1a: Milotic|143\/394 psn|[from] item: Leftovers
|-damage|p2a: Beedrill|118\/271 brn|[from] brn
|-damage|p1a: Milotic|94\/394 psn|[from] psn
|turn|26
|
|switch|p2a: Florges|Florges, F|275\/360
|move|p1a: Milotic|Recover|p1a: Milotic
|-heal|p1a: Milotic|291\/394 psn
|
|-heal|p1a: Milotic|315\/394 psn|[from] item: Leftovers
|-damage|p1a: Milotic|266\/394 psn|[from] psn
|turn|27
|
|switch|p1a: Beedrill|Beedrill-Mega, M|194\/271
|move|p2a: Florges|Aromatherapy|p2a: Florges
|-cureteam|p2a: Florges|[from] move: Aromatherapy
|
|turn|28
|
|move|p1a: Beedrill|Poison Jab|p2a: Florges
|-supereffective|p2a: Florges
|-damage|p2a: Florges|0 fnt
|-damage|p1a: Beedrill|149\/271|[from] item: Rocky Helmet|[of] p2a: Florges
|faint|p2a: Florges
|
|
|switch|p2a: Espeon|Espeon, M|271\/271
|turn|29
|
|move|p1a: Beedrill|U-turn|p2a: Espeon
|-supereffective|p2a: Espeon
|-enditem|p2a: Espeon|Focus Sash
|-damage|p2a: Espeon|1\/271
|
|switch|p1a: Milotic|Milotic, M|266\/394 psn
|move|p2a: Espeon|Psyshock|p1a: Milotic
|-damage|p1a: Milotic|158\/394 psn
|
|-heal|p1a: Milotic|182\/394 psn|[from] item: Leftovers
|-damage|p1a: Milotic|133\/394 psn|[from] psn
|turn|30
|
|move|p2a: Espeon|Psyshock|p1a: Milotic
|-damage|p1a: Milotic|27\/394 psn
|move|p1a: Milotic|Recover|p1a: Milotic
|-heal|p1a: Milotic|224\/394 psn
|
|-heal|p1a: Milotic|248\/394 psn|[from] item: Leftovers
|-damage|p1a: Milotic|199\/394 psn|[from] psn
|turn|31
|
|move|p2a: Espeon|Psyshock|p1a: Milotic
|-damage|p1a: Milotic|78\/394 psn
|move|p1a: Milotic|Recover|p1a: Milotic
|-heal|p1a: Milotic|275\/394 psn
|
|-heal|p1a: Milotic|299\/394 psn|[from] item: Leftovers
|-damage|p1a: Milotic|250\/394 psn|[from] psn
|turn|32
|
|move|p2a: Espeon|Calm Mind|p2a: Espeon
|-boost|p2a: Espeon|spa|1
|-boost|p2a: Espeon|spd|1
|move|p1a: Milotic|Recover|p1a: Milotic
|-heal|p1a: Milotic|394\/394 psn
|
|-damage|p1a: Milotic|345\/394 psn|[from] psn
|turn|33
|
|move|p2a: Espeon|Psyshock|p1a: Milotic
|-damage|p1a: Milotic|170\/394 psn
|move|p1a: Milotic|Scald|p2a: Espeon
|-damage|p2a: Espeon|0 fnt
|faint|p2a: Espeon
|
|-heal|p1a: Milotic|194\/394 psn|[from] item: Leftovers
|-damage|p1a: Milotic|145\/394 psn|[from] psn
|
|switch|p2a: Beedrill|Beedrill-Mega, F|118\/271
|turn|34
|
|switch|p1a: Arcanine|Arcanine, M|384\/384
|-ability|p1a: Arcanine|Intimidate|[of] p2a: Beedrill
|-unboost|p2a: Beedrill|atk|1
|move|p2a: Beedrill|X-Scissor|p1a: Arcanine
|-resisted|p1a: Arcanine
|-damage|p1a: Arcanine|330\/384
|-damage|p2a: Beedrill|73\/271|[from] item: Rocky Helmet|[of] p1a: Arcanine
|
|turn|35
|
|move|p1a: Arcanine|Extreme Speed|p2a: Beedrill
|-damage|p2a: Beedrill|0 fnt
|faint|p2a: Beedrill
|
|
|switch|p2a: Chandelure|Chandelure, M|261\/261
|turn|36
|
|move|p2a: Chandelure|Trick|p1a: Arcanine
|-activate|p2a: Chandelure|move: Trick|[of] p1a: Arcanine
|-item|p1a: Arcanine|Choice Scarf|[from] move: Trick
|-item|p2a: Chandelure|Rocky Helmet|[from] move: Trick
|move|p1a: Arcanine|Morning Sun|p1a: Arcanine
|-heal|p1a: Arcanine|384\/384
|
|turn|37
|
|move|p1a: Arcanine|Morning Sun|p1a: Arcanine
|move|p2a: Chandelure|Shadow Ball|p1a: Arcanine
|-damage|p1a: Arcanine|186\/384
|
|turn|38
|
|move|p1a: Arcanine|Morning Sun|p1a: Arcanine
|-heal|p1a: Arcanine|378\/384
|move|p2a: Chandelure|Shadow Ball|p1a: Arcanine
|-damage|p1a: Arcanine|195\/384
|
|turn|39
|
|move|p1a: Arcanine|Morning Sun|p1a: Arcanine
|-heal|p1a: Arcanine|384\/384
|move|p2a: Chandelure|Shadow Ball|p1a: Arcanine
|-damage|p1a: Arcanine|191\/384
|
|turn|40
|
|move|p1a: Arcanine|Morning Sun|p1a: Arcanine
|-heal|p1a: Arcanine|383\/384
|move|p2a: Chandelure|Shadow Ball|p1a: Arcanine
|-damage|p1a: Arcanine|200\/384
|
|turn|41
|c|âbad_wolf42|...
|
|move|p1a: Arcanine|Morning Sun|p1a: Arcanine
|-heal|p1a: Arcanine|384\/384
|move|p2a: Chandelure|Energy Ball|p1a: Arcanine
|-resisted|p1a: Arcanine
|-damage|p1a: Arcanine|310\/384
|
|turn|42
|
|move|p1a: Arcanine|Morning Sun|p1a: Arcanine
|-heal|p1a: Arcanine|384\/384
|move|p2a: Chandelure|Energy Ball|p1a: Arcanine
|-resisted|p1a: Arcanine
|-damage|p1a: Arcanine|317\/384
|-unboost|p1a: Arcanine|spd|1
|
|turn|43
|
|move|p1a: Arcanine|Morning Sun|p1a: Arcanine
|-heal|p1a: Arcanine|384\/384
|move|p2a: Chandelure|Energy Ball|p1a: Arcanine
|-resisted|p1a: Arcanine
|-damage|p1a: Arcanine|270\/384
|
|turn|44
|c|âteamtest239852|struggle time
|
|move|p1a: Arcanine|Struggle|p2a: Chandelure
|-damage|p2a: Chandelure|217\/261
|-damage|p1a: Arcanine|206\/384|[from] item: Rocky Helmet|[of] p2a: Chandelure
|-damage|p1a: Arcanine|110\/384
|move|p2a: Chandelure|Energy Ball|p1a: Arcanine
|-resisted|p1a: Arcanine
|-damage|p1a: Arcanine|14\/384
|
|turn|45
|
|move|p1a: Arcanine|Struggle|p2a: Chandelure
|-damage|p2a: Chandelure|173\/261
|-damage|p1a: Arcanine|0 fnt|[from] item: Rocky Helmet|[of] p2a: Chandelure
|faint|p1a: Arcanine
|move|p2a: Chandelure|Trick|p1: Arcanine|[notarget]
|-notarget
|
|
|switch|p1a: Hydreigon|Hydreigon, F|122\/325
|turn|46
|
|move|p1a: Hydreigon|Dark Pulse|p2a: Chandelure
|-supereffective|p2a: Chandelure
|-damage|p2a: Chandelure|0 fnt
|faint|p2a: Chandelure
|
|win|teamtest239852
|raw|Ladder updating...
|c|âbad_wolf42|gg
|c|âteamtest239852|gg
|leave|bad_wolf42
|player|p2
|raw|teamtest239852's rating: 1436 &rarr; <strong>1453<\/strong><br \/>(+17 for winning)
|raw|bad_wolf42's rating: 1387 &rarr; <strong>1370<\/strong><br \/>(-17 for losing)