|join|Omegateck
|join|teamtest239852
|player|p1|Omegateck|126
|player|p2|teamtest239852|3
|gametype|singles
|gen|6
|tier|UU
|rated
|rule|Sleep Clause Mod: Limit one foe put to sleep
|rule|Species Clause: Limit one of each PokÃ©mon
|rule|OHKO Clause: OHKO moves are banned
|rule|Moody Clause: Moody is banned
|rule|Evasion Moves Clause: Evasion moves are banned
|rule|Endless Battle Clause: Forcing endless battles is banned
|rule|HP Percentage Mod: HP is shown in percentages
|clearpoke
|poke|p1|Toxicroak, M
|poke|p1|Aerodactyl, F
|poke|p1|Zygarde
|poke|p1|Arcanine, M
|poke|p1|Kingdra, F
|poke|p1|Crobat, M
|poke|p2|Swampert, M
|poke|p2|Aerodactyl, M
|poke|p2|Lucario, F
|poke|p2|Umbreon, F
|poke|p2|Arcanine, F
|poke|p2|Roserade, F
|rule|Swagger Clause: Swagger is banned
|rule|Baton Pass Clause: Limit one PokÃ©mon knowing Baton Pass
|teampreview
|
|start
|switch|p1a: Kingdra|Kingdra, F|291\/291
|switch|p2a: Swampert|Swampert, M|404\/404
|turn|1
|
|move|p1a: Kingdra|Focus Energy|p1a: Kingdra
|-start|p1a: Kingdra|move: Focus Energy
|move|p2a: Swampert|Stealth Rock|p1a: Kingdra
|-sidestart|p1: Omegateck|move: Stealth Rock
|
|turn|2
|
|switch|p2a: Umbreon|Umbreon, F|394\/394
|move|p1a: Kingdra|Draco Meteor|p2a: Umbreon
|-crit|p2a: Umbreon
|-damage|p2a: Umbreon|129\/394
|-unboost|p1a: Kingdra|spa|2
|
|-heal|p2a: Umbreon|153\/394|[from] item: Leftovers
|turn|3
|
|move|p1a: Kingdra|Draco Meteor|p2a: Umbreon|[miss]
|-miss|p1a: Kingdra|p2a: Umbreon
|move|p2a: Umbreon|Foul Play|p1a: Kingdra
|-crit|p1a: Kingdra
|-damage|p1a: Kingdra|137\/291
|
|-heal|p2a: Umbreon|177\/394|[from] item: Leftovers
|turn|4
|
|move|p1a: Kingdra|Draco Meteor|p2a: Umbreon
|-crit|p2a: Umbreon
|-damage|p2a: Umbreon|0 fnt
|-unboost|p1a: Kingdra|spa|2
|faint|p2a: Umbreon
|
|
|switch|p2a: Roserade|Roserade, F|324\/324
|turn|5
|
|move|p1a: Kingdra|Draco Meteor|p2a: Roserade
|-crit|p2a: Roserade
|-damage|p2a: Roserade|3\/324
|-unboost|p1a: Kingdra|spa|2
|move|p2a: Roserade|Dazzling Gleam|p1a: Kingdra
|-supereffective|p1a: Kingdra
|-damage|p1a: Kingdra|0 fnt
|faint|p1a: Kingdra
|
|
|switch|p1a: Crobat|Crobat, M|373\/373
|-damage|p1a: Crobat|280\/373|[from] Stealth Rock
|turn|6
|
|switch|p2a: Aerodactyl|Aerodactyl, M|301\/301
|-ability|p2a: Aerodactyl|Unnerve|p1: Omegateck
|move|p1a: Crobat|Brave Bird|p2a: Aerodactyl
|-resisted|p2a: Aerodactyl
|-damage|p2a: Aerodactyl|200\/301
|-damage|p1a: Crobat|247\/373|[from] recoil|[of] p2a: Aerodactyl
|
|turn|7
|
|detailschange|p2a: Aerodactyl|Aerodactyl-Mega, M
|message|Aerodactyl has Mega Evolved into Mega Aerodactyl!
|move|p2a: Aerodactyl|Aerial Ace|p1a: Crobat
|-crit|p1a: Crobat
|-damage|p1a: Crobat|0 fnt
|faint|p1a: Crobat
|
|
|switch|p1a: Aerodactyl|Aerodactyl, F|301\/301
|-damage|p1a: Aerodactyl|226\/301|[from] Stealth Rock
|-ability|p1a: Aerodactyl|Pressure
|turn|8
|
|detailschange|p1a: Aerodactyl|Aerodactyl-Mega, F
|message|Aerodactyl has Mega Evolved into Mega Aerodactyl!
|move|p2a: Aerodactyl|Rock Slide|p1a: Aerodactyl
|-supereffective|p1a: Aerodactyl
|-damage|p1a: Aerodactyl|0 fnt
|faint|p1a: Aerodactyl
|
|
|switch|p1a: Zygarde|Zygarde|420\/420
|-damage|p1a: Zygarde|394\/420|[from] Stealth Rock
|-ability|p1a: Zygarde|Aura Break
|turn|9
|
|move|p2a: Aerodactyl|Aerial Ace|p1a: Zygarde
|-damage|p1a: Zygarde|280\/420
|move|p1a: Zygarde|Dragon Dance|p1a: Zygarde
|-boost|p1a: Zygarde|atk|1
|-boost|p1a: Zygarde|spe|1
|
|turn|10
|
|move|p2a: Aerodactyl|Aerial Ace|p1a: Zygarde
|-damage|p1a: Zygarde|150\/420
|move|p1a: Zygarde|Dragon Dance|p1a: Zygarde
|-boost|p1a: Zygarde|atk|1
|-boost|p1a: Zygarde|spe|1
|
|turn|11
|
|move|p1a: Zygarde|Outrage|p2a: Aerodactyl
|-damage|p2a: Aerodactyl|0 fnt
|faint|p2a: Aerodactyl
|
|
|switch|p2a: Swampert|Swampert, M|404\/404
|turn|12
|
|move|p1a: Zygarde|Outrage|p2a: Swampert
|-damage|p2a: Swampert|98\/404
|move|p2a: Swampert|Scald|p1a: Zygarde
|-damage|p1a: Zygarde|32\/420
|
|-end|p1a: Zygarde|rampage
|-start|p1a: Zygarde|confusion
|-heal|p2a: Swampert|123\/404|[from] item: Leftovers
|-enditem|p1a: Zygarde|Lum Berry|[eat]
|-end|p1a: Zygarde|confusion
|turn|13
|
|switch|p2a: Roserade|Roserade, F|3\/324
|move|p1a: Zygarde|Earthquake|p2a: Roserade
|-damage|p2a: Roserade|0 fnt
|faint|p2a: Roserade
|
|
|switch|p2a: Lucario|Lucario, F|281\/281
|turn|14
|
|move|p1a: Zygarde|Extreme Speed|p2a: Lucario
|-resisted|p2a: Lucario
|-damage|p2a: Lucario|151\/281
|move|p2a: Lucario|Bullet Punch|p1a: Zygarde
|-damage|p1a: Zygarde|0 fnt
|-damage|p2a: Lucario|123\/281|[from] item: Life Orb
|faint|p1a: Zygarde
|
|
|switch|p1a: Arcanine|Arcanine, M|383\/383
|-damage|p1a: Arcanine|288\/383|[from] Stealth Rock
|-ability|p1a: Arcanine|Intimidate|[of] p2a: Lucario
|-unboost|p2a: Lucario|atk|1
|turn|15
|
|move|p2a: Lucario|Aura Sphere|p1a: Arcanine
|-damage|p1a: Arcanine|76\/383
|-damage|p2a: Lucario|95\/281|[from] item: Life Orb
|move|p1a: Arcanine|Flare Blitz|p2a: Lucario
|-supereffective|p2a: Lucario
|-damage|p2a: Lucario|0 fnt
|-damage|p1a: Arcanine|45\/383|[from] recoil|[of] p2a: Lucario
|faint|p2a: Lucario
|
|-heal|p1a: Arcanine|68\/383|[from] item: Leftovers
|
|switch|p2a: Arcanine|Arcanine, F|384\/384
|-item|p2a: Arcanine|Air Balloon
|turn|16
|
|move|p2a: Arcanine|Extreme Speed|p1a: Arcanine
|-damage|p1a: Arcanine|0 fnt
|faint|p1a: Arcanine
|
|
|switch|p1a: Toxicroak|Toxicroak, M|370\/370
|-damage|p1a: Toxicroak|347\/370|[from] Stealth Rock
|turn|17
|
|move|p2a: Arcanine|Flare Blitz|p1a: Toxicroak
|-damage|p1a: Toxicroak|0 fnt
|-damage|p2a: Arcanine|269\/384|[from] recoil|[of] p1a: Toxicroak
|faint|p1a: Toxicroak
|
|win|teamtest239852
|raw|Ladder updating...
|c|âteamtest239852|gg