|join|teamtest239852
|join|ThisIsIllogical
|player|p1|teamtest239852|259
|player|p2|ThisIsIllogical|160
|gametype|singles
|gen|6
|tier|UU
|rated
|rule|Sleep Clause Mod: Limit one foe put to sleep
|rule|Species Clause: Limit one of each PokÃ©mon
|rule|OHKO Clause: OHKO moves are banned
|rule|Moody Clause: Moody is banned
|rule|Evasion Moves Clause: Evasion moves are banned
|rule|Endless Battle Clause: Forcing endless battles is banned
|rule|HP Percentage Mod: HP is shown in percentages
|clearpoke
|poke|p1|Beedrill, M
|poke|p1|Flygon, F
|poke|p1|Raikou
|poke|p1|Infernape, M
|poke|p1|Vaporeon, M
|poke|p1|Forretress, M
|poke|p2|Gallade, M, shiny
|poke|p2|Suicune
|poke|p2|Hydreigon, M
|poke|p2|Shaymin
|poke|p2|Forretress, M, shiny
|poke|p2|Raikou
|rule|Swagger Clause: Swagger is banned
|rule|Baton Pass Clause: Limit one PokÃ©mon knowing Baton Pass
|teampreview
|
|start
|switch|p1a: Flygon|Flygon, F|301\/301
|switch|p2a: Hydrogen|Hydreigon, M|325\/325
|turn|1
|
|move|p1a: Flygon|U-turn|p2a: Hydrogen
|-supereffective|p2a: Hydrogen
|-damage|p2a: Hydrogen|163\/325
|
|switch|p1a: Vaporeon|Vaporeon, M|464\/464
|move|p2a: Hydrogen|U-turn|p1a: Vaporeon
|-damage|p1a: Vaporeon|398\/464
|
|switch|p2a: ThunderCats|Raikou|322\/322
|-ability|p2a: ThunderCats|Pressure
|
|-heal|p1a: Vaporeon|427\/464|[from] item: Leftovers
|turn|2
|join|Lubs.m
|
|move|p1a: Vaporeon|Protect|p1a: Vaporeon
|-singleturn|p1a: Vaporeon|Protect
|move|p2a: ThunderCats|Volt Switch|p1a: Vaporeon
|-activate|p1a: Vaporeon|Protect
|
|-heal|p1a: Vaporeon|456\/464|[from] item: Leftovers
|turn|3
|
|switch|p2a: weed|Shaymin|341\/341
|switch|p1a: Flygon|Flygon, F|301\/301
|
|turn|4
|
|move|p1a: Flygon|U-turn|p2a: weed
|-supereffective|p2a: weed
|-damage|p2a: weed|197\/341
|
|switch|p1a: Infernape|Infernape, M|289\/289
|move|p2a: weed|Seed Flare|p1a: Infernape
|-resisted|p1a: Infernape
|-damage|p1a: Infernape|157\/289
|
|-heal|p2a: weed|218\/341|[from] item: Leftovers
|turn|5
|
|switch|p2a: Sorri|Suicune|403\/403
|-ability|p2a: Sorri|Pressure
|move|p1a: Infernape|Close Combat|p2a: Sorri
|-damage|p2a: Sorri|246\/403
|-unboost|p1a: Infernape|def|1
|-unboost|p1a: Infernape|spd|1
|-damage|p1a: Infernape|129\/289|[from] item: Life Orb
|
|-heal|p2a: Sorri|271\/403|[from] item: Leftovers
|turn|6
|
|switch|p2a: weed|Shaymin|218\/341
|move|p1a: Infernape|Close Combat|p2a: weed
|-damage|p2a: weed|0 fnt
|-unboost|p1a: Infernape|def|1
|-unboost|p1a: Infernape|spd|1
|-damage|p1a: Infernape|101\/289|[from] item: Life Orb
|faint|p2a: weed
|
|
|switch|p2a: It's Time to Duel|Gallade, M, shiny|278\/278
|turn|7
|
|detailschange|p2a: It's Time to Duel|Gallade-Mega, M, shiny
|message|Gallade has Mega Evolved into Mega Gallade!
|move|p1a: Infernape|Overheat|p2a: It's Time to Duel
|-damage|p2a: It's Time to Duel|103\/278
|-unboost|p1a: Infernape|spa|2
|-damage|p1a: Infernape|73\/289|[from] item: Life Orb
|move|p2a: It's Time to Duel|Knock Off|p1a: Infernape
|-resisted|p1a: Infernape
|-damage|p1a: Infernape|0 fnt
|-enditem|p1a: Infernape|Life Orb|[from] move: Knock Off|[of] p2a: It's Time to Duel
|faint|p1a: Infernape
|
|
|switch|p1a: Flygon|Flygon, F|301\/301
|turn|8
|
|switch|p2a: Midas|Forretress, M, shiny|354\/354
|move|p1a: Flygon|U-turn|p2a: Midas
|-resisted|p2a: Midas
|-damage|p2a: Midas|330\/354
|leave|Lubs.m
|
|switch|p1a: Forretress|Forretress, M|354\/354
|
|-heal|p2a: Midas|352\/354|[from] item: Leftovers
|turn|9
|
|move|p2a: Midas|Volt Switch|p1a: Forretress
|-damage|p1a: Forretress|297\/354
|
|switch|p2a: Sorri|Suicune|271\/403
|-ability|p2a: Sorri|Pressure
|move|p1a: Forretress|Stealth Rock|p2a: Sorri
|-sidestart|p2: ThisIsIllogical|move: Stealth Rock
|
|-heal|p2a: Sorri|296\/403|[from] item: Leftovers
|turn|10
|
|move|p2a: Sorri|Scald|p1a: Forretress
|-damage|p1a: Forretress|158\/354
|-status|p1a: Forretress|brn
|move|p1a: Forretress|Volt Switch|p2a: Sorri
|-supereffective|p2a: Sorri
|-damage|p2a: Sorri|224\/403
|
|switch|p1a: Raikou|Raikou|321\/321
|-ability|p1a: Raikou|Pressure
|
|-heal|p2a: Sorri|249\/403|[from] item: Leftovers
|turn|11
|
|switch|p2a: ThunderCats|Raikou|322\/322
|-damage|p2a: ThunderCats|282\/322|[from] Stealth Rock
|-ability|p2a: ThunderCats|Pressure
|move|p1a: Raikou|Volt Switch|p2a: ThunderCats
|-resisted|p2a: ThunderCats
|-damage|p2a: ThunderCats|225\/322
|
|switch|p1a: Flygon|Flygon, F|301\/301
|
|turn|12
|
|switch|p2a: Midas|Forretress, M, shiny|352\/354
|-damage|p2a: Midas|308\/354|[from] Stealth Rock
|move|p1a: Flygon|U-turn|p2a: Midas
|-resisted|p2a: Midas
|-damage|p2a: Midas|283\/354
|
|switch|p1a: Raikou|Raikou|321\/321
|-ability|p1a: Raikou|Pressure
|
|-heal|p2a: Midas|305\/354|[from] item: Leftovers
|turn|13
|
|move|p1a: Raikou|Thunderbolt|p2a: Midas
|-damage|p2a: Midas|163\/354
|-status|p2a: Midas|par
|move|p2a: Midas|Rapid Spin|p1a: Raikou
|-damage|p1a: Raikou|302\/321
|-sideend|p2: ThisIsIllogical|Stealth Rock|[from] move: Rapid Spin|[of] p2a: Midas
|
|-heal|p2a: Midas|185\/354 par|[from] item: Leftovers
|turn|14
|
|switch|p2a: Hydrogen|Hydreigon, M|163\/325
|move|p1a: Raikou|Volt Switch|p2a: Hydrogen
|-resisted|p2a: Hydrogen
|-damage|p2a: Hydrogen|96\/325
|
|switch|p1a: Flygon|Flygon, F|301\/301
|
|turn|15
|
|move|p1a: Flygon|U-turn|p2a: Hydrogen
|-supereffective|p2a: Hydrogen
|-damage|p2a: Hydrogen|0 fnt
|faint|p2a: Hydrogen
|
|switch|p1a: Raikou|Raikou|302\/321
|-ability|p1a: Raikou|Pressure
|
|
|switch|p2a: It's Time to Duel|Gallade-Mega, M, shiny|103\/278
|turn|16
|
|move|p1a: Raikou|Volt Switch|p2a: It's Time to Duel
|-crit|p2a: It's Time to Duel
|-damage|p2a: It's Time to Duel|0 fnt
|faint|p2a: It's Time to Duel
|c|âteamtest239852|oops
|c|âThisIsIllogical|:P
|
|switch|p1a: Beedrill|Beedrill, M|271\/271
|
|
|switch|p2a: Midas|Forretress, M, shiny|185\/354 par
|turn|17
|
|detailschange|p1a: Beedrill|Beedrill-Mega, M
|message|Beedrill has Mega Evolved into Mega Beedrill!
|move|p1a: Beedrill|U-turn|p2a: Midas
|-resisted|p2a: Midas
|-damage|p2a: Midas|121\/354 par
|
|switch|p1a: Vaporeon|Vaporeon, M|456\/464
|move|p2a: Midas|Gyro Ball|p1a: Vaporeon
|-resisted|p1a: Vaporeon
|-damage|p1a: Vaporeon|367\/464
|
|-heal|p1a: Vaporeon|396\/464|[from] item: Leftovers
|-heal|p2a: Midas|143\/354 par|[from] item: Leftovers
|turn|18
|
|move|p1a: Vaporeon|Scald|p2a: Midas
|-damage|p2a: Midas|38\/354 par
|cant|p2a: Midas|par
|
|-heal|p1a: Vaporeon|425\/464|[from] item: Leftovers
|-heal|p2a: Midas|60\/354 par|[from] item: Leftovers
|turn|19
|
|move|p1a: Vaporeon|Scald|p2a: Midas
|-damage|p2a: Midas|0 fnt
|faint|p2a: Midas
|
|-heal|p1a: Vaporeon|454\/464|[from] item: Leftovers
|
|switch|p2a: ThunderCats|Raikou|225\/322
|-ability|p2a: ThunderCats|Pressure
|turn|20
|
|switch|p1a: Forretress|Forretress, M|158\/354 brn
|move|p2a: ThunderCats|Hidden Power|p1a: Forretress
|-resisted|p1a: Forretress
|-damage|p1a: Forretress|82\/354 brn
|
|-damage|p1a: Forretress|38\/354 brn|[from] brn
|turn|21
|
|move|p2a: ThunderCats|Hidden Power|p1a: Forretress
|-resisted|p1a: Forretress
|-damage|p1a: Forretress|0 fnt
|faint|p1a: Forretress
|
|
|switch|p1a: Beedrill|Beedrill-Mega, M|271\/271
|turn|22
|
|move|p1a: Beedrill|U-turn|p2a: ThunderCats
|-damage|p2a: ThunderCats|0 fnt
|faint|p2a: ThunderCats
|
|switch|p1a: Raikou|Raikou|302\/321
|-ability|p1a: Raikou|Pressure
|
|
|switch|p2a: Sorri|Suicune|249\/403
|-ability|p2a: Sorri|Pressure
|turn|23
|c|âThisIsIllogical|gg
|
|move|p1a: Raikou|Thunderbolt|p2a: Sorri
|-supereffective|p2a: Sorri
|-damage|p2a: Sorri|0 fnt
|faint|p2a: Sorri
|
|win|teamtest239852
|raw|Ladder updating...
|c|âteamtest239852|gg
|raw|teamtest239852's rating: 1404 &rarr; <strong>1416<\/strong><br \/>(+12 for winning)
|raw|ThisIsIllogical's rating: 1271 &rarr; <strong>1255<\/strong><br \/>(-16 for losing)
|leave|ThisIsIllogical
|player|p2