|join|teamtest239852
|join|azian
|player|p1|teamtest239852|15
|player|p2|azian|165
|gametype|singles
|gen|6
|tier|UU
|rated
|rule|Sleep Clause Mod: Limit one foe put to sleep
|rule|Species Clause: Limit one of each PokÃ©mon
|rule|OHKO Clause: OHKO moves are banned
|rule|Moody Clause: Moody is banned
|rule|Evasion Moves Clause: Evasion moves are banned
|rule|Endless Battle Clause: Forcing endless battles is banned
|rule|HP Percentage Mod: HP is shown in percentages
|clearpoke
|poke|p1|Slowking, F
|poke|p1|Amoonguss, F
|poke|p1|Florges, F
|poke|p1|Absol, M
|poke|p1|Crobat, M
|poke|p1|Flygon, M
|poke|p2|Machamp, F
|poke|p2|Roserade, F
|poke|p2|Zygarde
|poke|p2|Arcanine, M
|poke|p2|Crobat, F
|poke|p2|Pidgeot, M
|rule|Swagger Clause: Swagger is banned
|rule|Baton Pass Clause: Limit one PokÃ©mon knowing Baton Pass
|teampreview
|
|start
|switch|p1a: Flygon|Flygon, M|301\/301
|switch|p2a: Machamp|Machamp, F|321\/321
|turn|1
|
|move|p1a: Flygon|U-turn|p2a: Machamp
|-resisted|p2a: Machamp
|-damage|p2a: Machamp|281\/321
|
|switch|p1a: Crobat|Crobat, M|373\/373
|move|p2a: Machamp|Knock Off|p1a: Crobat
|-damage|p1a: Crobat|144\/373
|-enditem|p1a: Crobat|Black Sludge|[from] move: Knock Off|[of] p2a: Machamp
|
|turn|2
|
|switch|p2a: Arcanine|Arcanine, M|383\/383
|-ability|p2a: Arcanine|Intimidate|[of] p1a: Crobat
|-unboost|p1a: Crobat|atk|1
|move|p1a: Crobat|Roost|p1a: Crobat
|-heal|p1a: Crobat|331\/373
|
|turn|3
|
|move|p1a: Crobat|Super Fang|p2a: Arcanine
|-damage|p2a: Arcanine|192\/383
|-damage|p1a: Crobat|269\/373|[from] item: Rocky Helmet|[of] p2a: Arcanine
|move|p2a: Arcanine|Will-O-Wisp|p1a: Crobat
|-status|p1a: Crobat|brn
|
|-damage|p1a: Crobat|223\/373 brn|[from] brn
|turn|4
|
|switch|p1a: Flygon|Flygon, M|301\/301
|move|p2a: Arcanine|Morning Sun|p2a: Arcanine
|-heal|p2a: Arcanine|383\/383
|
|turn|5
|
|move|p1a: Flygon|Earthquake|p2a: Arcanine
|-supereffective|p2a: Arcanine
|-damage|p2a: Arcanine|155\/383
|move|p2a: Arcanine|Will-O-Wisp|p1a: Flygon
|-status|p1a: Flygon|brn
|
|-damage|p1a: Flygon|264\/301 brn|[from] brn
|turn|6
|
|switch|p1a: Florges|Florges, F|360\/360
|move|p2a: Arcanine|Morning Sun|p2a: Arcanine
|-heal|p2a: Arcanine|346\/383
|
|turn|7
|
|switch|p2a: Roserade|Roserade, F|324\/324
|move|p1a: Florges|Aromatherapy|p1a: Florges
|-cureteam|p1a: Florges|[from] move: Aromatherapy
|
|turn|8
|
|switch|p1a: Amoonguss|Amoonguss, F|432\/432
|move|p2a: Roserade|Toxic Spikes|p1a: Amoonguss
|-sidestart|p1: teamtest239852|move: Toxic Spikes
|
|turn|9
|
|switch|p1a: Crobat|Crobat, M|223\/373
|move|p2a: Roserade|Sleep Powder|p1a: Crobat
|-status|p1a: Crobat|slp
|
|turn|10
|
|switch|p2a: Pidgeot|Pidgeot, M|307\/307
|cant|p1a: Crobat|slp
|
|turn|11
|
|switch|p1a: Amoonguss|Amoonguss, F|432\/432
|-sideend|p1: teamtest239852|move: Toxic Spikes|[of] p1a: Amoonguss
|detailschange|p2a: Pidgeot|Pidgeot-Mega, M
|-mega|p2a: Pidgeot|Pidgeot|Pidgeotite
|move|p2a: Pidgeot|Hurricane|p1a: Amoonguss
|-crit|p1a: Amoonguss
|-supereffective|p1a: Amoonguss
|-damage|p1a: Amoonguss|0 fnt
|faint|p1a: Amoonguss
|
|
|switch|p1a: Flygon|Flygon, M|264\/301
|turn|12
|
|switch|p2a: Zygarde|Zygarde|420\/420
|-ability|p2a: Zygarde|Aura Break
|move|p1a: Flygon|Outrage|p2a: Zygarde
|-supereffective|p2a: Zygarde
|-damage|p2a: Zygarde|96\/420
|
|-heal|p2a: Zygarde|122\/420|[from] item: Leftovers
|turn|13
|
|move|p1a: Flygon|Outrage|p2a: Zygarde
|-supereffective|p2a: Zygarde
|-damage|p2a: Zygarde|0 fnt
|faint|p2a: Zygarde
|
|
|switch|p2a: Arcanine|Arcanine, M|346\/383
|-ability|p2a: Arcanine|Intimidate|[of] p1a: Flygon
|-unboost|p1a: Flygon|atk|1
|turn|14
|
|move|p1a: Flygon|Outrage|p2a: Arcanine
|-damage|p2a: Arcanine|243\/383
|-damage|p1a: Flygon|214\/301|[from] item: Rocky Helmet|[of] p2a: Arcanine
|move|p2a: Arcanine|Will-O-Wisp|p1a: Flygon
|-status|p1a: Flygon|brn
|
|-end|p1a: Flygon|rampage
|-start|p1a: Flygon|confusion
|-damage|p1a: Flygon|177\/301 brn|[from] brn
|turn|15
|
|switch|p1a: Absol|Absol, M|271\/271
|switch|p2a: Roserade|Roserade, F|324\/324
|
|turn|16
|
|switch|p2a: Arcanine|Arcanine, M|243\/383
|-ability|p2a: Arcanine|Intimidate|[of] p1a: Absol
|-unboost|p1a: Absol|atk|1
|detailschange|p1a: Absol|Absol-Mega, M
|-mega|p1a: Absol|Absol|Absolite
|move|p1a: Absol|Swords Dance|p1a: Absol
|-boost|p1a: Absol|atk|2
|
|turn|17
|
|move|p1a: Absol|Knock Off|p2a: Arcanine
|-damage|p2a: Arcanine|3\/383
|-damage|p1a: Absol|226\/271|[from] item: Rocky Helmet|[of] p2a: Arcanine
|-enditem|p2a: Arcanine|Rocky Helmet|[from] move: Knock Off|[of] p1a: Absol
|move|p2a: Arcanine|Flare Blitz|p1a: Absol
|-damage|p1a: Absol|0 fnt
|-damage|p2a: Arcanine|0 fnt|[from] recoil|[of] p1a: Absol
|faint|p1a: Absol
|faint|p2a: Arcanine
|
|
|switch|p2a: Roserade|Roserade, F|324\/324
|switch|p1a: Slowking|Slowking, F|393\/393
|turn|18
|
|move|p2a: Roserade|Leech Seed|p1a: Slowking
|-start|p1a: Slowking|move: Leech Seed
|move|p1a: Slowking|Psyshock|p2a: Roserade
|-supereffective|p2a: Roserade
|-damage|p2a: Roserade|0 fnt
|faint|p2a: Roserade
|
|
|switch|p2a: Machamp|Machamp, F|281\/321
|turn|19
|
|switch|p1a: Florges|Florges, F|360\/360
|move|p2a: Machamp|Knock Off|p1a: Florges
|-resisted|p1a: Florges
|-damage|p1a: Florges|264\/360
|-enditem|p1a: Florges|Leftovers|[from] move: Knock Off|[of] p2a: Machamp
|
|turn|20
|
|switch|p2a: Crobat|Crobat, F|373\/373
|move|p1a: Florges|Aromatherapy|p1a: Florges
|-cureteam|p1a: Florges|[from] move: Aromatherapy
|
|turn|21
|
|move|p2a: Crobat|Taunt|p1a: Florges
|-start|p1a: Florges|move: Taunt
|cant|p1a: Florges|move: Taunt|Wish
|
|turn|22
|
|switch|p1a: Slowking|Slowking, F|393\/393
|move|p2a: Crobat|Brave Bird|p1a: Slowking
|-damage|p1a: Slowking|200\/393
|-damage|p2a: Crobat|309\/373|[from] recoil|[of] p1a: Slowking
|
|-heal|p2a: Crobat|332\/373|[from] item: Black Sludge
|turn|23
|
|switch|p2a: Pidgeot|Pidgeot-Mega, M|307\/307
|move|p1a: Slowking|Psyshock|p2a: Pidgeot
|-damage|p2a: Pidgeot|163\/307
|
|turn|24
|
|move|p2a: Pidgeot|Hurricane|p1a: Slowking
|-damage|p1a: Slowking|83\/393
|move|p1a: Slowking|Ice Beam|p2a: Pidgeot
|-supereffective|p2a: Pidgeot
|-damage|p2a: Pidgeot|0 fnt
|faint|p2a: Pidgeot
|
|
|switch|p2a: Crobat|Crobat, F|332\/373
|turn|25
|
|switch|p1a: Florges|Florges, F|264\/360
|move|p2a: Crobat|Brave Bird|p1a: Florges
|-damage|p1a: Florges|102\/360
|-damage|p2a: Crobat|279\/373|[from] recoil|[of] p1a: Florges
|
|-heal|p2a: Crobat|302\/373|[from] item: Black Sludge
|turn|26
|
|move|p2a: Crobat|Brave Bird|p1a: Florges
|-damage|p1a: Florges|0 fnt
|-damage|p2a: Crobat|268\/373|[from] recoil|[of] p1a: Florges
|faint|p1a: Florges
|
|-heal|p2a: Crobat|291\/373|[from] item: Black Sludge
|
|switch|p1a: Slowking|Slowking, F|214\/393
|turn|27
|
|move|p2a: Crobat|Brave Bird|p1a: Slowking
|-damage|p1a: Slowking|21\/393
|-damage|p2a: Crobat|227\/373|[from] recoil|[of] p1a: Slowking
|move|p1a: Slowking|Psyshock|p2a: Crobat
|-supereffective|p2a: Crobat
|-damage|p2a: Crobat|0 fnt
|faint|p2a: Crobat
|
|
|switch|p2a: Machamp|Machamp, F|281\/321
|turn|28
|
|move|p2a: Machamp|Close Combat|p1a: Slowking
|-crit|p1a: Slowking
|-resisted|p1a: Slowking
|-damage|p1a: Slowking|0 fnt
|-unboost|p2a: Machamp|def|1
|-unboost|p2a: Machamp|spd|1
|faint|p1a: Slowking
|
|leave|azian
|player|p2
|
|switch|p1a: Crobat|Crobat, M|223\/373
|turn|29
|-message|azian lost due to inactivity.
|
|win|teamtest239852
|raw|Ladder updating...
|raw|teamtest239852's rating: 1390 &rarr; <strong>1416<\/strong><br \/>(+26 for winning)
|raw|azian's rating: 1495 &rarr; <strong>1469<\/strong><br \/>(-26 for losing)