|join|teamtest239852
|join|Bicycle Repair Man
|player|p1|teamtest239852|259
|player|p2|Bicycle Repair Man|170
|gametype|singles
|gen|6
|tier|UU
|rated
|rule|Sleep Clause Mod: Limit one foe put to sleep
|rule|Species Clause: Limit one of each PokÃ©mon
|rule|OHKO Clause: OHKO moves are banned
|rule|Moody Clause: Moody is banned
|rule|Evasion Moves Clause: Evasion moves are banned
|rule|Endless Battle Clause: Forcing endless battles is banned
|rule|HP Percentage Mod: HP is shown in percentages
|clearpoke
|poke|p1|Beedrill, F
|poke|p1|Flygon, M
|poke|p1|Raikou
|poke|p1|Infernape, F
|poke|p1|Vaporeon, M
|poke|p1|Forretress, M
|poke|p2|Gallade, M
|poke|p2|Honchkrow, M
|poke|p2|Mienshao, M
|poke|p2|Empoleon, M
|poke|p2|Espeon, F
|poke|p2|Zygarde
|rule|Swagger Clause: Swagger is banned
|rule|Baton Pass Clause: Limit one PokÃ©mon knowing Baton Pass
|teampreview
|
|start
|switch|p1a: Beedrill|Beedrill, F|271\/271
|switch|p2a: Better Hitmonlee|Mienshao, M|271\/271
|turn|1
|
|detailschange|p1a: Beedrill|Beedrill-Mega, F
|message|Beedrill has Mega Evolved into Mega Beedrill!
|move|p1a: Beedrill|Protect|p1a: Beedrill
|-singleturn|p1a: Beedrill|Protect
|move|p2a: Better Hitmonlee|Stone Edge|p1a: Beedrill
|-activate|p1a: Beedrill|Protect
|
|turn|2
|
|switch|p1a: Forretress|Forretress, M|354\/354
|move|p2a: Better Hitmonlee|Stone Edge|p1a: Forretress|[miss]
|-miss|p2a: Better Hitmonlee|p1a: Forretress
|
|turn|3
|
|switch|p2a: Roark Crits Me|Espeon, F|334\/334
|move|p1a: Forretress|Volt Switch|p2a: Roark Crits Me
|-damage|p2a: Roark Crits Me|297\/334
|
|switch|p1a: Beedrill|Beedrill-Mega, F|271\/271
|
|turn|4
|
|switch|p2a: Seals scare me|Empoleon, M|372\/372
|move|p1a: Beedrill|U-turn|p2a: Seals scare me
|-resisted|p2a: Seals scare me
|-damage|p2a: Seals scare me|269\/372
|
|switch|p1a: Raikou|Raikou|321\/321
|-ability|p1a: Raikou|Pressure
|
|-heal|p2a: Seals scare me|292\/372|[from] item: Leftovers
|turn|5
|c|âBicycle Repair Man|not voltturn
|
|switch|p2a: oh it's a snakeeee|Zygarde|358\/358
|-ability|p2a: oh it's a snakeeee|Aura Break
|move|p1a: Raikou|Volt Switch|p2a: oh it's a snakeeee
|-immune|p2a: oh it's a snakeeee|[msg]
|
|turn|6
|
|switch|p1a: Flygon|Flygon, M|301\/301
|move|p2a: oh it's a snakeeee|Dragon Dance|p2a: oh it's a snakeeee
|-boost|p2a: oh it's a snakeeee|atk|1
|-boost|p2a: oh it's a snakeeee|spe|1
|
|turn|7
|
|move|p1a: Flygon|Dragon Claw|p2a: oh it's a snakeeee
|-supereffective|p2a: oh it's a snakeeee
|-damage|p2a: oh it's a snakeeee|152\/358
|move|p2a: oh it's a snakeeee|Outrage|p1a: Flygon
|-supereffective|p1a: Flygon
|-damage|p1a: Flygon|0 fnt
|faint|p1a: Flygon
|
|
|switch|p1a: Forretress|Forretress, M|354\/354
|turn|8
|
|move|p2a: oh it's a snakeeee|Outrage|p1a: Forretress
|-resisted|p1a: Forretress
|-damage|p1a: Forretress|276\/354
|-damage|p2a: oh it's a snakeeee|93\/358|[from] item: Rocky Helmet|[of] p1a: Forretress
|move|p1a: Forretress|Stealth Rock|p2a: oh it's a snakeeee
|-sidestart|p2: Bicycle Repair Man|move: Stealth Rock
|
|turn|9
|
|move|p2a: oh it's a snakeeee|Outrage|p1a: Forretress
|-resisted|p1a: Forretress
|-damage|p1a: Forretress|187\/354
|-damage|p2a: oh it's a snakeeee|34\/358|[from] item: Rocky Helmet|[of] p1a: Forretress
|move|p1a: Forretress|Rapid Spin|p2a: oh it's a snakeeee
|-damage|p2a: oh it's a snakeeee|21\/358
|
|-end|p2a: oh it's a snakeeee|rampage
|-start|p2a: oh it's a snakeeee|confusion
|-enditem|p2a: oh it's a snakeeee|Lum Berry|[eat]
|-end|p2a: oh it's a snakeeee|confusion
|turn|10
|
|move|p2a: oh it's a snakeeee|Earthquake|p1a: Forretress
|-damage|p1a: Forretress|55\/354
|move|p1a: Forretress|Spikes|p2a: oh it's a snakeeee
|-sidestart|p2: Bicycle Repair Man|Spikes
|
|turn|11
|
|move|p2a: oh it's a snakeeee|Earthquake|p1a: Forretress
|-damage|p1a: Forretress|0 fnt
|faint|p1a: Forretress
|
|
|switch|p1a: Infernape|Infernape, F|293\/293
|turn|12
|
|move|p2a: oh it's a snakeeee|Extreme Speed|p1a: Infernape
|-damage|p1a: Infernape|131\/293
|move|p1a: Infernape|Mach Punch|p2a: oh it's a snakeeee
|-crit|p2a: oh it's a snakeeee
|-damage|p2a: oh it's a snakeeee|0 fnt
|-damage|p1a: Infernape|102\/293|[from] item: Life Orb
|faint|p2a: oh it's a snakeeee
|
|
|switch|p2a: Seals scare me|Empoleon, M|292\/372
|-damage|p2a: Seals scare me|269\/372|[from] Stealth Rock
|-damage|p2a: Seals scare me|223\/372|[from] Spikes
|turn|13
|
|switch|p2a: TheSlayerOfRule34|Gallade, M|278\/278
|-damage|p2a: TheSlayerOfRule34|244\/278|[from] Spikes
|-damage|p2a: TheSlayerOfRule34|227\/278|[from] Stealth Rock
|move|p1a: Infernape|Close Combat|p2a: TheSlayerOfRule34
|-resisted|p2a: TheSlayerOfRule34
|-damage|p2a: TheSlayerOfRule34|59\/278
|-unboost|p1a: Infernape|def|1
|-unboost|p1a: Infernape|spd|1
|-damage|p1a: Infernape|73\/293|[from] item: Life Orb
|
|turn|14
|
|switch|p1a: Raikou|Raikou|321\/321
|-ability|p1a: Raikou|Pressure
|detailschange|p2a: TheSlayerOfRule34|Gallade-Mega, M
|message|Gallade has Mega Evolved into Mega Gallade!
|move|p2a: TheSlayerOfRule34|Drain Punch|p1a: Raikou
|-damage|p1a: Raikou|131\/321
|-heal|p2a: TheSlayerOfRule34|154\/278|[from] drain|[of] p1a: Raikou
|
|turn|15
|
|move|p1a: Raikou|Thunderbolt|p2a: TheSlayerOfRule34
|-damage|p2a: TheSlayerOfRule34|0 fnt
|faint|p2a: TheSlayerOfRule34
|
|
|switch|p2a: Better Hitmonlee|Mienshao, M|271\/271
|-damage|p2a: Better Hitmonlee|255\/271|[from] Stealth Rock
|-damage|p2a: Better Hitmonlee|222\/271|[from] Spikes
|turn|16
|
|switch|p1a: Vaporeon|Vaporeon, M|464\/464
|move|p2a: Better Hitmonlee|High Jump Kick|p1a: Vaporeon
|-damage|p1a: Vaporeon|80\/464
|
|-heal|p1a: Vaporeon|109\/464|[from] item: Leftovers
|turn|17
|
|move|p2a: Better Hitmonlee|High Jump Kick|p1a: Vaporeon|[miss]
|-miss|p2a: Better Hitmonlee|p1a: Vaporeon
|-damage|p2a: Better Hitmonlee|87\/271|[from] highjumpkick
|move|p1a: Vaporeon|Wish|p1a: Vaporeon
|
|-heal|p1a: Vaporeon|138\/464|[from] item: Leftovers
|turn|18
|
|move|p1a: Vaporeon|Protect|p1a: Vaporeon
|-singleturn|p1a: Vaporeon|Protect
|move|p2a: Better Hitmonlee|High Jump Kick|p1a: Vaporeon
|-activate|p1a: Vaporeon|Protect
|-damage|p2a: Better Hitmonlee|0 fnt|[from] highjumpkick
|faint|p2a: Better Hitmonlee
|
|-heal|p1a: Vaporeon|370\/464|[from] move: Wish|[wisher] Vaporeon
|-heal|p1a: Vaporeon|399\/464|[from] item: Leftovers
|
|switch|p2a: Don Corleone|Honchkrow, M|341\/341
|-damage|p2a: Don Corleone|256\/341|[from] Stealth Rock
|turn|19
|
|move|p2a: Don Corleone|Brave Bird|p1a: Vaporeon
|-damage|p1a: Vaporeon|5\/464
|-damage|p2a: Don Corleone|126\/341|[from] recoil|[of] p1a: Vaporeon
|-damage|p2a: Don Corleone|92\/341|[from] item: Life Orb
|move|p1a: Vaporeon|Scald|p2a: Don Corleone
|-damage|p2a: Don Corleone|0 fnt
|faint|p2a: Don Corleone
|
|-heal|p1a: Vaporeon|34\/464|[from] item: Leftovers
|
|switch|p2a: Roark Crits Me|Espeon, F|297\/334
|-damage|p2a: Roark Crits Me|256\/334|[from] Stealth Rock
|-damage|p2a: Roark Crits Me|215\/334|[from] Spikes
|turn|20
|
|move|p2a: Roark Crits Me|Psychic|p1a: Vaporeon
|-damage|p1a: Vaporeon|0 fnt
|faint|p1a: Vaporeon
|
|
|switch|p1a: Beedrill|Beedrill-Mega, F|271\/271
|turn|21
|
|move|p1a: Beedrill|U-turn|p2a: Roark Crits Me
|-supereffective|p2a: Roark Crits Me
|-damage|p2a: Roark Crits Me|0 fnt
|faint|p2a: Roark Crits Me
|
|switch|p1a: Raikou|Raikou|131\/321
|-ability|p1a: Raikou|Pressure
|
|
|switch|p2a: Seals scare me|Empoleon, M|223\/372
|-damage|p2a: Seals scare me|177\/372|[from] Spikes
|-damage|p2a: Seals scare me|154\/372|[from] Stealth Rock
|turn|22
|
|move|p1a: Raikou|Thunderbolt|p2a: Seals scare me
|-supereffective|p2a: Seals scare me
|-damage|p2a: Seals scare me|0 fnt
|faint|p2a: Seals scare me
|
|win|teamtest239852
|raw|Ladder updating...
|c|âteamtest239852|gg
|raw|teamtest239852's rating: 1429 &rarr; <strong>1452<\/strong><br \/>(+23 for winning)
|raw|Bicycle Repair Man's rating: 1493 &rarr; <strong>1470<\/strong><br \/>(-23 for losing)
|c|âBicycle Repair Man|gg