|join|teamtest239852
|join|eatsleepJDM
|player|p1|teamtest239852|7
|player|p2|eatsleepJDM|179
|gametype|singles
|gen|6
|tier|UU
|rated
|rule|Sleep Clause Mod: Limit one foe put to sleep
|rule|Species Clause: Limit one of each PokÃ©mon
|rule|OHKO Clause: OHKO moves are banned
|rule|Moody Clause: Moody is banned
|rule|Evasion Moves Clause: Evasion moves are banned
|rule|Endless Battle Clause: Forcing endless battles is banned
|rule|HP Percentage Mod: HP is shown in percentages
|clearpoke
|poke|p1|Beedrill, M
|poke|p1|Arcanine, M
|poke|p1|Hydreigon, M
|poke|p1|Milotic, F
|poke|p1|Hitmontop, M
|poke|p1|Roserade, M
|poke|p2|Azelf
|poke|p2|Swampert, F
|poke|p2|Kingdra, F
|poke|p2|Raikou
|poke|p2|Honchkrow, F
|poke|p2|Tornadus, M
|rule|Swagger Clause: Swagger is banned
|rule|Baton Pass Clause: Limit one PokÃ©mon knowing Baton Pass
|teampreview
|
|start
|switch|p1a: Roserade|Roserade, M|262\/262
|switch|p2a: Honchkrow|Honchkrow, F|341\/341
|turn|1
|
|switch|p1a: Arcanine|Arcanine, M|384\/384
|-ability|p1a: Arcanine|Intimidate|[of] p2a: Honchkrow
|-unboost|p2a: Honchkrow|atk|1
|move|p2a: Honchkrow|Brave Bird|p1a: Arcanine
|-damage|p1a: Arcanine|242\/384
|-damage|p2a: Honchkrow|285\/341|[from] item: Rocky Helmet|[of] p1a: Arcanine
|-damage|p2a: Honchkrow|238\/341|[from] recoil|[of] p1a: Arcanine
|-damage|p2a: Honchkrow|204\/341|[from] item: Life Orb
|
|turn|2
|
|switch|p2a: Azelf|Azelf|291\/291
|move|p1a: Arcanine|Will-O-Wisp|p2a: Azelf
|-status|p2a: Azelf|brn
|
|-damage|p2a: Azelf|255\/291 brn|[from] brn
|turn|3
|
|move|p2a: Azelf|Stealth Rock|p1a: Arcanine
|-sidestart|p1: teamtest239852|move: Stealth Rock
|move|p1a: Arcanine|Flare Blitz|p2a: Azelf
|-damage|p2a: Azelf|63\/291 brn
|-damage|p1a: Arcanine|179\/384|[from] recoil|[of] p2a: Azelf
|
|-damage|p2a: Azelf|27\/291 brn|[from] brn
|turn|4
|
|switch|p2a: Swampert|Swampert, F|341\/341
|move|p1a: Arcanine|Extreme Speed|p2a: Swampert
|-damage|p2a: Swampert|269\/341
|
|turn|5
|
|switch|p1a: Hitmontop|Hitmontop, M|304\/304
|-damage|p1a: Hitmontop|285\/304|[from] Stealth Rock
|-ability|p1a: Hitmontop|Intimidate|[of] p2a: Swampert
|-unboost|p2a: Swampert|atk|1
|detailschange|p2a: Swampert|Swampert-Mega, F
|message|Swampert has Mega Evolved into Mega Swampert!
|move|p2a: Swampert|Waterfall|p1a: Hitmontop
|-damage|p1a: Hitmontop|167\/304
|
|turn|6
|
|switch|p2a: Azelf|Azelf|27\/291 brn
|move|p1a: Hitmontop|Rapid Spin|p2a: Azelf
|-damage|p2a: Azelf|0 fnt
|-sideend|p1: teamtest239852|Stealth Rock|[from] move: Rapid Spin|[of] p1a: Hitmontop
|faint|p2a: Azelf
|
|
|switch|p2a: Honchkrow|Honchkrow, F|204\/341
|turn|7
|
|switch|p1a: Arcanine|Arcanine, M|179\/384
|-ability|p1a: Arcanine|Intimidate|[of] p2a: Honchkrow
|-unboost|p2a: Honchkrow|atk|1
|move|p2a: Honchkrow|Substitute|p2a: Honchkrow
|-start|p2a: Honchkrow|Substitute
|-damage|p2a: Honchkrow|119\/341
|
|turn|8
|
|move|p2a: Honchkrow|Roost|p2a: Honchkrow
|-heal|p2a: Honchkrow|290\/341
|move|p1a: Arcanine|Morning Sun|p1a: Arcanine
|-heal|p1a: Arcanine|371\/384
|
|turn|9
|
|move|p2a: Honchkrow|Brave Bird|p1a: Arcanine
|-damage|p1a: Arcanine|207\/384
|-damage|p2a: Honchkrow|234\/341|[from] item: Rocky Helmet|[of] p1a: Arcanine
|-damage|p2a: Honchkrow|180\/341|[from] recoil|[of] p1a: Arcanine
|-damage|p2a: Honchkrow|146\/341|[from] item: Life Orb
|move|p1a: Arcanine|Flare Blitz|p2a: Honchkrow
|-end|p2a: Honchkrow|Substitute
|-damage|p1a: Arcanine|179\/384|[from] recoil|[of] p2a: Honchkrow
|
|turn|10
|-message|eatsleepJDM forfeited.
|
|win|teamtest239852
|raw|Ladder updating...
|leave|eatsleepJDM
|player|p2
|raw|teamtest239852's rating: 1453 &rarr; <strong>1472<\/strong><br \/>(+19 for winning)
|raw|eatsleepJDM's rating: 1428 &rarr; <strong>1409<\/strong><br \/>(-19 for losing)