|join|teamtest239852
|join|MrCookiepants
|player|p1|teamtest239852|7
|player|p2|MrCookiepants|101
|gametype|singles
|gen|6
|tier|UU
|rated
|rule|Sleep Clause Mod: Limit one foe put to sleep
|rule|Species Clause: Limit one of each PokÃ©mon
|rule|OHKO Clause: OHKO moves are banned
|rule|Moody Clause: Moody is banned
|rule|Evasion Moves Clause: Evasion moves are banned
|rule|Endless Battle Clause: Forcing endless battles is banned
|rule|HP Percentage Mod: HP is shown in percentages
|clearpoke
|poke|p1|Beedrill, F
|poke|p1|Arcanine, F
|poke|p1|Hydreigon, M
|poke|p1|Milotic, F
|poke|p1|Hitmontop, M
|poke|p1|Roserade, F
|poke|p2|Pidgeot, M
|poke|p2|Chesnaught, F
|poke|p2|Meloetta
|poke|p2|Hydreigon, M
|poke|p2|Nidoqueen, F
|poke|p2|Chandelure, M
|rule|Swagger Clause: Swagger is banned
|rule|Baton Pass Clause: Limit one PokÃ©mon knowing Baton Pass
|teampreview
|
|start
|switch|p1a: Milotic|Milotic, F|394\/394
|switch|p2a: Nidoqueen|Nidoqueen, F|353\/353
|turn|1
|
|move|p2a: Nidoqueen|Stealth Rock|p1a: Milotic
|-sidestart|p1: teamtest239852|move: Stealth Rock
|move|p1a: Milotic|Scald|p2a: Nidoqueen
|-supereffective|p2a: Nidoqueen
|-damage|p2a: Nidoqueen|141\/353
|-status|p2a: Nidoqueen|brn
|
|-damage|p2a: Nidoqueen|97\/353 brn|[from] brn
|turn|2
|
|move|p2a: Nidoqueen|Sludge Wave|p1a: Milotic
|-damage|p1a: Milotic|261\/394
|move|p1a: Milotic|Ice Beam|p2a: Nidoqueen
|-supereffective|p2a: Nidoqueen
|-damage|p2a: Nidoqueen|0 fnt
|faint|p2a: Nidoqueen
|
|-heal|p1a: Milotic|285\/394|[from] item: Leftovers
|
|switch|p2a: Meloetta|Meloetta|403\/403
|turn|3
|
|move|p2a: Meloetta|Psyshock|p1a: Milotic
|-damage|p1a: Milotic|84\/394
|move|p1a: Milotic|Scald|p2a: Meloetta
|-damage|p2a: Meloetta|349\/403
|
|-heal|p1a: Milotic|108\/394|[from] item: Leftovers
|turn|4
|
|switch|p1a: Hydreigon|Hydreigon, M|325\/325
|-damage|p1a: Hydreigon|285\/325|[from] Stealth Rock
|move|p2a: Meloetta|Psyshock|p1a: Hydreigon
|-immune|p1a: Hydreigon|[msg]
|
|turn|5
|
|move|p1a: Hydreigon|Draco Meteor|p2a: Meloetta
|-damage|p2a: Meloetta|169\/403
|-unboost|p1a: Hydreigon|spa|2
|move|p2a: Meloetta|Focus Blast|p1a: Hydreigon
|-supereffective|p1a: Hydreigon
|-damage|p1a: Hydreigon|0 fnt
|faint|p1a: Hydreigon
|
|
|switch|p1a: Arcanine|Arcanine, F|384\/384
|-damage|p1a: Arcanine|288\/384|[from] Stealth Rock
|-ability|p1a: Arcanine|Intimidate|[of] p2a: Meloetta
|-unboost|p2a: Meloetta|atk|1
|turn|6
|
|switch|p2a: Chandelure|Chandelure, M|289\/289
|move|p1a: Arcanine|Flare Blitz|p2a: Chandelure
|-start|p2a: Chandelure|ability: Flash Fire
|
|turn|7
|
|switch|p1a: Milotic|Milotic, F|108\/394
|-damage|p1a: Milotic|59\/394|[from] Stealth Rock
|move|p2a: Chandelure|Substitute|p2a: Chandelure
|-start|p2a: Chandelure|Substitute
|-damage|p2a: Chandelure|217\/289
|
|-heal|p2a: Chandelure|235\/289|[from] item: Leftovers
|-heal|p1a: Milotic|83\/394|[from] item: Leftovers
|turn|8
|
|move|p2a: Chandelure|Shadow Ball|p1a: Milotic
|-damage|p1a: Milotic|0 fnt
|faint|p1a: Milotic
|
|-heal|p2a: Chandelure|253\/289|[from] item: Leftovers
|
|switch|p1a: Roserade|Roserade, F|262\/262
|-damage|p1a: Roserade|230\/262|[from] Stealth Rock
|turn|9
|
|move|p1a: Roserade|Shadow Ball|p2a: Chandelure
|-supereffective|p2a: Chandelure
|-end|p2a: Chandelure|Substitute
|move|p2a: Chandelure|Calm Mind|p2a: Chandelure
|-boost|p2a: Chandelure|spa|1
|-boost|p2a: Chandelure|spd|1
|
|-heal|p2a: Chandelure|271\/289|[from] item: Leftovers
|turn|10
|
|move|p1a: Roserade|Shadow Ball|p2a: Chandelure
|-supereffective|p2a: Chandelure
|-damage|p2a: Chandelure|123\/289
|move|p2a: Chandelure|Fire Blast|p1a: Roserade
|-supereffective|p1a: Roserade
|-damage|p1a: Roserade|0 fnt
|faint|p1a: Roserade
|
|-heal|p2a: Chandelure|141\/289|[from] item: Leftovers
|
|switch|p1a: Beedrill|Beedrill, F|272\/272
|-damage|p1a: Beedrill|204\/272|[from] Stealth Rock
|turn|11
|
|switch|p2a: Meloetta|Meloetta|169\/403
|detailschange|p1a: Beedrill|Beedrill-Mega, F
|message|Beedrill has Mega Evolved into Mega Beedrill!
|move|p1a: Beedrill|Drill Run|p2a: Meloetta
|-damage|p2a: Meloetta|37\/403
|
|turn|12
|
|move|p1a: Beedrill|Poison Jab|p2a: Meloetta
|-damage|p2a: Meloetta|0 fnt
|faint|p2a: Meloetta
|
|
|switch|p2a: Hydreigon|Hydreigon, M|325\/325
|turn|13
|
|switch|p1a: Hitmontop|Hitmontop, M|304\/304
|-damage|p1a: Hitmontop|285\/304|[from] Stealth Rock
|-ability|p1a: Hitmontop|Intimidate|[of] p2a: Hydreigon
|-unboost|p2a: Hydreigon|atk|1
|move|p2a: Hydreigon|Draco Meteor|p1a: Hitmontop
|-damage|p1a: Hitmontop|135\/304
|-unboost|p2a: Hydreigon|spa|2
|
|turn|14
|
|switch|p2a: Chandelure|Chandelure, M|141\/289
|switch|p1a: Beedrill|Beedrill-Mega, F|204\/272
|-damage|p1a: Beedrill|136\/272|[from] Stealth Rock
|
|-heal|p2a: Chandelure|159\/289|[from] item: Leftovers
|turn|15
|
|move|p1a: Beedrill|Poison Jab|p2a: Chandelure
|-resisted|p2a: Chandelure
|-damage|p2a: Chandelure|50\/289
|move|p2a: Chandelure|Shadow Ball|p1a: Beedrill
|-damage|p1a: Beedrill|0 fnt
|faint|p1a: Beedrill
|
|-heal|p2a: Chandelure|68\/289|[from] item: Leftovers
|-message|teamtest239852 forfeited.
|
|win|MrCookiepants
|raw|Ladder updating...
|c|âteamtest239852|gg
|c|âMrCookiepants|gg
|raw|teamtest239852's rating: 1495 &rarr; <strong>1468<\/strong><br \/>(-27 for losing)
|raw|MrCookiepants's rating: 1376 &rarr; <strong>1402<\/strong><br \/>(+26 for winning)
|leave|MrCookiepants
|player|p2