|join|teamtest239852
|join|Naguun
|player|p1|teamtest239852|3
|player|p2|Naguun|124
|gametype|singles
|gen|6
|tier|UU
|rated
|rule|Sleep Clause Mod: Limit one foe put to sleep
|rule|Species Clause: Limit one of each PokÃ©mon
|rule|OHKO Clause: OHKO moves are banned
|rule|Moody Clause: Moody is banned
|rule|Evasion Moves Clause: Evasion moves are banned
|rule|Endless Battle Clause: Forcing endless battles is banned
|rule|HP Percentage Mod: HP is shown in percentages
|clearpoke
|poke|p1|Swampert, M
|poke|p1|Aerodactyl, M
|poke|p1|Lucario, M
|poke|p1|Umbreon, M
|poke|p1|Arcanine, F
|poke|p1|Roserade, F
|poke|p2|Espeon, M
|poke|p2|Absol, F
|poke|p2|Dragalge, M
|poke|p2|Krookodile, M
|poke|p2|Tentacruel, F
|poke|p2|Crobat, M
|rule|Swagger Clause: Swagger is banned
|rule|Baton Pass Clause: Limit one PokÃ©mon knowing Baton Pass
|teampreview
|
|start
|switch|p1a: Aerodactyl|Aerodactyl, M|301\/301
|switch|p2a: Dragalge|Dragalge, M|301\/301
|-ability|p1a: Aerodactyl|Unnerve|p2: Naguun
|turn|1
|
|switch|p1a: Umbreon|Umbreon, M|394\/394
|move|p2a: Dragalge|Draco Meteor|p1a: Umbreon
|-damage|p1a: Umbreon|166\/394
|-unboost|p2a: Dragalge|spa|2
|
|-heal|p1a: Umbreon|190\/394|[from] item: Leftovers
|turn|2
|
|switch|p2a: Absol|Absol, F|271\/271
|move|p1a: Umbreon|Moonlight|p1a: Umbreon
|-heal|p1a: Umbreon|387\/394
|
|-heal|p1a: Umbreon|394\/394|[from] item: Leftovers
|turn|3
|
|detailschange|p2a: Absol|Absol-Mega, F
|message|Absol has Mega Evolved into Mega Absol!
|move|p2a: Absol|Play Rough|p1a: Umbreon
|-supereffective|p1a: Umbreon
|-damage|p1a: Umbreon|160\/394
|move|p1a: Umbreon|Foul Play|p2a: Absol
|-resisted|p2a: Absol
|-damage|p2a: Absol|109\/271
|
|-heal|p1a: Umbreon|184\/394|[from] item: Leftovers
|turn|4
|
|switch|p1a: Arcanine|Arcanine, F|384\/384
|-item|p1a: Arcanine|Air Balloon
|move|p2a: Absol|Play Rough|p1a: Arcanine
|-resisted|p1a: Arcanine
|-damage|p1a: Arcanine|306\/384
|-enditem|p1a: Arcanine|Air Balloon
|
|turn|5
|
|switch|p2a: Krookodile|Krookodile, M|393\/393
|-ability|p2a: Krookodile|Intimidate|[of] p1a: Arcanine
|-unboost|p1a: Arcanine|atk|1
|move|p1a: Arcanine|Extreme Speed|p2a: Krookodile
|-damage|p2a: Krookodile|334\/393
|
|-heal|p2a: Krookodile|358\/393|[from] item: Leftovers
|turn|6
|
|switch|p1a: Swampert|Swampert, M|404\/404
|move|p2a: Krookodile|Stealth Rock|p1a: Swampert
|-sidestart|p1: teamtest239852|move: Stealth Rock
|
|-heal|p2a: Krookodile|382\/393|[from] item: Leftovers
|turn|7
|
|switch|p2a: Crobat|Crobat, M|373\/373
|move|p1a: Swampert|Scald|p2a: Crobat
|-damage|p2a: Crobat|277\/373
|
|turn|8
|
|move|p2a: Crobat|Poison Fang|p1a: Swampert
|-resisted|p1a: Swampert
|-damage|p1a: Swampert|383\/404
|-status|p1a: Swampert|tox
|move|p1a: Swampert|Stealth Rock|p2a: Crobat
|-sidestart|p2: Naguun|move: Stealth Rock
|
|-heal|p1a: Swampert|404\/404 tox|[from] item: Leftovers
|-damage|p1a: Swampert|379\/404 tox|[from] psn
|turn|9
|
|move|p2a: Crobat|Acrobatics|p1a: Swampert
|-damage|p1a: Swampert|283\/404 tox
|move|p1a: Swampert|Scald|p2a: Crobat
|-damage|p2a: Crobat|169\/373
|
|-heal|p1a: Swampert|308\/404 tox|[from] item: Leftovers
|-damage|p1a: Swampert|258\/404 tox|[from] psn
|turn|10
|
|switch|p1a: Aerodactyl|Aerodactyl, M|301\/301
|-damage|p1a: Aerodactyl|226\/301|[from] Stealth Rock
|-ability|p1a: Aerodactyl|Unnerve|p2: Naguun
|move|p2a: Crobat|Roost|p2a: Crobat
|-heal|p2a: Crobat|356\/373
|
|turn|11
|
|detailschange|p1a: Aerodactyl|Aerodactyl-Mega, M
|message|Aerodactyl has Mega Evolved into Mega Aerodactyl!
|move|p1a: Aerodactyl|Aerial Ace|p2a: Crobat
|-damage|p2a: Crobat|176\/373
|move|p2a: Crobat|U-turn|p1a: Aerodactyl
|-crit|p1a: Aerodactyl
|-resisted|p1a: Aerodactyl
|-damage|p1a: Aerodactyl|180\/301
|
|switch|p2a: Tentacruel|Tentacruel, F|361\/361
|-damage|p2a: Tentacruel|316\/361|[from] Stealth Rock
|
|-heal|p2a: Tentacruel|338\/361|[from] item: Black Sludge
|turn|12
|
|switch|p1a: Umbreon|Umbreon, M|184\/394
|-damage|p1a: Umbreon|135\/394|[from] Stealth Rock
|move|p2a: Tentacruel|Ice Beam|p1a: Umbreon
|-damage|p1a: Umbreon|101\/394
|
|-heal|p2a: Tentacruel|360\/361|[from] item: Black Sludge
|-heal|p1a: Umbreon|125\/394|[from] item: Leftovers
|turn|13
|
|move|p2a: Tentacruel|Rapid Spin|p1a: Umbreon
|-damage|p1a: Umbreon|115\/394
|-sideend|p2: Naguun|Stealth Rock|[from] move: Rapid Spin|[of] p2a: Tentacruel
|move|p1a: Umbreon|Moonlight|p1a: Umbreon
|-heal|p1a: Umbreon|312\/394
|
|-heal|p2a: Tentacruel|361\/361|[from] item: Black Sludge
|-heal|p1a: Umbreon|336\/394|[from] item: Leftovers
|turn|14
|
|move|p2a: Tentacruel|Acid Spray|p1a: Umbreon
|-damage|p1a: Umbreon|312\/394
|-unboost|p1a: Umbreon|spd|2
|move|p1a: Umbreon|Heal Bell|p1a: Umbreon
|-cureteam|p1a: Umbreon|[from] move: HealBell
|
|-heal|p1a: Umbreon|336\/394|[from] item: Leftovers
|turn|15
|
|move|p2a: Tentacruel|Acid Spray|p1a: Umbreon
|-damage|p1a: Umbreon|293\/394
|-unboost|p1a: Umbreon|spd|2
|move|p1a: Umbreon|Foul Play|p2a: Tentacruel
|-damage|p2a: Tentacruel|288\/361
|
|-heal|p2a: Tentacruel|310\/361|[from] item: Black Sludge
|-heal|p1a: Umbreon|317\/394|[from] item: Leftovers
|turn|16
|
|switch|p1a: Roserade|Roserade, F|324\/324
|-damage|p1a: Roserade|284\/324|[from] Stealth Rock
|move|p2a: Tentacruel|Scald|p1a: Roserade
|-resisted|p1a: Roserade
|-damage|p1a: Roserade|256\/324
|
|-heal|p2a: Tentacruel|332\/361|[from] item: Black Sludge
|turn|17
|
|move|p2a: Tentacruel|Ice Beam|p1a: Roserade
|-supereffective|p1a: Roserade
|-damage|p1a: Roserade|164\/324
|move|p1a: Roserade|Bullet Seed|p2a: Tentacruel
|-damage|p2a: Tentacruel|301\/361
|-damage|p2a: Tentacruel|271\/361
|-damage|p2a: Tentacruel|238\/361
|-hitcount|p2a: Tentacruel|3
|
|-heal|p2a: Tentacruel|260\/361|[from] item: Black Sludge
|turn|18
|
|move|p2a: Tentacruel|Ice Beam|p1a: Roserade
|-supereffective|p1a: Roserade
|-damage|p1a: Roserade|78\/324
|move|p1a: Roserade|Giga Drain|p2a: Tentacruel
|-damage|p2a: Tentacruel|155\/361
|-damage|p1a: Roserade|9\/324|[from] ability: Liquid Ooze|[of] p2a: Tentacruel
|
|-heal|p2a: Tentacruel|177\/361|[from] item: Black Sludge
|turn|19
|
|move|p2a: Tentacruel|Ice Beam|p1a: Roserade
|-supereffective|p1a: Roserade
|-damage|p1a: Roserade|0 fnt
|faint|p1a: Roserade
|
|-heal|p2a: Tentacruel|199\/361|[from] item: Black Sludge
|
|switch|p1a: Aerodactyl|Aerodactyl-Mega, M|180\/301
|-damage|p1a: Aerodactyl|105\/301|[from] Stealth Rock
|turn|20
|
|move|p1a: Aerodactyl|Earthquake|p2a: Tentacruel
|-supereffective|p2a: Tentacruel
|-damage|p2a: Tentacruel|0 fnt
|faint|p2a: Tentacruel
|
|
|switch|p2a: Absol|Absol-Mega, F|109\/271
|turn|21
|
|move|p2a: Absol|Sucker Punch|p1a: Aerodactyl
|-fail|p1a: Aerodactyl
|move|p1a: Aerodactyl|Roost|p1a: Aerodactyl
|-heal|p1a: Aerodactyl|256\/301
|
|turn|22
|
|move|p2a: Absol|Sucker Punch|p1a: Aerodactyl
|-damage|p1a: Aerodactyl|76\/301
|move|p1a: Aerodactyl|Aerial Ace|p2a: Absol
|-damage|p2a: Absol|0 fnt
|faint|p2a: Absol
|
|
|switch|p2a: Krookodile|Krookodile, M|382\/393
|-ability|p2a: Krookodile|Intimidate|[of] p1a: Aerodactyl
|-unboost|p1a: Aerodactyl|atk|1
|turn|23
|
|move|p1a: Aerodactyl|Roost|p1a: Aerodactyl
|-heal|p1a: Aerodactyl|227\/301
|move|p2a: Krookodile|Stone Edge|p1a: Aerodactyl
|-damage|p1a: Aerodactyl|125\/301
|
|-heal|p2a: Krookodile|393\/393|[from] item: Leftovers
|turn|24
|
|switch|p1a: Swampert|Swampert, M|258\/404
|-damage|p1a: Swampert|233\/404|[from] Stealth Rock
|switch|p2a: Dragalge|Dragalge, M|301\/301
|
|-heal|p1a: Swampert|258\/404|[from] item: Leftovers
|turn|25
|
|switch|p1a: Umbreon|Umbreon, M|317\/394
|-damage|p1a: Umbreon|268\/394|[from] Stealth Rock
|move|p2a: Dragalge|Dragon Pulse|p1a: Umbreon
|-damage|p1a: Umbreon|118\/394
|
|-heal|p1a: Umbreon|142\/394|[from] item: Leftovers
|turn|26
|
|move|p1a: Umbreon|Moonlight|p1a: Umbreon
|-heal|p1a: Umbreon|339\/394
|move|p2a: Dragalge|Dragon Pulse|p1a: Umbreon
|-damage|p1a: Umbreon|183\/394
|
|-heal|p1a: Umbreon|207\/394|[from] item: Leftovers
|turn|27
|
|switch|p2a: Espeon|Espeon, M|292\/292
|move|p1a: Umbreon|Moonlight|p1a: Umbreon
|-heal|p1a: Umbreon|394\/394
|
|turn|28
|
|move|p2a: Espeon|Substitute|p2a: Espeon
|-start|p2a: Espeon|Substitute
|-damage|p2a: Espeon|219\/292
|move|p1a: Umbreon|Foul Play|p2a: Espeon
|-supereffective|p2a: Espeon
|-end|p2a: Espeon|Substitute
|
|-heal|p2a: Espeon|237\/292|[from] item: Leftovers
|turn|29
|
|move|p2a: Espeon|Baton Pass|p2a: Espeon
|
|switch|p2a: Dragalge|Dragalge, M|301\/301
|move|p1a: Umbreon|Foul Play|p2a: Dragalge
|-damage|p2a: Dragalge|210\/301
|
|turn|30
|
|move|p1a: Umbreon|Foul Play|p2a: Dragalge
|-damage|p2a: Dragalge|125\/301
|move|p2a: Dragalge|Sludge Wave|p1a: Umbreon
|-damage|p1a: Umbreon|208\/394
|
|-heal|p1a: Umbreon|232\/394|[from] item: Leftovers
|turn|31
|
|switch|p1a: Lucario|Lucario, M|281\/281
|-damage|p1a: Lucario|273\/281|[from] Stealth Rock
|move|p2a: Dragalge|Sludge Wave|p1a: Lucario
|-immune|p1a: Lucario|[msg]
|
|turn|32
|
|switch|p2a: Crobat|Crobat, M|176\/373
|move|p1a: Lucario|Flash Cannon|p2a: Crobat
|-damage|p2a: Crobat|0 fnt
|-damage|p1a: Lucario|245\/281|[from] item: Life Orb
|faint|p2a: Crobat
|
|
|switch|p2a: Dragalge|Dragalge, M|125\/301
|turn|33
|
|move|p1a: Lucario|Flash Cannon|p2a: Dragalge
|-damage|p2a: Dragalge|0 fnt
|-damage|p1a: Lucario|217\/281|[from] item: Life Orb
|faint|p2a: Dragalge
|
|
|switch|p2a: Espeon|Espeon, M|237\/292
|turn|34
|
|move|p1a: Lucario|Bullet Punch|p2a: Espeon
|-damage|p2a: Espeon|127\/292
|-damage|p1a: Lucario|189\/281|[from] item: Life Orb
|move|p2a: Espeon|Dazzling Gleam|p1a: Lucario
|-damage|p1a: Lucario|61\/281
|
|-heal|p2a: Espeon|145\/292|[from] item: Leftovers
|turn|35
|
|move|p1a: Lucario|Bullet Punch|p2a: Espeon
|-damage|p2a: Espeon|40\/292
|-damage|p1a: Lucario|33\/281|[from] item: Life Orb
|move|p2a: Espeon|Dazzling Gleam|p1a: Lucario
|-damage|p1a: Lucario|0 fnt
|faint|p1a: Lucario
|
|-heal|p2a: Espeon|58\/292|[from] item: Leftovers
|
|switch|p1a: Aerodactyl|Aerodactyl-Mega, M|125\/301
|-damage|p1a: Aerodactyl|50\/301|[from] Stealth Rock
|turn|36
|
|move|p1a: Aerodactyl|Aerial Ace|p2a: Espeon
|-damage|p2a: Espeon|0 fnt
|faint|p2a: Espeon
|
|
|switch|p2a: Krookodile|Krookodile, M|393\/393
|-ability|p2a: Krookodile|Intimidate|[of] p1a: Aerodactyl
|-unboost|p1a: Aerodactyl|atk|1
|turn|37
|
|move|p1a: Aerodactyl|Aerial Ace|p2a: Krookodile
|-damage|p2a: Krookodile|299\/393
|move|p2a: Krookodile|Stone Edge|p1a: Aerodactyl
|-supereffective|p1a: Aerodactyl
|-damage|p1a: Aerodactyl|0 fnt
|faint|p1a: Aerodactyl
|
|-heal|p2a: Krookodile|323\/393|[from] item: Leftovers
|
|switch|p1a: Swampert|Swampert, M|258\/404
|-damage|p1a: Swampert|233\/404|[from] Stealth Rock
|turn|38
|
|move|p2a: Krookodile|Knock Off|p1a: Swampert
|-damage|p1a: Swampert|125\/404
|-enditem|p1a: Swampert|Leftovers|[from] move: Knock Off|[of] p2a: Krookodile
|move|p1a: Swampert|Scald|p2a: Krookodile
|-supereffective|p2a: Krookodile
|-damage|p2a: Krookodile|0 fnt
|faint|p2a: Krookodile
|
|win|teamtest239852
|raw|Ladder updating...
|c|âteamtest239852|gg
|raw|teamtest239852's rating: 1356 &rarr; <strong>1371<\/strong><br \/>(+15 for winning)
|raw|Naguun's rating: 1275 &rarr; <strong>1256<\/strong><br \/>(-19 for losing)
|leave|Naguun
|player|p2