|join|teamtest239852
|join|CurryBlue93
|player|p1|teamtest239852|66
|player|p2|CurryBlue93|266
|gametype|singles
|gen|6
|tier|UU
|rated
|rule|Sleep Clause Mod: Limit one foe put to sleep
|rule|Species Clause: Limit one of each PokÃ©mon
|rule|OHKO Clause: OHKO moves are banned
|rule|Moody Clause: Moody is banned
|rule|Evasion Moves Clause: Evasion moves are banned
|rule|Endless Battle Clause: Forcing endless battles is banned
|rule|HP Percentage Mod: HP is shown in percentages
|clearpoke
|poke|p1|Scrafty, M, shiny
|poke|p1|Arcanine, F, shiny
|poke|p1|Florges, F, shiny
|poke|p1|Bronzong
|poke|p1|Nidoking, M
|poke|p1|Trevenant, M
|poke|p2|Starmie
|poke|p2|Abomasnow, M
|poke|p2|Hydreigon, M
|poke|p2|Jirachi
|poke|p2|Nidoqueen, F
|poke|p2|Infernape, F
|rule|Swagger Clause: Swagger is banned
|rule|Baton Pass Clause: Limit one PokÃ©mon knowing Baton Pass
|teampreview
|
|start
|switch|p1a: Bronzong|Bronzong|338\/338
|switch|p2a: Nidoqueen|Nidoqueen, F|322\/322
|turn|1
|
|move|p2a: Nidoqueen|Stealth Rock|p1a: Bronzong
|-sidestart|p1: teamtest239852|move: Stealth Rock
|move|p1a: Bronzong|Light Screen|p1a: Bronzong
|-sidestart|p1: teamtest239852|move: Light Screen
|
|turn|2
|
|switch|p2a: Infernape|Infernape, F|294\/294
|move|p1a: Bronzong|Reflect|p1a: Bronzong
|-sidestart|p1: teamtest239852|Reflect
|
|turn|3
|
|move|p2a: Infernape|Nasty Plot|p2a: Infernape
|-boost|p2a: Infernape|spa|2
|move|p1a: Bronzong|Zen Headbutt|p2a: Infernape
|-supereffective|p2a: Infernape
|-damage|p2a: Infernape|82\/294
|
|turn|4
|
|move|p2a: Infernape|Fire Blast|p1a: Bronzong
|-supereffective|p1a: Bronzong
|-damage|p1a: Bronzong|0 fnt
|-damage|p2a: Infernape|53\/294|[from] item: Life Orb
|faint|p1a: Bronzong
|
|
|switch|p1a: Gannon|Nidoking, M|304\/304
|-damage|p1a: Gannon|285\/304|[from] Stealth Rock
|turn|5
|
|move|p1a: Gannon|Sludge Wave|p2a: Infernape
|-damage|p2a: Infernape|0 fnt
|faint|p2a: Infernape
|
|
|switch|p2a: Jirachi|Jirachi|342\/342
|turn|6
|
|switch|p1a: Link|Scrafty, M, shiny|271\/271
|-damage|p1a: Link|255\/271|[from] Stealth Rock
|move|p2a: Jirachi|U-turn|p1a: Link
|-damage|p1a: Link|226\/271
|
|switch|p2a: Hydreigon|Hydreigon, M|326\/326
|
|turn|7
|
|move|p2a: Hydreigon|Draco Meteor|p1a: Link
|-damage|p1a: Link|89\/271
|-unboost|p2a: Hydreigon|spa|2
|-damage|p2a: Hydreigon|294\/326|[from] item: Life Orb
|move|p1a: Link|Dragon Dance|p1a: Link
|-boost|p1a: Link|atk|1
|-boost|p1a: Link|spe|1
|
|turn|8
|
|move|p2a: Hydreigon|Superpower|p1a: Link
|-supereffective|p1a: Link
|-damage|p1a: Link|0 fnt
|-unboost|p2a: Hydreigon|atk|1
|-unboost|p2a: Hydreigon|def|1
|-damage|p2a: Hydreigon|262\/326|[from] item: Life Orb
|faint|p1a: Link
|
|-sideend|p1: teamtest239852|move: Light Screen
|
|switch|p1a: Great Fairy|Florges, F, shiny|359\/359
|-damage|p1a: Great Fairy|315\/359|[from] Stealth Rock
|turn|9
|
|switch|p2a: Jirachi|Jirachi|342\/342
|move|p1a: Great Fairy|Wish|p1a: Great Fairy
|
|-heal|p1a: Great Fairy|337\/359|[from] item: Leftovers
|-sideend|p1: teamtest239852|Reflect
|turn|10
|
|switch|p1a: Midna|Arcanine, F, shiny|321\/321
|-damage|p1a: Midna|241\/321|[from] Stealth Rock
|-ability|p1a: Midna|Intimidate|[of] p2a: Jirachi
|-unboost|p2a: Jirachi|atk|1
|move|p2a: Jirachi|Iron Head|p1a: Midna
|-resisted|p1a: Midna
|-damage|p1a: Midna|194\/321
|
|-heal|p1a: Midna|321\/321|[from] move: Wish|[wisher] Great Fairy
|turn|11
|
|switch|p2a: Starmie|Starmie|324\/324
|move|p1a: Midna|Flare Blitz|p2a: Starmie
|-resisted|p2a: Starmie
|-damage|p2a: Starmie|145\/324
|-damage|p1a: Midna|262\/321|[from] recoil|[of] p2a: Starmie
|
|-heal|p2a: Starmie|165\/324|[from] item: Leftovers
|turn|12
|
|switch|p1a: Great Deku|Trevenant, M|373\/373
|-damage|p1a: Great Deku|327\/373|[from] Stealth Rock
|move|p2a: Starmie|Scald|p1a: Great Deku
|-resisted|p1a: Great Deku
|-damage|p1a: Great Deku|291\/373
|
|-heal|p2a: Starmie|185\/324|[from] item: Leftovers
|turn|13
|
|switch|p2a: Jirachi|Jirachi|342\/342
|move|p1a: Great Deku|Horn Leech|p2a: Jirachi
|-resisted|p2a: Jirachi
|-damage|p2a: Jirachi|296\/342
|-heal|p1a: Great Deku|314\/373|[from] drain|[of] p2a: Jirachi
|
|turn|14
|
|move|p2a: Jirachi|Trick|p1a: Great Deku
|-activate|p2a: Jirachi|move: Trick|[of] p1a: Great Deku
|-item|p1a: Great Deku|Choice Scarf|[from] move: Trick
|-item|p2a: Jirachi|Lum Berry|[from] move: Trick
|move|p1a: Great Deku|Will-O-Wisp|p2a: Jirachi|[miss]
|-miss|p1a: Great Deku|p2a: Jirachi
|
|turn|15
|
|move|p2a: Jirachi|U-turn|p1a: Great Deku
|-damage|p1a: Great Deku|224\/373
|
|switch|p2a: Starmie|Starmie|185\/324
|move|p1a: Great Deku|Will-O-Wisp|p2a: Starmie
|-status|p2a: Starmie|brn
|
|-heal|p2a: Starmie|205\/324 brn|[from] item: Leftovers
|-damage|p2a: Starmie|165\/324 brn|[from] brn
|turn|16
|
|switch|p1a: Great Fairy|Florges, F, shiny|337\/359
|-damage|p1a: Great Fairy|293\/359|[from] Stealth Rock
|move|p2a: Starmie|Psyshock|p1a: Great Fairy
|-crit|p1a: Great Fairy
|-damage|p1a: Great Fairy|104\/359
|
|-heal|p2a: Starmie|185\/324 brn|[from] item: Leftovers
|-heal|p1a: Great Fairy|126\/359|[from] item: Leftovers
|-damage|p2a: Starmie|145\/324 brn|[from] brn
|turn|17
|
|move|p2a: Starmie|Psyshock|p1a: Great Fairy
|-damage|p1a: Great Fairy|0 fnt
|faint|p1a: Great Fairy
|
|-heal|p2a: Starmie|165\/324 brn|[from] item: Leftovers
|-damage|p2a: Starmie|125\/324 brn|[from] brn
|
|switch|p1a: Great Deku|Trevenant, M|224\/373
|-damage|p1a: Great Deku|178\/373|[from] Stealth Rock
|turn|18
|
|switch|p2a: Hydreigon|Hydreigon, M|262\/326
|move|p1a: Great Deku|Horn Leech|p2a: Hydreigon
|-crit|p2a: Hydreigon
|-resisted|p2a: Hydreigon
|-damage|p2a: Hydreigon|177\/326
|-heal|p1a: Great Deku|221\/373|[from] drain|[of] p2a: Hydreigon
|
|turn|19
|
|move|p2a: Hydreigon|Draco Meteor|p1a: Great Deku
|-damage|p1a: Great Deku|0 fnt
|-unboost|p2a: Hydreigon|spa|2
|-damage|p2a: Hydreigon|145\/326|[from] item: Life Orb
|faint|p1a: Great Deku
|
|
|switch|p1a: Midna|Arcanine, F, shiny|262\/321
|-damage|p1a: Midna|182\/321|[from] Stealth Rock
|-ability|p1a: Midna|Intimidate|[of] p2a: Hydreigon
|-unboost|p2a: Hydreigon|atk|1
|turn|20
|
|switch|p2a: Starmie|Starmie|125\/324
|move|p1a: Midna|Flare Blitz|p2a: Starmie
|-resisted|p2a: Starmie
|-damage|p2a: Starmie|0 fnt
|-damage|p1a: Midna|141\/321|[from] recoil|[of] p2a: Starmie
|faint|p2a: Starmie
|
|
|switch|p2a: Hydreigon|Hydreigon, M|145\/326
|turn|21
|
|move|p2a: Hydreigon|Dark Pulse|p1a: Midna
|-damage|p1a: Midna|0 fnt
|-damage|p2a: Hydreigon|113\/326|[from] item: Life Orb
|faint|p1a: Midna
|
|
|switch|p1a: Gannon|Nidoking, M|285\/304
|-damage|p1a: Gannon|266\/304|[from] Stealth Rock
|turn|22
|
|move|p1a: Gannon|Ice Beam|p2a: Hydreigon
|-supereffective|p2a: Hydreigon
|-damage|p2a: Hydreigon|0 fnt
|faint|p2a: Hydreigon
|
|
|switch|p2a: Abomasnow|Abomasnow, M|383\/383
|turn|23
|
|detailschange|p2a: Abomasnow|Abomasnow-Mega, M
|message|Abomasnow has Mega Evolved into Mega Abomasnow!
|-weather|Hail
|move|p1a: Gannon|Ice Beam|p2a: Abomasnow
|-crit|p2a: Abomasnow
|-damage|p2a: Abomasnow|234\/383
|move|p2a: Abomasnow|Earthquake|p1a: Gannon
|-supereffective|p1a: Gannon
|-damage|p1a: Gannon|0 fnt
|faint|p1a: Gannon
|
|win|CurryBlue93
|raw|Ladder updating...
|raw|teamtest239852's rating: 1455 &rarr; <strong>1427<\/strong><br \/>(-28 for losing)
|raw|CurryBlue93's rating: 1301 &rarr; <strong>1330<\/strong><br \/>(+29 for winning)
|c|âteamtest239852|gg