|join|teamtest239852
|join|Chloe M.
|player|p1|teamtest239852|259
|player|p2|Chloe M.|216
|gametype|singles
|gen|6
|tier|UU
|rated
|rule|Sleep Clause Mod: Limit one foe put to sleep
|rule|Species Clause: Limit one of each PokÃ©mon
|rule|OHKO Clause: OHKO moves are banned
|rule|Moody Clause: Moody is banned
|rule|Evasion Moves Clause: Evasion moves are banned
|rule|Endless Battle Clause: Forcing endless battles is banned
|rule|HP Percentage Mod: HP is shown in percentages
|clearpoke
|poke|p1|Beedrill, F
|poke|p1|Flygon, M
|poke|p1|Raikou
|poke|p1|Infernape, M
|poke|p1|Vaporeon, F
|poke|p1|Forretress, F
|poke|p2|Zygarde
|poke|p2|Toxicroak, M, shiny
|poke|p2|Togetic, F
|poke|p2|Suicune
|poke|p2|Gastrodon, M
|poke|p2|Forretress, M
|rule|Swagger Clause: Swagger is banned
|rule|Baton Pass Clause: Limit one PokÃ©mon knowing Baton Pass
|teampreview
|
|start
|switch|p1a: Beedrill|Beedrill, F|271\/271
|switch|p2a: Forretress|Forretress, M|354\/354
|turn|1
|
|detailschange|p1a: Beedrill|Beedrill-Mega, F
|message|Beedrill has Mega Evolved into Mega Beedrill!
|move|p1a: Beedrill|U-turn|p2a: Forretress
|-resisted|p2a: Forretress
|-damage|p2a: Forretress|304\/354
|
|switch|p1a: Forretress|Forretress, F|354\/354
|move|p2a: Forretress|Gyro Ball|p1a: Forretress
|-resisted|p1a: Forretress
|-damage|p1a: Forretress|347\/354
|-damage|p2a: Forretress|245\/354|[from] item: Rocky Helmet|[of] p1a: Forretress
|
|-heal|p2a: Forretress|267\/354|[from] item: Leftovers
|turn|2
|
|move|p2a: Forretress|Stealth Rock|p1a: Forretress
|-sidestart|p1: teamtest239852|move: Stealth Rock
|move|p1a: Forretress|Stealth Rock|p2a: Forretress
|-sidestart|p2: Chloe M.|move: Stealth Rock
|
|-heal|p2a: Forretress|289\/354|[from] item: Leftovers
|turn|3
|
|move|p2a: Forretress|Stealth Rock|p1a: Forretress
|-fail|p1a: Forretress
|move|p1a: Forretress|Rapid Spin|p2a: Forretress
|-resisted|p2a: Forretress
|-damage|p2a: Forretress|285\/354
|-sideend|p1: teamtest239852|Stealth Rock|[from] move: Rapid Spin|[of] p1a: Forretress
|
|-heal|p2a: Forretress|307\/354|[from] item: Leftovers
|turn|4
|
|switch|p1a: Infernape|Infernape, M|289\/289
|move|p2a: Forretress|Stealth Rock|p1a: Infernape
|-sidestart|p1: teamtest239852|move: Stealth Rock
|
|-heal|p2a: Forretress|329\/354|[from] item: Leftovers
|turn|5
|
|switch|p2a: Gastrodon|Gastrodon, M|426\/426
|-damage|p2a: Gastrodon|400\/426|[from] Stealth Rock
|move|p1a: Infernape|Overheat|p2a: Gastrodon
|-resisted|p2a: Gastrodon
|-damage|p2a: Gastrodon|318\/426
|-unboost|p1a: Infernape|spa|2
|-damage|p1a: Infernape|261\/289|[from] item: Life Orb
|
|-heal|p2a: Gastrodon|344\/426|[from] item: Leftovers
|turn|6
|
|move|p1a: Infernape|Grass Knot|p2a: Gastrodon
|-supereffective|p2a: Gastrodon
|-damage|p2a: Gastrodon|240\/426
|-damage|p1a: Infernape|233\/289|[from] item: Life Orb
|move|p2a: Gastrodon|Scald|p1a: Infernape
|-supereffective|p1a: Infernape
|-damage|p1a: Infernape|0 fnt
|faint|p1a: Infernape
|
|-heal|p2a: Gastrodon|266\/426|[from] item: Leftovers
|
|switch|p1a: Forretress|Forretress, F|347\/354
|-damage|p1a: Forretress|303\/354|[from] Stealth Rock
|turn|7
|
|switch|p2a: Forretress|Forretress, M|329\/354
|-damage|p2a: Forretress|285\/354|[from] Stealth Rock
|move|p1a: Forretress|Rapid Spin|p2a: Forretress
|-resisted|p2a: Forretress
|-damage|p2a: Forretress|281\/354
|-sideend|p1: teamtest239852|Stealth Rock|[from] move: Rapid Spin|[of] p1a: Forretress
|
|-heal|p2a: Forretress|303\/354|[from] item: Leftovers
|turn|8
|
|switch|p1a: Raikou|Raikou|321\/321
|-ability|p1a: Raikou|Pressure
|move|p2a: Forretress|Stealth Rock|p1a: Raikou
|-sidestart|p1: teamtest239852|move: Stealth Rock
|
|-heal|p2a: Forretress|325\/354|[from] item: Leftovers
|turn|9
|
|switch|p2a: Gastrodon|Gastrodon, M|266\/426
|-damage|p2a: Gastrodon|240\/426|[from] Stealth Rock
|move|p1a: Raikou|Thunderbolt|p2a: Gastrodon
|-immune|p2a: Gastrodon|[msg]
|
|-heal|p2a: Gastrodon|266\/426|[from] item: Leftovers
|turn|10
|
|switch|p1a: Forretress|Forretress, F|303\/354
|-damage|p1a: Forretress|259\/354|[from] Stealth Rock
|move|p2a: Gastrodon|Earthquake|p1a: Forretress
|-damage|p1a: Forretress|199\/354
|
|-heal|p2a: Gastrodon|292\/426|[from] item: Leftovers
|turn|11
|
|switch|p2a: Forretress|Forretress, M|325\/354
|-damage|p2a: Forretress|281\/354|[from] Stealth Rock
|move|p1a: Forretress|Rapid Spin|p2a: Forretress
|-resisted|p2a: Forretress
|-damage|p2a: Forretress|277\/354
|-sideend|p1: teamtest239852|Stealth Rock|[from] move: Rapid Spin|[of] p1a: Forretress
|
|-heal|p2a: Forretress|299\/354|[from] item: Leftovers
|turn|12
|
|move|p1a: Forretress|Spikes|p2a: Forretress
|-sidestart|p2: Chloe M.|Spikes
|move|p2a: Forretress|Stealth Rock|p1a: Forretress
|-sidestart|p1: teamtest239852|move: Stealth Rock
|
|-heal|p2a: Forretress|321\/354|[from] item: Leftovers
|turn|13
|
|move|p1a: Forretress|Rapid Spin|p2a: Forretress
|-resisted|p2a: Forretress
|-damage|p2a: Forretress|317\/354
|-sideend|p1: teamtest239852|Stealth Rock|[from] move: Rapid Spin|[of] p1a: Forretress
|move|p2a: Forretress|Rapid Spin|p1a: Forretress
|-resisted|p1a: Forretress
|-damage|p1a: Forretress|195\/354
|-damage|p2a: Forretress|258\/354|[from] item: Rocky Helmet|[of] p1a: Forretress
|-sideend|p2: Chloe M.|Spikes|[from] move: Rapid Spin|[of] p2a: Forretress
|-sideend|p2: Chloe M.|Stealth Rock|[from] move: Rapid Spin|[of] p2a: Forretress
|
|-heal|p2a: Forretress|280\/354|[from] item: Leftovers
|turn|14
|
|move|p1a: Forretress|Stealth Rock|p2a: Forretress
|-sidestart|p2: Chloe M.|move: Stealth Rock
|move|p2a: Forretress|Stealth Rock|p1a: Forretress
|-sidestart|p1: teamtest239852|move: Stealth Rock
|
|-heal|p2a: Forretress|302\/354|[from] item: Leftovers
|turn|15
|
|move|p1a: Forretress|Rapid Spin|p2a: Forretress
|-resisted|p2a: Forretress
|-damage|p2a: Forretress|298\/354
|-sideend|p1: teamtest239852|Stealth Rock|[from] move: Rapid Spin|[of] p1a: Forretress
|move|p2a: Forretress|Stealth Rock|p1a: Forretress
|-sidestart|p1: teamtest239852|move: Stealth Rock
|
|-heal|p2a: Forretress|320\/354|[from] item: Leftovers
|turn|16
|
|move|p2a: Forretress|Rapid Spin|p1a: Forretress
|-resisted|p1a: Forretress
|-damage|p1a: Forretress|191\/354
|-damage|p2a: Forretress|261\/354|[from] item: Rocky Helmet|[of] p1a: Forretress
|-sideend|p2: Chloe M.|Stealth Rock|[from] move: Rapid Spin|[of] p2a: Forretress
|move|p1a: Forretress|Rapid Spin|p2a: Forretress
|-resisted|p2a: Forretress
|-damage|p2a: Forretress|257\/354
|-sideend|p1: teamtest239852|Stealth Rock|[from] move: Rapid Spin|[of] p1a: Forretress
|
|-heal|p2a: Forretress|279\/354|[from] item: Leftovers
|turn|17
|
|move|p2a: Forretress|Stealth Rock|p1a: Forretress
|-sidestart|p1: teamtest239852|move: Stealth Rock
|move|p1a: Forretress|Stealth Rock|p2a: Forretress
|-sidestart|p2: Chloe M.|move: Stealth Rock
|
|-heal|p2a: Forretress|301\/354|[from] item: Leftovers
|turn|18
|
|move|p1a: Forretress|Rapid Spin|p2a: Forretress
|-resisted|p2a: Forretress
|-damage|p2a: Forretress|297\/354
|-sideend|p1: teamtest239852|Stealth Rock|[from] move: Rapid Spin|[of] p1a: Forretress
|move|p2a: Forretress|Stealth Rock|p1a: Forretress
|-sidestart|p1: teamtest239852|move: Stealth Rock
|
|-heal|p2a: Forretress|319\/354|[from] item: Leftovers
|turn|19
|
|move|p1a: Forretress|Rapid Spin|p2a: Forretress
|-resisted|p2a: Forretress
|-damage|p2a: Forretress|315\/354
|-sideend|p1: teamtest239852|Stealth Rock|[from] move: Rapid Spin|[of] p1a: Forretress
|move|p2a: Forretress|Rapid Spin|p1a: Forretress
|-resisted|p1a: Forretress
|-damage|p1a: Forretress|187\/354
|-damage|p2a: Forretress|256\/354|[from] item: Rocky Helmet|[of] p1a: Forretress
|-sideend|p2: Chloe M.|Stealth Rock|[from] move: Rapid Spin|[of] p2a: Forretress
|
|-heal|p2a: Forretress|278\/354|[from] item: Leftovers
|turn|20
|
|move|p2a: Forretress|Stealth Rock|p1a: Forretress
|-sidestart|p1: teamtest239852|move: Stealth Rock
|move|p1a: Forretress|Stealth Rock|p2a: Forretress
|-sidestart|p2: Chloe M.|move: Stealth Rock
|
|-heal|p2a: Forretress|300\/354|[from] item: Leftovers
|turn|21
|
|move|p2a: Forretress|Gyro Ball|p1a: Forretress
|-resisted|p1a: Forretress
|-damage|p1a: Forretress|179\/354
|-damage|p2a: Forretress|241\/354|[from] item: Rocky Helmet|[of] p1a: Forretress
|move|p1a: Forretress|Rapid Spin|p2a: Forretress
|-resisted|p2a: Forretress
|-damage|p2a: Forretress|237\/354
|-sideend|p1: teamtest239852|Stealth Rock|[from] move: Rapid Spin|[of] p1a: Forretress
|
|-heal|p2a: Forretress|259\/354|[from] item: Leftovers
|turn|22
|
|move|p1a: Forretress|Spikes|p2a: Forretress
|-sidestart|p2: Chloe M.|Spikes
|move|p2a: Forretress|Stealth Rock|p1a: Forretress
|-sidestart|p1: teamtest239852|move: Stealth Rock
|
|-heal|p2a: Forretress|281\/354|[from] item: Leftovers
|turn|23
|
|move|p2a: Forretress|Rapid Spin|p1a: Forretress
|-resisted|p1a: Forretress
|-damage|p1a: Forretress|175\/354
|-damage|p2a: Forretress|222\/354|[from] item: Rocky Helmet|[of] p1a: Forretress
|-sideend|p2: Chloe M.|Spikes|[from] move: Rapid Spin|[of] p2a: Forretress
|-sideend|p2: Chloe M.|Stealth Rock|[from] move: Rapid Spin|[of] p2a: Forretress
|move|p1a: Forretress|Rapid Spin|p2a: Forretress
|-resisted|p2a: Forretress
|-damage|p2a: Forretress|218\/354
|-sideend|p1: teamtest239852|Stealth Rock|[from] move: Rapid Spin|[of] p1a: Forretress
|
|-heal|p2a: Forretress|240\/354|[from] item: Leftovers
|turn|24
|
|move|p1a: Forretress|Stealth Rock|p2a: Forretress
|-sidestart|p2: Chloe M.|move: Stealth Rock
|move|p2a: Forretress|Stealth Rock|p1a: Forretress
|-sidestart|p1: teamtest239852|move: Stealth Rock
|
|-heal|p2a: Forretress|262\/354|[from] item: Leftovers
|turn|25
|
|move|p1a: Forretress|Rapid Spin|p2a: Forretress
|-resisted|p2a: Forretress
|-damage|p2a: Forretress|258\/354
|-sideend|p1: teamtest239852|Stealth Rock|[from] move: Rapid Spin|[of] p1a: Forretress
|move|p2a: Forretress|Volt Switch|p1a: Forretress
|-damage|p1a: Forretress|115\/354
|
|switch|p2a: Gastrodon|Gastrodon, M|292\/426
|-damage|p2a: Gastrodon|266\/426|[from] Stealth Rock
|
|-heal|p2a: Gastrodon|292\/426|[from] item: Leftovers
|turn|26
|
|switch|p1a: Vaporeon|Vaporeon, F|464\/464
|move|p2a: Gastrodon|Toxic|p1a: Vaporeon
|-status|p1a: Vaporeon|tox
|
|-heal|p2a: Gastrodon|318\/426|[from] item: Leftovers
|-damage|p1a: Vaporeon|435\/464 tox|[from] psn
|turn|27
|
|move|p1a: Vaporeon|Wish|p1a: Vaporeon
|move|p2a: Gastrodon|Earthquake|p1a: Vaporeon
|-damage|p1a: Vaporeon|323\/464 tox
|
|-heal|p1a: Vaporeon|352\/464 tox|[from] item: Leftovers
|-heal|p2a: Gastrodon|344\/426|[from] item: Leftovers
|-damage|p1a: Vaporeon|294\/464 tox|[from] psn
|turn|28
|
|move|p1a: Vaporeon|Baton Pass|p1a: Vaporeon
|
|switch|p1a: Forretress|Forretress, F|115\/354
|move|p2a: Gastrodon|Scald|p1a: Forretress
|-damage|p1a: Forretress|0 fnt
|faint|p1a: Forretress
|
|-heal|p2a: Gastrodon|370\/426|[from] item: Leftovers
|
|switch|p1a: Beedrill|Beedrill-Mega, F|271\/271
|turn|29
|
|move|p1a: Beedrill|U-turn|p2a: Gastrodon
|-damage|p2a: Gastrodon|122\/426
|
|switch|p1a: Flygon|Flygon, M|301\/301
|move|p2a: Gastrodon|Recover|p2a: Gastrodon
|-heal|p2a: Gastrodon|335\/426
|
|-heal|p2a: Gastrodon|361\/426|[from] item: Leftovers
|turn|30
|
|switch|p2a: Suicune|Suicune|404\/404
|-damage|p2a: Suicune|354\/404|[from] Stealth Rock
|-ability|p2a: Suicune|Pressure
|move|p1a: Flygon|U-turn|p2a: Suicune
|-damage|p2a: Suicune|305\/404
|
|switch|p1a: Raikou|Raikou|321\/321
|-ability|p1a: Raikou|Pressure
|
|-heal|p2a: Suicune|330\/404|[from] item: Leftovers
|turn|31
|
|switch|p2a: Zygarde|Zygarde|404\/404
|-damage|p2a: Zygarde|379\/404|[from] Stealth Rock
|-ability|p2a: Zygarde|Aura Break
|move|p1a: Raikou|Volt Switch|p2a: Zygarde
|-immune|p2a: Zygarde|[msg]
|
|-heal|p2a: Zygarde|404\/404|[from] item: Leftovers
|turn|32
|
|move|p1a: Raikou|Hidden Power|p2a: Zygarde
|-supereffective|p2a: Zygarde
|-damage|p2a: Zygarde|121\/404
|move|p2a: Zygarde|Substitute|p2a: Zygarde
|-start|p2a: Zygarde|Substitute
|-damage|p2a: Zygarde|20\/404
|
|-heal|p2a: Zygarde|45\/404|[from] item: Leftovers
|turn|33
|
|move|p1a: Raikou|Hidden Power|p2a: Zygarde
|-supereffective|p2a: Zygarde
|-end|p2a: Zygarde|Substitute
|move|p2a: Zygarde|Earthquake|p1a: Raikou
|-supereffective|p1a: Raikou
|-damage|p1a: Raikou|7\/321
|
|-heal|p2a: Zygarde|70\/404|[from] item: Leftovers
|turn|34
|
|switch|p2a: Gastrodon|Gastrodon, M|361\/426
|-damage|p2a: Gastrodon|335\/426|[from] Stealth Rock
|move|p1a: Raikou|Extrasensory|p2a: Gastrodon
|-damage|p2a: Gastrodon|265\/426
|
|-heal|p2a: Gastrodon|291\/426|[from] item: Leftovers
|turn|35
|
|switch|p1a: Flygon|Flygon, M|301\/301
|move|p2a: Gastrodon|Scald|p1a: Flygon
|-damage|p1a: Flygon|186\/301
|-status|p1a: Flygon|brn
|
|-heal|p2a: Gastrodon|317\/426|[from] item: Leftovers
|-damage|p1a: Flygon|149\/301 brn|[from] brn
|turn|36
|
|move|p1a: Flygon|U-turn|p2a: Gastrodon
|-damage|p2a: Gastrodon|271\/426
|
|switch|p1a: Vaporeon|Vaporeon, F|294\/464 tox
|move|p2a: Gastrodon|Earthquake|p1a: Vaporeon
|-damage|p1a: Vaporeon|176\/464 tox
|
|-heal|p1a: Vaporeon|205\/464 tox|[from] item: Leftovers
|-heal|p2a: Gastrodon|297\/426|[from] item: Leftovers
|-damage|p1a: Vaporeon|176\/464 tox|[from] psn
|turn|37
|
|move|p1a: Vaporeon|Wish|p1a: Vaporeon
|move|p2a: Gastrodon|Earthquake|p1a: Vaporeon
|-damage|p1a: Vaporeon|62\/464 tox
|
|-heal|p1a: Vaporeon|91\/464 tox|[from] item: Leftovers
|-heal|p2a: Gastrodon|323\/426|[from] item: Leftovers
|-damage|p1a: Vaporeon|33\/464 tox|[from] psn
|turn|38
|
|switch|p1a: Beedrill|Beedrill-Mega, F|271\/271
|switch|p2a: Forretress|Forretress, M|258\/354
|-damage|p2a: Forretress|214\/354|[from] Stealth Rock
|
|-heal|p2a: Forretress|236\/354|[from] item: Leftovers
|turn|39
|
|move|p1a: Beedrill|U-turn|p2a: Forretress
|-crit|p2a: Forretress
|-resisted|p2a: Forretress
|-damage|p2a: Forretress|149\/354
|
|switch|p1a: Vaporeon|Vaporeon, F|33\/464 tox
|move|p2a: Forretress|Rapid Spin|p1a: Vaporeon
|-damage|p1a: Vaporeon|16\/464 tox
|-sideend|p2: Chloe M.|Stealth Rock|[from] move: Rapid Spin|[of] p2a: Forretress
|
|-heal|p1a: Vaporeon|45\/464 tox|[from] item: Leftovers
|-heal|p2a: Forretress|171\/354|[from] item: Leftovers
|-damage|p1a: Vaporeon|16\/464 tox|[from] psn
|turn|40
|
|switch|p2a: Gastrodon|Gastrodon, M|323\/426
|move|p1a: Vaporeon|Wish|p1a: Vaporeon
|
|-heal|p1a: Vaporeon|45\/464 tox|[from] item: Leftovers
|-heal|p2a: Gastrodon|349\/426|[from] item: Leftovers
|-damage|p1a: Vaporeon|0 fnt|[from] psn
|faint|p1a: Vaporeon
|
|switch|p1a: Beedrill|Beedrill-Mega, F|271\/271
|turn|41
|
|switch|p2a: Zygarde|Zygarde|70\/404
|-ability|p2a: Zygarde|Aura Break
|move|p1a: Beedrill|Poison Jab|p2a: Zygarde
|-resisted|p2a: Zygarde
|-damage|p2a: Zygarde|0 fnt
|faint|p2a: Zygarde
|
|
|switch|p2a: Forretress|Forretress, M|171\/354
|turn|42
|
|move|p1a: Beedrill|U-turn|p2a: Forretress
|-resisted|p2a: Forretress
|-damage|p2a: Forretress|118\/354
|
|switch|p1a: Raikou|Raikou|7\/321
|-ability|p1a: Raikou|Pressure
|move|p2a: Forretress|Stealth Rock|p1a: Raikou
|-sidestart|p1: teamtest239852|move: Stealth Rock
|
|-heal|p2a: Forretress|140\/354|[from] item: Leftovers
|turn|43
|
|switch|p2a: Gastrodon|Gastrodon, M|349\/426
|move|p1a: Raikou|Thunderbolt|p2a: Gastrodon
|-immune|p2a: Gastrodon|[msg]
|
|-heal|p2a: Gastrodon|375\/426|[from] item: Leftovers
|turn|44
|
|move|p1a: Raikou|Extrasensory|p2a: Gastrodon
|-damage|p2a: Gastrodon|298\/426
|move|p2a: Gastrodon|Earthquake|p1a: Raikou
|-supereffective|p1a: Raikou
|-damage|p1a: Raikou|0 fnt
|faint|p1a: Raikou
|
|-heal|p2a: Gastrodon|324\/426|[from] item: Leftovers
|
|switch|p1a: Beedrill|Beedrill-Mega, F|271\/271
|-damage|p1a: Beedrill|204\/271|[from] Stealth Rock
|turn|45
|
|move|p1a: Beedrill|U-turn|p2a: Gastrodon
|-damage|p2a: Gastrodon|90\/426
|
|switch|p1a: Flygon|Flygon, M|149\/301 brn
|-damage|p1a: Flygon|131\/301 brn|[from] Stealth Rock
|move|p2a: Gastrodon|Recover|p2a: Gastrodon
|-heal|p2a: Gastrodon|303\/426
|
|-heal|p2a: Gastrodon|329\/426|[from] item: Leftovers
|-damage|p1a: Flygon|94\/301 brn|[from] brn
|turn|46
|
|switch|p2a: Togetic|Togetic, F|313\/313
|move|p1a: Flygon|Dragon Claw|p2a: Togetic
|-immune|p2a: Togetic|[msg]
|
|-damage|p1a: Flygon|57\/301 brn|[from] brn
|turn|47
|
|move|p1a: Flygon|Dragon Claw|p2a: Togetic
|-immune|p2a: Togetic|[msg]
|move|p2a: Togetic|Thunder Wave|p1a: Flygon
|-immune|p1a: Flygon|[msg]
|
|-damage|p1a: Flygon|20\/301 brn|[from] brn
|turn|48
|
|switch|p2a: Forretress|Forretress, M|140\/354
|move|p1a: Flygon|Dragon Claw|p2a: Forretress
|-resisted|p2a: Forretress
|-damage|p2a: Forretress|123\/354
|
|-heal|p2a: Forretress|145\/354|[from] item: Leftovers
|-damage|p1a: Flygon|0 fnt|[from] brn
|faint|p1a: Flygon
|
|switch|p1a: Beedrill|Beedrill-Mega, F|204\/271
|-damage|p1a: Beedrill|137\/271|[from] Stealth Rock
|turn|49
|
|move|p1a: Beedrill|Drill Run|p2a: Forretress
|-damage|p2a: Forretress|88\/354
|move|p2a: Forretress|Gyro Ball|p1a: Beedrill
|-damage|p1a: Beedrill|0 fnt
|faint|p1a: Beedrill
|
|win|Chloe M.
|raw|Ladder updating...
|raw|teamtest239852's rating: 1430 &rarr; <strong>1404<\/strong><br \/>(-26 for losing)
|raw|Chloe M.'s rating: 1320 &rarr; <strong>1346<\/strong><br \/>(+26 for winning)
|c|âteamtest239852|gg
|c|âChloe M.|gg
|leave|Chloe M.
|player|p2