|join|teamtest239852
|join|izy168
|player|p1|teamtest239852|66
|player|p2|izy168|249
|gametype|singles
|gen|6
|tier|UU
|rated
|rule|Sleep Clause Mod: Limit one foe put to sleep
|rule|Species Clause: Limit one of each PokÃ©mon
|rule|OHKO Clause: OHKO moves are banned
|rule|Moody Clause: Moody is banned
|rule|Evasion Moves Clause: Evasion moves are banned
|rule|Endless Battle Clause: Forcing endless battles is banned
|rule|HP Percentage Mod: HP is shown in percentages
|clearpoke
|poke|p1|Scrafty, M, shiny
|poke|p1|Arcanine, F, shiny
|poke|p1|Florges, F, shiny
|poke|p1|Bronzong
|poke|p1|Nidoking, M
|poke|p1|Trevenant, M
|poke|p2|Eelektross, M, shiny
|poke|p2|Leafeon, F, shiny
|poke|p2|Chandelure, M
|poke|p2|Hydreigon, F, shiny
|poke|p2|Donphan, M, shiny
|poke|p2|Rampardos, F, shiny
|rule|Swagger Clause: Swagger is banned
|rule|Baton Pass Clause: Limit one PokÃ©mon knowing Baton Pass
|teampreview
|
|start
|switch|p1a: Bronzong|Bronzong|338\/338
|switch|p2a: sushi|Eelektross, M, shiny|342\/342
|turn|1
|
|move|p2a: sushi|Knock Off|p1a: Bronzong
|-crit|p1a: Bronzong
|-supereffective|p1a: Bronzong
|-damage|p1a: Bronzong|118\/338
|-enditem|p1a: Bronzong|Light Clay|[from] move: Knock Off|[of] p2a: sushi
|move|p1a: Bronzong|Light Screen|p1a: Bronzong
|-sidestart|p1: teamtest239852|move: Light Screen
|
|turn|2
|
|move|p2a: sushi|U-turn|p1a: Bronzong
|-damage|p1a: Bronzong|63\/338
|
|switch|p2a: clouds|Leafeon, F, shiny|271\/271
|move|p1a: Bronzong|Reflect|p1a: Bronzong
|-sidestart|p1: teamtest239852|Reflect
|
|turn|3
|
|move|p2a: clouds|Swords Dance|p2a: clouds
|-boost|p2a: clouds|atk|2
|move|p1a: Bronzong|Gyro Ball|p2a: clouds
|-damage|p2a: clouds|166\/271
|
|turn|4
|
|move|p2a: clouds|Knock Off|p1a: Bronzong
|-supereffective|p1a: Bronzong
|-damage|p1a: Bronzong|0 fnt
|-damage|p2a: clouds|139\/271|[from] item: Life Orb
|faint|p1a: Bronzong
|
|
|switch|p1a: Gannon|Nidoking, M|304\/304
|turn|5
|
|switch|p2a: 3some|Hydreigon, F, shiny|387\/387
|move|p1a: Gannon|Sludge Wave|p2a: 3some
|-damage|p2a: 3some|266\/387
|
|-heal|p2a: 3some|290\/387|[from] item: Leftovers
|-sideend|p1: teamtest239852|move: Light Screen
|turn|6
|
|switch|p1a: Great Fairy|Florges, F, shiny|359\/359
|move|p2a: 3some|Draco Meteor|p1a: Great Fairy
|-immune|p1a: Great Fairy|[msg]
|
|-heal|p2a: 3some|314\/387|[from] item: Leftovers
|-sideend|p1: teamtest239852|Reflect
|turn|7
|
|switch|p2a: sushi|Eelektross, M, shiny|342\/342
|move|p1a: Great Fairy|Toxic|p2a: sushi
|-status|p2a: sushi|tox
|
|-damage|p2a: sushi|321\/342 tox|[from] psn
|turn|8
|
|move|p1a: Great Fairy|Protect|p1a: Great Fairy
|-singleturn|p1a: Great Fairy|Protect
|move|p2a: sushi|Knock Off|p1a: Great Fairy
|-activate|p1a: Great Fairy|Protect
|
|-damage|p2a: sushi|279\/342 tox|[from] psn
|turn|9
|
|move|p1a: Great Fairy|Wish|p1a: Great Fairy
|move|p2a: sushi|Wild Charge|p1a: Great Fairy
|-crit|p1a: Great Fairy
|-damage|p1a: Great Fairy|0 fnt
|-damage|p2a: sushi|189\/342 tox|[from] recoil|[of] p1a: Great Fairy
|faint|p1a: Great Fairy
|
|-damage|p2a: sushi|126\/342 tox|[from] psn
|
|switch|p1a: Midna|Arcanine, F, shiny|321\/321
|-ability|p1a: Midna|Intimidate|[of] p2a: sushi
|-unboost|p2a: sushi|atk|1
|turn|10
|
|move|p1a: Midna|Crunch|p2a: sushi
|-damage|p2a: sushi|0 fnt
|faint|p2a: sushi
|
|
|switch|p2a: Strawberry|Rampardos, F, shiny|336\/336
|-ability|p2a: Strawberry|Mold Breaker
|turn|11
|
|move|p2a: Strawberry|Earthquake|p1a: Midna
|-supereffective|p1a: Midna
|-damage|p1a: Midna|9\/321
|move|p1a: Midna|Crunch|p2a: Strawberry
|-damage|p2a: Strawberry|113\/336
|
|turn|12
|
|switch|p1a: Great Deku|Trevenant, M|373\/373
|move|p2a: Strawberry|Earthquake|p1a: Great Deku
|-resisted|p1a: Great Deku
|-damage|p1a: Great Deku|286\/373
|
|turn|13
|
|switch|p2a: clouds|Leafeon, F, shiny|139\/271
|move|p1a: Great Deku|Leech Seed|p2a: clouds
|-immune|p2a: clouds|[msg]
|
|turn|14
|
|move|p2a: clouds|Knock Off|p1a: Great Deku
|-supereffective|p1a: Great Deku
|-damage|p1a: Great Deku|0 fnt
|-enditem|p1a: Great Deku|Lum Berry|[from] move: Knock Off|[of] p2a: clouds
|-damage|p2a: clouds|112\/271|[from] item: Life Orb
|faint|p1a: Great Deku
|
|
|switch|p1a: Gannon|Nidoking, M|304\/304
|turn|15
|
|move|p1a: Gannon|Ice Beam|p2a: clouds
|-supereffective|p2a: clouds
|-damage|p2a: clouds|0 fnt
|faint|p2a: clouds
|
|
|switch|p2a: chandelier|Chandelure, M|261\/261
|turn|16
|
|switch|p1a: Midna|Arcanine, F, shiny|9\/321
|-ability|p1a: Midna|Intimidate|[of] p2a: chandelier
|-unboost|p2a: chandelier|atk|1
|move|p2a: chandelier|Shadow Ball|p1a: Midna
|-damage|p1a: Midna|0 fnt
|faint|p1a: Midna
|
|
|switch|p1a: Link|Scrafty, M, shiny|271\/271
|turn|17
|
|switch|p2a: Phannypack|Donphan, M, shiny|321\/321
|move|p1a: Link|Dragon Dance|p1a: Link
|-boost|p1a: Link|atk|1
|-boost|p1a: Link|spe|1
|
|turn|18
|
|move|p1a: Link|Dragon Dance|p1a: Link
|-boost|p1a: Link|atk|1
|-boost|p1a: Link|spe|1
|move|p2a: Phannypack|Earthquake|p1a: Link
|-crit|p1a: Link
|-damage|p1a: Link|40\/271
|
|turn|19
|
|move|p2a: Phannypack|Ice Shard|p1a: Link
|-damage|p1a: Link|0 fnt
|faint|p1a: Link
|
|
|switch|p1a: Gannon|Nidoking, M|304\/304
|turn|20
|
|move|p1a: Gannon|Ice Beam|p2a: Phannypack
|-supereffective|p2a: Phannypack
|-activate|p2a: Phannypack|Sturdy
|-damage|p2a: Phannypack|1\/321
|move|p2a: Phannypack|Earthquake|p1a: Gannon
|-supereffective|p1a: Gannon
|-damage|p1a: Gannon|0 fnt
|faint|p1a: Gannon
|
|win|izy168
|raw|Ladder updating...
|raw|teamtest239852's rating: 1489 &rarr; <strong>1455<\/strong><br \/>(-34 for losing)
|raw|izy168's rating: 1210 &rarr; <strong>1251<\/strong><br \/>(+41 for winning)
|c|âteamtest239852|gg
|leave|izy168
|player|p2