|join|teamtest239852
|join|fliftytlwo
|player|p1|teamtest239852|259
|player|p2|fliftytlwo|184
|gametype|singles
|gen|6
|tier|UU
|rated
|rule|Sleep Clause Mod: Limit one foe put to sleep
|rule|Species Clause: Limit one of each PokÃ©mon
|rule|OHKO Clause: OHKO moves are banned
|rule|Moody Clause: Moody is banned
|rule|Evasion Moves Clause: Evasion moves are banned
|rule|Endless Battle Clause: Forcing endless battles is banned
|rule|HP Percentage Mod: HP is shown in percentages
|clearpoke
|poke|p1|Beedrill, M
|poke|p1|Flygon, M
|poke|p1|Raikou
|poke|p1|Infernape, M
|poke|p1|Vaporeon, M
|poke|p1|Forretress, F
|poke|p2|Beedrill, M
|poke|p2|Blissey, F
|poke|p2|Celebi
|poke|p2|Espeon, M
|poke|p2|Crobat, M
|poke|p2|Porygon-Z
|rule|Swagger Clause: Swagger is banned
|rule|Baton Pass Clause: Limit one PokÃ©mon knowing Baton Pass
|teampreview
|
|start
|switch|p1a: Flygon|Flygon, M|301\/301
|switch|p2a: Espeon|Espeon, M|334\/334
|turn|1
|
|move|p1a: Flygon|U-turn|p2a: Espeon
|-supereffective|p2a: Espeon
|-damage|p2a: Espeon|108\/334
|
|switch|p1a: Vaporeon|Vaporeon, M|464\/464
|move|p2a: Espeon|Yawn|p1a: Vaporeon
|-start|p1a: Vaporeon|move: Yawn|[of] p2a: Espeon
|
|turn|2
|
|switch|p2a: Blissey|Blissey, F|714\/714
|move|p1a: Vaporeon|Baton Pass|p1a: Vaporeon
|
|switch|p1a: Beedrill|Beedrill, M|271\/271
|
|turn|3
|
|detailschange|p1a: Beedrill|Beedrill-Mega, M
|message|Beedrill has Mega Evolved into Mega Beedrill!
|move|p1a: Beedrill|U-turn|p2a: Blissey
|-damage|p2a: Blissey|358\/714
|
|switch|p1a: Infernape|Infernape, M|293\/293
|move|p2a: Blissey|Wish|p2a: Blissey
|
|-heal|p2a: Blissey|402\/714|[from] item: Leftovers
|turn|4
|
|switch|p2a: Crobat|Crobat, M|373\/373
|move|p1a: Infernape|Close Combat|p2a: Crobat
|-resisted|p2a: Crobat
|-damage|p2a: Crobat|305\/373
|-unboost|p1a: Infernape|def|1
|-unboost|p1a: Infernape|spd|1
|-damage|p1a: Infernape|264\/293|[from] item: Life Orb
|
|-heal|p2a: Crobat|373\/373|[from] move: Wish|[wisher] Blissey
|turn|5
|
|switch|p1a: Forretress|Forretress, F|354\/354
|move|p2a: Crobat|U-turn|p1a: Forretress
|-resisted|p1a: Forretress
|-damage|p1a: Forretress|338\/354
|-damage|p2a: Crobat|311\/373|[from] item: Rocky Helmet|[of] p1a: Forretress
|
|switch|p2a: Blissey|Blissey, F|402\/714
|
|-heal|p2a: Blissey|446\/714|[from] item: Leftovers
|turn|6
|
|move|p2a: Blissey|Wish|p2a: Blissey
|move|p1a: Forretress|Volt Switch|p2a: Blissey
|-damage|p2a: Blissey|415\/714
|
|switch|p1a: Beedrill|Beedrill-Mega, M|271\/271
|
|-heal|p2a: Blissey|459\/714|[from] item: Leftovers
|turn|7
|
|switch|p2a: Crobat|Crobat, M|311\/373
|move|p1a: Beedrill|U-turn|p2a: Crobat
|-resisted|p2a: Crobat
|-damage|p2a: Crobat|253\/373
|
|switch|p1a: Raikou|Raikou|321\/321
|-ability|p1a: Raikou|Pressure
|
|-heal|p2a: Crobat|373\/373|[from] move: Wish|[wisher] Blissey
|turn|8
|
|switch|p2a: Blissey|Blissey, F|459\/714
|move|p1a: Raikou|Volt Switch|p2a: Blissey
|-damage|p2a: Blissey|362\/714
|
|switch|p1a: Beedrill|Beedrill-Mega, M|271\/271
|
|-heal|p2a: Blissey|406\/714|[from] item: Leftovers
|turn|9
|
|move|p2a: Blissey|Protect|p2a: Blissey
|-singleturn|p2a: Blissey|Protect
|move|p1a: Beedrill|U-turn|p2a: Blissey
|-activate|p2a: Blissey|Protect
|
|-heal|p2a: Blissey|450\/714|[from] item: Leftovers
|turn|10
|
|move|p1a: Beedrill|U-turn|p2a: Blissey
|-damage|p2a: Blissey|128\/714
|
|switch|p1a: Forretress|Forretress, F|338\/354
|move|p2a: Blissey|Wish|p2a: Blissey
|
|-heal|p2a: Blissey|172\/714|[from] item: Leftovers
|turn|11
|
|move|p2a: Blissey|Seismic Toss|p1a: Forretress
|-damage|p1a: Forretress|238\/354
|-damage|p2a: Blissey|53\/714|[from] item: Rocky Helmet|[of] p1a: Forretress
|move|p1a: Forretress|Stealth Rock|p2a: Blissey
|-sidestart|p2: fliftytlwo|move: Stealth Rock
|
|-heal|p2a: Blissey|410\/714|[from] move: Wish|[wisher] Blissey
|-heal|p2a: Blissey|454\/714|[from] item: Leftovers
|turn|12
|
|move|p2a: Blissey|Wish|p2a: Blissey
|move|p1a: Forretress|Volt Switch|p2a: Blissey
|-damage|p2a: Blissey|428\/714
|
|switch|p1a: Infernape|Infernape, M|264\/293
|
|-heal|p2a: Blissey|472\/714|[from] item: Leftovers
|turn|13
|
|switch|p2a: Crobat|Crobat, M|373\/373
|-damage|p2a: Crobat|280\/373|[from] Stealth Rock
|move|p1a: Infernape|Overheat|p2a: Crobat
|-damage|p2a: Crobat|25\/373
|-unboost|p1a: Infernape|spa|2
|-damage|p1a: Infernape|235\/293|[from] item: Life Orb
|
|-heal|p2a: Crobat|373\/373|[from] move: Wish|[wisher] Blissey
|turn|14
|
|switch|p1a: Forretress|Forretress, F|238\/354
|move|p2a: Crobat|Defog|p1a: Forretress
|-unboost|p1a: Forretress|evasion|1
|-sideend|p2: fliftytlwo|Stealth Rock|[from] move: Defog|[of] p2a: Crobat
|
|turn|15
|
|move|p2a: Crobat|Super Fang|p1a: Forretress
|-damage|p1a: Forretress|119\/354
|-damage|p2a: Crobat|311\/373|[from] item: Rocky Helmet|[of] p1a: Forretress
|move|p1a: Forretress|Volt Switch|p2a: Crobat
|-supereffective|p2a: Crobat
|-damage|p2a: Crobat|229\/373
|
|switch|p1a: Vaporeon|Vaporeon, M|464\/464
|
|-heal|p2a: Crobat|252\/373|[from] item: Black Sludge
|turn|16
|
|move|p2a: Crobat|U-turn|p1a: Vaporeon
|-damage|p1a: Vaporeon|407\/464
|
|switch|p2a: Espeon|Espeon, M|108\/334
|move|p1a: Vaporeon|Wish|p1a: Vaporeon
|
|-heal|p1a: Vaporeon|436\/464|[from] item: Leftovers
|turn|17
|
|move|p2a: Espeon|Yawn|p1a: Vaporeon
|-start|p1a: Vaporeon|move: Yawn|[of] p2a: Espeon
|move|p1a: Vaporeon|Baton Pass|p1a: Vaporeon
|
|switch|p1a: Forretress|Forretress, F|119\/354
|
|-heal|p1a: Forretress|351\/354|[from] move: Wish|[wisher] Vaporeon
|turn|18
|
|move|p2a: Espeon|Reflect|p2a: Espeon
|-sidestart|p2: fliftytlwo|Reflect
|move|p1a: Forretress|Volt Switch|p2a: Espeon
|-damage|p2a: Espeon|73\/334
|
|switch|p1a: Beedrill|Beedrill-Mega, M|271\/271
|
|turn|19
|
|switch|p2a: Crobat|Crobat, M|252\/373
|move|p1a: Beedrill|U-turn|p2a: Crobat
|-resisted|p2a: Crobat
|-damage|p2a: Crobat|226\/373
|
|switch|p1a: Raikou|Raikou|321\/321
|-ability|p1a: Raikou|Pressure
|
|-heal|p2a: Crobat|249\/373|[from] item: Black Sludge
|turn|20
|
|move|p2a: Crobat|U-turn|p1a: Raikou
|-damage|p1a: Raikou|257\/321
|
|switch|p2a: Blissey|Blissey, F|472\/714
|move|p1a: Raikou|Volt Switch|p2a: Blissey
|-damage|p2a: Blissey|381\/714
|
|switch|p1a: Forretress|Forretress, F|351\/354
|
|-heal|p2a: Blissey|425\/714|[from] item: Leftovers
|turn|21
|
|move|p2a: Blissey|Wish|p2a: Blissey
|move|p1a: Forretress|Stealth Rock|p2a: Blissey
|-sidestart|p2: fliftytlwo|move: Stealth Rock
|
|-heal|p2a: Blissey|469\/714|[from] item: Leftovers
|turn|22
|
|switch|p2a: Espeon|Espeon, M|73\/334
|-damage|p2a: Espeon|32\/334|[from] Stealth Rock
|move|p1a: Forretress|Volt Switch|p2a: Espeon
|-damage|p2a: Espeon|0 fnt
|faint|p2a: Espeon
|
|switch|p1a: Raikou|Raikou|257\/321
|-ability|p1a: Raikou|Pressure
|
|
|switch|p2a: Porygon-Z|Porygon-Z|311\/311
|-damage|p2a: Porygon-Z|273\/311|[from] Stealth Rock
|turn|23
|
|move|p1a: Raikou|Volt Switch|p2a: Porygon-Z
|-damage|p2a: Porygon-Z|128\/311
|
|switch|p1a: Vaporeon|Vaporeon, M|436\/464
|move|p2a: Porygon-Z|Tri Attack|p1a: Vaporeon
|-damage|p1a: Vaporeon|116\/464
|
|-heal|p1a: Vaporeon|145\/464|[from] item: Leftovers
|turn|24
|
|move|p1a: Vaporeon|Protect|p1a: Vaporeon
|-singleturn|p1a: Vaporeon|Protect
|move|p2a: Porygon-Z|Tri Attack|p1a: Vaporeon
|-activate|p1a: Vaporeon|Protect
|
|-heal|p1a: Vaporeon|174\/464|[from] item: Leftovers
|turn|25
|
|move|p2a: Porygon-Z|Tri Attack|p1a: Vaporeon
|-damage|p1a: Vaporeon|0 fnt
|faint|p1a: Vaporeon
|
|-sideend|p2: fliftytlwo|Reflect
|
|switch|p1a: Beedrill|Beedrill-Mega, M|271\/271
|turn|26
|
|move|p1a: Beedrill|U-turn|p2a: Porygon-Z
|-damage|p2a: Porygon-Z|0 fnt
|faint|p2a: Porygon-Z
|
|switch|p1a: Raikou|Raikou|257\/321
|-ability|p1a: Raikou|Pressure
|
|
|switch|p2a: Beedrill|Beedrill, M|271\/271
|-damage|p2a: Beedrill|204\/271|[from] Stealth Rock
|turn|27
|
|detailschange|p2a: Beedrill|Beedrill-Mega, M
|message|Beedrill has Mega Evolved into Mega Beedrill!
|move|p2a: Beedrill|Protect|p2a: Beedrill
|-singleturn|p2a: Beedrill|Protect
|move|p1a: Raikou|Volt Switch|p2a: Beedrill
|-activate|p2a: Beedrill|Protect
|
|turn|28
|
|switch|p1a: Forretress|Forretress, F|351\/354
|move|p2a: Beedrill|Poison Jab|p1a: Forretress
|-immune|p1a: Forretress|[msg]
|
|turn|29
|
|move|p2a: Beedrill|U-turn|p1a: Forretress
|-resisted|p1a: Forretress
|-damage|p1a: Forretress|292\/354
|-damage|p2a: Beedrill|159\/271|[from] item: Rocky Helmet|[of] p1a: Forretress
|-message|fliftytlwo forfeited.
|
|win|teamtest239852
|raw|Ladder updating...
|leave|fliftytlwo
|player|p2
|raw|teamtest239852's rating: 1410 &rarr; <strong>1416<\/strong><br \/>(+6 for winning)
|raw|fliftytlwo's rating: 1127 &rarr; <strong>1119<\/strong><br \/>(-8 for losing)