|join|teamtest239852
|join|monk dopelgang
|player|p1|teamtest239852|259
|player|p2|monk dopelgang|126
|gametype|singles
|gen|6
|tier|UU
|rated
|rule|Sleep Clause Mod: Limit one foe put to sleep
|rule|Species Clause: Limit one of each PokÃ©mon
|rule|OHKO Clause: OHKO moves are banned
|rule|Moody Clause: Moody is banned
|rule|Evasion Moves Clause: Evasion moves are banned
|rule|Endless Battle Clause: Forcing endless battles is banned
|rule|HP Percentage Mod: HP is shown in percentages
|clearpoke
|poke|p1|Beedrill, F
|poke|p1|Flygon, M
|poke|p1|Raikou
|poke|p1|Infernape, F
|poke|p1|Vaporeon, M
|poke|p1|Forretress, F
|poke|p2|Spiritomb, F
|poke|p2|Nidoqueen, F
|poke|p2|Chesnaught, M
|poke|p2|Vaporeon, F
|poke|p2|Entei, shiny
|poke|p2|Starmie
|rule|Swagger Clause: Swagger is banned
|rule|Baton Pass Clause: Limit one PokÃ©mon knowing Baton Pass
|teampreview
|
|start
|switch|p1a: Beedrill|Beedrill, F|271\/271
|switch|p2a: Entei|Entei, shiny|371\/371
|-ability|p2a: Entei|Pressure
|turn|1
|
|detailschange|p1a: Beedrill|Beedrill-Mega, F
|message|Beedrill has Mega Evolved into Mega Beedrill!
|move|p1a: Beedrill|Protect|p1a: Beedrill
|-singleturn|p1a: Beedrill|Protect
|move|p2a: Entei|Sacred Fire|p1a: Beedrill
|-activate|p1a: Beedrill|Protect
|
|turn|2
|
|move|p2a: Entei|Extreme Speed|p1a: Beedrill
|-damage|p1a: Beedrill|90\/271
|move|p1a: Beedrill|U-turn|p2a: Entei
|-resisted|p2a: Entei
|-damage|p2a: Entei|263\/371
|
|switch|p1a: Vaporeon|Vaporeon, M|464\/464
|
|turn|3
|
|switch|p2a: Starmie|Starmie|261\/261
|move|p1a: Vaporeon|Wish|p1a: Vaporeon
|
|turn|4
|
|move|p2a: Starmie|Thunderbolt|p1a: Vaporeon
|-supereffective|p1a: Vaporeon
|-damage|p1a: Vaporeon|268\/464
|move|p1a: Vaporeon|Baton Pass|p1a: Vaporeon
|
|switch|p1a: Beedrill|Beedrill-Mega, F|90\/271
|
|-heal|p1a: Beedrill|271\/271|[from] move: Wish|[wisher] Vaporeon
|turn|5
|
|switch|p2a: Nidoqueen|Nidoqueen, F|351\/351
|move|p1a: Beedrill|U-turn|p2a: Nidoqueen
|-resisted|p2a: Nidoqueen
|-damage|p2a: Nidoqueen|238\/351
|
|switch|p1a: Infernape|Infernape, F|293\/293
|
|turn|6
|c|âmonk dopelgang|slow clap
|
|switch|p2a: Vaporeon|Vaporeon, F|451\/451
|move|p1a: Infernape|U-turn|p2a: Vaporeon
|-damage|p2a: Vaporeon|351\/451
|-damage|p1a: Infernape|264\/293|[from] item: Life Orb
|
|switch|p1a: Forretress|Forretress, F|354\/354
|
|-heal|p2a: Vaporeon|379\/451|[from] item: Leftovers
|turn|7
|
|switch|p2a: Starmie|Starmie|261\/261
|move|p1a: Forretress|Spikes|p2a: Starmie
|-sidestart|p2: monk dopelgang|Spikes
|
|turn|8
|
|move|p2a: Starmie|Trick|p1a: Forretress
|-activate|p2a: Starmie|move: Trick|[of] p1a: Forretress
|-item|p1a: Forretress|Choice Specs|[from] move: Trick
|-item|p2a: Starmie|Rocky Helmet|[from] move: Trick
|move|p1a: Forretress|Volt Switch|p2a: Starmie
|-supereffective|p2a: Starmie
|-damage|p2a: Starmie|131\/261
|
|switch|p1a: Beedrill|Beedrill-Mega, F|271\/271
|
|turn|9
|
|switch|p2a: Chesnaught|Chesnaught, M|380\/380
|-damage|p2a: Chesnaught|333\/380|[from] Spikes
|move|p1a: Beedrill|U-turn|p2a: Chesnaught
|-damage|p2a: Chesnaught|211\/380
|c|âteamtest239852|specs boosted volt switch
|
|switch|p1a: Infernape|Infernape, F|264\/293
|
|-heal|p2a: Chesnaught|234\/380|[from] item: Leftovers
|turn|10
|
|move|p2a: Chesnaught|Spiky Shield|p2a: Chesnaught
|-singleturn|p2a: Chesnaught|move: Protect
|move|p1a: Infernape|Overheat|p2a: Chesnaught
|-activate|p2a: Chesnaught|move: Protect
|
|-heal|p2a: Chesnaught|257\/380|[from] item: Leftovers
|turn|11
|
|move|p1a: Infernape|Overheat|p2a: Chesnaught
|-supereffective|p2a: Chesnaught
|-damage|p2a: Chesnaught|0 fnt
|-unboost|p1a: Infernape|spa|2
|-damage|p1a: Infernape|235\/293|[from] item: Life Orb
|faint|p2a: Chesnaught
|
|
|switch|p2a: Starmie|Starmie|131\/261
|-damage|p2a: Starmie|99\/261|[from] Spikes
|turn|12
|
|move|p2a: Starmie|Rapid Spin|p1a: Infernape
|-damage|p1a: Infernape|220\/293
|-sideend|p2: monk dopelgang|Spikes|[from] move: Rapid Spin|[of] p2a: Starmie
|move|p1a: Infernape|U-turn|p2a: Starmie
|-supereffective|p2a: Starmie
|-damage|p2a: Starmie|0 fnt
|-damage|p1a: Infernape|172\/293|[from] item: Rocky Helmet|[of] p2a: Starmie
|-damage|p1a: Infernape|143\/293|[from] item: Life Orb
|faint|p2a: Starmie
|c|âmonk dopelgang|gg
|
|switch|p1a: Vaporeon|Vaporeon, M|268\/464
|
|-heal|p1a: Vaporeon|297\/464|[from] item: Leftovers
|c|âmonk dopelgang|you already won
|c|âmonk dopelgang|but ill keep playing
|
|switch|p2a: Nidoqueen|Nidoqueen, F|238\/351
|turn|13
|
|move|p2a: Nidoqueen|Thunderbolt|p1a: Vaporeon
|-supereffective|p1a: Vaporeon
|-damage|p1a: Vaporeon|92\/464
|move|p1a: Vaporeon|Scald|p2a: Nidoqueen
|-supereffective|p2a: Nidoqueen
|-damage|p2a: Nidoqueen|8\/351
|
|-heal|p1a: Vaporeon|121\/464|[from] item: Leftovers
|turn|14
|c|âmonk dopelgang|is vaporeon fully invested in hp and sp.def?
|
|switch|p1a: Infernape|Infernape, F|143\/293
|move|p2a: Nidoqueen|Earth Power|p1a: Infernape
|-supereffective|p1a: Infernape
|-damage|p1a: Infernape|0 fnt
|faint|p1a: Infernape
|
|
|switch|p1a: Beedrill|Beedrill-Mega, F|271\/271
|turn|15
|
|move|p1a: Beedrill|Drill Run|p2a: Nidoqueen
|-supereffective|p2a: Nidoqueen
|-damage|p2a: Nidoqueen|0 fnt
|faint|p2a: Nidoqueen
|
|
|switch|p2a: Spiritomb|Spiritomb, F|303\/303
|turn|16
|c|âteamtest239852|yes
|c|âmonk dopelgang|thought so
|c|âmonk dopelgang|i ran a similar set for a while
|
|move|p1a: Beedrill|Protect|p1a: Beedrill
|-singleturn|p1a: Beedrill|Protect
|move|p2a: Spiritomb|Will-O-Wisp|p1a: Beedrill
|-activate|p1a: Beedrill|Protect
|
|turn|17
|
|move|p1a: Beedrill|U-turn|p2a: Spiritomb
|-crit|p2a: Spiritomb
|-damage|p2a: Spiritomb|63\/303
|
|switch|p1a: Forretress|Forretress, F|354\/354
|move|p2a: Spiritomb|Will-O-Wisp|p1a: Forretress
|-status|p1a: Forretress|brn
|
|-heal|p2a: Spiritomb|81\/303|[from] item: Leftovers
|-damage|p1a: Forretress|310\/354 brn|[from] brn
|turn|18
|c|âmonk dopelgang|crits unnecessary
|
|move|p2a: Spiritomb|Pain Split|p1a: Forretress
|-sethp|p1a: Forretress|195\/354 brn|p2a: Spiritomb|195\/303|[from] move: Pain Split
|move|p1a: Forretress|Stealth Rock|p2a: Spiritomb
|-sidestart|p2: monk dopelgang|move: Stealth Rock
|
|-heal|p2a: Spiritomb|213\/303|[from] item: Leftovers
|-damage|p1a: Forretress|151\/354 brn|[from] brn
|turn|19
|
|switch|p2a: Entei|Entei, shiny|263\/371
|-damage|p2a: Entei|171\/371|[from] Stealth Rock
|-ability|p2a: Entei|Pressure
|switch|p1a: Raikou|Raikou|321\/321
|-ability|p1a: Raikou|Pressure
|
|turn|20
|
|move|p1a: Raikou|Thunderbolt|p2a: Entei
|-damage|p2a: Entei|0 fnt
|faint|p2a: Entei
|
|c|âmonk dopelgang|specs?
|
|switch|p2a: Spiritomb|Spiritomb, F|213\/303
|-damage|p2a: Spiritomb|176\/303|[from] Stealth Rock
|turn|21
|c|âteamtest239852|yup
|
|move|p1a: Raikou|Thunderbolt|p2a: Spiritomb
|-damage|p2a: Spiritomb|10\/303
|-status|p2a: Spiritomb|par
|cant|p2a: Spiritomb|par
|
|-heal|p2a: Spiritomb|28\/303 par|[from] item: Leftovers
|turn|22
|c|âmonk dopelgang|really?
|
|move|p2a: Spiritomb|Sucker Punch|p1a: Raikou
|-damage|p1a: Raikou|207\/321
|move|p1a: Raikou|Thunderbolt|p2a: Spiritomb
|-damage|p2a: Spiritomb|0 fnt
|faint|p2a: Spiritomb
|
|c|âmonk dopelgang|this happens all the time
|
|switch|p2a: Vaporeon|Vaporeon, F|379\/451
|-damage|p2a: Vaporeon|323\/451|[from] Stealth Rock
|turn|23
|
|move|p1a: Raikou|Thunderbolt|p2a: Vaporeon
|-supereffective|p2a: Vaporeon
|-damage|p2a: Vaporeon|0 fnt
|faint|p2a: Vaporeon
|
|win|teamtest239852
|raw|Ladder updating...
|c|âteamtest239852|gg
|raw|teamtest239852's rating: 1386 &rarr; <strong>1400<\/strong><br \/>(+14 for winning)
|raw|monk dopelgang's rating: 1270 &rarr; <strong>1253<\/strong><br \/>(-17 for losing)
|c|âmonk dopelgang|gg