|join|teamtest239852
|join|shalnarkr
|player|p1|teamtest239852|7
|player|p2|shalnarkr|268
|gametype|singles
|gen|6
|tier|UU
|rated
|rule|Sleep Clause Mod: Limit one foe put to sleep
|rule|Species Clause: Limit one of each PokÃ©mon
|rule|OHKO Clause: OHKO moves are banned
|rule|Moody Clause: Moody is banned
|rule|Evasion Moves Clause: Evasion moves are banned
|rule|Endless Battle Clause: Forcing endless battles is banned
|rule|HP Percentage Mod: HP is shown in percentages
|clearpoke
|poke|p1|Beedrill, F
|poke|p1|Arcanine, M
|poke|p1|Hydreigon, M
|poke|p1|Milotic, M
|poke|p1|Hitmontop, M
|poke|p1|Roserade, F
|poke|p2|Hippowdon, M
|poke|p2|Stoutland, M
|poke|p2|Jirachi
|poke|p2|Goodra, F
|poke|p2|Pidgeot, M
|poke|p2|Celebi
|rule|Swagger Clause: Swagger is banned
|rule|Baton Pass Clause: Limit one PokÃ©mon knowing Baton Pass
|teampreview
|
|start
|switch|p1a: Milotic|Milotic, M|394\/394
|switch|p2a: Hippowdon|Hippowdon, M|420\/420
|-weather|Sandstorm
|turn|1
|
|move|p1a: Milotic|Scald|p2a: Hippowdon
|-supereffective|p2a: Hippowdon
|-damage|p2a: Hippowdon|174\/420
|move|p2a: Hippowdon|Stealth Rock|p1a: Milotic
|-sidestart|p1: teamtest239852|move: Stealth Rock
|
|-weather|Sandstorm|[upkeep]
|-damage|p1a: Milotic|370\/394|[from] sandstorm
|-heal|p1a: Milotic|394\/394|[from] item: Leftovers
|turn|2
|
|switch|p2a: Celebi|Celebi|342\/342
|move|p1a: Milotic|Ice Beam|p2a: Celebi
|-supereffective|p2a: Celebi
|-damage|p2a: Celebi|204\/342
|
|-weather|Sandstorm|[upkeep]
|-damage|p2a: Celebi|183\/342|[from] sandstorm
|-damage|p1a: Milotic|370\/394|[from] sandstorm
|-heal|p1a: Milotic|394\/394|[from] item: Leftovers
|turn|3
|
|move|p2a: Celebi|Giga Drain|p1a: Milotic
|-supereffective|p1a: Milotic
|-damage|p1a: Milotic|212\/394
|-heal|p2a: Celebi|274\/342|[from] drain|[of] p1a: Milotic
|-damage|p2a: Celebi|240\/342|[from] item: Life Orb
|move|p1a: Milotic|Ice Beam|p2a: Celebi
|-supereffective|p2a: Celebi
|-damage|p2a: Celebi|104\/342
|
|-weather|Sandstorm|[upkeep]
|-damage|p2a: Celebi|83\/342|[from] sandstorm
|-damage|p1a: Milotic|188\/394|[from] sandstorm
|-heal|p1a: Milotic|212\/394|[from] item: Leftovers
|turn|4
|
|move|p2a: Celebi|Giga Drain|p1a: Milotic
|-supereffective|p1a: Milotic
|-damage|p1a: Milotic|38\/394
|-heal|p2a: Celebi|170\/342|[from] drain|[of] p1a: Milotic
|-damage|p2a: Celebi|136\/342|[from] item: Life Orb
|move|p1a: Milotic|Recover|p1a: Milotic
|-heal|p1a: Milotic|235\/394
|
|-weather|Sandstorm|[upkeep]
|-damage|p2a: Celebi|115\/342|[from] sandstorm
|-damage|p1a: Milotic|211\/394|[from] sandstorm
|-heal|p1a: Milotic|235\/394|[from] item: Leftovers
|turn|5
|
|switch|p2a: Stoutland|Stoutland, M|315\/315
|move|p1a: Milotic|Recover|p1a: Milotic
|-heal|p1a: Milotic|394\/394
|
|-weather|Sandstorm|[upkeep]
|-damage|p1a: Milotic|370\/394|[from] sandstorm
|-heal|p1a: Milotic|394\/394|[from] item: Leftovers
|turn|6
|
|switch|p1a: Hitmontop|Hitmontop, M|304\/304
|-damage|p1a: Hitmontop|285\/304|[from] Stealth Rock
|-ability|p1a: Hitmontop|Intimidate|[of] p2a: Stoutland
|-unboost|p2a: Stoutland|atk|1
|move|p2a: Stoutland|Frustration|p1a: Hitmontop
|-damage|p1a: Hitmontop|99\/304
|
|-weather|Sandstorm|[upkeep]
|-damage|p1a: Hitmontop|80\/304|[from] sandstorm
|turn|7
|
|move|p1a: Hitmontop|Fake Out|p2a: Stoutland
|-damage|p2a: Stoutland|266\/315
|cant|p2a: Stoutland|flinch
|
|-weather|Sandstorm|[upkeep]
|-damage|p1a: Hitmontop|61\/304|[from] sandstorm
|turn|8
|
|move|p1a: Hitmontop|Mach Punch|p2a: Stoutland
|-supereffective|p2a: Stoutland
|-damage|p2a: Stoutland|122\/315
|move|p2a: Stoutland|Frustration|p1a: Hitmontop
|-damage|p1a: Hitmontop|0 fnt
|faint|p1a: Hitmontop
|
|-weather|none
|
|switch|p1a: Beedrill|Beedrill, F|271\/271
|-damage|p1a: Beedrill|204\/271|[from] Stealth Rock
|turn|9
|
|switch|p2a: Hippowdon|Hippowdon, M|174\/420
|-weather|Sandstorm
|detailschange|p1a: Beedrill|Beedrill-Mega, F
|message|Beedrill has Mega Evolved into Mega Beedrill!
|move|p1a: Beedrill|U-turn|p2a: Hippowdon
|-damage|p2a: Hippowdon|58\/420
|
|switch|p1a: Milotic|Milotic, M|394\/394
|-damage|p1a: Milotic|345\/394|[from] Stealth Rock
|
|-weather|Sandstorm|[upkeep]
|-damage|p1a: Milotic|321\/394|[from] sandstorm
|-heal|p1a: Milotic|345\/394|[from] item: Leftovers
|turn|10
|
|switch|p2a: Jirachi|Jirachi|342\/342
|move|p1a: Milotic|Scald|p2a: Jirachi
|-damage|p2a: Jirachi|252\/342
|
|-weather|Sandstorm|[upkeep]
|-damage|p1a: Milotic|321\/394|[from] sandstorm
|-heal|p1a: Milotic|345\/394|[from] item: Leftovers
|turn|11
|
|move|p2a: Jirachi|Trick|p1a: Milotic
|-activate|p2a: Jirachi|move: Trick|[of] p1a: Milotic
|-item|p1a: Milotic|Choice Scarf|[from] move: Trick
|-item|p2a: Jirachi|Leftovers|[from] move: Trick
|move|p1a: Milotic|Scald|p2a: Jirachi
|-damage|p2a: Jirachi|165\/342
|
|-weather|Sandstorm|[upkeep]
|-damage|p1a: Milotic|321\/394|[from] sandstorm
|-heal|p2a: Jirachi|186\/342|[from] item: Leftovers
|turn|12
|
|move|p2a: Jirachi|U-turn|p1a: Milotic
|-damage|p1a: Milotic|241\/394
|
|switch|p2a: Celebi|Celebi|115\/342
|move|p1a: Milotic|Scald|p2a: Celebi
|-resisted|p2a: Celebi
|-damage|p2a: Celebi|64\/342
|-status|p2a: Celebi|brn
|
|-weather|Sandstorm|[upkeep]
|-damage|p2a: Celebi|43\/342 brn|[from] sandstorm
|-damage|p1a: Milotic|217\/394|[from] sandstorm
|-damage|p2a: Celebi|1\/342 brn|[from] brn
|turn|13
|
|switch|p1a: Hydreigon|Hydreigon, M|325\/325
|-damage|p1a: Hydreigon|285\/325|[from] Stealth Rock
|move|p2a: Celebi|Giga Drain|p1a: Hydreigon
|-resisted|p1a: Hydreigon
|-damage|p1a: Hydreigon|207\/325
|-heal|p2a: Celebi|40\/342 brn|[from] drain|[of] p1a: Hydreigon
|-damage|p2a: Celebi|6\/342 brn|[from] item: Life Orb
|
|-weather|Sandstorm|[upkeep]
|-damage|p2a: Celebi|0 fnt|[from] sandstorm
|-damage|p1a: Hydreigon|187\/325|[from] sandstorm
|faint|p2a: Celebi
|
|switch|p2a: Stoutland|Stoutland, M|122\/315
|turn|14
|
|switch|p1a: Milotic|Milotic, M|217\/394
|-damage|p1a: Milotic|168\/394|[from] Stealth Rock
|move|p2a: Stoutland|Frustration|p1a: Milotic
|-damage|p1a: Milotic|0 fnt
|faint|p1a: Milotic
|
|-weather|Sandstorm|[upkeep]
|
|switch|p1a: Arcanine|Arcanine, M|384\/384
|-damage|p1a: Arcanine|288\/384|[from] Stealth Rock
|-ability|p1a: Arcanine|Intimidate|[of] p2a: Stoutland
|-unboost|p2a: Stoutland|atk|1
|turn|15
|
|switch|p2a: Jirachi|Jirachi|186\/342
|move|p1a: Arcanine|Will-O-Wisp|p2a: Jirachi
|-status|p2a: Jirachi|brn
|
|-weather|Sandstorm|[upkeep]
|-damage|p1a: Arcanine|264\/384|[from] sandstorm
|-heal|p2a: Jirachi|207\/342 brn|[from] item: Leftovers
|-damage|p2a: Jirachi|165\/342 brn|[from] brn
|turn|16
|
|move|p2a: Jirachi|Zen Headbutt|p1a: Arcanine
|-damage|p1a: Arcanine|213\/384
|-damage|p2a: Jirachi|108\/342 brn|[from] item: Rocky Helmet|[of] p1a: Arcanine
|cant|p1a: Arcanine|flinch
|
|-weather|none
|-heal|p2a: Jirachi|129\/342 brn|[from] item: Leftovers
|-damage|p2a: Jirachi|87\/342 brn|[from] brn
|turn|17
|
|switch|p2a: Hippowdon|Hippowdon, M|58\/420
|-weather|Sandstorm
|move|p1a: Arcanine|Morning Sun|p1a: Arcanine
|-heal|p1a: Arcanine|309\/384
|
|-weather|Sandstorm|[upkeep]
|-damage|p1a: Arcanine|285\/384|[from] sandstorm
|turn|18
|
|switch|p2a: Jirachi|Jirachi|87\/342 brn
|move|p1a: Arcanine|Flare Blitz|p2a: Jirachi
|-supereffective|p2a: Jirachi
|-damage|p2a: Jirachi|0 fnt
|-damage|p1a: Arcanine|256\/384|[from] recoil|[of] p2a: Jirachi
|faint|p2a: Jirachi
|
|-weather|Sandstorm|[upkeep]
|-damage|p1a: Arcanine|232\/384|[from] sandstorm
|
|switch|p2a: Pidgeot|Pidgeot, M|308\/308
|turn|19
|
|switch|p1a: Hydreigon|Hydreigon, M|187\/325
|-damage|p1a: Hydreigon|147\/325|[from] Stealth Rock
|detailschange|p2a: Pidgeot|Pidgeot-Mega, M
|message|Pidgeot has Mega Evolved into Mega Pidgeot!
|move|p2a: Pidgeot|Hurricane|p1a: Hydreigon
|-damage|p1a: Hydreigon|0 fnt
|faint|p1a: Hydreigon
|
|-weather|Sandstorm|[upkeep]
|-damage|p2a: Pidgeot|289\/308|[from] sandstorm
|
|switch|p1a: Roserade|Roserade, F|262\/262
|-damage|p1a: Roserade|230\/262|[from] Stealth Rock
|turn|20
|
|move|p1a: Roserade|Sludge Bomb|p2a: Pidgeot
|-damage|p2a: Pidgeot|93\/308
|-status|p2a: Pidgeot|psn
|move|p2a: Pidgeot|Hurricane|p1a: Roserade
|-supereffective|p1a: Roserade
|-damage|p1a: Roserade|0 fnt
|faint|p1a: Roserade
|
|-weather|Sandstorm|[upkeep]
|-damage|p2a: Pidgeot|74\/308 psn|[from] sandstorm
|-damage|p2a: Pidgeot|36\/308 psn|[from] psn
|
|switch|p1a: Beedrill|Beedrill-Mega, F|204\/271
|-damage|p1a: Beedrill|137\/271|[from] Stealth Rock
|turn|21
|
|move|p1a: Beedrill|Poison Jab|p2a: Pidgeot
|-damage|p2a: Pidgeot|0 fnt
|faint|p2a: Pidgeot
|
|-weather|Sandstorm|[upkeep]
|-damage|p1a: Beedrill|121\/271|[from] sandstorm
|
|switch|p2a: Stoutland|Stoutland, M|122\/315
|turn|22
|
|move|p2a: Stoutland|Frustration|p1a: Beedrill
|-damage|p1a: Beedrill|0 fnt
|faint|p1a: Beedrill
|
|-weather|Sandstorm|[upkeep]
|
|switch|p1a: Arcanine|Arcanine, M|232\/384
|-damage|p1a: Arcanine|136\/384|[from] Stealth Rock
|-ability|p1a: Arcanine|Intimidate|[of] p2a: Stoutland
|-unboost|p2a: Stoutland|atk|1
|turn|23
|
|move|p2a: Stoutland|Frustration|p1a: Arcanine
|-damage|p1a: Arcanine|0 fnt
|-damage|p2a: Stoutland|70\/315|[from] item: Rocky Helmet|[of] p1a: Arcanine
|faint|p1a: Arcanine
|
|win|shalnarkr
|raw|Ladder updating...
|c|âteamtest239852|gg
|c|âshalnarkr|Gg