|join|J1NGLB3RG4
|join|teamtest239852
|player|p1|J1NGLB3RG4|170
|player|p2|teamtest239852|15
|gametype|singles
|gen|6
|tier|UU
|rated
|rule|Sleep Clause Mod: Limit one foe put to sleep
|rule|Species Clause: Limit one of each PokÃ©mon
|rule|OHKO Clause: OHKO moves are banned
|rule|Moody Clause: Moody is banned
|rule|Evasion Moves Clause: Evasion moves are banned
|rule|Endless Battle Clause: Forcing endless battles is banned
|rule|HP Percentage Mod: HP is shown in percentages
|clearpoke
|poke|p1|Noivern, F
|poke|p1|Toxicroak, M
|poke|p1|Meloetta
|poke|p1|Absol, F
|poke|p1|Haxorus, F
|poke|p1|Corphish, F
|poke|p2|Slowking, F
|poke|p2|Amoonguss, F
|poke|p2|Florges, F
|poke|p2|Absol, F
|poke|p2|Crobat, M
|poke|p2|Flygon, F
|rule|Swagger Clause: Swagger is banned
|rule|Baton Pass Clause: Limit one PokÃ©mon knowing Baton Pass
|teampreview
|
|start
|switch|p1a: Haxorus|Haxorus, F|293\/293
|switch|p2a: Florges|Florges, F|360\/360
|-ability|p1a: Haxorus|Mold Breaker
|turn|1
|
|move|p1a: Haxorus|Poison Jab|p2a: Florges
|-supereffective|p2a: Florges
|-damage|p2a: Florges|24\/360
|move|p2a: Florges|Moonblast|p1a: Haxorus
|-supereffective|p1a: Haxorus
|-damage|p1a: Haxorus|0 fnt
|faint|p1a: Haxorus
|
|-heal|p2a: Florges|46\/360|[from] item: Leftovers
|
|switch|p1a: Danika|Absol, F|271\/271
|turn|2
|
|detailschange|p1a: Danika|Absol-Mega, F
|-mega|p1a: Danika|Absol|Absolite
|move|p1a: Danika|Knock Off|p2a: Florges
|-resisted|p2a: Florges
|-damage|p2a: Florges|0 fnt
|-enditem|p2a: Florges|Leftovers|[from] move: Knock Off|[of] p1a: Danika
|faint|p2a: Florges
|
|
|switch|p2a: Flygon|Flygon, F|301\/301
|turn|3
|
|move|p2a: Flygon|U-turn|p1a: Danika
|-supereffective|p1a: Danika
|-damage|p1a: Danika|65\/271
|
|switch|p2a: Absol|Absol, F|271\/271
|move|p1a: Danika|Will-O-Wisp|p2a: Absol
|-status|p2a: Absol|brn
|
|-damage|p2a: Absol|238\/271 brn|[from] brn
|turn|4
|
|detailschange|p2a: Absol|Absol-Mega, F
|-mega|p2a: Absol|Absol|Absolite
|move|p1a: Danika|Baton Pass|p1a: Danika
|
|switch|p1a: Zed|Toxicroak, M|336\/336
|move|p2a: Absol|Knock Off|p1a: Zed
|-crit|p1a: Zed
|-resisted|p1a: Zed
|-damage|p1a: Zed|237\/336
|-enditem|p1a: Zed|Focus Sash|[from] move: Knock Off|[of] p2a: Absol
|
|-damage|p2a: Absol|205\/271 brn|[from] brn
|turn|5
|
|switch|p2a: Crobat|Crobat, M|373\/373
|move|p1a: Zed|Drain Punch|p2a: Crobat
|-resisted|p2a: Crobat
|-damage|p2a: Crobat|334\/373
|-heal|p1a: Zed|257\/336|[from] drain|[of] p2a: Crobat
|
|-heal|p2a: Crobat|357\/373|[from] item: Black Sludge
|turn|6
|
|switch|p1a: Russia|Corphish, F|227\/227
|move|p2a: Crobat|Brave Bird|p1a: Russia
|-damage|p1a: Russia|97\/227
|-damage|p2a: Crobat|314\/373|[from] recoil|[of] p1a: Russia
|
|-heal|p2a: Crobat|337\/373|[from] item: Black Sludge
|turn|7
|
|move|p1a: Russia|Aqua Jet|p2a: Crobat
|-crit|p2a: Crobat
|-damage|p2a: Crobat|189\/373
|move|p2a: Crobat|Brave Bird|p1a: Russia
|-damage|p1a: Russia|0 fnt
|-damage|p2a: Crobat|157\/373|[from] recoil|[of] p1a: Russia
|faint|p1a: Russia
|
|-heal|p2a: Crobat|180\/373|[from] item: Black Sludge
|
|switch|p1a: Radio|Noivern, F|311\/311
|turn|8
|
|switch|p2a: Slowking|Slowking, F|393\/393
|move|p1a: Radio|Draco Meteor|p2a: Slowking
|-damage|p2a: Slowking|257\/393
|-unboost|p1a: Radio|spa|2
|-damage|p1a: Radio|280\/311|[from] item: Life Orb
|
|turn|9
|
|move|p1a: Radio|U-turn|p2a: Slowking
|-supereffective|p2a: Slowking
|-damage|p2a: Slowking|124\/393
|-damage|p1a: Radio|249\/311|[from] item: Life Orb
|
|switch|p1a: Noisia|Meloetta|380\/380
|move|p2a: Slowking|Ice Beam|p1a: Noisia
|-damage|p1a: Noisia|334\/380
|
|turn|10
|
|switch|p2a: Absol|Absol-Mega, F|205\/271 brn
|move|p1a: Noisia|Shadow Ball|p2a: Absol
|-resisted|p2a: Absol
|-damage|p2a: Absol|125\/271 brn
|-unboost|p2a: Absol|spd|1
|
|-damage|p2a: Absol|92\/271 brn|[from] brn
|turn|11
|
|switch|p2a: Crobat|Crobat, M|180\/373
|switch|p1a: Zed|Toxicroak, M|257\/336
|
|-heal|p2a: Crobat|203\/373|[from] item: Black Sludge
|turn|12
|leave|J1NGLB3RG4
|player|p1
|-message|j1nglb3rg4 lost due to inactivity.
|
|win|teamtest239852
|raw|Ladder updating...
|raw|J1NGLB3RG4's rating: 1369 &rarr; <strong>1352<\/strong><br \/>(-17 for losing)
|raw|teamtest239852's rating: 1423 &rarr; <strong>1440<\/strong><br \/>(+17 for winning)