|join|teamtest239852
|join|N3RDN4D3
|player|p1|teamtest239852|42
|player|p2|N3RDN4D3|213
|gametype|singles
|gen|6
|tier|UU
|rated
|rule|Sleep Clause Mod: Limit one foe put to sleep
|rule|Species Clause: Limit one of each PokÃ©mon
|rule|OHKO Clause: OHKO moves are banned
|rule|Moody Clause: Moody is banned
|rule|Evasion Moves Clause: Evasion moves are banned
|rule|Endless Battle Clause: Forcing endless battles is banned
|rule|HP Percentage Mod: HP is shown in percentages
|clearpoke
|poke|p1|Sceptile, M, shiny
|poke|p1|Blissey, F
|poke|p1|Entei, shiny
|poke|p1|Forretress, M, shiny
|poke|p1|Galvantula, F
|poke|p1|Machamp, M
|poke|p2|Chesnaught, F
|poke|p2|Galvantula, M
|poke|p2|Raikou
|poke|p2|Forretress, M
|poke|p2|Mienshao, F
|poke|p2|Pidgeot, F
|rule|Swagger Clause: Swagger is banned
|rule|Baton Pass Clause: Limit one PokÃ©mon knowing Baton Pass
|teampreview
|
|start
|switch|p1a: Galvantula|Galvantula, F|281\/281
|switch|p2a: Galvantula|Galvantula, M|281\/281
|turn|1
|
|move|p1a: Galvantula|Sticky Web|p2a: Galvantula
|-sidestart|p2: N3RDN4D3|move: Sticky Web
|move|p2a: Galvantula|Sticky Web|p1a: Galvantula
|-sidestart|p1: teamtest239852|move: Sticky Web
|
|turn|2
|
|switch|p1a: Blissey|Blissey, F|714\/714
|-activate|p1a: Blissey|move: Sticky Web
|-unboost|p1a: Blissey|spe|1
|move|p2a: Galvantula|Volt Switch|p1a: Blissey
|-damage|p1a: Blissey|635\/714
|
|switch|p2a: Chesnaught|Chesnaught, F|320\/320
|-activate|p2a: Chesnaught|move: Sticky Web
|-unboost|p2a: Chesnaught|spe|1
|
|-heal|p1a: Blissey|679\/714|[from] item: Leftovers
|turn|3
|
|move|p2a: Chesnaught|Substitute|p2a: Chesnaught
|-start|p2a: Chesnaught|Substitute
|-damage|p2a: Chesnaught|240\/320
|move|p1a: Blissey|Toxic|p2a: Chesnaught
|
|-heal|p1a: Blissey|714\/714|[from] item: Leftovers
|turn|4
|
|switch|p1a: Forretress|Forretress, M, shiny|354\/354
|-activate|p1a: Forretress|move: Sticky Web
|-unboost|p1a: Forretress|spe|1
|move|p2a: Chesnaught|Belly Drum|p2a: Chesnaught
|-damage|p2a: Chesnaught|80\/320
|-setboost|p2a: Chesnaught|atk|6|[from] move: Belly Drum
|-enditem|p2a: Chesnaught|Salac Berry|[eat]
|-boost|p2a: Chesnaught|spe|1|[from] item: Salac Berry
|
|turn|5
|
|move|p2a: Chesnaught|Drain Punch|p1a: Forretress
|-damage|p1a: Forretress|75\/354
|-heal|p2a: Chesnaught|220\/320|[from] drain|[of] p1a: Forretress
|-damage|p2a: Chesnaught|167\/320|[from] item: Rocky Helmet|[of] p1a: Forretress
|move|p1a: Forretress|Explosion|p2a: Chesnaught
|-end|p2a: Chesnaught|Substitute
|faint|p1a: Forretress
|
|
|switch|p1a: Galvantula|Galvantula, F|281\/281
|-activate|p1a: Galvantula|move: Sticky Web
|-unboost|p1a: Galvantula|spe|1
|turn|6
|
|move|p2a: Chesnaught|Drain Punch|p1a: Galvantula
|-resisted|p1a: Galvantula
|-enditem|p1a: Galvantula|Focus Sash
|-damage|p1a: Galvantula|1\/281
|-heal|p2a: Chesnaught|307\/320|[from] drain|[of] p1a: Galvantula
|move|p1a: Galvantula|Thunder Wave|p2a: Chesnaught
|-status|p2a: Chesnaught|par
|
|turn|7
|
|move|p1a: Galvantula|Bug Buzz|p2a: Chesnaught
|-damage|p2a: Chesnaught|40\/320 par
|move|p2a: Chesnaught|Substitute|p2a: Chesnaught
|-fail|p2a: Chesnaught|move: Substitute|[weak]
|
|turn|8
|
|move|p1a: Galvantula|Bug Buzz|p2a: Chesnaught
|-damage|p2a: Chesnaught|0 fnt
|faint|p2a: Chesnaught
|
|
|switch|p2a: Forretress|Forretress, M|354\/354
|-activate|p2a: Forretress|move: Sticky Web
|-unboost|p2a: Forretress|spe|1
|turn|9
|
|switch|p1a: Entei|Entei, shiny|372\/372
|-activate|p1a: Entei|move: Sticky Web
|-unboost|p1a: Entei|spe|1
|-ability|p1a: Entei|Pressure
|move|p2a: Forretress|Rapid Spin|p1a: Entei
|-damage|p1a: Entei|354\/372
|-sideend|p2: N3RDN4D3|Sticky Web|[from] move: Rapid Spin|[of] p2a: Forretress
|
|turn|10
|
|move|p1a: Entei|Sacred Fire|p2a: Forretress
|-supereffective|p2a: Forretress
|-activate|p2a: Forretress|Sturdy
|-damage|p2a: Forretress|1\/354
|-status|p2a: Forretress|brn
|move|p2a: Forretress|Stealth Rock|p1a: Entei
|-sidestart|p1: teamtest239852|move: Stealth Rock
|
|-heal|p2a: Forretress|23\/354 brn|[from] item: Leftovers
|-damage|p2a: Forretress|0 fnt|[from] brn
|faint|p2a: Forretress
|
|switch|p2a: Mienshao|Mienshao, F|271\/271
|turn|11
|
|move|p2a: Mienshao|Fake Out|p1a: Entei
|-damage|p1a: Entei|285\/372
|-damage|p2a: Mienshao|244\/271|[from] item: Life Orb
|cant|p1a: Entei|flinch
|
|turn|12
|
|move|p1a: Entei|Extreme Speed|p2a: Mienshao
|-damage|p2a: Mienshao|111\/271
|move|p2a: Mienshao|High Jump Kick|p1a: Entei
|-damage|p1a: Entei|0 fnt
|-damage|p2a: Mienshao|84\/271|[from] item: Life Orb
|faint|p1a: Entei
|
|
|switch|p1a: Machamp|Machamp, M|384\/384
|-damage|p1a: Machamp|360\/384|[from] Stealth Rock
|-activate|p1a: Machamp|move: Sticky Web
|-unboost|p1a: Machamp|spe|1
|turn|13
|
|switch|p2a: Galvantula|Galvantula, M|281\/281
|move|p1a: Machamp|Dynamic Punch|p2a: Galvantula
|-resisted|p2a: Galvantula
|-damage|p2a: Galvantula|121\/281
|-start|p2a: Galvantula|confusion
|
|turn|14
|
|switch|p1a: Blissey|Blissey, F|714\/714
|-damage|p1a: Blissey|625\/714|[from] Stealth Rock
|-activate|p1a: Blissey|move: Sticky Web
|-unboost|p1a: Blissey|spe|1
|-activate|p2a: Galvantula|confusion
|-damage|p2a: Galvantula|89\/281|[from] confusion
|
|-heal|p1a: Blissey|669\/714|[from] item: Leftovers
|turn|15
|
|-activate|p2a: Galvantula|confusion
|-damage|p2a: Galvantula|53\/281|[from] confusion
|move|p1a: Blissey|Toxic|p2a: Galvantula
|-status|p2a: Galvantula|tox
|
|-heal|p1a: Blissey|713\/714|[from] item: Leftovers
|-damage|p2a: Galvantula|36\/281 tox|[from] psn
|turn|16
|
|-activate|p2a: Galvantula|confusion
|-damage|p2a: Galvantula|3\/281 tox|[from] confusion
|move|p1a: Blissey|Wish|p1a: Blissey
|
|-heal|p1a: Blissey|714\/714|[from] item: Leftovers
|-damage|p2a: Galvantula|0 fnt|[from] psn
|faint|p2a: Galvantula
|
|switch|p2a: Mienshao|Mienshao, F|174\/271
|turn|17
|
|switch|p1a: Machamp|Machamp, M|360\/384
|-damage|p1a: Machamp|336\/384|[from] Stealth Rock
|-activate|p1a: Machamp|move: Sticky Web
|-unboost|p1a: Machamp|spe|1
|move|p2a: Mienshao|Fake Out|p1a: Machamp
|-damage|p1a: Machamp|270\/384
|-damage|p2a: Mienshao|147\/271|[from] item: Life Orb
|
|-heal|p1a: Machamp|384\/384|[from] move: Wish|[wisher] Blissey
|turn|18
|
|move|p2a: Mienshao|U-turn|p1a: Machamp
|-resisted|p1a: Machamp
|-damage|p1a: Machamp|316\/384
|-damage|p2a: Mienshao|120\/271|[from] item: Life Orb
|
|switch|p2a: Raikou|Raikou|321\/321
|-ability|p2a: Raikou|Pressure
|move|p1a: Machamp|Dynamic Punch|p2a: Raikou
|-damage|p2a: Raikou|87\/321
|-start|p2a: Raikou|confusion
|
|turn|19
|
|-activate|p2a: Raikou|confusion
|move|p2a: Raikou|Extrasensory|p1a: Machamp
|-supereffective|p1a: Machamp
|-damage|p1a: Machamp|114\/384
|-enditem|p1a: Machamp|Sitrus Berry|[eat]
|-heal|p1a: Machamp|210\/384|[from] item: Sitrus Berry
|move|p1a: Machamp|Dynamic Punch|p2a: Raikou
|-damage|p2a: Raikou|0 fnt
|faint|p2a: Raikou
|
|
|switch|p2a: Pidgeot|Pidgeot, F|307\/307
|turn|20
|
|switch|p1a: Blissey|Blissey, F|714\/714
|-damage|p1a: Blissey|625\/714|[from] Stealth Rock
|-activate|p1a: Blissey|move: Sticky Web
|-unboost|p1a: Blissey|spe|1
|detailschange|p2a: Pidgeot|Pidgeot-Mega, F
|-mega|p2a: Pidgeot|Pidgeot|Pidgeotite
|move|p2a: Pidgeot|U-turn|p1a: Blissey
|-damage|p1a: Blissey|552\/714
|
|switch|p2a: Mienshao|Mienshao, F|210\/271
|
|-heal|p1a: Blissey|596\/714|[from] item: Leftovers
|turn|21
|
|move|p1a: Blissey|Protect|p1a: Blissey
|-singleturn|p1a: Blissey|Protect
|move|p2a: Mienshao|High Jump Kick|p1a: Blissey
|-activate|p1a: Blissey|Protect
|-damage|p2a: Mienshao|75\/271|[from] highjumpkick
|
|-heal|p1a: Blissey|640\/714|[from] item: Leftovers
|turn|22
|
|move|p1a: Blissey|Protect|p1a: Blissey
|-fail|p1a: Blissey
|move|p2a: Mienshao|High Jump Kick|p1a: Blissey
|-supereffective|p1a: Blissey
|-damage|p1a: Blissey|0 fnt
|-damage|p2a: Mienshao|48\/271|[from] item: Life Orb
|faint|p1a: Blissey
|
|
|switch|p1a: Machamp|Machamp, M|210\/384
|-activate|p1a: Machamp|move: Sticky Web
|-unboost|p1a: Machamp|spe|1
|-damage|p1a: Machamp|186\/384|[from] Stealth Rock
|turn|23
|
|move|p2a: Mienshao|High Jump Kick|p1a: Machamp
|-crit|p1a: Machamp
|-damage|p1a: Machamp|0 fnt
|-damage|p2a: Mienshao|21\/271|[from] item: Life Orb
|faint|p1a: Machamp
|
|
|switch|p1a: Sceptile|Sceptile, M, shiny|282\/282
|-damage|p1a: Sceptile|247\/282|[from] Stealth Rock
|-activate|p1a: Sceptile|move: Sticky Web
|-unboost|p1a: Sceptile|spe|1
|turn|24
|
|detailschange|p1a: Sceptile|Sceptile-Mega, M, shiny
|-mega|p1a: Sceptile|Sceptile|Sceptilite
|move|p2a: Mienshao|U-turn|p1a: Sceptile
|-supereffective|p1a: Sceptile
|-damage|p1a: Sceptile|0 fnt
|-damage|p2a: Mienshao|0 fnt|[from] item: Life Orb
|faint|p1a: Sceptile
|faint|p2a: Mienshao
|
|c|âteamtest239852|gg
|
|switch|p2a: Pidgeot|Pidgeot-Mega, F|307\/307
|switch|p1a: Galvantula|Galvantula, F|1\/281
|-damage|p1a: Galvantula|0 fnt|[from] Stealth Rock
|-activate|p1a: Galvantula|move: Sticky Web
|faint|p1a: Galvantula
|
|win|N3RDN4D3
|raw|Ladder updating...
|c|âN3RDN4D3|gg
|raw|teamtest239852's rating: 1432 &rarr; <strong>1401<\/strong><br \/>(-31 for losing)
|raw|N3RDN4D3's rating: 1224 &rarr; <strong>1262<\/strong><br \/>(+38 for winning)
|leave|N3RDN4D3
|player|p2