|join|teamtest239852
|join|Macchewmafoo
|player|p1|teamtest239852|66
|player|p2|Macchewmafoo|1
|gametype|singles
|gen|6
|tier|UU
|rated
|rule|Sleep Clause Mod: Limit one foe put to sleep
|rule|Species Clause: Limit one of each PokÃ©mon
|rule|OHKO Clause: OHKO moves are banned
|rule|Moody Clause: Moody is banned
|rule|Evasion Moves Clause: Evasion moves are banned
|rule|Endless Battle Clause: Forcing endless battles is banned
|rule|HP Percentage Mod: HP is shown in percentages
|clearpoke
|poke|p1|Scrafty, M, shiny
|poke|p1|Arcanine, F, shiny
|poke|p1|Florges, F, shiny
|poke|p1|Bronzong
|poke|p1|Nidoking, M
|poke|p1|Trevenant, M
|poke|p2|Beedrill, M, shiny
|poke|p2|Lucario, M
|poke|p2|Hydreigon, F
|poke|p2|Tentacruel, F
|poke|p2|Diancie
|poke|p2|Raikou
|rule|Swagger Clause: Swagger is banned
|rule|Baton Pass Clause: Limit one PokÃ©mon knowing Baton Pass
|teampreview
|c|âMacchewmafoo|gl hf :)
|
|start
|switch|p1a: Midna|Arcanine, F, shiny|321\/321
|switch|p2a: Beedrill|Beedrill, M, shiny|271\/271
|-ability|p1a: Midna|Intimidate|[of] p2a: Beedrill
|-unboost|p2a: Beedrill|atk|1
|turn|1
|
|switch|p2a: Diancie|Diancie|304\/304
|move|p1a: Midna|Flare Blitz|p2a: Diancie
|-resisted|p2a: Diancie
|-damage|p2a: Diancie|214\/304
|-damage|p1a: Midna|291\/321|[from] recoil|[of] p2a: Diancie
|
|-heal|p2a: Diancie|233\/304|[from] item: Leftovers
|turn|2
|
|switch|p1a: Bronzong|Bronzong|338\/338
|move|p2a: Diancie|Diamond Storm|p1a: Bronzong
|-resisted|p1a: Bronzong
|-damage|p1a: Bronzong|298\/338
|-boost|p2a: Diancie|def|1
|
|-heal|p2a: Diancie|252\/304|[from] item: Leftovers
|turn|3
|
|move|p2a: Diancie|Hidden Power|p1a: Bronzong
|-supereffective|p1a: Bronzong
|-damage|p1a: Bronzong|218\/338
|move|p1a: Bronzong|Light Screen|p1a: Bronzong
|-sidestart|p1: teamtest239852|move: Light Screen
|
|-heal|p2a: Diancie|271\/304|[from] item: Leftovers
|turn|4
|join|AtelierSoul
|
|move|p2a: Diancie|Stealth Rock|p1a: Bronzong
|-sidestart|p1: teamtest239852|move: Stealth Rock
|move|p1a: Bronzong|Reflect|p1a: Bronzong
|-sidestart|p1: teamtest239852|Reflect
|
|-heal|p2a: Diancie|290\/304|[from] item: Leftovers
|turn|5
|
|switch|p2a: Tentacruel|Tentacruel, F|364\/364
|move|p1a: Bronzong|Gyro Ball|p2a: Tentacruel
|-resisted|p2a: Tentacruel
|-damage|p2a: Tentacruel|295\/364
|
|-heal|p2a: Tentacruel|317\/364|[from] item: Black Sludge
|turn|6
|
|move|p2a: Tentacruel|Knock Off|p1a: Bronzong
|-supereffective|p1a: Bronzong
|-damage|p1a: Bronzong|185\/338
|-enditem|p1a: Bronzong|Light Clay|[from] move: Knock Off|[of] p2a: Tentacruel
|move|p1a: Bronzong|Zen Headbutt|p2a: Tentacruel
|-supereffective|p2a: Tentacruel
|-damage|p2a: Tentacruel|89\/364
|
|-heal|p2a: Tentacruel|111\/364|[from] item: Black Sludge
|turn|7
|
|switch|p2a: Hydreigon|Hydreigon, F|388\/388
|move|p1a: Bronzong|Gyro Ball|p2a: Hydreigon
|-damage|p2a: Hydreigon|277\/388
|
|turn|8
|
|switch|p1a: Great Fairy|Florges, F, shiny|359\/359
|-damage|p1a: Great Fairy|315\/359|[from] Stealth Rock
|move|p2a: Hydreigon|Dark Pulse|p1a: Great Fairy
|-resisted|p1a: Great Fairy
|-damage|p1a: Great Fairy|285\/359
|
|-heal|p1a: Great Fairy|307\/359|[from] item: Leftovers
|turn|9
|
|switch|p2a: Lucario|Lucario, M|281\/281
|move|p1a: Great Fairy|Moonblast|p2a: Lucario
|-damage|p2a: Lucario|124\/281
|
|-heal|p1a: Great Fairy|329\/359|[from] item: Leftovers
|turn|10
|
|move|p2a: Lucario|Bullet Punch|p1a: Great Fairy
|-supereffective|p1a: Great Fairy
|-damage|p1a: Great Fairy|211\/359
|-damage|p2a: Lucario|96\/281|[from] item: Life Orb
|move|p1a: Great Fairy|Moonblast|p2a: Lucario
|-damage|p2a: Lucario|0 fnt
|faint|p2a: Lucario
|
|-heal|p1a: Great Fairy|233\/359|[from] item: Leftovers
|-sideend|p1: teamtest239852|move: Light Screen
|
|switch|p2a: Diancie|Diancie|290\/304
|turn|11
|
|move|p1a: Great Fairy|Toxic|p2a: Diancie
|-status|p2a: Diancie|tox
|move|p2a: Diancie|Moonblast|p1a: Great Fairy
|-damage|p1a: Great Fairy|170\/359
|-unboost|p1a: Great Fairy|spa|1
|
|-heal|p1a: Great Fairy|192\/359|[from] item: Leftovers
|-heal|p2a: Diancie|304\/304 tox|[from] item: Leftovers
|-damage|p2a: Diancie|285\/304 tox|[from] psn
|-sideend|p1: teamtest239852|Reflect
|turn|12
|leave|AtelierSoul
|
|move|p1a: Great Fairy|Protect|p1a: Great Fairy
|-singleturn|p1a: Great Fairy|Protect
|move|p2a: Diancie|Moonblast|p1a: Great Fairy
|-activate|p1a: Great Fairy|Protect
|
|-heal|p1a: Great Fairy|214\/359|[from] item: Leftovers
|-heal|p2a: Diancie|304\/304 tox|[from] item: Leftovers
|-damage|p2a: Diancie|266\/304 tox|[from] psn
|turn|13
|
|switch|p1a: Bronzong|Bronzong|185\/338
|-damage|p1a: Bronzong|164\/338|[from] Stealth Rock
|move|p2a: Diancie|Moonblast|p1a: Bronzong
|-crit|p1a: Bronzong
|-resisted|p1a: Bronzong
|-damage|p1a: Bronzong|89\/338
|
|-heal|p2a: Diancie|285\/304 tox|[from] item: Leftovers
|-damage|p2a: Diancie|228\/304 tox|[from] psn
|turn|14
|
|move|p2a: Diancie|Hidden Power|p1a: Bronzong
|-supereffective|p1a: Bronzong
|-damage|p1a: Bronzong|7\/338
|move|p1a: Bronzong|Light Screen|p1a: Bronzong
|-sidestart|p1: teamtest239852|move: Light Screen
|
|-heal|p2a: Diancie|247\/304 tox|[from] item: Leftovers
|-damage|p2a: Diancie|171\/304 tox|[from] psn
|turn|15
|
|switch|p2a: Tentacruel|Tentacruel, F|111\/364
|move|p1a: Bronzong|Reflect|p1a: Bronzong
|-sidestart|p1: teamtest239852|Reflect
|
|-heal|p2a: Tentacruel|133\/364|[from] item: Black Sludge
|turn|16
|
|move|p2a: Tentacruel|Knock Off|p1a: Bronzong
|-supereffective|p1a: Bronzong
|-damage|p1a: Bronzong|0 fnt
|faint|p1a: Bronzong
|
|-heal|p2a: Tentacruel|155\/364|[from] item: Black Sludge
|
|switch|p1a: Link|Scrafty, M, shiny|271\/271
|-damage|p1a: Link|255\/271|[from] Stealth Rock
|turn|17
|
|move|p2a: Tentacruel|Scald|p1a: Link
|-damage|p1a: Link|223\/271
|move|p1a: Link|Dragon Dance|p1a: Link
|-boost|p1a: Link|atk|1
|-boost|p1a: Link|spe|1
|
|-heal|p2a: Tentacruel|177\/364|[from] item: Black Sludge
|turn|18
|
|switch|p2a: Diancie|Diancie|171\/304 tox
|move|p1a: Link|Dragon Dance|p1a: Link
|-boost|p1a: Link|atk|1
|-boost|p1a: Link|spe|1
|
|-heal|p2a: Diancie|190\/304 tox|[from] item: Leftovers
|-damage|p2a: Diancie|171\/304 tox|[from] psn
|-sideend|p1: teamtest239852|move: Light Screen
|turn|19
|
|move|p1a: Link|Drain Punch|p2a: Diancie
|-damage|p2a: Diancie|14\/304 tox
|-heal|p1a: Link|271\/271|[from] drain|[of] p2a: Diancie
|-damage|p1a: Link|244\/271|[from] item: Life Orb
|move|p2a: Diancie|Moonblast|p1a: Link
|-supereffective|p1a: Link
|-damage|p1a: Link|0 fnt
|faint|p1a: Link
|
|-heal|p2a: Diancie|33\/304 tox|[from] item: Leftovers
|-damage|p2a: Diancie|0 fnt|[from] psn
|-sideend|p1: teamtest239852|Reflect
|faint|p2a: Diancie
|
|switch|p1a: Gannon|Nidoking, M|304\/304
|switch|p2a: Beedrill|Beedrill, M, shiny|271\/271
|-damage|p1a: Gannon|285\/304|[from] Stealth Rock
|turn|20
|
|detailschange|p2a: Beedrill|Beedrill-Mega, M, shiny
|message|Beedrill has Mega Evolved into Mega Beedrill!
|move|p2a: Beedrill|Protect|p2a: Beedrill
|-singleturn|p2a: Beedrill|Protect
|move|p1a: Gannon|Earth Power|p2a: Beedrill
|-activate|p2a: Beedrill|Protect
|
|turn|21
|
|switch|p2a: Hydreigon|Hydreigon, F|277\/388
|move|p1a: Gannon|Earth Power|p2a: Hydreigon
|-immune|p2a: Hydreigon|[msg]
|
|turn|22
|
|switch|p1a: Great Fairy|Florges, F, shiny|214\/359
|-damage|p1a: Great Fairy|170\/359|[from] Stealth Rock
|move|p2a: Hydreigon|Flamethrower|p1a: Great Fairy
|-damage|p1a: Great Fairy|77\/359
|
|-heal|p1a: Great Fairy|99\/359|[from] item: Leftovers
|turn|23
|
|switch|p2a: Tentacruel|Tentacruel, F|177\/364
|move|p1a: Great Fairy|Wish|p1a: Great Fairy
|
|-heal|p2a: Tentacruel|199\/364|[from] item: Black Sludge
|-heal|p1a: Great Fairy|121\/359|[from] item: Leftovers
|turn|24
|
|move|p1a: Great Fairy|Protect|p1a: Great Fairy
|-singleturn|p1a: Great Fairy|Protect
|move|p2a: Tentacruel|Knock Off|p1a: Great Fairy
|-activate|p1a: Great Fairy|Protect
|
|-heal|p1a: Great Fairy|300\/359|[from] move: Wish|[wisher] Great Fairy
|-heal|p2a: Tentacruel|221\/364|[from] item: Black Sludge
|-heal|p1a: Great Fairy|322\/359|[from] item: Leftovers
|turn|25
|
|switch|p1a: Gannon|Nidoking, M|285\/304
|-damage|p1a: Gannon|266\/304|[from] Stealth Rock
|move|p2a: Tentacruel|Knock Off|p1a: Gannon
|-damage|p1a: Gannon|204\/304
|-enditem|p1a: Gannon|Choice Scarf|[from] move: Knock Off|[of] p2a: Tentacruel
|
|-heal|p2a: Tentacruel|243\/364|[from] item: Black Sludge
|turn|26
|
|switch|p2a: Hydreigon|Hydreigon, F|277\/388
|move|p1a: Gannon|Thunderbolt|p2a: Hydreigon
|-resisted|p2a: Hydreigon
|-damage|p2a: Hydreigon|221\/388
|
|turn|27
|
|switch|p1a: Great Fairy|Florges, F, shiny|322\/359
|-damage|p1a: Great Fairy|278\/359|[from] Stealth Rock
|move|p2a: Hydreigon|Flamethrower|p1a: Great Fairy
|-damage|p1a: Great Fairy|192\/359
|
|-heal|p1a: Great Fairy|214\/359|[from] item: Leftovers
|turn|28
|
|switch|p2a: Raikou|Raikou|321\/321
|-ability|p2a: Raikou|Pressure
|move|p1a: Great Fairy|Wish|p1a: Great Fairy
|
|-heal|p1a: Great Fairy|236\/359|[from] item: Leftovers
|turn|29
|
|move|p2a: Raikou|Thunderbolt|p1a: Great Fairy
|-damage|p1a: Great Fairy|157\/359
|move|p1a: Great Fairy|Moonblast|p2a: Raikou
|-damage|p2a: Raikou|243\/321
|
|-heal|p1a: Great Fairy|336\/359|[from] move: Wish|[wisher] Great Fairy
|-heal|p1a: Great Fairy|358\/359|[from] item: Leftovers
|turn|30
|
|move|p2a: Raikou|Extrasensory|p1a: Great Fairy
|-damage|p1a: Great Fairy|310\/359
|move|p1a: Great Fairy|Moonblast|p2a: Raikou
|-damage|p2a: Raikou|167\/321
|-unboost|p2a: Raikou|spa|1
|
|-heal|p1a: Great Fairy|332\/359|[from] item: Leftovers
|turn|31
|
|switch|p2a: Tentacruel|Tentacruel, F|243\/364
|move|p1a: Great Fairy|Wish|p1a: Great Fairy
|
|-heal|p2a: Tentacruel|265\/364|[from] item: Black Sludge
|-heal|p1a: Great Fairy|354\/359|[from] item: Leftovers
|turn|32
|
|switch|p1a: Gannon|Nidoking, M|204\/304
|-damage|p1a: Gannon|185\/304|[from] Stealth Rock
|move|p2a: Tentacruel|Knock Off|p1a: Gannon
|-damage|p1a: Gannon|142\/304
|
|-heal|p1a: Gannon|304\/304|[from] move: Wish|[wisher] Great Fairy
|-heal|p2a: Tentacruel|287\/364|[from] item: Black Sludge
|turn|33
|
|switch|p2a: Raikou|Raikou|167\/321
|-ability|p2a: Raikou|Pressure
|move|p1a: Gannon|Earth Power|p2a: Raikou
|-supereffective|p2a: Raikou
|-damage|p2a: Raikou|0 fnt
|faint|p2a: Raikou
|
|
|switch|p2a: Tentacruel|Tentacruel, F|287\/364
|turn|34
|
|move|p1a: Gannon|Earth Power|p2a: Tentacruel
|-supereffective|p2a: Tentacruel
|-damage|p2a: Tentacruel|87\/364
|move|p2a: Tentacruel|Scald|p1a: Gannon
|-supereffective|p1a: Gannon
|-damage|p1a: Gannon|98\/304
|
|-heal|p2a: Tentacruel|109\/364|[from] item: Black Sludge
|turn|35
|
|move|p1a: Gannon|Thunderbolt|p2a: Tentacruel
|-supereffective|p2a: Tentacruel
|-damage|p2a: Tentacruel|0 fnt
|faint|p2a: Tentacruel
|
|
|switch|p2a: Beedrill|Beedrill-Mega, M, shiny|271\/271
|turn|36
|
|move|p2a: Beedrill|U-turn|p1a: Gannon
|-resisted|p1a: Gannon
|-damage|p1a: Gannon|0 fnt
|faint|p1a: Gannon
|
|switch|p2a: Hydreigon|Hydreigon, F|221\/388
|
|
|switch|p1a: Great Fairy|Florges, F, shiny|354\/359
|-damage|p1a: Great Fairy|310\/359|[from] Stealth Rock
|turn|37
|
|move|p2a: Hydreigon|Flamethrower|p1a: Great Fairy
|-damage|p1a: Great Fairy|225\/359
|move|p1a: Great Fairy|Moonblast|p2a: Hydreigon
|-supereffective|p2a: Hydreigon
|-damage|p2a: Hydreigon|0 fnt
|faint|p2a: Hydreigon
|
|-heal|p1a: Great Fairy|247\/359|[from] item: Leftovers
|
|switch|p2a: Beedrill|Beedrill-Mega, M, shiny|271\/271
|turn|38
|
|move|p1a: Great Fairy|Protect|p1a: Great Fairy
|-singleturn|p1a: Great Fairy|Protect
|move|p2a: Beedrill|Poison Jab|p1a: Great Fairy
|-activate|p1a: Great Fairy|Protect
|
|-heal|p1a: Great Fairy|269\/359|[from] item: Leftovers
|turn|39
|
|move|p2a: Beedrill|Poison Jab|p1a: Great Fairy
|-supereffective|p1a: Great Fairy
|-damage|p1a: Great Fairy|0 fnt
|faint|p1a: Great Fairy
|
|
|switch|p1a: Midna|Arcanine, F, shiny|291\/321
|-damage|p1a: Midna|211\/321|[from] Stealth Rock
|-ability|p1a: Midna|Intimidate|[of] p2a: Beedrill
|-unboost|p2a: Beedrill|atk|1
|turn|40
|
|move|p2a: Beedrill|Protect|p2a: Beedrill
|-singleturn|p2a: Beedrill|Protect
|move|p1a: Midna|Extreme Speed|p2a: Beedrill
|-activate|p2a: Beedrill|Protect
|
|turn|41
|
|move|p1a: Midna|Extreme Speed|p2a: Beedrill
|-damage|p2a: Beedrill|0 fnt
|faint|p2a: Beedrill
|
|win|teamtest239852
|raw|Ladder updating...
|raw|teamtest239852's rating: 1360 &rarr; <strong>1377<\/strong><br \/>(+17 for winning)
|raw|Macchewmafoo's rating: 1300 &rarr; <strong>1279<\/strong><br \/>(-21 for losing)
|c|âteamtest239852|gg
|leave|Macchewmafoo
|player|p2