|join|Ollstar
|join|teamtest239852
|player|p1|Ollstar|221
|player|p2|teamtest239852|15
|gametype|singles
|gen|6
|tier|UU
|rated
|rule|Sleep Clause Mod: Limit one foe put to sleep
|rule|Species Clause: Limit one of each PokÃ©mon
|rule|OHKO Clause: OHKO moves are banned
|rule|Moody Clause: Moody is banned
|rule|Evasion Moves Clause: Evasion moves are banned
|rule|Endless Battle Clause: Forcing endless battles is banned
|rule|HP Percentage Mod: HP is shown in percentages
|clearpoke
|poke|p1|Sharpedo, M
|poke|p1|Snorlax, F, shiny
|poke|p1|Cloyster, F, shiny
|poke|p1|Galvantula, F
|poke|p1|Lucario, M
|poke|p1|Trevenant, M, shiny
|poke|p2|Slowking, F
|poke|p2|Amoonguss, F
|poke|p2|Florges, F
|poke|p2|Absol, M
|poke|p2|Crobat, M
|poke|p2|Flygon, F
|rule|Swagger Clause: Swagger is banned
|rule|Baton Pass Clause: Limit one PokÃ©mon knowing Baton Pass
|teampreview
|join|Gimilion
|
|start
|switch|p1a: Smash That!|Cloyster, F, shiny|303\/303
|switch|p2a: Flygon|Flygon, F|301\/301
|turn|1
|
|move|p2a: Flygon|U-turn|p1a: Smash That!
|-damage|p1a: Smash That!|266\/303
|
|switch|p2a: Slowking|Slowking, F|393\/393
|move|p1a: Smash That!|Icicle Spear|p2a: Slowking
|-resisted|p2a: Slowking
|-damage|p2a: Slowking|376\/393
|-resisted|p2a: Slowking
|-damage|p2a: Slowking|357\/393
|-resisted|p2a: Slowking
|-damage|p2a: Slowking|339\/393
|-resisted|p2a: Slowking
|-damage|p2a: Slowking|322\/393
|-resisted|p2a: Slowking
|-damage|p2a: Slowking|305\/393
|-hitcount|p2a: Slowking|5
|
|-heal|p1a: Smash That!|284\/303|[from] item: Leftovers
|turn|2
|
|switch|p1a: Slender|Trevenant, M, shiny|373\/373
|move|p2a: Slowking|Scald|p1a: Slender
|-resisted|p1a: Slender
|-damage|p1a: Slender|323\/373
|
|turn|3
|
|switch|p2a: Amoonguss|Amoonguss, F|432\/432
|move|p1a: Slender|Will-O-Wisp|p2a: Amoonguss
|-status|p2a: Amoonguss|brn
|
|-damage|p2a: Amoonguss|378\/432 brn|[from] brn
|turn|4
|
|move|p1a: Slender|Shadow Claw|p2a: Amoonguss
|-damage|p2a: Amoonguss|279\/432 brn
|move|p2a: Amoonguss|Foul Play|p1a: Slender
|-supereffective|p1a: Slender
|-damage|p1a: Slender|225\/373
|
|-heal|p2a: Amoonguss|306\/432 brn|[from] item: Black Sludge
|-damage|p2a: Amoonguss|252\/432 brn|[from] brn
|turn|5
|
|move|p1a: Slender|Rest|p1a: Slender
|-status|p1a: Slender|slp
|-heal|p1a: Slender|373\/373 slp|[silent]
|-status|p1a: Slender|slp|[from] move: Rest
|-enditem|p1a: Slender|Lum Berry|[eat]
|-curestatus|p1a: Slender|slp
|move|p2a: Amoonguss|Giga Drain|p1a: Slender
|-resisted|p1a: Slender
|-damage|p1a: Slender|343\/373
|-heal|p2a: Amoonguss|267\/432 brn|[from] drain|[of] p1a: Slender
|
|-heal|p2a: Amoonguss|294\/432 brn|[from] item: Black Sludge
|-damage|p2a: Amoonguss|240\/432 brn|[from] brn
|-item|p1a: Slender|Lum Berry|[from] ability: Harvest
|turn|6
|
|switch|p2a: Florges|Florges, F|360\/360
|move|p1a: Slender|Shadow Claw|p2a: Florges
|-damage|p2a: Florges|270\/360
|
|-heal|p2a: Florges|292\/360|[from] item: Leftovers
|turn|7
|
|switch|p1a: Big Mama|Snorlax, F, shiny|523\/523
|move|p2a: Florges|Aromatherapy|p2a: Florges
|-cureteam|p2a: Florges|[from] move: Aromatherapy
|
|-heal|p2a: Florges|314\/360|[from] item: Leftovers
|turn|8
|
|move|p2a: Florges|Moonblast|p1a: Big Mama
|-damage|p1a: Big Mama|435\/523
|move|p1a: Big Mama|Curse|p1a: Big Mama
|-boost|p1a: Big Mama|atk|1
|-boost|p1a: Big Mama|def|1
|-unboost|p1a: Big Mama|spe|1
|
|-heal|p2a: Florges|336\/360|[from] item: Leftovers
|-heal|p1a: Big Mama|467\/523|[from] item: Leftovers
|turn|9
|
|switch|p2a: Amoonguss|Amoonguss, F|384\/432
|move|p1a: Big Mama|Curse|p1a: Big Mama
|-boost|p1a: Big Mama|atk|1
|-boost|p1a: Big Mama|def|1
|-unboost|p1a: Big Mama|spe|1
|
|-heal|p2a: Amoonguss|411\/432|[from] item: Black Sludge
|-heal|p1a: Big Mama|499\/523|[from] item: Leftovers
|turn|10
|
|move|p2a: Amoonguss|Clear Smog|p1a: Big Mama
|-damage|p1a: Big Mama|462\/523
|-clearboost|p1a: Big Mama
|move|p1a: Big Mama|Sleep Talk|p1a: Big Mama
|-fail|p1a: Big Mama
|
|-heal|p1a: Big Mama|494\/523|[from] item: Leftovers
|-heal|p2a: Amoonguss|432\/432|[from] item: Black Sludge
|turn|11
|
|switch|p1a: Slender|Trevenant, M, shiny|343\/373
|move|p2a: Amoonguss|Giga Drain|p1a: Slender
|-resisted|p1a: Slender
|-damage|p1a: Slender|311\/373
|
|turn|12
|
|switch|p2a: Slowking|Slowking, F|393\/393
|move|p1a: Slender|Will-O-Wisp|p2a: Slowking
|-status|p2a: Slowking|brn
|
|-damage|p2a: Slowking|344\/393 brn|[from] brn
|turn|13
|
|move|p1a: Slender|Shadow Claw|p2a: Slowking
|-supereffective|p2a: Slowking
|-damage|p2a: Slowking|144\/393 brn
|move|p2a: Slowking|Fire Blast|p1a: Slender
|-supereffective|p1a: Slender
|-damage|p1a: Slender|129\/373
|
|-damage|p2a: Slowking|95\/393 brn|[from] brn
|turn|14
|
|switch|p2a: Absol|Absol, M|271\/271
|move|p1a: Slender|Rest|p1a: Slender
|-status|p1a: Slender|slp
|-heal|p1a: Slender|373\/373 slp|[silent]
|-status|p1a: Slender|slp|[from] move: Rest
|-enditem|p1a: Slender|Lum Berry|[eat]
|-curestatus|p1a: Slender|slp
|
|turn|15
|
|switch|p1a: Big Mama|Snorlax, F, shiny|494\/523
|detailschange|p2a: Absol|Absol-Mega, M
|-mega|p2a: Absol|Absol|Absolite
|move|p2a: Absol|Knock Off|p1a: Big Mama
|-damage|p1a: Big Mama|223\/523
|-enditem|p1a: Big Mama|Leftovers|[from] move: Knock Off|[of] p2a: Absol
|
|turn|16
|
|move|p2a: Absol|Swords Dance|p2a: Absol
|-boost|p2a: Absol|atk|2
|move|p1a: Big Mama|Rest|p1a: Big Mama
|-status|p1a: Big Mama|slp
|-heal|p1a: Big Mama|523\/523 slp|[silent]
|-status|p1a: Big Mama|slp|[from] move: Rest
|
|turn|17
|
|move|p2a: Absol|Knock Off|p1a: Big Mama
|-damage|p1a: Big Mama|156\/523 slp
|cant|p1a: Big Mama|slp
|move|p1a: Big Mama|Sleep Talk|p1a: Big Mama
|move|p1a: Big Mama|Curse|p1a: Big Mama|[from]Sleep Talk
|-boost|p1a: Big Mama|atk|1
|-boost|p1a: Big Mama|def|1
|-unboost|p1a: Big Mama|spe|1
|
|turn|18
|
|move|p2a: Absol|Knock Off|p1a: Big Mama
|-crit|p1a: Big Mama
|-damage|p1a: Big Mama|0 fnt
|faint|p1a: Big Mama
|
|
|switch|p1a: Ultimate Fighter|Lucario, M|281\/281
|turn|19
|
|move|p2a: Absol|Play Rough|p1a: Ultimate Fighter|[miss]
|-miss|p2a: Absol|p1a: Ultimate Fighter
|move|p1a: Ultimate Fighter|Close Combat|p2a: Absol
|-supereffective|p2a: Absol
|-damage|p2a: Absol|0 fnt
|-unboost|p1a: Ultimate Fighter|def|1
|-unboost|p1a: Ultimate Fighter|spd|1
|faint|p2a: Absol
|
|
|switch|p2a: Crobat|Crobat, M|373\/373
|turn|20
|
|switch|p1a: Smash That!|Cloyster, F, shiny|284\/303
|move|p2a: Crobat|Brave Bird|p1a: Smash That!
|-damage|p1a: Smash That!|209\/303
|-damage|p2a: Crobat|348\/373|[from] recoil|[of] p1a: Smash That!
|
|-heal|p2a: Crobat|371\/373|[from] item: Black Sludge
|-heal|p1a: Smash That!|227\/303|[from] item: Leftovers
|turn|21
|
|switch|p2a: Slowking|Slowking, F|226\/393 brn
|move|p1a: Smash That!|Rock Blast|p2a: Slowking
|-damage|p2a: Slowking|203\/393 brn
|-damage|p2a: Slowking|180\/393 brn
|-crit|p2a: Slowking
|-damage|p2a: Slowking|145\/393 brn
|-damage|p2a: Slowking|122\/393 brn
|-damage|p2a: Slowking|96\/393 brn
|-hitcount|p2a: Slowking|5
|
|-heal|p1a: Smash That!|245\/303|[from] item: Leftovers
|-damage|p2a: Slowking|47\/393 brn|[from] brn
|turn|22
|
|move|p1a: Smash That!|Rock Blast|p2a: Slowking
|-damage|p2a: Slowking|24\/393 brn
|-damage|p2a: Slowking|1\/393 brn
|-damage|p2a: Slowking|0 fnt
|-hitcount|p2a: Slowking|3
|faint|p2a: Slowking
|
|-heal|p1a: Smash That!|263\/303|[from] item: Leftovers
|
|switch|p2a: Florges|Florges, F|336\/360
|turn|23
|
|switch|p1a: Slender|Trevenant, M, shiny|373\/373
|move|p2a: Florges|Moonblast|p1a: Slender
|-damage|p1a: Slender|273\/373
|
|-heal|p2a: Florges|358\/360|[from] item: Leftovers
|turn|24
|
|move|p2a: Florges|Protect|p2a: Florges
|-singleturn|p2a: Florges|Protect
|move|p1a: Slender|Will-O-Wisp|p2a: Florges
|-activate|p2a: Florges|Protect
|
|-heal|p2a: Florges|360\/360|[from] item: Leftovers
|turn|25
|
|move|p2a: Florges|Moonblast|p1a: Slender
|-damage|p1a: Slender|177\/373
|move|p1a: Slender|Horn Leech|p2a: Florges
|-damage|p2a: Florges|269\/360
|-heal|p1a: Slender|223\/373|[from] drain|[of] p2a: Florges
|
|-heal|p2a: Florges|291\/360|[from] item: Leftovers
|turn|26
|
|move|p2a: Florges|Protect|p2a: Florges
|-singleturn|p2a: Florges|Protect
|move|p1a: Slender|Will-O-Wisp|p2a: Florges
|-activate|p2a: Florges|Protect
|
|-heal|p2a: Florges|313\/360|[from] item: Leftovers
|-item|p1a: Slender|Lum Berry|[from] ability: Harvest
|turn|27
|
|move|p2a: Florges|Moonblast|p1a: Slender
|-damage|p1a: Slender|121\/373
|-unboost|p1a: Slender|spa|1
|move|p1a: Slender|Rest|p1a: Slender
|-status|p1a: Slender|slp
|-heal|p1a: Slender|373\/373 slp|[silent]
|-status|p1a: Slender|slp|[from] move: Rest
|-enditem|p1a: Slender|Lum Berry|[eat]
|-curestatus|p1a: Slender|slp
|
|-heal|p2a: Florges|335\/360|[from] item: Leftovers
|turn|28
|
|move|p2a: Florges|Moonblast|p1a: Slender
|-damage|p1a: Slender|279\/373
|move|p1a: Slender|Shadow Claw|p2a: Florges
|-crit|p2a: Florges
|-damage|p2a: Florges|208\/360
|
|-heal|p2a: Florges|230\/360|[from] item: Leftovers
|-item|p1a: Slender|Lum Berry|[from] ability: Harvest
|turn|29
|
|move|p2a: Florges|Wish|p2a: Florges
|move|p1a: Slender|Shadow Claw|p2a: Florges
|-crit|p2a: Florges
|-damage|p2a: Florges|89\/360
|
|-heal|p2a: Florges|111\/360|[from] item: Leftovers
|turn|30
|
|switch|p1a: Aragog|Galvantula, F|281\/281
|move|p2a: Florges|Protect|p2a: Florges
|-fail|p2a: Florges
|
|-heal|p2a: Florges|291\/360|[from] move: Wish|[wisher] Florges
|-heal|p2a: Florges|313\/360|[from] item: Leftovers
|turn|31
|
|move|p1a: Aragog|Sticky Web|p2a: Florges
|-sidestart|p2: teamtest239852|move: Sticky Web
|move|p2a: Florges|Moonblast|p1a: Aragog
|-damage|p1a: Aragog|112\/281
|
|-heal|p2a: Florges|335\/360|[from] item: Leftovers
|turn|32
|
|switch|p1a: Slender|Trevenant, M, shiny|279\/373
|move|p2a: Florges|Moonblast|p1a: Slender
|-damage|p1a: Slender|177\/373
|
|-heal|p2a: Florges|357\/360|[from] item: Leftovers
|turn|33
|
|switch|p2a: Crobat|Crobat, M|371\/373
|move|p1a: Slender|Rest|p1a: Slender
|-status|p1a: Slender|slp
|-heal|p1a: Slender|373\/373 slp|[silent]
|-status|p1a: Slender|slp|[from] move: Rest
|-enditem|p1a: Slender|Lum Berry|[eat]
|-curestatus|p1a: Slender|slp
|
|-heal|p2a: Crobat|373\/373|[from] item: Black Sludge
|-item|p1a: Slender|Lum Berry|[from] ability: Harvest
|turn|34
|
|switch|p1a: Smash That!|Cloyster, F, shiny|263\/303
|move|p2a: Crobat|Super Fang|p1a: Smash That!
|-damage|p1a: Smash That!|132\/303
|
|-heal|p1a: Smash That!|150\/303|[from] item: Leftovers
|turn|35
|
|switch|p2a: Florges|Florges, F|357\/360
|-activate|p2a: Florges|move: Sticky Web
|-unboost|p2a: Florges|spe|1
|move|p1a: Smash That!|Icicle Spear|p2a: Florges
|-crit|p2a: Florges
|-damage|p2a: Florges|314\/360
|-damage|p2a: Florges|286\/360
|-damage|p2a: Florges|258\/360
|-damage|p2a: Florges|227\/360
|-damage|p2a: Florges|196\/360
|-hitcount|p2a: Florges|5
|
|-heal|p1a: Smash That!|168\/303|[from] item: Leftovers
|-heal|p2a: Florges|218\/360|[from] item: Leftovers
|turn|36
|
|switch|p1a: Slender|Trevenant, M, shiny|373\/373
|move|p2a: Florges|Moonblast|p1a: Slender
|-damage|p1a: Slender|279\/373
|
|-heal|p2a: Florges|240\/360|[from] item: Leftovers
|turn|37
|
|move|p1a: Slender|Shadow Claw|p2a: Florges
|-crit|p2a: Florges
|-damage|p2a: Florges|105\/360
|move|p2a: Florges|Wish|p2a: Florges
|
|-heal|p2a: Florges|127\/360|[from] item: Leftovers
|turn|38
|
|move|p2a: Florges|Protect|p2a: Florges
|-singleturn|p2a: Florges|Protect
|move|p1a: Slender|Rest|p1a: Slender
|-status|p1a: Slender|slp
|-heal|p1a: Slender|373\/373 slp|[silent]
|-status|p1a: Slender|slp|[from] move: Rest
|-enditem|p1a: Slender|Lum Berry|[eat]
|-curestatus|p1a: Slender|slp
|
|-heal|p2a: Florges|307\/360|[from] move: Wish|[wisher] Florges
|-heal|p2a: Florges|329\/360|[from] item: Leftovers
|turn|39
|
|move|p1a: Slender|Will-O-Wisp|p2a: Florges
|-status|p2a: Florges|brn
|move|p2a: Florges|Moonblast|p1a: Slender
|-damage|p1a: Slender|273\/373
|
|-heal|p2a: Florges|351\/360 brn|[from] item: Leftovers
|-damage|p2a: Florges|306\/360 brn|[from] brn
|-item|p1a: Slender|Lum Berry|[from] ability: Harvest
|turn|40
|
|move|p1a: Slender|Horn Leech|p2a: Florges
|-damage|p2a: Florges|200\/360 brn
|-heal|p1a: Slender|326\/373|[from] drain|[of] p2a: Florges
|move|p2a: Florges|Wish|p2a: Florges
|
|-heal|p2a: Florges|222\/360 brn|[from] item: Leftovers
|-damage|p2a: Florges|177\/360 brn|[from] brn
|turn|41
|
|move|p1a: Slender|Shadow Claw|p2a: Florges
|-damage|p2a: Florges|81\/360 brn
|move|p2a: Florges|Aromatherapy|p2a: Florges
|-cureteam|p2a: Florges|[from] move: Aromatherapy
|
|-heal|p2a: Florges|261\/360|[from] move: Wish|[wisher] Florges
|-heal|p2a: Florges|283\/360|[from] item: Leftovers
|turn|42
|
|move|p2a: Florges|Protect|p2a: Florges
|-singleturn|p2a: Florges|Protect
|move|p1a: Slender|Will-O-Wisp|p2a: Florges
|-activate|p2a: Florges|Protect
|
|-heal|p2a: Florges|305\/360|[from] item: Leftovers
|turn|43
|
|switch|p2a: Amoonguss|Amoonguss, F|432\/432
|-activate|p2a: Amoonguss|move: Sticky Web
|-unboost|p2a: Amoonguss|spe|1
|move|p1a: Slender|Will-O-Wisp|p2a: Amoonguss
|-status|p2a: Amoonguss|brn
|
|-damage|p2a: Amoonguss|378\/432 brn|[from] brn
|turn|44
|
|move|p1a: Slender|Shadow Claw|p2a: Amoonguss
|-damage|p2a: Amoonguss|287\/432 brn
|move|p2a: Amoonguss|Giga Drain|p1a: Slender
|-resisted|p1a: Slender
|-damage|p1a: Slender|293\/373
|-heal|p2a: Amoonguss|304\/432 brn|[from] drain|[of] p1a: Slender
|
|-heal|p2a: Amoonguss|331\/432 brn|[from] item: Black Sludge
|-damage|p2a: Amoonguss|277\/432 brn|[from] brn
|turn|45
|
|move|p1a: Slender|Shadow Claw|p2a: Amoonguss
|-crit|p2a: Amoonguss
|-damage|p2a: Amoonguss|130\/432 brn
|move|p2a: Amoonguss|Foul Play|p1a: Slender
|-supereffective|p1a: Slender
|-damage|p1a: Slender|195\/373
|
|-heal|p2a: Amoonguss|157\/432 brn|[from] item: Black Sludge
|-damage|p2a: Amoonguss|103\/432 brn|[from] brn
|turn|46
|
|switch|p2a: Crobat|Crobat, M|373\/373
|move|p1a: Slender|Shadow Claw|p2a: Crobat
|-damage|p2a: Crobat|267\/373
|
|-heal|p2a: Crobat|290\/373|[from] item: Black Sludge
|turn|47
|
|switch|p1a: Smash That!|Cloyster, F, shiny|168\/303
|move|p2a: Crobat|Brave Bird|p1a: Smash That!
|-damage|p1a: Smash That!|101\/303
|-damage|p2a: Crobat|268\/373|[from] recoil|[of] p1a: Smash That!
|
|-heal|p2a: Crobat|291\/373|[from] item: Black Sludge
|-heal|p1a: Smash That!|119\/303|[from] item: Leftovers
|turn|48
|
|switch|p2a: Florges|Florges, F|305\/360
|-activate|p2a: Florges|move: Sticky Web
|-unboost|p2a: Florges|spe|1
|move|p1a: Smash That!|Icicle Spear|p2a: Florges
|-damage|p2a: Florges|275\/360
|-damage|p2a: Florges|244\/360
|-damage|p2a: Florges|216\/360
|-damage|p2a: Florges|189\/360
|-damage|p2a: Florges|161\/360
|-hitcount|p2a: Florges|5
|
|-heal|p1a: Smash That!|137\/303|[from] item: Leftovers
|-heal|p2a: Florges|183\/360|[from] item: Leftovers
|turn|49
|
|move|p1a: Smash That!|Icicle Spear|p2a: Florges
|-crit|p2a: Florges
|-damage|p2a: Florges|138\/360
|-damage|p2a: Florges|108\/360
|-damage|p2a: Florges|80\/360
|-damage|p2a: Florges|50\/360
|-damage|p2a: Florges|22\/360
|-hitcount|p2a: Florges|5
|move|p2a: Florges|Moonblast|p1a: Smash That!
|-damage|p1a: Smash That!|0 fnt
|faint|p1a: Smash That!
|
|-heal|p2a: Florges|44\/360|[from] item: Leftovers
|
|switch|p1a: Kill or Die|Sharpedo, M|281\/281
|turn|50
|
|move|p2a: Florges|Protect|p2a: Florges
|-singleturn|p2a: Florges|Protect
|move|p1a: Kill or Die|Earthquake|p2a: Florges
|-activate|p2a: Florges|Protect
|
|-heal|p2a: Florges|66\/360|[from] item: Leftovers
|-boost|p1a: Kill or Die|spe|1|[from] ability: Speed Boost
|turn|51
|
|detailschange|p1a: Kill or Die|Sharpedo-Mega, M
|-mega|p1a: Kill or Die|Sharpedo|Sharpedonite
|move|p1a: Kill or Die|Earthquake|p2a: Florges
|-damage|p2a: Florges|0 fnt
|faint|p2a: Florges
|
|
|switch|p2a: Flygon|Flygon, F|301\/301
|turn|52
|
|move|p2a: Flygon|U-turn|p1a: Kill or Die
|-supereffective|p1a: Kill or Die
|-damage|p1a: Kill or Die|89\/281
|
|switch|p2a: Amoonguss|Amoonguss, F|247\/432 brn
|-activate|p2a: Amoonguss|move: Sticky Web
|-unboost|p2a: Amoonguss|spe|1
|move|p1a: Kill or Die|Ice Fang|p2a: Amoonguss
|-supereffective|p2a: Amoonguss
|-damage|p2a: Amoonguss|0 fnt
|faint|p2a: Amoonguss
|
|
|switch|p2a: Crobat|Crobat, M|291\/373
|turn|53
|
|move|p1a: Kill or Die|Ice Fang|p2a: Crobat
|-supereffective|p2a: Crobat
|-damage|p2a: Crobat|0 fnt
|faint|p2a: Crobat
|
|
|switch|p2a: Flygon|Flygon, F|301\/301
|turn|54
|
|move|p2a: Flygon|Outrage|p1a: Kill or Die
|-damage|p1a: Kill or Die|0 fnt
|faint|p1a: Kill or Die
|
|
|switch|p1a: Ultimate Fighter|Lucario, M|281\/281
|turn|55
|
|move|p2a: Flygon|Outrage|p1a: Ultimate Fighter
|-resisted|p1a: Ultimate Fighter
|-damage|p1a: Ultimate Fighter|155\/281
|move|p1a: Ultimate Fighter|Close Combat|p2a: Flygon
|-damage|p2a: Flygon|78\/301
|-unboost|p1a: Ultimate Fighter|def|1
|-unboost|p1a: Ultimate Fighter|spd|1
|
|-end|p2a: Flygon|rampage
|-start|p2a: Flygon|confusion
|turn|56
|c|âteamtest239852|misclick meant to go into flygon
|c|âteamtest239852|gg
|
|move|p1a: Ultimate Fighter|Extreme Speed|p2a: Flygon
|-damage|p2a: Flygon|0 fnt
|faint|p2a: Flygon
|
|win|Ollstar
|raw|Ladder updating...
|c|âOllstar|gg
|raw|Ollstar's rating: 1404 &rarr; <strong>1427<\/strong><br \/>(+23 for winning)
|raw|teamtest239852's rating: 1447 &rarr; <strong>1424<\/strong><br \/>(-23 for losing)
|leave|teamtest239852
|join|teamtest239852
|leave|Ollstar
|player|p2
|player|p1