|join|teamtest239852
|join|Blblblb
|player|p1|teamtest239852|3
|player|p2|Blblblb|147
|gametype|singles
|gen|6
|tier|UU
|rated
|rule|Sleep Clause Mod: Limit one foe put to sleep
|rule|Species Clause: Limit one of each PokÃ©mon
|rule|OHKO Clause: OHKO moves are banned
|rule|Moody Clause: Moody is banned
|rule|Evasion Moves Clause: Evasion moves are banned
|rule|Endless Battle Clause: Forcing endless battles is banned
|rule|HP Percentage Mod: HP is shown in percentages
|clearpoke
|poke|p1|Swampert, F
|poke|p1|Aerodactyl, F
|poke|p1|Lucario, F
|poke|p1|Umbreon, M
|poke|p1|Arcanine, F
|poke|p1|Roserade, F
|poke|p2|Entei, shiny
|poke|p2|Snorlax, F
|poke|p2|Blastoise, F
|poke|p2|Alakazam, M
|poke|p2|Crobat, F
|poke|p2|Jirachi
|rule|Swagger Clause: Swagger is banned
|rule|Baton Pass Clause: Limit one PokÃ©mon knowing Baton Pass
|teampreview
|
|start
|switch|p1a: Swampert|Swampert, F|404\/404
|switch|p2a: Blastoise|Blastoise, F|362\/362
|turn|1
|
|detailschange|p2a: Blastoise|Blastoise-Mega, F
|message|Blastoise has Mega Evolved into Mega Blastoise!
|move|p2a: Blastoise|Water Pulse|p1a: Swampert
|-damage|p1a: Swampert|194\/404
|-start|p1a: Swampert|confusion
|-activate|p1a: Swampert|confusion
|move|p1a: Swampert|Toxic|p2a: Blastoise
|-status|p2a: Blastoise|tox
|
|-heal|p1a: Swampert|219\/404|[from] item: Leftovers
|-damage|p2a: Blastoise|340\/362 tox|[from] psn
|turn|2
|
|switch|p1a: Umbreon|Umbreon, M|394\/394
|move|p2a: Blastoise|Dragon Pulse|p1a: Umbreon
|-damage|p1a: Umbreon|300\/394
|
|-heal|p1a: Umbreon|324\/394|[from] item: Leftovers
|-damage|p2a: Blastoise|296\/362 tox|[from] psn
|turn|3
|
|move|p2a: Blastoise|Aura Sphere|p1a: Umbreon
|-supereffective|p1a: Umbreon
|-damage|p1a: Umbreon|126\/394
|move|p1a: Umbreon|Foul Play|p2a: Blastoise
|-damage|p2a: Blastoise|202\/362 tox
|
|-heal|p1a: Umbreon|150\/394|[from] item: Leftovers
|-damage|p2a: Blastoise|136\/362 tox|[from] psn
|turn|4
|
|switch|p1a: Roserade|Roserade, F|324\/324
|move|p2a: Blastoise|Aura Sphere|p1a: Roserade
|-crit|p1a: Roserade
|-resisted|p1a: Roserade
|-damage|p1a: Roserade|227\/324
|
|-damage|p2a: Blastoise|48\/362 tox|[from] psn
|turn|5
|
|switch|p2a: Entei|Entei, shiny|372\/372
|-ability|p2a: Entei|Pressure
|move|p1a: Roserade|Giga Drain|p2a: Entei
|-resisted|p2a: Entei
|-damage|p2a: Entei|321\/372
|-heal|p1a: Roserade|261\/324|[from] drain|[of] p2a: Entei
|
|turn|6
|
|switch|p1a: Arcanine|Arcanine, F|384\/384
|-item|p1a: Arcanine|Air Balloon
|move|p2a: Entei|Bulldoze|p1a: Arcanine
|-immune|p1a: Arcanine|[msg]
|
|turn|7
|
|move|p2a: Entei|Extreme Speed|p1a: Arcanine
|-damage|p1a: Arcanine|273\/384
|-enditem|p1a: Arcanine|Air Balloon
|move|p1a: Arcanine|Flare Blitz|p2a: Entei
|-resisted|p2a: Entei
|-damage|p2a: Entei|204\/372
|-damage|p1a: Arcanine|234\/384|[from] recoil|[of] p2a: Entei
|
|turn|8
|
|switch|p1a: Swampert|Swampert, F|219\/404
|move|p2a: Entei|Bulldoze|p1a: Swampert
|-damage|p1a: Swampert|166\/404
|-unboost|p1a: Swampert|spe|1
|
|-heal|p1a: Swampert|191\/404|[from] item: Leftovers
|turn|9
|
|switch|p2a: Crobat|Crobat, F|311\/311
|move|p1a: Swampert|Scald|p2a: Crobat
|-damage|p2a: Crobat|250\/311
|-status|p2a: Crobat|brn
|
|-heal|p1a: Swampert|216\/404|[from] item: Leftovers
|-damage|p2a: Crobat|212\/311 brn|[from] brn
|turn|10
|
|move|p2a: Crobat|U-turn|p1a: Swampert
|-damage|p1a: Swampert|189\/404
|
|switch|p2a: Blastoise|Blastoise-Mega, F|48\/362 tox
|move|p1a: Swampert|Stealth Rock|p2a: Blastoise
|-sidestart|p2: Blblblb|move: Stealth Rock
|
|-heal|p1a: Swampert|214\/404|[from] item: Leftovers
|-damage|p2a: Blastoise|26\/362 tox|[from] psn
|turn|11
|
|switch|p1a: Roserade|Roserade, F|261\/324
|move|p2a: Blastoise|Dragon Pulse|p1a: Roserade
|-damage|p1a: Roserade|123\/324
|
|-damage|p2a: Blastoise|0 fnt|[from] psn
|faint|p2a: Blastoise
|
|switch|p2a: Alakazam|Alakazam, M|252\/252
|turn|12
|
|move|p2a: Alakazam|Focus Blast|p1a: Roserade
|-resisted|p1a: Roserade
|-damage|p1a: Roserade|68\/324
|move|p1a: Roserade|Giga Drain|p2a: Alakazam
|-damage|p2a: Alakazam|140\/252
|-heal|p1a: Roserade|141\/324|[from] drain|[of] p2a: Alakazam
|
|turn|13
|
|move|p2a: Alakazam|Psychic|p1a: Roserade
|-supereffective|p1a: Roserade
|-damage|p1a: Roserade|0 fnt
|faint|p1a: Roserade
|
|
|switch|p1a: Arcanine|Arcanine, F|234\/384
|turn|14
|
|move|p1a: Arcanine|Extreme Speed|p2a: Alakazam
|-damage|p2a: Alakazam|0 fnt
|faint|p2a: Alakazam
|
|
|switch|p2a: Entei|Entei, shiny|204\/372
|-damage|p2a: Entei|111\/372|[from] Stealth Rock
|-ability|p2a: Entei|Pressure
|turn|15
|
|move|p2a: Entei|Extreme Speed|p1a: Arcanine
|-damage|p1a: Arcanine|128\/384
|move|p1a: Arcanine|Extreme Speed|p2a: Entei
|-damage|p2a: Entei|5\/372
|
|turn|16
|
|move|p2a: Entei|Extreme Speed|p1a: Arcanine
|-damage|p1a: Arcanine|16\/384
|move|p1a: Arcanine|Extreme Speed|p2a: Entei
|-damage|p2a: Entei|0 fnt
|faint|p2a: Entei
|
|
|switch|p2a: Crobat|Crobat, F|212\/311 brn
|-damage|p2a: Crobat|135\/311 brn|[from] Stealth Rock
|turn|17
|
|move|p1a: Arcanine|Extreme Speed|p2a: Crobat
|-damage|p2a: Crobat|20\/311 brn
|move|p2a: Crobat|Cross Poison|p1a: Arcanine
|-damage|p1a: Arcanine|0 fnt
|faint|p1a: Arcanine
|
|-damage|p2a: Crobat|0 fnt|[from] brn
|faint|p2a: Crobat
|
|switch|p1a: Lucario|Lucario, F|281\/281
|switch|p2a: Snorlax|Snorlax, F|461\/461
|-damage|p2a: Snorlax|404\/461|[from] Stealth Rock
|turn|18
|
|move|p1a: Lucario|Aura Sphere|p2a: Snorlax
|-supereffective|p2a: Snorlax
|-damage|p2a: Snorlax|186\/461
|-damage|p1a: Lucario|253\/281|[from] item: Life Orb
|move|p2a: Snorlax|Earthquake|p1a: Lucario
|-supereffective|p1a: Lucario
|-damage|p1a: Lucario|0 fnt
|faint|p1a: Lucario
|
|
|switch|p1a: Aerodactyl|Aerodactyl, F|301\/301
|-ability|p1a: Aerodactyl|Unnerve|p2: Blblblb
|turn|19
|
|detailschange|p1a: Aerodactyl|Aerodactyl-Mega, F
|message|Aerodactyl has Mega Evolved into Mega Aerodactyl!
|move|p1a: Aerodactyl|Rock Slide|p2a: Snorlax
|-damage|p2a: Snorlax|36\/461
|cant|p2a: Snorlax|flinch
|
|turn|20
|
|move|p1a: Aerodactyl|Earthquake|p2a: Snorlax
|-damage|p2a: Snorlax|0 fnt
|faint|p2a: Snorlax
|
|
|switch|p2a: Jirachi|Jirachi|397\/397
|-damage|p2a: Jirachi|373\/397|[from] Stealth Rock
|turn|21
|
|move|p1a: Aerodactyl|Earthquake|p2a: Jirachi
|-supereffective|p2a: Jirachi
|-damage|p2a: Jirachi|129\/397
|move|p2a: Jirachi|Body Slam|p1a: Aerodactyl
|-resisted|p1a: Aerodactyl
|-damage|p1a: Aerodactyl|249\/301
|-status|p1a: Aerodactyl|par
|
|-heal|p2a: Jirachi|153\/397|[from] item: Leftovers
|turn|22
|
|move|p2a: Jirachi|Zen Headbutt|p1a: Aerodactyl
|-damage|p1a: Aerodactyl|111\/301 par
|cant|p1a: Aerodactyl|par
|
|-heal|p2a: Jirachi|177\/397|[from] item: Leftovers
|turn|23
|
|move|p2a: Jirachi|Zen Headbutt|p1a: Aerodactyl
|-damage|p1a: Aerodactyl|0 fnt
|faint|p1a: Aerodactyl
|
|-heal|p2a: Jirachi|201\/397|[from] item: Leftovers
|
|switch|p1a: Umbreon|Umbreon, M|150\/394
|turn|24
|
|move|p2a: Jirachi|Body Slam|p1a: Umbreon
|-damage|p1a: Umbreon|64\/394
|-status|p1a: Umbreon|par
|-status|p2a: Jirachi|par
|move|p1a: Umbreon|Moonlight|p1a: Umbreon
|-heal|p1a: Umbreon|261\/394 par
|
|-heal|p2a: Jirachi|225\/397 par|[from] item: Leftovers
|-heal|p1a: Umbreon|285\/394 par|[from] item: Leftovers
|turn|25
|
|move|p2a: Jirachi|Iron Head|p1a: Umbreon
|-damage|p1a: Umbreon|167\/394 par
|cant|p1a: Umbreon|par
|
|-heal|p2a: Jirachi|249\/397 par|[from] item: Leftovers
|-heal|p1a: Umbreon|191\/394 par|[from] item: Leftovers
|turn|26
|
|cant|p2a: Jirachi|par
|move|p1a: Umbreon|Foul Play|p2a: Jirachi
|-supereffective|p2a: Jirachi
|-damage|p2a: Jirachi|0 fnt
|faint|p2a: Jirachi
|
|win|teamtest239852
|raw|Ladder updating...
|c|âteamtest239852|gg
|leave|Blblblb
|player|p2
|raw|Ladder (probably) updated, but score could not be retrieved (timeout).
|raw|Ladder (probably) updated, but score could not be retrieved (Error: socket hang up).