|join|teamtest239852
|join|lolmitchell
|player|p1|teamtest239852|7
|player|p2|lolmitchell|129
|gametype|singles
|gen|6
|tier|UU
|rated
|rule|Sleep Clause Mod: Limit one foe put to sleep
|rule|Species Clause: Limit one of each PokÃ©mon
|rule|OHKO Clause: OHKO moves are banned
|rule|Moody Clause: Moody is banned
|rule|Evasion Moves Clause: Evasion moves are banned
|rule|Endless Battle Clause: Forcing endless battles is banned
|rule|HP Percentage Mod: HP is shown in percentages
|clearpoke
|poke|p1|Beedrill, F
|poke|p1|Arcanine, M
|poke|p1|Hydreigon, F
|poke|p1|Milotic, M
|poke|p1|Hitmontop, M
|poke|p1|Roserade, F
|poke|p2|Goodra, M
|poke|p2|Suicune
|poke|p2|Forretress, F
|poke|p2|Chesnaught, M
|poke|p2|Entei, shiny
|poke|p2|Beedrill, M
|rule|Swagger Clause: Swagger is banned
|rule|Baton Pass Clause: Limit one PokÃ©mon knowing Baton Pass
|teampreview
|
|start
|switch|p1a: Beedrill|Beedrill, F|271\/271
|switch|p2a: Beedrill|Beedrill, M|271\/271
|turn|1
|
|detailschange|p1a: Beedrill|Beedrill-Mega, F
|message|Beedrill has Mega Evolved into Mega Beedrill!
|detailschange|p2a: Beedrill|Beedrill-Mega, M
|message|Beedrill has Mega Evolved into Mega Beedrill!
|move|p1a: Beedrill|U-turn|p2a: Beedrill
|-resisted|p2a: Beedrill
|-damage|p2a: Beedrill|70\/271
|
|switch|p1a: Arcanine|Arcanine, M|384\/384
|-ability|p1a: Arcanine|Intimidate|[of] p2a: Beedrill
|-unboost|p2a: Beedrill|atk|1
|move|p2a: Beedrill|Drill Run|p1a: Arcanine
|-supereffective|p1a: Arcanine
|-damage|p1a: Arcanine|254\/384
|-damage|p2a: Beedrill|25\/271|[from] item: Rocky Helmet|[of] p1a: Arcanine
|
|turn|2
|
|switch|p2a: Suicune|Suicune|404\/404
|-ability|p2a: Suicune|Pressure
|move|p1a: Arcanine|Will-O-Wisp|p2a: Suicune
|-status|p2a: Suicune|brn
|
|-damage|p2a: Suicune|354\/404 brn|[from] brn
|turn|3
|
|switch|p1a: Hydreigon|Hydreigon, F|325\/325
|move|p2a: Suicune|Scald|p1a: Hydreigon
|-resisted|p1a: Hydreigon
|-damage|p1a: Hydreigon|280\/325
|
|-heal|p2a: Suicune|379\/404 brn|[from] item: Leftovers
|-damage|p2a: Suicune|329\/404 brn|[from] brn
|turn|4
|
|switch|p2a: Goodra|Goodra, M|381\/381
|move|p1a: Hydreigon|Draco Meteor|p2a: Goodra
|-supereffective|p2a: Goodra
|-damage|p2a: Goodra|75\/381
|-unboost|p1a: Hydreigon|spa|2
|
|turn|5
|
|switch|p2a: Forretress|Forretress, F|354\/354
|move|p1a: Hydreigon|Draco Meteor|p2a: Forretress
|-resisted|p2a: Forretress
|-damage|p2a: Forretress|275\/354
|-unboost|p1a: Hydreigon|spa|2
|
|-heal|p2a: Forretress|297\/354|[from] item: Leftovers
|turn|6
|
|switch|p1a: Arcanine|Arcanine, M|254\/384
|-ability|p1a: Arcanine|Intimidate|[of] p2a: Forretress
|-unboost|p2a: Forretress|atk|1
|move|p2a: Forretress|Toxic|p1a: Arcanine
|-status|p1a: Arcanine|tox
|
|-heal|p2a: Forretress|319\/354|[from] item: Leftovers
|-damage|p1a: Arcanine|230\/384 tox|[from] psn
|turn|7
|
|switch|p2a: Suicune|Suicune|329\/404 brn
|-ability|p2a: Suicune|Pressure
|move|p1a: Arcanine|Flare Blitz|p2a: Suicune
|-resisted|p2a: Suicune
|-damage|p2a: Suicune|277\/404 brn
|-damage|p1a: Arcanine|213\/384 tox|[from] recoil|[of] p2a: Suicune
|
|-heal|p2a: Suicune|302\/404 brn|[from] item: Leftovers
|-damage|p1a: Arcanine|165\/384 tox|[from] psn
|-damage|p2a: Suicune|252\/404 brn|[from] brn
|turn|8
|
|move|p1a: Arcanine|Morning Sun|p1a: Arcanine
|-heal|p1a: Arcanine|357\/384 tox
|move|p2a: Suicune|Scald|p1a: Arcanine
|-supereffective|p1a: Arcanine
|-damage|p1a: Arcanine|159\/384 tox
|
|-heal|p2a: Suicune|277\/404 brn|[from] item: Leftovers
|-damage|p1a: Arcanine|87\/384 tox|[from] psn
|-damage|p2a: Suicune|227\/404 brn|[from] brn
|turn|9
|
|switch|p1a: Hydreigon|Hydreigon, F|280\/325
|move|p2a: Suicune|Scald|p1a: Hydreigon
|-resisted|p1a: Hydreigon
|-damage|p1a: Hydreigon|236\/325
|-status|p1a: Hydreigon|brn
|
|-heal|p2a: Suicune|252\/404 brn|[from] item: Leftovers
|-damage|p1a: Hydreigon|196\/325 brn|[from] brn
|-damage|p2a: Suicune|202\/404 brn|[from] brn
|turn|10
|
|move|p1a: Hydreigon|Dark Pulse|p2a: Suicune
|-crit|p2a: Suicune
|-damage|p2a: Suicune|0 fnt
|faint|p2a: Suicune
|
|-damage|p1a: Hydreigon|156\/325 brn|[from] brn
|
|switch|p2a: Beedrill|Beedrill-Mega, M|25\/271
|turn|11
|
|switch|p1a: Arcanine|Arcanine, M|87\/384 tox
|-ability|p1a: Arcanine|Intimidate|[of] p2a: Beedrill
|-unboost|p2a: Beedrill|atk|1
|move|p2a: Beedrill|U-turn|p1a: Arcanine
|-resisted|p1a: Arcanine
|-damage|p1a: Arcanine|26\/384 tox
|-damage|p2a: Beedrill|0 fnt|[from] item: Rocky Helmet|[of] p1a: Arcanine
|faint|p2a: Beedrill
|
|-damage|p1a: Arcanine|2\/384 tox|[from] psn
|
|switch|p2a: Chesnaught|Chesnaught, M|380\/380
|turn|12
|
|move|p2a: Chesnaught|Spiky Shield|p2a: Chesnaught
|-singleturn|p2a: Chesnaught|move: Protect
|move|p1a: Arcanine|Morning Sun|p1a: Arcanine
|-heal|p1a: Arcanine|194\/384 tox
|
|-damage|p1a: Arcanine|146\/384 tox|[from] psn
|turn|13
|
|move|p1a: Arcanine|Will-O-Wisp|p2a: Chesnaught|[miss]
|-miss|p1a: Arcanine|p2a: Chesnaught
|move|p2a: Chesnaught|Spikes|p1a: Arcanine
|-sidestart|p1: teamtest239852|Spikes
|
|-damage|p1a: Arcanine|74\/384 tox|[from] psn
|turn|14
|
|move|p1a: Arcanine|Will-O-Wisp|p2a: Chesnaught
|-status|p2a: Chesnaught|brn
|move|p2a: Chesnaught|Spikes|p1a: Arcanine
|-sidestart|p1: teamtest239852|Spikes
|
|-damage|p1a: Arcanine|0 fnt|[from] psn
|-damage|p2a: Chesnaught|333\/380 brn|[from] brn
|faint|p1a: Arcanine
|
|switch|p1a: Hitmontop|Hitmontop, M|304\/304
|-damage|p1a: Hitmontop|254\/304|[from] Spikes
|-ability|p1a: Hitmontop|Intimidate|[of] p2a: Chesnaught
|-unboost|p2a: Chesnaught|atk|1
|turn|15
|
|move|p1a: Hitmontop|Rapid Spin|p2a: Chesnaught
|-damage|p2a: Chesnaught|318\/380 brn
|-sideend|p1: teamtest239852|Spikes|[from] move: Rapid Spin|[of] p1a: Hitmontop
|move|p2a: Chesnaught|Leech Seed|p1a: Hitmontop
|-start|p1a: Hitmontop|move: Leech Seed
|
|-heal|p2a: Chesnaught|341\/380 brn|[from] item: Leftovers
|-damage|p1a: Hitmontop|216\/304|[from] Leech Seed|[of] p2a: Chesnaught
|-heal|p2a: Chesnaught|379\/380 brn|[silent]
|-damage|p2a: Chesnaught|332\/380 brn|[from] brn
|turn|16
|
|switch|p1a: Beedrill|Beedrill-Mega, F|271\/271
|move|p2a: Chesnaught|Spiky Shield|p2a: Chesnaught
|-fail|p2a: Chesnaught
|
|-heal|p2a: Chesnaught|355\/380 brn|[from] item: Leftovers
|-damage|p2a: Chesnaught|308\/380 brn|[from] brn
|turn|17
|
|move|p1a: Beedrill|Poison Jab|p2a: Chesnaught
|-supereffective|p2a: Chesnaught
|-damage|p2a: Chesnaught|28\/380 brn
|move|p2a: Chesnaught|Leech Seed|p1a: Beedrill
|-start|p1a: Beedrill|move: Leech Seed
|
|-heal|p2a: Chesnaught|51\/380 brn|[from] item: Leftovers
|-damage|p1a: Beedrill|238\/271|[from] Leech Seed|[of] p2a: Chesnaught
|-heal|p2a: Chesnaught|84\/380 brn|[silent]
|-damage|p2a: Chesnaught|37\/380 brn|[from] brn
|turn|18
|
|switch|p1a: Hitmontop|Hitmontop, M|216\/304
|-ability|p1a: Hitmontop|Intimidate|[of] p2a: Chesnaught
|-unboost|p2a: Chesnaught|atk|1
|move|p2a: Chesnaught|Spiky Shield|p2a: Chesnaught
|-fail|p2a: Chesnaught
|
|-heal|p2a: Chesnaught|60\/380 brn|[from] item: Leftovers
|-damage|p2a: Chesnaught|13\/380 brn|[from] brn
|turn|19
|
|move|p1a: Hitmontop|Mach Punch|p2a: Chesnaught
|-damage|p2a: Chesnaught|0 fnt
|faint|p2a: Chesnaught
|
|
|switch|p2a: Entei|Entei, shiny|372\/372
|-ability|p2a: Entei|Pressure
|turn|20
|
|move|p2a: Entei|Sacred Fire|p1a: Hitmontop
|-damage|p1a: Hitmontop|0 fnt
|faint|p1a: Hitmontop
|
|
|switch|p1a: Milotic|Milotic, M|394\/394
|turn|21
|
|move|p2a: Entei|Sacred Fire|p1a: Milotic
|-resisted|p1a: Milotic
|-damage|p1a: Milotic|223\/394
|move|p1a: Milotic|Scald|p2a: Entei
|-supereffective|p2a: Entei
|-damage|p2a: Entei|132\/372
|
|-heal|p1a: Milotic|247\/394|[from] item: Leftovers
|turn|22
|
|move|p2a: Entei|Sacred Fire|p1a: Milotic
|-resisted|p1a: Milotic
|-damage|p1a: Milotic|78\/394
|-status|p1a: Milotic|brn
|move|p1a: Milotic|Scald|p2a: Entei
|-supereffective|p2a: Entei
|-damage|p2a: Entei|0 fnt
|faint|p2a: Entei
|
|-heal|p1a: Milotic|102\/394 brn|[from] item: Leftovers
|-damage|p1a: Milotic|53\/394 brn|[from] brn
|
|switch|p2a: Goodra|Goodra, M|75\/381
|turn|23
|
|move|p2a: Goodra|Draco Meteor|p1a: Milotic
|-crit|p1a: Milotic
|-damage|p1a: Milotic|0 fnt
|-unboost|p2a: Goodra|spa|2
|faint|p1a: Milotic
|
|
|switch|p1a: Beedrill|Beedrill-Mega, F|238\/271
|turn|24
|-message|lolmitchell forfeited.
|
|win|teamtest239852
|raw|Ladder updating...
|leave|lolmitchell
|player|p2
|raw|teamtest239852's rating: 1468 &rarr; <strong>1479<\/strong><br \/>(+11 for winning)
|raw|lolmitchell's rating: 1304 &rarr; <strong>1292<\/strong><br \/>(-12 for losing)