|join|teamtest239852
|join|Sae
|player|p1|teamtest239852|15
|player|p2|Sae|99
|gametype|singles
|gen|6
|tier|UU
|rated
|rule|Sleep Clause Mod: Limit one foe put to sleep
|rule|Species Clause: Limit one of each PokÃ©mon
|rule|OHKO Clause: OHKO moves are banned
|rule|Moody Clause: Moody is banned
|rule|Evasion Moves Clause: Evasion moves are banned
|rule|Endless Battle Clause: Forcing endless battles is banned
|rule|HP Percentage Mod: HP is shown in percentages
|clearpoke
|poke|p1|Slowking, M
|poke|p1|Amoonguss, F
|poke|p1|Florges, F
|poke|p1|Absol, M
|poke|p1|Crobat, F
|poke|p1|Flygon, M
|poke|p2|Hydreigon, M
|poke|p2|Pidgeot, F
|poke|p2|Forretress, F
|poke|p2|Entei, shiny
|poke|p2|Suicune
|poke|p2|Florges, F
|rule|Swagger Clause: Swagger is banned
|rule|Baton Pass Clause: Limit one PokÃ©mon knowing Baton Pass
|teampreview
|
|start
|switch|p1a: Slowking|Slowking, M|393\/393
|switch|p2a: Pidgeot|Pidgeot, F|307\/307
|turn|1
|
|detailschange|p2a: Pidgeot|Pidgeot-Mega, F
|-mega|p2a: Pidgeot|Pidgeot|Pidgeotite
|move|p2a: Pidgeot|U-turn|p1a: Slowking
|-supereffective|p1a: Slowking
|-damage|p1a: Slowking|285\/393
|
|switch|p2a: Hydreigon|Hydreigon, M|325\/325
|move|p1a: Slowking|Scald|p2a: Hydreigon
|-resisted|p2a: Hydreigon
|-damage|p2a: Hydreigon|255\/325
|
|turn|2
|
|move|p2a: Hydreigon|U-turn|p1a: Slowking
|-supereffective|p1a: Slowking
|-damage|p1a: Slowking|149\/393
|join|Gimilion
|
|switch|p2a: Suicune|Suicune|404\/404
|-ability|p2a: Suicune|Pressure
|move|p1a: Slowking|Ice Beam|p2a: Suicune
|-resisted|p2a: Suicune
|-damage|p2a: Suicune|360\/404
|
|-heal|p2a: Suicune|385\/404|[from] item: Leftovers
|turn|3
|
|move|p2a: Suicune|Calm Mind|p2a: Suicune
|-boost|p2a: Suicune|spa|1
|-boost|p2a: Suicune|spd|1
|move|p1a: Slowking|Scald|p2a: Suicune
|-resisted|p2a: Suicune
|-damage|p2a: Suicune|350\/404
|-status|p2a: Suicune|brn
|
|-heal|p2a: Suicune|375\/404 brn|[from] item: Leftovers
|-damage|p2a: Suicune|325\/404 brn|[from] brn
|turn|4
|
|switch|p1a: Amoonguss|Amoonguss, F|432\/432
|move|p2a: Suicune|Scald|p1a: Amoonguss
|-resisted|p1a: Amoonguss
|-damage|p1a: Amoonguss|369\/432
|
|-heal|p2a: Suicune|350\/404 brn|[from] item: Leftovers
|-heal|p1a: Amoonguss|396\/432|[from] item: Black Sludge
|-damage|p2a: Suicune|300\/404 brn|[from] brn
|turn|5
|
|move|p2a: Suicune|Calm Mind|p2a: Suicune
|-boost|p2a: Suicune|spa|1
|-boost|p2a: Suicune|spd|1
|move|p1a: Amoonguss|Giga Drain|p2a: Suicune
|-supereffective|p2a: Suicune
|-damage|p2a: Suicune|228\/404 brn
|-heal|p1a: Amoonguss|432\/432|[from] drain|[of] p2a: Suicune
|
|-heal|p2a: Suicune|253\/404 brn|[from] item: Leftovers
|-damage|p2a: Suicune|203\/404 brn|[from] brn
|turn|6
|
|move|p2a: Suicune|Rest|p2a: Suicune
|-status|p2a: Suicune|slp
|-heal|p2a: Suicune|404\/404 slp|[silent]
|-status|p2a: Suicune|slp|[from] move: Rest
|move|p1a: Amoonguss|Clear Smog|p2a: Suicune
|-damage|p2a: Suicune|379\/404 slp
|-clearboost|p2a: Suicune
|
|-heal|p2a: Suicune|404\/404 slp|[from] item: Leftovers
|turn|7
|
|switch|p2a: Forretress|Forretress, F|354\/354
|move|p1a: Amoonguss|Spore|p2a: Forretress
|-status|p2a: Forretress|slp
|
|turn|8
|
|move|p1a: Amoonguss|Foul Play|p2a: Forretress
|-damage|p2a: Forretress|318\/354 slp
|cant|p2a: Forretress|slp
|
|-heal|p2a: Forretress|340\/354 slp|[from] item: Leftovers
|turn|9
|
|switch|p1a: Slowking|Slowking, M|280\/393
|-curestatus|p2a: Forretress|slp
|move|p2a: Forretress|Stealth Rock|p1a: Slowking
|-sidestart|p1: teamtest239852|move: Stealth Rock
|
|-heal|p2a: Forretress|354\/354|[from] item: Leftovers
|turn|10
|
|move|p1a: Slowking|Scald|p2a: Forretress
|-damage|p2a: Forretress|173\/354
|move|p2a: Forretress|Volt Switch|p1a: Slowking
|-supereffective|p1a: Slowking
|-damage|p1a: Slowking|238\/393
|
|switch|p2a: Hydreigon|Hydreigon, M|255\/325
|
|turn|11
|
|switch|p1a: Florges|Florges, F|360\/360
|-damage|p1a: Florges|315\/360|[from] Stealth Rock
|move|p2a: Hydreigon|Dark Pulse|p1a: Florges
|-resisted|p1a: Florges
|-damage|p1a: Florges|273\/360
|
|-heal|p1a: Florges|295\/360|[from] item: Leftovers
|turn|12
|join|Animus Majulous
|
|switch|p2a: Entei|Entei, shiny|371\/371
|-ability|p2a: Entei|Pressure
|move|p1a: Florges|Wish|p1a: Florges
|
|-heal|p1a: Florges|317\/360|[from] item: Leftovers
|turn|13
|
|switch|p1a: Slowking|Slowking, M|369\/393
|-damage|p1a: Slowking|320\/393|[from] Stealth Rock
|move|p2a: Entei|Sacred Fire|p1a: Slowking
|-resisted|p1a: Slowking
|-damage|p1a: Slowking|151\/393
|
|-heal|p1a: Slowking|331\/393|[from] move: Wish|[wisher] Florges
|turn|14
|
|move|p2a: Entei|Sacred Fire|p1a: Slowking
|-resisted|p1a: Slowking
|-damage|p1a: Slowking|167\/393
|-status|p1a: Slowking|brn
|move|p1a: Slowking|Scald|p2a: Entei
|-supereffective|p2a: Entei
|-damage|p2a: Entei|53\/371
|
|-damage|p1a: Slowking|118\/393 brn|[from] brn
|turn|15
|c|+Animus Majulous|that sacred fire did a lot of damage
|c| Gimilion|ouch
|
|switch|p1a: Flygon|Flygon, M|301\/301
|-damage|p1a: Flygon|283\/301|[from] Stealth Rock
|move|p2a: Entei|Sacred Fire|p1a: Flygon
|-resisted|p1a: Flygon
|-damage|p1a: Flygon|112\/301
|-status|p1a: Flygon|brn
|
|-damage|p1a: Flygon|75\/301 brn|[from] brn
|turn|16
|c|+Animus Majulous|things are being burned as we speak
|
|switch|p2a: Forretress|Forretress, F|173\/354
|move|p1a: Flygon|Earthquake|p2a: Forretress
|-damage|p2a: Forretress|133\/354
|
|-heal|p2a: Forretress|155\/354|[from] item: Leftovers
|-damage|p1a: Flygon|38\/301 brn|[from] brn
|turn|17
|
|switch|p1a: Crobat|Crobat, F|373\/373
|-damage|p1a: Crobat|280\/373|[from] Stealth Rock
|move|p2a: Forretress|Volt Switch|p1a: Crobat
|-supereffective|p1a: Crobat
|-damage|p1a: Crobat|198\/373
|
|switch|p2a: Pidgeot|Pidgeot-Mega, F|307\/307
|
|-heal|p1a: Crobat|221\/373|[from] item: Black Sludge
|turn|18
|
|switch|p1a: Flygon|Flygon, M|38\/301 brn
|-damage|p1a: Flygon|20\/301 brn|[from] Stealth Rock
|move|p2a: Pidgeot|Hurricane|p1a: Flygon
|-damage|p1a: Flygon|0 fnt
|faint|p1a: Flygon
|
|c| Gimilion|bye flygon
|
|switch|p1a: Florges|Florges, F|317\/360
|-damage|p1a: Florges|272\/360|[from] Stealth Rock
|turn|19
|
|move|p2a: Pidgeot|U-turn|p1a: Florges
|-resisted|p1a: Florges
|-damage|p1a: Florges|253\/360
|
|switch|p2a: Forretress|Forretress, F|155\/354
|move|p1a: Florges|Wish|p1a: Florges
|
|-heal|p1a: Florges|275\/360|[from] item: Leftovers
|-heal|p2a: Forretress|177\/354|[from] item: Leftovers
|turn|20
|
|move|p1a: Florges|Aromatherapy|p1a: Florges
|-cureteam|p1a: Florges|[from] move: Aromatherapy
|move|p2a: Forretress|Gyro Ball|p1a: Florges
|-supereffective|p1a: Florges
|-damage|p1a: Florges|135\/360
|
|-heal|p1a: Florges|315\/360|[from] move: Wish|[wisher] Florges
|-heal|p1a: Florges|337\/360|[from] item: Leftovers
|-heal|p2a: Forretress|199\/354|[from] item: Leftovers
|turn|21
|c| Gimilion|ow
|
|move|p1a: Florges|Wish|p1a: Florges
|move|p2a: Forretress|Volt Switch|p1a: Florges
|-damage|p1a: Florges|312\/360
|
|switch|p2a: Entei|Entei, shiny|53\/371
|-ability|p2a: Entei|Pressure
|
|-heal|p1a: Florges|334\/360|[from] item: Leftovers
|turn|22
|
|move|p2a: Entei|Sacred Fire|p1a: Florges
|-damage|p1a: Florges|54\/360
|-status|p1a: Florges|brn
|move|p1a: Florges|Moonblast|p2a: Entei
|-crit|p2a: Entei
|-resisted|p2a: Entei
|-damage|p2a: Entei|0 fnt
|faint|p2a: Entei
|
|-heal|p1a: Florges|234\/360 brn|[from] move: Wish|[wisher] Florges
|-heal|p1a: Florges|256\/360 brn|[from] item: Leftovers
|-damage|p1a: Florges|211\/360 brn|[from] brn
|c| Gimilion|ouch
|c| Gimilion|that sacred fire did a lot of damage
|
|switch|p2a: Forretress|Forretress, F|199\/354
|turn|23
|c| Gimilion|burn too
|leave|Animus Majulous
|
|move|p1a: Florges|Wish|p1a: Florges
|move|p2a: Forretress|Gyro Ball|p1a: Florges
|-supereffective|p1a: Florges
|-damage|p1a: Florges|67\/360 brn
|
|-heal|p1a: Florges|89\/360 brn|[from] item: Leftovers
|-heal|p2a: Forretress|221\/354|[from] item: Leftovers
|-damage|p1a: Florges|44\/360 brn|[from] brn
|turn|24
|c| Gimilion|that hurt
|
|move|p1a: Florges|Protect|p1a: Florges
|-singleturn|p1a: Florges|Protect
|move|p2a: Forretress|Gyro Ball|p1a: Florges
|-activate|p1a: Florges|Protect
|
|-heal|p1a: Florges|224\/360 brn|[from] move: Wish|[wisher] Florges
|-heal|p1a: Florges|246\/360 brn|[from] item: Leftovers
|-heal|p2a: Forretress|243\/354|[from] item: Leftovers
|-damage|p1a: Florges|201\/360 brn|[from] brn
|turn|25
|
|move|p1a: Florges|Wish|p1a: Florges
|move|p2a: Forretress|Gyro Ball|p1a: Florges
|-supereffective|p1a: Florges
|-damage|p1a: Florges|57\/360 brn
|
|-heal|p1a: Florges|79\/360 brn|[from] item: Leftovers
|-heal|p2a: Forretress|265\/354|[from] item: Leftovers
|-damage|p1a: Florges|34\/360 brn|[from] brn
|turn|26
|c| Gimilion|so close
|
|move|p1a: Florges|Protect|p1a: Florges
|-singleturn|p1a: Florges|Protect
|move|p2a: Forretress|Gyro Ball|p1a: Florges
|-activate|p1a: Florges|Protect
|
|-heal|p1a: Florges|214\/360 brn|[from] move: Wish|[wisher] Florges
|-heal|p1a: Florges|236\/360 brn|[from] item: Leftovers
|-heal|p2a: Forretress|287\/354|[from] item: Leftovers
|-damage|p1a: Florges|191\/360 brn|[from] brn
|turn|27
|
|switch|p1a: Slowking|Slowking, M|249\/393
|-damage|p1a: Slowking|200\/393|[from] Stealth Rock
|move|p2a: Forretress|Gyro Ball|p1a: Slowking
|-resisted|p1a: Slowking
|-damage|p1a: Slowking|179\/393
|
|-heal|p2a: Forretress|309\/354|[from] item: Leftovers
|turn|28
|
|move|p1a: Slowking|Fire Blast|p2a: Forretress|[miss]
|-miss|p1a: Slowking|p2a: Forretress
|move|p2a: Forretress|Volt Switch|p1a: Slowking
|-supereffective|p1a: Slowking
|-damage|p1a: Slowking|139\/393
|c| Gimilion|NO!!
|
|switch|p2a: Pidgeot|Pidgeot-Mega, F|307\/307
|
|turn|29
|c| Gimilion|BHO!!
|
|move|p2a: Pidgeot|Hurricane|p1a: Slowking
|-crit|p1a: Slowking
|-damage|p1a: Slowking|0 fnt
|faint|p1a: Slowking
|
|c| Gimilion|oops
|
|switch|p1a: Florges|Florges, F|191\/360 brn
|-damage|p1a: Florges|146\/360 brn|[from] Stealth Rock
|turn|30
|
|move|p2a: Pidgeot|Hurricane|p1a: Florges
|-damage|p1a: Florges|14\/360 brn
|move|p1a: Florges|Wish|p1a: Florges
|
|-heal|p1a: Florges|36\/360 brn|[from] item: Leftovers
|-damage|p1a: Florges|0 fnt|[from] brn
|faint|p1a: Florges
|c| Gimilion|they're dropping like flies
|
|switch|p1a: Absol|Absol, M|271\/271
|-damage|p1a: Absol|238\/271|[from] Stealth Rock
|turn|31
|
|detailschange|p1a: Absol|Absol-Mega, M
|-mega|p1a: Absol|Absol|Absolite
|move|p1a: Absol|Sucker Punch|p2a: Pidgeot
|-crit|p2a: Pidgeot
|-damage|p2a: Pidgeot|4\/307
|move|p2a: Pidgeot|U-turn|p1a: Absol
|-crit|p1a: Absol
|-supereffective|p1a: Absol
|-damage|p1a: Absol|66\/271
|c| Gimilion|snap
|
|switch|p2a: Hydreigon|Hydreigon, M|255\/325
|
|-heal|p1a: Absol|246\/271|[from] move: Wish|[wisher] Florges
|turn|32
|
|switch|p1a: Amoonguss|Amoonguss, F|432\/432
|-damage|p1a: Amoonguss|378\/432|[from] Stealth Rock
|move|p2a: Hydreigon|U-turn|p1a: Amoonguss
|-damage|p1a: Amoonguss|321\/432
|
|switch|p2a: Pidgeot|Pidgeot-Mega, F|4\/307
|
|-heal|p1a: Amoonguss|348\/432|[from] item: Black Sludge
|turn|33
|
|move|p2a: Pidgeot|Hurricane|p1a: Amoonguss
|-supereffective|p1a: Amoonguss
|-damage|p1a: Amoonguss|0 fnt
|faint|p1a: Amoonguss
|
|c| Gimilion|nope
|
|switch|p1a: Absol|Absol-Mega, M|246\/271
|-damage|p1a: Absol|213\/271|[from] Stealth Rock
|turn|34
|
|move|p2a: Pidgeot|Roost|p2a: Pidgeot
|-heal|p2a: Pidgeot|158\/307
|move|p1a: Absol|Swords Dance|p1a: Absol
|-boost|p1a: Absol|atk|2
|
|turn|35
|
|move|p1a: Absol|Sucker Punch|p2a: Pidgeot
|-damage|p2a: Pidgeot|0 fnt
|faint|p2a: Pidgeot
|
|
|switch|p2a: Florges|Florges, F|360\/360
|turn|36
|
|switch|p1a: Crobat|Crobat, F|221\/373
|-damage|p1a: Crobat|128\/373|[from] Stealth Rock
|move|p2a: Florges|Moonblast|p1a: Crobat
|-resisted|p1a: Crobat
|-damage|p1a: Crobat|50\/373
|
|-heal|p1a: Crobat|73\/373|[from] item: Black Sludge
|turn|37
|
|move|p1a: Crobat|Roost|p1a: Crobat
|-heal|p1a: Crobat|260\/373
|move|p2a: Florges|Aromatherapy|p2a: Florges
|-cureteam|p2a: Florges|[from] move: Aromatherapy
|
|-heal|p1a: Crobat|283\/373|[from] item: Black Sludge
|turn|38
|
|move|p1a: Crobat|Defog|p2a: Florges
|-unboost|p2a: Florges|evasion|1
|-sideend|p1: teamtest239852|Stealth Rock|[from] move: Defog|[of] p1a: Crobat
|move|p2a: Florges|Wish|p2a: Florges
|
|-heal|p1a: Crobat|306\/373|[from] item: Black Sludge
|turn|39
|
|switch|p2a: Hydreigon|Hydreigon, M|255\/325
|move|p1a: Crobat|Super Fang|p2a: Hydreigon
|-damage|p2a: Hydreigon|128\/325
|
|-heal|p2a: Hydreigon|308\/325|[from] move: Wish|[wisher] Florges
|-heal|p1a: Crobat|329\/373|[from] item: Black Sludge
|turn|40
|
|move|p2a: Hydreigon|Draco Meteor|p1a: Crobat
|-damage|p1a: Crobat|79\/373
|-unboost|p2a: Hydreigon|spa|2
|move|p1a: Crobat|Roost|p1a: Crobat
|-heal|p1a: Crobat|266\/373
|
|-heal|p1a: Crobat|289\/373|[from] item: Black Sludge
|turn|41
|
|switch|p2a: Suicune|Suicune|404\/404
|-ability|p2a: Suicune|Pressure
|move|p1a: Crobat|Super Fang|p2a: Suicune
|-damage|p2a: Suicune|202\/404
|
|-heal|p1a: Crobat|312\/373|[from] item: Black Sludge
|-heal|p2a: Suicune|227\/404|[from] item: Leftovers
|turn|42
|
|move|p1a: Crobat|Super Fang|p2a: Suicune
|-damage|p2a: Suicune|114\/404
|move|p2a: Suicune|Scald|p1a: Crobat
|-damage|p1a: Crobat|198\/373
|-status|p1a: Crobat|brn
|
|-heal|p1a: Crobat|221\/373 brn|[from] item: Black Sludge
|-heal|p2a: Suicune|139\/404|[from] item: Leftovers
|-damage|p1a: Crobat|175\/373 brn|[from] brn
|turn|43
|c| Gimilion|burned
|
|move|p1a: Crobat|Brave Bird|p2a: Suicune
|-damage|p2a: Suicune|90\/404
|-damage|p1a: Crobat|159\/373 brn|[from] recoil|[of] p2a: Suicune
|move|p2a: Suicune|Scald|p1a: Crobat
|-damage|p1a: Crobat|50\/373 brn
|
|-heal|p1a: Crobat|73\/373 brn|[from] item: Black Sludge
|-heal|p2a: Suicune|115\/404|[from] item: Leftovers
|-damage|p1a: Crobat|27\/373 brn|[from] brn
|turn|44
|-message|teamtest239852 forfeited.
|c|âteamtest239852|gg
|c| Gimilion|gg
|c|âSae|gg
|
|win|Sae
|raw|Ladder updating...
|raw|teamtest239852's rating: 1424 &rarr; <strong>1410<\/strong><br \/>(-14 for losing)
|raw|Sae's rating: 1520 &rarr; <strong>1535<\/strong><br \/>(+15 for winning)