|join|teamtest239852
|join|LiberalLucario
|player|p1|teamtest239852|7
|player|p2|LiberalLucario|290
|gametype|singles
|gen|6
|tier|UU
|rated
|rule|Sleep Clause Mod: Limit one foe put to sleep
|rule|Species Clause: Limit one of each PokÃ©mon
|rule|OHKO Clause: OHKO moves are banned
|rule|Moody Clause: Moody is banned
|rule|Evasion Moves Clause: Evasion moves are banned
|rule|Endless Battle Clause: Forcing endless battles is banned
|rule|HP Percentage Mod: HP is shown in percentages
|clearpoke
|poke|p1|Beedrill, F
|poke|p1|Arcanine, M
|poke|p1|Hydreigon, M
|poke|p1|Milotic, F
|poke|p1|Hitmontop, M
|poke|p1|Roserade, F
|poke|p2|Abomasnow, F
|poke|p2|Krookodile, F
|poke|p2|Swampert, M
|poke|p2|Crobat, M
|poke|p2|Jirachi
|poke|p2|Florges, F
|rule|Swagger Clause: Swagger is banned
|rule|Baton Pass Clause: Limit one PokÃ©mon knowing Baton Pass
|teampreview
|
|start
|switch|p1a: Roserade|Roserade, F|262\/262
|switch|p2a: Crobat|Crobat, M|374\/374
|turn|1
|
|switch|p1a: Arcanine|Arcanine, M|384\/384
|-ability|p1a: Arcanine|Intimidate|[of] p2a: Crobat
|-unboost|p2a: Crobat|atk|1
|move|p2a: Crobat|U-turn|p1a: Arcanine
|-resisted|p1a: Arcanine
|-damage|p1a: Arcanine|369\/384
|-damage|p2a: Crobat|312\/374|[from] item: Rocky Helmet|[of] p1a: Arcanine
|
|switch|p2a: Krookodile|Krookodile, F|331\/331
|-ability|p2a: Krookodile|Intimidate|[of] p1a: Arcanine
|-unboost|p1a: Arcanine|atk|1
|
|turn|2
|
|move|p2a: Krookodile|Knock Off|p1a: Arcanine
|-damage|p1a: Arcanine|161\/384
|-damage|p2a: Krookodile|276\/331|[from] item: Rocky Helmet|[of] p1a: Arcanine
|-enditem|p1a: Arcanine|Rocky Helmet|[from] move: Knock Off|[of] p2a: Krookodile
|move|p1a: Arcanine|Will-O-Wisp|p2a: Krookodile
|-status|p2a: Krookodile|brn
|
|-damage|p2a: Krookodile|235\/331 brn|[from] brn
|turn|3
|
|switch|p2a: Swampert|Swampert, M|404\/404
|move|p1a: Arcanine|Morning Sun|p1a: Arcanine
|-heal|p1a: Arcanine|353\/384
|
|turn|4
|
|switch|p1a: Roserade|Roserade, F|262\/262
|move|p2a: Swampert|Stealth Rock|p1a: Roserade
|-sidestart|p1: teamtest239852|move: Stealth Rock
|
|turn|5
|join|Colbrushie
|c| Colbrushie|ah
|
|switch|p2a: Jirachi|Jirachi|341\/341
|move|p1a: Roserade|Giga Drain|p2a: Jirachi
|-resisted|p2a: Jirachi
|-damage|p2a: Jirachi|267\/341
|
|turn|6
|c| Colbrushie|good ol abomasnow
|c|âLiberalLucario|good ol
|c|âLiberalLucario|obama
|c| Colbrushie|how's he holding up in oras
|
|switch|p1a: Arcanine|Arcanine, M|353\/384
|-damage|p1a: Arcanine|257\/384|[from] Stealth Rock
|-ability|p1a: Arcanine|Intimidate|[of] p2a: Jirachi
|-unboost|p2a: Jirachi|atk|1
|move|p2a: Jirachi|U-turn|p1a: Arcanine
|-resisted|p1a: Arcanine
|-damage|p1a: Arcanine|237\/384
|c|âLiberalLucario|p
|c|âLiberalLucario|damn
|c|âLiberalLucario|ell
|c|âLiberalLucario|*well
|c| Colbrushie|nb
|c|âLiberalLucario|he checks
|c|âLiberalLucario|mega scept
|c|âLiberalLucario|mega bee
|c| Colbrushie|how much does ice shard do to bee
|c|âLiberalLucario|p much all big threats
|c|âLiberalLucario|252+ Atk Mega Abomasnow Ice Shard vs. 0 HP \/ 0 Def Mega Beedrill: 148-175 (54.6 - 64.5%) -- guaranteed 2HKO after hail damage
|c| Colbrushie|nb
|c| Colbrushie|2 rocks switchikns
|c|âLiberalLucario|ya
|c| Colbrushie|switchins*
|c|âLiberalLucario|or one sd
|
|switch|p2a: Swampert|Swampert, M|404\/404
|
|turn|7
|
|switch|p1a: Hitmontop|Hitmontop, M|304\/304
|-damage|p1a: Hitmontop|285\/304|[from] Stealth Rock
|-ability|p1a: Hitmontop|Intimidate|[of] p2a: Swampert
|-unboost|p2a: Swampert|atk|1
|move|p2a: Swampert|Scald|p1a: Hitmontop
|-damage|p1a: Hitmontop|231\/304
|
|turn|8
|
|move|p1a: Hitmontop|Fake Out|p2a: Swampert
|-damage|p2a: Swampert|372\/404
|cant|p2a: Swampert|flinch
|
|-heal|p2a: Swampert|397\/404|[from] item: Leftovers
|turn|9
|c|âLiberalLucario|o no
|c|âLiberalLucario|fake out
|c| Colbrushie|technician power
|c| Colbrushie|!!
|c|âLiberalLucario|but he
|c| Colbrushie|oh wait he's intimidate
|
|move|p1a: Hitmontop|Rapid Spin|p2a: Swampert
|-damage|p2a: Swampert|379\/404
|-sideend|p1: teamtest239852|Stealth Rock|[from] move: Rapid Spin|[of] p1a: Hitmontop
|move|p2a: Swampert|Scald|p1a: Hitmontop
|-crit|p1a: Hitmontop
|-damage|p1a: Hitmontop|153\/304
|
|-heal|p2a: Swampert|404\/404|[from] item: Leftovers
|turn|10
|c|âLiberalLucario|is intimidate
|c| Colbrushie|sh
|c| Colbrushie|shhh
|c| Colbrushie|shhhhh
|c|âLiberalLucario|lmao
|
|switch|p1a: Roserade|Roserade, F|262\/262
|move|p2a: Swampert|Stealth Rock|p1a: Roserade
|-sidestart|p1: teamtest239852|move: Stealth Rock
|
|turn|11
|
|switch|p2a: Crobat|Crobat, M|312\/374
|move|p1a: Roserade|Shadow Ball|p2a: Crobat
|-crit|p2a: Crobat
|-damage|p2a: Crobat|137\/374
|
|-heal|p2a: Crobat|160\/374|[from] item: Black Sludge
|turn|12
|c|âLiberalLucario|oof
|c|âLiberalLucario|shadow ball
|
|switch|p1a: Milotic|Milotic, F|394\/394
|-damage|p1a: Milotic|345\/394|[from] Stealth Rock
|move|p2a: Crobat|Roost|p2a: Crobat
|-heal|p2a: Crobat|347\/374
|
|-heal|p2a: Crobat|370\/374|[from] item: Black Sludge
|-heal|p1a: Milotic|369\/394|[from] item: Leftovers
|turn|13
|
|move|p2a: Crobat|U-turn|p1a: Milotic
|-damage|p1a: Milotic|296\/394
|
|switch|p2a: Abomasnow|Abomasnow, F|384\/384
|move|p1a: Milotic|Scald|p2a: Abomasnow
|-resisted|p2a: Abomasnow
|-damage|p2a: Abomasnow|328\/384
|-status|p2a: Abomasnow|brn
|
|-heal|p1a: Milotic|320\/394|[from] item: Leftovers
|-damage|p2a: Abomasnow|280\/384 brn|[from] brn
|turn|14
|c|âLiberalLucario|rip
|c|âLiberalLucario|:(
|
|switch|p2a: Florges|Florges, F|360\/360
|move|p1a: Milotic|Recover|p1a: Milotic
|-heal|p1a: Milotic|394\/394
|
|turn|15
|
|switch|p1a: Beedrill|Beedrill, F|271\/271
|-damage|p1a: Beedrill|204\/271|[from] Stealth Rock
|move|p2a: Florges|Aromatherapy|p2a: Florges
|-cureteam|p2a: Florges|[from] move: Aromatherapy
|
|turn|16
|
|switch|p2a: Crobat|Crobat, M|370\/374
|detailschange|p1a: Beedrill|Beedrill-Mega, F
|message|Beedrill has Mega Evolved into Mega Beedrill!
|move|p1a: Beedrill|Poison Jab|p2a: Crobat
|-resisted|p2a: Crobat
|-damage|p2a: Crobat|242\/374
|
|-heal|p2a: Crobat|265\/374|[from] item: Black Sludge
|turn|17
|
|move|p1a: Beedrill|U-turn|p2a: Crobat
|-resisted|p2a: Crobat
|-damage|p2a: Crobat|213\/374
|
|switch|p1a: Arcanine|Arcanine, M|237\/384
|-damage|p1a: Arcanine|141\/384|[from] Stealth Rock
|-ability|p1a: Arcanine|Intimidate|[of] p2a: Crobat
|-unboost|p2a: Crobat|atk|1
|move|p2a: Crobat|U-turn|p1a: Arcanine
|-resisted|p1a: Arcanine
|-damage|p1a: Arcanine|127\/384
|
|switch|p2a: Krookodile|Krookodile, F|235\/331
|-ability|p2a: Krookodile|Intimidate|[of] p1a: Arcanine
|-unboost|p1a: Arcanine|atk|1
|
|turn|18
|
|move|p2a: Krookodile|Knock Off|p1a: Arcanine
|-damage|p1a: Arcanine|0 fnt
|faint|p1a: Arcanine
|
|c|âLiberalLucario|and there goes
|c|âLiberalLucario|the obama counter.
|
|switch|p1a: Hydreigon|Hydreigon, M|325\/325
|-damage|p1a: Hydreigon|285\/325|[from] Stealth Rock
|turn|19
|
|switch|p2a: Florges|Florges, F|360\/360
|move|p1a: Hydreigon|Draco Meteor|p2a: Florges
|-immune|p2a: Florges|[msg]
|
|turn|20
|c| Colbrushie|rip john cain
|c| Colbrushie|2014-2014
|
|switch|p1a: Milotic|Milotic, F|394\/394
|-damage|p1a: Milotic|345\/394|[from] Stealth Rock
|switch|p2a: Crobat|Crobat, M|213\/374
|
|-heal|p2a: Crobat|236\/374|[from] item: Black Sludge
|-heal|p1a: Milotic|369\/394|[from] item: Leftovers
|turn|21
|
|move|p2a: Crobat|U-turn|p1a: Milotic
|-damage|p1a: Milotic|305\/394
|
|switch|p2a: Florges|Florges, F|360\/360
|move|p1a: Milotic|Scald|p2a: Florges
|-damage|p2a: Florges|306\/360
|
|-heal|p1a: Milotic|329\/394|[from] item: Leftovers
|-heal|p2a: Florges|328\/360|[from] item: Leftovers
|turn|22
|
|move|p1a: Milotic|Scald|p2a: Florges
|-damage|p2a: Florges|271\/360
|move|p2a: Florges|Wish|p2a: Florges
|
|-heal|p1a: Milotic|353\/394|[from] item: Leftovers
|-heal|p2a: Florges|293\/360|[from] item: Leftovers
|turn|23
|
|switch|p2a: Abomasnow|Abomasnow, F|280\/384
|move|p1a: Milotic|Scald|p2a: Abomasnow
|-resisted|p2a: Abomasnow
|-damage|p2a: Abomasnow|225\/384
|
|-heal|p2a: Abomasnow|384\/384|[from] move: Wish|[wisher] Florges
|-heal|p1a: Milotic|377\/394|[from] item: Leftovers
|turn|24
|c|âLiberalLucario|no burn please !!!!!!!
|join|Mighty Dagon
|
|switch|p1a: Hitmontop|Hitmontop, M|153\/304
|-damage|p1a: Hitmontop|134\/304|[from] Stealth Rock
|-ability|p1a: Hitmontop|Intimidate|[of] p2a: Abomasnow
|-unboost|p2a: Abomasnow|atk|1
|detailschange|p2a: Abomasnow|Abomasnow-Mega, F
|message|Abomasnow has Mega Evolved into Mega Abomasnow!
|-weather|Hail
|move|p2a: Abomasnow|Swords Dance|p2a: Abomasnow
|-boost|p2a: Abomasnow|atk|2
|
|-weather|Hail|[upkeep]
|-damage|p1a: Hitmontop|115\/304|[from] hail
|turn|25
|c|âLiberalLucario|hmm
|c|âLiberalLucario|might need to calc this
|
|move|p2a: Abomasnow|Ice Shard|p1a: Hitmontop
|-damage|p1a: Hitmontop|0 fnt
|faint|p1a: Hitmontop
|
|-weather|Hail|[upkeep]
|c|âLiberalLucario|oh he wasnt impish
|c|âLiberalLucario|rip
|c|âLiberalLucario|also gg
|c|âLiberalLucario|:]]]]]
|
|switch|p1a: Milotic|Milotic, F|377\/394
|-damage|p1a: Milotic|328\/394|[from] Stealth Rock
|turn|26
|
|move|p1a: Milotic|Scald|p2a: Abomasnow
|-resisted|p2a: Abomasnow
|-damage|p2a: Abomasnow|340\/384
|move|p2a: Abomasnow|Seed Bomb|p1a: Milotic
|-supereffective|p1a: Milotic
|-damage|p1a: Milotic|0 fnt
|faint|p1a: Milotic
|
|-weather|Hail|[upkeep]
|
|switch|p1a: Beedrill|Beedrill-Mega, F|204\/271
|-damage|p1a: Beedrill|137\/271|[from] Stealth Rock
|turn|27
|
|move|p2a: Abomasnow|Ice Shard|p1a: Beedrill
|-damage|p1a: Beedrill|0 fnt
|faint|p1a: Beedrill
|
|-weather|Hail|[upkeep]
|
|switch|p1a: Hydreigon|Hydreigon, M|285\/325
|-damage|p1a: Hydreigon|245\/325|[from] Stealth Rock
|turn|28
|
|move|p2a: Abomasnow|Ice Shard|p1a: Hydreigon
|-supereffective|p1a: Hydreigon
|-damage|p1a: Hydreigon|0 fnt
|faint|p1a: Hydreigon
|
|-weather|none
|
|switch|p1a: Roserade|Roserade, F|262\/262
|-damage|p1a: Roserade|230\/262|[from] Stealth Rock
|turn|29
|c| Colbrushie|rip
|
|move|p2a: Abomasnow|Ice Shard|p1a: Roserade
|-supereffective|p1a: Roserade
|-damage|p1a: Roserade|0 fnt
|faint|p1a: Roserade
|
|win|LiberalLucario
|raw|Ladder updating...
|c|âteamtest239852|gg
|c| Colbrushie|the meta rn is so weak to obama isn't it
|c|âLiberalLucario|welp.
|c|âLiberalLucario|its
|c|âLiberalLucario|very weak
|c| Colbrushie|gligar vapo everywhere
|raw|teamtest239852's rating: 1479 &rarr; <strong>1456<\/strong><br \/>(-23 for losing)
|raw|LiberalLucario's rating: 1431 &rarr; <strong>1454<\/strong><br \/>(+23 for winning)
|c| Colbrushie|etc
|c|âLiberalLucario|ya
|c|âLiberalLucario|if gligar clicks something not called u-turn
|leave|Mighty Dagon
|c|âLiberalLucario|aboma gets a free sd
|leave|LiberalLucario
|player|p2
|leave|teamtest239852
|player|p1
|join|teamtest239852