|join|teamtest239852
|join|heyanewgen
|player|p1|teamtest239852|42
|player|p2|heyanewgen|266
|gametype|singles
|gen|6
|tier|UU
|rated
|rule|Sleep Clause Mod: Limit one foe put to sleep
|rule|Species Clause: Limit one of each PokÃ©mon
|rule|OHKO Clause: OHKO moves are banned
|rule|Moody Clause: Moody is banned
|rule|Evasion Moves Clause: Evasion moves are banned
|rule|Endless Battle Clause: Forcing endless battles is banned
|rule|HP Percentage Mod: HP is shown in percentages
|clearpoke
|poke|p1|Sceptile, M, shiny
|poke|p1|Blissey, F
|poke|p1|Entei, shiny
|poke|p1|Forretress, M, shiny
|poke|p1|Galvantula, F
|poke|p1|Machamp, M
|poke|p2|Swampert, M
|poke|p2|Roserade, F
|poke|p2|Arcanine, M
|poke|p2|Hydreigon, F
|poke|p2|Crobat, M
|poke|p2|Porygon2
|rule|Swagger Clause: Swagger is banned
|rule|Baton Pass Clause: Limit one PokÃ©mon knowing Baton Pass
|teampreview
|
|start
|switch|p1a: Galvantula|Galvantula, F|281\/281
|switch|p2a: Bites|Crobat, M|311\/311
|turn|1
|
|move|p2a: Bites|U-turn|p1a: Galvantula
|-damage|p1a: Galvantula|132\/281
|
|switch|p2a: Blackfyre|Hydreigon, F|325\/325
|move|p1a: Galvantula|Thunder Wave|p2a: Blackfyre
|-status|p2a: Blackfyre|par
|
|turn|2
|
|move|p1a: Galvantula|Sticky Web|p2a: Blackfyre
|-sidestart|p2: heyanewgen|move: Sticky Web
|cant|p2a: Blackfyre|par
|
|turn|3
|raw|<div class="broadcast-red"><b>The server is restarting soon.<\/b><br \/>Please finish your battles quickly. No new battles can be started until the server resets in a few minutes.<\/div>
|raw|<div class="broadcast-red"><b>Moderated chat was set to +!<\/b><br \/>Only users of rank + and higher can talk.<\/div>
|
|move|p1a: Galvantula|Bug Buzz|p2a: Blackfyre
|-supereffective|p2a: Blackfyre
|-damage|p2a: Blackfyre|43\/325 par
|move|p2a: Blackfyre|Dark Pulse|p1a: Galvantula
|-crit|p1a: Galvantula
|-damage|p1a: Galvantula|0 fnt
|faint|p1a: Galvantula
|
|
|switch|p1a: Forretress|Forretress, M, shiny|354\/354
|turn|4
|
|move|p2a: Blackfyre|Dark Pulse|p1a: Forretress
|-damage|p1a: Forretress|152\/354
|move|p1a: Forretress|Stealth Rock|p2a: Blackfyre
|-sidestart|p2: heyanewgen|move: Stealth Rock
|
|turn|5
|
|switch|p1a: Machamp|Machamp, M|384\/384
|move|p2a: Blackfyre|Dark Pulse|p1a: Machamp
|-resisted|p1a: Machamp
|-damage|p1a: Machamp|303\/384
|
|turn|6
|
|move|p1a: Machamp|Dynamic Punch|p2a: Blackfyre
|-supereffective|p2a: Blackfyre
|-damage|p2a: Blackfyre|0 fnt
|faint|p2a: Blackfyre
|
|
|switch|p2a: Bites|Crobat, M|311\/311
|-damage|p2a: Bites|234\/311|[from] Stealth Rock
|turn|7
|
|switch|p1a: Forretress|Forretress, M, shiny|152\/354
|move|p2a: Bites|Brave Bird|p1a: Forretress
|-damage|p1a: Forretress|1\/354
|-damage|p2a: Bites|183\/311|[from] item: Rocky Helmet|[of] p1a: Forretress
|-damage|p2a: Bites|133\/311|[from] recoil|[of] p1a: Forretress
|
|turn|8
|
|move|p2a: Bites|Brave Bird|p1a: Forretress
|-damage|p1a: Forretress|0 fnt
|-damage|p2a: Bites|82\/311|[from] item: Rocky Helmet|[of] p1a: Forretress
|-damage|p2a: Bites|81\/311|[from] recoil|[of] p1a: Forretress
|faint|p1a: Forretress
|
|
|switch|p1a: Entei|Entei, shiny|372\/372
|-ability|p1a: Entei|Pressure
|turn|9
|
|move|p1a: Entei|Extreme Speed|p2a: Bites
|-damage|p2a: Bites|0 fnt
|faint|p2a: Bites
|
|
|switch|p2a: Papa Swamp|Swampert, M|401\/401
|-damage|p2a: Papa Swamp|376\/401|[from] Stealth Rock
|-activate|p2a: Papa Swamp|move: Sticky Web
|-unboost|p2a: Papa Swamp|spe|1
|turn|10
|
|switch|p1a: Sceptile|Sceptile, M, shiny|282\/282
|detailschange|p2a: Papa Swamp|Swampert-Mega, M
|-mega|p2a: Papa Swamp|Swampert|Swampertite
|move|p2a: Papa Swamp|Ice Punch|p1a: Sceptile
|-supereffective|p1a: Sceptile
|-damage|p1a: Sceptile|0 fnt
|faint|p1a: Sceptile
|
|
|switch|p1a: Machamp|Machamp, M|303\/384
|turn|11
|
|move|p1a: Machamp|Dynamic Punch|p2a: Papa Swamp
|-damage|p2a: Papa Swamp|195\/401
|-start|p2a: Papa Swamp|confusion
|-activate|p2a: Papa Swamp|confusion
|move|p2a: Papa Swamp|Earthquake|p1a: Machamp
|-damage|p1a: Machamp|48\/384
|-enditem|p1a: Machamp|Sitrus Berry|[eat]
|-heal|p1a: Machamp|144\/384|[from] item: Sitrus Berry
|
|turn|12
|
|switch|p1a: Blissey|Blissey, F|714\/714
|-activate|p2a: Papa Swamp|confusion
|-damage|p2a: Papa Swamp|144\/401|[from] confusion
|
|turn|13
|
|move|p1a: Blissey|Wish|p1a: Blissey
|-activate|p2a: Papa Swamp|confusion
|-damage|p2a: Papa Swamp|88\/401|[from] confusion
|
|turn|14
|
|move|p1a: Blissey|Toxic|p2a: Papa Swamp
|-status|p2a: Papa Swamp|tox
|-end|p2a: Papa Swamp|confusion
|move|p2a: Papa Swamp|Earthquake|p1a: Blissey
|-damage|p1a: Blissey|344\/714
|
|-heal|p1a: Blissey|701\/714|[from] move: Wish|[wisher] Blissey
|-heal|p1a: Blissey|714\/714|[from] item: Leftovers
|-damage|p2a: Papa Swamp|63\/401 tox|[from] psn
|turn|15
|
|move|p1a: Blissey|Wish|p1a: Blissey
|move|p2a: Papa Swamp|Earthquake|p1a: Blissey
|-damage|p1a: Blissey|300\/714
|
|-heal|p1a: Blissey|344\/714|[from] item: Leftovers
|-damage|p2a: Papa Swamp|13\/401 tox|[from] psn
|turn|16
|
|switch|p2a: Flora|Roserade, F|261\/261
|-activate|p2a: Flora|move: Sticky Web
|-unboost|p2a: Flora|spe|1
|-damage|p2a: Flora|229\/261|[from] Stealth Rock
|move|p1a: Blissey|Protect|p1a: Blissey
|-fail|p1a: Blissey
|
|-heal|p1a: Blissey|701\/714|[from] move: Wish|[wisher] Blissey
|-heal|p1a: Blissey|714\/714|[from] item: Leftovers
|turn|17
|
|switch|p1a: Entei|Entei, shiny|372\/372
|-ability|p1a: Entei|Pressure
|move|p2a: Flora|Toxic Spikes|p1a: Entei
|-sidestart|p1: teamtest239852|move: Toxic Spikes
|
|turn|18
|join|Nineage
|
|move|p1a: Entei|Stone Edge|p2a: Flora
|-damage|p2a: Flora|71\/261
|move|p2a: Flora|Sludge Bomb|p1a: Entei
|-damage|p1a: Entei|203\/372
|-status|p1a: Entei|psn
|-damage|p2a: Flora|45\/261|[from] item: Life Orb
|
|-damage|p1a: Entei|157\/372 psn|[from] psn
|turn|19
|join|shorebot
|
|move|p1a: Entei|Sacred Fire|p2a: Flora
|-supereffective|p2a: Flora
|-damage|p2a: Flora|0 fnt
|faint|p2a: Flora
|
|-damage|p1a: Entei|111\/372 psn|[from] psn
|
|switch|p2a: Max|Arcanine, M|321\/321
|-damage|p2a: Max|241\/321|[from] Stealth Rock
|-activate|p2a: Max|move: Sticky Web
|-unboost|p2a: Max|spe|1
|-ability|p2a: Max|Intimidate|[of] p1a: Entei
|-unboost|p1a: Entei|atk|1
|turn|20
|
|switch|p1a: Blissey|Blissey, F|714\/714
|-status|p1a: Blissey|psn
|move|p2a: Max|Extreme Speed|p1a: Blissey
|-damage|p1a: Blissey|494\/714 psn
|-damage|p2a: Max|209\/321|[from] item: Life Orb
|
|-heal|p1a: Blissey|538\/714 psn|[from] item: Leftovers
|-damage|p1a: Blissey|449\/714 psn|[from] psn
|turn|21
|
|move|p2a: Max|Close Combat|p1a: Blissey
|-supereffective|p1a: Blissey
|-damage|p1a: Blissey|0 fnt
|-unboost|p2a: Max|def|1
|-unboost|p2a: Max|spd|1
|-damage|p2a: Max|177\/321|[from] item: Life Orb
|faint|p1a: Blissey
|
|join|jumpwithme
|
|switch|p1a: Entei|Entei, shiny|111\/372 psn
|-ability|p1a: Entei|Pressure
|turn|22
|
|switch|p2a: Papa Swamp|Swampert-Mega, M|13\/401 tox
|-damage|p2a: Papa Swamp|0 fnt|[from] Stealth Rock
|-activate|p2a: Papa Swamp|move: Sticky Web
|faint|p2a: Papa Swamp
|move|p1a: Entei|Extreme Speed|p2: Papa Swamp|[notarget]
|-notarget
|
|-damage|p1a: Entei|65\/372 psn|[from] psn
|
|switch|p2a: DuckTank|Porygon2|374\/374
|-activate|p2a: DuckTank|move: Sticky Web
|-unboost|p2a: DuckTank|spe|1
|-damage|p2a: DuckTank|328\/374|[from] Stealth Rock
|turn|23
|leave|jumpwithme
|
|move|p1a: Entei|Sacred Fire|p2a: DuckTank
|-damage|p2a: DuckTank|186\/374
|move|p2a: DuckTank|Tri Attack|p1a: Entei
|-damage|p1a: Entei|0 fnt
|faint|p1a: Entei
|
|leave|Nineage
|
|switch|p1a: Machamp|Machamp, M|144\/384
|-status|p1a: Machamp|psn
|turn|24
|
|move|p1a: Machamp|Dynamic Punch|p2a: DuckTank
|-supereffective|p2a: DuckTank
|-damage|p2a: DuckTank|0 fnt
|faint|p2a: DuckTank
|
|-damage|p1a: Machamp|96\/384 psn|[from] psn
|
|switch|p2a: Max|Arcanine, M|177\/321
|-damage|p2a: Max|97\/321|[from] Stealth Rock
|-activate|p2a: Max|move: Sticky Web
|-unboost|p2a: Max|spe|1
|-ability|p2a: Max|Intimidate|[of] p1a: Machamp
|-unboost|p1a: Machamp|atk|1
|turn|25
|
|move|p2a: Max|Extreme Speed|p1a: Machamp
|-damage|p1a: Machamp|0 fnt
|-damage|p2a: Max|65\/321|[from] item: Life Orb
|faint|p1a: Machamp
|
|win|heyanewgen
|raw|Ladder updating...
|raw|teamtest239852's rating: 1416 &rarr; <strong>1391<\/strong><br \/>(-25 for losing)
|raw|heyanewgen's rating: 1338 &rarr; <strong>1362<\/strong><br \/>(+24 for winning)
|c|âteamtest239852|gg
|leave|heyanewgen
|player|p2