|join|teamtest239852
|join|ult aj
|player|p1|teamtest239852|75
|player|p2|ult aj|218
|gametype|singles
|gen|6
|tier|UU
|rated
|rule|Sleep Clause Mod: Limit one foe put to sleep
|rule|Species Clause: Limit one of each PokÃ©mon
|rule|OHKO Clause: OHKO moves are banned
|rule|Moody Clause: Moody is banned
|rule|Evasion Moves Clause: Evasion moves are banned
|rule|Endless Battle Clause: Forcing endless battles is banned
|rule|HP Percentage Mod: HP is shown in percentages
|clearpoke
|poke|p1|Honchkrow, F
|poke|p1|Nidoking, M
|poke|p1|Suicune
|poke|p1|Lucario, F
|poke|p1|Florges, F
|poke|p1|Sharpedo, F
|poke|p2|Jirachi
|poke|p2|Absol, M
|poke|p2|Florges, F
|poke|p2|Swampert, F
|poke|p2|Crobat, F
|poke|p2|Shaymin
|rule|Swagger Clause: Swagger is banned
|rule|Baton Pass Clause: Limit one PokÃ©mon knowing Baton Pass
|teampreview
|join|ult kingt
|join|pokeblade111
|join|ULT Cheek
|
|start
|switch|p1a: Suicune|Suicune|404\/404
|switch|p2a: Shaymin|Shaymin|341\/341
|-ability|p1a: Suicune|Pressure
|turn|1
|
|switch|p1a: Florges|Florges, F|360\/360
|move|p2a: Shaymin|Seed Flare|p1a: Florges
|-damage|p1a: Florges|230\/360
|-unboost|p1a: Florges|spd|2
|-damage|p2a: Shaymin|307\/341|[from] item: Life Orb
|
|-heal|p1a: Florges|252\/360|[from] item: Leftovers
|turn|2
|
|move|p1a: Florges|Protect|p1a: Florges
|-singleturn|p1a: Florges|Protect
|move|p2a: Shaymin|Seed Flare|p1a: Florges
|-activate|p1a: Florges|Protect
|
|-heal|p1a: Florges|274\/360|[from] item: Leftovers
|turn|3
|
|switch|p1a: Lucario|Lucario, F|281\/281
|move|p2a: Shaymin|Seed Flare|p1a: Lucario
|-resisted|p1a: Lucario
|-damage|p1a: Lucario|121\/281
|-unboost|p1a: Lucario|spd|2
|-damage|p2a: Shaymin|273\/341|[from] item: Life Orb
|
|turn|4
|
|move|p1a: Lucario|Extreme Speed|p2a: Shaymin
|-damage|p2a: Shaymin|160\/341
|-damage|p1a: Lucario|93\/281|[from] item: Life Orb
|move|p2a: Shaymin|Seed Flare|p1a: Lucario
|-resisted|p1a: Lucario
|-damage|p1a: Lucario|0 fnt
|-damage|p2a: Shaymin|126\/341|[from] item: Life Orb
|faint|p1a: Lucario
|
|
|switch|p1a: Honchkrow|Honchkrow, F|341\/341
|turn|5
|
|move|p2a: Shaymin|Seed Flare|p1a: Honchkrow|[miss]
|-miss|p2a: Shaymin|p1a: Honchkrow
|move|p1a: Honchkrow|Brave Bird|p2a: Shaymin
|-supereffective|p2a: Shaymin
|-damage|p2a: Shaymin|0 fnt
|-damage|p1a: Honchkrow|299\/341|[from] recoil|[of] p2a: Shaymin
|-damage|p1a: Honchkrow|265\/341|[from] item: Life Orb
|faint|p2a: Shaymin
|-boost|p1a: Honchkrow|atk|1|[from] ability: Moxie
|
|
|switch|p2a: Absol|Absol, M|271\/271
|turn|6
|
|detailschange|p2a: Absol|Absol-Mega, M
|-mega|p2a: Absol|Absol|Absolite
|move|p2a: Absol|Play Rough|p1a: Honchkrow
|-supereffective|p1a: Honchkrow
|-damage|p1a: Honchkrow|0 fnt
|faint|p1a: Honchkrow
|
|c| pokeblade111|Btw sucker punch ohko
|
|switch|p1a: Florges|Florges, F|274\/360
|turn|7
|
|switch|p2a: Swampert|Swampert, F|403\/403
|move|p1a: Florges|Moonblast|p2a: Swampert
|-damage|p2a: Swampert|265\/403
|-unboost|p2a: Swampert|spa|1
|
|-heal|p1a: Florges|296\/360|[from] item: Leftovers
|-heal|p2a: Swampert|290\/403|[from] item: Leftovers
|turn|8
|
|switch|p1a: Suicune|Suicune|404\/404
|-ability|p1a: Suicune|Pressure
|move|p2a: Swampert|Earthquake|p1a: Suicune
|-damage|p1a: Suicune|319\/404
|
|-heal|p1a: Suicune|344\/404|[from] item: Leftovers
|-heal|p2a: Swampert|315\/403|[from] item: Leftovers
|turn|9
|
|move|p1a: Suicune|Scald|p2a: Swampert
|-damage|p2a: Swampert|215\/403
|move|p2a: Swampert|Toxic|p1a: Suicune
|-status|p1a: Suicune|tox
|
|-heal|p1a: Suicune|369\/404 tox|[from] item: Leftovers
|-heal|p2a: Swampert|240\/403|[from] item: Leftovers
|-damage|p1a: Suicune|344\/404 tox|[from] psn
|turn|10
|
|move|p1a: Suicune|Scald|p2a: Swampert
|-damage|p2a: Swampert|152\/403
|-status|p2a: Swampert|brn
|move|p2a: Swampert|Roar|p1a: Suicune
|drag|p1a: Sharpedo|Sharpedo, F|281\/281
|
|-heal|p2a: Swampert|177\/403 brn|[from] item: Leftovers
|-damage|p2a: Swampert|127\/403 brn|[from] brn
|turn|11
|
|switch|p1a: Suicune|Suicune|344\/404 tox
|-ability|p1a: Suicune|Pressure
|move|p2a: Swampert|Roar|p1a: Suicune
|drag|p1a: Sharpedo|Sharpedo, F|281\/281
|
|-heal|p2a: Swampert|152\/403 brn|[from] item: Leftovers
|-damage|p2a: Swampert|102\/403 brn|[from] brn
|turn|12
|
|move|p1a: Sharpedo|Crunch|p2a: Swampert
|-damage|p2a: Swampert|0 fnt
|faint|p2a: Swampert
|
|-boost|p1a: Sharpedo|spe|1|[from] ability: Speed Boost
|
|switch|p2a: Florges|Florges, F|359\/359
|turn|13
|
|move|p1a: Sharpedo|Protect|p1a: Sharpedo
|-singleturn|p1a: Sharpedo|Protect
|move|p2a: Florges|Moonblast|p1a: Sharpedo
|-activate|p1a: Sharpedo|Protect
|
|-boost|p1a: Sharpedo|spe|1|[from] ability: Speed Boost
|turn|14
|
|switch|p1a: Nidoking|Nidoking, M|303\/303
|move|p2a: Florges|Moonblast|p1a: Nidoking
|-resisted|p1a: Nidoking
|-damage|p1a: Nidoking|229\/303
|-unboost|p1a: Nidoking|spa|1
|
|turn|15
|
|switch|p2a: Crobat|Crobat, F|341\/341
|move|p1a: Nidoking|Sludge Wave|p2a: Crobat
|-crit|p2a: Crobat
|-resisted|p2a: Crobat
|-damage|p2a: Crobat|150\/341
|
|-heal|p2a: Crobat|171\/341|[from] item: Black Sludge
|turn|16
|
|move|p2a: Crobat|Brave Bird|p1a: Nidoking
|-damage|p1a: Nidoking|42\/303
|-damage|p2a: Crobat|109\/341|[from] recoil|[of] p1a: Nidoking
|move|p1a: Nidoking|Earth Power|p2a: Crobat
|-immune|p2a: Crobat|[msg]
|
|-heal|p2a: Crobat|130\/341|[from] item: Black Sludge
|turn|17
|leave|pokeblade111
|
|switch|p1a: Suicune|Suicune|344\/404 tox
|-ability|p1a: Suicune|Pressure
|move|p2a: Crobat|Brave Bird|p1a: Suicune
|-damage|p1a: Suicune|251\/404 tox
|-damage|p2a: Crobat|99\/341|[from] recoil|[of] p1a: Suicune
|
|-heal|p2a: Crobat|120\/341|[from] item: Black Sludge
|-heal|p1a: Suicune|276\/404 tox|[from] item: Leftovers
|-damage|p1a: Suicune|251\/404 tox|[from] psn
|turn|18
|
|switch|p2a: Absol|Absol-Mega, M|271\/271
|move|p1a: Suicune|Scald|p2a: Absol
|-damage|p2a: Absol|132\/271
|
|-heal|p1a: Suicune|276\/404 tox|[from] item: Leftovers
|-damage|p1a: Suicune|226\/404 tox|[from] psn
|turn|19
|
|move|p2a: Absol|Knock Off|p1a: Suicune
|-damage|p1a: Suicune|100\/404 tox
|-enditem|p1a: Suicune|Leftovers|[from] move: Knock Off|[of] p2a: Absol
|move|p1a: Suicune|Scald|p2a: Absol
|-damage|p2a: Absol|2\/271
|-status|p2a: Absol|brn
|
|-damage|p2a: Absol|0 fnt|[from] brn
|-damage|p1a: Suicune|25\/404 tox|[from] psn
|faint|p2a: Absol
|
|switch|p2a: Crobat|Crobat, F|120\/341
|turn|20
|
|switch|p1a: Florges|Florges, F|296\/360
|move|p2a: Crobat|Brave Bird|p1a: Florges
|-damage|p1a: Florges|74\/360
|-damage|p2a: Crobat|47\/341|[from] recoil|[of] p1a: Florges
|
|-heal|p2a: Crobat|68\/341|[from] item: Black Sludge
|-heal|p1a: Florges|96\/360|[from] item: Leftovers
|turn|21
|
|move|p2a: Crobat|Roost|p2a: Crobat
|-heal|p2a: Crobat|239\/341
|move|p1a: Florges|Wish|p1a: Florges
|
|-heal|p2a: Crobat|260\/341|[from] item: Black Sludge
|-heal|p1a: Florges|118\/360|[from] item: Leftovers
|turn|22
|
|move|p2a: Crobat|Brave Bird|p1a: Florges
|-damage|p1a: Florges|0 fnt
|-damage|p2a: Crobat|221\/341|[from] recoil|[of] p1a: Florges
|faint|p1a: Florges
|
|-heal|p2a: Crobat|242\/341|[from] item: Black Sludge
|
|switch|p1a: Sharpedo|Sharpedo, F|281\/281
|turn|23
|
|move|p1a: Sharpedo|Protect|p1a: Sharpedo
|-singleturn|p1a: Sharpedo|Protect
|move|p2a: Crobat|Brave Bird|p1a: Sharpedo
|-activate|p1a: Sharpedo|Protect
|
|-heal|p2a: Crobat|263\/341|[from] item: Black Sludge
|-boost|p1a: Sharpedo|spe|1|[from] ability: Speed Boost
|turn|24
|
|detailschange|p1a: Sharpedo|Sharpedo-Mega, F
|-mega|p1a: Sharpedo|Sharpedo|Sharpedonite
|move|p1a: Sharpedo|Ice Fang|p2a: Crobat
|-supereffective|p2a: Crobat
|-damage|p2a: Crobat|0 fnt
|faint|p2a: Crobat
|
|
|switch|p2a: Jirachi|Jirachi|341\/341
|turn|25
|
|move|p2a: Jirachi|U-turn|p1a: Sharpedo
|-supereffective|p1a: Sharpedo
|-damage|p1a: Sharpedo|91\/281
|
|switch|p2a: Florges|Florges, F|359\/359
|move|p1a: Sharpedo|Crunch|p2a: Florges
|-resisted|p2a: Florges
|-damage|p2a: Florges|238\/359
|-unboost|p2a: Florges|def|1
|
|-heal|p2a: Florges|260\/359|[from] item: Leftovers
|turn|26
|
|move|p1a: Sharpedo|Crunch|p2a: Florges
|-resisted|p2a: Florges
|-damage|p2a: Florges|65\/359
|move|p2a: Florges|Wish|p2a: Florges
|
|-heal|p2a: Florges|87\/359|[from] item: Leftovers
|turn|27
|
|move|p1a: Sharpedo|Crunch|p2a: Florges
|-crit|p2a: Florges
|-resisted|p2a: Florges
|-damage|p2a: Florges|0 fnt
|faint|p2a: Florges
|
|
|switch|p2a: Jirachi|Jirachi|341\/341
|turn|28
|
|move|p2a: Jirachi|Iron Head|p1a: Sharpedo
|-resisted|p1a: Sharpedo
|-damage|p1a: Sharpedo|4\/281
|move|p1a: Sharpedo|Crunch|p2a: Jirachi
|-supereffective|p2a: Jirachi
|-damage|p2a: Jirachi|0 fnt
|faint|p2a: Jirachi
|
|win|teamtest239852
|raw|Ladder updating...
|raw|teamtest239852's rating: 1444 &rarr; <strong>1454<\/strong><br \/>(+10 for winning)
|raw|ult aj's rating: 1260 &rarr; <strong>1247<\/strong><br \/>(-13 for losing)
|c|âteamtest239852|gg
|c|âult aj|Garbage
|c|âult aj|how is that
|c|âult aj|s good game
|c|âult aj|hello?
|c| ULT Cheek|it would've been a good game if you won
|c| ULT Cheek|fucking nerd
|c|âult aj|you avoid the ko and the flinch
|c| ult kingt|rofl
|c|âteamtest239852|because you played well
|c|âult aj|,,,
|c|âult aj|die
|leave|ult aj
|c| ULT Cheek|forgive my friend
|player|p2
|c| ULT Cheek|his parents hit him
|c| ult kingt|he's just mad
|c| ULT Cheek|good game all around
|leave|ult kingt
|leave|ULT Cheek