|join|teamtest239852
|join|Kiull
|player|p1|teamtest239852|75
|player|p2|Kiull|97
|gametype|singles
|gen|6
|tier|UU
|rated
|rule|Sleep Clause Mod: Limit one foe put to sleep
|rule|Species Clause: Limit one of each PokÃ©mon
|rule|OHKO Clause: OHKO moves are banned
|rule|Moody Clause: Moody is banned
|rule|Evasion Moves Clause: Evasion moves are banned
|rule|Endless Battle Clause: Forcing endless battles is banned
|rule|HP Percentage Mod: HP is shown in percentages
|clearpoke
|poke|p1|Honchkrow, F
|poke|p1|Nidoking, M
|poke|p1|Suicune
|poke|p1|Lucario, F
|poke|p1|Florges, F
|poke|p1|Sharpedo, F
|poke|p2|Froslass, F
|poke|p2|Medicham, F, shiny
|poke|p2|Jirachi
|poke|p2|Hippowdon, M
|poke|p2|Starmie, shiny
|poke|p2|Hydreigon, F
|rule|Swagger Clause: Swagger is banned
|rule|Baton Pass Clause: Limit one PokÃ©mon knowing Baton Pass
|teampreview
|c|âKiull|hfgl
|
|start
|switch|p1a: Lucario|Lucario, F|281\/281
|switch|p2a: Froslass|Froslass, F|250\/250
|turn|1
|
|move|p2a: Froslass|Destiny Bond|p2a: Froslass
|-singlemove|p2a: Froslass|Destiny Bond
|move|p1a: Lucario|Earthquake|p2a: Froslass
|-damage|p2a: Froslass|16\/250
|-damage|p1a: Lucario|253\/281|[from] item: Life Orb
|
|turn|2
|
|move|p2a: Froslass|Destiny Bond|p2a: Froslass
|-singlemove|p2a: Froslass|Destiny Bond
|move|p1a: Lucario|Close Combat|p2a: Froslass
|-immune|p2a: Froslass|[msg]
|
|turn|3
|
|move|p2a: Froslass|Destiny Bond|p2a: Froslass
|-singlemove|p2a: Froslass|Destiny Bond
|move|p1a: Lucario|Close Combat|p2a: Froslass
|-immune|p2a: Froslass|[msg]
|
|turn|4
|
|move|p2a: Froslass|Destiny Bond|p2a: Froslass
|-singlemove|p2a: Froslass|Destiny Bond
|move|p1a: Lucario|Close Combat|p2a: Froslass
|-immune|p2a: Froslass|[msg]
|
|turn|5
|
|move|p1a: Lucario|Extreme Speed|p2a: Froslass
|-immune|p2a: Froslass|[msg]
|move|p2a: Froslass|Destiny Bond|p2a: Froslass
|-singlemove|p2a: Froslass|Destiny Bond
|
|turn|6
|
|switch|p2a: Starmie|Starmie, shiny|261\/261
|move|p1a: Lucario|Close Combat|p2a: Starmie
|-resisted|p2a: Starmie
|-damage|p2a: Starmie|128\/261
|-unboost|p1a: Lucario|def|1
|-unboost|p1a: Lucario|spd|1
|-damage|p1a: Lucario|225\/281|[from] item: Life Orb
|
|turn|7
|
|switch|p1a: Suicune|Suicune|404\/404
|-ability|p1a: Suicune|Pressure
|move|p2a: Starmie|Hydro Pump|p1a: Suicune
|-resisted|p1a: Suicune
|-damage|p1a: Suicune|269\/404
|
|-heal|p1a: Suicune|294\/404|[from] item: Leftovers
|turn|8
|
|switch|p2a: Froslass|Froslass, F|16\/250
|move|p1a: Suicune|Scald|p2a: Froslass
|-damage|p2a: Froslass|0 fnt
|faint|p2a: Froslass
|
|-heal|p1a: Suicune|319\/404|[from] item: Leftovers
|
|switch|p2a: Jirachi|Jirachi|341\/341
|turn|9
|
|switch|p1a: Lucario|Lucario, F|225\/281
|move|p2a: Jirachi|Trick|p1a: Lucario
|-activate|p2a: Jirachi|move: Trick|[of] p1a: Lucario
|-item|p1a: Lucario|Choice Scarf|[from] move: Trick
|-item|p2a: Jirachi|Life Orb|[from] move: Trick
|
|turn|10
|
|move|p1a: Lucario|Earthquake|p2a: Jirachi
|-supereffective|p2a: Jirachi
|-damage|p2a: Jirachi|137\/341
|move|p2a: Jirachi|Fire Punch|p1a: Lucario
|-supereffective|p1a: Lucario
|-damage|p1a: Lucario|0 fnt
|-damage|p2a: Jirachi|103\/341|[from] item: Life Orb
|faint|p1a: Lucario
|
|
|switch|p1a: Sharpedo|Sharpedo, F|281\/281
|turn|11
|
|move|p2a: Jirachi|Iron Head|p1a: Sharpedo
|-resisted|p1a: Sharpedo
|-damage|p1a: Sharpedo|111\/281
|-damage|p2a: Jirachi|69\/341|[from] item: Life Orb
|move|p1a: Sharpedo|Crunch|p2a: Jirachi
|-supereffective|p2a: Jirachi
|-damage|p2a: Jirachi|0 fnt
|faint|p2a: Jirachi
|
|-boost|p1a: Sharpedo|spe|1|[from] ability: Speed Boost
|
|switch|p2a: Hippowdon|Hippowdon, M|420\/420
|-weather|Sandstorm
|turn|12
|
|switch|p1a: Suicune|Suicune|319\/404
|-ability|p1a: Suicune|Pressure
|move|p2a: Hippowdon|Stone Edge|p1a: Suicune
|-damage|p1a: Suicune|267\/404
|
|-weather|Sandstorm|[upkeep]
|-damage|p1a: Suicune|242\/404|[from] sandstorm
|-heal|p1a: Suicune|267\/404|[from] item: Leftovers
|turn|13
|
|move|p1a: Suicune|Scald|p2a: Hippowdon
|-crit|p2a: Hippowdon
|-supereffective|p2a: Hippowdon
|-damage|p2a: Hippowdon|100\/420
|move|p2a: Hippowdon|Toxic|p1a: Suicune
|-status|p1a: Suicune|tox
|
|-weather|Sandstorm|[upkeep]
|-damage|p1a: Suicune|242\/404 tox|[from] sandstorm
|-heal|p1a: Suicune|267\/404 tox|[from] item: Leftovers
|-heal|p2a: Hippowdon|126\/420|[from] item: Leftovers
|-damage|p1a: Suicune|242\/404 tox|[from] psn
|turn|14
|
|move|p1a: Suicune|Calm Mind|p1a: Suicune
|-boost|p1a: Suicune|spa|1
|-boost|p1a: Suicune|spd|1
|move|p2a: Hippowdon|Slack Off|p2a: Hippowdon
|-heal|p2a: Hippowdon|336\/420
|
|-weather|Sandstorm|[upkeep]
|-damage|p1a: Suicune|217\/404 tox|[from] sandstorm
|-heal|p1a: Suicune|242\/404 tox|[from] item: Leftovers
|-heal|p2a: Hippowdon|362\/420|[from] item: Leftovers
|-damage|p1a: Suicune|192\/404 tox|[from] psn
|turn|15
|
|move|p1a: Suicune|Scald|p2a: Hippowdon
|-supereffective|p2a: Hippowdon
|-damage|p2a: Hippowdon|30\/420
|-status|p2a: Hippowdon|brn
|move|p2a: Hippowdon|Earthquake|p1a: Suicune
|-damage|p1a: Suicune|149\/404 tox
|
|-weather|Sandstorm|[upkeep]
|-damage|p1a: Suicune|124\/404 tox|[from] sandstorm
|-heal|p1a: Suicune|149\/404 tox|[from] item: Leftovers
|-heal|p2a: Hippowdon|56\/420 brn|[from] item: Leftovers
|-damage|p1a: Suicune|74\/404 tox|[from] psn
|-damage|p2a: Hippowdon|4\/420 brn|[from] brn
|turn|16
|
|move|p1a: Suicune|Rest|p1a: Suicune
|-status|p1a: Suicune|slp
|-heal|p1a: Suicune|404\/404 slp|[silent]
|-status|p1a: Suicune|slp|[from] move: Rest
|move|p2a: Hippowdon|Slack Off|p2a: Hippowdon
|-heal|p2a: Hippowdon|214\/420 brn
|
|-weather|none
|-heal|p2a: Hippowdon|240\/420 brn|[from] item: Leftovers
|-damage|p2a: Hippowdon|188\/420 brn|[from] brn
|turn|17
|
|cant|p1a: Suicune|slp
|move|p1a: Suicune|Sleep Talk|p1a: Suicune
|move|p1a: Suicune|Calm Mind|p1a: Suicune|[from]Sleep Talk
|-boost|p1a: Suicune|spa|1
|-boost|p1a: Suicune|spd|1
|move|p2a: Hippowdon|Slack Off|p2a: Hippowdon
|-heal|p2a: Hippowdon|398\/420 brn
|
|-heal|p2a: Hippowdon|420\/420 brn|[from] item: Leftovers
|-damage|p2a: Hippowdon|368\/420 brn|[from] brn
|turn|18
|
|cant|p1a: Suicune|slp
|move|p1a: Suicune|Sleep Talk|p1a: Suicune
|move|p1a: Suicune|Calm Mind|p1a: Suicune|[from]Sleep Talk
|-boost|p1a: Suicune|spa|1
|-boost|p1a: Suicune|spd|1
|move|p2a: Hippowdon|Slack Off|p2a: Hippowdon
|-heal|p2a: Hippowdon|420\/420 brn
|
|-damage|p2a: Hippowdon|368\/420 brn|[from] brn
|turn|19
|
|-curestatus|p1a: Suicune|slp
|move|p1a: Suicune|Scald|p2a: Hippowdon
|-supereffective|p2a: Hippowdon
|-damage|p2a: Hippowdon|0 fnt
|faint|p2a: Hippowdon
|
|
|switch|p2a: Starmie|Starmie, shiny|128\/261
|turn|20
|
|move|p2a: Starmie|Psyshock|p1a: Suicune
|-crit|p1a: Suicune
|-damage|p1a: Suicune|217\/404
|move|p1a: Suicune|Scald|p2a: Starmie
|-resisted|p2a: Starmie
|-damage|p2a: Starmie|16\/261
|
|-heal|p1a: Suicune|242\/404|[from] item: Leftovers
|turn|21
|
|move|p2a: Starmie|Psyshock|p1a: Suicune
|-damage|p1a: Suicune|118\/404
|move|p1a: Suicune|Rest|p1a: Suicune
|-status|p1a: Suicune|slp
|-heal|p1a: Suicune|404\/404 slp|[silent]
|-status|p1a: Suicune|slp|[from] move: Rest
|
|turn|22
|
|move|p2a: Starmie|Psyshock|p1a: Suicune
|-damage|p1a: Suicune|296\/404 slp
|cant|p1a: Suicune|slp
|move|p1a: Suicune|Sleep Talk|p1a: Suicune
|move|p1a: Suicune|Calm Mind|p1a: Suicune|[from]Sleep Talk
|-boost|p1a: Suicune|spa|1
|-boost|p1a: Suicune|spd|1
|
|-heal|p1a: Suicune|321\/404 slp|[from] item: Leftovers
|turn|23
|
|move|p2a: Starmie|Psyshock|p1a: Suicune
|-damage|p1a: Suicune|209\/404 slp
|cant|p1a: Suicune|slp
|move|p1a: Suicune|Sleep Talk|p1a: Suicune
|move|p1a: Suicune|Rest|p1a: Suicune|[from]Sleep Talk
|-fail|p1a: Suicune
|
|-heal|p1a: Suicune|234\/404 slp|[from] item: Leftovers
|turn|24
|
|move|p2a: Starmie|Psyshock|p1a: Suicune
|-damage|p1a: Suicune|116\/404 slp
|-curestatus|p1a: Suicune|slp
|move|p1a: Suicune|Rest|p1a: Suicune
|-status|p1a: Suicune|slp
|-heal|p1a: Suicune|404\/404 slp|[silent]
|-status|p1a: Suicune|slp|[from] move: Rest
|
|turn|25
|
|move|p2a: Starmie|Psyshock|p1a: Suicune
|-damage|p1a: Suicune|289\/404 slp
|cant|p1a: Suicune|slp
|move|p1a: Suicune|Sleep Talk|p1a: Suicune
|move|p1a: Suicune|Scald|p2a: Starmie|[from]Sleep Talk
|-resisted|p2a: Starmie
|-damage|p2a: Starmie|0 fnt
|faint|p2a: Starmie
|
|-heal|p1a: Suicune|314\/404 slp|[from] item: Leftovers
|
|switch|p2a: Medicham|Medicham, F, shiny|261\/261
|turn|26
|
|detailschange|p2a: Medicham|Medicham-Mega, F, shiny
|-mega|p2a: Medicham|Medicham|Medichamite
|move|p2a: Medicham|High Jump Kick|p1a: Suicune
|-damage|p1a: Suicune|56\/404 slp
|cant|p1a: Suicune|slp
|move|p1a: Suicune|Sleep Talk|p1a: Suicune
|move|p1a: Suicune|Rest|p1a: Suicune|[from]Sleep Talk
|-fail|p1a: Suicune
|
|-heal|p1a: Suicune|81\/404 slp|[from] item: Leftovers
|turn|27
|
|move|p2a: Medicham|High Jump Kick|p1a: Suicune
|-damage|p1a: Suicune|0 fnt
|faint|p1a: Suicune
|
|
|switch|p1a: Florges|Florges, F|360\/360
|turn|28
|
|move|p2a: Medicham|Zen Headbutt|p1a: Florges
|-damage|p1a: Florges|32\/360
|move|p1a: Florges|Moonblast|p2a: Medicham
|-supereffective|p2a: Medicham
|-damage|p2a: Medicham|0 fnt
|faint|p2a: Medicham
|
|-heal|p1a: Florges|54\/360|[from] item: Leftovers
|
|switch|p2a: Hydreigon|Hydreigon, F|325\/325
|turn|29
|
|move|p1a: Florges|Protect|p1a: Florges
|-singleturn|p1a: Florges|Protect
|move|p2a: Hydreigon|Dark Pulse|p1a: Florges
|-activate|p1a: Florges|Protect
|
|-heal|p1a: Florges|76\/360|[from] item: Leftovers
|turn|30
|
|move|p2a: Hydreigon|Dark Pulse|p1a: Florges
|-resisted|p1a: Florges
|-damage|p1a: Florges|32\/360
|-damage|p2a: Hydreigon|293\/325|[from] item: Life Orb
|move|p1a: Florges|Moonblast|p2a: Hydreigon
|-supereffective|p2a: Hydreigon
|-damage|p2a: Hydreigon|0 fnt
|faint|p2a: Hydreigon
|
|win|teamtest239852
|raw|Ladder updating...
|raw|teamtest239852's rating: 1422 &rarr; <strong>1444<\/strong><br \/>(+22 for winning)
|raw|Kiull's rating: 1460 &rarr; <strong>1438<\/strong><br \/>(-22 for losing)
|c|âteamtest239852|gg
|leave|Kiull
|player|p2