|join|hurricane drunk
|join|Omfuga
|player|p1|hurricane drunk|26
|player|p2|Omfuga|105
|gametype|singles
|gen|6
|tier|UU
|rule|Sleep Clause Mod: Limit one foe put to sleep
|rule|Species Clause: Limit one of each PokÃ©mon
|rule|OHKO Clause: OHKO moves are banned
|rule|Moody Clause: Moody is banned
|rule|Evasion Moves Clause: Evasion moves are banned
|rule|Endless Battle Clause: Forcing endless battles is banned
|rule|HP Percentage Mod: HP is shown in percentages
|clearpoke
|poke|p1|Alakazam, M, shiny
|poke|p1|Tentacruel, F
|poke|p1|Gligar, M
|poke|p1|Jirachi, shiny
|poke|p1|Hydreigon, F
|poke|p1|Machamp, M
|poke|p2|Hydreigon, M
|poke|p2|Machamp, M
|poke|p2|Aggron, M
|poke|p2|Roserade, M
|poke|p2|Gligar, F
|poke|p2|Mienshao, F
|rule|Swagger Clause: Swagger is banned
|rule|Baton Pass Clause: Limit one PokÃ©mon knowing Baton Pass
|teampreview
|c|âOmfuga|ugh
|c|âOmfuga|ur team is lookin nasty
|
|start
|switch|p1a: Gligar|Gligar, M|333\/333
|switch|p2a: Mienshao|Mienshao, F|271\/271
|turn|1
|
|move|p2a: Mienshao|Knock Off|p1a: Gligar
|-damage|p1a: Gligar|263\/333
|-enditem|p1a: Gligar|Eviolite|[from] move: Knock Off|[of] p2a: Mienshao
|move|p1a: Gligar|U-turn|p2a: Mienshao
|-resisted|p2a: Mienshao
|-damage|p2a: Mienshao|238\/271
|
|switch|p1a: Machamp|Machamp, M|363\/363
|
|turn|2
|join|Stathakis
|
|switch|p2a: Gligar|Gligar, F|333\/333
|move|p1a: Machamp|Dynamic Punch|p2a: Gligar
|-resisted|p2a: Gligar
|-damage|p2a: Gligar|284\/333
|-start|p2a: Gligar|confusion
|
|turn|3
|
|-activate|p2a: Gligar|confusion
|-damage|p2a: Gligar|271\/333|[from] confusion
|move|p1a: Machamp|Knock Off|p2a: Gligar
|-damage|p2a: Gligar|213\/333
|-enditem|p2a: Gligar|Eviolite|[from] move: Knock Off|[of] p1a: Machamp
|
|turn|4
|
|switch|p1a: Hydreigon|Hydreigon, F|325\/325
|-end|p2a: Gligar|confusion
|move|p2a: Gligar|Earthquake|p1a: Hydreigon
|-immune|p1a: Hydreigon|[msg]
|
|turn|5
|
|move|p1a: Hydreigon|Dark Pulse|p2a: Gligar
|-damage|p2a: Gligar|0 fnt
|-damage|p1a: Hydreigon|293\/325|[from] item: Life Orb
|faint|p2a: Gligar
|
|
|switch|p2a: Mienshao|Mienshao, F|238\/271
|turn|6
|
|switch|p1a: Tentacruel|Tentacruel, F|361\/361
|move|p2a: Mienshao|High Jump Kick|p1a: Tentacruel
|-resisted|p1a: Tentacruel
|-damage|p1a: Tentacruel|226\/361
|
|-heal|p1a: Tentacruel|248\/361|[from] item: Black Sludge
|turn|7
|
|switch|p2a: Hydreigon|Hydreigon, M|325\/325
|switch|p1a: Alakazam|Alakazam, M, shiny|251\/251
|
|turn|8
|
|detailschange|p1a: Alakazam|Alakazam-Mega, M, shiny
|message|Alakazam has Mega Evolved into Mega Alakazam!
|-ability|p1a: Alakazam|Levitate|[from] ability: Trace|[of] p2a: Hydreigon
|move|p1a: Alakazam|Protect|p1a: Alakazam
|-singleturn|p1a: Alakazam|Protect
|move|p2a: Hydreigon|Dark Pulse|p1a: Alakazam
|-activate|p1a: Alakazam|Protect
|
|turn|9
|
|move|p1a: Alakazam|Dazzling Gleam|p2a: Hydreigon
|-crit|p2a: Hydreigon
|-supereffective|p2a: Hydreigon
|-damage|p2a: Hydreigon|0 fnt
|faint|p2a: Hydreigon
|
|c|âOmfuga|fuck
|c|âOmfuga|lol
|
|switch|p2a: Mienshao|Mienshao, F|238\/271
|turn|10
|
|move|p1a: Alakazam|Protect|p1a: Alakazam
|-singleturn|p1a: Alakazam|Protect
|move|p2a: Mienshao|U-turn|p1a: Alakazam
|-activate|p1a: Alakazam|Protect
|
|turn|11
|c|âhurricane drunk|i gave this team to joey
|c|âhurricane drunk|to use
|c|âhurricane drunk|vs the german was yea
|c|âOmfuga|i think I saw
|c|âOmfuga|he tested me
|c|âOmfuga|I won tho
|c|âOmfuga|lol
|
|switch|p1a: Gligar|Gligar, M|263\/333
|move|p2a: Mienshao|U-turn|p1a: Gligar
|-resisted|p1a: Gligar
|-damage|p1a: Gligar|223\/333
|
|switch|p2a: Roserade|Roserade, M|323\/323
|
|turn|12
|
|switch|p1a: Jirachi|Jirachi, shiny|341\/341
|move|p2a: Roserade|Sleep Powder|p1a: Jirachi|[miss]
|-miss|p2a: Roserade|p1a: Jirachi
|
|turn|13
|join|BKC
|c|âOmfuga|fuck
|
|move|p1a: Jirachi|Ice Punch|p2a: Roserade
|-supereffective|p2a: Roserade
|-damage|p2a: Roserade|115\/323
|-status|p2a: Roserade|frz
|cant|p2a: Roserade|frz
|
|-heal|p2a: Roserade|135\/323 frz|[from] item: Black Sludge
|turn|14
|
|switch|p1a: Hydreigon|Hydreigon, F|293\/325
|switch|p2a: Aggron|Aggron, M|344\/344
|
|turn|15
|
|detailschange|p2a: Aggron|Aggron-Mega, M
|message|Aggron has Mega Evolved into Mega Aggron!
|move|p1a: Hydreigon|Dark Pulse|p2a: Aggron
|-damage|p2a: Aggron|192\/344
|-damage|p1a: Hydreigon|261\/325|[from] item: Life Orb
|move|p2a: Aggron|Stealth Rock|p1a: Hydreigon
|-sidestart|p1: hurricane drunk|move: Stealth Rock
|
|turn|16
|
|move|p1a: Hydreigon|Dark Pulse|p2a: Aggron
|-damage|p2a: Aggron|24\/344
|-damage|p1a: Hydreigon|229\/325|[from] item: Life Orb
|move|p2a: Aggron|Ice Punch|p1a: Hydreigon
|-supereffective|p1a: Hydreigon
|-damage|p1a: Hydreigon|25\/325
|
|turn|17
|
|switch|p2a: Machamp|Machamp, M|381\/381
|move|p1a: Hydreigon|Superpower|p2a: Machamp
|-crit|p2a: Machamp
|-damage|p2a: Machamp|151\/381
|-unboost|p1a: Hydreigon|atk|1
|-unboost|p1a: Hydreigon|def|1
|-damage|p1a: Hydreigon|0 fnt|[from] item: Life Orb
|faint|p1a: Hydreigon
|
|c|âOmfuga|lol
|c|âOmfuga|this is gay
|
|switch|p1a: Alakazam|Alakazam-Mega, M, shiny|251\/251
|-damage|p1a: Alakazam|220\/251|[from] Stealth Rock
|-ability|p1a: Alakazam|Guts|[from] ability: Trace|[of] p2a: Machamp
|turn|18
|
|switch|p2a: Aggron|Aggron-Mega, M|24\/344
|move|p1a: Alakazam|Psychic|p2a: Aggron
|-resisted|p2a: Aggron
|-damage|p2a: Aggron|0 fnt
|faint|p2a: Aggron
|
|
|switch|p2a: Mienshao|Mienshao, F|238\/271
|turn|19
|
|switch|p1a: Machamp|Machamp, M|363\/363
|-damage|p1a: Machamp|341\/363|[from] Stealth Rock
|move|p2a: Mienshao|U-turn|p1a: Machamp
|-resisted|p1a: Machamp
|-damage|p1a: Machamp|292\/363
|
|switch|p2a: Machamp|Machamp, M|151\/381
|
|turn|20
|
|move|p1a: Machamp|Dynamic Punch|p2a: Machamp
|-damage|p2a: Machamp|0 fnt
|faint|p2a: Machamp
|
|c|âOmfuga|how much speed
|c|âOmfuga|do you run
|c|âOmfuga|?
|
|switch|p2a: Roserade|Roserade, M|135\/323
|turn|21
|c|âhurricane drunk|a few
|c|âhurricane drunk|u are rly
|c|âhurricane drunk|slow
|c|âhurricane drunk|i guess
|c|âhurricane drunk|rite?
|c|âOmfuga|im 150
|c|âOmfuga|slower
|c|âOmfuga|than most
|c|âhurricane drunk|im +160
|c|âOmfuga|yeah
|
|move|p2a: Roserade|Sleep Powder|p1a: Machamp
|-status|p1a: Machamp|slp
|cant|p1a: Machamp|slp
|
|-heal|p2a: Roserade|155\/323|[from] item: Black Sludge
|turn|22
|c|âOmfuga|they run for florges
|c|âOmfuga|which is unnecessary on av imo
|c|âOmfuga|idk if thats what you are tho
|c|âhurricane drunk|nah
|c|âhurricane drunk|im still
|c|âhurricane drunk|slower than florges
|c|âOmfuga|o
|
|move|p2a: Roserade|Spikes|p1a: Machamp
|-sidestart|p1: hurricane drunk|Spikes
|cant|p1a: Machamp|slp
|
|-heal|p2a: Roserade|175\/323|[from] item: Black Sludge
|turn|23
|
|move|p2a: Roserade|Spikes|p1a: Machamp
|-sidestart|p1: hurricane drunk|Spikes
|cant|p1a: Machamp|slp
|
|-heal|p2a: Roserade|195\/323|[from] item: Black Sludge
|turn|24
|
|move|p2a: Roserade|Spikes|p1a: Machamp
|-sidestart|p1: hurricane drunk|Spikes
|-curestatus|p1a: Machamp|slp
|move|p1a: Machamp|Knock Off|p2a: Roserade
|-damage|p2a: Roserade|6\/323
|-enditem|p2a: Roserade|Black Sludge|[from] move: Knock Off|[of] p1a: Machamp
|
|turn|25
|
|move|p2a: Roserade|Sleep Powder|p1a: Machamp
|-status|p1a: Machamp|slp
|cant|p1a: Machamp|slp
|
|turn|26
|
|switch|p2a: Mienshao|Mienshao, F|238\/271
|cant|p1a: Machamp|slp
|
|turn|27
|
|move|p2a: Mienshao|High Jump Kick|p1a: Machamp
|-damage|p1a: Machamp|0 fnt
|faint|p1a: Machamp
|
|
|switch|p1a: Gligar|Gligar, M|223\/333
|-damage|p1a: Gligar|182\/333|[from] Stealth Rock
|turn|28
|
|switch|p2a: Roserade|Roserade, M|6\/323
|move|p1a: Gligar|Roost|p1a: Gligar
|-heal|p1a: Gligar|333\/333
|
|turn|29
|
|switch|p1a: Jirachi|Jirachi, shiny|341\/341
|-damage|p1a: Jirachi|256\/341|[from] Spikes
|-damage|p1a: Jirachi|235\/341|[from] Stealth Rock
|move|p2a: Roserade|Sleep Powder|p1a: Jirachi
|-status|p1a: Jirachi|slp
|
|turn|30
|
|switch|p2a: Mienshao|Mienshao, F|238\/271
|cant|p1a: Jirachi|slp
|
|turn|31
|
|move|p2a: Mienshao|Knock Off|p1a: Jirachi
|-supereffective|p1a: Jirachi
|-damage|p1a: Jirachi|11\/341 slp
|-enditem|p1a: Jirachi|Choice Scarf|[from] move: Knock Off|[of] p2a: Mienshao
|cant|p1a: Jirachi|slp
|
|turn|32
|
|move|p2a: Mienshao|Knock Off|p1a: Jirachi
|-supereffective|p1a: Jirachi
|-damage|p1a: Jirachi|0 fnt
|faint|p1a: Jirachi
|
|
|switch|p1a: Gligar|Gligar, M|333\/333
|-damage|p1a: Gligar|292\/333|[from] Stealth Rock
|turn|33
|
|move|p2a: Mienshao|Knock Off|p1a: Gligar
|-damage|p1a: Gligar|216\/333
|move|p1a: Gligar|Earthquake|p2a: Mienshao
|-damage|p2a: Mienshao|88\/271
|
|turn|34
|
|move|p2a: Mienshao|Knock Off|p1a: Gligar
|-damage|p1a: Gligar|149\/333
|move|p1a: Gligar|Earthquake|p2a: Mienshao
|-damage|p2a: Mienshao|0 fnt
|faint|p2a: Mienshao
|
|
|switch|p2a: Roserade|Roserade, M|6\/323
|turn|35
|
|move|p2a: Roserade|Sleep Powder|p1a: Gligar
|-status|p1a: Gligar|slp
|cant|p1a: Gligar|slp
|
|turn|36
|
|move|p2a: Roserade|Giga Drain|p1a: Gligar
|-damage|p1a: Gligar|53\/333 slp
|-heal|p2a: Roserade|54\/323|[from] drain|[of] p1a: Gligar
|cant|p1a: Gligar|slp
|
|turn|37
|
|move|p2a: Roserade|Giga Drain|p1a: Gligar
|-damage|p1a: Gligar|0 fnt
|-heal|p2a: Roserade|81\/323|[from] drain|[of] p1a: Gligar
|faint|p1a: Gligar
|
|c|âOmfuga|gg
|
|switch|p1a: Alakazam|Alakazam-Mega, M, shiny|220\/251
|-damage|p1a: Alakazam|158\/251|[from] Spikes
|-damage|p1a: Alakazam|127\/251|[from] Stealth Rock
|-ability|p1a: Alakazam|Natural Cure|[from] ability: Trace|[of] p2a: Roserade
|turn|38
|
|move|p1a: Alakazam|Psychic|p2a: Roserade
|-supereffective|p2a: Roserade
|-damage|p2a: Roserade|0 fnt
|faint|p2a: Roserade
|
|win|hurricane drunk
|c|âOmfuga|hax was gay but it is what it is
|c|âOmfuga|nice job
|c|âOmfuga|ur team
|c|âOmfuga|is stable
|c|âOmfuga|anyway I gotta go
|c|âOmfuga|peace
|c|âhurricane drunk|bye o\/
|leave|Omfuga
|player|p2