|J|Omfuga
|J|quintin the ape
|player|p1|Omfuga|105
|player|p2|quintin the ape|2
|gametype|singles
|gen|6
|tier|UU
|rule|Sleep Clause Mod: Limit one foe put to sleep
|rule|Species Clause: Limit one of each PokÃ©mon
|rule|OHKO Clause: OHKO moves are banned
|rule|Moody Clause: Moody is banned
|rule|Evasion Moves Clause: Evasion moves are banned
|rule|Endless Battle Clause: Forcing endless battles is banned
|rule|HP Percentage Mod: HP is shown in percentages
|clearpoke
|poke|p1|Sharpedo, F
|poke|p1|Empoleon, F
|poke|p1|Chesnaught, M
|poke|p1|Dragalge, F
|poke|p1|Gligar, M
|poke|p1|Jirachi
|poke|p2|Abomasnow, M
|poke|p2|Slowking, M
|poke|p2|Empoleon, F
|poke|p2|Zygarde
|poke|p2|Florges, F
|poke|p2|Raikou
|rule|Swagger Clause: Swagger is banned
|rule|Baton Pass Clause: Limit one PokÃ©mon knowing Baton Pass
|teampreview
|c|âOmfuga|my teams rlly dumb haha sorry!
|c|âOmfuga|savin all the real big dick nigga squads for SPL..
|
|start
|switch|p1a: Dragalge|Dragalge, F|317\/317
|switch|p2a: Raikou|Raikou|321\/321
|-ability|p2a: Raikou|Pressure
|turn|1
|
|move|p2a: Raikou|Volt Switch|p1a: Dragalge
|-resisted|p1a: Dragalge
|-damage|p1a: Dragalge|248\/317
|
|switch|p2a: Empoleon|Empoleon, F|372\/372
|move|p1a: Dragalge|Draco Meteor|p2a: Empoleon
|-resisted|p2a: Empoleon
|-damage|p2a: Empoleon|243\/372
|-unboost|p1a: Dragalge|spa|2
|
|-heal|p2a: Empoleon|266\/372|[from] item: Leftovers
|turn|2
|
|move|p2a: Empoleon|Stealth Rock|p1a: Dragalge
|-sidestart|p1: Omfuga|move: Stealth Rock
|move|p1a: Dragalge|Toxic Spikes|p2a: Empoleon
|-sidestart|p2: quintin the ape|move: Toxic Spikes
|
|-heal|p2a: Empoleon|289\/372|[from] item: Leftovers
|turn|3
|
|switch|p1a: Empoleon|Empoleon, F|309\/309
|-damage|p1a: Empoleon|290\/309|[from] Stealth Rock
|move|p2a: Empoleon|Knock Off|p1a: Empoleon
|-damage|p1a: Empoleon|226\/309
|-enditem|p1a: Empoleon|Mystic Water|[from] move: Knock Off|[of] p2a: Empoleon
|
|-heal|p2a: Empoleon|312\/372|[from] item: Leftovers
|turn|4
|
|move|p1a: Empoleon|Swords Dance|p1a: Empoleon
|-boost|p1a: Empoleon|atk|2
|move|p2a: Empoleon|Scald|p1a: Empoleon
|-resisted|p1a: Empoleon
|-damage|p1a: Empoleon|175\/309
|
|-heal|p2a: Empoleon|335\/372|[from] item: Leftovers
|turn|5
|J|Harper's Bazaar
|
|move|p1a: Empoleon|Earthquake|p2a: Empoleon
|-supereffective|p2a: Empoleon
|-damage|p2a: Empoleon|0 fnt
|faint|p2a: Empoleon
|
|
|switch|p2a: Raikou|Raikou|321\/321
|-status|p2a: Raikou|psn
|-ability|p2a: Raikou|Pressure
|turn|6
|
|switch|p1a: Gligar|Gligar, M|333\/333
|-damage|p1a: Gligar|292\/333|[from] Stealth Rock
|move|p2a: Raikou|Volt Switch|p1a: Gligar
|-immune|p1a: Gligar|[msg]
|
|-damage|p2a: Raikou|281\/321 psn|[from] psn
|turn|7
|
|switch|p2a: Abomasnow|Abomasnow, M|331\/331
|-status|p2a: Abomasnow|psn
|-weather|Hail
|move|p1a: Gligar|Stealth Rock|p2a: Abomasnow
|-sidestart|p2: quintin the ape|move: Stealth Rock
|
|-weather|Hail|[upkeep]
|-damage|p1a: Gligar|272\/333|[from] hail
|-damage|p2a: Abomasnow|290\/331 psn|[from] psn
|turn|8
|
|detailschange|p2a: Abomasnow|Abomasnow-Mega, M
|-mega|p2a: Abomasnow|Abomasnow|Abomasite
|move|p1a: Gligar|U-turn|p2a: Abomasnow
|-supereffective|p2a: Abomasnow
|-damage|p2a: Abomasnow|200\/331 psn
|
|switch|p1a: Empoleon|Empoleon, F|175\/309
|-damage|p1a: Empoleon|156\/309|[from] Stealth Rock
|move|p2a: Abomasnow|Earthquake|p1a: Empoleon
|-supereffective|p1a: Empoleon
|-damage|p1a: Empoleon|0 fnt
|faint|p1a: Empoleon
|
|-weather|Hail|[upkeep]
|-damage|p2a: Abomasnow|159\/331 psn|[from] psn
|
|switch|p1a: Sharpedo|Sharpedo, F|281\/281
|-damage|p1a: Sharpedo|246\/281|[from] Stealth Rock
|turn|9
|
|detailschange|p1a: Sharpedo|Sharpedo-Mega, F
|-mega|p1a: Sharpedo|Sharpedo|Sharpedonite
|move|p1a: Sharpedo|Crunch|p2a: Abomasnow
|-damage|p2a: Abomasnow|0 fnt
|faint|p2a: Abomasnow
|
|-weather|Hail|[upkeep]
|-damage|p1a: Sharpedo|229\/281|[from] hail
|
|switch|p2a: Raikou|Raikou|281\/321 psn
|-damage|p2a: Raikou|241\/321 psn|[from] Stealth Rock
|-ability|p2a: Raikou|Pressure
|turn|10
|
|move|p1a: Sharpedo|Protect|p1a: Sharpedo
|-singleturn|p1a: Sharpedo|Protect
|move|p2a: Raikou|Hidden Power|p1a: Sharpedo
|-activate|p1a: Sharpedo|Protect
|
|-weather|Hail|[upkeep]
|-damage|p2a: Raikou|221\/321 psn|[from] hail
|-damage|p1a: Sharpedo|212\/281|[from] hail
|-damage|p2a: Raikou|181\/321 psn|[from] psn
|turn|11
|
|move|p2a: Raikou|Hidden Power|p1a: Sharpedo
|-resisted|p1a: Sharpedo
|-damage|p1a: Sharpedo|137\/281
|move|p1a: Sharpedo|Crunch|p2a: Raikou
|-damage|p2a: Raikou|0 fnt
|faint|p2a: Raikou
|
|-weather|none
|
|switch|p2a: Zygarde|Zygarde|357\/357
|-damage|p2a: Zygarde|335\/357|[from] Stealth Rock
|-status|p2a: Zygarde|psn
|-ability|p2a: Zygarde|Aura Break
|turn|12
|
|move|p2a: Zygarde|Extreme Speed|p1a: Sharpedo
|-damage|p1a: Sharpedo|16\/281
|move|p1a: Sharpedo|Ice Fang|p2a: Zygarde
|-supereffective|p2a: Zygarde
|-damage|p2a: Zygarde|0 fnt
|faint|p2a: Zygarde
|
|
|switch|p2a: Florges|Florges, F|360\/360
|-status|p2a: Florges|psn
|-damage|p2a: Florges|315\/360 psn|[from] Stealth Rock
|turn|13
|
|move|p1a: Sharpedo|Waterfall|p2a: Florges
|-damage|p2a: Florges|162\/360 psn
|move|p2a: Florges|Wish|p2a: Florges
|
|-heal|p2a: Florges|184\/360 psn|[from] item: Leftovers
|-damage|p2a: Florges|139\/360 psn|[from] psn
|turn|14
|
|move|p2a: Florges|Protect|p2a: Florges
|-singleturn|p2a: Florges|Protect
|move|p1a: Sharpedo|Waterfall|p2a: Florges
|-activate|p2a: Florges|Protect
|
|-heal|p2a: Florges|319\/360 psn|[from] move: Wish|[wisher] Florges
|-heal|p2a: Florges|341\/360 psn|[from] item: Leftovers
|-damage|p2a: Florges|296\/360 psn|[from] psn
|turn|15
|
|move|p1a: Sharpedo|Waterfall|p2a: Florges
|-damage|p2a: Florges|125\/360 psn
|move|p2a: Florges|Moonblast|p1a: Sharpedo
|-supereffective|p1a: Sharpedo
|-damage|p1a: Sharpedo|0 fnt
|faint|p1a: Sharpedo
|
|-heal|p2a: Florges|147\/360 psn|[from] item: Leftovers
|-damage|p2a: Florges|102\/360 psn|[from] psn
|
|switch|p1a: Gligar|Gligar, M|272\/333
|-damage|p1a: Gligar|231\/333|[from] Stealth Rock
|turn|16
|J|LORD OUTL
|
|switch|p2a: Slowking|Slowking, M|394\/394
|-damage|p2a: Slowking|345\/394|[from] Stealth Rock
|-status|p2a: Slowking|psn
|move|p1a: Gligar|Earthquake|p2a: Slowking
|-damage|p2a: Slowking|272\/394 psn
|
|-heal|p2a: Slowking|296\/394 psn|[from] item: Leftovers
|-damage|p2a: Slowking|247\/394 psn|[from] psn
|turn|17
|
|move|p1a: Gligar|U-turn|p2a: Slowking
|-supereffective|p2a: Slowking
|-damage|p2a: Slowking|171\/394 psn
|
|switch|p1a: Chesnaught|Chesnaught, M|379\/379
|-damage|p1a: Chesnaught|356\/379|[from] Stealth Rock
|move|p2a: Slowking|Psyshock|p1a: Chesnaught
|-supereffective|p1a: Chesnaught
|-damage|p1a: Chesnaught|236\/379
|
|-heal|p1a: Chesnaught|259\/379|[from] item: Leftovers
|-heal|p2a: Slowking|195\/394 psn|[from] item: Leftovers
|-damage|p2a: Slowking|146\/394 psn|[from] psn
|turn|18
|
|move|p1a: Chesnaught|Spikes|p2a: Slowking
|-sidestart|p2: quintin the ape|Spikes
|move|p2a: Slowking|Slack Off|p2a: Slowking
|-heal|p2a: Slowking|343\/394 psn
|
|-heal|p1a: Chesnaught|282\/379|[from] item: Leftovers
|-heal|p2a: Slowking|367\/394 psn|[from] item: Leftovers
|-damage|p2a: Slowking|318\/394 psn|[from] psn
|turn|19
|
|move|p1a: Chesnaught|Spikes|p2a: Slowking
|-sidestart|p2: quintin the ape|Spikes
|move|p2a: Slowking|Calm Mind|p2a: Slowking
|-boost|p2a: Slowking|spa|1
|-boost|p2a: Slowking|spd|1
|
|-heal|p1a: Chesnaught|305\/379|[from] item: Leftovers
|-heal|p2a: Slowking|342\/394 psn|[from] item: Leftovers
|-damage|p2a: Slowking|293\/394 psn|[from] psn
|turn|20
|
|move|p1a: Chesnaught|Leech Seed|p2a: Slowking
|-start|p2a: Slowking|move: Leech Seed
|move|p2a: Slowking|Slack Off|p2a: Slowking
|-heal|p2a: Slowking|394\/394 psn
|
|-heal|p1a: Chesnaught|328\/379|[from] item: Leftovers
|-damage|p2a: Slowking|345\/394 psn|[from] Leech Seed|[of] p1a: Chesnaught
|-heal|p1a: Chesnaught|377\/379|[silent]
|-damage|p2a: Slowking|296\/394 psn|[from] psn
|turn|21
|
|switch|p1a: Dragalge|Dragalge, F|248\/317
|-damage|p1a: Dragalge|209\/317|[from] Stealth Rock
|move|p2a: Slowking|Calm Mind|p2a: Slowking
|-boost|p2a: Slowking|spa|1
|-boost|p2a: Slowking|spd|1
|
|-heal|p2a: Slowking|320\/394 psn|[from] item: Leftovers
|-damage|p2a: Slowking|271\/394 psn|[from] Leech Seed|[of] p1a: Dragalge
|-heal|p1a: Dragalge|258\/317|[silent]
|-damage|p2a: Slowking|222\/394 psn|[from] psn
|turn|22
|
|move|p1a: Dragalge|Sludge Bomb|p2a: Slowking
|-damage|p2a: Slowking|138\/394 psn
|move|p2a: Slowking|Slack Off|p2a: Slowking
|-heal|p2a: Slowking|335\/394 psn
|
|-heal|p2a: Slowking|359\/394 psn|[from] item: Leftovers
|-damage|p2a: Slowking|310\/394 psn|[from] Leech Seed|[of] p1a: Dragalge
|-heal|p1a: Dragalge|307\/317|[silent]
|-damage|p2a: Slowking|261\/394 psn|[from] psn
|turn|23
|
|move|p1a: Dragalge|Sludge Bomb|p2a: Slowking
|-damage|p2a: Slowking|171\/394 psn
|move|p2a: Slowking|Psyshock|p1a: Dragalge
|-supereffective|p1a: Dragalge
|-damage|p1a: Dragalge|0 fnt
|faint|p1a: Dragalge
|
|-heal|p2a: Slowking|195\/394 psn|[from] item: Leftovers
|-damage|p2a: Slowking|146\/394 psn|[from] psn
|
|switch|p1a: Jirachi|Jirachi|341\/341
|-damage|p1a: Jirachi|320\/341|[from] Stealth Rock
|turn|24
|
|move|p1a: Jirachi|Iron Head|p2a: Slowking
|-resisted|p2a: Slowking
|-damage|p2a: Slowking|87\/394 psn
|cant|p2a: Slowking|flinch
|
|-heal|p2a: Slowking|111\/394 psn|[from] item: Leftovers
|-damage|p2a: Slowking|62\/394 psn|[from] Leech Seed|[of] p1a: Jirachi
|-heal|p1a: Jirachi|341\/341|[silent]
|-damage|p2a: Slowking|13\/394 psn|[from] psn
|turn|25
|c|âOmfuga|haha gg
|c|âquintin the ape|GG
|c|âOmfuga|why'd u call me overrated nigga
|c|âOmfuga|u hurt my feelings a lot...
|c|âOmfuga|sigh
|c|âOmfuga|#4
|c|âquintin the ape|:[
|c|âOmfuga|just under greatness.
|
|switch|p2a: Florges|Florges, F|102\/360 psn
|-damage|p2a: Florges|57\/360 psn|[from] Stealth Rock
|-damage|p2a: Florges|0 fnt|[from] Spikes
|faint|p2a: Florges
|move|p1a: Jirachi|Iron Head|p2: Florges|[notarget]
|-notarget
|
|c|âOmfuga|oh wait
|
|switch|p2a: Slowking|Slowking, M|144\/394 psn
|-damage|p2a: Slowking|95\/394 psn|[from] Stealth Rock
|-damage|p2a: Slowking|30\/394 psn|[from] Spikes
|turn|26
|c|âOmfuga|can u live an iron head
|c|âOmfuga|oh no crisp
|c|âOmfuga|gg!
|
|move|p1a: Jirachi|Iron Head|p2a: Slowking
|-resisted|p2a: Slowking
|-damage|p2a: Slowking|0 fnt
|faint|p2a: Slowking
|
|win|Omfuga
|L|quintin the ape
|player|p2
|c|âOmfuga|better fix those rankings now haha.
|L|Omfuga
|player|p1
|J|Omfuga
|L|Omfuga