|inactive|Battle timer is ON: inactive players will automatically lose when time's up.
|J|Omfuga
|J|Lord Emvee
|player|p1|Omfuga|105
|player|p2|Lord Emvee|292
|gametype|singles
|gen|6
|tier|UU
|rule|Sleep Clause Mod: Limit one foe put to sleep
|rule|Species Clause: Limit one of each PokÃ©mon
|rule|OHKO Clause: OHKO moves are banned
|rule|Moody Clause: Moody is banned
|rule|Evasion Moves Clause: Evasion moves are banned
|rule|Endless Battle Clause: Forcing endless battles is banned
|rule|HP Percentage Mod: HP is shown in percentages
|clearpoke
|poke|p1|Slurpuff, F
|poke|p1|Cobalion
|poke|p1|Nidoqueen, F
|poke|p1|Blastoise, F
|poke|p1|Hydreigon, M
|poke|p1|Kingdra, M
|poke|p2|Abomasnow, M
|poke|p2|Toxicroak, F
|poke|p2|Vaporeon, F
|poke|p2|Donphan, M
|poke|p2|Jirachi
|poke|p2|Granbull, M
|rule|Swagger Clause: Swagger is banned
|rule|Baton Pass Clause: Limit one PokÃ©mon knowing Baton Pass
|teampreview
|J|Zamrock
|J|srk1214
|J|iu_m
|J|King Tsunami
|J|Finchinator
|J|FAJI
|J|Valentine
|J|Jirachee
|J|Teddeh
|J|Vileman
|c|+Finchinator|:]
|J|bouff
|J|Soulgazer
|J|CrashinBoomBang
|raw|<div class="broadcast-red"><b>Moderated chat was set to +!<\/b><br \/>Only users of rank + and higher can talk.<\/div>
|J|Tom Bus
|J|RiCH HOMiE CHRiS
|J|Ciele
|J|robert
|J|BKC
|J|LiberalLucario
|J|Volbeatdown
|J|B is for Brutus
|raw|<div class="broadcast-red"><b>Moderated chat was set to %!<\/b><br \/>Only users of rank % and higher can talk.<\/div>
|J|gorgie
|J|Fireburn
|J|radianthero156
|J|Ginku
|J|Takemaru
|J|Sinclair
|J|Misery Business
|J|Qwilphish
|J|cbt
|J|friendofallah
|J|Mizuhime
|J|blunderr
|J|RFlush
|J|Oglemi
|L|Volbeatdown
|J|Moony
|J|gr8astard
|J|Harsha
|J|Steelphoenix
|J|Calloflochie
|J|lunarr
|
|start
|switch|p1a: Nidoqueen|Nidoqueen, F|353\/353
|switch|p2a: Jirachi|Jirachi|341\/341
|turn|1
|J|Belceboo
|J|elastico
|J|kokoloko
|J|boudouche
|L|Belceboo
|J|february stars
|
|move|p2a: Jirachi|U-turn|p1a: Nidoqueen
|-resisted|p1a: Nidoqueen
|-damage|p1a: Nidoqueen|317\/353
|
|switch|p2a: Vaporeon|Vaporeon, F|451\/451
|move|p1a: Nidoqueen|Earth Power|p2a: Vaporeon
|-damage|p2a: Vaporeon|260\/451
|
|-heal|p2a: Vaporeon|288\/451|[from] item: Leftovers
|turn|2
|J|flcl
|J|Dice
|J|Funkasaurus
|J|tesung
|
|move|p1a: Nidoqueen|Sludge Wave|p2a: Vaporeon
|-damage|p2a: Vaporeon|92\/451
|move|p2a: Vaporeon|Wish|p2a: Vaporeon
|
|-heal|p2a: Vaporeon|120\/451|[from] item: Leftovers
|turn|3
|
|move|p2a: Vaporeon|Protect|p2a: Vaporeon
|-singleturn|p2a: Vaporeon|Protect
|move|p1a: Nidoqueen|Stealth Rock|p2a: Vaporeon
|-sidestart|p2: Lord Emvee|move: Stealth Rock
|
|-heal|p2a: Vaporeon|345\/451|[from] move: Wish|[wisher] Vaporeon
|-heal|p2a: Vaporeon|373\/451|[from] item: Leftovers
|turn|4
|J|Angelin
|
|move|p1a: Nidoqueen|Sludge Wave|p2a: Vaporeon
|-damage|p2a: Vaporeon|169\/451
|move|p2a: Vaporeon|Wish|p2a: Vaporeon
|
|-heal|p2a: Vaporeon|197\/451|[from] item: Leftovers
|turn|5
|
|switch|p1a: Kingdra|Kingdra, M|291\/291
|move|p2a: Vaporeon|Protect|p2a: Vaporeon
|-fail|p2a: Vaporeon
|
|-heal|p2a: Vaporeon|422\/451|[from] move: Wish|[wisher] Vaporeon
|-heal|p2a: Vaporeon|450\/451|[from] item: Leftovers
|turn|6
|J|Cosine180
|
|move|p1a: Kingdra|Substitute|p1a: Kingdra
|-start|p1a: Kingdra|Substitute
|-damage|p1a: Kingdra|219\/291
|move|p2a: Vaporeon|Wish|p2a: Vaporeon
|
|-heal|p2a: Vaporeon|451\/451|[from] item: Leftovers
|turn|7
|J|Bowlii
|
|move|p1a: Kingdra|Dragon Dance|p1a: Kingdra
|-boost|p1a: Kingdra|atk|1
|-boost|p1a: Kingdra|spe|1
|move|p2a: Vaporeon|Baton Pass|p2a: Vaporeon
|J|BLINGAS
|
|switch|p2a: Granbull|Granbull, M|383\/383
|-damage|p2a: Granbull|336\/383|[from] Stealth Rock
|-activate|p1a: Kingdra|Substitute|ability: Intimidate|[of] p2a: Granbull
|
|-heal|p2a: Granbull|383\/383|[from] move: Wish|[wisher] Vaporeon
|turn|8
|J|tennisace
|
|move|p1a: Kingdra|Waterfall|p2a: Granbull
|-damage|p2a: Granbull|148\/383
|move|p2a: Granbull|Play Rough|p1a: Kingdra
|-supereffective|p1a: Kingdra
|-end|p1a: Kingdra|Substitute
|
|-heal|p2a: Granbull|171\/383|[from] item: Leftovers
|turn|9
|J|NEW BREED
|L|Steelphoenix
|J|Void
|
|move|p1a: Kingdra|Substitute|p1a: Kingdra
|-start|p1a: Kingdra|Substitute
|-damage|p1a: Kingdra|147\/291
|move|p2a: Granbull|Play Rough|p1a: Kingdra
|-supereffective|p1a: Kingdra
|-end|p1a: Kingdra|Substitute
|
|-heal|p2a: Granbull|194\/383|[from] item: Leftovers
|turn|10
|L|Cosine180
|J|Ren-chon
|J|TRAVI$ SCOTT
|
|switch|p2a: Toxicroak|Toxicroak, F|307\/307
|-damage|p2a: Toxicroak|288\/307|[from] Stealth Rock
|move|p1a: Kingdra|Waterfall|p2a: Toxicroak
|-heal|p2a: Toxicroak|307\/307|[from] ability: Dry Skin|[of] p1a: Kingdra
|
|turn|11
|
|switch|p1a: Nidoqueen|Nidoqueen, F|317\/353
|move|p2a: Toxicroak|Drain Punch|p1a: Nidoqueen
|-resisted|p1a: Nidoqueen
|-damage|p1a: Nidoqueen|248\/353
|
|turn|12
|
|switch|p2a: Vaporeon|Vaporeon, F|451\/451
|-damage|p2a: Vaporeon|395\/451|[from] Stealth Rock
|move|p1a: Nidoqueen|Earth Power|p2a: Vaporeon
|-damage|p2a: Vaporeon|214\/451
|
|-heal|p2a: Vaporeon|242\/451|[from] item: Leftovers
|turn|13
|J|WreckDra
|
|move|p1a: Nidoqueen|Sludge Wave|p2a: Vaporeon
|-damage|p2a: Vaporeon|39\/451
|move|p2a: Vaporeon|Wish|p2a: Vaporeon
|
|-heal|p2a: Vaporeon|67\/451|[from] item: Leftovers
|turn|14
|
|switch|p1a: Kingdra|Kingdra, M|147\/291
|move|p2a: Vaporeon|Protect|p2a: Vaporeon
|-fail|p2a: Vaporeon
|
|-heal|p2a: Vaporeon|292\/451|[from] move: Wish|[wisher] Vaporeon
|-heal|p2a: Vaporeon|320\/451|[from] item: Leftovers
|turn|15
|
|switch|p2a: Granbull|Granbull, M|194\/383
|-damage|p2a: Granbull|147\/383|[from] Stealth Rock
|-ability|p2a: Granbull|Intimidate|[of] p1a: Kingdra
|-unboost|p1a: Kingdra|atk|1
|move|p1a: Kingdra|Dragon Dance|p1a: Kingdra
|-boost|p1a: Kingdra|atk|1
|-boost|p1a: Kingdra|spe|1
|
|-heal|p2a: Granbull|170\/383|[from] item: Leftovers
|turn|16
|
|switch|p1a: Blastoise|Blastoise, F|342\/342
|move|p2a: Granbull|Play Rough|p1a: Blastoise
|-damage|p1a: Blastoise|176\/342
|
|-heal|p2a: Granbull|193\/383|[from] item: Leftovers
|turn|17
|J|the pdc show
|
|switch|p2a: Toxicroak|Toxicroak, F|307\/307
|-damage|p2a: Toxicroak|288\/307|[from] Stealth Rock
|detailschange|p1a: Blastoise|Blastoise-Mega, F
|-mega|p1a: Blastoise|Blastoise|Blastoisinite
|move|p1a: Blastoise|Dark Pulse|p2a: Toxicroak
|-resisted|p2a: Toxicroak
|-damage|p2a: Toxicroak|174\/307
|
|-heal|p2a: Toxicroak|193\/307|[from] item: Black Sludge
|turn|18
|J|The DragonKnight
|J|metmaver
|
|move|p2a: Toxicroak|Drain Punch|p1a: Blastoise
|-damage|p1a: Blastoise|85\/342
|-heal|p2a: Toxicroak|239\/307|[from] drain|[of] p1a: Blastoise
|move|p1a: Blastoise|Ice Beam|p2a: Toxicroak
|-damage|p2a: Toxicroak|71\/307
|
|-heal|p2a: Toxicroak|90\/307|[from] item: Black Sludge
|turn|19
|
|switch|p1a: Nidoqueen|Nidoqueen, F|248\/353
|move|p2a: Toxicroak|Drain Punch|p1a: Nidoqueen
|-resisted|p1a: Nidoqueen
|-damage|p1a: Nidoqueen|180\/353
|-heal|p2a: Toxicroak|124\/307|[from] drain|[of] p1a: Nidoqueen
|
|-heal|p2a: Toxicroak|143\/307|[from] item: Black Sludge
|turn|20
|J|Rewer
|J|dodmen
|L|Rewer
|
|switch|p2a: Donphan|Donphan, M|381\/381
|-damage|p2a: Donphan|358\/381|[from] Stealth Rock
|move|p1a: Nidoqueen|Earth Power|p2a: Donphan
|-damage|p2a: Donphan|56\/381
|
|-heal|p2a: Donphan|79\/381|[from] item: Leftovers
|turn|21
|J|Marky B
|L|Qwilphish
|
|move|p2a: Donphan|Ice Shard|p1a: Nidoqueen
|-supereffective|p1a: Nidoqueen
|-damage|p1a: Nidoqueen|98\/353
|move|p1a: Nidoqueen|Earth Power|p2a: Donphan
|-damage|p2a: Donphan|0 fnt
|faint|p2a: Donphan
|
|
|switch|p2a: Abomasnow|Abomasnow, M|383\/383
|-damage|p2a: Abomasnow|288\/383|[from] Stealth Rock
|-weather|Hail
|turn|22
|L|WreckDra
|J|amp'dpharos
|J|WreckDra
|
|switch|p1a: Cobalion|Cobalion|323\/323
|detailschange|p2a: Abomasnow|Abomasnow-Mega, M
|-mega|p2a: Abomasnow|Abomasnow|Abomasite
|move|p2a: Abomasnow|Earthquake|p1a: Cobalion
|-supereffective|p1a: Cobalion
|-damage|p1a: Cobalion|151\/323
|
|-weather|Hail|[upkeep]
|-damage|p1a: Cobalion|131\/323|[from] hail
|turn|23
|J|Artemisa
|
|switch|p2a: Vaporeon|Vaporeon, F|320\/451
|-damage|p2a: Vaporeon|264\/451|[from] Stealth Rock
|move|p1a: Cobalion|Close Combat|p2a: Vaporeon
|-damage|p2a: Vaporeon|69\/451
|-unboost|p1a: Cobalion|def|1
|-unboost|p1a: Cobalion|spd|1
|
|-weather|Hail|[upkeep]
|-damage|p1a: Cobalion|111\/323|[from] hail
|-damage|p2a: Vaporeon|41\/451|[from] hail
|-heal|p2a: Vaporeon|69\/451|[from] item: Leftovers
|turn|24
|c|âOmfuga|huh
|
|move|p2a: Vaporeon|Protect|p2a: Vaporeon
|-singleturn|p2a: Vaporeon|Protect
|move|p1a: Cobalion|Close Combat|p2a: Vaporeon
|-activate|p2a: Vaporeon|Protect
|
|-weather|Hail|[upkeep]
|-damage|p1a: Cobalion|91\/323|[from] hail
|-damage|p2a: Vaporeon|41\/451|[from] hail
|-heal|p2a: Vaporeon|69\/451|[from] item: Leftovers
|turn|25
|
|move|p2a: Vaporeon|Protect|p2a: Vaporeon
|-fail|p2a: Vaporeon
|move|p1a: Cobalion|Close Combat|p2a: Vaporeon
|-damage|p2a: Vaporeon|0 fnt
|-unboost|p1a: Cobalion|def|1
|-unboost|p1a: Cobalion|spd|1
|faint|p2a: Vaporeon
|
|-weather|Hail|[upkeep]
|-damage|p1a: Cobalion|71\/323|[from] hail
|L|Artemisa
|J|Artemisa
|L|Artemisa
|
|switch|p2a: Jirachi|Jirachi|341\/341
|-damage|p2a: Jirachi|320\/341|[from] Stealth Rock
|turn|26
|J|Z38
|L|Harsha
|J|Qwilphish
|J|Artemisa
|L|Artemisa
|J|Artemisa
|L|Artemisa
|J|Artemisa
|
|switch|p1a: Nidoqueen|Nidoqueen, F|98\/353
|move|p2a: Jirachi|Iron Head|p1a: Nidoqueen
|-damage|p1a: Nidoqueen|0 fnt
|faint|p1a: Nidoqueen
|
|-weather|none
|J|innovamania
|
|switch|p1a: Hydreigon|Hydreigon, M|325\/325
|turn|27
|
|move|p2a: Jirachi|Iron Head|p1a: Hydreigon
|-damage|p1a: Hydreigon|183\/325
|cant|p1a: Hydreigon|flinch
|
|turn|28
|c|âOmfuga|lol
|L|Dice
|L|Void
|
|move|p2a: Jirachi|Iron Head|p1a: Hydreigon
|-damage|p1a: Hydreigon|57\/325
|move|p1a: Hydreigon|Dark Pulse|p2a: Jirachi
|-supereffective|p2a: Jirachi
|-damage|p2a: Jirachi|42\/341
|
|turn|29
|
|move|p2a: Jirachi|Iron Head|p1a: Hydreigon
|-damage|p1a: Hydreigon|0 fnt
|faint|p1a: Hydreigon
|
|L|Angelin
|L|radianthero156
|
|switch|p1a: Kingdra|Kingdra, M|147\/291
|turn|30
|L|metmaver
|
|switch|p2a: Granbull|Granbull, M|193\/383
|-damage|p2a: Granbull|146\/383|[from] Stealth Rock
|-ability|p2a: Granbull|Intimidate|[of] p1a: Kingdra
|-unboost|p1a: Kingdra|atk|1
|move|p1a: Kingdra|Waterfall|p2a: Granbull
|-damage|p2a: Granbull|34\/383
|
|-heal|p2a: Granbull|57\/383|[from] item: Leftovers
|turn|31
|J|Void
|
|move|p1a: Kingdra|Waterfall|p2a: Granbull
|-damage|p2a: Granbull|0 fnt
|faint|p2a: Granbull
|
|J|Gayyyb Orr
|
|switch|p2a: Toxicroak|Toxicroak, F|143\/307
|-damage|p2a: Toxicroak|124\/307|[from] Stealth Rock
|turn|32
|J|metmaver
|c|âOmfuga|!dt toxicroak
|c|~|\/data-pokemon Toxicroak
|raw|<font size="1"><font color=#585858>Dex#:<\/font> 454&nbsp;|&ThickSpace;<font color=#585858>Height:<\/font> 1.3 m&nbsp;|&ThickSpace;<font color=#585858>Weight:<\/font> 44.4 kg <em>(60 BP)<\/em>&nbsp;|&ThickSpace;<font color=#585858>Dex Colour:<\/font> Blue&nbsp;|&ThickSpace;<font color=#585858>Egg Group(s):<\/font> Human-Like&nbsp;|&ThickSpace;<font color=#585858><font color=#585858>Does Not Evolve<\/font><\/font><\/font>
|c|âOmfuga|!dt kingdra
|c|~|\/data-pokemon Kingdra
|raw|<font size="1"><font color=#585858>Dex#:<\/font> 230&nbsp;|&ThickSpace;<font color=#585858>Height:<\/font> 1.8 m&nbsp;|&ThickSpace;<font color=#585858>Weight:<\/font> 152 kg <em>(100 BP)<\/em>&nbsp;|&ThickSpace;<font color=#585858>Dex Colour:<\/font> Blue&nbsp;|&ThickSpace;<font color=#585858>Egg Group(s):<\/font> Water 1, Dragon&nbsp;|&ThickSpace;<font color=#585858><font color=#585858>Does Not Evolve<\/font><\/font><\/font>
|c|âOmfuga|eh
|
|move|p2a: Toxicroak|Gunk Shot|p1a: Kingdra
|-crit|p1a: Kingdra
|-damage|p1a: Kingdra|0 fnt
|faint|p1a: Kingdra
|
|-heal|p2a: Toxicroak|143\/307|[from] item: Black Sludge
|J|The Goomy
|L|Qwilphish
|
|switch|p1a: Cobalion|Cobalion|71\/323
|turn|33
|J|raseri fangirl
|J|I LOVE ANIME PUSSY
|J|Qwilphish
|
|move|p1a: Cobalion|Iron Head|p2a: Toxicroak
|-crit|p2a: Toxicroak
|-damage|p2a: Toxicroak|0 fnt
|faint|p2a: Toxicroak
|
|J|edgar
|
|switch|p2a: Jirachi|Jirachi|42\/341
|-damage|p2a: Jirachi|21\/341|[from] Stealth Rock
|turn|34
|J|Lord Bagel
|J|FruitDealer
|
|switch|p1a: Slurpuff|Slurpuff, F|304\/304
|move|p2a: Jirachi|Iron Head|p1a: Slurpuff
|-supereffective|p1a: Slurpuff
|-damage|p1a: Slurpuff|46\/304
|-enditem|p1a: Slurpuff|Sitrus Berry|[eat]
|-heal|p1a: Slurpuff|122\/304|[from] item: Sitrus Berry
|
|turn|35
|J|RiCH HOMiE CA$ED
|c|âLord Emvee|gg bro
|c|âOmfuga|gg
|c|âOmfuga|1-3
|c|âOmfuga|blunder
|c|âOmfuga|for u!!
|
|move|p1a: Slurpuff|Drain Punch|p2a: Jirachi
|-damage|p2a: Jirachi|0 fnt
|-heal|p1a: Slurpuff|133\/304|[from] drain|[of] p2a: Jirachi
|faint|p2a: Jirachi
|
|c|âOmfuga|well dont time out..
|
|switch|p2a: Abomasnow|Abomasnow-Mega, M|288\/383
|-damage|p2a: Abomasnow|193\/383|[from] Stealth Rock
|-weather|Hail
|turn|36
|
|move|p2a: Abomasnow|Ice Shard|p1a: Slurpuff
|-damage|p1a: Slurpuff|58\/304
|move|p1a: Slurpuff|Drain Punch|p2a: Abomasnow
|-supereffective|p2a: Abomasnow
|-damage|p2a: Abomasnow|63\/383
|-heal|p1a: Slurpuff|123\/304|[from] drain|[of] p2a: Abomasnow
|
|-weather|Hail|[upkeep]
|-damage|p1a: Slurpuff|104\/304|[from] hail
|turn|37
|
|move|p2a: Abomasnow|Ice Shard|p1a: Slurpuff
|-damage|p1a: Slurpuff|32\/304
|move|p1a: Slurpuff|Drain Punch|p2a: Abomasnow
|-supereffective|p2a: Abomasnow
|-damage|p2a: Abomasnow|0 fnt
|-heal|p1a: Slurpuff|64\/304|[from] drain|[of] p2a: Abomasnow
|faint|p2a: Abomasnow
|
|win|Omfuga
|L|blunderr
|L|RiCH HOMiE CHRiS
|L|NEW BREED
|L|B is for Brutus
|L|Oglemi
|L|friendofallah
|L|Zamrock
|L|Artemisa
|L|Moony
|L|tesung
|L|Vileman
|L|Jirachee
|L|WreckDra
|L|The DragonKnight
|L|boudouche
|L|Takemaru
|L|robert
|L|Calloflochie
|L|lunarr
|L|elastico
|L|the pdc show
|J|tesung
|L|FruitDealer
|L|tesung
|L|Finchinator
|L|RFlush
|L|Ginku
|L|Tom Bus
|L|Gayyyb Orr
|L|srk1214
|L|Sinclair
|L|february stars
|L|Soulgazer
|L|kokoloko
|L|CrashinBoomBang
|L|metmaver
|L|Marky B
|L|Valentine
|L|Void
|L|Mizuhime
|J|kawaiilamp
|L|kawaiilamp
|L|TRAVI$ SCOTT
|L|King Tsunami
|J|baenail