|inactive|Battle timer is ON: inactive players will automatically lose when time's up.
|join|Omfuga
|join|FLCL
|player|p1|Omfuga|105
|player|p2|FLCL|27
|gametype|singles
|gen|6
|tier|UU
|rule|Sleep Clause Mod: Limit one foe put to sleep
|rule|Species Clause: Limit one of each PokÃ©mon
|rule|OHKO Clause: OHKO moves are banned
|rule|Moody Clause: Moody is banned
|rule|Evasion Moves Clause: Evasion moves are banned
|rule|Endless Battle Clause: Forcing endless battles is banned
|rule|HP Percentage Mod: HP is shown in percentages
|clearpoke
|poke|p1|Hydreigon, M
|poke|p1|Machamp, M
|poke|p1|Aggron, M
|poke|p1|Roserade, M
|poke|p1|Gligar, F
|poke|p1|Mienshao, F
|poke|p2|Infernape, F
|poke|p2|Celebi
|poke|p2|Haxorus, M
|poke|p2|Hippowdon, F
|poke|p2|Blastoise, M
|poke|p2|Jirachi
|rule|Swagger Clause: Swagger is banned
|rule|Baton Pass Clause: Limit one PokÃ©mon knowing Baton Pass
|teampreview
|c|âOmfuga|sigh
|join|Calloflochie
|join|Nas
|
|start
|switch|p1a: Mienshao|Mienshao, F|271\/271
|switch|p2a: Hippowdon|Hippowdon, F|420\/420
|-weather|Sandstorm
|turn|1
|join|zongthedong
|
|move|p1a: Mienshao|U-turn|p2a: Hippowdon
|-damage|p2a: Hippowdon|370\/420
|
|switch|p1a: Roserade|Roserade, M|323\/323
|move|p2a: Hippowdon|Stealth Rock|p1a: Roserade
|-sidestart|p1: Omfuga|move: Stealth Rock
|
|-weather|Sandstorm|[upkeep]
|-damage|p1a: Roserade|303\/323|[from] sandstorm
|-heal|p1a: Roserade|323\/323|[from] item: Black Sludge
|-heal|p2a: Hippowdon|396\/420|[from] item: Leftovers
|turn|2
|
|switch|p2a: Celebi|Celebi|404\/404
|move|p1a: Roserade|Spikes|p2a: Celebi
|-sidestart|p2: FLCL|Spikes
|
|-weather|Sandstorm|[upkeep]
|-damage|p2a: Celebi|379\/404|[from] sandstorm
|-damage|p1a: Roserade|303\/323|[from] sandstorm
|-heal|p1a: Roserade|323\/323|[from] item: Black Sludge
|turn|3
|
|move|p2a: Celebi|Swords Dance|p2a: Celebi
|-boost|p2a: Celebi|atk|2
|move|p1a: Roserade|Sludge Bomb|p2a: Celebi
|-supereffective|p2a: Celebi
|-damage|p2a: Celebi|193\/404
|-enditem|p2a: Celebi|Weakness Policy
|-boost|p2a: Celebi|atk|2|[from] item: Weakness Policy
|-boost|p2a: Celebi|spa|2|[from] item: Weakness Policy
|
|-weather|Sandstorm|[upkeep]
|-damage|p2a: Celebi|168\/404|[from] sandstorm
|-damage|p1a: Roserade|303\/323|[from] sandstorm
|-heal|p1a: Roserade|323\/323|[from] item: Black Sludge
|turn|4
|
|move|p2a: Celebi|Recover|p2a: Celebi
|-heal|p2a: Celebi|370\/404
|move|p1a: Roserade|Sleep Powder|p2a: Celebi
|-fail|p2a: Celebi
|
|-weather|Sandstorm|[upkeep]
|-damage|p2a: Celebi|345\/404|[from] sandstorm
|-damage|p1a: Roserade|303\/323|[from] sandstorm
|-heal|p1a: Roserade|323\/323|[from] item: Black Sludge
|turn|5
|
|move|p2a: Celebi|Seed Bomb|p1a: Roserade
|-resisted|p1a: Roserade
|-damage|p1a: Roserade|229\/323
|move|p1a: Roserade|Sleep Powder|p2a: Celebi
|-fail|p2a: Celebi
|
|-weather|none
|-heal|p1a: Roserade|249\/323|[from] item: Black Sludge
|turn|6
|
|move|p2a: Celebi|Seed Bomb|p1a: Roserade
|-resisted|p1a: Roserade
|-damage|p1a: Roserade|153\/323
|move|p1a: Roserade|Sleep Powder|p2a: Celebi|[miss]
|-miss|p1a: Roserade|p2a: Celebi
|
|-heal|p1a: Roserade|173\/323|[from] item: Black Sludge
|turn|7
|
|move|p2a: Celebi|Seed Bomb|p1a: Roserade
|-resisted|p1a: Roserade
|-damage|p1a: Roserade|91\/323
|move|p1a: Roserade|Sleep Powder|p2a: Celebi
|-fail|p2a: Celebi
|
|-heal|p1a: Roserade|111\/323|[from] item: Black Sludge
|turn|8
|
|move|p2a: Celebi|Seed Bomb|p1a: Roserade
|-resisted|p1a: Roserade
|-damage|p1a: Roserade|22\/323
|move|p1a: Roserade|Sludge Bomb|p2a: Celebi
|-crit|p2a: Celebi
|-supereffective|p2a: Celebi
|-damage|p2a: Celebi|75\/404
|-status|p2a: Celebi|psn
|
|-heal|p1a: Roserade|42\/323|[from] item: Black Sludge
|-damage|p2a: Celebi|25\/404 psn|[from] psn
|turn|9
|c|âFLCL|ofc,,
|
|move|p2a: Celebi|Baton Pass|p2a: Celebi
|
|switch|p2a: Haxorus|Haxorus, M|293\/293
|-damage|p2a: Haxorus|257\/293|[from] Spikes
|-ability|p2a: Haxorus|Mold Breaker
|move|p1a: Roserade|Spikes|p2a: Haxorus
|-sidestart|p2: FLCL|Spikes
|
|-heal|p1a: Roserade|62\/323|[from] item: Black Sludge
|turn|10
|c|âOmfuga|stfu irrelevant.
|
|move|p2a: Haxorus|Dragon Dance|p2a: Haxorus
|-boost|p2a: Haxorus|atk|1
|-boost|p2a: Haxorus|spe|1
|move|p1a: Roserade|Sludge Bomb|p2a: Haxorus
|-damage|p2a: Haxorus|71\/293
|
|-heal|p1a: Roserade|82\/323|[from] item: Black Sludge
|turn|11
|c|âOmfuga|good player alert
|
|move|p2a: Haxorus|Earthquake|p1a: Roserade
|-crit|p1a: Roserade
|-damage|p1a: Roserade|0 fnt
|faint|p1a: Roserade
|
|
|switch|p1a: Mienshao|Mienshao, F|271\/271
|-damage|p1a: Mienshao|255\/271|[from] Stealth Rock
|turn|12
|
|switch|p2a: Hippowdon|Hippowdon, F|396\/420
|-damage|p2a: Hippowdon|326\/420|[from] Spikes
|-weather|Sandstorm
|move|p1a: Mienshao|High Jump Kick|p2a: Hippowdon|[miss]
|-miss|p1a: Mienshao|p2a: Hippowdon
|-damage|p1a: Mienshao|120\/271|[from] highjumpkick
|
|-weather|Sandstorm|[upkeep]
|-damage|p1a: Mienshao|104\/271|[from] sandstorm
|-heal|p2a: Hippowdon|352\/420|[from] item: Leftovers
|turn|13
|c|âOmfuga|standard.flcl
|
|switch|p1a: Hydreigon|Hydreigon, M|325\/325
|-damage|p1a: Hydreigon|285\/325|[from] Stealth Rock
|move|p2a: Hippowdon|Ice Fang|p1a: Hydreigon
|-supereffective|p1a: Hydreigon
|-damage|p1a: Hydreigon|169\/325
|
|-weather|Sandstorm|[upkeep]
|-damage|p1a: Hydreigon|149\/325|[from] sandstorm
|-heal|p2a: Hippowdon|378\/420|[from] item: Leftovers
|turn|14
|
|switch|p2a: Celebi|Celebi|25\/404
|-damage|p2a: Celebi|0 fnt|[from] Spikes
|faint|p2a: Celebi
|move|p1a: Hydreigon|Dark Pulse|p2: Celebi|[notarget]
|-notarget
|
|-weather|Sandstorm|[upkeep]
|-damage|p1a: Hydreigon|129\/325|[from] sandstorm
|
|switch|p2a: Jirachi|Jirachi|341\/341
|-damage|p2a: Jirachi|285\/341|[from] Spikes
|turn|15
|
|switch|p1a: Machamp|Machamp, M|381\/381
|-damage|p1a: Machamp|358\/381|[from] Stealth Rock
|move|p2a: Jirachi|U-turn|p1a: Machamp
|-resisted|p1a: Machamp
|-damage|p1a: Machamp|314\/381
|
|switch|p2a: Blastoise|Blastoise, M|299\/299
|-damage|p2a: Blastoise|250\/299|[from] Spikes
|
|-weather|Sandstorm|[upkeep]
|-damage|p2a: Blastoise|232\/299|[from] sandstorm
|-damage|p1a: Machamp|291\/381|[from] sandstorm
|turn|16
|
|detailschange|p2a: Blastoise|Blastoise-Mega, M
|message|Blastoise has Mega Evolved into Mega Blastoise!
|move|p2a: Blastoise|Rapid Spin|p1a: Machamp
|-damage|p1a: Machamp|273\/381
|-sideend|p2: FLCL|Spikes|[from] move: Rapid Spin|[of] p2a: Blastoise
|move|p1a: Machamp|Close Combat|p2a: Blastoise
|-damage|p2a: Blastoise|46\/299
|-unboost|p1a: Machamp|def|1
|-unboost|p1a: Machamp|spd|1
|
|-weather|none
|turn|17
|
|switch|p2a: Hippowdon|Hippowdon, F|378\/420
|-weather|Sandstorm
|move|p1a: Machamp|Close Combat|p2a: Hippowdon
|-damage|p2a: Hippowdon|237\/420
|-unboost|p1a: Machamp|def|1
|-unboost|p1a: Machamp|spd|1
|
|-weather|Sandstorm|[upkeep]
|-damage|p1a: Machamp|250\/381|[from] sandstorm
|-heal|p2a: Hippowdon|263\/420|[from] item: Leftovers
|turn|18
|
|switch|p1a: Gligar|Gligar, F|333\/333
|-damage|p1a: Gligar|292\/333|[from] Stealth Rock
|move|p2a: Hippowdon|Slack Off|p2a: Hippowdon
|-heal|p2a: Hippowdon|420\/420
|
|-weather|Sandstorm|[upkeep]
|turn|19
|
|move|p1a: Gligar|Defog|p2a: Hippowdon
|-unboost|p2a: Hippowdon|evasion|1
|-sideend|p1: Omfuga|Stealth Rock|[from] move: Defog|[of] p1a: Gligar
|move|p2a: Hippowdon|Ice Fang|p1a: Gligar
|-supereffective|p1a: Gligar
|-damage|p1a: Gligar|172\/333
|
|-weather|Sandstorm|[upkeep]
|turn|20
|
|switch|p2a: Blastoise|Blastoise-Mega, M|46\/299
|move|p1a: Gligar|U-turn|p2a: Blastoise
|-damage|p2a: Blastoise|9\/299
|join|TRC
|
|switch|p1a: Aggron|Aggron, M|344\/344
|
|-weather|Sandstorm|[upkeep]
|-damage|p2a: Blastoise|0 fnt|[from] sandstorm
|faint|p2a: Blastoise
|
|switch|p2a: Hippowdon|Hippowdon, F|420\/420
|turn|21
|
|detailschange|p1a: Aggron|Aggron-Mega, M
|message|Aggron has Mega Evolved into Mega Aggron!
|move|p1a: Aggron|Stealth Rock|p2a: Hippowdon
|-sidestart|p2: FLCL|move: Stealth Rock
|move|p2a: Hippowdon|Stealth Rock|p1a: Aggron
|-sidestart|p1: Omfuga|move: Stealth Rock
|
|-weather|none
|turn|22
|
|switch|p1a: Gligar|Gligar, F|172\/333
|-damage|p1a: Gligar|131\/333|[from] Stealth Rock
|move|p2a: Hippowdon|Ice Fang|p1a: Gligar
|-supereffective|p1a: Gligar
|-damage|p1a: Gligar|7\/333
|
|turn|23
|
|switch|p2a: Jirachi|Jirachi|285\/341
|-damage|p2a: Jirachi|264\/341|[from] Stealth Rock
|move|p1a: Gligar|Roost|p1a: Gligar
|-heal|p1a: Gligar|174\/333
|
|turn|24
|
|move|p2a: Jirachi|Iron Head|p1a: Gligar
|-crit|p1a: Gligar
|-damage|p1a: Gligar|81\/333
|move|p1a: Gligar|Earthquake|p2a: Jirachi
|-supereffective|p2a: Jirachi
|-damage|p2a: Jirachi|76\/341
|
|turn|25
|c|âFLCL|ofc,,,
|c|âOmfuga|LOL
|c|âOmfuga|stfu
|
|switch|p1a: Aggron|Aggron-Mega, M|344\/344
|-damage|p1a: Aggron|323\/344|[from] Stealth Rock
|move|p2a: Jirachi|Iron Head|p1a: Aggron
|-resisted|p1a: Aggron
|-damage|p1a: Aggron|299\/344
|
|turn|26
|
|switch|p2a: Hippowdon|Hippowdon, F|420\/420
|-damage|p2a: Hippowdon|394\/420|[from] Stealth Rock
|-weather|Sandstorm
|move|p1a: Aggron|Earthquake|p2a: Hippowdon
|-damage|p2a: Hippowdon|327\/420
|
|-weather|Sandstorm|[upkeep]
|-heal|p2a: Hippowdon|353\/420|[from] item: Leftovers
|turn|27
|
|move|p1a: Aggron|Ice Punch|p2a: Hippowdon
|-supereffective|p2a: Hippowdon
|-damage|p2a: Hippowdon|245\/420
|move|p2a: Hippowdon|Ice Fang|p1a: Aggron
|-resisted|p1a: Aggron
|-damage|p1a: Aggron|288\/344
|-status|p1a: Aggron|frz
|
|-weather|Sandstorm|[upkeep]
|-heal|p2a: Hippowdon|271\/420|[from] item: Leftovers
|turn|28
|c|âOmfuga|funny how u think I wont freeze
|c|âOmfuga|ajsidpjasipdjas
|c|âOmfuga|[dja
|c|âOmfuga|psdjp
|c|âOmfuga|asd
|
|cant|p1a: Aggron|frz
|move|p2a: Hippowdon|Slack Off|p2a: Hippowdon
|-heal|p2a: Hippowdon|420\/420
|
|-weather|Sandstorm|[upkeep]
|turn|29
|c|âFLCL|funny
|c|âFLCL|indeed
|
|cant|p1a: Aggron|frz
|move|p2a: Hippowdon|Earthquake|p1a: Aggron
|-supereffective|p1a: Aggron
|-damage|p1a: Aggron|203\/344 frz
|
|-weather|Sandstorm|[upkeep]
|turn|30
|
|cant|p1a: Aggron|frz
|move|p2a: Hippowdon|Earthquake|p1a: Aggron
|-supereffective|p1a: Aggron
|-damage|p1a: Aggron|118\/344 frz
|
|-weather|none
|turn|31
|
|-curestatus|p1a: Aggron|frz
|move|p1a: Aggron|Ice Punch|p2a: Hippowdon
|-supereffective|p2a: Hippowdon
|-damage|p2a: Hippowdon|316\/420
|move|p2a: Hippowdon|Earthquake|p1a: Aggron
|-supereffective|p1a: Aggron
|-damage|p1a: Aggron|28\/344
|
|-heal|p2a: Hippowdon|342\/420|[from] item: Leftovers
|turn|32
|
|move|p1a: Aggron|Ice Punch|p2a: Hippowdon
|-supereffective|p2a: Hippowdon
|-damage|p2a: Hippowdon|230\/420
|move|p2a: Hippowdon|Earthquake|p1a: Aggron
|-supereffective|p1a: Aggron
|-damage|p1a: Aggron|0 fnt
|faint|p1a: Aggron
|
|-heal|p2a: Hippowdon|256\/420|[from] item: Leftovers
|
|switch|p1a: Hydreigon|Hydreigon, M|129\/325
|-damage|p1a: Hydreigon|89\/325|[from] Stealth Rock
|turn|33
|
|switch|p2a: Haxorus|Haxorus, M|71\/293
|-damage|p2a: Haxorus|35\/293|[from] Stealth Rock
|-ability|p2a: Haxorus|Mold Breaker
|move|p1a: Hydreigon|Draco Meteor|p2a: Haxorus
|-supereffective|p2a: Haxorus
|-damage|p2a: Haxorus|0 fnt
|-unboost|p1a: Hydreigon|spa|2
|faint|p2a: Haxorus
|
|
|switch|p2a: Jirachi|Jirachi|76\/341
|-damage|p2a: Jirachi|55\/341|[from] Stealth Rock
|turn|34
|
|switch|p1a: Gligar|Gligar, F|81\/333
|-damage|p1a: Gligar|40\/333|[from] Stealth Rock
|move|p2a: Jirachi|U-turn|p1a: Gligar
|-resisted|p1a: Gligar
|-damage|p1a: Gligar|24\/333
|
|switch|p2a: Hippowdon|Hippowdon, F|256\/420
|-damage|p2a: Hippowdon|230\/420|[from] Stealth Rock
|-weather|Sandstorm
|
|-weather|Sandstorm|[upkeep]
|-heal|p2a: Hippowdon|256\/420|[from] item: Leftovers
|turn|35
|
|move|p1a: Gligar|Roost|p1a: Gligar
|-heal|p1a: Gligar|191\/333
|move|p2a: Hippowdon|Slack Off|p2a: Hippowdon
|-heal|p2a: Hippowdon|420\/420
|
|-weather|Sandstorm|[upkeep]
|turn|36
|c|âOmfuga|that play makes no sense
|c|âOmfuga|lettin u know right now
|
|move|p1a: Gligar|Roost|p1a: Gligar
|-heal|p1a: Gligar|333\/333
|move|p2a: Hippowdon|Ice Fang|p1a: Gligar
|-supereffective|p1a: Gligar
|-damage|p1a: Gligar|279\/333
|
|-weather|Sandstorm|[upkeep]
|turn|37
|
|move|p1a: Gligar|U-turn|p2a: Hippowdon
|-damage|p2a: Hippowdon|390\/420
|
|switch|p1a: Machamp|Machamp, M|250\/381
|-damage|p1a: Machamp|227\/381|[from] Stealth Rock
|move|p2a: Hippowdon|Ice Fang|p1a: Machamp
|-crit|p1a: Machamp
|-damage|p1a: Machamp|128\/381
|
|-weather|Sandstorm|[upkeep]
|-damage|p1a: Machamp|105\/381|[from] sandstorm
|-heal|p2a: Hippowdon|416\/420|[from] item: Leftovers
|turn|38
|
|move|p1a: Machamp|Knock Off|p2a: Hippowdon
|-damage|p2a: Hippowdon|336\/420
|-enditem|p2a: Hippowdon|Leftovers|[from] move: Knock Off|[of] p1a: Machamp
|move|p2a: Hippowdon|Slack Off|p2a: Hippowdon
|-heal|p2a: Hippowdon|420\/420
|
|-weather|none
|turn|39
|
|move|p1a: Machamp|Close Combat|p2a: Hippowdon
|-damage|p2a: Hippowdon|257\/420
|-unboost|p1a: Machamp|def|1
|-unboost|p1a: Machamp|spd|1
|move|p2a: Hippowdon|Earthquake|p1a: Machamp
|-damage|p1a: Machamp|0 fnt
|faint|p1a: Machamp
|
|
|switch|p1a: Hydreigon|Hydreigon, M|89\/325
|-damage|p1a: Hydreigon|49\/325|[from] Stealth Rock
|turn|40
|
|switch|p2a: Jirachi|Jirachi|55\/341
|-damage|p2a: Jirachi|34\/341|[from] Stealth Rock
|move|p1a: Hydreigon|Draco Meteor|p2a: Jirachi
|-resisted|p2a: Jirachi
|-damage|p2a: Jirachi|0 fnt
|-unboost|p1a: Hydreigon|spa|2
|faint|p2a: Jirachi
|
|c|âOmfuga|sigh wont even let specs dreigon drop one nuke
|
|switch|p2a: Infernape|Infernape, F|293\/293
|-damage|p2a: Infernape|257\/293|[from] Stealth Rock
|turn|41
|
|switch|p1a: Gligar|Gligar, F|279\/333
|-damage|p1a: Gligar|238\/333|[from] Stealth Rock
|move|p2a: Infernape|Fire Blast|p1a: Gligar
|-damage|p1a: Gligar|26\/333
|-damage|p2a: Infernape|228\/293|[from] item: Life Orb
|
|turn|42
|
|move|p2a: Infernape|Vacuum Wave|p1a: Gligar
|-resisted|p1a: Gligar
|-damage|p1a: Gligar|0 fnt
|-damage|p2a: Infernape|199\/293|[from] item: Life Orb
|faint|p1a: Gligar
|
|
|switch|p1a: Mienshao|Mienshao, F|104\/271
|-damage|p1a: Mienshao|88\/271|[from] Stealth Rock
|turn|43
|c|âOmfuga|yea haxin ur way to victory as usual
|c|âOmfuga|trash.
|
|move|p2a: Infernape|Vacuum Wave|p1a: Mienshao
|-damage|p1a: Mienshao|0 fnt
|-damage|p2a: Infernape|170\/293|[from] item: Life Orb
|faint|p1a: Mienshao
|
|
|switch|p1a: Hydreigon|Hydreigon, M|49\/325
|-damage|p1a: Hydreigon|9\/325|[from] Stealth Rock
|turn|44
|c|âFLCL|no regen
|c|âOmfuga|of course not
|c|âOmfuga|regen mien
|c|âOmfuga|is so bad
|
|move|p2a: Infernape|Vacuum Wave|p1a: Hydreigon
|-supereffective|p1a: Hydreigon
|-damage|p1a: Hydreigon|0 fnt
|-damage|p2a: Infernape|141\/293|[from] item: Life Orb
|faint|p1a: Hydreigon
|
|win|FLCL
|leave|Calloflochie
|leave|Omfuga
|player|p1
|leave|FLCL
|player|p2
|leave|TRC
|leave|Nas
|leave|zongthedong
|join|Omfuga