|inactive|Battle timer is ON: inactive players will automatically lose when time's up.
|J|tom baconator
|J|Omfuga
|player|p1|tom baconator|266
|player|p2|Omfuga|105
|gametype|singles
|gen|6
|tier|UU
|rule|Sleep Clause Mod: Limit one foe put to sleep
|rule|Species Clause: Limit one of each PokÃ©mon
|rule|OHKO Clause: OHKO moves are banned
|rule|Moody Clause: Moody is banned
|rule|Evasion Moves Clause: Evasion moves are banned
|rule|Endless Battle Clause: Forcing endless battles is banned
|rule|HP Percentage Mod: HP is shown in percentages
|clearpoke
|poke|p1|Entei, shiny
|poke|p1|Celebi
|poke|p1|Crobat, M
|poke|p1|Suicune
|poke|p1|Jirachi
|poke|p1|Aerodactyl, F
|poke|p2|Sharpedo, F
|poke|p2|Alakazam, F
|poke|p2|Machamp, F
|poke|p2|Gligar, M
|poke|p2|Snorlax, F
|poke|p2|Aromatisse, F
|rule|Swagger Clause: Swagger is banned
|rule|Baton Pass Clause: Limit one PokÃ©mon knowing Baton Pass
|teampreview
|J|blunderr
|J|Finchinator
|J|Jirachee
|J|FAJI
|J|RiCH HOMiE CHRiS
|J|Vileman
|J|Sinclair
|c|+Finchinator|0-2mfuga
|J|ium ï½ï½ï½ï½ï½ ï½ï½ï½ï½ï½ï½ï½ï½
|J|Mizuhime
|c|âOmfuga|......
|J|Fireburn
|J|McMeghan
|J|reyscarface
|c|âOmfuga|how do I set
|c|+Fireburn|LGI OMFUGA
|c|âOmfuga|modchat
|J|RFlush
|c|âOmfuga|lol
|J|stupid dope fresh
|J|Foster The Pebbles
|J|Soulgazer
|J|double01
|raw|<div class="broadcast-red"><b>Moderated chat was set to %!<\/b><br \/>Only users of rank % and higher can talk.<\/div>
|c|@reyscarface|gotta ask a &
|J|The Goomy
|J|Valentine
|J|asedVictory
|J|Oglemi
|J|Biosci
|c|@Valentine|*-*
|
|start
|switch|p1a: Celebi|Celebi|358\/358
|switch|p2a: Gligar|Gligar, M|333\/333
|turn|1
|J|TIRIPS
|J|Mencemeat
|J|Funkasaurus
|J|Ciele
|
|move|p1a: Celebi|Leaf Storm|p2a: Gligar
|-damage|p2a: Gligar|60\/333
|-unboost|p1a: Celebi|spa|2
|-damage|p1a: Celebi|323\/358|[from] item: Life Orb
|move|p2a: Gligar|Stealth Rock|p1a: Celebi
|-sidestart|p1: tom baconator|move: Stealth Rock
|
|turn|2
|J|undisputed
|J|Imanalt
|J|friendofallah
|
|switch|p1a: Crobat|Crobat, M|373\/373
|-damage|p1a: Crobat|280\/373|[from] Stealth Rock
|switch|p2a: Snorlax|Snorlax, F|513\/513
|
|-heal|p1a: Crobat|303\/373|[from] item: Leftovers
|turn|3
|J|Aim
|J|gr8astard
|J|asdzcx
|J|cbt
|
|move|p1a: Crobat|Defog|p2a: Snorlax
|-unboost|p2a: Snorlax|evasion|1
|-sideend|p1: tom baconator|Stealth Rock|[from] move: Defog|[of] p1a: Crobat
|move|p2a: Snorlax|Curse|p2a: Snorlax
|-boost|p2a: Snorlax|atk|1
|-boost|p2a: Snorlax|def|1
|-unboost|p2a: Snorlax|spe|1
|
|-heal|p1a: Crobat|326\/373|[from] item: Leftovers
|turn|4
|J|horyzhnz
|
|switch|p1a: Jirachi|Jirachi|341\/341
|move|p2a: Snorlax|Frustration|p1a: Jirachi
|-resisted|p1a: Jirachi
|-damage|p1a: Jirachi|239\/341
|
|turn|5
|J|Harsha
|J|sugargrill
|
|move|p1a: Jirachi|U-turn|p2a: Snorlax
|-damage|p2a: Snorlax|452\/513
|J|Dice
|J|the pdc show
|J|namehtmas
|
|switch|p1a: Suicune|Suicune|404\/404
|-ability|p1a: Suicune|Pressure
|move|p2a: Snorlax|Earthquake|p1a: Suicune
|-damage|p1a: Suicune|316\/404
|
|-heal|p1a: Suicune|341\/404|[from] item: Leftovers
|-heal|p2a: Snorlax|484\/513|[from] item: Leftovers
|turn|6
|J|aim
|
|move|p1a: Suicune|Scald|p2a: Snorlax
|-damage|p2a: Snorlax|423\/513
|move|p2a: Snorlax|Curse|p2a: Snorlax
|-boost|p2a: Snorlax|atk|1
|-boost|p2a: Snorlax|def|1
|-unboost|p2a: Snorlax|spe|1
|
|-heal|p1a: Suicune|366\/404|[from] item: Leftovers
|-heal|p2a: Snorlax|455\/513|[from] item: Leftovers
|turn|7
|J|suspact
|
|move|p1a: Suicune|Scald|p2a: Snorlax
|-damage|p2a: Snorlax|386\/513
|-status|p2a: Snorlax|brn
|move|p2a: Snorlax|Frustration|p1a: Suicune
|-damage|p1a: Suicune|288\/404
|
|-heal|p1a: Suicune|313\/404|[from] item: Leftovers
|-heal|p2a: Snorlax|418\/513 brn|[from] item: Leftovers
|-damage|p2a: Snorlax|354\/513 brn|[from] brn
|turn|8
|
|move|p1a: Suicune|Calm Mind|p1a: Suicune
|-boost|p1a: Suicune|spa|1
|-boost|p1a: Suicune|spd|1
|move|p2a: Snorlax|Curse|p2a: Snorlax
|-boost|p2a: Snorlax|atk|1
|-boost|p2a: Snorlax|def|1
|-unboost|p2a: Snorlax|spe|1
|
|-heal|p1a: Suicune|338\/404|[from] item: Leftovers
|-heal|p2a: Snorlax|386\/513 brn|[from] item: Leftovers
|-damage|p2a: Snorlax|322\/513 brn|[from] brn
|turn|9
|J|dzasgaedh
|
|move|p1a: Suicune|Calm Mind|p1a: Suicune
|-boost|p1a: Suicune|spa|1
|-boost|p1a: Suicune|spd|1
|move|p2a: Snorlax|Rest|p2a: Snorlax
|-status|p2a: Snorlax|slp
|-heal|p2a: Snorlax|513\/513 slp|[silent]
|-status|p2a: Snorlax|slp|[from] move: Rest
|
|-heal|p1a: Suicune|363\/404|[from] item: Leftovers
|turn|10
|
|move|p1a: Suicune|Calm Mind|p1a: Suicune
|-boost|p1a: Suicune|spa|1
|-boost|p1a: Suicune|spd|1
|cant|p2a: Snorlax|slp
|
|-heal|p1a: Suicune|388\/404|[from] item: Leftovers
|turn|11
|
|move|p1a: Suicune|Calm Mind|p1a: Suicune
|-boost|p1a: Suicune|spa|1
|-boost|p1a: Suicune|spd|1
|cant|p2a: Snorlax|slp
|
|-heal|p1a: Suicune|404\/404|[from] item: Leftovers
|turn|12
|J|Sadfthadsf
|J|Ravioli kingdom
|J|Marky B
|J|Lunarr
|
|move|p1a: Suicune|Scald|p2a: Snorlax
|-damage|p2a: Snorlax|329\/513 slp
|-curestatus|p2a: Snorlax|slp
|move|p2a: Snorlax|Frustration|p1a: Suicune
|-damage|p1a: Suicune|199\/404
|
|-heal|p1a: Suicune|224\/404|[from] item: Leftovers
|-heal|p2a: Snorlax|361\/513|[from] item: Leftovers
|turn|13
|J|FLCL
|
|move|p1a: Suicune|Scald|p2a: Snorlax
|-damage|p2a: Snorlax|189\/513
|-status|p2a: Snorlax|brn
|move|p2a: Snorlax|Frustration|p1a: Suicune
|-damage|p1a: Suicune|112\/404
|
|-heal|p1a: Suicune|137\/404|[from] item: Leftovers
|-heal|p2a: Snorlax|221\/513 brn|[from] item: Leftovers
|-damage|p2a: Snorlax|157\/513 brn|[from] brn
|turn|14
|J|gorgie
|c|@Valentine|unfortunate
|
|move|p1a: Suicune|Scald|p2a: Snorlax
|-damage|p2a: Snorlax|0 fnt
|faint|p2a: Snorlax
|
|-heal|p1a: Suicune|162\/404|[from] item: Leftovers
|J|mccauley
|
|switch|p2a: Alakazam|Alakazam, F|251\/251
|turn|15
|c|âOmfuga|im encorin u if u rest
|c|âOmfuga|haha,,
|
|move|p2a: Alakazam|Psyshock|p1a: Suicune
|-damage|p1a: Suicune|32\/404
|move|p1a: Suicune|Scald|p2a: Alakazam
|-damage|p2a: Alakazam|0 fnt
|faint|p2a: Alakazam
|
|-heal|p1a: Suicune|57\/404|[from] item: Leftovers
|
|switch|p2a: Sharpedo|Sharpedo, F|281\/281
|turn|16
|
|switch|p1a: Celebi|Celebi|323\/358
|move|p2a: Sharpedo|Crunch|p1a: Celebi
|-crit|p1a: Celebi
|-supereffective|p1a: Celebi
|-damage|p1a: Celebi|0 fnt
|faint|p1a: Celebi
|
|-boost|p2a: Sharpedo|spe|1|[from] ability: Speed Boost
|J|Tom Bus
|
|switch|p1a: Crobat|Crobat, M|326\/373
|turn|17
|J|tesung
|J|Rob
|
|detailschange|p2a: Sharpedo|Sharpedo-Mega, F
|-mega|p2a: Sharpedo|Sharpedo|Sharpedonite
|move|p2a: Sharpedo|Ice Fang|p1a: Crobat
|-supereffective|p1a: Crobat
|-damage|p1a: Crobat|0 fnt
|faint|p1a: Crobat
|
|
|switch|p1a: Jirachi|Jirachi|239\/341
|turn|18
|J|el boy
|
|move|p1a: Jirachi|U-turn|p2a: Sharpedo
|-supereffective|p2a: Sharpedo
|-damage|p2a: Sharpedo|87\/281
|J|chimpact
|
|switch|p1a: Entei|Entei, shiny|371\/371
|-ability|p1a: Entei|Pressure
|move|p2a: Sharpedo|Crunch|p1a: Entei
|-damage|p1a: Entei|71\/371
|-unboost|p1a: Entei|def|1
|
|turn|19
|J|Celebi_trainer_ice
|
|move|p2a: Sharpedo|Protect|p2a: Sharpedo
|-singleturn|p2a: Sharpedo|Protect
|move|p1a: Entei|Extreme Speed|p2a: Sharpedo
|-activate|p2a: Sharpedo|Protect
|
|turn|20
|
|switch|p2a: Aromatisse|Aromatisse, F|405\/405
|move|p1a: Entei|Extreme Speed|p2a: Aromatisse
|-damage|p2a: Aromatisse|274\/405
|
|-heal|p2a: Aromatisse|299\/405|[from] item: Leftovers
|turn|21
|J|King Tsunami
|
|switch|p1a: Jirachi|Jirachi|239\/341
|move|p2a: Aromatisse|Wish|p2a: Aromatisse
|
|-heal|p2a: Aromatisse|324\/405|[from] item: Leftovers
|turn|22
|J|bouff
|J|Halcyon of Light
|
|switch|p2a: Gligar|Gligar, M|60\/333
|move|p1a: Jirachi|Iron Head|p2a: Gligar
|-damage|p2a: Gligar|8\/333
|
|-heal|p2a: Gligar|210\/333|[from] move: Wish|[wisher] Aromatisse
|turn|23
|
|switch|p1a: Entei|Entei, shiny|71\/371
|-ability|p1a: Entei|Pressure
|move|p2a: Gligar|Stealth Rock|p1a: Entei
|-sidestart|p1: tom baconator|move: Stealth Rock
|
|turn|24
|
|move|p1a: Entei|Sacred Fire|p2a: Gligar
|-damage|p2a: Gligar|90\/333
|-status|p2a: Gligar|brn
|move|p2a: Gligar|Roost|p2a: Gligar
|-heal|p2a: Gligar|257\/333 brn
|
|-damage|p2a: Gligar|216\/333 brn|[from] brn
|turn|25
|c|âtom baconator|gligar is a p sound ground resist i guess tho
|c|âtom baconator|lol
|
|move|p1a: Entei|Sacred Fire|p2a: Gligar
|-damage|p2a: Gligar|81\/333 brn
|move|p2a: Gligar|Roost|p2a: Gligar
|-heal|p2a: Gligar|248\/333 brn
|
|-damage|p2a: Gligar|207\/333 brn|[from] brn
|turn|26
|
|move|p1a: Entei|Sacred Fire|p2a: Gligar
|-damage|p2a: Gligar|71\/333 brn
|move|p2a: Gligar|Roost|p2a: Gligar
|-heal|p2a: Gligar|238\/333 brn
|
|-damage|p2a: Gligar|197\/333 brn|[from] brn
|turn|27
|
|move|p1a: Entei|Sacred Fire|p2a: Gligar
|-damage|p2a: Gligar|77\/333 brn
|move|p2a: Gligar|Roost|p2a: Gligar
|-heal|p2a: Gligar|244\/333 brn
|
|-damage|p2a: Gligar|203\/333 brn|[from] brn
|turn|28
|c|âOmfuga|!dt suicune
|c|~|\/data-pokemon Suicune
|raw|<font size="1"><font color=#585858>Dex#:<\/font> 245&nbsp;|&ThickSpace;<font color=#585858>Height:<\/font> 2 m&nbsp;|&ThickSpace;<font color=#585858>Weight:<\/font> 187 kg <em>(100 BP)<\/em>&nbsp;|&ThickSpace;<font color=#585858>Dex Colour:<\/font> Blue&nbsp;|&ThickSpace;<font color=#585858>Egg Group(s):<\/font> Undiscovered&nbsp;|&ThickSpace;<font color=#585858><font color=#585858>Does Not Evolve<\/font><\/font><\/font>
|c|âOmfuga|!dt gligar
|c|~|\/data-pokemon Gligar
|raw|<font size="1"><font color=#585858>Dex#:<\/font> 207&nbsp;|&ThickSpace;<font color=#585858>Height:<\/font> 1.1 m&nbsp;|&ThickSpace;<font color=#585858>Weight:<\/font> 64.8 kg <em>(80 BP)<\/em>&nbsp;|&ThickSpace;<font color=#585858>Dex Colour:<\/font> Purple&nbsp;|&ThickSpace;<font color=#585858>Egg Group(s):<\/font> Bug&nbsp;|&ThickSpace;<font color=#585858>Evolution:<\/font> Gliscor (2)<\/font>
|c|âOmfuga|eh
|
|move|p1a: Entei|Sacred Fire|p2a: Gligar|[miss]
|-miss|p1a: Entei|p2a: Gligar
|move|p2a: Gligar|Roost|p2a: Gligar
|-heal|p2a: Gligar|333\/333 brn
|
|-damage|p2a: Gligar|292\/333 brn|[from] brn
|turn|29
|L|Halcyon of Light
|L|Celebi_trainer_ice
|J|Celebi_trainer_ice
|
|move|p1a: Entei|Sacred Fire|p2a: Gligar
|-crit|p2a: Gligar
|-damage|p2a: Gligar|102\/333 brn
|move|p2a: Gligar|Roost|p2a: Gligar
|-heal|p2a: Gligar|269\/333 brn
|
|-damage|p2a: Gligar|228\/333 brn|[from] brn
|turn|30
|
|switch|p1a: Aerodactyl|Aerodactyl, F|310\/310
|-damage|p1a: Aerodactyl|233\/310|[from] Stealth Rock
|-ability|p1a: Aerodactyl|Pressure
|move|p2a: Gligar|Roost|p2a: Gligar
|-heal|p2a: Gligar|333\/333 brn
|
|-damage|p2a: Gligar|292\/333 brn|[from] brn
|turn|31
|
|switch|p2a: Aromatisse|Aromatisse, F|324\/405
|detailschange|p1a: Aerodactyl|Aerodactyl-Mega, F
|-mega|p1a: Aerodactyl|Aerodactyl|Aerodactylite
|move|p1a: Aerodactyl|Stone Edge|p2a: Aromatisse
|-crit|p2a: Aromatisse
|-damage|p2a: Aromatisse|72\/405
|
|-heal|p2a: Aromatisse|97\/405|[from] item: Leftovers
|turn|32
|c|âOmfuga|lol
|c|âtom baconator|lol
|J|TCW
|c|âtom baconator|slightly high crit rate tho
|c|âOmfuga|its fine man
|c|âOmfuga|just a game
|c|âtom baconator|unless it changed
|c|âOmfuga|and we already lost
|c|âOmfuga|the week
|c|âOmfuga|lol
|c|âtom baconator|from bw to xy lol
|c|âtom baconator|yea i feel ya
|
|move|p1a: Aerodactyl|Aerial Ace|p2a: Aromatisse
|-damage|p2a: Aromatisse|0 fnt
|faint|p2a: Aromatisse
|
|J|Loviet
|L|Rob
|J|Rob
|L|TCW
|L|Soulraiser
|
|switch|p2a: Machamp|Machamp, F|383\/383
|turn|33
|
|move|p1a: Aerodactyl|Aerial Ace|p2a: Machamp
|-supereffective|p2a: Machamp
|-damage|p2a: Machamp|53\/383
|move|p2a: Machamp|Dynamic Punch|p1a: Aerodactyl
|-damage|p1a: Aerodactyl|28\/310
|-start|p1a: Aerodactyl|confusion
|
|turn|34
|
|-activate|p1a: Aerodactyl|confusion
|move|p1a: Aerodactyl|Aerial Ace|p2a: Machamp
|-supereffective|p2a: Machamp
|-damage|p2a: Machamp|0 fnt
|faint|p2a: Machamp
|
|
|switch|p2a: Gligar|Gligar, M|292\/333 brn
|turn|35
|L|Celebi_trainer_ice
|J|King UU
|J|rofl202
|J|Celebi_trainer_ice
|
|switch|p1a: Entei|Entei, shiny|71\/371
|-damage|p1a: Entei|0 fnt|[from] Stealth Rock
|faint|p1a: Entei
|move|p2a: Gligar|Earthquake|p1: Entei|[notarget]
|-notarget
|
|-damage|p2a: Gligar|251\/333 brn|[from] brn
|c|âtom baconator|lol watch this one
|c|âtom baconator|well actually i cant
|c|âtom baconator|i was gonna dedicate a move
|c|âtom baconator|to the blightnegres
|J|edgar
|c|âtom baconator|but i wont risk
|c|âOmfuga|blightnegres,,?
|c|âOmfuga|LOLl
|c|âtom baconator|def drop 
|c|âtom baconator|shit
|c|âtom baconator|so ye
|
|switch|p1a: Jirachi|Jirachi|239\/341
|-damage|p1a: Jirachi|218\/341|[from] Stealth Rock
|turn|36
|c|âtom baconator|i was gonna sac shit to sr
|J|Calloflochie
|L|Finchinator
|J|Finchinator
|
|move|p1a: Jirachi|Healing Wish|p1a: Jirachi
|faint|p1a: Jirachi
|move|p2a: Gligar|Earthquake|p1: Jirachi|[notarget]
|-notarget
|
|-damage|p2a: Gligar|210\/333 brn|[from] brn
|
|switch|p1a: Suicune|Suicune|57\/404
|-heal|p1a: Suicune|404\/404|[from] move: Healing Wish
|-damage|p1a: Suicune|354\/404|[from] Stealth Rock
|-ability|p1a: Suicune|Pressure
|turn|37
|c|âOmfuga|why suuicune
|c|âOmfuga|lol
|c|âtom baconator|its may boy
|
|switch|p2a: Sharpedo|Sharpedo-Mega, F|87\/281
|move|p1a: Suicune|Calm Mind|p1a: Suicune
|-boost|p1a: Suicune|spa|1
|-boost|p1a: Suicune|spd|1
|
|-heal|p1a: Suicune|379\/404|[from] item: Leftovers
|turn|38
|
|move|p2a: Sharpedo|Crunch|p1a: Suicune
|-damage|p1a: Suicune|216\/404
|move|p1a: Suicune|Scald|p2a: Sharpedo
|-resisted|p2a: Sharpedo
|-damage|p2a: Sharpedo|3\/281
|-status|p2a: Sharpedo|brn
|
|-heal|p1a: Suicune|241\/404|[from] item: Leftovers
|-damage|p2a: Sharpedo|0 fnt|[from] brn
|faint|p2a: Sharpedo
|c|âOmfuga|lmao
|c|âtom baconator|HGGG
|c|âOmfuga|til the end!
|c|âOmfuga|gg!
|
|switch|p2a: Gligar|Gligar, M|210\/333 brn
|turn|39
|J|Soulraiser
|L|Celebi_trainer_ice
|
|move|p2a: Gligar|Earthquake|p1a: Suicune
|-damage|p1a: Suicune|211\/404
|move|p1a: Suicune|Calm Mind|p1a: Suicune
|-boost|p1a: Suicune|spa|1
|-boost|p1a: Suicune|spd|1
|
|-heal|p1a: Suicune|236\/404|[from] item: Leftovers
|-damage|p2a: Gligar|169\/333 brn|[from] brn
|turn|40
|L|Oglemi
|c|âOmfuga|lol.
|c|âtom baconator|wont touch
|-message|Omfuga forfeited.
|
|win|tom baconator
|c|@reyscarface|go to +6+
|L|Biosci
|L|asedVictory
|c|@reyscarface|LOL ragequit
|L|mccauley
|L|aim
|L|RFlush
|L|RiCH HOMiE CHRiS
|L|reyscarface
|L|edgar
|L|Valentine
|L|Calloflochie
|L|Sinclair
|L|ium ï½ï½ï½ï½ï½ ï½ï½ï½ï½ï½ï½ï½ï½
|L|the pdc show
|L|FAJI
|L|King Tsunami
|L|Foster The Pebbles
|L|TIRIPS
|L|Ciele
|L|Jirachee
|L|Imanalt
|L|Marky B
|L|Mizuhime
|L|Finchinator
|L|gorgie
|J|the pdc show
|L|Funkasaurus
|L|sugargrill
|L|McMeghan
|L|bouff
|L|undisputed
|L|Dice
|L|Harsha
|L|The Goomy
|L|Tom Bus
|L|horyzhnz
|L|Mencemeat
|L|the pdc show
|L|stupid dope fresh
|L|blunderr
|J|The DragonKNight
|L|King UU