|inactive|Battle timer is ON: inactive players will automatically lose when time's up.
|join|flcl
|join|Omfuga
|player|p1|flcl|27
|player|p2|Omfuga|169
|gametype|singles
|gen|6
|tier|UU
|rule|Sleep Clause Mod: Limit one foe put to sleep
|rule|Species Clause: Limit one of each PokÃ©mon
|rule|OHKO Clause: OHKO moves are banned
|rule|Moody Clause: Moody is banned
|rule|Evasion Moves Clause: Evasion moves are banned
|rule|Endless Battle Clause: Forcing endless battles is banned
|rule|HP Percentage Mod: HP is shown in percentages
|clearpoke
|poke|p1|Dugtrio, F
|poke|p1|Raikou
|poke|p1|Hydreigon, M
|poke|p1|Empoleon, F
|poke|p1|Alakazam, M
|poke|p1|Whimsicott, M
|poke|p2|Hydreigon, M
|poke|p2|Machamp, M
|poke|p2|Aggron, F
|poke|p2|Roserade, M
|poke|p2|Gligar, F
|poke|p2|Mienshao, M
|rule|Swagger Clause: Swagger is banned
|rule|Baton Pass Clause: Limit one PokÃ©mon knowing Baton Pass
|teampreview
|join|King Tsunami
|join|iu m
|join|Sken
|join|BIG SCHLONG MCDONG
|join|4trackboy
|c|âOmfuga|nah bring a serious team
|join|Valentine
|join|kokoloko
|c|âflcl|?
|join|bouff
|join|wepwn
|join|Zamrock
|c|âOmfuga|otherwise it wont be fun to drop u on ur neck,
|join|Reymedy
|
|start
|switch|p1a: Whimsicott|Whimsicott, M|324\/324
|switch|p2a: Mienshao|Mienshao, M|271\/271
|turn|1
|join|Basedlord CTC
|
|move|p1a: Whimsicott|Stun Spore|p2a: Mienshao|[miss]
|-miss|p1a: Whimsicott|p2a: Mienshao
|move|p2a: Mienshao|U-turn|p1a: Whimsicott
|-damage|p1a: Whimsicott|260\/324
|join|CrashinBoomBang
|c|âOmfuga|,
|c|âOmfuga|stun spore
|c|âflcl|??
|
|switch|p2a: Aggron|Aggron, F|344\/344
|
|-heal|p1a: Whimsicott|280\/324|[from] item: Leftovers
|turn|2
|join|Weegah
|join|pam
|c|âOmfuga|all im sayin
|join|Asterat
|c|âOmfuga|is I hope u die.
|
|detailschange|p2a: Aggron|Aggron-Mega, F
|message|Aggron has Mega Evolved into Mega Aggron!
|move|p1a: Whimsicott|U-turn|p2a: Aggron
|-resisted|p2a: Aggron
|-damage|p2a: Aggron|336\/344
|
|switch|p1a: Empoleon|Empoleon, F|372\/372
|move|p2a: Aggron|Heavy Slam|p1a: Empoleon
|-resisted|p1a: Empoleon
|-damage|p1a: Empoleon|330\/372
|
|-heal|p1a: Empoleon|353\/372|[from] item: Leftovers
|turn|3
|join|Ranger mike
|join|BLINGAS
|leave|wepwn
|
|switch|p2a: Roserade|Roserade, M|323\/323
|move|p1a: Empoleon|Scald|p2a: Roserade
|-resisted|p2a: Roserade
|-damage|p2a: Roserade|287\/323
|
|-heal|p2a: Roserade|307\/323|[from] item: Black Sludge
|-heal|p1a: Empoleon|372\/372|[from] item: Leftovers
|turn|4
|join|Gelly
|join|BKC
|
|switch|p1a: Whimsicott|Whimsicott, M|280\/324
|move|p2a: Roserade|Sludge Bomb|p1a: Whimsicott
|-supereffective|p1a: Whimsicott
|-damage|p1a: Whimsicott|0 fnt
|faint|p1a: Whimsicott
|
|-heal|p2a: Roserade|323\/323|[from] item: Black Sludge
|c|âflcl|oooo
|
|switch|p1a: Alakazam|Alakazam, M|251\/251
|turn|5
|c|âOmfuga|yea ur easy
|join|Karppi
|
|detailschange|p1a: Alakazam|Alakazam-Mega, M
|message|Alakazam has Mega Evolved into Mega Alakazam!
|-ability|p1a: Alakazam|Natural Cure|[from] ability: Trace|[of] p2a: Roserade
|move|p1a: Alakazam|Shadow Ball|p2a: Roserade
|-damage|p2a: Roserade|234\/323
|-unboost|p2a: Roserade|spd|1
|move|p2a: Roserade|Sleep Powder|p1a: Alakazam
|-status|p1a: Alakazam|slp
|
|-heal|p2a: Roserade|254\/323|[from] item: Black Sludge
|turn|6
|c|âOmfuga|holE
|c|âflcl|ur right wepwn
|c|âflcl|this guy makes terrible plays
|c|âOmfuga|LOL
|join|Evuelf
|
|switch|p2a: Mienshao|Mienshao, M|271\/271
|cant|p1a: Alakazam|slp
|
|turn|7
|leave|Gelly
|join|LzrGunPewPew
|
|switch|p1a: Empoleon|Empoleon, F|372\/372
|move|p2a: Mienshao|U-turn|p1a: Empoleon
|-resisted|p1a: Empoleon
|-damage|p1a: Empoleon|329\/372
|
|switch|p2a: Machamp|Machamp, M|381\/381
|
|-heal|p1a: Empoleon|352\/372|[from] item: Leftovers
|turn|8
|
|switch|p1a: Alakazam|Alakazam-Mega, M|251\/251
|-ability|p1a: Alakazam|No Guard|[from] ability: Trace|[of] p2a: Machamp
|move|p2a: Machamp|Dynamic Punch|p1a: Alakazam
|-resisted|p1a: Alakazam
|-damage|p1a: Alakazam|109\/251
|-start|p1a: Alakazam|confusion
|
|turn|9
|
|-activate|p1a: Alakazam|confusion
|-damage|p1a: Alakazam|90\/251|[from] confusion
|move|p2a: Machamp|Dynamic Punch|p1a: Alakazam
|-resisted|p1a: Alakazam
|-damage|p1a: Alakazam|0 fnt
|faint|p1a: Alakazam
|
|join|blunderr
|c|âOmfuga|yea ur bad.
|leave|King Tsunami
|
|switch|p1a: Dugtrio|Dugtrio, F|211\/211
|turn|10
|
|move|p1a: Dugtrio|Earthquake|p2a: Machamp
|-damage|p2a: Machamp|182\/381
|-damage|p1a: Dugtrio|190\/211|[from] item: Life Orb
|move|p2a: Machamp|Dynamic Punch|p1a: Dugtrio
|-damage|p1a: Dugtrio|0 fnt
|faint|p1a: Dugtrio
|
|c|âflcl|all u need
|c|âflcl|i need
|c|âflcl|is a hjk miss
|
|switch|p1a: Raikou|Raikou|321\/321
|-ability|p1a: Raikou|Pressure
|turn|11
|c|âOmfuga|I think it can be a 6-0 if I play my cards right.
|
|move|p1a: Raikou|Extrasensory|p2a: Machamp
|-supereffective|p2a: Machamp
|-damage|p2a: Machamp|0 fnt
|faint|p2a: Machamp
|
|c|âflcl|na
|c|âOmfuga|nvmnd.
|
|switch|p2a: Mienshao|Mienshao, M|271\/271
|turn|12
|
|switch|p1a: Empoleon|Empoleon, F|352\/372
|move|p2a: Mienshao|High Jump Kick|p1a: Empoleon
|-supereffective|p1a: Empoleon
|-damage|p1a: Empoleon|0 fnt
|faint|p1a: Empoleon
|
|c|âflcl|yo
|c|âOmfuga|guess a 5-0 is fun too
|c|âOmfuga|you're easy.
|c|âflcl|u actually riske that
|
|switch|p1a: Raikou|Raikou|321\/321
|-ability|p1a: Raikou|Pressure
|turn|13
|
|move|p2a: Mienshao|High Jump Kick|p1a: Raikou
|-damage|p1a: Raikou|0 fnt
|faint|p1a: Raikou
|
|c|âOmfuga|??
|
|switch|p1a: Hydreigon|Hydreigon, M|325\/325
|turn|14
|c|âOmfuga|risk what
|c|âOmfuga|lol
|
|move|p2a: Mienshao|High Jump Kick|p1a: Hydreigon
|-supereffective|p1a: Hydreigon
|-damage|p1a: Hydreigon|0 fnt
|faint|p1a: Hydreigon
|
|win|Omfuga
|leave|CrashinBoomBang
|c|âOmfuga|yeah
|leave|flcl
|player|p1
|c|âOmfuga|my team is poorly built
|c|âOmfuga|die.
|leave|iu m
|leave|Weegah
|leave|BKC
|leave|Karppi
|leave|Basedlord CTC
|leave|bouff