|join|Omfuga
|join|mrbobzy
|player|p1|Omfuga|105
|player|p2|mrbobzy|265
|gametype|singles
|gen|6
|tier|UU
|rated
|rule|Sleep Clause Mod: Limit one foe put to sleep
|rule|Species Clause: Limit one of each PokÃ©mon
|rule|OHKO Clause: OHKO moves are banned
|rule|Moody Clause: Moody is banned
|rule|Evasion Moves Clause: Evasion moves are banned
|rule|Endless Battle Clause: Forcing endless battles is banned
|rule|HP Percentage Mod: HP is shown in percentages
|clearpoke
|poke|p1|Natu, M
|poke|p1|Kabutops, M
|poke|p1|Shedinja
|poke|p1|Sawk, M
|poke|p1|Magneton
|poke|p1|Scyther, F
|poke|p2|Galvantula, F
|poke|p2|Honchkrow, F
|poke|p2|Blastoise, M
|poke|p2|Florges, F
|poke|p2|Lucario, F
|poke|p2|Infernape, F
|rule|Swagger Clause: Swagger is banned
|rule|Baton Pass Clause: Limit one PokÃ©mon knowing Baton Pass
|teampreview
|join|Mystery
|join|Calloflochie
|
|start
|switch|p1a: Magneton|Magneton|241\/241
|switch|p2a: Blastoise|Blastoise, M|362\/362
|turn|1
|
|detailschange|p2a: Blastoise|Blastoise-Mega, M
|message|Blastoise has Mega Evolved into Mega Blastoise!
|move|p1a: Magneton|Thunderbolt|p2a: Blastoise
|-supereffective|p2a: Blastoise
|-damage|p2a: Blastoise|0 fnt
|faint|p2a: Blastoise
|
|
|switch|p2a: Infernape|Infernape, F|293\/293
|turn|2
|
|move|p2a: Infernape|Flare Blitz|p1a: Magneton
|-supereffective|p1a: Magneton
|-activate|p1a: Magneton|Sturdy
|-damage|p1a: Magneton|1\/241
|-damage|p2a: Infernape|214\/293|[from] recoil|[of] p1a: Magneton
|move|p1a: Magneton|Thunderbolt|p2a: Infernape
|-damage|p2a: Infernape|0 fnt
|faint|p2a: Infernape
|
|
|switch|p2a: Honchkrow|Honchkrow, F|341\/341
|turn|3
|
|switch|p1a: Natu|Natu, M|283\/283
|move|p2a: Honchkrow|Night Slash|p1a: Natu
|-supereffective|p1a: Natu
|-damage|p1a: Natu|31\/283
|-damage|p2a: Honchkrow|307\/341|[from] item: Life Orb
|
|turn|4
|
|move|p2a: Honchkrow|Night Slash|p1a: Natu
|-supereffective|p1a: Natu
|-damage|p1a: Natu|0 fnt
|-damage|p2a: Honchkrow|273\/341|[from] item: Life Orb
|faint|p1a: Natu
|-boost|p2a: Honchkrow|atk|1|[from] ability: Moxie
|
|
|switch|p1a: Sawk|Sawk, M|291\/291
|turn|5
|
|switch|p2a: Florges|Florges, F|355\/355
|move|p1a: Sawk|Close Combat|p2a: Florges
|-resisted|p2a: Florges
|-damage|p2a: Florges|175\/355
|-unboost|p1a: Sawk|def|1
|-unboost|p1a: Sawk|spd|1
|
|-heal|p2a: Florges|197\/355|[from] item: Leftovers
|turn|6
|
|move|p1a: Sawk|Close Combat|p2a: Florges
|-resisted|p2a: Florges
|-damage|p2a: Florges|32\/355
|-unboost|p1a: Sawk|def|1
|-unboost|p1a: Sawk|spd|1
|move|p2a: Florges|Wish|p2a: Florges
|
|-heal|p2a: Florges|54\/355|[from] item: Leftovers
|turn|7
|
|switch|p1a: Kabutops|Kabutops, M|261\/261
|move|p2a: Florges|Protect|p2a: Florges
|-fail|p2a: Florges
|
|-heal|p2a: Florges|231\/355|[from] move: Wish|[wisher] Florges
|-heal|p2a: Florges|253\/355|[from] item: Leftovers
|turn|8
|
|switch|p2a: Galvantula|Galvantula, F|282\/282
|move|p1a: Kabutops|Stealth Rock|p2a: Galvantula
|-sidestart|p2: mrbobzy|move: Stealth Rock
|
|turn|9
|
|switch|p1a: Shedinja|Shedinja|1\/1
|move|p2a: Galvantula|Giga Drain|p1a: Shedinja
|-activate|p1a: Shedinja|ability: Wonder Guard
|
|turn|10
|
|move|p2a: Galvantula|Sticky Web|p1a: Shedinja
|-sidestart|p1: Omfuga|move: Sticky Web
|move|p1a: Shedinja|X-Scissor|p2a: Galvantula
|-damage|p2a: Galvantula|107\/282
|
|turn|11
|
|switch|p2a: Lucario|Lucario, F|281\/281
|-damage|p2a: Lucario|273\/281|[from] Stealth Rock
|move|p1a: Shedinja|X-Scissor|p2a: Lucario
|-resisted|p2a: Lucario
|-damage|p2a: Lucario|232\/281
|
|turn|12
|
|move|p1a: Shedinja|Shadow Sneak|p2a: Lucario
|-damage|p2a: Lucario|142\/281
|move|p2a: Lucario|Crunch|p1a: Shedinja
|-supereffective|p1a: Shedinja
|-enditem|p1a: Shedinja|Focus Sash
|-damage|p1a: Shedinja|1\/1
|-damage|p2a: Lucario|114\/281|[from] item: Life Orb
|
|turn|13
|
|move|p1a: Shedinja|Shadow Sneak|p2a: Lucario
|-damage|p2a: Lucario|33\/281
|move|p2a: Lucario|Crunch|p1a: Shedinja
|-supereffective|p1a: Shedinja
|-damage|p1a: Shedinja|0 fnt
|-damage|p2a: Lucario|5\/281|[from] item: Life Orb
|faint|p1a: Shedinja
|
|
|switch|p1a: Kabutops|Kabutops, M|261\/261
|-activate|p1a: Kabutops|move: Sticky Web
|-unboost|p1a: Kabutops|spe|1
|turn|14
|
|move|p2a: Lucario|Extreme Speed|p1a: Kabutops
|-resisted|p1a: Kabutops
|-damage|p1a: Kabutops|213\/261
|-damage|p2a: Lucario|0 fnt|[from] item: Life Orb
|faint|p2a: Lucario
|move|p1a: Kabutops|Aqua Jet|p2: Lucario|[notarget]
|-notarget
|
|
|switch|p2a: Galvantula|Galvantula, F|107\/282
|-damage|p2a: Galvantula|37\/282|[from] Stealth Rock
|turn|15
|
|move|p1a: Kabutops|Aqua Jet|p2a: Galvantula
|-damage|p2a: Galvantula|0 fnt
|faint|p2a: Galvantula
|
|
|switch|p2a: Florges|Florges, F|253\/355
|-damage|p2a: Florges|209\/355|[from] Stealth Rock
|turn|16
|
|move|p2a: Florges|Moonblast|p1a: Kabutops
|-damage|p1a: Kabutops|56\/261
|move|p1a: Kabutops|Rapid Spin|p2a: Florges
|-damage|p2a: Florges|183\/355
|-sideend|p1: Omfuga|Sticky Web|[from] move: Rapid Spin|[of] p1a: Kabutops
|
|-heal|p2a: Florges|205\/355|[from] item: Leftovers
|turn|17
|
|move|p2a: Florges|Moonblast|p1a: Kabutops
|-damage|p1a: Kabutops|0 fnt
|faint|p1a: Kabutops
|
|-heal|p2a: Florges|227\/355|[from] item: Leftovers
|
|switch|p1a: Magneton|Magneton|1\/241
|turn|18
|
|move|p1a: Magneton|Flash Cannon|p2a: Florges
|-supereffective|p2a: Florges
|-damage|p2a: Florges|0 fnt
|faint|p2a: Florges
|
|
|switch|p2a: Honchkrow|Honchkrow, F|273\/341
|-damage|p2a: Honchkrow|188\/341|[from] Stealth Rock
|turn|19
|
|switch|p1a: Scyther|Scyther, F|281\/281
|move|p2a: Honchkrow|Sucker Punch|p1a: Scyther
|-fail|p1a: Scyther
|
|turn|20
|
|move|p1a: Scyther|Aerial Ace|p2a: Honchkrow
|-damage|p2a: Honchkrow|0 fnt
|faint|p2a: Honchkrow
|
|win|Omfuga
|raw|Ladder updating...
|raw|Omfuga's rating: 1523 &rarr; <strong>1537<\/strong><br \/>(+14 for winning)
|raw|mrbobzy's rating: 1417 &rarr; <strong>1403<\/strong><br \/>(-14 for losing)