|join|Omfuga
|join|NewGenious
|player|p1|Omfuga|105
|player|p2|NewGenious|1
|gametype|singles
|gen|6
|tier|UU
|rated
|rule|Sleep Clause Mod: Limit one foe put to sleep
|rule|Species Clause: Limit one of each PokÃ©mon
|rule|OHKO Clause: OHKO moves are banned
|rule|Moody Clause: Moody is banned
|rule|Evasion Moves Clause: Evasion moves are banned
|rule|Endless Battle Clause: Forcing endless battles is banned
|rule|HP Percentage Mod: HP is shown in percentages
|clearpoke
|poke|p1|Diancie
|poke|p1|Alakazam, F
|poke|p1|Sharpedo, M
|poke|p1|Entei, shiny
|poke|p1|Gligar, F
|poke|p1|Escavalier, F
|poke|p2|Mr. Mime, F
|poke|p2|Swalot, F
|poke|p2|Infernape, M
|poke|p2|Houndoom, M
|poke|p2|Snorlax, M
|poke|p2|Slowking, F
|rule|Swagger Clause: Swagger is banned
|rule|Baton Pass Clause: Limit one PokÃ©mon knowing Baton Pass
|teampreview
|
|start
|switch|p1a: Sharpedo|Sharpedo, M|281\/281
|switch|p2a: TakeMyHands|Mr. Mime, F|221\/221
|turn|1
|
|detailschange|p1a: Sharpedo|Sharpedo-Mega, M
|message|Sharpedo has Mega Evolved into Mega Sharpedo!
|move|p2a: TakeMyHands|Dazzling Gleam|p1a: Sharpedo
|-supereffective|p1a: Sharpedo
|-damage|p1a: Sharpedo|0 fnt
|faint|p1a: Sharpedo
|
|
|switch|p1a: Escavalier|Escavalier, F|343\/343
|turn|2
|
|switch|p2a: o3o|Swalot, F|401\/401
|move|p1a: Escavalier|Knock Off|p2a: o3o
|-damage|p2a: o3o|312\/401
|
|-heal|p2a: o3o|337\/401|[from] item: Black Sludge
|turn|3
|
|switch|p1a: Alakazam|Alakazam, F|251\/251
|move|p2a: o3o|Protect|p2a: o3o
|-fail|p2a: o3o
|
|-heal|p2a: o3o|362\/401|[from] item: Black Sludge
|turn|4
|
|switch|p2a: Mephistofeles|Houndoom, M|291\/291
|move|p1a: Alakazam|Shadow Ball|p2a: Mephistofeles
|-resisted|p2a: Mephistofeles
|-damage|p2a: Mephistofeles|217\/291
|
|turn|5
|join|VoD Lochie
|
|switch|p1a: Diancie|Diancie|303\/303
|move|p2a: Mephistofeles|Sucker Punch|p1a: Diancie
|-fail|p1a: Diancie
|
|turn|6
|
|move|p2a: Mephistofeles|Destiny Bond|p2a: Mephistofeles
|-singlemove|p2a: Mephistofeles|Destiny Bond
|move|p1a: Diancie|Stealth Rock|p2a: Mephistofeles
|-sidestart|p2: NewGenious|move: Stealth Rock
|
|turn|7
|
|move|p2a: Mephistofeles|Taunt|p1a: Diancie
|-start|p1a: Diancie|move: Taunt
|cant|p1a: Diancie|move: Taunt|Toxic
|
|turn|8
|
|move|p2a: Mephistofeles|Destiny Bond|p2a: Mephistofeles
|-singlemove|p2a: Mephistofeles|Destiny Bond
|move|p1a: Diancie|Moonblast|p2a: Mephistofeles
|-damage|p2a: Mephistofeles|76\/291
|
|turn|9
|
|switch|p1a: Gligar|Gligar, F|333\/333
|move|p2a: Mephistofeles|Destiny Bond|p2a: Mephistofeles
|-singlemove|p2a: Mephistofeles|Destiny Bond
|
|turn|10
|
|move|p2a: Mephistofeles|Flamethrower|p1a: Gligar
|-damage|p1a: Gligar|212\/333
|move|p1a: Gligar|U-turn|p2a: Mephistofeles
|-damage|p2a: Mephistofeles|0 fnt
|faint|p2a: Mephistofeles
|c| VoD Lochie|LOL
|
|switch|p1a: Alakazam|Alakazam, F|251\/251
|
|c| VoD Lochie|what the fuck
|c| VoD Lochie|ur 1400
|c| VoD Lochie|is that a swalot
|c| VoD Lochie|LOL
|
|switch|p2a: Jurubeba|Snorlax, M|461\/461
|-damage|p2a: Jurubeba|404\/461|[from] Stealth Rock
|turn|11
|c|âOmfuga|LOL
|c| VoD Lochie|wait
|c| VoD Lochie|u lose
|c|âOmfuga|hes almost 1200 g
|
|move|p1a: Alakazam|Psyshock|p2a: Jurubeba
|-damage|p2a: Jurubeba|173\/461
|move|p2a: Jurubeba|Body Slam|p1a: Alakazam
|-damage|p1a: Alakazam|0 fnt
|faint|p1a: Alakazam
|
|c|âOmfuga|nah I dont.
|
|switch|p1a: Entei|Entei, shiny|371\/371
|-ability|p1a: Entei|Pressure
|turn|12
|
|move|p1a: Entei|Flare Blitz|p2a: Jurubeba
|-damage|p2a: Jurubeba|0 fnt
|-damage|p1a: Entei|314\/371|[from] recoil|[of] p2a: Jurubeba
|faint|p2a: Jurubeba
|
|c| VoD Lochie|oh nice
|c| VoD Lochie|ur not a trash bag
|c| VoD Lochie|and run flare blitz
|c| VoD Lochie|as 4th
|
|switch|p2a: Matahari|Slowking, F|331\/331
|-damage|p2a: Matahari|290\/331|[from] Stealth Rock
|turn|13
|c|âOmfuga|what else
|c|âOmfuga|do people run
|c| VoD Lochie|sigh i see niggas running iron head
|c|âOmfuga|lol
|c|âOmfuga|LOL
|c|âOmfuga|-
|c| VoD Lochie|cause
|c| VoD Lochie|it hits
|
|switch|p1a: Diancie|Diancie|303\/303
|move|p2a: Matahari|Trick Room|p2a: Matahari
|-fieldstart|move: Trick Room|[of] p2a: Matahari
|
|turn|14
|c| VoD Lochie|florhes harder
|c| VoD Lochie|:^)
|
|move|p2a: Matahari|Scald|p1a: Diancie
|-supereffective|p1a: Diancie
|-damage|p1a: Diancie|171\/303
|move|p1a: Diancie|Toxic|p2a: Matahari
|-status|p2a: Matahari|tox
|
|-heal|p1a: Diancie|189\/303|[from] item: Leftovers
|-damage|p2a: Matahari|270\/331 tox|[from] psn
|turn|15
|c|âOmfuga|so does flare blitz
|c|âOmfuga|LOL
|
|move|p1a: Diancie|Protect|p1a: Diancie
|-singleturn|p1a: Diancie|Protect
|move|p2a: Matahari|Psyshock|p1a: Diancie
|-activate|p1a: Diancie|Protect
|
|-heal|p1a: Diancie|207\/303|[from] item: Leftovers
|-damage|p2a: Matahari|230\/331 tox|[from] psn
|turn|16
|
|move|p2a: Matahari|Psyshock|p1a: Diancie
|-damage|p1a: Diancie|111\/303
|move|p1a: Diancie|Moonblast|p2a: Matahari
|-damage|p2a: Matahari|137\/331 tox
|
|-heal|p1a: Diancie|129\/303|[from] item: Leftovers
|-damage|p2a: Matahari|77\/331 tox|[from] psn
|-enditem|p2a: Matahari|Petaya Berry|[eat]
|-boost|p2a: Matahari|spa|1|[from] item: Petaya Berry
|turn|17
|c|âOmfuga|dash?
|c| VoD Lochie|LOL
|
|switch|p2a: Overlord|Infernape, M|293\/293
|-damage|p2a: Overlord|257\/293|[from] Stealth Rock
|switch|p1a: Gligar|Gligar, F|212\/333
|
|-fieldend|move: Trick Room
|turn|18
|c| VoD Lochie|ur gonna lose
|c| VoD Lochie|to swalot
|c| VoD Lochie|i pray
|c|âOmfuga|I think I will
|c|âOmfuga|ngl
|
|switch|p2a: TakeMyHands|Mr. Mime, F|221\/221
|-damage|p2a: TakeMyHands|194\/221|[from] Stealth Rock
|move|p1a: Gligar|Earthquake|p2a: TakeMyHands
|-damage|p2a: TakeMyHands|58\/221
|
|turn|19
|
|switch|p1a: Entei|Entei, shiny|314\/371
|-ability|p1a: Entei|Pressure
|move|p2a: TakeMyHands|Trick|p1a: Entei
|-activate|p2a: TakeMyHands|move: Trick|[of] p1a: Entei
|-item|p1a: Entei|Choice Scarf|[from] move: Trick
|-item|p2a: TakeMyHands|Choice Band|[from] move: Trick
|
|turn|20
|
|move|p1a: Entei|Flare Blitz|p2a: TakeMyHands
|-damage|p2a: TakeMyHands|0 fnt
|-damage|p1a: Entei|295\/371|[from] recoil|[of] p2a: TakeMyHands
|faint|p2a: TakeMyHands
|
|
|switch|p2a: Matahari|Slowking, F|187\/331 tox
|-damage|p2a: Matahari|146\/331 tox|[from] Stealth Rock
|turn|21
|
|move|p1a: Entei|Flare Blitz|p2a: Matahari
|-resisted|p2a: Matahari
|-damage|p2a: Matahari|45\/331 tox
|-damage|p1a: Entei|262\/371|[from] recoil|[of] p2a: Matahari
|move|p2a: Matahari|Scald|p1a: Entei
|-supereffective|p1a: Entei
|-damage|p1a: Entei|0 fnt
|faint|p1a: Entei
|
|-damage|p2a: Matahari|25\/331 tox|[from] psn
|c| VoD Lochie|helo
|
|switch|p1a: Gligar|Gligar, F|212\/333
|turn|22
|c| VoD Lochie|why did that do
|c| VoD Lochie|-4
|
|move|p1a: Gligar|Earthquake|p2a: Matahari
|-damage|p2a: Matahari|0 fnt
|faint|p2a: Matahari
|
|c| VoD Lochie|salot
|c| VoD Lochie|please
|c| VoD Lochie|stockpile
|c|âOmfuga|scarfed
|c| VoD Lochie|and win
|
|switch|p2a: o3o|Swalot, F|362\/401
|-damage|p2a: o3o|312\/401|[from] Stealth Rock
|turn|23
|c| VoD Lochie|PLEASE
|c|âOmfuga|LOL
|
|move|p2a: o3o|Protect|p2a: o3o
|-singleturn|p2a: o3o|Protect
|move|p1a: Gligar|Earthquake|p2a: o3o
|-activate|p2a: o3o|Protect
|
|-heal|p2a: o3o|337\/401|[from] item: Black Sludge
|turn|24
|
|move|p1a: Gligar|Earthquake|p2a: o3o
|-supereffective|p2a: o3o
|-damage|p2a: o3o|187\/401
|move|p2a: o3o|Counter|p1a: Gligar
|-damage|p1a: Gligar|0 fnt
|faint|p1a: Gligar
|
|-heal|p2a: o3o|212\/401|[from] item: Black Sludge
|
|switch|p1a: Escavalier|Escavalier, F|343\/343
|turn|25
|c| VoD Lochie|LOL
|c| VoD Lochie|MY
|c| VoD Lochie|NIGGA
|
|move|p2a: o3o|Protect|p2a: o3o
|-singleturn|p2a: o3o|Protect
|move|p1a: Escavalier|Iron Head|p2a: o3o
|-activate|p2a: o3o|Protect
|
|-heal|p2a: o3o|237\/401|[from] item: Black Sludge
|turn|26
|c| VoD Lochie|YES
|
|move|p1a: Escavalier|Iron Head|p2a: o3o
|-crit|p2a: o3o
|-damage|p2a: o3o|80\/401
|cant|p2a: o3o|flinch
|
|-heal|p2a: o3o|105\/401|[from] item: Black Sludge
|turn|27
|c|âOmfuga|no
|c|âOmfuga|oml
|c| VoD Lochie|NOOOOOOOOOOOOOOOOOOOO
|c|âOmfuga|why did that crit
|c| VoD Lochie|SWALOT
|c|âOmfuga|I almost lost to that crit..
|
|move|p2a: o3o|Protect|p2a: o3o
|-singleturn|p2a: o3o|Protect
|move|p1a: Escavalier|Iron Head|p2a: o3o
|-activate|p2a: o3o|Protect
|
|-heal|p2a: o3o|130\/401|[from] item: Black Sludge
|turn|28
|c| VoD Lochie|why did the crit
|c| VoD Lochie|do nothing
|c| VoD Lochie|LOL
|
|move|p1a: Escavalier|Iron Head|p2a: o3o
|-damage|p2a: o3o|28\/401
|move|p2a: o3o|Counter|p1a: Escavalier
|-damage|p1a: Escavalier|139\/343
|
|-heal|p2a: o3o|53\/401|[from] item: Black Sludge
|-heal|p1a: Escavalier|160\/343|[from] item: Leftovers
|turn|29
|c|âOmfuga|bro Idk what this thing is
|c|âOmfuga|just a god
|c| VoD Lochie|oh my lord
|c| VoD Lochie|thats strong
|c|âOmfuga|oh crit didnt matter ok
|c|âOmfuga|good
|
|move|p2a: o3o|Encore|p1a: Escavalier
|-start|p1a: Escavalier|Encore
|move|p1a: Escavalier|Iron Head|p2a: o3o
|-damage|p2a: o3o|0 fnt
|faint|p2a: o3o
|
|-heal|p1a: Escavalier|181\/343|[from] item: Leftovers
|c| VoD Lochie|OMG
|c| VoD Lochie|PLEASE
|c| VoD Lochie|SD
|
|switch|p2a: Overlord|Infernape, M|257\/293
|-damage|p2a: Overlord|221\/293|[from] Stealth Rock
|turn|30
|c| VoD Lochie|something
|c|âOmfuga|LOL
|
|move|p2a: Overlord|Flare Blitz|p1a: Escavalier
|-supereffective|p1a: Escavalier
|-damage|p1a: Escavalier|0 fnt
|-damage|p2a: Overlord|161\/293|[from] recoil|[of] p1a: Escavalier
|-damage|p2a: Overlord|132\/293|[from] item: Life Orb
|faint|p1a: Escavalier
|
|c| VoD Lochie|life orb
|
|switch|p1a: Diancie|Diancie|129\/303
|turn|31
|c| VoD Lochie|YES
|c| VoD Lochie|YES
|c| VoD Lochie|YES
|c| VoD Lochie|YES
|c| VoD Lochie|CMON
|
|move|p1a: Diancie|Protect|p1a: Diancie
|-singleturn|p1a: Diancie|Protect
|move|p2a: Overlord|Close Combat|p1a: Diancie
|-activate|p1a: Diancie|Protect
|
|-heal|p1a: Diancie|147\/303|[from] item: Leftovers
|turn|32
|c| VoD Lochie|please
|c| VoD Lochie|die
|
|move|p1a: Diancie|Protect|p1a: Diancie
|-fail|p1a: Diancie
|move|p2a: Overlord|Close Combat|p1a: Diancie
|-crit|p1a: Diancie
|-damage|p1a: Diancie|0 fnt
|-unboost|p2a: Overlord|def|1
|-unboost|p2a: Overlord|spd|1
|-damage|p2a: Overlord|103\/293|[from] item: Life Orb
|faint|p1a: Diancie
|
|win|NewGenious
|raw|Ladder updating...
|raw|Omfuga's rating: 1408 &rarr; <strong>1377<\/strong><br \/>(-31 for losing)
|raw|NewGenious's rating: 1195 &rarr; <strong>1234<\/strong><br \/>(+39 for winning)
|c|âOmfuga|sigh
|c|âOmfuga|not every one.
|c| VoD Lochie|YESSSSSSSSSSSSSSS
|leave|Omfuga
|player|p1