|join|Omfuga
|join|weberino
|player|p1|Omfuga|105
|player|p2|weberino|265
|gametype|singles
|gen|6
|tier|UU
|rated
|rule|Sleep Clause Mod: Limit one foe put to sleep
|rule|Species Clause: Limit one of each PokÃ©mon
|rule|OHKO Clause: OHKO moves are banned
|rule|Moody Clause: Moody is banned
|rule|Evasion Moves Clause: Evasion moves are banned
|rule|Endless Battle Clause: Forcing endless battles is banned
|rule|HP Percentage Mod: HP is shown in percentages
|clearpoke
|poke|p1|Sharpedo, M
|poke|p1|Empoleon, M
|poke|p1|Chesnaught, F
|poke|p1|Dragalge, F
|poke|p1|Gligar, F
|poke|p1|Jirachi
|poke|p2|Chandelure, M
|poke|p2|Suicune
|poke|p2|Honchkrow, F
|poke|p2|Whimsicott, F
|poke|p2|Porygon-Z
|poke|p2|Diancie
|rule|Swagger Clause: Swagger is banned
|rule|Baton Pass Clause: Limit one PokÃ©mon knowing Baton Pass
|teampreview
|
|start
|switch|p1a: Dragalge|Dragalge, F|317\/317
|switch|p2a: Porygon-Z|Porygon-Z|331\/331
|turn|1
|
|move|p2a: Porygon-Z|Nasty Plot|p2a: Porygon-Z
|-boost|p2a: Porygon-Z|spa|2
|move|p1a: Dragalge|Draco Meteor|p2a: Porygon-Z
|-damage|p2a: Porygon-Z|0 fnt
|-unboost|p1a: Dragalge|spa|2
|faint|p2a: Porygon-Z
|
|join|Soulgazer
|
|switch|p2a: Suicune|Suicune|404\/404
|-ability|p2a: Suicune|Pressure
|turn|2
|
|move|p2a: Suicune|Substitute|p2a: Suicune
|-start|p2a: Suicune|Substitute
|-damage|p2a: Suicune|303\/404
|move|p1a: Dragalge|Toxic Spikes|p2a: Suicune
|-sidestart|p2: weberino|move: Toxic Spikes
|
|-heal|p2a: Suicune|328\/404|[from] item: Leftovers
|turn|3
|
|move|p2a: Suicune|Calm Mind|p2a: Suicune
|-boost|p2a: Suicune|spa|1
|-boost|p2a: Suicune|spd|1
|move|p1a: Dragalge|Draco Meteor|p2a: Suicune
|-activate|p2a: Suicune|Substitute|[damage]
|-unboost|p1a: Dragalge|spa|2
|
|-heal|p2a: Suicune|353\/404|[from] item: Leftovers
|turn|4
|
|move|p2a: Suicune|Calm Mind|p2a: Suicune
|-boost|p2a: Suicune|spa|1
|-boost|p2a: Suicune|spd|1
|move|p1a: Dragalge|Sludge Bomb|p2a: Suicune
|-end|p2a: Suicune|Substitute
|
|-heal|p2a: Suicune|378\/404|[from] item: Leftovers
|turn|5
|
|switch|p1a: Sharpedo|Sharpedo, M|281\/281
|move|p2a: Suicune|Substitute|p2a: Suicune
|-start|p2a: Suicune|Substitute
|-damage|p2a: Suicune|277\/404
|
|-heal|p2a: Suicune|302\/404|[from] item: Leftovers
|turn|6
|c|+Soulgazer|hope u lose
|c|+Soulgazer|ja
|
|detailschange|p1a: Sharpedo|Sharpedo-Mega, M
|message|Sharpedo has Mega Evolved into Mega Sharpedo!
|move|p1a: Sharpedo|Crunch|p2a: Suicune
|-end|p2a: Suicune|Substitute
|move|p2a: Suicune|Scald|p1a: Sharpedo
|-resisted|p1a: Sharpedo
|-damage|p1a: Sharpedo|160\/281
|-status|p1a: Sharpedo|brn
|
|-heal|p2a: Suicune|327\/404|[from] item: Leftovers
|-damage|p1a: Sharpedo|125\/281 brn|[from] brn
|turn|7
|c|âOmfuga|,
|c|âOmfuga|fucking
|c|âOmfuga|broken shit move
|c|âweberino|hihihi
|
|move|p1a: Sharpedo|Crunch|p2a: Suicune
|-damage|p2a: Suicune|239\/404
|move|p2a: Suicune|Substitute|p2a: Suicune
|-start|p2a: Suicune|Substitute
|-damage|p2a: Suicune|138\/404
|
|-heal|p2a: Suicune|163\/404|[from] item: Leftovers
|-damage|p1a: Sharpedo|90\/281 brn|[from] brn
|turn|8
|
|move|p1a: Sharpedo|Crunch|p2a: Suicune
|-activate|p2a: Suicune|Substitute|[damage]
|move|p2a: Suicune|Scald|p1a: Sharpedo
|-resisted|p1a: Sharpedo
|-damage|p1a: Sharpedo|0 fnt
|faint|p1a: Sharpedo
|
|-heal|p2a: Suicune|188\/404|[from] item: Leftovers
|
|switch|p1a: Jirachi|Jirachi|341\/341
|turn|9
|
|move|p1a: Jirachi|U-turn|p2a: Suicune
|-end|p2a: Suicune|Substitute
|
|switch|p1a: Dragalge|Dragalge, F|317\/317
|move|p2a: Suicune|Scald|p1a: Dragalge
|-resisted|p1a: Dragalge
|-damage|p1a: Dragalge|246\/317
|
|-heal|p2a: Suicune|213\/404|[from] item: Leftovers
|turn|10
|join|Calloflochie
|
|move|p2a: Suicune|Calm Mind|p2a: Suicune
|-boost|p2a: Suicune|spa|1
|-boost|p2a: Suicune|spd|1
|move|p1a: Dragalge|Draco Meteor|p2a: Suicune
|-damage|p2a: Suicune|101\/404
|-unboost|p1a: Dragalge|spa|2
|
|-heal|p2a: Suicune|126\/404|[from] item: Leftovers
|turn|11
|
|switch|p1a: Empoleon|Empoleon, M|309\/309
|move|p2a: Suicune|Ice Beam|p1a: Empoleon
|-resisted|p1a: Empoleon
|-damage|p1a: Empoleon|270\/309
|
|-heal|p2a: Suicune|151\/404|[from] item: Leftovers
|turn|12
|c|+Soulgazer|oml
|
|move|p1a: Empoleon|Swords Dance|p1a: Empoleon
|-boost|p1a: Empoleon|atk|2
|move|p2a: Suicune|Scald|p1a: Empoleon
|-resisted|p1a: Empoleon
|-damage|p1a: Empoleon|159\/309
|
|-heal|p2a: Suicune|176\/404|[from] item: Leftovers
|turn|13
|
|move|p1a: Empoleon|Earthquake|p2a: Suicune
|-damage|p2a: Suicune|40\/404
|move|p2a: Suicune|Scald|p1a: Empoleon
|-resisted|p1a: Empoleon
|-damage|p1a: Empoleon|50\/309
|
|-heal|p2a: Suicune|65\/404|[from] item: Leftovers
|turn|14
|
|move|p1a: Empoleon|Waterfall|p2a: Suicune
|-resisted|p2a: Suicune
|-damage|p2a: Suicune|0 fnt
|faint|p2a: Suicune
|
|c|+Calloflochie|gg
|c|âOmfuga|sigh
|c|+Soulgazer|LOL
|c|âOmfuga|that was way too fuckin annoying
|
|switch|p2a: Honchkrow|Honchkrow, F|343\/343
|turn|15
|
|switch|p1a: Gligar|Gligar, F|333\/333
|move|p2a: Honchkrow|Drill Peck|p1a: Gligar
|-damage|p1a: Gligar|231\/333
|
|turn|16
|join|ANGER MANAGEMENT
|c|+Soulgazer|peep this
|
|switch|p2a: Whimsicott|Whimsicott, F|311\/311
|-status|p2a: Whimsicott|psn
|move|p1a: Gligar|Roost|p1a: Gligar
|-heal|p1a: Gligar|333\/333
|
|-damage|p2a: Whimsicott|273\/311 psn|[from] psn
|turn|17
|
|move|p2a: Whimsicott|Encore|p1a: Gligar
|-start|p1a: Gligar|Encore
|move|p1a: Gligar|Roost|p1a: Gligar
|-fail|p1a: Gligar
|
|-damage|p2a: Whimsicott|235\/311 psn|[from] psn
|turn|18
|c|+Soulgazer|so predictable
|
|switch|p1a: Empoleon|Empoleon, M|50\/309
|move|p2a: Whimsicott|Knock Off|p1a: Empoleon
|-damage|p1a: Empoleon|0 fnt
|-enditem|p1a: Empoleon|Mystic Water|[from] move: Knock Off|[of] p2a: Whimsicott
|faint|p1a: Empoleon
|
|-damage|p2a: Whimsicott|197\/311 psn|[from] psn
|
|switch|p1a: Jirachi|Jirachi|341\/341
|turn|19
|
|move|p1a: Jirachi|Iron Head|p2a: Whimsicott
|-supereffective|p2a: Whimsicott
|-damage|p2a: Whimsicott|0 fnt
|faint|p2a: Whimsicott
|
|c|+Soulgazer|ofc
|c|âOmfuga|ofc what
|
|switch|p2a: Chandelure|Chandelure, M|262\/262
|-status|p2a: Chandelure|psn
|turn|20
|c|âOmfuga|,
|c|âOmfuga|haha im flinchin or I lose
|
|move|p1a: Jirachi|Iron Head|p2a: Chandelure
|-crit|p2a: Chandelure
|-resisted|p2a: Chandelure
|-damage|p2a: Chandelure|151\/262 psn
|move|p2a: Chandelure|Flamethrower|p1a: Jirachi
|-supereffective|p1a: Jirachi
|-damage|p1a: Jirachi|0 fnt
|faint|p1a: Jirachi
|
|-damage|p2a: Chandelure|119\/262 psn|[from] psn
|c|âOmfuga|im flinchin.
|
|switch|p1a: Gligar|Gligar, F|333\/333
|turn|21
|c|+Soulgazer|ass
|
|move|p2a: Chandelure|Flamethrower|p1a: Gligar
|-damage|p1a: Gligar|213\/333
|move|p1a: Gligar|Roost|p1a: Gligar
|-heal|p1a: Gligar|333\/333
|
|-damage|p2a: Chandelure|87\/262 psn|[from] psn
|turn|22
|c|+Soulgazer|0
|
|move|p2a: Chandelure|Flamethrower|p1a: Gligar
|-damage|p1a: Gligar|216\/333
|move|p1a: Gligar|Roost|p1a: Gligar
|-heal|p1a: Gligar|333\/333
|
|-damage|p2a: Chandelure|55\/262 psn|[from] psn
|turn|23
|
|move|p2a: Chandelure|Flamethrower|p1a: Gligar
|-damage|p1a: Gligar|227\/333
|-status|p1a: Gligar|brn
|move|p1a: Gligar|U-turn|p2a: Chandelure
|-resisted|p2a: Chandelure
|-damage|p2a: Chandelure|49\/262 psn
|c|+Soulgazer|oml
|
|switch|p1a: Chesnaught|Chesnaught, F|379\/379
|
|-damage|p2a: Chandelure|17\/262 psn|[from] psn
|turn|24
|join|Angina Management
|
|move|p2a: Chandelure|Flamethrower|p1a: Chesnaught
|-crit|p1a: Chesnaught
|-supereffective|p1a: Chesnaught
|-damage|p1a: Chesnaught|0 fnt
|faint|p1a: Chesnaught
|
|-damage|p2a: Chandelure|0 fnt|[from] psn
|faint|p2a: Chandelure
|c|âweberino|hm
|leave|Angina Management
|c|+Soulgazer|dont u lose if hes roost bird
|c|âOmfuga|I dont think so
|
|switch|p2a: Diancie|Diancie|241\/241
|switch|p1a: Dragalge|Dragalge, F|246\/317
|-status|p2a: Diancie|psn
|turn|25
|
|switch|p1a: Gligar|Gligar, F|227\/333 brn
|move|p2a: Diancie|Diamond Storm|p1a: Gligar
|-damage|p1a: Gligar|152\/333 brn
|
|-damage|p2a: Diancie|211\/241 psn|[from] psn
|-damage|p1a: Gligar|111\/333 brn|[from] brn
|turn|26
|
|move|p2a: Diancie|Stealth Rock|p1a: Gligar
|-sidestart|p1: Omfuga|move: Stealth Rock
|move|p1a: Gligar|Roost|p1a: Gligar
|-heal|p1a: Gligar|278\/333 brn
|
|-heal|p2a: Diancie|226\/241 psn|[from] item: Leftovers
|-damage|p2a: Diancie|196\/241 psn|[from] psn
|-damage|p1a: Gligar|237\/333 brn|[from] brn
|turn|27
|
|move|p2a: Diancie|Calm Mind|p2a: Diancie
|-boost|p2a: Diancie|spa|1
|-boost|p2a: Diancie|spd|1
|move|p1a: Gligar|Roost|p1a: Gligar
|-heal|p1a: Gligar|333\/333 brn
|
|-heal|p2a: Diancie|211\/241 psn|[from] item: Leftovers
|-damage|p2a: Diancie|181\/241 psn|[from] psn
|-damage|p1a: Gligar|292\/333 brn|[from] brn
|turn|28
|c|+Soulgazer|o...
|c|âOmfuga|...
|c|âOmfuga|did you rlly just add this
|c|âOmfuga|lmao
|c|âOmfuga|sick bro.
|
|move|p2a: Diancie|Diamond Storm|p1a: Gligar
|-crit|p1a: Gligar
|-damage|p1a: Gligar|183\/333 brn
|-boost|p2a: Diancie|def|1
|move|p1a: Gligar|Stealth Rock|p2a: Diancie
|-sidestart|p2: weberino|move: Stealth Rock
|
|-heal|p2a: Diancie|196\/241 psn|[from] item: Leftovers
|-damage|p2a: Diancie|166\/241 psn|[from] psn
|-damage|p1a: Gligar|142\/333 brn|[from] brn
|turn|29
|c|+Soulgazer|what i dont get is
|c|âOmfuga|why
|c|+Soulgazer|diamond storm
|c|+Soulgazer|cm
|c|âOmfuga|yeah
|
|move|p2a: Diancie|Moonblast|p1a: Gligar
|-damage|p1a: Gligar|15\/333 brn
|move|p1a: Gligar|Roost|p1a: Gligar
|-heal|p1a: Gligar|182\/333 brn
|
|-heal|p2a: Diancie|181\/241 psn|[from] item: Leftovers
|-damage|p2a: Diancie|151\/241 psn|[from] psn
|-damage|p1a: Gligar|141\/333 brn|[from] brn
|turn|30
|c|âOmfuga|I dont either
|c|+Soulgazer|SR
|
|move|p2a: Diancie|Calm Mind|p2a: Diancie
|-boost|p2a: Diancie|spa|1
|-boost|p2a: Diancie|spd|1
|move|p1a: Gligar|Roost|p1a: Gligar
|-heal|p1a: Gligar|308\/333 brn
|
|-heal|p2a: Diancie|166\/241 psn|[from] item: Leftovers
|-damage|p2a: Diancie|136\/241 psn|[from] psn
|-damage|p1a: Gligar|267\/333 brn|[from] brn
|turn|31
|c|+Soulgazer|i guess the def boosts but..
|
|move|p2a: Diancie|Moonblast|p1a: Gligar
|-damage|p1a: Gligar|98\/333 brn
|move|p1a: Gligar|Roost|p1a: Gligar
|-heal|p1a: Gligar|265\/333 brn
|
|-heal|p2a: Diancie|151\/241 psn|[from] item: Leftovers
|-damage|p2a: Diancie|121\/241 psn|[from] psn
|-damage|p1a: Gligar|224\/333 brn|[from] brn
|turn|32
|c|+Soulgazer|ur walled by steels g
|
|move|p2a: Diancie|Moonblast|p1a: Gligar
|-damage|p1a: Gligar|50\/333 brn
|-unboost|p1a: Gligar|spa|1
|move|p1a: Gligar|Roost|p1a: Gligar
|-heal|p1a: Gligar|217\/333 brn
|
|-heal|p2a: Diancie|136\/241 psn|[from] item: Leftovers
|-damage|p2a: Diancie|106\/241 psn|[from] psn
|-damage|p1a: Gligar|176\/333 brn|[from] brn
|turn|33
|
|move|p2a: Diancie|Moonblast|p1a: Gligar
|-crit|p1a: Gligar
|-damage|p1a: Gligar|0 fnt
|faint|p1a: Gligar
|
|-heal|p2a: Diancie|121\/241 psn|[from] item: Leftovers
|-damage|p2a: Diancie|91\/241 psn|[from] psn
|c|+Soulgazer|and you are fast as fuck
|c|âOmfuga|lmao
|c|âOmfuga|are you
|c|âOmfuga|fucking kidding me
|
|switch|p1a: Dragalge|Dragalge, F|246\/317
|-damage|p1a: Dragalge|207\/317|[from] Stealth Rock
|turn|34
|c|+Calloflochie|gg
|
|move|p2a: Diancie|Moonblast|p1a: Dragalge
|-damage|p1a: Dragalge|0 fnt
|faint|p1a: Dragalge
|
|win|weberino
|raw|Ladder updating...
|raw|Omfuga's rating: 1531 &rarr; <strong>1499<\/strong><br \/>(-32 for losing)
|raw|weberino's rating: 1290 &rarr; <strong>1330<\/strong><br \/>(+40 for winning)
|c|âweberino|gg
|c|âOmfuga|shut the fuck up
|c|âOmfuga|retard
|leave|Omfuga
|player|p1
|c|+Calloflochie|LOL
|leave|Calloflochie
|join|Calloflochie
|leave|Calloflochie