|join|fatboyfat
|join|xMario
|player|p1|fatboyfat|242
|player|p2|xMario|153
|gametype|singles
|gen|6
|tier|UU
|rule|Sleep Clause Mod: Limit one foe put to sleep
|rule|Species Clause: Limit one of each PokÃ©mon
|rule|OHKO Clause: OHKO moves are banned
|rule|Moody Clause: Moody is banned
|rule|Evasion Moves Clause: Evasion moves are banned
|rule|Endless Battle Clause: Forcing endless battles is banned
|rule|HP Percentage Mod: HP is shown in percentages
|clearpoke
|poke|p1|Swampert, F
|poke|p1|Gallade, M
|poke|p1|Hydreigon, M
|poke|p1|Crobat, M
|poke|p1|Mienshao, M
|poke|p1|Roserade, F
|poke|p2|Beedrill, F
|poke|p2|Starmie
|poke|p2|Slurpuff, F
|poke|p2|Jirachi
|poke|p2|Hydreigon, M, shiny
|poke|p2|Raikou
|rule|Swagger Clause: Swagger is banned
|rule|Baton Pass Clause: Limit one PokÃ©mon knowing Baton Pass
|teampreview
|join|askufjbdfkhds
|
|start
|switch|p1a: Crobat|Crobat, M|373\/373
|switch|p2a: Raikou|Raikou|321\/321
|-ability|p2a: Raikou|Pressure
|turn|1
|c|âxMario|gl
|
|move|p1a: Crobat|U-turn|p2a: Raikou
|-crit|p2a: Raikou
|-damage|p2a: Raikou|221\/321
|
|switch|p1a: Roserade|Roserade, F|262\/262
|move|p2a: Raikou|Hidden Power|p1a: Roserade
|-resisted|p1a: Roserade
|-damage|p1a: Roserade|239\/262
|
|turn|2
|join|proprioception
|
|switch|p2a: Jirachi|Jirachi|404\/404
|move|p1a: Roserade|Leaf Storm|p2a: Jirachi
|-resisted|p2a: Jirachi
|-damage|p2a: Jirachi|250\/404
|-unboost|p1a: Roserade|spa|2
|
|-heal|p2a: Jirachi|275\/404|[from] item: Leftovers
|turn|3
|
|switch|p1a: Swampert|Swampert, F|404\/404
|move|p2a: Jirachi|Stealth Rock|p1a: Swampert
|-sidestart|p1: fatboyfat|move: Stealth Rock
|
|-heal|p2a: Jirachi|300\/404|[from] item: Leftovers
|turn|4
|join|YOUsucke
|
|move|p2a: Jirachi|U-turn|p1a: Swampert
|-damage|p1a: Swampert|364\/404
|
|switch|p2a: Starmie|Starmie|261\/261
|move|p1a: Swampert|Stealth Rock|p2a: Starmie
|-sidestart|p2: xMario|move: Stealth Rock
|
|-heal|p1a: Swampert|389\/404|[from] item: Leftovers
|turn|5
|
|move|p2a: Starmie|Hydro Pump|p1a: Swampert
|-damage|p1a: Swampert|169\/404
|-damage|p2a: Starmie|235\/261|[from] item: Life Orb
|move|p1a: Swampert|Scald|p2a: Starmie
|-crit|p2a: Starmie
|-resisted|p2a: Starmie
|-damage|p2a: Starmie|160\/261
|-status|p2a: Starmie|brn
|
|-heal|p1a: Swampert|194\/404|[from] item: Leftovers
|-damage|p2a: Starmie|128\/261 brn|[from] brn
|turn|6
|
|switch|p1a: Hydreigon|Hydreigon, M|325\/325
|-damage|p1a: Hydreigon|285\/325|[from] Stealth Rock
|move|p2a: Starmie|Ice Beam|p1a: Hydreigon
|-supereffective|p1a: Hydreigon
|-damage|p1a: Hydreigon|0 fnt
|-damage|p2a: Starmie|102\/261 brn|[from] item: Life Orb
|faint|p1a: Hydreigon
|
|-damage|p2a: Starmie|70\/261 brn|[from] brn
|
|switch|p1a: Mienshao|Mienshao, M|271\/271
|-damage|p1a: Mienshao|255\/271|[from] Stealth Rock
|turn|7
|
|move|p1a: Mienshao|U-turn|p2a: Starmie
|-supereffective|p2a: Starmie
|-damage|p2a: Starmie|0 fnt
|faint|p2a: Starmie
|
|switch|p1a: Crobat|Crobat, M|373\/373
|-damage|p1a: Crobat|280\/373|[from] Stealth Rock
|
|
|switch|p2a: Jirachi|Jirachi|300\/404
|-damage|p2a: Jirachi|275\/404|[from] Stealth Rock
|turn|8
|
|move|p1a: Crobat|U-turn|p2a: Jirachi
|-damage|p2a: Jirachi|238\/404
|
|switch|p1a: Swampert|Swampert, F|194\/404
|-damage|p1a: Swampert|169\/404|[from] Stealth Rock
|move|p2a: Jirachi|U-turn|p1a: Swampert
|-damage|p1a: Swampert|122\/404
|
|switch|p2a: Beedrill|Beedrill, F|271\/271
|-damage|p2a: Beedrill|204\/271|[from] Stealth Rock
|
|-heal|p1a: Swampert|147\/404|[from] item: Leftovers
|turn|9
|
|detailschange|p2a: Beedrill|Beedrill-Mega, F
|message|Beedrill has Mega Evolved into Mega Beedrill!
|move|p2a: Beedrill|U-turn|p1a: Swampert
|-damage|p1a: Swampert|0 fnt
|faint|p1a: Swampert
|
|switch|p2a: Jirachi|Jirachi|238\/404
|-damage|p2a: Jirachi|213\/404|[from] Stealth Rock
|
|-heal|p2a: Jirachi|238\/404|[from] item: Leftovers
|
|switch|p1a: Mienshao|Mienshao, M|271\/271
|-damage|p1a: Mienshao|255\/271|[from] Stealth Rock
|turn|10
|
|move|p1a: Mienshao|Knock Off|p2a: Jirachi
|-supereffective|p2a: Jirachi
|-damage|p2a: Jirachi|64\/404
|-enditem|p2a: Jirachi|Leftovers|[from] move: Knock Off|[of] p1a: Mienshao
|move|p2a: Jirachi|U-turn|p1a: Mienshao
|-resisted|p1a: Mienshao
|-damage|p1a: Mienshao|217\/271
|
|switch|p2a: Slurpuff|Slurpuff, F|306\/306
|-damage|p2a: Slurpuff|268\/306|[from] Stealth Rock
|
|turn|11
|c|âfatboyfat|i think this was inevitable
|
|move|p1a: Mienshao|Knock Off|p2a: Slurpuff
|-resisted|p2a: Slurpuff
|-damage|p2a: Slurpuff|201\/306
|-enditem|p2a: Slurpuff|Sitrus Berry|[from] move: Knock Off|[of] p1a: Mienshao
|move|p2a: Slurpuff|Belly Drum|p2a: Slurpuff
|-damage|p2a: Slurpuff|48\/306
|-setboost|p2a: Slurpuff|atk|6|[from] move: Belly Drum
|
|turn|12
|
|move|p2a: Slurpuff|Drain Punch|p1a: Mienshao
|-damage|p1a: Mienshao|0 fnt
|-heal|p2a: Slurpuff|157\/306|[from] drain|[of] p1a: Mienshao
|faint|p1a: Mienshao
|
|
|switch|p1a: Roserade|Roserade, F|239\/262
|-damage|p1a: Roserade|207\/262|[from] Stealth Rock
|turn|13
|
|move|p2a: Slurpuff|Frustration|p1a: Roserade
|-damage|p1a: Roserade|0 fnt
|faint|p1a: Roserade
|
|
|switch|p1a: Gallade|Gallade, M|340\/340
|-damage|p1a: Gallade|319\/340|[from] Stealth Rock
|turn|14
|
|detailschange|p1a: Gallade|Gallade-Mega, M
|message|Gallade has Mega Evolved into Mega Gallade!
|move|p2a: Slurpuff|Frustration|p1a: Gallade
|-damage|p1a: Gallade|0 fnt
|faint|p1a: Gallade
|
|c|âxMario|gg
|
|switch|p1a: Crobat|Crobat, M|280\/373
|-damage|p1a: Crobat|187\/373|[from] Stealth Rock
|turn|15
|leave|proprioception
|c|âfatboyfat|gg
|
|move|p2a: Slurpuff|Frustration|p1a: Crobat
|-damage|p1a: Crobat|0 fnt
|faint|p1a: Crobat
|
|win|xMario