|join|xMario
|join|Sexy.Sadie
|player|p1|xMario|153
|player|p2|Sexy.Sadie|66
|gametype|singles
|gen|6
|tier|UU
|rule|Sleep Clause Mod: Limit one foe put to sleep
|rule|Species Clause: Limit one of each PokÃ©mon
|rule|OHKO Clause: OHKO moves are banned
|rule|Moody Clause: Moody is banned
|rule|Evasion Moves Clause: Evasion moves are banned
|rule|Endless Battle Clause: Forcing endless battles is banned
|rule|HP Percentage Mod: HP is shown in percentages
|clearpoke
|poke|p1|Celebi
|poke|p1|Hippowdon, M
|poke|p1|Tentacruel, F
|poke|p1|Jirachi
|poke|p1|Fletchinder, M
|poke|p1|Umbreon, F
|poke|p2|Whimsicott, M
|poke|p2|Blastoise, M
|poke|p2|Chandelure, F
|poke|p2|Drapion, M
|poke|p2|Bronzong
|poke|p2|Zygarde
|rule|Swagger Clause: Swagger is banned
|rule|Baton Pass Clause: Limit one PokÃ©mon knowing Baton Pass
|teampreview
|c|âxMario|GL again
|join|qkhbedh
|c|âSexy.Sadie|you too!
|
|start
|switch|p1a: Hippowdon|Hippowdon, M|417\/417
|switch|p2a: Zygarde|Zygarde|367\/367
|-ability|p2a: Zygarde|Aura Break
|-weather|Sandstorm
|turn|1
|
|move|p2a: Zygarde|Dragon Dance|p2a: Zygarde
|-boost|p2a: Zygarde|atk|1
|-boost|p2a: Zygarde|spe|1
|move|p1a: Hippowdon|Stealth Rock|p2a: Zygarde
|-sidestart|p2: Sexy.Sadie|move: Stealth Rock
|
|-weather|Sandstorm|[upkeep]
|turn|2
|
|move|p2a: Zygarde|Earthquake|p1a: Hippowdon
|-crit|p1a: Hippowdon
|-damage|p1a: Hippowdon|182\/417
|move|p1a: Hippowdon|Whirlwind|p2a: Zygarde
|drag|p2a: Whimsicott|Whimsicott, M|261\/261
|-damage|p2a: Whimsicott|229\/261|[from] Stealth Rock
|
|-weather|Sandstorm|[upkeep]
|-damage|p2a: Whimsicott|213\/261|[from] sandstorm
|-heal|p2a: Whimsicott|229\/261|[from] item: Leftovers
|turn|3
|
|switch|p1a: Tentacruel|Tentacruel, F|361\/361
|move|p2a: Whimsicott|U-turn|p1a: Tentacruel
|-resisted|p1a: Tentacruel
|-damage|p1a: Tentacruel|344\/361
|join|Mien Fist
|
|switch|p2a: Zygarde|Zygarde|367\/367
|-damage|p2a: Zygarde|345\/367|[from] Stealth Rock
|-ability|p2a: Zygarde|Aura Break
|
|-weather|Sandstorm|[upkeep]
|-damage|p1a: Tentacruel|322\/361|[from] sandstorm
|-heal|p1a: Tentacruel|344\/361|[from] item: Black Sludge
|turn|4
|
|switch|p1a: Jirachi|Jirachi|341\/341
|move|p2a: Zygarde|Earthquake|p1a: Jirachi
|-crit|p1a: Jirachi
|-supereffective|p1a: Jirachi
|-damage|p1a: Jirachi|0 fnt
|faint|p1a: Jirachi
|
|-weather|Sandstorm|[upkeep]
|c|âxMario|ow
|
|switch|p1a: Hippowdon|Hippowdon, M|182\/417
|turn|5
|c|âSexy.Sadie|oof soz
|
|move|p2a: Zygarde|Dragon Dance|p2a: Zygarde
|-boost|p2a: Zygarde|atk|1
|-boost|p2a: Zygarde|spe|1
|move|p1a: Hippowdon|Slack Off|p1a: Hippowdon
|-heal|p1a: Hippowdon|391\/417
|
|-weather|none
|turn|6
|
|move|p2a: Zygarde|Outrage|p1a: Hippowdon
|-damage|p1a: Hippowdon|217\/417
|-damage|p2a: Zygarde|284\/367|[from] item: Rocky Helmet|[of] p1a: Hippowdon
|move|p1a: Hippowdon|Whirlwind|p2a: Zygarde
|drag|p2a: Whimsicott|Whimsicott, M|229\/261
|-damage|p2a: Whimsicott|197\/261|[from] Stealth Rock
|
|-heal|p2a: Whimsicott|213\/261|[from] item: Leftovers
|turn|7
|
|switch|p1a: Tentacruel|Tentacruel, F|344\/361
|move|p2a: Whimsicott|U-turn|p1a: Tentacruel
|-resisted|p1a: Tentacruel
|-damage|p1a: Tentacruel|327\/361
|
|switch|p2a: Blastoise|Blastoise, M|358\/358
|-damage|p2a: Blastoise|314\/358|[from] Stealth Rock
|
|-heal|p1a: Tentacruel|349\/361|[from] item: Black Sludge
|turn|8
|
|detailschange|p2a: Blastoise|Blastoise-Mega, M
|message|Blastoise has Mega Evolved into Mega Blastoise!
|move|p1a: Tentacruel|Acid Spray|p2a: Blastoise
|-damage|p2a: Blastoise|277\/358
|-unboost|p2a: Blastoise|spd|2
|move|p2a: Blastoise|Rapid Spin|p1a: Tentacruel
|-damage|p1a: Tentacruel|335\/361
|-sideend|p2: Sexy.Sadie|Stealth Rock|[from] move: Rapid Spin|[of] p2a: Blastoise
|
|-heal|p1a: Tentacruel|357\/361|[from] item: Black Sludge
|turn|9
|
|switch|p2a: Bronzong|Bronzong|338\/338
|move|p1a: Tentacruel|Scald|p2a: Bronzong
|-damage|p2a: Bronzong|284\/338
|
|-heal|p1a: Tentacruel|361\/361|[from] item: Black Sludge
|-heal|p2a: Bronzong|305\/338|[from] item: Leftovers
|turn|10
|
|move|p1a: Tentacruel|Scald|p2a: Bronzong
|-damage|p2a: Bronzong|256\/338
|move|p2a: Bronzong|Stealth Rock|p1a: Tentacruel
|-sidestart|p1: xMario|move: Stealth Rock
|
|-heal|p2a: Bronzong|277\/338|[from] item: Leftovers
|turn|11
|
|switch|p2a: Drapion|Drapion, M|343\/343
|move|p1a: Tentacruel|Scald|p2a: Drapion
|-damage|p2a: Drapion|276\/343
|-status|p2a: Drapion|brn
|
|-heal|p2a: Drapion|297\/343 brn|[from] item: Black Sludge
|-damage|p2a: Drapion|255\/343 brn|[from] brn
|turn|12
|
|move|p1a: Tentacruel|Rapid Spin|p2a: Drapion
|-damage|p2a: Drapion|244\/343 brn
|-sideend|p1: xMario|Stealth Rock|[from] move: Rapid Spin|[of] p1a: Tentacruel
|move|p2a: Drapion|Knock Off|p1a: Tentacruel
|-damage|p1a: Tentacruel|315\/361
|-enditem|p1a: Tentacruel|Black Sludge|[from] move: Knock Off|[of] p2a: Drapion
|
|-heal|p2a: Drapion|265\/343 brn|[from] item: Black Sludge
|-damage|p2a: Drapion|223\/343 brn|[from] brn
|turn|13
|
|move|p1a: Tentacruel|Toxic Spikes|p2a: Drapion
|-sidestart|p2: Sexy.Sadie|move: Toxic Spikes
|move|p2a: Drapion|Toxic Spikes|p1a: Tentacruel
|-sidestart|p1: xMario|move: Toxic Spikes
|
|-heal|p2a: Drapion|244\/343 brn|[from] item: Black Sludge
|-damage|p2a: Drapion|202\/343 brn|[from] brn
|turn|14
|
|switch|p2a: Bronzong|Bronzong|277\/338
|move|p1a: Tentacruel|Rapid Spin|p2a: Bronzong
|-resisted|p2a: Bronzong
|-damage|p2a: Bronzong|273\/338
|-sideend|p1: xMario|Toxic Spikes|[from] move: Rapid Spin|[of] p1a: Tentacruel
|
|-heal|p2a: Bronzong|294\/338|[from] item: Leftovers
|turn|15
|
|switch|p2a: Drapion|Drapion, M|202\/343 brn
|-sideend|p2: Sexy.Sadie|move: Toxic Spikes|[of] p2a: Drapion
|move|p1a: Tentacruel|Scald|p2a: Drapion
|-damage|p2a: Drapion|133\/343 brn
|
|-heal|p2a: Drapion|154\/343 brn|[from] item: Black Sludge
|-damage|p2a: Drapion|112\/343 brn|[from] brn
|turn|16
|
|switch|p2a: Zygarde|Zygarde|284\/367
|-ability|p2a: Zygarde|Aura Break
|move|p1a: Tentacruel|Toxic Spikes|p2a: Zygarde
|-sidestart|p2: Sexy.Sadie|move: Toxic Spikes
|
|turn|17
|
|switch|p1a: Hippowdon|Hippowdon, M|217\/417
|-weather|Sandstorm
|move|p2a: Zygarde|Dragon Dance|p2a: Zygarde
|-boost|p2a: Zygarde|atk|1
|-boost|p2a: Zygarde|spe|1
|
|-weather|Sandstorm|[upkeep]
|turn|18
|
|move|p2a: Zygarde|Dragon Dance|p2a: Zygarde
|-boost|p2a: Zygarde|atk|1
|-boost|p2a: Zygarde|spe|1
|move|p1a: Hippowdon|Slack Off|p1a: Hippowdon
|-heal|p1a: Hippowdon|417\/417
|
|-weather|Sandstorm|[upkeep]
|turn|19
|
|move|p2a: Zygarde|Earthquake|p1a: Hippowdon
|-damage|p1a: Hippowdon|206\/417
|move|p1a: Hippowdon|Whirlwind|p2a: Zygarde
|drag|p2a: Whimsicott|Whimsicott, M|213\/261
|-status|p2a: Whimsicott|psn
|
|-weather|Sandstorm|[upkeep]
|-damage|p2a: Whimsicott|197\/261 psn|[from] sandstorm
|-heal|p2a: Whimsicott|213\/261 psn|[from] item: Leftovers
|-damage|p2a: Whimsicott|181\/261 psn|[from] psn
|turn|20
|
|switch|p1a: Tentacruel|Tentacruel, F|315\/361
|move|p2a: Whimsicott|Giga Drain|p1a: Tentacruel
|-damage|p1a: Tentacruel|233\/361
|-damage|p2a: Whimsicott|140\/261 psn|[from] ability: Liquid Ooze|[of] p1a: Tentacruel
|
|-weather|Sandstorm|[upkeep]
|-damage|p2a: Whimsicott|124\/261 psn|[from] sandstorm
|-damage|p1a: Tentacruel|211\/361|[from] sandstorm
|-heal|p2a: Whimsicott|140\/261 psn|[from] item: Leftovers
|-damage|p2a: Whimsicott|108\/261 psn|[from] psn
|turn|21
|
|move|p2a: Whimsicott|U-turn|p1a: Tentacruel
|-resisted|p1a: Tentacruel
|-damage|p1a: Tentacruel|193\/361
|
|switch|p2a: Bronzong|Bronzong|294\/338
|move|p1a: Tentacruel|Scald|p2a: Bronzong
|-damage|p2a: Bronzong|243\/338
|-status|p2a: Bronzong|brn
|
|-weather|none
|-heal|p2a: Bronzong|264\/338 brn|[from] item: Leftovers
|-damage|p2a: Bronzong|222\/338 brn|[from] brn
|turn|22
|
|switch|p1a: Celebi|Celebi|342\/342
|move|p2a: Bronzong|Earthquake|p1a: Celebi
|-resisted|p1a: Celebi
|-damage|p1a: Celebi|323\/342
|
|-heal|p2a: Bronzong|243\/338 brn|[from] item: Leftovers
|-damage|p2a: Bronzong|201\/338 brn|[from] brn
|turn|23
|
|move|p1a: Celebi|Nasty Plot|p1a: Celebi
|-boost|p1a: Celebi|spa|2
|move|p2a: Bronzong|Stealth Rock|p1a: Celebi
|-sidestart|p1: xMario|move: Stealth Rock
|
|-heal|p2a: Bronzong|222\/338 brn|[from] item: Leftovers
|-damage|p2a: Bronzong|180\/338 brn|[from] brn
|turn|24
|
|move|p1a: Celebi|Giga Drain|p2a: Bronzong
|-resisted|p2a: Bronzong
|-damage|p2a: Bronzong|90\/338 brn
|-heal|p1a: Celebi|342\/342|[from] drain|[of] p2a: Bronzong
|-damage|p1a: Celebi|308\/342|[from] item: Life Orb
|move|p2a: Bronzong|Toxic|p1a: Celebi
|-status|p1a: Celebi|tox
|
|-heal|p2a: Bronzong|111\/338 brn|[from] item: Leftovers
|-damage|p1a: Celebi|287\/342 tox|[from] psn
|-damage|p2a: Bronzong|69\/338 brn|[from] brn
|turn|25
|
|switch|p2a: Drapion|Drapion, M|112\/343 brn
|-sideend|p2: Sexy.Sadie|move: Toxic Spikes|[of] p2a: Drapion
|move|p1a: Celebi|Giga Drain|p2a: Drapion
|-resisted|p2a: Drapion
|-damage|p2a: Drapion|0 fnt
|-heal|p1a: Celebi|342\/342 tox|[from] drain|[of] p2a: Drapion
|-damage|p1a: Celebi|308\/342 tox|[from] item: Life Orb
|faint|p2a: Drapion
|
|-damage|p1a: Celebi|266\/342 tox|[from] psn
|
|switch|p2a: Chandelure|Chandelure, F|261\/261
|turn|26
|
|switch|p1a: Umbreon|Umbreon, F|394\/394
|-damage|p1a: Umbreon|345\/394|[from] Stealth Rock
|move|p2a: Chandelure|Shadow Ball|p1a: Umbreon
|-resisted|p1a: Umbreon
|-damage|p1a: Umbreon|297\/394
|
|-heal|p1a: Umbreon|321\/394|[from] item: Leftovers
|turn|27
|
|switch|p2a: Blastoise|Blastoise-Mega, M|277\/358
|move|p1a: Umbreon|Wish|p1a: Umbreon
|
|-heal|p1a: Umbreon|345\/394|[from] item: Leftovers
|turn|28
|
|move|p1a: Umbreon|Foul Play|p2a: Blastoise
|-crit|p2a: Blastoise
|-damage|p2a: Blastoise|160\/358
|move|p2a: Blastoise|Roar|p1a: Umbreon
|drag|p1a: Hippowdon|Hippowdon, M|206\/417
|-damage|p1a: Hippowdon|180\/417|[from] Stealth Rock
|-weather|Sandstorm
|
|-weather|Sandstorm|[upkeep]
|-damage|p2a: Blastoise|138\/358|[from] sandstorm
|-heal|p1a: Hippowdon|377\/417|[from] move: Wish|[wisher] Umbreon
|turn|29
|
|switch|p1a: Celebi|Celebi|266\/342
|-damage|p1a: Celebi|224\/342|[from] Stealth Rock
|move|p2a: Blastoise|Scald|p1a: Celebi
|-resisted|p1a: Celebi
|-damage|p1a: Celebi|161\/342
|-status|p1a: Celebi|brn
|
|-weather|Sandstorm|[upkeep]
|-damage|p1a: Celebi|140\/342 brn|[from] sandstorm
|-damage|p2a: Blastoise|116\/358|[from] sandstorm
|-damage|p1a: Celebi|98\/342 brn|[from] brn
|turn|30
|
|switch|p2a: Chandelure|Chandelure, F|261\/261
|move|p1a: Celebi|Recover|p1a: Celebi
|-heal|p1a: Celebi|269\/342 brn
|
|-weather|Sandstorm|[upkeep]
|-damage|p2a: Chandelure|245\/261|[from] sandstorm
|-damage|p1a: Celebi|248\/342 brn|[from] sandstorm
|-damage|p1a: Celebi|206\/342 brn|[from] brn
|turn|31
|
|switch|p1a: Umbreon|Umbreon, F|345\/394
|-damage|p1a: Umbreon|296\/394|[from] Stealth Rock
|move|p2a: Chandelure|Trick|p1a: Umbreon
|-activate|p2a: Chandelure|move: Trick|[of] p1a: Umbreon
|-item|p1a: Umbreon|Choice Scarf|[from] move: Trick
|-item|p2a: Chandelure|Leftovers|[from] move: Trick
|
|-weather|Sandstorm|[upkeep]
|-damage|p2a: Chandelure|229\/261|[from] sandstorm
|-damage|p1a: Umbreon|272\/394|[from] sandstorm
|-heal|p2a: Chandelure|245\/261|[from] item: Leftovers
|turn|32
|
|switch|p2a: Bronzong|Bronzong|69\/338 brn
|move|p1a: Umbreon|Wish|p1a: Umbreon
|
|-weather|none
|-heal|p2a: Bronzong|90\/338 brn|[from] item: Leftovers
|-damage|p2a: Bronzong|48\/338 brn|[from] brn
|turn|33
|
|switch|p1a: Celebi|Celebi|206\/342
|-damage|p1a: Celebi|164\/342|[from] Stealth Rock
|switch|p2a: Zygarde|Zygarde|284\/367
|-ability|p2a: Zygarde|Aura Break
|
|-heal|p1a: Celebi|342\/342|[from] move: Wish|[wisher] Umbreon
|turn|34
|
|move|p1a: Celebi|Nasty Plot|p1a: Celebi
|-boost|p1a: Celebi|spa|2
|move|p2a: Zygarde|Dragon Dance|p2a: Zygarde
|-boost|p2a: Zygarde|atk|1
|-boost|p2a: Zygarde|spe|1
|
|turn|35
|
|switch|p2a: Bronzong|Bronzong|48\/338 brn
|move|p1a: Celebi|Giga Drain|p2a: Bronzong
|-crit|p2a: Bronzong
|-resisted|p2a: Bronzong
|-damage|p2a: Bronzong|0 fnt
|-damage|p1a: Celebi|308\/342|[from] item: Life Orb
|faint|p2a: Bronzong
|
|
|switch|p2a: Chandelure|Chandelure, F|245\/261
|turn|36
|
|move|p1a: Celebi|Psychic|p2a: Chandelure
|-damage|p2a: Chandelure|0 fnt
|-damage|p1a: Celebi|274\/342|[from] item: Life Orb
|faint|p2a: Chandelure
|
|c|âSexy.Sadie|ah gg
|
|switch|p2a: Zygarde|Zygarde|284\/367
|-ability|p2a: Zygarde|Aura Break
|turn|37
|c|âxMario|GG
|
|move|p1a: Celebi|Psychic|p2a: Zygarde
|-damage|p2a: Zygarde|0 fnt
|-damage|p1a: Celebi|240\/342|[from] item: Life Orb
|faint|p2a: Zygarde
|
|
|switch|p2a: Whimsicott|Whimsicott, M|108\/261 psn
|turn|38
|
|move|p2a: Whimsicott|U-turn|p1a: Celebi
|-supereffective|p1a: Celebi
|-damage|p1a: Celebi|84\/342
|
|switch|p2a: Blastoise|Blastoise-Mega, M|116\/358
|move|p1a: Celebi|Giga Drain|p2a: Blastoise
|-supereffective|p2a: Blastoise
|-damage|p2a: Blastoise|0 fnt
|-heal|p1a: Celebi|142\/342|[from] drain|[of] p2a: Blastoise
|-damage|p1a: Celebi|108\/342|[from] item: Life Orb
|faint|p2a: Blastoise
|
|
|switch|p2a: Whimsicott|Whimsicott, M|108\/261 psn
|turn|39
|
|switch|p1a: Hippowdon|Hippowdon, M|377\/417
|-damage|p1a: Hippowdon|351\/417|[from] Stealth Rock
|-weather|Sandstorm
|move|p2a: Whimsicott|U-turn|p1a: Hippowdon
|-damage|p1a: Hippowdon|329\/417
|-damage|p2a: Whimsicott|65\/261 psn|[from] item: Rocky Helmet|[of] p1a: Hippowdon
|
|-weather|Sandstorm|[upkeep]
|-damage|p2a: Whimsicott|49\/261 psn|[from] sandstorm
|-heal|p2a: Whimsicott|65\/261 psn|[from] item: Leftovers
|-damage|p2a: Whimsicott|33\/261 psn|[from] psn
|turn|40
|
|switch|p1a: Tentacruel|Tentacruel, F|193\/361
|-damage|p1a: Tentacruel|148\/361|[from] Stealth Rock
|move|p2a: Whimsicott|Giga Drain|p1a: Tentacruel
|-crit|p1a: Tentacruel
|-damage|p1a: Tentacruel|25\/361
|-damage|p2a: Whimsicott|0 fnt|[from] ability: Liquid Ooze|[of] p1a: Tentacruel
|faint|p2a: Whimsicott
|
|win|xMario