|join|xMario
|join|Psychotic
|player|p1|xMario|153
|player|p2|Psychotic|253
|gametype|singles
|gen|6
|tier|UU
|rule|Sleep Clause Mod: Limit one foe put to sleep
|rule|Species Clause: Limit one of each PokÃ©mon
|rule|OHKO Clause: OHKO moves are banned
|rule|Moody Clause: Moody is banned
|rule|Evasion Moves Clause: Evasion moves are banned
|rule|Endless Battle Clause: Forcing endless battles is banned
|rule|HP Percentage Mod: HP is shown in percentages
|clearpoke
|poke|p1|Celebi
|poke|p1|Hippowdon, F
|poke|p1|Tentacruel, F
|poke|p1|Jirachi
|poke|p1|Fletchinder, M
|poke|p1|Umbreon, F
|poke|p2|Beedrill, M
|poke|p2|Gligar, F
|poke|p2|Hydreigon, F
|poke|p2|Mienshao, F
|poke|p2|Jirachi
|poke|p2|Whimsicott, M
|rule|Swagger Clause: Swagger is banned
|rule|Baton Pass Clause: Limit one PokÃ©mon knowing Baton Pass
|teampreview
|c|âxMario|dam
|join|Qwilphish
|join|bouff
|join|Mengde
|c|âxMario|6 u-turners
|c|âxMario|that is Kinda annoying
|c|âPsychotic|damn
|c|âPsychotic|one mon that beats them all
|c|âPsychotic|G_G
|c|âPsychotic|i cant touch fletch
|c|âPsychotic|literally impossible
|c|âxMario|i thought u were talking about hippowdon
|c|âxMario|because hippowdon beats every1
|c|âxMario|:]
|
|start
|switch|p1a: Hippowdon|Hippowdon, F|417\/417
|switch|p2a: Jirachi|Jirachi|404\/404
|-weather|Sandstorm
|turn|1
|
|move|p2a: Jirachi|U-turn|p1a: Hippowdon
|-damage|p1a: Hippowdon|384\/417
|-damage|p2a: Jirachi|337\/404|[from] item: Rocky Helmet|[of] p1a: Hippowdon
|
|switch|p2a: Gligar|Gligar, F|334\/334
|move|p1a: Hippowdon|Stealth Rock|p2a: Gligar
|-sidestart|p2: Psychotic|move: Stealth Rock
|
|-weather|Sandstorm|[upkeep]
|turn|2
|
|switch|p1a: Celebi|Celebi|342\/342
|move|p2a: Gligar|Defog|p1a: Celebi
|-unboost|p1a: Celebi|evasion|1
|-sideend|p2: Psychotic|Stealth Rock|[from] move: Defog|[of] p2a: Gligar
|
|-weather|Sandstorm|[upkeep]
|-damage|p1a: Celebi|321\/342|[from] sandstorm
|turn|3
|c|âPsychotic|naw i str8 lose to fletch
|
|move|p1a: Celebi|Psychic|p2a: Gligar
|-crit|p2a: Gligar
|-damage|p2a: Gligar|166\/334
|-damage|p1a: Celebi|287\/342|[from] item: Life Orb
|move|p2a: Gligar|U-turn|p1a: Celebi
|-supereffective|p1a: Celebi
|-damage|p1a: Celebi|103\/342
|c|âxMario|ah
|c|âxMario|the spdef gligar is here
|
|switch|p2a: Mienshao|Mienshao, F|271\/271
|
|-weather|Sandstorm|[upkeep]
|-damage|p2a: Mienshao|255\/271|[from] sandstorm
|-damage|p1a: Celebi|82\/342|[from] sandstorm
|turn|4
|
|switch|p1a: Hippowdon|Hippowdon, F|384\/417
|move|p2a: Mienshao|U-turn|p1a: Hippowdon
|-damage|p1a: Hippowdon|328\/417
|-damage|p2a: Mienshao|210\/271|[from] item: Rocky Helmet|[of] p1a: Hippowdon
|
|switch|p2a: Hydreigon|Hydreigon, F|325\/325
|
|-weather|Sandstorm|[upkeep]
|-damage|p2a: Hydreigon|305\/325|[from] sandstorm
|turn|5
|
|switch|p1a: Umbreon|Umbreon, F|394\/394
|move|p2a: Hydreigon|Draco Meteor|p1a: Umbreon
|-damage|p1a: Umbreon|175\/394
|-unboost|p2a: Hydreigon|spa|2
|
|-weather|none
|-heal|p1a: Umbreon|199\/394|[from] item: Leftovers
|turn|6
|
|switch|p2a: Beedrill|Beedrill, M|272\/272
|move|p1a: Umbreon|Wish|p1a: Umbreon
|
|-heal|p1a: Umbreon|223\/394|[from] item: Leftovers
|turn|7
|
|detailschange|p2a: Beedrill|Beedrill-Mega, M
|message|Beedrill has Mega Evolved into Mega Beedrill!
|move|p1a: Umbreon|Protect|p1a: Umbreon
|-singleturn|p1a: Umbreon|Protect
|move|p2a: Beedrill|Knock Off|p1a: Umbreon
|-activate|p1a: Umbreon|Protect
|
|-heal|p1a: Umbreon|394\/394|[from] move: Wish|[wisher] Umbreon
|turn|8
|
|switch|p1a: Hippowdon|Hippowdon, F|328\/417
|-weather|Sandstorm
|move|p2a: Beedrill|U-turn|p1a: Hippowdon
|-damage|p1a: Hippowdon|202\/417
|-damage|p2a: Beedrill|227\/272|[from] item: Rocky Helmet|[of] p1a: Hippowdon
|
|switch|p2a: Hydreigon|Hydreigon, F|305\/325
|
|-weather|Sandstorm|[upkeep]
|-damage|p2a: Hydreigon|285\/325|[from] sandstorm
|turn|9
|
|switch|p1a: Umbreon|Umbreon, F|394\/394
|move|p2a: Hydreigon|Draco Meteor|p1a: Umbreon
|-damage|p1a: Umbreon|198\/394
|-unboost|p2a: Hydreigon|spa|2
|
|-weather|Sandstorm|[upkeep]
|-damage|p2a: Hydreigon|265\/325|[from] sandstorm
|-damage|p1a: Umbreon|174\/394|[from] sandstorm
|-heal|p1a: Umbreon|198\/394|[from] item: Leftovers
|turn|10
|
|switch|p2a: Jirachi|Jirachi|337\/404
|move|p1a: Umbreon|Foul Play|p2a: Jirachi
|-supereffective|p2a: Jirachi
|-damage|p2a: Jirachi|95\/404
|
|-weather|Sandstorm|[upkeep]
|-damage|p1a: Umbreon|174\/394|[from] sandstorm
|-heal|p2a: Jirachi|120\/404|[from] item: Leftovers
|-heal|p1a: Umbreon|198\/394|[from] item: Leftovers
|turn|11
|c| Mengde|no Focus Blast on Hydreigon?
|c| Mengde|I'm am disappoint
|c|âPsychotic|no reason to focus blast right now
|c|âxMario|rip
|
|move|p1a: Umbreon|Protect|p1a: Umbreon
|-singleturn|p1a: Umbreon|Protect
|move|p2a: Jirachi|Stealth Rock|p1a: Umbreon
|-sidestart|p1: xMario|move: Stealth Rock
|
|-weather|Sandstorm|[upkeep]
|-damage|p1a: Umbreon|174\/394|[from] sandstorm
|-heal|p2a: Jirachi|145\/404|[from] item: Leftovers
|-heal|p1a: Umbreon|198\/394|[from] item: Leftovers
|turn|12
|c|âxMario|ah
|c|âxMario|why'd i do this
|
|move|p2a: Jirachi|U-turn|p1a: Umbreon
|-supereffective|p1a: Umbreon
|-damage|p1a: Umbreon|86\/394
|
|switch|p2a: Mienshao|Mienshao, F|271\/271
|move|p1a: Umbreon|Foul Play|p2a: Mienshao
|-resisted|p2a: Mienshao
|-damage|p2a: Mienshao|143\/271
|
|-weather|none
|-heal|p1a: Umbreon|110\/394|[from] item: Leftovers
|turn|13
|
|move|p1a: Umbreon|Protect|p1a: Umbreon
|-singleturn|p1a: Umbreon|Protect
|move|p2a: Mienshao|U-turn|p1a: Umbreon
|-activate|p1a: Umbreon|Protect
|
|-heal|p1a: Umbreon|134\/394|[from] item: Leftovers
|turn|14
|
|switch|p1a: Tentacruel|Tentacruel, F|361\/361
|-damage|p1a: Tentacruel|316\/361|[from] Stealth Rock
|move|p2a: Mienshao|U-turn|p1a: Tentacruel
|-crit|p1a: Tentacruel
|-resisted|p1a: Tentacruel
|-damage|p1a: Tentacruel|261\/361
|
|switch|p2a: Beedrill|Beedrill-Mega, M|227\/272
|
|-heal|p1a: Tentacruel|283\/361|[from] item: Black Sludge
|turn|15
|
|move|p2a: Beedrill|Knock Off|p1a: Tentacruel
|-damage|p1a: Tentacruel|140\/361
|-enditem|p1a: Tentacruel|Black Sludge|[from] move: Knock Off|[of] p2a: Beedrill
|move|p1a: Tentacruel|Rapid Spin|p2a: Beedrill
|-damage|p2a: Beedrill|205\/272
|-sideend|p1: xMario|Stealth Rock|[from] move: Rapid Spin|[of] p1a: Tentacruel
|
|turn|16
|
|move|p2a: Beedrill|U-turn|p1a: Tentacruel
|-resisted|p1a: Tentacruel
|-damage|p1a: Tentacruel|49\/361
|
|switch|p2a: Jirachi|Jirachi|145\/404
|move|p1a: Tentacruel|Scald|p2a: Jirachi
|-damage|p2a: Jirachi|85\/404
|-status|p2a: Jirachi|brn
|
|-heal|p2a: Jirachi|110\/404 brn|[from] item: Leftovers
|-damage|p2a: Jirachi|60\/404 brn|[from] brn
|turn|17
|c|âPsychotic|damn
|c|âxMario|sry
|c|âPsychotic|i dun goofed
|
|move|p2a: Jirachi|Wish|p2a: Jirachi
|move|p1a: Tentacruel|Rapid Spin|p2a: Jirachi
|-resisted|p2a: Jirachi
|-damage|p2a: Jirachi|55\/404 brn
|
|-heal|p2a: Jirachi|80\/404 brn|[from] item: Leftovers
|-damage|p2a: Jirachi|30\/404 brn|[from] brn
|turn|18
|
|switch|p1a: Hippowdon|Hippowdon, F|202\/417
|-weather|Sandstorm
|move|p2a: Jirachi|Stealth Rock|p1a: Hippowdon
|-sidestart|p1: xMario|move: Stealth Rock
|
|-weather|Sandstorm|[upkeep]
|-heal|p2a: Jirachi|232\/404 brn|[from] move: Wish|[wisher] Jirachi
|-heal|p2a: Jirachi|257\/404 brn|[from] item: Leftovers
|-damage|p2a: Jirachi|207\/404 brn|[from] brn
|turn|19
|c|âxMario|ffffff
|
|move|p2a: Jirachi|U-turn|p1a: Hippowdon
|-damage|p1a: Hippowdon|183\/417
|-damage|p2a: Jirachi|140\/404 brn|[from] item: Rocky Helmet|[of] p1a: Hippowdon
|
|switch|p2a: Whimsicott|Whimsicott, M|324\/324
|move|p1a: Hippowdon|Stealth Rock|p2a: Whimsicott
|-sidestart|p2: Psychotic|move: Stealth Rock
|
|-weather|Sandstorm|[upkeep]
|-damage|p2a: Whimsicott|304\/324|[from] sandstorm
|-heal|p2a: Whimsicott|324\/324|[from] item: Leftovers
|turn|20
|
|switch|p1a: Jirachi|Jirachi|341\/341
|-damage|p1a: Jirachi|320\/341|[from] Stealth Rock
|move|p2a: Whimsicott|U-turn|p1a: Jirachi
|-damage|p1a: Jirachi|282\/341
|
|switch|p2a: Mienshao|Mienshao, F|233\/271
|-damage|p2a: Mienshao|217\/271|[from] Stealth Rock
|
|-weather|Sandstorm|[upkeep]
|-damage|p2a: Mienshao|201\/271|[from] sandstorm
|turn|21
|
|move|p2a: Mienshao|High Jump Kick|p1a: Jirachi|[miss]
|-miss|p2a: Mienshao|p1a: Jirachi
|-damage|p2a: Mienshao|66\/271|[from] highjumpkick
|move|p1a: Jirachi|Iron Head|p2a: Mienshao
|-damage|p2a: Mienshao|0 fnt
|faint|p2a: Mienshao
|
|-weather|Sandstorm|[upkeep]
|c|âxMario|o
|c|âxMario|it survives though
|c|âxMario|oO
|c|âxMario|if it was reckless
|c|âxMario|i'd have switched
|c|âxMario|n_n
|c|âPsychotic|would i survive iron head
|c|âPsychotic|idk
|c|âPsychotic|probably
|
|switch|p2a: Whimsicott|Whimsicott, M|324\/324
|-damage|p2a: Whimsicott|284\/324|[from] Stealth Rock
|turn|22
|c|âxMario|hm yea
|c| Mengde|not if he's max Jolly
|c|âPsychotic|u sure?
|c| Mengde|idk what kindof of 'rachi that is
|c|âPsychotic|i thought it did
|c|âPsychotic|for some reason
|join|Samsung2310
|c|âxMario|it's an unique spread
|c| Mengde|I have killed Mien with Scarf Iron Head
|c|âPsychotic|w\/e i haxed you y\/day
|c|âxMario|i have 280 atk
|c|âPsychotic|last game
|c|âPsychotic|i mean
|c| Mengde|huh
|c| Mengde|doubt that's enough, then
|c|âPsychotic|i said i got what was coming to me for haxing you lol
|
|switch|p1a: Celebi|Celebi|82\/342
|-damage|p1a: Celebi|40\/342|[from] Stealth Rock
|switch|p2a: Jirachi|Jirachi|140\/404 brn
|-damage|p2a: Jirachi|115\/404 brn|[from] Stealth Rock
|
|-weather|none
|-heal|p2a: Jirachi|140\/404 brn|[from] item: Leftovers
|-damage|p2a: Jirachi|90\/404 brn|[from] brn
|turn|23
|
|move|p1a: Celebi|Giga Drain|p2a: Jirachi
|-resisted|p2a: Jirachi
|-damage|p2a: Jirachi|33\/404 brn
|-heal|p1a: Celebi|69\/342|[from] drain|[of] p2a: Jirachi
|-damage|p1a: Celebi|35\/342|[from] item: Life Orb
|move|p2a: Jirachi|U-turn|p1a: Celebi
|-supereffective|p1a: Celebi
|-damage|p1a: Celebi|0 fnt
|faint|p1a: Celebi
|c|âxMario|celebi is pretty weak tbh
|join|SOMALIA
|
|switch|p2a: Whimsicott|Whimsicott, M|284\/324
|-damage|p2a: Whimsicott|244\/324|[from] Stealth Rock
|
|-heal|p2a: Whimsicott|264\/324|[from] item: Leftovers
|
|switch|p1a: Jirachi|Jirachi|282\/341
|-damage|p1a: Jirachi|261\/341|[from] Stealth Rock
|turn|24
|c|âPsychotic|Hmmmmmmmmmm
|c|âxMario|u are about to miss stun spore
|c|âxMario|and realize how it sux
|c|âxMario|o_O
|c| Mengde|no
|
|switch|p2a: Jirachi|Jirachi|33\/404 brn
|-damage|p2a: Jirachi|8\/404 brn|[from] Stealth Rock
|move|p1a: Jirachi|Iron Head|p2a: Jirachi
|-crit|p2a: Jirachi
|-resisted|p2a: Jirachi
|-damage|p2a: Jirachi|0 fnt
|faint|p2a: Jirachi
|
|join|IronBullet93
|c| Mengde|he needs to save Whim
|c|âPsychotic|i do
|c| Mengde|to Stun Spore Fletchinder
|c| Mengde|it is his ONLY chance
|join|paco2
|c|âPsychotic|only way for me to beat fletch lol
|join|Partially Abused
|
|switch|p2a: Gligar|Gligar, F|166\/334
|-damage|p2a: Gligar|125\/334|[from] Stealth Rock
|turn|25
|c|âxMario|hm
|c|âxMario|do u outspeed fletch
|
|move|p1a: Jirachi|Iron Head|p2a: Gligar
|-damage|p2a: Gligar|47\/334
|move|p2a: Gligar|Roost|p2a: Gligar
|-heal|p2a: Gligar|214\/334
|
|turn|26
|leave|Samsung2310
|
|switch|p1a: Tentacruel|Tentacruel, F|49\/361
|-damage|p1a: Tentacruel|4\/361|[from] Stealth Rock
|move|p2a: Gligar|Roost|p2a: Gligar
|-heal|p2a: Gligar|334\/334
|
|turn|27
|c|âPsychotic|ezz
|c|âPsychotic|damn
|
|move|p1a: Tentacruel|Rapid Spin|p2a: Gligar
|-damage|p2a: Gligar|327\/334
|-sideend|p1: xMario|Stealth Rock|[from] move: Rapid Spin|[of] p1a: Tentacruel
|move|p2a: Gligar|Defog|p1a: Tentacruel
|-unboost|p1a: Tentacruel|evasion|1
|-sideend|p2: Psychotic|Stealth Rock|[from] move: Defog|[of] p2a: Gligar
|
|turn|28
|
|move|p1a: Tentacruel|Scald|p2a: Gligar
|-supereffective|p2a: Gligar
|-damage|p2a: Gligar|223\/334
|move|p2a: Gligar|Earthquake|p1a: Tentacruel
|-supereffective|p1a: Tentacruel
|-damage|p1a: Tentacruel|0 fnt
|faint|p1a: Tentacruel
|
|
|switch|p1a: Jirachi|Jirachi|261\/341
|turn|29
|
|move|p1a: Jirachi|Ice Punch|p2a: Gligar
|-supereffective|p2a: Gligar
|-damage|p2a: Gligar|31\/334
|move|p2a: Gligar|Roost|p2a: Gligar
|-heal|p2a: Gligar|198\/334
|
|turn|30
|
|move|p1a: Jirachi|Ice Punch|p2a: Gligar
|-supereffective|p2a: Gligar
|-damage|p2a: Gligar|10\/334
|-status|p2a: Gligar|frz
|cant|p2a: Gligar|frz
|
|turn|31
|c|âxMario|ah
|c|âPsychotic|gg
|c| Partially Abused|ghjnkmlmn
|leave|Mengde
|c|âPsychotic|i cant do shit to fletch
|c|âxMario|serene gayce
|
|move|p1a: Jirachi|Ice Punch|p2a: Gligar
|-supereffective|p2a: Gligar
|-damage|p2a: Gligar|0 fnt
|faint|p2a: Gligar
|
|c|âxMario|yes, fletch is pretty good
|
|switch|p2a: Beedrill|Beedrill-Mega, M|205\/272
|turn|32
|
|switch|p1a: Hippowdon|Hippowdon, F|183\/417
|-weather|Sandstorm
|move|p2a: Beedrill|Knock Off|p1a: Hippowdon
|-damage|p1a: Hippowdon|95\/417
|-damage|p2a: Beedrill|160\/272|[from] item: Rocky Helmet|[of] p1a: Hippowdon
|-enditem|p1a: Hippowdon|Rocky Helmet|[from] move: Knock Off|[of] p2a: Beedrill
|
|-weather|Sandstorm|[upkeep]
|-damage|p2a: Beedrill|143\/272|[from] sandstorm
|turn|33
|
|move|p2a: Beedrill|U-turn|p1a: Hippowdon
|-damage|p1a: Hippowdon|0 fnt
|faint|p1a: Hippowdon
|
|switch|p2a: Whimsicott|Whimsicott, M|264\/324
|
|-weather|Sandstorm|[upkeep]
|-damage|p2a: Whimsicott|244\/324|[from] sandstorm
|-heal|p2a: Whimsicott|264\/324|[from] item: Leftovers
|
|switch|p1a: Jirachi|Jirachi|261\/341
|turn|34
|
|switch|p1a: Umbreon|Umbreon, F|134\/394
|move|p2a: Whimsicott|U-turn|p1a: Umbreon
|-supereffective|p1a: Umbreon
|-damage|p1a: Umbreon|66\/394
|c|âxMario|wat
|c|âPsychotic|PlAyZ
|
|switch|p2a: Beedrill|Beedrill-Mega, M|143\/272
|
|-weather|Sandstorm|[upkeep]
|-damage|p2a: Beedrill|126\/272|[from] sandstorm
|-damage|p1a: Umbreon|42\/394|[from] sandstorm
|-heal|p1a: Umbreon|66\/394|[from] item: Leftovers
|turn|35
|c|âxMario|that was not (synchro)nice :\/
|
|move|p1a: Umbreon|Protect|p1a: Umbreon
|-singleturn|p1a: Umbreon|Protect
|move|p2a: Beedrill|Poison Jab|p1a: Umbreon
|-activate|p1a: Umbreon|Protect
|
|-weather|Sandstorm|[upkeep]
|-damage|p2a: Beedrill|109\/272|[from] sandstorm
|-damage|p1a: Umbreon|42\/394|[from] sandstorm
|-heal|p1a: Umbreon|66\/394|[from] item: Leftovers
|turn|36
|
|move|p2a: Beedrill|Poison Jab|p1a: Umbreon
|-damage|p1a: Umbreon|0 fnt
|faint|p1a: Umbreon
|
|-weather|none
|
|switch|p1a: Fletchinder|Fletchinder, M|291\/291
|turn|37
|
|move|p1a: Fletchinder|Acrobatics|p2a: Beedrill
|-supereffective|p2a: Beedrill
|-damage|p2a: Beedrill|0 fnt
|faint|p2a: Beedrill
|
|
|switch|p2a: Hydreigon|Hydreigon, F|265\/325
|turn|38
|
|move|p1a: Fletchinder|Acrobatics|p2a: Hydreigon
|-damage|p2a: Hydreigon|103\/325
|move|p2a: Hydreigon|Dark Pulse|p1a: Fletchinder
|-damage|p1a: Fletchinder|0 fnt
|faint|p1a: Fletchinder
|
|
|switch|p1a: Jirachi|Jirachi|261\/341
|turn|39
|
|move|p1a: Jirachi|Iron Head|p2a: Hydreigon
|-damage|p2a: Hydreigon|0 fnt
|faint|p2a: Hydreigon
|
|c|âPsychotic|gg
|
|switch|p2a: Whimsicott|Whimsicott, M|264\/324
|turn|40
|c|âxMario|g_g
|
|move|p2a: Whimsicott|Encore|p1a: Jirachi
|-start|p1a: Jirachi|Encore
|move|p1a: Jirachi|Iron Head|p2a: Whimsicott
|-supereffective|p2a: Whimsicott
|-damage|p2a: Whimsicott|58\/324
|
|-heal|p2a: Whimsicott|78\/324|[from] item: Leftovers
|turn|41
|c|âPsychotic|don even have
|c|âPsychotic|stun spore
|c|âPsychotic|:(
|c|âxMario|funnE
|
|move|p1a: Jirachi|Iron Head|p2a: Whimsicott
|-supereffective|p2a: Whimsicott
|-damage|p2a: Whimsicott|0 fnt
|faint|p2a: Whimsicott
|
|win|xMario
|c|âxMario|;\/
|leave|IronBullet93