|join|Flare Boost Games
|join|xMario
|player|p1|Flare Boost Games|52
|player|p2|xMario|153
|gametype|singles
|gen|6
|tier|UU
|rated
|rule|Sleep Clause Mod: Limit one foe put to sleep
|rule|Species Clause: Limit one of each PokÃ©mon
|rule|OHKO Clause: OHKO moves are banned
|rule|Moody Clause: Moody is banned
|rule|Evasion Moves Clause: Evasion moves are banned
|rule|Endless Battle Clause: Forcing endless battles is banned
|rule|HP Percentage Mod: HP is shown in percentages
|clearpoke
|poke|p1|Sharpedo, M
|poke|p1|Weezing, F
|poke|p1|Raikou
|poke|p1|Darmanitan, M
|poke|p1|Hydreigon, F
|poke|p1|Crobat, F
|poke|p2|Beedrill, F
|poke|p2|Rotom-Heat
|poke|p2|Jirachi
|poke|p2|Hippowdon, F
|poke|p2|Starmie
|poke|p2|Hydreigon, M, shiny
|rule|Swagger Clause: Swagger is banned
|rule|Baton Pass Clause: Limit one PokÃ©mon knowing Baton Pass
|teampreview
|
|start
|switch|p1a: COUNTS|Raikou|322\/322
|switch|p2a: Beedrill|Beedrill, F|271\/271
|-ability|p1a: COUNTS|Pressure
|turn|1
|
|detailschange|p2a: Beedrill|Beedrill-Mega, F
|message|Beedrill has Mega Evolved into Mega Beedrill!
|move|p2a: Beedrill|Protect|p2a: Beedrill
|-singleturn|p2a: Beedrill|Protect
|move|p1a: COUNTS|Volt Switch|p2a: Beedrill
|-activate|p2a: Beedrill|Protect
|
|turn|2
|
|move|p2a: Beedrill|U-turn|p1a: COUNTS
|-damage|p1a: COUNTS|84\/322
|
|switch|p2a: Jirachi|Jirachi|404\/404
|move|p1a: COUNTS|Volt Switch|p2a: Jirachi
|-damage|p2a: Jirachi|280\/404
|
|switch|p1a: Athsma|Weezing, F|333\/333
|
|-heal|p2a: Jirachi|305\/404|[from] item: Leftovers
|turn|3
|
|move|p2a: Jirachi|U-turn|p1a: Athsma
|-resisted|p1a: Athsma
|-damage|p1a: Athsma|316\/333
|
|switch|p2a: Starmie|Starmie|324\/324
|move|p1a: Athsma|Will-O-Wisp|p2a: Starmie
|-status|p2a: Starmie|brn
|
|-heal|p1a: Athsma|333\/333|[from] item: Black Sludge
|-damage|p2a: Starmie|284\/324 brn|[from] brn
|turn|4
|
|switch|p1a: Hydreigon|Hydreigon, F|387\/387
|move|p2a: Starmie|Scald|p1a: Hydreigon
|-resisted|p1a: Hydreigon
|-damage|p1a: Hydreigon|362\/387
|-status|p1a: Hydreigon|brn
|
|-heal|p2a: Starmie|304\/324 brn|[from] item: Leftovers
|-damage|p2a: Starmie|264\/324 brn|[from] brn
|-damage|p1a: Hydreigon|314\/387 brn|[from] brn
|turn|5
|
|switch|p2a: Hippowdon|Hippowdon, F|420\/420
|-weather|Sandstorm
|move|p1a: Hydreigon|Dark Pulse|p2a: Hippowdon
|-crit|p2a: Hippowdon
|-damage|p2a: Hippowdon|197\/420
|
|-weather|Sandstorm|[upkeep]
|-damage|p1a: Hydreigon|290\/387 brn|[from] sandstorm
|-damage|p1a: Hydreigon|242\/387 brn|[from] brn
|turn|6
|
|move|p1a: Hydreigon|Dark Pulse|p2a: Hippowdon
|-damage|p2a: Hippowdon|37\/420
|cant|p2a: Hippowdon|flinch
|
|-weather|Sandstorm|[upkeep]
|-damage|p1a: Hydreigon|218\/387 brn|[from] sandstorm
|-damage|p1a: Hydreigon|170\/387 brn|[from] brn
|turn|7
|
|move|p1a: Hydreigon|Dark Pulse|p2a: Hippowdon
|-damage|p2a: Hippowdon|0 fnt
|faint|p2a: Hippowdon
|
|-weather|Sandstorm|[upkeep]
|-damage|p1a: Hydreigon|146\/387 brn|[from] sandstorm
|-damage|p1a: Hydreigon|98\/387 brn|[from] brn
|
|switch|p2a: Hydreigon|Hydreigon, M, shiny|325\/325
|turn|8
|
|move|p2a: Hydreigon|U-turn|p1a: Hydreigon
|-supereffective|p1a: Hydreigon
|-damage|p1a: Hydreigon|0 fnt
|faint|p1a: Hydreigon
|
|switch|p2a: Beedrill|Beedrill-Mega, F|271\/271
|
|-weather|Sandstorm|[upkeep]
|-damage|p2a: Beedrill|255\/271|[from] sandstorm
|
|switch|p1a: Beast|Darmanitan, M|351\/351
|turn|9
|
|move|p2a: Beedrill|Protect|p2a: Beedrill
|-singleturn|p2a: Beedrill|Protect
|move|p1a: Beast|Rock Slide|p2a: Beedrill
|-activate|p2a: Beedrill|Protect
|
|-weather|none
|turn|10
|
|switch|p2a: Jirachi|Jirachi|305\/404
|move|p1a: Beast|Rock Slide|p2a: Jirachi
|-resisted|p2a: Jirachi
|-damage|p2a: Jirachi|241\/404
|
|-heal|p2a: Jirachi|266\/404|[from] item: Leftovers
|turn|11
|
|switch|p1a: COUNTS|Raikou|84\/322
|-ability|p1a: COUNTS|Pressure
|move|p2a: Jirachi|Wish|p2a: Jirachi
|
|-heal|p2a: Jirachi|291\/404|[from] item: Leftovers
|turn|12
|
|move|p1a: COUNTS|Shadow Ball|p2a: Jirachi
|-supereffective|p2a: Jirachi
|-damage|p2a: Jirachi|81\/404
|move|p2a: Jirachi|Body Slam|p1a: COUNTS
|-damage|p1a: COUNTS|4\/322
|
|-heal|p2a: Jirachi|283\/404|[from] move: Wish|[wisher] Jirachi
|-heal|p2a: Jirachi|308\/404|[from] item: Leftovers
|turn|13
|
|switch|p2a: Hydreigon|Hydreigon, M, shiny|325\/325
|move|p1a: COUNTS|Shadow Ball|p2a: Hydreigon
|-resisted|p2a: Hydreigon
|-damage|p2a: Hydreigon|255\/325
|
|turn|14
|
|move|p2a: Hydreigon|U-turn|p1a: COUNTS
|-damage|p1a: COUNTS|0 fnt
|faint|p1a: COUNTS
|
|switch|p2a: Beedrill|Beedrill-Mega, F|255\/271
|
|
|switch|p1a: Athsma|Weezing, F|333\/333
|turn|15
|
|move|p2a: Beedrill|U-turn|p1a: Athsma
|-resisted|p1a: Athsma
|-damage|p1a: Athsma|271\/333
|
|switch|p2a: Starmie|Starmie|264\/324
|move|p1a: Athsma|Will-O-Wisp|p2a: Starmie
|-status|p2a: Starmie|brn
|
|-heal|p2a: Starmie|284\/324 brn|[from] item: Leftovers
|-heal|p1a: Athsma|291\/333|[from] item: Black Sludge
|-damage|p2a: Starmie|244\/324 brn|[from] brn
|turn|16
|
|move|p2a: Starmie|Scald|p1a: Athsma
|-damage|p1a: Athsma|161\/333
|move|p1a: Athsma|Sludge Bomb|p2a: Starmie
|-damage|p2a: Starmie|139\/324 brn
|
|-heal|p2a: Starmie|159\/324 brn|[from] item: Leftovers
|-heal|p1a: Athsma|181\/333|[from] item: Black Sludge
|-damage|p2a: Starmie|119\/324 brn|[from] brn
|turn|17
|
|switch|p1a: Jaws 19|Sharpedo, M|281\/281
|move|p2a: Starmie|Recover|p2a: Starmie
|-heal|p2a: Starmie|281\/324 brn
|
|-heal|p2a: Starmie|301\/324 brn|[from] item: Leftovers
|-damage|p2a: Starmie|261\/324 brn|[from] brn
|turn|18
|
|switch|p2a: Hydreigon|Hydreigon, M, shiny|255\/325
|move|p1a: Jaws 19|Protect|p1a: Jaws 19
|-fail|p1a: Jaws 19
|
|-boost|p1a: Jaws 19|spe|1|[from] ability: Speed Boost
|turn|19
|
|move|p1a: Jaws 19|Protect|p1a: Jaws 19
|-singleturn|p1a: Jaws 19|Protect
|move|p2a: Hydreigon|Draco Meteor|p1a: Jaws 19
|-activate|p1a: Jaws 19|Protect
|
|-boost|p1a: Jaws 19|spe|1|[from] ability: Speed Boost
|turn|20
|
|detailschange|p1a: Jaws 19|Sharpedo-Mega, M
|message|Sharpedo has Mega Evolved into Mega Sharpedo!
|move|p1a: Jaws 19|Ice Fang|p2a: Hydreigon
|-supereffective|p2a: Hydreigon
|-damage|p2a: Hydreigon|0 fnt
|faint|p2a: Hydreigon
|
|
|switch|p2a: Jirachi|Jirachi|308\/404
|turn|21
|
|move|p1a: Jaws 19|Crunch|p2a: Jirachi
|-supereffective|p2a: Jirachi
|-damage|p2a: Jirachi|0 fnt
|faint|p2a: Jirachi
|
|
|switch|p2a: Rotom-Heat|Rotom-Heat|241\/241
|turn|22
|
|move|p1a: Jaws 19|Waterfall|p2a: Rotom-Heat
|-supereffective|p2a: Rotom-Heat
|-damage|p2a: Rotom-Heat|0 fnt
|faint|p2a: Rotom-Heat
|
|
|switch|p2a: Starmie|Starmie|261\/324
|turn|23
|
|move|p1a: Jaws 19|Crunch|p2a: Starmie
|-supereffective|p2a: Starmie
|-damage|p2a: Starmie|0 fnt
|faint|p2a: Starmie
|
|
|switch|p2a: Beedrill|Beedrill-Mega, F|255\/271
|turn|24
|
|move|p1a: Jaws 19|Crunch|p2a: Beedrill
|-damage|p2a: Beedrill|0 fnt
|faint|p2a: Beedrill
|
|win|Flare Boost Games
|raw|Ladder updating...
|raw|Flare Boost Games's rating: 1228 &rarr; <strong>1245<\/strong><br \/>(+17 for winning)
|raw|xMario's rating: 1117 &rarr; <strong>1100<\/strong><br \/>(-17 for losing)
|leave|xMario
|player|p2
|c|âFlare Boost Games|gg