|join|xMario
|join|Sacri'
|player|p1|xMario|30
|player|p2|Sacri'|101
|gametype|singles
|gen|6
|tier|UU
|rated
|rule|Sleep Clause Mod: Limit one foe put to sleep
|rule|Species Clause: Limit one of each PokÃ©mon
|rule|OHKO Clause: OHKO moves are banned
|rule|Moody Clause: Moody is banned
|rule|Evasion Moves Clause: Evasion moves are banned
|rule|Endless Battle Clause: Forcing endless battles is banned
|rule|HP Percentage Mod: HP is shown in percentages
|clearpoke
|poke|p1|Beedrill, F
|poke|p1|Starmie
|poke|p1|Slurpuff, F
|poke|p1|Jirachi
|poke|p1|Hydreigon, M, shiny
|poke|p1|Raikou
|poke|p2|Absol, M
|poke|p2|Nidoqueen, F
|poke|p2|Chandelure, M
|poke|p2|Togetic, M
|poke|p2|Vaporeon, F
|poke|p2|Zygarde
|rule|Swagger Clause: Swagger is banned
|rule|Baton Pass Clause: Limit one PokÃ©mon knowing Baton Pass
|teampreview
|
|start
|switch|p1a: Starmie|Starmie|261\/261
|switch|p2a: Absol|Absol, M|271\/271
|turn|1
|
|detailschange|p2a: Absol|Absol-Mega, M
|message|Absol has Mega Evolved into Mega Absol!
|move|p2a: Absol|Sucker Punch|p1a: Starmie
|-supereffective|p1a: Starmie
|-damage|p1a: Starmie|0 fnt
|faint|p1a: Starmie
|
|
|switch|p1a: Hydreigon|Hydreigon, M, shiny|325\/325
|turn|2
|
|switch|p2a: Togetic|Togetic, M|314\/314
|move|p1a: Hydreigon|U-turn|p2a: Togetic
|-resisted|p2a: Togetic
|-damage|p2a: Togetic|305\/314
|
|switch|p1a: Beedrill|Beedrill, F|271\/271
|
|turn|3
|
|switch|p2a: Vaporeon|Vaporeon, F|464\/464
|detailschange|p1a: Beedrill|Beedrill-Mega, F
|message|Beedrill has Mega Evolved into Mega Beedrill!
|move|p1a: Beedrill|Knock Off|p2a: Vaporeon
|-damage|p2a: Vaporeon|344\/464
|-enditem|p2a: Vaporeon|Leftovers|[from] move: Knock Off|[of] p1a: Beedrill
|
|turn|4
|
|move|p1a: Beedrill|U-turn|p2a: Vaporeon
|-damage|p2a: Vaporeon|176\/464
|
|switch|p1a: Raikou|Raikou|321\/321
|-ability|p1a: Raikou|Pressure
|move|p2a: Vaporeon|Scald|p1a: Raikou
|-damage|p1a: Raikou|215\/321
|-status|p1a: Raikou|brn
|
|-damage|p1a: Raikou|175\/321 brn|[from] brn
|turn|5
|
|switch|p1a: Beedrill|Beedrill-Mega, F|271\/271
|move|p2a: Vaporeon|Protect|p2a: Vaporeon
|-fail|p2a: Vaporeon
|
|turn|6
|
|move|p1a: Beedrill|Poison Jab|p2a: Vaporeon
|-damage|p2a: Vaporeon|0 fnt
|faint|p2a: Vaporeon
|
|
|switch|p2a: Absol|Absol-Mega, M|271\/271
|turn|7
|
|switch|p1a: Hydreigon|Hydreigon, M, shiny|325\/325
|move|p2a: Absol|Sucker Punch|p1a: Hydreigon
|-fail|p1a: Hydreigon
|
|turn|8
|
|switch|p2a: Togetic|Togetic, M|305\/314
|move|p1a: Hydreigon|U-turn|p2a: Togetic
|-resisted|p2a: Togetic
|-damage|p2a: Togetic|296\/314
|
|switch|p1a: Beedrill|Beedrill-Mega, F|271\/271
|
|turn|9
|
|switch|p2a: Nidoqueen|Nidoqueen, F|384\/384
|move|p1a: Beedrill|Poison Jab|p2a: Nidoqueen
|-resisted|p2a: Nidoqueen
|-damage|p2a: Nidoqueen|327\/384
|
|turn|10
|
|move|p1a: Beedrill|Knock Off|p2a: Nidoqueen
|-damage|p2a: Nidoqueen|195\/384
|-enditem|p2a: Nidoqueen|Life Orb|[from] move: Knock Off|[of] p1a: Beedrill
|move|p2a: Nidoqueen|Ice Beam|p1a: Beedrill
|-damage|p1a: Beedrill|138\/271
|
|turn|11
|
|move|p1a: Beedrill|U-turn|p2a: Nidoqueen
|-resisted|p2a: Nidoqueen
|-damage|p2a: Nidoqueen|85\/384
|
|switch|p1a: Hydreigon|Hydreigon, M, shiny|325\/325
|move|p2a: Nidoqueen|Earth Power|p1a: Hydreigon
|-immune|p1a: Hydreigon|[msg]
|
|turn|12
|
|move|p1a: Hydreigon|Dark Pulse|p2a: Nidoqueen
|-damage|p2a: Nidoqueen|0 fnt
|faint|p2a: Nidoqueen
|
|
|switch|p2a: Togetic|Togetic, M|296\/314
|turn|13
|
|switch|p1a: Jirachi|Jirachi|404\/404
|move|p2a: Togetic|Thunder Wave|p1a: Jirachi
|-status|p1a: Jirachi|par
|
|turn|14
|
|switch|p2a: Chandelure|Chandelure, M|262\/262
|move|p1a: Jirachi|U-turn|p2a: Chandelure
|-resisted|p2a: Chandelure
|-damage|p2a: Chandelure|247\/262
|
|switch|p1a: Hydreigon|Hydreigon, M, shiny|325\/325
|
|-heal|p2a: Chandelure|262\/262|[from] item: Leftovers
|turn|15
|
|move|p1a: Hydreigon|U-turn|p2a: Chandelure
|-resisted|p2a: Chandelure
|-damage|p2a: Chandelure|249\/262
|
|switch|p1a: Raikou|Raikou|175\/321 brn
|-ability|p1a: Raikou|Pressure
|move|p2a: Chandelure|Substitute|p2a: Chandelure
|-start|p2a: Chandelure|Substitute
|-damage|p2a: Chandelure|184\/262
|
|-heal|p2a: Chandelure|200\/262|[from] item: Leftovers
|-damage|p1a: Raikou|135\/321 brn|[from] brn
|turn|16
|
|move|p1a: Raikou|Volt Switch|p2a: Chandelure
|-end|p2a: Chandelure|Substitute
|
|switch|p1a: Hydreigon|Hydreigon, M, shiny|325\/325
|move|p2a: Chandelure|Substitute|p2a: Chandelure
|-start|p2a: Chandelure|Substitute
|-damage|p2a: Chandelure|135\/262
|
|-heal|p2a: Chandelure|151\/262|[from] item: Leftovers
|turn|17
|
|move|p1a: Hydreigon|Dark Pulse|p2a: Chandelure
|-supereffective|p2a: Chandelure
|-end|p2a: Chandelure|Substitute
|move|p2a: Chandelure|Fire Blast|p1a: Hydreigon
|-resisted|p1a: Hydreigon
|-damage|p1a: Hydreigon|202\/325
|
|-heal|p2a: Chandelure|167\/262|[from] item: Leftovers
|turn|18
|
|switch|p2a: Togetic|Togetic, M|296\/314
|move|p1a: Hydreigon|Dark Pulse|p2a: Togetic
|-resisted|p2a: Togetic
|-damage|p2a: Togetic|266\/314
|
|turn|19
|
|switch|p1a: Raikou|Raikou|135\/321 brn
|-ability|p1a: Raikou|Pressure
|switch|p2a: Absol|Absol-Mega, M|271\/271
|
|-damage|p1a: Raikou|95\/321 brn|[from] brn
|turn|20
|
|move|p2a: Absol|Sucker Punch|p1a: Raikou
|-damage|p1a: Raikou|0 fnt
|faint|p1a: Raikou
|
|
|switch|p1a: Hydreigon|Hydreigon, M, shiny|202\/325
|turn|21
|
|switch|p2a: Togetic|Togetic, M|266\/314
|move|p1a: Hydreigon|U-turn|p2a: Togetic
|-resisted|p2a: Togetic
|-damage|p2a: Togetic|257\/314
|
|switch|p1a: Beedrill|Beedrill-Mega, F|138\/271
|
|turn|22
|
|move|p1a: Beedrill|Poison Jab|p2a: Togetic
|-supereffective|p2a: Togetic
|-damage|p2a: Togetic|0 fnt
|faint|p2a: Togetic
|
|
|switch|p2a: Zygarde|Zygarde|358\/358
|-ability|p2a: Zygarde|Aura Break
|turn|23
|
|move|p1a: Beedrill|Knock Off|p2a: Zygarde
|-damage|p2a: Zygarde|248\/358
|-enditem|p2a: Zygarde|Lum Berry|[from] move: Knock Off|[of] p1a: Beedrill
|move|p2a: Zygarde|Dragon Dance|p2a: Zygarde
|-boost|p2a: Zygarde|atk|1
|-boost|p2a: Zygarde|spe|1
|
|turn|24
|
|switch|p1a: Jirachi|Jirachi|404\/404 par
|move|p2a: Zygarde|Dragon Dance|p2a: Zygarde
|-boost|p2a: Zygarde|atk|1
|-boost|p2a: Zygarde|spe|1
|
|turn|25
|
|move|p2a: Zygarde|Earthquake|p1a: Jirachi
|-supereffective|p1a: Jirachi
|-damage|p1a: Jirachi|0 fnt
|faint|p1a: Jirachi
|
|
|switch|p1a: Hydreigon|Hydreigon, M, shiny|202\/325
|turn|26
|
|move|p2a: Zygarde|Extreme Speed|p1a: Hydreigon
|-damage|p1a: Hydreigon|0 fnt
|faint|p1a: Hydreigon
|
|
|switch|p1a: Slurpuff|Slurpuff, F|306\/306
|turn|27
|
|move|p2a: Zygarde|Earthquake|p1a: Slurpuff
|-damage|p1a: Slurpuff|0 fnt
|faint|p1a: Slurpuff
|
|-message|xMario forfeited.
|
|win|Sacri'
|raw|Ladder updating...
|leave|xMario
|player|p1
|raw|xMario's rating: 1566 &rarr; <strong>1543<\/strong><br \/>(-23 for losing)
|raw|Sacri&apos;'s rating: 1504 &rarr; <strong>1528<\/strong><br \/>(+24 for winning)