|join|KingBowser
|join|xMario
|player|p1|KingBowser|40
|player|p2|xMario|153
|gametype|singles
|gen|6
|tier|UU
|rated
|rule|Sleep Clause Mod: Limit one foe put to sleep
|rule|Species Clause: Limit one of each PokÃ©mon
|rule|OHKO Clause: OHKO moves are banned
|rule|Moody Clause: Moody is banned
|rule|Evasion Moves Clause: Evasion moves are banned
|rule|Endless Battle Clause: Forcing endless battles is banned
|rule|HP Percentage Mod: HP is shown in percentages
|clearpoke
|poke|p1|Starmie, shiny
|poke|p1|Rotom-Heat
|poke|p1|Nidoqueen, F, shiny
|poke|p1|Snorlax, M, shiny
|poke|p1|Vaporeon, M, shiny
|poke|p1|Krookodile, M, shiny
|poke|p2|Celebi
|poke|p2|Hippowdon, F
|poke|p2|Tentacruel, M
|poke|p2|Jirachi
|poke|p2|Fletchinder, F
|poke|p2|Umbreon, F
|rule|Swagger Clause: Swagger is banned
|rule|Baton Pass Clause: Limit one PokÃ©mon knowing Baton Pass
|teampreview
|join|XxMoonEdgexX
|
|start
|switch|p1a: Krookodile|Krookodile, M, shiny|331\/331
|switch|p2a: Umbreon|Umbreon, F|394\/394
|turn|1
|
|switch|p2a: Hippowdon|Hippowdon, F|417\/417
|-weather|Sandstorm
|move|p1a: Krookodile|Earthquake|p2a: Hippowdon
|-damage|p2a: Hippowdon|254\/417
|
|-weather|Sandstorm|[upkeep]
|turn|2
|join|SmashBrosBrawl
|
|switch|p1a: Starmie|Starmie, shiny|324\/324
|move|p2a: Hippowdon|Slack Off|p2a: Hippowdon
|-heal|p2a: Hippowdon|417\/417
|
|-weather|Sandstorm|[upkeep]
|-damage|p1a: Starmie|304\/324|[from] sandstorm
|-heal|p1a: Starmie|324\/324|[from] item: Leftovers
|turn|3
|
|switch|p2a: Umbreon|Umbreon, F|394\/394
|move|p1a: Starmie|Scald|p2a: Umbreon
|-damage|p2a: Umbreon|334\/394
|
|-weather|Sandstorm|[upkeep]
|-damage|p1a: Starmie|304\/324|[from] sandstorm
|-damage|p2a: Umbreon|310\/394|[from] sandstorm
|-heal|p1a: Starmie|324\/324|[from] item: Leftovers
|-heal|p2a: Umbreon|334\/394|[from] item: Leftovers
|turn|4
|
|switch|p1a: Krookodile|Krookodile, M, shiny|331\/331
|move|p2a: Umbreon|Foul Play|p1a: Krookodile
|-resisted|p1a: Krookodile
|-damage|p1a: Krookodile|241\/331
|
|-weather|Sandstorm|[upkeep]
|-damage|p2a: Umbreon|310\/394|[from] sandstorm
|-heal|p2a: Umbreon|334\/394|[from] item: Leftovers
|turn|5
|
|move|p2a: Umbreon|Protect|p2a: Umbreon
|-singleturn|p2a: Umbreon|Protect
|move|p1a: Krookodile|Knock Off|p2a: Umbreon
|-activate|p2a: Umbreon|Protect
|
|-weather|none
|-heal|p2a: Umbreon|358\/394|[from] item: Leftovers
|turn|6
|
|switch|p2a: Hippowdon|Hippowdon, F|417\/417
|-weather|Sandstorm
|move|p1a: Krookodile|Knock Off|p2a: Hippowdon
|-damage|p2a: Hippowdon|272\/417
|-damage|p1a: Krookodile|186\/331|[from] item: Rocky Helmet|[of] p2a: Hippowdon
|-enditem|p2a: Hippowdon|Rocky Helmet|[from] move: Knock Off|[of] p1a: Krookodile
|
|-weather|Sandstorm|[upkeep]
|turn|7
|
|switch|p1a: Vaporeon|Vaporeon, M, shiny|464\/464
|move|p2a: Hippowdon|Slack Off|p2a: Hippowdon
|-heal|p2a: Hippowdon|417\/417
|
|-weather|Sandstorm|[upkeep]
|-damage|p1a: Vaporeon|435\/464|[from] sandstorm
|-heal|p1a: Vaporeon|464\/464|[from] item: Leftovers
|turn|8
|
|switch|p2a: Celebi|Celebi|342\/342
|move|p1a: Vaporeon|Wish|p1a: Vaporeon
|
|-weather|Sandstorm|[upkeep]
|-damage|p2a: Celebi|321\/342|[from] sandstorm
|-damage|p1a: Vaporeon|435\/464|[from] sandstorm
|-heal|p1a: Vaporeon|464\/464|[from] item: Leftovers
|turn|9
|
|switch|p1a: Nidoqueen|Nidoqueen, F, shiny|383\/383
|move|p2a: Celebi|Giga Drain|p1a: Nidoqueen
|-damage|p1a: Nidoqueen|223\/383
|-heal|p2a: Celebi|342\/342|[from] drain|[of] p1a: Nidoqueen
|-damage|p2a: Celebi|308\/342|[from] item: Life Orb
|
|-weather|Sandstorm|[upkeep]
|-damage|p2a: Celebi|287\/342|[from] sandstorm
|-heal|p1a: Nidoqueen|383\/383|[from] move: Wish|[wisher] Vaporeon
|turn|10
|
|move|p2a: Celebi|Psychic|p1a: Nidoqueen
|-supereffective|p1a: Nidoqueen
|-damage|p1a: Nidoqueen|0 fnt
|-damage|p2a: Celebi|253\/342|[from] item: Life Orb
|faint|p1a: Nidoqueen
|
|-weather|none
|
|switch|p1a: Snorlax|Snorlax, M, shiny|524\/524
|turn|11
|
|move|p2a: Celebi|Nasty Plot|p2a: Celebi
|-boost|p2a: Celebi|spa|2
|move|p1a: Snorlax|Curse|p1a: Snorlax
|-boost|p1a: Snorlax|atk|1
|-boost|p1a: Snorlax|def|1
|-unboost|p1a: Snorlax|spe|1
|
|turn|12
|
|move|p2a: Celebi|Giga Drain|p1a: Snorlax
|-damage|p1a: Snorlax|341\/524
|-heal|p2a: Celebi|342\/342|[from] drain|[of] p1a: Snorlax
|-damage|p2a: Celebi|308\/342|[from] item: Life Orb
|move|p1a: Snorlax|Body Slam|p2a: Celebi
|-crit|p2a: Celebi
|-damage|p2a: Celebi|56\/342
|
|-heal|p1a: Snorlax|373\/524|[from] item: Leftovers
|turn|13
|
|move|p2a: Celebi|Recover|p2a: Celebi
|-heal|p2a: Celebi|227\/342
|move|p1a: Snorlax|Body Slam|p2a: Celebi
|-damage|p2a: Celebi|59\/342
|
|-heal|p1a: Snorlax|405\/524|[from] item: Leftovers
|turn|14
|
|switch|p2a: Hippowdon|Hippowdon, F|417\/417
|-weather|Sandstorm
|move|p1a: Snorlax|Body Slam|p2a: Hippowdon
|-damage|p2a: Hippowdon|314\/417
|-status|p2a: Hippowdon|par
|
|-weather|Sandstorm|[upkeep]
|-damage|p1a: Snorlax|373\/524|[from] sandstorm
|-heal|p1a: Snorlax|405\/524|[from] item: Leftovers
|turn|15
|
|move|p1a: Snorlax|Curse|p1a: Snorlax
|-boost|p1a: Snorlax|atk|1
|-boost|p1a: Snorlax|def|1
|-unboost|p1a: Snorlax|spe|1
|move|p2a: Hippowdon|Stealth Rock|p1a: Snorlax
|-sidestart|p1: KingBowser|move: Stealth Rock
|
|-weather|Sandstorm|[upkeep]
|-damage|p1a: Snorlax|373\/524|[from] sandstorm
|-heal|p1a: Snorlax|405\/524|[from] item: Leftovers
|turn|16
|
|move|p1a: Snorlax|Body Slam|p2a: Hippowdon
|-damage|p2a: Hippowdon|172\/417 par
|move|p2a: Hippowdon|Whirlwind|p1a: Snorlax
|drag|p1a: Vaporeon|Vaporeon, M, shiny|464\/464
|-damage|p1a: Vaporeon|406\/464|[from] Stealth Rock
|
|-weather|Sandstorm|[upkeep]
|-damage|p1a: Vaporeon|377\/464|[from] sandstorm
|-heal|p1a: Vaporeon|406\/464|[from] item: Leftovers
|turn|17
|
|switch|p2a: Tentacruel|Tentacruel, M|361\/361
|move|p1a: Vaporeon|Ice Beam|p2a: Tentacruel
|-resisted|p2a: Tentacruel
|-damage|p2a: Tentacruel|329\/361
|
|-weather|Sandstorm|[upkeep]
|-damage|p2a: Tentacruel|307\/361|[from] sandstorm
|-damage|p1a: Vaporeon|377\/464|[from] sandstorm
|-heal|p2a: Tentacruel|329\/361|[from] item: Black Sludge
|-heal|p1a: Vaporeon|406\/464|[from] item: Leftovers
|turn|18
|
|switch|p1a: Starmie|Starmie, shiny|324\/324
|-damage|p1a: Starmie|284\/324|[from] Stealth Rock
|move|p2a: Tentacruel|Toxic Spikes|p1a: Starmie
|-sidestart|p1: KingBowser|move: Toxic Spikes
|
|-weather|none
|-heal|p1a: Starmie|304\/324|[from] item: Leftovers
|-heal|p2a: Tentacruel|351\/361|[from] item: Black Sludge
|turn|19
|
|move|p1a: Starmie|Rapid Spin|p2a: Tentacruel
|-damage|p2a: Tentacruel|340\/361
|-sideend|p1: KingBowser|Toxic Spikes|[from] move: Rapid Spin|[of] p1a: Starmie
|-sideend|p1: KingBowser|Stealth Rock|[from] move: Rapid Spin|[of] p1a: Starmie
|move|p2a: Tentacruel|Knock Off|p1a: Starmie
|-supereffective|p1a: Starmie
|-damage|p1a: Starmie|182\/324
|-enditem|p1a: Starmie|Leftovers|[from] move: Knock Off|[of] p2a: Tentacruel
|
|-heal|p2a: Tentacruel|361\/361|[from] item: Black Sludge
|turn|20
|
|switch|p2a: Umbreon|Umbreon, F|358\/394
|move|p1a: Starmie|Recover|p1a: Starmie
|-heal|p1a: Starmie|324\/324
|
|-heal|p2a: Umbreon|382\/394|[from] item: Leftovers
|turn|21
|
|move|p1a: Starmie|Scald|p2a: Umbreon
|-damage|p2a: Umbreon|319\/394
|move|p2a: Umbreon|Wish|p2a: Umbreon
|
|-heal|p2a: Umbreon|343\/394|[from] item: Leftovers
|turn|22
|
|switch|p1a: Rotom-Heat|Rotom-Heat|304\/304
|move|p2a: Umbreon|Foul Play|p1a: Rotom-Heat
|-damage|p1a: Rotom-Heat|255\/304
|
|-heal|p2a: Umbreon|394\/394|[from] move: Wish|[wisher] Umbreon
|-heal|p1a: Rotom-Heat|274\/304|[from] item: Leftovers
|turn|23
|
|move|p1a: Rotom-Heat|Will-O-Wisp|p2a: Umbreon
|-status|p2a: Umbreon|brn
|move|p2a: Umbreon|Wish|p2a: Umbreon
|
|-heal|p1a: Rotom-Heat|293\/304|[from] item: Leftovers
|-damage|p2a: Umbreon|345\/394 brn|[from] brn
|turn|24
|
|move|p1a: Rotom-Heat|Overheat|p2a: Umbreon
|-damage|p2a: Umbreon|245\/394 brn
|-unboost|p1a: Rotom-Heat|spa|2
|move|p2a: Umbreon|Heal Bell|p2a: Umbreon
|-cureteam|p2a: Umbreon|[from] move: HealBell
|
|-heal|p2a: Umbreon|394\/394|[from] move: Wish|[wisher] Umbreon
|-heal|p1a: Rotom-Heat|304\/304|[from] item: Leftovers
|turn|25
|
|switch|p1a: Snorlax|Snorlax, M, shiny|405\/524
|move|p2a: Umbreon|Wish|p2a: Umbreon
|
|-heal|p1a: Snorlax|437\/524|[from] item: Leftovers
|turn|26
|
|switch|p2a: Hippowdon|Hippowdon, F|172\/417
|-weather|Sandstorm
|move|p1a: Snorlax|Curse|p1a: Snorlax
|-boost|p1a: Snorlax|atk|1
|-boost|p1a: Snorlax|def|1
|-unboost|p1a: Snorlax|spe|1
|
|-weather|Sandstorm|[upkeep]
|-damage|p1a: Snorlax|405\/524|[from] sandstorm
|-heal|p2a: Hippowdon|369\/417|[from] move: Wish|[wisher] Umbreon
|-heal|p1a: Snorlax|437\/524|[from] item: Leftovers
|turn|27
|
|move|p2a: Hippowdon|Stealth Rock|p1a: Snorlax
|-sidestart|p1: KingBowser|move: Stealth Rock
|move|p1a: Snorlax|Body Slam|p2a: Hippowdon
|-damage|p2a: Hippowdon|260\/417
|
|-weather|Sandstorm|[upkeep]
|-damage|p1a: Snorlax|405\/524|[from] sandstorm
|-heal|p1a: Snorlax|437\/524|[from] item: Leftovers
|turn|28
|join|LightenUp
|leave|LightenUp
|
|move|p2a: Hippowdon|Slack Off|p2a: Hippowdon
|-heal|p2a: Hippowdon|417\/417
|move|p1a: Snorlax|Curse|p1a: Snorlax
|-boost|p1a: Snorlax|atk|1
|-boost|p1a: Snorlax|def|1
|-unboost|p1a: Snorlax|spe|1
|
|-weather|Sandstorm|[upkeep]
|-damage|p1a: Snorlax|405\/524|[from] sandstorm
|-heal|p1a: Snorlax|437\/524|[from] item: Leftovers
|turn|29
|
|move|p1a: Snorlax|Body Slam|p2a: Hippowdon
|-damage|p2a: Hippowdon|287\/417
|move|p2a: Hippowdon|Whirlwind|p1a: Snorlax
|drag|p1a: Vaporeon|Vaporeon, M, shiny|406\/464
|-damage|p1a: Vaporeon|348\/464|[from] Stealth Rock
|
|-weather|Sandstorm|[upkeep]
|-damage|p1a: Vaporeon|319\/464|[from] sandstorm
|-heal|p1a: Vaporeon|348\/464|[from] item: Leftovers
|turn|30
|join|Specs Cranidos
|
|switch|p2a: Umbreon|Umbreon, F|394\/394
|move|p1a: Vaporeon|Ice Beam|p2a: Umbreon
|-damage|p2a: Umbreon|350\/394
|
|-weather|none
|-heal|p2a: Umbreon|374\/394|[from] item: Leftovers
|-heal|p1a: Vaporeon|377\/464|[from] item: Leftovers
|turn|31
|
|move|p2a: Umbreon|Wish|p2a: Umbreon
|move|p1a: Vaporeon|Wish|p1a: Vaporeon
|
|-heal|p2a: Umbreon|394\/394|[from] item: Leftovers
|-heal|p1a: Vaporeon|406\/464|[from] item: Leftovers
|turn|32
|
|move|p2a: Umbreon|Foul Play|p1a: Vaporeon
|-damage|p1a: Vaporeon|337\/464
|move|p1a: Vaporeon|Ice Beam|p2a: Umbreon
|-damage|p2a: Umbreon|350\/394
|
|-heal|p2a: Umbreon|394\/394|[from] move: Wish|[wisher] Umbreon
|-heal|p1a: Vaporeon|464\/464|[from] move: Wish|[wisher] Vaporeon
|turn|33
|
|switch|p2a: Tentacruel|Tentacruel, M|361\/361
|move|p1a: Vaporeon|Wish|p1a: Vaporeon
|
|turn|34
|leave|Specs Cranidos
|
|move|p2a: Tentacruel|Knock Off|p1a: Vaporeon
|-damage|p1a: Vaporeon|412\/464
|-enditem|p1a: Vaporeon|Leftovers|[from] move: Knock Off|[of] p2a: Tentacruel
|move|p1a: Vaporeon|Ice Beam|p2a: Tentacruel
|-resisted|p2a: Tentacruel
|-damage|p2a: Tentacruel|328\/361
|
|-heal|p1a: Vaporeon|464\/464|[from] move: Wish|[wisher] Vaporeon
|-heal|p2a: Tentacruel|350\/361|[from] item: Black Sludge
|turn|35
|
|move|p2a: Tentacruel|Toxic Spikes|p1a: Vaporeon
|-sidestart|p1: KingBowser|move: Toxic Spikes
|move|p1a: Vaporeon|Ice Beam|p2a: Tentacruel
|-resisted|p2a: Tentacruel
|-damage|p2a: Tentacruel|317\/361
|
|-heal|p2a: Tentacruel|339\/361|[from] item: Black Sludge
|turn|36
|
|switch|p1a: Starmie|Starmie, shiny|324\/324
|-damage|p1a: Starmie|284\/324|[from] Stealth Rock
|-status|p1a: Starmie|psn
|move|p2a: Tentacruel|Toxic Spikes|p1a: Starmie
|-sidestart|p1: KingBowser|move: Toxic Spikes
|
|-heal|p2a: Tentacruel|361\/361|[from] item: Black Sludge
|-damage|p1a: Starmie|244\/324 psn|[from] psn
|turn|37
|
|switch|p2a: Jirachi|Jirachi|341\/341
|move|p1a: Starmie|Rapid Spin|p2a: Jirachi
|-resisted|p2a: Jirachi
|-damage|p2a: Jirachi|336\/341
|-sideend|p1: KingBowser|Toxic Spikes|[from] move: Rapid Spin|[of] p1a: Starmie
|-sideend|p1: KingBowser|Stealth Rock|[from] move: Rapid Spin|[of] p1a: Starmie
|
|-damage|p1a: Starmie|204\/324 psn|[from] psn
|turn|38
|
|switch|p1a: Rotom-Heat|Rotom-Heat|304\/304
|move|p2a: Jirachi|U-turn|p1a: Rotom-Heat
|-resisted|p1a: Rotom-Heat
|-damage|p1a: Rotom-Heat|279\/304
|join|SantsDaGreatest
|
|switch|p2a: Umbreon|Umbreon, F|394\/394
|
|-heal|p1a: Rotom-Heat|298\/304|[from] item: Leftovers
|turn|39
|
|move|p1a: Rotom-Heat|Will-O-Wisp|p2a: Umbreon
|-status|p2a: Umbreon|brn
|move|p2a: Umbreon|Wish|p2a: Umbreon
|
|-heal|p1a: Rotom-Heat|304\/304|[from] item: Leftovers
|-damage|p2a: Umbreon|345\/394 brn|[from] brn
|turn|40
|
|switch|p2a: Hippowdon|Hippowdon, F|287\/417
|-weather|Sandstorm
|move|p1a: Rotom-Heat|Will-O-Wisp|p2a: Hippowdon
|-status|p2a: Hippowdon|brn
|
|-weather|Sandstorm|[upkeep]
|-damage|p1a: Rotom-Heat|285\/304|[from] sandstorm
|-heal|p2a: Hippowdon|417\/417 brn|[from] move: Wish|[wisher] Umbreon
|-heal|p1a: Rotom-Heat|304\/304|[from] item: Leftovers
|-damage|p2a: Hippowdon|365\/417 brn|[from] brn
|turn|41
|
|switch|p1a: Starmie|Starmie, shiny|204\/324
|switch|p2a: Tentacruel|Tentacruel, M|361\/361
|
|-weather|Sandstorm|[upkeep]
|-damage|p1a: Starmie|184\/324|[from] sandstorm
|-damage|p2a: Tentacruel|339\/361|[from] sandstorm
|-heal|p2a: Tentacruel|361\/361|[from] item: Black Sludge
|turn|42
|
|move|p1a: Starmie|Psyshock|p2a: Tentacruel
|-supereffective|p2a: Tentacruel
|-damage|p2a: Tentacruel|169\/361
|move|p2a: Tentacruel|Toxic Spikes|p1a: Starmie
|-sidestart|p1: KingBowser|move: Toxic Spikes
|
|-weather|Sandstorm|[upkeep]
|-damage|p1a: Starmie|164\/324|[from] sandstorm
|-damage|p2a: Tentacruel|147\/361|[from] sandstorm
|-heal|p2a: Tentacruel|169\/361|[from] item: Black Sludge
|turn|43
|
|switch|p2a: Jirachi|Jirachi|336\/341
|move|p1a: Starmie|Recover|p1a: Starmie
|-heal|p1a: Starmie|324\/324
|
|-weather|Sandstorm|[upkeep]
|-damage|p1a: Starmie|304\/324|[from] sandstorm
|turn|44
|
|switch|p1a: Rotom-Heat|Rotom-Heat|304\/304
|move|p2a: Jirachi|Trick|p1a: Rotom-Heat
|-activate|p2a: Jirachi|move: Trick|[of] p1a: Rotom-Heat
|-item|p1a: Rotom-Heat|Choice Scarf|[from] move: Trick
|-item|p2a: Jirachi|Leftovers|[from] move: Trick
|
|-weather|none
|-heal|p2a: Jirachi|341\/341|[from] item: Leftovers
|turn|45
|
|move|p2a: Jirachi|U-turn|p1a: Rotom-Heat
|-resisted|p1a: Rotom-Heat
|-damage|p1a: Rotom-Heat|281\/304
|
|switch|p2a: Hippowdon|Hippowdon, F|365\/417 brn
|-weather|Sandstorm
|move|p1a: Rotom-Heat|Volt Switch|p2a: Hippowdon
|-immune|p2a: Hippowdon|[msg]
|
|-weather|Sandstorm|[upkeep]
|-damage|p1a: Rotom-Heat|262\/304|[from] sandstorm
|-damage|p2a: Hippowdon|313\/417 brn|[from] brn
|turn|46
|
|switch|p1a: Starmie|Starmie, shiny|304\/324
|-status|p1a: Starmie|psn
|move|p2a: Hippowdon|Earthquake|p1a: Starmie
|-damage|p1a: Starmie|222\/324 psn
|
|-weather|Sandstorm|[upkeep]
|-damage|p1a: Starmie|202\/324 psn|[from] sandstorm
|-damage|p1a: Starmie|162\/324 psn|[from] psn
|-damage|p2a: Hippowdon|261\/417 brn|[from] brn
|turn|47
|
|switch|p2a: Umbreon|Umbreon, F|345\/394 brn
|move|p1a: Starmie|Recover|p1a: Starmie
|-heal|p1a: Starmie|324\/324 psn
|
|-weather|Sandstorm|[upkeep]
|-damage|p1a: Starmie|304\/324 psn|[from] sandstorm
|-damage|p2a: Umbreon|321\/394 brn|[from] sandstorm
|-heal|p2a: Umbreon|345\/394 brn|[from] item: Leftovers
|-damage|p1a: Starmie|264\/324 psn|[from] psn
|-damage|p2a: Umbreon|296\/394 brn|[from] brn
|turn|48
|
|move|p1a: Starmie|Rapid Spin|p2a: Umbreon
|-damage|p2a: Umbreon|286\/394 brn
|-sideend|p1: KingBowser|Toxic Spikes|[from] move: Rapid Spin|[of] p1a: Starmie
|move|p2a: Umbreon|Heal Bell|p2a: Umbreon
|-cureteam|p2a: Umbreon|[from] move: HealBell
|
|-weather|Sandstorm|[upkeep]
|-damage|p1a: Starmie|244\/324 psn|[from] sandstorm
|-damage|p2a: Umbreon|262\/394|[from] sandstorm
|-heal|p2a: Umbreon|286\/394|[from] item: Leftovers
|-damage|p1a: Starmie|204\/324 psn|[from] psn
|turn|49
|
|switch|p1a: Rotom-Heat|Rotom-Heat|262\/304
|move|p2a: Umbreon|Wish|p2a: Umbreon
|
|-weather|none
|-heal|p2a: Umbreon|310\/394|[from] item: Leftovers
|turn|50
|
|move|p2a: Umbreon|Protect|p2a: Umbreon
|-singleturn|p2a: Umbreon|Protect
|move|p1a: Rotom-Heat|Overheat|p2a: Umbreon
|-activate|p2a: Umbreon|Protect
|
|-heal|p2a: Umbreon|394\/394|[from] move: Wish|[wisher] Umbreon
|turn|51
|
|move|p1a: Rotom-Heat|Overheat|p2a: Umbreon
|-damage|p2a: Umbreon|306\/394
|-unboost|p1a: Rotom-Heat|spa|2
|move|p2a: Umbreon|Wish|p2a: Umbreon
|
|-heal|p2a: Umbreon|330\/394|[from] item: Leftovers
|turn|52
|
|switch|p2a: Tentacruel|Tentacruel, M|169\/361
|move|p1a: Rotom-Heat|Overheat|p2a: Tentacruel|[miss]
|-miss|p1a: Rotom-Heat|p2a: Tentacruel
|
|-heal|p2a: Tentacruel|361\/361|[from] move: Wish|[wisher] Umbreon
|turn|53
|
|switch|p1a: Starmie|Starmie, shiny|204\/324
|move|p2a: Tentacruel|Scald|p1a: Starmie
|-resisted|p1a: Starmie
|-damage|p1a: Starmie|159\/324
|-status|p1a: Starmie|brn
|
|-damage|p1a: Starmie|119\/324 brn|[from] brn
|turn|54
|
|switch|p2a: Umbreon|Umbreon, F|330\/394
|move|p1a: Starmie|Recover|p1a: Starmie
|-heal|p1a: Starmie|281\/324 brn
|
|-heal|p2a: Umbreon|354\/394|[from] item: Leftovers
|-damage|p1a: Starmie|241\/324 brn|[from] brn
|turn|55
|
|switch|p1a: Krookodile|Krookodile, M, shiny|186\/331
|move|p2a: Umbreon|Protect|p2a: Umbreon
|-fail|p2a: Umbreon
|
|-heal|p2a: Umbreon|378\/394|[from] item: Leftovers
|turn|56
|join|Yellow Skarmory
|
|move|p2a: Umbreon|Protect|p2a: Umbreon
|-singleturn|p2a: Umbreon|Protect
|move|p1a: Krookodile|Knock Off|p2a: Umbreon
|-activate|p2a: Umbreon|Protect
|
|-heal|p2a: Umbreon|394\/394|[from] item: Leftovers
|turn|57
|
|switch|p2a: Hippowdon|Hippowdon, F|261\/417
|-weather|Sandstorm
|move|p1a: Krookodile|Knock Off|p2a: Hippowdon
|-damage|p2a: Hippowdon|153\/417
|
|-weather|Sandstorm|[upkeep]
|turn|58
|
|switch|p1a: Vaporeon|Vaporeon, M, shiny|464\/464
|move|p2a: Hippowdon|Slack Off|p2a: Hippowdon
|-heal|p2a: Hippowdon|362\/417
|
|-weather|Sandstorm|[upkeep]
|-damage|p1a: Vaporeon|435\/464|[from] sandstorm
|turn|59
|join|ssj2bryan
|
|switch|p2a: Umbreon|Umbreon, F|394\/394
|move|p1a: Vaporeon|Scald|p2a: Umbreon
|-damage|p2a: Umbreon|334\/394
|-status|p2a: Umbreon|brn
|-status|p1a: Vaporeon|brn
|
|-weather|Sandstorm|[upkeep]
|-damage|p2a: Umbreon|310\/394 brn|[from] sandstorm
|-damage|p1a: Vaporeon|406\/464 brn|[from] sandstorm
|-heal|p2a: Umbreon|334\/394 brn|[from] item: Leftovers
|-damage|p2a: Umbreon|285\/394 brn|[from] brn
|-damage|p1a: Vaporeon|348\/464 brn|[from] brn
|turn|60
|
|move|p2a: Umbreon|Heal Bell|p2a: Umbreon
|-cureteam|p2a: Umbreon|[from] move: HealBell
|move|p1a: Vaporeon|Wish|p1a: Vaporeon
|
|-weather|Sandstorm|[upkeep]
|-damage|p2a: Umbreon|261\/394|[from] sandstorm
|-damage|p1a: Vaporeon|319\/464 brn|[from] sandstorm
|-heal|p2a: Umbreon|285\/394|[from] item: Leftovers
|-damage|p1a: Vaporeon|261\/464 brn|[from] brn
|turn|61
|join|Samsung2310
|leave|ssj2bryan
|
|switch|p1a: Snorlax|Snorlax, M, shiny|437\/524
|move|p2a: Umbreon|Wish|p2a: Umbreon
|
|-weather|none
|-heal|p1a: Snorlax|524\/524|[from] move: Wish|[wisher] Vaporeon
|-heal|p2a: Umbreon|309\/394|[from] item: Leftovers
|turn|62
|
|switch|p2a: Hippowdon|Hippowdon, F|362\/417
|-weather|Sandstorm
|switch|p1a: Krookodile|Krookodile, M, shiny|186\/331
|
|-weather|Sandstorm|[upkeep]
|-heal|p2a: Hippowdon|417\/417|[from] move: Wish|[wisher] Umbreon
|turn|63
|
|move|p1a: Krookodile|Earthquake|p2a: Hippowdon
|-damage|p2a: Hippowdon|270\/417
|move|p2a: Hippowdon|Stealth Rock|p1a: Krookodile
|-sidestart|p1: KingBowser|move: Stealth Rock
|
|-weather|Sandstorm|[upkeep]
|turn|64
|
|switch|p2a: Fletchinder|Fletchinder, F|291\/291
|move|p1a: Krookodile|Earthquake|p2a: Fletchinder
|-immune|p2a: Fletchinder|[msg]
|
|-weather|Sandstorm|[upkeep]
|-damage|p2a: Fletchinder|273\/291|[from] sandstorm
|turn|65
|
|switch|p1a: Vaporeon|Vaporeon, M, shiny|261\/464 brn
|-damage|p1a: Vaporeon|203\/464 brn|[from] Stealth Rock
|move|p2a: Fletchinder|Acrobatics|p1a: Vaporeon
|-damage|p1a: Vaporeon|55\/464 brn
|
|-weather|Sandstorm|[upkeep]
|-damage|p2a: Fletchinder|255\/291|[from] sandstorm
|-damage|p1a: Vaporeon|26\/464 brn|[from] sandstorm
|-damage|p1a: Vaporeon|0 fnt|[from] brn
|faint|p1a: Vaporeon
|
|switch|p1a: Rotom-Heat|Rotom-Heat|262\/304
|-damage|p1a: Rotom-Heat|186\/304|[from] Stealth Rock
|turn|66
|
|move|p2a: Fletchinder|Roost|p2a: Fletchinder
|-heal|p2a: Fletchinder|291\/291
|move|p1a: Rotom-Heat|Volt Switch|p2a: Fletchinder
|-damage|p2a: Fletchinder|147\/291
|
|switch|p1a: Starmie|Starmie, shiny|241\/324
|-damage|p1a: Starmie|201\/324|[from] Stealth Rock
|
|-weather|none
|turn|67
|
|move|p2a: Fletchinder|Acrobatics|p1a: Starmie
|-damage|p1a: Starmie|35\/324
|move|p1a: Starmie|Scald|p2a: Fletchinder
|-supereffective|p2a: Fletchinder
|-damage|p2a: Fletchinder|0 fnt
|faint|p2a: Fletchinder
|
|
|switch|p2a: Umbreon|Umbreon, F|309\/394
|turn|68
|
|move|p1a: Starmie|Rapid Spin|p2a: Umbreon
|-damage|p2a: Umbreon|299\/394
|-sideend|p1: KingBowser|Stealth Rock|[from] move: Rapid Spin|[of] p1a: Starmie
|move|p2a: Umbreon|Foul Play|p1a: Starmie
|-supereffective|p1a: Starmie
|-damage|p1a: Starmie|0 fnt
|faint|p1a: Starmie
|
|-heal|p2a: Umbreon|323\/394|[from] item: Leftovers
|
|switch|p1a: Krookodile|Krookodile, M, shiny|186\/331
|turn|69
|
|move|p2a: Umbreon|Protect|p2a: Umbreon
|-singleturn|p2a: Umbreon|Protect
|move|p1a: Krookodile|Earthquake|p2a: Umbreon
|-activate|p2a: Umbreon|Protect
|
|-heal|p2a: Umbreon|347\/394|[from] item: Leftovers
|turn|70
|join|Amir The LC player
|
|move|p1a: Krookodile|Earthquake|p2a: Umbreon
|-damage|p2a: Umbreon|106\/394
|move|p2a: Umbreon|Wish|p2a: Umbreon
|
|-heal|p2a: Umbreon|130\/394|[from] item: Leftovers
|turn|71
|
|move|p2a: Umbreon|Protect|p2a: Umbreon
|-singleturn|p2a: Umbreon|Protect
|move|p1a: Krookodile|Earthquake|p2a: Umbreon
|-activate|p2a: Umbreon|Protect
|
|-heal|p2a: Umbreon|327\/394|[from] move: Wish|[wisher] Umbreon
|-heal|p2a: Umbreon|351\/394|[from] item: Leftovers
|turn|72
|
|move|p1a: Krookodile|Earthquake|p2a: Umbreon
|-damage|p2a: Umbreon|129\/394
|move|p2a: Umbreon|Wish|p2a: Umbreon
|
|-heal|p2a: Umbreon|153\/394|[from] item: Leftovers
|turn|73
|c| Amir The LC player|hey SmashBrosBrawl
|
|switch|p2a: Hippowdon|Hippowdon, F|270\/417
|-weather|Sandstorm
|move|p1a: Krookodile|Earthquake|p2a: Hippowdon
|-damage|p2a: Hippowdon|125\/417
|
|-weather|Sandstorm|[upkeep]
|-heal|p2a: Hippowdon|322\/417|[from] move: Wish|[wisher] Umbreon
|turn|74
|
|switch|p1a: Rotom-Heat|Rotom-Heat|186\/304
|move|p2a: Hippowdon|Slack Off|p2a: Hippowdon
|-heal|p2a: Hippowdon|417\/417
|
|-weather|Sandstorm|[upkeep]
|-damage|p1a: Rotom-Heat|167\/304|[from] sandstorm
|turn|75
|
|switch|p1a: Krookodile|Krookodile, M, shiny|186\/331
|move|p2a: Hippowdon|Stealth Rock|p1a: Krookodile
|-sidestart|p1: KingBowser|move: Stealth Rock
|
|-weather|Sandstorm|[upkeep]
|turn|76
|c| Amir The LC player|do you remember someone called Amir from 2012?
|c| Samsung2310|\/me No
|c|+SmashBrosBrawl|n
|
|switch|p2a: Tentacruel|Tentacruel, M|361\/361
|move|p1a: Krookodile|Earthquake|p2a: Tentacruel
|-supereffective|p2a: Tentacruel
|-damage|p2a: Tentacruel|0 fnt
|faint|p2a: Tentacruel
|-boost|p1a: Krookodile|atk|1|[from] ability: Moxie
|
|-weather|Sandstorm|[upkeep]
|
|switch|p2a: Celebi|Celebi|59\/342
|turn|77
|
|move|p2a: Celebi|Recover|p2a: Celebi
|-heal|p2a: Celebi|230\/342
|move|p1a: Krookodile|Earthquake|p2a: Celebi
|-resisted|p2a: Celebi
|-damage|p2a: Celebi|46\/342
|
|-weather|none
|turn|78
|
|switch|p1a: Rotom-Heat|Rotom-Heat|167\/304
|-damage|p1a: Rotom-Heat|91\/304|[from] Stealth Rock
|move|p2a: Celebi|Giga Drain|p1a: Rotom-Heat
|-resisted|p1a: Rotom-Heat
|-damage|p1a: Rotom-Heat|22\/304
|-heal|p2a: Celebi|81\/342|[from] drain|[of] p1a: Rotom-Heat
|-damage|p2a: Celebi|47\/342|[from] item: Life Orb
|
|turn|79
|
|switch|p2a: Umbreon|Umbreon, F|153\/394
|move|p1a: Rotom-Heat|Overheat|p2a: Umbreon
|-damage|p2a: Umbreon|53\/394
|-unboost|p1a: Rotom-Heat|spa|2
|
|-heal|p2a: Umbreon|77\/394|[from] item: Leftovers
|turn|80
|c| SantsDaGreatest|samsung can answer all your questions from here Amir
|
|switch|p1a: Krookodile|Krookodile, M, shiny|186\/331
|-damage|p1a: Krookodile|166\/331|[from] Stealth Rock
|move|p2a: Umbreon|Wish|p2a: Umbreon
|
|-heal|p2a: Umbreon|101\/394|[from] item: Leftovers
|turn|81
|
|move|p2a: Umbreon|Protect|p2a: Umbreon
|-singleturn|p2a: Umbreon|Protect
|move|p1a: Krookodile|Earthquake|p2a: Umbreon
|-activate|p2a: Umbreon|Protect
|
|-heal|p2a: Umbreon|298\/394|[from] move: Wish|[wisher] Umbreon
|-heal|p2a: Umbreon|322\/394|[from] item: Leftovers
|turn|82
|c| Amir The LC player|lmao^
|join|Prof Celebi
|leave|XxMoonEdgexX
|
|move|p1a: Krookodile|Earthquake|p2a: Umbreon
|-damage|p2a: Umbreon|81\/394
|move|p2a: Umbreon|Foul Play|p1a: Krookodile
|-resisted|p1a: Krookodile
|-damage|p1a: Krookodile|72\/331
|
|-heal|p2a: Umbreon|105\/394|[from] item: Leftovers
|turn|83
|c| Amir The LC player|well i saw your username and it rang a bell
|leave|Prof Celebi
|
|move|p1a: Krookodile|Earthquake|p2a: Umbreon
|-damage|p2a: Umbreon|0 fnt
|faint|p2a: Umbreon
|-boost|p1a: Krookodile|atk|1|[from] ability: Moxie
|
|
|switch|p2a: Celebi|Celebi|47\/342
|turn|84
|
|move|p2a: Celebi|Giga Drain|p1a: Krookodile
|-supereffective|p1a: Krookodile
|-damage|p1a: Krookodile|0 fnt
|-heal|p2a: Celebi|83\/342|[from] drain|[of] p1a: Krookodile
|-damage|p2a: Celebi|49\/342|[from] item: Life Orb
|faint|p1a: Krookodile
|
|
|switch|p1a: Rotom-Heat|Rotom-Heat|22\/304
|-damage|p1a: Rotom-Heat|0 fnt|[from] Stealth Rock
|faint|p1a: Rotom-Heat
|
|switch|p1a: Snorlax|Snorlax, M, shiny|524\/524
|-damage|p1a: Snorlax|459\/524|[from] Stealth Rock
|turn|85
|
|move|p2a: Celebi|Nasty Plot|p2a: Celebi
|-boost|p2a: Celebi|spa|2
|move|p1a: Snorlax|Curse|p1a: Snorlax
|-boost|p1a: Snorlax|atk|1
|-boost|p1a: Snorlax|def|1
|-unboost|p1a: Snorlax|spe|1
|
|-heal|p1a: Snorlax|491\/524|[from] item: Leftovers
|turn|86
|
|move|p2a: Celebi|Psychic|p1a: Snorlax
|-damage|p1a: Snorlax|257\/524
|-damage|p2a: Celebi|15\/342|[from] item: Life Orb
|move|p1a: Snorlax|Body Slam|p2a: Celebi
|-damage|p2a: Celebi|0 fnt
|faint|p2a: Celebi
|
|-heal|p1a: Snorlax|289\/524|[from] item: Leftovers
|leave|Amir The LC player
|
|switch|p2a: Jirachi|Jirachi|341\/341
|turn|87
|
|move|p2a: Jirachi|Iron Head|p1a: Snorlax
|-damage|p1a: Snorlax|174\/524
|move|p1a: Snorlax|Rest|p1a: Snorlax
|-status|p1a: Snorlax|slp
|-heal|p1a: Snorlax|524\/524 slp|[silent]
|-status|p1a: Snorlax|slp|[from] move: Rest
|
|turn|88
|c| SantsDaGreatest|now to kill this fat fuck
|
|move|p2a: Jirachi|Iron Head|p1a: Snorlax
|-damage|p1a: Snorlax|413\/524 slp
|cant|p1a: Snorlax|slp
|cant|p1a: Snorlax|flinch
|
|-heal|p1a: Snorlax|445\/524 slp|[from] item: Leftovers
|turn|89
|
|move|p2a: Jirachi|Iron Head|p1a: Snorlax
|-damage|p1a: Snorlax|328\/524 slp
|cant|p1a: Snorlax|slp
|cant|p1a: Snorlax|flinch
|
|-heal|p1a: Snorlax|360\/524 slp|[from] item: Leftovers
|turn|90
|c| SantsDaGreatest|not hax
|
|move|p2a: Jirachi|Iron Head|p1a: Snorlax
|-damage|p1a: Snorlax|248\/524 slp
|-curestatus|p1a: Snorlax|slp
|move|p1a: Snorlax|Rest|p1a: Snorlax
|-status|p1a: Snorlax|slp
|-heal|p1a: Snorlax|524\/524 slp|[silent]
|-status|p1a: Snorlax|slp|[from] move: Rest
|
|turn|91
|
|move|p2a: Jirachi|Iron Head|p1a: Snorlax
|-damage|p1a: Snorlax|403\/524 slp
|cant|p1a: Snorlax|slp
|move|p1a: Snorlax|Sleep Talk|p1a: Snorlax
|move|p1a: Snorlax|Curse|p1a: Snorlax|[from]Sleep Talk
|-boost|p1a: Snorlax|atk|1
|-boost|p1a: Snorlax|def|1
|-unboost|p1a: Snorlax|spe|1
|
|-heal|p1a: Snorlax|435\/524 slp|[from] item: Leftovers
|turn|92
|
|move|p2a: Jirachi|Iron Head|p1a: Snorlax
|-crit|p1a: Snorlax
|-damage|p1a: Snorlax|179\/524 slp
|cant|p1a: Snorlax|slp
|cant|p1a: Snorlax|flinch
|
|-heal|p1a: Snorlax|211\/524 slp|[from] item: Leftovers
|turn|93
|
|move|p2a: Jirachi|Iron Head|p1a: Snorlax
|-damage|p1a: Snorlax|129\/524 slp
|-curestatus|p1a: Snorlax|slp
|move|p1a: Snorlax|Rest|p1a: Snorlax
|-status|p1a: Snorlax|slp
|-heal|p1a: Snorlax|524\/524 slp|[silent]
|-status|p1a: Snorlax|slp|[from] move: Rest
|
|turn|94
|
|move|p2a: Jirachi|Iron Head|p1a: Snorlax
|-damage|p1a: Snorlax|436\/524 slp
|cant|p1a: Snorlax|slp
|move|p1a: Snorlax|Sleep Talk|p1a: Snorlax
|move|p1a: Snorlax|Rest|p1a: Snorlax|[from]Sleep Talk
|-fail|p1a: Snorlax
|
|-heal|p1a: Snorlax|468\/524 slp|[from] item: Leftovers
|turn|95
|
|move|p2a: Jirachi|Iron Head|p1a: Snorlax
|-damage|p1a: Snorlax|381\/524 slp
|cant|p1a: Snorlax|slp
|cant|p1a: Snorlax|flinch
|
|-heal|p1a: Snorlax|413\/524 slp|[from] item: Leftovers
|turn|96
|
|move|p2a: Jirachi|Iron Head|p1a: Snorlax
|-damage|p1a: Snorlax|332\/524 slp
|-curestatus|p1a: Snorlax|slp
|cant|p1a: Snorlax|flinch
|
|-heal|p1a: Snorlax|364\/524|[from] item: Leftovers
|turn|97
|
|move|p2a: Jirachi|Iron Head|p1a: Snorlax
|-damage|p1a: Snorlax|282\/524
|cant|p1a: Snorlax|flinch
|
|-heal|p1a: Snorlax|314\/524|[from] item: Leftovers
|turn|98
|
|move|p2a: Jirachi|Iron Head|p1a: Snorlax
|-damage|p1a: Snorlax|232\/524
|move|p1a: Snorlax|Rest|p1a: Snorlax
|-status|p1a: Snorlax|slp
|-heal|p1a: Snorlax|524\/524 slp|[silent]
|-status|p1a: Snorlax|slp|[from] move: Rest
|
|turn|99
|c| SantsDaGreatest|darude sandstorm where ?
|
|move|p2a: Jirachi|U-turn|p1a: Snorlax
|-damage|p1a: Snorlax|472\/524 slp
|
|switch|p2a: Hippowdon|Hippowdon, F|417\/417
|-weather|Sandstorm
|cant|p1a: Snorlax|slp
|move|p1a: Snorlax|Sleep Talk|p1a: Snorlax
|move|p1a: Snorlax|Rest|p1a: Snorlax|[from]Sleep Talk
|-fail|p1a: Snorlax
|
|-weather|Sandstorm|[upkeep]
|-damage|p1a: Snorlax|440\/524 slp|[from] sandstorm
|-heal|p1a: Snorlax|472\/524 slp|[from] item: Leftovers
|turn|100
|
|switch|p2a: Jirachi|Jirachi|341\/341
|cant|p1a: Snorlax|slp
|move|p1a: Snorlax|Sleep Talk|p1a: Snorlax
|move|p1a: Snorlax|Rest|p1a: Snorlax|[from]Sleep Talk
|-fail|p1a: Snorlax
|
|-weather|Sandstorm|[upkeep]
|-damage|p1a: Snorlax|440\/524 slp|[from] sandstorm
|-heal|p1a: Snorlax|472\/524 slp|[from] item: Leftovers
|turn|101
|
|move|p2a: Jirachi|Iron Head|p1a: Snorlax
|-damage|p1a: Snorlax|394\/524 slp
|-curestatus|p1a: Snorlax|slp
|cant|p1a: Snorlax|flinch
|
|-weather|Sandstorm|[upkeep]
|-damage|p1a: Snorlax|362\/524|[from] sandstorm
|-heal|p1a: Snorlax|394\/524|[from] item: Leftovers
|turn|102
|
|move|p2a: Jirachi|Iron Head|p1a: Snorlax
|-damage|p1a: Snorlax|312\/524
|cant|p1a: Snorlax|flinch
|
|-weather|Sandstorm|[upkeep]
|-damage|p1a: Snorlax|280\/524|[from] sandstorm
|-heal|p1a: Snorlax|312\/524|[from] item: Leftovers
|turn|103
|
|move|p2a: Jirachi|Iron Head|p1a: Snorlax
|-damage|p1a: Snorlax|222\/524
|cant|p1a: Snorlax|flinch
|
|-weather|none
|-heal|p1a: Snorlax|254\/524|[from] item: Leftovers
|turn|104
|
|move|p2a: Jirachi|Iron Head|p1a: Snorlax
|-damage|p1a: Snorlax|170\/524
|cant|p1a: Snorlax|flinch
|
|-heal|p1a: Snorlax|202\/524|[from] item: Leftovers
|turn|105
|
|move|p2a: Jirachi|Iron Head|p1a: Snorlax
|-damage|p1a: Snorlax|117\/524
|cant|p1a: Snorlax|flinch
|
|-heal|p1a: Snorlax|149\/524|[from] item: Leftovers
|turn|106
|
|move|p2a: Jirachi|Iron Head|p1a: Snorlax
|-damage|p1a: Snorlax|65\/524
|cant|p1a: Snorlax|flinch
|
|-heal|p1a: Snorlax|97\/524|[from] item: Leftovers
|turn|107
|
|move|p2a: Jirachi|Iron Head|p1a: Snorlax
|-damage|p1a: Snorlax|15\/524
|move|p1a: Snorlax|Rest|p1a: Snorlax
|-status|p1a: Snorlax|slp
|-heal|p1a: Snorlax|524\/524 slp|[silent]
|-status|p1a: Snorlax|slp|[from] move: Rest
|
|turn|108
|-message|xMario forfeited.
|
|win|KingBowser
|raw|Ladder updating...
|leave|xMario
|player|p2
|c| SantsDaGreatest|one more
|raw|KingBowser's rating: 1381 &rarr; <strong>1407<\/strong><br \/>(+26 for winning)
|raw|xMario's rating: 1503 &rarr; <strong>1476<\/strong><br \/>(-27 for losing)
|c| SantsDaGreatest|scdfvgbhnjbvfghedfg
|c| SantsDaGreatest|ds
|c| SantsDaGreatest|bdgfrdea
|c| SantsDaGreatest|gtrewe
|c| SantsDaGreatest|frewd
|c| SantsDaGreatest|cfwew
|c| Samsung2310|ctusaihdhcvd
|c| Samsung2310|:O
|c| SantsDaGreatest|KFC
|c| SantsDaGreatest|i mean shopping
|c| SantsDaGreatest|KFC