|join|xMario
|join|dodmen
|player|p1|xMario|30
|player|p2|dodmen|171
|gametype|singles
|gen|6
|tier|UU
|rule|Sleep Clause Mod: Limit one foe put to sleep
|rule|Species Clause: Limit one of each PokÃ©mon
|rule|OHKO Clause: OHKO moves are banned
|rule|Moody Clause: Moody is banned
|rule|Evasion Moves Clause: Evasion moves are banned
|rule|Endless Battle Clause: Forcing endless battles is banned
|rule|HP Percentage Mod: HP is shown in percentages
|clearpoke
|poke|p1|Beedrill, F
|poke|p1|Starmie
|poke|p1|Slurpuff, F
|poke|p1|Jirachi
|poke|p1|Hydreigon, M, shiny
|poke|p1|Raikou
|poke|p2|Infernape, F
|poke|p2|Azelf
|poke|p2|Suicune
|poke|p2|Raikou
|poke|p2|Gallade, M
|poke|p2|Krookodile, F
|rule|Swagger Clause: Swagger is banned
|rule|Baton Pass Clause: Limit one PokÃ©mon knowing Baton Pass
|teampreview
|join|SmashBrosBrawl
|join|Kyla's Nightmare
|join|Donphantastic
|join|thunderkid blitz
|join|Misery Business
|join|Dorian42
|join|Bob the Bro
|join|Psychotic
|join|mega luffy
|join|LiberalLucario
|join|IheartMagikarp
|c|âdodmen|this is awkward
|join|Nas
|c| Bob the Bro|mario
|join|omegaW
|join|LessThanThreeMan
|join|Vaporeon for Ubers
|c|+SmashBrosBrawl|slurpuff setups on raikou
|c| Bob the Bro|win for me
|c|+SmashBrosBrawl|imo
|join|SlothyGuy
|join|fuccboi 88
|c| Donphantastic|dodmen
|
|start
|switch|p1a: Hydreigon|Hydreigon, M, shiny|325\/325
|switch|p2a: Azelf|Azelf|291\/291
|turn|1
|join|ASDF5190
|
|move|p1a: Hydreigon|Dark Pulse|p2a: Azelf
|-supereffective|p2a: Azelf
|-enditem|p2a: Azelf|Focus Sash
|-damage|p2a: Azelf|1\/291
|move|p2a: Azelf|Stealth Rock|p1a: Hydreigon
|-sidestart|p1: xMario|move: Stealth Rock
|
|turn|2
|join|Haros21
|c| Donphantastic|your team a shit
|join|Trollmeiser
|
|switch|p1a: Starmie|Starmie|261\/261
|-damage|p1a: Starmie|229\/261|[from] Stealth Rock
|switch|p2a: Krookodile|Krookodile, F|331\/331
|-ability|p2a: Krookodile|Intimidate|[of] p1a: Starmie
|-unboost|p1a: Starmie|atk|1
|
|turn|3
|c| Vaporeon for Ubers|boom
|c| Vaporeon for Ubers|welp
|
|switch|p2a: Raikou|Raikou|321\/321
|-ability|p2a: Raikou|Pressure
|move|p1a: Starmie|Hydro Pump|p2a: Raikou
|-damage|p2a: Raikou|68\/321
|-damage|p1a: Starmie|203\/261|[from] item: Life Orb
|
|-heal|p2a: Raikou|88\/321|[from] item: Leftovers
|turn|4
|c|+SmashBrosBrawl|lol
|c|âdodmen|that is fun
|join|God Hates Gays
|
|switch|p1a: Jirachi|Jirachi|404\/404
|-damage|p1a: Jirachi|379\/404|[from] Stealth Rock
|move|p2a: Raikou|Volt Switch|p1a: Jirachi
|-damage|p1a: Jirachi|258\/404
|c| Bob the Bro|get rekt
|
|switch|p2a: Krookodile|Krookodile, F|331\/331
|-ability|p2a: Krookodile|Intimidate|[of] p1a: Jirachi
|-unboost|p1a: Jirachi|atk|1
|
|-heal|p1a: Jirachi|283\/404|[from] item: Leftovers
|turn|5
|
|switch|p1a: Hydreigon|Hydreigon, M, shiny|325\/325
|-damage|p1a: Hydreigon|285\/325|[from] Stealth Rock
|move|p2a: Krookodile|Knock Off|p1a: Hydreigon
|-resisted|p1a: Hydreigon
|-damage|p1a: Hydreigon|177\/325
|-enditem|p1a: Hydreigon|Choice Scarf|[from] move: Knock Off|[of] p2a: Krookodile
|
|turn|6
|c|âxMario|ah
|c|âxMario|not good
|join|Yellow Skarmory
|
|switch|p2a: Azelf|Azelf|1\/291
|move|p1a: Hydreigon|Draco Meteor|p2a: Azelf
|-damage|p2a: Azelf|0 fnt
|-unboost|p1a: Hydreigon|spa|2
|faint|p2a: Azelf
|
|join|RobbysAFK
|c|+SmashBrosBrawl|idk why you saved rachi
|
|switch|p2a: Gallade|Gallade, M|277\/277
|turn|7
|c|+SmashBrosBrawl|what is it even doing lol
|c| Yellow Skarmory|**HINALS FYPE**
|c| Vaporeon for Ubers|have sneak and win
|c| Vaporeon for Ubers|sd x 3
|c| Psychotic|nice gallade check
|c|+SmashBrosBrawl|he has sneak
|c| fuccboi 88|ofc he has sneak
|
|detailschange|p2a: Gallade|Gallade-Mega, M
|message|Gallade has Mega Evolved into Mega Gallade!
|move|p1a: Hydreigon|U-turn|p2a: Gallade
|-damage|p2a: Gallade|226\/277
|c| fuccboi 88|hes dodmen
|join|VividLatias
|
|switch|p1a: Starmie|Starmie|203\/261
|-damage|p1a: Starmie|171\/261|[from] Stealth Rock
|move|p2a: Gallade|Swords Dance|p2a: Gallade
|-boost|p2a: Gallade|atk|2
|
|turn|8
|c| Donphantastic|can confirm
|c|+SmashBrosBrawl|gg
|c| Vaporeon for Ubers|s n e a k
|
|move|p2a: Gallade|Shadow Sneak|p1a: Starmie
|-supereffective|p1a: Starmie
|-damage|p1a: Starmie|0 fnt
|faint|p1a: Starmie
|
|c| Vaporeon for Ubers|AHHHH
|c|âxMario|ah
|c|âdodmen|that
|c|âdodmen|is
|c|âdodmen|awkward
|c|+SmashBrosBrawl|you have to lure
|c| RobbysAFK|super sneaky tho
|c| fuccboi 88|this actually just wins
|c|âxMario|that is a cteam
|c|+SmashBrosBrawl|the cc
|c| fuccboi 88|l0l
|c|âxMario|oO
|c| Vaporeon for Ubers|why didnt you switch
|c|+SmashBrosBrawl|sp def drop
|c| IheartMagikarp|beedrill lives it
|c| IheartMagikarp|watch
|c| Donphantastic|n
|
|switch|p1a: Raikou|Raikou|321\/321
|-damage|p1a: Raikou|281\/321|[from] Stealth Rock
|-ability|p1a: Raikou|Pressure
|turn|9
|c| Misery Business|getting 3 kills
|c| Donphantastic|dodmen
|c| Donphantastic|this team still a shit
|
|move|p1a: Raikou|Thunderbolt|p2a: Gallade
|-damage|p2a: Gallade|18\/277
|move|p2a: Gallade|Close Combat|p1a: Raikou
|-damage|p1a: Raikou|0 fnt
|-unboost|p2a: Gallade|def|1
|-unboost|p2a: Gallade|spd|1
|faint|p1a: Raikou
|
|
|switch|p1a: Jirachi|Jirachi|283\/404
|-damage|p1a: Jirachi|258\/404|[from] Stealth Rock
|turn|10
|c|+SmashBrosBrawl|n
|c|+SmashBrosBrawl|you need
|c|+SmashBrosBrawl|to sack hydra
|c|+SmashBrosBrawl|then do that
|c| Donphantastic|eliminated me for 3 tourneys
|c| Donphantastic|:[
|
|move|p2a: Gallade|Close Combat|p1a: Jirachi
|-damage|p1a: Jirachi|0 fnt
|-unboost|p2a: Gallade|def|1
|-unboost|p2a: Gallade|spd|1
|faint|p1a: Jirachi
|
|c|âxMario|gg
|c|+SmashBrosBrawl|,
|c| Vaporeon for Ubers|good
|c|+SmashBrosBrawl|,
|c| Vaporeon for Ubers|game
|
|switch|p1a: Beedrill|Beedrill, F|271\/271
|-damage|p1a: Beedrill|204\/271|[from] Stealth Rock
|turn|11
|c|+SmashBrosBrawl|,
|c|+SmashBrosBrawl|,
|c| Vaporeon for Ubers|man
|c| Vaporeon for Ubers|i should just use mega gallade
|join|swagger on deck
|c| Vaporeon for Ubers|i'll be unbeatable!
|c| Vaporeon for Ubers|!!
|c|âdodmen|that was not very fun
|join|Samsung2310
|
|detailschange|p1a: Beedrill|Beedrill-Mega, F
|message|Beedrill has Mega Evolved into Mega Beedrill!
|move|p1a: Beedrill|Protect|p1a: Beedrill
|-singleturn|p1a: Beedrill|Protect
|move|p2a: Gallade|Close Combat|p1a: Beedrill
|-activate|p1a: Beedrill|Protect
|
|turn|12
|
|move|p2a: Gallade|Shadow Sneak|p1a: Beedrill
|-damage|p1a: Beedrill|0 fnt
|faint|p1a: Beedrill
|
|
|switch|p1a: Slurpuff|Slurpuff, F|306\/306
|-damage|p1a: Slurpuff|268\/306|[from] Stealth Rock
|turn|13
|
|move|p2a: Gallade|Zen Headbutt|p1a: Slurpuff
|-damage|p1a: Slurpuff|0 fnt
|faint|p1a: Slurpuff
|
|c| Bob the Bro|not op
|
|switch|p1a: Hydreigon|Hydreigon, M, shiny|177\/325
|-damage|p1a: Hydreigon|137\/325|[from] Stealth Rock
|turn|14
|
|move|p2a: Gallade|Swords Dance|p2a: Gallade
|-boost|p2a: Gallade|atk|2
|move|p1a: Hydreigon|Dark Pulse|p2a: Gallade
|-damage|p2a: Gallade|0 fnt
|faint|p2a: Gallade
|
|
|switch|p2a: Infernape|Infernape, F|293\/293
|turn|15
|join|Over Under Used
|c| Donphantastic|rekt
|
|move|p2a: Infernape|Close Combat|p1a: Hydreigon
|-supereffective|p1a: Hydreigon
|-damage|p1a: Hydreigon|0 fnt
|-unboost|p2a: Infernape|def|1
|-unboost|p2a: Infernape|spd|1
|-damage|p2a: Infernape|264\/293|[from] item: Life Orb
|faint|p1a: Hydreigon
|
|win|dodmen
|leave|xMario
|player|p1
|leave|SmashBrosBrawl
|leave|Nas