|join|xMario
|join|Psychotic
|player|p1|xMario|30
|player|p2|Psychotic|253
|gametype|singles
|gen|6
|tier|UU
|rule|Sleep Clause Mod: Limit one foe put to sleep
|rule|Species Clause: Limit one of each PokÃ©mon
|rule|OHKO Clause: OHKO moves are banned
|rule|Moody Clause: Moody is banned
|rule|Evasion Moves Clause: Evasion moves are banned
|rule|Endless Battle Clause: Forcing endless battles is banned
|rule|HP Percentage Mod: HP is shown in percentages
|clearpoke
|poke|p1|Florges, F, shiny
|poke|p1|Bronzong, shiny
|poke|p1|Krookodile, F
|poke|p1|Tentacruel, M
|poke|p1|Pidgeot, M
|poke|p1|Spiritomb, M
|poke|p2|Abomasnow, M
|poke|p2|Glalie, M
|poke|p2|Sharpedo, F
|poke|p2|Zygarde
|poke|p2|Mismagius, M
|poke|p2|Empoleon, M
|rule|Swagger Clause: Swagger is banned
|rule|Baton Pass Clause: Limit one PokÃ©mon knowing Baton Pass
|teampreview
|join|SmashBrosBrawl
|join|LiberalLucario
|join|Misery Business
|join|RobbysAFK
|join|God Hates Gays
|c|+SmashBrosBrawl|double ice core
|c| Misery Business|ah Glalie
|c|+SmashBrosBrawl|in
|join|namehtmas
|c|âxMario|what does glalie do
|c|âxMario|oO
|join|Darsian
|c|+SmashBrosBrawl|bops
|join|A10t0fN0th1ng
|c|+SmashBrosBrawl|everything
|c| LiberalLucario|blizzard glalie
|c|âPsychotic|fucks
|c| namehtmas|it fucks shit up
|c|âPsychotic|shit
|c| LiberalLucario|in af
|c|âPsychotic|up
|c| God Hates Gays|it explodes
|c|+SmashBrosBrawl|except your bronzong
|c|âxMario|nice
|
|start
|switch|p1a: Krookodile|Krookodile, F|335\/335
|switch|p2a: Glalie|Glalie, M|364\/364
|turn|1
|join|i wish i had swag
|join|Nas
|c|+SmashBrosBrawl|moxi
|c| LiberalLucario|mfw
|
|switch|p1a: Bronzong|Bronzong, shiny|338\/338
|move|p2a: Glalie|Spikes|p1a: Bronzong
|-sidestart|p1: xMario|Spikes
|
|turn|2
|c|+SmashBrosBrawl|,
|c| LiberalLucario|moxiescarf
|join|LessThanThreeMan
|c|+SmashBrosBrawl|not even
|
|move|p2a: Glalie|Spikes|p1a: Bronzong
|-sidestart|p1: xMario|Spikes
|move|p1a: Bronzong|Iron Head|p2a: Glalie
|-supereffective|p2a: Glalie
|-damage|p2a: Glalie|166\/364
|
|turn|3
|c|+SmashBrosBrawl|the mega
|c| God Hates Gays|sharpedo is mega
|
|move|p2a: Glalie|Taunt|p1a: Bronzong
|-start|p1a: Bronzong|move: Taunt
|cant|p1a: Bronzong|move: Taunt|Stealth Rock
|
|turn|4
|c| namehtmas|ooooooo
|c|âxMario|ic
|c| LiberalLucario|fkn
|
|move|p2a: Glalie|Spikes|p1a: Bronzong
|-sidestart|p1: xMario|Spikes
|move|p1a: Bronzong|Iron Head|p2a: Glalie
|-supereffective|p2a: Glalie
|-damage|p2a: Glalie|0 fnt
|faint|p2a: Glalie
|
|c|+SmashBrosBrawl|blow up
|c| LiberalLucario|leadglalie
|c|âPsychotic|lol i think emp
|join|kl0s
|c|âPsychotic|sweeps you clean
|c| LiberalLucario|hes got tenta
|c|+Nas|but it only sets up
|c|+Nas|on 4 mons
|c|âxMario|nice
|c| LiberalLucario|rofl
|c|âPsychotic|troo
|c|âPsychotic|gotta be careful when setting up
|c|+Nas|ye
|
|switch|p2a: Mismagius|Mismagius, M|262\/262
|turn|5
|c|âxMario|i should've foreseen sub sd aqua jet knock off empoleon coming
|c|âxMario|x_x
|leave|Darsian
|c|+SmashBrosBrawl|wait so
|
|switch|p1a: Pidgeot|Pidgeot, M|307\/307
|move|p2a: Mismagius|Shadow Ball|p1a: Pidgeot
|-immune|p1a: Pidgeot|[msg]
|
|turn|6
|c|+SmashBrosBrawl|sr
|c|+SmashBrosBrawl|where
|c| namehtmas|sharpedo
|c| namehtmas|it got it
|c| namehtmas|oras tutors
|join|thunderkid blitz
|c|âPsychotic|PLAYZzzzz
|c|+SmashBrosBrawl|k
|c|+SmashBrosBrawl|m8
|c|âxMario|very plays,,
|c|+SmashBrosBrawl|tbolt here
|c|+SmashBrosBrawl|tbh
|
|detailschange|p1a: Pidgeot|Pidgeot-Mega, M
|message|Pidgeot has Mega Evolved into Mega Pidgeot!
|move|p2a: Mismagius|Destiny Bond|p2a: Mismagius
|-singlemove|p2a: Mismagius|Destiny Bond
|move|p1a: Pidgeot|Hurricane|p2a: Mismagius
|-damage|p2a: Mismagius|84\/262
|
|turn|7
|c| God Hates Gays|is it over yet
|join|Yellow Skarmory
|c|+SmashBrosBrawl|,
|c| LessThanThreeMan|awk
|c|âxMario|so thats how it is
|
|move|p1a: Pidgeot|Substitute|p1a: Pidgeot
|-start|p1a: Pidgeot|Substitute
|-damage|p1a: Pidgeot|231\/307
|move|p2a: Mismagius|Dazzling Gleam|p1a: Pidgeot
|-end|p1a: Pidgeot|Substitute
|-damage|p2a: Mismagius|58\/262|[from] item: Life Orb
|
|turn|8
|c| namehtmas|is your last move taunt
|c| God Hates Gays|O U T P L A Y E D
|c|+Nas|made him reveal the sub
|c|âPsychotic|gotta b
|c| namehtmas|i used this mag
|c| namehtmas|in like
|c| namehtmas|march
|c|âxMario|the only problem about this game
|c|âxMario|is that my only counter to empoleon is
|c|âxMario|hurricane confusion
|c|âxMario|:\/
|
|switch|p2a: Zygarde|Zygarde|358\/358
|-ability|p2a: Zygarde|Aura Break
|move|p1a: Pidgeot|Hurricane|p2a: Zygarde
|-damage|p2a: Zygarde|145\/358
|
|-heal|p2a: Zygarde|167\/358|[from] item: Leftovers
|turn|9
|c|âPsychotic|fuk it zyg cant do shit this game
|
|move|p2a: Zygarde|Extreme Speed|p1a: Pidgeot
|-crit|p1a: Pidgeot
|-damage|p1a: Pidgeot|78\/307
|move|p1a: Pidgeot|Hurricane|p2a: Zygarde
|-damage|p2a: Zygarde|0 fnt
|faint|p2a: Zygarde
|
|c|+SmashBrosBrawl|lol
|c|âxMario|it can still crit
|c|âxMario|zzz
|
|switch|p2a: Abomasnow|Abomasnow, M|361\/361
|-weather|Hail
|turn|10
|c|âPsychotic|and it
|c|+Nas|u lost ur emp check
|c|âPsychotic|did
|
|switch|p1a: Bronzong|Bronzong, shiny|338\/338
|move|p2a: Abomasnow|Ice Shard|p1a: Bronzong
|-resisted|p1a: Bronzong
|-damage|p1a: Bronzong|316\/338
|
|-weather|Hail|[upkeep]
|-damage|p1a: Bronzong|295\/338|[from] hail
|-heal|p1a: Bronzong|316\/338|[from] item: Leftovers
|turn|11
|
|switch|p1a: Krookodile|Krookodile, F|335\/335
|-damage|p1a: Krookodile|252\/335|[from] Spikes
|move|p2a: Abomasnow|Swords Dance|p2a: Abomasnow
|-boost|p2a: Abomasnow|atk|2
|
|-weather|Hail|[upkeep]
|-damage|p1a: Krookodile|232\/335|[from] hail
|turn|12
|c|âxMario|why did u do that
|
|switch|p1a: Bronzong|Bronzong, shiny|316\/338
|move|p2a: Abomasnow|Ice Shard|p1a: Bronzong
|-crit|p1a: Bronzong
|-resisted|p1a: Bronzong
|-damage|p1a: Bronzong|247\/338
|
|-weather|Hail|[upkeep]
|-damage|p1a: Bronzong|226\/338|[from] hail
|-heal|p1a: Bronzong|247\/338|[from] item: Leftovers
|turn|13
|c|+SmashBrosBrawl|lol
|
|move|p2a: Abomasnow|Wood Hammer|p1a: Bronzong
|-resisted|p1a: Bronzong
|-damage|p1a: Bronzong|124\/338
|-damage|p2a: Abomasnow|320\/361|[from] recoil|[of] p1a: Bronzong
|move|p1a: Bronzong|Iron Head|p2a: Abomasnow
|-supereffective|p2a: Abomasnow
|-damage|p2a: Abomasnow|120\/361
|
|-weather|Hail|[upkeep]
|-damage|p1a: Bronzong|103\/338|[from] hail
|-heal|p1a: Bronzong|124\/338|[from] item: Leftovers
|turn|14
|c|âPsychotic|cuz u switched
|c|âPsychotic|.-.
|
|move|p2a: Abomasnow|Wood Hammer|p1a: Bronzong
|-resisted|p1a: Bronzong
|-damage|p1a: Bronzong|0 fnt
|-damage|p2a: Abomasnow|79\/361|[from] recoil|[of] p1a: Bronzong
|faint|p1a: Bronzong
|
|-weather|Hail|[upkeep]
|c|âxMario|the rolls are here
|
|switch|p1a: Tentacruel|Tentacruel, M|357\/357
|-damage|p1a: Tentacruel|268\/357|[from] Spikes
|turn|15
|
|move|p1a: Tentacruel|Rapid Spin|p2a: Abomasnow
|-damage|p2a: Abomasnow|66\/361
|-sideend|p1: xMario|Spikes|[from] move: Rapid Spin|[of] p1a: Tentacruel
|move|p2a: Abomasnow|Earthquake|p1a: Tentacruel
|-supereffective|p1a: Tentacruel
|-damage|p1a: Tentacruel|0 fnt
|faint|p1a: Tentacruel
|
|-weather|Hail|[upkeep]
|
|switch|p1a: Florges|Florges, F, shiny|360\/360
|turn|16
|c|âPsychotic|whyd u do that
|c| God Hates Gays|wtf
|c| Yellow Skarmory|z
|c|+Nas|i dont think emp is gonna sweep him
|c| Yellow Skarmory|e z*
|c|+Nas|anymore
|c|âPsychotic|it really
|c|âPsychotic|doesnt have a chance
|c|âPsychotic|in hell
|c|âPsychotic|of sweeping
|
|move|p1a: Florges|Moonblast|p2a: Abomasnow
|-damage|p2a: Abomasnow|0 fnt
|faint|p2a: Abomasnow
|
|-weather|Hail|[upkeep]
|-damage|p1a: Florges|338\/360|[from] hail
|-heal|p1a: Florges|360\/360|[from] item: Leftovers
|c|âxMario|everything is calculated
|join|IheartMagikarp
|c|âPsychotic|wtf
|c|+SmashBrosBrawl|why that abomasnow has no speed
|c|âPsychotic|did i not ev this
|c|âxMario|oO
|c|+SmashBrosBrawl|lol
|c|âPsychotic|damn
|c|âPsychotic|didnt
|c|âxMario|florges is pretty fast
|c|âxMario|though
|c|âxMario|n_n
|c|+Nas|emp may have a chance
|c|+Nas|yet
|c|âPsychotic|ya but i always run like max speed
|c|âxMario|that is still lower than 220
|c|âxMario|unless if u're gay and jolly
|c|+Nas|lol
|c|+Nas|220 speed florges
|
|switch|p2a: Empoleon|Empoleon, M|347\/347
|turn|17
|
|switch|p1a: Spiritomb|Spiritomb, M|303\/303
|move|p2a: Empoleon|Knock Off|p1a: Spiritomb
|-damage|p1a: Spiritomb|218\/303
|-enditem|p1a: Spiritomb|Choice Band|[from] move: Knock Off|[of] p2a: Empoleon
|
|-weather|none
|turn|18
|c|âxMario|ow
|
|move|p2a: Empoleon|Stealth Rock|p1a: Spiritomb
|-sidestart|p1: xMario|move: Stealth Rock
|move|p1a: Spiritomb|Will-O-Wisp|p2a: Empoleon
|-status|p2a: Empoleon|brn
|
|-damage|p2a: Empoleon|304\/347 brn|[from] brn
|turn|19
|c|âPsychotic|.-.
|c|âPsychotic|banded runs wow
|c| LiberalLucario|banded willo
|c|âPsychotic|wtf
|c| LiberalLucario|nice
|c|âxMario|#sets
|
|move|p2a: Empoleon|Swords Dance|p2a: Empoleon
|-boost|p2a: Empoleon|atk|2
|move|p1a: Spiritomb|Pursuit|p2a: Empoleon
|-damage|p2a: Empoleon|240\/347 brn
|
|-heal|p2a: Empoleon|261\/347 brn|[from] item: Leftovers
|-damage|p2a: Empoleon|218\/347 brn|[from] brn
|turn|20
|
|move|p2a: Empoleon|Swords Dance|p2a: Empoleon
|-boost|p2a: Empoleon|atk|2
|move|p1a: Spiritomb|Pursuit|p2a: Empoleon
|-crit|p2a: Empoleon
|-damage|p2a: Empoleon|110\/347 brn
|
|-heal|p2a: Empoleon|131\/347 brn|[from] item: Leftovers
|-damage|p2a: Empoleon|88\/347 brn|[from] brn
|turn|21
|c|+SmashBrosBrawl|torrent
|c|+SmashBrosBrawl|in
|c|+Nas|u got healing wish on that sharpedo?
|c| LiberalLucario|why are you
|
|move|p2a: Empoleon|Aqua Jet|p1a: Spiritomb
|-damage|p1a: Spiritomb|92\/303
|move|p1a: Spiritomb|Pursuit|p2a: Empoleon
|-damage|p2a: Empoleon|16\/347 brn
|
|-heal|p2a: Empoleon|37\/347 brn|[from] item: Leftovers
|-damage|p2a: Empoleon|0 fnt|[from] brn
|faint|p2a: Empoleon
|c| LiberalLucario|pursuiting
|c| LiberalLucario|oh
|c| God Hates Gays|lol
|
|switch|p2a: Sharpedo|Sharpedo, F|281\/281
|turn|22
|c|âxMario|because
|c| God Hates Gays|easy game
|c|âxMario|sucker punch would fail
|c|âxMario|n_n
|join|JiffPeanutButter
|
|move|p2a: Sharpedo|Dark Pulse|p1a: Spiritomb
|-damage|p1a: Spiritomb|0 fnt
|-damage|p2a: Sharpedo|253\/281|[from] item: Life Orb
|faint|p1a: Spiritomb
|
|-boost|p2a: Sharpedo|spe|1|[from] ability: Speed Boost
|
|switch|p1a: Florges|Florges, F, shiny|360\/360
|-damage|p1a: Florges|315\/360|[from] Stealth Rock
|turn|23
|leave|JiffPeanutButter
|c| Yellow Skarmory|no mega?
|c|+SmashBrosBrawl|not a single
|c|+SmashBrosBrawl|mega
|c|+Nas|.
|c|âPsychotic|banded wow spiritomb .-.
|c| LiberalLucario|3 possible megas
|c| Yellow Skarmory|,
|c| LiberalLucario|and no mega
|c|+Nas|speed boost
|c|âPsychotic|i got so excited
|c|âPsychotic|i forgot 2
|c|âPsychotic|1
|c|âxMario|why are u hating on my sets
|c|+Nas|u dont mega pedo
|c|âxMario|oO
|c|+Nas|turn 1
|c| LiberalLucario|he has
|c|+Nas|.-.
|c| LessThanThreeMan|life orb
|c| LiberalLucario|life orb?
|
|move|p2a: Sharpedo|Dark Pulse|p1a: Florges
|-resisted|p1a: Florges
|-damage|p1a: Florges|257\/360
|-damage|p2a: Sharpedo|225\/281|[from] item: Life Orb
|move|p1a: Florges|Moonblast|p2a: Sharpedo
|-supereffective|p2a: Sharpedo
|-damage|p2a: Sharpedo|0 fnt
|faint|p2a: Sharpedo
|
|-heal|p1a: Florges|279\/360|[from] item: Leftovers
|c|âPsychotic|G_G
|c| Yellow Skarmory|but
|c|âxMario|G, G
|c| Yellow Skarmory|it
|
|switch|p2a: Mismagius|Mismagius, M|58\/262
|turn|24
|c| Yellow Skarmory|has
|c| Yellow Skarmory|life
|c| Yellow Skarmory|orb
|
|move|p2a: Mismagius|Destiny Bond|p2a: Mismagius
|-singlemove|p2a: Mismagius|Destiny Bond
|move|p1a: Florges|Moonblast|p2a: Mismagius
|-damage|p2a: Mismagius|0 fnt
|faint|p2a: Mismagius
|-activate|p2a: Mismagius|Destiny Bond
|faint|p1a: Florges
|
|win|xMario
|c|+Nas|so
|leave|xMario
|player|p1
|leave|RobbysAFK
|leave|Psychotic
|player|p2
|leave|LiberalLucario
|join|xMario
|leave|Yellow Skarmory