|join|DisastrousFutility
|join|OTRTVC
|player|p1|DisastrousFutility|248
|player|p2|OTRTVC|290
|gametype|singles
|gen|6
|tier|OU
|rated
|clearpoke
|poke|p1|Manaphy
|poke|p1|Amoonguss, M
|poke|p1|Heatran, M
|poke|p1|Gothitelle, F
|poke|p1|Mandibuzz, F
|poke|p1|Lopunny, F
|poke|p2|Landorus, M, shiny
|poke|p2|Bisharp, M, shiny
|poke|p2|Greninja, F, shiny
|poke|p2|Gengar, M, shiny
|poke|p2|Azelf, shiny
|poke|p2|Lopunny, F, shiny
|rule|Swagger Clause: Swagger is banned
|rule|Baton Pass Clause: Limit one PokÃ©mon knowing Baton Pass
|rule|Sleep Clause Mod: Limit one foe put to sleep
|rule|Species Clause: Limit one of each PokÃ©mon
|rule|OHKO Clause: OHKO moves are banned
|rule|Moody Clause: Moody is banned
|rule|Evasion Moves Clause: Evasion moves are banned
|rule|Endless Battle Clause: Forcing endless battles is banned
|rule|HP Percentage Mod: HP is shown in percentages
|teampreview
|
|start
|switch|p1a: Lopunny|Lopunny, F|271\/271
|switch|p2a: Azelf|Azelf, shiny|291\/291
|turn|1
|
|switch|p2a: Lopunny|Lopunny, F, shiny|271\/271
|detailschange|p1a: Lopunny|Lopunny-Mega, F
|message|Lopunny has Mega Evolved into Mega Lopunny!
|move|p1a: Lopunny|Fake Out|p2a: Lopunny
|-damage|p2a: Lopunny|192\/271
|
|turn|2
|
|switch|p1a: Gothitelle|Gothitelle, F|301\/301
|switch|p2a: Azelf|Azelf, shiny|291\/291
|
|turn|3
|
|switch|p1a: Mandibuzz|Mandibuzz, F|423\/423
|move|p2a: Azelf|Stealth Rock|p1a: Mandibuzz
|-sidestart|p1: DisastrousFutility|move: Stealth Rock
|
|turn|4
|
|move|p2a: Azelf|Explosion|p1a: Mandibuzz
|-damage|p1a: Mandibuzz|206\/423
|faint|p2a: Azelf
|move|p1a: Mandibuzz|Foul Play|p2: Azelf|[notarget]
|-notarget
|
|-heal|p1a: Mandibuzz|232\/423|[from] item: Leftovers
|
|switch|p2a: Lopunny|Lopunny, F, shiny|192\/271
|turn|5
|
|detailschange|p2a: Lopunny|Lopunny-Mega, F, shiny
|message|Lopunny has Mega Evolved into Mega Lopunny!
|move|p2a: Lopunny|Fake Out|p1a: Mandibuzz
|-damage|p1a: Mandibuzz|174\/423
|cant|p1a: Mandibuzz|flinch
|
|-heal|p1a: Mandibuzz|200\/423|[from] item: Leftovers
|turn|6
|
|move|p2a: Lopunny|High Jump Kick|p1a: Mandibuzz
|-damage|p1a: Mandibuzz|19\/423
|move|p1a: Mandibuzz|Defog|p2a: Lopunny
|-unboost|p2a: Lopunny|evasion|1
|-sideend|p1: DisastrousFutility|Stealth Rock|[from] move: Defog|[of] p1a: Mandibuzz
|
|-heal|p1a: Mandibuzz|45\/423|[from] item: Leftovers
|turn|7
|
|switch|p2a: Bisharp|Bisharp, M, shiny|271\/271
|move|p1a: Mandibuzz|Roost|p1a: Mandibuzz
|-heal|p1a: Mandibuzz|257\/423
|
|-heal|p1a: Mandibuzz|283\/423|[from] item: Leftovers
|turn|8
|c|âDisastrousFutility|nb
|
|move|p2a: Bisharp|Swords Dance|p2a: Bisharp
|-boost|p2a: Bisharp|atk|2
|move|p1a: Mandibuzz|Foul Play|p2a: Bisharp
|-resisted|p2a: Bisharp
|-damage|p2a: Bisharp|91\/271
|
|-heal|p1a: Mandibuzz|309\/423|[from] item: Leftovers
|turn|9
|
|move|p2a: Bisharp|Iron Head|p1a: Mandibuzz
|-damage|p1a: Mandibuzz|0 fnt
|-damage|p2a: Bisharp|64\/271|[from] item: Life Orb
|faint|p1a: Mandibuzz
|
|
|switch|p1a: Lopunny|Lopunny-Mega, F|271\/271
|turn|10
|
|move|p1a: Lopunny|Fake Out|p2a: Bisharp
|-crit|p2a: Bisharp
|-resisted|p2a: Bisharp
|-damage|p2a: Bisharp|13\/271
|cant|p2a: Bisharp|flinch
|
|turn|11
|
|switch|p1a: Manaphy|Manaphy|404\/404
|move|p2a: Bisharp|Knock Off|p1a: Manaphy
|-damage|p1a: Manaphy|30\/404
|-enditem|p1a: Manaphy|Leftovers|[from] move: Knock Off|[of] p2a: Bisharp
|-damage|p2a: Bisharp|0 fnt|[from] item: Life Orb
|faint|p2a: Bisharp
|
|
|switch|p2a: Landorus|Landorus, M, shiny|345\/345
|turn|12
|
|switch|p1a: Krakatoa|Heatran, M|385\/385
|-item|p1a: Krakatoa|Air Balloon
|move|p2a: Landorus|Rock Polish|p2a: Landorus
|-boost|p2a: Landorus|spe|2
|
|turn|13
|c|âDisastrousFutility|wow
|c|âDisastrousFutility|Are you serious
|
|move|p2a: Landorus|Psychic|p1a: Krakatoa
|-resisted|p1a: Krakatoa
|-damage|p1a: Krakatoa|317\/385
|-enditem|p1a: Krakatoa|Air Balloon
|move|p1a: Krakatoa|Fire Blast|p2a: Landorus
|-damage|p2a: Landorus|126\/345
|
|turn|14
|
|switch|p1a: Manaphy|Manaphy|30\/404
|move|p2a: Landorus|Earth Power|p1a: Manaphy
|-damage|p1a: Manaphy|0 fnt
|faint|p1a: Manaphy
|
|
|switch|p1a: Grasloch|Amoonguss, M|432\/432
|turn|15
|
|move|p2a: Landorus|Psychic|p1a: Grasloch
|-supereffective|p1a: Grasloch
|-damage|p1a: Grasloch|42\/432
|move|p1a: Grasloch|Spore|p2a: Landorus
|-status|p2a: Landorus|slp
|
|-heal|p1a: Grasloch|69\/432|[from] item: Black Sludge
|turn|16
|
|switch|p1a: Lopunny|Lopunny-Mega, F|271\/271
|cant|p2a: Landorus|slp
|
|turn|17
|
|cant|p2a: Landorus|slp
|move|p1a: Lopunny|Return|p2a: Landorus
|-damage|p2a: Landorus|0 fnt
|faint|p2a: Landorus
|
|
|switch|p2a: Lopunny|Lopunny-Mega, F, shiny|192\/271
|turn|18
|
|switch|p2a: Greninja|Greninja, F, shiny|285\/285
|switch|p1a: Grasloch|Amoonguss, M|213\/432
|
|-heal|p1a: Grasloch|240\/432|[from] item: Black Sludge
|turn|19
|
|switch|p1a: Krakatoa|Heatran, M|317\/385
|move|p2a: Greninja|Ice Beam|p1a: Krakatoa
|-start|p2a: Greninja|typechange|Ice|[from] Protean
|-resisted|p1a: Krakatoa
|-damage|p1a: Krakatoa|286\/385
|-damage|p2a: Greninja|257\/285|[from] item: Life Orb
|
|turn|20
|
|move|p2a: Greninja|Ice Beam|p1a: Krakatoa
|-resisted|p1a: Krakatoa
|-damage|p1a: Krakatoa|254\/385
|-damage|p2a: Greninja|229\/285|[from] item: Life Orb
|move|p1a: Krakatoa|Stealth Rock|p2a: Greninja
|-sidestart|p2: OTRTVC|move: Stealth Rock
|
|turn|21
|
|switch|p1a: Grasloch|Amoonguss, M|384\/432
|move|p2a: Greninja|Hydro Pump|p1a: Grasloch|[miss]
|-start|p2a: Greninja|typechange|Water|[from] Protean
|-miss|p2a: Greninja|p1a: Grasloch
|
|-heal|p1a: Grasloch|411\/432|[from] item: Black Sludge
|turn|22
|
|move|p2a: Greninja|Ice Beam|p1a: Grasloch
|-start|p2a: Greninja|typechange|Ice|[from] Protean
|-supereffective|p1a: Grasloch
|-damage|p1a: Grasloch|29\/432
|-damage|p2a: Greninja|201\/285|[from] item: Life Orb
|move|p1a: Grasloch|Spore|p2a: Greninja
|-status|p2a: Greninja|slp
|
|-heal|p1a: Grasloch|56\/432|[from] item: Black Sludge
|turn|23
|
|switch|p1a: Lopunny|Lopunny-Mega, F|271\/271
|cant|p2a: Greninja|slp
|
|turn|24
|
|move|p1a: Lopunny|Return|p2a: Greninja
|-damage|p2a: Greninja|0 fnt
|faint|p2a: Greninja
|
|-message|OTRTVC forfeited.
|
|win|DisastrousFutility
|raw|Ladder updating...
|leave|OTRTVC
|player|p2
|raw|DisastrousFutility's rating: 1647 &rarr; <strong>1672<\/strong><br \/>(+25 for winning)
|raw|OTRTVC's rating: 1748 &rarr; <strong>1723<\/strong><br \/>(-25 for losing)