|join|Reverb
|join|OTRTVC
|player|p1|Reverb|#reverb
|player|p2|OTRTVC|290
|gametype|singles
|gen|6
|tier|OU
|rated
|clearpoke
|poke|p1|Lucario, M
|poke|p1|Diancie
|poke|p1|Rotom-Wash
|poke|p1|Heatran, M
|poke|p1|Landorus-Therian, M
|poke|p1|Greninja, M
|poke|p2|Infernape, M, shiny
|poke|p2|Landorus-Therian, M, shiny
|poke|p2|Greninja, M, shiny
|poke|p2|Scizor, F, shiny
|poke|p2|Gengar, M, shiny
|poke|p2|Latias, F, shiny
|rule|Swagger Clause: Swagger is banned
|rule|Baton Pass Clause: Limit one PokÃ©mon knowing Baton Pass
|rule|Sleep Clause Mod: Limit one foe put to sleep
|rule|Species Clause: Limit one of each PokÃ©mon
|rule|OHKO Clause: OHKO moves are banned
|rule|Moody Clause: Moody is banned
|rule|Evasion Moves Clause: Evasion moves are banned
|rule|Endless Battle Clause: Forcing endless battles is banned
|rule|HP Percentage Mod: HP is shown in percentages
|teampreview
|
|start
|switch|p1a: Diancie|Diancie|241\/241
|switch|p2a: Infernape|Infernape, M, shiny|293\/293
|turn|1
|join|haunter
|
|detailschange|p1a: Diancie|Diancie-Mega
|message|Diancie has Mega Evolved into Mega Diancie!
|move|p2a: Infernape|Close Combat|p1a: Diancie
|-damage|p1a: Diancie|70\/241
|-unboost|p2a: Infernape|def|1
|-unboost|p2a: Infernape|spd|1
|move|p1a: Diancie|Moonblast|p2a: Infernape
|-enditem|p2a: Infernape|Focus Sash
|-damage|p2a: Infernape|1\/293
|-unboost|p2a: Infernape|spa|1
|
|turn|2
|
|switch|p2a: Scizor|Scizor, F, shiny|311\/311
|move|p1a: Diancie|Diamond Storm|p2a: Scizor
|-damage|p2a: Scizor|128\/311
|-boost|p1a: Diancie|def|1
|
|turn|3
|join|Futher Maths
|
|switch|p1a: Landorus-Therian|Landorus-Therian, M|319\/319
|-ability|p1a: Landorus-Therian|Intimidate|[of] p2a: Scizor
|-unboost|p2a: Scizor|atk|1
|switch|p2a: Infernape|Infernape, M, shiny|1\/293
|
|turn|4
|
|switch|p2a: Scizor|Scizor, F, shiny|128\/311
|move|p1a: Landorus-Therian|U-turn|p2a: Scizor
|-resisted|p2a: Scizor
|-damage|p2a: Scizor|85\/311
|
|switch|p1a: Rotom-Wash|Rotom-Wash|303\/303
|
|turn|5
|
|detailschange|p2a: Scizor|Scizor-Mega, F, shiny
|message|Scizor has Mega Evolved into Mega Scizor!
|move|p1a: Rotom-Wash|Volt Switch|p2a: Scizor
|-damage|p2a: Scizor|1\/311
|
|switch|p1a: Heatran|Heatran, M|386\/386
|move|p2a: Scizor|Bug Bite|p1a: Heatran
|-resisted|p1a: Heatran
|-damage|p1a: Heatran|340\/386
|
|-heal|p1a: Heatran|364\/386|[from] item: Leftovers
|turn|6
|
|move|p1a: Heatran|Stealth Rock|p2a: Scizor
|-sidestart|p2: OTRTVC|move: Stealth Rock
|move|p2a: Scizor|Superpower|p1a: Heatran
|-supereffective|p1a: Heatran
|-damage|p1a: Heatran|58\/386
|-unboost|p2a: Scizor|atk|1
|-unboost|p2a: Scizor|def|1
|
|-heal|p1a: Heatran|82\/386|[from] item: Leftovers
|turn|7
|join|Bloodz
|
|switch|p2a: Infernape|Infernape, M, shiny|1\/293
|-damage|p2a: Infernape|0 fnt|[from] Stealth Rock
|faint|p2a: Infernape
|move|p1a: Heatran|Lava Plume|p2: Infernape|[notarget]
|-notarget
|
|-heal|p1a: Heatran|106\/386|[from] item: Leftovers
|
|switch|p2a: Greninja|Greninja, M, shiny|285\/285
|-damage|p2a: Greninja|250\/285|[from] Stealth Rock
|turn|8
|
|move|p2a: Greninja|Hydro Pump|p1a: Heatran
|-start|p2a: Greninja|typechange|Water|[from] Protean
|-supereffective|p1a: Heatran
|-damage|p1a: Heatran|0 fnt
|-damage|p2a: Greninja|222\/285|[from] item: Life Orb
|faint|p1a: Heatran
|
|
|switch|p1a: Rotom-Wash|Rotom-Wash|303\/303
|turn|9
|
|move|p2a: Greninja|Dark Pulse|p1a: Rotom-Wash
|-start|p2a: Greninja|typechange|Dark|[from] Protean
|-damage|p1a: Rotom-Wash|143\/303
|-damage|p2a: Greninja|194\/285|[from] item: Life Orb
|move|p1a: Rotom-Wash|Volt Switch|p2a: Greninja
|-damage|p2a: Greninja|68\/285
|
|switch|p1a: Lucario|Lucario, M|281\/281
|
|turn|10
|
|switch|p2a: Gengar|Gengar, M, shiny|261\/261
|-damage|p2a: Gengar|229\/261|[from] Stealth Rock
|move|p1a: Lucario|Extreme Speed|p2a: Gengar
|-immune|p2a: Gengar|[msg]
|
|turn|11
|
|switch|p1a: Diancie|Diancie-Mega|70\/241
|move|p2a: Gengar|Focus Blast|p1a: Diancie
|-damage|p1a: Diancie|0 fnt
|-damage|p2a: Gengar|203\/261|[from] item: Life Orb
|faint|p1a: Diancie
|
|
|switch|p1a: Greninja|Greninja, M|285\/285
|turn|12
|
|switch|p2a: Scizor|Scizor-Mega, F, shiny|1\/311
|-damage|p2a: Scizor|0 fnt|[from] Stealth Rock
|faint|p2a: Scizor
|move|p1a: Greninja|Dark Pulse|p2: Scizor|[notarget]
|-notarget
|
|
|switch|p2a: Landorus-Therian|Landorus-Therian, M, shiny|330\/330
|-damage|p2a: Landorus-Therian|289\/330|[from] Stealth Rock
|-ability|p2a: Landorus-Therian|Intimidate|[of] p1a: Greninja
|-unboost|p1a: Greninja|atk|1
|turn|13
|
|switch|p1a: Landorus-Therian|Landorus-Therian, M|319\/319
|-ability|p1a: Landorus-Therian|Intimidate|[of] p2a: Landorus-Therian
|-unboost|p2a: Landorus-Therian|atk|1
|move|p2a: Landorus-Therian|U-turn|p1a: Landorus-Therian
|-resisted|p1a: Landorus-Therian
|-damage|p1a: Landorus-Therian|284\/319
|
|switch|p2a: Gengar|Gengar, M, shiny|203\/261
|-damage|p2a: Gengar|171\/261|[from] Stealth Rock
|
|turn|14
|
|move|p1a: Landorus-Therian|Stone Edge|p2a: Gengar
|-crit|p2a: Gengar
|-damage|p2a: Gengar|0 fnt
|faint|p2a: Gengar
|
|
|switch|p2a: Landorus-Therian|Landorus-Therian, M, shiny|289\/330
|-damage|p2a: Landorus-Therian|248\/330|[from] Stealth Rock
|-ability|p2a: Landorus-Therian|Intimidate|[of] p1a: Landorus-Therian
|-unboost|p1a: Landorus-Therian|atk|1
|turn|15
|
|switch|p1a: Rotom-Wash|Rotom-Wash|143\/303
|move|p2a: Landorus-Therian|U-turn|p1a: Rotom-Wash
|-damage|p1a: Rotom-Wash|71\/303
|join|hjgghghhgjhjg
|join|stphane
|
|switch|p2a: Latias|Latias, F, shiny|301\/301
|-damage|p2a: Latias|264\/301|[from] Stealth Rock
|
|-heal|p1a: Rotom-Wash|89\/303|[from] item: Leftovers
|turn|16
|join|nathaaan
|join|toto013
|
|move|p2a: Latias|Tailwind|p2a: Latias
|-sidestart|p2: OTRTVC|move: Tailwind
|move|p1a: Rotom-Wash|Volt Switch|p2a: Latias
|-resisted|p2a: Latias
|-damage|p2a: Latias|228\/301
|
|switch|p1a: Lucario|Lucario, M|281\/281
|
|turn|17
|leave|toto013
|
|move|p2a: Latias|Psyshock|p1a: Lucario
|-damage|p1a: Lucario|50\/281
|-damage|p2a: Latias|198\/301|[from] item: Life Orb
|move|p1a: Lucario|Swords Dance|p1a: Lucario
|-boost|p1a: Lucario|atk|2
|
|turn|18
|leave|stphane
|
|switch|p2a: Landorus-Therian|Landorus-Therian, M, shiny|248\/330
|-damage|p2a: Landorus-Therian|207\/330|[from] Stealth Rock
|-ability|p2a: Landorus-Therian|Intimidate|[of] p1a: Lucario
|-unboost|p1a: Lucario|atk|1
|move|p1a: Lucario|Extreme Speed|p2a: Landorus-Therian
|-damage|p2a: Landorus-Therian|15\/330
|-damage|p1a: Lucario|22\/281|[from] item: Life Orb
|
|turn|19
|join|Mega Ridley
|
|move|p1a: Lucario|Extreme Speed|p2a: Landorus-Therian
|-crit|p2a: Landorus-Therian
|-damage|p2a: Landorus-Therian|0 fnt
|-damage|p1a: Lucario|0 fnt|[from] item: Life Orb
|faint|p2a: Landorus-Therian
|faint|p1a: Lucario
|
|-sideend|p2: OTRTVC|move: Tailwind
|
|switch|p2a: Latias|Latias, F, shiny|198\/301
|switch|p1a: Landorus-Therian|Landorus-Therian, M|284\/319
|-ability|p1a: Landorus-Therian|Intimidate|[of] p2a: Latias
|-unboost|p2a: Latias|atk|1
|-damage|p2a: Latias|161\/301|[from] Stealth Rock
|turn|20
|join|Sqlava
|
|move|p1a: Landorus-Therian|U-turn|p2a: Latias
|-supereffective|p2a: Latias
|-damage|p2a: Latias|0 fnt
|faint|p2a: Latias
|leave|Mega Ridley
|-message|OTRTVC forfeited.
|
|win|Reverb
|raw|Ladder updating...
|leave|OTRTVC
|player|p2