|join|ben69
|join|OTRTVC
|player|p1|ben69|1
|player|p2|OTRTVC|150
|gametype|singles
|gen|6
|tier|OU
|rated
|clearpoke
|poke|p1|Manaphy
|poke|p1|Scizor, F
|poke|p1|Thundurus, M
|poke|p1|Landorus-Therian, M
|poke|p1|Zapdos
|poke|p1|Diggersby, F
|poke|p2|Bisharp, M, shiny
|poke|p2|Azelf, shiny
|poke|p2|Gengar, M, shiny
|poke|p2|Latios, M, shiny
|poke|p2|Lopunny, F, shiny
|poke|p2|Crawdaunt, M, shiny
|rule|Swagger Clause: Swagger is banned
|rule|Baton Pass Clause: Limit one PokÃ©mon knowing Baton Pass
|rule|Sleep Clause Mod: Limit one foe put to sleep
|rule|Species Clause: Limit one of each PokÃ©mon
|rule|OHKO Clause: OHKO moves are banned
|rule|Moody Clause: Moody is banned
|rule|Evasion Moves Clause: Evasion moves are banned
|rule|Endless Battle Clause: Forcing endless battles is banned
|rule|HP Percentage Mod: HP is shown in percentages
|teampreview
|
|start
|switch|p1a: Thundurus|Thundurus, M|299\/299
|switch|p2a: Azelf|Azelf, shiny|291\/291
|turn|1
|
|move|p1a: Thundurus|Taunt|p2a: Azelf
|-start|p2a: Azelf|move: Taunt
|cant|p2a: Azelf|move: Taunt|Stealth Rock
|
|turn|2
|
|switch|p1a: Landorus-Therian|Landorus-Therian, M|381\/381
|-ability|p1a: Landorus-Therian|Intimidate|[of] p2a: Azelf
|-unboost|p2a: Azelf|atk|1
|move|p2a: Azelf|Fire Blast|p1a: Landorus-Therian
|-damage|p1a: Landorus-Therian|267\/381
|
|-heal|p1a: Landorus-Therian|290\/381|[from] item: Leftovers
|turn|3
|
|move|p2a: Azelf|Fire Blast|p1a: Landorus-Therian
|-crit|p1a: Landorus-Therian
|-damage|p1a: Landorus-Therian|99\/381
|move|p1a: Landorus-Therian|U-turn|p2a: Azelf
|-supereffective|p2a: Azelf
|-damage|p2a: Azelf|79\/291
|
|switch|p1a: Diggersby|Diggersby, F|311\/311
|
|-end|p2a: Azelf|move: Taunt
|turn|4
|
|switch|p2a: Bisharp|Bisharp, M, shiny|271\/271
|move|p1a: Diggersby|Fire Punch|p2a: Bisharp
|-supereffective|p2a: Bisharp
|-damage|p2a: Bisharp|51\/271
|
|turn|5
|
|switch|p1a: Scizor|Scizor, F|344\/344
|switch|p2a: Crawdaunt|Crawdaunt, M, shiny|267\/267
|
|turn|6
|
|detailschange|p1a: Scizor|Scizor-Mega, F
|-mega|p1a: Scizor|Scizor|Scizorite
|move|p2a: Crawdaunt|Crabhammer|p1a: Scizor
|-damage|p1a: Scizor|94\/344
|-damage|p2a: Crawdaunt|241\/267|[from] item: Life Orb
|move|p1a: Scizor|U-turn|p2a: Crawdaunt
|-supereffective|p2a: Crawdaunt
|-damage|p2a: Crawdaunt|0 fnt
|faint|p2a: Crawdaunt
|
|switch|p1a: Diggersby|Diggersby, F|311\/311
|
|
|switch|p2a: Gengar|Gengar, M, shiny|261\/261
|turn|7
|
|move|p1a: Diggersby|U-turn|p2a: Gengar
|-resisted|p2a: Gengar
|-damage|p2a: Gengar|220\/261
|
|switch|p1a: Scizor|Scizor-Mega, F|94\/344
|move|p2a: Gengar|Focus Blast|p1a: Scizor
|-damage|p1a: Scizor|0 fnt
|-damage|p2a: Gengar|194\/261|[from] item: Life Orb
|faint|p1a: Scizor
|
|
|switch|p1a: Thundurus|Thundurus, M|299\/299
|turn|8
|
|switch|p2a: Latios|Latios, M, shiny|301\/301
|move|p1a: Thundurus|Volt Switch|p2a: Latios
|-resisted|p2a: Latios
|-damage|p2a: Latios|235\/301
|
|switch|p1a: Diggersby|Diggersby, F|311\/311
|
|turn|9
|
|switch|p2a: Lopunny|Lopunny, F, shiny|271\/271
|move|p1a: Diggersby|U-turn|p2a: Lopunny
|-damage|p2a: Lopunny|154\/271
|
|switch|p1a: Landorus-Therian|Landorus-Therian, M|99\/381
|-ability|p1a: Landorus-Therian|Intimidate|[of] p2a: Lopunny
|-unboost|p2a: Lopunny|atk|1
|
|-heal|p1a: Landorus-Therian|122\/381|[from] item: Leftovers
|turn|10
|
|detailschange|p2a: Lopunny|Lopunny-Mega, F, shiny
|-mega|p2a: Lopunny|Lopunny|Lopunnite
|move|p2a: Lopunny|Ice Punch|p1a: Landorus-Therian
|-supereffective|p1a: Landorus-Therian
|-damage|p1a: Landorus-Therian|0 fnt
|faint|p1a: Landorus-Therian
|
|
|switch|p1a: Zapdos|Zapdos|338\/338
|-ability|p1a: Zapdos|Pressure
|turn|11
|
|switch|p2a: Latios|Latios, M, shiny|235\/301
|move|p1a: Zapdos|Volt Switch|p2a: Latios
|-resisted|p2a: Latios
|-damage|p2a: Latios|175\/301
|
|switch|p1a: Diggersby|Diggersby, F|311\/311
|
|turn|12
|
|switch|p2a: Lopunny|Lopunny-Mega, F, shiny|154\/271
|move|p1a: Diggersby|U-turn|p2a: Lopunny
|-resisted|p2a: Lopunny
|-damage|p2a: Lopunny|94\/271
|
|switch|p1a: Manaphy|Manaphy|361\/361
|
|turn|13
|
|move|p2a: Lopunny|High Jump Kick|p1a: Manaphy
|-damage|p1a: Manaphy|141\/361
|move|p1a: Manaphy|Scald|p2a: Lopunny
|-damage|p2a: Lopunny|0 fnt
|faint|p2a: Lopunny
|
|-heal|p1a: Manaphy|163\/361|[from] item: Leftovers
|
|switch|p2a: Azelf|Azelf, shiny|79\/291
|turn|14
|
|move|p2a: Azelf|Stealth Rock|p1a: Manaphy
|-sidestart|p1: ben69|move: Stealth Rock
|move|p1a: Manaphy|U-turn|p2a: Azelf
|-supereffective|p2a: Azelf
|-damage|p2a: Azelf|0 fnt
|faint|p2a: Azelf
|
|switch|p1a: Diggersby|Diggersby, F|311\/311
|-damage|p1a: Diggersby|292\/311|[from] Stealth Rock
|
|
|switch|p2a: Bisharp|Bisharp, M, shiny|51\/271
|turn|15
|
|move|p2a: Bisharp|Sucker Punch|p1a: Diggersby
|-damage|p1a: Diggersby|68\/311
|-damage|p2a: Bisharp|24\/271|[from] item: Life Orb
|move|p1a: Diggersby|Fire Punch|p2a: Bisharp
|-supereffective|p2a: Bisharp
|-damage|p2a: Bisharp|0 fnt
|faint|p2a: Bisharp
|
|
|switch|p2a: Latios|Latios, M, shiny|175\/301
|turn|16
|
|switch|p1a: Manaphy|Manaphy|163\/361
|-damage|p1a: Manaphy|118\/361|[from] Stealth Rock
|move|p2a: Latios|Psyshock|p1a: Manaphy
|-damage|p1a: Manaphy|0 fnt
|-damage|p2a: Latios|145\/301|[from] item: Life Orb
|faint|p1a: Manaphy
|
|
|switch|p1a: Diggersby|Diggersby, F|68\/311
|-damage|p1a: Diggersby|49\/311|[from] Stealth Rock
|turn|17
|
|switch|p2a: Gengar|Gengar, M, shiny|194\/261
|move|p1a: Diggersby|Fire Punch|p2a: Gengar
|-crit|p2a: Gengar
|-damage|p2a: Gengar|0 fnt
|faint|p2a: Gengar
|
|
|switch|p2a: Latios|Latios, M, shiny|145\/301
|turn|18
|
|switch|p1a: Zapdos|Zapdos|338\/338
|-damage|p1a: Zapdos|254\/338|[from] Stealth Rock
|-ability|p1a: Zapdos|Pressure
|move|p2a: Latios|Psyshock|p1a: Zapdos
|-damage|p1a: Zapdos|28\/338
|-damage|p2a: Latios|115\/301|[from] item: Life Orb
|
|-heal|p1a: Zapdos|49\/338|[from] item: Leftovers
|turn|19
|
|move|p2a: Latios|Psyshock|p1a: Zapdos
|-damage|p1a: Zapdos|0 fnt
|-damage|p2a: Latios|85\/301|[from] item: Life Orb
|faint|p1a: Zapdos
|
|
|switch|p1a: Thundurus|Thundurus, M|299\/299
|-damage|p1a: Thundurus|225\/299|[from] Stealth Rock
|turn|20
|
|move|p1a: Thundurus|Hidden Power|p2a: Latios
|-supereffective|p2a: Latios
|-damage|p2a: Latios|0 fnt
|faint|p2a: Latios
|
|win|ben69
|raw|Ladder updating...
|raw|ben69's rating: 1742 &rarr; <strong>1763<\/strong><br \/>(+21 for winning)
|raw|OTRTVC's rating: 1771 &rarr; <strong>1749<\/strong><br \/>(-22 for losing)
|leave|OTRTVC
|player|p2