|join|elknightoscuro
|join|OTRTVC
|player|p1|elknightoscuro|269
|player|p2|OTRTVC|144
|gametype|singles
|gen|6
|tier|OU
|rated
|clearpoke
|poke|p1|Porygon2, shiny
|poke|p1|Emboar, F, shiny
|poke|p1|Cresselia, F, shiny
|poke|p1|Dragalge, M, shiny
|poke|p1|Crawdaunt, M
|poke|p1|Slowbro, F
|poke|p2|Garchomp, M, shiny
|poke|p2|Metagross, shiny
|poke|p2|Magnezone, shiny
|poke|p2|Manaphy, shiny
|poke|p2|Gengar, F, shiny
|poke|p2|Landorus, M, shiny
|rule|Swagger Clause: Swagger is banned
|rule|Baton Pass Clause: Limit one PokÃ©mon knowing Baton Pass
|rule|Sleep Clause Mod: Limit one foe put to sleep
|rule|Species Clause: Limit one of each PokÃ©mon
|rule|OHKO Clause: OHKO moves are banned
|rule|Moody Clause: Moody is banned
|rule|Evasion Moves Clause: Evasion moves are banned
|rule|Endless Battle Clause: Forcing endless battles is banned
|rule|HP Percentage Mod: HP is shown in percentages
|teampreview
|
|start
|switch|p1a: Slowbro|Slowbro, F|391\/391
|switch|p2a: Gengar|Gengar, F, shiny|261\/261
|turn|1
|
|switch|p1a: Dragalge|Dragalge, M, shiny|331\/331
|move|p2a: Gengar|Shadow Ball|p1a: Dragalge
|-damage|p1a: Dragalge|228\/331
|-unboost|p1a: Dragalge|spd|1
|-damage|p2a: Gengar|235\/261|[from] item: Life Orb
|
|turn|2
|
|switch|p2a: Metagross|Metagross, shiny|301\/301
|move|p1a: Dragalge|Dragon Pulse|p2a: Metagross
|-resisted|p2a: Metagross
|-damage|p2a: Metagross|192\/301
|
|turn|3
|
|switch|p2a: Gengar|Gengar, F, shiny|235\/261
|switch|p1a: Slowbro|Slowbro, F|391\/391
|
|turn|4
|
|switch|p1a: Dragalge|Dragalge, M, shiny|228\/331
|move|p2a: Gengar|Shadow Ball|p1a: Dragalge
|-damage|p1a: Dragalge|131\/331
|-unboost|p1a: Dragalge|spd|1
|-damage|p2a: Gengar|209\/261|[from] item: Life Orb
|
|turn|5
|
|switch|p1a: Porygon2|Porygon2, shiny|371\/371
|-ability|p1a: Porygon2|Levitate|[from] ability: Trace|[of] p2a: Gengar
|move|p2a: Gengar|Shadow Ball|p1a: Porygon2
|-immune|p1a: Porygon2|[msg]
|
|turn|6
|
|move|p2a: Gengar|Taunt|p1a: Porygon2
|-start|p1a: Porygon2|move: Taunt
|cant|p1a: Porygon2|move: Taunt|Trick Room
|
|turn|7
|join|N8finity
|
|switch|p2a: Metagross|Metagross, shiny|192\/301
|move|p1a: Porygon2|Ice Beam|p2a: Metagross
|-resisted|p2a: Metagross
|-damage|p2a: Metagross|148\/301
|
|turn|8
|
|switch|p1a: Cresselia|Cresselia, F, shiny|444\/444
|detailschange|p2a: Metagross|Metagross-Mega, shiny
|-mega|p2a: Metagross|Metagross|Metagrossite
|move|p2a: Metagross|Grass Knot|p1a: Cresselia
|-damage|p1a: Cresselia|386\/444
|
|turn|9
|
|move|p2a: Metagross|Meteor Mash|p1a: Cresselia
|-damage|p1a: Cresselia|208\/444
|move|p1a: Cresselia|Trick Room|p1a: Cresselia
|-fieldstart|move: Trick Room|[of] p1a: Cresselia
|
|turn|10
|
|switch|p1a: Crawdaunt|Crawdaunt, M|329\/329
|move|p2a: Metagross|Meteor Mash|p1a: Crawdaunt
|-resisted|p1a: Crawdaunt
|-damage|p1a: Crawdaunt|193\/329
|
|turn|11
|
|switch|p2a: Garchomp|Garchomp, M, shiny|420\/420
|move|p1a: Crawdaunt|Knock Off|p2a: Garchomp
|-damage|p2a: Garchomp|250\/420
|-damage|p1a: Crawdaunt|152\/329|[from] ability: Rough Skin|[of] p2a: Garchomp
|-damage|p1a: Crawdaunt|98\/329|[from] item: Rocky Helmet|[of] p2a: Garchomp
|-enditem|p2a: Garchomp|Rocky Helmet|[from] move: Knock Off|[of] p1a: Crawdaunt
|
|turn|12
|
|move|p1a: Crawdaunt|Crabhammer|p2a: Garchomp|[miss]
|-miss|p1a: Crawdaunt|p2a: Garchomp
|move|p2a: Garchomp|Earthquake|p1a: Crawdaunt
|-damage|p1a: Crawdaunt|0 fnt
|faint|p1a: Crawdaunt
|
|
|switch|p1a: Dragalge|Dragalge, M, shiny|131\/331
|turn|13
|
|switch|p2a: Magnezone|Magnezone, shiny|284\/284
|move|p1a: Dragalge|Draco Meteor|p2a: Magnezone|[miss]
|-miss|p1a: Dragalge|p2a: Magnezone
|
|-fieldend|move: Trick Room
|turn|14
|
|move|p2a: Magnezone|Volt Switch|p1a: Dragalge
|-resisted|p1a: Dragalge
|-damage|p1a: Dragalge|98\/331
|
|switch|p2a: Metagross|Metagross-Mega, shiny|148\/301
|move|p1a: Dragalge|Focus Blast|p2a: Metagross|[miss]
|-miss|p1a: Dragalge|p2a: Metagross
|
|turn|15
|
|switch|p1a: Porygon2|Porygon2, shiny|371\/371
|-ability|p1a: Porygon2|Tough Claws|[from] ability: Trace|[of] p2a: Metagross
|move|p2a: Metagross|Meteor Mash|p1a: Porygon2
|-damage|p1a: Porygon2|251\/371
|
|turn|16
|
|move|p2a: Metagross|Meteor Mash|p1a: Porygon2|[miss]
|-miss|p2a: Metagross|p1a: Porygon2
|move|p1a: Porygon2|Trick Room|p1a: Porygon2
|-fieldstart|move: Trick Room|[of] p1a: Porygon2
|
|turn|17
|
|move|p1a: Porygon2|Thunderbolt|p2a: Metagross
|-damage|p2a: Metagross|66\/301
|move|p2a: Metagross|Grass Knot|p1a: Porygon2
|-damage|p1a: Porygon2|211\/371
|
|turn|18
|
|switch|p2a: Magnezone|Magnezone, shiny|284\/284
|move|p1a: Porygon2|Ice Beam|p2a: Magnezone
|-resisted|p2a: Magnezone
|-damage|p2a: Magnezone|243\/284
|
|turn|19
|
|switch|p1a: Dragalge|Dragalge, M, shiny|98\/331
|move|p2a: Magnezone|Volt Switch|p1a: Dragalge
|-resisted|p1a: Dragalge
|-damage|p1a: Dragalge|66\/331
|
|switch|p2a: Metagross|Metagross-Mega, shiny|66\/301
|
|turn|20
|
|switch|p1a: Slowbro|Slowbro, F|391\/391
|move|p2a: Metagross|Zen Headbutt|p1a: Slowbro
|-resisted|p1a: Slowbro
|-damage|p1a: Slowbro|294\/391
|
|-fieldend|move: Trick Room
|turn|21
|
|detailschange|p1a: Slowbro|Slowbro-Mega, F
|-mega|p1a: Slowbro|Slowbro|Slowbronite
|move|p2a: Metagross|Grass Knot|p1a: Slowbro
|-supereffective|p1a: Slowbro
|-damage|p1a: Slowbro|56\/391
|move|p1a: Slowbro|Slack Off|p1a: Slowbro
|-heal|p1a: Slowbro|252\/391
|
|turn|22
|
|switch|p1a: Porygon2|Porygon2, shiny|211\/371
|-ability|p1a: Porygon2|Tough Claws|[from] ability: Trace|[of] p2a: Metagross
|move|p2a: Metagross|Grass Knot|p1a: Porygon2
|-damage|p1a: Porygon2|172\/371
|
|turn|23
|
|move|p2a: Metagross|Meteor Mash|p1a: Porygon2
|-damage|p1a: Porygon2|42\/371
|move|p1a: Porygon2|Recover|p1a: Porygon2
|-heal|p1a: Porygon2|228\/371
|
|turn|24
|
|move|p2a: Metagross|Meteor Mash|p1a: Porygon2
|-damage|p1a: Porygon2|92\/371
|move|p1a: Porygon2|Trick Room|p1a: Porygon2
|-fieldstart|move: Trick Room|[of] p1a: Porygon2
|
|turn|25
|
|switch|p2a: Magnezone|Magnezone, shiny|243\/284
|move|p1a: Porygon2|Recover|p1a: Porygon2
|-heal|p1a: Porygon2|278\/371
|
|turn|26
|
|switch|p1a: Cresselia|Cresselia, F, shiny|208\/444
|move|p2a: Magnezone|Flash Cannon|p1a: Cresselia
|-damage|p1a: Cresselia|114\/444
|-unboost|p1a: Cresselia|spd|1
|
|turn|27
|
|move|p1a: Cresselia|Lunar Dance|p1a: Cresselia
|faint|p1a: Cresselia
|move|p2a: Magnezone|Flash Cannon|p1: Cresselia|[notarget]
|-notarget
|
|
|switch|p1a: Dragalge|Dragalge, M, shiny|66\/331
|-heal|p1a: Dragalge|331\/331|[from] move: Lunar Dance
|turn|28
|
|move|p1a: Dragalge|Focus Blast|p2a: Magnezone
|-supereffective|p2a: Magnezone
|-damage|p2a: Magnezone|0 fnt
|faint|p2a: Magnezone
|
|-fieldend|move: Trick Room
|
|switch|p2a: Landorus|Landorus, M, shiny|345\/345
|turn|29
|
|move|p2a: Landorus|Earth Power|p1a: Dragalge
|-supereffective|p1a: Dragalge
|-damage|p1a: Dragalge|50\/331
|move|p1a: Dragalge|Draco Meteor|p2a: Landorus
|-damage|p2a: Landorus|1\/345
|-unboost|p1a: Dragalge|spa|2
|
|turn|30
|
|move|p2a: Landorus|Earth Power|p1a: Dragalge
|-supereffective|p1a: Dragalge
|-damage|p1a: Dragalge|0 fnt
|faint|p1a: Dragalge
|
|
|switch|p1a: Porygon2|Porygon2, shiny|278\/371
|-ability|p1a: Porygon2|Sheer Force|[from] ability: Trace|[of] p2a: Landorus
|turn|31
|leave|N8finity
|
|move|p2a: Landorus|Earth Power|p1a: Porygon2
|-damage|p1a: Porygon2|105\/371
|move|p1a: Porygon2|Trick Room|p1a: Porygon2
|-fieldstart|move: Trick Room|[of] p1a: Porygon2
|
|turn|32
|
|switch|p2a: Manaphy|Manaphy, shiny|404\/404
|move|p1a: Porygon2|Ice Beam|p2a: Manaphy
|-resisted|p2a: Manaphy
|-damage|p2a: Manaphy|366\/404
|
|-heal|p2a: Manaphy|391\/404|[from] item: Leftovers
|turn|33
|
|move|p1a: Porygon2|Recover|p1a: Porygon2
|-heal|p1a: Porygon2|291\/371
|move|p2a: Manaphy|Tail Glow|p2a: Manaphy
|-boost|p2a: Manaphy|spa|3
|
|-heal|p2a: Manaphy|404\/404|[from] item: Leftovers
|turn|34
|
|move|p1a: Porygon2|Thunderbolt|p2a: Manaphy
|-supereffective|p2a: Manaphy
|-damage|p2a: Manaphy|240\/404
|move|p2a: Manaphy|Scald|p1a: Porygon2
|-damage|p1a: Porygon2|147\/371
|
|-heal|p2a: Manaphy|265\/404|[from] item: Leftovers
|turn|35
|
|move|p1a: Porygon2|Recover|p1a: Porygon2
|-heal|p1a: Porygon2|333\/371
|move|p2a: Manaphy|Scald|p1a: Porygon2
|-damage|p1a: Porygon2|188\/371
|
|-heal|p2a: Manaphy|290\/404|[from] item: Leftovers
|-fieldend|move: Trick Room
|turn|36
|
|move|p2a: Manaphy|Scald|p1a: Porygon2
|-damage|p1a: Porygon2|37\/371
|move|p1a: Porygon2|Trick Room|p1a: Porygon2
|-fieldstart|move: Trick Room|[of] p1a: Porygon2
|
|-heal|p2a: Manaphy|315\/404|[from] item: Leftovers
|turn|37
|
|move|p1a: Porygon2|Thunderbolt|p2a: Manaphy
|-supereffective|p2a: Manaphy
|-damage|p2a: Manaphy|157\/404
|move|p2a: Manaphy|Scald|p1a: Porygon2
|-damage|p1a: Porygon2|0 fnt
|faint|p1a: Porygon2
|
|-heal|p2a: Manaphy|182\/404|[from] item: Leftovers
|
|switch|p1a: Emboar|Emboar, F, shiny|411\/411
|turn|38
|
|move|p1a: Emboar|Hammer Arm|p2a: Manaphy
|-damage|p2a: Manaphy|0 fnt
|-unboost|p1a: Emboar|spe|1
|-damage|p1a: Emboar|370\/411|[from] item: Life Orb
|faint|p2a: Manaphy
|
|
|switch|p2a: Garchomp|Garchomp, M, shiny|250\/420
|turn|39
|
|move|p1a: Emboar|Hammer Arm|p2a: Garchomp
|-damage|p2a: Garchomp|73\/420
|-damage|p1a: Emboar|319\/411|[from] ability: Rough Skin|[of] p2a: Garchomp
|-unboost|p1a: Emboar|spe|1
|-damage|p1a: Emboar|278\/411|[from] item: Life Orb
|move|p2a: Garchomp|Earthquake|p1a: Emboar
|-supereffective|p1a: Emboar
|-damage|p1a: Emboar|0 fnt
|faint|p1a: Emboar
|
|
|switch|p1a: Slowbro|Slowbro-Mega, F|252\/391
|turn|40
|
|switch|p2a: Gengar|Gengar, F, shiny|209\/261
|move|p1a: Slowbro|Slack Off|p1a: Slowbro
|-heal|p1a: Slowbro|391\/391
|
|-fieldend|move: Trick Room
|turn|41
|
|move|p2a: Gengar|Shadow Ball|p1a: Slowbro
|-supereffective|p1a: Slowbro
|-damage|p1a: Slowbro|6\/391
|-damage|p2a: Gengar|183\/261|[from] item: Life Orb
|move|p1a: Slowbro|Trick Room|p1a: Slowbro
|-fieldstart|move: Trick Room|[of] p1a: Slowbro
|
|turn|42
|
|move|p1a: Slowbro|Psyshock|p2a: Gengar
|-supereffective|p2a: Gengar
|-damage|p2a: Gengar|0 fnt
|faint|p2a: Gengar
|
|
|switch|p2a: Landorus|Landorus, M, shiny|1\/345
|turn|43
|
|switch|p2a: Garchomp|Garchomp, M, shiny|73\/420
|move|p1a: Slowbro|Scald|p2a: Garchomp
|-damage|p2a: Garchomp|0 fnt
|faint|p2a: Garchomp
|
|
|switch|p2a: Metagross|Metagross-Mega, shiny|66\/301
|turn|44
|
|move|p1a: Slowbro|Scald|p2a: Metagross
|-crit|p2a: Metagross
|-damage|p2a: Metagross|0 fnt
|faint|p2a: Metagross
|
|
|switch|p2a: Landorus|Landorus, M, shiny|1\/345
|turn|45
|
|move|p1a: Slowbro|Scald|p2a: Landorus
|-supereffective|p2a: Landorus
|-damage|p2a: Landorus|0 fnt
|faint|p2a: Landorus
|
|win|elknightoscuro
|raw|Ladder updating...
|raw|elknightoscuro's rating: 1593 &rarr; <strong>1620<\/strong><br \/>(+27 for winning)
|raw|OTRTVC's rating: 1724 &rarr; <strong>1697<\/strong><br \/>(-27 for losing)
|leave|OTRTVC
|player|p2