|join|PaulinhoDez
|join|OTRTVC
|player|p1|PaulinhoDez|161
|player|p2|OTRTVC|290
|gametype|singles
|gen|6
|tier|OU
|rated
|clearpoke
|poke|p1|Tyranitar, M
|poke|p1|Chansey, F
|poke|p1|Slowbro, F
|poke|p1|Zapdos
|poke|p1|Amoonguss, F
|poke|p1|Clefable, F
|poke|p2|Keldeo-Resolute, shiny
|poke|p2|Bisharp, F, shiny
|poke|p2|Charizard, F, shiny
|poke|p2|Landorus, M, shiny
|poke|p2|Starmie, shiny
|poke|p2|Thundurus, M, shiny
|rule|Swagger Clause: Swagger is banned
|rule|Baton Pass Clause: Limit one PokÃ©mon knowing Baton Pass
|rule|Sleep Clause Mod: Limit one foe put to sleep
|rule|Species Clause: Limit one of each PokÃ©mon
|rule|OHKO Clause: OHKO moves are banned
|rule|Moody Clause: Moody is banned
|rule|Evasion Moves Clause: Evasion moves are banned
|rule|Endless Battle Clause: Forcing endless battles is banned
|rule|HP Percentage Mod: HP is shown in percentages
|teampreview
|join|dinamoo
|
|start
|switch|p1a: Tyranitar|Tyranitar, M|341\/341
|switch|p2a: Landorus|Landorus, M, shiny|319\/319
|-weather|Sandstorm
|turn|1
|
|switch|p1a: Chansey|Chansey, F|642\/642
|switch|p2a: Keldeo-Resolute|Keldeo-Resolute, shiny|329\/329
|
|-weather|Sandstorm|[upkeep]
|-damage|p2a: Keldeo-Resolute|309\/329|[from] sandstorm
|-damage|p1a: Chansey|602\/642|[from] sandstorm
|turn|2
|
|switch|p2a: Charizard|Charizard, F, shiny|297\/297
|switch|p1a: Slowbro|Slowbro, F|394\/394
|
|-weather|Sandstorm|[upkeep]
|-damage|p2a: Charizard|279\/297|[from] sandstorm
|-damage|p1a: Slowbro|370\/394|[from] sandstorm
|turn|3
|
|detailschange|p2a: Charizard|Charizard-Mega-Y, F, shiny
|-mega|p2a: Charizard|Charizard|Charizardite Y
|-weather|SunnyDay
|move|p2a: Charizard|Solar Beam|p1a: Slowbro|[still]
|-prepare|p2a: Charizard|Solar Beam|p1a: Slowbro
|-anim|p2a: Charizard|Solar Beam|p1a: Slowbro
|-supereffective|p1a: Slowbro
|-damage|p1a: Slowbro|0 fnt
|faint|p1a: Slowbro
|
|-weather|SunnyDay|[upkeep]
|
|switch|p1a: Chansey|Chansey, F|602\/642
|turn|4
|
|switch|p2a: Bisharp|Bisharp, F, shiny|271\/271
|move|p1a: Chansey|Thunder Wave|p2a: Bisharp
|-status|p2a: Bisharp|par
|
|-weather|SunnyDay|[upkeep]
|turn|5
|
|move|p2a: Bisharp|Pursuit|p1a: Chansey|[from]Pursuit
|-damage|p1a: Chansey|391\/642
|switch|p1a: Zapdos|Zapdos|384\/384
|-ability|p1a: Zapdos|Pressure
|
|-weather|SunnyDay|[upkeep]
|turn|6
|
|switch|p2a: Landorus|Landorus, M, shiny|319\/319
|move|p1a: Zapdos|Heat Wave|p2a: Landorus
|-damage|p2a: Landorus|149\/319
|
|-weather|SunnyDay|[upkeep]
|turn|7
|
|move|p2a: Landorus|Stealth Rock|p1a: Zapdos
|-sidestart|p1: PaulinhoDez|move: Stealth Rock
|move|p1a: Zapdos|Heat Wave|p2a: Landorus
|-damage|p2a: Landorus|0 fnt
|faint|p2a: Landorus
|
|-weather|none
|
|switch|p2a: Charizard|Charizard-Mega-Y, F, shiny|279\/297
|-weather|SunnyDay
|turn|8
|
|move|p2a: Charizard|Fire Blast|p1a: Zapdos
|-damage|p1a: Zapdos|0 fnt
|faint|p1a: Zapdos
|
|-weather|SunnyDay|[upkeep]
|
|switch|p1a: Chansey|Chansey, F|391\/642
|-damage|p1a: Chansey|311\/642|[from] Stealth Rock
|turn|9
|
|switch|p2a: Bisharp|Bisharp, F, shiny|271\/271 par
|move|p1a: Chansey|Thunder Wave|p2a: Bisharp
|-fail|p2a: Bisharp|par
|
|-weather|SunnyDay|[upkeep]
|turn|10
|
|move|p1a: Chansey|Soft-Boiled|p1a: Chansey
|-heal|p1a: Chansey|632\/642
|move|p2a: Bisharp|Knock Off|p1a: Chansey
|-damage|p1a: Chansey|391\/642
|-enditem|p1a: Chansey|Eviolite|[from] move: Knock Off|[of] p2a: Bisharp
|
|-weather|SunnyDay|[upkeep]
|turn|11
|
|move|p1a: Chansey|Soft-Boiled|p1a: Chansey
|-heal|p1a: Chansey|642\/642
|move|p2a: Bisharp|Iron Head|p1a: Chansey
|-damage|p1a: Chansey|336\/642
|
|-weather|SunnyDay|[upkeep]
|turn|12
|
|move|p1a: Chansey|Stealth Rock|p2a: Bisharp
|-sidestart|p2: OTRTVC|move: Stealth Rock
|move|p2a: Bisharp|Pursuit|p1a: Chansey
|-damage|p1a: Chansey|185\/642
|
|-weather|none
|turn|13
|
|move|p1a: Chansey|Soft-Boiled|p1a: Chansey
|-heal|p1a: Chansey|506\/642
|move|p2a: Bisharp|Iron Head|p1a: Chansey
|-damage|p1a: Chansey|206\/642
|
|turn|14
|
|move|p1a: Chansey|Soft-Boiled|p1a: Chansey
|-heal|p1a: Chansey|527\/642
|move|p2a: Bisharp|Iron Head|p1a: Chansey
|-damage|p1a: Chansey|211\/642
|
|turn|15
|
|move|p1a: Chansey|Soft-Boiled|p1a: Chansey
|-heal|p1a: Chansey|532\/642
|move|p2a: Bisharp|Iron Head|p1a: Chansey
|-damage|p1a: Chansey|249\/642
|
|turn|16
|
|move|p1a: Chansey|Soft-Boiled|p1a: Chansey
|-heal|p1a: Chansey|570\/642
|cant|p2a: Bisharp|par
|
|turn|17
|
|move|p1a: Chansey|Seismic Toss|p2a: Bisharp
|-damage|p2a: Bisharp|171\/271 par
|move|p2a: Bisharp|Pursuit|p1a: Chansey
|-damage|p1a: Chansey|429\/642
|
|turn|18
|
|move|p1a: Chansey|Seismic Toss|p2a: Bisharp
|-damage|p2a: Bisharp|71\/271 par
|move|p2a: Bisharp|Iron Head|p1a: Chansey
|-damage|p1a: Chansey|119\/642
|
|turn|19
|
|switch|p2a: Starmie|Starmie, shiny|261\/261
|-damage|p2a: Starmie|229\/261|[from] Stealth Rock
|move|p1a: Chansey|Soft-Boiled|p1a: Chansey
|-heal|p1a: Chansey|440\/642
|
|turn|20
|
|move|p2a: Starmie|Psyshock|p1a: Chansey
|-damage|p1a: Chansey|120\/642
|-damage|p2a: Starmie|203\/261|[from] item: Life Orb
|move|p1a: Chansey|Soft-Boiled|p1a: Chansey
|-heal|p1a: Chansey|441\/642
|
|turn|21
|
|move|p2a: Starmie|Rapid Spin|p1a: Chansey
|-damage|p1a: Chansey|418\/642
|-sideend|p2: OTRTVC|Stealth Rock|[from] move: Rapid Spin|[of] p2a: Starmie
|-damage|p2a: Starmie|177\/261|[from] item: Life Orb
|move|p1a: Chansey|Thunder Wave|p2a: Starmie
|-status|p2a: Starmie|par
|
|turn|22
|
|switch|p2a: Keldeo-Resolute|Keldeo-Resolute, shiny|309\/329
|move|p1a: Chansey|Stealth Rock|p2a: Keldeo-Resolute
|-sidestart|p2: OTRTVC|move: Stealth Rock
|
|turn|23
|
|switch|p2a: Charizard|Charizard-Mega-Y, F, shiny|279\/297
|-damage|p2a: Charizard|131\/297|[from] Stealth Rock
|-weather|SunnyDay
|move|p1a: Chansey|Thunder Wave|p2a: Charizard
|-status|p2a: Charizard|par
|
|-weather|SunnyDay|[upkeep]
|turn|24
|
|move|p1a: Chansey|Seismic Toss|p2a: Charizard
|-damage|p2a: Charizard|31\/297 par
|move|p2a: Charizard|Fire Blast|p1a: Chansey
|-damage|p1a: Chansey|124\/642
|
|-weather|SunnyDay|[upkeep]
|turn|25
|
|switch|p2a: Keldeo-Resolute|Keldeo-Resolute, shiny|309\/329
|-damage|p2a: Keldeo-Resolute|289\/329|[from] Stealth Rock
|move|p1a: Chansey|Soft-Boiled|p1a: Chansey
|-heal|p1a: Chansey|445\/642
|
|-weather|SunnyDay|[upkeep]
|turn|26
|
|switch|p1a: Amoonguss|Amoonguss, F|432\/432
|-damage|p1a: Amoonguss|378\/432|[from] Stealth Rock
|move|p2a: Keldeo-Resolute|Secret Sword|p1a: Amoonguss
|-resisted|p1a: Amoonguss
|-damage|p1a: Amoonguss|306\/432
|
|-weather|SunnyDay|[upkeep]
|-heal|p1a: Amoonguss|333\/432|[from] item: Black Sludge
|turn|27
|
|switch|p2a: Charizard|Charizard-Mega-Y, F, shiny|31\/297 par
|-damage|p2a: Charizard|0 fnt|[from] Stealth Rock
|faint|p2a: Charizard
|move|p1a: Amoonguss|Spore|p2: Charizard|[notarget]
|-notarget
|
|-weather|none
|-heal|p1a: Amoonguss|360\/432|[from] item: Black Sludge
|
|switch|p2a: Bisharp|Bisharp, F, shiny|71\/271 par
|-damage|p2a: Bisharp|55\/271 par|[from] Stealth Rock
|turn|28
|
|move|p2a: Bisharp|Sucker Punch|p1a: Amoonguss
|-damage|p1a: Amoonguss|228\/432
|move|p1a: Amoonguss|Foul Play|p2a: Bisharp
|-resisted|p2a: Bisharp
|-damage|p2a: Bisharp|0 fnt
|faint|p2a: Bisharp
|
|-heal|p1a: Amoonguss|255\/432|[from] item: Black Sludge
|-message|OTRTVC forfeited.
|
|win|PaulinhoDez
|raw|Ladder updating...
|raw|PaulinhoDez's rating: 1703 &rarr; <strong>1727<\/strong><br \/>(+24 for winning)
|raw|OTRTVC's rating: 1775 &rarr; <strong>1751<\/strong><br \/>(-24 for losing)
|leave|OTRTVC
|player|p2