|join|OTRTVC
|join|Updated Kanto
|player|p1|OTRTVC|290
|player|p2|Updated Kanto|277
|gametype|singles
|gen|6
|tier|OU
|rated
|clearpoke
|poke|p1|Keldeo-Resolute, shiny
|poke|p1|Bisharp, F, shiny
|poke|p1|Charizard, F, shiny
|poke|p1|Landorus, M, shiny
|poke|p1|Starmie, shiny
|poke|p1|Thundurus, M, shiny
|poke|p2|Charizard, F
|poke|p2|Starmie
|poke|p2|Ferrothorn, M
|poke|p2|Clefable, F
|poke|p2|Tornadus-Therian, M
|poke|p2|Hippowdon, F
|rule|Swagger Clause: Swagger is banned
|rule|Baton Pass Clause: Limit one PokÃ©mon knowing Baton Pass
|rule|Sleep Clause Mod: Limit one foe put to sleep
|rule|Species Clause: Limit one of each PokÃ©mon
|rule|OHKO Clause: OHKO moves are banned
|rule|Moody Clause: Moody is banned
|rule|Evasion Moves Clause: Evasion moves are banned
|rule|Endless Battle Clause: Forcing endless battles is banned
|rule|HP Percentage Mod: HP is shown in percentages
|teampreview
|join|muk the kid
|join|gobosox
|
|start
|switch|p1a: Landorus|Landorus, M, shiny|319\/319
|switch|p2a: Tornadus-Therian|Tornadus-Therian, M|333\/333
|turn|1
|
|switch|p1a: Charizard|Charizard, F, shiny|297\/297
|move|p2a: Tornadus-Therian|Knock Off|p1a: Charizard
|-damage|p1a: Charizard|239\/297
|
|turn|2
|join|Alkov
|c| gobosox|ez wins
|
|detailschange|p1a: Charizard|Charizard-Mega-Y, F, shiny
|-mega|p1a: Charizard|Charizard|Charizardite Y
|-weather|SunnyDay
|move|p2a: Tornadus-Therian|U-turn|p1a: Charizard
|-resisted|p1a: Charizard
|-damage|p1a: Charizard|225\/297
|join|Pachirisu Queen
|join|Adiisfine
|join|lord ledian
|c| Adiisfine|Lol ender's team
|leave|Pachirisu Queen
|c| Adiisfine|Similar to it tho.
|leave|lord ledian
|
|switch|p2a: Charizard|Charizard, F|359\/359
|move|p1a: Charizard|Fire Blast|p2a: Charizard
|-resisted|p2a: Charizard
|-damage|p2a: Charizard|183\/359
|
|-weather|SunnyDay|[upkeep]
|turn|3
|c|âUpdated Kanto|yea ngl i had ender's team in mind when i made this so its most likely the same
|
|switch|p1a: Thundurus|Thundurus, M, shiny|299\/299
|detailschange|p2a: Charizard|Charizard-Mega-X, F
|-mega|p2a: Charizard|Charizard|Charizardite X
|move|p2a: Charizard|Roost|p2a: Charizard
|-heal|p2a: Charizard|359\/359
|
|-weather|SunnyDay|[upkeep]
|turn|4
|
|switch|p1a: Landorus|Landorus, M, shiny|319\/319
|switch|p2a: Hippowdon|Hippowdon, F|420\/420
|-weather|Sandstorm
|
|-weather|Sandstorm|[upkeep]
|turn|5
|
|switch|p2a: Tornadus-Therian|Tornadus-Therian, M|333\/333
|move|p1a: Landorus|Stealth Rock|p2a: Tornadus-Therian
|-sidestart|p2: Updated Kanto|move: Stealth Rock
|
|-weather|Sandstorm|[upkeep]
|-damage|p2a: Tornadus-Therian|313\/333|[from] sandstorm
|turn|6
|
|switch|p1a: Charizard|Charizard-Mega-Y, F, shiny|225\/297
|-weather|SunnyDay
|move|p2a: Tornadus-Therian|Knock Off|p1a: Charizard
|-damage|p1a: Charizard|170\/297
|
|-weather|SunnyDay|[upkeep]
|turn|7
|
|switch|p1a: Landorus|Landorus, M, shiny|319\/319
|move|p2a: Tornadus-Therian|U-turn|p1a: Landorus
|-resisted|p1a: Landorus
|-damage|p1a: Landorus|293\/319
|
|switch|p2a: Ferrothorn|Ferrothorn, M|352\/352
|-damage|p2a: Ferrothorn|330\/352|[from] Stealth Rock
|
|-weather|SunnyDay|[upkeep]
|-heal|p2a: Ferrothorn|352\/352|[from] item: Leftovers
|turn|8
|
|switch|p2a: Tornadus-Therian|Tornadus-Therian, M|333\/333
|-damage|p2a: Tornadus-Therian|250\/333|[from] Stealth Rock
|move|p1a: Landorus|Focus Blast|p2a: Tornadus-Therian
|-resisted|p2a: Tornadus-Therian
|-damage|p2a: Tornadus-Therian|160\/333
|
|-weather|SunnyDay|[upkeep]
|turn|9
|
|switch|p1a: Charizard|Charizard-Mega-Y, F, shiny|170\/297
|move|p2a: Tornadus-Therian|Knock Off|p1a: Charizard
|-damage|p1a: Charizard|114\/297
|
|-weather|SunnyDay|[upkeep]
|turn|10
|
|move|p2a: Tornadus-Therian|U-turn|p1a: Charizard
|-resisted|p1a: Charizard
|-damage|p1a: Charizard|100\/297
|
|switch|p2a: Starmie|Starmie|261\/261
|-damage|p2a: Starmie|229\/261|[from] Stealth Rock
|move|p1a: Charizard|Roost|p1a: Charizard
|-heal|p1a: Charizard|249\/297
|
|-weather|none
|-heal|p2a: Starmie|245\/261|[from] item: Leftovers
|turn|11
|
|switch|p1a: Bisharp|Bisharp, F, shiny|271\/271
|move|p2a: Starmie|Rapid Spin|p1a: Bisharp
|-resisted|p1a: Bisharp
|-damage|p1a: Bisharp|266\/271
|-sideend|p2: Updated Kanto|Stealth Rock|[from] move: Rapid Spin|[of] p2a: Starmie
|
|-heal|p2a: Starmie|261\/261|[from] item: Leftovers
|turn|12
|
|move|p2a: Starmie|Reflect Type|p1a: Bisharp
|-start|p2a: Starmie|typechange|[from] move: Reflect Type|[of] p1a: Bisharp
|move|p1a: Bisharp|Pursuit|p2a: Starmie
|-resisted|p2a: Starmie
|-damage|p2a: Starmie|228\/261
|
|-heal|p2a: Starmie|244\/261|[from] item: Leftovers
|turn|13
|
|move|p2a: Starmie|Scald|p1a: Bisharp
|-damage|p1a: Bisharp|211\/271
|move|p1a: Bisharp|Knock Off|p2a: Starmie
|-resisted|p2a: Starmie
|-damage|p2a: Starmie|163\/261
|-enditem|p2a: Starmie|Leftovers|[from] move: Knock Off|[of] p1a: Bisharp
|
|turn|14
|
|switch|p1a: Charizard|Charizard-Mega-Y, F, shiny|249\/297
|-weather|SunnyDay
|move|p2a: Starmie|Scald|p1a: Charizard
|-supereffective|p1a: Charizard
|-damage|p1a: Charizard|191\/297
|
|-weather|SunnyDay|[upkeep]
|turn|15
|
|switch|p2a: Charizard|Charizard-Mega-X, F|359\/359
|switch|p1a: Landorus|Landorus, M, shiny|293\/319
|
|-weather|SunnyDay|[upkeep]
|turn|16
|
|move|p1a: Landorus|Earth Power|p2a: Charizard
|-crit|p2a: Charizard
|-supereffective|p2a: Charizard
|-damage|p2a: Charizard|0 fnt
|faint|p2a: Charizard
|
|-weather|SunnyDay|[upkeep]
|
|switch|p2a: Tornadus-Therian|Tornadus-Therian, M|271\/333
|turn|17
|
|switch|p1a: Charizard|Charizard-Mega-Y, F, shiny|191\/297
|move|p2a: Tornadus-Therian|Hurricane|p1a: Charizard
|-damage|p1a: Charizard|35\/297
|-start|p1a: Charizard|confusion
|
|-weather|SunnyDay|[upkeep]
|turn|18
|
|switch|p1a: Bisharp|Bisharp, F, shiny|211\/271
|move|p2a: Tornadus-Therian|Knock Off|p1a: Bisharp
|-resisted|p1a: Bisharp
|-damage|p1a: Bisharp|175\/271
|-enditem|p1a: Bisharp|Assault Vest|[from] move: Knock Off|[of] p2a: Tornadus-Therian
|
|-weather|none
|turn|19
|
|move|p2a: Tornadus-Therian|Focus Blast|p1a: Bisharp|[miss]
|-miss|p2a: Tornadus-Therian|p1a: Bisharp
|move|p1a: Bisharp|Pursuit|p2a: Tornadus-Therian
|-damage|p2a: Tornadus-Therian|178\/333
|
|turn|20
|
|move|p2a: Tornadus-Therian|Focus Blast|p1a: Bisharp
|-supereffective|p1a: Bisharp
|-damage|p1a: Bisharp|0 fnt
|faint|p1a: Bisharp
|
|
|switch|p1a: Keldeo-Resolute|Keldeo-Resolute, shiny|329\/329
|turn|21
|
|switch|p2a: Ferrothorn|Ferrothorn, M|352\/352
|move|p1a: Keldeo-Resolute|Hydro Pump|p2a: Ferrothorn
|-resisted|p2a: Ferrothorn
|-damage|p2a: Ferrothorn|278\/352
|
|-heal|p2a: Ferrothorn|300\/352|[from] item: Leftovers
|turn|22
|
|switch|p1a: Landorus|Landorus, M, shiny|293\/319
|switch|p2a: Tornadus-Therian|Tornadus-Therian, M|289\/333
|
|turn|23
|
|switch|p1a: Thundurus|Thundurus, M, shiny|299\/299
|move|p2a: Tornadus-Therian|Knock Off|p1a: Thundurus
|-damage|p1a: Thundurus|206\/299
|-enditem|p1a: Thundurus|Life Orb|[from] move: Knock Off|[of] p2a: Tornadus-Therian
|
|turn|24
|
|switch|p1a: Charizard|Charizard-Mega-Y, F, shiny|35\/297
|-weather|SunnyDay
|move|p2a: Tornadus-Therian|U-turn|p1a: Charizard
|-resisted|p1a: Charizard
|-damage|p1a: Charizard|20\/297
|
|switch|p2a: Starmie|Starmie|163\/261
|
|-weather|SunnyDay|[upkeep]
|turn|25
|
|switch|p1a: Thundurus|Thundurus, M, shiny|206\/299
|move|p2a: Starmie|Scald|p1a: Thundurus
|-damage|p1a: Thundurus|148\/299
|-status|p1a: Thundurus|brn
|
|-weather|SunnyDay|[upkeep]
|-damage|p1a: Thundurus|111\/299 brn|[from] brn
|turn|26
|
|switch|p2a: Hippowdon|Hippowdon, F|420\/420
|-weather|Sandstorm
|switch|p1a: Landorus|Landorus, M, shiny|293\/319
|
|-weather|Sandstorm|[upkeep]
|turn|27
|
|move|p1a: Landorus|Stealth Rock|p2a: Hippowdon
|-sidestart|p2: Updated Kanto|move: Stealth Rock
|move|p2a: Hippowdon|Stealth Rock|p1a: Landorus
|-sidestart|p1: OTRTVC|move: Stealth Rock
|
|-weather|Sandstorm|[upkeep]
|turn|28
|
|switch|p2a: Tornadus-Therian|Tornadus-Therian, M|333\/333
|-damage|p2a: Tornadus-Therian|250\/333|[from] Stealth Rock
|move|p1a: Landorus|Psychic|p2a: Tornadus-Therian
|-damage|p2a: Tornadus-Therian|123\/333
|
|-weather|Sandstorm|[upkeep]
|-damage|p2a: Tornadus-Therian|103\/333|[from] sandstorm
|turn|29
|
|move|p2a: Tornadus-Therian|Knock Off|p1a: Landorus
|-damage|p1a: Landorus|221\/319
|-enditem|p1a: Landorus|Life Orb|[from] move: Knock Off|[of] p2a: Tornadus-Therian
|move|p1a: Landorus|Psychic|p2a: Tornadus-Therian
|-damage|p2a: Tornadus-Therian|4\/333
|
|-weather|Sandstorm|[upkeep]
|-damage|p2a: Tornadus-Therian|0 fnt|[from] sandstorm
|faint|p2a: Tornadus-Therian
|c|âUpdated Kanto|cancel
|c|âUpdated Kanto|the button of miracles
|
|switch|p2a: Clefable|Clefable, F|394\/394
|turn|30
|
|move|p1a: Landorus|Earth Power|p2a: Clefable
|-damage|p2a: Clefable|175\/394
|move|p2a: Clefable|Calm Mind|p2a: Clefable
|-boost|p2a: Clefable|spa|1
|-boost|p2a: Clefable|spd|1
|
|-weather|none
|-heal|p2a: Clefable|199\/394|[from] item: Leftovers
|turn|31
|
|move|p1a: Landorus|Earth Power|p2a: Clefable
|-damage|p2a: Clefable|36\/394
|move|p2a: Clefable|Soft-Boiled|p2a: Clefable
|-heal|p2a: Clefable|233\/394
|
|-heal|p2a: Clefable|257\/394|[from] item: Leftovers
|turn|32
|
|move|p1a: Landorus|Earth Power|p2a: Clefable
|-damage|p2a: Clefable|116\/394
|move|p2a: Clefable|Soft-Boiled|p2a: Clefable
|-heal|p2a: Clefable|313\/394
|
|-heal|p2a: Clefable|337\/394|[from] item: Leftovers
|turn|33
|
|move|p1a: Landorus|Earth Power|p2a: Clefable
|-damage|p2a: Clefable|189\/394
|move|p2a: Clefable|Calm Mind|p2a: Clefable
|-boost|p2a: Clefable|spa|1
|-boost|p2a: Clefable|spd|1
|
|-heal|p2a: Clefable|213\/394|[from] item: Leftovers
|turn|34
|
|move|p1a: Landorus|Earth Power|p2a: Clefable
|-damage|p2a: Clefable|95\/394
|move|p2a: Clefable|Soft-Boiled|p2a: Clefable
|-heal|p2a: Clefable|292\/394
|
|-heal|p2a: Clefable|316\/394|[from] item: Leftovers
|turn|35
|join|Decent User
|
|move|p1a: Landorus|Earth Power|p2a: Clefable
|-damage|p2a: Clefable|202\/394
|move|p2a: Clefable|Calm Mind|p2a: Clefable
|-boost|p2a: Clefable|spa|1
|-boost|p2a: Clefable|spd|1
|
|-heal|p2a: Clefable|226\/394|[from] item: Leftovers
|turn|36
|
|switch|p1a: Thundurus|Thundurus, M, shiny|111\/299 brn
|-damage|p1a: Thundurus|37\/299 brn|[from] Stealth Rock
|move|p2a: Clefable|Soft-Boiled|p2a: Clefable
|-heal|p2a: Clefable|394\/394
|
|-damage|p1a: Thundurus|0 fnt|[from] brn
|faint|p1a: Thundurus
|
|switch|p1a: Starmie|Starmie, shiny|261\/261
|-damage|p1a: Starmie|229\/261|[from] Stealth Rock
|turn|37
|
|move|p1a: Starmie|Rapid Spin|p2a: Clefable
|-damage|p2a: Clefable|381\/394
|-sideend|p1: OTRTVC|Stealth Rock|[from] move: Rapid Spin|[of] p1a: Starmie
|-damage|p1a: Starmie|203\/261|[from] item: Life Orb
|move|p2a: Clefable|Moonblast|p1a: Starmie
|-damage|p1a: Starmie|0 fnt
|faint|p1a: Starmie
|
|-heal|p2a: Clefable|394\/394|[from] item: Leftovers
|
|switch|p1a: Landorus|Landorus, M, shiny|221\/319
|turn|38
|c| Alkov|crit
|c| Alkov|incoming
|
|move|p1a: Landorus|Earth Power|p2a: Clefable
|-damage|p2a: Clefable|298\/394
|move|p2a: Clefable|Moonblast|p1a: Landorus
|-damage|p1a: Landorus|0 fnt
|faint|p1a: Landorus
|
|-heal|p2a: Clefable|322\/394|[from] item: Leftovers
|
|switch|p1a: Charizard|Charizard-Mega-Y, F, shiny|20\/297
|-weather|SunnyDay
|turn|39
|
|move|p1a: Charizard|Roost|p1a: Charizard
|-heal|p1a: Charizard|169\/297
|move|p2a: Clefable|Calm Mind|p2a: Clefable
|-boost|p2a: Clefable|spa|1
|-boost|p2a: Clefable|spd|1
|
|-weather|SunnyDay|[upkeep]
|-heal|p2a: Clefable|346\/394|[from] item: Leftovers
|turn|40
|
|move|p1a: Charizard|Roost|p1a: Charizard
|-heal|p1a: Charizard|297\/297
|move|p2a: Clefable|Moonblast|p1a: Charizard
|-resisted|p1a: Charizard
|-damage|p1a: Charizard|150\/297
|
|-weather|SunnyDay|[upkeep]
|-heal|p2a: Clefable|370\/394|[from] item: Leftovers
|turn|41
|join|Praj.pran
|join|Mekuu
|leave|Decent User
|
|move|p1a: Charizard|Fire Blast|p2a: Clefable
|-damage|p2a: Clefable|234\/394
|move|p2a: Clefable|Moonblast|p1a: Charizard
|-resisted|p1a: Charizard
|-damage|p1a: Charizard|14\/297
|-unboost|p1a: Charizard|spa|1
|
|-weather|SunnyDay|[upkeep]
|-heal|p2a: Clefable|258\/394|[from] item: Leftovers
|turn|42
|
|move|p1a: Charizard|Fire Blast|p2a: Clefable
|-damage|p2a: Clefable|170\/394
|move|p2a: Clefable|Moonblast|p1a: Charizard
|-resisted|p1a: Charizard
|-damage|p1a: Charizard|0 fnt
|faint|p1a: Charizard
|
|-weather|SunnyDay|[upkeep]
|-heal|p2a: Clefable|194\/394|[from] item: Leftovers
|
|switch|p1a: Keldeo-Resolute|Keldeo-Resolute, shiny|329\/329
|turn|43
|-message|OTRTVC forfeited.
|
|win|Updated Kanto
|raw|Ladder updating...
|leave|OTRTVC
|player|p1