|join|OTRTVC
|join|Vrille
|player|p1|OTRTVC|290
|player|p2|Vrille|268
|gametype|singles
|gen|6
|tier|OU
|rated
|clearpoke
|poke|p1|Keldeo-Resolute, shiny
|poke|p1|Bisharp, F, shiny
|poke|p1|Charizard, M, shiny
|poke|p1|Landorus, M, shiny
|poke|p1|Starmie, shiny
|poke|p1|Thundurus, M, shiny
|poke|p2|Clefable, F
|poke|p2|Metagross
|poke|p2|Keldeo
|poke|p2|Ferrothorn, M
|poke|p2|Landorus-Therian, M
|poke|p2|Dragalge, M
|rule|Swagger Clause: Swagger is banned
|rule|Baton Pass Clause: Limit one PokÃ©mon knowing Baton Pass
|rule|Sleep Clause Mod: Limit one foe put to sleep
|rule|Species Clause: Limit one of each PokÃ©mon
|rule|OHKO Clause: OHKO moves are banned
|rule|Moody Clause: Moody is banned
|rule|Evasion Moves Clause: Evasion moves are banned
|rule|Endless Battle Clause: Forcing endless battles is banned
|rule|HP Percentage Mod: HP is shown in percentages
|teampreview
|
|start
|switch|p1a: Charizard|Charizard, M, shiny|297\/297
|switch|p2a: Keldeo|Keldeo|323\/323
|turn|1
|
|detailschange|p1a: Charizard|Charizard-Mega-Y, M, shiny
|-mega|p1a: Charizard|Charizard|Charizardite Y
|-weather|SunnyDay
|move|p2a: Keldeo|Substitute|p2a: Keldeo
|-start|p2a: Keldeo|Substitute
|-damage|p2a: Keldeo|243\/323
|move|p1a: Charizard|Solar Beam|p2a: Keldeo|[still]
|-prepare|p1a: Charizard|Solar Beam|p2a: Keldeo
|-anim|p1a: Charizard|Solar Beam|p2a: Keldeo
|-supereffective|p2a: Keldeo
|-end|p2a: Keldeo|Substitute
|
|-weather|SunnyDay|[upkeep]
|-heal|p2a: Keldeo|263\/323|[from] item: Leftovers
|turn|2
|
|switch|p2a: Dragalge|Dragalge, M|289\/289
|move|p1a: Charizard|Fire Blast|p2a: Dragalge
|-resisted|p2a: Dragalge
|-damage|p2a: Dragalge|184\/289
|
|-weather|SunnyDay|[upkeep]
|turn|3
|
|switch|p1a: Bisharp|Bisharp, F, shiny|271\/271
|move|p2a: Dragalge|Hidden Power|p1a: Bisharp
|-supereffective|p1a: Bisharp
|-damage|p1a: Bisharp|89\/271
|
|-weather|SunnyDay|[upkeep]
|turn|4
|
|switch|p2a: Keldeo|Keldeo|263\/323
|move|p1a: Bisharp|Knock Off|p2a: Keldeo
|-resisted|p2a: Keldeo
|-damage|p2a: Keldeo|170\/323
|-boost|p2a: Keldeo|atk|1|[from] ability: Justified
|-enditem|p2a: Keldeo|Leftovers|[from] move: Knock Off|[of] p1a: Bisharp
|
|-weather|SunnyDay|[upkeep]
|turn|5
|
|move|p2a: Keldeo|Scald|p1a: Bisharp
|-damage|p1a: Bisharp|20\/271
|move|p1a: Bisharp|Knock Off|p2a: Keldeo
|-resisted|p2a: Keldeo
|-damage|p2a: Keldeo|105\/323
|-boost|p2a: Keldeo|atk|1|[from] ability: Justified
|
|-weather|none
|turn|6
|
|move|p2a: Keldeo|Scald|p1a: Bisharp
|-damage|p1a: Bisharp|0 fnt
|faint|p1a: Bisharp
|
|
|switch|p1a: Charizard|Charizard-Mega-Y, M, shiny|297\/297
|-weather|SunnyDay
|turn|7
|
|move|p2a: Keldeo|Scald|p1a: Charizard
|-supereffective|p1a: Charizard
|-damage|p1a: Charizard|177\/297
|move|p1a: Charizard|Fire Blast|p2a: Keldeo
|-resisted|p2a: Keldeo
|-damage|p2a: Keldeo|0 fnt
|faint|p2a: Keldeo
|
|-weather|SunnyDay|[upkeep]
|
|switch|p2a: Dragalge|Dragalge, M|184\/289
|turn|8
|
|switch|p1a: Starmie|Starmie, shiny|261\/261
|move|p2a: Dragalge|Sludge Bomb|p1a: Starmie
|-damage|p1a: Starmie|43\/261
|
|-weather|SunnyDay|[upkeep]
|turn|9
|
|switch|p1a: Landorus|Landorus, M, shiny|319\/319
|switch|p2a: Ferrothorn|Ferrothorn, M|352\/352
|
|-weather|SunnyDay|[upkeep]
|turn|10
|
|move|p1a: Landorus|Focus Blast|p2a: Ferrothorn
|-supereffective|p2a: Ferrothorn
|-damage|p2a: Ferrothorn|0 fnt
|faint|p2a: Ferrothorn
|
|-weather|SunnyDay|[upkeep]
|
|switch|p2a: Landorus-Therian|Landorus-Therian, M|380\/380
|-ability|p2a: Landorus-Therian|Intimidate|[of] p1a: Landorus
|-unboost|p1a: Landorus|atk|1
|turn|11
|
|switch|p1a: Keldeo-Resolute|Keldeo-Resolute, shiny|329\/329
|move|p2a: Landorus-Therian|Rock Polish|p2a: Landorus-Therian
|-boost|p2a: Landorus-Therian|spe|2
|
|-weather|none
|turn|12
|
|switch|p2a: Dragalge|Dragalge, M|184\/289
|move|p1a: Keldeo-Resolute|Hydro Pump|p2a: Dragalge|[miss]
|-miss|p1a: Keldeo-Resolute|p2a: Dragalge
|
|turn|13
|
|switch|p1a: Landorus|Landorus, M, shiny|319\/319
|move|p2a: Dragalge|Draco Meteor|p1a: Landorus
|-damage|p1a: Landorus|0 fnt
|-unboost|p2a: Dragalge|spa|2
|faint|p1a: Landorus
|
|
|switch|p1a: Charizard|Charizard-Mega-Y, M, shiny|177\/297
|-weather|SunnyDay
|turn|14
|
|switch|p2a: Landorus-Therian|Landorus-Therian, M|380\/380
|-ability|p2a: Landorus-Therian|Intimidate|[of] p1a: Charizard
|-unboost|p1a: Charizard|atk|1
|move|p1a: Charizard|Fire Blast|p2a: Landorus-Therian|[miss]
|-miss|p1a: Charizard|p2a: Landorus-Therian
|
|-weather|SunnyDay|[upkeep]
|turn|15
|
|move|p1a: Charizard|Fire Blast|p2a: Landorus-Therian
|-damage|p2a: Landorus-Therian|0 fnt
|faint|p2a: Landorus-Therian
|
|-weather|SunnyDay|[upkeep]
|
|switch|p2a: Dragalge|Dragalge, M|184\/289
|turn|16
|
|switch|p1a: Starmie|Starmie, shiny|43\/261
|move|p2a: Dragalge|Sludge Bomb|p1a: Starmie
|-damage|p1a: Starmie|0 fnt
|faint|p1a: Starmie
|
|-weather|SunnyDay|[upkeep]
|
|switch|p1a: Keldeo-Resolute|Keldeo-Resolute, shiny|329\/329
|turn|17
|
|switch|p2a: Metagross|Metagross|301\/301
|move|p1a: Keldeo-Resolute|Scald|p2a: Metagross
|-damage|p2a: Metagross|208\/301
|
|-weather|SunnyDay|[upkeep]
|turn|18
|
|detailschange|p2a: Metagross|Metagross-Mega
|-mega|p2a: Metagross|Metagross|Metagrossite
|move|p1a: Keldeo-Resolute|Scald|p2a: Metagross
|-damage|p2a: Metagross|135\/301
|move|p2a: Metagross|Zen Headbutt|p1a: Keldeo-Resolute
|-supereffective|p1a: Keldeo-Resolute
|-damage|p1a: Keldeo-Resolute|0 fnt
|faint|p1a: Keldeo-Resolute
|
|-weather|none
|
|switch|p1a: Thundurus|Thundurus, M, shiny|299\/299
|turn|19
|
|switch|p2a: Clefable|Clefable, F|394\/394
|move|p1a: Thundurus|Thunderbolt|p2a: Clefable
|-damage|p2a: Clefable|156\/394
|-damage|p1a: Thundurus|270\/299|[from] item: Life Orb
|
|-heal|p2a: Clefable|180\/394|[from] item: Leftovers
|turn|20
|
|move|p1a: Thundurus|Thunderbolt|p2a: Clefable
|-damage|p2a: Clefable|0 fnt
|-damage|p1a: Thundurus|241\/299|[from] item: Life Orb
|faint|p2a: Clefable
|
|
|switch|p2a: Dragalge|Dragalge, M|184\/289
|turn|21
|
|move|p1a: Thundurus|Hidden Power|p2a: Dragalge
|-supereffective|p2a: Dragalge
|-damage|p2a: Dragalge|90\/289
|-damage|p1a: Thundurus|212\/299|[from] item: Life Orb
|move|p2a: Dragalge|Draco Meteor|p1a: Thundurus
|-damage|p1a: Thundurus|0 fnt
|-unboost|p2a: Dragalge|spa|2
|faint|p1a: Thundurus
|
|
|switch|p1a: Charizard|Charizard-Mega-Y, M, shiny|177\/297
|-weather|SunnyDay
|turn|22
|
|move|p1a: Charizard|Roost|p1a: Charizard
|-heal|p1a: Charizard|297\/297
|move|p2a: Dragalge|Sludge Bomb|p1a: Charizard
|-damage|p1a: Charizard|209\/297
|-status|p1a: Charizard|psn
|
|-weather|SunnyDay|[upkeep]
|-damage|p1a: Charizard|172\/297 psn|[from] psn
|turn|23
|
|move|p1a: Charizard|Fire Blast|p2a: Dragalge
|-resisted|p2a: Dragalge
|-damage|p2a: Dragalge|0 fnt
|faint|p2a: Dragalge
|
|-weather|SunnyDay|[upkeep]
|-damage|p1a: Charizard|135\/297 psn|[from] psn
|
|switch|p2a: Metagross|Metagross-Mega|135\/301
|turn|24
|
|move|p2a: Metagross|Zen Headbutt|p1a: Charizard
|-damage|p1a: Charizard|0 fnt
|faint|p1a: Charizard
|
|win|Vrille
|raw|Ladder updating...
|raw|OTRTVC's rating: 1693 &rarr; <strong>1669<\/strong><br \/>(-24 for losing)
|raw|Vrille's rating: 1621 &rarr; <strong>1645<\/strong><br \/>(+24 for winning)
|leave|OTRTVC
|player|p1