|join|Here to GG
|join|OTRTVC
|player|p1|Here to GG|148
|player|p2|OTRTVC|144
|gametype|singles
|gen|6
|tier|OU
|rated
|clearpoke
|poke|p1|Lopunny, F
|poke|p1|Heatran, M
|poke|p1|Starmie
|poke|p1|Mew
|poke|p1|Ferrothorn, F
|poke|p1|Clefable, M
|poke|p2|Wobbuffet, F, shiny
|poke|p2|Latias, F, shiny
|poke|p2|Aerodactyl, F, shiny
|poke|p2|Charizard, M, shiny
|poke|p2|Diggersby, M, shiny
|poke|p2|Staraptor, F, shiny
|rule|Swagger Clause: Swagger is banned
|rule|Baton Pass Clause: Limit one PokÃ©mon knowing Baton Pass
|rule|Sleep Clause Mod: Limit one foe put to sleep
|rule|Species Clause: Limit one of each PokÃ©mon
|rule|OHKO Clause: OHKO moves are banned
|rule|Moody Clause: Moody is banned
|rule|Evasion Moves Clause: Evasion moves are banned
|rule|Endless Battle Clause: Forcing endless battles is banned
|rule|HP Percentage Mod: HP is shown in percentages
|teampreview
|join|Gazel21
|leave|Gazel21
|
|start
|switch|p1a: Heatran|Heatran, M|377\/377
|switch|p2a: Aerodactyl|Aerodactyl, F, shiny|301\/301
|turn|1
|
|switch|p1a: Starmie|Starmie|324\/324
|move|p2a: Aerodactyl|Stealth Rock|p1a: Starmie
|-sidestart|p1: Here to GG|move: Stealth Rock
|
|turn|2
|
|switch|p2a: Wobbuffet|Wobbuffet, F, shiny|584\/584
|move|p1a: Starmie|Rapid Spin|p2a: Wobbuffet
|-damage|p2a: Wobbuffet|571\/584
|-sideend|p1: Here to GG|Stealth Rock|[from] move: Rapid Spin|[of] p1a: Starmie
|
|-heal|p2a: Wobbuffet|584\/584|[from] item: Leftovers
|turn|3
|
|move|p1a: Starmie|Rapid Spin|p2a: Wobbuffet
|-damage|p2a: Wobbuffet|569\/584
|move|p2a: Wobbuffet|Encore|p1a: Starmie
|-start|p1a: Starmie|Encore
|
|-heal|p2a: Wobbuffet|584\/584|[from] item: Leftovers
|turn|4
|c|âHere to GG|counter me to death
|
|switch|p2a: Diggersby|Diggersby, M, shiny|311\/311
|move|p1a: Starmie|Rapid Spin|p2a: Diggersby
|-crit|p2a: Diggersby
|-damage|p2a: Diggersby|288\/311
|
|turn|5
|
|switch|p1a: Ferrothorn|Ferrothorn, F|352\/352
|move|p2a: Diggersby|Swords Dance|p2a: Diggersby
|-boost|p2a: Diggersby|atk|2
|
|turn|6
|
|move|p2a: Diggersby|Earthquake|p1a: Ferrothorn
|-damage|p1a: Ferrothorn|0 fnt
|-damage|p2a: Diggersby|257\/311|[from] item: Life Orb
|faint|p1a: Ferrothorn
|
|c|âHere to GG|that kills...
|
|switch|p1a: Starmie|Starmie|324\/324
|turn|7
|
|switch|p1a: Heatran|Heatran, M|377\/377
|switch|p2a: Wobbuffet|Wobbuffet, F, shiny|584\/584
|
|turn|8
|
|switch|p2a: Diggersby|Diggersby, M, shiny|257\/311
|move|p1a: Heatran|Taunt|p2a: Diggersby
|-start|p2a: Diggersby|move: Taunt
|
|turn|9
|
|switch|p1a: Starmie|Starmie|324\/324
|move|p2a: Diggersby|Earthquake|p1a: Starmie
|-damage|p1a: Starmie|3\/324
|-damage|p2a: Diggersby|226\/311|[from] item: Life Orb
|
|-heal|p1a: Starmie|23\/324|[from] item: Leftovers
|turn|10
|
|switch|p1a: Clefable|Clefable, M|394\/394
|switch|p2a: Wobbuffet|Wobbuffet, F, shiny|584\/584
|
|turn|11
|
|move|p1a: Clefable|Wish|p1a: Clefable
|move|p2a: Wobbuffet|Encore|p1a: Clefable
|-start|p1a: Clefable|Encore
|
|turn|12
|
|switch|p2a: Diggersby|Diggersby, M, shiny|226\/311
|move|p1a: Clefable|Wish|p1a: Clefable
|-fail|p1a: Clefable
|
|turn|13
|
|move|p2a: Diggersby|Agility|p2a: Diggersby
|-boost|p2a: Diggersby|spe|2
|move|p1a: Clefable|Wish|p1a: Clefable
|
|turn|14
|
|switch|p1a: Mew|Mew|403\/403
|move|p2a: Diggersby|Swords Dance|p2a: Diggersby
|-boost|p2a: Diggersby|atk|2
|
|turn|15
|
|switch|p1a: Starmie|Starmie|23\/324
|move|p2a: Diggersby|Frustration|p1a: Starmie
|-damage|p1a: Starmie|0 fnt
|-damage|p2a: Diggersby|195\/311|[from] item: Life Orb
|faint|p1a: Starmie
|
|
|switch|p1a: Clefable|Clefable, M|394\/394
|turn|16
|
|switch|p2a: Wobbuffet|Wobbuffet, F, shiny|584\/584
|move|p1a: Clefable|Moonblast|p2a: Wobbuffet
|-damage|p2a: Wobbuffet|454\/584
|-unboost|p2a: Wobbuffet|spa|1
|
|-heal|p2a: Wobbuffet|490\/584|[from] item: Leftovers
|turn|17
|
|move|p1a: Clefable|Moonblast|p2a: Wobbuffet
|-damage|p2a: Wobbuffet|361\/584
|move|p2a: Wobbuffet|Encore|p1a: Clefable
|-start|p1a: Clefable|Encore
|
|-heal|p2a: Wobbuffet|397\/584|[from] item: Leftovers
|turn|18
|
|switch|p2a: Charizard|Charizard, M, shiny|297\/297
|move|p1a: Clefable|Moonblast|p2a: Charizard
|-resisted|p2a: Charizard
|-damage|p2a: Charizard|236\/297
|
|turn|19
|
|switch|p1a: Heatran|Heatran, M|377\/377
|move|p2a: Charizard|Dragon Dance|p2a: Charizard
|-boost|p2a: Charizard|atk|1
|-boost|p2a: Charizard|spe|1
|
|turn|20
|
|detailschange|p2a: Charizard|Charizard-Mega-X, M, shiny
|-mega|p2a: Charizard|Charizard|Charizardite X
|move|p2a: Charizard|Earthquake|p1a: Heatran
|-supereffective|p1a: Heatran
|-damage|p1a: Heatran|0 fnt
|faint|p1a: Heatran
|
|
|switch|p1a: Clefable|Clefable, M|394\/394
|turn|21
|
|move|p2a: Charizard|Flare Blitz|p1a: Clefable
|-damage|p1a: Clefable|123\/394
|-damage|p2a: Charizard|147\/297|[from] recoil|[of] p1a: Clefable
|move|p1a: Clefable|Wish|p1a: Clefable
|
|-heal|p1a: Clefable|147\/394|[from] item: Leftovers
|turn|22
|
|switch|p2a: Wobbuffet|Wobbuffet, F, shiny|397\/584
|move|p1a: Clefable|Protect|p1a: Clefable
|-fail|p1a: Clefable
|
|-heal|p1a: Clefable|344\/394|[from] move: Wish|[wisher] Clefable
|-heal|p1a: Clefable|368\/394|[from] item: Leftovers
|-heal|p2a: Wobbuffet|433\/584|[from] item: Leftovers
|turn|23
|
|move|p1a: Clefable|Moonblast|p2a: Wobbuffet
|-damage|p2a: Wobbuffet|310\/584
|move|p2a: Wobbuffet|Encore|p1a: Clefable
|-start|p1a: Clefable|Encore
|
|-heal|p1a: Clefable|392\/394|[from] item: Leftovers
|-heal|p2a: Wobbuffet|346\/584|[from] item: Leftovers
|turn|24
|
|move|p1a: Clefable|Moonblast|p2a: Wobbuffet
|-damage|p2a: Wobbuffet|207\/584
|move|p2a: Wobbuffet|Mirror Coat|p1a: Clefable
|-damage|p1a: Clefable|114\/394
|
|-heal|p1a: Clefable|138\/394|[from] item: Leftovers
|-heal|p2a: Wobbuffet|243\/584|[from] item: Leftovers
|turn|25
|
|move|p1a: Clefable|Moonblast|p2a: Wobbuffet
|-crit|p2a: Wobbuffet
|-damage|p2a: Wobbuffet|47\/584
|move|p2a: Wobbuffet|Mirror Coat|p1a: Clefable
|-damage|p1a: Clefable|0 fnt
|faint|p1a: Clefable
|
|-heal|p2a: Wobbuffet|83\/584|[from] item: Leftovers
|
|switch|p1a: Lopunny|Lopunny, F|271\/271
|turn|26
|
|switch|p2a: Aerodactyl|Aerodactyl, F, shiny|301\/301
|detailschange|p1a: Lopunny|Lopunny-Mega, F
|-mega|p1a: Lopunny|Lopunny|Lopunnite
|move|p1a: Lopunny|Return|p2a: Aerodactyl
|-resisted|p2a: Aerodactyl
|-damage|p2a: Aerodactyl|168\/301
|
|turn|27
|
|move|p1a: Lopunny|Ice Punch|p2a: Aerodactyl
|-supereffective|p2a: Aerodactyl
|-damage|p2a: Aerodactyl|0 fnt
|faint|p2a: Aerodactyl
|
|
|switch|p2a: Latias|Latias, F, shiny|301\/301
|turn|28
|
|switch|p1a: Mew|Mew|403\/403
|move|p2a: Latias|Healing Wish|p2a: Latias
|faint|p2a: Latias
|
|
|switch|p2a: Charizard|Charizard-Mega-X, M, shiny|147\/297
|-heal|p2a: Charizard|297\/297|[from] move: Healing Wish
|turn|29
|
|move|p2a: Charizard|Dragon Dance|p2a: Charizard
|-boost|p2a: Charizard|atk|1
|-boost|p2a: Charizard|spe|1
|move|p1a: Mew|Taunt|p2a: Charizard
|-start|p2a: Charizard|move: Taunt
|
|turn|30
|
|move|p2a: Charizard|Earthquake|p1a: Mew
|-damage|p1a: Mew|220\/403
|move|p1a: Mew|Roost|p1a: Mew
|-heal|p1a: Mew|403\/403
|
|turn|31
|
|move|p2a: Charizard|Earthquake|p1a: Mew
|-damage|p1a: Mew|234\/403
|move|p1a: Mew|Roost|p1a: Mew
|-heal|p1a: Mew|403\/403
|
|turn|32
|
|move|p2a: Charizard|Earthquake|p1a: Mew
|-damage|p1a: Mew|236\/403
|move|p1a: Mew|Roost|p1a: Mew
|-heal|p1a: Mew|403\/403
|
|-end|p2a: Charizard|move: Taunt
|turn|33
|
|switch|p1a: Lopunny|Lopunny-Mega, F|271\/271
|move|p2a: Charizard|Dragon Dance|p2a: Charizard
|-boost|p2a: Charizard|atk|1
|-boost|p2a: Charizard|spe|1
|
|turn|34
|
|move|p1a: Lopunny|Fake Out|p2a: Charizard
|-damage|p2a: Charizard|224\/297
|cant|p2a: Charizard|flinch
|
|turn|35
|
|move|p2a: Charizard|Earthquake|p1a: Lopunny
|-damage|p1a: Lopunny|9\/271
|move|p1a: Lopunny|High Jump Kick|p2a: Charizard
|-damage|p2a: Charizard|14\/297
|
|turn|36
|
|switch|p1a: Mew|Mew|403\/403
|move|p2a: Charizard|Outrage|p1a: Mew
|-damage|p1a: Mew|0 fnt
|faint|p1a: Mew
|
|
|switch|p1a: Lopunny|Lopunny-Mega, F|9\/271
|turn|37
|
|move|p1a: Lopunny|Fake Out|p2a: Charizard
|-damage|p2a: Charizard|0 fnt
|faint|p2a: Charizard
|
|c|âHere to GG|gg
|
|switch|p2a: Staraptor|Staraptor, F, shiny|347\/347
|turn|38
|
|move|p1a: Lopunny|High Jump Kick|p2a: Staraptor
|-crit|p2a: Staraptor
|-damage|p2a: Staraptor|0 fnt
|faint|p2a: Staraptor
|
|c|âHere to GG|dont toy with me
|c|âHere to GG|oml
|c|âHere to GG|do i win xD
|c|âHere to GG|lmao
|
|switch|p2a: Diggersby|Diggersby, M, shiny|195\/311
|turn|39
|
|move|p1a: Lopunny|Return|p2a: Diggersby
|-damage|p2a: Diggersby|0 fnt
|faint|p2a: Diggersby
|
|-message|OTRTVC forfeited.
|
|win|Here to GG
|raw|Ladder updating...
|raw|Here to GG's rating: 1787 &rarr; <strong>1797<\/strong><br \/>(+10 for winning)
|raw|OTRTVC's rating: 1588 &rarr; <strong>1579<\/strong><br \/>(-9 for losing)