|join|lil manaphy
|join|OTRTVC
|player|p1|lil manaphy|9
|player|p2|OTRTVC|144
|gametype|singles
|gen|6
|tier|OU
|rated
|clearpoke
|poke|p1|Gardevoir, F
|poke|p1|Keldeo
|poke|p1|Amoonguss, M
|poke|p1|Chansey, F
|poke|p1|Mandibuzz, F
|poke|p1|Landorus-Therian, M
|poke|p2|Wobbuffet, F, shiny
|poke|p2|Latias, F, shiny
|poke|p2|Aerodactyl, F, shiny
|poke|p2|Charizard, M, shiny
|poke|p2|Diggersby, F, shiny
|poke|p2|Staraptor, F, shiny
|rule|Swagger Clause: Swagger is banned
|rule|Baton Pass Clause: Limit one PokÃ©mon knowing Baton Pass
|rule|Sleep Clause Mod: Limit one foe put to sleep
|rule|Species Clause: Limit one of each PokÃ©mon
|rule|OHKO Clause: OHKO moves are banned
|rule|Moody Clause: Moody is banned
|rule|Evasion Moves Clause: Evasion moves are banned
|rule|Endless Battle Clause: Forcing endless battles is banned
|rule|HP Percentage Mod: HP is shown in percentages
|teampreview
|
|start
|switch|p1a: Landorus-Therian|Landorus-Therian, M|382\/382
|switch|p2a: Aerodactyl|Aerodactyl, F, shiny|301\/301
|-ability|p1a: Landorus-Therian|Intimidate|[of] p2a: Aerodactyl
|-unboost|p2a: Aerodactyl|atk|1
|turn|1
|
|move|p2a: Aerodactyl|Taunt|p1a: Landorus-Therian
|-start|p1a: Landorus-Therian|move: Taunt
|move|p1a: Landorus-Therian|Stone Edge|p2a: Aerodactyl|[miss]
|-miss|p1a: Landorus-Therian|p2a: Aerodactyl
|
|turn|2
|
|switch|p2a: Wobbuffet|Wobbuffet, F, shiny|584\/584
|move|p1a: Landorus-Therian|Stone Edge|p2a: Wobbuffet
|-damage|p2a: Wobbuffet|460\/584
|
|-heal|p2a: Wobbuffet|496\/584|[from] item: Leftovers
|turn|3
|
|move|p1a: Landorus-Therian|U-turn|p2a: Wobbuffet
|-supereffective|p2a: Wobbuffet
|-damage|p2a: Wobbuffet|312\/584
|
|switch|p1a: Chansey|Chansey, F|703\/703
|move|p2a: Wobbuffet|Counter|p1a: Chansey
|-damage|p1a: Chansey|335\/703
|
|-heal|p2a: Wobbuffet|348\/584|[from] item: Leftovers
|turn|4
|
|move|p1a: Chansey|Soft-Boiled|p1a: Chansey
|-heal|p1a: Chansey|687\/703
|move|p2a: Wobbuffet|Encore|p1a: Chansey
|-start|p1a: Chansey|Encore
|
|-heal|p2a: Wobbuffet|384\/584|[from] item: Leftovers
|turn|5
|
|switch|p2a: 07|Diggersby, F, shiny|327\/327
|move|p1a: Chansey|Soft-Boiled|p1a: Chansey
|-heal|p1a: Chansey|703\/703
|
|turn|6
|
|switch|p1a: Landorus-Therian|Landorus-Therian, M|382\/382
|-ability|p1a: Landorus-Therian|Intimidate|[of] p2a: 07
|-unboost|p2a: 07|atk|1
|move|p2a: 07|Swords Dance|p2a: 07
|-boost|p2a: 07|atk|2
|
|turn|7
|
|move|p2a: 07|Frustration|p1a: Landorus-Therian
|-damage|p1a: Landorus-Therian|45\/382
|-damage|p2a: 07|295\/327|[from] item: Life Orb
|move|p1a: Landorus-Therian|U-turn|p2a: 07
|-damage|p2a: 07|197\/327
|
|switch|p1a: Keldeo|Keldeo|323\/323
|
|turn|8
|
|switch|p2a: Latias|Latias, F, shiny|301\/301
|move|p1a: Keldeo|Scald|p2a: Latias
|-resisted|p2a: Latias
|-damage|p2a: Latias|247\/301
|
|turn|9
|
|switch|p2a: 07|Diggersby, F, shiny|197\/327
|switch|p1a: Gardevoir|Gardevoir, F|277\/277
|-ability|p1a: Gardevoir|Huge Power|[from] ability: Trace|[of] p2a: 07
|
|turn|10
|
|switch|p2a: Aerodactyl|Aerodactyl, F, shiny|301\/301
|detailschange|p1a: Gardevoir|Gardevoir-Mega, F
|-mega|p1a: Gardevoir|Gardevoir|Gardevoirite
|move|p1a: Gardevoir|Hyper Voice|p2a: Aerodactyl
|-enditem|p2a: Aerodactyl|Focus Sash
|-damage|p2a: Aerodactyl|1\/301
|
|turn|11
|
|move|p2a: Aerodactyl|Stealth Rock|p1a: Gardevoir
|-sidestart|p1: lil manaphy|move: Stealth Rock
|move|p1a: Gardevoir|Hyper Voice|p2a: Aerodactyl
|-damage|p2a: Aerodactyl|0 fnt
|faint|p2a: Aerodactyl
|
|
|switch|p2a: Charizard|Charizard, M, shiny|297\/297
|turn|12
|
|move|p2a: Charizard|Dragon Dance|p2a: Charizard
|-boost|p2a: Charizard|atk|1
|-boost|p2a: Charizard|spe|1
|move|p1a: Gardevoir|Taunt|p2a: Charizard
|-start|p2a: Charizard|move: Taunt
|
|turn|13
|
|switch|p1a: Landorus-Therian|Landorus-Therian, M|45\/382
|-damage|p1a: Landorus-Therian|0 fnt|[from] Stealth Rock
|faint|p1a: Landorus-Therian
|detailschange|p2a: Charizard|Charizard-Mega-X, M, shiny
|-mega|p2a: Charizard|Charizard|Charizardite X
|move|p2a: Charizard|Flare Blitz|p1: Landorus-Therian|[notarget]
|-notarget
|
|
|switch|p1a: Mandibuzz|Mandibuzz, F|423\/423
|-damage|p1a: Mandibuzz|318\/423|[from] Stealth Rock
|turn|14
|
|move|p2a: Charizard|Flare Blitz|p1a: Mandibuzz
|-damage|p1a: Mandibuzz|2\/423
|-damage|p2a: Charizard|248\/297|[from] item: Rocky Helmet|[of] p1a: Mandibuzz
|-damage|p2a: Charizard|144\/297|[from] recoil|[of] p1a: Mandibuzz
|move|p1a: Mandibuzz|Foul Play|p2a: Charizard
|-damage|p2a: Charizard|0 fnt
|faint|p2a: Charizard
|
|
|switch|p2a: 801|Staraptor, F, shiny|347\/347
|turn|15
|
|move|p2a: 801|Double-Edge|p1a: Mandibuzz
|-damage|p1a: Mandibuzz|0 fnt
|-damage|p2a: 801|290\/347|[from] item: Rocky Helmet|[of] p1a: Mandibuzz
|-damage|p2a: 801|289\/347|[from] recoil|[of] p1a: Mandibuzz
|-damage|p2a: 801|255\/347|[from] item: Life Orb
|faint|p1a: Mandibuzz
|
|
|switch|p1a: Gardevoir|Gardevoir-Mega, F|277\/277
|-damage|p1a: Gardevoir|243\/277|[from] Stealth Rock
|turn|16
|
|move|p1a: Gardevoir|Hyper Voice|p2a: 801
|-damage|p2a: 801|0 fnt
|faint|p2a: 801
|
|
|switch|p2a: Wobbuffet|Wobbuffet, F, shiny|384\/584
|turn|17
|
|move|p1a: Gardevoir|Psyshock|p2a: Wobbuffet
|-resisted|p2a: Wobbuffet
|-damage|p2a: Wobbuffet|275\/584
|move|p2a: Wobbuffet|Mirror Coat|p1a: Gardevoir
|-damage|p1a: Gardevoir|25\/277
|
|-heal|p2a: Wobbuffet|311\/584|[from] item: Leftovers
|turn|18
|
|move|p1a: Gardevoir|Hyper Voice|p2a: Wobbuffet
|-damage|p2a: Wobbuffet|26\/584
|move|p2a: Wobbuffet|Mirror Coat|p1a: Gardevoir
|-damage|p1a: Gardevoir|0 fnt
|faint|p1a: Gardevoir
|
|-heal|p2a: Wobbuffet|62\/584|[from] item: Leftovers
|
|switch|p1a: Keldeo|Keldeo|323\/323
|-damage|p1a: Keldeo|303\/323|[from] Stealth Rock
|turn|19
|
|switch|p2a: Latias|Latias, F, shiny|247\/301
|move|p1a: Keldeo|Scald|p2a: Latias
|-resisted|p2a: Latias
|-damage|p2a: Latias|189\/301
|
|-heal|p1a: Keldeo|323\/323|[from] item: Leftovers
|turn|20
|
|switch|p2a: 07|Diggersby, F, shiny|197\/327
|switch|p1a: Chansey|Chansey, F|703\/703
|-damage|p1a: Chansey|616\/703|[from] Stealth Rock
|
|turn|21
|
|switch|p1a: Amoonguss|Amoonguss, M|432\/432
|-damage|p1a: Amoonguss|378\/432|[from] Stealth Rock
|move|p2a: 07|Earthquake|p1a: Amoonguss
|-crit|p1a: Amoonguss
|-damage|p1a: Amoonguss|0 fnt
|-damage|p2a: 07|165\/327|[from] item: Life Orb
|faint|p1a: Amoonguss
|
|
|switch|p1a: Keldeo|Keldeo|323\/323
|-damage|p1a: Keldeo|303\/323|[from] Stealth Rock
|turn|22
|
|switch|p2a: Latias|Latias, F, shiny|189\/301
|move|p1a: Keldeo|Scald|p2a: Latias
|-resisted|p2a: Latias
|-damage|p2a: Latias|137\/301
|-status|p2a: Latias|brn
|
|-heal|p1a: Keldeo|323\/323|[from] item: Leftovers
|-damage|p2a: Latias|100\/301 brn|[from] brn
|turn|23
|
|switch|p1a: Chansey|Chansey, F|616\/703
|-damage|p1a: Chansey|529\/703|[from] Stealth Rock
|move|p2a: Latias|Psyshock|p1a: Chansey
|-damage|p1a: Chansey|329\/703
|-damage|p2a: Latias|70\/301 brn|[from] item: Life Orb
|
|-damage|p2a: Latias|33\/301 brn|[from] brn
|turn|24
|
|switch|p1a: Keldeo|Keldeo|323\/323
|-damage|p1a: Keldeo|303\/323|[from] Stealth Rock
|move|p2a: Latias|Healing Wish|p2a: Latias
|faint|p2a: Latias
|
|-heal|p1a: Keldeo|323\/323|[from] item: Leftovers
|
|switch|p2a: Wobbuffet|Wobbuffet, F, shiny|62\/584
|-heal|p2a: Wobbuffet|584\/584|[from] move: Healing Wish
|turn|25
|
|move|p1a: Keldeo|Substitute|p1a: Keldeo
|-start|p1a: Keldeo|Substitute
|-damage|p1a: Keldeo|243\/323
|move|p2a: Wobbuffet|Encore|p1a: Keldeo
|-start|p1a: Keldeo|Encore
|
|-heal|p1a: Keldeo|263\/323|[from] item: Leftovers
|turn|26
|
|switch|p2a: 07|Diggersby, F, shiny|165\/327
|move|p1a: Keldeo|Substitute|p1a: Keldeo
|-fail|p1a: Keldeo|move: Substitute
|
|-heal|p1a: Keldeo|283\/323|[from] item: Leftovers
|turn|27
|
|move|p1a: Keldeo|Substitute|p1a: Keldeo
|-fail|p1a: Keldeo|move: Substitute
|move|p2a: 07|Earthquake|p1a: Keldeo
|-end|p1a: Keldeo|Substitute
|-damage|p2a: 07|133\/327|[from] item: Life Orb
|
|-heal|p1a: Keldeo|303\/323|[from] item: Leftovers
|turn|28
|
|move|p1a: Keldeo|Substitute|p1a: Keldeo
|-start|p1a: Keldeo|Substitute
|-damage|p1a: Keldeo|223\/323
|move|p2a: 07|Earthquake|p1a: Keldeo
|-end|p1a: Keldeo|Substitute
|-damage|p2a: 07|101\/327|[from] item: Life Orb
|
|-heal|p1a: Keldeo|243\/323|[from] item: Leftovers
|-end|p1a: Keldeo|Encore
|turn|29
|
|switch|p2a: Wobbuffet|Wobbuffet, F, shiny|584\/584
|move|p1a: Keldeo|Scald|p2a: Wobbuffet
|-damage|p2a: Wobbuffet|424\/584
|-status|p2a: Wobbuffet|brn
|
|-heal|p1a: Keldeo|263\/323|[from] item: Leftovers
|-heal|p2a: Wobbuffet|460\/584 brn|[from] item: Leftovers
|-damage|p2a: Wobbuffet|387\/584 brn|[from] brn
|turn|30
|
|move|p1a: Keldeo|Substitute|p1a: Keldeo
|-start|p1a: Keldeo|Substitute
|-damage|p1a: Keldeo|183\/323
|move|p2a: Wobbuffet|Encore|p1a: Keldeo
|-start|p1a: Keldeo|Encore
|
|-heal|p1a: Keldeo|203\/323|[from] item: Leftovers
|-heal|p2a: Wobbuffet|423\/584 brn|[from] item: Leftovers
|-damage|p2a: Wobbuffet|350\/584 brn|[from] brn
|turn|31
|
|switch|p2a: 07|Diggersby, F, shiny|101\/327
|move|p1a: Keldeo|Substitute|p1a: Keldeo
|-fail|p1a: Keldeo|move: Substitute
|
|-heal|p1a: Keldeo|223\/323|[from] item: Leftovers
|turn|32
|
|move|p1a: Keldeo|Substitute|p1a: Keldeo
|-fail|p1a: Keldeo|move: Substitute
|move|p2a: 07|Earthquake|p1a: Keldeo
|-end|p1a: Keldeo|Substitute
|-damage|p2a: 07|69\/327|[from] item: Life Orb
|
|-heal|p1a: Keldeo|243\/323|[from] item: Leftovers
|turn|33
|
|move|p1a: Keldeo|Substitute|p1a: Keldeo
|-start|p1a: Keldeo|Substitute
|-damage|p1a: Keldeo|163\/323
|move|p2a: 07|Earthquake|p1a: Keldeo
|-end|p1a: Keldeo|Substitute
|-damage|p2a: 07|37\/327|[from] item: Life Orb
|
|-heal|p1a: Keldeo|183\/323|[from] item: Leftovers
|-end|p1a: Keldeo|Encore
|turn|34
|-message|OTRTVC forfeited.
|
|win|lil manaphy
|raw|Ladder updating...
|leave|OTRTVC
|player|p2
|raw|lil manaphy's rating: 1727 &rarr; <strong>1741<\/strong><br \/>(+14 for winning)
|raw|OTRTVC's rating: 1626 &rarr; <strong>1612<\/strong><br \/>(-14 for losing)