|join|lil manaphy
|join|OTRTVC
|player|p1|lil manaphy|9
|player|p2|OTRTVC|144
|gametype|singles
|gen|6
|tier|OU
|rated
|clearpoke
|poke|p1|Gardevoir, F
|poke|p1|Keldeo
|poke|p1|Amoonguss, M
|poke|p1|Chansey, F
|poke|p1|Mandibuzz, F
|poke|p1|Landorus-Therian, M
|poke|p2|Wobbuffet, M, shiny
|poke|p2|Latias, F, shiny
|poke|p2|Aerodactyl, F, shiny
|poke|p2|Charizard, F, shiny
|poke|p2|Diggersby, M, shiny
|poke|p2|Staraptor, M, shiny
|rule|Swagger Clause: Swagger is banned
|rule|Baton Pass Clause: Limit one PokÃ©mon knowing Baton Pass
|rule|Sleep Clause Mod: Limit one foe put to sleep
|rule|Species Clause: Limit one of each PokÃ©mon
|rule|OHKO Clause: OHKO moves are banned
|rule|Moody Clause: Moody is banned
|rule|Evasion Moves Clause: Evasion moves are banned
|rule|Endless Battle Clause: Forcing endless battles is banned
|rule|HP Percentage Mod: HP is shown in percentages
|teampreview
|
|start
|switch|p1a: Landorus-Therian|Landorus-Therian, M|382\/382
|switch|p2a: Aerodactyl|Aerodactyl, F, shiny|301\/301
|-ability|p1a: Landorus-Therian|Intimidate|[of] p2a: Aerodactyl
|-unboost|p2a: Aerodactyl|atk|1
|turn|1
|
|move|p2a: Aerodactyl|Taunt|p1a: Landorus-Therian
|-start|p1a: Landorus-Therian|move: Taunt
|move|p1a: Landorus-Therian|Stone Edge|p2a: Aerodactyl
|-supereffective|p2a: Aerodactyl
|-enditem|p2a: Aerodactyl|Focus Sash
|-damage|p2a: Aerodactyl|1\/301
|
|turn|2
|
|move|p2a: Aerodactyl|Stealth Rock|p1a: Landorus-Therian
|-sidestart|p1: lil manaphy|move: Stealth Rock
|move|p1a: Landorus-Therian|U-turn|p2a: Aerodactyl
|-resisted|p2a: Aerodactyl
|-damage|p2a: Aerodactyl|0 fnt
|faint|p2a: Aerodactyl
|
|switch|p1a: Amoonguss|Amoonguss, M|432\/432
|-damage|p1a: Amoonguss|378\/432|[from] Stealth Rock
|
|-heal|p1a: Amoonguss|405\/432|[from] item: Black Sludge
|
|switch|p2a: Charizard|Charizard, F, shiny|297\/297
|turn|3
|
|detailschange|p2a: Charizard|Charizard-Mega-X, F, shiny
|-mega|p2a: Charizard|Charizard|Charizardite X
|move|p2a: Charizard|Flare Blitz|p1a: Amoonguss
|-supereffective|p1a: Amoonguss
|-damage|p1a: Amoonguss|0 fnt
|-damage|p2a: Charizard|163\/297|[from] recoil|[of] p1a: Amoonguss
|faint|p1a: Amoonguss
|
|
|switch|p1a: Landorus-Therian|Landorus-Therian, M|382\/382
|-damage|p1a: Landorus-Therian|335\/382|[from] Stealth Rock
|-ability|p1a: Landorus-Therian|Intimidate|[of] p2a: Charizard
|-unboost|p2a: Charizard|atk|1
|turn|4
|
|switch|p2a: Wobbuffet|Wobbuffet, M, shiny|584\/584
|move|p1a: Landorus-Therian|Stealth Rock|p2a: Wobbuffet
|-sidestart|p2: OTRTVC|move: Stealth Rock
|
|-heal|p1a: Landorus-Therian|358\/382|[from] item: Leftovers
|turn|5
|
|move|p1a: Landorus-Therian|Stealth Rock|p2a: Wobbuffet
|-fail|p2a: Wobbuffet
|move|p2a: Wobbuffet|Counter|p1a: Landorus-Therian
|-fail|p1a: Landorus-Therian
|
|-heal|p1a: Landorus-Therian|381\/382|[from] item: Leftovers
|turn|6
|
|move|p1a: Landorus-Therian|U-turn|p2a: Wobbuffet
|-supereffective|p2a: Wobbuffet
|-damage|p2a: Wobbuffet|392\/584
|
|switch|p1a: Gardevoir|Gardevoir, F|277\/277
|-damage|p1a: Gardevoir|243\/277|[from] Stealth Rock
|-ability|p1a: Gardevoir|Shadow Tag|[from] ability: Trace|[of] p2a: Wobbuffet
|move|p2a: Wobbuffet|Counter|p1a: Gardevoir
|-damage|p1a: Gardevoir|0 fnt
|faint|p1a: Gardevoir
|
|-heal|p2a: Wobbuffet|428\/584|[from] item: Leftovers
|
|switch|p1a: Mandibuzz|Mandibuzz, F|423\/423
|-damage|p1a: Mandibuzz|318\/423|[from] Stealth Rock
|turn|7
|
|move|p1a: Mandibuzz|Taunt|p2a: Wobbuffet
|-start|p2a: Wobbuffet|move: Taunt
|cant|p2a: Wobbuffet|move: Taunt|Encore
|
|-heal|p2a: Wobbuffet|464\/584|[from] item: Leftovers
|turn|8
|
|switch|p2a: 07|Diggersby, M, shiny|327\/327
|-damage|p2a: 07|307\/327|[from] Stealth Rock
|move|p1a: Mandibuzz|Roost|p1a: Mandibuzz
|-heal|p1a: Mandibuzz|423\/423
|
|turn|9
|
|move|p2a: 07|Frustration|p1a: Mandibuzz
|-damage|p1a: Mandibuzz|201\/423
|-damage|p2a: 07|253\/327|[from] item: Rocky Helmet|[of] p1a: Mandibuzz
|-damage|p2a: 07|221\/327|[from] item: Life Orb
|move|p1a: Mandibuzz|Foul Play|p2a: 07
|-damage|p2a: 07|76\/327
|
|turn|10
|
|move|p2a: 07|Frustration|p1a: Mandibuzz
|-damage|p1a: Mandibuzz|5\/423
|-damage|p2a: 07|22\/327|[from] item: Rocky Helmet|[of] p1a: Mandibuzz
|-damage|p2a: 07|0 fnt|[from] item: Life Orb
|faint|p2a: 07
|move|p1a: Mandibuzz|Roost|p1a: Mandibuzz
|-heal|p1a: Mandibuzz|217\/423
|
|
|switch|p2a: Latias|Latias, F, shiny|301\/301
|-damage|p2a: Latias|264\/301|[from] Stealth Rock
|turn|11
|
|switch|p1a: Chansey|Chansey, F|703\/703
|-damage|p1a: Chansey|616\/703|[from] Stealth Rock
|move|p2a: Latias|Draco Meteor|p1a: Chansey
|-damage|p1a: Chansey|443\/703
|-unboost|p2a: Latias|spa|2
|-damage|p2a: Latias|234\/301|[from] item: Life Orb
|
|turn|12
|
|switch|p2a: Wobbuffet|Wobbuffet, M, shiny|464\/584
|-damage|p2a: Wobbuffet|391\/584|[from] Stealth Rock
|move|p1a: Chansey|Thunder Wave|p2a: Wobbuffet
|-status|p2a: Wobbuffet|par
|
|-heal|p2a: Wobbuffet|427\/584 par|[from] item: Leftovers
|turn|13
|
|move|p1a: Chansey|Wish|p1a: Chansey
|move|p2a: Wobbuffet|Encore|p1a: Chansey
|-start|p1a: Chansey|Encore
|
|-heal|p2a: Wobbuffet|463\/584 par|[from] item: Leftovers
|turn|14
|
|switch|p2a: 801|Staraptor, M, shiny|347\/347
|-damage|p2a: 801|261\/347|[from] Stealth Rock
|move|p1a: Chansey|Wish|p1a: Chansey
|-fail|p1a: Chansey
|
|-heal|p1a: Chansey|703\/703|[from] move: Wish|[wisher] Chansey
|turn|15
|
|switch|p1a: Mandibuzz|Mandibuzz, F|217\/423
|-damage|p1a: Mandibuzz|112\/423|[from] Stealth Rock
|move|p2a: 801|Double-Edge|p1a: Mandibuzz
|-crit|p1a: Mandibuzz
|-damage|p1a: Mandibuzz|0 fnt
|-damage|p2a: 801|204\/347|[from] item: Rocky Helmet|[of] p1a: Mandibuzz
|-damage|p2a: 801|167\/347|[from] recoil|[of] p1a: Mandibuzz
|-damage|p2a: 801|133\/347|[from] item: Life Orb
|faint|p1a: Mandibuzz
|
|
|switch|p1a: Keldeo|Keldeo|323\/323
|-damage|p1a: Keldeo|303\/323|[from] Stealth Rock
|turn|16
|
|switch|p2a: Latias|Latias, F, shiny|234\/301
|-damage|p2a: Latias|197\/301|[from] Stealth Rock
|move|p1a: Keldeo|Scald|p2a: Latias
|-resisted|p2a: Latias
|-damage|p2a: Latias|142\/301
|
|-heal|p1a: Keldeo|323\/323|[from] item: Leftovers
|turn|17
|
|switch|p2a: Wobbuffet|Wobbuffet, M, shiny|463\/584 par
|-damage|p2a: Wobbuffet|390\/584 par|[from] Stealth Rock
|switch|p1a: Chansey|Chansey, F|703\/703
|-damage|p1a: Chansey|616\/703|[from] Stealth Rock
|
|-heal|p2a: Wobbuffet|426\/584 par|[from] item: Leftovers
|turn|18
|
|move|p1a: Chansey|Soft-Boiled|p1a: Chansey
|-heal|p1a: Chansey|703\/703
|move|p2a: Wobbuffet|Counter|p1a: Chansey
|-fail|p1a: Chansey
|
|-heal|p2a: Wobbuffet|462\/584 par|[from] item: Leftovers
|turn|19
|
|move|p1a: Chansey|Thunder Wave|p2a: Wobbuffet
|-fail|p2a: Wobbuffet|par
|move|p2a: Wobbuffet|Counter|p1a: Chansey
|-fail|p1a: Chansey
|
|-heal|p2a: Wobbuffet|498\/584 par|[from] item: Leftovers
|turn|20
|
|move|p1a: Chansey|Thunder Wave|p2a: Wobbuffet
|-fail|p2a: Wobbuffet|par
|move|p2a: Wobbuffet|Counter|p1a: Chansey
|-fail|p1a: Chansey
|
|-heal|p2a: Wobbuffet|534\/584 par|[from] item: Leftovers
|turn|21
|
|move|p1a: Chansey|Thunder Wave|p2a: Wobbuffet
|-fail|p2a: Wobbuffet|par
|move|p2a: Wobbuffet|Counter|p1a: Chansey
|-fail|p1a: Chansey
|
|-heal|p2a: Wobbuffet|570\/584 par|[from] item: Leftovers
|turn|22
|
|move|p1a: Chansey|Thunder Wave|p2a: Wobbuffet
|-fail|p2a: Wobbuffet|par
|move|p2a: Wobbuffet|Counter|p1a: Chansey
|-fail|p1a: Chansey
|
|-heal|p2a: Wobbuffet|584\/584 par|[from] item: Leftovers
|turn|23
|
|move|p1a: Chansey|Wish|p1a: Chansey
|move|p2a: Wobbuffet|Encore|p1a: Chansey
|-start|p1a: Chansey|Encore
|
|turn|24
|
|move|p1a: Chansey|Wish|p1a: Chansey
|-fail|p1a: Chansey
|cant|p2a: Wobbuffet|par
|
|turn|25
|
|switch|p2a: Charizard|Charizard-Mega-X, F, shiny|163\/297
|-damage|p2a: Charizard|89\/297|[from] Stealth Rock
|move|p1a: Chansey|Wish|p1a: Chansey
|
|turn|26
|
|switch|p1a: Landorus-Therian|Landorus-Therian, M|381\/382
|-damage|p1a: Landorus-Therian|334\/382|[from] Stealth Rock
|-ability|p1a: Landorus-Therian|Intimidate|[of] p2a: Charizard
|-unboost|p2a: Charizard|atk|1
|move|p2a: Charizard|Outrage|p1a: Landorus-Therian
|-damage|p1a: Landorus-Therian|186\/382
|
|-heal|p1a: Landorus-Therian|382\/382|[from] move: Wish|[wisher] Chansey
|turn|27
|
|move|p2a: Charizard|Outrage|p1a: Landorus-Therian
|-damage|p1a: Landorus-Therian|237\/382
|move|p1a: Landorus-Therian|Earthquake|p2a: Charizard
|-supereffective|p2a: Charizard
|-damage|p2a: Charizard|0 fnt
|faint|p2a: Charizard
|
|-heal|p1a: Landorus-Therian|260\/382|[from] item: Leftovers
|
|switch|p2a: 801|Staraptor, M, shiny|133\/347
|-damage|p2a: 801|47\/347|[from] Stealth Rock
|turn|28
|
|move|p2a: 801|Double-Edge|p1a: Landorus-Therian
|-damage|p1a: Landorus-Therian|0 fnt
|-damage|p2a: 801|0 fnt|[from] recoil|[of] p1a: Landorus-Therian
|faint|p1a: Landorus-Therian
|faint|p2a: 801
|
|
|switch|p1a: Keldeo|Keldeo|323\/323
|switch|p2a: Wobbuffet|Wobbuffet, M, shiny|584\/584 par
|-damage|p1a: Keldeo|303\/323|[from] Stealth Rock
|-damage|p2a: Wobbuffet|511\/584 par|[from] Stealth Rock
|turn|29
|
|move|p1a: Keldeo|Substitute|p1a: Keldeo
|-start|p1a: Keldeo|Substitute
|-damage|p1a: Keldeo|223\/323
|move|p2a: Wobbuffet|Encore|p1a: Keldeo
|-start|p1a: Keldeo|Encore
|
|-heal|p1a: Keldeo|243\/323|[from] item: Leftovers
|-heal|p2a: Wobbuffet|547\/584 par|[from] item: Leftovers
|turn|30
|
|switch|p2a: Latias|Latias, F, shiny|142\/301
|-damage|p2a: Latias|105\/301|[from] Stealth Rock
|move|p1a: Keldeo|Substitute|p1a: Keldeo
|-fail|p1a: Keldeo|move: Substitute
|
|-heal|p1a: Keldeo|263\/323|[from] item: Leftovers
|turn|31
|
|move|p2a: Latias|Psyshock|p1a: Keldeo
|-supereffective|p1a: Keldeo
|-end|p1a: Keldeo|Substitute
|-damage|p2a: Latias|75\/301|[from] item: Life Orb
|move|p1a: Keldeo|Substitute|p1a: Keldeo
|-start|p1a: Keldeo|Substitute
|-damage|p1a: Keldeo|183\/323
|
|-heal|p1a: Keldeo|203\/323|[from] item: Leftovers
|turn|32
|
|move|p2a: Latias|Defog|p1a: Keldeo
|-sideend|p1: lil manaphy|Stealth Rock|[from] move: Defog|[of] p1a: Keldeo
|-sideend|p2: OTRTVC|Stealth Rock|[from] move: Defog|[of] p2a: Latias
|move|p1a: Keldeo|Substitute|p1a: Keldeo
|-fail|p1a: Keldeo|move: Substitute
|
|-heal|p1a: Keldeo|223\/323|[from] item: Leftovers
|-end|p1a: Keldeo|Encore
|turn|33
|
|switch|p2a: Wobbuffet|Wobbuffet, M, shiny|547\/584 par
|move|p1a: Keldeo|Secret Sword|p2a: Wobbuffet
|-resisted|p2a: Wobbuffet
|-damage|p2a: Wobbuffet|457\/584 par
|
|-heal|p1a: Keldeo|243\/323|[from] item: Leftovers
|-heal|p2a: Wobbuffet|493\/584 par|[from] item: Leftovers
|turn|34
|
|move|p1a: Keldeo|Substitute|p1a: Keldeo
|-fail|p1a: Keldeo|move: Substitute
|move|p2a: Wobbuffet|Encore|p1a: Keldeo
|-start|p1a: Keldeo|Encore
|
|-heal|p1a: Keldeo|263\/323|[from] item: Leftovers
|-heal|p2a: Wobbuffet|529\/584 par|[from] item: Leftovers
|turn|35
|-message|OTRTVC forfeited.
|
|win|lil manaphy
|raw|Ladder updating...
|raw|lil manaphy's rating: 1720 &rarr; <strong>1734<\/strong><br \/>(+14 for winning)
|raw|OTRTVC's rating: 1624 &rarr; <strong>1610<\/strong><br \/>(-14 for losing)
|leave|OTRTVC
|player|p2