|join|lil manaphy
|join|OTRTVC
|player|p1|lil manaphy|34
|player|p2|OTRTVC|290
|gametype|singles
|gen|6
|tier|OU (suspect test)
|rated
|clearpoke
|poke|p1|Diancie
|poke|p1|Ferrothorn, F
|poke|p1|Wobbuffet, M
|poke|p1|Landorus-Therian, M
|poke|p1|Conkeldurr, M
|poke|p1|Mandibuzz, F
|poke|p2|Gengar, F, shiny
|poke|p2|Azelf, shiny
|poke|p2|Metagross, shiny
|poke|p2|Azumarill, M, shiny
|poke|p2|Landorus, M, shiny
|poke|p2|Magnezone, shiny
|rule|Swagger Clause: Swagger is banned
|rule|Baton Pass Clause: Limit one PokÃ©mon knowing Baton Pass
|rule|Sleep Clause Mod: Limit one foe put to sleep
|rule|Species Clause: Limit one of each PokÃ©mon
|rule|OHKO Clause: OHKO moves are banned
|rule|Moody Clause: Moody is banned
|rule|Evasion Moves Clause: Evasion moves are banned
|rule|Endless Battle Clause: Forcing endless battles is banned
|rule|HP Percentage Mod: HP is shown in percentages
|teampreview
OTRTVC made this room hidden.
|
|start
|switch|p1a: Diancie|Diancie|241\/241
|switch|p2a: Azelf|Azelf, shiny|291\/291
|turn|1
|
|move|p2a: Azelf|Skill Swap|p1a: Diancie
|-activate|p2a: Azelf|move: Skill Swap|Clear Body|Levitate|[of] p1a: Diancie
|move|p1a: Diancie|Moonblast|p2a: Azelf
|-damage|p2a: Azelf|81\/291
|
|turn|2
|
|switch|p2a: Magnezone|Magnezone, shiny|285\/285
|detailschange|p1a: Diancie|Diancie-Mega
|-mega|p1a: Diancie|Diancie|Diancite
|move|p1a: Diancie|Ancient Power|p2a: Magnezone
|-resisted|p2a: Magnezone
|-damage|p2a: Magnezone|219\/285
|
|turn|3
|
|switch|p2a: Azelf|Azelf, shiny|81\/291
|switch|p1a: Conkeldurr|Conkeldurr, M|352\/352
|
|turn|4
|
|move|p2a: Azelf|Stealth Rock|p1a: Conkeldurr
|-sidestart|p1: lil manaphy|move: Stealth Rock
|move|p1a: Conkeldurr|Drain Punch|p2a: Azelf
|-resisted|p2a: Azelf
|-damage|p2a: Azelf|0 fnt
|faint|p2a: Azelf
|
|
|switch|p2a: Azumarill|Azumarill, M, shiny|401\/401
|turn|5
|
|switch|p1a: Landorus-Therian|Landorus-Therian, M|382\/382
|-damage|p1a: Landorus-Therian|335\/382|[from] Stealth Rock
|-ability|p1a: Landorus-Therian|Intimidate|[of] p2a: Azumarill
|-unboost|p2a: Azumarill|atk|1
|move|p2a: Azumarill|Knock Off|p1a: Landorus-Therian
|-damage|p1a: Landorus-Therian|264\/382
|-enditem|p1a: Landorus-Therian|Leftovers|[from] move: Knock Off|[of] p2a: Azumarill
|
|turn|6
|
|move|p1a: Landorus-Therian|Earthquake|p2a: Azumarill
|-damage|p2a: Azumarill|220\/401
|move|p2a: Azumarill|Waterfall|p1a: Landorus-Therian
|-supereffective|p1a: Landorus-Therian
|-damage|p1a: Landorus-Therian|88\/382
|
|turn|7
|
|switch|p1a: Wobbuffet|Wobbuffet, M|528\/528
|-damage|p1a: Wobbuffet|462\/528|[from] Stealth Rock
|switch|p2a: Landorus|Landorus, M, shiny|345\/345
|
|-heal|p1a: Wobbuffet|495\/528|[from] item: Leftovers
|turn|8
|
|switch|p1a: Mandibuzz|Mandibuzz, F|424\/424
|-damage|p1a: Mandibuzz|318\/424|[from] Stealth Rock
|move|p2a: Landorus|Knock Off|p1a: Mandibuzz
|-resisted|p1a: Mandibuzz
|-damage|p1a: Mandibuzz|274\/424
|-enditem|p1a: Mandibuzz|Leftovers|[from] move: Knock Off|[of] p2a: Landorus
|-damage|p2a: Landorus|311\/345|[from] item: Life Orb
|
|turn|9
|
|switch|p2a: Magnezone|Magnezone, shiny|219\/285
|move|p1a: Mandibuzz|Defog|p2a: Magnezone
|-unboost|p2a: Magnezone|evasion|1
|-sideend|p1: lil manaphy|Stealth Rock|[from] move: Defog|[of] p1a: Mandibuzz
|
|turn|10
|
|switch|p1a: Ferrothorn|Ferrothorn, F|352\/352
|move|p2a: Magnezone|Volt Switch|p1a: Ferrothorn
|-resisted|p1a: Ferrothorn
|-damage|p1a: Ferrothorn|301\/352
|
|switch|p2a: Azumarill|Azumarill, M, shiny|220\/401
|
|turn|11
|
|switch|p1a: Wobbuffet|Wobbuffet, M|495\/528
|move|p2a: Azumarill|Knock Off|p1a: Wobbuffet
|-supereffective|p1a: Wobbuffet
|-damage|p1a: Wobbuffet|137\/528
|-enditem|p1a: Wobbuffet|Leftovers|[from] move: Knock Off|[of] p2a: Azumarill
|
|turn|12
|
|move|p2a: Azumarill|Knock Off|p1a: Wobbuffet
|-supereffective|p1a: Wobbuffet
|-damage|p1a: Wobbuffet|0 fnt
|faint|p1a: Wobbuffet
|
|
|switch|p1a: Diancie|Diancie-Mega|241\/241
|turn|13
|
|switch|p2a: Magnezone|Magnezone, shiny|219\/285
|move|p1a: Diancie|Moonblast|p2a: Magnezone
|-resisted|p2a: Magnezone
|-damage|p2a: Magnezone|105\/285
|
|turn|14
|
|switch|p1a: Conkeldurr|Conkeldurr, M|352\/352
|move|p2a: Magnezone|Volt Switch|p1a: Conkeldurr
|-damage|p1a: Conkeldurr|262\/352
|
|switch|p2a: Azumarill|Azumarill, M, shiny|220\/401
|
|turn|15
|
|switch|p2a: Magnezone|Magnezone, shiny|105\/285
|switch|p1a: Ferrothorn|Ferrothorn, F|301\/352
|
|turn|16
|
|switch|p2a: Azumarill|Azumarill, M, shiny|220\/401
|move|p1a: Ferrothorn|Protect|p1a: Ferrothorn
|-fail|p1a: Ferrothorn
|
|turn|17
|
|move|p2a: Azumarill|Knock Off|p1a: Ferrothorn
|-damage|p1a: Ferrothorn|206\/352
|-damage|p2a: Azumarill|170\/401|[from] ability: Iron Barbs|[of] p1a: Ferrothorn
|-enditem|p1a: Ferrothorn|Shed Shell|[from] move: Knock Off|[of] p2a: Azumarill
|move|p1a: Ferrothorn|Power Whip|p2a: Azumarill
|-crit|p2a: Azumarill
|-supereffective|p2a: Azumarill
|-damage|p2a: Azumarill|0 fnt
|faint|p2a: Azumarill
|
|
|switch|p2a: Magnezone|Magnezone, shiny|105\/285
|turn|18
|
|move|p2a: Magnezone|Hidden Power|p1a: Ferrothorn
|-supereffective|p1a: Ferrothorn
|-damage|p1a: Ferrothorn|0 fnt
|faint|p1a: Ferrothorn
|
|
|switch|p1a: Diancie|Diancie-Mega|241\/241
|turn|19
|
|switch|p2a: Gengar|Gengar, F, shiny|261\/261
|move|p1a: Diancie|Ancient Power|p2a: Gengar
|-damage|p2a: Gengar|93\/261
|
|turn|20
|
|move|p2a: Gengar|Focus Blast|p1a: Diancie
|-damage|p1a: Diancie|73\/241
|-damage|p2a: Gengar|67\/261|[from] item: Life Orb
|move|p1a: Diancie|Ancient Power|p2a: Gengar
|-damage|p2a: Gengar|0 fnt
|faint|p2a: Gengar
|
|
|switch|p2a: Metagross|Metagross, shiny|301\/301
|turn|21
|
|detailschange|p2a: Metagross|Metagross-Mega, shiny
|-mega|p2a: Metagross|Metagross|Metagrossite
|move|p1a: Diancie|Earth Power|p2a: Metagross
|-supereffective|p2a: Metagross
|-damage|p2a: Metagross|55\/301
|-unboost|p2a: Metagross|spd|1
|move|p2a: Metagross|Meteor Mash|p1a: Diancie
|-crit|p1a: Diancie
|-supereffective|p1a: Diancie
|-damage|p1a: Diancie|0 fnt
|-boost|p2a: Metagross|atk|1
|faint|p1a: Diancie
|
|
|switch|p1a: Conkeldurr|Conkeldurr, M|262\/352
|turn|22
|
|switch|p2a: Landorus|Landorus, M, shiny|311\/345
|move|p1a: Conkeldurr|Mach Punch|p2a: Landorus
|-resisted|p2a: Landorus
|-damage|p2a: Landorus|263\/345
|
|turn|23
|
|switch|p2a: Magnezone|Magnezone, shiny|105\/285
|move|p1a: Conkeldurr|Drain Punch|p2a: Magnezone
|-supereffective|p2a: Magnezone
|-damage|p2a: Magnezone|0 fnt
|-heal|p1a: Conkeldurr|315\/352|[from] drain|[of] p2a: Magnezone
|faint|p2a: Magnezone
|
|-message|OTRTVC forfeited.
|
|win|lil manaphy
|raw|Ladder updating...
|leave|OTRTVC
|raw|lil manaphy's rating: 1462 &rarr; <strong>1486<\/strong><br \/>(+24 for winning)
|raw|OTRTVC's rating: 1534 &rarr; <strong>1510<\/strong><br \/>(-24 for losing)
|player|p2