|join|HJ Suspect
|join|OTRTVC
|player|p1|HJ Suspect|46
|player|p2|OTRTVC|290
|gametype|singles
|gen|6
|tier|OU (suspect test)
|rated
|clearpoke
|poke|p1|Charizard, F
|poke|p1|Gothitelle, M
|poke|p1|Ferrothorn, F
|poke|p1|Tyranitar, F
|poke|p1|Excadrill, M
|poke|p1|Keldeo
|poke|p2|Gengar, F, shiny
|poke|p2|Azelf, shiny
|poke|p2|Metagross, shiny
|poke|p2|Azumarill, F, shiny
|poke|p2|Landorus, M, shiny
|poke|p2|Magnezone, shiny
|rule|Swagger Clause: Swagger is banned
|rule|Baton Pass Clause: Limit one PokÃ©mon knowing Baton Pass
|rule|Sleep Clause Mod: Limit one foe put to sleep
|rule|Species Clause: Limit one of each PokÃ©mon
|rule|OHKO Clause: OHKO moves are banned
|rule|Moody Clause: Moody is banned
|rule|Evasion Moves Clause: Evasion moves are banned
|rule|Endless Battle Clause: Forcing endless battles is banned
|rule|HP Percentage Mod: HP is shown in percentages
|teampreview
|
|start
|switch|p1a: Tyranitar|Tyranitar, F|403\/403
|switch|p2a: Azelf|Azelf, shiny|291\/291
|-weather|Sandstorm
|turn|1
|
|move|p2a: Azelf|Stealth Rock|p1a: Tyranitar
|-sidestart|p1: HJ Suspect|move: Stealth Rock
|move|p1a: Tyranitar|Stone Edge|p2a: Azelf
|-damage|p2a: Azelf|39\/291
|
|-weather|Sandstorm|[upkeep]
|-damage|p2a: Azelf|21\/291|[from] sandstorm
|turn|2
|
|switch|p1a: Excadrill|Excadrill, M|361\/361
|-damage|p1a: Excadrill|350\/361|[from] Stealth Rock
|-item|p1a: Excadrill|Air Balloon
|move|p2a: Azelf|Explosion|p1a: Excadrill
|-resisted|p1a: Excadrill
|-damage|p1a: Excadrill|131\/361
|-enditem|p1a: Excadrill|Air Balloon
|faint|p2a: Azelf
|
|-weather|Sandstorm|[upkeep]
|join|pkmnemblem
|
|switch|p2a: Azumarill|Azumarill, F, shiny|401\/401
|turn|3
|leave|pkmnemblem
|
|switch|p2a: Magnezone|Magnezone, shiny|285\/285
|move|p1a: Excadrill|Rapid Spin|p2a: Magnezone
|-resisted|p2a: Magnezone
|-damage|p2a: Magnezone|273\/285
|-sideend|p1: HJ Suspect|Stealth Rock|[from] move: Rapid Spin|[of] p1a: Excadrill
|
|-weather|Sandstorm|[upkeep]
|turn|4
|
|switch|p2a: Azumarill|Azumarill, F, shiny|401\/401
|move|p1a: Excadrill|Iron Head|p2a: Azumarill
|-damage|p2a: Azumarill|223\/401
|
|-weather|Sandstorm|[upkeep]
|-damage|p2a: Azumarill|198\/401|[from] sandstorm
|turn|5
|join|HAIRyago
|
|switch|p1a: Ferrothorn|Ferrothorn, F|352\/352
|move|p2a: Azumarill|Aqua Jet|p1a: Ferrothorn
|-resisted|p1a: Ferrothorn
|-damage|p1a: Ferrothorn|324\/352
|-damage|p2a: Azumarill|148\/401|[from] ability: Iron Barbs|[of] p1a: Ferrothorn
|
|-weather|Sandstorm|[upkeep]
|-damage|p2a: Azumarill|123\/401|[from] sandstorm
|-heal|p1a: Ferrothorn|346\/352|[from] item: Leftovers
|turn|6
|
|switch|p1a: Excadrill|Excadrill, M|131\/361
|move|p2a: Azumarill|Play Rough|p1a: Excadrill
|-resisted|p1a: Excadrill
|-damage|p1a: Excadrill|0 fnt
|faint|p1a: Excadrill
|
|-weather|Sandstorm|[upkeep]
|-damage|p2a: Azumarill|98\/401|[from] sandstorm
|
|switch|p1a: Ferrothorn|Ferrothorn, F|346\/352
|turn|7
|
|move|p2a: Azumarill|Knock Off|p1a: Ferrothorn
|-damage|p1a: Ferrothorn|249\/352
|-damage|p2a: Azumarill|48\/401|[from] ability: Iron Barbs|[of] p1a: Ferrothorn
|-enditem|p1a: Ferrothorn|Leftovers|[from] move: Knock Off|[of] p2a: Azumarill
|move|p1a: Ferrothorn|Stealth Rock|p2a: Azumarill
|-sidestart|p2: OTRTVC|move: Stealth Rock
|
|-weather|Sandstorm|[upkeep]
|-damage|p2a: Azumarill|23\/401|[from] sandstorm
|turn|8
|join|MoB Barley
|
|switch|p1a: Gothitelle|Gothitelle, M|281\/281
|move|p2a: Azumarill|Play Rough|p1a: Gothitelle
|-damage|p1a: Gothitelle|91\/281
|
|-weather|none
|turn|9
|
|move|p2a: Azumarill|Aqua Jet|p1a: Gothitelle
|-damage|p1a: Gothitelle|3\/281
|move|p1a: Gothitelle|Psychic|p2a: Azumarill
|-damage|p2a: Azumarill|0 fnt
|faint|p2a: Azumarill
|
|
|switch|p2a: Magnezone|Magnezone, shiny|273\/285
|-damage|p2a: Magnezone|256\/285|[from] Stealth Rock
|turn|10
|
|move|p1a: Gothitelle|Psychic|p2a: Magnezone
|-resisted|p2a: Magnezone
|-damage|p2a: Magnezone|186\/285
|move|p2a: Magnezone|Volt Switch|p1a: Gothitelle
|-damage|p1a: Gothitelle|0 fnt
|faint|p1a: Gothitelle
|
|switch|p2a: Gengar|Gengar, F, shiny|261\/261
|-damage|p2a: Gengar|229\/261|[from] Stealth Rock
|
|
|switch|p1a: Keldeo|Keldeo|323\/323
|turn|11
|
|move|p1a: Keldeo|Hydro Pump|p2a: Gengar
|-damage|p2a: Gengar|0 fnt
|faint|p2a: Gengar
|
|
|switch|p2a: Magnezone|Magnezone, shiny|186\/285
|-damage|p2a: Magnezone|169\/285|[from] Stealth Rock
|turn|12
|
|move|p1a: Keldeo|Hydro Pump|p2a: Magnezone|[miss]
|-miss|p1a: Keldeo|p2a: Magnezone
|move|p2a: Magnezone|Volt Switch|p1a: Keldeo
|-supereffective|p1a: Keldeo
|-damage|p1a: Keldeo|51\/323
|join|Cosine180
|
|switch|p2a: Metagross|Metagross, shiny|301\/301
|-damage|p2a: Metagross|283\/301|[from] Stealth Rock
|
|turn|13
|
|switch|p1a: Ferrothorn|Ferrothorn, F|249\/352
|detailschange|p2a: Metagross|Metagross-Mega, shiny
|-mega|p2a: Metagross|Metagross|Metagrossite
|move|p2a: Metagross|Earthquake|p1a: Ferrothorn
|-crit|p1a: Ferrothorn
|-damage|p1a: Ferrothorn|118\/352
|
|turn|14
|
|switch|p2a: Landorus|Landorus, M, shiny|345\/345
|-damage|p2a: Landorus|302\/345|[from] Stealth Rock
|switch|p1a: Keldeo|Keldeo|51\/323
|
|turn|15
|join|A2tehBR
|c|âHJ Suspect|Why are people watching
|join|Req'd By Excadrill
|c| A2tehBR|for u
|
|switch|p2a: Magnezone|Magnezone, shiny|169\/285
|-damage|p2a: Magnezone|152\/285|[from] Stealth Rock
|move|p1a: Keldeo|Scald|p2a: Magnezone
|-damage|p2a: Magnezone|0 fnt
|faint|p2a: Magnezone
|
|leave|Req'd By Excadrill
|leave|A2tehBR
|
|switch|p2a: Metagross|Metagross-Mega, shiny|283\/301
|-damage|p2a: Metagross|265\/301|[from] Stealth Rock
|turn|16
|c|âHJ Suspect|doubt it
|
|switch|p1a: Tyranitar|Tyranitar, F|403\/403
|-weather|Sandstorm
|move|p2a: Metagross|Earthquake|p1a: Tyranitar
|-supereffective|p1a: Tyranitar
|-damage|p1a: Tyranitar|177\/403
|
|-weather|Sandstorm|[upkeep]
|turn|17
|join|A2tehBR
|leave|A2tehBR
|join|fingerscrossed
|leave|Cosine180
|
|move|p2a: Metagross|Earthquake|p1a: Tyranitar
|-supereffective|p1a: Tyranitar
|-damage|p1a: Tyranitar|0 fnt
|faint|p1a: Tyranitar
|
|-weather|Sandstorm|[upkeep]
|
|switch|p1a: Charizard|Charizard, F|297\/297
|turn|18
|
|detailschange|p1a: Charizard|Charizard-Mega-Y, F
|-mega|p1a: Charizard|Charizard|Charizardite Y
|-weather|SunnyDay
|move|p2a: Metagross|Zen Headbutt|p1a: Charizard
|-damage|p1a: Charizard|63\/297
|move|p1a: Charizard|Flamethrower|p2a: Metagross
|-crit|p2a: Metagross
|-supereffective|p2a: Metagross
|-damage|p2a: Metagross|0 fnt
|faint|p2a: Metagross
|
|-weather|SunnyDay|[upkeep]
|join|ZNain
|leave|ZNain
|
|switch|p2a: Landorus|Landorus, M, shiny|302\/345
|-damage|p2a: Landorus|259\/345|[from] Stealth Rock
|turn|19
|c|âHJ Suspect|GG
|
|move|p1a: Charizard|Flamethrower|p2a: Landorus
|-damage|p2a: Landorus|0 fnt
|faint|p2a: Landorus
|
|win|HJ Suspect
|raw|Ladder updating...
|raw|HJ Suspect's rating: 1401 &rarr; <strong>1428<\/strong><br \/>(+27 for winning)
|raw|OTRTVC's rating: 1533 &rarr; <strong>1506<\/strong><br \/>(-27 for losing)
|leave|OTRTVC
|player|p2
|leave|fingerscrossed