|join|for youuuu
|join|hunt3rkillerz
|player|p1|for youuuu|68
|player|p2|hunt3rkillerz|266
|gametype|singles
|gen|6
|tier|OU
|rated
|clearpoke
|poke|p1|Greninja, F
|poke|p1|Slowbro, M
|poke|p1|Altaria, M
|poke|p1|Ferrothorn, M
|poke|p1|Landorus-Therian, M
|poke|p1|Gengar, F
|poke|p2|Clefable, F
|poke|p2|Sharpedo, M
|poke|p2|Chandelure, F
|poke|p2|Excadrill, M
|poke|p2|Dragonite, F
|poke|p2|Thundurus, M
|rule|Swagger Clause: Swagger is banned
|rule|Baton Pass Clause: Limit one PokÃ©mon knowing Baton Pass
|rule|Sleep Clause Mod: Limit one foe put to sleep
|rule|Species Clause: Limit one of each PokÃ©mon
|rule|OHKO Clause: OHKO moves are banned
|rule|Moody Clause: Moody is banned
|rule|Evasion Moves Clause: Evasion moves are banned
|rule|Endless Battle Clause: Forcing endless battles is banned
|rule|HP Percentage Mod: HP is shown in percentages
|teampreview
|join|etaoi
|join|Breeloom
|join|tripsbot
|join|chumped
|
|start
|switch|p1a: kingdom hearts|Landorus-Therian, M|329\/329
|switch|p2a: Excadrill|Excadrill, M|361\/361
|-ability|p1a: kingdom hearts|Intimidate|[of] p2a: Excadrill
|-unboost|p2a: Excadrill|atk|1
|-ability|p2a: Excadrill|Mold Breaker
|-item|p2a: Excadrill|Air Balloon
|turn|1
|
|move|p1a: kingdom hearts|U-turn|p2a: Excadrill
|-resisted|p2a: Excadrill
|-damage|p2a: Excadrill|295\/361
|-enditem|p2a: Excadrill|Air Balloon
|
|switch|p1a: jailbait|Ferrothorn, M|352\/352
|move|p2a: Excadrill|Stealth Rock|p1a: jailbait
|-sidestart|p1: for youuuu|move: Stealth Rock
|
|turn|2
|
|switch|p2a: Clefable|Clefable, F|394\/394
|move|p1a: jailbait|Stealth Rock|p2a: Clefable
|-sidestart|p2: hunt3rkillerz|move: Stealth Rock
|
|turn|3
|
|switch|p1a: spoopy doopy|Gengar, F|261\/261
|-damage|p1a: spoopy doopy|229\/261|[from] Stealth Rock
|move|p2a: Clefable|Calm Mind|p2a: Clefable
|-boost|p2a: Clefable|spa|1
|-boost|p2a: Clefable|spd|1
|
|turn|4
|
|move|p1a: spoopy doopy|Sludge Wave|p2a: Clefable
|-supereffective|p2a: Clefable
|-damage|p2a: Clefable|64\/394
|-damage|p1a: spoopy doopy|203\/261|[from] item: Life Orb
|move|p2a: Clefable|Calm Mind|p2a: Clefable
|-boost|p2a: Clefable|spa|1
|-boost|p2a: Clefable|spd|1
|
|-heal|p2a: Clefable|88\/394|[from] item: Leftovers
|turn|5
|c| Breeloom|ah the good cm!!
|
|switch|p2a: Excadrill|Excadrill, M|295\/361
|-damage|p2a: Excadrill|284\/361|[from] Stealth Rock
|-ability|p2a: Excadrill|Mold Breaker
|move|p1a: spoopy doopy|Sludge Wave|p2a: Excadrill
|-immune|p2a: Excadrill|[msg]
|
|turn|6
|c| Breeloom|nice focus miss inc
|
|move|p1a: spoopy doopy|Focus Blast|p2a: Excadrill
|-supereffective|p2a: Excadrill
|-damage|p2a: Excadrill|0 fnt
|-damage|p1a: spoopy doopy|177\/261|[from] item: Life Orb
|faint|p2a: Excadrill
|
|
|switch|p2a: Chandelure|Chandelure, F|261\/261
|-damage|p2a: Chandelure|196\/261|[from] Stealth Rock
|turn|7
|c| tripsbot|haha focus hit :DDDDDDd
|
|move|p2a: Chandelure|Flamethrower|p1a: spoopy doopy
|-damage|p1a: spoopy doopy|0 fnt
|faint|p1a: spoopy doopy
|
|
|switch|p1a: Greninja check|Greninja, F|285\/285
|-damage|p1a: Greninja check|250\/285|[from] Stealth Rock
|turn|8
|
|switch|p2a: Clefable|Clefable, F|88\/394
|move|p1a: Greninja check|Dark Pulse|p2a: Clefable
|-start|p1a: Greninja check|typechange|Dark|[from] Protean
|-resisted|p2a: Clefable
|-damage|p2a: Clefable|9\/394
|-damage|p1a: Greninja check|222\/285|[from] item: Life Orb
|
|-heal|p2a: Clefable|33\/394|[from] item: Leftovers
|turn|9
|
|move|p1a: Greninja check|Dark Pulse|p2a: Clefable
|-resisted|p2a: Clefable
|-damage|p2a: Clefable|0 fnt
|-damage|p1a: Greninja check|194\/285|[from] item: Life Orb
|faint|p2a: Clefable
|
|
|switch|p2a: Chandelure|Chandelure, F|196\/261
|-damage|p2a: Chandelure|131\/261|[from] Stealth Rock
|turn|10
|
|switch|p1a: slowbro'd what els|Slowbro, M|393\/393
|-damage|p1a: slowbro'd what els|344\/393|[from] Stealth Rock
|move|p2a: Chandelure|Flamethrower|p1a: slowbro'd what els
|-resisted|p1a: slowbro'd what els
|-damage|p1a: slowbro'd what els|220\/393
|
|turn|11
|
|switch|p2a: Thundurus|Thundurus, M|299\/299
|-damage|p2a: Thundurus|225\/299|[from] Stealth Rock
|move|p1a: slowbro'd what els|Scald|p2a: Thundurus
|-damage|p2a: Thundurus|104\/299
|-status|p2a: Thundurus|brn
|
|-damage|p2a: Thundurus|67\/299 brn|[from] brn
|turn|12
|
|switch|p1a: jailbait|Ferrothorn, M|352\/352
|-damage|p1a: jailbait|330\/352|[from] Stealth Rock
|move|p2a: Thundurus|Thunderbolt|p1a: jailbait
|-resisted|p1a: jailbait
|-damage|p1a: jailbait|244\/352
|-damage|p2a: Thundurus|38\/299 brn|[from] item: Life Orb
|
|-heal|p1a: jailbait|266\/352|[from] item: Leftovers
|-damage|p2a: Thundurus|1\/299 brn|[from] brn
|turn|13
|
|switch|p1a: slowbro'd what els|Slowbro, M|351\/393
|-damage|p1a: slowbro'd what els|302\/393|[from] Stealth Rock
|move|p2a: Thundurus|Focus Blast|p1a: slowbro'd what els
|-resisted|p1a: slowbro'd what els
|-damage|p1a: slowbro'd what els|190\/393
|-damage|p2a: Thundurus|0 fnt|[from] item: Life Orb
|faint|p2a: Thundurus
|
|
|switch|p2a: Chandelure|Chandelure, F|131\/261
|-damage|p2a: Chandelure|66\/261|[from] Stealth Rock
|turn|14
|
|move|p2a: Chandelure|Shadow Ball|p1a: slowbro'd what els
|-supereffective|p1a: slowbro'd what els
|-damage|p1a: slowbro'd what els|0 fnt
|faint|p1a: slowbro'd what els
|
|
|switch|p1a: puff|Altaria, M|305\/305
|-damage|p1a: puff|229\/305|[from] Stealth Rock
|turn|15
|
|detailschange|p1a: puff|Altaria-Mega, M
|message|Altaria has Mega Evolved into Mega Altaria!
|move|p2a: Chandelure|Shadow Ball|p1a: puff
|-damage|p1a: puff|60\/305
|move|p1a: puff|Roost|p1a: puff
|-heal|p1a: puff|213\/305
|
|turn|16
|join|Updated Kanto
|
|move|p2a: Chandelure|Shadow Ball|p1a: puff
|-damage|p1a: puff|59\/305
|move|p1a: puff|Return|p2a: Chandelure
|-resisted|p2a: Chandelure
|-damage|p2a: Chandelure|0 fnt
|faint|p2a: Chandelure
|
|
|switch|p2a: Sharpedo|Sharpedo, M|281\/281
|-damage|p2a: Sharpedo|246\/281|[from] Stealth Rock
|turn|17
|c| Breeloom|i didn't agree with this play comp :\/
|
|move|p2a: Sharpedo|Protect|p2a: Sharpedo
|-singleturn|p2a: Sharpedo|Protect
|move|p1a: puff|Return|p2a: Sharpedo
|-activate|p2a: Sharpedo|Protect
|
|-boost|p2a: Sharpedo|spe|1|[from] ability: Speed Boost
|turn|18
|c|âfor youuuu|ya i dont
|c| Breeloom|i thought lando was the better choice
|
|detailschange|p2a: Sharpedo|Sharpedo-Mega, M
|message|Sharpedo has Mega Evolved into Mega Sharpedo!
|move|p2a: Sharpedo|Ice Fang|p1a: puff
|-supereffective|p1a: puff
|-damage|p1a: puff|0 fnt
|faint|p1a: puff
|
|c|âfor youuuu|yes i realize i fucked u
|c|âfor youuuu|p
|
|switch|p1a: jailbait|Ferrothorn, M|266\/352
|-damage|p1a: jailbait|244\/352|[from] Stealth Rock
|turn|19
|
|move|p2a: Sharpedo|Crunch|p1a: jailbait
|-damage|p1a: jailbait|99\/352
|-damage|p2a: Sharpedo|211\/281|[from] ability: Iron Barbs|[of] p1a: jailbait
|move|p1a: jailbait|Gyro Ball|p2a: Sharpedo
|-resisted|p2a: Sharpedo
|-damage|p2a: Sharpedo|99\/281
|
|-heal|p1a: jailbait|121\/352|[from] item: Leftovers
|turn|20
|join|Sakis
|c|âfor youuuu|but ur a gay kid for not having whip
|leave|Sakis
|join|get stomped c0mp
|
|move|p2a: Sharpedo|Crunch|p1a: jailbait
|-damage|p1a: jailbait|0 fnt
|-damage|p2a: Sharpedo|64\/281|[from] ability: Iron Barbs|[of] p1a: jailbait
|faint|p1a: jailbait
|
|c| Breeloom|u um
|
|switch|p1a: Greninja check|Greninja, F|194\/285
|-damage|p1a: Greninja check|159\/285|[from] Stealth Rock
|turn|21
|c| Breeloom|would've won if you leeched..
|c|âhunt3rkillerz|? are you talking to me?
|c|âfor youuuu|n-no??
|leave|etaoi
|join|TOTEMO
|
|move|p2a: Sharpedo|Crunch|p1a: Greninja check
|-resisted|p1a: Greninja check
|-damage|p1a: Greninja check|0 fnt
|faint|p1a: Greninja check
|
|
|switch|p1a: kingdom hearts|Landorus-Therian, M|329\/329
|-damage|p1a: kingdom hearts|288\/329|[from] Stealth Rock
|-ability|p1a: kingdom hearts|Intimidate|[of] p2a: Sharpedo
|-unboost|p2a: Sharpedo|atk|1
|turn|22
|c|âfor youuuu|gay
|leave|chumped
|
|move|p2a: Sharpedo|Ice Fang|p1a: kingdom hearts
|-supereffective|p1a: kingdom hearts
|-damage|p1a: kingdom hearts|0 fnt
|faint|p1a: kingdom hearts
|
|win|hunt3rkillerz
|raw|Ladder updating...
|c|âhunt3rkillerz|gg
|leave|for youuuu
|player|p1
|raw|for youuuu's rating: 1590 &rarr; <strong>1570<\/strong><br \/>(-20 for losing)
|raw|hunt3rkillerz's rating: 1596 &rarr; <strong>1616<\/strong><br \/>(+20 for winning)
|leave|Breeloom
|leave|get stomped c0mp