|join|for youuuu
|join|mexicanbutterfly23
|player|p1|for youuuu|68
|player|p2|mexicanbutterfly23|212
|gametype|singles
|gen|6
|tier|OU
|rated
|clearpoke
|poke|p1|Greninja, F
|poke|p1|Slowbro, F
|poke|p1|Altaria, F
|poke|p1|Ferrothorn, F
|poke|p1|Landorus-Therian, M
|poke|p1|Gengar, F
|poke|p2|Altaria, M
|poke|p2|Greninja, M
|poke|p2|Tyranitar, F
|poke|p2|Excadrill, F
|poke|p2|Rotom-Wash
|poke|p2|Talonflame, M
|rule|Swagger Clause: Swagger is banned
|rule|Baton Pass Clause: Limit one PokÃ©mon knowing Baton Pass
|rule|Sleep Clause Mod: Limit one foe put to sleep
|rule|Species Clause: Limit one of each PokÃ©mon
|rule|OHKO Clause: OHKO moves are banned
|rule|Moody Clause: Moody is banned
|rule|Evasion Moves Clause: Evasion moves are banned
|rule|Endless Battle Clause: Forcing endless battles is banned
|rule|HP Percentage Mod: HP is shown in percentages
|teampreview
|
|start
|switch|p1a: kingdom hearts|Landorus-Therian, M|329\/329
|switch|p2a: Rotom-Wash|Rotom-Wash|304\/304
|-ability|p1a: kingdom hearts|Intimidate|[of] p2a: Rotom-Wash
|-unboost|p2a: Rotom-Wash|atk|1
|turn|1
|
|move|p1a: kingdom hearts|U-turn|p2a: Rotom-Wash
|-damage|p2a: Rotom-Wash|245\/304
|
|switch|p1a: jailbait|Ferrothorn, F|352\/352
|move|p2a: Rotom-Wash|Will-O-Wisp|p1a: jailbait
|-status|p1a: jailbait|brn
|
|-heal|p2a: Rotom-Wash|264\/304|[from] item: Leftovers
|-damage|p1a: jailbait|308\/352 brn|[from] brn
|turn|2
|
|move|p2a: Rotom-Wash|Volt Switch|p1a: jailbait
|-crit|p1a: jailbait
|-resisted|p1a: jailbait
|-damage|p1a: jailbait|254\/352 brn
|
|switch|p2a: Altaria|Altaria, M|315\/315
|move|p1a: jailbait|Stealth Rock|p2a: Altaria
|-sidestart|p2: mexicanbutterfly23|move: Stealth Rock
|
|-heal|p1a: jailbait|276\/352 brn|[from] item: Leftovers
|-damage|p1a: jailbait|232\/352 brn|[from] brn
|turn|3
|
|switch|p1a: spoopy doopy|Gengar, F|261\/261
|detailschange|p2a: Altaria|Altaria-Mega, M
|message|Altaria has Mega Evolved into Mega Altaria!
|move|p2a: Altaria|Fire Blast|p1a: spoopy doopy|[miss]
|-miss|p2a: Altaria|p1a: spoopy doopy
|
|turn|4
|
|switch|p2a: Rotom-Wash|Rotom-Wash|264\/304
|-damage|p2a: Rotom-Wash|226\/304|[from] Stealth Rock
|move|p1a: spoopy doopy|Focus Blast|p2a: Rotom-Wash
|-damage|p2a: Rotom-Wash|61\/304
|-unboost|p2a: Rotom-Wash|spd|1
|-damage|p1a: spoopy doopy|235\/261|[from] item: Life Orb
|
|-heal|p2a: Rotom-Wash|80\/304|[from] item: Leftovers
|turn|5
|
|move|p1a: spoopy doopy|Shadow Ball|p2a: Rotom-Wash
|-damage|p2a: Rotom-Wash|0 fnt
|-damage|p1a: spoopy doopy|209\/261|[from] item: Life Orb
|faint|p2a: Rotom-Wash
|
|
|switch|p2a: Greninja|Greninja, M|285\/285
|-damage|p2a: Greninja|250\/285|[from] Stealth Rock
|turn|6
|join|Breeloom
|
|switch|p1a: Greninja check|Greninja, F|285\/285
|move|p2a: Greninja|Ice Beam|p1a: Greninja check
|-start|p2a: Greninja|typechange|Ice|[from] Protean
|-resisted|p1a: Greninja check
|-damage|p1a: Greninja check|156\/285
|-damage|p2a: Greninja|222\/285|[from] item: Life Orb
|
|turn|7
|join|strOKing
|
|move|p1a: Greninja check|Low Kick|p2a: Greninja
|-start|p1a: Greninja check|typechange|Fighting|[from] Protean
|-supereffective|p2a: Greninja
|-damage|p2a: Greninja|0 fnt
|-damage|p1a: Greninja check|128\/285|[from] item: Life Orb
|faint|p2a: Greninja
|
|
|switch|p2a: Talonflame|Talonflame, M|299\/299
|-damage|p2a: Talonflame|150\/299|[from] Stealth Rock
|turn|8
|
|switch|p1a: slowbro'd what els|Slowbro, F|393\/393
|move|p2a: Talonflame|U-turn|p1a: slowbro'd what els
|-supereffective|p1a: slowbro'd what els
|-damage|p1a: slowbro'd what els|249\/393
|-damage|p2a: Talonflame|101\/299|[from] item: Rocky Helmet|[of] p1a: slowbro'd what els
|
|switch|p2a: Altaria|Altaria-Mega, M|315\/315
|-damage|p2a: Altaria|276\/315|[from] Stealth Rock
|
|turn|9
|
|switch|p1a: jailbait|Ferrothorn, F|232\/352 brn
|move|p2a: Altaria|Hyper Voice|p1a: jailbait
|-resisted|p1a: jailbait
|-damage|p1a: jailbait|154\/352 brn
|
|-heal|p1a: jailbait|176\/352 brn|[from] item: Leftovers
|-damage|p1a: jailbait|132\/352 brn|[from] brn
|turn|10
|
|move|p2a: Altaria|Fire Blast|p1a: jailbait
|-supereffective|p1a: jailbait
|-damage|p1a: jailbait|0 fnt
|faint|p1a: jailbait
|
|
|switch|p1a: Greninja check|Greninja, F|128\/285
|turn|11
|
|switch|p2a: Tyranitar|Tyranitar, F|350\/350
|-damage|p2a: Tyranitar|307\/350|[from] Stealth Rock
|-weather|Sandstorm
|move|p1a: Greninja check|Ice Beam|p2a: Tyranitar
|-start|p1a: Greninja check|typechange|Ice|[from] Protean
|-damage|p2a: Tyranitar|198\/350
|-damage|p1a: Greninja check|100\/285|[from] item: Life Orb
|
|-weather|Sandstorm|[upkeep]
|-damage|p1a: Greninja check|83\/285|[from] sandstorm
|turn|12
|
|move|p1a: Greninja check|Low Kick|p2a: Tyranitar
|-start|p1a: Greninja check|typechange|Fighting|[from] Protean
|-supereffective|p2a: Tyranitar
|-damage|p2a: Tyranitar|0 fnt
|-damage|p1a: Greninja check|55\/285|[from] item: Life Orb
|faint|p2a: Tyranitar
|
|-weather|Sandstorm|[upkeep]
|-damage|p1a: Greninja check|38\/285|[from] sandstorm
|
|switch|p2a: Excadrill|Excadrill, F|362\/362
|-damage|p2a: Excadrill|351\/362|[from] Stealth Rock
|-item|p2a: Excadrill|Air Balloon
|turn|13
|
|switch|p1a: slowbro'd what els|Slowbro, F|380\/393
|move|p2a: Excadrill|Rapid Spin|p1a: slowbro'd what els
|-damage|p1a: slowbro'd what els|362\/393
|-damage|p2a: Excadrill|291\/362|[from] item: Rocky Helmet|[of] p1a: slowbro'd what els
|-sideend|p2: mexicanbutterfly23|Stealth Rock|[from] move: Rapid Spin|[of] p2a: Excadrill
|
|-weather|Sandstorm|[upkeep]
|-damage|p1a: slowbro'd what els|338\/393|[from] sandstorm
|turn|14
|
|switch|p2a: Altaria|Altaria-Mega, M|276\/315
|move|p1a: slowbro'd what els|Thunder Wave|p2a: Altaria
|-status|p2a: Altaria|par
|
|-weather|Sandstorm|[upkeep]
|-damage|p1a: slowbro'd what els|314\/393|[from] sandstorm
|-damage|p2a: Altaria|257\/315 par|[from] sandstorm
|turn|15
|
|switch|p1a: puff|Altaria, F|305\/305
|move|p2a: Altaria|Fire Blast|p1a: puff
|-resisted|p1a: puff
|-damage|p1a: puff|244\/305
|-status|p1a: puff|brn
|
|-weather|Sandstorm|[upkeep]
|-damage|p1a: puff|225\/305 brn|[from] sandstorm
|-damage|p2a: Altaria|238\/315 par|[from] sandstorm
|-damage|p1a: puff|187\/305 brn|[from] brn
|turn|16
|
|switch|p2a: Excadrill|Excadrill, F|291\/362
|-item|p2a: Excadrill|Air Balloon
|detailschange|p1a: puff|Altaria-Mega, F
|message|Altaria has Mega Evolved into Mega Altaria!
|move|p1a: puff|Return|p2a: Excadrill
|-resisted|p2a: Excadrill
|-damage|p2a: Excadrill|211\/362
|-enditem|p2a: Excadrill|Air Balloon
|
|-weather|Sandstorm|[upkeep]
|-damage|p1a: puff|168\/305 brn|[from] sandstorm
|-damage|p1a: puff|130\/305 brn|[from] brn
|turn|17
|
|switch|p1a: slowbro'd what els|Slowbro, F|393\/393
|move|p2a: Excadrill|Earthquake|p1a: slowbro'd what els
|-damage|p1a: slowbro'd what els|266\/393
|
|-weather|Sandstorm|[upkeep]
|-damage|p1a: slowbro'd what els|242\/393|[from] sandstorm
|turn|18
|
|move|p2a: Excadrill|Rock Slide|p1a: slowbro'd what els
|-damage|p1a: slowbro'd what els|169\/393
|move|p1a: slowbro'd what els|Slack Off|p1a: slowbro'd what els
|-heal|p1a: slowbro'd what els|366\/393
|
|-weather|none
|turn|19
|
|switch|p2a: Altaria|Altaria-Mega, M|238\/315 par
|move|p1a: slowbro'd what els|Scald|p2a: Altaria
|-resisted|p2a: Altaria
|-damage|p2a: Altaria|192\/315 par
|
|turn|20
|
|switch|p1a: puff|Altaria-Mega, F|130\/305 brn
|move|p2a: Altaria|Hyper Voice|p1a: puff
|-supereffective|p1a: puff
|-damage|p1a: puff|0 fnt
|faint|p1a: puff
|
|
|switch|p1a: Greninja check|Greninja, F|38\/285
|turn|21
|
|move|p1a: Greninja check|Ice Beam|p2a: Altaria
|-start|p1a: Greninja check|typechange|Ice|[from] Protean
|-supereffective|p2a: Altaria
|-damage|p2a: Altaria|0 fnt
|-damage|p1a: Greninja check|10\/285|[from] item: Life Orb
|faint|p2a: Altaria
|
|
|switch|p2a: Talonflame|Talonflame, M|101\/299
|turn|22
|
|switch|p1a: slowbro'd what els|Slowbro, F|393\/393
|move|p2a: Talonflame|Brave Bird|p1a: slowbro'd what els
|-damage|p1a: slowbro'd what els|216\/393
|-damage|p2a: Talonflame|52\/299|[from] item: Rocky Helmet|[of] p1a: slowbro'd what els
|-damage|p2a: Talonflame|0 fnt|[from] recoil|[of] p1a: slowbro'd what els
|faint|p2a: Talonflame
|
|-message|mexicanbutterfly23 forfeited.
|
|win|for youuuu
|raw|Ladder updating...
|leave|mexicanbutterfly23
|player|p2