|join|FOR YOUUUU
|join|bilabong
|player|p1|FOR YOUUUU|68
|player|p2|bilabong|101
|gametype|singles
|gen|6
|tier|OU
|rated
|clearpoke
|poke|p1|Greninja, M
|poke|p1|Slowbro, M
|poke|p1|Altaria, F
|poke|p1|Landorus-Therian, M
|poke|p1|Gengar, F
|poke|p1|Heatran, M
|poke|p2|Alakazam, M
|poke|p2|Magnezone
|poke|p2|Landorus-Therian, M
|poke|p2|Rotom-Wash
|poke|p2|Chansey, F
|poke|p2|Medicham, M
|rule|Swagger Clause: Swagger is banned
|rule|Baton Pass Clause: Limit one PokÃ©mon knowing Baton Pass
|rule|Sleep Clause Mod: Limit one foe put to sleep
|rule|Species Clause: Limit one of each PokÃ©mon
|rule|OHKO Clause: OHKO moves are banned
|rule|Moody Clause: Moody is banned
|rule|Evasion Moves Clause: Evasion moves are banned
|rule|Endless Battle Clause: Forcing endless battles is banned
|rule|HP Percentage Mod: HP is shown in percentages
|teampreview
|c|âFOR YOUUUU|this bad kid
|
|start
|switch|p1a: puff|Altaria, F|337\/337
|switch|p2a: Rotom-Wash|Rotom-Wash|304\/304
|turn|1
|
|detailschange|p1a: puff|Altaria-Mega, F
|message|Altaria has Mega Evolved into Mega Altaria!
|move|p1a: puff|Return|p2a: Rotom-Wash
|-damage|p2a: Rotom-Wash|159\/304
|move|p2a: Rotom-Wash|Will-O-Wisp|p1a: puff
|-status|p1a: puff|brn
|
|-heal|p2a: Rotom-Wash|178\/304|[from] item: Leftovers
|-damage|p1a: puff|295\/337 brn|[from] brn
|turn|2
|join|TOTEMO
|
|switch|p2a: Magnezone|Magnezone|282\/282
|move|p1a: puff|Heal Bell|p1a: puff
|-cureteam|p1a: puff|[from] move: HealBell
|
|turn|3
|
|switch|p1a: skinny boi|Heatran, M|378\/378
|move|p2a: Magnezone|Flash Cannon|p1a: skinny boi
|-resisted|p1a: skinny boi
|-damage|p1a: skinny boi|344\/378
|
|-heal|p1a: skinny boi|367\/378|[from] item: Leftovers
|turn|4
|
|switch|p2a: Landorus-Therian|Landorus-Therian, M|382\/382
|-ability|p2a: Landorus-Therian|Intimidate|[of] p1a: skinny boi
|-unboost|p1a: skinny boi|atk|1
|move|p1a: skinny boi|Stealth Rock|p2a: Landorus-Therian
|-sidestart|p2: bilabong|move: Stealth Rock
|
|-heal|p1a: skinny boi|378\/378|[from] item: Leftovers
|turn|5
|
|move|p1a: skinny boi|Lava Plume|p2a: Landorus-Therian
|-damage|p2a: Landorus-Therian|246\/382
|-status|p2a: Landorus-Therian|brn
|move|p2a: Landorus-Therian|Earthquake|p1a: skinny boi
|-supereffective|p1a: skinny boi
|-damage|p1a: skinny boi|0 fnt
|faint|p1a: skinny boi
|
|-heal|p2a: Landorus-Therian|269\/382 brn|[from] item: Leftovers
|-damage|p2a: Landorus-Therian|222\/382 brn|[from] brn
|
|switch|p1a: spoopy doopy|Gengar, F|261\/261
|turn|6
|
|move|p1a: spoopy doopy|Shadow Ball|p2a: Landorus-Therian
|-damage|p2a: Landorus-Therian|0 fnt
|-damage|p1a: spoopy doopy|235\/261|[from] item: Life Orb
|faint|p2a: Landorus-Therian
|
|
|switch|p2a: Alakazam|Alakazam, M|252\/252
|turn|7
|
|switch|p1a: kingdom hearts|Landorus-Therian, M|329\/329
|-ability|p1a: kingdom hearts|Intimidate|[of] p2a: Alakazam
|-unboost|p2a: Alakazam|atk|1
|move|p2a: Alakazam|Psyshock|p1a: kingdom hearts
|-damage|p1a: kingdom hearts|161\/329
|
|turn|8
|
|switch|p2a: Magnezone|Magnezone|282\/282
|-damage|p2a: Magnezone|265\/282|[from] Stealth Rock
|move|p1a: kingdom hearts|U-turn|p2a: Magnezone
|-resisted|p2a: Magnezone
|-damage|p2a: Magnezone|225\/282
|
|switch|p1a: Greninja check|Greninja, M|285\/285
|
|turn|9
|
|move|p1a: Greninja check|Dark Pulse|p2a: Magnezone
|-start|p1a: Greninja check|typechange|Dark|[from] Protean
|-damage|p2a: Magnezone|72\/282
|-damage|p1a: Greninja check|257\/285|[from] item: Life Orb
|move|p2a: Magnezone|Volt Switch|p1a: Greninja check
|-damage|p1a: Greninja check|41\/285
|
|switch|p2a: Medicham|Medicham, M|324\/324
|-damage|p2a: Medicham|304\/324|[from] Stealth Rock
|
|turn|10
|
|switch|p1a: slowbro'd what els|Slowbro, M|393\/393
|detailschange|p2a: Medicham|Medicham-Mega, M
|message|Medicham has Mega Evolved into Mega Medicham!
|move|p2a: Medicham|Bullet Punch|p1a: slowbro'd what els
|-resisted|p1a: slowbro'd what els
|-damage|p1a: slowbro'd what els|364\/393
|-damage|p2a: Medicham|250\/324|[from] item: Rocky Helmet|[of] p1a: slowbro'd what els
|
|turn|11
|
|switch|p2a: Rotom-Wash|Rotom-Wash|178\/304
|-damage|p2a: Rotom-Wash|140\/304|[from] Stealth Rock
|move|p1a: slowbro'd what els|Scald|p2a: Rotom-Wash
|-resisted|p2a: Rotom-Wash
|-damage|p2a: Rotom-Wash|96\/304
|
|-heal|p2a: Rotom-Wash|115\/304|[from] item: Leftovers
|turn|12
|
|move|p2a: Rotom-Wash|Will-O-Wisp|p1a: slowbro'd what els
|-status|p1a: slowbro'd what els|brn
|move|p1a: slowbro'd what els|Scald|p2a: Rotom-Wash
|-resisted|p2a: Rotom-Wash
|-damage|p2a: Rotom-Wash|74\/304
|
|-heal|p2a: Rotom-Wash|93\/304|[from] item: Leftovers
|-damage|p1a: slowbro'd what els|315\/393 brn|[from] brn
|turn|13
|
|switch|p1a: puff|Altaria-Mega, F|295\/337
|move|p2a: Rotom-Wash|Pain Split|p1a: puff
|-sethp|p1a: puff|194\/337|p2a: Rotom-Wash|194\/304|[from] move: Pain Split
|
|-heal|p2a: Rotom-Wash|213\/304|[from] item: Leftovers
|turn|14
|
|move|p1a: puff|Return|p2a: Rotom-Wash
|-damage|p2a: Rotom-Wash|83\/304
|move|p2a: Rotom-Wash|Will-O-Wisp|p1a: puff
|-status|p1a: puff|brn
|
|-heal|p2a: Rotom-Wash|102\/304|[from] item: Leftovers
|-damage|p1a: puff|152\/337 brn|[from] brn
|turn|15
|
|move|p1a: puff|Heal Bell|p1a: puff
|-cureteam|p1a: puff|[from] move: HealBell
|move|p2a: Rotom-Wash|Will-O-Wisp|p1a: puff
|-status|p1a: puff|brn
|
|-heal|p2a: Rotom-Wash|121\/304|[from] item: Leftovers
|-damage|p1a: puff|110\/337 brn|[from] brn
|turn|16
|
|move|p1a: puff|Roost|p1a: puff
|-heal|p1a: puff|279\/337 brn
|move|p2a: Rotom-Wash|Will-O-Wisp|p1a: puff|[miss]
|-miss|p2a: Rotom-Wash|p1a: puff
|
|-heal|p2a: Rotom-Wash|140\/304|[from] item: Leftovers
|-damage|p1a: puff|237\/337 brn|[from] brn
|turn|17
|
|switch|p1a: Greninja check|Greninja, M|41\/285
|move|p2a: Rotom-Wash|Will-O-Wisp|p1a: Greninja check
|-status|p1a: Greninja check|brn
|
|-heal|p2a: Rotom-Wash|159\/304|[from] item: Leftovers
|-damage|p1a: Greninja check|6\/285 brn|[from] brn
|turn|18
|
|switch|p2a: Magnezone|Magnezone|72\/282
|-damage|p2a: Magnezone|55\/282|[from] Stealth Rock
|move|p1a: Greninja check|Dark Pulse|p2a: Magnezone
|-start|p1a: Greninja check|typechange|Dark|[from] Protean
|-damage|p2a: Magnezone|0 fnt
|-damage|p1a: Greninja check|0 fnt|[from] item: Life Orb
|faint|p2a: Magnezone
|faint|p1a: Greninja check
|
|
|switch|p2a: Alakazam|Alakazam, M|252\/252
|switch|p1a: spoopy doopy|Gengar, F|235\/261
|turn|19
|
|switch|p1a: slowbro'd what els|Slowbro, M|393\/393
|move|p2a: Alakazam|Psyshock|p1a: slowbro'd what els
|-resisted|p1a: slowbro'd what els
|-damage|p1a: slowbro'd what els|343\/393
|
|turn|20
|
|switch|p2a: Rotom-Wash|Rotom-Wash|159\/304
|-damage|p2a: Rotom-Wash|121\/304|[from] Stealth Rock
|move|p1a: slowbro'd what els|Scald|p2a: Rotom-Wash
|-resisted|p2a: Rotom-Wash
|-damage|p2a: Rotom-Wash|78\/304
|
|-heal|p2a: Rotom-Wash|97\/304|[from] item: Leftovers
|turn|21
|
|switch|p1a: spoopy doopy|Gengar, F|235\/261
|move|p2a: Rotom-Wash|Will-O-Wisp|p1a: spoopy doopy
|-status|p1a: spoopy doopy|brn
|
|-heal|p2a: Rotom-Wash|116\/304|[from] item: Leftovers
|-damage|p1a: spoopy doopy|203\/261 brn|[from] brn
|turn|22
|
|switch|p1a: puff|Altaria-Mega, F|237\/337 brn
|switch|p2a: Chansey|Chansey, F|704\/704
|-damage|p2a: Chansey|616\/704|[from] Stealth Rock
|
|-damage|p1a: puff|195\/337 brn|[from] brn
|turn|23
|
|move|p1a: puff|Heal Bell|p1a: puff
|-cureteam|p1a: puff|[from] move: HealBell
|move|p2a: Chansey|Toxic|p1a: puff
|-status|p1a: puff|tox
|
|-damage|p1a: puff|174\/337 tox|[from] psn
|turn|24
|
|switch|p2a: Alakazam|Alakazam, M|252\/252
|move|p1a: puff|Roost|p1a: puff
|-heal|p1a: puff|337\/337 tox
|
|-damage|p1a: puff|295\/337 tox|[from] psn
|turn|25
|
|switch|p1a: slowbro'd what els|Slowbro, M|393\/393
|move|p2a: Alakazam|Dazzling Gleam|p1a: slowbro'd what els
|-damage|p1a: slowbro'd what els|281\/393
|
|turn|26
|
|switch|p2a: Rotom-Wash|Rotom-Wash|116\/304
|-damage|p2a: Rotom-Wash|78\/304|[from] Stealth Rock
|move|p1a: slowbro'd what els|Scald|p2a: Rotom-Wash
|-resisted|p2a: Rotom-Wash
|-damage|p2a: Rotom-Wash|33\/304
|-status|p2a: Rotom-Wash|brn
|
|-heal|p2a: Rotom-Wash|52\/304 brn|[from] item: Leftovers
|-damage|p2a: Rotom-Wash|14\/304 brn|[from] brn
|turn|27
|
|switch|p1a: kingdom hearts|Landorus-Therian, M|161\/329
|-ability|p1a: kingdom hearts|Intimidate|[of] p2a: Rotom-Wash
|-unboost|p2a: Rotom-Wash|atk|1
|move|p2a: Rotom-Wash|Pain Split|p1a: kingdom hearts
|-sethp|p1a: kingdom hearts|87\/329|p2a: Rotom-Wash|87\/304 brn|[from] move: Pain Split
|
|-heal|p2a: Rotom-Wash|106\/304 brn|[from] item: Leftovers
|-damage|p2a: Rotom-Wash|68\/304 brn|[from] brn
|turn|28
|
|switch|p2a: Chansey|Chansey, F|616\/704
|-damage|p2a: Chansey|528\/704|[from] Stealth Rock
|move|p1a: kingdom hearts|Knock Off|p2a: Chansey
|-damage|p2a: Chansey|360\/704
|-enditem|p2a: Chansey|Eviolite|[from] move: Knock Off|[of] p1a: kingdom hearts
|
|turn|29
|
|switch|p1a: puff|Altaria-Mega, F|295\/337 tox
|move|p2a: Chansey|Wish|p2a: Chansey
|
|-damage|p1a: puff|274\/337 tox|[from] psn
|turn|30
|
|move|p1a: puff|Return|p2a: Chansey
|-damage|p2a: Chansey|0 fnt
|faint|p2a: Chansey
|
|-damage|p1a: puff|232\/337 tox|[from] psn
|
|switch|p2a: Alakazam|Alakazam, M|252\/252
|turn|31
|
|switch|p1a: slowbro'd what els|Slowbro, M|393\/393
|move|p2a: Alakazam|Dazzling Gleam|p1a: slowbro'd what els
|-damage|p1a: slowbro'd what els|271\/393
|
|turn|32
|
|switch|p2a: Medicham|Medicham-Mega, M|250\/324
|-damage|p2a: Medicham|230\/324|[from] Stealth Rock
|move|p1a: slowbro'd what els|Scald|p2a: Medicham
|-damage|p2a: Medicham|128\/324
|-status|p2a: Medicham|brn
|
|-damage|p2a: Medicham|88\/324 brn|[from] brn
|turn|33
|c|âFOR YOUUUU|gg kid!
|
|move|p2a: Medicham|Drain Punch|p1a: slowbro'd what els
|-resisted|p1a: slowbro'd what els
|-damage|p1a: slowbro'd what els|230\/393
|-heal|p2a: Medicham|109\/324 brn|[from] drain|[of] p1a: slowbro'd what els
|-damage|p2a: Medicham|55\/324 brn|[from] item: Rocky Helmet|[of] p1a: slowbro'd what els
|move|p1a: slowbro'd what els|Slack Off|p1a: slowbro'd what els
|-heal|p1a: slowbro'd what els|393\/393
|
|-damage|p2a: Medicham|15\/324 brn|[from] brn
|turn|34
|
|move|p2a: Medicham|Drain Punch|p1a: slowbro'd what els
|-resisted|p1a: slowbro'd what els
|-damage|p1a: slowbro'd what els|351\/393
|-heal|p2a: Medicham|36\/324 brn|[from] drain|[of] p1a: slowbro'd what els
|-damage|p2a: Medicham|0 fnt|[from] item: Rocky Helmet|[of] p1a: slowbro'd what els
|faint|p2a: Medicham
|move|p1a: slowbro'd what els|Slack Off|p1a: slowbro'd what els
|-heal|p1a: slowbro'd what els|393\/393
|
|
|switch|p2a: Rotom-Wash|Rotom-Wash|68\/304 brn
|-damage|p2a: Rotom-Wash|30\/304 brn|[from] Stealth Rock
|turn|35
|
|switch|p1a: spoopy doopy|Gengar, F|203\/261
|move|p2a: Rotom-Wash|Pain Split|p1a: spoopy doopy
|-sethp|p1a: spoopy doopy|116\/261|p2a: Rotom-Wash|116\/304 brn|[from] move: Pain Split
|
|-heal|p2a: Rotom-Wash|135\/304 brn|[from] item: Leftovers
|-damage|p2a: Rotom-Wash|97\/304 brn|[from] brn
|turn|36
|
|move|p1a: spoopy doopy|Shadow Ball|p2a: Rotom-Wash
|-damage|p2a: Rotom-Wash|0 fnt
|-damage|p1a: spoopy doopy|90\/261|[from] item: Life Orb
|faint|p2a: Rotom-Wash
|
|-message|bilabong forfeited.
|
|win|FOR YOUUUU
|raw|Ladder updating...
|leave|bilabong
|player|p2
|raw|FOR YOUUUU's rating: 1720 &rarr; <strong>1738<\/strong><br \/>(+18 for winning)
|raw|bilabong's rating: 1672 &rarr; <strong>1655<\/strong><br \/>(-17 for losing)