|join|FOR YOUUUU
|join|Oldmanbrian
|player|p1|FOR YOUUUU|68
|player|p2|Oldmanbrian|244
|gametype|singles
|gen|6
|tier|OU
|rated
|clearpoke
|poke|p1|Greninja, F
|poke|p1|Slowbro, F
|poke|p1|Altaria, M
|poke|p1|Landorus-Therian, M
|poke|p1|Gengar, M
|poke|p1|Heatran, F
|poke|p2|Sylveon, M
|poke|p2|Aerodactyl, M
|poke|p2|Starmie
|poke|p2|Scizor, M
|poke|p2|Garchomp, M
|poke|p2|Raikou
|rule|Swagger Clause: Swagger is banned
|rule|Baton Pass Clause: Limit one PokÃ©mon knowing Baton Pass
|rule|Sleep Clause Mod: Limit one foe put to sleep
|rule|Species Clause: Limit one of each PokÃ©mon
|rule|OHKO Clause: OHKO moves are banned
|rule|Moody Clause: Moody is banned
|rule|Evasion Moves Clause: Evasion moves are banned
|rule|Endless Battle Clause: Forcing endless battles is banned
|rule|HP Percentage Mod: HP is shown in percentages
|teampreview
|
|start
|switch|p1a: Greninja check|Greninja, F|285\/285
|switch|p2a: Garchomp|Garchomp, M|420\/420
|turn|1
|
|switch|p2a: Scizor|Scizor, M|343\/343
|move|p1a: Greninja check|Ice Beam|p2a: Scizor
|-start|p1a: Greninja check|typechange|Ice|[from] Protean
|-resisted|p2a: Scizor
|-damage|p2a: Scizor|234\/343
|-damage|p1a: Greninja check|257\/285|[from] item: Life Orb
|
|turn|2
|
|switch|p1a: slowbro'd what els|Slowbro, F|393\/393
|move|p2a: Scizor|U-turn|p1a: slowbro'd what els
|-supereffective|p1a: slowbro'd what els
|-damage|p1a: slowbro'd what els|139\/393
|-damage|p2a: Scizor|177\/343|[from] item: Rocky Helmet|[of] p1a: slowbro'd what els
|join|TOTEMO
|
|switch|p2a: Raikou|Raikou|321\/321
|-ability|p2a: Raikou|Pressure
|
|turn|3
|join|c0mp the noob
|
|switch|p1a: skinny boi|Heatran, F|378\/378
|move|p2a: Raikou|Shadow Ball|p1a: skinny boi
|-damage|p1a: skinny boi|298\/378
|
|-heal|p1a: skinny boi|321\/378|[from] item: Leftovers
|turn|4
|
|move|p2a: Raikou|Volt Switch|p1a: skinny boi
|-damage|p1a: skinny boi|227\/378
|
|switch|p2a: Starmie|Starmie|261\/261
|move|p1a: skinny boi|Stealth Rock|p2a: Starmie
|-sidestart|p2: Oldmanbrian|move: Stealth Rock
|
|-heal|p1a: skinny boi|250\/378|[from] item: Leftovers
|turn|5
|
|switch|p1a: puff|Altaria, M|337\/337
|move|p2a: Starmie|Hydro Pump|p1a: puff
|-resisted|p1a: puff
|-damage|p1a: puff|201\/337
|-damage|p2a: Starmie|235\/261|[from] item: Life Orb
|
|turn|6
|
|switch|p1a: Greninja check|Greninja, F|257\/285
|move|p2a: Starmie|Ice Beam|p1a: Greninja check
|-resisted|p1a: Greninja check
|-damage|p1a: Greninja check|156\/285
|-damage|p2a: Starmie|209\/261|[from] item: Life Orb
|
|turn|7
|join|mouse de frank
|
|switch|p2a: Raikou|Raikou|321\/321
|-damage|p2a: Raikou|281\/321|[from] Stealth Rock
|-ability|p2a: Raikou|Pressure
|move|p1a: Greninja check|Dark Pulse|p2a: Raikou
|-start|p1a: Greninja check|typechange|Dark|[from] Protean
|-damage|p2a: Raikou|178\/321
|-damage|p1a: Greninja check|128\/285|[from] item: Life Orb
|
|turn|8
|
|move|p1a: Greninja check|Gunk Shot|p2a: Raikou|[miss]
|-start|p1a: Greninja check|typechange|Poison|[from] Protean
|-miss|p1a: Greninja check|p2a: Raikou
|move|p2a: Raikou|Hidden Power|p1a: Greninja check
|-damage|p1a: Greninja check|25\/285
|
|turn|9
|
|switch|p2a: Scizor|Scizor, M|177\/343
|-damage|p2a: Scizor|135\/343|[from] Stealth Rock
|move|p1a: Greninja check|Dark Pulse|p2a: Scizor
|-start|p1a: Greninja check|typechange|Dark|[from] Protean
|-damage|p2a: Scizor|0 fnt
|-damage|p1a: Greninja check|0 fnt|[from] item: Life Orb
|faint|p2a: Scizor
|faint|p1a: Greninja check
|
|
|switch|p1a: kingdom hearts|Landorus-Therian, M|329\/329
|switch|p2a: Garchomp|Garchomp, M|420\/420
|-ability|p1a: kingdom hearts|Intimidate|[of] p2a: Garchomp
|-unboost|p2a: Garchomp|atk|1
|-damage|p2a: Garchomp|394\/420|[from] Stealth Rock
|turn|10
|
|move|p1a: kingdom hearts|Earthquake|p2a: Garchomp
|-damage|p2a: Garchomp|250\/420
|move|p2a: Garchomp|Stealth Rock|p1a: kingdom hearts
|-sidestart|p1: FOR YOUUUU|move: Stealth Rock
|
|turn|11
|
|move|p1a: kingdom hearts|Earthquake|p2a: Garchomp
|-damage|p2a: Garchomp|100\/420
|move|p2a: Garchomp|Toxic|p1a: kingdom hearts
|-status|p1a: kingdom hearts|tox
|
|-damage|p1a: kingdom hearts|309\/329 tox|[from] psn
|turn|12
|
|switch|p1a: slowbro'd what els|Slowbro, F|270\/393
|-damage|p1a: slowbro'd what els|221\/393|[from] Stealth Rock
|switch|p2a: Aerodactyl|Aerodactyl, M|301\/301
|-damage|p2a: Aerodactyl|226\/301|[from] Stealth Rock
|-ability|p2a: Aerodactyl|Pressure
|
|turn|13
|
|switch|p2a: Sylveon|Sylveon, M|392\/392
|-damage|p2a: Sylveon|343\/392|[from] Stealth Rock
|move|p1a: slowbro'd what els|Thunder Wave|p2a: Sylveon
|-status|p2a: Sylveon|par
|
|turn|14
|
|switch|p1a: spoopy doopy|Gengar, M|261\/261
|-damage|p1a: spoopy doopy|229\/261|[from] Stealth Rock
|move|p2a: Sylveon|Shadow Ball|p1a: spoopy doopy
|-supereffective|p1a: spoopy doopy
|-damage|p1a: spoopy doopy|0 fnt
|faint|p1a: spoopy doopy
|
|c|âFOR YOUUUU|>>>>>>>>>>>
|
|switch|p1a: puff|Altaria, M|201\/337
|-damage|p1a: puff|117\/337|[from] Stealth Rock
|turn|15
|
|detailschange|p1a: puff|Altaria-Mega, M
|message|Altaria has Mega Evolved into Mega Altaria!
|move|p1a: puff|Roost|p1a: puff
|-heal|p1a: puff|286\/337
|move|p2a: Sylveon|Shadow Ball|p1a: puff
|-damage|p1a: puff|167\/337
|-unboost|p1a: puff|spd|1
|
|turn|16
|
|move|p1a: puff|Return|p2a: Sylveon
|-damage|p2a: Sylveon|48\/392 par
|move|p2a: Sylveon|Shadow Ball|p1a: puff
|-damage|p1a: puff|0 fnt
|faint|p1a: puff
|
|c|âFOR YOUUUU|ofc!!!
|
|switch|p1a: kingdom hearts|Landorus-Therian, M|309\/329 tox
|-damage|p1a: kingdom hearts|268\/329 tox|[from] Stealth Rock
|-ability|p1a: kingdom hearts|Intimidate|[of] p2a: Sylveon
|-unboost|p2a: Sylveon|atk|1
|turn|17
|c|âFOR YOUUUU|what else!
|
|move|p1a: kingdom hearts|Knock Off|p2a: Sylveon
|-resisted|p2a: Sylveon
|-damage|p2a: Sylveon|0 fnt
|-enditem|p2a: Sylveon|Choice Specs|[from] move: Knock Off|[of] p1a: kingdom hearts
|faint|p2a: Sylveon
|
|-damage|p1a: kingdom hearts|248\/329 tox|[from] psn
|leave|mouse de frank
|c|âFOR YOUUUU|tfw won right there
|c|âFOR YOUUUU|but el hax :DD
|c|âOldmanbrian|:D
|c|âOldmanbrian|it happens
|
|switch|p2a: Garchomp|Garchomp, M|100\/420
|-damage|p2a: Garchomp|74\/420|[from] Stealth Rock
|turn|18
|
|move|p1a: kingdom hearts|Knock Off|p2a: Garchomp
|-damage|p2a: Garchomp|0 fnt
|-damage|p1a: kingdom hearts|207\/329 tox|[from] ability: Rough Skin|[of] p2a: Garchomp
|-damage|p1a: kingdom hearts|153\/329 tox|[from] item: Rocky Helmet|[of] p2a: Garchomp
|-enditem|p2a: Garchomp|Rocky Helmet|[from] move: Knock Off|[of] p1a: kingdom hearts
|faint|p2a: Garchomp
|
|-damage|p1a: kingdom hearts|113\/329 tox|[from] psn
|
|switch|p2a: Aerodactyl|Aerodactyl, M|226\/301
|-damage|p2a: Aerodactyl|151\/301|[from] Stealth Rock
|-ability|p2a: Aerodactyl|Pressure
|turn|19
|
|switch|p1a: slowbro'd what els|Slowbro, F|352\/393
|-damage|p1a: slowbro'd what els|303\/393|[from] Stealth Rock
|detailschange|p2a: Aerodactyl|Aerodactyl-Mega, M
|message|Aerodactyl has Mega Evolved into Mega Aerodactyl!
|move|p2a: Aerodactyl|Stone Edge|p1a: slowbro'd what els
|-damage|p1a: slowbro'd what els|177\/393
|
|turn|20
|
|switch|p2a: Starmie|Starmie|209\/261
|-damage|p2a: Starmie|177\/261|[from] Stealth Rock
|move|p1a: slowbro'd what els|Scald|p2a: Starmie
|-resisted|p2a: Starmie
|-damage|p2a: Starmie|120\/261
|
|turn|21
|
|move|p2a: Starmie|Rapid Spin|p1a: slowbro'd what els
|-damage|p1a: slowbro'd what els|168\/393
|-damage|p2a: Starmie|77\/261|[from] item: Rocky Helmet|[of] p1a: slowbro'd what els
|-sideend|p2: Oldmanbrian|Stealth Rock|[from] move: Rapid Spin|[of] p2a: Starmie
|-damage|p2a: Starmie|51\/261|[from] item: Life Orb
|move|p1a: slowbro'd what els|Thunder Wave|p2a: Starmie
|-status|p2a: Starmie|par
|
|turn|22
|
|move|p1a: slowbro'd what els|Scald|p2a: Starmie
|-resisted|p2a: Starmie
|-damage|p2a: Starmie|1\/261 par
|move|p2a: Starmie|Thunderbolt|p1a: slowbro'd what els
|-supereffective|p1a: slowbro'd what els
|-damage|p1a: slowbro'd what els|0 fnt
|-damage|p2a: Starmie|0 fnt|[from] item: Life Orb
|faint|p1a: slowbro'd what els
|faint|p2a: Starmie
|
|c|âOldmanbrian|wow
|c|âOldmanbrian|sorry haah
|
|switch|p1a: kingdom hearts|Landorus-Therian, M|113\/329 tox
|switch|p2a: Raikou|Raikou|178\/321
|-damage|p1a: kingdom hearts|72\/329 tox|[from] Stealth Rock
|-ability|p1a: kingdom hearts|Intimidate|[of] p2a: Raikou
|-unboost|p2a: Raikou|atk|1
|-ability|p2a: Raikou|Pressure
|turn|23
|join|mouse de frank
|
|move|p1a: kingdom hearts|Earthquake|p2a: Raikou
|-supereffective|p2a: Raikou
|-damage|p2a: Raikou|0 fnt
|faint|p2a: Raikou
|
|-damage|p1a: kingdom hearts|52\/329 tox|[from] psn
|
|switch|p2a: Aerodactyl|Aerodactyl-Mega, M|151\/301
|turn|24
|
|switch|p1a: skinny boi|Heatran, F|250\/378
|-damage|p1a: skinny boi|203\/378|[from] Stealth Rock
|move|p2a: Aerodactyl|Earthquake|p1a: skinny boi
|-supereffective|p1a: skinny boi
|-damage|p1a: skinny boi|0 fnt
|faint|p1a: skinny boi
|
|
|switch|p1a: kingdom hearts|Landorus-Therian, M|52\/329 tox
|-damage|p1a: kingdom hearts|11\/329 tox|[from] Stealth Rock
|-ability|p1a: kingdom hearts|Intimidate|[of] p2a: Aerodactyl
|-unboost|p2a: Aerodactyl|atk|1
|turn|25
|c|âOldmanbrian|you goyt this
|c|âOldmanbrian|unless stone edge misses
|join|Druides
|
|move|p1a: kingdom hearts|Stone Edge|p2a: Aerodactyl
|-supereffective|p2a: Aerodactyl
|-damage|p2a: Aerodactyl|0 fnt
|faint|p2a: Aerodactyl
|
|win|FOR YOUUUU
|raw|Ladder updating...
|c|âOldmanbrian|gg
|leave|mouse de frank
|leave|nidvikie