|join|Flan76
|join|for youuuu
|player|p1|Flan76|132
|player|p2|for youuuu|68
|gametype|singles
|gen|6
|tier|OU
|rated
|clearpoke
|poke|p1|Excadrill, F
|poke|p1|Latias, F
|poke|p1|Keldeo
|poke|p1|Diancie
|poke|p1|Landorus-Therian, M
|poke|p1|Scizor, F
|poke|p2|Greninja, F
|poke|p2|Slowbro, M
|poke|p2|Altaria, F
|poke|p2|Ferrothorn, M
|poke|p2|Landorus-Therian, M
|poke|p2|Gengar, F
|rule|Swagger Clause: Swagger is banned
|rule|Baton Pass Clause: Limit one PokÃ©mon knowing Baton Pass
|rule|Sleep Clause Mod: Limit one foe put to sleep
|rule|Species Clause: Limit one of each PokÃ©mon
|rule|OHKO Clause: OHKO moves are banned
|rule|Moody Clause: Moody is banned
|rule|Evasion Moves Clause: Evasion moves are banned
|rule|Endless Battle Clause: Forcing endless battles is banned
|rule|HP Percentage Mod: HP is shown in percentages
|teampreview
|c|âFlan76|ik
|
|start
|switch|p1a: Excadrill|Excadrill, F|361\/361
|switch|p2a: kingdom hearts|Landorus-Therian, M|329\/329
|-ability|p2a: kingdom hearts|Intimidate|[of] p1a: Excadrill
|-unboost|p1a: Excadrill|atk|1
|-ability|p1a: Excadrill|Mold Breaker
|turn|1
|
|move|p2a: kingdom hearts|Knock Off|p1a: Excadrill
|-damage|p1a: Excadrill|168\/361
|-enditem|p1a: Excadrill|Focus Sash|[from] move: Knock Off|[of] p2a: kingdom hearts
|move|p1a: Excadrill|Stealth Rock|p2a: kingdom hearts
|-sidestart|p2: for youuuu|move: Stealth Rock
|
|turn|2
|
|switch|p2a: jailbait|Ferrothorn, M|352\/352
|-damage|p2a: jailbait|330\/352|[from] Stealth Rock
|switch|p1a: Scizor|Scizor, F|293\/293
|
|-heal|p2a: jailbait|352\/352|[from] item: Leftovers
|turn|3
|
|move|p1a: Scizor|Superpower|p2a: jailbait
|-supereffective|p2a: jailbait
|-damage|p2a: jailbait|60\/352
|-damage|p1a: Scizor|257\/293|[from] ability: Iron Barbs|[of] p2a: jailbait
|-unboost|p1a: Scizor|atk|1
|-unboost|p1a: Scizor|def|1
|move|p2a: jailbait|Stealth Rock|p1a: Scizor
|-sidestart|p1: Flan76|move: Stealth Rock
|
|-heal|p2a: jailbait|82\/352|[from] item: Leftovers
|turn|4
|
|switch|p1a: Excadrill|Excadrill, F|168\/361
|-damage|p1a: Excadrill|157\/361|[from] Stealth Rock
|-ability|p1a: Excadrill|Mold Breaker
|switch|p2a: slowbro'd what els|Slowbro, M|393\/393
|-damage|p2a: slowbro'd what els|344\/393|[from] Stealth Rock
|
|turn|5
|
|switch|p2a: spoopy doopy|Gengar, F|261\/261
|-damage|p2a: spoopy doopy|229\/261|[from] Stealth Rock
|move|p1a: Excadrill|Rapid Spin|p2a: spoopy doopy
|-immune|p2a: spoopy doopy|[msg]
|
|turn|6
|
|move|p2a: spoopy doopy|Shadow Ball|p1a: Excadrill
|-damage|p1a: Excadrill|0 fnt
|-damage|p2a: spoopy doopy|203\/261|[from] item: Life Orb
|faint|p1a: Excadrill
|
|
|switch|p1a: Scizor|Scizor, F|257\/293
|-damage|p1a: Scizor|221\/293|[from] Stealth Rock
|turn|7
|
|switch|p2a: slowbro'd what els|Slowbro, M|393\/393
|-damage|p2a: slowbro'd what els|344\/393|[from] Stealth Rock
|move|p1a: Scizor|Bullet Punch|p2a: slowbro'd what els
|-resisted|p2a: slowbro'd what els
|-damage|p2a: slowbro'd what els|287\/393
|-damage|p1a: Scizor|173\/293|[from] item: Rocky Helmet|[of] p2a: slowbro'd what els
|
|turn|8
|
|switch|p1a: Latias|Latias, F|301\/301
|-damage|p1a: Latias|264\/301|[from] Stealth Rock
|move|p2a: slowbro'd what els|Thunder Wave|p1a: Latias
|-status|p1a: Latias|par
|
|turn|9
|
|switch|p2a: jailbait|Ferrothorn, M|82\/352
|-damage|p2a: jailbait|60\/352|[from] Stealth Rock
|cant|p1a: Latias|par
|
|-heal|p2a: jailbait|82\/352|[from] item: Leftovers
|turn|10
|
|move|p1a: Latias|Hidden Power|p2a: jailbait
|-supereffective|p2a: jailbait
|-damage|p2a: jailbait|0 fnt
|-damage|p1a: Latias|234\/301 par|[from] item: Life Orb
|faint|p2a: jailbait
|
|
|switch|p2a: Greninja check|Greninja, F|285\/285
|-damage|p2a: Greninja check|250\/285|[from] Stealth Rock
|turn|11
|
|switch|p1a: Keldeo|Keldeo|323\/323
|-damage|p1a: Keldeo|303\/323|[from] Stealth Rock
|move|p2a: Greninja check|Dark Pulse|p1a: Keldeo
|-start|p2a: Greninja check|typechange|Dark|[from] Protean
|-resisted|p1a: Keldeo
|-damage|p1a: Keldeo|228\/323
|-boost|p1a: Keldeo|atk|1|[from] ability: Justified
|-damage|p2a: Greninja check|222\/285|[from] item: Life Orb
|
|turn|12
|
|switch|p1a: Scizor|Scizor, F|173\/293
|-damage|p1a: Scizor|137\/293|[from] Stealth Rock
|switch|p2a: slowbro'd what els|Slowbro, M|393\/393
|-damage|p2a: slowbro'd what els|344\/393|[from] Stealth Rock
|
|turn|13
|
|switch|p2a: kingdom hearts|Landorus-Therian, M|329\/329
|-damage|p2a: kingdom hearts|288\/329|[from] Stealth Rock
|-ability|p2a: kingdom hearts|Intimidate|[of] p1a: Scizor
|-unboost|p1a: Scizor|atk|1
|move|p1a: Scizor|U-turn|p2a: kingdom hearts
|-resisted|p2a: kingdom hearts
|-damage|p2a: kingdom hearts|220\/329
|
|switch|p1a: Keldeo|Keldeo|228\/323
|-damage|p1a: Keldeo|208\/323|[from] Stealth Rock
|
|turn|14
|join|SeventyFive
|c| SeventyFive|yo for youuuuu
|
|switch|p2a: slowbro'd what els|Slowbro, M|393\/393
|-damage|p2a: slowbro'd what els|344\/393|[from] Stealth Rock
|move|p1a: Keldeo|Scald|p2a: slowbro'd what els
|-resisted|p2a: slowbro'd what els
|-damage|p2a: slowbro'd what els|265\/393
|
|turn|15
|c| SeventyFive|i sugget u forgeit
|c| SeventyFive|cause thats a gg
|
|switch|p1a: Latias|Latias, F|234\/301 par
|-damage|p1a: Latias|197\/301 par|[from] Stealth Rock
|move|p2a: slowbro'd what els|Scald|p1a: Latias
|-resisted|p1a: Latias
|-damage|p1a: Latias|161\/301 par
|
|turn|16
|leave|Flan76
|player|p1
|join|Flan76
|player|p1|Flan76|132
|
|switch|p2a: spoopy doopy|Gengar, F|203\/261
|-damage|p2a: spoopy doopy|171\/261|[from] Stealth Rock
|move|p1a: Latias|Draco Meteor|p2a: spoopy doopy|[miss]
|-miss|p1a: Latias|p2a: spoopy doopy
|
|turn|17
|c|âFlan76|this nigga is ass
|
|switch|p1a: Landorus-Therian|Landorus-Therian, M|320\/320
|-damage|p1a: Landorus-Therian|280\/320|[from] Stealth Rock
|-ability|p1a: Landorus-Therian|Intimidate|[of] p2a: spoopy doopy
|-unboost|p2a: spoopy doopy|atk|1
|move|p2a: spoopy doopy|Shadow Ball|p1a: Landorus-Therian
|-damage|p1a: Landorus-Therian|62\/320
|-damage|p2a: spoopy doopy|145\/261|[from] item: Life Orb
|
|turn|18
|
|switch|p2a: slowbro'd what els|Slowbro, M|393\/393
|-damage|p2a: slowbro'd what els|344\/393|[from] Stealth Rock
|move|p1a: Landorus-Therian|Stone Edge|p2a: slowbro'd what els
|-damage|p2a: slowbro'd what els|261\/393
|
|turn|19
|
|move|p1a: Landorus-Therian|Stone Edge|p2a: slowbro'd what els
|-damage|p2a: slowbro'd what els|178\/393
|move|p2a: slowbro'd what els|Fire Blast|p1a: Landorus-Therian|[miss]
|-miss|p2a: slowbro'd what els|p1a: Landorus-Therian
|
|turn|20
|
|switch|p1a: Scizor|Scizor, F|137\/293
|-damage|p1a: Scizor|101\/293|[from] Stealth Rock
|move|p2a: slowbro'd what els|Scald|p1a: Scizor
|-crit|p1a: Scizor
|-damage|p1a: Scizor|0 fnt
|faint|p1a: Scizor
|
|c|âfor youuuu|???
|
|switch|p1a: Diancie|Diancie|241\/241
|-damage|p1a: Diancie|211\/241|[from] Stealth Rock
|turn|21
|
|detailschange|p1a: Diancie|Diancie-Mega
|message|Diancie has Mega Evolved into Mega Diancie!
|move|p1a: Diancie|Moonblast|p2a: slowbro'd what els
|-damage|p2a: slowbro'd what els|0 fnt
|faint|p2a: slowbro'd what els
|
|
|switch|p2a: kingdom hearts|Landorus-Therian, M|220\/329
|-damage|p2a: kingdom hearts|179\/329|[from] Stealth Rock
|-ability|p2a: kingdom hearts|Intimidate|[of] p1a: Diancie
|-unboost|p1a: Diancie|atk|1
|turn|22
|
|switch|p1a: Landorus-Therian|Landorus-Therian, M|62\/320
|-damage|p1a: Landorus-Therian|22\/320|[from] Stealth Rock
|-ability|p1a: Landorus-Therian|Intimidate|[of] p2a: kingdom hearts
|-unboost|p2a: kingdom hearts|atk|1
|move|p2a: kingdom hearts|Earthquake|p1a: Landorus-Therian
|-immune|p1a: Landorus-Therian|[msg]
|
|turn|23
|
|switch|p2a: spoopy doopy|Gengar, F|145\/261
|-damage|p2a: spoopy doopy|113\/261|[from] Stealth Rock
|move|p1a: Landorus-Therian|Stone Edge|p2a: spoopy doopy
|-damage|p2a: spoopy doopy|0 fnt
|faint|p2a: spoopy doopy
|
|
|switch|p2a: puff|Altaria, F|305\/305
|-damage|p2a: puff|229\/305|[from] Stealth Rock
|turn|24
|c| SeventyFive|hes talking about u
|c| SeventyFive|fag
|
|switch|p1a: Keldeo|Keldeo|208\/323
|-damage|p1a: Keldeo|188\/323|[from] Stealth Rock
|detailschange|p2a: puff|Altaria-Mega, F
|message|Altaria has Mega Evolved into Mega Altaria!
|move|p2a: puff|Roost|p2a: puff
|-heal|p2a: puff|305\/305
|
|turn|25
|
|switch|p2a: Greninja check|Greninja, F|222\/285
|-damage|p2a: Greninja check|187\/285|[from] Stealth Rock
|move|p1a: Keldeo|Scald|p2a: Greninja check
|-crit|p2a: Greninja check
|-resisted|p2a: Greninja check
|-damage|p2a: Greninja check|30\/285
|
|turn|26
|
|move|p1a: Keldeo|Scald|p2a: Greninja check
|-resisted|p2a: Greninja check
|-damage|p2a: Greninja check|0 fnt
|faint|p2a: Greninja check
|
|
|switch|p2a: puff|Altaria-Mega, F|305\/305
|-damage|p2a: puff|267\/305|[from] Stealth Rock
|turn|27
|c|âfor youuuu|who???
|
|move|p1a: Keldeo|Scald|p2a: puff
|-resisted|p2a: puff
|-damage|p2a: puff|193\/305
|move|p2a: puff|Dragon Dance|p2a: puff
|-boost|p2a: puff|atk|1
|-boost|p2a: puff|spe|1
|
|turn|28
|c| SeventyFive|flan why was staying in a good ide
|
|move|p1a: Keldeo|Scald|p2a: puff
|-resisted|p2a: puff
|-damage|p2a: puff|127\/305
|move|p2a: puff|Dragon Dance|p2a: puff
|-boost|p2a: puff|atk|1
|-boost|p2a: puff|spe|1
|
|turn|29
|
|move|p1a: Keldeo|Scald|p2a: puff
|-resisted|p2a: puff
|-damage|p2a: puff|55\/305
|move|p2a: puff|Roost|p2a: puff
|-heal|p2a: puff|208\/305
|
|turn|30
|
|move|p1a: Keldeo|Scald|p2a: puff
|-resisted|p2a: puff
|-damage|p2a: puff|138\/305
|-status|p2a: puff|brn
|move|p2a: puff|Dragon Dance|p2a: puff
|-boost|p2a: puff|atk|1
|-boost|p2a: puff|spe|1
|
|-damage|p2a: puff|100\/305 brn|[from] brn
|turn|31
|c|âFlan76|phew.
|
|switch|p1a: Landorus-Therian|Landorus-Therian, M|22\/320
|-damage|p1a: Landorus-Therian|0 fnt|[from] Stealth Rock
|faint|p1a: Landorus-Therian
|move|p2a: puff|Roost|p2a: puff
|-heal|p2a: puff|253\/305 brn
|
|-damage|p2a: puff|215\/305 brn|[from] brn
|
|switch|p1a: Diancie|Diancie-Mega|211\/241
|-damage|p1a: Diancie|181\/241|[from] Stealth Rock
|turn|32
|
|move|p2a: puff|Return|p1a: Diancie
|-damage|p1a: Diancie|0 fnt
|faint|p1a: Diancie
|
|-damage|p2a: puff|177\/305 brn|[from] brn
|c|âfor youuuu|ya whew
|c|âfor youuuu|gg kid
|c|âfor youuuu|wew
|c|âFlan76|who the fuck are you
|c|âfor youuuu|who are you??
|c| SeventyFive|nice greninja check
|c|âFlan76|brb
|c|âfor youuuu|SeventyFive: hes talking about u
|c|âfor youuuu|SeventyFive: fag
|c|âfor youuuu|w
|c|âfor youuuu|h
|c|âfor youuuu|o
|
|switch|p1a: Keldeo|Keldeo|188\/323
|-damage|p1a: Keldeo|168\/323|[from] Stealth Rock
|turn|33
|
|move|p2a: puff|Return|p1a: Keldeo
|-supereffective|p1a: Keldeo
|-damage|p1a: Keldeo|0 fnt
|faint|p1a: Keldeo
|
|-damage|p2a: puff|139\/305 brn|[from] brn
|
|switch|p1a: Latias|Latias, F|161\/301 par
|-damage|p1a: Latias|124\/301 par|[from] Stealth Rock
|turn|34
|-message|Flan76 forfeited.
|
|win|for youuuu
|raw|Ladder updating...
|leave|Flan76
|player|p1