|join|corintendo
|join|FOR YOUUUU
|player|p1|corintendo|264
|player|p2|FOR YOUUUU|68
|gametype|singles
|gen|6
|tier|OU
|rated
|clearpoke
|poke|p1|Staraptor, M
|poke|p1|Haxorus, M
|poke|p1|Chesnaught, F, shiny
|poke|p1|Galvantula, F
|poke|p1|Gengar, M
|poke|p1|Volcarona, F
|poke|p2|Landorus, M
|poke|p2|Thundurus, M
|poke|p2|Bisharp, F
|poke|p2|Azelf
|poke|p2|Lopunny, F
|poke|p2|Greninja, F
|rule|Swagger Clause: Swagger is banned
|rule|Baton Pass Clause: Limit one PokÃ©mon knowing Baton Pass
|rule|Sleep Clause Mod: Limit one foe put to sleep
|rule|Species Clause: Limit one of each PokÃ©mon
|rule|OHKO Clause: OHKO moves are banned
|rule|Moody Clause: Moody is banned
|rule|Evasion Moves Clause: Evasion moves are banned
|rule|Endless Battle Clause: Forcing endless battles is banned
|rule|HP Percentage Mod: HP is shown in percentages
|teampreview
|
|start
|switch|p1a: Sinistra|Galvantula, F|344\/344
|switch|p2a: Azelf|Azelf|291\/291
|turn|1
|
|move|p2a: Azelf|Fire Blast|p1a: Sinistra
|-supereffective|p1a: Sinistra
|-enditem|p1a: Sinistra|Focus Sash
|-damage|p1a: Sinistra|1\/344
|move|p1a: Sinistra|Bug Buzz|p2a: Azelf
|-supereffective|p2a: Azelf
|-enditem|p2a: Azelf|Focus Sash
|-damage|p2a: Azelf|1\/291
|
|turn|2
|
|move|p1a: Sinistra|Sucker Punch|p2a: Azelf
|-fail|p2a: Azelf
|move|p2a: Azelf|Stealth Rock|p1a: Sinistra
|-sidestart|p1: corintendo|move: Stealth Rock
|
|turn|3
|
|move|p2a: Azelf|Explosion|p1a: Sinistra
|-damage|p1a: Sinistra|0 fnt
|faint|p2a: Azelf
|faint|p1a: Sinistra
|
|
|switch|p2a: Landorus|Landorus, M|319\/319
|switch|p1a: Atticus|Staraptor, M|311\/311
|-damage|p1a: Atticus|234\/311|[from] Stealth Rock
|-ability|p1a: Atticus|Intimidate|[of] p2a: Landorus
|-unboost|p2a: Landorus|atk|1
|turn|4
|
|switch|p2a: Bisharp|Bisharp, F|271\/271
|move|p1a: Atticus|Return|p2a: Bisharp
|-resisted|p2a: Bisharp
|-damage|p2a: Bisharp|136\/271
|
|turn|5
|
|switch|p1a: Erith|Chesnaught, F, shiny|317\/317
|-damage|p1a: Erith|298\/317|[from] Stealth Rock
|move|p2a: Bisharp|Iron Head|p1a: Erith
|-damage|p1a: Erith|168\/317
|-damage|p2a: Bisharp|91\/271|[from] item: Rocky Helmet|[of] p1a: Erith
|-damage|p2a: Bisharp|64\/271|[from] item: Life Orb
|
|turn|6
|
|switch|p2a: Landorus|Landorus, M|319\/319
|move|p1a: Erith|Leech Seed|p2a: Landorus
|-start|p2a: Landorus|move: Leech Seed
|
|-damage|p2a: Landorus|280\/319|[from] Leech Seed|[of] p1a: Erith
|-heal|p1a: Erith|207\/317|[silent]
|turn|7
|
|move|p1a: Erith|Spiky Shield|p1a: Erith
|-singleturn|p1a: Erith|move: Protect
|move|p2a: Landorus|Psychic|p1a: Erith
|-activate|p1a: Erith|move: Protect
|
|-damage|p2a: Landorus|241\/319|[from] Leech Seed|[of] p1a: Erith
|-heal|p1a: Erith|246\/317|[silent]
|turn|8
|
|move|p2a: Landorus|Psychic|p1a: Erith
|-supereffective|p1a: Erith
|-damage|p1a: Erith|0 fnt
|faint|p1a: Erith
|
|
|switch|p1a: Atticus|Staraptor, M|234\/311
|-damage|p1a: Atticus|157\/311|[from] Stealth Rock
|-ability|p1a: Atticus|Intimidate|[of] p2a: Landorus
|-unboost|p2a: Landorus|atk|1
|turn|9
|
|switch|p2a: Bisharp|Bisharp, F|64\/271
|move|p1a: Atticus|Return|p2a: Bisharp
|-resisted|p2a: Bisharp
|-damage|p2a: Bisharp|0 fnt
|faint|p2a: Bisharp
|
|
|switch|p2a: Lopunny|Lopunny, F|271\/271
|turn|10
|
|detailschange|p2a: Lopunny|Lopunny-Mega, F
|message|Lopunny has Mega Evolved into Mega Lopunny!
|move|p2a: Lopunny|Fake Out|p1a: Atticus
|-damage|p1a: Atticus|49\/311
|cant|p1a: Atticus|flinch
|
|turn|11
|
|move|p2a: Lopunny|Power-Up Punch|p1a: Atticus
|-damage|p1a: Atticus|0 fnt
|-boost|p2a: Lopunny|atk|1
|faint|p1a: Atticus
|
|-message|corintendo lost due to inactivity.
|
|win|FOR YOUUUU
|raw|Ladder updating...
|raw|corintendo's rating: 1116 &rarr; <strong>1092<\/strong><br \/>(-24 for losing)
|raw|FOR YOUUUU's rating: 1129 &rarr; <strong>1153<\/strong><br \/>(+24 for winning)