|join|for youuuu
|join|SS445
|join|RevMasta
|player|p1|for youuuu|90
|player|p2|SS445|161
|gametype|singles
|gen|6
|tier|OU
|rated
|clearpoke
|poke|p1|Metagross
|poke|p1|Heatran, M
|poke|p1|Landorus-Therian, M
|poke|p1|Manaphy
|poke|p1|Latias, F
|poke|p1|Azumarill, F
|poke|p2|Hippowdon, M
|poke|p2|Excadrill, M
|poke|p2|Empoleon, M
|poke|p2|Sigilyph, M
|poke|p2|Tyranitar, M
|poke|p2|Garchomp, M
|rule|Swagger Clause: Swagger is banned
|rule|Baton Pass Clause: Limit one PokÃ©mon knowing Baton Pass
|rule|Sleep Clause Mod: Limit one foe put to sleep
|rule|Species Clause: Limit one of each PokÃ©mon
|rule|OHKO Clause: OHKO moves are banned
|rule|Moody Clause: Moody is banned
|rule|Evasion Moves Clause: Evasion moves are banned
|rule|Endless Battle Clause: Forcing endless battles is banned
|rule|HP Percentage Mod: HP is shown in percentages
|teampreview
|
|start
|switch|p1a: Landorus-Therian|Landorus-Therian, M|337\/337
|switch|p2a: Hippowdon|Hippowdon, M|420\/420
|-ability|p1a: Landorus-Therian|Intimidate|[of] p2a: Hippowdon
|-unboost|p2a: Hippowdon|atk|1
|-weather|Sandstorm
|turn|1
|
|move|p1a: Landorus-Therian|Substitute|p1a: Landorus-Therian
|-start|p1a: Landorus-Therian|Substitute
|-damage|p1a: Landorus-Therian|253\/337
|move|p2a: Hippowdon|Toxic|p1a: Landorus-Therian
|
|-weather|Sandstorm|[upkeep]
|turn|2
|
|move|p1a: Landorus-Therian|Swords Dance|p1a: Landorus-Therian
|-boost|p1a: Landorus-Therian|atk|2
|move|p2a: Hippowdon|Whirlwind|p1a: Landorus-Therian
|drag|p1a: Latias|Latias, F|301\/301
|
|-weather|Sandstorm|[upkeep]
|-damage|p1a: Latias|283\/301|[from] sandstorm
|turn|3
|c|âfor youuuu|???????
|c|âfor youuuu|YOURE SO BAD
|c|âSS445|ok
|
|switch|p2a: Tyranitar|Tyranitar, M|341\/341
|move|p1a: Latias|Draco Meteor|p2a: Tyranitar
|-damage|p2a: Tyranitar|150\/341
|-unboost|p1a: Latias|spa|2
|-damage|p1a: Latias|253\/301|[from] item: Life Orb
|
|-weather|Sandstorm|[upkeep]
|-damage|p1a: Latias|235\/301|[from] sandstorm
|turn|4
|
|move|p2a: Tyranitar|Crunch|p1a: Latias
|-supereffective|p1a: Latias
|-damage|p1a: Latias|0 fnt
|faint|p1a: Latias
|
|-weather|Sandstorm|[upkeep]
|c|âSS445|YOURE SO BAD
|
|switch|p1a: Heatran|Heatran, M|323\/323
|-item|p1a: Heatran|Air Balloon
|turn|5
|c|âSS445|:)
|
|switch|p2a: Empoleon|Empoleon, M|310\/310
|-item|p2a: Empoleon|Air Balloon
|move|p1a: Heatran|Stealth Rock|p2a: Empoleon
|-sidestart|p2: SS445|move: Stealth Rock
|
|-weather|Sandstorm|[upkeep]
|turn|6
|c|âfor youuuu|yourterrible
|c|âSS445|ok
|c|âfor youuuu|quiet you fucking dumb child
|c|âSS445|ok
|
|switch|p1a: Azumarill|Azumarill, F|399\/399
|move|p2a: Empoleon|Hydro Pump|p1a: Azumarill
|-resisted|p1a: Azumarill
|-damage|p1a: Azumarill|273\/399
|
|-weather|Sandstorm|[upkeep]
|-damage|p1a: Azumarill|249\/399|[from] sandstorm
|turn|7
|
|switch|p1a: Metagross|Metagross|301\/301
|move|p2a: Empoleon|Grass Knot|p1a: Metagross
|-resisted|p1a: Metagross
|-damage|p1a: Metagross|227\/301
|
|-weather|Sandstorm|[upkeep]
|turn|8
|
|switch|p2a: Excadrill|Excadrill, M|365\/365
|-damage|p2a: Excadrill|354\/365|[from] Stealth Rock
|detailschange|p1a: Metagross|Metagross-Mega
|-mega|p1a: Metagross|Metagross|Metagrossite
|move|p1a: Metagross|Hammer Arm|p2a: Excadrill
|-supereffective|p2a: Excadrill
|-damage|p2a: Excadrill|0 fnt
|-unboost|p1a: Metagross|spe|1
|faint|p2a: Excadrill
|
|-weather|none
|c|âfor youuuu|good play moron
|
|switch|p2a: Garchomp|Garchomp, M|360\/360
|-damage|p2a: Garchomp|338\/360|[from] Stealth Rock
|turn|9
|
|switch|p1a: Heatran|Heatran, M|323\/323
|-item|p1a: Heatran|Air Balloon
|move|p2a: Garchomp|Earthquake|p1a: Heatran
|-immune|p1a: Heatran|[msg]
|
|turn|10
|
|switch|p2a: Empoleon|Empoleon, M|310\/310
|-damage|p2a: Empoleon|291\/310|[from] Stealth Rock
|-item|p2a: Empoleon|Air Balloon
|switch|p1a: Metagross|Metagross-Mega|227\/301
|
|turn|11
|
|switch|p2a: Sigilyph|Sigilyph, M|285\/285
|move|p1a: Metagross|Hammer Arm|p2a: Sigilyph
|-resisted|p2a: Sigilyph
|-damage|p2a: Sigilyph|235\/285
|-unboost|p1a: Metagross|spe|1
|
|turn|12
|
|switch|p1a: Heatran|Heatran, M|323\/323
|-item|p1a: Heatran|Air Balloon
|move|p2a: Sigilyph|Heat Wave|p1a: Heatran
|-start|p1a: Heatran|ability: Flash Fire
|
|turn|13
|c|âfor youuuu|youre BAD!
|
|switch|p2a: Tyranitar|Tyranitar, M|150\/341
|-damage|p2a: Tyranitar|108\/341|[from] Stealth Rock
|-weather|Sandstorm
|move|p1a: Heatran|Fire Blast|p2a: Tyranitar
|-resisted|p2a: Tyranitar
|-damage|p2a: Tyranitar|18\/341
|
|-weather|Sandstorm|[upkeep]
|turn|14
|
|move|p2a: Tyranitar|Crunch|p1a: Heatran
|-damage|p1a: Heatran|179\/323
|-enditem|p1a: Heatran|Air Balloon
|move|p1a: Heatran|Fire Blast|p2a: Tyranitar
|-resisted|p2a: Tyranitar
|-damage|p2a: Tyranitar|0 fnt
|faint|p2a: Tyranitar
|
|-weather|Sandstorm|[upkeep]
|c|âSS445|u re lucky i made that mistake with excadrill my garchomp is
|c|âSS445|in experimental mode too
|c|âfor youuuu|oh yeah thats my fault
|c|âfor youuuu|that you're a terrible player
|c|âfor youuuu|your garbage shut up
|
|switch|p2a: Garchomp|Garchomp, M|338\/360
|-damage|p2a: Garchomp|316\/360|[from] Stealth Rock
|turn|15
|c|âSS445|you talk a lot
|c|âfor youuuu|your bad
|
|switch|p1a: Landorus-Therian|Landorus-Therian, M|253\/337
|-ability|p1a: Landorus-Therian|Intimidate|[of] p2a: Garchomp
|-unboost|p2a: Garchomp|atk|1
|detailschange|p2a: Garchomp|Garchomp-Mega, M
|-mega|p2a: Garchomp|Garchomp|Garchompite
|move|p2a: Garchomp|Draco Meteor|p1a: Landorus-Therian
|-damage|p1a: Landorus-Therian|0 fnt
|-unboost|p2a: Garchomp|spa|2
|faint|p1a: Landorus-Therian
|
|-weather|Sandstorm|[upkeep]
|c|âSS445|:)
|
|switch|p1a: Metagross|Metagross-Mega|227\/301
|turn|16
|
|move|p1a: Metagross|Ice Punch|p2a: Garchomp
|-supereffective|p2a: Garchomp
|-damage|p2a: Garchomp|0 fnt
|faint|p2a: Garchomp
|
|-weather|Sandstorm|[upkeep]
|c|âfor youuuu|good job
|c|âfor youuuu|keep smiling you filth
|
|switch|p2a: Hippowdon|Hippowdon, M|420\/420
|-damage|p2a: Hippowdon|394\/420|[from] Stealth Rock
|turn|17
|
|switch|p1a: Manaphy|Manaphy|377\/377
|move|p2a: Hippowdon|Earthquake|p1a: Manaphy
|-damage|p1a: Manaphy|281\/377
|
|-weather|none
|-heal|p1a: Manaphy|304\/377|[from] item: Leftovers
|turn|18
|c|âSS445|i want a rematch after that
|c|âSS445|you in ?
|c|âfor youuuu|no fuck you
|c|âSS445|pussy
|c|âfor youuuu|take your loss
|c|âfor youuuu|with dignity
|c|âfor youuuu|fool
|
|move|p1a: Manaphy|Rain Dance|p1a: Manaphy
|-weather|RainDance
|move|p2a: Hippowdon|Toxic|p1a: Manaphy
|-status|p1a: Manaphy|tox
|
|-weather|RainDance|[upkeep]
|-curestatus|p1a: Manaphy|tox
|-heal|p1a: Manaphy|327\/377|[from] item: Leftovers
|turn|19
|
|switch|p2a: Sigilyph|Sigilyph, M|235\/285
|move|p1a: Manaphy|Scald|p2a: Sigilyph
|-damage|p2a: Sigilyph|73\/285
|
|-weather|RainDance|[upkeep]
|-heal|p1a: Manaphy|350\/377|[from] item: Leftovers
|turn|20
|
|move|p2a: Sigilyph|Psyshock|p1a: Manaphy
|-damage|p1a: Manaphy|237\/377
|move|p1a: Manaphy|Scald|p2a: Sigilyph
|-damage|p2a: Sigilyph|0 fnt
|faint|p2a: Sigilyph
|
|-weather|RainDance|[upkeep]
|-heal|p1a: Manaphy|260\/377|[from] item: Leftovers
|c|âfor youuuu|manaphy>Your pitiful pathetic worthless team
|c|âSS445|excarill> manaphy
|c|âSS445|i wasnt paying attention
|c| RevMasta|this dude talks like he was raped as a child and has so much anger inside lmao
|c|âSS445|you got lucky
|c|âSS445|okay whatever man
|c|âfor youuuu|yeah i was lucky that you're a bad player!
|c|âSS445|u re so childish
|c|âfor youuuu|quiet scum
|c|âSS445|i dnt need to talk to you
|c|âfor youuuu|so forfeit
|c|âfor youuuu|moron
|c|âfor youuuu|you lose
|c|âfor youuuu|you talk shit and lose
|c|âfor youuuu|how does it feel
|
|switch|p2a: Empoleon|Empoleon, M|291\/310
|-damage|p2a: Empoleon|272\/310|[from] Stealth Rock
|-item|p2a: Empoleon|Air Balloon
|turn|21
|
|move|p1a: Manaphy|Calm Mind|p1a: Manaphy
|-boost|p1a: Manaphy|spa|1
|-boost|p1a: Manaphy|spd|1
|move|p2a: Empoleon|Agility|p2a: Empoleon
|-boost|p2a: Empoleon|spe|2
|
|-weather|RainDance|[upkeep]
|-heal|p1a: Manaphy|283\/377|[from] item: Leftovers
|turn|22
|
|move|p2a: Empoleon|Hydro Pump|p1a: Manaphy
|-resisted|p1a: Manaphy
|-damage|p1a: Manaphy|178\/377
|move|p1a: Manaphy|Calm Mind|p1a: Manaphy
|-boost|p1a: Manaphy|spa|1
|-boost|p1a: Manaphy|spd|1
|
|-weather|none
|-heal|p1a: Manaphy|201\/377|[from] item: Leftovers
|turn|23
|
|move|p2a: Empoleon|Grass Knot|p1a: Manaphy
|-supereffective|p1a: Manaphy
|-damage|p1a: Manaphy|177\/377
|move|p1a: Manaphy|Rain Dance|p1a: Manaphy
|-weather|RainDance
|
|-weather|RainDance|[upkeep]
|-heal|p1a: Manaphy|200\/377|[from] item: Leftovers
|turn|24
|
|move|p2a: Empoleon|Hydro Pump|p1a: Manaphy|[miss]
|-miss|p2a: Empoleon|p1a: Manaphy
|move|p1a: Manaphy|Rest|p1a: Manaphy
|-status|p1a: Manaphy|slp
|-heal|p1a: Manaphy|377\/377 slp|[silent]
|-status|p1a: Manaphy|slp|[from] move: Rest
|
|-weather|RainDance|[upkeep]
|-curestatus|p1a: Manaphy|slp
|turn|25
|leave|RevMasta
|c|âSS445|gg i hope you enjoy the victory as much as you enjoy the dick up ur ass
|c|âfor youuuu|yeah time out you filth
|c|âfor youuuu|you're garbage
|c|âfor youuuu|accept your loss with dignity
|-message|SS445 lost due to inactivity.
|
|win|for youuuu
|raw|Ladder updating...
|raw|for youuuu's rating: 1590 &rarr; <strong>1606<\/strong><br \/>(+16 for winning)
|raw|SS445's rating: 1509 &rarr; <strong>1494<\/strong><br \/>(-15 for losing)
|c|âfor youuuu|owned