|join|Last Earth
|join|Tobey Larone
|player|p1|Last Earth|258
|player|p2|Tobey Larone|266
|gametype|singles
|gen|6
|tier|UU
|rated
|rule|Sleep Clause Mod: Limit one foe put to sleep
|rule|Species Clause: Limit one of each PokÃ©mon
|rule|OHKO Clause: OHKO moves are banned
|rule|Moody Clause: Moody is banned
|rule|Evasion Moves Clause: Evasion moves are banned
|rule|Endless Battle Clause: Forcing endless battles is banned
|rule|HP Percentage Mod: HP is shown in percentages
|clearpoke
|poke|p1|Hydreigon, F
|poke|p1|Chesnaught, F
|poke|p1|Zygarde
|poke|p1|Jirachi
|poke|p1|Milotic, F
|poke|p1|Diancie
|poke|p2|Darmanitan, M
|poke|p2|Empoleon, M, shiny
|poke|p2|Florges, F
|poke|p2|Machamp, F
|poke|p2|Hippowdon, M
|poke|p2|Ampharos, M
|rule|Swagger Clause: Swagger is banned
|rule|Baton Pass Clause: Limit one PokÃ©mon knowing Baton Pass
|teampreview
|
|start
|switch|p1a: Jirachi|Jirachi|341\/341
|switch|p2a: Rosch|Darmanitan, M|351\/351
|turn|1
|
|switch|p1a: Milotic|Milotic, F|394\/394
|move|p2a: Rosch|Flare Blitz|p1a: Milotic
|-resisted|p1a: Milotic
|-damage|p1a: Milotic|257\/394
|-damage|p2a: Rosch|306\/351|[from] recoil|[of] p1a: Milotic
|
|-heal|p1a: Milotic|281\/394|[from] item: Leftovers
|turn|2
|
|switch|p2a: Pengin|Empoleon, M, shiny|372\/372
|move|p1a: Milotic|Dragon Tail|p2a: Pengin
|-resisted|p2a: Pengin
|-damage|p2a: Pengin|356\/372
|drag|p2a: Rosch|Darmanitan, M|306\/351
|
|-heal|p1a: Milotic|305\/394|[from] item: Leftovers
|turn|3
|
|move|p2a: Rosch|U-turn|p1a: Milotic
|-damage|p1a: Milotic|214\/394
|
|switch|p2a: Pengin|Empoleon, M, shiny|356\/372
|move|p1a: Milotic|Coil|p1a: Milotic
|-boost|p1a: Milotic|atk|1
|-boost|p1a: Milotic|def|1
|-boost|p1a: Milotic|accuracy|1
|
|-heal|p1a: Milotic|238\/394|[from] item: Leftovers
|-heal|p2a: Pengin|372\/372|[from] item: Leftovers
|turn|4
|
|move|p1a: Milotic|Coil|p1a: Milotic
|-boost|p1a: Milotic|atk|1
|-boost|p1a: Milotic|def|1
|-boost|p1a: Milotic|accuracy|1
|move|p2a: Pengin|Stealth Rock|p1a: Milotic
|-sidestart|p1: Last Earth|move: Stealth Rock
|
|-heal|p1a: Milotic|262\/394|[from] item: Leftovers
|turn|5
|
|move|p1a: Milotic|Dragon Tail|p2a: Pengin
|-resisted|p2a: Pengin
|-damage|p2a: Pengin|337\/372
|drag|p2a: Jean-Claude|Machamp, F|384\/384
|
|-heal|p1a: Milotic|286\/394|[from] item: Leftovers
|turn|6
|
|move|p1a: Milotic|Aqua Tail|p2a: Jean-Claude
|-damage|p2a: Jean-Claude|218\/384
|move|p2a: Jean-Claude|Knock Off|p1a: Milotic
|-damage|p1a: Milotic|225\/394
|-enditem|p1a: Milotic|Leftovers|[from] move: Knock Off|[of] p2a: Jean-Claude
|
|turn|7
|
|switch|p2a: Pengin|Empoleon, M, shiny|337\/372
|move|p1a: Milotic|Recover|p1a: Milotic
|-heal|p1a: Milotic|394\/394
|
|-heal|p2a: Pengin|360\/372|[from] item: Leftovers
|turn|8
|
|move|p2a: Pengin|Scald|p1a: Milotic
|-resisted|p1a: Milotic
|-damage|p1a: Milotic|352\/394
|move|p1a: Milotic|Dragon Tail|p2a: Pengin
|-resisted|p2a: Pengin
|-damage|p2a: Pengin|326\/372
|drag|p2a: Ampharos|Ampharos, M|370\/370
|
|turn|9
|
|detailschange|p2a: Ampharos|Ampharos-Mega, M
|message|Ampharos has Mega Evolved into Mega Ampharos!
|-ability|p2a: Ampharos|Mold Breaker
|move|p2a: Ampharos|Volt Switch|p1a: Milotic
|-supereffective|p1a: Milotic
|-damage|p1a: Milotic|88\/394
|
|switch|p2a: Pengin|Empoleon, M, shiny|326\/372
|move|p1a: Milotic|Dragon Tail|p2a: Pengin
|-crit|p2a: Pengin
|-resisted|p2a: Pengin
|-damage|p2a: Pengin|270\/372
|drag|p2a: Marle|Florges, F|360\/360
|
|turn|10
|
|move|p1a: Milotic|Recover|p1a: Milotic
|-heal|p1a: Milotic|285\/394
|move|p2a: Marle|Moonblast|p1a: Milotic
|-damage|p1a: Milotic|195\/394
|
|turn|11
|
|move|p1a: Milotic|Recover|p1a: Milotic
|-heal|p1a: Milotic|392\/394
|move|p2a: Marle|Wish|p2a: Marle
|
|turn|12
|
|switch|p2a: Pengin|Empoleon, M, shiny|270\/372
|move|p1a: Milotic|Dragon Tail|p2a: Pengin
|-resisted|p2a: Pengin
|-damage|p2a: Pengin|234\/372
|drag|p2a: Ampharos|Ampharos-Mega, M|370\/370
|-ability|p2a: Ampharos|Mold Breaker
|
|turn|13
|
|move|p1a: Milotic|Coil|p1a: Milotic
|-boost|p1a: Milotic|atk|1
|-boost|p1a: Milotic|def|1
|-boost|p1a: Milotic|accuracy|1
|move|p2a: Ampharos|Volt Switch|p1a: Milotic
|-supereffective|p1a: Milotic
|-damage|p1a: Milotic|132\/394
|
|switch|p2a: Marle|Florges, F|360\/360
|
|turn|14
|
|move|p1a: Milotic|Aqua Tail|p2a: Marle
|-damage|p2a: Marle|212\/360
|move|p2a: Marle|Moonblast|p1a: Milotic
|-damage|p1a: Milotic|39\/394
|
|-heal|p2a: Marle|234\/360|[from] item: Leftovers
|turn|15
|
|move|p1a: Milotic|Recover|p1a: Milotic
|-heal|p1a: Milotic|236\/394
|move|p2a: Marle|Wish|p2a: Marle
|
|-heal|p2a: Marle|256\/360|[from] item: Leftovers
|turn|16
|
|move|p1a: Milotic|Recover|p1a: Milotic
|-heal|p1a: Milotic|394\/394
|move|p2a: Marle|Moonblast|p1a: Milotic
|-damage|p1a: Milotic|307\/394
|
|-heal|p2a: Marle|360\/360|[from] move: Wish|[wisher] Marle
|turn|17
|
|move|p1a: Milotic|Coil|p1a: Milotic
|-boost|p1a: Milotic|atk|1
|-boost|p1a: Milotic|def|1
|-boost|p1a: Milotic|accuracy|1
|move|p2a: Marle|Wish|p2a: Marle
|
|turn|18
|
|move|p2a: Marle|Moonblast|p1a: Milotic
|-damage|p1a: Milotic|207\/394
|move|p1a: Milotic|Dragon Tail|p2a: Marle
|-immune|p2a: Marle|[msg]
|
|turn|19
|
|move|p1a: Milotic|Recover|p1a: Milotic
|-heal|p1a: Milotic|394\/394
|move|p2a: Marle|Moonblast|p1a: Milotic
|-damage|p1a: Milotic|303\/394
|
|turn|20
|
|move|p1a: Milotic|Coil|p1a: Milotic
|-boost|p1a: Milotic|atk|1
|-boost|p1a: Milotic|def|1
|-boost|p1a: Milotic|accuracy|1
|move|p2a: Marle|Wish|p2a: Marle
|
|turn|21
|
|move|p1a: Milotic|Aqua Tail|p2a: Marle
|-damage|p2a: Marle|126\/360
|move|p2a: Marle|Moonblast|p1a: Milotic
|-damage|p1a: Milotic|210\/394
|
|-heal|p2a: Marle|306\/360|[from] move: Wish|[wisher] Marle
|-heal|p2a: Marle|328\/360|[from] item: Leftovers
|turn|22
|
|move|p1a: Milotic|Aqua Tail|p2a: Marle
|-damage|p2a: Marle|100\/360
|move|p2a: Marle|Wish|p2a: Marle
|
|-heal|p2a: Marle|122\/360|[from] item: Leftovers
|turn|23
|
|move|p2a: Marle|Protect|p2a: Marle
|-singleturn|p2a: Marle|Protect
|move|p1a: Milotic|Recover|p1a: Milotic
|-heal|p1a: Milotic|394\/394
|
|-heal|p2a: Marle|302\/360|[from] move: Wish|[wisher] Marle
|-heal|p2a: Marle|324\/360|[from] item: Leftovers
|turn|24
|
|move|p1a: Milotic|Coil|p1a: Milotic
|-boost|p1a: Milotic|atk|1
|-boost|p1a: Milotic|def|1
|-boost|p1a: Milotic|accuracy|1
|move|p2a: Marle|Wish|p2a: Marle
|
|-heal|p2a: Marle|346\/360|[from] item: Leftovers
|turn|25
|
|switch|p2a: Pengin|Empoleon, M, shiny|234\/372
|move|p1a: Milotic|Dragon Tail|p2a: Pengin
|-resisted|p2a: Pengin
|-damage|p2a: Pengin|162\/372
|drag|p2a: Rosch|Darmanitan, M|306\/351
|
|-heal|p2a: Rosch|351\/351|[from] move: Wish|[wisher] Marle
|turn|26
|
|move|p2a: Rosch|U-turn|p1a: Milotic
|-damage|p1a: Milotic|372\/394
|
|switch|p2a: Pengin|Empoleon, M, shiny|162\/372
|move|p1a: Milotic|Aqua Tail|p2a: Pengin
|-resisted|p2a: Pengin
|-damage|p2a: Pengin|13\/372
|
|-heal|p2a: Pengin|36\/372|[from] item: Leftovers
|turn|27
|
|move|p1a: Milotic|Aqua Tail|p2a: Pengin
|-resisted|p2a: Pengin
|-damage|p2a: Pengin|0 fnt
|faint|p2a: Pengin
|
|
|switch|p2a: Ampharos|Ampharos-Mega, M|370\/370
|-ability|p2a: Ampharos|Mold Breaker
|turn|28
|
|move|p1a: Milotic|Aqua Tail|p2a: Ampharos
|-resisted|p2a: Ampharos
|-damage|p2a: Ampharos|247\/370
|move|p2a: Ampharos|Volt Switch|p1a: Milotic
|-supereffective|p1a: Milotic
|-damage|p1a: Milotic|118\/394
|
|switch|p2a: Marle|Florges, F|346\/360
|
|-heal|p2a: Marle|360\/360|[from] item: Leftovers
|turn|29
|
|move|p1a: Milotic|Recover|p1a: Milotic
|-heal|p1a: Milotic|315\/394
|move|p2a: Marle|Moonblast|p1a: Milotic
|-damage|p1a: Milotic|224\/394
|-unboost|p1a: Milotic|spa|1
|
|turn|30
|
|move|p2a: Marle|Protect|p2a: Marle
|-singleturn|p2a: Marle|Protect
|move|p1a: Milotic|Recover|p1a: Milotic
|-heal|p1a: Milotic|394\/394
|
|turn|31
|
|move|p1a: Milotic|Aqua Tail|p2a: Marle
|-damage|p2a: Marle|87\/360
|move|p2a: Marle|Wish|p2a: Marle
|
|-heal|p2a: Marle|109\/360|[from] item: Leftovers
|turn|32
|
|move|p2a: Marle|Protect|p2a: Marle
|-singleturn|p2a: Marle|Protect
|move|p1a: Milotic|Coil|p1a: Milotic
|-fail|p1a: Milotic
|
|-heal|p2a: Marle|289\/360|[from] move: Wish|[wisher] Marle
|-heal|p2a: Marle|311\/360|[from] item: Leftovers
|turn|33
|
|move|p1a: Milotic|Aqua Tail|p2a: Marle
|-damage|p2a: Marle|77\/360
|move|p2a: Marle|Wish|p2a: Marle
|
|-heal|p2a: Marle|99\/360|[from] item: Leftovers
|turn|34
|
|move|p2a: Marle|Protect|p2a: Marle
|-singleturn|p2a: Marle|Protect
|move|p1a: Milotic|Coil|p1a: Milotic
|-fail|p1a: Milotic
|
|-heal|p2a: Marle|279\/360|[from] move: Wish|[wisher] Marle
|-heal|p2a: Marle|301\/360|[from] item: Leftovers
|turn|35
|
|move|p1a: Milotic|Aqua Tail|p2a: Marle
|-damage|p2a: Marle|48\/360
|move|p2a: Marle|Wish|p2a: Marle
|
|-heal|p2a: Marle|70\/360|[from] item: Leftovers
|turn|36
|
|move|p2a: Marle|Protect|p2a: Marle
|-singleturn|p2a: Marle|Protect
|move|p1a: Milotic|Coil|p1a: Milotic
|-fail|p1a: Milotic
|
|-heal|p2a: Marle|250\/360|[from] move: Wish|[wisher] Marle
|-heal|p2a: Marle|272\/360|[from] item: Leftovers
|turn|37
|
|move|p1a: Milotic|Aqua Tail|p2a: Marle
|-damage|p2a: Marle|0 fnt
|faint|p2a: Marle
|
|
|switch|p2a: Ampharos|Ampharos-Mega, M|247\/370
|-ability|p2a: Ampharos|Mold Breaker
|turn|38
|
|move|p1a: Milotic|Aqua Tail|p2a: Ampharos
|-resisted|p2a: Ampharos
|-damage|p2a: Ampharos|109\/370
|move|p2a: Ampharos|Thunderbolt|p1a: Milotic
|-supereffective|p1a: Milotic
|-damage|p1a: Milotic|80\/394
|
|turn|39
|
|move|p1a: Milotic|Aqua Tail|p2a: Ampharos
|-resisted|p2a: Ampharos
|-damage|p2a: Ampharos|0 fnt
|faint|p2a: Ampharos
|
|
|switch|p2a: Jean-Claude|Machamp, F|218\/384
|turn|40
|
|move|p1a: Milotic|Aqua Tail|p2a: Jean-Claude
|-damage|p2a: Jean-Claude|0 fnt
|faint|p2a: Jean-Claude
|
|
|switch|p2a: Rosch|Darmanitan, M|351\/351
|turn|41
|
|move|p2a: Rosch|Flare Blitz|p1a: Milotic
|-resisted|p1a: Milotic
|-damage|p1a: Milotic|42\/394
|-damage|p2a: Rosch|338\/351|[from] recoil|[of] p1a: Milotic
|move|p1a: Milotic|Recover|p1a: Milotic
|-heal|p1a: Milotic|239\/394
|
|turn|42
|-message|Tobey Larone forfeited.
|
|win|Last Earth
|raw|Ladder updating...
|leave|Tobey Larone
|player|p2
|raw|Last Earth's rating: 1488 &rarr; <strong>1504<\/strong><br \/>(+16 for winning)
|raw|Tobey Larone's rating: 1421 &rarr; <strong>1405<\/strong><br \/>(-16 for losing)