|join|Tobey Larone
|join|Houndkrow
|player|p1|Tobey Larone|170
|player|p2|Houndkrow|161
|gametype|singles
|gen|6
|tier|UU
|rated
|rule|Sleep Clause Mod: Limit one foe put to sleep
|rule|Species Clause: Limit one of each PokÃ©mon
|rule|OHKO Clause: OHKO moves are banned
|rule|Moody Clause: Moody is banned
|rule|Evasion Moves Clause: Evasion moves are banned
|rule|Endless Battle Clause: Forcing endless battles is banned
|rule|HP Percentage Mod: HP is shown in percentages
|clearpoke
|poke|p1|Ampharos, M
|poke|p1|Forretress, M, shiny
|poke|p1|Porygon-Z, shiny
|poke|p1|Braviary, M
|poke|p1|Dugtrio, M
|poke|p1|Florges, F
|poke|p2|Aerodactyl, M
|poke|p2|Galvantula, M, shiny
|poke|p2|Porygon-Z, shiny
|poke|p2|Hydreigon, M, shiny
|poke|p2|Mienshao, M, shiny
|poke|p2|Sableye, M, shiny
|rule|Swagger Clause: Swagger is banned
|rule|Baton Pass Clause: Limit one PokÃ©mon knowing Baton Pass
|teampreview
|
|start
|switch|p1a: Marle|Florges, F|360\/360
|switch|p2a: Galvantula|Galvantula, M, shiny|281\/281
|turn|1
|
|move|p2a: Galvantula|Sticky Web|p1a: Marle
|-sidestart|p1: Tobey Larone|move: Sticky Web
|move|p1a: Marle|Moonblast|p2a: Galvantula
|-damage|p2a: Galvantula|95\/281
|-unboost|p2a: Galvantula|spa|1
|
|turn|2
|
|move|p2a: Galvantula|Thunder|p1a: Marle
|-damage|p1a: Marle|287\/360
|-status|p1a: Marle|par
|cant|p1a: Marle|par
|
|-heal|p1a: Marle|309\/360 par|[from] item: Leftovers
|turn|3
|
|move|p2a: Galvantula|Thunder|p1a: Marle
|-damage|p1a: Marle|242\/360 par
|cant|p1a: Marle|par
|
|-heal|p1a: Marle|264\/360 par|[from] item: Leftovers
|turn|4
|
|move|p2a: Galvantula|Thunder|p1a: Marle
|-damage|p1a: Marle|188\/360 par
|move|p1a: Marle|Aromatherapy|p1a: Marle
|-cureteam|p1a: Marle|[from] move: Aromatherapy
|
|-heal|p1a: Marle|210\/360|[from] item: Leftovers
|turn|5
|
|move|p2a: Galvantula|Thunder|p1a: Marle
|-damage|p1a: Marle|137\/360
|-status|p1a: Marle|par
|cant|p1a: Marle|par
|
|-heal|p1a: Marle|159\/360 par|[from] item: Leftovers
|turn|6
|
|move|p2a: Galvantula|Thunder|p1a: Marle
|-damage|p1a: Marle|78\/360 par
|cant|p1a: Marle|par
|
|-heal|p1a: Marle|100\/360 par|[from] item: Leftovers
|turn|7
|
|cant|p1a: Marle|par
|move|p2a: Galvantula|Thunder|p1a: Marle
|-damage|p1a: Marle|27\/360 par
|
|-heal|p1a: Marle|49\/360 par|[from] item: Leftovers
|turn|8
|
|cant|p1a: Marle|par
|move|p2a: Galvantula|Thunder|p1a: Marle
|-damage|p1a: Marle|0 fnt
|faint|p1a: Marle
|
|c|âHoundkrow|omg
|c|âTobey Larone|what the actual fuck
|c|âHoundkrow|i cant believe that 
|
|switch|p1a: Griffith|Ampharos, M|374\/374
|-activate|p1a: Griffith|move: Sticky Web
|-unboost|p1a: Griffith|spe|1
|turn|9
|
|detailschange|p1a: Griffith|Ampharos-Mega, M
|message|Ampharos has Mega Evolved into Mega Ampharos!
|-ability|p1a: Griffith|Mold Breaker
|move|p2a: Galvantula|Bug Buzz|p1a: Griffith
|-damage|p1a: Griffith|293\/374
|move|p1a: Griffith|Dragon Pulse|p2a: Galvantula
|-damage|p2a: Galvantula|0 fnt
|faint|p2a: Galvantula
|
|
|switch|p2a: Hydreigon|Hydreigon, M, shiny|325\/325
|turn|10
|
|move|p2a: Hydreigon|Draco Meteor|p1a: Griffith
|-supereffective|p1a: Griffith
|-damage|p1a: Griffith|0 fnt
|-unboost|p2a: Hydreigon|spa|2
|faint|p1a: Griffith
|
|
|switch|p1a: PTSD|Forretress, M, shiny|354\/354
|-activate|p1a: PTSD|move: Sticky Web
|-unboost|p1a: PTSD|spe|1
|turn|11
|
|switch|p2a: Sableye|Sableye, M, shiny|304\/304
|move|p1a: PTSD|Stealth Rock|p2a: Sableye
|-sidestart|p2: Houndkrow|move: Stealth Rock
|
|turn|12
|
|switch|p1a: Richard Fist|Porygon-Z, shiny|312\/312
|-activate|p1a: Richard Fist|move: Sticky Web
|-unboost|p1a: Richard Fist|spe|1
|move|p2a: Sableye|Taunt|p1a: Richard Fist
|-start|p1a: Richard Fist|move: Taunt
|
|turn|13
|
|move|p1a: Richard Fist|Ice Beam|p2a: Sableye
|-damage|p2a: Sableye|205\/304
|move|p2a: Sableye|Knock Off|p1a: Richard Fist
|-damage|p1a: Richard Fist|185\/312
|-enditem|p1a: Richard Fist|Choice Scarf|[from] move: Knock Off|[of] p2a: Sableye
|
|-heal|p2a: Sableye|224\/304|[from] item: Leftovers
|turn|14
|
|move|p2a: Sableye|Will-O-Wisp|p1a: Richard Fist
|-status|p1a: Richard Fist|brn
|move|p1a: Richard Fist|Ice Beam|p2a: Sableye
|-damage|p2a: Sableye|123\/304
|
|-heal|p2a: Sableye|142\/304|[from] item: Leftovers
|-damage|p1a: Richard Fist|146\/312 brn|[from] brn
|turn|15
|
|move|p2a: Sableye|Recover|p2a: Sableye
|-heal|p2a: Sableye|294\/304
|move|p1a: Richard Fist|Ice Beam|p2a: Sableye
|-damage|p2a: Sableye|185\/304
|
|-heal|p2a: Sableye|204\/304|[from] item: Leftovers
|-damage|p1a: Richard Fist|107\/312 brn|[from] brn
|-end|p1a: Richard Fist|move: Taunt
|turn|16
|c|âTobey Larone|im just gonna leave, this match was bullshit from the beginning
|-message|Tobey Larone forfeited.
|
|win|Houndkrow
|raw|Ladder updating...
|leave|Tobey Larone
|player|p1