|join|Prof kenki
|join|Tobey Larone
|player|p1|Prof kenki|23
|player|p2|Tobey Larone|101
|gametype|singles
|gen|6
|tier|UU
|rated
|rule|Sleep Clause Mod: Limit one foe put to sleep
|rule|Species Clause: Limit one of each PokÃ©mon
|rule|OHKO Clause: OHKO moves are banned
|rule|Moody Clause: Moody is banned
|rule|Evasion Moves Clause: Evasion moves are banned
|rule|Endless Battle Clause: Forcing endless battles is banned
|rule|HP Percentage Mod: HP is shown in percentages
|clearpoke
|poke|p1|Entei, shiny
|poke|p1|Scrafty, F
|poke|p1|Honchkrow, M, shiny
|poke|p1|Shuckle, F
|poke|p1|Milotic, F, shiny
|poke|p1|Toxicroak, M
|poke|p2|Darmanitan, M
|poke|p2|Empoleon, M, shiny
|poke|p2|Florges, F
|poke|p2|Machamp, F
|poke|p2|Hippowdon, M
|poke|p2|Ampharos, M
|rule|Swagger Clause: Swagger is banned
|rule|Baton Pass Clause: Limit one PokÃ©mon knowing Baton Pass
|teampreview
|
|start
|switch|p1a: Shuckle|Shuckle, F|244\/244
|switch|p2a: Rosch|Darmanitan, M|351\/351
|turn|1
|
|move|p2a: Rosch|U-turn|p1a: Shuckle
|-damage|p1a: Shuckle|199\/244
|
|switch|p2a: Pengin|Empoleon, M, shiny|372\/372
|move|p1a: Shuckle|Stealth Rock|p2a: Pengin
|-sidestart|p2: Tobey Larone|move: Stealth Rock
|
|-heal|p1a: Shuckle|214\/244|[from] item: Leftovers
|turn|2
|
|move|p2a: Pengin|Defog|p1a: Shuckle
|-unboost|p1a: Shuckle|evasion|1
|-sideend|p2: Tobey Larone|Stealth Rock|[from] move: Defog|[of] p2a: Pengin
|move|p1a: Shuckle|Encore|p2a: Pengin
|-start|p2a: Pengin|Encore
|
|-heal|p1a: Shuckle|229\/244|[from] item: Leftovers
|turn|3
|
|switch|p2a: Griffith|Ampharos, M|370\/370
|move|p1a: Shuckle|Knock Off|p2a: Griffith
|-damage|p2a: Griffith|354\/370
|
|-heal|p1a: Shuckle|244\/244|[from] item: Leftovers
|turn|4
|
|detailschange|p2a: Griffith|Ampharos-Mega, M
|message|Ampharos has Mega Evolved into Mega Ampharos!
|-ability|p2a: Griffith|Mold Breaker
|move|p2a: Griffith|Volt Switch|p1a: Shuckle
|-damage|p1a: Shuckle|183\/244
|
|switch|p2a: Pengin|Empoleon, M, shiny|372\/372
|move|p1a: Shuckle|Stealth Rock|p2a: Pengin
|-sidestart|p2: Tobey Larone|move: Stealth Rock
|
|-heal|p1a: Shuckle|198\/244|[from] item: Leftovers
|turn|5
|
|switch|p1a: Toxicroak|Toxicroak, M|370\/370
|move|p2a: Pengin|Defog|p1a: Toxicroak
|-unboost|p1a: Toxicroak|evasion|1
|-sideend|p2: Tobey Larone|Stealth Rock|[from] move: Defog|[of] p2a: Pengin
|
|turn|6
|
|-singleturn|p1a: Toxicroak|move: Focus Punch
|switch|p2a: Griffith|Ampharos-Mega, M|354\/370
|-ability|p2a: Griffith|Mold Breaker
|move|p1a: Toxicroak|Focus Punch|p2a: Griffith
|-crit|p2a: Griffith
|-damage|p2a: Griffith|0 fnt
|faint|p2a: Griffith
|
|
|switch|p2a: Rosch|Darmanitan, M|351\/351
|turn|7
|
|switch|p1a: Milotic|Milotic, F, shiny|394\/394
|move|p2a: Rosch|U-turn|p1a: Milotic
|-damage|p1a: Milotic|309\/394
|
|switch|p2a: Jean-Claude|Machamp, F|384\/384
|
|-heal|p1a: Milotic|333\/394|[from] item: Leftovers
|turn|8
|
|switch|p1a: Toxicroak|Toxicroak, M|370\/370
|move|p2a: Jean-Claude|Knock Off|p1a: Toxicroak
|-resisted|p1a: Toxicroak
|-damage|p1a: Toxicroak|280\/370
|-enditem|p1a: Toxicroak|Black Sludge|[from] move: Knock Off|[of] p2a: Jean-Claude
|
|turn|9
|
|move|p1a: Toxicroak|Gunk Shot|p2a: Jean-Claude|[miss]
|-miss|p1a: Toxicroak|p2a: Jean-Claude
|move|p2a: Jean-Claude|Earthquake|p1a: Toxicroak
|-supereffective|p1a: Toxicroak
|-damage|p1a: Toxicroak|0 fnt
|faint|p1a: Toxicroak
|
|
|switch|p1a: Honchkrow|Honchkrow, M, shiny|404\/404
|turn|10
|
|switch|p2a: Marle|Florges, F|360\/360
|move|p1a: Honchkrow|Brave Bird|p2a: Marle
|-damage|p2a: Marle|69\/360
|-damage|p1a: Honchkrow|308\/404|[from] recoil|[of] p2a: Marle
|
|-heal|p2a: Marle|91\/360|[from] item: Leftovers
|turn|11
|
|switch|p1a: Entei|Entei, shiny|372\/372
|-ability|p1a: Entei|Pressure
|move|p2a: Marle|Protect|p2a: Marle
|-fail|p2a: Marle
|
|-heal|p2a: Marle|113\/360|[from] item: Leftovers
|turn|12
|
|move|p2a: Marle|Protect|p2a: Marle
|-singleturn|p2a: Marle|Protect
|move|p1a: Entei|Sacred Fire|p2a: Marle
|-activate|p2a: Marle|Protect
|
|-heal|p2a: Marle|135\/360|[from] item: Leftovers
|turn|13
|
|switch|p2a: Rosch|Darmanitan, M|351\/351
|move|p1a: Entei|Sacred Fire|p2a: Rosch|[miss]
|-miss|p1a: Entei|p2a: Rosch
|
|turn|14
|
|move|p2a: Rosch|Rock Slide|p1a: Entei
|-supereffective|p1a: Entei
|-damage|p1a: Entei|84\/372
|move|p1a: Entei|Stone Edge|p2a: Rosch
|-supereffective|p2a: Rosch
|-damage|p2a: Rosch|0 fnt
|faint|p2a: Rosch
|
|-heal|p1a: Entei|107\/372|[from] item: Leftovers
|
|switch|p2a: Pengin|Empoleon, M, shiny|372\/372
|turn|15
|
|switch|p1a: Shuckle|Shuckle, F|198\/244
|move|p2a: Pengin|Scald|p1a: Shuckle
|-supereffective|p1a: Shuckle
|-damage|p1a: Shuckle|120\/244
|-status|p1a: Shuckle|brn
|
|-heal|p1a: Shuckle|135\/244 brn|[from] item: Leftovers
|-damage|p1a: Shuckle|105\/244 brn|[from] brn
|turn|16
|
|move|p2a: Pengin|Scald|p1a: Shuckle
|-supereffective|p1a: Shuckle
|-damage|p1a: Shuckle|27\/244 brn
|move|p1a: Shuckle|Stealth Rock|p2a: Pengin
|-sidestart|p2: Tobey Larone|move: Stealth Rock
|
|-heal|p1a: Shuckle|42\/244 brn|[from] item: Leftovers
|-damage|p1a: Shuckle|12\/244 brn|[from] brn
|turn|17
|
|move|p2a: Pengin|Stealth Rock|p1a: Shuckle
|-sidestart|p1: Prof kenki|move: Stealth Rock
|move|p1a: Shuckle|Encore|p2a: Pengin
|-start|p2a: Pengin|Encore
|
|-heal|p1a: Shuckle|27\/244 brn|[from] item: Leftovers
|-damage|p1a: Shuckle|0 fnt|[from] brn
|faint|p1a: Shuckle
|
|switch|p1a: Scrafty|Scrafty, F|271\/271
|-damage|p1a: Scrafty|255\/271|[from] Stealth Rock
|turn|18
|
|switch|p2a: Jean-Claude|Machamp, F|384\/384
|-damage|p2a: Jean-Claude|360\/384|[from] Stealth Rock
|move|p1a: Scrafty|Dragon Dance|p1a: Scrafty
|-boost|p1a: Scrafty|atk|1
|-boost|p1a: Scrafty|spe|1
|
|-heal|p1a: Scrafty|271\/271|[from] item: Leftovers
|turn|19
|
|move|p1a: Scrafty|Drain Punch|p2a: Jean-Claude
|-damage|p2a: Jean-Claude|153\/384
|move|p2a: Jean-Claude|Close Combat|p1a: Scrafty
|-supereffective|p1a: Scrafty
|-damage|p1a: Scrafty|0 fnt
|-unboost|p2a: Jean-Claude|def|1
|-unboost|p2a: Jean-Claude|spd|1
|faint|p1a: Scrafty
|
|
|switch|p1a: Honchkrow|Honchkrow, M, shiny|308\/404
|-damage|p1a: Honchkrow|207\/404|[from] Stealth Rock
|turn|20
|
|move|p2a: Jean-Claude|Bullet Punch|p1a: Honchkrow
|-damage|p1a: Honchkrow|111\/404
|move|p1a: Honchkrow|Brave Bird|p2a: Jean-Claude
|-supereffective|p2a: Jean-Claude
|-damage|p2a: Jean-Claude|0 fnt
|-damage|p1a: Honchkrow|61\/404|[from] recoil|[of] p2a: Jean-Claude
|faint|p2a: Jean-Claude
|-boost|p1a: Honchkrow|atk|1|[from] ability: Moxie
|
|
|switch|p2a: Pengin|Empoleon, M, shiny|372\/372
|-damage|p2a: Pengin|349\/372|[from] Stealth Rock
|turn|21
|
|move|p1a: Honchkrow|Brave Bird|p2a: Pengin
|-resisted|p2a: Pengin
|-damage|p2a: Pengin|79\/372
|-damage|p1a: Honchkrow|0 fnt|[from] recoil|[of] p2a: Pengin
|faint|p1a: Honchkrow
|move|p2a: Pengin|Roar|p1: Honchkrow|[notarget]
|-notarget
|
|-heal|p2a: Pengin|102\/372|[from] item: Leftovers
|
|switch|p1a: Entei|Entei, shiny|107\/372
|-damage|p1a: Entei|14\/372|[from] Stealth Rock
|-ability|p1a: Entei|Pressure
|turn|22
|
|move|p1a: Entei|Sacred Fire|p2a: Pengin
|-damage|p2a: Pengin|0 fnt
|faint|p2a: Pengin
|
|-heal|p1a: Entei|37\/372|[from] item: Leftovers
|
|switch|p2a: Kinder|Hippowdon, M|420\/420
|-damage|p2a: Kinder|394\/420|[from] Stealth Rock
|-weather|Sandstorm
|turn|23
|
|move|p1a: Entei|Sacred Fire|p2a: Kinder
|-damage|p2a: Kinder|244\/420
|-status|p2a: Kinder|brn
|move|p2a: Kinder|Earthquake|p1a: Entei
|-supereffective|p1a: Entei
|-damage|p1a: Entei|0 fnt
|faint|p1a: Entei
|
|-weather|Sandstorm|[upkeep]
|-heal|p2a: Kinder|270\/420 brn|[from] item: Leftovers
|-damage|p2a: Kinder|218\/420 brn|[from] brn
|
|switch|p1a: Milotic|Milotic, F, shiny|333\/394
|-damage|p1a: Milotic|284\/394|[from] Stealth Rock
|turn|24
|
|move|p1a: Milotic|Scald|p2a: Kinder
|-supereffective|p2a: Kinder
|-damage|p2a: Kinder|0 fnt
|faint|p2a: Kinder
|
|-weather|Sandstorm|[upkeep]
|-damage|p1a: Milotic|260\/394|[from] sandstorm
|-heal|p1a: Milotic|284\/394|[from] item: Leftovers
|
|switch|p2a: Marle|Florges, F|135\/360
|-damage|p2a: Marle|90\/360|[from] Stealth Rock
|turn|25
|
|move|p1a: Milotic|Scald|p2a: Marle
|-damage|p2a: Marle|26\/360
|move|p2a: Marle|Wish|p2a: Marle
|
|-weather|Sandstorm|[upkeep]
|-damage|p1a: Milotic|260\/394|[from] sandstorm
|-damage|p2a: Marle|4\/360|[from] sandstorm
|-heal|p1a: Milotic|284\/394|[from] item: Leftovers
|-heal|p2a: Marle|26\/360|[from] item: Leftovers
|turn|26
|
|move|p2a: Marle|Protect|p2a: Marle
|-singleturn|p2a: Marle|Protect
|move|p1a: Milotic|Recover|p1a: Milotic
|-heal|p1a: Milotic|394\/394
|
|-weather|Sandstorm|[upkeep]
|-damage|p1a: Milotic|370\/394|[from] sandstorm
|-damage|p2a: Marle|4\/360|[from] sandstorm
|-heal|p2a: Marle|184\/360|[from] move: Wish|[wisher] Marle
|-heal|p1a: Milotic|394\/394|[from] item: Leftovers
|-heal|p2a: Marle|206\/360|[from] item: Leftovers
|turn|27
|
|move|p1a: Milotic|Scald|p2a: Marle
|-damage|p2a: Marle|137\/360
|move|p2a: Marle|Wish|p2a: Marle
|
|-weather|none
|-heal|p2a: Marle|159\/360|[from] item: Leftovers
|turn|28
|
|move|p1a: Milotic|Scald|p2a: Marle
|-damage|p2a: Marle|95\/360
|move|p2a: Marle|Moonblast|p1a: Milotic
|-damage|p1a: Milotic|301\/394
|
|-heal|p2a: Marle|275\/360|[from] move: Wish|[wisher] Marle
|-heal|p1a: Milotic|325\/394|[from] item: Leftovers
|-heal|p2a: Marle|297\/360|[from] item: Leftovers
|turn|29
|
|move|p1a: Milotic|Scald|p2a: Marle
|-damage|p2a: Marle|237\/360
|-status|p2a: Marle|brn
|move|p2a: Marle|Moonblast|p1a: Milotic
|-damage|p1a: Milotic|232\/394
|
|-heal|p1a: Milotic|256\/394|[from] item: Leftovers
|-heal|p2a: Marle|259\/360 brn|[from] item: Leftovers
|-damage|p2a: Marle|214\/360 brn|[from] brn
|turn|30
|
|move|p1a: Milotic|Recover|p1a: Milotic
|-heal|p1a: Milotic|394\/394
|move|p2a: Marle|Aromatherapy|p2a: Marle
|-cureteam|p2a: Marle|[from] move: Aromatherapy
|
|-heal|p2a: Marle|236\/360|[from] item: Leftovers
|turn|31
|
|move|p1a: Milotic|Scald|p2a: Marle
|-damage|p2a: Marle|166\/360
|move|p2a: Marle|Moonblast|p1a: Milotic
|-damage|p1a: Milotic|298\/394
|
|-heal|p1a: Milotic|322\/394|[from] item: Leftovers
|-heal|p2a: Marle|188\/360|[from] item: Leftovers
|turn|32
|
|move|p1a: Milotic|Scald|p2a: Marle
|-damage|p2a: Marle|127\/360
|move|p2a: Marle|Wish|p2a: Marle
|
|-heal|p1a: Milotic|346\/394|[from] item: Leftovers
|-heal|p2a: Marle|149\/360|[from] item: Leftovers
|turn|33
|
|move|p2a: Marle|Moonblast|p1a: Milotic
|-damage|p1a: Milotic|240\/394
|-unboost|p1a: Milotic|spa|1
|move|p1a: Milotic|Mirror Coat|p2a: Marle
|-damage|p2a: Marle|0 fnt
|faint|p2a: Marle
|
|win|Prof kenki
|raw|Ladder updating...
|raw|Prof kenki's rating: 1512 &rarr; <strong>1527<\/strong><br \/>(+15 for winning)
|raw|Tobey Larone's rating: 1426 &rarr; <strong>1411<\/strong><br \/>(-15 for losing)
|c|âProf kenki|gg
|c|âTobey Larone|gg