|join|Tobey Larone
|join|EnzoAmore
|player|p1|Tobey Larone|265
|player|p2|EnzoAmore|200
|gametype|singles
|gen|6
|tier|UU
|rated
|rule|Sleep Clause Mod: Limit one foe put to sleep
|rule|Species Clause: Limit one of each PokÃ©mon
|rule|OHKO Clause: OHKO moves are banned
|rule|Moody Clause: Moody is banned
|rule|Evasion Moves Clause: Evasion moves are banned
|rule|Endless Battle Clause: Forcing endless battles is banned
|rule|HP Percentage Mod: HP is shown in percentages
|clearpoke
|poke|p1|Darmanitan, M
|poke|p1|Empoleon, F, shiny
|poke|p1|Florges, F
|poke|p1|Machamp, F
|poke|p1|Hippowdon, M
|poke|p1|Ampharos, M
|poke|p2|Honchkrow, M
|poke|p2|Porygon2
|poke|p2|Cloyster, F
|poke|p2|Galvantula, M
|poke|p2|Azelf
|poke|p2|Nidoking, M
|rule|Swagger Clause: Swagger is banned
|rule|Baton Pass Clause: Limit one PokÃ©mon knowing Baton Pass
|teampreview
|
|start
|switch|p1a: Rosch|Darmanitan, M|351\/351
|switch|p2a: Galvantula|Galvantula, M|281\/281
|turn|1
|
|move|p1a: Rosch|U-turn|p2a: Galvantula
|-damage|p2a: Galvantula|131\/281
|
|switch|p1a: Marle|Florges, F|360\/360
|move|p2a: Galvantula|Sticky Web|p1a: Marle
|-sidestart|p1: Tobey Larone|move: Sticky Web
|
|turn|2
|
|move|p2a: Galvantula|Thunder|p1a: Marle
|-crit|p1a: Marle
|-damage|p1a: Marle|180\/360
|move|p1a: Marle|Moonblast|p2a: Galvantula
|-damage|p2a: Galvantula|0 fnt
|faint|p2a: Galvantula
|
|-heal|p1a: Marle|202\/360|[from] item: Leftovers
|
|switch|p2a: Cloyster|Cloyster, F|242\/242
|turn|3
|
|move|p2a: Cloyster|Shell Smash|p2a: Cloyster
|-boost|p2a: Cloyster|atk|2
|-boost|p2a: Cloyster|spa|2
|-boost|p2a: Cloyster|spe|2
|-unboost|p2a: Cloyster|def|1
|-unboost|p2a: Cloyster|spd|1
|move|p1a: Marle|Moonblast|p2a: Cloyster
|-crit|p2a: Cloyster
|-enditem|p2a: Cloyster|Focus Sash
|-damage|p2a: Cloyster|1\/242
|
|-heal|p1a: Marle|224\/360|[from] item: Leftovers
|turn|4
|
|move|p1a: Marle|Protect|p1a: Marle
|-singleturn|p1a: Marle|Protect
|move|p2a: Cloyster|Icicle Spear|p1a: Marle
|-activate|p1a: Marle|Protect
|
|-heal|p1a: Marle|246\/360|[from] item: Leftovers
|turn|5
|
|switch|p1a: Pengin|Empoleon, F, shiny|372\/372
|-activate|p1a: Pengin|move: Sticky Web
|-unboost|p1a: Pengin|spe|1
|move|p2a: Cloyster|Icicle Spear|p1a: Pengin
|-resisted|p1a: Pengin
|-damage|p1a: Pengin|350\/372
|-resisted|p1a: Pengin
|-damage|p1a: Pengin|327\/372
|-resisted|p1a: Pengin
|-damage|p1a: Pengin|305\/372
|-resisted|p1a: Pengin
|-damage|p1a: Pengin|285\/372
|-resisted|p1a: Pengin
|-damage|p1a: Pengin|263\/372
|-hitcount|p1a: Pengin|5
|
|-heal|p1a: Pengin|286\/372|[from] item: Leftovers
|turn|6
|
|move|p2a: Cloyster|Icicle Spear|p1a: Pengin
|-resisted|p1a: Pengin
|-damage|p1a: Pengin|265\/372
|-resisted|p1a: Pengin
|-damage|p1a: Pengin|245\/372
|-resisted|p1a: Pengin
|-damage|p1a: Pengin|223\/372
|-resisted|p1a: Pengin
|-damage|p1a: Pengin|199\/372
|-resisted|p1a: Pengin
|-damage|p1a: Pengin|176\/372
|-hitcount|p1a: Pengin|5
|move|p1a: Pengin|Defog|p2a: Cloyster
|-unboost|p2a: Cloyster|evasion|1
|-sideend|p1: Tobey Larone|Sticky Web|[from] move: Defog|[of] p1a: Pengin
|
|-heal|p1a: Pengin|199\/372|[from] item: Leftovers
|turn|7
|c|âEnzoAmore|No defiant?
|c|âTobey Larone|i forgot this even got that
|
|move|p2a: Cloyster|Icicle Spear|p1a: Pengin
|-resisted|p1a: Pengin
|-damage|p1a: Pengin|178\/372
|-resisted|p1a: Pengin
|-damage|p1a: Pengin|156\/372
|-resisted|p1a: Pengin
|-damage|p1a: Pengin|135\/372
|-crit|p1a: Pengin
|-resisted|p1a: Pengin
|-damage|p1a: Pengin|102\/372
|-resisted|p1a: Pengin
|-damage|p1a: Pengin|81\/372
|-hitcount|p1a: Pengin|5
|move|p1a: Pengin|Stealth Rock|p2a: Cloyster
|-sidestart|p2: EnzoAmore|move: Stealth Rock
|
|-heal|p1a: Pengin|104\/372|[from] item: Leftovers
|turn|8
|c|âEnzoAmore|haha would have been decent to have here
|c|âEnzoAmore|please tell me you have aqua jet
|c|âTobey Larone|true, but empoleon's more of a special attacker right?
|c|âTobey Larone|no aqua jet lol
|
|move|p2a: Cloyster|Icicle Spear|p1a: Pengin
|-resisted|p1a: Pengin
|-damage|p1a: Pengin|83\/372
|-crit|p1a: Pengin
|-resisted|p1a: Pengin
|-damage|p1a: Pengin|49\/372
|-resisted|p1a: Pengin
|-damage|p1a: Pengin|27\/372
|-resisted|p1a: Pengin
|-damage|p1a: Pengin|6\/372
|-resisted|p1a: Pengin
|-damage|p1a: Pengin|0 fnt
|-hitcount|p1a: Pengin|5
|faint|p1a: Pengin
|
|
|switch|p1a: Jean-Claude|Machamp, F|384\/384
|turn|9
|c|âEnzoAmore|yeah he is but defiant makes his attack really good
|
|move|p1a: Jean-Claude|Bullet Punch|p2a: Cloyster
|-damage|p2a: Cloyster|0 fnt
|faint|p2a: Cloyster
|
|
|switch|p2a: Azelf|Azelf|291\/291
|-damage|p2a: Azelf|255\/291|[from] Stealth Rock
|turn|10
|c|âTobey Larone|maybe ill try it out on some trick room team or something eventually
|
|move|p2a: Azelf|Zen Headbutt|p1a: Jean-Claude
|-supereffective|p1a: Jean-Claude
|-damage|p1a: Jean-Claude|0 fnt
|-damage|p2a: Azelf|226\/291|[from] item: Life Orb
|faint|p1a: Jean-Claude
|
|
|switch|p1a: Rosch|Darmanitan, M|351\/351
|turn|11
|c|âEnzoAmore|if you can get the defiant boost+ swords dance he can just about sweep with Aqua Jet
|
|move|p1a: Rosch|U-turn|p2a: Azelf
|-supereffective|p2a: Azelf
|-damage|p2a: Azelf|0 fnt
|faint|p2a: Azelf
|c|âTobey Larone|guess i'll have to give it a shot haha
|c|âTobey Larone|has it worked for you?
|c|âEnzoAmore|yeah i used it for a couple tourneys on here before
|
|switch|p1a: Marle|Florges, F|246\/360
|
|-heal|p1a: Marle|268\/360|[from] item: Leftovers
|c|âTobey Larone|oh shit i forgot to pick something to go into, i though i was waiting on you sorry
|c|âEnzoAmore|haha its cool
|
|switch|p2a: Nidoking|Nidoking, M|304\/304
|-damage|p2a: Nidoking|285\/304|[from] Stealth Rock
|turn|12
|
|move|p1a: Marle|Protect|p1a: Marle
|-singleturn|p1a: Marle|Protect
|move|p2a: Nidoking|Sludge Wave|p1a: Marle
|-activate|p1a: Marle|Protect
|
|-heal|p1a: Marle|290\/360|[from] item: Leftovers
|turn|13
|
|switch|p1a: Griffith|Ampharos, M|370\/370
|move|p2a: Nidoking|Sludge Wave|p1a: Griffith
|-damage|p1a: Griffith|195\/370
|
|turn|14
|
|detailschange|p1a: Griffith|Ampharos-Mega, M
|message|Ampharos has Mega Evolved into Mega Ampharos!
|-ability|p1a: Griffith|Mold Breaker
|move|p2a: Nidoking|Sludge Wave|p1a: Griffith
|-damage|p1a: Griffith|44\/370
|move|p1a: Griffith|Dragon Pulse|p2a: Nidoking
|-damage|p2a: Nidoking|38\/304
|
|turn|15
|
|move|p2a: Nidoking|Sludge Wave|p1a: Griffith
|-damage|p1a: Griffith|0 fnt
|faint|p1a: Griffith
|
|
|switch|p1a: Rosch|Darmanitan, M|351\/351
|turn|16
|
|move|p2a: Nidoking|Sludge Wave|p1a: Rosch
|-damage|p1a: Rosch|90\/351
|move|p1a: Rosch|Flare Blitz|p2a: Nidoking
|-damage|p2a: Nidoking|0 fnt
|-damage|p1a: Rosch|77\/351|[from] recoil|[of] p2a: Nidoking
|faint|p2a: Nidoking
|
|
|switch|p2a: Honchkrow|Honchkrow, M|404\/404
|-damage|p2a: Honchkrow|303\/404|[from] Stealth Rock
|turn|17
|
|switch|p1a: Kinder|Hippowdon, M|420\/420
|-weather|Sandstorm
|move|p2a: Honchkrow|Sucker Punch|p1a: Kinder
|-fail|p1a: Kinder
|
|-weather|Sandstorm|[upkeep]
|-damage|p2a: Honchkrow|278\/404|[from] sandstorm
|turn|18
|
|switch|p2a: Porygon2|Porygon2|374\/374
|-damage|p2a: Porygon2|328\/374|[from] Stealth Rock
|move|p1a: Kinder|Stone Edge|p2a: Porygon2
|-damage|p2a: Porygon2|242\/374
|
|-weather|Sandstorm|[upkeep]
|-damage|p2a: Porygon2|219\/374|[from] sandstorm
|turn|19
|
|move|p2a: Porygon2|Ice Beam|p1a: Kinder
|-supereffective|p1a: Kinder
|-damage|p1a: Kinder|164\/420
|move|p1a: Kinder|Earthquake|p2a: Porygon2
|-damage|p2a: Porygon2|86\/374
|
|-weather|Sandstorm|[upkeep]
|-damage|p2a: Porygon2|63\/374|[from] sandstorm
|-heal|p1a: Kinder|190\/420|[from] item: Leftovers
|turn|20
|
|move|p2a: Porygon2|Recover|p2a: Porygon2
|-heal|p2a: Porygon2|250\/374
|move|p1a: Kinder|Earthquake|p2a: Porygon2
|-damage|p2a: Porygon2|123\/374
|
|-weather|Sandstorm|[upkeep]
|-damage|p2a: Porygon2|100\/374|[from] sandstorm
|-heal|p1a: Kinder|216\/420|[from] item: Leftovers
|turn|21
|
|move|p2a: Porygon2|Recover|p2a: Porygon2
|-heal|p2a: Porygon2|287\/374
|move|p1a: Kinder|Earthquake|p2a: Porygon2
|-damage|p2a: Porygon2|149\/374
|
|-weather|none
|-heal|p1a: Kinder|242\/420|[from] item: Leftovers
|turn|22
|
|move|p2a: Porygon2|Ice Beam|p1a: Kinder
|-supereffective|p1a: Kinder
|-damage|p1a: Kinder|0 fnt
|faint|p1a: Kinder
|
|
|switch|p1a: Rosch|Darmanitan, M|77\/351
|turn|23
|
|move|p1a: Rosch|Flare Blitz|p2a: Porygon2
|-damage|p2a: Porygon2|0 fnt
|-damage|p1a: Rosch|28\/351|[from] recoil|[of] p2a: Porygon2
|faint|p2a: Porygon2
|
|
|switch|p2a: Honchkrow|Honchkrow, M|278\/404
|-damage|p2a: Honchkrow|177\/404|[from] Stealth Rock
|turn|24
|
|move|p2a: Honchkrow|Pursuit|p1a: Rosch|[from]Pursuit
|-damage|p1a: Rosch|0 fnt
|faint|p1a: Rosch
|-boost|p2a: Honchkrow|atk|1|[from] ability: Moxie
|
|
|switch|p1a: Marle|Florges, F|290\/360
|turn|25
|
|move|p1a: Marle|Moonblast|p2a: Honchkrow
|-supereffective|p2a: Honchkrow
|-damage|p2a: Honchkrow|0 fnt
|faint|p2a: Honchkrow
|
|win|Tobey Larone
|raw|Ladder updating...
|c|âEnzoAmore|nooo
|c|âEnzoAmore|gg
|c|âTobey Larone|gg man
|raw|Tobey Larone's rating: 1382 &rarr; <strong>1395<\/strong><br \/>(+13 for winning)
|raw|EnzoAmore's rating: 1248 &rarr; <strong>1233<\/strong><br \/>(-15 for losing)