|join|AcidBurnz
|join|bibooo
|player|p1|AcidBurnz|161
|player|p2|bibooo|8
|gametype|singles
|gen|6
|tier|ORAS OU
|rated
|rule|Sleep Clause Mod: Limit one foe put to sleep
|rule|Species Clause: Limit one of each PokÃ©mon
|rule|OHKO Clause: OHKO moves are banned
|rule|Moody Clause: Moody is banned
|rule|Evasion Moves Clause: Evasion moves are banned
|rule|Endless Battle Clause: Forcing endless battles is banned
|rule|HP Percentage Mod: HP is shown in percentages
|clearpoke
|poke|p1|Salamence, F
|poke|p1|Ferrothorn, F
|poke|p1|Victini
|poke|p1|Greninja, M
|poke|p1|Latias, F
|poke|p1|Weavile, F
|poke|p2|Salamence, M
|poke|p2|Landorus-Therian, M
|poke|p2|Magnezone
|poke|p2|Greninja, F
|poke|p2|Clefable, M
|poke|p2|Ferrothorn, M
|rule|Swagger Clause: Swagger is banned
|rule|Baton Pass Clause: Limit one PokÃ©mon knowing Baton Pass
|teampreview
|
|start
|switch|p1a: Salamence|Salamence, F|339\/339
|switch|p2a: Magnezone|Magnezone|282\/282
|-ability|p1a: Salamence|Intimidate|[of] p2a: Magnezone
|-unboost|p2a: Magnezone|atk|1
|turn|1
|
|detailschange|p1a: Salamence|Salamence-Mega, F
|message|Salamence has Mega Evolved into Mega Salamence!
|move|p2a: Magnezone|Volt Switch|p1a: Salamence
|-damage|p1a: Salamence|201\/339
|
|switch|p2a: Clefable|Clefable, M|394\/394
|move|p1a: Salamence|Fire Blast|p2a: Clefable|[miss]
|-miss|p1a: Salamence|p2a: Clefable
|
|turn|2
|
|switch|p1a: Victini|Victini|342\/342
|move|p2a: Clefable|Moonblast|p1a: Victini
|-resisted|p1a: Victini
|-damage|p1a: Victini|286\/342
|
|turn|3
|
|move|p1a: Victini|V-create|p2a: Clefable
|-damage|p2a: Clefable|150\/394
|-unboost|p1a: Victini|def|1
|-unboost|p1a: Victini|spd|1
|-unboost|p1a: Victini|spe|1
|move|p2a: Clefable|Soft-Boiled|p2a: Clefable
|-heal|p2a: Clefable|347\/394
|
|-heal|p2a: Clefable|371\/394|[from] item: Leftovers
|turn|4
|
|move|p1a: Victini|V-create|p2a: Clefable
|-damage|p2a: Clefable|130\/394
|-unboost|p1a: Victini|def|1
|-unboost|p1a: Victini|spd|1
|-unboost|p1a: Victini|spe|1
|move|p2a: Clefable|Soft-Boiled|p2a: Clefable
|-heal|p2a: Clefable|327\/394
|
|-heal|p2a: Clefable|351\/394|[from] item: Leftovers
|turn|5
|
|move|p1a: Victini|V-create|p2a: Clefable
|-damage|p2a: Clefable|95\/394
|-unboost|p1a: Victini|def|1
|-unboost|p1a: Victini|spd|1
|-unboost|p1a: Victini|spe|1
|move|p2a: Clefable|Soft-Boiled|p2a: Clefable
|-heal|p2a: Clefable|292\/394
|
|-heal|p2a: Clefable|316\/394|[from] item: Leftovers
|turn|6
|
|move|p1a: Victini|V-create|p2a: Clefable
|-damage|p2a: Clefable|72\/394
|-unboost|p1a: Victini|def|1
|-unboost|p1a: Victini|spd|1
|-unboost|p1a: Victini|spe|1
|move|p2a: Clefable|Soft-Boiled|p2a: Clefable
|-heal|p2a: Clefable|269\/394
|
|-heal|p2a: Clefable|293\/394|[from] item: Leftovers
|turn|7
|
|switch|p1a: Greninja|Greninja, M|285\/285
|move|p2a: Clefable|Moonblast|p1a: Greninja
|-supereffective|p1a: Greninja
|-damage|p1a: Greninja|9\/285
|
|-heal|p2a: Clefable|317\/394|[from] item: Leftovers
|turn|8
|
|switch|p2a: Ferrothorn|Ferrothorn, M|352\/352
|move|p1a: Greninja|Ice Beam|p2a: Ferrothorn
|-start|p1a: Greninja|typechange|Ice|[from] Protean
|-damage|p2a: Ferrothorn|219\/352
|-damage|p1a: Greninja|0 fnt|[from] item: Life Orb
|faint|p1a: Greninja
|
|
|switch|p1a: Salamence|Salamence-Mega, F|201\/339
|turn|9
|
|move|p1a: Salamence|Fire Blast|p2a: Ferrothorn
|-supereffective|p2a: Ferrothorn
|-damage|p2a: Ferrothorn|0 fnt
|faint|p2a: Ferrothorn
|
|
|switch|p2a: Greninja|Greninja, F|285\/285
|turn|10
|
|switch|p1a: Ferrothorn|Ferrothorn, F|352\/352
|move|p2a: Greninja|Ice Beam|p1a: Ferrothorn
|-start|p2a: Greninja|typechange|Ice|[from] Protean
|-damage|p1a: Ferrothorn|199\/352
|-damage|p2a: Greninja|257\/285|[from] item: Life Orb
|
|turn|11
|
|switch|p2a: Salamence|Salamence, M|331\/331
|-ability|p2a: Salamence|Intimidate|[of] p1a: Ferrothorn
|-unboost|p1a: Ferrothorn|atk|1
|move|p1a: Ferrothorn|Protect|p1a: Ferrothorn
|-fail|p1a: Ferrothorn
|
|turn|12
|
|switch|p1a: Weavile|Weavile, F|281\/281
|-ability|p1a: Weavile|Pressure
|detailschange|p2a: Salamence|Salamence-Mega, M
|message|Salamence has Mega Evolved into Mega Salamence!
|move|p2a: Salamence|Substitute|p2a: Salamence
|-start|p2a: Salamence|Substitute
|-damage|p2a: Salamence|249\/331
|
|turn|13
|
|move|p1a: Weavile|Ice Shard|p2a: Salamence
|-supereffective|p2a: Salamence
|-end|p2a: Salamence|Substitute
|move|p2a: Salamence|Frustration|p1a: Weavile
|-crit|p1a: Weavile
|-enditem|p1a: Weavile|Focus Sash
|-damage|p1a: Weavile|1\/281
|
|turn|14
|
|switch|p2a: Clefable|Clefable, M|317\/394
|move|p1a: Weavile|Ice Shard|p2a: Clefable
|-damage|p2a: Clefable|257\/394
|
|-heal|p2a: Clefable|281\/394|[from] item: Leftovers
|turn|15
|
|move|p1a: Weavile|Knock Off|p2a: Clefable
|-resisted|p2a: Clefable
|-damage|p2a: Clefable|206\/394
|-enditem|p2a: Clefable|Leftovers|[from] move: Knock Off|[of] p1a: Weavile
|move|p2a: Clefable|Moonblast|p1a: Weavile
|-supereffective|p1a: Weavile
|-damage|p1a: Weavile|0 fnt
|faint|p1a: Weavile
|
|
|switch|p1a: Salamence|Salamence-Mega, F|201\/339
|turn|16
|
|move|p1a: Salamence|Hyper Voice|p2a: Clefable
|-crit|p2a: Clefable
|-damage|p2a: Clefable|0 fnt
|faint|p2a: Clefable
|
|
|switch|p2a: Greninja|Greninja, F|257\/285
|turn|17
|
|switch|p1a: Victini|Victini|286\/342
|move|p2a: Greninja|Ice Beam|p1a: Victini
|-start|p2a: Greninja|typechange|Ice|[from] Protean
|-resisted|p1a: Victini
|-damage|p1a: Victini|202\/342
|-damage|p2a: Greninja|229\/285|[from] item: Life Orb
|
|turn|18
|
|switch|p2a: Landorus-Therian|Landorus-Therian, M|323\/323
|-ability|p2a: Landorus-Therian|Intimidate|[of] p1a: Victini
|-unboost|p1a: Victini|atk|1
|move|p1a: Victini|V-create|p2a: Landorus-Therian
|-damage|p2a: Landorus-Therian|121\/323
|-unboost|p1a: Victini|def|1
|-unboost|p1a: Victini|spd|1
|-unboost|p1a: Victini|spe|1
|
|turn|19
|
|switch|p1a: Ferrothorn|Ferrothorn, F|199\/352
|move|p2a: Landorus-Therian|U-turn|p1a: Ferrothorn
|-crit|p1a: Ferrothorn
|-damage|p1a: Ferrothorn|113\/352
|-damage|p2a: Landorus-Therian|81\/323|[from] ability: Iron Barbs|[of] p1a: Ferrothorn
|
|switch|p2a: Salamence|Salamence-Mega, M|249\/331
|
|turn|20
|
|move|p2a: Salamence|Dragon Dance|p2a: Salamence
|-boost|p2a: Salamence|atk|1
|-boost|p2a: Salamence|spe|1
|move|p1a: Ferrothorn|Gyro Ball|p2a: Salamence
|-damage|p2a: Salamence|126\/331
|
|turn|21
|
|move|p2a: Salamence|Roost|p2a: Salamence
|-heal|p2a: Salamence|292\/331
|move|p1a: Ferrothorn|Gyro Ball|p2a: Salamence
|-damage|p2a: Salamence|147\/331
|
|turn|22
|
|move|p2a: Salamence|Substitute|p2a: Salamence
|-start|p2a: Salamence|Substitute
|-damage|p2a: Salamence|65\/331
|move|p1a: Ferrothorn|Leech Seed|p2a: Salamence
|
|turn|23
|
|move|p2a: Salamence|Roost|p2a: Salamence
|-heal|p2a: Salamence|231\/331
|move|p1a: Ferrothorn|Gyro Ball|p2a: Salamence
|-end|p2a: Salamence|Substitute
|
|turn|24
|
|move|p2a: Salamence|Roost|p2a: Salamence
|-heal|p2a: Salamence|331\/331
|move|p1a: Ferrothorn|Gyro Ball|p2a: Salamence
|-damage|p2a: Salamence|193\/331
|
|turn|25
|
|move|p2a: Salamence|Roost|p2a: Salamence
|-heal|p2a: Salamence|331\/331
|move|p1a: Ferrothorn|Gyro Ball|p2a: Salamence
|-damage|p2a: Salamence|201\/331
|
|turn|26
|
|move|p2a: Salamence|Roost|p2a: Salamence
|-heal|p2a: Salamence|331\/331
|move|p1a: Ferrothorn|Leech Seed|p2a: Salamence
|-start|p2a: Salamence|move: Leech Seed
|
|-damage|p2a: Salamence|290\/331|[from] Leech Seed|[of] p1a: Ferrothorn
|-heal|p1a: Ferrothorn|154\/352|[silent]
|turn|27
|
|move|p2a: Salamence|Frustration|p1a: Ferrothorn
|-damage|p1a: Ferrothorn|0 fnt
|-damage|p2a: Salamence|249\/331|[from] ability: Iron Barbs|[of] p1a: Ferrothorn
|faint|p1a: Ferrothorn
|
|
|switch|p1a: Victini|Victini|202\/342
|turn|28
|
|move|p2a: Salamence|Frustration|p1a: Victini
|-damage|p1a: Victini|0 fnt
|faint|p1a: Victini
|
|-message|AcidBurnz forfeited.
|
|win|bibooo
|raw|Ladder updating...
|raw|AcidBurnz's rating: 1363 &rarr; <strong>1341<\/strong><br \/>(-22 for losing)
|raw|bibooo's rating: 1329 &rarr; <strong>1351<\/strong><br \/>(+22 for winning)