|join|AcidBurnz
|join|MegaSharp
|player|p1|AcidBurnz|161
|player|p2|MegaSharp|232
|gametype|singles
|gen|6
|tier|OU
|rated
|clearpoke
|poke|p1|Gyarados, M
|poke|p1|Thundurus, M
|poke|p1|Latios, M
|poke|p1|Ferrothorn, F
|poke|p1|Garchomp, M
|poke|p1|Heatran, M
|poke|p2|Sharpedo, F
|poke|p2|Azumarill, F
|poke|p2|Garchomp, F
|poke|p2|Magneton
|poke|p2|Gengar, F
|poke|p2|Landorus-Therian, M
|rule|Swagger Clause: Swagger is banned
|rule|Baton Pass Clause: Limit one PokÃ©mon knowing Baton Pass
|rule|Sleep Clause Mod: Limit one foe put to sleep
|rule|Species Clause: Limit one of each PokÃ©mon
|rule|OHKO Clause: OHKO moves are banned
|rule|Moody Clause: Moody is banned
|rule|Evasion Moves Clause: Evasion moves are banned
|rule|Endless Battle Clause: Forcing endless battles is banned
|rule|HP Percentage Mod: HP is shown in percentages
|teampreview
|c|âAcidBurnz|that mag trap doe
|join|Jason10005
|join|Hidden Machine 02
|
|start
|switch|p1a: Ferrothorn|Ferrothorn, F|352\/352
|switch|p2a: Garchomp|Garchomp, F|357\/357
|turn|1
|
|move|p2a: Garchomp|Stealth Rock|p1a: Ferrothorn
|-sidestart|p1: AcidBurnz|move: Stealth Rock
|move|p1a: Ferrothorn|Stealth Rock|p2a: Garchomp
|-sidestart|p2: MegaSharp|move: Stealth Rock
|
|turn|2
|leave|MegaSharp
|player|p2
|join|MegaSharp
|player|p2|MegaSharp|232
|
|move|p2a: Garchomp|Swords Dance|p2a: Garchomp
|-boost|p2a: Garchomp|atk|2
|move|p1a: Ferrothorn|Leech Seed|p2a: Garchomp
|-start|p2a: Garchomp|move: Leech Seed
|
|-damage|p2a: Garchomp|313\/357|[from] Leech Seed|[of] p1a: Ferrothorn
|turn|3
|
|move|p2a: Garchomp|Earthquake|p1a: Ferrothorn
|-damage|p1a: Ferrothorn|126\/352
|move|p1a: Ferrothorn|Gyro Ball|p2a: Garchomp
|-damage|p2a: Garchomp|144\/357
|-damage|p1a: Ferrothorn|82\/352|[from] ability: Rough Skin|[of] p2a: Garchomp
|
|-damage|p2a: Garchomp|100\/357|[from] Leech Seed|[of] p1a: Ferrothorn
|-heal|p1a: Ferrothorn|126\/352|[silent]
|turn|4
|
|move|p1a: Ferrothorn|Protect|p1a: Ferrothorn
|-singleturn|p1a: Ferrothorn|Protect
|move|p2a: Garchomp|Outrage|p1a: Ferrothorn
|-activate|p1a: Ferrothorn|Protect
|
|-damage|p2a: Garchomp|56\/357|[from] Leech Seed|[of] p1a: Ferrothorn
|-heal|p1a: Ferrothorn|170\/352|[silent]
|turn|5
|
|move|p1a: Ferrothorn|Protect|p1a: Ferrothorn
|-fail|p1a: Ferrothorn
|move|p2a: Garchomp|Outrage|p1a: Ferrothorn
|-resisted|p1a: Ferrothorn
|-damage|p1a: Ferrothorn|43\/352
|-damage|p2a: Garchomp|12\/357|[from] ability: Iron Barbs|[of] p1a: Ferrothorn
|
|-damage|p2a: Garchomp|0 fnt|[from] Leech Seed|[of] p1a: Ferrothorn
|-heal|p1a: Ferrothorn|55\/352|[silent]
|faint|p2a: Garchomp
|
|switch|p2a: Gengar|Gengar, F|262\/262
|-damage|p2a: Gengar|230\/262|[from] Stealth Rock
|turn|6
|
|move|p2a: Gengar|Shadow Ball|p1a: Ferrothorn
|-damage|p1a: Ferrothorn|0 fnt
|-damage|p2a: Gengar|204\/262|[from] item: Life Orb
|faint|p1a: Ferrothorn
|
|
|switch|p1a: Thundurus|Thundurus, M|299\/299
|-damage|p1a: Thundurus|225\/299|[from] Stealth Rock
|turn|7
|
|switch|p2a: Magneton|Magneton|242\/242
|-damage|p2a: Magneton|227\/242|[from] Stealth Rock
|move|p1a: Thundurus|Thunderbolt|p2a: Magneton
|-resisted|p2a: Magneton
|-damage|p2a: Magneton|83\/242
|-damage|p1a: Thundurus|196\/299|[from] item: Life Orb
|
|turn|8
|
|switch|p2a: Landorus-Therian|Landorus-Therian, M|319\/319
|-damage|p2a: Landorus-Therian|280\/319|[from] Stealth Rock
|-ability|p2a: Landorus-Therian|Intimidate|[of] p1a: Thundurus
|-unboost|p1a: Thundurus|atk|1
|switch|p1a: Garchomp|Garchomp, M|358\/358
|-damage|p1a: Garchomp|336\/358|[from] Stealth Rock
|
|turn|9
|
|move|p1a: Garchomp|Iron Head|p2a: Landorus-Therian
|-damage|p2a: Landorus-Therian|177\/319
|cant|p2a: Landorus-Therian|flinch
|
|turn|10
|
|move|p1a: Garchomp|Iron Head|p2a: Landorus-Therian
|-damage|p2a: Landorus-Therian|72\/319
|cant|p2a: Landorus-Therian|flinch
|
|turn|11
|c|âMegaSharp|dude
|c|âMegaSharp|fuck off
|c|âAcidBurnz|lololol
|c|âMegaSharp|now i just lose
|
|switch|p2a: Magneton|Magneton|83\/242
|-damage|p2a: Magneton|68\/242|[from] Stealth Rock
|move|p1a: Garchomp|Iron Head|p2a: Magneton
|-resisted|p2a: Magneton
|-damage|p2a: Magneton|43\/242
|
|turn|12
|c|âMegaSharp|sigh
|
|switch|p1a: Heatran|Heatran, M|386\/386
|-damage|p1a: Heatran|338\/386|[from] Stealth Rock
|move|p2a: Magneton|Volt Switch|p1a: Heatran
|-damage|p1a: Heatran|260\/386
|
|switch|p2a: Sharpedo|Sharpedo, F|281\/281
|-damage|p2a: Sharpedo|246\/281|[from] Stealth Rock
|
|-heal|p1a: Heatran|284\/386|[from] item: Leftovers
|turn|13
|
|switch|p1a: Gyarados|Gyarados, M|331\/331
|-damage|p1a: Gyarados|249\/331|[from] Stealth Rock
|-ability|p1a: Gyarados|Intimidate|[of] p2a: Sharpedo
|-unboost|p2a: Sharpedo|atk|1
|move|p2a: Sharpedo|Waterfall|p1a: Gyarados
|-resisted|p1a: Gyarados
|-damage|p1a: Gyarados|185\/331
|
|-boost|p2a: Sharpedo|spe|1|[from] ability: Speed Boost
|turn|14
|
|switch|p2a: Landorus-Therian|Landorus-Therian, M|72\/319
|-damage|p2a: Landorus-Therian|33\/319|[from] Stealth Rock
|-ability|p2a: Landorus-Therian|Intimidate|[of] p1a: Gyarados
|-unboost|p1a: Gyarados|atk|1
|detailschange|p1a: Gyarados|Gyarados-Mega, M
|message|Gyarados has Mega Evolved into Mega Gyarados!
|-ability|p1a: Gyarados|Mold Breaker
|move|p1a: Gyarados|Dragon Dance|p1a: Gyarados
|-boost|p1a: Gyarados|atk|1
|-boost|p1a: Gyarados|spe|1
|
|turn|15
|
|move|p2a: Landorus-Therian|Earthquake|p1a: Gyarados
|-damage|p1a: Gyarados|20\/331
|move|p1a: Gyarados|Crunch|p2a: Landorus-Therian
|-damage|p2a: Landorus-Therian|0 fnt
|faint|p2a: Landorus-Therian
|
|
|switch|p2a: Azumarill|Azumarill, F|403\/403
|-damage|p2a: Azumarill|353\/403|[from] Stealth Rock
|turn|16
|
|move|p2a: Azumarill|Aqua Jet|p1a: Gyarados
|-resisted|p1a: Gyarados
|-damage|p1a: Gyarados|0 fnt
|faint|p1a: Gyarados
|
|
|switch|p1a: Latios|Latios, M|302\/302
|-damage|p1a: Latios|265\/302|[from] Stealth Rock
|turn|17
|
|switch|p2a: Magneton|Magneton|43\/242
|-damage|p2a: Magneton|28\/242|[from] Stealth Rock
|move|p1a: Latios|Defog|p2a: Magneton
|-unboost|p2a: Magneton|evasion|1
|-sideend|p2: MegaSharp|Stealth Rock|[from] move: Defog|[of] p2a: Magneton
|-sideend|p1: AcidBurnz|Stealth Rock|[from] move: Defog|[of] p1a: Latios
|
|turn|18
|
|move|p2a: Magneton|Flash Cannon|p1a: Latios
|-damage|p1a: Latios|142\/302
|move|p1a: Latios|Psyshock|p2a: Magneton
|-resisted|p2a: Magneton
|-damage|p2a: Magneton|0 fnt
|-damage|p1a: Latios|112\/302|[from] item: Life Orb
|faint|p2a: Magneton
|
|
|switch|p2a: Sharpedo|Sharpedo, F|246\/281
|turn|19
|
|move|p2a: Sharpedo|Protect|p2a: Sharpedo
|-singleturn|p2a: Sharpedo|Protect
|move|p1a: Latios|Draco Meteor|p2a: Sharpedo
|-activate|p2a: Sharpedo|Protect
|
|-boost|p2a: Sharpedo|spe|1|[from] ability: Speed Boost
|turn|20
|
|move|p2a: Sharpedo|Crunch|p1a: Latios
|-supereffective|p1a: Latios
|-damage|p1a: Latios|0 fnt
|faint|p1a: Latios
|
|-boost|p2a: Sharpedo|spe|1|[from] ability: Speed Boost
|
|switch|p1a: Thundurus|Thundurus, M|196\/299
|turn|21
|
|switch|p2a: Gengar|Gengar, F|204\/262
|move|p1a: Thundurus|Thunder Wave|p2a: Gengar
|-status|p2a: Gengar|par
|
|turn|22
|
|move|p1a: Thundurus|Thunderbolt|p2a: Gengar
|-damage|p2a: Gengar|0 fnt
|-damage|p1a: Thundurus|167\/299|[from] item: Life Orb
|faint|p2a: Gengar
|
|
|switch|p2a: Azumarill|Azumarill, F|353\/403
|turn|23
|
|switch|p1a: Heatran|Heatran, M|284\/386
|move|p2a: Azumarill|Aqua Jet|p1a: Heatran
|-supereffective|p1a: Heatran
|-damage|p1a: Heatran|102\/386
|
|-heal|p1a: Heatran|126\/386|[from] item: Leftovers
|turn|24
|
|move|p2a: Azumarill|Aqua Jet|p1a: Heatran
|-supereffective|p1a: Heatran
|-damage|p1a: Heatran|0 fnt
|faint|p1a: Heatran
|
|
|switch|p1a: Garchomp|Garchomp, M|336\/358
|turn|25
|
|move|p1a: Garchomp|Earthquake|p2a: Azumarill
|-crit|p2a: Azumarill
|-damage|p2a: Azumarill|47\/403
|move|p2a: Azumarill|Play Rough|p1a: Garchomp|[miss]
|-miss|p2a: Azumarill|p1a: Garchomp
|
|turn|26
|
|move|p2a: Azumarill|Aqua Jet|p1a: Garchomp
|-damage|p1a: Garchomp|252\/358
|-damage|p2a: Azumarill|0 fnt|[from] ability: Rough Skin|[of] p1a: Garchomp
|faint|p2a: Azumarill
|move|p1a: Garchomp|Earthquake|p2: Azumarill|[notarget]
|-notarget
|
|
|switch|p2a: Sharpedo|Sharpedo, F|246\/281
|turn|27
|c|âAcidBurnz|gg
|c|âMegaSharp|fuck off
|
|move|p2a: Sharpedo|Protect|p2a: Sharpedo
|-singleturn|p2a: Sharpedo|Protect
|move|p1a: Garchomp|Earthquake|p2a: Sharpedo
|-activate|p2a: Sharpedo|Protect
|
|-boost|p2a: Sharpedo|spe|1|[from] ability: Speed Boost
|turn|28
|c|âAcidBurnz|ok ;)
|
|move|p2a: Sharpedo|Protect|p2a: Sharpedo
|-singleturn|p2a: Sharpedo|Protect
|move|p1a: Garchomp|Earthquake|p2a: Sharpedo
|-activate|p2a: Sharpedo|Protect
|
|-boost|p2a: Sharpedo|spe|1|[from] ability: Speed Boost
|turn|29
|
|detailschange|p2a: Sharpedo|Sharpedo-Mega, F
|message|Sharpedo has Mega Evolved into Mega Sharpedo!
|move|p2a: Sharpedo|Ice Fang|p1a: Garchomp
|-supereffective|p1a: Garchomp
|-damage|p1a: Garchomp|0 fnt
|-damage|p2a: Sharpedo|211\/281|[from] ability: Rough Skin|[of] p1a: Garchomp
|faint|p1a: Garchomp
|
|c| Jason10005|MegaSharp needs to chill
|
|switch|p1a: Thundurus|Thundurus, M|167\/299
|turn|30
|c|âAcidBurnz|dang haha
|c|âAcidBurnz|got the double protect!
|
|move|p1a: Thundurus|Thunder Wave|p2a: Sharpedo
|-status|p2a: Sharpedo|par
|move|p2a: Sharpedo|Crunch|p1a: Thundurus
|-damage|p1a: Thundurus|0 fnt
|faint|p1a: Thundurus
|
|win|MegaSharp
|raw|Ladder updating...
|c|âMegaSharp|inb4 hax again
|c|âMegaSharp|thank god
|c|âAcidBurnz|gg
|raw|AcidBurnz's rating: 1574 &rarr; <strong>1550<\/strong><br \/>(-24 for losing)
|raw|MegaSharp's rating: 1501 &rarr; <strong>1525<\/strong><br \/>(+24 for winning)