|join|AcidBurnz
|join|Drinkwaterpt
|player|p1|AcidBurnz|161
|player|p2|Drinkwaterpt|161
|gametype|singles
|gen|6
|tier|OU
|rated
|clearpoke
|poke|p1|Sceptile, M
|poke|p1|Azumarill, M
|poke|p1|Mamoswine, F
|poke|p1|Thundurus, M
|poke|p1|Scizor, F
|poke|p1|Porygon2
|poke|p2|Diancie
|poke|p2|Rotom-Wash
|poke|p2|Talonflame, M
|poke|p2|Latios, M
|poke|p2|Ferrothorn, M
|poke|p2|Landorus-Therian, M
|rule|Swagger Clause: Swagger is banned
|rule|Baton Pass Clause: Limit one PokÃ©mon knowing Baton Pass
|rule|Sleep Clause Mod: Limit one foe put to sleep
|rule|Species Clause: Limit one of each PokÃ©mon
|rule|OHKO Clause: OHKO moves are banned
|rule|Moody Clause: Moody is banned
|rule|Evasion Moves Clause: Evasion moves are banned
|rule|Endless Battle Clause: Forcing endless battles is banned
|rule|HP Percentage Mod: HP is shown in percentages
|teampreview
|
|start
|switch|p1a: Sceptile|Sceptile, M|281\/281
|switch|p2a: Ferrothorn|Ferrothorn, M|352\/352
|turn|1
|
|detailschange|p1a: Sceptile|Sceptile-Mega, M
|message|Sceptile has Mega Evolved into Mega Sceptile!
|move|p1a: Sceptile|Hidden Power|p2a: Ferrothorn
|-supereffective|p2a: Ferrothorn
|-damage|p2a: Ferrothorn|120\/352
|move|p2a: Ferrothorn|Gyro Ball|p1a: Sceptile
|-damage|p1a: Sceptile|59\/281
|
|-heal|p2a: Ferrothorn|142\/352|[from] item: Leftovers
|turn|2
|
|move|p1a: Sceptile|Dragon Pulse|p2a: Ferrothorn
|-resisted|p2a: Ferrothorn
|-damage|p2a: Ferrothorn|84\/352
|move|p2a: Ferrothorn|Stealth Rock|p1a: Sceptile
|-sidestart|p1: AcidBurnz|move: Stealth Rock
|
|-heal|p2a: Ferrothorn|106\/352|[from] item: Leftovers
|turn|3
|
|switch|p2a: Diancie|Diancie|274\/274
|move|p1a: Sceptile|Hidden Power|p2a: Diancie
|-resisted|p2a: Diancie
|-damage|p2a: Diancie|241\/274
|
|turn|4
|
|detailschange|p2a: Diancie|Diancie-Mega
|message|Diancie has Mega Evolved into Mega Diancie!
|move|p1a: Sceptile|Giga Drain|p2a: Diancie
|-supereffective|p2a: Diancie
|-damage|p2a: Diancie|0 fnt
|-heal|p1a: Sceptile|180\/281|[from] drain|[of] p2a: Diancie
|faint|p2a: Diancie
|
|
|switch|p2a: Talonflame|Talonflame, M|305\/305
|turn|5
|
|switch|p1a: Porygon2|Porygon2|374\/374
|-damage|p1a: Porygon2|328\/374|[from] Stealth Rock
|move|p2a: Talonflame|Brave Bird|p1a: Porygon2
|-damage|p1a: Porygon2|228\/374
|-damage|p2a: Talonflame|272\/305|[from] recoil|[of] p1a: Porygon2
|
|turn|6
|
|switch|p2a: Rotom-Wash|Rotom-Wash|303\/303
|move|p1a: Porygon2|Charge Beam|p2a: Rotom-Wash
|-damage|p2a: Rotom-Wash|253\/303
|-boost|p1a: Porygon2|spa|1
|
|-heal|p2a: Rotom-Wash|271\/303|[from] item: Leftovers
|turn|7
|
|move|p1a: Porygon2|Magic Coat|p1a: Porygon2
|-singleturn|p1a: Porygon2|move: Magic Coat
|move|p2a: Rotom-Wash|Will-O-Wisp|p1a: Porygon2
|move|p1a: Porygon2|Will-O-Wisp|p2a: Rotom-Wash|[from]Magic Coat
|-status|p2a: Rotom-Wash|brn
|
|-heal|p2a: Rotom-Wash|289\/303 brn|[from] item: Leftovers
|-damage|p2a: Rotom-Wash|252\/303 brn|[from] brn
|turn|8
|
|move|p1a: Porygon2|Magic Coat|p1a: Porygon2
|-singleturn|p1a: Porygon2|move: Magic Coat
|move|p2a: Rotom-Wash|Will-O-Wisp|p1a: Porygon2
|move|p1a: Porygon2|Will-O-Wisp|p2a: Rotom-Wash|[from]Magic Coat
|-fail|p2a: Rotom-Wash|brn
|
|-heal|p2a: Rotom-Wash|270\/303 brn|[from] item: Leftovers
|-damage|p2a: Rotom-Wash|233\/303 brn|[from] brn
|turn|9
|
|move|p2a: Rotom-Wash|Volt Switch|p1a: Porygon2
|-damage|p1a: Porygon2|171\/374
|c|âAcidBurnz|:p
|
|switch|p2a: Ferrothorn|Ferrothorn, M|106\/352
|move|p1a: Porygon2|Tri Attack|p2a: Ferrothorn
|-resisted|p2a: Ferrothorn
|-damage|p2a: Ferrothorn|30\/352
|
|-heal|p2a: Ferrothorn|52\/352|[from] item: Leftovers
|turn|10
|
|move|p1a: Porygon2|Tri Attack|p2a: Ferrothorn
|-resisted|p2a: Ferrothorn
|-damage|p2a: Ferrothorn|0 fnt
|faint|p2a: Ferrothorn
|
|
|switch|p2a: Talonflame|Talonflame, M|272\/305
|turn|11
|
|move|p2a: Talonflame|Brave Bird|p1a: Porygon2
|-damage|p1a: Porygon2|77\/374
|-damage|p2a: Talonflame|241\/305|[from] recoil|[of] p1a: Porygon2
|move|p1a: Porygon2|Recover|p1a: Porygon2
|-heal|p1a: Porygon2|264\/374
|
|turn|12
|
|move|p2a: Talonflame|Swords Dance|p2a: Talonflame
|-boost|p2a: Talonflame|atk|2
|move|p1a: Porygon2|Charge Beam|p2a: Talonflame
|-supereffective|p2a: Talonflame
|-damage|p2a: Talonflame|37\/305
|-boost|p1a: Porygon2|spa|1
|
|turn|13
|
|move|p2a: Talonflame|Flare Blitz|p1a: Porygon2
|-damage|p1a: Porygon2|95\/374
|-damage|p2a: Talonflame|0 fnt|[from] recoil|[of] p1a: Porygon2
|faint|p2a: Talonflame
|move|p1a: Porygon2|Recover|p1a: Porygon2
|-heal|p1a: Porygon2|282\/374
|
|c|âAcidBurnz|pretty decent set eh?
|
|switch|p2a: Landorus-Therian|Landorus-Therian, M|341\/341
|-ability|p2a: Landorus-Therian|Intimidate|[of] p1a: Porygon2
|-unboost|p1a: Porygon2|atk|1
|turn|14
|
|move|p2a: Landorus-Therian|Knock Off|p1a: Porygon2
|-damage|p1a: Porygon2|224\/374
|-enditem|p1a: Porygon2|Eviolite|[from] move: Knock Off|[of] p2a: Landorus-Therian
|move|p1a: Porygon2|Tri Attack|p2a: Landorus-Therian
|-damage|p2a: Landorus-Therian|55\/341
|-status|p2a: Landorus-Therian|par
|
|turn|15
|c|âDrinkwaterpt|not really
|
|switch|p2a: Latios|Latios, M|301\/301
|move|p1a: Porygon2|Recover|p1a: Porygon2
|-heal|p1a: Porygon2|374\/374
|
|turn|16
|
|move|p2a: Latios|Psyshock|p1a: Porygon2
|-damage|p1a: Porygon2|222\/374
|-damage|p2a: Latios|271\/301|[from] item: Life Orb
|move|p1a: Porygon2|Recover|p1a: Porygon2
|-heal|p1a: Porygon2|374\/374
|
|turn|17
|
|switch|p2a: Landorus-Therian|Landorus-Therian, M|55\/341 par
|-ability|p2a: Landorus-Therian|Intimidate|[of] p1a: Porygon2
|-unboost|p1a: Porygon2|atk|1
|move|p1a: Porygon2|Recover|p1a: Porygon2
|-fail|p1a: Porygon2
|
|turn|18
|c|âAcidBurnz|well its been doing well for me
|
|move|p1a: Porygon2|Tri Attack|p2a: Landorus-Therian
|-damage|p2a: Landorus-Therian|0 fnt
|faint|p2a: Landorus-Therian
|
|c|âDrinkwaterpt|against my team
|
|switch|p2a: Rotom-Wash|Rotom-Wash|233\/303 brn
|turn|19
|c|âAcidBurnz|well any poke is situational can't be prepared for anything
|
|move|p1a: Porygon2|Magic Coat|p1a: Porygon2
|-singleturn|p1a: Porygon2|move: Magic Coat
|move|p2a: Rotom-Wash|Will-O-Wisp|p1a: Porygon2
|move|p1a: Porygon2|Will-O-Wisp|p2a: Rotom-Wash|[from]Magic Coat
|-fail|p2a: Rotom-Wash|brn
|
|-heal|p2a: Rotom-Wash|251\/303 brn|[from] item: Leftovers
|-damage|p2a: Rotom-Wash|214\/303 brn|[from] brn
|turn|20
|
|move|p1a: Porygon2|Magic Coat|p1a: Porygon2
|-singleturn|p1a: Porygon2|move: Magic Coat
|move|p2a: Rotom-Wash|Hydro Pump|p1a: Porygon2
|-damage|p1a: Porygon2|242\/374
|
|-heal|p2a: Rotom-Wash|232\/303 brn|[from] item: Leftovers
|-damage|p2a: Rotom-Wash|195\/303 brn|[from] brn
|turn|21
|
|move|p2a: Rotom-Wash|Hydro Pump|p1a: Porygon2
|-damage|p1a: Porygon2|97\/374
|move|p1a: Porygon2|Tri Attack|p2a: Rotom-Wash
|-damage|p2a: Rotom-Wash|0 fnt
|faint|p2a: Rotom-Wash
|
|
|switch|p2a: Latios|Latios, M|271\/301
|turn|22
|
|move|p2a: Latios|Psyshock|p1a: Porygon2
|-damage|p1a: Porygon2|0 fnt
|-damage|p2a: Latios|241\/301|[from] item: Life Orb
|faint|p1a: Porygon2
|
|c|âAcidBurnz|gg
|
|switch|p1a: Sceptile|Sceptile-Mega, M|180\/281
|-damage|p1a: Sceptile|145\/281|[from] Stealth Rock
|turn|23
|
|move|p1a: Sceptile|Dragon Pulse|p2a: Latios
|-supereffective|p2a: Latios
|-damage|p2a: Latios|0 fnt
|faint|p2a: Latios
|
|win|AcidBurnz
|raw|Ladder updating...
|leave|Drinkwaterpt
|player|p2
|raw|Ladder (probably) updated, but score could not be retrieved (timeout).
|raw|Ladder (probably) updated, but score could not be retrieved (Error: socket hang up).