|join|AcidBurnz
|join|precipitate
|player|p1|AcidBurnz|161
|player|p2|precipitate|278
|gametype|singles
|gen|6
|tier|OU
|rated
|clearpoke
|poke|p1|Sceptile, M
|poke|p1|Azumarill, M
|poke|p1|Mamoswine, M
|poke|p1|Thundurus, M
|poke|p1|Scizor, F
|poke|p1|Porygon2
|poke|p2|Politoed, F
|poke|p2|Ludicolo, F
|poke|p2|Sableye, F
|poke|p2|Latios, M
|poke|p2|Ferrothorn, M
|poke|p2|Kabutops, F
|rule|Swagger Clause: Swagger is banned
|rule|Baton Pass Clause: Limit one PokÃ©mon knowing Baton Pass
|rule|Sleep Clause Mod: Limit one foe put to sleep
|rule|Species Clause: Limit one of each PokÃ©mon
|rule|OHKO Clause: OHKO moves are banned
|rule|Moody Clause: Moody is banned
|rule|Evasion Moves Clause: Evasion moves are banned
|rule|Endless Battle Clause: Forcing endless battles is banned
|rule|HP Percentage Mod: HP is shown in percentages
|teampreview
|c|âAcidBurnz|glhf
|
|start
|switch|p1a: Mamoswine|Mamoswine, M|362\/362
|switch|p2a: Politoed|Politoed, F|384\/384
|-weather|RainDance
|turn|1
|
|switch|p2a: Ferrothorn|Ferrothorn, M|352\/352
|move|p1a: Mamoswine|Stealth Rock|p2a: Ferrothorn
|-sidestart|p2: precipitate|move: Stealth Rock
|
|-weather|RainDance|[upkeep]
|turn|2
|
|switch|p1a: Azumarill|Azumarill, M|394\/394
|move|p2a: Ferrothorn|Stealth Rock|p1a: Azumarill
|-sidestart|p1: AcidBurnz|move: Stealth Rock
|
|-weather|RainDance|[upkeep]
|turn|3
|
|move|p1a: Azumarill|Belly Drum|p1a: Azumarill
|-damage|p1a: Azumarill|197\/394
|-setboost|p1a: Azumarill|atk|6|[from] move: Belly Drum
|-enditem|p1a: Azumarill|Sitrus Berry|[eat]
|-heal|p1a: Azumarill|295\/394|[from] item: Sitrus Berry
|move|p2a: Ferrothorn|Power Whip|p1a: Azumarill
|-supereffective|p1a: Azumarill
|-damage|p1a: Azumarill|0 fnt
|faint|p1a: Azumarill
|
|-weather|RainDance|[upkeep]
|c|âAcidBurnz|fuuuuuuuuuuuuuuuck
|
|switch|p1a: Scizor|Scizor, F|282\/282
|-damage|p1a: Scizor|247\/282|[from] Stealth Rock
|turn|4
|c|âprecipitate|get that monster out of my kitchen
|c|âAcidBurnz|lol
|
|move|p1a: Scizor|Superpower|p2a: Ferrothorn
|-supereffective|p2a: Ferrothorn
|-damage|p2a: Ferrothorn|88\/352
|-damage|p1a: Scizor|212\/282|[from] ability: Iron Barbs|[of] p2a: Ferrothorn
|-unboost|p1a: Scizor|atk|1
|-unboost|p1a: Scizor|def|1
|move|p2a: Ferrothorn|Leech Seed|p1a: Scizor
|-start|p1a: Scizor|move: Leech Seed
|
|-weather|RainDance|[upkeep]
|-heal|p1a: Scizor|229\/282|[from] item: Leftovers
|-heal|p2a: Ferrothorn|110\/352|[from] item: Leftovers
|-damage|p1a: Scizor|194\/282|[from] Leech Seed|[of] p2a: Ferrothorn
|-heal|p2a: Ferrothorn|145\/352|[silent]
|turn|5
|c|âprecipitate|I don't want him to see my hard boiled eggs
|
|switch|p1a: Mamoswine|Mamoswine, M|362\/362
|-damage|p1a: Mamoswine|317\/362|[from] Stealth Rock
|move|p2a: Ferrothorn|Protect|p2a: Ferrothorn
|-fail|p2a: Ferrothorn
|
|-weather|RainDance|[upkeep]
|-heal|p2a: Ferrothorn|167\/352|[from] item: Leftovers
|turn|6
|
|move|p1a: Mamoswine|Earthquake|p2a: Ferrothorn
|-damage|p2a: Ferrothorn|16\/352
|move|p2a: Ferrothorn|Power Whip|p1a: Mamoswine
|-supereffective|p1a: Mamoswine
|-damage|p1a: Mamoswine|0 fnt
|faint|p1a: Mamoswine
|
|-weather|RainDance|[upkeep]
|-heal|p2a: Ferrothorn|38\/352|[from] item: Leftovers
|c|âAcidBurnz|omfg
|
|switch|p1a: Scizor|Scizor, F|194\/282
|-damage|p1a: Scizor|159\/282|[from] Stealth Rock
|turn|7
|c|âprecipitate|with all this whip action maybe im a cowbow
|c|âprecipitate|boy
|
|move|p1a: Scizor|U-turn|p2a: Ferrothorn
|-damage|p2a: Ferrothorn|0 fnt
|-damage|p1a: Scizor|124\/282|[from] ability: Iron Barbs|[of] p2a: Ferrothorn
|faint|p2a: Ferrothorn
|
|switch|p1a: Porygon2|Porygon2|374\/374
|-damage|p1a: Porygon2|328\/374|[from] Stealth Rock
|
|-weather|RainDance|[upkeep]
|
|switch|p2a: Ludicolo|Ludicolo, F|302\/302
|-damage|p2a: Ludicolo|265\/302|[from] Stealth Rock
|turn|8
|
|move|p2a: Ludicolo|Hydro Pump|p1a: Porygon2
|-damage|p1a: Porygon2|108\/374
|-damage|p2a: Ludicolo|235\/302|[from] item: Life Orb
|move|p1a: Porygon2|Recover|p1a: Porygon2
|-heal|p1a: Porygon2|295\/374
|
|-weather|none
|turn|9
|
|move|p2a: Ludicolo|Focus Blast|p1a: Porygon2
|-supereffective|p1a: Porygon2
|-damage|p1a: Porygon2|61\/374
|-damage|p2a: Ludicolo|205\/302|[from] item: Life Orb
|move|p1a: Porygon2|Charge Beam|p2a: Ludicolo
|-damage|p2a: Ludicolo|148\/302
|
|turn|10
|
|switch|p1a: Thundurus|Thundurus, M|299\/299
|-damage|p1a: Thundurus|225\/299|[from] Stealth Rock
|move|p2a: Ludicolo|Ice Beam|p1a: Thundurus
|-supereffective|p1a: Thundurus
|-damage|p1a: Thundurus|0 fnt
|-damage|p2a: Ludicolo|118\/302|[from] item: Life Orb
|faint|p1a: Thundurus
|
|c|âAcidBurnz|omfg
|
|switch|p1a: Sceptile|Sceptile, M|281\/281
|-damage|p1a: Sceptile|246\/281|[from] Stealth Rock
|turn|11
|c|âAcidBurnz|nigga you die now
|c|âprecipitate|ok ok all die
|c|âprecipitate|but check out ludicolos dancing
|
|switch|p2a: Politoed|Politoed, F|384\/384
|-damage|p2a: Politoed|336\/384|[from] Stealth Rock
|-weather|RainDance
|detailschange|p1a: Sceptile|Sceptile-Mega, M
|message|Sceptile has Mega Evolved into Mega Sceptile!
|move|p1a: Sceptile|Dragon Pulse|p2a: Politoed
|-damage|p2a: Politoed|200\/384
|
|-weather|RainDance|[upkeep]
|turn|12
|
|switch|p2a: Latios|Latios, M|302\/302
|-damage|p2a: Latios|265\/302|[from] Stealth Rock
|move|p1a: Sceptile|Giga Drain|p2a: Latios
|-resisted|p2a: Latios
|-damage|p2a: Latios|198\/302
|-heal|p1a: Sceptile|280\/281|[from] drain|[of] p2a: Latios
|
|-weather|RainDance|[upkeep]
|turn|13
|
|move|p1a: Sceptile|Dragon Pulse|p2a: Latios
|-supereffective|p2a: Latios
|-damage|p2a: Latios|0 fnt
|faint|p2a: Latios
|
|-weather|RainDance|[upkeep]
|
|switch|p2a: Ludicolo|Ludicolo, F|118\/302
|-damage|p2a: Ludicolo|81\/302|[from] Stealth Rock
|turn|14
|
|switch|p1a: Porygon2|Porygon2|61\/374
|-damage|p1a: Porygon2|15\/374|[from] Stealth Rock
|move|p2a: Ludicolo|Hydro Pump|p1a: Porygon2
|-damage|p1a: Porygon2|0 fnt
|-damage|p2a: Ludicolo|51\/302|[from] item: Life Orb
|faint|p1a: Porygon2
|
|-weather|RainDance|[upkeep]
|
|switch|p1a: Scizor|Scizor, F|124\/282
|-damage|p1a: Scizor|89\/282|[from] Stealth Rock
|turn|15
|
|switch|p2a: Sableye|Sableye, F|304\/304
|-damage|p2a: Sableye|266\/304|[from] Stealth Rock
|move|p1a: Scizor|Bullet Punch|p2a: Sableye
|-damage|p2a: Sableye|167\/304
|
|-weather|RainDance|[upkeep]
|-heal|p1a: Scizor|106\/282|[from] item: Leftovers
|turn|16
|
|move|p2a: Sableye|Recover|p2a: Sableye
|-heal|p2a: Sableye|304\/304
|move|p1a: Scizor|U-turn|p2a: Sableye
|-damage|p2a: Sableye|184\/304
|
|switch|p1a: Sceptile|Sceptile-Mega, M|280\/281
|-damage|p1a: Sceptile|245\/281|[from] Stealth Rock
|
|-weather|RainDance|[upkeep]
|turn|17
|
|detailschange|p2a: Sableye|Sableye-Mega, F
|message|Sableye has Mega Evolved into Mega Sableye!
|move|p2a: Sableye|Calm Mind|p2a: Sableye
|-boost|p2a: Sableye|spa|1
|-boost|p2a: Sableye|spd|1
|move|p1a: Sceptile|Dragon Pulse|p2a: Sableye
|-damage|p2a: Sableye|70\/304
|
|-weather|RainDance|[upkeep]
|turn|18
|
|move|p1a: Sceptile|Dragon Pulse|p2a: Sableye
|-damage|p2a: Sableye|0 fnt
|faint|p2a: Sableye
|
|-weather|none
|c|âprecipitate|I gotta poop so bad but don't tell my opponent
|
|switch|p2a: Politoed|Politoed, F|200\/384
|-damage|p2a: Politoed|152\/384|[from] Stealth Rock
|-weather|RainDance
|turn|19
|
|move|p1a: Sceptile|Giga Drain|p2a: Politoed
|-supereffective|p2a: Politoed
|-damage|p2a: Politoed|0 fnt
|-heal|p1a: Sceptile|281\/281|[from] drain|[of] p2a: Politoed
|faint|p2a: Politoed
|
|-weather|RainDance|[upkeep]
|
|switch|p2a: Ludicolo|Ludicolo, F|51\/302
|-damage|p2a: Ludicolo|14\/302|[from] Stealth Rock
|turn|20
|
|switch|p1a: Scizor|Scizor, F|106\/282
|-damage|p1a: Scizor|71\/282|[from] Stealth Rock
|move|p2a: Ludicolo|Ice Beam|p1a: Scizor
|-resisted|p1a: Scizor
|-damage|p1a: Scizor|0 fnt
|-damage|p2a: Ludicolo|0 fnt|[from] item: Life Orb
|faint|p1a: Scizor
|faint|p2a: Ludicolo
|
|-weather|RainDance|[upkeep]
|
|switch|p1a: Sceptile|Sceptile-Mega, M|281\/281
|switch|p2a: Kabutops|Kabutops, F|262\/262
|-damage|p2a: Kabutops|230\/262|[from] Stealth Rock
|-damage|p1a: Sceptile|246\/281|[from] Stealth Rock
|turn|21
|
|move|p2a: Kabutops|Stone Edge|p1a: Sceptile|[miss]
|-miss|p2a: Kabutops|p1a: Sceptile
|move|p1a: Sceptile|Giga Drain|p2a: Kabutops
|-supereffective|p2a: Kabutops
|-damage|p2a: Kabutops|0 fnt
|-heal|p1a: Sceptile|281\/281|[from] drain|[of] p2a: Kabutops
|faint|p2a: Kabutops
|
|win|AcidBurnz
|raw|Ladder updating...
|c|âAcidBurnz|gg
|c|âprecipitate|g
|c|âprecipitate|gg
|leave|precipitate
|player|p2