|join|Chrisbury
|join|AcidBurnz
|player|p1|Chrisbury|2
|player|p2|AcidBurnz|102
|gametype|singles
|gen|6
|tier|OU
|rated
|clearpoke
|poke|p1|Gliscor, F
|poke|p1|Chansey, F
|poke|p1|Charizard, M
|poke|p1|Skarmory, F
|poke|p1|Clefable, M
|poke|p1|Slowbro, M
|poke|p2|Garchomp, F
|poke|p2|Clefable, F
|poke|p2|Manectric, M
|poke|p2|Tentacruel, F
|poke|p2|Ferrothorn, M
|poke|p2|Talonflame, F
|rule|Swagger Clause: Swagger is banned
|rule|Baton Pass Clause: Limit one PokÃ©mon knowing Baton Pass
|rule|Sleep Clause Mod: Limit one foe put to sleep
|rule|Species Clause: Limit one of each PokÃ©mon
|rule|OHKO Clause: OHKO moves are banned
|rule|Moody Clause: Moody is banned
|rule|Evasion Moves Clause: Evasion moves are banned
|rule|Endless Battle Clause: Forcing endless battles is banned
|rule|HP Percentage Mod: HP is shown in percentages
|teampreview
|chat|AcidBurnz|glhf
|
|start
|switch|p1a: Froilan|Charizard, M|359\/359
|switch|p2a: Manectric|Manectric, M|282\/282
|turn|1
|join|KING) Vaporub
|chat|Chrisbury|yh
|chat|Chrisbury|u2
|
|detailschange|p2a: Manectric|Manectric-Mega, M
|message|Manectric has Mega Evolved into Mega Manectric!
|-ability|p2a: Manectric|Intimidate|[of] p1a: Froilan
|-unboost|p1a: Froilan|atk|1
|detailschange|p1a: Froilan|Charizard-Mega-X, M
|message|Charizard has Mega Evolved into Mega Charizard!
|move|p2a: Manectric|Volt Switch|p1a: Froilan
|-resisted|p1a: Froilan
|-damage|p1a: Froilan|296\/359
|
|switch|p2a: Clefable|Clefable, F|394\/394
|move|p1a: Froilan|Will-O-Wisp|p2a: Clefable
|-status|p2a: Clefable|brn
|
|turn|2
|
|switch|p1a: Bellatrix|Chansey, F|691\/691
|move|p2a: Clefable|Calm Mind|p2a: Clefable
|-boost|p2a: Clefable|spa|1
|-boost|p2a: Clefable|spd|1
|
|turn|3
|
|move|p2a: Clefable|Calm Mind|p2a: Clefable
|-boost|p2a: Clefable|spa|1
|-boost|p2a: Clefable|spd|1
|move|p1a: Bellatrix|Stealth Rock|p2a: Clefable
|-sidestart|p2: AcidBurnz|move: Stealth Rock
|
|turn|4
|
|move|p2a: Clefable|Moonblast|p1a: Bellatrix
|-damage|p1a: Bellatrix|571\/691
|move|p1a: Bellatrix|Seismic Toss|p2a: Clefable
|-damage|p2a: Clefable|294\/394 brn
|
|-heal|p2a: Clefable|318\/394 brn|[from] item: Leftovers
|turn|5
|
|move|p2a: Clefable|Fire Blast|p1a: Bellatrix
|-damage|p1a: Bellatrix|469\/691
|move|p1a: Bellatrix|Seismic Toss|p2a: Clefable
|-damage|p2a: Clefable|218\/394 brn
|
|-heal|p2a: Clefable|242\/394 brn|[from] item: Leftovers
|turn|6
|
|move|p2a: Clefable|Calm Mind|p2a: Clefable
|-boost|p2a: Clefable|spa|1
|-boost|p2a: Clefable|spd|1
|move|p1a: Bellatrix|Seismic Toss|p2a: Clefable
|-damage|p2a: Clefable|142\/394 brn
|
|-heal|p2a: Clefable|166\/394 brn|[from] item: Leftovers
|turn|7
|
|move|p2a: Clefable|Soft-Boiled|p2a: Clefable
|-heal|p2a: Clefable|363\/394 brn
|move|p1a: Bellatrix|Soft-Boiled|p1a: Bellatrix
|-heal|p1a: Bellatrix|691\/691
|
|-heal|p2a: Clefable|387\/394 brn|[from] item: Leftovers
|turn|8
|
|move|p2a: Clefable|Moonblast|p1a: Bellatrix
|-damage|p1a: Bellatrix|535\/691
|move|p1a: Bellatrix|Seismic Toss|p2a: Clefable
|-damage|p2a: Clefable|287\/394 brn
|
|-heal|p2a: Clefable|311\/394 brn|[from] item: Leftovers
|turn|9
|
|move|p2a: Clefable|Calm Mind|p2a: Clefable
|-boost|p2a: Clefable|spa|1
|-boost|p2a: Clefable|spd|1
|move|p1a: Bellatrix|Seismic Toss|p2a: Clefable
|-damage|p2a: Clefable|211\/394 brn
|
|-heal|p2a: Clefable|235\/394 brn|[from] item: Leftovers
|turn|10
|
|move|p2a: Clefable|Moonblast|p1a: Bellatrix
|-damage|p1a: Bellatrix|333\/691
|move|p1a: Bellatrix|Seismic Toss|p2a: Clefable
|-damage|p2a: Clefable|135\/394 brn
|
|-heal|p2a: Clefable|159\/394 brn|[from] item: Leftovers
|turn|11
|
|move|p2a: Clefable|Calm Mind|p2a: Clefable
|-boost|p2a: Clefable|spa|1
|-boost|p2a: Clefable|spd|1
|move|p1a: Bellatrix|Seismic Toss|p2a: Clefable
|-damage|p2a: Clefable|59\/394 brn
|
|-heal|p2a: Clefable|83\/394 brn|[from] item: Leftovers
|turn|12
|
|move|p2a: Clefable|Soft-Boiled|p2a: Clefable
|-heal|p2a: Clefable|280\/394 brn
|move|p1a: Bellatrix|Seismic Toss|p2a: Clefable
|-damage|p2a: Clefable|180\/394 brn
|
|-heal|p2a: Clefable|204\/394 brn|[from] item: Leftovers
|turn|13
|
|move|p2a: Clefable|Moonblast|p1a: Bellatrix
|-damage|p1a: Bellatrix|104\/691
|move|p1a: Bellatrix|Soft-Boiled|p1a: Bellatrix
|-heal|p1a: Bellatrix|450\/691
|
|-heal|p2a: Clefable|228\/394 brn|[from] item: Leftovers
|turn|14
|
|move|p2a: Clefable|Moonblast|p1a: Bellatrix
|-damage|p1a: Bellatrix|216\/691
|-unboost|p1a: Bellatrix|spa|1
|move|p1a: Bellatrix|Soft-Boiled|p1a: Bellatrix
|-heal|p1a: Bellatrix|562\/691
|
|-heal|p2a: Clefable|252\/394 brn|[from] item: Leftovers
|turn|15
|
|move|p2a: Clefable|Soft-Boiled|p2a: Clefable
|-heal|p2a: Clefable|394\/394 brn
|move|p1a: Bellatrix|Seismic Toss|p2a: Clefable
|-damage|p2a: Clefable|294\/394 brn
|
|-heal|p2a: Clefable|318\/394 brn|[from] item: Leftovers
|turn|16
|
|move|p2a: Clefable|Moonblast|p1a: Bellatrix
|-damage|p1a: Bellatrix|325\/691
|move|p1a: Bellatrix|Seismic Toss|p2a: Clefable
|-damage|p2a: Clefable|218\/394 brn
|
|-heal|p2a: Clefable|242\/394 brn|[from] item: Leftovers
|turn|17
|
|move|p2a: Clefable|Calm Mind|p2a: Clefable
|-boost|p2a: Clefable|spa|1
|-boost|p2a: Clefable|spd|1
|move|p1a: Bellatrix|Soft-Boiled|p1a: Bellatrix
|-heal|p1a: Bellatrix|671\/691
|
|-heal|p2a: Clefable|266\/394 brn|[from] item: Leftovers
|turn|18
|
|move|p2a: Clefable|Moonblast|p1a: Bellatrix
|-damage|p1a: Bellatrix|413\/691
|move|p1a: Bellatrix|Seismic Toss|p2a: Clefable
|-damage|p2a: Clefable|166\/394 brn
|
|-heal|p2a: Clefable|190\/394 brn|[from] item: Leftovers
|turn|19
|
|move|p2a: Clefable|Moonblast|p1a: Bellatrix
|-damage|p1a: Bellatrix|134\/691
|move|p1a: Bellatrix|Seismic Toss|p2a: Clefable
|-damage|p2a: Clefable|90\/394 brn
|
|-heal|p2a: Clefable|114\/394 brn|[from] item: Leftovers
|turn|20
|
|move|p2a: Clefable|Moonblast|p1a: Bellatrix
|-damage|p1a: Bellatrix|0 fnt
|faint|p1a: Bellatrix
|
|-heal|p2a: Clefable|138\/394 brn|[from] item: Leftovers
|
|switch|p1a: Kizzu|Gliscor, F|354\/354
|turn|21
|
|move|p1a: Kizzu|Earthquake|p2a: Clefable
|-damage|p2a: Clefable|38\/394 brn
|move|p2a: Clefable|Soft-Boiled|p2a: Clefable
|-heal|p2a: Clefable|235\/394 brn
|
|-heal|p2a: Clefable|259\/394 brn|[from] item: Leftovers
|-status|p1a: Kizzu|tox|[from] item: Toxic Orb
|turn|22
|
|move|p1a: Kizzu|Earthquake|p2a: Clefable
|-damage|p2a: Clefable|162\/394 brn
|move|p2a: Clefable|Soft-Boiled|p2a: Clefable
|-heal|p2a: Clefable|359\/394 brn
|
|-heal|p2a: Clefable|383\/394 brn|[from] item: Leftovers
|turn|23
|
|move|p1a: Kizzu|Substitute|p1a: Kizzu
|-start|p1a: Kizzu|Substitute
|-damage|p1a: Kizzu|266\/354 tox
|move|p2a: Clefable|Moonblast|p1a: Kizzu
|-end|p1a: Kizzu|Substitute
|
|-heal|p2a: Clefable|394\/394 brn|[from] item: Leftovers
|-heal|p1a: Kizzu|310\/354 tox|[from] ability: Poison Heal
|turn|24
|
|move|p1a: Kizzu|Protect|p1a: Kizzu
|-singleturn|p1a: Kizzu|Protect
|move|p2a: Clefable|Moonblast|p1a: Kizzu
|-activate|p1a: Kizzu|Protect
|
|-heal|p1a: Kizzu|354\/354 tox|[from] ability: Poison Heal
|turn|25
|
|move|p1a: Kizzu|Substitute|p1a: Kizzu
|-start|p1a: Kizzu|Substitute
|-damage|p1a: Kizzu|266\/354 tox
|move|p2a: Clefable|Calm Mind|p2a: Clefable
|-fail|p2a: Clefable
|
|-heal|p1a: Kizzu|310\/354 tox|[from] ability: Poison Heal
|turn|26
|
|move|p1a: Kizzu|Earthquake|p2a: Clefable
|-damage|p2a: Clefable|289\/394 brn
|move|p2a: Clefable|Calm Mind|p2a: Clefable
|-fail|p2a: Clefable
|
|-heal|p2a: Clefable|313\/394 brn|[from] item: Leftovers
|-heal|p1a: Kizzu|354\/354 tox|[from] ability: Poison Heal
|turn|27
|
|move|p1a: Kizzu|Earthquake|p2a: Clefable
|-damage|p2a: Clefable|205\/394 brn
|move|p2a: Clefable|Moonblast|p1a: Kizzu
|-crit|p1a: Kizzu
|-end|p1a: Kizzu|Substitute
|
|-heal|p2a: Clefable|229\/394 brn|[from] item: Leftovers
|turn|28
|
|move|p1a: Kizzu|Substitute|p1a: Kizzu
|-start|p1a: Kizzu|Substitute
|-damage|p1a: Kizzu|266\/354 tox
|move|p2a: Clefable|Soft-Boiled|p2a: Clefable
|-heal|p2a: Clefable|394\/394 brn
|
|-heal|p1a: Kizzu|310\/354 tox|[from] ability: Poison Heal
|turn|29
|
|move|p1a: Kizzu|Protect|p1a: Kizzu
|-singleturn|p1a: Kizzu|Protect
|move|p2a: Clefable|Moonblast|p1a: Kizzu
|-activate|p1a: Kizzu|Protect
|
|-heal|p1a: Kizzu|354\/354 tox|[from] ability: Poison Heal
|turn|30
|
|move|p1a: Kizzu|Toxic|p2a: Clefable|[miss]
|-miss|p1a: Kizzu|p2a: Clefable
|move|p2a: Clefable|Fire Blast|p1a: Kizzu
|-end|p1a: Kizzu|Substitute
|
|turn|31
|
|move|p1a: Kizzu|Substitute|p1a: Kizzu
|-start|p1a: Kizzu|Substitute
|-damage|p1a: Kizzu|266\/354 tox
|move|p2a: Clefable|Moonblast|p1a: Kizzu
|-crit|p1a: Kizzu
|-end|p1a: Kizzu|Substitute
|
|-heal|p1a: Kizzu|310\/354 tox|[from] ability: Poison Heal
|turn|32
|
|move|p1a: Kizzu|Protect|p1a: Kizzu
|-singleturn|p1a: Kizzu|Protect
|move|p2a: Clefable|Fire Blast|p1a: Kizzu
|-activate|p1a: Kizzu|Protect
|
|-heal|p1a: Kizzu|354\/354 tox|[from] ability: Poison Heal
|turn|33
|
|move|p1a: Kizzu|Substitute|p1a: Kizzu
|-start|p1a: Kizzu|Substitute
|-damage|p1a: Kizzu|266\/354 tox
|move|p2a: Clefable|Moonblast|p1a: Kizzu
|-end|p1a: Kizzu|Substitute
|
|-heal|p1a: Kizzu|310\/354 tox|[from] ability: Poison Heal
|turn|34
|
|move|p1a: Kizzu|Substitute|p1a: Kizzu
|-start|p1a: Kizzu|Substitute
|-damage|p1a: Kizzu|222\/354 tox
|move|p2a: Clefable|Fire Blast|p1a: Kizzu
|-end|p1a: Kizzu|Substitute
|
|-heal|p1a: Kizzu|266\/354 tox|[from] ability: Poison Heal
|turn|35
|
|move|p1a: Kizzu|Protect|p1a: Kizzu
|-singleturn|p1a: Kizzu|Protect
|move|p2a: Clefable|Soft-Boiled|p2a: Clefable
|-fail|p2a: Clefable
|
|-heal|p1a: Kizzu|310\/354 tox|[from] ability: Poison Heal
|turn|36
|
|move|p1a: Kizzu|Substitute|p1a: Kizzu
|-start|p1a: Kizzu|Substitute
|-damage|p1a: Kizzu|222\/354 tox
|move|p2a: Clefable|Moonblast|p1a: Kizzu
|-end|p1a: Kizzu|Substitute
|
|-heal|p1a: Kizzu|266\/354 tox|[from] ability: Poison Heal
|turn|37
|
|move|p1a: Kizzu|Protect|p1a: Kizzu
|-singleturn|p1a: Kizzu|Protect
|move|p2a: Clefable|Fire Blast|p1a: Kizzu
|-activate|p1a: Kizzu|Protect
|
|-heal|p1a: Kizzu|310\/354 tox|[from] ability: Poison Heal
|turn|38
|
|move|p1a: Kizzu|Substitute|p1a: Kizzu
|-start|p1a: Kizzu|Substitute
|-damage|p1a: Kizzu|222\/354 tox
|move|p2a: Clefable|Moonblast|p1a: Kizzu
|-end|p1a: Kizzu|Substitute
|
|-heal|p1a: Kizzu|266\/354 tox|[from] ability: Poison Heal
|turn|39
|
|switch|p2a: Garchomp|Garchomp, F|358\/358
|-damage|p2a: Garchomp|336\/358|[from] Stealth Rock
|move|p1a: Kizzu|Protect|p1a: Kizzu
|-fail|p1a: Kizzu
|
|-heal|p1a: Kizzu|310\/354 tox|[from] ability: Poison Heal
|turn|40
|chat|AcidBurnz|ok fuck this
|
|move|p1a: Kizzu|Protect|p1a: Kizzu
|-singleturn|p1a: Kizzu|Protect
|move|p2a: Garchomp|Swords Dance|p2a: Garchomp
|-boost|p2a: Garchomp|atk|2
|
|-heal|p1a: Kizzu|354\/354 tox|[from] ability: Poison Heal
|turn|41
|
|switch|p1a: Marriland|Slowbro, M|394\/394
|move|p2a: Garchomp|Swords Dance|p2a: Garchomp
|-boost|p2a: Garchomp|atk|2
|
|turn|42
|
|move|p2a: Garchomp|Earthquake|p1a: Marriland
|-damage|p1a: Marriland|0 fnt
|faint|p1a: Marriland
|
|
|switch|p1a: Kizzu|Gliscor, F|354\/354 tox
|turn|43
|chat|AcidBurnz|wall that n igga!
|
|move|p2a: Garchomp|Dragon Claw|p1a: Kizzu
|-damage|p1a: Kizzu|47\/354 tox
|move|p1a: Kizzu|Substitute|p1a: Kizzu
|-fail|p1a: Kizzu|move: Substitute|[weak]
|
|-heal|p1a: Kizzu|91\/354 tox|[from] ability: Poison Heal
|turn|44
|
|switch|p1a: Plata|Clefable, M|394\/394
|move|p2a: Garchomp|Dragon Claw|p1a: Plata
|-immune|p1a: Plata|[msg]
|
|turn|45
|chat|AcidBurnz|fuck you and your stall
|
|switch|p1a: 1HK.O|Skarmory, F|334\/334
|move|p2a: Garchomp|Earthquake|p1a: 1HK.O
|-immune|p1a: 1HK.O|[msg]
|
|turn|46
|chat|Chrisbury|[:
|
|move|p2a: Garchomp|Fire Fang|p1a: 1HK.O
|-supereffective|p1a: 1HK.O
|-damage|p1a: 1HK.O|56\/334
|-status|p1a: 1HK.O|brn
|move|p1a: 1HK.O|Spikes|p2a: Garchomp
|-sidestart|p2: AcidBurnz|Spikes
|
|-heal|p1a: 1HK.O|76\/334 brn|[from] item: Leftovers
|-damage|p1a: 1HK.O|35\/334 brn|[from] brn
|turn|47
|chat|AcidBurnz|ha
|
|move|p2a: Garchomp|Dragon Claw|p1a: 1HK.O
|-resisted|p1a: 1HK.O
|-damage|p1a: 1HK.O|0 fnt
|faint|p1a: 1HK.O
|
|
|switch|p1a: Plata|Clefable, M|394\/394
|turn|48
|
|move|p2a: Garchomp|Earthquake|p1a: Plata
|-damage|p1a: Plata|0 fnt
|faint|p1a: Plata
|
|
|switch|p1a: Kizzu|Gliscor, F|91\/354 tox
|turn|49
|
|move|p2a: Garchomp|Dragon Claw|p1a: Kizzu
|-damage|p1a: Kizzu|0 fnt
|faint|p1a: Kizzu
|
|
|switch|p1a: Froilan|Charizard-Mega-X, M|296\/359
|turn|50
|chat|AcidBurnz|gee gee
|
|move|p2a: Garchomp|Dragon Claw|p1a: Froilan
|-supereffective|p1a: Froilan
|-damage|p1a: Froilan|0 fnt
|faint|p1a: Froilan
|
|win|AcidBurnz
|raw|Ladder updating...
|raw|Chrisbury's rating: 1487 &rarr; <strong>1468<\/strong><br \/>(-19 for losing)
|raw|AcidBurnz's rating: 1496 &rarr; <strong>1516<\/strong><br \/>(+20 for winning)
|chat|Chrisbury|not really
|chat|AcidBurnz|offense
|leave|Chrisbury
|player|p1
|chat|AcidBurnz|is better then defense