|join|acidburnz
|join|SadistStreak
|player|p1|acidburnz|161
|player|p2|SadistStreak|169
|gametype|singles
|gen|6
|tier|OU
|rated
|clearpoke
|poke|p1|Swalot, F
|poke|p1|Golurk
|poke|p1|Jynx, F
|poke|p1|Poliwrath, F
|poke|p1|Torkoal, M
|poke|p1|Shiftry, F
|poke|p2|Shuckle, F
|poke|p2|Bisharp, F
|poke|p2|Thundurus, M
|poke|p2|Manaphy
|poke|p2|Heracross, M
|poke|p2|Latias, F
|rule|Swagger Clause: Swagger is banned
|rule|Baton Pass Clause: Limit one PokÃ©mon knowing Baton Pass
|rule|Sleep Clause Mod: Limit one foe put to sleep
|rule|Species Clause: Limit one of each PokÃ©mon
|rule|OHKO Clause: OHKO moves are banned
|rule|Moody Clause: Moody is banned
|rule|Evasion Moves Clause: Evasion moves are banned
|rule|Endless Battle Clause: Forcing endless battles is banned
|rule|HP Percentage Mod: HP is shown in percentages
|teampreview
|
|start
|switch|p1a: Shiftry|Shiftry, F|322\/322
|switch|p2a: Shuckle|Shuckle, F|243\/243
|turn|1
|
|move|p1a: Shiftry|Knock Off|p2a: Shuckle
|-damage|p2a: Shuckle|183\/243
|-enditem|p2a: Shuckle|Mental Herb|[from] move: Knock Off|[of] p1a: Shiftry
|move|p2a: Shuckle|Sticky Web|p1a: Shiftry
|-sidestart|p1: acidburnz|move: Sticky Web
|
|turn|2
|
|switch|p1a: Torkoal|Torkoal, M|341\/341
|-activate|p1a: Torkoal|move: Sticky Web
|-unboost|p1a: Torkoal|spe|1
|move|p2a: Shuckle|Stealth Rock|p1a: Torkoal
|-sidestart|p1: acidburnz|move: Stealth Rock
|
|turn|3
|
|move|p1a: Torkoal|Rapid Spin|p2a: Shuckle
|-resisted|p2a: Shuckle
|-damage|p2a: Shuckle|181\/243
|-sideend|p1: acidburnz|Stealth Rock|[from] move: Rapid Spin|[of] p1a: Torkoal
|-sideend|p1: acidburnz|Sticky Web|[from] move: Rapid Spin|[of] p1a: Torkoal
|move|p2a: Shuckle|Encore|p1a: Torkoal
|-start|p1a: Torkoal|Encore
|
|turn|4
|
|move|p1a: Torkoal|Rapid Spin|p2a: Shuckle
|-resisted|p2a: Shuckle
|-damage|p2a: Shuckle|178\/243
|move|p2a: Shuckle|Infestation|p1a: Torkoal
|-resisted|p1a: Torkoal
|-damage|p1a: Torkoal|338\/341
|-activate|p1a: Torkoal|move: Infestation|[of] p2a: Shuckle
|
|-heal|p1a: Torkoal|341\/341|[from] item: Leftovers
|-damage|p1a: Torkoal|299\/341|[from] move: Infestation|[partiallytrapped]
|turn|5
|
|switch|p2a: Manaphy|Manaphy|341\/341
|move|p1a: Torkoal|Rapid Spin|p2a: Manaphy
|-damage|p2a: Manaphy|329\/341
|-remove|p1a: Torkoal|Infestation|[from] move: Rapid Spin|[of] p1a: Torkoal|[partiallytrapped]
|
|-heal|p1a: Torkoal|320\/341|[from] item: Leftovers
|turn|6
|
|move|p2a: Manaphy|Tail Glow|p2a: Manaphy
|-boost|p2a: Manaphy|spa|3
|move|p1a: Torkoal|Rapid Spin|p2a: Manaphy
|-damage|p2a: Manaphy|316\/341
|
|-heal|p1a: Torkoal|341\/341|[from] item: Leftovers
|-end|p1a: Torkoal|Encore
|turn|7
|
|switch|p1a: Poliwrath|Poliwrath, F|384\/384
|move|p2a: Manaphy|Scald|p1a: Poliwrath
|-immune|p1a: Poliwrath|[msg]
|
|turn|8
|
|move|p2a: Manaphy|Psychic|p1a: Poliwrath
|-supereffective|p1a: Poliwrath
|-damage|p1a: Poliwrath|0 fnt
|faint|p1a: Poliwrath
|
|
|switch|p1a: Jynx|Jynx, F|271\/271
|turn|9
|
|move|p2a: Manaphy|Scald|p1a: Jynx
|-immune|p1a: Jynx|[msg]
|move|p1a: Jynx|Energy Ball|p2a: Manaphy
|-supereffective|p2a: Manaphy
|-damage|p2a: Manaphy|110\/341
|-unboost|p2a: Manaphy|spd|1
|
|turn|10
|
|move|p2a: Manaphy|Psychic|p1a: Jynx
|-resisted|p1a: Jynx
|-damage|p1a: Jynx|161\/271
|move|p1a: Jynx|Energy Ball|p2a: Manaphy
|-crit|p2a: Manaphy
|-supereffective|p2a: Manaphy
|-damage|p2a: Manaphy|0 fnt
|faint|p2a: Manaphy
|
|
|switch|p2a: Heracross|Heracross, M|301\/301
|turn|11
|
|detailschange|p2a: Heracross|Heracross-Mega, M
|message|Heracross has Mega Evolved into Mega Heracross!
|move|p1a: Jynx|Psyshock|p2a: Heracross
|-supereffective|p2a: Heracross
|-damage|p2a: Heracross|67\/301
|move|p2a: Heracross|Close Combat|p1a: Jynx
|-damage|p1a: Jynx|0 fnt
|-unboost|p2a: Heracross|def|1
|-unboost|p2a: Heracross|spd|1
|faint|p1a: Jynx
|
|
|switch|p1a: Shiftry|Shiftry, F|322\/322
|turn|12
|
|switch|p2a: Latias|Latias, F|319\/319
|move|p1a: Shiftry|Knock Off|p2a: Latias
|-supereffective|p2a: Latias
|-damage|p2a: Latias|7\/319
|-enditem|p2a: Latias|Life Orb|[from] move: Knock Off|[of] p1a: Shiftry
|
|turn|13
|
|move|p1a: Shiftry|Sucker Punch|p2a: Latias
|-fail|p2a: Latias
|move|p2a: Latias|Healing Wish|p2a: Latias
|faint|p2a: Latias
|
|
|switch|p2a: Heracross|Heracross-Mega, M|67\/301
|-heal|p2a: Heracross|301\/301|[from] move: Healing Wish
|turn|14
|
|switch|p1a: Golurk|Golurk|382\/382
|move|p2a: Heracross|Pin Missile|p1a: Golurk
|-resisted|p1a: Golurk
|-damage|p1a: Golurk|349\/382
|-resisted|p1a: Golurk
|-damage|p1a: Golurk|314\/382
|-resisted|p1a: Golurk
|-damage|p1a: Golurk|281\/382
|-resisted|p1a: Golurk
|-damage|p1a: Golurk|248\/382
|-resisted|p1a: Golurk
|-damage|p1a: Golurk|215\/382
|-hitcount|p1a: Golurk|5
|
|turn|15
|
|switch|p2a: Thundurus|Thundurus, M|299\/299
|move|p1a: Golurk|Dynamic Punch|p2a: Thundurus
|-crit|p2a: Thundurus
|-resisted|p2a: Thundurus
|-damage|p2a: Thundurus|143\/299
|-start|p2a: Thundurus|confusion
|-damage|p1a: Golurk|177\/382|[from] item: Life Orb
|
|turn|16
|
|-activate|p2a: Thundurus|confusion
|move|p2a: Thundurus|Hidden Power|p1a: Golurk
|-supereffective|p1a: Golurk
|-damage|p1a: Golurk|0 fnt
|-damage|p2a: Thundurus|114\/299|[from] item: Life Orb
|faint|p1a: Golurk
|
|
|switch|p1a: Shiftry|Shiftry, F|322\/322
|turn|17
|
|switch|p1a: Torkoal|Torkoal, M|341\/341
|-activate|p2a: Thundurus|confusion
|move|p2a: Thundurus|Thunder Wave|p1a: Torkoal
|-status|p1a: Torkoal|par
|
|turn|18
|
|-activate|p2a: Thundurus|confusion
|-damage|p2a: Thundurus|52\/299|[from] confusion
|move|p1a: Torkoal|Lava Plume|p2a: Thundurus
|-damage|p2a: Thundurus|0 fnt
|faint|p2a: Thundurus
|
|
|switch|p2a: Shuckle|Shuckle, F|178\/243
|turn|19
|
|switch|p1a: Swalot|Swalot, F|404\/404
|move|p2a: Shuckle|Encore|p1a: Swalot
|-fail|p1a: Swalot
|
|turn|20
|
|move|p1a: Swalot|Stockpile|p1a: Swalot
|-start|p1a: Swalot|stockpile1
|-boost|p1a: Swalot|def|1
|-boost|p1a: Swalot|spd|1
|move|p2a: Shuckle|Encore|p1a: Swalot
|-start|p1a: Swalot|Encore
|
|turn|21
|
|switch|p1a: Shiftry|Shiftry, F|322\/322
|move|p2a: Shuckle|Sticky Web|p1a: Shiftry
|-sidestart|p1: acidburnz|move: Sticky Web
|
|turn|22
|
|move|p1a: Shiftry|Knock Off|p2a: Shuckle
|-damage|p2a: Shuckle|135\/243
|move|p2a: Shuckle|Stealth Rock|p1a: Shiftry
|-sidestart|p1: acidburnz|move: Stealth Rock
|
|turn|23
|
|switch|p1a: Torkoal|Torkoal, M|341\/341 par
|-activate|p1a: Torkoal|move: Sticky Web
|-unboost|p1a: Torkoal|spe|1
|-damage|p1a: Torkoal|256\/341 par|[from] Stealth Rock
|move|p2a: Shuckle|Infestation|p1a: Torkoal
|-resisted|p1a: Torkoal
|-damage|p1a: Torkoal|253\/341 par
|-activate|p1a: Torkoal|move: Infestation|[of] p2a: Shuckle
|
|-heal|p1a: Torkoal|274\/341 par|[from] item: Leftovers
|-damage|p1a: Torkoal|232\/341 par|[from] move: Infestation|[partiallytrapped]
|turn|24
|
|switch|p2a: Bisharp|Bisharp, F|271\/271
|cant|p1a: Torkoal|par
|
|-heal|p1a: Torkoal|253\/341 par|[from] item: Leftovers
|-end|p1a: Torkoal|Infestation|[partiallytrapped]
|turn|25
|c|âacidburnz|gey
|
|move|p2a: Bisharp|Knock Off|p1a: Torkoal
|-damage|p1a: Torkoal|117\/341 par
|-enditem|p1a: Torkoal|Leftovers|[from] move: Knock Off|[of] p2a: Bisharp
|-damage|p2a: Bisharp|244\/271|[from] item: Life Orb
|move|p1a: Torkoal|Lava Plume|p2a: Bisharp
|-supereffective|p2a: Bisharp
|-damage|p2a: Bisharp|40\/271
|-status|p2a: Bisharp|brn
|
|-damage|p2a: Bisharp|7\/271 brn|[from] brn
|turn|26
|
|move|p2a: Bisharp|Knock Off|p1a: Torkoal
|-damage|p1a: Torkoal|70\/341 par
|-damage|p2a: Bisharp|0 fnt|[from] item: Life Orb
|faint|p2a: Bisharp
|move|p1a: Torkoal|Rapid Spin|p2: Bisharp|[notarget]
|-notarget
|
|
|switch|p2a: Heracross|Heracross-Mega, M|301\/301
|turn|27
|
|move|p2a: Heracross|Rock Blast|p1a: Torkoal
|-supereffective|p1a: Torkoal
|-damage|p1a: Torkoal|20\/341 par
|-supereffective|p1a: Torkoal
|-damage|p1a: Torkoal|0 fnt
|-hitcount|p1a: Torkoal|2
|faint|p1a: Torkoal
|
|
|switch|p1a: Swalot|Swalot, F|404\/404
|-damage|p1a: Swalot|354\/404|[from] Stealth Rock
|-activate|p1a: Swalot|move: Sticky Web
|-unboost|p1a: Swalot|spe|1
|turn|28
|
|switch|p2a: Shuckle|Shuckle, F|135\/243
|move|p1a: Swalot|Stockpile|p1a: Swalot
|-start|p1a: Swalot|stockpile1
|-boost|p1a: Swalot|def|1
|-boost|p1a: Swalot|spd|1
|
|turn|29
|
|move|p1a: Swalot|Hidden Power|p2a: Shuckle
|-damage|p2a: Shuckle|111\/243
|move|p2a: Shuckle|Encore|p1a: Swalot
|-start|p1a: Swalot|Encore
|
|turn|30
|
|move|p1a: Swalot|Hidden Power|p2a: Shuckle
|-damage|p2a: Shuckle|87\/243
|move|p2a: Shuckle|Infestation|p1a: Swalot
|-resisted|p1a: Swalot
|-damage|p1a: Swalot|351\/404
|-activate|p1a: Swalot|move: Infestation|[of] p2a: Shuckle
|
|-damage|p1a: Swalot|301\/404|[from] move: Infestation|[partiallytrapped]
|turn|31
|
|move|p1a: Swalot|Hidden Power|p2a: Shuckle
|-damage|p2a: Shuckle|62\/243
|move|p2a: Shuckle|Infestation|p1a: Swalot
|-resisted|p1a: Swalot
|-damage|p1a: Swalot|298\/404
|
|-damage|p1a: Swalot|248\/404|[from] move: Infestation|[partiallytrapped]
|turn|32
|
|move|p1a: Swalot|Hidden Power|p2a: Shuckle
|-damage|p2a: Shuckle|37\/243
|move|p2a: Shuckle|Infestation|p1a: Swalot
|-resisted|p1a: Swalot
|-damage|p1a: Swalot|245\/404
|
|-damage|p1a: Swalot|195\/404|[from] move: Infestation|[partiallytrapped]
|-end|p1a: Swalot|Encore
|-enditem|p1a: Swalot|Sitrus Berry|[eat]
|-heal|p1a: Swalot|296\/404|[from] item: Sitrus Berry
|turn|33
|
|move|p1a: Swalot|Belch|p2a: Shuckle
|-resisted|p2a: Shuckle
|-damage|p2a: Shuckle|3\/243
|move|p2a: Shuckle|Encore|p1a: Swalot
|-start|p1a: Swalot|Encore
|
|-damage|p1a: Swalot|246\/404|[from] move: Infestation|[partiallytrapped]
|turn|34
|
|move|p1a: Swalot|Belch|p2a: Shuckle
|-resisted|p2a: Shuckle
|-damage|p2a: Shuckle|0 fnt
|faint|p2a: Shuckle
|
|-end|p1a: Swalot|Infestation|[partiallytrapped]
|
|switch|p2a: Heracross|Heracross-Mega, M|301\/301
|turn|35
|
|move|p2a: Heracross|Rock Blast|p1a: Swalot
|-damage|p1a: Swalot|216\/404
|-damage|p1a: Swalot|185\/404
|-damage|p1a: Swalot|156\/404
|-damage|p1a: Swalot|125\/404
|-damage|p1a: Swalot|96\/404
|-hitcount|p1a: Swalot|5
|move|p1a: Swalot|Belch|p2a: Heracross
|-damage|p2a: Heracross|139\/301
|
|turn|36
|
|move|p2a: Heracross|Rock Blast|p1a: Swalot
|-damage|p1a: Swalot|64\/404
|-damage|p1a: Swalot|33\/404
|-damage|p1a: Swalot|4\/404
|-damage|p1a: Swalot|0 fnt
|-hitcount|p1a: Swalot|4
|faint|p1a: Swalot
|
|c|âacidburnz|gg
|-message|acidburnz forfeited.
|
|win|SadistStreak
|raw|Ladder updating...
|raw|acidburnz's rating: 1447 &rarr; <strong>1424<\/strong><br \/>(-23 for losing)
|raw|SadistStreak's rating: 1399 &rarr; <strong>1422<\/strong><br \/>(+23 for winning)
|leave|acidburnz
|player|p1