|join|Fildrong
|join|acidburnz
|player|p1|Fildrong|170
|player|p2|acidburnz|1
|gametype|singles
|gen|6
|tier|OU
|rated
|clearpoke
|poke|p1|Ampharos, M
|poke|p1|Hitmonlee, M
|poke|p1|Bisharp, F
|poke|p1|Gliscor, M
|poke|p1|Sylveon, F
|poke|p1|Milotic, M
|poke|p2|Garchomp, M
|poke|p2|Clefable, M
|poke|p2|Manectric, M
|poke|p2|Tentacruel, F
|poke|p2|Ferrothorn, M
|poke|p2|Talonflame, M
|rule|Swagger Clause: Swagger is banned
|rule|Baton Pass Clause: Limit one PokÃ©mon knowing Baton Pass
|rule|Sleep Clause Mod: Limit one foe put to sleep
|rule|Species Clause: Limit one of each PokÃ©mon
|rule|OHKO Clause: OHKO moves are banned
|rule|Moody Clause: Moody is banned
|rule|Evasion Moves Clause: Evasion moves are banned
|rule|Endless Battle Clause: Forcing endless battles is banned
|rule|HP Percentage Mod: HP is shown in percentages
|teampreview
|chat|acidburnz|glhf!
|
|start
|switch|p1a: Sylveon|Sylveon, F|392\/392
|switch|p2a: Manectric|Manectric, M|282\/282
|turn|1
|chat|Fildrong|thanks!
|
|move|p2a: Manectric|Volt Switch|p1a: Sylveon
|-damage|p1a: Sylveon|304\/392
|
|switch|p2a: Ferrothorn|Ferrothorn, M|352\/352
|move|p1a: Sylveon|Hidden Power|p2a: Ferrothorn
|-supereffective|p2a: Ferrothorn
|-damage|p2a: Ferrothorn|0 fnt
|faint|p2a: Ferrothorn
|
|
|switch|p2a: Tentacruel|Tentacruel, F|364\/364
|turn|2
|
|switch|p1a: Ampharos|Ampharos, M|384\/384
|move|p2a: Tentacruel|Scald|p1a: Ampharos
|-damage|p1a: Ampharos|300\/384
|
|turn|3
|
|switch|p2a: Manectric|Manectric, M|282\/282
|detailschange|p1a: Ampharos|Ampharos-Mega, M
|message|Ampharos has Mega Evolved into Mega Ampharos!
|-ability|p1a: Ampharos|Mold Breaker
|move|p1a: Ampharos|Dragon Pulse|p2a: Manectric
|-damage|p2a: Manectric|0 fnt
|faint|p2a: Manectric
|
|
|switch|p2a: Clefable|Clefable, M|394\/394
|turn|4
|
|move|p2a: Clefable|Calm Mind|p2a: Clefable
|-boost|p2a: Clefable|spa|1
|-boost|p2a: Clefable|spd|1
|move|p1a: Ampharos|Volt Switch|p2a: Clefable
|-crit|p2a: Clefable
|-damage|p2a: Clefable|111\/394
|
|switch|p1a: Bisharp|Bisharp, F|272\/272
|
|-heal|p2a: Clefable|135\/394|[from] item: Leftovers
|turn|5
|chat|acidburnz|wow
|chat|Fildrong|sorry 
|
|move|p1a: Bisharp|Iron Head|p2a: Clefable
|-supereffective|p2a: Clefable
|-damage|p2a: Clefable|0 fnt
|-damage|p1a: Bisharp|245\/272|[from] item: Life Orb
|faint|p2a: Clefable
|
|chat|Fildrong|i dont think that mattered that much tho
|
|switch|p2a: Tentacruel|Tentacruel, F|364\/364
|turn|6
|chat|acidburnz|kinda
|
|switch|p1a: Ampharos|Ampharos-Mega, M|300\/384
|-ability|p1a: Ampharos|Mold Breaker
|move|p2a: Tentacruel|Scald|p1a: Ampharos
|-resisted|p1a: Ampharos
|-damage|p1a: Ampharos|264\/384
|
|turn|7
|
|move|p2a: Tentacruel|Ice Beam|p1a: Ampharos
|-supereffective|p1a: Ampharos
|-damage|p1a: Ampharos|160\/384
|move|p1a: Ampharos|Dragon Pulse|p2a: Tentacruel
|-damage|p2a: Tentacruel|199\/364
|
|-heal|p2a: Tentacruel|221\/364|[from] item: Black Sludge
|turn|8
|
|switch|p2a: Garchomp|Garchomp, M|358\/358
|move|p1a: Ampharos|Rest|p1a: Ampharos
|-status|p1a: Ampharos|slp
|-heal|p1a: Ampharos|384\/384 slp|[silent]
|-status|p1a: Ampharos|slp|[from] move: Rest
|
|turn|9
|
|switch|p1a: Gliscor|Gliscor, M|354\/354
|move|p2a: Garchomp|Swords Dance|p2a: Garchomp
|-boost|p2a: Garchomp|atk|2
|
|-status|p1a: Gliscor|tox|[from] item: Toxic Orb
|turn|10
|
|move|p2a: Garchomp|Swords Dance|p2a: Garchomp
|-boost|p2a: Garchomp|atk|2
|move|p1a: Gliscor|Earthquake|p2a: Garchomp
|-damage|p2a: Garchomp|229\/358
|
|turn|11
|
|move|p2a: Garchomp|Dragon Claw|p1a: Gliscor
|-damage|p1a: Gliscor|110\/354 tox
|move|p1a: Gliscor|Earthquake|p2a: Garchomp
|-damage|p2a: Garchomp|102\/358
|
|-heal|p1a: Gliscor|154\/354 tox|[from] ability: Poison Heal
|turn|12
|
|move|p2a: Garchomp|Dragon Claw|p1a: Gliscor
|-damage|p1a: Gliscor|0 fnt
|faint|p1a: Gliscor
|
|
|switch|p1a: Hitmonlee|Hitmonlee, M|253\/253
|turn|13
|
|switch|p2a: Tentacruel|Tentacruel, F|221\/364
|move|p1a: Hitmonlee|Fake Out|p2a: Tentacruel
|-enditem|p1a: Hitmonlee|Normal Gem|[from] gem|[move] Fake Out
|-damage|p2a: Tentacruel|143\/364
|
|-heal|p2a: Tentacruel|165\/364|[from] item: Black Sludge
|turn|14
|
|move|p1a: Hitmonlee|Knock Off|p2a: Tentacruel
|-damage|p2a: Tentacruel|21\/364
|-enditem|p2a: Tentacruel|Black Sludge|[from] move: Knock Off|[of] p1a: Hitmonlee
|move|p2a: Tentacruel|Scald|p1a: Hitmonlee
|-damage|p1a: Hitmonlee|178\/253
|
|turn|15
|
|move|p1a: Hitmonlee|Knock Off|p2a: Tentacruel
|-damage|p2a: Tentacruel|0 fnt
|faint|p2a: Tentacruel
|
|
|switch|p2a: Talonflame|Talonflame, M|297\/297
|turn|16
|
|move|p1a: Hitmonlee|Stone Edge|p2a: Talonflame
|-supereffective|p2a: Talonflame
|-damage|p2a: Talonflame|0 fnt
|faint|p2a: Talonflame
|
|-message|acidburnz forfeited.
|
|win|Fildrong
|raw|Ladder updating...
|leave|acidburnz
|player|p2
|raw|Fildrong's rating: 1649 &rarr; <strong>1666<\/strong><br \/>(+17 for winning)
|raw|acidburnz's rating: 1583 &rarr; <strong>1567<\/strong><br \/>(-16 for losing)