|join|acidburnz
|join|Christcrusher
|player|p1|acidburnz|161
|player|p2|Christcrusher|294
|gametype|singles
|gen|6
|tier|OU
|rated
|clearpoke
|poke|p1|Swalot, M
|poke|p1|Golurk
|poke|p1|Jynx, F
|poke|p1|Poliwrath, M
|poke|p1|Torkoal, F
|poke|p1|Shiftry, M
|poke|p2|Ferrothorn, M
|poke|p2|Sigilyph, M, shiny
|poke|p2|Jolteon, M
|poke|p2|Gengar, M, shiny
|poke|p2|Feraligatr, M, shiny
|poke|p2|Haxorus, M, shiny
|rule|Swagger Clause: Swagger is banned
|rule|Baton Pass Clause: Limit one PokÃ©mon knowing Baton Pass
|rule|Sleep Clause Mod: Limit one foe put to sleep
|rule|Species Clause: Limit one of each PokÃ©mon
|rule|OHKO Clause: OHKO moves are banned
|rule|Moody Clause: Moody is banned
|rule|Evasion Moves Clause: Evasion moves are banned
|rule|Endless Battle Clause: Forcing endless battles is banned
|rule|HP Percentage Mod: HP is shown in percentages
|teampreview
|
|start
|switch|p1a: Shiftry|Shiftry, M|322\/322
|switch|p2a: Blurry Eyes|Feraligatr, M, shiny|312\/312
|turn|1
|join|Book Of Spells
|
|switch|p2a: Gekkouka|Ferrothorn, M|352\/352
|move|p1a: Shiftry|Knock Off|p2a: Gekkouka
|-damage|p2a: Gekkouka|271\/352
|-damage|p1a: Shiftry|282\/322|[from] ability: Iron Barbs|[of] p2a: Gekkouka
|-damage|p1a: Shiftry|229\/322|[from] item: Rocky Helmet|[of] p2a: Gekkouka
|-enditem|p2a: Gekkouka|Rocky Helmet|[from] move: Knock Off|[of] p1a: Shiftry
|
|turn|2
|c|âChristcrusher|nice shiftry
|c|âacidburnz|lol thanks
|c|âacidburnz|just having some fun using lower tiers in OU
|
|switch|p1a: Torkoal|Torkoal, F|341\/341
|move|p2a: Gekkouka|Stealth Rock|p1a: Torkoal
|-sidestart|p1: acidburnz|move: Stealth Rock
|
|turn|3
|c|âChristcrusher|hehe
|
|switch|p2a: Blurry Eyes|Feraligatr, M, shiny|312\/312
|move|p1a: Torkoal|Lava Plume|p2a: Blurry Eyes
|-resisted|p2a: Blurry Eyes
|-damage|p2a: Blurry Eyes|261\/312
|
|turn|4
|
|move|p2a: Blurry Eyes|Dragon Dance|p2a: Blurry Eyes
|-boost|p2a: Blurry Eyes|atk|1
|-boost|p2a: Blurry Eyes|spe|1
|move|p1a: Torkoal|Clear Smog|p2a: Blurry Eyes
|-crit|p2a: Blurry Eyes
|-damage|p2a: Blurry Eyes|205\/312
|-clearboost|p2a: Blurry Eyes
|
|turn|5
|c|âChristcrusher|girls they wanna have funn
|
|move|p2a: Blurry Eyes|Earthquake|p1a: Torkoal
|-supereffective|p1a: Torkoal
|-damage|p1a: Torkoal|149\/341
|-damage|p2a: Blurry Eyes|174\/312|[from] item: Life Orb
|move|p1a: Torkoal|Lava Plume|p2a: Blurry Eyes
|-resisted|p2a: Blurry Eyes
|-damage|p2a: Blurry Eyes|124\/312
|
|-heal|p1a: Torkoal|170\/341|[from] item: Leftovers
|turn|6
|
|switch|p1a: Poliwrath|Poliwrath, M|384\/384
|-damage|p1a: Poliwrath|360\/384|[from] Stealth Rock
|move|p2a: Blurry Eyes|Dragon Dance|p2a: Blurry Eyes
|-boost|p2a: Blurry Eyes|atk|1
|-boost|p2a: Blurry Eyes|spe|1
|
|-heal|p1a: Poliwrath|384\/384|[from] item: Leftovers
|turn|7
|
|move|p2a: Blurry Eyes|Earthquake|p1a: Poliwrath
|-damage|p1a: Poliwrath|137\/384
|-damage|p2a: Blurry Eyes|93\/312|[from] item: Life Orb
|move|p1a: Poliwrath|Circle Throw|p2a: Blurry Eyes|[miss]
|-miss|p1a: Poliwrath|p2a: Blurry Eyes
|
|-heal|p1a: Poliwrath|161\/384|[from] item: Leftovers
|turn|8
|c|âChristcrusher|aw
|c|âacidburnz|oh wow
|c|âChristcrusher|sorry hun
|c|âChristcrusher|guess he suck
|c|âChristcrusher|regardless of moves
|c|âChristcrusher|xD
|
|move|p2a: Blurry Eyes|Earthquake|p1a: Poliwrath
|-damage|p1a: Poliwrath|0 fnt
|-damage|p2a: Blurry Eyes|62\/312|[from] item: Life Orb
|faint|p1a: Poliwrath
|
|
|switch|p1a: Shiftry|Shiftry, M|229\/322
|-damage|p1a: Shiftry|189\/322|[from] Stealth Rock
|turn|9
|
|move|p2a: Blurry Eyes|Aqua Jet|p1a: Shiftry
|-resisted|p1a: Shiftry
|-damage|p1a: Shiftry|37\/322
|-damage|p2a: Blurry Eyes|31\/312|[from] item: Life Orb
|move|p1a: Shiftry|Sucker Punch|p2a: Blurry Eyes
|-fail|p2a: Blurry Eyes
|
|turn|10
|
|move|p2a: Blurry Eyes|Earthquake|p1a: Shiftry
|-resisted|p1a: Shiftry
|-damage|p1a: Shiftry|0 fnt
|-damage|p2a: Blurry Eyes|0 fnt|[from] item: Life Orb
|faint|p1a: Shiftry
|faint|p2a: Blurry Eyes
|
|
|switch|p2a: Sadisgate|Gengar, M, shiny|262\/262
|switch|p1a: Golurk|Golurk|382\/382
|-damage|p1a: Golurk|359\/382|[from] Stealth Rock
|turn|11
|
|move|p2a: Sadisgate|Shadow Ball|p1a: Golurk
|-supereffective|p1a: Golurk
|-damage|p1a: Golurk|0 fnt
|faint|p1a: Golurk
|
|
|switch|p1a: Swalot|Swalot, M|404\/404
|-damage|p1a: Swalot|354\/404|[from] Stealth Rock
|turn|12
|-message|acidburnz forfeited.
|
|win|Christcrusher
|raw|Ladder updating...
|raw|acidburnz's rating: 1467 &rarr; <strong>1447<\/strong><br \/>(-20 for losing)
|raw|Christcrusher's rating: 1463 &rarr; <strong>1489<\/strong><br \/>(+26 for winning)
|leave|acidburnz
|player|p1
|c|âChristcrusher|ggg