|join|failsohard
|join|acidburnz
|player|p1|failsohard|214
|player|p2|acidburnz|161
|gametype|singles
|gen|6
|tier|OU
|clearpoke
|poke|p1|Dragonite, F
|poke|p1|Medicham, M
|poke|p1|Keldeo
|poke|p1|Latios, M
|poke|p1|Tyranitar, F
|poke|p1|Bisharp, M
|poke|p2|Venusaur, M
|poke|p2|Latios, M
|poke|p2|Talonflame, F
|poke|p2|Skarmory, F
|poke|p2|Azumarill, F
|poke|p2|Landorus, M
|rule|Swagger Clause: Swagger is banned
|rule|Baton Pass Clause: Limit one PokÃ©mon knowing Baton Pass
|rule|Sleep Clause Mod: Limit one foe put to sleep
|rule|Species Clause: Limit one of each PokÃ©mon
|rule|OHKO Clause: OHKO moves are banned
|rule|Moody Clause: Moody is banned
|rule|Evasion Moves Clause: Evasion moves are banned
|rule|Endless Battle Clause: Forcing endless battles is banned
|rule|HP Percentage Mod: HP is shown in percentages
|teampreview
|join|H to teh O V
|
|start
|switch|p1a: Medicham|Medicham, M|261\/261
|switch|p2a: Skarmory|Skarmory, F|310\/310
|turn|1
|
|detailschange|p1a: Medicham|Medicham-Mega, M
|message|Medicham has Mega Evolved into Mega Medicham!
|move|p1a: Medicham|High Jump Kick|p2a: Skarmory
|-damage|p2a: Skarmory|109\/310
|-damage|p1a: Medicham|218\/261|[from] item: Rocky Helmet|[of] p2a: Skarmory
|move|p2a: Skarmory|Toxic|p1a: Medicham
|-status|p1a: Medicham|tox
|
|-damage|p1a: Medicham|202\/261 tox|[from] psn
|turn|2
|
|switch|p2a: Azumarill|Azumarill, F|404\/404
|move|p1a: Medicham|High Jump Kick|p2a: Azumarill
|-resisted|p2a: Azumarill
|-damage|p2a: Azumarill|161\/404
|
|-damage|p1a: Medicham|170\/261 tox|[from] psn
|turn|3
|join|teamshaded
|c| teamshaded|hold on guys
|c| teamshaded|let me ad
|c|âfailsohard|kk
|join|jefozz
|c| teamshaded|alright go for it
|join|Honchkrow Love
|
|switch|p1a: Latios|Latios, M|302\/302
|move|p2a: Azumarill|Aqua Jet|p1a: Latios
|-resisted|p1a: Latios
|-damage|p1a: Latios|226\/302
|
|turn|4
|join|BlazeBlitz
|join|LightningLuxray
|join|qc2chd
|join|froco
|join|youssefpoop
|join|kevkev246
|leave|youssefpoop
|join|qcoll23
|
|switch|p2a: Skarmory|Skarmory, F|109\/310
|move|p1a: Latios|Psyshock|p2a: Skarmory
|-resisted|p2a: Skarmory
|-damage|p2a: Skarmory|60\/310
|-damage|p1a: Latios|196\/302|[from] item: Life Orb
|
|turn|5
|leave|qcoll23
|join|qcoll23
|c|+LightningLuxray|acidburnz I used to have a really similar team o.o
|join|MegaLucario
|c|+LightningLuxray|But Aegi ban kinda screwed it ;_;
|join|probablynoobz
|c| MegaLucario|honchkrow love whatchu doing man
|join|Stormin Mormon
|c| MegaLucario|why arent you in the finals
|join|noitsPATRICK!
|
|move|p1a: Latios|Surf|p2a: Skarmory
|-damage|p2a: Skarmory|0 fnt
|-damage|p1a: Latios|166\/302|[from] item: Life Orb
|faint|p2a: Skarmory
|
|c| Honchkrow Love|nuffin
|join|aaronbeatsdean1
|
|switch|p2a: Talonflame|Talonflame, F|297\/297
|turn|6
|join|Mega-Luc
|c|âacidburnz|man i think i already lost
|join|franklin0319
|c| H to teh O V|wait until turn 14 :p
|c|âfailsohard|nah, i will lose
|
|switch|p1a: Tyranitar|Tyranitar, F|404\/404
|-weather|Sandstorm
|move|p2a: Talonflame|Brave Bird|p1a: Tyranitar
|-resisted|p1a: Tyranitar
|-damage|p1a: Tyranitar|337\/404
|-damage|p2a: Talonflame|275\/297|[from] recoil|[of] p1a: Tyranitar
|
|-weather|Sandstorm|[upkeep]
|-damage|p2a: Talonflame|257\/297|[from] sandstorm
|-heal|p2a: Talonflame|275\/297|[from] item: Leftovers
|-heal|p1a: Tyranitar|362\/404|[from] item: Leftovers
|turn|7
|leave|kevkev246
|leave|noitsPATRICK!
|
|switch|p2a: Venusaur|Venusaur, M|364\/364
|move|p1a: Tyranitar|Stealth Rock|p2a: Venusaur
|-sidestart|p2: acidburnz|move: Stealth Rock
|
|-weather|Sandstorm|[upkeep]
|-damage|p2a: Venusaur|342\/364|[from] sandstorm
|-heal|p1a: Tyranitar|387\/404|[from] item: Leftovers
|turn|8
|c| H to teh O V|leftiesflame
|c| H to teh O V|probly stall in disguise
|
|switch|p1a: Latios|Latios, M|166\/302
|detailschange|p2a: Venusaur|Venusaur-Mega, M
|message|Venusaur has Mega Evolved into Mega Venusaur!
|move|p2a: Venusaur|Sludge Bomb|p1a: Latios
|-damage|p1a: Latios|12\/302
|
|-weather|Sandstorm|[upkeep]
|-damage|p1a: Latios|0 fnt|[from] sandstorm
|-damage|p2a: Venusaur|320\/364|[from] sandstorm
|faint|p1a: Latios
|
|switch|p1a: Medicham|Medicham-Mega, M|170\/261 tox
|turn|9
|c|+LightningLuxray|failsohard's team is like standard sand offense expect Dragonite > Excadrill
|c| H to teh O V|o wow
|c| H to teh O V|true
|join|NotReallyWinning
|leave|NotReallyWinning
|join|PhonicBOOM
|
|switch|p2a: Latios|Latios, M|302\/302
|-damage|p2a: Latios|265\/302|[from] Stealth Rock
|move|p1a: Medicham|Zen Headbutt|p2a: Latios
|-resisted|p2a: Latios
|-damage|p2a: Latios|112\/302
|
|-weather|Sandstorm|[upkeep]
|-damage|p2a: Latios|94\/302|[from] sandstorm
|-damage|p1a: Medicham|154\/261 tox|[from] sandstorm
|-damage|p1a: Medicham|138\/261 tox|[from] psn
|turn|10
|
|switch|p1a: Bisharp|Bisharp, M|272\/272
|move|p2a: Latios|Defog|p1a: Bisharp
|-unboost|p1a: Bisharp|evasion|1
|-boost|p1a: Bisharp|atk|2|[from] ability: Defiant
|-sideend|p2: acidburnz|Stealth Rock|[from] move: Defog|[of] p2a: Latios
|
|-weather|none
|turn|11
|c| Stormin Mormon|uh oh
|
|move|p1a: Bisharp|Sucker Punch|p2a: Latios
|-supereffective|p2a: Latios
|-damage|p2a: Latios|0 fnt
|-damage|p1a: Bisharp|245\/272|[from] item: Life Orb
|faint|p2a: Latios
|
|c|âacidburnz|lmao
|c|âacidburnz|im fucked
|c| Stormin Mormon|you done messed up
|c| probablynoobz|keep calm and dont defog the bisharp
|
|switch|p2a: Landorus|Landorus, M|320\/320
|turn|12
|c|âfailsohard|not necessarily
|
|move|p1a: Bisharp|Sucker Punch|p2a: Landorus
|-damage|p2a: Landorus|0 fnt
|-damage|p1a: Bisharp|218\/272|[from] item: Life Orb
|faint|p2a: Landorus
|
|c| franklin0319|well gg
|c| probablynoobz|is my favorite keep calm
|c| PhonicBOOM|brave bird
|
|switch|p2a: Venusaur|Venusaur-Mega, M|320\/364
|turn|13
|c|âacidburnz|wow
|
|move|p1a: Bisharp|Psycho Cut|p2a: Venusaur
|-supereffective|p2a: Venusaur
|-damage|p2a: Venusaur|0 fnt
|-damage|p1a: Bisharp|191\/272|[from] item: Life Orb
|faint|p2a: Venusaur
|
|c|âacidburnz|the fuck?
|
|switch|p2a: Talonflame|Talonflame, F|275\/297
|turn|14
|c| H to teh O V|i
|c| H to teh O V|have
|c| H to teh O V|so
|c| H to teh O V|much
|c| H to teh O V|respect for that
|c|âfailsohard|lol
|
|move|p2a: Talonflame|Swords Dance|p2a: Talonflame
|-boost|p2a: Talonflame|atk|2
|move|p1a: Bisharp|Knock Off|p2a: Talonflame
|-damage|p2a: Talonflame|0 fnt
|-enditem|p2a: Talonflame|Leftovers|[from] move: Knock Off|[of] p1a: Bisharp
|-damage|p1a: Bisharp|164\/272|[from] item: Life Orb
|faint|p2a: Talonflame
|
|c| PhonicBOOM|hmm, no speed in that venu
|c| H to teh O V|OOOO:
|
|switch|p2a: Azumarill|Azumarill, F|161\/404
|turn|15
|c| Mega-Luc|damn go and get predictedd
|c|âfailsohard|gg
|c|âacidburnz|ffs
|
|move|p1a: Bisharp|Iron Head|p2a: Azumarill
|-crit|p2a: Azumarill
|-damage|p2a: Azumarill|0 fnt
|-damage|p1a: Bisharp|137\/272|[from] item: Life Orb
|faint|p2a: Azumarill
|
|win|failsohard
|c| H to teh O V|PhonicBOOM hes probly running speed on bisharp mac hp is garbage
|leave|acidburnz
|player|p2
|leave|Mega-Luc
|leave|probablynoobz
|c|âfailsohard|Yeah, max speed bisharp
|leave|PhonicBOOM
|c| H to teh O V|gg
|leave|qcoll23
|c|âfailsohard|thanks
|leave|Stormin Mormon
|leave|franklin0319
|leave|aaronbeatsdean1
|leave|teamshaded
|leave|BlazeBlitz
|leave|jefo
|leave|qc2chd