|join|testingmaschine
|join|AcidBurnz
|player|p1|testingmaschine|102
|player|p2|AcidBurnz|102
|gametype|singles
|gen|6
|tier|OU
|rated
|clearpoke
|poke|p1|Medicham, F
|poke|p1|Alomomola, F
|poke|p1|Landorus, M
|poke|p1|Zapdos
|poke|p1|Scizor, F
|poke|p1|Gliscor, M
|poke|p2|Garchomp, M
|poke|p2|Clefable, F
|poke|p2|Manectric, F
|poke|p2|Tentacruel, F
|poke|p2|Ferrothorn, F
|poke|p2|Talonflame, F
|rule|Swagger Clause: Swagger is banned
|rule|Baton Pass Clause: Limit one PokÃ©mon knowing Baton Pass
|rule|Sleep Clause Mod: Limit one foe put to sleep
|rule|Species Clause: Limit one of each PokÃ©mon
|rule|OHKO Clause: OHKO moves are banned
|rule|Moody Clause: Moody is banned
|rule|Evasion Moves Clause: Evasion moves are banned
|rule|Endless Battle Clause: Forcing endless battles is banned
|rule|HP Percentage Mod: HP is shown in percentages
|teampreview
|
|start
|switch|p1a: Medicham|Medicham, F|261\/261
|switch|p2a: Manectric|Manectric, F|282\/282
|turn|1
|
|detailschange|p2a: Manectric|Manectric-Mega, F
|message|Manectric has Mega Evolved into Mega Manectric!
|-ability|p2a: Manectric|Intimidate|[of] p1a: Medicham
|-unboost|p1a: Medicham|atk|1
|detailschange|p1a: Medicham|Medicham-Mega, F
|message|Medicham has Mega Evolved into Mega Medicham!
|move|p1a: Medicham|Fake Out|p2a: Manectric
|-damage|p2a: Manectric|223\/282
|cant|p2a: Manectric|flinch
|
|turn|2
|
|switch|p1a: Zapdos|Zapdos|384\/384
|-ability|p1a: Zapdos|Pressure
|move|p2a: Manectric|Volt Switch|p1a: Zapdos
|-damage|p1a: Zapdos|242\/384
|
|switch|p2a: Clefable|Clefable, F|394\/394
|
|-heal|p1a: Zapdos|266\/384|[from] item: Leftovers
|turn|3
|
|switch|p1a: Gliscor|Gliscor, M|327\/327
|move|p2a: Clefable|Calm Mind|p2a: Clefable
|-boost|p2a: Clefable|spa|1
|-boost|p2a: Clefable|spd|1
|
|-status|p1a: Gliscor|tox|[from] item: Toxic Orb
|turn|4
|
|move|p1a: Gliscor|Stealth Rock|p2a: Clefable
|-sidestart|p2: AcidBurnz|move: Stealth Rock
|move|p2a: Clefable|Calm Mind|p2a: Clefable
|-boost|p2a: Clefable|spa|1
|-boost|p2a: Clefable|spd|1
|
|turn|5
|
|move|p1a: Gliscor|Earthquake|p2a: Clefable
|-damage|p2a: Clefable|303\/394
|move|p2a: Clefable|Fire Blast|p1a: Gliscor
|-damage|p1a: Gliscor|195\/327 tox
|
|-heal|p2a: Clefable|327\/394|[from] item: Leftovers
|-heal|p1a: Gliscor|235\/327 tox|[from] ability: Poison Heal
|turn|6
|
|move|p1a: Gliscor|Earthquake|p2a: Clefable
|-damage|p2a: Clefable|222\/394
|move|p2a: Clefable|Fire Blast|p1a: Gliscor
|-damage|p1a: Gliscor|97\/327 tox
|
|-heal|p2a: Clefable|246\/394|[from] item: Leftovers
|-heal|p1a: Gliscor|137\/327 tox|[from] ability: Poison Heal
|turn|7
|
|move|p1a: Gliscor|Protect|p1a: Gliscor
|-singleturn|p1a: Gliscor|Protect
|move|p2a: Clefable|Soft-Boiled|p2a: Clefable
|-heal|p2a: Clefable|394\/394
|
|-heal|p1a: Gliscor|177\/327 tox|[from] ability: Poison Heal
|turn|8
|
|move|p1a: Gliscor|Earthquake|p2a: Clefable
|-damage|p2a: Clefable|288\/394
|move|p2a: Clefable|Moonblast|p1a: Gliscor
|-damage|p1a: Gliscor|0 fnt
|faint|p1a: Gliscor
|
|-heal|p2a: Clefable|312\/394|[from] item: Leftovers
|
|switch|p1a: Scizor|Scizor, F|292\/292
|turn|9
|
|switch|p2a: Ferrothorn|Ferrothorn, F|352\/352
|-damage|p2a: Ferrothorn|330\/352|[from] Stealth Rock
|move|p1a: Scizor|Bullet Punch|p2a: Ferrothorn
|-resisted|p2a: Ferrothorn
|-damage|p2a: Ferrothorn|282\/352
|-damage|p1a: Scizor|256\/292|[from] ability: Iron Barbs|[of] p2a: Ferrothorn
|
|-heal|p2a: Ferrothorn|304\/352|[from] item: Leftovers
|turn|10
|
|switch|p1a: Medicham|Medicham-Mega, F|261\/261
|move|p2a: Ferrothorn|Stealth Rock|p1a: Medicham
|-sidestart|p1: testingmaschine|move: Stealth Rock
|
|-heal|p2a: Ferrothorn|326\/352|[from] item: Leftovers
|turn|11
|
|move|p2a: Ferrothorn|Protect|p2a: Ferrothorn
|-singleturn|p2a: Ferrothorn|Protect
|move|p1a: Medicham|Fire Punch|p2a: Ferrothorn
|-activate|p2a: Ferrothorn|Protect
|
|-heal|p2a: Ferrothorn|348\/352|[from] item: Leftovers
|turn|12
|
|move|p1a: Medicham|High Jump Kick|p2a: Ferrothorn|[miss]
|-miss|p1a: Medicham|p2a: Ferrothorn
|-damage|p1a: Medicham|131\/261|[from] highjumpkick
|move|p2a: Ferrothorn|Leech Seed|p1a: Medicham
|-start|p1a: Medicham|move: Leech Seed
|
|-heal|p2a: Ferrothorn|352\/352|[from] item: Leftovers
|-damage|p1a: Medicham|99\/261|[from] Leech Seed|[of] p2a: Ferrothorn
|turn|13
|
|switch|p1a: Alomomola|Alomomola, F|471\/471
|-damage|p1a: Alomomola|413\/471|[from] Stealth Rock
|move|p2a: Ferrothorn|Protect|p2a: Ferrothorn
|-fail|p2a: Ferrothorn
|
|-heal|p1a: Alomomola|442\/471|[from] item: Leftovers
|turn|14
|chat|AcidBurnz|that miss though
|chat|testingmaschine|lag?
|chat|testingmaschine|lagtest
|leave|AcidBurnz
|chat|testingmaschine|laaag
|chat|AcidBurnz|asdfasd
|player|p2
|chat|testingmaschine|lag
|chat|testingmaschine|....
|join|AcidBurnz
|player|p2|AcidBurnz|102
|chat|AcidBurnz|wth
|
|move|p1a: Alomomola|Wish|p1a: Alomomola
|move|p2a: Ferrothorn|Leech Seed|p1a: Alomomola
|-start|p1a: Alomomola|move: Leech Seed
|
|-heal|p1a: Alomomola|471\/471|[from] item: Leftovers
|-damage|p1a: Alomomola|413\/471|[from] Leech Seed|[of] p2a: Ferrothorn
|turn|15
|
|switch|p1a: Zapdos|Zapdos|266\/384
|-damage|p1a: Zapdos|170\/384|[from] Stealth Rock
|-ability|p1a: Zapdos|Pressure
|move|p2a: Ferrothorn|Gyro Ball|p1a: Zapdos
|-resisted|p1a: Zapdos
|-damage|p1a: Zapdos|104\/384
|
|-heal|p1a: Zapdos|339\/384|[from] move: Wish|[wisher] Alomomola
|-heal|p1a: Zapdos|363\/384|[from] item: Leftovers
|turn|16
|chat|testingmaschine|so laggy
|
|switch|p2a: Clefable|Clefable, F|312\/394
|move|p1a: Zapdos|Defog|p2a: Clefable
|-unboost|p2a: Clefable|evasion|1
|-sideend|p2: AcidBurnz|Stealth Rock|[from] move: Defog|[of] p2a: Clefable
|-sideend|p1: testingmaschine|Stealth Rock|[from] move: Defog|[of] p1a: Zapdos
|
|-heal|p1a: Zapdos|384\/384|[from] item: Leftovers
|-heal|p2a: Clefable|336\/394|[from] item: Leftovers
|turn|17
|
|move|p1a: Zapdos|Volt Switch|p2a: Clefable
|-damage|p2a: Clefable|231\/394
|
|switch|p1a: Landorus|Landorus, M|319\/319
|move|p2a: Clefable|Fire Blast|p1a: Landorus
|-damage|p1a: Landorus|217\/319
|
|-heal|p2a: Clefable|255\/394|[from] item: Leftovers
|turn|18
|
|switch|p2a: Ferrothorn|Ferrothorn, F|352\/352
|move|p1a: Landorus|Psychic|p2a: Ferrothorn
|-resisted|p2a: Ferrothorn
|-damage|p2a: Ferrothorn|278\/352
|
|-heal|p2a: Ferrothorn|300\/352|[from] item: Leftovers
|turn|19
|
|move|p1a: Landorus|Earth Power|p2a: Ferrothorn
|-damage|p2a: Ferrothorn|69\/352
|move|p2a: Ferrothorn|Leech Seed|p1a: Landorus
|-start|p1a: Landorus|move: Leech Seed
|
|-heal|p2a: Ferrothorn|91\/352|[from] item: Leftovers
|-damage|p1a: Landorus|178\/319|[from] Leech Seed|[of] p2a: Ferrothorn
|-heal|p2a: Ferrothorn|130\/352|[silent]
|turn|20
|
|switch|p1a: Medicham|Medicham-Mega, F|99\/261
|switch|p2a: Talonflame|Talonflame, F|297\/297
|
|turn|21
|
|move|p1a: Medicham|Fake Out|p2a: Talonflame
|-damage|p2a: Talonflame|185\/297
|cant|p2a: Talonflame|flinch
|
|-heal|p2a: Talonflame|203\/297|[from] item: Leftovers
|turn|22
|
|switch|p2a: Manectric|Manectric-Mega, F|223\/282
|-ability|p2a: Manectric|Intimidate|[of] p1a: Medicham
|-unboost|p1a: Medicham|atk|1
|switch|p1a: Scizor|Scizor, F|256\/292
|
|turn|23
|
|switch|p1a: Zapdos|Zapdos|384\/384
|-ability|p1a: Zapdos|Pressure
|move|p2a: Manectric|Flamethrower|p1a: Zapdos
|-damage|p1a: Zapdos|272\/384
|
|-heal|p1a: Zapdos|296\/384|[from] item: Leftovers
|turn|24
|
|move|p2a: Manectric|Thunderbolt|p1a: Zapdos
|-damage|p1a: Zapdos|103\/384
|move|p1a: Zapdos|Roost|p1a: Zapdos
|-heal|p1a: Zapdos|295\/384
|
|-heal|p1a: Zapdos|319\/384|[from] item: Leftovers
|turn|25
|
|move|p2a: Manectric|Volt Switch|p1a: Zapdos
|-damage|p1a: Zapdos|172\/384
|
|switch|p2a: Clefable|Clefable, F|255\/394
|move|p1a: Zapdos|Roost|p1a: Zapdos
|-heal|p1a: Zapdos|364\/384
|
|-heal|p1a: Zapdos|384\/384|[from] item: Leftovers
|-heal|p2a: Clefable|279\/394|[from] item: Leftovers
|turn|26
|
|move|p1a: Zapdos|Volt Switch|p2a: Clefable
|-damage|p2a: Clefable|177\/394
|
|switch|p1a: Landorus|Landorus, M|178\/319
|move|p2a: Clefable|Moonblast|p1a: Landorus
|-damage|p1a: Landorus|40\/319
|
|-heal|p2a: Clefable|201\/394|[from] item: Leftovers
|turn|27
|
|switch|p2a: Talonflame|Talonflame, F|203\/297
|move|p1a: Landorus|Earth Power|p2a: Talonflame
|-immune|p2a: Talonflame|[msg]
|
|-heal|p2a: Talonflame|221\/297|[from] item: Leftovers
|turn|28
|
|switch|p1a: Zapdos|Zapdos|384\/384
|-ability|p1a: Zapdos|Pressure
|move|p2a: Talonflame|Swords Dance|p2a: Talonflame
|-boost|p2a: Talonflame|atk|2
|
|-heal|p2a: Talonflame|239\/297|[from] item: Leftovers
|turn|29
|
|move|p2a: Talonflame|Flare Blitz|p1a: Zapdos
|-damage|p1a: Zapdos|140\/384
|-damage|p2a: Talonflame|158\/297|[from] recoil|[of] p1a: Zapdos
|move|p1a: Zapdos|Volt Switch|p2a: Talonflame
|-supereffective|p2a: Talonflame
|-damage|p2a: Talonflame|0 fnt
|faint|p2a: Talonflame
|chat|AcidBurnz|huh
|
|switch|p1a: Medicham|Medicham-Mega, F|99\/261
|
|
|switch|p2a: Manectric|Manectric-Mega, F|223\/282
|-ability|p2a: Manectric|Intimidate|[of] p1a: Medicham
|-unboost|p1a: Medicham|atk|1
|turn|30
|
|move|p1a: Medicham|Fake Out|p2a: Manectric
|-damage|p2a: Manectric|155\/282
|cant|p2a: Manectric|flinch
|
|turn|31
|
|switch|p1a: Alomomola|Alomomola, F|471\/471
|move|p2a: Manectric|Thunderbolt|p1a: Alomomola
|-supereffective|p1a: Alomomola
|-damage|p1a: Alomomola|61\/471
|
|-heal|p1a: Alomomola|90\/471|[from] item: Leftovers
|turn|32
|
|move|p1a: Alomomola|Protect|p1a: Alomomola
|-singleturn|p1a: Alomomola|Protect
|move|p2a: Manectric|Volt Switch|p1a: Alomomola
|-activate|p1a: Alomomola|Protect
|
|-heal|p1a: Alomomola|119\/471|[from] item: Leftovers
|turn|33
|
|move|p2a: Manectric|Volt Switch|p1a: Alomomola
|-supereffective|p1a: Alomomola
|-damage|p1a: Alomomola|0 fnt
|faint|p1a: Alomomola
|
|switch|p2a: Ferrothorn|Ferrothorn, F|130\/352
|
|-heal|p2a: Ferrothorn|152\/352|[from] item: Leftovers
|
|switch|p1a: Medicham|Medicham-Mega, F|99\/261
|turn|34
|
|move|p2a: Ferrothorn|Protect|p2a: Ferrothorn
|-singleturn|p2a: Ferrothorn|Protect
|move|p1a: Medicham|Fire Punch|p2a: Ferrothorn
|-activate|p2a: Ferrothorn|Protect
|
|-heal|p2a: Ferrothorn|174\/352|[from] item: Leftovers
|turn|35
|
|move|p1a: Medicham|High Jump Kick|p2a: Ferrothorn|[miss]
|-miss|p1a: Medicham|p2a: Ferrothorn
|-damage|p1a: Medicham|0 fnt|[from] highjumpkick
|faint|p1a: Medicham
|move|p2a: Ferrothorn|Gyro Ball|p1: Medicham|[notarget]
|-notarget
|
|-heal|p2a: Ferrothorn|196\/352|[from] item: Leftovers
|chat|AcidBurnz|ohhhhh
|chat|AcidBurnz|game changer
|chat|testingmaschine|lol
|
|switch|p1a: Zapdos|Zapdos|140\/384
|-ability|p1a: Zapdos|Pressure
|turn|36
|
|move|p2a: Ferrothorn|Protect|p2a: Ferrothorn
|-singleturn|p2a: Ferrothorn|Protect
|move|p1a: Zapdos|Roost|p1a: Zapdos
|-heal|p1a: Zapdos|332\/384
|
|-heal|p1a: Zapdos|356\/384|[from] item: Leftovers
|-heal|p2a: Ferrothorn|218\/352|[from] item: Leftovers
|turn|37
|
|switch|p2a: Garchomp|Garchomp, M|358\/358
|move|p1a: Zapdos|Heat Wave|p2a: Garchomp
|-resisted|p2a: Garchomp
|-damage|p2a: Garchomp|304\/358
|
|-heal|p1a: Zapdos|380\/384|[from] item: Leftovers
|turn|38
|
|switch|p1a: Scizor|Scizor, F|256\/292
|move|p2a: Garchomp|Swords Dance|p2a: Garchomp
|-boost|p2a: Garchomp|atk|2
|
|turn|39
|
|move|p1a: Scizor|Bullet Punch|p2a: Garchomp
|-damage|p2a: Garchomp|126\/358
|-damage|p1a: Scizor|220\/292|[from] ability: Rough Skin|[of] p2a: Garchomp
|move|p2a: Garchomp|Fire Fang|p1a: Scizor
|-supereffective|p1a: Scizor
|-damage|p1a: Scizor|0 fnt
|faint|p1a: Scizor
|
|
|switch|p1a: Landorus|Landorus, M|40\/319
|turn|40
|
|move|p2a: Garchomp|Dragon Claw|p1a: Landorus
|-damage|p1a: Landorus|0 fnt
|faint|p1a: Landorus
|
|chat|testingmaschine|gg
|
|switch|p1a: Zapdos|Zapdos|380\/384
|-ability|p1a: Zapdos|Pressure
|turn|41
|chat|AcidBurnz|gg
|
|move|p2a: Garchomp|Dragon Claw|p1a: Zapdos
|-damage|p1a: Zapdos|139\/384
|move|p1a: Zapdos|Heat Wave|p2a: Garchomp
|-resisted|p2a: Garchomp
|-damage|p2a: Garchomp|71\/358
|
|-heal|p1a: Zapdos|163\/384|[from] item: Leftovers
|turn|42
|
|move|p2a: Garchomp|Dragon Claw|p1a: Zapdos
|-damage|p1a: Zapdos|0 fnt
|faint|p1a: Zapdos
|
|win|AcidBurnz
|raw|Ladder updating...
|raw|testingmaschine's rating: 1489 &rarr; <strong>1468<\/strong><br \/>(-21 for losing)
|raw|AcidBurnz's rating: 1476 &rarr; <strong>1496<\/strong><br \/>(+20 for winning)
|chat|AcidBurnz|wp