|join|AcidBurnz
|join|SplashManJr
|player|p1|AcidBurnz|170
|player|p2|SplashManJr|68
|gametype|singles
|gen|6
|tier|OU
|rated
|clearpoke
|poke|p1|Venusaur, F
|poke|p1|Latios, M
|poke|p1|Conkeldurr, M
|poke|p1|Heatran, F
|poke|p1|Magnezone
|poke|p1|Landorus, M
|poke|p2|Gliscor, M
|poke|p2|Latias, F
|poke|p2|Rotom-Wash
|poke|p2|Infernape, M
|poke|p2|Kyurem-Black
|poke|p2|Scizor, M
|rule|Swagger Clause: Swagger is banned
|rule|Baton Pass Clause: Limit one PokÃ©mon knowing Baton Pass
|rule|Sleep Clause Mod: Limit one foe put to sleep
|rule|Species Clause: Limit one of each PokÃ©mon
|rule|OHKO Clause: OHKO moves are banned
|rule|Moody Clause: Moody is banned
|rule|Evasion Moves Clause: Evasion moves are banned
|rule|Endless Battle Clause: Forcing endless battles is banned
|rule|HP Percentage Mod: HP is reported as percentages
|teampreview
|chat|AcidBurnz|gl
|chat|SplashManJr|u2
|
|start
|switch|p1a: Landorus|Landorus, M|320\/320
|switch|p2a: Gliscor|Gliscor, M|354\/354
|turn|1
|
|move|p1a: Landorus|Psychic|p2a: Gliscor
|-damage|p2a: Gliscor|142\/354
|move|p2a: Gliscor|Stealth Rock|p1a: Landorus
|-sidestart|p1: AcidBurnz|move: Stealth Rock
|
|-status|p2a: Gliscor|tox|[from] item: Toxic Orb
|turn|2
|
|switch|p2a: Latias|Latias, F|302\/302
|move|p1a: Landorus|Psychic|p2a: Latias
|-resisted|p2a: Latias
|-damage|p2a: Latias|236\/302
|
|turn|3
|
|switch|p1a: Heatran|Heatran, F|377\/377
|-damage|p1a: Heatran|330\/377|[from] Stealth Rock
|move|p2a: Latias|Draco Meteor|p1a: Heatran
|-resisted|p1a: Heatran
|-damage|p1a: Heatran|192\/377
|-unboost|p2a: Latias|spa|2
|-damage|p2a: Latias|206\/302|[from] item: Life Orb
|
|-heal|p1a: Heatran|215\/377|[from] item: Leftovers
|turn|4
|
|switch|p2a: Rotom-Wash|Rotom-Wash|303\/303
|move|p1a: Heatran|Lava Plume|p2a: Rotom-Wash
|-resisted|p2a: Rotom-Wash
|-damage|p2a: Rotom-Wash|247\/303
|
|-heal|p2a: Rotom-Wash|265\/303|[from] item: Leftovers
|-heal|p1a: Heatran|238\/377|[from] item: Leftovers
|turn|5
|
|switch|p1a: Latios|Latios, M|302\/302
|-damage|p1a: Latios|265\/302|[from] Stealth Rock
|move|p2a: Rotom-Wash|Volt Switch|p1a: Latios
|-resisted|p1a: Latios
|-damage|p1a: Latios|226\/302
|
|switch|p2a: Scizor|Scizor, M|281\/281
|
|turn|6
|
|switch|p1a: Magnezone|Magnezone|282\/282
|-damage|p1a: Magnezone|265\/282|[from] Stealth Rock
|detailschange|p2a: Scizor|Scizor-Mega, M
|message|Scizor has Mega Evolved into Mega Scizor!
|move|p2a: Scizor|Superpower|p1a: Magnezone
|-supereffective|p1a: Magnezone
|-damage|p1a: Magnezone|0 fnt
|-unboost|p2a: Scizor|atk|1
|-unboost|p2a: Scizor|def|1
|faint|p1a: Magnezone
|
|chat|AcidBurnz|oh wow
|
|switch|p1a: Conkeldurr|Conkeldurr, M|409\/409
|-damage|p1a: Conkeldurr|384\/409|[from] Stealth Rock
|turn|7
|
|move|p2a: Scizor|U-turn|p1a: Conkeldurr
|-resisted|p1a: Conkeldurr
|-damage|p1a: Conkeldurr|330\/409
|
|switch|p2a: Gliscor|Gliscor, M|142\/354 tox
|move|p1a: Conkeldurr|Fire Punch|p2a: Gliscor
|-damage|p2a: Gliscor|19\/354 tox
|
|-heal|p2a: Gliscor|63\/354 tox|[from] ability: Poison Heal
|turn|8
|
|move|p2a: Gliscor|Toxic|p1a: Conkeldurr
|-status|p1a: Conkeldurr|tox
|move|p1a: Conkeldurr|Fire Punch|p2a: Gliscor
|-damage|p2a: Gliscor|0 fnt
|faint|p2a: Gliscor
|
|-damage|p1a: Conkeldurr|305\/409 tox|[from] psn
|
|switch|p2a: Latias|Latias, F|206\/302
|turn|9
|
|switch|p2a: Rotom-Wash|Rotom-Wash|265\/303
|switch|p1a: Heatran|Heatran, F|238\/377
|-damage|p1a: Heatran|191\/377|[from] Stealth Rock
|
|-heal|p2a: Rotom-Wash|283\/303|[from] item: Leftovers
|-heal|p1a: Heatran|214\/377|[from] item: Leftovers
|turn|10
|
|move|p2a: Rotom-Wash|Hydro Pump|p1a: Heatran
|-supereffective|p1a: Heatran
|-damage|p1a: Heatran|0 fnt
|faint|p1a: Heatran
|
|-heal|p2a: Rotom-Wash|301\/303|[from] item: Leftovers
|
|switch|p1a: Venusaur|Venusaur, F|364\/364
|-damage|p1a: Venusaur|319\/364|[from] Stealth Rock
|turn|11
|
|detailschange|p1a: Venusaur|Venusaur-Mega, F
|message|Venusaur has Mega Evolved into Mega Venusaur!
|move|p2a: Rotom-Wash|Will-O-Wisp|p1a: Venusaur
|-status|p1a: Venusaur|brn
|move|p1a: Venusaur|Leech Seed|p2a: Rotom-Wash
|-start|p2a: Rotom-Wash|move: Leech Seed
|
|-heal|p2a: Rotom-Wash|303\/303|[from] item: Leftovers
|-damage|p2a: Rotom-Wash|266\/303|[from] Leech Seed|[of] p1a: Venusaur
|-heal|p1a: Venusaur|356\/364 brn|[silent]
|-damage|p1a: Venusaur|311\/364 brn|[from] brn
|turn|12
|
|move|p2a: Rotom-Wash|Volt Switch|p1a: Venusaur
|-resisted|p1a: Venusaur
|-damage|p1a: Venusaur|276\/364 brn
|
|switch|p2a: Latias|Latias, F|206\/302
|move|p1a: Venusaur|Sludge Bomb|p2a: Latias
|-damage|p2a: Latias|64\/302
|
|-damage|p1a: Venusaur|231\/364 brn|[from] brn
|turn|13
|
|switch|p1a: Latios|Latios, M|226\/302
|-damage|p1a: Latios|189\/302|[from] Stealth Rock
|move|p2a: Latias|Draco Meteor|p1a: Latios
|-supereffective|p1a: Latios
|-damage|p1a: Latios|0 fnt
|-unboost|p2a: Latias|spa|2
|-damage|p2a: Latias|34\/302|[from] item: Life Orb
|faint|p1a: Latios
|
|
|switch|p1a: Landorus|Landorus, M|320\/320
|-damage|p1a: Landorus|280\/320|[from] Stealth Rock
|turn|14
|
|move|p2a: Latias|Healing Wish|p2a: Latias
|faint|p2a: Latias
|move|p1a: Landorus|Psychic|p2: Latias|[notarget]
|-notarget
|
|
|switch|p2a: Scizor|Scizor-Mega, M|281\/281
|-heal|p2a: Scizor|281\/281|[from] move: Healing Wish
|turn|15
|
|move|p1a: Landorus|Earth Power|p2a: Scizor
|-damage|p2a: Scizor|51\/281
|move|p2a: Scizor|Swords Dance|p2a: Scizor
|-boost|p2a: Scizor|atk|2
|
|turn|16
|
|move|p2a: Scizor|Bullet Punch|p1a: Landorus
|-damage|p1a: Landorus|0 fnt
|faint|p1a: Landorus
|
|
|switch|p1a: Conkeldurr|Conkeldurr, M|305\/409 tox
|-damage|p1a: Conkeldurr|280\/409 tox|[from] Stealth Rock
|turn|17
|
|move|p2a: Scizor|Bullet Punch|p1a: Conkeldurr
|-damage|p1a: Conkeldurr|0 fnt
|faint|p1a: Conkeldurr
|
|-message|AcidBurnz forfeited.
|
|win|SplashManJr
|raw|Ladder updating...
|leave|AcidBurnz
|player|p1
|raw|AcidBurnz's rating: 1462 &rarr; <strong>1443<\/strong><br \/>(-19 for losing)
|raw|SplashManJr's rating: 1472 &rarr; <strong>1491<\/strong><br \/>(+19 for winning)