|join|AcidBurnz
|join|Starform
|player|p1|AcidBurnz|161
|player|p2|Starform|209
|gametype|singles
|gen|6
|tier|OU
|rated
|clearpoke
|poke|p1|Heatran, M
|poke|p1|Suicune
|poke|p1|Garchomp, F
|poke|p1|Zapdos
|poke|p1|Ferrothorn, M
|poke|p1|Gengar, M
|poke|p2|Slowbro, F
|poke|p2|Amoonguss, M
|poke|p2|Mandibuzz, F
|poke|p2|Tyranitar, F
|poke|p2|Ditto
|poke|p2|Heracross, F
|rule|Swagger Clause: Swagger is banned
|rule|Baton Pass Clause: Limit one PokÃ©mon knowing Baton Pass
|rule|Sleep Clause Mod: Limit one foe put to sleep
|rule|Species Clause: Limit one of each PokÃ©mon
|rule|OHKO Clause: OHKO moves are banned
|rule|Moody Clause: Moody is banned
|rule|Evasion Moves Clause: Evasion moves are banned
|rule|Endless Battle Clause: Forcing endless battles is banned
|rule|HP Percentage Mod: HP is shown in percentages
|teampreview
|
|start
|switch|p1a: Garchomp|Garchomp, F|357\/357
|switch|p2a: Acnologia|Mandibuzz, F|423\/423
|turn|1
|
|switch|p1a: Suicune|Suicune|404\/404
|-ability|p1a: Suicune|Pressure
|move|p2a: Acnologia|Foul Play|p1a: Suicune
|-damage|p1a: Suicune|352\/404
|
|-heal|p1a: Suicune|377\/404|[from] item: Leftovers
|turn|2
|
|move|p1a: Suicune|Calm Mind|p1a: Suicune
|-boost|p1a: Suicune|spa|1
|-boost|p1a: Suicune|spd|1
|move|p2a: Acnologia|Taunt|p1a: Suicune
|-start|p1a: Suicune|move: Taunt
|
|-heal|p1a: Suicune|402\/404|[from] item: Leftovers
|turn|3
|
|switch|p2a: Cepheid|Amoonguss, M|432\/432
|move|p1a: Suicune|Scald|p2a: Cepheid
|-resisted|p2a: Cepheid
|-damage|p2a: Cepheid|381\/432
|
|-heal|p1a: Suicune|404\/404|[from] item: Leftovers
|-heal|p2a: Cepheid|408\/432|[from] item: Black Sludge
|turn|4
|
|move|p1a: Suicune|Scald|p2a: Cepheid
|-resisted|p2a: Cepheid
|-damage|p2a: Cepheid|351\/432
|move|p2a: Cepheid|Spore|p1a: Suicune
|-status|p1a: Suicune|slp
|
|-heal|p2a: Cepheid|378\/432|[from] item: Black Sludge
|turn|5
|
|cant|p1a: Suicune|slp
|move|p2a: Cepheid|Clear Smog|p1a: Suicune
|-damage|p1a: Suicune|373\/404 slp
|-clearboost|p1a: Suicune
|
|-heal|p1a: Suicune|398\/404 slp|[from] item: Leftovers
|-heal|p2a: Cepheid|405\/432|[from] item: Black Sludge
|-end|p1a: Suicune|move: Taunt
|turn|6
|
|cant|p1a: Suicune|slp
|move|p1a: Suicune|Sleep Talk|p1a: Suicune
|move|p1a: Suicune|Rest|p1a: Suicune|[from]Sleep Talk
|-fail|p1a: Suicune
|move|p2a: Cepheid|Giga Drain|p1a: Suicune
|-supereffective|p1a: Suicune
|-damage|p1a: Suicune|270\/404 slp
|-heal|p2a: Cepheid|432\/432|[from] drain|[of] p1a: Suicune
|
|-heal|p1a: Suicune|295\/404 slp|[from] item: Leftovers
|turn|7
|
|-curestatus|p1a: Suicune|slp
|move|p1a: Suicune|Sleep Talk|p1a: Suicune
|-fail|p1a: Suicune
|move|p2a: Cepheid|Giga Drain|p1a: Suicune
|-crit|p1a: Suicune
|-supereffective|p1a: Suicune
|-damage|p1a: Suicune|97\/404
|
|-heal|p1a: Suicune|122\/404|[from] item: Leftovers
|turn|8
|
|move|p1a: Suicune|Rest|p1a: Suicune
|-status|p1a: Suicune|slp
|-heal|p1a: Suicune|404\/404 slp|[silent]
|-status|p1a: Suicune|slp|[from] move: Rest
|move|p2a: Cepheid|Giga Drain|p1a: Suicune
|-supereffective|p1a: Suicune
|-damage|p1a: Suicune|272\/404 slp
|
|-heal|p1a: Suicune|297\/404 slp|[from] item: Leftovers
|turn|9
|
|cant|p1a: Suicune|slp
|move|p1a: Suicune|Sleep Talk|p1a: Suicune
|move|p1a: Suicune|Calm Mind|p1a: Suicune|[from]Sleep Talk
|-boost|p1a: Suicune|spa|1
|-boost|p1a: Suicune|spd|1
|move|p2a: Cepheid|Giga Drain|p1a: Suicune
|-supereffective|p1a: Suicune
|-damage|p1a: Suicune|211\/404 slp
|
|-heal|p1a: Suicune|236\/404 slp|[from] item: Leftovers
|turn|10
|
|cant|p1a: Suicune|slp
|move|p1a: Suicune|Sleep Talk|p1a: Suicune
|move|p1a: Suicune|Rest|p1a: Suicune|[from]Sleep Talk
|-fail|p1a: Suicune
|move|p2a: Cepheid|Clear Smog|p1a: Suicune
|-damage|p1a: Suicune|203\/404 slp
|-clearboost|p1a: Suicune
|
|-heal|p1a: Suicune|228\/404 slp|[from] item: Leftovers
|turn|11
|
|-curestatus|p1a: Suicune|slp
|move|p1a: Suicune|Rest|p1a: Suicune
|-status|p1a: Suicune|slp
|-heal|p1a: Suicune|404\/404 slp|[silent]
|-status|p1a: Suicune|slp|[from] move: Rest
|move|p2a: Cepheid|Giga Drain|p1a: Suicune
|-supereffective|p1a: Suicune
|-damage|p1a: Suicune|276\/404 slp
|
|-heal|p1a: Suicune|301\/404 slp|[from] item: Leftovers
|turn|12
|
|cant|p1a: Suicune|slp
|move|p1a: Suicune|Sleep Talk|p1a: Suicune
|move|p1a: Suicune|Scald|p2a: Cepheid|[from]Sleep Talk
|-resisted|p2a: Cepheid
|-damage|p2a: Cepheid|398\/432
|-status|p2a: Cepheid|brn
|move|p2a: Cepheid|Giga Drain|p1a: Suicune
|-supereffective|p1a: Suicune
|-damage|p1a: Suicune|167\/404 slp
|-heal|p2a: Cepheid|432\/432 brn|[from] drain|[of] p1a: Suicune
|
|-heal|p1a: Suicune|192\/404 slp|[from] item: Leftovers
|-damage|p2a: Cepheid|378\/432 brn|[from] brn
|turn|13
|
|cant|p1a: Suicune|slp
|move|p1a: Suicune|Sleep Talk|p1a: Suicune
|move|p1a: Suicune|Rest|p1a: Suicune|[from]Sleep Talk
|-fail|p1a: Suicune
|move|p2a: Cepheid|Giga Drain|p1a: Suicune
|-supereffective|p1a: Suicune
|-damage|p1a: Suicune|48\/404 slp
|-heal|p2a: Cepheid|432\/432 brn|[from] drain|[of] p1a: Suicune
|
|-heal|p1a: Suicune|73\/404 slp|[from] item: Leftovers
|-damage|p2a: Cepheid|378\/432 brn|[from] brn
|turn|14
|
|switch|p2a: Ambience|Heracross, F|311\/311
|-curestatus|p1a: Suicune|slp
|move|p1a: Suicune|Rest|p1a: Suicune
|-status|p1a: Suicune|slp
|-heal|p1a: Suicune|404\/404 slp|[silent]
|-status|p1a: Suicune|slp|[from] move: Rest
|
|turn|15
|
|switch|p1a: Gengar|Gengar, M|262\/262
|detailschange|p2a: Ambience|Heracross-Mega, F
|message|Heracross has Mega Evolved into Mega Heracross!
|move|p2a: Ambience|Substitute|p2a: Ambience
|-start|p2a: Ambience|Substitute
|-damage|p2a: Ambience|234\/311
|
|turn|16
|
|move|p1a: Gengar|Dazzling Gleam|p2a: Ambience
|-supereffective|p2a: Ambience
|-end|p2a: Ambience|Substitute
|move|p2a: Ambience|Rock Blast|p1a: Gengar
|-damage|p1a: Gengar|200\/262
|-damage|p1a: Gengar|138\/262
|-damage|p1a: Gengar|72\/262
|-damage|p1a: Gengar|4\/262
|-damage|p1a: Gengar|0 fnt
|-hitcount|p1a: Gengar|5
|faint|p1a: Gengar
|
|
|switch|p1a: Garchomp|Garchomp, F|357\/357
|turn|17
|
|switch|p2a: Acnologia|Mandibuzz, F|423\/423
|move|p1a: Garchomp|Swords Dance|p1a: Garchomp
|-boost|p1a: Garchomp|atk|2
|
|turn|18
|
|switch|p1a: Ferrothorn|Ferrothorn, M|352\/352
|move|p2a: Acnologia|Foul Play|p1a: Ferrothorn
|-damage|p1a: Ferrothorn|283\/352
|-damage|p2a: Acnologia|371\/423|[from] ability: Iron Barbs|[of] p1a: Ferrothorn
|
|-heal|p2a: Acnologia|397\/423|[from] item: Leftovers
|-heal|p1a: Ferrothorn|305\/352|[from] item: Leftovers
|turn|19
|
|move|p2a: Acnologia|Taunt|p1a: Ferrothorn
|-start|p1a: Ferrothorn|move: Taunt
|cant|p1a: Ferrothorn|move: Taunt|Leech Seed
|
|-heal|p2a: Acnologia|423\/423|[from] item: Leftovers
|-heal|p1a: Ferrothorn|327\/352|[from] item: Leftovers
|turn|20
|
|switch|p2a: Ambience|Heracross-Mega, F|234\/311
|switch|p1a: Suicune|Suicune|404\/404 slp
|-ability|p1a: Suicune|Pressure
|
|turn|21
|
|move|p2a: Ambience|Substitute|p2a: Ambience
|-start|p2a: Ambience|Substitute
|-damage|p2a: Ambience|157\/311
|cant|p1a: Suicune|slp
|move|p1a: Suicune|Sleep Talk|p1a: Suicune
|move|p1a: Suicune|Rest|p1a: Suicune|[from]Sleep Talk
|-fail|p1a: Suicune
|
|turn|22
|
|move|p2a: Ambience|Pin Missile|p1a: Suicune
|-damage|p1a: Suicune|364\/404 slp
|-damage|p1a: Suicune|322\/404 slp
|-damage|p1a: Suicune|283\/404 slp
|-damage|p1a: Suicune|241\/404 slp
|-damage|p1a: Suicune|198\/404 slp
|-hitcount|p1a: Suicune|5
|cant|p1a: Suicune|slp
|move|p1a: Suicune|Sleep Talk|p1a: Suicune
|move|p1a: Suicune|Rest|p1a: Suicune|[from]Sleep Talk
|-fail|p1a: Suicune
|
|-heal|p1a: Suicune|223\/404 slp|[from] item: Leftovers
|turn|23
|
|move|p2a: Ambience|Pin Missile|p1a: Suicune
|-damage|p1a: Suicune|184\/404 slp
|-damage|p1a: Suicune|138\/404 slp
|-crit|p1a: Suicune
|-damage|p1a: Suicune|74\/404 slp
|-damage|p1a: Suicune|32\/404 slp
|-damage|p1a: Suicune|0 fnt
|-hitcount|p1a: Suicune|5
|faint|p1a: Suicune
|
|
|switch|p1a: Ferrothorn|Ferrothorn, M|327\/352
|turn|24
|
|move|p2a: Ambience|Close Combat|p1a: Ferrothorn
|-supereffective|p1a: Ferrothorn
|-damage|p1a: Ferrothorn|0 fnt
|-damage|p2a: Ambience|119\/311|[from] ability: Iron Barbs|[of] p1a: Ferrothorn
|-unboost|p2a: Ambience|def|1
|-unboost|p2a: Ambience|spd|1
|faint|p1a: Ferrothorn
|
|-message|AcidBurnz forfeited.
|
|win|Starform
|raw|Ladder updating...
|leave|AcidBurnz
|player|p1
|raw|AcidBurnz's rating: 1537 &rarr; <strong>1521<\/strong><br \/>(-16 for losing)
|raw|Starform's rating: 1595 &rarr; <strong>1612<\/strong><br \/>(+17 for winning)