|join|AcidBurnz
|join|Xavier702
|player|p1|AcidBurnz|161
|player|p2|Xavier702|2
|gametype|singles
|gen|6
|tier|OU
|rated
|clearpoke
|poke|p1|Sceptile, M
|poke|p1|Greninja, F
|poke|p1|Mamoswine, M
|poke|p1|Thundurus, M
|poke|p1|Scizor, M
|poke|p1|Clefable, F
|poke|p2|Sceptile, M
|poke|p2|Heatran, M
|poke|p2|Gyarados, M
|poke|p2|Scizor, F
|poke|p2|Garchomp, F
|poke|p2|Thundurus, M
|rule|Swagger Clause: Swagger is banned
|rule|Baton Pass Clause: Limit one PokÃ©mon knowing Baton Pass
|rule|Sleep Clause Mod: Limit one foe put to sleep
|rule|Species Clause: Limit one of each PokÃ©mon
|rule|OHKO Clause: OHKO moves are banned
|rule|Moody Clause: Moody is banned
|rule|Evasion Moves Clause: Evasion moves are banned
|rule|Endless Battle Clause: Forcing endless battles is banned
|rule|HP Percentage Mod: HP is shown in percentages
|teampreview
|
|start
|switch|p1a: Thundurus|Thundurus, M|299\/299
|switch|p2a: Scizor|Scizor, F|344\/344
|turn|1
|
|move|p1a: Thundurus|Thunder Wave|p2a: Scizor
|-status|p2a: Scizor|par
|move|p2a: Scizor|U-turn|p1a: Thundurus
|-resisted|p1a: Thundurus
|-damage|p1a: Thundurus|226\/299
|
|switch|p2a: Thundurus|Thundurus, M|299\/299
|
|turn|2
|
|move|p2a: Thundurus|Nasty Plot|p2a: Thundurus
|-boost|p2a: Thundurus|spa|2
|move|p1a: Thundurus|Knock Off|p2a: Thundurus
|-damage|p2a: Thundurus|143\/299
|-enditem|p2a: Thundurus|Life Orb|[from] move: Knock Off|[of] p1a: Thundurus
|-damage|p1a: Thundurus|197\/299|[from] item: Life Orb
|
|turn|3
|
|move|p1a: Thundurus|Hidden Power|p2a: Thundurus
|-supereffective|p2a: Thundurus
|-damage|p2a: Thundurus|0 fnt
|-damage|p1a: Thundurus|168\/299|[from] item: Life Orb
|faint|p2a: Thundurus
|
|c|âAcidBurnz|risky plays
|
|switch|p2a: Heatran|Heatran, M|385\/385
|turn|4
|
|move|p1a: Thundurus|Thunder Wave|p2a: Heatran
|-status|p2a: Heatran|par
|move|p2a: Heatran|Stealth Rock|p1a: Thundurus
|-sidestart|p1: AcidBurnz|move: Stealth Rock
|
|turn|5
|
|move|p1a: Thundurus|Knock Off|p2a: Heatran
|-crit|p2a: Heatran
|-damage|p2a: Heatran|228\/385 par
|-enditem|p2a: Heatran|Leftovers|[from] move: Knock Off|[of] p1a: Thundurus
|-damage|p1a: Thundurus|139\/299|[from] item: Life Orb
|move|p2a: Heatran|Lava Plume|p1a: Thundurus
|-damage|p1a: Thundurus|0 fnt
|faint|p1a: Thundurus
|
|
|switch|p1a: Sceptile|Sceptile, M|281\/281
|-damage|p1a: Sceptile|246\/281|[from] Stealth Rock
|turn|6
|
|detailschange|p1a: Sceptile|Sceptile-Mega, M
|message|Sceptile has Mega Evolved into Mega Sceptile!
|move|p1a: Sceptile|Swords Dance|p1a: Sceptile
|-boost|p1a: Sceptile|atk|2
|move|p2a: Heatran|Lava Plume|p1a: Sceptile
|-damage|p1a: Sceptile|114\/281
|-status|p1a: Sceptile|brn
|
|-damage|p1a: Sceptile|79\/281 brn|[from] brn
|turn|7
|
|move|p1a: Sceptile|Earthquake|p2a: Heatran
|-supereffective|p2a: Heatran
|-damage|p2a: Heatran|0 fnt
|faint|p2a: Heatran
|
|-damage|p1a: Sceptile|44\/281 brn|[from] brn
|
|switch|p2a: Scizor|Scizor, F|344\/344 par
|turn|8
|
|move|p2a: Scizor|Bullet Punch|p1a: Sceptile
|-crit|p1a: Sceptile
|-damage|p1a: Sceptile|0 fnt
|faint|p1a: Sceptile
|
|
|switch|p1a: Scizor|Scizor, M|282\/282
|-damage|p1a: Scizor|247\/282|[from] Stealth Rock
|turn|9
|
|move|p1a: Scizor|Defog|p2a: Scizor
|-unboost|p2a: Scizor|evasion|1
|-sideend|p1: AcidBurnz|Stealth Rock|[from] move: Defog|[of] p1a: Scizor
|cant|p2a: Scizor|par
|
|-heal|p1a: Scizor|264\/282|[from] item: Leftovers
|turn|10
|
|move|p1a: Scizor|Superpower|p2a: Scizor
|-damage|p2a: Scizor|228\/344 par
|-unboost|p1a: Scizor|atk|1
|-unboost|p1a: Scizor|def|1
|move|p2a: Scizor|U-turn|p1a: Scizor
|-resisted|p1a: Scizor
|-damage|p1a: Scizor|188\/282
|
|switch|p2a: Gyarados|Gyarados, M|393\/393
|-ability|p2a: Gyarados|Intimidate|[of] p1a: Scizor
|-unboost|p1a: Scizor|atk|1
|
|-heal|p1a: Scizor|205\/282|[from] item: Leftovers
|turn|11
|
|move|p2a: Gyarados|Dragon Dance|p2a: Gyarados
|-boost|p2a: Gyarados|atk|1
|-boost|p2a: Gyarados|spe|1
|move|p1a: Scizor|U-turn|p2a: Gyarados
|-resisted|p2a: Gyarados
|-damage|p2a: Gyarados|348\/393
|
|switch|p1a: Mamoswine|Mamoswine, M|362\/362
|
|-heal|p2a: Gyarados|372\/393|[from] item: Leftovers
|turn|12
|
|move|p2a: Gyarados|Waterfall|p1a: Mamoswine
|-supereffective|p1a: Mamoswine
|-enditem|p1a: Mamoswine|Focus Sash
|-damage|p1a: Mamoswine|1\/362
|move|p1a: Mamoswine|Endeavor|p2a: Gyarados
|-damage|p2a: Gyarados|1\/393
|
|-heal|p2a: Gyarados|25\/393|[from] item: Leftovers
|turn|13
|
|switch|p2a: Scizor|Scizor, F|228\/344 par
|move|p1a: Mamoswine|Ice Shard|p2a: Scizor
|-resisted|p2a: Scizor
|-damage|p2a: Scizor|201\/344 par
|
|-heal|p2a: Scizor|222\/344 par|[from] item: Leftovers
|turn|14
|
|switch|p1a: Scizor|Scizor, M|205\/282
|move|p2a: Scizor|U-turn|p1a: Scizor
|-resisted|p1a: Scizor
|-damage|p1a: Scizor|156\/282
|
|switch|p2a: Sceptile|Sceptile, M|281\/281
|
|-heal|p1a: Scizor|173\/282|[from] item: Leftovers
|turn|15
|
|switch|p1a: Greninja|Greninja, F|285\/285
|detailschange|p2a: Sceptile|Sceptile-Mega, M
|message|Sceptile has Mega Evolved into Mega Sceptile!
|move|p2a: Sceptile|Hidden Power|p1a: Greninja
|-resisted|p1a: Greninja
|-damage|p1a: Greninja|237\/285
|
|turn|16
|
|move|p1a: Greninja|Ice Beam|p2a: Sceptile
|-start|p1a: Greninja|typechange|Ice|[from] Protean
|-supereffective|p2a: Sceptile
|-damage|p2a: Sceptile|0 fnt
|faint|p2a: Sceptile
|
|
|switch|p2a: Scizor|Scizor, F|222\/344 par
|turn|17
|c|âAcidBurnz|gotcha!
|
|switch|p1a: Scizor|Scizor, M|173\/282
|cant|p2a: Scizor|par
|
|-heal|p1a: Scizor|190\/282|[from] item: Leftovers
|-heal|p2a: Scizor|243\/344 par|[from] item: Leftovers
|turn|18
|-message|Xavier702 forfeited.
|
|win|AcidBurnz
|raw|Ladder updating...
|leave|Xavier702
|player|p2