|join|Boikachu
|join|AcidBurnz
|player|p1|Boikachu|23
|player|p2|AcidBurnz|265
|gametype|singles
|gen|6
|tier|OU
|rated
|clearpoke
|poke|p1|Forretress, F, shiny
|poke|p1|Sableye, M, shiny
|poke|p1|Arcanine, M, shiny
|poke|p1|Blissey, F
|poke|p1|Mew
|poke|p1|Clefable, F
|poke|p2|Politoed, F
|poke|p2|Thundurus-Therian, M
|poke|p2|Swampert, F
|poke|p2|Ferrothorn, M
|poke|p2|Latias, F
|poke|p2|Tornadus, M
|rule|Swagger Clause: Swagger is banned
|rule|Baton Pass Clause: Limit one PokÃ©mon knowing Baton Pass
|rule|Sleep Clause Mod: Limit one foe put to sleep
|rule|Species Clause: Limit one of each PokÃ©mon
|rule|OHKO Clause: OHKO moves are banned
|rule|Moody Clause: Moody is banned
|rule|Evasion Moves Clause: Evasion moves are banned
|rule|Endless Battle Clause: Forcing endless battles is banned
|rule|HP Percentage Mod: HP is shown in percentages
|teampreview
|
|start
|switch|p1a: Stabilized|Sableye, M, shiny|304\/304
|switch|p2a: Politoed|Politoed, F|384\/384
|-weather|RainDance
|turn|1
Boikachu made this room hidden.
|
|detailschange|p1a: Stabilized|Sableye-Mega, M, shiny
|-mega|p1a: Stabilized|Sableye|Sablenite
|move|p1a: Stabilized|Confuse Ray|p2a: Politoed
|-start|p2a: Politoed|confusion
|-activate|p2a: Politoed|confusion
|move|p2a: Politoed|Scald|p1a: Stabilized
|-damage|p1a: Stabilized|213\/304
|-status|p1a: Stabilized|brn
|
|-weather|RainDance|[upkeep]
|-damage|p1a: Stabilized|175\/304 brn|[from] brn
|turn|2
|
|switch|p2a: Latias|Latias, F|302\/302
|move|p1a: Stabilized|Recover|p1a: Stabilized
|-heal|p1a: Stabilized|304\/304 brn
|
|-weather|RainDance|[upkeep]
|-damage|p1a: Stabilized|266\/304 brn|[from] brn
|turn|3
|
|move|p2a: Latias|Draco Meteor|p1a: Stabilized|[miss]
|-miss|p2a: Latias|p1a: Stabilized
|move|p1a: Stabilized|Recover|p1a: Stabilized
|-heal|p1a: Stabilized|304\/304 brn
|
|-weather|RainDance|[upkeep]
|-damage|p1a: Stabilized|266\/304 brn|[from] brn
|turn|4
|
|switch|p2a: Swampert|Swampert, F|361\/361
|move|p1a: Stabilized|Knock Off|p2a: Swampert
|-damage|p2a: Swampert|322\/361
|
|-weather|RainDance|[upkeep]
|-damage|p1a: Stabilized|228\/304 brn|[from] brn
|turn|5
|
|switch|p1a: Forests|Forretress, F, shiny|353\/353
|detailschange|p2a: Swampert|Swampert-Mega, F
|-mega|p2a: Swampert|Swampert|Swampertite
|move|p2a: Swampert|Waterfall|p1a: Forests
|-damage|p1a: Forests|205\/353
|
|-weather|RainDance|[upkeep]
|-heal|p1a: Forests|227\/353|[from] item: Leftovers
|turn|6
|
|move|p2a: Swampert|Waterfall|p1a: Forests
|-damage|p1a: Forests|91\/353
|move|p1a: Forests|Pain Split|p2a: Swampert
|-sethp|p2a: Swampert|206\/361|p1a: Forests|206\/353|[from] move: Pain Split
|
|-weather|RainDance|[upkeep]
|-heal|p1a: Forests|228\/353|[from] item: Leftovers
|turn|7
|
|switch|p2a: Thundurus-Therian|Thundurus-Therian, M|299\/299
|move|p1a: Forests|Reflect|p1a: Forests
|-sidestart|p1: Boikachu|Reflect
|
|-weather|RainDance|[upkeep]
|-heal|p1a: Forests|250\/353|[from] item: Leftovers
|turn|8
|
|switch|p1a: Britney|Blissey, F|651\/651
|move|p2a: Thundurus-Therian|Thunder|p1a: Britney
|-damage|p1a: Britney|491\/651
|-status|p1a: Britney|par
|
|-weather|none
|turn|9
|
|switch|p2a: Politoed|Politoed, F|384\/384
|-weather|RainDance
|move|p1a: Britney|Stealth Rock|p2a: Politoed
|-sidestart|p2: AcidBurnz|move: Stealth Rock
|
|-weather|RainDance|[upkeep]
|turn|10
|
|switch|p2a: Latias|Latias, F|302\/302
|-damage|p2a: Latias|265\/302|[from] Stealth Rock
|cant|p1a: Britney|par
|
|-weather|RainDance|[upkeep]
|turn|11
|
|move|p2a: Latias|Defog|p1a: Britney
|-unboost|p1a: Britney|evasion|1
|-sideend|p1: Boikachu|Reflect
|-sideend|p1: Boikachu|Reflect|[from] move: Defog|[of] p1a: Britney
|-sideend|p2: AcidBurnz|Stealth Rock|[from] move: Defog|[of] p2a: Latias
|move|p1a: Britney|Light Screen|p1a: Britney
|-sidestart|p1: Boikachu|move: Light Screen
|
|-weather|RainDance|[upkeep]
|turn|12
|
|move|p2a: Latias|Psyshock|p1a: Britney
|-damage|p1a: Britney|338\/651 par
|-damage|p2a: Latias|235\/302|[from] item: Life Orb
|move|p1a: Britney|Ice Beam|p2a: Latias
|-supereffective|p2a: Latias
|-damage|p2a: Latias|97\/302
|-status|p2a: Latias|frz
|-damage|p1a: Britney|273\/651 par|[from] item: Life Orb
|
|-weather|RainDance|[upkeep]
|turn|13
|
|switch|p2a: Swampert|Swampert-Mega, F|206\/361
|cant|p1a: Britney|par
|
|-weather|RainDance|[upkeep]
|turn|14
|
|switch|p1a: Forests|Forretress, F, shiny|250\/353
|move|p2a: Swampert|Waterfall|p1a: Forests
|-damage|p1a: Forests|106\/353
|
|-weather|RainDance|[upkeep]
|-heal|p1a: Forests|128\/353|[from] item: Leftovers
|turn|15
|
|move|p2a: Swampert|Waterfall|p1a: Forests
|-damage|p1a: Forests|0 fnt
|faint|p1a: Forests
|
|-weather|RainDance|[upkeep]
|-sideend|p1: Boikachu|move: Light Screen
|
|switch|p1a: Alkaline|Arcanine, M, shiny|383\/383
|-ability|p1a: Alkaline|Intimidate|[of] p2a: Swampert
|-unboost|p2a: Swampert|atk|1
|turn|16
|
|move|p2a: Swampert|Waterfall|p1a: Alkaline
|-supereffective|p1a: Alkaline
|-damage|p1a: Alkaline|105\/383
|move|p1a: Alkaline|Will-O-Wisp|p2a: Swampert
|-status|p2a: Swampert|brn
|
|-weather|none
|-damage|p2a: Swampert|161\/361 brn|[from] brn
|turn|17
|
|move|p1a: Alkaline|Morning Sun|p1a: Alkaline
|-heal|p1a: Alkaline|296\/383
|move|p2a: Swampert|Earthquake|p1a: Alkaline
|-supereffective|p1a: Alkaline
|-damage|p1a: Alkaline|170\/383
|
|-damage|p2a: Swampert|116\/361 brn|[from] brn
|turn|18
|
|switch|p2a: Politoed|Politoed, F|384\/384
|-weather|RainDance
|move|p1a: Alkaline|Morning Sun|p1a: Alkaline
|-heal|p1a: Alkaline|266\/383
|
|-weather|RainDance|[upkeep]
|turn|19
|
|switch|p1a: Britney|Blissey, F|273\/651 par
|switch|p2a: Tornadus|Tornadus, M|299\/299
|
|-weather|RainDance|[upkeep]
|turn|20
|
|move|p2a: Tornadus|Hurricane|p1a: Britney
|-damage|p1a: Britney|68\/651 par
|move|p1a: Britney|Soft-Boiled|p1a: Britney
|-heal|p1a: Britney|394\/651 par
|
|-weather|RainDance|[upkeep]
|turn|21
|
|move|p2a: Tornadus|Hurricane|p1a: Britney
|-damage|p1a: Britney|204\/651 par
|-start|p1a: Britney|confusion
|-activate|p1a: Britney|confusion
|move|p1a: Britney|Soft-Boiled|p1a: Britney
|-heal|p1a: Britney|530\/651 par
|
|-weather|RainDance|[upkeep]
|turn|22
|
|move|p2a: Tornadus|Hurricane|p1a: Britney
|-damage|p1a: Britney|338\/651 par
|-activate|p1a: Britney|confusion
|move|p1a: Britney|Light Screen|p1a: Britney
|-sidestart|p1: Boikachu|move: Light Screen
|
|-weather|RainDance|[upkeep]
|turn|23
|
|switch|p2a: Ferrothorn|Ferrothorn, M|351\/351
|-end|p1a: Britney|confusion
|move|p1a: Britney|Soft-Boiled|p1a: Britney
|-heal|p1a: Britney|651\/651 par
|
|-weather|RainDance|[upkeep]
|turn|24
|
|switch|p2a: Thundurus-Therian|Thundurus-Therian, M|299\/299
|switch|p1a: Stabilized|Sableye-Mega, M, shiny|228\/304 brn
|
|-weather|RainDance|[upkeep]
|-damage|p1a: Stabilized|190\/304 brn|[from] brn
|turn|25
|
|move|p2a: Thundurus-Therian|Thunder|p1a: Stabilized
|-crit|p1a: Stabilized
|-damage|p1a: Stabilized|0 fnt
|faint|p1a: Stabilized
|
|-weather|none
|
|switch|p1a: Crusader|Clefable, F|391\/391
|turn|26
|
|switch|p2a: Politoed|Politoed, F|384\/384
|-weather|RainDance
|move|p1a: Crusader|Aromatherapy|p1a: Crusader
|-cureteam|p1a: Crusader|[from] move: Aromatherapy
|
|-weather|RainDance|[upkeep]
|-sideend|p1: Boikachu|move: Light Screen
|turn|27
|
|switch|p1a: Mute|Mew|343\/343
|move|p2a: Politoed|Encore|p1a: Mute
|-fail|p1a: Mute
|
|-weather|RainDance|[upkeep]
|turn|28
|
|switch|p2a: Ferrothorn|Ferrothorn, M|351\/351
|move|p1a: Mute|Scald|p2a: Ferrothorn
|-resisted|p2a: Ferrothorn
|-damage|p2a: Ferrothorn|300\/351
|-status|p2a: Ferrothorn|brn
|
|-weather|RainDance|[upkeep]
|-damage|p2a: Ferrothorn|257\/351 brn|[from] brn
|turn|29
|
|move|p1a: Mute|Calm Mind|p1a: Mute
|-boost|p1a: Mute|spa|1
|-boost|p1a: Mute|spd|1
|move|p2a: Ferrothorn|Leech Seed|p1a: Mute
|-start|p1a: Mute|move: Leech Seed
|
|-weather|RainDance|[upkeep]
|-damage|p1a: Mute|301\/343|[from] Leech Seed|[of] p2a: Ferrothorn
|-heal|p2a: Ferrothorn|299\/351 brn|[silent]
|-damage|p2a: Ferrothorn|256\/351 brn|[from] brn
|turn|30
|
|move|p1a: Mute|Calm Mind|p1a: Mute
|-boost|p1a: Mute|spa|1
|-boost|p1a: Mute|spd|1
|move|p2a: Ferrothorn|Stealth Rock|p1a: Mute
|-sidestart|p1: Boikachu|move: Stealth Rock
|
|-weather|RainDance|[upkeep]
|-damage|p1a: Mute|259\/343|[from] Leech Seed|[of] p2a: Ferrothorn
|-heal|p2a: Ferrothorn|298\/351 brn|[silent]
|-damage|p2a: Ferrothorn|255\/351 brn|[from] brn
|turn|31
|
|move|p1a: Mute|Calm Mind|p1a: Mute
|-boost|p1a: Mute|spa|1
|-boost|p1a: Mute|spd|1
|move|p2a: Ferrothorn|Spikes|p1a: Mute
|-sidestart|p1: Boikachu|Spikes
|
|-weather|RainDance|[upkeep]
|-damage|p1a: Mute|217\/343|[from] Leech Seed|[of] p2a: Ferrothorn
|-heal|p2a: Ferrothorn|297\/351 brn|[silent]
|-damage|p2a: Ferrothorn|254\/351 brn|[from] brn
|turn|32
|
|move|p1a: Mute|Roost|p1a: Mute
|-heal|p1a: Mute|343\/343
|move|p2a: Ferrothorn|Spikes|p1a: Mute
|-sidestart|p1: Boikachu|Spikes
|
|-weather|RainDance|[upkeep]
|-damage|p1a: Mute|301\/343|[from] Leech Seed|[of] p2a: Ferrothorn
|-heal|p2a: Ferrothorn|296\/351 brn|[silent]
|-damage|p2a: Ferrothorn|253\/351 brn|[from] brn
|turn|33
|
|move|p1a: Mute|Calm Mind|p1a: Mute
|-boost|p1a: Mute|spa|1
|-boost|p1a: Mute|spd|1
|move|p2a: Ferrothorn|Spikes|p1a: Mute
|-sidestart|p1: Boikachu|Spikes
|
|-weather|none
|-damage|p1a: Mute|259\/343|[from] Leech Seed|[of] p2a: Ferrothorn
|-heal|p2a: Ferrothorn|295\/351 brn|[silent]
|-damage|p2a: Ferrothorn|252\/351 brn|[from] brn
|turn|34
|
|move|p1a: Mute|Scald|p2a: Ferrothorn
|-resisted|p2a: Ferrothorn
|-damage|p2a: Ferrothorn|146\/351 brn
|move|p2a: Ferrothorn|Gyro Ball|p1a: Mute
|-crit|p1a: Mute
|-damage|p1a: Mute|120\/343
|
|-damage|p1a: Mute|78\/343|[from] Leech Seed|[of] p2a: Ferrothorn
|-heal|p2a: Ferrothorn|188\/351 brn|[silent]
|-damage|p2a: Ferrothorn|145\/351 brn|[from] brn
|turn|35
|
|move|p1a: Mute|Roost|p1a: Mute
|-heal|p1a: Mute|250\/343
|move|p2a: Ferrothorn|Gyro Ball|p1a: Mute
|-damage|p1a: Mute|171\/343
|
|-damage|p1a: Mute|129\/343|[from] Leech Seed|[of] p2a: Ferrothorn
|-heal|p2a: Ferrothorn|187\/351 brn|[silent]
|-damage|p2a: Ferrothorn|144\/351 brn|[from] brn
|turn|36
|
|switch|p2a: Politoed|Politoed, F|384\/384
|-weather|RainDance
|move|p1a: Mute|Roost|p1a: Mute
|-heal|p1a: Mute|301\/343
|
|-weather|RainDance|[upkeep]
|-damage|p1a: Mute|259\/343|[from] Leech Seed|[of] p2a: Politoed
|turn|37
|
|move|p1a: Mute|Scald|p2a: Politoed
|-resisted|p2a: Politoed
|-damage|p2a: Politoed|202\/384
|move|p2a: Politoed|Encore|p1a: Mute
|-start|p1a: Mute|Encore
|
|-weather|RainDance|[upkeep]
|-damage|p1a: Mute|217\/343|[from] Leech Seed|[of] p2a: Politoed
|-heal|p2a: Politoed|244\/384|[silent]
|turn|38
|
|move|p1a: Mute|Scald|p2a: Politoed
|-resisted|p2a: Politoed
|-damage|p2a: Politoed|58\/384
|move|p2a: Politoed|Toxic|p1a: Mute
|-status|p1a: Mute|tox
|-status|p2a: Politoed|tox
|
|-weather|RainDance|[upkeep]
|-damage|p1a: Mute|175\/343 tox|[from] Leech Seed|[of] p2a: Politoed
|-heal|p2a: Politoed|100\/384 tox|[silent]
|-damage|p1a: Mute|154\/343 tox|[from] psn
|-damage|p2a: Politoed|76\/384 tox|[from] psn
|turn|39
|
|switch|p2a: Ferrothorn|Ferrothorn, M|144\/351 brn
|move|p1a: Mute|Scald|p2a: Ferrothorn
|-resisted|p2a: Ferrothorn
|-damage|p2a: Ferrothorn|0 fnt
|faint|p2a: Ferrothorn
|
|-weather|RainDance|[upkeep]
|-damage|p1a: Mute|112\/343 tox|[from] psn
|
|switch|p2a: Tornadus|Tornadus, M|299\/299
|turn|40
|
|move|p2a: Tornadus|U-turn|p1a: Mute
|-supereffective|p1a: Mute
|-damage|p1a: Mute|6\/343 tox
|
|switch|p2a: Latias|Latias, F|97\/302 frz
|move|p1a: Mute|Scald|p2a: Latias
|-resisted|p2a: Latias
|-damage|p2a: Latias|0 fnt
|faint|p2a: Latias
|
|-weather|RainDance|[upkeep]
|-damage|p1a: Mute|0 fnt|[from] psn
|faint|p1a: Mute
|
|switch|p2a: Tornadus|Tornadus, M|299\/299
|switch|p1a: Britney|Blissey, F|651\/651
|-damage|p1a: Britney|489\/651|[from] Spikes
|-damage|p1a: Britney|408\/651|[from] Stealth Rock
|turn|41
|
|move|p2a: Tornadus|Hurricane|p1a: Britney
|-damage|p1a: Britney|210\/651
|move|p1a: Britney|Soft-Boiled|p1a: Britney
|-heal|p1a: Britney|536\/651
|
|-weather|RainDance|[upkeep]
|turn|42
|
|switch|p2a: Politoed|Politoed, F|76\/384 tox
|move|p1a: Britney|Ice Beam|p2a: Politoed
|-resisted|p2a: Politoed
|-damage|p2a: Politoed|33\/384 tox
|-damage|p1a: Britney|471\/651|[from] item: Life Orb
|
|-weather|RainDance|[upkeep]
|-damage|p2a: Politoed|9\/384 tox|[from] psn
|turn|43
|
|switch|p1a: Alkaline|Arcanine, M, shiny|266\/383
|-damage|p1a: Alkaline|171\/383|[from] Stealth Rock
|-damage|p1a: Alkaline|76\/383|[from] Spikes
|-ability|p1a: Alkaline|Intimidate|[of] p2a: Politoed
|-unboost|p2a: Politoed|atk|1
|move|p2a: Politoed|Toxic|p1a: Alkaline
|-status|p1a: Alkaline|tox
|
|-weather|none
|-damage|p1a: Alkaline|53\/383 tox|[from] psn
|-damage|p2a: Politoed|0 fnt|[from] psn
|faint|p2a: Politoed
|
|switch|p2a: Thundurus-Therian|Thundurus-Therian, M|299\/299
|turn|44
|
|move|p2a: Thundurus-Therian|Volt Switch|p1a: Alkaline
|-damage|p1a: Alkaline|0 fnt
|faint|p1a: Alkaline
|
|switch|p2a: Swampert|Swampert-Mega, F|116\/361 brn
|
|-damage|p2a: Swampert|71\/361 brn|[from] brn
|
|switch|p1a: Britney|Blissey, F|471\/651
|-damage|p1a: Britney|390\/651|[from] Stealth Rock
|-damage|p1a: Britney|228\/651|[from] Spikes
|turn|45
|
|-singleturn|p2a: Swampert|move: Focus Punch
|move|p1a: Britney|Soft-Boiled|p1a: Britney
|-heal|p1a: Britney|554\/651
|move|p2a: Swampert|Focus Punch|p1a: Britney
|-supereffective|p1a: Britney
|-damage|p1a: Britney|170\/651
|
|-damage|p2a: Swampert|26\/361 brn|[from] brn
|turn|46
|
|-singleturn|p2a: Swampert|move: Focus Punch
|move|p1a: Britney|Soft-Boiled|p1a: Britney
|-heal|p1a: Britney|496\/651
|move|p2a: Swampert|Focus Punch|p1a: Britney
|-supereffective|p1a: Britney
|-damage|p1a: Britney|134\/651
|
|-damage|p2a: Swampert|0 fnt|[from] brn
|faint|p2a: Swampert
|
|switch|p2a: Tornadus|Tornadus, M|299\/299
|turn|47
|c|âAcidBurnz|it all depends on if hurrican misses or not
|
|move|p2a: Tornadus|Hurricane|p1a: Britney
|-damage|p1a: Britney|0 fnt
|faint|p1a: Britney
|
|c|âAcidBurnz|gg
|
|switch|p1a: Crusader|Clefable, F|391\/391
|-damage|p1a: Crusader|343\/391|[from] Stealth Rock
|-damage|p1a: Crusader|246\/391|[from] Spikes
|turn|48
|
|move|p2a: Tornadus|Hurricane|p1a: Crusader
|-damage|p1a: Crusader|0 fnt
|faint|p1a: Crusader
|
|win|AcidBurnz
|raw|Ladder updating...
|raw|Boikachu's rating: 1334 &rarr; <strong>1320<\/strong><br \/>(-14 for losing)
|raw|AcidBurnz's rating: 1431 &rarr; <strong>1446<\/strong><br \/>(+15 for winning)
|leave|Boikachu