|join|Mamoswineflu
|join|AcidBurnz
|player|p1|Mamoswineflu|154
|player|p2|AcidBurnz|265
|gametype|singles
|gen|6
|tier|OU
|rated
|clearpoke
|poke|p1|Beedrill, M
|poke|p1|Rotom-Wash
|poke|p1|Latios, M
|poke|p1|Mamoswine, F
|poke|p1|Magnezone
|poke|p1|Gyarados, F
|poke|p2|Pinsir, M
|poke|p2|Rotom-Wash
|poke|p2|Heatran, F
|poke|p2|Dragonite, M
|poke|p2|Weavile, M
|poke|p2|Mew
|rule|Swagger Clause: Swagger is banned
|rule|Baton Pass Clause: Limit one PokÃ©mon knowing Baton Pass
|rule|Sleep Clause Mod: Limit one foe put to sleep
|rule|Species Clause: Limit one of each PokÃ©mon
|rule|OHKO Clause: OHKO moves are banned
|rule|Moody Clause: Moody is banned
|rule|Evasion Moves Clause: Evasion moves are banned
|rule|Endless Battle Clause: Forcing endless battles is banned
|rule|HP Percentage Mod: HP is shown in percentages
|teampreview
|
|start
|switch|p1a: Beedrill|Beedrill, M|271\/271
|switch|p2a: Rotom-Wash|Rotom-Wash|304\/304
|turn|1
|
|detailschange|p1a: Beedrill|Beedrill-Mega, M
|-mega|p1a: Beedrill|Beedrill|Beedrillite
|move|p1a: Beedrill|Protect|p1a: Beedrill
|-singleturn|p1a: Beedrill|Protect
|move|p2a: Rotom-Wash|Will-O-Wisp|p1a: Beedrill
|-activate|p1a: Beedrill|Protect
|
|turn|2
|
|switch|p1a: Rotom-Wash|Rotom-Wash|304\/304
|move|p2a: Rotom-Wash|Will-O-Wisp|p1a: Rotom-Wash
|-status|p1a: Rotom-Wash|brn
|
|-damage|p1a: Rotom-Wash|266\/304 brn|[from] brn
|turn|3
|
|move|p2a: Rotom-Wash|Volt Switch|p1a: Rotom-Wash
|-damage|p1a: Rotom-Wash|184\/304 brn
|
|switch|p2a: Heatran|Heatran, F|324\/324
|-item|p2a: Heatran|Air Balloon
|move|p1a: Rotom-Wash|Volt Switch|p2a: Heatran
|-damage|p2a: Heatran|243\/324
|-enditem|p2a: Heatran|Air Balloon
|
|switch|p1a: Mamoswine|Mamoswine, F|362\/362
|
|turn|4
|
|move|p1a: Mamoswine|Stealth Rock|p2a: Heatran
|-sidestart|p2: AcidBurnz|move: Stealth Rock
|move|p2a: Heatran|Flash Cannon|p1a: Mamoswine
|-crit|p1a: Mamoswine
|-supereffective|p1a: Mamoswine
|-enditem|p1a: Mamoswine|Focus Sash
|-damage|p1a: Mamoswine|1\/362
|-unboost|p1a: Mamoswine|spd|1
|
|turn|5
|
|switch|p1a: Magnezone|Magnezone|304\/304
|switch|p2a: Rotom-Wash|Rotom-Wash|304\/304
|-damage|p2a: Rotom-Wash|266\/304|[from] Stealth Rock
|
|-heal|p2a: Rotom-Wash|285\/304|[from] item: Leftovers
|turn|6
|
|move|p2a: Rotom-Wash|Volt Switch|p1a: Magnezone
|-resisted|p1a: Magnezone
|-damage|p1a: Magnezone|261\/304
|
|switch|p2a: Heatran|Heatran, F|243\/324
|-damage|p2a: Heatran|203\/324|[from] Stealth Rock
|move|p1a: Magnezone|Thunderbolt|p2a: Heatran
|-damage|p2a: Heatran|0 fnt
|faint|p2a: Heatran
|
|
|switch|p2a: Mew|Mew|376\/376
|-damage|p2a: Mew|329\/376|[from] Stealth Rock
|turn|7
|
|move|p2a: Mew|Will-O-Wisp|p1a: Magnezone
|-status|p1a: Magnezone|brn
|move|p1a: Magnezone|Thunderbolt|p2a: Mew
|-crit|p2a: Mew
|-damage|p2a: Mew|5\/376
|
|-heal|p2a: Mew|28\/376|[from] item: Leftovers
|-damage|p1a: Magnezone|223\/304 brn|[from] brn
|turn|8
|
|switch|p1a: Beedrill|Beedrill-Mega, M|271\/271
|move|p2a: Mew|Soft-Boiled|p2a: Mew
|-heal|p2a: Mew|216\/376
|
|-heal|p2a: Mew|239\/376|[from] item: Leftovers
|turn|9
|
|switch|p2a: Rotom-Wash|Rotom-Wash|285\/304
|-damage|p2a: Rotom-Wash|247\/304|[from] Stealth Rock
|move|p1a: Beedrill|U-turn|p2a: Rotom-Wash
|-damage|p2a: Rotom-Wash|113\/304
|
|switch|p1a: Magnezone|Magnezone|223\/304 brn
|
|-heal|p2a: Rotom-Wash|132\/304|[from] item: Leftovers
|-damage|p1a: Magnezone|185\/304 brn|[from] brn
|turn|10
|
|move|p2a: Rotom-Wash|Hydro Pump|p1a: Magnezone
|-damage|p1a: Magnezone|29\/304 brn
|move|p1a: Magnezone|Volt Switch|p2a: Rotom-Wash
|-damage|p2a: Rotom-Wash|0 fnt
|faint|p2a: Rotom-Wash
|
|switch|p1a: Mamoswine|Mamoswine, F|1\/362
|
|
|switch|p2a: Mew|Mew|239\/376
|-damage|p2a: Mew|192\/376|[from] Stealth Rock
|turn|11
|
|move|p1a: Mamoswine|Earthquake|p2a: Mew
|-damage|p2a: Mew|24\/376
|move|p2a: Mew|Defog|p1a: Mamoswine
|-unboost|p1a: Mamoswine|evasion|1
|-sideend|p2: AcidBurnz|Stealth Rock|[from] move: Defog|[of] p2a: Mew
|
|-heal|p2a: Mew|47\/376|[from] item: Leftovers
|turn|12
|
|switch|p2a: Pinsir|Pinsir, M|271\/271
|move|p1a: Mamoswine|Stealth Rock|p2a: Pinsir
|-sidestart|p2: AcidBurnz|move: Stealth Rock
|
|turn|13
|
|move|p2a: Pinsir|Swords Dance|p2a: Pinsir
|-boost|p2a: Pinsir|atk|2
|move|p1a: Mamoswine|Icicle Spear|p2a: Pinsir
|-damage|p2a: Pinsir|226\/271
|-damage|p2a: Pinsir|183\/271
|-damage|p2a: Pinsir|141\/271
|-damage|p2a: Pinsir|96\/271
|-hitcount|p2a: Pinsir|4
|
|turn|14
|
|detailschange|p2a: Pinsir|Pinsir-Mega, M
|-mega|p2a: Pinsir|Pinsir|Pinsirite
|move|p2a: Pinsir|Quick Attack|p1a: Mamoswine
|-damage|p1a: Mamoswine|0 fnt
|faint|p1a: Mamoswine
|
|
|switch|p1a: Gyarados|Gyarados, F|355\/355
|-ability|p1a: Gyarados|Intimidate|[of] p2a: Pinsir
|-unboost|p2a: Pinsir|atk|1
|turn|15
|
|switch|p1a: Magnezone|Magnezone|29\/304 brn
|move|p2a: Pinsir|Return|p1a: Magnezone
|-resisted|p1a: Magnezone
|-damage|p1a: Magnezone|0 fnt
|faint|p1a: Magnezone
|
|
|switch|p1a: Rotom-Wash|Rotom-Wash|184\/304 brn
|turn|16
|
|move|p2a: Pinsir|Close Combat|p1a: Rotom-Wash
|-damage|p1a: Rotom-Wash|19\/304 brn
|-unboost|p2a: Pinsir|def|1
|-unboost|p2a: Pinsir|spd|1
|move|p1a: Rotom-Wash|Volt Switch|p2a: Pinsir
|-supereffective|p2a: Pinsir
|-damage|p2a: Pinsir|0 fnt
|faint|p2a: Pinsir
|c|âAcidBurnz|damn lol
|
|switch|p1a: Beedrill|Beedrill-Mega, M|271\/271
|
|
|switch|p2a: Dragonite|Dragonite, M|323\/323
|-damage|p2a: Dragonite|243\/323|[from] Stealth Rock
|turn|17
|
|move|p2a: Dragonite|Extreme Speed|p1a: Beedrill
|-damage|p1a: Beedrill|0 fnt
|faint|p1a: Beedrill
|
|
|switch|p1a: Gyarados|Gyarados, F|355\/355
|-ability|p1a: Gyarados|Intimidate|[of] p2a: Dragonite
|-unboost|p2a: Dragonite|atk|1
|turn|18
|
|switch|p2a: Mew|Mew|47\/376
|-damage|p2a: Mew|0 fnt|[from] Stealth Rock
|faint|p2a: Mew
|move|p1a: Gyarados|Dragon Dance|p1a: Gyarados
|-boost|p1a: Gyarados|atk|1
|-boost|p1a: Gyarados|spe|1
|
|
|switch|p2a: Dragonite|Dragonite, M|243\/323
|-damage|p2a: Dragonite|163\/323|[from] Stealth Rock
|turn|19
|
|switch|p1a: Rotom-Wash|Rotom-Wash|19\/304 brn
|move|p2a: Dragonite|Outrage|p1a: Rotom-Wash
|-damage|p1a: Rotom-Wash|0 fnt
|faint|p1a: Rotom-Wash
|
|
|switch|p1a: Latios|Latios, M|301\/301
|turn|20
|
|move|p1a: Latios|Draco Meteor|p2a: Dragonite
|-supereffective|p2a: Dragonite
|-damage|p2a: Dragonite|0 fnt
|-unboost|p1a: Latios|spa|2
|-damage|p1a: Latios|271\/301|[from] item: Life Orb
|faint|p2a: Dragonite
|
|
|switch|p2a: Weavile|Weavile, M|281\/281
|-damage|p2a: Weavile|211\/281|[from] Stealth Rock
|-ability|p2a: Weavile|Pressure
|turn|21
|
|move|p2a: Weavile|Knock Off|p1a: Latios
|-supereffective|p1a: Latios
|-damage|p1a: Latios|0 fnt
|-enditem|p1a: Latios|Life Orb|[from] move: Knock Off|[of] p2a: Weavile
|-damage|p2a: Weavile|183\/281|[from] item: Life Orb
|faint|p1a: Latios
|
|
|switch|p1a: Gyarados|Gyarados, F|355\/355
|-ability|p1a: Gyarados|Intimidate|[of] p2a: Weavile
|-unboost|p2a: Weavile|atk|1
|turn|22
|
|move|p2a: Weavile|Icicle Crash|p1a: Gyarados
|-crit|p1a: Gyarados
|-damage|p1a: Gyarados|0 fnt
|-damage|p2a: Weavile|155\/281|[from] item: Life Orb
|faint|p1a: Gyarados
|
|win|AcidBurnz
|raw|Ladder updating...
|raw|Mamoswineflu's rating: 1588 &rarr; <strong>1558<\/strong><br \/>(-30 for losing)
|raw|AcidBurnz's rating: 1399 &rarr; <strong>1429<\/strong><br \/>(+30 for winning)
|c|âAcidBurnz|omg
|c|âAcidBurnz|haha
|c|âAcidBurnz|hahahaha
|c|âAcidBurnz|hahahahahahaha
|c|âMamoswineflu|LOOL
|c|âMamoswineflu|gg
|c|âAcidBurnz|gg
|leave|Mamoswineflu