|join|acidburnz
|join|krizzkrangle
|player|p1|acidburnz|161
|player|p2|krizzkrangle|9
|gametype|singles
|gen|6
|tier|OU
|rated
|clearpoke
|poke|p1|Scolipede, M
|poke|p1|Slowbro, F
|poke|p1|Latios, M
|poke|p1|Terrakion
|poke|p1|Starmie
|poke|p1|Wobbuffet, M
|poke|p2|Gothitelle, M
|poke|p2|Skarmory, F
|poke|p2|Sableye, M
|poke|p2|Chansey, F
|poke|p2|Cresselia, F
|poke|p2|Quagsire, M
|rule|Swagger Clause: Swagger is banned
|rule|Baton Pass Clause: Limit one PokÃ©mon knowing Baton Pass
|rule|Sleep Clause Mod: Limit one foe put to sleep
|rule|Species Clause: Limit one of each PokÃ©mon
|rule|OHKO Clause: OHKO moves are banned
|rule|Moody Clause: Moody is banned
|rule|Evasion Moves Clause: Evasion moves are banned
|rule|Endless Battle Clause: Forcing endless battles is banned
|rule|HP Percentage Mod: HP is shown in percentages
|teampreview
|c|âacidburnz|oh shit haha
|join|RayDalio
|
|start
|switch|p1a: Scolipede|Scolipede, M|323\/323
|switch|p2a: Sableye|Sableye, M|304\/304
|turn|1
|c| RayDalio|stall
|
|move|p2a: Sableye|Will-O-Wisp|p1a: Scolipede
|-status|p1a: Scolipede|brn
|move|p1a: Scolipede|Substitute|p1a: Scolipede
|-start|p1a: Scolipede|Substitute
|-damage|p1a: Scolipede|243\/323 brn
|
|-damage|p1a: Scolipede|203\/323 brn|[from] brn
|-boost|p1a: Scolipede|spe|1|[from] ability: Speed Boost
|turn|2
|
|switch|p2a: Skarmory|Skarmory, F|334\/334
|move|p1a: Scolipede|Protect|p1a: Scolipede
|-fail|p1a: Scolipede
|
|-damage|p1a: Scolipede|163\/323 brn|[from] brn
|-boost|p1a: Scolipede|spe|1|[from] ability: Speed Boost
|turn|3
|c| RayDalio|hes gonna w wind
|c|âacidburnz|i know
|c|âacidburnz|damn
|c|âacidburnz|espeion is better haha
|
|move|p1a: Scolipede|Baton Pass|p1a: Scolipede
|
|switch|p1a: Slowbro|Slowbro, F|394\/394
|move|p2a: Skarmory|Spikes|p1a: Slowbro
|-sidestart|p1: acidburnz|Spikes
|
|turn|4
|
|switch|p2a: Sableye|Sableye, M|304\/304
|detailschange|p1a: Slowbro|Slowbro-Mega, F
|-mega|p1a: Slowbro|Slowbro|Slowbronite
|move|p1a: Slowbro|Scald|p2a: Sableye
|-damage|p2a: Sableye|127\/304
|
|turn|5
|
|detailschange|p2a: Sableye|Sableye-Mega, M
|-mega|p2a: Sableye|Sableye|Sablenite
|move|p2a: Sableye|Recover|p2a: Sableye
|-heal|p2a: Sableye|279\/304
|move|p1a: Slowbro|Calm Mind|p1a: Slowbro
|-boost|p1a: Slowbro|spa|1
|-boost|p1a: Slowbro|spd|1
|
|turn|6
|
|move|p1a: Slowbro|Scald|p2a: Sableye
|-damage|p2a: Sableye|114\/304
|move|p2a: Sableye|Calm Mind|p2a: Sableye
|-boost|p2a: Sableye|spa|1
|-boost|p2a: Sableye|spd|1
|
|turn|7
|
|move|p1a: Slowbro|Scald|p2a: Sableye
|-damage|p2a: Sableye|9\/304
|move|p2a: Sableye|Snarl|p1a: Slowbro
|-supereffective|p1a: Slowbro
|-damage|p1a: Slowbro|250\/394
|-unboost|p1a: Slowbro|spa|1
|
|turn|8
|
|move|p1a: Slowbro|Scald|p2a: Sableye
|-crit|p2a: Sableye
|-damage|p2a: Sableye|0 fnt
|faint|p2a: Sableye
|
|c|âacidburnz|ahhhh shit
|
|switch|p2a: Chansey|Chansey, F|703\/703
|turn|9
|c|âacidburnz|here it comes haha
|
|move|p1a: Slowbro|Calm Mind|p1a: Slowbro
|-boost|p1a: Slowbro|spa|1
|-boost|p1a: Slowbro|spd|1
|move|p2a: Chansey|Seismic Toss|p1a: Slowbro
|-end|p1a: Slowbro|Substitute
|
|turn|10
|
|move|p1a: Slowbro|Substitute|p1a: Slowbro
|-start|p1a: Slowbro|Substitute
|-damage|p1a: Slowbro|152\/394
|move|p2a: Chansey|Seismic Toss|p1a: Slowbro
|-end|p1a: Slowbro|Substitute
|
|turn|11
|
|move|p1a: Slowbro|Slack Off|p1a: Slowbro
|-heal|p1a: Slowbro|349\/394
|move|p2a: Chansey|Seismic Toss|p1a: Slowbro
|-damage|p1a: Slowbro|249\/394
|
|turn|12
|
|move|p1a: Slowbro|Substitute|p1a: Slowbro
|-start|p1a: Slowbro|Substitute
|-damage|p1a: Slowbro|151\/394
|move|p2a: Chansey|Seismic Toss|p1a: Slowbro
|-end|p1a: Slowbro|Substitute
|
|turn|13
|c| RayDalio|pshock is what u need
|
|move|p1a: Slowbro|Substitute|p1a: Slowbro
|-start|p1a: Slowbro|Substitute
|-damage|p1a: Slowbro|53\/394
|move|p2a: Chansey|Seismic Toss|p1a: Slowbro
|-end|p1a: Slowbro|Substitute
|
|turn|14
|
|switch|p2a: Cresselia|Cresselia, F|444\/444
|move|p1a: Slowbro|Slack Off|p1a: Slowbro
|-heal|p1a: Slowbro|250\/394
|
|turn|15
|
|move|p1a: Slowbro|Substitute|p1a: Slowbro
|-start|p1a: Slowbro|Substitute
|-damage|p1a: Slowbro|152\/394
|move|p2a: Cresselia|Toxic|p1a: Slowbro
|
|turn|16
|
|switch|p2a: Chansey|Chansey, F|703\/703
|move|p1a: Slowbro|Calm Mind|p1a: Slowbro
|-boost|p1a: Slowbro|spa|1
|-boost|p1a: Slowbro|spd|1
|
|turn|17
|
|move|p1a: Slowbro|Slack Off|p1a: Slowbro
|-heal|p1a: Slowbro|349\/394
|move|p2a: Chansey|Seismic Toss|p1a: Slowbro
|-end|p1a: Slowbro|Substitute
|
|turn|18
|
|move|p1a: Slowbro|Scald|p2a: Chansey
|-damage|p2a: Chansey|555\/703
|-status|p2a: Chansey|brn
|move|p2a: Chansey|Seismic Toss|p1a: Slowbro
|-damage|p1a: Slowbro|249\/394
|
|-damage|p2a: Chansey|468\/703 brn|[from] brn
|turn|19
|
|move|p1a: Slowbro|Calm Mind|p1a: Slowbro
|-boost|p1a: Slowbro|spa|1
|-boost|p1a: Slowbro|spd|1
|move|p2a: Chansey|Seismic Toss|p1a: Slowbro
|-damage|p1a: Slowbro|149\/394
|
|-damage|p2a: Chansey|381\/703 brn|[from] brn
|turn|20
|
|move|p1a: Slowbro|Scald|p2a: Chansey
|-damage|p2a: Chansey|201\/703 brn
|move|p2a: Chansey|Aromatherapy|p2a: Chansey
|-cureteam|p2a: Chansey|[from] move: Aromatherapy
|
|turn|21
|
|move|p1a: Slowbro|Slack Off|p1a: Slowbro
|-heal|p1a: Slowbro|346\/394
|move|p2a: Chansey|Soft-Boiled|p2a: Chansey
|-heal|p2a: Chansey|553\/703
|
|turn|22
|
|move|p1a: Slowbro|Calm Mind|p1a: Slowbro
|-boost|p1a: Slowbro|spa|1
|-boost|p1a: Slowbro|spd|1
|move|p2a: Chansey|Seismic Toss|p1a: Slowbro
|-damage|p1a: Slowbro|246\/394
|
|turn|23
|c|âacidburnz|well its working lol
|
|move|p1a: Slowbro|Calm Mind|p1a: Slowbro
|-boost|p1a: Slowbro|spa|1
|-boost|p1a: Slowbro|spd|1
|move|p2a: Chansey|Seismic Toss|p1a: Slowbro
|-damage|p1a: Slowbro|146\/394
|
|turn|24
|
|move|p1a: Slowbro|Calm Mind|p1a: Slowbro
|-boost|p1a: Slowbro|spa|1
|move|p2a: Chansey|Seismic Toss|p1a: Slowbro
|-damage|p1a: Slowbro|46\/394
|
|turn|25
|c| RayDalio|slowbro doesnt even need iron defense
|
|move|p1a: Slowbro|Slack Off|p1a: Slowbro
|-heal|p1a: Slowbro|243\/394
|move|p2a: Chansey|Seismic Toss|p1a: Slowbro
|-damage|p1a: Slowbro|143\/394
|
|turn|26
|c|âacidburnz|yup haha
|
|move|p1a: Slowbro|Slack Off|p1a: Slowbro
|-heal|p1a: Slowbro|340\/394
|move|p2a: Chansey|Seismic Toss|p1a: Slowbro
|-damage|p1a: Slowbro|240\/394
|
|turn|27
|
|move|p1a: Slowbro|Scald|p2a: Chansey
|-damage|p2a: Chansey|250\/703
|move|p2a: Chansey|Seismic Toss|p1a: Slowbro
|-damage|p1a: Slowbro|140\/394
|
|turn|28
|c|âkrizzkrangle|!data [slack off]
|c|~|\/data-move Slack Off

|c|âacidburnz|thats gg
|
|move|p1a: Slowbro|Scald|p2a: Chansey
|-damage|p2a: Chansey|0 fnt
|faint|p2a: Chansey
|
|-message|krizzkrangle forfeited.
|
|win|acidburnz
|raw|Ladder updating...
|leave|krizzkrangle
|player|p2
|raw|acidburnz's rating: 1446 &rarr; <strong>1469<\/strong><br \/>(+23 for winning)
|raw|krizzkrangle's rating: 1495 &rarr; <strong>1472<\/strong><br \/>(-23 for losing)
|c|âacidburnz|lmao
|c|âacidburnz|it worked!
|c| RayDalio|haha
|c|âacidburnz|dude try it
|c|âacidburnz|but
|c|âacidburnz|keep espeon
|c|âacidburnz|just in case
|c|âacidburnz|as a back up