|join|Kanye Kardashian
|join|acidburnz
|player|p1|Kanye Kardashian|170
|player|p2|acidburnz|170
|gametype|singles
|gen|6
|tier|OU
|rated
|clearpoke
|poke|p1|Sableye, F
|poke|p1|Skarmory, F
|poke|p1|Latios, M
|poke|p1|Landorus-Therian, M
|poke|p1|Heatran, M
|poke|p1|Keldeo
|poke|p2|Greninja, M
|poke|p2|Mamoswine, F
|poke|p2|Metagross
|poke|p2|Clefable, F
|poke|p2|Victini
|poke|p2|Latios, M
|rule|Swagger Clause: Swagger is banned
|rule|Baton Pass Clause: Limit one PokÃ©mon knowing Baton Pass
|rule|Sleep Clause Mod: Limit one foe put to sleep
|rule|Species Clause: Limit one of each PokÃ©mon
|rule|OHKO Clause: OHKO moves are banned
|rule|Moody Clause: Moody is banned
|rule|Evasion Moves Clause: Evasion moves are banned
|rule|Endless Battle Clause: Forcing endless battles is banned
|rule|HP Percentage Mod: HP is shown in percentages
|teampreview
|
|start
|switch|p1a: Sableye|Sableye, F|304\/304
|switch|p2a: Clefable|Clefable, F|391\/391
|turn|1
|join|20DESTRUIR
|
|switch|p1a: Skarmory|Skarmory, F|334\/334
|move|p2a: Clefable|Calm Mind|p2a: Clefable
|-boost|p2a: Clefable|spa|1
|-boost|p2a: Clefable|spd|1
|
|turn|2
|
|move|p1a: Skarmory|Iron Head|p2a: Clefable
|-supereffective|p2a: Clefable
|-damage|p2a: Clefable|259\/391
|move|p2a: Clefable|Moonblast|p1a: Skarmory
|-resisted|p1a: Skarmory
|-damage|p1a: Skarmory|234\/334
|
|-heal|p2a: Clefable|283\/391|[from] item: Leftovers
|turn|3
|
|move|p1a: Skarmory|Iron Head|p2a: Clefable
|-supereffective|p2a: Clefable
|-damage|p2a: Clefable|137\/391
|cant|p2a: Clefable|flinch
|
|-heal|p2a: Clefable|161\/391|[from] item: Leftovers
|turn|4
|
|switch|p2a: Greninja|Greninja, M|285\/285
|move|p1a: Skarmory|Iron Head|p2a: Greninja
|-resisted|p2a: Greninja
|-damage|p2a: Greninja|233\/285
|
|turn|5
|
|switch|p1a: Keldeo|Keldeo|323\/323
|move|p2a: Greninja|Scald|p1a: Keldeo
|-start|p2a: Greninja|typechange|Water|[from] Protean
|-resisted|p1a: Keldeo
|-damage|p1a: Keldeo|240\/323
|-damage|p2a: Greninja|205\/285|[from] item: Life Orb
|
|-heal|p1a: Keldeo|260\/323|[from] item: Leftovers
|turn|6
|
|switch|p1a: Heatran|Heatran, M|386\/386
|move|p2a: Greninja|Gunk Shot|p1a: Heatran
|-start|p2a: Greninja|typechange|Poison|[from] Protean
|-immune|p1a: Heatran|[msg]
|
|turn|7
|
|move|p2a: Greninja|Scald|p1a: Heatran
|-start|p2a: Greninja|typechange|Water|[from] Protean
|-supereffective|p1a: Heatran
|-damage|p1a: Heatran|165\/386
|-damage|p2a: Greninja|177\/285|[from] item: Life Orb
|move|p1a: Heatran|Toxic|p2a: Greninja|[miss]
|-miss|p1a: Heatran|p2a: Greninja
|
|-heal|p1a: Heatran|189\/386|[from] item: Leftovers
|turn|8
|
|move|p1a: Heatran|Protect|p1a: Heatran
|-singleturn|p1a: Heatran|Protect
|move|p2a: Greninja|Scald|p1a: Heatran
|-activate|p1a: Heatran|Protect
|
|-heal|p1a: Heatran|213\/386|[from] item: Leftovers
|turn|9
|
|switch|p1a: Keldeo|Keldeo|260\/323
|move|p2a: Greninja|Scald|p1a: Keldeo
|-resisted|p1a: Keldeo
|-damage|p1a: Keldeo|178\/323
|-status|p1a: Keldeo|brn
|-damage|p2a: Greninja|149\/285|[from] item: Life Orb
|
|-heal|p1a: Keldeo|198\/323 brn|[from] item: Leftovers
|-damage|p1a: Keldeo|158\/323 brn|[from] brn
|turn|10
|
|switch|p2a: Latios|Latios, M|301\/301
|move|p1a: Keldeo|Scald|p2a: Latios
|-resisted|p2a: Latios
|-damage|p2a: Latios|228\/301
|
|-heal|p1a: Keldeo|178\/323 brn|[from] item: Leftovers
|-damage|p1a: Keldeo|138\/323 brn|[from] brn
|turn|11
|
|move|p2a: Latios|Draco Meteor|p1a: Keldeo
|-damage|p1a: Keldeo|0 fnt
|-unboost|p2a: Latios|spa|2
|-damage|p2a: Latios|198\/301|[from] item: Life Orb
|faint|p1a: Keldeo
|
|
|switch|p1a: Sableye|Sableye, F|304\/304
|turn|12
|
|switch|p2a: Clefable|Clefable, F|161\/391
|detailschange|p1a: Sableye|Sableye-Mega, F
|-mega|p1a: Sableye|Sableye|Sablenite
|move|p1a: Sableye|Calm Mind|p1a: Sableye
|-boost|p1a: Sableye|spa|1
|-boost|p1a: Sableye|spd|1
|
|-heal|p2a: Clefable|185\/391|[from] item: Leftovers
|turn|13
|
|move|p2a: Clefable|Moonblast|p1a: Sableye
|-supereffective|p1a: Sableye
|-damage|p1a: Sableye|188\/304
|-unboost|p1a: Sableye|spa|1
|move|p1a: Sableye|Shadow Ball|p2a: Clefable
|-damage|p2a: Clefable|89\/391
|
|-heal|p2a: Clefable|113\/391|[from] item: Leftovers
|turn|14
|
|switch|p1a: Heatran|Heatran, M|213\/386
|move|p2a: Clefable|Calm Mind|p2a: Clefable
|-boost|p2a: Clefable|spa|1
|-boost|p2a: Clefable|spd|1
|
|-heal|p1a: Heatran|237\/386|[from] item: Leftovers
|-heal|p2a: Clefable|137\/391|[from] item: Leftovers
|turn|15
|
|move|p1a: Heatran|Stealth Rock|p2a: Clefable
|-sidestart|p2: acidburnz|move: Stealth Rock
|move|p2a: Clefable|Focus Blast|p1a: Heatran|[miss]
|-miss|p2a: Clefable|p1a: Heatran
|
|-heal|p1a: Heatran|261\/386|[from] item: Leftovers
|-heal|p2a: Clefable|161\/391|[from] item: Leftovers
|turn|16
|
|switch|p1a: Skarmory|Skarmory, F|234\/334
|move|p2a: Clefable|Calm Mind|p2a: Clefable
|-boost|p2a: Clefable|spa|1
|-boost|p2a: Clefable|spd|1
|
|-heal|p2a: Clefable|185\/391|[from] item: Leftovers
|turn|17
|
|move|p1a: Skarmory|Iron Head|p2a: Clefable
|-supereffective|p2a: Clefable
|-damage|p2a: Clefable|51\/391
|move|p2a: Clefable|Soft-Boiled|p2a: Clefable
|-heal|p2a: Clefable|247\/391
|
|-heal|p2a: Clefable|271\/391|[from] item: Leftovers
|turn|18
|
|move|p1a: Skarmory|Iron Head|p2a: Clefable
|-supereffective|p2a: Clefable
|-damage|p2a: Clefable|127\/391
|cant|p2a: Clefable|flinch
|
|-heal|p2a: Clefable|151\/391|[from] item: Leftovers
|turn|19
|
|move|p1a: Skarmory|Iron Head|p2a: Clefable
|-supereffective|p2a: Clefable
|-damage|p2a: Clefable|13\/391
|move|p2a: Clefable|Soft-Boiled|p2a: Clefable
|-heal|p2a: Clefable|209\/391
|
|-heal|p2a: Clefable|233\/391|[from] item: Leftovers
|turn|20
|
|move|p1a: Skarmory|Iron Head|p2a: Clefable
|-supereffective|p2a: Clefable
|-damage|p2a: Clefable|105\/391
|cant|p2a: Clefable|flinch
|
|-heal|p2a: Clefable|129\/391|[from] item: Leftovers
|turn|21
|
|switch|p2a: Greninja|Greninja, M|149\/285
|-damage|p2a: Greninja|114\/285|[from] Stealth Rock
|move|p1a: Skarmory|Iron Head|p2a: Greninja
|-resisted|p2a: Greninja
|-damage|p2a: Greninja|60\/285
|
|turn|22
|
|switch|p1a: Sableye|Sableye-Mega, F|188\/304
|move|p2a: Greninja|Scald|p1a: Sableye
|-start|p2a: Greninja|typechange|Water|[from] Protean
|-damage|p1a: Sableye|55\/304
|-status|p1a: Sableye|brn
|-damage|p2a: Greninja|32\/285|[from] item: Life Orb
|
|-damage|p1a: Sableye|17\/304 brn|[from] brn
|turn|23
|
|move|p2a: Greninja|Ice Beam|p1a: Sableye
|-start|p2a: Greninja|typechange|Ice|[from] Protean
|-damage|p1a: Sableye|0 fnt
|-damage|p2a: Greninja|4\/285|[from] item: Life Orb
|faint|p1a: Sableye
|
|
|switch|p1a: Landorus-Therian|Landorus-Therian, M|325\/325
|-ability|p1a: Landorus-Therian|Intimidate|[of] p2a: Greninja
|-unboost|p2a: Greninja|atk|1
|turn|24
|
|switch|p2a: Clefable|Clefable, F|129\/391
|move|p1a: Landorus-Therian|Earthquake|p2a: Clefable
|-damage|p2a: Clefable|0 fnt
|faint|p2a: Clefable
|
|
|switch|p2a: Latios|Latios, M|198\/301
|-damage|p2a: Latios|161\/301|[from] Stealth Rock
|turn|25
|
|switch|p1a: Heatran|Heatran, M|261\/386
|move|p2a: Latios|Draco Meteor|p1a: Heatran
|-resisted|p1a: Heatran
|-damage|p1a: Heatran|149\/386
|-unboost|p2a: Latios|spa|2
|-damage|p2a: Latios|131\/301|[from] item: Life Orb
|
|-heal|p1a: Heatran|173\/386|[from] item: Leftovers
|turn|26
|
|move|p2a: Latios|Earthquake|p1a: Heatran
|-crit|p1a: Heatran
|-supereffective|p1a: Heatran
|-damage|p1a: Heatran|0 fnt
|-damage|p2a: Latios|101\/301|[from] item: Life Orb
|faint|p1a: Heatran
|
|
|switch|p1a: Landorus-Therian|Landorus-Therian, M|325\/325
|-ability|p1a: Landorus-Therian|Intimidate|[of] p2a: Latios
|-unboost|p2a: Latios|atk|1
|turn|27
|
|switch|p2a: Metagross|Metagross|302\/302
|-damage|p2a: Metagross|284\/302|[from] Stealth Rock
|move|p1a: Landorus-Therian|U-turn|p2a: Metagross
|-damage|p2a: Metagross|214\/302
|
|switch|p1a: Skarmory|Skarmory, F|234\/334
|
|turn|28
|
|detailschange|p2a: Metagross|Metagross-Mega
|-mega|p2a: Metagross|Metagross|Metagrossite
|move|p2a: Metagross|Meteor Mash|p1a: Skarmory
|-resisted|p1a: Skarmory
|-damage|p1a: Skarmory|162\/334
|-damage|p2a: Metagross|164\/302|[from] item: Rocky Helmet|[of] p1a: Skarmory
|move|p1a: Skarmory|Whirlwind|p2a: Metagross
|drag|p2a: Mamoswine|Mamoswine, F|362\/362
|-damage|p2a: Mamoswine|317\/362|[from] Stealth Rock
|
|turn|29
|
|move|p2a: Mamoswine|Knock Off|p1a: Skarmory
|-damage|p1a: Skarmory|84\/334
|-damage|p2a: Mamoswine|257\/362|[from] item: Rocky Helmet|[of] p1a: Skarmory
|-enditem|p1a: Skarmory|Rocky Helmet|[from] move: Knock Off|[of] p2a: Mamoswine
|move|p1a: Skarmory|Roost|p1a: Skarmory
|-heal|p1a: Skarmory|251\/334
|
|turn|30
|
|move|p2a: Mamoswine|Stealth Rock|p1a: Skarmory
|-sidestart|p1: Kanye Kardashian|move: Stealth Rock
|move|p1a: Skarmory|Iron Head|p2a: Mamoswine
|-supereffective|p2a: Mamoswine
|-damage|p2a: Mamoswine|71\/362
|
|turn|31
|
|move|p2a: Mamoswine|Knock Off|p1a: Skarmory
|-damage|p1a: Skarmory|200\/334
|move|p1a: Skarmory|Spikes|p2a: Mamoswine
|-sidestart|p2: acidburnz|Spikes
|
|turn|32
|
|move|p2a: Mamoswine|Knock Off|p1a: Skarmory
|-damage|p1a: Skarmory|148\/334
|move|p1a: Skarmory|Roost|p1a: Skarmory
|-heal|p1a: Skarmory|315\/334
|
|turn|33
|
|switch|p2a: Latios|Latios, M|101\/301
|-damage|p2a: Latios|64\/301|[from] Stealth Rock
|move|p1a: Skarmory|Iron Head|p2a: Latios
|-damage|p2a: Latios|0 fnt
|faint|p2a: Latios
|
|
|switch|p2a: Victini|Victini|341\/341
|-damage|p2a: Victini|256\/341|[from] Stealth Rock
|-damage|p2a: Victini|214\/341|[from] Spikes
|turn|34
|
|switch|p1a: Latios|Latios, M|301\/301
|-damage|p1a: Latios|264\/301|[from] Stealth Rock
|move|p2a: Victini|V-create|p1a: Latios
|-resisted|p1a: Latios
|-damage|p1a: Latios|81\/301
|-unboost|p2a: Victini|def|1
|-unboost|p2a: Victini|spd|1
|-unboost|p2a: Victini|spe|1
|
|turn|35
|c|âacidburnz|come on hurry up
|leave|20DESTRUIR
|
|switch|p2a: Greninja|Greninja, M|4\/285
|-damage|p2a: Greninja|0 fnt|[from] Stealth Rock
|faint|p2a: Greninja
|move|p1a: Latios|Draco Meteor|p2: Greninja|[notarget]
|-notarget
|
|
|switch|p2a: Metagross|Metagross-Mega|164\/302
|-damage|p2a: Metagross|146\/302|[from] Stealth Rock
|-damage|p2a: Metagross|109\/302|[from] Spikes
|turn|36
|
|move|p2a: Metagross|Bullet Punch|p1a: Latios
|-damage|p1a: Latios|0 fnt
|faint|p1a: Latios
|
|
|switch|p1a: Landorus-Therian|Landorus-Therian, M|325\/325
|-damage|p1a: Landorus-Therian|285\/325|[from] Stealth Rock
|-ability|p1a: Landorus-Therian|Intimidate|[of] p2a: Metagross
|-unboost|p2a: Metagross|atk|1
|turn|37
|
|switch|p2a: Mamoswine|Mamoswine, F|71\/362
|-damage|p2a: Mamoswine|26\/362|[from] Spikes
|-damage|p2a: Mamoswine|0 fnt|[from] Stealth Rock
|faint|p2a: Mamoswine
|move|p1a: Landorus-Therian|Earthquake|p2: Mamoswine|[notarget]
|-notarget
|
|
|switch|p2a: Victini|Victini|214\/341
|-damage|p2a: Victini|129\/341|[from] Stealth Rock
|-damage|p2a: Victini|87\/341|[from] Spikes
|turn|38
|
|switch|p1a: Skarmory|Skarmory, F|315\/334
|-damage|p1a: Skarmory|274\/334|[from] Stealth Rock
|move|p2a: Victini|V-create|p1a: Skarmory
|-supereffective|p1a: Skarmory
|-damage|p1a: Skarmory|0 fnt
|-unboost|p2a: Victini|def|1
|-unboost|p2a: Victini|spd|1
|-unboost|p2a: Victini|spe|1
|faint|p1a: Skarmory
|
|
|switch|p1a: Landorus-Therian|Landorus-Therian, M|285\/325
|-damage|p1a: Landorus-Therian|245\/325|[from] Stealth Rock
|-ability|p1a: Landorus-Therian|Intimidate|[of] p2a: Victini
|-unboost|p2a: Victini|atk|1
|turn|39
|
|move|p1a: Landorus-Therian|Earthquake|p2a: Victini
|-supereffective|p2a: Victini
|-damage|p2a: Victini|0 fnt
|faint|p2a: Victini
|
|c|âacidburnz|gg
|c|âKanye Kardashian|gg
|
|switch|p2a: Metagross|Metagross-Mega|109\/302
|-damage|p2a: Metagross|72\/302|[from] Spikes
|-damage|p2a: Metagross|54\/302|[from] Stealth Rock
|turn|40
|
|move|p2a: Metagross|Bullet Punch|p1a: Landorus-Therian
|-damage|p1a: Landorus-Therian|127\/325
|move|p1a: Landorus-Therian|Earthquake|p2a: Metagross
|-supereffective|p2a: Metagross
|-damage|p2a: Metagross|0 fnt
|faint|p2a: Metagross
|
|win|Kanye Kardashian
|raw|Ladder updating...
|raw|Kanye Kardashian's rating: 1585 &rarr; <strong>1601<\/strong><br \/>(+16 for winning)
|raw|acidburnz's rating: 1501 &rarr; <strong>1486<\/strong><br \/>(-15 for losing)