|join|AcidBurnz
|join|ForestDUMP
|player|p1|AcidBurnz|266
|player|p2|ForestDUMP|164
|gametype|singles
|gen|6
|tier|OU
|rated
|clearpoke
|poke|p1|Manectric, F
|poke|p1|Talonflame, F
|poke|p1|Ferrothorn, M
|poke|p1|Keldeo
|poke|p1|Kyurem-Black
|poke|p1|Mew
|poke|p2|Lopunny, F, shiny
|poke|p2|Raikou
|poke|p2|Latios, M
|poke|p2|Excadrill, M
|poke|p2|Tornadus-Therian, M
|poke|p2|Heatran, M
|rule|Swagger Clause: Swagger is banned
|rule|Baton Pass Clause: Limit one PokÃ©mon knowing Baton Pass
|rule|Sleep Clause Mod: Limit one foe put to sleep
|rule|Species Clause: Limit one of each PokÃ©mon
|rule|OHKO Clause: OHKO moves are banned
|rule|Moody Clause: Moody is banned
|rule|Evasion Moves Clause: Evasion moves are banned
|rule|Endless Battle Clause: Forcing endless battles is banned
|rule|HP Percentage Mod: HP is shown in percentages
|teampreview
|
|start
|switch|p1a: Keldeo|Keldeo|323\/323
|switch|p2a: Lopunny|Lopunny, F, shiny|272\/272
|turn|1
|
|switch|p1a: Mew|Mew|369\/369
|detailschange|p2a: Lopunny|Lopunny-Mega, F, shiny
|-mega|p2a: Lopunny|Lopunny|Lopunnite
|move|p2a: Lopunny|Fake Out|p1a: Mew
|-damage|p1a: Mew|296\/369
|
|-heal|p1a: Mew|319\/369|[from] item: Leftovers
|turn|2
|
|switch|p2a: Heatran|Heatran, M|324\/324
|move|p1a: Mew|Knock Off|p2a: Heatran
|-damage|p2a: Heatran|245\/324
|-enditem|p2a: Heatran|Leftovers|[from] move: Knock Off|[of] p1a: Mew
|
|-heal|p1a: Mew|342\/369|[from] item: Leftovers
|turn|3
|
|switch|p1a: Keldeo|Keldeo|323\/323
|move|p2a: Heatran|Stealth Rock|p1a: Keldeo
|-sidestart|p1: AcidBurnz|move: Stealth Rock
|
|turn|4
|
|switch|p2a: Tornadus-Therian|Tornadus-Therian, M|332\/332
|move|p1a: Keldeo|Scald|p2a: Tornadus-Therian
|-damage|p2a: Tornadus-Therian|181\/332
|
|turn|5
|
|switch|p1a: Manectric|Manectric, F|281\/281
|-damage|p1a: Manectric|246\/281|[from] Stealth Rock
|move|p2a: Tornadus-Therian|Knock Off|p1a: Manectric
|-damage|p1a: Manectric|174\/281
|
|turn|6
|
|detailschange|p1a: Manectric|Manectric-Mega, F
|-mega|p1a: Manectric|Manectric|Manectite
|-ability|p1a: Manectric|Intimidate|[of] p2a: Tornadus-Therian
|-unboost|p2a: Tornadus-Therian|atk|1
|move|p2a: Tornadus-Therian|U-turn|p1a: Manectric
|-damage|p1a: Manectric|136\/281
|
|switch|p2a: Latios|Latios, M|302\/302
|move|p1a: Manectric|Volt Switch|p2a: Latios
|-resisted|p2a: Latios
|-damage|p2a: Latios|244\/302
|
|switch|p1a: Ferrothorn|Ferrothorn, M|352\/352
|-damage|p1a: Ferrothorn|330\/352|[from] Stealth Rock
|
|turn|7
|
|move|p2a: Latios|Hidden Power|p1a: Ferrothorn
|-supereffective|p1a: Ferrothorn
|-damage|p1a: Ferrothorn|23\/352
|-damage|p2a: Latios|214\/302|[from] item: Life Orb
|move|p1a: Ferrothorn|Stealth Rock|p2a: Latios
|-sidestart|p2: ForestDUMP|move: Stealth Rock
|
|turn|8
|
|move|p2a: Latios|Psyshock|p1a: Ferrothorn
|-resisted|p1a: Ferrothorn
|-damage|p1a: Ferrothorn|0 fnt
|-damage|p2a: Latios|184\/302|[from] item: Life Orb
|faint|p1a: Ferrothorn
|
|
|switch|p1a: Mew|Mew|342\/369
|-damage|p1a: Mew|296\/369|[from] Stealth Rock
|turn|9
|
|move|p2a: Latios|Draco Meteor|p1a: Mew
|-damage|p1a: Mew|72\/369
|-unboost|p2a: Latios|spa|2
|-damage|p2a: Latios|154\/302|[from] item: Life Orb
|move|p1a: Mew|Knock Off|p2a: Latios
|-supereffective|p2a: Latios
|-damage|p2a: Latios|0 fnt
|-enditem|p2a: Latios|Life Orb|[from] move: Knock Off|[of] p1a: Mew
|faint|p2a: Latios
|
|-heal|p1a: Mew|95\/369|[from] item: Leftovers
|
|switch|p2a: Raikou|Raikou|322\/322
|-damage|p2a: Raikou|282\/322|[from] Stealth Rock
|-ability|p2a: Raikou|Pressure
|turn|10
|
|switch|p1a: Kyurem-Black|Kyurem-Black|391\/391
|-damage|p1a: Kyurem-Black|294\/391|[from] Stealth Rock
|-ability|p1a: Kyurem-Black|Teravolt
|move|p2a: Raikou|Shadow Ball|p1a: Kyurem-Black
|-damage|p1a: Kyurem-Black|193\/391
|-unboost|p1a: Kyurem-Black|spd|1
|
|turn|11
|
|switch|p2a: Excadrill|Excadrill, M|362\/362
|-damage|p2a: Excadrill|351\/362|[from] Stealth Rock
|-ability|p2a: Excadrill|Mold Breaker
|-item|p2a: Excadrill|Air Balloon
|move|p1a: Kyurem-Black|Outrage|p2a: Excadrill
|-resisted|p2a: Excadrill
|-damage|p2a: Excadrill|174\/362
|-enditem|p2a: Excadrill|Air Balloon
|
|turn|12
|
|move|p1a: Kyurem-Black|Outrage|p2a: Excadrill
|-resisted|p2a: Excadrill
|-damage|p2a: Excadrill|0 fnt
|faint|p2a: Excadrill
|
|
|switch|p2a: Lopunny|Lopunny-Mega, F, shiny|272\/272
|-damage|p2a: Lopunny|255\/272|[from] Stealth Rock
|turn|13
|
|move|p2a: Lopunny|Fake Out|p1a: Kyurem-Black
|-damage|p1a: Kyurem-Black|121\/391
|cant|p1a: Kyurem-Black|flinch
|
|-end|p1a: Kyurem-Black|rampage
|-start|p1a: Kyurem-Black|confusion
|turn|14
|
|-activate|p1a: Kyurem-Black|confusion
|move|p1a: Kyurem-Black|Outrage|p2a: Lopunny
|-damage|p2a: Lopunny|0 fnt
|faint|p2a: Lopunny
|
|
|switch|p2a: Raikou|Raikou|282\/322
|-damage|p2a: Raikou|242\/322|[from] Stealth Rock
|-ability|p2a: Raikou|Pressure
|turn|15
|
|move|p2a: Raikou|Shadow Ball|p1a: Kyurem-Black
|-damage|p1a: Kyurem-Black|0 fnt
|faint|p1a: Kyurem-Black
|
|
|switch|p1a: Keldeo|Keldeo|323\/323
|-damage|p1a: Keldeo|303\/323|[from] Stealth Rock
|turn|16
|
|switch|p2a: Tornadus-Therian|Tornadus-Therian, M|291\/332
|-damage|p2a: Tornadus-Therian|208\/332|[from] Stealth Rock
|move|p1a: Keldeo|Hydro Pump|p2a: Tornadus-Therian
|-damage|p2a: Tornadus-Therian|10\/332
|
|turn|17
|
|switch|p1a: Manectric|Manectric-Mega, F|136\/281
|-damage|p1a: Manectric|101\/281|[from] Stealth Rock
|-ability|p1a: Manectric|Intimidate|[of] p2a: Tornadus-Therian
|-unboost|p2a: Tornadus-Therian|atk|1
|move|p2a: Tornadus-Therian|Hurricane|p1a: Manectric
|-resisted|p1a: Manectric
|-damage|p1a: Manectric|0 fnt
|faint|p1a: Manectric
|
|
|switch|p1a: Talonflame|Talonflame, F|297\/297
|-damage|p1a: Talonflame|149\/297|[from] Stealth Rock
|turn|18
|
|move|p2a: Tornadus-Therian|Knock Off|p1a: Talonflame
|-damage|p1a: Talonflame|87\/297
|-enditem|p1a: Talonflame|Choice Band|[from] move: Knock Off|[of] p2a: Tornadus-Therian
|move|p1a: Talonflame|U-turn|p2a: Tornadus-Therian
|-resisted|p2a: Tornadus-Therian
|-damage|p2a: Tornadus-Therian|0 fnt
|faint|p2a: Tornadus-Therian
|
|switch|p1a: Keldeo|Keldeo|303\/323
|-damage|p1a: Keldeo|283\/323|[from] Stealth Rock
|
|
|switch|p2a: Raikou|Raikou|242\/322
|-damage|p2a: Raikou|202\/322|[from] Stealth Rock
|-ability|p2a: Raikou|Pressure
|turn|19
|c|âAcidBurnz|gg
|c|âForestDUMP|gg
|
|move|p2a: Raikou|Thunderbolt|p1a: Keldeo
|-crit|p1a: Keldeo
|-supereffective|p1a: Keldeo
|-damage|p1a: Keldeo|0 fnt
|faint|p1a: Keldeo
|
|-message|AcidBurnz forfeited.
|leave|AcidBurnz
|
|win|ForestDUMP
|raw|Ladder updating...
|player|p1