|join|AcidBurnz
|join|Yummygrapes
|player|p1|AcidBurnz|266
|player|p2|Yummygrapes|293
|gametype|singles
|gen|6
|tier|OU
|rated
|clearpoke
|poke|p1|Manectric, F
|poke|p1|Talonflame, F
|poke|p1|Ferrothorn, F
|poke|p1|Keldeo
|poke|p1|Kyurem-Black
|poke|p1|Mew
|poke|p2|Sableye, F
|poke|p2|Quagsire, M
|poke|p2|Skarmory, F
|poke|p2|Cresselia, F
|poke|p2|Gothitelle, M
|poke|p2|Chansey, F
|rule|Swagger Clause: Swagger is banned
|rule|Baton Pass Clause: Limit one PokÃ©mon knowing Baton Pass
|rule|Sleep Clause Mod: Limit one foe put to sleep
|rule|Species Clause: Limit one of each PokÃ©mon
|rule|OHKO Clause: OHKO moves are banned
|rule|Moody Clause: Moody is banned
|rule|Evasion Moves Clause: Evasion moves are banned
|rule|Endless Battle Clause: Forcing endless battles is banned
|rule|HP Percentage Mod: HP is shown in percentages
|teampreview
|c|âAcidBurnz|the bulk is real
|
|start
|switch|p1a: Mew|Mew|369\/369
|switch|p2a: Sableye|Sableye, F|303\/303
|turn|1
|
|detailschange|p2a: Sableye|Sableye-Mega, F
|-mega|p2a: Sableye|Sableye|Sablenite
|move|p2a: Sableye|Will-O-Wisp|p1a: Mew
|-status|p1a: Mew|brn
|-status|p2a: Sableye|brn
|move|p1a: Mew|Will-O-Wisp|p2a: Sableye
|move|p2a: Sableye|Will-O-Wisp|p1a: Mew|[from]Magic Bounce
|-fail|p1a: Mew|brn
|
|-damage|p1a: Mew|323\/369 brn|[from] brn
|-damage|p2a: Sableye|266\/303 brn|[from] brn
|turn|2
|
|switch|p1a: Talonflame|Talonflame, F|297\/297
|move|p2a: Sableye|Calm Mind|p2a: Sableye
|-boost|p2a: Sableye|spa|1
|-boost|p2a: Sableye|spd|1
|
|-damage|p2a: Sableye|229\/303 brn|[from] brn
|turn|3
|
|switch|p2a: Quagsire|Quagsire, M|394\/394
|move|p1a: Talonflame|Brave Bird|p2a: Quagsire
|-crit|p2a: Quagsire
|-damage|p2a: Quagsire|96\/394
|-damage|p1a: Talonflame|199\/297|[from] recoil|[of] p2a: Quagsire
|
|-heal|p2a: Quagsire|120\/394|[from] item: Leftovers
|turn|4
|
|switch|p2a: Skarmory|Skarmory, F|334\/334
|move|p1a: Talonflame|Brave Bird|p2a: Skarmory
|-crit|p2a: Skarmory
|-resisted|p2a: Skarmory
|-damage|p2a: Skarmory|232\/334
|-damage|p1a: Talonflame|165\/297|[from] recoil|[of] p2a: Skarmory
|
|turn|5
|
|switch|p1a: Keldeo|Keldeo|323\/323
|move|p2a: Skarmory|Spikes|p1a: Keldeo
|-sidestart|p1: AcidBurnz|Spikes
|
|turn|6
|
|switch|p2a: Cresselia|Cresselia, F|444\/444
|move|p1a: Keldeo|Scald|p2a: Cresselia
|-damage|p2a: Cresselia|312\/444
|-status|p2a: Cresselia|brn
|
|-heal|p2a: Cresselia|339\/444 brn|[from] item: Leftovers
|-damage|p2a: Cresselia|284\/444 brn|[from] brn
|turn|7
|
|switch|p1a: Mew|Mew|323\/369 brn
|-damage|p1a: Mew|277\/369 brn|[from] Spikes
|switch|p2a: Chansey|Chansey, F|703\/703
|
|-heal|p1a: Mew|300\/369 brn|[from] item: Leftovers
|-damage|p1a: Mew|254\/369 brn|[from] brn
|turn|8
|
|move|p1a: Mew|Defog|p2a: Chansey
|-unboost|p2a: Chansey|evasion|1
|-sideend|p1: AcidBurnz|Spikes|[from] move: Defog|[of] p1a: Mew
|move|p2a: Chansey|Stealth Rock|p1a: Mew
|-sidestart|p1: AcidBurnz|move: Stealth Rock
|
|-heal|p1a: Mew|277\/369 brn|[from] item: Leftovers
|-damage|p1a: Mew|231\/369 brn|[from] brn
|turn|9
|
|switch|p2a: Gothitelle|Gothitelle, M|281\/281
|move|p1a: Mew|Knock Off|p2a: Gothitelle
|-supereffective|p2a: Gothitelle
|-damage|p2a: Gothitelle|205\/281
|-enditem|p2a: Gothitelle|Choice Scarf|[from] move: Knock Off|[of] p1a: Mew
|
|-heal|p1a: Mew|254\/369 brn|[from] item: Leftovers
|-damage|p1a: Mew|208\/369 brn|[from] brn
|turn|10
|
|move|p1a: Mew|Soft-Boiled|p1a: Mew
|-heal|p1a: Mew|369\/369 brn
|move|p2a: Gothitelle|Thunderbolt|p1a: Mew
|-damage|p1a: Mew|295\/369 brn
|
|-heal|p1a: Mew|318\/369 brn|[from] item: Leftovers
|-damage|p1a: Mew|272\/369 brn|[from] brn
|turn|11
|
|move|p1a: Mew|Defog|p2a: Gothitelle
|-unboost|p2a: Gothitelle|evasion|1
|-sideend|p1: AcidBurnz|Stealth Rock|[from] move: Defog|[of] p1a: Mew
|move|p2a: Gothitelle|Thunderbolt|p1a: Mew
|-damage|p1a: Mew|201\/369 brn
|
|-heal|p1a: Mew|224\/369 brn|[from] item: Leftovers
|-damage|p1a: Mew|178\/369 brn|[from] brn
|turn|12
|
|switch|p2a: Chansey|Chansey, F|703\/703
|move|p1a: Mew|Soft-Boiled|p1a: Mew
|-heal|p1a: Mew|363\/369 brn
|
|-heal|p1a: Mew|369\/369 brn|[from] item: Leftovers
|-damage|p1a: Mew|323\/369 brn|[from] brn
|turn|13
|c|âAcidBurnz|I like to stall too
|
|switch|p2a: Quagsire|Quagsire, M|120\/394
|move|p1a: Mew|Knock Off|p2a: Quagsire
|-damage|p2a: Quagsire|90\/394
|-enditem|p2a: Quagsire|Leftovers|[from] move: Knock Off|[of] p1a: Mew
|
|-heal|p1a: Mew|346\/369 brn|[from] item: Leftovers
|-damage|p1a: Mew|300\/369 brn|[from] brn
|turn|14
|
|move|p1a: Mew|Will-O-Wisp|p2a: Quagsire
|-status|p2a: Quagsire|brn
|move|p2a: Quagsire|Recover|p2a: Quagsire
|-heal|p2a: Quagsire|287\/394 brn
|
|-heal|p1a: Mew|323\/369 brn|[from] item: Leftovers
|-damage|p1a: Mew|277\/369 brn|[from] brn
|-damage|p2a: Quagsire|238\/394 brn|[from] brn
|turn|15
|
|switch|p1a: Ferrothorn|Ferrothorn, F|352\/352
|move|p2a: Quagsire|Recover|p2a: Quagsire
|-heal|p2a: Quagsire|394\/394 brn
|
|-damage|p2a: Quagsire|345\/394 brn|[from] brn
|turn|16
|
|switch|p2a: Sableye|Sableye-Mega, F|229\/303 brn
|move|p1a: Ferrothorn|Power Whip|p2a: Sableye
|-damage|p2a: Sableye|126\/303 brn
|
|-damage|p2a: Sableye|89\/303 brn|[from] brn
|turn|17
|
|switch|p1a: Manectric|Manectric, F|281\/281
|move|p2a: Sableye|Recover|p2a: Sableye
|-heal|p2a: Sableye|241\/303 brn
|
|-damage|p2a: Sableye|204\/303 brn|[from] brn
|turn|18
|
|switch|p2a: Quagsire|Quagsire, M|345\/394 brn
|detailschange|p1a: Manectric|Manectric-Mega, F
|-mega|p1a: Manectric|Manectric|Manectite
|-ability|p1a: Manectric|Intimidate|[of] p2a: Quagsire
|-unboost|p2a: Quagsire|atk|1
|move|p1a: Manectric|Thunderbolt|p2a: Quagsire
|-immune|p2a: Quagsire|[msg]
|
|-damage|p2a: Quagsire|296\/394 brn|[from] brn
|turn|19
|
|switch|p1a: Ferrothorn|Ferrothorn, F|352\/352
|switch|p2a: Chansey|Chansey, F|703\/703
|
|turn|20
|
|move|p2a: Chansey|Stealth Rock|p1a: Ferrothorn
|-sidestart|p1: AcidBurnz|move: Stealth Rock
|move|p1a: Ferrothorn|Stealth Rock|p2a: Chansey
|-sidestart|p2: Yummygrapes|move: Stealth Rock
|
|turn|21
|
|move|p2a: Chansey|Aromatherapy|p2a: Chansey
|-cureteam|p2a: Chansey|[from] move: Aromatherapy
|move|p1a: Ferrothorn|Power Whip|p2a: Chansey
|-damage|p2a: Chansey|535\/703
|
|turn|22
|
|switch|p2a: Skarmory|Skarmory, F|232\/334
|-damage|p2a: Skarmory|191\/334|[from] Stealth Rock
|switch|p1a: Kyurem-Black|Kyurem-Black|391\/391
|-damage|p1a: Kyurem-Black|294\/391|[from] Stealth Rock
|-ability|p1a: Kyurem-Black|Teravolt
|
|turn|23
|
|switch|p2a: Chansey|Chansey, F|535\/703
|-damage|p2a: Chansey|448\/703|[from] Stealth Rock
|move|p1a: Kyurem-Black|Outrage|p2a: Chansey
|-damage|p2a: Chansey|88\/703
|
|turn|24
|
|switch|p2a: Skarmory|Skarmory, F|191\/334
|-damage|p2a: Skarmory|150\/334|[from] Stealth Rock
|move|p1a: Kyurem-Black|Outrage|p2a: Skarmory
|-resisted|p2a: Skarmory
|-damage|p2a: Skarmory|81\/334
|
|turn|25
|
|move|p1a: Kyurem-Black|Outrage|p2a: Skarmory
|-resisted|p2a: Skarmory
|-damage|p2a: Skarmory|12\/334
|move|p2a: Skarmory|Roost|p2a: Skarmory
|-heal|p2a: Skarmory|179\/334
|
|-end|p1a: Kyurem-Black|rampage
|-start|p1a: Kyurem-Black|confusion
|turn|26
|
|switch|p1a: Manectric|Manectric-Mega, F|281\/281
|-damage|p1a: Manectric|246\/281|[from] Stealth Rock
|-ability|p1a: Manectric|Intimidate|[of] p2a: Skarmory
|-unboost|p2a: Skarmory|atk|1
|move|p2a: Skarmory|Roost|p2a: Skarmory
|-heal|p2a: Skarmory|334\/334
|
|turn|27
|
|switch|p1a: Keldeo|Keldeo|323\/323
|-damage|p1a: Keldeo|303\/323|[from] Stealth Rock
|switch|p2a: Quagsire|Quagsire, M|296\/394
|-damage|p2a: Quagsire|272\/394|[from] Stealth Rock
|
|turn|28
|
|switch|p2a: Cresselia|Cresselia, F|284\/444
|-damage|p2a: Cresselia|229\/444|[from] Stealth Rock
|move|p1a: Keldeo|Scald|p2a: Cresselia
|-damage|p2a: Cresselia|108\/444
|-status|p2a: Cresselia|brn
|
|-heal|p2a: Cresselia|135\/444 brn|[from] item: Leftovers
|-damage|p2a: Cresselia|80\/444 brn|[from] brn
|turn|29
|
|move|p1a: Keldeo|Scald|p2a: Cresselia
|-damage|p2a: Cresselia|0 fnt
|faint|p2a: Cresselia
|
|
|switch|p2a: Gothitelle|Gothitelle, M|205\/281
|-damage|p2a: Gothitelle|170\/281|[from] Stealth Rock
|turn|30
|
|move|p1a: Keldeo|Scald|p2a: Gothitelle
|-damage|p2a: Gothitelle|0 fnt
|faint|p2a: Gothitelle
|
|c|âAcidBurnz|gg
|-message|Yummygrapes forfeited.
|
|win|AcidBurnz
|raw|Ladder updating...
|raw|AcidBurnz's rating: 1405 &rarr; <strong>1425<\/strong><br \/>(+20 for winning)
|raw|Yummygrapes's rating: 1413 &rarr; <strong>1392<\/strong><br \/>(-21 for losing)