|join|acidburnz
|join|RabuRabuBeam
|player|p1|acidburnz|102
|player|p2|RabuRabuBeam|266
|gametype|singles
|gen|6
|tier|OU
|rated
|clearpoke
|poke|p1|Crawdaunt, F
|poke|p1|Heatran, M
|poke|p1|Clefable, F
|poke|p1|Latios, M
|poke|p1|Landorus-Therian, M
|poke|p1|Metagross
|poke|p2|Mamoswine, M
|poke|p2|Bisharp, M
|poke|p2|Metagross
|poke|p2|Keldeo-Resolute
|poke|p2|Rotom-Wash
|poke|p2|Sylveon, M
|rule|Swagger Clause: Swagger is banned
|rule|Baton Pass Clause: Limit one PokÃ©mon knowing Baton Pass
|rule|Sleep Clause Mod: Limit one foe put to sleep
|rule|Species Clause: Limit one of each PokÃ©mon
|rule|OHKO Clause: OHKO moves are banned
|rule|Moody Clause: Moody is banned
|rule|Evasion Moves Clause: Evasion moves are banned
|rule|Endless Battle Clause: Forcing endless battles is banned
|rule|HP Percentage Mod: HP is shown in percentages
|teampreview
|
|start
|switch|p1a: Landorus-Therian|Landorus-Therian, M|320\/320
|switch|p2a: Keldeo-Resolute|Keldeo-Resolute|323\/323
|-ability|p1a: Landorus-Therian|Intimidate|[of] p2a: Keldeo-Resolute
|-unboost|p2a: Keldeo-Resolute|atk|1
|turn|1
|
|switch|p2a: Metagross|Metagross|301\/301
|switch|p1a: Latios|Latios, M|301\/301
|
|turn|2
|
|switch|p1a: Metagross|Metagross|301\/301
|detailschange|p2a: Metagross|Metagross-Mega
|-mega|p2a: Metagross|Metagross|Metagrossite
|move|p2a: Metagross|Ice Punch|p1a: Metagross
|-resisted|p1a: Metagross
|-damage|p1a: Metagross|248\/301
|
|turn|3
|
|detailschange|p1a: Metagross|Metagross-Mega
|-mega|p1a: Metagross|Metagross|Metagrossite
|move|p2a: Metagross|Earthquake|p1a: Metagross
|-supereffective|p1a: Metagross
|-damage|p1a: Metagross|58\/301
|move|p1a: Metagross|Hammer Arm|p2a: Metagross
|-damage|p2a: Metagross|167\/301
|-unboost|p1a: Metagross|spe|1
|
|turn|4
|
|switch|p1a: Landorus-Therian|Landorus-Therian, M|320\/320
|-ability|p1a: Landorus-Therian|Intimidate|[of] p2a: Metagross
|-unboost|p2a: Metagross|atk|1
|move|p2a: Metagross|Ice Punch|p1a: Landorus-Therian
|-supereffective|p1a: Landorus-Therian
|-damage|p1a: Landorus-Therian|0 fnt
|faint|p1a: Landorus-Therian
|
|
|switch|p1a: Crawdaunt|Crawdaunt, F|268\/268
|turn|5
|
|switch|p2a: Keldeo-Resolute|Keldeo-Resolute|323\/323
|move|p1a: Crawdaunt|Knock Off|p2a: Keldeo-Resolute
|-resisted|p2a: Keldeo-Resolute
|-damage|p2a: Keldeo-Resolute|198\/323
|-boost|p2a: Keldeo-Resolute|atk|1|[from] ability: Justified
|-enditem|p2a: Keldeo-Resolute|Choice Scarf|[from] move: Knock Off|[of] p1a: Crawdaunt
|
|turn|6
|
|switch|p2a: Sylveon|Sylveon, M|392\/392
|switch|p1a: Latios|Latios, M|301\/301
|
|turn|7
|
|switch|p1a: Heatran|Heatran, M|386\/386
|move|p2a: Sylveon|Shadow Ball|p1a: Heatran
|-damage|p1a: Heatran|259\/386
|
|-heal|p1a: Heatran|283\/386|[from] item: Leftovers
|turn|8
|
|switch|p2a: Keldeo-Resolute|Keldeo-Resolute|198\/323
|move|p1a: Heatran|Stealth Rock|p2a: Keldeo-Resolute
|-sidestart|p2: RabuRabuBeam|move: Stealth Rock
|
|-heal|p1a: Heatran|307\/386|[from] item: Leftovers
|turn|9
|
|switch|p1a: Latios|Latios, M|301\/301
|move|p2a: Keldeo-Resolute|Hydro Pump|p1a: Latios
|-resisted|p1a: Latios
|-damage|p1a: Latios|193\/301
|
|turn|10
|
|switch|p2a: Bisharp|Bisharp, M|272\/272
|-damage|p2a: Bisharp|255\/272|[from] Stealth Rock
|move|p1a: Latios|Earthquake|p2a: Bisharp
|-supereffective|p2a: Bisharp
|-damage|p2a: Bisharp|70\/272
|-damage|p1a: Latios|163\/301|[from] item: Life Orb
|
|turn|11
|
|switch|p1a: Crawdaunt|Crawdaunt, F|268\/268
|move|p2a: Bisharp|Knock Off|p1a: Crawdaunt
|-crit|p1a: Crawdaunt
|-resisted|p1a: Crawdaunt
|-damage|p1a: Crawdaunt|65\/268
|-enditem|p1a: Crawdaunt|Focus Sash|[from] move: Knock Off|[of] p2a: Bisharp
|-damage|p2a: Bisharp|43\/272|[from] item: Life Orb
|
|turn|12
|
|switch|p2a: Keldeo-Resolute|Keldeo-Resolute|198\/323
|-damage|p2a: Keldeo-Resolute|178\/323|[from] Stealth Rock
|move|p1a: Crawdaunt|Dragon Dance|p1a: Crawdaunt
|-boost|p1a: Crawdaunt|atk|1
|-boost|p1a: Crawdaunt|spe|1
|
|turn|13
|
|switch|p1a: Latios|Latios, M|163\/301
|move|p2a: Keldeo-Resolute|Secret Sword|p1a: Latios
|-resisted|p1a: Latios
|-damage|p1a: Latios|67\/301
|
|turn|14
|
|move|p1a: Latios|Psyshock|p2a: Keldeo-Resolute
|-supereffective|p2a: Keldeo-Resolute
|-damage|p2a: Keldeo-Resolute|0 fnt
|-damage|p1a: Latios|37\/301|[from] item: Life Orb
|faint|p2a: Keldeo-Resolute
|
|
|switch|p2a: Metagross|Metagross-Mega|167\/301
|-damage|p2a: Metagross|149\/301|[from] Stealth Rock
|turn|15
|
|move|p1a: Latios|Earthquake|p2a: Metagross
|-supereffective|p2a: Metagross
|-damage|p2a: Metagross|27\/301
|-damage|p1a: Latios|7\/301|[from] item: Life Orb
|move|p2a: Metagross|Ice Punch|p1a: Latios
|-supereffective|p1a: Latios
|-damage|p1a: Latios|0 fnt
|faint|p1a: Latios
|
|
|switch|p1a: Crawdaunt|Crawdaunt, F|65\/268
|turn|16
|
|switch|p2a: Rotom-Wash|Rotom-Wash|303\/303
|-damage|p2a: Rotom-Wash|266\/303|[from] Stealth Rock
|move|p1a: Crawdaunt|Aqua Jet|p2a: Rotom-Wash
|-resisted|p2a: Rotom-Wash
|-damage|p2a: Rotom-Wash|233\/303
|
|-heal|p2a: Rotom-Wash|251\/303|[from] item: Leftovers
|turn|17
|
|switch|p1a: Clefable|Clefable, F|394\/394
|move|p2a: Rotom-Wash|Volt Switch|p1a: Clefable
|-damage|p1a: Clefable|300\/394
|
|switch|p2a: Metagross|Metagross-Mega|27\/301
|-damage|p2a: Metagross|9\/301|[from] Stealth Rock
|
|turn|18
|
|move|p2a: Metagross|Earthquake|p1a: Clefable
|-damage|p1a: Clefable|191\/394
|move|p1a: Clefable|Moonblast|p2a: Metagross
|-resisted|p2a: Metagross
|-damage|p2a: Metagross|0 fnt
|faint|p2a: Metagross
|
|
|switch|p2a: Mamoswine|Mamoswine, M|361\/361
|-damage|p2a: Mamoswine|316\/361|[from] Stealth Rock
|turn|19
|
|move|p2a: Mamoswine|Earthquake|p1a: Clefable
|-damage|p1a: Clefable|17\/394
|move|p1a: Clefable|Soft-Boiled|p1a: Clefable
|-heal|p1a: Clefable|214\/394
|
|turn|20
|
|switch|p2a: Sylveon|Sylveon, M|392\/392
|-damage|p2a: Sylveon|343\/392|[from] Stealth Rock
|move|p1a: Clefable|Focus Blast|p2a: Sylveon
|-resisted|p2a: Sylveon
|-damage|p2a: Sylveon|292\/392
|
|turn|21
|
|switch|p1a: Heatran|Heatran, M|307\/386
|move|p2a: Sylveon|Hidden Power|p1a: Heatran
|-supereffective|p1a: Heatran
|-damage|p1a: Heatran|0 fnt
|faint|p1a: Heatran
|
|
|switch|p1a: Metagross|Metagross-Mega|58\/301
|turn|22
|
|switch|p2a: Rotom-Wash|Rotom-Wash|251\/303
|-damage|p2a: Rotom-Wash|214\/303|[from] Stealth Rock
|move|p1a: Metagross|Meteor Mash|p2a: Rotom-Wash
|-resisted|p2a: Rotom-Wash
|-damage|p2a: Rotom-Wash|172\/303
|
|-heal|p2a: Rotom-Wash|190\/303|[from] item: Leftovers
|turn|23
|
|move|p1a: Metagross|Zen Headbutt|p2a: Rotom-Wash|[miss]
|-miss|p1a: Metagross|p2a: Rotom-Wash
|move|p2a: Rotom-Wash|Hydro Pump|p1a: Metagross
|-damage|p1a: Metagross|0 fnt
|faint|p1a: Metagross
|
|-heal|p2a: Rotom-Wash|208\/303|[from] item: Leftovers
|
|switch|p1a: Clefable|Clefable, F|214\/394
|turn|24
|
|move|p2a: Rotom-Wash|Volt Switch|p1a: Clefable
|-damage|p1a: Clefable|115\/394
|
|switch|p2a: Bisharp|Bisharp, M|43\/272
|-damage|p2a: Bisharp|26\/272|[from] Stealth Rock
|move|p1a: Clefable|Soft-Boiled|p1a: Clefable
|-heal|p1a: Clefable|312\/394
|
|turn|25
|
|move|p2a: Bisharp|Iron Head|p1a: Clefable
|-supereffective|p1a: Clefable
|-damage|p1a: Clefable|0 fnt
|-damage|p2a: Bisharp|0 fnt|[from] item: Life Orb
|faint|p1a: Clefable
|faint|p2a: Bisharp
|
|
|switch|p1a: Crawdaunt|Crawdaunt, F|65\/268
|switch|p2a: Rotom-Wash|Rotom-Wash|208\/303
|-damage|p2a: Rotom-Wash|171\/303|[from] Stealth Rock
|turn|26
|
|move|p1a: Crawdaunt|Knock Off|p2a: Rotom-Wash
|-damage|p2a: Rotom-Wash|7\/303
|-enditem|p2a: Rotom-Wash|Leftovers|[from] move: Knock Off|[of] p1a: Crawdaunt
|move|p2a: Rotom-Wash|Volt Switch|p1a: Crawdaunt
|-supereffective|p1a: Crawdaunt
|-damage|p1a: Crawdaunt|0 fnt
|faint|p1a: Crawdaunt
|
|win|RabuRabuBeam
|raw|Ladder updating...
|raw|acidburnz's rating: 1414 &rarr; <strong>1400<\/strong><br \/>(-14 for losing)
|raw|RabuRabuBeam's rating: 1523 &rarr; <strong>1537<\/strong><br \/>(+14 for winning)
|c|âacidburnz|fgt
|leave|acidburnz
|player|p1