|join|acidburnz
|join|buttpirate53
|player|p1|acidburnz|169
|player|p2|buttpirate53|260
|gametype|singles
|gen|6
|tier|OU (suspect test)
|rated
|clearpoke
|poke|p1|Politoed, M
|poke|p1|Thundurus, M
|poke|p1|Swampert, F
|poke|p1|Ferrothorn, M
|poke|p1|Dragonite, M
|poke|p1|Kingdra, M
|poke|p2|Cloyster, F
|poke|p2|Breloom, M, shiny
|poke|p2|Terrakion
|poke|p2|Lopunny, M
|poke|p2|Volcarona, F
|poke|p2|Latias, F
|rule|Swagger Clause: Swagger is banned
|rule|Baton Pass Clause: Limit one PokÃ©mon knowing Baton Pass
|rule|Sleep Clause Mod: Limit one foe put to sleep
|rule|Species Clause: Limit one of each PokÃ©mon
|rule|OHKO Clause: OHKO moves are banned
|rule|Moody Clause: Moody is banned
|rule|Evasion Moves Clause: Evasion moves are banned
|rule|Endless Battle Clause: Forcing endless battles is banned
|rule|HP Percentage Mod: HP is shown in percentages
|teampreview
|c|âacidburnz|glhf
|c|âbuttpirate53|u2
|
|start
|switch|p1a: Ferrothorn|Ferrothorn, M|351\/351
|switch|p2a: Lopunny|Lopunny, M|271\/271
|turn|1
|
|switch|p1a: Thundurus|Thundurus, M|299\/299
|detailschange|p2a: Lopunny|Lopunny-Mega, M
|-mega|p2a: Lopunny|Lopunny|Lopunnite
|move|p2a: Lopunny|Power-Up Punch|p1a: Thundurus
|-resisted|p1a: Thundurus
|-damage|p1a: Thundurus|244\/299
|-boost|p2a: Lopunny|atk|1
|
|turn|2
|
|move|p1a: Thundurus|Thunder Wave|p2a: Lopunny
|-status|p2a: Lopunny|par
|cant|p2a: Lopunny|par
|
|turn|3
|
|move|p1a: Thundurus|Rain Dance|p1a: Thundurus
|-weather|RainDance
|move|p2a: Lopunny|Return|p1a: Thundurus
|-damage|p1a: Thundurus|0 fnt
|faint|p1a: Thundurus
|
|-weather|RainDance|[upkeep]
|
|switch|p1a: Dragonite|Dragonite, M|323\/323
|turn|4
|
|move|p1a: Dragonite|Hurricane|p2a: Lopunny
|-supereffective|p2a: Lopunny
|-damage|p2a: Lopunny|0 fnt
|faint|p2a: Lopunny
|
|-weather|RainDance|[upkeep]
|
|switch|p2a: Lil' Mac|Breloom, M, shiny|262\/262
|turn|5
|
|move|p2a: Lil' Mac|Mach Punch|p1a: Dragonite
|-resisted|p1a: Dragonite
|-damage|p1a: Dragonite|280\/323
|-damage|p2a: Lil' Mac|236\/262|[from] item: Life Orb
|move|p1a: Dragonite|Hurricane|p2a: Lil' Mac
|-supereffective|p2a: Lil' Mac
|-damage|p2a: Lil' Mac|0 fnt
|faint|p2a: Lil' Mac
|
|-weather|RainDance|[upkeep]
|join|Pure Soul Child
|
|switch|p2a: Latias|Latias, F|301\/301
|turn|6
|
|switch|p1a: Ferrothorn|Ferrothorn, M|351\/351
|move|p2a: Latias|Draco Meteor|p1a: Ferrothorn
|-resisted|p1a: Ferrothorn
|-damage|p1a: Ferrothorn|255\/351
|-unboost|p2a: Latias|spa|2
|
|-weather|RainDance|[upkeep]
|turn|7
|c| Pure Soul Child|ahh the rain
|
|switch|p2a: Dance of Death|Volcarona, F|329\/329
|move|p1a: Ferrothorn|Stealth Rock|p2a: Dance of Death
|-sidestart|p2: buttpirate53|move: Stealth Rock
|
|-weather|RainDance|[upkeep]
|turn|8
|c|âacidburnz|indeed
|
|move|p2a: Dance of Death|Fiery Dance|p1a: Ferrothorn
|-supereffective|p1a: Ferrothorn
|-damage|p1a: Ferrothorn|15\/351
|move|p1a: Ferrothorn|Thunder Wave|p2a: Dance of Death
|-status|p2a: Dance of Death|par
|
|-weather|RainDance|[upkeep]
|turn|9
|c| Pure Soul Child|ouch
|
|move|p2a: Dance of Death|Fiery Dance|p1a: Ferrothorn
|-crit|p1a: Ferrothorn
|-supereffective|p1a: Ferrothorn
|-damage|p1a: Ferrothorn|0 fnt
|faint|p1a: Ferrothorn
|
|-weather|RainDance|[upkeep]
|
|switch|p1a: Swampert|Swampert, F|361\/361
|turn|10
|c| Pure Soul Child|i litterally only have one team without ninja :\/
|
|detailschange|p1a: Swampert|Swampert-Mega, F
|-mega|p1a: Swampert|Swampert|Swampertite
|move|p1a: Swampert|Waterfall|p2a: Dance of Death
|-supereffective|p2a: Dance of Death
|-damage|p2a: Dance of Death|0 fnt
|faint|p2a: Dance of Death
|
|-weather|none
|
|switch|p2a: Cloyster|Cloyster, F|241\/241
|-damage|p2a: Cloyster|181\/241|[from] Stealth Rock
|turn|11
|c|âacidburnz|lol
|
|-singleturn|p1a: Swampert|move: Focus Punch
|move|p2a: Cloyster|Shell Smash|p2a: Cloyster
|-boost|p2a: Cloyster|atk|2
|-boost|p2a: Cloyster|spa|2
|-boost|p2a: Cloyster|spe|2
|-unboost|p2a: Cloyster|def|1
|-unboost|p2a: Cloyster|spd|1
|move|p1a: Swampert|Focus Punch|p2a: Cloyster
|-supereffective|p2a: Cloyster
|-damage|p2a: Cloyster|0 fnt
|faint|p2a: Cloyster
|
|c|âbuttpirate53|nice
|c|âbuttpirate53|gg
|-message|buttpirate53 forfeited.
|
|win|acidburnz
|raw|Ladder updating...
|c|âacidburnz|ty
|leave|buttpirate53
|player|p2
|raw|acidburnz's rating: 1304 &rarr; <strong>1327<\/strong><br \/>(+23 for winning)
|raw|buttpirate53's rating: 1355 &rarr; <strong>1332<\/strong><br \/>(-23 for losing)
|c| Pure Soul Child|man