|join|TimeTravelerr
|join|AcidBurnz
|player|p1|TimeTravelerr|73
|player|p2|AcidBurnz|161
|gametype|singles
|gen|6
|tier|OU (suspect test)
|rated
|clearpoke
|poke|p1|Metagross
|poke|p1|Keldeo
|poke|p1|Landorus-Therian, M
|poke|p1|Rotom-Wash
|poke|p1|Latios, M
|poke|p1|Heatran, F
|poke|p2|Heracross, F
|poke|p2|Talonflame, M
|poke|p2|Mamoswine, M
|poke|p2|Rotom-Wash
|poke|p2|Latios, M
|poke|p2|Florges, F
|rule|Swagger Clause: Swagger is banned
|rule|Baton Pass Clause: Limit one PokÃ©mon knowing Baton Pass
|rule|Sleep Clause Mod: Limit one foe put to sleep
|rule|Species Clause: Limit one of each PokÃ©mon
|rule|OHKO Clause: OHKO moves are banned
|rule|Moody Clause: Moody is banned
|rule|Evasion Moves Clause: Evasion moves are banned
|rule|Endless Battle Clause: Forcing endless battles is banned
|rule|HP Percentage Mod: HP is shown in percentages
|teampreview
|
|start
|switch|p1a: Rotom-Wash|Rotom-Wash|303\/303
|switch|p2a: Rotom-Wash|Rotom-Wash|302\/302
|turn|1
|
|move|p1a: Rotom-Wash|Will-O-Wisp|p2a: Rotom-Wash
|-status|p2a: Rotom-Wash|brn
|move|p2a: Rotom-Wash|Will-O-Wisp|p1a: Rotom-Wash
|-status|p1a: Rotom-Wash|brn
|
|-damage|p1a: Rotom-Wash|266\/303 brn|[from] brn
|-damage|p2a: Rotom-Wash|265\/302 brn|[from] brn
|turn|2
|
|move|p1a: Rotom-Wash|Volt Switch|p2a: Rotom-Wash
|-damage|p2a: Rotom-Wash|178\/302 brn
|
|switch|p1a: Landorus-Therian|Landorus-Therian, M|319\/319
|-ability|p1a: Landorus-Therian|Intimidate|[of] p2a: Rotom-Wash
|-unboost|p2a: Rotom-Wash|atk|1
|move|p2a: Rotom-Wash|Volt Switch|p1a: Landorus-Therian
|-immune|p1a: Landorus-Therian|[msg]
|
|-heal|p2a: Rotom-Wash|196\/302 brn|[from] item: Leftovers
|-damage|p2a: Rotom-Wash|159\/302 brn|[from] brn
|turn|3
|
|move|p1a: Landorus-Therian|U-turn|p2a: Rotom-Wash
|-damage|p2a: Rotom-Wash|93\/302 brn
|
|switch|p1a: Rotom-Wash|Rotom-Wash|266\/303 brn
|move|p2a: Rotom-Wash|Pain Split|p1a: Rotom-Wash
|-sethp|p1a: Rotom-Wash|179\/303 brn|p2a: Rotom-Wash|179\/302 brn|[from] move: Pain Split
|
|-heal|p1a: Rotom-Wash|197\/303 brn|[from] item: Leftovers
|-heal|p2a: Rotom-Wash|197\/302 brn|[from] item: Leftovers
|-damage|p1a: Rotom-Wash|160\/303 brn|[from] brn
|-damage|p2a: Rotom-Wash|160\/302 brn|[from] brn
|turn|4
|
|move|p1a: Rotom-Wash|Hydro Pump|p2a: Rotom-Wash
|-resisted|p2a: Rotom-Wash
|-damage|p2a: Rotom-Wash|100\/302 brn
|move|p2a: Rotom-Wash|Volt Switch|p1a: Rotom-Wash
|-damage|p1a: Rotom-Wash|78\/303 brn
|
|switch|p2a: Mamoswine|Mamoswine, M|361\/361
|
|-heal|p1a: Rotom-Wash|96\/303 brn|[from] item: Leftovers
|-damage|p1a: Rotom-Wash|59\/303 brn|[from] brn
|turn|5
|
|move|p1a: Rotom-Wash|Pain Split|p2a: Mamoswine
|-sethp|p2a: Mamoswine|210\/361|p1a: Rotom-Wash|210\/303 brn|[from] move: Pain Split
|move|p2a: Mamoswine|Freeze-Dry|p1a: Rotom-Wash
|-supereffective|p1a: Rotom-Wash
|-damage|p1a: Rotom-Wash|96\/303 brn
|
|-heal|p1a: Rotom-Wash|114\/303 brn|[from] item: Leftovers
|-damage|p1a: Rotom-Wash|77\/303 brn|[from] brn
|turn|6
|
|switch|p2a: Florges|Florges, F|360\/360
|move|p1a: Rotom-Wash|Hydro Pump|p2a: Florges|[miss]
|-miss|p1a: Rotom-Wash|p2a: Florges
|
|-heal|p1a: Rotom-Wash|95\/303 brn|[from] item: Leftovers
|-damage|p1a: Rotom-Wash|58\/303 brn|[from] brn
|turn|7
|
|move|p1a: Rotom-Wash|Pain Split|p2a: Florges
|-sethp|p2a: Florges|209\/360|p1a: Rotom-Wash|209\/303 brn|[from] move: Pain Split
|move|p2a: Florges|Moonblast|p1a: Rotom-Wash
|-damage|p1a: Rotom-Wash|86\/303 brn
|
|-heal|p1a: Rotom-Wash|104\/303 brn|[from] item: Leftovers
|-heal|p2a: Florges|231\/360|[from] item: Leftovers
|-damage|p1a: Rotom-Wash|67\/303 brn|[from] brn
|turn|8
|
|move|p1a: Rotom-Wash|Volt Switch|p2a: Florges
|-damage|p2a: Florges|180\/360
|
|switch|p1a: Heatran|Heatran, F|382\/382
|move|p2a: Florges|Moonblast|p1a: Heatran
|-resisted|p1a: Heatran
|-damage|p1a: Heatran|355\/382
|
|-heal|p1a: Heatran|378\/382|[from] item: Leftovers
|-heal|p2a: Florges|202\/360|[from] item: Leftovers
|turn|9
|
|move|p1a: Heatran|Stealth Rock|p2a: Florges
|-sidestart|p2: AcidBurnz|move: Stealth Rock
|move|p2a: Florges|Wish|p2a: Florges
|
|-heal|p1a: Heatran|382\/382|[from] item: Leftovers
|-heal|p2a: Florges|224\/360|[from] item: Leftovers
|turn|10
|
|switch|p1a: Rotom-Wash|Rotom-Wash|67\/303 brn
|switch|p2a: Rotom-Wash|Rotom-Wash|100\/302 brn
|-damage|p2a: Rotom-Wash|63\/302 brn|[from] Stealth Rock
|
|-heal|p2a: Rotom-Wash|243\/302 brn|[from] move: Wish|[wisher] Florges
|-heal|p1a: Rotom-Wash|85\/303 brn|[from] item: Leftovers
|-heal|p2a: Rotom-Wash|261\/302 brn|[from] item: Leftovers
|-damage|p1a: Rotom-Wash|48\/303 brn|[from] brn
|-damage|p2a: Rotom-Wash|224\/302 brn|[from] brn
|turn|11
|
|move|p1a: Rotom-Wash|Pain Split|p2a: Rotom-Wash
|-sethp|p2a: Rotom-Wash|136\/302 brn|p1a: Rotom-Wash|136\/303 brn|[from] move: Pain Split
|move|p2a: Rotom-Wash|Volt Switch|p1a: Rotom-Wash
|-damage|p1a: Rotom-Wash|60\/303 brn
|
|switch|p2a: Latios|Latios, M|301\/301
|-damage|p2a: Latios|264\/301|[from] Stealth Rock
|
|-heal|p1a: Rotom-Wash|78\/303 brn|[from] item: Leftovers
|-damage|p1a: Rotom-Wash|41\/303 brn|[from] brn
|turn|12
|
|move|p2a: Latios|Psyshock|p1a: Rotom-Wash
|-damage|p1a: Rotom-Wash|0 fnt
|-damage|p2a: Latios|234\/301|[from] item: Life Orb
|faint|p1a: Rotom-Wash
|
|
|switch|p1a: Landorus-Therian|Landorus-Therian, M|319\/319
|-ability|p1a: Landorus-Therian|Intimidate|[of] p2a: Latios
|-unboost|p2a: Latios|atk|1
|turn|13
|
|switch|p2a: Florges|Florges, F|224\/360
|-damage|p2a: Florges|179\/360|[from] Stealth Rock
|move|p1a: Landorus-Therian|U-turn|p2a: Florges
|-resisted|p2a: Florges
|-damage|p2a: Florges|124\/360
|
|switch|p1a: Metagross|Metagross|301\/301
|
|-heal|p2a: Florges|146\/360|[from] item: Leftovers
|turn|14
|
|detailschange|p1a: Metagross|Metagross-Mega
|-mega|p1a: Metagross|Metagross|Metagrossite
|move|p1a: Metagross|Meteor Mash|p2a: Florges|[miss]
|-miss|p1a: Metagross|p2a: Florges
|move|p2a: Florges|Aromatherapy|p2a: Florges
|-cureteam|p2a: Florges|[from] move: Aromatherapy
|
|-heal|p2a: Florges|168\/360|[from] item: Leftovers
|turn|15
|
|move|p1a: Metagross|Zen Headbutt|p2a: Florges
|-damage|p2a: Florges|0 fnt
|faint|p2a: Florges
|
|c|âTimeTravelerr|thank  god it's  "only" 90  accuracy
|c|âAcidBurnz|lol
|
|switch|p2a: Latios|Latios, M|234\/301
|-damage|p2a: Latios|197\/301|[from] Stealth Rock
|turn|16
|
|move|p1a: Metagross|Meteor Mash|p2a: Latios
|-damage|p2a: Latios|0 fnt
|faint|p2a: Latios
|
|c|âAcidBurnz|gg
|c|âAcidBurnz|this thing fucks me in the ass
|c|âAcidBurnz|fucking bs
|
|switch|p2a: Rotom-Wash|Rotom-Wash|136\/302
|-damage|p2a: Rotom-Wash|99\/302|[from] Stealth Rock
|turn|17
|
|move|p1a: Metagross|Zen Headbutt|p2a: Rotom-Wash
|-damage|p2a: Rotom-Wash|0 fnt
|faint|p2a: Rotom-Wash
|
|
|switch|p2a: Talonflame|Talonflame, M|297\/297
|-damage|p2a: Talonflame|149\/297|[from] Stealth Rock
|turn|18
|
|move|p2a: Talonflame|Tailwind|p2a: Talonflame
|-sidestart|p2: AcidBurnz|move: Tailwind
|move|p1a: Metagross|Thunder Punch|p2a: Talonflame
|-supereffective|p2a: Talonflame
|-damage|p2a: Talonflame|0 fnt
|faint|p2a: Talonflame
|
|
|switch|p2a: Heracross|Heracross, F|302\/302
|-damage|p2a: Heracross|265\/302|[from] Stealth Rock
|turn|19
|
|detailschange|p2a: Heracross|Heracross-Mega, F
|-mega|p2a: Heracross|Heracross|Heracronite
|move|p2a: Heracross|Close Combat|p1a: Metagross
|-damage|p1a: Metagross|78\/301
|-unboost|p2a: Heracross|def|1
|-unboost|p2a: Heracross|spd|1
|move|p1a: Metagross|Zen Headbutt|p2a: Heracross
|-supereffective|p2a: Heracross
|-damage|p2a: Heracross|0 fnt
|faint|p2a: Heracross
|
|c|âAcidBurnz|fuck you
|-message|AcidBurnz forfeited.
|leave|AcidBurnz
|
|win|TimeTravelerr
|raw|Ladder updating...
|player|p2
|raw|TimeTravelerr's rating: 1243 &rarr; <strong>1274<\/strong><br \/>(+31 for winning)
|raw|AcidBurnz's rating: 1316 &rarr; <strong>1292<\/strong><br \/>(-24 for losing)