|join|Mentagrill
|join|AcidBurnz
|player|p1|Mentagrill|283
|player|p2|AcidBurnz|266
|gametype|singles
|gen|6
|tier|OU (suspect test)
|rated
|clearpoke
|poke|p1|Keldeo-Resolute
|poke|p1|Garchomp, M
|poke|p1|Metagross
|poke|p1|Latios, M
|poke|p1|Tangrowth, M
|poke|p1|Azumarill, F
|poke|p2|Sableye, F
|poke|p2|Chansey, F
|poke|p2|Bisharp, M
|poke|p2|Landorus-Therian, M
|poke|p2|Latios, M
|poke|p2|Rotom-Wash
|rule|Swagger Clause: Swagger is banned
|rule|Baton Pass Clause: Limit one PokÃ©mon knowing Baton Pass
|rule|Sleep Clause Mod: Limit one foe put to sleep
|rule|Species Clause: Limit one of each PokÃ©mon
|rule|OHKO Clause: OHKO moves are banned
|rule|Moody Clause: Moody is banned
|rule|Evasion Moves Clause: Evasion moves are banned
|rule|Endless Battle Clause: Forcing endless battles is banned
|rule|HP Percentage Mod: HP is shown in percentages
|teampreview
|
|start
|switch|p1a: Sharpedobear|Garchomp, M|420\/420
|switch|p2a: Rotom-Wash|Rotom-Wash|242\/242
|turn|1
|c|âMentagrill|gl hf
|
|move|p2a: Rotom-Wash|Will-O-Wisp|p1a: Sharpedobear
|-status|p1a: Sharpedobear|brn
|move|p1a: Sharpedobear|Stealth Rock|p2a: Rotom-Wash
|-sidestart|p2: AcidBurnz|move: Stealth Rock
|
|-damage|p1a: Sharpedobear|368\/420 brn|[from] brn
|turn|2
|
|switch|p2a: Landorus-Therian|Landorus-Therian, M|382\/382
|-damage|p2a: Landorus-Therian|335\/382|[from] Stealth Rock
|-ability|p2a: Landorus-Therian|Intimidate|[of] p1a: Sharpedobear
|-unboost|p1a: Sharpedobear|atk|1
|move|p1a: Sharpedobear|Toxic|p2a: Landorus-Therian
|-status|p2a: Landorus-Therian|tox
|
|-heal|p2a: Landorus-Therian|358\/382 tox|[from] item: Leftovers
|-damage|p1a: Sharpedobear|316\/420 brn|[from] brn
|-damage|p2a: Landorus-Therian|335\/382 tox|[from] psn
|turn|3
|
|move|p2a: Landorus-Therian|Stealth Rock|p1a: Sharpedobear
|-sidestart|p1: Mentagrill|move: Stealth Rock
|move|p1a: Sharpedobear|Dragon Tail|p2a: Landorus-Therian
|-damage|p2a: Landorus-Therian|313\/382 tox
|drag|p2a: Sableye|Sableye, F|304\/304
|-damage|p2a: Sableye|266\/304|[from] Stealth Rock
|
|-damage|p1a: Sharpedobear|264\/420 brn|[from] brn
|turn|4
|
|detailschange|p2a: Sableye|Sableye-Mega, F
|-mega|p2a: Sableye|Sableye|Sablenite
|move|p2a: Sableye|Dark Pulse|p1a: Sharpedobear
|-damage|p1a: Sharpedobear|174\/420 brn
|move|p1a: Sharpedobear|Dragon Tail|p2a: Sableye|[miss]
|-miss|p1a: Sharpedobear|p2a: Sableye
|
|-damage|p1a: Sharpedobear|122\/420 brn|[from] brn
|turn|5
|
|move|p2a: Sableye|Dark Pulse|p1a: Sharpedobear
|-damage|p1a: Sharpedobear|40\/420 brn
|cant|p1a: Sharpedobear|flinch
|
|-damage|p1a: Sharpedobear|0 fnt|[from] brn
|faint|p1a: Sharpedobear
|
|switch|p1a: Ponytard|Keldeo-Resolute|323\/323
|-damage|p1a: Ponytard|303\/323|[from] Stealth Rock
|turn|6
|join|ILYAcidBurnz
|c| ILYAcidBurnz|GO ACID BURNZ GO GO GO!
|
|switch|p2a: Chansey|Chansey, F|704\/704
|-damage|p2a: Chansey|616\/704|[from] Stealth Rock
|move|p1a: Ponytard|Scald|p2a: Chansey
|-damage|p2a: Chansey|519\/704
|-status|p2a: Chansey|brn
|
|-damage|p2a: Chansey|431\/704 brn|[from] brn
|turn|7
|c| ILYAcidBurnz|YOU CAN DO IT
|c|âAcidBurnz|hahah
|
|switch|p1a: MiasmaxHP|Tangrowth, M|399\/399
|-damage|p1a: MiasmaxHP|350\/399|[from] Stealth Rock
|move|p2a: Chansey|Seismic Toss|p1a: MiasmaxHP
|-damage|p1a: MiasmaxHP|250\/399
|
|-damage|p2a: Chansey|343\/704 brn|[from] brn
|turn|8
|
|switch|p2a: Sableye|Sableye-Mega, F|266\/304
|-damage|p2a: Sableye|228\/304|[from] Stealth Rock
|move|p1a: MiasmaxHP|Knock Off|p2a: Sableye
|-damage|p2a: Sableye|198\/304
|
|turn|9
|
|switch|p1a: Ponytard|Keldeo-Resolute|303\/323
|-damage|p1a: Ponytard|283\/323|[from] Stealth Rock
|move|p2a: Sableye|Will-O-Wisp|p1a: Ponytard
|-status|p1a: Ponytard|brn
|
|-damage|p1a: Ponytard|243\/323 brn|[from] brn
|turn|10
|
|move|p1a: Ponytard|Hydro Pump|p2a: Sableye|[miss]
|-miss|p1a: Ponytard|p2a: Sableye
|move|p2a: Sableye|Recover|p2a: Sableye
|-heal|p2a: Sableye|304\/304
|
|-damage|p1a: Ponytard|203\/323 brn|[from] brn
|turn|11
|
|switch|p1a: MiasmaxHP|Tangrowth, M|383\/399
|-damage|p1a: MiasmaxHP|334\/399|[from] Stealth Rock
|move|p2a: Sableye|Recover|p2a: Sableye
|-fail|p2a: Sableye
|
|turn|12
|
|move|p1a: MiasmaxHP|Giga Drain|p2a: Sableye
|-damage|p2a: Sableye|225\/304
|-heal|p1a: MiasmaxHP|374\/399|[from] drain|[of] p2a: Sableye
|move|p2a: Sableye|Will-O-Wisp|p1a: MiasmaxHP
|-status|p1a: MiasmaxHP|brn
|
|-damage|p1a: MiasmaxHP|325\/399 brn|[from] brn
|turn|13
|c|âMentagrill|that cancer -_-
|
|switch|p1a: Primo Tylton|Latios, M|302\/302
|-damage|p1a: Primo Tylton|265\/302|[from] Stealth Rock
|move|p2a: Sableye|Calm Mind|p2a: Sableye
|-boost|p2a: Sableye|spa|1
|-boost|p2a: Sableye|spd|1
|
|turn|14
|
|move|p1a: Primo Tylton|Draco Meteor|p2a: Sableye
|-damage|p2a: Sableye|42\/304
|-unboost|p1a: Primo Tylton|spa|2
|-damage|p1a: Primo Tylton|235\/302|[from] item: Life Orb
|move|p2a: Sableye|Recover|p2a: Sableye
|-heal|p2a: Sableye|194\/304
|
|turn|15
|c| ILYAcidBurnz|You just mad cuz Acid so sexy wit his moves
|c| ILYAcidBurnz|GO ACID GO
|c|âMentagrill|yeah
|
|move|p1a: Primo Tylton|Draco Meteor|p2a: Sableye
|-damage|p2a: Sableye|112\/304
|-unboost|p1a: Primo Tylton|spa|2
|-damage|p1a: Primo Tylton|205\/302|[from] item: Life Orb
|move|p2a: Sableye|Recover|p2a: Sableye
|-heal|p2a: Sableye|264\/304
|
|turn|16
|
|switch|p1a: Mega Lockpin|Azumarill, F|342\/342
|-damage|p1a: Mega Lockpin|300\/342|[from] Stealth Rock
|move|p2a: Sableye|Dark Pulse|p1a: Mega Lockpin
|-resisted|p1a: Mega Lockpin
|-damage|p1a: Mega Lockpin|233\/342
|
|turn|17
|
|switch|p2a: Landorus-Therian|Landorus-Therian, M|313\/382 tox
|-damage|p2a: Landorus-Therian|266\/382 tox|[from] Stealth Rock
|-ability|p2a: Landorus-Therian|Intimidate|[of] p1a: Mega Lockpin
|-unboost|p1a: Mega Lockpin|atk|1
|move|p1a: Mega Lockpin|Play Rough|p2a: Landorus-Therian
|-damage|p2a: Landorus-Therian|172\/382 tox
|
|-heal|p2a: Landorus-Therian|195\/382 tox|[from] item: Leftovers
|-damage|p2a: Landorus-Therian|172\/382 tox|[from] psn
|turn|18
|
|switch|p2a: Rotom-Wash|Rotom-Wash|242\/242
|-damage|p2a: Rotom-Wash|212\/242|[from] Stealth Rock
|switch|p1a: Magnetonsofdamage|Metagross|302\/302
|-damage|p1a: Magnetonsofdamage|284\/302|[from] Stealth Rock
|
|turn|19
|
|switch|p1a: MiasmaxHP|Tangrowth, M|399\/399 brn
|-damage|p1a: MiasmaxHP|350\/399 brn|[from] Stealth Rock
|move|p2a: Rotom-Wash|Volt Switch|p1a: MiasmaxHP
|-resisted|p1a: MiasmaxHP
|-damage|p1a: MiasmaxHP|305\/399 brn
|
|switch|p2a: Latios|Latios, M|301\/301
|-damage|p2a: Latios|264\/301|[from] Stealth Rock
|
|-damage|p1a: MiasmaxHP|256\/399 brn|[from] brn
|turn|20
|
|move|p2a: Latios|Defog|p1a: MiasmaxHP
|-unboost|p1a: MiasmaxHP|evasion|1
|-sideend|p1: Mentagrill|Stealth Rock|[from] move: Defog|[of] p1a: MiasmaxHP
|-sideend|p2: AcidBurnz|Stealth Rock|[from] move: Defog|[of] p2a: Latios
|move|p1a: MiasmaxHP|Knock Off|p2a: Latios
|-supereffective|p2a: Latios
|-damage|p2a: Latios|176\/301
|-enditem|p2a: Latios|Life Orb|[from] move: Knock Off|[of] p1a: MiasmaxHP
|
|-damage|p1a: MiasmaxHP|207\/399 brn|[from] brn
|turn|21
|
|move|p2a: Latios|Psychic|p1a: MiasmaxHP
|-damage|p1a: MiasmaxHP|87\/399 brn
|move|p1a: MiasmaxHP|Giga Drain|p2a: Latios
|-crit|p2a: Latios
|-resisted|p2a: Latios
|-damage|p2a: Latios|106\/301
|-heal|p1a: MiasmaxHP|122\/399 brn|[from] drain|[of] p2a: Latios
|
|-damage|p1a: MiasmaxHP|73\/399 brn|[from] brn
|turn|22
|
|move|p2a: Latios|Draco Meteor|p1a: MiasmaxHP
|-damage|p1a: MiasmaxHP|0 fnt
|-unboost|p2a: Latios|spa|2
|faint|p1a: MiasmaxHP
|
|
|switch|p1a: Mega Lockpin|Azumarill, F|233\/342
|turn|23
|
|switch|p2a: Landorus-Therian|Landorus-Therian, M|172\/382 tox
|-ability|p2a: Landorus-Therian|Intimidate|[of] p1a: Mega Lockpin
|-unboost|p1a: Mega Lockpin|atk|1
|move|p1a: Mega Lockpin|Play Rough|p2a: Landorus-Therian|[miss]
|-miss|p1a: Mega Lockpin|p2a: Landorus-Therian
|
|-heal|p2a: Landorus-Therian|195\/382 tox|[from] item: Leftovers
|-damage|p2a: Landorus-Therian|172\/382 tox|[from] psn
|turn|24
|c|âMentagrill|ofc -_-
|
|switch|p1a: Primo Tylton|Latios, M|205\/302
|move|p2a: Landorus-Therian|Stealth Rock|p1a: Primo Tylton
|-sidestart|p1: Mentagrill|move: Stealth Rock
|
|-heal|p2a: Landorus-Therian|195\/382 tox|[from] item: Leftovers
|-damage|p2a: Landorus-Therian|149\/382 tox|[from] psn
|turn|25
|
|move|p1a: Primo Tylton|Draco Meteor|p2a: Landorus-Therian
|-damage|p2a: Landorus-Therian|0 fnt
|-unboost|p1a: Primo Tylton|spa|2
|-damage|p1a: Primo Tylton|175\/302|[from] item: Life Orb
|faint|p2a: Landorus-Therian
|
|
|switch|p2a: Bisharp|Bisharp, M|272\/272
|turn|26
|
|switch|p1a: Ponytard|Keldeo-Resolute|203\/323 brn
|-damage|p1a: Ponytard|183\/323 brn|[from] Stealth Rock
|move|p2a: Bisharp|Knock Off|p1a: Ponytard
|-resisted|p1a: Ponytard
|-damage|p1a: Ponytard|56\/323 brn
|-boost|p1a: Ponytard|atk|1|[from] ability: Justified
|-enditem|p1a: Ponytard|Choice Scarf|[from] move: Knock Off|[of] p2a: Bisharp
|-damage|p2a: Bisharp|245\/272|[from] item: Life Orb
|
|-damage|p1a: Ponytard|16\/323 brn|[from] brn
|turn|27
|
|move|p2a: Bisharp|Sucker Punch|p1a: Ponytard
|-resisted|p1a: Ponytard
|-damage|p1a: Ponytard|0 fnt
|-damage|p2a: Bisharp|218\/272|[from] item: Life Orb
|faint|p1a: Ponytard
|
|c| ILYAcidBurnz|cmon acid you're so close
|
|switch|p1a: Mega Lockpin|Azumarill, F|233\/342
|-damage|p1a: Mega Lockpin|191\/342|[from] Stealth Rock
|turn|28
|
|switch|p2a: Chansey|Chansey, F|343\/704
|move|p1a: Mega Lockpin|Belly Drum|p1a: Mega Lockpin
|-damage|p1a: Mega Lockpin|20\/342
|-setboost|p1a: Mega Lockpin|atk|6|[from] move: Belly Drum
|-enditem|p1a: Mega Lockpin|Sitrus Berry|[eat]
|-heal|p1a: Mega Lockpin|105\/342|[from] item: Sitrus Berry
|
|turn|29
|
|move|p1a: Mega Lockpin|Brick Break|p2a: Chansey
|-supereffective|p2a: Chansey
|-damage|p2a: Chansey|0 fnt
|faint|p2a: Chansey
|
|c| ILYAcidBurnz|dam...sell that just happened
|
|switch|p2a: Rotom-Wash|Rotom-Wash|212\/242
|turn|30
|c| ILYAcidBurnz|well*
|
|move|p2a: Rotom-Wash|Volt Switch|p1a: Mega Lockpin
|-supereffective|p1a: Mega Lockpin
|-damage|p1a: Mega Lockpin|0 fnt
|faint|p1a: Mega Lockpin
|c| ILYAcidBurnz|phew
|
|switch|p2a: Bisharp|Bisharp, M|218\/272
|
|c|âAcidBurnz|no worries here
|
|switch|p1a: Primo Tylton|Latios, M|175\/302
|-damage|p1a: Primo Tylton|138\/302|[from] Stealth Rock
|turn|31
|
|move|p2a: Bisharp|Sucker Punch|p1a: Primo Tylton
|-fail|p1a: Primo Tylton
|move|p1a: Primo Tylton|Recover|p1a: Primo Tylton
|-heal|p1a: Primo Tylton|289\/302
|
|turn|32
|
|move|p2a: Bisharp|Sucker Punch|p1a: Primo Tylton
|-supereffective|p1a: Primo Tylton
|-damage|p1a: Primo Tylton|0 fnt
|-damage|p2a: Bisharp|191\/272|[from] item: Life Orb
|faint|p1a: Primo Tylton
|
|c|âMentagrill|well
|
|switch|p1a: Magnetonsofdamage|Metagross|284\/302
|-damage|p1a: Magnetonsofdamage|266\/302|[from] Stealth Rock
|turn|33
|c|âAcidBurnz|gg
|
|detailschange|p1a: Magnetonsofdamage|Metagross-Mega
|-mega|p1a: Magnetonsofdamage|Metagross|Metagrossite
|move|p2a: Bisharp|Sucker Punch|p1a: Magnetonsofdamage
|-supereffective|p1a: Magnetonsofdamage
|-damage|p1a: Magnetonsofdamage|0 fnt
|-damage|p2a: Bisharp|164\/272|[from] item: Life Orb
|faint|p1a: Magnetonsofdamage
|
|win|AcidBurnz
|raw|Ladder updating...
|raw|Mentagrill's rating: 1350 &rarr; <strong>1331<\/strong><br \/>(-19 for losing)
|raw|AcidBurnz's rating: 1371 &rarr; <strong>1390<\/strong><br \/>(+19 for winning)
|c|âMentagrill|y
|c|âMentagrill|gg
|leave|Mentagrill
|c| ILYAcidBurnz|YAY I KNEW ACID COULD DO IT
|player|p1
|c|âAcidBurnz|thanks