|join|pain in my neck
|join|Beuredecahuete
|player|p1|pain in my neck|101
|player|p2|Beuredecahuete|2
|gametype|singles
|gen|6
|tier|OU
|rated
|clearpoke
|poke|p1|Azelf
|poke|p1|Greninja, M
|poke|p1|Scizor, F
|poke|p1|Raikou
|poke|p1|Latios, M
|poke|p1|Diggersby, M
|poke|p2|Mew
|poke|p2|Breloom, F
|poke|p2|Victini
|poke|p2|Diancie
|poke|p2|Skarmory, F
|poke|p2|Latios, M
|rule|Swagger Clause: Swagger is banned
|rule|Baton Pass Clause: Limit one PokÃ©mon knowing Baton Pass
|rule|Sleep Clause Mod: Limit one foe put to sleep
|rule|Species Clause: Limit one of each PokÃ©mon
|rule|OHKO Clause: OHKO moves are banned
|rule|Moody Clause: Moody is banned
|rule|Evasion Moves Clause: Evasion moves are banned
|rule|Endless Battle Clause: Forcing endless battles is banned
|rule|HP Percentage Mod: HP is shown in percentages
|teampreview
|
|start
|switch|p1a: Greninja|Greninja, M|285\/285
|switch|p2a: Diancie|Diancie|241\/241
|turn|1
|
|detailschange|p2a: Diancie|Diancie-Mega
|message|Diancie has Mega Evolved into Mega Diancie!
|move|p1a: Greninja|Ice Beam|p2a: Diancie
|-start|p1a: Greninja|typechange|Ice|[from] Protean
|-damage|p2a: Diancie|68\/241
|-damage|p1a: Greninja|257\/285|[from] item: Life Orb
|move|p2a: Diancie|Moonblast|p1a: Greninja
|-damage|p1a: Greninja|1\/285
|
|turn|2
|c|âBeuredecahuete|the joke
|
|switch|p2a: Mew|Mew|404\/404
|move|p1a: Greninja|Dark Pulse|p2a: Mew
|-start|p1a: Greninja|typechange|Dark|[from] Protean
|-supereffective|p2a: Mew
|-damage|p2a: Mew|201\/404
|-damage|p1a: Greninja|0 fnt|[from] item: Life Orb
|faint|p1a: Greninja
|
|-heal|p2a: Mew|226\/404|[from] item: Leftovers
|
|switch|p1a: Raikou|Raikou|321\/321
|-ability|p1a: Raikou|Pressure
|turn|3
|
|move|p1a: Raikou|Shadow Ball|p2a: Mew
|-supereffective|p2a: Mew
|-damage|p2a: Mew|30\/404
|move|p2a: Mew|Soft-Boiled|p2a: Mew
|-heal|p2a: Mew|232\/404
|
|-heal|p2a: Mew|257\/404|[from] item: Leftovers
|turn|4
|
|move|p1a: Raikou|Shadow Ball|p2a: Mew
|-supereffective|p2a: Mew
|-damage|p2a: Mew|75\/404
|move|p2a: Mew|Soft-Boiled|p2a: Mew
|-heal|p2a: Mew|277\/404
|
|-heal|p2a: Mew|302\/404|[from] item: Leftovers
|turn|5
|
|move|p1a: Raikou|Shadow Ball|p2a: Mew
|-supereffective|p2a: Mew
|-damage|p2a: Mew|120\/404
|move|p2a: Mew|Soft-Boiled|p2a: Mew
|-heal|p2a: Mew|322\/404
|
|-heal|p2a: Mew|347\/404|[from] item: Leftovers
|turn|6
|
|move|p1a: Raikou|Shadow Ball|p2a: Mew
|-supereffective|p2a: Mew
|-damage|p2a: Mew|147\/404
|move|p2a: Mew|Knock Off|p1a: Raikou
|-damage|p1a: Raikou|219\/321
|-enditem|p1a: Raikou|Choice Specs|[from] move: Knock Off|[of] p2a: Mew
|
|-heal|p2a: Mew|172\/404|[from] item: Leftovers
|turn|7
|
|move|p1a: Raikou|Volt Switch|p2a: Mew
|-damage|p2a: Mew|91\/404
|
|switch|p1a: Azelf|Azelf|291\/291
|move|p2a: Mew|Soft-Boiled|p2a: Mew
|-heal|p2a: Mew|293\/404
|
|-heal|p2a: Mew|318\/404|[from] item: Leftovers
|turn|8
|
|switch|p2a: Diancie|Diancie-Mega|68\/241
|move|p1a: Azelf|Fire Blast|p2a: Diancie
|-resisted|p2a: Diancie
|-damage|p2a: Diancie|1\/241
|
|turn|9
|
|move|p1a: Azelf|Fire Blast|p2a: Diancie
|-resisted|p2a: Diancie
|-damage|p2a: Diancie|0 fnt
|faint|p2a: Diancie
|
|
|switch|p2a: Victini|Victini|341\/341
|turn|10
|
|move|p1a: Azelf|Stealth Rock|p2a: Victini
|-sidestart|p2: Beuredecahuete|move: Stealth Rock
|move|p2a: Victini|V-create|p1a: Azelf
|-enditem|p1a: Azelf|Focus Sash
|-damage|p1a: Azelf|1\/291
|-unboost|p2a: Victini|def|1
|-unboost|p2a: Victini|spd|1
|-unboost|p2a: Victini|spe|1
|
|turn|11
|
|switch|p2a: Skarmory|Skarmory, F|334\/334
|-damage|p2a: Skarmory|293\/334|[from] Stealth Rock
|move|p1a: Azelf|Explosion|p2a: Skarmory
|-resisted|p2a: Skarmory
|-damage|p2a: Skarmory|227\/334
|faint|p1a: Azelf
|
|
|switch|p1a: Raikou|Raikou|219\/321
|-ability|p1a: Raikou|Pressure
|turn|12
|
|switch|p2a: Latios|Latios, M|302\/302
|-damage|p2a: Latios|265\/302|[from] Stealth Rock
|move|p1a: Raikou|Volt Switch|p2a: Latios
|-resisted|p2a: Latios
|-damage|p2a: Latios|208\/302
|
|switch|p1a: Scizor|Scizor, F|307\/307
|
|turn|13
|
|detailschange|p1a: Scizor|Scizor-Mega, F
|message|Scizor has Mega Evolved into Mega Scizor!
|move|p1a: Scizor|Bullet Punch|p2a: Latios
|-damage|p2a: Latios|52\/302
|move|p2a: Latios|Defog|p1a: Scizor
|-unboost|p1a: Scizor|evasion|1
|-sideend|p2: Beuredecahuete|Stealth Rock|[from] move: Defog|[of] p2a: Latios
|
|turn|14
|
|switch|p2a: Skarmory|Skarmory, F|227\/334
|move|p1a: Scizor|Bug Bite|p2a: Skarmory
|-resisted|p2a: Skarmory
|-damage|p2a: Skarmory|199\/334
|-damage|p1a: Scizor|256\/307|[from] item: Rocky Helmet|[of] p2a: Skarmory
|
|turn|15
|
|move|p1a: Scizor|Swords Dance|p1a: Scizor
|-boost|p1a: Scizor|atk|2
|move|p2a: Skarmory|Stealth Rock|p1a: Scizor
|-sidestart|p1: pain in my neck|move: Stealth Rock
|
|turn|16
|
|move|p1a: Scizor|Superpower|p2a: Skarmory
|-crit|p2a: Skarmory
|-damage|p2a: Skarmory|0 fnt
|-damage|p1a: Scizor|205\/307|[from] item: Rocky Helmet|[of] p2a: Skarmory
|-unboost|p1a: Scizor|atk|1
|-unboost|p1a: Scizor|def|1
|faint|p2a: Skarmory
|
|c|âBeuredecahuete|ouch
|c|âBeuredecahuete|the crit
|
|switch|p2a: Victini|Victini|341\/341
|turn|17
|
|move|p1a: Scizor|Bullet Punch|p2a: Victini
|-resisted|p2a: Victini
|-damage|p2a: Victini|250\/341
|move|p2a: Victini|V-create|p1a: Scizor
|-supereffective|p1a: Scizor
|-damage|p1a: Scizor|0 fnt
|-unboost|p2a: Victini|def|1
|-unboost|p2a: Victini|spd|1
|-unboost|p2a: Victini|spe|1
|faint|p1a: Scizor
|
|
|switch|p1a: Diggersby|Diggersby, M|311\/311
|-damage|p1a: Diggersby|292\/311|[from] Stealth Rock
|turn|18
|
|switch|p2a: Latios|Latios, M|52\/302
|move|p1a: Diggersby|Return|p2a: Latios
|-damage|p2a: Latios|0 fnt
|-damage|p1a: Diggersby|261\/311|[from] item: Life Orb
|faint|p2a: Latios
|
|
|switch|p2a: Breloom|Breloom, F|262\/262
|turn|19
|
|move|p2a: Breloom|Mach Punch|p1a: Diggersby
|-supereffective|p1a: Diggersby
|-damage|p1a: Diggersby|9\/311
|move|p1a: Diggersby|Return|p2a: Breloom
|-enditem|p2a: Breloom|Focus Sash
|-damage|p2a: Breloom|1\/262
|-damage|p1a: Diggersby|0 fnt|[from] item: Life Orb
|faint|p1a: Diggersby
|
|
|switch|p1a: Raikou|Raikou|219\/321
|-damage|p1a: Raikou|179\/321|[from] Stealth Rock
|-ability|p1a: Raikou|Pressure
|turn|20
|
|move|p2a: Breloom|Mach Punch|p1a: Raikou
|-damage|p1a: Raikou|50\/321
|move|p1a: Raikou|Shadow Ball|p2a: Breloom
|-damage|p2a: Breloom|0 fnt
|faint|p2a: Breloom
|
|
|switch|p2a: Mew|Mew|318\/404
|turn|21
|
|move|p1a: Raikou|Shadow Ball|p2a: Mew
|-crit|p2a: Mew
|-supereffective|p2a: Mew
|-damage|p2a: Mew|126\/404
|move|p2a: Mew|Knock Off|p1a: Raikou
|-damage|p1a: Raikou|0 fnt
|faint|p1a: Raikou
|
|-heal|p2a: Mew|151\/404|[from] item: Leftovers
|
|switch|p1a: Latios|Latios, M|301\/301
|-damage|p1a: Latios|264\/301|[from] Stealth Rock
|turn|22
|
|move|p1a: Latios|Trick|p2a: Mew
|-activate|p1a: Latios|move: Trick|[of] p2a: Mew
|-item|p2a: Mew|Choice Scarf|[from] move: Trick
|-item|p1a: Latios|Leftovers|[from] move: Trick
|move|p2a: Mew|Soft-Boiled|p2a: Mew
|-heal|p2a: Mew|353\/404
|
|-heal|p1a: Latios|282\/301|[from] item: Leftovers
|turn|23
|
|move|p2a: Mew|Soft-Boiled|p2a: Mew
|-heal|p2a: Mew|404\/404
|move|p1a: Latios|Surf|p2a: Mew
|-damage|p2a: Mew|328\/404
|
|-heal|p1a: Latios|300\/301|[from] item: Leftovers
|turn|24
|
|move|p2a: Mew|Soft-Boiled|p2a: Mew
|-heal|p2a: Mew|404\/404
|move|p1a: Latios|Surf|p2a: Mew
|-damage|p2a: Mew|326\/404
|
|-heal|p1a: Latios|301\/301|[from] item: Leftovers
|turn|25
|
|switch|p2a: Victini|Victini|250\/341
|move|p1a: Latios|Surf|p2a: Victini
|-supereffective|p2a: Victini
|-damage|p2a: Victini|22\/341
|
|turn|26
|
|move|p1a: Latios|Surf|p2a: Victini
|-supereffective|p2a: Victini
|-damage|p2a: Victini|0 fnt
|faint|p2a: Victini
|
|
|switch|p2a: Mew|Mew|326\/404
|turn|27
|
|move|p2a: Mew|Knock Off|p1a: Latios
|-supereffective|p1a: Latios
|-damage|p1a: Latios|123\/301
|-enditem|p1a: Latios|Leftovers|[from] move: Knock Off|[of] p2a: Mew
|move|p1a: Latios|Surf|p2a: Mew
|-crit|p2a: Mew
|-damage|p2a: Mew|218\/404
|
|turn|28
|
|move|p2a: Mew|Knock Off|p1a: Latios
|-supereffective|p1a: Latios
|-damage|p1a: Latios|0 fnt
|faint|p1a: Latios
|
|win|Beuredecahuete
|raw|Ladder updating...
|c|âBeuredecahuete|gg
|raw|pain in my neck's rating: 1860 &rarr; <strong>1828<\/strong><br \/>(-32 for losing)
|raw|Beuredecahuete's rating: 1625 &rarr; <strong>1657<\/strong><br \/>(+32 for winning)
|leave|pain in my neck
|player|p1
|join|nain in my peck
|leave|nain in my peck