|join|Guesst_50790
|join|Darth Venomous
|player|p1|Guesst_50790|294
|player|p2|Darth Venomous|266
|gametype|singles
|gen|6
|tier|OU
|rated
|clearpoke
|poke|p1|Tyranitar, M
|poke|p1|Excadrill, M, shiny
|poke|p1|Landorus, M
|poke|p1|Altaria, F
|poke|p1|Keldeo
|poke|p1|Bisharp, M
|poke|p2|Landorus, M
|poke|p2|Heatran, F
|poke|p2|Rotom-Wash
|poke|p2|Ditto
|poke|p2|Conkeldurr, M
|poke|p2|Thundurus-Therian, M
|rule|Swagger Clause: Swagger is banned
|rule|Baton Pass Clause: Limit one PokÃ©mon knowing Baton Pass
|rule|Sleep Clause Mod: Limit one foe put to sleep
|rule|Species Clause: Limit one of each PokÃ©mon
|rule|OHKO Clause: OHKO moves are banned
|rule|Moody Clause: Moody is banned
|rule|Evasion Moves Clause: Evasion moves are banned
|rule|Endless Battle Clause: Forcing endless battles is banned
|rule|HP Percentage Mod: HP is shown in percentages
|teampreview
|
|start
|switch|p1a: Landorus|Landorus, M|320\/320
|switch|p2a: Thundurus-Therian|Thundurus-Therian, M|299\/299
|turn|1
|
|switch|p1a: Tyranitar|Tyranitar, M|341\/341
|-weather|Sandstorm
|move|p2a: Thundurus-Therian|Hidden Power|p1a: Tyranitar
|-damage|p1a: Tyranitar|288\/341
|
|-weather|Sandstorm|[upkeep]
|-damage|p2a: Thundurus-Therian|281\/299|[from] sandstorm
|turn|2
|
|move|p2a: Thundurus-Therian|Focus Blast|p1a: Tyranitar
|-crit|p1a: Tyranitar
|-supereffective|p1a: Tyranitar
|-damage|p1a: Tyranitar|0 fnt
|faint|p1a: Tyranitar
|
|-weather|Sandstorm|[upkeep]
|-damage|p2a: Thundurus-Therian|263\/299|[from] sandstorm
|
|switch|p1a: Excadrill|Excadrill, M, shiny|362\/362
|-item|p1a: Excadrill|Air Balloon
|turn|3
|
|switch|p1a: Landorus|Landorus, M|320\/320
|switch|p2a: Conkeldurr|Conkeldurr, M|407\/407
|
|-weather|Sandstorm|[upkeep]
|-damage|p2a: Conkeldurr|382\/407|[from] sandstorm
|turn|4
|
|move|p1a: Landorus|Stealth Rock|p2a: Conkeldurr
|-sidestart|p2: Darth Venomous|move: Stealth Rock
|move|p2a: Conkeldurr|Ice Punch|p1a: Landorus
|-supereffective|p1a: Landorus
|-damage|p1a: Landorus|0 fnt
|faint|p1a: Landorus
|
|-weather|Sandstorm|[upkeep]
|-damage|p2a: Conkeldurr|357\/407|[from] sandstorm
|
|switch|p1a: Altaria|Altaria, F|292\/292
|turn|5
|
|switch|p2a: Heatran|Heatran, F|385\/385
|-damage|p2a: Heatran|337\/385|[from] Stealth Rock
|detailschange|p1a: Altaria|Altaria-Mega, F
|message|Altaria has Mega Evolved into Mega Altaria!
|move|p1a: Altaria|Return|p2a: Heatran
|-resisted|p2a: Heatran
|-damage|p2a: Heatran|286\/385
|
|-weather|none
|-heal|p2a: Heatran|310\/385|[from] item: Leftovers
|turn|6
|
|switch|p2a: Landorus|Landorus, M|319\/319
|-damage|p2a: Landorus|280\/319|[from] Stealth Rock
|move|p1a: Altaria|Return|p2a: Landorus
|-damage|p2a: Landorus|45\/319
|
|turn|7
|
|switch|p1a: Keldeo|Keldeo|323\/323
|move|p2a: Landorus|Earth Power|p1a: Keldeo
|-damage|p1a: Keldeo|73\/323
|
|turn|8
|
|switch|p2a: Heatran|Heatran, F|310\/385
|-damage|p2a: Heatran|262\/385|[from] Stealth Rock
|move|p1a: Keldeo|Secret Sword|p2a: Heatran
|-crit|p2a: Heatran
|-supereffective|p2a: Heatran
|-damage|p2a: Heatran|0 fnt
|faint|p2a: Heatran
|
|
|switch|p2a: Rotom-Wash|Rotom-Wash|241\/241
|-damage|p2a: Rotom-Wash|211\/241|[from] Stealth Rock
|turn|9
|
|move|p2a: Rotom-Wash|Hydro Pump|p1a: Keldeo
|-resisted|p1a: Keldeo
|-damage|p1a: Keldeo|0 fnt
|faint|p1a: Keldeo
|
|
|switch|p1a: Altaria|Altaria-Mega, F|292\/292
|turn|10
|
|switch|p2a: Landorus|Landorus, M|45\/319
|-damage|p2a: Landorus|6\/319|[from] Stealth Rock
|move|p1a: Altaria|Return|p2a: Landorus
|-damage|p2a: Landorus|0 fnt
|faint|p2a: Landorus
|
|
|switch|p2a: Rotom-Wash|Rotom-Wash|211\/241
|-damage|p2a: Rotom-Wash|181\/241|[from] Stealth Rock
|turn|11
|
|switch|p1a: Excadrill|Excadrill, M, shiny|362\/362
|-item|p1a: Excadrill|Air Balloon
|move|p2a: Rotom-Wash|Will-O-Wisp|p1a: Excadrill|[miss]
|-miss|p2a: Rotom-Wash|p1a: Excadrill
|
|turn|12
|
|move|p2a: Rotom-Wash|Will-O-Wisp|p1a: Excadrill
|-status|p1a: Excadrill|brn
|move|p1a: Excadrill|Rock Slide|p2a: Rotom-Wash
|-damage|p2a: Rotom-Wash|132\/241
|
|-damage|p1a: Excadrill|317\/362 brn|[from] brn
|turn|13
|
|switch|p2a: Conkeldurr|Conkeldurr, M|357\/407
|-damage|p2a: Conkeldurr|332\/407|[from] Stealth Rock
|switch|p1a: Altaria|Altaria-Mega, F|292\/292
|
|turn|14
|
|switch|p2a: Rotom-Wash|Rotom-Wash|132\/241
|-damage|p2a: Rotom-Wash|102\/241|[from] Stealth Rock
|move|p1a: Altaria|Return|p2a: Rotom-Wash
|-damage|p2a: Rotom-Wash|0 fnt
|faint|p2a: Rotom-Wash
|
|
|switch|p2a: Thundurus-Therian|Thundurus-Therian, M|263\/299
|-damage|p2a: Thundurus-Therian|189\/299|[from] Stealth Rock
|turn|15
|
|move|p2a: Thundurus-Therian|Hidden Power|p1a: Altaria
|-supereffective|p1a: Altaria
|-damage|p1a: Altaria|122\/292
|move|p1a: Altaria|Return|p2a: Thundurus-Therian
|-damage|p2a: Thundurus-Therian|0 fnt
|faint|p2a: Thundurus-Therian
|
|
|switch|p2a: Ditto|Ditto|300\/300
|-damage|p2a: Ditto|263\/300|[from] Stealth Rock
|-transform|p2a: Ditto|p1a: Altaria
|turn|16
|
|switch|p2a: Conkeldurr|Conkeldurr, M|332\/407
|-damage|p2a: Conkeldurr|307\/407|[from] Stealth Rock
|switch|p1a: Excadrill|Excadrill, M, shiny|317\/362 brn
|-item|p1a: Excadrill|Air Balloon
|
|-damage|p1a: Excadrill|272\/362 brn|[from] brn
|turn|17
|
|move|p1a: Excadrill|Iron Head|p2a: Conkeldurr
|-damage|p2a: Conkeldurr|232\/407
|cant|p2a: Conkeldurr|flinch
|
|-damage|p1a: Excadrill|227\/362 brn|[from] brn
|turn|18
|
|move|p1a: Excadrill|Iron Head|p2a: Conkeldurr
|-damage|p2a: Conkeldurr|156\/407
|move|p2a: Conkeldurr|Drain Punch|p1a: Excadrill
|-supereffective|p1a: Excadrill
|-damage|p1a: Excadrill|0 fnt
|-heal|p2a: Conkeldurr|270\/407|[from] drain|[of] p1a: Excadrill
|-enditem|p1a: Excadrill|Air Balloon
|faint|p1a: Excadrill
|
|
|switch|p1a: Altaria|Altaria-Mega, F|122\/292
|turn|19
|
|move|p1a: Altaria|Return|p2a: Conkeldurr
|-supereffective|p2a: Conkeldurr
|-damage|p2a: Conkeldurr|0 fnt
|faint|p2a: Conkeldurr
|
|
|switch|p2a: Ditto|Ditto|263\/300
|-damage|p2a: Ditto|226\/300|[from] Stealth Rock
|-transform|p2a: Ditto|p1a: Altaria
|turn|20
|
|move|p2a: Ditto|Earthquake|p1a: Altaria
|-damage|p1a: Altaria|13\/292
|move|p1a: Altaria|Roost|p1a: Altaria
|-heal|p1a: Altaria|159\/292
|
|turn|21
|-message|Darth Venomous forfeited.
|leave|Darth Venomous
|
|win|Guesst_50790
|raw|Ladder updating...
|player|p2