|join|roystopror
|join|Darth Venomous
|player|p1|roystopror|280
|player|p2|Darth Venomous|266
|gametype|singles
|gen|6
|tier|OU
|rated
|clearpoke
|poke|p1|Lopunny, F
|poke|p1|Azumarill, F, shiny
|poke|p1|Landorus-Therian, M, shiny
|poke|p1|Talonflame, F, shiny
|poke|p1|Conkeldurr, F, shiny
|poke|p1|Latios, M, shiny
|poke|p2|Heatran, F
|poke|p2|Rotom-Wash
|poke|p2|Ditto
|poke|p2|Conkeldurr, M
|poke|p2|Thundurus-Therian, M
|poke|p2|Gengar, F
|rule|Swagger Clause: Swagger is banned
|rule|Baton Pass Clause: Limit one PokÃ©mon knowing Baton Pass
|rule|Sleep Clause Mod: Limit one foe put to sleep
|rule|Species Clause: Limit one of each PokÃ©mon
|rule|OHKO Clause: OHKO moves are banned
|rule|Moody Clause: Moody is banned
|rule|Evasion Moves Clause: Evasion moves are banned
|rule|Endless Battle Clause: Forcing endless battles is banned
|rule|HP Percentage Mod: HP is shown in percentages
|teampreview
|
|start
|switch|p1a: Lopunny|Lopunny, F|271\/271
|switch|p2a: Conkeldurr|Conkeldurr, M|407\/407
|turn|1
|
|detailschange|p1a: Lopunny|Lopunny-Mega, F
|message|Lopunny has Mega Evolved into Mega Lopunny!
|move|p1a: Lopunny|Fake Out|p2a: Conkeldurr
|-damage|p2a: Conkeldurr|334\/407
|cant|p2a: Conkeldurr|flinch
|
|turn|2
|
|switch|p1a: Talonflame|Talonflame, F, shiny|298\/298
|move|p2a: Conkeldurr|Drain Punch|p1a: Talonflame
|-resisted|p1a: Talonflame
|-damage|p1a: Talonflame|221\/298
|-heal|p2a: Conkeldurr|373\/407|[from] drain|[of] p1a: Talonflame
|
|turn|3
|
|switch|p2a: Heatran|Heatran, F|385\/385
|move|p1a: Talonflame|U-turn|p2a: Heatran
|-resisted|p2a: Heatran
|-damage|p2a: Heatran|363\/385
|
|switch|p1a: Conkeldurr|Conkeldurr, F, shiny|414\/414
|
|-heal|p2a: Heatran|385\/385|[from] item: Leftovers
|turn|4
|
|move|p2a: Heatran|Lava Plume|p1a: Conkeldurr
|-damage|p1a: Conkeldurr|294\/414
|move|p1a: Conkeldurr|Knock Off|p2a: Heatran
|-damage|p2a: Heatran|253\/385
|-enditem|p2a: Heatran|Leftovers|[from] move: Knock Off|[of] p1a: Conkeldurr
|
|turn|5
|
|move|p2a: Heatran|Stealth Rock|p1a: Conkeldurr
|-sidestart|p1: roystopror|move: Stealth Rock
|move|p1a: Conkeldurr|Drain Punch|p2a: Heatran
|-supereffective|p2a: Heatran
|-damage|p2a: Heatran|0 fnt
|-heal|p1a: Conkeldurr|414\/414|[from] drain|[of] p2a: Heatran
|faint|p2a: Heatran
|
|
|switch|p2a: Conkeldurr|Conkeldurr, M|373\/407
|turn|6
|
|switch|p1a: Azumarill|Azumarill, F, shiny|404\/404
|-damage|p1a: Azumarill|354\/404|[from] Stealth Rock
|move|p2a: Conkeldurr|Power-Up Punch|p1a: Azumarill
|-resisted|p1a: Azumarill
|-damage|p1a: Azumarill|315\/404
|-boost|p2a: Conkeldurr|atk|1
|
|turn|7
|
|move|p1a: Azumarill|Play Rough|p2a: Conkeldurr
|-supereffective|p2a: Conkeldurr
|-damage|p2a: Conkeldurr|31\/407
|move|p2a: Conkeldurr|Knock Off|p1a: Azumarill
|-resisted|p1a: Azumarill
|-damage|p1a: Azumarill|227\/404
|-enditem|p1a: Azumarill|Sitrus Berry|[from] move: Knock Off|[of] p2a: Conkeldurr
|
|turn|8
|
|move|p1a: Azumarill|Play Rough|p2a: Conkeldurr
|-supereffective|p2a: Conkeldurr
|-damage|p2a: Conkeldurr|0 fnt
|faint|p2a: Conkeldurr
|
|
|switch|p2a: Thundurus-Therian|Thundurus-Therian, M|299\/299
|turn|9
|
|move|p2a: Thundurus-Therian|Thunderbolt|p1a: Azumarill
|-supereffective|p1a: Azumarill
|-damage|p1a: Azumarill|0 fnt
|faint|p1a: Azumarill
|
|
|switch|p1a: Latios|Latios, M, shiny|302\/302
|-damage|p1a: Latios|265\/302|[from] Stealth Rock
|turn|10
|
|move|p1a: Latios|Dragon Pulse|p2a: Thundurus-Therian
|-damage|p2a: Thundurus-Therian|65\/299
|-damage|p1a: Latios|235\/302|[from] item: Life Orb
|move|p2a: Thundurus-Therian|Hidden Power|p1a: Latios
|-supereffective|p1a: Latios
|-damage|p1a: Latios|77\/302
|
|turn|11
|
|move|p1a: Latios|Defog|p2a: Thundurus-Therian
|-unboost|p2a: Thundurus-Therian|evasion|1
|-sideend|p1: roystopror|Stealth Rock|[from] move: Defog|[of] p1a: Latios
|move|p2a: Thundurus-Therian|Hidden Power|p1a: Latios
|-supereffective|p1a: Latios
|-damage|p1a: Latios|0 fnt
|faint|p1a: Latios
|
|
|switch|p1a: Lopunny|Lopunny-Mega, F|271\/271
|turn|12
|
|move|p1a: Lopunny|Return|p2a: Thundurus-Therian
|-damage|p2a: Thundurus-Therian|0 fnt
|faint|p2a: Thundurus-Therian
|
|
|switch|p2a: Rotom-Wash|Rotom-Wash|241\/241
|turn|13
|
|switch|p1a: Conkeldurr|Conkeldurr, F, shiny|414\/414
|move|p2a: Rotom-Wash|Hydro Pump|p1a: Conkeldurr
|-damage|p1a: Conkeldurr|267\/414
|
|turn|14
|
|switch|p2a: Gengar|Gengar, F|261\/261
|move|p1a: Conkeldurr|Knock Off|p2a: Gengar
|-supereffective|p2a: Gengar
|-damage|p2a: Gengar|0 fnt
|-enditem|p2a: Gengar|Life Orb|[from] move: Knock Off|[of] p1a: Conkeldurr
|faint|p2a: Gengar
|
|
|switch|p2a: Ditto|Ditto|300\/300
|-transform|p2a: Ditto|p1a: Conkeldurr
|turn|15
|-message|Darth Venomous forfeited.
|leave|Darth Venomous
|
|win|roystopror
|raw|Ladder updating...
|player|p2
|raw|roystopror's rating: 1397 &rarr; <strong>1419<\/strong><br \/>(+22 for winning)
|raw|Darth Venomous's rating: 1417 &rarr; <strong>1396<\/strong><br \/>(-21 for losing)