|join|Darth Venomous
|join|Chrisintin
|player|p1|Darth Venomous|169
|player|p2|Chrisintin|86
|gametype|singles
|gen|6
|tier|OU
|rated
|clearpoke
|poke|p1|Azumarill, M
|poke|p1|Landorus, M
|poke|p1|Heatran, F
|poke|p1|Latias, F
|poke|p1|Beedrill, M
|poke|p1|Rotom-Wash
|poke|p2|Altaria, F
|poke|p2|Sylveon, F
|poke|p2|Keldeo-Resolute
|poke|p2|Skarmory, M, shiny
|poke|p2|Heatran, M
|poke|p2|Excadrill, M
|rule|Swagger Clause: Swagger is banned
|rule|Baton Pass Clause: Limit one PokÃ©mon knowing Baton Pass
|rule|Sleep Clause Mod: Limit one foe put to sleep
|rule|Species Clause: Limit one of each PokÃ©mon
|rule|OHKO Clause: OHKO moves are banned
|rule|Moody Clause: Moody is banned
|rule|Evasion Moves Clause: Evasion moves are banned
|rule|Endless Battle Clause: Forcing endless battles is banned
|rule|HP Percentage Mod: HP is shown in percentages
|teampreview
|
|start
|switch|p1a: Heatran|Heatran, F|385\/385
|switch|p2a: Ylenia|Altaria, F|314\/314
|turn|1
|
|detailschange|p2a: Ylenia|Altaria-Mega, F
|message|Altaria has Mega Evolved into Mega Altaria!
|move|p2a: Ylenia|Earthquake|p1a: Heatran
|-supereffective|p1a: Heatran
|-damage|p1a: Heatran|0 fnt
|faint|p1a: Heatran
|
|
|switch|p1a: Beedrill|Beedrill, M|271\/271
|turn|2
|
|switch|p2a: Booma Yee|Skarmory, M, shiny|334\/334
|detailschange|p1a: Beedrill|Beedrill-Mega, M
|message|Beedrill has Mega Evolved into Mega Beedrill!
|move|p1a: Beedrill|U-turn|p2a: Booma Yee
|-resisted|p2a: Booma Yee
|-damage|p2a: Booma Yee|309\/334
|
|switch|p1a: Rotom-Wash|Rotom-Wash|241\/241
|
|-heal|p2a: Booma Yee|329\/334|[from] item: Leftovers
|turn|3
|
|switch|p2a: Eleh|Sylveon, F|394\/394
|move|p1a: Rotom-Wash|Volt Switch|p2a: Eleh
|-damage|p2a: Eleh|313\/394
|
|switch|p1a: Beedrill|Beedrill-Mega, M|271\/271
|
|-heal|p2a: Eleh|337\/394|[from] item: Leftovers
|turn|4
|
|move|p2a: Eleh|Protect|p2a: Eleh
|-singleturn|p2a: Eleh|Protect
|move|p1a: Beedrill|U-turn|p2a: Eleh
|-activate|p2a: Eleh|Protect
|
|-heal|p2a: Eleh|361\/394|[from] item: Leftovers
|turn|5
|
|switch|p2a: Budho|Heatran, M|386\/386
|move|p1a: Beedrill|U-turn|p2a: Budho
|-resisted|p2a: Budho
|-damage|p2a: Budho|342\/386
|
|switch|p1a: Azumarill|Azumarill, M|341\/341
|
|-heal|p2a: Budho|366\/386|[from] item: Leftovers
|turn|6
|
|move|p1a: Azumarill|Waterfall|p2a: Budho
|-supereffective|p2a: Budho
|-damage|p2a: Budho|0 fnt
|faint|p2a: Budho
|
|
|switch|p2a: Booma Yee|Skarmory, M, shiny|329\/334
|turn|7
|
|move|p2a: Booma Yee|Pursuit|p1a: Azumarill|[from]Pursuit
|-resisted|p1a: Azumarill
|-damage|p1a: Azumarill|312\/341
|switch|p1a: Latias|Latias, F|301\/301
|
|-heal|p2a: Booma Yee|334\/334|[from] item: Leftovers
|turn|8
|
|switch|p2a: Eleh|Sylveon, F|361\/394
|move|p1a: Latias|Draco Meteor|p2a: Eleh
|-immune|p2a: Eleh|[msg]
|
|-heal|p2a: Eleh|385\/394|[from] item: Leftovers
|turn|9
|
|switch|p1a: Beedrill|Beedrill-Mega, M|271\/271
|move|p2a: Eleh|Hyper Voice|p1a: Beedrill
|-resisted|p1a: Beedrill
|-damage|p1a: Beedrill|180\/271
|
|-heal|p2a: Eleh|394\/394|[from] item: Leftovers
|turn|10
|
|switch|p2a: Booma Yee|Skarmory, M, shiny|334\/334
|move|p1a: Beedrill|Poison Jab|p2a: Booma Yee
|-immune|p2a: Booma Yee|[msg]
|
|turn|11
|
|switch|p1a: Rotom-Wash|Rotom-Wash|241\/241
|move|p2a: Booma Yee|Brave Bird|p1a: Rotom-Wash
|-resisted|p1a: Rotom-Wash
|-damage|p1a: Rotom-Wash|184\/241
|-damage|p2a: Booma Yee|315\/334|[from] recoil|[of] p1a: Rotom-Wash
|
|-heal|p2a: Booma Yee|334\/334|[from] item: Leftovers
|turn|12
|
|switch|p2a: Ylenia|Altaria-Mega, F|314\/314
|move|p1a: Rotom-Wash|Volt Switch|p2a: Ylenia
|-crit|p2a: Ylenia
|-resisted|p2a: Ylenia
|-damage|p2a: Ylenia|233\/314
|
|switch|p1a: Beedrill|Beedrill-Mega, M|180\/271
|
|turn|13
|
|switch|p2a: Booma Yee|Skarmory, M, shiny|334\/334
|move|p1a: Beedrill|U-turn|p2a: Booma Yee
|-resisted|p2a: Booma Yee
|-damage|p2a: Booma Yee|308\/334
|
|switch|p1a: Rotom-Wash|Rotom-Wash|184\/241
|
|-heal|p2a: Booma Yee|328\/334|[from] item: Leftovers
|turn|14
|
|switch|p2a: Eleh|Sylveon, F|394\/394
|move|p1a: Rotom-Wash|Hydro Pump|p2a: Eleh|[miss]
|-miss|p1a: Rotom-Wash|p2a: Eleh
|
|turn|15
|
|switch|p1a: Beedrill|Beedrill-Mega, M|180\/271
|move|p2a: Eleh|Wish|p2a: Eleh
|
|turn|16
|
|switch|p2a: Ponyoso|Keldeo-Resolute|323\/323
|move|p1a: Beedrill|Poison Jab|p2a: Ponyoso
|-damage|p2a: Ponyoso|87\/323
|
|-heal|p2a: Ponyoso|284\/323|[from] move: Wish|[wisher] Eleh
|turn|17
|
|move|p1a: Beedrill|U-turn|p2a: Ponyoso
|-resisted|p2a: Ponyoso
|-damage|p2a: Ponyoso|190\/323
|
|switch|p1a: Latias|Latias, F|301\/301
|move|p2a: Ponyoso|Hydro Pump|p1a: Latias
|-resisted|p1a: Latias
|-damage|p1a: Latias|193\/301
|
|turn|18
|
|switch|p2a: Eleh|Sylveon, F|394\/394
|move|p1a: Latias|Psyshock|p2a: Eleh
|-damage|p2a: Eleh|220\/394
|
|-heal|p2a: Eleh|244\/394|[from] item: Leftovers
|turn|19
|
|switch|p1a: Beedrill|Beedrill-Mega, M|180\/271
|move|p2a: Eleh|Hyper Voice|p1a: Beedrill
|-resisted|p1a: Beedrill
|-damage|p1a: Beedrill|88\/271
|
|-heal|p2a: Eleh|268\/394|[from] item: Leftovers
|turn|20
|
|move|p2a: Eleh|Protect|p2a: Eleh
|-singleturn|p2a: Eleh|Protect
|move|p1a: Beedrill|U-turn|p2a: Eleh
|-activate|p2a: Eleh|Protect
|
|-heal|p2a: Eleh|292\/394|[from] item: Leftovers
|turn|21
|
|switch|p2a: Talpezio|Excadrill, M|362\/362
|-ability|p2a: Talpezio|Mold Breaker
|-item|p2a: Talpezio|Air Balloon
|move|p1a: Beedrill|Poison Jab|p2a: Talpezio
|-immune|p2a: Talpezio|[msg]
|
|turn|22
|
|move|p1a: Beedrill|U-turn|p2a: Talpezio
|-resisted|p2a: Talpezio
|-damage|p2a: Talpezio|232\/362
|-enditem|p2a: Talpezio|Air Balloon
|
|switch|p1a: Latias|Latias, F|193\/301
|move|p2a: Talpezio|Substitute|p2a: Talpezio
|-start|p2a: Talpezio|Substitute
|-damage|p2a: Talpezio|142\/362
|
|turn|23
|
|move|p1a: Latias|Psyshock|p2a: Talpezio
|-resisted|p2a: Talpezio
|-end|p2a: Talpezio|Substitute
|move|p2a: Talpezio|Iron Head|p1a: Latias
|-damage|p1a: Latias|1\/301
|
|turn|24
|
|switch|p2a: Eleh|Sylveon, F|292\/394
|move|p1a: Latias|Psyshock|p2a: Eleh
|-damage|p2a: Eleh|91\/394
|
|-heal|p2a: Eleh|115\/394|[from] item: Leftovers
|turn|25
|
|switch|p1a: Beedrill|Beedrill-Mega, M|88\/271
|move|p2a: Eleh|Protect|p2a: Eleh
|-fail|p2a: Eleh
|
|-heal|p2a: Eleh|139\/394|[from] item: Leftovers
|turn|26
|
|move|p2a: Eleh|Protect|p2a: Eleh
|-singleturn|p2a: Eleh|Protect
|move|p1a: Beedrill|U-turn|p2a: Eleh
|-activate|p2a: Eleh|Protect
|
|-heal|p2a: Eleh|163\/394|[from] item: Leftovers
|turn|27
|
|switch|p2a: Booma Yee|Skarmory, M, shiny|328\/334
|move|p1a: Beedrill|Poison Jab|p2a: Booma Yee
|-immune|p2a: Booma Yee|[msg]
|
|-heal|p2a: Booma Yee|334\/334|[from] item: Leftovers
|turn|28
|
|move|p1a: Beedrill|U-turn|p2a: Booma Yee
|-resisted|p2a: Booma Yee
|-damage|p2a: Booma Yee|310\/334
|
|move|p2a: Booma Yee|Pursuit|p1a: Beedrill|[from]Pursuit
|-damage|p1a: Beedrill|0 fnt
|faint|p1a: Beedrill
|
|-heal|p2a: Booma Yee|330\/334|[from] item: Leftovers
|
|switch|p1a: Rotom-Wash|Rotom-Wash|184\/241
|turn|29
|
|switch|p2a: Ylenia|Altaria-Mega, F|233\/314
|move|p1a: Rotom-Wash|Hydro Pump|p2a: Ylenia
|-resisted|p2a: Ylenia
|-damage|p2a: Ylenia|137\/314
|
|turn|30
|
|move|p1a: Rotom-Wash|Hydro Pump|p2a: Ylenia
|-resisted|p2a: Ylenia
|-damage|p2a: Ylenia|44\/314
|move|p2a: Ylenia|Return|p1a: Rotom-Wash
|-damage|p1a: Rotom-Wash|0 fnt
|faint|p1a: Rotom-Wash
|
|
|switch|p1a: Latias|Latias, F|1\/301
|turn|31
|
|switch|p2a: Talpezio|Excadrill, M|142\/362
|-ability|p2a: Talpezio|Mold Breaker
|move|p1a: Latias|Psyshock|p2a: Talpezio
|-resisted|p2a: Talpezio
|-damage|p2a: Talpezio|0 fnt
|faint|p2a: Talpezio
|
|
|switch|p2a: Booma Yee|Skarmory, M, shiny|330\/334
|turn|32
|
|move|p2a: Booma Yee|Pursuit|p1a: Latias|[from]Pursuit
|-supereffective|p1a: Latias
|-damage|p1a: Latias|0 fnt
|faint|p1a: Latias
|
|-heal|p2a: Booma Yee|334\/334|[from] item: Leftovers
|
|switch|p1a: Azumarill|Azumarill, M|312\/341
|turn|33
|
|move|p1a: Azumarill|Waterfall|p2a: Booma Yee
|-crit|p2a: Booma Yee
|-damage|p2a: Booma Yee|100\/334
|move|p2a: Booma Yee|Brave Bird|p1a: Azumarill
|-damage|p1a: Azumarill|179\/341
|-damage|p2a: Booma Yee|56\/334|[from] recoil|[of] p1a: Azumarill
|
|-heal|p2a: Booma Yee|76\/334|[from] item: Leftovers
|turn|34
|
|move|p1a: Azumarill|Waterfall|p2a: Booma Yee
|-damage|p2a: Booma Yee|0 fnt
|faint|p2a: Booma Yee
|
|
|switch|p2a: Eleh|Sylveon, F|163\/394
|turn|35
|
|move|p2a: Eleh|Protect|p2a: Eleh
|-singleturn|p2a: Eleh|Protect
|move|p1a: Azumarill|Waterfall|p2a: Eleh
|-activate|p2a: Eleh|Protect
|
|-heal|p2a: Eleh|187\/394|[from] item: Leftovers
|turn|36
|
|move|p1a: Azumarill|Waterfall|p2a: Eleh
|-damage|p2a: Eleh|0 fnt
|faint|p2a: Eleh
|
|
|switch|p2a: Ylenia|Altaria-Mega, F|44\/314
|turn|37
|
|move|p2a: Ylenia|Return|p1a: Azumarill
|-damage|p1a: Azumarill|0 fnt
|faint|p1a: Azumarill
|
|
|switch|p1a: Landorus|Landorus, M|319\/319
|turn|38
|
|move|p1a: Landorus|Earth Power|p2a: Ylenia
|-damage|p2a: Ylenia|0 fnt
|faint|p2a: Ylenia
|
|
|switch|p2a: Ponyoso|Keldeo-Resolute|190\/323
|turn|39
|c|âChrisintin|gg
|
|move|p1a: Landorus|Earth Power|p2a: Ponyoso
|-damage|p2a: Ponyoso|0 fnt
|faint|p2a: Ponyoso
|
|win|Darth Venomous
|raw|Ladder updating...
|raw|Darth Venomous's rating: 1336 &rarr; <strong>1352<\/strong><br \/>(+16 for winning)
|raw|Chrisintin's rating: 1268 &rarr; <strong>1248<\/strong><br \/>(-20 for losing)
|leave|Darth Venomous
|player|p1