|join|goodnewsbears
|join|Darth Venomous
|player|p1|goodnewsbears|265
|player|p2|Darth Venomous|266
|gametype|singles
|gen|6
|tier|OU
|clearpoke
|poke|p1|Greninja, F
|poke|p1|Mew
|poke|p1|Medicham, M
|poke|p1|Clefable, M
|poke|p1|Ferrothorn, M
|poke|p1|Gothitelle, F
|poke|p2|Conkeldurr, M
|poke|p2|Jirachi
|poke|p2|Landorus, M
|poke|p2|Gengar, F
|poke|p2|Milotic, F
|poke|p2|Darmanitan, M
|rule|Swagger Clause: Swagger is banned
|rule|Baton Pass Clause: Limit one PokÃ©mon knowing Baton Pass
|rule|Sleep Clause Mod: Limit one foe put to sleep
|rule|Species Clause: Limit one of each PokÃ©mon
|rule|OHKO Clause: OHKO moves are banned
|rule|Moody Clause: Moody is banned
|rule|Evasion Moves Clause: Evasion moves are banned
|rule|Endless Battle Clause: Forcing endless battles is banned
|rule|HP Percentage Mod: HP is shown in percentages
|teampreview
|
|start
|switch|p1a: Clefable|Clefable, M|385\/385
|switch|p2a: Darmanitan|Darmanitan, M|351\/351
|turn|1
|
|move|p2a: Darmanitan|Flare Blitz|p1a: Clefable
|-damage|p1a: Clefable|0 fnt
|-damage|p2a: Darmanitan|224\/351|[from] recoil|[of] p1a: Clefable
|faint|p1a: Clefable
|
|c|âgoodnewsbears|oops
|
|switch|p1a: Greninja|Greninja, F|285\/285
|turn|2
|
|switch|p2a: Milotic|Milotic, F|392\/392
|move|p1a: Greninja|Toxic Spikes|p2a: Milotic
|-start|p1a: Greninja|typechange|Poison|[from] Protean
|-sidestart|p2: Darth Venomous|move: Toxic Spikes
|
|turn|3
|
|switch|p1a: Gothitelle|Gothitelle, F|281\/281
|switch|p2a: Conkeldurr|Conkeldurr, M|390\/390
|-status|p2a: Conkeldurr|psn
|
|-damage|p2a: Conkeldurr|342\/390 psn|[from] psn
|turn|4
|
|switch|p1a: Medicham|Medicham, M|261\/261
|move|p2a: Conkeldurr|Knock Off|p1a: Medicham
|-damage|p1a: Medicham|129\/261
|
|-heal|p2a: Conkeldurr|366\/390 psn|[from] item: Leftovers
|-damage|p2a: Conkeldurr|318\/390 psn|[from] psn
|turn|5
|
|switch|p2a: Gengar|Gengar, F|261\/261
|detailschange|p1a: Medicham|Medicham-Mega, M
|message|Medicham has Mega Evolved into Mega Medicham!
|move|p1a: Medicham|Zen Headbutt|p2a: Gengar
|-supereffective|p2a: Gengar
|-damage|p2a: Gengar|0 fnt
|faint|p2a: Gengar
|
|
|switch|p2a: Landorus|Landorus, M|319\/319
|turn|6
|
|switch|p1a: Gothitelle|Gothitelle, F|281\/281
|move|p2a: Landorus|Earth Power|p1a: Gothitelle
|-damage|p1a: Gothitelle|59\/281
|
|turn|7
|
|move|p1a: Gothitelle|Hidden Power|p2a: Landorus
|-supereffective|p2a: Landorus
|-damage|p2a: Landorus|31\/319
|move|p2a: Landorus|Earth Power|p1a: Gothitelle
|-damage|p1a: Gothitelle|0 fnt
|faint|p1a: Gothitelle
|
|
|switch|p1a: Medicham|Medicham-Mega, M|129\/261
|turn|8
|
|move|p1a: Medicham|Fake Out|p2a: Landorus
|-damage|p2a: Landorus|0 fnt
|faint|p2a: Landorus
|
|
|switch|p2a: Milotic|Milotic, F|392\/392
|-status|p2a: Milotic|psn
|turn|9
|
|switch|p1a: Mew|Mew|402\/402
|switch|p2a: Darmanitan|Darmanitan, M|224\/351
|-status|p2a: Darmanitan|psn
|
|-damage|p2a: Darmanitan|181\/351 psn|[from] psn
|turn|10
|
|move|p2a: Darmanitan|Flare Blitz|p1a: Mew
|-damage|p1a: Mew|0 fnt
|-damage|p2a: Darmanitan|48\/351 psn|[from] recoil|[of] p1a: Mew
|faint|p1a: Mew
|
|-damage|p2a: Darmanitan|5\/351 psn|[from] psn
|
|switch|p1a: Medicham|Medicham-Mega, M|129\/261
|turn|11
|
|switch|p2a: Milotic|Milotic, F|392\/392 psn
|move|p1a: Medicham|Fake Out|p2a: Milotic
|-damage|p2a: Milotic|345\/392 psn
|
|-heal|p2a: Milotic|369\/392 psn|[from] item: Leftovers
|-damage|p2a: Milotic|320\/392 psn|[from] psn
|turn|12
|
|move|p1a: Medicham|Drain Punch|p2a: Milotic
|-damage|p2a: Milotic|191\/392 psn
|-heal|p1a: Medicham|194\/261|[from] drain|[of] p2a: Milotic
|move|p2a: Milotic|Scald|p1a: Medicham
|-damage|p1a: Medicham|83\/261
|-status|p1a: Medicham|brn
|
|-heal|p2a: Milotic|215\/392 psn|[from] item: Leftovers
|-damage|p1a: Medicham|51\/261 brn|[from] brn
|-damage|p2a: Milotic|166\/392 psn|[from] psn
|turn|13
|
|switch|p1a: Ferrothorn|Ferrothorn, M|352\/352
|move|p2a: Milotic|Recover|p2a: Milotic
|-heal|p2a: Milotic|362\/392 psn
|
|-heal|p2a: Milotic|386\/392 psn|[from] item: Leftovers
|-damage|p2a: Milotic|337\/392 psn|[from] psn
|turn|14
|
|switch|p2a: Jirachi|Jirachi|404\/404
|move|p1a: Ferrothorn|Stealth Rock|p2a: Jirachi
|-sidestart|p2: Darth Venomous|move: Stealth Rock
|
|turn|15
|
|move|p2a: Jirachi|Stealth Rock|p1a: Ferrothorn
|-sidestart|p1: goodnewsbears|move: Stealth Rock
|move|p1a: Ferrothorn|Spikes|p2a: Jirachi
|-sidestart|p2: Darth Venomous|Spikes
|
|turn|16
|
|move|p2a: Jirachi|Fire Punch|p1a: Ferrothorn
|-supereffective|p1a: Ferrothorn
|-damage|p1a: Ferrothorn|204\/352
|-damage|p2a: Jirachi|354\/404|[from] ability: Iron Barbs|[of] p1a: Ferrothorn
|-damage|p2a: Jirachi|287\/404|[from] item: Rocky Helmet|[of] p1a: Ferrothorn
|-status|p1a: Ferrothorn|brn
|move|p1a: Ferrothorn|Spikes|p2a: Jirachi
|-sidestart|p2: Darth Venomous|Spikes
|
|-heal|p2a: Jirachi|312\/404|[from] item: Leftovers
|-damage|p1a: Ferrothorn|160\/352 brn|[from] brn
|turn|17
|
|move|p2a: Jirachi|Wish|p2a: Jirachi
|move|p1a: Ferrothorn|Spikes|p2a: Jirachi
|-sidestart|p2: Darth Venomous|Spikes
|
|-heal|p2a: Jirachi|337\/404|[from] item: Leftovers
|-damage|p1a: Ferrothorn|116\/352 brn|[from] brn
|turn|18
|
|switch|p2a: Conkeldurr|Conkeldurr, M|318\/390 psn
|-damage|p2a: Conkeldurr|294\/390 psn|[from] Stealth Rock
|-damage|p2a: Conkeldurr|197\/390 psn|[from] Spikes
|move|p1a: Ferrothorn|Leech Seed|p2a: Conkeldurr
|-start|p2a: Conkeldurr|move: Leech Seed
|
|-heal|p2a: Conkeldurr|390\/390 psn|[from] move: Wish|[wisher] Jirachi
|-damage|p2a: Conkeldurr|342\/390 psn|[from] Leech Seed|[of] p1a: Ferrothorn
|-heal|p1a: Ferrothorn|164\/352 brn|[silent]
|-damage|p2a: Conkeldurr|294\/390 psn|[from] psn
|-damage|p1a: Ferrothorn|120\/352 brn|[from] brn
|turn|19
|
|move|p2a: Conkeldurr|Drain Punch|p1a: Ferrothorn
|-crit|p1a: Ferrothorn
|-supereffective|p1a: Ferrothorn
|-damage|p1a: Ferrothorn|0 fnt
|-heal|p2a: Conkeldurr|354\/390 psn|[from] drain|[of] p1a: Ferrothorn
|-damage|p2a: Conkeldurr|306\/390 psn|[from] ability: Iron Barbs|[of] p1a: Ferrothorn
|-damage|p2a: Conkeldurr|241\/390 psn|[from] item: Rocky Helmet|[of] p1a: Ferrothorn
|faint|p1a: Ferrothorn
|
|-heal|p2a: Conkeldurr|265\/390 psn|[from] item: Leftovers
|-damage|p2a: Conkeldurr|217\/390 psn|[from] psn
|
|switch|p1a: Medicham|Medicham-Mega, M|51\/261 brn
|-damage|p1a: Medicham|35\/261 brn|[from] Stealth Rock
|turn|20
|
|move|p1a: Medicham|Fake Out|p2a: Conkeldurr
|-crit|p2a: Conkeldurr
|-damage|p2a: Conkeldurr|155\/390 psn
|cant|p2a: Conkeldurr|flinch
|
|-heal|p2a: Conkeldurr|179\/390 psn|[from] item: Leftovers
|-damage|p2a: Conkeldurr|131\/390 psn|[from] Leech Seed|[of] p1a: Medicham
|-heal|p1a: Medicham|83\/261 brn|[silent]
|-damage|p1a: Medicham|51\/261 brn|[from] brn
|-damage|p2a: Conkeldurr|83\/390 psn|[from] psn
|turn|21
|
|move|p1a: Medicham|Zen Headbutt|p2a: Conkeldurr
|-supereffective|p2a: Conkeldurr
|-damage|p2a: Conkeldurr|0 fnt
|faint|p2a: Conkeldurr
|
|-damage|p1a: Medicham|19\/261 brn|[from] brn
|
|switch|p2a: Milotic|Milotic, F|337\/392 psn
|-damage|p2a: Milotic|288\/392 psn|[from] Stealth Rock
|-damage|p2a: Milotic|190\/392 psn|[from] Spikes
|turn|22
|
|move|p1a: Medicham|Zen Headbutt|p2a: Milotic
|-damage|p2a: Milotic|118\/392 psn
|cant|p2a: Milotic|flinch
|
|-heal|p2a: Milotic|142\/392 psn|[from] item: Leftovers
|-damage|p1a: Medicham|0 fnt|[from] brn
|-damage|p2a: Milotic|93\/392 psn|[from] psn
|faint|p1a: Medicham
|
|switch|p1a: Greninja|Greninja, F|285\/285
|-damage|p1a: Greninja|250\/285|[from] Stealth Rock
|turn|23
|
|move|p1a: Greninja|Dark Pulse|p2a: Milotic
|-start|p1a: Greninja|typechange|Dark|[from] Protean
|-crit|p2a: Milotic
|-damage|p2a: Milotic|0 fnt
|faint|p2a: Milotic
|
|
|switch|p2a: Jirachi|Jirachi|337\/404
|-damage|p2a: Jirachi|312\/404|[from] Stealth Rock
|-damage|p2a: Jirachi|211\/404|[from] Spikes
|turn|24
|
|move|p1a: Greninja|Dark Pulse|p2a: Jirachi
|-supereffective|p2a: Jirachi
|-damage|p2a: Jirachi|41\/404
|move|p2a: Jirachi|Iron Head|p1a: Greninja
|-damage|p1a: Greninja|123\/285
|
|-heal|p2a: Jirachi|66\/404|[from] item: Leftovers
|turn|25
|
|move|p1a: Greninja|Dark Pulse|p2a: Jirachi
|-crit|p2a: Jirachi
|-supereffective|p2a: Jirachi
|-damage|p2a: Jirachi|0 fnt
|faint|p2a: Jirachi
|
|
|switch|p2a: Darmanitan|Darmanitan, M|5\/351 psn
|-damage|p2a: Darmanitan|0 fnt|[from] Spikes
|faint|p2a: Darmanitan
|
|win|goodnewsbears
|c|âgoodnewsbears|gg
|leave|Darth Venomous
|player|p2