|join|New_Wave Quaz
|join|Darth Venomous
|player|p1|New_Wave Quaz|154
|player|p2|Darth Venomous|101
|gametype|singles
|gen|6
|tier|OU
|rated
|clearpoke
|poke|p1|Pinsir, M, shiny
|poke|p1|Excadrill, M
|poke|p1|Celebi
|poke|p1|Salamence, M, shiny
|poke|p1|Suicune
|poke|p1|Heatran, M
|poke|p2|Latios, M
|poke|p2|Landorus, M
|poke|p2|Venusaur, F
|poke|p2|Rotom-Wash
|poke|p2|Conkeldurr, F
|poke|p2|Tyrantrum, M
|rule|Swagger Clause: Swagger is banned
|rule|Baton Pass Clause: Limit one PokÃ©mon knowing Baton Pass
|rule|Sleep Clause Mod: Limit one foe put to sleep
|rule|Species Clause: Limit one of each PokÃ©mon
|rule|OHKO Clause: OHKO moves are banned
|rule|Moody Clause: Moody is banned
|rule|Evasion Moves Clause: Evasion moves are banned
|rule|Endless Battle Clause: Forcing endless battles is banned
|rule|HP Percentage Mod: HP is shown in percentages
|teampreview
|
|start
|switch|p1a: Tinkerbell|Celebi|403\/403
|switch|p2a: Landorus|Landorus, M|319\/319
|turn|1
|
|move|p2a: Landorus|Sludge Wave|p1a: Tinkerbell
|-supereffective|p1a: Tinkerbell
|-damage|p1a: Tinkerbell|75\/403
|move|p1a: Tinkerbell|Seed Bomb|p2a: Landorus
|-damage|p2a: Landorus|223\/319
|
|-heal|p1a: Tinkerbell|100\/403|[from] item: Leftovers
|turn|2
|
|switch|p1a: Mobius|Suicune|404\/404
|-ability|p1a: Mobius|Pressure
|move|p2a: Landorus|Earth Power|p1a: Mobius
|-damage|p1a: Mobius|184\/404
|
|-heal|p1a: Mobius|209\/404|[from] item: Leftovers
|turn|3
|
|move|p2a: Landorus|Hidden Power|p1a: Mobius
|-resisted|p1a: Mobius
|-damage|p1a: Mobius|174\/404
|-damage|p2a: Landorus|192\/319|[from] item: Life Orb
|move|p1a: Mobius|Scald|p2a: Landorus
|-supereffective|p2a: Landorus
|-damage|p2a: Landorus|0 fnt
|faint|p2a: Landorus
|
|-heal|p1a: Mobius|199\/404|[from] item: Leftovers
|
|switch|p2a: Tyrantrum|Tyrantrum, M|305\/305
|turn|4
|
|move|p2a: Tyrantrum|Dragon Dance|p2a: Tyrantrum
|-boost|p2a: Tyrantrum|atk|1
|-boost|p2a: Tyrantrum|spe|1
|move|p1a: Mobius|Rest|p1a: Mobius
|-status|p1a: Mobius|slp
|-heal|p1a: Mobius|404\/404 slp|[silent]
|-status|p1a: Mobius|slp|[from] move: Rest
|
|turn|5
|
|move|p2a: Tyrantrum|Dragon Dance|p2a: Tyrantrum
|-boost|p2a: Tyrantrum|atk|1
|-boost|p2a: Tyrantrum|spe|1
|cant|p1a: Mobius|slp
|move|p1a: Mobius|Sleep Talk|p1a: Mobius
|move|p1a: Mobius|Scald|p2a: Tyrantrum|[from]Sleep Talk
|-damage|p2a: Tyrantrum|161\/305
|-status|p2a: Tyrantrum|brn
|
|-damage|p2a: Tyrantrum|123\/305 brn|[from] brn
|turn|6
|-message|Darth Venomous forfeited.
|
|win|New_Wave Quaz
|raw|Ladder updating...
|raw|New_Wave Quaz's rating: 1362 &rarr; <strong>1378<\/strong><br \/>(+16 for winning)
|raw|Darth Venomous's rating: 1293 &rarr; <strong>1273<\/strong><br \/>(-20 for losing)
|leave|Darth Venomous
|player|p2