|join|peacesearcher293
|join|Darth Venomous
|player|p1|peacesearcher293|1
|player|p2|Darth Venomous|170
|gametype|singles
|gen|6
|tier|OU
|rated
|clearpoke
|poke|p1|Heracross, F
|poke|p1|Shedinja
|poke|p1|Politoed, F
|poke|p1|Donphan, M
|poke|p1|Latios, M
|poke|p1|Charizard, F
|poke|p2|Infernape, F
|poke|p2|Gliscor, M
|poke|p2|Sableye, M
|poke|p2|Heatran, M
|poke|p2|Reuniclus, F
|poke|p2|Lanturn, F
|rule|Swagger Clause: Swagger is banned
|rule|Baton Pass Clause: Limit one PokÃ©mon knowing Baton Pass
|rule|Sleep Clause Mod: Limit one foe put to sleep
|rule|Species Clause: Limit one of each PokÃ©mon
|rule|OHKO Clause: OHKO moves are banned
|rule|Moody Clause: Moody is banned
|rule|Evasion Moves Clause: Evasion moves are banned
|rule|Endless Battle Clause: Forcing endless battles is banned
|rule|HP Percentage Mod: HP is shown in percentages
|teampreview
|
|start
|switch|p1a: Charizard|Charizard, F|297\/297
|switch|p2a: Sableye|Sableye, M|304\/304
|turn|1
|
|switch|p2a: Heatran|Heatran, M|386\/386
|detailschange|p1a: Charizard|Charizard-Mega-Y, F
|-mega|p1a: Charizard|Charizard|Charizardite Y
|-weather|SunnyDay
|move|p1a: Charizard|Fire Blast|p2a: Heatran
|-start|p2a: Heatran|ability: Flash Fire
|
|-weather|SunnyDay|[upkeep]
|turn|2
|
|move|p1a: Charizard|Earthquake|p2a: Heatran
|-supereffective|p2a: Heatran
|-damage|p2a: Heatran|86\/386
|move|p2a: Heatran|Stealth Rock|p1a: Charizard
|-sidestart|p1: peacesearcher293|move: Stealth Rock
|
|-weather|SunnyDay|[upkeep]
|-heal|p2a: Heatran|110\/386|[from] item: Leftovers
|turn|3
|
|move|p2a: Heatran|Protect|p2a: Heatran
|-singleturn|p2a: Heatran|Protect
|move|p1a: Charizard|Earthquake|p2a: Heatran
|-activate|p2a: Heatran|Protect
|
|-weather|SunnyDay|[upkeep]
|-heal|p2a: Heatran|134\/386|[from] item: Leftovers
|turn|4
|
|move|p1a: Charizard|Dragon Pulse|p2a: Heatran
|-resisted|p2a: Heatran
|-damage|p2a: Heatran|92\/386
|move|p2a: Heatran|Roar|p1a: Charizard
|drag|p1a: Shedinja|Shedinja|1\/1
|-damage|p1a: Shedinja|0 fnt|[from] Stealth Rock
|faint|p1a: Shedinja
|
|-weather|SunnyDay|[upkeep]
|-heal|p2a: Heatran|116\/386|[from] item: Leftovers
|
|switch|p1a: Charizard|Charizard-Mega-Y, F|297\/297
|-damage|p1a: Charizard|149\/297|[from] Stealth Rock
|turn|5
|
|move|p2a: Heatran|Protect|p2a: Heatran
|-singleturn|p2a: Heatran|Protect
|move|p1a: Charizard|Earthquake|p2a: Heatran
|-activate|p2a: Heatran|Protect
|
|-weather|none
|-heal|p2a: Heatran|140\/386|[from] item: Leftovers
|turn|6
|
|switch|p2a: Lanturn|Lanturn, F|454\/454
|move|p1a: Charizard|Earthquake|p2a: Lanturn
|-supereffective|p2a: Lanturn
|-damage|p2a: Lanturn|274\/454
|
|-heal|p2a: Lanturn|302\/454|[from] item: Leftovers
|turn|7
|
|switch|p1a: Latios|Latios, M|302\/302
|-damage|p1a: Latios|265\/302|[from] Stealth Rock
|move|p2a: Lanturn|Volt Switch|p1a: Latios
|-resisted|p1a: Latios
|-damage|p1a: Latios|237\/302
|
|switch|p2a: Heatran|Heatran, M|140\/386
|
|-heal|p2a: Heatran|164\/386|[from] item: Leftovers
|turn|8
|
|move|p2a: Heatran|Protect|p2a: Heatran
|-singleturn|p2a: Heatran|Protect
|move|p1a: Latios|Psyshock|p2a: Heatran
|-activate|p2a: Heatran|Protect
|
|-heal|p2a: Heatran|188\/386|[from] item: Leftovers
|turn|9
|
|switch|p2a: Sableye|Sableye, M|304\/304
|move|p1a: Latios|Psyshock|p2a: Sableye
|-immune|p2a: Sableye|[msg]
|
|turn|10
|
|switch|p1a: Politoed|Politoed, F|384\/384
|-damage|p1a: Politoed|336\/384|[from] Stealth Rock
|move|p2a: Sableye|Knock Off|p1a: Politoed
|-damage|p1a: Politoed|221\/384
|-enditem|p1a: Politoed|Leftovers|[from] move: Knock Off|[of] p2a: Sableye
|
|turn|11
|
|switch|p2a: Lanturn|Lanturn, F|302\/454
|move|p1a: Politoed|Scald|p2a: Lanturn
|-heal|p2a: Lanturn|415\/454|[from] ability: Water Absorb|[of] p1a: Politoed
|
|-heal|p2a: Lanturn|443\/454|[from] item: Leftovers
|turn|12
|
|move|p1a: Politoed|Scald|p2a: Lanturn
|-heal|p2a: Lanturn|454\/454|[from] ability: Water Absorb|[of] p1a: Politoed
|move|p2a: Lanturn|Scald|p1a: Politoed
|-heal|p1a: Politoed|317\/384|[from] ability: Water Absorb|[of] p2a: Lanturn
|
|turn|13
|
|move|p1a: Politoed|Toxic|p2a: Lanturn
|-status|p2a: Lanturn|tox
|move|p2a: Lanturn|Scald|p1a: Politoed
|-heal|p1a: Politoed|384\/384|[from] ability: Water Absorb|[of] p2a: Lanturn
|
|-damage|p2a: Lanturn|426\/454 tox|[from] psn
|turn|14
|
|move|p1a: Politoed|Perish Song|p1a: Politoed
|-fieldactivate|move: Perish Song
|move|p2a: Lanturn|Scald|p1a: Politoed
|-immune|p1a: Politoed|[msg]
|
|-start|p1a: Politoed|perish3
|-start|p2a: Lanturn|perish3
|-heal|p2a: Lanturn|454\/454 tox|[from] item: Leftovers
|-damage|p2a: Lanturn|398\/454 tox|[from] psn
|turn|15
|
|move|p1a: Politoed|Protect|p1a: Politoed
|-singleturn|p1a: Politoed|Protect
|move|p2a: Lanturn|Rest|p2a: Lanturn
|-status|p2a: Lanturn|slp
|-heal|p2a: Lanturn|454\/454 slp|[silent]
|-status|p2a: Lanturn|slp|[from] move: Rest
|
|-start|p1a: Politoed|perish2
|-start|p2a: Lanturn|perish2
|turn|16
|
|switch|p1a: Donphan|Donphan, M|384\/384
|-damage|p1a: Donphan|360\/384|[from] Stealth Rock
|switch|p2a: Reuniclus|Reuniclus, F|424\/424
|
|-heal|p1a: Donphan|384\/384|[from] item: Leftovers
|turn|17
|
|move|p1a: Donphan|Rapid Spin|p2a: Reuniclus
|-damage|p2a: Reuniclus|408\/424
|-sideend|p1: peacesearcher293|Stealth Rock|[from] move: Rapid Spin|[of] p1a: Donphan
|move|p2a: Reuniclus|Calm Mind|p2a: Reuniclus
|-boost|p2a: Reuniclus|spa|1
|-boost|p2a: Reuniclus|spd|1
|
|-heal|p2a: Reuniclus|424\/424|[from] item: Leftovers
|turn|18
|
|switch|p1a: Politoed|Politoed, F|384\/384
|move|p2a: Reuniclus|Psyshock|p1a: Politoed
|-crit|p1a: Politoed
|-damage|p1a: Politoed|66\/384
|
|turn|19
|
|move|p1a: Politoed|Perish Song|p1a: Politoed
|-fieldactivate|move: Perish Song
|move|p2a: Reuniclus|Psyshock|p1a: Politoed
|-damage|p1a: Politoed|0 fnt
|faint|p1a: Politoed
|
|-start|p2a: Reuniclus|perish3
|
|switch|p1a: Heracross|Heracross, F|302\/302
|turn|20
|
|switch|p2a: Gliscor|Gliscor, M|291\/291
|move|p1a: Heracross|Megahorn|p2a: Gliscor
|-resisted|p2a: Gliscor
|-damage|p2a: Gliscor|208\/291
|
|-status|p2a: Gliscor|tox|[from] item: Toxic Orb
|turn|21
|
|move|p1a: Heracross|Megahorn|p2a: Gliscor
|-resisted|p2a: Gliscor
|-damage|p2a: Gliscor|117\/291 tox
|move|p2a: Gliscor|Facade|p1a: Heracross
|-damage|p1a: Heracross|128\/302
|
|-heal|p2a: Gliscor|153\/291 tox|[from] ability: Poison Heal
|turn|22
|
|switch|p1a: Latios|Latios, M|237\/302
|move|p2a: Gliscor|Facade|p1a: Latios
|-damage|p1a: Latios|80\/302
|
|-heal|p2a: Gliscor|189\/291 tox|[from] ability: Poison Heal
|turn|23
|
|switch|p2a: Heatran|Heatran, M|188\/386
|move|p1a: Latios|Dragon Pulse|p2a: Heatran
|-resisted|p2a: Heatran
|-damage|p2a: Heatran|114\/386
|
|-heal|p2a: Heatran|138\/386|[from] item: Leftovers
|turn|24
|
|switch|p1a: Charizard|Charizard-Mega-Y, F|149\/297
|-weather|SunnyDay
|move|p2a: Heatran|Stealth Rock|p1a: Charizard
|-sidestart|p1: peacesearcher293|move: Stealth Rock
|
|-weather|SunnyDay|[upkeep]
|-heal|p2a: Heatran|162\/386|[from] item: Leftovers
|turn|25
|
|move|p1a: Charizard|Earthquake|p2a: Heatran
|-supereffective|p2a: Heatran
|-damage|p2a: Heatran|0 fnt
|faint|p2a: Heatran
|
|-weather|SunnyDay|[upkeep]
|
|switch|p2a: Infernape|Infernape, F|293\/293
|turn|26
|
|switch|p1a: Donphan|Donphan, M|384\/384
|-damage|p1a: Donphan|360\/384|[from] Stealth Rock
|move|p2a: Infernape|Thunder Punch|p1a: Donphan
|-immune|p1a: Donphan|[msg]
|
|-weather|SunnyDay|[upkeep]
|-heal|p1a: Donphan|384\/384|[from] item: Leftovers
|turn|27
|
|move|p2a: Infernape|Fire Blast|p1a: Donphan
|-activate|p1a: Donphan|Sturdy
|-damage|p1a: Donphan|1\/384
|-damage|p2a: Infernape|264\/293|[from] item: Life Orb
|move|p1a: Donphan|Earthquake|p2a: Infernape
|-supereffective|p2a: Infernape
|-damage|p2a: Infernape|0 fnt
|faint|p2a: Infernape
|
|-weather|SunnyDay|[upkeep]
|-heal|p1a: Donphan|25\/384|[from] item: Leftovers
|
|switch|p2a: Gliscor|Gliscor, M|189\/291 tox
|turn|28
|
|move|p1a: Donphan|Ice Shard|p2a: Gliscor
|-crit|p2a: Gliscor
|-supereffective|p2a: Gliscor
|-damage|p2a: Gliscor|0 fnt
|faint|p2a: Gliscor
|
|-weather|none
|-heal|p1a: Donphan|49\/384|[from] item: Leftovers
|
|switch|p2a: Sableye|Sableye, M|304\/304
|turn|29
|
|move|p2a: Sableye|Knock Off|p1a: Donphan
|-damage|p1a: Donphan|0 fnt
|-enditem|p1a: Donphan|Leftovers|[from] move: Knock Off|[of] p2a: Sableye
|faint|p1a: Donphan
|
|
|switch|p1a: Charizard|Charizard-Mega-Y, F|149\/297
|-damage|p1a: Charizard|1\/297|[from] Stealth Rock
|-weather|SunnyDay
|turn|30
|
|switch|p2a: Lanturn|Lanturn, F|454\/454 slp
|move|p1a: Charizard|Fire Blast|p2a: Lanturn
|-resisted|p2a: Lanturn
|-damage|p2a: Lanturn|265\/454 slp
|
|-weather|SunnyDay|[upkeep]
|-heal|p2a: Lanturn|293\/454 slp|[from] item: Leftovers
|turn|31
|
|move|p1a: Charizard|Solar Beam|p2a: Lanturn|[still]
|-prepare|p1a: Charizard|Solar Beam|p2a: Lanturn
|-anim|p1a: Charizard|Solar Beam|p2a: Lanturn
|-supereffective|p2a: Lanturn
|-damage|p2a: Lanturn|0 fnt
|faint|p2a: Lanturn
|
|-weather|SunnyDay|[upkeep]
|
|switch|p2a: Reuniclus|Reuniclus, F|424\/424
|turn|32
|
|move|p1a: Charizard|Fire Blast|p2a: Reuniclus
|-damage|p2a: Reuniclus|66\/424
|move|p2a: Reuniclus|Psyshock|p1a: Charizard
|-damage|p1a: Charizard|0 fnt
|faint|p1a: Charizard
|
|-weather|SunnyDay|[upkeep]
|-heal|p2a: Reuniclus|92\/424|[from] item: Leftovers
|
|switch|p1a: Heracross|Heracross, F|128\/302
|-damage|p1a: Heracross|91\/302|[from] Stealth Rock
|turn|33
|
|move|p1a: Heracross|Megahorn|p2a: Reuniclus
|-supereffective|p2a: Reuniclus
|-damage|p2a: Reuniclus|0 fnt
|faint|p2a: Reuniclus
|
|-weather|SunnyDay|[upkeep]
|
|switch|p2a: Sableye|Sableye, M|304\/304
|turn|34
|
|move|p2a: Sableye|Will-O-Wisp|p1a: Heracross
|-status|p1a: Heracross|brn
|move|p1a: Heracross|Megahorn|p2a: Sableye
|-damage|p2a: Sableye|133\/304
|
|-weather|none
|-heal|p2a: Sableye|152\/304|[from] item: Leftovers
|-damage|p1a: Heracross|54\/302 brn|[from] brn
|turn|35
|
|move|p2a: Sableye|Recover|p2a: Sableye
|-heal|p2a: Sableye|304\/304
|move|p1a: Heracross|Megahorn|p2a: Sableye|[miss]
|-miss|p1a: Heracross|p2a: Sableye
|
|-damage|p1a: Heracross|17\/302 brn|[from] brn
|turn|36
|
|move|p1a: Heracross|Megahorn|p2a: Sableye
|-damage|p2a: Sableye|129\/304
|move|p2a: Sableye|Knock Off|p1a: Heracross
|-resisted|p1a: Heracross
|-damage|p1a: Heracross|0 fnt
|-enditem|p1a: Heracross|Choice Scarf|[from] move: Knock Off|[of] p2a: Sableye
|faint|p1a: Heracross
|
|-heal|p2a: Sableye|148\/304|[from] item: Leftovers
|
|switch|p1a: Latios|Latios, M|80\/302
|-damage|p1a: Latios|43\/302|[from] Stealth Rock
|turn|37
|
|move|p2a: Sableye|Recover|p2a: Sableye
|-heal|p2a: Sableye|300\/304
|move|p1a: Latios|Dragon Pulse|p2a: Sableye
|-crit|p2a: Sableye
|-damage|p2a: Sableye|0 fnt
|faint|p2a: Sableye
|
|win|peacesearcher293
|raw|Ladder updating...
|raw|peacesearcher293's rating: 1321 &rarr; <strong>1340<\/strong><br \/>(+19 for winning)
|raw|Darth Venomous's rating: 1306 &rarr; <strong>1287<\/strong><br \/>(-19 for losing)