|join|Darth Venomous
|join|Olly1995
|player|p1|Darth Venomous|169
|player|p2|Olly1995|105
|gametype|singles
|gen|6
|tier|OU
|rated
|clearpoke
|poke|p1|Umbreon, F
|poke|p1|Jellicent, F
|poke|p1|Metagross
|poke|p1|Landorus, M
|poke|p1|Hitmontop, M
|poke|p1|Charizard, F
|poke|p2|Diancie
|poke|p2|Breloom, M
|poke|p2|Magnezone
|poke|p2|Landorus-Therian, M
|poke|p2|Scizor, F
|poke|p2|Latias, F
|rule|Swagger Clause: Swagger is banned
|rule|Baton Pass Clause: Limit one PokÃ©mon knowing Baton Pass
|rule|Sleep Clause Mod: Limit one foe put to sleep
|rule|Species Clause: Limit one of each PokÃ©mon
|rule|OHKO Clause: OHKO moves are banned
|rule|Moody Clause: Moody is banned
|rule|Evasion Moves Clause: Evasion moves are banned
|rule|Endless Battle Clause: Forcing endless battles is banned
|rule|HP Percentage Mod: HP is shown in percentages
|teampreview
|
|start
|switch|p1a: Landorus|Landorus, M|319\/319
|switch|p2a: Magnezone|Magnezone|281\/281
|turn|1
|
|switch|p1a: Metagross|Metagross|364\/364
|move|p2a: Magnezone|Hidden Power|p1a: Metagross
|-resisted|p1a: Metagross
|-damage|p1a: Metagross|336\/364
|
|-heal|p1a: Metagross|358\/364|[from] item: Leftovers
|turn|2
|
|switch|p2a: kitty|Landorus-Therian, M|382\/382
|-ability|p2a: kitty|Intimidate|[of] p1a: Metagross
|-fail|p1a: Metagross|unboost|[from] ability: Clear Body|[of] p1a: Metagross
|move|p1a: Metagross|Stealth Rock|p2a: kitty
|-sidestart|p2: Olly1995|move: Stealth Rock
|
|-heal|p1a: Metagross|364\/364|[from] item: Leftovers
|turn|3
|
|switch|p1a: Hitmontop|Hitmontop, M|304\/304
|-ability|p1a: Hitmontop|Intimidate|[of] p2a: kitty
|-unboost|p2a: kitty|atk|1
|move|p2a: kitty|U-turn|p1a: Hitmontop
|-resisted|p1a: Hitmontop
|-damage|p1a: Hitmontop|283\/304
|
|switch|p2a: Diamond|Diancie|242\/242
|-damage|p2a: Diamond|212\/242|[from] Stealth Rock
|
|-heal|p1a: Hitmontop|302\/304|[from] item: Leftovers
|turn|4
|
|switch|p1a: Metagross|Metagross|364\/364
|detailschange|p2a: Diamond|Diancie-Mega
|-mega|p2a: Diamond|Diancie|Diancite
|move|p2a: Diamond|Moonblast|p1a: Metagross
|-resisted|p1a: Metagross
|-damage|p1a: Metagross|283\/364
|
|-heal|p1a: Metagross|305\/364|[from] item: Leftovers
|turn|5
|
|switch|p2a: Spaccanoci|Scizor, F|311\/311
|-damage|p2a: Spaccanoci|273\/311|[from] Stealth Rock
|move|p1a: Metagross|Iron Head|p2a: Spaccanoci
|-resisted|p2a: Spaccanoci
|-damage|p2a: Spaccanoci|210\/311
|
|-heal|p1a: Metagross|327\/364|[from] item: Leftovers
|turn|6
|
|switch|p1a: Charizard|Charizard, F|297\/297
|move|p2a: Spaccanoci|Knock Off|p1a: Charizard
|-crit|p1a: Charizard
|-damage|p1a: Charizard|71\/297
|
|turn|7
|
|switch|p1a: Umbreon|Umbreon, F|394\/394
|switch|p2a: kitty|Landorus-Therian, M|382\/382
|-damage|p2a: kitty|335\/382|[from] Stealth Rock
|-ability|p2a: kitty|Intimidate|[of] p1a: Umbreon
|-unboost|p1a: Umbreon|atk|1
|
|-heal|p2a: kitty|358\/382|[from] item: Leftovers
|turn|8
|
|switch|p1a: Hitmontop|Hitmontop, M|302\/304
|-ability|p1a: Hitmontop|Intimidate|[of] p2a: kitty
|-unboost|p2a: kitty|atk|1
|move|p2a: kitty|U-turn|p1a: Hitmontop
|-resisted|p1a: Hitmontop
|-damage|p1a: Hitmontop|280\/304
|
|switch|p2a: Diamond|Diancie-Mega|212\/242
|-damage|p2a: Diamond|182\/242|[from] Stealth Rock
|
|-heal|p1a: Hitmontop|299\/304|[from] item: Leftovers
|turn|9
|
|switch|p1a: Landorus|Landorus, M|319\/319
|move|p2a: Diamond|Earth Power|p1a: Landorus
|-immune|p1a: Landorus|[msg]
|
|turn|10
|
|switch|p2a: Latias|Latias, F|363\/363
|-damage|p2a: Latias|318\/363|[from] Stealth Rock
|move|p1a: Landorus|Sludge Wave|p2a: Latias
|-damage|p2a: Latias|218\/363
|
|-heal|p2a: Latias|240\/363|[from] item: Leftovers
|turn|11
|
|switch|p1a: Umbreon|Umbreon, F|394\/394
|switch|p2a: Spaccanoci|Scizor, F|210\/311
|-damage|p2a: Spaccanoci|172\/311|[from] Stealth Rock
|
|turn|12
|
|move|p1a: Umbreon|Protect|p1a: Umbreon
|-singleturn|p1a: Umbreon|Protect
|move|p2a: Spaccanoci|U-turn|p1a: Umbreon
|-activate|p1a: Umbreon|Protect
|
|turn|13
|
|move|p2a: Spaccanoci|U-turn|p1a: Umbreon
|-supereffective|p1a: Umbreon
|-damage|p1a: Umbreon|92\/394
|
|switch|p2a: Diamond|Diancie-Mega|182\/242
|-damage|p2a: Diamond|152\/242|[from] Stealth Rock
|move|p1a: Umbreon|Wish|p1a: Umbreon
|
|-heal|p1a: Umbreon|116\/394|[from] item: Leftovers
|turn|14
|
|move|p1a: Umbreon|Protect|p1a: Umbreon
|-singleturn|p1a: Umbreon|Protect
|move|p2a: Diamond|Moonblast|p1a: Umbreon
|-activate|p1a: Umbreon|Protect
|
|-heal|p1a: Umbreon|313\/394|[from] move: Wish|[wisher] Umbreon
|-heal|p1a: Umbreon|337\/394|[from] item: Leftovers
|turn|15
|join|Christcrusher
|c| Christcrusher|hello
|c|âDarth Venomous|in a bind
|
|move|p2a: Diamond|Moonblast|p1a: Umbreon
|-supereffective|p1a: Umbreon
|-damage|p1a: Umbreon|37\/394
|-unboost|p1a: Umbreon|spa|1
|move|p1a: Umbreon|Wish|p1a: Umbreon
|
|-heal|p1a: Umbreon|61\/394|[from] item: Leftovers
|turn|16
|c| Christcrusher|that queen
|
|move|p1a: Umbreon|Protect|p1a: Umbreon
|-singleturn|p1a: Umbreon|Protect
|move|p2a: Diamond|Moonblast|p1a: Umbreon
|-activate|p1a: Umbreon|Protect
|
|-heal|p1a: Umbreon|258\/394|[from] move: Wish|[wisher] Umbreon
|-heal|p1a: Umbreon|282\/394|[from] item: Leftovers
|turn|17
|c| Christcrusher|a killer queen
|leave|Christcrusher
|
|switch|p1a: Jellicent|Jellicent, F|404\/404
|move|p2a: Diamond|Earth Power|p1a: Jellicent
|-crit|p1a: Jellicent
|-damage|p1a: Jellicent|257\/404
|
|-heal|p1a: Jellicent|282\/404|[from] item: Leftovers
|turn|18
|
|switch|p2a: Latias|Latias, F|240\/363
|-damage|p2a: Latias|195\/363|[from] Stealth Rock
|move|p1a: Jellicent|Confuse Ray|p2a: Latias
|-start|p2a: Latias|confusion
|
|-heal|p2a: Latias|217\/363|[from] item: Leftovers
|-heal|p1a: Jellicent|307\/404|[from] item: Leftovers
|turn|19
|
|-activate|p2a: Latias|confusion
|-damage|p2a: Latias|193\/363|[from] confusion
|move|p1a: Jellicent|Scald|p2a: Latias
|-resisted|p2a: Latias
|-damage|p2a: Latias|169\/363
|
|-heal|p2a: Latias|191\/363|[from] item: Leftovers
|-heal|p1a: Jellicent|332\/404|[from] item: Leftovers
|turn|20
|
|-activate|p2a: Latias|confusion
|move|p2a: Latias|Healing Wish|p2a: Latias
|faint|p2a: Latias
|move|p1a: Jellicent|Toxic|p2: Latias|[notarget]
|-notarget
|
|-heal|p1a: Jellicent|357\/404|[from] item: Leftovers
|
|switch|p2a: Spaccanoci|Scizor, F|172\/311
|-heal|p2a: Spaccanoci|311\/311|[from] move: Healing Wish
|-damage|p2a: Spaccanoci|273\/311|[from] Stealth Rock
|turn|21
|
|move|p2a: Spaccanoci|Knock Off|p1a: Jellicent
|-supereffective|p1a: Jellicent
|-damage|p1a: Jellicent|0 fnt
|-enditem|p1a: Jellicent|Leftovers|[from] move: Knock Off|[of] p2a: Spaccanoci
|faint|p1a: Jellicent
|
|
|switch|p1a: Landorus|Landorus, M|319\/319
|turn|22
|
|move|p1a: Landorus|Hidden Power|p2a: Spaccanoci
|-resisted|p2a: Spaccanoci
|-damage|p2a: Spaccanoci|220\/311
|-damage|p1a: Landorus|288\/319|[from] item: Life Orb
|move|p2a: Spaccanoci|Knock Off|p1a: Landorus
|-damage|p1a: Landorus|66\/319
|-enditem|p1a: Landorus|Life Orb|[from] move: Knock Off|[of] p2a: Spaccanoci
|
|turn|23
|
|move|p1a: Landorus|Hidden Power|p2a: Spaccanoci
|-resisted|p2a: Spaccanoci
|-damage|p2a: Spaccanoci|178\/311
|move|p2a: Spaccanoci|Knock Off|p1a: Landorus
|-damage|p1a: Landorus|0 fnt
|faint|p1a: Landorus
|
|-message|Darth Venomous forfeited.
|
|win|Olly1995
|raw|Ladder updating...
|leave|Darth Venomous
|player|p1
|raw|Darth Venomous's rating: 1449 &rarr; <strong>1428<\/strong><br \/>(-21 for losing)
|raw|Olly1995's rating: 1438 &rarr; <strong>1459<\/strong><br \/>(+21 for winning)