|join|Darth Venomous
|join|Mega Magic Bounce
|player|p1|Darth Venomous|265
|player|p2|Mega Magic Bounce|66
|gametype|singles
|gen|6
|tier|OU
|rated
|clearpoke
|poke|p1|Gliscor, M
|poke|p1|Umbreon, M
|poke|p1|Jellicent, F
|poke|p1|Raikou
|poke|p1|Metagross
|poke|p1|Hitmontop, M
|poke|p2|Diancie
|poke|p2|Gengar, F
|poke|p2|Azumarill, F
|poke|p2|Kyurem-Black
|poke|p2|Heatran, M
|poke|p2|Latios, M
|rule|Swagger Clause: Swagger is banned
|rule|Baton Pass Clause: Limit one PokÃ©mon knowing Baton Pass
|rule|Sleep Clause Mod: Limit one foe put to sleep
|rule|Species Clause: Limit one of each PokÃ©mon
|rule|OHKO Clause: OHKO moves are banned
|rule|Moody Clause: Moody is banned
|rule|Evasion Moves Clause: Evasion moves are banned
|rule|Endless Battle Clause: Forcing endless battles is banned
|rule|HP Percentage Mod: HP is shown in percentages
|teampreview
|
|start
|switch|p1a: Gliscor|Gliscor, M|291\/291
|switch|p2a: Diancie|Diancie|241\/241
|turn|1
|
|detailschange|p2a: Diancie|Diancie-Mega
|-mega|p2a: Diancie|Diancie|Diancite
|move|p2a: Diancie|Protect|p2a: Diancie
|-singleturn|p2a: Diancie|Protect
|move|p1a: Gliscor|Earthquake|p2a: Diancie
|-activate|p2a: Diancie|Protect
|
|-status|p1a: Gliscor|tox|[from] item: Toxic Orb
|turn|2
|
|switch|p2a: Latios|Latios, M|299\/299
|switch|p1a: Hitmontop|Hitmontop, M|300\/300
|-ability|p1a: Hitmontop|Intimidate|[of] p2a: Latios
|-unboost|p2a: Latios|atk|1
|
|turn|3
|
|switch|p1a: Metagross|Metagross|364\/364
|move|p2a: Latios|Psyshock|p1a: Metagross
|-resisted|p1a: Metagross
|-damage|p1a: Metagross|325\/364
|-damage|p2a: Latios|270\/299|[from] item: Life Orb
|
|turn|4
|
|detailschange|p1a: Metagross|Metagross-Mega
|-mega|p1a: Metagross|Metagross|Metagrossite
|move|p2a: Latios|Draco Meteor|p1a: Metagross
|-resisted|p1a: Metagross
|-damage|p1a: Metagross|226\/364
|-unboost|p2a: Latios|spa|2
|-damage|p2a: Latios|241\/299|[from] item: Life Orb
|move|p1a: Metagross|Iron Head|p2a: Latios
|-damage|p2a: Latios|34\/299
|
|turn|5
|
|move|p2a: Latios|Draco Meteor|p1a: Metagross
|-resisted|p1a: Metagross
|-damage|p1a: Metagross|175\/364
|-unboost|p2a: Latios|spa|2
|-damage|p2a: Latios|5\/299|[from] item: Life Orb
|move|p1a: Metagross|Stealth Rock|p2a: Latios
|-sidestart|p2: Mega Magic Bounce|move: Stealth Rock
|
|turn|6
|
|move|p2a: Latios|Defog|p1a: Metagross
|-unboost|p1a: Metagross|evasion|1
|-sideend|p2: Mega Magic Bounce|Stealth Rock|[from] move: Defog|[of] p2a: Latios
|move|p1a: Metagross|Rest|p1a: Metagross
|-status|p1a: Metagross|slp
|-heal|p1a: Metagross|364\/364 slp|[silent]
|-status|p1a: Metagross|slp|[from] move: Rest
|
|turn|7
|
|switch|p2a: Heatran|Heatran, M|323\/323
|-item|p2a: Heatran|Air Balloon
|switch|p1a: Umbreon|Umbreon, M|394\/394
|
|turn|8
|
|move|p2a: Heatran|Stealth Rock|p1a: Umbreon
|-sidestart|p1: Darth Venomous|move: Stealth Rock
|move|p1a: Umbreon|Heal Bell|p1a: Umbreon
|-cureteam|p1a: Umbreon|[from] move: HealBell
|
|turn|9
|
|switch|p1a: Hitmontop|Hitmontop, M|300\/300
|-damage|p1a: Hitmontop|282\/300|[from] Stealth Rock
|-ability|p1a: Hitmontop|Intimidate|[of] p2a: Heatran
|-unboost|p2a: Heatran|atk|1
|move|p2a: Heatran|Fire Blast|p1a: Hitmontop
|-damage|p1a: Hitmontop|126\/300
|
|-heal|p1a: Hitmontop|144\/300|[from] item: Leftovers
|turn|10
|
|move|p2a: Heatran|Fire Blast|p1a: Hitmontop|[miss]
|-miss|p2a: Heatran|p1a: Hitmontop
|move|p1a: Hitmontop|Foresight|p2a: Heatran
|-start|p2a: Heatran|Foresight
|
|-heal|p1a: Hitmontop|162\/300|[from] item: Leftovers
|turn|11
|
|switch|p2a: Diancie|Diancie-Mega|241\/241
|move|p1a: Hitmontop|Close Combat|p2a: Diancie
|-damage|p2a: Diancie|126\/241
|-unboost|p1a: Hitmontop|def|1
|-unboost|p1a: Hitmontop|spd|1
|
|-heal|p1a: Hitmontop|180\/300|[from] item: Leftovers
|turn|12
|
|switch|p1a: Metagross|Metagross-Mega|364\/364
|-damage|p1a: Metagross|342\/364|[from] Stealth Rock
|move|p2a: Diancie|Moonblast|p1a: Metagross
|-resisted|p1a: Metagross
|-damage|p1a: Metagross|270\/364
|
|turn|13
|
|move|p2a: Diancie|Protect|p2a: Diancie
|-singleturn|p2a: Diancie|Protect
|move|p1a: Metagross|Iron Head|p2a: Diancie
|-activate|p2a: Diancie|Protect
|
|turn|14
|
|switch|p2a: Heatran|Heatran, M|323\/323
|-item|p2a: Heatran|Air Balloon
|move|p1a: Metagross|Earthquake|p2a: Heatran
|-immune|p2a: Heatran|[msg]
|
|turn|15
|
|switch|p1a: Jellicent|Jellicent, F|404\/404
|-damage|p1a: Jellicent|354\/404|[from] Stealth Rock
|move|p2a: Heatran|Fire Blast|p1a: Jellicent
|-resisted|p1a: Jellicent
|-damage|p1a: Jellicent|268\/404
|
|-heal|p1a: Jellicent|293\/404|[from] item: Leftovers
|turn|16
|
|switch|p2a: Kyurem-Black|Kyurem-Black|391\/391
|-ability|p2a: Kyurem-Black|Teravolt
|move|p1a: Jellicent|Scald|p2a: Kyurem-Black
|-resisted|p2a: Kyurem-Black
|-damage|p2a: Kyurem-Black|341\/391
|
|-heal|p1a: Jellicent|318\/404|[from] item: Leftovers
|turn|17
|
|switch|p1a: Hitmontop|Hitmontop, M|180\/300
|-damage|p1a: Hitmontop|162\/300|[from] Stealth Rock
|-ability|p1a: Hitmontop|Intimidate|[of] p2a: Kyurem-Black
|-unboost|p2a: Kyurem-Black|atk|1
|move|p2a: Kyurem-Black|Fusion Bolt|p1a: Hitmontop
|-damage|p1a: Hitmontop|82\/300
|
|-heal|p1a: Hitmontop|100\/300|[from] item: Leftovers
|turn|18
|
|switch|p2a: Gengar|Gengar, F|259\/259
|move|p1a: Hitmontop|Rapid Spin|p2a: Gengar
|-immune|p2a: Gengar|[msg]
|
|-heal|p1a: Hitmontop|118\/300|[from] item: Leftovers
|turn|19
|
|switch|p1a: Umbreon|Umbreon, M|394\/394
|-damage|p1a: Umbreon|345\/394|[from] Stealth Rock
|move|p2a: Gengar|Taunt|p1a: Umbreon
|-start|p1a: Umbreon|move: Taunt
|
|-heal|p1a: Umbreon|369\/394|[from] item: Leftovers
|turn|20
|
|move|p2a: Gengar|Focus Blast|p1a: Umbreon|[miss]
|-miss|p2a: Gengar|p1a: Umbreon
|move|p1a: Umbreon|Foul Play|p2a: Gengar
|-supereffective|p2a: Gengar
|-damage|p2a: Gengar|91\/259
|
|-heal|p1a: Umbreon|393\/394|[from] item: Leftovers
|turn|21
|
|switch|p2a: Azumarill|Azumarill, F|364\/364
|switch|p1a: Raikou|Raikou|321\/321
|-damage|p1a: Raikou|281\/321|[from] Stealth Rock
|-ability|p1a: Raikou|Pressure
|
|-heal|p1a: Raikou|301\/321|[from] item: Leftovers
|turn|22
|
|switch|p2a: Kyurem-Black|Kyurem-Black|341\/391
|-ability|p2a: Kyurem-Black|Teravolt
|move|p1a: Raikou|Substitute|p1a: Raikou
|-start|p1a: Raikou|Substitute
|-damage|p1a: Raikou|221\/321
|
|-heal|p1a: Raikou|241\/321|[from] item: Leftovers
|turn|23
|
|move|p2a: Kyurem-Black|Dragon Claw|p1a: Raikou
|-crit|p1a: Raikou
|-end|p1a: Raikou|Substitute
|move|p1a: Raikou|Thunderbolt|p2a: Kyurem-Black
|-resisted|p2a: Kyurem-Black
|-damage|p2a: Kyurem-Black|257\/391
|
|-heal|p1a: Raikou|261\/321|[from] item: Leftovers
|turn|24
|
|switch|p1a: Umbreon|Umbreon, M|393\/394
|-damage|p1a: Umbreon|344\/394|[from] Stealth Rock
|move|p2a: Kyurem-Black|Dragon Claw|p1a: Umbreon
|-damage|p1a: Umbreon|238\/394
|
|-heal|p1a: Umbreon|262\/394|[from] item: Leftovers
|turn|25
|
|switch|p2a: Diancie|Diancie-Mega|126\/241
|move|p1a: Umbreon|Wish|p1a: Umbreon
|
|-heal|p1a: Umbreon|286\/394|[from] item: Leftovers
|turn|26
|
|switch|p1a: Metagross|Metagross-Mega|270\/364
|-damage|p1a: Metagross|248\/364|[from] Stealth Rock
|move|p2a: Diancie|Moonblast|p1a: Metagross
|-crit|p1a: Metagross
|-resisted|p1a: Metagross
|-damage|p1a: Metagross|139\/364
|-unboost|p1a: Metagross|spa|1
|
|-heal|p1a: Metagross|336\/364|[from] move: Wish|[wisher] Umbreon
|turn|27
|
|move|p2a: Diancie|Protect|p2a: Diancie
|-singleturn|p2a: Diancie|Protect
|move|p1a: Metagross|Stealth Rock|p2a: Diancie
|move|p2a: Diancie|Stealth Rock|p1a: Metagross|[from]Magic Bounce
|-fail|p1a: Metagross
|
|turn|28
|
|switch|p2a: Latios|Latios, M|5\/299
|move|p1a: Metagross|Stealth Rock|p2a: Latios
|-sidestart|p2: Mega Magic Bounce|move: Stealth Rock
|
|turn|29
|
|move|p2a: Latios|Defog|p1a: Metagross
|-unboost|p1a: Metagross|evasion|1
|-sideend|p1: Darth Venomous|Stealth Rock|[from] move: Defog|[of] p1a: Metagross
|-sideend|p2: Mega Magic Bounce|Stealth Rock|[from] move: Defog|[of] p2a: Latios
|move|p1a: Metagross|Iron Head|p2a: Latios
|-damage|p2a: Latios|0 fnt
|faint|p2a: Latios
|
|
|switch|p2a: Heatran|Heatran, M|323\/323
|-item|p2a: Heatran|Air Balloon
|turn|30
|
|switch|p1a: Jellicent|Jellicent, F|318\/404
|move|p2a: Heatran|Stealth Rock|p1a: Jellicent
|-sidestart|p1: Darth Venomous|move: Stealth Rock
|
|-heal|p1a: Jellicent|343\/404|[from] item: Leftovers
|turn|31
|
|switch|p2a: Kyurem-Black|Kyurem-Black|257\/391
|-ability|p2a: Kyurem-Black|Teravolt
|move|p1a: Jellicent|Confuse Ray|p2a: Kyurem-Black
|-start|p2a: Kyurem-Black|confusion
|
|-heal|p1a: Jellicent|368\/404|[from] item: Leftovers
|turn|32
|
|switch|p2a: Diancie|Diancie-Mega|126\/241
|switch|p1a: Metagross|Metagross-Mega|336\/364
|-damage|p1a: Metagross|314\/364|[from] Stealth Rock
|
|turn|33
|
|move|p2a: Diancie|Earth Power|p1a: Metagross
|-supereffective|p1a: Metagross
|-damage|p1a: Metagross|146\/364
|move|p1a: Metagross|Iron Head|p2a: Diancie
|-crit|p2a: Diancie
|-supereffective|p2a: Diancie
|-damage|p2a: Diancie|0 fnt
|faint|p2a: Diancie
|
|
|switch|p2a: Gengar|Gengar, F|91\/259
|turn|34
|
|switch|p1a: Hitmontop|Hitmontop, M|118\/300
|-damage|p1a: Hitmontop|100\/300|[from] Stealth Rock
|-ability|p1a: Hitmontop|Intimidate|[of] p2a: Gengar
|-unboost|p2a: Gengar|atk|1
|move|p2a: Gengar|Shadow Ball|p1a: Hitmontop
|-damage|p1a: Hitmontop|0 fnt
|-damage|p2a: Gengar|66\/259|[from] item: Life Orb
|faint|p1a: Hitmontop
|
|
|switch|p1a: Raikou|Raikou|261\/321
|-damage|p1a: Raikou|221\/321|[from] Stealth Rock
|-ability|p1a: Raikou|Pressure
|turn|35
|
|move|p1a: Raikou|Thunderbolt|p2a: Gengar
|-damage|p2a: Gengar|0 fnt
|faint|p2a: Gengar
|
|-heal|p1a: Raikou|241\/321|[from] item: Leftovers
|
|switch|p2a: Heatran|Heatran, M|323\/323
|-item|p2a: Heatran|Air Balloon
|turn|36
|
|move|p1a: Raikou|Calm Mind|p1a: Raikou
|-boost|p1a: Raikou|spa|1
|-boost|p1a: Raikou|spd|1
|move|p2a: Heatran|Fire Blast|p1a: Raikou
|-damage|p1a: Raikou|105\/321
|
|-heal|p1a: Raikou|125\/321|[from] item: Leftovers
|turn|37
|
|move|p1a: Raikou|Thunderbolt|p2a: Heatran
|-damage|p2a: Heatran|98\/323
|-enditem|p2a: Heatran|Air Balloon
|move|p2a: Heatran|Fire Blast|p1a: Raikou
|-damage|p1a: Raikou|0 fnt
|faint|p1a: Raikou
|
|
|switch|p1a: Jellicent|Jellicent, F|368\/404
|-damage|p1a: Jellicent|318\/404|[from] Stealth Rock
|turn|38
|
|move|p2a: Heatran|Fire Blast|p1a: Jellicent
|-resisted|p1a: Jellicent
|-damage|p1a: Jellicent|230\/404
|move|p1a: Jellicent|Confuse Ray|p2a: Heatran
|-start|p2a: Heatran|confusion
|
|-heal|p1a: Jellicent|255\/404|[from] item: Leftovers
|turn|39
|
|-activate|p2a: Heatran|confusion
|move|p2a: Heatran|Earth Power|p1a: Jellicent
|-damage|p1a: Jellicent|148\/404
|move|p1a: Jellicent|Confuse Ray|p2a: Heatran
|-fail|p2a: Heatran
|
|-heal|p1a: Jellicent|173\/404|[from] item: Leftovers
|turn|40
|
|-activate|p2a: Heatran|confusion
|move|p2a: Heatran|Earth Power|p1a: Jellicent
|-damage|p1a: Jellicent|73\/404
|move|p1a: Jellicent|Recover|p1a: Jellicent
|-heal|p1a: Jellicent|275\/404
|
|-heal|p1a: Jellicent|300\/404|[from] item: Leftovers
|turn|41
|
|-end|p2a: Heatran|confusion
|move|p2a: Heatran|Earth Power|p1a: Jellicent
|-damage|p1a: Jellicent|201\/404
|move|p1a: Jellicent|Recover|p1a: Jellicent
|-heal|p1a: Jellicent|403\/404
|
|-heal|p1a: Jellicent|404\/404|[from] item: Leftovers
|turn|42
|
|move|p2a: Heatran|Earth Power|p1a: Jellicent
|-damage|p1a: Jellicent|294\/404
|move|p1a: Jellicent|Scald|p2a: Heatran
|-supereffective|p2a: Heatran
|-damage|p2a: Heatran|0 fnt
|faint|p2a: Heatran
|
|-heal|p1a: Jellicent|319\/404|[from] item: Leftovers
|
|switch|p2a: Kyurem-Black|Kyurem-Black|257\/391
|-ability|p2a: Kyurem-Black|Teravolt
|turn|43
|
|switch|p1a: Gliscor|Gliscor, M|291\/291
|-damage|p1a: Gliscor|255\/291|[from] Stealth Rock
|move|p2a: Kyurem-Black|Ice Beam|p1a: Gliscor
|-supereffective|p1a: Gliscor
|-damage|p1a: Gliscor|0 fnt
|faint|p1a: Gliscor
|
|
|switch|p1a: Metagross|Metagross-Mega|146\/364
|-damage|p1a: Metagross|124\/364|[from] Stealth Rock
|turn|44
|
|move|p2a: Kyurem-Black|Ice Beam|p1a: Metagross
|-resisted|p1a: Metagross
|-damage|p1a: Metagross|78\/364
|-status|p1a: Metagross|frz
|cant|p1a: Metagross|frz
|
|turn|45
|c|âDarth Venomous|fuck u
|
|switch|p1a: Jellicent|Jellicent, F|319\/404
|-damage|p1a: Jellicent|269\/404|[from] Stealth Rock
|move|p2a: Kyurem-Black|Ice Beam|p1a: Jellicent
|-resisted|p1a: Jellicent
|-damage|p1a: Jellicent|205\/404
|
|-heal|p1a: Jellicent|230\/404|[from] item: Leftovers
|turn|46
|c|âMega Magic Bounce|may i direct you to turn 20
|c|âMega Magic Bounce|you get no sympathy from me
|
|switch|p2a: Azumarill|Azumarill, F|364\/364
|move|p1a: Jellicent|Confuse Ray|p2a: Azumarill
|-start|p2a: Azumarill|confusion
|
|-heal|p1a: Jellicent|255\/404|[from] item: Leftovers
|turn|47
|c|âDarth Venomous|sympathy my ass
|c|âDarth Venomous|fuck u
|c|âDarth Venomous|who want that shit from u
|
|-activate|p2a: Azumarill|confusion
|move|p2a: Azumarill|Knock Off|p1a: Jellicent
|-supereffective|p1a: Jellicent
|-damage|p1a: Jellicent|21\/404
|-enditem|p1a: Jellicent|Leftovers|[from] move: Knock Off|[of] p2a: Azumarill
|move|p1a: Jellicent|Recover|p1a: Jellicent
|-heal|p1a: Jellicent|223\/404
|
|turn|48
|c|âMega Magic Bounce|dude, calm tf down
|
|switch|p2a: Kyurem-Black|Kyurem-Black|257\/391
|-ability|p2a: Kyurem-Black|Teravolt
|move|p1a: Jellicent|Recover|p1a: Jellicent
|-heal|p1a: Jellicent|404\/404
|
|turn|49
|
|switch|p1a: Metagross|Metagross-Mega|78\/364 frz
|-damage|p1a: Metagross|56\/364 frz|[from] Stealth Rock
|move|p2a: Kyurem-Black|Fusion Bolt|p1a: Metagross
|-damage|p1a: Metagross|0 fnt
|faint|p1a: Metagross
|
|
|switch|p1a: Umbreon|Umbreon, M|286\/394
|-damage|p1a: Umbreon|237\/394|[from] Stealth Rock
|turn|50
|c|âDarth Venomous|no u clm the fuck down
|c|âDarth Venomous|trsh ass gme
|-message|Darth Venomous forfeited.
|
|win|Mega Magic Bounce
|raw|Ladder updating...
|leave|Darth Venomous
|player|p1
|raw|Darth Venomous's rating: 1399 &rarr; <strong>1378<\/strong><br \/>(-21 for losing)
|raw|Mega Magic Bounce's rating: 1385 &rarr; <strong>1406<\/strong><br \/>(+21 for winning)