|join|Acemanassasin
|join|iDerpz
|player|p1|Acemanassasin|266
|player|p2|iDerpz|124
|gametype|singles
|gen|6
|tier|UU
|rated
|clearpoke
|poke|p1|Aggron, M
|poke|p1|Yanmega, M
|poke|p1|Ambipom, M
|poke|p1|Mew
|poke|p1|Jolteon, F
|poke|p1|Starmie
|poke|p2|Yanmega, M, shiny
|poke|p2|Clawitzer, M, shiny
|poke|p2|Sableye, M, shiny
|poke|p2|Slaking, F, shiny
|poke|p2|Abomasnow, F, shiny
|poke|p2|Aggron, F, shiny
|rule|Sleep Clause Mod: Limit one foe put to sleep
|rule|Species Clause: Limit one of each Pokemon
|rule|OHKO Clause: OHKO moves are banned
|rule|Moody Clause: Moody is banned
|rule|Evasion Moves Clause: Evasion moves are banned
|rule|Endless Battle Clause: Forcing endless battles is banned.
|rule|HP Percentage Mod: HP is reported as percentages
|teampreview
|
|start
|switch|p1a: Mew|Mew|404\/404
|switch|p2a: Sableye-Mega|Sableye, M, shiny|304\/304
|turn|1
|
|move|p2a: Sableye-Mega|Taunt|p1a: Mew
|-start|p1a: Mew|move: Taunt
|move|p1a: Mew|Knock Off|p2a: Sableye-Mega
|-damage|p2a: Sableye-Mega|208\/304
|-enditem|p2a: Sableye-Mega|Leftovers|[from] move: Knock Off|[of] p1a: Mew
|
|turn|2
|
|move|p2a: Sableye-Mega|Will-O-Wisp|p1a: Mew
|-status|p1a: Mew|brn
|-status|p2a: Sableye-Mega|brn
|move|p1a: Mew|U-turn|p2a: Sableye-Mega
|-damage|p2a: Sableye-Mega|175\/304 brn
|
|switch|p1a: Starmie|Starmie|262\/262
|
|-damage|p2a: Sableye-Mega|137\/304 brn|[from] brn
|turn|3
|
|move|p2a: Sableye-Mega|Will-O-Wisp|p1a: Starmie
|-status|p1a: Starmie|brn
|move|p1a: Starmie|Dazzling Gleam|p2a: Sableye-Mega
|-supereffective|p2a: Sableye-Mega
|-damage|p2a: Sableye-Mega|0 fnt
|-damage|p1a: Starmie|236\/262 brn|[from] item: Life Orb
|faint|p2a: Sableye-Mega
|
|-damage|p1a: Starmie|204\/262 brn|[from] brn
|
|switch|p2a: Clawitzer-Mega|Clawitzer, M, shiny|283\/283
|turn|4
|
|switch|p1a: Mew|Mew|404\/404 brn
|move|p2a: Clawitzer-Mega|Dark Pulse|p1a: Mew
|-supereffective|p1a: Mew
|-damage|p1a: Mew|110\/404 brn
|
|-heal|p1a: Mew|135\/404 brn|[from] item: Leftovers
|-damage|p1a: Mew|85\/404 brn|[from] brn
|turn|5
|
|move|p1a: Mew|Knock Off|p2a: Clawitzer-Mega
|-crit|p2a: Clawitzer-Mega
|-damage|p2a: Clawitzer-Mega|217\/283
|-enditem|p2a: Clawitzer-Mega|Choice Specs|[from] move: Knock Off|[of] p1a: Mew
|move|p2a: Clawitzer-Mega|Dark Pulse|p1a: Mew
|-supereffective|p1a: Mew
|-damage|p1a: Mew|0 fnt
|faint|p1a: Mew
|
|
|switch|p1a: Jolteon|Jolteon, F|272\/272
|turn|6
|
|switch|p2a: Abomasnow-No-Mega|Abomasnow, F, shiny|357\/357
|-weather|Hail
|move|p1a: Jolteon|Volt Switch|p2a: Abomasnow-No-Mega
|-resisted|p2a: Abomasnow-No-Mega
|-damage|p2a: Abomasnow-No-Mega|267\/357
|
|switch|p1a: Ambipom|Ambipom, M|292\/292
|
|-weather|Hail|[upkeep]
|-damage|p1a: Ambipom|274\/292|[from] hail
|turn|7
|
|switch|p2a: Aggron|Aggron, F, shiny|344\/344
|move|p1a: Ambipom|Fake Out|p2a: Aggron
|-resisted|p2a: Aggron
|-damage|p2a: Aggron|328\/344
|-damage|p1a: Ambipom|245\/292|[from] item: Life Orb
|
|-weather|Hail|[upkeep]
|-damage|p1a: Ambipom|227\/292|[from] hail
|-damage|p2a: Aggron|307\/344|[from] hail
|-heal|p2a: Aggron|328\/344|[from] item: Leftovers
|turn|8
|
|move|p1a: Ambipom|Power-Up Punch|p2a: Aggron
|-supereffective|p2a: Aggron
|-damage|p2a: Aggron|130\/344
|-boost|p1a: Ambipom|atk|1
|-damage|p1a: Ambipom|198\/292|[from] item: Life Orb
|move|p2a: Aggron|Head Smash|p1a: Ambipom
|-damage|p1a: Ambipom|0 fnt
|faint|p1a: Ambipom
|
|-weather|Hail|[upkeep]
|-damage|p2a: Aggron|109\/344|[from] hail
|-heal|p2a: Aggron|130\/344|[from] item: Leftovers
|
|switch|p1a: Starmie|Starmie|204\/262
|turn|9
|
|switch|p2a: Clawitzer-Mega|Clawitzer, M, shiny|217\/283
|move|p1a: Starmie|Scald|p2a: Clawitzer-Mega
|-resisted|p2a: Clawitzer-Mega
|-damage|p2a: Clawitzer-Mega|131\/283
|-damage|p1a: Starmie|178\/262|[from] item: Life Orb
|
|-weather|Hail|[upkeep]
|-damage|p1a: Starmie|162\/262|[from] hail
|-damage|p2a: Clawitzer-Mega|114\/283|[from] hail
|turn|10
|
|move|p1a: Starmie|Dazzling Gleam|p2a: Clawitzer-Mega
|-damage|p2a: Clawitzer-Mega|0 fnt
|-damage|p1a: Starmie|136\/262|[from] item: Life Orb
|faint|p2a: Clawitzer-Mega
|
|-weather|none
|
|switch|p2a: Abomasnow-No-Mega|Abomasnow, F, shiny|267\/357
|-weather|Hail
|turn|11
|
|switch|p1a: Aggron|Aggron, M|344\/344
|-formechange|p2a: Abomasnow-No-Mega|Abomasnow-Mega
|message|Abomasnow has Mega Evolved into Mega Abomasnow!
|move|p2a: Abomasnow-No-Mega|Wood Hammer|p1a: Aggron
|-damage|p1a: Aggron|226\/344
|-damage|p2a: Abomasnow-No-Mega|228\/357|[from] recoil|[of] p1a: Aggron
|
|-weather|Hail|[upkeep]
|-damage|p1a: Aggron|205\/344|[from] hail
|turn|12
|
|-formechange|p1a: Aggron|Aggron-Mega
|message|Aggron has Mega Evolved into Mega Aggron!
|move|p1a: Aggron|Stealth Rock|p2a: Abomasnow-No-Mega
|-sidestart|p2: iDerpz|move: Stealth Rock
|move|p2a: Abomasnow-No-Mega|Earthquake|p1a: Aggron
|-supereffective|p1a: Aggron
|-damage|p1a: Aggron|120\/344
|
|-weather|Hail|[upkeep]
|-damage|p1a: Aggron|99\/344|[from] hail
|turn|13
|
|switch|p2a: Aggron|Aggron, F, shiny|130\/344
|-damage|p2a: Aggron|109\/344|[from] Stealth Rock
|move|p1a: Aggron|Thunder Wave|p2a: Aggron
|-status|p2a: Aggron|par
|
|-weather|Hail|[upkeep]
|-damage|p1a: Aggron|78\/344|[from] hail
|-damage|p2a: Aggron|88\/344 par|[from] hail
|-heal|p2a: Aggron|109\/344 par|[from] item: Leftovers
|turn|14
|
|switch|p1a: Yanmega|Yanmega, M|314\/314
|move|p2a: Aggron|Earthquake|p1a: Yanmega
|-immune|p1a: Yanmega|[msg]
|
|-weather|Hail|[upkeep]
|-damage|p1a: Yanmega|295\/314|[from] hail
|-damage|p2a: Aggron|88\/344 par|[from] hail
|-heal|p2a: Aggron|109\/344 par|[from] item: Leftovers
|turn|15
|join|Jackcat136
|chat|iDerpz|hay jack
|
|move|p1a: Yanmega|Protect|p1a: Yanmega
|-singleturn|p1a: Yanmega|Protect
|move|p2a: Aggron|Head Smash|p1a: Yanmega
|-activate|p1a: Yanmega|Protect
|
|-weather|none
|-heal|p2a: Aggron|130\/344 par|[from] item: Leftovers
|-boost|p1a: Yanmega|spe|1|[from] ability: Speed Boost
|turn|16
|chat|Jackcat136|Hey
|chat|Jackcat136|New team I see :I
|
|move|p1a: Yanmega|Air Slash|p2a: Aggron
|-resisted|p2a: Aggron
|-damage|p2a: Aggron|90\/344 par
|cant|p2a: Aggron|par
|
|-heal|p2a: Aggron|111\/344 par|[from] item: Leftovers
|-boost|p1a: Yanmega|spe|1|[from] ability: Speed Boost
|turn|17
|chat|iDerpz|im bored so i made one
|chat|Jackcat136|Oh, thats why you were asking Aggron or Klinklank lol
|chat|iDerpz|omg
|chat|iDerpz|yeah xD
|chat|Jackcat136|You never change your team xD
|
|move|p1a: Yanmega|Bug Buzz|p2a: Aggron
|-resisted|p2a: Aggron
|-damage|p2a: Aggron|24\/344 par
|move|p2a: Aggron|Head Smash|p1a: Yanmega
|-supereffective|p1a: Yanmega
|-damage|p1a: Yanmega|0 fnt
|faint|p1a: Yanmega
|
|-heal|p2a: Aggron|45\/344 par|[from] item: Leftovers
|
|switch|p1a: Jolteon|Jolteon, F|272\/272
|turn|18
|chat|iDerpz|i rarely change mine tho
|
|move|p1a: Jolteon|Thunderbolt|p2a: Aggron
|-damage|p2a: Aggron|0 fnt
|faint|p2a: Aggron
|
|
|switch|p2a: Slaking-Mega|Slaking, F, shiny|442\/442
|-damage|p2a: Slaking-Mega|387\/442|[from] Stealth Rock
|turn|19
|
|move|p1a: Jolteon|Thunderbolt|p2a: Slaking-Mega
|-damage|p2a: Slaking-Mega|63\/442
|move|p2a: Slaking-Mega|Giga Impact|p1a: Jolteon
|-damage|p1a: Jolteon|0 fnt
|faint|p1a: Jolteon
|
|chat|iDerpz|omfg
|
|switch|p1a: Aggron|Aggron, M|78\/344
|-formechange|p1a: Aggron|Aggron-Mega
|turn|20
|
|cant|p2a: Slaking-Mega|ability: Truant|recharge
|move|p1a: Aggron|Heavy Slam|p2a: Slaking-Mega
|-damage|p2a: Slaking-Mega|0 fnt
|faint|p2a: Slaking-Mega
|
|
|switch|p2a: Abomasnow-No-Mega|Abomasnow, F, shiny|228\/357
|-formechange|p2a: Abomasnow-No-Mega|Abomasnow-Mega
|-damage|p2a: Abomasnow-No-Mega|139\/357|[from] Stealth Rock
|-weather|Hail
|turn|21
|
|move|p1a: Aggron|Heavy Slam|p2a: Abomasnow-No-Mega
|-supereffective|p2a: Abomasnow-No-Mega
|-damage|p2a: Abomasnow-No-Mega|0 fnt
|faint|p2a: Abomasnow-No-Mega
|
|-weather|Hail|[upkeep]
|-damage|p1a: Aggron|57\/344|[from] hail
|
|switch|p2a: Yanmega-Mega|Yanmega, M, shiny|314\/314
|-damage|p2a: Yanmega-Mega|157\/314|[from] Stealth Rock
|turn|22
|
|move|p2a: Yanmega-Mega|Protect|p2a: Yanmega-Mega
|-singleturn|p2a: Yanmega-Mega|Protect
|move|p1a: Aggron|Thunder Wave|p2a: Yanmega-Mega
|-activate|p2a: Yanmega-Mega|Protect
|
|-weather|Hail|[upkeep]
|-damage|p2a: Yanmega-Mega|138\/314|[from] hail
|-damage|p1a: Aggron|36\/344|[from] hail
|-boost|p2a: Yanmega-Mega|spe|1|[from] ability: Speed Boost
|turn|23
|chat|Jackcat136|Yanmega Mega xC
|chat|iDerpz|ik :D
|
|move|p2a: Yanmega-Mega|Bug Buzz|p1a: Aggron
|-resisted|p1a: Aggron
|-damage|p1a: Aggron|0 fnt
|-damage|p2a: Yanmega-Mega|107\/314|[from] item: Life Orb
|faint|p1a: Aggron
|
|-weather|Hail|[upkeep]
|-damage|p2a: Yanmega-Mega|88\/314|[from] hail
|-boost|p2a: Yanmega-Mega|spe|1|[from] ability: Speed Boost
|
|switch|p1a: Starmie|Starmie|136\/262
|turn|24
|
|move|p2a: Yanmega-Mega|Protect|p2a: Yanmega-Mega
|-singleturn|p2a: Yanmega-Mega|Protect
|move|p1a: Starmie|Power Gem|p2a: Yanmega-Mega
|-activate|p2a: Yanmega-Mega|Protect
|
|-weather|Hail|[upkeep]
|-damage|p2a: Yanmega-Mega|69\/314|[from] hail
|-damage|p1a: Starmie|120\/262|[from] hail
|-boost|p2a: Yanmega-Mega|spe|1|[from] ability: Speed Boost
|turn|25
|chat|iDerpz|gg :]
|chat|Acemanassasin|gg
|
|move|p2a: Yanmega-Mega|Bug Buzz|p1a: Starmie
|-supereffective|p1a: Starmie
|-damage|p1a: Starmie|0 fnt
|-damage|p2a: Yanmega-Mega|38\/314|[from] item: Life Orb
|faint|p1a: Starmie
|
|win|iDerpz
|raw|Ladder updating...
|raw|Acemanassasin's rating: 1273 &rarr; <strong>1242<\/strong><br \/>(-31 for losing)
|raw|iDerpz's rating: 1198 &rarr; <strong>1228<\/strong><br \/>(+30 for winning)
|chat|Jackcat136|Gg
|leave|Jackcat136
|leave|iDerpz
|player|p2
|leave|Acemanassasin
|player|p1
|join|iDerpz
|leave|iDerpz
|join|iDerpz