|join|zmcd
|join|Acemanassasin
|player|p1|zmcd|124
|player|p2|Acemanassasin|101
|gametype|singles
|gen|6
|tier|UU
|rated
|rule|Sleep Clause Mod: Limit one foe put to sleep
|rule|Species Clause: Limit one of each PokÃ©mon
|rule|OHKO Clause: OHKO moves are banned
|rule|Moody Clause: Moody is banned
|rule|Evasion Moves Clause: Evasion moves are banned
|rule|Endless Battle Clause: Forcing endless battles is banned
|rule|HP Percentage Mod: HP is shown in percentages
|clearpoke
|poke|p1|Blissey, F
|poke|p1|Cloyster, M, shiny
|poke|p1|Absol, F
|poke|p1|Chandelure, F
|poke|p1|Chesnaught, M
|poke|p1|Mew, shiny
|poke|p2|Honchkrow, F
|poke|p2|Blissey, F
|poke|p2|Darmanitan, F
|poke|p2|Sableye, F
|poke|p2|Blastoise, F
|poke|p2|Rotom-Mow
|rule|Swagger Clause: Swagger is banned
|rule|Baton Pass Clause: Limit one PokÃ©mon knowing Baton Pass
|teampreview
|
|start
|switch|p1a: Chesnaught|Chesnaught, M|347\/347
|switch|p2a: Rotom-Mow|Rotom-Mow|242\/242
|turn|1
|
|move|p1a: Chesnaught|Poison Jab|p2a: Rotom-Mow
|-supereffective|p2a: Rotom-Mow
|-damage|p2a: Rotom-Mow|114\/242
|move|p2a: Rotom-Mow|Trick|p1a: Chesnaught
|-activate|p2a: Rotom-Mow|move: Trick|[of] p1a: Chesnaught
|-item|p1a: Chesnaught|Choice Specs|[from] move: Trick
|-item|p2a: Rotom-Mow|Choice Scarf|[from] move: Trick
|
|turn|2
|
|move|p2a: Rotom-Mow|Volt Switch|p1a: Chesnaught
|-resisted|p1a: Chesnaught
|-damage|p1a: Chesnaught|298\/347
|
|switch|p2a: Sableye|Sableye, F|304\/304
|move|p1a: Chesnaught|Taunt|p2a: Sableye
|-start|p2a: Sableye|move: Taunt
|
|turn|3
|
|switch|p1a: Absol|Absol, F|297\/297
|switch|p2a: Darmanitan|Darmanitan, F|351\/351
|
|turn|4
|
|detailschange|p1a: Absol|Absol-Mega, F
|message|Absol has Mega Evolved into Mega Absol!
|move|p2a: Darmanitan|U-turn|p1a: Absol
|-supereffective|p1a: Absol
|-damage|p1a: Absol|75\/297
|
|switch|p2a: Sableye|Sableye, F|304\/304
|move|p1a: Absol|Swords Dance|p1a: Absol
|-boost|p1a: Absol|atk|2
|
|turn|5
|
|move|p1a: Absol|Knock Off|p2a: Sableye
|-damage|p2a: Sableye|0 fnt
|-enditem|p2a: Sableye|Leftovers|[from] move: Knock Off|[of] p1a: Absol
|faint|p2a: Sableye
|
|
|switch|p2a: Honchkrow|Honchkrow, F|390\/390
|turn|6
|
|move|p1a: Absol|Sucker Punch|p2a: Honchkrow
|-resisted|p2a: Honchkrow
|-damage|p2a: Honchkrow|132\/390
|move|p2a: Honchkrow|Sucker Punch|p1a: Absol
|-fail|p1a: Absol
|
|-heal|p2a: Honchkrow|156\/390|[from] item: Leftovers
|turn|7
|
|move|p1a: Absol|Sucker Punch|p2a: Honchkrow
|-fail|p2a: Honchkrow
|move|p2a: Honchkrow|Substitute|p2a: Honchkrow
|-start|p2a: Honchkrow|Substitute
|-damage|p2a: Honchkrow|59\/390
|
|-heal|p2a: Honchkrow|83\/390|[from] item: Leftovers
|turn|8
|
|move|p1a: Absol|Sucker Punch|p2a: Honchkrow
|-fail|p2a: Honchkrow
|move|p2a: Honchkrow|Roost|p2a: Honchkrow
|-heal|p2a: Honchkrow|278\/390
|
|-heal|p2a: Honchkrow|302\/390|[from] item: Leftovers
|turn|9
|
|move|p1a: Absol|Sucker Punch|p2a: Honchkrow
|-resisted|p2a: Honchkrow
|-end|p2a: Honchkrow|Substitute
|move|p2a: Honchkrow|Sucker Punch|p1a: Absol
|-fail|p1a: Absol
|
|-heal|p2a: Honchkrow|326\/390|[from] item: Leftovers
|turn|10
|
|move|p1a: Absol|Swords Dance|p1a: Absol
|-boost|p1a: Absol|atk|2
|move|p2a: Honchkrow|Substitute|p2a: Honchkrow
|-start|p2a: Honchkrow|Substitute
|-damage|p2a: Honchkrow|229\/390
|
|-heal|p2a: Honchkrow|253\/390|[from] item: Leftovers
|turn|11
|
|move|p1a: Absol|Sucker Punch|p2a: Honchkrow
|-resisted|p2a: Honchkrow
|-end|p2a: Honchkrow|Substitute
|move|p2a: Honchkrow|Brave Bird|p1a: Absol
|-damage|p1a: Absol|0 fnt
|-damage|p2a: Honchkrow|228\/390|[from] recoil|[of] p1a: Absol
|faint|p1a: Absol
|-boost|p2a: Honchkrow|atk|1|[from] ability: Moxie
|
|-heal|p2a: Honchkrow|252\/390|[from] item: Leftovers
|
|switch|p1a: Chandelure|Chandelure, F|262\/262
|turn|12
|
|move|p2a: Honchkrow|Sucker Punch|p1a: Chandelure
|-supereffective|p1a: Chandelure
|-damage|p1a: Chandelure|0 fnt
|faint|p1a: Chandelure
|-boost|p2a: Honchkrow|atk|1|[from] ability: Moxie
|
|-heal|p2a: Honchkrow|276\/390|[from] item: Leftovers
|
|switch|p1a: Cloyster|Cloyster, M, shiny|304\/304
|turn|13
|
|move|p2a: Honchkrow|Brave Bird|p1a: Cloyster
|-damage|p1a: Cloyster|55\/304
|-damage|p2a: Honchkrow|194\/390|[from] recoil|[of] p1a: Cloyster
|move|p1a: Cloyster|Shell Smash|p1a: Cloyster
|-boost|p1a: Cloyster|atk|2
|-boost|p1a: Cloyster|spa|2
|-boost|p1a: Cloyster|spe|2
|-unboost|p1a: Cloyster|def|1
|-unboost|p1a: Cloyster|spd|1
|-enditem|p1a: Cloyster|White Herb
|-restoreboost|p1a: Cloyster|[silent]
|
|-heal|p2a: Honchkrow|218\/390|[from] item: Leftovers
|turn|14
|
|move|p1a: Cloyster|Ice Shard|p2a: Honchkrow
|-supereffective|p2a: Honchkrow
|-damage|p2a: Honchkrow|0 fnt
|faint|p2a: Honchkrow
|
|
|switch|p2a: Blastoise|Blastoise, F|362\/362
|turn|15
|
|switch|p1a: Blissey|Blissey, F|714\/714
|detailschange|p2a: Blastoise|Blastoise-Mega, F
|message|Blastoise has Mega Evolved into Mega Blastoise!
|move|p2a: Blastoise|Dark Pulse|p1a: Blissey
|-damage|p1a: Blissey|594\/714
|
|-heal|p1a: Blissey|638\/714|[from] item: Leftovers
|turn|16
|
|switch|p2a: Rotom-Mow|Rotom-Mow|114\/242
|move|p1a: Blissey|Stealth Rock|p2a: Rotom-Mow
|-sidestart|p2: Acemanassasin|move: Stealth Rock
|
|-heal|p1a: Blissey|682\/714|[from] item: Leftovers
|turn|17
|
|switch|p1a: Cloyster|Cloyster, M, shiny|55\/304
|move|p2a: Rotom-Mow|Volt Switch|p1a: Cloyster
|-supereffective|p1a: Cloyster
|-damage|p1a: Cloyster|0 fnt
|faint|p1a: Cloyster
|
|switch|p2a: Darmanitan|Darmanitan, F|351\/351
|-damage|p2a: Darmanitan|264\/351|[from] Stealth Rock
|
|
|switch|p1a: Mew|Mew, shiny|371\/371
|turn|18
|
|move|p2a: Darmanitan|U-turn|p1a: Mew
|-supereffective|p1a: Mew
|-damage|p1a: Mew|195\/371
|
|switch|p2a: Blissey|Blissey, F|714\/714
|-damage|p2a: Blissey|625\/714|[from] Stealth Rock
|move|p1a: Mew|Psyshock|p2a: Blissey
|-damage|p2a: Blissey|442\/714
|
|-heal|p1a: Mew|218\/371|[from] item: Leftovers
|-heal|p2a: Blissey|486\/714|[from] item: Leftovers
|turn|19
|
|move|p1a: Mew|Nasty Plot|p1a: Mew
|-boost|p1a: Mew|spa|2
|move|p2a: Blissey|Stealth Rock|p1a: Mew
|-sidestart|p1: zmcd|move: Stealth Rock
|
|-heal|p1a: Mew|241\/371|[from] item: Leftovers
|-heal|p2a: Blissey|530\/714|[from] item: Leftovers
|turn|20
|
|move|p1a: Mew|Giga Drain|p2a: Blissey
|-damage|p2a: Blissey|431\/714
|-heal|p1a: Mew|291\/371|[from] drain|[of] p2a: Blissey
|move|p2a: Blissey|Toxic|p1a: Mew
|-status|p1a: Mew|tox
|-status|p2a: Blissey|tox
|
|-heal|p1a: Mew|314\/371 tox|[from] item: Leftovers
|-heal|p2a: Blissey|475\/714 tox|[from] item: Leftovers
|-damage|p1a: Mew|291\/371 tox|[from] psn
|-damage|p2a: Blissey|431\/714 tox|[from] psn
|turn|21
|
|move|p1a: Mew|Nasty Plot|p1a: Mew
|-boost|p1a: Mew|spa|2
|move|p2a: Blissey|Soft-Boiled|p2a: Blissey
|-heal|p2a: Blissey|714\/714 tox
|
|-heal|p1a: Mew|314\/371 tox|[from] item: Leftovers
|-damage|p1a: Mew|268\/371 tox|[from] psn
|-damage|p2a: Blissey|626\/714 tox|[from] psn
|turn|22
|
|move|p1a: Mew|Psyshock|p2a: Blissey
|-damage|p2a: Blissey|91\/714 tox
|move|p2a: Blissey|Seismic Toss|p1a: Mew
|-damage|p1a: Mew|168\/371 tox
|
|-heal|p1a: Mew|191\/371 tox|[from] item: Leftovers
|-heal|p2a: Blissey|135\/714 tox|[from] item: Leftovers
|-damage|p1a: Mew|122\/371 tox|[from] psn
|-damage|p2a: Blissey|3\/714 tox|[from] psn
|turn|23
|
|move|p1a: Mew|Giga Drain|p2a: Blissey
|-damage|p2a: Blissey|0 fnt
|-heal|p1a: Mew|124\/371 tox|[from] drain|[of] p2a: Blissey
|faint|p2a: Blissey
|
|-heal|p1a: Mew|147\/371 tox|[from] item: Leftovers
|-damage|p1a: Mew|55\/371 tox|[from] psn
|
|switch|p2a: Darmanitan|Darmanitan, F|264\/351
|-damage|p2a: Darmanitan|177\/351|[from] Stealth Rock
|turn|24
|
|move|p2a: Darmanitan|Flare Blitz|p1a: Mew
|-damage|p1a: Mew|0 fnt
|-damage|p2a: Darmanitan|159\/351|[from] recoil|[of] p1a: Mew
|faint|p1a: Mew
|
|
|switch|p1a: Blissey|Blissey, F|682\/714
|-damage|p1a: Blissey|593\/714|[from] Stealth Rock
|turn|25
|
|switch|p2a: Rotom-Mow|Rotom-Mow|114\/242
|-damage|p2a: Rotom-Mow|84\/242|[from] Stealth Rock
|move|p1a: Blissey|Thunder Wave|p2a: Rotom-Mow
|-fail|p2a: Rotom-Mow
|
|-heal|p1a: Blissey|637\/714|[from] item: Leftovers
|turn|26
|
|move|p2a: Rotom-Mow|Trick|p1a: Blissey
|-activate|p2a: Rotom-Mow|move: Trick|[of] p1a: Blissey
|-item|p1a: Blissey|Choice Scarf|[from] move: Trick
|-item|p2a: Rotom-Mow|Leftovers|[from] move: Trick
|move|p1a: Blissey|Wish|p1a: Blissey
|
|-heal|p2a: Rotom-Mow|99\/242|[from] item: Leftovers
|turn|27
|
|switch|p1a: Chesnaught|Chesnaught, M|298\/347
|-damage|p1a: Chesnaught|277\/347|[from] Stealth Rock
|move|p2a: Rotom-Mow|Volt Switch|p1a: Chesnaught
|-resisted|p1a: Chesnaught
|-damage|p1a: Chesnaught|226\/347
|
|switch|p2a: Darmanitan|Darmanitan, F|159\/351
|-damage|p2a: Darmanitan|72\/351|[from] Stealth Rock
|
|-heal|p1a: Chesnaught|347\/347|[from] move: Wish|[wisher] Blissey
|turn|28
|
|switch|p1a: Blissey|Blissey, F|637\/714
|-damage|p1a: Blissey|548\/714|[from] Stealth Rock
|move|p2a: Darmanitan|Flare Blitz|p1a: Blissey
|-damage|p1a: Blissey|47\/714
|-damage|p2a: Darmanitan|0 fnt|[from] recoil|[of] p1a: Blissey
|faint|p2a: Darmanitan
|
|join|scien9932
|
|switch|p2a: Blastoise|Blastoise-Mega, F|362\/362
|-damage|p2a: Blastoise|317\/362|[from] Stealth Rock
|turn|29
|
|move|p1a: Blissey|Thunder Wave|p2a: Blastoise
|-status|p2a: Blastoise|par
|move|p2a: Blastoise|Rapid Spin|p1a: Blissey
|-damage|p1a: Blissey|20\/714
|-sideend|p2: Acemanassasin|Stealth Rock|[from] move: Rapid Spin|[of] p2a: Blastoise
|
|turn|30
|
|move|p1a: Blissey|Thunder Wave|p2a: Blastoise
|-fail|p2a: Blastoise|par
|cant|p2a: Blastoise|par
|
|turn|31
|
|move|p1a: Blissey|Thunder Wave|p2a: Blastoise
|-fail|p2a: Blastoise|par
|cant|p2a: Blastoise|par
|
|turn|32
|
|move|p1a: Blissey|Thunder Wave|p2a: Blastoise
|-fail|p2a: Blastoise|par
|move|p2a: Blastoise|Ice Beam|p1a: Blissey
|-damage|p1a: Blissey|0 fnt
|faint|p1a: Blissey
|
|
|switch|p1a: Chesnaught|Chesnaught, M|347\/347
|-damage|p1a: Chesnaught|326\/347|[from] Stealth Rock
|turn|33
|
|move|p1a: Chesnaught|Wood Hammer|p2a: Blastoise
|-crit|p2a: Blastoise
|-supereffective|p2a: Blastoise
|-damage|p2a: Blastoise|0 fnt
|-damage|p1a: Chesnaught|221\/347|[from] recoil|[of] p2a: Blastoise
|faint|p2a: Blastoise
|
|
|switch|p2a: Rotom-Mow|Rotom-Mow|99\/242
|turn|34
|
|move|p2a: Rotom-Mow|Thunderbolt|p1a: Chesnaught
|-resisted|p1a: Chesnaught
|-damage|p1a: Chesnaught|148\/347
|move|p1a: Chesnaught|Wood Hammer|p2a: Rotom-Mow
|-crit|p2a: Rotom-Mow
|-resisted|p2a: Rotom-Mow
|-damage|p2a: Rotom-Mow|0 fnt
|-damage|p1a: Chesnaught|115\/347|[from] recoil|[of] p2a: Rotom-Mow
|faint|p2a: Rotom-Mow
|
|win|zmcd
|raw|Ladder updating...
|raw|zmcd's rating: 1366 &rarr; <strong>1384<\/strong><br \/>(+18 for winning)
|raw|Acemanassasin's rating: 1332 &rarr; <strong>1314<\/strong><br \/>(-18 for losing)
|c|âAcemanassasin|WOW
|leave|Acemanassasin
|player|p2
|leave|zmcd
|player|p1