|join|Doouchebag
|join|Acemanassasin
|player|p1|Doouchebag|266
|player|p2|Acemanassasin|169
|gametype|singles
|gen|6
|tier|UU
|rated
|rule|Sleep Clause Mod: Limit one foe put to sleep
|rule|Species Clause: Limit one of each PokÃ©mon
|rule|OHKO Clause: OHKO moves are banned
|rule|Moody Clause: Moody is banned
|rule|Evasion Moves Clause: Evasion moves are banned
|rule|Endless Battle Clause: Forcing endless battles is banned
|rule|HP Percentage Mod: HP is shown in percentages
|clearpoke
|poke|p1|Victini
|poke|p1|Aggron, F
|poke|p1|Vaporeon, M
|poke|p1|Hydreigon, F
|poke|p1|Mienshao, F
|poke|p1|Donphan, F
|poke|p2|Mienshao, F
|poke|p2|Porygon-Z
|poke|p2|Milotic, M
|poke|p2|Donphan, M
|poke|p2|Noivern, M
|poke|p2|Celebi
|rule|Swagger Clause: Swagger is banned
|rule|Baton Pass Clause: Limit one PokÃ©mon knowing Baton Pass
|teampreview
|c|âAcemanassasin|wait i thought victini was bl?
|
|start
|switch|p1a: Aggron|Aggron, F|344\/344
|switch|p2a: Mienshao|Mienshao, F|271\/271
|turn|1
|
|detailschange|p1a: Aggron|Aggron-Mega, F
|message|Aggron has Mega Evolved into Mega Aggron!
|move|p2a: Mienshao|Fake Out|p1a: Aggron
|-resisted|p1a: Aggron
|-damage|p1a: Aggron|334\/344
|cant|p1a: Aggron|flinch
|
|turn|2
|
|switch|p2a: Milotic|Milotic, M|394\/394
|move|p1a: Aggron|Heavy Slam|p2a: Milotic
|-resisted|p2a: Milotic
|-damage|p2a: Milotic|345\/394
|
|-heal|p2a: Milotic|369\/394|[from] item: Leftovers
|turn|3
|
|switch|p1a: Vaporeon|Vaporeon, M|464\/464
|move|p2a: Milotic|Dragon Tail|p1a: Vaporeon|[miss]
|-miss|p2a: Milotic|p1a: Vaporeon
|
|-heal|p2a: Milotic|393\/394|[from] item: Leftovers
|turn|4
|
|move|p1a: Vaporeon|Toxic|p2a: Milotic
|-status|p2a: Milotic|tox
|move|p2a: Milotic|Dragon Tail|p1a: Vaporeon
|-damage|p1a: Vaporeon|435\/464
|drag|p1a: Mienshao|Mienshao, F|271\/271
|
|-heal|p2a: Milotic|394\/394 tox|[from] item: Leftovers
|-damage|p2a: Milotic|370\/394 tox|[from] psn
|turn|5
|c|âAcemanassasin|victini is BL!?
|
|move|p1a: Mienshao|Knock Off|p2a: Milotic
|-crit|p2a: Milotic
|-damage|p2a: Milotic|218\/394 tox
|-enditem|p2a: Milotic|Leftovers|[from] move: Knock Off|[of] p1a: Mienshao
|-damage|p1a: Mienshao|244\/271|[from] item: Life Orb
|move|p2a: Milotic|Scald|p1a: Mienshao
|-damage|p1a: Mienshao|94\/271
|-status|p1a: Mienshao|brn
|
|-damage|p1a: Mienshao|61\/271 brn|[from] brn
|-damage|p2a: Milotic|170\/394 tox|[from] psn
|turn|6
|
|move|p1a: Mienshao|High Jump Kick|p2a: Milotic
|-crit|p2a: Milotic
|-damage|p2a: Milotic|22\/394 tox
|-damage|p1a: Mienshao|34\/271 brn|[from] item: Life Orb
|move|p2a: Milotic|Recover|p2a: Milotic
|-heal|p2a: Milotic|219\/394 tox
|
|-damage|p1a: Mienshao|1\/271 brn|[from] brn
|-damage|p2a: Milotic|147\/394 tox|[from] psn
|turn|7
|
|switch|p2a: Donphan|Donphan, M|384\/384
|move|p1a: Mienshao|Knock Off|p2a: Donphan
|-damage|p2a: Donphan|332\/384
|-enditem|p2a: Donphan|Leftovers|[from] move: Knock Off|[of] p1a: Mienshao
|-damage|p1a: Mienshao|0 fnt|[from] item: Life Orb
|faint|p1a: Mienshao
|
|
|switch|p1a: Hydreigon|Hydreigon, F|325\/325
|turn|8
|
|switch|p2a: Porygon-Z|Porygon-Z|312\/312
|-boost|p2a: Porygon-Z|spa|1|[from] ability: Download
|move|p1a: Hydreigon|Dark Pulse|p2a: Porygon-Z
|-damage|p2a: Porygon-Z|49\/312
|-damage|p1a: Hydreigon|293\/325|[from] item: Life Orb
|
|turn|9
|
|move|p2a: Porygon-Z|Ice Beam|p1a: Hydreigon
|-supereffective|p1a: Hydreigon
|-damage|p1a: Hydreigon|0 fnt
|faint|p1a: Hydreigon
|
|
|switch|p1a: Victini|Victini|341\/341
|turn|10
|
|switch|p2a: Donphan|Donphan, M|332\/384
|move|p1a: Victini|U-turn|p2a: Donphan
|-damage|p2a: Donphan|263\/384
|
|switch|p1a: Vaporeon|Vaporeon, M|435\/464
|
|-heal|p1a: Vaporeon|464\/464|[from] item: Leftovers
|turn|11
|
|switch|p2a: Celebi|Celebi|341\/341
|move|p1a: Vaporeon|Scald|p2a: Celebi
|-resisted|p2a: Celebi
|-damage|p2a: Celebi|290\/341
|
|turn|12
|
|switch|p1a: Victini|Victini|341\/341
|move|p2a: Celebi|Swords Dance|p2a: Celebi
|-boost|p2a: Celebi|atk|2
|
|turn|13
|
|move|p2a: Celebi|Sucker Punch|p1a: Victini
|-supereffective|p1a: Victini
|-damage|p1a: Victini|0 fnt
|-damage|p2a: Celebi|256\/341|[from] item: Life Orb
|faint|p1a: Victini
|
|
|switch|p1a: Aggron|Aggron-Mega, F|334\/344
|turn|14
|
|switch|p2a: Milotic|Milotic, M|147\/394 tox
|move|p1a: Aggron|Heavy Slam|p2a: Milotic
|-resisted|p2a: Milotic
|-damage|p2a: Milotic|116\/394 tox
|
|-damage|p2a: Milotic|92\/394 tox|[from] psn
|turn|15
|
|move|p2a: Milotic|Recover|p2a: Milotic
|-heal|p2a: Milotic|289\/394 tox
|move|p1a: Aggron|Stealth Rock|p2a: Milotic
|-sidestart|p2: Acemanassasin|move: Stealth Rock
|
|-damage|p2a: Milotic|241\/394 tox|[from] psn
|turn|16
|
|move|p2a: Milotic|Scald|p1a: Aggron
|-damage|p1a: Aggron|259\/344
|move|p1a: Aggron|Metal Burst|p2a: Milotic
|-damage|p2a: Milotic|129\/394 tox
|
|-damage|p2a: Milotic|57\/394 tox|[from] psn
|turn|17
|
|move|p2a: Milotic|Recover|p2a: Milotic
|-heal|p2a: Milotic|254\/394 tox
|move|p1a: Aggron|Earthquake|p2a: Milotic
|-damage|p2a: Milotic|184\/394 tox
|
|-damage|p2a: Milotic|88\/394 tox|[from] psn
|turn|18
|
|switch|p2a: Noivern|Noivern, M|311\/311
|-damage|p2a: Noivern|234\/311|[from] Stealth Rock
|move|p1a: Aggron|Heavy Slam|p2a: Noivern
|-damage|p2a: Noivern|48\/311
|
|turn|19
|
|switch|p1a: Vaporeon|Vaporeon, M|464\/464
|move|p2a: Noivern|Draco Meteor|p1a: Vaporeon
|-damage|p1a: Vaporeon|176\/464
|-unboost|p2a: Noivern|spa|2
|
|-heal|p1a: Vaporeon|205\/464|[from] item: Leftovers
|turn|20
|
|switch|p2a: Milotic|Milotic, M|88\/394 tox
|-damage|p2a: Milotic|39\/394 tox|[from] Stealth Rock
|move|p1a: Vaporeon|Wish|p1a: Vaporeon
|
|-heal|p1a: Vaporeon|234\/464|[from] item: Leftovers
|-damage|p2a: Milotic|15\/394 tox|[from] psn
|turn|21
|
|move|p2a: Milotic|Recover|p2a: Milotic
|-heal|p2a: Milotic|212\/394 tox
|move|p1a: Vaporeon|Scald|p2a: Milotic
|-resisted|p2a: Milotic
|-damage|p2a: Milotic|175\/394 tox
|
|-heal|p1a: Vaporeon|464\/464|[from] move: Wish|[wisher] Vaporeon
|-damage|p2a: Milotic|127\/394 tox|[from] psn
|turn|22
|
|move|p2a: Milotic|Recover|p2a: Milotic
|-heal|p2a: Milotic|324\/394 tox
|move|p1a: Vaporeon|Wish|p1a: Vaporeon
|
|-damage|p2a: Milotic|252\/394 tox|[from] psn
|turn|23
|
|switch|p2a: Donphan|Donphan, M|263\/384
|-damage|p2a: Donphan|239\/384|[from] Stealth Rock
|move|p1a: Vaporeon|Protect|p1a: Vaporeon
|-fail|p1a: Vaporeon
|
|turn|24
|
|switch|p2a: Milotic|Milotic, M|252\/394 tox
|-damage|p2a: Milotic|203\/394 tox|[from] Stealth Rock
|move|p1a: Vaporeon|Scald|p2a: Milotic
|-resisted|p2a: Milotic
|-damage|p2a: Milotic|169\/394 tox
|
|-damage|p2a: Milotic|145\/394 tox|[from] psn
|turn|25
|
|move|p1a: Vaporeon|Scald|p2a: Milotic
|-resisted|p2a: Milotic
|-damage|p2a: Milotic|107\/394 tox
|move|p2a: Milotic|Dragon Tail|p1a: Vaporeon
|-damage|p1a: Vaporeon|438\/464
|drag|p1a: Donphan|Donphan, F|364\/364
|
|-damage|p2a: Milotic|59\/394 tox|[from] psn
|turn|26
|
|move|p2a: Milotic|Recover|p2a: Milotic
|-heal|p2a: Milotic|256\/394 tox
|move|p1a: Donphan|Earthquake|p2a: Milotic
|-crit|p2a: Milotic
|-damage|p2a: Milotic|52\/394 tox
|
|-damage|p2a: Milotic|0 fnt|[from] psn
|faint|p2a: Milotic
|
|switch|p2a: Donphan|Donphan, M|239\/384
|-damage|p2a: Donphan|215\/384|[from] Stealth Rock
|turn|27
|
|move|p1a: Donphan|Earthquake|p2a: Donphan
|-damage|p2a: Donphan|86\/384
|move|p2a: Donphan|Rapid Spin|p1a: Donphan
|-damage|p1a: Donphan|348\/364
|-sideend|p2: Acemanassasin|Stealth Rock|[from] move: Rapid Spin|[of] p2a: Donphan
|
|turn|28
|
|switch|p2a: Noivern|Noivern, M|48\/311
|move|p1a: Donphan|Earthquake|p2a: Noivern
|-immune|p2a: Noivern|[msg]
|
|turn|29
|
|move|p1a: Donphan|Ice Shard|p2a: Noivern
|-supereffective|p2a: Noivern
|-damage|p2a: Noivern|0 fnt
|faint|p2a: Noivern
|
|
|switch|p2a: Mienshao|Mienshao, F|271\/271
|turn|30
|
|move|p2a: Mienshao|Fake Out|p1a: Donphan
|-damage|p1a: Donphan|308\/364
|cant|p1a: Donphan|flinch
|
|turn|31
|
|move|p2a: Mienshao|High Jump Kick|p1a: Donphan
|-damage|p1a: Donphan|127\/364
|move|p1a: Donphan|Earthquake|p2a: Mienshao
|-damage|p2a: Mienshao|12\/271
|
|turn|32
|
|move|p1a: Donphan|Ice Shard|p2a: Mienshao
|-damage|p2a: Mienshao|0 fnt
|faint|p2a: Mienshao
|
|
|switch|p2a: Celebi|Celebi|256\/341
|turn|33
|
|switch|p2a: Porygon-Z|Porygon-Z|49\/312
|-boost|p2a: Porygon-Z|spa|1|[from] ability: Download
|switch|p1a: Aggron|Aggron-Mega, F|259\/344
|
|turn|34
|
|move|p2a: Porygon-Z|Dark Pulse|p1a: Aggron
|-damage|p1a: Aggron|130\/344
|move|p1a: Aggron|Heavy Slam|p2a: Porygon-Z
|-crit|p2a: Porygon-Z
|-damage|p2a: Porygon-Z|0 fnt
|faint|p2a: Porygon-Z
|
|
|switch|p2a: Donphan|Donphan, M|86\/384
|turn|35
|
|switch|p1a: Vaporeon|Vaporeon, M|438\/464
|move|p2a: Donphan|Earthquake|p1a: Vaporeon
|-damage|p1a: Vaporeon|297\/464
|
|-heal|p1a: Vaporeon|326\/464|[from] item: Leftovers
|turn|36
|
|switch|p2a: Celebi|Celebi|256\/341
|move|p1a: Vaporeon|Scald|p2a: Celebi
|-resisted|p2a: Celebi
|-damage|p2a: Celebi|202\/341
|
|-heal|p1a: Vaporeon|355\/464|[from] item: Leftovers
|turn|37
|
|switch|p1a: Aggron|Aggron-Mega, F|130\/344
|move|p2a: Celebi|Swords Dance|p2a: Celebi
|-boost|p2a: Celebi|atk|2
|
|turn|38
|
|move|p2a: Celebi|Sucker Punch|p1a: Aggron
|-damage|p1a: Aggron|26\/344
|-damage|p2a: Celebi|168\/341|[from] item: Life Orb
|move|p1a: Aggron|Heavy Slam|p2a: Celebi
|-damage|p2a: Celebi|0 fnt
|faint|p2a: Celebi
|
|
|switch|p2a: Donphan|Donphan, M|86\/384
|turn|39
|-message|Acemanassasin forfeited.
|
|win|Doouchebag
|raw|Ladder updating...
|leave|Acemanassasin
|player|p2
|raw|Doouchebag's rating: 1526 &rarr; <strong>1537<\/strong><br \/>(+11 for winning)
|raw|Acemanassasin's rating: 1354 &rarr; <strong>1343<\/strong><br \/>(-11 for losing)