|join|Acemanassasin
|join|croosszz
|player|p1|Acemanassasin|120
|player|p2|croosszz|102
|gametype|singles
|gen|6
|tier|UU
|rated
|rule|Sleep Clause Mod: Limit one foe put to sleep
|rule|Species Clause: Limit one of each PokÃ©mon
|rule|OHKO Clause: OHKO moves are banned
|rule|Moody Clause: Moody is banned
|rule|Evasion Moves Clause: Evasion moves are banned
|rule|Endless Battle Clause: Forcing endless battles is banned
|rule|HP Percentage Mod: HP is shown in percentages
|clearpoke
|poke|p1|Zygarde
|poke|p1|Jirachi
|poke|p1|Blissey, F
|poke|p1|Rotom-Heat
|poke|p1|Lucario, F
|poke|p1|Crobat, F
|poke|p2|Galvantula, F
|poke|p2|Vileplume, F
|poke|p2|Hydreigon, M
|poke|p2|Infernape, F
|poke|p2|Aerodactyl, M
|poke|p2|Empoleon, F
|rule|Swagger Clause: Swagger is banned
|rule|Baton Pass Clause: Limit one PokÃ©mon knowing Baton Pass
|teampreview
|c|âcroosszz|gl hf
|
|start
|switch|p1a: Rotom-Heat|Rotom-Heat|304\/304
|switch|p2a: Galvantula|Galvantula, F|282\/282
|turn|1
|
|switch|p2a: Hydreigon|Hydreigon, M|326\/326
|move|p1a: Rotom-Heat|Overheat|p2a: Hydreigon
|-resisted|p2a: Hydreigon
|-damage|p2a: Hydreigon|272\/326
|-unboost|p1a: Rotom-Heat|spa|2
|
|turn|2
|
|switch|p1a: Blissey|Blissey, F|714\/714
|move|p2a: Hydreigon|Draco Meteor|p1a: Blissey
|-damage|p1a: Blissey|560\/714
|-unboost|p2a: Hydreigon|spa|2
|
|-heal|p1a: Blissey|604\/714|[from] item: Leftovers
|turn|3
|
|move|p2a: Hydreigon|U-turn|p1a: Blissey
|-damage|p1a: Blissey|492\/714
|
|switch|p2a: Empoleon|Empoleon, F|372\/372
|move|p1a: Blissey|Stealth Rock|p2a: Empoleon
|-sidestart|p2: croosszz|move: Stealth Rock
|
|-heal|p1a: Blissey|536\/714|[from] item: Leftovers
|turn|4
|
|switch|p1a: Rotom-Heat|Rotom-Heat|304\/304
|move|p2a: Empoleon|Defog|p1a: Rotom-Heat
|-unboost|p1a: Rotom-Heat|evasion|1
|-sideend|p2: croosszz|Stealth Rock|[from] move: Defog|[of] p2a: Empoleon
|
|turn|5
|
|switch|p2a: Hydreigon|Hydreigon, M|272\/326
|move|p1a: Rotom-Heat|Thunderbolt|p2a: Hydreigon
|-resisted|p2a: Hydreigon
|-damage|p2a: Hydreigon|231\/326
|
|turn|6
|
|move|p2a: Hydreigon|Draco Meteor|p1a: Rotom-Heat
|-damage|p1a: Rotom-Heat|93\/304
|-unboost|p2a: Hydreigon|spa|2
|move|p1a: Rotom-Heat|Volt Switch|p2a: Hydreigon
|-resisted|p2a: Hydreigon
|-damage|p2a: Hydreigon|201\/326
|
|switch|p1a: Zygarde|Zygarde|358\/358
|-ability|p1a: Zygarde|Aura Break
|
|turn|7
|
|move|p2a: Hydreigon|U-turn|p1a: Zygarde
|-crit|p1a: Zygarde
|-damage|p1a: Zygarde|276\/358
|
|switch|p2a: Vileplume|Vileplume, F|354\/354
|move|p1a: Zygarde|Dragon Dance|p1a: Zygarde
|-boost|p1a: Zygarde|atk|1
|-boost|p1a: Zygarde|spe|1
|
|turn|8
|c|âAcemanassasin|why so bulky :o
|
|switch|p1a: Jirachi|Jirachi|341\/341
|move|p2a: Vileplume|Giga Drain|p1a: Jirachi
|-resisted|p1a: Jirachi
|-damage|p1a: Jirachi|289\/341
|
|turn|9
|c|âcroosszz|what
|
|move|p1a: Jirachi|U-turn|p2a: Vileplume
|-damage|p2a: Vileplume|295\/354
|
|switch|p1a: Crobat|Crobat, F|311\/311
|move|p2a: Vileplume|Giga Drain|p1a: Crobat
|-resisted|p1a: Crobat
|-damage|p1a: Crobat|280\/311
|-heal|p2a: Vileplume|311\/354|[from] drain|[of] p1a: Crobat
|
|-heal|p1a: Crobat|299\/311|[from] item: Black Sludge
|-heal|p2a: Vileplume|333\/354|[from] item: Black Sludge
|turn|10
|
|switch|p2a: Empoleon|Empoleon, F|372\/372
|move|p1a: Crobat|U-turn|p2a: Empoleon
|-resisted|p2a: Empoleon
|-damage|p2a: Empoleon|338\/372
|
|switch|p1a: Zygarde|Zygarde|276\/358
|-ability|p1a: Zygarde|Aura Break
|
|-heal|p2a: Empoleon|361\/372|[from] item: Leftovers
|turn|11
|
|move|p1a: Zygarde|Dragon Dance|p1a: Zygarde
|-boost|p1a: Zygarde|atk|1
|-boost|p1a: Zygarde|spe|1
|move|p2a: Empoleon|Ice Beam|p1a: Zygarde
|-supereffective|p1a: Zygarde
|-damage|p1a: Zygarde|0 fnt
|faint|p1a: Zygarde
|
|-heal|p2a: Empoleon|372\/372|[from] item: Leftovers
|
|switch|p1a: Rotom-Heat|Rotom-Heat|93\/304
|turn|12
|
|move|p1a: Rotom-Heat|Volt Switch|p2a: Empoleon
|-supereffective|p2a: Empoleon
|-damage|p2a: Empoleon|246\/372
|
|switch|p1a: Lucario|Lucario, F|281\/281
|move|p2a: Empoleon|Scald|p1a: Lucario
|-damage|p1a: Lucario|152\/281
|
|-heal|p2a: Empoleon|269\/372|[from] item: Leftovers
|turn|13
|
|switch|p2a: Vileplume|Vileplume, F|333\/354
|move|p1a: Lucario|Aura Sphere|p2a: Vileplume
|-resisted|p2a: Vileplume
|-damage|p2a: Vileplume|238\/354
|-damage|p1a: Lucario|124\/281|[from] item: Life Orb
|
|-heal|p2a: Vileplume|260\/354|[from] item: Black Sludge
|turn|14
|
|move|p1a: Lucario|Dragon Pulse|p2a: Vileplume
|-damage|p2a: Vileplume|139\/354
|-damage|p1a: Lucario|96\/281|[from] item: Life Orb
|move|p2a: Vileplume|Giga Drain|p1a: Lucario
|-resisted|p1a: Lucario
|-damage|p1a: Lucario|30\/281
|-heal|p2a: Vileplume|172\/354|[from] drain|[of] p1a: Lucario
|
|-heal|p2a: Vileplume|194\/354|[from] item: Black Sludge
|turn|15
|
|switch|p2a: Empoleon|Empoleon, F|269\/372
|move|p1a: Lucario|Dragon Pulse|p2a: Empoleon
|-resisted|p2a: Empoleon
|-damage|p2a: Empoleon|227\/372
|-damage|p1a: Lucario|2\/281|[from] item: Life Orb
|
|-heal|p2a: Empoleon|250\/372|[from] item: Leftovers
|turn|16
|
|switch|p2a: Vileplume|Vileplume, F|194\/354
|move|p1a: Lucario|Aura Sphere|p2a: Vileplume
|-resisted|p2a: Vileplume
|-damage|p2a: Vileplume|107\/354
|-damage|p1a: Lucario|0 fnt|[from] item: Life Orb
|faint|p1a: Lucario
|
|-heal|p2a: Vileplume|129\/354|[from] item: Black Sludge
|
|switch|p1a: Jirachi|Jirachi|289\/341
|turn|17
|
|move|p1a: Jirachi|Zen Headbutt|p2a: Vileplume|[miss]
|-miss|p1a: Jirachi|p2a: Vileplume
|move|p2a: Vileplume|Synthesis|p2a: Vileplume
|-heal|p2a: Vileplume|306\/354
|
|-heal|p2a: Vileplume|328\/354|[from] item: Black Sludge
|turn|18
|
|switch|p1a: Rotom-Heat|Rotom-Heat|93\/304
|switch|p2a: Empoleon|Empoleon, F|250\/372
|
|-heal|p1a: Rotom-Heat|112\/304|[from] item: Leftovers
|-heal|p2a: Empoleon|273\/372|[from] item: Leftovers
|turn|19
|
|move|p1a: Rotom-Heat|Thunderbolt|p2a: Empoleon
|-crit|p2a: Empoleon
|-supereffective|p2a: Empoleon
|-damage|p2a: Empoleon|19\/372
|move|p2a: Empoleon|Scald|p1a: Rotom-Heat
|-supereffective|p1a: Rotom-Heat
|-damage|p1a: Rotom-Heat|0 fnt
|faint|p1a: Rotom-Heat
|
|-heal|p2a: Empoleon|42\/372|[from] item: Leftovers
|
|switch|p1a: Crobat|Crobat, F|299\/311
|turn|20
|
|move|p1a: Crobat|Brave Bird|p2a: Empoleon
|-resisted|p2a: Empoleon
|-damage|p2a: Empoleon|0 fnt
|-damage|p1a: Crobat|285\/311|[from] recoil|[of] p2a: Empoleon
|faint|p2a: Empoleon
|
|-heal|p1a: Crobat|304\/311|[from] item: Black Sludge
|
|switch|p2a: Galvantula|Galvantula, F|282\/282
|turn|21
|
|move|p1a: Crobat|Brave Bird|p2a: Galvantula
|-damage|p2a: Galvantula|29\/282
|-damage|p1a: Crobat|221\/311|[from] recoil|[of] p2a: Galvantula
|move|p2a: Galvantula|Volt Switch|p1a: Crobat
|-supereffective|p1a: Crobat
|-damage|p1a: Crobat|0 fnt
|faint|p1a: Crobat
|
|switch|p2a: Aerodactyl|Aerodactyl, M|302\/302
|
|
|switch|p1a: Jirachi|Jirachi|289\/341
|turn|22
|
|detailschange|p2a: Aerodactyl|Aerodactyl-Mega, M
|message|Aerodactyl has Mega Evolved into Mega Aerodactyl!
|move|p1a: Jirachi|Iron Head|p2a: Aerodactyl
|-supereffective|p2a: Aerodactyl
|-damage|p2a: Aerodactyl|20\/302
|move|p2a: Aerodactyl|Earthquake|p1a: Jirachi
|-supereffective|p1a: Jirachi
|-damage|p1a: Jirachi|59\/341
|
|turn|23
|
|switch|p2a: Vileplume|Vileplume, F|328\/354
|move|p1a: Jirachi|Iron Head|p2a: Vileplume
|-damage|p2a: Vileplume|235\/354
|
|-heal|p2a: Vileplume|257\/354|[from] item: Black Sludge
|turn|24
|
|switch|p1a: Blissey|Blissey, F|536\/714
|move|p2a: Vileplume|Giga Drain|p1a: Blissey
|-damage|p1a: Blissey|458\/714
|-heal|p2a: Vileplume|296\/354|[from] drain|[of] p1a: Blissey
|
|-heal|p1a: Blissey|502\/714|[from] item: Leftovers
|-heal|p2a: Vileplume|318\/354|[from] item: Black Sludge
|turn|25
|
|move|p1a: Blissey|Stealth Rock|p2a: Vileplume
|-sidestart|p2: croosszz|move: Stealth Rock
|move|p2a: Vileplume|Sludge Bomb|p1a: Blissey
|-damage|p1a: Blissey|409\/714
|
|-heal|p1a: Blissey|453\/714|[from] item: Leftovers
|-heal|p2a: Vileplume|340\/354|[from] item: Black Sludge
|turn|26
|
|switch|p2a: Infernape|Infernape, F|294\/294
|-damage|p2a: Infernape|258\/294|[from] Stealth Rock
|-item|p2a: Infernape|Air Balloon
|move|p1a: Blissey|Seismic Toss|p2a: Infernape
|-damage|p2a: Infernape|158\/294
|-enditem|p2a: Infernape|Air Balloon
|
|-heal|p1a: Blissey|497\/714|[from] item: Leftovers
|turn|27
|
|move|p2a: Infernape|Nasty Plot|p2a: Infernape
|-boost|p2a: Infernape|spa|2
|move|p1a: Blissey|Soft-Boiled|p1a: Blissey
|-heal|p1a: Blissey|714\/714
|
|turn|28
|
|move|p2a: Infernape|Nasty Plot|p2a: Infernape
|-boost|p2a: Infernape|spa|2
|move|p1a: Blissey|Seismic Toss|p2a: Infernape
|-damage|p2a: Infernape|58\/294
|
|turn|29
|
|move|p2a: Infernape|Vacuum Wave|p1a: Blissey
|-supereffective|p1a: Blissey
|-damage|p1a: Blissey|424\/714
|move|p1a: Blissey|Seismic Toss|p2a: Infernape
|-damage|p2a: Infernape|0 fnt
|faint|p2a: Infernape
|
|-heal|p1a: Blissey|468\/714|[from] item: Leftovers
|
|switch|p2a: Hydreigon|Hydreigon, M|201\/326
|-damage|p2a: Hydreigon|161\/326|[from] Stealth Rock
|turn|30
|
|move|p2a: Hydreigon|Superpower|p1a: Blissey
|-supereffective|p1a: Blissey
|-damage|p1a: Blissey|126\/714
|-unboost|p2a: Hydreigon|atk|1
|-unboost|p2a: Hydreigon|def|1
|move|p1a: Blissey|Soft-Boiled|p1a: Blissey
|-heal|p1a: Blissey|483\/714
|
|-heal|p1a: Blissey|527\/714|[from] item: Leftovers
|turn|31
|
|move|p2a: Hydreigon|Superpower|p1a: Blissey
|-supereffective|p1a: Blissey
|-damage|p1a: Blissey|281\/714
|-unboost|p2a: Hydreigon|atk|1
|-unboost|p2a: Hydreigon|def|1
|move|p1a: Blissey|Seismic Toss|p2a: Hydreigon
|-damage|p2a: Hydreigon|61\/326
|
|-heal|p1a: Blissey|325\/714|[from] item: Leftovers
|turn|32
|
|move|p2a: Hydreigon|Draco Meteor|p1a: Blissey
|-crit|p1a: Blissey
|-damage|p1a: Blissey|67\/714
|-unboost|p2a: Hydreigon|spa|2
|move|p1a: Blissey|Soft-Boiled|p1a: Blissey
|-heal|p1a: Blissey|424\/714
|
|-heal|p1a: Blissey|468\/714|[from] item: Leftovers
|turn|33
|c|âAcemanassasin|ooooo
|
|move|p2a: Hydreigon|U-turn|p1a: Blissey
|-damage|p1a: Blissey|418\/714
|
|switch|p2a: Vileplume|Vileplume, F|340\/354
|-damage|p2a: Vileplume|296\/354|[from] Stealth Rock
|move|p1a: Blissey|Seismic Toss|p2a: Vileplume
|-damage|p2a: Vileplume|196\/354
|
|-heal|p1a: Blissey|462\/714|[from] item: Leftovers
|-heal|p2a: Vileplume|218\/354|[from] item: Black Sludge
|turn|34
|
|switch|p1a: Jirachi|Jirachi|59\/341
|move|p2a: Vileplume|Sludge Bomb|p1a: Jirachi
|-immune|p1a: Jirachi|[msg]
|
|-heal|p2a: Vileplume|240\/354|[from] item: Black Sludge
|turn|35
|
|switch|p2a: Galvantula|Galvantula, F|29\/282
|-damage|p2a: Galvantula|0 fnt|[from] Stealth Rock
|faint|p2a: Galvantula
|move|p1a: Jirachi|U-turn|p2: Galvantula|[notarget]
|-notarget
|
|
|switch|p2a: Vileplume|Vileplume, F|240\/354
|-damage|p2a: Vileplume|196\/354|[from] Stealth Rock
|turn|36
|c|âAcemanassasin|smart
|
|move|p1a: Jirachi|U-turn|p2a: Vileplume
|-damage|p2a: Vileplume|138\/354
|
|switch|p1a: Blissey|Blissey, F|462\/714
|move|p2a: Vileplume|Sludge Bomb|p1a: Blissey
|-damage|p1a: Blissey|372\/714
|
|-heal|p1a: Blissey|416\/714|[from] item: Leftovers
|-heal|p2a: Vileplume|160\/354|[from] item: Black Sludge
|turn|37
|
|move|p1a: Blissey|Seismic Toss|p2a: Vileplume
|-damage|p2a: Vileplume|60\/354
|move|p2a: Vileplume|Synthesis|p2a: Vileplume
|-heal|p2a: Vileplume|237\/354
|
|-heal|p1a: Blissey|460\/714|[from] item: Leftovers
|-heal|p2a: Vileplume|259\/354|[from] item: Black Sludge
|turn|38
|
|move|p1a: Blissey|Seismic Toss|p2a: Vileplume
|-damage|p2a: Vileplume|159\/354
|move|p2a: Vileplume|Sludge Bomb|p1a: Blissey
|-damage|p1a: Blissey|363\/714
|-status|p1a: Blissey|psn
|
|-heal|p1a: Blissey|407\/714 psn|[from] item: Leftovers
|-heal|p2a: Vileplume|181\/354|[from] item: Black Sludge
|-damage|p1a: Blissey|318\/714 psn|[from] psn
|turn|39
|
|switch|p2a: Hydreigon|Hydreigon, M|61\/326
|-damage|p2a: Hydreigon|21\/326|[from] Stealth Rock
|move|p1a: Blissey|Soft-Boiled|p1a: Blissey
|-heal|p1a: Blissey|675\/714 psn
|
|-heal|p1a: Blissey|714\/714 psn|[from] item: Leftovers
|-damage|p1a: Blissey|625\/714 psn|[from] psn
|turn|40
|
|move|p2a: Hydreigon|Superpower|p1a: Blissey
|-supereffective|p1a: Blissey
|-damage|p1a: Blissey|263\/714 psn
|-unboost|p2a: Hydreigon|atk|1
|-unboost|p2a: Hydreigon|def|1
|move|p1a: Blissey|Seismic Toss|p2a: Hydreigon
|-damage|p2a: Hydreigon|0 fnt
|faint|p2a: Hydreigon
|
|-heal|p1a: Blissey|307\/714 psn|[from] item: Leftovers
|-damage|p1a: Blissey|218\/714 psn|[from] psn
|-message|croosszz forfeited.
|
|win|Acemanassasin
|raw|Ladder updating...
|leave|croosszz
|player|p2
|raw|Acemanassasin's rating: 1326 &rarr; <strong>1344<\/strong><br \/>(+18 for winning)
|raw|croosszz's rating: 1301 &rarr; <strong>1282<\/strong><br \/>(-19 for losing)