|join|Acemanassasin
|join|DH2 Torm
|player|p1|Acemanassasin|266
|player|p2|DH2 Torm|107
|gametype|singles
|gen|6
|tier|UU
|rated
|rule|Sleep Clause Mod: Limit one foe put to sleep
|rule|Species Clause: Limit one of each PokÃ©mon
|rule|OHKO Clause: OHKO moves are banned
|rule|Moody Clause: Moody is banned
|rule|Evasion Moves Clause: Evasion moves are banned
|rule|Endless Battle Clause: Forcing endless battles is banned
|rule|HP Percentage Mod: HP is shown in percentages
|clearpoke
|poke|p1|Honchkrow, M
|poke|p1|Blissey, F
|poke|p1|Darmanitan, F
|poke|p1|Jellicent, F
|poke|p1|Blastoise, F
|poke|p1|Rotom-Mow
|poke|p2|Alomomola, F
|poke|p2|Forretress, F
|poke|p2|Celebi
|poke|p2|Aromatisse, F
|poke|p2|Gastrodon, F
|poke|p2|Chandelure, M
|rule|Swagger Clause: Swagger is banned
|rule|Baton Pass Clause: Limit one PokÃ©mon knowing Baton Pass
|teampreview
|
|start
|switch|p1a: Darmanitan|Darmanitan, F|351\/351
|switch|p2a: Celebi|Celebi|403\/403
|turn|1
|
|switch|p2a: Alomomola|Alomomola, F|533\/533
|move|p1a: Darmanitan|U-turn|p2a: Alomomola
|-damage|p2a: Alomomola|453\/533
|-damage|p1a: Darmanitan|293\/351|[from] item: Rocky Helmet|[of] p2a: Alomomola
|
|switch|p1a: Rotom-Mow|Rotom-Mow|242\/242
|
|turn|2
|
|move|p2a: Alomomola|Protect|p2a: Alomomola
|-singleturn|p2a: Alomomola|Protect
|move|p1a: Rotom-Mow|Volt Switch|p2a: Alomomola
|-activate|p2a: Alomomola|Protect
|
|turn|3
|
|switch|p2a: Celebi|Celebi|403\/403
|move|p1a: Rotom-Mow|Volt Switch|p2a: Celebi
|-crit|p2a: Celebi
|-resisted|p2a: Celebi
|-damage|p2a: Celebi|300\/403
|
|switch|p1a: Darmanitan|Darmanitan, F|293\/351
|
|-heal|p2a: Celebi|325\/403|[from] item: Leftovers
|turn|4
|
|switch|p1a: Rotom-Mow|Rotom-Mow|242\/242
|switch|p2a: Alomomola|Alomomola, F|533\/533
|
|turn|5
|
|move|p2a: Alomomola|Protect|p2a: Alomomola
|-singleturn|p2a: Alomomola|Protect
|move|p1a: Rotom-Mow|Volt Switch|p2a: Alomomola
|-activate|p2a: Alomomola|Protect
|
|turn|6
|
|switch|p2a: Celebi|Celebi|325\/403
|move|p1a: Rotom-Mow|Volt Switch|p2a: Celebi
|-resisted|p2a: Celebi
|-damage|p2a: Celebi|256\/403
|
|switch|p1a: Darmanitan|Darmanitan, F|293\/351
|
|-heal|p2a: Celebi|281\/403|[from] item: Leftovers
|turn|7
|
|switch|p2a: Alomomola|Alomomola, F|533\/533
|move|p1a: Darmanitan|U-turn|p2a: Alomomola
|-damage|p2a: Alomomola|448\/533
|-damage|p1a: Darmanitan|235\/351|[from] item: Rocky Helmet|[of] p2a: Alomomola
|
|switch|p1a: Blissey|Blissey, F|714\/714
|
|turn|8
|
|switch|p2a: Celebi|Celebi|281\/403
|move|p1a: Blissey|Seismic Toss|p2a: Celebi
|-damage|p2a: Celebi|181\/403
|
|-heal|p2a: Celebi|206\/403|[from] item: Leftovers
|turn|9
|
|move|p2a: Celebi|Stealth Rock|p1a: Blissey
|-sidestart|p1: Acemanassasin|move: Stealth Rock
|move|p1a: Blissey|Stealth Rock|p2a: Celebi
|-sidestart|p2: DH2 Torm|move: Stealth Rock
|
|-heal|p2a: Celebi|231\/403|[from] item: Leftovers
|turn|10
|
|move|p2a: Celebi|Giga Drain|p1a: Blissey
|-damage|p1a: Blissey|648\/714
|-heal|p2a: Celebi|264\/403|[from] drain|[of] p1a: Blissey
|move|p1a: Blissey|Seismic Toss|p2a: Celebi
|-damage|p2a: Celebi|164\/403
|
|-heal|p2a: Celebi|189\/403|[from] item: Leftovers
|-heal|p1a: Blissey|692\/714|[from] item: Leftovers
|turn|11
|
|switch|p2a: Forretress|Forretress, F|354\/354
|-damage|p2a: Forretress|310\/354|[from] Stealth Rock
|move|p1a: Blissey|Seismic Toss|p2a: Forretress
|-damage|p2a: Forretress|210\/354
|
|-heal|p1a: Blissey|714\/714|[from] item: Leftovers
|-heal|p2a: Forretress|232\/354|[from] item: Leftovers
|turn|12
|
|switch|p1a: Blastoise|Blastoise, F|362\/362
|-damage|p1a: Blastoise|317\/362|[from] Stealth Rock
|move|p2a: Forretress|Rapid Spin|p1a: Blastoise
|-damage|p1a: Blastoise|301\/362
|-sideend|p2: DH2 Torm|Stealth Rock|[from] move: Rapid Spin|[of] p2a: Forretress
|
|-heal|p2a: Forretress|254\/354|[from] item: Leftovers
|turn|13
|join|sniperaim
|
|switch|p2a: Gastrodon|Gastrodon, F|425\/425
|detailschange|p1a: Blastoise|Blastoise-Mega, F
|message|Blastoise has Mega Evolved into Mega Blastoise!
|move|p1a: Blastoise|Dark Pulse|p2a: Gastrodon
|-damage|p2a: Gastrodon|295\/425
|
|-heal|p2a: Gastrodon|321\/425|[from] item: Leftovers
|turn|14
|join|hjhgjhg
|
|move|p1a: Blastoise|Rapid Spin|p2a: Gastrodon
|-damage|p2a: Gastrodon|298\/425
|-sideend|p1: Acemanassasin|Stealth Rock|[from] move: Rapid Spin|[of] p1a: Blastoise
|move|p2a: Gastrodon|Earthquake|p1a: Blastoise
|-damage|p1a: Blastoise|210\/362
|
|-heal|p2a: Gastrodon|324\/425|[from] item: Leftovers
|turn|15
|
|switch|p1a: Rotom-Mow|Rotom-Mow|242\/242
|move|p2a: Gastrodon|Toxic|p1a: Rotom-Mow
|-status|p1a: Rotom-Mow|tox
|
|-heal|p2a: Gastrodon|350\/425|[from] item: Leftovers
|-damage|p1a: Rotom-Mow|227\/242 tox|[from] psn
|turn|16
|
|switch|p2a: Celebi|Celebi|189\/403
|move|p1a: Rotom-Mow|Trick|p2a: Celebi
|-activate|p1a: Rotom-Mow|move: Trick|[of] p2a: Celebi
|-item|p2a: Celebi|Choice Specs|[from] move: Trick
|-item|p1a: Rotom-Mow|Leftovers|[from] move: Trick
|
|-heal|p1a: Rotom-Mow|242\/242 tox|[from] item: Leftovers
|-damage|p1a: Rotom-Mow|212\/242 tox|[from] psn
|turn|17
|
|move|p1a: Rotom-Mow|Volt Switch|p2a: Celebi
|-resisted|p2a: Celebi
|-damage|p2a: Celebi|142\/403
|
|switch|p1a: Honchkrow|Honchkrow, M|390\/390
|move|p2a: Celebi|Stealth Rock|p1a: Honchkrow
|-sidestart|p1: Acemanassasin|move: Stealth Rock
|
|turn|18
|
|switch|p2a: Alomomola|Alomomola, F|533\/533
|move|p1a: Honchkrow|Substitute|p1a: Honchkrow
|-start|p1a: Honchkrow|Substitute
|-damage|p1a: Honchkrow|293\/390
|
|-heal|p1a: Honchkrow|317\/390|[from] item: Leftovers
|turn|19
|
|move|p1a: Honchkrow|Brave Bird|p2a: Alomomola
|-damage|p2a: Alomomola|317\/533
|-damage|p1a: Honchkrow|252\/390|[from] item: Rocky Helmet|[of] p2a: Alomomola
|-damage|p1a: Honchkrow|181\/390|[from] recoil|[of] p2a: Alomomola
|move|p2a: Alomomola|Scald|p1a: Honchkrow
|-crit|p1a: Honchkrow
|-end|p1a: Honchkrow|Substitute
|
|-heal|p1a: Honchkrow|205\/390|[from] item: Leftovers
|turn|20
|
|switch|p1a: Blissey|Blissey, F|714\/714
|-damage|p1a: Blissey|625\/714|[from] Stealth Rock
|move|p2a: Alomomola|Scald|p1a: Blissey
|-damage|p1a: Blissey|588\/714
|
|-heal|p1a: Blissey|632\/714|[from] item: Leftovers
|turn|21
|
|switch|p2a: Chandelure|Chandelure, M|261\/261
|move|p1a: Blissey|Stealth Rock|p2a: Chandelure
|-sidestart|p2: DH2 Torm|move: Stealth Rock
|
|-heal|p1a: Blissey|676\/714|[from] item: Leftovers
|turn|22
|
|switch|p1a: Blastoise|Blastoise-Mega, F|210\/362
|-damage|p1a: Blastoise|165\/362|[from] Stealth Rock
|move|p2a: Chandelure|Substitute|p2a: Chandelure
|-start|p2a: Chandelure|Substitute
|-damage|p2a: Chandelure|196\/261
|
|-heal|p2a: Chandelure|212\/261|[from] item: Leftovers
|turn|23
|
|move|p2a: Chandelure|Shadow Ball|p1a: Blastoise
|-damage|p1a: Blastoise|30\/362
|move|p1a: Blastoise|Dark Pulse|p2a: Chandelure
|-supereffective|p2a: Chandelure
|-end|p2a: Chandelure|Substitute
|
|-heal|p2a: Chandelure|228\/261|[from] item: Leftovers
|turn|24
|
|switch|p1a: Honchkrow|Honchkrow, M|205\/390
|-damage|p1a: Honchkrow|108\/390|[from] Stealth Rock
|move|p2a: Chandelure|Flamethrower|p1a: Honchkrow
|-damage|p1a: Honchkrow|0 fnt
|faint|p1a: Honchkrow
|
|-heal|p2a: Chandelure|244\/261|[from] item: Leftovers
|
|switch|p1a: Darmanitan|Darmanitan, F|235\/351
|-damage|p1a: Darmanitan|148\/351|[from] Stealth Rock
|turn|25
|
|switch|p2a: Alomomola|Alomomola, F|494\/533
|-damage|p2a: Alomomola|428\/533|[from] Stealth Rock
|move|p1a: Darmanitan|Rock Slide|p2a: Alomomola
|-damage|p2a: Alomomola|316\/533
|
|turn|26
|
|move|p1a: Darmanitan|Rock Slide|p2a: Alomomola
|-damage|p2a: Alomomola|206\/533
|move|p2a: Alomomola|Wish|p2a: Alomomola
|
|turn|27
|-message|Acemanassasin forfeited.
|
|win|DH2 Torm
|raw|Ladder updating...
|leave|Acemanassasin
|player|p1
|raw|Acemanassasin's rating: 1446 &rarr; <strong>1419<\/strong><br \/>(-27 for losing)
|raw|DH2 Torm's rating: 1321 &rarr; <strong>1348<\/strong><br \/>(+27 for winning)
|leave|DH2 Torm
|player|p2