|join|Acemanassasin
|join|DerperiorX
|player|p1|Acemanassasin|120
|player|p2|DerperiorX|114
|gametype|singles
|gen|6
|tier|UU
|rated
|rule|Sleep Clause Mod: Limit one foe put to sleep
|rule|Species Clause: Limit one of each PokÃ©mon
|rule|OHKO Clause: OHKO moves are banned
|rule|Moody Clause: Moody is banned
|rule|Evasion Moves Clause: Evasion moves are banned
|rule|Endless Battle Clause: Forcing endless battles is banned
|rule|HP Percentage Mod: HP is shown in percentages
|clearpoke
|poke|p1|Whimsicott, M
|poke|p1|Jirachi
|poke|p1|Tentacruel, F
|poke|p1|Machamp, F
|poke|p1|Sharpedo, M
|poke|p1|Hippowdon, F
|poke|p2|Machamp, F
|poke|p2|Yanmega, M, shiny
|poke|p2|Empoleon, F, shiny
|poke|p2|Florges, F, shiny
|poke|p2|Arcanine, M
|poke|p2|Serperior, M, shiny
|rule|Swagger Clause: Swagger is banned
|rule|Baton Pass Clause: Limit one PokÃ©mon knowing Baton Pass
|teampreview
|
|start
|switch|p1a: Machamp|Machamp, F|343\/343
|switch|p2a: Machamp|Machamp, F|371\/371
|turn|1
|
|move|p1a: Machamp|Close Combat|p2a: Machamp
|-damage|p2a: Machamp|109\/371
|-unboost|p1a: Machamp|def|1
|-unboost|p1a: Machamp|spd|1
|move|p2a: Machamp|Close Combat|p1a: Machamp
|-damage|p1a: Machamp|0 fnt
|-unboost|p2a: Machamp|def|1
|-unboost|p2a: Machamp|spd|1
|faint|p1a: Machamp
|
|
|switch|p1a: Sharpedo|Sharpedo, M|282\/282
|turn|2
|
|switch|p2a: Arcanine|Arcanine, M|384\/384
|-ability|p2a: Arcanine|Intimidate|[of] p1a: Sharpedo
|-unboost|p1a: Sharpedo|atk|1
|move|p1a: Sharpedo|Waterfall|p2a: Arcanine
|-supereffective|p2a: Arcanine
|-damage|p2a: Arcanine|214\/384
|-damage|p1a: Sharpedo|235\/282|[from] item: Rocky Helmet|[of] p2a: Arcanine
|
|-boost|p1a: Sharpedo|spe|1|[from] ability: Speed Boost
|turn|3
|
|switch|p1a: Tentacruel|Tentacruel, F|364\/364
|switch|p2a: Florges|Florges, F, shiny|360\/360
|
|turn|4
|
|move|p1a: Tentacruel|Scald|p2a: Florges
|-damage|p2a: Florges|309\/360
|move|p2a: Florges|Wish|p2a: Florges
|
|-heal|p2a: Florges|331\/360|[from] item: Leftovers
|turn|5
|
|switch|p2a: Machamp|Machamp, F|109\/371
|move|p1a: Tentacruel|Scald|p2a: Machamp
|-damage|p2a: Machamp|51\/371
|
|-heal|p2a: Machamp|231\/371|[from] move: Wish|[wisher] Florges
|turn|6
|
|switch|p1a: Whimsicott|Whimsicott, M|280\/280
|move|p2a: Machamp|Knock Off|p1a: Whimsicott
|-resisted|p1a: Whimsicott
|-damage|p1a: Whimsicott|212\/280
|-enditem|p1a: Whimsicott|Leftovers|[from] move: Knock Off|[of] p2a: Machamp
|
|turn|7
|
|switch|p2a: Empoleon|Empoleon, F, shiny|372\/372
|move|p1a: Whimsicott|U-turn|p2a: Empoleon
|-resisted|p2a: Empoleon
|-damage|p2a: Empoleon|350\/372
|
|switch|p1a: Tentacruel|Tentacruel, F|364\/364
|
|-heal|p2a: Empoleon|372\/372|[from] item: Leftovers
|turn|8
|
|switch|p2a: Machamp|Machamp, F|231\/371
|move|p1a: Tentacruel|Scald|p2a: Machamp
|-damage|p2a: Machamp|173\/371
|
|turn|9
|
|switch|p1a: Hippowdon|Hippowdon, F|420\/420
|-weather|Sandstorm
|move|p2a: Machamp|Ice Punch|p1a: Hippowdon
|-supereffective|p1a: Hippowdon
|-damage|p1a: Hippowdon|270\/420
|
|-weather|Sandstorm|[upkeep]
|-damage|p2a: Machamp|150\/371|[from] sandstorm
|-heal|p1a: Hippowdon|296\/420|[from] item: Leftovers
|turn|10
|
|move|p2a: Machamp|Knock Off|p1a: Hippowdon
|-damage|p1a: Hippowdon|211\/420
|-enditem|p1a: Hippowdon|Leftovers|[from] move: Knock Off|[of] p2a: Machamp
|move|p1a: Hippowdon|Earthquake|p2a: Machamp
|-damage|p2a: Machamp|0 fnt
|faint|p2a: Machamp
|
|-weather|Sandstorm|[upkeep]
|
|switch|p2a: Serperior|Serperior, M, shiny|304\/304
|turn|11
|
|switch|p1a: Tentacruel|Tentacruel, F|364\/364
|move|p2a: Serperior|Leaf Storm|p1a: Tentacruel
|-damage|p1a: Tentacruel|243\/364
|-boost|p2a: Serperior|spa|2
|
|-weather|Sandstorm|[upkeep]
|-damage|p2a: Serperior|285\/304|[from] sandstorm
|-damage|p1a: Tentacruel|221\/364|[from] sandstorm
|-heal|p2a: Serperior|304\/304|[from] item: Leftovers
|-heal|p1a: Tentacruel|243\/364|[from] item: Black Sludge
|turn|12
|
|move|p2a: Serperior|Leaf Storm|p1a: Tentacruel
|-damage|p1a: Tentacruel|0 fnt
|-boost|p2a: Serperior|spa|2
|faint|p1a: Tentacruel
|
|-weather|Sandstorm|[upkeep]
|-damage|p2a: Serperior|285\/304|[from] sandstorm
|-heal|p2a: Serperior|304\/304|[from] item: Leftovers
|
|switch|p1a: Jirachi|Jirachi|342\/342
|turn|13
|
|switch|p2a: Empoleon|Empoleon, F, shiny|372\/372
|move|p1a: Jirachi|U-turn|p2a: Empoleon
|-resisted|p2a: Empoleon
|-damage|p2a: Empoleon|333\/372
|
|switch|p1a: Whimsicott|Whimsicott, M|212\/280
|
|-weather|none
|-heal|p2a: Empoleon|356\/372|[from] item: Leftovers
|turn|14
|
|move|p1a: Whimsicott|Giga Drain|p2a: Empoleon
|-damage|p2a: Empoleon|293\/372
|-heal|p1a: Whimsicott|244\/280|[from] drain|[of] p2a: Empoleon
|move|p2a: Empoleon|Stealth Rock|p1a: Whimsicott
|-sidestart|p1: Acemanassasin|move: Stealth Rock
|
|-heal|p2a: Empoleon|316\/372|[from] item: Leftovers
|turn|15
|
|switch|p2a: Yanmega|Yanmega, M, shiny|313\/313
|move|p1a: Whimsicott|Encore|p2a: Yanmega
|-fail|p2a: Yanmega
|
|turn|16
|
|move|p1a: Whimsicott|Moonblast|p2a: Yanmega
|-damage|p2a: Yanmega|111\/313
|move|p2a: Yanmega|Bug Buzz|p1a: Whimsicott
|-damage|p1a: Whimsicott|0 fnt
|-damage|p2a: Yanmega|80\/313|[from] item: Life Orb
|faint|p1a: Whimsicott
|
|-boost|p2a: Yanmega|spe|1|[from] ability: Speed Boost
|
|switch|p1a: Jirachi|Jirachi|342\/342
|-damage|p1a: Jirachi|321\/342|[from] Stealth Rock
|turn|17
|
|move|p2a: Yanmega|Protect|p2a: Yanmega
|-singleturn|p2a: Yanmega|Protect
|move|p1a: Jirachi|Iron Head|p2a: Yanmega
|-activate|p2a: Yanmega|Protect
|
|-boost|p2a: Yanmega|spe|1|[from] ability: Speed Boost
|turn|18
|
|move|p2a: Yanmega|Bug Buzz|p1a: Jirachi
|-damage|p1a: Jirachi|103\/342
|-damage|p2a: Yanmega|49\/313|[from] item: Life Orb
|move|p1a: Jirachi|Iron Head|p2a: Yanmega
|-damage|p2a: Yanmega|0 fnt
|faint|p2a: Yanmega
|
|
|switch|p2a: Arcanine|Arcanine, M|214\/384
|-ability|p2a: Arcanine|Intimidate|[of] p1a: Jirachi
|-unboost|p1a: Jirachi|atk|1
|turn|19
|
|move|p1a: Jirachi|Iron Head|p2a: Arcanine
|-resisted|p2a: Arcanine
|-damage|p2a: Arcanine|180\/384
|-damage|p1a: Jirachi|46\/342|[from] item: Rocky Helmet|[of] p2a: Arcanine
|cant|p2a: Arcanine|flinch
|
|turn|20
|
|move|p1a: Jirachi|Iron Head|p2a: Arcanine
|-resisted|p2a: Arcanine
|-damage|p2a: Arcanine|147\/384
|-damage|p1a: Jirachi|0 fnt|[from] item: Rocky Helmet|[of] p2a: Arcanine
|faint|p1a: Jirachi
|cant|p2a: Arcanine|flinch
|
|
|switch|p1a: Sharpedo|Sharpedo, M|235\/282
|-damage|p1a: Sharpedo|200\/282|[from] Stealth Rock
|turn|21
|
|switch|p2a: Empoleon|Empoleon, F, shiny|316\/372
|move|p1a: Sharpedo|Waterfall|p2a: Empoleon
|-resisted|p2a: Empoleon
|-damage|p2a: Empoleon|227\/372
|
|-heal|p2a: Empoleon|250\/372|[from] item: Leftovers
|-boost|p1a: Sharpedo|spe|1|[from] ability: Speed Boost
|turn|22
|
|detailschange|p1a: Sharpedo|Sharpedo-Mega, M
|-mega|p1a: Sharpedo|Sharpedo|Sharpedonite
|move|p1a: Sharpedo|Crunch|p2a: Empoleon
|-damage|p2a: Empoleon|0 fnt
|faint|p2a: Empoleon
|
|
|switch|p2a: Arcanine|Arcanine, M|147\/384
|-ability|p2a: Arcanine|Intimidate|[of] p1a: Sharpedo
|-unboost|p1a: Sharpedo|atk|1
|turn|23
|
|move|p2a: Arcanine|Extreme Speed|p1a: Sharpedo
|-crit|p1a: Sharpedo
|-damage|p1a: Sharpedo|73\/282
|move|p1a: Sharpedo|Waterfall|p2a: Arcanine
|-supereffective|p2a: Arcanine
|-damage|p2a: Arcanine|0 fnt
|-damage|p1a: Sharpedo|26\/282|[from] item: Rocky Helmet|[of] p2a: Arcanine
|faint|p2a: Arcanine
|
|
|switch|p2a: Florges|Florges, F, shiny|331\/360
|turn|24
|
|move|p1a: Sharpedo|Waterfall|p2a: Florges
|-damage|p2a: Florges|232\/360
|move|p2a: Florges|Moonblast|p1a: Sharpedo
|-supereffective|p1a: Sharpedo
|-damage|p1a: Sharpedo|0 fnt
|faint|p1a: Sharpedo
|
|-heal|p2a: Florges|254\/360|[from] item: Leftovers
|
|switch|p1a: Hippowdon|Hippowdon, F|211\/420
|-damage|p1a: Hippowdon|185\/420|[from] Stealth Rock
|-weather|Sandstorm
|turn|25
|
|move|p2a: Florges|Wish|p2a: Florges
|move|p1a: Hippowdon|Slack Off|p1a: Hippowdon
|-heal|p1a: Hippowdon|395\/420
|
|-weather|Sandstorm|[upkeep]
|-damage|p2a: Florges|232\/360|[from] sandstorm
|-heal|p2a: Florges|254\/360|[from] item: Leftovers
|turn|26
|
|switch|p2a: Serperior|Serperior, M, shiny|304\/304
|move|p1a: Hippowdon|Toxic|p2a: Serperior|[miss]
|-miss|p1a: Hippowdon|p2a: Serperior
|
|-weather|Sandstorm|[upkeep]
|-damage|p2a: Serperior|285\/304|[from] sandstorm
|-heal|p2a: Serperior|304\/304|[from] move: Wish|[wisher] Florges
|turn|27
|
|move|p2a: Serperior|Leaf Storm|p1a: Hippowdon
|-supereffective|p1a: Hippowdon
|-damage|p1a: Hippowdon|47\/420
|-boost|p2a: Serperior|spa|2
|move|p1a: Hippowdon|Earthquake|p2a: Serperior
|-resisted|p2a: Serperior
|-damage|p2a: Serperior|241\/304
|
|-weather|Sandstorm|[upkeep]
|-damage|p2a: Serperior|222\/304|[from] sandstorm
|-heal|p2a: Serperior|241\/304|[from] item: Leftovers
|turn|28
|-message|Acemanassasin forfeited.
|leave|Acemanassasin
|
|win|DerperiorX
|raw|Ladder updating...
|player|p1
|raw|Acemanassasin's rating: 1428 &rarr; <strong>1401<\/strong><br \/>(-27 for losing)
|raw|DerperiorX's rating: 1296 &rarr; <strong>1330<\/strong><br \/>(+34 for winning)