|join|daveleonhart
|join|Acemanassasin
|player|p1|daveleonhart|265
|player|p2|Acemanassasin|120
|gametype|singles
|gen|6
|tier|UU
|rated
|rule|Sleep Clause Mod: Limit one foe put to sleep
|rule|Species Clause: Limit one of each PokÃ©mon
|rule|OHKO Clause: OHKO moves are banned
|rule|Moody Clause: Moody is banned
|rule|Evasion Moves Clause: Evasion moves are banned
|rule|Endless Battle Clause: Forcing endless battles is banned
|rule|HP Percentage Mod: HP is shown in percentages
|clearpoke
|poke|p1|Crobat, M
|poke|p1|Porygon-Z
|poke|p1|Blastoise, F
|poke|p1|Celebi
|poke|p1|Flygon, F
|poke|p1|Entei, shiny
|poke|p2|Diancie
|poke|p2|Suicune
|poke|p2|Celebi
|poke|p2|Darmanitan, M
|poke|p2|Bronzong
|poke|p2|Crobat, F
|rule|Swagger Clause: Swagger is banned
|rule|Baton Pass Clause: Limit one PokÃ©mon knowing Baton Pass
|teampreview
|
|start
|switch|p1a: Flygon|Flygon, F|301\/301
|switch|p2a: Bronzong|Bronzong|337\/337
|turn|1
|
|move|p1a: Flygon|U-turn|p2a: Bronzong
|-damage|p2a: Bronzong|275\/337
|
|switch|p1a: Blastoise|Blastoise, F|361\/361
|move|p2a: Bronzong|Reflect|p2a: Bronzong
|-sidestart|p2: Acemanassasin|Reflect
|
|turn|2
|
|detailschange|p1a: Blastoise|Blastoise-Mega, F
|-mega|p1a: Blastoise|Blastoise|Blastoisinite
|move|p1a: Blastoise|Dark Pulse|p2a: Bronzong
|-supereffective|p2a: Bronzong
|-damage|p2a: Bronzong|89\/337
|move|p2a: Bronzong|Light Screen|p2a: Bronzong
|-sidestart|p2: Acemanassasin|move: Light Screen
|
|turn|3
|
|move|p1a: Blastoise|Dark Pulse|p2a: Bronzong
|-supereffective|p2a: Bronzong
|-damage|p2a: Bronzong|5\/337
|move|p2a: Bronzong|Stealth Rock|p1a: Blastoise
|-sidestart|p1: daveleonhart|move: Stealth Rock
|
|turn|4
|
|move|p1a: Blastoise|Rapid Spin|p2a: Bronzong
|-resisted|p2a: Bronzong
|-damage|p2a: Bronzong|3\/337
|-sideend|p1: daveleonhart|Stealth Rock|[from] move: Rapid Spin|[of] p1a: Blastoise
|move|p2a: Bronzong|Explosion|p1a: Blastoise
|-crit|p1a: Blastoise
|-damage|p1a: Blastoise|165\/361
|faint|p2a: Bronzong
|
|
|switch|p2a: Celebi|Celebi|341\/341
|turn|5
|
|switch|p1a: Celebi|Celebi|403\/403
|move|p2a: Celebi|Seed Bomb|p1a: Celebi
|-resisted|p1a: Celebi
|-damage|p1a: Celebi|343\/403
|
|-heal|p1a: Celebi|368\/403|[from] item: Leftovers
|turn|6
|
|move|p2a: Celebi|Swords Dance|p2a: Celebi
|-boost|p2a: Celebi|atk|2
|move|p1a: Celebi|Stealth Rock|p2a: Celebi
|-sidestart|p2: Acemanassasin|move: Stealth Rock
|
|-heal|p1a: Celebi|393\/403|[from] item: Leftovers
|turn|7
|
|move|p2a: Celebi|Swords Dance|p2a: Celebi
|-boost|p2a: Celebi|atk|2
|move|p1a: Celebi|U-turn|p2a: Celebi
|-crit|p2a: Celebi
|-supereffective|p2a: Celebi
|-damage|p2a: Celebi|81\/341
|
|switch|p1a: Flygon|Flygon, F|301\/301
|
|-heal|p2a: Celebi|102\/341|[from] item: Leftovers
|turn|8
|
|move|p2a: Celebi|Sucker Punch|p1a: Flygon
|-damage|p1a: Flygon|33\/301
|move|p1a: Flygon|U-turn|p2a: Celebi
|-supereffective|p2a: Celebi
|-damage|p2a: Celebi|0 fnt
|faint|p2a: Celebi
|
|switch|p1a: Crobat|Crobat, M|311\/311
|
|-sideend|p2: Acemanassasin|Reflect
|c|âAcemanassasin|dang that crit
|c|âdaveleonhart|sorry
|
|switch|p2a: Darmanitan|Darmanitan, M|351\/351
|-damage|p2a: Darmanitan|264\/351|[from] Stealth Rock
|turn|9
|c|âAcemanassasin|its life'
|
|switch|p1a: Blastoise|Blastoise-Mega, F|165\/361
|move|p2a: Darmanitan|Rock Slide|p1a: Blastoise
|-damage|p1a: Blastoise|78\/361
|
|-sideend|p2: Acemanassasin|move: Light Screen
|turn|10
|
|switch|p1a: Celebi|Celebi|393\/403
|move|p2a: Darmanitan|Rock Slide|p1a: Celebi
|-damage|p1a: Celebi|276\/403
|
|-heal|p1a: Celebi|301\/403|[from] item: Leftovers
|turn|11
|
|switch|p2a: Crobat|Crobat, F|373\/373
|-damage|p2a: Crobat|280\/373|[from] Stealth Rock
|move|p1a: Celebi|U-turn|p2a: Crobat
|-resisted|p2a: Crobat
|-damage|p2a: Crobat|268\/373
|
|switch|p1a: Flygon|Flygon, F|33\/301
|
|-heal|p2a: Crobat|291\/373|[from] item: Black Sludge
|turn|12
|
|move|p1a: Flygon|U-turn|p2a: Crobat
|-resisted|p2a: Crobat
|-damage|p2a: Crobat|271\/373
|
|switch|p1a: Crobat|Crobat, M|311\/311
|move|p2a: Crobat|Defog|p1a: Crobat
|-unboost|p1a: Crobat|evasion|1
|-sideend|p2: Acemanassasin|Stealth Rock|[from] move: Defog|[of] p2a: Crobat
|
|-heal|p2a: Crobat|294\/373|[from] item: Black Sludge
|turn|13
|
|move|p2a: Crobat|Roost|p2a: Crobat
|-heal|p2a: Crobat|373\/373
|move|p1a: Crobat|Brave Bird|p2a: Crobat
|-damage|p2a: Crobat|34\/373
|-damage|p1a: Crobat|199\/311|[from] recoil|[of] p2a: Crobat
|
|-heal|p2a: Crobat|57\/373|[from] item: Black Sludge
|turn|14
|
|move|p2a: Crobat|Brave Bird|p1a: Crobat
|-damage|p1a: Crobat|27\/311
|-damage|p2a: Crobat|0 fnt|[from] recoil|[of] p1a: Crobat
|faint|p2a: Crobat
|move|p1a: Crobat|Brave Bird|p2: Crobat|[notarget]
|-notarget
|
|
|switch|p2a: Suicune|Suicune|404\/404
|-ability|p2a: Suicune|Pressure
|turn|15
|
|switch|p1a: Celebi|Celebi|301\/403
|move|p2a: Suicune|Calm Mind|p2a: Suicune
|-boost|p2a: Suicune|spa|1
|-boost|p2a: Suicune|spd|1
|
|-heal|p1a: Celebi|326\/403|[from] item: Leftovers
|turn|16
|
|move|p1a: Celebi|Giga Drain|p2a: Suicune
|-supereffective|p2a: Suicune
|-damage|p2a: Suicune|294\/404
|-heal|p1a: Celebi|381\/403|[from] drain|[of] p2a: Suicune
|move|p2a: Suicune|Scald|p1a: Celebi
|-resisted|p1a: Celebi
|-damage|p1a: Celebi|335\/403
|
|-heal|p1a: Celebi|360\/403|[from] item: Leftovers
|-heal|p2a: Suicune|319\/404|[from] item: Leftovers
|turn|17
|
|move|p1a: Celebi|Stealth Rock|p2a: Suicune
|-sidestart|p2: Acemanassasin|move: Stealth Rock
|move|p2a: Suicune|Calm Mind|p2a: Suicune
|-boost|p2a: Suicune|spa|1
|-boost|p2a: Suicune|spd|1
|
|-heal|p1a: Celebi|385\/403|[from] item: Leftovers
|-heal|p2a: Suicune|344\/404|[from] item: Leftovers
|turn|18
|
|move|p1a: Celebi|Giga Drain|p2a: Suicune
|-supereffective|p2a: Suicune
|-damage|p2a: Suicune|272\/404
|-heal|p1a: Celebi|403\/403|[from] drain|[of] p2a: Suicune
|move|p2a: Suicune|Calm Mind|p2a: Suicune
|-boost|p2a: Suicune|spa|1
|-boost|p2a: Suicune|spd|1
|
|-heal|p2a: Suicune|297\/404|[from] item: Leftovers
|turn|19
|
|move|p1a: Celebi|Giga Drain|p2a: Suicune
|-supereffective|p2a: Suicune
|-damage|p2a: Suicune|229\/404
|move|p2a: Suicune|Calm Mind|p2a: Suicune
|-boost|p2a: Suicune|spa|1
|-boost|p2a: Suicune|spd|1
|
|-heal|p2a: Suicune|254\/404|[from] item: Leftovers
|turn|20
|
|switch|p1a: Porygon-Z|Porygon-Z|311\/311
|move|p2a: Suicune|Calm Mind|p2a: Suicune
|-boost|p2a: Suicune|spa|1
|-boost|p2a: Suicune|spd|1
|
|-heal|p2a: Suicune|279\/404|[from] item: Leftovers
|turn|21
|
|move|p1a: Porygon-Z|Trick|p2a: Suicune
|-activate|p1a: Porygon-Z|move: Trick|[of] p2a: Suicune
|-item|p2a: Suicune|Choice Specs|[from] move: Trick
|-item|p1a: Porygon-Z|Leftovers|[from] move: Trick
|move|p2a: Suicune|Scald|p1a: Porygon-Z
|-damage|p1a: Porygon-Z|0 fnt
|faint|p1a: Porygon-Z
|
|
|switch|p1a: Flygon|Flygon, F|33\/301
|turn|22
|c|âAcemanassasin|hit like a truck now
|c|âAcemanassasin|lol
|
|move|p1a: Flygon|U-turn|p2a: Suicune
|-damage|p2a: Suicune|233\/404
|
|switch|p1a: Celebi|Celebi|403\/403
|move|p2a: Suicune|Scald|p1a: Celebi
|-resisted|p1a: Celebi
|-damage|p1a: Celebi|243\/403
|-status|p1a: Celebi|brn
|
|-heal|p1a: Celebi|268\/403 brn|[from] item: Leftovers
|-damage|p1a: Celebi|218\/403 brn|[from] brn
|turn|23
|
|move|p1a: Celebi|Heal Bell|p1a: Celebi
|-cureteam|p1a: Celebi|[from] move: HealBell
|move|p2a: Suicune|Scald|p1a: Celebi
|-resisted|p1a: Celebi
|-damage|p1a: Celebi|62\/403
|
|-heal|p1a: Celebi|87\/403|[from] item: Leftovers
|turn|24
|
|move|p1a: Celebi|Giga Drain|p2a: Suicune
|-supereffective|p2a: Suicune
|-damage|p2a: Suicune|191\/404
|-heal|p1a: Celebi|108\/403|[from] drain|[of] p2a: Suicune
|move|p2a: Suicune|Scald|p1a: Celebi
|-resisted|p1a: Celebi
|-damage|p1a: Celebi|0 fnt
|faint|p1a: Celebi
|
|
|switch|p1a: Crobat|Crobat, M|27\/311
|turn|25
|
|move|p1a: Crobat|Brave Bird|p2a: Suicune
|-damage|p2a: Suicune|1\/404
|-damage|p1a: Crobat|0 fnt|[from] recoil|[of] p2a: Suicune
|faint|p1a: Crobat
|move|p2a: Suicune|Scald|p1: Crobat|[notarget]
|-notarget
|
|
|switch|p1a: Flygon|Flygon, F|33\/301
|turn|26
|
|move|p1a: Flygon|U-turn|p2a: Suicune
|-crit|p2a: Suicune
|-damage|p2a: Suicune|0 fnt
|faint|p2a: Suicune
|
|switch|p1a: Blastoise|Blastoise-Mega, F|78\/361
|
|
|switch|p2a: Darmanitan|Darmanitan, M|264\/351
|-damage|p2a: Darmanitan|177\/351|[from] Stealth Rock
|turn|27
|
|move|p2a: Darmanitan|Rock Slide|p1a: Blastoise
|-damage|p1a: Blastoise|0 fnt
|faint|p1a: Blastoise
|
|
|switch|p1a: Flygon|Flygon, F|33\/301
|turn|28
|
|move|p1a: Flygon|Earthquake|p2a: Darmanitan
|-supereffective|p2a: Darmanitan
|-damage|p2a: Darmanitan|0 fnt
|faint|p2a: Darmanitan
|
|c|âAcemanassasin|gg
|
|switch|p2a: Diancie|Diancie|241\/241
|-damage|p2a: Diancie|211\/241|[from] Stealth Rock
|turn|29
|c|âdaveleonhart|gg
|
|detailschange|p2a: Diancie|Diancie-Mega
|-mega|p2a: Diancie|Diancie|Diancite
|move|p1a: Flygon|Earthquake|p2a: Diancie
|-supereffective|p2a: Diancie
|-damage|p2a: Diancie|0 fnt
|faint|p2a: Diancie
|
|win|daveleonhart
|raw|Ladder updating...
|raw|daveleonhart's rating: 1401 &rarr; <strong>1416<\/strong><br \/>(+15 for winning)
|raw|Acemanassasin's rating: 1306 &rarr; <strong>1292<\/strong><br \/>(-14 for losing)
|leave|Acemanassasin
|player|p2