|join|kupurune
|join|Acemanassasin
|player|p1|kupurune|2
|player|p2|Acemanassasin|120
|gametype|singles
|gen|6
|tier|UU
|rated
|rule|Sleep Clause Mod: Limit one foe put to sleep
|rule|Species Clause: Limit one of each PokÃ©mon
|rule|OHKO Clause: OHKO moves are banned
|rule|Moody Clause: Moody is banned
|rule|Evasion Moves Clause: Evasion moves are banned
|rule|Endless Battle Clause: Forcing endless battles is banned
|rule|HP Percentage Mod: HP is shown in percentages
|clearpoke
|poke|p1|Hydreigon, M
|poke|p1|Entei, shiny
|poke|p1|Cloyster, M
|poke|p1|Toxicroak, F
|poke|p1|Rotom-Heat
|poke|p1|Crobat, M
|poke|p2|Whimsicott, F
|poke|p2|Jirachi
|poke|p2|Tentacruel, F
|poke|p2|Machamp, M
|poke|p2|Sharpedo, M
|poke|p2|Hippowdon, M
|rule|Swagger Clause: Swagger is banned
|rule|Baton Pass Clause: Limit one PokÃ©mon knowing Baton Pass
|teampreview
|
|start
|switch|p1a: Crobat|Crobat, M|347\/347
|switch|p2a: Jirachi|Jirachi|342\/342
|turn|1
|
|switch|p1a: Rotom-Heat|Rotom-Heat|282\/282
|move|p2a: Jirachi|Zen Headbutt|p1a: Rotom-Heat
|-damage|p1a: Rotom-Heat|174\/282
|
|turn|2
|
|switch|p2a: Machamp|Machamp, M|343\/343
|move|p1a: Rotom-Heat|Volt Switch|p2a: Machamp
|-damage|p2a: Machamp|265\/343
|
|switch|p1a: Crobat|Crobat, M|347\/347
|
|turn|3
|
|switch|p2a: Hippowdon|Hippowdon, M|420\/420
|-weather|Sandstorm
|move|p1a: Crobat|Brave Bird|p2a: Hippowdon
|-crit|p2a: Hippowdon
|-damage|p2a: Hippowdon|252\/420
|-damage|p1a: Crobat|292\/347|[from] recoil|[of] p2a: Hippowdon
|
|-weather|Sandstorm|[upkeep]
|-damage|p1a: Crobat|271\/347|[from] sandstorm
|-heal|p1a: Crobat|292\/347|[from] item: Black Sludge
|-heal|p2a: Hippowdon|278\/420|[from] item: Leftovers
|turn|4
|
|move|p1a: Crobat|Taunt|p2a: Hippowdon
|-start|p2a: Hippowdon|move: Taunt
|cant|p2a: Hippowdon|move: Taunt|Toxic
|
|-weather|Sandstorm|[upkeep]
|-damage|p1a: Crobat|271\/347|[from] sandstorm
|-heal|p1a: Crobat|292\/347|[from] item: Black Sludge
|-heal|p2a: Hippowdon|304\/420|[from] item: Leftovers
|turn|5
|
|move|p1a: Crobat|Super Fang|p2a: Hippowdon
|-damage|p2a: Hippowdon|152\/420
|move|p2a: Hippowdon|Earthquake|p1a: Crobat
|-immune|p1a: Crobat|[msg]
|
|-weather|Sandstorm|[upkeep]
|-damage|p1a: Crobat|271\/347|[from] sandstorm
|-heal|p1a: Crobat|292\/347|[from] item: Black Sludge
|-heal|p2a: Hippowdon|178\/420|[from] item: Leftovers
|turn|6
|
|switch|p2a: Jirachi|Jirachi|342\/342
|move|p1a: Crobat|Toxic|p2a: Jirachi
|-fail|p2a: Jirachi
|
|-weather|Sandstorm|[upkeep]
|-damage|p1a: Crobat|271\/347|[from] sandstorm
|-heal|p1a: Crobat|292\/347|[from] item: Black Sludge
|turn|7
|
|switch|p1a: Hydreigon|Hydreigon, M|330\/330
|move|p2a: Jirachi|Zen Headbutt|p1a: Hydreigon
|-immune|p1a: Hydreigon|[msg]
|
|-weather|none
|turn|8
|
|switch|p2a: Whimsicott|Whimsicott, F|280\/280
|move|p1a: Hydreigon|Dark Pulse|p2a: Whimsicott
|-resisted|p2a: Whimsicott
|-damage|p2a: Whimsicott|145\/280
|
|-heal|p2a: Whimsicott|162\/280|[from] item: Leftovers
|turn|9
|
|switch|p1a: Crobat|Crobat, M|292\/347
|move|p2a: Whimsicott|U-turn|p1a: Crobat
|-resisted|p1a: Crobat
|-damage|p1a: Crobat|281\/347
|
|switch|p2a: Jirachi|Jirachi|342\/342
|
|-heal|p1a: Crobat|302\/347|[from] item: Black Sludge
|turn|10
|
|move|p2a: Jirachi|U-turn|p1a: Crobat
|-resisted|p1a: Crobat
|-damage|p1a: Crobat|281\/347
|
|switch|p2a: Machamp|Machamp, M|265\/343
|move|p1a: Crobat|Super Fang|p2a: Machamp
|-damage|p2a: Machamp|133\/343
|
|-heal|p1a: Crobat|302\/347|[from] item: Black Sludge
|turn|11
|
|move|p1a: Crobat|Brave Bird|p2a: Machamp
|-supereffective|p2a: Machamp
|-damage|p2a: Machamp|0 fnt
|-damage|p1a: Crobat|258\/347|[from] recoil|[of] p2a: Machamp
|faint|p2a: Machamp
|
|-heal|p1a: Crobat|279\/347|[from] item: Black Sludge
|
|switch|p2a: Jirachi|Jirachi|342\/342
|turn|12
|
|switch|p1a: Rotom-Heat|Rotom-Heat|174\/282
|move|p2a: Jirachi|Zen Headbutt|p1a: Rotom-Heat
|-damage|p1a: Rotom-Heat|63\/282
|
|turn|13
|
|switch|p1a: Hydreigon|Hydreigon, M|330\/330
|move|p2a: Jirachi|Zen Headbutt|p1a: Hydreigon
|-immune|p1a: Hydreigon|[msg]
|
|turn|14
|
|switch|p2a: Tentacruel|Tentacruel, F|364\/364
|move|p1a: Hydreigon|U-turn|p2a: Tentacruel
|-resisted|p2a: Tentacruel
|-damage|p2a: Tentacruel|340\/364
|
|switch|p1a: Rotom-Heat|Rotom-Heat|63\/282
|
|-heal|p2a: Tentacruel|362\/364|[from] item: Black Sludge
|turn|15
|
|switch|p2a: Hippowdon|Hippowdon, M|178\/420
|-weather|Sandstorm
|move|p1a: Rotom-Heat|Trick|p2a: Hippowdon
|-activate|p1a: Rotom-Heat|move: Trick|[of] p2a: Hippowdon
|-item|p2a: Hippowdon|Choice Scarf|[from] move: Trick
|-item|p1a: Rotom-Heat|Leftovers|[from] move: Trick
|
|-weather|Sandstorm|[upkeep]
|-damage|p1a: Rotom-Heat|46\/282|[from] sandstorm
|-heal|p1a: Rotom-Heat|63\/282|[from] item: Leftovers
|turn|16
|
|move|p1a: Rotom-Heat|Overheat|p2a: Hippowdon
|-damage|p2a: Hippowdon|0 fnt
|-unboost|p1a: Rotom-Heat|spa|2
|faint|p2a: Hippowdon
|
|-weather|Sandstorm|[upkeep]
|-damage|p1a: Rotom-Heat|46\/282|[from] sandstorm
|-heal|p1a: Rotom-Heat|63\/282|[from] item: Leftovers
|
|switch|p2a: Sharpedo|Sharpedo, M|282\/282
|turn|17
|
|switch|p1a: Toxicroak|Toxicroak, F|308\/308
|move|p2a: Sharpedo|Protect|p2a: Sharpedo
|-fail|p2a: Sharpedo
|
|-weather|Sandstorm|[upkeep]
|-damage|p2a: Sharpedo|265\/282|[from] sandstorm
|-damage|p1a: Toxicroak|289\/308|[from] sandstorm
|-heal|p1a: Toxicroak|308\/308|[from] item: Leftovers
|-boost|p2a: Sharpedo|spe|1|[from] ability: Speed Boost
|turn|18
|
|switch|p2a: Whimsicott|Whimsicott, F|162\/280
|move|p1a: Toxicroak|Drain Punch|p2a: Whimsicott
|-resisted|p2a: Whimsicott
|-damage|p2a: Whimsicott|90\/280
|
|-weather|Sandstorm|[upkeep]
|-damage|p2a: Whimsicott|73\/280|[from] sandstorm
|-damage|p1a: Toxicroak|289\/308|[from] sandstorm
|-heal|p2a: Whimsicott|90\/280|[from] item: Leftovers
|-heal|p1a: Toxicroak|308\/308|[from] item: Leftovers
|turn|19
|
|move|p2a: Whimsicott|Encore|p1a: Toxicroak
|-start|p1a: Toxicroak|Encore
|move|p1a: Toxicroak|Drain Punch|p2a: Whimsicott
|-resisted|p2a: Whimsicott
|-damage|p2a: Whimsicott|23\/280
|
|-weather|none
|-heal|p2a: Whimsicott|40\/280|[from] item: Leftovers
|turn|20
|
|move|p2a: Whimsicott|Moonblast|p1a: Toxicroak
|-damage|p1a: Toxicroak|172\/308
|move|p1a: Toxicroak|Drain Punch|p2a: Whimsicott
|-resisted|p2a: Whimsicott
|-damage|p2a: Whimsicott|0 fnt
|-heal|p1a: Toxicroak|192\/308|[from] drain|[of] p2a: Whimsicott
|faint|p2a: Whimsicott
|
|-heal|p1a: Toxicroak|211\/308|[from] item: Leftovers
|
|switch|p2a: Sharpedo|Sharpedo, M|265\/282
|turn|21
|
|move|p2a: Sharpedo|Protect|p2a: Sharpedo
|-singleturn|p2a: Sharpedo|Protect
|move|p1a: Toxicroak|Drain Punch|p2a: Sharpedo
|-activate|p2a: Sharpedo|Protect
|
|-heal|p1a: Toxicroak|230\/308|[from] item: Leftovers
|-end|p1a: Toxicroak|Encore
|-boost|p2a: Sharpedo|spe|1|[from] ability: Speed Boost
|turn|22
|
|detailschange|p2a: Sharpedo|Sharpedo-Mega, M
|-mega|p2a: Sharpedo|Sharpedo|Sharpedonite
|move|p2a: Sharpedo|Ice Fang|p1a: Toxicroak
|-damage|p1a: Toxicroak|61\/308
|-status|p1a: Toxicroak|frz
|cant|p1a: Toxicroak|frz
|
|-heal|p1a: Toxicroak|80\/308 frz|[from] item: Leftovers
|turn|23
|
|cant|p1a: Toxicroak|frz
|move|p2a: Sharpedo|Crunch|p1a: Toxicroak
|-resisted|p1a: Toxicroak
|-damage|p1a: Toxicroak|0 fnt
|faint|p1a: Toxicroak
|
|
|switch|p1a: Cloyster|Cloyster, M|242\/242
|turn|24
|
|move|p2a: Sharpedo|Crunch|p1a: Cloyster
|-damage|p1a: Cloyster|100\/242
|move|p1a: Cloyster|Rock Blast|p2a: Sharpedo
|-damage|p2a: Sharpedo|231\/282
|-damage|p2a: Sharpedo|193\/282
|-damage|p2a: Sharpedo|160\/282
|-damage|p2a: Sharpedo|127\/282
|-damage|p2a: Sharpedo|94\/282
|-hitcount|p2a: Sharpedo|5
|
|turn|25
|
|move|p2a: Sharpedo|Crunch|p1a: Cloyster
|-damage|p1a: Cloyster|0 fnt
|faint|p1a: Cloyster
|
|
|switch|p1a: Entei|Entei, shiny|434\/434
|-ability|p1a: Entei|Pressure
|turn|26
|
|move|p2a: Sharpedo|Protect|p2a: Sharpedo
|-singleturn|p2a: Sharpedo|Protect
|move|p1a: Entei|Extreme Speed|p2a: Sharpedo
|-activate|p2a: Sharpedo|Protect
|
|turn|27
|
|move|p1a: Entei|Extreme Speed|p2a: Sharpedo
|-damage|p2a: Sharpedo|0 fnt
|faint|p2a: Sharpedo
|
|
|switch|p2a: Tentacruel|Tentacruel, F|362\/364
|turn|28
|
|switch|p1a: Crobat|Crobat, M|279\/347
|move|p2a: Tentacruel|Scald|p1a: Crobat
|-damage|p1a: Crobat|185\/347
|
|-heal|p1a: Crobat|206\/347|[from] item: Black Sludge
|-heal|p2a: Tentacruel|364\/364|[from] item: Black Sludge
|turn|29
|
|move|p1a: Crobat|Super Fang|p2a: Tentacruel
|-damage|p2a: Tentacruel|182\/364
|move|p2a: Tentacruel|Scald|p1a: Crobat
|-damage|p1a: Crobat|118\/347
|-status|p1a: Crobat|brn
|
|-heal|p1a: Crobat|139\/347 brn|[from] item: Black Sludge
|-heal|p2a: Tentacruel|204\/364|[from] item: Black Sludge
|-damage|p1a: Crobat|96\/347 brn|[from] brn
|turn|30
|
|switch|p2a: Jirachi|Jirachi|342\/342
|move|p1a: Crobat|Brave Bird|p2a: Jirachi
|-resisted|p2a: Jirachi
|-damage|p2a: Jirachi|307\/342
|-damage|p1a: Crobat|84\/347 brn|[from] recoil|[of] p2a: Jirachi
|
|-heal|p1a: Crobat|105\/347 brn|[from] item: Black Sludge
|-damage|p1a: Crobat|62\/347 brn|[from] brn
|turn|31
|
|move|p2a: Jirachi|Iron Head|p1a: Crobat
|-damage|p1a: Crobat|0 fnt
|faint|p1a: Crobat
|
|
|switch|p1a: Entei|Entei, shiny|434\/434
|-ability|p1a: Entei|Pressure
|turn|32
|
|switch|p2a: Tentacruel|Tentacruel, F|204\/364
|move|p1a: Entei|Sacred Fire|p2a: Tentacruel
|-resisted|p2a: Tentacruel
|-damage|p2a: Tentacruel|119\/364
|
|-heal|p2a: Tentacruel|141\/364|[from] item: Black Sludge
|turn|33
|
|move|p2a: Tentacruel|Scald|p1a: Entei
|-supereffective|p1a: Entei
|-damage|p1a: Entei|236\/434
|move|p1a: Entei|Sacred Fire|p2a: Tentacruel
|-resisted|p2a: Tentacruel
|-damage|p2a: Tentacruel|54\/364
|-status|p2a: Tentacruel|brn
|
|-heal|p2a: Tentacruel|76\/364 brn|[from] item: Black Sludge
|-damage|p2a: Tentacruel|31\/364 brn|[from] brn
|turn|34
|
|move|p1a: Entei|Extreme Speed|p2a: Tentacruel
|-crit|p2a: Tentacruel
|-damage|p2a: Tentacruel|0 fnt
|faint|p2a: Tentacruel
|
|
|switch|p2a: Jirachi|Jirachi|307\/342
|turn|35
|
|move|p2a: Jirachi|Iron Head|p1a: Entei
|-resisted|p1a: Entei
|-damage|p1a: Entei|170\/434
|cant|p1a: Entei|flinch
|
|turn|36
|
|move|p2a: Jirachi|Iron Head|p1a: Entei
|-resisted|p1a: Entei
|-damage|p1a: Entei|98\/434
|-enditem|p1a: Entei|Liechi Berry|[eat]
|-boost|p1a: Entei|atk|1|[from] item: Liechi Berry
|cant|p1a: Entei|flinch
|
|turn|37
|
|move|p2a: Jirachi|Iron Head|p1a: Entei
|-crit|p1a: Entei
|-resisted|p1a: Entei
|-damage|p1a: Entei|0 fnt
|faint|p1a: Entei
|
|
|switch|p1a: Hydreigon|Hydreigon, M|330\/330
|turn|38
|
|move|p2a: Jirachi|Iron Head|p1a: Hydreigon
|-damage|p1a: Hydreigon|203\/330
|cant|p1a: Hydreigon|flinch
|
|turn|39
|
|move|p2a: Jirachi|Iron Head|p1a: Hydreigon
|-damage|p1a: Hydreigon|74\/330
|cant|p1a: Hydreigon|flinch
|
|turn|40
|c|âAcemanassasin|holy shit
|
|move|p2a: Jirachi|Iron Head|p1a: Hydreigon
|-damage|p1a: Hydreigon|0 fnt
|faint|p1a: Hydreigon
|
|-message|kupurune forfeited.
|
|win|Acemanassasin
|raw|Ladder updating...
|leave|kupurune
|player|p1
|raw|kupurune's rating: 1468 &rarr; <strong>1449<\/strong><br \/>(-19 for losing)
|raw|Acemanassasin's rating: 1483 &rarr; <strong>1502<\/strong><br \/>(+19 for winning)