|join|Acemanassasin
|join|ohthatsgreat
|player|p1|Acemanassasin|120
|player|p2|ohthatsgreat|226
|gametype|singles
|gen|6
|tier|UU
|rated
|rule|Sleep Clause Mod: Limit one foe put to sleep
|rule|Species Clause: Limit one of each PokÃ©mon
|rule|OHKO Clause: OHKO moves are banned
|rule|Moody Clause: Moody is banned
|rule|Evasion Moves Clause: Evasion moves are banned
|rule|Endless Battle Clause: Forcing endless battles is banned
|rule|HP Percentage Mod: HP is shown in percentages
|clearpoke
|poke|p1|Diancie
|poke|p1|Suicune
|poke|p1|Celebi
|poke|p1|Darmanitan, M
|poke|p1|Bronzong
|poke|p1|Crobat, M
|poke|p2|Arcanine, M
|poke|p2|Slurpuff, F
|poke|p2|Flygon, M, shiny
|poke|p2|Umbreon, M, shiny
|poke|p2|Mienshao, F
|poke|p2|Kingdra, M
|rule|Swagger Clause: Swagger is banned
|rule|Baton Pass Clause: Limit one PokÃ©mon knowing Baton Pass
|teampreview
|
|start
|switch|p1a: Crobat|Crobat, M|373\/373
|switch|p2a: Flygon|Flygon, M, shiny|301\/301
|turn|1
|
|move|p1a: Crobat|U-turn|p2a: Flygon
|-damage|p2a: Flygon|231\/301
|c|âAcemanassasin|not scarf
|
|switch|p1a: Diancie|Diancie|241\/241
|move|p2a: Flygon|Dragon Claw|p1a: Diancie
|-immune|p1a: Diancie|[msg]
|
|turn|2
|c|âohthatsgreat|nope
|
|switch|p2a: Slurpuff|Slurpuff, F|306\/306
|detailschange|p1a: Diancie|Diancie-Mega
|-mega|p1a: Diancie|Diancie|Diancite
|move|p1a: Diancie|Rock Polish|p1a: Diancie
|-boost|p1a: Diancie|spe|2
|
|turn|3
|
|move|p1a: Diancie|Moonblast|p2a: Slurpuff
|-damage|p2a: Slurpuff|17\/306
|-enditem|p2a: Slurpuff|Sitrus Berry|[eat]
|-heal|p2a: Slurpuff|93\/306|[from] item: Sitrus Berry
|move|p2a: Slurpuff|Belly Drum|p2a: Slurpuff
|-fail|p2a: Slurpuff
|
|turn|4
|
|move|p1a: Diancie|Moonblast|p2a: Slurpuff
|-damage|p2a: Slurpuff|0 fnt
|faint|p2a: Slurpuff
|
|
|switch|p2a: Mienshao|Mienshao, F|271\/271
|turn|5
|
|move|p1a: Diancie|Moonblast|p2a: Mienshao
|-supereffective|p2a: Mienshao
|-damage|p2a: Mienshao|0 fnt
|faint|p2a: Mienshao
|
|
|switch|p2a: Arcanine|Arcanine, M|321\/321
|turn|6
|
|move|p2a: Arcanine|Extreme Speed|p1a: Diancie
|-resisted|p1a: Diancie
|-damage|p1a: Diancie|176\/241
|-damage|p2a: Arcanine|289\/321|[from] item: Life Orb
|move|p1a: Diancie|Earth Power|p2a: Arcanine
|-supereffective|p2a: Arcanine
|-damage|p2a: Arcanine|0 fnt
|faint|p2a: Arcanine
|
|
|switch|p2a: Umbreon|Umbreon, M, shiny|394\/394
|turn|7
|
|move|p1a: Diancie|Moonblast|p2a: Umbreon
|-supereffective|p2a: Umbreon
|-damage|p2a: Umbreon|130\/394
|move|p2a: Umbreon|Foul Play|p1a: Diancie
|-resisted|p1a: Diancie
|-damage|p1a: Diancie|90\/241
|
|-heal|p2a: Umbreon|154\/394|[from] item: Leftovers
|turn|8
|
|move|p2a: Umbreon|Protect|p2a: Umbreon
|-singleturn|p2a: Umbreon|Protect
|move|p1a: Diancie|Moonblast|p2a: Umbreon
|-activate|p2a: Umbreon|Protect
|
|-heal|p2a: Umbreon|178\/394|[from] item: Leftovers
|turn|9
|
|move|p1a: Diancie|Moonblast|p2a: Umbreon
|-supereffective|p2a: Umbreon
|-damage|p2a: Umbreon|0 fnt
|faint|p2a: Umbreon
|
|
|switch|p2a: Kingdra|Kingdra, M|291\/291
|turn|10
|
|move|p1a: Diancie|Moonblast|p2a: Kingdra
|-supereffective|p2a: Kingdra
|-damage|p2a: Kingdra|0 fnt
|faint|p2a: Kingdra
|
|
|switch|p2a: Flygon|Flygon, M, shiny|231\/301
|turn|11
|
|move|p1a: Diancie|Moonblast|p2a: Flygon
|-supereffective|p2a: Flygon
|-damage|p2a: Flygon|0 fnt
|faint|p2a: Flygon
|
|win|Acemanassasin
|raw|Ladder updating...
|raw|Acemanassasin's rating: 1292 &rarr; <strong>1308<\/strong><br \/>(+16 for winning)
|raw|ohthatsgreat's rating: 1169 &rarr; <strong>1153<\/strong><br \/>(-16 for losing)
|leave|ohthatsgreat
|player|p2