|join|Smart Meat
|join|Skalibur Skaut
|player|p1|Smart Meat|266
|player|p2|Skalibur Skaut|58
|gametype|singles
|gen|6
|tier|OU
|rated
|clearpoke
|poke|p1|Dragonite, F
|poke|p1|Landorus-Therian, M, shiny
|poke|p1|Chansey, F
|poke|p1|Magnezone, shiny
|poke|p1|Hawlucha, M
|poke|p1|Venusaur, M, shiny
|poke|p2|Infernape, F
|poke|p2|Gyarados, F
|poke|p2|Keldeo-Resolute
|poke|p2|Kyurem-Black
|poke|p2|Terrakion
|poke|p2|Staraptor, M
|rule|Swagger Clause: Swagger is banned
|rule|Baton Pass Clause: Limit one PokÃ©mon knowing Baton Pass
|rule|Sleep Clause Mod: Limit one foe put to sleep
|rule|Species Clause: Limit one of each PokÃ©mon
|rule|OHKO Clause: OHKO moves are banned
|rule|Moody Clause: Moody is banned
|rule|Evasion Moves Clause: Evasion moves are banned
|rule|Endless Battle Clause: Forcing endless battles is banned
|rule|HP Percentage Mod: HP is shown in percentages
|teampreview
|
|start
|switch|p1a: Landorus-Therian|Landorus-Therian, M, shiny|319\/319
|switch|p2a: Infernape|Infernape, F|356\/356
|-ability|p1a: Landorus-Therian|Intimidate|[of] p2a: Infernape
|-unboost|p2a: Infernape|atk|1
|turn|1
|
|move|p1a: Landorus-Therian|U-turn|p2a: Infernape
|-resisted|p2a: Infernape
|-damage|p2a: Infernape|317\/356
|
|switch|p1a: Dragonite|Dragonite, F|385\/385
|move|p2a: Infernape|Taunt|p1a: Dragonite
|-start|p1a: Dragonite|move: Taunt
|
|turn|2
|
|move|p2a: Infernape|Stealth Rock|p1a: Dragonite
|-sidestart|p1: Smart Meat|move: Stealth Rock
|move|p1a: Dragonite|Dragon Tail|p2a: Infernape
|-crit|p2a: Infernape
|-damage|p2a: Infernape|103\/356
|drag|p2a: Terrakion|Terrakion|323\/323
|
|turn|3
|
|switch|p1a: Venusaur|Venusaur, M, shiny|363\/363
|-damage|p1a: Venusaur|318\/363|[from] Stealth Rock
|move|p2a: Terrakion|Stone Edge|p1a: Venusaur
|-damage|p1a: Venusaur|170\/363
|
|turn|4
|
|switch|p2a: Kyurem-Black|Kyurem-Black|453\/453
|-ability|p2a: Kyurem-Black|Teravolt
|detailschange|p1a: Venusaur|Venusaur-Mega, M, shiny
|-mega|p1a: Venusaur|Venusaur|Venusaurite
|move|p1a: Venusaur|Sleep Powder|p2a: Kyurem-Black
|-status|p2a: Kyurem-Black|slp
|
|turn|5
|
|cant|p2a: Kyurem-Black|slp
|move|p1a: Venusaur|Leech Seed|p2a: Kyurem-Black
|-start|p2a: Kyurem-Black|move: Leech Seed
|
|-damage|p2a: Kyurem-Black|397\/453 slp|[from] Leech Seed|[of] p1a: Venusaur
|-heal|p1a: Venusaur|226\/363|[silent]
|turn|6
|
|switch|p1a: Chansey|Chansey, F|703\/703
|-damage|p1a: Chansey|616\/703|[from] Stealth Rock
|cant|p2a: Kyurem-Black|slp
|
|-damage|p2a: Kyurem-Black|341\/453 slp|[from] Leech Seed|[of] p1a: Chansey
|-heal|p1a: Chansey|672\/703|[silent]
|turn|7
|
|switch|p2a: Infernape|Infernape, F|103\/356
|move|p1a: Chansey|Stealth Rock|p2a: Infernape
|-sidestart|p2: Skalibur Skaut|move: Stealth Rock
|
|turn|8
|
|switch|p1a: Landorus-Therian|Landorus-Therian, M, shiny|319\/319
|-damage|p1a: Landorus-Therian|280\/319|[from] Stealth Rock
|-ability|p1a: Landorus-Therian|Intimidate|[of] p2a: Infernape
|-unboost|p2a: Infernape|atk|1
|move|p2a: Infernape|Endeavor|p1a: Landorus-Therian
|-damage|p1a: Landorus-Therian|103\/319
|
|turn|9
|
|move|p1a: Landorus-Therian|Stone Edge|p2a: Infernape
|-damage|p2a: Infernape|0 fnt
|faint|p2a: Infernape
|
|
|switch|p2a: Keldeo-Resolute|Keldeo-Resolute|323\/323
|-damage|p2a: Keldeo-Resolute|303\/323|[from] Stealth Rock
|turn|10
|
|switch|p1a: Dragonite|Dragonite, F|385\/385
|-damage|p1a: Dragonite|289\/385|[from] Stealth Rock
|move|p2a: Keldeo-Resolute|Scald|p1a: Dragonite
|-resisted|p1a: Dragonite
|-damage|p1a: Dragonite|237\/385
|-status|p1a: Dragonite|brn
|
|-heal|p1a: Dragonite|261\/385 brn|[from] item: Leftovers
|-damage|p1a: Dragonite|213\/385 brn|[from] brn
|turn|11
|
|move|p2a: Keldeo-Resolute|Scald|p1a: Dragonite
|-resisted|p1a: Dragonite
|-damage|p1a: Dragonite|163\/385 brn
|move|p1a: Dragonite|Thunder Wave|p2a: Keldeo-Resolute
|-status|p2a: Keldeo-Resolute|par
|
|-heal|p1a: Dragonite|187\/385 brn|[from] item: Leftovers
|-damage|p1a: Dragonite|139\/385 brn|[from] brn
|turn|12
|
|move|p1a: Dragonite|Roost|p1a: Dragonite
|-heal|p1a: Dragonite|332\/385 brn
|cant|p2a: Keldeo-Resolute|par
|
|-heal|p1a: Dragonite|356\/385 brn|[from] item: Leftovers
|-damage|p1a: Dragonite|308\/385 brn|[from] brn
|turn|13
|
|move|p1a: Dragonite|Substitute|p1a: Dragonite
|-start|p1a: Dragonite|Substitute
|-damage|p1a: Dragonite|212\/385 brn
|cant|p2a: Keldeo-Resolute|par
|
|-heal|p1a: Dragonite|236\/385 brn|[from] item: Leftovers
|-damage|p1a: Dragonite|188\/385 brn|[from] brn
|turn|14
|
|move|p1a: Dragonite|Roost|p1a: Dragonite
|-heal|p1a: Dragonite|381\/385 brn
|cant|p2a: Keldeo-Resolute|par
|
|-heal|p1a: Dragonite|385\/385 brn|[from] item: Leftovers
|-damage|p1a: Dragonite|337\/385 brn|[from] brn
|turn|15
|
|move|p2a: Keldeo-Resolute|Scald|p1a: Dragonite
|-resisted|p1a: Dragonite
|-activate|p1a: Dragonite|Substitute|[damage]
|move|p1a: Dragonite|Dragon Tail|p2a: Keldeo-Resolute
|-damage|p2a: Keldeo-Resolute|251\/323 par
|drag|p2a: Gyarados|Gyarados, F|349\/349
|-damage|p2a: Gyarados|262\/349|[from] Stealth Rock
|-activate|p1a: Dragonite|Substitute|ability: Intimidate|[of] p2a: Gyarados
|
|-heal|p1a: Dragonite|361\/385 brn|[from] item: Leftovers
|-damage|p1a: Dragonite|313\/385 brn|[from] brn
|turn|16
|
|switch|p2a: Keldeo-Resolute|Keldeo-Resolute|251\/323 par
|-damage|p2a: Keldeo-Resolute|231\/323 par|[from] Stealth Rock
|move|p1a: Dragonite|Thunder Wave|p2a: Keldeo-Resolute
|-fail|p2a: Keldeo-Resolute|par
|
|-heal|p1a: Dragonite|337\/385 brn|[from] item: Leftovers
|-damage|p1a: Dragonite|289\/385 brn|[from] brn
|turn|17
|
|cant|p2a: Keldeo-Resolute|par
|move|p1a: Dragonite|Dragon Tail|p2a: Keldeo-Resolute
|-crit|p2a: Keldeo-Resolute
|-damage|p2a: Keldeo-Resolute|155\/323 par
|drag|p2a: Terrakion|Terrakion|323\/323
|-damage|p2a: Terrakion|303\/323|[from] Stealth Rock
|
|-heal|p1a: Dragonite|313\/385 brn|[from] item: Leftovers
|-damage|p1a: Dragonite|265\/385 brn|[from] brn
|turn|18
|
|switch|p2a: Keldeo-Resolute|Keldeo-Resolute|155\/323 par
|-damage|p2a: Keldeo-Resolute|135\/323 par|[from] Stealth Rock
|move|p1a: Dragonite|Dragon Tail|p2a: Keldeo-Resolute
|-damage|p2a: Keldeo-Resolute|87\/323 par
|drag|p2a: Kyurem-Black|Kyurem-Black|341\/453 slp
|-damage|p2a: Kyurem-Black|228\/453 slp|[from] Stealth Rock
|-ability|p2a: Kyurem-Black|Teravolt
|
|-heal|p1a: Dragonite|289\/385 brn|[from] item: Leftovers
|-damage|p1a: Dragonite|241\/385 brn|[from] brn
|turn|19
|
|cant|p2a: Kyurem-Black|slp
|move|p1a: Dragonite|Dragon Tail|p2a: Kyurem-Black
|-supereffective|p2a: Kyurem-Black
|-damage|p2a: Kyurem-Black|142\/453 slp
|drag|p2a: Gyarados|Gyarados, F|262\/349
|-damage|p2a: Gyarados|175\/349|[from] Stealth Rock
|-activate|p1a: Dragonite|Substitute|ability: Intimidate|[of] p2a: Gyarados
|
|-heal|p1a: Dragonite|265\/385 brn|[from] item: Leftovers
|-damage|p1a: Dragonite|217\/385 brn|[from] brn
|turn|20
|
|detailschange|p2a: Gyarados|Gyarados-Mega, F
|-mega|p2a: Gyarados|Gyarados|Gyaradosite
|-ability|p2a: Gyarados|Mold Breaker
|move|p2a: Gyarados|Crunch|p1a: Dragonite
|-end|p1a: Dragonite|Substitute
|move|p1a: Dragonite|Dragon Tail|p2a: Gyarados
|-damage|p2a: Gyarados|133\/349
|drag|p2a: Terrakion|Terrakion|303\/323
|-damage|p2a: Terrakion|283\/323|[from] Stealth Rock
|
|-heal|p1a: Dragonite|241\/385 brn|[from] item: Leftovers
|-damage|p1a: Dragonite|193\/385 brn|[from] brn
|turn|21
|
|switch|p1a: Landorus-Therian|Landorus-Therian, M, shiny|103\/319
|-damage|p1a: Landorus-Therian|64\/319|[from] Stealth Rock
|-ability|p1a: Landorus-Therian|Intimidate|[of] p2a: Terrakion
|-unboost|p2a: Terrakion|atk|1
|move|p2a: Terrakion|Stone Edge|p1a: Landorus-Therian|[miss]
|-miss|p2a: Terrakion|p1a: Landorus-Therian
|
|turn|22
|
|move|p2a: Terrakion|Stone Edge|p1a: Landorus-Therian
|-crit|p1a: Landorus-Therian
|-damage|p1a: Landorus-Therian|0 fnt
|faint|p1a: Landorus-Therian
|
|
|switch|p1a: Venusaur|Venusaur-Mega, M, shiny|226\/363
|-damage|p1a: Venusaur|181\/363|[from] Stealth Rock
|turn|23
|
|switch|p2a: Keldeo-Resolute|Keldeo-Resolute|87\/323 par
|-damage|p2a: Keldeo-Resolute|67\/323 par|[from] Stealth Rock
|move|p1a: Venusaur|Leech Seed|p2a: Keldeo-Resolute
|-start|p2a: Keldeo-Resolute|move: Leech Seed
|
|-damage|p2a: Keldeo-Resolute|27\/323 par|[from] Leech Seed|[of] p1a: Venusaur
|-heal|p1a: Venusaur|221\/363|[silent]
|turn|24
|
|move|p1a: Venusaur|Sludge Bomb|p2a: Keldeo-Resolute
|-damage|p2a: Keldeo-Resolute|0 fnt
|faint|p2a: Keldeo-Resolute
|
|
|switch|p2a: Staraptor|Staraptor, M|311\/311
|-damage|p2a: Staraptor|234\/311|[from] Stealth Rock
|turn|25
|
|switch|p1a: Dragonite|Dragonite, F|193\/385 brn
|-damage|p1a: Dragonite|97\/385 brn|[from] Stealth Rock
|move|p2a: Staraptor|Brave Bird|p1a: Dragonite
|-damage|p1a: Dragonite|0 fnt
|-damage|p2a: Staraptor|202\/311|[from] recoil|[of] p1a: Dragonite
|faint|p1a: Dragonite
|
|
|switch|p1a: Magnezone|Magnezone, shiny|343\/343
|-damage|p1a: Magnezone|322\/343|[from] Stealth Rock
|turn|26
|
|switch|p2a: Kyurem-Black|Kyurem-Black|142\/453 slp
|-damage|p2a: Kyurem-Black|29\/453 slp|[from] Stealth Rock
|-ability|p2a: Kyurem-Black|Teravolt
|move|p1a: Magnezone|Volt Switch|p2a: Kyurem-Black
|-resisted|p2a: Kyurem-Black
|-damage|p2a: Kyurem-Black|0 fnt
|faint|p2a: Kyurem-Black
|
|switch|p1a: Chansey|Chansey, F|672\/703
|-damage|p1a: Chansey|585\/703|[from] Stealth Rock
|
|
|switch|p2a: Staraptor|Staraptor, M|202\/311
|-damage|p2a: Staraptor|125\/311|[from] Stealth Rock
|turn|27
|
|move|p2a: Staraptor|Brave Bird|p1a: Chansey
|-damage|p1a: Chansey|44\/703
|-damage|p2a: Staraptor|0 fnt|[from] recoil|[of] p1a: Chansey
|faint|p2a: Staraptor
|move|p1a: Chansey|Seismic Toss|p2: Staraptor|[notarget]
|-notarget
|
|
|switch|p2a: Terrakion|Terrakion|283\/323
|-damage|p2a: Terrakion|263\/323|[from] Stealth Rock
|turn|28
|
|move|p2a: Terrakion|Close Combat|p1a: Chansey
|-supereffective|p1a: Chansey
|-damage|p1a: Chansey|0 fnt
|-unboost|p2a: Terrakion|def|1
|-unboost|p2a: Terrakion|spd|1
|faint|p1a: Chansey
|
|
|switch|p1a: Magnezone|Magnezone, shiny|322\/343
|-damage|p1a: Magnezone|301\/343|[from] Stealth Rock
|turn|29
|
|move|p2a: Terrakion|Close Combat|p1a: Magnezone
|-supereffective|p1a: Magnezone
|-damage|p1a: Magnezone|0 fnt
|-unboost|p2a: Terrakion|def|1
|-unboost|p2a: Terrakion|spd|1
|faint|p1a: Magnezone
|
|
|switch|p1a: Hawlucha|Hawlucha, M|359\/359
|-damage|p1a: Hawlucha|315\/359|[from] Stealth Rock
|turn|30
|
|switch|p2a: Gyarados|Gyarados-Mega, F|133\/349
|-damage|p2a: Gyarados|90\/349|[from] Stealth Rock
|-ability|p2a: Gyarados|Mold Breaker
|move|p1a: Hawlucha|Substitute|p1a: Hawlucha
|-start|p1a: Hawlucha|Substitute
|-damage|p1a: Hawlucha|226\/359
|
|turn|31
|
|move|p1a: Hawlucha|Swords Dance|p1a: Hawlucha
|-boost|p1a: Hawlucha|atk|2
|move|p2a: Gyarados|Waterfall|p1a: Hawlucha
|-end|p1a: Hawlucha|Substitute
|
|turn|32
|
|move|p1a: Hawlucha|Substitute|p1a: Hawlucha
|-start|p1a: Hawlucha|Substitute
|-damage|p1a: Hawlucha|137\/359
|-enditem|p1a: Hawlucha|Sitrus Berry|[eat]
|-heal|p1a: Hawlucha|226\/359|[from] item: Sitrus Berry
|move|p2a: Gyarados|Waterfall|p1a: Hawlucha
|-end|p1a: Hawlucha|Substitute
|
|turn|33
|
|move|p1a: Hawlucha|Acrobatics|p2a: Gyarados
|-damage|p2a: Gyarados|0 fnt
|faint|p2a: Gyarados
|
|
|switch|p2a: Terrakion|Terrakion|263\/323
|-damage|p2a: Terrakion|243\/323|[from] Stealth Rock
|turn|34
|c|âSkalibur Skaut|7uy7
|c|âSkalibur Skaut|7w7
|c|âSkalibur Skaut|7w7
|c|âSkalibur Skaut|7w7
|c|âSkalibur Skaut|7u7
|c|âSmart Meat|7uuuuu7
|c|âSkalibur Skaut|7uuuuuuuuuuuu7
|
|move|p1a: Hawlucha|Acrobatics|p2a: Terrakion
|-crit|p2a: Terrakion
|-damage|p2a: Terrakion|0 fnt
|faint|p2a: Terrakion
|
|win|Smart Meat
|raw|Ladder updating...
|raw|Smart Meat's rating: 1465 &rarr; <strong>1482<\/strong><br \/>(+17 for winning)
|raw|Skalibur Skaut's rating: 1399 &rarr; <strong>1383<\/strong><br \/>(-16 for losing)
|c|âSmart Meat|7wwwwwwwwwwwwwwwww7
|leave|Skalibur Skaut
|player|p2