|join|Skalibur Skaut
|join|Yan020495
|player|p1|Skalibur Skaut|58
|player|p2|Yan020495|102
|gametype|singles
|gen|6
|tier|OU
|rated
|clearpoke
|poke|p1|Infernape, M
|poke|p1|Gyarados, F
|poke|p1|Keldeo-Resolute
|poke|p1|Kyurem-Black
|poke|p1|Terrakion
|poke|p1|Staraptor, F
|poke|p2|Altaria, M
|poke|p2|Landorus-Therian, M
|poke|p2|Latios, M
|poke|p2|Magnezone
|poke|p2|Chansey, F
|poke|p2|Heatran, M
|rule|Swagger Clause: Swagger is banned
|rule|Baton Pass Clause: Limit one PokÃ©mon knowing Baton Pass
|rule|Sleep Clause Mod: Limit one foe put to sleep
|rule|Species Clause: Limit one of each PokÃ©mon
|rule|OHKO Clause: OHKO moves are banned
|rule|Moody Clause: Moody is banned
|rule|Evasion Moves Clause: Evasion moves are banned
|rule|Endless Battle Clause: Forcing endless battles is banned
|rule|HP Percentage Mod: HP is shown in percentages
|teampreview
|
|start
|switch|p1a: Infernape|Infernape, M|356\/356
|switch|p2a: Landorus-Therian|Landorus-Therian, M|319\/319
|-ability|p2a: Landorus-Therian|Intimidate|[of] p1a: Infernape
|-unboost|p1a: Infernape|atk|1
|turn|1
|join|Kirito1512
|c| Kirito1512|oe mais uma veeeeeeeez o\/
|c|âYan020495|oie
|
|move|p2a: Landorus-Therian|U-turn|p1a: Infernape
|-resisted|p1a: Infernape
|-damage|p1a: Infernape|323\/356
|
|switch|p2a: Altaria|Altaria, M|307\/307
|move|p1a: Infernape|Stealth Rock|p2a: Altaria
|-sidestart|p2: Yan020495|move: Stealth Rock
|
|turn|2
|
|detailschange|p2a: Altaria|Altaria-Mega, M
|-mega|p2a: Altaria|Altaria|Altarianite
|move|p1a: Infernape|Taunt|p2a: Altaria
|-start|p2a: Altaria|move: Taunt
|cant|p2a: Altaria|move: Taunt|Dragon Dance
|
|turn|3
|c|âYan020495|Infernape lead...
|c|âYan020495|hmmmm
|c|âSkalibur Skaut|oie zy
|c|âSkalibur Skaut|ke rikolino
|c|âSkalibur Skaut|occc
|
|move|p1a: Infernape|Endeavor|p2a: Altaria
|-immune|p2a: Altaria|[msg]
|-fail|p2a: Altaria
|move|p2a: Altaria|Return|p1a: Infernape
|-damage|p1a: Infernape|20\/356
|
|turn|4
|c|âSkalibur Skaut|oie ke 7w7
|c| Kirito1512|nunca tinha visto um lead
|c|âYan020495|oie
|c|âSkalibur Skaut|eu tein papa
|c|âSkalibur Skaut|voce no tein nada
|c|âSkalibur Skaut|7w7
|c| Kirito1512|wat
|c|âYan020495|eu sou ateu,mano
|c|âYan020495|tenho papa n
|c| Kirito1512|ahsusahusahushauhsaushaushausahsauhsauhsausahusahuashuashusahusahuashuahsauhsauhsauhusahsausahusahusahusahusahusahusahsauhsausahusahusahusahusahusahusahsuahsauhasuhsausahusahsuahsau
|c| Kirito1512|print
|
|switch|p2a: Latios|Latios, M|302\/302
|-damage|p2a: Latios|265\/302|[from] Stealth Rock
|move|p1a: Infernape|Endeavor|p2a: Latios
|-damage|p2a: Latios|20\/302
|
|turn|5
|c|âSkalibur Skaut|eu papa argentino
|
|move|p1a: Infernape|Vacuum Wave|p2a: Latios
|-resisted|p2a: Latios
|-damage|p2a: Latios|0 fnt
|faint|p2a: Latios
|
|
|switch|p2a: Landorus-Therian|Landorus-Therian, M|319\/319
|-damage|p2a: Landorus-Therian|280\/319|[from] Stealth Rock
|-ability|p2a: Landorus-Therian|Intimidate|[of] p1a: Infernape
|-unboost|p1a: Infernape|atk|1
|turn|6
|c| Kirito1512|eu sou ateu mano
|
|move|p2a: Landorus-Therian|U-turn|p1a: Infernape
|-resisted|p1a: Infernape
|-damage|p1a: Infernape|0 fnt
|faint|p1a: Infernape
|c| Kirito1512|cridito nisso nÃ£o
|c| Kirito1512|tenho papa n
|c|âSkalibur Skaut|voce brazuca?
|c|âYan020495|s
|c|âYan020495|HUE BRBR
|
|switch|p2a: Magnezone|Magnezone|324\/324
|-damage|p2a: Magnezone|304\/324|[from] Stealth Rock
|
|c|âSkalibur Skaut|oc
|
|switch|p1a: Terrakion|Terrakion|323\/323
|turn|7
|
|move|p1a: Terrakion|Close Combat|p2a: Magnezone
|-supereffective|p2a: Magnezone
|-damage|p2a: Magnezone|0 fnt
|-unboost|p1a: Terrakion|def|1
|-unboost|p1a: Terrakion|spd|1
|faint|p2a: Magnezone
|
|c|âSkalibur Skaut|oc
|
|switch|p2a: Altaria|Altaria-Mega, M|307\/307
|-damage|p2a: Altaria|269\/307|[from] Stealth Rock
|turn|8
|c| Kirito1512|heuheuheuheuehueheuheuheuehuheuheuehuehueheuheu
|
|switch|p1a: Gyarados|Gyarados, F|349\/349
|-ability|p1a: Gyarados|Intimidate|[of] p2a: Altaria
|-unboost|p2a: Altaria|atk|1
|move|p2a: Altaria|Dragon Dance|p2a: Altaria
|-boost|p2a: Altaria|atk|1
|-boost|p2a: Altaria|spe|1
|
|turn|9
|
|move|p2a: Altaria|Return|p1a: Gyarados
|-crit|p1a: Gyarados
|-damage|p1a: Gyarados|0 fnt
|faint|p1a: Gyarados
|
|c|âYan020495|CARALHOW
|c| Kirito1512|\o\/
|c|âSkalibur Skaut|oc
|
|switch|p1a: Terrakion|Terrakion|323\/323
|turn|10
|c|âSkalibur Skaut|haxera
|c|âSkalibur Skaut|7w7
|
|move|p1a: Terrakion|Iron Head|p2a: Altaria
|-supereffective|p2a: Altaria
|-damage|p2a: Altaria|95\/307
|move|p2a: Altaria|Return|p1a: Terrakion
|-crit|p1a: Terrakion
|-supereffective|p1a: Terrakion
|-damage|p1a: Terrakion|0 fnt
|faint|p1a: Terrakion
|
|c|âYan020495|lol
|c|âYan020495|'-'
|
|switch|p1a: Kyurem-Black|Kyurem-Black|453\/453
|-ability|p1a: Kyurem-Black|Teravolt
|turn|11
|
|move|p2a: Altaria|Return|p1a: Kyurem-Black
|-supereffective|p1a: Kyurem-Black
|-damage|p1a: Kyurem-Black|3\/453
|move|p1a: Kyurem-Black|Ice Beam|p2a: Altaria
|-supereffective|p2a: Altaria
|-damage|p2a: Altaria|0 fnt
|-damage|p1a: Kyurem-Black|0 fnt|[from] item: Life Orb
|faint|p2a: Altaria
|faint|p1a: Kyurem-Black
|
|c|âSkalibur Skaut|occc
|c|âYan020495|n acredito nisso
|c|âYan020495|ah bom
|c|âYan020495|e.e
|
|switch|p2a: Landorus-Therian|Landorus-Therian, M|280\/319
|switch|p1a: Keldeo-Resolute|Keldeo-Resolute|322\/322
|-damage|p2a: Landorus-Therian|241\/319|[from] Stealth Rock
|-ability|p2a: Landorus-Therian|Intimidate|[of] p1a: Keldeo-Resolute
|-unboost|p1a: Keldeo-Resolute|atk|1
|turn|12
|c| Kirito1512|Yan 7w7 Ã© essa carinha :'( pros argentino
|c|âSkalibur Skaut|voce <3
|c|âYan020495|AH hauhauahuahuahauhaua
|c| Kirito1512|Wat
|c|âYan020495|vc me ama? *-*
|c| Kirito1512|to fora
|c|âSkalibur Skaut|cy
|c|âSkalibur Skaut|<3
|c| Kirito1512|hasuhasuhsaushusahusahasuhauhsauashusahusahusahsauhsauhsau
|c|âSkalibur Skaut|asefgsd
|
|switch|p2a: Chansey|Chansey, F|642\/642
|-damage|p2a: Chansey|562\/642|[from] Stealth Rock
|move|p1a: Keldeo-Resolute|Scald|p2a: Chansey
|-damage|p2a: Chansey|493\/642
|-status|p2a: Chansey|brn
|
|-damage|p2a: Chansey|413\/642 brn|[from] brn
|turn|13
|c|âYan020495|awn seu fofo
|c| Kirito1512|rindo alto
|c| Kirito1512|hauahuhauahuahauhauhuhauahuahuahauhauhau
|
|move|p1a: Keldeo-Resolute|Secret Sword|p2a: Chansey
|-supereffective|p2a: Chansey
|-damage|p2a: Chansey|0 fnt
|faint|p2a: Chansey
|
|c|âSkalibur Skaut|7w7
|c|âYan020495|filho duma vagabunda
|c| Kirito1512|ahusahsuahasuhsausahusahusahusahsauhsausahusahusahsuhuashsauhsaua
|
|switch|p2a: Landorus-Therian|Landorus-Therian, M|241\/319
|-damage|p2a: Landorus-Therian|202\/319|[from] Stealth Rock
|-ability|p2a: Landorus-Therian|Intimidate|[of] p1a: Keldeo-Resolute
|-unboost|p1a: Keldeo-Resolute|atk|1
|turn|14
|
|move|p2a: Landorus-Therian|Earthquake|p1a: Keldeo-Resolute
|-damage|p1a: Keldeo-Resolute|118\/322
|move|p1a: Keldeo-Resolute|Scald|p2a: Landorus-Therian
|-supereffective|p2a: Landorus-Therian
|-damage|p2a: Landorus-Therian|0 fnt
|faint|p2a: Landorus-Therian
|
|c|âYan020495|perdi
|c|âYan020495|TT_TT
|c| Kirito1512|antes : awn seu fofo
|c| Kirito1512|depois : filho duma vagabunda
|
|switch|p2a: Heatran|Heatran, M|345\/345
|-damage|p2a: Heatran|302\/345|[from] Stealth Rock
|turn|15
|c|âSkalibur Skaut|:[
|c| Kirito1512|hsaushausahuashsauhsausahusahauhsauhsausa
|
|move|p1a: Keldeo-Resolute|Secret Sword|p2a: Heatran
|-supereffective|p2a: Heatran
|-damage|p2a: Heatran|0 fnt
|faint|p2a: Heatran
|
|win|Skalibur Skaut
|raw|Ladder updating...
|raw|Skalibur Skaut's rating: 1383 &rarr; <strong>1405<\/strong><br \/>(+22 for winning)
|raw|Yan020495's rating: 1416 &rarr; <strong>1394<\/strong><br \/>(-22 for losing)
|c|âSkalibur Skaut|gg 7w7
|c|âYan020495|maldito 1% do Kyurem
|c|âSkalibur Skaut|cy
|c| Kirito1512|hue
|c|âSkalibur Skaut|maldito
|c|âSkalibur Skaut|<3
|c|âYan020495|teu cu q Ã© GG
|c| Kirito1512|LOL
|c| Kirito1512|hsauhasuashusahsuhasuahsuhsauashuashusahsauhsauhsauhsauhsausahuashusahu
|leave|Yan020495
|c|âSkalibur Skaut|oie kee 7w7