|join|Skalibur Skaut
|join|testdummy2
|player|p1|Skalibur Skaut|38
|player|p2|testdummy2|170
|gametype|singles
|gen|6
|tier|OU
|rated
|clearpoke
|poke|p1|Landorus-Therian, M
|poke|p1|Azumarill, F
|poke|p1|Ferrothorn, M
|poke|p1|Gardevoir, M
|poke|p1|Bisharp, M
|poke|p1|Latios, M
|poke|p2|Breloom, F
|poke|p2|Talonflame, M
|poke|p2|Gengar, M
|poke|p2|Greninja, M
|poke|p2|Chansey, F
|poke|p2|Sableye, M
|rule|Swagger Clause: Swagger is banned
|rule|Baton Pass Clause: Limit one PokÃ©mon knowing Baton Pass
|rule|Sleep Clause Mod: Limit one foe put to sleep
|rule|Species Clause: Limit one of each PokÃ©mon
|rule|OHKO Clause: OHKO moves are banned
|rule|Moody Clause: Moody is banned
|rule|Evasion Moves Clause: Evasion moves are banned
|rule|Endless Battle Clause: Forcing endless battles is banned
|rule|HP Percentage Mod: HP is shown in percentages
|teampreview
|
|start
|switch|p1a: Landorus-Therian|Landorus-Therian, M|382\/382
|switch|p2a: Talonflame|Talonflame, M|343\/343
|-ability|p1a: Landorus-Therian|Intimidate|[of] p2a: Talonflame
|-unboost|p2a: Talonflame|atk|1
|turn|1
|
|switch|p2a: Greninja|Greninja, M|285\/285
|move|p1a: Landorus-Therian|Stealth Rock|p2a: Greninja
|-sidestart|p2: testdummy2|move: Stealth Rock
|
|turn|2
|
|move|p2a: Greninja|Low Kick|p1a: Landorus-Therian
|-start|p2a: Greninja|typechange|Fighting|[from] Protean
|-resisted|p1a: Landorus-Therian
|-damage|p1a: Landorus-Therian|329\/382
|-damage|p2a: Greninja|257\/285|[from] item: Life Orb
|move|p1a: Landorus-Therian|U-turn|p2a: Greninja
|-resisted|p2a: Greninja
|-damage|p2a: Greninja|198\/285
|
|switch|p1a: Gardevoir|Gardevoir, M|277\/277
|-ability|p1a: Gardevoir|Protean|[from] ability: Trace|[of] p2a: Greninja
|
|turn|3
|
|switch|p1a: Ferrothorn|Ferrothorn, M|346\/346
|move|p2a: Greninja|Gunk Shot|p1a: Ferrothorn
|-start|p2a: Greninja|typechange|Poison|[from] Protean
|-immune|p1a: Ferrothorn|[msg]
|
|turn|4
|
|move|p2a: Greninja|Low Kick|p1a: Ferrothorn
|-start|p2a: Greninja|typechange|Fighting|[from] Protean
|-supereffective|p1a: Ferrothorn
|-damage|p1a: Ferrothorn|143\/346
|-damage|p2a: Greninja|163\/285|[from] ability: Iron Barbs|[of] p1a: Ferrothorn
|-damage|p2a: Greninja|116\/285|[from] item: Rocky Helmet|[of] p1a: Ferrothorn
|-damage|p2a: Greninja|88\/285|[from] item: Life Orb
|move|p1a: Ferrothorn|Spikes|p2a: Greninja
|-sidestart|p2: testdummy2|Spikes
|
|turn|5
|
|move|p2a: Greninja|Ice Beam|p1a: Ferrothorn
|-start|p2a: Greninja|typechange|Ice|[from] Protean
|-damage|p1a: Ferrothorn|1\/346
|-damage|p2a: Greninja|60\/285|[from] item: Life Orb
|move|p1a: Ferrothorn|Spikes|p2a: Greninja
|-sidestart|p2: testdummy2|Spikes
|
|turn|6
|
|move|p2a: Greninja|Ice Beam|p1a: Ferrothorn
|-damage|p1a: Ferrothorn|0 fnt
|-damage|p2a: Greninja|32\/285|[from] item: Life Orb
|faint|p1a: Ferrothorn
|
|
|switch|p1a: Azumarill|Azumarill, F|391\/391
|turn|7
|
|move|p1a: Azumarill|Aqua Jet|p2a: Greninja
|-damage|p2a: Greninja|0 fnt
|faint|p2a: Greninja
|
|
|switch|p2a: Sableye|Sableye, M|303\/303
|-damage|p2a: Sableye|253\/303|[from] Spikes
|-damage|p2a: Sableye|216\/303|[from] Stealth Rock
|turn|8
|
|detailschange|p2a: Sableye|Sableye-Mega, M
|-mega|p2a: Sableye|Sableye|Sablenite
|move|p2a: Sableye|Will-O-Wisp|p1a: Azumarill
|-status|p1a: Azumarill|brn
|move|p1a: Azumarill|Play Rough|p2a: Sableye
|-supereffective|p2a: Sableye
|-damage|p2a: Sableye|64\/303
|
|-damage|p1a: Azumarill|343\/391 brn|[from] brn
|turn|9
|
|switch|p2a: Talonflame|Talonflame, M|343\/343
|-damage|p2a: Talonflame|172\/343|[from] Stealth Rock
|move|p1a: Azumarill|Play Rough|p2a: Talonflame
|-resisted|p2a: Talonflame
|-damage|p2a: Talonflame|126\/343
|
|-heal|p2a: Talonflame|147\/343|[from] item: Leftovers
|-damage|p1a: Azumarill|295\/391 brn|[from] brn
|turn|10
|
|move|p2a: Talonflame|Roost|p2a: Talonflame
|-heal|p2a: Talonflame|319\/343
|move|p1a: Azumarill|Waterfall|p2a: Talonflame
|-supereffective|p2a: Talonflame
|-damage|p2a: Talonflame|163\/343
|
|-heal|p2a: Talonflame|184\/343|[from] item: Leftovers
|-damage|p1a: Azumarill|247\/391 brn|[from] brn
|turn|11
|
|move|p2a: Talonflame|Will-O-Wisp|p1a: Azumarill
|-fail|p1a: Azumarill|brn
|move|p1a: Azumarill|Knock Off|p2a: Talonflame
|-damage|p2a: Talonflame|118\/343
|-enditem|p2a: Talonflame|Leftovers|[from] move: Knock Off|[of] p1a: Azumarill
|
|-damage|p1a: Azumarill|199\/391 brn|[from] brn
|turn|12
|
|move|p2a: Talonflame|Roost|p2a: Talonflame
|-heal|p2a: Talonflame|290\/343
|move|p1a: Azumarill|Waterfall|p2a: Talonflame
|-supereffective|p2a: Talonflame
|-damage|p2a: Talonflame|140\/343
|
|-damage|p1a: Azumarill|151\/391 brn|[from] brn
|turn|13
|
|move|p2a: Talonflame|Roost|p2a: Talonflame
|-heal|p2a: Talonflame|312\/343
|move|p1a: Azumarill|Waterfall|p2a: Talonflame
|-crit|p2a: Talonflame
|-supereffective|p2a: Talonflame
|-damage|p2a: Talonflame|72\/343
|
|-damage|p1a: Azumarill|103\/391 brn|[from] brn
|turn|14
|
|switch|p1a: Landorus-Therian|Landorus-Therian, M|329\/382
|-ability|p1a: Landorus-Therian|Intimidate|[of] p2a: Talonflame
|-unboost|p2a: Talonflame|atk|1
|move|p2a: Talonflame|Roost|p2a: Talonflame
|-heal|p2a: Talonflame|244\/343
|
|-heal|p1a: Landorus-Therian|352\/382|[from] item: Leftovers
|turn|15
|
|switch|p2a: Sableye|Sableye-Mega, M|64\/303
|-damage|p2a: Sableye|14\/303|[from] Spikes
|-damage|p2a: Sableye|0 fnt|[from] Stealth Rock
|faint|p2a: Sableye
|move|p1a: Landorus-Therian|Stone Edge|p2: Sableye|[notarget]
|-notarget
|
|-heal|p1a: Landorus-Therian|375\/382|[from] item: Leftovers
|
|switch|p2a: Gengar|Gengar, M|261\/261
|-damage|p2a: Gengar|229\/261|[from] Stealth Rock
|turn|16
|
|switch|p1a: Azumarill|Azumarill, F|103\/391 brn
|move|p2a: Gengar|Substitute|p2a: Gengar
|-start|p2a: Gengar|Substitute
|-damage|p2a: Gengar|164\/261
|
|-heal|p2a: Gengar|180\/261|[from] item: Black Sludge
|-damage|p1a: Azumarill|55\/391 brn|[from] brn
|turn|17
|
|move|p1a: Azumarill|Aqua Jet|p2a: Gengar
|-activate|p2a: Gengar|Substitute|[damage]
|move|p2a: Gengar|Shadow Ball|p1a: Azumarill
|-damage|p1a: Azumarill|0 fnt
|faint|p1a: Azumarill
|
|-heal|p2a: Gengar|196\/261|[from] item: Black Sludge
|
|switch|p1a: Bisharp|Bisharp, M|272\/272
|turn|18
|
|move|p1a: Bisharp|Sucker Punch|p2a: Gengar
|-supereffective|p2a: Gengar
|-end|p2a: Gengar|Substitute
|-damage|p1a: Bisharp|245\/272|[from] item: Life Orb
|move|p2a: Gengar|Shadow Ball|p1a: Bisharp
|-resisted|p1a: Bisharp
|-damage|p1a: Bisharp|143\/272
|
|-heal|p2a: Gengar|212\/261|[from] item: Black Sludge
|turn|19
|
|move|p2a: Gengar|Substitute|p2a: Gengar
|-start|p2a: Gengar|Substitute
|-damage|p2a: Gengar|147\/261
|move|p1a: Bisharp|Pursuit|p2a: Gengar
|-supereffective|p2a: Gengar
|-end|p2a: Gengar|Substitute
|-damage|p1a: Bisharp|116\/272|[from] item: Life Orb
|
|-heal|p2a: Gengar|163\/261|[from] item: Black Sludge
|turn|20
|
|move|p1a: Bisharp|Sucker Punch|p2a: Gengar
|-fail|p2a: Gengar
|move|p2a: Gengar|Substitute|p2a: Gengar
|-start|p2a: Gengar|Substitute
|-damage|p2a: Gengar|98\/261
|
|-heal|p2a: Gengar|114\/261|[from] item: Black Sludge
|turn|21
|
|move|p1a: Bisharp|Sucker Punch|p2a: Gengar
|-crit|p2a: Gengar
|-supereffective|p2a: Gengar
|-end|p2a: Gengar|Substitute
|-damage|p1a: Bisharp|89\/272|[from] item: Life Orb
|move|p2a: Gengar|Shadow Ball|p1a: Bisharp
|-resisted|p1a: Bisharp
|-damage|p1a: Bisharp|0 fnt
|faint|p1a: Bisharp
|
|-heal|p2a: Gengar|130\/261|[from] item: Black Sludge
|
|switch|p1a: Landorus-Therian|Landorus-Therian, M|375\/382
|-ability|p1a: Landorus-Therian|Intimidate|[of] p2a: Gengar
|-unboost|p2a: Gengar|atk|1
|turn|22
|
|move|p2a: Gengar|Substitute|p2a: Gengar
|-start|p2a: Gengar|Substitute
|-damage|p2a: Gengar|65\/261
|move|p1a: Landorus-Therian|Stone Edge|p2a: Gengar
|-end|p2a: Gengar|Substitute
|
|-heal|p2a: Gengar|81\/261|[from] item: Black Sludge
|-heal|p1a: Landorus-Therian|382\/382|[from] item: Leftovers
|turn|23
|
|move|p2a: Gengar|Substitute|p2a: Gengar
|-start|p2a: Gengar|Substitute
|-damage|p2a: Gengar|16\/261
|move|p1a: Landorus-Therian|Stone Edge|p2a: Gengar
|-end|p2a: Gengar|Substitute
|
|-heal|p2a: Gengar|32\/261|[from] item: Black Sludge
|turn|24
|
|move|p2a: Gengar|Shadow Ball|p1a: Landorus-Therian
|-damage|p1a: Landorus-Therian|226\/382
|move|p1a: Landorus-Therian|U-turn|p2a: Gengar
|-resisted|p2a: Gengar
|-damage|p2a: Gengar|3\/261
|
|switch|p1a: Gardevoir|Gardevoir, M|277\/277
|-ability|p1a: Gardevoir|Levitate|[from] ability: Trace|[of] p2a: Gengar
|
|-heal|p2a: Gengar|19\/261|[from] item: Black Sludge
|turn|25
|
|detailschange|p1a: Gardevoir|Gardevoir-Mega, M
|-mega|p1a: Gardevoir|Gardevoir|Gardevoirite
|move|p2a: Gengar|Sludge Wave|p1a: Gardevoir
|-supereffective|p1a: Gardevoir
|-damage|p1a: Gardevoir|0 fnt
|faint|p1a: Gardevoir
|
|-heal|p2a: Gengar|35\/261|[from] item: Black Sludge
|
|switch|p1a: Landorus-Therian|Landorus-Therian, M|226\/382
|-ability|p1a: Landorus-Therian|Intimidate|[of] p2a: Gengar
|-unboost|p2a: Gengar|atk|1
|turn|26
|
|move|p2a: Gengar|Sludge Wave|p1a: Landorus-Therian
|-resisted|p1a: Landorus-Therian
|-damage|p1a: Landorus-Therian|117\/382
|move|p1a: Landorus-Therian|Stone Edge|p2a: Gengar
|-damage|p2a: Gengar|0 fnt
|faint|p2a: Gengar
|
|-heal|p1a: Landorus-Therian|140\/382|[from] item: Leftovers
|
|switch|p2a: Talonflame|Talonflame, M|244\/343
|-damage|p2a: Talonflame|73\/343|[from] Stealth Rock
|turn|27
|
|move|p2a: Talonflame|Brave Bird|p1a: Landorus-Therian
|-damage|p1a: Landorus-Therian|37\/382
|-damage|p2a: Talonflame|39\/343|[from] recoil|[of] p1a: Landorus-Therian
|move|p1a: Landorus-Therian|Stone Edge|p2a: Talonflame
|-supereffective|p2a: Talonflame
|-damage|p2a: Talonflame|0 fnt
|faint|p2a: Talonflame
|
|-heal|p1a: Landorus-Therian|60\/382|[from] item: Leftovers
|
|switch|p2a: Breloom|Breloom, F|261\/261
|-damage|p2a: Breloom|218\/261|[from] Spikes
|-damage|p2a: Breloom|202\/261|[from] Stealth Rock
|turn|28
|
|switch|p1a: Latios|Latios, M|302\/302
|move|p2a: Breloom|Spore|p1a: Latios
|-status|p1a: Latios|slp
|
|turn|29
|
|cant|p1a: Latios|slp
|move|p2a: Breloom|Bullet Seed|p1a: Latios
|-resisted|p1a: Latios
|-damage|p1a: Latios|260\/302 slp
|-resisted|p1a: Latios
|-damage|p1a: Latios|219\/302 slp
|-resisted|p1a: Latios
|-damage|p1a: Latios|183\/302 slp
|-resisted|p1a: Latios
|-damage|p1a: Latios|147\/302 slp
|-resisted|p1a: Latios
|-damage|p1a: Latios|111\/302 slp
|-hitcount|p1a: Latios|5
|
|turn|30
|c|âSkalibur Skaut|-.-
|
|cant|p1a: Latios|slp
|move|p2a: Breloom|Bullet Seed|p1a: Latios
|-crit|p1a: Latios
|-resisted|p1a: Latios
|-damage|p1a: Latios|56\/302 slp
|-resisted|p1a: Latios
|-damage|p1a: Latios|16\/302 slp
|-hitcount|p1a: Latios|2
|
|turn|31
|c|âtestdummy2|gg
|c|âSkalibur Skaut|gg .-.
|c|âSkalibur Skaut|gg .-.GG???
|
|move|p2a: Breloom|Mach Punch|p1a: Latios
|-resisted|p1a: Latios
|-damage|p1a: Latios|0 fnt
|faint|p1a: Latios
|
|-message|Skalibur Skaut forfeited.
|leave|Skalibur Skaut
|
|switch|p1a: Landorus-Therian|Landorus-Therian, M|60\/382
|-ability|p1a: Landorus-Therian|Intimidate|[of] p2a: Breloom
|-unboost|p2a: Breloom|atk|1
|turn|32
|
|win|testdummy2
|raw|Ladder updating...
|player|p1
|raw|Skalibur Skaut's rating: 1245 &rarr; <strong>1216<\/strong><br \/>(-29 for losing)
|raw|testdummy2's rating: 1187 &rarr; <strong>1216<\/strong><br \/>(+29 for winning)
|c|âtestdummy2|I outplayed you with gengar