|join|BryFy354
|join|Skalibur skaut
|player|p1|BryFy354|1
|player|p2|Skalibur skaut|38
|gametype|singles
|gen|6
|tier|OU
|rated
|clearpoke
|poke|p1|Gallade, M, shiny
|poke|p1|Bisharp, M, shiny
|poke|p1|Chandelure, M, shiny
|poke|p1|Landorus-Therian, M
|poke|p1|Shaymin, shiny
|poke|p1|Rotom-Wash
|poke|p2|Altaria, F
|poke|p2|Rotom-Wash
|poke|p2|Landorus-Therian, M
|poke|p2|Gothitelle, M
|poke|p2|Diggersby, M
|poke|p2|Crawdaunt, M
|rule|Swagger Clause: Swagger is banned
|rule|Baton Pass Clause: Limit one PokÃ©mon knowing Baton Pass
|rule|Sleep Clause Mod: Limit one foe put to sleep
|rule|Species Clause: Limit one of each PokÃ©mon
|rule|OHKO Clause: OHKO moves are banned
|rule|Moody Clause: Moody is banned
|rule|Evasion Moves Clause: Evasion moves are banned
|rule|Endless Battle Clause: Forcing endless battles is banned
|rule|HP Percentage Mod: HP is shown in percentages
|teampreview
|
|start
|switch|p1a: El Tigre|Landorus-Therian, M|362\/362
|switch|p2a: Landorus-Therian|Landorus-Therian, M|382\/382
|-ability|p1a: El Tigre|Intimidate|[of] p2a: Landorus-Therian
|-unboost|p2a: Landorus-Therian|atk|1
|-ability|p2a: Landorus-Therian|Intimidate|[of] p1a: El Tigre
|-unboost|p1a: El Tigre|atk|1
|turn|1
|
|move|p1a: El Tigre|Stealth Rock|p2a: Landorus-Therian
|-sidestart|p2: Skalibur skaut|move: Stealth Rock
|move|p2a: Landorus-Therian|Stealth Rock|p1a: El Tigre
|-sidestart|p1: BryFy354|move: Stealth Rock
|
|turn|2
|
|move|p1a: El Tigre|U-turn|p2a: Landorus-Therian
|-resisted|p2a: Landorus-Therian
|-damage|p2a: Landorus-Therian|355\/382
|
|switch|p1a: Rotom-Wash|Rotom-Wash|303\/303
|-damage|p1a: Rotom-Wash|266\/303|[from] Stealth Rock
|move|p2a: Landorus-Therian|Knock Off|p1a: Rotom-Wash
|-damage|p1a: Rotom-Wash|202\/303
|-enditem|p1a: Rotom-Wash|Sitrus Berry|[from] move: Knock Off|[of] p2a: Landorus-Therian
|
|-heal|p2a: Landorus-Therian|378\/382|[from] item: Leftovers
|turn|3
|
|switch|p2a: Gothitelle|Gothitelle, M|281\/281
|-damage|p2a: Gothitelle|246\/281|[from] Stealth Rock
|move|p1a: Rotom-Wash|Hydro Pump|p2a: Gothitelle
|-damage|p2a: Gothitelle|119\/281
|
|turn|4
|
|move|p2a: Gothitelle|Energy Ball|p1a: Rotom-Wash
|-supereffective|p1a: Rotom-Wash
|-damage|p1a: Rotom-Wash|88\/303
|move|p1a: Rotom-Wash|Hydro Pump|p2a: Gothitelle
|-damage|p2a: Gothitelle|0 fnt
|faint|p2a: Gothitelle
|
|
|switch|p2a: Diggersby|Diggersby, M|311\/311
|-damage|p2a: Diggersby|292\/311|[from] Stealth Rock
|turn|5
|
|move|p2a: Diggersby|Quick Attack|p1a: Rotom-Wash
|-damage|p1a: Rotom-Wash|0 fnt
|-damage|p2a: Diggersby|261\/311|[from] item: Life Orb
|faint|p1a: Rotom-Wash
|
|
|switch|p1a: El Tigre|Landorus-Therian, M|362\/362
|-damage|p1a: El Tigre|317\/362|[from] Stealth Rock
|-ability|p1a: El Tigre|Intimidate|[of] p2a: Diggersby
|-unboost|p2a: Diggersby|atk|1
|turn|6
|
|switch|p2a: Landorus-Therian|Landorus-Therian, M|378\/382
|-damage|p2a: Landorus-Therian|331\/382|[from] Stealth Rock
|-ability|p2a: Landorus-Therian|Intimidate|[of] p1a: El Tigre
|-unboost|p1a: El Tigre|atk|1
|move|p1a: El Tigre|U-turn|p2a: Landorus-Therian
|-resisted|p2a: Landorus-Therian
|-damage|p2a: Landorus-Therian|306\/382
|
|switch|p1a: Kalantosa|Shaymin, shiny|341\/341
|-damage|p1a: Kalantosa|299\/341|[from] Stealth Rock
|
|-heal|p2a: Landorus-Therian|329\/382|[from] item: Leftovers
|turn|7
|
|move|p1a: Kalantosa|Seed Flare|p2a: Landorus-Therian
|-damage|p2a: Landorus-Therian|51\/382
|-unboost|p2a: Landorus-Therian|spd|2
|-damage|p1a: Kalantosa|265\/341|[from] item: Life Orb
|move|p2a: Landorus-Therian|Knock Off|p1a: Kalantosa
|-damage|p1a: Kalantosa|165\/341
|-enditem|p1a: Kalantosa|Life Orb|[from] move: Knock Off|[of] p2a: Landorus-Therian
|
|-heal|p2a: Landorus-Therian|74\/382|[from] item: Leftovers
|turn|8
|
|move|p1a: Kalantosa|Seed Flare|p2a: Landorus-Therian
|-damage|p2a: Landorus-Therian|0 fnt
|faint|p2a: Landorus-Therian
|
|
|switch|p2a: Diggersby|Diggersby, M|261\/311
|-damage|p2a: Diggersby|242\/311|[from] Stealth Rock
|turn|9
|
|move|p2a: Diggersby|Quick Attack|p1a: Kalantosa
|-damage|p1a: Kalantosa|48\/341
|-damage|p2a: Diggersby|211\/311|[from] item: Life Orb
|move|p1a: Kalantosa|Synthesis|p1a: Kalantosa
|-heal|p1a: Kalantosa|218\/341
|
|turn|10
|
|move|p1a: Kalantosa|Seed Flare|p2a: Diggersby
|-supereffective|p2a: Diggersby
|-damage|p2a: Diggersby|0 fnt
|faint|p2a: Diggersby
|
|
|switch|p2a: Altaria|Altaria, F|291\/291
|-damage|p2a: Altaria|219\/291|[from] Stealth Rock
|turn|11
|
|switch|p1a: El Tigre|Landorus-Therian, M|317\/362
|-damage|p1a: El Tigre|272\/362|[from] Stealth Rock
|-ability|p1a: El Tigre|Intimidate|[of] p2a: Altaria
|-unboost|p2a: Altaria|atk|1
|detailschange|p2a: Altaria|Altaria-Mega, F
|-mega|p2a: Altaria|Altaria|Altarianite
|move|p2a: Altaria|Dragon Dance|p2a: Altaria
|-boost|p2a: Altaria|atk|1
|-boost|p2a: Altaria|spe|1
|
|turn|12
|
|move|p2a: Altaria|Dragon Dance|p2a: Altaria
|-boost|p2a: Altaria|atk|1
|-boost|p2a: Altaria|spe|1
|move|p1a: El Tigre|Explosion|p2a: Altaria
|-damage|p2a: Altaria|0 fnt
|faint|p1a: El Tigre
|faint|p2a: Altaria
|
|
|switch|p1a: Kalantosa|Shaymin, shiny|218\/341
|switch|p2a: Crawdaunt|Crawdaunt, M|267\/267
|-damage|p1a: Kalantosa|176\/341|[from] Stealth Rock
|-damage|p2a: Crawdaunt|234\/267|[from] Stealth Rock
|turn|13
|
|move|p1a: Kalantosa|Seed Flare|p2a: Crawdaunt
|-supereffective|p2a: Crawdaunt
|-damage|p2a: Crawdaunt|0 fnt
|faint|p2a: Crawdaunt
|
|c|âBryFy354|gg
|
|switch|p2a: Rotom-Wash|Rotom-Wash|304\/304
|-damage|p2a: Rotom-Wash|266\/304|[from] Stealth Rock
|turn|14
|
|move|p1a: Kalantosa|Seed Flare|p2a: Rotom-Wash
|-supereffective|p2a: Rotom-Wash
|-damage|p2a: Rotom-Wash|0 fnt
|faint|p2a: Rotom-Wash
|
|win|BryFy354
|raw|Ladder updating...
|leave|Skalibur skaut
|player|p2
|raw|BryFy354's rating: 1267 &rarr; <strong>1295<\/strong><br \/>(+28 for winning)
|raw|Skalibur skaut's rating: 1321 &rarr; <strong>1298<\/strong><br \/>(-23 for losing)