|join|ngdjhgjg
|join|Kioskate
|player|p1|ngdjhgjg|260
|player|p2|Kioskate|2
|gametype|singles
|gen|6
|tier|OU
|rated
|clearpoke
|poke|p1|Lopunny, F
|poke|p1|Ferrothorn, F
|poke|p1|Rotom-Wash
|poke|p1|Latios, M
|poke|p1|Weavile, M
|poke|p1|Landorus, M
|poke|p2|Sableye, F
|poke|p2|Tentacruel, F
|poke|p2|Rhyperior, F
|poke|p2|Porygon2
|poke|p2|Chansey, F
|poke|p2|Chesnaught, M
|rule|Swagger Clause: Swagger is banned
|rule|Baton Pass Clause: Limit one PokÃ©mon knowing Baton Pass
|rule|Sleep Clause Mod: Limit one foe put to sleep
|rule|Species Clause: Limit one of each PokÃ©mon
|rule|OHKO Clause: OHKO moves are banned
|rule|Moody Clause: Moody is banned
|rule|Evasion Moves Clause: Evasion moves are banned
|rule|Endless Battle Clause: Forcing endless battles is banned
|rule|HP Percentage Mod: HP is shown in percentages
|teampreview
|
|start
|switch|p1a: Lopunny|Lopunny, F|271\/271
|switch|p2a: Sableye|Sableye, F|303\/303
|turn|1
|
|detailschange|p1a: Lopunny|Lopunny-Mega, F
|message|Lopunny has Mega Evolved into Mega Lopunny!
|move|p1a: Lopunny|Fake Out|p2a: Sableye
|-damage|p2a: Sableye|213\/303
|cant|p2a: Sableye|flinch
|
|turn|2
|
|switch|p1a: Rotom-Wash|Rotom-Wash|303\/303
|move|p2a: Sableye|Will-O-Wisp|p1a: Rotom-Wash
|-status|p1a: Rotom-Wash|brn
|
|-damage|p1a: Rotom-Wash|266\/303 brn|[from] brn
|turn|3
|
|move|p2a: Sableye|Calm Mind|p2a: Sableye
|-boost|p2a: Sableye|spa|1
|-boost|p2a: Sableye|spd|1
|move|p1a: Rotom-Wash|Will-O-Wisp|p2a: Sableye|[miss]
|-miss|p1a: Rotom-Wash|p2a: Sableye
|
|-heal|p1a: Rotom-Wash|284\/303 brn|[from] item: Leftovers
|-damage|p1a: Rotom-Wash|247\/303 brn|[from] brn
|turn|4
|
|detailschange|p2a: Sableye|Sableye-Mega, F
|message|Sableye has Mega Evolved into Mega Sableye!
|move|p2a: Sableye|Calm Mind|p2a: Sableye
|-boost|p2a: Sableye|spa|1
|-boost|p2a: Sableye|spd|1
|move|p1a: Rotom-Wash|Will-O-Wisp|p2a: Sableye
|move|p2a: Sableye|Will-O-Wisp|p1a: Rotom-Wash|[from]Magic Bounce
|-fail|p1a: Rotom-Wash|brn
|
|-heal|p1a: Rotom-Wash|265\/303 brn|[from] item: Leftovers
|-damage|p1a: Rotom-Wash|228\/303 brn|[from] brn
|turn|5
|
|move|p1a: Rotom-Wash|Volt Switch|p2a: Sableye
|-damage|p2a: Sableye|179\/303
|
|switch|p1a: Ferrothorn|Ferrothorn, F|352\/352
|move|p2a: Sableye|Will-O-Wisp|p1a: Ferrothorn
|-status|p1a: Ferrothorn|brn
|
|-damage|p1a: Ferrothorn|308\/352 brn|[from] brn
|turn|6
|
|switch|p1a: Lopunny|Lopunny-Mega, F|271\/271
|move|p2a: Sableye|Recover|p2a: Sableye
|-heal|p2a: Sableye|303\/303
|
|turn|7
|
|move|p1a: Lopunny|Fake Out|p2a: Sableye
|-damage|p2a: Sableye|251\/303
|cant|p2a: Sableye|flinch
|
|turn|8
|
|move|p1a: Lopunny|High Jump Kick|p2a: Sableye
|-supereffective|p2a: Sableye
|-damage|p2a: Sableye|0 fnt
|faint|p2a: Sableye
|
|
|switch|p2a: Chesnaught|Chesnaught, M|380\/380
|turn|9
|
|switch|p1a: Ferrothorn|Ferrothorn, F|308\/352 brn
|move|p2a: Chesnaught|Leech Seed|p1a: Ferrothorn
|-immune|p1a: Ferrothorn|[msg]
|
|-heal|p1a: Ferrothorn|330\/352 brn|[from] item: Leftovers
|-damage|p1a: Ferrothorn|286\/352 brn|[from] brn
|turn|10
|
|move|p2a: Chesnaught|Spikes|p1a: Ferrothorn
|-sidestart|p1: ngdjhgjg|Spikes
|move|p1a: Ferrothorn|Stealth Rock|p2a: Chesnaught
|-sidestart|p2: Kioskate|move: Stealth Rock
|
|-heal|p1a: Ferrothorn|308\/352 brn|[from] item: Leftovers
|-damage|p1a: Ferrothorn|264\/352 brn|[from] brn
|turn|11
|
|switch|p1a: Landorus|Landorus, M|319\/319
|move|p2a: Chesnaught|Leech Seed|p1a: Landorus
|-start|p1a: Landorus|move: Leech Seed
|
|-damage|p1a: Landorus|280\/319|[from] Leech Seed|[of] p2a: Chesnaught
|turn|12
|
|move|p2a: Chesnaught|Spiky Shield|p2a: Chesnaught
|-singleturn|p2a: Chesnaught|move: Protect
|move|p1a: Landorus|Calm Mind|p1a: Landorus
|-boost|p1a: Landorus|spa|1
|-boost|p1a: Landorus|spd|1
|
|-damage|p1a: Landorus|241\/319|[from] Leech Seed|[of] p2a: Chesnaught
|turn|13
|
|move|p1a: Landorus|Psychic|p2a: Chesnaught
|-supereffective|p2a: Chesnaught
|-damage|p2a: Chesnaught|0 fnt
|faint|p2a: Chesnaught
|
|
|switch|p2a: Porygon2|Porygon2|332\/332
|-damage|p2a: Porygon2|291\/332|[from] Stealth Rock
|-ability|p2a: Porygon2|Sheer Force|[from] ability: Trace|[of] p1a: Landorus
|turn|14
|
|move|p1a: Landorus|Focus Blast|p2a: Porygon2
|-supereffective|p2a: Porygon2
|-damage|p2a: Porygon2|0 fnt
|faint|p2a: Porygon2
|
|-message|Kioskate forfeited.
|
|win|ngdjhgjg
|raw|Ladder updating...
|leave|Kioskate
|player|p2
|raw|ngdjhgjg's rating: 1204 &rarr; <strong>1232<\/strong><br \/>(+28 for winning)
|raw|Kioskate's rating: 1253 &rarr; <strong>1224<\/strong><br \/>(-29 for losing)