|join|Kioskate
|join|Tushar Cool
|player|p1|Kioskate|169
|player|p2|Tushar Cool|40
|gametype|singles
|gen|6
|tier|OU
|rated
|clearpoke
|poke|p1|Gothitelle, F
|poke|p1|Sableye, F
|poke|p1|Bronzong
|poke|p1|Chesnaught, M
|poke|p1|Skarmory, M
|poke|p1|Chansey, F
|poke|p2|Metagross
|poke|p2|Rotom-Wash
|poke|p2|Chesnaught, F
|poke|p2|Manaphy
|poke|p2|Heatran, F
|poke|p2|Mandibuzz, F
|rule|Swagger Clause: Swagger is banned
|rule|Baton Pass Clause: Limit one PokÃ©mon knowing Baton Pass
|rule|Sleep Clause Mod: Limit one foe put to sleep
|rule|Species Clause: Limit one of each PokÃ©mon
|rule|OHKO Clause: OHKO moves are banned
|rule|Moody Clause: Moody is banned
|rule|Evasion Moves Clause: Evasion moves are banned
|rule|Endless Battle Clause: Forcing endless battles is banned
|rule|HP Percentage Mod: HP is shown in percentages
|teampreview
|
|start
|switch|p1a: Sableye|Sableye, F|303\/303
|switch|p2a: Metagross|Metagross|301\/301
|turn|1
|
|detailschange|p2a: Metagross|Metagross-Mega
|-mega|p2a: Metagross|Metagross|Metagrossite
|move|p2a: Metagross|Meteor Mash|p1a: Sableye
|-damage|p1a: Sableye|89\/303
|move|p1a: Sableye|Knock Off|p2a: Metagross
|-supereffective|p2a: Metagross
|-damage|p2a: Metagross|215\/301
|
|turn|2
|
|move|p1a: Sableye|Recover|p1a: Sableye
|-heal|p1a: Sableye|241\/303
|move|p2a: Metagross|Earthquake|p1a: Sableye
|-damage|p1a: Sableye|122\/303
|
|turn|3
|
|move|p1a: Sableye|Will-O-Wisp|p2a: Metagross
|-status|p2a: Metagross|brn
|move|p2a: Metagross|Meteor Mash|p1a: Sableye
|-damage|p1a: Sableye|13\/303
|
|-damage|p2a: Metagross|178\/301 brn|[from] brn
|turn|4
|
|move|p2a: Metagross|Bullet Punch|p1a: Sableye
|-damage|p1a: Sableye|0 fnt
|faint|p1a: Sableye
|
|-damage|p2a: Metagross|141\/301 brn|[from] brn
|
|switch|p1a: Bronzong|Bronzong|337\/337
|turn|5
|
|switch|p2a: Heatran|Heatran, F|386\/386
|move|p1a: Bronzong|Stealth Rock|p2a: Heatran
|-sidestart|p2: Tushar Cool|move: Stealth Rock
|
|turn|6
|
|move|p2a: Heatran|Lava Plume|p1a: Bronzong
|-supereffective|p1a: Bronzong
|-damage|p1a: Bronzong|197\/337
|-status|p1a: Bronzong|brn
|move|p1a: Bronzong|Earthquake|p2a: Heatran
|-supereffective|p2a: Heatran
|-damage|p2a: Heatran|238\/386
|
|-heal|p2a: Heatran|262\/386|[from] item: Leftovers
|-heal|p1a: Bronzong|218\/337 brn|[from] item: Leftovers
|-damage|p1a: Bronzong|176\/337 brn|[from] brn
|turn|7
|
|switch|p2a: Mandibuzz|Mandibuzz, F|424\/424
|-damage|p2a: Mandibuzz|318\/424|[from] Stealth Rock
|switch|p1a: Chansey|Chansey, F|703\/703
|
|-heal|p2a: Mandibuzz|344\/424|[from] item: Leftovers
|turn|8
|
|move|p2a: Mandibuzz|Defog|p1a: Chansey
|-unboost|p1a: Chansey|evasion|1
|-sideend|p2: Tushar Cool|Stealth Rock|[from] move: Defog|[of] p2a: Mandibuzz
|move|p1a: Chansey|Heal Bell|p1a: Chansey
|-cureteam|p1a: Chansey|[from] move: HealBell
|
|-heal|p2a: Mandibuzz|370\/424|[from] item: Leftovers
|turn|9
|
|move|p2a: Mandibuzz|Defog|p1a: Chansey
|-unboost|p1a: Chansey|evasion|1
|move|p1a: Chansey|Wish|p1a: Chansey
|
|-heal|p2a: Mandibuzz|396\/424|[from] item: Leftovers
|turn|10
|
|switch|p2a: Chesnaught|Chesnaught, F|380\/380
|switch|p1a: Bronzong|Bronzong|176\/337
|
|-heal|p1a: Bronzong|337\/337|[from] move: Wish|[wisher] Chansey
|turn|11
|
|move|p2a: Chesnaught|Leech Seed|p1a: Bronzong
|-start|p1a: Bronzong|move: Leech Seed
|move|p1a: Bronzong|Toxic|p2a: Chesnaught|[miss]
|-miss|p1a: Bronzong|p2a: Chesnaught
|
|-damage|p1a: Bronzong|295\/337|[from] Leech Seed|[of] p2a: Chesnaught
|turn|12
|
|move|p2a: Chesnaught|Spiky Shield|p2a: Chesnaught
|-singleturn|p2a: Chesnaught|move: Protect
|move|p1a: Bronzong|Toxic|p2a: Chesnaught
|-activate|p2a: Chesnaught|move: Protect
|
|-heal|p1a: Bronzong|316\/337|[from] item: Leftovers
|-damage|p1a: Bronzong|274\/337|[from] Leech Seed|[of] p2a: Chesnaught
|turn|13
|
|switch|p2a: Heatran|Heatran, F|262\/386
|move|p1a: Bronzong|Earthquake|p2a: Heatran
|-supereffective|p2a: Heatran
|-damage|p2a: Heatran|0 fnt
|faint|p2a: Heatran
|
|-heal|p1a: Bronzong|295\/337|[from] item: Leftovers
|
|switch|p2a: Manaphy|Manaphy|365\/365
|turn|14
|
|switch|p1a: Gothitelle|Gothitelle, F|344\/344
|move|p2a: Manaphy|Tail Glow|p2a: Manaphy
|-boost|p2a: Manaphy|spa|3
|
|turn|15
|
|move|p2a: Manaphy|Surf|p1a: Gothitelle
|-damage|p1a: Gothitelle|124\/344
|move|p1a: Gothitelle|Trick|p2a: Manaphy
|-activate|p1a: Gothitelle|move: Trick|[of] p2a: Manaphy
|-item|p2a: Manaphy|Choice Scarf|[from] move: Trick
|-item|p1a: Gothitelle|Leftovers|[from] move: Trick
|
|-heal|p1a: Gothitelle|145\/344|[from] item: Leftovers
|turn|16
|
|switch|p1a: Chansey|Chansey, F|703\/703
|move|p2a: Manaphy|Ice Beam|p1a: Chansey
|-crit|p1a: Chansey
|-damage|p1a: Chansey|474\/703
|
|turn|17
|
|move|p2a: Manaphy|Ice Beam|p1a: Chansey
|-damage|p1a: Chansey|337\/703
|move|p1a: Chansey|Soft-Boiled|p1a: Chansey
|-heal|p1a: Chansey|689\/703
|
|turn|18
|
|move|p2a: Manaphy|Ice Beam|p1a: Chansey
|-damage|p1a: Chansey|543\/703
|move|p1a: Chansey|Seismic Toss|p2a: Manaphy
|-damage|p2a: Manaphy|265\/365
|
|turn|19
|
|switch|p2a: Chesnaught|Chesnaught, F|380\/380
|move|p1a: Chansey|Soft-Boiled|p1a: Chansey
|-heal|p1a: Chansey|703\/703
|
|turn|20
|
|switch|p1a: Bronzong|Bronzong|295\/337
|move|p2a: Chesnaught|Leech Seed|p1a: Bronzong
|-start|p1a: Bronzong|move: Leech Seed
|
|-heal|p1a: Bronzong|316\/337|[from] item: Leftovers
|-damage|p1a: Bronzong|274\/337|[from] Leech Seed|[of] p2a: Chesnaught
|turn|21
|
|move|p2a: Chesnaught|Spiky Shield|p2a: Chesnaught
|-singleturn|p2a: Chesnaught|move: Protect
|move|p1a: Bronzong|Stealth Rock|p2a: Chesnaught
|-sidestart|p2: Tushar Cool|move: Stealth Rock
|
|-heal|p1a: Bronzong|295\/337|[from] item: Leftovers
|-damage|p1a: Bronzong|253\/337|[from] Leech Seed|[of] p2a: Chesnaught
|turn|22
|
|move|p2a: Chesnaught|Drain Punch|p1a: Bronzong
|-damage|p1a: Bronzong|177\/337
|move|p1a: Bronzong|Toxic|p2a: Chesnaught
|-status|p2a: Chesnaught|tox
|
|-heal|p1a: Bronzong|198\/337|[from] item: Leftovers
|-damage|p1a: Bronzong|156\/337|[from] Leech Seed|[of] p2a: Chesnaught
|-damage|p2a: Chesnaught|357\/380 tox|[from] psn
|turn|23
|
|switch|p1a: Chesnaught|Chesnaught, M|379\/379
|move|p2a: Chesnaught|Drain Punch|p1a: Chesnaught
|-damage|p1a: Chesnaught|315\/379
|-heal|p2a: Chesnaught|380\/380 tox|[from] drain|[of] p1a: Chesnaught
|
|-heal|p1a: Chesnaught|338\/379|[from] item: Leftovers
|-damage|p2a: Chesnaught|334\/380 tox|[from] psn
|turn|24
|
|switch|p2a: Manaphy|Manaphy|265\/365
|-damage|p2a: Manaphy|220\/365|[from] Stealth Rock
|move|p1a: Chesnaught|Leech Seed|p2a: Manaphy
|-start|p2a: Manaphy|move: Leech Seed
|
|-heal|p1a: Chesnaught|361\/379|[from] item: Leftovers
|-damage|p2a: Manaphy|175\/365|[from] Leech Seed|[of] p1a: Chesnaught
|-heal|p1a: Chesnaught|379\/379|[silent]
|turn|25
|
|move|p1a: Chesnaught|Spiky Shield|p1a: Chesnaught
|-singleturn|p1a: Chesnaught|move: Protect
|move|p2a: Manaphy|Ice Beam|p1a: Chesnaught
|-activate|p1a: Chesnaught|move: Protect
|
|-damage|p2a: Manaphy|130\/365|[from] Leech Seed|[of] p1a: Chesnaught
|turn|26
|
|switch|p2a: Metagross|Metagross-Mega|141\/301 brn
|-damage|p2a: Metagross|123\/301 brn|[from] Stealth Rock
|switch|p1a: Bronzong|Bronzong|156\/337
|
|-heal|p1a: Bronzong|177\/337|[from] item: Leftovers
|-damage|p2a: Metagross|86\/301 brn|[from] brn
|turn|27
|
|move|p2a: Metagross|Meteor Mash|p1a: Bronzong
|-resisted|p1a: Bronzong
|-damage|p1a: Bronzong|127\/337
|move|p1a: Bronzong|Toxic|p2a: Metagross
|-fail|p2a: Metagross
|
|-heal|p1a: Bronzong|148\/337|[from] item: Leftovers
|-damage|p2a: Metagross|49\/301 brn|[from] brn
|turn|28
|
|switch|p1a: Chesnaught|Chesnaught, M|379\/379
|move|p2a: Metagross|Meteor Mash|p1a: Chesnaught
|-damage|p1a: Chesnaught|303\/379
|
|-heal|p1a: Chesnaught|326\/379|[from] item: Leftovers
|-damage|p2a: Metagross|12\/301 brn|[from] brn
|turn|29
|
|move|p1a: Chesnaught|Spiky Shield|p1a: Chesnaught
|-singleturn|p1a: Chesnaught|move: Protect
|move|p2a: Metagross|Bullet Punch|p1a: Chesnaught
|-activate|p1a: Chesnaught|move: Protect
|-damage|p2a: Metagross|0 fnt|[from] Spiky Shield|[of] p1a: Chesnaught
|faint|p2a: Metagross
|
|-heal|p1a: Chesnaught|349\/379|[from] item: Leftovers
|
|switch|p2a: Mandibuzz|Mandibuzz, F|396\/424
|-damage|p2a: Mandibuzz|290\/424|[from] Stealth Rock
|turn|30
|
|switch|p1a: Chansey|Chansey, F|703\/703
|move|p2a: Mandibuzz|Defog|p1a: Chansey
|-unboost|p1a: Chansey|evasion|1
|-sideend|p2: Tushar Cool|Stealth Rock|[from] move: Defog|[of] p2a: Mandibuzz
|
|-heal|p2a: Mandibuzz|316\/424|[from] item: Leftovers
|turn|31
|
|switch|p2a: Chesnaught|Chesnaught, F|334\/380 tox
|move|p1a: Chansey|Wish|p1a: Chansey
|
|-heal|p2a: Chesnaught|357\/380 tox|[from] item: Leftovers
|-damage|p2a: Chesnaught|334\/380 tox|[from] psn
|turn|32
|
|switch|p1a: Bronzong|Bronzong|148\/337
|move|p2a: Chesnaught|Drain Punch|p1a: Bronzong
|-damage|p1a: Bronzong|61\/337
|-heal|p2a: Chesnaught|378\/380 tox|[from] drain|[of] p1a: Bronzong
|
|-heal|p1a: Bronzong|337\/337|[from] move: Wish|[wisher] Chansey
|-heal|p2a: Chesnaught|380\/380 tox|[from] item: Leftovers
|-damage|p2a: Chesnaught|334\/380 tox|[from] psn
|turn|33
|
|switch|p2a: Rotom-Wash|Rotom-Wash|304\/304
|move|p1a: Bronzong|Stealth Rock|p2a: Rotom-Wash
|-sidestart|p2: Tushar Cool|move: Stealth Rock
|
|turn|34
|
|move|p2a: Rotom-Wash|Hydro Pump|p1a: Bronzong
|-damage|p1a: Bronzong|244\/337
|move|p1a: Bronzong|Toxic|p2a: Rotom-Wash
|-status|p2a: Rotom-Wash|tox
|
|-heal|p1a: Bronzong|265\/337|[from] item: Leftovers
|-damage|p2a: Rotom-Wash|285\/304 tox|[from] psn
|turn|35
|
|switch|p1a: Chansey|Chansey, F|703\/703
|move|p2a: Rotom-Wash|Will-O-Wisp|p1a: Chansey
|-status|p1a: Chansey|brn
|
|-heal|p2a: Rotom-Wash|304\/304 tox|[from] item: Leftovers
|-damage|p2a: Rotom-Wash|266\/304 tox|[from] psn
|-damage|p1a: Chansey|616\/703 brn|[from] brn
|turn|36
|
|move|p2a: Rotom-Wash|Volt Switch|p1a: Chansey
|-damage|p1a: Chansey|564\/703 brn
|
|switch|p2a: Chesnaught|Chesnaught, F|334\/380 tox
|-damage|p2a: Chesnaught|311\/380 tox|[from] Stealth Rock
|move|p1a: Chansey|Wish|p1a: Chansey
|
|-heal|p2a: Chesnaught|334\/380 tox|[from] item: Leftovers
|-damage|p2a: Chesnaught|311\/380 tox|[from] psn
|-damage|p1a: Chansey|477\/703 brn|[from] brn
|turn|37
|
|switch|p1a: Gothitelle|Gothitelle, F|145\/344
|move|p2a: Chesnaught|Leech Seed|p1a: Gothitelle
|-start|p1a: Gothitelle|move: Leech Seed
|
|-heal|p1a: Gothitelle|344\/344|[from] move: Wish|[wisher] Chansey
|-heal|p2a: Chesnaught|334\/380 tox|[from] item: Leftovers
|-damage|p1a: Gothitelle|301\/344|[from] Leech Seed|[of] p2a: Chesnaught
|-heal|p2a: Chesnaught|377\/380 tox|[silent]
|-damage|p2a: Chesnaught|331\/380 tox|[from] psn
|turn|38
|
|move|p1a: Gothitelle|Dark Pulse|p2a: Chesnaught
|-resisted|p2a: Chesnaught
|-damage|p2a: Chesnaught|290\/380 tox
|move|p2a: Chesnaught|Seed Bomb|p1a: Gothitelle
|-damage|p1a: Gothitelle|201\/344
|
|-heal|p1a: Gothitelle|222\/344|[from] item: Leftovers
|-heal|p2a: Chesnaught|313\/380 tox|[from] item: Leftovers
|-damage|p1a: Gothitelle|179\/344|[from] Leech Seed|[of] p2a: Chesnaught
|-heal|p2a: Chesnaught|356\/380 tox|[silent]
|-damage|p2a: Chesnaught|287\/380 tox|[from] psn
|turn|39
|
|move|p1a: Gothitelle|Rest|p1a: Gothitelle
|-status|p1a: Gothitelle|slp
|-heal|p1a: Gothitelle|344\/344 slp|[silent]
|-status|p1a: Gothitelle|slp|[from] move: Rest
|move|p2a: Chesnaught|Seed Bomb|p1a: Gothitelle
|-damage|p1a: Gothitelle|251\/344 slp
|
|-heal|p1a: Gothitelle|272\/344 slp|[from] item: Leftovers
|-heal|p2a: Chesnaught|310\/380 tox|[from] item: Leftovers
|-damage|p1a: Gothitelle|229\/344 slp|[from] Leech Seed|[of] p2a: Chesnaught
|-heal|p2a: Chesnaught|353\/380 tox|[silent]
|-damage|p2a: Chesnaught|261\/380 tox|[from] psn
|turn|40
|
|switch|p1a: Chesnaught|Chesnaught, M|349\/379
|move|p2a: Chesnaught|Seed Bomb|p1a: Chesnaught
|-immune|p1a: Chesnaught|[msg]|[from] Bulletproof
|
|-heal|p1a: Chesnaught|372\/379|[from] item: Leftovers
|-heal|p2a: Chesnaught|284\/380 tox|[from] item: Leftovers
|-damage|p2a: Chesnaught|169\/380 tox|[from] psn
|turn|41
|
|switch|p2a: Manaphy|Manaphy|130\/365
|-damage|p2a: Manaphy|85\/365|[from] Stealth Rock
|move|p1a: Chesnaught|Spikes|p2a: Manaphy
|-sidestart|p2: Tushar Cool|Spikes
|
|-heal|p1a: Chesnaught|379\/379|[from] item: Leftovers
|turn|42
|
|move|p1a: Chesnaught|Spiky Shield|p1a: Chesnaught
|-singleturn|p1a: Chesnaught|move: Protect
|move|p2a: Manaphy|Ice Beam|p1a: Chesnaught
|-activate|p1a: Chesnaught|move: Protect
|
|turn|43
|
|switch|p1a: Bronzong|Bronzong|265\/337
|move|p2a: Manaphy|Ice Beam|p1a: Bronzong
|-resisted|p1a: Bronzong
|-damage|p1a: Bronzong|237\/337
|
|-heal|p1a: Bronzong|258\/337|[from] item: Leftovers
|turn|44
|
|move|p2a: Manaphy|Ice Beam|p1a: Bronzong
|-resisted|p1a: Bronzong
|-damage|p1a: Bronzong|229\/337
|move|p1a: Bronzong|Toxic|p2a: Manaphy
|-status|p2a: Manaphy|tox
|
|-heal|p1a: Bronzong|250\/337|[from] item: Leftovers
|-damage|p2a: Manaphy|63\/365 tox|[from] psn
|turn|45
|-message|Tushar Cool forfeited.
|leave|Tushar Cool
|
|win|Kioskate
|raw|Ladder updating...
|player|p2
|raw|Kioskate's rating: 1436 &rarr; <strong>1452<\/strong><br \/>(+16 for winning)
|raw|Tushar Cool's rating: 1381 &rarr; <strong>1364<\/strong><br \/>(-17 for losing)