|join|sand1234
|join|Kioskate
|player|p1|sand1234|284
|player|p2|Kioskate|169
|gametype|singles
|gen|6
|tier|OU
|rated
|clearpoke
|poke|p1|Clefable, F
|poke|p1|Metagross
|poke|p1|Weavile, F
|poke|p1|Greninja, M
|poke|p1|Magnezone
|poke|p1|Landorus-Therian, M
|poke|p2|Gothitelle, M
|poke|p2|Sableye, M
|poke|p2|Bronzong
|poke|p2|Chesnaught, F
|poke|p2|Skarmory, M
|poke|p2|Chansey, F
|rule|Swagger Clause: Swagger is banned
|rule|Baton Pass Clause: Limit one PokÃ©mon knowing Baton Pass
|rule|Sleep Clause Mod: Limit one foe put to sleep
|rule|Species Clause: Limit one of each PokÃ©mon
|rule|OHKO Clause: OHKO moves are banned
|rule|Moody Clause: Moody is banned
|rule|Evasion Moves Clause: Evasion moves are banned
|rule|Endless Battle Clause: Forcing endless battles is banned
|rule|HP Percentage Mod: HP is shown in percentages
|teampreview
|
|start
|switch|p1a: Clefable|Clefable, F|394\/394
|switch|p2a: Sableye|Sableye, M|303\/303
|turn|1
|
|switch|p2a: Gothitelle|Gothitelle, M|344\/344
|move|p1a: Clefable|Moonblast|p2a: Gothitelle
|-damage|p2a: Gothitelle|265\/344
|
|turn|2
|
|move|p2a: Gothitelle|Trick|p1a: Clefable
|-activate|p2a: Gothitelle|move: Trick|[of] p1a: Clefable
|-item|p1a: Clefable|Choice Scarf|[from] move: Trick
|-item|p2a: Gothitelle|Leftovers|[from] move: Trick
|move|p1a: Clefable|Moonblast|p2a: Gothitelle
|-damage|p2a: Gothitelle|186\/344
|
|-heal|p2a: Gothitelle|207\/344|[from] item: Leftovers
|turn|3
|
|move|p1a: Clefable|Moonblast|p2a: Gothitelle
|-damage|p2a: Gothitelle|129\/344
|move|p2a: Gothitelle|Calm Mind|p2a: Gothitelle
|-boost|p2a: Gothitelle|spa|1
|-boost|p2a: Gothitelle|spd|1
|
|-heal|p2a: Gothitelle|150\/344|[from] item: Leftovers
|turn|4
|
|move|p1a: Clefable|Moonblast|p2a: Gothitelle
|-damage|p2a: Gothitelle|104\/344
|move|p2a: Gothitelle|Rest|p2a: Gothitelle
|-status|p2a: Gothitelle|slp
|-heal|p2a: Gothitelle|344\/344 slp|[silent]
|-status|p2a: Gothitelle|slp|[from] move: Rest
|
|turn|5
|
|move|p1a: Clefable|Moonblast|p2a: Gothitelle
|-damage|p2a: Gothitelle|296\/344 slp
|cant|p2a: Gothitelle|slp
|
|-heal|p2a: Gothitelle|317\/344 slp|[from] item: Leftovers
|turn|6
|
|move|p1a: Clefable|Moonblast|p2a: Gothitelle
|-damage|p2a: Gothitelle|265\/344 slp
|cant|p2a: Gothitelle|slp
|
|-heal|p2a: Gothitelle|286\/344 slp|[from] item: Leftovers
|turn|7
|
|move|p1a: Clefable|Moonblast|p2a: Gothitelle
|-damage|p2a: Gothitelle|231\/344 slp
|-unboost|p2a: Gothitelle|spa|1
|-curestatus|p2a: Gothitelle|slp
|move|p2a: Gothitelle|Calm Mind|p2a: Gothitelle
|-boost|p2a: Gothitelle|spa|1
|-boost|p2a: Gothitelle|spd|1
|
|-heal|p2a: Gothitelle|252\/344|[from] item: Leftovers
|turn|8
|
|move|p1a: Clefable|Moonblast|p2a: Gothitelle
|-damage|p2a: Gothitelle|216\/344
|move|p2a: Gothitelle|Calm Mind|p2a: Gothitelle
|-boost|p2a: Gothitelle|spa|1
|-boost|p2a: Gothitelle|spd|1
|
|-heal|p2a: Gothitelle|237\/344|[from] item: Leftovers
|turn|9
|
|move|p1a: Clefable|Moonblast|p2a: Gothitelle
|-damage|p2a: Gothitelle|206\/344
|move|p2a: Gothitelle|Calm Mind|p2a: Gothitelle
|-boost|p2a: Gothitelle|spa|1
|-boost|p2a: Gothitelle|spd|1
|
|-heal|p2a: Gothitelle|227\/344|[from] item: Leftovers
|turn|10
|
|move|p1a: Clefable|Moonblast|p2a: Gothitelle
|-damage|p2a: Gothitelle|203\/344
|move|p2a: Gothitelle|Calm Mind|p2a: Gothitelle
|-boost|p2a: Gothitelle|spa|1
|-boost|p2a: Gothitelle|spd|1
|
|-heal|p2a: Gothitelle|224\/344|[from] item: Leftovers
|turn|11
|
|move|p1a: Clefable|Moonblast|p2a: Gothitelle
|-damage|p2a: Gothitelle|202\/344
|-unboost|p2a: Gothitelle|spa|1
|move|p2a: Gothitelle|Calm Mind|p2a: Gothitelle
|-boost|p2a: Gothitelle|spa|1
|-boost|p2a: Gothitelle|spd|1
|
|-heal|p2a: Gothitelle|223\/344|[from] item: Leftovers
|turn|12
|
|move|p1a: Clefable|Moonblast|p2a: Gothitelle
|-damage|p2a: Gothitelle|204\/344
|move|p2a: Gothitelle|Calm Mind|p2a: Gothitelle
|-boost|p2a: Gothitelle|spa|1
|
|-heal|p2a: Gothitelle|225\/344|[from] item: Leftovers
|turn|13
|
|move|p1a: Clefable|Moonblast|p2a: Gothitelle
|-damage|p2a: Gothitelle|206\/344
|move|p2a: Gothitelle|Calm Mind|p2a: Gothitelle
|-boost|p2a: Gothitelle|spa|1
|
|-heal|p2a: Gothitelle|227\/344|[from] item: Leftovers
|turn|14
|
|move|p1a: Clefable|Moonblast|p2a: Gothitelle
|-damage|p2a: Gothitelle|208\/344
|move|p2a: Gothitelle|Rest|p2a: Gothitelle
|-status|p2a: Gothitelle|slp
|-heal|p2a: Gothitelle|344\/344 slp|[silent]
|-status|p2a: Gothitelle|slp|[from] move: Rest
|
|turn|15
|
|move|p1a: Clefable|Moonblast|p2a: Gothitelle
|-damage|p2a: Gothitelle|323\/344 slp
|cant|p2a: Gothitelle|slp
|
|-heal|p2a: Gothitelle|344\/344 slp|[from] item: Leftovers
|turn|16
|
|move|p1a: Clefable|Moonblast|p2a: Gothitelle
|-crit|p2a: Gothitelle
|-damage|p2a: Gothitelle|239\/344 slp
|cant|p2a: Gothitelle|slp
|
|-heal|p2a: Gothitelle|260\/344 slp|[from] item: Leftovers
|turn|17
|
|move|p1a: Clefable|Moonblast|p2a: Gothitelle
|-crit|p2a: Gothitelle
|-damage|p2a: Gothitelle|149\/344 slp
|-curestatus|p2a: Gothitelle|slp
|move|p2a: Gothitelle|Dark Pulse|p1a: Clefable
|-resisted|p1a: Clefable
|-damage|p1a: Clefable|274\/394
|
|-heal|p2a: Gothitelle|170\/344|[from] item: Leftovers
|turn|18
|
|move|p1a: Clefable|Moonblast|p2a: Gothitelle
|-damage|p2a: Gothitelle|151\/344
|move|p2a: Gothitelle|Rest|p2a: Gothitelle
|-status|p2a: Gothitelle|slp
|-heal|p2a: Gothitelle|344\/344 slp|[silent]
|-status|p2a: Gothitelle|slp|[from] move: Rest
|
|turn|19
|
|move|p1a: Clefable|Moonblast|p2a: Gothitelle
|-damage|p2a: Gothitelle|325\/344 slp
|cant|p2a: Gothitelle|slp
|
|-heal|p2a: Gothitelle|344\/344 slp|[from] item: Leftovers
|turn|20
|
|move|p1a: Clefable|Moonblast|p2a: Gothitelle
|-damage|p2a: Gothitelle|323\/344 slp
|cant|p2a: Gothitelle|slp
|
|-heal|p2a: Gothitelle|344\/344 slp|[from] item: Leftovers
|turn|21
|
|move|p1a: Clefable|Moonblast|p2a: Gothitelle
|-damage|p2a: Gothitelle|323\/344 slp
|-curestatus|p2a: Gothitelle|slp
|move|p2a: Gothitelle|Dark Pulse|p1a: Clefable
|-resisted|p1a: Clefable
|-damage|p1a: Clefable|154\/394
|
|-heal|p2a: Gothitelle|344\/344|[from] item: Leftovers
|turn|22
|
|move|p1a: Clefable|Moonblast|p2a: Gothitelle
|-damage|p2a: Gothitelle|325\/344
|move|p2a: Gothitelle|Dark Pulse|p1a: Clefable
|-resisted|p1a: Clefable
|-damage|p1a: Clefable|20\/394
|
|-heal|p2a: Gothitelle|344\/344|[from] item: Leftovers
|turn|23
|
|move|p1a: Clefable|Moonblast|p2a: Gothitelle
|-damage|p2a: Gothitelle|323\/344
|move|p2a: Gothitelle|Trick|p1a: Clefable
|-activate|p2a: Gothitelle|move: Trick|[of] p1a: Clefable
|-item|p1a: Clefable|Leftovers|[from] move: Trick
|-item|p2a: Gothitelle|Choice Scarf|[from] move: Trick
|
|-heal|p1a: Clefable|44\/394|[from] item: Leftovers
|turn|24
|
|move|p2a: Gothitelle|Dark Pulse|p1a: Clefable
|-resisted|p1a: Clefable
|-damage|p1a: Clefable|0 fnt
|faint|p1a: Clefable
|
|
|switch|p1a: Weavile|Weavile, F|281\/281
|-ability|p1a: Weavile|Pressure
|turn|25
|
|switch|p2a: Skarmory|Skarmory, M|333\/333
|move|p1a: Weavile|Knock Off|p2a: Skarmory
|-damage|p2a: Skarmory|212\/333
|-enditem|p2a: Skarmory|Shed Shell|[from] move: Knock Off|[of] p1a: Weavile
|-damage|p1a: Weavile|253\/281|[from] item: Life Orb
|
|turn|26
|
|switch|p2a: Sableye|Sableye, M|303\/303
|move|p1a: Weavile|Icicle Crash|p2a: Sableye
|-damage|p2a: Sableye|142\/303
|-damage|p1a: Weavile|225\/281|[from] item: Life Orb
|
|turn|27
|
|switch|p1a: Magnezone|Magnezone|330\/330
|-item|p1a: Magnezone|Air Balloon
|move|p2a: Sableye|Recover|p2a: Sableye
|-heal|p2a: Sableye|294\/303
|
|turn|28
|
|switch|p2a: Gothitelle|Gothitelle, M|323\/344
|move|p1a: Magnezone|Thunderbolt|p2a: Gothitelle
|-damage|p2a: Gothitelle|191\/344
|
|turn|29
|
|move|p2a: Gothitelle|Rest|p2a: Gothitelle
|-status|p2a: Gothitelle|slp
|-heal|p2a: Gothitelle|344\/344 slp|[silent]
|-status|p2a: Gothitelle|slp|[from] move: Rest
|move|p1a: Magnezone|Thunderbolt|p2a: Gothitelle
|-damage|p2a: Gothitelle|224\/344 slp
|
|turn|30
|c|âKioskate|misclick
|c|âKioskate|hmm
|
|switch|p2a: Chansey|Chansey, F|703\/703
|move|p1a: Magnezone|Thunderbolt|p2a: Chansey
|-damage|p2a: Chansey|585\/703
|
|turn|31
|
|move|p1a: Magnezone|Thunderbolt|p2a: Chansey
|-crit|p2a: Chansey
|-damage|p2a: Chansey|410\/703
|move|p2a: Chansey|Heal Bell|p2a: Chansey
|-cureteam|p2a: Chansey|[from] move: HealBell
|
|turn|32
|
|switch|p1a: Metagross|Metagross|302\/302
|move|p2a: Chansey|Soft-Boiled|p2a: Chansey
|-heal|p2a: Chansey|703\/703
|
|turn|33
|
|switch|p2a: Gothitelle|Gothitelle, M|224\/344
|detailschange|p1a: Metagross|Metagross-Mega
|-mega|p1a: Metagross|Metagross|Metagrossite
|move|p1a: Metagross|Meteor Mash|p2a: Gothitelle
|-damage|p2a: Gothitelle|0 fnt
|-boost|p1a: Metagross|atk|1
|faint|p2a: Gothitelle
|
|
|switch|p2a: Sableye|Sableye, M|294\/303
|turn|34
|
|switch|p1a: Magnezone|Magnezone|330\/330
|-item|p1a: Magnezone|Air Balloon
|move|p2a: Sableye|Will-O-Wisp|p1a: Magnezone
|-status|p1a: Magnezone|brn
|
|-damage|p1a: Magnezone|289\/330 brn|[from] brn
|turn|35
|
|switch|p2a: Chansey|Chansey, F|703\/703
|move|p1a: Magnezone|Thunderbolt|p2a: Chansey
|-damage|p2a: Chansey|585\/703
|
|-damage|p1a: Magnezone|248\/330 brn|[from] brn
|turn|36
|
|switch|p1a: Landorus-Therian|Landorus-Therian, M|382\/382
|-ability|p1a: Landorus-Therian|Intimidate|[of] p2a: Chansey
|-unboost|p2a: Chansey|atk|1
|move|p2a: Chansey|Seismic Toss|p1a: Landorus-Therian
|-damage|p1a: Landorus-Therian|282\/382
|
|-heal|p1a: Landorus-Therian|305\/382|[from] item: Leftovers
|turn|37
|
|switch|p2a: Sableye|Sableye, M|294\/303
|move|p1a: Landorus-Therian|Knock Off|p2a: Sableye
|-damage|p2a: Sableye|210\/303
|
|-heal|p1a: Landorus-Therian|328\/382|[from] item: Leftovers
|turn|38
|
|switch|p1a: Magnezone|Magnezone|248\/330 brn
|-item|p1a: Magnezone|Air Balloon
|move|p2a: Sableye|Recover|p2a: Sableye
|-heal|p2a: Sableye|303\/303
|
|-damage|p1a: Magnezone|207\/330 brn|[from] brn
|turn|39
|
|switch|p2a: Chansey|Chansey, F|585\/703
|move|p1a: Magnezone|Thunderbolt|p2a: Chansey
|-damage|p2a: Chansey|483\/703
|
|-damage|p1a: Magnezone|166\/330 brn|[from] brn
|turn|40
|
|switch|p1a: Metagross|Metagross-Mega|302\/302
|move|p2a: Chansey|Soft-Boiled|p2a: Chansey
|-heal|p2a: Chansey|703\/703
|
|turn|41
|
|switch|p2a: Sableye|Sableye, M|303\/303
|move|p1a: Metagross|Meteor Mash|p2a: Sableye
|-damage|p2a: Sableye|98\/303
|-boost|p1a: Metagross|atk|1
|
|turn|42
|
|detailschange|p2a: Sableye|Sableye-Mega, M
|-mega|p2a: Sableye|Sableye|Sablenite
|move|p1a: Metagross|Bullet Punch|p2a: Sableye
|-damage|p2a: Sableye|0 fnt
|faint|p2a: Sableye
|
|
|switch|p2a: Chesnaught|Chesnaught, F|379\/379
|turn|43
|
|move|p2a: Chesnaught|Spiky Shield|p2a: Chesnaught
|-singleturn|p2a: Chesnaught|move: Protect
|move|p1a: Metagross|Zen Headbutt|p2a: Chesnaught
|-activate|p2a: Chesnaught|move: Protect
|-damage|p1a: Metagross|265\/302|[from] Spiky Shield|[of] p2a: Chesnaught
|
|turn|44
|
|move|p1a: Metagross|Zen Headbutt|p2a: Chesnaught
|-supereffective|p2a: Chesnaught
|-damage|p2a: Chesnaught|0 fnt
|faint|p2a: Chesnaught
|
|
|switch|p2a: Bronzong|Bronzong|337\/337
|turn|45
|
|move|p1a: Metagross|Meteor Mash|p2a: Bronzong
|-resisted|p2a: Bronzong
|-damage|p2a: Bronzong|175\/337
|move|p2a: Bronzong|Earthquake|p1a: Metagross
|-supereffective|p1a: Metagross
|-damage|p1a: Metagross|159\/302
|
|-heal|p2a: Bronzong|196\/337|[from] item: Leftovers
|turn|46
|
|move|p1a: Metagross|Meteor Mash|p2a: Bronzong
|-resisted|p2a: Bronzong
|-damage|p2a: Bronzong|56\/337
|move|p2a: Bronzong|Earthquake|p1a: Metagross
|-supereffective|p1a: Metagross
|-damage|p1a: Metagross|65\/302
|
|-heal|p2a: Bronzong|77\/337|[from] item: Leftovers
|turn|47
|
|move|p1a: Metagross|Meteor Mash|p2a: Bronzong
|-resisted|p2a: Bronzong
|-damage|p2a: Bronzong|0 fnt
|faint|p2a: Bronzong
|
|c|âsand1234|is this bronzong here for m garde
|
|switch|p2a: Skarmory|Skarmory, M|212\/333
|turn|48
|c|âKioskate|yeah
|c|âKioskate|and lando
|
|move|p1a: Metagross|Meteor Mash|p2a: Skarmory
|-resisted|p2a: Skarmory
|-damage|p2a: Skarmory|108\/333
|move|p2a: Skarmory|Whirlwind|p1a: Metagross
|drag|p1a: Landorus-Therian|Landorus-Therian, M|328\/382
|-ability|p1a: Landorus-Therian|Intimidate|[of] p2a: Skarmory
|-unboost|p2a: Skarmory|atk|1
|
|-heal|p1a: Landorus-Therian|351\/382|[from] item: Leftovers
|turn|49
|leave|Kioskate
|player|p2
|join|Kioskate
|player|p2|Kioskate|169
|
|switch|p2a: Chansey|Chansey, F|703\/703
|move|p1a: Landorus-Therian|U-turn|p2a: Chansey
|-damage|p2a: Chansey|576\/703
|
|switch|p1a: Metagross|Metagross-Mega|65\/302
|
|turn|50
|
|move|p1a: Metagross|Meteor Mash|p2a: Chansey
|-damage|p2a: Chansey|270\/703
|move|p2a: Chansey|Seismic Toss|p1a: Metagross
|-damage|p1a: Metagross|0 fnt
|faint|p1a: Metagross
|
|
|switch|p1a: Weavile|Weavile, F|225\/281
|-ability|p1a: Weavile|Pressure
|turn|51
|
|move|p1a: Weavile|Knock Off|p2a: Chansey
|-damage|p2a: Chansey|0 fnt
|-enditem|p2a: Chansey|Eviolite|[from] move: Knock Off|[of] p1a: Weavile
|-damage|p1a: Weavile|197\/281|[from] item: Life Orb
|faint|p2a: Chansey
|
|c|âKioskate|ggg
|c|âsand1234|gg
|-message|Kioskate forfeited.
|leave|Kioskate
|
|win|sand1234
|raw|Ladder updating...
|player|p2
|raw|sand1234's rating: 1535 &rarr; <strong>1550<\/strong><br \/>(+15 for winning)
|raw|Kioskate's rating: 1451 &rarr; <strong>1436<\/strong><br \/>(-15 for losing)