|join|Albacore
|join|Kioskate
|player|p1|Albacore|234
|player|p2|Kioskate|169
|gametype|singles
|gen|6
|tier|OU
|rated
|clearpoke
|poke|p1|Serperior, M
|poke|p1|Dugtrio, M
|poke|p1|Manectric, M
|poke|p1|Heatran, M
|poke|p1|Hawlucha, M
|poke|p1|Scizor, M
|poke|p2|Gothitelle, M
|poke|p2|Sableye, F
|poke|p2|Bronzong
|poke|p2|Chesnaught, F
|poke|p2|Skarmory, F
|poke|p2|Chansey, F
|rule|Swagger Clause: Swagger is banned
|rule|Baton Pass Clause: Limit one PokÃ©mon knowing Baton Pass
|rule|Sleep Clause Mod: Limit one foe put to sleep
|rule|Species Clause: Limit one of each PokÃ©mon
|rule|OHKO Clause: OHKO moves are banned
|rule|Moody Clause: Moody is banned
|rule|Evasion Moves Clause: Evasion moves are banned
|rule|Endless Battle Clause: Forcing endless battles is banned
|rule|HP Percentage Mod: HP is shown in percentages
|teampreview
|c|âKioskate|What a weird team
|
|start
|switch|p1a: Manectric|Manectric, M|281\/281
|switch|p2a: Gothitelle|Gothitelle, M|344\/344
|turn|1
|
|switch|p2a: Chansey|Chansey, F|703\/703
|detailschange|p1a: Manectric|Manectric-Mega, M
|-mega|p1a: Manectric|Manectric|Manectite
|-ability|p1a: Manectric|Intimidate|[of] p2a: Chansey
|-unboost|p2a: Chansey|atk|1
|move|p1a: Manectric|Volt Switch|p2a: Chansey
|-damage|p2a: Chansey|625\/703
|
|switch|p1a: Dugtrio|Dugtrio, M|201\/201
|
|turn|2
|
|move|p1a: Dugtrio|Substitute|p1a: Dugtrio
|-start|p1a: Dugtrio|Substitute
|-damage|p1a: Dugtrio|151\/201
|move|p2a: Chansey|Soft-Boiled|p2a: Chansey
|-heal|p2a: Chansey|703\/703
|
|turn|3
|
|move|p1a: Dugtrio|Stealth Rock|p2a: Chansey
|-sidestart|p2: Kioskate|move: Stealth Rock
|move|p2a: Chansey|Wish|p2a: Chansey
|
|turn|4
|
|move|p1a: Dugtrio|Earthquake|p2a: Chansey
|-damage|p2a: Chansey|543\/703
|move|p2a: Chansey|Seismic Toss|p1a: Dugtrio
|-end|p1a: Dugtrio|Substitute
|
|-heal|p2a: Chansey|703\/703|[from] move: Wish|[wisher] Chansey
|turn|5
|
|move|p1a: Dugtrio|Substitute|p1a: Dugtrio
|-start|p1a: Dugtrio|Substitute
|-damage|p1a: Dugtrio|101\/201
|move|p2a: Chansey|Wish|p2a: Chansey
|
|turn|6
|
|move|p1a: Dugtrio|Earthquake|p2a: Chansey
|-damage|p2a: Chansey|537\/703
|move|p2a: Chansey|Seismic Toss|p1a: Dugtrio
|-end|p1a: Dugtrio|Substitute
|
|-heal|p2a: Chansey|703\/703|[from] move: Wish|[wisher] Chansey
|turn|7
|join|poek69x
|join|Kimio
|
|move|p1a: Dugtrio|Substitute|p1a: Dugtrio
|-start|p1a: Dugtrio|Substitute
|-damage|p1a: Dugtrio|51\/201
|move|p2a: Chansey|Wish|p2a: Chansey
|
|turn|8
|
|move|p1a: Dugtrio|Reversal|p2a: Chansey
|-supereffective|p2a: Chansey
|-damage|p2a: Chansey|509\/703
|move|p2a: Chansey|Seismic Toss|p1a: Dugtrio
|-end|p1a: Dugtrio|Substitute
|
|-heal|p2a: Chansey|703\/703|[from] move: Wish|[wisher] Chansey
|turn|9
|c| Kimio|that did 0
|
|move|p1a: Dugtrio|Substitute|p1a: Dugtrio
|-start|p1a: Dugtrio|Substitute
|-damage|p1a: Dugtrio|1\/201
|move|p2a: Chansey|Wish|p2a: Chansey
|
|turn|10
|
|move|p1a: Dugtrio|Reversal|p2a: Chansey
|-supereffective|p2a: Chansey
|-damage|p2a: Chansey|267\/703
|move|p2a: Chansey|Seismic Toss|p1a: Dugtrio
|-end|p1a: Dugtrio|Substitute
|
|-heal|p2a: Chansey|618\/703|[from] move: Wish|[wisher] Chansey
|turn|11
|
|move|p1a: Dugtrio|Reversal|p2a: Chansey
|-supereffective|p2a: Chansey
|-damage|p2a: Chansey|156\/703
|move|p2a: Chansey|Seismic Toss|p1a: Dugtrio
|-damage|p1a: Dugtrio|0 fnt
|faint|p1a: Dugtrio
|
|
|switch|p1a: Heatran|Heatran, M|386\/386
|turn|12
|
|move|p1a: Heatran|Taunt|p2a: Chansey
|-start|p2a: Chansey|move: Taunt
|cant|p2a: Chansey|move: Taunt|Soft-Boiled
|
|turn|13
|
|switch|p2a: Gothitelle|Gothitelle, M|344\/344
|-damage|p2a: Gothitelle|301\/344|[from] Stealth Rock
|move|p1a: Heatran|Toxic|p2a: Gothitelle
|-status|p2a: Gothitelle|tox
|
|-damage|p2a: Gothitelle|280\/344 tox|[from] psn
|turn|14
|
|move|p1a: Heatran|Protect|p1a: Heatran
|-singleturn|p1a: Heatran|Protect
|move|p2a: Gothitelle|Trick|p1a: Heatran
|-activate|p1a: Heatran|Protect
|
|-damage|p2a: Gothitelle|238\/344 tox|[from] psn
|turn|15
|
|move|p2a: Gothitelle|Trick|p1a: Heatran
|-activate|p2a: Gothitelle|move: Trick|[of] p1a: Heatran
|-item|p1a: Heatran|Choice Scarf|[from] move: Trick
|-item|p2a: Gothitelle|Leftovers|[from] move: Trick
|move|p1a: Heatran|Lava Plume|p2a: Gothitelle
|-damage|p2a: Gothitelle|157\/344 tox
|
|-heal|p2a: Gothitelle|178\/344 tox|[from] item: Leftovers
|-damage|p2a: Gothitelle|115\/344 tox|[from] psn
|turn|16
|
|move|p1a: Heatran|Lava Plume|p2a: Gothitelle
|-damage|p2a: Gothitelle|31\/344 tox
|move|p2a: Gothitelle|Rest|p2a: Gothitelle
|-status|p2a: Gothitelle|slp
|-heal|p2a: Gothitelle|344\/344 slp|[silent]
|-status|p2a: Gothitelle|slp|[from] move: Rest
|
|turn|17
|
|move|p1a: Heatran|Lava Plume|p2a: Gothitelle
|-damage|p2a: Gothitelle|259\/344 slp
|cant|p2a: Gothitelle|slp
|
|-heal|p2a: Gothitelle|280\/344 slp|[from] item: Leftovers
|turn|18
|
|move|p1a: Heatran|Lava Plume|p2a: Gothitelle
|-damage|p2a: Gothitelle|204\/344 slp
|cant|p2a: Gothitelle|slp
|
|-heal|p2a: Gothitelle|225\/344 slp|[from] item: Leftovers
|turn|19
|c| Kimio|hate this goth set
|
|move|p1a: Heatran|Lava Plume|p2a: Gothitelle
|-damage|p2a: Gothitelle|143\/344 slp
|-curestatus|p2a: Gothitelle|slp
|move|p2a: Gothitelle|Calm Mind|p2a: Gothitelle
|-boost|p2a: Gothitelle|spa|1
|-boost|p2a: Gothitelle|spd|1
|
|-heal|p2a: Gothitelle|164\/344|[from] item: Leftovers
|turn|20
|
|move|p1a: Heatran|Lava Plume|p2a: Gothitelle
|-damage|p2a: Gothitelle|107\/344
|move|p2a: Gothitelle|Rest|p2a: Gothitelle
|-status|p2a: Gothitelle|slp
|-heal|p2a: Gothitelle|344\/344 slp|[silent]
|-status|p2a: Gothitelle|slp|[from] move: Rest
|
|turn|21
|join|Cienight
|
|move|p1a: Heatran|Lava Plume|p2a: Gothitelle
|-damage|p2a: Gothitelle|284\/344 slp
|cant|p2a: Gothitelle|slp
|
|-heal|p2a: Gothitelle|305\/344 slp|[from] item: Leftovers
|turn|22
|
|move|p1a: Heatran|Lava Plume|p2a: Gothitelle
|-damage|p2a: Gothitelle|253\/344 slp
|cant|p2a: Gothitelle|slp
|
|-heal|p2a: Gothitelle|274\/344 slp|[from] item: Leftovers
|turn|23
|join|Laschero
|
|move|p1a: Heatran|Lava Plume|p2a: Gothitelle
|-damage|p2a: Gothitelle|220\/344 slp
|-curestatus|p2a: Gothitelle|slp
|move|p2a: Gothitelle|Calm Mind|p2a: Gothitelle
|-boost|p2a: Gothitelle|spa|1
|-boost|p2a: Gothitelle|spd|1
|
|-heal|p2a: Gothitelle|241\/344|[from] item: Leftovers
|turn|24
|c|âKioskate|Oh I'm facing Albacore, someone from Smogon
|join|JustB1az3
|c|âKioskate|Wondering why there were so many spectators
|c| poek69x|albacore is famous
|
|move|p1a: Heatran|Lava Plume|p2a: Gothitelle
|-damage|p2a: Gothitelle|199\/344
|move|p2a: Gothitelle|Calm Mind|p2a: Gothitelle
|-boost|p2a: Gothitelle|spa|1
|-boost|p2a: Gothitelle|spd|1
|
|-heal|p2a: Gothitelle|220\/344|[from] item: Leftovers
|turn|25
|c|âKioskate|Maybe I can be a little famous too
|
|move|p1a: Heatran|Lava Plume|p2a: Gothitelle
|-damage|p2a: Gothitelle|183\/344
|-status|p2a: Gothitelle|brn
|move|p2a: Gothitelle|Calm Mind|p2a: Gothitelle
|-boost|p2a: Gothitelle|spa|1
|-boost|p2a: Gothitelle|spd|1
|
|-heal|p2a: Gothitelle|204\/344 brn|[from] item: Leftovers
|-damage|p2a: Gothitelle|161\/344 brn|[from] brn
|turn|26
|c|âKioskate|probably wants to save the replay of serperior sweep
|
|move|p1a: Heatran|Lava Plume|p2a: Gothitelle
|-damage|p2a: Gothitelle|133\/344 brn
|move|p2a: Gothitelle|Rest|p2a: Gothitelle
|-status|p2a: Gothitelle|slp
|-heal|p2a: Gothitelle|344\/344 slp|[silent]
|-status|p2a: Gothitelle|slp|[from] move: Rest
|
|turn|27
|
|move|p1a: Heatran|Lava Plume|p2a: Gothitelle
|-crit|p2a: Gothitelle
|-damage|p2a: Gothitelle|220\/344 slp
|cant|p2a: Gothitelle|slp
|
|-heal|p2a: Gothitelle|241\/344 slp|[from] item: Leftovers
|turn|28
|
|move|p1a: Heatran|Lava Plume|p2a: Gothitelle
|-damage|p2a: Gothitelle|211\/344 slp
|cant|p2a: Gothitelle|slp
|
|-heal|p2a: Gothitelle|232\/344 slp|[from] item: Leftovers
|turn|29
|
|move|p1a: Heatran|Lava Plume|p2a: Gothitelle
|-damage|p2a: Gothitelle|201\/344 slp
|-curestatus|p2a: Gothitelle|slp
|move|p2a: Gothitelle|Dark Pulse|p1a: Heatran
|-damage|p1a: Heatran|253\/386
|
|-heal|p2a: Gothitelle|222\/344|[from] item: Leftovers
|turn|30
|c|âAlbacore|lol what
|c| poek69x|new meta
|
|move|p1a: Heatran|Lava Plume|p2a: Gothitelle
|-damage|p2a: Gothitelle|195\/344
|-status|p2a: Gothitelle|brn
|move|p2a: Gothitelle|Calm Mind|p2a: Gothitelle
|-boost|p2a: Gothitelle|spa|1
|-boost|p2a: Gothitelle|spd|1
|
|-heal|p2a: Gothitelle|216\/344 brn|[from] item: Leftovers
|-damage|p2a: Gothitelle|173\/344 brn|[from] brn
|turn|31
|c|âKioskate|The whole point of this team is serp right?
|
|move|p1a: Heatran|Lava Plume|p2a: Gothitelle
|-damage|p2a: Gothitelle|151\/344 brn
|move|p2a: Gothitelle|Dark Pulse|p1a: Heatran
|-damage|p1a: Heatran|94\/386
|
|-heal|p2a: Gothitelle|172\/344 brn|[from] item: Leftovers
|-damage|p2a: Gothitelle|129\/344 brn|[from] brn
|turn|32
|raw|<div class="broadcast-blue"><b>join the old gens room to look for gen 1 random battle challenges!<\/b><\/div>
|c|âKioskate|You're running dugtrio just to take trans
|leave|Laschero
|
|move|p1a: Heatran|Lava Plume|p2a: Gothitelle
|-damage|p2a: Gothitelle|104\/344 brn
|move|p2a: Gothitelle|Rest|p2a: Gothitelle
|-status|p2a: Gothitelle|slp
|-heal|p2a: Gothitelle|344\/344 slp|[silent]
|-status|p2a: Gothitelle|slp|[from] move: Rest
|
|turn|33
|c| poek69x|clever guy
|
|move|p1a: Heatran|Lava Plume|p2a: Gothitelle
|-damage|p2a: Gothitelle|320\/344 slp
|cant|p2a: Gothitelle|slp
|
|-heal|p2a: Gothitelle|341\/344 slp|[from] item: Leftovers
|turn|34
|
|move|p1a: Heatran|Lava Plume|p2a: Gothitelle
|-damage|p2a: Gothitelle|317\/344 slp
|cant|p2a: Gothitelle|slp
|
|-heal|p2a: Gothitelle|338\/344 slp|[from] item: Leftovers
|turn|35
|
|move|p1a: Heatran|Lava Plume|p2a: Gothitelle
|-damage|p2a: Gothitelle|314\/344 slp
|-curestatus|p2a: Gothitelle|slp
|move|p2a: Gothitelle|Trick|p1a: Heatran
|-activate|p2a: Gothitelle|move: Trick|[of] p1a: Heatran
|-item|p1a: Heatran|Leftovers|[from] move: Trick
|-item|p2a: Gothitelle|Choice Scarf|[from] move: Trick
|
|-heal|p1a: Heatran|118\/386|[from] item: Leftovers
|turn|36
|
|move|p1a: Heatran|Protect|p1a: Heatran
|-singleturn|p1a: Heatran|Protect
|move|p2a: Gothitelle|Dark Pulse|p1a: Heatran
|-activate|p1a: Heatran|Protect
|
|-heal|p1a: Heatran|142\/386|[from] item: Leftovers
|turn|37
|join|belgrade
|
|move|p2a: Gothitelle|Dark Pulse|p1a: Heatran
|-damage|p1a: Heatran|0 fnt
|faint|p1a: Heatran
|
|
|switch|p1a: Hawlucha|Hawlucha, M|297\/297
|turn|38
|
|move|p1a: Hawlucha|Swords Dance|p1a: Hawlucha
|-boost|p1a: Hawlucha|atk|2
|move|p2a: Gothitelle|Dark Pulse|p1a: Hawlucha
|-resisted|p1a: Hawlucha
|-damage|p1a: Hawlucha|154\/297
|
|turn|39
|c|âKioskate|Maybe I should have gone for +6
|
|move|p1a: Hawlucha|Swords Dance|p1a: Hawlucha
|-boost|p1a: Hawlucha|atk|2
|move|p2a: Gothitelle|Dark Pulse|p1a: Hawlucha
|-resisted|p1a: Hawlucha
|-damage|p1a: Hawlucha|9\/297
|-enditem|p1a: Hawlucha|Sitrus Berry|[eat]
|-heal|p1a: Hawlucha|83\/297|[from] item: Sitrus Berry
|
|turn|40
|
|move|p1a: Hawlucha|Acrobatics|p2a: Gothitelle
|-damage|p2a: Gothitelle|0 fnt
|faint|p2a: Gothitelle
|
|
|switch|p2a: Skarmory|Skarmory, F|333\/333
|-damage|p2a: Skarmory|292\/333|[from] Stealth Rock
|turn|41
|
|move|p1a: Hawlucha|Acrobatics|p2a: Skarmory
|-resisted|p2a: Skarmory
|-damage|p2a: Skarmory|170\/333
|move|p2a: Skarmory|Counter|p1a: Hawlucha
|-damage|p1a: Hawlucha|0 fnt
|faint|p1a: Hawlucha
|
|
|switch|p1a: Manectric|Manectric-Mega, M|281\/281
|-ability|p1a: Manectric|Intimidate|[of] p2a: Skarmory
|-unboost|p2a: Skarmory|atk|1
|turn|42
|
|move|p1a: Manectric|Volt Switch|p2a: Skarmory
|-supereffective|p2a: Skarmory
|-damage|p2a: Skarmory|0 fnt
|faint|p2a: Skarmory
|join|Nog
|
|switch|p1a: Scizor|Scizor, M|344\/344
|
|join|trinitrotoluene
|
|switch|p2a: Sableye|Sableye, F|303\/303
|-damage|p2a: Sableye|266\/303|[from] Stealth Rock
|turn|43
|
|move|p2a: Sableye|Will-O-Wisp|p1a: Scizor
|-status|p1a: Scizor|brn
|move|p1a: Scizor|U-turn|p2a: Sableye
|-damage|p2a: Sableye|205\/303
|
|switch|p1a: Serperior|Serperior, M|291\/291
|
|turn|44
|
|move|p2a: Sableye|Will-O-Wisp|p1a: Serperior
|-status|p1a: Serperior|brn
|move|p1a: Serperior|Leaf Storm|p2a: Sableye
|-damage|p2a: Sableye|0 fnt
|-boost|p1a: Serperior|spa|2
|-damage|p1a: Serperior|262\/291 brn|[from] item: Life Orb
|faint|p2a: Sableye
|
|-damage|p1a: Serperior|226\/291 brn|[from] brn
|c| Kimio|that animation
|
|switch|p2a: Chansey|Chansey, F|156\/703
|-damage|p2a: Chansey|69\/703|[from] Stealth Rock
|turn|45
|
|move|p1a: Serperior|Leaf Storm|p2a: Chansey
|-damage|p2a: Chansey|0 fnt
|-boost|p1a: Serperior|spa|2
|-damage|p1a: Serperior|197\/291 brn|[from] item: Life Orb
|faint|p2a: Chansey
|
|-damage|p1a: Serperior|161\/291 brn|[from] brn
|join|WindDemon
|join|I'm Virus (~'o')~
|
|switch|p2a: Bronzong|Bronzong|337\/337
|-damage|p2a: Bronzong|316\/337|[from] Stealth Rock
|turn|46
|
|move|p1a: Serperior|Hidden Power|p2a: Bronzong
|-crit|p2a: Bronzong
|-supereffective|p2a: Bronzong
|-damage|p2a: Bronzong|0 fnt
|-damage|p1a: Serperior|132\/291 brn|[from] item: Life Orb
|faint|p2a: Bronzong
|
|-damage|p1a: Serperior|96\/291 brn|[from] brn
|
|switch|p2a: Chesnaught|Chesnaught, F|379\/379
|-damage|p2a: Chesnaught|356\/379|[from] Stealth Rock
|turn|47
|
|move|p2a: Chesnaught|Spiky Shield|p2a: Chesnaught
|-singleturn|p2a: Chesnaught|move: Protect
|move|p1a: Serperior|Hidden Power|p2a: Chesnaught
|-activate|p2a: Chesnaught|move: Protect
|
|-heal|p2a: Chesnaught|379\/379|[from] item: Leftovers
|-damage|p1a: Serperior|60\/291 brn|[from] brn
|turn|48
|leave|Cienight
|
|move|p2a: Chesnaught|Spiky Shield|p2a: Chesnaught
|-fail|p2a: Chesnaught
|move|p1a: Serperior|Hidden Power|p2a: Chesnaught
|-crit|p2a: Chesnaught
|-supereffective|p2a: Chesnaught
|-damage|p2a: Chesnaught|0 fnt
|-damage|p1a: Serperior|31\/291 brn|[from] item: Life Orb
|faint|p2a: Chesnaught
|
|win|Albacore
|raw|Ladder updating...
|raw|Albacore's rating: 1421 &rarr; <strong>1441<\/strong><br \/>(+20 for winning)
|raw|Kioskate's rating: 1411 &rarr; <strong>1392<\/strong><br \/>(-19 for losing)
|c|âAlbacore|gg
|c|âKioskate|gg
|leave|trinitrotoluene
|leave|poek69x
|leave|Kimio
|leave|WindDemon
|join|Rewrite Fate
|leave|Rewrite Fate
|join|thespiritinthesky
|leave|Kioskate
|player|p2
|leave|I'm Virus (~'o')~
|join|poek69x
|leave|poek69x
|leave|Nog
|leave|belgrade
|join|I'm Virus (~'o')~