|join|Kioskate
|join|UcarnIsCool
|player|p1|Kioskate|169
|player|p2|UcarnIsCool|40
|gametype|singles
|gen|6
|tier|OU
|rated
|clearpoke
|poke|p1|Clefable, F
|poke|p1|Sableye, M
|poke|p1|Bronzong
|poke|p1|Gyarados, M
|poke|p1|Skarmory, F
|poke|p1|Chansey, F
|poke|p2|Sceptile, M
|poke|p2|Conkeldurr, M
|poke|p2|Talonflame, M
|poke|p2|Skarmory, F
|poke|p2|Rotom-Wash
|poke|p2|Donphan, M
|rule|Swagger Clause: Swagger is banned
|rule|Baton Pass Clause: Limit one PokÃ©mon knowing Baton Pass
|rule|Sleep Clause Mod: Limit one foe put to sleep
|rule|Species Clause: Limit one of each PokÃ©mon
|rule|OHKO Clause: OHKO moves are banned
|rule|Moody Clause: Moody is banned
|rule|Evasion Moves Clause: Evasion moves are banned
|rule|Endless Battle Clause: Forcing endless battles is banned
|rule|HP Percentage Mod: HP is shown in percentages
|teampreview
|
|start
|switch|p1a: Sableye|Sableye, M|303\/303
|switch|p2a: Rotom-Wash|Rotom-Wash|304\/304
|turn|1
|
|detailschange|p1a: Sableye|Sableye-Mega, M
|-mega|p1a: Sableye|Sableye|Sablenite
|move|p2a: Rotom-Wash|Trick|p1a: Sableye
|-fail|p1a: Sableye
|move|p1a: Sableye|Knock Off|p2a: Rotom-Wash
|-crit|p2a: Rotom-Wash
|-damage|p2a: Rotom-Wash|172\/304
|-enditem|p2a: Rotom-Wash|Choice Specs|[from] move: Knock Off|[of] p1a: Sableye
|
|turn|2
|
|move|p2a: Rotom-Wash|Volt Switch|p1a: Sableye
|-damage|p1a: Sableye|218\/303
|
|switch|p2a: Talonflame|Talonflame, M|360\/360
|move|p1a: Sableye|Knock Off|p2a: Talonflame
|-damage|p2a: Talonflame|230\/360
|-enditem|p2a: Talonflame|Leftovers|[from] move: Knock Off|[of] p1a: Sableye
|
|turn|3
|
|move|p2a: Talonflame|Flare Blitz|p1a: Sableye
|-damage|p1a: Sableye|104\/303
|-damage|p2a: Talonflame|192\/360|[from] recoil|[of] p1a: Sableye
|move|p1a: Sableye|Foul Play|p2a: Talonflame
|-damage|p2a: Talonflame|12\/360
|
|turn|4
|
|switch|p1a: Gyarados|Gyarados, M|352\/352
|-ability|p1a: Gyarados|Intimidate|[of] p2a: Talonflame
|-unboost|p2a: Talonflame|atk|1
|move|p2a: Talonflame|Roost|p2a: Talonflame
|-heal|p2a: Talonflame|192\/360
|
|turn|5
|
|switch|p2a: Skarmory|Skarmory, F|333\/333
|switch|p1a: Bronzong|Bronzong|337\/337
|
|turn|6
|
|switch|p1a: Sableye|Sableye-Mega, M|104\/303
|move|p2a: Skarmory|Stealth Rock|p1a: Sableye
|move|p1a: Sableye|Stealth Rock|p2a: Skarmory|[from]Magic Bounce
|-sidestart|p2: UcarnIsCool|move: Stealth Rock
|
|turn|7
|
|move|p2a: Skarmory|Brave Bird|p1a: Sableye
|-damage|p1a: Sableye|32\/303
|-damage|p2a: Skarmory|309\/333|[from] recoil|[of] p1a: Sableye
|move|p1a: Sableye|Recover|p1a: Sableye
|-heal|p1a: Sableye|184\/303
|
|turn|8
|
|move|p2a: Skarmory|Brave Bird|p1a: Sableye
|-damage|p1a: Sableye|115\/303
|-damage|p2a: Skarmory|286\/333|[from] recoil|[of] p1a: Sableye
|move|p1a: Sableye|Recover|p1a: Sableye
|-heal|p1a: Sableye|267\/303
|
|turn|9
|
|move|p2a: Skarmory|Brave Bird|p1a: Sableye
|-damage|p1a: Sableye|194\/303
|-damage|p2a: Skarmory|262\/333|[from] recoil|[of] p1a: Sableye
|move|p1a: Sableye|Will-O-Wisp|p2a: Skarmory
|-status|p2a: Skarmory|brn
|
|-damage|p2a: Skarmory|221\/333 brn|[from] brn
|turn|10
|
|switch|p2a: Rotom-Wash|Rotom-Wash|172\/304
|-damage|p2a: Rotom-Wash|134\/304|[from] Stealth Rock
|move|p1a: Sableye|Recover|p1a: Sableye
|-heal|p1a: Sableye|303\/303
|
|turn|11
|
|move|p2a: Rotom-Wash|Hydro Pump|p1a: Sableye
|-damage|p1a: Sableye|174\/303
|move|p1a: Sableye|Recover|p1a: Sableye
|-heal|p1a: Sableye|303\/303
|
|turn|12
|
|move|p2a: Rotom-Wash|Pain Split|p1a: Sableye
|-sethp|p1a: Sableye|218\/303|p2a: Rotom-Wash|218\/304|[from] move: Pain Split
|move|p1a: Sableye|Will-O-Wisp|p2a: Rotom-Wash
|-status|p2a: Rotom-Wash|brn
|
|-damage|p2a: Rotom-Wash|180\/304 brn|[from] brn
|turn|13
|
|switch|p2a: Conkeldurr|Conkeldurr, M|413\/413
|-damage|p2a: Conkeldurr|388\/413|[from] Stealth Rock
|move|p1a: Sableye|Recover|p1a: Sableye
|-heal|p1a: Sableye|303\/303
|
|turn|14
|
|move|p2a: Conkeldurr|Ice Punch|p1a: Sableye
|-damage|p1a: Sableye|241\/303
|move|p1a: Sableye|Knock Off|p2a: Conkeldurr
|-crit|p2a: Conkeldurr
|-resisted|p2a: Conkeldurr
|-damage|p2a: Conkeldurr|308\/413
|-enditem|p2a: Conkeldurr|Assault Vest|[from] move: Knock Off|[of] p1a: Sableye
|
|turn|15
|
|move|p2a: Conkeldurr|Poison Jab|p1a: Sableye
|-resisted|p1a: Sableye
|-damage|p1a: Sableye|209\/303
|-status|p1a: Sableye|psn
|move|p1a: Sableye|Foul Play|p2a: Conkeldurr
|-resisted|p2a: Conkeldurr
|-damage|p2a: Conkeldurr|197\/413
|
|-damage|p1a: Sableye|172\/303 psn|[from] psn
|turn|16
|
|switch|p2a: Sceptile|Sceptile, M|282\/282
|-damage|p2a: Sceptile|247\/282|[from] Stealth Rock
|move|p1a: Sableye|Recover|p1a: Sableye
|-heal|p1a: Sableye|303\/303 psn
|
|-damage|p1a: Sableye|266\/303 psn|[from] psn
|turn|17
|
|switch|p1a: Bronzong|Bronzong|337\/337
|detailschange|p2a: Sceptile|Sceptile-Mega, M
|-mega|p2a: Sceptile|Sceptile|Sceptilite
|move|p2a: Sceptile|Substitute|p2a: Sceptile
|-start|p2a: Sceptile|Substitute
|-damage|p2a: Sceptile|177\/282
|
|turn|18
|
|move|p2a: Sceptile|Focus Blast|p1a: Bronzong
|-damage|p1a: Bronzong|228\/337
|move|p1a: Bronzong|Gyro Ball|p2a: Sceptile
|-end|p2a: Sceptile|Substitute
|
|-heal|p1a: Bronzong|249\/337|[from] item: Leftovers
|turn|19
|
|switch|p2a: Skarmory|Skarmory, F|221\/333 brn
|-damage|p2a: Skarmory|180\/333 brn|[from] Stealth Rock
|move|p1a: Bronzong|Gyro Ball|p2a: Skarmory
|-resisted|p2a: Skarmory
|-damage|p2a: Skarmory|158\/333 brn
|-damage|p1a: Bronzong|193\/337|[from] item: Rocky Helmet|[of] p2a: Skarmory
|
|-heal|p1a: Bronzong|214\/337|[from] item: Leftovers
|-damage|p2a: Skarmory|117\/333 brn|[from] brn
|turn|20
|
|switch|p1a: Sableye|Sableye-Mega, M|266\/303 psn
|move|p2a: Skarmory|Roost|p2a: Skarmory
|-heal|p2a: Skarmory|284\/333 brn
|
|-damage|p2a: Skarmory|243\/333 brn|[from] brn
|-damage|p1a: Sableye|229\/303 psn|[from] psn
|turn|21
|
|move|p2a: Skarmory|Roost|p2a: Skarmory
|-heal|p2a: Skarmory|333\/333 brn
|move|p1a: Sableye|Knock Off|p2a: Skarmory
|-damage|p2a: Skarmory|281\/333 brn
|-damage|p1a: Sableye|179\/303 psn|[from] item: Rocky Helmet|[of] p2a: Skarmory
|-enditem|p2a: Skarmory|Rocky Helmet|[from] move: Knock Off|[of] p1a: Sableye
|
|-damage|p2a: Skarmory|240\/333 brn|[from] brn
|-damage|p1a: Sableye|142\/303 psn|[from] psn
|turn|22
|
|switch|p2a: Sceptile|Sceptile-Mega, M|177\/282
|-damage|p2a: Sceptile|142\/282|[from] Stealth Rock
|move|p1a: Sableye|Recover|p1a: Sableye
|-heal|p1a: Sableye|294\/303 psn
|
|-damage|p1a: Sableye|257\/303 psn|[from] psn
|turn|23
|
|switch|p1a: Clefable|Clefable, F|393\/393
|move|p2a: Sceptile|Giga Drain|p1a: Clefable
|-damage|p1a: Clefable|290\/393
|-heal|p2a: Sceptile|194\/282|[from] drain|[of] p1a: Clefable
|
|-heal|p1a: Clefable|314\/393|[from] item: Leftovers
|turn|24
|
|switch|p2a: Skarmory|Skarmory, F|240\/333 brn
|-damage|p2a: Skarmory|199\/333 brn|[from] Stealth Rock
|move|p1a: Clefable|Moonblast|p2a: Skarmory
|-resisted|p2a: Skarmory
|-damage|p2a: Skarmory|129\/333 brn
|-unboost|p2a: Skarmory|spa|1
|
|-heal|p1a: Clefable|338\/393|[from] item: Leftovers
|-damage|p2a: Skarmory|88\/333 brn|[from] brn
|turn|25
|
|move|p2a: Skarmory|Roost|p2a: Skarmory
|-heal|p2a: Skarmory|255\/333 brn
|move|p1a: Clefable|Moonblast|p2a: Skarmory
|-resisted|p2a: Skarmory
|-damage|p2a: Skarmory|186\/333 brn
|-unboost|p2a: Skarmory|spa|1
|
|-heal|p1a: Clefable|362\/393|[from] item: Leftovers
|-damage|p2a: Skarmory|145\/333 brn|[from] brn
|turn|26
|
|switch|p1a: Sableye|Sableye-Mega, M|257\/303 psn
|move|p2a: Skarmory|Roost|p2a: Skarmory
|-heal|p2a: Skarmory|312\/333 brn
|
|-damage|p2a: Skarmory|271\/333 brn|[from] brn
|-damage|p1a: Sableye|220\/303 psn|[from] psn
|turn|27
|
|move|p2a: Skarmory|Brave Bird|p1a: Sableye
|-damage|p1a: Sableye|186\/303 psn
|-damage|p2a: Skarmory|260\/333 brn|[from] recoil|[of] p1a: Sableye
|move|p1a: Sableye|Knock Off|p2a: Skarmory
|-damage|p2a: Skarmory|221\/333 brn
|
|-damage|p2a: Skarmory|180\/333 brn|[from] brn
|-damage|p1a: Sableye|149\/303 psn|[from] psn
|turn|28
|
|move|p2a: Skarmory|Roost|p2a: Skarmory
|-heal|p2a: Skarmory|333\/333 brn
|move|p1a: Sableye|Recover|p1a: Sableye
|-heal|p1a: Sableye|301\/303 psn
|
|-damage|p2a: Skarmory|292\/333 brn|[from] brn
|-damage|p1a: Sableye|264\/303 psn|[from] psn
|turn|29
|
|switch|p1a: Chansey|Chansey, F|703\/703
|move|p2a: Skarmory|Brave Bird|p1a: Chansey
|-damage|p1a: Chansey|621\/703
|-damage|p2a: Skarmory|265\/333 brn|[from] recoil|[of] p1a: Chansey
|
|-damage|p2a: Skarmory|224\/333 brn|[from] brn
|turn|30
|
|move|p2a: Skarmory|Stealth Rock|p1a: Chansey
|-sidestart|p1: Kioskate|move: Stealth Rock
|move|p1a: Chansey|Heal Bell|p1a: Chansey
|-cureteam|p1a: Chansey|[from] move: HealBell
|
|-damage|p2a: Skarmory|183\/333 brn|[from] brn
|turn|31
|
|move|p2a: Skarmory|Roost|p2a: Skarmory
|-heal|p2a: Skarmory|333\/333 brn
|move|p1a: Chansey|Wish|p1a: Chansey
|
|-damage|p2a: Skarmory|292\/333 brn|[from] brn
|turn|32
|
|switch|p1a: Bronzong|Bronzong|214\/337
|-damage|p1a: Bronzong|193\/337|[from] Stealth Rock
|move|p2a: Skarmory|Toxic|p1a: Bronzong
|-fail|p1a: Bronzong
|
|-heal|p1a: Bronzong|337\/337|[from] move: Wish|[wisher] Chansey
|-damage|p2a: Skarmory|251\/333 brn|[from] brn
|turn|33
|
|switch|p1a: Sableye|Sableye-Mega, M|264\/303
|-damage|p1a: Sableye|227\/303|[from] Stealth Rock
|move|p2a: Skarmory|Stealth Rock|p1a: Sableye
|move|p1a: Sableye|Stealth Rock|p2a: Skarmory|[from]Magic Bounce
|-fail|p2a: Skarmory
|
|-damage|p2a: Skarmory|210\/333 brn|[from] brn
|turn|34
|
|move|p2a: Skarmory|Roost|p2a: Skarmory
|-heal|p2a: Skarmory|333\/333 brn
|move|p1a: Sableye|Will-O-Wisp|p2a: Skarmory
|-fail|p2a: Skarmory|brn
|
|-damage|p2a: Skarmory|292\/333 brn|[from] brn
|turn|35
|leave|Kioskate
|player|p1
|join|Kioskate
|player|p1|Kioskate|169
|
|move|p2a: Skarmory|Brave Bird|p1a: Sableye
|-damage|p1a: Sableye|190\/303
|-damage|p2a: Skarmory|280\/333 brn|[from] recoil|[of] p1a: Sableye
|move|p1a: Sableye|Foul Play|p2a: Skarmory
|-damage|p2a: Skarmory|223\/333 brn
|
|-damage|p2a: Skarmory|182\/333 brn|[from] brn
|turn|36
|
|move|p2a: Skarmory|Roost|p2a: Skarmory
|-heal|p2a: Skarmory|333\/333 brn
|move|p1a: Sableye|Foul Play|p2a: Skarmory
|-damage|p2a: Skarmory|278\/333 brn
|
|-damage|p2a: Skarmory|237\/333 brn|[from] brn
|turn|37
|
|switch|p2a: Rotom-Wash|Rotom-Wash|180\/304 brn
|-damage|p2a: Rotom-Wash|142\/304 brn|[from] Stealth Rock
|move|p1a: Sableye|Foul Play|p2a: Rotom-Wash
|-damage|p2a: Rotom-Wash|90\/304 brn
|
|-damage|p2a: Rotom-Wash|52\/304 brn|[from] brn
|turn|38
|
|move|p2a: Rotom-Wash|Pain Split|p1a: Sableye
|-sethp|p1a: Sableye|121\/303|p2a: Rotom-Wash|121\/304 brn|[from] move: Pain Split
|move|p1a: Sableye|Recover|p1a: Sableye
|-heal|p1a: Sableye|273\/303
|
|-damage|p2a: Rotom-Wash|83\/304 brn|[from] brn
|turn|39
|
|switch|p1a: Clefable|Clefable, F|362\/393
|-damage|p1a: Clefable|313\/393|[from] Stealth Rock
|move|p2a: Rotom-Wash|Pain Split|p1a: Clefable
|-sethp|p1a: Clefable|198\/393|p2a: Rotom-Wash|198\/304 brn|[from] move: Pain Split
|
|-heal|p1a: Clefable|222\/393|[from] item: Leftovers
|-damage|p2a: Rotom-Wash|160\/304 brn|[from] brn
|turn|40
|
|move|p2a: Rotom-Wash|Trick|p1a: Clefable
|-activate|p2a: Rotom-Wash|move: Trick|[of] p1a: Clefable
|-item|p2a: Rotom-Wash|Leftovers|[from] move: Trick
|move|p1a: Clefable|Wish|p1a: Clefable
|
|-heal|p2a: Rotom-Wash|179\/304 brn|[from] item: Leftovers
|-damage|p2a: Rotom-Wash|141\/304 brn|[from] brn
|turn|41
|
|move|p2a: Rotom-Wash|Pain Split|p1a: Clefable
|-sethp|p1a: Clefable|181\/393|p2a: Rotom-Wash|181\/304 brn|[from] move: Pain Split
|move|p1a: Clefable|Calm Mind|p1a: Clefable
|-boost|p1a: Clefable|spa|1
|-boost|p1a: Clefable|spd|1
|
|-heal|p1a: Clefable|377\/393|[from] move: Wish|[wisher] Clefable
|-heal|p2a: Rotom-Wash|200\/304 brn|[from] item: Leftovers
|-damage|p2a: Rotom-Wash|162\/304 brn|[from] brn
|turn|42
|
|move|p2a: Rotom-Wash|Volt Switch|p1a: Clefable
|-damage|p1a: Clefable|328\/393
|
|switch|p2a: Skarmory|Skarmory, F|237\/333 brn
|-damage|p2a: Skarmory|196\/333 brn|[from] Stealth Rock
|move|p1a: Clefable|Wish|p1a: Clefable
|
|-damage|p2a: Skarmory|155\/333 brn|[from] brn
|turn|43
|
|switch|p2a: Conkeldurr|Conkeldurr, M|197\/413
|-damage|p2a: Conkeldurr|172\/413|[from] Stealth Rock
|move|p1a: Clefable|Calm Mind|p1a: Clefable
|-boost|p1a: Clefable|spa|1
|-boost|p1a: Clefable|spd|1
|
|-heal|p1a: Clefable|393\/393|[from] move: Wish|[wisher] Clefable
|turn|44
|leave|Kioskate
|player|p1
|join|Kioskate
|player|p1|Kioskate|169
|
|move|p1a: Clefable|Moonblast|p2a: Conkeldurr
|-supereffective|p2a: Conkeldurr
|-damage|p2a: Conkeldurr|0 fnt
|faint|p2a: Conkeldurr
|
|
|switch|p2a: Talonflame|Talonflame, M|192\/360
|-damage|p2a: Talonflame|12\/360|[from] Stealth Rock
|turn|45
|
|move|p2a: Talonflame|Roost|p2a: Talonflame
|-heal|p2a: Talonflame|192\/360
|move|p1a: Clefable|Moonblast|p2a: Talonflame
|-resisted|p2a: Talonflame
|-damage|p2a: Talonflame|36\/360
|
|turn|46
|
|move|p2a: Talonflame|Brave Bird|p1a: Clefable
|-damage|p1a: Clefable|179\/393
|-damage|p2a: Talonflame|0 fnt|[from] recoil|[of] p1a: Clefable
|faint|p2a: Talonflame
|move|p1a: Clefable|Moonblast|p2: Talonflame|[notarget]
|-notarget
|
|
|switch|p2a: Donphan|Donphan, M|384\/384
|-damage|p2a: Donphan|360\/384|[from] Stealth Rock
|turn|47
|
|move|p1a: Clefable|Wish|p1a: Clefable
|move|p2a: Donphan|Earthquake|p1a: Clefable
|-damage|p1a: Clefable|0 fnt
|faint|p1a: Clefable
|
|-heal|p2a: Donphan|384\/384|[from] item: Leftovers
|
|switch|p1a: Gyarados|Gyarados, M|352\/352
|-damage|p1a: Gyarados|264\/352|[from] Stealth Rock
|-ability|p1a: Gyarados|Intimidate|[of] p2a: Donphan
|-unboost|p2a: Donphan|atk|1
|turn|48
|
|switch|p2a: Sceptile|Sceptile-Mega, M|194\/282
|-damage|p2a: Sceptile|159\/282|[from] Stealth Rock
|move|p1a: Gyarados|Waterfall|p2a: Sceptile
|-resisted|p2a: Sceptile
|-damage|p2a: Sceptile|119\/282
|
|-heal|p1a: Gyarados|352\/352|[from] move: Wish|[wisher] Clefable
|turn|49
|
|switch|p1a: Bronzong|Bronzong|337\/337
|-damage|p1a: Bronzong|316\/337|[from] Stealth Rock
|move|p2a: Sceptile|Giga Drain|p1a: Bronzong
|-resisted|p1a: Bronzong
|-damage|p1a: Bronzong|268\/337
|-heal|p2a: Sceptile|143\/282|[from] drain|[of] p1a: Bronzong
|
|-heal|p1a: Bronzong|289\/337|[from] item: Leftovers
|turn|50
|
|switch|p2a: Rotom-Wash|Rotom-Wash|162\/304 brn
|-damage|p2a: Rotom-Wash|124\/304 brn|[from] Stealth Rock
|move|p1a: Bronzong|Gyro Ball|p2a: Rotom-Wash
|-crit|p2a: Rotom-Wash
|-resisted|p2a: Rotom-Wash
|-damage|p2a: Rotom-Wash|96\/304 brn
|
|-heal|p2a: Rotom-Wash|115\/304 brn|[from] item: Leftovers
|-heal|p1a: Bronzong|310\/337|[from] item: Leftovers
|-damage|p2a: Rotom-Wash|77\/304 brn|[from] brn
|turn|51
|
|switch|p1a: Sableye|Sableye-Mega, M|273\/303
|-damage|p1a: Sableye|236\/303|[from] Stealth Rock
|move|p2a: Rotom-Wash|Pain Split|p1a: Sableye
|-sethp|p1a: Sableye|156\/303|p2a: Rotom-Wash|156\/304 brn|[from] move: Pain Split
|
|-heal|p2a: Rotom-Wash|175\/304 brn|[from] item: Leftovers
|-damage|p2a: Rotom-Wash|137\/304 brn|[from] brn
|turn|52
|
|move|p2a: Rotom-Wash|Volt Switch|p1a: Sableye
|-damage|p1a: Sableye|71\/303
|
|switch|p2a: Sceptile|Sceptile-Mega, M|143\/282
|-damage|p2a: Sceptile|108\/282|[from] Stealth Rock
|move|p1a: Sableye|Knock Off|p2a: Sceptile
|-damage|p2a: Sceptile|17\/282
|
|turn|53
|
|switch|p1a: Bronzong|Bronzong|310\/337
|-damage|p1a: Bronzong|289\/337|[from] Stealth Rock
|move|p2a: Sceptile|Giga Drain|p1a: Bronzong
|-crit|p1a: Bronzong
|-resisted|p1a: Bronzong
|-damage|p1a: Bronzong|220\/337
|-heal|p2a: Sceptile|52\/282|[from] drain|[of] p1a: Bronzong
|
|-heal|p1a: Bronzong|241\/337|[from] item: Leftovers
|turn|54
|
|switch|p2a: Rotom-Wash|Rotom-Wash|137\/304 brn
|-damage|p2a: Rotom-Wash|99\/304 brn|[from] Stealth Rock
|move|p1a: Bronzong|Toxic|p2a: Rotom-Wash
|-fail|p2a: Rotom-Wash
|
|-heal|p2a: Rotom-Wash|118\/304 brn|[from] item: Leftovers
|-heal|p1a: Bronzong|262\/337|[from] item: Leftovers
|-damage|p2a: Rotom-Wash|80\/304 brn|[from] brn
|turn|55
|
|move|p2a: Rotom-Wash|Hydro Pump|p1a: Bronzong
|-damage|p1a: Bronzong|172\/337
|move|p1a: Bronzong|Gyro Ball|p2a: Rotom-Wash
|-resisted|p2a: Rotom-Wash
|-damage|p2a: Rotom-Wash|59\/304 brn
|
|-heal|p2a: Rotom-Wash|78\/304 brn|[from] item: Leftovers
|-heal|p1a: Bronzong|193\/337|[from] item: Leftovers
|-damage|p2a: Rotom-Wash|40\/304 brn|[from] brn
|turn|56
|
|move|p2a: Rotom-Wash|Pain Split|p1a: Bronzong
|-sethp|p1a: Bronzong|116\/337|p2a: Rotom-Wash|116\/304 brn|[from] move: Pain Split
|move|p1a: Bronzong|Gyro Ball|p2a: Rotom-Wash
|-resisted|p2a: Rotom-Wash
|-damage|p2a: Rotom-Wash|96\/304 brn
|
|-heal|p2a: Rotom-Wash|115\/304 brn|[from] item: Leftovers
|-heal|p1a: Bronzong|137\/337|[from] item: Leftovers
|-damage|p2a: Rotom-Wash|77\/304 brn|[from] brn
|turn|57
|
|move|p2a: Rotom-Wash|Pain Split|p1a: Bronzong
|-sethp|p1a: Bronzong|107\/337|p2a: Rotom-Wash|107\/304 brn|[from] move: Pain Split
|move|p1a: Bronzong|Gyro Ball|p2a: Rotom-Wash
|-resisted|p2a: Rotom-Wash
|-damage|p2a: Rotom-Wash|86\/304 brn
|
|-heal|p2a: Rotom-Wash|105\/304 brn|[from] item: Leftovers
|-heal|p1a: Bronzong|128\/337|[from] item: Leftovers
|-damage|p2a: Rotom-Wash|67\/304 brn|[from] brn
|turn|58
|
|move|p2a: Rotom-Wash|Hydro Pump|p1a: Bronzong
|-damage|p1a: Bronzong|34\/337
|move|p1a: Bronzong|Gyro Ball|p2a: Rotom-Wash
|-resisted|p2a: Rotom-Wash
|-damage|p2a: Rotom-Wash|48\/304 brn
|
|-heal|p2a: Rotom-Wash|67\/304 brn|[from] item: Leftovers
|-heal|p1a: Bronzong|55\/337|[from] item: Leftovers
|-damage|p2a: Rotom-Wash|29\/304 brn|[from] brn
|turn|59
|
|move|p2a: Rotom-Wash|Hydro Pump|p1a: Bronzong
|-damage|p1a: Bronzong|0 fnt
|faint|p1a: Bronzong
|
|-heal|p2a: Rotom-Wash|48\/304 brn|[from] item: Leftovers
|-damage|p2a: Rotom-Wash|10\/304 brn|[from] brn
|
|switch|p1a: Gyarados|Gyarados, M|352\/352
|-damage|p1a: Gyarados|264\/352|[from] Stealth Rock
|-ability|p1a: Gyarados|Intimidate|[of] p2a: Rotom-Wash
|-unboost|p2a: Rotom-Wash|atk|1
|turn|60
|
|move|p1a: Gyarados|Waterfall|p2a: Rotom-Wash
|-resisted|p2a: Rotom-Wash
|-damage|p2a: Rotom-Wash|0 fnt
|faint|p2a: Rotom-Wash
|
|-heal|p1a: Gyarados|286\/352|[from] item: Leftovers
|
|switch|p2a: Skarmory|Skarmory, F|155\/333 brn
|-damage|p2a: Skarmory|114\/333 brn|[from] Stealth Rock
|turn|61
|
|move|p1a: Gyarados|Dragon Dance|p1a: Gyarados
|-boost|p1a: Gyarados|atk|1
|-boost|p1a: Gyarados|spe|1
|move|p2a: Skarmory|Brave Bird|p1a: Gyarados
|-damage|p1a: Gyarados|217\/352
|-damage|p2a: Skarmory|91\/333 brn|[from] recoil|[of] p1a: Gyarados
|
|-heal|p1a: Gyarados|239\/352|[from] item: Leftovers
|-damage|p2a: Skarmory|50\/333 brn|[from] brn
|turn|62
|
|move|p1a: Gyarados|Dragon Dance|p1a: Gyarados
|-boost|p1a: Gyarados|atk|1
|-boost|p1a: Gyarados|spe|1
|move|p2a: Skarmory|Toxic|p1a: Gyarados
|-status|p1a: Gyarados|tox
|
|-heal|p1a: Gyarados|261\/352 tox|[from] item: Leftovers
|-damage|p1a: Gyarados|239\/352 tox|[from] psn
|-damage|p2a: Skarmory|9\/333 brn|[from] brn
|turn|63
|
|move|p1a: Gyarados|Dragon Dance|p1a: Gyarados
|-boost|p1a: Gyarados|atk|1
|-boost|p1a: Gyarados|spe|1
|move|p2a: Skarmory|Roost|p2a: Skarmory
|-heal|p2a: Skarmory|176\/333 brn
|
|-heal|p1a: Gyarados|261\/352 tox|[from] item: Leftovers
|-damage|p1a: Gyarados|217\/352 tox|[from] psn
|-damage|p2a: Skarmory|135\/333 brn|[from] brn
|turn|64
|
|move|p1a: Gyarados|Rest|p1a: Gyarados
|-status|p1a: Gyarados|slp
|-heal|p1a: Gyarados|352\/352 slp|[silent]
|-status|p1a: Gyarados|slp|[from] move: Rest
|move|p2a: Skarmory|Roost|p2a: Skarmory
|-heal|p2a: Skarmory|302\/333 brn
|
|-damage|p2a: Skarmory|261\/333 brn|[from] brn
|turn|65
|
|switch|p2a: Sceptile|Sceptile-Mega, M|52\/282
|-damage|p2a: Sceptile|17\/282|[from] Stealth Rock
|cant|p1a: Gyarados|slp
|move|p1a: Gyarados|Sleep Talk|p1a: Gyarados
|move|p1a: Gyarados|Dragon Dance|p1a: Gyarados|[from]Sleep Talk
|-boost|p1a: Gyarados|atk|1
|-boost|p1a: Gyarados|spe|1
|
|turn|66
|
|cant|p1a: Gyarados|slp
|move|p1a: Gyarados|Sleep Talk|p1a: Gyarados
|move|p1a: Gyarados|Waterfall|p2a: Sceptile|[from]Sleep Talk
|-resisted|p2a: Sceptile
|-damage|p2a: Sceptile|0 fnt
|faint|p2a: Sceptile
|
|
|switch|p2a: Donphan|Donphan, M|384\/384
|-damage|p2a: Donphan|360\/384|[from] Stealth Rock
|turn|67
|
|-curestatus|p1a: Gyarados|slp
|move|p1a: Gyarados|Waterfall|p2a: Donphan
|-supereffective|p2a: Donphan
|-damage|p2a: Donphan|0 fnt
|faint|p2a: Donphan
|
|
|switch|p2a: Skarmory|Skarmory, F|261\/333 brn
|-damage|p2a: Skarmory|220\/333 brn|[from] Stealth Rock
|turn|68
|
|move|p1a: Gyarados|Waterfall|p2a: Skarmory
|-damage|p2a: Skarmory|0 fnt
|faint|p2a: Skarmory
|
|win|Kioskate
|raw|Ladder updating...
|c|âUcarnIsCool|gg
|raw|Kioskate's rating: 1567 &rarr; <strong>1585<\/strong><br \/>(+18 for winning)
|raw|UcarnIsCool's rating: 1527 &rarr; <strong>1509<\/strong><br \/>(-18 for losing)
|c|âKioskate|gg
|leave|UcarnIsCool
|player|p2