|join|Kioskate
|join|Kevinskie
|player|p1|Kioskate|102
|player|p2|Kevinskie|154
|gametype|singles
|gen|6
|tier|OU
|rated
|clearpoke
|poke|p1|Talonflame, F
|poke|p1|Venusaur, F
|poke|p1|Jirachi
|poke|p1|Gothitelle, F
|poke|p1|Mandibuzz, F
|poke|p1|Clefable, F
|poke|p2|Altaria, F
|poke|p2|Ferrothorn, F
|poke|p2|Rotom-Wash
|poke|p2|Latios, M
|poke|p2|Mandibuzz, F
|poke|p2|Conkeldurr, M
|rule|Swagger Clause: Swagger is banned
|rule|Baton Pass Clause: Limit one PokÃ©mon knowing Baton Pass
|rule|Sleep Clause Mod: Limit one foe put to sleep
|rule|Species Clause: Limit one of each PokÃ©mon
|rule|OHKO Clause: OHKO moves are banned
|rule|Moody Clause: Moody is banned
|rule|Evasion Moves Clause: Evasion moves are banned
|rule|Endless Battle Clause: Forcing endless battles is banned
|rule|HP Percentage Mod: HP is shown in percentages
|teampreview
|
|start
|switch|p1a: Venusaur|Venusaur, F|363\/363
|switch|p2a: Ferrothorn|Ferrothorn, F|352\/352
|turn|1
|
|switch|p1a: Gothitelle|Gothitelle, F|343\/343
|move|p2a: Ferrothorn|Stealth Rock|p1a: Gothitelle
|-sidestart|p1: Kioskate|move: Stealth Rock
|
|turn|2
|
|move|p1a: Gothitelle|Charm|p2a: Ferrothorn
|-unboost|p2a: Ferrothorn|atk|2
|move|p2a: Ferrothorn|Gyro Ball|p1a: Gothitelle
|-damage|p1a: Gothitelle|280\/343
|
|-heal|p1a: Gothitelle|301\/343|[from] item: Leftovers
|turn|3
|c|âKioskate|If you leech seed I'll have to pp stall
|c|âKioskate|instead of killing you
|
|move|p1a: Gothitelle|Charm|p2a: Ferrothorn
|-unboost|p2a: Ferrothorn|atk|2
|move|p2a: Ferrothorn|Leech Seed|p1a: Gothitelle
|-start|p1a: Gothitelle|move: Leech Seed
|
|-heal|p1a: Gothitelle|322\/343|[from] item: Leftovers
|-damage|p1a: Gothitelle|280\/343|[from] Leech Seed|[of] p2a: Ferrothorn
|turn|4
|c|âKioskate|don't complain
|
|move|p1a: Gothitelle|Charm|p2a: Ferrothorn
|-unboost|p2a: Ferrothorn|atk|2
|move|p2a: Ferrothorn|Gyro Ball|p1a: Gothitelle
|-damage|p1a: Gothitelle|249\/343
|
|-heal|p1a: Gothitelle|270\/343|[from] item: Leftovers
|-damage|p1a: Gothitelle|228\/343|[from] Leech Seed|[of] p2a: Ferrothorn
|turn|5
|
|move|p1a: Gothitelle|Calm Mind|p1a: Gothitelle
|-boost|p1a: Gothitelle|spa|1
|-boost|p1a: Gothitelle|spd|1
|move|p2a: Ferrothorn|Gyro Ball|p1a: Gothitelle
|-crit|p1a: Gothitelle
|-damage|p1a: Gothitelle|33\/343
|
|-heal|p1a: Gothitelle|54\/343|[from] item: Leftovers
|-damage|p1a: Gothitelle|12\/343|[from] Leech Seed|[of] p2a: Ferrothorn
|turn|6
|
|move|p1a: Gothitelle|Rest|p1a: Gothitelle
|-status|p1a: Gothitelle|slp
|-heal|p1a: Gothitelle|343\/343 slp|[silent]
|-status|p1a: Gothitelle|slp|[from] move: Rest
|move|p2a: Ferrothorn|Gyro Ball|p1a: Gothitelle
|-damage|p1a: Gothitelle|313\/343 slp
|
|-heal|p1a: Gothitelle|334\/343 slp|[from] item: Leftovers
|-damage|p1a: Gothitelle|292\/343 slp|[from] Leech Seed|[of] p2a: Ferrothorn
|turn|7
|
|cant|p1a: Gothitelle|slp
|move|p2a: Ferrothorn|Power Whip|p1a: Gothitelle
|-damage|p1a: Gothitelle|259\/343 slp
|
|-heal|p1a: Gothitelle|280\/343 slp|[from] item: Leftovers
|-damage|p1a: Gothitelle|238\/343 slp|[from] Leech Seed|[of] p2a: Ferrothorn
|turn|8
|
|cant|p1a: Gothitelle|slp
|move|p2a: Ferrothorn|Gyro Ball|p1a: Gothitelle
|-damage|p1a: Gothitelle|210\/343 slp
|
|-heal|p1a: Gothitelle|231\/343 slp|[from] item: Leftovers
|-damage|p1a: Gothitelle|189\/343 slp|[from] Leech Seed|[of] p2a: Ferrothorn
|turn|9
|c|âKioskate|At least you only have 72 pp
|
|-curestatus|p1a: Gothitelle|slp
|move|p1a: Gothitelle|Calm Mind|p1a: Gothitelle
|-boost|p1a: Gothitelle|spa|1
|-boost|p1a: Gothitelle|spd|1
|move|p2a: Ferrothorn|Gyro Ball|p1a: Gothitelle
|-damage|p1a: Gothitelle|156\/343
|
|-heal|p1a: Gothitelle|177\/343|[from] item: Leftovers
|-damage|p1a: Gothitelle|135\/343|[from] Leech Seed|[of] p2a: Ferrothorn
|turn|10
|
|move|p1a: Gothitelle|Rest|p1a: Gothitelle
|-status|p1a: Gothitelle|slp
|-heal|p1a: Gothitelle|343\/343 slp|[silent]
|-status|p1a: Gothitelle|slp|[from] move: Rest
|move|p2a: Ferrothorn|Gyro Ball|p1a: Gothitelle
|-damage|p1a: Gothitelle|313\/343 slp
|
|-heal|p1a: Gothitelle|334\/343 slp|[from] item: Leftovers
|-damage|p1a: Gothitelle|292\/343 slp|[from] Leech Seed|[of] p2a: Ferrothorn
|turn|11
|
|cant|p1a: Gothitelle|slp
|move|p2a: Ferrothorn|Stealth Rock|p1a: Gothitelle
|-fail|p1a: Gothitelle
|
|-heal|p1a: Gothitelle|313\/343 slp|[from] item: Leftovers
|-damage|p1a: Gothitelle|271\/343 slp|[from] Leech Seed|[of] p2a: Ferrothorn
|turn|12
|
|cant|p1a: Gothitelle|slp
|move|p2a: Ferrothorn|Stealth Rock|p1a: Gothitelle
|-fail|p1a: Gothitelle
|
|-heal|p1a: Gothitelle|292\/343 slp|[from] item: Leftovers
|-damage|p1a: Gothitelle|250\/343 slp|[from] Leech Seed|[of] p2a: Ferrothorn
|turn|13
|
|-curestatus|p1a: Gothitelle|slp
|move|p1a: Gothitelle|Calm Mind|p1a: Gothitelle
|-boost|p1a: Gothitelle|spa|1
|-boost|p1a: Gothitelle|spd|1
|move|p2a: Ferrothorn|Stealth Rock|p1a: Gothitelle
|-fail|p1a: Gothitelle
|
|-heal|p1a: Gothitelle|271\/343|[from] item: Leftovers
|-damage|p1a: Gothitelle|229\/343|[from] Leech Seed|[of] p2a: Ferrothorn
|turn|14
|
|move|p1a: Gothitelle|Calm Mind|p1a: Gothitelle
|-boost|p1a: Gothitelle|spa|1
|-boost|p1a: Gothitelle|spd|1
|move|p2a: Ferrothorn|Stealth Rock|p1a: Gothitelle
|-fail|p1a: Gothitelle
|
|-heal|p1a: Gothitelle|250\/343|[from] item: Leftovers
|-damage|p1a: Gothitelle|208\/343|[from] Leech Seed|[of] p2a: Ferrothorn
|turn|15
|
|move|p1a: Gothitelle|Calm Mind|p1a: Gothitelle
|-boost|p1a: Gothitelle|spa|1
|-boost|p1a: Gothitelle|spd|1
|move|p2a: Ferrothorn|Stealth Rock|p1a: Gothitelle
|-fail|p1a: Gothitelle
|
|-heal|p1a: Gothitelle|229\/343|[from] item: Leftovers
|-damage|p1a: Gothitelle|187\/343|[from] Leech Seed|[of] p2a: Ferrothorn
|turn|16
|
|move|p1a: Gothitelle|Rest|p1a: Gothitelle
|-status|p1a: Gothitelle|slp
|-heal|p1a: Gothitelle|343\/343 slp|[silent]
|-status|p1a: Gothitelle|slp|[from] move: Rest
|move|p2a: Ferrothorn|Stealth Rock|p1a: Gothitelle
|-fail|p1a: Gothitelle
|
|-damage|p1a: Gothitelle|301\/343 slp|[from] Leech Seed|[of] p2a: Ferrothorn
|turn|17
|
|cant|p1a: Gothitelle|slp
|move|p2a: Ferrothorn|Stealth Rock|p1a: Gothitelle
|-fail|p1a: Gothitelle
|
|-heal|p1a: Gothitelle|322\/343 slp|[from] item: Leftovers
|-damage|p1a: Gothitelle|280\/343 slp|[from] Leech Seed|[of] p2a: Ferrothorn
|turn|18
|
|cant|p1a: Gothitelle|slp
|move|p2a: Ferrothorn|Stealth Rock|p1a: Gothitelle
|-fail|p1a: Gothitelle
|
|-heal|p1a: Gothitelle|301\/343 slp|[from] item: Leftovers
|-damage|p1a: Gothitelle|259\/343 slp|[from] Leech Seed|[of] p2a: Ferrothorn
|turn|19
|
|-curestatus|p1a: Gothitelle|slp
|move|p1a: Gothitelle|Calm Mind|p1a: Gothitelle
|-boost|p1a: Gothitelle|spa|1
|-boost|p1a: Gothitelle|spd|1
|move|p2a: Ferrothorn|Stealth Rock|p1a: Gothitelle
|-fail|p1a: Gothitelle
|
|-heal|p1a: Gothitelle|280\/343|[from] item: Leftovers
|-damage|p1a: Gothitelle|238\/343|[from] Leech Seed|[of] p2a: Ferrothorn
|turn|20
|
|move|p1a: Gothitelle|Dark Pulse|p2a: Ferrothorn
|-damage|p2a: Ferrothorn|138\/352
|move|p2a: Ferrothorn|Stealth Rock|p1a: Gothitelle
|-fail|p1a: Gothitelle
|
|-heal|p1a: Gothitelle|259\/343|[from] item: Leftovers
|-heal|p2a: Ferrothorn|160\/352|[from] item: Leftovers
|-damage|p1a: Gothitelle|217\/343|[from] Leech Seed|[of] p2a: Ferrothorn
|-heal|p2a: Ferrothorn|202\/352|[silent]
|turn|21
|
|move|p1a: Gothitelle|Dark Pulse|p2a: Ferrothorn
|-damage|p2a: Ferrothorn|4\/352
|move|p2a: Ferrothorn|Gyro Ball|p1a: Gothitelle
|-damage|p1a: Gothitelle|184\/343
|
|-heal|p1a: Gothitelle|205\/343|[from] item: Leftovers
|-heal|p2a: Ferrothorn|26\/352|[from] item: Leftovers
|-damage|p1a: Gothitelle|163\/343|[from] Leech Seed|[of] p2a: Ferrothorn
|-heal|p2a: Ferrothorn|68\/352|[silent]
|turn|22
|
|move|p1a: Gothitelle|Rest|p1a: Gothitelle
|-status|p1a: Gothitelle|slp
|-heal|p1a: Gothitelle|343\/343 slp|[silent]
|-status|p1a: Gothitelle|slp|[from] move: Rest
|move|p2a: Ferrothorn|Power Whip|p1a: Gothitelle
|-damage|p1a: Gothitelle|309\/343 slp
|
|-heal|p1a: Gothitelle|330\/343 slp|[from] item: Leftovers
|-heal|p2a: Ferrothorn|90\/352|[from] item: Leftovers
|-damage|p1a: Gothitelle|288\/343 slp|[from] Leech Seed|[of] p2a: Ferrothorn
|-heal|p2a: Ferrothorn|132\/352|[silent]
|turn|23
|
|cant|p1a: Gothitelle|slp
|move|p2a: Ferrothorn|Power Whip|p1a: Gothitelle
|-damage|p1a: Gothitelle|254\/343 slp
|
|-heal|p1a: Gothitelle|275\/343 slp|[from] item: Leftovers
|-heal|p2a: Ferrothorn|154\/352|[from] item: Leftovers
|-damage|p1a: Gothitelle|233\/343 slp|[from] Leech Seed|[of] p2a: Ferrothorn
|-heal|p2a: Ferrothorn|196\/352|[silent]
|turn|24
|
|cant|p1a: Gothitelle|slp
|move|p2a: Ferrothorn|Power Whip|p1a: Gothitelle
|-damage|p1a: Gothitelle|199\/343 slp
|
|-heal|p1a: Gothitelle|220\/343 slp|[from] item: Leftovers
|-heal|p2a: Ferrothorn|218\/352|[from] item: Leftovers
|-damage|p1a: Gothitelle|178\/343 slp|[from] Leech Seed|[of] p2a: Ferrothorn
|-heal|p2a: Ferrothorn|260\/352|[silent]
|turn|25
|
|-curestatus|p1a: Gothitelle|slp
|move|p1a: Gothitelle|Rest|p1a: Gothitelle
|-status|p1a: Gothitelle|slp
|-heal|p1a: Gothitelle|343\/343 slp|[silent]
|-status|p1a: Gothitelle|slp|[from] move: Rest
|move|p2a: Ferrothorn|Power Whip|p1a: Gothitelle
|-damage|p1a: Gothitelle|309\/343 slp
|
|-heal|p1a: Gothitelle|330\/343 slp|[from] item: Leftovers
|-heal|p2a: Ferrothorn|282\/352|[from] item: Leftovers
|-damage|p1a: Gothitelle|288\/343 slp|[from] Leech Seed|[of] p2a: Ferrothorn
|-heal|p2a: Ferrothorn|324\/352|[silent]
|turn|26
|
|cant|p1a: Gothitelle|slp
|move|p2a: Ferrothorn|Stealth Rock|p1a: Gothitelle
|-fail|p1a: Gothitelle
|
|-heal|p1a: Gothitelle|309\/343 slp|[from] item: Leftovers
|-heal|p2a: Ferrothorn|346\/352|[from] item: Leftovers
|-damage|p1a: Gothitelle|267\/343 slp|[from] Leech Seed|[of] p2a: Ferrothorn
|-heal|p2a: Ferrothorn|352\/352|[silent]
|turn|27
|
|cant|p1a: Gothitelle|slp
|move|p2a: Ferrothorn|Stealth Rock|p1a: Gothitelle
|-fail|p1a: Gothitelle
|
|-heal|p1a: Gothitelle|288\/343 slp|[from] item: Leftovers
|-damage|p1a: Gothitelle|246\/343 slp|[from] Leech Seed|[of] p2a: Ferrothorn
|turn|28
|
|-curestatus|p1a: Gothitelle|slp
|move|p1a: Gothitelle|Dark Pulse|p2a: Ferrothorn
|-damage|p2a: Ferrothorn|124\/352
|move|p2a: Ferrothorn|Stealth Rock|p1a: Gothitelle
|-fail|p1a: Gothitelle
|
|-heal|p1a: Gothitelle|267\/343|[from] item: Leftovers
|-heal|p2a: Ferrothorn|146\/352|[from] item: Leftovers
|-damage|p1a: Gothitelle|225\/343|[from] Leech Seed|[of] p2a: Ferrothorn
|-heal|p2a: Ferrothorn|188\/352|[silent]
|turn|29
|
|move|p1a: Gothitelle|Dark Pulse|p2a: Ferrothorn
|-damage|p2a: Ferrothorn|0 fnt
|faint|p2a: Ferrothorn
|
|-heal|p1a: Gothitelle|246\/343|[from] item: Leftovers
|
|switch|p2a: Mandibuzz|Mandibuzz, F|423\/423
|turn|30
|
|move|p2a: Mandibuzz|Knock Off|p1a: Gothitelle
|-supereffective|p1a: Gothitelle
|-damage|p1a: Gothitelle|72\/343
|-enditem|p1a: Gothitelle|Leftovers|[from] move: Knock Off|[of] p2a: Mandibuzz
|move|p1a: Gothitelle|Dark Pulse|p2a: Mandibuzz
|-resisted|p2a: Mandibuzz
|-damage|p2a: Mandibuzz|327\/423
|
|-heal|p2a: Mandibuzz|353\/423|[from] item: Leftovers
|-damage|p1a: Gothitelle|30\/343|[from] Leech Seed|[of] p2a: Mandibuzz
|-heal|p2a: Mandibuzz|395\/423|[silent]
|turn|31
|
|switch|p1a: Mandibuzz|Mandibuzz, F|423\/423
|-damage|p1a: Mandibuzz|318\/423|[from] Stealth Rock
|move|p2a: Mandibuzz|Knock Off|p1a: Mandibuzz
|-resisted|p1a: Mandibuzz
|-damage|p1a: Mandibuzz|289\/423
|-enditem|p1a: Mandibuzz|Leftovers|[from] move: Knock Off|[of] p2a: Mandibuzz
|
|-heal|p2a: Mandibuzz|421\/423|[from] item: Leftovers
|turn|32
|
|move|p1a: Mandibuzz|Defog|p2a: Mandibuzz
|-unboost|p2a: Mandibuzz|evasion|1
|-sideend|p1: Kioskate|Stealth Rock|[from] move: Defog|[of] p1a: Mandibuzz
|move|p2a: Mandibuzz|Toxic|p1a: Mandibuzz
|-status|p1a: Mandibuzz|tox
|
|-heal|p2a: Mandibuzz|423\/423|[from] item: Leftovers
|-damage|p1a: Mandibuzz|263\/423 tox|[from] psn
|turn|33
|
|switch|p2a: Conkeldurr|Conkeldurr, M|414\/414
|move|p1a: Mandibuzz|Roost|p1a: Mandibuzz
|-heal|p1a: Mandibuzz|423\/423 tox
|
|-damage|p1a: Mandibuzz|371\/423 tox|[from] psn
|turn|34
|
|switch|p1a: Venusaur|Venusaur, F|363\/363
|move|p2a: Conkeldurr|Knock Off|p1a: Venusaur
|-damage|p1a: Venusaur|290\/363
|
|turn|35
|
|switch|p2a: Latios|Latios, M|302\/302
|detailschange|p1a: Venusaur|Venusaur-Mega, F
|-mega|p1a: Venusaur|Venusaur|Venusaurite
|move|p1a: Venusaur|Sleep Powder|p2a: Latios
|-status|p2a: Latios|slp
|
|turn|36
|
|switch|p1a: Gothitelle|Gothitelle, F|30\/343
|cant|p2a: Latios|slp
|
|turn|37
|
|cant|p2a: Latios|slp
|move|p1a: Gothitelle|Rest|p1a: Gothitelle
|-status|p1a: Gothitelle|slp
|-heal|p1a: Gothitelle|343\/343 slp|[silent]
|-status|p1a: Gothitelle|slp|[from] move: Rest
|
|turn|38
|
|switch|p1a: Jirachi|Jirachi|403\/403
|cant|p2a: Latios|slp
|
|turn|39
|
|switch|p2a: Mandibuzz|Mandibuzz, F|423\/423
|move|p1a: Jirachi|Stealth Rock|p2a: Mandibuzz
|-sidestart|p2: Kevinskie|move: Stealth Rock
|
|turn|40
|
|move|p1a: Jirachi|U-turn|p2a: Mandibuzz
|-damage|p2a: Mandibuzz|371\/423
|
|switch|p1a: Venusaur|Venusaur-Mega, F|290\/363
|move|p2a: Mandibuzz|Whirlwind|p1a: Venusaur
|drag|p1a: Gothitelle|Gothitelle, F|343\/343 slp
|
|-heal|p2a: Mandibuzz|397\/423|[from] item: Leftovers
|turn|41
|
|switch|p1a: Venusaur|Venusaur-Mega, F|290\/363
|move|p2a: Mandibuzz|Whirlwind|p1a: Venusaur
|drag|p1a: Jirachi|Jirachi|403\/403
|
|-heal|p2a: Mandibuzz|423\/423|[from] item: Leftovers
|turn|42
|
|move|p1a: Jirachi|U-turn|p2a: Mandibuzz
|-crit|p2a: Mandibuzz
|-damage|p2a: Mandibuzz|341\/423
|
|switch|p1a: Venusaur|Venusaur-Mega, F|290\/363
|move|p2a: Mandibuzz|Knock Off|p1a: Venusaur
|-damage|p1a: Venusaur|254\/363
|
|-heal|p2a: Mandibuzz|367\/423|[from] item: Leftovers
|turn|43
|
|switch|p2a: Latios|Latios, M|302\/302 slp
|-damage|p2a: Latios|265\/302 slp|[from] Stealth Rock
|move|p1a: Venusaur|Sludge Bomb|p2a: Latios
|-damage|p2a: Latios|157\/302 slp
|
|turn|44
|
|switch|p1a: Jirachi|Jirachi|403\/403
|-curestatus|p2a: Latios|slp
|move|p2a: Latios|Draco Meteor|p1a: Jirachi
|-resisted|p1a: Jirachi
|-damage|p1a: Jirachi|321\/403
|-unboost|p2a: Latios|spa|2
|
|-heal|p1a: Jirachi|346\/403|[from] item: Leftovers
|turn|45
|
|switch|p2a: Rotom-Wash|Rotom-Wash|302\/302
|-damage|p2a: Rotom-Wash|265\/302|[from] Stealth Rock
|move|p1a: Jirachi|U-turn|p2a: Rotom-Wash
|-damage|p2a: Rotom-Wash|223\/302
|
|switch|p1a: Clefable|Clefable, F|394\/394
|
|turn|46
|
|switch|p1a: Jirachi|Jirachi|346\/403
|move|p2a: Rotom-Wash|Will-O-Wisp|p1a: Jirachi
|-status|p1a: Jirachi|brn
|
|-heal|p1a: Jirachi|371\/403 brn|[from] item: Leftovers
|-damage|p1a: Jirachi|321\/403 brn|[from] brn
|turn|47
|
|move|p1a: Jirachi|U-turn|p2a: Rotom-Wash
|-damage|p2a: Rotom-Wash|205\/302
|c|âKioskate|rest rotom?
|
|switch|p1a: Clefable|Clefable, F|394\/394
|move|p2a: Rotom-Wash|Hydro Pump|p1a: Clefable
|-damage|p1a: Clefable|285\/394
|
|-heal|p1a: Clefable|309\/394|[from] item: Leftovers
|turn|48
|
|move|p2a: Rotom-Wash|Volt Switch|p1a: Clefable
|-damage|p1a: Clefable|237\/394
|
|switch|p2a: Conkeldurr|Conkeldurr, M|414\/414
|-damage|p2a: Conkeldurr|389\/414|[from] Stealth Rock
|move|p1a: Clefable|Heal Bell|p1a: Clefable
|-cureteam|p1a: Clefable|[from] move: HealBell
|
|-heal|p1a: Clefable|261\/394|[from] item: Leftovers
|turn|49
|leave|Kioskate
|join|Kioskate
|player|p1
|player|p1|Kioskate|102
|
|switch|p1a: Venusaur|Venusaur-Mega, F|254\/363
|move|p2a: Conkeldurr|Drain Punch|p1a: Venusaur
|-resisted|p1a: Venusaur
|-damage|p1a: Venusaur|208\/363
|-heal|p2a: Conkeldurr|412\/414|[from] drain|[of] p1a: Venusaur
|
|turn|50
|
|switch|p2a: Latios|Latios, M|157\/302
|-damage|p2a: Latios|120\/302|[from] Stealth Rock
|move|p1a: Venusaur|Synthesis|p1a: Venusaur
|-heal|p1a: Venusaur|363\/363
|
|turn|51
|leave|Kioskate
|player|p1
|join|Kioskate
|player|p1|Kioskate|102
|
|switch|p1a: Jirachi|Jirachi|321\/403
|move|p2a: Latios|Hidden Power|p1a: Jirachi
|-supereffective|p1a: Jirachi
|-damage|p1a: Jirachi|213\/403
|
|-heal|p1a: Jirachi|238\/403|[from] item: Leftovers
|turn|52
|
|move|p2a: Latios|Hidden Power|p1a: Jirachi
|-supereffective|p1a: Jirachi
|-damage|p1a: Jirachi|128\/403
|move|p1a: Jirachi|Body Slam|p2a: Latios
|-damage|p2a: Latios|37\/302
|
|-heal|p1a: Jirachi|153\/403|[from] item: Leftovers
|turn|53
|
|switch|p1a: Clefable|Clefable, F|261\/394
|move|p2a: Latios|Hidden Power|p1a: Clefable
|-damage|p1a: Clefable|203\/394
|
|-heal|p1a: Clefable|227\/394|[from] item: Leftovers
|turn|54
|
|move|p2a: Latios|Hidden Power|p1a: Clefable
|-damage|p1a: Clefable|170\/394
|move|p1a: Clefable|Soft-Boiled|p1a: Clefable
|-heal|p1a: Clefable|367\/394
|
|-heal|p1a: Clefable|391\/394|[from] item: Leftovers
|turn|55
|
|move|p2a: Latios|Hidden Power|p1a: Clefable
|-damage|p1a: Clefable|340\/394
|move|p1a: Clefable|Wish|p1a: Clefable
|
|-heal|p1a: Clefable|364\/394|[from] item: Leftovers
|turn|56
|
|switch|p1a: Jirachi|Jirachi|153\/403
|move|p2a: Latios|Hidden Power|p1a: Jirachi
|-supereffective|p1a: Jirachi
|-damage|p1a: Jirachi|45\/403
|
|-heal|p1a: Jirachi|242\/403|[from] move: Wish|[wisher] Clefable
|-heal|p1a: Jirachi|267\/403|[from] item: Leftovers
|turn|57
|
|switch|p1a: Clefable|Clefable, F|364\/394
|move|p2a: Latios|Hidden Power|p1a: Clefable
|-damage|p1a: Clefable|306\/394
|
|-heal|p1a: Clefable|330\/394|[from] item: Leftovers
|turn|58
|
|switch|p2a: Altaria|Altaria, F|291\/291
|-damage|p2a: Altaria|219\/291|[from] Stealth Rock
|move|p1a: Clefable|Wish|p1a: Clefable
|
|-heal|p1a: Clefable|354\/394|[from] item: Leftovers
|turn|59
|
|switch|p1a: Jirachi|Jirachi|267\/403
|detailschange|p2a: Altaria|Altaria-Mega, F
|-mega|p2a: Altaria|Altaria|Altarianite
|move|p2a: Altaria|Dragon Dance|p2a: Altaria
|-boost|p2a: Altaria|atk|1
|-boost|p2a: Altaria|spe|1
|
|-heal|p1a: Jirachi|403\/403|[from] move: Wish|[wisher] Clefable
|turn|60
|
|move|p2a: Altaria|Dragon Dance|p2a: Altaria
|-boost|p2a: Altaria|atk|1
|-boost|p2a: Altaria|spe|1
|move|p1a: Jirachi|Body Slam|p2a: Altaria
|-damage|p2a: Altaria|159\/291
|-status|p2a: Altaria|par
|
|turn|61
|
|move|p1a: Jirachi|Iron Head|p2a: Altaria
|-supereffective|p2a: Altaria
|-damage|p2a: Altaria|0 fnt
|faint|p2a: Altaria
|
|
|switch|p2a: Latios|Latios, M|37\/302
|-damage|p2a: Latios|0 fnt|[from] Stealth Rock
|faint|p2a: Latios
|
|switch|p2a: Conkeldurr|Conkeldurr, M|412\/414
|-damage|p2a: Conkeldurr|387\/414|[from] Stealth Rock
|turn|62
|
|move|p1a: Jirachi|U-turn|p2a: Conkeldurr
|-resisted|p2a: Conkeldurr
|-damage|p2a: Conkeldurr|357\/414
|
|switch|p1a: Venusaur|Venusaur-Mega, F|363\/363
|move|p2a: Conkeldurr|Knock Off|p1a: Venusaur
|-damage|p1a: Venusaur|304\/363
|
|turn|63
|
|move|p1a: Venusaur|Giga Drain|p2a: Conkeldurr
|-damage|p2a: Conkeldurr|261\/414
|-heal|p1a: Venusaur|352\/363|[from] drain|[of] p2a: Conkeldurr
|move|p2a: Conkeldurr|Ice Punch|p1a: Venusaur
|-supereffective|p1a: Venusaur
|-damage|p1a: Venusaur|286\/363
|
|turn|64
|
|move|p1a: Venusaur|Giga Drain|p2a: Conkeldurr
|-damage|p2a: Conkeldurr|170\/414
|-heal|p1a: Venusaur|332\/363|[from] drain|[of] p2a: Conkeldurr
|move|p2a: Conkeldurr|Ice Punch|p1a: Venusaur
|-supereffective|p1a: Venusaur
|-damage|p1a: Venusaur|266\/363
|
|turn|65
|c|âKioskate|trying to freeze?
|
|move|p1a: Venusaur|Giga Drain|p2a: Conkeldurr
|-damage|p2a: Conkeldurr|67\/414
|-heal|p1a: Venusaur|318\/363|[from] drain|[of] p2a: Conkeldurr
|move|p2a: Conkeldurr|Ice Punch|p1a: Venusaur
|-supereffective|p1a: Venusaur
|-damage|p1a: Venusaur|248\/363
|
|turn|66
|
|move|p1a: Venusaur|Giga Drain|p2a: Conkeldurr
|-damage|p2a: Conkeldurr|0 fnt
|-heal|p1a: Venusaur|282\/363|[from] drain|[of] p2a: Conkeldurr
|faint|p2a: Conkeldurr
|
|
|switch|p2a: Rotom-Wash|Rotom-Wash|205\/302
|-damage|p2a: Rotom-Wash|168\/302|[from] Stealth Rock
|turn|67
|
|move|p2a: Rotom-Wash|Will-O-Wisp|p1a: Venusaur|[miss]
|-miss|p2a: Rotom-Wash|p1a: Venusaur
|move|p1a: Venusaur|Giga Drain|p2a: Rotom-Wash
|-supereffective|p2a: Rotom-Wash
|-damage|p2a: Rotom-Wash|0 fnt
|-heal|p1a: Venusaur|363\/363|[from] drain|[of] p2a: Rotom-Wash
|faint|p2a: Rotom-Wash
|
|
|switch|p2a: Mandibuzz|Mandibuzz, F|367\/423
|-damage|p2a: Mandibuzz|262\/423|[from] Stealth Rock
|turn|68
|
|move|p1a: Venusaur|Sludge Bomb|p2a: Mandibuzz
|-damage|p2a: Mandibuzz|177\/423
|move|p2a: Mandibuzz|Whirlwind|p1a: Venusaur
|drag|p1a: Gothitelle|Gothitelle, F|343\/343
|
|-heal|p2a: Mandibuzz|203\/423|[from] item: Leftovers
|turn|69
|
|move|p1a: Gothitelle|Charm|p2a: Mandibuzz
|-unboost|p2a: Mandibuzz|atk|2
|move|p2a: Mandibuzz|Whirlwind|p1a: Gothitelle
|drag|p1a: Clefable|Clefable, F|354\/394
|
|-heal|p2a: Mandibuzz|229\/423|[from] item: Leftovers
|-heal|p1a: Clefable|378\/394|[from] item: Leftovers
|turn|70
|
|move|p1a: Clefable|Moonblast|p2a: Mandibuzz
|-supereffective|p2a: Mandibuzz
|-damage|p2a: Mandibuzz|79\/423
|move|p2a: Mandibuzz|Whirlwind|p1a: Clefable
|drag|p1a: Jirachi|Jirachi|403\/403
|
|-heal|p2a: Mandibuzz|105\/423|[from] item: Leftovers
|turn|71
|
|move|p1a: Jirachi|Iron Head|p2a: Mandibuzz
|-damage|p2a: Mandibuzz|11\/423
|cant|p2a: Mandibuzz|flinch
|
|-heal|p2a: Mandibuzz|37\/423|[from] item: Leftovers
|turn|72
|
|move|p1a: Jirachi|Iron Head|p2a: Mandibuzz
|-damage|p2a: Mandibuzz|0 fnt
|faint|p2a: Mandibuzz
|
|win|Kioskate
|raw|Ladder updating...
|raw|Kioskate's rating: 1230 &rarr; <strong>1253<\/strong><br \/>(+23 for winning)
|raw|Kevinskie's rating: 1197 &rarr; <strong>1174<\/strong><br \/>(-23 for losing)