|join|Kioskate
|join|richizen
|player|p1|Kioskate|266
|player|p2|richizen|170
|gametype|singles
|gen|6
|tier|OU
|rated
|clearpoke
|poke|p1|Gothitelle, F
|poke|p1|Sableye, M
|poke|p1|Bronzong
|poke|p1|Gyarados, F
|poke|p1|Skarmory, F
|poke|p1|Chansey, F
|poke|p2|Serperior, F
|poke|p2|Talonflame, M
|poke|p2|Landorus-Therian, M
|poke|p2|Heatran, M
|poke|p2|Starmie, shiny
|poke|p2|Manectric, M, shiny
|rule|Swagger Clause: Swagger is banned
|rule|Baton Pass Clause: Limit one PokÃ©mon knowing Baton Pass
|rule|Sleep Clause Mod: Limit one foe put to sleep
|rule|Species Clause: Limit one of each PokÃ©mon
|rule|OHKO Clause: OHKO moves are banned
|rule|Moody Clause: Moody is banned
|rule|Evasion Moves Clause: Evasion moves are banned
|rule|Endless Battle Clause: Forcing endless battles is banned
|rule|HP Percentage Mod: HP is shown in percentages
|teampreview
|
|start
|switch|p1a: Bronzong|Bronzong|337\/337
|switch|p2a: Landorus-Therian|Landorus-Therian, M|381\/381
|-ability|p2a: Landorus-Therian|Intimidate|[of] p1a: Bronzong
|-unboost|p1a: Bronzong|atk|1
|turn|1
|
|move|p2a: Landorus-Therian|Knock Off|p1a: Bronzong
|-crit|p1a: Bronzong
|-supereffective|p1a: Bronzong
|-damage|p1a: Bronzong|43\/337
|-enditem|p1a: Bronzong|Leftovers|[from] move: Knock Off|[of] p2a: Landorus-Therian
|move|p1a: Bronzong|Stealth Rock|p2a: Landorus-Therian
|-sidestart|p2: richizen|move: Stealth Rock
|
|turn|2
|
|switch|p1a: Sableye|Sableye, M|303\/303
|move|p2a: Landorus-Therian|Stealth Rock|p1a: Sableye
|-sidestart|p1: Kioskate|move: Stealth Rock
|
|turn|3
|
|switch|p2a: Heatran|Heatran, M|385\/385
|-damage|p2a: Heatran|337\/385|[from] Stealth Rock
|detailschange|p1a: Sableye|Sableye-Mega, M
|-mega|p1a: Sableye|Sableye|Sablenite
|move|p1a: Sableye|Knock Off|p2a: Heatran
|-damage|p2a: Heatran|244\/385
|-enditem|p2a: Heatran|Leftovers|[from] move: Knock Off|[of] p1a: Sableye
|
|turn|4
|
|switch|p1a: Chansey|Chansey, F|703\/703
|-damage|p1a: Chansey|616\/703|[from] Stealth Rock
|move|p2a: Heatran|Lava Plume|p1a: Chansey
|-damage|p1a: Chansey|537\/703
|-status|p1a: Chansey|brn
|
|-damage|p1a: Chansey|450\/703 brn|[from] brn
|turn|5
|
|move|p2a: Heatran|Taunt|p1a: Chansey
|-start|p1a: Chansey|move: Taunt
|move|p1a: Chansey|Seismic Toss|p2a: Heatran
|-damage|p2a: Heatran|144\/385
|
|-damage|p1a: Chansey|363\/703 brn|[from] brn
|turn|6
|
|switch|p1a: Gyarados|Gyarados, F|352\/352
|-damage|p1a: Gyarados|264\/352|[from] Stealth Rock
|-ability|p1a: Gyarados|Intimidate|[of] p2a: Heatran
|-unboost|p2a: Heatran|atk|1
|move|p2a: Heatran|Lava Plume|p1a: Gyarados
|-resisted|p1a: Gyarados
|-damage|p1a: Gyarados|214\/352
|
|-heal|p1a: Gyarados|236\/352|[from] item: Leftovers
|turn|7
|
|switch|p2a: Landorus-Therian|Landorus-Therian, M|381\/381
|-damage|p2a: Landorus-Therian|334\/381|[from] Stealth Rock
|-ability|p2a: Landorus-Therian|Intimidate|[of] p1a: Gyarados
|-unboost|p1a: Gyarados|atk|1
|move|p1a: Gyarados|Waterfall|p2a: Landorus-Therian
|-supereffective|p2a: Landorus-Therian
|-damage|p2a: Landorus-Therian|212\/381
|
|-heal|p2a: Landorus-Therian|235\/381|[from] item: Leftovers
|-heal|p1a: Gyarados|258\/352|[from] item: Leftovers
|turn|8
|
|switch|p1a: Skarmory|Skarmory, F|333\/333
|-damage|p1a: Skarmory|292\/333|[from] Stealth Rock
|move|p2a: Landorus-Therian|Knock Off|p1a: Skarmory
|-damage|p1a: Skarmory|232\/333
|-enditem|p1a: Skarmory|Shed Shell|[from] move: Knock Off|[of] p2a: Landorus-Therian
|
|-heal|p2a: Landorus-Therian|258\/381|[from] item: Leftovers
|turn|9
|
|switch|p2a: Manectric|Manectric, M, shiny|281\/281
|-damage|p2a: Manectric|246\/281|[from] Stealth Rock
|move|p1a: Skarmory|Whirlwind|p2a: Manectric
|drag|p2a: Starmie|Starmie, shiny|323\/323
|-damage|p2a: Starmie|283\/323|[from] Stealth Rock
|
|-heal|p2a: Starmie|303\/323|[from] item: Leftovers
|turn|10
|
|switch|p1a: Sableye|Sableye-Mega, M|303\/303
|-damage|p1a: Sableye|266\/303|[from] Stealth Rock
|move|p2a: Starmie|Scald|p1a: Sableye
|-damage|p1a: Sableye|185\/303
|
|-heal|p2a: Starmie|323\/323|[from] item: Leftovers
|turn|11
|
|move|p2a: Starmie|Reflect Type|p1a: Sableye
|-start|p2a: Starmie|typechange|[from] move: Reflect Type|[of] p1a: Sableye
|move|p1a: Sableye|Recover|p1a: Sableye
|-heal|p1a: Sableye|303\/303
|
|turn|12
|
|move|p2a: Starmie|Scald|p1a: Sableye
|-damage|p1a: Sableye|249\/303
|-status|p1a: Sableye|brn
|move|p1a: Sableye|Knock Off|p2a: Starmie
|-damage|p2a: Starmie|271\/323
|-enditem|p2a: Starmie|Leftovers|[from] move: Knock Off|[of] p1a: Sableye
|
|-damage|p1a: Sableye|212\/303 brn|[from] brn
|turn|13
|
|move|p2a: Starmie|Scald|p1a: Sableye
|-damage|p1a: Sableye|159\/303 brn
|move|p1a: Sableye|Will-O-Wisp|p2a: Starmie
|-status|p2a: Starmie|brn
|
|-damage|p2a: Starmie|231\/323 brn|[from] brn
|-damage|p1a: Sableye|122\/303 brn|[from] brn
|turn|14
|
|move|p2a: Starmie|Scald|p1a: Sableye
|-damage|p1a: Sableye|68\/303 brn
|move|p1a: Sableye|Recover|p1a: Sableye
|-heal|p1a: Sableye|220\/303 brn
|
|-damage|p2a: Starmie|191\/323 brn|[from] brn
|-damage|p1a: Sableye|183\/303 brn|[from] brn
|turn|15
|
|move|p2a: Starmie|Scald|p1a: Sableye
|-crit|p1a: Sableye
|-damage|p1a: Sableye|102\/303 brn
|move|p1a: Sableye|Recover|p1a: Sableye
|-heal|p1a: Sableye|254\/303 brn
|
|-damage|p2a: Starmie|151\/323 brn|[from] brn
|-damage|p1a: Sableye|217\/303 brn|[from] brn
|turn|16
|
|move|p2a: Starmie|Recover|p2a: Starmie
|-heal|p2a: Starmie|313\/323 brn
|move|p1a: Sableye|Foul Play|p2a: Starmie
|-damage|p2a: Starmie|271\/323 brn
|
|-damage|p2a: Starmie|231\/323 brn|[from] brn
|-damage|p1a: Sableye|180\/303 brn|[from] brn
|turn|17
|-message|Kioskate forfeited.
|
|win|richizen
|raw|Ladder updating...
|raw|Kioskate's rating: 1527 &rarr; <strong>1502<\/strong><br \/>(-25 for losing)
|raw|richizen's rating: 1441 &rarr; <strong>1466<\/strong><br \/>(+25 for winning)