|join|BaconNader
|join|Kioskate
|player|p1|BaconNader|188
|player|p2|Kioskate|170
|gametype|singles
|gen|6
|tier|OU
|rated
|clearpoke
|poke|p1|Charizard, M
|poke|p1|Latias, F
|poke|p1|Bisharp, M
|poke|p1|Breloom, M
|poke|p1|Azumarill, F
|poke|p1|Landorus, M
|poke|p2|Gothitelle, M
|poke|p2|Sableye, M
|poke|p2|Jirachi
|poke|p2|Chesnaught, M
|poke|p2|Skarmory, F
|poke|p2|Chansey, F
|rule|Swagger Clause: Swagger is banned
|rule|Baton Pass Clause: Limit one PokÃ©mon knowing Baton Pass
|rule|Sleep Clause Mod: Limit one foe put to sleep
|rule|Species Clause: Limit one of each PokÃ©mon
|rule|OHKO Clause: OHKO moves are banned
|rule|Moody Clause: Moody is banned
|rule|Evasion Moves Clause: Evasion moves are banned
|rule|Endless Battle Clause: Forcing endless battles is banned
|rule|HP Percentage Mod: HP is shown in percentages
|teampreview
|
|start
|switch|p1a: Charizard|Charizard, M|297\/297
|switch|p2a: Chesnaught|Chesnaught, M|379\/379
|turn|1
|c|âKioskate|So glad I got chansey
|
|detailschange|p1a: Charizard|Charizard-Mega-Y, M
|-mega|p1a: Charizard|Charizard|Charizardite Y
|-weather|SunnyDay
|move|p2a: Chesnaught|Spiky Shield|p2a: Chesnaught
|-singleturn|p2a: Chesnaught|move: Protect
|move|p1a: Charizard|Fire Blast|p2a: Chesnaught
|-activate|p2a: Chesnaught|move: Protect
|
|-weather|SunnyDay|[upkeep]
|turn|2
|
|switch|p2a: Chansey|Chansey, F|703\/703
|move|p1a: Charizard|Fire Blast|p2a: Chansey
|-crit|p2a: Chansey
|-damage|p2a: Chansey|390\/703
|
|-weather|SunnyDay|[upkeep]
|turn|3
|
|switch|p1a: Landorus|Landorus, M|319\/319
|move|p2a: Chansey|Soft-Boiled|p2a: Chansey
|-heal|p2a: Chansey|703\/703
|
|-weather|SunnyDay|[upkeep]
|turn|4
|
|switch|p2a: Skarmory|Skarmory, F|333\/333
|move|p1a: Landorus|Stealth Rock|p2a: Skarmory
|-sidestart|p2: Kioskate|move: Stealth Rock
|
|-weather|SunnyDay|[upkeep]
|turn|5
|
|switch|p1a: Charizard|Charizard-Mega-Y, M|297\/297
|move|p2a: Skarmory|Defog|p1a: Charizard
|-unboost|p1a: Charizard|evasion|1
|-sideend|p2: Kioskate|Stealth Rock|[from] move: Defog|[of] p2a: Skarmory
|
|-weather|none
|turn|6
|
|switch|p1a: Azumarill|Azumarill, F|403\/403
|switch|p2a: Gothitelle|Gothitelle, M|344\/344
|
|turn|7
|
|switch|p2a: Skarmory|Skarmory, F|333\/333
|move|p1a: Azumarill|Waterfall|p2a: Skarmory
|-damage|p2a: Skarmory|188\/333
|
|turn|8
|c|âKioskate|banded
|c|âKioskate|ouch
|
|move|p2a: Skarmory|Roost|p2a: Skarmory
|-heal|p2a: Skarmory|333\/333
|move|p1a: Azumarill|Waterfall|p2a: Skarmory
|-damage|p2a: Skarmory|177\/333
|
|turn|9
|c|âKioskate|hurts the second time too
|
|switch|p1a: Charizard|Charizard-Mega-Y, M|297\/297
|-weather|SunnyDay
|move|p2a: Skarmory|Counter|p1a: Charizard
|-fail|p1a: Charizard
|
|-weather|SunnyDay|[upkeep]
|turn|10
|
|switch|p2a: Chansey|Chansey, F|703\/703
|move|p1a: Charizard|Focus Blast|p2a: Chansey|[miss]
|-miss|p1a: Charizard|p2a: Chansey
|
|-weather|SunnyDay|[upkeep]
|turn|11
|
|switch|p1a: Landorus|Landorus, M|319\/319
|move|p2a: Chansey|Wish|p2a: Chansey
|
|-weather|SunnyDay|[upkeep]
|turn|12
|
|switch|p2a: Skarmory|Skarmory, F|177\/333
|move|p1a: Landorus|Stealth Rock|p2a: Skarmory
|-sidestart|p2: Kioskate|move: Stealth Rock
|
|-weather|SunnyDay|[upkeep]
|-heal|p2a: Skarmory|333\/333|[from] move: Wish|[wisher] Chansey
|turn|13
|
|switch|p1a: Charizard|Charizard-Mega-Y, M|297\/297
|move|p2a: Skarmory|Defog|p1a: Charizard
|-unboost|p1a: Charizard|evasion|1
|-sideend|p2: Kioskate|Stealth Rock|[from] move: Defog|[of] p2a: Skarmory
|
|-weather|none
|turn|14
|
|switch|p1a: Breloom|Breloom, M|261\/261
|switch|p2a: Gothitelle|Gothitelle, M|344\/344
|
|turn|15
|
|switch|p2a: Chesnaught|Chesnaught, M|379\/379
|move|p1a: Breloom|Spore|p2a: Chesnaught
|-fail|p2a: Chesnaught
|
|turn|16
|
|switch|p1a: Charizard|Charizard-Mega-Y, M|297\/297
|-weather|SunnyDay
|move|p2a: Chesnaught|Leech Seed|p1a: Charizard
|-start|p1a: Charizard|move: Leech Seed
|
|-weather|SunnyDay|[upkeep]
|-damage|p1a: Charizard|260\/297|[from] Leech Seed|[of] p2a: Chesnaught
|turn|17
|
|move|p2a: Chesnaught|Spiky Shield|p2a: Chesnaught
|-singleturn|p2a: Chesnaught|move: Protect
|move|p1a: Charizard|Roost|p1a: Charizard
|-heal|p1a: Charizard|297\/297
|
|-weather|SunnyDay|[upkeep]
|-damage|p1a: Charizard|260\/297|[from] Leech Seed|[of] p2a: Chesnaught
|turn|18
|
|switch|p1a: Azumarill|Azumarill, F|403\/403
|switch|p2a: Gothitelle|Gothitelle, M|344\/344
|
|-weather|SunnyDay|[upkeep]
|turn|19
|
|switch|p2a: Skarmory|Skarmory, F|333\/333
|move|p1a: Azumarill|Play Rough|p2a: Skarmory
|-crit|p2a: Skarmory
|-resisted|p2a: Skarmory
|-damage|p2a: Skarmory|198\/333
|
|-weather|SunnyDay|[upkeep]
|turn|20
|
|switch|p1a: Breloom|Breloom, M|261\/261
|move|p2a: Skarmory|Roost|p2a: Skarmory
|-heal|p2a: Skarmory|333\/333
|
|-weather|none
|turn|21
|
|switch|p2a: Chesnaught|Chesnaught, M|379\/379
|move|p1a: Breloom|Spore|p2a: Chesnaught
|-fail|p2a: Chesnaught
|
|turn|22
|
|switch|p1a: Landorus|Landorus, M|319\/319
|move|p2a: Chesnaught|Spikes|p1a: Landorus
|-sidestart|p1: BaconNader|Spikes
|
|turn|23
|
|switch|p2a: Skarmory|Skarmory, F|333\/333
|move|p1a: Landorus|Psychic|p2a: Skarmory
|-resisted|p2a: Skarmory
|-damage|p2a: Skarmory|232\/333
|
|turn|24
|
|move|p1a: Landorus|Stealth Rock|p2a: Skarmory
|-sidestart|p2: Kioskate|move: Stealth Rock
|move|p2a: Skarmory|Roost|p2a: Skarmory
|-heal|p2a: Skarmory|333\/333
|
|turn|25
|
|move|p1a: Landorus|Psychic|p2a: Skarmory
|-resisted|p2a: Skarmory
|-damage|p2a: Skarmory|219\/333
|move|p2a: Skarmory|Defog|p1a: Landorus
|-unboost|p1a: Landorus|evasion|1
|-sideend|p1: BaconNader|Spikes|[from] move: Defog|[of] p1a: Landorus
|-sideend|p2: Kioskate|Stealth Rock|[from] move: Defog|[of] p2a: Skarmory
|
|turn|26
|
|move|p1a: Landorus|Psychic|p2a: Skarmory
|-crit|p2a: Skarmory
|-resisted|p2a: Skarmory
|-damage|p2a: Skarmory|62\/333
|move|p2a: Skarmory|Roost|p2a: Skarmory
|-heal|p2a: Skarmory|229\/333
|
|turn|27
|
|switch|p1a: Charizard|Charizard-Mega-Y, M|260\/297
|-weather|SunnyDay
|move|p2a: Skarmory|Roost|p2a: Skarmory
|-heal|p2a: Skarmory|333\/333
|
|-weather|SunnyDay|[upkeep]
|turn|28
|
|switch|p2a: Chansey|Chansey, F|703\/703
|move|p1a: Charizard|Fire Blast|p2a: Chansey
|-damage|p2a: Chansey|480\/703
|
|-weather|SunnyDay|[upkeep]
|turn|29
|
|switch|p1a: Breloom|Breloom, M|261\/261
|move|p2a: Chansey|Seismic Toss|p1a: Breloom
|-damage|p1a: Breloom|161\/261
|
|-weather|SunnyDay|[upkeep]
|turn|30
|
|switch|p1a: Charizard|Charizard-Mega-Y, M|260\/297
|switch|p2a: Chesnaught|Chesnaught, M|379\/379
|
|-weather|SunnyDay|[upkeep]
|turn|31
|
|move|p2a: Chesnaught|Spiky Shield|p2a: Chesnaught
|-singleturn|p2a: Chesnaught|move: Protect
|move|p1a: Charizard|Fire Blast|p2a: Chesnaught
|-activate|p2a: Chesnaught|move: Protect
|
|-weather|none
|turn|32
|
|switch|p2a: Chansey|Chansey, F|480\/703
|move|p1a: Charizard|Focus Blast|p2a: Chansey
|-supereffective|p2a: Chansey
|-damage|p2a: Chansey|266\/703
|
|turn|33
|
|switch|p1a: Azumarill|Azumarill, F|403\/403
|move|p2a: Chansey|Soft-Boiled|p2a: Chansey
|-heal|p2a: Chansey|618\/703
|
|turn|34
|
|switch|p2a: Skarmory|Skarmory, F|333\/333
|switch|p1a: Charizard|Charizard-Mega-Y, M|260\/297
|-weather|SunnyDay
|
|-weather|SunnyDay|[upkeep]
|turn|35
|
|switch|p2a: Chansey|Chansey, F|618\/703
|move|p1a: Charizard|Fire Blast|p2a: Chansey
|-damage|p2a: Chansey|405\/703
|
|-weather|SunnyDay|[upkeep]
|turn|36
|
|switch|p1a: Breloom|Breloom, M|161\/261
|move|p2a: Chansey|Soft-Boiled|p2a: Chansey
|-heal|p2a: Chansey|703\/703
|
|-weather|SunnyDay|[upkeep]
|turn|37
|
|switch|p1a: Charizard|Charizard-Mega-Y, M|260\/297
|switch|p2a: Chesnaught|Chesnaught, M|379\/379
|
|-weather|SunnyDay|[upkeep]
|turn|38
|c|âBaconNader|stall is perfectly legit but this is god damn boring
|c|âKioskate|You're almost out of fire blast
|
|switch|p1a: Azumarill|Azumarill, F|403\/403
|move|p2a: Chesnaught|Spiky Shield|p2a: Chesnaught
|-fail|p2a: Chesnaught
|
|-weather|none
|turn|39
|c|âBaconNader|yeah i can see that myself
|
|switch|p2a: Skarmory|Skarmory, F|333\/333
|move|p1a: Azumarill|Superpower|p2a: Skarmory
|-damage|p2a: Skarmory|194\/333
|-unboost|p1a: Azumarill|atk|1
|-unboost|p1a: Azumarill|def|1
|
|turn|40
|c|âKioskate|Once you run out char y is as good as dead
|
|switch|p1a: Bisharp|Bisharp, M|271\/271
|move|p2a: Skarmory|Counter|p1a: Bisharp
|-fail|p1a: Bisharp
|
|turn|41
|c|âBaconNader|haha im not asking what your doing im just saying its boring
|c|âBaconNader|youre playing well
|c|âKioskate|Thanks
|c|âKioskate|Usually I'd mess up by now
|c|âKioskate|Assuming Bisharp doesn't have pursuit
|c|âKioskate|But that will probably kill me later
|
|switch|p2a: Sableye|Sableye, M|303\/303
|move|p1a: Bisharp|Knock Off|p2a: Sableye
|-damage|p2a: Sableye|191\/303
|
|turn|42
|
|switch|p1a: Charizard|Charizard-Mega-Y, M|260\/297
|-weather|SunnyDay
|move|p2a: Sableye|Recover|p2a: Sableye
|-heal|p2a: Sableye|303\/303
|
|-weather|SunnyDay|[upkeep]
|turn|43
|
|switch|p1a: Bisharp|Bisharp, M|271\/271
|switch|p2a: Chansey|Chansey, F|703\/703
|
|-weather|SunnyDay|[upkeep]
|turn|44
|
|switch|p2a: Sableye|Sableye, M|303\/303
|move|p1a: Bisharp|Knock Off|p2a: Sableye
|-damage|p2a: Sableye|192\/303
|
|-weather|SunnyDay|[upkeep]
|turn|45
|
|switch|p1a: Charizard|Charizard-Mega-Y, M|260\/297
|move|p2a: Sableye|Recover|p2a: Sableye
|-heal|p2a: Sableye|303\/303
|
|-weather|SunnyDay|[upkeep]
|turn|46
|
|switch|p2a: Chansey|Chansey, F|703\/703
|move|p1a: Charizard|Fire Blast|p2a: Chansey
|-damage|p2a: Chansey|492\/703
|
|-weather|none
|turn|47
|
|switch|p1a: Landorus|Landorus, M|319\/319
|move|p2a: Chansey|Wish|p2a: Chansey
|
|turn|48
|
|switch|p2a: Skarmory|Skarmory, F|194\/333
|move|p1a: Landorus|Stealth Rock|p2a: Skarmory
|-sidestart|p2: Kioskate|move: Stealth Rock
|
|-heal|p2a: Skarmory|333\/333|[from] move: Wish|[wisher] Chansey
|turn|49
|
|switch|p1a: Bisharp|Bisharp, M|271\/271
|move|p2a: Skarmory|Defog|p1a: Bisharp
|-unboost|p1a: Bisharp|evasion|1
|-boost|p1a: Bisharp|atk|2|[from] ability: Defiant
|-sideend|p2: Kioskate|Stealth Rock|[from] move: Defog|[of] p2a: Skarmory
|
|turn|50
|c|âKioskate|oh right
|c|âKioskate|forgot he could do that
|
|move|p1a: Bisharp|Knock Off|p2a: Skarmory
|-damage|p2a: Skarmory|99\/333
|-enditem|p2a: Skarmory|Shed Shell|[from] move: Knock Off|[of] p1a: Bisharp
|move|p2a: Skarmory|Counter|p1a: Bisharp
|-damage|p1a: Bisharp|0 fnt
|faint|p1a: Bisharp
|
|
|switch|p1a: Azumarill|Azumarill, F|403\/403
|turn|51
|
|switch|p2a: Sableye|Sableye, M|303\/303
|move|p1a: Azumarill|Waterfall|p2a: Sableye
|-damage|p2a: Sableye|60\/303
|
|turn|52
|
|switch|p1a: Charizard|Charizard-Mega-Y, M|260\/297
|-weather|SunnyDay
|move|p2a: Sableye|Will-O-Wisp|p1a: Charizard|[miss]
|-miss|p2a: Sableye|p1a: Charizard
|
|-weather|SunnyDay|[upkeep]
|turn|53
|
|switch|p1a: Azumarill|Azumarill, F|403\/403
|switch|p2a: Chansey|Chansey, F|492\/703
|
|-weather|SunnyDay|[upkeep]
|turn|54
|
|switch|p2a: Jirachi|Jirachi|403\/403
|move|p1a: Azumarill|Play Rough|p2a: Jirachi
|-resisted|p2a: Jirachi
|-damage|p2a: Jirachi|265\/403
|
|-weather|SunnyDay|[upkeep]
|-heal|p2a: Jirachi|290\/403|[from] item: Leftovers
|turn|55
|
|switch|p1a: Charizard|Charizard-Mega-Y, M|260\/297
|move|p2a: Jirachi|Body Slam|p1a: Charizard
|-damage|p1a: Charizard|182\/297
|-status|p1a: Charizard|par
|
|-weather|SunnyDay|[upkeep]
|-heal|p2a: Jirachi|315\/403|[from] item: Leftovers
|turn|56
|
|switch|p1a: Azumarill|Azumarill, F|403\/403
|move|p2a: Jirachi|U-turn|p1a: Azumarill
|-resisted|p1a: Azumarill
|-damage|p1a: Azumarill|372\/403
|
|switch|p2a: Sableye|Sableye, M|60\/303
|
|-weather|none
|turn|57
|
|switch|p1a: Landorus|Landorus, M|319\/319
|move|p2a: Sableye|Will-O-Wisp|p1a: Landorus
|-status|p1a: Landorus|brn
|
|-damage|p1a: Landorus|280\/319 brn|[from] brn
|turn|58
|
|switch|p2a: Chansey|Chansey, F|492\/703
|move|p1a: Landorus|Earth Power|p2a: Chansey
|-damage|p2a: Chansey|328\/703
|
|-damage|p1a: Landorus|241\/319 brn|[from] brn
|turn|59
|
|switch|p1a: Azumarill|Azumarill, F|372\/403
|move|p2a: Chansey|Soft-Boiled|p2a: Chansey
|-heal|p2a: Chansey|680\/703
|
|turn|60
|
|move|p2a: Chansey|Soft-Boiled|p2a: Chansey
|-heal|p2a: Chansey|703\/703
|move|p1a: Azumarill|Waterfall|p2a: Chansey
|-damage|p2a: Chansey|339\/703
|
|turn|61
|
|move|p2a: Chansey|Soft-Boiled|p2a: Chansey
|-heal|p2a: Chansey|691\/703
|move|p1a: Azumarill|Waterfall|p2a: Chansey
|-damage|p2a: Chansey|376\/703
|
|turn|62
|c|âKioskate|not use to out speeding stuff
|
|switch|p2a: Chesnaught|Chesnaught, M|379\/379
|move|p1a: Azumarill|Waterfall|p2a: Chesnaught
|-resisted|p2a: Chesnaught
|-damage|p2a: Chesnaught|304\/379
|
|-heal|p2a: Chesnaught|327\/379|[from] item: Leftovers
|turn|63
|leave|Kioskate
|player|p2
|
|switch|p1a: Breloom|Breloom, M|161\/261
|move|p2a: Chesnaught|Spikes|p1a: Breloom
|-sidestart|p1: BaconNader|Spikes
|
|-heal|p2a: Chesnaught|350\/379|[from] item: Leftovers
|turn|64
|join|Kioskate
|player|p2|Kioskate|170
|c|âKioskate|firefox crashed
|
|move|p1a: Breloom|Mach Punch|p2a: Chesnaught
|-damage|p2a: Chesnaught|286\/379
|move|p2a: Chesnaught|Drain Punch|p1a: Breloom
|-crit|p1a: Breloom
|-damage|p1a: Breloom|1\/261
|-heal|p2a: Chesnaught|366\/379|[from] drain|[of] p1a: Breloom
|
|-heal|p2a: Chesnaught|379\/379|[from] item: Leftovers
|turn|65
|
|move|p2a: Chesnaught|Spiky Shield|p2a: Chesnaught
|-singleturn|p2a: Chesnaught|move: Protect
|move|p1a: Breloom|Rock Tomb|p2a: Chesnaught
|-activate|p2a: Chesnaught|move: Protect
|
|turn|66
|c|âKioskate|Thought I'd time out from lag
|
|move|p1a: Breloom|Rock Tomb|p2a: Chesnaught
|-resisted|p2a: Chesnaught
|-damage|p2a: Chesnaught|346\/379
|-unboost|p2a: Chesnaught|spe|1
|move|p2a: Chesnaught|Spikes|p1a: Breloom
|-sidestart|p1: BaconNader|Spikes
|
|-heal|p2a: Chesnaught|369\/379|[from] item: Leftovers
|turn|67
|
|switch|p1a: Latias|Latias, F|322\/322
|move|p2a: Chesnaught|Spikes|p1a: Latias
|-sidestart|p1: BaconNader|Spikes
|
|-heal|p2a: Chesnaught|379\/379|[from] item: Leftovers
|turn|68
|
|switch|p2a: Gothitelle|Gothitelle, M|344\/344
|move|p1a: Latias|Defog|p2a: Gothitelle
|-unboost|p2a: Gothitelle|evasion|1
|-sideend|p1: BaconNader|Spikes|[from] move: Defog|[of] p1a: Latias
|
|turn|69
|
|move|p1a: Latias|Draco Meteor|p2a: Gothitelle
|-damage|p2a: Gothitelle|192\/344
|-unboost|p1a: Latias|spa|2
|-damage|p1a: Latias|290\/322|[from] item: Life Orb
|move|p2a: Gothitelle|Rest|p2a: Gothitelle
|-status|p2a: Gothitelle|slp
|-heal|p2a: Gothitelle|344\/344 slp|[silent]
|-status|p2a: Gothitelle|slp|[from] move: Rest
|
|turn|70
|c|âKioskate|I've been waiting all game to trap this
|-message|BaconNader forfeited.
|leave|BaconNader
|
|win|Kioskate
|raw|Ladder updating...
|player|p1
|raw|BaconNader's rating: 1379 &rarr; <strong>1357<\/strong><br \/>(-22 for losing)
|raw|Kioskate's rating: 1352 &rarr; <strong>1373<\/strong><br \/>(+21 for winning)