|join|Petit Cossette
|join|Kioskate
|player|p1|Petit Cossette|249
|player|p2|Kioskate|169
|gametype|singles
|gen|6
|tier|OU
|rated
|clearpoke
|poke|p1|Heracross, M
|poke|p1|Heatran, F
|poke|p1|Ferrothorn, F
|poke|p1|Thundurus, M
|poke|p1|Latias, F
|poke|p1|Conkeldurr, F
|poke|p2|Gothitelle, F
|poke|p2|Sableye, F
|poke|p2|Bronzong
|poke|p2|Chesnaught, M
|poke|p2|Skarmory, M
|poke|p2|Chansey, F
|rule|Swagger Clause: Swagger is banned
|rule|Baton Pass Clause: Limit one PokÃ©mon knowing Baton Pass
|rule|Sleep Clause Mod: Limit one foe put to sleep
|rule|Species Clause: Limit one of each PokÃ©mon
|rule|OHKO Clause: OHKO moves are banned
|rule|Moody Clause: Moody is banned
|rule|Evasion Moves Clause: Evasion moves are banned
|rule|Endless Battle Clause: Forcing endless battles is banned
|rule|HP Percentage Mod: HP is shown in percentages
|teampreview
|
|start
|switch|p1a: Gala Archive|Heracross, M|311\/311
|switch|p2a: Gothitelle|Gothitelle, F|344\/344
|turn|1
|
|switch|p2a: Skarmory|Skarmory, M|333\/333
|detailschange|p1a: Gala Archive|Heracross-Mega, M
|-mega|p1a: Gala Archive|Heracross|Heracronite
|move|p1a: Gala Archive|Pin Missile|p2a: Skarmory
|-resisted|p2a: Skarmory
|-damage|p2a: Skarmory|324\/333
|-crit|p2a: Skarmory
|-resisted|p2a: Skarmory
|-damage|p2a: Skarmory|310\/333
|-resisted|p2a: Skarmory
|-damage|p2a: Skarmory|301\/333
|-resisted|p2a: Skarmory
|-damage|p2a: Skarmory|292\/333
|-resisted|p2a: Skarmory
|-damage|p2a: Skarmory|284\/333
|-hitcount|p2a: Skarmory|5
|
|turn|2
|
|move|p1a: Gala Archive|Close Combat|p2a: Skarmory
|-damage|p2a: Skarmory|106\/333
|-unboost|p1a: Gala Archive|def|1
|-unboost|p1a: Gala Archive|spd|1
|move|p2a: Skarmory|Counter|p1a: Gala Archive
|-damage|p1a: Gala Archive|0 fnt
|faint|p1a: Gala Archive
|
|
|switch|p1a: Invidia Archive|Heatran, F|344\/344
|turn|3
|
|switch|p2a: Gothitelle|Gothitelle, F|344\/344
|move|p1a: Invidia Archive|Lava Plume|p2a: Gothitelle
|-damage|p2a: Gothitelle|262\/344
|-status|p2a: Gothitelle|brn
|
|-damage|p2a: Gothitelle|219\/344 brn|[from] brn
|turn|4
|
|move|p2a: Gothitelle|Trick|p1a: Invidia Archive
|-activate|p2a: Gothitelle|move: Trick|[of] p1a: Invidia Archive
|-item|p1a: Invidia Archive|Choice Scarf|[from] move: Trick
|-item|p2a: Gothitelle|Leftovers|[from] move: Trick
|move|p1a: Invidia Archive|Roar|p2a: Gothitelle
|drag|p2a: Bronzong|Bronzong|337\/337
|
|turn|5
|
|switch|p1a: Avarita Archive|Conkeldurr, F|352\/352
|move|p2a: Bronzong|Stealth Rock|p1a: Avarita Archive
|-sidestart|p1: Petit Cossette|move: Stealth Rock
|
|turn|6
|
|switch|p2a: Sableye|Sableye, F|303\/303
|move|p1a: Avarita Archive|Knock Off|p2a: Sableye
|-damage|p2a: Sableye|224\/303
|
|turn|7
|
|switch|p1a: Superbia archive|Thundurus, M|300\/300
|-damage|p1a: Superbia archive|225\/300|[from] Stealth Rock
|detailschange|p2a: Sableye|Sableye-Mega, F
|-mega|p2a: Sableye|Sableye|Sablenite
|move|p2a: Sableye|Knock Off|p1a: Superbia archive
|-damage|p1a: Superbia archive|95\/300
|-enditem|p1a: Superbia archive|Life Orb|[from] move: Knock Off|[of] p2a: Sableye
|
|turn|8
|c|âPetit Cossette|my only chance against this team is dead
|c|âKioskate|counter skarm is amazing
|
|switch|p2a: Bronzong|Bronzong|337\/337
|move|p1a: Superbia archive|Thunderbolt|p2a: Bronzong
|-crit|p2a: Bronzong
|-damage|p2a: Bronzong|174\/337
|
|-heal|p2a: Bronzong|195\/337|[from] item: Leftovers
|turn|9
|
|move|p1a: Superbia archive|Focus Blast|p2a: Bronzong
|-damage|p2a: Bronzong|102\/337
|-unboost|p2a: Bronzong|spd|1
|move|p2a: Bronzong|Toxic|p1a: Superbia archive
|-status|p1a: Superbia archive|tox
|
|-heal|p2a: Bronzong|123\/337|[from] item: Leftovers
|-damage|p1a: Superbia archive|77\/300 tox|[from] psn
|turn|10
|
|switch|p1a: Luxuria Archive|Latias, F|302\/302
|-damage|p1a: Luxuria Archive|265\/302|[from] Stealth Rock
|switch|p2a: Chansey|Chansey, F|703\/703
|
|turn|11
|
|move|p1a: Luxuria Archive|Defog|p2a: Chansey
|-unboost|p2a: Chansey|evasion|1
|-sideend|p1: Petit Cossette|Stealth Rock|[from] move: Defog|[of] p1a: Luxuria Archive
|move|p2a: Chansey|Wish|p2a: Chansey
|
|turn|12
|
|switch|p1a: Avarita Archive|Conkeldurr, F|352\/352
|switch|p2a: Gothitelle|Gothitelle, F|219\/344 brn
|
|-heal|p2a: Gothitelle|344\/344 brn|[from] move: Wish|[wisher] Chansey
|-damage|p2a: Gothitelle|301\/344 brn|[from] brn
|turn|13
|
|switch|p2a: Sableye|Sableye-Mega, F|224\/303
|move|p1a: Avarita Archive|Knock Off|p2a: Sableye
|-damage|p2a: Sableye|163\/303
|
|turn|14
|
|move|p1a: Avarita Archive|Ice Punch|p2a: Sableye
|-damage|p2a: Sableye|103\/303
|move|p2a: Sableye|Recover|p2a: Sableye
|-heal|p2a: Sableye|255\/303
|
|turn|15
|
|move|p1a: Avarita Archive|Ice Punch|p2a: Sableye
|-damage|p2a: Sableye|188\/303
|move|p2a: Sableye|Knock Off|p1a: Avarita Archive
|-resisted|p1a: Avarita Archive
|-damage|p1a: Avarita Archive|298\/352
|-enditem|p1a: Avarita Archive|Assault Vest|[from] move: Knock Off|[of] p2a: Sableye
|
|turn|16
|
|move|p1a: Avarita Archive|Ice Punch|p2a: Sableye
|-damage|p2a: Sableye|125\/303
|move|p2a: Sableye|Recover|p2a: Sableye
|-heal|p2a: Sableye|277\/303
|
|turn|17
|
|move|p1a: Avarita Archive|Ice Punch|p2a: Sableye
|-damage|p2a: Sableye|218\/303
|move|p2a: Sableye|Foul Play|p1a: Avarita Archive
|-resisted|p1a: Avarita Archive
|-damage|p1a: Avarita Archive|201\/352
|
|turn|18
|
|move|p1a: Avarita Archive|Ice Punch|p2a: Sableye
|-damage|p2a: Sableye|148\/303
|move|p2a: Sableye|Foul Play|p1a: Avarita Archive
|-resisted|p1a: Avarita Archive
|-damage|p1a: Avarita Archive|108\/352
|
|turn|19
|
|move|p1a: Avarita Archive|Ice Punch|p2a: Sableye
|-damage|p2a: Sableye|89\/303
|move|p2a: Sableye|Recover|p2a: Sableye
|-heal|p2a: Sableye|241\/303
|
|turn|20
|
|move|p1a: Avarita Archive|Ice Punch|p2a: Sableye
|-damage|p2a: Sableye|179\/303
|move|p2a: Sableye|Foul Play|p1a: Avarita Archive
|-resisted|p1a: Avarita Archive
|-damage|p1a: Avarita Archive|15\/352
|
|turn|21
|
|move|p1a: Avarita Archive|Ice Punch|p2a: Sableye
|-damage|p2a: Sableye|114\/303
|move|p2a: Sableye|Recover|p2a: Sableye
|-heal|p2a: Sableye|266\/303
|
|turn|22
|
|move|p1a: Avarita Archive|Ice Punch|p2a: Sableye
|-damage|p2a: Sableye|201\/303
|-status|p2a: Sableye|frz
|cant|p2a: Sableye|frz
|
|turn|23
|c|âKioskate|well look at that
|
|switch|p1a: Luxuria Archive|Latias, F|265\/302
|switch|p2a: Chesnaught|Chesnaught, M|379\/379
|
|turn|24
|
|switch|p2a: Chansey|Chansey, F|703\/703
|move|p1a: Luxuria Archive|Psychic|p2a: Chansey
|-damage|p2a: Chansey|577\/703
|-damage|p1a: Luxuria Archive|235\/302|[from] item: Life Orb
|
|turn|25
|
|switch|p1a: Acedia Archive|Ferrothorn, F|352\/352
|move|p2a: Chansey|Heal Bell|p2a: Chansey
|-cureteam|p2a: Chansey|[from] move: HealBell
|
|turn|26
|
|switch|p2a: Sableye|Sableye-Mega, F|201\/303
|move|p1a: Acedia Archive|Leech Seed|p2a: Sableye
|move|p2a: Sableye|Leech Seed|p1a: Acedia Archive|[from]Magic Bounce
|-immune|p1a: Acedia Archive|[msg]
|
|turn|27
|
|switch|p1a: Invidia Archive|Heatran, F|344\/344
|move|p2a: Sableye|Recover|p2a: Sableye
|-heal|p2a: Sableye|303\/303
|
|turn|28
|
|switch|p2a: Gothitelle|Gothitelle, F|301\/344
|move|p1a: Invidia Archive|Lava Plume|p2a: Gothitelle
|-damage|p2a: Gothitelle|211\/344
|-status|p2a: Gothitelle|brn
|
|-heal|p2a: Gothitelle|232\/344 brn|[from] item: Leftovers
|-damage|p2a: Gothitelle|189\/344 brn|[from] brn
|turn|29
|
|move|p1a: Invidia Archive|Lava Plume|p2a: Gothitelle
|-damage|p2a: Gothitelle|98\/344 brn
|move|p2a: Gothitelle|Rest|p2a: Gothitelle
|-status|p2a: Gothitelle|slp
|-heal|p2a: Gothitelle|344\/344 slp|[silent]
|-status|p2a: Gothitelle|slp|[from] move: Rest
|
|turn|30
|
|move|p1a: Invidia Archive|Lava Plume|p2a: Gothitelle
|-damage|p2a: Gothitelle|256\/344 slp
|cant|p2a: Gothitelle|slp
|
|-heal|p2a: Gothitelle|277\/344 slp|[from] item: Leftovers
|turn|31
|
|move|p1a: Invidia Archive|Lava Plume|p2a: Gothitelle
|-damage|p2a: Gothitelle|184\/344 slp
|cant|p2a: Gothitelle|slp
|
|-heal|p2a: Gothitelle|205\/344 slp|[from] item: Leftovers
|turn|32
|
|move|p1a: Invidia Archive|Lava Plume|p2a: Gothitelle
|-damage|p2a: Gothitelle|115\/344 slp
|-curestatus|p2a: Gothitelle|slp
|move|p2a: Gothitelle|Calm Mind|p2a: Gothitelle
|-boost|p2a: Gothitelle|spa|1
|-boost|p2a: Gothitelle|spd|1
|
|-heal|p2a: Gothitelle|136\/344|[from] item: Leftovers
|turn|33
|
|move|p1a: Invidia Archive|Lava Plume|p2a: Gothitelle
|-damage|p2a: Gothitelle|78\/344
|move|p2a: Gothitelle|Rest|p2a: Gothitelle
|-status|p2a: Gothitelle|slp
|-heal|p2a: Gothitelle|344\/344 slp|[silent]
|-status|p2a: Gothitelle|slp|[from] move: Rest
|
|turn|34
|
|move|p1a: Invidia Archive|Lava Plume|p2a: Gothitelle
|-damage|p2a: Gothitelle|281\/344 slp
|cant|p2a: Gothitelle|slp
|
|-heal|p2a: Gothitelle|302\/344 slp|[from] item: Leftovers
|turn|35
|
|move|p1a: Invidia Archive|Lava Plume|p2a: Gothitelle
|-damage|p2a: Gothitelle|247\/344 slp
|cant|p2a: Gothitelle|slp
|
|-heal|p2a: Gothitelle|268\/344 slp|[from] item: Leftovers
|turn|36
|c|âKioskate|I think goth might be able to sweep
|c|âPetit Cossette|it will
|
|move|p1a: Invidia Archive|Lava Plume|p2a: Gothitelle
|-damage|p2a: Gothitelle|210\/344 slp
|-curestatus|p2a: Gothitelle|slp
|move|p2a: Gothitelle|Calm Mind|p2a: Gothitelle
|-boost|p2a: Gothitelle|spa|1
|-boost|p2a: Gothitelle|spd|1
|
|-heal|p2a: Gothitelle|231\/344|[from] item: Leftovers
|turn|37
|c|âKioskate|I've probably used it for like 100 games
|c|âKioskate|never swept with it
|
|move|p1a: Invidia Archive|Lava Plume|p2a: Gothitelle
|-damage|p2a: Gothitelle|183\/344
|move|p2a: Gothitelle|Calm Mind|p2a: Gothitelle
|-boost|p2a: Gothitelle|spa|1
|-boost|p2a: Gothitelle|spd|1
|
|-heal|p2a: Gothitelle|204\/344|[from] item: Leftovers
|turn|38
|c|âKioskate|since I'm using a slow goth
|
|move|p1a: Invidia Archive|Lava Plume|p2a: Gothitelle
|-damage|p2a: Gothitelle|165\/344
|move|p2a: Gothitelle|Calm Mind|p2a: Gothitelle
|-boost|p2a: Gothitelle|spa|1
|-boost|p2a: Gothitelle|spd|1
|
|-heal|p2a: Gothitelle|186\/344|[from] item: Leftovers
|turn|39
|
|move|p1a: Invidia Archive|Lava Plume|p2a: Gothitelle
|-damage|p2a: Gothitelle|156\/344
|-status|p2a: Gothitelle|brn
|move|p2a: Gothitelle|Calm Mind|p2a: Gothitelle
|-boost|p2a: Gothitelle|spa|1
|-boost|p2a: Gothitelle|spd|1
|
|-heal|p2a: Gothitelle|177\/344 brn|[from] item: Leftovers
|-damage|p2a: Gothitelle|134\/344 brn|[from] brn
|turn|40
|
|move|p1a: Invidia Archive|Lava Plume|p2a: Gothitelle
|-damage|p2a: Gothitelle|107\/344 brn
|move|p2a: Gothitelle|Rest|p2a: Gothitelle
|-status|p2a: Gothitelle|slp
|-heal|p2a: Gothitelle|344\/344 slp|[silent]
|-status|p2a: Gothitelle|slp|[from] move: Rest
|
|turn|41
|
|move|p1a: Invidia Archive|Lava Plume|p2a: Gothitelle
|-damage|p2a: Gothitelle|317\/344 slp
|cant|p2a: Gothitelle|slp
|
|-heal|p2a: Gothitelle|338\/344 slp|[from] item: Leftovers
|turn|42
|c|âKioskate|would have laughed if that crit and killed
|
|move|p1a: Invidia Archive|Lava Plume|p2a: Gothitelle
|-damage|p2a: Gothitelle|311\/344 slp
|cant|p2a: Gothitelle|slp
|
|-heal|p2a: Gothitelle|332\/344 slp|[from] item: Leftovers
|turn|43
|
|move|p1a: Invidia Archive|Lava Plume|p2a: Gothitelle
|-crit|p2a: Gothitelle
|-damage|p2a: Gothitelle|208\/344 slp
|-curestatus|p2a: Gothitelle|slp
|move|p2a: Gothitelle|Calm Mind|p2a: Gothitelle
|-boost|p2a: Gothitelle|spa|1
|-boost|p2a: Gothitelle|spd|1
|
|-heal|p2a: Gothitelle|229\/344|[from] item: Leftovers
|turn|44
|
|move|p1a: Invidia Archive|Lava Plume|p2a: Gothitelle
|-damage|p2a: Gothitelle|208\/344
|-status|p2a: Gothitelle|brn
|move|p2a: Gothitelle|Trick|p1a: Invidia Archive
|-activate|p2a: Gothitelle|move: Trick|[of] p1a: Invidia Archive
|-item|p1a: Invidia Archive|Leftovers|[from] move: Trick
|-item|p2a: Gothitelle|Choice Scarf|[from] move: Trick
|
|-damage|p2a: Gothitelle|165\/344 brn|[from] brn
|turn|45
|c|âKioskate|hit cancel
|c|âKioskate|doesn
|c|âKioskate|doesn't wor
|c|âKioskate|oh boy
|
|move|p2a: Gothitelle|Trick|p1a: Invidia Archive
|-activate|p2a: Gothitelle|move: Trick|[of] p1a: Invidia Archive
|-item|p1a: Invidia Archive|Choice Scarf|[from] move: Trick
|-item|p2a: Gothitelle|Leftovers|[from] move: Trick
|move|p1a: Invidia Archive|Roar|p2a: Gothitelle
|drag|p2a: Chansey|Chansey, F|577\/703
|
|turn|46
|leave|Kioskate
|player|p2
|
|switch|p1a: Acedia Archive|Ferrothorn, F|352\/352
|move|p2a: Chansey|Wish|p2a: Chansey
|
|turn|47
|join|Kioskate
|player|p2|Kioskate|169
|c|âKioskate|browser crashed
|
|switch|p2a: Sableye|Sableye-Mega, F|303\/303
|switch|p1a: Luxuria Archive|Latias, F|235\/302
|
|turn|48
|c|âKioskate|Now I have to trap i all over again
|
|switch|p2a: Chansey|Chansey, F|577\/703
|move|p1a: Luxuria Archive|Healing Wish|p1a: Luxuria Archive
|faint|p1a: Luxuria Archive
|
|
|switch|p1a: Avarita Archive|Conkeldurr, F|15\/352
|-heal|p1a: Avarita Archive|352\/352|[from] move: Healing Wish
|turn|49
|
|switch|p2a: Sableye|Sableye-Mega, F|303\/303
|move|p1a: Avarita Archive|Ice Punch|p2a: Sableye
|-damage|p2a: Sableye|238\/303
|
|turn|50
|
|move|p1a: Avarita Archive|Ice Punch|p2a: Sableye
|-damage|p2a: Sableye|176\/303
|move|p2a: Sableye|Foul Play|p1a: Avarita Archive
|-crit|p1a: Avarita Archive
|-resisted|p1a: Avarita Archive
|-damage|p1a: Avarita Archive|208\/352
|
|turn|51
|
|move|p1a: Avarita Archive|Ice Punch|p2a: Sableye
|-damage|p2a: Sableye|114\/303
|move|p2a: Sableye|Recover|p2a: Sableye
|-heal|p2a: Sableye|266\/303
|
|turn|52
|
|move|p1a: Avarita Archive|Ice Punch|p2a: Sableye
|-damage|p2a: Sableye|205\/303
|move|p2a: Sableye|Foul Play|p1a: Avarita Archive
|-resisted|p1a: Avarita Archive
|-damage|p1a: Avarita Archive|109\/352
|
|turn|53
|
|move|p1a: Avarita Archive|Ice Punch|p2a: Sableye
|-damage|p2a: Sableye|144\/303
|move|p2a: Sableye|Foul Play|p1a: Avarita Archive
|-resisted|p1a: Avarita Archive
|-damage|p1a: Avarita Archive|3\/352
|
|turn|54
|
|move|p1a: Avarita Archive|Ice Punch|p2a: Sableye
|-damage|p2a: Sableye|84\/303
|move|p2a: Sableye|Recover|p2a: Sableye
|-heal|p2a: Sableye|236\/303
|
|turn|55
|
|move|p1a: Avarita Archive|Ice Punch|p2a: Sableye
|-damage|p2a: Sableye|176\/303
|move|p2a: Sableye|Foul Play|p1a: Avarita Archive
|-resisted|p1a: Avarita Archive
|-damage|p1a: Avarita Archive|0 fnt
|faint|p1a: Avarita Archive
|
|
|switch|p1a: Invidia Archive|Heatran, F|344\/344
|turn|56
|
|move|p2a: Sableye|Recover|p2a: Sableye
|-heal|p2a: Sableye|303\/303
|move|p1a: Invidia Archive|Roar|p2a: Sableye
|move|p2a: Sableye|Roar|p1a: Invidia Archive|[from]Magic Bounce
|drag|p1a: Acedia Archive|Ferrothorn, F|352\/352
|
|turn|57
|
|move|p2a: Sableye|Will-O-Wisp|p1a: Acedia Archive
|-status|p1a: Acedia Archive|brn
|move|p1a: Acedia Archive|Gyro Ball|p2a: Sableye
|-damage|p2a: Sableye|285\/303
|
|-damage|p1a: Acedia Archive|308\/352 brn|[from] brn
|turn|58
|
|switch|p1a: Invidia Archive|Heatran, F|344\/344
|move|p2a: Sableye|Foul Play|p1a: Invidia Archive
|-damage|p1a: Invidia Archive|260\/344
|
|turn|59
|
|move|p1a: Invidia Archive|Lava Plume|p2a: Sableye
|-damage|p2a: Sableye|171\/303
|move|p2a: Sableye|Foul Play|p1a: Invidia Archive
|-damage|p1a: Invidia Archive|169\/344
|
|turn|60
|
|switch|p2a: Chansey|Chansey, F|577\/703
|move|p1a: Invidia Archive|Lava Plume|p2a: Chansey
|-damage|p2a: Chansey|496\/703
|-status|p2a: Chansey|brn
|
|-damage|p2a: Chansey|409\/703 brn|[from] brn
|turn|61
|
|switch|p1a: Acedia Archive|Ferrothorn, F|308\/352 brn
|move|p2a: Chansey|Heal Bell|p2a: Chansey
|-cureteam|p2a: Chansey|[from] move: HealBell
|
|-damage|p1a: Acedia Archive|264\/352 brn|[from] brn
|turn|62
|
|switch|p2a: Sableye|Sableye-Mega, F|171\/303
|move|p1a: Acedia Archive|Gyro Ball|p2a: Sableye
|-damage|p2a: Sableye|155\/303
|
|-damage|p1a: Acedia Archive|220\/352 brn|[from] brn
|turn|63
|
|move|p2a: Sableye|Recover|p2a: Sableye
|-heal|p2a: Sableye|303\/303
|move|p1a: Acedia Archive|Gyro Ball|p2a: Sableye
|-damage|p2a: Sableye|285\/303
|
|-damage|p1a: Acedia Archive|176\/352 brn|[from] brn
|turn|64
|-message|Petit Cossette forfeited.
|leave|Petit Cossette
|
|win|Kioskate
|raw|Ladder updating...
|player|p1
|raw|Petit Cossette's rating: 1523 &rarr; <strong>1498<\/strong><br \/>(-25 for losing)
|raw|Kioskate's rating: 1446 &rarr; <strong>1470<\/strong><br \/>(+24 for winning)