|join|Kioskate
|join|allMightySosa
|player|p1|Kioskate|1
|player|p2|allMightySosa|226
|gametype|singles
|gen|6
|tier|OU
|rated
|clearpoke
|poke|p1|Clefable, F
|poke|p1|Sableye, M
|poke|p1|Bronzong
|poke|p1|Gyarados, F
|poke|p1|Skarmory, F
|poke|p1|Chansey, F
|poke|p2|Azumarill, F
|poke|p2|Heatran, F
|poke|p2|Venusaur, F
|poke|p2|Bisharp, M
|poke|p2|Gengar, M, shiny
|poke|p2|Latios, M, shiny
|rule|Swagger Clause: Swagger is banned
|rule|Baton Pass Clause: Limit one PokÃ©mon knowing Baton Pass
|rule|Sleep Clause Mod: Limit one foe put to sleep
|rule|Species Clause: Limit one of each PokÃ©mon
|rule|OHKO Clause: OHKO moves are banned
|rule|Moody Clause: Moody is banned
|rule|Evasion Moves Clause: Evasion moves are banned
|rule|Endless Battle Clause: Forcing endless battles is banned
|rule|HP Percentage Mod: HP is shown in percentages
|teampreview
|c|âallMightySosa|that bulk
|c|âallMightySosa|):
|
|start
|switch|p1a: Sableye|Sableye, M|303\/303
|switch|p2a: Heatran|Heatran, F|337\/337
|-item|p2a: Heatran|Air Balloon
|turn|1
|
|switch|p1a: Clefable|Clefable, F|393\/393
|move|p2a: Heatran|Fire Blast|p1a: Clefable
|-damage|p1a: Clefable|231\/393
|
|-heal|p1a: Clefable|255\/393|[from] item: Leftovers
|turn|2
|
|move|p2a: Heatran|Taunt|p1a: Clefable
|-start|p1a: Clefable|move: Taunt
|cant|p1a: Clefable|move: Taunt|Wish
|
|-heal|p1a: Clefable|279\/393|[from] item: Leftovers
|turn|3
|
|switch|p1a: Gyarados|Gyarados, F|352\/352
|-ability|p1a: Gyarados|Intimidate|[of] p2a: Heatran
|-unboost|p2a: Heatran|atk|1
|move|p2a: Heatran|Stealth Rock|p1a: Gyarados
|-sidestart|p1: Kioskate|move: Stealth Rock
|
|turn|4
|
|switch|p2a: Venusaur|Venusaur, F|359\/359
|move|p1a: Gyarados|Dragon Dance|p1a: Gyarados
|-boost|p1a: Gyarados|atk|1
|-boost|p1a: Gyarados|spe|1
|
|turn|5
|
|detailschange|p2a: Venusaur|Venusaur-Mega, F
|-mega|p2a: Venusaur|Venusaur|Venusaurite
|move|p1a: Gyarados|Dragon Dance|p1a: Gyarados
|-boost|p1a: Gyarados|atk|1
|-boost|p1a: Gyarados|spe|1
|move|p2a: Venusaur|Sludge Bomb|p1a: Gyarados
|-damage|p1a: Gyarados|202\/352
|
|-heal|p1a: Gyarados|224\/352|[from] item: Leftovers
|turn|6
|
|move|p1a: Gyarados|Waterfall|p2a: Venusaur
|-resisted|p2a: Venusaur
|-damage|p2a: Venusaur|257\/359
|move|p2a: Venusaur|Sludge Bomb|p1a: Gyarados
|-damage|p1a: Gyarados|74\/352
|-status|p1a: Gyarados|psn
|
|-heal|p1a: Gyarados|96\/352 psn|[from] item: Leftovers
|-damage|p1a: Gyarados|52\/352 psn|[from] psn
|turn|7
|
|move|p1a: Gyarados|Rest|p1a: Gyarados
|-status|p1a: Gyarados|slp
|-heal|p1a: Gyarados|352\/352 slp|[silent]
|-status|p1a: Gyarados|slp|[from] move: Rest
|move|p2a: Venusaur|Giga Drain|p1a: Gyarados
|-damage|p1a: Gyarados|219\/352 slp
|-heal|p2a: Venusaur|324\/359|[from] drain|[of] p1a: Gyarados
|
|-heal|p1a: Gyarados|241\/352 slp|[from] item: Leftovers
|turn|8
|
|switch|p1a: Bronzong|Bronzong|337\/337
|-damage|p1a: Bronzong|316\/337|[from] Stealth Rock
|move|p2a: Venusaur|Sludge Bomb|p1a: Bronzong
|-immune|p1a: Bronzong|[msg]
|
|-heal|p1a: Bronzong|337\/337|[from] item: Leftovers
|turn|9
|
|move|p2a: Venusaur|Hidden Power|p1a: Bronzong
|-supereffective|p1a: Bronzong
|-damage|p1a: Bronzong|237\/337
|move|p1a: Bronzong|Stealth Rock|p2a: Venusaur
|-sidestart|p2: allMightySosa|move: Stealth Rock
|
|-heal|p1a: Bronzong|258\/337|[from] item: Leftovers
|turn|10
|
|switch|p2a: Gengar|Gengar, M, shiny|261\/261
|-damage|p2a: Gengar|229\/261|[from] Stealth Rock
|switch|p1a: Chansey|Chansey, F|703\/703
|-damage|p1a: Chansey|616\/703|[from] Stealth Rock
|
|turn|11
|
|move|p2a: Gengar|Substitute|p2a: Gengar
|-start|p2a: Gengar|Substitute
|-damage|p2a: Gengar|164\/261
|move|p1a: Chansey|Heal Bell|p1a: Chansey
|-cureteam|p1a: Chansey|[from] move: HealBell
|
|turn|12
|
|move|p2a: Gengar|Focus Blast|p1a: Chansey
|-supereffective|p1a: Chansey
|-damage|p1a: Chansey|395\/703
|-damage|p2a: Gengar|138\/261|[from] item: Life Orb
|move|p1a: Chansey|Wish|p1a: Chansey
|
|turn|13
|
|move|p2a: Gengar|Shadow Ball|p1a: Chansey
|-immune|p1a: Chansey|[msg]
|move|p1a: Chansey|Seismic Toss|p2a: Gengar
|-immune|p2a: Gengar|[msg]
|
|-heal|p1a: Chansey|703\/703|[from] move: Wish|[wisher] Chansey
|turn|14
|
|move|p2a: Gengar|Focus Blast|p1a: Chansey|[miss]
|-miss|p2a: Gengar|p1a: Chansey
|move|p1a: Chansey|Wish|p1a: Chansey
|
|turn|15
|
|move|p2a: Gengar|Shadow Ball|p1a: Chansey
|-immune|p1a: Chansey|[msg]
|move|p1a: Chansey|Seismic Toss|p2a: Gengar
|-immune|p2a: Gengar|[msg]
|
|turn|16
|
|move|p2a: Gengar|Focus Blast|p1a: Chansey|[miss]
|-miss|p2a: Gengar|p1a: Chansey
|move|p1a: Chansey|Wish|p1a: Chansey
|
|turn|17
|
|move|p2a: Gengar|Focus Blast|p1a: Chansey
|-supereffective|p1a: Chansey
|-damage|p1a: Chansey|485\/703
|-damage|p2a: Gengar|112\/261|[from] item: Life Orb
|move|p1a: Chansey|Seismic Toss|p2a: Gengar
|-immune|p2a: Gengar|[msg]
|
|-heal|p1a: Chansey|703\/703|[from] move: Wish|[wisher] Chansey
|turn|18
|
|move|p2a: Gengar|Focus Blast|p1a: Chansey
|-supereffective|p1a: Chansey
|-damage|p1a: Chansey|453\/703
|-unboost|p1a: Chansey|spd|1
|-damage|p2a: Gengar|86\/261|[from] item: Life Orb
|move|p1a: Chansey|Wish|p1a: Chansey
|
|turn|19
|
|move|p2a: Gengar|Focus Blast|p1a: Chansey
|-supereffective|p1a: Chansey
|-damage|p1a: Chansey|76\/703
|-damage|p2a: Gengar|60\/261|[from] item: Life Orb
|move|p1a: Chansey|Soft-Boiled|p1a: Chansey
|-heal|p1a: Chansey|428\/703
|
|-heal|p1a: Chansey|703\/703|[from] move: Wish|[wisher] Chansey
|turn|20
|
|move|p2a: Gengar|Pain Split|p1a: Chansey
|-sethp|p1a: Chansey|381\/703|p2a: Gengar|261\/261|[from] move: Pain Split
|move|p1a: Chansey|Soft-Boiled|p1a: Chansey
|-heal|p1a: Chansey|703\/703
|
|turn|21
|
|switch|p2a: Bisharp|Bisharp, M|272\/272
|-damage|p2a: Bisharp|255\/272|[from] Stealth Rock
|move|p1a: Chansey|Wish|p1a: Chansey
|
|turn|22
|
|switch|p1a: Sableye|Sableye, M|303\/303
|-damage|p1a: Sableye|266\/303|[from] Stealth Rock
|move|p2a: Bisharp|Swords Dance|p2a: Bisharp
|-boost|p2a: Bisharp|atk|2
|
|-heal|p1a: Sableye|303\/303|[from] move: Wish|[wisher] Chansey
|turn|23
|
|move|p1a: Sableye|Will-O-Wisp|p2a: Bisharp|[miss]
|-miss|p1a: Sableye|p2a: Bisharp
|move|p2a: Bisharp|Knock Off|p1a: Sableye
|-damage|p1a: Sableye|83\/303
|
|turn|24
|
|switch|p2a: Heatran|Heatran, F|337\/337
|-damage|p2a: Heatran|295\/337|[from] Stealth Rock
|-item|p2a: Heatran|Air Balloon
|move|p1a: Sableye|Will-O-Wisp|p2a: Heatran
|-start|p2a: Heatran|ability: Flash Fire
|
|turn|25
|
|move|p1a: Sableye|Recover|p1a: Sableye
|-heal|p1a: Sableye|235\/303
|move|p2a: Heatran|Fire Blast|p1a: Sableye|[miss]
|-miss|p2a: Heatran|p1a: Sableye
|
|turn|26
|
|switch|p1a: Chansey|Chansey, F|703\/703
|-damage|p1a: Chansey|616\/703|[from] Stealth Rock
|move|p2a: Heatran|Fire Blast|p1a: Chansey
|-damage|p1a: Chansey|399\/703
|
|turn|27
|
|switch|p2a: Azumarill|Azumarill, F|363\/363
|-damage|p2a: Azumarill|318\/363|[from] Stealth Rock
|move|p1a: Chansey|Soft-Boiled|p1a: Chansey
|-heal|p1a: Chansey|703\/703
|
|turn|28
|
|switch|p1a: Skarmory|Skarmory, F|333\/333
|-damage|p1a: Skarmory|292\/333|[from] Stealth Rock
|move|p2a: Azumarill|Knock Off|p1a: Skarmory
|-damage|p1a: Skarmory|168\/333
|-enditem|p1a: Skarmory|Shed Shell|[from] move: Knock Off|[of] p2a: Azumarill
|
|turn|29
|
|switch|p2a: Bisharp|Bisharp, M|255\/272
|-damage|p2a: Bisharp|238\/272|[from] Stealth Rock
|move|p1a: Skarmory|Roost|p1a: Skarmory
|-heal|p1a: Skarmory|333\/333
|
|turn|30
|
|move|p2a: Bisharp|Knock Off|p1a: Skarmory
|-damage|p1a: Skarmory|252\/333
|move|p1a: Skarmory|Whirlwind|p2a: Bisharp
|drag|p2a: Heatran|Heatran, F|295\/337
|-damage|p2a: Heatran|253\/337|[from] Stealth Rock
|-item|p2a: Heatran|Air Balloon
|
|turn|31
|
|switch|p1a: Chansey|Chansey, F|703\/703
|-damage|p1a: Chansey|616\/703|[from] Stealth Rock
|move|p2a: Heatran|Taunt|p1a: Chansey
|-start|p1a: Chansey|move: Taunt
|
|turn|32
|
|switch|p2a: Bisharp|Bisharp, M|238\/272
|-damage|p2a: Bisharp|221\/272|[from] Stealth Rock
|move|p1a: Chansey|Seismic Toss|p2a: Bisharp
|-damage|p2a: Bisharp|121\/272
|
|turn|33
|
|switch|p1a: Sableye|Sableye, M|235\/303
|-damage|p1a: Sableye|198\/303|[from] Stealth Rock
|move|p2a: Bisharp|Knock Off|p1a: Sableye
|-crit|p1a: Sableye
|-damage|p1a: Sableye|24\/303
|
|turn|34
|
|move|p1a: Sableye|Recover|p1a: Sableye
|-heal|p1a: Sableye|176\/303
|move|p2a: Bisharp|Knock Off|p1a: Sableye
|-damage|p1a: Sableye|65\/303
|
|turn|35
|
|switch|p2a: Heatran|Heatran, F|253\/337
|-damage|p2a: Heatran|211\/337|[from] Stealth Rock
|-item|p2a: Heatran|Air Balloon
|move|p1a: Sableye|Recover|p1a: Sableye
|-heal|p1a: Sableye|217\/303
|
|turn|36
|
|switch|p1a: Chansey|Chansey, F|616\/703
|-damage|p1a: Chansey|529\/703|[from] Stealth Rock
|move|p2a: Heatran|Taunt|p1a: Chansey
|-start|p1a: Chansey|move: Taunt
|
|turn|37
|
|switch|p2a: Azumarill|Azumarill, F|318\/363
|-damage|p2a: Azumarill|273\/363|[from] Stealth Rock
|move|p1a: Chansey|Seismic Toss|p2a: Azumarill
|-damage|p2a: Azumarill|173\/363
|
|turn|38
|
|switch|p1a: Gyarados|Gyarados, F|241\/352
|-damage|p1a: Gyarados|153\/352|[from] Stealth Rock
|-ability|p1a: Gyarados|Intimidate|[of] p2a: Azumarill
|-unboost|p2a: Azumarill|atk|1
|move|p2a: Azumarill|Waterfall|p1a: Gyarados
|-resisted|p1a: Gyarados
|-damage|p1a: Gyarados|54\/352
|
|-heal|p1a: Gyarados|76\/352|[from] item: Leftovers
|turn|39
|
|move|p1a: Gyarados|Rest|p1a: Gyarados
|-status|p1a: Gyarados|slp
|-heal|p1a: Gyarados|352\/352 slp|[silent]
|-status|p1a: Gyarados|slp|[from] move: Rest
|move|p2a: Azumarill|Waterfall|p1a: Gyarados
|-crit|p1a: Gyarados
|-resisted|p1a: Gyarados
|-damage|p1a: Gyarados|146\/352 slp
|
|-heal|p1a: Gyarados|168\/352 slp|[from] item: Leftovers
|turn|40
|
|cant|p1a: Gyarados|slp
|move|p1a: Gyarados|Sleep Talk|p1a: Gyarados
|move|p1a: Gyarados|Waterfall|p2a: Azumarill|[from]Sleep Talk
|-resisted|p2a: Azumarill
|-damage|p2a: Azumarill|98\/363
|move|p2a: Azumarill|Waterfall|p1a: Gyarados
|-resisted|p1a: Gyarados
|-damage|p1a: Gyarados|69\/352 slp
|
|-heal|p1a: Gyarados|91\/352 slp|[from] item: Leftovers
|turn|41
|
|cant|p1a: Gyarados|slp
|move|p1a: Gyarados|Sleep Talk|p1a: Gyarados
|move|p1a: Gyarados|Waterfall|p2a: Azumarill|[from]Sleep Talk
|-crit|p2a: Azumarill
|-resisted|p2a: Azumarill
|-damage|p2a: Azumarill|0 fnt
|faint|p2a: Azumarill
|
|-heal|p1a: Gyarados|113\/352 slp|[from] item: Leftovers
|
|switch|p2a: Gengar|Gengar, M, shiny|261\/261
|-damage|p2a: Gengar|229\/261|[from] Stealth Rock
|turn|42
|
|switch|p1a: Chansey|Chansey, F|529\/703
|-damage|p1a: Chansey|442\/703|[from] Stealth Rock
|move|p2a: Gengar|Shadow Ball|p1a: Chansey
|-immune|p1a: Chansey|[msg]
|
|turn|43
|
|switch|p2a: Latios|Latios, M, shiny|301\/301
|-damage|p2a: Latios|264\/301|[from] Stealth Rock
|move|p1a: Chansey|Soft-Boiled|p1a: Chansey
|-heal|p1a: Chansey|703\/703
|
|turn|44
|
|switch|p1a: Bronzong|Bronzong|258\/337
|-damage|p1a: Bronzong|237\/337|[from] Stealth Rock
|move|p2a: Latios|Trick|p1a: Bronzong
|-activate|p2a: Latios|move: Trick|[of] p1a: Bronzong
|-item|p1a: Bronzong|Choice Scarf|[from] move: Trick
|-item|p2a: Latios|Leftovers|[from] move: Trick
|
|-heal|p2a: Latios|282\/301|[from] item: Leftovers
|turn|45
|
|move|p2a: Latios|Defog|p1a: Bronzong
|-unboost|p1a: Bronzong|evasion|1
|-sideend|p1: Kioskate|Stealth Rock|[from] move: Defog|[of] p1a: Bronzong
|-sideend|p2: allMightySosa|Stealth Rock|[from] move: Defog|[of] p2a: Latios
|move|p1a: Bronzong|Toxic|p2a: Latios
|-status|p2a: Latios|tox
|
|-heal|p2a: Latios|300\/301 tox|[from] item: Leftovers
|-damage|p2a: Latios|282\/301 tox|[from] psn
|turn|46
|
|switch|p2a: Bisharp|Bisharp, M|121\/272
|switch|p1a: Chansey|Chansey, F|703\/703
|
|turn|47
|
|switch|p1a: Sableye|Sableye, M|217\/303
|move|p2a: Bisharp|Knock Off|p1a: Sableye
|-damage|p1a: Sableye|106\/303
|
|turn|48
|
|move|p1a: Sableye|Recover|p1a: Sableye
|-heal|p1a: Sableye|258\/303
|move|p2a: Bisharp|Iron Head|p1a: Sableye
|-damage|p1a: Sableye|143\/303
|
|turn|49
|
|switch|p2a: Heatran|Heatran, F|211\/337
|-item|p2a: Heatran|Air Balloon
|move|p1a: Sableye|Recover|p1a: Sableye
|-heal|p1a: Sableye|295\/303
|
|turn|50
|
|detailschange|p1a: Sableye|Sableye-Mega, M
|-mega|p1a: Sableye|Sableye|Sablenite
|move|p2a: Heatran|Taunt|p1a: Sableye
|move|p1a: Sableye|Taunt|p2a: Heatran|[from]Magic Bounce
|-start|p2a: Heatran|move: Taunt
|move|p1a: Sableye|Knock Off|p2a: Heatran
|-damage|p2a: Heatran|114\/337
|-enditem|p2a: Heatran|Air Balloon
|
|turn|51
|
|switch|p1a: Chansey|Chansey, F|703\/703
|move|p2a: Heatran|Fire Blast|p1a: Chansey
|-damage|p1a: Chansey|577\/703
|-status|p1a: Chansey|brn
|
|-damage|p1a: Chansey|490\/703 brn|[from] brn
|turn|52
|
|switch|p2a: Bisharp|Bisharp, M|121\/272
|move|p1a: Chansey|Heal Bell|p1a: Chansey
|-cureteam|p1a: Chansey|[from] move: HealBell
|
|turn|53
|
|switch|p1a: Sableye|Sableye-Mega, M|295\/303
|move|p2a: Bisharp|Swords Dance|p2a: Bisharp
|-boost|p2a: Bisharp|atk|2
|
|turn|54
|
|move|p2a: Bisharp|Iron Head|p1a: Sableye
|-damage|p1a: Sableye|120\/303
|move|p1a: Sableye|Will-O-Wisp|p2a: Bisharp
|-status|p2a: Bisharp|brn
|
|-damage|p2a: Bisharp|87\/272 brn|[from] brn
|turn|55
|
|move|p2a: Bisharp|Iron Head|p1a: Sableye
|-damage|p1a: Sableye|36\/303
|move|p1a: Sableye|Recover|p1a: Sableye
|-heal|p1a: Sableye|188\/303
|
|-damage|p2a: Bisharp|53\/272 brn|[from] brn
|turn|56
|
|switch|p2a: Heatran|Heatran, F|114\/337
|move|p1a: Sableye|Recover|p1a: Sableye
|-heal|p1a: Sableye|303\/303
|
|turn|57
|
|switch|p1a: Chansey|Chansey, F|490\/703
|move|p2a: Heatran|Fire Blast|p1a: Chansey
|-damage|p1a: Chansey|348\/703
|
|turn|58
|
|move|p2a: Heatran|Fire Blast|p1a: Chansey
|-damage|p1a: Chansey|204\/703
|-status|p1a: Chansey|brn
|move|p1a: Chansey|Soft-Boiled|p1a: Chansey
|-heal|p1a: Chansey|556\/703 brn
|
|-damage|p1a: Chansey|469\/703 brn|[from] brn
|turn|59
|
|switch|p1a: Sableye|Sableye-Mega, M|303\/303
|move|p2a: Heatran|Taunt|p1a: Sableye
|move|p1a: Sableye|Taunt|p2a: Heatran|[from]Magic Bounce
|-start|p2a: Heatran|move: Taunt
|
|turn|60
|
|switch|p1a: Chansey|Chansey, F|469\/703
|move|p2a: Heatran|Fire Blast|p1a: Chansey|[miss]
|-miss|p2a: Heatran|p1a: Chansey
|
|turn|61
|
|switch|p2a: Latios|Latios, M, shiny|282\/301 tox
|move|p1a: Chansey|Seismic Toss|p2a: Latios
|-damage|p2a: Latios|182\/301 tox
|
|-heal|p2a: Latios|200\/301 tox|[from] item: Leftovers
|-damage|p2a: Latios|182\/301 tox|[from] psn
|turn|62
|
|switch|p1a: Bronzong|Bronzong|237\/337
|move|p2a: Latios|Psyshock|p1a: Bronzong
|-resisted|p1a: Bronzong
|-damage|p1a: Bronzong|208\/337
|
|-heal|p2a: Latios|200\/301 tox|[from] item: Leftovers
|-damage|p2a: Latios|164\/301 tox|[from] psn
|turn|63
|c|âallMightySosa|gg fuck this i dont have wall breakers
|-message|allMightySosa forfeited.
|leave|allMightySosa
|
|win|Kioskate
|raw|Ladder updating...
|player|p2
|raw|Kioskate's rating: 1532 &rarr; <strong>1547<\/strong><br \/>(+15 for winning)
|raw|allMightySosa's rating: 1453 &rarr; <strong>1437<\/strong><br \/>(-16 for losing)