|join|foncused
|join|Kioskate
|player|p1|foncused|170
|player|p2|Kioskate|169
|gametype|singles
|gen|6
|tier|OU
|rated
|clearpoke
|poke|p1|Heracross, F
|poke|p1|Lopunny, M
|poke|p1|Infernape, M
|poke|p1|Latios, M
|poke|p1|Raikou
|poke|p1|Landorus-Therian, M
|poke|p2|Clefable, M
|poke|p2|Sableye, M
|poke|p2|Bronzong
|poke|p2|Gyarados, F
|poke|p2|Skarmory, M
|poke|p2|Chansey, F
|rule|Swagger Clause: Swagger is banned
|rule|Baton Pass Clause: Limit one PokÃ©mon knowing Baton Pass
|rule|Sleep Clause Mod: Limit one foe put to sleep
|rule|Species Clause: Limit one of each PokÃ©mon
|rule|OHKO Clause: OHKO moves are banned
|rule|Moody Clause: Moody is banned
|rule|Evasion Moves Clause: Evasion moves are banned
|rule|Endless Battle Clause: Forcing endless battles is banned
|rule|HP Percentage Mod: HP is shown in percentages
|teampreview
|
|start
|switch|p1a: Lopunny|Lopunny, M|271\/271
|switch|p2a: Gyarados|Gyarados, F|352\/352
|-ability|p2a: Gyarados|Intimidate|[of] p1a: Lopunny
|-unboost|p1a: Lopunny|atk|1
|turn|1
|
|detailschange|p1a: Lopunny|Lopunny-Mega, M
|-mega|p1a: Lopunny|Lopunny|Lopunnite
|move|p1a: Lopunny|Fake Out|p2a: Gyarados
|-damage|p2a: Gyarados|294\/352
|cant|p2a: Gyarados|flinch
|
|-heal|p2a: Gyarados|316\/352|[from] item: Leftovers
|turn|2
|
|switch|p1a: Raikou|Raikou|321\/321
|-ability|p1a: Raikou|Pressure
|move|p2a: Gyarados|Waterfall|p1a: Raikou
|-damage|p1a: Raikou|152\/321
|
|-heal|p2a: Gyarados|338\/352|[from] item: Leftovers
|turn|3
|
|switch|p2a: Chansey|Chansey, F|703\/703
|move|p1a: Raikou|Volt Switch|p2a: Chansey
|-damage|p2a: Chansey|630\/703
|
|switch|p1a: Heracross|Heracross, F|308\/308
|
|turn|4
|
|switch|p2a: Gyarados|Gyarados, F|338\/352
|-ability|p2a: Gyarados|Intimidate|[of] p1a: Heracross
|-unboost|p1a: Heracross|atk|1
|move|p1a: Heracross|Knock Off|p2a: Gyarados
|-damage|p2a: Gyarados|214\/352
|-enditem|p2a: Gyarados|Leftovers|[from] move: Knock Off|[of] p1a: Heracross
|
|turn|5
|
|switch|p1a: Latios|Latios, M|301\/301
|move|p2a: Gyarados|Waterfall|p1a: Latios
|-crit|p1a: Latios
|-resisted|p1a: Latios
|-damage|p1a: Latios|199\/301
|
|turn|6
|
|switch|p2a: Bronzong|Bronzong|337\/337
|move|p1a: Latios|Psyshock|p2a: Bronzong
|-resisted|p2a: Bronzong
|-damage|p2a: Bronzong|298\/337
|-damage|p1a: Latios|169\/301|[from] item: Life Orb
|
|-heal|p2a: Bronzong|319\/337|[from] item: Leftovers
|turn|7
|
|switch|p1a: Infernape|Infernape, M|293\/293
|move|p2a: Bronzong|Toxic|p1a: Infernape|[miss]
|-miss|p2a: Bronzong|p1a: Infernape
|
|-heal|p2a: Bronzong|337\/337|[from] item: Leftovers
|turn|8
|
|switch|p2a: Gyarados|Gyarados, F|214\/352
|-ability|p2a: Gyarados|Intimidate|[of] p1a: Infernape
|-unboost|p1a: Infernape|atk|1
|move|p1a: Infernape|Flamethrower|p2a: Gyarados
|-resisted|p2a: Gyarados
|-damage|p2a: Gyarados|167\/352
|
|turn|9
|
|switch|p1a: Latios|Latios, M|169\/301
|switch|p2a: Sableye|Sableye, M|303\/303
|
|turn|10
|
|switch|p1a: Heracross|Heracross, F|308\/308
|switch|p2a: Bronzong|Bronzong|337\/337
|
|turn|11
|leave|Kioskate
|
|switch|p2a: Skarmory|Skarmory, M|333\/333
|move|p1a: Heracross|Megahorn|p2a: Skarmory
|-resisted|p2a: Skarmory
|-damage|p2a: Skarmory|284\/333
|
|turn|12
|player|p2
|join|Kioskate
|player|p2|Kioskate|169
|
|switch|p1a: Raikou|Raikou|152\/321
|-ability|p1a: Raikou|Pressure
|move|p2a: Skarmory|Whirlwind|p1a: Raikou
|drag|p1a: Latios|Latios, M|169\/301
|
|turn|13
|
|switch|p2a: Chansey|Chansey, F|630\/703
|move|p1a: Latios|Roost|p1a: Latios
|-heal|p1a: Latios|301\/301
|
|turn|14
|
|switch|p1a: Heracross|Heracross, F|308\/308
|move|p2a: Chansey|Wish|p2a: Chansey
|
|turn|15
|
|switch|p1a: Raikou|Raikou|152\/321
|-ability|p1a: Raikou|Pressure
|switch|p2a: Gyarados|Gyarados, F|167\/352
|-ability|p2a: Gyarados|Intimidate|[of] p1a: Raikou
|-unboost|p1a: Raikou|atk|1
|
|-heal|p2a: Gyarados|352\/352|[from] move: Wish|[wisher] Chansey
|turn|16
|
|switch|p2a: Chansey|Chansey, F|630\/703
|move|p1a: Raikou|Volt Switch|p2a: Chansey
|-damage|p2a: Chansey|552\/703
|
|switch|p1a: Landorus-Therian|Landorus-Therian, M|319\/319
|-ability|p1a: Landorus-Therian|Intimidate|[of] p2a: Chansey
|-unboost|p2a: Chansey|atk|1
|
|turn|17
|
|switch|p2a: Sableye|Sableye, M|303\/303
|move|p1a: Landorus-Therian|U-turn|p2a: Sableye
|-damage|p2a: Sableye|224\/303
|
|switch|p1a: Heracross|Heracross, F|308\/308
|
|turn|18
|
|switch|p2a: Gyarados|Gyarados, F|352\/352
|-ability|p2a: Gyarados|Intimidate|[of] p1a: Heracross
|-unboost|p1a: Heracross|atk|1
|move|p1a: Heracross|Megahorn|p2a: Gyarados
|-resisted|p2a: Gyarados
|-damage|p2a: Gyarados|224\/352
|
|turn|19
|
|switch|p1a: Latios|Latios, M|301\/301
|move|p2a: Gyarados|Waterfall|p1a: Latios
|-resisted|p1a: Latios
|-damage|p1a: Latios|230\/301
|
|turn|20
|
|switch|p1a: Infernape|Infernape, M|293\/293
|switch|p2a: Bronzong|Bronzong|337\/337
|
|turn|21
|
|switch|p2a: Clefable|Clefable, M|393\/393
|move|p1a: Infernape|Stealth Rock|p2a: Clefable
|-sidestart|p2: Kioskate|move: Stealth Rock
|
|turn|22
|
|move|p1a: Infernape|Flamethrower|p2a: Clefable
|-damage|p2a: Clefable|312\/393
|-status|p2a: Clefable|brn
|move|p2a: Clefable|Moonblast|p1a: Infernape
|-damage|p1a: Infernape|149\/293
|-unboost|p1a: Infernape|spa|1
|
|-heal|p2a: Clefable|336\/393 brn|[from] item: Leftovers
|-damage|p2a: Clefable|287\/393 brn|[from] brn
|turn|23
|
|switch|p1a: Landorus-Therian|Landorus-Therian, M|319\/319
|-ability|p1a: Landorus-Therian|Intimidate|[of] p2a: Clefable
|-unboost|p2a: Clefable|atk|1
|switch|p2a: Sableye|Sableye, M|224\/303
|-damage|p2a: Sableye|187\/303|[from] Stealth Rock
|
|turn|24
|
|switch|p1a: Heracross|Heracross, F|308\/308
|detailschange|p2a: Sableye|Sableye-Mega, M
|-mega|p2a: Sableye|Sableye|Sablenite
|move|p2a: Sableye|Knock Off|p1a: Heracross
|-resisted|p1a: Heracross
|-damage|p1a: Heracross|242\/308
|-enditem|p1a: Heracross|Choice Band|[from] move: Knock Off|[of] p2a: Sableye
|
|turn|25
|
|move|p1a: Heracross|Megahorn|p2a: Sableye|[miss]
|-miss|p1a: Heracross|p2a: Sableye
|move|p2a: Sableye|Recover|p2a: Sableye
|-heal|p2a: Sableye|303\/303
|
|turn|26
|
|switch|p2a: Skarmory|Skarmory, M|284\/333
|-damage|p2a: Skarmory|243\/333|[from] Stealth Rock
|move|p1a: Heracross|Megahorn|p2a: Skarmory|[miss]
|-miss|p1a: Heracross|p2a: Skarmory
|
|turn|27
|
|move|p1a: Heracross|Close Combat|p2a: Skarmory
|-damage|p2a: Skarmory|117\/333
|-unboost|p1a: Heracross|def|1
|-unboost|p1a: Heracross|spd|1
|move|p2a: Skarmory|Defog|p1a: Heracross
|-unboost|p1a: Heracross|evasion|1
|-sideend|p2: Kioskate|Stealth Rock|[from] move: Defog|[of] p2a: Skarmory
|
|turn|28
|
|switch|p2a: Gyarados|Gyarados, F|224\/352
|-ability|p2a: Gyarados|Intimidate|[of] p1a: Heracross
|-unboost|p1a: Heracross|atk|1
|move|p1a: Heracross|Close Combat|p2a: Gyarados
|-resisted|p2a: Gyarados
|-damage|p2a: Gyarados|142\/352
|-unboost|p1a: Heracross|def|1
|-unboost|p1a: Heracross|spd|1
|
|turn|29
|
|switch|p1a: Latios|Latios, M|230\/301
|move|p2a: Gyarados|Rest|p2a: Gyarados
|-status|p2a: Gyarados|slp
|-heal|p2a: Gyarados|352\/352 slp|[silent]
|-status|p2a: Gyarados|slp|[from] move: Rest
|
|turn|30
|
|switch|p2a: Chansey|Chansey, F|552\/703
|move|p1a: Latios|Psyshock|p2a: Chansey
|-damage|p2a: Chansey|305\/703
|-damage|p1a: Latios|200\/301|[from] item: Life Orb
|
|turn|31
|
|switch|p1a: Infernape|Infernape, M|149\/293
|move|p2a: Chansey|Soft-Boiled|p2a: Chansey
|-heal|p2a: Chansey|657\/703
|
|turn|32
|
|switch|p2a: Sableye|Sableye-Mega, M|303\/303
|move|p1a: Infernape|Flamethrower|p2a: Sableye
|-damage|p2a: Sableye|204\/303
|
|turn|33
|
|move|p1a: Infernape|Flamethrower|p2a: Sableye
|-crit|p2a: Sableye
|-damage|p2a: Sableye|48\/303
|move|p2a: Sableye|Recover|p2a: Sableye
|-heal|p2a: Sableye|200\/303
|
|turn|34
|
|switch|p1a: Lopunny|Lopunny-Mega, M|271\/271
|move|p2a: Sableye|Recover|p2a: Sableye
|-heal|p2a: Sableye|303\/303
|
|turn|35
|
|switch|p2a: Gyarados|Gyarados, F|352\/352 slp
|-ability|p2a: Gyarados|Intimidate|[of] p1a: Lopunny
|-unboost|p1a: Lopunny|atk|1
|move|p1a: Lopunny|High Jump Kick|p2a: Gyarados
|-resisted|p2a: Gyarados
|-damage|p2a: Gyarados|259\/352 slp
|
|turn|36
|
|switch|p1a: Latios|Latios, M|200\/301
|cant|p2a: Gyarados|slp
|move|p2a: Gyarados|Sleep Talk|p2a: Gyarados
|move|p2a: Gyarados|Rest|p2a: Gyarados|[from]Sleep Talk
|-fail|p2a: Gyarados
|
|turn|37
|
|switch|p2a: Chansey|Chansey, F|657\/703
|move|p1a: Latios|Roost|p1a: Latios
|-heal|p1a: Latios|301\/301
|
|turn|38
|
|switch|p1a: Heracross|Heracross, F|242\/308
|move|p2a: Chansey|Wish|p2a: Chansey
|
|turn|39
|
|switch|p2a: Skarmory|Skarmory, M|117\/333
|move|p1a: Heracross|Close Combat|p2a: Skarmory
|-damage|p2a: Skarmory|0 fnt
|-unboost|p1a: Heracross|def|1
|-unboost|p1a: Heracross|spd|1
|faint|p2a: Skarmory
|
|
|switch|p2a: Sableye|Sableye-Mega, M|303\/303
|turn|40
|
|move|p1a: Heracross|Megahorn|p2a: Sableye
|-crit|p2a: Sableye
|-damage|p2a: Sableye|89\/303
|move|p2a: Sableye|Foul Play|p1a: Heracross
|-resisted|p1a: Heracross
|-damage|p1a: Heracross|62\/308
|
|turn|41
|
|switch|p1a: Raikou|Raikou|152\/321
|-ability|p1a: Raikou|Pressure
|move|p2a: Sableye|Recover|p2a: Sableye
|-heal|p2a: Sableye|241\/303
|
|turn|42
|
|move|p1a: Raikou|Volt Switch|p2a: Sableye
|-damage|p2a: Sableye|138\/303
|
|switch|p1a: Heracross|Heracross, F|62\/308
|move|p2a: Sableye|Recover|p2a: Sableye
|-heal|p2a: Sableye|290\/303
|
|turn|43
|
|move|p1a: Heracross|Megahorn|p2a: Sableye|[miss]
|-miss|p1a: Heracross|p2a: Sableye
|move|p2a: Sableye|Will-O-Wisp|p1a: Heracross
|-status|p1a: Heracross|brn
|
|-damage|p1a: Heracross|24\/308 brn|[from] brn
|turn|44
|
|move|p1a: Heracross|Megahorn|p2a: Sableye
|-damage|p2a: Sableye|86\/303
|move|p2a: Sableye|Recover|p2a: Sableye
|-heal|p2a: Sableye|238\/303
|
|-damage|p1a: Heracross|0 fnt|[from] brn
|faint|p1a: Heracross
|
|switch|p1a: Lopunny|Lopunny-Mega, M|271\/271
|turn|45
|
|move|p1a: Lopunny|Return|p2a: Sableye
|-damage|p2a: Sableye|115\/303
|move|p2a: Sableye|Will-O-Wisp|p1a: Lopunny
|-status|p1a: Lopunny|brn
|
|-damage|p1a: Lopunny|238\/271 brn|[from] brn
|turn|46
|
|switch|p2a: Gyarados|Gyarados, F|259\/352 slp
|-ability|p2a: Gyarados|Intimidate|[of] p1a: Lopunny
|-unboost|p1a: Lopunny|atk|1
|move|p1a: Lopunny|High Jump Kick|p2a: Gyarados
|-resisted|p2a: Gyarados
|-damage|p2a: Gyarados|218\/352 slp
|
|-damage|p1a: Lopunny|205\/271 brn|[from] brn
|turn|47
|
|move|p1a: Lopunny|Return|p2a: Gyarados
|-damage|p2a: Gyarados|149\/352 slp
|cant|p2a: Gyarados|slp
|move|p2a: Gyarados|Sleep Talk|p2a: Gyarados
|move|p2a: Gyarados|Dragon Dance|p2a: Gyarados|[from]Sleep Talk
|-boost|p2a: Gyarados|atk|1
|-boost|p2a: Gyarados|spe|1
|
|-damage|p1a: Lopunny|172\/271 brn|[from] brn
|turn|48
|
|switch|p1a: Raikou|Raikou|152\/321
|-ability|p1a: Raikou|Pressure
|-curestatus|p2a: Gyarados|slp
|move|p2a: Gyarados|Dragon Dance|p2a: Gyarados
|-boost|p2a: Gyarados|atk|1
|-boost|p2a: Gyarados|spe|1
|
|turn|49
|
|switch|p1a: Lopunny|Lopunny-Mega, M|172\/271 brn
|move|p2a: Gyarados|Waterfall|p1a: Lopunny
|-damage|p1a: Lopunny|0 fnt
|faint|p1a: Lopunny
|
|
|switch|p1a: Latios|Latios, M|301\/301
|turn|50
|
|switch|p2a: Bronzong|Bronzong|337\/337
|move|p1a: Latios|Psyshock|p2a: Bronzong
|-resisted|p2a: Bronzong
|-damage|p2a: Bronzong|294\/337
|-damage|p1a: Latios|271\/301|[from] item: Life Orb
|
|-heal|p2a: Bronzong|315\/337|[from] item: Leftovers
|turn|51
|
|switch|p1a: Infernape|Infernape, M|149\/293
|move|p2a: Bronzong|Toxic|p1a: Infernape
|-status|p1a: Infernape|tox
|
|-heal|p2a: Bronzong|336\/337|[from] item: Leftovers
|-damage|p1a: Infernape|131\/293 tox|[from] psn
|turn|52
|
|switch|p2a: Sableye|Sableye-Mega, M|115\/303
|move|p1a: Infernape|Flamethrower|p2a: Sableye
|-damage|p2a: Sableye|10\/303
|
|-damage|p1a: Infernape|95\/293 tox|[from] psn
|turn|53
|
|switch|p2a: Chansey|Chansey, F|657\/703
|move|p1a: Infernape|Flamethrower|p2a: Chansey
|-damage|p2a: Chansey|584\/703
|
|-damage|p1a: Infernape|41\/293 tox|[from] psn
|turn|54
|
|switch|p2a: Sableye|Sableye-Mega, M|10\/303
|move|p1a: Infernape|Stealth Rock|p2a: Sableye
|move|p2a: Sableye|Stealth Rock|p1a: Infernape|[from]Magic Bounce
|-sidestart|p1: foncused|move: Stealth Rock
|
|-damage|p1a: Infernape|0 fnt|[from] psn
|faint|p1a: Infernape
|
|switch|p1a: Raikou|Raikou|152\/321
|-damage|p1a: Raikou|112\/321|[from] Stealth Rock
|-ability|p1a: Raikou|Pressure
|turn|55
|
|move|p1a: Raikou|Volt Switch|p2a: Sableye
|-damage|p2a: Sableye|0 fnt
|faint|p2a: Sableye
|
|switch|p1a: Latios|Latios, M|271\/301
|-damage|p1a: Latios|234\/301|[from] Stealth Rock
|
|
|switch|p2a: Chansey|Chansey, F|584\/703
|turn|56
|
|move|p1a: Latios|Defog|p2a: Chansey
|-unboost|p2a: Chansey|evasion|1
|-sideend|p1: foncused|Stealth Rock|[from] move: Defog|[of] p1a: Latios
|move|p2a: Chansey|Wish|p2a: Chansey
|
|turn|57
|
|move|p1a: Latios|Psyshock|p2a: Chansey
|-damage|p2a: Chansey|350\/703
|-damage|p1a: Latios|204\/301|[from] item: Life Orb
|move|p2a: Chansey|Seismic Toss|p1a: Latios
|-damage|p1a: Latios|104\/301
|
|-heal|p2a: Chansey|701\/703|[from] move: Wish|[wisher] Chansey
|turn|58
|
|move|p1a: Latios|Roost|p1a: Latios
|-heal|p1a: Latios|255\/301
|move|p2a: Chansey|Wish|p2a: Chansey
|
|turn|59
|
|move|p1a: Latios|Psyshock|p2a: Chansey
|-damage|p2a: Chansey|455\/703
|-damage|p1a: Latios|225\/301|[from] item: Life Orb
|move|p2a: Chansey|Seismic Toss|p1a: Latios
|-damage|p1a: Latios|125\/301
|
|-heal|p2a: Chansey|703\/703|[from] move: Wish|[wisher] Chansey
|turn|60
|
|switch|p1a: Landorus-Therian|Landorus-Therian, M|319\/319
|-ability|p1a: Landorus-Therian|Intimidate|[of] p2a: Chansey
|-unboost|p2a: Chansey|atk|1
|switch|p2a: Bronzong|Bronzong|336\/337
|
|-heal|p2a: Bronzong|337\/337|[from] item: Leftovers
|turn|61
|
|move|p1a: Landorus-Therian|Knock Off|p2a: Bronzong
|-crit|p2a: Bronzong
|-supereffective|p2a: Bronzong
|-damage|p2a: Bronzong|0 fnt
|-enditem|p2a: Bronzong|Leftovers|[from] move: Knock Off|[of] p1a: Landorus-Therian
|faint|p2a: Bronzong
|
|
|switch|p2a: Gyarados|Gyarados, F|149\/352
|-ability|p2a: Gyarados|Intimidate|[of] p1a: Landorus-Therian
|-unboost|p1a: Landorus-Therian|atk|1
|turn|62
|
|switch|p1a: Latios|Latios, M|125\/301
|move|p2a: Gyarados|Rest|p2a: Gyarados
|-status|p2a: Gyarados|slp
|-heal|p2a: Gyarados|352\/352 slp|[silent]
|-status|p2a: Gyarados|slp|[from] move: Rest
|
|turn|63
|
|switch|p2a: Chansey|Chansey, F|703\/703
|move|p1a: Latios|Roost|p1a: Latios
|-heal|p1a: Latios|276\/301
|
|turn|64
|
|move|p1a: Latios|Psyshock|p2a: Chansey
|-damage|p2a: Chansey|448\/703
|-damage|p1a: Latios|246\/301|[from] item: Life Orb
|move|p2a: Chansey|Heal Bell|p2a: Chansey
|-cureteam|p2a: Chansey|[from] move: HealBell
|
|turn|65
|
|switch|p1a: Landorus-Therian|Landorus-Therian, M|319\/319
|-ability|p1a: Landorus-Therian|Intimidate|[of] p2a: Chansey
|-unboost|p2a: Chansey|atk|1
|move|p2a: Chansey|Soft-Boiled|p2a: Chansey
|-heal|p2a: Chansey|703\/703
|
|turn|66
|
|switch|p2a: Gyarados|Gyarados, F|352\/352
|-ability|p2a: Gyarados|Intimidate|[of] p1a: Landorus-Therian
|-unboost|p1a: Landorus-Therian|atk|1
|move|p1a: Landorus-Therian|Stone Edge|p2a: Gyarados
|-supereffective|p2a: Gyarados
|-damage|p2a: Gyarados|174\/352
|
|turn|67
|
|switch|p2a: Chansey|Chansey, F|703\/703
|move|p1a: Landorus-Therian|Stone Edge|p2a: Chansey
|-damage|p2a: Chansey|583\/703
|
|turn|68
|
|switch|p1a: Latios|Latios, M|246\/301
|move|p2a: Chansey|Wish|p2a: Chansey
|
|turn|69
|
|switch|p2a: Gyarados|Gyarados, F|174\/352
|-ability|p2a: Gyarados|Intimidate|[of] p1a: Latios
|-unboost|p1a: Latios|atk|1
|move|p1a: Latios|Draco Meteor|p2a: Gyarados
|-crit|p2a: Gyarados
|-damage|p2a: Gyarados|0 fnt
|-unboost|p1a: Latios|spa|2
|-damage|p1a: Latios|216\/301|[from] item: Life Orb
|faint|p2a: Gyarados
|
|
|switch|p2a: Clefable|Clefable, M|287\/393
|turn|70
|
|switch|p1a: Landorus-Therian|Landorus-Therian, M|319\/319
|-ability|p1a: Landorus-Therian|Intimidate|[of] p2a: Clefable
|-unboost|p2a: Clefable|atk|1
|move|p2a: Clefable|Moonblast|p1a: Landorus-Therian
|-damage|p1a: Landorus-Therian|201\/319
|
|-heal|p2a: Clefable|311\/393|[from] item: Leftovers
|turn|71
|
|move|p2a: Clefable|Protect|p2a: Clefable
|-singleturn|p2a: Clefable|Protect
|move|p1a: Landorus-Therian|Knock Off|p2a: Clefable
|-activate|p2a: Clefable|Protect
|
|-heal|p2a: Clefable|335\/393|[from] item: Leftovers
|turn|72
|
|move|p1a: Landorus-Therian|Knock Off|p2a: Clefable
|-resisted|p2a: Clefable
|-damage|p2a: Clefable|252\/393
|-enditem|p2a: Clefable|Leftovers|[from] move: Knock Off|[of] p1a: Landorus-Therian
|move|p2a: Clefable|Moonblast|p1a: Landorus-Therian
|-damage|p1a: Landorus-Therian|78\/319
|
|turn|73
|
|switch|p1a: Raikou|Raikou|112\/321
|-ability|p1a: Raikou|Pressure
|move|p2a: Clefable|Wish|p2a: Clefable
|
|turn|74
|leave|Kioskate
|player|p2
|join|Kioskate
|player|p2|Kioskate|169
|
|move|p1a: Raikou|Thunderbolt|p2a: Clefable
|-crit|p2a: Clefable
|-damage|p2a: Clefable|77\/393
|move|p2a: Clefable|Moonblast|p1a: Raikou
|-damage|p1a: Raikou|37\/321
|
|-heal|p2a: Clefable|273\/393|[from] move: Wish|[wisher] Clefable
|turn|75
|
|move|p1a: Raikou|Thunderbolt|p2a: Clefable
|-damage|p2a: Clefable|168\/393
|move|p2a: Clefable|Wish|p2a: Clefable
|
|turn|76
|
|move|p1a: Raikou|Thunderbolt|p2a: Clefable
|-damage|p2a: Clefable|48\/393
|move|p2a: Clefable|Calm Mind|p2a: Clefable
|-boost|p2a: Clefable|spa|1
|-boost|p2a: Clefable|spd|1
|
|-heal|p2a: Clefable|244\/393|[from] move: Wish|[wisher] Clefable
|turn|77
|
|move|p1a: Raikou|Thunderbolt|p2a: Clefable
|-damage|p2a: Clefable|169\/393
|move|p2a: Clefable|Wish|p2a: Clefable
|
|turn|78
|
|move|p2a: Clefable|Protect|p2a: Clefable
|-singleturn|p2a: Clefable|Protect
|move|p1a: Raikou|Thunderbolt|p2a: Clefable
|-activate|p2a: Clefable|Protect
|
|-heal|p2a: Clefable|365\/393|[from] move: Wish|[wisher] Clefable
|turn|79
|
|switch|p1a: Landorus-Therian|Landorus-Therian, M|78\/319
|-ability|p1a: Landorus-Therian|Intimidate|[of] p2a: Clefable
|-unboost|p2a: Clefable|atk|1
|move|p2a: Clefable|Wish|p2a: Clefable
|
|turn|80
|
|switch|p1a: Raikou|Raikou|37\/321
|-ability|p1a: Raikou|Pressure
|move|p2a: Clefable|Moonblast|p1a: Raikou
|-damage|p1a: Raikou|0 fnt
|faint|p1a: Raikou
|
|-heal|p2a: Clefable|393\/393|[from] move: Wish|[wisher] Clefable
|
|switch|p1a: Landorus-Therian|Landorus-Therian, M|78\/319
|-ability|p1a: Landorus-Therian|Intimidate|[of] p2a: Clefable
|-unboost|p2a: Clefable|atk|1
|turn|81
|
|move|p2a: Clefable|Protect|p2a: Clefable
|-singleturn|p2a: Clefable|Protect
|move|p1a: Landorus-Therian|Earthquake|p2a: Clefable
|-activate|p2a: Clefable|Protect
|
|turn|82
|
|move|p1a: Landorus-Therian|Earthquake|p2a: Clefable
|-damage|p2a: Clefable|134\/393
|move|p2a: Clefable|Moonblast|p1a: Landorus-Therian
|-damage|p1a: Landorus-Therian|0 fnt
|faint|p1a: Landorus-Therian
|
|
|switch|p1a: Latios|Latios, M|216\/301
|turn|83
|
|move|p2a: Clefable|Protect|p2a: Clefable
|-singleturn|p2a: Clefable|Protect
|move|p1a: Latios|Psyshock|p2a: Clefable
|-activate|p2a: Clefable|Protect
|
|turn|84
|
|move|p1a: Latios|Psyshock|p2a: Clefable
|-damage|p2a: Clefable|0 fnt
|-damage|p1a: Latios|186\/301|[from] item: Life Orb
|faint|p2a: Clefable
|
|
|switch|p2a: Chansey|Chansey, F|583\/703
|turn|85
|
|move|p1a: Latios|Defog|p2a: Chansey
|-unboost|p2a: Chansey|evasion|1
|move|p2a: Chansey|Seismic Toss|p1a: Latios
|-damage|p1a: Latios|86\/301
|
|turn|86
|
|move|p1a: Latios|Roost|p1a: Latios
|-heal|p1a: Latios|237\/301
|move|p2a: Chansey|Seismic Toss|p1a: Latios
|-damage|p1a: Latios|137\/301
|
|turn|87
|
|move|p1a: Latios|Roost|p1a: Latios
|-heal|p1a: Latios|288\/301
|move|p2a: Chansey|Seismic Toss|p1a: Latios
|-damage|p1a: Latios|188\/301
|
|turn|88
|
|move|p1a: Latios|Psyshock|p2a: Chansey
|-damage|p2a: Chansey|320\/703
|-damage|p1a: Latios|158\/301|[from] item: Life Orb
|move|p2a: Chansey|Seismic Toss|p1a: Latios
|-damage|p1a: Latios|58\/301
|
|turn|89
|
|move|p1a: Latios|Roost|p1a: Latios
|-heal|p1a: Latios|209\/301
|move|p2a: Chansey|Seismic Toss|p1a: Latios
|-damage|p1a: Latios|109\/301
|
|turn|90
|
|move|p1a: Latios|Psyshock|p2a: Chansey
|-crit|p2a: Chansey
|-damage|p2a: Chansey|0 fnt
|-damage|p1a: Latios|79\/301|[from] item: Life Orb
|faint|p2a: Chansey
|
|win|foncused
|raw|Ladder updating...
|raw|foncused's rating: 1462 &rarr; <strong>1484<\/strong><br \/>(+22 for winning)
|raw|Kioskate's rating: 1487 &rarr; <strong>1466<\/strong><br \/>(-21 for losing)
|c|âKioskate|lame
|leave|Kioskate
|c|âfoncused|lol
|player|p2