|join|Nachbar Wang
|join|Kioskate
|player|p1|Nachbar Wang|146
|player|p2|Kioskate|169
|gametype|singles
|gen|6
|tier|OU
|rated
|clearpoke
|poke|p1|Scizor, M
|poke|p1|Keldeo
|poke|p1|Breloom, M
|poke|p1|Latias, F
|poke|p1|Landorus-Therian, M
|poke|p1|Jirachi, shiny
|poke|p2|Gothitelle, F
|poke|p2|Sableye, F
|poke|p2|Bronzong
|poke|p2|Chesnaught, M
|poke|p2|Skarmory, F
|poke|p2|Chansey, F
|rule|Swagger Clause: Swagger is banned
|rule|Baton Pass Clause: Limit one PokÃ©mon knowing Baton Pass
|rule|Sleep Clause Mod: Limit one foe put to sleep
|rule|Species Clause: Limit one of each PokÃ©mon
|rule|OHKO Clause: OHKO moves are banned
|rule|Moody Clause: Moody is banned
|rule|Evasion Moves Clause: Evasion moves are banned
|rule|Endless Battle Clause: Forcing endless battles is banned
|rule|HP Percentage Mod: HP is shown in percentages
|teampreview
|
|start
|switch|p1a: Keldeo|Keldeo|323\/323
|switch|p2a: Sableye|Sableye, F|303\/303
|turn|1
|
|switch|p2a: Chesnaught|Chesnaught, M|379\/379
|move|p1a: Keldeo|Hydro Pump|p2a: Chesnaught
|-resisted|p2a: Chesnaught
|-damage|p2a: Chesnaught|193\/379
|
|-heal|p2a: Chesnaught|216\/379|[from] item: Leftovers
|turn|2
|leave|Kioskate
|player|p2
|join|Kioskate
|player|p2|Kioskate|169
|
|switch|p1a: Scizor|Scizor, M|287\/287
|move|p2a: Chesnaught|Drain Punch|p1a: Scizor
|-damage|p1a: Scizor|187\/287
|-heal|p2a: Chesnaught|266\/379|[from] drain|[of] p1a: Scizor
|
|-heal|p2a: Chesnaught|289\/379|[from] item: Leftovers
|turn|3
|
|switch|p2a: Skarmory|Skarmory, F|333\/333
|detailschange|p1a: Scizor|Scizor-Mega, M
|-mega|p1a: Scizor|Scizor|Scizorite
|move|p1a: Scizor|Bug Bite|p2a: Skarmory
|-resisted|p2a: Skarmory
|-damage|p2a: Skarmory|305\/333
|
|turn|4
|
|switch|p1a: Latias|Latias, F|301\/301
|move|p2a: Skarmory|Counter|p1a: Latias
|-fail|p1a: Latias
|
|turn|5
|
|switch|p2a: Gothitelle|Gothitelle, F|344\/344
|move|p1a: Latias|Thunderbolt|p2a: Gothitelle
|-damage|p2a: Gothitelle|263\/344
|-damage|p1a: Latias|271\/301|[from] item: Life Orb
|
|turn|6
|
|move|p1a: Latias|Draco Meteor|p2a: Gothitelle
|-crit|p2a: Gothitelle
|-damage|p2a: Gothitelle|0 fnt
|-unboost|p1a: Latias|spa|2
|-damage|p1a: Latias|241\/301|[from] item: Life Orb
|faint|p2a: Gothitelle
|
|
|switch|p2a: Bronzong|Bronzong|337\/337
|turn|7
|
|switch|p1a: Landorus-Therian|Landorus-Therian, M|319\/319
|-ability|p1a: Landorus-Therian|Intimidate|[of] p2a: Bronzong
|-unboost|p2a: Bronzong|atk|1
|move|p2a: Bronzong|Toxic|p1a: Landorus-Therian
|-status|p1a: Landorus-Therian|tox
|
|-damage|p1a: Landorus-Therian|300\/319 tox|[from] psn
|turn|8
|
|move|p1a: Landorus-Therian|Knock Off|p2a: Bronzong
|-supereffective|p2a: Bronzong
|-damage|p2a: Bronzong|133\/337
|-enditem|p2a: Bronzong|Leftovers|[from] move: Knock Off|[of] p1a: Landorus-Therian
|move|p2a: Bronzong|Stealth Rock|p1a: Landorus-Therian
|-sidestart|p1: Nachbar Wang|move: Stealth Rock
|
|-damage|p1a: Landorus-Therian|262\/319 tox|[from] psn
|turn|9
|
|switch|p1a: Keldeo|Keldeo|323\/323
|-damage|p1a: Keldeo|303\/323|[from] Stealth Rock
|switch|p2a: Skarmory|Skarmory, F|305\/333
|
|turn|10
|
|switch|p2a: Chansey|Chansey, F|703\/703
|move|p1a: Keldeo|Hydro Pump|p2a: Chansey
|-damage|p2a: Chansey|523\/703
|
|turn|11
|
|switch|p1a: Scizor|Scizor-Mega, M|187\/287
|-damage|p1a: Scizor|152\/287|[from] Stealth Rock
|move|p2a: Chansey|Wish|p2a: Chansey
|
|turn|12
|
|switch|p2a: Bronzong|Bronzong|133\/337
|move|p1a: Scizor|Swords Dance|p1a: Scizor
|-boost|p1a: Scizor|atk|2
|
|-heal|p2a: Bronzong|337\/337|[from] move: Wish|[wisher] Chansey
|turn|13
|
|switch|p2a: Skarmory|Skarmory, F|305\/333
|move|p1a: Scizor|Bug Bite|p2a: Skarmory
|-resisted|p2a: Skarmory
|-damage|p2a: Skarmory|245\/333
|
|turn|14
|
|move|p1a: Scizor|Swords Dance|p1a: Scizor
|-boost|p1a: Scizor|atk|2
|move|p2a: Skarmory|Roost|p2a: Skarmory
|-heal|p2a: Skarmory|333\/333
|
|turn|15
|
|move|p1a: Scizor|Swords Dance|p1a: Scizor
|-boost|p1a: Scizor|atk|2
|move|p2a: Skarmory|Whirlwind|p1a: Scizor
|drag|p1a: Keldeo|Keldeo|303\/323
|-damage|p1a: Keldeo|283\/323|[from] Stealth Rock
|
|turn|16
|
|switch|p2a: Chesnaught|Chesnaught, M|289\/379
|move|p1a: Keldeo|Secret Sword|p2a: Chesnaught
|-damage|p2a: Chesnaught|156\/379
|
|-heal|p2a: Chesnaught|179\/379|[from] item: Leftovers
|turn|17
|
|switch|p1a: Jirachi|Jirachi, shiny|404\/404
|-damage|p1a: Jirachi|379\/404|[from] Stealth Rock
|move|p2a: Chesnaught|Leech Seed|p1a: Jirachi
|-start|p1a: Jirachi|move: Leech Seed
|
|-heal|p1a: Jirachi|404\/404|[from] item: Leftovers
|-heal|p2a: Chesnaught|202\/379|[from] item: Leftovers
|-damage|p1a: Jirachi|354\/404|[from] Leech Seed|[of] p2a: Chesnaught
|-heal|p2a: Chesnaught|252\/379|[silent]
|turn|18
|
|move|p2a: Chesnaught|Spiky Shield|p2a: Chesnaught
|-singleturn|p2a: Chesnaught|move: Protect
|move|p1a: Jirachi|U-turn|p2a: Chesnaught
|-activate|p2a: Chesnaught|move: Protect
|-damage|p1a: Jirachi|304\/404|[from] Spiky Shield|[of] p2a: Chesnaught
|
|-heal|p1a: Jirachi|329\/404|[from] item: Leftovers
|-heal|p2a: Chesnaught|275\/379|[from] item: Leftovers
|-damage|p1a: Jirachi|279\/404|[from] Leech Seed|[of] p2a: Chesnaught
|-heal|p2a: Chesnaught|325\/379|[silent]
|turn|19
|
|move|p1a: Jirachi|U-turn|p2a: Chesnaught
|-damage|p2a: Chesnaught|280\/379
|
|switch|p1a: Landorus-Therian|Landorus-Therian, M|262\/319 tox
|-damage|p1a: Landorus-Therian|223\/319 tox|[from] Stealth Rock
|-ability|p1a: Landorus-Therian|Intimidate|[of] p2a: Chesnaught
|-unboost|p2a: Chesnaught|atk|1
|move|p2a: Chesnaught|Drain Punch|p1a: Landorus-Therian
|-resisted|p1a: Landorus-Therian
|-damage|p1a: Landorus-Therian|193\/319 tox
|-heal|p2a: Chesnaught|295\/379|[from] drain|[of] p1a: Landorus-Therian
|
|-heal|p2a: Chesnaught|318\/379|[from] item: Leftovers
|-damage|p1a: Landorus-Therian|174\/319 tox|[from] psn
|turn|20
|
|switch|p1a: Latias|Latias, F|241\/301
|-damage|p1a: Latias|204\/301|[from] Stealth Rock
|switch|p2a: Sableye|Sableye, F|303\/303
|
|turn|21
|
|switch|p2a: Bronzong|Bronzong|337\/337
|move|p1a: Latias|Defog|p2a: Bronzong
|-unboost|p2a: Bronzong|evasion|1
|-sideend|p1: Nachbar Wang|Stealth Rock|[from] move: Defog|[of] p1a: Latias
|
|turn|22
|
|switch|p1a: Breloom|Breloom, M|261\/261
|move|p2a: Bronzong|Stealth Rock|p1a: Breloom
|-sidestart|p1: Nachbar Wang|move: Stealth Rock
|
|turn|23
|
|switch|p2a: Chesnaught|Chesnaught, M|318\/379
|move|p1a: Breloom|Rock Tomb|p2a: Chesnaught
|-resisted|p2a: Chesnaught
|-damage|p2a: Chesnaught|286\/379
|-unboost|p2a: Chesnaught|spe|1
|
|-heal|p2a: Chesnaught|309\/379|[from] item: Leftovers
|turn|24
|
|switch|p1a: Landorus-Therian|Landorus-Therian, M|174\/319 tox
|-damage|p1a: Landorus-Therian|135\/319 tox|[from] Stealth Rock
|-ability|p1a: Landorus-Therian|Intimidate|[of] p2a: Chesnaught
|-unboost|p2a: Chesnaught|atk|1
|move|p2a: Chesnaught|Leech Seed|p1a: Landorus-Therian
|-start|p1a: Landorus-Therian|move: Leech Seed
|
|-heal|p2a: Chesnaught|332\/379|[from] item: Leftovers
|-damage|p1a: Landorus-Therian|96\/319 tox|[from] Leech Seed|[of] p2a: Chesnaught
|-heal|p2a: Chesnaught|371\/379|[silent]
|-damage|p1a: Landorus-Therian|77\/319 tox|[from] psn
|turn|25
|
|switch|p1a: Latias|Latias, F|204\/301
|-damage|p1a: Latias|167\/301|[from] Stealth Rock
|move|p2a: Chesnaught|Spiky Shield|p2a: Chesnaught
|-fail|p2a: Chesnaught
|
|-heal|p2a: Chesnaught|379\/379|[from] item: Leftovers
|turn|26
|
|switch|p1a: Jirachi|Jirachi, shiny|279\/404
|-damage|p1a: Jirachi|254\/404|[from] Stealth Rock
|switch|p2a: Bronzong|Bronzong|337\/337
|
|-heal|p1a: Jirachi|279\/404|[from] item: Leftovers
|turn|27
|
|move|p1a: Jirachi|Stealth Rock|p2a: Bronzong
|-sidestart|p2: Kioskate|move: Stealth Rock
|move|p2a: Bronzong|Earthquake|p1a: Jirachi
|-supereffective|p1a: Jirachi
|-damage|p1a: Jirachi|135\/404
|
|-heal|p1a: Jirachi|160\/404|[from] item: Leftovers
|turn|28
|
|move|p1a: Jirachi|Fire Punch|p2a: Bronzong
|-supereffective|p2a: Bronzong
|-damage|p2a: Bronzong|187\/337
|move|p2a: Bronzong|Gyro Ball|p1a: Jirachi
|-resisted|p1a: Jirachi
|-damage|p1a: Jirachi|107\/404
|
|-heal|p1a: Jirachi|132\/404|[from] item: Leftovers
|turn|29
|
|switch|p2a: Sableye|Sableye, F|303\/303
|-damage|p2a: Sableye|266\/303|[from] Stealth Rock
|move|p1a: Jirachi|U-turn|p2a: Sableye
|-damage|p2a: Sableye|203\/303
|
|switch|p1a: Keldeo|Keldeo|283\/323
|-damage|p1a: Keldeo|263\/323|[from] Stealth Rock
|
|turn|30
|
|move|p2a: Sableye|Will-O-Wisp|p1a: Keldeo
|-status|p1a: Keldeo|brn
|move|p1a: Keldeo|Hydro Pump|p2a: Sableye
|-damage|p2a: Sableye|0 fnt
|faint|p2a: Sableye
|
|-damage|p1a: Keldeo|223\/323 brn|[from] brn
|
|switch|p2a: Chansey|Chansey, F|523\/703
|-damage|p2a: Chansey|436\/703|[from] Stealth Rock
|turn|31
|
|move|p1a: Keldeo|Hydro Pump|p2a: Chansey
|-damage|p2a: Chansey|250\/703
|move|p2a: Chansey|Seismic Toss|p1a: Keldeo
|-damage|p1a: Keldeo|123\/323 brn
|
|-damage|p1a: Keldeo|83\/323 brn|[from] brn
|turn|32
|
|switch|p1a: Scizor|Scizor-Mega, M|152\/287
|-damage|p1a: Scizor|117\/287|[from] Stealth Rock
|move|p2a: Chansey|Soft-Boiled|p2a: Chansey
|-heal|p2a: Chansey|602\/703
|
|turn|33
|
|switch|p2a: Skarmory|Skarmory, F|333\/333
|-damage|p2a: Skarmory|292\/333|[from] Stealth Rock
|move|p1a: Scizor|Superpower|p2a: Skarmory
|-damage|p2a: Skarmory|199\/333
|-unboost|p1a: Scizor|atk|1
|-unboost|p1a: Scizor|def|1
|
|turn|34
|
|move|p1a: Scizor|Swords Dance|p1a: Scizor
|-boost|p1a: Scizor|atk|2
|move|p2a: Skarmory|Roost|p2a: Skarmory
|-heal|p2a: Skarmory|333\/333
|
|turn|35
|
|move|p1a: Scizor|Superpower|p2a: Skarmory
|-damage|p2a: Skarmory|193\/333
|-unboost|p1a: Scizor|atk|1
|-unboost|p1a: Scizor|def|1
|move|p2a: Skarmory|Counter|p1a: Scizor
|-damage|p1a: Scizor|0 fnt
|faint|p1a: Scizor
|
|
|switch|p1a: Latias|Latias, F|167\/301
|-damage|p1a: Latias|130\/301|[from] Stealth Rock
|turn|36
|
|switch|p2a: Chansey|Chansey, F|602\/703
|-damage|p2a: Chansey|515\/703|[from] Stealth Rock
|move|p1a: Latias|Thunderbolt|p2a: Chansey
|-damage|p2a: Chansey|433\/703
|-damage|p1a: Latias|100\/301|[from] item: Life Orb
|
|turn|37
|
|switch|p1a: Breloom|Breloom, M|261\/261
|-damage|p1a: Breloom|245\/261|[from] Stealth Rock
|move|p2a: Chansey|Wish|p2a: Chansey
|
|turn|38
|
|switch|p2a: Chesnaught|Chesnaught, M|379\/379
|-damage|p2a: Chesnaught|356\/379|[from] Stealth Rock
|move|p1a: Breloom|Spore|p2a: Chesnaught
|-fail|p2a: Chesnaught
|
|-heal|p2a: Chesnaught|379\/379|[from] move: Wish|[wisher] Chansey
|turn|39
|
|switch|p1a: Jirachi|Jirachi, shiny|132\/404
|-damage|p1a: Jirachi|107\/404|[from] Stealth Rock
|move|p2a: Chesnaught|Drain Punch|p1a: Jirachi
|-damage|p1a: Jirachi|10\/404
|
|-heal|p1a: Jirachi|35\/404|[from] item: Leftovers
|turn|40
|
|move|p1a: Jirachi|Fire Punch|p2a: Chesnaught
|-supereffective|p2a: Chesnaught
|-damage|p2a: Chesnaught|269\/379
|move|p2a: Chesnaught|Drain Punch|p1a: Jirachi
|-damage|p1a: Jirachi|0 fnt
|-heal|p2a: Chesnaught|287\/379|[from] drain|[of] p1a: Jirachi
|faint|p1a: Jirachi
|
|-heal|p2a: Chesnaught|310\/379|[from] item: Leftovers
|
|switch|p1a: Breloom|Breloom, M|245\/261
|-damage|p1a: Breloom|229\/261|[from] Stealth Rock
|turn|41
|
|move|p1a: Breloom|Mach Punch|p2a: Chesnaught
|-damage|p2a: Chesnaught|247\/379
|move|p2a: Chesnaught|Drain Punch|p1a: Breloom
|-damage|p1a: Breloom|111\/261
|-heal|p2a: Chesnaught|306\/379|[from] drain|[of] p1a: Breloom
|
|-heal|p2a: Chesnaught|329\/379|[from] item: Leftovers
|turn|42
|
|move|p1a: Breloom|Mach Punch|p2a: Chesnaught
|-damage|p2a: Chesnaught|268\/379
|move|p2a: Chesnaught|Drain Punch|p1a: Breloom
|-damage|p1a: Breloom|3\/261
|-heal|p2a: Chesnaught|322\/379|[from] drain|[of] p1a: Breloom
|
|-heal|p2a: Chesnaught|345\/379|[from] item: Leftovers
|turn|43
|
|move|p1a: Breloom|Mach Punch|p2a: Chesnaught
|-damage|p2a: Chesnaught|275\/379
|move|p2a: Chesnaught|Drain Punch|p1a: Breloom
|-damage|p1a: Breloom|0 fnt
|-heal|p2a: Chesnaught|277\/379|[from] drain|[of] p1a: Breloom
|faint|p1a: Breloom
|
|-heal|p2a: Chesnaught|300\/379|[from] item: Leftovers
|
|switch|p1a: Landorus-Therian|Landorus-Therian, M|77\/319 tox
|-damage|p1a: Landorus-Therian|38\/319 tox|[from] Stealth Rock
|-ability|p1a: Landorus-Therian|Intimidate|[of] p2a: Chesnaught
|-unboost|p2a: Chesnaught|atk|1
|turn|44
|
|move|p1a: Landorus-Therian|Earthquake|p2a: Chesnaught
|-resisted|p2a: Chesnaught
|-damage|p2a: Chesnaught|240\/379
|move|p2a: Chesnaught|Drain Punch|p1a: Landorus-Therian
|-resisted|p1a: Landorus-Therian
|-damage|p1a: Landorus-Therian|8\/319 tox
|-heal|p2a: Chesnaught|255\/379|[from] drain|[of] p1a: Landorus-Therian
|
|-heal|p2a: Chesnaught|278\/379|[from] item: Leftovers
|-damage|p1a: Landorus-Therian|0 fnt|[from] psn
|faint|p1a: Landorus-Therian
|
|switch|p1a: Latias|Latias, F|100\/301
|-damage|p1a: Latias|63\/301|[from] Stealth Rock
|turn|45
|
|move|p2a: Chesnaught|Spiky Shield|p2a: Chesnaught
|-singleturn|p2a: Chesnaught|move: Protect
|move|p1a: Latias|Healing Wish|p1a: Latias
|faint|p1a: Latias
|
|-heal|p2a: Chesnaught|301\/379|[from] item: Leftovers
|
|switch|p1a: Keldeo|Keldeo|83\/323 brn
|-heal|p1a: Keldeo|323\/323|[from] move: Healing Wish
|-damage|p1a: Keldeo|303\/323|[from] Stealth Rock
|turn|46
|
|move|p1a: Keldeo|Secret Sword|p2a: Chesnaught
|-damage|p2a: Chesnaught|154\/379
|move|p2a: Chesnaught|Leech Seed|p1a: Keldeo|[miss]
|-miss|p2a: Chesnaught|p1a: Keldeo
|
|-heal|p2a: Chesnaught|177\/379|[from] item: Leftovers
|turn|47
|
|move|p1a: Keldeo|Secret Sword|p2a: Chesnaught
|-damage|p2a: Chesnaught|33\/379
|move|p2a: Chesnaught|Leech Seed|p1a: Keldeo
|-start|p1a: Keldeo|move: Leech Seed
|
|-heal|p2a: Chesnaught|56\/379|[from] item: Leftovers
|-damage|p1a: Keldeo|263\/323|[from] Leech Seed|[of] p2a: Chesnaught
|-heal|p2a: Chesnaught|96\/379|[silent]
|turn|48
|
|move|p2a: Chesnaught|Spiky Shield|p2a: Chesnaught
|-singleturn|p2a: Chesnaught|move: Protect
|move|p1a: Keldeo|Secret Sword|p2a: Chesnaught
|-activate|p2a: Chesnaught|move: Protect
|
|-heal|p2a: Chesnaught|119\/379|[from] item: Leftovers
|-damage|p1a: Keldeo|223\/323|[from] Leech Seed|[of] p2a: Chesnaught
|-heal|p2a: Chesnaught|159\/379|[silent]
|turn|49
|
|move|p1a: Keldeo|Secret Sword|p2a: Chesnaught
|-damage|p2a: Chesnaught|17\/379
|move|p2a: Chesnaught|Drain Punch|p1a: Keldeo
|-damage|p1a: Keldeo|153\/323
|-heal|p2a: Chesnaught|52\/379|[from] drain|[of] p1a: Keldeo
|
|-heal|p2a: Chesnaught|75\/379|[from] item: Leftovers
|-damage|p1a: Keldeo|113\/323|[from] Leech Seed|[of] p2a: Chesnaught
|-heal|p2a: Chesnaught|115\/379|[silent]
|turn|50
|
|move|p2a: Chesnaught|Spiky Shield|p2a: Chesnaught
|-singleturn|p2a: Chesnaught|move: Protect
|move|p1a: Keldeo|Secret Sword|p2a: Chesnaught
|-activate|p2a: Chesnaught|move: Protect
|
|-heal|p2a: Chesnaught|138\/379|[from] item: Leftovers
|-damage|p1a: Keldeo|73\/323|[from] Leech Seed|[of] p2a: Chesnaught
|-heal|p2a: Chesnaught|178\/379|[silent]
|turn|51
|
|move|p1a: Keldeo|Secret Sword|p2a: Chesnaught
|-damage|p2a: Chesnaught|39\/379
|move|p2a: Chesnaught|Drain Punch|p1a: Keldeo
|-damage|p1a: Keldeo|0 fnt
|-heal|p2a: Chesnaught|76\/379|[from] drain|[of] p1a: Keldeo
|faint|p1a: Keldeo
|
|win|Kioskate
|raw|Ladder updating...
|raw|Nachbar Wang's rating: 1478 &rarr; <strong>1453<\/strong><br \/>(-25 for losing)
|raw|Kioskate's rating: 1392 &rarr; <strong>1417<\/strong><br \/>(+25 for winning)