|join|Kioskate
|join|DazeJet
|player|p1|Kioskate|265
|player|p2|DazeJet|212
|gametype|singles
|gen|6
|tier|OU (suspect test)
|rated
|clearpoke
|poke|p1|Talonflame, M
|poke|p1|Venusaur, M
|poke|p1|Jirachi
|poke|p1|Landorus-Therian, M
|poke|p1|Mandibuzz, F
|poke|p1|Clefable, F
|poke|p2|Kyurem-Black
|poke|p2|Togekiss, F, shiny
|poke|p2|Jirachi
|poke|p2|Klefki, M
|poke|p2|Rotom-Wash
|poke|p2|Sceptile, M
|rule|Swagger Clause: Swagger is banned
|rule|Baton Pass Clause: Limit one PokÃ©mon knowing Baton Pass
|rule|Sleep Clause Mod: Limit one foe put to sleep
|rule|Species Clause: Limit one of each PokÃ©mon
|rule|OHKO Clause: OHKO moves are banned
|rule|Moody Clause: Moody is banned
|rule|Evasion Moves Clause: Evasion moves are banned
|rule|Endless Battle Clause: Forcing endless battles is banned
|rule|HP Percentage Mod: HP is shown in percentages
|teampreview
|
|start
|switch|p1a: Jirachi|Jirachi|403\/403
|switch|p2a: Rotom-Wash|Rotom-Wash|303\/303
|turn|1
|join|thetim187
|leave|thetim187
|
|switch|p2a: Klefki|Klefki, M|318\/318
|move|p1a: Jirachi|Body Slam|p2a: Klefki
|-resisted|p2a: Klefki
|-damage|p2a: Klefki|283\/318
|-status|p2a: Klefki|par
|
|turn|2
|
|switch|p1a: Landorus-Therian|Landorus-Therian, M|381\/381
|-ability|p1a: Landorus-Therian|Intimidate|[of] p2a: Klefki
|-unboost|p2a: Klefki|atk|1
|move|p2a: Klefki|Spikes|p1a: Landorus-Therian
|-sidestart|p1: Kioskate|Spikes
|
|turn|3
|
|switch|p2a: Rotom-Wash|Rotom-Wash|303\/303
|move|p1a: Landorus-Therian|U-turn|p2a: Rotom-Wash
|-damage|p2a: Rotom-Wash|246\/303
|
|switch|p1a: Venusaur|Venusaur, M|363\/363
|-damage|p1a: Venusaur|318\/363|[from] Spikes
|
|-heal|p2a: Rotom-Wash|264\/303|[from] item: Leftovers
|turn|4
|
|switch|p2a: Jirachi|Jirachi|341\/341
|detailschange|p1a: Venusaur|Venusaur-Mega, M
|-mega|p1a: Venusaur|Venusaur|Venusaurite
|move|p1a: Venusaur|Sleep Powder|p2a: Jirachi
|-status|p2a: Jirachi|slp
|
|turn|5
|
|switch|p2a: Togekiss|Togekiss, F, shiny|373\/373
|switch|p1a: Landorus-Therian|Landorus-Therian, M|381\/381
|-ability|p1a: Landorus-Therian|Intimidate|[of] p2a: Togekiss
|-unboost|p2a: Togekiss|atk|1
|
|turn|6
|
|switch|p2a: Klefki|Klefki, M|283\/318 par
|move|p1a: Landorus-Therian|Stone Edge|p2a: Klefki|[miss]
|-miss|p1a: Landorus-Therian|p2a: Klefki
|
|turn|7
|
|move|p2a: Klefki|Magnet Rise|p2a: Klefki
|-start|p2a: Klefki|Magnet Rise
|move|p1a: Landorus-Therian|Earthquake|p2a: Klefki
|-immune|p2a: Klefki|[msg]
|
|turn|8
|
|switch|p2a: Rotom-Wash|Rotom-Wash|264\/303
|move|p1a: Landorus-Therian|U-turn|p2a: Rotom-Wash
|-damage|p2a: Rotom-Wash|213\/303
|
|switch|p1a: Clefable|Clefable, F|394\/394
|
|-heal|p2a: Rotom-Wash|231\/303|[from] item: Leftovers
|turn|9
|
|switch|p2a: Klefki|Klefki, M|283\/318 par
|move|p1a: Clefable|Moonblast|p2a: Klefki
|-resisted|p2a: Klefki
|-damage|p2a: Klefki|238\/318 par
|
|turn|10
|
|move|p2a: Klefki|Switcheroo|p1a: Clefable
|-activate|p2a: Klefki|move: Trick|[of] p1a: Clefable
|-item|p1a: Clefable|Choice Scarf|[from] Trick
|-item|p2a: Klefki|Leftovers|[from] Trick
|move|p1a: Clefable|Moonblast|p2a: Klefki
|-resisted|p2a: Klefki
|-damage|p2a: Klefki|197\/318 par
|-unboost|p2a: Klefki|spa|1
|
|-heal|p2a: Klefki|216\/318 par|[from] item: Leftovers
|turn|11
|
|move|p2a: Klefki|Spikes|p1a: Clefable
|-sidestart|p1: Kioskate|Spikes
|move|p1a: Clefable|Moonblast|p2a: Klefki
|-resisted|p2a: Klefki
|-damage|p2a: Klefki|175\/318 par
|
|-heal|p2a: Klefki|194\/318 par|[from] item: Leftovers
|turn|12
|
|move|p2a: Klefki|Spikes|p1a: Clefable
|-sidestart|p1: Kioskate|Spikes
|move|p1a: Clefable|Moonblast|p2a: Klefki
|-resisted|p2a: Klefki
|-damage|p2a: Klefki|151\/318 par
|-unboost|p2a: Klefki|spa|1
|
|-heal|p2a: Klefki|170\/318 par|[from] item: Leftovers
|turn|13
|
|switch|p1a: Mandibuzz|Mandibuzz, F|423\/423
|switch|p2a: Togekiss|Togekiss, F, shiny|373\/373
|
|turn|14
|
|move|p1a: Mandibuzz|Defog|p2a: Togekiss
|-unboost|p2a: Togekiss|evasion|1
|-sideend|p1: Kioskate|Spikes|[from] move: Defog|[of] p1a: Mandibuzz
|move|p2a: Togekiss|Thunder Wave|p1a: Mandibuzz
|-status|p1a: Mandibuzz|par
|
|turn|15
|
|switch|p2a: Klefki|Klefki, M|170\/318 par
|switch|p1a: Landorus-Therian|Landorus-Therian, M|381\/381
|-ability|p1a: Landorus-Therian|Intimidate|[of] p2a: Klefki
|-unboost|p2a: Klefki|atk|1
|
|-heal|p2a: Klefki|189\/318 par|[from] item: Leftovers
|turn|16
|
|move|p2a: Klefki|Magnet Rise|p2a: Klefki
|-start|p2a: Klefki|Magnet Rise
|move|p1a: Landorus-Therian|Stealth Rock|p2a: Klefki
|-sidestart|p2: DazeJet|move: Stealth Rock
|
|-heal|p2a: Klefki|208\/318 par|[from] item: Leftovers
|turn|17
|
|move|p2a: Klefki|Spikes|p1a: Landorus-Therian
|-sidestart|p1: Kioskate|Spikes
|move|p1a: Landorus-Therian|Stone Edge|p2a: Klefki
|-resisted|p2a: Klefki
|-damage|p2a: Klefki|154\/318 par
|
|-heal|p2a: Klefki|173\/318 par|[from] item: Leftovers
|turn|18
|
|move|p2a: Klefki|Spikes|p1a: Landorus-Therian
|-sidestart|p1: Kioskate|Spikes
|move|p1a: Landorus-Therian|U-turn|p2a: Klefki
|-resisted|p2a: Klefki
|-damage|p2a: Klefki|154\/318 par
|
|switch|p1a: Mandibuzz|Mandibuzz, F|423\/423 par
|
|-heal|p2a: Klefki|173\/318 par|[from] item: Leftovers
|turn|19
|
|move|p1a: Mandibuzz|Defog|p2a: Klefki
|-unboost|p2a: Klefki|evasion|1
|-sideend|p2: DazeJet|Stealth Rock|[from] move: Defog|[of] p2a: Klefki
|-sideend|p1: Kioskate|Spikes|[from] move: Defog|[of] p1a: Mandibuzz
|cant|p2a: Klefki|par
|
|-heal|p2a: Klefki|192\/318 par|[from] item: Leftovers
|turn|20
|
|switch|p1a: Jirachi|Jirachi|403\/403
|move|p2a: Klefki|Spikes|p1a: Jirachi
|-sidestart|p1: Kioskate|Spikes
|
|-heal|p2a: Klefki|211\/318 par|[from] item: Leftovers
|-end|p2a: Klefki|Magnet Rise
|turn|21
|
|move|p1a: Jirachi|Iron Head|p2a: Klefki
|-damage|p2a: Klefki|111\/318 par
|move|p2a: Klefki|Foul Play|p1a: Jirachi
|-supereffective|p1a: Jirachi
|-damage|p1a: Jirachi|251\/403
|
|-heal|p1a: Jirachi|276\/403|[from] item: Leftovers
|-heal|p2a: Klefki|130\/318 par|[from] item: Leftovers
|turn|22
|
|switch|p2a: Rotom-Wash|Rotom-Wash|231\/303
|move|p1a: Jirachi|Iron Head|p2a: Rotom-Wash
|-resisted|p2a: Rotom-Wash
|-damage|p2a: Rotom-Wash|216\/303
|
|-heal|p1a: Jirachi|301\/403|[from] item: Leftovers
|-heal|p2a: Rotom-Wash|234\/303|[from] item: Leftovers
|turn|23
|
|move|p1a: Jirachi|U-turn|p2a: Rotom-Wash
|-damage|p2a: Rotom-Wash|191\/303
|
|switch|p1a: Clefable|Clefable, F|394\/394
|move|p2a: Rotom-Wash|Will-O-Wisp|p1a: Clefable
|-status|p1a: Clefable|brn
|
|-heal|p2a: Rotom-Wash|209\/303|[from] item: Leftovers
|turn|24
|
|move|p1a: Clefable|Moonblast|p2a: Rotom-Wash
|-damage|p2a: Rotom-Wash|107\/303
|move|p2a: Rotom-Wash|Volt Switch|p1a: Clefable
|-damage|p1a: Clefable|327\/394 brn
|
|switch|p2a: Jirachi|Jirachi|341\/341 slp
|
|turn|25
|
|switch|p1a: Landorus-Therian|Landorus-Therian, M|381\/381
|-ability|p1a: Landorus-Therian|Intimidate|[of] p2a: Jirachi
|-unboost|p2a: Jirachi|atk|1
|cant|p2a: Jirachi|slp
|
|turn|26
|
|switch|p2a: Togekiss|Togekiss, F, shiny|373\/373
|move|p1a: Landorus-Therian|U-turn|p2a: Togekiss
|-resisted|p2a: Togekiss
|-damage|p2a: Togekiss|355\/373
|
|switch|p1a: Jirachi|Jirachi|301\/403
|-damage|p1a: Jirachi|251\/403|[from] Spikes
|
|-heal|p1a: Jirachi|276\/403|[from] item: Leftovers
|-heal|p2a: Togekiss|373\/373|[from] item: Leftovers
|turn|27
|
|move|p1a: Jirachi|U-turn|p2a: Togekiss
|-resisted|p2a: Togekiss
|-damage|p2a: Togekiss|359\/373
|
|switch|p1a: Clefable|Clefable, F|327\/394 brn
|move|p2a: Togekiss|Thunder Wave|p1a: Clefable
|-fail|p1a: Clefable
|
|-heal|p2a: Togekiss|373\/373|[from] item: Leftovers
|turn|28
|
|move|p1a: Clefable|Soft-Boiled|p1a: Clefable
|-heal|p1a: Clefable|394\/394 brn
|move|p2a: Togekiss|Air Slash|p1a: Clefable
|-damage|p1a: Clefable|313\/394 brn
|
|turn|29
|
|switch|p1a: Landorus-Therian|Landorus-Therian, M|381\/381
|-ability|p1a: Landorus-Therian|Intimidate|[of] p2a: Togekiss
|-unboost|p2a: Togekiss|atk|1
|switch|p2a: Jirachi|Jirachi|341\/341 slp
|
|turn|30
|
|switch|p2a: Rotom-Wash|Rotom-Wash|107\/303
|move|p1a: Landorus-Therian|Earthquake|p2a: Rotom-Wash
|-immune|p2a: Rotom-Wash|[msg]
|
|-heal|p2a: Rotom-Wash|125\/303|[from] item: Leftovers
|turn|31
|
|move|p2a: Rotom-Wash|Pain Split|p1a: Landorus-Therian
|-sethp|p1a: Landorus-Therian|253\/381|p2a: Rotom-Wash|253\/303|[from] move: Pain Split
|move|p1a: Landorus-Therian|U-turn|p2a: Rotom-Wash
|-damage|p2a: Rotom-Wash|200\/303
|
|switch|p1a: Venusaur|Venusaur-Mega, M|318\/363
|-damage|p1a: Venusaur|273\/363|[from] Spikes
|
|-heal|p2a: Rotom-Wash|218\/303|[from] item: Leftovers
|turn|32
|
|switch|p2a: Sceptile|Sceptile, M|299\/299
|move|p1a: Venusaur|Giga Drain|p2a: Sceptile
|-resisted|p2a: Sceptile
|-damage|p2a: Sceptile|238\/299
|-heal|p1a: Venusaur|304\/363|[from] drain|[of] p2a: Sceptile
|
|turn|33
|
|switch|p1a: Clefable|Clefable, F|313\/394 brn
|detailschange|p2a: Sceptile|Sceptile-Mega, M
|-mega|p2a: Sceptile|Sceptile|Sceptilite
|move|p2a: Sceptile|Substitute|p2a: Sceptile
|-start|p2a: Sceptile|Substitute
|-damage|p2a: Sceptile|164\/299
|
|turn|34
|
|move|p2a: Sceptile|Giga Drain|p1a: Clefable
|-damage|p1a: Clefable|195\/394 brn
|-heal|p2a: Sceptile|223\/299|[from] drain|[of] p1a: Clefable
|move|p1a: Clefable|Moonblast|p2a: Sceptile
|-supereffective|p2a: Sceptile
|-end|p2a: Sceptile|Substitute
|
|turn|35
|
|switch|p2a: Jirachi|Jirachi|341\/341 slp
|move|p1a: Clefable|Moonblast|p2a: Jirachi
|-resisted|p2a: Jirachi
|-damage|p2a: Jirachi|287\/341 slp
|
|turn|36
|
|switch|p1a: Landorus-Therian|Landorus-Therian, M|253\/381
|-ability|p1a: Landorus-Therian|Intimidate|[of] p2a: Jirachi
|-unboost|p2a: Jirachi|atk|1
|-curestatus|p2a: Jirachi|slp
|move|p2a: Jirachi|Body Slam|p1a: Landorus-Therian
|-damage|p1a: Landorus-Therian|207\/381
|-status|p1a: Landorus-Therian|par
|
|-heal|p1a: Landorus-Therian|230\/381 par|[from] item: Leftovers
|turn|37
|-message|Kioskate forfeited.
|leave|Kioskate
|
|win|DazeJet
|raw|Ladder updating...
|player|p1
|raw|Kioskate's rating: 1248 &rarr; <strong>1227<\/strong><br \/>(-21 for losing)
|raw|DazeJet's rating: 1305 &rarr; <strong>1322<\/strong><br \/>(+17 for winning)
|c|âDazeJet|lmao