|join|Kioskate
|join|Estebanano300
|player|p1|Kioskate|1
|player|p2|Estebanano300|101
|gametype|singles
|gen|6
|tier|OU (suspect test)
|rated
|clearpoke
|poke|p1|Talonflame, M
|poke|p1|Venusaur, M
|poke|p1|Jirachi
|poke|p1|Gothitelle, F
|poke|p1|Mandibuzz, F
|poke|p1|Clefable, F
|poke|p2|Swampert, M
|poke|p2|Politoed, M
|poke|p2|Kingdra, F
|poke|p2|Ferrothorn, M
|poke|p2|Latias, F
|poke|p2|Bisharp, F
|rule|Swagger Clause: Swagger is banned
|rule|Baton Pass Clause: Limit one PokÃ©mon knowing Baton Pass
|rule|Sleep Clause Mod: Limit one foe put to sleep
|rule|Species Clause: Limit one of each PokÃ©mon
|rule|OHKO Clause: OHKO moves are banned
|rule|Moody Clause: Moody is banned
|rule|Evasion Moves Clause: Evasion moves are banned
|rule|Endless Battle Clause: Forcing endless battles is banned
|rule|HP Percentage Mod: HP is shown in percentages
|teampreview
|
|start
|switch|p1a: Jirachi|Jirachi|403\/403
|switch|p2a: Bisharp|Bisharp, F|272\/272
|turn|1
|
|switch|p2a: Ferrothorn|Ferrothorn, M|352\/352
|move|p1a: Jirachi|Body Slam|p2a: Ferrothorn
|-resisted|p2a: Ferrothorn
|-damage|p2a: Ferrothorn|331\/352
|-damage|p1a: Jirachi|353\/403|[from] ability: Iron Barbs|[of] p2a: Ferrothorn
|-damage|p1a: Jirachi|286\/403|[from] item: Rocky Helmet|[of] p2a: Ferrothorn
|-status|p2a: Ferrothorn|par
|
|-heal|p1a: Jirachi|311\/403|[from] item: Leftovers
|turn|2
|
|switch|p1a: Gothitelle|Gothitelle, F|343\/343
|move|p2a: Ferrothorn|Thunder Wave|p1a: Gothitelle
|-status|p1a: Gothitelle|par
|
|turn|3
|
|move|p1a: Gothitelle|Charm|p2a: Ferrothorn
|-unboost|p2a: Ferrothorn|atk|2
|cant|p2a: Ferrothorn|par
|
|turn|4
|
|move|p1a: Gothitelle|Charm|p2a: Ferrothorn
|-unboost|p2a: Ferrothorn|atk|2
|move|p2a: Ferrothorn|Stealth Rock|p1a: Gothitelle
|-sidestart|p1: Kioskate|move: Stealth Rock
|
|turn|5
|c|âKioskate|if you leech seed this will take much longer
|
|move|p1a: Gothitelle|Calm Mind|p1a: Gothitelle
|-boost|p1a: Gothitelle|spa|1
|-boost|p1a: Gothitelle|spd|1
|move|p2a: Ferrothorn|Leech Seed|p1a: Gothitelle
|-start|p1a: Gothitelle|move: Leech Seed
|
|-damage|p1a: Gothitelle|301\/343 par|[from] Leech Seed|[of] p2a: Ferrothorn
|-heal|p2a: Ferrothorn|352\/352 par|[silent]
|turn|6
|c|âKioskate|leech at the end please
|c|âEstebanano300|it doesn't matter i can ohko this thing with swampert
|c|âEstebanano300|and bisharp
|c|âKioskate|yeah but you could do it a lot faster if you didn't leech seed
|
|move|p1a: Gothitelle|Calm Mind|p1a: Gothitelle
|-boost|p1a: Gothitelle|spa|1
|-boost|p1a: Gothitelle|spd|1
|move|p2a: Ferrothorn|Gyro Ball|p1a: Gothitelle
|-damage|p1a: Gothitelle|259\/343 par
|
|-heal|p1a: Gothitelle|280\/343 par|[from] item: Leftovers
|-damage|p1a: Gothitelle|238\/343 par|[from] Leech Seed|[of] p2a: Ferrothorn
|turn|7
|c|âKioskate|now it'll take that much longer to kill ferro
|
|move|p1a: Gothitelle|Charm|p2a: Ferrothorn
|-unboost|p2a: Ferrothorn|atk|2
|cant|p2a: Ferrothorn|par
|
|-heal|p1a: Gothitelle|259\/343 par|[from] item: Leftovers
|-damage|p1a: Gothitelle|217\/343 par|[from] Leech Seed|[of] p2a: Ferrothorn
|turn|8
|c|âEstebanano300|i prefer stealth rocks
|c|âKioskate|what does that have to do with leech seed?
|c|âEstebanano300|for swampert to 2hko venusaur and mandibuzz
|
|move|p1a: Gothitelle|Calm Mind|p1a: Gothitelle
|-boost|p1a: Gothitelle|spa|1
|-boost|p1a: Gothitelle|spd|1
|move|p2a: Ferrothorn|Gyro Ball|p1a: Gothitelle
|-damage|p1a: Gothitelle|187\/343 par
|
|-heal|p1a: Gothitelle|208\/343 par|[from] item: Leftovers
|-damage|p1a: Gothitelle|166\/343 par|[from] Leech Seed|[of] p2a: Ferrothorn
|turn|9
|c|âEstebanano300|tha i thought you had scarf
|c|âEstebanano300|or spcecs
|c|âEstebanano300|specs**
|
|move|p1a: Gothitelle|Calm Mind|p1a: Gothitelle
|-boost|p1a: Gothitelle|spa|1
|-boost|p1a: Gothitelle|spd|1
|move|p2a: Ferrothorn|Gyro Ball|p1a: Gothitelle
|-damage|p1a: Gothitelle|135\/343 par
|
|-heal|p1a: Gothitelle|156\/343 par|[from] item: Leftovers
|-damage|p1a: Gothitelle|114\/343 par|[from] Leech Seed|[of] p2a: Ferrothorn
|turn|10
|c|âKioskate|might have to pp stall
|c|âKioskate|Is it fully defensive?
|
|cant|p1a: Gothitelle|par
|move|p2a: Ferrothorn|Gyro Ball|p1a: Gothitelle
|-damage|p1a: Gothitelle|81\/343 par
|
|-heal|p1a: Gothitelle|102\/343 par|[from] item: Leftovers
|-damage|p1a: Gothitelle|60\/343 par|[from] Leech Seed|[of] p2a: Ferrothorn
|turn|11
|
|cant|p1a: Gothitelle|par
|move|p2a: Ferrothorn|Gyro Ball|p1a: Gothitelle
|-damage|p1a: Gothitelle|30\/343 par
|
|-heal|p1a: Gothitelle|51\/343 par|[from] item: Leftovers
|-damage|p1a: Gothitelle|9\/343 par|[from] Leech Seed|[of] p2a: Ferrothorn
|turn|12
|c|âEstebanano300|ferrothorn is 252 def
|c|âEstebanano300|hoho
|
|move|p1a: Gothitelle|Rest|p1a: Gothitelle
|-status|p1a: Gothitelle|slp
|-heal|p1a: Gothitelle|343\/343 slp|[silent]
|-status|p1a: Gothitelle|slp|[from] move: Rest
|move|p2a: Ferrothorn|Gyro Ball|p1a: Gothitelle
|-damage|p1a: Gothitelle|301\/343 slp
|
|-heal|p1a: Gothitelle|322\/343 slp|[from] item: Leftovers
|-damage|p1a: Gothitelle|280\/343 slp|[from] Leech Seed|[of] p2a: Ferrothorn
|turn|13
|c|âEstebanano300|that was close
|c|âKioskate|needed 3 in a row
|
|cant|p1a: Gothitelle|slp
|move|p2a: Ferrothorn|Gyro Ball|p1a: Gothitelle
|-damage|p1a: Gothitelle|237\/343 slp
|
|-heal|p1a: Gothitelle|258\/343 slp|[from] item: Leftovers
|-damage|p1a: Gothitelle|216\/343 slp|[from] Leech Seed|[of] p2a: Ferrothorn
|turn|14
|
|cant|p1a: Gothitelle|slp
|cant|p2a: Ferrothorn|par
|
|-heal|p1a: Gothitelle|237\/343 slp|[from] item: Leftovers
|-damage|p1a: Gothitelle|195\/343 slp|[from] Leech Seed|[of] p2a: Ferrothorn
|turn|15
|c|âEstebanano300|i don't understand really why you sent gothithelle
|c|âKioskate|to remove ferro
|c|âEstebanano300|ferrothorn
|c|âEstebanano300|is only to put rocks on the field
|
|-curestatus|p1a: Gothitelle|slp
|move|p1a: Gothitelle|Calm Mind|p1a: Gothitelle
|-boost|p1a: Gothitelle|spa|1
|-boost|p1a: Gothitelle|spd|1
|move|p2a: Ferrothorn|Gyro Ball|p1a: Gothitelle
|-damage|p1a: Gothitelle|149\/343
|
|-heal|p1a: Gothitelle|170\/343|[from] item: Leftovers
|-damage|p1a: Gothitelle|128\/343|[from] Leech Seed|[of] p2a: Ferrothorn
|turn|16
|c|âKioskate|so remove ferro
|c|âKioskate|defog
|c|âKioskate|and no rocks
|c|âEstebanano300|let's see if is easy to defog
|c|âEstebanano300|if mandibuzz
|c|âEstebanano300|is slower than swampert an kingdra and gets 2hko by them
|c|âEstebanano300|sorry
|c|âEstebanano300|ohko by kingdra
|
|move|p1a: Gothitelle|Calm Mind|p1a: Gothitelle
|-boost|p1a: Gothitelle|spa|1
|-boost|p1a: Gothitelle|spd|1
|move|p2a: Ferrothorn|Thunder Wave|p1a: Gothitelle
|-status|p1a: Gothitelle|par
|
|-heal|p1a: Gothitelle|149\/343 par|[from] item: Leftovers
|-damage|p1a: Gothitelle|107\/343 par|[from] Leech Seed|[of] p2a: Ferrothorn
|turn|17
|
|cant|p1a: Gothitelle|par
|move|p2a: Ferrothorn|Thunder Wave|p1a: Gothitelle
|-fail|p1a: Gothitelle|par
|
|-heal|p1a: Gothitelle|128\/343 par|[from] item: Leftovers
|-damage|p1a: Gothitelle|86\/343 par|[from] Leech Seed|[of] p2a: Ferrothorn
|turn|18
|
|move|p1a: Gothitelle|Rest|p1a: Gothitelle
|-status|p1a: Gothitelle|slp
|-heal|p1a: Gothitelle|343\/343 slp|[silent]
|-status|p1a: Gothitelle|slp|[from] move: Rest
|cant|p2a: Ferrothorn|par
|
|-damage|p1a: Gothitelle|301\/343 slp|[from] Leech Seed|[of] p2a: Ferrothorn
|turn|19
|
|cant|p1a: Gothitelle|slp
|cant|p2a: Ferrothorn|par
|
|-heal|p1a: Gothitelle|322\/343 slp|[from] item: Leftovers
|-damage|p1a: Gothitelle|280\/343 slp|[from] Leech Seed|[of] p2a: Ferrothorn
|turn|20
|
|cant|p1a: Gothitelle|slp
|move|p2a: Ferrothorn|Thunder Wave|p1a: Gothitelle
|-fail|p1a: Gothitelle
|
|-heal|p1a: Gothitelle|301\/343 slp|[from] item: Leftovers
|-damage|p1a: Gothitelle|259\/343 slp|[from] Leech Seed|[of] p2a: Ferrothorn
|turn|21
|
|-curestatus|p1a: Gothitelle|slp
|move|p1a: Gothitelle|Psyshock|p2a: Ferrothorn
|-resisted|p2a: Ferrothorn
|-damage|p2a: Ferrothorn|247\/352 par
|cant|p2a: Ferrothorn|par
|
|-heal|p1a: Gothitelle|280\/343|[from] item: Leftovers
|-damage|p1a: Gothitelle|238\/343|[from] Leech Seed|[of] p2a: Ferrothorn
|-heal|p2a: Ferrothorn|289\/352 par|[silent]
|turn|22
|c|âEstebanano300|no shadowball?
|c|âKioskate|looks like pp stall
|c|âEstebanano300|just change to talonflame
|
|move|p1a: Gothitelle|Charm|p2a: Ferrothorn
|-fail|p2a: Ferrothorn
|move|p2a: Ferrothorn|Thunder Wave|p1a: Gothitelle
|-status|p1a: Gothitelle|par
|
|-heal|p1a: Gothitelle|259\/343 par|[from] item: Leftovers
|-damage|p1a: Gothitelle|217\/343 par|[from] Leech Seed|[of] p2a: Ferrothorn
|-heal|p2a: Ferrothorn|331\/352 par|[silent]
|turn|23
|c|âEstebanano300|this will never end
|c|âKioskate|when pp runs out
|
|move|p1a: Gothitelle|Charm|p2a: Ferrothorn
|-fail|p2a: Ferrothorn
|move|p2a: Ferrothorn|Stealth Rock|p1a: Gothitelle
|-fail|p1a: Gothitelle
|
|-heal|p1a: Gothitelle|238\/343 par|[from] item: Leftovers
|-damage|p1a: Gothitelle|196\/343 par|[from] Leech Seed|[of] p2a: Ferrothorn
|-heal|p2a: Ferrothorn|352\/352 par|[silent]
|turn|24
|c|âEstebanano300|man
|c|âEstebanano300|i will never forfeit
|c|âKioskate|that's ok
|c|âEstebanano300|so just go and use shadowball
|c|âKioskate|I have more pp
|c|âKioskate|You've seen my four moves
|c|âEstebanano300|oh
|c|âEstebanano300|charm
|c|âEstebanano300|fuck
|c|âEstebanano300|facepalm
|
|move|p1a: Gothitelle|Charm|p2a: Ferrothorn
|-fail|p2a: Ferrothorn
|cant|p2a: Ferrothorn|par
|
|-heal|p1a: Gothitelle|217\/343 par|[from] item: Leftovers
|-damage|p1a: Gothitelle|175\/343 par|[from] Leech Seed|[of] p2a: Ferrothorn
|turn|25
|
|cant|p1a: Gothitelle|par
|move|p2a: Ferrothorn|Thunder Wave|p1a: Gothitelle
|-fail|p1a: Gothitelle|par
|
|-heal|p1a: Gothitelle|196\/343 par|[from] item: Leftovers
|-damage|p1a: Gothitelle|154\/343 par|[from] Leech Seed|[of] p2a: Ferrothorn
|turn|26
|c|âKioskate|!dt stealth rock
|c|~|\/data-move Stealth Rock
|raw|<font size="1"><font color=#585858>Priority:<\/font> 0&nbsp;|&ThickSpace;<font color=#585858><font color=black>&#10003; Bounceable<\/font><\/font>&nbsp;|&ThickSpace;<font color=#585858>Target:<\/font> Opposing Side<\/font>
|c|âKioskate|!dt thunder wave
|c|~|\/data-move Thunder Wave
|raw|<font size="1"><font color=#585858>Priority:<\/font> 0&nbsp;|&ThickSpace;<font color=#585858><font color=black>&#10003; Blocked by Protect<\/font><\/font>&nbsp;|&ThickSpace;<font color=#585858><font color=black>&#10003; Bounceable<\/font><\/font>&nbsp;|&ThickSpace;<font color=#585858>Target:<\/font> One Adjacent Pokemon<\/font>
|
|move|p1a: Gothitelle|Charm|p2a: Ferrothorn
|-fail|p2a: Ferrothorn
|cant|p2a: Ferrothorn|par
|
|-heal|p1a: Gothitelle|175\/343 par|[from] item: Leftovers
|-damage|p1a: Gothitelle|133\/343 par|[from] Leech Seed|[of] p2a: Ferrothorn
|turn|27
|c|âKioskate|!leech seed
|c|âKioskate|!dt leech seed
|c|~|\/data-move Leech Seed
|raw|<font size="1"><font color=#585858>Priority:<\/font> 0&nbsp;|&ThickSpace;<font color=#585858><font color=black>&#10003; Blocked by Protect<\/font><\/font>&nbsp;|&ThickSpace;<font color=#585858><font color=black>&#10003; Bounceable<\/font><\/font>&nbsp;|&ThickSpace;<font color=#585858>Target:<\/font> One Adjacent Pokemon<\/font>
|
|move|p1a: Gothitelle|Calm Mind|p1a: Gothitelle
|-fail|p1a: Gothitelle
|move|p2a: Ferrothorn|Thunder Wave|p1a: Gothitelle
|-fail|p1a: Gothitelle|par
|
|-heal|p1a: Gothitelle|154\/343 par|[from] item: Leftovers
|-damage|p1a: Gothitelle|112\/343 par|[from] Leech Seed|[of] p2a: Ferrothorn
|turn|28
|
|cant|p1a: Gothitelle|par
|move|p2a: Ferrothorn|Thunder Wave|p1a: Gothitelle
|-fail|p1a: Gothitelle|par
|
|-heal|p1a: Gothitelle|133\/343 par|[from] item: Leftovers
|-damage|p1a: Gothitelle|91\/343 par|[from] Leech Seed|[of] p2a: Ferrothorn
|turn|29
|c|âKioskate|If only I had sub
|
|move|p1a: Gothitelle|Charm|p2a: Ferrothorn
|-fail|p2a: Ferrothorn
|cant|p2a: Ferrothorn|par
|
|-heal|p1a: Gothitelle|112\/343 par|[from] item: Leftovers
|-damage|p1a: Gothitelle|70\/343 par|[from] Leech Seed|[of] p2a: Ferrothorn
|turn|30
|
|move|p1a: Gothitelle|Rest|p1a: Gothitelle
|-status|p1a: Gothitelle|slp
|-heal|p1a: Gothitelle|343\/343 slp|[silent]
|-status|p1a: Gothitelle|slp|[from] move: Rest
|move|p2a: Ferrothorn|Thunder Wave|p1a: Gothitelle
|-fail|p1a: Gothitelle
|
|-damage|p1a: Gothitelle|301\/343 slp|[from] Leech Seed|[of] p2a: Ferrothorn
|turn|31
|c|âKioskate|Is T wave even that useful on a rain team?
|
|cant|p1a: Gothitelle|slp
|move|p2a: Ferrothorn|Thunder Wave|p1a: Gothitelle
|-fail|p1a: Gothitelle
|
|-heal|p1a: Gothitelle|322\/343 slp|[from] item: Leftovers
|-damage|p1a: Gothitelle|280\/343 slp|[from] Leech Seed|[of] p2a: Ferrothorn
|turn|32
|
|cant|p1a: Gothitelle|slp
|move|p2a: Ferrothorn|Thunder Wave|p1a: Gothitelle
|-fail|p1a: Gothitelle
|
|-heal|p1a: Gothitelle|301\/343 slp|[from] item: Leftovers
|-damage|p1a: Gothitelle|259\/343 slp|[from] Leech Seed|[of] p2a: Ferrothorn
|turn|33
|
|-curestatus|p1a: Gothitelle|slp
|move|p1a: Gothitelle|Calm Mind|p1a: Gothitelle
|-fail|p1a: Gothitelle
|move|p2a: Ferrothorn|Thunder Wave|p1a: Gothitelle
|-status|p1a: Gothitelle|par
|
|-heal|p1a: Gothitelle|280\/343 par|[from] item: Leftovers
|-damage|p1a: Gothitelle|238\/343 par|[from] Leech Seed|[of] p2a: Ferrothorn
|turn|34
|
|move|p1a: Gothitelle|Calm Mind|p1a: Gothitelle
|-fail|p1a: Gothitelle
|move|p2a: Ferrothorn|Stealth Rock|p1a: Gothitelle
|-fail|p1a: Gothitelle
|
|-heal|p1a: Gothitelle|259\/343 par|[from] item: Leftovers
|-damage|p1a: Gothitelle|217\/343 par|[from] Leech Seed|[of] p2a: Ferrothorn
|turn|35
|
|cant|p1a: Gothitelle|par
|move|p2a: Ferrothorn|Stealth Rock|p1a: Gothitelle
|-fail|p1a: Gothitelle
|
|-heal|p1a: Gothitelle|238\/343 par|[from] item: Leftovers
|-damage|p1a: Gothitelle|196\/343 par|[from] Leech Seed|[of] p2a: Ferrothorn
|turn|36
|
|cant|p1a: Gothitelle|par
|move|p2a: Ferrothorn|Stealth Rock|p1a: Gothitelle
|-fail|p1a: Gothitelle
|
|-heal|p1a: Gothitelle|217\/343 par|[from] item: Leftovers
|-damage|p1a: Gothitelle|175\/343 par|[from] Leech Seed|[of] p2a: Ferrothorn
|turn|37
|
|move|p1a: Gothitelle|Charm|p2a: Ferrothorn
|-fail|p2a: Ferrothorn
|cant|p2a: Ferrothorn|par
|
|-heal|p1a: Gothitelle|196\/343 par|[from] item: Leftovers
|-damage|p1a: Gothitelle|154\/343 par|[from] Leech Seed|[of] p2a: Ferrothorn
|turn|38
|c|âEstebanano300|just use psyshock
|
|move|p1a: Gothitelle|Charm|p2a: Ferrothorn
|-fail|p2a: Ferrothorn
|cant|p2a: Ferrothorn|par
|
|-heal|p1a: Gothitelle|175\/343 par|[from] item: Leftovers
|-damage|p1a: Gothitelle|133\/343 par|[from] Leech Seed|[of] p2a: Ferrothorn
|turn|39
|c|âKioskate|You'll heal too much
|c|âKioskate|I can't kill before I need to rest
|c|âEstebanano300|i have rocky helmet
|c|âEstebanano300|not lefties
|c|âKioskate|leech seed heals
|c|âEstebanano300|it doesn't matter
|
|cant|p1a: Gothitelle|par
|move|p2a: Ferrothorn|Thunder Wave|p1a: Gothitelle
|-fail|p1a: Gothitelle|par
|
|-heal|p1a: Gothitelle|154\/343 par|[from] item: Leftovers
|-damage|p1a: Gothitelle|112\/343 par|[from] Leech Seed|[of] p2a: Ferrothorn
|turn|40
|
|move|p1a: Gothitelle|Charm|p2a: Ferrothorn
|-fail|p2a: Ferrothorn
|cant|p2a: Ferrothorn|par
|
|-heal|p1a: Gothitelle|133\/343 par|[from] item: Leftovers
|-damage|p1a: Gothitelle|91\/343 par|[from] Leech Seed|[of] p2a: Ferrothorn
|turn|41
|
|move|p1a: Gothitelle|Charm|p2a: Ferrothorn
|-fail|p2a: Ferrothorn
|move|p2a: Ferrothorn|Thunder Wave|p1a: Gothitelle
|-fail|p1a: Gothitelle|par
|
|-heal|p1a: Gothitelle|112\/343 par|[from] item: Leftovers
|-damage|p1a: Gothitelle|70\/343 par|[from] Leech Seed|[of] p2a: Ferrothorn
|turn|42
|join|DarkUser350
|
|move|p1a: Gothitelle|Rest|p1a: Gothitelle
|-status|p1a: Gothitelle|slp
|-heal|p1a: Gothitelle|343\/343 slp|[silent]
|-status|p1a: Gothitelle|slp|[from] move: Rest
|move|p2a: Ferrothorn|Stealth Rock|p1a: Gothitelle
|-fail|p1a: Gothitelle
|
|-damage|p1a: Gothitelle|301\/343 slp|[from] Leech Seed|[of] p2a: Ferrothorn
|turn|43
|join|Nickokster
|join|Reiner66
|join|broly66573
|join|Lhz
|
|cant|p1a: Gothitelle|slp
|move|p2a: Ferrothorn|Stealth Rock|p1a: Gothitelle
|-fail|p1a: Gothitelle
|
|-heal|p1a: Gothitelle|322\/343 slp|[from] item: Leftovers
|-damage|p1a: Gothitelle|280\/343 slp|[from] Leech Seed|[of] p2a: Ferrothorn
|turn|44
|join|xXGOLDXx
|leave|broly66573
|leave|Nickokster
|
|cant|p1a: Gothitelle|slp
|move|p2a: Ferrothorn|Thunder Wave|p1a: Gothitelle
|-fail|p1a: Gothitelle
|
|-heal|p1a: Gothitelle|301\/343 slp|[from] item: Leftovers
|-damage|p1a: Gothitelle|259\/343 slp|[from] Leech Seed|[of] p2a: Ferrothorn
|turn|45
|c|âEstebanano300|i am abou to fall asleep
|join|PabloMaster
|c|âEstebanano300|about*
|
|-curestatus|p1a: Gothitelle|slp
|move|p1a: Gothitelle|Calm Mind|p1a: Gothitelle
|-fail|p1a: Gothitelle
|move|p2a: Ferrothorn|Thunder Wave|p1a: Gothitelle
|-status|p1a: Gothitelle|par
|
|-heal|p1a: Gothitelle|280\/343 par|[from] item: Leftovers
|-damage|p1a: Gothitelle|238\/343 par|[from] Leech Seed|[of] p2a: Ferrothorn
|turn|46
|leave|Kioskate
|player|p1
|join|Kioskate
|c|âEstebanano300|ohh
|player|p1|Kioskate|1
|c|âKioskate|firefox crashed
|
|move|p1a: Gothitelle|Charm|p2a: Ferrothorn
|-fail|p2a: Ferrothorn
|move|p2a: Ferrothorn|Thunder Wave|p1a: Gothitelle
|-fail|p1a: Gothitelle|par
|
|-heal|p1a: Gothitelle|259\/343 par|[from] item: Leftovers
|-damage|p1a: Gothitelle|217\/343 par|[from] Leech Seed|[of] p2a: Ferrothorn
|turn|47
|c|âEstebanano300|at least
|join|UnRandom
|c|âEstebanano300|you don't have google chrome
|c|âEstebanano300|explorer **
|c|âEstebanano300|xd
|
|move|p1a: Gothitelle|Charm|p2a: Ferrothorn
|-fail|p2a: Ferrothorn
|move|p2a: Ferrothorn|Thunder Wave|p1a: Gothitelle
|-fail|p1a: Gothitelle|par
|
|-heal|p1a: Gothitelle|238\/343 par|[from] item: Leftovers
|-damage|p1a: Gothitelle|196\/343 par|[from] Leech Seed|[of] p2a: Ferrothorn
|turn|48
|leave|xXGOLDXx
|
|move|p1a: Gothitelle|Charm|p2a: Ferrothorn
|-fail|p2a: Ferrothorn
|move|p2a: Ferrothorn|Stealth Rock|p1a: Gothitelle
|-fail|p1a: Gothitelle
|
|-heal|p1a: Gothitelle|217\/343 par|[from] item: Leftovers
|-damage|p1a: Gothitelle|175\/343 par|[from] Leech Seed|[of] p2a: Ferrothorn
|turn|49
|
|move|p1a: Gothitelle|Charm|p2a: Ferrothorn
|-fail|p2a: Ferrothorn
|cant|p2a: Ferrothorn|par
|
|-heal|p1a: Gothitelle|196\/343 par|[from] item: Leftovers
|-damage|p1a: Gothitelle|154\/343 par|[from] Leech Seed|[of] p2a: Ferrothorn
|turn|50
|
|move|p1a: Gothitelle|Charm|p2a: Ferrothorn
|-fail|p2a: Ferrothorn
|move|p2a: Ferrothorn|Thunder Wave|p1a: Gothitelle
|-fail|p1a: Gothitelle|par
|
|-heal|p1a: Gothitelle|175\/343 par|[from] item: Leftovers
|-damage|p1a: Gothitelle|133\/343 par|[from] Leech Seed|[of] p2a: Ferrothorn
|turn|51
|leave|PabloMaster
|
|move|p1a: Gothitelle|Charm|p2a: Ferrothorn
|-fail|p2a: Ferrothorn
|move|p2a: Ferrothorn|Stealth Rock|p1a: Gothitelle
|-fail|p1a: Gothitelle
|
|-heal|p1a: Gothitelle|154\/343 par|[from] item: Leftovers
|-damage|p1a: Gothitelle|112\/343 par|[from] Leech Seed|[of] p2a: Ferrothorn
|turn|52
|join|nacho1235
|-message|Estebanano300 lost due to inactivity.
|
|win|Kioskate
|raw|Ladder updating...
|raw|Kioskate's rating: 1321 &rarr; <strong>1337<\/strong><br \/>(+16 for winning)
|raw|Estebanano300's rating: 1249 &rarr; <strong>1229<\/strong><br \/>(-20 for losing)
|c|âKioskate|gg
|c|âEstebanano300|oh sorry
|c|âEstebanano300|i was in another battle xd
|c|âKioskate|I'm on youtube
|leave|Estebanano300
|leave|Kioskate
|player|p2
|player|p1
|leave|Reiner66
|leave|nacho1235
|leave|UnRandom
|join|UnRandom
|leave|UnRandom