|join|New Wave Quaz
|join|Kioskate
|player|p1|New Wave Quaz|154
|player|p2|Kioskate|169
|gametype|singles
|gen|6
|tier|OU (suspect test)
|rated
|clearpoke
|poke|p1|Sceptile, M, shiny
|poke|p1|Landorus-Therian, M
|poke|p1|Scizor, M
|poke|p1|Salamence, M, shiny
|poke|p1|Suicune
|poke|p1|Heatran, M
|poke|p2|Azumarill, F
|poke|p2|Talonflame, M
|poke|p2|Sceptile, F, shiny
|poke|p2|Heatran, F
|poke|p2|Latios, M, shiny
|poke|p2|Diggersby, M, shiny
|rule|Swagger Clause: Swagger is banned
|rule|Baton Pass Clause: Limit one PokÃ©mon knowing Baton Pass
|rule|Sleep Clause Mod: Limit one foe put to sleep
|rule|Species Clause: Limit one of each PokÃ©mon
|rule|OHKO Clause: OHKO moves are banned
|rule|Moody Clause: Moody is banned
|rule|Evasion Moves Clause: Evasion moves are banned
|rule|Endless Battle Clause: Forcing endless battles is banned
|rule|HP Percentage Mod: HP is shown in percentages
|teampreview
|
|start
|switch|p1a: Simba|Landorus-Therian, M|319\/319
|switch|p2a: Hugh|Diggersby, M, shiny|311\/311
|-ability|p1a: Simba|Intimidate|[of] p2a: Hugh
|-unboost|p2a: Hugh|atk|1
|turn|1
|
|move|p1a: Simba|Knock Off|p2a: Hugh
|-damage|p2a: Hugh|150\/311
|-enditem|p2a: Hugh|Life Orb|[from] move: Knock Off|[of] p1a: Simba
|move|p2a: Hugh|Swords Dance|p2a: Hugh
|-boost|p2a: Hugh|atk|2
|
|turn|2
|
|move|p1a: Simba|Knock Off|p2a: Hugh
|-damage|p2a: Hugh|47\/311
|move|p2a: Hugh|Frustration|p1a: Simba
|-damage|p1a: Simba|0 fnt
|faint|p1a: Simba
|
|
|switch|p1a: Kurenai|Scizor, M|343\/343
|turn|3
|
|switch|p2a: Darmanitran|Heatran, F|385\/385
|move|p1a: Kurenai|Bullet Punch|p2a: Darmanitran
|-resisted|p2a: Darmanitran
|-damage|p2a: Darmanitran|361\/385
|
|-heal|p2a: Darmanitran|385\/385|[from] item: Leftovers
|turn|4
|
|switch|p1a: Mobius|Suicune|404\/404
|-ability|p1a: Mobius|Pressure
|move|p2a: Darmanitran|Lava Plume|p1a: Mobius
|-resisted|p1a: Mobius
|-damage|p1a: Mobius|353\/404
|
|-heal|p1a: Mobius|378\/404|[from] item: Leftovers
|turn|5
|
|move|p1a: Mobius|Calm Mind|p1a: Mobius
|-boost|p1a: Mobius|spa|1
|-boost|p1a: Mobius|spd|1
|move|p2a: Darmanitran|Toxic|p1a: Mobius
|-status|p1a: Mobius|tox
|
|-heal|p1a: Mobius|403\/404 tox|[from] item: Leftovers
|-damage|p1a: Mobius|378\/404 tox|[from] psn
|turn|6
|
|switch|p2a: Broccoli Beatdown|Sceptile, F, shiny|281\/281
|move|p1a: Mobius|Calm Mind|p1a: Mobius
|-boost|p1a: Mobius|spa|1
|-boost|p1a: Mobius|spd|1
|
|-heal|p1a: Mobius|403\/404 tox|[from] item: Leftovers
|-damage|p1a: Mobius|353\/404 tox|[from] psn
|turn|7
|
|detailschange|p2a: Broccoli Beatdown|Sceptile-Mega, F, shiny
|-mega|p2a: Broccoli Beatdown|Sceptile|Sceptilite
|move|p2a: Broccoli Beatdown|Giga Drain|p1a: Mobius
|-supereffective|p1a: Mobius
|-damage|p1a: Mobius|227\/404 tox
|move|p1a: Mobius|Rest|p1a: Mobius
|-status|p1a: Mobius|slp
|-heal|p1a: Mobius|404\/404 slp|[silent]
|-status|p1a: Mobius|slp|[from] move: Rest
|
|turn|8
|c|âNew Wave Quaz|best sceptile nickname ever
|c|âKioskate|team's stolen
|c|âNew Wave Quaz|?
|c|âKioskate|Someone else's team
|c|âKioskate|and nicknames
|
|switch|p2a: Crystal|Azumarill, F|364\/364
|cant|p1a: Mobius|slp
|move|p1a: Mobius|Sleep Talk|p1a: Mobius
|move|p1a: Mobius|Scald|p2a: Crystal|[from]Sleep Talk
|-crit|p2a: Crystal
|-resisted|p2a: Crystal
|-damage|p2a: Crystal|199\/364
|-status|p2a: Crystal|brn
|
|-damage|p2a: Crystal|154\/364 brn|[from] brn
|-enditem|p2a: Crystal|Sitrus Berry|[eat]
|-heal|p2a: Crystal|245\/364 brn|[from] item: Sitrus Berry
|turn|9
|c|âNew Wave Quaz|lol
|c|âNew Wave Quaz|fromw ho
|c|âKioskate|smogon forums
|c|âKioskate|idk who it was
|
|cant|p1a: Mobius|slp
|move|p1a: Mobius|Sleep Talk|p1a: Mobius
|move|p1a: Mobius|Calm Mind|p1a: Mobius|[from]Sleep Talk
|-boost|p1a: Mobius|spa|1
|-boost|p1a: Mobius|spd|1
|move|p2a: Crystal|Belly Drum|p2a: Crystal
|-damage|p2a: Crystal|63\/364 brn
|-setboost|p2a: Crystal|atk|6|[from] move: Belly Drum
|
|-damage|p2a: Crystal|18\/364 brn|[from] brn
|turn|10
|-message|Kioskate forfeited.
|leave|Kioskate
|
|win|New Wave Quaz
|raw|Ladder updating...
|player|p2