|join|transoceanic
|join|Kioskate
|player|p1|transoceanic|2
|player|p2|Kioskate|1
|gametype|singles
|gen|6
|tier|OU (suspect test)
|rated
|clearpoke
|poke|p1|Altaria, F
|poke|p1|Thundurus, M
|poke|p1|Keldeo
|poke|p1|Bisharp, M
|poke|p1|Diggersby, F
|poke|p1|Heatran, M
|poke|p2|Sableye, F
|poke|p2|Tangrowth, M
|poke|p2|Tornadus-Therian, M
|poke|p2|Gliscor, F
|poke|p2|Gyarados, M
|poke|p2|Klefki, F
|rule|Swagger Clause: Swagger is banned
|rule|Baton Pass Clause: Limit one PokÃ©mon knowing Baton Pass
|rule|Sleep Clause Mod: Limit one foe put to sleep
|rule|Species Clause: Limit one of each PokÃ©mon
|rule|OHKO Clause: OHKO moves are banned
|rule|Moody Clause: Moody is banned
|rule|Evasion Moves Clause: Evasion moves are banned
|rule|Endless Battle Clause: Forcing endless battles is banned
|rule|HP Percentage Mod: HP is shown in percentages
|teampreview
|
|start
|switch|p1a: Diggersby|Diggersby, F|311\/311
|switch|p2a: Tornadus-Therian|Tornadus-Therian, M|357\/357
|turn|1
|
|move|p2a: Tornadus-Therian|Knock Off|p1a: Diggersby
|-damage|p1a: Diggersby|221\/311
|-enditem|p1a: Diggersby|Focus Sash|[from] move: Knock Off|[of] p2a: Tornadus-Therian
|move|p1a: Diggersby|Return|p2a: Tornadus-Therian
|-damage|p2a: Tornadus-Therian|77\/357
|
|turn|2
|
|switch|p2a: Gliscor|Gliscor, F|353\/353
|move|p1a: Diggersby|Swords Dance|p1a: Diggersby
|-boost|p1a: Diggersby|atk|2
|
|-status|p2a: Gliscor|tox|[from] item: Toxic Orb
|turn|3
|
|move|p1a: Diggersby|Return|p2a: Gliscor
|-damage|p2a: Gliscor|71\/353 tox
|move|p2a: Gliscor|Earthquake|p1a: Diggersby
|-damage|p1a: Diggersby|94\/311
|
|-heal|p2a: Gliscor|115\/353 tox|[from] ability: Poison Heal
|turn|4
|
|switch|p2a: Klefki|Klefki, F|317\/317
|move|p1a: Diggersby|Swords Dance|p1a: Diggersby
|-boost|p1a: Diggersby|atk|2
|
|turn|5
|
|switch|p2a: Tornadus-Therian|Tornadus-Therian, M|196\/357
|move|p1a: Diggersby|Wild Charge|p2a: Tornadus-Therian
|-supereffective|p2a: Tornadus-Therian
|-damage|p2a: Tornadus-Therian|0 fnt
|-damage|p1a: Diggersby|45\/311|[from] recoil|[of] p2a: Tornadus-Therian
|faint|p2a: Tornadus-Therian
|
|-message|Kioskate forfeited.
|leave|Kioskate
|
|win|transoceanic
|raw|Ladder updating...
|player|p2
|raw|transoceanic's rating: 1045 &rarr; <strong>1079<\/strong><br \/>(+34 for winning)
|raw|Kioskate's rating: 1051 &rarr; <strong>1033<\/strong><br \/>(-18 for losing)