|join|ThunderAspyk
|join|Kioskate
|player|p1|ThunderAspyk|293
|player|p2|Kioskate|265
|gametype|singles
|gen|6
|tier|OU (suspect test)
|rated
|clearpoke
|poke|p1|Gyarados, F
|poke|p1|Sylveon, F
|poke|p1|Jirachi
|poke|p1|Gothitelle, M
|poke|p1|Ferrothorn, F
|poke|p1|Keldeo
|poke|p2|Azumarill, F
|poke|p2|Talonflame, M
|poke|p2|Sceptile, F, shiny
|poke|p2|Heatran, F
|poke|p2|Latios, M, shiny
|poke|p2|Diggersby, M, shiny
|rule|Swagger Clause: Swagger is banned
|rule|Baton Pass Clause: Limit one PokÃ©mon knowing Baton Pass
|rule|Sleep Clause Mod: Limit one foe put to sleep
|rule|Species Clause: Limit one of each PokÃ©mon
|rule|OHKO Clause: OHKO moves are banned
|rule|Moody Clause: Moody is banned
|rule|Evasion Moves Clause: Evasion moves are banned
|rule|Endless Battle Clause: Forcing endless battles is banned
|rule|HP Percentage Mod: HP is shown in percentages
|teampreview
|
|start
|switch|p1a: Ferrothorn|Ferrothorn, F|352\/352
|switch|p2a: Liz's Songbird|Talonflame, M|359\/359
|turn|1
|
|move|p1a: Ferrothorn|Protect|p1a: Ferrothorn
|-singleturn|p1a: Ferrothorn|Protect
|move|p2a: Liz's Songbird|Will-O-Wisp|p1a: Ferrothorn
|-activate|p1a: Ferrothorn|Protect
|
|turn|2
|
|move|p2a: Liz's Songbird|Will-O-Wisp|p1a: Ferrothorn
|-status|p1a: Ferrothorn|brn
|move|p1a: Ferrothorn|Leech Seed|p2a: Liz's Songbird|[miss]
|-miss|p1a: Ferrothorn|p2a: Liz's Songbird
|
|-damage|p1a: Ferrothorn|308\/352 brn|[from] brn
|turn|3
|
|move|p2a: Liz's Songbird|Bulk Up|p2a: Liz's Songbird
|-boost|p2a: Liz's Songbird|atk|1
|-boost|p2a: Liz's Songbird|def|1
|move|p1a: Ferrothorn|Leech Seed|p2a: Liz's Songbird
|-start|p2a: Liz's Songbird|move: Leech Seed
|
|-damage|p2a: Liz's Songbird|315\/359|[from] Leech Seed|[of] p1a: Ferrothorn
|-heal|p1a: Ferrothorn|352\/352 brn|[silent]
|-damage|p1a: Ferrothorn|308\/352 brn|[from] brn
|turn|4
|
|move|p2a: Liz's Songbird|Bulk Up|p2a: Liz's Songbird
|-boost|p2a: Liz's Songbird|atk|1
|-boost|p2a: Liz's Songbird|def|1
|move|p1a: Ferrothorn|Stealth Rock|p2a: Liz's Songbird
|-sidestart|p2: Kioskate|move: Stealth Rock
|
|-heal|p2a: Liz's Songbird|337\/359|[from] item: Leftovers
|-damage|p2a: Liz's Songbird|293\/359|[from] Leech Seed|[of] p1a: Ferrothorn
|-heal|p1a: Ferrothorn|352\/352 brn|[silent]
|-damage|p1a: Ferrothorn|308\/352 brn|[from] brn
|turn|5
|
|move|p1a: Ferrothorn|Protect|p1a: Ferrothorn
|-singleturn|p1a: Ferrothorn|Protect
|move|p2a: Liz's Songbird|Bulk Up|p2a: Liz's Songbird
|-boost|p2a: Liz's Songbird|atk|1
|-boost|p2a: Liz's Songbird|def|1
|
|-heal|p2a: Liz's Songbird|315\/359|[from] item: Leftovers
|-damage|p2a: Liz's Songbird|271\/359|[from] Leech Seed|[of] p1a: Ferrothorn
|-heal|p1a: Ferrothorn|352\/352 brn|[silent]
|-damage|p1a: Ferrothorn|308\/352 brn|[from] brn
|turn|6
|
|move|p2a: Liz's Songbird|Bulk Up|p2a: Liz's Songbird
|-boost|p2a: Liz's Songbird|atk|1
|-boost|p2a: Liz's Songbird|def|1
|move|p1a: Ferrothorn|Gyro Ball|p2a: Liz's Songbird
|-resisted|p2a: Liz's Songbird
|-damage|p2a: Liz's Songbird|252\/359
|
|-heal|p2a: Liz's Songbird|274\/359|[from] item: Leftovers
|-damage|p2a: Liz's Songbird|230\/359|[from] Leech Seed|[of] p1a: Ferrothorn
|-heal|p1a: Ferrothorn|352\/352 brn|[silent]
|-damage|p1a: Ferrothorn|308\/352 brn|[from] brn
|turn|7
|
|switch|p1a: Gothitelle|Gothitelle, M|281\/281
|move|p2a: Liz's Songbird|Bulk Up|p2a: Liz's Songbird
|-boost|p2a: Liz's Songbird|atk|1
|-boost|p2a: Liz's Songbird|def|1
|
|-heal|p2a: Liz's Songbird|252\/359|[from] item: Leftovers
|-damage|p2a: Liz's Songbird|208\/359|[from] Leech Seed|[of] p1a: Gothitelle
|turn|8
|
|move|p2a: Liz's Songbird|Roost|p2a: Liz's Songbird
|-heal|p2a: Liz's Songbird|359\/359
|move|p1a: Gothitelle|Trick|p2a: Liz's Songbird
|-activate|p1a: Gothitelle|move: Trick|[of] p2a: Liz's Songbird
|-item|p2a: Liz's Songbird|Choice Specs|[from] move: Trick
|-item|p1a: Gothitelle|Leftovers|[from] move: Trick
|
|-damage|p2a: Liz's Songbird|315\/359|[from] Leech Seed|[of] p1a: Gothitelle
|turn|9
|
|switch|p1a: Ferrothorn|Ferrothorn, F|308\/352 brn
|move|p2a: Liz's Songbird|Brave Bird|p1a: Ferrothorn
|-damage|p1a: Ferrothorn|25\/352 brn
|-damage|p2a: Liz's Songbird|271\/359|[from] ability: Iron Barbs|[of] p1a: Ferrothorn
|-damage|p2a: Liz's Songbird|212\/359|[from] item: Rocky Helmet|[of] p1a: Ferrothorn
|-damage|p2a: Liz's Songbird|119\/359|[from] recoil|[of] p1a: Ferrothorn
|
|-damage|p2a: Liz's Songbird|75\/359|[from] Leech Seed|[of] p1a: Ferrothorn
|-heal|p1a: Ferrothorn|69\/352 brn|[silent]
|-damage|p1a: Ferrothorn|25\/352 brn|[from] brn
|turn|10
|
|move|p2a: Liz's Songbird|Brave Bird|p1a: Ferrothorn
|-damage|p1a: Ferrothorn|0 fnt
|-damage|p2a: Liz's Songbird|31\/359|[from] ability: Iron Barbs|[of] p1a: Ferrothorn
|-damage|p2a: Liz's Songbird|0 fnt|[from] item: Rocky Helmet|[of] p1a: Ferrothorn
|faint|p2a: Liz's Songbird
|faint|p1a: Ferrothorn
|
|
|switch|p1a: Keldeo|Keldeo|323\/323
|switch|p2a: Crystal|Azumarill, F|364\/364
|-damage|p2a: Crystal|319\/364|[from] Stealth Rock
|turn|11
|
|switch|p1a: Jirachi|Jirachi|341\/341
|move|p2a: Crystal|Belly Drum|p2a: Crystal
|-damage|p2a: Crystal|137\/364
|-setboost|p2a: Crystal|atk|6|[from] move: Belly Drum
|-enditem|p2a: Crystal|Sitrus Berry|[eat]
|-heal|p2a: Crystal|228\/364|[from] item: Sitrus Berry
|
|turn|12
|
|move|p1a: Jirachi|Iron Head|p2a: Crystal
|-crit|p2a: Crystal
|-damage|p2a: Crystal|26\/364
|move|p2a: Crystal|Knock Off|p1a: Jirachi
|-supereffective|p1a: Jirachi
|-damage|p1a: Jirachi|0 fnt
|-enditem|p1a: Jirachi|Choice Scarf|[from] move: Knock Off|[of] p2a: Crystal
|faint|p1a: Jirachi
|
|
|switch|p1a: Keldeo|Keldeo|323\/323
|turn|13
|
|move|p2a: Crystal|Aqua Jet|p1a: Keldeo
|-resisted|p1a: Keldeo
|-damage|p1a: Keldeo|121\/323
|move|p1a: Keldeo|Hidden Power|p2a: Crystal
|-supereffective|p2a: Crystal
|-damage|p2a: Crystal|0 fnt
|faint|p2a: Crystal
|
|
|switch|p2a: Broccoli Beatdown|Sceptile, F, shiny|281\/281
|-damage|p2a: Broccoli Beatdown|246\/281|[from] Stealth Rock
|turn|14
|
|switch|p1a: Sylveon|Sylveon, F|393\/393
|detailschange|p2a: Broccoli Beatdown|Sceptile-Mega, F, shiny
|-mega|p2a: Broccoli Beatdown|Sceptile|Sceptilite
|move|p2a: Broccoli Beatdown|Giga Drain|p1a: Sylveon
|-damage|p1a: Sylveon|309\/393
|-heal|p2a: Broccoli Beatdown|281\/281|[from] drain|[of] p1a: Sylveon
|
|-heal|p1a: Sylveon|333\/393|[from] item: Leftovers
|turn|15
|
|switch|p2a: Darmanitran|Heatran, F|385\/385
|-damage|p2a: Darmanitran|337\/385|[from] Stealth Rock
|move|p1a: Sylveon|Hyper Voice|p2a: Darmanitran
|-resisted|p2a: Darmanitran
|-damage|p2a: Darmanitran|309\/385
|
|-heal|p2a: Darmanitran|333\/385|[from] item: Leftovers
|-heal|p1a: Sylveon|357\/393|[from] item: Leftovers
|turn|16
|
|switch|p1a: Keldeo|Keldeo|121\/323
|move|p2a: Darmanitran|Stealth Rock|p1a: Keldeo
|-sidestart|p1: ThunderAspyk|move: Stealth Rock
|
|-heal|p2a: Darmanitran|357\/385|[from] item: Leftovers
|turn|17
|leave|Kioskate
|
|move|p2a: Darmanitran|Protect|p2a: Darmanitran
|-singleturn|p2a: Darmanitran|Protect
|move|p1a: Keldeo|Icy Wind|p2a: Darmanitran
|-activate|p2a: Darmanitran|Protect
|
|-heal|p2a: Darmanitran|381\/385|[from] item: Leftovers
|turn|18
|player|p2
|join|Kioskate
|player|p2|Kioskate|265
|
|switch|p1a: Sylveon|Sylveon, F|357\/393
|-damage|p1a: Sylveon|308\/393|[from] Stealth Rock
|switch|p2a: Calliope|Latios, M, shiny|301\/301
|-damage|p2a: Calliope|264\/301|[from] Stealth Rock
|
|-heal|p1a: Sylveon|332\/393|[from] item: Leftovers
|turn|19
|
|move|p2a: Calliope|Psyshock|p1a: Sylveon
|-damage|p1a: Sylveon|63\/393
|-damage|p2a: Calliope|234\/301|[from] item: Life Orb
|move|p1a: Sylveon|Wish|p1a: Sylveon
|
|-heal|p1a: Sylveon|87\/393|[from] item: Leftovers
|turn|20
|
|move|p1a: Sylveon|Protect|p1a: Sylveon
|-singleturn|p1a: Sylveon|Protect
|move|p2a: Calliope|Psyshock|p1a: Sylveon
|-activate|p1a: Sylveon|Protect
|
|-heal|p1a: Sylveon|283\/393|[from] move: Wish|[wisher] Sylveon
|-heal|p1a: Sylveon|307\/393|[from] item: Leftovers
|turn|21
|
|move|p2a: Calliope|Psyshock|p1a: Sylveon
|-crit|p1a: Sylveon
|-damage|p1a: Sylveon|0 fnt
|-damage|p2a: Calliope|204\/301|[from] item: Life Orb
|faint|p1a: Sylveon
|
|c|âThunderAspyk|lol
|
|switch|p1a: Gothitelle|Gothitelle, M|281\/281
|-damage|p1a: Gothitelle|246\/281|[from] Stealth Rock
|turn|22
|c|âKioskate|?
|
|move|p2a: Calliope|Draco Meteor|p1a: Gothitelle
|-damage|p1a: Gothitelle|0 fnt
|-unboost|p2a: Calliope|spa|2
|-damage|p2a: Calliope|174\/301|[from] item: Life Orb
|faint|p1a: Gothitelle
|
|
|switch|p1a: Keldeo|Keldeo|121\/323
|-damage|p1a: Keldeo|101\/323|[from] Stealth Rock
|turn|23
|
|move|p1a: Keldeo|Icy Wind|p2a: Calliope
|-miss|p1a: Keldeo|p2a: Calliope
|move|p2a: Calliope|Psyshock|p1a: Keldeo
|-supereffective|p1a: Keldeo
|-damage|p1a: Keldeo|0 fnt
|-damage|p2a: Calliope|144\/301|[from] item: Life Orb
|faint|p1a: Keldeo
|
|
|switch|p1a: Gyarados|Gyarados, F|353\/353
|-damage|p1a: Gyarados|265\/353|[from] Stealth Rock
|-ability|p1a: Gyarados|Intimidate|[of] p2a: Calliope
|-unboost|p2a: Calliope|atk|1
|turn|24
|
|switch|p2a: Hugh|Diggersby, M, shiny|311\/311
|-damage|p2a: Hugh|292\/311|[from] Stealth Rock
|detailschange|p1a: Gyarados|Gyarados-Mega, F
|-mega|p1a: Gyarados|Gyarados|Gyaradosite
|-ability|p1a: Gyarados|Mold Breaker
|move|p1a: Gyarados|Dragon Dance|p1a: Gyarados
|-boost|p1a: Gyarados|atk|1
|-boost|p1a: Gyarados|spe|1
|
|turn|25
|
|move|p1a: Gyarados|Waterfall|p2a: Hugh
|-supereffective|p2a: Hugh
|-damage|p2a: Hugh|0 fnt
|faint|p2a: Hugh
|
|
|switch|p2a: Broccoli Beatdown|Sceptile-Mega, F, shiny|281\/281
|-damage|p2a: Broccoli Beatdown|246\/281|[from] Stealth Rock
|turn|26
|
|move|p2a: Broccoli Beatdown|Giga Drain|p1a: Gyarados
|-supereffective|p1a: Gyarados
|-damage|p1a: Gyarados|35\/353
|-heal|p2a: Broccoli Beatdown|281\/281|[from] drain|[of] p1a: Gyarados
|move|p1a: Gyarados|Crunch|p2a: Broccoli Beatdown
|-damage|p2a: Broccoli Beatdown|0 fnt
|faint|p2a: Broccoli Beatdown
|
|
|switch|p2a: Darmanitran|Heatran, F|381\/385
|-damage|p2a: Darmanitran|333\/385|[from] Stealth Rock
|turn|27
|
|move|p1a: Gyarados|Earthquake|p2a: Darmanitran
|-supereffective|p2a: Darmanitran
|-damage|p2a: Darmanitran|0 fnt
|faint|p2a: Darmanitran
|
|
|switch|p2a: Calliope|Latios, M, shiny|144\/301
|-damage|p2a: Calliope|107\/301|[from] Stealth Rock
|turn|28
|
|move|p1a: Gyarados|Crunch|p2a: Calliope
|-supereffective|p2a: Calliope
|-damage|p2a: Calliope|0 fnt
|faint|p2a: Calliope
|
|win|ThunderAspyk
|raw|Ladder updating...
|raw|ThunderAspyk's rating: 1134 &rarr; <strong>1166<\/strong><br \/>(+32 for winning)
|raw|Kioskate's rating: 1230 &rarr; <strong>1199<\/strong><br \/>(-31 for losing)