|join|Century Express
|join|ULT Toenail
|player|p1|Century Express|226
|player|p2|ULT Toenail|147
|gametype|singles
|gen|6
|tier|UU
|rule|Sleep Clause Mod: Limit one foe put to sleep
|rule|Species Clause: Limit one of each PokÃ©mon
|rule|OHKO Clause: OHKO moves are banned
|rule|Moody Clause: Moody is banned
|rule|Evasion Moves Clause: Evasion moves are banned
|rule|Endless Battle Clause: Forcing endless battles is banned
|rule|HP Percentage Mod: HP is shown in percentages
|clearpoke
|poke|p1|Jirachi
|poke|p1|Crobat, M
|poke|p1|Mienshao, M
|poke|p1|Machamp, M
|poke|p1|Snorlax, M
|poke|p1|Sharpedo, M
|poke|p2|Snorlax, M
|poke|p2|Whimsicott, M
|poke|p2|Hydreigon, M
|poke|p2|Doublade, M, shiny
|poke|p2|Cobalion
|poke|p2|Tentacruel, F
|rule|Swagger Clause: Swagger is banned
|rule|Baton Pass Clause: Limit one PokÃ©mon knowing Baton Pass
|teampreview
|c|âULT Toenail|glhf
|c|âCentury Express|hf
|
|start
|switch|p1a: Roundabout|Snorlax, M|461\/461
|switch|p2a: nichze|Tentacruel, F|363\/363
|turn|1
|
|move|p2a: nichze|Toxic Spikes|p1a: Roundabout
|-sidestart|p1: Century Express|move: Toxic Spikes
|move|p1a: Roundabout|Earthquake|p2a: nichze
|-supereffective|p2a: nichze
|-damage|p2a: nichze|0 fnt
|faint|p2a: nichze
|
|
|switch|p2a: Tu Madre|Snorlax, M|497\/497
|turn|2
|
|switch|p1a: Adam|Machamp, M|361\/361
|-status|p1a: Adam|psn
|move|p2a: Tu Madre|Body Slam|p1a: Adam
|-damage|p1a: Adam|219\/361 psn
|
|-damage|p1a: Adam|174\/361 psn|[from] psn
|turn|3
|
|switch|p2a: Cotton Pickin'|Whimsicott, M|261\/261
|move|p1a: Adam|Knock Off|p2a: Cotton Pickin'
|-resisted|p2a: Cotton Pickin'
|-damage|p2a: Cotton Pickin'|156\/261
|-enditem|p2a: Cotton Pickin'|Leftovers|[from] move: Knock Off|[of] p1a: Adam
|
|-damage|p1a: Adam|129\/361 psn|[from] psn
|turn|4
|
|switch|p1a: Purple Haze|Crobat, M|373\/373
|move|p2a: Cotton Pickin'|U-turn|p1a: Purple Haze
|-resisted|p1a: Purple Haze
|-damage|p1a: Purple Haze|362\/373
|
|switch|p2a: SlashinLikeAnAxew|Doublade, M, shiny|321\/321
|
|turn|5
|
|move|p1a: Purple Haze|Taunt|p2a: SlashinLikeAnAxew
|-start|p2a: SlashinLikeAnAxew|move: Taunt
|cant|p2a: SlashinLikeAnAxew|move: Taunt|Swords Dance
|
|turn|6
|
|move|p1a: Purple Haze|Acrobatics|p2a: SlashinLikeAnAxew
|-resisted|p2a: SlashinLikeAnAxew
|-damage|p2a: SlashinLikeAnAxew|294\/321
|move|p2a: SlashinLikeAnAxew|Iron Head|p1a: Purple Haze
|-damage|p1a: Purple Haze|205\/373
|
|turn|7
|join|Eyan
|
|switch|p1a: Roundabout|Snorlax, M|461\/461
|-status|p1a: Roundabout|psn
|move|p2a: SlashinLikeAnAxew|Iron Head|p1a: Roundabout
|-damage|p1a: Roundabout|281\/461 psn
|
|-damage|p1a: Roundabout|224\/461 psn|[from] psn
|-end|p2a: SlashinLikeAnAxew|move: Taunt
|turn|8
|
|move|p1a: Roundabout|Pursuit|p2a: SlashinLikeAnAxew|[from]Pursuit
|-supereffective|p2a: SlashinLikeAnAxew
|-damage|p2a: SlashinLikeAnAxew|164\/321
|switch|p2a: Dr. Dreigon|Hydreigon, M|325\/325
|
|-damage|p1a: Roundabout|167\/461 psn|[from] psn
|turn|9
|join|Pawsome
|
|switch|p1a: Shoot Star|Jirachi|404\/404
|move|p2a: Dr. Dreigon|U-turn|p1a: Shoot Star
|-damage|p1a: Shoot Star|349\/404
|
|switch|p2a: SlashinLikeAnAxew|Doublade, M, shiny|164\/321
|
|-heal|p1a: Shoot Star|374\/404|[from] item: Leftovers
|turn|10
|
|move|p1a: Shoot Star|U-turn|p2a: SlashinLikeAnAxew
|-resisted|p2a: SlashinLikeAnAxew
|-damage|p2a: SlashinLikeAnAxew|157\/321
|
|switch|p1a: Roundabout|Snorlax, M|167\/461 psn
|move|p2a: SlashinLikeAnAxew|Swords Dance|p2a: SlashinLikeAnAxew
|-boost|p2a: SlashinLikeAnAxew|atk|2
|
|-damage|p1a: Roundabout|110\/461 psn|[from] psn
|turn|11
|
|move|p2a: SlashinLikeAnAxew|Iron Head|p1a: Roundabout
|-damage|p1a: Roundabout|0 fnt
|faint|p1a: Roundabout
|
|join|Emma Bae â¥
|
|switch|p1a: Sharpedo|Sharpedo, M|281\/281
|-status|p1a: Sharpedo|psn
|turn|12
|join|xShiba
|c| Emma Bae â¥|daayum toenail 20-1
|c| xShiba|aye toenail
|c| Emma Bae â¥|with dat sexy 83 gxe
|
|switch|p2a: Simba|Cobalion|370\/370
|detailschange|p1a: Sharpedo|Sharpedo-Mega, M
|-mega|p1a: Sharpedo|Sharpedo|Sharpedonite
|move|p1a: Sharpedo|Crunch|p2a: Simba
|-resisted|p2a: Simba
|-damage|p2a: Simba|278\/370
|-boost|p2a: Simba|atk|1|[from] ability: Justified
|
|-heal|p2a: Simba|301\/370|[from] item: Leftovers
|-damage|p1a: Sharpedo|246\/281 psn|[from] psn
|turn|13
|c|âULT Toenail|hello
|
|switch|p1a: Purple Haze|Crobat, M|205\/373
|move|p2a: Simba|Stealth Rock|p1a: Purple Haze
|-sidestart|p1: Century Express|move: Stealth Rock
|
|-heal|p2a: Simba|324\/370|[from] item: Leftovers
|turn|14
|
|switch|p2a: SlashinLikeAnAxew|Doublade, M, shiny|157\/321
|move|p1a: Purple Haze|Acrobatics|p2a: SlashinLikeAnAxew
|-crit|p2a: SlashinLikeAnAxew
|-resisted|p2a: SlashinLikeAnAxew
|-damage|p2a: SlashinLikeAnAxew|119\/321
|
|turn|15
|
|move|p1a: Purple Haze|Acrobatics|p2a: SlashinLikeAnAxew
|-resisted|p2a: SlashinLikeAnAxew
|-damage|p2a: SlashinLikeAnAxew|93\/321
|move|p2a: SlashinLikeAnAxew|Swords Dance|p2a: SlashinLikeAnAxew
|-boost|p2a: SlashinLikeAnAxew|atk|2
|
|turn|16
|
|move|p1a: Purple Haze|Taunt|p2a: SlashinLikeAnAxew
|-start|p2a: SlashinLikeAnAxew|move: Taunt
|move|p2a: SlashinLikeAnAxew|Iron Head|p1a: Purple Haze
|-damage|p1a: Purple Haze|0 fnt
|faint|p1a: Purple Haze
|
|
|switch|p1a: Sharpedo|Sharpedo-Mega, M|246\/281 psn
|-damage|p1a: Sharpedo|211\/281 psn|[from] Stealth Rock
|turn|17
|
|switch|p2a: Simba|Cobalion|324\/370
|move|p1a: Sharpedo|Crunch|p2a: Simba
|-crit|p2a: Simba
|-resisted|p2a: Simba
|-damage|p2a: Simba|183\/370
|-boost|p2a: Simba|atk|1|[from] ability: Justified
|
|-heal|p2a: Simba|206\/370|[from] item: Leftovers
|-damage|p1a: Sharpedo|176\/281 psn|[from] psn
|turn|18
|
|switch|p1a: Adam|Machamp, M|129\/361 psn
|-damage|p1a: Adam|107\/361 psn|[from] Stealth Rock
|move|p2a: Simba|Close Combat|p1a: Adam
|-damage|p1a: Adam|0 fnt
|-unboost|p2a: Simba|def|1
|-unboost|p2a: Simba|spd|1
|faint|p1a: Adam
|
|-heal|p2a: Simba|229\/370|[from] item: Leftovers
|
|switch|p1a: Shoot Star|Jirachi|374\/404
|-damage|p1a: Shoot Star|349\/404|[from] Stealth Rock
|turn|19
|
|move|p2a: Simba|Close Combat|p1a: Shoot Star
|-damage|p1a: Shoot Star|144\/404
|-unboost|p2a: Simba|def|1
|-unboost|p2a: Simba|spd|1
|move|p1a: Shoot Star|Stealth Rock|p2a: Simba
|-sidestart|p2: ULT Toenail|move: Stealth Rock
|
|-heal|p2a: Simba|252\/370|[from] item: Leftovers
|-heal|p1a: Shoot Star|169\/404|[from] item: Leftovers
|turn|20
|
|move|p2a: Simba|Close Combat|p1a: Shoot Star
|-damage|p1a: Shoot Star|0 fnt
|-unboost|p2a: Simba|def|1
|-unboost|p2a: Simba|spd|1
|faint|p1a: Shoot Star
|
|-heal|p2a: Simba|275\/370|[from] item: Leftovers
|
|switch|p1a: Sharpedo|Sharpedo-Mega, M|176\/281 psn
|-damage|p1a: Sharpedo|141\/281 psn|[from] Stealth Rock
|turn|21
|
|switch|p2a: Dr. Dreigon|Hydreigon, M|325\/325
|-damage|p2a: Dr. Dreigon|285\/325|[from] Stealth Rock
|move|p1a: Sharpedo|Waterfall|p2a: Dr. Dreigon
|-resisted|p2a: Dr. Dreigon
|-damage|p2a: Dr. Dreigon|205\/325
|
|-damage|p1a: Sharpedo|106\/281 psn|[from] psn
|turn|22
|
|move|p2a: Dr. Dreigon|U-turn|p1a: Sharpedo
|-supereffective|p1a: Sharpedo
|-damage|p1a: Sharpedo|0 fnt
|faint|p1a: Sharpedo
|
|switch|p2a: Simba|Cobalion|275\/370
|-damage|p2a: Simba|264\/370|[from] Stealth Rock
|
|-heal|p2a: Simba|287\/370|[from] item: Leftovers
|
|switch|p1a: Artshaolin|Mienshao, M|271\/271
|-damage|p1a: Artshaolin|255\/271|[from] Stealth Rock
|-status|p1a: Artshaolin|psn
|turn|23
|
|move|p1a: Artshaolin|High Jump Kick|p2a: Simba
|-supereffective|p2a: Simba
|-damage|p2a: Simba|0 fnt
|faint|p2a: Simba
|
|-damage|p1a: Artshaolin|222\/271 psn|[from] psn
|
|switch|p2a: SlashinLikeAnAxew|Doublade, M, shiny|93\/321
|-damage|p2a: SlashinLikeAnAxew|73\/321|[from] Stealth Rock
|turn|24
|
|move|p2a: SlashinLikeAnAxew|Shadow Sneak|p1a: Artshaolin
|-damage|p1a: Artshaolin|125\/271 psn
|move|p1a: Artshaolin|High Jump Kick|p2a: SlashinLikeAnAxew
|-immune|p2a: SlashinLikeAnAxew|[msg]
|-damage|p1a: Artshaolin|0 fnt|[from] highjumpkick
|faint|p1a: Artshaolin
|
|win|ULT Toenail
|c|âULT Toenail|gg
|leave|Century Express
|player|p1
|leave|Emma Bae â¥
|leave|Eyan