|join|Pachirisu Queen
|join|Mudla
|player|p1|Pachirisu Queen|143
|player|p2|Mudla|98
|gametype|singles
|gen|6
|tier|OU
|rated
|clearpoke
|poke|p1|Ferrothorn, M
|poke|p1|Raikou
|poke|p1|Quagsire, M
|poke|p1|Latias, F
|poke|p1|Aurorus, F
|poke|p1|Beedrill, F
|poke|p2|Suicune
|poke|p2|Hippowdon, F
|poke|p2|Celebi
|poke|p2|Metagross
|poke|p2|Hawlucha, F
|poke|p2|Latios, M
|rule|Swagger Clause: Swagger is banned
|rule|Baton Pass Clause: Limit one PokÃ©mon knowing Baton Pass
|rule|Sleep Clause Mod: Limit one foe put to sleep
|rule|Species Clause: Limit one of each PokÃ©mon
|rule|OHKO Clause: OHKO moves are banned
|rule|Moody Clause: Moody is banned
|rule|Evasion Moves Clause: Evasion moves are banned
|rule|Endless Battle Clause: Forcing endless battles is banned
|rule|HP Percentage Mod: HP is shown in percentages
|teampreview
|
|start
|switch|p1a: Arctic Queen|Aurorus, F|387\/387
|switch|p2a: Metagross|Metagross|318\/318
|turn|1
|
|switch|p1a: Royal Barbz|Ferrothorn, M|337\/337
|detailschange|p2a: Metagross|Metagross-Mega
|-mega|p2a: Metagross|Metagross|Metagrossite
|move|p2a: Metagross|Substitute|p2a: Metagross
|-start|p2a: Metagross|Substitute
|-damage|p2a: Metagross|239\/318
|
|turn|2
|
|move|p2a: Metagross|Power-Up Punch|p1a: Royal Barbz
|-supereffective|p1a: Royal Barbz
|-damage|p1a: Royal Barbz|229\/337
|-damage|p2a: Metagross|200\/318|[from] ability: Iron Barbs|[of] p1a: Royal Barbz
|-boost|p2a: Metagross|atk|1
|move|p1a: Royal Barbz|Stealth Rock|p2a: Metagross
|-sidestart|p2: Mudla|move: Stealth Rock
|
|-heal|p1a: Royal Barbz|250\/337|[from] item: Leftovers
|turn|3
|
|switch|p1a: Swamp King|Quagsire, M|393\/393
|move|p2a: Metagross|Power-Up Punch|p1a: Swamp King
|-damage|p1a: Swamp King|331\/393
|-boost|p2a: Metagross|atk|1
|
|-heal|p1a: Swamp King|355\/393|[from] item: Leftovers
|turn|4
|
|move|p2a: Metagross|Zen Headbutt|p1a: Swamp King
|-damage|p1a: Swamp King|190\/393
|move|p1a: Swamp King|Earthquake|p2a: Metagross
|-supereffective|p2a: Metagross
|-end|p2a: Metagross|Substitute
|
|-heal|p1a: Swamp King|214\/393|[from] item: Leftovers
|turn|5
|
|move|p2a: Metagross|Zen Headbutt|p1a: Swamp King
|-damage|p1a: Swamp King|25\/393
|move|p1a: Swamp King|Recover|p1a: Swamp King
|-heal|p1a: Swamp King|222\/393
|
|-heal|p1a: Swamp King|246\/393|[from] item: Leftovers
|turn|6
|
|switch|p1a: Royal Barbz|Ferrothorn, M|250\/337
|move|p2a: Metagross|Zen Headbutt|p1a: Royal Barbz
|-resisted|p1a: Royal Barbz
|-damage|p1a: Royal Barbz|101\/337
|-damage|p2a: Metagross|161\/318|[from] ability: Iron Barbs|[of] p1a: Royal Barbz
|
|-heal|p1a: Royal Barbz|122\/337|[from] item: Leftovers
|turn|7
|
|switch|p1a: Swamp King|Quagsire, M|246\/393
|move|p2a: Metagross|Zen Headbutt|p1a: Swamp King
|-damage|p1a: Swamp King|66\/393
|
|-heal|p1a: Swamp King|90\/393|[from] item: Leftovers
|turn|8
|
|move|p2a: Metagross|Zen Headbutt|p1a: Swamp King
|-damage|p1a: Swamp King|0 fnt
|faint|p1a: Swamp King
|
|
|switch|p1a: Jungle Prince|Raikou|320\/320
|-ability|p1a: Jungle Prince|Pressure
|turn|9
|
|move|p1a: Jungle Prince|Volt Switch|p2a: Metagross
|-damage|p2a: Metagross|62\/318
|
|switch|p1a: Royal Barbz|Ferrothorn, M|122\/337
|move|p2a: Metagross|Zen Headbutt|p1a: Royal Barbz
|-resisted|p1a: Royal Barbz
|-damage|p1a: Royal Barbz|0 fnt
|-damage|p2a: Metagross|23\/318|[from] ability: Iron Barbs|[of] p1a: Royal Barbz
|faint|p1a: Royal Barbz
|
|
|switch|p1a: Hive Queen|Beedrill, F|271\/271
|turn|10
|
|detailschange|p1a: Hive Queen|Beedrill-Mega, F
|-mega|p1a: Hive Queen|Beedrill|Beedrillite
|move|p1a: Hive Queen|Protect|p1a: Hive Queen
|-singleturn|p1a: Hive Queen|Protect
|move|p2a: Metagross|Zen Headbutt|p1a: Hive Queen
|-activate|p1a: Hive Queen|Protect
|
|turn|11
|
|move|p1a: Hive Queen|U-turn|p2a: Metagross
|-damage|p2a: Metagross|0 fnt
|faint|p2a: Metagross
|
|switch|p1a: Sky Goddess|Latias, F|301\/301
|
|
|switch|p2a: Celebi|Celebi|401\/401
|-damage|p2a: Celebi|351\/401|[from] Stealth Rock
|turn|12
|
|switch|p1a: Hive Queen|Beedrill-Mega, F|271\/271
|move|p2a: Celebi|Recover|p2a: Celebi
|-heal|p2a: Celebi|401\/401
|
|turn|13
|
|switch|p2a: Hippowdon|Hippowdon, F|420\/420
|-damage|p2a: Hippowdon|394\/420|[from] Stealth Rock
|move|p1a: Hive Queen|U-turn|p2a: Hippowdon
|-damage|p2a: Hippowdon|260\/420
|
|switch|p1a: Arctic Queen|Aurorus, F|387\/387
|
|-heal|p2a: Hippowdon|286\/420|[from] item: Leftovers
|turn|14
|
|switch|p2a: Celebi|Celebi|401\/401
|-damage|p2a: Celebi|351\/401|[from] Stealth Rock
|move|p1a: Arctic Queen|Rock Polish|p1a: Arctic Queen
|-boost|p1a: Arctic Queen|spe|2
|
|-heal|p2a: Celebi|376\/401|[from] item: Leftovers
|turn|15
|
|move|p1a: Arctic Queen|Hyper Voice|p2a: Celebi
|-supereffective|p2a: Celebi
|-damage|p2a: Celebi|0 fnt
|-damage|p1a: Arctic Queen|349\/387|[from] item: Life Orb
|faint|p2a: Celebi
|
|
|switch|p2a: Suicune|Suicune|404\/404
|-damage|p2a: Suicune|354\/404|[from] Stealth Rock
|-ability|p2a: Suicune|Pressure
|turn|16
|
|move|p1a: Arctic Queen|Freeze-Dry|p2a: Suicune
|-supereffective|p2a: Suicune
|-damage|p2a: Suicune|102\/404
|-damage|p1a: Arctic Queen|311\/387|[from] item: Life Orb
|move|p2a: Suicune|Calm Mind|p2a: Suicune
|-boost|p2a: Suicune|spa|1
|-boost|p2a: Suicune|spd|1
|
|-heal|p2a: Suicune|127\/404|[from] item: Leftovers
|turn|17
|
|move|p1a: Arctic Queen|Freeze-Dry|p2a: Suicune
|-supereffective|p2a: Suicune
|-damage|p2a: Suicune|0 fnt
|-damage|p1a: Arctic Queen|273\/387|[from] item: Life Orb
|faint|p2a: Suicune
|
|-message|Mudla forfeited.
|
|win|Pachirisu Queen
|raw|Ladder updating...
|leave|Mudla
|player|p2
|raw|Pachirisu Queen's rating: 1551 &rarr; <strong>1574<\/strong><br \/>(+23 for winning)
|raw|Mudla's rating: 1605 &rarr; <strong>1582<\/strong><br \/>(-23 for losing)