|join|RS Cocaine
|join|Super Mario Bros
|player|p1|RS Cocaine|29
|player|p2|Super Mario Bros|155
|gametype|singles
|gen|6
|tier|OU
|rated
|clearpoke
|poke|p1|Bisharp, F
|poke|p1|Pinsir, M
|poke|p1|Excadrill, M
|poke|p1|Latios, M
|poke|p1|Hippowdon, F
|poke|p1|Keldeo
|poke|p2|Vaporeon, F
|poke|p2|Zapdos
|poke|p2|Mew
|poke|p2|Scolipede, F
|poke|p2|Espeon, M
|poke|p2|Sylveon, M
|rule|Sleep Clause Mod: Limit one foe put to sleep
|rule|Species Clause: Limit one of each Pokemon
|rule|OHKO Clause: OHKO moves are banned
|rule|Moody Clause: Moody is banned
|rule|Evasion Moves Clause: Evasion moves are banned
|rule|Endless Battle Clause: Forcing endless battles is banned.
|rule|HP Percentage Mod: HP is reported as percentages
|teampreview
|
|start
|switch|p1a: Pinsir|Pinsir, M|271\/271
|switch|p2a: Scolipede|Scolipede, F|324\/324
|turn|1
|
|switch|p1a: Bisharp|Bisharp, F|279\/279
|move|p2a: Scolipede|Iron Defense|p2a: Scolipede
|-boost|p2a: Scolipede|def|2
|
|-boost|p2a: Scolipede|spe|1|[from] ability: Speed Boost
|turn|2
|chat|RS Cocaine|why
|chat|RS Cocaine|you die
|chat|RS Cocaine|gdi
|
|move|p2a: Scolipede|Substitute|p2a: Scolipede
|-start|p2a: Scolipede|Substitute
|-damage|p2a: Scolipede|243\/324
|move|p1a: Bisharp|Knock Off|p2a: Scolipede
|-end|p2a: Scolipede|Substitute
|
|-boost|p2a: Scolipede|spe|1|[from] ability: Speed Boost
|turn|3
|
|move|p2a: Scolipede|Iron Defense|p2a: Scolipede
|-boost|p2a: Scolipede|def|2
|move|p1a: Bisharp|Knock Off|p2a: Scolipede
|-damage|p2a: Scolipede|174\/324
|-enditem|p2a: Scolipede|Mental Herb|[from] move: Knock Off|[of] p1a: Bisharp
|
|-boost|p2a: Scolipede|spe|1|[from] ability: Speed Boost
|turn|4
|join|fuck christmas
|
|switch|p1a: Keldeo|Keldeo|322\/322
|move|p2a: Scolipede|Substitute|p2a: Scolipede
|-start|p2a: Scolipede|Substitute
|-damage|p2a: Scolipede|93\/324
|
|-boost|p2a: Scolipede|spe|1|[from] ability: Speed Boost
|turn|5
|
|move|p2a: Scolipede|Baton Pass|p2a: Scolipede
|
|switch|p2a: Sylveon|Sylveon, M|394\/394
|move|p1a: Keldeo|Secret Sword|p2a: Sylveon
|-resisted|p2a: Sylveon
|-activate|p2a: Sylveon|Substitute|[damage]
|
|turn|6
|-message|RS Cocaine forfeited.
|
|win|Super Mario Bros
|raw|Ladder updating...
|leave|RS Cocaine
|player|p1
|raw|RS Cocaine's rating: 1862 &rarr; <strong>1840<\/strong><br \/>(-22 for losing)
|raw|Super Mario Bros's rating: 1826 &rarr; <strong>1848<\/strong><br \/>(+22 for winning)