|join|Super Mario Bros
|join|tisca22
|player|p1|Super Mario Bros|155
|player|p2|tisca22|2
|gametype|singles
|gen|6
|tier|OU
|rated
|clearpoke
|poke|p1|Serperior, M
|poke|p1|Altaria, M
|poke|p1|Rotom-Wash
|poke|p1|Landorus-Therian, M
|poke|p1|Heatran, F
|poke|p1|Mandibuzz, F
|poke|p2|Klefki, F
|poke|p2|Azumarill, F
|poke|p2|Landorus-Therian, M
|poke|p2|Clefable, M
|poke|p2|Latias, F
|poke|p2|Conkeldurr, F
|rule|Swagger Clause: Swagger is banned
|rule|Baton Pass Clause: Limit one PokÃ©mon knowing Baton Pass
|rule|Sleep Clause Mod: Limit one foe put to sleep
|rule|Species Clause: Limit one of each PokÃ©mon
|rule|OHKO Clause: OHKO moves are banned
|rule|Moody Clause: Moody is banned
|rule|Evasion Moves Clause: Evasion moves are banned
|rule|Endless Battle Clause: Forcing endless battles is banned
|rule|HP Percentage Mod: HP is shown in percentages
|teampreview
|
|start
|switch|p1a: Rotom-Wash|Rotom-Wash|304\/304
|switch|p2a: Klefki|Klefki, F|317\/317
|turn|1
|
|move|p2a: Klefki|Light Screen|p2a: Klefki
|-sidestart|p2: tisca22|move: Light Screen
|move|p1a: Rotom-Wash|Will-O-Wisp|p2a: Klefki
|-status|p2a: Klefki|brn
|
|-damage|p2a: Klefki|278\/317 brn|[from] brn
|turn|2
|
|move|p2a: Klefki|Reflect|p2a: Klefki
|-sidestart|p2: tisca22|Reflect
|move|p1a: Rotom-Wash|Volt Switch|p2a: Klefki
|-damage|p2a: Klefki|231\/317 brn
|
|switch|p1a: Mandibuzz|Mandibuzz, F|424\/424
|
|-damage|p2a: Klefki|192\/317 brn|[from] brn
|turn|3
|
|move|p2a: Klefki|Thunder Wave|p1a: Mandibuzz
|-status|p1a: Mandibuzz|par
|move|p1a: Mandibuzz|Defog|p2a: Klefki
|-unboost|p2a: Klefki|evasion|1
|-sideend|p2: tisca22|Reflect
|-sideend|p2: tisca22|Reflect|[from] move: Defog|[of] p2a: Klefki
|-sideend|p2: tisca22|move: Light Screen
|-sideend|p2: tisca22|Light Screen|[from] move: Defog|[of] p2a: Klefki
|
|-damage|p2a: Klefki|153\/317 brn|[from] brn
|turn|4
|
|move|p2a: Klefki|Light Screen|p2a: Klefki
|-sidestart|p2: tisca22|move: Light Screen
|move|p1a: Mandibuzz|Foul Play|p2a: Klefki
|-resisted|p2a: Klefki
|-damage|p2a: Klefki|121\/317 brn
|
|-damage|p2a: Klefki|82\/317 brn|[from] brn
|turn|5
|
|switch|p2a: Clefable|Clefable, M|393\/393
|cant|p1a: Mandibuzz|par
|
|turn|6
|
|switch|p2a: Landorus-Therian|Landorus-Therian, M|381\/381
|-ability|p2a: Landorus-Therian|Intimidate|[of] p1a: Mandibuzz
|-unboost|p1a: Mandibuzz|atk|1
|cant|p1a: Mandibuzz|par
|
|turn|7
|
|move|p2a: Landorus-Therian|Stone Edge|p1a: Mandibuzz
|-supereffective|p1a: Mandibuzz
|-damage|p1a: Mandibuzz|128\/424 par
|cant|p1a: Mandibuzz|par
|
|-heal|p1a: Mandibuzz|154\/424 par|[from] item: Leftovers
|turn|8
|
|switch|p1a: Landorus-Therian|Landorus-Therian, M|319\/319
|-ability|p1a: Landorus-Therian|Intimidate|[of] p2a: Landorus-Therian
|-unboost|p2a: Landorus-Therian|atk|1
|move|p2a: Landorus-Therian|Stone Edge|p1a: Landorus-Therian|[miss]
|-miss|p2a: Landorus-Therian|p1a: Landorus-Therian
|
|turn|9
|
|switch|p2a: Klefki|Klefki, F|82\/317 brn
|move|p1a: Landorus-Therian|U-turn|p2a: Klefki
|-crit|p2a: Klefki
|-resisted|p2a: Klefki
|-damage|p2a: Klefki|58\/317 brn
|
|switch|p1a: Mandibuzz|Mandibuzz, F|154\/424 par
|
|-heal|p1a: Mandibuzz|180\/424 par|[from] item: Leftovers
|-damage|p2a: Klefki|19\/317 brn|[from] brn
|turn|10
|
|switch|p2a: Azumarill|Azumarill, F|401\/401
|cant|p1a: Mandibuzz|par
|
|-heal|p1a: Mandibuzz|206\/424 par|[from] item: Leftovers
|turn|11
|
|move|p2a: Azumarill|Play Rough|p1a: Mandibuzz
|-supereffective|p1a: Mandibuzz
|-damage|p1a: Mandibuzz|0 fnt
|faint|p1a: Mandibuzz
|
|-sideend|p2: tisca22|move: Light Screen
|
|switch|p1a: Rotom-Wash|Rotom-Wash|304\/304
|turn|12
|
|switch|p2a: Clefable|Clefable, M|393\/393
|move|p1a: Rotom-Wash|Volt Switch|p2a: Clefable
|-damage|p2a: Clefable|293\/393
|
|switch|p1a: Heatran|Heatran, F|386\/386
|
|-heal|p2a: Clefable|317\/393|[from] item: Leftovers
|turn|13
|
|switch|p2a: Conkeldurr|Conkeldurr, F|413\/413
|move|p1a: Heatran|Stealth Rock|p2a: Conkeldurr
|-sidestart|p2: tisca22|move: Stealth Rock
|
|turn|14
|
|switch|p1a: Altaria|Altaria, M|354\/354
|move|p2a: Conkeldurr|Ice Punch|p1a: Altaria
|-supereffective|p1a: Altaria
|-damage|p1a: Altaria|0 fnt
|faint|p1a: Altaria
|
|
|switch|p1a: Landorus-Therian|Landorus-Therian, M|319\/319
|-ability|p1a: Landorus-Therian|Intimidate|[of] p2a: Conkeldurr
|-unboost|p2a: Conkeldurr|atk|1
|turn|15
|
|move|p1a: Landorus-Therian|U-turn|p2a: Conkeldurr
|-resisted|p2a: Conkeldurr
|-damage|p2a: Conkeldurr|365\/413
|
|switch|p1a: Rotom-Wash|Rotom-Wash|304\/304
|move|p2a: Conkeldurr|Knock Off|p1a: Rotom-Wash
|-crit|p1a: Rotom-Wash
|-damage|p1a: Rotom-Wash|149\/304
|-enditem|p1a: Rotom-Wash|Leftovers|[from] move: Knock Off|[of] p2a: Conkeldurr
|
|turn|16
|
|move|p1a: Rotom-Wash|Will-O-Wisp|p2a: Conkeldurr
|-status|p2a: Conkeldurr|brn
|move|p2a: Conkeldurr|Drain Punch|p1a: Rotom-Wash
|-damage|p1a: Rotom-Wash|29\/304
|-heal|p2a: Conkeldurr|413\/413 brn|[from] drain|[of] p1a: Rotom-Wash
|
|-damage|p2a: Conkeldurr|362\/413 brn|[from] brn
|turn|17
|
|move|p1a: Rotom-Wash|Pain Split|p2a: Conkeldurr
|-sethp|p2a: Conkeldurr|195\/413 brn|p1a: Rotom-Wash|195\/304|[from] move: Pain Split
|move|p2a: Conkeldurr|Ice Punch|p1a: Rotom-Wash
|-resisted|p1a: Rotom-Wash
|-damage|p1a: Rotom-Wash|159\/304
|
|-damage|p2a: Conkeldurr|144\/413 brn|[from] brn
|turn|18
|
|move|p1a: Rotom-Wash|Hydro Pump|p2a: Conkeldurr
|-damage|p2a: Conkeldurr|24\/413 brn
|move|p2a: Conkeldurr|Drain Punch|p1a: Rotom-Wash
|-damage|p1a: Rotom-Wash|41\/304
|-heal|p2a: Conkeldurr|83\/413 brn|[from] drain|[of] p1a: Rotom-Wash
|
|-damage|p2a: Conkeldurr|32\/413 brn|[from] brn
|turn|19
|
|move|p2a: Conkeldurr|Mach Punch|p1a: Rotom-Wash
|-damage|p1a: Rotom-Wash|0 fnt
|faint|p1a: Rotom-Wash
|
|-damage|p2a: Conkeldurr|0 fnt|[from] brn
|faint|p2a: Conkeldurr
|
|switch|p1a: Heatran|Heatran, F|386\/386
|switch|p2a: Klefki|Klefki, F|19\/317 brn
|-damage|p2a: Klefki|0 fnt|[from] Stealth Rock
|faint|p2a: Klefki
|
|switch|p2a: Azumarill|Azumarill, F|401\/401
|-damage|p2a: Azumarill|351\/401|[from] Stealth Rock
|turn|20
|
|move|p1a: Heatran|Will-O-Wisp|p2a: Azumarill|[miss]
|-miss|p1a: Heatran|p2a: Azumarill
|move|p2a: Azumarill|Play Rough|p1a: Heatran
|-resisted|p1a: Heatran
|-damage|p1a: Heatran|342\/386
|
|-heal|p1a: Heatran|366\/386|[from] item: Leftovers
|turn|21
|
|move|p1a: Heatran|Will-O-Wisp|p2a: Azumarill|[miss]
|-miss|p1a: Heatran|p2a: Azumarill
|move|p2a: Azumarill|Waterfall|p1a: Heatran
|-supereffective|p1a: Heatran
|-damage|p1a: Heatran|58\/386
|
|-heal|p1a: Heatran|82\/386|[from] item: Leftovers
|turn|22
|c|âSuper Mario Bros|lol
|c|âtisca22|lol
|
|move|p2a: Azumarill|Aqua Jet|p1a: Heatran
|-supereffective|p1a: Heatran
|-damage|p1a: Heatran|0 fnt
|faint|p1a: Heatran
|
|
|switch|p1a: Serperior|Serperior, M|291\/291
|turn|23
|
|switch|p2a: Clefable|Clefable, M|317\/393
|move|p1a: Serperior|Leaf Storm|p2a: Clefable
|-damage|p2a: Clefable|139\/393
|-boost|p1a: Serperior|spa|2
|
|-heal|p2a: Clefable|163\/393|[from] item: Leftovers
|turn|24
|
|move|p1a: Serperior|Leaf Storm|p2a: Clefable
|-damage|p2a: Clefable|0 fnt
|-boost|p1a: Serperior|spa|2
|faint|p2a: Clefable
|
|
|switch|p2a: Latias|Latias, F|363\/363
|-damage|p2a: Latias|318\/363|[from] Stealth Rock
|turn|25
|
|detailschange|p2a: Latias|Latias-Mega, F
|-mega|p2a: Latias|Latias|Latiasite
|move|p1a: Serperior|Substitute|p1a: Serperior
|-start|p1a: Serperior|Substitute
|-damage|p1a: Serperior|219\/291
|move|p2a: Latias|Draco Meteor|p1a: Serperior
|-end|p1a: Serperior|Substitute
|-unboost|p2a: Latias|spa|2
|
|-heal|p1a: Serperior|237\/291|[from] item: Leftovers
|turn|26
|
|move|p1a: Serperior|Substitute|p1a: Serperior
|-start|p1a: Serperior|Substitute
|-damage|p1a: Serperior|165\/291
|move|p2a: Latias|Psyshock|p1a: Serperior
|-end|p1a: Serperior|Substitute
|
|-heal|p1a: Serperior|183\/291|[from] item: Leftovers
|turn|27
|
|move|p1a: Serperior|Leech Seed|p2a: Latias
|-start|p2a: Latias|move: Leech Seed
|move|p2a: Latias|Psyshock|p1a: Serperior
|-damage|p1a: Serperior|90\/291
|
|-heal|p1a: Serperior|108\/291|[from] item: Leftovers
|-damage|p2a: Latias|273\/363|[from] Leech Seed|[of] p1a: Serperior
|-heal|p1a: Serperior|153\/291|[silent]
|turn|28
|
|move|p1a: Serperior|Substitute|p1a: Serperior
|-start|p1a: Serperior|Substitute
|-damage|p1a: Serperior|81\/291
|move|p2a: Latias|Psyshock|p1a: Serperior
|-end|p1a: Serperior|Substitute
|
|-heal|p1a: Serperior|99\/291|[from] item: Leftovers
|-damage|p2a: Latias|228\/363|[from] Leech Seed|[of] p1a: Serperior
|-heal|p1a: Serperior|144\/291|[silent]
|turn|29
|join|Prankster
|
|move|p1a: Serperior|Substitute|p1a: Serperior
|-start|p1a: Serperior|Substitute
|-damage|p1a: Serperior|72\/291
|move|p2a: Latias|Psyshock|p1a: Serperior
|-end|p1a: Serperior|Substitute
|
|-heal|p1a: Serperior|90\/291|[from] item: Leftovers
|-damage|p2a: Latias|183\/363|[from] Leech Seed|[of] p1a: Serperior
|-heal|p1a: Serperior|135\/291|[silent]
|turn|30
|
|move|p1a: Serperior|Substitute|p1a: Serperior
|-start|p1a: Serperior|Substitute
|-damage|p1a: Serperior|63\/291
|move|p2a: Latias|Psyshock|p1a: Serperior
|-end|p1a: Serperior|Substitute
|
|-heal|p1a: Serperior|81\/291|[from] item: Leftovers
|-damage|p2a: Latias|138\/363|[from] Leech Seed|[of] p1a: Serperior
|-heal|p1a: Serperior|126\/291|[silent]
|turn|31
|
|switch|p2a: Azumarill|Azumarill, F|351\/401
|-damage|p2a: Azumarill|301\/401|[from] Stealth Rock
|move|p1a: Serperior|Leaf Storm|p2a: Azumarill
|-supereffective|p2a: Azumarill
|-damage|p2a: Azumarill|0 fnt
|-boost|p1a: Serperior|spa|2
|faint|p2a: Azumarill
|
|-heal|p1a: Serperior|144\/291|[from] item: Leftovers
|
|switch|p2a: Latias|Latias-Mega, F|138\/363
|-damage|p2a: Latias|93\/363|[from] Stealth Rock
|turn|32
|c|âSuper Mario Bros|hmmmm
|
|move|p1a: Serperior|Leaf Storm|p2a: Latias
|-resisted|p2a: Latias
|-damage|p2a: Latias|0 fnt
|faint|p2a: Latias
|
|-heal|p1a: Serperior|162\/291|[from] item: Leftovers
|
|switch|p2a: Landorus-Therian|Landorus-Therian, M|381\/381
|-damage|p2a: Landorus-Therian|334\/381|[from] Stealth Rock
|-ability|p2a: Landorus-Therian|Intimidate|[of] p1a: Serperior
|-boost|p1a: Serperior|atk|1
|turn|33
|
|move|p1a: Serperior|Hidden Power|p2a: Landorus-Therian
|-damage|p2a: Landorus-Therian|101\/381
|move|p2a: Landorus-Therian|U-turn|p1a: Serperior
|-supereffective|p1a: Serperior
|-damage|p1a: Serperior|0 fnt
|faint|p1a: Serperior
|
|
|switch|p1a: Landorus-Therian|Landorus-Therian, M|319\/319
|-ability|p1a: Landorus-Therian|Intimidate|[of] p2a: Landorus-Therian
|-unboost|p2a: Landorus-Therian|atk|1
|turn|34
|c|âSuper Mario Bros|gg
|
|move|p1a: Landorus-Therian|Knock Off|p2a: Landorus-Therian
|-damage|p2a: Landorus-Therian|0 fnt
|-enditem|p2a: Landorus-Therian|Choice Band|[from] move: Knock Off|[of] p1a: Landorus-Therian
|faint|p2a: Landorus-Therian
|
|win|Super Mario Bros
|raw|Ladder updating...
|c|âtisca22|gg
|raw|Super Mario Bros's rating: 1293 &rarr; <strong>1318<\/strong><br \/>(+25 for winning)
|raw|tisca22's rating: 1288 &rarr; <strong>1264<\/strong><br \/>(-24 for losing)
|leave|tisca22
|player|p2
|leave|Super Mario Bros
|player|p1
|join|Super Mario Bros