|join|Super Mario Bros
|join|SCRUBY LORDY SMELL
|player|p1|Super Mario Bros|155
|player|p2|SCRUBY LORDY SMELL|253
|gametype|singles
|gen|6
|tier|OU
|rated
|clearpoke
|poke|p1|Serperior, F
|poke|p1|Altaria, F
|poke|p1|Slowking, M
|poke|p1|Landorus-Therian, M
|poke|p1|Heatran, F
|poke|p1|Mandibuzz, F
|poke|p2|Sableye, M
|poke|p2|Rotom-Wash
|poke|p2|Metagross
|poke|p2|Garchomp, M
|poke|p2|Clefable, M
|poke|p2|Empoleon, M
|rule|Swagger Clause: Swagger is banned
|rule|Baton Pass Clause: Limit one PokÃ©mon knowing Baton Pass
|rule|Sleep Clause Mod: Limit one foe put to sleep
|rule|Species Clause: Limit one of each PokÃ©mon
|rule|OHKO Clause: OHKO moves are banned
|rule|Moody Clause: Moody is banned
|rule|Evasion Moves Clause: Evasion moves are banned
|rule|Endless Battle Clause: Forcing endless battles is banned
|rule|HP Percentage Mod: HP is shown in percentages
|teampreview
|
|start
|switch|p1a: Serperior|Serperior, F|291\/291
|switch|p2a: Sableye|Sableye, M|304\/304
|turn|1
|
|move|p2a: Sableye|Will-O-Wisp|p1a: Serperior
|-status|p1a: Serperior|brn
|move|p1a: Serperior|Substitute|p1a: Serperior
|-start|p1a: Serperior|Substitute
|-damage|p1a: Serperior|219\/291 brn
|
|-heal|p1a: Serperior|237\/291 brn|[from] item: Leftovers
|-damage|p1a: Serperior|201\/291 brn|[from] brn
|turn|2
|
|switch|p2a: Metagross|Metagross|302\/302
|move|p1a: Serperior|Leaf Storm|p2a: Metagross
|-resisted|p2a: Metagross
|-damage|p2a: Metagross|210\/302
|-boost|p1a: Serperior|spa|2
|
|-heal|p1a: Serperior|219\/291 brn|[from] item: Leftovers
|-damage|p1a: Serperior|183\/291 brn|[from] brn
|turn|3
|
|switch|p2a: Clefable|Clefable, M|394\/394
|move|p1a: Serperior|Hidden Power|p2a: Clefable
|-damage|p2a: Clefable|301\/394
|
|-heal|p1a: Serperior|201\/291 brn|[from] item: Leftovers
|-heal|p2a: Clefable|325\/394|[from] item: Leftovers
|-damage|p1a: Serperior|165\/291 brn|[from] brn
|turn|4
|
|move|p1a: Serperior|Leech Seed|p2a: Clefable
|-start|p2a: Clefable|move: Leech Seed
|move|p2a: Clefable|Soft-Boiled|p2a: Clefable
|-heal|p2a: Clefable|394\/394
|
|-heal|p1a: Serperior|183\/291 brn|[from] item: Leftovers
|-damage|p1a: Serperior|147\/291 brn|[from] brn
|turn|5
|
|move|p1a: Serperior|Leaf Storm|p2a: Clefable
|-damage|p2a: Clefable|103\/394
|-boost|p1a: Serperior|spa|2
|move|p2a: Clefable|Flamethrower|p1a: Serperior
|-supereffective|p1a: Serperior
|-end|p1a: Serperior|Substitute
|
|-heal|p1a: Serperior|165\/291 brn|[from] item: Leftovers
|-heal|p2a: Clefable|127\/394|[from] item: Leftovers
|-damage|p1a: Serperior|129\/291 brn|[from] brn
|turn|6
|
|move|p1a: Serperior|Leaf Storm|p2a: Clefable
|-damage|p2a: Clefable|0 fnt
|-boost|p1a: Serperior|spa|2
|faint|p2a: Clefable
|
|-heal|p1a: Serperior|147\/291 brn|[from] item: Leftovers
|-damage|p1a: Serperior|111\/291 brn|[from] brn
|
|switch|p2a: Metagross|Metagross|210\/302
|turn|7
|
|switch|p1a: Slowking|Slowking, M|393\/393
|detailschange|p2a: Metagross|Metagross-Mega
|-mega|p2a: Metagross|Metagross|Metagrossite
|move|p2a: Metagross|Bullet Punch|p1a: Slowking
|-resisted|p1a: Slowking
|-damage|p1a: Slowking|350\/393
|
|turn|8
|
|switch|p2a: Sableye|Sableye, M|304\/304
|move|p1a: Slowking|Scald|p2a: Sableye
|-damage|p2a: Sableye|183\/304
|
|-heal|p2a: Sableye|202\/304|[from] item: Leftovers
|turn|9
|
|move|p2a: Sableye|Knock Off|p1a: Slowking
|-supereffective|p1a: Slowking
|-damage|p1a: Slowking|192\/393
|-enditem|p1a: Slowking|Assault Vest|[from] move: Knock Off|[of] p2a: Sableye
|move|p1a: Slowking|Scald|p2a: Sableye
|-damage|p2a: Sableye|93\/304
|
|-heal|p2a: Sableye|112\/304|[from] item: Leftovers
|turn|10
|
|move|p2a: Sableye|Recover|p2a: Sableye
|-heal|p2a: Sableye|264\/304
|move|p1a: Slowking|Scald|p2a: Sableye
|-damage|p2a: Sableye|152\/304
|
|-heal|p2a: Sableye|171\/304|[from] item: Leftovers
|turn|11
|
|move|p2a: Sableye|Recover|p2a: Sableye
|-heal|p2a: Sableye|304\/304
|move|p1a: Slowking|Scald|p2a: Sableye
|-damage|p2a: Sableye|198\/304
|
|-heal|p2a: Sableye|217\/304|[from] item: Leftovers
|turn|12
|
|move|p2a: Sableye|Will-O-Wisp|p1a: Slowking
|-status|p1a: Slowking|brn
|move|p1a: Slowking|Scald|p2a: Sableye
|-damage|p2a: Sableye|94\/304
|-status|p2a: Sableye|brn
|
|-heal|p2a: Sableye|113\/304 brn|[from] item: Leftovers
|-damage|p2a: Sableye|75\/304 brn|[from] brn
|-damage|p1a: Slowking|143\/393 brn|[from] brn
|turn|13
|
|switch|p1a: Altaria|Altaria, F|354\/354
|move|p2a: Sableye|Recover|p2a: Sableye
|-heal|p2a: Sableye|227\/304 brn
|
|-heal|p2a: Sableye|246\/304 brn|[from] item: Leftovers
|-damage|p2a: Sableye|208\/304 brn|[from] brn
|turn|14
|
|detailschange|p1a: Altaria|Altaria-Mega, F
|-mega|p1a: Altaria|Altaria|Altarianite
|move|p2a: Sableye|Will-O-Wisp|p1a: Altaria
|-status|p1a: Altaria|brn
|move|p1a: Altaria|Heal Bell|p1a: Altaria
|-cureteam|p1a: Altaria|[from] move: HealBell
|
|-heal|p2a: Sableye|227\/304 brn|[from] item: Leftovers
|-damage|p2a: Sableye|189\/304 brn|[from] brn
|turn|15
|
|switch|p1a: Heatran|Heatran, F|386\/386
|move|p2a: Sableye|Recover|p2a: Sableye
|-heal|p2a: Sableye|304\/304 brn
|
|-damage|p2a: Sableye|266\/304 brn|[from] brn
|turn|16
|
|move|p1a: Heatran|Stealth Rock|p2a: Sableye
|-sidestart|p2: SCRUBY LORDY SMELL|move: Stealth Rock
|move|p2a: Sableye|Knock Off|p1a: Heatran
|-damage|p1a: Heatran|344\/386
|-enditem|p1a: Heatran|Leftovers|[from] move: Knock Off|[of] p2a: Sableye
|
|-heal|p2a: Sableye|285\/304 brn|[from] item: Leftovers
|-damage|p2a: Sableye|247\/304 brn|[from] brn
|turn|17
|
|switch|p2a: Empoleon|Empoleon, M|342\/342
|-damage|p2a: Empoleon|321\/342|[from] Stealth Rock
|move|p1a: Heatran|Taunt|p2a: Empoleon
|-start|p2a: Empoleon|move: Taunt
|
|-heal|p2a: Empoleon|342\/342|[from] item: Leftovers
|turn|18
|
|move|p1a: Heatran|Earth Power|p2a: Empoleon
|-supereffective|p2a: Empoleon
|-damage|p2a: Empoleon|224\/342
|-unboost|p2a: Empoleon|spd|1
|move|p2a: Empoleon|Scald|p1a: Heatran
|-supereffective|p1a: Heatran
|-damage|p1a: Heatran|188\/386
|
|-heal|p2a: Empoleon|245\/342|[from] item: Leftovers
|turn|19
|
|move|p1a: Heatran|Earth Power|p2a: Empoleon
|-supereffective|p2a: Empoleon
|-damage|p2a: Empoleon|71\/342
|move|p2a: Empoleon|Scald|p1a: Heatran
|-supereffective|p1a: Heatran
|-damage|p1a: Heatran|0 fnt
|faint|p1a: Heatran
|
|-heal|p2a: Empoleon|92\/342|[from] item: Leftovers
|
|switch|p1a: Serperior|Serperior, F|111\/291
|turn|20
|
|switch|p2a: Garchomp|Garchomp, M|358\/358
|-damage|p2a: Garchomp|336\/358|[from] Stealth Rock
|move|p1a: Serperior|Leaf Storm|p2a: Garchomp|[miss]
|-miss|p1a: Serperior|p2a: Garchomp
|
|-heal|p1a: Serperior|129\/291|[from] item: Leftovers
|turn|21
|
|switch|p1a: Altaria|Altaria-Mega, F|354\/354
|move|p2a: Garchomp|Fire Blast|p1a: Altaria|[miss]
|-miss|p2a: Garchomp|p1a: Altaria
|
|turn|22
|
|switch|p2a: Empoleon|Empoleon, M|92\/342
|-damage|p2a: Empoleon|71\/342|[from] Stealth Rock
|move|p1a: Altaria|Dragon Dance|p1a: Altaria
|-boost|p1a: Altaria|atk|1
|-boost|p1a: Altaria|spe|1
|
|-heal|p2a: Empoleon|92\/342|[from] item: Leftovers
|turn|23
|
|move|p1a: Altaria|Return|p2a: Empoleon
|-resisted|p2a: Empoleon
|-damage|p2a: Empoleon|0 fnt
|faint|p2a: Empoleon
|
|
|switch|p2a: Metagross|Metagross-Mega|210\/302
|-damage|p2a: Metagross|192\/302|[from] Stealth Rock
|turn|24
|
|switch|p1a: Slowking|Slowking, M|274\/393
|move|p2a: Metagross|Bullet Punch|p1a: Slowking
|-resisted|p1a: Slowking
|-damage|p1a: Slowking|227\/393
|
|turn|25
|
|switch|p2a: Sableye|Sableye, M|247\/304 brn
|-damage|p2a: Sableye|209\/304 brn|[from] Stealth Rock
|move|p1a: Slowking|Fire Blast|p2a: Sableye
|-damage|p2a: Sableye|111\/304 brn
|
|-heal|p2a: Sableye|130\/304 brn|[from] item: Leftovers
|-damage|p2a: Sableye|92\/304 brn|[from] brn
|turn|26
|
|switch|p1a: Altaria|Altaria-Mega, F|354\/354
|move|p2a: Sableye|Recover|p2a: Sableye
|-heal|p2a: Sableye|244\/304 brn
|
|-heal|p2a: Sableye|263\/304 brn|[from] item: Leftovers
|-damage|p2a: Sableye|225\/304 brn|[from] brn
|turn|27
|
|move|p2a: Sableye|Will-O-Wisp|p1a: Altaria|[miss]
|-miss|p2a: Sableye|p1a: Altaria
|move|p1a: Altaria|Return|p2a: Sableye
|-supereffective|p2a: Sableye
|-damage|p2a: Sableye|0 fnt
|faint|p2a: Sableye
|
|
|switch|p2a: Metagross|Metagross-Mega|192\/302
|-damage|p2a: Metagross|174\/302|[from] Stealth Rock
|turn|28
|
|switch|p1a: Slowking|Slowking, M|358\/393
|move|p2a: Metagross|Meteor Mash|p1a: Slowking
|-resisted|p1a: Slowking
|-damage|p1a: Slowking|265\/393
|
|turn|29
|
|switch|p2a: Garchomp|Garchomp, M|336\/358
|-damage|p2a: Garchomp|314\/358|[from] Stealth Rock
|move|p1a: Slowking|Scald|p2a: Garchomp
|-damage|p2a: Garchomp|194\/358
|
|turn|30
|
|switch|p1a: Mandibuzz|Mandibuzz, F|424\/424
|move|p2a: Garchomp|Earthquake|p1a: Mandibuzz
|-immune|p1a: Mandibuzz|[msg]
|
|turn|31
|
|switch|p2a: Rotom-Wash|Rotom-Wash|304\/304
|-damage|p2a: Rotom-Wash|266\/304|[from] Stealth Rock
|move|p1a: Mandibuzz|U-turn|p2a: Rotom-Wash
|-damage|p2a: Rotom-Wash|236\/304
|
|switch|p1a: Serperior|Serperior, F|129\/291
|
|-heal|p1a: Serperior|147\/291|[from] item: Leftovers
|-heal|p2a: Rotom-Wash|255\/304|[from] item: Leftovers
|turn|32
|
|move|p1a: Serperior|Leaf Storm|p2a: Rotom-Wash
|-supereffective|p2a: Rotom-Wash
|-damage|p2a: Rotom-Wash|0 fnt
|-boost|p1a: Serperior|spa|2
|faint|p2a: Rotom-Wash
|
|-heal|p1a: Serperior|165\/291|[from] item: Leftovers
|-message|SCRUBY LORDY SMELL forfeited.
|
|win|Super Mario Bros
|raw|Ladder updating...
|leave|SCRUBY LORDY SMELL
|player|p2
|raw|Super Mario Bros's rating: 1414 &rarr; <strong>1434<\/strong><br \/>(+20 for winning)
|raw|SCRUBY LORDY SMELL's rating: 1423 &rarr; <strong>1402<\/strong><br \/>(-21 for losing)