|join|DinnerCannon
|join|Super Mario Bros
|player|p1|DinnerCannon|170
|player|p2|Super Mario Bros|155
|gametype|singles
|gen|6
|tier|OU
|rated
|clearpoke
|poke|p1|Charizard, M
|poke|p1|Genesect
|poke|p1|Mandibuzz, F
|poke|p1|Blissey, F
|poke|p1|Aegislash, M
|poke|p1|Gyarados, F
|poke|p2|Heatran, M
|poke|p2|Talonflame, F
|poke|p2|Sylveon, M
|poke|p2|Manaphy
|poke|p2|Genesect
|poke|p2|Lucario, M
|rule|Sleep Clause Mod: Limit one foe put to sleep
|rule|Species Clause: Limit one of each Pokemon
|rule|OHKO Clause: OHKO moves are banned
|rule|Moody Clause: Moody is banned
|rule|Evasion Moves Clause: Evasion moves are banned
|rule|Endless Battle Clause: Forcing endless battles is banned.
|rule|HP Percentage Mod: HP is reported as percentages
|teampreview
|callback|decision
|
|start
|switch|p1a: Mandibuzz|Mandibuzz, F|424\/424
|switch|p2a: Genesect|Genesect|283\/283
|-boost|p2a: Genesect|spa|1|[from] ability: Download
|turn|1
|callback|decision
|
|move|p2a: Genesect|U-turn|p1a: Mandibuzz
|-damage|p1a: Mandibuzz|349\/424
|callback|decision
|
|switch|p2a: Heatran|Heatran, M|386\/386
|move|p1a: Mandibuzz|Roost|p1a: Mandibuzz
|-heal|p1a: Mandibuzz|424\/424
|
|turn|2
|callback|decision
|
|move|p2a: Heatran|Toxic|p1a: Mandibuzz|[miss]
|-miss|p2a: Heatran|p1a: Mandibuzz
|move|p1a: Mandibuzz|Knock Off|p2a: Heatran
|-damage|p2a: Heatran|308\/386
|-enditem|p2a: Heatran|Leftovers|[from] move: Knock Off|[of] p1a: Mandibuzz
|
|turn|3
|callback|decision
|
|switch|p1a: Aegislash|Aegislash, M|324\/324
|move|p2a: Heatran|Stealth Rock|p1a: Aegislash
|-sidestart|p1: DinnerCannon|move: Stealth Rock
|
|turn|4
|callback|decision
|
|move|p2a: Heatran|Lava Plume|p1a: Aegislash
|-supereffective|p1a: Aegislash
|-damage|p1a: Aegislash|172\/324
|-formechange|p1a: Aegislash|Aegislash-Blade
|move|p1a: Aegislash|Sacred Sword|p2a: Heatran
|-supereffective|p2a: Heatran
|-damage|p2a: Heatran|132\/386
|
|-heal|p1a: Aegislash|192\/324|[from] item: Leftovers
|turn|5
|callback|decision
|
|-formechange|p1a: Aegislash|Aegislash
|move|p1a: Aegislash|King's Shield|p1a: Aegislash
|-singleturn|p1a: Aegislash|Protect
|move|p2a: Heatran|Lava Plume|p1a: Aegislash
|-activate|p1a: Aegislash|Protect
|
|-heal|p1a: Aegislash|212\/324|[from] item: Leftovers
|turn|6
|callback|decision
|
|move|p2a: Heatran|Lava Plume|p1a: Aegislash
|-supereffective|p1a: Aegislash
|-damage|p1a: Aegislash|30\/324
|-status|p1a: Aegislash|brn
|-formechange|p1a: Aegislash|Aegislash-Blade
|move|p1a: Aegislash|Sacred Sword|p2a: Heatran
|-supereffective|p2a: Heatran
|-damage|p2a: Heatran|36\/386
|
|-heal|p1a: Aegislash|50\/324 brn|[from] item: Leftovers
|-damage|p1a: Aegislash|10\/324 brn|[from] brn
|turn|7
|callback|decision
|
|switch|p2a: Talonflame|Talonflame, F|359\/359
|move|p1a: Aegislash|Shadow Ball|p2a: Talonflame
|-damage|p2a: Talonflame|134\/359
|
|-heal|p1a: Aegislash|30\/324 brn|[from] item: Leftovers
|-damage|p1a: Aegislash|0 fnt|[from] brn
|faint|p1a: Aegislash
|callback|decision
|
|switch|p1a: Mandibuzz|Mandibuzz, F|424\/424
|-damage|p1a: Mandibuzz|318\/424|[from] Stealth Rock
|turn|8
|callback|decision
|
|move|p2a: Talonflame|Brave Bird|p1a: Mandibuzz
|-damage|p1a: Mandibuzz|150\/424
|-damage|p2a: Talonflame|79\/359|[from] recoil|[of] p1a: Mandibuzz
|move|p1a: Mandibuzz|Defog|p2a: Talonflame
|-unboost|p2a: Talonflame|evasion|1
|-sideend|p1: DinnerCannon|Stealth Rock|[from] move: Defog|[of] p1a: Mandibuzz
|
|-heal|p1a: Mandibuzz|176\/424|[from] item: Leftovers
|turn|9
|callback|decision
|
|switch|p2a: Heatran|Heatran, M|36\/386
|move|p1a: Mandibuzz|Roost|p1a: Mandibuzz
|-heal|p1a: Mandibuzz|388\/424
|
|-heal|p1a: Mandibuzz|414\/424|[from] item: Leftovers
|turn|10
|callback|decision
|
|switch|p1a: Blissey|Blissey, F|714\/714
|move|p2a: Heatran|Lava Plume|p1a: Blissey
|-damage|p1a: Blissey|615\/714
|-status|p1a: Blissey|brn
|
|-heal|p1a: Blissey|659\/714 brn|[from] item: Leftovers
|-damage|p1a: Blissey|570\/714 brn|[from] brn
|turn|11
|callback|decision
|
|move|p2a: Heatran|Stealth Rock|p1a: Blissey
|-sidestart|p1: DinnerCannon|move: Stealth Rock
|move|p1a: Blissey|Thunder Wave|p2a: Heatran
|-status|p2a: Heatran|par
|
|-heal|p1a: Blissey|614\/714 brn|[from] item: Leftovers
|-damage|p1a: Blissey|525\/714 brn|[from] brn
|turn|12
|callback|decision
|
|switch|p2a: Lucario|Lucario, M|281\/281
|move|p1a: Blissey|Seismic Toss|p2a: Lucario
|-damage|p2a: Lucario|181\/281
|
|-heal|p1a: Blissey|569\/714 brn|[from] item: Leftovers
|-damage|p1a: Blissey|480\/714 brn|[from] brn
|turn|13
|callback|decision
|
|-formechange|p2a: Lucario|Lucario-Mega
|message|Lucario has Mega Evolved into Mega Lucario!
|move|p2a: Lucario|Close Combat|p1a: Blissey
|-supereffective|p1a: Blissey
|-damage|p1a: Blissey|0 fnt
|-unboost|p2a: Lucario|def|1
|-unboost|p2a: Lucario|spd|1
|faint|p1a: Blissey
|
|callback|decision
|
|switch|p1a: Mandibuzz|Mandibuzz, F|414\/424
|-damage|p1a: Mandibuzz|308\/424|[from] Stealth Rock
|turn|14
|callback|decision
|
|move|p2a: Lucario|Swords Dance|p2a: Lucario
|-boost|p2a: Lucario|atk|2
|move|p1a: Mandibuzz|Defog|p2a: Lucario
|-unboost|p2a: Lucario|evasion|1
|-sideend|p1: DinnerCannon|Stealth Rock|[from] move: Defog|[of] p1a: Mandibuzz
|
|-heal|p1a: Mandibuzz|334\/424|[from] item: Leftovers
|turn|15
|callback|decision
|
|move|p2a: Lucario|Close Combat|p1a: Mandibuzz
|-damage|p1a: Mandibuzz|0 fnt
|-unboost|p2a: Lucario|def|1
|-unboost|p2a: Lucario|spd|1
|faint|p1a: Mandibuzz
|
|callback|decision
|
|switch|p1a: Charizard|Charizard, M|298\/298
|turn|16
|callback|decision
|
|-formechange|p1a: Charizard|Charizard-Mega-Y
|message|Charizard has Mega Evolved into Mega Charizard!
|-weather|SunnyDay
|move|p2a: Lucario|Close Combat|p1a: Charizard
|-resisted|p1a: Charizard
|-damage|p1a: Charizard|0 fnt
|-unboost|p2a: Lucario|def|1
|-unboost|p2a: Lucario|spd|1
|faint|p1a: Charizard
|
|-weather|SunnyDay|[upkeep]
|callback|decision
|chat|DinnerCannon|god that thing is op
|chat|Super Mario Bros|^^^^^^
|
|switch|p1a: Gyarados|Gyarados, F|369\/369
|-ability|p1a: Gyarados|Intimidate|[of] p2a: Lucario
|-unboost|p2a: Lucario|atk|1
|turn|17
|callback|decision
|chat|DinnerCannon|its only cuz
|chat|DinnerCannon|i cant tell if its physical or special
|chat|Super Mario Bros|i honestly feel like a sucker when i don't use it
|chat|Super Mario Bros|because it's so broken
|
|move|p2a: Lucario|Close Combat|p1a: Gyarados
|-crit|p1a: Gyarados
|-resisted|p1a: Gyarados
|-damage|p1a: Gyarados|0 fnt
|-unboost|p2a: Lucario|def|1
|-unboost|p2a: Lucario|spd|1
|faint|p1a: Gyarados
|
|-weather|SunnyDay|[upkeep]
|callback|decision
|-message|DinnerCannon forfeited.
|
|win|Super Mario Bros
|raw|Ladder updating...
|leave|DinnerCannon
|player|p1
|raw|DinnerCannon's rating: 1383 &rarr; <strong>1358<\/strong><br \/>(-25 for losing)
|raw|Super Mario Bros's rating: 1376 &rarr; <strong>1402<\/strong><br \/>(+26 for winning)