|join|Krendorfin
|join|Super Mario Bros
|player|p1|Krendorfin|170
|player|p2|Super Mario Bros|155
|gametype|singles
|gen|6
|tier|OU
|rated
|clearpoke
|poke|p1|Alakazam, M
|poke|p1|Smeargle, F
|poke|p1|Terrakion
|poke|p1|Kyurem-Black
|poke|p1|Landorus-Therian, M
|poke|p1|Sylveon, M
|poke|p2|Heatran, M
|poke|p2|Talonflame, M
|poke|p2|Sylveon, M
|poke|p2|Manaphy
|poke|p2|Genesect
|poke|p2|Lucario, F
|rule|Sleep Clause Mod: Limit one foe put to sleep
|rule|Species Clause: Limit one of each Pokemon
|rule|OHKO Clause: OHKO moves are banned
|rule|Moody Clause: Moody is banned
|rule|Evasion Moves Clause: Evasion moves are banned
|rule|Endless Battle Clause: Forcing endless battles is banned.
|rule|HP Percentage Mod: HP is reported as percentages
|teampreview
|callback|decision
|
|start
|switch|p1a: Smeargle|Smeargle, F|314\/314
|switch|p2a: Genesect|Genesect|283\/283
|-boost|p2a: Genesect|atk|1|[from] ability: Download
|turn|1
|callback|decision
|
|move|p2a: Genesect|U-turn|p1a: Smeargle
|-damage|p1a: Smeargle|13\/314
|callback|decision
|
|switch|p2a: Talonflame|Talonflame, M|359\/359
|move|p1a: Smeargle|Spore|p2a: Talonflame
|-status|p2a: Talonflame|slp
|
|turn|2
|callback|decision
|
|cant|p2a: Talonflame|slp
|move|p1a: Smeargle|Sticky Web|p2a: Talonflame
|-sidestart|p2: Super Mario Bros|move: Sticky Web
|
|turn|3
|callback|decision
|
|cant|p2a: Talonflame|slp
|move|p1a: Smeargle|Stealth Rock|p2a: Talonflame
|-sidestart|p2: Super Mario Bros|move: Stealth Rock
|
|turn|4
|callback|decision
|
|switch|p1a: Landorus-Therian|Landorus-Therian, M|381\/381
|-ability|p1a: Landorus-Therian|Intimidate|[of] p2a: Talonflame
|-unboost|p2a: Talonflame|atk|1
|cant|p2a: Talonflame|slp
|
|turn|5
|callback|decision
|
|-curestatus|p2a: Talonflame|slp
|move|p2a: Talonflame|U-turn|p1a: Landorus-Therian
|-resisted|p1a: Landorus-Therian
|-damage|p1a: Landorus-Therian|349\/381
|callback|decision
|
|switch|p2a: Manaphy|Manaphy|404\/404
|-damage|p2a: Manaphy|354\/404|[from] Stealth Rock
|-activate|p2a: Manaphy|move: Sticky Web
|-unboost|p2a: Manaphy|spe|1
|move|p1a: Landorus-Therian|Stone Edge|p2a: Manaphy
|-damage|p2a: Manaphy|247\/404
|
|-heal|p1a: Landorus-Therian|372\/381|[from] item: Leftovers
|-heal|p2a: Manaphy|272\/404|[from] item: Leftovers
|turn|6
|callback|decision
|
|move|p1a: Landorus-Therian|Knock Off|p2a: Manaphy
|-damage|p2a: Manaphy|165\/404
|-enditem|p2a: Manaphy|Leftovers|[from] move: Knock Off|[of] p1a: Landorus-Therian
|move|p2a: Manaphy|Ice Beam|p1a: Landorus-Therian
|-supereffective|p1a: Landorus-Therian
|-damage|p1a: Landorus-Therian|0 fnt
|faint|p1a: Landorus-Therian
|
|callback|decision
|
|switch|p1a: Alakazam|Alakazam, M|252\/252
|turn|7
|callback|decision
|
|-formechange|p1a: Alakazam|Alakazam-Mega
|message|Alakazam has Mega Evolved into Mega Alakazam!
|-ability|p1a: Alakazam|Hydration|[from] ability: Trace|[of] p2a: Manaphy
|move|p1a: Alakazam|Psyshock|p2a: Manaphy
|-damage|p2a: Manaphy|0 fnt
|faint|p2a: Manaphy
|
|callback|decision
|
|switch|p2a: Talonflame|Talonflame, M|359\/359
|-damage|p2a: Talonflame|180\/359|[from] Stealth Rock
|turn|8
|callback|decision
|
|switch|p1a: Sylveon|Sylveon, M|393\/393
|move|p2a: Talonflame|Brave Bird|p1a: Sylveon
|-damage|p1a: Sylveon|143\/393
|-damage|p2a: Talonflame|97\/359|[from] recoil|[of] p1a: Sylveon
|
|-heal|p1a: Sylveon|167\/393|[from] item: Leftovers
|turn|9
|callback|decision
|
|move|p1a: Sylveon|Protect|p1a: Sylveon
|-singleturn|p1a: Sylveon|Protect
|move|p2a: Talonflame|Brave Bird|p1a: Sylveon
|-activate|p1a: Sylveon|Protect
|
|-heal|p1a: Sylveon|191\/393|[from] item: Leftovers
|turn|10
|callback|decision
|
|move|p2a: Talonflame|Brave Bird|p1a: Sylveon
|-damage|p1a: Sylveon|0 fnt
|-damage|p2a: Talonflame|34\/359|[from] recoil|[of] p1a: Sylveon
|faint|p1a: Sylveon
|
|callback|decision
|
|switch|p1a: Kyurem-Black|Kyurem-Black|405\/405
|-ability|p1a: Kyurem-Black|Teravolt
|turn|11
|callback|decision
|
|move|p2a: Talonflame|Brave Bird|p1a: Kyurem-Black
|-crit|p1a: Kyurem-Black
|-damage|p1a: Kyurem-Black|0 fnt
|-damage|p2a: Talonflame|0 fnt|[from] recoil|[of] p1a: Kyurem-Black
|faint|p1a: Kyurem-Black
|faint|p2a: Talonflame
|
|callback|decision
|
|switch|p2a: Genesect|Genesect|283\/283
|-activate|p2a: Genesect|move: Sticky Web
|-unboost|p2a: Genesect|spe|1
|-damage|p2a: Genesect|248\/283|[from] Stealth Rock
|switch|p1a: Smeargle|Smeargle, F|13\/314
|-boost|p2a: Genesect|atk|1|[from] ability: Download
|turn|12
|callback|decision
|
|move|p2a: Genesect|Ice Beam|p1a: Smeargle
|-damage|p1a: Smeargle|0 fnt
|faint|p1a: Smeargle
|
|callback|decision
|
|switch|p1a: Terrakion|Terrakion|323\/323
|turn|13
|callback|decision
|
|move|p1a: Terrakion|Earthquake|p2a: Genesect
|-damage|p2a: Genesect|50\/283
|move|p2a: Genesect|Ice Beam|p1a: Terrakion
|-damage|p1a: Terrakion|203\/323
|
|turn|14
|callback|decision
|
|move|p1a: Terrakion|Earthquake|p2a: Genesect
|-damage|p2a: Genesect|0 fnt
|faint|p2a: Genesect
|
|callback|decision
|
|switch|p2a: Lucario|Lucario, F|281\/281
|-damage|p2a: Lucario|273\/281|[from] Stealth Rock
|-activate|p2a: Lucario|move: Sticky Web
|-unboost|p2a: Lucario|spe|1
|turn|15
|callback|decision
|
|-formechange|p2a: Lucario|Lucario-Mega
|message|Lucario has Mega Evolved into Mega Lucario!
|move|p2a: Lucario|Bullet Punch|p1a: Terrakion
|-supereffective|p1a: Terrakion
|-damage|p1a: Terrakion|0 fnt
|faint|p1a: Terrakion
|
|callback|decision
|
|switch|p1a: Alakazam|Alakazam, M|252\/252
|-formechange|p1a: Alakazam|Alakazam-Mega
|-ability|p1a: Alakazam|Adaptability|[from] ability: Trace|[of] p2a: Lucario
|turn|16
|callback|decision
|
|move|p2a: Lucario|Bullet Punch|p1a: Alakazam
|-damage|p1a: Alakazam|96\/252
|move|p1a: Alakazam|Psyshock|p2a: Lucario
|-damage|p2a: Lucario|0 fnt
|faint|p2a: Lucario
|
|callback|decision
|
|switch|p2a: Sylveon|Sylveon, M|392\/392
|-activate|p2a: Sylveon|move: Sticky Web
|-unboost|p2a: Sylveon|spe|1
|-damage|p2a: Sylveon|343\/392|[from] Stealth Rock
|turn|17
|callback|decision
|
|move|p1a: Alakazam|Psyshock|p2a: Sylveon
|-damage|p2a: Sylveon|0 fnt
|faint|p2a: Sylveon
|
|callback|decision
|
|switch|p2a: Heatran|Heatran, M|386\/386
|-activate|p2a: Heatran|move: Sticky Web
|-unboost|p2a: Heatran|spe|1
|-damage|p2a: Heatran|338\/386|[from] Stealth Rock
|turn|18
|callback|decision
|
|move|p1a: Alakazam|Focus Blast|p2a: Heatran
|-supereffective|p2a: Heatran
|-damage|p2a: Heatran|50\/386
|move|p2a: Heatran|Lava Plume|p1a: Alakazam
|-crit|p1a: Alakazam
|-damage|p1a: Alakazam|0 fnt
|faint|p1a: Alakazam
|
|win|Super Mario Bros
|raw|Ladder updating...
|raw|Krendorfin's rating: 1362 &rarr; <strong>1340<\/strong><br \/>(-22 for losing)
|raw|Super Mario Bros's rating: 1403 &rarr; <strong>1425<\/strong><br \/>(+22 for winning)
|leave|Krendorfin
|player|p1