|join|Super Mario Bros
|join|boller
|player|p1|Super Mario Bros|155
|player|p2|boller|102
|gametype|singles
|gen|6
|tier|OU (suspect test)
|rated
|clearpoke
|poke|p1|Medicham, F, shiny
|poke|p1|Suicune, shiny
|poke|p1|Ditto, shiny
|poke|p1|Jirachi, shiny
|poke|p1|Machamp, M
|poke|p1|Diggersby, M
|poke|p2|Charizard, M
|poke|p2|Landorus-Therian, M
|poke|p2|Kyurem-Black
|poke|p2|Latios, M
|poke|p2|Heatran, M
|poke|p2|Scizor, M
|rule|Sleep Clause Mod: Limit one foe put to sleep
|rule|Species Clause: Limit one of each Pokemon
|rule|OHKO Clause: OHKO moves are banned
|rule|Moody Clause: Moody is banned
|rule|Evasion Moves Clause: Evasion moves are banned
|rule|Endless Battle Clause: Forcing endless battles is banned.
|rule|HP Percentage Mod: HP is reported as percentages
|teampreview
|
|start
|switch|p1a: Machamp|Machamp, M|384\/384
|switch|p2a: Latios|Latios, M|301\/301
|turn|1
|
|switch|p1a: Jirachi|Jirachi, shiny|404\/404
|move|p2a: Latios|Draco Meteor|p1a: Jirachi
|-resisted|p1a: Jirachi
|-damage|p1a: Jirachi|236\/404
|-unboost|p2a: Latios|spa|2
|
|-heal|p1a: Jirachi|261\/404|[from] item: Leftovers
|turn|2
|
|switch|p2a: Heatran|Heatran, M|386\/386
|move|p1a: Jirachi|Stealth Rock|p2a: Heatran
|-sidestart|p2: boller|move: Stealth Rock
|
|-heal|p1a: Jirachi|286\/404|[from] item: Leftovers
|turn|3
|
|move|p1a: Jirachi|Thunder Wave|p2a: Heatran
|-status|p2a: Heatran|par
|move|p2a: Heatran|Lava Plume|p1a: Jirachi
|-supereffective|p1a: Jirachi
|-damage|p1a: Jirachi|64\/404
|-status|p1a: Jirachi|brn
|
|-heal|p1a: Jirachi|89\/404 brn|[from] item: Leftovers
|-damage|p1a: Jirachi|39\/404 brn|[from] brn
|turn|4
|
|move|p1a: Jirachi|Iron Head|p2a: Heatran
|-crit|p2a: Heatran
|-resisted|p2a: Heatran
|-damage|p2a: Heatran|371\/386 par
|cant|p2a: Heatran|par
|
|-heal|p1a: Jirachi|64\/404 brn|[from] item: Leftovers
|-heal|p2a: Heatran|386\/386 par|[from] item: Leftovers
|-damage|p1a: Jirachi|14\/404 brn|[from] brn
|turn|5
|
|move|p1a: Jirachi|Iron Head|p2a: Heatran
|-resisted|p2a: Heatran
|-damage|p2a: Heatran|375\/386 par
|cant|p2a: Heatran|flinch
|
|-heal|p1a: Jirachi|39\/404 brn|[from] item: Leftovers
|-heal|p2a: Heatran|386\/386 par|[from] item: Leftovers
|-damage|p1a: Jirachi|0 fnt|[from] brn
|faint|p1a: Jirachi
|
|switch|p1a: Machamp|Machamp, M|384\/384
|turn|6
|
|switch|p2a: Landorus-Therian|Landorus-Therian, M|381\/381
|-damage|p2a: Landorus-Therian|334\/381|[from] Stealth Rock
|-ability|p2a: Landorus-Therian|Intimidate|[of] p1a: Machamp
|-unboost|p1a: Machamp|atk|1
|move|p1a: Machamp|Knock Off|p2a: Landorus-Therian
|-damage|p2a: Landorus-Therian|263\/381
|-enditem|p2a: Landorus-Therian|Leftovers|[from] move: Knock Off|[of] p1a: Machamp
|
|turn|7
|
|switch|p1a: Suicune|Suicune, shiny|404\/404
|-ability|p1a: Suicune|Pressure
|move|p2a: Landorus-Therian|Earthquake|p1a: Suicune
|-damage|p1a: Suicune|302\/404
|
|-heal|p1a: Suicune|327\/404|[from] item: Leftovers
|turn|8
|
|move|p2a: Landorus-Therian|U-turn|p1a: Suicune
|-damage|p1a: Suicune|275\/404
|
|switch|p2a: Scizor|Scizor, M|343\/343
|-damage|p2a: Scizor|301\/343|[from] Stealth Rock
|move|p1a: Suicune|Calm Mind|p1a: Suicune
|-boost|p1a: Suicune|spa|1
|-boost|p1a: Suicune|spd|1
|
|-heal|p1a: Suicune|300\/404|[from] item: Leftovers
|turn|9
|
|move|p1a: Suicune|Scald|p2a: Scizor
|-damage|p2a: Scizor|148\/343
|-status|p2a: Scizor|brn
|move|p2a: Scizor|Defog|p1a: Suicune
|-unboost|p1a: Suicune|evasion|1
|-sideend|p2: boller|Stealth Rock|[from] move: Defog|[of] p2a: Scizor
|
|-heal|p1a: Suicune|325\/404|[from] item: Leftovers
|-damage|p2a: Scizor|106\/343 brn|[from] brn
|turn|10
|
|move|p1a: Suicune|Calm Mind|p1a: Suicune
|-boost|p1a: Suicune|spa|1
|-boost|p1a: Suicune|spd|1
|move|p2a: Scizor|Defog|p1a: Suicune
|-unboost|p1a: Suicune|evasion|1
|
|-heal|p1a: Suicune|350\/404|[from] item: Leftovers
|-damage|p2a: Scizor|64\/343 brn|[from] brn
|turn|11
|
|switch|p2a: Heatran|Heatran, M|386\/386 par
|move|p1a: Suicune|Calm Mind|p1a: Suicune
|-boost|p1a: Suicune|spa|1
|-boost|p1a: Suicune|spd|1
|
|-heal|p1a: Suicune|375\/404|[from] item: Leftovers
|turn|12
|
|move|p1a: Suicune|Scald|p2a: Heatran
|-supereffective|p2a: Heatran
|-damage|p2a: Heatran|56\/386 par
|move|p2a: Heatran|Roar|p1a: Suicune
|drag|p1a: Machamp|Machamp, M|384\/384
|
|-heal|p2a: Heatran|80\/386 par|[from] item: Leftovers
|turn|13
|
|move|p1a: Machamp|Knock Off|p2a: Heatran
|-damage|p2a: Heatran|0 fnt
|faint|p2a: Heatran
|
|
|switch|p2a: Latios|Latios, M|301\/301
|turn|14
|
|move|p2a: Latios|Psyshock|p1a: Machamp
|-supereffective|p1a: Machamp
|-damage|p1a: Machamp|0 fnt
|faint|p1a: Machamp
|
|
|switch|p1a: Ditto|Ditto, shiny|300\/300
|-transform|p1a: Ditto|p2a: Latios
|turn|15
|
|switch|p2a: Scizor|Scizor, M|64\/343 brn
|move|p1a: Ditto|Draco Meteor|p2a: Scizor
|-resisted|p2a: Scizor
|-damage|p2a: Scizor|0 fnt
|-unboost|p1a: Ditto|spa|2
|faint|p2a: Scizor
|
|
|switch|p2a: Kyurem-Black|Kyurem-Black|391\/391
|-ability|p2a: Kyurem-Black|Teravolt
|turn|16
|
|move|p1a: Ditto|Draco Meteor|p2a: Kyurem-Black
|-supereffective|p2a: Kyurem-Black
|-damage|p2a: Kyurem-Black|127\/391
|-unboost|p1a: Ditto|spa|2
|move|p2a: Kyurem-Black|Outrage|p1a: Ditto
|-supereffective|p1a: Ditto
|-damage|p1a: Ditto|0 fnt
|faint|p1a: Ditto
|
|
|switch|p1a: Medicham|Medicham, F, shiny|261\/261
|turn|17
|
|-formechange|p1a: Medicham|Medicham-Mega
|message|Medicham has Mega Evolved into Mega Medicham!
|move|p1a: Medicham|Bullet Punch|p2a: Kyurem-Black
|-supereffective|p2a: Kyurem-Black
|-damage|p2a: Kyurem-Black|0 fnt
|faint|p2a: Kyurem-Black
|
|
|switch|p2a: Latios|Latios, M|301\/301
|turn|18
|
|switch|p1a: Suicune|Suicune, shiny|375\/404
|-ability|p1a: Suicune|Pressure
|move|p2a: Latios|Draco Meteor|p1a: Suicune
|-damage|p1a: Suicune|63\/404
|-unboost|p2a: Latios|spa|2
|
|-heal|p1a: Suicune|88\/404|[from] item: Leftovers
|turn|19
|
|move|p2a: Latios|Draco Meteor|p1a: Suicune
|-damage|p1a: Suicune|0 fnt
|-unboost|p2a: Latios|spa|2
|faint|p1a: Suicune
|
|
|switch|p1a: Diggersby|Diggersby, M|311\/311
|turn|20
|
|switch|p2a: Landorus-Therian|Landorus-Therian, M|263\/381
|-ability|p2a: Landorus-Therian|Intimidate|[of] p1a: Diggersby
|-unboost|p1a: Diggersby|atk|1
|move|p1a: Diggersby|Swords Dance|p1a: Diggersby
|-boost|p1a: Diggersby|atk|2
|
|turn|21
|
|move|p1a: Diggersby|Swords Dance|p1a: Diggersby
|-boost|p1a: Diggersby|atk|2
|move|p2a: Landorus-Therian|Earthquake|p1a: Diggersby
|-damage|p1a: Diggersby|112\/311
|
|turn|22
|
|move|p1a: Diggersby|Return|p2a: Landorus-Therian
|-damage|p2a: Landorus-Therian|0 fnt
|faint|p2a: Landorus-Therian
|
|
|switch|p2a: Latios|Latios, M|301\/301
|turn|23
|
|move|p1a: Diggersby|Quick Attack|p2a: Latios
|-damage|p2a: Latios|0 fnt
|faint|p2a: Latios
|
|
|switch|p2a: Charizard|Charizard, M|298\/298
|turn|24
|
|-formechange|p2a: Charizard|Charizard-Mega-X
|message|Charizard has Mega Evolved into Mega Charizard!
|move|p1a: Diggersby|Quick Attack|p2a: Charizard
|-damage|p2a: Charizard|36\/298
|move|p2a: Charizard|Dragon Claw|p1a: Diggersby
|-damage|p1a: Diggersby|0 fnt
|faint|p1a: Diggersby
|
|
|switch|p1a: Medicham|Medicham, F, shiny|261\/261
|-formechange|p1a: Medicham|Medicham-Mega
|turn|25
|
|move|p1a: Medicham|Bullet Punch|p2a: Charizard
|-resisted|p2a: Charizard
|-damage|p2a: Charizard|0 fnt
|faint|p2a: Charizard
|
|win|Super Mario Bros
|raw|Ladder updating...
|leave|boller
|player|p2
|raw|Super Mario Bros's rating: 1198 &rarr; <strong>1221<\/strong><br \/>(+23 for winning)
|raw|boller's rating: 1176 &rarr; <strong>1152<\/strong><br \/>(-24 for losing)