|join|Super Mario Bros
|join|The TurtleLord
|player|p1|Super Mario Bros|155
|player|p2|The TurtleLord|294
|gametype|singles
|gen|6
|tier|OU (suspect test)
|rated
|clearpoke
|poke|p1|Medicham, F, shiny
|poke|p1|Suicune, shiny
|poke|p1|Ditto, shiny
|poke|p1|Jirachi, shiny
|poke|p1|Machamp, M
|poke|p1|Diggersby, M
|poke|p2|Keldeo-Resolute
|poke|p2|Kyurem-Black
|poke|p2|Conkeldurr, M
|poke|p2|Excadrill, M
|poke|p2|Pinsir, M
|poke|p2|Rotom-Wash
|rule|Sleep Clause Mod: Limit one foe put to sleep
|rule|Species Clause: Limit one of each Pokemon
|rule|OHKO Clause: OHKO moves are banned
|rule|Moody Clause: Moody is banned
|rule|Evasion Moves Clause: Evasion moves are banned
|rule|Endless Battle Clause: Forcing endless battles is banned.
|rule|HP Percentage Mod: HP is reported as percentages
|teampreview
|callback|decision
|chat|The TurtleLord|gl
|
|start
|switch|p1a: Machamp|Machamp, M|384\/384
|switch|p2a: Brony|Keldeo-Resolute|323\/323
|turn|1
|callback|decision
|
|move|p2a: Brony|Hydro Pump|p1a: Machamp
|-damage|p1a: Machamp|173\/384
|move|p1a: Machamp|Dynamic Punch|p2a: Brony
|-damage|p2a: Brony|101\/323
|-start|p2a: Brony|confusion
|
|turn|2
|callback|decision
|
|switch|p2a: Haydunn sucks|Pinsir, M|271\/271
|-ability|p2a: Haydunn sucks|Mold Breaker
|move|p1a: Machamp|Dynamic Punch|p2a: Haydunn sucks
|-resisted|p2a: Haydunn sucks
|-damage|p2a: Haydunn sucks|181\/271
|-start|p2a: Haydunn sucks|confusion
|
|turn|3
|callback|decision
|
|-formechange|p2a: Haydunn sucks|Pinsir-Mega
|message|Pinsir has Mega Evolved into Mega Pinsir!
|-activate|p2a: Haydunn sucks|confusion
|-damage|p2a: Haydunn sucks|135\/271|[from] confusion
|move|p1a: Machamp|Stone Edge|p2a: Haydunn sucks
|-supereffective|p2a: Haydunn sucks
|-damage|p2a: Haydunn sucks|0 fnt
|faint|p2a: Haydunn sucks
|
|callback|decision
|chat|The TurtleLord|..
|chat|The TurtleLord|k
|
|switch|p2a: Brony|Keldeo-Resolute|101\/323
|turn|4
|callback|decision
|
|move|p2a: Brony|Hydro Pump|p1a: Machamp
|-damage|p1a: Machamp|0 fnt
|faint|p1a: Machamp
|
|callback|decision
|
|switch|p1a: Suicune|Suicune, shiny|404\/404
|-ability|p1a: Suicune|Pressure
|turn|5
|callback|decision
|
|switch|p2a: Rotom-Wash|Rotom-Wash|304\/304
|move|p1a: Suicune|Calm Mind|p1a: Suicune
|-boost|p1a: Suicune|spa|1
|-boost|p1a: Suicune|spd|1
|
|turn|6
|callback|decision
|
|move|p1a: Suicune|Calm Mind|p1a: Suicune
|-boost|p1a: Suicune|spa|1
|-boost|p1a: Suicune|spd|1
|move|p2a: Rotom-Wash|Volt Switch|p1a: Suicune
|-supereffective|p1a: Suicune
|-damage|p1a: Suicune|332\/404
|callback|decision
|
|switch|p2a: Magmoth|Kyurem-Black|405\/405
|-ability|p2a: Magmoth|Teravolt
|
|-heal|p1a: Suicune|357\/404|[from] item: Leftovers
|turn|7
|callback|decision
|
|move|p2a: Magmoth|Substitute|p2a: Magmoth
|-start|p2a: Magmoth|Substitute
|-damage|p2a: Magmoth|304\/405
|move|p1a: Suicune|Calm Mind|p1a: Suicune
|-boost|p1a: Suicune|spa|1
|-boost|p1a: Suicune|spd|1
|
|-heal|p2a: Magmoth|329\/405|[from] item: Leftovers
|-heal|p1a: Suicune|382\/404|[from] item: Leftovers
|turn|8
|callback|decision
|
|move|p2a: Magmoth|Fusion Bolt|p1a: Suicune
|-supereffective|p1a: Suicune
|-damage|p1a: Suicune|222\/404
|move|p1a: Suicune|Calm Mind|p1a: Suicune
|-boost|p1a: Suicune|spa|1
|-boost|p1a: Suicune|spd|1
|
|-heal|p2a: Magmoth|354\/405|[from] item: Leftovers
|-heal|p1a: Suicune|247\/404|[from] item: Leftovers
|turn|9
|callback|decision
|
|move|p2a: Magmoth|Fusion Bolt|p1a: Suicune
|-crit|p1a: Suicune
|-supereffective|p1a: Suicune
|-damage|p1a: Suicune|5\/404
|move|p1a: Suicune|Rest|p1a: Suicune
|-status|p1a: Suicune|slp
|-heal|p1a: Suicune|404\/404 slp|[silent]
|-status|p1a: Suicune|slp|[from] move: Rest
|
|-heal|p2a: Magmoth|379\/405|[from] item: Leftovers
|turn|10
|callback|decision
|
|move|p2a: Magmoth|Fusion Bolt|p1a: Suicune
|-supereffective|p1a: Suicune
|-damage|p1a: Suicune|236\/404 slp
|cant|p1a: Suicune|slp
|move|p1a: Suicune|Sleep Talk|p1a: Suicune
|move|p1a: Suicune|Scald|p2a: Magmoth|[from]Sleep Talk
|-resisted|p2a: Magmoth
|-end|p2a: Magmoth|Substitute
|
|-heal|p2a: Magmoth|404\/405|[from] item: Leftovers
|-heal|p1a: Suicune|261\/404 slp|[from] item: Leftovers
|turn|11
|callback|decision
|
|move|p2a: Magmoth|Substitute|p2a: Magmoth
|-start|p2a: Magmoth|Substitute
|-damage|p2a: Magmoth|303\/405
|cant|p1a: Suicune|slp
|move|p1a: Suicune|Sleep Talk|p1a: Suicune
|move|p1a: Suicune|Scald|p2a: Magmoth|[from]Sleep Talk
|-resisted|p2a: Magmoth
|-end|p2a: Magmoth|Substitute
|
|-heal|p2a: Magmoth|328\/405|[from] item: Leftovers
|-heal|p1a: Suicune|286\/404 slp|[from] item: Leftovers
|turn|12
|callback|decision
|
|move|p2a: Magmoth|Fusion Bolt|p1a: Suicune
|-supereffective|p1a: Suicune
|-damage|p1a: Suicune|112\/404 slp
|-curestatus|p1a: Suicune|slp
|move|p1a: Suicune|Scald|p2a: Magmoth
|-crit|p2a: Magmoth
|-resisted|p2a: Magmoth
|-damage|p2a: Magmoth|130\/405
|
|-heal|p2a: Magmoth|155\/405|[from] item: Leftovers
|-heal|p1a: Suicune|137\/404|[from] item: Leftovers
|turn|13
|callback|decision
|
|switch|p2a: Mr. Bonko|Conkeldurr, M|363\/363
|move|p1a: Suicune|Rest|p1a: Suicune
|-status|p1a: Suicune|slp
|-heal|p1a: Suicune|404\/404 slp|[silent]
|-status|p1a: Suicune|slp|[from] move: Rest
|
|turn|14
|callback|decision
|
|cant|p1a: Suicune|slp
|move|p1a: Suicune|Sleep Talk|p1a: Suicune
|move|p1a: Suicune|Scald|p2a: Mr. Bonko|[from]Sleep Talk
|-damage|p2a: Mr. Bonko|180\/363
|move|p2a: Mr. Bonko|Drain Punch|p1a: Suicune
|-damage|p1a: Suicune|305\/404 slp
|-heal|p2a: Mr. Bonko|230\/363|[from] drain|[of] p1a: Suicune
|
|-heal|p1a: Suicune|330\/404 slp|[from] item: Leftovers
|turn|15
|callback|decision
|
|cant|p1a: Suicune|slp
|move|p1a: Suicune|Sleep Talk|p1a: Suicune
|move|p1a: Suicune|Calm Mind|p1a: Suicune|[from]Sleep Talk
|-boost|p1a: Suicune|spa|1
|-boost|p1a: Suicune|spd|1
|move|p2a: Mr. Bonko|Drain Punch|p1a: Suicune
|-crit|p1a: Suicune
|-damage|p1a: Suicune|173\/404 slp
|-heal|p2a: Mr. Bonko|309\/363|[from] drain|[of] p1a: Suicune
|
|-heal|p1a: Suicune|198\/404 slp|[from] item: Leftovers
|turn|16
|callback|decision
|
|-curestatus|p1a: Suicune|slp
|move|p1a: Suicune|Rest|p1a: Suicune
|-status|p1a: Suicune|slp
|-heal|p1a: Suicune|404\/404 slp|[silent]
|-status|p1a: Suicune|slp|[from] move: Rest
|move|p2a: Mr. Bonko|Drain Punch|p1a: Suicune
|-damage|p1a: Suicune|296\/404 slp
|-heal|p2a: Mr. Bonko|363\/363|[from] drain|[of] p1a: Suicune
|
|-heal|p1a: Suicune|321\/404 slp|[from] item: Leftovers
|turn|17
|callback|decision
|chat|The TurtleLord|burn pl
|chat|The TurtleLord|pls*
|
|cant|p1a: Suicune|slp
|move|p1a: Suicune|Sleep Talk|p1a: Suicune
|move|p1a: Suicune|Calm Mind|p1a: Suicune|[from]Sleep Talk
|-boost|p1a: Suicune|spa|1
|-boost|p1a: Suicune|spd|1
|move|p2a: Mr. Bonko|Drain Punch|p1a: Suicune
|-damage|p1a: Suicune|222\/404 slp
|
|-heal|p1a: Suicune|247\/404 slp|[from] item: Leftovers
|turn|18
|callback|decision
|
|cant|p1a: Suicune|slp
|move|p2a: Mr. Bonko|Drain Punch|p1a: Suicune
|-damage|p1a: Suicune|145\/404 slp
|
|-heal|p1a: Suicune|170\/404 slp|[from] item: Leftovers
|turn|19
|callback|decision
|
|-curestatus|p1a: Suicune|slp
|move|p1a: Suicune|Rest|p1a: Suicune
|-status|p1a: Suicune|slp
|-heal|p1a: Suicune|404\/404 slp|[silent]
|-status|p1a: Suicune|slp|[from] move: Rest
|move|p2a: Mr. Bonko|Drain Punch|p1a: Suicune
|-damage|p1a: Suicune|304\/404 slp
|
|-heal|p1a: Suicune|329\/404 slp|[from] item: Leftovers
|turn|20
|callback|decision
|
|cant|p1a: Suicune|slp
|move|p1a: Suicune|Sleep Talk|p1a: Suicune
|move|p1a: Suicune|Calm Mind|p1a: Suicune|[from]Sleep Talk
|-fail|p1a: Suicune
|move|p2a: Mr. Bonko|Drain Punch|p1a: Suicune
|-damage|p1a: Suicune|232\/404 slp
|
|-heal|p1a: Suicune|257\/404 slp|[from] item: Leftovers
|turn|21
|callback|decision
|
|cant|p1a: Suicune|slp
|move|p1a: Suicune|Sleep Talk|p1a: Suicune
|move|p1a: Suicune|Scald|p2a: Mr. Bonko|[from]Sleep Talk
|-damage|p2a: Mr. Bonko|98\/363
|move|p2a: Mr. Bonko|Drain Punch|p1a: Suicune
|-damage|p1a: Suicune|155\/404 slp
|-heal|p2a: Mr. Bonko|149\/363|[from] drain|[of] p1a: Suicune
|
|-heal|p1a: Suicune|180\/404 slp|[from] item: Leftovers
|turn|22
|callback|decision
|
|move|p2a: Mr. Bonko|Mach Punch|p1a: Suicune
|-damage|p1a: Suicune|129\/404 slp
|-curestatus|p1a: Suicune|slp
|move|p1a: Suicune|Rest|p1a: Suicune
|-status|p1a: Suicune|slp
|-heal|p1a: Suicune|404\/404 slp|[silent]
|-status|p1a: Suicune|slp|[from] move: Rest
|
|turn|23
|callback|decision
|
|cant|p1a: Suicune|slp
|move|p1a: Suicune|Sleep Talk|p1a: Suicune
|move|p1a: Suicune|Rest|p1a: Suicune|[from]Sleep Talk
|-fail|p1a: Suicune
|move|p2a: Mr. Bonko|Knock Off|p1a: Suicune
|-damage|p1a: Suicune|319\/404 slp
|-enditem|p1a: Suicune|Leftovers|[from] move: Knock Off|[of] p2a: Mr. Bonko
|
|turn|24
|callback|decision
|
|move|p2a: Mr. Bonko|Mach Punch|p1a: Suicune
|-damage|p1a: Suicune|265\/404 slp
|cant|p1a: Suicune|slp
|move|p1a: Suicune|Sleep Talk|p1a: Suicune
|move|p1a: Suicune|Scald|p2a: Mr. Bonko|[from]Sleep Talk
|-damage|p2a: Mr. Bonko|0 fnt
|faint|p2a: Mr. Bonko
|
|callback|decision
|
|switch|p2a: Brony|Keldeo-Resolute|101\/323
|turn|25
|callback|decision
|
|move|p2a: Brony|Secret Sword|p1a: Suicune
|-damage|p1a: Suicune|114\/404 slp
|-curestatus|p1a: Suicune|slp
|move|p1a: Suicune|Scald|p2a: Brony
|-resisted|p2a: Brony
|-damage|p2a: Brony|0 fnt
|faint|p2a: Brony
|
|callback|decision
|
|switch|p2a: Magmoth|Kyurem-Black|155\/405
|-ability|p2a: Magmoth|Teravolt
|turn|26
|callback|decision
|
|move|p2a: Magmoth|Earth Power|p1a: Suicune
|-damage|p1a: Suicune|90\/404
|move|p1a: Suicune|Rest|p1a: Suicune
|-status|p1a: Suicune|slp
|-heal|p1a: Suicune|404\/404 slp|[silent]
|-status|p1a: Suicune|slp|[from] move: Rest
|
|-heal|p2a: Magmoth|180\/405|[from] item: Leftovers
|turn|27
|callback|decision
|chat|The TurtleLord|misclick
|chat|The TurtleLord|shiy
|
|switch|p2a: Drillin her tonite|Excadrill, M|361\/361
|-ability|p2a: Drillin her tonite|Mold Breaker
|-item|p2a: Drillin her tonite|Air Balloon
|cant|p1a: Suicune|slp
|move|p1a: Suicune|Sleep Talk|p1a: Suicune
|move|p1a: Suicune|Rest|p1a: Suicune|[from]Sleep Talk
|-fail|p1a: Suicune
|
|turn|28
|callback|decision
|-message|The TurtleLord forfeited.
|
|win|Super Mario Bros
|raw|Ladder updating...
|leave|The TurtleLord
|player|p2
|raw|Super Mario Bros's rating: 1155 &rarr; <strong>1184<\/strong><br \/>(+29 for winning)
|raw|The TurtleLord's rating: 1206 &rarr; <strong>1177<\/strong><br \/>(-29 for losing)