|join|Super Mario Bros
|join|SirSleepy
|player|p1|Super Mario Bros|155
|player|p2|SirSleepy|206
|gametype|singles
|gen|6
|tier|OU (suspect test)
|rated
|clearpoke
|poke|p1|Medicham, F, shiny
|poke|p1|Suicune, shiny
|poke|p1|Ditto, shiny
|poke|p1|Jirachi, shiny
|poke|p1|Machamp, M
|poke|p1|Diggersby, M
|poke|p2|Gyarados, M
|poke|p2|Landorus-Therian, M
|poke|p2|Heatran, M
|poke|p2|Ferrothorn, F
|poke|p2|Tentacruel, M
|poke|p2|Charizard, M
|rule|Sleep Clause Mod: Limit one foe put to sleep
|rule|Species Clause: Limit one of each Pokemon
|rule|OHKO Clause: OHKO moves are banned
|rule|Moody Clause: Moody is banned
|rule|Evasion Moves Clause: Evasion moves are banned
|rule|Endless Battle Clause: Forcing endless battles is banned.
|rule|HP Percentage Mod: HP is reported as percentages
|teampreview
|
|start
|switch|p1a: Machamp|Machamp, M|384\/384
|switch|p2a: Landorus-Therian|Landorus-Therian, M|320\/320
|-ability|p2a: Landorus-Therian|Intimidate|[of] p1a: Machamp
|-unboost|p1a: Machamp|atk|1
|turn|1
|
|move|p2a: Landorus-Therian|U-turn|p1a: Machamp
|-resisted|p1a: Machamp
|-damage|p1a: Machamp|331\/384
|
|switch|p2a: Gyarados|Gyarados, M|333\/333
|-ability|p2a: Gyarados|Intimidate|[of] p1a: Machamp
|-unboost|p1a: Machamp|atk|1
|move|p1a: Machamp|Knock Off|p2a: Gyarados
|-damage|p2a: Gyarados|254\/333
|-enditem|p2a: Gyarados|Leftovers|[from] move: Knock Off|[of] p1a: Machamp
|
|turn|2
|join|Aspiring Master
|
|switch|p2a: Landorus-Therian|Landorus-Therian, M|320\/320
|-ability|p2a: Landorus-Therian|Intimidate|[of] p1a: Machamp
|-unboost|p1a: Machamp|atk|1
|switch|p1a: Jirachi|Jirachi, shiny|404\/404
|
|turn|3
|
|switch|p1a: Ditto|Ditto, shiny|300\/300
|-transform|p1a: Ditto|p2a: Landorus-Therian
|-ability|p1a: Ditto|Intimidate|[of] p2a: Landorus-Therian
|-unboost|p2a: Landorus-Therian|atk|1
|move|p2a: Landorus-Therian|U-turn|p1a: Ditto
|-resisted|p1a: Ditto
|-damage|p1a: Ditto|269\/300
|
|switch|p2a: Gyarados|Gyarados, M|254\/333
|-ability|p2a: Gyarados|Intimidate|[of] p1a: Ditto
|-unboost|p1a: Ditto|atk|1
|
|turn|4
|
|switch|p2a: Ferrothorn|Ferrothorn, F|352\/352
|move|p1a: Ditto|U-turn|p2a: Ferrothorn
|-damage|p2a: Ferrothorn|315\/352
|-damage|p1a: Ditto|232\/300|[from] ability: Iron Barbs|[of] p2a: Ferrothorn
|
|switch|p1a: Medicham|Medicham, F, shiny|261\/261
|
|-heal|p2a: Ferrothorn|337\/352|[from] item: Leftovers
|turn|5
|
|switch|p2a: Landorus-Therian|Landorus-Therian, M|320\/320
|-ability|p2a: Landorus-Therian|Intimidate|[of] p1a: Medicham
|-unboost|p1a: Medicham|atk|1
|-formechange|p1a: Medicham|Medicham-Mega
|message|Medicham has Mega Evolved into Mega Medicham!
|move|p1a: Medicham|Fire Punch|p2a: Landorus-Therian
|-damage|p2a: Landorus-Therian|214\/320
|
|turn|6
|
|switch|p1a: Suicune|Suicune, shiny|404\/404
|-ability|p1a: Suicune|Pressure
|move|p2a: Landorus-Therian|U-turn|p1a: Suicune
|-damage|p1a: Suicune|342\/404
|
|switch|p2a: Ferrothorn|Ferrothorn, F|337\/352
|
|-heal|p1a: Suicune|367\/404|[from] item: Leftovers
|-heal|p2a: Ferrothorn|352\/352|[from] item: Leftovers
|turn|7
|
|switch|p1a: Machamp|Machamp, M|331\/384
|move|p2a: Ferrothorn|Stealth Rock|p1a: Machamp
|-sidestart|p1: Super Mario Bros|move: Stealth Rock
|
|turn|8
|
|switch|p2a: Tentacruel|Tentacruel, M|361\/361
|move|p1a: Machamp|Dynamic Punch|p2a: Tentacruel
|-resisted|p2a: Tentacruel
|-damage|p2a: Tentacruel|267\/361
|-start|p2a: Tentacruel|confusion
|
|-heal|p2a: Tentacruel|289\/361|[from] item: Black Sludge
|turn|9
|
|-activate|p2a: Tentacruel|confusion
|move|p2a: Tentacruel|Toxic Spikes|p1a: Machamp
|-sidestart|p1: Super Mario Bros|move: Toxic Spikes
|move|p1a: Machamp|Knock Off|p2a: Tentacruel
|-damage|p2a: Tentacruel|176\/361
|-enditem|p2a: Tentacruel|Black Sludge|[from] move: Knock Off|[of] p1a: Machamp
|
|turn|10
|
|switch|p2a: Landorus-Therian|Landorus-Therian, M|214\/320
|-ability|p2a: Landorus-Therian|Intimidate|[of] p1a: Machamp
|-unboost|p1a: Machamp|atk|1
|move|p1a: Machamp|Stone Edge|p2a: Landorus-Therian
|-crit|p2a: Landorus-Therian
|-damage|p2a: Landorus-Therian|0 fnt
|faint|p2a: Landorus-Therian
|
|
|switch|p2a: Charizard|Charizard, M|298\/298
|turn|11
|
|-formechange|p2a: Charizard|Charizard-Mega-Y
|message|Charizard has Mega Evolved into Mega Charizard!
|-weather|SunnyDay
|move|p2a: Charizard|Air Slash|p1a: Machamp
|-supereffective|p1a: Machamp
|-damage|p1a: Machamp|109\/384
|move|p1a: Machamp|Stone Edge|p2a: Charizard
|-crit|p2a: Charizard
|-supereffective|p2a: Charizard
|-damage|p2a: Charizard|0 fnt
|faint|p2a: Charizard
|
|-weather|SunnyDay|[upkeep]
|
|switch|p2a: Gyarados|Gyarados, M|254\/333
|-ability|p2a: Gyarados|Intimidate|[of] p1a: Machamp
|-unboost|p1a: Machamp|atk|1
|turn|12
|
|switch|p1a: Jirachi|Jirachi, shiny|404\/404
|-damage|p1a: Jirachi|379\/404|[from] Stealth Rock
|move|p2a: Gyarados|Substitute|p2a: Gyarados
|-start|p2a: Gyarados|Substitute
|-damage|p2a: Gyarados|171\/333
|
|-weather|SunnyDay|[upkeep]
|-heal|p1a: Jirachi|404\/404|[from] item: Leftovers
|turn|13
|
|move|p2a: Gyarados|Dragon Dance|p2a: Gyarados
|-boost|p2a: Gyarados|atk|1
|-boost|p2a: Gyarados|spe|1
|move|p1a: Jirachi|Stealth Rock|p2a: Gyarados
|-sidestart|p2: SirSleepy|move: Stealth Rock
|
|-weather|SunnyDay|[upkeep]
|turn|14
|
|switch|p1a: Diggersby|Diggersby, M|311\/311
|-damage|p1a: Diggersby|292\/311|[from] Stealth Rock
|-status|p1a: Diggersby|psn
|move|p2a: Gyarados|Earthquake|p1a: Diggersby
|-damage|p1a: Diggersby|92\/311 psn
|
|-weather|SunnyDay|[upkeep]
|-damage|p1a: Diggersby|54\/311 psn|[from] psn
|turn|15
|
|move|p2a: Gyarados|Waterfall|p1a: Diggersby
|-supereffective|p1a: Diggersby
|-damage|p1a: Diggersby|0 fnt
|faint|p1a: Diggersby
|
|-weather|none
|
|switch|p1a: Jirachi|Jirachi, shiny|404\/404
|-damage|p1a: Jirachi|379\/404|[from] Stealth Rock
|turn|16
|
|move|p2a: Gyarados|Earthquake|p1a: Jirachi
|-supereffective|p1a: Jirachi
|-damage|p1a: Jirachi|149\/404
|move|p1a: Jirachi|Healing Wish|p1a: Jirachi
|faint|p1a: Jirachi
|
|
|switch|p1a: Machamp|Machamp, M|109\/384
|-heal|p1a: Machamp|384\/384|[from] move: Healing Wish
|-damage|p1a: Machamp|360\/384|[from] Stealth Rock
|-status|p1a: Machamp|psn
|turn|17
|
|move|p2a: Gyarados|Waterfall|p1a: Machamp
|-damage|p1a: Machamp|120\/384 psn
|cant|p1a: Machamp|flinch
|
|-damage|p1a: Machamp|72\/384 psn|[from] psn
|turn|18
|
|move|p1a: Machamp|Bullet Punch|p2a: Gyarados
|-resisted|p2a: Gyarados
|-activate|p2a: Gyarados|Substitute|[damage]
|move|p2a: Gyarados|Waterfall|p1a: Machamp
|-damage|p1a: Machamp|0 fnt
|faint|p1a: Machamp
|
|
|switch|p1a: Suicune|Suicune, shiny|367\/404
|-status|p1a: Suicune|psn
|-damage|p1a: Suicune|317\/404 psn|[from] Stealth Rock
|-ability|p1a: Suicune|Pressure
|turn|19
|
|move|p2a: Gyarados|Earthquake|p1a: Suicune
|-damage|p1a: Suicune|201\/404 psn
|move|p1a: Suicune|Scald|p2a: Gyarados
|-resisted|p2a: Gyarados
|-activate|p2a: Gyarados|Substitute|[damage]
|
|-heal|p1a: Suicune|226\/404 psn|[from] item: Leftovers
|-damage|p1a: Suicune|176\/404 psn|[from] psn
|turn|20
|
|move|p2a: Gyarados|Earthquake|p1a: Suicune
|-damage|p1a: Suicune|69\/404 psn
|move|p1a: Suicune|Rest|p1a: Suicune
|-status|p1a: Suicune|slp
|-heal|p1a: Suicune|404\/404 slp|[silent]
|-status|p1a: Suicune|slp|[from] move: Rest
|
|turn|21
|
|move|p2a: Gyarados|Dragon Dance|p2a: Gyarados
|-boost|p2a: Gyarados|atk|1
|-boost|p2a: Gyarados|spe|1
|cant|p1a: Suicune|slp
|move|p1a: Suicune|Sleep Talk|p1a: Suicune
|move|p1a: Suicune|Rest|p1a: Suicune|[from]Sleep Talk
|-fail|p1a: Suicune
|
|turn|22
|
|move|p2a: Gyarados|Dragon Dance|p2a: Gyarados
|-boost|p2a: Gyarados|atk|1
|-boost|p2a: Gyarados|spe|1
|cant|p1a: Suicune|slp
|move|p1a: Suicune|Sleep Talk|p1a: Suicune
|move|p1a: Suicune|Scald|p2a: Gyarados|[from]Sleep Talk
|-resisted|p2a: Gyarados
|-end|p2a: Gyarados|Substitute
|
|turn|23
|
|move|p2a: Gyarados|Earthquake|p1a: Suicune
|-damage|p1a: Suicune|229\/404 slp
|-curestatus|p1a: Suicune|slp
|move|p1a: Suicune|Calm Mind|p1a: Suicune
|-boost|p1a: Suicune|spa|1
|-boost|p1a: Suicune|spd|1
|
|-heal|p1a: Suicune|254\/404|[from] item: Leftovers
|turn|24
|
|move|p2a: Gyarados|Substitute|p2a: Gyarados
|-start|p2a: Gyarados|Substitute
|-damage|p2a: Gyarados|88\/333
|move|p1a: Suicune|Scald|p2a: Gyarados
|-resisted|p2a: Gyarados
|-activate|p2a: Gyarados|Substitute|[damage]
|
|-heal|p1a: Suicune|279\/404|[from] item: Leftovers
|turn|25
|
|move|p2a: Gyarados|Earthquake|p1a: Suicune
|-damage|p1a: Suicune|106\/404
|move|p1a: Suicune|Scald|p2a: Gyarados
|-resisted|p2a: Gyarados
|-end|p2a: Gyarados|Substitute
|
|-heal|p1a: Suicune|131\/404|[from] item: Leftovers
|turn|26
|
|switch|p2a: Ferrothorn|Ferrothorn, F|352\/352
|-damage|p2a: Ferrothorn|330\/352|[from] Stealth Rock
|move|p1a: Suicune|Scald|p2a: Ferrothorn
|-resisted|p2a: Ferrothorn
|-damage|p2a: Ferrothorn|271\/352
|-status|p2a: Ferrothorn|brn
|
|-heal|p1a: Suicune|156\/404|[from] item: Leftovers
|-heal|p2a: Ferrothorn|293\/352 brn|[from] item: Leftovers
|-damage|p2a: Ferrothorn|249\/352 brn|[from] brn
|turn|27
|
|move|p1a: Suicune|Calm Mind|p1a: Suicune
|-boost|p1a: Suicune|spa|1
|-boost|p1a: Suicune|spd|1
|move|p2a: Ferrothorn|Leech Seed|p1a: Suicune
|-start|p1a: Suicune|move: Leech Seed
|
|-heal|p1a: Suicune|181\/404|[from] item: Leftovers
|-heal|p2a: Ferrothorn|271\/352 brn|[from] item: Leftovers
|-damage|p1a: Suicune|131\/404|[from] Leech Seed|[of] p2a: Ferrothorn
|-heal|p2a: Ferrothorn|321\/352 brn|[silent]
|-damage|p2a: Ferrothorn|277\/352 brn|[from] brn
|turn|28
|
|move|p1a: Suicune|Rest|p1a: Suicune
|-status|p1a: Suicune|slp
|-heal|p1a: Suicune|404\/404 slp|[silent]
|-status|p1a: Suicune|slp|[from] move: Rest
|move|p2a: Ferrothorn|Thunder Wave|p1a: Suicune
|-fail|p1a: Suicune
|
|-heal|p2a: Ferrothorn|299\/352 brn|[from] item: Leftovers
|-damage|p1a: Suicune|354\/404 slp|[from] Leech Seed|[of] p2a: Ferrothorn
|-heal|p2a: Ferrothorn|349\/352 brn|[silent]
|-damage|p2a: Ferrothorn|305\/352 brn|[from] brn
|turn|29
|
|switch|p2a: Heatran|Heatran, M|386\/386
|-damage|p2a: Heatran|338\/386|[from] Stealth Rock
|-item|p2a: Heatran|Air Balloon
|cant|p1a: Suicune|slp
|move|p1a: Suicune|Sleep Talk|p1a: Suicune
|move|p1a: Suicune|Rest|p1a: Suicune|[from]Sleep Talk
|-fail|p1a: Suicune
|
|-heal|p1a: Suicune|379\/404 slp|[from] item: Leftovers
|-damage|p1a: Suicune|329\/404 slp|[from] Leech Seed|[of] p2a: Heatran
|-heal|p2a: Heatran|386\/386|[silent]
|turn|30
|join|si.tole
|
|cant|p1a: Suicune|slp
|move|p1a: Suicune|Sleep Talk|p1a: Suicune
|move|p1a: Suicune|Calm Mind|p1a: Suicune|[from]Sleep Talk
|-boost|p1a: Suicune|spa|1
|-boost|p1a: Suicune|spd|1
|move|p2a: Heatran|Roar|p1a: Suicune
|drag|p1a: Ditto|Ditto, shiny|232\/300
|-damage|p1a: Ditto|195\/300|[from] Stealth Rock
|-status|p1a: Ditto|psn
|-transform|p1a: Ditto|p2a: Heatran
|
|-damage|p1a: Ditto|158\/300 psn|[from] psn
|turn|31
|
|move|p1a: Ditto|Ancient Power|p2a: Heatran
|-damage|p2a: Heatran|314\/386
|-enditem|p2a: Heatran|Air Balloon
|move|p2a: Heatran|Ancient Power|p1a: Ditto
|-damage|p1a: Ditto|80\/300 psn
|
|-damage|p1a: Ditto|43\/300 psn|[from] psn
|turn|32
|
|switch|p1a: Suicune|Suicune, shiny|329\/404 slp
|-damage|p1a: Suicune|279\/404 slp|[from] Stealth Rock
|-ability|p1a: Suicune|Pressure
|move|p2a: Heatran|Ancient Power|p1a: Suicune
|-damage|p1a: Suicune|213\/404 slp
|
|-heal|p1a: Suicune|238\/404 slp|[from] item: Leftovers
|turn|33
|
|-curestatus|p1a: Suicune|slp
|move|p1a: Suicune|Scald|p2a: Heatran
|-supereffective|p2a: Heatran
|-damage|p2a: Heatran|150\/386
|move|p2a: Heatran|Roar|p1a: Suicune
|drag|p1a: Medicham|Medicham, F, shiny|261\/261
|-formechange|p1a: Medicham|Medicham-Mega
|-status|p1a: Medicham|psn
|-damage|p1a: Medicham|245\/261 psn|[from] Stealth Rock
|
|-damage|p1a: Medicham|213\/261 psn|[from] psn
|turn|34
|
|move|p1a: Medicham|High Jump Kick|p2a: Heatran
|-supereffective|p2a: Heatran
|-damage|p2a: Heatran|0 fnt
|faint|p2a: Heatran
|
|-damage|p1a: Medicham|181\/261 psn|[from] psn
|
|switch|p2a: Tentacruel|Tentacruel, M|176\/361
|-damage|p2a: Tentacruel|131\/361|[from] Stealth Rock
|turn|35
|
|move|p2a: Tentacruel|Protect|p2a: Tentacruel
|-singleturn|p2a: Tentacruel|Protect
|move|p1a: Medicham|High Jump Kick|p2a: Tentacruel
|-activate|p2a: Tentacruel|Protect
|-damage|p1a: Medicham|51\/261 psn|[from] highjumpkick
|
|-damage|p1a: Medicham|19\/261 psn|[from] psn
|turn|36
|
|switch|p1a: Suicune|Suicune, shiny|238\/404
|-status|p1a: Suicune|psn
|-damage|p1a: Suicune|188\/404 psn|[from] Stealth Rock
|-ability|p1a: Suicune|Pressure
|move|p2a: Tentacruel|Protect|p2a: Tentacruel
|-fail|p2a: Tentacruel
|
|-heal|p1a: Suicune|213\/404 psn|[from] item: Leftovers
|-damage|p1a: Suicune|163\/404 psn|[from] psn
|turn|37
|
|switch|p2a: Ferrothorn|Ferrothorn, F|305\/352 brn
|-damage|p2a: Ferrothorn|283\/352 brn|[from] Stealth Rock
|move|p1a: Suicune|Calm Mind|p1a: Suicune
|-boost|p1a: Suicune|spa|1
|-boost|p1a: Suicune|spd|1
|
|-heal|p1a: Suicune|188\/404 psn|[from] item: Leftovers
|-heal|p2a: Ferrothorn|305\/352 brn|[from] item: Leftovers
|-damage|p1a: Suicune|138\/404 psn|[from] psn
|-damage|p2a: Ferrothorn|261\/352 brn|[from] brn
|turn|38
|
|move|p1a: Suicune|Rest|p1a: Suicune
|-status|p1a: Suicune|slp
|-heal|p1a: Suicune|404\/404 slp|[silent]
|-status|p1a: Suicune|slp|[from] move: Rest
|move|p2a: Ferrothorn|Leech Seed|p1a: Suicune
|-start|p1a: Suicune|move: Leech Seed
|
|-heal|p2a: Ferrothorn|283\/352 brn|[from] item: Leftovers
|-damage|p1a: Suicune|354\/404 slp|[from] Leech Seed|[of] p2a: Ferrothorn
|-heal|p2a: Ferrothorn|333\/352 brn|[silent]
|-damage|p2a: Ferrothorn|289\/352 brn|[from] brn
|turn|39
|
|switch|p2a: Gyarados|Gyarados, M|88\/333
|-damage|p2a: Gyarados|5\/333|[from] Stealth Rock
|-ability|p2a: Gyarados|Intimidate|[of] p1a: Suicune
|-unboost|p1a: Suicune|atk|1
|cant|p1a: Suicune|slp
|move|p1a: Suicune|Sleep Talk|p1a: Suicune
|move|p1a: Suicune|Rest|p1a: Suicune|[from]Sleep Talk
|-fail|p1a: Suicune
|
|-heal|p1a: Suicune|379\/404 slp|[from] item: Leftovers
|-damage|p1a: Suicune|329\/404 slp|[from] Leech Seed|[of] p2a: Gyarados
|-heal|p2a: Gyarados|55\/333|[silent]
|turn|40
|
|move|p2a: Gyarados|Waterfall|p1a: Suicune
|-resisted|p1a: Suicune
|-damage|p1a: Suicune|287\/404 slp
|cant|p1a: Suicune|slp
|move|p1a: Suicune|Sleep Talk|p1a: Suicune
|move|p1a: Suicune|Calm Mind|p1a: Suicune|[from]Sleep Talk
|-boost|p1a: Suicune|spa|1
|-boost|p1a: Suicune|spd|1
|
|-heal|p1a: Suicune|312\/404 slp|[from] item: Leftovers
|-damage|p1a: Suicune|262\/404 slp|[from] Leech Seed|[of] p2a: Gyarados
|-heal|p2a: Gyarados|105\/333|[silent]
|turn|41
|
|move|p2a: Gyarados|Substitute|p2a: Gyarados
|-start|p2a: Gyarados|Substitute
|-damage|p2a: Gyarados|22\/333
|-curestatus|p1a: Suicune|slp
|move|p1a: Suicune|Scald|p2a: Gyarados
|-resisted|p2a: Gyarados
|-end|p2a: Gyarados|Substitute
|
|-heal|p1a: Suicune|287\/404|[from] item: Leftovers
|-damage|p1a: Suicune|237\/404|[from] Leech Seed|[of] p2a: Gyarados
|-heal|p2a: Gyarados|72\/333|[silent]
|turn|42
|
|move|p2a: Gyarados|Waterfall|p1a: Suicune
|-resisted|p1a: Suicune
|-damage|p1a: Suicune|193\/404
|move|p1a: Suicune|Scald|p2a: Gyarados
|-resisted|p2a: Gyarados
|-damage|p2a: Gyarados|0 fnt
|faint|p2a: Gyarados
|
|-heal|p1a: Suicune|218\/404|[from] item: Leftovers
|
|switch|p2a: Tentacruel|Tentacruel, M|131\/361
|-damage|p2a: Tentacruel|86\/361|[from] Stealth Rock
|turn|43
|
|move|p2a: Tentacruel|Protect|p2a: Tentacruel
|-singleturn|p2a: Tentacruel|Protect
|move|p1a: Suicune|Calm Mind|p1a: Suicune
|-boost|p1a: Suicune|spa|1
|-boost|p1a: Suicune|spd|1
|
|-heal|p1a: Suicune|243\/404|[from] item: Leftovers
|-damage|p1a: Suicune|193\/404|[from] Leech Seed|[of] p2a: Tentacruel
|-heal|p2a: Tentacruel|136\/361|[silent]
|turn|44
|
|move|p2a: Tentacruel|Protect|p2a: Tentacruel
|-fail|p2a: Tentacruel
|move|p1a: Suicune|Calm Mind|p1a: Suicune
|-boost|p1a: Suicune|spa|1
|-boost|p1a: Suicune|spd|1
|
|-heal|p1a: Suicune|218\/404|[from] item: Leftovers
|-damage|p1a: Suicune|168\/404|[from] Leech Seed|[of] p2a: Tentacruel
|-heal|p2a: Tentacruel|186\/361|[silent]
|turn|45
|
|move|p2a: Tentacruel|Protect|p2a: Tentacruel
|-singleturn|p2a: Tentacruel|Protect
|move|p1a: Suicune|Calm Mind|p1a: Suicune
|-boost|p1a: Suicune|spa|1
|-boost|p1a: Suicune|spd|1
|
|-heal|p1a: Suicune|193\/404|[from] item: Leftovers
|-damage|p1a: Suicune|143\/404|[from] Leech Seed|[of] p2a: Tentacruel
|-heal|p2a: Tentacruel|236\/361|[silent]
|turn|46
|
|move|p2a: Tentacruel|Protect|p2a: Tentacruel
|-fail|p2a: Tentacruel
|move|p1a: Suicune|Scald|p2a: Tentacruel
|-resisted|p2a: Tentacruel
|-damage|p2a: Tentacruel|118\/361
|
|-heal|p1a: Suicune|168\/404|[from] item: Leftovers
|-damage|p1a: Suicune|118\/404|[from] Leech Seed|[of] p2a: Tentacruel
|-heal|p2a: Tentacruel|168\/361|[silent]
|turn|47
|
|move|p2a: Tentacruel|Scald|p1a: Suicune
|-resisted|p1a: Suicune
|-damage|p1a: Suicune|108\/404
|move|p1a: Suicune|Rest|p1a: Suicune
|-status|p1a: Suicune|slp
|-heal|p1a: Suicune|404\/404 slp|[silent]
|-status|p1a: Suicune|slp|[from] move: Rest
|
|-damage|p1a: Suicune|354\/404 slp|[from] Leech Seed|[of] p2a: Tentacruel
|-heal|p2a: Tentacruel|218\/361|[silent]
|turn|48
|
|move|p2a: Tentacruel|Rapid Spin|p1a: Suicune
|-damage|p1a: Suicune|346\/404 slp
|-sideend|p2: SirSleepy|Stealth Rock|[from] move: Rapid Spin|[of] p2a: Tentacruel
|cant|p1a: Suicune|slp
|move|p1a: Suicune|Sleep Talk|p1a: Suicune
|move|p1a: Suicune|Scald|p2a: Tentacruel|[from]Sleep Talk
|-resisted|p2a: Tentacruel
|-damage|p2a: Tentacruel|99\/361
|
|-heal|p1a: Suicune|371\/404 slp|[from] item: Leftovers
|-damage|p1a: Suicune|321\/404 slp|[from] Leech Seed|[of] p2a: Tentacruel
|-heal|p2a: Tentacruel|149\/361|[silent]
|turn|49
|
|move|p2a: Tentacruel|Scald|p1a: Suicune
|-resisted|p1a: Suicune
|-damage|p1a: Suicune|310\/404 slp
|cant|p1a: Suicune|slp
|move|p1a: Suicune|Sleep Talk|p1a: Suicune
|move|p1a: Suicune|Rest|p1a: Suicune|[from]Sleep Talk
|-fail|p1a: Suicune
|
|-heal|p1a: Suicune|335\/404 slp|[from] item: Leftovers
|-damage|p1a: Suicune|285\/404 slp|[from] Leech Seed|[of] p2a: Tentacruel
|-heal|p2a: Tentacruel|199\/361|[silent]
|turn|50
|
|move|p2a: Tentacruel|Protect|p2a: Tentacruel
|-singleturn|p2a: Tentacruel|Protect
|-curestatus|p1a: Suicune|slp
|move|p1a: Suicune|Scald|p2a: Tentacruel
|-activate|p2a: Tentacruel|Protect
|
|-heal|p1a: Suicune|310\/404|[from] item: Leftovers
|-damage|p1a: Suicune|260\/404|[from] Leech Seed|[of] p2a: Tentacruel
|-heal|p2a: Tentacruel|249\/361|[silent]
|turn|51
|
|switch|p2a: Ferrothorn|Ferrothorn, F|289\/352 brn
|move|p1a: Suicune|Scald|p2a: Ferrothorn
|-resisted|p2a: Ferrothorn
|-damage|p2a: Ferrothorn|168\/352 brn
|
|-heal|p1a: Suicune|285\/404|[from] item: Leftovers
|-heal|p2a: Ferrothorn|190\/352 brn|[from] item: Leftovers
|-damage|p1a: Suicune|235\/404|[from] Leech Seed|[of] p2a: Ferrothorn
|-heal|p2a: Ferrothorn|240\/352 brn|[silent]
|-damage|p2a: Ferrothorn|196\/352 brn|[from] brn
|turn|52
|
|move|p1a: Suicune|Calm Mind|p1a: Suicune
|-boost|p1a: Suicune|spa|1
|-boost|p1a: Suicune|spd|1
|move|p2a: Ferrothorn|Thunder Wave|p1a: Suicune
|-status|p1a: Suicune|par
|
|-heal|p1a: Suicune|260\/404 par|[from] item: Leftovers
|-heal|p2a: Ferrothorn|218\/352 brn|[from] item: Leftovers
|-damage|p1a: Suicune|210\/404 par|[from] Leech Seed|[of] p2a: Ferrothorn
|-heal|p2a: Ferrothorn|268\/352 brn|[silent]
|-damage|p2a: Ferrothorn|224\/352 brn|[from] brn
|turn|53
|
|switch|p2a: Tentacruel|Tentacruel, M|249\/361
|move|p1a: Suicune|Rest|p1a: Suicune
|-status|p1a: Suicune|slp
|-heal|p1a: Suicune|404\/404 slp|[silent]
|-status|p1a: Suicune|slp|[from] move: Rest
|
|-damage|p1a: Suicune|354\/404 slp|[from] Leech Seed|[of] p2a: Tentacruel
|-heal|p2a: Tentacruel|299\/361|[silent]
|turn|54
|
|move|p2a: Tentacruel|Rapid Spin|p1a: Suicune
|-damage|p1a: Suicune|346\/404 slp
|cant|p1a: Suicune|slp
|move|p1a: Suicune|Sleep Talk|p1a: Suicune
|move|p1a: Suicune|Scald|p2a: Tentacruel|[from]Sleep Talk
|-resisted|p2a: Tentacruel
|-damage|p2a: Tentacruel|155\/361
|-status|p2a: Tentacruel|brn
|
|-heal|p1a: Suicune|371\/404 slp|[from] item: Leftovers
|-damage|p1a: Suicune|321\/404 slp|[from] Leech Seed|[of] p2a: Tentacruel
|-heal|p2a: Tentacruel|205\/361 brn|[silent]
|-damage|p2a: Tentacruel|160\/361 brn|[from] brn
|turn|55
|
|move|p2a: Tentacruel|Scald|p1a: Suicune
|-resisted|p1a: Suicune
|-damage|p1a: Suicune|311\/404 slp
|cant|p1a: Suicune|slp
|move|p1a: Suicune|Sleep Talk|p1a: Suicune
|move|p1a: Suicune|Rest|p1a: Suicune|[from]Sleep Talk
|-fail|p1a: Suicune
|
|-heal|p1a: Suicune|336\/404 slp|[from] item: Leftovers
|-damage|p1a: Suicune|286\/404 slp|[from] Leech Seed|[of] p2a: Tentacruel
|-heal|p2a: Tentacruel|210\/361 brn|[silent]
|-damage|p2a: Tentacruel|165\/361 brn|[from] brn
|turn|56
|
|move|p2a: Tentacruel|Protect|p2a: Tentacruel
|-singleturn|p2a: Tentacruel|Protect
|-curestatus|p1a: Suicune|slp
|move|p1a: Suicune|Calm Mind|p1a: Suicune
|-fail|p1a: Suicune
|
|-heal|p1a: Suicune|311\/404|[from] item: Leftovers
|-damage|p1a: Suicune|261\/404|[from] Leech Seed|[of] p2a: Tentacruel
|-heal|p2a: Tentacruel|215\/361 brn|[silent]
|-damage|p2a: Tentacruel|170\/361 brn|[from] brn
|turn|57
|
|move|p2a: Tentacruel|Scald|p1a: Suicune
|-resisted|p1a: Suicune
|-damage|p1a: Suicune|252\/404
|move|p1a: Suicune|Scald|p2a: Tentacruel
|-resisted|p2a: Tentacruel
|-damage|p2a: Tentacruel|28\/361 brn
|
|-heal|p1a: Suicune|277\/404|[from] item: Leftovers
|-damage|p1a: Suicune|227\/404|[from] Leech Seed|[of] p2a: Tentacruel
|-heal|p2a: Tentacruel|78\/361 brn|[silent]
|-damage|p2a: Tentacruel|33\/361 brn|[from] brn
|turn|58
|
|move|p2a: Tentacruel|Scald|p1a: Suicune
|-resisted|p1a: Suicune
|-damage|p1a: Suicune|219\/404
|move|p1a: Suicune|Calm Mind|p1a: Suicune
|-fail|p1a: Suicune
|
|-heal|p1a: Suicune|244\/404|[from] item: Leftovers
|-damage|p1a: Suicune|194\/404|[from] Leech Seed|[of] p2a: Tentacruel
|-heal|p2a: Tentacruel|83\/361 brn|[silent]
|-damage|p2a: Tentacruel|38\/361 brn|[from] brn
|turn|59
|
|move|p2a: Tentacruel|Protect|p2a: Tentacruel
|-singleturn|p2a: Tentacruel|Protect
|move|p1a: Suicune|Scald|p2a: Tentacruel
|-activate|p2a: Tentacruel|Protect
|
|-heal|p1a: Suicune|219\/404|[from] item: Leftovers
|-damage|p1a: Suicune|169\/404|[from] Leech Seed|[of] p2a: Tentacruel
|-heal|p2a: Tentacruel|88\/361 brn|[silent]
|-damage|p2a: Tentacruel|43\/361 brn|[from] brn
|turn|60
|
|move|p2a: Tentacruel|Protect|p2a: Tentacruel
|-fail|p2a: Tentacruel
|move|p1a: Suicune|Scald|p2a: Tentacruel
|-resisted|p2a: Tentacruel
|-damage|p2a: Tentacruel|0 fnt
|faint|p2a: Tentacruel
|
|-heal|p1a: Suicune|194\/404|[from] item: Leftovers
|
|switch|p2a: Ferrothorn|Ferrothorn, F|224\/352 brn
|turn|61
|
|move|p1a: Suicune|Scald|p2a: Ferrothorn
|-resisted|p2a: Ferrothorn
|-damage|p2a: Ferrothorn|73\/352 brn
|move|p2a: Ferrothorn|Thunder Wave|p1a: Suicune
|-status|p1a: Suicune|par
|
|-heal|p1a: Suicune|219\/404 par|[from] item: Leftovers
|-heal|p2a: Ferrothorn|95\/352 brn|[from] item: Leftovers
|-damage|p1a: Suicune|169\/404 par|[from] Leech Seed|[of] p2a: Ferrothorn
|-heal|p2a: Ferrothorn|145\/352 brn|[silent]
|-damage|p2a: Ferrothorn|101\/352 brn|[from] brn
|turn|62
|
|move|p1a: Suicune|Rest|p1a: Suicune
|-status|p1a: Suicune|slp
|-heal|p1a: Suicune|404\/404 slp|[silent]
|-status|p1a: Suicune|slp|[from] move: Rest
|move|p2a: Ferrothorn|Gyro Ball|p1a: Suicune
|-resisted|p1a: Suicune
|-damage|p1a: Suicune|381\/404 slp
|
|-heal|p1a: Suicune|404\/404 slp|[from] item: Leftovers
|-heal|p2a: Ferrothorn|123\/352 brn|[from] item: Leftovers
|-damage|p1a: Suicune|354\/404 slp|[from] Leech Seed|[of] p2a: Ferrothorn
|-heal|p2a: Ferrothorn|173\/352 brn|[silent]
|-damage|p2a: Ferrothorn|129\/352 brn|[from] brn
|turn|63
|
|cant|p1a: Suicune|slp
|move|p1a: Suicune|Sleep Talk|p1a: Suicune
|move|p1a: Suicune|Calm Mind|p1a: Suicune|[from]Sleep Talk
|-fail|p1a: Suicune
|move|p2a: Ferrothorn|Leech Seed|p1a: Suicune
|-fail|p1a: Suicune
|
|-heal|p1a: Suicune|379\/404 slp|[from] item: Leftovers
|-heal|p2a: Ferrothorn|151\/352 brn|[from] item: Leftovers
|-damage|p1a: Suicune|329\/404 slp|[from] Leech Seed|[of] p2a: Ferrothorn
|-heal|p2a: Ferrothorn|201\/352 brn|[silent]
|-damage|p2a: Ferrothorn|157\/352 brn|[from] brn
|turn|64
|
|cant|p1a: Suicune|slp
|move|p1a: Suicune|Sleep Talk|p1a: Suicune
|move|p1a: Suicune|Rest|p1a: Suicune|[from]Sleep Talk
|-fail|p1a: Suicune
|move|p2a: Ferrothorn|Gyro Ball|p1a: Suicune
|-resisted|p1a: Suicune
|-damage|p1a: Suicune|307\/404 slp
|
|-heal|p1a: Suicune|332\/404 slp|[from] item: Leftovers
|-heal|p2a: Ferrothorn|179\/352 brn|[from] item: Leftovers
|-damage|p1a: Suicune|282\/404 slp|[from] Leech Seed|[of] p2a: Ferrothorn
|-heal|p2a: Ferrothorn|229\/352 brn|[silent]
|-damage|p2a: Ferrothorn|185\/352 brn|[from] brn
|turn|65
|leave|Aspiring Master
|
|-curestatus|p1a: Suicune|slp
|move|p1a: Suicune|Scald|p2a: Ferrothorn
|-resisted|p2a: Ferrothorn
|-damage|p2a: Ferrothorn|30\/352 brn
|move|p2a: Ferrothorn|Thunder Wave|p1a: Suicune
|-status|p1a: Suicune|par
|
|-heal|p1a: Suicune|307\/404 par|[from] item: Leftovers
|-heal|p2a: Ferrothorn|52\/352 brn|[from] item: Leftovers
|-damage|p1a: Suicune|257\/404 par|[from] Leech Seed|[of] p2a: Ferrothorn
|-heal|p2a: Ferrothorn|102\/352 brn|[silent]
|-damage|p2a: Ferrothorn|58\/352 brn|[from] brn
|turn|66
|
|move|p1a: Suicune|Scald|p2a: Ferrothorn
|-resisted|p2a: Ferrothorn
|-damage|p2a: Ferrothorn|0 fnt
|faint|p2a: Ferrothorn
|
|win|Super Mario Bros
|raw|Ladder updating...
|raw|Super Mario Bros's rating: 1435 &rarr; <strong>1450<\/strong><br \/>(+15 for winning)
|raw|SirSleepy's rating: 1344 &rarr; <strong>1325<\/strong><br \/>(-19 for losing)
|leave|SirSleepy
|player|p2