|join|Super Mario Bros
|join|AnExplodingPig
|player|p1|Super Mario Bros|155
|player|p2|AnExplodingPig|1
|gametype|singles
|gen|6
|tier|OU (suspect test)
|rated
|clearpoke
|poke|p1|Medicham, F, shiny
|poke|p1|Suicune, shiny
|poke|p1|Ditto, shiny
|poke|p1|Jirachi, shiny
|poke|p1|Machamp, M
|poke|p1|Diggersby, M
|poke|p2|Victini
|poke|p2|Azumarill, F
|poke|p2|Manaphy
|poke|p2|Aegislash, F
|poke|p2|Venusaur, F
|poke|p2|Rotom-Wash
|rule|Sleep Clause Mod: Limit one foe put to sleep
|rule|Species Clause: Limit one of each Pokemon
|rule|OHKO Clause: OHKO moves are banned
|rule|Moody Clause: Moody is banned
|rule|Evasion Moves Clause: Evasion moves are banned
|rule|Endless Battle Clause: Forcing endless battles is banned.
|rule|HP Percentage Mod: HP is reported as percentages
|teampreview
|
|start
|switch|p1a: Machamp|Machamp, M|384\/384
|switch|p2a: Victini|Victini|341\/341
|turn|1
|
|move|p2a: Victini|Bolt Strike|p1a: Machamp
|-damage|p1a: Machamp|226\/384
|move|p1a: Machamp|Knock Off|p2a: Victini
|-supereffective|p2a: Victini
|-damage|p2a: Victini|75\/341
|-enditem|p2a: Victini|Leftovers|[from] move: Knock Off|[of] p1a: Machamp
|
|turn|2
|
|switch|p1a: Suicune|Suicune, shiny|404\/404
|-ability|p1a: Suicune|Pressure
|move|p2a: Victini|V-create|p1a: Suicune
|-resisted|p1a: Suicune
|-damage|p1a: Suicune|309\/404
|-unboost|p2a: Victini|def|1
|-unboost|p2a: Victini|spd|1
|-unboost|p2a: Victini|spe|1
|
|-heal|p1a: Suicune|334\/404|[from] item: Leftovers
|turn|3
|
|switch|p2a: Rotom-Wash|Rotom-Wash|241\/241
|move|p1a: Suicune|Scald|p2a: Rotom-Wash
|-resisted|p2a: Rotom-Wash
|-damage|p2a: Rotom-Wash|209\/241
|-status|p2a: Rotom-Wash|brn
|
|-heal|p2a: Rotom-Wash|224\/241 brn|[from] item: Leftovers
|-heal|p1a: Suicune|359\/404|[from] item: Leftovers
|-damage|p2a: Rotom-Wash|194\/241 brn|[from] brn
|turn|4
|
|move|p2a: Rotom-Wash|Thunderbolt|p1a: Suicune
|-supereffective|p1a: Suicune
|-damage|p1a: Suicune|165\/404
|move|p1a: Suicune|Calm Mind|p1a: Suicune
|-boost|p1a: Suicune|spa|1
|-boost|p1a: Suicune|spd|1
|
|-heal|p2a: Rotom-Wash|209\/241 brn|[from] item: Leftovers
|-heal|p1a: Suicune|190\/404|[from] item: Leftovers
|-damage|p2a: Rotom-Wash|179\/241 brn|[from] brn
|turn|5
|
|move|p2a: Rotom-Wash|Volt Switch|p1a: Suicune
|-supereffective|p1a: Suicune
|-damage|p1a: Suicune|86\/404
|join|louieee
|
|switch|p2a: Venusaur|Venusaur, F|364\/364
|move|p1a: Suicune|Rest|p1a: Suicune
|-status|p1a: Suicune|slp
|-heal|p1a: Suicune|404\/404 slp|[silent]
|-status|p1a: Suicune|slp|[from] move: Rest
|
|turn|6
|
|-formechange|p2a: Venusaur|Venusaur-Mega
|message|Venusaur has Mega Evolved into Mega Venusaur!
|cant|p1a: Suicune|slp
|move|p1a: Suicune|Sleep Talk|p1a: Suicune
|move|p1a: Suicune|Scald|p2a: Venusaur|[from]Sleep Talk
|-resisted|p2a: Venusaur
|-damage|p2a: Venusaur|307\/364
|move|p2a: Venusaur|Sunny Day|p2a: Venusaur
|-weather|SunnyDay
|
|-weather|SunnyDay|[upkeep]
|turn|7
|
|cant|p1a: Suicune|slp
|move|p1a: Suicune|Sleep Talk|p1a: Suicune
|move|p1a: Suicune|Calm Mind|p1a: Suicune|[from]Sleep Talk
|-boost|p1a: Suicune|spa|1
|-boost|p1a: Suicune|spd|1
|move|p2a: Venusaur|Solar Beam|p1a: Suicune|[still]
|-prepare|p2a: Venusaur|Solar Beam|p1a: Suicune
|-anim|p2a: Venusaur|Solar Beam|p1a: Suicune
|-supereffective|p1a: Suicune
|-damage|p1a: Suicune|194\/404 slp
|
|-weather|SunnyDay|[upkeep]
|-heal|p1a: Suicune|219\/404 slp|[from] item: Leftovers
|turn|8
|
|-curestatus|p1a: Suicune|slp
|move|p1a: Suicune|Calm Mind|p1a: Suicune
|-boost|p1a: Suicune|spa|1
|-boost|p1a: Suicune|spd|1
|move|p2a: Venusaur|Solar Beam|p1a: Suicune|[still]
|-prepare|p2a: Venusaur|Solar Beam|p1a: Suicune
|-anim|p2a: Venusaur|Solar Beam|p1a: Suicune
|-supereffective|p1a: Suicune
|-damage|p1a: Suicune|55\/404
|
|-weather|SunnyDay|[upkeep]
|-heal|p1a: Suicune|80\/404|[from] item: Leftovers
|turn|9
|
|move|p1a: Suicune|Rest|p1a: Suicune
|-status|p1a: Suicune|slp
|-heal|p1a: Suicune|404\/404 slp|[silent]
|-status|p1a: Suicune|slp|[from] move: Rest
|move|p2a: Venusaur|Giga Drain|p1a: Suicune
|-supereffective|p1a: Suicune
|-damage|p1a: Suicune|302\/404 slp
|-heal|p2a: Venusaur|358\/364|[from] drain|[of] p1a: Suicune
|
|-weather|SunnyDay|[upkeep]
|-heal|p1a: Suicune|327\/404 slp|[from] item: Leftovers
|turn|10
|
|cant|p1a: Suicune|slp
|move|p1a: Suicune|Sleep Talk|p1a: Suicune
|move|p1a: Suicune|Rest|p1a: Suicune|[from]Sleep Talk
|-fail|p1a: Suicune
|move|p2a: Venusaur|Solar Beam|p1a: Suicune|[still]
|-prepare|p2a: Venusaur|Solar Beam|p1a: Suicune
|-anim|p2a: Venusaur|Solar Beam|p1a: Suicune
|-supereffective|p1a: Suicune
|-damage|p1a: Suicune|151\/404 slp
|
|-weather|none
|-heal|p1a: Suicune|176\/404 slp|[from] item: Leftovers
|turn|11
|chat|AnExplodingPig|we coul o this all day
|
|switch|p2a: Victini|Victini|75\/341
|cant|p1a: Suicune|slp
|move|p1a: Suicune|Sleep Talk|p1a: Suicune
|move|p1a: Suicune|Rest|p1a: Suicune|[from]Sleep Talk
|-fail|p1a: Suicune
|
|-heal|p1a: Suicune|201\/404 slp|[from] item: Leftovers
|turn|12
|
|move|p2a: Victini|Bolt Strike|p1a: Suicune
|-supereffective|p1a: Suicune
|-damage|p1a: Suicune|27\/404 slp
|-curestatus|p1a: Suicune|slp
|move|p1a: Suicune|Rest|p1a: Suicune
|-status|p1a: Suicune|slp
|-heal|p1a: Suicune|404\/404 slp|[silent]
|-status|p1a: Suicune|slp|[from] move: Rest
|
|turn|13
|
|move|p2a: Victini|Bolt Strike|p1a: Suicune
|-crit|p1a: Suicune
|-supereffective|p1a: Suicune
|-damage|p1a: Suicune|162\/404 slp
|cant|p1a: Suicune|slp
|move|p1a: Suicune|Sleep Talk|p1a: Suicune
|move|p1a: Suicune|Calm Mind|p1a: Suicune|[from]Sleep Talk
|-boost|p1a: Suicune|spa|1
|-boost|p1a: Suicune|spd|1
|
|-heal|p1a: Suicune|187\/404 slp|[from] item: Leftovers
|turn|14
|
|move|p2a: Victini|Bolt Strike|p1a: Suicune
|-supereffective|p1a: Suicune
|-damage|p1a: Suicune|11\/404 slp
|cant|p1a: Suicune|slp
|move|p1a: Suicune|Sleep Talk|p1a: Suicune
|move|p1a: Suicune|Calm Mind|p1a: Suicune|[from]Sleep Talk
|-boost|p1a: Suicune|spa|1
|-boost|p1a: Suicune|spd|1
|
|-heal|p1a: Suicune|36\/404 slp|[from] item: Leftovers
|turn|15
|
|move|p2a: Victini|U-turn|p1a: Suicune
|-crit|p1a: Suicune
|-damage|p1a: Suicune|0 fnt
|faint|p1a: Suicune
|
|switch|p2a: Aegislash|Aegislash, F|324\/324
|
|
|switch|p1a: Diggersby|Diggersby, M|311\/311
|turn|16
|
|switch|p2a: Rotom-Wash|Rotom-Wash|179\/241 brn
|move|p1a: Diggersby|Earthquake|p2a: Rotom-Wash
|-immune|p2a: Rotom-Wash|[msg]
|
|-heal|p2a: Rotom-Wash|194\/241 brn|[from] item: Leftovers
|-damage|p2a: Rotom-Wash|164\/241 brn|[from] brn
|turn|17
|
|switch|p1a: Jirachi|Jirachi, shiny|404\/404
|move|p2a: Rotom-Wash|Hydro Pump|p1a: Jirachi
|-damage|p1a: Jirachi|271\/404
|
|-heal|p1a: Jirachi|296\/404|[from] item: Leftovers
|-heal|p2a: Rotom-Wash|179\/241 brn|[from] item: Leftovers
|-damage|p2a: Rotom-Wash|149\/241 brn|[from] brn
|turn|18
|
|move|p1a: Jirachi|Stealth Rock|p2a: Rotom-Wash
|-sidestart|p2: AnExplodingPig|move: Stealth Rock
|move|p2a: Rotom-Wash|Volt Switch|p1a: Jirachi
|-crit|p1a: Jirachi
|-damage|p1a: Jirachi|166\/404
|
|switch|p2a: Aegislash|Aegislash, F|324\/324
|-damage|p2a: Aegislash|304\/324|[from] Stealth Rock
|
|-heal|p1a: Jirachi|191\/404|[from] item: Leftovers
|-heal|p2a: Aegislash|324\/324|[from] item: Leftovers
|turn|19
|
|-formechange|p2a: Aegislash|Aegislash-Blade
|move|p2a: Aegislash|Shadow Sneak|p1a: Jirachi
|-supereffective|p1a: Jirachi
|-damage|p1a: Jirachi|107\/404
|move|p1a: Jirachi|Thunder Wave|p2a: Aegislash
|-status|p2a: Aegislash|par
|
|-heal|p1a: Jirachi|132\/404|[from] item: Leftovers
|turn|20
|
|switch|p1a: Diggersby|Diggersby, M|311\/311
|move|p2a: Aegislash|Swords Dance|p2a: Aegislash
|-boost|p2a: Aegislash|atk|2
|
|turn|21
|
|-formechange|p2a: Aegislash|Aegislash
|cant|p2a: Aegislash|par
|move|p1a: Diggersby|Earthquake|p2a: Aegislash
|-supereffective|p2a: Aegislash
|-damage|p2a: Aegislash|22\/324 par
|
|-heal|p2a: Aegislash|42\/324 par|[from] item: Leftovers
|turn|22
|
|move|p2a: Aegislash|King's Shield|p2a: Aegislash
|-singleturn|p2a: Aegislash|Protect
|move|p1a: Diggersby|Earthquake|p2a: Aegislash
|-activate|p2a: Aegislash|Protect
|
|-heal|p2a: Aegislash|62\/324 par|[from] item: Leftovers
|turn|23
|
|-formechange|p2a: Aegislash|Aegislash-Blade
|cant|p2a: Aegislash|par
|move|p1a: Diggersby|Earthquake|p2a: Aegislash
|-supereffective|p2a: Aegislash
|-damage|p2a: Aegislash|0 fnt
|faint|p2a: Aegislash
|
|-message|AnExplodingPig forfeited.
|
|win|Super Mario Bros
|raw|Ladder updating...
|leave|AnExplodingPig
|player|p2
|raw|Super Mario Bros's rating: 1259 &rarr; <strong>1268<\/strong><br \/>(+9 for winning)
|raw|AnExplodingPig's rating: 1000 &rarr; <strong>1000<\/strong><br \/>(+0 for losing)
|leave|louieee