|join|Ace D portgas
|join|Super Mario Bros
|player|p1|Ace D portgas|176
|player|p2|Super Mario Bros|155
|gametype|singles
|gen|6
|tier|OU (suspect test)
|rated
|clearpoke
|poke|p1|Scizor, M
|poke|p1|Kyurem-Black
|poke|p1|Talonflame, F
|poke|p1|Sylveon, F
|poke|p1|Excadrill, F
|poke|p1|Keldeo
|poke|p2|Medicham, F, shiny
|poke|p2|Suicune, shiny
|poke|p2|Ditto, shiny
|poke|p2|Jirachi, shiny
|poke|p2|Machamp, M
|poke|p2|Diggersby, M
|rule|Sleep Clause Mod: Limit one foe put to sleep
|rule|Species Clause: Limit one of each Pokemon
|rule|OHKO Clause: OHKO moves are banned
|rule|Moody Clause: Moody is banned
|rule|Evasion Moves Clause: Evasion moves are banned
|rule|Endless Battle Clause: Forcing endless battles is banned.
|rule|HP Percentage Mod: HP is reported as percentages
|teampreview
|chat|Ace D portgas|hey :)
|
|start
|switch|p1a: Talonflame|Talonflame, F|298\/298
|switch|p2a: Machamp|Machamp, M|384\/384
|turn|1
|
|switch|p2a: Jirachi|Jirachi, shiny|404\/404
|move|p1a: Talonflame|U-turn|p2a: Jirachi
|-damage|p2a: Jirachi|333\/404
|
|switch|p1a: Kyurem-Black|Kyurem-Black|404\/404
|-ability|p1a: Kyurem-Black|Teravolt
|
|-heal|p2a: Jirachi|358\/404|[from] item: Leftovers
|turn|2
|
|switch|p1a: Excadrill|Excadrill, F|361\/361
|-ability|p1a: Excadrill|Mold Breaker
|-item|p1a: Excadrill|Air Balloon
|move|p2a: Jirachi|Stealth Rock|p1a: Excadrill
|-sidestart|p1: Ace D portgas|move: Stealth Rock
|
|-heal|p2a: Jirachi|383\/404|[from] item: Leftovers
|turn|3
|
|switch|p2a: Suicune|Suicune, shiny|404\/404
|-ability|p2a: Suicune|Pressure
|move|p1a: Excadrill|Rapid Spin|p2a: Suicune
|-damage|p2a: Suicune|388\/404
|-sideend|p1: Ace D portgas|Stealth Rock|[from] move: Rapid Spin|[of] p1a: Excadrill
|
|-heal|p2a: Suicune|404\/404|[from] item: Leftovers
|turn|4
|
|switch|p1a: Kyurem-Black|Kyurem-Black|404\/404
|-ability|p1a: Kyurem-Black|Teravolt
|move|p2a: Suicune|Calm Mind|p2a: Suicune
|-boost|p2a: Suicune|spa|1
|-boost|p2a: Suicune|spd|1
|
|turn|5
|
|move|p1a: Kyurem-Black|Substitute|p1a: Kyurem-Black
|-start|p1a: Kyurem-Black|Substitute
|-damage|p1a: Kyurem-Black|303\/404
|move|p2a: Suicune|Calm Mind|p2a: Suicune
|-boost|p2a: Suicune|spa|1
|-boost|p2a: Suicune|spd|1
|
|-heal|p1a: Kyurem-Black|328\/404|[from] item: Leftovers
|turn|6
|
|move|p1a: Kyurem-Black|Fusion Bolt|p2a: Suicune
|-supereffective|p2a: Suicune
|-damage|p2a: Suicune|234\/404
|move|p2a: Suicune|Scald|p1a: Kyurem-Black
|-resisted|p1a: Kyurem-Black
|-activate|p1a: Kyurem-Black|Substitute|[damage]
|
|-heal|p1a: Kyurem-Black|353\/404|[from] item: Leftovers
|-heal|p2a: Suicune|259\/404|[from] item: Leftovers
|turn|7
|
|move|p1a: Kyurem-Black|Earth Power|p2a: Suicune
|-damage|p2a: Suicune|214\/404
|move|p2a: Suicune|Rest|p2a: Suicune
|-status|p2a: Suicune|slp
|-heal|p2a: Suicune|404\/404 slp|[silent]
|-status|p2a: Suicune|slp|[from] move: Rest
|
|-heal|p1a: Kyurem-Black|378\/404|[from] item: Leftovers
|turn|8
|join|louieee
|
|move|p1a: Kyurem-Black|Fusion Bolt|p2a: Suicune
|-supereffective|p2a: Suicune
|-damage|p2a: Suicune|230\/404 slp
|cant|p2a: Suicune|slp
|move|p2a: Suicune|Sleep Talk|p2a: Suicune
|move|p2a: Suicune|Calm Mind|p2a: Suicune|[from]Sleep Talk
|-boost|p2a: Suicune|spa|1
|-boost|p2a: Suicune|spd|1
|
|-heal|p1a: Kyurem-Black|403\/404|[from] item: Leftovers
|-heal|p2a: Suicune|255\/404 slp|[from] item: Leftovers
|turn|9
|leave|louieee
|
|move|p1a: Kyurem-Black|Fusion Bolt|p2a: Suicune
|-supereffective|p2a: Suicune
|-damage|p2a: Suicune|81\/404 slp
|cant|p2a: Suicune|slp
|move|p2a: Suicune|Sleep Talk|p2a: Suicune
|move|p2a: Suicune|Rest|p2a: Suicune|[from]Sleep Talk
|-fail|p2a: Suicune
|
|-heal|p1a: Kyurem-Black|404\/404|[from] item: Leftovers
|-heal|p2a: Suicune|106\/404 slp|[from] item: Leftovers
|turn|10
|
|switch|p2a: Jirachi|Jirachi, shiny|383\/404
|move|p1a: Kyurem-Black|Fusion Bolt|p2a: Jirachi
|-damage|p2a: Jirachi|298\/404
|
|-heal|p2a: Jirachi|323\/404|[from] item: Leftovers
|turn|11
|
|move|p1a: Kyurem-Black|Earth Power|p2a: Jirachi
|-supereffective|p2a: Jirachi
|-damage|p2a: Jirachi|123\/404
|move|p2a: Jirachi|Healing Wish|p2a: Jirachi
|faint|p2a: Jirachi
|
|
|switch|p2a: Suicune|Suicune, shiny|106\/404 slp
|-heal|p2a: Suicune|404\/404|[from] move: Healing Wish
|-ability|p2a: Suicune|Pressure
|turn|12
|
|switch|p1a: Scizor|Scizor, M|344\/344
|move|p2a: Suicune|Calm Mind|p2a: Suicune
|-boost|p2a: Suicune|spa|1
|-boost|p2a: Suicune|spd|1
|
|turn|13
|
|-formechange|p1a: Scizor|Scizor-Mega
|message|Scizor has Mega Evolved into Mega Scizor!
|move|p2a: Suicune|Scald|p1a: Scizor
|-damage|p1a: Scizor|211\/344
|move|p1a: Scizor|Swords Dance|p1a: Scizor
|-boost|p1a: Scizor|atk|2
|
|turn|14
|
|move|p2a: Suicune|Scald|p1a: Scizor
|-damage|p1a: Scizor|93\/344
|-status|p1a: Scizor|brn
|move|p1a: Scizor|Knock Off|p2a: Suicune
|-damage|p2a: Suicune|330\/404
|-enditem|p2a: Suicune|Leftovers|[from] move: Knock Off|[of] p1a: Scizor
|
|-damage|p1a: Scizor|50\/344 brn|[from] brn
|turn|15
|chat|Ace D portgas|wow
|
|move|p2a: Suicune|Calm Mind|p2a: Suicune
|-boost|p2a: Suicune|spa|1
|-boost|p2a: Suicune|spd|1
|move|p1a: Scizor|Knock Off|p2a: Suicune
|-damage|p2a: Suicune|284\/404
|
|-damage|p1a: Scizor|7\/344 brn|[from] brn
|turn|16
|chat|Ace D portgas|that burn sealed it
|
|move|p2a: Suicune|Calm Mind|p2a: Suicune
|-boost|p2a: Suicune|spa|1
|-boost|p2a: Suicune|spd|1
|move|p1a: Scizor|Knock Off|p2a: Suicune
|-damage|p2a: Suicune|237\/404
|
|-damage|p1a: Scizor|0 fnt|[from] brn
|faint|p1a: Scizor
|
|switch|p1a: Talonflame|Talonflame, F|298\/298
|turn|17
|
|move|p1a: Talonflame|U-turn|p2a: Suicune
|-damage|p2a: Suicune|170\/404
|
|switch|p1a: Kyurem-Black|Kyurem-Black|404\/404
|-ability|p1a: Kyurem-Black|Teravolt
|move|p2a: Suicune|Rest|p2a: Suicune
|-status|p2a: Suicune|slp
|-heal|p2a: Suicune|404\/404 slp|[silent]
|-status|p2a: Suicune|slp|[from] move: Rest
|
|turn|18
|
|move|p1a: Kyurem-Black|Fusion Bolt|p2a: Suicune
|-supereffective|p2a: Suicune
|-damage|p2a: Suicune|226\/404 slp
|cant|p2a: Suicune|slp
|move|p2a: Suicune|Sleep Talk|p2a: Suicune
|move|p2a: Suicune|Rest|p2a: Suicune|[from]Sleep Talk
|-fail|p2a: Suicune
|
|turn|19
|
|switch|p1a: Keldeo|Keldeo|323\/323
|cant|p2a: Suicune|slp
|move|p2a: Suicune|Sleep Talk|p2a: Suicune
|move|p2a: Suicune|Scald|p1a: Keldeo|[from]Sleep Talk
|-resisted|p1a: Keldeo
|-damage|p1a: Keldeo|209\/323
|
|turn|20
|
|move|p1a: Keldeo|Secret Sword|p2a: Suicune
|-crit|p2a: Suicune
|-damage|p2a: Suicune|45\/404 slp
|-damage|p1a: Keldeo|177\/323|[from] item: Life Orb
|-curestatus|p2a: Suicune|slp
|move|p2a: Suicune|Rest|p2a: Suicune
|-status|p2a: Suicune|slp
|-heal|p2a: Suicune|404\/404 slp|[silent]
|-status|p2a: Suicune|slp|[from] move: Rest
|
|turn|21
|
|move|p1a: Keldeo|Secret Sword|p2a: Suicune
|-damage|p2a: Suicune|286\/404 slp
|-damage|p1a: Keldeo|145\/323|[from] item: Life Orb
|cant|p2a: Suicune|slp
|move|p2a: Suicune|Sleep Talk|p2a: Suicune
|move|p2a: Suicune|Scald|p1a: Keldeo|[from]Sleep Talk
|-resisted|p1a: Keldeo
|-damage|p1a: Keldeo|34\/323
|
|turn|22
|
|move|p1a: Keldeo|Secret Sword|p2a: Suicune
|-damage|p2a: Suicune|161\/404 slp
|-damage|p1a: Keldeo|2\/323|[from] item: Life Orb
|cant|p2a: Suicune|slp
|move|p2a: Suicune|Sleep Talk|p2a: Suicune
|move|p2a: Suicune|Rest|p2a: Suicune|[from]Sleep Talk
|-fail|p2a: Suicune
|
|turn|23
|
|move|p1a: Keldeo|Secret Sword|p2a: Suicune
|-damage|p2a: Suicune|28\/404 slp
|-damage|p1a: Keldeo|0 fnt|[from] item: Life Orb
|faint|p1a: Keldeo
|-curestatus|p2a: Suicune|slp
|move|p2a: Suicune|Rest|p2a: Suicune
|-status|p2a: Suicune|slp
|-heal|p2a: Suicune|404\/404 slp|[silent]
|-status|p2a: Suicune|slp|[from] move: Rest
|
|
|switch|p1a: Talonflame|Talonflame, F|298\/298
|turn|24
|
|move|p1a: Talonflame|Brave Bird|p2a: Suicune
|-damage|p2a: Suicune|242\/404 slp
|-damage|p1a: Talonflame|245\/298|[from] recoil|[of] p2a: Suicune
|cant|p2a: Suicune|slp
|move|p2a: Suicune|Sleep Talk|p2a: Suicune
|move|p2a: Suicune|Scald|p1a: Talonflame|[from]Sleep Talk
|-supereffective|p1a: Talonflame
|-damage|p1a: Talonflame|0 fnt
|faint|p1a: Talonflame
|
|chat|Ace D portgas|such luck
|-message|Ace D portgas forfeited.
|
|win|Super Mario Bros
|raw|Ladder updating...
|leave|Ace D portgas
|player|p1
|raw|Ace D portgas's rating: 1145 &rarr; <strong>1126<\/strong><br \/>(-19 for losing)
|raw|Super Mario Bros's rating: 1232 &rarr; <strong>1251<\/strong><br \/>(+19 for winning)