|join|SEXY GAMER DOG
|join|qwertyesque
|player|p1|SEXY GAMER DOG|275
|player|p2|qwertyesque|25
|gametype|singles
|gen|6
|tier|ORAS OU
|rated
|rule|Sleep Clause Mod: Limit one foe put to sleep
|rule|Species Clause: Limit one of each PokÃ©mon
|rule|OHKO Clause: OHKO moves are banned
|rule|Moody Clause: Moody is banned
|rule|Evasion Moves Clause: Evasion moves are banned
|rule|Endless Battle Clause: Forcing endless battles is banned
|rule|HP Percentage Mod: HP is shown in percentages
|clearpoke
|poke|p1|Skarmory, F
|poke|p1|Amoonguss, F
|poke|p1|Gothitelle, F
|poke|p1|Rotom-Wash
|poke|p1|Salamence, M
|poke|p1|Chansey, F
|poke|p2|Sharpedo, F
|poke|p2|Chesnaught, F
|poke|p2|Clefable, F
|poke|p2|Magnezone
|poke|p2|Suicune, shiny
|poke|p2|Mew, shiny
|rule|Swagger Clause: Swagger is banned
|rule|Baton Pass Clause: Limit one PokÃ©mon knowing Baton Pass
|teampreview
|
|start
|switch|p1a: Smogon Landromat|Rotom-Wash|304\/304
|switch|p2a: Magnezone|Magnezone|282\/282
|turn|1
|
|move|p2a: Magnezone|Volt Switch|p1a: Smogon Landromat
|-damage|p1a: Smogon Landromat|181\/304
|c|âqwertyesque|glhf
|c|âSEXY GAMER DOG|thanks you too!
|
|switch|p2a: BlueMew|Mew, shiny|341\/341
|move|p1a: Smogon Landromat|Volt Switch|p2a: BlueMew
|-damage|p2a: BlueMew|281\/341
|
|switch|p1a: Gothitelletubby|Gothitelle, F|344\/344
|
|-heal|p2a: BlueMew|302\/341|[from] item: Leftovers
|turn|2
|c|âqwertyesque|BEST NAME 4 GOTHITELLE lol
|
|move|p1a: Gothitelletubby|Trick|p2a: BlueMew
|-activate|p1a: Gothitelletubby|move: Trick|[of] p2a: BlueMew
|-item|p2a: BlueMew|Choice Scarf|[from] move: Trick
|-item|p1a: Gothitelletubby|Leftovers|[from] move: Trick
|move|p2a: BlueMew|Calm Mind|p2a: BlueMew
|-boost|p2a: BlueMew|spa|1
|-boost|p2a: BlueMew|spd|1
|
|turn|3
|c|âqwertyesque|why
|
|move|p2a: BlueMew|Calm Mind|p2a: BlueMew
|-boost|p2a: BlueMew|spa|1
|-boost|p2a: BlueMew|spd|1
|move|p1a: Gothitelletubby|Taunt|p2a: BlueMew
|-start|p2a: BlueMew|move: Taunt
|
|turn|4
|c|âqwertyesque|just why
|c|âSEXY GAMER DOG|to kill you duh
|c|âSEXY GAMER DOG|dumb question is dumb
|
|-activate|p2a: BlueMew|move: Struggle
|move|p2a: BlueMew|Struggle|p1a: Gothitelletubby
|-damage|p1a: Gothitelletubby|311\/344
|-damage|p2a: BlueMew|217\/341
|move|p1a: Gothitelletubby|Psychic|p2a: BlueMew
|-resisted|p2a: BlueMew
|-damage|p2a: BlueMew|197\/341
|
|-heal|p1a: Gothitelletubby|332\/344|[from] item: Leftovers
|turn|5
|
|-activate|p2a: BlueMew|move: Struggle
|move|p2a: BlueMew|Struggle|p1a: Gothitelletubby
|-damage|p1a: Gothitelletubby|302\/344
|-damage|p2a: BlueMew|112\/341
|move|p1a: Gothitelletubby|Psychic|p2a: BlueMew
|-resisted|p2a: BlueMew
|-damage|p2a: BlueMew|93\/341
|-unboost|p2a: BlueMew|spd|1
|
|-heal|p1a: Gothitelletubby|323\/344|[from] item: Leftovers
|turn|6
|
|-activate|p2a: BlueMew|move: Struggle
|move|p2a: BlueMew|Struggle|p1a: Gothitelletubby
|-damage|p1a: Gothitelletubby|289\/344
|-damage|p2a: BlueMew|8\/341
|move|p1a: Gothitelletubby|Psychic|p2a: BlueMew
|-resisted|p2a: BlueMew
|-damage|p2a: BlueMew|0 fnt
|faint|p2a: BlueMew
|
|-heal|p1a: Gothitelletubby|310\/344|[from] item: Leftovers
|
|switch|p2a: Sharpedo|Sharpedo, F|281\/281
|turn|7
|
|switch|p1a: Smogon Landromat|Rotom-Wash|181\/304
|move|p2a: Sharpedo|Crunch|p1a: Smogon Landromat
|-damage|p1a: Smogon Landromat|76\/304
|
|-boost|p2a: Sharpedo|spe|1|[from] ability: Speed Boost
|turn|8
|
|move|p2a: Sharpedo|Crunch|p1a: Smogon Landromat
|-damage|p1a: Smogon Landromat|0 fnt
|faint|p1a: Smogon Landromat
|
|-boost|p2a: Sharpedo|spe|1|[from] ability: Speed Boost
|
|switch|p1a: Metal Head|Skarmory, F|334\/334
|turn|9
|
|detailschange|p2a: Sharpedo|Sharpedo-Mega, F
|message|Sharpedo has Mega Evolved into Mega Sharpedo!
|move|p2a: Sharpedo|Crunch|p1a: Metal Head
|-damage|p1a: Metal Head|184\/334
|move|p1a: Metal Head|Stealth Rock|p2a: Sharpedo
|-sidestart|p2: qwertyesque|move: Stealth Rock
|
|-heal|p1a: Metal Head|204\/334|[from] item: Leftovers
|turn|10
|
|move|p2a: Sharpedo|Crunch|p1a: Metal Head
|-damage|p1a: Metal Head|59\/334
|move|p1a: Metal Head|Roost|p1a: Metal Head
|-heal|p1a: Metal Head|226\/334
|
|-heal|p1a: Metal Head|246\/334|[from] item: Leftovers
|turn|11
|
|move|p2a: Sharpedo|Ice Fang|p1a: Metal Head
|-damage|p1a: Metal Head|165\/334
|move|p1a: Metal Head|Roost|p1a: Metal Head
|-heal|p1a: Metal Head|332\/334
|
|-heal|p1a: Metal Head|334\/334|[from] item: Leftovers
|turn|12
|
|move|p2a: Sharpedo|Crunch|p1a: Metal Head
|-damage|p1a: Metal Head|180\/334
|move|p1a: Metal Head|Brave Bird|p2a: Sharpedo
|-damage|p2a: Sharpedo|118\/281
|-damage|p1a: Metal Head|126\/334|[from] recoil|[of] p2a: Sharpedo
|
|-heal|p1a: Metal Head|146\/334|[from] item: Leftovers
|turn|13
|
|move|p2a: Sharpedo|Crunch|p1a: Metal Head
|-damage|p1a: Metal Head|2\/334
|-unboost|p1a: Metal Head|def|1
|move|p1a: Metal Head|Roost|p1a: Metal Head
|-heal|p1a: Metal Head|169\/334
|
|-heal|p1a: Metal Head|189\/334|[from] item: Leftovers
|turn|14
|c|âqwertyesque|the min roll tho
|
|switch|p1a: Unlucky Egg|Chansey, F|703\/703
|move|p2a: Sharpedo|Crunch|p1a: Unlucky Egg
|-damage|p1a: Unlucky Egg|381\/703
|-unboost|p1a: Unlucky Egg|def|1
|
|turn|15
|
|switch|p1a: Gothitelletubby|Gothitelle, F|310\/344
|move|p2a: Sharpedo|Crunch|p1a: Gothitelletubby
|-supereffective|p1a: Gothitelletubby
|-damage|p1a: Gothitelletubby|0 fnt
|faint|p1a: Gothitelletubby
|
|
|switch|p1a: Unlucky Egg|Chansey, F|381\/703
|turn|16
|
|move|p2a: Sharpedo|Crunch|p1a: Unlucky Egg
|-damage|p1a: Unlucky Egg|26\/703
|-unboost|p1a: Unlucky Egg|def|1
|move|p1a: Unlucky Egg|Soft-Boiled|p1a: Unlucky Egg
|-heal|p1a: Unlucky Egg|378\/703
|
|turn|17
|c|âSEXY GAMER DOG|...
|
|switch|p1a: Grasshole|Amoonguss, F|432\/432
|move|p2a: Sharpedo|Crunch|p1a: Grasshole
|-damage|p1a: Grasshole|122\/432
|
|-heal|p1a: Grasshole|149\/432|[from] item: Black Sludge
|turn|18
|
|move|p2a: Sharpedo|Crunch|p1a: Grasshole
|-damage|p1a: Grasshole|0 fnt
|faint|p1a: Grasshole
|
|
|switch|p1a: Unlucky Egg|Chansey, F|378\/703
|turn|19
|c|âqwertyesque|lol
|
|move|p2a: Sharpedo|Crunch|p1a: Unlucky Egg
|-damage|p1a: Unlucky Egg|23\/703
|move|p1a: Unlucky Egg|Soft-Boiled|p1a: Unlucky Egg
|-heal|p1a: Unlucky Egg|375\/703
|
|turn|20
|c|âqwertyesque|sharpedo swag
|
|move|p2a: Sharpedo|Crunch|p1a: Unlucky Egg
|-damage|p1a: Unlucky Egg|56\/703
|-unboost|p1a: Unlucky Egg|def|1
|move|p1a: Unlucky Egg|Soft-Boiled|p1a: Unlucky Egg
|-heal|p1a: Unlucky Egg|408\/703
|
|turn|21
|c|âSEXY GAMER DOG|hax
|c|âSEXY GAMER DOG|oh i didnt know it was 20%
|-message|SEXY GAMER DOG forfeited.
|
|win|qwertyesque
|raw|Ladder updating...
|leave|SEXY GAMER DOG
|player|p1
|raw|SEXY GAMER DOG's rating: 1051 &rarr; <strong>1033<\/strong><br \/>(-18 for losing)
|raw|qwertyesque's rating: 1048 &rarr; <strong>1081<\/strong><br \/>(+33 for winning)