|join|SEXY GAMER DOG
|join|LT3A ItoI6
|player|p1|SEXY GAMER DOG|275
|player|p2|LT3A ItoI6|166
|gametype|singles
|gen|6
|tier|OU
|rated
|clearpoke
|poke|p1|Gothitelle, F
|poke|p1|Skarmory, F
|poke|p1|Chansey, F
|poke|p1|Quagsire, F
|poke|p1|Amoonguss, M
|poke|p1|Charizard, F
|poke|p2|Scolipede, M, shiny
|poke|p2|Bisharp, M
|poke|p2|Azumarill, F
|poke|p2|Landorus, M
|poke|p2|Raikou
|poke|p2|Medicham, M
|rule|Swagger Clause: Swagger is banned
|rule|Baton Pass Clause: Limit one PokÃ©mon knowing Baton Pass
|rule|Sleep Clause Mod: Limit one foe put to sleep
|rule|Species Clause: Limit one of each PokÃ©mon
|rule|OHKO Clause: OHKO moves are banned
|rule|Moody Clause: Moody is banned
|rule|Evasion Moves Clause: Evasion moves are banned
|rule|Endless Battle Clause: Forcing endless battles is banned
|rule|HP Percentage Mod: HP is shown in percentages
|teampreview
|
|start
|switch|p1a: Gothitelletubby|Gothitelle, F|344\/344
|switch|p2a: Medicham|Medicham, M|261\/261
|turn|1
|
|detailschange|p2a: Medicham|Medicham-Mega, M
|message|Medicham has Mega Evolved into Mega Medicham!
|move|p2a: Medicham|Fake Out|p1a: Gothitelletubby
|-damage|p1a: Gothitelletubby|276\/344
|cant|p1a: Gothitelletubby|flinch
|
|turn|2
|
|move|p1a: Gothitelletubby|Psychic|p2a: Medicham
|-damage|p2a: Medicham|147\/261
|move|p2a: Medicham|Ice Punch|p1a: Gothitelletubby
|-damage|p1a: Gothitelletubby|145\/344
|
|turn|3
|
|move|p1a: Gothitelletubby|Psychic|p2a: Medicham
|-damage|p2a: Medicham|32\/261
|move|p2a: Medicham|High Jump Kick|p1a: Gothitelletubby
|-resisted|p1a: Gothitelletubby
|-damage|p1a: Gothitelletubby|0 fnt
|faint|p1a: Gothitelletubby
|
|
|switch|p1a: Metal Head|Skarmory, F|334\/334
|turn|4
|
|switch|p2a: Raikou|Raikou|329\/329
|-ability|p2a: Raikou|Pressure
|move|p1a: Metal Head|Brave Bird|p2a: Raikou
|-resisted|p2a: Raikou
|-damage|p2a: Raikou|248\/329
|-damage|p1a: Metal Head|307\/334|[from] recoil|[of] p2a: Raikou
|
|-heal|p1a: Metal Head|327\/334|[from] item: Leftovers
|turn|5
|
|switch|p1a: Quagmire|Quagsire, F|394\/394
|move|p2a: Raikou|Volt Switch|p1a: Quagmire
|-immune|p1a: Quagmire|[msg]
|
|turn|6
|
|switch|p2a: Scolipede|Scolipede, M, shiny|261\/261
|move|p1a: Quagmire|Scald|p2a: Scolipede
|-damage|p2a: Scolipede|167\/261
|
|turn|7
|
|switch|p1a: Metal Head|Skarmory, F|327\/334
|move|p2a: Scolipede|Spikes|p1a: Metal Head
|-sidestart|p1: SEXY GAMER DOG|Spikes
|
|-heal|p1a: Metal Head|334\/334|[from] item: Leftovers
|-boost|p2a: Scolipede|spe|1|[from] ability: Speed Boost
|turn|8
|
|switch|p2a: Bisharp|Bisharp, M|271\/271
|move|p1a: Metal Head|Defog|p2a: Bisharp
|-unboost|p2a: Bisharp|evasion|1
|-boost|p2a: Bisharp|atk|2|[from] ability: Defiant
|-sideend|p1: SEXY GAMER DOG|Spikes|[from] move: Defog|[of] p1a: Metal Head
|
|turn|9
|
|move|p2a: Bisharp|Knock Off|p1a: Metal Head
|-damage|p1a: Metal Head|45\/334
|-enditem|p1a: Metal Head|Leftovers|[from] move: Knock Off|[of] p2a: Bisharp
|-damage|p2a: Bisharp|244\/271|[from] item: Life Orb
|move|p1a: Metal Head|Stealth Rock|p2a: Bisharp
|-sidestart|p2: LT3A ItoI6|move: Stealth Rock
|
|turn|10
|
|switch|p1a: Quagmire|Quagsire, F|394\/394
|move|p2a: Bisharp|Knock Off|p1a: Quagmire
|-damage|p1a: Quagmire|209\/394
|-enditem|p1a: Quagmire|Leftovers|[from] move: Knock Off|[of] p2a: Bisharp
|-damage|p2a: Bisharp|217\/271|[from] item: Life Orb
|
|turn|11
|
|move|p2a: Bisharp|Taunt|p1a: Quagmire
|-start|p1a: Quagmire|move: Taunt
|cant|p1a: Quagmire|move: Taunt|Recover
|
|turn|12
|
|move|p2a: Bisharp|Knock Off|p1a: Quagmire
|-damage|p1a: Quagmire|83\/394
|-damage|p2a: Bisharp|190\/271|[from] item: Life Orb
|move|p1a: Quagmire|Earthquake|p2a: Bisharp
|-supereffective|p2a: Bisharp
|-damage|p2a: Bisharp|0 fnt
|faint|p2a: Bisharp
|
|
|switch|p2a: Medicham|Medicham-Mega, M|32\/261
|-damage|p2a: Medicham|16\/261|[from] Stealth Rock
|turn|13
|
|move|p2a: Medicham|High Jump Kick|p1a: Quagmire
|-damage|p1a: Quagmire|0 fnt
|faint|p1a: Quagmire
|
|
|switch|p1a: Metal Head|Skarmory, F|45\/334
|turn|14
|
|move|p2a: Medicham|Ice Punch|p1a: Metal Head
|-damage|p1a: Metal Head|0 fnt
|faint|p1a: Metal Head
|
|
|switch|p1a: Manzard|Charizard, F|323\/323
|turn|15
|join|AM
|
|switch|p2a: Azumarill|Azumarill, F|399\/399
|-damage|p2a: Azumarill|350\/399|[from] Stealth Rock
|detailschange|p1a: Manzard|Charizard-Mega-Y, F
|message|Charizard has Mega Evolved into Mega Charizard!
|-weather|SunnyDay
|move|p1a: Manzard|Flamethrower|p2a: Azumarill
|-resisted|p2a: Azumarill
|-damage|p2a: Azumarill|225\/399
|
|-weather|SunnyDay|[upkeep]
|turn|16
|
|move|p2a: Azumarill|Aqua Jet|p1a: Manzard
|-supereffective|p1a: Manzard
|-damage|p1a: Manzard|209\/323
|move|p1a: Manzard|Solar Beam|p2a: Azumarill|[still]
|-prepare|p1a: Manzard|Solar Beam|p2a: Azumarill
|-anim|p1a: Manzard|Solar Beam|p2a: Azumarill
|-supereffective|p2a: Azumarill
|-damage|p2a: Azumarill|0 fnt
|faint|p2a: Azumarill
|
|-weather|SunnyDay|[upkeep]
|
|switch|p2a: Scolipede|Scolipede, M, shiny|167\/261
|-damage|p2a: Scolipede|102\/261|[from] Stealth Rock
|turn|17
|
|move|p2a: Scolipede|Rock Slide|p1a: Manzard
|-supereffective|p1a: Manzard
|-damage|p1a: Manzard|0 fnt
|faint|p1a: Manzard
|
|-weather|SunnyDay|[upkeep]
|-boost|p2a: Scolipede|spe|1|[from] ability: Speed Boost
|
|switch|p1a: Grasshole|Amoonguss, M|432\/432
|turn|18
|-message|SEXY GAMER DOG forfeited.
|
|win|LT3A ItoI6
|raw|Ladder updating...
|leave|SEXY GAMER DOG
|player|p1
|raw|SEXY GAMER DOG's rating: 1777 &rarr; <strong>1760<\/strong><br \/>(-17 for losing)
|raw|LT3A ItoI6's rating: 1834 &rarr; <strong>1851<\/strong><br \/>(+17 for winning)
|leave|AM