|join|SEXY GAMER DOG
|join|Nicowhaat
|player|p1|SEXY GAMER DOG|23
|player|p2|Nicowhaat|269
|gametype|singles
|gen|6
|tier|OU
|rated
|clearpoke
|poke|p1|Chansey, F
|poke|p1|Quagsire, F
|poke|p1|Skarmory, F
|poke|p1|Cresselia, F
|poke|p1|Sableye, M
|poke|p1|Gothitelle, M
|poke|p2|Landorus-Therian, M
|poke|p2|Chansey, F
|poke|p2|Sceptile, M
|poke|p2|Rotom-Wash
|poke|p2|Dragonite, M
|poke|p2|Mandibuzz, F
|rule|Swagger Clause: Swagger is banned
|rule|Baton Pass Clause: Limit one PokÃ©mon knowing Baton Pass
|rule|Sleep Clause Mod: Limit one foe put to sleep
|rule|Species Clause: Limit one of each PokÃ©mon
|rule|OHKO Clause: OHKO moves are banned
|rule|Moody Clause: Moody is banned
|rule|Evasion Moves Clause: Evasion moves are banned
|rule|Endless Battle Clause: Forcing endless battles is banned
|rule|HP Percentage Mod: HP is shown in percentages
|teampreview
|c|âNicowhaat|gl hf :)
|
|start
|switch|p1a: LE GEM XD|Sableye, M|304\/304
|switch|p2a: Sceptile|Sceptile, M|282\/282
|turn|1
|
|detailschange|p2a: Sceptile|Sceptile-Mega, M
|message|Sceptile has Mega Evolved into Mega Sceptile!
|detailschange|p1a: LE GEM XD|Sableye-Mega, M
|message|Sableye has Mega Evolved into Mega Sableye!
|move|p1a: LE GEM XD|Calm Mind|p1a: LE GEM XD
|-boost|p1a: LE GEM XD|spa|1
|-boost|p1a: LE GEM XD|spd|1
|move|p2a: Sceptile|Leaf Storm|p1a: LE GEM XD
|-damage|p1a: LE GEM XD|165\/304
|-unboost|p2a: Sceptile|spa|2
|
|turn|2
|
|switch|p2a: Dragonite|Dragonite, M|324\/324
|move|p1a: LE GEM XD|Recover|p1a: LE GEM XD
|-heal|p1a: LE GEM XD|304\/304
|
|turn|3
|
|move|p2a: Dragonite|Outrage|p1a: LE GEM XD
|-damage|p1a: LE GEM XD|72\/304
|move|p1a: LE GEM XD|Will-O-Wisp|p2a: Dragonite
|-status|p2a: Dragonite|brn
|
|-damage|p2a: Dragonite|284\/324 brn|[from] brn
|turn|4
|
|switch|p1a: Metal as Fuck|Skarmory, F|334\/334
|move|p2a: Dragonite|Outrage|p1a: Metal as Fuck
|-resisted|p1a: Metal as Fuck
|-damage|p1a: Metal as Fuck|285\/334
|
|-damage|p2a: Dragonite|244\/324 brn|[from] brn
|turn|5
|
|move|p2a: Dragonite|Outrage|p1a: Metal as Fuck
|-resisted|p1a: Metal as Fuck
|-damage|p1a: Metal as Fuck|237\/334
|move|p1a: Metal as Fuck|Stealth Rock|p2a: Dragonite
|-sidestart|p2: Nicowhaat|move: Stealth Rock
|
|-end|p2a: Dragonite|rampage
|-start|p2a: Dragonite|confusion
|-damage|p2a: Dragonite|204\/324 brn|[from] brn
|turn|6
|
|switch|p2a: Mandibuzz|Mandibuzz, F|424\/424
|-damage|p2a: Mandibuzz|318\/424|[from] Stealth Rock
|switch|p1a: LE GEM XD|Sableye-Mega, M|72\/304
|
|-heal|p2a: Mandibuzz|344\/424|[from] item: Leftovers
|turn|7
|
|move|p2a: Mandibuzz|Foul Play|p1a: LE GEM XD
|-damage|p1a: LE GEM XD|27\/304
|move|p1a: LE GEM XD|Recover|p1a: LE GEM XD
|-heal|p1a: LE GEM XD|179\/304
|
|-heal|p2a: Mandibuzz|370\/424|[from] item: Leftovers
|turn|8
|
|switch|p2a: Sceptile|Sceptile-Mega, M|282\/282
|-damage|p2a: Sceptile|247\/282|[from] Stealth Rock
|move|p1a: LE GEM XD|Recover|p1a: LE GEM XD
|-heal|p1a: LE GEM XD|304\/304
|
|turn|9
|
|move|p2a: Sceptile|Leaf Storm|p1a: LE GEM XD|[miss]
|-miss|p2a: Sceptile|p1a: LE GEM XD
|move|p1a: LE GEM XD|Recover|p1a: LE GEM XD
|-fail|p1a: LE GEM XD
|
|turn|10
|
|switch|p1a: Queen of Twerk|Chansey, F|704\/704
|move|p2a: Sceptile|Leaf Storm|p1a: Queen of Twerk
|-damage|p1a: Queen of Twerk|535\/704
|-unboost|p2a: Sceptile|spa|2
|
|turn|11
|
|switch|p2a: Landorus-Therian|Landorus-Therian, M|382\/382
|-damage|p2a: Landorus-Therian|335\/382|[from] Stealth Rock
|-ability|p2a: Landorus-Therian|Intimidate|[of] p1a: Queen of Twerk
|-unboost|p1a: Queen of Twerk|atk|1
|move|p1a: Queen of Twerk|Soft-Boiled|p1a: Queen of Twerk
|-heal|p1a: Queen of Twerk|704\/704
|
|-heal|p2a: Landorus-Therian|358\/382|[from] item: Leftovers
|turn|12
|
|switch|p1a: LE GEM XD|Sableye-Mega, M|304\/304
|move|p2a: Landorus-Therian|U-turn|p1a: LE GEM XD
|-damage|p1a: LE GEM XD|260\/304
|
|switch|p2a: Sceptile|Sceptile-Mega, M|247\/282
|-damage|p2a: Sceptile|212\/282|[from] Stealth Rock
|
|turn|13
|
|move|p2a: Sceptile|Giga Drain|p1a: LE GEM XD
|-crit|p1a: LE GEM XD
|-damage|p1a: LE GEM XD|61\/304
|-heal|p2a: Sceptile|282\/282|[from] drain|[of] p1a: LE GEM XD
|move|p1a: LE GEM XD|Recover|p1a: LE GEM XD
|-heal|p1a: LE GEM XD|213\/304
|
|turn|14
|
|switch|p1a: Queen of Twerk|Chansey, F|704\/704
|move|p2a: Sceptile|Leaf Storm|p1a: Queen of Twerk
|-damage|p1a: Queen of Twerk|538\/704
|-unboost|p2a: Sceptile|spa|2
|
|turn|15
|
|switch|p2a: Landorus-Therian|Landorus-Therian, M|358\/382
|-damage|p2a: Landorus-Therian|311\/382|[from] Stealth Rock
|-ability|p2a: Landorus-Therian|Intimidate|[of] p1a: Queen of Twerk
|-unboost|p1a: Queen of Twerk|atk|1
|move|p1a: Queen of Twerk|Thunder Wave|p2a: Landorus-Therian
|-immune|p2a: Landorus-Therian|[msg]
|
|-heal|p2a: Landorus-Therian|334\/382|[from] item: Leftovers
|turn|16
|
|switch|p1a: Metal as Fuck|Skarmory, F|237\/334
|move|p2a: Landorus-Therian|Stealth Rock|p1a: Metal as Fuck
|-sidestart|p1: SEXY GAMER DOG|move: Stealth Rock
|
|-heal|p2a: Landorus-Therian|357\/382|[from] item: Leftovers
|turn|17
|
|move|p2a: Landorus-Therian|Knock Off|p1a: Metal as Fuck
|-crit|p1a: Metal as Fuck
|-damage|p1a: Metal as Fuck|148\/334
|-enditem|p1a: Metal as Fuck|Shed Shell|[from] move: Knock Off|[of] p2a: Landorus-Therian
|move|p1a: Metal as Fuck|Roost|p1a: Metal as Fuck
|-heal|p1a: Metal as Fuck|315\/334
|
|-heal|p2a: Landorus-Therian|380\/382|[from] item: Leftovers
|turn|18
|
|move|p2a: Landorus-Therian|U-turn|p1a: Metal as Fuck
|-resisted|p1a: Metal as Fuck
|-damage|p1a: Metal as Fuck|304\/334
|
|switch|p2a: Rotom-Wash|Rotom-Wash|267\/267
|-damage|p2a: Rotom-Wash|234\/267|[from] Stealth Rock
|move|p1a: Metal as Fuck|Defog|p2a: Rotom-Wash
|-unboost|p2a: Rotom-Wash|evasion|1
|-sideend|p2: Nicowhaat|Stealth Rock|[from] move: Defog|[of] p2a: Rotom-Wash
|-sideend|p1: SEXY GAMER DOG|Stealth Rock|[from] move: Defog|[of] p1a: Metal as Fuck
|
|turn|19
|
|move|p2a: Rotom-Wash|Volt Switch|p1a: Metal as Fuck
|-supereffective|p1a: Metal as Fuck
|-damage|p1a: Metal as Fuck|38\/334
|
|switch|p2a: Landorus-Therian|Landorus-Therian, M|380\/382
|-ability|p2a: Landorus-Therian|Intimidate|[of] p1a: Metal as Fuck
|-unboost|p1a: Metal as Fuck|atk|1
|move|p1a: Metal as Fuck|Roost|p1a: Metal as Fuck
|-heal|p1a: Metal as Fuck|205\/334
|
|-heal|p2a: Landorus-Therian|382\/382|[from] item: Leftovers
|turn|20
|
|move|p2a: Landorus-Therian|U-turn|p1a: Metal as Fuck
|-resisted|p1a: Metal as Fuck
|-damage|p1a: Metal as Fuck|194\/334
|
|switch|p2a: Rotom-Wash|Rotom-Wash|234\/267
|move|p1a: Metal as Fuck|Roost|p1a: Metal as Fuck
|-heal|p1a: Metal as Fuck|334\/334
|
|turn|21
|
|switch|p1a: Queen of Twerk|Chansey, F|538\/704
|move|p2a: Rotom-Wash|Trick|p1a: Queen of Twerk
|-activate|p2a: Rotom-Wash|move: Trick|[of] p1a: Queen of Twerk
|-item|p1a: Queen of Twerk|Choice Scarf|[from] move: Trick
|-item|p2a: Rotom-Wash|Eviolite|[from] move: Trick
|
|turn|22
|
|move|p2a: Rotom-Wash|Volt Switch|p1a: Queen of Twerk
|-damage|p1a: Queen of Twerk|436\/704
|
|switch|p2a: Sceptile|Sceptile-Mega, M|282\/282
|move|p1a: Queen of Twerk|Soft-Boiled|p1a: Queen of Twerk
|-heal|p1a: Queen of Twerk|704\/704
|
|turn|23
|
|move|p2a: Sceptile|Focus Blast|p1a: Queen of Twerk
|-supereffective|p1a: Queen of Twerk
|-damage|p1a: Queen of Twerk|388\/704
|move|p1a: Queen of Twerk|Soft-Boiled|p1a: Queen of Twerk
|-heal|p1a: Queen of Twerk|704\/704
|
|turn|24
|
|move|p2a: Sceptile|Giga Drain|p1a: Queen of Twerk
|-damage|p1a: Queen of Twerk|568\/704
|move|p1a: Queen of Twerk|Soft-Boiled|p1a: Queen of Twerk
|-heal|p1a: Queen of Twerk|704\/704
|
|turn|25
|
|switch|p1a: Metal as Fuck|Skarmory, F|334\/334
|move|p2a: Sceptile|Giga Drain|p1a: Metal as Fuck
|-resisted|p1a: Metal as Fuck
|-damage|p1a: Metal as Fuck|290\/334
|
|turn|26
|
|switch|p2a: Landorus-Therian|Landorus-Therian, M|382\/382
|-ability|p2a: Landorus-Therian|Intimidate|[of] p1a: Metal as Fuck
|-unboost|p1a: Metal as Fuck|atk|1
|switch|p1a: Queen of Twerk|Chansey, F|704\/704
|
|turn|27
|
|switch|p1a: Metal as Fuck|Skarmory, F|290\/334
|move|p2a: Landorus-Therian|U-turn|p1a: Metal as Fuck
|-resisted|p1a: Metal as Fuck
|-damage|p1a: Metal as Fuck|280\/334
|
|switch|p2a: Rotom-Wash|Rotom-Wash|234\/267
|
|turn|28
|
|switch|p1a: Swagsire|Quagsire, F|394\/394
|move|p2a: Rotom-Wash|Hydro Pump|p1a: Swagsire
|-damage|p1a: Swagsire|168\/394
|
|-heal|p1a: Swagsire|192\/394|[from] item: Leftovers
|turn|29
|
|switch|p1a: Queen of Twerk|Chansey, F|704\/704
|move|p2a: Rotom-Wash|Hydro Pump|p1a: Queen of Twerk
|-damage|p1a: Queen of Twerk|542\/704
|
|turn|30
|
|move|p2a: Rotom-Wash|Will-O-Wisp|p1a: Queen of Twerk
|-status|p1a: Queen of Twerk|brn
|move|p1a: Queen of Twerk|Thunder Wave|p2a: Rotom-Wash
|-fail|p2a: Rotom-Wash
|
|-damage|p1a: Queen of Twerk|454\/704 brn|[from] brn
|turn|31
|-message|SEXY GAMER DOG forfeited.
|
|win|Nicowhaat
|raw|Ladder updating...
|leave|SEXY GAMER DOG
|player|p1
|raw|SEXY GAMER DOG's rating: 1687 &rarr; <strong>1668<\/strong><br \/>(-19 for losing)
|raw|Nicowhaat's rating: 1697 &rarr; <strong>1716<\/strong><br \/>(+19 for winning)