|join|SEXY GAMER DOG
|join|JNGA
|player|p1|SEXY GAMER DOG|23
|player|p2|JNGA|265
|gametype|singles
|gen|6
|tier|OU
|rated
|clearpoke
|poke|p1|Chansey, F
|poke|p1|Quagsire, F
|poke|p1|Skarmory, F
|poke|p1|Cresselia, F
|poke|p1|Sableye, M
|poke|p1|Gothitelle, M
|poke|p2|Politoed, F
|poke|p2|Sceptile, M
|poke|p2|Kabutops, F
|poke|p2|Kingdra, M
|poke|p2|Zapdos
|poke|p2|Scizor, M
|rule|Swagger Clause: Swagger is banned
|rule|Baton Pass Clause: Limit one PokÃ©mon knowing Baton Pass
|rule|Sleep Clause Mod: Limit one foe put to sleep
|rule|Species Clause: Limit one of each PokÃ©mon
|rule|OHKO Clause: OHKO moves are banned
|rule|Moody Clause: Moody is banned
|rule|Evasion Moves Clause: Evasion moves are banned
|rule|Endless Battle Clause: Forcing endless battles is banned
|rule|HP Percentage Mod: HP is shown in percentages
|teampreview
|
|start
|switch|p1a: LE GEM XD|Sableye, M|304\/304
|switch|p2a: Politoed|Politoed, F|384\/384
|-weather|RainDance
|turn|1
|
|switch|p2a: Kingdra|Kingdra, M|291\/291
|detailschange|p1a: LE GEM XD|Sableye-Mega, M
|message|Sableye has Mega Evolved into Mega Sableye!
|move|p1a: LE GEM XD|Calm Mind|p1a: LE GEM XD
|-boost|p1a: LE GEM XD|spa|1
|-boost|p1a: LE GEM XD|spd|1
|
|-weather|RainDance|[upkeep]
|turn|2
|
|move|p2a: Kingdra|Hydro Pump|p1a: LE GEM XD|[miss]
|-miss|p2a: Kingdra|p1a: LE GEM XD
|move|p1a: LE GEM XD|Recover|p1a: LE GEM XD
|-fail|p1a: LE GEM XD
|
|-weather|RainDance|[upkeep]
|turn|3
|
|switch|p1a: Queen of Twerk|Chansey, F|704\/704
|move|p2a: Kingdra|Hydro Pump|p1a: Queen of Twerk
|-crit|p1a: Queen of Twerk
|-damage|p1a: Queen of Twerk|319\/704
|
|-weather|RainDance|[upkeep]
|turn|4
|
|switch|p2a: Scizor|Scizor, M|343\/343
|move|p1a: Queen of Twerk|Soft-Boiled|p1a: Queen of Twerk
|-heal|p1a: Queen of Twerk|671\/704
|
|-weather|RainDance|[upkeep]
|turn|5
|
|switch|p1a: Metal as Fuck|Skarmory, F|334\/334
|move|p2a: Scizor|U-turn|p1a: Metal as Fuck
|-resisted|p1a: Metal as Fuck
|-damage|p1a: Metal as Fuck|304\/334
|
|switch|p2a: Zapdos|Zapdos|384\/384
|-ability|p2a: Zapdos|Pressure
|
|-weather|RainDance|[upkeep]
|turn|6
|
|switch|p1a: Swagsire|Quagsire, F|394\/394
|move|p2a: Zapdos|Volt Switch|p1a: Swagsire
|-immune|p1a: Swagsire|[msg]
|
|-weather|RainDance|[upkeep]
|turn|7
|
|switch|p2a: Scizor|Scizor, M|343\/343
|move|p1a: Swagsire|Scald|p2a: Scizor
|-damage|p2a: Scizor|228\/343
|
|-weather|RainDance|[upkeep]
|turn|8
|
|move|p2a: Scizor|U-turn|p1a: Swagsire
|-damage|p1a: Swagsire|225\/394
|
|switch|p2a: Sceptile|Sceptile, M|281\/281
|move|p1a: Swagsire|Recover|p1a: Swagsire
|-heal|p1a: Swagsire|394\/394
|
|-weather|none
|turn|9
|
|switch|p2a: Scizor|Scizor, M|228\/343
|switch|p1a: Queen of Twerk|Chansey, F|671\/704
|
|turn|10
|
|switch|p1a: Metal as Fuck|Skarmory, F|304\/334
|move|p2a: Scizor|Knock Off|p1a: Metal as Fuck
|-damage|p1a: Metal as Fuck|197\/334
|-enditem|p1a: Metal as Fuck|Shed Shell|[from] move: Knock Off|[of] p2a: Scizor
|
|turn|11
|
|switch|p2a: Zapdos|Zapdos|384\/384
|-ability|p2a: Zapdos|Pressure
|move|p1a: Metal as Fuck|Roost|p1a: Metal as Fuck
|-heal|p1a: Metal as Fuck|334\/334
|
|turn|12
|
|switch|p1a: LE GEM XD|Sableye-Mega, M|304\/304
|move|p2a: Zapdos|Heat Wave|p1a: LE GEM XD
|-damage|p1a: LE GEM XD|213\/304
|
|turn|13
|
|move|p2a: Zapdos|Volt Switch|p1a: LE GEM XD
|-damage|p1a: LE GEM XD|120\/304
|
|switch|p2a: Politoed|Politoed, F|384\/384
|-weather|RainDance
|move|p1a: LE GEM XD|Recover|p1a: LE GEM XD
|-heal|p1a: LE GEM XD|272\/304
|
|-weather|RainDance|[upkeep]
|turn|14
|
|switch|p2a: Kingdra|Kingdra, M|291\/291
|switch|p1a: Gothitelletubby|Gothitelle, M|344\/344
|
|-weather|RainDance|[upkeep]
|turn|15
|
|move|p2a: Kingdra|Hydro Pump|p1a: Gothitelletubby
|-damage|p1a: Gothitelletubby|0 fnt
|faint|p1a: Gothitelletubby
|
|-weather|RainDance|[upkeep]
|
|switch|p1a: Queen of Twerk|Chansey, F|671\/704
|turn|16
|
|switch|p2a: Kabutops|Kabutops, F|261\/261
|switch|p1a: Metal as Fuck|Skarmory, F|334\/334
|
|-weather|RainDance|[upkeep]
|turn|17
|
|move|p2a: Kabutops|Swords Dance|p2a: Kabutops
|-boost|p2a: Kabutops|atk|2
|move|p1a: Metal as Fuck|Stealth Rock|p2a: Kabutops
|-sidestart|p2: JNGA|move: Stealth Rock
|
|-weather|RainDance|[upkeep]
|turn|18
|
|move|p2a: Kabutops|Waterfall|p1a: Metal as Fuck
|-damage|p1a: Metal as Fuck|13\/334
|-damage|p2a: Kabutops|235\/261|[from] item: Life Orb
|move|p1a: Metal as Fuck|Roost|p1a: Metal as Fuck
|-heal|p1a: Metal as Fuck|180\/334
|
|-weather|RainDance|[upkeep]
|turn|19
|
|move|p2a: Kabutops|Waterfall|p1a: Metal as Fuck
|-damage|p1a: Metal as Fuck|0 fnt
|-damage|p2a: Kabutops|209\/261|[from] item: Life Orb
|faint|p1a: Metal as Fuck
|
|-weather|RainDance|[upkeep]
|
|switch|p1a: Swagsire|Quagsire, F|394\/394
|turn|20
|
|move|p2a: Kabutops|Waterfall|p1a: Swagsire
|-damage|p1a: Swagsire|168\/394
|-damage|p2a: Kabutops|183\/261|[from] item: Life Orb
|cant|p1a: Swagsire|flinch
|
|-weather|none
|-heal|p1a: Swagsire|192\/394|[from] item: Leftovers
|turn|21
|
|move|p2a: Kabutops|Waterfall|p1a: Swagsire
|-damage|p1a: Swagsire|48\/394
|-damage|p2a: Kabutops|157\/261|[from] item: Life Orb
|move|p1a: Swagsire|Recover|p1a: Swagsire
|-heal|p1a: Swagsire|245\/394
|
|-heal|p1a: Swagsire|269\/394|[from] item: Leftovers
|turn|22
|
|switch|p2a: Sceptile|Sceptile, M|281\/281
|-damage|p2a: Sceptile|246\/281|[from] Stealth Rock
|move|p1a: Swagsire|Recover|p1a: Swagsire
|-heal|p1a: Swagsire|394\/394
|
|turn|23
|
|switch|p2a: Politoed|Politoed, F|384\/384
|-damage|p2a: Politoed|336\/384|[from] Stealth Rock
|-weather|RainDance
|switch|p1a: Clutchsellia|Cresselia, F|444\/444
|
|-weather|RainDance|[upkeep]
|turn|24
|
|switch|p1a: LE GEM XD|Sableye-Mega, M|272\/304
|move|p2a: Politoed|Scald|p1a: LE GEM XD
|-damage|p1a: LE GEM XD|163\/304
|
|-weather|RainDance|[upkeep]
|turn|25
|
|switch|p2a: Kingdra|Kingdra, M|291\/291
|-damage|p2a: Kingdra|255\/291|[from] Stealth Rock
|move|p1a: LE GEM XD|Recover|p1a: LE GEM XD
|-heal|p1a: LE GEM XD|304\/304
|
|-weather|RainDance|[upkeep]
|turn|26
|
|switch|p1a: Queen of Twerk|Chansey, F|671\/704
|move|p2a: Kingdra|Hydro Pump|p1a: Queen of Twerk
|-damage|p1a: Queen of Twerk|443\/704
|
|-weather|RainDance|[upkeep]
|turn|27
|
|switch|p2a: Scizor|Scizor, M|228\/343
|-damage|p2a: Scizor|186\/343|[from] Stealth Rock
|move|p1a: Queen of Twerk|Soft-Boiled|p1a: Queen of Twerk
|-heal|p1a: Queen of Twerk|704\/704
|
|-weather|RainDance|[upkeep]
|turn|28
|
|move|p2a: Scizor|U-turn|p1a: Queen of Twerk
|-damage|p1a: Queen of Twerk|451\/704
|
|switch|p2a: Zapdos|Zapdos|384\/384
|-damage|p2a: Zapdos|288\/384|[from] Stealth Rock
|-ability|p2a: Zapdos|Pressure
|move|p1a: Queen of Twerk|Soft-Boiled|p1a: Queen of Twerk
|-heal|p1a: Queen of Twerk|704\/704
|
|-weather|RainDance|[upkeep]
|-heal|p2a: Zapdos|312\/384|[from] item: Leftovers
|turn|29
|
|move|p2a: Zapdos|Defog|p1a: Queen of Twerk
|-unboost|p1a: Queen of Twerk|evasion|1
|-sideend|p2: JNGA|Stealth Rock|[from] move: Defog|[of] p2a: Zapdos
|move|p1a: Queen of Twerk|Toxic|p2a: Zapdos
|-status|p2a: Zapdos|tox
|
|-weather|RainDance|[upkeep]
|-heal|p2a: Zapdos|336\/384 tox|[from] item: Leftovers
|-damage|p2a: Zapdos|312\/384 tox|[from] psn
|turn|30
|
|switch|p1a: LE GEM XD|Sableye-Mega, M|304\/304
|move|p2a: Zapdos|Volt Switch|p1a: LE GEM XD
|-damage|p1a: LE GEM XD|208\/304
|
|switch|p2a: Kingdra|Kingdra, M|255\/291
|
|-weather|none
|turn|31
|
|move|p2a: Kingdra|Draco Meteor|p1a: LE GEM XD
|-damage|p1a: LE GEM XD|0 fnt
|-unboost|p2a: Kingdra|spa|2
|faint|p1a: LE GEM XD
|
|-message|SEXY GAMER DOG forfeited.
|
|win|JNGA
|raw|Ladder updating...
|leave|SEXY GAMER DOG
|player|p1