|join|SEXY GAMER DOG
|join|Gilberto Ranger
|player|p1|SEXY GAMER DOG|275
|player|p2|Gilberto Ranger|293
|gametype|singles
|gen|6
|tier|OU
|rated
|clearpoke
|poke|p1|Gothitelle, F
|poke|p1|Skarmory, F
|poke|p1|Chansey, F
|poke|p1|Quagsire, M
|poke|p1|Amoonguss, M
|poke|p1|Charizard, M
|poke|p2|Tyranitar, M
|poke|p2|Ferrothorn, M
|poke|p2|Azumarill, M
|poke|p2|Landorus-Therian, M
|poke|p2|Latias, F
|poke|p2|Chandelure, M
|rule|Swagger Clause: Swagger is banned
|rule|Baton Pass Clause: Limit one PokÃ©mon knowing Baton Pass
|rule|Sleep Clause Mod: Limit one foe put to sleep
|rule|Species Clause: Limit one of each PokÃ©mon
|rule|OHKO Clause: OHKO moves are banned
|rule|Moody Clause: Moody is banned
|rule|Evasion Moves Clause: Evasion moves are banned
|rule|Endless Battle Clause: Forcing endless battles is banned
|rule|HP Percentage Mod: HP is shown in percentages
|teampreview
|
|start
|switch|p1a: Quagmire|Quagsire, M|394\/394
|switch|p2a: Tyranitar|Tyranitar, M|342\/342
|-weather|Sandstorm
|turn|1
|
|switch|p2a: Ferrothorn|Ferrothorn, M|335\/335
|move|p1a: Quagmire|Earthquake|p2a: Ferrothorn
|-damage|p2a: Ferrothorn|269\/335
|
|-weather|Sandstorm|[upkeep]
|-heal|p2a: Ferrothorn|289\/335|[from] item: Leftovers
|turn|2
|
|switch|p1a: Gothitelletubby|Gothitelle, F|344\/344
|move|p2a: Ferrothorn|Stealth Rock|p1a: Gothitelletubby
|-sidestart|p1: SEXY GAMER DOG|move: Stealth Rock
|
|-weather|Sandstorm|[upkeep]
|-damage|p1a: Gothitelletubby|323\/344|[from] sandstorm
|-heal|p2a: Ferrothorn|309\/335|[from] item: Leftovers
|turn|3
|
|move|p1a: Gothitelletubby|Trick|p2a: Ferrothorn
|-activate|p1a: Gothitelletubby|move: Trick|[of] p2a: Ferrothorn
|-item|p2a: Ferrothorn|Choice Scarf|[from] move: Trick
|-item|p1a: Gothitelletubby|Leftovers|[from] move: Trick
|move|p2a: Ferrothorn|Gyro Ball|p1a: Gothitelletubby
|-damage|p1a: Gothitelletubby|224\/344
|
|-weather|Sandstorm|[upkeep]
|-damage|p1a: Gothitelletubby|203\/344|[from] sandstorm
|-heal|p1a: Gothitelletubby|224\/344|[from] item: Leftovers
|turn|4
|
|move|p1a: Gothitelletubby|Rest|p1a: Gothitelletubby
|-status|p1a: Gothitelletubby|slp
|-heal|p1a: Gothitelletubby|344\/344 slp|[silent]
|-status|p1a: Gothitelletubby|slp|[from] move: Rest
|move|p2a: Ferrothorn|Gyro Ball|p1a: Gothitelletubby
|-damage|p1a: Gothitelletubby|248\/344 slp
|
|-weather|Sandstorm|[upkeep]
|-damage|p1a: Gothitelletubby|227\/344 slp|[from] sandstorm
|-heal|p1a: Gothitelletubby|248\/344 slp|[from] item: Leftovers
|turn|5
|
|cant|p1a: Gothitelletubby|slp
|move|p2a: Ferrothorn|Gyro Ball|p1a: Gothitelletubby
|-damage|p1a: Gothitelletubby|148\/344 slp
|
|-weather|none
|-heal|p1a: Gothitelletubby|169\/344 slp|[from] item: Leftovers
|turn|6
|
|cant|p1a: Gothitelletubby|slp
|move|p2a: Ferrothorn|Gyro Ball|p1a: Gothitelletubby
|-damage|p1a: Gothitelletubby|66\/344 slp
|
|-heal|p1a: Gothitelletubby|87\/344 slp|[from] item: Leftovers
|turn|7
|
|-curestatus|p1a: Gothitelletubby|slp
|move|p1a: Gothitelletubby|Rest|p1a: Gothitelletubby
|-status|p1a: Gothitelletubby|slp
|-heal|p1a: Gothitelletubby|344\/344 slp|[silent]
|-status|p1a: Gothitelletubby|slp|[from] move: Rest
|move|p2a: Ferrothorn|Gyro Ball|p1a: Gothitelletubby
|-damage|p1a: Gothitelletubby|248\/344 slp
|
|-heal|p1a: Gothitelletubby|269\/344 slp|[from] item: Leftovers
|turn|8
|
|cant|p1a: Gothitelletubby|slp
|move|p2a: Ferrothorn|Gyro Ball|p1a: Gothitelletubby
|-damage|p1a: Gothitelletubby|176\/344 slp
|
|-heal|p1a: Gothitelletubby|197\/344 slp|[from] item: Leftovers
|turn|9
|
|cant|p1a: Gothitelletubby|slp
|move|p2a: Ferrothorn|Gyro Ball|p1a: Gothitelletubby
|-damage|p1a: Gothitelletubby|103\/344 slp
|
|-heal|p1a: Gothitelletubby|124\/344 slp|[from] item: Leftovers
|turn|10
|
|-curestatus|p1a: Gothitelletubby|slp
|move|p1a: Gothitelletubby|Rest|p1a: Gothitelletubby
|-status|p1a: Gothitelletubby|slp
|-heal|p1a: Gothitelletubby|344\/344 slp|[silent]
|-status|p1a: Gothitelletubby|slp|[from] move: Rest
|move|p2a: Ferrothorn|Gyro Ball|p1a: Gothitelletubby
|-damage|p1a: Gothitelletubby|247\/344 slp
|
|-heal|p1a: Gothitelletubby|268\/344 slp|[from] item: Leftovers
|turn|11
|
|cant|p1a: Gothitelletubby|slp
|-activate|p2a: Ferrothorn|move: Struggle
|move|p2a: Ferrothorn|Struggle|p1a: Gothitelletubby
|-damage|p1a: Gothitelletubby|231\/344 slp
|-damage|p2a: Ferrothorn|226\/335
|
|-heal|p1a: Gothitelletubby|252\/344 slp|[from] item: Leftovers
|turn|12
|
|cant|p1a: Gothitelletubby|slp
|-activate|p2a: Ferrothorn|move: Struggle
|move|p2a: Ferrothorn|Struggle|p1a: Gothitelletubby
|-damage|p1a: Gothitelletubby|218\/344 slp
|-damage|p2a: Ferrothorn|143\/335
|
|-heal|p1a: Gothitelletubby|239\/344 slp|[from] item: Leftovers
|turn|13
|
|-curestatus|p1a: Gothitelletubby|slp
|move|p1a: Gothitelletubby|Taunt|p2a: Ferrothorn
|-start|p2a: Ferrothorn|move: Taunt
|-activate|p2a: Ferrothorn|move: Struggle
|move|p2a: Ferrothorn|Struggle|p1a: Gothitelletubby
|-damage|p1a: Gothitelletubby|207\/344
|-damage|p2a: Ferrothorn|60\/335
|
|-heal|p1a: Gothitelletubby|228\/344|[from] item: Leftovers
|turn|14
|
|move|p1a: Gothitelletubby|Trick|p2a: Ferrothorn
|-activate|p1a: Gothitelletubby|move: Trick|[of] p2a: Ferrothorn
|-item|p2a: Ferrothorn|Leftovers|[from] move: Trick
|-item|p1a: Gothitelletubby|Choice Scarf|[from] move: Trick
|-activate|p2a: Ferrothorn|move: Struggle
|move|p2a: Ferrothorn|Struggle|p1a: Gothitelletubby
|-damage|p1a: Gothitelletubby|194\/344
|-damage|p2a: Ferrothorn|0 fnt
|faint|p2a: Ferrothorn
|
|
|switch|p2a: Tyranitar|Tyranitar, M|342\/342
|-weather|Sandstorm
|turn|15
|
|move|p1a: Gothitelletubby|Trick|p2a: Tyranitar
|-fail|p2a: Tyranitar
|move|p2a: Tyranitar|Crunch|p1a: Gothitelletubby
|-supereffective|p1a: Gothitelletubby
|-damage|p1a: Gothitelletubby|0 fnt
|faint|p1a: Gothitelletubby
|
|-weather|Sandstorm|[upkeep]
|
|switch|p1a: Metal Head|Skarmory, F|334\/334
|-damage|p1a: Metal Head|293\/334|[from] Stealth Rock
|turn|16
|
|detailschange|p2a: Tyranitar|Tyranitar-Mega, M
|message|Tyranitar has Mega Evolved into Mega Tyranitar!
|move|p2a: Tyranitar|Dragon Dance|p2a: Tyranitar
|-boost|p2a: Tyranitar|atk|1
|-boost|p2a: Tyranitar|spe|1
|move|p1a: Metal Head|Defog|p2a: Tyranitar
|-unboost|p2a: Tyranitar|evasion|1
|-sideend|p1: SEXY GAMER DOG|Stealth Rock|[from] move: Defog|[of] p1a: Metal Head
|
|-weather|Sandstorm|[upkeep]
|-heal|p1a: Metal Head|313\/334|[from] item: Leftovers
|turn|17
|
|move|p2a: Tyranitar|Crunch|p1a: Metal Head
|-damage|p1a: Metal Head|174\/334
|move|p1a: Metal Head|Stealth Rock|p2a: Tyranitar
|-sidestart|p2: Gilberto Ranger|move: Stealth Rock
|
|-weather|Sandstorm|[upkeep]
|-heal|p1a: Metal Head|194\/334|[from] item: Leftovers
|turn|18
|
|switch|p1a: Quagmire|Quagsire, M|394\/394
|move|p2a: Tyranitar|Crunch|p1a: Quagmire
|-damage|p1a: Quagmire|255\/394
|
|-weather|Sandstorm|[upkeep]
|-heal|p1a: Quagmire|279\/394|[from] item: Leftovers
|turn|19
|
|switch|p2a: Latias|Latias, F|334\/334
|-damage|p2a: Latias|293\/334|[from] Stealth Rock
|move|p1a: Quagmire|Recover|p1a: Quagmire
|-heal|p1a: Quagmire|394\/394
|
|-weather|none
|turn|20
|
|switch|p1a: Queen of Twerk|Chansey, F|704\/704
|move|p2a: Latias|Defog|p1a: Queen of Twerk
|-unboost|p1a: Queen of Twerk|evasion|1
|-sideend|p2: Gilberto Ranger|Stealth Rock|[from] move: Defog|[of] p2a: Latias
|
|turn|21
|
|switch|p2a: Azumarill|Azumarill, M|404\/404
|move|p1a: Queen of Twerk|Toxic|p2a: Azumarill
|-status|p2a: Azumarill|tox
|
|-damage|p2a: Azumarill|379\/404 tox|[from] psn
|turn|22
|
|switch|p1a: Metal Head|Skarmory, F|194\/334
|move|p2a: Azumarill|Knock Off|p1a: Metal Head
|-damage|p1a: Metal Head|170\/334
|-enditem|p1a: Metal Head|Leftovers|[from] move: Knock Off|[of] p2a: Azumarill
|
|-heal|p2a: Azumarill|404\/404 tox|[from] item: Leftovers
|-damage|p2a: Azumarill|354\/404 tox|[from] psn
|turn|23
|
|move|p1a: Metal Head|Roost|p1a: Metal Head
|-heal|p1a: Metal Head|334\/334
|move|p2a: Azumarill|Scald|p1a: Metal Head
|-damage|p1a: Metal Head|250\/334
|
|-heal|p2a: Azumarill|379\/404 tox|[from] item: Leftovers
|-damage|p2a: Azumarill|304\/404 tox|[from] psn
|turn|24
|
|move|p1a: Metal Head|Stealth Rock|p2a: Azumarill
|-sidestart|p2: Gilberto Ranger|move: Stealth Rock
|move|p2a: Azumarill|Scald|p1a: Metal Head
|-damage|p1a: Metal Head|174\/334
|
|-heal|p2a: Azumarill|329\/404 tox|[from] item: Leftovers
|-damage|p2a: Azumarill|229\/404 tox|[from] psn
|turn|25
|
|switch|p2a: Latias|Latias, F|293\/334
|-damage|p2a: Latias|252\/334|[from] Stealth Rock
|move|p1a: Metal Head|Roost|p1a: Metal Head
|-heal|p1a: Metal Head|334\/334
|
|turn|26
|
|switch|p1a: Queen of Twerk|Chansey, F|704\/704
|move|p2a: Latias|Defog|p1a: Queen of Twerk
|-unboost|p1a: Queen of Twerk|evasion|1
|-sideend|p2: Gilberto Ranger|Stealth Rock|[from] move: Defog|[of] p2a: Latias
|
|turn|27
|
|switch|p2a: Azumarill|Azumarill, M|229\/404 tox
|move|p1a: Queen of Twerk|Toxic|p2a: Azumarill
|-fail|p2a: Azumarill|tox
|
|-heal|p2a: Azumarill|254\/404 tox|[from] item: Leftovers
|-damage|p2a: Azumarill|229\/404 tox|[from] psn
|turn|28
|
|switch|p1a: Metal Head|Skarmory, F|334\/334
|move|p2a: Azumarill|Knock Off|p1a: Metal Head
|-damage|p1a: Metal Head|317\/334
|
|-heal|p2a: Azumarill|254\/404 tox|[from] item: Leftovers
|-damage|p2a: Azumarill|204\/404 tox|[from] psn
|turn|29
|
|switch|p2a: Landorus-Therian|Landorus-Therian, M|344\/344
|-ability|p2a: Landorus-Therian|Intimidate|[of] p1a: Metal Head
|-unboost|p1a: Metal Head|atk|1
|move|p1a: Metal Head|Stealth Rock|p2a: Landorus-Therian
|-sidestart|p2: Gilberto Ranger|move: Stealth Rock
|
|turn|30
|
|switch|p1a: Quagmire|Quagsire, M|394\/394
|move|p2a: Landorus-Therian|Substitute|p2a: Landorus-Therian
|-start|p2a: Landorus-Therian|Substitute
|-damage|p2a: Landorus-Therian|258\/344
|
|-heal|p2a: Landorus-Therian|279\/344|[from] item: Leftovers
|turn|31
|
|move|p2a: Landorus-Therian|Earthquake|p1a: Quagmire
|-damage|p1a: Quagmire|226\/394
|move|p1a: Quagmire|Scald|p2a: Landorus-Therian
|-supereffective|p2a: Landorus-Therian
|-end|p2a: Landorus-Therian|Substitute
|
|-heal|p2a: Landorus-Therian|300\/344|[from] item: Leftovers
|-heal|p1a: Quagmire|250\/394|[from] item: Leftovers
|turn|32
|
|move|p2a: Landorus-Therian|Earthquake|p1a: Quagmire
|-crit|p1a: Quagmire
|-damage|p1a: Quagmire|0 fnt
|faint|p1a: Quagmire
|
|-heal|p2a: Landorus-Therian|321\/344|[from] item: Leftovers
|
|switch|p1a: Manzard|Charizard, M|323\/323
|turn|33
|
|switch|p2a: Azumarill|Azumarill, M|204\/404 tox
|-damage|p2a: Azumarill|154\/404 tox|[from] Stealth Rock
|detailschange|p1a: Manzard|Charizard-Mega-Y, M
|message|Charizard has Mega Evolved into Mega Charizard!
|-weather|SunnyDay
|move|p1a: Manzard|Flamethrower|p2a: Azumarill
|-resisted|p2a: Azumarill
|-damage|p2a: Azumarill|21\/404 tox
|
|-weather|SunnyDay|[upkeep]
|-heal|p2a: Azumarill|46\/404 tox|[from] item: Leftovers
|-damage|p2a: Azumarill|21\/404 tox|[from] psn
|turn|34
|
|move|p1a: Manzard|Solar Beam|p2a: Azumarill|[still]
|-prepare|p1a: Manzard|Solar Beam|p2a: Azumarill
|-anim|p1a: Manzard|Solar Beam|p2a: Azumarill
|-boost|p2a: Azumarill|atk|1|[from] ability: Sap Sipper
|move|p2a: Azumarill|Toxic|p1a: Manzard
|-status|p1a: Manzard|tox
|
|-weather|SunnyDay|[upkeep]
|-heal|p2a: Azumarill|46\/404 tox|[from] item: Leftovers
|-damage|p1a: Manzard|303\/323 tox|[from] psn
|-damage|p2a: Azumarill|0 fnt|[from] psn
|faint|p2a: Azumarill
|
|switch|p2a: Latias|Latias, F|252\/334
|-damage|p2a: Latias|211\/334|[from] Stealth Rock
|turn|35
|
|switch|p1a: Queen of Twerk|Chansey, F|704\/704
|move|p2a: Latias|Psyshock|p1a: Queen of Twerk
|-damage|p1a: Queen of Twerk|523\/704
|-damage|p2a: Latias|178\/334|[from] item: Life Orb
|
|-weather|SunnyDay|[upkeep]
|turn|36
|
|move|p2a: Latias|Defog|p1a: Queen of Twerk
|-unboost|p1a: Queen of Twerk|evasion|1
|-sideend|p2: Gilberto Ranger|Stealth Rock|[from] move: Defog|[of] p2a: Latias
|move|p1a: Queen of Twerk|Heal Bell|p1a: Queen of Twerk
|-cureteam|p1a: Queen of Twerk|[from] move: HealBell
|
|-weather|SunnyDay|[upkeep]
|turn|37
|
|move|p2a: Latias|Psyshock|p1a: Queen of Twerk
|-damage|p1a: Queen of Twerk|340\/704
|-damage|p2a: Latias|145\/334|[from] item: Life Orb
|move|p1a: Queen of Twerk|Toxic|p2a: Latias
|-status|p2a: Latias|tox
|
|-weather|none
|-damage|p2a: Latias|125\/334 tox|[from] psn
|turn|38
|
|switch|p2a: Tyranitar|Tyranitar-Mega, M|342\/342
|-weather|Sandstorm
|move|p1a: Queen of Twerk|Soft-Boiled|p1a: Queen of Twerk
|-heal|p1a: Queen of Twerk|692\/704
|
|-weather|Sandstorm|[upkeep]
|-damage|p1a: Queen of Twerk|648\/704|[from] sandstorm
|turn|39
|
|move|p2a: Tyranitar|Dragon Dance|p2a: Tyranitar
|-boost|p2a: Tyranitar|atk|1
|-boost|p2a: Tyranitar|spe|1
|move|p1a: Queen of Twerk|Toxic|p2a: Tyranitar
|-status|p2a: Tyranitar|tox
|
|-weather|Sandstorm|[upkeep]
|-damage|p1a: Queen of Twerk|604\/704|[from] sandstorm
|-damage|p2a: Tyranitar|321\/342 tox|[from] psn
|turn|40
|
|switch|p1a: Metal Head|Skarmory, F|317\/334
|move|p2a: Tyranitar|Dragon Dance|p2a: Tyranitar
|-boost|p2a: Tyranitar|atk|1
|-boost|p2a: Tyranitar|spe|1
|
|-weather|Sandstorm|[upkeep]
|-damage|p2a: Tyranitar|279\/342 tox|[from] psn
|turn|41
|
|move|p2a: Tyranitar|Crunch|p1a: Metal Head
|-damage|p1a: Metal Head|137\/334
|move|p1a: Metal Head|Roost|p1a: Metal Head
|-heal|p1a: Metal Head|304\/334
|
|-weather|Sandstorm|[upkeep]
|-damage|p2a: Tyranitar|216\/342 tox|[from] psn
|turn|42
|
|switch|p2a: Landorus-Therian|Landorus-Therian, M|321\/344
|-ability|p2a: Landorus-Therian|Intimidate|[of] p1a: Metal Head
|-unboost|p1a: Metal Head|atk|1
|move|p1a: Metal Head|Roost|p1a: Metal Head
|-heal|p1a: Metal Head|334\/334
|
|-weather|none
|-heal|p2a: Landorus-Therian|342\/344|[from] item: Leftovers
|turn|43
|
|move|p2a: Landorus-Therian|Substitute|p2a: Landorus-Therian
|-start|p2a: Landorus-Therian|Substitute
|-damage|p2a: Landorus-Therian|256\/344
|move|p1a: Metal Head|Stealth Rock|p2a: Landorus-Therian
|-sidestart|p2: Gilberto Ranger|move: Stealth Rock
|
|-heal|p2a: Landorus-Therian|277\/344|[from] item: Leftovers
|turn|44
|
|move|p2a: Landorus-Therian|Smack Down|p1a: Metal Head
|-damage|p1a: Metal Head|294\/334
|-start|p1a: Metal Head|Smack Down
|move|p1a: Metal Head|Brave Bird|p2a: Landorus-Therian
|-end|p2a: Landorus-Therian|Substitute
|-damage|p1a: Metal Head|266\/334|[from] recoil|[of] p2a: Landorus-Therian
|
|-heal|p2a: Landorus-Therian|298\/344|[from] item: Leftovers
|turn|45
|
|switch|p1a: Manzard|Charizard-Mega-Y, M|303\/323
|-weather|SunnyDay
|move|p2a: Landorus-Therian|Substitute|p2a: Landorus-Therian
|-start|p2a: Landorus-Therian|Substitute
|-damage|p2a: Landorus-Therian|212\/344
|
|-weather|SunnyDay|[upkeep]
|-heal|p2a: Landorus-Therian|233\/344|[from] item: Leftovers
|turn|46
|
|switch|p1a: Metal Head|Skarmory, F|266\/334
|move|p2a: Landorus-Therian|Smack Down|p1a: Metal Head
|-damage|p1a: Metal Head|228\/334
|-start|p1a: Metal Head|Smack Down
|
|-weather|SunnyDay|[upkeep]
|-heal|p2a: Landorus-Therian|254\/344|[from] item: Leftovers
|turn|47
|
|move|p2a: Landorus-Therian|Earthquake|p1a: Metal Head
|-supereffective|p1a: Metal Head
|-damage|p1a: Metal Head|0 fnt
|faint|p1a: Metal Head
|
|-weather|SunnyDay|[upkeep]
|-heal|p2a: Landorus-Therian|275\/344|[from] item: Leftovers
|
|switch|p1a: Queen of Twerk|Chansey, F|604\/704
|turn|48
|
|move|p2a: Landorus-Therian|Swords Dance|p2a: Landorus-Therian
|-boost|p2a: Landorus-Therian|atk|2
|move|p1a: Queen of Twerk|Seismic Toss|p2a: Landorus-Therian
|-end|p2a: Landorus-Therian|Substitute
|
|-weather|SunnyDay|[upkeep]
|-heal|p2a: Landorus-Therian|296\/344|[from] item: Leftovers
|turn|49
|
|move|p2a: Landorus-Therian|Substitute|p2a: Landorus-Therian
|-start|p2a: Landorus-Therian|Substitute
|-damage|p2a: Landorus-Therian|210\/344
|move|p1a: Queen of Twerk|Toxic|p2a: Landorus-Therian
|
|-weather|none
|-heal|p2a: Landorus-Therian|231\/344|[from] item: Leftovers
|turn|50
|-message|SEXY GAMER DOG forfeited.
|
|win|Gilberto Ranger
|raw|Ladder updating...
|leave|SEXY GAMER DOG
|player|p1
|raw|SEXY GAMER DOG's rating: 1825 &rarr; <strong>1803<\/strong><br \/>(-22 for losing)
|raw|Gilberto Ranger's rating: 1775 &rarr; <strong>1798<\/strong><br \/>(+23 for winning)