|join|SEXY GAMER DOG
|join|QueenOfLuvdiscs
|player|p1|SEXY GAMER DOG|23
|player|p2|QueenOfLuvdiscs|249
|gametype|singles
|gen|6
|tier|OU
|rated
|clearpoke
|poke|p1|Chansey, F
|poke|p1|Quagsire, M
|poke|p1|Skarmory, M
|poke|p1|Cresselia, F
|poke|p1|Sableye, M
|poke|p1|Gothitelle, M
|poke|p2|Greninja, F
|poke|p2|Gardevoir, M
|poke|p2|Heracross, F
|poke|p2|Thundurus, M
|poke|p2|Garchomp, F
|poke|p2|Bisharp, M
|rule|Swagger Clause: Swagger is banned
|rule|Baton Pass Clause: Limit one PokÃ©mon knowing Baton Pass
|rule|Sleep Clause Mod: Limit one foe put to sleep
|rule|Species Clause: Limit one of each PokÃ©mon
|rule|OHKO Clause: OHKO moves are banned
|rule|Moody Clause: Moody is banned
|rule|Evasion Moves Clause: Evasion moves are banned
|rule|Endless Battle Clause: Forcing endless battles is banned
|rule|HP Percentage Mod: HP is shown in percentages
|teampreview
|
|start
|switch|p1a: LE GEM XD|Sableye, M|304\/304
|switch|p2a: Gardevoir|Gardevoir, M|281\/281
|-ability|p2a: Gardevoir|Prankster|[from] ability: Trace|[of] p1a: LE GEM XD
|turn|1
|
|switch|p1a: Clutchsellia|Cresselia, F|444\/444
|detailschange|p2a: Gardevoir|Gardevoir-Mega, M
|message|Gardevoir has Mega Evolved into Mega Gardevoir!
|move|p2a: Gardevoir|Hyper Voice|p1a: Clutchsellia
|-damage|p1a: Clutchsellia|228\/444
|
|-heal|p1a: Clutchsellia|255\/444|[from] item: Leftovers
|turn|2
|
|move|p2a: Gardevoir|Taunt|p1a: Clutchsellia
|-start|p1a: Clutchsellia|move: Taunt
|cant|p1a: Clutchsellia|move: Taunt|Toxic
|
|-heal|p1a: Clutchsellia|282\/444|[from] item: Leftovers
|turn|3
|
|move|p2a: Gardevoir|Hyper Voice|p1a: Clutchsellia
|-damage|p1a: Clutchsellia|83\/444
|move|p1a: Clutchsellia|Ice Beam|p2a: Gardevoir
|-damage|p2a: Gardevoir|238\/281
|
|-heal|p1a: Clutchsellia|110\/444|[from] item: Leftovers
|turn|4
|
|move|p2a: Gardevoir|Hyper Voice|p1a: Clutchsellia
|-damage|p1a: Clutchsellia|0 fnt
|faint|p1a: Clutchsellia
|
|
|switch|p1a: Metal as Fuck|Skarmory, M|334\/334
|turn|5
|join|Kiyo
|
|move|p2a: Gardevoir|Focus Blast|p1a: Metal as Fuck
|-damage|p1a: Metal as Fuck|93\/334
|move|p1a: Metal as Fuck|Brave Bird|p2a: Gardevoir
|-damage|p2a: Gardevoir|76\/281
|-damage|p1a: Metal as Fuck|40\/334|[from] recoil|[of] p2a: Gardevoir
|
|turn|6
|
|move|p2a: Gardevoir|Hyper Voice|p1a: Metal as Fuck
|-resisted|p1a: Metal as Fuck
|-damage|p1a: Metal as Fuck|0 fnt
|faint|p1a: Metal as Fuck
|
|
|switch|p1a: Queen of Twerk|Chansey, F|704\/704
|turn|7
|
|switch|p2a: Heracross|Heracross, F|301\/301
|move|p1a: Queen of Twerk|Seismic Toss|p2a: Heracross
|-damage|p2a: Heracross|201\/301
|
|turn|8
|
|switch|p1a: Gothitelletubby|Gothitelle, M|344\/344
|move|p2a: Heracross|Megahorn|p1a: Gothitelletubby
|-supereffective|p1a: Gothitelletubby
|-damage|p1a: Gothitelletubby|0 fnt
|faint|p1a: Gothitelletubby
|
|
|switch|p1a: LE GEM XD|Sableye, M|304\/304
|turn|9
|
|detailschange|p1a: LE GEM XD|Sableye-Mega, M
|message|Sableye has Mega Evolved into Mega Sableye!
|move|p1a: LE GEM XD|Calm Mind|p1a: LE GEM XD
|-boost|p1a: LE GEM XD|spa|1
|-boost|p1a: LE GEM XD|spd|1
|move|p2a: Heracross|Megahorn|p1a: LE GEM XD
|-damage|p1a: LE GEM XD|99\/304
|
|turn|10
|
|move|p2a: Heracross|Megahorn|p1a: LE GEM XD
|-crit|p1a: LE GEM XD
|-damage|p1a: LE GEM XD|0 fnt
|faint|p1a: LE GEM XD
|
|-message|SEXY GAMER DOG forfeited.
|
|win|QueenOfLuvdiscs
|raw|Ladder updating...
|leave|SEXY GAMER DOG
|player|p1
|raw|SEXY GAMER DOG's rating: 1408 &rarr; <strong>1386<\/strong><br \/>(-22 for losing)
|raw|QueenOfLuvdiscs's rating: 1376 &rarr; <strong>1398<\/strong><br \/>(+22 for winning)