|join|DoughBoy
|join|SEXY GAMER DOG
|player|p1|DoughBoy|1
|player|p2|SEXY GAMER DOG|275
|gametype|singles
|gen|6
|tier|OU
|rated
|clearpoke
|poke|p1|Garchomp, M
|poke|p1|Bisharp, F
|poke|p1|Greninja, F
|poke|p1|Starmie
|poke|p1|Talonflame, F
|poke|p1|Pinsir, M
|poke|p2|Skarmory, F
|poke|p2|Chansey, F
|poke|p2|Charizard, M
|poke|p2|Amoonguss, F
|poke|p2|Quagsire, F
|poke|p2|Gothitelle, F
|rule|Swagger Clause: Swagger is banned
|rule|Baton Pass Clause: Limit one PokÃ©mon knowing Baton Pass
|rule|Sleep Clause Mod: Limit one foe put to sleep
|rule|Species Clause: Limit one of each PokÃ©mon
|rule|OHKO Clause: OHKO moves are banned
|rule|Moody Clause: Moody is banned
|rule|Evasion Moves Clause: Evasion moves are banned
|rule|Endless Battle Clause: Forcing endless battles is banned
|rule|HP Percentage Mod: HP is shown in percentages
|teampreview
|
|start
|switch|p1a: Greninja|Greninja, F|285\/285
|switch|p2a: Gothitelletubby|Gothitelle, F|344\/344
|turn|1
|
|switch|p2a: Unlucky Egg|Chansey, F|703\/703
|move|p1a: Greninja|Spikes|p2a: Unlucky Egg
|-start|p1a: Greninja|typechange|Ground|[from] Protean
|-sidestart|p2: SEXY GAMER DOG|Spikes
|
|turn|2
|
|move|p1a: Greninja|Spikes|p2a: Unlucky Egg
|-sidestart|p2: SEXY GAMER DOG|Spikes
|move|p2a: Unlucky Egg|Toxic|p1a: Greninja
|-status|p1a: Greninja|tox
|
|-damage|p1a: Greninja|268\/285 tox|[from] psn
|turn|3
|
|move|p1a: Greninja|Spikes|p2a: Unlucky Egg
|-sidestart|p2: SEXY GAMER DOG|Spikes
|move|p2a: Unlucky Egg|Seismic Toss|p1a: Greninja
|-damage|p1a: Greninja|168\/285 tox
|
|-damage|p1a: Greninja|134\/285 tox|[from] psn
|turn|4
|
|switch|p1a: Garchomp|Garchomp, M|357\/357
|move|p2a: Unlucky Egg|Toxic|p1a: Garchomp
|-status|p1a: Garchomp|tox
|
|-damage|p1a: Garchomp|335\/357 tox|[from] psn
|turn|5
|
|move|p1a: Garchomp|Stealth Rock|p2a: Unlucky Egg
|-sidestart|p2: SEXY GAMER DOG|move: Stealth Rock
|move|p2a: Unlucky Egg|Seismic Toss|p1a: Garchomp
|-damage|p1a: Garchomp|235\/357 tox
|-damage|p2a: Unlucky Egg|616\/703|[from] ability: Rough Skin|[of] p1a: Garchomp
|-damage|p2a: Unlucky Egg|499\/703|[from] item: Rocky Helmet|[of] p1a: Garchomp
|
|-damage|p1a: Garchomp|191\/357 tox|[from] psn
|turn|6
|
|move|p1a: Garchomp|Fire Blast|p2a: Unlucky Egg
|-damage|p2a: Unlucky Egg|451\/703
|move|p2a: Unlucky Egg|Soft-Boiled|p2a: Unlucky Egg
|-heal|p2a: Unlucky Egg|703\/703
|
|-damage|p1a: Garchomp|125\/357 tox|[from] psn
|turn|7
|
|move|p1a: Garchomp|Earthquake|p2a: Unlucky Egg
|-damage|p2a: Unlucky Egg|478\/703
|move|p2a: Unlucky Egg|Soft-Boiled|p2a: Unlucky Egg
|-heal|p2a: Unlucky Egg|703\/703
|
|-damage|p1a: Garchomp|37\/357 tox|[from] psn
|turn|8
|
|switch|p1a: Bisharp|Bisharp, F|287\/287
|move|p2a: Unlucky Egg|Soft-Boiled|p2a: Unlucky Egg
|-fail|p2a: Unlucky Egg
|
|turn|9
|
|switch|p1a: Starmie|Starmie|261\/261
|switch|p2a: Gothitelletubby|Gothitelle, F|344\/344
|-damage|p2a: Gothitelletubby|258\/344|[from] Spikes
|-damage|p2a: Gothitelletubby|215\/344|[from] Stealth Rock
|
|turn|10
|
|move|p1a: Starmie|Hydro Pump|p2a: Gothitelletubby
|-damage|p2a: Gothitelletubby|24\/344
|-damage|p1a: Starmie|235\/261|[from] item: Life Orb
|move|p2a: Gothitelletubby|Trick|p1a: Starmie
|-activate|p2a: Gothitelletubby|move: Trick|[of] p1a: Starmie
|-item|p1a: Starmie|Choice Scarf|[from] move: Trick
|-item|p2a: Gothitelletubby|Life Orb|[from] move: Trick
|
|turn|11
|
|move|p1a: Starmie|Hydro Pump|p2a: Gothitelletubby
|-damage|p2a: Gothitelletubby|0 fnt
|faint|p2a: Gothitelletubby
|
|
|switch|p2a: Unlucky Egg|Chansey, F|703\/703
|-damage|p2a: Unlucky Egg|528\/703|[from] Spikes
|-damage|p2a: Unlucky Egg|441\/703|[from] Stealth Rock
|turn|12
|
|switch|p1a: Bisharp|Bisharp, F|287\/287
|move|p2a: Unlucky Egg|Soft-Boiled|p2a: Unlucky Egg
|-heal|p2a: Unlucky Egg|703\/703
|
|turn|13
|
|switch|p2a: Grasshole|Amoonguss, F|432\/432
|-damage|p2a: Grasshole|378\/432|[from] Stealth Rock
|-damage|p2a: Grasshole|270\/432|[from] Spikes
|move|p1a: Bisharp|Knock Off|p2a: Grasshole
|-damage|p2a: Grasshole|15\/432
|-enditem|p2a: Grasshole|Black Sludge|[from] move: Knock Off|[of] p1a: Bisharp
|
|turn|14
|
|move|p1a: Bisharp|Pursuit|p2a: Grasshole
|-damage|p2a: Grasshole|0 fnt
|faint|p2a: Grasshole
|
|
|switch|p2a: Metal Head|Skarmory, F|334\/334
|-damage|p2a: Metal Head|293\/334|[from] Stealth Rock
|turn|15
|
|move|p2a: Metal Head|Defog|p1a: Bisharp
|-unboost|p1a: Bisharp|evasion|1
|-boost|p1a: Bisharp|atk|2|[from] ability: Defiant
|-sideend|p2: SEXY GAMER DOG|Spikes|[from] move: Defog|[of] p2a: Metal Head
|-sideend|p2: SEXY GAMER DOG|Stealth Rock|[from] move: Defog|[of] p2a: Metal Head
|move|p1a: Bisharp|Knock Off|p2a: Metal Head
|-damage|p2a: Metal Head|94\/334
|-enditem|p2a: Metal Head|Leftovers|[from] move: Knock Off|[of] p1a: Bisharp
|
|turn|16
|
|move|p2a: Metal Head|Roost|p2a: Metal Head
|-heal|p2a: Metal Head|261\/334
|move|p1a: Bisharp|Knock Off|p2a: Metal Head
|-damage|p2a: Metal Head|117\/334
|
|turn|17
|
|move|p2a: Metal Head|Roost|p2a: Metal Head
|-heal|p2a: Metal Head|284\/334
|move|p1a: Bisharp|Knock Off|p2a: Metal Head
|-damage|p2a: Metal Head|148\/334
|
|turn|18
|
|move|p2a: Metal Head|Roost|p2a: Metal Head
|-heal|p2a: Metal Head|315\/334
|move|p1a: Bisharp|Knock Off|p2a: Metal Head
|-damage|p2a: Metal Head|176\/334
|
|turn|19
|
|move|p2a: Metal Head|Roost|p2a: Metal Head
|-heal|p2a: Metal Head|334\/334
|move|p1a: Bisharp|Pursuit|p2a: Metal Head
|-damage|p2a: Metal Head|253\/334
|
|turn|20
|
|move|p2a: Metal Head|Stealth Rock|p1a: Bisharp
|-sidestart|p1: DoughBoy|move: Stealth Rock
|move|p1a: Bisharp|Pursuit|p2a: Metal Head
|-damage|p2a: Metal Head|166\/334
|
|turn|21
|
|move|p2a: Metal Head|Roost|p2a: Metal Head
|-heal|p2a: Metal Head|333\/334
|move|p1a: Bisharp|Knock Off|p2a: Metal Head
|-damage|p2a: Metal Head|186\/334
|
|turn|22
|
|move|p2a: Metal Head|Roost|p2a: Metal Head
|-heal|p2a: Metal Head|334\/334
|move|p1a: Bisharp|Pursuit|p2a: Metal Head
|-damage|p2a: Metal Head|244\/334
|
|turn|23
|
|switch|p2a: Swagsire|Quagsire, F|394\/394
|move|p1a: Bisharp|Knock Off|p2a: Swagsire
|-crit|p2a: Swagsire
|-damage|p2a: Swagsire|165\/394
|-enditem|p2a: Swagsire|Leftovers|[from] move: Knock Off|[of] p1a: Bisharp
|
|turn|24
|
|switch|p1a: Starmie|Starmie|235\/261
|-damage|p1a: Starmie|203\/261|[from] Stealth Rock
|move|p2a: Swagsire|Recover|p2a: Swagsire
|-heal|p2a: Swagsire|362\/394
|
|turn|25
|
|switch|p2a: Metal Head|Skarmory, F|244\/334
|move|p1a: Starmie|Rapid Spin|p2a: Metal Head
|-resisted|p2a: Metal Head
|-damage|p2a: Metal Head|239\/334
|-sideend|p1: DoughBoy|Stealth Rock|[from] move: Rapid Spin|[of] p1a: Starmie
|
|turn|26
|
|switch|p1a: Talonflame|Talonflame, F|297\/297
|move|p2a: Metal Head|Stealth Rock|p1a: Talonflame
|-sidestart|p1: DoughBoy|move: Stealth Rock
|
|turn|27
|
|switch|p2a: Swagsire|Quagsire, F|362\/394
|move|p1a: Talonflame|Swords Dance|p1a: Talonflame
|-boost|p1a: Talonflame|atk|2
|
|turn|28
|
|move|p1a: Talonflame|Brave Bird|p2a: Swagsire
|-damage|p2a: Swagsire|245\/394
|-damage|p1a: Talonflame|258\/297|[from] recoil|[of] p2a: Swagsire
|move|p2a: Swagsire|Recover|p2a: Swagsire
|-heal|p2a: Swagsire|394\/394
|
|turn|29
|
|switch|p1a: Starmie|Starmie|203\/261
|-damage|p1a: Starmie|171\/261|[from] Stealth Rock
|move|p2a: Swagsire|Scald|p1a: Starmie
|-resisted|p1a: Starmie
|-damage|p1a: Starmie|131\/261
|-status|p1a: Starmie|brn
|
|-damage|p1a: Starmie|99\/261 brn|[from] brn
|turn|30
|
|move|p1a: Starmie|Hydro Pump|p2a: Swagsire
|-damage|p2a: Swagsire|150\/394
|move|p2a: Swagsire|Earthquake|p1a: Starmie
|-damage|p1a: Starmie|0 fnt
|faint|p1a: Starmie
|
|
|switch|p1a: Greninja|Greninja, F|134\/285 tox
|-damage|p1a: Greninja|99\/285 tox|[from] Stealth Rock
|turn|31
|
|move|p1a: Greninja|Ice Beam|p2a: Swagsire
|-start|p1a: Greninja|typechange|Ice|[from] Protean
|-damage|p2a: Swagsire|0 fnt
|-damage|p1a: Greninja|71\/285 tox|[from] item: Life Orb
|faint|p2a: Swagsire
|
|-damage|p1a: Greninja|54\/285 tox|[from] psn
|
|switch|p2a: Manzard|Charizard, M|323\/323
|turn|32
|
|detailschange|p2a: Manzard|Charizard-Mega-Y, M
|message|Charizard has Mega Evolved into Mega Charizard!
|-weather|SunnyDay
|move|p1a: Greninja|Hydro Pump|p2a: Manzard
|-start|p1a: Greninja|typechange|Water|[from] Protean
|-supereffective|p2a: Manzard
|-damage|p2a: Manzard|112\/323
|-damage|p1a: Greninja|26\/285 tox|[from] item: Life Orb
|move|p2a: Manzard|Flamethrower|p1a: Greninja
|-crit|p1a: Greninja
|-resisted|p1a: Greninja
|-damage|p1a: Greninja|0 fnt
|faint|p1a: Greninja
|
|-weather|SunnyDay|[upkeep]
|
|switch|p1a: Garchomp|Garchomp, M|37\/357 tox
|-damage|p1a: Garchomp|15\/357 tox|[from] Stealth Rock
|turn|33
|
|move|p1a: Garchomp|Outrage|p2a: Manzard
|-damage|p2a: Manzard|0 fnt
|faint|p2a: Manzard
|
|-weather|SunnyDay|[upkeep]
|-damage|p1a: Garchomp|0 fnt|[from] psn
|faint|p1a: Garchomp
|
|switch|p1a: Talonflame|Talonflame, F|258\/297
|-damage|p1a: Talonflame|110\/297|[from] Stealth Rock
|switch|p2a: Unlucky Egg|Chansey, F|703\/703
|turn|34
|
|move|p1a: Talonflame|Swords Dance|p1a: Talonflame
|-boost|p1a: Talonflame|atk|2
|move|p2a: Unlucky Egg|Seismic Toss|p1a: Talonflame
|-damage|p1a: Talonflame|10\/297
|-enditem|p1a: Talonflame|Salac Berry|[eat]
|-boost|p1a: Talonflame|spe|1|[from] item: Salac Berry
|
|-weather|SunnyDay|[upkeep]
|turn|35
|
|switch|p2a: Metal Head|Skarmory, F|239\/334
|move|p1a: Talonflame|Swords Dance|p1a: Talonflame
|-boost|p1a: Talonflame|atk|2
|
|-weather|SunnyDay|[upkeep]
|turn|36
|
|move|p1a: Talonflame|Flare Blitz|p2a: Metal Head
|-supereffective|p2a: Metal Head
|-damage|p2a: Metal Head|0 fnt
|-damage|p1a: Talonflame|0 fnt|[from] recoil|[of] p2a: Metal Head
|faint|p2a: Metal Head
|faint|p1a: Talonflame
|
|-weather|none
|
|switch|p1a: Bisharp|Bisharp, F|287\/287
|-damage|p1a: Bisharp|270\/287|[from] Stealth Rock
|switch|p2a: Unlucky Egg|Chansey, F|703\/703
|turn|37
|-message|SEXY GAMER DOG forfeited.
|
|win|DoughBoy
|raw|Ladder updating...
|leave|SEXY GAMER DOG
|player|p2
|raw|DoughBoy's rating: 1892 &rarr; <strong>1907<\/strong><br \/>(+15 for winning)
|raw|SEXY GAMER DOG's rating: 1797 &rarr; <strong>1782<\/strong><br \/>(-15 for losing)