|join|SEXY GAMER DOG
|join|kars4kidz
|player|p1|SEXY GAMER DOG|196
|player|p2|kars4kidz|23
|gametype|singles
|gen|6
|tier|OU
|rated
|clearpoke
|poke|p1|Sableye, M
|poke|p1|Cresselia, F
|poke|p1|Chansey, F
|poke|p1|Skarmory, M
|poke|p1|Quagsire, F
|poke|p1|Gothitelle, F
|poke|p2|Metagross, shiny
|poke|p2|Ferrothorn, M
|poke|p2|Landorus-Therian, M
|poke|p2|Gengar, M
|poke|p2|Chansey, F
|poke|p2|Rotom-Wash
|rule|Swagger Clause: Swagger is banned
|rule|Baton Pass Clause: Limit one PokÃ©mon knowing Baton Pass
|rule|Sleep Clause Mod: Limit one foe put to sleep
|rule|Species Clause: Limit one of each PokÃ©mon
|rule|OHKO Clause: OHKO moves are banned
|rule|Moody Clause: Moody is banned
|rule|Evasion Moves Clause: Evasion moves are banned
|rule|Endless Battle Clause: Forcing endless battles is banned
|rule|HP Percentage Mod: HP is shown in percentages
|teampreview
|
|start
|switch|p1a: LE GEM XD XD|Sableye, M|304\/304
|switch|p2a: Landorus-Therian|Landorus-Therian, M|320\/320
|-ability|p2a: Landorus-Therian|Intimidate|[of] p1a: LE GEM XD XD
|-unboost|p1a: LE GEM XD XD|atk|1
|turn|1
|
|switch|p2a: Gengar|Gengar, M|261\/261
|detailschange|p1a: LE GEM XD XD|Sableye-Mega, M
|-mega|p1a: LE GEM XD XD|Sableye|Sablenite
|move|p1a: LE GEM XD XD|Will-O-Wisp|p2a: Gengar
|-status|p2a: Gengar|brn
|
|-damage|p2a: Gengar|229\/261 brn|[from] brn
|turn|2
|
|move|p2a: Gengar|Shadow Ball|p1a: LE GEM XD XD
|-damage|p1a: LE GEM XD XD|180\/304
|move|p1a: LE GEM XD XD|Calm Mind|p1a: LE GEM XD XD
|-boost|p1a: LE GEM XD XD|spa|1
|-boost|p1a: LE GEM XD XD|spd|1
|
|-heal|p2a: Gengar|245\/261 brn|[from] item: Black Sludge
|-damage|p2a: Gengar|213\/261 brn|[from] brn
|turn|3
|
|move|p2a: Gengar|Shadow Ball|p1a: LE GEM XD XD
|-damage|p1a: LE GEM XD XD|93\/304
|-unboost|p1a: LE GEM XD XD|spd|1
|move|p1a: LE GEM XD XD|Recover|p1a: LE GEM XD XD
|-heal|p1a: LE GEM XD XD|245\/304
|
|-heal|p2a: Gengar|229\/261 brn|[from] item: Black Sludge
|-damage|p2a: Gengar|197\/261 brn|[from] brn
|turn|4
|
|move|p2a: Gengar|Shadow Ball|p1a: LE GEM XD XD
|-damage|p1a: LE GEM XD XD|125\/304
|-unboost|p1a: LE GEM XD XD|spd|1
|move|p1a: LE GEM XD XD|Calm Mind|p1a: LE GEM XD XD
|-boost|p1a: LE GEM XD XD|spa|1
|-boost|p1a: LE GEM XD XD|spd|1
|
|-heal|p2a: Gengar|213\/261 brn|[from] item: Black Sludge
|-damage|p2a: Gengar|181\/261 brn|[from] brn
|turn|5
|
|move|p2a: Gengar|Shadow Ball|p1a: LE GEM XD XD
|-damage|p1a: LE GEM XD XD|0 fnt
|faint|p1a: LE GEM XD XD
|
|-heal|p2a: Gengar|197\/261 brn|[from] item: Black Sludge
|-damage|p2a: Gengar|165\/261 brn|[from] brn
|
|switch|p1a: Queen of Twerk|Chansey, F|704\/704
|turn|6
|
|switch|p2a: Ferrothorn|Ferrothorn, M|351\/351
|move|p1a: Queen of Twerk|Stealth Rock|p2a: Ferrothorn
|-sidestart|p2: kars4kidz|move: Stealth Rock
|
|turn|7
|
|move|p1a: Queen of Twerk|Thunder Wave|p2a: Ferrothorn
|-status|p2a: Ferrothorn|par
|move|p2a: Ferrothorn|Stealth Rock|p1a: Queen of Twerk
|-sidestart|p1: SEXY GAMER DOG|move: Stealth Rock
|
|turn|8
|
|switch|p1a: Gothitelletubby|Gothitelle, F|344\/344
|-damage|p1a: Gothitelletubby|301\/344|[from] Stealth Rock
|cant|p2a: Ferrothorn|par
|
|turn|9
|
|move|p1a: Gothitelletubby|Trick|p2a: Ferrothorn
|-activate|p1a: Gothitelletubby|move: Trick|[of] p2a: Ferrothorn
|-item|p2a: Ferrothorn|Choice Scarf|[from] move: Trick
|-item|p1a: Gothitelletubby|Rocky Helmet|[from] move: Trick
|move|p2a: Ferrothorn|Knock Off|p1a: Gothitelletubby
|-supereffective|p1a: Gothitelletubby
|-damage|p1a: Gothitelletubby|155\/344
|-damage|p2a: Ferrothorn|293\/351 par|[from] item: Rocky Helmet|[of] p1a: Gothitelletubby
|-enditem|p1a: Gothitelletubby|Rocky Helmet|[from] move: Knock Off|[of] p2a: Ferrothorn
|
|turn|10
|
|move|p1a: Gothitelletubby|Calm Mind|p1a: Gothitelletubby
|-boost|p1a: Gothitelletubby|spa|1
|-boost|p1a: Gothitelletubby|spd|1
|move|p2a: Ferrothorn|Knock Off|p1a: Gothitelletubby
|-supereffective|p1a: Gothitelletubby
|-damage|p1a: Gothitelletubby|47\/344
|
|turn|11
|
|move|p1a: Gothitelletubby|Rest|p1a: Gothitelletubby
|-status|p1a: Gothitelletubby|slp
|-heal|p1a: Gothitelletubby|344\/344 slp|[silent]
|-status|p1a: Gothitelletubby|slp|[from] move: Rest
|cant|p2a: Ferrothorn|par
|
|turn|12
|
|cant|p1a: Gothitelletubby|slp
|cant|p2a: Ferrothorn|par
|
|turn|13
|
|cant|p1a: Gothitelletubby|slp
|move|p2a: Ferrothorn|Knock Off|p1a: Gothitelletubby
|-supereffective|p1a: Gothitelletubby
|-damage|p1a: Gothitelletubby|232\/344 slp
|
|turn|14
|
|-curestatus|p1a: Gothitelletubby|slp
|move|p1a: Gothitelletubby|Calm Mind|p1a: Gothitelletubby
|-boost|p1a: Gothitelletubby|spa|1
|-boost|p1a: Gothitelletubby|spd|1
|cant|p2a: Ferrothorn|par
|
|turn|15
|
|move|p1a: Gothitelletubby|Calm Mind|p1a: Gothitelletubby
|-boost|p1a: Gothitelletubby|spa|1
|-boost|p1a: Gothitelletubby|spd|1
|cant|p2a: Ferrothorn|par
|
|turn|16
|
|move|p1a: Gothitelletubby|Calm Mind|p1a: Gothitelletubby
|-boost|p1a: Gothitelletubby|spa|1
|-boost|p1a: Gothitelletubby|spd|1
|cant|p2a: Ferrothorn|par
|
|turn|17
|
|move|p1a: Gothitelletubby|Calm Mind|p1a: Gothitelletubby
|-boost|p1a: Gothitelletubby|spa|1
|-boost|p1a: Gothitelletubby|spd|1
|cant|p2a: Ferrothorn|par
|
|turn|18
|
|move|p1a: Gothitelletubby|Calm Mind|p1a: Gothitelletubby
|-boost|p1a: Gothitelletubby|spa|1
|-boost|p1a: Gothitelletubby|spd|1
|cant|p2a: Ferrothorn|par
|
|turn|19
|c|âSEXY GAMER DOG|5 times in a row
|
|move|p1a: Gothitelletubby|Psyshock|p2a: Ferrothorn
|-resisted|p2a: Ferrothorn
|-damage|p2a: Ferrothorn|182\/351 par
|cant|p2a: Ferrothorn|par
|
|turn|20
|c|âSEXY GAMER DOG|:o
|
|move|p1a: Gothitelletubby|Psyshock|p2a: Ferrothorn
|-resisted|p2a: Ferrothorn
|-damage|p2a: Ferrothorn|64\/351 par
|cant|p2a: Ferrothorn|par
|
|turn|21
|c|âSEXY GAMER DOG|is this real
|
|move|p1a: Gothitelletubby|Rest|p1a: Gothitelletubby
|-status|p1a: Gothitelletubby|slp
|-heal|p1a: Gothitelletubby|344\/344 slp|[silent]
|-status|p1a: Gothitelletubby|slp|[from] move: Rest
|cant|p2a: Ferrothorn|par
|
|turn|22
|
|cant|p1a: Gothitelletubby|slp
|move|p2a: Ferrothorn|Knock Off|p1a: Gothitelletubby
|-supereffective|p1a: Gothitelletubby
|-damage|p1a: Gothitelletubby|246\/344 slp
|
|turn|23
|join|I'm Bi...sharp
|c|âSEXY GAMER DOG|8
|
|cant|p1a: Gothitelletubby|slp
|cant|p2a: Ferrothorn|par
|
|turn|24
|
|-curestatus|p1a: Gothitelletubby|slp
|move|p1a: Gothitelletubby|Calm Mind|p1a: Gothitelletubby
|-fail|p1a: Gothitelletubby
|move|p2a: Ferrothorn|Knock Off|p1a: Gothitelletubby
|-supereffective|p1a: Gothitelletubby
|-damage|p1a: Gothitelletubby|150\/344
|
|turn|25
|
|move|p1a: Gothitelletubby|Rest|p1a: Gothitelletubby
|-status|p1a: Gothitelletubby|slp
|-heal|p1a: Gothitelletubby|344\/344 slp|[silent]
|-status|p1a: Gothitelletubby|slp|[from] move: Rest
|move|p2a: Ferrothorn|Knock Off|p1a: Gothitelletubby
|-supereffective|p1a: Gothitelletubby
|-damage|p1a: Gothitelletubby|238\/344 slp
|
|turn|26
|
|cant|p1a: Gothitelletubby|slp
|move|p2a: Ferrothorn|Knock Off|p1a: Gothitelletubby
|-supereffective|p1a: Gothitelletubby
|-damage|p1a: Gothitelletubby|138\/344 slp
|
|turn|27
|
|cant|p1a: Gothitelletubby|slp
|move|p2a: Ferrothorn|Knock Off|p1a: Gothitelletubby
|-supereffective|p1a: Gothitelletubby
|-damage|p1a: Gothitelletubby|32\/344 slp
|
|turn|28
|
|-curestatus|p1a: Gothitelletubby|slp
|move|p1a: Gothitelletubby|Rest|p1a: Gothitelletubby
|-status|p1a: Gothitelletubby|slp
|-heal|p1a: Gothitelletubby|344\/344 slp|[silent]
|-status|p1a: Gothitelletubby|slp|[from] move: Rest
|move|p2a: Ferrothorn|Knock Off|p1a: Gothitelletubby
|-supereffective|p1a: Gothitelletubby
|-damage|p1a: Gothitelletubby|250\/344 slp
|
|turn|29
|
|cant|p1a: Gothitelletubby|slp
|move|p2a: Ferrothorn|Knock Off|p1a: Gothitelletubby
|-supereffective|p1a: Gothitelletubby
|-damage|p1a: Gothitelletubby|142\/344 slp
|
|turn|30
|
|cant|p1a: Gothitelletubby|slp
|cant|p2a: Ferrothorn|par
|
|turn|31
|
|-curestatus|p1a: Gothitelletubby|slp
|move|p1a: Gothitelletubby|Trick|p2a: Ferrothorn
|-activate|p1a: Gothitelletubby|move: Trick|[of] p2a: Ferrothorn
|-item|p1a: Gothitelletubby|Choice Scarf|[from] move: Trick
|move|p2a: Ferrothorn|Knock Off|p1a: Gothitelletubby
|-supereffective|p1a: Gothitelletubby
|-damage|p1a: Gothitelletubby|0 fnt
|-enditem|p1a: Gothitelletubby|Choice Scarf|[from] move: Knock Off|[of] p2a: Ferrothorn
|faint|p1a: Gothitelletubby
|
|c|âkars4kidz|lmao
|
|switch|p1a: Happy Feet|Skarmory, M|334\/334
|-damage|p1a: Happy Feet|293\/334|[from] Stealth Rock
|turn|32
|c|âSEXY GAMER DOG|oooooh
|c|âSEXY GAMER DOG|didnt think of that damn
|
|move|p1a: Happy Feet|Brave Bird|p2a: Ferrothorn
|-damage|p2a: Ferrothorn|0 fnt
|-damage|p1a: Happy Feet|252\/334|[from] ability: Iron Barbs|[of] p2a: Ferrothorn
|-damage|p1a: Happy Feet|231\/334|[from] recoil|[of] p2a: Ferrothorn
|faint|p2a: Ferrothorn
|
|
|switch|p2a: Gengar|Gengar, M|165\/261 brn
|-damage|p2a: Gengar|133\/261 brn|[from] Stealth Rock
|turn|33
|
|switch|p1a: Queen of Twerk|Chansey, F|704\/704
|-damage|p1a: Queen of Twerk|616\/704|[from] Stealth Rock
|move|p2a: Gengar|Shadow Ball|p1a: Queen of Twerk
|-immune|p1a: Queen of Twerk|[msg]
|
|-heal|p2a: Gengar|149\/261 brn|[from] item: Black Sludge
|-damage|p2a: Gengar|117\/261 brn|[from] brn
|turn|34
|
|switch|p2a: Chansey|Chansey, F|703\/703
|-damage|p2a: Chansey|616\/703|[from] Stealth Rock
|move|p1a: Queen of Twerk|Seismic Toss|p2a: Chansey
|-damage|p2a: Chansey|516\/703
|
|turn|35
|
|move|p1a: Queen of Twerk|Thunder Wave|p2a: Chansey
|-status|p2a: Chansey|par
|move|p2a: Chansey|Seismic Toss|p1a: Queen of Twerk
|-damage|p1a: Queen of Twerk|516\/704
|
|turn|36
|
|switch|p2a: Rotom-Wash|Rotom-Wash|304\/304
|-damage|p2a: Rotom-Wash|266\/304|[from] Stealth Rock
|move|p1a: Queen of Twerk|Soft-Boiled|p1a: Queen of Twerk
|-heal|p1a: Queen of Twerk|704\/704
|
|-heal|p2a: Rotom-Wash|285\/304|[from] item: Leftovers
|turn|37
|
|move|p2a: Rotom-Wash|Will-O-Wisp|p1a: Queen of Twerk
|-status|p1a: Queen of Twerk|brn
|move|p1a: Queen of Twerk|Seismic Toss|p2a: Rotom-Wash
|-damage|p2a: Rotom-Wash|185\/304
|
|-heal|p2a: Rotom-Wash|204\/304|[from] item: Leftovers
|-damage|p1a: Queen of Twerk|616\/704 brn|[from] brn
|turn|38
|
|move|p2a: Rotom-Wash|Pain Split|p1a: Queen of Twerk
|-sethp|p1a: Queen of Twerk|410\/704 brn|p2a: Rotom-Wash|304\/304|[from] move: Pain Split
|move|p1a: Queen of Twerk|Seismic Toss|p2a: Rotom-Wash
|-damage|p2a: Rotom-Wash|204\/304
|
|-heal|p2a: Rotom-Wash|223\/304|[from] item: Leftovers
|-damage|p1a: Queen of Twerk|322\/704 brn|[from] brn
|turn|39
|
|move|p2a: Rotom-Wash|Volt Switch|p1a: Queen of Twerk
|-damage|p1a: Queen of Twerk|271\/704 brn
|
|switch|p2a: Landorus-Therian|Landorus-Therian, M|320\/320
|-damage|p2a: Landorus-Therian|280\/320|[from] Stealth Rock
|-ability|p2a: Landorus-Therian|Intimidate|[of] p1a: Queen of Twerk
|-unboost|p1a: Queen of Twerk|atk|1
|move|p1a: Queen of Twerk|Soft-Boiled|p1a: Queen of Twerk
|-heal|p1a: Queen of Twerk|623\/704 brn
|
|-damage|p1a: Queen of Twerk|535\/704 brn|[from] brn
|turn|40
|
|switch|p1a: Happy Feet|Skarmory, M|231\/334
|-damage|p1a: Happy Feet|190\/334|[from] Stealth Rock
|move|p2a: Landorus-Therian|Knock Off|p1a: Happy Feet
|-damage|p1a: Happy Feet|120\/334
|-enditem|p1a: Happy Feet|Shed Shell|[from] move: Knock Off|[of] p2a: Landorus-Therian
|
|turn|41
|
|switch|p2a: Rotom-Wash|Rotom-Wash|223\/304
|-damage|p2a: Rotom-Wash|185\/304|[from] Stealth Rock
|move|p1a: Happy Feet|Roost|p1a: Happy Feet
|-heal|p1a: Happy Feet|287\/334
|
|-heal|p2a: Rotom-Wash|204\/304|[from] item: Leftovers
|turn|42
|
|switch|p1a: Queen of Twerk|Chansey, F|535\/704
|-damage|p1a: Queen of Twerk|447\/704|[from] Stealth Rock
|move|p2a: Rotom-Wash|Hydro Pump|p1a: Queen of Twerk
|-damage|p1a: Queen of Twerk|357\/704
|
|-heal|p2a: Rotom-Wash|223\/304|[from] item: Leftovers
|turn|43
|
|move|p2a: Rotom-Wash|Will-O-Wisp|p1a: Queen of Twerk|[miss]
|-miss|p2a: Rotom-Wash|p1a: Queen of Twerk
|move|p1a: Queen of Twerk|Soft-Boiled|p1a: Queen of Twerk
|-heal|p1a: Queen of Twerk|704\/704
|
|-heal|p2a: Rotom-Wash|242\/304|[from] item: Leftovers
|turn|44
|
|move|p2a: Rotom-Wash|Will-O-Wisp|p1a: Queen of Twerk
|-status|p1a: Queen of Twerk|brn
|move|p1a: Queen of Twerk|Seismic Toss|p2a: Rotom-Wash
|-damage|p2a: Rotom-Wash|142\/304
|
|-heal|p2a: Rotom-Wash|161\/304|[from] item: Leftovers
|-damage|p1a: Queen of Twerk|616\/704 brn|[from] brn
|turn|45
|
|move|p2a: Rotom-Wash|Pain Split|p1a: Queen of Twerk
|-sethp|p1a: Queen of Twerk|388\/704 brn|p2a: Rotom-Wash|304\/304|[from] move: Pain Split
|move|p1a: Queen of Twerk|Seismic Toss|p2a: Rotom-Wash
|-damage|p2a: Rotom-Wash|204\/304
|
|-heal|p2a: Rotom-Wash|223\/304|[from] item: Leftovers
|-damage|p1a: Queen of Twerk|300\/704 brn|[from] brn
|turn|46
|
|move|p2a: Rotom-Wash|Hydro Pump|p1a: Queen of Twerk
|-damage|p1a: Queen of Twerk|216\/704 brn
|move|p1a: Queen of Twerk|Soft-Boiled|p1a: Queen of Twerk
|-heal|p1a: Queen of Twerk|568\/704 brn
|
|-heal|p2a: Rotom-Wash|242\/304|[from] item: Leftovers
|-damage|p1a: Queen of Twerk|480\/704 brn|[from] brn
|turn|47
|
|move|p2a: Rotom-Wash|Pain Split|p1a: Queen of Twerk
|-sethp|p1a: Queen of Twerk|361\/704 brn|p2a: Rotom-Wash|304\/304|[from] move: Pain Split
|move|p1a: Queen of Twerk|Seismic Toss|p2a: Rotom-Wash
|-damage|p2a: Rotom-Wash|204\/304
|
|-heal|p2a: Rotom-Wash|223\/304|[from] item: Leftovers
|-damage|p1a: Queen of Twerk|273\/704 brn|[from] brn
|turn|48
|
|move|p2a: Rotom-Wash|Hydro Pump|p1a: Queen of Twerk
|-damage|p1a: Queen of Twerk|185\/704 brn
|move|p1a: Queen of Twerk|Soft-Boiled|p1a: Queen of Twerk
|-heal|p1a: Queen of Twerk|537\/704 brn
|
|-heal|p2a: Rotom-Wash|242\/304|[from] item: Leftovers
|-damage|p1a: Queen of Twerk|449\/704 brn|[from] brn
|turn|49
|
|move|p2a: Rotom-Wash|Pain Split|p1a: Queen of Twerk
|-sethp|p1a: Queen of Twerk|345\/704 brn|p2a: Rotom-Wash|304\/304|[from] move: Pain Split
|move|p1a: Queen of Twerk|Soft-Boiled|p1a: Queen of Twerk
|-heal|p1a: Queen of Twerk|697\/704 brn
|
|-damage|p1a: Queen of Twerk|609\/704 brn|[from] brn
|turn|50
|
|switch|p1a: Swagsire|Quagsire, F|394\/394
|-damage|p1a: Swagsire|370\/394|[from] Stealth Rock
|move|p2a: Rotom-Wash|Hydro Pump|p1a: Swagsire
|-damage|p1a: Swagsire|184\/394
|
|-heal|p1a: Swagsire|208\/394|[from] item: Leftovers
|turn|51
|
|move|p2a: Rotom-Wash|Will-O-Wisp|p1a: Swagsire
|-status|p1a: Swagsire|brn
|move|p1a: Swagsire|Toxic|p2a: Rotom-Wash
|-status|p2a: Rotom-Wash|tox
|
|-heal|p1a: Swagsire|232\/394 brn|[from] item: Leftovers
|-damage|p2a: Rotom-Wash|285\/304 tox|[from] psn
|-damage|p1a: Swagsire|183\/394 brn|[from] brn
|turn|52
|leave|SEXY GAMER DOG
|join|SEXY GAMER DOG
|player|p1
|player|p1|SEXY GAMER DOG|196
|
|switch|p2a: Chansey|Chansey, F|516\/703
|-damage|p2a: Chansey|429\/703|[from] Stealth Rock
|switch|p1a: Queen of Twerk|Chansey, F|609\/704
|-damage|p1a: Queen of Twerk|521\/704|[from] Stealth Rock
|
|turn|53
|
|move|p2a: Chansey|Seismic Toss|p1a: Queen of Twerk
|-damage|p1a: Queen of Twerk|421\/704
|move|p1a: Queen of Twerk|Thunder Wave|p2a: Chansey
|-status|p2a: Chansey|par
|
|turn|54
|
|move|p1a: Queen of Twerk|Soft-Boiled|p1a: Queen of Twerk
|-heal|p1a: Queen of Twerk|704\/704
|move|p2a: Chansey|Toxic|p1a: Queen of Twerk
|-status|p1a: Queen of Twerk|tox
|
|-damage|p1a: Queen of Twerk|660\/704 tox|[from] psn
|turn|55
|
|switch|p1a: Happy Feet|Skarmory, M|287\/334
|-damage|p1a: Happy Feet|246\/334|[from] Stealth Rock
|cant|p2a: Chansey|par
|
|turn|56
|
|move|p1a: Happy Feet|Spikes|p2a: Chansey
|-sidestart|p2: kars4kidz|Spikes
|cant|p2a: Chansey|par
|
|turn|57
|
|switch|p2a: Rotom-Wash|Rotom-Wash|285\/304 tox
|-damage|p2a: Rotom-Wash|247\/304 tox|[from] Stealth Rock
|move|p1a: Happy Feet|Spikes|p2a: Rotom-Wash
|-sidestart|p2: kars4kidz|Spikes
|
|-heal|p2a: Rotom-Wash|266\/304 tox|[from] item: Leftovers
|-damage|p2a: Rotom-Wash|247\/304 tox|[from] psn
|turn|58
|
|switch|p1a: Queen of Twerk|Chansey, F|660\/704
|-damage|p1a: Queen of Twerk|572\/704|[from] Stealth Rock
|move|p2a: Rotom-Wash|Volt Switch|p1a: Queen of Twerk
|-damage|p1a: Queen of Twerk|520\/704
|
|switch|p2a: Landorus-Therian|Landorus-Therian, M|280\/320
|-damage|p2a: Landorus-Therian|240\/320|[from] Stealth Rock
|-ability|p2a: Landorus-Therian|Intimidate|[of] p1a: Queen of Twerk
|-unboost|p1a: Queen of Twerk|atk|1
|
|turn|59
|
|switch|p1a: Happy Feet|Skarmory, M|246\/334
|-damage|p1a: Happy Feet|205\/334|[from] Stealth Rock
|move|p2a: Landorus-Therian|U-turn|p1a: Happy Feet
|-resisted|p1a: Happy Feet
|-damage|p1a: Happy Feet|192\/334
|
|switch|p2a: Rotom-Wash|Rotom-Wash|247\/304 tox
|-damage|p2a: Rotom-Wash|209\/304 tox|[from] Stealth Rock
|
|-heal|p2a: Rotom-Wash|228\/304 tox|[from] item: Leftovers
|-damage|p2a: Rotom-Wash|209\/304 tox|[from] psn
|turn|60
|leave|I'm Bi...sharp
|
|switch|p1a: Clutchselia|Cresselia, F|444\/444
|-damage|p1a: Clutchselia|389\/444|[from] Stealth Rock
|move|p2a: Rotom-Wash|Volt Switch|p1a: Clutchselia
|-damage|p1a: Clutchselia|314\/444
|
|switch|p2a: Landorus-Therian|Landorus-Therian, M|240\/320
|-damage|p2a: Landorus-Therian|200\/320|[from] Stealth Rock
|-ability|p2a: Landorus-Therian|Intimidate|[of] p1a: Clutchselia
|-unboost|p1a: Clutchselia|atk|1
|
|-heal|p1a: Clutchselia|341\/444|[from] item: Leftovers
|turn|61
|
|move|p2a: Landorus-Therian|U-turn|p1a: Clutchselia
|-crit|p1a: Clutchselia
|-supereffective|p1a: Clutchselia
|-damage|p1a: Clutchselia|169\/444
|
|switch|p2a: Gengar|Gengar, M|117\/261 brn
|-damage|p2a: Gengar|85\/261 brn|[from] Stealth Rock
|move|p1a: Clutchselia|Moonlight|p1a: Clutchselia
|-heal|p1a: Clutchselia|391\/444
|
|-heal|p2a: Gengar|101\/261 brn|[from] item: Black Sludge
|-heal|p1a: Clutchselia|418\/444|[from] item: Leftovers
|-damage|p2a: Gengar|69\/261 brn|[from] brn
|turn|62
|
|switch|p1a: Queen of Twerk|Chansey, F|520\/704
|-damage|p1a: Queen of Twerk|432\/704|[from] Stealth Rock
|move|p2a: Gengar|Focus Blast|p1a: Queen of Twerk|[miss]
|-miss|p2a: Gengar|p1a: Queen of Twerk
|
|-heal|p2a: Gengar|85\/261 brn|[from] item: Black Sludge
|-damage|p2a: Gengar|53\/261 brn|[from] brn
|turn|63
|
|switch|p2a: Landorus-Therian|Landorus-Therian, M|200\/320
|-damage|p2a: Landorus-Therian|160\/320|[from] Stealth Rock
|-ability|p2a: Landorus-Therian|Intimidate|[of] p1a: Queen of Twerk
|-unboost|p1a: Queen of Twerk|atk|1
|move|p1a: Queen of Twerk|Soft-Boiled|p1a: Queen of Twerk
|-heal|p1a: Queen of Twerk|704\/704
|
|turn|64
|
|switch|p1a: Happy Feet|Skarmory, M|192\/334
|-damage|p1a: Happy Feet|151\/334|[from] Stealth Rock
|move|p2a: Landorus-Therian|Knock Off|p1a: Happy Feet
|-damage|p1a: Happy Feet|104\/334
|
|turn|65
|-message|kars4kidz forfeited.
|-message|kars4kidz forfeited.
|leave|kars4kidz
|
|switch|p2a: Rotom-Wash|Rotom-Wash|209\/304 tox
|-damage|p2a: Rotom-Wash|171\/304 tox|[from] Stealth Rock
|move|p1a: Happy Feet|Roost|p1a: Happy Feet
|-heal|p1a: Happy Feet|271\/334
|
|-heal|p2a: Rotom-Wash|190\/304 tox|[from] item: Leftovers
|-damage|p2a: Rotom-Wash|171\/304 tox|[from] psn
|turn|66
|
|win|SEXY GAMER DOG
|raw|Ladder updating...
|player|p2
|raw|SEXY GAMER DOG's rating: 1530 &rarr; <strong>1554<\/strong><br \/>(+24 for winning)
|raw|kars4kidz's rating: 1598 &rarr; <strong>1575<\/strong><br \/>(-23 for losing)