|join|kmagne
|join|NorecuerdomiNick.
|player|p1|kmagne|2
|player|p2|NorecuerdomiNick.|209
|gametype|singles
|gen|6
|tier|OU
|rated
|clearpoke
|poke|p1|Azumarill, F
|poke|p1|Keldeo
|poke|p1|Raikou
|poke|p1|Glalie, F
|poke|p1|Rotom-Wash
|poke|p1|Heatran, M
|poke|p2|Gengar, M
|poke|p2|Conkeldurr, F
|poke|p2|Heatran, F
|poke|p2|Blastoise, F
|poke|p2|Talonflame, M
|poke|p2|Latios, M
|rule|Swagger Clause: Swagger is banned
|rule|Baton Pass Clause: Limit one PokÃ©mon knowing Baton Pass
|rule|Sleep Clause Mod: Limit one foe put to sleep
|rule|Species Clause: Limit one of each PokÃ©mon
|rule|OHKO Clause: OHKO moves are banned
|rule|Moody Clause: Moody is banned
|rule|Evasion Moves Clause: Evasion moves are banned
|rule|Endless Battle Clause: Forcing endless battles is banned
|rule|HP Percentage Mod: HP is shown in percentages
|teampreview
|
|start
|switch|p1a: Raikou|Raikou|322\/322
|switch|p2a: Conkeldurr|Conkeldurr, F|401\/401
|-ability|p1a: Raikou|Pressure
|turn|1
|
|switch|p1a: Azumarill|Azumarill, F|390\/390
|move|p2a: Conkeldurr|Drain Punch|p1a: Azumarill
|-resisted|p1a: Azumarill
|-damage|p1a: Azumarill|291\/390
|
|turn|2
|
|switch|p2a: Talonflame|Talonflame, M|298\/298
|move|p1a: Azumarill|Play Rough|p2a: Talonflame
|-resisted|p2a: Talonflame
|-damage|p2a: Talonflame|106\/298
|
|turn|3
|
|switch|p1a: Rotom-Wash|Rotom-Wash|304\/304
|move|p2a: Talonflame|Brave Bird|p1a: Rotom-Wash
|-crit|p1a: Rotom-Wash
|-resisted|p1a: Rotom-Wash
|-damage|p1a: Rotom-Wash|164\/304
|-damage|p2a: Talonflame|60\/298|[from] recoil|[of] p1a: Rotom-Wash
|
|-heal|p1a: Rotom-Wash|183\/304|[from] item: Leftovers
|turn|4
|
|move|p2a: Talonflame|Brave Bird|p1a: Rotom-Wash
|-resisted|p1a: Rotom-Wash
|-damage|p1a: Rotom-Wash|94\/304
|-damage|p2a: Talonflame|31\/298|[from] recoil|[of] p1a: Rotom-Wash
|move|p1a: Rotom-Wash|Volt Switch|p2a: Talonflame
|-supereffective|p2a: Talonflame
|-damage|p2a: Talonflame|0 fnt
|faint|p2a: Talonflame
|
|switch|p1a: Azumarill|Azumarill, F|291\/390
|
|
|switch|p2a: Gengar|Gengar, M|261\/261
|turn|5
|
|switch|p1a: Heatran|Heatran, M|386\/386
|move|p2a: Gengar|Substitute|p2a: Gengar
|-start|p2a: Gengar|Substitute
|-damage|p2a: Gengar|196\/261
|
|-heal|p2a: Gengar|212\/261|[from] item: Black Sludge
|turn|6
|
|move|p2a: Gengar|Shadow Ball|p1a: Heatran
|-damage|p1a: Heatran|280\/386
|move|p1a: Heatran|Lava Plume|p2a: Gengar
|-end|p2a: Gengar|Substitute
|
|-heal|p2a: Gengar|228\/261|[from] item: Black Sludge
|-heal|p1a: Heatran|304\/386|[from] item: Leftovers
|turn|7
|
|switch|p2a: Conkeldurr|Conkeldurr, F|401\/401
|move|p1a: Heatran|Lava Plume|p2a: Conkeldurr
|-damage|p2a: Conkeldurr|290\/401
|
|-heal|p1a: Heatran|328\/386|[from] item: Leftovers
|turn|8
|
|switch|p1a: Azumarill|Azumarill, F|291\/390
|move|p2a: Conkeldurr|Knock Off|p1a: Azumarill
|-resisted|p1a: Azumarill
|-damage|p1a: Azumarill|212\/390
|-enditem|p1a: Azumarill|Choice Band|[from] move: Knock Off|[of] p2a: Conkeldurr
|
|turn|9
|
|switch|p2a: Blastoise|Blastoise, F|343\/343
|move|p1a: Azumarill|Play Rough|p2a: Blastoise
|-damage|p2a: Blastoise|141\/343
|
|turn|10
|
|detailschange|p2a: Blastoise|Blastoise-Mega, F
|message|Blastoise has Mega Evolved into Mega Blastoise!
|move|p2a: Blastoise|Scald|p1a: Azumarill
|-resisted|p1a: Azumarill
|-damage|p1a: Azumarill|115\/390
|move|p1a: Azumarill|Play Rough|p2a: Blastoise
|-damage|p2a: Blastoise|0 fnt
|faint|p2a: Blastoise
|
|
|switch|p2a: Heatran|Heatran, F|386\/386
|turn|11
|
|switch|p1a: Rotom-Wash|Rotom-Wash|94\/304
|move|p2a: Heatran|Stealth Rock|p1a: Rotom-Wash
|-sidestart|p1: kmagne|move: Stealth Rock
|
|-heal|p1a: Rotom-Wash|113\/304|[from] item: Leftovers
|turn|12
|
|move|p1a: Rotom-Wash|Pain Split|p2a: Heatran
|-sethp|p2a: Heatran|249\/386|p1a: Rotom-Wash|249\/304|[from] move: Pain Split
|move|p2a: Heatran|Toxic|p1a: Rotom-Wash
|-status|p1a: Rotom-Wash|tox
|
|-heal|p1a: Rotom-Wash|268\/304 tox|[from] item: Leftovers
|-heal|p2a: Heatran|273\/386|[from] item: Leftovers
|-damage|p1a: Rotom-Wash|249\/304 tox|[from] psn
|turn|13
|
|move|p2a: Heatran|Protect|p2a: Heatran
|-singleturn|p2a: Heatran|Protect
|move|p1a: Rotom-Wash|Hydro Pump|p2a: Heatran
|-activate|p2a: Heatran|Protect
|
|-heal|p1a: Rotom-Wash|268\/304 tox|[from] item: Leftovers
|-heal|p2a: Heatran|297\/386|[from] item: Leftovers
|-damage|p1a: Rotom-Wash|230\/304 tox|[from] psn
|turn|14
|
|move|p1a: Rotom-Wash|Volt Switch|p2a: Heatran
|-damage|p2a: Heatran|236\/386
|
|switch|p1a: Keldeo|Keldeo|323\/323
|-damage|p1a: Keldeo|303\/323|[from] Stealth Rock
|move|p2a: Heatran|Lava Plume|p1a: Keldeo
|-resisted|p1a: Keldeo
|-damage|p1a: Keldeo|234\/323
|
|-heal|p2a: Heatran|260\/386|[from] item: Leftovers
|turn|15
|
|move|p1a: Keldeo|Hydro Pump|p2a: Heatran|[miss]
|-miss|p1a: Keldeo|p2a: Heatran
|move|p2a: Heatran|Lava Plume|p1a: Keldeo
|-resisted|p1a: Keldeo
|-damage|p1a: Keldeo|168\/323
|
|-heal|p2a: Heatran|284\/386|[from] item: Leftovers
|turn|16
|
|move|p2a: Heatran|Protect|p2a: Heatran
|-singleturn|p2a: Heatran|Protect
|move|p1a: Keldeo|Hydro Pump|p2a: Heatran
|-activate|p2a: Heatran|Protect
|
|-heal|p2a: Heatran|308\/386|[from] item: Leftovers
|turn|17
|
|move|p1a: Keldeo|Hydro Pump|p2a: Heatran|[miss]
|-miss|p1a: Keldeo|p2a: Heatran
|move|p2a: Heatran|Toxic|p1a: Keldeo
|-status|p1a: Keldeo|tox
|
|-heal|p2a: Heatran|332\/386|[from] item: Leftovers
|-damage|p1a: Keldeo|148\/323 tox|[from] psn
|turn|18
|
|move|p2a: Heatran|Protect|p2a: Heatran
|-singleturn|p2a: Heatran|Protect
|move|p1a: Keldeo|Hydro Pump|p2a: Heatran
|-activate|p2a: Heatran|Protect
|
|-heal|p2a: Heatran|356\/386|[from] item: Leftovers
|-damage|p1a: Keldeo|108\/323 tox|[from] psn
|turn|19
|
|move|p1a: Keldeo|Hydro Pump|p2a: Heatran
|-supereffective|p2a: Heatran
|-damage|p2a: Heatran|102\/386
|move|p2a: Heatran|Lava Plume|p1a: Keldeo
|-resisted|p1a: Keldeo
|-damage|p1a: Keldeo|45\/323 tox
|
|-heal|p2a: Heatran|126\/386|[from] item: Leftovers
|-damage|p1a: Keldeo|0 fnt|[from] psn
|faint|p1a: Keldeo
|
|switch|p1a: Azumarill|Azumarill, F|115\/390
|-damage|p1a: Azumarill|67\/390|[from] Stealth Rock
|turn|20
|
|move|p1a: Azumarill|Aqua Jet|p2a: Heatran
|-supereffective|p2a: Heatran
|-damage|p2a: Heatran|0 fnt
|faint|p2a: Heatran
|
|
|switch|p2a: Latios|Latios, M|301\/301
|turn|21
|
|move|p2a: Latios|Psyshock|p1a: Azumarill
|-damage|p1a: Azumarill|0 fnt
|-damage|p2a: Latios|271\/301|[from] item: Life Orb
|faint|p1a: Azumarill
|
|
|switch|p1a: Glalie|Glalie, F|301\/301
|-damage|p1a: Glalie|226\/301|[from] Stealth Rock
|turn|22
|
|switch|p1a: Heatran|Heatran, M|328\/386
|-damage|p1a: Heatran|280\/386|[from] Stealth Rock
|move|p2a: Latios|Dragon Pulse|p1a: Heatran
|-resisted|p1a: Heatran
|-damage|p1a: Heatran|214\/386
|-damage|p2a: Latios|241\/301|[from] item: Life Orb
|
|-heal|p1a: Heatran|238\/386|[from] item: Leftovers
|turn|23
|
|move|p2a: Latios|Earthquake|p1a: Heatran
|-supereffective|p1a: Heatran
|-damage|p1a: Heatran|0 fnt
|-damage|p2a: Latios|211\/301|[from] item: Life Orb
|faint|p1a: Heatran
|
|
|switch|p1a: Raikou|Raikou|322\/322
|-damage|p1a: Raikou|282\/322|[from] Stealth Rock
|-ability|p1a: Raikou|Pressure
|turn|24
|
|move|p1a: Raikou|Shadow Ball|p2a: Latios
|-supereffective|p2a: Latios
|-damage|p2a: Latios|0 fnt
|faint|p2a: Latios
|
|
|switch|p2a: Conkeldurr|Conkeldurr, F|290\/401
|turn|25
|
|move|p1a: Raikou|Shadow Ball|p2a: Conkeldurr
|-damage|p2a: Conkeldurr|172\/401
|move|p2a: Conkeldurr|Drain Punch|p1a: Raikou
|-damage|p1a: Raikou|77\/322
|-heal|p2a: Conkeldurr|275\/401|[from] drain|[of] p1a: Raikou
|
|turn|26
|
|move|p2a: Conkeldurr|Mach Punch|p1a: Raikou
|-damage|p1a: Raikou|0 fnt
|faint|p1a: Raikou
|
|-message|kmagne forfeited.
|
|win|NorecuerdomiNick.
|raw|Ladder updating...
|leave|kmagne
|player|p1
|raw|kmagne's rating: 1500 &rarr; <strong>1480<\/strong><br \/>(-20 for losing)
|raw|NorecuerdomiNick.'s rating: 1494 &rarr; <strong>1514<\/strong><br \/>(+20 for winning)