|join|I'm stoned
|join|NorecuerdomiNick.
|player|p1|I'm stoned|39
|player|p2|NorecuerdomiNick.|209
|gametype|singles
|gen|6
|tier|OU
|rated
|clearpoke
|poke|p1|Alakazam, M
|poke|p1|Pinsir, M
|poke|p1|Landorus-Therian, M
|poke|p1|Rotom-Wash
|poke|p1|Scizor, F
|poke|p1|Chansey, F
|poke|p2|Kyurem-Black
|poke|p2|Rotom-Wash
|poke|p2|Scizor, F
|poke|p2|Alakazam, F
|poke|p2|Heatran, F
|poke|p2|Landorus-Therian, M
|rule|Swagger Clause: Swagger is banned
|rule|Baton Pass Clause: Limit one PokÃ©mon knowing Baton Pass
|rule|Sleep Clause Mod: Limit one foe put to sleep
|rule|Species Clause: Limit one of each PokÃ©mon
|rule|OHKO Clause: OHKO moves are banned
|rule|Moody Clause: Moody is banned
|rule|Evasion Moves Clause: Evasion moves are banned
|rule|Endless Battle Clause: Forcing endless battles is banned
|rule|HP Percentage Mod: HP is shown in percentages
|teampreview
|
|start
|switch|p1a: Landorus-Therian|Landorus-Therian, M|382\/382
|switch|p2a: Rotom-Wash|Rotom-Wash|303\/303
|-ability|p1a: Landorus-Therian|Intimidate|[of] p2a: Rotom-Wash
|-unboost|p2a: Rotom-Wash|atk|1
|turn|1
|
|move|p1a: Landorus-Therian|Stealth Rock|p2a: Rotom-Wash
|-sidestart|p2: NorecuerdomiNick.|move: Stealth Rock
|move|p2a: Rotom-Wash|Will-O-Wisp|p1a: Landorus-Therian
|-status|p1a: Landorus-Therian|brn
|
|-damage|p1a: Landorus-Therian|335\/382 brn|[from] brn
|turn|2
|
|move|p1a: Landorus-Therian|U-turn|p2a: Rotom-Wash
|-damage|p2a: Rotom-Wash|259\/303
|
|switch|p1a: Chansey|Chansey, F|704\/704
|move|p2a: Rotom-Wash|Volt Switch|p1a: Chansey
|-damage|p1a: Chansey|646\/704
|
|switch|p2a: Scizor|Scizor, F|331\/331
|-damage|p2a: Scizor|290\/331|[from] Stealth Rock
|
|turn|3
|
|switch|p1a: Rotom-Wash|Rotom-Wash|304\/304
|detailschange|p2a: Scizor|Scizor-Mega, F
|message|Scizor has Mega Evolved into Mega Scizor!
|move|p2a: Scizor|Knock Off|p1a: Rotom-Wash
|-damage|p1a: Rotom-Wash|219\/304
|-enditem|p1a: Rotom-Wash|Choice Scarf|[from] move: Knock Off|[of] p2a: Scizor
|
|turn|4
|
|move|p1a: Rotom-Wash|Will-O-Wisp|p2a: Scizor
|-status|p2a: Scizor|brn
|move|p2a: Scizor|Defog|p1a: Rotom-Wash
|-unboost|p1a: Rotom-Wash|evasion|1
|-sideend|p2: NorecuerdomiNick.|Stealth Rock|[from] move: Defog|[of] p2a: Scizor
|
|-damage|p2a: Scizor|249\/331 brn|[from] brn
|turn|5
|
|move|p1a: Rotom-Wash|Trick|p2a: Scizor
|-fail|p2a: Scizor
|move|p2a: Scizor|Knock Off|p1a: Rotom-Wash
|-damage|p1a: Rotom-Wash|193\/304
|
|-damage|p2a: Scizor|208\/331 brn|[from] brn
|turn|6
|
|move|p1a: Rotom-Wash|Will-O-Wisp|p2a: Scizor
|-fail|p2a: Scizor|brn
|move|p2a: Scizor|Roost|p2a: Scizor
|-heal|p2a: Scizor|331\/331 brn
|
|-damage|p2a: Scizor|290\/331 brn|[from] brn
|turn|7
|
|switch|p1a: Pinsir|Pinsir, M|271\/271
|move|p2a: Scizor|Knock Off|p1a: Pinsir
|-damage|p1a: Pinsir|233\/271
|
|-damage|p2a: Scizor|249\/331 brn|[from] brn
|turn|8
|
|switch|p2a: Landorus-Therian|Landorus-Therian, M|369\/369
|-ability|p2a: Landorus-Therian|Intimidate|[of] p1a: Pinsir
|-unboost|p1a: Pinsir|atk|1
|detailschange|p1a: Pinsir|Pinsir-Mega, M
|message|Pinsir has Mega Evolved into Mega Pinsir!
|move|p1a: Pinsir|Swords Dance|p1a: Pinsir
|-boost|p1a: Pinsir|atk|2
|
|turn|9
|
|switch|p1a: Rotom-Wash|Rotom-Wash|193\/304
|move|p2a: Landorus-Therian|Rock Slide|p1a: Rotom-Wash
|-damage|p1a: Rotom-Wash|98\/304
|-damage|p2a: Landorus-Therian|333\/369|[from] item: Life Orb
|
|turn|10
|
|move|p2a: Landorus-Therian|Hammer Arm|p1a: Rotom-Wash
|-damage|p1a: Rotom-Wash|0 fnt
|-unboost|p2a: Landorus-Therian|spe|1
|-damage|p2a: Landorus-Therian|297\/369|[from] item: Life Orb
|faint|p1a: Rotom-Wash
|
|
|switch|p1a: Alakazam|Alakazam, M|252\/252
|turn|11
|
|switch|p2a: Heatran|Heatran, F|348\/348
|-item|p2a: Heatran|Air Balloon
|move|p1a: Alakazam|Psychic|p2a: Heatran
|-resisted|p2a: Heatran
|-damage|p2a: Heatran|270\/348
|-enditem|p2a: Heatran|Air Balloon
|
|turn|12
|
|move|p1a: Alakazam|Focus Blast|p2a: Heatran
|-supereffective|p2a: Heatran
|-damage|p2a: Heatran|2\/348
|move|p2a: Heatran|Stealth Rock|p1a: Alakazam
|-sidestart|p1: I'm stoned|move: Stealth Rock
|
|turn|13
|
|move|p1a: Alakazam|Shadow Ball|p2a: Heatran
|-damage|p2a: Heatran|0 fnt
|faint|p2a: Heatran
|
|
|switch|p2a: Rotom-Wash|Rotom-Wash|259\/303
|turn|14
|
|switch|p1a: Landorus-Therian|Landorus-Therian, M|335\/382 brn
|-damage|p1a: Landorus-Therian|288\/382 brn|[from] Stealth Rock
|-ability|p1a: Landorus-Therian|Intimidate|[of] p2a: Rotom-Wash
|-unboost|p2a: Rotom-Wash|atk|1
|move|p2a: Rotom-Wash|Thunder Wave|p1a: Landorus-Therian
|-immune|p1a: Landorus-Therian|[msg]
|
|-heal|p1a: Landorus-Therian|311\/382 brn|[from] item: Leftovers
|-heal|p2a: Rotom-Wash|277\/303|[from] item: Leftovers
|-damage|p1a: Landorus-Therian|264\/382 brn|[from] brn
|turn|15
|
|switch|p2a: Scizor|Scizor-Mega, F|249\/331 brn
|move|p1a: Landorus-Therian|Stealth Rock|p2a: Scizor
|-sidestart|p2: NorecuerdomiNick.|move: Stealth Rock
|
|-heal|p1a: Landorus-Therian|287\/382 brn|[from] item: Leftovers
|-damage|p1a: Landorus-Therian|240\/382 brn|[from] brn
|-damage|p2a: Scizor|208\/331 brn|[from] brn
|turn|16
|
|switch|p1a: Pinsir|Pinsir-Mega, M|233\/271
|-damage|p1a: Pinsir|98\/271|[from] Stealth Rock
|move|p2a: Scizor|Knock Off|p1a: Pinsir
|-damage|p1a: Pinsir|67\/271
|
|-damage|p2a: Scizor|167\/331 brn|[from] brn
|turn|17
|
|move|p2a: Scizor|Bullet Punch|p1a: Pinsir
|-damage|p1a: Pinsir|19\/271
|move|p1a: Pinsir|Swords Dance|p1a: Pinsir
|-boost|p1a: Pinsir|atk|2
|
|-damage|p2a: Scizor|126\/331 brn|[from] brn
|turn|18
|
|move|p1a: Pinsir|Quick Attack|p2a: Scizor
|-damage|p2a: Scizor|2\/331 brn
|move|p2a: Scizor|Bullet Punch|p1a: Pinsir
|-damage|p1a: Pinsir|0 fnt
|faint|p1a: Pinsir
|
|-damage|p2a: Scizor|0 fnt|[from] brn
|faint|p2a: Scizor
|
|switch|p1a: Alakazam|Alakazam, M|252\/252
|switch|p2a: Rotom-Wash|Rotom-Wash|277\/303
|-damage|p2a: Rotom-Wash|240\/303|[from] Stealth Rock
|turn|19
|
|switch|p1a: Chansey|Chansey, F|646\/704
|-damage|p1a: Chansey|558\/704|[from] Stealth Rock
|switch|p2a: Landorus-Therian|Landorus-Therian, M|297\/369
|-damage|p2a: Landorus-Therian|251\/369|[from] Stealth Rock
|-ability|p2a: Landorus-Therian|Intimidate|[of] p1a: Chansey
|-unboost|p1a: Chansey|atk|1
|
|turn|20
|
|move|p2a: Landorus-Therian|Hammer Arm|p1a: Chansey|[miss]
|-miss|p2a: Landorus-Therian|p1a: Chansey
|move|p1a: Chansey|Toxic|p2a: Landorus-Therian
|-status|p2a: Landorus-Therian|tox
|
|-damage|p2a: Landorus-Therian|228\/369 tox|[from] psn
|turn|21
|
|switch|p2a: Alakazam|Alakazam, F|252\/252
|move|p1a: Chansey|Heal Bell|p1a: Chansey
|-cureteam|p1a: Chansey|[from] move: HealBell
|
|turn|22
|-message|I'm stoned lost due to inactivity.
|
|win|NorecuerdomiNick.
|raw|Ladder updating...