|join|NorecuerdomiNick.
|join|I hate Casey
|player|p1|NorecuerdomiNick.|209
|player|p2|I hate Casey|261
|gametype|singles
|gen|6
|tier|OU
|rated
|clearpoke
|poke|p1|Dragonite, M
|poke|p1|Blissey, F
|poke|p1|Skarmory, F
|poke|p1|Manectric, M
|poke|p1|Conkeldurr, M
|poke|p1|Clefable, F
|poke|p2|Gyarados, F
|poke|p2|Heatran, M
|poke|p2|Mandibuzz, F
|poke|p2|Landorus, M
|poke|p2|Clefable, M
|poke|p2|Mienshao, F
|rule|Swagger Clause: Swagger is banned
|rule|Baton Pass Clause: Limit one PokÃ©mon knowing Baton Pass
|rule|Sleep Clause Mod: Limit one foe put to sleep
|rule|Species Clause: Limit one of each PokÃ©mon
|rule|OHKO Clause: OHKO moves are banned
|rule|Moody Clause: Moody is banned
|rule|Evasion Moves Clause: Evasion moves are banned
|rule|Endless Battle Clause: Forcing endless battles is banned
|rule|HP Percentage Mod: HP is shown in percentages
|teampreview
|
|start
|switch|p1a: Blissey|Blissey, F|714\/714
|switch|p2a: Heatran|Heatran, M|386\/386
|turn|1
|c|âI hate Casey|that dosent look annoying
|
|move|p2a: Heatran|Stealth Rock|p1a: Blissey
|-sidestart|p1: NorecuerdomiNick.|move: Stealth Rock
|move|p1a: Blissey|Thunder Wave|p2a: Heatran
|-status|p2a: Heatran|par
|
|turn|2
|
|move|p1a: Blissey|Stealth Rock|p2a: Heatran
|-sidestart|p2: I hate Casey|move: Stealth Rock
|cant|p2a: Heatran|par
|
|turn|3
|
|move|p1a: Blissey|Seismic Toss|p2a: Heatran
|-damage|p2a: Heatran|286\/386 par
|move|p2a: Heatran|Roar|p1a: Blissey
|drag|p1a: Conkeldurr|Conkeldurr, M|401\/401
|-damage|p1a: Conkeldurr|376\/401|[from] Stealth Rock
|
|-heal|p2a: Heatran|310\/386 par|[from] item: Leftovers
|turn|4
|
|switch|p1a: Manectric|Manectric, M|281\/281
|-damage|p1a: Manectric|246\/281|[from] Stealth Rock
|switch|p2a: Mandibuzz|Mandibuzz, F|424\/424
|-damage|p2a: Mandibuzz|318\/424|[from] Stealth Rock
|
|-heal|p2a: Mandibuzz|344\/424|[from] item: Leftovers
|turn|5
|
|switch|p2a: Heatran|Heatran, M|310\/386 par
|-damage|p2a: Heatran|262\/386 par|[from] Stealth Rock
|detailschange|p1a: Manectric|Manectric-Mega, M
|message|Manectric has Mega Evolved into Mega Manectric!
|-ability|p1a: Manectric|Intimidate|[of] p2a: Heatran
|-unboost|p2a: Heatran|atk|1
|move|p1a: Manectric|Hidden Power|p2a: Heatran
|-resisted|p2a: Heatran
|-damage|p2a: Heatran|246\/386 par
|
|-heal|p2a: Heatran|270\/386 par|[from] item: Leftovers
|turn|6
|
|move|p1a: Manectric|Volt Switch|p2a: Heatran
|-damage|p2a: Heatran|153\/386 par
|
|switch|p1a: Clefable|Clefable, F|356\/356
|move|p2a: Heatran|Lava Plume|p1a: Clefable
|-damage|p1a: Clefable|173\/356
|
|-heal|p2a: Heatran|177\/386 par|[from] item: Leftovers
|turn|7
|
|move|p1a: Clefable|Calm Mind|p1a: Clefable
|-boost|p1a: Clefable|spa|1
|-boost|p1a: Clefable|spd|1
|move|p2a: Heatran|Flash Cannon|p1a: Clefable
|-supereffective|p1a: Clefable
|-damage|p1a: Clefable|0 fnt
|faint|p1a: Clefable
|
|-heal|p2a: Heatran|201\/386 par|[from] item: Leftovers
|
|switch|p1a: Conkeldurr|Conkeldurr, M|376\/401
|-damage|p1a: Conkeldurr|351\/401|[from] Stealth Rock
|turn|8
|
|move|p1a: Conkeldurr|Drain Punch|p2a: Heatran
|-supereffective|p2a: Heatran
|-damage|p2a: Heatran|0 fnt
|-heal|p1a: Conkeldurr|401\/401|[from] drain|[of] p2a: Heatran
|faint|p2a: Heatran
|
|
|switch|p2a: Clefable|Clefable, M|394\/394
|turn|9
|
|move|p2a: Clefable|Calm Mind|p2a: Clefable
|-boost|p2a: Clefable|spa|1
|-boost|p2a: Clefable|spd|1
|move|p1a: Conkeldurr|Knock Off|p2a: Clefable
|-resisted|p2a: Clefable
|-damage|p2a: Clefable|335\/394
|-enditem|p2a: Clefable|Life Orb|[from] move: Knock Off|[of] p1a: Conkeldurr
|
|turn|10
|c|âI hate Casey|howdy
|
|move|p2a: Clefable|Calm Mind|p2a: Clefable
|-boost|p2a: Clefable|spa|1
|-boost|p2a: Clefable|spd|1
|move|p1a: Conkeldurr|Ice Punch|p2a: Clefable
|-damage|p2a: Clefable|246\/394
|
|turn|11
|
|switch|p1a: Blissey|Blissey, F|714\/714
|-damage|p1a: Blissey|625\/714|[from] Stealth Rock
|move|p2a: Clefable|Moonblast|p1a: Blissey
|-damage|p1a: Blissey|463\/714
|
|-heal|p1a: Blissey|507\/714|[from] item: Leftovers
|turn|12
|
|move|p2a: Clefable|Soft-Boiled|p2a: Clefable
|-heal|p2a: Clefable|394\/394
|move|p1a: Blissey|Thunder Wave|p2a: Clefable
|-status|p2a: Clefable|par
|
|-heal|p1a: Blissey|551\/714|[from] item: Leftovers
|turn|13
|
|move|p1a: Blissey|Seismic Toss|p2a: Clefable
|-damage|p2a: Clefable|294\/394 par
|move|p2a: Clefable|Calm Mind|p2a: Clefable
|-boost|p2a: Clefable|spa|1
|-boost|p2a: Clefable|spd|1
|
|-heal|p1a: Blissey|595\/714|[from] item: Leftovers
|turn|14
|
|move|p1a: Blissey|Seismic Toss|p2a: Clefable
|-damage|p2a: Clefable|194\/394 par
|move|p2a: Clefable|Calm Mind|p2a: Clefable
|-boost|p2a: Clefable|spa|1
|-boost|p2a: Clefable|spd|1
|
|-heal|p1a: Blissey|639\/714|[from] item: Leftovers
|turn|15
|
|move|p1a: Blissey|Seismic Toss|p2a: Clefable
|-damage|p2a: Clefable|94\/394 par
|move|p2a: Clefable|Soft-Boiled|p2a: Clefable
|-heal|p2a: Clefable|291\/394 par
|
|-heal|p1a: Blissey|683\/714|[from] item: Leftovers
|turn|16
|
|move|p1a: Blissey|Seismic Toss|p2a: Clefable
|-damage|p2a: Clefable|191\/394 par
|move|p2a: Clefable|Soft-Boiled|p2a: Clefable
|-heal|p2a: Clefable|388\/394 par
|
|-heal|p1a: Blissey|714\/714|[from] item: Leftovers
|turn|17
|
|move|p1a: Blissey|Seismic Toss|p2a: Clefable
|-damage|p2a: Clefable|288\/394 par
|move|p2a: Clefable|Calm Mind|p2a: Clefable
|-boost|p2a: Clefable|spa|1
|-boost|p2a: Clefable|spd|1
|
|turn|18
|
|move|p1a: Blissey|Seismic Toss|p2a: Clefable
|-damage|p2a: Clefable|188\/394 par
|move|p2a: Clefable|Calm Mind|p2a: Clefable
|-boost|p2a: Clefable|spa|1
|-boost|p2a: Clefable|spd|1
|
|turn|19
|
|move|p1a: Blissey|Seismic Toss|p2a: Clefable
|-damage|p2a: Clefable|88\/394 par
|cant|p2a: Clefable|par
|
|turn|20
|c|âI hate Casey|awwww
|
|switch|p2a: Mienshao|Mienshao, F|271\/271
|-damage|p2a: Mienshao|255\/271|[from] Stealth Rock
|move|p1a: Blissey|Seismic Toss|p2a: Mienshao
|-damage|p2a: Mienshao|155\/271
|
|turn|21
|
|switch|p1a: Skarmory|Skarmory, F|321\/321
|-damage|p1a: Skarmory|281\/321|[from] Stealth Rock
|move|p2a: Mienshao|U-turn|p1a: Skarmory
|-resisted|p1a: Skarmory
|-damage|p1a: Skarmory|270\/321
|-damage|p2a: Mienshao|110\/271|[from] item: Rocky Helmet|[of] p1a: Skarmory
|
|switch|p2a: Clefable|Clefable, M|88\/394 par
|
|turn|22
|
|move|p1a: Skarmory|Drill Peck|p2a: Clefable
|-damage|p2a: Clefable|24\/394 par
|move|p2a: Clefable|Soft-Boiled|p2a: Clefable
|-heal|p2a: Clefable|221\/394 par
|
|turn|23
|
|switch|p1a: Blissey|Blissey, F|714\/714
|-damage|p1a: Blissey|625\/714|[from] Stealth Rock
|move|p2a: Clefable|Flamethrower|p1a: Blissey
|-damage|p1a: Blissey|576\/714
|
|-heal|p1a: Blissey|620\/714|[from] item: Leftovers
|turn|24
|
|switch|p2a: Mandibuzz|Mandibuzz, F|344\/424
|-damage|p2a: Mandibuzz|238\/424|[from] Stealth Rock
|move|p1a: Blissey|Seismic Toss|p2a: Mandibuzz
|-damage|p2a: Mandibuzz|138\/424
|
|-heal|p2a: Mandibuzz|164\/424|[from] item: Leftovers
|-heal|p1a: Blissey|664\/714|[from] item: Leftovers
|turn|25
|
|move|p2a: Mandibuzz|Toxic|p1a: Blissey
|-status|p1a: Blissey|tox
|move|p1a: Blissey|Thunder Wave|p2a: Mandibuzz
|-status|p2a: Mandibuzz|par
|
|-heal|p1a: Blissey|708\/714 tox|[from] item: Leftovers
|-heal|p2a: Mandibuzz|190\/424 par|[from] item: Leftovers
|-damage|p1a: Blissey|664\/714 tox|[from] psn
|turn|26
|
|switch|p1a: Skarmory|Skarmory, F|270\/321
|-damage|p1a: Skarmory|230\/321|[from] Stealth Rock
|move|p2a: Mandibuzz|Roost|p2a: Mandibuzz
|-heal|p2a: Mandibuzz|402\/424 par
|
|-heal|p2a: Mandibuzz|424\/424 par|[from] item: Leftovers
|turn|27
|
|move|p1a: Skarmory|Drill Peck|p2a: Mandibuzz
|-damage|p2a: Mandibuzz|370\/424 par
|cant|p2a: Mandibuzz|par
|
|-heal|p2a: Mandibuzz|396\/424 par|[from] item: Leftovers
|turn|28
|c|âI hate Casey|dude why drill peck
|c|âI hate Casey|it gets brave bird
|
|move|p1a: Skarmory|Roost|p1a: Skarmory
|-heal|p1a: Skarmory|321\/321
|cant|p2a: Mandibuzz|par
|
|-heal|p2a: Mandibuzz|422\/424 par|[from] item: Leftovers
|turn|29
|
|move|p1a: Skarmory|Drill Peck|p2a: Mandibuzz
|-damage|p2a: Mandibuzz|364\/424 par
|move|p2a: Mandibuzz|Defog|p1a: Skarmory
|-unboost|p1a: Skarmory|evasion|1
|-sideend|p1: NorecuerdomiNick.|Stealth Rock|[from] move: Defog|[of] p1a: Skarmory
|-sideend|p2: I hate Casey|Stealth Rock|[from] move: Defog|[of] p2a: Mandibuzz
|
|-heal|p2a: Mandibuzz|390\/424 par|[from] item: Leftovers
|turn|30
|
|switch|p1a: Manectric|Manectric-Mega, M|246\/281
|-ability|p1a: Manectric|Intimidate|[of] p2a: Mandibuzz
|-unboost|p2a: Mandibuzz|atk|1
|switch|p2a: Gyarados|Gyarados, F|353\/353
|-ability|p2a: Gyarados|Intimidate|[of] p1a: Manectric
|-unboost|p1a: Manectric|atk|1
|
|turn|31
|
|detailschange|p2a: Gyarados|Gyarados-Mega, F
|message|Gyarados has Mega Evolved into Mega Gyarados!
|-ability|p2a: Gyarados|Mold Breaker
|move|p1a: Manectric|Thunderbolt|p2a: Gyarados
|-supereffective|p2a: Gyarados
|-damage|p2a: Gyarados|71\/353
|move|p2a: Gyarados|Earthquake|p1a: Manectric
|-supereffective|p1a: Manectric
|-damage|p1a: Manectric|0 fnt
|faint|p1a: Manectric
|
|c|âI hate Casey|nope
|
|switch|p1a: Dragonite|Dragonite, M|323\/323
|turn|32
|
|switch|p2a: Clefable|Clefable, M|221\/394 par
|move|p1a: Dragonite|Dragon Dance|p1a: Dragonite
|-boost|p1a: Dragonite|atk|1
|-boost|p1a: Dragonite|spe|1
|
|turn|33
|
|move|p1a: Dragonite|Earthquake|p2a: Clefable
|-damage|p2a: Clefable|60\/394 par
|cant|p2a: Clefable|par
|
|turn|34
|c|âI hate Casey|fak
|
|move|p1a: Dragonite|Thunder Punch|p2a: Clefable
|-damage|p2a: Clefable|0 fnt
|faint|p2a: Clefable
|
|
|switch|p2a: Mienshao|Mienshao, F|200\/271
|turn|35
|
|move|p2a: Mienshao|Stone Edge|p1a: Dragonite|[miss]
|-miss|p2a: Mienshao|p1a: Dragonite
|move|p1a: Dragonite|Dragon Claw|p2a: Mienshao
|-damage|p2a: Mienshao|0 fnt
|faint|p2a: Mienshao
|
|c|âI hate Casey|fak
|c|âI hate Casey|gg i think
|
|switch|p2a: Mandibuzz|Mandibuzz, F|390\/424 par
|turn|36
|
|move|p1a: Dragonite|Thunder Punch|p2a: Mandibuzz
|-supereffective|p2a: Mandibuzz
|-damage|p2a: Mandibuzz|184\/424 par
|move|p2a: Mandibuzz|Foul Play|p1a: Dragonite
|-damage|p1a: Dragonite|172\/323
|
|-heal|p2a: Mandibuzz|210\/424 par|[from] item: Leftovers
|turn|37
|c|âI hate Casey|yup
|
|move|p1a: Dragonite|Thunder Punch|p2a: Mandibuzz
|-supereffective|p2a: Mandibuzz
|-damage|p2a: Mandibuzz|0 fnt
|faint|p2a: Mandibuzz
|
|
|switch|p2a: Landorus|Landorus, M|320\/320
|turn|38
|
|move|p1a: Dragonite|Dragon Claw|p2a: Landorus
|-damage|p2a: Landorus|43\/320
|move|p2a: Landorus|Sludge Wave|p1a: Dragonite
|-damage|p1a: Dragonite|0 fnt
|faint|p1a: Dragonite
|
|c|âI hate Casey|gg
|
|switch|p1a: Blissey|Blissey, F|664\/714
|turn|39
|
|move|p2a: Landorus|Focus Blast|p1a: Blissey
|-supereffective|p1a: Blissey
|-damage|p1a: Blissey|352\/714
|move|p1a: Blissey|Seismic Toss|p2a: Landorus
|-damage|p2a: Landorus|0 fnt
|faint|p2a: Landorus
|
|-heal|p1a: Blissey|396\/714|[from] item: Leftovers
|
|switch|p2a: Gyarados|Gyarados-Mega, F|71\/353
|-ability|p2a: Gyarados|Mold Breaker
|turn|40
|
|move|p2a: Gyarados|Dragon Dance|p2a: Gyarados
|-boost|p2a: Gyarados|atk|1
|-boost|p2a: Gyarados|spe|1
|move|p1a: Blissey|Seismic Toss|p2a: Gyarados
|-damage|p2a: Gyarados|0 fnt
|faint|p2a: Gyarados
|
|win|NorecuerdomiNick.
|raw|Ladder updating...