|join|NorecuerdomiNick.
|join|Tan7
|player|p1|NorecuerdomiNick.|209
|player|p2|Tan7|175
|gametype|singles
|gen|6
|tier|OU
|rated
|clearpoke
|poke|p1|Metagross
|poke|p1|Arcanine, M
|poke|p1|Thundurus, M
|poke|p1|Sylveon, M
|poke|p1|Rotom-Wash
|poke|p1|Latias, F
|poke|p2|Gallade, M, shiny
|poke|p2|Azumarill, F
|poke|p2|Landorus-Therian, M
|poke|p2|Scolipede, M
|poke|p2|Mamoswine, M
|poke|p2|Porygon2
|rule|Swagger Clause: Swagger is banned
|rule|Baton Pass Clause: Limit one PokÃ©mon knowing Baton Pass
|rule|Sleep Clause Mod: Limit one foe put to sleep
|rule|Species Clause: Limit one of each PokÃ©mon
|rule|OHKO Clause: OHKO moves are banned
|rule|Moody Clause: Moody is banned
|rule|Evasion Moves Clause: Evasion moves are banned
|rule|Endless Battle Clause: Forcing endless battles is banned
|rule|HP Percentage Mod: HP is shown in percentages
|teampreview
|
|start
|switch|p1a: Rotom-Wash|Rotom-Wash|304\/304
|switch|p2a: Mamoswine|Mamoswine, M|361\/361
|turn|1
|
|move|p2a: Mamoswine|Freeze-Dry|p1a: Rotom-Wash
|-supereffective|p1a: Rotom-Wash
|-damage|p1a: Rotom-Wash|179\/304
|-damage|p2a: Mamoswine|325\/361|[from] item: Life Orb
|move|p1a: Rotom-Wash|Will-O-Wisp|p2a: Mamoswine|[miss]
|-miss|p1a: Rotom-Wash|p2a: Mamoswine
|
|-heal|p1a: Rotom-Wash|198\/304|[from] item: Leftovers
|turn|2
|
|switch|p2a: Porygon2|Porygon2|374\/374
|-ability|p2a: Porygon2|Levitate|[from] ability: Trace|[of] p1a: Rotom-Wash
|move|p1a: Rotom-Wash|Pain Split|p2a: Porygon2
|-sethp|p2a: Porygon2|286\/374|p1a: Rotom-Wash|286\/304|[from] move: Pain Split
|
|-heal|p1a: Rotom-Wash|304\/304|[from] item: Leftovers
|turn|3
|
|move|p1a: Rotom-Wash|Will-O-Wisp|p2a: Porygon2|[miss]
|-miss|p1a: Rotom-Wash|p2a: Porygon2
|move|p2a: Porygon2|Toxic|p1a: Rotom-Wash
|-status|p1a: Rotom-Wash|tox
|
|-damage|p1a: Rotom-Wash|285\/304 tox|[from] psn
|turn|4
|
|move|p1a: Rotom-Wash|Will-O-Wisp|p2a: Porygon2
|-status|p2a: Porygon2|brn
|move|p2a: Porygon2|Discharge|p1a: Rotom-Wash
|-damage|p1a: Rotom-Wash|241\/304 tox
|
|-heal|p1a: Rotom-Wash|260\/304 tox|[from] item: Leftovers
|-damage|p1a: Rotom-Wash|222\/304 tox|[from] psn
|-damage|p2a: Porygon2|240\/374 brn|[from] brn
|turn|5
|
|move|p1a: Rotom-Wash|Volt Switch|p2a: Porygon2
|-damage|p2a: Porygon2|191\/374 brn
|
|switch|p1a: Sylveon|Sylveon, M|394\/394
|move|p2a: Porygon2|Discharge|p1a: Sylveon
|-damage|p1a: Sylveon|337\/394
|
|-heal|p1a: Sylveon|361\/394|[from] item: Leftovers
|-damage|p2a: Porygon2|145\/374 brn|[from] brn
|turn|6
|
|switch|p2a: Azumarill|Azumarill, F|383\/383
|move|p1a: Sylveon|Calm Mind|p1a: Sylveon
|-boost|p1a: Sylveon|spa|1
|-boost|p1a: Sylveon|spd|1
|
|-heal|p1a: Sylveon|385\/394|[from] item: Leftovers
|turn|7
|
|move|p2a: Azumarill|Waterfall|p1a: Sylveon
|-damage|p1a: Sylveon|78\/394
|move|p1a: Sylveon|Hyper Voice|p2a: Azumarill
|-damage|p2a: Azumarill|34\/383
|
|-heal|p1a: Sylveon|102\/394|[from] item: Leftovers
|turn|8
|
|move|p2a: Azumarill|Waterfall|p1a: Sylveon
|-crit|p1a: Sylveon
|-damage|p1a: Sylveon|0 fnt
|faint|p1a: Sylveon
|
|
|switch|p1a: Metagross|Metagross|302\/302
|turn|9
|
|switch|p2a: Porygon2|Porygon2|145\/374 brn
|-ability|p2a: Porygon2|Clear Body|[from] ability: Trace|[of] p1a: Metagross
|move|p1a: Metagross|Bullet Punch|p2a: Porygon2
|-damage|p2a: Porygon2|102\/374 brn
|
|-damage|p2a: Porygon2|56\/374 brn|[from] brn
|turn|10
|
|detailschange|p1a: Metagross|Metagross-Mega
|message|Metagross has Mega Evolved into Mega Metagross!
|move|p1a: Metagross|Meteor Mash|p2a: Porygon2
|-damage|p2a: Porygon2|0 fnt
|faint|p2a: Porygon2
|
|
|switch|p2a: Landorus-Therian|Landorus-Therian, M|340\/340
|-ability|p2a: Landorus-Therian|Intimidate|[of] p1a: Metagross
|-unboost|p1a: Metagross|atk|1
|turn|11
|
|switch|p1a: Rotom-Wash|Rotom-Wash|222\/304 tox
|move|p2a: Landorus-Therian|Earthquake|p1a: Rotom-Wash
|-immune|p1a: Rotom-Wash|[msg]
|
|-heal|p1a: Rotom-Wash|241\/304 tox|[from] item: Leftovers
|-damage|p1a: Rotom-Wash|222\/304 tox|[from] psn
|turn|12
|
|switch|p2a: Azumarill|Azumarill, F|34\/383
|move|p1a: Rotom-Wash|Will-O-Wisp|p2a: Azumarill
|-status|p2a: Azumarill|brn
|
|-heal|p1a: Rotom-Wash|241\/304 tox|[from] item: Leftovers
|-damage|p1a: Rotom-Wash|203\/304 tox|[from] psn
|-damage|p2a: Azumarill|0 fnt|[from] brn
|faint|p2a: Azumarill
|
|switch|p2a: Mamoswine|Mamoswine, M|325\/361
|turn|13
|
|move|p2a: Mamoswine|Freeze-Dry|p1a: Rotom-Wash
|-supereffective|p1a: Rotom-Wash
|-damage|p1a: Rotom-Wash|70\/304 tox
|-damage|p2a: Mamoswine|289\/361|[from] item: Life Orb
|move|p1a: Rotom-Wash|Will-O-Wisp|p2a: Mamoswine
|-status|p2a: Mamoswine|brn
|
|-heal|p1a: Rotom-Wash|89\/304 tox|[from] item: Leftovers
|-damage|p2a: Mamoswine|244\/361 brn|[from] brn
|-damage|p1a: Rotom-Wash|32\/304 tox|[from] psn
|turn|14
|
|move|p2a: Mamoswine|Freeze-Dry|p1a: Rotom-Wash
|-supereffective|p1a: Rotom-Wash
|-damage|p1a: Rotom-Wash|0 fnt
|-damage|p2a: Mamoswine|208\/361 brn|[from] item: Life Orb
|faint|p1a: Rotom-Wash
|
|-damage|p2a: Mamoswine|163\/361 brn|[from] brn
|
|switch|p1a: Metagross|Metagross-Mega|302\/302
|turn|15
|
|move|p1a: Metagross|Meteor Mash|p2a: Mamoswine
|-supereffective|p2a: Mamoswine
|-damage|p2a: Mamoswine|0 fnt
|faint|p2a: Mamoswine
|
|
|switch|p2a: Landorus-Therian|Landorus-Therian, M|340\/340
|-ability|p2a: Landorus-Therian|Intimidate|[of] p1a: Metagross
|-unboost|p1a: Metagross|atk|1
|turn|16
|
|switch|p1a: Latias|Latias, F|363\/363
|move|p2a: Landorus-Therian|Knock Off|p1a: Latias
|-supereffective|p1a: Latias
|-damage|p1a: Latias|115\/363
|-damage|p2a: Landorus-Therian|284\/340|[from] item: Rocky Helmet|[of] p1a: Latias
|-enditem|p1a: Latias|Rocky Helmet|[from] move: Knock Off|[of] p2a: Landorus-Therian
|
|turn|17
|
|move|p2a: Landorus-Therian|Knock Off|p1a: Latias
|-supereffective|p1a: Latias
|-damage|p1a: Latias|0 fnt
|faint|p1a: Latias
|
|
|switch|p1a: Arcanine|Arcanine, M|321\/321
|-ability|p1a: Arcanine|Intimidate|[of] p2a: Landorus-Therian
|-unboost|p2a: Landorus-Therian|atk|1
|turn|18
|
|switch|p2a: Scolipede|Scolipede, M|262\/262
|move|p1a: Arcanine|Flare Blitz|p2a: Scolipede
|-supereffective|p2a: Scolipede
|-enditem|p2a: Scolipede|Focus Sash
|-damage|p2a: Scolipede|1\/262
|-damage|p1a: Arcanine|235\/321|[from] recoil|[of] p2a: Scolipede
|-damage|p1a: Arcanine|203\/321|[from] item: Life Orb
|
|turn|19
|
|move|p1a: Arcanine|Extreme Speed|p2a: Scolipede
|-damage|p2a: Scolipede|0 fnt
|-damage|p1a: Arcanine|171\/321|[from] item: Life Orb
|faint|p2a: Scolipede
|
|
|switch|p2a: Landorus-Therian|Landorus-Therian, M|284\/340
|-ability|p2a: Landorus-Therian|Intimidate|[of] p1a: Arcanine
|-unboost|p1a: Arcanine|atk|1
|turn|20
|
|move|p1a: Arcanine|Extreme Speed|p2a: Landorus-Therian
|-damage|p2a: Landorus-Therian|205\/340
|-damage|p1a: Arcanine|139\/321|[from] item: Life Orb
|move|p2a: Landorus-Therian|Stone Edge|p1a: Arcanine
|-supereffective|p1a: Arcanine
|-damage|p1a: Arcanine|0 fnt
|faint|p1a: Arcanine
|
|
|switch|p1a: Metagross|Metagross-Mega|302\/302
|turn|21
|
|switch|p2a: Gallade|Gallade, M, shiny|278\/278
|move|p1a: Metagross|Meteor Mash|p2a: Gallade
|-damage|p2a: Gallade|0 fnt
|faint|p2a: Gallade
|
|
|switch|p2a: Landorus-Therian|Landorus-Therian, M|205\/340
|-ability|p2a: Landorus-Therian|Intimidate|[of] p1a: Metagross
|-unboost|p1a: Metagross|atk|1
|turn|22
|
|move|p2a: Landorus-Therian|Earthquake|p1a: Metagross
|-supereffective|p1a: Metagross
|-damage|p1a: Metagross|80\/302
|move|p1a: Metagross|Meteor Mash|p2a: Landorus-Therian
|-damage|p2a: Landorus-Therian|42\/340
|
|turn|23
|
|move|p1a: Metagross|Bullet Punch|p2a: Landorus-Therian
|-crit|p2a: Landorus-Therian
|-damage|p2a: Landorus-Therian|0 fnt
|faint|p2a: Landorus-Therian
|
|win|NorecuerdomiNick.
|raw|Ladder updating...
|leave|Tan7
|player|p2
|raw|NorecuerdomiNick.'s rating: 1253 &rarr; <strong>1275<\/strong><br \/>(+22 for winning)
|raw|Tan7's rating: 1208 &rarr; <strong>1186<\/strong><br \/>(-22 for losing)