|join|Thunderorange
|join|NorecuerdomiNick.
|player|p1|Thunderorange|80
|player|p2|NorecuerdomiNick.|209
|gametype|singles
|gen|6
|tier|OU
|rated
|clearpoke
|poke|p1|Greninja, F
|poke|p1|Dragonite, M
|poke|p1|Excadrill, M
|poke|p1|Bisharp, M
|poke|p1|Diggersby, M
|poke|p1|Lopunny, M
|poke|p2|Gengar, F
|poke|p2|Conkeldurr, M
|poke|p2|Heatran, M
|poke|p2|Blastoise, M
|poke|p2|Talonflame, F
|poke|p2|Latios, M
|rule|Swagger Clause: Swagger is banned
|rule|Baton Pass Clause: Limit one PokÃ©mon knowing Baton Pass
|rule|Sleep Clause Mod: Limit one foe put to sleep
|rule|Species Clause: Limit one of each PokÃ©mon
|rule|OHKO Clause: OHKO moves are banned
|rule|Moody Clause: Moody is banned
|rule|Evasion Moves Clause: Evasion moves are banned
|rule|Endless Battle Clause: Forcing endless battles is banned
|rule|HP Percentage Mod: HP is shown in percentages
|teampreview
|
|start
|switch|p1a: Lopunny|Lopunny, M|272\/272
|switch|p2a: Talonflame|Talonflame, F|298\/298
|turn|1
|
|detailschange|p1a: Lopunny|Lopunny-Mega, M
|message|Lopunny has Mega Evolved into Mega Lopunny!
|move|p1a: Lopunny|Fake Out|p2a: Talonflame
|-damage|p2a: Talonflame|201\/298
|cant|p2a: Talonflame|flinch
|
|turn|2
|
|switch|p1a: Dragonite|Dragonite, M|323\/323
|move|p2a: Talonflame|Brave Bird|p1a: Dragonite
|-damage|p1a: Dragonite|201\/323
|-damage|p2a: Talonflame|161\/298|[from] recoil|[of] p1a: Dragonite
|
|turn|3
|
|move|p1a: Dragonite|Extreme Speed|p2a: Talonflame
|-damage|p2a: Talonflame|0 fnt
|faint|p2a: Talonflame
|
|
|switch|p2a: Gengar|Gengar, F|261\/261
|turn|4
|
|switch|p1a: Bisharp|Bisharp, M|271\/271
|move|p2a: Gengar|Substitute|p2a: Gengar
|-start|p2a: Gengar|Substitute
|-damage|p2a: Gengar|196\/261
|
|-heal|p2a: Gengar|212\/261|[from] item: Black Sludge
|turn|5
|
|move|p2a: Gengar|Will-O-Wisp|p1a: Bisharp
|-status|p1a: Bisharp|brn
|move|p1a: Bisharp|Knock Off|p2a: Gengar
|-supereffective|p2a: Gengar
|-end|p2a: Gengar|Substitute
|-damage|p1a: Bisharp|244\/271 brn|[from] item: Life Orb
|
|-heal|p2a: Gengar|228\/261|[from] item: Black Sludge
|-damage|p1a: Bisharp|211\/271 brn|[from] brn
|turn|6
|
|switch|p2a: Conkeldurr|Conkeldurr, M|401\/401
|move|p1a: Bisharp|Knock Off|p2a: Conkeldurr
|-resisted|p2a: Conkeldurr
|-damage|p2a: Conkeldurr|345\/401
|-enditem|p2a: Conkeldurr|Assault Vest|[from] move: Knock Off|[of] p1a: Bisharp
|-damage|p1a: Bisharp|184\/271 brn|[from] item: Life Orb
|
|-damage|p1a: Bisharp|151\/271 brn|[from] brn
|turn|7
|
|switch|p1a: Dragonite|Dragonite, M|201\/323
|move|p2a: Conkeldurr|Drain Punch|p1a: Dragonite
|-resisted|p1a: Dragonite
|-damage|p1a: Dragonite|121\/323
|-heal|p2a: Conkeldurr|385\/401|[from] drain|[of] p1a: Dragonite
|
|turn|8
|
|switch|p2a: Heatran|Heatran, M|386\/386
|move|p1a: Dragonite|Earthquake|p2a: Heatran
|-supereffective|p2a: Heatran
|-damage|p2a: Heatran|0 fnt
|faint|p2a: Heatran
|
|
|switch|p2a: Gengar|Gengar, F|228\/261
|turn|9
|
|switch|p1a: Bisharp|Bisharp, M|151\/271 brn
|move|p2a: Gengar|Substitute|p2a: Gengar
|-start|p2a: Gengar|Substitute
|-damage|p2a: Gengar|163\/261
|
|-heal|p2a: Gengar|179\/261|[from] item: Black Sludge
|-damage|p1a: Bisharp|118\/271 brn|[from] brn
|turn|10
|
|move|p2a: Gengar|Shadow Ball|p1a: Bisharp
|-resisted|p1a: Bisharp
|-damage|p1a: Bisharp|19\/271 brn
|-unboost|p1a: Bisharp|spd|1
|-boost|p1a: Bisharp|atk|2|[from] ability: Defiant
|move|p1a: Bisharp|Knock Off|p2a: Gengar
|-supereffective|p2a: Gengar
|-end|p2a: Gengar|Substitute
|-damage|p1a: Bisharp|0 fnt|[from] item: Life Orb
|faint|p1a: Bisharp
|
|-heal|p2a: Gengar|195\/261|[from] item: Black Sludge
|
|switch|p1a: Excadrill|Excadrill, M|362\/362
|-ability|p1a: Excadrill|Mold Breaker
|turn|11
|
|move|p2a: Gengar|Will-O-Wisp|p1a: Excadrill
|-status|p1a: Excadrill|brn
|move|p1a: Excadrill|Earthquake|p2a: Gengar
|-supereffective|p2a: Gengar
|-damage|p2a: Gengar|0 fnt
|faint|p2a: Gengar
|
|-damage|p1a: Excadrill|317\/362 brn|[from] brn
|
|switch|p2a: Conkeldurr|Conkeldurr, M|385\/401
|turn|12
|
|move|p1a: Excadrill|Earthquake|p2a: Conkeldurr
|-damage|p2a: Conkeldurr|298\/401
|move|p2a: Conkeldurr|Drain Punch|p1a: Excadrill
|-supereffective|p1a: Excadrill
|-damage|p1a: Excadrill|0 fnt
|-heal|p2a: Conkeldurr|401\/401|[from] drain|[of] p1a: Excadrill
|faint|p1a: Excadrill
|
|
|switch|p1a: Dragonite|Dragonite, M|121\/323
|turn|13
|
|move|p1a: Dragonite|Outrage|p2a: Conkeldurr
|-damage|p2a: Conkeldurr|53\/401
|move|p2a: Conkeldurr|Ice Punch|p1a: Dragonite
|-supereffective|p1a: Dragonite
|-damage|p1a: Dragonite|0 fnt
|faint|p1a: Dragonite
|
|
|switch|p1a: Lopunny|Lopunny-Mega, M|272\/272
|turn|14
|
|move|p1a: Lopunny|Fake Out|p2a: Conkeldurr
|-damage|p2a: Conkeldurr|0 fnt
|faint|p2a: Conkeldurr
|
|
|switch|p2a: Latios|Latios, M|301\/301
|turn|15
|
|move|p1a: Lopunny|Ice Punch|p2a: Latios
|-supereffective|p2a: Latios
|-damage|p2a: Latios|79\/301
|move|p2a: Latios|Draco Meteor|p1a: Lopunny
|-damage|p1a: Lopunny|0 fnt
|-unboost|p2a: Latios|spa|2
|-damage|p2a: Latios|49\/301|[from] item: Life Orb
|faint|p1a: Lopunny
|
|
|switch|p1a: Diggersby|Diggersby, M|311\/311
|turn|16
|
|move|p2a: Latios|Psychic|p1a: Diggersby
|-damage|p1a: Diggersby|190\/311
|-damage|p2a: Latios|19\/301|[from] item: Life Orb
|move|p1a: Diggersby|Return|p2a: Latios
|-damage|p2a: Latios|0 fnt
|-damage|p1a: Diggersby|159\/311|[from] item: Life Orb
|faint|p2a: Latios
|
|
|switch|p2a: Blastoise|Blastoise, M|343\/343
|turn|17
|
|detailschange|p2a: Blastoise|Blastoise-Mega, M
|message|Blastoise has Mega Evolved into Mega Blastoise!
|move|p1a: Diggersby|Return|p2a: Blastoise
|-damage|p2a: Blastoise|96\/343
|-damage|p1a: Diggersby|128\/311|[from] item: Life Orb
|move|p2a: Blastoise|Scald|p1a: Diggersby
|-supereffective|p1a: Diggersby
|-damage|p1a: Diggersby|0 fnt
|faint|p1a: Diggersby
|
|
|switch|p1a: Greninja|Greninja, F|285\/285
|turn|18
|
|move|p1a: Greninja|Hydro Pump|p2a: Blastoise
|-start|p1a: Greninja|typechange|Water|[from] Protean
|-resisted|p2a: Blastoise
|-damage|p2a: Blastoise|4\/343
|-damage|p1a: Greninja|257\/285|[from] item: Life Orb
|move|p2a: Blastoise|Aura Sphere|p1a: Greninja
|-damage|p1a: Greninja|41\/285
|
|turn|19
|c|âThunderorange|crap this set doesn't have dark pulse
|c|âThunderorange|gg
|
|move|p1a: Greninja|Ice Beam|p2a: Blastoise
|-start|p1a: Greninja|typechange|Ice|[from] Protean
|-crit|p2a: Blastoise
|-resisted|p2a: Blastoise
|-damage|p2a: Blastoise|0 fnt
|-damage|p1a: Greninja|13\/285|[from] item: Life Orb
|faint|p2a: Blastoise
|
|win|Thunderorange
|raw|Ladder updating...