|join|Paul Pown
|join|NorecuerdomiNick.
|player|p1|Paul Pown|293
|player|p2|NorecuerdomiNick.|209
|gametype|singles
|gen|6
|tier|OU
|rated
|clearpoke
|poke|p1|Landorus-Therian, M
|poke|p1|Magnezone
|poke|p1|Diggersby, F
|poke|p1|Rotom-Wash
|poke|p1|Tyranitar, F
|poke|p1|Gengar, F
|poke|p2|Gengar, M
|poke|p2|Conkeldurr, M
|poke|p2|Heatran, M
|poke|p2|Blastoise, F
|poke|p2|Talonflame, F
|poke|p2|Latios, M
|rule|Swagger Clause: Swagger is banned
|rule|Baton Pass Clause: Limit one PokÃ©mon knowing Baton Pass
|rule|Sleep Clause Mod: Limit one foe put to sleep
|rule|Species Clause: Limit one of each PokÃ©mon
|rule|OHKO Clause: OHKO moves are banned
|rule|Moody Clause: Moody is banned
|rule|Evasion Moves Clause: Evasion moves are banned
|rule|Endless Battle Clause: Forcing endless battles is banned
|rule|HP Percentage Mod: HP is shown in percentages
|teampreview
|
|start
|switch|p1a: Landorus-Therian|Landorus-Therian, M|320\/320
|switch|p2a: Gengar|Gengar, M|261\/261
|-ability|p1a: Landorus-Therian|Intimidate|[of] p2a: Gengar
|-unboost|p2a: Gengar|atk|1
|turn|1
|
|switch|p1a: Rotom-Wash|Rotom-Wash|304\/304
|move|p2a: Gengar|Will-O-Wisp|p1a: Rotom-Wash|[miss]
|-miss|p2a: Gengar|p1a: Rotom-Wash
|
|turn|2
|
|move|p2a: Gengar|Substitute|p2a: Gengar
|-start|p2a: Gengar|Substitute
|-damage|p2a: Gengar|196\/261
|move|p1a: Rotom-Wash|Volt Switch|p2a: Gengar
|-end|p2a: Gengar|Substitute
|
|switch|p1a: Diggersby|Diggersby, F|311\/311
|
|-heal|p2a: Gengar|212\/261|[from] item: Black Sludge
|turn|3
|
|move|p1a: Diggersby|Knock Off|p2a: Gengar
|-supereffective|p2a: Gengar
|-damage|p2a: Gengar|0 fnt
|-enditem|p2a: Gengar|Black Sludge|[from] move: Knock Off|[of] p1a: Diggersby
|faint|p2a: Gengar
|
|
|switch|p2a: Blastoise|Blastoise, F|343\/343
|turn|4
|
|switch|p1a: Rotom-Wash|Rotom-Wash|304\/304
|detailschange|p2a: Blastoise|Blastoise-Mega, F
|message|Blastoise has Mega Evolved into Mega Blastoise!
|move|p2a: Blastoise|Aura Sphere|p1a: Rotom-Wash
|-damage|p1a: Rotom-Wash|141\/304
|
|-heal|p1a: Rotom-Wash|160\/304|[from] item: Leftovers
|turn|5
|
|move|p2a: Blastoise|Dark Pulse|p1a: Rotom-Wash
|-damage|p1a: Rotom-Wash|14\/304
|cant|p1a: Rotom-Wash|flinch
|
|-heal|p1a: Rotom-Wash|33\/304|[from] item: Leftovers
|turn|6
|
|move|p2a: Blastoise|Aura Sphere|p1a: Rotom-Wash
|-damage|p1a: Rotom-Wash|0 fnt
|faint|p1a: Rotom-Wash
|
|
|switch|p1a: Magnezone|Magnezone|282\/282
|turn|7
|
|switch|p2a: Conkeldurr|Conkeldurr, M|401\/401
|move|p1a: Magnezone|Thunderbolt|p2a: Conkeldurr
|-damage|p2a: Conkeldurr|160\/401
|
|turn|8
|
|switch|p1a: Landorus-Therian|Landorus-Therian, M|320\/320
|-ability|p1a: Landorus-Therian|Intimidate|[of] p2a: Conkeldurr
|-unboost|p2a: Conkeldurr|atk|1
|move|p2a: Conkeldurr|Mach Punch|p1a: Landorus-Therian
|-resisted|p1a: Landorus-Therian
|-damage|p1a: Landorus-Therian|287\/320
|
|turn|9
|
|move|p1a: Landorus-Therian|U-turn|p2a: Conkeldurr
|-resisted|p2a: Conkeldurr
|-damage|p2a: Conkeldurr|94\/401
|
|switch|p1a: Gengar|Gengar, F|262\/262
|move|p2a: Conkeldurr|Knock Off|p1a: Gengar
|-supereffective|p1a: Gengar
|-enditem|p1a: Gengar|Focus Sash
|-damage|p1a: Gengar|1\/262
|
|turn|10
|
|move|p1a: Gengar|Giga Drain|p2a: Conkeldurr
|-damage|p2a: Conkeldurr|7\/401
|-heal|p1a: Gengar|45\/262|[from] drain|[of] p2a: Conkeldurr
|move|p2a: Conkeldurr|Knock Off|p1a: Gengar
|-supereffective|p1a: Gengar
|-damage|p1a: Gengar|0 fnt
|faint|p1a: Gengar
|
|
|switch|p1a: Landorus-Therian|Landorus-Therian, M|287\/320
|-ability|p1a: Landorus-Therian|Intimidate|[of] p2a: Conkeldurr
|-unboost|p2a: Conkeldurr|atk|1
|turn|11
|
|move|p1a: Landorus-Therian|Knock Off|p2a: Conkeldurr
|-crit|p2a: Conkeldurr
|-resisted|p2a: Conkeldurr
|-damage|p2a: Conkeldurr|0 fnt
|-enditem|p2a: Conkeldurr|Assault Vest|[from] move: Knock Off|[of] p1a: Landorus-Therian
|faint|p2a: Conkeldurr
|
|
|switch|p2a: Blastoise|Blastoise-Mega, F|343\/343
|turn|12
|
|move|p1a: Landorus-Therian|Knock Off|p2a: Blastoise
|-damage|p2a: Blastoise|230\/343
|move|p2a: Blastoise|Scald|p1a: Landorus-Therian
|-supereffective|p1a: Landorus-Therian
|-damage|p1a: Landorus-Therian|0 fnt
|faint|p1a: Landorus-Therian
|
|
|switch|p1a: Magnezone|Magnezone|282\/282
|turn|13
|
|switch|p2a: Heatran|Heatran, M|386\/386
|move|p1a: Magnezone|Thunderbolt|p2a: Heatran
|-damage|p2a: Heatran|214\/386
|
|-heal|p2a: Heatran|238\/386|[from] item: Leftovers
|turn|14
|
|switch|p1a: Tyranitar|Tyranitar, F|342\/342
|-weather|Sandstorm
|move|p2a: Heatran|Lava Plume|p1a: Tyranitar
|-resisted|p1a: Tyranitar
|-damage|p1a: Tyranitar|301\/342
|-status|p1a: Tyranitar|brn
|
|-weather|Sandstorm|[upkeep]
|-heal|p2a: Heatran|262\/386|[from] item: Leftovers
|-damage|p1a: Tyranitar|259\/342 brn|[from] brn
|turn|15
|
|detailschange|p1a: Tyranitar|Tyranitar-Mega, F
|message|Tyranitar has Mega Evolved into Mega Tyranitar!
|move|p1a: Tyranitar|Stone Edge|p2a: Heatran
|-damage|p2a: Heatran|160\/386
|move|p2a: Heatran|Stealth Rock|p1a: Tyranitar
|-sidestart|p1: Paul Pown|move: Stealth Rock
|
|-weather|Sandstorm|[upkeep]
|-heal|p2a: Heatran|184\/386|[from] item: Leftovers
|-damage|p1a: Tyranitar|217\/342 brn|[from] brn
|turn|16
|
|move|p1a: Tyranitar|Earthquake|p2a: Heatran
|-supereffective|p2a: Heatran
|-damage|p2a: Heatran|0 fnt
|faint|p2a: Heatran
|
|-weather|Sandstorm|[upkeep]
|-damage|p1a: Tyranitar|175\/342 brn|[from] brn
|
|switch|p2a: Talonflame|Talonflame, F|298\/298
|turn|17
|
|move|p2a: Talonflame|U-turn|p1a: Tyranitar
|-supereffective|p1a: Tyranitar
|-damage|p1a: Tyranitar|35\/342 brn
|
|switch|p2a: Latios|Latios, M|301\/301
|move|p1a: Tyranitar|Stone Edge|p2a: Latios
|-damage|p2a: Latios|156\/301
|
|-weather|Sandstorm|[upkeep]
|-damage|p2a: Latios|138\/301|[from] sandstorm
|-damage|p1a: Tyranitar|0 fnt|[from] brn
|faint|p1a: Tyranitar
|
|switch|p1a: Diggersby|Diggersby, F|311\/311
|-damage|p1a: Diggersby|292\/311|[from] Stealth Rock
|turn|18
|
|move|p1a: Diggersby|Return|p2a: Latios
|-damage|p2a: Latios|0 fnt
|faint|p2a: Latios
|
|-weather|none
|
|switch|p2a: Talonflame|Talonflame, F|298\/298
|turn|19
|
|move|p2a: Talonflame|Brave Bird|p1a: Diggersby
|-damage|p1a: Diggersby|0 fnt
|-damage|p2a: Talonflame|202\/298|[from] recoil|[of] p1a: Diggersby
|faint|p1a: Diggersby
|
|
|switch|p1a: Magnezone|Magnezone|282\/282
|-damage|p1a: Magnezone|265\/282|[from] Stealth Rock
|turn|20
|
|switch|p2a: Blastoise|Blastoise-Mega, F|230\/343
|move|p1a: Magnezone|Thunderbolt|p2a: Blastoise
|-crit|p2a: Blastoise
|-supereffective|p2a: Blastoise
|-damage|p2a: Blastoise|0 fnt
|faint|p2a: Blastoise
|
|
|switch|p2a: Talonflame|Talonflame, F|202\/298
|turn|21
|
|move|p2a: Talonflame|Flare Blitz|p1a: Magnezone
|-supereffective|p1a: Magnezone
|-damage|p1a: Magnezone|0 fnt
|-damage|p2a: Talonflame|115\/298|[from] recoil|[of] p1a: Magnezone
|faint|p1a: Magnezone
|
|win|NorecuerdomiNick.
|raw|Ladder updating...
|raw|Paul Pown's rating: 1356 &rarr; <strong>1338<\/strong><br \/>(-18 for losing)
|raw|NorecuerdomiNick.'s rating: 1398 &rarr; <strong>1415<\/strong><br \/>(+17 for winning)