|join|NorecuerdomiNick.
|join|Truhax
|player|p1|NorecuerdomiNick.|209
|player|p2|Truhax|163
|gametype|singles
|gen|6
|tier|OU
|rated
|clearpoke
|poke|p1|Gengar, M
|poke|p1|Conkeldurr, F
|poke|p1|Heatran, F
|poke|p1|Blastoise, M
|poke|p1|Talonflame, F
|poke|p1|Latios, M
|poke|p2|Magnezone
|poke|p2|Dragonite, M
|poke|p2|Chansey, F
|poke|p2|Greninja, F
|poke|p2|Medicham, F
|poke|p2|Scizor, F
|rule|Swagger Clause: Swagger is banned
|rule|Baton Pass Clause: Limit one PokÃ©mon knowing Baton Pass
|rule|Sleep Clause Mod: Limit one foe put to sleep
|rule|Species Clause: Limit one of each PokÃ©mon
|rule|OHKO Clause: OHKO moves are banned
|rule|Moody Clause: Moody is banned
|rule|Evasion Moves Clause: Evasion moves are banned
|rule|Endless Battle Clause: Forcing endless battles is banned
|rule|HP Percentage Mod: HP is shown in percentages
|teampreview
|
|start
|switch|p1a: Heatran|Heatran, F|386\/386
|switch|p2a: Medicham|Medicham, F|265\/265
|turn|1
|
|detailschange|p2a: Medicham|Medicham-Mega, F
|message|Medicham has Mega Evolved into Mega Medicham!
|move|p1a: Heatran|Protect|p1a: Heatran
|-singleturn|p1a: Heatran|Protect
|move|p2a: Medicham|Fake Out|p1a: Heatran
|-activate|p1a: Heatran|Protect
|
|turn|2
|
|move|p2a: Medicham|Zen Headbutt|p1a: Heatran
|-resisted|p1a: Heatran
|-damage|p1a: Heatran|258\/386
|move|p1a: Heatran|Stealth Rock|p2a: Medicham
|-sidestart|p2: Truhax|move: Stealth Rock
|
|-heal|p1a: Heatran|282\/386|[from] item: Leftovers
|turn|3
|c|âTruhax|no
|
|move|p2a: Medicham|High Jump Kick|p1a: Heatran
|-crit|p1a: Heatran
|-supereffective|p1a: Heatran
|-damage|p1a: Heatran|0 fnt
|faint|p1a: Heatran
|
|
|switch|p1a: Gengar|Gengar, M|261\/261
|turn|4
|
|switch|p2a: Chansey|Chansey, F|704\/704
|-damage|p2a: Chansey|616\/704|[from] Stealth Rock
|move|p1a: Gengar|Substitute|p1a: Gengar
|-start|p1a: Gengar|Substitute
|-damage|p1a: Gengar|196\/261
|
|-heal|p1a: Gengar|212\/261|[from] item: Black Sludge
|turn|5
|
|switch|p2a: Magnezone|Magnezone|282\/282
|-damage|p2a: Magnezone|265\/282|[from] Stealth Rock
|move|p1a: Gengar|Will-O-Wisp|p2a: Magnezone
|-status|p2a: Magnezone|brn
|
|-heal|p1a: Gengar|228\/261|[from] item: Black Sludge
|-damage|p2a: Magnezone|230\/282 brn|[from] brn
|turn|6
|
|move|p2a: Magnezone|Volt Switch|p1a: Gengar
|-end|p1a: Gengar|Substitute
|
|switch|p2a: Greninja|Greninja, F|285\/285
|-damage|p2a: Greninja|250\/285|[from] Stealth Rock
|move|p1a: Gengar|Substitute|p1a: Gengar
|-start|p1a: Gengar|Substitute
|-damage|p1a: Gengar|163\/261
|
|-heal|p1a: Gengar|179\/261|[from] item: Black Sludge
|turn|7
|leave|Truhax
|player|p2
|-message|truhax lost due to inactivity.
|
|win|NorecuerdomiNick.
|raw|Ladder updating...
|raw|NorecuerdomiNick.'s rating: 1474 &rarr; <strong>1491<\/strong><br \/>(+17 for winning)
|raw|Truhax's rating: 1409 &rarr; <strong>1393<\/strong><br \/>(-16 for losing)