|join|mistaken
|join|NorecuerdomiNick.
|player|p1|mistaken|264
|player|p2|NorecuerdomiNick.|209
|gametype|singles
|gen|6
|tier|OU
|rated
|clearpoke
|poke|p1|Milotic, M
|poke|p1|Heatran, M
|poke|p1|Charizard, M
|poke|p1|Tornadus-Therian, M
|poke|p1|Clefable, M
|poke|p1|Skarmory, M
|poke|p2|Gengar, M
|poke|p2|Conkeldurr, M
|poke|p2|Heatran, M
|poke|p2|Blastoise, M
|poke|p2|Talonflame, M
|poke|p2|Latios, M
|rule|Swagger Clause: Swagger is banned
|rule|Baton Pass Clause: Limit one PokÃ©mon knowing Baton Pass
|rule|Sleep Clause Mod: Limit one foe put to sleep
|rule|Species Clause: Limit one of each PokÃ©mon
|rule|OHKO Clause: OHKO moves are banned
|rule|Moody Clause: Moody is banned
|rule|Evasion Moves Clause: Evasion moves are banned
|rule|Endless Battle Clause: Forcing endless battles is banned
|rule|HP Percentage Mod: HP is shown in percentages
|teampreview
|
|start
|switch|p1a: Milotic|Milotic, M|394\/394
|switch|p2a: Gengar|Gengar, M|261\/261
|turn|1
|
|move|p2a: Gengar|Substitute|p2a: Gengar
|-start|p2a: Gengar|Substitute
|-damage|p2a: Gengar|196\/261
|move|p1a: Milotic|Mirror Coat|p2a: Gengar
|-fail|p2a: Gengar
|
|-heal|p2a: Gengar|212\/261|[from] item: Black Sludge
|turn|2
|
|move|p2a: Gengar|Will-O-Wisp|p1a: Milotic
|-status|p1a: Milotic|brn
|move|p1a: Milotic|Scald|p2a: Gengar
|-end|p2a: Gengar|Substitute
|
|-heal|p2a: Gengar|228\/261|[from] item: Black Sludge
|-damage|p1a: Milotic|345\/394 brn|[from] brn
|turn|3
|
|switch|p2a: Conkeldurr|Conkeldurr, M|401\/401
|move|p1a: Milotic|Scald|p2a: Conkeldurr
|-damage|p2a: Conkeldurr|319\/401
|
|-heal|p1a: Milotic|369\/394 brn|[from] item: Leftovers
|-damage|p1a: Milotic|320\/394 brn|[from] brn
|turn|4
|
|switch|p1a: Clefable|Clefable, M|394\/394
|move|p2a: Conkeldurr|Knock Off|p1a: Clefable
|-resisted|p1a: Clefable
|-damage|p1a: Clefable|335\/394
|-enditem|p1a: Clefable|Leftovers|[from] move: Knock Off|[of] p2a: Conkeldurr
|
|turn|5
|
|switch|p2a: Gengar|Gengar, M|228\/261
|move|p1a: Clefable|Wish|p1a: Clefable
|
|-heal|p2a: Gengar|244\/261|[from] item: Black Sludge
|turn|6
|
|switch|p1a: Tornadus-Therian|Tornadus-Therian, M|299\/299
|move|p2a: Gengar|Shadow Ball|p1a: Tornadus-Therian
|-damage|p1a: Tornadus-Therian|196\/299
|
|-heal|p1a: Tornadus-Therian|299\/299|[from] move: Wish|[wisher] Clefable
|-heal|p2a: Gengar|260\/261|[from] item: Black Sludge
|turn|7
|
|move|p1a: Tornadus-Therian|Knock Off|p2a: Gengar
|-crit|p2a: Gengar
|-supereffective|p2a: Gengar
|-damage|p2a: Gengar|0 fnt
|-enditem|p2a: Gengar|Black Sludge|[from] move: Knock Off|[of] p1a: Tornadus-Therian
|faint|p2a: Gengar
|
|
|switch|p2a: Blastoise|Blastoise, M|343\/343
|turn|8
|
|detailschange|p2a: Blastoise|Blastoise-Mega, M
|message|Blastoise has Mega Evolved into Mega Blastoise!
|move|p1a: Tornadus-Therian|Hurricane|p2a: Blastoise|[miss]
|-miss|p1a: Tornadus-Therian|p2a: Blastoise
|move|p2a: Blastoise|Dark Pulse|p1a: Tornadus-Therian
|-damage|p1a: Tornadus-Therian|174\/299
|
|turn|9
|
|move|p1a: Tornadus-Therian|U-turn|p2a: Blastoise
|-damage|p2a: Blastoise|297\/343
|
|switch|p1a: Milotic|Milotic, M|320\/394 brn
|move|p2a: Blastoise|Scald|p1a: Milotic
|-resisted|p1a: Milotic
|-damage|p1a: Milotic|264\/394 brn
|
|-heal|p1a: Milotic|288\/394 brn|[from] item: Leftovers
|-damage|p1a: Milotic|239\/394 brn|[from] brn
|turn|10
|
|switch|p2a: Talonflame|Talonflame, M|298\/298
|move|p1a: Milotic|Recover|p1a: Milotic
|-heal|p1a: Milotic|394\/394 brn
|
|-damage|p1a: Milotic|345\/394 brn|[from] brn
|turn|11
|
|switch|p1a: Heatran|Heatran, M|385\/385
|move|p2a: Talonflame|U-turn|p1a: Heatran
|-resisted|p1a: Heatran
|-damage|p1a: Heatran|362\/385
|
|switch|p2a: Blastoise|Blastoise-Mega, M|297\/343
|
|-heal|p1a: Heatran|385\/385|[from] item: Leftovers
|turn|12
|
|move|p2a: Blastoise|Aura Sphere|p1a: Heatran
|-supereffective|p1a: Heatran
|-damage|p1a: Heatran|155\/385
|move|p1a: Heatran|Stealth Rock|p2a: Blastoise
|-sidestart|p2: NorecuerdomiNick.|move: Stealth Rock
|
|-heal|p1a: Heatran|179\/385|[from] item: Leftovers
|turn|13
|
|move|p2a: Blastoise|Aura Sphere|p1a: Heatran
|-supereffective|p1a: Heatran
|-damage|p1a: Heatran|0 fnt
|faint|p1a: Heatran
|
|
|switch|p1a: Charizard|Charizard, M|359\/359
|turn|14
|
|detailschange|p1a: Charizard|Charizard-Mega-X, M
|message|Charizard has Mega Evolved into Mega Charizard!
|move|p1a: Charizard|Earthquake|p2a: Blastoise
|-damage|p2a: Blastoise|207\/343
|move|p2a: Blastoise|Scald|p1a: Charizard
|-damage|p1a: Charizard|224\/359
|
|turn|15
|
|move|p1a: Charizard|Dragon Claw|p2a: Blastoise
|-damage|p2a: Blastoise|62\/343
|move|p2a: Blastoise|Rapid Spin|p1a: Charizard
|-damage|p1a: Charizard|209\/359
|-sideend|p2: NorecuerdomiNick.|Stealth Rock|[from] move: Rapid Spin|[of] p2a: Blastoise
|
|turn|16
|
|move|p1a: Charizard|Dragon Claw|p2a: Blastoise
|-damage|p2a: Blastoise|0 fnt
|faint|p2a: Blastoise
|
|
|switch|p2a: Latios|Latios, M|301\/301
|turn|17
|
|switch|p1a: Clefable|Clefable, M|335\/394
|move|p2a: Latios|Psyshock|p1a: Clefable
|-damage|p1a: Clefable|186\/394
|-damage|p2a: Latios|271\/301|[from] item: Life Orb
|
|turn|18
|
|switch|p2a: Heatran|Heatran, M|386\/386
|move|p1a: Clefable|Wish|p1a: Clefable
|
|turn|19
|
|switch|p1a: Charizard|Charizard-Mega-X, M|209\/359
|move|p2a: Heatran|Toxic|p1a: Charizard
|-status|p1a: Charizard|tox
|
|-heal|p1a: Charizard|359\/359 tox|[from] move: Wish|[wisher] Clefable
|-damage|p1a: Charizard|337\/359 tox|[from] psn
|turn|20
|
|switch|p2a: Talonflame|Talonflame, M|298\/298
|move|p1a: Charizard|Dragon Claw|p2a: Talonflame
|-crit|p2a: Talonflame
|-damage|p2a: Talonflame|0 fnt
|faint|p2a: Talonflame
|
|-damage|p1a: Charizard|293\/359 tox|[from] psn
|
|switch|p2a: Latios|Latios, M|271\/301
|turn|21
|
|switch|p1a: Clefable|Clefable, M|186\/394
|move|p2a: Latios|Dragon Pulse|p1a: Clefable
|-immune|p1a: Clefable|[msg]
|
|turn|22
|
|switch|p1a: Milotic|Milotic, M|345\/394 brn
|move|p2a: Latios|Psyshock|p1a: Milotic
|-crit|p1a: Milotic
|-damage|p1a: Milotic|68\/394 brn
|-damage|p2a: Latios|241\/301|[from] item: Life Orb
|
|-heal|p1a: Milotic|92\/394 brn|[from] item: Leftovers
|-damage|p1a: Milotic|43\/394 brn|[from] brn
|turn|23
|
|move|p2a: Latios|Psyshock|p1a: Milotic
|-crit|p1a: Milotic
|-damage|p1a: Milotic|0 fnt
|-damage|p2a: Latios|211\/301|[from] item: Life Orb
|faint|p1a: Milotic
|
|
|switch|p1a: Tornadus-Therian|Tornadus-Therian, M|273\/299
|turn|24
|
|switch|p2a: Heatran|Heatran, M|386\/386
|move|p1a: Tornadus-Therian|Knock Off|p2a: Heatran
|-damage|p2a: Heatran|314\/386
|-enditem|p2a: Heatran|Leftovers|[from] move: Knock Off|[of] p1a: Tornadus-Therian
|
|turn|25
|
|move|p1a: Tornadus-Therian|U-turn|p2a: Heatran
|-resisted|p2a: Heatran
|-damage|p2a: Heatran|302\/386
|
|switch|p1a: Clefable|Clefable, M|186\/394
|move|p2a: Heatran|Stealth Rock|p1a: Clefable
|-sidestart|p1: mistaken|move: Stealth Rock
|
|turn|26
|
|move|p2a: Heatran|Lava Plume|p1a: Clefable
|-damage|p1a: Clefable|68\/394
|-status|p1a: Clefable|brn
|move|p1a: Clefable|Wish|p1a: Clefable
|
|-damage|p1a: Clefable|19\/394 brn|[from] brn
|turn|27
|
|switch|p1a: Charizard|Charizard-Mega-X, M|293\/359 tox
|-damage|p1a: Charizard|204\/359 tox|[from] Stealth Rock
|move|p2a: Heatran|Lava Plume|p1a: Charizard
|-resisted|p1a: Charizard
|-damage|p1a: Charizard|180\/359 tox
|
|-heal|p1a: Charizard|359\/359 tox|[from] move: Wish|[wisher] Clefable
|-damage|p1a: Charizard|337\/359 tox|[from] psn
|turn|28
|
|switch|p2a: Conkeldurr|Conkeldurr, M|319\/401
|move|p1a: Charizard|Earthquake|p2a: Conkeldurr
|-damage|p2a: Conkeldurr|222\/401
|
|-damage|p1a: Charizard|293\/359 tox|[from] psn
|turn|29
|
|switch|p1a: Clefable|Clefable, M|19\/394 brn
|-damage|p1a: Clefable|0 fnt|[from] Stealth Rock
|faint|p1a: Clefable
|move|p2a: Conkeldurr|Drain Punch|p1: Clefable|[notarget]
|-notarget
|
|
|switch|p1a: Tornadus-Therian|Tornadus-Therian, M|299\/299
|-damage|p1a: Tornadus-Therian|225\/299|[from] Stealth Rock
|turn|30
|
|move|p1a: Tornadus-Therian|Hurricane|p2a: Conkeldurr|[miss]
|-miss|p1a: Tornadus-Therian|p2a: Conkeldurr
|move|p2a: Conkeldurr|Ice Punch|p1a: Tornadus-Therian
|-supereffective|p1a: Tornadus-Therian
|-damage|p1a: Tornadus-Therian|0 fnt
|faint|p1a: Tornadus-Therian
|
|
|switch|p1a: Skarmory|Skarmory, M|334\/334
|-damage|p1a: Skarmory|293\/334|[from] Stealth Rock
|turn|31
|
|move|p1a: Skarmory|Defog|p2a: Conkeldurr
|-unboost|p2a: Conkeldurr|evasion|1
|-sideend|p1: mistaken|Stealth Rock|[from] move: Defog|[of] p1a: Skarmory
|move|p2a: Conkeldurr|Knock Off|p1a: Skarmory
|-crit|p1a: Skarmory
|-damage|p1a: Skarmory|162\/334
|-enditem|p1a: Skarmory|Shed Shell|[from] move: Knock Off|[of] p2a: Conkeldurr
|
|turn|32
|
|switch|p2a: Latios|Latios, M|211\/301
|move|p1a: Skarmory|Counter|p2a: Latios
|-fail|p2a: Latios
|
|turn|33
|
|move|p2a: Latios|Thunderbolt|p1a: Skarmory
|-supereffective|p1a: Skarmory
|-damage|p1a: Skarmory|0 fnt
|-damage|p2a: Latios|181\/301|[from] item: Life Orb
|faint|p1a: Skarmory
|
|
|switch|p1a: Charizard|Charizard-Mega-X, M|293\/359 tox
|turn|34
|
|move|p2a: Latios|Dragon Pulse|p1a: Charizard
|-supereffective|p1a: Charizard
|-damage|p1a: Charizard|0 fnt
|-damage|p2a: Latios|151\/301|[from] item: Life Orb
|faint|p1a: Charizard
|
|win|NorecuerdomiNick.
|raw|Ladder updating...
|leave|mistaken
|player|p1