|join|NorecuerdomiNick.
|join|Casus Luciferi
|player|p1|NorecuerdomiNick.|209
|player|p2|Casus Luciferi|65
|gametype|singles
|gen|6
|tier|OU
|rated
|clearpoke
|poke|p1|Azumarill, F
|poke|p1|Breloom, M
|poke|p1|Greninja, M
|poke|p1|Landorus, M
|poke|p1|Clefable, M
|poke|p1|Scizor, F
|poke|p2|Manectric, M
|poke|p2|Cobalion
|poke|p2|Landorus-Therian, M
|poke|p2|Latias, F
|poke|p2|Entei, shiny
|poke|p2|Greninja, M
|rule|Swagger Clause: Swagger is banned
|rule|Baton Pass Clause: Limit one PokÃ©mon knowing Baton Pass
|rule|Sleep Clause Mod: Limit one foe put to sleep
|rule|Species Clause: Limit one of each PokÃ©mon
|rule|OHKO Clause: OHKO moves are banned
|rule|Moody Clause: Moody is banned
|rule|Evasion Moves Clause: Evasion moves are banned
|rule|Endless Battle Clause: Forcing endless battles is banned
|rule|HP Percentage Mod: HP is shown in percentages
|teampreview
|
|start
|switch|p1a: Scizor|Scizor, F|331\/331
|switch|p2a: Loki|Cobalion|359\/359
|turn|1
|
|detailschange|p1a: Scizor|Scizor-Mega, F
|message|Scizor has Mega Evolved into Mega Scizor!
|move|p2a: Loki|Stealth Rock|p1a: Scizor
|-sidestart|p1: NorecuerdomiNick.|move: Stealth Rock
|move|p1a: Scizor|Knock Off|p2a: Loki
|-resisted|p2a: Loki
|-damage|p2a: Loki|316\/359
|-boost|p2a: Loki|atk|1|[from] ability: Justified
|-enditem|p2a: Loki|Leftovers|[from] move: Knock Off|[of] p1a: Scizor
|
|turn|2
|
|move|p2a: Loki|Close Combat|p1a: Scizor
|-damage|p1a: Scizor|199\/331
|-unboost|p2a: Loki|def|1
|-unboost|p2a: Loki|spd|1
|move|p1a: Scizor|Defog|p2a: Loki
|-unboost|p2a: Loki|evasion|1
|-sideend|p1: NorecuerdomiNick.|Stealth Rock|[from] move: Defog|[of] p1a: Scizor
|
|turn|3
|
|move|p2a: Loki|Volt Switch|p1a: Scizor
|-damage|p1a: Scizor|153\/331
|
|switch|p2a: Heimdall|Entei, shiny|371\/371
|-ability|p2a: Heimdall|Pressure
|move|p1a: Scizor|Roost|p1a: Scizor
|-heal|p1a: Scizor|319\/331
|
|turn|4
|
|switch|p1a: Landorus|Landorus, M|319\/319
|move|p2a: Heimdall|Sacred Fire|p1a: Landorus
|-damage|p1a: Landorus|13\/319
|-status|p1a: Landorus|brn
|
|-damage|p1a: Landorus|0 fnt|[from] brn
|faint|p1a: Landorus
|
|switch|p1a: Azumarill|Azumarill, F|341\/341
|turn|5
|
|switch|p2a: Loki|Cobalion|316\/359
|move|p1a: Azumarill|Belly Drum|p1a: Azumarill
|-damage|p1a: Azumarill|171\/341
|-setboost|p1a: Azumarill|atk|6|[from] move: Belly Drum
|
|turn|6
|
|move|p2a: Loki|Iron Head|p1a: Azumarill
|-damage|p1a: Azumarill|60\/341
|-enditem|p1a: Azumarill|Sitrus Berry|[eat]
|-heal|p1a: Azumarill|145\/341|[from] item: Sitrus Berry
|cant|p1a: Azumarill|flinch
|
|turn|7
|
|move|p2a: Loki|Volt Switch|p1a: Azumarill
|-supereffective|p1a: Azumarill
|-damage|p1a: Azumarill|29\/341
|
|switch|p2a: Frigga|Latias, F|341\/341
|move|p1a: Azumarill|Brick Break|p2a: Frigga
|-crit|p2a: Frigga
|-resisted|p2a: Frigga
|-damage|p2a: Frigga|0 fnt
|faint|p2a: Frigga
|
|c|âCasus Luciferi|... Wow
|
|switch|p2a: Heimdall|Entei, shiny|371\/371
|-ability|p2a: Heimdall|Pressure
|turn|8
|
|move|p2a: Heimdall|Extreme Speed|p1a: Azumarill
|-damage|p1a: Azumarill|0 fnt
|faint|p1a: Azumarill
|
|
|switch|p1a: Greninja|Greninja, M|285\/285
|turn|9
|
|switch|p2a: Loki|Cobalion|316\/359
|move|p1a: Greninja|Surf|p2a: Loki
|-start|p1a: Greninja|typechange|Water|[from] Protean
|-damage|p2a: Loki|92\/359
|-damage|p1a: Greninja|257\/285|[from] item: Life Orb
|
|turn|10
|
|move|p1a: Greninja|Surf|p2a: Loki
|-damage|p2a: Loki|0 fnt
|-damage|p1a: Greninja|229\/285|[from] item: Life Orb
|faint|p2a: Loki
|
|
|switch|p2a: Hogun|Greninja, M|285\/285
|turn|11
|
|switch|p1a: Clefable|Clefable, M|394\/394
|move|p2a: Hogun|Hydro Pump|p1a: Clefable|[miss]
|-start|p2a: Hogun|typechange|Water|[from] Protean
|-miss|p2a: Hogun|p1a: Clefable
|
|-status|p1a: Clefable|brn|[from] item: Flame Orb
|turn|12
|
|switch|p2a: Heimdall|Entei, shiny|371\/371
|-ability|p2a: Heimdall|Pressure
|move|p1a: Clefable|Cosmic Power|p1a: Clefable
|-boost|p1a: Clefable|def|1
|-boost|p1a: Clefable|spd|1
|
|turn|13
|
|move|p2a: Heimdall|Sacred Fire|p1a: Clefable
|-damage|p1a: Clefable|166\/394 brn
|move|p1a: Clefable|Cosmic Power|p1a: Clefable
|-boost|p1a: Clefable|def|1
|-boost|p1a: Clefable|spd|1
|
|turn|14
|
|move|p2a: Heimdall|Sacred Fire|p1a: Clefable
|-damage|p1a: Clefable|21\/394 brn
|move|p1a: Clefable|Soft-Boiled|p1a: Clefable
|-heal|p1a: Clefable|218\/394 brn
|
|turn|15
|
|move|p2a: Heimdall|Sacred Fire|p1a: Clefable
|-damage|p1a: Clefable|73\/394 brn
|move|p1a: Clefable|Soft-Boiled|p1a: Clefable
|-heal|p1a: Clefable|270\/394 brn
|
|turn|16
|
|move|p2a: Heimdall|Sacred Fire|p1a: Clefable
|-damage|p1a: Clefable|102\/394 brn
|move|p1a: Clefable|Soft-Boiled|p1a: Clefable
|-heal|p1a: Clefable|299\/394 brn
|
|turn|17
|
|move|p2a: Heimdall|Sacred Fire|p1a: Clefable
|-damage|p1a: Clefable|134\/394 brn
|move|p1a: Clefable|Soft-Boiled|p1a: Clefable
|-heal|p1a: Clefable|331\/394 brn
|
|turn|18
|
|move|p2a: Heimdall|Sacred Fire|p1a: Clefable
|-damage|p1a: Clefable|181\/394 brn
|move|p1a: Clefable|Soft-Boiled|p1a: Clefable
|-heal|p1a: Clefable|378\/394 brn
|
|turn|19
|
|switch|p2a: Thor|Manectric, M|281\/281
|move|p1a: Clefable|Cosmic Power|p1a: Clefable
|-boost|p1a: Clefable|def|1
|-boost|p1a: Clefable|spd|1
|
|turn|20
|
|detailschange|p2a: Thor|Manectric-Mega, M
|message|Manectric has Mega Evolved into Mega Manectric!
|-ability|p2a: Thor|Intimidate|[of] p1a: Clefable
|-unboost|p1a: Clefable|atk|1
|move|p2a: Thor|Thunderbolt|p1a: Clefable
|-damage|p1a: Clefable|321\/394 brn
|move|p1a: Clefable|Moonblast|p2a: Thor
|-damage|p2a: Thor|163\/281
|
|turn|21
|
|move|p2a: Thor|Volt Switch|p1a: Clefable
|-damage|p1a: Clefable|276\/394 brn
|
|switch|p2a: Heimdall|Entei, shiny|371\/371
|-ability|p2a: Heimdall|Pressure
|move|p1a: Clefable|Moonblast|p2a: Heimdall
|-resisted|p2a: Heimdall
|-damage|p2a: Heimdall|309\/371
|
|turn|22
|
|move|p2a: Heimdall|Stone Edge|p1a: Clefable
|-damage|p1a: Clefable|186\/394 brn
|move|p1a: Clefable|Soft-Boiled|p1a: Clefable
|-heal|p1a: Clefable|383\/394 brn
|
|turn|23
|
|move|p2a: Heimdall|Stone Edge|p1a: Clefable
|-damage|p1a: Clefable|301\/394 brn
|move|p1a: Clefable|Moonblast|p2a: Heimdall
|-resisted|p2a: Heimdall
|-damage|p2a: Heimdall|237\/371
|
|turn|24
|
|move|p2a: Heimdall|Stone Edge|p1a: Clefable
|-damage|p1a: Clefable|222\/394 brn
|move|p1a: Clefable|Moonblast|p2a: Heimdall
|-resisted|p2a: Heimdall
|-damage|p2a: Heimdall|172\/371
|-unboost|p2a: Heimdall|spa|1
|
|turn|25
|
|move|p2a: Heimdall|Stone Edge|p1a: Clefable
|-damage|p1a: Clefable|138\/394 brn
|move|p1a: Clefable|Soft-Boiled|p1a: Clefable
|-heal|p1a: Clefable|335\/394 brn
|
|turn|26
|
|move|p2a: Heimdall|Stone Edge|p1a: Clefable
|-damage|p1a: Clefable|256\/394 brn
|move|p1a: Clefable|Cosmic Power|p1a: Clefable
|-boost|p1a: Clefable|def|1
|-boost|p1a: Clefable|spd|1
|
|turn|27
|
|move|p2a: Heimdall|Stone Edge|p1a: Clefable
|-damage|p1a: Clefable|186\/394 brn
|move|p1a: Clefable|Soft-Boiled|p1a: Clefable
|-heal|p1a: Clefable|383\/394 brn
|
|turn|28
|
|move|p2a: Heimdall|Stone Edge|p1a: Clefable
|-damage|p1a: Clefable|317\/394 brn
|move|p1a: Clefable|Moonblast|p2a: Heimdall
|-resisted|p2a: Heimdall
|-damage|p2a: Heimdall|110\/371
|
|turn|29
|
|move|p2a: Heimdall|Stone Edge|p1a: Clefable|[miss]
|-miss|p2a: Heimdall|p1a: Clefable
|move|p1a: Clefable|Moonblast|p2a: Heimdall
|-resisted|p2a: Heimdall
|-damage|p2a: Heimdall|44\/371
|
|turn|30
|c|âCasus Luciferi|fucking crit already
|
|switch|p2a: Odin|Landorus-Therian, M|319\/319
|-ability|p2a: Odin|Intimidate|[of] p1a: Clefable
|-unboost|p1a: Clefable|atk|1
|move|p1a: Clefable|Moonblast|p2a: Odin
|-damage|p2a: Odin|196\/319
|
|turn|31
|
|move|p2a: Odin|Knock Off|p1a: Clefable
|-resisted|p1a: Clefable
|-damage|p1a: Clefable|294\/394 brn
|-enditem|p1a: Clefable|Flame Orb|[from] move: Knock Off|[of] p2a: Odin
|move|p1a: Clefable|Moonblast|p2a: Odin
|-damage|p2a: Odin|57\/319
|
|turn|32
|
|switch|p2a: Thor|Manectric-Mega, M|163\/281
|-ability|p2a: Thor|Intimidate|[of] p1a: Clefable
|-unboost|p1a: Clefable|atk|1
|move|p1a: Clefable|Flamethrower|p2a: Thor
|-damage|p2a: Thor|83\/281
|-status|p2a: Thor|brn
|
|-damage|p2a: Thor|48\/281 brn|[from] brn
|turn|33
|
|move|p2a: Thor|Thunderbolt|p1a: Clefable
|-damage|p1a: Clefable|242\/394 brn
|move|p1a: Clefable|Flamethrower|p2a: Thor
|-damage|p2a: Thor|0 fnt
|faint|p2a: Thor
|
|
|switch|p2a: Odin|Landorus-Therian, M|57\/319
|-ability|p2a: Odin|Intimidate|[of] p1a: Clefable
|-unboost|p1a: Clefable|atk|1
|turn|34
|
|move|p2a: Odin|Earthquake|p1a: Clefable
|-damage|p1a: Clefable|164\/394 brn
|move|p1a: Clefable|Soft-Boiled|p1a: Clefable
|-heal|p1a: Clefable|361\/394 brn
|
|turn|35
|
|move|p2a: Odin|Earthquake|p1a: Clefable
|-damage|p1a: Clefable|282\/394 brn
|move|p1a: Clefable|Moonblast|p2a: Odin
|-damage|p2a: Odin|0 fnt
|faint|p2a: Odin
|
|
|switch|p2a: Heimdall|Entei, shiny|44\/371
|-ability|p2a: Heimdall|Pressure
|turn|36
|
|move|p2a: Heimdall|Extreme Speed|p1a: Clefable
|-damage|p1a: Clefable|224\/394 brn
|move|p1a: Clefable|Moonblast|p2a: Heimdall
|-resisted|p2a: Heimdall
|-damage|p2a: Heimdall|0 fnt
|faint|p2a: Heimdall
|
|
|switch|p2a: Hogun|Greninja, M|285\/285
|turn|37
|
|move|p2a: Hogun|Hydro Pump|p1a: Clefable
|-start|p2a: Hogun|typechange|Water|[from] Protean
|-damage|p1a: Clefable|160\/394 brn
|-damage|p2a: Hogun|257\/285|[from] item: Life Orb
|move|p1a: Clefable|Moonblast|p2a: Hogun
|-damage|p2a: Hogun|122\/285
|
|turn|38
|
|move|p2a: Hogun|Hydro Pump|p1a: Clefable
|-damage|p1a: Clefable|96\/394 brn
|-damage|p2a: Hogun|94\/285|[from] item: Life Orb
|move|p1a: Clefable|Moonblast|p2a: Hogun
|-damage|p2a: Hogun|0 fnt
|faint|p2a: Hogun
|
|win|NorecuerdomiNick.
|raw|Ladder updating...
|raw|NorecuerdomiNick.'s rating: 1305 &rarr; <strong>1323<\/strong><br \/>(+18 for winning)
|raw|Casus Luciferi's rating: 1267 &rarr; <strong>1245<\/strong><br \/>(-22 for losing)
|leave|Casus Luciferi
|player|p2