|join|NorecuerdomiNick.
|join|theElderTrolls
|player|p1|NorecuerdomiNick.|209
|player|p2|theElderTrolls|226
|gametype|singles
|gen|6
|tier|OU
|rated
|clearpoke
|poke|p1|Gengar, F
|poke|p1|Conkeldurr, M
|poke|p1|Ferrothorn, F
|poke|p1|Blastoise, F
|poke|p1|Talonflame, F
|poke|p1|Latios, M
|poke|p2|Metagross
|poke|p2|Magnezone
|poke|p2|Golbat, M
|poke|p2|Gliscor, F
|poke|p2|Tornadus, M
|poke|p2|Volcarona, M
|rule|Swagger Clause: Swagger is banned
|rule|Baton Pass Clause: Limit one PokÃ©mon knowing Baton Pass
|rule|Sleep Clause Mod: Limit one foe put to sleep
|rule|Species Clause: Limit one of each PokÃ©mon
|rule|OHKO Clause: OHKO moves are banned
|rule|Moody Clause: Moody is banned
|rule|Evasion Moves Clause: Evasion moves are banned
|rule|Endless Battle Clause: Forcing endless battles is banned
|rule|HP Percentage Mod: HP is shown in percentages
|teampreview
|
|start
|switch|p1a: Talonflame|Talonflame, F|298\/298
|switch|p2a: Tornadus|Tornadus, M|299\/299
|turn|1
|
|switch|p2a: Magnezone|Magnezone|282\/282
|move|p1a: Talonflame|Flare Blitz|p2a: Magnezone
|-supereffective|p2a: Magnezone
|-damage|p2a: Magnezone|0 fnt
|-damage|p1a: Talonflame|205\/298|[from] recoil|[of] p2a: Magnezone
|faint|p2a: Magnezone
|
|
|switch|p2a: Gliscor|Gliscor, F|354\/354
|turn|2
|
|switch|p1a: Ferrothorn|Ferrothorn, F|352\/352
|switch|p2a: Tornadus|Tornadus, M|299\/299
|
|turn|3
|
|move|p2a: Tornadus|Heat Wave|p1a: Ferrothorn
|-supereffective|p1a: Ferrothorn
|-damage|p1a: Ferrothorn|0 fnt
|-damage|p2a: Tornadus|270\/299|[from] item: Life Orb
|faint|p1a: Ferrothorn
|
|
|switch|p1a: Blastoise|Blastoise, F|343\/343
|turn|4
|
|switch|p2a: Golbat|Golbat, M|354\/354
|detailschange|p1a: Blastoise|Blastoise-Mega, F
|message|Blastoise has Mega Evolved into Mega Blastoise!
|move|p1a: Blastoise|Scald|p2a: Golbat
|-damage|p2a: Golbat|269\/354
|
|turn|5
|
|switch|p1a: Gengar|Gengar, F|261\/261
|move|p2a: Golbat|Super Fang|p1a: Gengar
|-immune|p1a: Gengar|[msg]
|
|turn|6
|
|move|p1a: Gengar|Will-O-Wisp|p2a: Golbat
|-status|p2a: Golbat|brn
|move|p2a: Golbat|Brave Bird|p1a: Gengar
|-damage|p1a: Gengar|170\/261
|-damage|p2a: Golbat|239\/354 brn|[from] recoil|[of] p1a: Gengar
|
|-heal|p1a: Gengar|186\/261|[from] item: Black Sludge
|-damage|p2a: Golbat|195\/354 brn|[from] brn
|turn|7
|
|move|p1a: Gengar|Shadow Ball|p2a: Golbat
|-damage|p2a: Golbat|110\/354 brn
|-unboost|p2a: Golbat|spd|1
|move|p2a: Golbat|Brave Bird|p1a: Gengar
|-damage|p1a: Gengar|89\/261
|-damage|p2a: Golbat|78\/354 brn|[from] recoil|[of] p1a: Gengar
|
|-heal|p1a: Gengar|105\/261|[from] item: Black Sludge
|-damage|p2a: Golbat|34\/354 brn|[from] brn
|turn|8
|
|move|p1a: Gengar|Shadow Ball|p2a: Golbat
|-damage|p2a: Golbat|0 fnt
|faint|p2a: Golbat
|
|-heal|p1a: Gengar|121\/261|[from] item: Black Sludge
|
|switch|p2a: Tornadus|Tornadus, M|270\/299
|turn|9
|
|move|p2a: Tornadus|Knock Off|p1a: Gengar
|-supereffective|p1a: Gengar
|-damage|p1a: Gengar|0 fnt
|-enditem|p1a: Gengar|Black Sludge|[from] move: Knock Off|[of] p2a: Tornadus
|-damage|p2a: Tornadus|241\/299|[from] item: Life Orb
|faint|p1a: Gengar
|
|
|switch|p1a: Blastoise|Blastoise-Mega, F|343\/343
|turn|10
|
|switch|p2a: Volcarona|Volcarona, M|312\/312
|move|p1a: Blastoise|Scald|p2a: Volcarona
|-supereffective|p2a: Volcarona
|-damage|p2a: Volcarona|0 fnt
|faint|p2a: Volcarona
|
|
|switch|p2a: Metagross|Metagross|301\/301
|turn|11
|
|detailschange|p2a: Metagross|Metagross-Mega
|message|Metagross has Mega Evolved into Mega Metagross!
|move|p2a: Metagross|Zen Headbutt|p1a: Blastoise
|-damage|p1a: Blastoise|183\/343
|move|p1a: Blastoise|Dark Pulse|p2a: Metagross
|-supereffective|p2a: Metagross
|-damage|p2a: Metagross|0 fnt
|faint|p2a: Metagross
|
|
|switch|p2a: Tornadus|Tornadus, M|241\/299
|turn|12
|
|move|p2a: Tornadus|Hurricane|p1a: Blastoise
|-damage|p1a: Blastoise|0 fnt
|-damage|p2a: Tornadus|212\/299|[from] item: Life Orb
|faint|p1a: Blastoise
|
|
|switch|p1a: Talonflame|Talonflame, F|205\/298
|turn|13
|
|switch|p2a: Gliscor|Gliscor, F|354\/354
|move|p1a: Talonflame|U-turn|p2a: Gliscor
|-resisted|p2a: Gliscor
|-damage|p2a: Gliscor|320\/354
|
|switch|p1a: Conkeldurr|Conkeldurr, M|401\/401
|
|-status|p2a: Gliscor|tox|[from] item: Toxic Orb
|turn|14
|
|move|p2a: Gliscor|Toxic|p1a: Conkeldurr
|-status|p1a: Conkeldurr|tox
|move|p1a: Conkeldurr|Ice Punch|p2a: Gliscor
|-supereffective|p2a: Gliscor
|-damage|p2a: Gliscor|0 fnt
|faint|p2a: Gliscor
|
|-damage|p1a: Conkeldurr|376\/401 tox|[from] psn
|
|switch|p2a: Tornadus|Tornadus, M|212\/299
|turn|15
|
|move|p2a: Tornadus|Hurricane|p1a: Conkeldurr
|-supereffective|p1a: Conkeldurr
|-damage|p1a: Conkeldurr|0 fnt
|-damage|p2a: Tornadus|183\/299|[from] item: Life Orb
|faint|p1a: Conkeldurr
|
|
|switch|p1a: Talonflame|Talonflame, F|205\/298
|turn|16
|
|move|p1a: Talonflame|Brave Bird|p2a: Tornadus
|-crit|p2a: Tornadus
|-damage|p2a: Tornadus|0 fnt
|-damage|p1a: Talonflame|145\/298|[from] recoil|[of] p2a: Tornadus
|faint|p2a: Tornadus
|
|win|NorecuerdomiNick.
|raw|Ladder updating...
|leave|theElderTrolls
|player|p2