|join|authentik
|join|NorecuerdomiNick.
|player|p1|authentik|251
|player|p2|NorecuerdomiNick.|209
|gametype|singles
|gen|6
|tier|OU
|rated
|clearpoke
|poke|p1|Politoed, M
|poke|p1|Swampert, F
|poke|p1|Kabutops, M
|poke|p1|Ludicolo, F
|poke|p1|Ferrothorn, F
|poke|p1|Thundurus, M
|poke|p2|Dragonite, M
|poke|p2|Blissey, F
|poke|p2|Skarmory, M
|poke|p2|Manectric, M
|poke|p2|Conkeldurr, M
|poke|p2|Clefable, M
|rule|Swagger Clause: Swagger is banned
|rule|Baton Pass Clause: Limit one PokÃ©mon knowing Baton Pass
|rule|Sleep Clause Mod: Limit one foe put to sleep
|rule|Species Clause: Limit one of each PokÃ©mon
|rule|OHKO Clause: OHKO moves are banned
|rule|Moody Clause: Moody is banned
|rule|Evasion Moves Clause: Evasion moves are banned
|rule|Endless Battle Clause: Forcing endless battles is banned
|rule|HP Percentage Mod: HP is shown in percentages
|teampreview
|
|start
|switch|p1a: Politoed|Politoed, M|384\/384
|switch|p2a: Blissey|Blissey, F|714\/714
|-weather|RainDance
|turn|1
|
|move|p1a: Politoed|Encore|p2a: Blissey
|-fail|p2a: Blissey
|move|p2a: Blissey|Thunder Wave|p1a: Politoed
|-status|p1a: Politoed|par
|
|-weather|RainDance|[upkeep]
|turn|2
|
|move|p2a: Blissey|Stealth Rock|p1a: Politoed
|-sidestart|p1: authentik|move: Stealth Rock
|move|p1a: Politoed|Scald|p2a: Blissey
|-damage|p2a: Blissey|605\/714
|
|-weather|RainDance|[upkeep]
|-heal|p2a: Blissey|649\/714|[from] item: Leftovers
|turn|3
|
|move|p2a: Blissey|Seismic Toss|p1a: Politoed
|-damage|p1a: Politoed|284\/384 par
|move|p1a: Politoed|Encore|p2a: Blissey
|-start|p2a: Blissey|Encore
|
|-weather|RainDance|[upkeep]
|-heal|p2a: Blissey|693\/714|[from] item: Leftovers
|turn|4
|
|move|p2a: Blissey|Seismic Toss|p1a: Politoed
|-damage|p1a: Politoed|184\/384 par
|cant|p1a: Politoed|par
|
|-weather|RainDance|[upkeep]
|-heal|p2a: Blissey|714\/714|[from] item: Leftovers
|turn|5
|
|move|p2a: Blissey|Seismic Toss|p1a: Politoed
|-damage|p1a: Politoed|84\/384 par
|move|p1a: Politoed|Rest|p1a: Politoed
|-status|p1a: Politoed|slp
|-heal|p1a: Politoed|384\/384 slp|[silent]
|-status|p1a: Politoed|slp|[from] move: Rest
|
|-weather|RainDance|[upkeep]
|turn|6
|
|switch|p2a: Clefable|Clefable, M|356\/356
|cant|p1a: Politoed|slp
|
|-weather|RainDance|[upkeep]
|turn|7
|
|cant|p1a: Politoed|slp
|move|p2a: Clefable|Calm Mind|p2a: Clefable
|-boost|p2a: Clefable|spa|1
|-boost|p2a: Clefable|spd|1
|
|-weather|RainDance|[upkeep]
|turn|8
|
|-curestatus|p1a: Politoed|slp
|move|p1a: Politoed|Encore|p2a: Clefable
|-start|p2a: Clefable|Encore
|move|p2a: Clefable|Calm Mind|p2a: Clefable
|-boost|p2a: Clefable|spa|1
|-boost|p2a: Clefable|spd|1
|
|-weather|none
|turn|9
|
|switch|p1a: Swampert|Swampert, F|374\/374
|-damage|p1a: Swampert|351\/374|[from] Stealth Rock
|switch|p2a: Conkeldurr|Conkeldurr, M|401\/401
|
|turn|10
|
|detailschange|p1a: Swampert|Swampert-Mega, F
|message|Swampert has Mega Evolved into Mega Swampert!
|move|p1a: Swampert|Earthquake|p2a: Conkeldurr
|-damage|p2a: Conkeldurr|190\/401
|move|p2a: Conkeldurr|Drain Punch|p1a: Swampert
|-damage|p1a: Swampert|200\/374
|-heal|p2a: Conkeldurr|266\/401|[from] drain|[of] p1a: Swampert
|
|turn|11
|
|move|p1a: Swampert|Earthquake|p2a: Conkeldurr
|-damage|p2a: Conkeldurr|55\/401
|move|p2a: Conkeldurr|Drain Punch|p1a: Swampert
|-damage|p1a: Swampert|61\/374
|-heal|p2a: Conkeldurr|125\/401|[from] drain|[of] p1a: Swampert
|
|turn|12
|
|move|p2a: Conkeldurr|Mach Punch|p1a: Swampert
|-crit|p1a: Swampert
|-damage|p1a: Swampert|0 fnt
|faint|p1a: Swampert
|
|
|switch|p1a: Politoed|Politoed, M|384\/384
|-damage|p1a: Politoed|336\/384|[from] Stealth Rock
|-weather|RainDance
|turn|13
|leave|authentik
|player|p1
|-message|authentik lost due to inactivity.
|
|win|NorecuerdomiNick.
|raw|Ladder updating...
|raw|authentik's rating: 1430 &rarr; <strong>1413<\/strong><br \/>(-17 for losing)
|raw|NorecuerdomiNick.'s rating: 1485 &rarr; <strong>1502<\/strong><br \/>(+17 for winning)