|join|epicNecro
|join|NorecuerdomiNick.
|player|p1|epicNecro|70
|player|p2|NorecuerdomiNick.|209
|gametype|singles
|gen|6
|tier|OU
|rated
|clearpoke
|poke|p1|Metagross
|poke|p1|Landorus, M
|poke|p1|Greninja, F
|poke|p1|Latias, F
|poke|p1|Ferrothorn, M
|poke|p1|Rotom-Wash
|poke|p2|Azumarill, F
|poke|p2|Breloom, M
|poke|p2|Greninja, F
|poke|p2|Landorus, M
|poke|p2|Clefable, F
|poke|p2|Scizor, F
|rule|Swagger Clause: Swagger is banned
|rule|Baton Pass Clause: Limit one PokÃ©mon knowing Baton Pass
|rule|Sleep Clause Mod: Limit one foe put to sleep
|rule|Species Clause: Limit one of each PokÃ©mon
|rule|OHKO Clause: OHKO moves are banned
|rule|Moody Clause: Moody is banned
|rule|Evasion Moves Clause: Evasion moves are banned
|rule|Endless Battle Clause: Forcing endless battles is banned
|rule|HP Percentage Mod: HP is shown in percentages
|teampreview
|
|start
|switch|p1a: Rotom-Wash|Rotom-Wash|304\/304
|switch|p2a: Landorus|Landorus, M|319\/319
|turn|1
|
|move|p2a: Landorus|Stealth Rock|p1a: Rotom-Wash
|-sidestart|p1: epicNecro|move: Stealth Rock
|move|p1a: Rotom-Wash|Hydro Pump|p2a: Landorus|[miss]
|-miss|p1a: Rotom-Wash|p2a: Landorus
|
|turn|2
|
|switch|p2a: Breloom|Breloom, M|262\/262
|move|p1a: Rotom-Wash|Hydro Pump|p2a: Breloom
|-resisted|p2a: Breloom
|-damage|p2a: Breloom|154\/262
|
|-status|p2a: Breloom|tox|[from] item: Toxic Orb
|turn|3
|
|move|p1a: Rotom-Wash|Volt Switch|p2a: Breloom
|-resisted|p2a: Breloom
|-damage|p2a: Breloom|94\/262 tox
|
|switch|p1a: Landorus|Landorus, M|319\/319
|-damage|p1a: Landorus|280\/319|[from] Stealth Rock
|move|p2a: Breloom|Substitute|p2a: Breloom
|-start|p2a: Breloom|Substitute
|-damage|p2a: Breloom|29\/262 tox
|
|-heal|p2a: Breloom|61\/262 tox|[from] ability: Poison Heal
|turn|4
|
|move|p1a: Landorus|Sludge Wave|p2a: Breloom
|-crit|p2a: Breloom
|-supereffective|p2a: Breloom
|-end|p2a: Breloom|Substitute
|move|p2a: Breloom|Spore|p1a: Landorus
|-status|p1a: Landorus|slp
|
|-heal|p2a: Breloom|93\/262 tox|[from] ability: Poison Heal
|turn|5
|
|switch|p1a: Metagross|Metagross|301\/301
|-damage|p1a: Metagross|283\/301|[from] Stealth Rock
|move|p2a: Breloom|Substitute|p2a: Breloom
|-start|p2a: Breloom|Substitute
|-damage|p2a: Breloom|28\/262 tox
|
|-heal|p2a: Breloom|60\/262 tox|[from] ability: Poison Heal
|turn|6
|
|-singleturn|p2a: Breloom|move: Focus Punch
|detailschange|p1a: Metagross|Metagross-Mega
|message|Metagross has Mega Evolved into Mega Metagross!
|move|p1a: Metagross|Bullet Punch|p2a: Breloom
|-crit|p2a: Breloom
|-end|p2a: Breloom|Substitute
|move|p2a: Breloom|Focus Punch|p1a: Metagross
|-damage|p1a: Metagross|69\/301
|
|-heal|p2a: Breloom|92\/262 tox|[from] ability: Poison Heal
|turn|7
|
|move|p1a: Metagross|Zen Headbutt|p2a: Breloom
|-supereffective|p2a: Breloom
|-damage|p2a: Breloom|0 fnt
|faint|p2a: Breloom
|
|
|switch|p2a: Scizor|Scizor, F|331\/331
|turn|8
|
|switch|p1a: Rotom-Wash|Rotom-Wash|304\/304
|-damage|p1a: Rotom-Wash|266\/304|[from] Stealth Rock
|detailschange|p2a: Scizor|Scizor-Mega, F
|message|Scizor has Mega Evolved into Mega Scizor!
|move|p2a: Scizor|Knock Off|p1a: Rotom-Wash
|-damage|p1a: Rotom-Wash|169\/304
|-enditem|p1a: Rotom-Wash|Leftovers|[from] move: Knock Off|[of] p2a: Scizor
|
|turn|9
|
|switch|p2a: Clefable|Clefable, F|394\/394
|move|p1a: Rotom-Wash|Will-O-Wisp|p2a: Clefable
|-status|p2a: Clefable|brn
|
|turn|10
|
|move|p1a: Rotom-Wash|Volt Switch|p2a: Clefable
|-damage|p2a: Clefable|321\/394 brn
|
|switch|p1a: Latias|Latias, F|301\/301
|-damage|p1a: Latias|264\/301|[from] Stealth Rock
|move|p2a: Clefable|Moonblast|p1a: Latias
|-supereffective|p1a: Latias
|-damage|p1a: Latias|100\/301
|
|turn|11
|
|move|p1a: Latias|Healing Wish|p1a: Latias
|faint|p1a: Latias
|move|p2a: Clefable|Cosmic Power|p2a: Clefable
|-boost|p2a: Clefable|def|1
|-boost|p2a: Clefable|spd|1
|
|
|switch|p1a: Metagross|Metagross-Mega|69\/301
|-heal|p1a: Metagross|301\/301|[from] move: Healing Wish
|-damage|p1a: Metagross|283\/301|[from] Stealth Rock
|turn|12
|
|switch|p2a: Scizor|Scizor-Mega, F|331\/331
|move|p1a: Metagross|Meteor Mash|p2a: Scizor
|-resisted|p2a: Scizor
|-damage|p2a: Scizor|259\/331
|
|turn|13
|
|switch|p1a: Rotom-Wash|Rotom-Wash|169\/304
|-damage|p1a: Rotom-Wash|131\/304|[from] Stealth Rock
|move|p2a: Scizor|Knock Off|p1a: Rotom-Wash
|-damage|p1a: Rotom-Wash|62\/304
|
|turn|14
|
|switch|p2a: Clefable|Clefable, F|321\/394 brn
|move|p1a: Rotom-Wash|Pain Split|p2a: Clefable
|-sethp|p2a: Clefable|191\/394 brn|p1a: Rotom-Wash|191\/304|[from] move: Pain Split
|
|turn|15
|
|move|p1a: Rotom-Wash|Volt Switch|p2a: Clefable
|-damage|p2a: Clefable|124\/394 brn
|
|switch|p1a: Greninja|Greninja, F|285\/285
|-damage|p1a: Greninja|250\/285|[from] Stealth Rock
|move|p2a: Clefable|Flamethrower|p1a: Greninja
|-resisted|p1a: Greninja
|-damage|p1a: Greninja|196\/285
|-status|p1a: Greninja|brn
|
|-damage|p1a: Greninja|161\/285 brn|[from] brn
|turn|16
|
|move|p1a: Greninja|Ice Beam|p2a: Clefable
|-start|p1a: Greninja|typechange|Ice|[from] Protean
|-damage|p2a: Clefable|0 fnt
|-damage|p1a: Greninja|133\/285 brn|[from] item: Life Orb
|faint|p2a: Clefable
|
|-damage|p1a: Greninja|98\/285 brn|[from] brn
|
|switch|p2a: Azumarill|Azumarill, F|341\/341
|turn|17
|
|switch|p1a: Ferrothorn|Ferrothorn, M|352\/352
|-damage|p1a: Ferrothorn|330\/352|[from] Stealth Rock
|move|p2a: Azumarill|Aqua Jet|p1a: Ferrothorn
|-resisted|p1a: Ferrothorn
|-damage|p1a: Ferrothorn|303\/352
|-damage|p2a: Azumarill|299\/341|[from] ability: Iron Barbs|[of] p1a: Ferrothorn
|
|-heal|p1a: Ferrothorn|325\/352|[from] item: Leftovers
|turn|18
|
|switch|p2a: Scizor|Scizor-Mega, F|259\/331
|move|p1a: Ferrothorn|Stealth Rock|p2a: Scizor
|-sidestart|p2: NorecuerdomiNick.|move: Stealth Rock
|
|-heal|p1a: Ferrothorn|347\/352|[from] item: Leftovers
|turn|19
|
|switch|p1a: Rotom-Wash|Rotom-Wash|191\/304
|-damage|p1a: Rotom-Wash|153\/304|[from] Stealth Rock
|move|p2a: Scizor|Knock Off|p1a: Rotom-Wash
|-damage|p1a: Rotom-Wash|87\/304
|
|turn|20
|
|move|p1a: Rotom-Wash|Will-O-Wisp|p2a: Scizor
|-status|p2a: Scizor|brn
|move|p2a: Scizor|Defog|p1a: Rotom-Wash
|-unboost|p1a: Rotom-Wash|evasion|1
|-sideend|p1: epicNecro|Stealth Rock|[from] move: Defog|[of] p1a: Rotom-Wash
|-sideend|p2: NorecuerdomiNick.|Stealth Rock|[from] move: Defog|[of] p2a: Scizor
|
|-damage|p2a: Scizor|218\/331 brn|[from] brn
|turn|21
|
|move|p1a: Rotom-Wash|Pain Split|p2a: Scizor
|-sethp|p2a: Scizor|152\/331 brn|p1a: Rotom-Wash|152\/304|[from] move: Pain Split
|move|p2a: Scizor|Knock Off|p1a: Rotom-Wash
|-damage|p1a: Rotom-Wash|119\/304
|
|-damage|p2a: Scizor|111\/331 brn|[from] brn
|turn|22
|
|move|p1a: Rotom-Wash|Hydro Pump|p2a: Scizor
|-damage|p2a: Scizor|0 fnt
|faint|p2a: Scizor
|
|
|switch|p2a: Landorus|Landorus, M|319\/319
|turn|23
|
|move|p2a: Landorus|Sludge Wave|p1a: Rotom-Wash
|-damage|p1a: Rotom-Wash|0 fnt
|faint|p1a: Rotom-Wash
|
|
|switch|p1a: Greninja|Greninja, F|98\/285 brn
|turn|24
|
|switch|p2a: Azumarill|Azumarill, F|299\/341
|move|p1a: Greninja|Ice Beam|p2a: Azumarill
|-start|p1a: Greninja|typechange|Ice|[from] Protean
|-resisted|p2a: Azumarill
|-damage|p2a: Azumarill|192\/341
|-damage|p1a: Greninja|70\/285 brn|[from] item: Life Orb
|
|-damage|p1a: Greninja|35\/285 brn|[from] brn
|turn|25
|
|switch|p1a: Ferrothorn|Ferrothorn, M|347\/352
|move|p2a: Azumarill|Belly Drum|p2a: Azumarill
|-damage|p2a: Azumarill|22\/341
|-setboost|p2a: Azumarill|atk|6|[from] move: Belly Drum
|-enditem|p2a: Azumarill|Sitrus Berry|[eat]
|-heal|p2a: Azumarill|107\/341|[from] item: Sitrus Berry
|
|-heal|p1a: Ferrothorn|352\/352|[from] item: Leftovers
|turn|26
|
|move|p2a: Azumarill|Brick Break|p1a: Ferrothorn
|-supereffective|p1a: Ferrothorn
|-damage|p1a: Ferrothorn|0 fnt
|-damage|p2a: Azumarill|65\/341|[from] ability: Iron Barbs|[of] p1a: Ferrothorn
|faint|p1a: Ferrothorn
|
|
|switch|p1a: Metagross|Metagross-Mega|283\/301
|turn|27
|
|move|p1a: Metagross|Bullet Punch|p2a: Azumarill
|-damage|p2a: Azumarill|0 fnt
|faint|p2a: Azumarill
|
|
|switch|p2a: Landorus|Landorus, M|319\/319
|turn|28
|
|move|p1a: Metagross|Zen Headbutt|p2a: Landorus
|-damage|p2a: Landorus|115\/319
|move|p2a: Landorus|Earth Power|p1a: Metagross
|-supereffective|p1a: Metagross
|-damage|p1a: Metagross|0 fnt
|faint|p1a: Metagross
|
|
|switch|p1a: Greninja|Greninja, F|35\/285 brn
|turn|29
|
|switch|p1a: Landorus|Landorus, M|280\/319 slp
|move|p2a: Landorus|Stealth Rock|p1a: Landorus
|-sidestart|p1: epicNecro|move: Stealth Rock
|
|turn|30
|
|cant|p1a: Landorus|slp
|move|p2a: Landorus|Hidden Power|p1a: Landorus
|-damage|p1a: Landorus|171\/319 slp
|-damage|p2a: Landorus|84\/319|[from] item: Life Orb
|
|turn|31
|
|cant|p1a: Landorus|slp
|move|p2a: Landorus|Hidden Power|p1a: Landorus
|-damage|p1a: Landorus|68\/319 slp
|-damage|p2a: Landorus|53\/319|[from] item: Life Orb
|
|turn|32
|
|cant|p1a: Landorus|slp
|move|p2a: Landorus|Hidden Power|p1a: Landorus
|-damage|p1a: Landorus|0 fnt
|-damage|p2a: Landorus|22\/319|[from] item: Life Orb
|faint|p1a: Landorus
|
|
|switch|p1a: Greninja|Greninja, F|35\/285 brn
|-damage|p1a: Greninja|0 fnt|[from] Stealth Rock
|faint|p1a: Greninja
|
|win|NorecuerdomiNick.
|raw|Ladder updating...
|leave|epicNecro
|player|p1
|raw|epicNecro's rating: 1371 &rarr; <strong>1349<\/strong><br \/>(-22 for losing)
|raw|NorecuerdomiNick.'s rating: 1340 &rarr; <strong>1362<\/strong><br \/>(+22 for winning)