|join|Amphibi
|join|NorecuerdomiNick.
|player|p1|Amphibi|25
|player|p2|NorecuerdomiNick.|209
|gametype|singles
|gen|6
|tier|OU
|rated
|clearpoke
|poke|p1|Greninja, M, shiny
|poke|p1|Sceptile, M
|poke|p1|Thundurus, M
|poke|p1|Slurpuff, F
|poke|p1|Excadrill, M
|poke|p1|Volcarona, M
|poke|p2|Gengar, F
|poke|p2|Conkeldurr, M
|poke|p2|Heatran, F
|poke|p2|Blastoise, M
|poke|p2|Talonflame, M
|poke|p2|Latios, M
|rule|Swagger Clause: Swagger is banned
|rule|Baton Pass Clause: Limit one PokÃ©mon knowing Baton Pass
|rule|Sleep Clause Mod: Limit one foe put to sleep
|rule|Species Clause: Limit one of each PokÃ©mon
|rule|OHKO Clause: OHKO moves are banned
|rule|Moody Clause: Moody is banned
|rule|Evasion Moves Clause: Evasion moves are banned
|rule|Endless Battle Clause: Forcing endless battles is banned
|rule|HP Percentage Mod: HP is shown in percentages
|teampreview
|
|start
|switch|p1a: Lakitu|Thundurus, M|299\/299
|switch|p2a: Gengar|Gengar, F|261\/261
|turn|1
|
|switch|p2a: Heatran|Heatran, F|386\/386
|move|p1a: Lakitu|Taunt|p2a: Heatran
|-start|p2a: Heatran|move: Taunt
|
|turn|2
|
|move|p1a: Lakitu|Thunder Wave|p2a: Heatran
|-status|p2a: Heatran|par
|move|p2a: Heatran|Lava Plume|p1a: Lakitu
|-damage|p1a: Lakitu|151\/299
|-status|p1a: Lakitu|brn
|
|-damage|p1a: Lakitu|114\/299 brn|[from] brn
|turn|3
|
|switch|p1a: BlackâStar|Greninja, M, shiny|285\/285
|move|p2a: Heatran|Lava Plume|p1a: BlackâStar
|-resisted|p1a: BlackâStar
|-damage|p1a: BlackâStar|207\/285
|
|turn|4
|
|move|p1a: BlackâStar|Low Kick|p2a: Heatran
|-start|p1a: BlackâStar|typechange|Fighting|[from] Protean
|-supereffective|p2a: Heatran
|-damage|p2a: Heatran|64\/386 par
|-damage|p1a: BlackâStar|179\/285|[from] item: Life Orb
|move|p2a: Heatran|Lava Plume|p1a: BlackâStar
|-damage|p1a: BlackâStar|35\/285
|-status|p1a: BlackâStar|brn
|
|-heal|p2a: Heatran|88\/386 par|[from] item: Leftovers
|-damage|p1a: BlackâStar|0 fnt|[from] brn
|-end|p2a: Heatran|move: Taunt
|faint|p1a: BlackâStar
|
|switch|p1a: Mole'd|Excadrill, M|424\/424
|-ability|p1a: Mole'd|Mold Breaker
|-item|p1a: Mole'd|Air Balloon
|turn|5
|
|move|p1a: Mole'd|Stealth Rock|p2a: Heatran
|-sidestart|p2: NorecuerdomiNick.|move: Stealth Rock
|move|p2a: Heatran|Lava Plume|p1a: Mole'd
|-supereffective|p1a: Mole'd
|-damage|p1a: Mole'd|106\/424
|-enditem|p1a: Mole'd|Air Balloon
|
|-heal|p2a: Heatran|112\/386 par|[from] item: Leftovers
|turn|6
|
|move|p1a: Mole'd|Earthquake|p2a: Heatran
|-supereffective|p2a: Heatran
|-damage|p2a: Heatran|0 fnt
|faint|p2a: Heatran
|
|
|switch|p2a: Gengar|Gengar, F|261\/261
|-damage|p2a: Gengar|229\/261|[from] Stealth Rock
|turn|7
|
|move|p2a: Gengar|Shadow Ball|p1a: Mole'd
|-damage|p1a: Mole'd|0 fnt
|faint|p1a: Mole'd
|
|-heal|p2a: Gengar|245\/261|[from] item: Black Sludge
|
|switch|p1a: Lakitu|Thundurus, M|114\/299 brn
|turn|8
|
|switch|p2a: Conkeldurr|Conkeldurr, M|401\/401
|-damage|p2a: Conkeldurr|376\/401|[from] Stealth Rock
|move|p1a: Lakitu|Thunder Wave|p2a: Conkeldurr
|-status|p2a: Conkeldurr|par
|
|-damage|p1a: Lakitu|77\/299 brn|[from] brn
|turn|9
|
|cant|p2a: Conkeldurr|par
|move|p1a: Lakitu|Thunderbolt|p2a: Conkeldurr
|-damage|p2a: Conkeldurr|191\/401 par
|-damage|p1a: Lakitu|48\/299 brn|[from] item: Life Orb
|
|-damage|p1a: Lakitu|11\/299 brn|[from] brn
|turn|10
|
|cant|p2a: Conkeldurr|par
|move|p1a: Lakitu|Thunderbolt|p2a: Conkeldurr
|-damage|p2a: Conkeldurr|0 fnt
|-damage|p1a: Lakitu|0 fnt|[from] item: Life Orb
|faint|p2a: Conkeldurr
|faint|p1a: Lakitu
|
|
|switch|p2a: Gengar|Gengar, F|245\/261
|switch|p1a: I quiver in fear|Volcarona, M|312\/312
|-damage|p2a: Gengar|213\/261|[from] Stealth Rock
|turn|11
|
|move|p2a: Gengar|Sludge Wave|p1a: I quiver in fear
|-damage|p1a: I quiver in fear|158\/312
|move|p1a: I quiver in fear|Quiver Dance|p1a: I quiver in fear
|-boost|p1a: I quiver in fear|spa|1
|-boost|p1a: I quiver in fear|spd|1
|-boost|p1a: I quiver in fear|spe|1
|
|-heal|p2a: Gengar|229\/261|[from] item: Black Sludge
|turn|12
|
|move|p1a: I quiver in fear|Roost|p1a: I quiver in fear
|-heal|p1a: I quiver in fear|312\/312
|move|p2a: Gengar|Sludge Wave|p1a: I quiver in fear
|-crit|p1a: I quiver in fear
|-damage|p1a: I quiver in fear|50\/312
|
|-heal|p2a: Gengar|245\/261|[from] item: Black Sludge
|turn|13
|
|move|p1a: I quiver in fear|Roost|p1a: I quiver in fear
|-heal|p1a: I quiver in fear|206\/312
|move|p2a: Gengar|Sludge Wave|p1a: I quiver in fear
|-damage|p1a: I quiver in fear|103\/312
|
|-heal|p2a: Gengar|261\/261|[from] item: Black Sludge
|turn|14
|
|move|p1a: I quiver in fear|Quiver Dance|p1a: I quiver in fear
|-boost|p1a: I quiver in fear|spa|1
|-boost|p1a: I quiver in fear|spd|1
|-boost|p1a: I quiver in fear|spe|1
|move|p2a: Gengar|Sludge Wave|p1a: I quiver in fear
|-damage|p1a: I quiver in fear|18\/312
|
|turn|15
|
|move|p1a: I quiver in fear|Roost|p1a: I quiver in fear
|-heal|p1a: I quiver in fear|174\/312
|move|p2a: Gengar|Sludge Wave|p1a: I quiver in fear
|-damage|p1a: I quiver in fear|89\/312
|
|turn|16
|
|move|p1a: I quiver in fear|Quiver Dance|p1a: I quiver in fear
|-boost|p1a: I quiver in fear|spa|1
|-boost|p1a: I quiver in fear|spd|1
|-boost|p1a: I quiver in fear|spe|1
|move|p2a: Gengar|Sludge Wave|p1a: I quiver in fear
|-damage|p1a: I quiver in fear|19\/312
|-status|p1a: I quiver in fear|psn
|
|-damage|p1a: I quiver in fear|0 fnt|[from] psn
|faint|p1a: I quiver in fear
|c|âAmphibi|lol
|
|switch|p1a: Unacsceptable|Sceptile, M|281\/281
|turn|17
|
|detailschange|p1a: Unacsceptable|Sceptile-Mega, M
|message|Sceptile has Mega Evolved into Mega Sceptile!
|move|p1a: Unacsceptable|Dragon Pulse|p2a: Gengar
|-damage|p2a: Gengar|50\/261
|move|p2a: Gengar|Sludge Wave|p1a: Unacsceptable
|-supereffective|p1a: Unacsceptable
|-damage|p1a: Unacsceptable|0 fnt
|faint|p1a: Unacsceptable
|
|-heal|p2a: Gengar|66\/261|[from] item: Black Sludge
|
|switch|p1a: Slllluuuuurrrrp|Slurpuff, F|306\/306
|turn|18
|
|move|p2a: Gengar|Sludge Wave|p1a: Slllluuuuurrrrp
|-supereffective|p1a: Slllluuuuurrrrp
|-damage|p1a: Slllluuuuurrrrp|0 fnt
|faint|p1a: Slllluuuuurrrrp
|
|win|NorecuerdomiNick.
|raw|Ladder updating...
|leave|Amphibi
|player|p1