|join|ManuelEnciso123
|join|NorecuerdomiNick.
|player|p1|ManuelEnciso123|170
|player|p2|NorecuerdomiNick.|209
|gametype|singles
|gen|6
|tier|OU
|rated
|clearpoke
|poke|p1|Scolipede, M
|poke|p1|Blissey, F
|poke|p1|Espeon, F
|poke|p1|Quagsire, F
|poke|p1|Mr. Mime, M
|poke|p1|Hippowdon, F
|poke|p2|Gengar, F
|poke|p2|Conkeldurr, M
|poke|p2|Heatran, M
|poke|p2|Blastoise, M
|poke|p2|Talonflame, M
|poke|p2|Latios, M
|rule|Swagger Clause: Swagger is banned
|rule|Baton Pass Clause: Limit one PokÃ©mon knowing Baton Pass
|rule|Sleep Clause Mod: Limit one foe put to sleep
|rule|Species Clause: Limit one of each PokÃ©mon
|rule|OHKO Clause: OHKO moves are banned
|rule|Moody Clause: Moody is banned
|rule|Evasion Moves Clause: Evasion moves are banned
|rule|Endless Battle Clause: Forcing endless battles is banned
|rule|HP Percentage Mod: HP is shown in percentages
|teampreview
|
|start
|switch|p1a: Scolipede|Scolipede, M|324\/324
|switch|p2a: Heatran|Heatran, M|386\/386
|turn|1
|
|move|p1a: Scolipede|Substitute|p1a: Scolipede
|-start|p1a: Scolipede|Substitute
|-damage|p1a: Scolipede|243\/324
|move|p2a: Heatran|Stealth Rock|p1a: Scolipede
|-sidestart|p1: ManuelEnciso123|move: Stealth Rock
|
|-heal|p1a: Scolipede|263\/324|[from] item: Leftovers
|-boost|p1a: Scolipede|spe|1|[from] ability: Speed Boost
|turn|2
|
|move|p1a: Scolipede|Baton Pass|p1a: Scolipede
|
|switch|p1a: Espeon|Espeon, F|334\/334
|-damage|p1a: Espeon|293\/334|[from] Stealth Rock
|move|p2a: Heatran|Lava Plume|p1a: Espeon
|-end|p1a: Espeon|Substitute
|
|-heal|p1a: Espeon|313\/334|[from] item: Leftovers
|turn|3
|
|switch|p2a: Talonflame|Talonflame, M|298\/298
|move|p1a: Espeon|Calm Mind|p1a: Espeon
|-boost|p1a: Espeon|spa|1
|-boost|p1a: Espeon|spd|1
|
|-heal|p1a: Espeon|333\/334|[from] item: Leftovers
|turn|4
|
|switch|p1a: Quagsire|Quagsire, F|394\/394
|-damage|p1a: Quagsire|370\/394|[from] Stealth Rock
|move|p2a: Talonflame|U-turn|p1a: Quagsire
|-damage|p1a: Quagsire|290\/394
|
|switch|p2a: Gengar|Gengar, F|261\/261
|
|-heal|p1a: Quagsire|314\/394|[from] item: Leftovers
|turn|5
|
|switch|p1a: Blissey|Blissey, F|714\/714
|-damage|p1a: Blissey|625\/714|[from] Stealth Rock
|move|p2a: Gengar|Will-O-Wisp|p1a: Blissey
|-status|p1a: Blissey|brn
|
|-heal|p1a: Blissey|669\/714 brn|[from] item: Leftovers
|-damage|p1a: Blissey|580\/714 brn|[from] brn
|turn|6
|
|move|p2a: Gengar|Substitute|p2a: Gengar
|-start|p2a: Gengar|Substitute
|-damage|p2a: Gengar|196\/261
|move|p1a: Blissey|Thunderbolt|p2a: Gengar
|-crit|p2a: Gengar
|-end|p2a: Gengar|Substitute
|
|-heal|p2a: Gengar|212\/261|[from] item: Black Sludge
|-heal|p1a: Blissey|624\/714 brn|[from] item: Leftovers
|-damage|p1a: Blissey|535\/714 brn|[from] brn
|turn|7
|
|switch|p2a: Conkeldurr|Conkeldurr, M|401\/401
|move|p1a: Blissey|Thunderbolt|p2a: Conkeldurr
|-damage|p2a: Conkeldurr|319\/401
|
|-heal|p1a: Blissey|579\/714 brn|[from] item: Leftovers
|-damage|p1a: Blissey|490\/714 brn|[from] brn
|turn|8
|
|move|p1a: Blissey|Flamethrower|p2a: Conkeldurr
|-damage|p2a: Conkeldurr|238\/401
|-status|p2a: Conkeldurr|brn
|move|p2a: Conkeldurr|Knock Off|p1a: Blissey
|-damage|p1a: Blissey|0 fnt
|-enditem|p1a: Blissey|Leftovers|[from] move: Knock Off|[of] p2a: Conkeldurr
|faint|p1a: Blissey
|
|-damage|p2a: Conkeldurr|188\/401 brn|[from] brn
|
|switch|p1a: Scolipede|Scolipede, M|263\/324
|-damage|p1a: Scolipede|182\/324|[from] Stealth Rock
|turn|9
|
|move|p1a: Scolipede|Substitute|p1a: Scolipede
|-start|p1a: Scolipede|Substitute
|-damage|p1a: Scolipede|101\/324
|move|p2a: Conkeldurr|Ice Punch|p1a: Scolipede
|-end|p1a: Scolipede|Substitute
|
|-heal|p1a: Scolipede|121\/324|[from] item: Leftovers
|-damage|p2a: Conkeldurr|138\/401 brn|[from] brn
|-boost|p1a: Scolipede|spe|1|[from] ability: Speed Boost
|turn|10
|
|move|p1a: Scolipede|Iron Defense|p1a: Scolipede
|-boost|p1a: Scolipede|def|2
|move|p2a: Conkeldurr|Ice Punch|p1a: Scolipede
|-crit|p1a: Scolipede
|-damage|p1a: Scolipede|0 fnt
|faint|p1a: Scolipede
|
|-damage|p2a: Conkeldurr|88\/401 brn|[from] brn
|-message|ManuelEnciso123 forfeited.
|
|win|NorecuerdomiNick.
|raw|Ladder updating...
|leave|ManuelEnciso123
|player|p1