|join|Stringbeans
|join|NorecuerdomiNick.
|player|p1|Stringbeans|2
|player|p2|NorecuerdomiNick.|209
|gametype|singles
|gen|6
|tier|OU
|rated
|clearpoke
|poke|p1|Metagross
|poke|p1|Magnezone
|poke|p1|Ferrothorn, F
|poke|p1|Clefable, F
|poke|p1|Greninja, F
|poke|p1|Landorus-Therian, M
|poke|p2|Kyurem-Black
|poke|p2|Rotom-Wash
|poke|p2|Scizor, F
|poke|p2|Alakazam, F
|poke|p2|Heatran, F
|poke|p2|Landorus-Therian, M
|rule|Swagger Clause: Swagger is banned
|rule|Baton Pass Clause: Limit one PokÃ©mon knowing Baton Pass
|rule|Sleep Clause Mod: Limit one foe put to sleep
|rule|Species Clause: Limit one of each PokÃ©mon
|rule|OHKO Clause: OHKO moves are banned
|rule|Moody Clause: Moody is banned
|rule|Evasion Moves Clause: Evasion moves are banned
|rule|Endless Battle Clause: Forcing endless battles is banned
|rule|HP Percentage Mod: HP is shown in percentages
|teampreview
|
|start
|switch|p1a: Magnezone|Magnezone|281\/281
|switch|p2a: Heatran|Heatran, F|348\/348
|-item|p2a: Heatran|Air Balloon
|turn|1
|
|move|p1a: Magnezone|Volt Switch|p2a: Heatran
|-damage|p2a: Heatran|224\/348
|-enditem|p2a: Heatran|Air Balloon
|
|switch|p1a: Greninja|Greninja, F|285\/285
|move|p2a: Heatran|Flamethrower|p1a: Greninja
|-resisted|p1a: Greninja
|-damage|p1a: Greninja|159\/285
|
|turn|2
|
|switch|p2a: Rotom-Wash|Rotom-Wash|303\/303
|move|p1a: Greninja|Hydro Pump|p2a: Rotom-Wash
|-start|p1a: Greninja|typechange|Water|[from] Protean
|-resisted|p2a: Rotom-Wash
|-damage|p2a: Rotom-Wash|235\/303
|-damage|p1a: Greninja|131\/285|[from] item: Life Orb
|
|-heal|p2a: Rotom-Wash|253\/303|[from] item: Leftovers
|turn|3
|
|switch|p1a: Ferrothorn|Ferrothorn, F|352\/352
|move|p2a: Rotom-Wash|Will-O-Wisp|p1a: Ferrothorn|[miss]
|-miss|p2a: Rotom-Wash|p1a: Ferrothorn
|
|-heal|p2a: Rotom-Wash|271\/303|[from] item: Leftovers
|turn|4
|
|move|p2a: Rotom-Wash|Will-O-Wisp|p1a: Ferrothorn
|-status|p1a: Ferrothorn|brn
|move|p1a: Ferrothorn|Spikes|p2a: Rotom-Wash
|-sidestart|p2: NorecuerdomiNick.|Spikes
|
|-heal|p2a: Rotom-Wash|289\/303|[from] item: Leftovers
|-damage|p1a: Ferrothorn|308\/352 brn|[from] brn
|turn|5
|
|move|p2a: Rotom-Wash|Volt Switch|p1a: Ferrothorn
|-resisted|p1a: Ferrothorn
|-damage|p1a: Ferrothorn|276\/352 brn
|
|switch|p2a: Heatran|Heatran, F|224\/348
|-damage|p2a: Heatran|181\/348|[from] Spikes
|move|p1a: Ferrothorn|Leech Seed|p2a: Heatran
|-start|p2a: Heatran|move: Leech Seed
|
|-heal|p1a: Ferrothorn|298\/352 brn|[from] item: Leftovers
|-damage|p2a: Heatran|138\/348|[from] Leech Seed|[of] p1a: Ferrothorn
|-heal|p1a: Ferrothorn|341\/352 brn|[silent]
|-damage|p1a: Ferrothorn|297\/352 brn|[from] brn
|turn|6
|
|move|p1a: Ferrothorn|Protect|p1a: Ferrothorn
|-singleturn|p1a: Ferrothorn|Protect
|move|p2a: Heatran|Flamethrower|p1a: Ferrothorn
|-activate|p1a: Ferrothorn|Protect
|
|-heal|p1a: Ferrothorn|319\/352 brn|[from] item: Leftovers
|-damage|p2a: Heatran|95\/348|[from] Leech Seed|[of] p1a: Ferrothorn
|-heal|p1a: Ferrothorn|352\/352 brn|[silent]
|-damage|p1a: Ferrothorn|308\/352 brn|[from] brn
|turn|7
|
|switch|p1a: Clefable|Clefable, F|394\/394
|move|p2a: Heatran|Flamethrower|p1a: Clefable
|-damage|p1a: Clefable|231\/394
|
|-heal|p1a: Clefable|255\/394|[from] item: Leftovers
|-damage|p2a: Heatran|52\/348|[from] Leech Seed|[of] p1a: Clefable
|-heal|p1a: Clefable|298\/394|[silent]
|turn|8
|
|move|p2a: Heatran|Flash Cannon|p1a: Clefable
|-supereffective|p1a: Clefable
|-damage|p1a: Clefable|26\/394
|-unboost|p1a: Clefable|spd|1
|move|p1a: Clefable|Soft-Boiled|p1a: Clefable
|-heal|p1a: Clefable|223\/394
|
|-heal|p1a: Clefable|247\/394|[from] item: Leftovers
|-damage|p2a: Heatran|9\/348|[from] Leech Seed|[of] p1a: Clefable
|-heal|p1a: Clefable|290\/394|[silent]
|turn|9
|
|switch|p1a: Ferrothorn|Ferrothorn, F|308\/352 brn
|move|p2a: Heatran|Flamethrower|p1a: Ferrothorn
|-supereffective|p1a: Ferrothorn
|-damage|p1a: Ferrothorn|0 fnt
|faint|p1a: Ferrothorn
|
|
|switch|p1a: Magnezone|Magnezone|281\/281
|turn|10
|
|move|p1a: Magnezone|Volt Switch|p2a: Heatran
|-damage|p2a: Heatran|0 fnt
|faint|p2a: Heatran
|
|switch|p1a: Clefable|Clefable, F|290\/394
|
|-heal|p1a: Clefable|314\/394|[from] item: Leftovers
|
|switch|p2a: Landorus-Therian|Landorus-Therian, M|369\/369
|-ability|p2a: Landorus-Therian|Intimidate|[of] p1a: Clefable
|-unboost|p1a: Clefable|atk|1
|turn|11
|
|switch|p2a: Scizor|Scizor, F|331\/331
|-damage|p2a: Scizor|290\/331|[from] Spikes
|move|p1a: Clefable|Stealth Rock|p2a: Scizor
|-sidestart|p2: NorecuerdomiNick.|move: Stealth Rock
|
|-heal|p1a: Clefable|338\/394|[from] item: Leftovers
|turn|12
|
|switch|p1a: Magnezone|Magnezone|281\/281
|detailschange|p2a: Scizor|Scizor-Mega, F
|message|Scizor has Mega Evolved into Mega Scizor!
|move|p2a: Scizor|Defog|p1a: Magnezone
|-unboost|p1a: Magnezone|evasion|1
|-sideend|p2: NorecuerdomiNick.|Spikes|[from] move: Defog|[of] p2a: Scizor
|-sideend|p2: NorecuerdomiNick.|Stealth Rock|[from] move: Defog|[of] p2a: Scizor
|
|turn|13
|
|move|p1a: Magnezone|Hidden Power|p2a: Scizor
|-supereffective|p2a: Scizor
|-damage|p2a: Scizor|38\/331
|move|p2a: Scizor|Knock Off|p1a: Magnezone
|-damage|p1a: Magnezone|183\/281
|-enditem|p1a: Magnezone|Choice Scarf|[from] move: Knock Off|[of] p2a: Scizor
|
|turn|14
|
|move|p1a: Magnezone|Thunderbolt|p2a: Scizor
|-damage|p2a: Scizor|0 fnt
|faint|p2a: Scizor
|
|
|switch|p2a: Kyurem-Black|Kyurem-Black|454\/454
|-ability|p2a: Kyurem-Black|Teravolt
|turn|15
|
|switch|p1a: Landorus-Therian|Landorus-Therian, M|321\/321
|-ability|p1a: Landorus-Therian|Intimidate|[of] p2a: Kyurem-Black
|-unboost|p2a: Kyurem-Black|atk|1
|move|p2a: Kyurem-Black|Earth Power|p1a: Landorus-Therian
|-immune|p1a: Landorus-Therian|[msg]
|
|turn|16
|
|move|p1a: Landorus-Therian|Superpower|p2a: Kyurem-Black
|-supereffective|p2a: Kyurem-Black
|-damage|p2a: Kyurem-Black|160\/454
|-unboost|p1a: Landorus-Therian|atk|1
|-unboost|p1a: Landorus-Therian|def|1
|move|p2a: Kyurem-Black|Ice Beam|p1a: Landorus-Therian
|-supereffective|p1a: Landorus-Therian
|-damage|p1a: Landorus-Therian|0 fnt
|faint|p1a: Landorus-Therian
|
|
|switch|p1a: Clefable|Clefable, F|338\/394
|turn|17
|
|move|p2a: Kyurem-Black|Fusion Bolt|p1a: Clefable
|-damage|p1a: Clefable|242\/394
|move|p1a: Clefable|Moonblast|p2a: Kyurem-Black
|-supereffective|p2a: Kyurem-Black
|-damage|p2a: Kyurem-Black|0 fnt
|faint|p2a: Kyurem-Black
|
|-heal|p1a: Clefable|266\/394|[from] item: Leftovers
|
|switch|p2a: Landorus-Therian|Landorus-Therian, M|369\/369
|-ability|p2a: Landorus-Therian|Intimidate|[of] p1a: Clefable
|-unboost|p1a: Clefable|atk|1
|turn|18
|
|move|p2a: Landorus-Therian|Earthquake|p1a: Clefable
|-damage|p1a: Clefable|5\/394
|-damage|p2a: Landorus-Therian|333\/369|[from] item: Life Orb
|move|p1a: Clefable|Soft-Boiled|p1a: Clefable
|-heal|p1a: Clefable|202\/394
|
|-heal|p1a: Clefable|226\/394|[from] item: Leftovers
|turn|19
|
|move|p2a: Landorus-Therian|Rock Polish|p2a: Landorus-Therian
|-boost|p2a: Landorus-Therian|spe|2
|move|p1a: Clefable|Stealth Rock|p2a: Landorus-Therian
|-sidestart|p2: NorecuerdomiNick.|move: Stealth Rock
|
|-heal|p1a: Clefable|250\/394|[from] item: Leftovers
|turn|20
|
|move|p2a: Landorus-Therian|Earthquake|p1a: Clefable
|-damage|p1a: Clefable|0 fnt
|-damage|p2a: Landorus-Therian|297\/369|[from] item: Life Orb
|faint|p1a: Clefable
|
|
|switch|p1a: Greninja|Greninja, F|131\/285
|turn|21
|
|move|p2a: Landorus-Therian|Earthquake|p1a: Greninja
|-damage|p1a: Greninja|0 fnt
|-damage|p2a: Landorus-Therian|261\/369|[from] item: Life Orb
|faint|p1a: Greninja
|
|
|switch|p1a: Metagross|Metagross|318\/318
|turn|22
|
|detailschange|p1a: Metagross|Metagross-Mega
|message|Metagross has Mega Evolved into Mega Metagross!
|move|p2a: Landorus-Therian|Earthquake|p1a: Metagross
|-supereffective|p1a: Metagross
|-damage|p1a: Metagross|0 fnt
|-damage|p2a: Landorus-Therian|225\/369|[from] item: Life Orb
|faint|p1a: Metagross
|
|-message|Stringbeans forfeited.
|
|win|NorecuerdomiNick.
|raw|Ladder updating...
|leave|Stringbeans
|player|p1