|join|jsg55
|join|NorecuerdomiNick.
|player|p1|jsg55|196
|player|p2|NorecuerdomiNick.|209
|gametype|singles
|gen|6
|tier|OU
|rated
|clearpoke
|poke|p1|Gengar, F
|poke|p1|Excadrill, M
|poke|p1|Skarmory, F
|poke|p1|Tyranitar, F
|poke|p1|Azumarill, F
|poke|p1|Garchomp, F
|poke|p2|Gengar, M
|poke|p2|Conkeldurr, F
|poke|p2|Ferrothorn, M
|poke|p2|Blastoise, M
|poke|p2|Talonflame, F
|poke|p2|Latios, M
|rule|Swagger Clause: Swagger is banned
|rule|Baton Pass Clause: Limit one PokÃ©mon knowing Baton Pass
|rule|Sleep Clause Mod: Limit one foe put to sleep
|rule|Species Clause: Limit one of each PokÃ©mon
|rule|OHKO Clause: OHKO moves are banned
|rule|Moody Clause: Moody is banned
|rule|Evasion Moves Clause: Evasion moves are banned
|rule|Endless Battle Clause: Forcing endless battles is banned
|rule|HP Percentage Mod: HP is shown in percentages
|teampreview
|
|start
|switch|p1a: Garchomp|Garchomp, F|357\/357
|switch|p2a: Blastoise|Blastoise, M|343\/343
|turn|1
|
|switch|p1a: Azumarill|Azumarill, F|401\/401
|detailschange|p2a: Blastoise|Blastoise-Mega, M
|message|Blastoise has Mega Evolved into Mega Blastoise!
|move|p2a: Blastoise|Scald|p1a: Azumarill
|-resisted|p1a: Azumarill
|-damage|p1a: Azumarill|302\/401
|
|turn|2
|
|move|p2a: Blastoise|Scald|p1a: Azumarill
|-resisted|p1a: Azumarill
|-damage|p1a: Azumarill|202\/401
|-status|p1a: Azumarill|brn
|move|p1a: Azumarill|Play Rough|p2a: Blastoise
|-damage|p2a: Blastoise|234\/343
|
|-damage|p1a: Azumarill|152\/401 brn|[from] brn
|turn|3
|
|switch|p2a: Ferrothorn|Ferrothorn, M|352\/352
|move|p1a: Azumarill|Play Rough|p2a: Ferrothorn
|-resisted|p2a: Ferrothorn
|-damage|p2a: Ferrothorn|306\/352
|-damage|p1a: Azumarill|102\/401 brn|[from] ability: Iron Barbs|[of] p2a: Ferrothorn
|-damage|p1a: Azumarill|36\/401 brn|[from] item: Rocky Helmet|[of] p2a: Ferrothorn
|
|-damage|p1a: Azumarill|0 fnt|[from] brn
|faint|p1a: Azumarill
|
|switch|p1a: Tyranitar|Tyranitar, F|403\/403
|-weather|Sandstorm
|turn|4
|
|move|p1a: Tyranitar|Fire Blast|p2a: Ferrothorn
|-supereffective|p2a: Ferrothorn
|-damage|p2a: Ferrothorn|42\/352
|move|p2a: Ferrothorn|Thunder Wave|p1a: Tyranitar
|-status|p1a: Tyranitar|par
|
|-weather|Sandstorm|[upkeep]
|turn|5
|
|move|p2a: Ferrothorn|Stealth Rock|p1a: Tyranitar
|-sidestart|p1: jsg55|move: Stealth Rock
|cant|p1a: Tyranitar|par
|
|-weather|Sandstorm|[upkeep]
|turn|6
|
|move|p2a: Ferrothorn|Knock Off|p1a: Tyranitar
|-crit|p1a: Tyranitar
|-resisted|p1a: Tyranitar
|-damage|p1a: Tyranitar|354\/403 par
|-enditem|p1a: Tyranitar|Smooth Rock|[from] move: Knock Off|[of] p2a: Ferrothorn
|move|p1a: Tyranitar|Fire Blast|p2a: Ferrothorn
|-crit|p2a: Ferrothorn
|-supereffective|p2a: Ferrothorn
|-damage|p2a: Ferrothorn|0 fnt
|faint|p2a: Ferrothorn
|
|-weather|Sandstorm|[upkeep]
|
|switch|p2a: Conkeldurr|Conkeldurr, F|401\/401
|turn|7
|
|switch|p1a: Skarmory|Skarmory, F|333\/333
|-damage|p1a: Skarmory|292\/333|[from] Stealth Rock
|move|p2a: Conkeldurr|Drain Punch|p1a: Skarmory
|-crit|p1a: Skarmory
|-damage|p1a: Skarmory|168\/333
|
|-weather|Sandstorm|[upkeep]
|-damage|p2a: Conkeldurr|376\/401|[from] sandstorm
|turn|8
|
|move|p1a: Skarmory|Roost|p1a: Skarmory
|-heal|p1a: Skarmory|333\/333
|move|p2a: Conkeldurr|Knock Off|p1a: Skarmory
|-damage|p1a: Skarmory|262\/333
|-enditem|p1a: Skarmory|Shed Shell|[from] move: Knock Off|[of] p2a: Conkeldurr
|
|-weather|Sandstorm|[upkeep]
|-damage|p2a: Conkeldurr|351\/401|[from] sandstorm
|turn|9
|
|switch|p2a: Gengar|Gengar, M|261\/261
|move|p1a: Skarmory|Brave Bird|p2a: Gengar
|-damage|p2a: Gengar|96\/261
|-damage|p1a: Skarmory|208\/333|[from] recoil|[of] p2a: Gengar
|
|-weather|Sandstorm|[upkeep]
|-damage|p2a: Gengar|80\/261|[from] sandstorm
|-heal|p2a: Gengar|96\/261|[from] item: Black Sludge
|turn|10
|
|switch|p1a: Tyranitar|Tyranitar, F|354\/403 par
|-damage|p1a: Tyranitar|304\/403 par|[from] Stealth Rock
|move|p2a: Gengar|Will-O-Wisp|p1a: Tyranitar
|-fail|p1a: Tyranitar
|
|-weather|Sandstorm|[upkeep]
|-damage|p2a: Gengar|80\/261|[from] sandstorm
|-heal|p2a: Gengar|96\/261|[from] item: Black Sludge
|turn|11
|
|move|p2a: Gengar|Substitute|p2a: Gengar
|-start|p2a: Gengar|Substitute
|-damage|p2a: Gengar|31\/261
|move|p1a: Tyranitar|Stealth Rock|p2a: Gengar
|-sidestart|p2: NorecuerdomiNick.|move: Stealth Rock
|
|-weather|none
|-heal|p2a: Gengar|47\/261|[from] item: Black Sludge
|turn|12
|
|move|p2a: Gengar|Shadow Ball|p1a: Tyranitar
|-resisted|p1a: Tyranitar
|-damage|p1a: Tyranitar|226\/403 par
|move|p1a: Tyranitar|Ice Beam|p2a: Gengar
|-end|p2a: Gengar|Substitute
|
|-heal|p2a: Gengar|63\/261|[from] item: Black Sludge
|turn|13
|
|move|p2a: Gengar|Shadow Ball|p1a: Tyranitar
|-resisted|p1a: Tyranitar
|-damage|p1a: Tyranitar|158\/403 par
|move|p1a: Tyranitar|Stone Edge|p2a: Gengar|[miss]
|-miss|p1a: Tyranitar|p2a: Gengar
|
|-heal|p2a: Gengar|79\/261|[from] item: Black Sludge
|turn|14
|
|move|p2a: Gengar|Substitute|p2a: Gengar
|-start|p2a: Gengar|Substitute
|-damage|p2a: Gengar|14\/261
|move|p1a: Tyranitar|Ice Beam|p2a: Gengar
|-end|p2a: Gengar|Substitute
|
|-heal|p2a: Gengar|30\/261|[from] item: Black Sludge
|turn|15
|
|move|p2a: Gengar|Shadow Ball|p1a: Tyranitar
|-resisted|p1a: Tyranitar
|-damage|p1a: Tyranitar|90\/403 par
|move|p1a: Tyranitar|Stone Edge|p2a: Gengar
|-crit|p2a: Gengar
|-damage|p2a: Gengar|0 fnt
|faint|p2a: Gengar
|
|
|switch|p2a: Blastoise|Blastoise-Mega, M|234\/343
|-damage|p2a: Blastoise|192\/343|[from] Stealth Rock
|turn|16
|
|switch|p1a: Skarmory|Skarmory, F|208\/333
|-damage|p1a: Skarmory|167\/333|[from] Stealth Rock
|move|p2a: Blastoise|Scald|p1a: Skarmory
|-damage|p1a: Skarmory|0 fnt
|faint|p1a: Skarmory
|
|
|switch|p1a: Tyranitar|Tyranitar, F|90\/403 par
|-damage|p1a: Tyranitar|40\/403 par|[from] Stealth Rock
|-weather|Sandstorm
|turn|17
|
|switch|p1a: Gengar|Gengar, F|261\/261
|-damage|p1a: Gengar|229\/261|[from] Stealth Rock
|move|p2a: Blastoise|Scald|p1a: Gengar
|-damage|p1a: Gengar|30\/261
|
|-weather|Sandstorm|[upkeep]
|-damage|p1a: Gengar|14\/261|[from] sandstorm
|-damage|p2a: Blastoise|171\/343|[from] sandstorm
|turn|18
|
|move|p1a: Gengar|Sludge Bomb|p2a: Blastoise
|-damage|p2a: Blastoise|23\/343
|-status|p2a: Blastoise|psn
|move|p2a: Blastoise|Dark Pulse|p1a: Gengar
|-supereffective|p1a: Gengar
|-damage|p1a: Gengar|0 fnt
|faint|p1a: Gengar
|
|-weather|Sandstorm|[upkeep]
|-damage|p2a: Blastoise|2\/343 psn|[from] sandstorm
|-damage|p2a: Blastoise|0 fnt|[from] psn
|faint|p2a: Blastoise
|
|switch|p1a: Garchomp|Garchomp, F|357\/357
|switch|p2a: Conkeldurr|Conkeldurr, F|351\/401
|-damage|p1a: Garchomp|335\/357|[from] Stealth Rock
|-damage|p2a: Conkeldurr|326\/401|[from] Stealth Rock
|turn|19
|
|detailschange|p1a: Garchomp|Garchomp-Mega, F
|message|Garchomp has Mega Evolved into Mega Garchomp!
|move|p1a: Garchomp|Draco Meteor|p2a: Conkeldurr
|-damage|p2a: Conkeldurr|109\/401
|-unboost|p1a: Garchomp|spa|2
|move|p2a: Conkeldurr|Drain Punch|p1a: Garchomp
|-damage|p1a: Garchomp|193\/357
|-heal|p2a: Conkeldurr|180\/401|[from] drain|[of] p1a: Garchomp
|
|-weather|Sandstorm|[upkeep]
|-damage|p2a: Conkeldurr|155\/401|[from] sandstorm
|turn|20
|
|move|p2a: Conkeldurr|Mach Punch|p1a: Garchomp
|-damage|p1a: Garchomp|114\/357
|move|p1a: Garchomp|Earthquake|p2a: Conkeldurr
|-damage|p2a: Conkeldurr|0 fnt
|faint|p2a: Conkeldurr
|
|-weather|Sandstorm|[upkeep]
|
|switch|p2a: Latios|Latios, M|301\/301
|-damage|p2a: Latios|264\/301|[from] Stealth Rock
|turn|21
|
|switch|p1a: Excadrill|Excadrill, M|361\/361
|-damage|p1a: Excadrill|350\/361|[from] Stealth Rock
|move|p2a: Latios|Psychic|p1a: Excadrill
|-crit|p1a: Excadrill
|-resisted|p1a: Excadrill
|-damage|p1a: Excadrill|128\/361
|-damage|p2a: Latios|234\/301|[from] item: Life Orb
|
|-weather|none
|turn|22
|
|switch|p1a: Tyranitar|Tyranitar, F|40\/403 par
|-damage|p1a: Tyranitar|0 fnt|[from] Stealth Rock
|faint|p1a: Tyranitar
|move|p2a: Latios|Psychic|p1: Tyranitar|[notarget]
|-notarget
|
|
|switch|p1a: Excadrill|Excadrill, M|128\/361
|-damage|p1a: Excadrill|117\/361|[from] Stealth Rock
|turn|23
|
|move|p2a: Latios|Psychic|p1a: Excadrill
|-resisted|p1a: Excadrill
|-damage|p1a: Excadrill|0 fnt
|-damage|p2a: Latios|204\/301|[from] item: Life Orb
|faint|p1a: Excadrill
|
|
|switch|p1a: Garchomp|Garchomp-Mega, F|114\/357
|-damage|p1a: Garchomp|92\/357|[from] Stealth Rock
|turn|24
|c|âjsg55|no sandstorm?
|
|move|p2a: Latios|Psychic|p1a: Garchomp
|-damage|p1a: Garchomp|0 fnt
|-damage|p2a: Latios|174\/301|[from] item: Life Orb
|faint|p1a: Garchomp
|
|win|NorecuerdomiNick.
|raw|Ladder updating...
|leave|jsg55
|player|p1
|raw|jsg55's rating: 1279 &rarr; <strong>1258<\/strong><br \/>(-21 for losing)
|raw|NorecuerdomiNick.'s rating: 1337 &rarr; <strong>1353<\/strong><br \/>(+16 for winning)