|join|NorecuerdomiNick.
|join|Iceaac
|player|p1|NorecuerdomiNick.|209
|player|p2|Iceaac|265
|gametype|singles
|gen|6
|tier|OU
|rated
|clearpoke
|poke|p1|Gengar, M
|poke|p1|Conkeldurr, M
|poke|p1|Heatran, F
|poke|p1|Blastoise, M
|poke|p1|Talonflame, F
|poke|p1|Latios, M
|poke|p2|Klefki, M
|poke|p2|Gallade, M
|poke|p2|Bisharp, M
|poke|p2|Rotom-Wash
|poke|p2|Thundurus, M
|poke|p2|Clefable, M
|rule|Swagger Clause: Swagger is banned
|rule|Baton Pass Clause: Limit one PokÃ©mon knowing Baton Pass
|rule|Sleep Clause Mod: Limit one foe put to sleep
|rule|Species Clause: Limit one of each PokÃ©mon
|rule|OHKO Clause: OHKO moves are banned
|rule|Moody Clause: Moody is banned
|rule|Evasion Moves Clause: Evasion moves are banned
|rule|Endless Battle Clause: Forcing endless battles is banned
|rule|HP Percentage Mod: HP is shown in percentages
|teampreview
|
|start
|switch|p1a: Gengar|Gengar, M|261\/261
|switch|p2a: Klefki|Klefki, M|317\/317
|turn|1
|
|switch|p1a: Conkeldurr|Conkeldurr, M|401\/401
|move|p2a: Klefki|Thunder Wave|p1a: Conkeldurr
|-status|p1a: Conkeldurr|par
|
|turn|2
|
|switch|p2a: Rotom-Wash|Rotom-Wash|303\/303
|cant|p1a: Conkeldurr|par
|
|turn|3
|
|move|p2a: Rotom-Wash|Hydro Pump|p1a: Conkeldurr
|-damage|p1a: Conkeldurr|263\/401 par
|move|p1a: Conkeldurr|Drain Punch|p2a: Rotom-Wash
|-damage|p2a: Rotom-Wash|143\/303
|-heal|p1a: Conkeldurr|343\/401 par|[from] drain|[of] p2a: Rotom-Wash
|
|-heal|p2a: Rotom-Wash|161\/303|[from] item: Leftovers
|turn|4
|
|move|p2a: Rotom-Wash|Volt Switch|p1a: Conkeldurr
|-damage|p1a: Conkeldurr|256\/401 par
|
|switch|p2a: Thundurus|Thundurus, M|300\/300
|move|p1a: Conkeldurr|Drain Punch|p2a: Thundurus
|-resisted|p2a: Thundurus
|-damage|p2a: Thundurus|141\/300
|-heal|p1a: Conkeldurr|336\/401 par|[from] drain|[of] p2a: Thundurus
|
|turn|5
|
|move|p2a: Thundurus|Thunderbolt|p1a: Conkeldurr
|-damage|p1a: Conkeldurr|141\/401 par
|-damage|p2a: Thundurus|111\/300|[from] item: Life Orb
|cant|p1a: Conkeldurr|par
|
|turn|6
|
|move|p1a: Conkeldurr|Mach Punch|p2a: Thundurus
|-resisted|p2a: Thundurus
|-damage|p2a: Thundurus|30\/300
|move|p2a: Thundurus|Thunderbolt|p1a: Conkeldurr
|-damage|p1a: Conkeldurr|0 fnt
|-damage|p2a: Thundurus|0 fnt|[from] item: Life Orb
|faint|p1a: Conkeldurr
|faint|p2a: Thundurus
|
|
|switch|p1a: Gengar|Gengar, M|261\/261
|switch|p2a: Rotom-Wash|Rotom-Wash|161\/303
|turn|7
|
|move|p1a: Gengar|Substitute|p1a: Gengar
|-start|p1a: Gengar|Substitute
|-damage|p1a: Gengar|196\/261
|move|p2a: Rotom-Wash|Volt Switch|p1a: Gengar
|-end|p1a: Gengar|Substitute
|
|switch|p2a: Klefki|Klefki, M|317\/317
|
|-heal|p1a: Gengar|212\/261|[from] item: Black Sludge
|turn|8
|
|switch|p1a: Heatran|Heatran, F|386\/386
|move|p2a: Klefki|Thunder Wave|p1a: Heatran
|-status|p1a: Heatran|par
|
|turn|9
|
|switch|p2a: Rotom-Wash|Rotom-Wash|161\/303
|cant|p1a: Heatran|par
|
|-heal|p2a: Rotom-Wash|179\/303|[from] item: Leftovers
|turn|10
|
|move|p2a: Rotom-Wash|Hydro Pump|p1a: Heatran|[miss]
|-miss|p2a: Rotom-Wash|p1a: Heatran
|move|p1a: Heatran|Stealth Rock|p2a: Rotom-Wash
|-sidestart|p2: Iceaac|move: Stealth Rock
|
|-heal|p2a: Rotom-Wash|197\/303|[from] item: Leftovers
|turn|11
|
|move|p2a: Rotom-Wash|Volt Switch|p1a: Heatran
|-damage|p1a: Heatran|325\/386 par
|
|switch|p2a: Gallade|Gallade, M|278\/278
|-damage|p2a: Gallade|261\/278|[from] Stealth Rock
|move|p1a: Heatran|Toxic|p2a: Gallade
|-status|p2a: Gallade|tox
|
|-heal|p1a: Heatran|349\/386 par|[from] item: Leftovers
|-damage|p2a: Gallade|244\/278 tox|[from] psn
|turn|12
|
|detailschange|p2a: Gallade|Gallade-Mega, M
|message|Gallade has Mega Evolved into Mega Gallade!
|move|p2a: Gallade|Close Combat|p1a: Heatran
|-supereffective|p1a: Heatran
|-damage|p1a: Heatran|0 fnt
|-unboost|p2a: Gallade|def|1
|-unboost|p2a: Gallade|spd|1
|faint|p1a: Heatran
|
|-damage|p2a: Gallade|210\/278 tox|[from] psn
|
|switch|p1a: Talonflame|Talonflame, F|298\/298
|turn|13
|
|switch|p2a: Rotom-Wash|Rotom-Wash|197\/303
|-damage|p2a: Rotom-Wash|160\/303|[from] Stealth Rock
|move|p1a: Talonflame|Flare Blitz|p2a: Rotom-Wash
|-resisted|p2a: Rotom-Wash
|-damage|p2a: Rotom-Wash|67\/303
|-damage|p1a: Talonflame|267\/298|[from] recoil|[of] p2a: Rotom-Wash
|
|-heal|p2a: Rotom-Wash|85\/303|[from] item: Leftovers
|turn|14
|
|move|p1a: Talonflame|Flare Blitz|p2a: Rotom-Wash
|-resisted|p2a: Rotom-Wash
|-damage|p2a: Rotom-Wash|0 fnt
|-damage|p1a: Talonflame|239\/298|[from] recoil|[of] p2a: Rotom-Wash
|faint|p2a: Rotom-Wash
|
|
|switch|p2a: Klefki|Klefki, M|317\/317
|-damage|p2a: Klefki|298\/317|[from] Stealth Rock
|turn|15
|
|move|p2a: Klefki|Thunder Wave|p1a: Talonflame
|-status|p1a: Talonflame|par
|move|p1a: Talonflame|Flare Blitz|p2a: Klefki
|-supereffective|p2a: Klefki
|-damage|p2a: Klefki|0 fnt
|-damage|p1a: Talonflame|141\/298 par|[from] recoil|[of] p2a: Klefki
|faint|p2a: Klefki
|
|
|switch|p2a: Bisharp|Bisharp, M|271\/271
|-damage|p2a: Bisharp|255\/271|[from] Stealth Rock
|turn|16
|
|move|p2a: Bisharp|Knock Off|p1a: Talonflame
|-damage|p1a: Talonflame|0 fnt
|-enditem|p1a: Talonflame|Choice Band|[from] move: Knock Off|[of] p2a: Bisharp
|faint|p1a: Talonflame
|
|
|switch|p1a: Blastoise|Blastoise, M|343\/343
|turn|17
|
|detailschange|p1a: Blastoise|Blastoise-Mega, M
|message|Blastoise has Mega Evolved into Mega Blastoise!
|move|p2a: Bisharp|Knock Off|p1a: Blastoise
|-damage|p1a: Blastoise|226\/343
|move|p1a: Blastoise|Aura Sphere|p2a: Bisharp
|-supereffective|p2a: Bisharp
|-damage|p2a: Bisharp|0 fnt
|faint|p2a: Bisharp
|
|
|switch|p2a: Clefable|Clefable, M|394\/394
|turn|18
|
|switch|p1a: Gengar|Gengar, M|212\/261
|move|p2a: Clefable|Calm Mind|p2a: Clefable
|-boost|p2a: Clefable|spa|1
|-boost|p2a: Clefable|spd|1
|
|-heal|p1a: Gengar|228\/261|[from] item: Black Sludge
|turn|19
|
|move|p1a: Gengar|Sludge Wave|p2a: Clefable
|-supereffective|p2a: Clefable
|-damage|p2a: Clefable|140\/394
|move|p2a: Clefable|Wish|p2a: Clefable
|
|-heal|p1a: Gengar|244\/261|[from] item: Black Sludge
|-heal|p2a: Clefable|164\/394|[from] item: Leftovers
|turn|20
|
|move|p2a: Clefable|Protect|p2a: Clefable
|-singleturn|p2a: Clefable|Protect
|move|p1a: Gengar|Sludge Wave|p2a: Clefable
|-activate|p2a: Clefable|Protect
|
|-heal|p2a: Clefable|361\/394|[from] move: Wish|[wisher] Clefable
|-heal|p1a: Gengar|260\/261|[from] item: Black Sludge
|-heal|p2a: Clefable|385\/394|[from] item: Leftovers
|turn|21
|
|move|p1a: Gengar|Sludge Wave|p2a: Clefable
|-supereffective|p2a: Clefable
|-damage|p2a: Clefable|115\/394
|move|p2a: Clefable|Wish|p2a: Clefable
|
|-heal|p1a: Gengar|261\/261|[from] item: Black Sludge
|-heal|p2a: Clefable|139\/394|[from] item: Leftovers
|turn|22
|
|move|p2a: Clefable|Protect|p2a: Clefable
|-singleturn|p2a: Clefable|Protect
|move|p1a: Gengar|Substitute|p1a: Gengar
|-start|p1a: Gengar|Substitute
|-damage|p1a: Gengar|196\/261
|
|-heal|p2a: Clefable|336\/394|[from] move: Wish|[wisher] Clefable
|-heal|p1a: Gengar|212\/261|[from] item: Black Sludge
|-heal|p2a: Clefable|360\/394|[from] item: Leftovers
|turn|23
|
|move|p1a: Gengar|Sludge Wave|p2a: Clefable
|-supereffective|p2a: Clefable
|-damage|p2a: Clefable|118\/394
|move|p2a: Clefable|Calm Mind|p2a: Clefable
|-boost|p2a: Clefable|spa|1
|-boost|p2a: Clefable|spd|1
|
|-heal|p1a: Gengar|228\/261|[from] item: Black Sludge
|-heal|p2a: Clefable|142\/394|[from] item: Leftovers
|turn|24
|
|move|p2a: Clefable|Protect|p2a: Clefable
|-singleturn|p2a: Clefable|Protect
|move|p1a: Gengar|Sludge Wave|p2a: Clefable
|-activate|p2a: Clefable|Protect
|
|-heal|p1a: Gengar|244\/261|[from] item: Black Sludge
|-heal|p2a: Clefable|166\/394|[from] item: Leftovers
|turn|25
|
|move|p2a: Clefable|Protect|p2a: Clefable
|-singleturn|p2a: Clefable|Protect
|move|p1a: Gengar|Sludge Wave|p2a: Clefable
|-activate|p2a: Clefable|Protect
|
|-heal|p1a: Gengar|260\/261|[from] item: Black Sludge
|-heal|p2a: Clefable|190\/394|[from] item: Leftovers
|turn|26
|
|move|p1a: Gengar|Sludge Wave|p2a: Clefable
|-supereffective|p2a: Clefable
|-damage|p2a: Clefable|8\/394
|move|p2a: Clefable|Wish|p2a: Clefable
|
|-heal|p1a: Gengar|261\/261|[from] item: Black Sludge
|-heal|p2a: Clefable|32\/394|[from] item: Leftovers
|turn|27
|
|move|p2a: Clefable|Protect|p2a: Clefable
|-singleturn|p2a: Clefable|Protect
|move|p1a: Gengar|Sludge Wave|p2a: Clefable
|-activate|p2a: Clefable|Protect
|
|-heal|p2a: Clefable|229\/394|[from] move: Wish|[wisher] Clefable
|-heal|p2a: Clefable|253\/394|[from] item: Leftovers
|turn|28
|
|move|p1a: Gengar|Sludge Wave|p2a: Clefable
|-crit|p2a: Clefable
|-supereffective|p2a: Clefable
|-damage|p2a: Clefable|0 fnt
|faint|p2a: Clefable
|
|-message|Iceaac forfeited.
|
|win|NorecuerdomiNick.
|raw|Ladder updating...
|leave|Iceaac
|player|p2