|join|greyheracross
|join|KingT9722
|player|p1|greyheracross|163
|player|p2|KingT9722|164
|gametype|singles
|gen|6
|tier|UU
|rated
|rule|Sleep Clause Mod: Limit one foe put to sleep
|rule|Species Clause: Limit one of each PokÃ©mon
|rule|OHKO Clause: OHKO moves are banned
|rule|Moody Clause: Moody is banned
|rule|Evasion Moves Clause: Evasion moves are banned
|rule|Endless Battle Clause: Forcing endless battles is banned
|rule|HP Percentage Mod: HP is shown in percentages
|clearpoke
|poke|p1|Alakazam, M
|poke|p1|Crobat, F
|poke|p1|Swampert, F
|poke|p1|Florges, F
|poke|p1|Hydreigon, F
|poke|p1|Lucario, M
|poke|p2|Honchkrow, F
|poke|p2|Alakazam, M
|poke|p2|Florges, F
|poke|p2|Umbreon, F
|poke|p2|Crobat, F
|poke|p2|Mienshao, F
|rule|Swagger Clause: Swagger is banned
|rule|Baton Pass Clause: Limit one PokÃ©mon knowing Baton Pass
|teampreview
|
|start
|switch|p1a: Hydreigon|Hydreigon, F|325\/325
|switch|p2a: Mienshao|Mienshao, F|271\/271
|turn|1
|
|switch|p1a: Crobat|Crobat, F|311\/311
|move|p2a: Mienshao|High Jump Kick|p1a: Crobat
|-resisted|p1a: Crobat
|-damage|p1a: Crobat|248\/311
|
|-heal|p1a: Crobat|267\/311|[from] item: Leftovers
|turn|2
|join|Acce gor
|
|switch|p2a: Stall is lyfe|Umbreon, F|394\/394
|move|p1a: Crobat|Brave Bird|p2a: Stall is lyfe
|-damage|p2a: Stall is lyfe|276\/394
|-damage|p1a: Crobat|228\/311|[from] recoil|[of] p2a: Stall is lyfe
|
|-heal|p1a: Crobat|247\/311|[from] item: Leftovers
|-heal|p2a: Stall is lyfe|300\/394|[from] item: Leftovers
|turn|3
|
|move|p1a: Crobat|U-turn|p2a: Stall is lyfe
|-supereffective|p2a: Stall is lyfe
|-damage|p2a: Stall is lyfe|218\/394
|
|switch|p1a: Lucario|Lucario, M|281\/281
|move|p2a: Stall is lyfe|Wish|p2a: Stall is lyfe
|
|-heal|p2a: Stall is lyfe|242\/394|[from] item: Leftovers
|turn|4
|
|move|p1a: Lucario|Iron Tail|p2a: Stall is lyfe
|-damage|p2a: Stall is lyfe|93\/394
|-damage|p1a: Lucario|253\/281|[from] item: Life Orb
|move|p2a: Stall is lyfe|Foul Play|p1a: Lucario
|-resisted|p1a: Lucario
|-damage|p1a: Lucario|143\/281
|-boost|p1a: Lucario|atk|1|[from] ability: Justified
|
|-heal|p2a: Stall is lyfe|290\/394|[from] move: Wish|[wisher] Stall is lyfe
|-heal|p2a: Stall is lyfe|314\/394|[from] item: Leftovers
|turn|5
|
|move|p1a: Lucario|Swords Dance|p1a: Lucario
|-boost|p1a: Lucario|atk|2
|move|p2a: Stall is lyfe|Foul Play|p1a: Lucario
|-resisted|p1a: Lucario
|-damage|p1a: Lucario|0 fnt
|faint|p1a: Lucario
|
|-heal|p2a: Stall is lyfe|338\/394|[from] item: Leftovers
|
|switch|p1a: Florges|Florges, F|360\/360
|turn|6
|
|switch|p2a: Gen 2 BURD|Crobat, F|335\/335
|move|p1a: Florges|Moonblast|p2a: Gen 2 BURD
|-resisted|p2a: Gen 2 BURD
|-damage|p2a: Gen 2 BURD|259\/335
|-unboost|p2a: Gen 2 BURD|spa|1
|
|-heal|p2a: Gen 2 BURD|279\/335|[from] item: Black Sludge
|turn|7
|
|move|p2a: Gen 2 BURD|Brave Bird|p1a: Florges
|-damage|p1a: Florges|228\/360
|-damage|p2a: Gen 2 BURD|235\/335|[from] recoil|[of] p1a: Florges
|move|p1a: Florges|Wish|p1a: Florges
|
|-heal|p2a: Gen 2 BURD|255\/335|[from] item: Black Sludge
|-heal|p1a: Florges|250\/360|[from] item: Leftovers
|turn|8
|
|switch|p1a: Swampert|Swampert, F|404\/404
|move|p2a: Gen 2 BURD|U-turn|p1a: Swampert
|-damage|p1a: Swampert|355\/404
|
|switch|p2a: Bae|Florges, F|360\/360
|
|-heal|p1a: Swampert|404\/404|[from] move: Wish|[wisher] Florges
|turn|9
|
|switch|p1a: Crobat|Crobat, F|247\/311
|move|p2a: Bae|Moonblast|p1a: Crobat
|-resisted|p1a: Crobat
|-damage|p1a: Crobat|177\/311
|-unboost|p1a: Crobat|spa|1
|
|-heal|p1a: Crobat|196\/311|[from] item: Leftovers
|turn|10
|
|move|p1a: Crobat|Roost|p1a: Crobat
|-heal|p1a: Crobat|311\/311
|move|p2a: Bae|Moonblast|p1a: Crobat
|-resisted|p1a: Crobat
|-damage|p1a: Crobat|241\/311
|-unboost|p1a: Crobat|spa|1
|
|-heal|p1a: Crobat|260\/311|[from] item: Leftovers
|turn|11
|
|move|p1a: Crobat|Brave Bird|p2a: Bae
|-damage|p2a: Bae|131\/360
|-damage|p1a: Crobat|184\/311|[from] recoil|[of] p2a: Bae
|move|p2a: Bae|Wish|p2a: Bae
|
|-heal|p1a: Crobat|203\/311|[from] item: Leftovers
|-heal|p2a: Bae|153\/360|[from] item: Leftovers
|turn|12
|
|move|p2a: Bae|Protect|p2a: Bae
|-singleturn|p2a: Bae|Protect
|move|p1a: Crobat|Roost|p1a: Crobat
|-heal|p1a: Crobat|311\/311
|
|-heal|p2a: Bae|333\/360|[from] move: Wish|[wisher] Bae
|-heal|p2a: Bae|355\/360|[from] item: Leftovers
|turn|13
|
|switch|p2a: Stall is lyfe|Umbreon, F|338\/394
|move|p1a: Crobat|U-turn|p2a: Stall is lyfe
|-supereffective|p2a: Stall is lyfe
|-damage|p2a: Stall is lyfe|244\/394
|
|switch|p1a: Alakazam|Alakazam, M|252\/252
|
|-heal|p2a: Stall is lyfe|268\/394|[from] item: Leftovers
|turn|14
|
|detailschange|p1a: Alakazam|Alakazam-Mega, M
|message|Alakazam has Mega Evolved into Mega Alakazam!
|-ability|p1a: Alakazam|Synchronize|[from] ability: Trace|[of] p2a: Stall is lyfe
|move|p1a: Alakazam|Focus Blast|p2a: Stall is lyfe
|-supereffective|p2a: Stall is lyfe
|-damage|p2a: Stall is lyfe|0 fnt
|faint|p2a: Stall is lyfe
|
|
|switch|p2a: Mienshao|Mienshao, F|271\/271
|turn|15
|
|switch|p1a: Crobat|Crobat, F|311\/311
|move|p2a: Mienshao|Knock Off|p1a: Crobat
|-damage|p1a: Crobat|187\/311
|-enditem|p1a: Crobat|Leftovers|[from] move: Knock Off|[of] p2a: Mienshao
|
|turn|16
|
|switch|p2a: Bae|Florges, F|355\/360
|move|p1a: Crobat|Brave Bird|p2a: Bae
|-damage|p2a: Bae|118\/360
|-damage|p1a: Crobat|109\/311|[from] recoil|[of] p2a: Bae
|
|-heal|p2a: Bae|140\/360|[from] item: Leftovers
|turn|17
|
|move|p1a: Crobat|Brave Bird|p2a: Bae
|-damage|p2a: Bae|0 fnt
|-damage|p1a: Crobat|63\/311|[from] recoil|[of] p2a: Bae
|faint|p2a: Bae
|
|
|switch|p2a: Just A Bird|Honchkrow, F|341\/341
|turn|18
|
|move|p1a: Crobat|Brave Bird|p2a: Just A Bird
|-damage|p2a: Just A Bird|55\/341
|-damage|p1a: Crobat|0 fnt|[from] recoil|[of] p2a: Just A Bird
|faint|p1a: Crobat
|move|p2a: Just A Bird|Brave Bird|p1: Crobat|[notarget]
|-notarget
|
|
|switch|p1a: Hydreigon|Hydreigon, F|325\/325
|turn|19
|
|switch|p2a: Gen 2 BURD|Crobat, F|255\/335
|move|p1a: Hydreigon|Draco Meteor|p2a: Gen 2 BURD
|-damage|p2a: Gen 2 BURD|0 fnt
|-unboost|p1a: Hydreigon|spa|2
|faint|p2a: Gen 2 BURD
|
|
|switch|p2a: Ban Me|Alakazam, M|251\/251
|turn|20
|
|switch|p1a: Alakazam|Alakazam-Mega, M|252\/252
|-ability|p1a: Alakazam|Magic Guard|[from] ability: Trace|[of] p2a: Ban Me
|detailschange|p2a: Ban Me|Alakazam-Mega, M
|message|Alakazam has Mega Evolved into Mega Alakazam!
|-ability|p2a: Ban Me|Magic Guard|[from] ability: Trace|[of] p1a: Alakazam
|move|p2a: Ban Me|Substitute|p2a: Ban Me
|-start|p2a: Ban Me|Substitute
|-damage|p2a: Ban Me|189\/251
|
|turn|21
|
|move|p1a: Alakazam|Shadow Ball|p2a: Ban Me
|-supereffective|p2a: Ban Me
|-end|p2a: Ban Me|Substitute
|move|p2a: Ban Me|Shadow Ball|p1a: Alakazam
|-supereffective|p1a: Alakazam
|-damage|p1a: Alakazam|0 fnt
|faint|p1a: Alakazam
|
|
|switch|p1a: Hydreigon|Hydreigon, F|325\/325
|turn|22
|
|switch|p2a: Just A Bird|Honchkrow, F|55\/341
|move|p1a: Hydreigon|Dark Pulse|p2a: Just A Bird
|-resisted|p2a: Just A Bird
|-damage|p2a: Just A Bird|0 fnt
|faint|p2a: Just A Bird
|
|
|switch|p2a: Mienshao|Mienshao, F|271\/271
|turn|23
|
|switch|p1a: Swampert|Swampert, F|404\/404
|move|p2a: Mienshao|U-turn|p1a: Swampert
|-damage|p1a: Swampert|336\/404
|
|switch|p2a: Ban Me|Alakazam-Mega, M|189\/251
|-ability|p2a: Ban Me|Torrent|[from] ability: Trace|[of] p1a: Swampert
|
|-heal|p1a: Swampert|361\/404|[from] item: Leftovers
|turn|24
|
|move|p2a: Ban Me|Focus Blast|p1a: Swampert
|-damage|p1a: Swampert|157\/404
|-unboost|p1a: Swampert|spd|1
|move|p1a: Swampert|Earthquake|p2a: Ban Me
|-damage|p2a: Ban Me|18\/251
|
|-heal|p1a: Swampert|182\/404|[from] item: Leftovers
|turn|25
|
|move|p2a: Ban Me|Psyshock|p1a: Swampert
|-damage|p1a: Swampert|38\/404
|move|p1a: Swampert|Earthquake|p2a: Ban Me
|-damage|p2a: Ban Me|0 fnt
|faint|p2a: Ban Me
|
|-heal|p1a: Swampert|63\/404|[from] item: Leftovers
|-message|KingT9722 forfeited.
|
|switch|p2a: Mienshao|Mienshao, F|271\/271
|turn|26
|leave|KingT9722
|
|win|greyheracross
|raw|Ladder updating...
|player|p2
|raw|greyheracross's rating: 1503 &rarr; <strong>1518<\/strong><br \/>(+15 for winning)
|raw|KingT9722's rating: 1412 &rarr; <strong>1397<\/strong><br \/>(-15 for losing)