|join|Oneth
|join|Greyheracross
|player|p1|Oneth|180
|player|p2|Greyheracross|162
|gametype|singles
|gen|6
|tier|UU
|rated
|rule|Sleep Clause Mod: Limit one foe put to sleep
|rule|Species Clause: Limit one of each PokÃ©mon
|rule|OHKO Clause: OHKO moves are banned
|rule|Moody Clause: Moody is banned
|rule|Evasion Moves Clause: Evasion moves are banned
|rule|Endless Battle Clause: Forcing endless battles is banned
|rule|HP Percentage Mod: HP is reported as percentages
|clearpoke
|poke|p1|Chandelure, F
|poke|p1|Slowbro, F
|poke|p1|Krookodile, M
|poke|p1|Crobat, F
|poke|p1|Blissey, F
|poke|p1|Aggron, F
|poke|p2|Shuckle, M
|poke|p2|Honchkrow, M
|poke|p2|Chandelure, M
|poke|p2|Haxorus, M
|poke|p2|Florges, F
|poke|p2|Lucario, M
|rule|Swagger Clause: Swagger is banned
|rule|Baton Pass Clause: Limit one PokÃ©mon knowing Baton Pass
|teampreview
|chat|Oneth|gl hf
|
|start
|switch|p1a: Chandelure|Chandelure, F|322\/322
|switch|p2a: Chandelure|Chandelure, M|261\/261
|turn|1
|
|switch|p2a: Shuckle|Shuckle, M|244\/244
|switch|p1a: AV obv|Blissey, F|714\/714
|
|turn|2
|
|switch|p1a: Purp drank|Crobat, F|342\/342
|move|p2a: Shuckle|Stealth Rock|p1a: Purp drank
|-sidestart|p1: Oneth|move: Stealth Rock
|
|turn|3
|
|move|p1a: Purp drank|Defog|p2a: Shuckle
|-unboost|p2a: Shuckle|evasion|1
|-sideend|p1: Oneth|Stealth Rock|[from] move: Defog|[of] p1a: Purp drank
|move|p2a: Shuckle|Encore|p1a: Purp drank
|-start|p1a: Purp drank|Encore
|
|turn|4
|join|tendetta
|
|switch|p1a: Chandelure|Chandelure, F|322\/322
|move|p2a: Shuckle|Stealth Rock|p1a: Chandelure
|-sidestart|p1: Oneth|move: Stealth Rock
|
|turn|5
|
|move|p1a: Chandelure|Shadow Ball|p2a: Shuckle
|-damage|p2a: Shuckle|169\/244
|-unboost|p2a: Shuckle|spd|1
|move|p2a: Shuckle|Knock Off|p1a: Chandelure
|-supereffective|p1a: Chandelure
|-damage|p1a: Chandelure|280\/322
|-enditem|p1a: Chandelure|Leftovers|[from] move: Knock Off|[of] p2a: Shuckle
|
|turn|6
|
|move|p1a: Chandelure|Shadow Ball|p2a: Shuckle
|-damage|p2a: Shuckle|57\/244
|-unboost|p2a: Shuckle|spd|1
|move|p2a: Shuckle|Encore|p1a: Chandelure
|-start|p1a: Chandelure|Encore
|
|turn|7
|
|switch|p2a: Honchkrow|Honchkrow, M|341\/341
|move|p1a: Chandelure|Shadow Ball|p2a: Honchkrow
|-resisted|p2a: Honchkrow
|-damage|p2a: Honchkrow|200\/341
|
|turn|8
|
|switch|p1a: Lucario Counter|Aggron, F|344\/344
|-damage|p1a: Lucario Counter|323\/344|[from] Stealth Rock
|move|p2a: Honchkrow|Superpower|p1a: Lucario Counter
|-supereffective|p1a: Lucario Counter
|-damage|p1a: Lucario Counter|0 fnt
|-unboost|p2a: Honchkrow|atk|1
|-unboost|p2a: Honchkrow|def|1
|-damage|p2a: Honchkrow|166\/341|[from] item: Life Orb
|faint|p1a: Lucario Counter
|-boost|p2a: Honchkrow|atk|1|[from] ability: Moxie
|
|
|switch|p1a: Huh?|Slowbro, F|394\/394
|-damage|p1a: Huh?|345\/394|[from] Stealth Rock
|turn|9
|
|switch|p2a: Shuckle|Shuckle, M|57\/244
|move|p1a: Huh?|Scald|p2a: Shuckle
|-supereffective|p2a: Shuckle
|-damage|p2a: Shuckle|0 fnt
|faint|p2a: Shuckle
|
|
|switch|p2a: Chandelure|Chandelure, M|261\/261
|turn|10
|
|switch|p1a: AV obv|Blissey, F|714\/714
|-damage|p1a: AV obv|625\/714|[from] Stealth Rock
|move|p2a: Chandelure|Shadow Ball|p1a: AV obv
|-immune|p1a: AV obv|[msg]
|
|-heal|p1a: AV obv|669\/714|[from] item: Leftovers
|turn|11
|
|move|p2a: Chandelure|Taunt|p1a: AV obv
|-start|p1a: AV obv|move: Taunt
|cant|p1a: AV obv|move: Taunt|Wish
|
|-heal|p1a: AV obv|713\/714|[from] item: Leftovers
|turn|12
|
|move|p2a: Chandelure|Shadow Ball|p1a: AV obv
|-immune|p1a: AV obv|[msg]
|move|p1a: AV obv|Seismic Toss|p2a: Chandelure
|-immune|p2a: Chandelure|[msg]
|
|-heal|p1a: AV obv|714\/714|[from] item: Leftovers
|turn|13
|
|move|p2a: Chandelure|Shadow Ball|p1a: AV obv
|-immune|p1a: AV obv|[msg]
|move|p1a: AV obv|Seismic Toss|p2a: Chandelure
|-immune|p2a: Chandelure|[msg]
|
|-end|p1a: AV obv|move: Taunt
|turn|14
|
|switch|p1a: El Bandito|Krookodile, M|332\/332
|-damage|p1a: El Bandito|312\/332|[from] Stealth Rock
|-ability|p1a: El Bandito|Intimidate|[of] p2a: Chandelure
|-unboost|p2a: Chandelure|atk|1
|move|p2a: Chandelure|Fire Blast|p1a: El Bandito
|-damage|p1a: El Bandito|0 fnt
|-damage|p2a: Chandelure|235\/261|[from] item: Life Orb
|faint|p1a: El Bandito
|
|
|switch|p1a: Purp drank|Crobat, F|342\/342
|-damage|p1a: Purp drank|257\/342|[from] Stealth Rock
|turn|15
|
|move|p1a: Purp drank|Defog|p2a: Chandelure
|-unboost|p2a: Chandelure|evasion|1
|-sideend|p1: Oneth|Stealth Rock|[from] move: Defog|[of] p1a: Purp drank
|move|p2a: Chandelure|Fire Blast|p1a: Purp drank
|-damage|p1a: Purp drank|0 fnt
|-damage|p2a: Chandelure|209\/261|[from] item: Life Orb
|faint|p1a: Purp drank
|
|chat|Oneth|gg
|-message|Oneth forfeited.
|
|win|Greyheracross
|raw|Ladder updating...
|raw|Oneth's rating: 1564 &rarr; <strong>1546<\/strong><br \/>(-18 for losing)
|raw|Greyheracross's rating: 1595 &rarr; <strong>1613<\/strong><br \/>(+18 for winning)
|leave|Oneth
|player|p1
|leave|tendetta