|join|quotenschwarzer
|join|Greyheracross
|player|p1|quotenschwarzer|1
|player|p2|Greyheracross|162
|gametype|singles
|gen|6
|tier|UU
|rated
|rule|Sleep Clause Mod: Limit one foe put to sleep
|rule|Species Clause: Limit one of each PokÃ©mon
|rule|OHKO Clause: OHKO moves are banned
|rule|Moody Clause: Moody is banned
|rule|Evasion Moves Clause: Evasion moves are banned
|rule|Endless Battle Clause: Forcing endless battles is banned
|rule|HP Percentage Mod: HP is reported as percentages
|clearpoke
|poke|p1|Infernape, M
|poke|p1|Celebi
|poke|p1|Swampert, F
|poke|p1|Starmie
|poke|p1|Honchkrow, F
|poke|p1|Raikou
|poke|p2|Shuckle, F
|poke|p2|Honchkrow, F
|poke|p2|Chandelure, M
|poke|p2|Haxorus, M
|poke|p2|Florges, F
|poke|p2|Lucario, M
|rule|Swagger Clause: Swagger is banned
|rule|Baton Pass Clause: Limit one PokÃ©mon knowing Baton Pass
|teampreview
|join|tendetta
|
|start
|switch|p1a: Raikou|Raikou|321\/321
|switch|p2a: Haxorus|Haxorus, M|293\/293
|-ability|p1a: Raikou|Pressure
|-ability|p2a: Haxorus|Mold Breaker
|turn|1
|
|move|p1a: Raikou|Volt Switch|p2a: Haxorus
|-resisted|p2a: Haxorus
|-damage|p2a: Haxorus|210\/293
|
|switch|p1a: Swampert|Swampert, F|403\/403
|move|p2a: Haxorus|Outrage|p1a: Swampert
|-damage|p1a: Swampert|205\/403
|
|-heal|p1a: Swampert|230\/403|[from] item: Leftovers
|turn|2
|
|move|p2a: Haxorus|Outrage|p1a: Swampert
|-damage|p1a: Swampert|26\/403
|move|p1a: Swampert|Ice Beam|p2a: Haxorus
|-supereffective|p2a: Haxorus
|-damage|p2a: Haxorus|54\/293
|
|-heal|p1a: Swampert|51\/403|[from] item: Leftovers
|turn|3
|
|switch|p1a: Celebi|Celebi|403\/403
|move|p2a: Haxorus|Outrage|p1a: Celebi
|-damage|p1a: Celebi|159\/403
|
|-end|p2a: Haxorus|rampage
|-start|p2a: Haxorus|confusion
|-heal|p1a: Celebi|184\/403|[from] item: Leftovers
|-enditem|p2a: Haxorus|Lum Berry|[eat]
|-end|p2a: Haxorus|confusion
|turn|4
|
|move|p2a: Haxorus|Poison Jab|p1a: Celebi
|-supereffective|p1a: Celebi
|-damage|p1a: Celebi|0 fnt
|faint|p1a: Celebi
|
|
|switch|p1a: Raikou|Raikou|321\/321
|-ability|p1a: Raikou|Pressure
|turn|5
|
|switch|p2a: Florges|Florges, F|350\/350
|move|p1a: Raikou|Volt Switch|p2a: Florges
|-damage|p2a: Florges|259\/350
|
|switch|p1a: Honchkrow|Honchkrow, F|341\/341
|
|-heal|p2a: Florges|280\/350|[from] item: Leftovers
|turn|6
|
|move|p1a: Honchkrow|Brave Bird|p2a: Florges
|-damage|p2a: Florges|25\/350
|-damage|p1a: Honchkrow|257\/341|[from] recoil|[of] p2a: Florges
|-damage|p1a: Honchkrow|223\/341|[from] item: Life Orb
|move|p2a: Florges|Moonblast|p1a: Honchkrow
|-supereffective|p1a: Honchkrow
|-damage|p1a: Honchkrow|0 fnt
|faint|p1a: Honchkrow
|
|-heal|p2a: Florges|46\/350|[from] item: Leftovers
|
|switch|p1a: Raikou|Raikou|321\/321
|-ability|p1a: Raikou|Pressure
|turn|7
|
|move|p2a: Florges|Protect|p2a: Florges
|-singleturn|p2a: Florges|Protect
|move|p1a: Raikou|Volt Switch|p2a: Florges
|-activate|p2a: Florges|Protect
|
|-heal|p2a: Florges|67\/350|[from] item: Leftovers
|turn|8
|
|move|p2a: Florges|Protect|p2a: Florges
|-singleturn|p2a: Florges|Protect
|move|p1a: Raikou|Volt Switch|p2a: Florges
|-activate|p2a: Florges|Protect
|
|-heal|p2a: Florges|88\/350|[from] item: Leftovers
|turn|9
|
|move|p1a: Raikou|Volt Switch|p2a: Florges
|-damage|p2a: Florges|0 fnt
|faint|p2a: Florges
|
|switch|p1a: Infernape|Infernape, M|293\/293
|
|
|switch|p2a: Shuckle|Shuckle, F|244\/244
|turn|10
|
|move|p1a: Infernape|Flamethrower|p2a: Shuckle
|-damage|p2a: Shuckle|170\/244
|-damage|p1a: Infernape|264\/293|[from] item: Life Orb
|move|p2a: Shuckle|Sticky Web|p1a: Infernape
|-sidestart|p1: quotenschwarzer|move: Sticky Web
|
|turn|11
|
|switch|p1a: Starmie|Starmie|261\/261
|-activate|p1a: Starmie|move: Sticky Web
|-unboost|p1a: Starmie|spe|1
|move|p2a: Shuckle|Knock Off|p1a: Starmie
|-supereffective|p1a: Starmie
|-damage|p1a: Starmie|221\/261
|-enditem|p1a: Starmie|Life Orb|[from] move: Knock Off|[of] p2a: Shuckle
|
|turn|12
|
|switch|p2a: Chandelure|Chandelure, M|261\/261
|move|p1a: Starmie|Hydro Pump|p2a: Chandelure|[miss]
|-miss|p1a: Starmie|p2a: Chandelure
|
|turn|13
|-message|quotenschwarzer forfeited.
|
|win|Greyheracross
|raw|Ladder updating...
|leave|quotenschwarzer
|player|p1
|raw|quotenschwarzer's rating: 1463 &rarr; <strong>1452<\/strong><br \/>(-11 for losing)
|raw|Greyheracross's rating: 1630 &rarr; <strong>1641<\/strong><br \/>(+11 for winning)
|chat|tendetta|lol
|leave|tendetta