|join|xChance
|join|Greyheracross
|player|p1|xChance|108
|player|p2|Greyheracross|162
|gametype|singles
|gen|6
|tier|UU
|rated
|rule|Sleep Clause Mod: Limit one foe put to sleep
|rule|Species Clause: Limit one of each PokÃ©mon
|rule|OHKO Clause: OHKO moves are banned
|rule|Moody Clause: Moody is banned
|rule|Evasion Moves Clause: Evasion moves are banned
|rule|Endless Battle Clause: Forcing endless battles is banned
|rule|HP Percentage Mod: HP is reported as percentages
|clearpoke
|poke|p1|Porygon-Z
|poke|p1|Victini
|poke|p1|Starmie
|poke|p1|Flygon, F
|poke|p1|Aggron, M
|poke|p1|Honchkrow, F
|poke|p2|Shuckle, M
|poke|p2|Honchkrow, F
|poke|p2|Chandelure, F
|poke|p2|Haxorus, F
|poke|p2|Suicune
|poke|p2|Lucario, F
|rule|Swagger Clause: Swagger is banned
|rule|Baton Pass Clause: Limit one PokÃ©mon knowing Baton Pass
|teampreview
|join|just2bquiet
|
|start
|switch|p1a: Aggron|Aggron, M|344\/344
|switch|p2a: Shuckle|Shuckle, M|244\/244
|turn|1
|
|detailschange|p1a: Aggron|Aggron-Mega, M
|message|Aggron has Mega Evolved into Mega Aggron!
|move|p1a: Aggron|Heavy Slam|p2a: Shuckle
|-supereffective|p2a: Shuckle
|-damage|p2a: Shuckle|70\/244
|move|p2a: Shuckle|Stealth Rock|p1a: Aggron
|-sidestart|p1: xChance|move: Stealth Rock
|
|turn|2
|
|switch|p2a: Suicune|Suicune|401\/401
|-ability|p2a: Suicune|Pressure
|move|p1a: Aggron|Heavy Slam|p2a: Suicune
|-resisted|p2a: Suicune
|-damage|p2a: Suicune|367\/401
|
|-heal|p2a: Suicune|392\/401|[from] item: Leftovers
|turn|3
|
|move|p2a: Suicune|Calm Mind|p2a: Suicune
|-boost|p2a: Suicune|spa|1
|-boost|p2a: Suicune|spd|1
|move|p1a: Aggron|Stealth Rock|p2a: Suicune
|-sidestart|p2: Greyheracross|move: Stealth Rock
|
|-heal|p2a: Suicune|401\/401|[from] item: Leftovers
|turn|4
|
|move|p2a: Suicune|Scald|p1a: Aggron
|-crit|p1a: Aggron
|-damage|p1a: Aggron|154\/344
|move|p1a: Aggron|Roar|p2a: Suicune
|drag|p2a: Shuckle|Shuckle, M|70\/244
|-damage|p2a: Shuckle|9\/244|[from] Stealth Rock
|
|turn|5
|
|switch|p2a: Suicune|Suicune|401\/401
|-damage|p2a: Suicune|351\/401|[from] Stealth Rock
|-ability|p2a: Suicune|Pressure
|move|p1a: Aggron|Heavy Slam|p2a: Suicune
|-resisted|p2a: Suicune
|-damage|p2a: Suicune|319\/401
|
|-heal|p2a: Suicune|344\/401|[from] item: Leftovers
|turn|6
|
|move|p2a: Suicune|Scald|p1a: Aggron
|-damage|p1a: Aggron|75\/344
|-status|p1a: Aggron|brn
|move|p1a: Aggron|Roar|p2a: Suicune
|drag|p2a: Honchkrow|Honchkrow, F|341\/341
|-damage|p2a: Honchkrow|256\/341|[from] Stealth Rock
|
|-damage|p1a: Aggron|32\/344 brn|[from] brn
|turn|7
|
|move|p2a: Honchkrow|Night Slash|p1a: Aggron
|-damage|p1a: Aggron|0 fnt
|-damage|p2a: Honchkrow|222\/341|[from] item: Life Orb
|faint|p1a: Aggron
|-boost|p2a: Honchkrow|atk|1|[from] ability: Moxie
|
|
|switch|p1a: Honchkrow|Honchkrow, F|341\/341
|-damage|p1a: Honchkrow|256\/341|[from] Stealth Rock
|turn|8
|
|switch|p2a: Shuckle|Shuckle, M|9\/244
|-damage|p2a: Shuckle|0 fnt|[from] Stealth Rock
|faint|p2a: Shuckle
|move|p1a: Honchkrow|Sucker Punch|p2: Shuckle|[notarget]
|-notarget
|
|
|switch|p2a: Haxorus|Haxorus, F|293\/293
|-damage|p2a: Haxorus|257\/293|[from] Stealth Rock
|-ability|p2a: Haxorus|Mold Breaker
|turn|9
|
|move|p2a: Haxorus|Outrage|p1a: Honchkrow
|-damage|p1a: Honchkrow|0 fnt
|faint|p1a: Honchkrow
|
|
|switch|p1a: Porygon-Z|Porygon-Z|344\/344
|-damage|p1a: Porygon-Z|301\/344|[from] Stealth Rock
|turn|10
|
|move|p2a: Haxorus|Outrage|p1a: Porygon-Z
|-damage|p1a: Porygon-Z|0 fnt
|faint|p1a: Porygon-Z
|
|
|switch|p1a: Starmie|Starmie|261\/261
|-damage|p1a: Starmie|229\/261|[from] Stealth Rock
|turn|11
|
|move|p1a: Starmie|Ice Beam|p2a: Haxorus
|-supereffective|p2a: Haxorus
|-damage|p2a: Haxorus|0 fnt
|-damage|p1a: Starmie|203\/261|[from] item: Life Orb
|faint|p2a: Haxorus
|
|
|switch|p2a: Honchkrow|Honchkrow, F|222\/341
|-damage|p2a: Honchkrow|137\/341|[from] Stealth Rock
|turn|12
|
|move|p2a: Honchkrow|Sucker Punch|p1a: Starmie
|-supereffective|p1a: Starmie
|-damage|p1a: Starmie|0 fnt
|-damage|p2a: Honchkrow|103\/341|[from] item: Life Orb
|faint|p1a: Starmie
|-boost|p2a: Honchkrow|atk|1|[from] ability: Moxie
|
|
|switch|p1a: Flygon|Flygon, F|301\/301
|-damage|p1a: Flygon|283\/301|[from] Stealth Rock
|turn|13
|chat|just2bquiet|mm?
|
|move|p2a: Honchkrow|Sucker Punch|p1a: Flygon
|-damage|p1a: Flygon|0 fnt
|-damage|p2a: Honchkrow|69\/341|[from] item: Life Orb
|faint|p1a: Flygon
|-boost|p2a: Honchkrow|atk|1|[from] ability: Moxie
|
|chat|xChance|???
|chat|just2bquiet|mayhem makers
|chat|xChance|gg
|chat|Greyheracross|gg
|chat|xChance|im not sure what that is haha
|
|switch|p1a: Victini|Victini|341\/341
|-damage|p1a: Victini|256\/341|[from] Stealth Rock
|turn|14
|chat|just2bquiet|oh kk nvm
|chat|just2bquiet|:P
|chat|just2bquiet|names familiar
|
|move|p2a: Honchkrow|Sucker Punch|p1a: Victini
|-supereffective|p1a: Victini
|-damage|p1a: Victini|0 fnt
|-damage|p2a: Honchkrow|35\/341|[from] item: Life Orb
|faint|p1a: Victini
|-boost|p2a: Honchkrow|atk|1|[from] ability: Moxie
|
|win|Greyheracross
|raw|Ladder updating...
|raw|xChance's rating: 1430 &rarr; <strong>1415<\/strong><br \/>(-15 for losing)
|raw|Greyheracross's rating: 1527 &rarr; <strong>1541<\/strong><br \/>(+14 for winning)