|join|Kaboobtops
|join|Greyheracross
|player|p1|Kaboobtops|282
|player|p2|Greyheracross|162
|gametype|singles
|gen|6
|tier|UU
|rated
|rule|Sleep Clause Mod: Limit one foe put to sleep
|rule|Species Clause: Limit one of each PokÃ©mon
|rule|OHKO Clause: OHKO moves are banned
|rule|Moody Clause: Moody is banned
|rule|Evasion Moves Clause: Evasion moves are banned
|rule|Endless Battle Clause: Forcing endless battles is banned
|rule|HP Percentage Mod: HP is reported as percentages
|clearpoke
|poke|p1|Chesnaught, M
|poke|p1|Rotom-Heat
|poke|p1|Empoleon, M
|poke|p1|Reuniclus, M
|poke|p1|Clefairy, M
|poke|p1|Hydreigon, M
|poke|p2|Shuckle, M
|poke|p2|Honchkrow, F
|poke|p2|Chandelure, M
|poke|p2|Haxorus, F
|poke|p2|Suicune
|poke|p2|Lucario, M
|rule|Swagger Clause: Swagger is banned
|rule|Baton Pass Clause: Limit one PokÃ©mon knowing Baton Pass
|teampreview
|join|just2bquiet
|
|start
|switch|p1a: Empoleon|Empoleon, M|372\/372
|switch|p2a: Shuckle|Shuckle, M|244\/244
|turn|1
|
|move|p1a: Empoleon|Toxic|p2a: Shuckle
|-status|p2a: Shuckle|tox
|move|p2a: Shuckle|Stealth Rock|p1a: Empoleon
|-sidestart|p1: Kaboobtops|move: Stealth Rock
|
|-damage|p2a: Shuckle|229\/244 tox|[from] psn
|turn|2
|
|move|p1a: Empoleon|Defog|p2a: Shuckle
|-unboost|p2a: Shuckle|evasion|1
|-sideend|p1: Kaboobtops|Stealth Rock|[from] move: Defog|[of] p1a: Empoleon
|move|p2a: Shuckle|Sticky Web|p1a: Empoleon
|-sidestart|p1: Kaboobtops|move: Sticky Web
|
|-damage|p2a: Shuckle|199\/244 tox|[from] psn
|turn|3
|
|move|p1a: Empoleon|Defog|p2a: Shuckle
|-unboost|p2a: Shuckle|evasion|1
|-sideend|p1: Kaboobtops|Sticky Web|[from] move: Defog|[of] p1a: Empoleon
|move|p2a: Shuckle|Encore|p1a: Empoleon
|-start|p1a: Empoleon|Encore
|
|-damage|p2a: Shuckle|154\/244 tox|[from] psn
|turn|4
|
|switch|p1a: Rotom-Heat|Rotom-Heat|303\/303
|move|p2a: Shuckle|Stealth Rock|p1a: Rotom-Heat
|-sidestart|p1: Kaboobtops|move: Stealth Rock
|
|-damage|p2a: Shuckle|94\/244 tox|[from] psn
|turn|5
|
|switch|p1a: Empoleon|Empoleon, M|372\/372
|-damage|p1a: Empoleon|349\/372|[from] Stealth Rock
|move|p2a: Shuckle|Sticky Web|p1a: Empoleon
|-sidestart|p1: Kaboobtops|move: Sticky Web
|
|-heal|p1a: Empoleon|372\/372|[from] item: Leftovers
|-damage|p2a: Shuckle|19\/244 tox|[from] psn
|turn|6
|
|move|p1a: Empoleon|Defog|p2a: Shuckle
|-unboost|p2a: Shuckle|evasion|1
|-sideend|p1: Kaboobtops|Stealth Rock|[from] move: Defog|[of] p1a: Empoleon
|-sideend|p1: Kaboobtops|Sticky Web|[from] move: Defog|[of] p1a: Empoleon
|move|p2a: Shuckle|Stealth Rock|p1a: Empoleon
|-sidestart|p1: Kaboobtops|move: Stealth Rock
|
|-damage|p2a: Shuckle|0 fnt|[from] psn
|faint|p2a: Shuckle
|
|switch|p2a: Haxorus|Haxorus, F|293\/293
|-ability|p2a: Haxorus|Mold Breaker
|turn|7
|
|switch|p1a: Clefairy|Clefairy, M|344\/344
|move|p2a: Haxorus|Earthquake|p1a: Clefairy
|-damage|p1a: Clefairy|247\/344
|
|turn|8
|
|move|p2a: Haxorus|Swords Dance|p2a: Haxorus
|-boost|p2a: Haxorus|atk|2
|move|p1a: Clefairy|Seismic Toss|p2a: Haxorus
|-damage|p2a: Haxorus|193\/293
|
|turn|9
|
|move|p2a: Haxorus|Poison Jab|p1a: Clefairy
|-supereffective|p1a: Clefairy
|-damage|p1a: Clefairy|0 fnt
|faint|p1a: Clefairy
|
|
|switch|p1a: Hydreigon|Hydreigon, M|325\/325
|-damage|p1a: Hydreigon|285\/325|[from] Stealth Rock
|turn|10
|
|switch|p2a: Suicune|Suicune|401\/401
|-ability|p2a: Suicune|Pressure
|move|p1a: Hydreigon|Draco Meteor|p2a: Suicune
|-damage|p2a: Suicune|193\/401
|-unboost|p1a: Hydreigon|spa|2
|
|-heal|p2a: Suicune|218\/401|[from] item: Leftovers
|turn|11
|
|switch|p1a: Empoleon|Empoleon, M|372\/372
|-damage|p1a: Empoleon|349\/372|[from] Stealth Rock
|move|p2a: Suicune|Calm Mind|p2a: Suicune
|-boost|p2a: Suicune|spa|1
|-boost|p2a: Suicune|spd|1
|
|-heal|p2a: Suicune|243\/401|[from] item: Leftovers
|-heal|p1a: Empoleon|372\/372|[from] item: Leftovers
|turn|12
|
|move|p2a: Suicune|Rest|p2a: Suicune
|-status|p2a: Suicune|slp
|-heal|p2a: Suicune|401\/401 slp|[silent]
|-status|p2a: Suicune|slp|[from] move: Rest
|move|p1a: Empoleon|Defog|p2a: Suicune
|-unboost|p2a: Suicune|evasion|1
|-sideend|p1: Kaboobtops|Stealth Rock|[from] move: Defog|[of] p1a: Empoleon
|
|turn|13
|
|cant|p2a: Suicune|slp
|move|p2a: Suicune|Sleep Talk|p2a: Suicune
|move|p2a: Suicune|Scald|p1a: Empoleon|[from]Sleep Talk
|-resisted|p1a: Empoleon
|-damage|p1a: Empoleon|326\/372
|-status|p1a: Empoleon|brn
|move|p1a: Empoleon|Roar|p2a: Suicune
|drag|p2a: Lucario|Lucario, M|281\/281
|
|-heal|p1a: Empoleon|349\/372 brn|[from] item: Leftovers
|-damage|p1a: Empoleon|303\/372 brn|[from] brn
|turn|14
|
|switch|p1a: Reuniclus|Reuniclus, M|423\/423
|move|p2a: Lucario|Close Combat|p1a: Reuniclus
|-resisted|p1a: Reuniclus
|-damage|p1a: Reuniclus|310\/423
|-unboost|p2a: Lucario|def|1
|-unboost|p2a: Lucario|spd|1
|-damage|p2a: Lucario|253\/281|[from] item: Life Orb
|
|-heal|p1a: Reuniclus|336\/423|[from] item: Leftovers
|turn|15
|
|switch|p2a: Honchkrow|Honchkrow, F|341\/341
|move|p1a: Reuniclus|Psyshock|p2a: Honchkrow
|-immune|p2a: Honchkrow|[msg]
|
|-heal|p1a: Reuniclus|362\/423|[from] item: Leftovers
|turn|16
|
|switch|p1a: Rotom-Heat|Rotom-Heat|303\/303
|move|p2a: Honchkrow|Night Slash|p1a: Rotom-Heat
|-damage|p1a: Rotom-Heat|181\/303
|-damage|p2a: Honchkrow|307\/341|[from] item: Life Orb
|
|-heal|p1a: Rotom-Heat|199\/303|[from] item: Leftovers
|turn|17
|
|switch|p2a: Chandelure|Chandelure, M|261\/261
|move|p1a: Rotom-Heat|Will-O-Wisp|p2a: Chandelure
|-start|p2a: Chandelure|ability: Flash Fire
|
|-heal|p1a: Rotom-Heat|217\/303|[from] item: Leftovers
|turn|18
|
|switch|p1a: Reuniclus|Reuniclus, M|362\/423
|move|p2a: Chandelure|Fire Blast|p1a: Reuniclus
|-damage|p1a: Reuniclus|0 fnt
|-damage|p2a: Chandelure|235\/261|[from] item: Life Orb
|faint|p1a: Reuniclus
|
|
|switch|p1a: Hydreigon|Hydreigon, M|285\/325
|turn|19
|
|switch|p2a: Lucario|Lucario, M|253\/281
|move|p1a: Hydreigon|U-turn|p2a: Lucario
|-resisted|p2a: Lucario
|-damage|p2a: Lucario|237\/281
|
|switch|p1a: Chesnaught|Chesnaught, M|380\/380
|
|turn|20
|
|switch|p2a: Chandelure|Chandelure, M|235\/261
|move|p1a: Chesnaught|Earthquake|p2a: Chandelure
|-supereffective|p2a: Chandelure
|-damage|p2a: Chandelure|0 fnt
|faint|p2a: Chandelure
|
|
|switch|p2a: Honchkrow|Honchkrow, F|307\/341
|turn|21
|
|switch|p1a: Rotom-Heat|Rotom-Heat|217\/303
|move|p2a: Honchkrow|Brave Bird|p1a: Rotom-Heat
|-resisted|p1a: Rotom-Heat
|-damage|p1a: Rotom-Heat|122\/303
|-damage|p2a: Honchkrow|276\/341|[from] recoil|[of] p1a: Rotom-Heat
|-damage|p2a: Honchkrow|242\/341|[from] item: Life Orb
|
|-heal|p1a: Rotom-Heat|140\/303|[from] item: Leftovers
|turn|22
|
|switch|p2a: Haxorus|Haxorus, F|193\/293
|-ability|p2a: Haxorus|Mold Breaker
|move|p1a: Rotom-Heat|Pain Split|p2a: Haxorus
|-sethp|p2a: Haxorus|166\/293|p1a: Rotom-Heat|166\/303|[from] move: Pain Split
|
|-heal|p1a: Rotom-Heat|184\/303|[from] item: Leftovers
|turn|23
|
|move|p2a: Haxorus|Earthquake|p1a: Rotom-Heat
|-supereffective|p1a: Rotom-Heat
|-damage|p1a: Rotom-Heat|0 fnt
|faint|p1a: Rotom-Heat
|
|
|switch|p1a: Chesnaught|Chesnaught, M|380\/380
|turn|24
|
|move|p2a: Haxorus|Outrage|p1a: Chesnaught
|-crit|p1a: Chesnaught
|-damage|p1a: Chesnaught|71\/380
|move|p1a: Chesnaught|Hammer Arm|p2a: Haxorus
|-damage|p2a: Haxorus|0 fnt
|-unboost|p1a: Chesnaught|spe|1
|faint|p2a: Haxorus
|
|
|switch|p2a: Honchkrow|Honchkrow, F|242\/341
|turn|25
|chat|Kaboobtops|the crit tho
|
|switch|p1a: Empoleon|Empoleon, M|303\/372 brn
|move|p2a: Honchkrow|Brave Bird|p1a: Empoleon
|-resisted|p1a: Empoleon
|-damage|p1a: Empoleon|124\/372 brn
|-damage|p2a: Honchkrow|183\/341|[from] recoil|[of] p1a: Empoleon
|-damage|p2a: Honchkrow|149\/341|[from] item: Life Orb
|
|-heal|p1a: Empoleon|147\/372 brn|[from] item: Leftovers
|-damage|p1a: Empoleon|101\/372 brn|[from] brn
|turn|26
|
|move|p2a: Honchkrow|Brave Bird|p1a: Empoleon
|-crit|p1a: Empoleon
|-resisted|p1a: Empoleon
|-damage|p1a: Empoleon|0 fnt
|-damage|p2a: Honchkrow|116\/341|[from] recoil|[of] p1a: Empoleon
|-damage|p2a: Honchkrow|82\/341|[from] item: Life Orb
|faint|p1a: Empoleon
|-boost|p2a: Honchkrow|atk|1|[from] ability: Moxie
|
|
|switch|p1a: Hydreigon|Hydreigon, M|285\/325
|turn|27
|
|move|p2a: Honchkrow|Sucker Punch|p1a: Hydreigon
|-resisted|p1a: Hydreigon
|-damage|p1a: Hydreigon|123\/325
|-damage|p2a: Honchkrow|48\/341|[from] item: Life Orb
|move|p1a: Hydreigon|Fire Blast|p2a: Honchkrow
|-damage|p2a: Honchkrow|0 fnt
|faint|p2a: Honchkrow
|
|
|switch|p2a: Lucario|Lucario, M|237\/281
|turn|28
|chat|Greyheracross|i dont think the crit mattered
|
|move|p2a: Lucario|Extreme Speed|p1a: Hydreigon
|-damage|p1a: Hydreigon|0 fnt
|-damage|p2a: Lucario|209\/281|[from] item: Life Orb
|faint|p1a: Hydreigon
|
|chat|Greyheracross|you're banded
|chat|Greyheracross|and cc from luke would still kill
|chat|Kaboobtops|your right
|chat|Kaboobtops|but they still no fun
|
|switch|p1a: Chesnaught|Chesnaught, M|71\/380
|turn|29
|chat|just2bquiet|whos left then?
|chat|Greyheracross|tru
|chat|Greyheracross|sorry fren :\/
|
|move|p2a: Lucario|Extreme Speed|p1a: Chesnaught
|-damage|p1a: Chesnaught|0 fnt
|-damage|p2a: Lucario|181\/281|[from] item: Life Orb
|faint|p1a: Chesnaught
|
|win|Greyheracross
|raw|Ladder updating...
|raw|Kaboobtops's rating: 1461 &rarr; <strong>1447<\/strong><br \/>(-14 for losing)
|raw|Greyheracross's rating: 1561 &rarr; <strong>1575<\/strong><br \/>(+14 for winning)
|chat|Kaboobtops|gg