|join|NefariousLombax
|join|greyheracross
|player|p1|NefariousLombax|170
|player|p2|greyheracross|162
|gametype|singles
|gen|6
|tier|UU
|rated
|rule|Sleep Clause Mod: Limit one foe put to sleep
|rule|Species Clause: Limit one of each PokÃ©mon
|rule|OHKO Clause: OHKO moves are banned
|rule|Moody Clause: Moody is banned
|rule|Evasion Moves Clause: Evasion moves are banned
|rule|Endless Battle Clause: Forcing endless battles is banned
|rule|HP Percentage Mod: HP is reported as percentages
|clearpoke
|poke|p1|Roserade, F
|poke|p1|Arcanine, M
|poke|p1|Heracross, M
|poke|p1|Hippowdon, M
|poke|p1|Reuniclus, M
|poke|p1|Suicune
|poke|p2|Shuckle, M
|poke|p2|Honchkrow, F
|poke|p2|Chandelure, M
|poke|p2|Haxorus, M
|poke|p2|Suicune
|poke|p2|Lucario, M
|rule|Swagger Clause: Swagger is banned
|rule|Baton Pass Clause: Limit one PokÃ©mon knowing Baton Pass
|teampreview
|join|just2bquiet
|
|start
|switch|p1a: Jade|Roserade, F|324\/324
|switch|p2a: Shuckle|Shuckle, M|244\/244
|turn|1
|
|move|p1a: Jade|Sleep Powder|p2a: Shuckle
|-status|p2a: Shuckle|slp
|cant|p2a: Shuckle|slp
|
|turn|2
|
|switch|p1a: Absurdly OP|Suicune|404\/404
|-ability|p1a: Absurdly OP|Pressure
|-curestatus|p2a: Shuckle|slp
|move|p2a: Shuckle|Knock Off|p1a: Absurdly OP
|-damage|p1a: Absurdly OP|391\/404
|-enditem|p1a: Absurdly OP|Leftovers|[from] move: Knock Off|[of] p2a: Shuckle
|
|turn|3
|
|move|p1a: Absurdly OP|Calm Mind|p1a: Absurdly OP
|-boost|p1a: Absurdly OP|spa|1
|-boost|p1a: Absurdly OP|spd|1
|move|p2a: Shuckle|Encore|p1a: Absurdly OP
|-start|p1a: Absurdly OP|Encore
|
|turn|4
|
|switch|p2a: Haxorus|Haxorus, M|293\/293
|-ability|p2a: Haxorus|Mold Breaker
|move|p1a: Absurdly OP|Calm Mind|p1a: Absurdly OP
|-boost|p1a: Absurdly OP|spa|1
|-boost|p1a: Absurdly OP|spd|1
|
|turn|5
|
|move|p2a: Haxorus|Swords Dance|p2a: Haxorus
|-boost|p2a: Haxorus|atk|2
|move|p1a: Absurdly OP|Calm Mind|p1a: Absurdly OP
|-boost|p1a: Absurdly OP|spa|1
|-boost|p1a: Absurdly OP|spd|1
|
|turn|6
|
|move|p2a: Haxorus|Outrage|p1a: Absurdly OP
|-damage|p1a: Absurdly OP|54\/404
|move|p1a: Absurdly OP|Calm Mind|p1a: Absurdly OP
|-boost|p1a: Absurdly OP|spa|1
|-boost|p1a: Absurdly OP|spd|1
|
|-end|p1a: Absurdly OP|Encore
|turn|7
|
|move|p2a: Haxorus|Outrage|p1a: Absurdly OP
|-damage|p1a: Absurdly OP|0 fnt
|faint|p1a: Absurdly OP
|
|
|switch|p1a: Repede|Arcanine, M|383\/383
|-ability|p1a: Repede|Intimidate|[of] p2a: Haxorus
|-unboost|p2a: Haxorus|atk|1
|turn|8
|
|switch|p1a: The Murray|Hippowdon, M|420\/420
|move|p2a: Haxorus|Outrage|p1a: The Murray
|-damage|p1a: The Murray|188\/420
|-damage|p2a: Haxorus|245\/293|[from] item: Rocky Helmet|[of] p1a: The Murray
|
|-end|p2a: Haxorus|rampage
|-start|p2a: Haxorus|confusion
|-enditem|p2a: Haxorus|Lum Berry|[eat]
|-end|p2a: Haxorus|confusion
|turn|9
|-message|NefariousLombax forfeited.
|
|win|greyheracross
|raw|Ladder updating...
|leave|NefariousLombax
|player|p1
|raw|NefariousLombax's rating: 1371 &rarr; <strong>1358<\/strong><br \/>(-13 for losing)
|raw|greyheracross's rating: 1496 &rarr; <strong>1509<\/strong><br \/>(+13 for winning)
|leave|just2bquiet