|join|Greyheracross
|join|Erojas
|player|p1|Greyheracross|162
|player|p2|Erojas|101
|gametype|singles
|gen|6
|tier|UU
|rated
|rule|Sleep Clause Mod: Limit one foe put to sleep
|rule|Species Clause: Limit one of each PokÃ©mon
|rule|OHKO Clause: OHKO moves are banned
|rule|Moody Clause: Moody is banned
|rule|Evasion Moves Clause: Evasion moves are banned
|rule|Endless Battle Clause: Forcing endless battles is banned
|rule|HP Percentage Mod: HP is reported as percentages
|clearpoke
|poke|p1|Shuckle, M
|poke|p1|Honchkrow, F
|poke|p1|Chandelure, M
|poke|p1|Haxorus, F
|poke|p1|Suicune
|poke|p1|Lucario, M
|poke|p2|Infernape, M
|poke|p2|Empoleon, M
|poke|p2|Gligar, M
|poke|p2|Alakazam, M
|poke|p2|Raikou
|poke|p2|Absol, F
|rule|Swagger Clause: Swagger is banned
|rule|Baton Pass Clause: Limit one PokÃ©mon knowing Baton Pass
|teampreview
|join|just2bquiet
|
|start
|switch|p1a: Haxorus|Haxorus, F|293\/293
|switch|p2a: Dark angel|Absol, F|271\/271
|-ability|p1a: Haxorus|Mold Breaker
|-ability|p2a: Dark angel|Pressure
|turn|1
|
|switch|p2a: Kite|Gligar, M|334\/334
|move|p1a: Haxorus|Outrage|p2a: Kite
|-damage|p2a: Kite|220\/334
|
|turn|2
|
|move|p1a: Haxorus|Outrage|p2a: Kite
|-damage|p2a: Kite|102\/334
|move|p2a: Kite|Roost|p2a: Kite
|-heal|p2a: Kite|269\/334
|
|-end|p1a: Haxorus|rampage
|-start|p1a: Haxorus|confusion
|-enditem|p1a: Haxorus|Lum Berry|[eat]
|-end|p1a: Haxorus|confusion
|turn|3
|
|move|p1a: Haxorus|Swords Dance|p1a: Haxorus
|-boost|p1a: Haxorus|atk|2
|move|p2a: Kite|Knock Off|p1a: Haxorus
|-damage|p1a: Haxorus|245\/293
|
|turn|4
|
|move|p1a: Haxorus|Outrage|p2a: Kite
|-damage|p2a: Kite|41\/334
|move|p2a: Kite|Toxic|p1a: Haxorus
|-status|p1a: Haxorus|tox
|
|-damage|p1a: Haxorus|227\/293 tox|[from] psn
|turn|5
|
|move|p1a: Haxorus|Outrage|p2a: Kite
|-damage|p2a: Kite|0 fnt
|faint|p2a: Kite
|
|-end|p1a: Haxorus|rampage
|-start|p1a: Haxorus|confusion
|-damage|p1a: Haxorus|191\/293 tox|[from] psn
|
|switch|p2a: Two Spoonz|Alakazam, M|252\/252
|turn|6
|
|switch|p1a: Shuckle|Shuckle, M|244\/244
|move|p2a: Two Spoonz|Dazzling Gleam|p1a: Shuckle
|-damage|p1a: Shuckle|202\/244
|
|turn|7
|
|switch|p2a: Dark angel|Absol, F|271\/271
|-ability|p2a: Dark angel|Pressure
|move|p1a: Shuckle|Sticky Web|p2a: Dark angel
|-sidestart|p2: Erojas|move: Sticky Web
|
|turn|8
|
|switch|p1a: Suicune|Suicune|401\/401
|-ability|p1a: Suicune|Pressure
|detailschange|p2a: Dark angel|Absol-Mega, F
|message|Absol has Mega Evolved into Mega Absol!
|move|p2a: Dark angel|Swords Dance|p2a: Dark angel
|-boost|p2a: Dark angel|atk|2
|
|turn|9
|
|move|p2a: Dark angel|Knock Off|p1a: Suicune
|-damage|p1a: Suicune|130\/401
|-enditem|p1a: Suicune|Leftovers|[from] move: Knock Off|[of] p2a: Dark angel
|move|p1a: Suicune|Scald|p2a: Dark angel
|-damage|p2a: Dark angel|141\/271
|
|turn|10
|
|move|p2a: Dark angel|Superpower|p1a: Suicune
|-damage|p1a: Suicune|0 fnt
|-unboost|p2a: Dark angel|atk|1
|-unboost|p2a: Dark angel|def|1
|faint|p1a: Suicune
|
|
|switch|p1a: Lucario|Lucario, M|281\/281
|turn|11
|
|switch|p2a: Shady|Empoleon, M|372\/372
|-activate|p2a: Shady|move: Sticky Web
|-unboost|p2a: Shady|spe|1
|move|p1a: Lucario|Extreme Speed|p2a: Shady
|-resisted|p2a: Shady
|-damage|p2a: Shady|329\/372
|-damage|p1a: Lucario|253\/281|[from] item: Life Orb
|
|-heal|p2a: Shady|352\/372|[from] item: Leftovers
|turn|12
|
|move|p1a: Lucario|Close Combat|p2a: Shady
|-supereffective|p2a: Shady
|-damage|p2a: Shady|0 fnt
|-unboost|p1a: Lucario|def|1
|-unboost|p1a: Lucario|spd|1
|-damage|p1a: Lucario|225\/281|[from] item: Life Orb
|faint|p2a: Shady
|
|
|switch|p2a: Mojojojo|Infernape, M|293\/293
|-activate|p2a: Mojojojo|move: Sticky Web
|-unboost|p2a: Mojojojo|spe|1
|turn|13
|
|switch|p1a: Chandelure|Chandelure, M|261\/261
|switch|p2a: Dark angel|Absol-Mega, F|141\/271
|-activate|p2a: Dark angel|move: Sticky Web
|-unboost|p2a: Dark angel|spe|1
|
|turn|14
|
|switch|p1a: Haxorus|Haxorus, F|191\/293 tox
|-ability|p1a: Haxorus|Mold Breaker
|move|p2a: Dark angel|Knock Off|p1a: Haxorus
|-damage|p1a: Haxorus|62\/293 tox
|
|-damage|p1a: Haxorus|44\/293 tox|[from] psn
|turn|15
|
|move|p1a: Haxorus|Outrage|p2a: Dark angel
|-damage|p2a: Dark angel|0 fnt
|faint|p2a: Dark angel
|
|-damage|p1a: Haxorus|8\/293 tox|[from] psn
|
|switch|p2a: Mojojojo|Infernape, M|293\/293
|-activate|p2a: Mojojojo|move: Sticky Web
|-unboost|p2a: Mojojojo|spe|1
|turn|16
|
|move|p2a: Mojojojo|Mach Punch|p1a: Haxorus
|-damage|p1a: Haxorus|0 fnt
|faint|p1a: Haxorus
|
|
|switch|p1a: Chandelure|Chandelure, M|261\/261
|turn|17
|
|switch|p2a: Yellow power range|Raikou|322\/322
|-activate|p2a: Yellow power range|move: Sticky Web
|-unboost|p2a: Yellow power range|spe|1
|-ability|p2a: Yellow power range|Pressure
|move|p1a: Chandelure|Shadow Ball|p2a: Yellow power range
|-damage|p2a: Yellow power range|92\/322
|-unboost|p2a: Yellow power range|spd|1
|-damage|p1a: Chandelure|235\/261|[from] item: Life Orb
|
|turn|18
|
|switch|p1a: Shuckle|Shuckle, M|202\/244
|move|p2a: Yellow power range|Thunderbolt|p1a: Shuckle
|-crit|p1a: Shuckle
|-damage|p1a: Shuckle|57\/244
|
|turn|19
|
|move|p2a: Yellow power range|Thunderbolt|p1a: Shuckle
|-damage|p1a: Shuckle|0 fnt
|faint|p1a: Shuckle
|
|
|switch|p1a: Lucario|Lucario, M|225\/281
|turn|20
|
|move|p1a: Lucario|Extreme Speed|p2a: Yellow power range
|-damage|p2a: Yellow power range|0 fnt
|-damage|p1a: Lucario|197\/281|[from] item: Life Orb
|faint|p2a: Yellow power range
|
|
|switch|p2a: Mojojojo|Infernape, M|293\/293
|-activate|p2a: Mojojojo|move: Sticky Web
|-unboost|p2a: Mojojojo|spe|1
|turn|21
|
|move|p1a: Lucario|Extreme Speed|p2a: Mojojojo
|-damage|p2a: Mojojojo|121\/293
|-damage|p1a: Lucario|169\/281|[from] item: Life Orb
|move|p2a: Mojojojo|Thunder Punch|p1a: Lucario
|-crit|p1a: Lucario
|-damage|p1a: Lucario|0 fnt
|faint|p1a: Lucario
|
|
|switch|p1a: Chandelure|Chandelure, M|235\/261
|turn|22
|
|move|p1a: Chandelure|Shadow Ball|p2a: Mojojojo
|-damage|p2a: Mojojojo|0 fnt
|-damage|p1a: Chandelure|209\/261|[from] item: Life Orb
|faint|p2a: Mojojojo
|
|
|switch|p2a: Two Spoonz|Alakazam, M|252\/252
|-activate|p2a: Two Spoonz|move: Sticky Web
|-unboost|p2a: Two Spoonz|spe|1
|turn|23
|
|move|p1a: Chandelure|Shadow Ball|p2a: Two Spoonz
|-supereffective|p2a: Two Spoonz
|-enditem|p2a: Two Spoonz|Focus Sash
|-damage|p2a: Two Spoonz|1\/252
|-damage|p1a: Chandelure|183\/261|[from] item: Life Orb
|move|p2a: Two Spoonz|Shadow Ball|p1a: Chandelure
|-supereffective|p1a: Chandelure
|-damage|p1a: Chandelure|0 fnt
|faint|p1a: Chandelure
|
|
|switch|p1a: Honchkrow|Honchkrow, F|341\/341
|turn|24
|
|move|p1a: Honchkrow|Sucker Punch|p2a: Two Spoonz
|-crit|p2a: Two Spoonz
|-supereffective|p2a: Two Spoonz
|-damage|p2a: Two Spoonz|0 fnt
|-damage|p1a: Honchkrow|307\/341|[from] item: Life Orb
|faint|p2a: Two Spoonz
|-boost|p1a: Honchkrow|atk|1|[from] ability: Moxie
|
|win|Greyheracross
|raw|Ladder updating...
|raw|Greyheracross's rating: 1587 &rarr; <strong>1599<\/strong><br \/>(+12 for winning)
|raw|Erojas's rating: 1433 &rarr; <strong>1421<\/strong><br \/>(-12 for losing)
|leave|Erojas
|player|p2
|leave|just2bquiet