|join|greyheracross
|join|Kapranos
|player|p1|greyheracross|162
|player|p2|Kapranos|161
|gametype|singles
|gen|6
|tier|UU
|rated
|rule|Sleep Clause Mod: Limit one foe put to sleep
|rule|Species Clause: Limit one of each PokÃ©mon
|rule|OHKO Clause: OHKO moves are banned
|rule|Moody Clause: Moody is banned
|rule|Evasion Moves Clause: Evasion moves are banned
|rule|Endless Battle Clause: Forcing endless battles is banned
|rule|HP Percentage Mod: HP is reported as percentages
|clearpoke
|poke|p1|Empoleon, M
|poke|p1|Toxicroak, M
|poke|p1|Haxorus, M
|poke|p1|Tornadus, M
|poke|p1|Victini
|poke|p1|Suicune
|poke|p2|Florges, F
|poke|p2|Slowbro, M
|poke|p2|Noivern, F
|poke|p2|Lucario, M
|poke|p2|Krookodile, F
|poke|p2|Arcanine, F
|rule|Swagger Clause: Swagger is banned
|rule|Baton Pass Clause: Limit one PokÃ©mon knowing Baton Pass
|teampreview
|join|just2bquiet
|
|start
|switch|p1a: BLACKWARGREYMON|Empoleon, M|359\/359
|switch|p2a: Noivern|Noivern, F|311\/311
|-item|p1a: BLACKWARGREYMON|Focus Sash|[from] ability: Frisk|[of] p2a: Noivern|[identify]
|turn|1
|join|tendetta
|
|move|p2a: Noivern|U-turn|p1a: BLACKWARGREYMON
|-resisted|p1a: BLACKWARGREYMON
|-damage|p1a: BLACKWARGREYMON|337\/359
|join|just2bquiet sucks
|
|switch|p2a: Krookodile|Krookodile, F|332\/332
|-ability|p2a: Krookodile|Intimidate|[of] p1a: BLACKWARGREYMON
|-unboost|p1a: BLACKWARGREYMON|atk|1
|move|p1a: BLACKWARGREYMON|Stealth Rock|p2a: Krookodile
|-sidestart|p2: Kapranos|move: Stealth Rock
|
|turn|2
|
|move|p2a: Krookodile|Earthquake|p1a: BLACKWARGREYMON
|-supereffective|p1a: BLACKWARGREYMON
|-damage|p1a: BLACKWARGREYMON|0 fnt
|faint|p1a: BLACKWARGREYMON
|
|
|switch|p1a: BIRDRAMON|Tornadus, M|299\/299
|turn|3
|
|switch|p2a: Slowbro|Slowbro, M|394\/394
|-damage|p2a: Slowbro|345\/394|[from] Stealth Rock
|move|p1a: BIRDRAMON|Sludge Wave|p2a: Slowbro
|-damage|p2a: Slowbro|183\/394
|-damage|p1a: BIRDRAMON|270\/299|[from] item: Life Orb
|
|-heal|p2a: Slowbro|207\/394|[from] item: Leftovers
|turn|4
|
|move|p1a: BIRDRAMON|Hurricane|p2a: Slowbro
|-damage|p2a: Slowbro|0 fnt
|-damage|p1a: BIRDRAMON|241\/299|[from] item: Life Orb
|faint|p2a: Slowbro
|
|
|switch|p2a: Noivern|Noivern, F|311\/311
|-damage|p2a: Noivern|234\/311|[from] Stealth Rock
|-item|p1a: BIRDRAMON|Life Orb|[from] ability: Frisk|[of] p2a: Noivern|[identify]
|turn|5
|
|switch|p1a: OMNIMON|Haxorus, M|294\/294
|-ability|p1a: OMNIMON|Mold Breaker
|move|p2a: Noivern|Draco Meteor|p1a: OMNIMON
|-supereffective|p1a: OMNIMON
|-damage|p1a: OMNIMON|0 fnt
|-unboost|p2a: Noivern|spa|2
|faint|p1a: OMNIMON
|
|
|switch|p1a: GARURUMON|Suicune|403\/403
|-ability|p1a: GARURUMON|Pressure
|turn|6
|
|switch|p2a: Krookodile|Krookodile, F|332\/332
|-damage|p2a: Krookodile|312\/332|[from] Stealth Rock
|-ability|p2a: Krookodile|Intimidate|[of] p1a: GARURUMON
|-unboost|p1a: GARURUMON|atk|1
|move|p1a: GARURUMON|Calm Mind|p1a: GARURUMON
|-boost|p1a: GARURUMON|spa|1
|-boost|p1a: GARURUMON|spd|1
|
|turn|7
|
|move|p2a: Krookodile|Knock Off|p1a: GARURUMON
|-damage|p1a: GARURUMON|289\/403
|-enditem|p1a: GARURUMON|Leftovers|[from] move: Knock Off|[of] p2a: Krookodile
|move|p1a: GARURUMON|Hydro Pump|p2a: Krookodile
|-supereffective|p2a: Krookodile
|-damage|p2a: Krookodile|0 fnt
|faint|p2a: Krookodile
|
|
|switch|p2a: Noivern|Noivern, F|234\/311
|-damage|p2a: Noivern|157\/311|[from] Stealth Rock
|turn|8
|
|move|p2a: Noivern|Draco Meteor|p1a: GARURUMON
|-damage|p1a: GARURUMON|114\/403
|-unboost|p2a: Noivern|spa|2
|move|p1a: GARURUMON|Ice Beam|p2a: Noivern
|-supereffective|p2a: Noivern
|-damage|p2a: Noivern|0 fnt
|faint|p2a: Noivern
|
|
|switch|p2a: Lucario|Lucario, M|281\/281
|-damage|p2a: Lucario|273\/281|[from] Stealth Rock
|turn|9
|
|move|p2a: Lucario|Close Combat|p1a: GARURUMON
|-damage|p1a: GARURUMON|0 fnt
|-unboost|p2a: Lucario|def|1
|-unboost|p2a: Lucario|spd|1
|-damage|p2a: Lucario|245\/281|[from] item: Life Orb
|faint|p1a: GARURUMON
|
|
|switch|p1a: TOGEMON|Toxicroak, M|307\/307
|turn|10
|
|switch|p2a: Arcanine|Arcanine, F|384\/384
|-damage|p2a: Arcanine|288\/384|[from] Stealth Rock
|-ability|p2a: Arcanine|Intimidate|[of] p1a: TOGEMON
|-unboost|p1a: TOGEMON|atk|1
|move|p1a: TOGEMON|Drain Punch|p2a: Arcanine
|-damage|p2a: Arcanine|194\/384
|
|turn|11
|
|switch|p1a: AGUMON|Victini|341\/341
|move|p2a: Arcanine|Flare Blitz|p1a: AGUMON
|-resisted|p1a: AGUMON
|-damage|p1a: AGUMON|191\/341
|-damage|p2a: Arcanine|144\/384|[from] recoil|[of] p1a: AGUMON
|
|turn|12
|
|move|p1a: AGUMON|V-create|p2a: Arcanine
|-resisted|p2a: Arcanine
|-damage|p2a: Arcanine|0 fnt
|-unboost|p1a: AGUMON|def|1
|-unboost|p1a: AGUMON|spd|1
|-unboost|p1a: AGUMON|spe|1
|faint|p2a: Arcanine
|
|
|switch|p2a: Florges|Florges, F|360\/360
|-damage|p2a: Florges|315\/360|[from] Stealth Rock
|turn|13
|
|move|p1a: AGUMON|V-create|p2a: Florges
|-damage|p2a: Florges|0 fnt
|-unboost|p1a: AGUMON|def|1
|-unboost|p1a: AGUMON|spd|1
|-unboost|p1a: AGUMON|spe|1
|faint|p2a: Florges
|
|
|switch|p2a: Lucario|Lucario, M|245\/281
|-damage|p2a: Lucario|237\/281|[from] Stealth Rock
|turn|14
|
|move|p2a: Lucario|Extreme Speed|p1a: AGUMON
|-damage|p1a: AGUMON|0 fnt
|-damage|p2a: Lucario|209\/281|[from] item: Life Orb
|faint|p1a: AGUMON
|
|
|switch|p1a: TOGEMON|Toxicroak, M|307\/307
|turn|15
|
|move|p2a: Lucario|Close Combat|p1a: TOGEMON
|-resisted|p1a: TOGEMON
|-damage|p1a: TOGEMON|122\/307
|-unboost|p2a: Lucario|def|1
|-unboost|p2a: Lucario|spd|1
|-damage|p2a: Lucario|181\/281|[from] item: Life Orb
|move|p1a: TOGEMON|Drain Punch|p2a: Lucario
|-supereffective|p2a: Lucario
|-damage|p2a: Lucario|0 fnt
|-heal|p1a: TOGEMON|213\/307|[from] drain|[of] p2a: Lucario
|faint|p2a: Lucario
|
|win|greyheracross
|raw|Ladder updating...
|raw|greyheracross's rating: 1383 &rarr; <strong>1401<\/strong><br \/>(+18 for winning)
|raw|Kapranos's rating: 1347 &rarr; <strong>1329<\/strong><br \/>(-18 for losing)
|chat|Kapranos|gg
|leave|Kapranos
|player|p2
|leave|just2bquiet