|join|Greyheracross
|join|42O 42O 42O
|player|p1|Greyheracross|163
|player|p2|42O 42O 42O|101
|gametype|singles
|gen|6
|tier|UU
|rated
|rule|Sleep Clause Mod: Limit one foe put to sleep
|rule|Species Clause: Limit one of each PokÃ©mon
|rule|OHKO Clause: OHKO moves are banned
|rule|Moody Clause: Moody is banned
|rule|Evasion Moves Clause: Evasion moves are banned
|rule|Endless Battle Clause: Forcing endless battles is banned
|rule|HP Percentage Mod: HP is shown in percentages
|clearpoke
|poke|p1|Sharpedo, M
|poke|p1|Chandelure, F
|poke|p1|Zygarde
|poke|p1|Forretress, M
|poke|p1|Chesnaught, F
|poke|p1|Togekiss, M
|poke|p2|Altaria, F
|poke|p2|Celebi
|poke|p2|Entei, shiny
|poke|p2|Forretress, F
|poke|p2|Krookodile, M
|poke|p2|Hydreigon, F
|rule|Swagger Clause: Swagger is banned
|rule|Baton Pass Clause: Limit one PokÃ©mon knowing Baton Pass
|teampreview
|
|start
|switch|p1a: Togekiss|Togekiss, M|373\/373
|switch|p2a: Altaria|Altaria, F|354\/354
|turn|1
|
|detailschange|p2a: Altaria|Altaria-Mega, F
|message|Altaria has Mega Evolved into Mega Altaria!
|move|p1a: Togekiss|Thunder Wave|p2a: Altaria
|-status|p2a: Altaria|par
|move|p2a: Altaria|Hyper Voice|p1a: Togekiss
|-damage|p1a: Togekiss|255\/373
|
|-heal|p1a: Togekiss|278\/373|[from] item: Leftovers
|turn|2
|
|switch|p2a: Entei|Entei, shiny|372\/372
|-ability|p2a: Entei|Pressure
|move|p1a: Togekiss|Nasty Plot|p1a: Togekiss
|-boost|p1a: Togekiss|spa|2
|
|-heal|p1a: Togekiss|301\/373|[from] item: Leftovers
|turn|3
|
|move|p2a: Entei|Stone Edge|p1a: Togekiss
|-supereffective|p1a: Togekiss
|-damage|p1a: Togekiss|0 fnt
|faint|p1a: Togekiss
|
|
|switch|p1a: Sharpedo|Sharpedo, M|281\/281
|turn|4
|
|switch|p2a: Forretress|Forretress, F|354\/354
|switch|p1a: Forretress|Forretress, M|354\/354
|
|turn|5
|
|move|p2a: Forretress|Stealth Rock|p1a: Forretress
|-sidestart|p1: Greyheracross|move: Stealth Rock
|move|p1a: Forretress|Stealth Rock|p2a: Forretress
|-sidestart|p2: 42O 42O 42O|move: Stealth Rock
|
|turn|6
|
|move|p1a: Forretress|Rapid Spin|p2a: Forretress
|-resisted|p2a: Forretress
|-damage|p2a: Forretress|350\/354
|-sideend|p1: Greyheracross|Stealth Rock|[from] move: Rapid Spin|[of] p1a: Forretress
|move|p2a: Forretress|Volt Switch|p1a: Forretress
|-damage|p1a: Forretress|303\/354
|
|switch|p2a: Krookodile|Krookodile, M|394\/394
|-damage|p2a: Krookodile|370\/394|[from] Stealth Rock
|-ability|p2a: Krookodile|Intimidate|[of] p1a: Forretress
|-unboost|p1a: Forretress|atk|1
|
|-heal|p1a: Forretress|325\/354|[from] item: Leftovers
|turn|7
|
|switch|p1a: Chesnaught|Chesnaught, F|380\/380
|move|p2a: Krookodile|Knock Off|p1a: Chesnaught
|-resisted|p1a: Chesnaught
|-damage|p1a: Chesnaught|298\/380
|-enditem|p1a: Chesnaught|Leftovers|[from] move: Knock Off|[of] p2a: Krookodile
|
|turn|8
|
|switch|p2a: Altaria|Altaria-Mega, F|354\/354 par
|-damage|p2a: Altaria|310\/354 par|[from] Stealth Rock
|move|p1a: Chesnaught|Spikes|p2a: Altaria
|-sidestart|p2: 42O 42O 42O|Spikes
|
|turn|9
|
|switch|p1a: Chandelure|Chandelure, F|261\/261
|cant|p2a: Altaria|par
|
|turn|10
|
|move|p1a: Chandelure|Shadow Ball|p2a: Altaria
|-damage|p2a: Altaria|210\/354 par
|move|p2a: Altaria|Roost|p2a: Altaria
|-heal|p2a: Altaria|354\/354 par
|
|turn|11
|
|switch|p1a: Chesnaught|Chesnaught, F|298\/380
|move|p2a: Altaria|Hyper Voice|p1a: Chesnaught
|-supereffective|p1a: Chesnaught
|-damage|p1a: Chesnaught|0 fnt
|faint|p1a: Chesnaught
|
|
|switch|p1a: Chandelure|Chandelure, F|261\/261
|turn|12
|
|move|p1a: Chandelure|Shadow Ball|p2a: Altaria
|-damage|p2a: Altaria|254\/354 par
|cant|p2a: Altaria|par
|
|turn|13
|
|move|p1a: Chandelure|Shadow Ball|p2a: Altaria
|-damage|p2a: Altaria|148\/354 par
|-unboost|p2a: Altaria|spd|1
|cant|p2a: Altaria|par
|
|turn|14
|
|switch|p2a: Hydreigon|Hydreigon, F|325\/325
|-damage|p2a: Hydreigon|285\/325|[from] Stealth Rock
|move|p1a: Chandelure|Shadow Ball|p2a: Hydreigon
|-resisted|p2a: Hydreigon
|-damage|p2a: Hydreigon|201\/325
|
|turn|15
|
|switch|p1a: Forretress|Forretress, M|325\/354
|move|p2a: Hydreigon|Dark Pulse|p1a: Forretress
|-damage|p1a: Forretress|127\/354
|
|-heal|p1a: Forretress|149\/354|[from] item: Leftovers
|turn|16
|
|switch|p1a: Zygarde|Zygarde|405\/405
|-ability|p1a: Zygarde|Aura Break
|move|p2a: Hydreigon|Dark Pulse|p1a: Zygarde
|-damage|p1a: Zygarde|299\/405
|
|-heal|p1a: Zygarde|324\/405|[from] item: Leftovers
|turn|17
|
|switch|p2a: Celebi|Celebi|396\/396
|-damage|p2a: Celebi|347\/396|[from] Spikes
|-damage|p2a: Celebi|298\/396|[from] Stealth Rock
|move|p1a: Zygarde|Dragon Tail|p2a: Celebi
|-damage|p2a: Celebi|219\/396
|drag|p2a: Hydreigon|Hydreigon, F|201\/325
|-damage|p2a: Hydreigon|161\/325|[from] Stealth Rock
|
|-heal|p1a: Zygarde|349\/405|[from] item: Leftovers
|turn|18
|
|switch|p1a: Forretress|Forretress, M|149\/354
|move|p2a: Hydreigon|Draco Meteor|p1a: Forretress
|-resisted|p1a: Forretress
|-damage|p1a: Forretress|0 fnt
|-unboost|p2a: Hydreigon|spa|2
|faint|p1a: Forretress
|
|
|switch|p1a: Zygarde|Zygarde|349\/405
|-ability|p1a: Zygarde|Aura Break
|turn|19
|
|move|p2a: Hydreigon|Draco Meteor|p1a: Zygarde
|-supereffective|p1a: Zygarde
|-damage|p1a: Zygarde|163\/405
|-unboost|p2a: Hydreigon|spa|2
|move|p1a: Zygarde|Dragon Tail|p2a: Hydreigon
|-supereffective|p2a: Hydreigon
|-damage|p2a: Hydreigon|0 fnt
|faint|p2a: Hydreigon
|
|-heal|p1a: Zygarde|188\/405|[from] item: Leftovers
|
|switch|p2a: Krookodile|Krookodile, M|370\/394
|-damage|p2a: Krookodile|321\/394|[from] Spikes
|-damage|p2a: Krookodile|297\/394|[from] Stealth Rock
|-ability|p2a: Krookodile|Intimidate|[of] p1a: Zygarde
|-unboost|p1a: Zygarde|atk|1
|turn|20
|
|move|p2a: Krookodile|Knock Off|p1a: Zygarde
|-damage|p1a: Zygarde|0 fnt
|-enditem|p1a: Zygarde|Leftovers|[from] move: Knock Off|[of] p2a: Krookodile
|faint|p1a: Zygarde
|
|
|switch|p1a: Sharpedo|Sharpedo, M|281\/281
|turn|21
|
|switch|p2a: Forretress|Forretress, F|350\/354
|-damage|p2a: Forretress|306\/354|[from] Spikes
|-damage|p2a: Forretress|262\/354|[from] Stealth Rock
|move|p1a: Sharpedo|Waterfall|p2a: Forretress
|-damage|p2a: Forretress|178\/354
|
|-heal|p2a: Forretress|200\/354|[from] item: Leftovers
|-boost|p1a: Sharpedo|spe|1|[from] ability: Speed Boost
|turn|22
|
|detailschange|p1a: Sharpedo|Sharpedo-Mega, M
|message|Sharpedo has Mega Evolved into Mega Sharpedo!
|move|p1a: Sharpedo|Crunch|p2a: Forretress
|-damage|p2a: Forretress|50\/354
|move|p2a: Forretress|Volt Switch|p1a: Sharpedo
|-supereffective|p1a: Sharpedo
|-damage|p1a: Sharpedo|185\/281
|
|switch|p2a: Krookodile|Krookodile, M|297\/394
|-damage|p2a: Krookodile|273\/394|[from] Stealth Rock
|-damage|p2a: Krookodile|224\/394|[from] Spikes
|-ability|p2a: Krookodile|Intimidate|[of] p1a: Sharpedo
|-unboost|p1a: Sharpedo|atk|1
|
|turn|23
|
|move|p1a: Sharpedo|Waterfall|p2a: Krookodile
|-supereffective|p2a: Krookodile
|-damage|p2a: Krookodile|0 fnt
|faint|p2a: Krookodile
|
|
|switch|p2a: Entei|Entei, shiny|372\/372
|-damage|p2a: Entei|326\/372|[from] Spikes
|-damage|p2a: Entei|233\/372|[from] Stealth Rock
|-ability|p2a: Entei|Pressure
|turn|24
|
|move|p1a: Sharpedo|Protect|p1a: Sharpedo
|-singleturn|p1a: Sharpedo|Protect
|move|p2a: Entei|Extreme Speed|p1a: Sharpedo
|-activate|p1a: Sharpedo|Protect
|
|turn|25
|
|switch|p1a: Chandelure|Chandelure, F|261\/261
|move|p2a: Entei|Extreme Speed|p1a: Chandelure
|-immune|p1a: Chandelure|[msg]
|
|turn|26
|-message|42O 42O 42O forfeited.
|
|win|Greyheracross
|raw|Ladder updating...
|leave|42O 42O 42O
|player|p2
|raw|Greyheracross's rating: 1471 &rarr; <strong>1485<\/strong><br \/>(+14 for winning)
|raw|42O 42O 42O's rating: 1357 &rarr; <strong>1343<\/strong><br \/>(-14 for losing)