|join|greyheracross
|join|AncientWizard
|player|p1|greyheracross|162
|player|p2|AncientWizard|28
|gametype|singles
|gen|6
|tier|UU
|rated
|rule|Sleep Clause Mod: Limit one foe put to sleep
|rule|Species Clause: Limit one of each PokÃ©mon
|rule|OHKO Clause: OHKO moves are banned
|rule|Moody Clause: Moody is banned
|rule|Evasion Moves Clause: Evasion moves are banned
|rule|Endless Battle Clause: Forcing endless battles is banned
|rule|HP Percentage Mod: HP is reported as percentages
|clearpoke
|poke|p1|Shuckle, M
|poke|p1|Honchkrow, M
|poke|p1|Chandelure, F
|poke|p1|Haxorus, F
|poke|p1|Suicune
|poke|p1|Lucario, F
|poke|p2|Alakazam, M, shiny
|poke|p2|Blastoise, M, shiny
|poke|p2|Raikou, shiny
|poke|p2|Darmanitan, M, shiny
|poke|p2|Nidoking, M, shiny
|poke|p2|Cloyster, M, shiny
|rule|Swagger Clause: Swagger is banned
|rule|Baton Pass Clause: Limit one PokÃ©mon knowing Baton Pass
|teampreview
|join|just2bquiet
|
|start
|switch|p1a: Shuckle|Shuckle, M|244\/244
|switch|p2a: Cloyster|Cloyster, M, shiny|241\/241
|turn|1
|
|move|p2a: Cloyster|Shell Smash|p2a: Cloyster
|-boost|p2a: Cloyster|atk|2
|-boost|p2a: Cloyster|spa|2
|-boost|p2a: Cloyster|spe|2
|-unboost|p2a: Cloyster|def|1
|-unboost|p2a: Cloyster|spd|1
|move|p1a: Shuckle|Encore|p2a: Cloyster
|-start|p2a: Cloyster|Encore
|
|turn|2
|
|switch|p2a: Blastoise|Blastoise, M, shiny|362\/362
|switch|p1a: Lucario|Lucario, F|281\/281
|
|turn|3
|
|switch|p1a: Suicune|Suicune|401\/401
|-ability|p1a: Suicune|Pressure
|detailschange|p2a: Blastoise|Blastoise-Mega, M, shiny
|message|Blastoise has Mega Evolved into Mega Blastoise!
|move|p2a: Blastoise|Water Pulse|p1a: Suicune
|-resisted|p1a: Suicune
|-damage|p1a: Suicune|336\/401
|
|-heal|p1a: Suicune|361\/401|[from] item: Leftovers
|turn|4
|
|switch|p2a: Alakazam|Alakazam, M, shiny|265\/265
|move|p1a: Suicune|Scald|p2a: Alakazam
|-damage|p2a: Alakazam|181\/265
|-status|p2a: Alakazam|brn
|
|-heal|p1a: Suicune|386\/401|[from] item: Leftovers
|turn|5
|
|switch|p1a: Shuckle|Shuckle, M|244\/244
|move|p2a: Alakazam|Energy Ball|p1a: Shuckle
|-damage|p1a: Shuckle|193\/244
|
|turn|6
|
|move|p2a: Alakazam|Calm Mind|p2a: Alakazam
|-boost|p2a: Alakazam|spa|1
|-boost|p2a: Alakazam|spd|1
|move|p1a: Shuckle|Sticky Web|p2a: Alakazam
|-sidestart|p2: AncientWizard|move: Sticky Web
|
|turn|7
|
|switch|p1a: Honchkrow|Honchkrow, M|341\/341
|move|p2a: Alakazam|Psyshock|p1a: Honchkrow
|-immune|p1a: Honchkrow|[msg]
|
|turn|8
|
|move|p1a: Honchkrow|Sucker Punch|p2a: Alakazam
|-fail|p2a: Alakazam
|move|p2a: Alakazam|Calm Mind|p2a: Alakazam
|-boost|p2a: Alakazam|spa|1
|-boost|p2a: Alakazam|spd|1
|
|turn|9
|
|move|p1a: Honchkrow|Sucker Punch|p2a: Alakazam
|-supereffective|p2a: Alakazam
|-damage|p2a: Alakazam|0 fnt
|-damage|p1a: Honchkrow|307\/341|[from] item: Life Orb
|faint|p2a: Alakazam
|-boost|p1a: Honchkrow|atk|1|[from] ability: Moxie
|
|
|switch|p2a: Raikou|Raikou, shiny|322\/322
|-activate|p2a: Raikou|move: Sticky Web
|-unboost|p2a: Raikou|spe|1
|-ability|p2a: Raikou|Pressure
|turn|10
|
|move|p1a: Honchkrow|Sucker Punch|p2a: Raikou
|-damage|p2a: Raikou|0 fnt
|-damage|p1a: Honchkrow|273\/341|[from] item: Life Orb
|faint|p2a: Raikou
|-boost|p1a: Honchkrow|atk|1|[from] ability: Moxie
|
|
|switch|p2a: Cloyster|Cloyster, M, shiny|241\/241
|-activate|p2a: Cloyster|move: Sticky Web
|-unboost|p2a: Cloyster|spe|1
|turn|11
|
|switch|p1a: Suicune|Suicune|386\/401
|-ability|p1a: Suicune|Pressure
|move|p2a: Cloyster|Shell Smash|p2a: Cloyster
|-boost|p2a: Cloyster|atk|2
|-boost|p2a: Cloyster|spa|2
|-boost|p2a: Cloyster|spe|2
|-unboost|p2a: Cloyster|def|1
|-unboost|p2a: Cloyster|spd|1
|
|-heal|p1a: Suicune|401\/401|[from] item: Leftovers
|turn|12
|
|move|p2a: Cloyster|Rock Blast|p1a: Suicune
|-damage|p1a: Suicune|371\/401
|-damage|p1a: Suicune|337\/401
|-damage|p1a: Suicune|304\/401
|-damage|p1a: Suicune|272\/401
|-damage|p1a: Suicune|237\/401
|-hitcount|p1a: Suicune|5
|move|p1a: Suicune|Scald|p2a: Cloyster
|-resisted|p2a: Cloyster
|-damage|p2a: Cloyster|121\/241
|
|-heal|p1a: Suicune|262\/401|[from] item: Leftovers
|turn|13
|
|move|p2a: Cloyster|Rock Blast|p1a: Suicune
|-damage|p1a: Suicune|228\/401
|-crit|p1a: Suicune
|-damage|p1a: Suicune|179\/401
|-damage|p1a: Suicune|146\/401
|-damage|p1a: Suicune|114\/401
|-damage|p1a: Suicune|79\/401
|-hitcount|p1a: Suicune|5
|cant|p1a: Suicune|flinch
|
|-heal|p1a: Suicune|104\/401|[from] item: Leftovers
|turn|14
|
|move|p2a: Cloyster|Rock Blast|p1a: Suicune|[miss]
|-miss|p2a: Cloyster|p1a: Suicune
|move|p1a: Suicune|Scald|p2a: Cloyster
|-resisted|p2a: Cloyster
|-damage|p2a: Cloyster|0 fnt
|faint|p2a: Cloyster
|
|-heal|p1a: Suicune|129\/401|[from] item: Leftovers
|
|switch|p2a: Nidoking|Nidoking, M, shiny|304\/304
|-activate|p2a: Nidoking|move: Sticky Web
|-unboost|p2a: Nidoking|spe|1
|turn|15
|
|move|p1a: Suicune|Calm Mind|p1a: Suicune
|-boost|p1a: Suicune|spa|1
|-boost|p1a: Suicune|spd|1
|move|p2a: Nidoking|Earthquake|p1a: Suicune
|-damage|p1a: Suicune|7\/401
|-damage|p2a: Nidoking|274\/304|[from] item: Life Orb
|
|-heal|p1a: Suicune|32\/401|[from] item: Leftovers
|turn|16
|
|move|p2a: Nidoking|Sucker Punch|p1a: Suicune
|-fail|p1a: Suicune
|move|p1a: Suicune|Rest|p1a: Suicune
|-status|p1a: Suicune|slp
|-heal|p1a: Suicune|401\/401 slp|[silent]
|-status|p1a: Suicune|slp|[from] move: Rest
|
|turn|17
|
|switch|p2a: Blastoise|Blastoise-Mega, M, shiny|362\/362
|-activate|p2a: Blastoise|move: Sticky Web
|-unboost|p2a: Blastoise|spe|1
|cant|p1a: Suicune|slp
|move|p1a: Suicune|Sleep Talk|p1a: Suicune
|move|p1a: Suicune|Scald|p2a: Blastoise|[from]Sleep Talk
|-resisted|p2a: Blastoise
|-damage|p2a: Blastoise|314\/362
|
|turn|18
|
|cant|p1a: Suicune|slp
|move|p1a: Suicune|Sleep Talk|p1a: Suicune
|move|p1a: Suicune|Rest|p1a: Suicune|[from]Sleep Talk
|-fail|p1a: Suicune
|move|p2a: Blastoise|Dark Pulse|p1a: Suicune
|-damage|p1a: Suicune|318\/401 slp
|
|-heal|p1a: Suicune|343\/401 slp|[from] item: Leftovers
|turn|19
|
|-curestatus|p1a: Suicune|slp
|move|p1a: Suicune|Calm Mind|p1a: Suicune
|-boost|p1a: Suicune|spa|1
|-boost|p1a: Suicune|spd|1
|move|p2a: Blastoise|Rapid Spin|p1a: Suicune
|-damage|p1a: Suicune|331\/401
|-sideend|p2: AncientWizard|Sticky Web|[from] move: Rapid Spin|[of] p2a: Blastoise
|
|-heal|p1a: Suicune|356\/401|[from] item: Leftovers
|turn|20
|
|move|p1a: Suicune|Scald|p2a: Blastoise
|-resisted|p2a: Blastoise
|-damage|p2a: Blastoise|247\/362
|move|p2a: Blastoise|Dark Pulse|p1a: Suicune
|-damage|p1a: Suicune|299\/401
|
|-heal|p1a: Suicune|324\/401|[from] item: Leftovers
|turn|21
|
|move|p1a: Suicune|Scald|p2a: Blastoise
|-resisted|p2a: Blastoise
|-damage|p2a: Blastoise|183\/362
|move|p2a: Blastoise|Dark Pulse|p1a: Suicune
|-damage|p1a: Suicune|261\/401
|
|-heal|p1a: Suicune|286\/401|[from] item: Leftovers
|turn|22
|
|move|p1a: Suicune|Scald|p2a: Blastoise
|-resisted|p2a: Blastoise
|-damage|p2a: Blastoise|111\/362
|move|p2a: Blastoise|Aura Sphere|p1a: Suicune
|-damage|p1a: Suicune|222\/401
|
|-heal|p1a: Suicune|247\/401|[from] item: Leftovers
|turn|23
|
|move|p1a: Suicune|Scald|p2a: Blastoise
|-resisted|p2a: Blastoise
|-damage|p2a: Blastoise|50\/362
|move|p2a: Blastoise|Water Pulse|p1a: Suicune
|-resisted|p1a: Suicune
|-damage|p1a: Suicune|214\/401
|
|-heal|p1a: Suicune|239\/401|[from] item: Leftovers
|turn|24
|
|move|p1a: Suicune|Scald|p2a: Blastoise
|-resisted|p2a: Blastoise
|-damage|p2a: Blastoise|0 fnt
|faint|p2a: Blastoise
|
|-heal|p1a: Suicune|264\/401|[from] item: Leftovers
|
|switch|p2a: Nidoking|Nidoking, M, shiny|274\/304
|turn|25
|
|move|p2a: Nidoking|Poison Jab|p1a: Suicune
|-damage|p1a: Suicune|139\/401
|move|p1a: Suicune|Scald|p2a: Nidoking
|-supereffective|p2a: Nidoking
|-damage|p2a: Nidoking|0 fnt
|faint|p2a: Nidoking
|
|-heal|p1a: Suicune|164\/401|[from] item: Leftovers
|
|switch|p2a: Darmanitan|Darmanitan, M, shiny|351\/351
|turn|26
|
|move|p2a: Darmanitan|Superpower|p1a: Suicune
|-damage|p1a: Suicune|58\/401
|-unboost|p2a: Darmanitan|atk|1
|-unboost|p2a: Darmanitan|def|1
|move|p1a: Suicune|Scald|p2a: Darmanitan
|-supereffective|p2a: Darmanitan
|-damage|p2a: Darmanitan|0 fnt
|faint|p2a: Darmanitan
|
|win|greyheracross
|raw|Ladder updating...
|raw|greyheracross's rating: 1483 &rarr; <strong>1496<\/strong><br \/>(+13 for winning)
|raw|AncientWizard's rating: 1347 &rarr; <strong>1335<\/strong><br \/>(-12 for losing)
|leave|AncientWizard
|player|p2