|join|Pokefan Aidan
|join|greyheracross
|player|p1|Pokefan Aidan|58
|player|p2|greyheracross|162
|gametype|singles
|gen|6
|tier|UU
|rated
|rule|Sleep Clause Mod: Limit one foe put to sleep
|rule|Species Clause: Limit one of each PokÃ©mon
|rule|OHKO Clause: OHKO moves are banned
|rule|Moody Clause: Moody is banned
|rule|Evasion Moves Clause: Evasion moves are banned
|rule|Endless Battle Clause: Forcing endless battles is banned
|rule|HP Percentage Mod: HP is reported as percentages
|clearpoke
|poke|p1|Heracross, M
|poke|p1|Tornadus, M
|poke|p1|Hippowdon, F
|poke|p1|Florges, F
|poke|p1|Blastoise, M
|poke|p1|Victini
|poke|p2|Empoleon, M
|poke|p2|Toxicroak, M
|poke|p2|Haxorus, M
|poke|p2|Tornadus, M
|poke|p2|Victini
|poke|p2|Suicune
|rule|Swagger Clause: Swagger is banned
|rule|Baton Pass Clause: Limit one PokÃ©mon knowing Baton Pass
|teampreview
|
|start
|switch|p1a: Tornadus|Tornadus, M|299\/299
|switch|p2a: BIRDRAMON|Tornadus, M|299\/299
|turn|1
|
|switch|p2a: BLACKWARGREYMON|Empoleon, M|359\/359
|move|p1a: Tornadus|Taunt|p2a: BLACKWARGREYMON
|-start|p2a: BLACKWARGREYMON|move: Taunt
|
|turn|2
|
|move|p1a: Tornadus|Grass Knot|p2a: BLACKWARGREYMON
|-damage|p2a: BLACKWARGREYMON|215\/359
|-damage|p1a: Tornadus|270\/299|[from] item: Life Orb
|move|p2a: BLACKWARGREYMON|Hydro Pump|p1a: Tornadus
|-damage|p1a: Tornadus|21\/299
|
|turn|3
|
|move|p2a: BLACKWARGREYMON|Aqua Jet|p1a: Tornadus
|-damage|p1a: Tornadus|0 fnt
|faint|p1a: Tornadus
|
|
|switch|p1a: Heracross|Heracross, M|301\/301
|turn|4
|join|tendetta
|
|move|p2a: BLACKWARGREYMON|Aqua Jet|p1a: Heracross
|-damage|p1a: Heracross|249\/301
|move|p1a: Heracross|Knock Off|p2a: BLACKWARGREYMON
|-damage|p2a: BLACKWARGREYMON|77\/359
|-enditem|p2a: BLACKWARGREYMON|Focus Sash|[from] move: Knock Off|[of] p1a: Heracross
|
|-heal|p1a: Heracross|267\/301|[from] item: Leftovers
|-end|p2a: BLACKWARGREYMON|move: Taunt
|turn|5
|
|move|p2a: BLACKWARGREYMON|Aqua Jet|p1a: Heracross
|-damage|p1a: Heracross|183\/301
|move|p1a: Heracross|Close Combat|p2a: BLACKWARGREYMON
|-supereffective|p2a: BLACKWARGREYMON
|-damage|p2a: BLACKWARGREYMON|0 fnt
|-unboost|p1a: Heracross|def|1
|-unboost|p1a: Heracross|spd|1
|faint|p2a: BLACKWARGREYMON
|
|-heal|p1a: Heracross|201\/301|[from] item: Leftovers
|
|switch|p2a: BIRDRAMON|Tornadus, M|299\/299
|turn|6
|
|switch|p1a: Florges|Florges, F|358\/358
|move|p2a: BIRDRAMON|Hurricane|p1a: Florges
|-damage|p1a: Florges|216\/358
|-damage|p2a: BIRDRAMON|270\/299|[from] item: Life Orb
|
|-heal|p1a: Florges|238\/358|[from] item: Leftovers
|turn|7
|
|move|p1a: Florges|Protect|p1a: Florges
|-singleturn|p1a: Florges|Protect
|move|p2a: BIRDRAMON|Sludge Wave|p1a: Florges
|-activate|p1a: Florges|Protect
|
|-heal|p1a: Florges|260\/358|[from] item: Leftovers
|turn|8
|
|move|p2a: BIRDRAMON|Hurricane|p1a: Florges
|-damage|p1a: Florges|122\/358
|-damage|p2a: BIRDRAMON|241\/299|[from] item: Life Orb
|move|p1a: Florges|Wish|p1a: Florges
|
|-heal|p1a: Florges|144\/358|[from] item: Leftovers
|turn|9
|
|move|p1a: Florges|Protect|p1a: Florges
|-singleturn|p1a: Florges|Protect
|move|p2a: BIRDRAMON|Sludge Wave|p1a: Florges
|-activate|p1a: Florges|Protect
|
|-heal|p1a: Florges|323\/358|[from] move: Wish|[wisher] Florges
|-heal|p1a: Florges|345\/358|[from] item: Leftovers
|turn|10
|
|switch|p2a: AGUMON|Victini|341\/341
|move|p1a: Florges|Moonblast|p2a: AGUMON
|-resisted|p2a: AGUMON
|-damage|p2a: AGUMON|280\/341
|-unboost|p2a: AGUMON|spa|1
|
|-heal|p1a: Florges|358\/358|[from] item: Leftovers
|turn|11
|
|switch|p1a: Hippowdon|Hippowdon, F|420\/420
|-weather|Sandstorm
|move|p2a: AGUMON|V-create|p1a: Hippowdon
|-damage|p1a: Hippowdon|216\/420
|-unboost|p2a: AGUMON|def|1
|-unboost|p2a: AGUMON|spd|1
|-unboost|p2a: AGUMON|spe|1
|
|-weather|Sandstorm|[upkeep]
|-damage|p2a: AGUMON|259\/341|[from] sandstorm
|-heal|p1a: Hippowdon|242\/420|[from] item: Leftovers
|turn|12
|
|switch|p2a: GARURUMON|Suicune|403\/403
|-ability|p2a: GARURUMON|Pressure
|move|p1a: Hippowdon|Stealth Rock|p2a: GARURUMON
|-sidestart|p2: greyheracross|move: Stealth Rock
|
|-weather|Sandstorm|[upkeep]
|-damage|p2a: GARURUMON|378\/403|[from] sandstorm
|-heal|p2a: GARURUMON|403\/403|[from] item: Leftovers
|-heal|p1a: Hippowdon|268\/420|[from] item: Leftovers
|turn|13
|
|move|p2a: GARURUMON|Calm Mind|p2a: GARURUMON
|-boost|p2a: GARURUMON|spa|1
|-boost|p2a: GARURUMON|spd|1
|move|p1a: Hippowdon|Roar|p2a: GARURUMON
|drag|p2a: BIRDRAMON|Tornadus, M|241\/299
|-damage|p2a: BIRDRAMON|167\/299|[from] Stealth Rock
|
|-weather|Sandstorm|[upkeep]
|-damage|p2a: BIRDRAMON|149\/299|[from] sandstorm
|-heal|p1a: Hippowdon|294\/420|[from] item: Leftovers
|turn|14
|
|switch|p1a: Victini|Victini|341\/341
|move|p2a: BIRDRAMON|Grass Knot|p1a: Victini
|-resisted|p1a: Victini
|-damage|p1a: Victini|327\/341
|-damage|p2a: BIRDRAMON|120\/299|[from] item: Life Orb
|
|-weather|Sandstorm|[upkeep]
|-damage|p1a: Victini|306\/341|[from] sandstorm
|-damage|p2a: BIRDRAMON|102\/299|[from] sandstorm
|turn|15
|
|move|p2a: BIRDRAMON|Tailwind|p2a: BIRDRAMON
|-sidestart|p2: greyheracross|move: Tailwind
|move|p1a: Victini|Zen Headbutt|p2a: BIRDRAMON
|-damage|p2a: BIRDRAMON|0 fnt
|faint|p2a: BIRDRAMON
|
|-weather|none
|
|switch|p2a: OMNIMON|Haxorus, M|294\/294
|-damage|p2a: OMNIMON|258\/294|[from] Stealth Rock
|-ability|p2a: OMNIMON|Mold Breaker
|turn|16
|
|switch|p1a: Hippowdon|Hippowdon, F|294\/420
|-weather|Sandstorm
|move|p2a: OMNIMON|Swords Dance|p2a: OMNIMON
|-boost|p2a: OMNIMON|atk|2
|
|-weather|Sandstorm|[upkeep]
|-damage|p2a: OMNIMON|240\/294|[from] sandstorm
|-heal|p1a: Hippowdon|320\/420|[from] item: Leftovers
|turn|17
|
|move|p2a: OMNIMON|Earthquake|p1a: Hippowdon
|-damage|p1a: Hippowdon|149\/420
|move|p1a: Hippowdon|Roar|p2a: OMNIMON
|drag|p2a: AGUMON|Victini|259\/341
|-damage|p2a: AGUMON|174\/341|[from] Stealth Rock
|
|-weather|Sandstorm|[upkeep]
|-damage|p2a: AGUMON|153\/341|[from] sandstorm
|-heal|p1a: Hippowdon|175\/420|[from] item: Leftovers
|turn|18
|
|move|p2a: AGUMON|V-create|p1a: Hippowdon
|-damage|p1a: Hippowdon|0 fnt
|-unboost|p2a: AGUMON|def|1
|-unboost|p2a: AGUMON|spd|1
|-unboost|p2a: AGUMON|spe|1
|faint|p1a: Hippowdon
|
|-weather|Sandstorm|[upkeep]
|-damage|p2a: AGUMON|132\/341|[from] sandstorm
|-sideend|p2: greyheracross|move: Tailwind
|
|switch|p1a: Blastoise|Blastoise, M|326\/326
|turn|19
|
|switch|p2a: TOGEMON|Toxicroak, M|307\/307
|-damage|p2a: TOGEMON|288\/307|[from] Stealth Rock
|detailschange|p1a: Blastoise|Blastoise-Mega, M
|message|Blastoise has Mega Evolved into Mega Blastoise!
|move|p1a: Blastoise|Ice Beam|p2a: TOGEMON
|-damage|p2a: TOGEMON|117\/307
|
|-weather|Sandstorm|[upkeep]
|-damage|p2a: TOGEMON|98\/307|[from] sandstorm
|-damage|p1a: Blastoise|306\/326|[from] sandstorm
|-heal|p2a: TOGEMON|117\/307|[from] item: Leftovers
|turn|20
|
|move|p2a: TOGEMON|Drain Punch|p1a: Blastoise
|-damage|p1a: Blastoise|198\/326
|-heal|p2a: TOGEMON|171\/307|[from] drain|[of] p1a: Blastoise
|move|p1a: Blastoise|Ice Beam|p2a: TOGEMON
|-damage|p2a: TOGEMON|12\/307
|
|-weather|none
|-heal|p2a: TOGEMON|31\/307|[from] item: Leftovers
|turn|21
|
|move|p2a: TOGEMON|Drain Punch|p1a: Blastoise
|-damage|p1a: Blastoise|90\/326
|-heal|p2a: TOGEMON|85\/307|[from] drain|[of] p1a: Blastoise
|move|p1a: Blastoise|Ice Beam|p2a: TOGEMON
|-damage|p2a: TOGEMON|0 fnt
|faint|p2a: TOGEMON
|
|
|switch|p2a: OMNIMON|Haxorus, M|240\/294
|-damage|p2a: OMNIMON|204\/294|[from] Stealth Rock
|-ability|p2a: OMNIMON|Mold Breaker
|turn|22
|
|move|p2a: OMNIMON|Earthquake|p1a: Blastoise
|-damage|p1a: Blastoise|0 fnt
|faint|p1a: Blastoise
|
|
|switch|p1a: Florges|Florges, F|358\/358
|turn|23
|
|move|p2a: OMNIMON|Poison Jab|p1a: Florges
|-supereffective|p1a: Florges
|-damage|p1a: Florges|36\/358
|-status|p1a: Florges|psn
|move|p1a: Florges|Wish|p1a: Florges
|
|-heal|p1a: Florges|58\/358 psn|[from] item: Leftovers
|-damage|p1a: Florges|14\/358 psn|[from] psn
|turn|24
|
|switch|p1a: Heracross|Heracross, M|201\/301
|move|p2a: OMNIMON|Earthquake|p1a: Heracross
|-resisted|p1a: Heracross
|-damage|p1a: Heracross|111\/301
|
|-heal|p1a: Heracross|290\/301|[from] move: Wish|[wisher] Florges
|-heal|p1a: Heracross|301\/301|[from] item: Leftovers
|turn|25
|join|just2bquiet
|
|move|p2a: OMNIMON|Outrage|p1a: Heracross
|-damage|p1a: Heracross|0 fnt
|faint|p1a: Heracross
|
|
|switch|p1a: Florges|Florges, F|14\/358 psn
|turn|26
|
|move|p2a: OMNIMON|Outrage|p1a: Florges
|-immune|p1a: Florges|[msg]
|move|p1a: Florges|Moonblast|p2a: OMNIMON
|-supereffective|p2a: OMNIMON
|-damage|p2a: OMNIMON|0 fnt
|faint|p2a: OMNIMON
|
|-heal|p1a: Florges|36\/358 psn|[from] item: Leftovers
|-damage|p1a: Florges|0 fnt|[from] psn
|faint|p1a: Florges
|
|switch|p1a: Victini|Victini|306\/341
|switch|p2a: GARURUMON|Suicune|403\/403
|-damage|p2a: GARURUMON|353\/403|[from] Stealth Rock
|-ability|p2a: GARURUMON|Pressure
|turn|27
|
|move|p1a: Victini|Bolt Strike|p2a: GARURUMON
|-supereffective|p2a: GARURUMON
|-damage|p2a: GARURUMON|151\/403
|move|p2a: GARURUMON|Hydro Pump|p1a: Victini
|-supereffective|p1a: Victini
|-damage|p1a: Victini|76\/341
|
|-heal|p2a: GARURUMON|176\/403|[from] item: Leftovers
|turn|28
|
|move|p1a: Victini|Bolt Strike|p2a: GARURUMON
|-supereffective|p2a: GARURUMON
|-damage|p2a: GARURUMON|0 fnt
|faint|p2a: GARURUMON
|
|
|switch|p2a: AGUMON|Victini|132\/341
|-damage|p2a: AGUMON|47\/341|[from] Stealth Rock
|turn|29
|
|move|p2a: AGUMON|Bolt Strike|p1a: Victini
|-damage|p1a: Victini|0 fnt
|faint|p1a: Victini
|
|win|greyheracross
|raw|Ladder updating...
|raw|Pokefan Aidan's rating: 1283 &rarr; <strong>1263<\/strong><br \/>(-20 for losing)
|raw|greyheracross's rating: 1352 &rarr; <strong>1368<\/strong><br \/>(+16 for winning)
|chat|Pokefan Aidan|gg
|chat|greyheracross|gg
|leave|just2bquiet
|leave|Pokefan Aidan
|player|p1