|join|mistercoolguy
|join|greyheracross
|player|p1|mistercoolguy|280
|player|p2|greyheracross|169
|gametype|singles
|gen|6
|tier|UU
|rated
|rule|Sleep Clause Mod: Limit one foe put to sleep
|rule|Species Clause: Limit one of each PokÃ©mon
|rule|OHKO Clause: OHKO moves are banned
|rule|Moody Clause: Moody is banned
|rule|Evasion Moves Clause: Evasion moves are banned
|rule|Endless Battle Clause: Forcing endless battles is banned
|rule|HP Percentage Mod: HP is shown in percentages
|clearpoke
|poke|p1|Chandelure, F
|poke|p1|Chesnaught, M, shiny
|poke|p1|Cloyster, M
|poke|p1|Rotom-Heat
|poke|p1|Aggron, F
|poke|p1|Crobat, F
|poke|p2|Alakazam, F
|poke|p2|Crobat, F
|poke|p2|Krookodile, F
|poke|p2|Florges, F
|poke|p2|Suicune
|poke|p2|Lucario, F
|rule|Swagger Clause: Swagger is banned
|rule|Baton Pass Clause: Limit one PokÃ©mon knowing Baton Pass
|teampreview
|c|âmistercoolguy|good luck mate
|c|âgreyheracross|u2
|join|idousm
|
|start
|switch|p1a: Cloyster|Cloyster, M|241\/241
|switch|p2a: Krookodile|Krookodile, F|332\/332
|turn|1
|join|ahyueah
|
|switch|p2a: Suicune|Suicune|401\/401
|-ability|p2a: Suicune|Pressure
|move|p1a: Cloyster|Shell Smash|p1a: Cloyster
|-boost|p1a: Cloyster|atk|2
|-boost|p1a: Cloyster|spa|2
|-boost|p1a: Cloyster|spe|2
|-unboost|p1a: Cloyster|def|1
|-unboost|p1a: Cloyster|spd|1
|
|turn|2
|c| idousm|mistercoolguy
|c| idousm|why so early
|c| idousm|:[
|c|âmistercoolguy|balls to the wall
|
|move|p1a: Cloyster|Rock Blast|p2a: Suicune|[miss]
|-miss|p1a: Cloyster|p2a: Suicune
|move|p2a: Suicune|Scald|p1a: Cloyster
|-resisted|p1a: Cloyster
|-damage|p1a: Cloyster|131\/241
|
|turn|3
|c| idousm|i see.
|
|move|p1a: Cloyster|Rock Blast|p2a: Suicune
|-damage|p2a: Suicune|366\/401
|-damage|p2a: Suicune|334\/401
|-damage|p2a: Suicune|303\/401
|-damage|p2a: Suicune|271\/401
|-damage|p2a: Suicune|240\/401
|-hitcount|p2a: Suicune|5
|move|p2a: Suicune|Scald|p1a: Cloyster
|-resisted|p1a: Cloyster
|-damage|p1a: Cloyster|17\/241
|-status|p1a: Cloyster|brn
|
|-heal|p2a: Suicune|265\/401|[from] item: Leftovers
|-damage|p1a: Cloyster|0 fnt|[from] brn
|faint|p1a: Cloyster
|c| idousm|nice!!
|
|switch|p1a: Chesnaught|Chesnaught, M, shiny|379\/379
|turn|4
|
|switch|p2a: Crobat|Crobat, F|311\/311
|move|p1a: Chesnaught|Seed Bomb|p2a: Crobat
|-resisted|p2a: Crobat
|-damage|p2a: Crobat|283\/311
|
|-heal|p2a: Crobat|302\/311|[from] item: Leftovers
|turn|5
|
|switch|p1a: Aggron|Aggron, F|344\/344
|move|p2a: Crobat|U-turn|p1a: Aggron
|-crit|p1a: Aggron
|-resisted|p1a: Aggron
|-damage|p1a: Aggron|313\/344
|
|switch|p2a: Lucario|Lucario, F|281\/281
|
|turn|6
|join|ANGER MANAGEMENT
|
|switch|p1a: Chandelure|Chandelure, F|261\/261
|move|p2a: Lucario|Close Combat|p1a: Chandelure
|-immune|p1a: Chandelure|[msg]
|
|turn|7
|
|switch|p2a: Suicune|Suicune|265\/401
|-ability|p2a: Suicune|Pressure
|move|p1a: Chandelure|Energy Ball|p2a: Suicune
|-supereffective|p2a: Suicune
|-damage|p2a: Suicune|45\/401
|
|-heal|p2a: Suicune|70\/401|[from] item: Leftovers
|turn|8
|c| ahyueah|anger unmute me pl0x
|
|switch|p2a: Crobat|Crobat, F|302\/311
|move|p1a: Chandelure|Energy Ball|p2a: Crobat
|-resisted|p2a: Crobat
|-damage|p2a: Crobat|270\/311
|
|-heal|p2a: Crobat|289\/311|[from] item: Leftovers
|turn|9
|c|+ANGER MANAGEMENT|csb got it b4 me
|
|switch|p1a: Rotom-Heat|Rotom-Heat|304\/304
|move|p2a: Crobat|U-turn|p1a: Rotom-Heat
|-resisted|p1a: Rotom-Heat
|-damage|p1a: Rotom-Heat|274\/304
|
|switch|p2a: Alakazam|Alakazam, F|252\/252
|
|-heal|p1a: Rotom-Heat|293\/304|[from] item: Leftovers
|turn|10
|c| ahyueah|yh u hav to train more to be as fast as csb
|c|+ANGER MANAGEMENT|;[
|
|detailschange|p2a: Alakazam|Alakazam-Mega, F
|message|Alakazam has Mega Evolved into Mega Alakazam!
|-ability|p2a: Alakazam|Levitate|[from] ability: Trace|[of] p1a: Rotom-Heat
|move|p2a: Alakazam|Psyshock|p1a: Rotom-Heat
|-damage|p1a: Rotom-Heat|119\/304
|move|p1a: Rotom-Heat|Thunder Wave|p2a: Alakazam
|-status|p2a: Alakazam|par
|
|-heal|p1a: Rotom-Heat|138\/304|[from] item: Leftovers
|turn|11
|c| idousm|-
|
|switch|p2a: Krookodile|Krookodile, F|332\/332
|move|p1a: Rotom-Heat|Overheat|p2a: Krookodile
|-damage|p2a: Krookodile|121\/332
|-unboost|p1a: Rotom-Heat|spa|2
|
|-heal|p1a: Rotom-Heat|157\/304|[from] item: Leftovers
|turn|12
|
|move|p2a: Krookodile|Pursuit|p1a: Rotom-Heat
|-damage|p1a: Rotom-Heat|91\/304
|move|p1a: Rotom-Heat|Will-O-Wisp|p2a: Krookodile
|-status|p2a: Krookodile|brn
|
|-heal|p1a: Rotom-Heat|110\/304|[from] item: Leftovers
|-damage|p2a: Krookodile|80\/332 brn|[from] brn
|turn|13
|c|âgreyheracross|alrite what is this bs
|
|switch|p2a: Florges|Florges, F|360\/360
|switch|p1a: Chesnaught|Chesnaught, M, shiny|379\/379
|
|turn|14
|
|move|p2a: Florges|Aromatherapy|p2a: Florges
|-cureteam|p2a: Florges|[from] move: Aromatherapy
|move|p1a: Chesnaught|Leech Seed|p2a: Florges
|-start|p2a: Florges|move: Leech Seed
|
|-damage|p2a: Florges|315\/360|[from] Leech Seed|[of] p1a: Chesnaught
|turn|15
|join|dingbat
|leave|ANGER MANAGEMENT
|
|switch|p2a: Crobat|Crobat, F|289\/311
|switch|p1a: Aggron|Aggron, F|313\/344
|
|-heal|p2a: Crobat|308\/311|[from] item: Leftovers
|turn|16
|
|detailschange|p1a: Aggron|Aggron-Mega, F
|message|Aggron has Mega Evolved into Mega Aggron!
|move|p2a: Crobat|U-turn|p1a: Aggron
|-resisted|p1a: Aggron
|-damage|p1a: Aggron|297\/344
|
|switch|p2a: Suicune|Suicune|70\/401
|-ability|p2a: Suicune|Pressure
|move|p1a: Aggron|Heavy Slam|p2a: Suicune
|-resisted|p2a: Suicune
|-damage|p2a: Suicune|40\/401
|
|-heal|p2a: Suicune|65\/401|[from] item: Leftovers
|turn|17
|
|move|p2a: Suicune|Rest|p2a: Suicune
|-status|p2a: Suicune|slp
|-heal|p2a: Suicune|401\/401 slp|[silent]
|-status|p2a: Suicune|slp|[from] move: Rest
|move|p1a: Aggron|Toxic|p2a: Suicune
|-fail|p2a: Suicune
|
|turn|18
|
|cant|p2a: Suicune|slp
|move|p2a: Suicune|Sleep Talk|p2a: Suicune
|move|p2a: Suicune|Rest|p2a: Suicune|[from]Sleep Talk
|-fail|p2a: Suicune
|move|p1a: Aggron|Stealth Rock|p2a: Suicune
|-sidestart|p2: greyheracross|move: Stealth Rock
|
|turn|19
|
|switch|p1a: Chesnaught|Chesnaught, M, shiny|379\/379
|cant|p2a: Suicune|slp
|move|p2a: Suicune|Sleep Talk|p2a: Suicune
|move|p2a: Suicune|Scald|p1a: Chesnaught|[from]Sleep Talk
|-resisted|p1a: Chesnaught
|-damage|p1a: Chesnaught|341\/379
|
|-heal|p1a: Chesnaught|364\/379|[from] item: Leftovers
|turn|20
|
|-curestatus|p2a: Suicune|slp
|move|p2a: Suicune|Scald|p1a: Chesnaught
|-resisted|p1a: Chesnaught
|-damage|p1a: Chesnaught|327\/379
|move|p1a: Chesnaught|Leech Seed|p2a: Suicune|[miss]
|-miss|p1a: Chesnaught|p2a: Suicune
|
|-heal|p1a: Chesnaught|350\/379|[from] item: Leftovers
|turn|21
|
|move|p2a: Suicune|Scald|p1a: Chesnaught
|-resisted|p1a: Chesnaught
|-damage|p1a: Chesnaught|311\/379
|move|p1a: Chesnaught|Leech Seed|p2a: Suicune
|-start|p2a: Suicune|move: Leech Seed
|
|-heal|p1a: Chesnaught|334\/379|[from] item: Leftovers
|-damage|p2a: Suicune|351\/401|[from] Leech Seed|[of] p1a: Chesnaught
|-heal|p1a: Chesnaught|379\/379|[silent]
|turn|22
|
|switch|p2a: Crobat|Crobat, F|308\/311
|-damage|p2a: Crobat|231\/311|[from] Stealth Rock
|move|p1a: Chesnaught|Seed Bomb|p2a: Crobat
|-resisted|p2a: Crobat
|-damage|p2a: Crobat|199\/311
|
|-heal|p2a: Crobat|218\/311|[from] item: Leftovers
|turn|23
|
|switch|p1a: Crobat|Crobat, F|374\/374
|move|p2a: Crobat|Defog|p1a: Crobat
|-unboost|p1a: Crobat|evasion|1
|-sideend|p2: greyheracross|Stealth Rock|[from] move: Defog|[of] p2a: Crobat
|
|-heal|p2a: Crobat|237\/311|[from] item: Leftovers
|turn|24
|
|move|p1a: Crobat|U-turn|p2a: Crobat
|-resisted|p2a: Crobat
|-damage|p2a: Crobat|221\/311
|
|switch|p1a: Chandelure|Chandelure, F|261\/261
|move|p2a: Crobat|Brave Bird|p1a: Chandelure
|-damage|p1a: Chandelure|89\/261
|-damage|p2a: Crobat|164\/311|[from] recoil|[of] p1a: Chandelure
|
|-heal|p2a: Crobat|183\/311|[from] item: Leftovers
|turn|25
|
|switch|p2a: Florges|Florges, F|315\/360
|move|p1a: Chandelure|Flamethrower|p2a: Florges
|-damage|p2a: Florges|185\/360
|
|-heal|p2a: Florges|207\/360|[from] item: Leftovers
|turn|26
|
|switch|p1a: Aggron|Aggron-Mega, F|297\/344
|move|p2a: Florges|Wish|p2a: Florges
|
|-heal|p2a: Florges|229\/360|[from] item: Leftovers
|turn|27
|
|switch|p2a: Lucario|Lucario, F|281\/281
|move|p1a: Aggron|Heavy Slam|p2a: Lucario
|-resisted|p2a: Lucario
|-damage|p2a: Lucario|158\/281
|
|-heal|p2a: Lucario|281\/281|[from] move: Wish|[wisher] Florges
|turn|28
|
|switch|p1a: Chandelure|Chandelure, F|89\/261
|move|p2a: Lucario|Iron Tail|p1a: Chandelure
|-resisted|p1a: Chandelure
|-damage|p1a: Chandelure|0 fnt
|-damage|p2a: Lucario|253\/281|[from] item: Life Orb
|faint|p1a: Chandelure
|
|
|switch|p1a: Rotom-Heat|Rotom-Heat|110\/304
|turn|29
|
|move|p2a: Lucario|Extreme Speed|p1a: Rotom-Heat
|-damage|p1a: Rotom-Heat|3\/304
|-damage|p2a: Lucario|225\/281|[from] item: Life Orb
|move|p1a: Rotom-Heat|Will-O-Wisp|p2a: Lucario
|-status|p2a: Lucario|brn
|
|-heal|p1a: Rotom-Heat|22\/304|[from] item: Leftovers
|-damage|p2a: Lucario|190\/281 brn|[from] brn
|turn|30
|
|switch|p1a: Crobat|Crobat, F|374\/374
|move|p2a: Lucario|Extreme Speed|p1a: Crobat
|-damage|p1a: Crobat|297\/374
|-damage|p2a: Lucario|162\/281 brn|[from] item: Life Orb
|
|-heal|p1a: Crobat|320\/374|[from] item: Leftovers
|-damage|p2a: Lucario|127\/281 brn|[from] brn
|turn|31
|
|switch|p2a: Suicune|Suicune|351\/401
|-ability|p2a: Suicune|Pressure
|move|p1a: Crobat|Brave Bird|p2a: Suicune
|-damage|p2a: Suicune|264\/401
|-damage|p1a: Crobat|291\/374|[from] recoil|[of] p2a: Suicune
|
|-heal|p1a: Crobat|314\/374|[from] item: Leftovers
|-heal|p2a: Suicune|289\/401|[from] item: Leftovers
|turn|32
|
|move|p1a: Crobat|U-turn|p2a: Suicune
|-damage|p2a: Suicune|253\/401
|
|switch|p1a: Aggron|Aggron-Mega, F|297\/344
|move|p2a: Suicune|Scald|p1a: Aggron
|-damage|p1a: Aggron|227\/344
|
|-heal|p2a: Suicune|278\/401|[from] item: Leftovers
|turn|33
|
|move|p2a: Suicune|Scald|p1a: Aggron
|-damage|p1a: Aggron|151\/344
|move|p1a: Aggron|Toxic|p2a: Suicune
|-status|p2a: Suicune|tox
|
|-heal|p2a: Suicune|303\/401 tox|[from] item: Leftovers
|-damage|p2a: Suicune|278\/401 tox|[from] psn
|turn|34
|c|âmistercoolguy|i don't see how i can win this
|c|âmistercoolguy|gg
|c|âgreyheracross|gg
|-message|mistercoolguy forfeited.
|
|win|greyheracross
|raw|Ladder updating...
|raw|mistercoolguy's rating: 1363 &rarr; <strong>1350<\/strong><br \/>(-13 for losing)
|raw|greyheracross's rating: 1446 &rarr; <strong>1462<\/strong><br \/>(+16 for winning)
|leave|dingbat