|join|Greyheracross
|join|anamchara
|player|p1|Greyheracross|162
|player|p2|anamchara|1
|gametype|singles
|gen|6
|tier|UU
|rated
|rule|Sleep Clause Mod: Limit one foe put to sleep
|rule|Species Clause: Limit one of each PokÃ©mon
|rule|OHKO Clause: OHKO moves are banned
|rule|Moody Clause: Moody is banned
|rule|Evasion Moves Clause: Evasion moves are banned
|rule|Endless Battle Clause: Forcing endless battles is banned
|rule|HP Percentage Mod: HP is reported as percentages
|clearpoke
|poke|p1|Shuckle, M
|poke|p1|Honchkrow, F
|poke|p1|Chandelure, F
|poke|p1|Haxorus, F
|poke|p1|Florges, F
|poke|p1|Lucario, F
|poke|p2|Kyurem
|poke|p2|Mienshao, M
|poke|p2|Blastoise, M
|poke|p2|Blissey, F
|poke|p2|Haxorus, F
|poke|p2|Volcarona, F
|rule|Swagger Clause: Swagger is banned
|rule|Baton Pass Clause: Limit one PokÃ©mon knowing Baton Pass
|teampreview
|join|tendetta
|
|start
|switch|p1a: Haxorus|Haxorus, F|293\/293
|switch|p2a: Mienshao|Mienshao, M|271\/271
|-ability|p1a: Haxorus|Mold Breaker
|turn|1
|
|switch|p1a: Shuckle|Shuckle, M|244\/244
|move|p2a: Mienshao|U-turn|p1a: Shuckle
|-damage|p1a: Shuckle|188\/244
|
|switch|p2a: Blastoise|Blastoise, M|362\/362
|
|turn|2
|
|switch|p1a: Haxorus|Haxorus, F|293\/293
|-ability|p1a: Haxorus|Mold Breaker
|detailschange|p2a: Blastoise|Blastoise-Mega, M
|message|Blastoise has Mega Evolved into Mega Blastoise!
|move|p2a: Blastoise|Water Pulse|p1a: Haxorus
|-resisted|p1a: Haxorus
|-damage|p1a: Haxorus|202\/293
|-start|p1a: Haxorus|confusion
|-enditem|p1a: Haxorus|Lum Berry|[eat]
|-end|p1a: Haxorus|confusion
|
|turn|3
|
|move|p1a: Haxorus|Outrage|p2a: Blastoise
|-damage|p2a: Blastoise|211\/362
|move|p2a: Blastoise|Roar|p1a: Haxorus
|drag|p1a: Chandelure|Chandelure, F|261\/261
|
|turn|4
|
|move|p1a: Chandelure|Shadow Ball|p2a: Blastoise
|-crit|p2a: Blastoise
|-damage|p2a: Blastoise|0 fnt
|-damage|p1a: Chandelure|235\/261|[from] item: Life Orb
|faint|p2a: Blastoise
|
|
|switch|p2a: Mienshao|Mienshao, M|271\/271
|turn|5
|
|switch|p1a: Shuckle|Shuckle, M|188\/244
|move|p2a: Mienshao|U-turn|p1a: Shuckle
|-damage|p1a: Shuckle|139\/244
|
|switch|p2a: Volcarona|Volcarona, F|312\/312
|
|turn|6
|
|move|p2a: Volcarona|Quiver Dance|p2a: Volcarona
|-boost|p2a: Volcarona|spa|1
|-boost|p2a: Volcarona|spd|1
|-boost|p2a: Volcarona|spe|1
|move|p1a: Shuckle|Encore|p2a: Volcarona
|-start|p2a: Volcarona|Encore
|
|turn|7
|
|move|p2a: Volcarona|Quiver Dance|p2a: Volcarona
|-boost|p2a: Volcarona|spa|1
|-boost|p2a: Volcarona|spd|1
|-boost|p2a: Volcarona|spe|1
|move|p1a: Shuckle|Sticky Web|p2a: Volcarona
|-sidestart|p2: anamchara|move: Sticky Web
|
|turn|8
|
|switch|p1a: Haxorus|Haxorus, F|202\/293
|-ability|p1a: Haxorus|Mold Breaker
|move|p2a: Volcarona|Quiver Dance|p2a: Volcarona
|-boost|p2a: Volcarona|spa|1
|-boost|p2a: Volcarona|spd|1
|-boost|p2a: Volcarona|spe|1
|
|turn|9
|
|move|p2a: Volcarona|Quiver Dance|p2a: Volcarona
|-boost|p2a: Volcarona|spa|1
|-boost|p2a: Volcarona|spd|1
|-boost|p2a: Volcarona|spe|1
|move|p1a: Haxorus|Outrage|p2a: Volcarona
|-damage|p2a: Volcarona|0 fnt
|faint|p2a: Volcarona
|
|
|switch|p2a: Kyurem|Kyurem|391\/391
|-activate|p2a: Kyurem|move: Sticky Web
|-unboost|p2a: Kyurem|spe|1
|-ability|p2a: Kyurem|Pressure
|turn|10
|
|move|p1a: Haxorus|Outrage|p2a: Kyurem
|-supereffective|p2a: Kyurem
|-damage|p2a: Kyurem|0 fnt
|faint|p2a: Kyurem
|
|-message|anamchara forfeited.
|
|win|Greyheracross
|raw|Ladder updating...
|leave|anamchara
|player|p2
|raw|Greyheracross's rating: 1641 &rarr; <strong>1648<\/strong><br \/>(+7 for winning)
|raw|anamchara's rating: 1369 &rarr; <strong>1362<\/strong><br \/>(-7 for losing)