|join|CoolStoryBrobat
|join|greyheracross
|player|p1|CoolStoryBrobat|#coolstorybrobat
|player|p2|greyheracross|162
|gametype|singles
|gen|6
|tier|UU
|rated
|rule|Sleep Clause Mod: Limit one foe put to sleep
|rule|Species Clause: Limit one of each PokÃ©mon
|rule|OHKO Clause: OHKO moves are banned
|rule|Moody Clause: Moody is banned
|rule|Evasion Moves Clause: Evasion moves are banned
|rule|Endless Battle Clause: Forcing endless battles is banned
|rule|HP Percentage Mod: HP is reported as percentages
|clearpoke
|poke|p1|Haxorus, M
|poke|p1|Empoleon, M
|poke|p1|Mienshao, M
|poke|p1|Snorlax, M
|poke|p1|Aromatisse, F
|poke|p1|Donphan, M
|poke|p2|Shuckle, M
|poke|p2|Honchkrow, F
|poke|p2|Chandelure, M
|poke|p2|Haxorus, M
|poke|p2|Suicune
|poke|p2|Lucario, M
|rule|Swagger Clause: Swagger is banned
|rule|Baton Pass Clause: Limit one PokÃ©mon knowing Baton Pass
|teampreview
|join|just2bquiet
|
|start
|switch|p1a: Dynamite|Empoleon, M|336\/336
|switch|p2a: Shuckle|Shuckle, M|244\/244
|turn|1
|
|move|p1a: Dynamite|Stealth Rock|p2a: Shuckle
|-sidestart|p2: greyheracross|move: Stealth Rock
|move|p2a: Shuckle|Stealth Rock|p1a: Dynamite
|-sidestart|p1: CoolStoryBrobat|move: Stealth Rock
|
|turn|2
|
|move|p1a: Dynamite|Hydro Pump|p2a: Shuckle
|-supereffective|p2a: Shuckle
|-damage|p2a: Shuckle|10\/244
|-damage|p1a: Dynamite|303\/336|[from] item: Life Orb
|move|p2a: Shuckle|Sticky Web|p1a: Dynamite
|-sidestart|p1: CoolStoryBrobat|move: Sticky Web
|
|turn|3
|
|move|p1a: Dynamite|Ice Beam|p2a: Shuckle
|-damage|p2a: Shuckle|0 fnt
|-damage|p1a: Dynamite|270\/336|[from] item: Life Orb
|faint|p2a: Shuckle
|
|
|switch|p2a: Haxorus|Haxorus, M|293\/293
|-damage|p2a: Haxorus|257\/293|[from] Stealth Rock
|turn|4
|
|move|p2a: Haxorus|Earthquake|p1a: Dynamite
|-supereffective|p1a: Dynamite
|-damage|p1a: Dynamite|0 fnt
|faint|p1a: Dynamite
|
|
|switch|p1a: BF Goodrich|Donphan, M|384\/384
|-damage|p1a: BF Goodrich|360\/384|[from] Stealth Rock
|-activate|p1a: BF Goodrich|move: Sticky Web
|-unboost|p1a: BF Goodrich|spe|1
|turn|5
|chat|just2bquiet|hey brobat nice vids
|chat|CoolStoryBrobat|Thank you
|
|move|p2a: Haxorus|Outrage|p1a: BF Goodrich
|-damage|p1a: BF Goodrich|71\/384
|move|p1a: BF Goodrich|Earthquake|p2a: Haxorus
|-damage|p2a: Haxorus|59\/293
|
|-heal|p1a: BF Goodrich|95\/384|[from] item: Leftovers
|turn|6
|
|move|p1a: BF Goodrich|Ice Shard|p2a: Haxorus
|-supereffective|p2a: Haxorus
|-damage|p2a: Haxorus|0 fnt
|faint|p2a: Haxorus
|
|-heal|p1a: BF Goodrich|119\/384|[from] item: Leftovers
|chat|just2bquiet|me and my friend are having a sesh didnt realive we were facing u until this turn
|join|So Dynamic
|chat|CoolStoryBrobat|Ah I see
|
|switch|p2a: Lucario|Lucario, M|281\/281
|-damage|p2a: Lucario|273\/281|[from] Stealth Rock
|turn|7
|chat|just2bquiet|long time sub 
|join|King UU
|
|move|p2a: Lucario|Close Combat|p1a: BF Goodrich
|-damage|p1a: BF Goodrich|0 fnt
|-unboost|p2a: Lucario|def|1
|-unboost|p2a: Lucario|spd|1
|-damage|p2a: Lucario|245\/281|[from] item: Life Orb
|faint|p1a: BF Goodrich
|
|
|switch|p1a: MalefiSCENT|Aromatisse, F|405\/405
|-damage|p1a: MalefiSCENT|355\/405|[from] Stealth Rock
|-activate|p1a: MalefiSCENT|move: Sticky Web
|-unboost|p1a: MalefiSCENT|spe|1
|turn|8
|chat|King UU|a sesh
|chat|King UU|and in marijuana?
|chat|King UU|as in*
|chat|CoolStoryBrobat|Could just mean as in, a session
|chat|King UU|It could
|chat|King UU|but like
|
|switch|p2a: Suicune|Suicune|401\/401
|-damage|p2a: Suicune|351\/401|[from] Stealth Rock
|-ability|p2a: Suicune|Pressure
|move|p1a: MalefiSCENT|Moonblast|p2a: Suicune
|-damage|p2a: Suicune|255\/401
|
|-heal|p2a: Suicune|280\/401|[from] item: Leftovers
|-heal|p1a: MalefiSCENT|380\/405|[from] item: Leftovers
|turn|9
|chat|King UU|bros playing pokemon together + sesh in the sentence
|chat|King UU|to me, it screams weed
|chat|King UU|cause that's what I do
|
|switch|p1a: Mr. Meowgi|Mienshao, M|271\/271
|-damage|p1a: Mr. Meowgi|255\/271|[from] Stealth Rock
|-activate|p1a: Mr. Meowgi|move: Sticky Web
|-unboost|p1a: Mr. Meowgi|spe|1
|move|p2a: Suicune|Calm Mind|p2a: Suicune
|-boost|p2a: Suicune|spa|1
|-boost|p2a: Suicune|spd|1
|
|-heal|p2a: Suicune|305\/401|[from] item: Leftovers
|turn|10
|chat|just2bquiet|Lol
|
|move|p1a: Mr. Meowgi|High Jump Kick|p2a: Suicune
|-damage|p2a: Suicune|55\/401
|move|p2a: Suicune|Scald|p1a: Mr. Meowgi
|-damage|p1a: Mr. Meowgi|65\/271
|
|-heal|p2a: Suicune|80\/401|[from] item: Leftovers
|turn|11
|chat|King UU|The mind games
|
|move|p1a: Mr. Meowgi|High Jump Kick|p2a: Suicune
|-damage|p2a: Suicune|0 fnt
|faint|p2a: Suicune
|
|
|switch|p2a: Chandelure|Chandelure, M|261\/261
|-damage|p2a: Chandelure|196\/261|[from] Stealth Rock
|turn|12
|
|switch|p1a: Rick Ross|Snorlax, M|461\/461
|-damage|p1a: Rick Ross|404\/461|[from] Stealth Rock
|-activate|p1a: Rick Ross|move: Sticky Web
|-unboost|p1a: Rick Ross|spe|1
|move|p2a: Chandelure|Fire Blast|p1a: Rick Ross|[miss]
|-miss|p2a: Chandelure|p1a: Rick Ross
|
|turn|13
|
|move|p2a: Chandelure|Fire Blast|p1a: Rick Ross
|-damage|p1a: Rick Ross|309\/461
|-damage|p2a: Chandelure|170\/261|[from] item: Life Orb
|move|p1a: Rick Ross|Earthquake|p2a: Chandelure
|-supereffective|p2a: Chandelure
|-damage|p2a: Chandelure|0 fnt
|faint|p2a: Chandelure
|
|
|switch|p2a: Honchkrow|Honchkrow, F|341\/341
|-damage|p2a: Honchkrow|256\/341|[from] Stealth Rock
|turn|14
|
|move|p2a: Honchkrow|Superpower|p1a: Rick Ross
|-supereffective|p1a: Rick Ross
|-damage|p1a: Rick Ross|0 fnt
|-unboost|p2a: Honchkrow|atk|1
|-unboost|p2a: Honchkrow|def|1
|-damage|p2a: Honchkrow|222\/341|[from] item: Life Orb
|faint|p1a: Rick Ross
|-boost|p2a: Honchkrow|atk|1|[from] ability: Moxie
|
|
|switch|p1a: MalefiSCENT|Aromatisse, F|380\/405
|-activate|p1a: MalefiSCENT|move: Sticky Web
|-unboost|p1a: MalefiSCENT|spe|1
|-damage|p1a: MalefiSCENT|330\/405|[from] Stealth Rock
|turn|15
|
|move|p2a: Honchkrow|Brave Bird|p1a: MalefiSCENT
|-damage|p1a: MalefiSCENT|64\/405
|-damage|p2a: Honchkrow|134\/341|[from] recoil|[of] p1a: MalefiSCENT
|-damage|p2a: Honchkrow|100\/341|[from] item: Life Orb
|move|p1a: MalefiSCENT|Moonblast|p2a: Honchkrow
|-supereffective|p2a: Honchkrow
|-damage|p2a: Honchkrow|0 fnt
|faint|p2a: Honchkrow
|
|-heal|p1a: MalefiSCENT|89\/405|[from] item: Leftovers
|
|switch|p2a: Lucario|Lucario, M|245\/281
|-damage|p2a: Lucario|237\/281|[from] Stealth Rock
|turn|16
|
|move|p2a: Lucario|Close Combat|p1a: MalefiSCENT
|-resisted|p1a: MalefiSCENT
|-damage|p1a: MalefiSCENT|0 fnt
|-unboost|p2a: Lucario|def|1
|-unboost|p2a: Lucario|spd|1
|-damage|p2a: Lucario|209\/281|[from] item: Life Orb
|faint|p1a: MalefiSCENT
|
|
|switch|p1a: Axcision|Haxorus, M|294\/294
|-damage|p1a: Axcision|258\/294|[from] Stealth Rock
|-activate|p1a: Axcision|move: Sticky Web
|-unboost|p1a: Axcision|spe|1
|-ability|p1a: Axcision|Mold Breaker
|turn|17
|
|move|p2a: Lucario|Close Combat|p1a: Axcision
|-damage|p1a: Axcision|0 fnt
|-unboost|p2a: Lucario|def|1
|-unboost|p2a: Lucario|spd|1
|-damage|p2a: Lucario|181\/281|[from] item: Life Orb
|faint|p1a: Axcision
|
|chat|greyheracross|gg fren
|
|switch|p1a: Mr. Meowgi|Mienshao, M|65\/271
|-damage|p1a: Mr. Meowgi|49\/271|[from] Stealth Rock
|-activate|p1a: Mr. Meowgi|move: Sticky Web
|-unboost|p1a: Mr. Meowgi|spe|1
|turn|18
|chat|CoolStoryBrobat|gg
|chat|King UU|whoa
|
|move|p2a: Lucario|Extreme Speed|p1a: Mr. Meowgi
|-damage|p1a: Mr. Meowgi|0 fnt
|-damage|p2a: Lucario|153\/281|[from] item: Life Orb
|faint|p1a: Mr. Meowgi
|
|win|greyheracross
|raw|Ladder updating...
|raw|CoolStoryBrobat's rating: 1509 &rarr; <strong>1486<\/strong><br \/>(-23 for losing)
|raw|greyheracross's rating: 1460 &rarr; <strong>1483<\/strong><br \/>(+23 for winning)
|leave|King UU
|leave|CoolStoryBrobat
|player|p1