|join|Greyheracross
|join|MegaMogwai
|player|p1|Greyheracross|162
|player|p2|MegaMogwai|102
|gametype|singles
|gen|6
|tier|UU
|rated
|rule|Sleep Clause Mod: Limit one foe put to sleep
|rule|Species Clause: Limit one of each PokÃ©mon
|rule|OHKO Clause: OHKO moves are banned
|rule|Moody Clause: Moody is banned
|rule|Evasion Moves Clause: Evasion moves are banned
|rule|Endless Battle Clause: Forcing endless battles is banned
|rule|HP Percentage Mod: HP is reported as percentages
|clearpoke
|poke|p1|Shuckle, F
|poke|p1|Honchkrow, M
|poke|p1|Chandelure, F
|poke|p1|Haxorus, M
|poke|p1|Florges, F
|poke|p1|Lucario, M
|poke|p2|Nidoking, M
|poke|p2|Scrafty, M
|poke|p2|Blastoise, M
|poke|p2|Rhyperior, M
|poke|p2|Escavalier, M
|poke|p2|Crobat, M
|rule|Swagger Clause: Swagger is banned
|rule|Baton Pass Clause: Limit one PokÃ©mon knowing Baton Pass
|teampreview
|join|just2bquiet
|
|start
|switch|p1a: Haxorus|Haxorus, M|293\/293
|switch|p2a: Blastoise|Blastoise, M|348\/348
|-ability|p1a: Haxorus|Mold Breaker
|turn|1
|
|detailschange|p2a: Blastoise|Blastoise-Mega, M
|message|Blastoise has Mega Evolved into Mega Blastoise!
|move|p1a: Haxorus|Outrage|p2a: Blastoise
|-damage|p2a: Blastoise|134\/348
|move|p2a: Blastoise|Dark Pulse|p1a: Haxorus
|-damage|p1a: Haxorus|60\/293
|
|turn|2
|
|switch|p2a: Escavalier|Escavalier, M|324\/324
|move|p1a: Haxorus|Outrage|p2a: Escavalier
|-resisted|p2a: Escavalier
|-damage|p2a: Escavalier|203\/324
|
|turn|3
|
|move|p1a: Haxorus|Outrage|p2a: Escavalier
|-resisted|p2a: Escavalier
|-damage|p2a: Escavalier|80\/324
|move|p2a: Escavalier|Iron Head|p1a: Haxorus
|-damage|p1a: Haxorus|0 fnt
|faint|p1a: Haxorus
|
|
|switch|p1a: Chandelure|Chandelure, F|261\/261
|turn|4
|
|move|p1a: Chandelure|Shadow Ball|p2a: Escavalier
|-damage|p2a: Escavalier|0 fnt
|-damage|p1a: Chandelure|235\/261|[from] item: Life Orb
|faint|p2a: Escavalier
|
|
|switch|p2a: Scrafty|Scrafty, M|333\/333
|turn|5
|
|switch|p1a: Shuckle|Shuckle, F|244\/244
|move|p2a: Scrafty|Knock Off|p1a: Shuckle
|-damage|p1a: Shuckle|195\/244
|-enditem|p1a: Shuckle|Mental Herb|[from] move: Knock Off|[of] p2a: Scrafty
|
|turn|6
|
|switch|p2a: Blastoise|Blastoise-Mega, M|134\/348
|switch|p1a: Chandelure|Chandelure, F|235\/261
|
|turn|7
|
|switch|p2a: Scrafty|Scrafty, M|333\/333
|move|p1a: Chandelure|Fire Blast|p2a: Scrafty|[miss]
|-miss|p1a: Chandelure|p2a: Scrafty
|
|turn|8
|
|move|p1a: Chandelure|Fire Blast|p2a: Scrafty
|-damage|p2a: Scrafty|137\/333
|-damage|p1a: Chandelure|209\/261|[from] item: Life Orb
|move|p2a: Scrafty|Bulk Up|p2a: Scrafty
|-boost|p2a: Scrafty|atk|1
|-boost|p2a: Scrafty|def|1
|
|turn|9
|
|move|p1a: Chandelure|Fire Blast|p2a: Scrafty
|-damage|p2a: Scrafty|0 fnt
|-damage|p1a: Chandelure|183\/261|[from] item: Life Orb
|faint|p2a: Scrafty
|
|
|switch|p2a: Crobat|Crobat, M|311\/311
|turn|10
|
|move|p2a: Crobat|Pursuit|p1a: Chandelure|[from]Pursuit
|-supereffective|p1a: Chandelure
|-damage|p1a: Chandelure|9\/261
|switch|p1a: Shuckle|Shuckle, F|195\/244
|
|turn|11
|
|switch|p2a: Rhyperior|Rhyperior, M|433\/433
|move|p1a: Shuckle|Sticky Web|p2a: Rhyperior
|-sidestart|p2: MegaMogwai|move: Sticky Web
|
|turn|12
|
|switch|p1a: Chandelure|Chandelure, F|9\/261
|move|p2a: Rhyperior|Stealth Rock|p1a: Chandelure
|-sidestart|p1: Greyheracross|move: Stealth Rock
|
|turn|13
|
|switch|p2a: Blastoise|Blastoise-Mega, M|134\/348
|-activate|p2a: Blastoise|move: Sticky Web
|-unboost|p2a: Blastoise|spe|1
|move|p1a: Chandelure|Pain Split|p2a: Blastoise
|-sethp|p2a: Blastoise|71\/348|p1a: Chandelure|71\/261|[from] move: Pain Split
|
|turn|14
|
|move|p1a: Chandelure|Shadow Ball|p2a: Blastoise
|-crit|p2a: Blastoise
|-damage|p2a: Blastoise|0 fnt
|-damage|p1a: Chandelure|45\/261|[from] item: Life Orb
|faint|p2a: Blastoise
|
|
|switch|p2a: Crobat|Crobat, M|311\/311
|turn|15
|
|move|p2a: Crobat|Brave Bird|p1a: Chandelure
|-damage|p1a: Chandelure|0 fnt
|-damage|p2a: Crobat|296\/311|[from] recoil|[of] p1a: Chandelure
|faint|p1a: Chandelure
|
|
|switch|p1a: Shuckle|Shuckle, F|195\/244
|-damage|p1a: Shuckle|134\/244|[from] Stealth Rock
|turn|16
|
|switch|p2a: Nidoking|Nidoking, M|303\/303
|-activate|p2a: Nidoking|move: Sticky Web
|-unboost|p2a: Nidoking|spe|1
|move|p1a: Shuckle|Stealth Rock|p2a: Nidoking
|-sidestart|p2: MegaMogwai|move: Stealth Rock
|
|turn|17
|
|move|p2a: Nidoking|Earth Power|p1a: Shuckle
|-damage|p1a: Shuckle|37\/244
|move|p1a: Shuckle|Encore|p2a: Nidoking
|-start|p2a: Nidoking|Encore
|
|turn|18
|
|switch|p2a: Rhyperior|Rhyperior, M|433\/433
|-damage|p2a: Rhyperior|406\/433|[from] Stealth Rock
|-activate|p2a: Rhyperior|move: Sticky Web
|-unboost|p2a: Rhyperior|spe|1
|move|p1a: Shuckle|Knock Off|p2a: Rhyperior
|-crit|p2a: Rhyperior
|-damage|p2a: Rhyperior|388\/433
|-enditem|p2a: Rhyperior|Leftovers|[from] move: Knock Off|[of] p1a: Shuckle
|
|turn|19
|
|switch|p1a: Florges|Florges, F|359\/359
|-damage|p1a: Florges|315\/359|[from] Stealth Rock
|move|p2a: Rhyperior|Rock Blast|p1a: Florges
|-damage|p1a: Florges|275\/359
|-damage|p1a: Florges|232\/359
|-damage|p1a: Florges|189\/359
|-damage|p1a: Florges|146\/359
|-hitcount|p1a: Florges|4
|
|-heal|p1a: Florges|168\/359|[from] item: Leftovers
|turn|20
|
|switch|p2a: Nidoking|Nidoking, M|303\/303
|-damage|p2a: Nidoking|285\/303|[from] Stealth Rock
|-activate|p2a: Nidoking|move: Sticky Web
|-unboost|p2a: Nidoking|spe|1
|move|p1a: Florges|Moonblast|p2a: Nidoking
|-resisted|p2a: Nidoking
|-damage|p2a: Nidoking|213\/303
|-unboost|p2a: Nidoking|spa|1
|
|-heal|p1a: Florges|190\/359|[from] item: Leftovers
|turn|21
|
|move|p1a: Florges|Moonblast|p2a: Nidoking
|-resisted|p2a: Nidoking
|-damage|p2a: Nidoking|140\/303
|move|p2a: Nidoking|Sludge Wave|p1a: Florges
|-supereffective|p1a: Florges
|-damage|p1a: Florges|0 fnt
|faint|p1a: Florges
|
|
|switch|p1a: Honchkrow|Honchkrow, M|341\/341
|-damage|p1a: Honchkrow|256\/341|[from] Stealth Rock
|turn|22
|
|move|p1a: Honchkrow|Night Slash|p2a: Nidoking
|-damage|p2a: Nidoking|0 fnt
|-damage|p1a: Honchkrow|222\/341|[from] item: Life Orb
|faint|p2a: Nidoking
|-boost|p1a: Honchkrow|atk|1|[from] ability: Moxie
|
|
|switch|p2a: Rhyperior|Rhyperior, M|388\/433
|-damage|p2a: Rhyperior|361\/433|[from] Stealth Rock
|-activate|p2a: Rhyperior|move: Sticky Web
|-unboost|p2a: Rhyperior|spe|1
|turn|23
|
|switch|p1a: Shuckle|Shuckle, F|37\/244
|-damage|p1a: Shuckle|0 fnt|[from] Stealth Rock
|faint|p1a: Shuckle
|move|p2a: Rhyperior|Rock Blast|p1: Shuckle|[notarget]
|-notarget
|
|
|switch|p1a: Lucario|Lucario, M|281\/281
|-damage|p1a: Lucario|273\/281|[from] Stealth Rock
|turn|24
|
|switch|p2a: Crobat|Crobat, M|296\/311
|-damage|p2a: Crobat|219\/311|[from] Stealth Rock
|move|p1a: Lucario|Close Combat|p2a: Crobat
|-resisted|p2a: Crobat
|-damage|p2a: Crobat|145\/311
|-unboost|p1a: Lucario|def|1
|-unboost|p1a: Lucario|spd|1
|-damage|p1a: Lucario|245\/281|[from] item: Life Orb
|
|turn|25
|
|move|p1a: Lucario|Extreme Speed|p2a: Crobat
|-damage|p2a: Crobat|5\/311
|-damage|p1a: Lucario|217\/281|[from] item: Life Orb
|move|p2a: Crobat|Brave Bird|p1a: Lucario
|-damage|p1a: Lucario|0 fnt
|-damage|p2a: Crobat|0 fnt|[from] recoil|[of] p1a: Lucario
|faint|p1a: Lucario
|faint|p2a: Crobat
|
|
|switch|p1a: Honchkrow|Honchkrow, M|222\/341
|-damage|p1a: Honchkrow|137\/341|[from] Stealth Rock
|switch|p2a: Rhyperior|Rhyperior, M|361\/433
|-damage|p2a: Rhyperior|334\/433|[from] Stealth Rock
|-activate|p2a: Rhyperior|move: Sticky Web
|-unboost|p2a: Rhyperior|spe|1
|turn|26
|
|move|p1a: Honchkrow|Superpower|p2a: Rhyperior
|-supereffective|p2a: Rhyperior
|-damage|p2a: Rhyperior|145\/433
|-unboost|p1a: Honchkrow|atk|1
|-unboost|p1a: Honchkrow|def|1
|-damage|p1a: Honchkrow|103\/341|[from] item: Life Orb
|move|p2a: Rhyperior|Rock Blast|p1a: Honchkrow
|-crit|p1a: Honchkrow
|-supereffective|p1a: Honchkrow
|-damage|p1a: Honchkrow|0 fnt
|-hitcount|p1a: Honchkrow|1
|faint|p1a: Honchkrow
|
|win|MegaMogwai
|raw|Ladder updating...
|raw|Greyheracross's rating: 1626 &rarr; <strong>1603<\/strong><br \/>(-23 for losing)
|raw|MegaMogwai's rating: 1589 &rarr; <strong>1611<\/strong><br \/>(+22 for winning)
|leave|Greyheracross
|player|p1
|chat|MegaMogwai|gfgf
|leave|just2bquiet