|join|Greyheracross
|join|Specs Cranidos
|join|rupe
|player|p1|Greyheracross|273
|player|p2|Specs Cranidos|54
|gametype|singles
|gen|6
|tier|UU
|rated
|rule|Sleep Clause Mod: Limit one foe put to sleep
|rule|Species Clause: Limit one of each PokÃ©mon
|rule|OHKO Clause: OHKO moves are banned
|rule|Moody Clause: Moody is banned
|rule|Evasion Moves Clause: Evasion moves are banned
|rule|Endless Battle Clause: Forcing endless battles is banned
|rule|HP Percentage Mod: HP is shown in percentages
|clearpoke
|poke|p1|Sharpedo, F
|poke|p1|Chandelure, F
|poke|p1|Zygarde
|poke|p1|Forretress, F
|poke|p1|Chesnaught, M
|poke|p1|Snorlax, M
|poke|p2|Pidgeot, M
|poke|p2|Doublade, M
|poke|p2|Swampert, F
|poke|p2|Mienshao, F
|poke|p2|Suicune
|poke|p2|Forretress, M
|rule|Swagger Clause: Swagger is banned
|rule|Baton Pass Clause: Limit one PokÃ©mon knowing Baton Pass
|teampreview
|join|Lord Emvee
|join|KillJayKill
|
|start
|switch|p1a: Chandelure|Chandelure, F|261\/261
|switch|p2a: Swampert|Swampert, F|403\/403
|turn|1
|join|gelly
|
|switch|p2a: Forretress|Forretress, M|353\/353
|move|p1a: Chandelure|Energy Ball|p2a: Forretress
|-resisted|p2a: Forretress
|-damage|p2a: Forretress|322\/353
|
|-heal|p2a: Forretress|344\/353|[from] item: Leftovers
|turn|2
|
|switch|p1a: Zygarde|Zygarde|405\/405
|-ability|p1a: Zygarde|Aura Break
|move|p2a: Forretress|Volt Switch|p1a: Zygarde
|-immune|p1a: Zygarde|[msg]
|
|-heal|p2a: Forretress|353\/353|[from] item: Leftovers
|turn|3
|
|switch|p2a: Suicune|Suicune|381\/381
|-ability|p2a: Suicune|Pressure
|move|p1a: Zygarde|Substitute|p1a: Zygarde
|-start|p1a: Zygarde|Substitute
|-damage|p1a: Zygarde|304\/405
|
|-heal|p1a: Zygarde|329\/405|[from] item: Leftovers
|turn|4
|
|move|p2a: Suicune|Ice Beam|p1a: Zygarde
|-supereffective|p1a: Zygarde
|-end|p1a: Zygarde|Substitute
|move|p1a: Zygarde|Dragon Tail|p2a: Suicune|[miss]
|-miss|p1a: Zygarde|p2a: Suicune
|
|-heal|p1a: Zygarde|354\/405|[from] item: Leftovers
|turn|5
|
|switch|p1a: Snorlax|Snorlax, M|501\/501
|switch|p2a: Mienshao|Mienshao, F|271\/271
|
|turn|6
|
|switch|p1a: Chesnaught|Chesnaught, M|380\/380
|move|p2a: Mienshao|Knock Off|p1a: Chesnaught
|-resisted|p1a: Chesnaught
|-damage|p1a: Chesnaught|344\/380
|-enditem|p1a: Chesnaught|Leftovers|[from] move: Knock Off|[of] p2a: Mienshao
|
|turn|7
|
|switch|p2a: Forretress|Forretress, M|353\/353
|move|p1a: Chesnaught|Spikes|p2a: Forretress
|-sidestart|p2: Specs Cranidos|Spikes
|
|turn|8
|
|switch|p1a: Chandelure|Chandelure, F|261\/261
|switch|p2a: Pidgeot|Pidgeot, M|307\/307
|
|turn|9
|
|switch|p2a: Swampert|Swampert, F|403\/403
|-damage|p2a: Swampert|353\/403|[from] Spikes
|move|p1a: Chandelure|Fire Blast|p2a: Swampert
|-resisted|p2a: Swampert
|-damage|p2a: Swampert|275\/403
|-status|p2a: Swampert|brn
|
|-heal|p2a: Swampert|300\/403 brn|[from] item: Leftovers
|-damage|p2a: Swampert|250\/403 brn|[from] brn
|turn|10
|
|switch|p1a: Chesnaught|Chesnaught, M|344\/380
|move|p2a: Swampert|Stealth Rock|p1a: Chesnaught
|-sidestart|p1: Greyheracross|move: Stealth Rock
|
|-heal|p2a: Swampert|275\/403 brn|[from] item: Leftovers
|-damage|p2a: Swampert|225\/403 brn|[from] brn
|turn|11
|
|move|p1a: Chesnaught|Spikes|p2a: Swampert
|-sidestart|p2: Specs Cranidos|Spikes
|move|p2a: Swampert|Roar|p1a: Chesnaught
|drag|p1a: Sharpedo|Sharpedo, F|281\/281
|-damage|p1a: Sharpedo|246\/281|[from] Stealth Rock
|
|-heal|p2a: Swampert|250\/403 brn|[from] item: Leftovers
|-damage|p2a: Swampert|200\/403 brn|[from] brn
|turn|12
|
|move|p1a: Sharpedo|Protect|p1a: Sharpedo
|-singleturn|p1a: Sharpedo|Protect
|move|p2a: Swampert|Earthquake|p1a: Sharpedo
|-activate|p1a: Sharpedo|Protect
|
|-heal|p2a: Swampert|225\/403 brn|[from] item: Leftovers
|-damage|p2a: Swampert|175\/403 brn|[from] brn
|-boost|p1a: Sharpedo|spe|1|[from] ability: Speed Boost
|turn|13
|
|move|p1a: Sharpedo|Waterfall|p2a: Swampert
|-damage|p2a: Swampert|9\/403 brn
|move|p2a: Swampert|Earthquake|p1a: Sharpedo
|-crit|p1a: Sharpedo
|-damage|p1a: Sharpedo|47\/281
|
|-heal|p2a: Swampert|34\/403 brn|[from] item: Leftovers
|-damage|p2a: Swampert|0 fnt|[from] brn
|-boost|p1a: Sharpedo|spe|1|[from] ability: Speed Boost
|faint|p2a: Swampert
|
|switch|p2a: Forretress|Forretress, M|353\/353
|-damage|p2a: Forretress|295\/353|[from] Spikes
|turn|14
|
|detailschange|p1a: Sharpedo|Sharpedo-Mega, F
|-mega|p1a: Sharpedo|Sharpedo|Sharpedonite
|move|p1a: Sharpedo|Crunch|p2a: Forretress
|-damage|p2a: Forretress|102\/353
|move|p2a: Forretress|Rapid Spin|p1a: Sharpedo
|-damage|p1a: Sharpedo|26\/281
|-sideend|p2: Specs Cranidos|Spikes|[from] move: Rapid Spin|[of] p2a: Forretress
|
|-heal|p2a: Forretress|124\/353|[from] item: Leftovers
|turn|15
|
|move|p1a: Sharpedo|Crunch|p2a: Forretress
|-crit|p2a: Forretress
|-damage|p2a: Forretress|0 fnt
|faint|p2a: Forretress
|
|
|switch|p2a: Doublade|Doublade, M|311\/311
|turn|16
|
|move|p1a: Sharpedo|Protect|p1a: Sharpedo
|-singleturn|p1a: Sharpedo|Protect
|move|p2a: Doublade|Shadow Sneak|p1a: Sharpedo
|-activate|p1a: Sharpedo|Protect
|
|turn|17
|
|move|p2a: Doublade|Shadow Sneak|p1a: Sharpedo
|-resisted|p1a: Sharpedo
|-damage|p1a: Sharpedo|0 fnt
|faint|p1a: Sharpedo
|
|
|switch|p1a: Zygarde|Zygarde|354\/405
|-damage|p1a: Zygarde|329\/405|[from] Stealth Rock
|-ability|p1a: Zygarde|Aura Break
|turn|18
|
|switch|p2a: Suicune|Suicune|381\/381
|-ability|p2a: Suicune|Pressure
|move|p1a: Zygarde|Substitute|p1a: Zygarde
|-start|p1a: Zygarde|Substitute
|-damage|p1a: Zygarde|228\/405
|
|-heal|p1a: Zygarde|253\/405|[from] item: Leftovers
|turn|19
|
|move|p2a: Suicune|Ice Beam|p1a: Zygarde
|-supereffective|p1a: Zygarde
|-end|p1a: Zygarde|Substitute
|move|p1a: Zygarde|Dragon Tail|p2a: Suicune
|-crit|p2a: Suicune
|-damage|p2a: Suicune|290\/381
|drag|p2a: Pidgeot|Pidgeot, M|307\/307
|
|-heal|p1a: Zygarde|278\/405|[from] item: Leftovers
|turn|20
|
|switch|p1a: Snorlax|Snorlax, M|501\/501
|-damage|p1a: Snorlax|439\/501|[from] Stealth Rock
|detailschange|p2a: Pidgeot|Pidgeot-Mega, M
|-mega|p2a: Pidgeot|Pidgeot|Pidgeotite
|move|p2a: Pidgeot|Hurricane|p1a: Snorlax
|-damage|p1a: Snorlax|301\/501
|
|-heal|p1a: Snorlax|332\/501|[from] item: Leftovers
|turn|21
|
|switch|p1a: Chesnaught|Chesnaught, M|344\/380
|-damage|p1a: Chesnaught|321\/380|[from] Stealth Rock
|move|p2a: Pidgeot|U-turn|p1a: Chesnaught
|-damage|p1a: Chesnaught|289\/380
|
|switch|p2a: Suicune|Suicune|290\/381
|-ability|p2a: Suicune|Pressure
|
|-heal|p2a: Suicune|313\/381|[from] item: Leftovers
|turn|22
|
|move|p2a: Suicune|Substitute|p2a: Suicune
|-start|p2a: Suicune|Substitute
|-damage|p2a: Suicune|218\/381
|move|p1a: Chesnaught|Spikes|p2a: Suicune
|-sidestart|p2: Specs Cranidos|Spikes
|
|-heal|p2a: Suicune|241\/381|[from] item: Leftovers
|turn|23
|
|move|p2a: Suicune|Calm Mind|p2a: Suicune
|-boost|p2a: Suicune|spa|1
|-boost|p2a: Suicune|spd|1
|move|p1a: Chesnaught|Spikes|p2a: Suicune
|-sidestart|p2: Specs Cranidos|Spikes
|
|-heal|p2a: Suicune|264\/381|[from] item: Leftovers
|turn|24
|
|move|p2a: Suicune|Ice Beam|p1a: Chesnaught
|-supereffective|p1a: Chesnaught
|-damage|p1a: Chesnaught|0 fnt
|faint|p1a: Chesnaught
|
|-heal|p2a: Suicune|287\/381|[from] item: Leftovers
|
|switch|p1a: Snorlax|Snorlax, M|332\/501
|-damage|p1a: Snorlax|270\/501|[from] Stealth Rock
|turn|25
|
|move|p2a: Suicune|Calm Mind|p2a: Suicune
|-boost|p2a: Suicune|spa|1
|-boost|p2a: Suicune|spd|1
|move|p1a: Snorlax|Rest|p1a: Snorlax
|-status|p1a: Snorlax|slp
|-heal|p1a: Snorlax|501\/501 slp|[silent]
|-status|p1a: Snorlax|slp|[from] move: Rest
|
|-heal|p2a: Suicune|310\/381|[from] item: Leftovers
|turn|26
|c|âGreyheracross|lag
|
|move|p2a: Suicune|Calm Mind|p2a: Suicune
|-boost|p2a: Suicune|spa|1
|-boost|p2a: Suicune|spd|1
|cant|p1a: Snorlax|slp
|move|p1a: Snorlax|Sleep Talk|p1a: Snorlax
|move|p1a: Snorlax|Rest|p1a: Snorlax|[from]Sleep Talk
|-fail|p1a: Snorlax
|
|-heal|p2a: Suicune|333\/381|[from] item: Leftovers
|turn|27
|join|Zamrock
|
|move|p2a: Suicune|Calm Mind|p2a: Suicune
|-boost|p2a: Suicune|spa|1
|-boost|p2a: Suicune|spd|1
|cant|p1a: Snorlax|slp
|move|p1a: Snorlax|Sleep Talk|p1a: Snorlax
|move|p1a: Snorlax|Rest|p1a: Snorlax|[from]Sleep Talk
|-fail|p1a: Snorlax
|
|-heal|p2a: Suicune|356\/381|[from] item: Leftovers
|turn|28
|c|âGreyheracross|shit what now
|c| Zamrock|ur ass
|
|move|p2a: Suicune|Calm Mind|p2a: Suicune
|-boost|p2a: Suicune|spa|1
|-boost|p2a: Suicune|spd|1
|-curestatus|p1a: Snorlax|slp
|move|p1a: Snorlax|Whirlwind|p2a: Suicune
|drag|p2a: Pidgeot|Pidgeot-Mega, M|307\/307
|
|turn|29
|c| Lord Emvee|ko ni chi wa
|c| Lord Emvee|ma da fa ka
|c| Zamrock|bop
|c|âSpecs Cranidos|im sad
|c|âGreyheracross|:]
|c| Lord Emvee|komanidachifawaka
|c| gelly|emvee
|c| gelly|suck me off
|
|move|p2a: Pidgeot|Hurricane|p1a: Snorlax
|-damage|p1a: Snorlax|356\/501
|-start|p1a: Snorlax|confusion
|-activate|p1a: Snorlax|confusion
|move|p1a: Snorlax|Body Slam|p2a: Pidgeot
|-damage|p2a: Pidgeot|183\/307
|
|-heal|p1a: Snorlax|387\/501|[from] item: Leftovers
|turn|30
|c| Lord Emvee|NI HAO sory my cheeks hurt 2 much noodles
|c| Lord Emvee|sluuuuuuuuurp
|c|âSpecs Cranidos|holy lag
|c| Zamrock|holy fag
|
|move|p2a: Pidgeot|Roost|p2a: Pidgeot
|-heal|p2a: Pidgeot|307\/307
|-activate|p1a: Snorlax|confusion
|-damage|p1a: Snorlax|350\/501|[from] confusion
|
|-heal|p1a: Snorlax|381\/501|[from] item: Leftovers
|turn|31
|
|switch|p2a: Doublade|Doublade, M|311\/311
|-damage|p2a: Doublade|260\/311|[from] Spikes
|-activate|p1a: Snorlax|confusion
|-damage|p1a: Snorlax|345\/501|[from] confusion
|
|-heal|p1a: Snorlax|376\/501|[from] item: Leftovers
|turn|32
|
|switch|p1a: Zygarde|Zygarde|278\/405
|-damage|p1a: Zygarde|253\/405|[from] Stealth Rock
|-ability|p1a: Zygarde|Aura Break
|move|p2a: Doublade|Sacred Sword|p1a: Zygarde
|-damage|p1a: Zygarde|169\/405
|
|-heal|p1a: Zygarde|194\/405|[from] item: Leftovers
|turn|33
|
|move|p2a: Doublade|Iron Head|p1a: Zygarde
|-damage|p1a: Zygarde|68\/405
|move|p1a: Zygarde|Dragon Tail|p2a: Doublade
|-resisted|p2a: Doublade
|-damage|p2a: Doublade|242\/311
|drag|p2a: Suicune|Suicune|356\/381
|-damage|p2a: Suicune|293\/381|[from] Spikes
|-ability|p2a: Suicune|Pressure
|
|-heal|p1a: Zygarde|93\/405|[from] item: Leftovers
|-heal|p2a: Suicune|316\/381|[from] item: Leftovers
|turn|34
|
|move|p1a: Zygarde|Earthquake|p2a: Suicune
|-crit|p2a: Suicune
|-damage|p2a: Suicune|160\/381
|move|p2a: Suicune|Scald|p1a: Zygarde
|-damage|p1a: Zygarde|5\/405
|-status|p1a: Zygarde|brn
|
|-heal|p1a: Zygarde|30\/405 brn|[from] item: Leftovers
|-heal|p2a: Suicune|183\/381|[from] item: Leftovers
|-damage|p1a: Zygarde|0 fnt|[from] brn
|faint|p1a: Zygarde
|
|switch|p1a: Forretress|Forretress, F|354\/354
|-damage|p1a: Forretress|310\/354|[from] Stealth Rock
|turn|35
|
|move|p2a: Suicune|Substitute|p2a: Suicune
|-start|p2a: Suicune|Substitute
|-damage|p2a: Suicune|88\/381
|move|p1a: Forretress|Stealth Rock|p2a: Suicune
|-sidestart|p2: Specs Cranidos|move: Stealth Rock
|
|-heal|p2a: Suicune|111\/381|[from] item: Leftovers
|-heal|p1a: Forretress|332\/354|[from] item: Leftovers
|turn|36
|
|move|p2a: Suicune|Scald|p1a: Forretress
|-damage|p1a: Forretress|154\/354
|move|p1a: Forretress|Rapid Spin|p2a: Suicune
|-activate|p2a: Suicune|Substitute|[damage]
|-sideend|p1: Greyheracross|Stealth Rock|[from] move: Rapid Spin|[of] p1a: Forretress
|
|-heal|p2a: Suicune|134\/381|[from] item: Leftovers
|-heal|p1a: Forretress|176\/354|[from] item: Leftovers
|turn|37
|
|switch|p1a: Snorlax|Snorlax, M|376\/501
|move|p2a: Suicune|Scald|p1a: Snorlax
|-damage|p1a: Snorlax|285\/501
|-status|p1a: Snorlax|brn
|
|-heal|p2a: Suicune|157\/381|[from] item: Leftovers
|-heal|p1a: Snorlax|316\/501 brn|[from] item: Leftovers
|-damage|p1a: Snorlax|254\/501 brn|[from] brn
|turn|38
|
|move|p2a: Suicune|Scald|p1a: Snorlax
|-damage|p1a: Snorlax|175\/501 brn
|move|p1a: Snorlax|Rest|p1a: Snorlax
|-status|p1a: Snorlax|slp
|-heal|p1a: Snorlax|501\/501 slp|[silent]
|-status|p1a: Snorlax|slp|[from] move: Rest
|
|-heal|p2a: Suicune|180\/381|[from] item: Leftovers
|turn|39
|
|move|p2a: Suicune|Scald|p1a: Snorlax
|-damage|p1a: Snorlax|410\/501 slp
|cant|p1a: Snorlax|slp
|move|p1a: Snorlax|Sleep Talk|p1a: Snorlax
|move|p1a: Snorlax|Body Slam|p2a: Suicune|[from]Sleep Talk
|-end|p2a: Suicune|Substitute
|
|-heal|p2a: Suicune|203\/381|[from] item: Leftovers
|-heal|p1a: Snorlax|441\/501 slp|[from] item: Leftovers
|turn|40
|
|move|p2a: Suicune|Scald|p1a: Snorlax
|-damage|p1a: Snorlax|360\/501 slp
|cant|p1a: Snorlax|slp
|move|p1a: Snorlax|Sleep Talk|p1a: Snorlax
|move|p1a: Snorlax|Whirlwind|p2a: Suicune|[from]Sleep Talk
|drag|p2a: Doublade|Doublade, M|242\/311
|-damage|p2a: Doublade|223\/311|[from] Stealth Rock
|-damage|p2a: Doublade|172\/311|[from] Spikes
|
|-heal|p1a: Snorlax|391\/501 slp|[from] item: Leftovers
|turn|41
|
|move|p2a: Doublade|Sacred Sword|p1a: Snorlax
|-supereffective|p1a: Snorlax
|-damage|p1a: Snorlax|133\/501 slp
|-curestatus|p1a: Snorlax|slp
|move|p1a: Snorlax|Whirlwind|p2a: Doublade
|drag|p2a: Pidgeot|Pidgeot-Mega, M|307\/307
|-damage|p2a: Pidgeot|231\/307|[from] Stealth Rock
|
|-heal|p1a: Snorlax|164\/501|[from] item: Leftovers
|turn|42
|
|move|p2a: Pidgeot|Hurricane|p1a: Snorlax
|-damage|p1a: Snorlax|31\/501
|move|p1a: Snorlax|Rest|p1a: Snorlax
|-status|p1a: Snorlax|slp
|-heal|p1a: Snorlax|501\/501 slp|[silent]
|-status|p1a: Snorlax|slp|[from] move: Rest
|
|turn|43
|leave|KillJayKill
|
|move|p2a: Pidgeot|Hurricane|p1a: Snorlax
|-damage|p1a: Snorlax|351\/501 slp
|cant|p1a: Snorlax|slp
|move|p1a: Snorlax|Sleep Talk|p1a: Snorlax
|move|p1a: Snorlax|Rest|p1a: Snorlax|[from]Sleep Talk
|-fail|p1a: Snorlax
|
|-heal|p1a: Snorlax|382\/501 slp|[from] item: Leftovers
|turn|44
|
|move|p2a: Pidgeot|Hurricane|p1a: Snorlax
|-damage|p1a: Snorlax|247\/501 slp
|cant|p1a: Snorlax|slp
|move|p1a: Snorlax|Sleep Talk|p1a: Snorlax
|move|p1a: Snorlax|Whirlwind|p2a: Pidgeot|[from]Sleep Talk
|drag|p2a: Mienshao|Mienshao, F|271\/271
|-damage|p2a: Mienshao|255\/271|[from] Stealth Rock
|-damage|p2a: Mienshao|210\/271|[from] Spikes
|
|-heal|p1a: Snorlax|278\/501 slp|[from] item: Leftovers
|turn|45
|
|switch|p1a: Forretress|Forretress, F|176\/354
|move|p2a: Mienshao|Knock Off|p1a: Forretress
|-damage|p1a: Forretress|110\/354
|-enditem|p1a: Forretress|Leftovers|[from] move: Knock Off|[of] p2a: Mienshao
|
|turn|46
|
|switch|p2a: Doublade|Doublade, M|172\/311
|-damage|p2a: Doublade|121\/311|[from] Spikes
|-damage|p2a: Doublade|102\/311|[from] Stealth Rock
|move|p1a: Forretress|Volt Switch|p2a: Doublade
|-damage|p2a: Doublade|64\/311
|
|switch|p1a: Chandelure|Chandelure, F|261\/261
|
|turn|47
|
|move|p2a: Doublade|Shadow Sneak|p1a: Chandelure
|-supereffective|p1a: Chandelure
|-damage|p1a: Chandelure|111\/261
|move|p1a: Chandelure|Fire Blast|p2a: Doublade
|-supereffective|p2a: Doublade
|-damage|p2a: Doublade|0 fnt
|faint|p2a: Doublade
|
|
|switch|p2a: Mienshao|Mienshao, F|210\/271
|-damage|p2a: Mienshao|165\/271|[from] Spikes
|-damage|p2a: Mienshao|149\/271|[from] Stealth Rock
|turn|48
|join|sugarhigh
|leave|sugarhigh
|
|switch|p1a: Forretress|Forretress, F|110\/354
|move|p2a: Mienshao|Stone Edge|p1a: Forretress
|-damage|p1a: Forretress|43\/354
|
|turn|49
|
|move|p2a: Mienshao|Stone Edge|p1a: Forretress|[miss]
|-miss|p2a: Mienshao|p1a: Forretress
|move|p1a: Forretress|Gyro Ball|p2a: Mienshao
|-damage|p2a: Mienshao|0 fnt
|faint|p2a: Mienshao
|
|c| Zamrock|wow
|c| Zamrock|ur so ass
|c| Lord Emvee|not hax he called it
|
|switch|p2a: Pidgeot|Pidgeot-Mega, M|231\/307
|-damage|p2a: Pidgeot|155\/307|[from] Stealth Rock
|turn|50
|
|move|p2a: Pidgeot|Hurricane|p1a: Forretress
|-damage|p1a: Forretress|0 fnt
|faint|p1a: Forretress
|
|
|switch|p1a: Chandelure|Chandelure, F|111\/261
|turn|51
|
|move|p1a: Chandelure|Fire Blast|p2a: Pidgeot
|-damage|p2a: Pidgeot|0 fnt
|faint|p2a: Pidgeot
|
|join|Axou
|
|switch|p2a: Suicune|Suicune|203\/381
|-damage|p2a: Suicune|140\/381|[from] Spikes
|-damage|p2a: Suicune|93\/381|[from] Stealth Rock
|-ability|p2a: Suicune|Pressure
|turn|52
|leave|Axou
|join|Yavin
|
|switch|p1a: Snorlax|Snorlax, M|278\/501 slp
|move|p2a: Suicune|Scald|p1a: Snorlax
|-damage|p1a: Snorlax|199\/501 slp
|
|-heal|p2a: Suicune|116\/381|[from] item: Leftovers
|-heal|p1a: Snorlax|230\/501 slp|[from] item: Leftovers
|turn|53
|leave|Yavin
|
|move|p2a: Suicune|Substitute|p2a: Suicune
|-start|p2a: Suicune|Substitute
|-damage|p2a: Suicune|21\/381
|-curestatus|p1a: Snorlax|slp
|move|p1a: Snorlax|Body Slam|p2a: Suicune
|-crit|p2a: Suicune
|-end|p2a: Suicune|Substitute
|
|-heal|p2a: Suicune|44\/381|[from] item: Leftovers
|-heal|p1a: Snorlax|261\/501|[from] item: Leftovers
|turn|54
|
|move|p2a: Suicune|Scald|p1a: Snorlax
|-damage|p1a: Snorlax|177\/501
|move|p1a: Snorlax|Body Slam|p2a: Suicune
|-damage|p2a: Suicune|0 fnt
|faint|p2a: Suicune
|
|win|Greyheracross
|raw|Ladder updating...
|raw|Greyheracross's rating: 1466 &rarr; <strong>1492<\/strong><br \/>(+26 for winning)
|raw|Specs Cranidos's rating: 1567 &rarr; <strong>1542<\/strong><br \/>(-25 for losing)
|c|âSpecs Cranidos|gg
|leave|gelly
|leave|rupe
|leave|Zamrock