|join|Greyheracross
|join|lucky100x
|player|p1|Greyheracross|162
|player|p2|lucky100x|40
|gametype|singles
|gen|6
|tier|UU
|rated
|rule|Sleep Clause Mod: Limit one foe put to sleep
|rule|Species Clause: Limit one of each PokÃ©mon
|rule|OHKO Clause: OHKO moves are banned
|rule|Moody Clause: Moody is banned
|rule|Evasion Moves Clause: Evasion moves are banned
|rule|Endless Battle Clause: Forcing endless battles is banned
|rule|HP Percentage Mod: HP is reported as percentages
|clearpoke
|poke|p1|Mew
|poke|p1|Hydreigon, F, shiny
|poke|p1|Mienshao, M
|poke|p1|Victini
|poke|p1|Florges, F
|poke|p1|Aggron, F
|poke|p2|Tangrowth, M
|poke|p2|Granbull, M
|poke|p2|Jirachi
|poke|p2|Heracross, F, shiny
|poke|p2|Nidoking, M, shiny
|poke|p2|Mantine, F, shiny
|rule|Swagger Clause: Swagger is banned
|rule|Baton Pass Clause: Limit one PokÃ©mon knowing Baton Pass
|teampreview
|
|start
|switch|p1a: Hydreigon|Hydreigon, F, shiny|325\/325
|switch|p2a: Granbull|Granbull, M|383\/383
|-ability|p2a: Granbull|Intimidate|[of] p1a: Hydreigon
|-unboost|p1a: Hydreigon|atk|1
|turn|1
|
|move|p1a: Hydreigon|U-turn|p2a: Granbull
|-resisted|p2a: Granbull
|-damage|p2a: Granbull|368\/383
|
|switch|p1a: Aggron|Aggron, F|344\/344
|move|p2a: Granbull|Play Rough|p1a: Aggron|[miss]
|-miss|p2a: Granbull|p1a: Aggron
|
|-heal|p2a: Granbull|383\/383|[from] item: Leftovers
|turn|2
|
|switch|p2a: Mantine|Mantine, F, shiny|334\/334
|detailschange|p1a: Aggron|Aggron-Mega, F
|message|Aggron has Mega Evolved into Mega Aggron!
|move|p1a: Aggron|Earthquake|p2a: Mantine
|-immune|p2a: Mantine|[msg]
|
|turn|3
|
|move|p2a: Mantine|Scald|p1a: Aggron
|-damage|p1a: Aggron|245\/344
|-status|p1a: Aggron|brn
|move|p1a: Aggron|Thunder Wave|p2a: Mantine
|-status|p2a: Mantine|par
|
|-damage|p1a: Aggron|202\/344 brn|[from] brn
|turn|4
|
|switch|p1a: Florges|Florges, F|360\/360
|move|p2a: Mantine|Scald|p1a: Florges
|-damage|p1a: Florges|302\/360
|
|-heal|p1a: Florges|324\/360|[from] item: Leftovers
|turn|5
|
|switch|p2a: Jirachi|Jirachi|404\/404
|move|p1a: Florges|Aromatherapy|p1a: Florges
|-cureteam|p1a: Florges|[from] move: Aromatherapy
|
|-heal|p1a: Florges|346\/360|[from] item: Leftovers
|turn|6
|
|switch|p1a: Mew|Mew|403\/403
|move|p2a: Jirachi|Body Slam|p1a: Mew
|-damage|p1a: Mew|358\/403
|
|-heal|p1a: Mew|383\/403|[from] item: Leftovers
|turn|7
|
|move|p2a: Jirachi|Body Slam|p1a: Mew
|-damage|p1a: Mew|333\/403
|move|p1a: Mew|Will-O-Wisp|p2a: Jirachi|[miss]
|-miss|p1a: Mew|p2a: Jirachi
|
|-heal|p1a: Mew|358\/403|[from] item: Leftovers
|turn|8
|
|switch|p2a: Granbull|Granbull, M|383\/383
|-ability|p2a: Granbull|Intimidate|[of] p1a: Mew
|-unboost|p1a: Mew|atk|1
|move|p1a: Mew|Foul Play|p2a: Granbull
|-resisted|p2a: Granbull
|-damage|p2a: Granbull|344\/383
|
|-heal|p1a: Mew|383\/403|[from] item: Leftovers
|-heal|p2a: Granbull|367\/383|[from] item: Leftovers
|turn|9
|
|move|p1a: Mew|Will-O-Wisp|p2a: Granbull
|-status|p2a: Granbull|brn
|move|p2a: Granbull|Heal Bell|p2a: Granbull
|-cureteam|p2a: Granbull|[from] move: HealBell
|
|-heal|p1a: Mew|403\/403|[from] item: Leftovers
|-heal|p2a: Granbull|383\/383|[from] item: Leftovers
|turn|10
|
|switch|p1a: Aggron|Aggron-Mega, F|202\/344
|switch|p2a: Heracross|Heracross, F, shiny|302\/302
|
|turn|11
|
|switch|p1a: Florges|Florges, F|346\/360
|move|p2a: Heracross|Close Combat|p1a: Florges
|-resisted|p1a: Florges
|-damage|p1a: Florges|247\/360
|-unboost|p2a: Heracross|def|1
|-unboost|p2a: Heracross|spd|1
|
|-heal|p1a: Florges|269\/360|[from] item: Leftovers
|turn|12
|
|switch|p2a: Nidoking|Nidoking, M, shiny|304\/304
|move|p1a: Florges|Wish|p1a: Florges
|
|-heal|p1a: Florges|291\/360|[from] item: Leftovers
|turn|13
|
|switch|p1a: Hydreigon|Hydreigon, F, shiny|325\/325
|move|p2a: Nidoking|Earth Power|p1a: Hydreigon
|-immune|p1a: Hydreigon|[msg]
|
|turn|14
|
|switch|p2a: Granbull|Granbull, M|383\/383
|-ability|p2a: Granbull|Intimidate|[of] p1a: Hydreigon
|-unboost|p1a: Hydreigon|atk|1
|move|p1a: Hydreigon|Fire Blast|p2a: Granbull
|-damage|p2a: Granbull|70\/383
|
|-heal|p2a: Granbull|93\/383|[from] item: Leftovers
|turn|15
|
|switch|p1a: Victini|Victini|341\/341
|switch|p2a: Mantine|Mantine, F, shiny|334\/334
|
|turn|16
|
|move|p1a: Victini|U-turn|p2a: Mantine
|-resisted|p2a: Mantine
|-damage|p2a: Mantine|302\/334
|
|switch|p1a: Mew|Mew|403\/403
|move|p2a: Mantine|Scald|p1a: Mew
|-damage|p1a: Mew|325\/403
|
|-heal|p1a: Mew|350\/403|[from] item: Leftovers
|-heal|p2a: Mantine|322\/334|[from] item: Leftovers
|turn|17
|
|move|p1a: Mew|Will-O-Wisp|p2a: Mantine
|-status|p2a: Mantine|brn
|move|p2a: Mantine|Scald|p1a: Mew
|-damage|p1a: Mew|266\/403
|
|-heal|p1a: Mew|291\/403|[from] item: Leftovers
|-heal|p2a: Mantine|334\/334 brn|[from] item: Leftovers
|-damage|p2a: Mantine|293\/334 brn|[from] brn
|turn|18
|
|switch|p1a: Hydreigon|Hydreigon, F, shiny|325\/325
|move|p2a: Mantine|Scald|p1a: Hydreigon
|-resisted|p1a: Hydreigon
|-damage|p1a: Hydreigon|286\/325
|
|-heal|p2a: Mantine|313\/334 brn|[from] item: Leftovers
|-damage|p2a: Mantine|272\/334 brn|[from] brn
|turn|19
|
|move|p1a: Hydreigon|Dark Pulse|p2a: Mantine
|-damage|p2a: Mantine|104\/334 brn
|move|p2a: Mantine|Ice Beam|p1a: Hydreigon
|-supereffective|p1a: Hydreigon
|-damage|p1a: Hydreigon|156\/325
|
|-heal|p2a: Mantine|124\/334 brn|[from] item: Leftovers
|-damage|p2a: Mantine|83\/334 brn|[from] brn
|turn|20
|
|move|p1a: Hydreigon|Dark Pulse|p2a: Mantine
|-damage|p2a: Mantine|0 fnt
|faint|p2a: Mantine
|
|
|switch|p2a: Heracross|Heracross, F, shiny|302\/302
|turn|21
|
|switch|p1a: Florges|Florges, F|291\/360
|move|p2a: Heracross|Megahorn|p1a: Florges
|-resisted|p1a: Florges
|-damage|p1a: Florges|203\/360
|
|-heal|p1a: Florges|225\/360|[from] item: Leftovers
|turn|22
|
|switch|p2a: Nidoking|Nidoking, M, shiny|304\/304
|switch|p1a: Hydreigon|Hydreigon, F, shiny|156\/325
|
|turn|23
|
|move|p1a: Hydreigon|Dark Pulse|p2a: Nidoking
|-damage|p2a: Nidoking|22\/304
|move|p2a: Nidoking|Ice Beam|p1a: Hydreigon
|-supereffective|p1a: Hydreigon
|-damage|p1a: Hydreigon|0 fnt
|faint|p1a: Hydreigon
|
|
|switch|p1a: Mienshao|Mienshao, M|271\/271
|turn|24
|
|switch|p2a: Tangrowth|Tangrowth, M|404\/404
|move|p1a: Mienshao|U-turn|p2a: Tangrowth
|-supereffective|p2a: Tangrowth
|-damage|p2a: Tangrowth|208\/404
|
|switch|p1a: Victini|Victini|341\/341
|
|turn|25
|
|switch|p2a: Granbull|Granbull, M|93\/383
|-ability|p2a: Granbull|Intimidate|[of] p1a: Victini
|-unboost|p1a: Victini|atk|1
|move|p1a: Victini|V-create|p2a: Granbull
|-damage|p2a: Granbull|0 fnt
|-unboost|p1a: Victini|def|1
|-unboost|p1a: Victini|spd|1
|-unboost|p1a: Victini|spe|1
|faint|p2a: Granbull
|
|
|switch|p2a: Heracross|Heracross, F, shiny|302\/302
|turn|26
|
|switch|p1a: Florges|Florges, F|225\/360
|move|p2a: Heracross|Earthquake|p1a: Florges
|-damage|p1a: Florges|115\/360
|
|-heal|p1a: Florges|137\/360|[from] item: Leftovers
|turn|27
|
|switch|p2a: Jirachi|Jirachi|404\/404
|move|p1a: Florges|Moonblast|p2a: Jirachi
|-resisted|p2a: Jirachi
|-damage|p2a: Jirachi|359\/404
|
|-heal|p2a: Jirachi|384\/404|[from] item: Leftovers
|-heal|p1a: Florges|159\/360|[from] item: Leftovers
|turn|28
|
|switch|p1a: Aggron|Aggron-Mega, F|202\/344
|move|p2a: Jirachi|Body Slam|p1a: Aggron
|-resisted|p1a: Aggron
|-damage|p1a: Aggron|188\/344
|
|-heal|p2a: Jirachi|404\/404|[from] item: Leftovers
|turn|29
|
|switch|p2a: Tangrowth|Tangrowth, M|342\/404
|move|p1a: Aggron|Stealth Rock|p2a: Tangrowth
|-sidestart|p2: lucky100x|move: Stealth Rock
|
|turn|30
|
|switch|p1a: Florges|Florges, F|159\/360
|move|p2a: Tangrowth|Earthquake|p1a: Florges
|-damage|p1a: Florges|92\/360
|
|-heal|p1a: Florges|114\/360|[from] item: Leftovers
|turn|31
|
|move|p1a: Florges|Wish|p1a: Florges
|move|p2a: Tangrowth|Leaf Storm|p1a: Florges
|-damage|p1a: Florges|5\/360
|-unboost|p2a: Tangrowth|spa|2
|
|-heal|p1a: Florges|27\/360|[from] item: Leftovers
|turn|32
|
|switch|p2a: Jirachi|Jirachi|404\/404
|-damage|p2a: Jirachi|379\/404|[from] Stealth Rock
|move|p1a: Florges|Protect|p1a: Florges
|-fail|p1a: Florges
|
|-heal|p1a: Florges|207\/360|[from] move: Wish|[wisher] Florges
|-heal|p2a: Jirachi|404\/404|[from] item: Leftovers
|-heal|p1a: Florges|229\/360|[from] item: Leftovers
|turn|33
|
|switch|p1a: Mew|Mew|291\/403
|move|p2a: Jirachi|Body Slam|p1a: Mew
|-damage|p1a: Mew|242\/403
|
|-heal|p1a: Mew|267\/403|[from] item: Leftovers
|turn|34
|
|switch|p2a: Heracross|Heracross, F, shiny|302\/302
|-damage|p2a: Heracross|265\/302|[from] Stealth Rock
|move|p1a: Mew|Will-O-Wisp|p2a: Heracross
|-status|p2a: Heracross|brn
|
|-heal|p1a: Mew|292\/403|[from] item: Leftovers
|-damage|p2a: Heracross|228\/302 brn|[from] brn
|turn|35
|
|switch|p1a: Aggron|Aggron-Mega, F|188\/344
|move|p2a: Heracross|Megahorn|p1a: Aggron
|-resisted|p1a: Aggron
|-damage|p1a: Aggron|120\/344
|
|-damage|p2a: Heracross|191\/302 brn|[from] brn
|turn|36
|
|switch|p2a: Tangrowth|Tangrowth, M|404\/404
|-damage|p2a: Tangrowth|354\/404|[from] Stealth Rock
|switch|p1a: Mienshao|Mienshao, M|271\/271
|
|turn|37
|
|move|p1a: Mienshao|High Jump Kick|p2a: Tangrowth
|-damage|p2a: Tangrowth|8\/404
|move|p2a: Tangrowth|Knock Off|p1a: Mienshao
|-resisted|p1a: Mienshao
|-damage|p1a: Mienshao|210\/271
|-enditem|p1a: Mienshao|Choice Band|[from] move: Knock Off|[of] p2a: Tangrowth
|
|turn|38
|
|move|p1a: Mienshao|Knock Off|p2a: Tangrowth
|-damage|p2a: Tangrowth|0 fnt
|-enditem|p2a: Tangrowth|Assault Vest|[from] move: Knock Off|[of] p1a: Mienshao
|faint|p2a: Tangrowth
|
|
|switch|p2a: Heracross|Heracross, F, shiny|191\/302 brn
|-damage|p2a: Heracross|154\/302 brn|[from] Stealth Rock
|turn|39
|
|switch|p1a: Aggron|Aggron-Mega, F|120\/344
|move|p2a: Heracross|Close Combat|p1a: Aggron
|-supereffective|p1a: Aggron
|-damage|p1a: Aggron|0 fnt
|-unboost|p2a: Heracross|def|1
|-unboost|p2a: Heracross|spd|1
|faint|p1a: Aggron
|
|-damage|p2a: Heracross|117\/302 brn|[from] brn
|
|switch|p1a: Victini|Victini|341\/341
|turn|40
|
|switch|p2a: Nidoking|Nidoking, M, shiny|22\/304
|-damage|p2a: Nidoking|3\/304|[from] Stealth Rock
|move|p1a: Victini|V-create|p2a: Nidoking
|-damage|p2a: Nidoking|0 fnt
|-unboost|p1a: Victini|def|1
|-unboost|p1a: Victini|spd|1
|-unboost|p1a: Victini|spe|1
|faint|p2a: Nidoking
|
|
|switch|p2a: Jirachi|Jirachi|404\/404
|-damage|p2a: Jirachi|379\/404|[from] Stealth Rock
|turn|41
|
|move|p1a: Victini|V-create|p2a: Jirachi
|-supereffective|p2a: Jirachi
|-damage|p2a: Jirachi|0 fnt
|-unboost|p1a: Victini|def|1
|-unboost|p1a: Victini|spd|1
|-unboost|p1a: Victini|spe|1
|faint|p2a: Jirachi
|
|-message|lucky100x forfeited.
|
|win|Greyheracross
|raw|Ladder updating...
|leave|lucky100x
|player|p2
|raw|Greyheracross's rating: 1263 &rarr; <strong>1289<\/strong><br \/>(+26 for winning)
|raw|lucky100x's rating: 1275 &rarr; <strong>1249<\/strong><br \/>(-26 for losing)