|join|Greyheracross
|join|blankaking2
|player|p1|Greyheracross|162
|player|p2|blankaking2|219
|gametype|singles
|gen|6
|tier|UU
|rated
|rule|Sleep Clause Mod: Limit one foe put to sleep
|rule|Species Clause: Limit one of each PokÃ©mon
|rule|OHKO Clause: OHKO moves are banned
|rule|Moody Clause: Moody is banned
|rule|Evasion Moves Clause: Evasion moves are banned
|rule|Endless Battle Clause: Forcing endless battles is banned
|rule|HP Percentage Mod: HP is reported as percentages
|clearpoke
|poke|p1|Shuckle, M
|poke|p1|Honchkrow, M
|poke|p1|Chandelure, F
|poke|p1|Haxorus, F
|poke|p1|Suicune
|poke|p1|Lucario, F
|poke|p2|Entei, shiny
|poke|p2|Donphan, M
|poke|p2|Celebi
|poke|p2|Absol, F
|poke|p2|Florges, F
|poke|p2|Chandelure, F
|rule|Swagger Clause: Swagger is banned
|rule|Baton Pass Clause: Limit one PokÃ©mon knowing Baton Pass
|teampreview
|join|just2bquiet
|
|start
|switch|p1a: Haxorus|Haxorus, F|293\/293
|switch|p2a: Donphan|Donphan, M|384\/384
|-ability|p1a: Haxorus|Mold Breaker
|turn|1
|
|move|p1a: Haxorus|Outrage|p2a: Donphan
|-damage|p2a: Donphan|227\/384
|move|p2a: Donphan|Knock Off|p1a: Haxorus
|-damage|p1a: Haxorus|195\/293
|-enditem|p1a: Haxorus|Lum Berry|[from] move: Knock Off|[of] p2a: Donphan
|
|-heal|p2a: Donphan|251\/384|[from] item: Leftovers
|turn|2
|
|move|p1a: Haxorus|Outrage|p2a: Donphan
|-crit|p2a: Donphan
|-damage|p2a: Donphan|4\/384
|move|p2a: Donphan|Stealth Rock|p1a: Haxorus
|-sidestart|p1: Greyheracross|move: Stealth Rock
|
|-heal|p2a: Donphan|28\/384|[from] item: Leftovers
|turn|3
|
|switch|p2a: Florges|Florges, F|360\/360
|move|p1a: Haxorus|Outrage|p2a: Florges
|-immune|p2a: Florges|[msg]
|
|-end|p1a: Haxorus|rampage
|-start|p1a: Haxorus|confusion
|turn|4
|
|switch|p1a: Shuckle|Shuckle, M|244\/244
|-damage|p1a: Shuckle|183\/244|[from] Stealth Rock
|move|p2a: Florges|Toxic|p1a: Shuckle
|-status|p1a: Shuckle|tox
|
|-damage|p1a: Shuckle|168\/244 tox|[from] psn
|turn|5
|
|move|p2a: Florges|Wish|p2a: Florges
|move|p1a: Shuckle|Sticky Web|p2a: Florges
|-sidestart|p2: blankaking2|move: Sticky Web
|
|-damage|p1a: Shuckle|138\/244 tox|[from] psn
|turn|6
|
|switch|p2a: Donphan|Donphan, M|28\/384
|-activate|p2a: Donphan|move: Sticky Web
|-unboost|p2a: Donphan|spe|1
|switch|p1a: Chandelure|Chandelure, F|261\/261
|-damage|p1a: Chandelure|196\/261|[from] Stealth Rock
|
|-heal|p2a: Donphan|208\/384|[from] move: Wish|[wisher] Florges
|-heal|p2a: Donphan|232\/384|[from] item: Leftovers
|turn|7
|
|move|p1a: Chandelure|Shadow Ball|p2a: Donphan
|-damage|p2a: Donphan|0 fnt
|-damage|p1a: Chandelure|170\/261|[from] item: Life Orb
|faint|p2a: Donphan
|
|
|switch|p2a: Absol|Absol, F|271\/271
|-activate|p2a: Absol|move: Sticky Web
|-unboost|p2a: Absol|spe|1
|turn|8
|
|switch|p1a: Suicune|Suicune|401\/401
|-damage|p1a: Suicune|351\/401|[from] Stealth Rock
|-ability|p1a: Suicune|Pressure
|detailschange|p2a: Absol|Absol-Mega, F
|message|Absol has Mega Evolved into Mega Absol!
|move|p2a: Absol|Knock Off|p1a: Suicune
|-crit|p1a: Suicune
|-damage|p1a: Suicune|153\/401
|-enditem|p1a: Suicune|Leftovers|[from] move: Knock Off|[of] p2a: Absol
|
|turn|9
|
|move|p2a: Absol|Swords Dance|p2a: Absol
|-boost|p2a: Absol|atk|2
|move|p1a: Suicune|Rest|p1a: Suicune
|-status|p1a: Suicune|slp
|-heal|p1a: Suicune|401\/401 slp|[silent]
|-status|p1a: Suicune|slp|[from] move: Rest
|
|turn|10
|
|switch|p1a: Shuckle|Shuckle, M|138\/244 tox
|-damage|p1a: Shuckle|77\/244 tox|[from] Stealth Rock
|move|p2a: Absol|Knock Off|p1a: Shuckle
|-damage|p1a: Shuckle|0 fnt
|-enditem|p1a: Shuckle|Mental Herb|[from] move: Knock Off|[of] p2a: Absol
|faint|p1a: Shuckle
|
|
|switch|p1a: Lucario|Lucario, F|281\/281
|-damage|p1a: Lucario|273\/281|[from] Stealth Rock
|turn|11
|
|move|p1a: Lucario|Close Combat|p2a: Absol
|-supereffective|p2a: Absol
|-damage|p2a: Absol|0 fnt
|-unboost|p1a: Lucario|def|1
|-unboost|p1a: Lucario|spd|1
|-damage|p1a: Lucario|245\/281|[from] item: Life Orb
|faint|p2a: Absol
|
|
|switch|p2a: Entei|Entei, shiny|372\/372
|-activate|p2a: Entei|move: Sticky Web
|-unboost|p2a: Entei|spe|1
|-ability|p2a: Entei|Pressure
|turn|12
|
|switch|p1a: Suicune|Suicune|401\/401 slp
|-damage|p1a: Suicune|351\/401 slp|[from] Stealth Rock
|-ability|p1a: Suicune|Pressure
|move|p2a: Entei|Extreme Speed|p1a: Suicune
|-damage|p1a: Suicune|255\/401 slp
|
|turn|13
|
|switch|p1a: Chandelure|Chandelure, F|170\/261
|-damage|p1a: Chandelure|105\/261|[from] Stealth Rock
|switch|p2a: Celebi|Celebi|404\/404
|-activate|p2a: Celebi|move: Sticky Web
|-unboost|p2a: Celebi|spe|1
|
|turn|14
|
|switch|p2a: Florges|Florges, F|360\/360
|-activate|p2a: Florges|move: Sticky Web
|-unboost|p2a: Florges|spe|1
|move|p1a: Chandelure|Fire Blast|p2a: Florges
|-damage|p2a: Florges|196\/360
|-damage|p1a: Chandelure|79\/261|[from] item: Life Orb
|
|-heal|p2a: Florges|218\/360|[from] item: Leftovers
|turn|15
|
|move|p1a: Chandelure|Taunt|p2a: Florges
|-start|p2a: Florges|move: Taunt
|cant|p2a: Florges|move: Taunt|Wish
|
|-heal|p2a: Florges|240\/360|[from] item: Leftovers
|turn|16
|
|move|p1a: Chandelure|Pain Split|p2a: Florges
|-sethp|p2a: Florges|159\/360|p1a: Chandelure|159\/261|[from] move: Pain Split
|move|p2a: Florges|Moonblast|p1a: Chandelure
|-resisted|p1a: Chandelure
|-damage|p1a: Chandelure|98\/261
|
|-heal|p2a: Florges|181\/360|[from] item: Leftovers
|turn|17
|
|move|p1a: Chandelure|Fire Blast|p2a: Florges
|-damage|p2a: Florges|21\/360
|-damage|p1a: Chandelure|72\/261|[from] item: Life Orb
|move|p2a: Florges|Moonblast|p1a: Chandelure
|-resisted|p1a: Chandelure
|-damage|p1a: Chandelure|6\/261
|
|-heal|p2a: Florges|43\/360|[from] item: Leftovers
|-end|p2a: Florges|move: Taunt
|turn|18
|
|move|p1a: Chandelure|Shadow Ball|p2a: Florges
|-damage|p2a: Florges|0 fnt
|-damage|p1a: Chandelure|0 fnt|[from] item: Life Orb
|faint|p2a: Florges
|faint|p1a: Chandelure
|
|
|switch|p1a: Haxorus|Haxorus, F|195\/293
|-damage|p1a: Haxorus|159\/293|[from] Stealth Rock
|switch|p2a: Chandelure|Chandelure, F|261\/261
|-activate|p2a: Chandelure|move: Sticky Web
|-unboost|p2a: Chandelure|spe|1
|-ability|p1a: Haxorus|Mold Breaker
|turn|19
|
|switch|p2a: Celebi|Celebi|404\/404
|-activate|p2a: Celebi|move: Sticky Web
|-unboost|p2a: Celebi|spe|1
|move|p1a: Haxorus|Earthquake|p2a: Celebi
|-resisted|p2a: Celebi
|-damage|p2a: Celebi|318\/404
|
|-heal|p2a: Celebi|343\/404|[from] item: Leftovers
|turn|20
|
|move|p1a: Haxorus|Poison Jab|p2a: Celebi
|-crit|p2a: Celebi
|-supereffective|p2a: Celebi
|-damage|p2a: Celebi|0 fnt
|faint|p2a: Celebi
|
|
|switch|p2a: Entei|Entei, shiny|372\/372
|-activate|p2a: Entei|move: Sticky Web
|-unboost|p2a: Entei|spe|1
|-ability|p2a: Entei|Pressure
|turn|21
|
|switch|p1a: Suicune|Suicune|255\/401 slp
|-damage|p1a: Suicune|205\/401 slp|[from] Stealth Rock
|-ability|p1a: Suicune|Pressure
|move|p2a: Entei|Extreme Speed|p1a: Suicune
|-damage|p1a: Suicune|113\/401 slp
|
|turn|22
|
|move|p2a: Entei|Extreme Speed|p1a: Suicune
|-damage|p1a: Suicune|14\/401 slp
|cant|p1a: Suicune|slp
|move|p1a: Suicune|Sleep Talk|p1a: Suicune
|move|p1a: Suicune|Calm Mind|p1a: Suicune|[from]Sleep Talk
|-boost|p1a: Suicune|spa|1
|-boost|p1a: Suicune|spd|1
|
|turn|23
|
|move|p2a: Entei|Extreme Speed|p1a: Suicune
|-crit|p1a: Suicune
|-damage|p1a: Suicune|0 fnt
|faint|p1a: Suicune
|
|
|switch|p1a: Honchkrow|Honchkrow, M|341\/341
|-damage|p1a: Honchkrow|256\/341|[from] Stealth Rock
|turn|24
|
|switch|p2a: Chandelure|Chandelure, F|261\/261
|-activate|p2a: Chandelure|move: Sticky Web
|-unboost|p2a: Chandelure|spe|1
|move|p1a: Honchkrow|Night Slash|p2a: Chandelure
|-supereffective|p2a: Chandelure
|-damage|p2a: Chandelure|0 fnt
|-damage|p1a: Honchkrow|222\/341|[from] item: Life Orb
|faint|p2a: Chandelure
|-boost|p1a: Honchkrow|atk|1|[from] ability: Moxie
|
|
|switch|p2a: Entei|Entei, shiny|372\/372
|-activate|p2a: Entei|move: Sticky Web
|-unboost|p2a: Entei|spe|1
|-ability|p2a: Entei|Pressure
|turn|25
|
|move|p1a: Honchkrow|Sucker Punch|p2a: Entei
|-damage|p2a: Entei|60\/372
|-damage|p1a: Honchkrow|188\/341|[from] item: Life Orb
|move|p2a: Entei|Sacred Fire|p1a: Honchkrow
|-damage|p1a: Honchkrow|0 fnt
|faint|p1a: Honchkrow
|
|-message|blankaking2 forfeited.
|
|win|Greyheracross
|raw|Ladder updating...
|raw|Greyheracross's rating: 1531 &rarr; <strong>1544<\/strong><br \/>(+13 for winning)
|raw|blankaking2's rating: 1403 &rarr; <strong>1390<\/strong><br \/>(-13 for losing)
|leave|blankaking2
|player|p2