|join|greyheracross
|join|ToAdamAndBack
|player|p1|greyheracross|162
|player|p2|ToAdamAndBack|7
|gametype|singles
|gen|6
|tier|UU
|rated
|rule|Sleep Clause Mod: Limit one foe put to sleep
|rule|Species Clause: Limit one of each PokÃ©mon
|rule|OHKO Clause: OHKO moves are banned
|rule|Moody Clause: Moody is banned
|rule|Evasion Moves Clause: Evasion moves are banned
|rule|Endless Battle Clause: Forcing endless battles is banned
|rule|HP Percentage Mod: HP is reported as percentages
|clearpoke
|poke|p1|Empoleon, M
|poke|p1|Toxicroak, M
|poke|p1|Haxorus, M
|poke|p1|Tornadus, M
|poke|p1|Victini
|poke|p1|Suicune
|poke|p2|Goodra, F
|poke|p2|Alakazam, M
|poke|p2|Infernape, M
|poke|p2|Cobalion
|poke|p2|Slowbro, F
|poke|p2|Crobat, F
|rule|Swagger Clause: Swagger is banned
|rule|Baton Pass Clause: Limit one PokÃ©mon knowing Baton Pass
|teampreview
|join|just2bquiet
|join|tendetta
|join|AmieClaryOwens
|
|start
|switch|p1a: BLACKWARGREYMON|Empoleon, M|359\/359
|switch|p2a: Goodra|Goodra, F|322\/322
|turn|1
|join|AmieClaryOwensSux
|
|move|p2a: Goodra|Thunderbolt|p1a: BLACKWARGREYMON
|-supereffective|p1a: BLACKWARGREYMON
|-damage|p1a: BLACKWARGREYMON|133\/359
|move|p1a: BLACKWARGREYMON|Stealth Rock|p2a: Goodra
|-sidestart|p2: ToAdamAndBack|move: Stealth Rock
|
|turn|2
|
|switch|p1a: OMNIMON|Haxorus, M|294\/294
|-ability|p1a: OMNIMON|Mold Breaker
|move|p2a: Goodra|Draco Meteor|p1a: OMNIMON
|-supereffective|p1a: OMNIMON
|-damage|p1a: OMNIMON|0 fnt
|-unboost|p2a: Goodra|spa|2
|faint|p1a: OMNIMON
|
|
|switch|p1a: GARURUMON|Suicune|403\/403
|-ability|p1a: GARURUMON|Pressure
|turn|3
|
|switch|p2a: Alakazam|Alakazam, M|252\/252
|move|p1a: GARURUMON|Calm Mind|p1a: GARURUMON
|-boost|p1a: GARURUMON|spa|1
|-boost|p1a: GARURUMON|spd|1
|
|turn|4
|
|switch|p1a: BLACKWARGREYMON|Empoleon, M|133\/359
|move|p2a: Alakazam|Encore|p1a: BLACKWARGREYMON
|-fail|p1a: BLACKWARGREYMON
|
|turn|5
|
|switch|p2a: Slowbro|Slowbro, F|394\/394
|-damage|p2a: Slowbro|345\/394|[from] Stealth Rock
|move|p1a: BLACKWARGREYMON|Aqua Jet|p2a: Slowbro
|-crit|p2a: Slowbro
|-resisted|p2a: Slowbro
|-damage|p2a: Slowbro|326\/394
|
|-heal|p2a: Slowbro|350\/394|[from] item: Leftovers
|turn|6
|
|move|p1a: BLACKWARGREYMON|Grass Knot|p2a: Slowbro
|-supereffective|p2a: Slowbro
|-damage|p2a: Slowbro|110\/394
|move|p2a: Slowbro|Scald|p1a: BLACKWARGREYMON
|-resisted|p1a: BLACKWARGREYMON
|-damage|p1a: BLACKWARGREYMON|82\/359
|
|-heal|p2a: Slowbro|134\/394|[from] item: Leftovers
|turn|7
|
|switch|p2a: Goodra|Goodra, F|322\/322
|-damage|p2a: Goodra|282\/322|[from] Stealth Rock
|move|p1a: BLACKWARGREYMON|Hydro Pump|p2a: Goodra
|-resisted|p2a: Goodra
|-damage|p2a: Goodra|224\/322
|
|turn|8
|
|move|p1a: BLACKWARGREYMON|Aqua Jet|p2a: Goodra
|-resisted|p2a: Goodra
|-damage|p2a: Goodra|179\/322
|-unboost|p1a: BLACKWARGREYMON|spe|1
|move|p2a: Goodra|Thunderbolt|p1a: BLACKWARGREYMON
|-supereffective|p1a: BLACKWARGREYMON
|-damage|p1a: BLACKWARGREYMON|0 fnt
|faint|p1a: BLACKWARGREYMON
|
|
|switch|p1a: TOGEMON|Toxicroak, M|307\/307
|turn|9
|
|move|p1a: TOGEMON|Substitute|p1a: TOGEMON
|-start|p1a: TOGEMON|Substitute
|-damage|p1a: TOGEMON|231\/307
|move|p2a: Goodra|Draco Meteor|p1a: TOGEMON
|-end|p1a: TOGEMON|Substitute
|-unboost|p2a: Goodra|spa|2
|
|-heal|p1a: TOGEMON|250\/307|[from] item: Leftovers
|turn|10
|
|move|p1a: TOGEMON|Poison Jab|p2a: Goodra
|-damage|p2a: Goodra|0 fnt
|-unboost|p1a: TOGEMON|spe|1
|faint|p2a: Goodra
|
|-heal|p1a: TOGEMON|269\/307|[from] item: Leftovers
|
|switch|p2a: Crobat|Crobat, F|354\/354
|-damage|p2a: Crobat|266\/354|[from] Stealth Rock
|turn|11
|
|switch|p1a: GARURUMON|Suicune|403\/403
|-ability|p1a: GARURUMON|Pressure
|move|p2a: Crobat|Brave Bird|p1a: GARURUMON
|-damage|p1a: GARURUMON|322\/403
|-damage|p2a: Crobat|239\/354|[from] recoil|[of] p1a: GARURUMON
|
|-heal|p2a: Crobat|261\/354|[from] item: Black Sludge
|-heal|p1a: GARURUMON|347\/403|[from] item: Leftovers
|turn|12
|
|move|p2a: Crobat|U-turn|p1a: GARURUMON
|-damage|p1a: GARURUMON|311\/403
|
|switch|p2a: Alakazam|Alakazam, M|252\/252
|move|p1a: GARURUMON|Scald|p2a: Alakazam
|-damage|p2a: Alakazam|159\/252
|-status|p2a: Alakazam|brn
|
|-heal|p1a: GARURUMON|336\/403|[from] item: Leftovers
|turn|13
|
|switch|p1a: AGUMON|Victini|341\/341
|move|p2a: Alakazam|Psyshock|p1a: AGUMON
|-resisted|p1a: AGUMON
|-damage|p1a: AGUMON|272\/341
|
|turn|14
|
|move|p1a: AGUMON|Bolt Strike|p2a: Alakazam
|-damage|p2a: Alakazam|0 fnt
|faint|p2a: Alakazam
|
|
|switch|p2a: Cobalion|Cobalion|386\/386
|-damage|p2a: Cobalion|374\/386|[from] Stealth Rock
|turn|15
|
|switch|p1a: GARURUMON|Suicune|336\/403
|-ability|p1a: GARURUMON|Pressure
|move|p2a: Cobalion|Thunder Wave|p1a: GARURUMON
|-status|p1a: GARURUMON|par
|
|-heal|p2a: Cobalion|386\/386|[from] item: Leftovers
|-heal|p1a: GARURUMON|361\/403 par|[from] item: Leftovers
|turn|16
|
|switch|p2a: Infernape|Infernape, M|293\/293
|-damage|p2a: Infernape|257\/293|[from] Stealth Rock
|cant|p1a: GARURUMON|par
|
|-heal|p1a: GARURUMON|386\/403 par|[from] item: Leftovers
|turn|17
|
|move|p2a: Infernape|U-turn|p1a: GARURUMON
|-crit|p1a: GARURUMON
|-damage|p1a: GARURUMON|309\/403 par
|
|switch|p2a: Crobat|Crobat, F|261\/354
|-damage|p2a: Crobat|173\/354|[from] Stealth Rock
|cant|p1a: GARURUMON|par
|
|-heal|p2a: Crobat|195\/354|[from] item: Black Sludge
|-heal|p1a: GARURUMON|334\/403 par|[from] item: Leftovers
|turn|18
|
|move|p2a: Crobat|Brave Bird|p1a: GARURUMON
|-damage|p1a: GARURUMON|246\/403 par
|-damage|p2a: Crobat|166\/354|[from] recoil|[of] p1a: GARURUMON
|move|p1a: GARURUMON|Scald|p2a: Crobat
|-damage|p2a: Crobat|76\/354
|
|-heal|p2a: Crobat|98\/354|[from] item: Black Sludge
|-heal|p1a: GARURUMON|271\/403 par|[from] item: Leftovers
|turn|19
|
|move|p2a: Crobat|Brave Bird|p1a: GARURUMON
|-damage|p1a: GARURUMON|177\/403 par
|-damage|p2a: Crobat|67\/354|[from] recoil|[of] p1a: GARURUMON
|cant|p1a: GARURUMON|par
|
|-heal|p2a: Crobat|89\/354|[from] item: Black Sludge
|-heal|p1a: GARURUMON|202\/403 par|[from] item: Leftovers
|turn|20
|
|switch|p1a: BIRDRAMON|Tornadus, M|299\/299
|move|p2a: Crobat|Brave Bird|p1a: BIRDRAMON
|-damage|p1a: BIRDRAMON|116\/299
|-damage|p2a: Crobat|29\/354|[from] recoil|[of] p1a: BIRDRAMON
|
|-heal|p2a: Crobat|51\/354|[from] item: Black Sludge
|turn|21
|
|move|p1a: BIRDRAMON|Tailwind|p1a: BIRDRAMON
|-sidestart|p1: greyheracross|move: Tailwind
|move|p2a: Crobat|Roost|p2a: Crobat
|-heal|p2a: Crobat|228\/354
|
|-heal|p2a: Crobat|250\/354|[from] item: Black Sludge
|turn|22
|
|move|p1a: BIRDRAMON|Hurricane|p2a: Crobat|[miss]
|-miss|p1a: BIRDRAMON|p2a: Crobat
|move|p2a: Crobat|Brave Bird|p1a: BIRDRAMON
|-damage|p1a: BIRDRAMON|0 fnt
|-damage|p2a: Crobat|212\/354|[from] recoil|[of] p1a: BIRDRAMON
|faint|p1a: BIRDRAMON
|
|-heal|p2a: Crobat|234\/354|[from] item: Black Sludge
|
|switch|p1a: AGUMON|Victini|272\/341
|turn|23
|
|switch|p2a: Slowbro|Slowbro, F|265\/394
|-damage|p2a: Slowbro|216\/394|[from] Stealth Rock
|move|p1a: AGUMON|Bolt Strike|p2a: Slowbro
|-supereffective|p2a: Slowbro
|-damage|p2a: Slowbro|8\/394
|
|-heal|p2a: Slowbro|32\/394|[from] item: Leftovers
|turn|24
|
|switch|p2a: Cobalion|Cobalion|386\/386
|-damage|p2a: Cobalion|374\/386|[from] Stealth Rock
|move|p1a: AGUMON|Bolt Strike|p2a: Cobalion
|-damage|p2a: Cobalion|292\/386
|
|-heal|p2a: Cobalion|316\/386|[from] item: Leftovers
|-sideend|p1: greyheracross|move: Tailwind
|turn|25
|
|switch|p1a: GARURUMON|Suicune|202\/403 par
|-ability|p1a: GARURUMON|Pressure
|move|p2a: Cobalion|Close Combat|p1a: GARURUMON
|-crit|p1a: GARURUMON
|-damage|p1a: GARURUMON|64\/403 par
|-unboost|p2a: Cobalion|def|1
|-unboost|p2a: Cobalion|spd|1
|
|-heal|p2a: Cobalion|340\/386|[from] item: Leftovers
|-heal|p1a: GARURUMON|89\/403 par|[from] item: Leftovers
|turn|26
|chat|just2bquiet|.
|
|move|p2a: Cobalion|Close Combat|p1a: GARURUMON
|-damage|p1a: GARURUMON|7\/403 par
|-unboost|p2a: Cobalion|def|1
|-unboost|p2a: Cobalion|spd|1
|move|p1a: GARURUMON|Scald|p2a: Cobalion
|-damage|p2a: Cobalion|97\/386
|-status|p2a: Cobalion|brn
|
|-heal|p2a: Cobalion|121\/386 brn|[from] item: Leftovers
|-heal|p1a: GARURUMON|32\/403 par|[from] item: Leftovers
|-damage|p2a: Cobalion|73\/386 brn|[from] brn
|turn|27
|
|move|p2a: Cobalion|Close Combat|p1a: GARURUMON
|-damage|p1a: GARURUMON|0 fnt
|-unboost|p2a: Cobalion|def|1
|-unboost|p2a: Cobalion|spd|1
|faint|p1a: GARURUMON
|
|-heal|p2a: Cobalion|97\/386 brn|[from] item: Leftovers
|-damage|p2a: Cobalion|49\/386 brn|[from] brn
|
|switch|p1a: AGUMON|Victini|272\/341
|turn|28
|
|move|p1a: AGUMON|Bolt Strike|p2a: Cobalion
|-damage|p2a: Cobalion|0 fnt
|faint|p2a: Cobalion
|
|
|switch|p2a: Infernape|Infernape, M|257\/293
|-damage|p2a: Infernape|221\/293|[from] Stealth Rock
|turn|29
|
|move|p2a: Infernape|U-turn|p1a: AGUMON
|-damage|p1a: AGUMON|198\/341
|
|switch|p2a: Crobat|Crobat, F|234\/354
|-damage|p2a: Crobat|146\/354|[from] Stealth Rock
|move|p1a: AGUMON|Bolt Strike|p2a: Crobat
|-supereffective|p2a: Crobat
|-damage|p2a: Crobat|0 fnt
|faint|p2a: Crobat
|
|
|switch|p2a: Slowbro|Slowbro, F|163\/394
|-damage|p2a: Slowbro|114\/394|[from] Stealth Rock
|turn|30
|
|move|p1a: AGUMON|Bolt Strike|p2a: Slowbro
|-supereffective|p2a: Slowbro
|-damage|p2a: Slowbro|0 fnt
|faint|p2a: Slowbro
|
|
|switch|p2a: Infernape|Infernape, M|221\/293
|-damage|p2a: Infernape|185\/293|[from] Stealth Rock
|turn|31
|
|switch|p1a: TOGEMON|Toxicroak, M|269\/307
|move|p2a: Infernape|Flare Blitz|p1a: TOGEMON
|-damage|p1a: TOGEMON|0 fnt
|-damage|p2a: Infernape|96\/293|[from] recoil|[of] p1a: TOGEMON
|faint|p1a: TOGEMON
|
|
|switch|p1a: AGUMON|Victini|198\/341
|turn|32
|
|move|p2a: Infernape|Flare Blitz|p1a: AGUMON
|-resisted|p1a: AGUMON
|-damage|p1a: AGUMON|73\/341
|-damage|p2a: Infernape|55\/293|[from] recoil|[of] p1a: AGUMON
|move|p1a: AGUMON|Zen Headbutt|p2a: Infernape
|-supereffective|p2a: Infernape
|-damage|p2a: Infernape|0 fnt
|faint|p2a: Infernape
|
|win|greyheracross
|raw|Ladder updating...
|raw|greyheracross's rating: 1401 &rarr; <strong>1422<\/strong><br \/>(+21 for winning)
|raw|ToAdamAndBack's rating: 1419 &rarr; <strong>1398<\/strong><br \/>(-21 for losing)
|leave|just2bquiet
|chat|ToAdamAndBack|gg
|chat|greyheracross|gg
|leave|ToAdamAndBack
|player|p2