|join|Greyheracross
|join|aqbf
|player|p1|Greyheracross|162
|player|p2|aqbf|116
|gametype|singles
|gen|6
|tier|UU
|rated
|rule|Sleep Clause Mod: Limit one foe put to sleep
|rule|Species Clause: Limit one of each PokÃ©mon
|rule|OHKO Clause: OHKO moves are banned
|rule|Moody Clause: Moody is banned
|rule|Evasion Moves Clause: Evasion moves are banned
|rule|Endless Battle Clause: Forcing endless battles is banned
|rule|HP Percentage Mod: HP is reported as percentages
|clearpoke
|poke|p1|Shuckle, F
|poke|p1|Honchkrow, F
|poke|p1|Chandelure, M
|poke|p1|Haxorus, F
|poke|p1|Suicune
|poke|p1|Lucario, F
|poke|p2|Vivillon, F
|poke|p2|Toxicroak, M
|poke|p2|Chandelure, M
|poke|p2|Empoleon, M
|poke|p2|Aerodactyl, F, shiny
|poke|p2|Krookodile, F
|rule|Swagger Clause: Swagger is banned
|rule|Baton Pass Clause: Limit one PokÃ©mon knowing Baton Pass
|teampreview
|join|just2bquiet
|
|start
|switch|p1a: Haxorus|Haxorus, F|293\/293
|switch|p2a: Chandelure|Chandelure, M|289\/289
|-ability|p1a: Haxorus|Mold Breaker
|turn|1
|
|switch|p2a: Ridley|Aerodactyl, F, shiny|331\/331
|-ability|p2a: Ridley|Pressure
|move|p1a: Haxorus|Earthquake|p2a: Ridley
|-immune|p2a: Ridley|[msg]
|
|turn|2
|
|switch|p1a: Suicune|Suicune|401\/401
|-ability|p1a: Suicune|Pressure
|detailschange|p2a: Ridley|Aerodactyl-Mega, F, shiny
|message|Aerodactyl has Mega Evolved into Mega Aerodactyl!
|move|p2a: Ridley|Taunt|p1a: Suicune
|-start|p1a: Suicune|move: Taunt
|
|turn|3
|
|switch|p2a: Toxicroak|Toxicroak, M|340\/340
|switch|p1a: Haxorus|Haxorus, F|293\/293
|-ability|p1a: Haxorus|Mold Breaker
|
|turn|4
|
|switch|p2a: Empoleon|Empoleon, M|368\/368
|move|p1a: Haxorus|Earthquake|p2a: Empoleon
|-supereffective|p2a: Empoleon
|-damage|p2a: Empoleon|34\/368
|
|-heal|p2a: Empoleon|57\/368|[from] item: Leftovers
|turn|5
|
|switch|p2a: Vivillion|Vivillon, F|301\/301
|move|p1a: Haxorus|Outrage|p2a: Vivillion
|-enditem|p2a: Vivillion|Focus Sash
|-damage|p2a: Vivillion|1\/301
|
|turn|6
|chat|aqbf|idk why you switched earlier then
|
|switch|p2a: Empoleon|Empoleon, M|57\/368
|move|p1a: Haxorus|Outrage|p2a: Empoleon
|-resisted|p2a: Empoleon
|-damage|p2a: Empoleon|0 fnt
|faint|p2a: Empoleon
|
|-end|p1a: Haxorus|rampage
|-start|p1a: Haxorus|confusion
|chat|Greyheracross|bluff?
|
|switch|p2a: Vivillion|Vivillon, F|1\/301
|-enditem|p1a: Haxorus|Lum Berry|[eat]
|-end|p1a: Haxorus|confusion
|turn|7
|chat|aqbf|Okay that was troll showdown
|chat|aqbf|-_-
|
|move|p1a: Haxorus|Outrage|p2a: Vivillion
|-damage|p2a: Vivillion|0 fnt
|faint|p2a: Vivillion
|
|
|switch|p2a: Ridley|Aerodactyl-Mega, F, shiny|331\/331
|turn|8
|
|move|p2a: Ridley|Aerial Ace|p1a: Haxorus
|-damage|p1a: Haxorus|143\/293
|move|p1a: Haxorus|Outrage|p2a: Ridley
|-damage|p2a: Ridley|60\/331
|
|turn|9
|
|move|p2a: Ridley|Aerial Ace|p1a: Haxorus
|-damage|p1a: Haxorus|0 fnt
|faint|p1a: Haxorus
|
|
|switch|p1a: Shuckle|Shuckle, F|244\/244
|turn|10
|
|move|p2a: Ridley|Taunt|p1a: Shuckle
|-start|p1a: Shuckle|move: Taunt
|-enditem|p1a: Shuckle|Mental Herb
|-end|p1a: Shuckle|move: Taunt
|move|p1a: Shuckle|Sticky Web|p2a: Ridley
|-sidestart|p2: aqbf|move: Sticky Web
|
|turn|11
|
|move|p2a: Ridley|Taunt|p1a: Shuckle
|-start|p1a: Shuckle|move: Taunt
|cant|p1a: Shuckle|move: Taunt|Stealth Rock
|
|turn|12
|
|switch|p1a: Suicune|Suicune|401\/401
|-ability|p1a: Suicune|Pressure
|move|p2a: Ridley|Roost|p2a: Ridley
|-heal|p2a: Ridley|226\/331
|
|turn|13
|
|switch|p2a: Toxicroak|Toxicroak, M|340\/340
|-activate|p2a: Toxicroak|move: Sticky Web
|-unboost|p2a: Toxicroak|spe|1
|move|p1a: Suicune|Scald|p2a: Toxicroak
|-immune|p2a: Toxicroak|[msg]
|
|turn|14
|
|switch|p1a: Shuckle|Shuckle, F|244\/244
|move|p2a: Toxicroak|Drain Punch|p1a: Shuckle
|-damage|p1a: Shuckle|166\/244
|-damage|p2a: Toxicroak|306\/340|[from] item: Life Orb
|
|turn|15
|
|switch|p2a: Ridley|Aerodactyl-Mega, F, shiny|226\/331
|move|p1a: Shuckle|Stealth Rock|p2a: Ridley
|-sidestart|p2: aqbf|move: Stealth Rock
|
|turn|16
|
|switch|p1a: Suicune|Suicune|401\/401
|-ability|p1a: Suicune|Pressure
|move|p2a: Ridley|Aqua Tail|p1a: Suicune|[miss]
|-miss|p2a: Ridley|p1a: Suicune
|
|turn|17
|
|switch|p2a: Toxicroak|Toxicroak, M|306\/340
|-damage|p2a: Toxicroak|285\/340|[from] Stealth Rock
|-activate|p2a: Toxicroak|move: Sticky Web
|-unboost|p2a: Toxicroak|spe|1
|move|p1a: Suicune|Scald|p2a: Toxicroak
|-heal|p2a: Toxicroak|340\/340|[from] ability: Dry Skin|[of] p1a: Suicune
|
|turn|18
|
|switch|p1a: Shuckle|Shuckle, F|166\/244
|move|p2a: Toxicroak|Gunk Shot|p1a: Shuckle|[miss]
|-miss|p2a: Toxicroak|p1a: Shuckle
|
|turn|19
|
|move|p2a: Toxicroak|Gunk Shot|p1a: Shuckle
|-resisted|p1a: Shuckle
|-damage|p1a: Shuckle|105\/244
|-damage|p2a: Toxicroak|306\/340|[from] item: Life Orb
|move|p1a: Shuckle|Encore|p2a: Toxicroak
|-start|p2a: Toxicroak|Encore
|
|turn|20
|
|move|p2a: Toxicroak|Gunk Shot|p1a: Shuckle
|-resisted|p1a: Shuckle
|-damage|p1a: Shuckle|47\/244
|-damage|p2a: Toxicroak|272\/340|[from] item: Life Orb
|move|p1a: Shuckle|Knock Off|p2a: Toxicroak
|-resisted|p2a: Toxicroak
|-damage|p2a: Toxicroak|260\/340
|-enditem|p2a: Toxicroak|Life Orb|[from] move: Knock Off|[of] p1a: Shuckle
|
|turn|21
|
|move|p2a: Toxicroak|Gunk Shot|p1a: Shuckle
|-resisted|p1a: Shuckle
|-damage|p1a: Shuckle|0 fnt
|faint|p1a: Shuckle
|
|
|switch|p1a: Honchkrow|Honchkrow, F|341\/341
|turn|22
|
|switch|p2a: Ridley|Aerodactyl-Mega, F, shiny|226\/331
|-damage|p2a: Ridley|144\/331|[from] Stealth Rock
|move|p1a: Honchkrow|Brave Bird|p2a: Ridley
|-resisted|p2a: Ridley
|-damage|p2a: Ridley|0 fnt
|-damage|p1a: Honchkrow|293\/341|[from] recoil|[of] p2a: Ridley
|-damage|p1a: Honchkrow|259\/341|[from] item: Life Orb
|faint|p2a: Ridley
|-boost|p1a: Honchkrow|atk|1|[from] ability: Moxie
|
|
|switch|p2a: Chandelure|Chandelure, M|289\/289
|-activate|p2a: Chandelure|move: Sticky Web
|-unboost|p2a: Chandelure|spe|1
|-damage|p2a: Chandelure|217\/289|[from] Stealth Rock
|turn|23
|
|move|p1a: Honchkrow|Sucker Punch|p2a: Chandelure
|-fail|p2a: Chandelure
|move|p2a: Chandelure|Substitute|p2a: Chandelure
|-start|p2a: Chandelure|Substitute
|-damage|p2a: Chandelure|145\/289
|
|-heal|p2a: Chandelure|163\/289|[from] item: Leftovers
|turn|24
|
|switch|p1a: Chandelure|Chandelure, M|261\/261
|move|p2a: Chandelure|Fire Blast|p1a: Chandelure
|-start|p1a: Chandelure|ability: Flash Fire
|
|-heal|p2a: Chandelure|181\/289|[from] item: Leftovers
|turn|25
|
|move|p1a: Chandelure|Shadow Ball|p2a: Chandelure
|-supereffective|p2a: Chandelure
|-end|p2a: Chandelure|Substitute
|-damage|p1a: Chandelure|235\/261|[from] item: Life Orb
|move|p2a: Chandelure|Shadow Ball|p1a: Chandelure
|-supereffective|p1a: Chandelure
|-damage|p1a: Chandelure|0 fnt
|faint|p1a: Chandelure
|
|-heal|p2a: Chandelure|199\/289|[from] item: Leftovers
|
|switch|p1a: Honchkrow|Honchkrow, F|259\/341
|turn|26
|
|move|p1a: Honchkrow|Night Slash|p2a: Chandelure
|-supereffective|p2a: Chandelure
|-damage|p2a: Chandelure|0 fnt
|-damage|p1a: Honchkrow|225\/341|[from] item: Life Orb
|faint|p2a: Chandelure
|-boost|p1a: Honchkrow|atk|1|[from] ability: Moxie
|
|
|switch|p2a: Krookodile|Krookodile, F|332\/332
|-damage|p2a: Krookodile|312\/332|[from] Stealth Rock
|-activate|p2a: Krookodile|move: Sticky Web
|-unboost|p2a: Krookodile|spe|1
|turn|27
|
|switch|p1a: Lucario|Lucario, F|281\/281
|move|p2a: Krookodile|Superpower|p1a: Lucario
|-supereffective|p1a: Lucario
|-damage|p1a: Lucario|0 fnt
|-unboost|p2a: Krookodile|atk|1
|-unboost|p2a: Krookodile|def|1
|faint|p1a: Lucario
|-boost|p2a: Krookodile|atk|1|[from] ability: Moxie
|
|
|switch|p1a: Suicune|Suicune|401\/401
|-ability|p1a: Suicune|Pressure
|turn|28
|
|switch|p2a: Toxicroak|Toxicroak, M|260\/340
|-damage|p2a: Toxicroak|239\/340|[from] Stealth Rock
|-activate|p2a: Toxicroak|move: Sticky Web
|-unboost|p2a: Toxicroak|spe|1
|switch|p1a: Honchkrow|Honchkrow, F|225\/341
|
|turn|29
|
|move|p1a: Honchkrow|Brave Bird|p2a: Toxicroak
|-supereffective|p2a: Toxicroak
|-damage|p2a: Toxicroak|0 fnt
|-damage|p1a: Honchkrow|146\/341|[from] recoil|[of] p2a: Toxicroak
|-damage|p1a: Honchkrow|112\/341|[from] item: Life Orb
|faint|p2a: Toxicroak
|-boost|p1a: Honchkrow|atk|1|[from] ability: Moxie
|
|
|switch|p2a: Krookodile|Krookodile, F|312\/332
|-activate|p2a: Krookodile|move: Sticky Web
|-unboost|p2a: Krookodile|spe|1
|-damage|p2a: Krookodile|292\/332|[from] Stealth Rock
|turn|30
|
|move|p1a: Honchkrow|Sucker Punch|p2a: Krookodile
|-resisted|p2a: Krookodile
|-damage|p2a: Krookodile|100\/332
|-damage|p1a: Honchkrow|78\/341|[from] item: Life Orb
|move|p2a: Krookodile|Knock Off|p1a: Honchkrow
|-crit|p1a: Honchkrow
|-resisted|p1a: Honchkrow
|-damage|p1a: Honchkrow|0 fnt
|-enditem|p1a: Honchkrow|Life Orb|[from] move: Knock Off|[of] p2a: Krookodile
|faint|p1a: Honchkrow
|-boost|p2a: Krookodile|atk|1|[from] ability: Moxie
|
|
|switch|p1a: Suicune|Suicune|401\/401
|-ability|p1a: Suicune|Pressure
|turn|31
|
|move|p2a: Krookodile|Knock Off|p1a: Suicune
|-crit|p1a: Suicune
|-damage|p1a: Suicune|160\/401
|-enditem|p1a: Suicune|Leftovers|[from] move: Knock Off|[of] p2a: Krookodile
|move|p1a: Suicune|Scald|p2a: Krookodile
|-supereffective|p2a: Krookodile
|-damage|p2a: Krookodile|0 fnt
|faint|p2a: Krookodile
|
|win|Greyheracross
|raw|Ladder updating...
|raw|Greyheracross's rating: 1599 &rarr; <strong>1608<\/strong><br \/>(+9 for winning)
|raw|aqbf's rating: 1388 &rarr; <strong>1379<\/strong><br \/>(-9 for losing)
|chat|Greyheracross|gg