|join|greyheracross
|join|Floundso
|player|p1|greyheracross|163
|player|p2|Floundso|164
|gametype|singles
|gen|6
|tier|UU
|rated
|rule|Sleep Clause Mod: Limit one foe put to sleep
|rule|Species Clause: Limit one of each PokÃ©mon
|rule|OHKO Clause: OHKO moves are banned
|rule|Moody Clause: Moody is banned
|rule|Evasion Moves Clause: Evasion moves are banned
|rule|Endless Battle Clause: Forcing endless battles is banned
|rule|HP Percentage Mod: HP is shown in percentages
|clearpoke
|poke|p1|Sharpedo, M
|poke|p1|Chandelure, F
|poke|p1|Zygarde
|poke|p1|Forretress, F
|poke|p1|Chesnaught, F
|poke|p1|Snorlax, M
|poke|p2|Froslass, F
|poke|p2|Alakazam, M
|poke|p2|Swampert, M
|poke|p2|Jirachi
|poke|p2|Lucario, M
|poke|p2|Milotic, F
|rule|Swagger Clause: Swagger is banned
|rule|Baton Pass Clause: Limit one PokÃ©mon knowing Baton Pass
|teampreview
|
|start
|switch|p1a: Chandelure|Chandelure, F|261\/261
|switch|p2a: Froslass|Froslass, F|281\/281
|turn|1
|join|LazerGoesPew
|
|move|p1a: Chandelure|Shadow Ball|p2a: Froslass
|-supereffective|p2a: Froslass
|-enditem|p2a: Froslass|Focus Sash
|-damage|p2a: Froslass|1\/281
|-start|p1a: Chandelure|Disable|Shadow Ball
|-unboost|p2a: Froslass|spd|1
|move|p2a: Froslass|Icy Wind|p1a: Chandelure
|-resisted|p1a: Chandelure
|-damage|p1a: Chandelure|219\/261
|-unboost|p1a: Chandelure|spe|1
|
|turn|2
|join|4trackboy
|join|Gashblubber
|
|move|p2a: Froslass|Spikes|p1a: Chandelure
|-sidestart|p1: greyheracross|Spikes
|-activate|p1a: Chandelure|move: Struggle
|move|p1a: Chandelure|Struggle|p2a: Froslass
|-damage|p2a: Froslass|0 fnt
|-damage|p1a: Chandelure|154\/261
|faint|p2a: Froslass
|
|
|switch|p2a: Lucario|Lucario, M|302\/302
|turn|3
|
|switch|p1a: Chesnaught|Chesnaught, F|380\/380
|-damage|p1a: Chesnaught|333\/380|[from] Spikes
|move|p2a: Lucario|Swords Dance|p2a: Lucario
|-boost|p2a: Lucario|atk|2
|
|-heal|p1a: Chesnaught|356\/380|[from] item: Leftovers
|turn|4
|join|Dw Carlos is here
|
|move|p1a: Chesnaught|Spiky Shield|p1a: Chesnaught
|-singleturn|p1a: Chesnaught|move: Protect
|move|p2a: Lucario|Close Combat|p1a: Chesnaught
|-activate|p1a: Chesnaught|move: Protect
|-damage|p2a: Lucario|265\/302|[from] Spiky Shield|[of] p1a: Chesnaught
|
|-heal|p1a: Chesnaught|379\/380|[from] item: Leftovers
|turn|5
|c| Dw Carlos is here|dw guys im here
|
|move|p2a: Lucario|Close Combat|p1a: Chesnaught
|-damage|p1a: Chesnaught|113\/380
|-unboost|p2a: Lucario|def|1
|-unboost|p2a: Lucario|spd|1
|-damage|p2a: Lucario|235\/302|[from] item: Life Orb
|move|p1a: Chesnaught|Drain Punch|p2a: Lucario
|-supereffective|p2a: Lucario
|-damage|p2a: Lucario|0 fnt
|-heal|p1a: Chesnaught|231\/380|[from] drain|[of] p2a: Lucario
|faint|p2a: Lucario
|
|-heal|p1a: Chesnaught|254\/380|[from] item: Leftovers
|c|âgreyheracross|lol
|c|âgreyheracross|that did nothing
|c| LazerGoesPew|ah nice carlos
|c|âgreyheracross|are you
|
|switch|p2a: Alakazam|Alakazam, M|252\/252
|turn|6
|c|âgreyheracross|invested?
|
|switch|p1a: Forretress|Forretress, F|354\/354
|-damage|p1a: Forretress|310\/354|[from] Spikes
|detailschange|p2a: Alakazam|Alakazam-Mega, M
|message|Alakazam has Mega Evolved into Mega Alakazam!
|-ability|p2a: Alakazam|Sturdy|[from] ability: Trace|[of] p1a: Forretress
|move|p2a: Alakazam|Dazzling Gleam|p1a: Forretress
|-resisted|p1a: Forretress
|-damage|p1a: Forretress|225\/354
|
|-heal|p1a: Forretress|247\/354|[from] item: Leftovers
|turn|7
|c| Dw Carlos is here|no
|c| LazerGoesPew|jey can u try
|c| LazerGoesPew|to not be a dick
|c| Dw Carlos is here|his luc was scared
|c| LazerGoesPew|for once
|c| Dw Carlos is here|b\/c
|c| Dw Carlos is here|he saw me
|c|âgreyheracross|i was just asking
|c| LazerGoesPew|hp fire
|
|move|p2a: Alakazam|Focus Blast|p1a: Forretress|[miss]
|-miss|p2a: Alakazam|p1a: Forretress
|move|p1a: Forretress|Rapid Spin|p2a: Alakazam
|-damage|p2a: Alakazam|229\/252
|-sideend|p1: greyheracross|Spikes|[from] move: Rapid Spin|[of] p1a: Forretress
|
|-heal|p1a: Forretress|269\/354|[from] item: Leftovers
|turn|8
|c| LazerGoesPew|go
|c|âgreyheracross|ahh
|c|âgreyheracross|broke the sturdy
|
|move|p2a: Alakazam|Focus Blast|p1a: Forretress
|-crit|p1a: Forretress
|-damage|p1a: Forretress|0 fnt
|faint|p1a: Forretress
|
|c| Dw Carlos is here|,
|c| Dw Carlos is here|hax
|
|switch|p1a: Chandelure|Chandelure, F|154\/261
|turn|9
|c| Dw Carlos is here|zzam
|c| LazerGoesPew|watch this be timid
|c| Dw Carlos is here|outspeeds
|c|âgreyheracross|i swer
|c|âgreyheracross|lol
|c|âFloundso|i used focus blast about seven times with this Alakazam and it connected never
|
|switch|p2a: Swampert|Swampert, M|404\/404
|move|p1a: Chandelure|Shadow Ball|p2a: Swampert
|-damage|p2a: Swampert|287\/404
|
|-heal|p2a: Swampert|312\/404|[from] item: Leftovers
|turn|10
|c| Dw Carlos is here|noone cares
|c| LazerGoesPew|morale of story:dont use focus blast
|
|switch|p1a: Chesnaught|Chesnaught, F|254\/380
|switch|p2a: Alakazam|Alakazam-Mega, M|229\/252
|-ability|p2a: Alakazam|Bulletproof|[from] ability: Trace|[of] p1a: Chesnaught
|
|-heal|p1a: Chesnaught|277\/380|[from] item: Leftovers
|turn|11
|c| Dw Carlos is here|o.o
|c|âgreyheracross|uhhhhhh
|
|switch|p1a: Snorlax|Snorlax, M|501\/501
|move|p2a: Alakazam|Psychic|p1a: Snorlax
|-damage|p1a: Snorlax|369\/501
|-unboost|p1a: Snorlax|spd|1
|
|-heal|p1a: Snorlax|400\/501|[from] item: Leftovers
|turn|12
|
|switch|p1a: Chandelure|Chandelure, F|154\/261
|move|p2a: Alakazam|Focus Blast|p1a: Chandelure
|-immune|p1a: Chandelure|[msg]
|
|turn|13
|c| Dw Carlos is here|nice
|
|move|p2a: Alakazam|Shadow Ball|p1a: Chandelure
|-supereffective|p1a: Chandelure
|-damage|p1a: Chandelure|0 fnt
|faint|p1a: Chandelure
|
|c| Dw Carlos is here|xD
|c| LazerGoesPew|ah nice timid
|c|âgreyheracross|who
|c|âgreyheracross|does that
|c|âgreyheracross|lol
|
|switch|p1a: Snorlax|Snorlax, M|400\/501
|turn|14
|c| Dw Carlos is here|he
|
|move|p2a: Alakazam|Focus Blast|p1a: Snorlax
|-supereffective|p1a: Snorlax
|-damage|p1a: Snorlax|156\/501
|move|p1a: Snorlax|Body Slam|p2a: Alakazam
|-damage|p2a: Alakazam|79\/252
|-status|p2a: Alakazam|par
|
|-heal|p1a: Snorlax|187\/501|[from] item: Leftovers
|turn|15
|
|cant|p2a: Alakazam|par
|move|p1a: Snorlax|Rest|p1a: Snorlax
|-status|p1a: Snorlax|slp
|-heal|p1a: Snorlax|501\/501 slp|[silent]
|-status|p1a: Snorlax|slp|[from] move: Rest
|
|turn|16
|c| LazerGoesPew|lmao he still outspeeds you
|
|switch|p1a: Zygarde|Zygarde|405\/405
|-ability|p1a: Zygarde|Aura Break
|move|p2a: Alakazam|Focus Blast|p1a: Zygarde
|-damage|p1a: Zygarde|268\/405
|
|-heal|p1a: Zygarde|293\/405|[from] item: Leftovers
|turn|17
|c|âgreyheracross|y
|
|move|p1a: Zygarde|Earthquake|p2a: Alakazam
|-crit|p2a: Alakazam
|-damage|p2a: Alakazam|0 fnt
|faint|p2a: Alakazam
|
|-heal|p1a: Zygarde|318\/405|[from] item: Leftovers
|c| LazerGoesPew|clean 438 speed
|c| LazerGoesPew|gotta go fast
|
|switch|p2a: Swampert|Swampert, M|312\/404
|turn|18
|c|âgreyheracross|SENIC
|
|switch|p1a: Chesnaught|Chesnaught, F|277\/380
|move|p2a: Swampert|Stealth Rock|p1a: Chesnaught
|-sidestart|p1: greyheracross|move: Stealth Rock
|
|-heal|p1a: Chesnaught|300\/380|[from] item: Leftovers
|-heal|p2a: Swampert|337\/404|[from] item: Leftovers
|turn|19
|c| LazerGoesPew|why is zygarde allowed
|
|switch|p2a: Jirachi|Jirachi|341\/341
|move|p1a: Chesnaught|Leech Seed|p2a: Jirachi|[miss]
|-miss|p1a: Chesnaught|p2a: Jirachi
|
|-heal|p1a: Chesnaught|323\/380|[from] item: Leftovers
|turn|20
|c| Dw Carlos is here|o3o
|
|move|p1a: Chesnaught|Spiky Shield|p1a: Chesnaught
|-singleturn|p1a: Chesnaught|move: Protect
|move|p2a: Jirachi|Trick|p1a: Chesnaught
|-activate|p1a: Chesnaught|move: Protect
|
|-heal|p1a: Chesnaught|346\/380|[from] item: Leftovers
|turn|21
|
|switch|p1a: Sharpedo|Sharpedo, M|281\/281
|-damage|p1a: Sharpedo|246\/281|[from] Stealth Rock
|move|p2a: Jirachi|Trick|p1a: Sharpedo
|-fail|p1a: Sharpedo
|
|turn|22
|
|switch|p2a: Milotic|Milotic, F|394\/394
|move|p1a: Sharpedo|Crunch|p2a: Milotic
|-damage|p2a: Milotic|264\/394
|
|-boost|p1a: Sharpedo|spe|1|[from] ability: Speed Boost
|-status|p2a: Milotic|brn|[from] item: Flame Orb
|turn|23
|
|move|p1a: Sharpedo|Protect|p1a: Sharpedo
|-singleturn|p1a: Sharpedo|Protect
|move|p2a: Milotic|Rest|p2a: Milotic
|-status|p2a: Milotic|slp
|-heal|p2a: Milotic|394\/394 slp|[silent]
|-status|p2a: Milotic|slp|[from] move: Rest
|
|-boost|p1a: Sharpedo|spe|1|[from] ability: Speed Boost
|turn|24
|c| LazerGoesPew|h e l o
|
|switch|p1a: Chesnaught|Chesnaught, F|346\/380
|-damage|p1a: Chesnaught|323\/380|[from] Stealth Rock
|cant|p2a: Milotic|slp
|move|p2a: Milotic|Sleep Talk|p2a: Milotic
|move|p2a: Milotic|Scald|p1a: Chesnaught|[from]Sleep Talk
|-resisted|p1a: Chesnaught
|-damage|p1a: Chesnaught|262\/380
|-status|p1a: Chesnaught|brn
|
|-heal|p1a: Chesnaught|285\/380 brn|[from] item: Leftovers
|-damage|p1a: Chesnaught|238\/380 brn|[from] brn
|turn|25
|
|cant|p2a: Milotic|slp
|move|p2a: Milotic|Sleep Talk|p2a: Milotic
|move|p2a: Milotic|Rest|p2a: Milotic|[from]Sleep Talk
|-fail|p2a: Milotic
|move|p1a: Chesnaught|Leech Seed|p2a: Milotic
|-start|p2a: Milotic|move: Leech Seed
|
|-heal|p1a: Chesnaught|261\/380 brn|[from] item: Leftovers
|-damage|p2a: Milotic|345\/394 slp|[from] Leech Seed|[of] p1a: Chesnaught
|-heal|p1a: Chesnaught|310\/380 brn|[silent]
|-damage|p1a: Chesnaught|263\/380 brn|[from] brn
|turn|26
|
|-curestatus|p2a: Milotic|slp
|move|p2a: Milotic|Scald|p1a: Chesnaught
|-resisted|p1a: Chesnaught
|-damage|p1a: Chesnaught|209\/380 brn
|move|p1a: Chesnaught|Spikes|p2a: Milotic
|-sidestart|p2: Floundso|Spikes
|
|-heal|p1a: Chesnaught|232\/380 brn|[from] item: Leftovers
|-damage|p2a: Milotic|296\/394|[from] Leech Seed|[of] p1a: Chesnaught
|-heal|p1a: Chesnaught|281\/380 brn|[silent]
|-damage|p1a: Chesnaught|234\/380 brn|[from] brn
|-status|p2a: Milotic|brn|[from] item: Flame Orb
|turn|27
|
|move|p2a: Milotic|Rest|p2a: Milotic
|-status|p2a: Milotic|slp
|-heal|p2a: Milotic|394\/394 slp|[silent]
|-status|p2a: Milotic|slp|[from] move: Rest
|move|p1a: Chesnaught|Spikes|p2a: Milotic
|-sidestart|p2: Floundso|Spikes
|
|-heal|p1a: Chesnaught|257\/380 brn|[from] item: Leftovers
|-damage|p2a: Milotic|345\/394 slp|[from] Leech Seed|[of] p1a: Chesnaught
|-heal|p1a: Chesnaught|306\/380 brn|[silent]
|-damage|p1a: Chesnaught|259\/380 brn|[from] brn
|turn|28
|
|cant|p2a: Milotic|slp
|move|p2a: Milotic|Sleep Talk|p2a: Milotic
|move|p2a: Milotic|Rest|p2a: Milotic|[from]Sleep Talk
|-fail|p2a: Milotic
|move|p1a: Chesnaught|Spikes|p2a: Milotic
|-sidestart|p2: Floundso|Spikes
|
|-heal|p1a: Chesnaught|282\/380 brn|[from] item: Leftovers
|-damage|p2a: Milotic|296\/394 slp|[from] Leech Seed|[of] p1a: Chesnaught
|-heal|p1a: Chesnaught|331\/380 brn|[silent]
|-damage|p1a: Chesnaught|284\/380 brn|[from] brn
|turn|29
|
|cant|p2a: Milotic|slp
|move|p2a: Milotic|Sleep Talk|p2a: Milotic
|move|p2a: Milotic|Scald|p1a: Chesnaught|[from]Sleep Talk
|-resisted|p1a: Chesnaught
|-damage|p1a: Chesnaught|223\/380 brn
|move|p1a: Chesnaught|Drain Punch|p2a: Milotic
|-damage|p2a: Milotic|269\/394 slp
|-heal|p1a: Chesnaught|237\/380 brn|[from] drain|[of] p2a: Milotic
|
|-heal|p1a: Chesnaught|260\/380 brn|[from] item: Leftovers
|-damage|p2a: Milotic|220\/394 slp|[from] Leech Seed|[of] p1a: Chesnaught
|-heal|p1a: Chesnaught|309\/380 brn|[silent]
|-damage|p1a: Chesnaught|262\/380 brn|[from] brn
|turn|30
|
|-curestatus|p2a: Milotic|slp
|move|p2a: Milotic|Rest|p2a: Milotic
|-status|p2a: Milotic|slp
|-heal|p2a: Milotic|394\/394 slp|[silent]
|-status|p2a: Milotic|slp|[from] move: Rest
|move|p1a: Chesnaught|Drain Punch|p2a: Milotic
|-damage|p2a: Milotic|367\/394 slp
|-heal|p1a: Chesnaught|276\/380 brn|[from] drain|[of] p2a: Milotic
|
|-heal|p1a: Chesnaught|299\/380 brn|[from] item: Leftovers
|-damage|p2a: Milotic|318\/394 slp|[from] Leech Seed|[of] p1a: Chesnaught
|-heal|p1a: Chesnaught|348\/380 brn|[silent]
|-damage|p1a: Chesnaught|301\/380 brn|[from] brn
|turn|31
|
|switch|p2a: Jirachi|Jirachi|341\/341
|-damage|p2a: Jirachi|256\/341|[from] Spikes
|switch|p1a: Zygarde|Zygarde|318\/405
|-damage|p1a: Zygarde|293\/405|[from] Stealth Rock
|-ability|p1a: Zygarde|Aura Break
|
|-heal|p1a: Zygarde|318\/405|[from] item: Leftovers
|turn|32
|
|switch|p1a: Snorlax|Snorlax, M|501\/501 slp
|-damage|p1a: Snorlax|439\/501 slp|[from] Stealth Rock
|move|p2a: Jirachi|Iron Head|p1a: Snorlax
|-damage|p1a: Snorlax|298\/501 slp
|
|-heal|p1a: Snorlax|329\/501 slp|[from] item: Leftovers
|turn|33
|
|move|p2a: Jirachi|Iron Head|p1a: Snorlax
|-damage|p1a: Snorlax|185\/501 slp
|cant|p1a: Snorlax|slp
|cant|p1a: Snorlax|flinch
|
|-heal|p1a: Snorlax|216\/501 slp|[from] item: Leftovers
|turn|34
|
|move|p2a: Jirachi|Iron Head|p1a: Snorlax
|-damage|p1a: Snorlax|74\/501 slp
|cant|p1a: Snorlax|slp
|cant|p1a: Snorlax|flinch
|
|-heal|p1a: Snorlax|105\/501 slp|[from] item: Leftovers
|turn|35
|c| LazerGoesPew|is this banded
|c| LazerGoesPew|lol
|
|move|p2a: Jirachi|Iron Head|p1a: Snorlax
|-crit|p1a: Snorlax
|-damage|p1a: Snorlax|0 fnt
|faint|p1a: Snorlax
|
|
|switch|p1a: Sharpedo|Sharpedo, M|246\/281
|-damage|p1a: Sharpedo|211\/281|[from] Stealth Rock
|turn|36
|
|move|p2a: Jirachi|Iron Head|p1a: Sharpedo
|-resisted|p1a: Sharpedo
|-damage|p1a: Sharpedo|88\/281
|cant|p1a: Sharpedo|flinch
|
|-boost|p1a: Sharpedo|spe|1|[from] ability: Speed Boost
|turn|37
|
|move|p1a: Sharpedo|Protect|p1a: Sharpedo
|-singleturn|p1a: Sharpedo|Protect
|move|p2a: Jirachi|Iron Head|p1a: Sharpedo
|-activate|p1a: Sharpedo|Protect
|
|-boost|p1a: Sharpedo|spe|1|[from] ability: Speed Boost
|turn|38
|c| LazerGoesPew|time for murder
|
|switch|p2a: Milotic|Milotic, F|318\/394 slp
|-damage|p2a: Milotic|220\/394 slp|[from] Spikes
|detailschange|p1a: Sharpedo|Sharpedo-Mega, M
|message|Sharpedo has Mega Evolved into Mega Sharpedo!
|move|p1a: Sharpedo|Crunch|p2a: Milotic
|-damage|p2a: Milotic|76\/394 slp
|
|turn|39
|
|move|p1a: Sharpedo|Crunch|p2a: Milotic
|-damage|p2a: Milotic|0 fnt
|faint|p2a: Milotic
|
|c|âgreyheracross|where is
|
|switch|p2a: Swampert|Swampert, M|337\/404
|-damage|p2a: Swampert|236\/404|[from] Spikes
|turn|40
|c|âgreyheracross|marvel scale
|c| LazerGoesPew|why flame orb
|c| LazerGoesPew|if u rest talk
|
|move|p1a: Sharpedo|Crunch|p2a: Swampert
|-damage|p2a: Swampert|0 fnt
|faint|p2a: Swampert
|
|c| LazerGoesPew|that makes no sense at all
|c|âgreyheracross|nice n spdef
|-message|Floundso forfeited.
|
|win|greyheracross
|raw|Ladder updating...
|leave|Floundso
|player|p2
|leave|4trackboy
|raw|greyheracross's rating: 1469 &rarr; <strong>1481<\/strong><br \/>(+12 for winning)
|raw|Floundso's rating: 1327 &rarr; <strong>1315<\/strong><br \/>(-12 for losing)
|leave|LazerGoesPew