|join|greyheracross
|join|DJGrandPa
|player|p1|greyheracross|162
|player|p2|DJGrandPa|10
|gametype|singles
|gen|6
|tier|UU
|rated
|rule|Sleep Clause Mod: Limit one foe put to sleep
|rule|Species Clause: Limit one of each PokÃ©mon
|rule|OHKO Clause: OHKO moves are banned
|rule|Moody Clause: Moody is banned
|rule|Evasion Moves Clause: Evasion moves are banned
|rule|Endless Battle Clause: Forcing endless battles is banned
|rule|HP Percentage Mod: HP is reported as percentages
|clearpoke
|poke|p1|Empoleon, M
|poke|p1|Toxicroak, M
|poke|p1|Haxorus, M
|poke|p1|Tornadus, M
|poke|p1|Victini
|poke|p1|Suicune
|poke|p2|Honchkrow, F
|poke|p2|Arcanine, F
|poke|p2|Alakazam, F
|poke|p2|Drapion, F
|poke|p2|Shaymin
|poke|p2|Blastoise, F
|rule|Swagger Clause: Swagger is banned
|rule|Baton Pass Clause: Limit one PokÃ©mon knowing Baton Pass
|teampreview
|join|just2bquiet
|
|start
|switch|p1a: BLACKWARGREYMON|Empoleon, M|359\/359
|switch|p2a: Drapion|Drapion, F|344\/344
|turn|1
|chat|DJGrandPa|damn forgot to change sets
|
|move|p2a: Drapion|Swords Dance|p2a: Drapion
|-boost|p2a: Drapion|atk|2
|move|p1a: BLACKWARGREYMON|Stealth Rock|p2a: Drapion
|-sidestart|p2: DJGrandPa|move: Stealth Rock
|
|turn|2
|
|move|p2a: Drapion|Knock Off|p1a: BLACKWARGREYMON
|-damage|p1a: BLACKWARGREYMON|20\/359
|-enditem|p1a: BLACKWARGREYMON|Focus Sash|[from] move: Knock Off|[of] p2a: Drapion
|-damage|p2a: Drapion|310\/344|[from] item: Life Orb
|move|p1a: BLACKWARGREYMON|Hydro Pump|p2a: Drapion
|-damage|p2a: Drapion|0 fnt
|faint|p2a: Drapion
|
|join|tendetta
|
|switch|p2a: Shaymin|Shaymin|404\/404
|-damage|p2a: Shaymin|354\/404|[from] Stealth Rock
|turn|3
|
|move|p2a: Shaymin|Leech Seed|p1a: BLACKWARGREYMON
|-start|p1a: BLACKWARGREYMON|move: Leech Seed
|move|p1a: BLACKWARGREYMON|Hydro Pump|p2a: Shaymin
|-resisted|p2a: Shaymin
|-damage|p2a: Shaymin|245\/404
|
|-damage|p1a: BLACKWARGREYMON|0 fnt|[from] Leech Seed|[of] p2a: Shaymin
|-heal|p2a: Shaymin|265\/404|[silent]
|faint|p1a: BLACKWARGREYMON
|
|switch|p1a: BIRDRAMON|Tornadus, M|299\/299
|turn|4
|
|switch|p2a: Arcanine|Arcanine, F|383\/383
|-damage|p2a: Arcanine|288\/383|[from] Stealth Rock
|-ability|p2a: Arcanine|Intimidate|[of] p1a: BIRDRAMON
|-unboost|p1a: BIRDRAMON|atk|1
|move|p1a: BIRDRAMON|Hurricane|p2a: Arcanine
|-damage|p2a: Arcanine|0 fnt
|-damage|p1a: BIRDRAMON|270\/299|[from] item: Life Orb
|faint|p2a: Arcanine
|
|
|switch|p2a: Alakazam|Alakazam, F|251\/251
|turn|5
|
|switch|p1a: AGUMON|Victini|341\/341
|move|p2a: Alakazam|Psyshock|p1a: AGUMON
|-resisted|p1a: AGUMON
|-damage|p1a: AGUMON|216\/341
|
|turn|6
|
|switch|p2a: Blastoise|Blastoise, F|358\/358
|-damage|p2a: Blastoise|314\/358|[from] Stealth Rock
|move|p1a: AGUMON|U-turn|p2a: Blastoise
|-damage|p2a: Blastoise|236\/358
|
|switch|p1a: TOGEMON|Toxicroak, M|307\/307
|
|turn|7
|
|detailschange|p2a: Blastoise|Blastoise-Mega, F
|message|Blastoise has Mega Evolved into Mega Blastoise!
|move|p1a: TOGEMON|Substitute|p1a: TOGEMON
|-start|p1a: TOGEMON|Substitute
|-damage|p1a: TOGEMON|231\/307
|move|p2a: Blastoise|Rapid Spin|p1a: TOGEMON
|-activate|p1a: TOGEMON|Substitute|[damage]
|-sideend|p2: DJGrandPa|Stealth Rock|[from] move: Rapid Spin|[of] p2a: Blastoise
|
|-heal|p1a: TOGEMON|250\/307|[from] item: Leftovers
|turn|8
|
|move|p1a: TOGEMON|Swords Dance|p1a: TOGEMON
|-boost|p1a: TOGEMON|atk|2
|move|p2a: Blastoise|Dark Pulse|p1a: TOGEMON
|-resisted|p1a: TOGEMON
|-end|p1a: TOGEMON|Substitute
|
|-heal|p1a: TOGEMON|269\/307|[from] item: Leftovers
|turn|9
|
|move|p1a: TOGEMON|Substitute|p1a: TOGEMON
|-start|p1a: TOGEMON|Substitute
|-damage|p1a: TOGEMON|193\/307
|move|p2a: Blastoise|Dark Pulse|p1a: TOGEMON
|-resisted|p1a: TOGEMON
|-end|p1a: TOGEMON|Substitute
|
|-heal|p1a: TOGEMON|212\/307|[from] item: Leftovers
|turn|10
|
|move|p1a: TOGEMON|Drain Punch|p2a: Blastoise
|-damage|p2a: Blastoise|11\/358
|-heal|p1a: TOGEMON|307\/307|[from] drain|[of] p2a: Blastoise
|move|p2a: Blastoise|Dark Pulse|p1a: TOGEMON
|-resisted|p1a: TOGEMON
|-damage|p1a: TOGEMON|186\/307
|
|-heal|p1a: TOGEMON|205\/307|[from] item: Leftovers
|turn|11
|
|move|p1a: TOGEMON|Poison Jab|p2a: Blastoise
|-damage|p2a: Blastoise|0 fnt
|faint|p2a: Blastoise
|
|-heal|p1a: TOGEMON|224\/307|[from] item: Leftovers
|
|switch|p2a: Honchkrow|Honchkrow, F|341\/341
|turn|12
|
|move|p2a: Honchkrow|Sucker Punch|p1a: TOGEMON
|-resisted|p1a: TOGEMON
|-damage|p1a: TOGEMON|82\/307
|-damage|p2a: Honchkrow|307\/341|[from] item: Life Orb
|move|p1a: TOGEMON|Drain Punch|p2a: Honchkrow
|-damage|p2a: Honchkrow|0 fnt
|-heal|p1a: TOGEMON|236\/307|[from] drain|[of] p2a: Honchkrow
|faint|p2a: Honchkrow
|
|-heal|p1a: TOGEMON|255\/307|[from] item: Leftovers
|
|switch|p2a: Alakazam|Alakazam, F|251\/251
|turn|13
|
|move|p2a: Alakazam|Psyshock|p1a: TOGEMON
|-supereffective|p1a: TOGEMON
|-damage|p1a: TOGEMON|0 fnt
|faint|p1a: TOGEMON
|
|
|switch|p1a: AGUMON|Victini|216\/341
|turn|14
|chat|DJGrandPa|So no sucker punch huh?
|
|move|p1a: AGUMON|U-turn|p2a: Alakazam
|-supereffective|p2a: Alakazam
|-damage|p2a: Alakazam|0 fnt
|faint|p2a: Alakazam
|
|switch|p1a: BIRDRAMON|Tornadus, M|270\/299
|
|chat|tendetta|lol 4 moves only 
|chat|DJGrandPa|sub, swords dance, drain punch, and?
|chat|just2bquiet|jab of poison
|chat|greyheracross|hurry pls
|chat|DJGrandPa|Im gonna lose anyway gg
|-message|DJGrandPa forfeited.
|
|win|greyheracross
|raw|Ladder updating...
|leave|DJGrandPa
|player|p2
|raw|greyheracross's rating: 1368 &rarr; <strong>1383<\/strong><br \/>(+15 for winning)
|raw|DJGrandPa's rating: 1278 &rarr; <strong>1259<\/strong><br \/>(-19 for losing)
|leave|just2bquiet