|join|Greyheracross
|join|xoxox
|player|p1|Greyheracross|162
|player|p2|xoxox|92
|gametype|singles
|gen|6
|tier|UU
|rated
|rule|Sleep Clause Mod: Limit one foe put to sleep
|rule|Species Clause: Limit one of each PokÃ©mon
|rule|OHKO Clause: OHKO moves are banned
|rule|Moody Clause: Moody is banned
|rule|Evasion Moves Clause: Evasion moves are banned
|rule|Endless Battle Clause: Forcing endless battles is banned
|rule|HP Percentage Mod: HP is reported as percentages
|clearpoke
|poke|p1|Shuckle, M
|poke|p1|Honchkrow, F
|poke|p1|Chandelure, F
|poke|p1|Haxorus, F
|poke|p1|Florges, F
|poke|p1|Lucario, F
|poke|p2|Alakazam, M
|poke|p2|Darmanitan, F
|poke|p2|Nidoking, M
|poke|p2|Durant, M
|poke|p2|Slowbro, F
|poke|p2|Amoonguss, M
|rule|Swagger Clause: Swagger is banned
|rule|Baton Pass Clause: Limit one PokÃ©mon knowing Baton Pass
|teampreview
|join|tendetta
|
|start
|switch|p1a: Shuckle|Shuckle, M|244\/244
|switch|p2a: Durant|Durant, M|258\/258
|turn|1
|
|move|p2a: Durant|Hone Claws|p2a: Durant
|-boost|p2a: Durant|atk|1
|-boost|p2a: Durant|accuracy|1
|move|p1a: Shuckle|Sticky Web|p2a: Durant
|-sidestart|p2: xoxox|move: Sticky Web
|
|turn|2
|
|move|p2a: Durant|Hone Claws|p2a: Durant
|-boost|p2a: Durant|atk|1
|-boost|p2a: Durant|accuracy|1
|move|p1a: Shuckle|Encore|p2a: Durant
|-start|p2a: Durant|Encore
|
|turn|3
|
|switch|p1a: Chandelure|Chandelure, F|261\/261
|move|p2a: Durant|Hone Claws|p2a: Durant
|-boost|p2a: Durant|atk|1
|-boost|p2a: Durant|accuracy|1
|
|turn|4
|
|move|p2a: Durant|Hone Claws|p2a: Durant
|-boost|p2a: Durant|atk|1
|-boost|p2a: Durant|accuracy|1
|move|p1a: Chandelure|Shadow Ball|p2a: Durant
|-damage|p2a: Durant|0 fnt
|-damage|p1a: Chandelure|235\/261|[from] item: Life Orb
|faint|p2a: Durant
|
|
|switch|p2a: Alakazam|Alakazam, M|252\/252
|-activate|p2a: Alakazam|move: Sticky Web
|-unboost|p2a: Alakazam|spe|1
|turn|5
|
|switch|p1a: Shuckle|Shuckle, M|244\/244
|switch|p2a: Amoonguss|Amoonguss, M|432\/432
|-activate|p2a: Amoonguss|move: Sticky Web
|-unboost|p2a: Amoonguss|spe|1
|
|turn|6
|
|move|p2a: Amoonguss|Spore|p1a: Shuckle
|-status|p1a: Shuckle|slp
|cant|p1a: Shuckle|slp
|
|turn|7
|
|switch|p2a: Nidoking|Nidoking, M|304\/304
|-activate|p2a: Nidoking|move: Sticky Web
|-unboost|p2a: Nidoking|spe|1
|switch|p1a: Chandelure|Chandelure, F|235\/261
|
|turn|8
|
|move|p1a: Chandelure|Fire Blast|p2a: Nidoking
|-damage|p2a: Nidoking|0 fnt
|-damage|p1a: Chandelure|209\/261|[from] item: Life Orb
|faint|p2a: Nidoking
|
|
|switch|p2a: Darmanitan|Darmanitan, F|351\/351
|-activate|p2a: Darmanitan|move: Sticky Web
|-unboost|p2a: Darmanitan|spe|1
|turn|9
|
|switch|p1a: Haxorus|Haxorus, F|293\/293
|-ability|p1a: Haxorus|Mold Breaker
|move|p2a: Darmanitan|Earthquake|p1a: Haxorus
|-damage|p1a: Haxorus|147\/293
|
|turn|10
|
|switch|p2a: Slowbro|Slowbro, F|394\/394
|-activate|p2a: Slowbro|move: Sticky Web
|-unboost|p2a: Slowbro|spe|1
|move|p1a: Haxorus|Swords Dance|p1a: Haxorus
|-boost|p1a: Haxorus|atk|2
|
|turn|11
|
|move|p1a: Haxorus|Outrage|p2a: Slowbro
|-damage|p2a: Slowbro|19\/394
|move|p2a: Slowbro|Psychic|p1a: Haxorus
|-damage|p1a: Haxorus|0 fnt
|faint|p1a: Haxorus
|
|-heal|p2a: Slowbro|43\/394|[from] item: Leftovers
|
|switch|p1a: Chandelure|Chandelure, F|209\/261
|turn|12
|
|switch|p2a: Amoonguss|Amoonguss, M|432\/432
|-activate|p2a: Amoonguss|move: Sticky Web
|-unboost|p2a: Amoonguss|spe|1
|move|p1a: Chandelure|Shadow Ball|p2a: Amoonguss
|-damage|p2a: Amoonguss|260\/432
|-damage|p1a: Chandelure|183\/261|[from] item: Life Orb
|
|-heal|p2a: Amoonguss|287\/432|[from] item: Black Sludge
|turn|13
|
|switch|p2a: Slowbro|Slowbro, F|43\/394
|-activate|p2a: Slowbro|move: Sticky Web
|-unboost|p2a: Slowbro|spe|1
|move|p1a: Chandelure|Fire Blast|p2a: Slowbro
|-resisted|p2a: Slowbro
|-damage|p2a: Slowbro|0 fnt
|-damage|p1a: Chandelure|157\/261|[from] item: Life Orb
|faint|p2a: Slowbro
|
|
|switch|p2a: Darmanitan|Darmanitan, F|351\/351
|-activate|p2a: Darmanitan|move: Sticky Web
|-unboost|p2a: Darmanitan|spe|1
|turn|14
|
|switch|p1a: Florges|Florges, F|350\/350
|move|p2a: Darmanitan|Flare Blitz|p1a: Florges
|-damage|p1a: Florges|74\/350
|-damage|p2a: Darmanitan|260\/351|[from] recoil|[of] p1a: Florges
|
|-heal|p1a: Florges|95\/350|[from] item: Leftovers
|turn|15
|
|switch|p1a: Chandelure|Chandelure, F|157\/261
|move|p2a: Darmanitan|Flare Blitz|p1a: Chandelure
|-start|p1a: Chandelure|ability: Flash Fire
|
|turn|16
|
|switch|p2a: Amoonguss|Amoonguss, M|431\/432
|-activate|p2a: Amoonguss|move: Sticky Web
|-unboost|p2a: Amoonguss|spe|1
|move|p1a: Chandelure|Fire Blast|p2a: Amoonguss
|-supereffective|p2a: Amoonguss
|-damage|p2a: Amoonguss|0 fnt
|-damage|p1a: Chandelure|131\/261|[from] item: Life Orb
|faint|p2a: Amoonguss
|
|
|switch|p2a: Alakazam|Alakazam, M|252\/252
|-activate|p2a: Alakazam|move: Sticky Web
|-unboost|p2a: Alakazam|spe|1
|turn|17
|
|move|p1a: Chandelure|Shadow Ball|p2a: Alakazam
|-supereffective|p2a: Alakazam
|-damage|p2a: Alakazam|0 fnt
|-damage|p1a: Chandelure|105\/261|[from] item: Life Orb
|faint|p2a: Alakazam
|
|-message|xoxox forfeited.
|
|win|Greyheracross
|raw|Ladder updating...
|leave|xoxox
|player|p2
|raw|Greyheracross's rating: 1621 &rarr; <strong>1630<\/strong><br \/>(+9 for winning)
|raw|xoxox's rating: 1388 &rarr; <strong>1380<\/strong><br \/>(-8 for losing)
|leave|tendetta