|join|Greyheracross
|join|vaiw
|player|p1|Greyheracross|162
|player|p2|vaiw|118
|gametype|singles
|gen|6
|tier|UU
|rated
|rule|Sleep Clause Mod: Limit one foe put to sleep
|rule|Species Clause: Limit one of each PokÃ©mon
|rule|OHKO Clause: OHKO moves are banned
|rule|Moody Clause: Moody is banned
|rule|Evasion Moves Clause: Evasion moves are banned
|rule|Endless Battle Clause: Forcing endless battles is banned
|rule|HP Percentage Mod: HP is reported as percentages
|clearpoke
|poke|p1|Shuckle, F
|poke|p1|Honchkrow, F
|poke|p1|Chandelure, M
|poke|p1|Haxorus, F
|poke|p1|Florges, F
|poke|p1|Lucario, M
|poke|p2|Absol, M
|poke|p2|Lucario, F
|poke|p2|Hydreigon, M
|poke|p2|Volcarona, M
|poke|p2|Azelf
|poke|p2|Crobat, M
|rule|Swagger Clause: Swagger is banned
|rule|Baton Pass Clause: Limit one PokÃ©mon knowing Baton Pass
|teampreview
|join|tendetta
|
|start
|switch|p1a: Haxorus|Haxorus, F|293\/293
|switch|p2a: Azelf|Azelf|291\/291
|-ability|p1a: Haxorus|Mold Breaker
|turn|1
|
|move|p2a: Azelf|Stealth Rock|p1a: Haxorus
|-sidestart|p1: Greyheracross|move: Stealth Rock
|move|p1a: Haxorus|Earthquake|p2a: Azelf
|-damage|p2a: Azelf|79\/291
|
|turn|2
|
|switch|p1a: Shuckle|Shuckle, F|244\/244
|-damage|p1a: Shuckle|183\/244|[from] Stealth Rock
|move|p2a: Azelf|Knock Off|p1a: Shuckle
|-damage|p1a: Shuckle|129\/244
|-enditem|p1a: Shuckle|Mental Herb|[from] move: Knock Off|[of] p2a: Azelf
|
|turn|3
|
|move|p2a: Azelf|Explosion|p1a: Shuckle
|-resisted|p1a: Shuckle
|-damage|p1a: Shuckle|63\/244
|faint|p2a: Azelf
|move|p1a: Shuckle|Knock Off|p2: Azelf|[notarget]
|-notarget
|
|
|switch|p2a: Absol|Absol, M|271\/271
|turn|4
|
|switch|p1a: Florges|Florges, F|350\/350
|-damage|p1a: Florges|307\/350|[from] Stealth Rock
|detailschange|p2a: Absol|Absol-Mega, M
|message|Absol has Mega Evolved into Mega Absol!
|move|p2a: Absol|Superpower|p1a: Florges
|-resisted|p1a: Florges
|-damage|p1a: Florges|230\/350
|-unboost|p2a: Absol|atk|1
|-unboost|p2a: Absol|def|1
|
|-heal|p1a: Florges|251\/350|[from] item: Leftovers
|turn|5
|
|switch|p2a: Crobat|Crobat, M|374\/374
|move|p1a: Florges|Protect|p1a: Florges
|-fail|p1a: Florges
|
|-heal|p1a: Florges|272\/350|[from] item: Leftovers
|turn|6
|
|move|p1a: Florges|Protect|p1a: Florges
|-singleturn|p1a: Florges|Protect
|move|p2a: Crobat|U-turn|p1a: Florges
|-activate|p1a: Florges|Protect
|
|-heal|p1a: Florges|293\/350|[from] item: Leftovers
|turn|7
|
|move|p2a: Crobat|Super Fang|p1a: Florges|[miss]
|-miss|p2a: Crobat|p1a: Florges
|move|p1a: Florges|Wish|p1a: Florges
|
|-heal|p1a: Florges|314\/350|[from] item: Leftovers
|turn|8
|
|switch|p1a: Haxorus|Haxorus, F|293\/293
|-damage|p1a: Haxorus|257\/293|[from] Stealth Rock
|-ability|p1a: Haxorus|Mold Breaker
|move|p2a: Crobat|Brave Bird|p1a: Haxorus
|-damage|p1a: Haxorus|113\/293
|-damage|p2a: Crobat|326\/374|[from] recoil|[of] p1a: Haxorus
|
|-heal|p1a: Haxorus|288\/293|[from] move: Wish|[wisher] Florges
|-heal|p2a: Crobat|349\/374|[from] item: Black Sludge
|turn|9
|
|move|p2a: Crobat|Brave Bird|p1a: Haxorus
|-damage|p1a: Haxorus|153\/293
|-damage|p2a: Crobat|304\/374|[from] recoil|[of] p1a: Haxorus
|move|p1a: Haxorus|Outrage|p2a: Crobat
|-damage|p2a: Crobat|0 fnt
|faint|p2a: Crobat
|
|
|switch|p2a: Hydreigon|Hydreigon, M|325\/325
|turn|10
|
|move|p2a: Hydreigon|Draco Meteor|p1a: Haxorus
|-supereffective|p1a: Haxorus
|-damage|p1a: Haxorus|0 fnt
|-unboost|p2a: Hydreigon|spa|2
|faint|p1a: Haxorus
|
|
|switch|p1a: Lucario|Lucario, M|281\/281
|-damage|p1a: Lucario|273\/281|[from] Stealth Rock
|turn|11
|
|switch|p2a: Volcarona|Volcarona, M|312\/312
|move|p1a: Lucario|Close Combat|p2a: Volcarona
|-resisted|p2a: Volcarona
|-damage|p2a: Volcarona|107\/312
|-unboost|p1a: Lucario|def|1
|-unboost|p1a: Lucario|spd|1
|-damage|p1a: Lucario|245\/281|[from] item: Life Orb
|
|turn|12
|
|move|p1a: Lucario|Extreme Speed|p2a: Volcarona
|-damage|p2a: Volcarona|0 fnt
|-status|p1a: Lucario|brn
|-damage|p1a: Lucario|217\/281 brn|[from] item: Life Orb
|faint|p2a: Volcarona
|
|-damage|p1a: Lucario|182\/281 brn|[from] brn
|
|switch|p2a: Lucario|Lucario, F|281\/281
|turn|13
|
|move|p2a: Lucario|Swords Dance|p2a: Lucario
|-boost|p2a: Lucario|atk|2
|move|p1a: Lucario|Close Combat|p2a: Lucario
|-supereffective|p2a: Lucario
|-damage|p2a: Lucario|0 fnt
|-unboost|p1a: Lucario|def|1
|-unboost|p1a: Lucario|spd|1
|-damage|p1a: Lucario|154\/281 brn|[from] item: Life Orb
|faint|p2a: Lucario
|
|-damage|p1a: Lucario|119\/281 brn|[from] brn
|
|switch|p2a: Hydreigon|Hydreigon, M|325\/325
|turn|14
|
|switch|p1a: Shuckle|Shuckle, F|63\/244
|-damage|p1a: Shuckle|2\/244|[from] Stealth Rock
|move|p2a: Hydreigon|Superpower|p1a: Shuckle
|-damage|p1a: Shuckle|0 fnt
|-unboost|p2a: Hydreigon|atk|1
|-unboost|p2a: Hydreigon|def|1
|faint|p1a: Shuckle
|
|
|switch|p1a: Florges|Florges, F|314\/350
|-damage|p1a: Florges|271\/350|[from] Stealth Rock
|turn|15
|
|switch|p2a: Absol|Absol-Mega, M|271\/271
|move|p1a: Florges|Moonblast|p2a: Absol
|-supereffective|p2a: Absol
|-damage|p2a: Absol|0 fnt
|faint|p2a: Absol
|
|-heal|p1a: Florges|292\/350|[from] item: Leftovers
|-message|vaiw forfeited.
|
|win|Greyheracross
|raw|Ladder updating...
|leave|vaiw
|player|p2
|raw|Greyheracross's rating: 1613 &rarr; <strong>1621<\/strong><br \/>(+8 for winning)
|raw|vaiw's rating: 1371 &rarr; <strong>1363<\/strong><br \/>(-8 for losing)
|leave|tendetta