|join|greyheracross
|join|AccursedJaguar
|player|p1|greyheracross|169
|player|p2|AccursedJaguar|170
|gametype|singles
|gen|6
|tier|UU
|rated
|rule|Sleep Clause Mod: Limit one foe put to sleep
|rule|Species Clause: Limit one of each PokÃ©mon
|rule|OHKO Clause: OHKO moves are banned
|rule|Moody Clause: Moody is banned
|rule|Evasion Moves Clause: Evasion moves are banned
|rule|Endless Battle Clause: Forcing endless battles is banned
|rule|HP Percentage Mod: HP is shown in percentages
|clearpoke
|poke|p1|Alakazam, F
|poke|p1|Crobat, M
|poke|p1|Krookodile, M
|poke|p1|Florges, F
|poke|p1|Suicune
|poke|p1|Lucario, F
|poke|p2|Cloyster, M
|poke|p2|Nidoking, M
|poke|p2|Forretress, M
|poke|p2|Ampharos, M
|poke|p2|Espeon, M
|poke|p2|Infernape, M
|rule|Swagger Clause: Swagger is banned
|rule|Baton Pass Clause: Limit one PokÃ©mon knowing Baton Pass
|teampreview
|join|idousm
|
|start
|switch|p1a: Lucario|Lucario, F|281\/281
|switch|p2a: Espeon|Espeon, M|334\/334
|turn|1
|
|switch|p1a: Krookodile|Krookodile, M|332\/332
|move|p2a: Espeon|Reflect|p2a: Espeon
|-sidestart|p2: AccursedJaguar|Reflect
|
|turn|2
|
|move|p1a: Krookodile|Knock Off|p2a: Espeon
|-supereffective|p2a: Espeon
|-damage|p2a: Espeon|109\/334
|-enditem|p2a: Espeon|Light Clay|[from] move: Knock Off|[of] p1a: Krookodile
|move|p2a: Espeon|Light Screen|p2a: Espeon
|-sidestart|p2: AccursedJaguar|move: Light Screen
|
|turn|3
|
|move|p1a: Krookodile|Knock Off|p2a: Espeon
|-supereffective|p2a: Espeon
|-damage|p2a: Espeon|0 fnt
|faint|p2a: Espeon
|-boost|p1a: Krookodile|atk|1|[from] ability: Moxie
|
|
|switch|p2a: Infernape|Infernape, M|293\/293
|turn|4
|
|switch|p1a: Crobat|Crobat, M|311\/311
|move|p2a: Infernape|Close Combat|p1a: Crobat
|-resisted|p1a: Crobat
|-damage|p1a: Crobat|259\/311
|-unboost|p2a: Infernape|def|1
|-unboost|p2a: Infernape|spd|1
|
|-heal|p1a: Crobat|278\/311|[from] item: Leftovers
|turn|5
|
|move|p1a: Crobat|Defog|p2a: Infernape
|-unboost|p2a: Infernape|evasion|1
|-sideend|p2: AccursedJaguar|Reflect
|-sideend|p2: AccursedJaguar|Reflect|[from] move: Defog|[of] p2a: Infernape
|-sideend|p2: AccursedJaguar|move: Light Screen
|-sideend|p2: AccursedJaguar|Light Screen|[from] move: Defog|[of] p2a: Infernape
|move|p2a: Infernape|Thunder Punch|p1a: Crobat
|-supereffective|p1a: Crobat
|-damage|p1a: Crobat|62\/311
|
|-heal|p1a: Crobat|81\/311|[from] item: Leftovers
|turn|6
|
|move|p1a: Crobat|Roost|p1a: Crobat
|-heal|p1a: Crobat|237\/311
|move|p2a: Infernape|Thunder Punch|p1a: Crobat
|-damage|p1a: Crobat|134\/311
|
|-heal|p1a: Crobat|153\/311|[from] item: Leftovers
|turn|7
|
|move|p1a: Crobat|U-turn|p2a: Infernape
|-resisted|p2a: Infernape
|-damage|p2a: Infernape|262\/293
|
|switch|p1a: Krookodile|Krookodile, M|332\/332
|move|p2a: Infernape|Thunder Punch|p1a: Krookodile
|-immune|p1a: Krookodile|[msg]
|
|turn|8
|
|move|p1a: Krookodile|Earthquake|p2a: Infernape
|-supereffective|p2a: Infernape
|-damage|p2a: Infernape|0 fnt
|faint|p2a: Infernape
|-boost|p1a: Krookodile|atk|1|[from] ability: Moxie
|
|
|switch|p2a: Cloyster|Cloyster, M|242\/242
|turn|9
|
|move|p1a: Krookodile|Earthquake|p2a: Cloyster
|-damage|p2a: Cloyster|107\/242
|move|p2a: Cloyster|Shell Smash|p2a: Cloyster
|-boost|p2a: Cloyster|atk|2
|-boost|p2a: Cloyster|spa|2
|-boost|p2a: Cloyster|spe|2
|-unboost|p2a: Cloyster|def|1
|-unboost|p2a: Cloyster|spd|1
|
|turn|10
|
|switch|p1a: Suicune|Suicune|401\/401
|-ability|p1a: Suicune|Pressure
|move|p2a: Cloyster|Icicle Spear|p1a: Suicune
|-resisted|p1a: Suicune
|-damage|p1a: Suicune|377\/401
|-resisted|p1a: Suicune
|-damage|p1a: Suicune|353\/401
|-resisted|p1a: Suicune
|-damage|p1a: Suicune|329\/401
|-resisted|p1a: Suicune
|-damage|p1a: Suicune|306\/401
|-resisted|p1a: Suicune
|-damage|p1a: Suicune|285\/401
|-hitcount|p1a: Suicune|5
|
|-heal|p1a: Suicune|310\/401|[from] item: Leftovers
|turn|11
|
|switch|p2a: Ampharos|Ampharos, M|322\/322
|move|p1a: Suicune|Scald|p2a: Ampharos
|-damage|p2a: Ampharos|223\/322
|-status|p2a: Ampharos|brn
|
|-heal|p1a: Suicune|335\/401|[from] item: Leftovers
|-damage|p2a: Ampharos|183\/322 brn|[from] brn
|turn|12
|c|âAccursedJaguar|too lucky
|-message|AccursedJaguar forfeited.
|
|win|greyheracross
|raw|Ladder updating...
|raw|greyheracross's rating: 1462 &rarr; <strong>1468<\/strong><br \/>(+6 for winning)
|raw|AccursedJaguar's rating: 1163 &rarr; <strong>1156<\/strong><br \/>(-7 for losing)
|leave|AccursedJaguar
|player|p2
|leave|idousm