|join|greyheracross
|join|Finn@srsbsns
|player|p1|greyheracross|162
|player|p2|Finn@srsbsns|290
|gametype|singles
|gen|6
|tier|UU
|rated
|rule|Sleep Clause Mod: Limit one foe put to sleep
|rule|Species Clause: Limit one of each PokÃ©mon
|rule|OHKO Clause: OHKO moves are banned
|rule|Moody Clause: Moody is banned
|rule|Evasion Moves Clause: Evasion moves are banned
|rule|Endless Battle Clause: Forcing endless battles is banned
|rule|HP Percentage Mod: HP is reported as percentages
|clearpoke
|poke|p1|Empoleon, M
|poke|p1|Toxicroak, M
|poke|p1|Haxorus, M
|poke|p1|Tornadus, M
|poke|p1|Victini
|poke|p1|Suicune
|poke|p2|Aerodactyl, M
|poke|p2|Roserade, F
|poke|p2|Swampert, M
|poke|p2|Froslass, F, shiny
|poke|p2|Lucario, M
|poke|p2|Heracross, F
|rule|Swagger Clause: Swagger is banned
|rule|Baton Pass Clause: Limit one PokÃ©mon knowing Baton Pass
|teampreview
|
|start
|switch|p1a: BLACKWARGREYMON|Empoleon, M|359\/359
|switch|p2a: Frostitute|Froslass, F, shiny|344\/344
|turn|1
|
|move|p2a: Frostitute|Spikes|p1a: BLACKWARGREYMON
|-sidestart|p1: greyheracross|Spikes
|move|p1a: BLACKWARGREYMON|Hydro Pump|p2a: Frostitute
|-damage|p2a: Frostitute|76\/344
|
|turn|2
|
|move|p2a: Frostitute|Destiny Bond|p2a: Frostitute
|-singlemove|p2a: Frostitute|Destiny Bond
|move|p1a: BLACKWARGREYMON|Stealth Rock|p2a: Frostitute
|-sidestart|p2: Finn@srsbsns|move: Stealth Rock
|
|turn|3
|
|move|p2a: Frostitute|Destiny Bond|p2a: Frostitute
|-singlemove|p2a: Frostitute|Destiny Bond
|move|p1a: BLACKWARGREYMON|Hydro Pump|p2a: Frostitute
|-damage|p2a: Frostitute|0 fnt
|-start|p1a: BLACKWARGREYMON|Disable|Hydro Pump
|faint|p2a: Frostitute
|-activate|p2a: Frostitute|Destiny Bond
|faint|p1a: BLACKWARGREYMON
|
|
|switch|p1a: BIRDRAMON|Tornadus, M|299\/299
|switch|p2a: Good old Swamps|Swampert, M|404\/404
|-damage|p2a: Good old Swamps|379\/404|[from] Stealth Rock
|turn|4
|
|move|p1a: BIRDRAMON|Grass Knot|p2a: Good old Swamps
|-supereffective|p2a: Good old Swamps
|-damage|p2a: Good old Swamps|0 fnt
|-damage|p1a: BIRDRAMON|270\/299|[from] item: Life Orb
|faint|p2a: Good old Swamps
|
|
|switch|p2a: The Beast|Aerodactyl, M|302\/302
|-damage|p2a: The Beast|227\/302|[from] Stealth Rock
|-ability|p2a: The Beast|Unnerve|p1: greyheracross
|turn|5
|
|switch|p1a: GARURUMON|Suicune|403\/403
|-damage|p1a: GARURUMON|353\/403|[from] Spikes
|-ability|p1a: GARURUMON|Pressure
|detailschange|p2a: The Beast|Aerodactyl-Mega, M
|message|Aerodactyl has Mega Evolved into Mega Aerodactyl!
|move|p2a: The Beast|Stone Edge|p1a: GARURUMON
|-damage|p1a: GARURUMON|241\/403
|
|-heal|p1a: GARURUMON|266\/403|[from] item: Leftovers
|turn|6
|
|switch|p2a: Puns N' Roses|Roserade, F|261\/261
|-damage|p2a: Puns N' Roses|229\/261|[from] Stealth Rock
|switch|p1a: BIRDRAMON|Tornadus, M|270\/299
|
|-heal|p2a: Puns N' Roses|245\/261|[from] item: Black Sludge
|turn|7
|
|move|p1a: BIRDRAMON|Hurricane|p2a: Puns N' Roses|[miss]
|-miss|p1a: BIRDRAMON|p2a: Puns N' Roses
|move|p2a: Puns N' Roses|Sludge Bomb|p1a: BIRDRAMON
|-crit|p1a: BIRDRAMON
|-damage|p1a: BIRDRAMON|0 fnt
|faint|p1a: BIRDRAMON
|
|-heal|p2a: Puns N' Roses|261\/261|[from] item: Black Sludge
|
|switch|p1a: AGUMON|Victini|341\/341
|-damage|p1a: AGUMON|299\/341|[from] Spikes
|turn|8
|
|switch|p2a: Lux|Lucario, M|281\/281
|-damage|p2a: Lux|273\/281|[from] Stealth Rock
|move|p1a: AGUMON|V-create|p2a: Lux
|-supereffective|p2a: Lux
|-damage|p2a: Lux|0 fnt
|-unboost|p1a: AGUMON|def|1
|-unboost|p1a: AGUMON|spd|1
|-unboost|p1a: AGUMON|spe|1
|faint|p2a: Lux
|
|
|switch|p2a: The Beast|Aerodactyl-Mega, M|227\/302
|-damage|p2a: The Beast|152\/302|[from] Stealth Rock
|turn|9
|
|switch|p1a: GARURUMON|Suicune|266\/403
|-damage|p1a: GARURUMON|216\/403|[from] Spikes
|-ability|p1a: GARURUMON|Pressure
|move|p2a: The Beast|Aqua Tail|p1a: GARURUMON
|-resisted|p1a: GARURUMON
|-damage|p1a: GARURUMON|168\/403
|
|-heal|p1a: GARURUMON|193\/403|[from] item: Leftovers
|turn|10
|
|move|p2a: The Beast|Taunt|p1a: GARURUMON
|-start|p1a: GARURUMON|move: Taunt
|move|p1a: GARURUMON|Ice Beam|p2a: The Beast
|-crit|p2a: The Beast
|-supereffective|p2a: The Beast
|-damage|p2a: The Beast|0 fnt
|faint|p2a: The Beast
|
|-heal|p1a: GARURUMON|218\/403|[from] item: Leftovers
|join|tendetta
|
|switch|p2a: Puns N' Roses|Roserade, F|261\/261
|-damage|p2a: Puns N' Roses|229\/261|[from] Stealth Rock
|turn|11
|join|tendetta sucks
|
|switch|p1a: TOGEMON|Toxicroak, M|307\/307
|-damage|p1a: TOGEMON|269\/307|[from] Spikes
|move|p2a: Puns N' Roses|Sludge Bomb|p1a: TOGEMON
|-resisted|p1a: TOGEMON
|-damage|p1a: TOGEMON|167\/307
|
|-heal|p2a: Puns N' Roses|245\/261|[from] item: Black Sludge
|-heal|p1a: TOGEMON|186\/307|[from] item: Leftovers
|turn|12
|
|move|p2a: Puns N' Roses|Hidden Power|p1a: TOGEMON
|-damage|p1a: TOGEMON|69\/307
|move|p1a: TOGEMON|Poison Jab|p2a: Puns N' Roses
|-damage|p2a: Puns N' Roses|67\/261
|
|-heal|p2a: Puns N' Roses|83\/261|[from] item: Black Sludge
|-heal|p1a: TOGEMON|88\/307|[from] item: Leftovers
|turn|13
|
|move|p2a: Puns N' Roses|Hidden Power|p1a: TOGEMON
|-damage|p1a: TOGEMON|0 fnt
|faint|p1a: TOGEMON
|
|-heal|p2a: Puns N' Roses|99\/261|[from] item: Black Sludge
|
|switch|p1a: OMNIMON|Haxorus, M|294\/294
|-damage|p1a: OMNIMON|258\/294|[from] Spikes
|-ability|p1a: OMNIMON|Mold Breaker
|turn|14
|
|move|p2a: Puns N' Roses|Sludge Bomb|p1a: OMNIMON
|-damage|p1a: OMNIMON|38\/294
|move|p1a: OMNIMON|Outrage|p2a: Puns N' Roses
|-damage|p2a: Puns N' Roses|0 fnt
|faint|p2a: Puns N' Roses
|
|
|switch|p2a: X|Heracross, F|302\/302
|-damage|p2a: X|265\/302|[from] Stealth Rock
|turn|15
|
|move|p2a: X|Knock Off|p1a: OMNIMON
|-damage|p1a: OMNIMON|0 fnt
|-enditem|p1a: OMNIMON|Lum Berry|[from] move: Knock Off|[of] p2a: X
|faint|p1a: OMNIMON
|-boost|p2a: X|atk|1|[from] ability: Moxie
|
|
|switch|p1a: AGUMON|Victini|299\/341
|-damage|p1a: AGUMON|257\/341|[from] Spikes
|turn|16
|
|move|p1a: AGUMON|V-create|p2a: X
|-supereffective|p2a: X
|-damage|p2a: X|0 fnt
|-unboost|p1a: AGUMON|def|1
|-unboost|p1a: AGUMON|spd|1
|-unboost|p1a: AGUMON|spe|1
|faint|p2a: X
|
|win|greyheracross
|raw|Ladder updating...
|raw|greyheracross's rating: 1331 &rarr; <strong>1352<\/strong><br \/>(+21 for winning)
|raw|Finn@srsbsns's rating: 1359 &rarr; <strong>1337<\/strong><br \/>(-22 for losing)
|chat|tendetta|o 
|chat|Finn@srsbsns|gg
|leave|Finn@srsbsns
|player|p2
|join|just2bquiet
|leave|just2bquiet