|join|MiloticRaichu
|join|greyheracross
|player|p1|MiloticRaichu|260
|player|p2|greyheracross|169
|gametype|singles
|gen|6
|tier|UU
|rated
|rule|Sleep Clause Mod: Limit one foe put to sleep
|rule|Species Clause: Limit one of each PokÃ©mon
|rule|OHKO Clause: OHKO moves are banned
|rule|Moody Clause: Moody is banned
|rule|Evasion Moves Clause: Evasion moves are banned
|rule|Endless Battle Clause: Forcing endless battles is banned
|rule|HP Percentage Mod: HP is shown in percentages
|clearpoke
|poke|p1|Rotom-Heat
|poke|p1|Rhyperior, M
|poke|p1|Roserade, M, shiny
|poke|p1|Starmie
|poke|p1|Noivern, F
|poke|p1|Scrafty, F
|poke|p2|Alakazam, F
|poke|p2|Crobat, M
|poke|p2|Krookodile, M
|poke|p2|Florges, F
|poke|p2|Suicune
|poke|p2|Lucario, M
|rule|Swagger Clause: Swagger is banned
|rule|Baton Pass Clause: Limit one PokÃ©mon knowing Baton Pass
|teampreview
|join|idousm
|c|âMiloticRaichu|scary team
|c|âMiloticRaichu|this should be interesting
|c|âgreyheracross|same to you
|
|start
|switch|p1a: Rhyperior|Rhyperior, M|434\/434
|switch|p2a: Krookodile|Krookodile, M|332\/332
|turn|1
|
|move|p2a: Krookodile|Knock Off|p1a: Rhyperior
|-damage|p1a: Rhyperior|316\/434
|-enditem|p1a: Rhyperior|Leftovers|[from] move: Knock Off|[of] p2a: Krookodile
|move|p1a: Rhyperior|Earthquake|p2a: Krookodile
|-damage|p2a: Krookodile|92\/332
|
|turn|2
|
|switch|p2a: Suicune|Suicune|401\/401
|-ability|p2a: Suicune|Pressure
|move|p1a: Rhyperior|Fire Punch|p2a: Suicune
|-crit|p2a: Suicune
|-resisted|p2a: Suicune
|-damage|p2a: Suicune|354\/401
|
|-heal|p2a: Suicune|379\/401|[from] item: Leftovers
|turn|3
|leave|MiloticRaichu
|player|p1
|c| idousm|-
|c|âgreyheracross|welp
|c|âgreyheracross|i think he dc'd
|join|MiloticRaichu
|c|âgreyheracross|so he'll come back
|c|âMiloticRaichu|im back
|player|p1|MiloticRaichu|260
|c|âMiloticRaichu|turn the timer off pls
|
|switch|p2a: Alakazam|Alakazam, F|252\/252
|switch|p1a: Roserade|Roserade, M, shiny|324\/324
|
|turn|4
|c|âgreyheracross|sec
|c| idousm|why is milotic and raichu in the same name!
|
|switch|p1a: Starmie|Starmie|324\/324
|detailschange|p2a: Alakazam|Alakazam-Mega, F
|message|Alakazam has Mega Evolved into Mega Alakazam!
|-ability|p2a: Alakazam|Natural Cure|[from] ability: Trace|[of] p1a: Starmie
|move|p2a: Alakazam|Psyshock|p1a: Starmie
|-resisted|p1a: Starmie
|-damage|p1a: Starmie|240\/324
|
|-heal|p1a: Starmie|260\/324|[from] item: Leftovers
|turn|5
|c| idousm|im very intrigued!
|
|switch|p1a: Rotom-Heat|Rotom-Heat|304\/304
|move|p2a: Alakazam|Shadow Ball|p1a: Rotom-Heat
|-damage|p1a: Rotom-Heat|198\/304
|
|-heal|p1a: Rotom-Heat|217\/304|[from] item: Leftovers
|turn|6
|
|move|p2a: Alakazam|Psyshock|p1a: Rotom-Heat
|-damage|p1a: Rotom-Heat|37\/304
|move|p1a: Rotom-Heat|Pain Split|p2a: Alakazam
|-sethp|p2a: Alakazam|144\/252|p1a: Rotom-Heat|144\/304|[from] move: Pain Split
|
|-heal|p1a: Rotom-Heat|163\/304|[from] item: Leftovers
|turn|7
|
|switch|p1a: Scrafty|Scrafty, F|334\/334
|move|p2a: Alakazam|Focus Blast|p1a: Scrafty|[miss]
|-miss|p2a: Alakazam|p1a: Scrafty
|
|turn|8
|
|move|p2a: Alakazam|Focus Blast|p1a: Scrafty|[miss]
|-miss|p2a: Alakazam|p1a: Scrafty
|move|p1a: Scrafty|Knock Off|p2a: Alakazam
|-supereffective|p2a: Alakazam
|-damage|p2a: Alakazam|0 fnt
|faint|p2a: Alakazam
|
|c|âgreyheracross|fuck you focus blast
|c|âMiloticRaichu|get that threat out of here
|
|switch|p2a: Crobat|Crobat, M|311\/311
|turn|9
|
|switch|p1a: Rotom-Heat|Rotom-Heat|163\/304
|move|p2a: Crobat|U-turn|p1a: Rotom-Heat
|-resisted|p1a: Rotom-Heat
|-damage|p1a: Rotom-Heat|137\/304
|
|switch|p2a: Lucario|Lucario, M|281\/281
|
|-heal|p1a: Rotom-Heat|156\/304|[from] item: Leftovers
|turn|10
|
|move|p2a: Lucario|Close Combat|p1a: Rotom-Heat
|-damage|p1a: Rotom-Heat|0 fnt
|-unboost|p2a: Lucario|def|1
|-unboost|p2a: Lucario|spd|1
|-damage|p2a: Lucario|253\/281|[from] item: Life Orb
|faint|p1a: Rotom-Heat
|
|
|switch|p1a: Starmie|Starmie|260\/324
|turn|11
|
|switch|p2a: Florges|Florges, F|360\/360
|move|p1a: Starmie|Scald|p2a: Florges
|-damage|p2a: Florges|293\/360
|-status|p2a: Florges|brn
|
|-heal|p1a: Starmie|280\/324|[from] item: Leftovers
|-heal|p2a: Florges|315\/360 brn|[from] item: Leftovers
|-damage|p2a: Florges|270\/360 brn|[from] brn
|turn|12
|
|switch|p1a: Roserade|Roserade, M, shiny|324\/324
|switch|p2a: Crobat|Crobat, M|311\/311
|
|turn|13
|
|switch|p1a: Rhyperior|Rhyperior, M|316\/434
|move|p2a: Crobat|Brave Bird|p1a: Rhyperior
|-crit|p1a: Rhyperior
|-resisted|p1a: Rhyperior
|-damage|p1a: Rhyperior|210\/434
|-damage|p2a: Crobat|276\/311|[from] recoil|[of] p1a: Rhyperior
|
|-heal|p2a: Crobat|295\/311|[from] item: Leftovers
|turn|14
|
|move|p2a: Crobat|U-turn|p1a: Rhyperior
|-damage|p1a: Rhyperior|156\/434
|
|switch|p2a: Suicune|Suicune|379\/401
|-ability|p2a: Suicune|Pressure
|move|p1a: Rhyperior|Stealth Rock|p2a: Suicune
|-sidestart|p2: greyheracross|move: Stealth Rock
|
|-heal|p2a: Suicune|401\/401|[from] item: Leftovers
|turn|15
|
|switch|p1a: Noivern|Noivern, F|311\/311
|move|p2a: Suicune|Scald|p1a: Noivern
|-resisted|p1a: Noivern
|-damage|p1a: Noivern|259\/311
|
|turn|16
|
|switch|p2a: Krookodile|Krookodile, M|92\/332
|-damage|p2a: Krookodile|72\/332|[from] Stealth Rock
|move|p1a: Noivern|Air Slash|p2a: Krookodile
|-damage|p2a: Krookodile|0 fnt
|faint|p2a: Krookodile
|
|
|switch|p2a: Suicune|Suicune|401\/401
|-damage|p2a: Suicune|351\/401|[from] Stealth Rock
|-ability|p2a: Suicune|Pressure
|turn|17
|
|switch|p1a: Scrafty|Scrafty, F|334\/334
|move|p2a: Suicune|Calm Mind|p2a: Suicune
|-boost|p2a: Suicune|spa|1
|-boost|p2a: Suicune|spd|1
|
|-heal|p2a: Suicune|376\/401|[from] item: Leftovers
|turn|18
|
|move|p2a: Suicune|Scald|p1a: Scrafty
|-damage|p1a: Scrafty|244\/334
|move|p1a: Scrafty|Knock Off|p2a: Suicune
|-damage|p2a: Suicune|310\/401
|-enditem|p2a: Suicune|Leftovers|[from] move: Knock Off|[of] p1a: Scrafty
|
|-heal|p1a: Scrafty|264\/334|[from] item: Leftovers
|turn|19
|
|switch|p1a: Noivern|Noivern, F|259\/311
|move|p2a: Suicune|Calm Mind|p2a: Suicune
|-boost|p2a: Suicune|spa|1
|-boost|p2a: Suicune|spd|1
|
|turn|20
|
|move|p1a: Noivern|Switcheroo|p2a: Suicune
|-activate|p1a: Noivern|move: Trick|[of] p2a: Suicune
|-item|p2a: Suicune|Choice Specs|[from] Trick
|move|p2a: Suicune|Scald|p1a: Noivern
|-crit|p1a: Noivern
|-resisted|p1a: Noivern
|-damage|p1a: Noivern|25\/311
|-status|p1a: Noivern|brn
|
|-damage|p1a: Noivern|0 fnt|[from] brn
|faint|p1a: Noivern
|
|switch|p1a: Roserade|Roserade, M, shiny|324\/324
|turn|21
|
|switch|p1a: Rhyperior|Rhyperior, M|156\/434
|move|p2a: Suicune|Scald|p1a: Rhyperior
|-supereffective|p1a: Rhyperior
|-damage|p1a: Rhyperior|0 fnt
|faint|p1a: Rhyperior
|
|c|âMiloticRaichu|why
|
|switch|p1a: Scrafty|Scrafty, F|264\/334
|turn|22
|
|move|p2a: Suicune|Scald|p1a: Scrafty
|-damage|p1a: Scrafty|92\/334
|move|p1a: Scrafty|Bulk Up|p1a: Scrafty
|-boost|p1a: Scrafty|atk|1
|-boost|p1a: Scrafty|def|1
|
|-heal|p1a: Scrafty|112\/334|[from] item: Leftovers
|turn|23
|
|switch|p1a: Roserade|Roserade, M, shiny|324\/324
|move|p2a: Suicune|Scald|p1a: Roserade
|-resisted|p1a: Roserade
|-damage|p1a: Roserade|233\/324
|
|-heal|p1a: Roserade|253\/324|[from] item: Black Sludge
|turn|24
|
|move|p1a: Roserade|Giga Drain|p2a: Suicune
|-crit|p2a: Suicune
|-supereffective|p2a: Suicune
|-damage|p2a: Suicune|22\/401
|-heal|p1a: Roserade|324\/324|[from] drain|[of] p2a: Suicune
|move|p2a: Suicune|Scald|p1a: Roserade
|-resisted|p1a: Roserade
|-damage|p1a: Roserade|241\/324
|
|-heal|p1a: Roserade|261\/324|[from] item: Black Sludge
|turn|25
|
|move|p1a: Roserade|Spikes|p2a: Suicune
|-sidestart|p2: greyheracross|Spikes
|move|p2a: Suicune|Scald|p1a: Roserade
|-resisted|p1a: Roserade
|-damage|p1a: Roserade|164\/324
|-status|p1a: Roserade|brn
|
|-heal|p1a: Roserade|184\/324 brn|[from] item: Black Sludge
|-damage|p1a: Roserade|144\/324 brn|[from] brn
|turn|26
|
|move|p1a: Roserade|Giga Drain|p2a: Suicune
|-supereffective|p2a: Suicune
|-damage|p2a: Suicune|0 fnt
|-heal|p1a: Roserade|155\/324 brn|[from] drain|[of] p2a: Suicune
|faint|p2a: Suicune
|
|-heal|p1a: Roserade|175\/324 brn|[from] item: Black Sludge
|-damage|p1a: Roserade|135\/324 brn|[from] brn
|
|switch|p2a: Crobat|Crobat, M|295\/311
|-damage|p2a: Crobat|218\/311|[from] Stealth Rock
|turn|27
|
|switch|p1a: Scrafty|Scrafty, F|112\/334
|move|p2a: Crobat|Defog|p1a: Scrafty
|-unboost|p1a: Scrafty|evasion|1
|-sideend|p2: greyheracross|Spikes|[from] move: Defog|[of] p2a: Crobat
|-sideend|p2: greyheracross|Stealth Rock|[from] move: Defog|[of] p2a: Crobat
|
|-heal|p2a: Crobat|237\/311|[from] item: Leftovers
|-heal|p1a: Scrafty|132\/334|[from] item: Leftovers
|turn|28
|
|move|p2a: Crobat|Brave Bird|p1a: Scrafty
|-supereffective|p1a: Scrafty
|-damage|p1a: Scrafty|0 fnt
|-damage|p2a: Crobat|193\/311|[from] recoil|[of] p1a: Scrafty
|faint|p1a: Scrafty
|
|-heal|p2a: Crobat|212\/311|[from] item: Leftovers
|
|switch|p1a: Starmie|Starmie|280\/324
|turn|29
|
|move|p2a: Crobat|U-turn|p1a: Starmie
|-crit|p1a: Starmie
|-supereffective|p1a: Starmie
|-damage|p1a: Starmie|128\/324
|c|âMiloticRaichu|CRIIIIIIIIIIIIIIIIITS
|
|switch|p2a: Florges|Florges, F|270\/360 brn
|move|p1a: Starmie|Scald|p2a: Florges
|-damage|p2a: Florges|203\/360 brn
|
|-heal|p1a: Starmie|148\/324|[from] item: Leftovers
|-heal|p2a: Florges|225\/360 brn|[from] item: Leftovers
|-damage|p2a: Florges|180\/360 brn|[from] brn
|turn|30
|
|move|p1a: Starmie|Recover|p1a: Starmie
|-heal|p1a: Starmie|310\/324
|move|p2a: Florges|Aromatherapy|p2a: Florges
|-cureteam|p2a: Florges|[from] move: Aromatherapy
|
|-heal|p1a: Starmie|324\/324|[from] item: Leftovers
|-heal|p2a: Florges|202\/360|[from] item: Leftovers
|turn|31
|
|move|p1a: Starmie|Thunder Wave|p2a: Florges
|-status|p2a: Florges|par
|move|p2a: Florges|Wish|p2a: Florges
|
|-heal|p2a: Florges|224\/360 par|[from] item: Leftovers
|turn|32
|
|move|p1a: Starmie|Thunder Wave|p2a: Florges
|-fail|p2a: Florges|par
|move|p2a: Florges|Moonblast|p1a: Starmie
|-damage|p1a: Starmie|194\/324
|
|-heal|p2a: Florges|360\/360 par|[from] move: Wish|[wisher] Florges
|-heal|p1a: Starmie|214\/324|[from] item: Leftovers
|turn|33
|c| idousm|click x miloticraichu
|
|move|p1a: Starmie|Recover|p1a: Starmie
|-heal|p1a: Starmie|324\/324
|cant|p2a: Florges|par
|
|turn|34
|c| idousm|don't waste time
|
|switch|p1a: Roserade|Roserade, M, shiny|135\/324
|move|p2a: Florges|Aromatherapy|p2a: Florges
|-cureteam|p2a: Florges|[from] move: Aromatherapy
|
|-heal|p1a: Roserade|155\/324|[from] item: Black Sludge
|turn|35
|
|switch|p1a: Starmie|Starmie|324\/324
|switch|p2a: Crobat|Crobat, M|212\/311
|
|-heal|p2a: Crobat|231\/311|[from] item: Leftovers
|turn|36
|
|move|p2a: Crobat|U-turn|p1a: Starmie
|-supereffective|p1a: Starmie
|-damage|p1a: Starmie|218\/324
|
|switch|p2a: Florges|Florges, F|360\/360
|move|p1a: Starmie|Scald|p2a: Florges
|-damage|p2a: Florges|293\/360
|
|-heal|p1a: Starmie|238\/324|[from] item: Leftovers
|-heal|p2a: Florges|315\/360|[from] item: Leftovers
|turn|37
|
|switch|p1a: Roserade|Roserade, M, shiny|155\/324
|move|p2a: Florges|Moonblast|p1a: Roserade
|-resisted|p1a: Roserade
|-damage|p1a: Roserade|108\/324
|
|-heal|p1a: Roserade|128\/324|[from] item: Black Sludge
|-heal|p2a: Florges|337\/360|[from] item: Leftovers
|turn|38
|
|switch|p2a: Crobat|Crobat, M|231\/311
|move|p1a: Roserade|Sludge Bomb|p2a: Crobat
|-resisted|p2a: Crobat
|-damage|p2a: Crobat|147\/311
|
|-heal|p2a: Crobat|166\/311|[from] item: Leftovers
|-heal|p1a: Roserade|148\/324|[from] item: Black Sludge
|turn|39
|
|move|p2a: Crobat|Brave Bird|p1a: Roserade
|-supereffective|p1a: Roserade
|-damage|p1a: Roserade|0 fnt
|-damage|p2a: Crobat|117\/311|[from] recoil|[of] p1a: Roserade
|faint|p1a: Roserade
|
|-heal|p2a: Crobat|136\/311|[from] item: Leftovers
|c|âMiloticRaichu|gg
|c|âgreyheracross|gg
|c|âMiloticRaichu|well, bit haxy but yeah
|-message|MiloticRaichu forfeited.
|
|win|greyheracross
|raw|Ladder updating...
|leave|MiloticRaichu
|player|p1
|raw|MiloticRaichu's rating: 1543 &rarr; <strong>1520<\/strong><br \/>(-23 for losing)
|raw|greyheracross's rating: 1488 &rarr; <strong>1512<\/strong><br \/>(+24 for winning)