|join|ryzed
|join|Tower Tycoon Amir
|player|p1|ryzed|266
|player|p2|Tower Tycoon Amir|92
|gametype|singles
|gen|6
|tier|OU
|rated
|clearpoke
|poke|p1|Latios, M
|poke|p1|Gengar, F
|poke|p1|Wobbuffet, M
|poke|p1|Charizard, F
|poke|p1|Espeon, F
|poke|p1|Scolipede, M
|poke|p2|Politoed, F
|poke|p2|Swampert, M
|poke|p2|Celebi
|poke|p2|Manaphy
|poke|p2|Klefki, F
|poke|p2|Magnezone, shiny
|rule|Swagger Clause: Swagger is banned
|rule|Baton Pass Clause: Limit one PokÃ©mon knowing Baton Pass
|rule|Sleep Clause Mod: Limit one foe put to sleep
|rule|Species Clause: Limit one of each PokÃ©mon
|rule|OHKO Clause: OHKO moves are banned
|rule|Moody Clause: Moody is banned
|rule|Evasion Moves Clause: Evasion moves are banned
|rule|Endless Battle Clause: Forcing endless battles is banned
|rule|HP Percentage Mod: HP is shown in percentages
|teampreview
|c|âTower Tycoon Amir|hmm i hate you for having Quick Pass
|c|âTower Tycoon Amir|at least no mega bro :P
|c|âTower Tycoon Amir|knock off loves your team btw
|c|âryzed|i didnt want to use this
|c|âryzed|but im on a lose streak
|
|start
|switch|p1a: Latios|Latios, M|364\/364
|switch|p2a: Celebi|Celebi|404\/404
|turn|1
|c|âTower Tycoon Amir|same
|c|âTower Tycoon Amir|i'm in two in a row :S
|
|switch|p2a: Klefki|Klefki, F|318\/318
|move|p1a: Latios|Light Screen|p1a: Latios
|-sidestart|p1: ryzed|move: Light Screen
|
|turn|2
|c|âryzed|brb
|c|âryzed|1min
|c|âTower Tycoon Amir|lol
|
|move|p2a: Klefki|Light Screen|p2a: Klefki
|-sidestart|p2: Tower Tycoon Amir|move: Light Screen
|move|p1a: Latios|Light Screen|p1a: Latios
|-fail|p1a: Latios
|
|turn|3
|c|âryzed|opps
|c|âTower Tycoon Amir|lol
|
|move|p2a: Klefki|Thunder Wave|p1a: Latios
|-status|p1a: Latios|par
|move|p1a: Latios|Reflect|p1a: Latios
|-sidestart|p1: ryzed|Reflect
|
|turn|4
|
|switch|p2a: Celebi|Celebi|404\/404
|switch|p1a: Espeon|Espeon, F|334\/334
|
|turn|5
|
|switch|p2a: Sterling|Magnezone, shiny|287\/287
|move|p1a: Espeon|Calm Mind|p1a: Espeon
|-boost|p1a: Espeon|spa|1
|-boost|p1a: Espeon|spd|1
|
|turn|6
|
|move|p2a: Sterling|Volt Switch|p1a: Espeon
|-damage|p1a: Espeon|292\/334
|
|switch|p2a: Ollie|Politoed, F|384\/384
|-weather|RainDance
|move|p1a: Espeon|Calm Mind|p1a: Espeon
|-boost|p1a: Espeon|spa|1
|-boost|p1a: Espeon|spd|1
|
|-weather|RainDance|[upkeep]
|-heal|p1a: Espeon|312\/334|[from] item: Leftovers
|turn|7
|
|switch|p1a: Wobbuffet|Wobbuffet, M|542\/542
|move|p2a: Ollie|Perish Song|p2a: Ollie
|-fieldactivate|move: Perish Song
|
|-start|p2a: Ollie|perish3
|-start|p1a: Wobbuffet|perish3
|-weather|RainDance|[upkeep]
|turn|8
|
|move|p2a: Ollie|Toxic|p1a: Wobbuffet
|-status|p1a: Wobbuffet|tox
|move|p1a: Wobbuffet|Encore|p2a: Ollie
|-start|p2a: Ollie|Encore
|
|-start|p2a: Ollie|perish2
|-start|p1a: Wobbuffet|perish2
|-weather|RainDance|[upkeep]
|-damage|p1a: Wobbuffet|509\/542 tox|[from] psn
|-sideend|p1: ryzed|move: Light Screen
|turn|9
|
|move|p2a: Ollie|Toxic|p1a: Wobbuffet
|-fail|p1a: Wobbuffet|tox
|move|p1a: Wobbuffet|Safeguard|p1a: Wobbuffet
|-sidestart|p1: ryzed|Safeguard
|
|-start|p2a: Ollie|perish1
|-start|p1a: Wobbuffet|perish1
|-weather|RainDance|[upkeep]
|-damage|p1a: Wobbuffet|443\/542 tox|[from] psn
|-sideend|p2: Tower Tycoon Amir|move: Light Screen
|turn|10
|c|âTower Tycoon Amir|....
|
|switch|p1a: Gengar|Gengar, F|261\/261
|move|p2a: Ollie|Toxic|p1a: Gengar
|-fail|p1a: Gengar
|
|-start|p2a: Ollie|perish0
|-weather|RainDance|[upkeep]
|-sideend|p1: ryzed|Reflect
|faint|p2a: Ollie
|
|switch|p2a: Splash|Swampert, M|391\/391
|turn|11
|
|switch|p1a: Latios|Latios, M|364\/364 par
|detailschange|p2a: Splash|Swampert-Mega, M
|-mega|p2a: Splash|Swampert|Swampertite
|move|p2a: Splash|Waterfall|p1a: Latios
|-resisted|p1a: Latios
|-damage|p1a: Latios|211\/364 par
|
|-weather|RainDance|[upkeep]
|turn|12
|
|move|p2a: Splash|Waterfall|p1a: Latios
|-resisted|p1a: Latios
|-damage|p1a: Latios|50\/364 par
|move|p1a: Latios|Memento|p2a: Splash
|-unboost|p2a: Splash|atk|2
|-unboost|p2a: Splash|spa|2
|faint|p1a: Latios
|
|-weather|RainDance|[upkeep]
|
|switch|p1a: Scolipede|Scolipede, M|323\/323
|turn|13
|
|switch|p2a: Manaphy|Manaphy|404\/404
|move|p1a: Scolipede|Iron Defense|p1a: Scolipede
|-boost|p1a: Scolipede|def|2
|
|-weather|none
|-sideend|p1: ryzed|Safeguard
|-boost|p1a: Scolipede|spe|1|[from] ability: Speed Boost
|turn|14
|
|move|p1a: Scolipede|Baton Pass|p1a: Scolipede
|
|switch|p1a: Gengar|Gengar, F|261\/261
|move|p2a: Manaphy|Tail Glow|p2a: Manaphy
|-boost|p2a: Manaphy|spa|3
|
|turn|15
|
|move|p1a: Gengar|Sludge Wave|p2a: Manaphy
|-damage|p2a: Manaphy|170\/404
|-damage|p1a: Gengar|235\/261|[from] item: Life Orb
|move|p2a: Manaphy|Scald|p1a: Gengar
|-damage|p1a: Gengar|0 fnt
|faint|p1a: Gengar
|
|-heal|p2a: Manaphy|195\/404|[from] item: Leftovers
|
|switch|p1a: Wobbuffet|Wobbuffet, M|443\/542 tox
|turn|16
|
|move|p2a: Manaphy|Scald|p1a: Wobbuffet
|-damage|p1a: Wobbuffet|0 fnt
|faint|p1a: Wobbuffet
|
|-heal|p2a: Manaphy|220\/404|[from] item: Leftovers
|-message|ryzed forfeited.
|
|win|Tower Tycoon Amir
|raw|Ladder updating...
|leave|ryzed
|player|p1
|c|âTower Tycoon Amir|gg
|raw|ryzed's rating: 1633 &rarr; <strong>1605<\/strong><br \/>(-28 for losing)
|raw|Tower Tycoon Amir's rating: 1488 &rarr; <strong>1516<\/strong><br \/>(+28 for winning)