|join|manga team
|join|Ryzed
|join|MyLittleDick
|player|p1|manga team|185
|player|p2|Ryzed|165
|gametype|singles
|gen|6
|tier|OU
|clearpoke
|poke|p1|Rampardos, F
|poke|p1|Latias, F
|poke|p1|Ferrothorn, M
|poke|p1|Chandelure, F
|poke|p1|Tentacruel, F
|poke|p1|Bisharp, F
|poke|p2|Lopunny, F
|poke|p2|Skarmory, M
|poke|p2|Breloom, M
|poke|p2|Azumarill, M
|poke|p2|Bisharp, F
|poke|p2|Gengar, M
|rule|Swagger Clause: Swagger is banned
|rule|Baton Pass Clause: Limit one PokÃ©mon knowing Baton Pass
|rule|Sleep Clause Mod: Limit one foe put to sleep
|rule|Species Clause: Limit one of each PokÃ©mon
|rule|OHKO Clause: OHKO moves are banned
|rule|Moody Clause: Moody is banned
|rule|Evasion Moves Clause: Evasion moves are banned
|rule|Endless Battle Clause: Forcing endless battles is banned
|rule|HP Percentage Mod: HP is shown in percentages
|teampreview
|join|n1ggaftw
|leave|n1ggaftw
|leave|MyLittleDick
|
|start
|switch|p1a: Chandelure|Chandelure, F|261\/261
|switch|p2a: Skarmory|Skarmory, M|271\/271
|turn|1
|join|gigaimpactblissey
|c|âmanga team|ello bliss
|
|move|p1a: Chandelure|Fire Blast|p2a: Skarmory
|-supereffective|p2a: Skarmory
|-activate|p2a: Skarmory|Sturdy
|-damage|p2a: Skarmory|1\/271
|-enditem|p2a: Skarmory|Salac Berry|[eat]
|-boost|p2a: Skarmory|spe|1|[from] item: Salac Berry
|move|p2a: Skarmory|Stealth Rock|p1a: Chandelure
|-sidestart|p1: manga team|move: Stealth Rock
|
|turn|2
|
|move|p1a: Chandelure|Fire Blast|p2a: Skarmory
|-supereffective|p2a: Skarmory
|-damage|p2a: Skarmory|0 fnt
|faint|p2a: Skarmory
|
|
|switch|p2a: Azumarill|Azumarill, M|358\/358
|turn|3
|
|switch|p1a: Ferrothorn|Ferrothorn, M|351\/351
|-damage|p1a: Ferrothorn|330\/351|[from] Stealth Rock
|move|p2a: Azumarill|Belly Drum|p2a: Azumarill
|-damage|p2a: Azumarill|179\/358
|-setboost|p2a: Azumarill|atk|6|[from] move: Belly Drum
|-enditem|p2a: Azumarill|Sitrus Berry|[eat]
|-heal|p2a: Azumarill|268\/358|[from] item: Sitrus Berry
|
|turn|4
|c|âmanga team|oi
|
|move|p1a: Ferrothorn|Protect|p1a: Ferrothorn
|-singleturn|p1a: Ferrothorn|Protect
|move|p2a: Azumarill|Knock Off|p1a: Ferrothorn
|-activate|p1a: Ferrothorn|Protect
|
|turn|5
|
|move|p2a: Azumarill|Knock Off|p1a: Ferrothorn
|-damage|p1a: Ferrothorn|0 fnt
|-damage|p2a: Azumarill|224\/358|[from] ability: Iron Barbs|[of] p1a: Ferrothorn
|-damage|p2a: Azumarill|165\/358|[from] item: Rocky Helmet|[of] p1a: Ferrothorn
|-enditem|p1a: Ferrothorn|Rocky Helmet|[from] move: Knock Off|[of] p2a: Azumarill
|faint|p1a: Ferrothorn
|
|join|MaybeI'mMamoswine
|leave|MaybeI'mMamoswine
|
|switch|p1a: Tentacruel|Tentacruel, F|364\/364
|-damage|p1a: Tentacruel|319\/364|[from] Stealth Rock
|turn|6
|join|MaybeI'mMamoswine
|
|move|p1a: Tentacruel|Rapid Spin|p2a: Azumarill
|-damage|p2a: Azumarill|151\/358
|-sideend|p1: manga team|Stealth Rock|[from] move: Rapid Spin|[of] p1a: Tentacruel
|move|p2a: Azumarill|Knock Off|p1a: Tentacruel
|-damage|p1a: Tentacruel|0 fnt
|-enditem|p1a: Tentacruel|Leftovers|[from] move: Knock Off|[of] p2a: Azumarill
|faint|p1a: Tentacruel
|
|
|switch|p1a: Fuck Walls|Rampardos, F|335\/335
|-ability|p1a: Fuck Walls|Mold Breaker
|turn|7
|
|move|p2a: Azumarill|Aqua Jet|p1a: Fuck Walls
|-supereffective|p1a: Fuck Walls
|-enditem|p1a: Fuck Walls|Focus Sash
|-damage|p1a: Fuck Walls|1\/335
|move|p1a: Fuck Walls|Head Smash|p2a: Azumarill|[miss]
|-miss|p1a: Fuck Walls|p2a: Azumarill
|
|turn|8
|leave|MaybeI'mMamoswine
|c|âmanga team|welp
|c|âRyzed|sorry
|
|move|p2a: Azumarill|Aqua Jet|p1a: Fuck Walls
|-supereffective|p1a: Fuck Walls
|-damage|p1a: Fuck Walls|0 fnt
|faint|p1a: Fuck Walls
|
|
|switch|p1a: Get Nuked|Latias, F|301\/301
|turn|9
|
|detailschange|p1a: Get Nuked|Latias-Mega, F
|-mega|p1a: Get Nuked|Latias|Latiasite
|move|p2a: Azumarill|Aqua Jet|p1a: Get Nuked
|-resisted|p1a: Get Nuked
|-damage|p1a: Get Nuked|151\/301
|move|p1a: Get Nuked|Thunderbolt|p2a: Azumarill
|-crit|p2a: Azumarill
|-supereffective|p2a: Azumarill
|-damage|p2a: Azumarill|0 fnt
|faint|p2a: Azumarill
|
|c| gigaimpactblissey|...that did zero
|c| gigaimpactblissey|my god
|
|switch|p2a: Lopunny|Lopunny, F|272\/272
|turn|10
|c|âmanga team|wut you talking about?
|
|detailschange|p2a: Lopunny|Lopunny-Mega, F
|-mega|p2a: Lopunny|Lopunny|Lopunnite
|move|p2a: Lopunny|Fake Out|p1a: Get Nuked
|-damage|p1a: Get Nuked|91\/301
|cant|p1a: Get Nuked|flinch
|
|turn|11
|
|move|p2a: Lopunny|Return|p1a: Get Nuked
|-damage|p1a: Get Nuked|0 fnt
|faint|p1a: Get Nuked
|
|c|âmanga team|curse gamefreak
|c| gigaimpactblissey|normally you'd expect an azumarill at +6 to demolish things but that did less than half to mega latias
|c| gigaimpactblissey|so bulky
|c|âmanga team|not even a single point in speed given to the latis
|c|âmanga team|yas bulk
|
|switch|p1a: Chandelure|Chandelure, F|261\/261
|turn|12
|
|move|p1a: Chandelure|Fire Blast|p2a: Lopunny
|-damage|p2a: Lopunny|56\/272
|move|p2a: Lopunny|Return|p1a: Chandelure
|-damage|p1a: Chandelure|47\/261
|
|turn|13
|
|move|p1a: Chandelure|Fire Blast|p2a: Lopunny
|-damage|p2a: Lopunny|0 fnt
|faint|p2a: Lopunny
|
|
|switch|p2a: Bisharp|Bisharp, F|272\/272
|turn|14
|c|âmanga team|an adamant lopunny doesn't take out a chandelure
|c|âmanga team|weird
|c|âmanga team|wait nvm
|c|âmanga team|i dunno if its ada
|
|move|p2a: Bisharp|Sucker Punch|p1a: Chandelure
|-supereffective|p1a: Chandelure
|-damage|p1a: Chandelure|0 fnt
|faint|p1a: Chandelure
|
|
|switch|p1a: Bisharp|Bisharp, F|334\/334
|turn|15
|
|move|p2a: Bisharp|Knock Off|p1a: Bisharp
|-resisted|p1a: Bisharp
|-damage|p1a: Bisharp|242\/334
|-enditem|p1a: Bisharp|Leftovers|[from] move: Knock Off|[of] p2a: Bisharp
|move|p1a: Bisharp|Swords Dance|p1a: Bisharp
|-boost|p1a: Bisharp|atk|2
|
|turn|16
|
|move|p2a: Bisharp|Swords Dance|p2a: Bisharp
|-boost|p2a: Bisharp|atk|2
|move|p1a: Bisharp|Knock Off|p2a: Bisharp
|-resisted|p2a: Bisharp
|-damage|p2a: Bisharp|85\/272
|-enditem|p2a: Bisharp|Lum Berry|[from] move: Knock Off|[of] p1a: Bisharp
|
|turn|17
|
|move|p2a: Bisharp|Iron Head|p1a: Bisharp
|-resisted|p1a: Bisharp
|-damage|p1a: Bisharp|85\/334
|move|p1a: Bisharp|Knock Off|p2a: Bisharp
|-resisted|p2a: Bisharp
|-damage|p2a: Bisharp|0 fnt
|faint|p2a: Bisharp
|
|
|switch|p2a: Breloom|Breloom, M|261\/261
|turn|18
|
|move|p2a: Breloom|Mach Punch|p1a: Bisharp
|-supereffective|p1a: Bisharp
|-damage|p1a: Bisharp|0 fnt
|faint|p1a: Bisharp
|
|win|Ryzed
|c|âmanga team|gg
|c|âRyzed|gg