|join|ryzed
|join|flashyjoey
|player|p1|ryzed|165
|player|p2|flashyjoey|33
|gametype|singles
|gen|6
|tier|OU
|rated
|clearpoke
|poke|p1|Lopunny, M
|poke|p1|Skarmory, M
|poke|p1|Breloom, F
|poke|p1|Azumarill, M
|poke|p1|Bisharp, F
|poke|p1|Gengar, F
|poke|p2|Starmie
|poke|p2|Chesnaught, M
|poke|p2|Talonflame, M
|poke|p2|Excadrill, M
|poke|p2|Tyranitar, F
|poke|p2|Gardevoir, F
|rule|Swagger Clause: Swagger is banned
|rule|Baton Pass Clause: Limit one PokÃ©mon knowing Baton Pass
|rule|Sleep Clause Mod: Limit one foe put to sleep
|rule|Species Clause: Limit one of each PokÃ©mon
|rule|OHKO Clause: OHKO moves are banned
|rule|Moody Clause: Moody is banned
|rule|Evasion Moves Clause: Evasion moves are banned
|rule|Endless Battle Clause: Forcing endless battles is banned
|rule|HP Percentage Mod: HP is shown in percentages
|teampreview
|
|start
|switch|p1a: Skarmory|Skarmory, M|271\/271
|switch|p2a: Gardevoir|Gardevoir, F|293\/293
|-ability|p2a: Gardevoir|Sturdy|[from] ability: Trace|[of] p1a: Skarmory
|turn|1
|
|detailschange|p2a: Gardevoir|Gardevoir-Mega, F
|-mega|p2a: Gardevoir|Gardevoir|Gardevoirite
|move|p2a: Gardevoir|Hyper Voice|p1a: Skarmory
|-resisted|p1a: Skarmory
|-damage|p1a: Skarmory|109\/271
|move|p1a: Skarmory|Stealth Rock|p2a: Gardevoir
|-sidestart|p2: flashyjoey|move: Stealth Rock
|
|turn|2
|
|switch|p1a: Gengar|Gengar, F|261\/261
|move|p2a: Gardevoir|Hyper Voice|p1a: Gengar
|-crit|p1a: Gengar
|-resisted|p1a: Gengar
|-damage|p1a: Gengar|13\/261
|
|turn|3
|
|switch|p2a: Tyranitar|Tyranitar, F|341\/341
|-damage|p2a: Tyranitar|299\/341|[from] Stealth Rock
|-weather|Sandstorm
|move|p1a: Gengar|Focus Blast|p2a: Tyranitar
|-supereffective|p2a: Tyranitar
|-damage|p2a: Tyranitar|0 fnt
|-damage|p1a: Gengar|0 fnt|[from] item: Life Orb
|faint|p2a: Tyranitar
|faint|p1a: Gengar
|
|-weather|Sandstorm|[upkeep]
|
|switch|p2a: Starmie|Starmie|323\/323
|switch|p1a: Skarmory|Skarmory, M|109\/271
|-damage|p2a: Starmie|283\/323|[from] Stealth Rock
|turn|4
|
|move|p2a: Starmie|Rapid Spin|p1a: Skarmory
|-resisted|p1a: Skarmory
|-damage|p1a: Skarmory|105\/271
|-sideend|p2: flashyjoey|Stealth Rock|[from] move: Rapid Spin|[of] p2a: Starmie
|move|p1a: Skarmory|Stealth Rock|p2a: Starmie
|-sidestart|p2: flashyjoey|move: Stealth Rock
|
|-weather|Sandstorm|[upkeep]
|-damage|p2a: Starmie|263\/323|[from] sandstorm
|-heal|p2a: Starmie|283\/323|[from] item: Leftovers
|turn|5
|
|move|p2a: Starmie|Rapid Spin|p1a: Skarmory
|-resisted|p1a: Skarmory
|-damage|p1a: Skarmory|101\/271
|-sideend|p2: flashyjoey|Stealth Rock|[from] move: Rapid Spin|[of] p2a: Starmie
|move|p1a: Skarmory|Stealth Rock|p2a: Starmie
|-sidestart|p2: flashyjoey|move: Stealth Rock
|
|-weather|Sandstorm|[upkeep]
|-damage|p2a: Starmie|263\/323|[from] sandstorm
|-heal|p2a: Starmie|283\/323|[from] item: Leftovers
|turn|6
|
|move|p2a: Starmie|Scald|p1a: Skarmory
|-damage|p1a: Skarmory|0 fnt
|faint|p1a: Skarmory
|
|-weather|Sandstorm|[upkeep]
|-damage|p2a: Starmie|263\/323|[from] sandstorm
|-heal|p2a: Starmie|283\/323|[from] item: Leftovers
|
|switch|p1a: Lopunny|Lopunny, M|271\/271
|turn|7
|
|switch|p2a: Talonflame|Talonflame, M|351\/351
|-damage|p2a: Talonflame|176\/351|[from] Stealth Rock
|detailschange|p1a: Lopunny|Lopunny-Mega, M
|-mega|p1a: Lopunny|Lopunny|Lopunnite
|move|p1a: Lopunny|Fake Out|p2a: Talonflame
|-damage|p2a: Talonflame|83\/351
|
|-weather|Sandstorm|[upkeep]
|-damage|p1a: Lopunny|255\/271|[from] sandstorm
|-damage|p2a: Talonflame|62\/351|[from] sandstorm
|-heal|p2a: Talonflame|83\/351|[from] item: Leftovers
|turn|8
|
|move|p2a: Talonflame|Brave Bird|p1a: Lopunny
|-crit|p1a: Lopunny
|-supereffective|p1a: Lopunny
|-damage|p1a: Lopunny|0 fnt
|-damage|p2a: Talonflame|0 fnt|[from] recoil|[of] p1a: Lopunny
|faint|p1a: Lopunny
|faint|p2a: Talonflame
|
|-weather|Sandstorm|[upkeep]
|
|switch|p2a: Gardevoir|Gardevoir-Mega, F|293\/293
|switch|p1a: Bisharp|Bisharp, F|272\/272
|-damage|p2a: Gardevoir|257\/293|[from] Stealth Rock
|turn|9
|
|switch|p2a: Chesnaught|Chesnaught, M|379\/379
|-damage|p2a: Chesnaught|356\/379|[from] Stealth Rock
|move|p1a: Bisharp|Sucker Punch|p2a: Chesnaught
|-fail|p2a: Chesnaught
|
|-weather|Sandstorm|[upkeep]
|-damage|p2a: Chesnaught|333\/379|[from] sandstorm
|-heal|p2a: Chesnaught|356\/379|[from] item: Leftovers
|turn|10
|
|switch|p1a: Azumarill|Azumarill, M|360\/360
|move|p2a: Chesnaught|Drain Punch|p1a: Azumarill
|-resisted|p1a: Azumarill
|-damage|p1a: Azumarill|309\/360
|-heal|p2a: Chesnaught|379\/379|[from] drain|[of] p1a: Azumarill
|
|-weather|none
|turn|11
|
|move|p1a: Azumarill|Play Rough|p2a: Chesnaught
|-supereffective|p2a: Chesnaught
|-damage|p2a: Chesnaught|143\/379
|move|p2a: Chesnaught|Wood Hammer|p1a: Azumarill
|-crit|p1a: Azumarill
|-supereffective|p1a: Azumarill
|-damage|p1a: Azumarill|0 fnt
|-damage|p2a: Chesnaught|41\/379|[from] recoil|[of] p1a: Azumarill
|faint|p1a: Azumarill
|
|-heal|p2a: Chesnaught|64\/379|[from] item: Leftovers
|
|switch|p1a: Breloom|Breloom, F|261\/261
|turn|12
|
|move|p1a: Breloom|Mach Punch|p2a: Chesnaught
|-damage|p2a: Chesnaught|0 fnt
|faint|p2a: Chesnaught
|
|
|switch|p2a: Excadrill|Excadrill, M|361\/361
|-damage|p2a: Excadrill|350\/361|[from] Stealth Rock
|turn|13
|
|move|p2a: Excadrill|Iron Head|p1a: Breloom
|-damage|p1a: Breloom|19\/261
|-damage|p2a: Excadrill|314\/361|[from] item: Life Orb
|move|p1a: Breloom|Spore|p2a: Excadrill
|-status|p2a: Excadrill|slp
|
|turn|14
|
|switch|p1a: Bisharp|Bisharp, F|272\/272
|cant|p2a: Excadrill|slp
|
|turn|15
|
|cant|p2a: Excadrill|slp
|move|p1a: Bisharp|Swords Dance|p1a: Bisharp
|-boost|p1a: Bisharp|atk|2
|
|turn|16
|
|move|p1a: Bisharp|Sucker Punch|p2a: Excadrill
|-damage|p2a: Excadrill|0 fnt
|faint|p2a: Excadrill
|
|
|switch|p2a: Gardevoir|Gardevoir-Mega, F|257\/293
|-damage|p2a: Gardevoir|221\/293|[from] Stealth Rock
|turn|17
|c|âflashyjoey|gg
|
|move|p1a: Bisharp|Sucker Punch|p2a: Gardevoir
|-fail|p2a: Gardevoir
|move|p2a: Gardevoir|Substitute|p2a: Gardevoir
|-start|p2a: Gardevoir|Substitute
|-damage|p2a: Gardevoir|148\/293
|
|turn|18
|
|move|p2a: Gardevoir|Hyper Voice|p1a: Bisharp
|-damage|p1a: Bisharp|0 fnt
|faint|p1a: Bisharp
|
|c|âflashyjoey|yep
|-message|ryzed forfeited.
|
|win|flashyjoey
|raw|Ladder updating...
|c|âflashyjoey|gg
|raw|ryzed's rating: 1591 &rarr; <strong>1572<\/strong><br \/>(-19 for losing)
|raw|flashyjoey's rating: 1614 &rarr; <strong>1633<\/strong><br \/>(+19 for winning)
|leave|ryzed
|player|p1
|c|âflashyjoey|haha