|join|wish killer
|join|ryzed
wish killer made this room hidden.
|c|âryzed|lag
|player|p1|wish killer|1
|player|p2|ryzed|2
|gametype|singles
|gen|6
|tier|OU
|rated
|clearpoke
|poke|p1|Bisharp, M
|poke|p1|Venusaur, M
|poke|p1|Heatran, M
|poke|p1|Keldeo
|poke|p1|Chansey, F
|poke|p1|Skarmory, F
|poke|p2|Lopunny, M
|poke|p2|Skarmory, F
|poke|p2|Breloom, F
|poke|p2|Azumarill, F
|poke|p2|Bisharp, F
|poke|p2|Gengar, M
|rule|Swagger Clause: Swagger is banned
|rule|Baton Pass Clause: Limit one PokÃ©mon knowing Baton Pass
|rule|Sleep Clause Mod: Limit one foe put to sleep
|rule|Species Clause: Limit one of each PokÃ©mon
|rule|OHKO Clause: OHKO moves are banned
|rule|Moody Clause: Moody is banned
|rule|Evasion Moves Clause: Evasion moves are banned
|rule|Endless Battle Clause: Forcing endless battles is banned
|rule|HP Percentage Mod: HP is shown in percentages
|teampreview
|
|start
|switch|p1a: Keldeo|Keldeo|323\/323
|switch|p2a: Skarmory|Skarmory, F|271\/271
|turn|1
|
|move|p1a: Keldeo|Scald|p2a: Skarmory
|-damage|p2a: Skarmory|70\/271
|move|p2a: Skarmory|Stealth Rock|p1a: Keldeo
|-sidestart|p1: wish killer|move: Stealth Rock
|
|turn|2
|
|switch|p2a: Azumarill|Azumarill, F|358\/358
|move|p1a: Keldeo|Scald|p2a: Azumarill
|-resisted|p2a: Azumarill
|-damage|p2a: Azumarill|265\/358
|
|turn|3
|
|switch|p1a: Venusaur|Venusaur, M|364\/364
|-damage|p1a: Venusaur|319\/364|[from] Stealth Rock
|switch|p2a: Skarmory|Skarmory, F|70\/271
|
|turn|4
|
|detailschange|p1a: Venusaur|Venusaur-Mega, M
|-mega|p1a: Venusaur|Venusaur|Venusaurite
|move|p2a: Skarmory|Spikes|p1a: Venusaur
|-sidestart|p1: wish killer|Spikes
|move|p1a: Venusaur|Hidden Power|p2a: Skarmory
|-supereffective|p2a: Skarmory
|-damage|p2a: Skarmory|0 fnt
|faint|p2a: Skarmory
|
|
|switch|p2a: Gengar|Gengar, M|261\/261
|turn|5
|
|switch|p1a: Chansey|Chansey, F|684\/684
|-damage|p1a: Chansey|599\/684|[from] Stealth Rock
|-damage|p1a: Chansey|514\/684|[from] Spikes
|move|p2a: Gengar|Sludge Wave|p1a: Chansey
|-damage|p1a: Chansey|385\/684
|-damage|p2a: Gengar|235\/261|[from] item: Life Orb
|
|turn|6
|
|switch|p2a: Lopunny|Lopunny, M|271\/271
|move|p1a: Chansey|Soft-Boiled|p1a: Chansey
|-heal|p1a: Chansey|684\/684
|
|turn|7
|c|âryzed|hi jump kick ko's right
|c|âryzed|im too afraid of chanseys bulk
|c|âryzed|can u timer off pls im lagging a bit
|c|âryzed|jheez
|c|âryzed|such a tryhard
|c|âryzed|timer off pretty please?
|
|switch|p1a: Skarmory|Skarmory, F|334\/334
|-damage|p1a: Skarmory|293\/334|[from] Stealth Rock
|detailschange|p2a: Lopunny|Lopunny-Mega, M
|-mega|p2a: Lopunny|Lopunny|Lopunnite
|move|p2a: Lopunny|High Jump Kick|p1a: Skarmory
|-damage|p1a: Skarmory|134\/334
|-damage|p2a: Lopunny|226\/271|[from] item: Rocky Helmet|[of] p1a: Skarmory
|
|turn|8
|
|move|p2a: Lopunny|High Jump Kick|p1a: Skarmory
|-damage|p1a: Skarmory|0 fnt
|-damage|p2a: Lopunny|181\/271|[from] item: Rocky Helmet|[of] p1a: Skarmory
|faint|p1a: Skarmory
|
|
|switch|p1a: Venusaur|Venusaur-Mega, M|319\/364
|-damage|p1a: Venusaur|274\/364|[from] Spikes
|-damage|p1a: Venusaur|229\/364|[from] Stealth Rock
|turn|9
|
|move|p2a: Lopunny|Return|p1a: Venusaur
|-damage|p1a: Venusaur|102\/364
|move|p1a: Venusaur|Synthesis|p1a: Venusaur
|-heal|p1a: Venusaur|284\/364
|
|turn|10
|
|switch|p2a: Gengar|Gengar, M|235\/261
|move|p1a: Venusaur|Leech Seed|p2a: Gengar|[miss]
|-miss|p1a: Venusaur|p2a: Gengar
|
|turn|11
|
|switch|p1a: Chansey|Chansey, F|684\/684
|-damage|p1a: Chansey|599\/684|[from] Stealth Rock
|-damage|p1a: Chansey|514\/684|[from] Spikes
|move|p2a: Gengar|Taunt|p1a: Chansey
|-start|p1a: Chansey|move: Taunt
|
|turn|12
|
|move|p2a: Gengar|Focus Blast|p1a: Chansey|[miss]
|-miss|p2a: Gengar|p1a: Chansey
|move|p1a: Chansey|Seismic Toss|p2a: Gengar
|-immune|p2a: Gengar|[msg]
|
|turn|13
|
|move|p2a: Gengar|Focus Blast|p1a: Chansey
|-supereffective|p1a: Chansey
|-damage|p1a: Chansey|275\/684
|-damage|p2a: Gengar|209\/261|[from] item: Life Orb
|move|p1a: Chansey|Seismic Toss|p2a: Gengar
|-immune|p2a: Gengar|[msg]
|
|turn|14
|
|move|p2a: Gengar|Focus Blast|p1a: Chansey|[miss]
|-miss|p2a: Gengar|p1a: Chansey
|move|p1a: Chansey|Seismic Toss|p2a: Gengar
|-immune|p2a: Gengar|[msg]
|
|-end|p1a: Chansey|move: Taunt
|turn|15
|
|move|p2a: Gengar|Focus Blast|p1a: Chansey
|-supereffective|p1a: Chansey
|-damage|p1a: Chansey|72\/684
|-damage|p2a: Gengar|183\/261|[from] item: Life Orb
|move|p1a: Chansey|Thunder Wave|p2a: Gengar
|-status|p2a: Gengar|par
|
|turn|16
|c|âryzed|best lag ever
|
|switch|p2a: Breloom|Breloom, F|261\/261
|move|p1a: Chansey|Soft-Boiled|p1a: Chansey
|-heal|p1a: Chansey|414\/684
|
|turn|17
|
|move|p2a: Breloom|Spore|p1a: Chansey
|-status|p1a: Chansey|slp
|cant|p1a: Chansey|slp
|
|turn|18
|c|âryzed|whatever, you can have the win
|c|âryzed|if you want it so much
|c|âryzed|you know you wouldve lost
|c|âryzed|if it wasnt for the timer + lag
|-message|ryzed lost due to inactivity.
|
|switch|p2a: Bisharp|Bisharp, F|272\/272
|-curestatus|p1a: Chansey|slp
|move|p1a: Chansey|Thunder Wave|p2a: Bisharp
|-status|p2a: Bisharp|par
|
|turn|19
|-message|ryzed forfeited.
|leave|ryzed
|
|win|wish killer
|raw|Ladder updating...
|raw|wish killer's rating: 1846 &rarr; <strong>1856<\/strong><br \/>(+10 for winning)
|raw|ryzed's rating: 1657 &rarr; <strong>1647<\/strong><br \/>(-10 for losing)
|player|p2