|join|ryzed
|join|gameofkings
|player|p1|ryzed|165
|player|p2|gameofkings|102
|gametype|singles
|gen|6
|tier|OU
|rated
|clearpoke
|poke|p1|Lopunny, F
|poke|p1|Skarmory, M
|poke|p1|Breloom, F
|poke|p1|Azumarill, M
|poke|p1|Bisharp, M
|poke|p1|Gengar, F
|poke|p2|Medicham, M
|poke|p2|Chansey, F
|poke|p2|Thundurus, M
|poke|p2|Gothitelle, M
|poke|p2|Skarmory, F
|poke|p2|Latias, F
|rule|Swagger Clause: Swagger is banned
|rule|Baton Pass Clause: Limit one PokÃ©mon knowing Baton Pass
|rule|Sleep Clause Mod: Limit one foe put to sleep
|rule|Species Clause: Limit one of each PokÃ©mon
|rule|OHKO Clause: OHKO moves are banned
|rule|Moody Clause: Moody is banned
|rule|Evasion Moves Clause: Evasion moves are banned
|rule|Endless Battle Clause: Forcing endless battles is banned
|rule|HP Percentage Mod: HP is shown in percentages
|teampreview
|
|start
|switch|p1a: Skarmory|Skarmory, M|271\/271
|switch|p2a: Gothitelle|Gothitelle, M|281\/281
|turn|1
|
|move|p2a: Gothitelle|Trick|p1a: Skarmory
|-activate|p2a: Gothitelle|move: Trick|[of] p1a: Skarmory
|-item|p1a: Skarmory|Choice Scarf|[from] move: Trick
|-item|p2a: Gothitelle|Salac Berry|[from] move: Trick
|move|p1a: Skarmory|Brave Bird|p2a: Gothitelle
|-damage|p2a: Gothitelle|109\/281
|-damage|p1a: Skarmory|214\/271|[from] recoil|[of] p2a: Gothitelle
|
|turn|2
|
|switch|p2a: Thundurus|Thundurus, M|299\/299
|move|p1a: Skarmory|Brave Bird|p2a: Thundurus
|-resisted|p2a: Thundurus
|-damage|p2a: Thundurus|188\/299
|-damage|p1a: Skarmory|177\/271|[from] recoil|[of] p2a: Thundurus
|
|-heal|p2a: Thundurus|206\/299|[from] item: Leftovers
|turn|3
|
|move|p1a: Skarmory|Brave Bird|p2a: Thundurus
|-resisted|p2a: Thundurus
|-damage|p2a: Thundurus|105\/299
|-damage|p1a: Skarmory|144\/271|[from] recoil|[of] p2a: Thundurus
|move|p2a: Thundurus|Volt Switch|p1a: Skarmory
|-supereffective|p1a: Skarmory
|-damage|p1a: Skarmory|0 fnt
|faint|p1a: Skarmory
|
|switch|p2a: Latias|Latias, F|301\/301
|
|
|switch|p1a: Bisharp|Bisharp, M|272\/272
|turn|4
|
|move|p2a: Latias|Hidden Power|p1a: Bisharp
|-supereffective|p1a: Bisharp
|-damage|p1a: Bisharp|61\/272
|-damage|p2a: Latias|271\/301|[from] item: Life Orb
|move|p1a: Bisharp|Swords Dance|p1a: Bisharp
|-boost|p1a: Bisharp|atk|2
|
|turn|5
|
|switch|p2a: Gothitelle|Gothitelle, M|109\/281
|move|p1a: Bisharp|Knock Off|p2a: Gothitelle
|-supereffective|p2a: Gothitelle
|-damage|p2a: Gothitelle|0 fnt
|-enditem|p2a: Gothitelle|Salac Berry|[from] move: Knock Off|[of] p1a: Bisharp
|faint|p2a: Gothitelle
|
|
|switch|p2a: Skarmory|Skarmory, F|334\/334
|turn|6
|
|move|p2a: Skarmory|Stealth Rock|p1a: Bisharp
|-sidestart|p1: ryzed|move: Stealth Rock
|move|p1a: Bisharp|Knock Off|p2a: Skarmory
|-damage|p2a: Skarmory|43\/334
|-damage|p1a: Bisharp|16\/272|[from] item: Rocky Helmet|[of] p2a: Skarmory
|-enditem|p2a: Skarmory|Rocky Helmet|[from] move: Knock Off|[of] p1a: Bisharp
|
|turn|7
|
|move|p2a: Skarmory|Taunt|p1a: Bisharp
|-start|p1a: Bisharp|move: Taunt
|move|p1a: Bisharp|Knock Off|p2a: Skarmory
|-damage|p2a: Skarmory|0 fnt
|faint|p2a: Skarmory
|
|
|switch|p2a: Medicham|Medicham, M|261\/261
|turn|8
|
|detailschange|p2a: Medicham|Medicham-Mega, M
|-mega|p2a: Medicham|Medicham|Medichamite
|move|p1a: Bisharp|Sucker Punch|p2a: Medicham
|-fail|p2a: Medicham
|move|p2a: Medicham|Substitute|p2a: Medicham
|-start|p2a: Medicham|Substitute
|-damage|p2a: Medicham|196\/261
|
|turn|9
|
|move|p1a: Bisharp|Sucker Punch|p2a: Medicham
|-end|p2a: Medicham|Substitute
|move|p2a: Medicham|Drain Punch|p1a: Bisharp
|-supereffective|p1a: Bisharp
|-damage|p1a: Bisharp|0 fnt
|-heal|p2a: Medicham|204\/261|[from] drain|[of] p1a: Bisharp
|faint|p1a: Bisharp
|
|
|switch|p1a: Gengar|Gengar, F|261\/261
|-damage|p1a: Gengar|229\/261|[from] Stealth Rock
|turn|10
|
|switch|p2a: Chansey|Chansey, F|703\/703
|move|p1a: Gengar|Shadow Ball|p2a: Chansey
|-immune|p2a: Chansey|[msg]
|
|turn|11
|
|move|p1a: Gengar|Taunt|p2a: Chansey
|-start|p2a: Chansey|move: Taunt
|cant|p2a: Chansey|move: Taunt|Wish
|
|turn|12
|c|âryzed|nice counter teaming
|
|move|p1a: Gengar|Shadow Ball|p2a: Chansey
|-immune|p2a: Chansey|[msg]
|move|p2a: Chansey|Seismic Toss|p1a: Gengar
|-immune|p1a: Gengar|[msg]
|
|turn|13
|c|âgameofkings|u wot
|
|move|p1a: Gengar|Focus Blast|p2a: Chansey
|-supereffective|p2a: Chansey
|-damage|p2a: Chansey|472\/703
|-damage|p1a: Gengar|203\/261|[from] item: Life Orb
|move|p2a: Chansey|Seismic Toss|p1a: Gengar
|-immune|p1a: Gengar|[msg]
|
|-end|p2a: Chansey|move: Taunt
|turn|14
|
|switch|p2a: Thundurus|Thundurus, M|105\/299
|move|p1a: Gengar|Taunt|p2a: Thundurus
|-start|p2a: Thundurus|move: Taunt
|
|-heal|p2a: Thundurus|123\/299|[from] item: Leftovers
|turn|15
|
|move|p2a: Thundurus|Volt Switch|p1a: Gengar
|-damage|p1a: Gengar|38\/261
|
|switch|p2a: Chansey|Chansey, F|472\/703
|move|p1a: Gengar|Shadow Ball|p2a: Chansey
|-immune|p2a: Chansey|[msg]
|
|turn|16
|
|move|p1a: Gengar|Taunt|p2a: Chansey
|-start|p2a: Chansey|move: Taunt
|cant|p2a: Chansey|move: Taunt|Thunder Wave
|
|turn|17
|
|move|p1a: Gengar|Sludge Wave|p2a: Chansey
|-damage|p2a: Chansey|319\/703
|-damage|p1a: Gengar|12\/261|[from] item: Life Orb
|move|p2a: Chansey|Seismic Toss|p1a: Gengar
|-immune|p1a: Gengar|[msg]
|
|turn|18
|
|move|p1a: Gengar|Focus Blast|p2a: Chansey
|-supereffective|p2a: Chansey
|-damage|p2a: Chansey|77\/703
|-damage|p1a: Gengar|0 fnt|[from] item: Life Orb
|faint|p1a: Gengar
|move|p2a: Chansey|Seismic Toss|p1: Gengar|[notarget]
|-notarget
|
|-end|p2a: Chansey|move: Taunt
|
|switch|p1a: Azumarill|Azumarill, M|360\/360
|-damage|p1a: Azumarill|315\/360|[from] Stealth Rock
|turn|19
|
|move|p1a: Azumarill|Aqua Jet|p2a: Chansey
|-damage|p2a: Chansey|0 fnt
|faint|p2a: Chansey
|
|
|switch|p2a: Thundurus|Thundurus, M|123\/299
|turn|20
|
|move|p1a: Azumarill|Aqua Jet|p2a: Thundurus
|-damage|p2a: Thundurus|5\/299
|move|p2a: Thundurus|Volt Switch|p1a: Azumarill
|-supereffective|p1a: Azumarill
|-damage|p1a: Azumarill|9\/360
|
|switch|p2a: Latias|Latias, F|271\/301
|-enditem|p1a: Azumarill|Sitrus Berry|[eat]
|-heal|p1a: Azumarill|99\/360|[from] item: Sitrus Berry
|
|turn|21
|
|move|p2a: Latias|Psyshock|p1a: Azumarill
|-damage|p1a: Azumarill|0 fnt
|-damage|p2a: Latias|241\/301|[from] item: Life Orb
|faint|p1a: Azumarill
|
|
|switch|p1a: Lopunny|Lopunny, F|271\/271
|-damage|p1a: Lopunny|238\/271|[from] Stealth Rock
|turn|22
|
|detailschange|p1a: Lopunny|Lopunny-Mega, F
|-mega|p1a: Lopunny|Lopunny|Lopunnite
|move|p1a: Lopunny|Fake Out|p2a: Latias
|-damage|p2a: Latias|165\/301
|cant|p2a: Latias|flinch
|
|turn|23
|
|move|p1a: Lopunny|Return|p2a: Latias
|-damage|p2a: Latias|0 fnt
|faint|p2a: Latias
|
|
|switch|p2a: Thundurus|Thundurus, M|5\/299
|turn|24
|
|switch|p1a: Breloom|Breloom, F|261\/261
|-damage|p1a: Breloom|245\/261|[from] Stealth Rock
|move|p2a: Thundurus|Thunder Wave|p1a: Breloom
|-status|p1a: Breloom|par
|
|-heal|p2a: Thundurus|23\/299|[from] item: Leftovers
|turn|25
|
|move|p2a: Thundurus|Hidden Power|p1a: Breloom
|-supereffective|p1a: Breloom
|-damage|p1a: Breloom|21\/261 par
|move|p1a: Breloom|Spore|p2a: Thundurus
|-status|p2a: Thundurus|slp
|
|-heal|p2a: Thundurus|41\/299 slp|[from] item: Leftovers
|turn|26
|
|cant|p2a: Thundurus|slp
|move|p1a: Breloom|Bullet Seed|p2a: Thundurus
|-resisted|p2a: Thundurus
|-damage|p2a: Thundurus|0 fnt
|-hitcount|p2a: Thundurus|1
|faint|p2a: Thundurus
|
|
|switch|p2a: Medicham|Medicham-Mega, M|204\/261
|turn|27
|
|switch|p1a: Lopunny|Lopunny-Mega, F|238\/271
|-damage|p1a: Lopunny|222\/271|[from] Stealth Rock
|move|p2a: Medicham|Substitute|p2a: Medicham
|-start|p2a: Medicham|Substitute
|-damage|p2a: Medicham|139\/261
|
|turn|28
|
|move|p1a: Lopunny|Fake Out|p2a: Medicham
|-end|p2a: Medicham|Substitute
|move|p2a: Medicham|Drain Punch|p1a: Lopunny
|-crit|p1a: Lopunny
|-supereffective|p1a: Lopunny
|-damage|p1a: Lopunny|0 fnt
|-heal|p2a: Medicham|250\/261|[from] drain|[of] p1a: Lopunny
|faint|p1a: Lopunny
|
|-message|ryzed forfeited.
|
|win|gameofkings
|raw|Ladder updating...
|leave|ryzed
|player|p1
|raw|ryzed's rating: 1606 &rarr; <strong>1581<\/strong><br \/>(-25 for losing)
|raw|gameofkings's rating: 1523 &rarr; <strong>1547<\/strong><br \/>(+24 for winning)
|c|âgameofkings|ty for free points