|join|Ryzed
|join|mandibuzz 4 ubers
|player|p1|Ryzed|102
|player|p2|mandibuzz 4 ubers|52
|gametype|singles
|tier|Pokebank OU (beta)
|rated
|clearpoke
|poke|p1|Slowbro, M
|poke|p1|Tornadus-Therian, M
|poke|p1|Venusaur, F
|poke|p1|Heatran, M
|poke|p1|Skarmory, F
|poke|p1|Chansey, F
|poke|p2|Thundurus-Therian, M
|poke|p2|Scizor, M
|poke|p2|Cobalion
|poke|p2|Gardevoir, F, shiny
|poke|p2|Landorus-Therian, M
|poke|p2|Mandibuzz, F
|rule|Sleep Clause Mod: Limit one foe put to sleep
|rule|Species Clause: Limit one of each Pokemon
|rule|Moody Clause: Moody is banned
|rule|OHKO Clause: OHKO moves are banned
|rule|Evasion Moves Clause: Evasion moves are banned
|rule|HP Percentage Mod: HP is reported as percentages
|teampreview
|callback|decision
|
|start
|switch|p1a: Tornadus-Therian|Tornadus-Therian, M|299\/299
|switch|p2a: Landorus-Therian|Landorus-Therian, M|382\/382
|-ability|p2a: Landorus-Therian|Intimidate|[of] p1a: Tornadus-Therian
|-unboost|p1a: Tornadus-Therian|atk|1
|turn|1
|callback|decision
|
|move|p1a: Tornadus-Therian|Knock Off|p2a: Landorus-Therian
|-crit|p2a: Landorus-Therian
|-damage|p2a: Landorus-Therian|264\/382
|-enditem|p2a: Landorus-Therian|Leftovers|[from] move: Knock Off|[of] p1a: Tornadus-Therian
|move|p2a: Landorus-Therian|Stealth Rock|p1a: Tornadus-Therian
|-sidestart|p1: Ryzed|move: Stealth Rock
|
|turn|2
|callback|decision
|
|move|p1a: Tornadus-Therian|U-turn|p2a: Landorus-Therian
|-resisted|p2a: Landorus-Therian
|-damage|p2a: Landorus-Therian|247\/382
|callback|decision
|
|switch|p1a: Skarmory|Skarmory, F|334\/334
|-damage|p1a: Skarmory|293\/334|[from] Stealth Rock
|move|p2a: Landorus-Therian|Knock Off|p1a: Skarmory
|-damage|p1a: Skarmory|235\/334
|-damage|p2a: Landorus-Therian|184\/382|[from] item: Rocky Helmet|[of] p1a: Skarmory
|-enditem|p1a: Skarmory|Rocky Helmet|[from] move: Knock Off|[of] p2a: Landorus-Therian
|
|turn|3
|callback|decision
|
|switch|p2a: Thundurus-Therian|Thundurus-Therian, M|300\/300
|move|p1a: Skarmory|Defog|p2a: Thundurus-Therian
|-unboost|p2a: Thundurus-Therian|evasion|1
|-sideend|p1: Ryzed|Stealth Rock|[from] move: Defog|[of] p1a: Skarmory
|
|turn|4
|callback|decision
|
|switch|p1a: Chansey|Chansey, F|704\/704
|move|p2a: Thundurus-Therian|Thunderbolt|p1a: Chansey
|-crit|p1a: Chansey
|-damage|p1a: Chansey|439\/704
|
|turn|5
|callback|decision
|
|switch|p2a: Landorus-Therian|Landorus-Therian, M|184\/382
|-ability|p2a: Landorus-Therian|Intimidate|[of] p1a: Chansey
|-unboost|p1a: Chansey|atk|1
|move|p1a: Chansey|Soft-Boiled|p1a: Chansey
|-heal|p1a: Chansey|704\/704
|
|turn|6
|callback|decision
|
|switch|p1a: Skarmory|Skarmory, F|235\/334
|move|p2a: Landorus-Therian|Stealth Rock|p1a: Skarmory
|-sidestart|p1: Ryzed|move: Stealth Rock
|
|turn|7
|callback|decision
|
|move|p2a: Landorus-Therian|U-turn|p1a: Skarmory
|-resisted|p1a: Skarmory
|-damage|p1a: Skarmory|224\/334
|callback|decision
|
|switch|p2a: Cobalion|Cobalion|323\/323
|move|p1a: Skarmory|Defog|p2a: Cobalion
|-unboost|p2a: Cobalion|evasion|1
|-sideend|p1: Ryzed|Stealth Rock|[from] move: Defog|[of] p1a: Skarmory
|
|turn|8
|callback|decision
|
|move|p2a: Cobalion|Volt Switch|p1a: Skarmory
|-supereffective|p1a: Skarmory
|-damage|p1a: Skarmory|94\/334
|callback|decision
|
|switch|p2a: Thundurus-Therian|Thundurus-Therian, M|300\/300
|move|p1a: Skarmory|Roost|p1a: Skarmory
|-heal|p1a: Skarmory|261\/334
|
|turn|9
|callback|decision
|
|switch|p1a: Chansey|Chansey, F|704\/704
|move|p2a: Thundurus-Therian|Focus Blast|p1a: Chansey|[miss]
|-miss|p2a: Thundurus-Therian|p1a: Chansey
|
|turn|10
|callback|decision
|
|switch|p2a: Cobalion|Cobalion|323\/323
|move|p1a: Chansey|Toxic|p2a: Cobalion
|-fail|p2a: Cobalion
|
|turn|11
|callback|decision
|
|switch|p1a: Venusaur|Venusaur, F|364\/364
|move|p2a: Cobalion|Volt Switch|p1a: Venusaur
|-resisted|p1a: Venusaur
|-damage|p1a: Venusaur|344\/364
|callback|decision
|
|switch|p2a: Scizor|Scizor, M|344\/344
|
|turn|12
|callback|decision
|
|-formechange|p1a: Venusaur|Venusaur-Mega
|message|Venusaur has Mega Evolved into Mega Venusaur!
|move|p1a: Venusaur|Earthquake|p2a: Scizor
|-damage|p2a: Scizor|268\/344
|move|p2a: Scizor|U-turn|p1a: Venusaur
|-damage|p1a: Venusaur|196\/364
|callback|decision
|
|switch|p2a: Landorus-Therian|Landorus-Therian, M|184\/382
|-ability|p2a: Landorus-Therian|Intimidate|[of] p1a: Venusaur
|-unboost|p1a: Venusaur|atk|1
|
|turn|13
|callback|decision
|
|switch|p1a: Skarmory|Skarmory, F|261\/334
|move|p2a: Landorus-Therian|U-turn|p1a: Skarmory
|-resisted|p1a: Skarmory
|-damage|p1a: Skarmory|251\/334
|callback|decision
|
|switch|p2a: Thundurus-Therian|Thundurus-Therian, M|300\/300
|
|turn|14
|callback|decision
|
|switch|p1a: Chansey|Chansey, F|704\/704
|move|p2a: Thundurus-Therian|Thunderbolt|p1a: Chansey
|-damage|p1a: Chansey|542\/704
|
|turn|15
|callback|decision
|
|switch|p2a: Cobalion|Cobalion|323\/323
|move|p1a: Chansey|Wish|p1a: Chansey
|
|turn|16
|callback|decision
|
|move|p2a: Cobalion|Close Combat|p1a: Chansey
|-supereffective|p1a: Chansey
|-damage|p1a: Chansey|90\/704
|-unboost|p2a: Cobalion|def|1
|-unboost|p2a: Cobalion|spd|1
|move|p1a: Chansey|Toxic|p2a: Cobalion
|-fail|p2a: Cobalion
|
|-heal|p1a: Chansey|442\/704|[from] move: Wish|[wisher] Chansey
|turn|17
|callback|decision
|chat|Ryzed|l0l what a fuckwit
|chat|Ryzed|overprediciting versus baddies
|
|switch|p1a: Venusaur|Venusaur, F|196\/364
|-formechange|p1a: Venusaur|Venusaur-Mega
|move|p2a: Cobalion|Volt Switch|p1a: Venusaur
|-resisted|p1a: Venusaur
|-damage|p1a: Venusaur|178\/364
|callback|decision
|
|switch|p2a: Scizor|Scizor, M|268\/344
|
|turn|18
|callback|decision
|
|move|p1a: Venusaur|Synthesis|p1a: Venusaur
|-heal|p1a: Venusaur|360\/364
|move|p2a: Scizor|U-turn|p1a: Venusaur
|-damage|p1a: Venusaur|222\/364
|callback|decision
|
|switch|p2a: Gardevoir|Gardevoir, F, shiny|278\/278
|-ability|p2a: Gardevoir|Thick Fat|[from] ability: Trace|[of] p1a: Venusaur
|
|turn|19
|callback|decision
|
|switch|p1a: Chansey|Chansey, F|442\/704
|-formechange|p2a: Gardevoir|Gardevoir-Mega
|message|Gardevoir has Mega Evolved into Mega Gardevoir!
|move|p2a: Gardevoir|Psyshock|p1a: Chansey
|-damage|p1a: Chansey|219\/704
|
|turn|20
|callback|decision
|
|switch|p2a: Scizor|Scizor, M|268\/344
|move|p1a: Chansey|Soft-Boiled|p1a: Chansey
|-heal|p1a: Chansey|571\/704
|
|turn|21
|callback|decision
|
|move|p2a: Scizor|Superpower|p1a: Chansey
|-supereffective|p1a: Chansey
|-damage|p1a: Chansey|0 fnt
|-unboost|p2a: Scizor|atk|1
|-unboost|p2a: Scizor|def|1
|faint|p1a: Chansey
|
|callback|decision
|
|switch|p1a: Heatran|Heatran, M|385\/385
|turn|22
|callback|decision
|chat|Ryzed|such a boring game
|
|switch|p2a: Mandibuzz|Mandibuzz, F|424\/424
|move|p1a: Heatran|Stealth Rock|p2a: Mandibuzz
|-sidestart|p2: mandibuzz 4 ubers|move: Stealth Rock
|
|turn|23
|callback|decision
|chat|Ryzed|u turn volt turn on every member lma0 what a noob
|
|move|p2a: Mandibuzz|Defog|p1a: Heatran
|-unboost|p1a: Heatran|evasion|1
|-sideend|p2: mandibuzz 4 ubers|Stealth Rock|[from] move: Defog|[of] p2a: Mandibuzz
|move|p1a: Heatran|Lava Plume|p2a: Mandibuzz
|-damage|p2a: Mandibuzz|334\/424
|
|-heal|p2a: Mandibuzz|360\/424|[from] item: Leftovers
|turn|24
|callback|decision
|
|move|p2a: Mandibuzz|Foul Play|p1a: Heatran
|-damage|p1a: Heatran|310\/385
|move|p1a: Heatran|Lava Plume|p2a: Mandibuzz
|-damage|p2a: Mandibuzz|273\/424
|
|-heal|p2a: Mandibuzz|299\/424|[from] item: Leftovers
|-heal|p1a: Heatran|334\/385|[from] item: Leftovers
|turn|25
|callback|decision
|
|move|p2a: Mandibuzz|U-turn|p1a: Heatran
|-resisted|p1a: Heatran
|-damage|p1a: Heatran|324\/385
|callback|decision
|
|switch|p2a: Thundurus-Therian|Thundurus-Therian, M|300\/300
|move|p1a: Heatran|Stealth Rock|p2a: Thundurus-Therian
|-sidestart|p2: mandibuzz 4 ubers|move: Stealth Rock
|
|-heal|p1a: Heatran|348\/385|[from] item: Leftovers
|turn|26
|callback|decision
|
|switch|p1a: Venusaur|Venusaur, F|222\/364
|-formechange|p1a: Venusaur|Venusaur-Mega
|move|p2a: Thundurus-Therian|Thunderbolt|p1a: Venusaur
|-resisted|p1a: Venusaur
|-damage|p1a: Venusaur|135\/364
|-status|p1a: Venusaur|par
|
|turn|27
|callback|decision
|
|switch|p2a: Mandibuzz|Mandibuzz, F|299\/424
|-damage|p2a: Mandibuzz|193\/424|[from] Stealth Rock
|cant|p1a: Venusaur|par
|
|-heal|p2a: Mandibuzz|219\/424|[from] item: Leftovers
|turn|28
|callback|decision
|chat|Ryzed|luck of noobs
|chat|Ryzed|rofl
|chat|Ryzed|pathetic
|
|move|p2a: Mandibuzz|Roost|p2a: Mandibuzz
|-heal|p2a: Mandibuzz|424\/424
|move|p1a: Venusaur|Synthesis|p1a: Venusaur
|-heal|p1a: Venusaur|317\/364 par
|
|turn|29
|callback|decision
|
|switch|p1a: Heatran|Heatran, M|348\/385
|move|p2a: Mandibuzz|Defog|p1a: Heatran
|-unboost|p1a: Heatran|evasion|1
|-sideend|p2: mandibuzz 4 ubers|Stealth Rock|[from] move: Defog|[of] p2a: Mandibuzz
|
|-heal|p1a: Heatran|372\/385|[from] item: Leftovers
|turn|30
|callback|decision
|
|move|p2a: Mandibuzz|U-turn|p1a: Heatran
|-crit|p1a: Heatran
|-resisted|p1a: Heatran
|-damage|p1a: Heatran|357\/385
|callback|decision
|
|switch|p2a: Landorus-Therian|Landorus-Therian, M|184\/382
|-ability|p2a: Landorus-Therian|Intimidate|[of] p1a: Heatran
|-unboost|p1a: Heatran|atk|1
|move|p1a: Heatran|Stealth Rock|p2a: Landorus-Therian
|-sidestart|p2: mandibuzz 4 ubers|move: Stealth Rock
|
|-heal|p1a: Heatran|381\/385|[from] item: Leftovers
|turn|31
|callback|decision
|
|move|p2a: Landorus-Therian|Knock Off|p1a: Heatran
|-damage|p1a: Heatran|279\/385
|-enditem|p1a: Heatran|Leftovers|[from] move: Knock Off|[of] p2a: Landorus-Therian
|move|p1a: Heatran|Roar|p2a: Landorus-Therian
|drag|p2a: Gardevoir|Gardevoir, F, shiny|278\/278
|-formechange|p2a: Gardevoir|Gardevoir-Mega
|-damage|p2a: Gardevoir|244\/278|[from] Stealth Rock
|
|turn|32
|callback|decision
|
|switch|p2a: Mandibuzz|Mandibuzz, F|424\/424
|-damage|p2a: Mandibuzz|318\/424|[from] Stealth Rock
|move|p1a: Heatran|Lava Plume|p2a: Mandibuzz
|-damage|p2a: Mandibuzz|225\/424
|
|-heal|p2a: Mandibuzz|251\/424|[from] item: Leftovers
|turn|33
|callback|decision
|
|move|p2a: Mandibuzz|Defog|p1a: Heatran
|-unboost|p1a: Heatran|evasion|1
|-sideend|p2: mandibuzz 4 ubers|Stealth Rock|[from] move: Defog|[of] p2a: Mandibuzz
|move|p1a: Heatran|Lava Plume|p2a: Mandibuzz
|-damage|p2a: Mandibuzz|170\/424
|
|-heal|p2a: Mandibuzz|196\/424|[from] item: Leftovers
|turn|34
|callback|decision
|
|move|p2a: Mandibuzz|Roost|p2a: Mandibuzz
|-heal|p2a: Mandibuzz|408\/424
|move|p1a: Heatran|Lava Plume|p2a: Mandibuzz
|-damage|p2a: Mandibuzz|315\/424
|-status|p2a: Mandibuzz|brn
|
|-heal|p2a: Mandibuzz|341\/424 brn|[from] item: Leftovers
|-damage|p2a: Mandibuzz|288\/424 brn|[from] brn
|turn|35
|callback|decision
|
|switch|p2a: Thundurus-Therian|Thundurus-Therian, M|300\/300
|move|p1a: Heatran|Stealth Rock|p2a: Thundurus-Therian
|-sidestart|p2: mandibuzz 4 ubers|move: Stealth Rock
|
|turn|36
|callback|decision
|
|move|p2a: Thundurus-Therian|Focus Blast|p1a: Heatran
|-crit|p1a: Heatran
|-supereffective|p1a: Heatran
|-damage|p1a: Heatran|0 fnt
|faint|p1a: Heatran
|
|callback|decision
|
|switch|p1a: Tornadus-Therian|Tornadus-Therian, M|299\/299
|turn|37
|callback|decision
|
|switch|p2a: Landorus-Therian|Landorus-Therian, M|184\/382
|-damage|p2a: Landorus-Therian|137\/382|[from] Stealth Rock
|-ability|p2a: Landorus-Therian|Intimidate|[of] p1a: Tornadus-Therian
|-unboost|p1a: Tornadus-Therian|atk|1
|move|p1a: Tornadus-Therian|Knock Off|p2a: Landorus-Therian
|-damage|p2a: Landorus-Therian|105\/382
|
|turn|38
|callback|decision
|
|move|p1a: Tornadus-Therian|Air Slash|p2a: Landorus-Therian
|-crit|p2a: Landorus-Therian
|-damage|p2a: Landorus-Therian|0 fnt
|faint|p2a: Landorus-Therian
|
|callback|decision
|
|switch|p2a: Mandibuzz|Mandibuzz, F|288\/424 brn
|-damage|p2a: Mandibuzz|182\/424 brn|[from] Stealth Rock
|turn|39
|callback|decision
|
|move|p1a: Tornadus-Therian|Knock Off|p2a: Mandibuzz
|-resisted|p2a: Mandibuzz
|-damage|p2a: Mandibuzz|153\/424 brn
|-enditem|p2a: Mandibuzz|Leftovers|[from] move: Knock Off|[of] p1a: Tornadus-Therian
|move|p2a: Mandibuzz|Defog|p1a: Tornadus-Therian
|-unboost|p1a: Tornadus-Therian|evasion|1
|-sideend|p2: mandibuzz 4 ubers|Stealth Rock|[from] move: Defog|[of] p2a: Mandibuzz
|
|-damage|p2a: Mandibuzz|100\/424 brn|[from] brn
|turn|40
|callback|decision
|
|move|p1a: Tornadus-Therian|Air Slash|p2a: Mandibuzz
|-damage|p2a: Mandibuzz|36\/424 brn
|move|p2a: Mandibuzz|Roost|p2a: Mandibuzz
|-heal|p2a: Mandibuzz|248\/424 brn
|
|-damage|p2a: Mandibuzz|195\/424 brn|[from] brn
|turn|41
|callback|decision
|
|move|p1a: Tornadus-Therian|Air Slash|p2a: Mandibuzz
|-damage|p2a: Mandibuzz|135\/424 brn
|move|p2a: Mandibuzz|Roost|p2a: Mandibuzz
|-heal|p2a: Mandibuzz|347\/424 brn
|
|-damage|p2a: Mandibuzz|294\/424 brn|[from] brn
|turn|42
|callback|decision
|
|move|p1a: Tornadus-Therian|Air Slash|p2a: Mandibuzz
|-damage|p2a: Mandibuzz|228\/424 brn
|move|p2a: Mandibuzz|U-turn|p1a: Tornadus-Therian
|-resisted|p1a: Tornadus-Therian
|-damage|p1a: Tornadus-Therian|288\/299
|callback|decision
|
|switch|p2a: Thundurus-Therian|Thundurus-Therian, M|300\/300
|
|turn|43
|callback|decision
|
|switch|p1a: Venusaur|Venusaur, F|317\/364 par
|-formechange|p1a: Venusaur|Venusaur-Mega
|move|p2a: Thundurus-Therian|Thunderbolt|p1a: Venusaur
|-resisted|p1a: Venusaur
|-damage|p1a: Venusaur|227\/364 par
|
|turn|44
|callback|decision
|
|switch|p2a: Scizor|Scizor, M|268\/344
|move|p1a: Venusaur|Synthesis|p1a: Venusaur
|-heal|p1a: Venusaur|364\/364 par
|
|turn|45
|callback|decision
|
|switch|p1a: Skarmory|Skarmory, F|251\/334
|move|p2a: Scizor|U-turn|p1a: Skarmory
|-resisted|p1a: Skarmory
|-damage|p1a: Skarmory|220\/334
|callback|decision
|
|switch|p2a: Gardevoir|Gardevoir, F, shiny|244\/278
|-formechange|p2a: Gardevoir|Gardevoir-Mega
|
|turn|46
|callback|decision
|
|switch|p1a: Slowbro|Slowbro, M|393\/393
|move|p2a: Gardevoir|Calm Mind|p2a: Gardevoir
|-boost|p2a: Gardevoir|spa|1
|-boost|p2a: Gardevoir|spd|1
|
|turn|47
|callback|decision
|
|move|p2a: Gardevoir|Shadow Ball|p1a: Slowbro
|-supereffective|p1a: Slowbro
|-damage|p1a: Slowbro|149\/393
|move|p1a: Slowbro|Scald|p2a: Gardevoir
|-damage|p2a: Gardevoir|198\/278
|
|turn|48
|callback|decision
|
|switch|p1a: Tornadus-Therian|Tornadus-Therian, M|299\/299
|move|p2a: Gardevoir|Shadow Ball|p1a: Tornadus-Therian
|-damage|p1a: Tornadus-Therian|186\/299
|
|turn|49
|callback|decision
|
|move|p1a: Tornadus-Therian|Knock Off|p2a: Gardevoir
|-damage|p2a: Gardevoir|111\/278
|move|p2a: Gardevoir|Hyper Voice|p1a: Tornadus-Therian
|-damage|p1a: Tornadus-Therian|0 fnt
|faint|p1a: Tornadus-Therian
|
|callback|decision
|chat|Ryzed|what a trashcan
|-message|Ryzed forfeited.
|leave|Ryzed
|
|win|mandibuzz 4 ubers
|raw|Ladder updating...
|player|p1
|raw|Ryzed's rating: 1687 &rarr; <strong>1666<\/strong><br \/>(-21 for losing)
|raw|mandibuzz 4 ubers's rating: 1696 &rarr; <strong>1708<\/strong><br \/>(+12 for winning)