|join|Ryzed
|join|koolkat572
|player|p1|Ryzed|102
|player|p2|koolkat572|172
|gametype|singles
|tier|Pokebank OU (beta)
|rated
|clearpoke
|poke|p1|Scizor, M
|poke|p1|Heatran, M
|poke|p1|Rotom-Wash
|poke|p1|Tyranitar, M
|poke|p1|Excadrill, M
|poke|p1|Keldeo
|poke|p2|Genesect, shiny
|poke|p2|Skarmory, F
|poke|p2|Dragonite, M
|poke|p2|Gliscor, M
|poke|p2|Lucario, F
|poke|p2|Thundurus-Therian, M
|rule|Sleep Clause Mod: Limit one foe put to sleep
|rule|Species Clause: Limit one of each Pokemon
|rule|Moody Clause: Moody is banned
|rule|OHKO Clause: OHKO moves are banned
|rule|Evasion Moves Clause: Evasion moves are banned
|rule|HP Percentage Mod: HP is reported as percentages
|teampreview
|callback|decision
|
|start
|switch|p1a: Rotom-Wash|Rotom-Wash|299\/299
|switch|p2a: Thundurus-Therian|Thundurus-Therian, M|300\/300
|turn|1
|callback|decision
|
|move|p2a: Thundurus-Therian|Volt Switch|p1a: Rotom-Wash
|-damage|p1a: Rotom-Wash|178\/299
|callback|decision
|
|switch|p2a: Gliscor|Gliscor, M|354\/354
|move|p1a: Rotom-Wash|Will-O-Wisp|p2a: Gliscor
|-status|p2a: Gliscor|brn
|
|-heal|p1a: Rotom-Wash|196\/299|[from] item: Leftovers
|-damage|p2a: Gliscor|310\/354 brn|[from] brn
|turn|2
|callback|decision
|chat|Ryzed|ZZZZZZZZZZZZZZZZZZZZ
|chat|koolkat572|lol
|chat|Ryzed|what a moron
|chat|Ryzed|why would i volt turn
|chat|Ryzed|you have volt absorb
|chat|Ryzed|gosh
|chat|Ryzed|the only other option was hydro pump
|chat|koolkat572|That's not what the goal was. moron.
|chat|Ryzed|why would you switch gliscor
|chat|Ryzed|lmfao
|chat|Ryzed|this guy so dumb
|chat|koolkat572|I was afraid of the choice scarf.
|chat|koolkat572|You didn't move first. I knew you didn't have it.
|chat|Ryzed|kkkkkk because i was gonna volt turn vs a volt absorb mon
|chat|Ryzed|LOL
|chat|koolkat572|wrong. I jsut wanted to get the toxic orb off
|chat|Ryzed|my only two likely options were hydro pump and will o wisp
|chat|koolkat572|also, why would you will o wisp a special attacker
|chat|koolkat572|hydro pump being much more likely
|
|switch|p1a: Heatran|Heatran, M|323\/323
|-item|p1a: Heatran|Air Balloon
|move|p2a: Gliscor|Substitute|p2a: Gliscor
|-start|p2a: Gliscor|Substitute
|-damage|p2a: Gliscor|222\/354 brn
|
|-damage|p2a: Gliscor|178\/354 brn|[from] brn
|turn|3
|callback|decision
|chat|Ryzed|and you switched in gliscor on a hydro pump
|chat|Ryzed|LMAO
|chat|Ryzed|HAHAHAHAHAH
|chat|Ryzed|listen to your own logic
|
|move|p1a: Heatran|Stealth Rock|p2a: Gliscor
|-sidestart|p2: koolkat572|move: Stealth Rock
|move|p2a: Gliscor|Swords Dance|p2a: Gliscor
|-boost|p2a: Gliscor|atk|2
|
|-damage|p2a: Gliscor|134\/354 brn|[from] brn
|turn|4
|callback|decision
|chat|Ryzed|gheez
|chat|koolkat572|yeah. he's bulky.
|
|move|p1a: Heatran|Fire Blast|p2a: Gliscor
|-end|p2a: Gliscor|Substitute
|move|p2a: Gliscor|Baton Pass|p2a: Gliscor
|callback|decision
|
|switch|p2a: Lucario|Lucario, F|282\/282
|-damage|p2a: Lucario|274\/282|[from] Stealth Rock
|
|turn|5
|callback|decision
|
|switch|p1a: Rotom-Wash|Rotom-Wash|196\/299
|-formechange|p2a: Lucario|Lucario-Mega
|message|Lucario has Mega Evolved into Mega Lucario!
|move|p2a: Lucario|Close Combat|p1a: Rotom-Wash
|-damage|p1a: Rotom-Wash|0 fnt
|-unboost|p2a: Lucario|def|1
|-unboost|p2a: Lucario|spd|1
|faint|p1a: Rotom-Wash
|
|callback|decision
|
|switch|p1a: Keldeo|Keldeo|324\/324
|turn|6
|callback|decision
|
|move|p2a: Lucario|Close Combat|p1a: Keldeo
|-damage|p1a: Keldeo|0 fnt
|-unboost|p2a: Lucario|def|1
|-unboost|p2a: Lucario|spd|1
|faint|p1a: Keldeo
|
|callback|decision
|
|switch|p1a: Tyranitar|Tyranitar, M|342\/342
|-weather|Sandstorm
|turn|7
|callback|decision
|chat|koolkat572|lol. 
|
|move|p1a: Tyranitar|Earthquake|p2a: Lucario
|-supereffective|p2a: Lucario
|-damage|p2a: Lucario|0 fnt
|faint|p2a: Lucario
|
|-weather|Sandstorm|[upkeep]
|callback|decision
|chat|Ryzed|l0l0l0l0
|chat|Ryzed|trashcan
|
|switch|p2a: Thundurus-Therian|Thundurus-Therian, M|300\/300
|-damage|p2a: Thundurus-Therian|225\/300|[from] Stealth Rock
|turn|8
|callback|decision
|
|switch|p1a: Excadrill|Excadrill, M|362\/362
|move|p2a: Thundurus-Therian|Focus Blast|p1a: Excadrill
|-supereffective|p1a: Excadrill
|-damage|p1a: Excadrill|0 fnt
|faint|p1a: Excadrill
|
|-weather|Sandstorm|[upkeep]
|-damage|p2a: Thundurus-Therian|207\/300|[from] sandstorm
|-heal|p2a: Thundurus-Therian|225\/300|[from] item: Leftovers
|callback|decision
|
|switch|p1a: Scizor|Scizor, M|344\/344
|turn|9
|callback|decision
|
|switch|p1a: Heatran|Heatran, M|323\/323
|-item|p1a: Heatran|Air Balloon
|move|p2a: Thundurus-Therian|Hidden Power|p1a: Heatran
|-start|p1a: Heatran|ability: Flash Fire
|
|-weather|Sandstorm|[upkeep]
|-damage|p2a: Thundurus-Therian|207\/300|[from] sandstorm
|-heal|p2a: Thundurus-Therian|225\/300|[from] item: Leftovers
|turn|10
|callback|decision
|
|move|p2a: Thundurus-Therian|Focus Blast|p1a: Heatran|[miss]
|-miss|p2a: Thundurus-Therian|p1a: Heatran
|move|p1a: Heatran|Fire Blast|p2a: Thundurus-Therian
|-damage|p2a: Thundurus-Therian|0 fnt
|faint|p2a: Thundurus-Therian
|
|-weather|Sandstorm|[upkeep]
|callback|decision
|
|switch|p2a: Genesect|Genesect, shiny|284\/284
|-damage|p2a: Genesect|249\/284|[from] Stealth Rock
|-boost|p2a: Genesect|atk|1|[from] ability: Download
|turn|11
|callback|decision
|chat|Ryzed|free keldeo still lose
|chat|Ryzed|well played
|
|move|p2a: Genesect|Iron Head|p1a: Heatran
|-resisted|p1a: Heatran
|-damage|p1a: Heatran|271\/323
|-enditem|p1a: Heatran|Air Balloon
|move|p1a: Heatran|Fire Blast|p2a: Genesect|[miss]
|-miss|p1a: Heatran|p2a: Genesect
|
|-weather|none
|-heal|p2a: Genesect|266\/284|[from] item: Leftovers
|turn|12
|callback|decision
|
|switch|p2a: Dragonite|Dragonite, M|324\/324
|-damage|p2a: Dragonite|243\/324|[from] Stealth Rock
|move|p1a: Heatran|Fire Blast|p2a: Dragonite
|-resisted|p2a: Dragonite
|-damage|p2a: Dragonite|99\/324
|
|-heal|p2a: Dragonite|119\/324|[from] item: Leftovers
|turn|13
|callback|decision
|
|move|p2a: Dragonite|Earthquake|p1a: Heatran
|-supereffective|p1a: Heatran
|-damage|p1a: Heatran|0 fnt
|faint|p1a: Heatran
|
|-heal|p2a: Dragonite|139\/324|[from] item: Leftovers
|callback|decision
|
|switch|p1a: Tyranitar|Tyranitar, M|342\/342
|-weather|Sandstorm
|turn|14
|callback|decision
|
|move|p1a: Tyranitar|Crunch|p2a: Dragonite
|-damage|p2a: Dragonite|0 fnt
|faint|p2a: Dragonite
|
|-weather|Sandstorm|[upkeep]
|callback|decision
|
|switch|p2a: Genesect|Genesect, shiny|266\/284
|-damage|p2a: Genesect|231\/284|[from] Stealth Rock
|-boost|p2a: Genesect|spa|1|[from] ability: Download
|turn|15
|callback|decision
|
|move|p1a: Tyranitar|Crunch|p2a: Genesect
|-damage|p2a: Genesect|65\/284
|move|p2a: Genesect|Shift Gear|p2a: Genesect
|-boost|p2a: Genesect|atk|1
|-boost|p2a: Genesect|spe|2
|
|-weather|Sandstorm|[upkeep]
|-heal|p2a: Genesect|82\/284|[from] item: Leftovers
|turn|16
|callback|decision
|
|move|p2a: Genesect|Iron Head|p1a: Tyranitar
|-supereffective|p1a: Tyranitar
|-damage|p1a: Tyranitar|0 fnt
|faint|p1a: Tyranitar
|
|-weather|Sandstorm|[upkeep]
|-heal|p2a: Genesect|99\/284|[from] item: Leftovers
|callback|decision
|
|switch|p1a: Scizor|Scizor, M|344\/344
|turn|17
|callback|decision
|chat|koolkat572|gg
|
|-formechange|p1a: Scizor|Scizor-Mega
|message|Scizor has Mega Evolved into Mega Scizor!
|move|p1a: Scizor|Bullet Punch|p2a: Genesect
|-resisted|p2a: Genesect
|-damage|p2a: Genesect|27\/284
|move|p2a: Genesect|Blaze Kick|p1a: Scizor
|-supereffective|p1a: Scizor
|-damage|p1a: Scizor|0 fnt
|faint|p1a: Scizor
|
|win|koolkat572
|raw|Ladder updating...
|raw|Ryzed's rating: 1698 &rarr; <strong>1670<\/strong><br \/>(-28 for losing)
|raw|koolkat572's rating: 1515 &rarr; <strong>1530<\/strong><br \/>(+15 for winning)
|chat|Ryzed|scrub
|leave|Ryzed
|player|p1
|chat|koolkat572|lol