|join|Kabuchops
|join|Yahoo12
|player|p1|Kabuchops|292
|player|p2|Yahoo12|169
|gametype|singles
|gen|6
|tier|ORAS OU
|rule|Sleep Clause Mod: Limit one foe put to sleep
|rule|Species Clause: Limit one of each PokÃ©mon
|rule|OHKO Clause: OHKO moves are banned
|rule|Moody Clause: Moody is banned
|rule|Evasion Moves Clause: Evasion moves are banned
|rule|Endless Battle Clause: Forcing endless battles is banned
|rule|HP Percentage Mod: HP is shown in percentages
|clearpoke
|poke|p1|Tyranitar, M
|poke|p1|Clefable, M
|poke|p1|Rotom-Wash, shiny
|poke|p1|Garchomp, M, shiny
|poke|p1|Excadrill, M
|poke|p1|Slowbro, F
|poke|p2|Greninja, M
|poke|p2|Talonflame, F
|poke|p2|Excadrill, M
|poke|p2|Pinsir, M
|poke|p2|Breloom, F
|poke|p2|Zapdos
|rule|Swagger Clause: Swagger is banned
|rule|Baton Pass Clause: Limit one PokÃ©mon knowing Baton Pass
|teampreview
|c|âKabuchops|>oras ou
|
|start
|switch|p1a: Dragon Trash|Garchomp, M, shiny|357\/357
|switch|p2a: Greninja|Greninja, M|285\/285
|turn|1
|
|move|p2a: Greninja|Ice Beam|p1a: Dragon Trash
|-start|p2a: Greninja|typechange|Ice|[from] Protean
|-supereffective|p1a: Dragon Trash
|-enditem|p1a: Dragon Trash|Focus Sash
|-damage|p1a: Dragon Trash|1\/357
|-damage|p2a: Greninja|257\/285|[from] item: Life Orb
|move|p1a: Dragon Trash|Stealth Rock|p2a: Greninja
|-sidestart|p2: Yahoo12|move: Stealth Rock
|
|turn|2
|
|switch|p1a: Super Trash|Clefable, M|394\/394
|move|p2a: Greninja|U-turn|p1a: Super Trash
|-start|p2a: Greninja|typechange|Bug|[from] Protean
|-crit|p1a: Super Trash
|-resisted|p1a: Super Trash
|-damage|p1a: Super Trash|336\/394
|-damage|p2a: Greninja|229\/285|[from] item: Life Orb
|
|switch|p2a: Excadrill|Excadrill, M|362\/362
|-damage|p2a: Excadrill|351\/362|[from] Stealth Rock
|-ability|p2a: Excadrill|Mold Breaker
|-item|p2a: Excadrill|Air Balloon
|
|turn|3
|
|move|p2a: Excadrill|Rapid Spin|p1a: Super Trash
|-damage|p1a: Super Trash|312\/394
|-sideend|p2: Yahoo12|Stealth Rock|[from] move: Rapid Spin|[of] p2a: Excadrill
|move|p1a: Super Trash|Flamethrower|p2a: Excadrill
|-supereffective|p2a: Excadrill
|-damage|p2a: Excadrill|88\/362
|-enditem|p2a: Excadrill|Air Balloon
|
|turn|4
|
|move|p2a: Excadrill|Iron Head|p1a: Super Trash
|-supereffective|p1a: Super Trash
|-damage|p1a: Super Trash|64\/394
|move|p1a: Super Trash|Flamethrower|p2a: Excadrill
|-supereffective|p2a: Excadrill
|-damage|p2a: Excadrill|0 fnt
|faint|p2a: Excadrill
|
|
|switch|p2a: Talonflame|Talonflame, F|297\/297
|turn|5
|
|switch|p1a: Pivot Trash|Rotom-Wash, shiny|304\/304
|move|p2a: Talonflame|Swords Dance|p2a: Talonflame
|-boost|p2a: Talonflame|atk|2
|
|turn|6
|
|switch|p2a: Breloom|Breloom, F|261\/261
|move|p1a: Pivot Trash|Hydro Pump|p2a: Breloom
|-resisted|p2a: Breloom
|-damage|p2a: Breloom|159\/261
|
|turn|7
|
|switch|p1a: Super Trash|Clefable, M|64\/394
|move|p2a: Breloom|Spore|p1a: Super Trash
|-status|p1a: Super Trash|slp
|
|turn|8
|
|switch|p1a: Dragon Trash|Garchomp, M, shiny|1\/357
|move|p2a: Breloom|Bullet Seed|p1a: Dragon Trash
|-damage|p1a: Dragon Trash|0 fnt
|-hitcount|p1a: Dragon Trash|1
|-damage|p2a: Breloom|133\/261|[from] item: Life Orb
|faint|p1a: Dragon Trash
|
|
|switch|p1a: Slowbro|Slowbro, F|394\/394
|turn|9
|
|detailschange|p1a: Slowbro|Slowbro-Mega, F
|message|Slowbro has Mega Evolved into Mega Slowbro!
|move|p2a: Breloom|Bullet Seed|p1a: Slowbro
|-supereffective|p1a: Slowbro
|-damage|p1a: Slowbro|308\/394
|-supereffective|p1a: Slowbro
|-damage|p1a: Slowbro|222\/394
|-hitcount|p1a: Slowbro|2
|-damage|p2a: Breloom|107\/261|[from] item: Life Orb
|move|p1a: Slowbro|Calm Mind|p1a: Slowbro
|-boost|p1a: Slowbro|spa|1
|-boost|p1a: Slowbro|spd|1
|
|turn|10
|
|move|p2a: Breloom|Bullet Seed|p1a: Slowbro
|-supereffective|p1a: Slowbro
|-damage|p1a: Slowbro|136\/394
|-supereffective|p1a: Slowbro
|-damage|p1a: Slowbro|50\/394
|-supereffective|p1a: Slowbro
|-damage|p1a: Slowbro|0 fnt
|-hitcount|p1a: Slowbro|3
|-damage|p2a: Breloom|81\/261|[from] item: Life Orb
|faint|p1a: Slowbro
|
|
|switch|p1a: Pivot Trash|Rotom-Wash, shiny|304\/304
|turn|11
|
|move|p2a: Breloom|Bullet Seed|p1a: Pivot Trash
|-supereffective|p1a: Pivot Trash
|-damage|p1a: Pivot Trash|179\/304
|-supereffective|p1a: Pivot Trash
|-damage|p1a: Pivot Trash|46\/304
|-supereffective|p1a: Pivot Trash
|-damage|p1a: Pivot Trash|0 fnt
|-hitcount|p1a: Pivot Trash|3
|-damage|p2a: Breloom|55\/261|[from] item: Life Orb
|faint|p1a: Pivot Trash
|
|leave|Kabuchops
|player|p1
|join|Kabuchops
|player|p1|Kabuchops|292
|-message|Kabuchops forfeited.
|
|win|Yahoo12