|join|Kabuchops
|join|DarkusMarkus
|player|p1|Kabuchops|292
|player|p2|DarkusMarkus|238
|gametype|singles
|gen|6
|tier|OU
|rated
|clearpoke
|poke|p1|Gardevoir, M
|poke|p1|Bisharp, M
|poke|p1|Mamoswine, F
|poke|p1|Latios, M
|poke|p1|Keldeo
|poke|p1|Zapdos
|poke|p2|Gardevoir, F
|poke|p2|Forretress, M
|poke|p2|Rotom-Heat
|poke|p2|Meloetta
|poke|p2|Poliwrath, M
|poke|p2|Haxorus, M
|rule|Swagger Clause: Swagger is banned
|rule|Baton Pass Clause: Limit one PokÃ©mon knowing Baton Pass
|rule|Sleep Clause Mod: Limit one foe put to sleep
|rule|Species Clause: Limit one of each PokÃ©mon
|rule|OHKO Clause: OHKO moves are banned
|rule|Moody Clause: Moody is banned
|rule|Evasion Moves Clause: Evasion moves are banned
|rule|Endless Battle Clause: Forcing endless battles is banned
|rule|HP Percentage Mod: HP is shown in percentages
|teampreview
|
|start
|switch|p1a: Zapdos|Zapdos|322\/322
|switch|p2a: Poliwrath|Poliwrath, M|377\/377
|-ability|p1a: Zapdos|Pressure
|turn|1
|
|switch|p2a: Rotom-Heat|Rotom-Heat|304\/304
|move|p1a: Zapdos|Agility|p1a: Zapdos
|-boost|p1a: Zapdos|spe|2
|
|turn|2
|
|move|p1a: Zapdos|Extrasensory|p2a: Rotom-Heat
|-damage|p2a: Rotom-Heat|181\/304
|-damage|p1a: Zapdos|290\/322|[from] item: Life Orb
|move|p2a: Rotom-Heat|Will-O-Wisp|p1a: Zapdos
|-status|p1a: Zapdos|brn
|
|-heal|p2a: Rotom-Heat|200\/304|[from] item: Leftovers
|-damage|p1a: Zapdos|250\/322 brn|[from] brn
|turn|3
|
|switch|p1a: Mamoswine|Mamoswine, F|361\/361
|move|p2a: Rotom-Heat|Pain Split|p1a: Mamoswine
|-sethp|p1a: Mamoswine|280\/361|p2a: Rotom-Heat|280\/304|[from] move: Pain Split
|
|-heal|p2a: Rotom-Heat|299\/304|[from] item: Leftovers
|turn|4
|
|move|p2a: Rotom-Heat|Will-O-Wisp|p1a: Mamoswine
|-status|p1a: Mamoswine|brn
|move|p1a: Mamoswine|Stealth Rock|p2a: Rotom-Heat
|-sidestart|p2: DarkusMarkus|move: Stealth Rock
|
|-heal|p2a: Rotom-Heat|304\/304|[from] item: Leftovers
|-damage|p1a: Mamoswine|235\/361 brn|[from] brn
|turn|5
|
|switch|p1a: Latios|Latios, M|301\/301
|move|p2a: Rotom-Heat|Overheat|p1a: Latios
|-resisted|p1a: Latios
|-damage|p1a: Latios|225\/301
|-unboost|p2a: Rotom-Heat|spa|2
|
|turn|6
|
|move|p1a: Latios|Psyshock|p2a: Rotom-Heat
|-damage|p2a: Rotom-Heat|175\/304
|-damage|p1a: Latios|195\/301|[from] item: Life Orb
|move|p2a: Rotom-Heat|Volt Switch|p1a: Latios
|-resisted|p1a: Latios
|-damage|p1a: Latios|174\/301
|
|switch|p2a: Gardevoir|Gardevoir, F|325\/325
|-damage|p2a: Gardevoir|285\/325|[from] Stealth Rock
|
|turn|7
|
|detailschange|p2a: Gardevoir|Gardevoir-Mega, F
|message|Gardevoir has Mega Evolved into Mega Gardevoir!
|move|p1a: Latios|Earthquake|p2a: Gardevoir
|-crit|p2a: Gardevoir
|-damage|p2a: Gardevoir|113\/325
|-damage|p1a: Latios|144\/301|[from] item: Life Orb
|move|p2a: Gardevoir|Hyper Voice|p1a: Latios
|-supereffective|p1a: Latios
|-damage|p1a: Latios|0 fnt
|faint|p1a: Latios
|
|
|switch|p1a: Bisharp|Bisharp, M|271\/271
|turn|8
|
|switch|p2a: Poliwrath|Poliwrath, M|377\/377
|-damage|p2a: Poliwrath|354\/377|[from] Stealth Rock
|move|p1a: Bisharp|Psycho Cut|p2a: Poliwrath
|-supereffective|p2a: Poliwrath
|-damage|p2a: Poliwrath|168\/377
|
|turn|9
|
|switch|p1a: Mamoswine|Mamoswine, F|235\/361 brn
|switch|p2a: Forretress|Forretress, M|354\/354
|-damage|p2a: Forretress|310\/354|[from] Stealth Rock
|
|-heal|p2a: Forretress|332\/354|[from] item: Leftovers
|-damage|p1a: Mamoswine|190\/361 brn|[from] brn
|turn|10
|
|move|p1a: Mamoswine|Earthquake|p2a: Forretress
|-damage|p2a: Forretress|272\/354
|move|p2a: Forretress|Rapid Spin|p1a: Mamoswine
|-damage|p1a: Mamoswine|174\/361 brn
|-sideend|p2: DarkusMarkus|Stealth Rock|[from] move: Rapid Spin|[of] p2a: Forretress
|
|-heal|p2a: Forretress|294\/354|[from] item: Leftovers
|-damage|p1a: Mamoswine|129\/361 brn|[from] brn
|turn|11
|
|move|p1a: Mamoswine|Stealth Rock|p2a: Forretress
|-sidestart|p2: DarkusMarkus|move: Stealth Rock
|move|p2a: Forretress|Stealth Rock|p1a: Mamoswine
|-sidestart|p1: Kabuchops|move: Stealth Rock
|
|-heal|p2a: Forretress|316\/354|[from] item: Leftovers
|-damage|p1a: Mamoswine|84\/361 brn|[from] brn
|turn|12
|
|switch|p1a: Keldeo|Keldeo|322\/322
|-damage|p1a: Keldeo|302\/322|[from] Stealth Rock
|move|p2a: Forretress|Rapid Spin|p1a: Keldeo
|-damage|p1a: Keldeo|286\/322
|-sideend|p2: DarkusMarkus|Stealth Rock|[from] move: Rapid Spin|[of] p2a: Forretress
|
|-heal|p2a: Forretress|338\/354|[from] item: Leftovers
|turn|13
|
|move|p1a: Keldeo|Hydro Pump|p2a: Forretress|[miss]
|-miss|p1a: Keldeo|p2a: Forretress
|move|p2a: Forretress|Toxic|p1a: Keldeo
|-status|p1a: Keldeo|tox
|
|-heal|p2a: Forretress|354\/354|[from] item: Leftovers
|-damage|p1a: Keldeo|266\/322 tox|[from] psn
|turn|14
|c|âKabuchops|ffs
|-message|Kabuchops forfeited.
|leave|Kabuchops
|
|win|DarkusMarkus
|raw|Ladder updating...
|player|p1
|c|âDarkusMarkus|happens to me all the time
|raw|Kabuchops's rating: 1373 &rarr; <strong>1355<\/strong><br \/>(-18 for losing)
|raw|DarkusMarkus's rating: 1397 &rarr; <strong>1416<\/strong><br \/>(+19 for winning)