|join|Tjustice
|join|Does TRR HL You
|player|p1|Tjustice|4
|player|p2|Does TRR HL You|292
|gametype|singles
|gen|6
|tier|OU (suspect test)
|clearpoke
|poke|p1|Lopunny, M
|poke|p1|Excadrill, M
|poke|p1|Tyranitar, M
|poke|p1|Magnezone
|poke|p1|Clefable, M
|poke|p1|Landorus, M
|poke|p2|Metagross
|poke|p2|Keldeo
|poke|p2|Raikou
|poke|p2|Landorus-Therian, M
|poke|p2|Heatran, M
|poke|p2|Latias, F
|rule|Swagger Clause: Swagger is banned
|rule|Baton Pass Clause: Limit one PokÃ©mon knowing Baton Pass
|rule|Sleep Clause Mod: Limit one foe put to sleep
|rule|Species Clause: Limit one of each PokÃ©mon
|rule|OHKO Clause: OHKO moves are banned
|rule|Moody Clause: Moody is banned
|rule|Evasion Moves Clause: Evasion moves are banned
|rule|Endless Battle Clause: Forcing endless battles is banned
|rule|HP Percentage Mod: HP is shown in percentages
|teampreview
|player|p2|Kabuchops|292
|join|D2P2
|join|kennon
|join|zey828
|c| kennon|that sprite
|
|start
|switch|p1a: Tyranitar|Tyranitar, M|403\/403
|switch|p2a: Landorus-Therian|Landorus-Therian, M|319\/319
|-ability|p2a: Landorus-Therian|Intimidate|[of] p1a: Tyranitar
|-unboost|p1a: Tyranitar|atk|1
|-weather|Sandstorm
|turn|1
|c| Kabuchops|sexy right
|join|SimpleMudkip
|c| kennon|~~it gives me nightmares~~
|
|move|p2a: Landorus-Therian|Earthquake|p1a: Tyranitar
|-supereffective|p1a: Tyranitar
|-damage|p1a: Tyranitar|127\/403
|move|p1a: Tyranitar|Ice Beam|p2a: Landorus-Therian
|-supereffective|p2a: Landorus-Therian
|-damage|p2a: Landorus-Therian|0 fnt
|faint|p2a: Landorus-Therian
|
|-weather|Sandstorm|[upkeep]
|-heal|p1a: Tyranitar|152\/403|[from] item: Leftovers
|c|âTjustice|Specs ttar
|c|âTjustice|ftw
|c| Kabuchops|I for some reason
|
|switch|p2a: Metagross|Metagross|301\/301
|turn|2
|c| D2P2|specs t-tar works
|c| Kabuchops|Knew it had ice beam
|c| Kabuchops|just
|c| Kabuchops|ignored myself
|
|detailschange|p2a: Metagross|Metagross-Mega
|-mega|p2a: Metagross|Metagross|Metagrossite
|move|p2a: Metagross|Meteor Mash|p1a: Tyranitar
|-supereffective|p1a: Tyranitar
|-damage|p1a: Tyranitar|0 fnt
|faint|p1a: Tyranitar
|
|-weather|Sandstorm|[upkeep]
|c| kennon|could have had ice punch
|c| Kabuchops|rof at you
|
|switch|p1a: Excadrill|Excadrill, M|361\/361
|-ability|p1a: Excadrill|Mold Breaker
|-item|p1a: Excadrill|Air Balloon
|turn|3
|c| Kabuchops|I see
|leave|D2P2
|
|switch|p2a: Keldeo|Keldeo|323\/323
|move|p1a: Excadrill|Iron Head|p2a: Keldeo
|-resisted|p2a: Keldeo
|-damage|p2a: Keldeo|233\/323
|
|-weather|Sandstorm|[upkeep]
|-damage|p2a: Keldeo|213\/323|[from] sandstorm
|turn|4
|c| Kabuchops|4 of my things resist steel.
|c|âTjustice|all of my things are steel
|c|âTjustice|:s
|
|switch|p1a: Clefable|Clefable, M|393\/393
|move|p2a: Keldeo|Hydro Pump|p1a: Clefable
|-damage|p1a: Clefable|185\/393
|
|-weather|Sandstorm|[upkeep]
|-damage|p2a: Keldeo|193\/323|[from] sandstorm
|-damage|p1a: Clefable|161\/393|[from] sandstorm
|-heal|p1a: Clefable|185\/393|[from] item: Leftovers
|turn|5
|c| Kabuchops|no?
|c|âTjustice|scarf moon blast too stronk i should be running that
|
|switch|p2a: Metagross|Metagross-Mega|301\/301
|move|p1a: Clefable|Wish|p1a: Clefable
|
|-weather|none
|-heal|p1a: Clefable|209\/393|[from] item: Leftovers
|turn|6
|c| Kabuchops|dont you fgt dare.
|
|move|p1a: Clefable|Protect|p1a: Clefable
|-singleturn|p1a: Clefable|Protect
|move|p2a: Metagross|Meteor Mash|p1a: Clefable
|-activate|p1a: Clefable|Protect
|
|-heal|p1a: Clefable|393\/393|[from] move: Wish|[wisher] Clefable
|turn|7
|c| Kabuchops|<333
|c| kennon|you are so kind kabu
|
|switch|p1a: Landorus|Landorus, M|319\/319
|move|p2a: Metagross|Meteor Mash|p1a: Landorus
|-damage|p1a: Landorus|57\/319
|
|turn|8
|c| Kabuchops|Im betting thats scar
|
|move|p2a: Metagross|Bullet Punch|p1a: Landorus
|-damage|p1a: Landorus|0 fnt
|faint|p1a: Landorus
|
|c|âTjustice|pfft no
|c|âTjustice|it's band
|c| Kabuchops|its muscle band
|
|switch|p1a: Magnezone|Magnezone|331\/331
|turn|9
|c| Kabuchops|can you voice me
Kabuchops was promoted to Room Voice by Tjustice.
|
|move|p2a: Metagross|Earthquake|p1a: Magnezone
|-supereffective|p1a: Magnezone
|-damage|p1a: Magnezone|0 fnt
|faint|p1a: Magnezone
|
|c|+Kabuchops|!dt muscle band
|c|~|\/data-item Muscle Band
|raw|<font size="1"><font color=#585858>Fling Base Power:<\/font> 10<\/font>
|c| kennon|wait how are you battling
|c|+Kabuchops|Magyck
|c|+Kabuchops|basicalyly
|
|switch|p1a: Excadrill|Excadrill, M|361\/361
|-ability|p1a: Excadrill|Mold Breaker
|-item|p1a: Excadrill|Air Balloon
|turn|10
|c| kennon|hacks
|c|+Kabuchops|If I start with an alt
|c|âTjustice|this was a battle?
|c|+Kabuchops|And then i go back to my original
|c|âTjustice|i thought this was just to post porn
|c|+Kabuchops|http:\/\/www.smogon.com\/dex\/xy\/pokemon\/glalie
|c| kennon|BYE
|
|switch|p2a: Latias|Latias, F|319\/319
|move|p1a: Excadrill|Earthquake|p2a: Latias
|-damage|p2a: Latias|115\/319
|
|turn|11
|c|+Kabuchops|\/me gets the lube
|leave|kennon
|
|switch|p1a: Clefable|Clefable, M|393\/393
|move|p2a: Latias|Draco Meteor|p1a: Clefable
|-immune|p1a: Clefable|[msg]
|
|turn|12
|c|+Kabuchops|CANCEL BUTTON HATES ME
|
|switch|p1a: Excadrill|Excadrill, M|361\/361
|-ability|p1a: Excadrill|Mold Breaker
|-item|p1a: Excadrill|Air Balloon
|move|p2a: Latias|Psyshock|p1a: Excadrill
|-resisted|p1a: Excadrill
|-damage|p1a: Excadrill|236\/361
|-enditem|p1a: Excadrill|Air Balloon
|-damage|p2a: Latias|84\/319|[from] item: Life Orb
|
|turn|13
|
|move|p2a: Latias|Psyshock|p1a: Excadrill
|-resisted|p1a: Excadrill
|-damage|p1a: Excadrill|115\/361
|-damage|p2a: Latias|53\/319|[from] item: Life Orb
|move|p1a: Excadrill|Earthquake|p2a: Latias
|-damage|p2a: Latias|0 fnt
|faint|p2a: Latias
|
|
|switch|p2a: Metagross|Metagross-Mega|301\/301
|turn|14
|
|move|p2a: Metagross|Earthquake|p1a: Excadrill
|-supereffective|p1a: Excadrill
|-damage|p1a: Excadrill|0 fnt
|faint|p1a: Excadrill
|
|
|switch|p1a: Lopunny|Lopunny, M|272\/272
|turn|15
|c|âTjustice|are you ready
|
|detailschange|p1a: Lopunny|Lopunny-Mega, M
|-mega|p1a: Lopunny|Lopunny|Lopunnite
|move|p2a: Metagross|Meteor Mash|p1a: Lopunny
|-damage|p1a: Lopunny|31\/272
|move|p1a: Lopunny|Fire Punch|p2a: Metagross
|-supereffective|p2a: Metagross
|-damage|p2a: Metagross|171\/301
|-status|p2a: Metagross|brn
|
|-damage|p2a: Metagross|134\/301 brn|[from] brn
|turn|16
|c|âTjustice|for the fake out?
|c|+Kabuchops|to get raped
|c|+Kabuchops|yes
|c|+Kabuchops|Ok
|c|âTjustice|AYYYYY
|c|+Kabuchops|fuck you<3
|c|âTjustice|time and place laddie
|
|switch|p1a: Clefable|Clefable, M|393\/393
|move|p2a: Metagross|Bullet Punch|p1a: Clefable
|-supereffective|p1a: Clefable
|-damage|p1a: Clefable|307\/393
|
|-heal|p1a: Clefable|331\/393|[from] item: Leftovers
|-damage|p2a: Metagross|97\/301 brn|[from] brn
|turn|17
|c|+Kabuchops|oh right
|c|+Kabuchops|I should take you out to dinner first
|c|+Kabuchops|sorry
|join|pichu265
|
|switch|p2a: Raikou|Raikou|321\/321
|-ability|p2a: Raikou|Pressure
|move|p1a: Clefable|Wish|p1a: Clefable
|
|-heal|p1a: Clefable|355\/393|[from] item: Leftovers
|turn|18
|c|âTjustice|yeah that's the polite thing to do
|
|switch|p1a: Lopunny|Lopunny-Mega, M|31\/272
|move|p2a: Raikou|Thunderbolt|p1a: Lopunny
|-damage|p1a: Lopunny|0 fnt
|faint|p1a: Lopunny
|
|c|+Kabuchops|NO
|join|llov82974
|c|+Kabuchops|HOW COULD YOU WASTE SUCH A PRECIOUS SOUL
|
|switch|p1a: Clefable|Clefable, M|355\/393
|turn|19
|c|âTjustice|She's only good for sex
|c|+Kabuchops|why are random locked users joining
|c|âTjustice|and you know that
|join|arechumehsamurria
|c|+Kabuchops|yeah
|
|move|p2a: Raikou|Thunderbolt|p1a: Clefable
|-damage|p1a: Clefable|114\/393
|move|p1a: Clefable|Moonblast|p2a: Raikou
|-damage|p2a: Raikou|215\/321
|-unboost|p2a: Raikou|spa|1
|
|-heal|p1a: Clefable|138\/393|[from] item: Leftovers
|turn|20
|c|+Kabuchops|theyre all locked
|c|+Kabuchops|is this the
|c|+Kabuchops|ok
|c|+Kabuchops|no
|join|zey828
|c|+Kabuchops|I refuse to calm my tits
|
|switch|p2a: Heatran|Heatran, M|385\/385
|move|p1a: Clefable|Protect|p1a: Clefable
|-fail|p1a: Clefable
|
|-heal|p1a: Clefable|162\/393|[from] item: Leftovers
|turn|21
|c|+Kabuchops|is it cute charm
|c|âTjustice|yes
|c|+Kabuchops|legit
|c|âTjustice|FIRE PUNCH GO
|
|move|p2a: Heatran|Stealth Rock|p1a: Clefable
|-sidestart|p1: Tjustice|move: Stealth Rock
|move|p1a: Clefable|Moonblast|p2a: Heatran
|-resisted|p2a: Heatran
|-damage|p2a: Heatran|365\/385
|-unboost|p2a: Heatran|spa|1
|
|-heal|p2a: Heatran|385\/385|[from] item: Leftovers
|-heal|p1a: Clefable|186\/393|[from] item: Leftovers
|turn|22
|c|+Kabuchops|how
|
|move|p2a: Heatran|Toxic|p1a: Clefable
|-status|p1a: Clefable|tox
|move|p1a: Clefable|Wish|p1a: Clefable
|
|-heal|p1a: Clefable|210\/393 tox|[from] item: Leftovers
|-damage|p1a: Clefable|186\/393 tox|[from] psn
|turn|23
|c|+Kabuchops|do you hax me here
|
|switch|p2a: Keldeo|Keldeo|193\/323
|move|p1a: Clefable|Moonblast|p2a: Keldeo
|-supereffective|p2a: Keldeo
|-damage|p2a: Keldeo|0 fnt
|faint|p2a: Keldeo
|
|-heal|p1a: Clefable|382\/393 tox|[from] move: Wish|[wisher] Clefable
|-heal|p1a: Clefable|393\/393 tox|[from] item: Leftovers
|-damage|p1a: Clefable|345\/393 tox|[from] psn
|c|âTjustice|HA
|c|âTjustice|MOON bLAST
|c|+Kabuchops|time to get that 1 o
|c|+Kabuchops|With toxic
|c|âTjustice|TIME TO HAVE SEX WITH A DUCK
|
|switch|p2a: Raikou|Raikou|215\/321
|-ability|p2a: Raikou|Pressure
|turn|24
|c|âTjustice|BOI
|
|switch|p2a: Metagross|Metagross-Mega|97\/301 brn
|move|p1a: Clefable|Moonblast|p2a: Metagross
|-resisted|p2a: Metagross
|-damage|p2a: Metagross|48\/301 brn
|
|-heal|p1a: Clefable|369\/393 tox|[from] item: Leftovers
|-damage|p2a: Metagross|11\/301 brn|[from] brn
|-damage|p1a: Clefable|297\/393 tox|[from] psn
|turn|25
|join|HYDRO IMPACT
|c|%HYDRO IMPACT|nty
|leave|HYDRO IMPACT
|c|+Kabuchops|he missed it
|
|switch|p2a: Raikou|Raikou|215\/321
|-ability|p2a: Raikou|Pressure
|move|p1a: Clefable|Moonblast|p2a: Raikou
|-damage|p2a: Raikou|98\/321
|
|-heal|p1a: Clefable|321\/393 tox|[from] item: Leftovers
|-damage|p1a: Clefable|225\/393 tox|[from] psn
|turn|26
|
|switch|p2a: Metagross|Metagross-Mega|11\/301 brn
|move|p1a: Clefable|Moonblast|p2a: Metagross
|-resisted|p2a: Metagross
|-damage|p2a: Metagross|0 fnt
|faint|p2a: Metagross
|
|-heal|p1a: Clefable|249\/393 tox|[from] item: Leftovers
|-damage|p1a: Clefable|129\/393 tox|[from] psn
|c|âTjustice|Clefable for the come back
|c|âTjustice|Yes
|c|âTjustice|yes
|
|switch|p2a: Raikou|Raikou|98\/321
|-ability|p2a: Raikou|Pressure
|turn|27
|c|+Kabuchops|69
|c|âTjustice|96
|
|switch|p2a: Heatran|Heatran, M|385\/385
|move|p1a: Clefable|Wish|p1a: Clefable
|
|-heal|p1a: Clefable|153\/393 tox|[from] item: Leftovers
|-damage|p1a: Clefable|9\/393 tox|[from] psn
|turn|28
|c|+Kabuchops|99
|c|âTjustice|666
|c|+Kabuchops|fucj
|
|switch|p2a: Raikou|Raikou|98\/321
|-ability|p2a: Raikou|Pressure
|move|p1a: Clefable|Protect|p1a: Clefable
|-fail|p1a: Clefable
|
|-heal|p1a: Clefable|205\/393 tox|[from] move: Wish|[wisher] Clefable
|-heal|p1a: Clefable|229\/393 tox|[from] item: Leftovers
|-damage|p1a: Clefable|61\/393 tox|[from] psn
|turn|29
|c|âTjustice|Holy shit
|c|âTjustice|i have
|c|âTjustice|heal bell
|c|+Kabuchops|I cant count that high
|c|+Kabuchops|damn
|c|+Kabuchops|gg
|c|âTjustice|hey
|-message|Kabuchops forfeited.
|c|âTjustice|hey
|c|âTjustice|what
|c|âTjustice|;-;
|
|win|Tjustice
|
|c|âTjustice|i wanted to ohko you
|c|+Kabuchops|Idk
|c|âTjustice|with heal bell
|c|+Kabuchops|With heal bell
|c|+Kabuchops|ok
|leave|SimpleMudkip
|c|+Kabuchops|thats why\
|leave|Kabuchops
|player|p2
|leave|Tjustice
|player|p1