|join|fritschii
|join|smogmog
|player|p1|fritschii|153
|player|p2|smogmog|23
|gametype|singles
|gen|6
|tier|OU
|rated
|clearpoke
|poke|p1|Venusaur, F
|poke|p1|Heatran, F
|poke|p1|Keldeo
|poke|p1|Rotom-Wash
|poke|p1|Landorus-Therian, M
|poke|p1|Azumarill, F
|poke|p2|Metagross
|poke|p2|Landorus-Therian, M
|poke|p2|Keldeo-Resolute
|poke|p2|Pinsir, M
|poke|p2|Rotom-Wash
|poke|p2|Clefable, F
|rule|Swagger Clause: Swagger is banned
|rule|Baton Pass Clause: Limit one PokÃ©mon knowing Baton Pass
|rule|Sleep Clause Mod: Limit one foe put to sleep
|rule|Species Clause: Limit one of each PokÃ©mon
|rule|OHKO Clause: OHKO moves are banned
|rule|Moody Clause: Moody is banned
|rule|Evasion Moves Clause: Evasion moves are banned
|rule|Endless Battle Clause: Forcing endless battles is banned
|rule|HP Percentage Mod: HP is shown in percentages
|teampreview
|c|âsmogmog|have fun
|c|âfritschii|mega metagross ftw ^^
|c|âsmogmog|heh :)
|join|UchihaDavid n.n
|
|start
|switch|p1a: Landorus-Therian|Landorus-Therian, M|325\/325
|switch|p2a: Pinsir|Pinsir, M|271\/271
|-ability|p1a: Landorus-Therian|Intimidate|[of] p2a: Pinsir
|-fail|p2a: Pinsir|unboost|Attack|[from] ability: Hyper Cutter|[of] p2a: Pinsir
|turn|1
|
|detailschange|p2a: Pinsir|Pinsir-Mega, M
|message|Pinsir has Mega Evolved into Mega Pinsir!
|move|p1a: Landorus-Therian|U-turn|p2a: Pinsir
|-resisted|p2a: Pinsir
|-damage|p2a: Pinsir|235\/271
|
|switch|p1a: Rotom-Wash|Rotom-Wash|304\/304
|move|p2a: Pinsir|Return|p1a: Rotom-Wash
|-resisted|p1a: Rotom-Wash
|-damage|p1a: Rotom-Wash|213\/304
|
|-heal|p1a: Rotom-Wash|232\/304|[from] item: Leftovers
|turn|2
|
|switch|p2a: Rotom-Wash|Rotom-Wash|304\/304
|move|p1a: Rotom-Wash|Will-O-Wisp|p2a: Rotom-Wash|[miss]
|-miss|p1a: Rotom-Wash|p2a: Rotom-Wash
|
|-heal|p1a: Rotom-Wash|251\/304|[from] item: Leftovers
|turn|3
|
|move|p1a: Rotom-Wash|Will-O-Wisp|p2a: Rotom-Wash
|-status|p2a: Rotom-Wash|brn
|move|p2a: Rotom-Wash|Will-O-Wisp|p1a: Rotom-Wash
|-status|p1a: Rotom-Wash|brn
|
|-heal|p1a: Rotom-Wash|270\/304 brn|[from] item: Leftovers
|-damage|p1a: Rotom-Wash|232\/304 brn|[from] brn
|-damage|p2a: Rotom-Wash|266\/304 brn|[from] brn
|turn|4
|
|move|p1a: Rotom-Wash|Hydro Pump|p2a: Rotom-Wash|[miss]
|-miss|p1a: Rotom-Wash|p2a: Rotom-Wash
|move|p2a: Rotom-Wash|Volt Switch|p1a: Rotom-Wash
|-damage|p1a: Rotom-Wash|148\/304 brn
|c|âfritschii|second miss ::D
|
|switch|p2a: Clefable|Clefable, F|391\/391
|
|-heal|p1a: Rotom-Wash|167\/304 brn|[from] item: Leftovers
|-damage|p1a: Rotom-Wash|129\/304 brn|[from] brn
|turn|5
|c|âfritschii|i lose the last 2 games by misses ^^
|
|move|p1a: Rotom-Wash|Volt Switch|p2a: Clefable
|-damage|p2a: Clefable|321\/391
|
|switch|p1a: Heatran|Heatran, F|385\/385
|move|p2a: Clefable|Wish|p2a: Clefable
|
|-heal|p2a: Clefable|345\/391|[from] item: Leftovers
|turn|6
|c|âsmogmog|well this miss was not your downfall here :)
|
|switch|p2a: Landorus-Therian|Landorus-Therian, M|375\/375
|-ability|p2a: Landorus-Therian|Intimidate|[of] p1a: Heatran
|-unboost|p1a: Heatran|atk|1
|move|p1a: Heatran|Stealth Rock|p2a: Landorus-Therian
|-sidestart|p2: smogmog|move: Stealth Rock
|
|turn|7
|
|switch|p1a: Landorus-Therian|Landorus-Therian, M|325\/325
|-ability|p1a: Landorus-Therian|Intimidate|[of] p2a: Landorus-Therian
|-unboost|p2a: Landorus-Therian|atk|1
|move|p2a: Landorus-Therian|Stealth Rock|p1a: Landorus-Therian
|-sidestart|p1: fritschii|move: Stealth Rock
|
|turn|8
|
|move|p1a: Landorus-Therian|Knock Off|p2a: Landorus-Therian
|-damage|p2a: Landorus-Therian|247\/375
|-enditem|p2a: Landorus-Therian|Leftovers|[from] move: Knock Off|[of] p1a: Landorus-Therian
|move|p2a: Landorus-Therian|U-turn|p1a: Landorus-Therian
|-resisted|p1a: Landorus-Therian
|-damage|p1a: Landorus-Therian|288\/325
|
|switch|p2a: Keldeo-Resolute|Keldeo-Resolute|338\/338
|-damage|p2a: Keldeo-Resolute|317\/338|[from] Stealth Rock
|
|turn|9
|
|switch|p1a: Venusaur|Venusaur, F|364\/364
|-damage|p1a: Venusaur|319\/364|[from] Stealth Rock
|move|p2a: Keldeo-Resolute|Scald|p1a: Venusaur
|-resisted|p1a: Venusaur
|-damage|p1a: Venusaur|250\/364
|-status|p1a: Venusaur|brn
|
|-damage|p1a: Venusaur|205\/364 brn|[from] brn
|turn|10
|
|switch|p2a: Metagross|Metagross|330\/330
|-damage|p2a: Metagross|310\/330|[from] Stealth Rock
|detailschange|p1a: Venusaur|Venusaur-Mega, F
|message|Venusaur has Mega Evolved into Mega Venusaur!
|move|p1a: Venusaur|Synthesis|p1a: Venusaur
|-heal|p1a: Venusaur|364\/364 brn
|
|-heal|p2a: Metagross|330\/330|[from] item: Leftovers
|-damage|p1a: Venusaur|319\/364 brn|[from] brn
|turn|11
|
|switch|p1a: Heatran|Heatran, F|385\/385
|-damage|p1a: Heatran|337\/385|[from] Stealth Rock
|move|p2a: Metagross|Agility|p2a: Metagross
|-boost|p2a: Metagross|spe|2
|
|-heal|p1a: Heatran|361\/385|[from] item: Leftovers
|turn|12
|
|switch|p1a: Landorus-Therian|Landorus-Therian, M|288\/325
|-damage|p1a: Landorus-Therian|248\/325|[from] Stealth Rock
|-ability|p1a: Landorus-Therian|Intimidate|[of] p2a: Metagross
|-fail|p2a: Metagross|unboost|[from] ability: Clear Body|[of] p2a: Metagross
|move|p2a: Metagross|Earthquake|p1a: Landorus-Therian
|-immune|p1a: Landorus-Therian|[msg]
|
|turn|13
|
|move|p1a: Landorus-Therian|Earthquake|p2a: Metagross
|-supereffective|p2a: Metagross
|-damage|p2a: Metagross|12\/330
|move|p2a: Metagross|Ice Punch|p1a: Landorus-Therian
|-supereffective|p1a: Landorus-Therian
|-damage|p1a: Landorus-Therian|0 fnt
|faint|p1a: Landorus-Therian
|
|-heal|p2a: Metagross|32\/330|[from] item: Leftovers
|
|switch|p1a: Azumarill|Azumarill, F|401\/401
|-damage|p1a: Azumarill|351\/401|[from] Stealth Rock
|turn|14
|
|switch|p2a: Keldeo-Resolute|Keldeo-Resolute|317\/338
|-damage|p2a: Keldeo-Resolute|296\/338|[from] Stealth Rock
|move|p1a: Azumarill|Aqua Jet|p2a: Keldeo-Resolute
|-resisted|p2a: Keldeo-Resolute
|-damage|p2a: Keldeo-Resolute|245\/338
|
|turn|15
|
|move|p2a: Keldeo-Resolute|Scald|p1a: Azumarill
|-resisted|p1a: Azumarill
|-damage|p1a: Azumarill|292\/401
|move|p1a: Azumarill|Play Rough|p2a: Keldeo-Resolute
|-supereffective|p2a: Keldeo-Resolute
|-damage|p2a: Keldeo-Resolute|0 fnt
|faint|p2a: Keldeo-Resolute
|
|
|switch|p2a: Clefable|Clefable, F|345\/391
|-damage|p2a: Clefable|297\/391|[from] Stealth Rock
|turn|16
|
|move|p2a: Clefable|Wish|p2a: Clefable
|move|p1a: Azumarill|Waterfall|p2a: Clefable
|-damage|p2a: Clefable|102\/391
|
|-heal|p2a: Clefable|126\/391|[from] item: Leftovers
|turn|17
|
|move|p2a: Clefable|Protect|p2a: Clefable
|-singleturn|p2a: Clefable|Protect
|move|p1a: Azumarill|Play Rough|p2a: Clefable
|-activate|p2a: Clefable|Protect
|
|-heal|p2a: Clefable|321\/391|[from] move: Wish|[wisher] Clefable
|-heal|p2a: Clefable|345\/391|[from] item: Leftovers
|turn|18
|
|move|p2a: Clefable|Wish|p2a: Clefable
|move|p1a: Azumarill|Knock Off|p2a: Clefable
|-crit|p2a: Clefable
|-resisted|p2a: Clefable
|-damage|p2a: Clefable|223\/391
|-enditem|p2a: Clefable|Leftovers|[from] move: Knock Off|[of] p1a: Azumarill
|
|turn|19
|
|switch|p1a: Heatran|Heatran, F|361\/385
|-damage|p1a: Heatran|313\/385|[from] Stealth Rock
|move|p2a: Clefable|Heal Bell|p2a: Clefable
|-cureteam|p2a: Clefable|[from] move: HealBell
|
|-heal|p2a: Clefable|391\/391|[from] move: Wish|[wisher] Clefable
|-heal|p1a: Heatran|337\/385|[from] item: Leftovers
|turn|20
|
|move|p2a: Clefable|Wish|p2a: Clefable
|move|p1a: Heatran|Roar|p2a: Clefable
|drag|p2a: Metagross|Metagross|32\/330
|-damage|p2a: Metagross|12\/330|[from] Stealth Rock
|
|-heal|p2a: Metagross|32\/330|[from] item: Leftovers
|-heal|p1a: Heatran|361\/385|[from] item: Leftovers
|turn|21
|c|âfritschii|shit :D
|c|âfritschii|free healing metagross ^^
|leave|UchihaDavid n.n
|c|âsmogmog|hmm
|
|switch|p2a: Rotom-Wash|Rotom-Wash|266\/304
|-damage|p2a: Rotom-Wash|228\/304|[from] Stealth Rock
|switch|p1a: Rotom-Wash|Rotom-Wash|129\/304 brn
|-damage|p1a: Rotom-Wash|91\/304 brn|[from] Stealth Rock
|
|-heal|p2a: Rotom-Wash|304\/304|[from] move: Wish|[wisher] Clefable
|-heal|p1a: Rotom-Wash|110\/304 brn|[from] item: Leftovers
|-damage|p1a: Rotom-Wash|72\/304 brn|[from] brn
|turn|22
|
|switch|p2a: Clefable|Clefable, F|391\/391
|-damage|p2a: Clefable|343\/391|[from] Stealth Rock
|move|p1a: Rotom-Wash|Pain Split|p2a: Clefable
|-sethp|p2a: Clefable|207\/391|p1a: Rotom-Wash|207\/304 brn|[from] move: Pain Split
|
|-heal|p1a: Rotom-Wash|226\/304 brn|[from] item: Leftovers
|-damage|p1a: Rotom-Wash|188\/304 brn|[from] brn
|turn|23
|c|âfritschii|nice game 
|c|âfritschii|^^
|c|âsmogmog|heh :)
|
|move|p1a: Rotom-Wash|Volt Switch|p2a: Clefable
|-damage|p2a: Clefable|138\/391
|
|switch|p1a: Heatran|Heatran, F|361\/385
|-damage|p1a: Heatran|313\/385|[from] Stealth Rock
|move|p2a: Clefable|Wish|p2a: Clefable
|
|-heal|p1a: Heatran|337\/385|[from] item: Leftovers
|turn|24
|
|move|p2a: Clefable|Protect|p2a: Clefable
|-singleturn|p2a: Clefable|Protect
|move|p1a: Heatran|Lava Plume|p2a: Clefable
|-activate|p2a: Clefable|Protect
|
|-heal|p2a: Clefable|333\/391|[from] move: Wish|[wisher] Clefable
|-heal|p1a: Heatran|361\/385|[from] item: Leftovers
|turn|25
|
|move|p1a: Heatran|Lava Plume|p2a: Clefable
|-damage|p2a: Clefable|245\/391
|move|p2a: Clefable|Wish|p2a: Clefable
|
|-heal|p1a: Heatran|385\/385|[from] item: Leftovers
|turn|26
|
|move|p1a: Heatran|Lava Plume|p2a: Clefable
|-damage|p2a: Clefable|146\/391
|move|p2a: Clefable|Moonblast|p1a: Heatran
|-resisted|p1a: Heatran
|-damage|p1a: Heatran|366\/385
|
|-heal|p2a: Clefable|341\/391|[from] move: Wish|[wisher] Clefable
|-heal|p1a: Heatran|385\/385|[from] item: Leftovers
|turn|27
|c|âfritschii|that damage ^^
|
|move|p1a: Heatran|Lava Plume|p2a: Clefable
|-crit|p2a: Clefable
|-damage|p2a: Clefable|205\/391
|move|p2a: Clefable|Wish|p2a: Clefable
|
|turn|28
|c|âsmogmog|true
|
|move|p1a: Heatran|Lava Plume|p2a: Clefable
|-damage|p2a: Clefable|117\/391
|-status|p2a: Clefable|brn
|move|p2a: Clefable|Moonblast|p1a: Heatran
|-resisted|p1a: Heatran
|-damage|p1a: Heatran|366\/385
|
|-heal|p2a: Clefable|312\/391 brn|[from] move: Wish|[wisher] Clefable
|-heal|p1a: Heatran|385\/385|[from] item: Leftovers
|-damage|p2a: Clefable|264\/391 brn|[from] brn
|turn|29
|c|âfritschii|no magic guard 
|c|âfritschii|ok unaware
|c|âfritschii|^^
|
|move|p1a: Heatran|Lava Plume|p2a: Clefable
|-damage|p2a: Clefable|179\/391 brn
|move|p2a: Clefable|Wish|p2a: Clefable
|
|-damage|p2a: Clefable|131\/391 brn|[from] brn
|turn|30
|c|âsmogmog|:)
|
|move|p1a: Heatran|Lava Plume|p2a: Clefable
|-damage|p2a: Clefable|29\/391 brn
|move|p2a: Clefable|Heal Bell|p2a: Clefable
|-cureteam|p2a: Clefable|[from] move: HealBell
|
|-heal|p2a: Clefable|224\/391|[from] move: Wish|[wisher] Clefable
|turn|31
|
|move|p1a: Heatran|Toxic|p2a: Clefable
|-status|p2a: Clefable|tox
|move|p2a: Clefable|Wish|p2a: Clefable
|
|-damage|p2a: Clefable|200\/391 tox|[from] psn
|turn|32
|c|âsmogmog|3 physical mons so heal bell was necessary anyway
|c|âfritschii|yeah...
|
|switch|p2a: Landorus-Therian|Landorus-Therian, M|247\/375
|-damage|p2a: Landorus-Therian|201\/375|[from] Stealth Rock
|-ability|p2a: Landorus-Therian|Intimidate|[of] p1a: Heatran
|-unboost|p1a: Heatran|atk|1
|move|p1a: Heatran|Lava Plume|p2a: Landorus-Therian
|-crit|p2a: Landorus-Therian
|-damage|p2a: Landorus-Therian|0 fnt
|faint|p2a: Landorus-Therian
|
|c|âsmogmog|those crits kill me
|c|âfritschii|outch
|c|âfritschii|sry
|c|âfritschii|for that crit
|
|switch|p2a: Rotom-Wash|Rotom-Wash|304\/304
|-damage|p2a: Rotom-Wash|266\/304|[from] Stealth Rock
|turn|33
|
|switch|p1a: Venusaur|Venusaur-Mega, F|319\/364 brn
|-damage|p1a: Venusaur|274\/364 brn|[from] Stealth Rock
|move|p2a: Rotom-Wash|Hydro Pump|p1a: Venusaur
|-resisted|p1a: Venusaur
|-damage|p1a: Venusaur|214\/364 brn
|
|-heal|p2a: Rotom-Wash|285\/304|[from] item: Leftovers
|-damage|p1a: Venusaur|169\/364 brn|[from] brn
|turn|34
|
|move|p2a: Rotom-Wash|Volt Switch|p1a: Venusaur
|-crit|p1a: Venusaur
|-resisted|p1a: Venusaur
|-damage|p1a: Venusaur|111\/364 brn
|
|switch|p2a: Metagross|Metagross|32\/330
|-damage|p2a: Metagross|12\/330|[from] Stealth Rock
|move|p1a: Venusaur|Sludge Bomb|p2a: Metagross
|-immune|p2a: Metagross|[msg]
|
|-heal|p2a: Metagross|32\/330|[from] item: Leftovers
|-damage|p1a: Venusaur|66\/364 brn|[from] brn
|turn|35
|
|move|p2a: Metagross|Meteor Mash|p1a: Venusaur|[miss]
|-miss|p2a: Metagross|p1a: Venusaur
|move|p1a: Venusaur|Synthesis|p1a: Venusaur
|-heal|p1a: Venusaur|248\/364 brn
|
|-heal|p2a: Metagross|52\/330|[from] item: Leftovers
|-damage|p1a: Venusaur|203\/364 brn|[from] brn
|turn|36
|
|move|p2a: Metagross|Meteor Mash|p1a: Venusaur
|-damage|p1a: Venusaur|94\/364 brn
|-boost|p2a: Metagross|atk|1
|move|p1a: Venusaur|Sleep Powder|p2a: Metagross|[miss]
|-miss|p1a: Venusaur|p2a: Metagross
|
|-heal|p2a: Metagross|72\/330|[from] item: Leftovers
|-damage|p1a: Venusaur|49\/364 brn|[from] brn
|turn|37
|
|move|p2a: Metagross|Meteor Mash|p1a: Venusaur
|-crit|p1a: Venusaur
|-damage|p1a: Venusaur|0 fnt
|faint|p1a: Venusaur
|
|-heal|p2a: Metagross|92\/330|[from] item: Leftovers
|
|switch|p1a: Azumarill|Azumarill, F|292\/401
|-damage|p1a: Azumarill|242\/401|[from] Stealth Rock
|turn|38
|c|âsmogmog|crit back
|
|move|p2a: Metagross|Meteor Mash|p1a: Azumarill
|-damage|p1a: Azumarill|0 fnt
|faint|p1a: Azumarill
|
|-heal|p2a: Metagross|112\/330|[from] item: Leftovers
|c|âfritschii|yeah
|
|switch|p1a: Keldeo|Keldeo|323\/323
|-damage|p1a: Keldeo|303\/323|[from] Stealth Rock
|turn|39
|c|âsmogmog|why not keldeo revenge
|c|âsmogmog|ah
|c|âfritschii|missplay
|c|âfritschii|^^
|
|move|p1a: Keldeo|Hidden Power|p2a: Metagross
|-damage|p2a: Metagross|0 fnt
|faint|p2a: Metagross
|
|c|âsmogmog|weird power
|c|âsmogmog|electric?
|c|âfritschii|Dragon ^^
|c|âfritschii|:D
|c|âsmogmog|for gyara
|c|âsmogmog|ah :D
|c|âfritschii|hidden power fighting :D
|
|switch|p2a: Rotom-Wash|Rotom-Wash|285\/304
|-damage|p2a: Rotom-Wash|247\/304|[from] Stealth Rock
|turn|40
|c|âfritschii|its real^^
|
|switch|p1a: Rotom-Wash|Rotom-Wash|188\/304 brn
|-damage|p1a: Rotom-Wash|150\/304 brn|[from] Stealth Rock
|move|p2a: Rotom-Wash|Volt Switch|p1a: Rotom-Wash
|-damage|p1a: Rotom-Wash|69\/304 brn
|c|âsmogmog|messed up your iv?
|
|switch|p2a: Pinsir|Pinsir-Mega, M|235\/271
|-damage|p2a: Pinsir|100\/271|[from] Stealth Rock
|
|-heal|p1a: Rotom-Wash|88\/304 brn|[from] item: Leftovers
|-damage|p1a: Rotom-Wash|50\/304 brn|[from] brn
|turn|41
|c|âfritschii|gg
|
|move|p2a: Pinsir|Return|p1a: Rotom-Wash
|-resisted|p1a: Rotom-Wash
|-damage|p1a: Rotom-Wash|0 fnt
|faint|p1a: Rotom-Wash
|
|c|âsmogmog|gg
|
|switch|p1a: Keldeo|Keldeo|303\/323
|-damage|p1a: Keldeo|283\/323|[from] Stealth Rock
|turn|42
|
|move|p2a: Pinsir|Feint|p1a: Keldeo
|-supereffective|p1a: Keldeo
|-damage|p1a: Keldeo|109\/323
|move|p1a: Keldeo|Hidden Power|p2a: Pinsir
|-supereffective|p2a: Pinsir
|-damage|p2a: Pinsir|0 fnt
|faint|p2a: Pinsir
|
|c|âsmogmog|i guessed right :)
|
|switch|p2a: Clefable|Clefable, F|200\/391 tox
|-damage|p2a: Clefable|152\/391 tox|[from] Stealth Rock
|turn|43
|c|âfritschii|whats feint ? :D
|
|move|p1a: Keldeo|Hidden Power|p2a: Clefable
|-damage|p2a: Clefable|74\/391 tox
|move|p2a: Clefable|Wish|p2a: Clefable
|
|-damage|p2a: Clefable|50\/391 tox|[from] psn
|turn|44
|c|âsmogmog|+2 for talonflame
|
|switch|p1a: Heatran|Heatran, F|385\/385
|-damage|p1a: Heatran|337\/385|[from] Stealth Rock
|move|p2a: Clefable|Protect|p2a: Clefable
|-fail|p2a: Clefable
|
|-heal|p2a: Clefable|245\/391 tox|[from] move: Wish|[wisher] Clefable
|-heal|p1a: Heatran|361\/385|[from] item: Leftovers
|-damage|p2a: Clefable|197\/391 tox|[from] psn
|turn|45
|c|âfritschii|ah
|c|âfritschii|^^
|
|switch|p2a: Rotom-Wash|Rotom-Wash|247\/304
|-damage|p2a: Rotom-Wash|209\/304|[from] Stealth Rock
|move|p1a: Heatran|Toxic|p2a: Rotom-Wash
|-status|p2a: Rotom-Wash|tox
|
|-heal|p2a: Rotom-Wash|228\/304 tox|[from] item: Leftovers
|-heal|p1a: Heatran|385\/385|[from] item: Leftovers
|-damage|p2a: Rotom-Wash|209\/304 tox|[from] psn
|turn|46
|c|âsmogmog|well predicted
|c|âfritschii|thanks
|c|âsmogmog|min speed on heatran
|c|âsmogmog|i could have killed with meta
|c|âsmogmog|who would have known
|c|âsmogmog|wtf 46 turns?
|c|âfritschii|yeah
|
|move|p2a: Rotom-Wash|Hydro Pump|p1a: Heatran
|-supereffective|p1a: Heatran
|-damage|p1a: Heatran|187\/385
|move|p1a: Heatran|Lava Plume|p2a: Rotom-Wash
|-resisted|p2a: Rotom-Wash
|-damage|p2a: Rotom-Wash|156\/304 tox
|
|-heal|p2a: Rotom-Wash|175\/304 tox|[from] item: Leftovers
|-heal|p1a: Heatran|211\/385|[from] item: Leftovers
|-damage|p2a: Rotom-Wash|137\/304 tox|[from] psn
|turn|47
|
|move|p2a: Rotom-Wash|Volt Switch|p1a: Heatran
|-damage|p1a: Heatran|150\/385
|
|switch|p2a: Clefable|Clefable, F|197\/391 tox
|-damage|p2a: Clefable|149\/391 tox|[from] Stealth Rock
|move|p1a: Heatran|Lava Plume|p2a: Clefable
|-damage|p2a: Clefable|52\/391 tox
|
|-heal|p1a: Heatran|174\/385|[from] item: Leftovers
|-damage|p2a: Clefable|28\/391 tox|[from] psn
|turn|48
|
|move|p1a: Heatran|Lava Plume|p2a: Clefable
|-damage|p2a: Clefable|0 fnt
|faint|p2a: Clefable
|
|-heal|p1a: Heatran|198\/385|[from] item: Leftovers
|
|switch|p2a: Rotom-Wash|Rotom-Wash|137\/304 tox
|-damage|p2a: Rotom-Wash|99\/304 tox|[from] Stealth Rock
|turn|49
|c|âsmogmog|gg you win this
|-message|smogmog forfeited.
|
|win|fritschii
|raw|Ladder updating...
|leave|smogmog
|player|p2
|c|âfritschii|live that hydro^^
|raw|fritschii's rating: 1495 &rarr; <strong>1514<\/strong><br \/>(+19 for winning)
|raw|smogmog's rating: 1476 &rarr; <strong>1457<\/strong><br \/>(-19 for losing)
|c|âfritschii|very good game ^^