|join|smogmog
|join|BobsBurgersBobHere
|player|p1|smogmog|107
|player|p2|BobsBurgersBobHere|263
|gametype|singles
|gen|6
|tier|OU
|rated
|clearpoke
|poke|p1|Heatran, F
|poke|p1|Venomoth, M
|poke|p1|Deoxys-Speed
|poke|p1|Clefable, F
|poke|p1|Blastoise, F
|poke|p1|Zapdos
|poke|p2|Talonflame, M
|poke|p2|Manectric, M
|poke|p2|Azumarill, M
|poke|p2|Breloom, M
|poke|p2|Kyurem
|poke|p2|Deoxys-Defense
|rule|Swagger Clause: Swagger is banned
|rule|Baton Pass Clause: Limit three PokÃ©mon knowing Baton Pass
|rule|Sleep Clause Mod: Limit one foe put to sleep
|rule|Species Clause: Limit one of each PokÃ©mon
|rule|OHKO Clause: OHKO moves are banned
|rule|Moody Clause: Moody is banned
|rule|Evasion Moves Clause: Evasion moves are banned
|rule|Endless Battle Clause: Forcing endless battles is banned
|rule|HP Percentage Mod: HP is reported as percentages
|teampreview
|chat|smogmog|have fun
|chat|BobsBurgersBobHere|don't tell me what to do
|
|start
|switch|p1a: Zapdos|Zapdos|371\/371
|switch|p2a: Space Deadpool|Deoxys-Defense|304\/304
|-ability|p1a: Zapdos|Pressure
|-ability|p2a: Space Deadpool|Pressure
|turn|1
|chat|BobsBurgersBobHere|do you have any idea what I am capable of?
|
|move|p1a: Zapdos|Thunderbolt|p2a: Space Deadpool
|-damage|p2a: Space Deadpool|225\/304
|-enditem|p2a: Space Deadpool|Red Card|[of] p1a: Zapdos
|drag|p1a: Clefable|Clefable, F|394\/394
|move|p2a: Space Deadpool|Stealth Rock|p1a: Clefable
|-sidestart|p1: smogmog|move: Stealth Rock
|
|turn|2
|chat|BobsBurgersBobHere|I was making burgers since before you were born
|chat|smogmog|like you are the master of all :P
|chat|smogmog|i might be a bit moldier than your burgers :D
|
|move|p2a: Space Deadpool|Spikes|p1a: Clefable
|-sidestart|p1: smogmog|Spikes
|move|p1a: Clefable|Encore|p2a: Space Deadpool
|-start|p2a: Space Deadpool|Encore
|
|turn|3
|chat|BobsBurgersBobHere|Quit with your smack talk boy
|chat|BobsBurgersBobHere|>implying I wasn't going to spike stack anyways you pleb
|
|switch|p1a: Blastoise|Blastoise, F|362\/362
|-damage|p1a: Blastoise|317\/362|[from] Stealth Rock
|-damage|p1a: Blastoise|272\/362|[from] Spikes
|move|p2a: Space Deadpool|Spikes|p1a: Blastoise
|-sidestart|p1: smogmog|Spikes
|
|turn|4
|
|switch|p2a: Sparky|Manectric, M|282\/282
|detailschange|p1a: Blastoise|Blastoise-Mega, F
|message|Blastoise has Mega Evolved into Mega Blastoise!
|move|p1a: Blastoise|Rapid Spin|p2a: Sparky
|-damage|p2a: Sparky|263\/282
|-sideend|p1: smogmog|Spikes|[from] move: Rapid Spin|[of] p1a: Blastoise
|-sideend|p1: smogmog|Stealth Rock|[from] move: Rapid Spin|[of] p1a: Blastoise
|
|turn|5
|chat|smogmog|implying i care
|chat|smogmog|:D
|
|switch|p1a: Zapdos|Zapdos|371\/371
|-ability|p1a: Zapdos|Pressure
|detailschange|p2a: Sparky|Manectric-Mega, M
|message|Manectric has Mega Evolved into Mega Manectric!
|-ability|p2a: Sparky|Intimidate|[of] p1a: Zapdos
|-unboost|p1a: Zapdos|atk|1
|move|p2a: Sparky|Volt Switch|p1a: Zapdos
|-damage|p1a: Zapdos|238\/371
|chat|BobsBurgersBobHere|Let's go son, I don't have all day
|chat|smogmog|but i have :))
|
|switch|p2a: Space Deadpool|Deoxys-Defense|225\/304
|-ability|p2a: Space Deadpool|Pressure
|
|-heal|p1a: Zapdos|261\/371|[from] item: Leftovers
|turn|6
|
|move|p1a: Zapdos|Baton Pass|p1a: Zapdos
|chat|BobsBurgersBobHere|Actually you have 150 seconds to screw up
|
|switch|p1a: Venomoth|Venomoth, M|343\/343
|move|p2a: Space Deadpool|Stealth Rock|p1a: Venomoth
|-sidestart|p1: smogmog|move: Stealth Rock
|
|turn|7
|chat|BobsBurgersBobHere|Oh my now Venomoth has -1 attack
|chat|BobsBurgersBobHere|brilliant
|
|move|p1a: Venomoth|Sleep Powder|p2a: Space Deadpool
|-status|p2a: Space Deadpool|slp
|cant|p2a: Space Deadpool|slp
|
|turn|8
|
|switch|p2a: Spicy McNugget|Talonflame, M|359\/359
|move|p1a: Venomoth|Baton Pass|p1a: Venomoth
|
|switch|p1a: Heatran|Heatran, F|336\/336
|-damage|p1a: Heatran|294\/336|[from] Stealth Rock
|
|-heal|p1a: Heatran|315\/336|[from] item: Leftovers
|turn|9
|chat|smogmog|natural gift please
|
|switch|p2a: George Takei|Kyurem|391\/391
|-ability|p2a: George Takei|Pressure
|move|p1a: Heatran|Stealth Rock|p2a: George Takei
|-sidestart|p2: BobsBurgersBobHere|move: Stealth Rock
|
|-heal|p1a: Heatran|336\/336|[from] item: Leftovers
|turn|10
|
|switch|p1a: Clefable|Clefable, F|394\/394
|-damage|p1a: Clefable|345\/394|[from] Stealth Rock
|move|p2a: George Takei|Earth Power|p1a: Clefable
|-damage|p1a: Clefable|250\/394
|-unboost|p1a: Clefable|spd|1
|
|-heal|p1a: Clefable|274\/394|[from] item: Leftovers
|turn|11
|
|switch|p2a: Spicy McNugget|Talonflame, M|359\/359
|-damage|p2a: Spicy McNugget|180\/359|[from] Stealth Rock
|move|p1a: Clefable|Wish|p1a: Clefable
|
|-heal|p1a: Clefable|298\/394|[from] item: Leftovers
|turn|12
|
|move|p2a: Spicy McNugget|Roost|p2a: Spicy McNugget
|-heal|p2a: Spicy McNugget|359\/359
|move|p1a: Clefable|Moonblast|p2a: Spicy McNugget
|-resisted|p2a: Spicy McNugget
|-damage|p2a: Spicy McNugget|286\/359
|
|-heal|p1a: Clefable|394\/394|[from] move: Wish|[wisher] Clefable
|turn|13
|
|move|p1a: Clefable|Protect|p1a: Clefable
|-singleturn|p1a: Clefable|Protect
|move|p2a: Spicy McNugget|Brave Bird|p1a: Clefable
|-activate|p1a: Clefable|Protect
|
|turn|14
|
|move|p2a: Spicy McNugget|Brave Bird|p1a: Clefable
|-crit|p1a: Clefable
|-damage|p1a: Clefable|63\/394
|-damage|p2a: Spicy McNugget|177\/359|[from] recoil|[of] p1a: Clefable
|move|p1a: Clefable|Wish|p1a: Clefable
|
|-heal|p1a: Clefable|87\/394|[from] item: Leftovers
|turn|15
|
|move|p1a: Clefable|Protect|p1a: Clefable
|-singleturn|p1a: Clefable|Protect
|move|p2a: Spicy McNugget|Roost|p2a: Spicy McNugget
|-heal|p2a: Spicy McNugget|357\/359
|
|-heal|p1a: Clefable|284\/394|[from] move: Wish|[wisher] Clefable
|-heal|p1a: Clefable|308\/394|[from] item: Leftovers
|turn|16
|
|move|p2a: Spicy McNugget|Brave Bird|p1a: Clefable
|-damage|p1a: Clefable|61\/394
|-damage|p2a: Spicy McNugget|275\/359|[from] recoil|[of] p1a: Clefable
|move|p1a: Clefable|Wish|p1a: Clefable
|
|-heal|p1a: Clefable|85\/394|[from] item: Leftovers
|turn|17
|
|move|p1a: Clefable|Protect|p1a: Clefable
|-singleturn|p1a: Clefable|Protect
|move|p2a: Spicy McNugget|Brave Bird|p1a: Clefable
|-activate|p1a: Clefable|Protect
|
|-heal|p1a: Clefable|282\/394|[from] move: Wish|[wisher] Clefable
|-heal|p1a: Clefable|306\/394|[from] item: Leftovers
|turn|18
|
|move|p2a: Spicy McNugget|Brave Bird|p1a: Clefable
|-damage|p1a: Clefable|80\/394
|-damage|p2a: Spicy McNugget|200\/359|[from] recoil|[of] p1a: Clefable
|move|p1a: Clefable|Wish|p1a: Clefable
|
|-heal|p1a: Clefable|104\/394|[from] item: Leftovers
|turn|19
|
|switch|p2a: Fungus Man|Breloom, M|262\/262
|-damage|p2a: Fungus Man|246\/262|[from] Stealth Rock
|move|p1a: Clefable|Protect|p1a: Clefable
|-fail|p1a: Clefable
|
|-heal|p1a: Clefable|301\/394|[from] move: Wish|[wisher] Clefable
|-heal|p1a: Clefable|325\/394|[from] item: Leftovers
|turn|20
|
|switch|p1a: Zapdos|Zapdos|261\/371
|-damage|p1a: Zapdos|169\/371|[from] Stealth Rock
|-ability|p1a: Zapdos|Pressure
|move|p2a: Fungus Man|Spore|p1a: Zapdos
|-status|p1a: Zapdos|slp
|
|-heal|p1a: Zapdos|192\/371 slp|[from] item: Leftovers
|turn|21
|
|switch|p1a: Clefable|Clefable, F|325\/394
|-damage|p1a: Clefable|276\/394|[from] Stealth Rock
|move|p2a: Fungus Man|Swords Dance|p2a: Fungus Man
|-boost|p2a: Fungus Man|atk|2
|
|-heal|p1a: Clefable|300\/394|[from] item: Leftovers
|turn|22
|
|move|p2a: Fungus Man|Bullet Seed|p1a: Clefable
|-damage|p1a: Clefable|213\/394
|-damage|p1a: Clefable|129\/394
|-hitcount|p1a: Clefable|2
|move|p1a: Clefable|Moonblast|p2a: Fungus Man
|-supereffective|p2a: Fungus Man
|-damage|p2a: Fungus Man|0 fnt
|faint|p2a: Fungus Man
|
|-heal|p1a: Clefable|153\/394|[from] item: Leftovers
|chat|BobsBurgersBobHere|nooooo
|
|switch|p2a: Easter Bunny|Azumarill, M|341\/341
|-damage|p2a: Easter Bunny|299\/341|[from] Stealth Rock
|turn|23
|
|move|p1a: Clefable|Protect|p1a: Clefable
|-singleturn|p1a: Clefable|Protect
|move|p2a: Easter Bunny|Play Rough|p1a: Clefable
|-activate|p1a: Clefable|Protect
|
|-heal|p1a: Clefable|177\/394|[from] item: Leftovers
|turn|24
|
|switch|p1a: Zapdos|Zapdos|192\/371 slp
|-damage|p1a: Zapdos|100\/371 slp|[from] Stealth Rock
|-ability|p1a: Zapdos|Pressure
|move|p2a: Easter Bunny|Play Rough|p1a: Zapdos
|-damage|p1a: Zapdos|0 fnt
|faint|p1a: Zapdos
|
|
|switch|p1a: Blastoise|Blastoise-Mega, F|272\/362
|-damage|p1a: Blastoise|227\/362|[from] Stealth Rock
|turn|25
|
|move|p1a: Blastoise|Rapid Spin|p2a: Easter Bunny
|-damage|p2a: Easter Bunny|286\/341
|-sideend|p1: smogmog|Stealth Rock|[from] move: Rapid Spin|[of] p1a: Blastoise
|move|p2a: Easter Bunny|Play Rough|p1a: Blastoise|[miss]
|-miss|p2a: Easter Bunny|p1a: Blastoise
|
|turn|26
|
|switch|p1a: Heatran|Heatran, F|336\/336
|move|p2a: Easter Bunny|Play Rough|p1a: Heatran
|-resisted|p1a: Heatran
|-damage|p1a: Heatran|290\/336
|
|-heal|p1a: Heatran|311\/336|[from] item: Leftovers
|turn|27
|
|switch|p2a: George Takei|Kyurem|391\/391
|-damage|p2a: George Takei|294\/391|[from] Stealth Rock
|-ability|p2a: George Takei|Pressure
|move|p1a: Heatran|Lava Plume|p2a: George Takei
|-damage|p2a: George Takei|134\/391
|
|-heal|p1a: Heatran|332\/336|[from] item: Leftovers
|turn|28
|
|switch|p1a: Deoxys-Speed|Deoxys-Speed|241\/241
|-ability|p1a: Deoxys-Speed|Pressure
|move|p2a: George Takei|Earth Power|p1a: Deoxys-Speed
|-damage|p1a: Deoxys-Speed|109\/241
|
|turn|29
|
|switch|p2a: Space Deadpool|Deoxys-Defense|225\/304 slp
|-damage|p2a: Space Deadpool|187\/304 slp|[from] Stealth Rock
|-ability|p2a: Space Deadpool|Pressure
|move|p1a: Deoxys-Speed|Superpower|p2a: Space Deadpool
|-resisted|p2a: Space Deadpool
|-damage|p2a: Space Deadpool|147\/304 slp
|-unboost|p1a: Deoxys-Speed|atk|1
|-unboost|p1a: Deoxys-Speed|def|1
|-damage|p1a: Deoxys-Speed|85\/241|[from] item: Life Orb
|
|turn|30
|
|move|p1a: Deoxys-Speed|Dark Pulse|p2a: Space Deadpool
|-supereffective|p2a: Space Deadpool
|-damage|p2a: Space Deadpool|22\/304 slp
|-damage|p1a: Deoxys-Speed|61\/241|[from] item: Life Orb
|cant|p2a: Space Deadpool|slp
|
|turn|31
|
|move|p1a: Deoxys-Speed|Psyshock|p2a: Space Deadpool
|-resisted|p2a: Space Deadpool
|-damage|p2a: Space Deadpool|0 fnt
|-damage|p1a: Deoxys-Speed|37\/241|[from] item: Life Orb
|faint|p2a: Space Deadpool
|
|
|switch|p2a: Spicy McNugget|Talonflame, M|200\/359
|-damage|p2a: Spicy McNugget|21\/359|[from] Stealth Rock
|turn|32
|
|switch|p1a: Heatran|Heatran, F|332\/336
|move|p2a: Spicy McNugget|Brave Bird|p1a: Heatran
|-resisted|p1a: Heatran
|-damage|p1a: Heatran|242\/336
|-damage|p2a: Spicy McNugget|0 fnt|[from] recoil|[of] p1a: Heatran
|faint|p2a: Spicy McNugget
|
|-heal|p1a: Heatran|263\/336|[from] item: Leftovers
|
|switch|p2a: George Takei|Kyurem|134\/391
|-damage|p2a: George Takei|37\/391|[from] Stealth Rock
|-ability|p2a: George Takei|Pressure
|turn|33
|
|switch|p1a: Clefable|Clefable, F|177\/394
|move|p2a: George Takei|Earth Power|p1a: Clefable
|-damage|p1a: Clefable|85\/394
|
|-heal|p1a: Clefable|109\/394|[from] item: Leftovers
|turn|34
|
|move|p1a: Clefable|Protect|p1a: Clefable
|-singleturn|p1a: Clefable|Protect
|move|p2a: George Takei|Earth Power|p1a: Clefable
|-activate|p1a: Clefable|Protect
|
|-heal|p1a: Clefable|133\/394|[from] item: Leftovers
|turn|35
|
|move|p2a: George Takei|Earth Power|p1a: Clefable
|-damage|p1a: Clefable|37\/394
|-unboost|p1a: Clefable|spd|1
|move|p1a: Clefable|Wish|p1a: Clefable
|
|-heal|p1a: Clefable|61\/394|[from] item: Leftovers
|turn|36
|
|move|p1a: Clefable|Protect|p1a: Clefable
|-singleturn|p1a: Clefable|Protect
|move|p2a: George Takei|Earth Power|p1a: Clefable
|-activate|p1a: Clefable|Protect
|
|-heal|p1a: Clefable|258\/394|[from] move: Wish|[wisher] Clefable
|-heal|p1a: Clefable|282\/394|[from] item: Leftovers
|turn|37
|
|move|p2a: George Takei|Earth Power|p1a: Clefable
|-crit|p1a: Clefable
|-damage|p1a: Clefable|97\/394
|move|p1a: Clefable|Wish|p1a: Clefable
|
|-heal|p1a: Clefable|121\/394|[from] item: Leftovers
|turn|38
|
|switch|p2a: Easter Bunny|Azumarill, M|286\/341
|-damage|p2a: Easter Bunny|244\/341|[from] Stealth Rock
|move|p1a: Clefable|Protect|p1a: Clefable
|-fail|p1a: Clefable
|
|-heal|p1a: Clefable|318\/394|[from] move: Wish|[wisher] Clefable
|-heal|p1a: Clefable|342\/394|[from] item: Leftovers
|turn|39
|
|move|p1a: Clefable|Wish|p1a: Clefable
|move|p2a: Easter Bunny|Play Rough|p1a: Clefable
|-damage|p1a: Clefable|95\/394
|
|-heal|p1a: Clefable|119\/394|[from] item: Leftovers
|turn|40
|
|move|p1a: Clefable|Protect|p1a: Clefable
|-singleturn|p1a: Clefable|Protect
|move|p2a: Easter Bunny|Play Rough|p1a: Clefable
|-activate|p1a: Clefable|Protect
|
|-heal|p1a: Clefable|316\/394|[from] move: Wish|[wisher] Clefable
|-heal|p1a: Clefable|340\/394|[from] item: Leftovers
|turn|41
|
|move|p1a: Clefable|Wish|p1a: Clefable
|move|p2a: Easter Bunny|Play Rough|p1a: Clefable
|-damage|p1a: Clefable|130\/394
|
|-heal|p1a: Clefable|154\/394|[from] item: Leftovers
|turn|42
|
|move|p1a: Clefable|Protect|p1a: Clefable
|-singleturn|p1a: Clefable|Protect
|move|p2a: Easter Bunny|Play Rough|p1a: Clefable
|-activate|p1a: Clefable|Protect
|
|-heal|p1a: Clefable|351\/394|[from] move: Wish|[wisher] Clefable
|-heal|p1a: Clefable|375\/394|[from] item: Leftovers
|turn|43
|
|move|p1a: Clefable|Wish|p1a: Clefable
|move|p2a: Easter Bunny|Play Rough|p1a: Clefable
|-damage|p1a: Clefable|128\/394
|
|-heal|p1a: Clefable|152\/394|[from] item: Leftovers
|turn|44
|
|move|p1a: Clefable|Protect|p1a: Clefable
|-singleturn|p1a: Clefable|Protect
|move|p2a: Easter Bunny|Play Rough|p1a: Clefable
|-activate|p1a: Clefable|Protect
|
|-heal|p1a: Clefable|349\/394|[from] move: Wish|[wisher] Clefable
|-heal|p1a: Clefable|373\/394|[from] item: Leftovers
|turn|45
|
|move|p1a: Clefable|Wish|p1a: Clefable
|move|p2a: Easter Bunny|Play Rough|p1a: Clefable
|-damage|p1a: Clefable|144\/394
|
|-heal|p1a: Clefable|168\/394|[from] item: Leftovers
|turn|46
|
|move|p1a: Clefable|Protect|p1a: Clefable
|-singleturn|p1a: Clefable|Protect
|move|p2a: Easter Bunny|Play Rough|p1a: Clefable
|-activate|p1a: Clefable|Protect
|
|-heal|p1a: Clefable|365\/394|[from] move: Wish|[wisher] Clefable
|-heal|p1a: Clefable|389\/394|[from] item: Leftovers
|turn|47
|
|switch|p1a: Heatran|Heatran, F|263\/336
|move|p2a: Easter Bunny|Waterfall|p1a: Heatran
|-supereffective|p1a: Heatran
|-damage|p1a: Heatran|0 fnt
|faint|p1a: Heatran
|
|chat|BobsBurgersBobHere|whoah
|chat|BobsBurgersBobHere|I am Arceus
|
|switch|p1a: Venomoth|Venomoth, M|343\/343
|turn|48
|
|move|p1a: Venomoth|Sleep Powder|p2a: Easter Bunny
|-status|p2a: Easter Bunny|slp
|cant|p2a: Easter Bunny|slp
|
|turn|49
|
|cant|p2a: Easter Bunny|slp
|move|p1a: Venomoth|Quiver Dance|p1a: Venomoth
|-boost|p1a: Venomoth|spa|1
|-boost|p1a: Venomoth|spd|1
|-boost|p1a: Venomoth|spe|1
|
|turn|50
|
|-curestatus|p2a: Easter Bunny|slp
|move|p2a: Easter Bunny|Aqua Jet|p1a: Venomoth
|-damage|p1a: Venomoth|210\/343
|move|p1a: Venomoth|Baton Pass|p1a: Venomoth
|
|switch|p1a: Clefable|Clefable, F|389\/394
|
|-heal|p1a: Clefable|394\/394|[from] item: Leftovers
|turn|51
|
|move|p1a: Clefable|Wish|p1a: Clefable
|move|p2a: Easter Bunny|Waterfall|p1a: Clefable
|-damage|p1a: Clefable|196\/394
|
|-heal|p1a: Clefable|220\/394|[from] item: Leftovers
|turn|52
|
|move|p1a: Clefable|Protect|p1a: Clefable
|-singleturn|p1a: Clefable|Protect
|move|p2a: Easter Bunny|Play Rough|p1a: Clefable
|-activate|p1a: Clefable|Protect
|
|-heal|p1a: Clefable|394\/394|[from] move: Wish|[wisher] Clefable
|turn|53
|
|move|p1a: Clefable|Wish|p1a: Clefable
|move|p2a: Easter Bunny|Waterfall|p1a: Clefable
|-damage|p1a: Clefable|204\/394
|
|-heal|p1a: Clefable|228\/394|[from] item: Leftovers
|turn|54
|
|move|p1a: Clefable|Protect|p1a: Clefable
|-singleturn|p1a: Clefable|Protect
|move|p2a: Easter Bunny|Play Rough|p1a: Clefable
|-activate|p1a: Clefable|Protect
|
|-heal|p1a: Clefable|394\/394|[from] move: Wish|[wisher] Clefable
|turn|55
|
|move|p1a: Clefable|Wish|p1a: Clefable
|move|p2a: Easter Bunny|Waterfall|p1a: Clefable
|-damage|p1a: Clefable|183\/394
|
|-heal|p1a: Clefable|207\/394|[from] item: Leftovers
|turn|56
|
|move|p1a: Clefable|Protect|p1a: Clefable
|-singleturn|p1a: Clefable|Protect
|move|p2a: Easter Bunny|Waterfall|p1a: Clefable
|-activate|p1a: Clefable|Protect
|
|-heal|p1a: Clefable|394\/394|[from] move: Wish|[wisher] Clefable
|turn|57
|
|move|p1a: Clefable|Moonblast|p2a: Easter Bunny
|-damage|p2a: Easter Bunny|127\/341
|move|p2a: Easter Bunny|Waterfall|p1a: Clefable
|-damage|p1a: Clefable|183\/394
|
|-heal|p1a: Clefable|207\/394|[from] item: Leftovers
|turn|58
|
|move|p1a: Clefable|Protect|p1a: Clefable
|-singleturn|p1a: Clefable|Protect
|move|p2a: Easter Bunny|Play Rough|p1a: Clefable
|-activate|p1a: Clefable|Protect
|
|-heal|p1a: Clefable|231\/394|[from] item: Leftovers
|turn|59
|
|move|p1a: Clefable|Moonblast|p2a: Easter Bunny
|-damage|p2a: Easter Bunny|22\/341
|move|p2a: Easter Bunny|Waterfall|p1a: Clefable
|-damage|p1a: Clefable|33\/394
|
|-heal|p1a: Clefable|57\/394|[from] item: Leftovers
|turn|60
|
|move|p2a: Easter Bunny|Aqua Jet|p1a: Clefable
|-damage|p1a: Clefable|0 fnt
|faint|p1a: Clefable
|
|
|switch|p1a: Blastoise|Blastoise-Mega, F|227\/362
|turn|61
|
|move|p1a: Blastoise|Water Pulse|p2a: Easter Bunny
|-resisted|p2a: Easter Bunny
|-damage|p2a: Easter Bunny|0 fnt
|faint|p2a: Easter Bunny
|
|
|switch|p2a: Sparky|Manectric-Mega, M|263\/282
|-damage|p2a: Sparky|228\/282|[from] Stealth Rock
|-ability|p2a: Sparky|Intimidate|[of] p1a: Blastoise
|-unboost|p1a: Blastoise|atk|1
|turn|62
|
|move|p2a: Sparky|Thunderbolt|p1a: Blastoise
|-supereffective|p1a: Blastoise
|-damage|p1a: Blastoise|0 fnt
|faint|p1a: Blastoise
|
|
|switch|p1a: Venomoth|Venomoth, M|210\/343
|turn|63
|
|move|p2a: Sparky|Overheat|p1a: Venomoth
|-crit|p1a: Venomoth
|-supereffective|p1a: Venomoth
|-damage|p1a: Venomoth|0 fnt
|-unboost|p2a: Sparky|spa|2
|faint|p1a: Venomoth
|
|
|switch|p1a: Deoxys-Speed|Deoxys-Speed|37\/241
|-ability|p1a: Deoxys-Speed|Pressure
|turn|64
|
|move|p1a: Deoxys-Speed|Psyshock|p2a: Sparky
|-damage|p2a: Sparky|41\/282
|-damage|p1a: Deoxys-Speed|13\/241|[from] item: Life Orb
|move|p2a: Sparky|Thunderbolt|p1a: Deoxys-Speed
|-damage|p1a: Deoxys-Speed|0 fnt
|faint|p1a: Deoxys-Speed
|
|win|BobsBurgersBobHere
|raw|Ladder updating...
|raw|smogmog's rating: 1486 &rarr; <strong>1467<\/strong><br \/>(-19 for losing)
|raw|BobsBurgersBobHere's rating: 1504 &rarr; <strong>1523<\/strong><br \/>(+19 for winning)
|chat|smogmog|gg
|chat|BobsBurgersBobHere|gg
|leave|smogmog
|player|p1
|chat|BobsBurgersBobHere|in all seriousness
|chat|BobsBurgersBobHere|oh ok he gone