|join|dtw
|join|smogmog
|player|p1|dtw|101
|player|p2|smogmog|107
|gametype|singles
|gen|6
|tier|OU
|rated
|clearpoke
|poke|p1|Keldeo
|poke|p1|Scizor, F
|poke|p1|Deoxys-Defense
|poke|p1|Azumarill, F
|poke|p1|Landorus, M
|poke|p1|Thundurus, M
|poke|p2|Heatran, M
|poke|p2|Venomoth, F
|poke|p2|Deoxys-Speed
|poke|p2|Clefable, M
|poke|p2|Blastoise, M
|poke|p2|Zapdos
|rule|Swagger Clause: Swagger is banned
|rule|Baton Pass Clause: Limit three PokÃ©mon knowing Baton Pass
|rule|Sleep Clause Mod: Limit one foe put to sleep
|rule|Species Clause: Limit one of each PokÃ©mon
|rule|OHKO Clause: OHKO moves are banned
|rule|Moody Clause: Moody is banned
|rule|Evasion Moves Clause: Evasion moves are banned
|rule|Endless Battle Clause: Forcing endless battles is banned
|rule|HP Percentage Mod: HP is reported as percentages
|teampreview
|chat|smogmog|have fun
|chat|dtw|u 2
|
|start
|switch|p1a: Deoxys-Defense|Deoxys-Defense|304\/304
|switch|p2a: Zapdos|Zapdos|371\/371
|-ability|p1a: Deoxys-Defense|Pressure
|-ability|p2a: Zapdos|Pressure
|turn|1
|
|move|p1a: Deoxys-Defense|Taunt|p2a: Zapdos
|-start|p2a: Zapdos|move: Taunt
|move|p2a: Zapdos|Thunderbolt|p1a: Deoxys-Defense
|-damage|p1a: Deoxys-Defense|211\/304
|
|turn|2
|
|move|p1a: Deoxys-Defense|Stealth Rock|p2a: Zapdos
|-sidestart|p2: smogmog|move: Stealth Rock
|move|p2a: Zapdos|Thunderbolt|p1a: Deoxys-Defense
|-damage|p1a: Deoxys-Defense|126\/304
|
|turn|3
|
|switch|p2a: Blastoise|Blastoise, M|362\/362
|-damage|p2a: Blastoise|317\/362|[from] Stealth Rock
|move|p1a: Deoxys-Defense|Seismic Toss|p2a: Blastoise
|-damage|p2a: Blastoise|217\/362
|
|turn|4
|
|detailschange|p2a: Blastoise|Blastoise-Mega, M
|message|Blastoise has Mega Evolved into Mega Blastoise!
|move|p1a: Deoxys-Defense|Spikes|p2a: Blastoise
|-sidestart|p2: smogmog|Spikes
|move|p2a: Blastoise|Rapid Spin|p1a: Deoxys-Defense
|-damage|p1a: Deoxys-Defense|117\/304
|-sideend|p2: smogmog|Spikes|[from] move: Rapid Spin|[of] p2a: Blastoise
|-sideend|p2: smogmog|Stealth Rock|[from] move: Rapid Spin|[of] p2a: Blastoise
|
|turn|5
|
|move|p1a: Deoxys-Defense|Stealth Rock|p2a: Blastoise
|-sidestart|p2: smogmog|move: Stealth Rock
|move|p2a: Blastoise|Water Pulse|p1a: Deoxys-Defense
|-damage|p1a: Deoxys-Defense|33\/304
|
|turn|6
|
|move|p1a: Deoxys-Defense|Seismic Toss|p2a: Blastoise
|-damage|p2a: Blastoise|117\/362
|move|p2a: Blastoise|Rapid Spin|p1a: Deoxys-Defense
|-damage|p1a: Deoxys-Defense|24\/304
|-sideend|p2: smogmog|Stealth Rock|[from] move: Rapid Spin|[of] p2a: Blastoise
|
|turn|7
|
|move|p1a: Deoxys-Defense|Stealth Rock|p2a: Blastoise
|-sidestart|p2: smogmog|move: Stealth Rock
|move|p2a: Blastoise|Rapid Spin|p1a: Deoxys-Defense
|-damage|p1a: Deoxys-Defense|15\/304
|-sideend|p2: smogmog|Stealth Rock|[from] move: Rapid Spin|[of] p2a: Blastoise
|
|turn|8
|
|move|p1a: Deoxys-Defense|Stealth Rock|p2a: Blastoise
|-sidestart|p2: smogmog|move: Stealth Rock
|move|p2a: Blastoise|Rapid Spin|p1a: Deoxys-Defense
|-damage|p1a: Deoxys-Defense|5\/304
|-sideend|p2: smogmog|Stealth Rock|[from] move: Rapid Spin|[of] p2a: Blastoise
|
|turn|9
|
|move|p1a: Deoxys-Defense|Seismic Toss|p2a: Blastoise
|-damage|p2a: Blastoise|17\/362
|move|p2a: Blastoise|Rapid Spin|p1a: Deoxys-Defense
|-damage|p1a: Deoxys-Defense|0 fnt
|faint|p1a: Deoxys-Defense
|
|
|switch|p1a: Thundurus|Thundurus, M|299\/299
|turn|10
|
|switch|p2a: Clefable|Clefable, M|394\/394
|move|p1a: Thundurus|Thunderbolt|p2a: Clefable
|-damage|p2a: Clefable|259\/394
|
|-heal|p2a: Clefable|283\/394|[from] item: Leftovers
|turn|11
|
|move|p1a: Thundurus|Taunt|p2a: Clefable
|-start|p2a: Clefable|move: Taunt
|cant|p2a: Clefable|move: Taunt|Wish
|
|-heal|p2a: Clefable|307\/394|[from] item: Leftovers
|turn|12
|
|move|p1a: Thundurus|Thunderbolt|p2a: Clefable
|-damage|p2a: Clefable|186\/394
|move|p2a: Clefable|Moonblast|p1a: Thundurus
|-damage|p1a: Thundurus|176\/299
|-unboost|p1a: Thundurus|spa|1
|
|-heal|p1a: Thundurus|194\/299|[from] item: Leftovers
|-heal|p2a: Clefable|210\/394|[from] item: Leftovers
|turn|13
|
|switch|p2a: Zapdos|Zapdos|371\/371
|-ability|p2a: Zapdos|Pressure
|move|p1a: Thundurus|Thunderbolt|p2a: Zapdos
|-damage|p2a: Zapdos|257\/371
|
|-heal|p1a: Thundurus|212\/299|[from] item: Leftovers
|-heal|p2a: Zapdos|280\/371|[from] item: Leftovers
|turn|14
|
|move|p1a: Thundurus|Taunt|p2a: Zapdos
|-start|p2a: Zapdos|move: Taunt
|move|p2a: Zapdos|Thunderbolt|p1a: Thundurus
|-damage|p1a: Thundurus|55\/299
|
|-heal|p1a: Thundurus|73\/299|[from] item: Leftovers
|-heal|p2a: Zapdos|303\/371|[from] item: Leftovers
|turn|15
|
|move|p1a: Thundurus|Thunderbolt|p2a: Zapdos
|-damage|p2a: Zapdos|195\/371
|move|p2a: Zapdos|Hidden Power|p1a: Thundurus
|-crit|p1a: Thundurus
|-supereffective|p1a: Thundurus
|-damage|p1a: Thundurus|0 fnt
|faint|p1a: Thundurus
|
|-heal|p2a: Zapdos|218\/371|[from] item: Leftovers
|
|switch|p1a: Keldeo|Keldeo|323\/323
|turn|16
|
|switch|p2a: Blastoise|Blastoise-Mega, M|17\/362
|move|p1a: Keldeo|Hydro Pump|p2a: Blastoise
|-resisted|p2a: Blastoise
|-damage|p2a: Blastoise|0 fnt
|-damage|p1a: Keldeo|291\/323|[from] item: Life Orb
|faint|p2a: Blastoise
|
|
|switch|p2a: Deoxys-Speed|Deoxys-Speed|241\/241
|-ability|p2a: Deoxys-Speed|Pressure
|turn|17
|
|move|p2a: Deoxys-Speed|Psyshock|p1a: Keldeo
|-supereffective|p1a: Keldeo
|-damage|p1a: Keldeo|0 fnt
|-damage|p2a: Deoxys-Speed|217\/241|[from] item: Life Orb
|faint|p1a: Keldeo
|
|
|switch|p1a: Scizor|Scizor, F|343\/343
|turn|18
|
|switch|p2a: Zapdos|Zapdos|218\/371
|-ability|p2a: Zapdos|Pressure
|detailschange|p1a: Scizor|Scizor-Mega, F
|message|Scizor has Mega Evolved into Mega Scizor!
|move|p1a: Scizor|Bullet Punch|p2a: Zapdos
|-resisted|p2a: Zapdos
|-damage|p2a: Zapdos|171\/371
|
|-heal|p2a: Zapdos|194\/371|[from] item: Leftovers
|turn|19
|
|move|p2a: Zapdos|Roost|p2a: Zapdos
|-heal|p2a: Zapdos|371\/371
|move|p1a: Scizor|Bug Bite|p2a: Zapdos
|-damage|p2a: Zapdos|230\/371
|
|-heal|p2a: Zapdos|253\/371|[from] item: Leftovers
|turn|20
|
|switch|p1a: Landorus|Landorus, M|319\/319
|move|p2a: Zapdos|Thunderbolt|p1a: Landorus
|-immune|p1a: Landorus|[msg]
|
|-heal|p2a: Zapdos|276\/371|[from] item: Leftovers
|turn|21
|
|move|p1a: Landorus|Sludge Wave|p2a: Zapdos
|-damage|p2a: Zapdos|73\/371
|move|p2a: Zapdos|Hidden Power|p1a: Landorus
|-supereffective|p1a: Landorus
|-damage|p1a: Landorus|39\/319
|
|-heal|p2a: Zapdos|96\/371|[from] item: Leftovers
|turn|22
|
|switch|p2a: Clefable|Clefable, M|210\/394
|move|p1a: Landorus|Sludge Wave|p2a: Clefable
|-supereffective|p2a: Clefable
|-damage|p2a: Clefable|0 fnt
|faint|p2a: Clefable
|
|
|switch|p2a: Deoxys-Speed|Deoxys-Speed|217\/241
|-ability|p2a: Deoxys-Speed|Pressure
|turn|23
|
|move|p2a: Deoxys-Speed|Dark Pulse|p1a: Landorus
|-crit|p1a: Landorus
|-damage|p1a: Landorus|0 fnt
|-damage|p2a: Deoxys-Speed|193\/241|[from] item: Life Orb
|faint|p1a: Landorus
|
|
|switch|p1a: Azumarill|Azumarill, F|364\/364
|turn|24
|
|move|p2a: Deoxys-Speed|Psyshock|p1a: Azumarill
|-damage|p1a: Azumarill|173\/364
|-damage|p2a: Deoxys-Speed|169\/241|[from] item: Life Orb
|-enditem|p1a: Azumarill|Sitrus Berry|[eat]
|-heal|p1a: Azumarill|264\/364|[from] item: Sitrus Berry
|move|p1a: Azumarill|Belly Drum|p1a: Azumarill
|-damage|p1a: Azumarill|82\/364
|-setboost|p1a: Azumarill|atk|6|[from] move: Belly Drum
|
|turn|25
|
|move|p1a: Azumarill|Aqua Jet|p2a: Deoxys-Speed
|-damage|p2a: Deoxys-Speed|0 fnt
|faint|p2a: Deoxys-Speed
|
|
|switch|p2a: Venomoth|Venomoth, F|343\/343
|turn|26
|
|move|p1a: Azumarill|Aqua Jet|p2a: Venomoth
|-damage|p2a: Venomoth|0 fnt
|faint|p2a: Venomoth
|
|chat|smogmog|gg
|-message|smogmog forfeited.
|
|win|dtw
|raw|Ladder updating...
|raw|dtw's rating: 1531 &rarr; <strong>1547<\/strong><br \/>(+16 for winning)
|raw|smogmog's rating: 1467 &rarr; <strong>1450<\/strong><br \/>(-17 for losing)
|leave|smogmog
|player|p2
|chat|dtw|gg