|join|davidTHEMASTER
|join|smogmog
|player|p1|davidTHEMASTER|27
|player|p2|smogmog|144
|gametype|singles
|gen|6
|tier|OU
|rated
|clearpoke
|poke|p1|Tyranitar, M
|poke|p1|Landorus, M
|poke|p1|Keldeo
|poke|p1|Ferrothorn, F
|poke|p1|Pidgeot, M
|poke|p1|Excadrill, F
|poke|p2|Bisharp, F
|poke|p2|Slowbro, M
|poke|p2|Heatran, M
|poke|p2|Amoonguss, M
|poke|p2|Lopunny, F
|poke|p2|Latias, F
|rule|Swagger Clause: Swagger is banned
|rule|Baton Pass Clause: Limit one PokÃ©mon knowing Baton Pass
|rule|Sleep Clause Mod: Limit one foe put to sleep
|rule|Species Clause: Limit one of each PokÃ©mon
|rule|OHKO Clause: OHKO moves are banned
|rule|Moody Clause: Moody is banned
|rule|Evasion Moves Clause: Evasion moves are banned
|rule|Endless Battle Clause: Forcing endless battles is banned
|rule|HP Percentage Mod: HP is shown in percentages
|teampreview
|c|âsmogmog|gl hf
|c|âdavidTHEMASTER|gl hf
|c|âdavidTHEMASTER|lag
|c|âdavidTHEMASTER|._.
|
|start
|switch|p1a: Landorus|Landorus, M|319\/319
|switch|p2a: Heatran|Heatran, M|381\/381
|turn|1
|join|Areon996
|leave|Areon996
|
|switch|p1a: Tyranitar|Tyranitar, M|341\/341
|-weather|Sandstorm
|switch|p2a: Latias|Latias, F|331\/331
|
|-weather|Sandstorm|[upkeep]
|-damage|p2a: Latias|311\/331|[from] sandstorm
|-heal|p2a: Latias|331\/331|[from] item: Leftovers
|turn|2
|
|move|p1a: Tyranitar|Pursuit|p2a: Latias|[from]Pursuit
|-supereffective|p2a: Latias
|-damage|p2a: Latias|0 fnt
|faint|p2a: Latias
|
|-weather|Sandstorm|[upkeep]
|
|switch|p2a: Lopunny|Lopunny, F|271\/271
|turn|3
|
|switch|p1a: Excadrill|Excadrill, F|361\/361
|-item|p1a: Excadrill|Air Balloon
|detailschange|p2a: Lopunny|Lopunny-Mega, F
|-mega|p2a: Lopunny|Lopunny|Lopunnite
|move|p2a: Lopunny|Drain Punch|p1a: Excadrill
|-supereffective|p1a: Excadrill
|-damage|p1a: Excadrill|0 fnt
|-enditem|p1a: Excadrill|Air Balloon
|faint|p1a: Excadrill
|
|-weather|Sandstorm|[upkeep]
|-damage|p2a: Lopunny|255\/271|[from] sandstorm
|
|switch|p1a: Keldeo|Keldeo|323\/323
|turn|4
|
|switch|p2a: Amoonguss|Amoonguss, M|431\/431
|move|p1a: Keldeo|Calm Mind|p1a: Keldeo
|-boost|p1a: Keldeo|spa|1
|-boost|p1a: Keldeo|spd|1
|
|-weather|Sandstorm|[upkeep]
|-damage|p1a: Keldeo|303\/323|[from] sandstorm
|-damage|p2a: Amoonguss|405\/431|[from] sandstorm
|-heal|p1a: Keldeo|323\/323|[from] item: Leftovers
|-heal|p2a: Amoonguss|431\/431|[from] item: Leftovers
|turn|5
|
|move|p1a: Keldeo|Substitute|p1a: Keldeo
|-start|p1a: Keldeo|Substitute
|-damage|p1a: Keldeo|243\/323
|move|p2a: Amoonguss|Spore|p1a: Keldeo
|
|-weather|none
|-heal|p1a: Keldeo|263\/323|[from] item: Leftovers
|turn|6
|
|move|p1a: Keldeo|Calm Mind|p1a: Keldeo
|-boost|p1a: Keldeo|spa|1
|-boost|p1a: Keldeo|spd|1
|move|p2a: Amoonguss|Giga Drain|p1a: Keldeo
|-supereffective|p1a: Keldeo
|-end|p1a: Keldeo|Substitute
|
|-heal|p1a: Keldeo|283\/323|[from] item: Leftovers
|turn|7
|
|move|p1a: Keldeo|Substitute|p1a: Keldeo
|-start|p1a: Keldeo|Substitute
|-damage|p1a: Keldeo|203\/323
|move|p2a: Amoonguss|Giga Drain|p1a: Keldeo
|-supereffective|p1a: Keldeo
|-end|p1a: Keldeo|Substitute
|
|-heal|p1a: Keldeo|223\/323|[from] item: Leftovers
|turn|8
|
|move|p1a: Keldeo|Substitute|p1a: Keldeo
|-start|p1a: Keldeo|Substitute
|-damage|p1a: Keldeo|143\/323
|move|p2a: Amoonguss|Giga Drain|p1a: Keldeo
|-supereffective|p1a: Keldeo
|-end|p1a: Keldeo|Substitute
|
|-heal|p1a: Keldeo|163\/323|[from] item: Leftovers
|turn|9
|
|move|p1a: Keldeo|Calm Mind|p1a: Keldeo
|-boost|p1a: Keldeo|spa|1
|-boost|p1a: Keldeo|spd|1
|move|p2a: Amoonguss|Giga Drain|p1a: Keldeo
|-supereffective|p1a: Keldeo
|-damage|p1a: Keldeo|95\/323
|
|-heal|p1a: Keldeo|115\/323|[from] item: Leftovers
|turn|10
|
|move|p1a: Keldeo|Scald|p2a: Amoonguss
|-resisted|p2a: Amoonguss
|-damage|p2a: Amoonguss|239\/431
|move|p2a: Amoonguss|Giga Drain|p1a: Keldeo
|-supereffective|p1a: Keldeo
|-damage|p1a: Keldeo|49\/323
|-heal|p2a: Amoonguss|272\/431|[from] drain|[of] p1a: Keldeo
|
|-heal|p1a: Keldeo|69\/323|[from] item: Leftovers
|-heal|p2a: Amoonguss|298\/431|[from] item: Leftovers
|turn|11
|
|switch|p2a: Slowbro|Slowbro, M|393\/393
|move|p1a: Keldeo|Scald|p2a: Slowbro
|-resisted|p2a: Slowbro
|-damage|p2a: Slowbro|193\/393
|
|-heal|p1a: Keldeo|89\/323|[from] item: Leftovers
|turn|12
|
|move|p1a: Keldeo|Scald|p2a: Slowbro
|-resisted|p2a: Slowbro
|-damage|p2a: Slowbro|0 fnt
|faint|p2a: Slowbro
|
|-heal|p1a: Keldeo|109\/323|[from] item: Leftovers
|
|switch|p2a: Lopunny|Lopunny-Mega, F|255\/271
|turn|13
|
|move|p2a: Lopunny|Drain Punch|p1a: Keldeo
|-damage|p1a: Keldeo|0 fnt
|-heal|p2a: Lopunny|271\/271|[from] drain|[of] p1a: Keldeo
|faint|p1a: Keldeo
|
|
|switch|p1a: Ferrothorn|Ferrothorn, F|352\/352
|turn|14
|
|move|p2a: Lopunny|Drain Punch|p1a: Ferrothorn
|-supereffective|p1a: Ferrothorn
|-damage|p1a: Ferrothorn|148\/352
|-damage|p2a: Lopunny|238\/271|[from] ability: Iron Barbs|[of] p1a: Ferrothorn
|move|p1a: Ferrothorn|Gyro Ball|p2a: Lopunny
|-damage|p2a: Lopunny|91\/271
|
|-heal|p1a: Ferrothorn|170\/352|[from] item: Leftovers
|turn|15
|
|move|p2a: Lopunny|Drain Punch|p1a: Ferrothorn
|-supereffective|p1a: Ferrothorn
|-damage|p1a: Ferrothorn|0 fnt
|-heal|p2a: Lopunny|176\/271|[from] drain|[of] p1a: Ferrothorn
|-damage|p2a: Lopunny|143\/271|[from] ability: Iron Barbs|[of] p1a: Ferrothorn
|faint|p1a: Ferrothorn
|
|
|switch|p1a: Pidgeot|Pidgeot, M|307\/307
|turn|16
|
|switch|p2a: Heatran|Heatran, M|381\/381
|detailschange|p1a: Pidgeot|Pidgeot-Mega, M
|-mega|p1a: Pidgeot|Pidgeot|Pidgeotite
|move|p1a: Pidgeot|Hurricane|p2a: Heatran
|-crit|p2a: Heatran
|-resisted|p2a: Heatran
|-damage|p2a: Heatran|282\/381
|
|-heal|p2a: Heatran|305\/381|[from] item: Leftovers
|turn|17
|
|switch|p1a: Landorus|Landorus, M|319\/319
|move|p2a: Heatran|Stealth Rock|p1a: Landorus
|-sidestart|p1: davidTHEMASTER|move: Stealth Rock
|
|-heal|p2a: Heatran|328\/381|[from] item: Leftovers
|turn|18
|
|switch|p2a: Amoonguss|Amoonguss, M|431\/431
|move|p1a: Landorus|Earth Power|p2a: Amoonguss
|-damage|p2a: Amoonguss|145\/431
|
|-heal|p2a: Amoonguss|171\/431|[from] item: Leftovers
|turn|19
|
|move|p1a: Landorus|Earth Power|p2a: Amoonguss
|-damage|p2a: Amoonguss|0 fnt
|faint|p2a: Amoonguss
|
|
|switch|p2a: Lopunny|Lopunny-Mega, F|143\/271
|turn|20
|
|switch|p1a: Tyranitar|Tyranitar, M|341\/341
|-damage|p1a: Tyranitar|299\/341|[from] Stealth Rock
|-weather|Sandstorm
|move|p2a: Lopunny|Fake Out|p1a: Tyranitar
|-resisted|p1a: Tyranitar
|-damage|p1a: Tyranitar|260\/341
|
|-weather|Sandstorm|[upkeep]
|-damage|p2a: Lopunny|127\/271|[from] sandstorm
|turn|21
|
|move|p2a: Lopunny|Drain Punch|p1a: Tyranitar
|-supereffective|p1a: Tyranitar
|-damage|p1a: Tyranitar|0 fnt
|-heal|p2a: Lopunny|257\/271|[from] drain|[of] p1a: Tyranitar
|faint|p1a: Tyranitar
|
|-weather|Sandstorm|[upkeep]
|-damage|p2a: Lopunny|241\/271|[from] sandstorm
|
|switch|p1a: Pidgeot|Pidgeot-Mega, M|307\/307
|-damage|p1a: Pidgeot|231\/307|[from] Stealth Rock
|turn|22
|
|switch|p1a: Landorus|Landorus, M|319\/319
|-damage|p1a: Landorus|280\/319|[from] Stealth Rock
|switch|p2a: Heatran|Heatran, M|328\/381
|
|-weather|Sandstorm|[upkeep]
|-heal|p2a: Heatran|351\/381|[from] item: Leftovers
|turn|23
|
|move|p1a: Landorus|Earth Power|p2a: Heatran
|-supereffective|p2a: Heatran
|-damage|p2a: Heatran|0 fnt
|faint|p2a: Heatran
|
|-weather|Sandstorm|[upkeep]
|c|âdavidTHEMASTER|need rock polish :(
|
|switch|p2a: Lopunny|Lopunny-Mega, F|241\/271
|turn|24
|
|move|p2a: Lopunny|Fake Out|p1a: Landorus
|-damage|p1a: Landorus|198\/319
|cant|p1a: Landorus|flinch
|
|-weather|none
|turn|25
|c|âsmogmog|yes
|c|âsmogmog|gg
|
|move|p2a: Lopunny|Ice Punch|p1a: Landorus
|-supereffective|p1a: Landorus
|-damage|p1a: Landorus|0 fnt
|faint|p1a: Landorus
|
|
|switch|p1a: Pidgeot|Pidgeot-Mega, M|231\/307
|-damage|p1a: Pidgeot|155\/307|[from] Stealth Rock
|turn|26
|
|move|p1a: Pidgeot|Hurricane|p2a: Lopunny
|-supereffective|p2a: Lopunny
|-damage|p2a: Lopunny|0 fnt
|faint|p2a: Lopunny
|
|c|âdavidTHEMASTER|wow
|c|âsmogmog|adament
|
|switch|p2a: Bisharp|Bisharp, F|271\/271
|turn|27
|c|âdavidTHEMASTER|ah ok
|
|move|p2a: Bisharp|Sucker Punch|p1a: Pidgeot
|-fail|p1a: Pidgeot
|move|p1a: Pidgeot|Roost|p1a: Pidgeot
|-heal|p1a: Pidgeot|307\/307
|
|turn|28
|c|âdavidTHEMASTER|no miss
|c|âdavidTHEMASTER|and crit
|c|âdavidTHEMASTER|pls
|
|move|p2a: Bisharp|Sucker Punch|p1a: Pidgeot
|-damage|p1a: Pidgeot|54\/307
|-damage|p2a: Bisharp|244\/271|[from] item: Life Orb
|move|p1a: Pidgeot|Heat Wave|p2a: Bisharp
|-supereffective|p2a: Bisharp
|-damage|p2a: Bisharp|0 fnt
|faint|p2a: Bisharp
|
|win|davidTHEMASTER
|raw|Ladder updating...
|raw|davidTHEMASTER's rating: 1554 &rarr; <strong>1576<\/strong><br \/>(+22 for winning)
|raw|smogmog's rating: 1589 &rarr; <strong>1567<\/strong><br \/>(-22 for losing)
|c|âdavidTHEMASTER|gg