|join|smogmog
|join|jordan_112
|player|p1|smogmog|29
|player|p2|jordan_112|162
|gametype|singles
|gen|6
|tier|OU
|rated
|clearpoke
|poke|p1|Landorus-Therian, M
|poke|p1|Rotom-Wash
|poke|p1|Heatran, M
|poke|p1|Ditto
|poke|p1|Latias, F
|poke|p1|Gyarados, M
|poke|p2|Aegislash, M, shiny
|poke|p2|Charizard, M, shiny
|poke|p2|Greninja, F
|poke|p2|Azumarill, F
|poke|p2|Deoxys-Defense
|poke|p2|Talonflame, M
|rule|Sleep Clause Mod: Limit one foe put to sleep
|rule|Species Clause: Limit one of each Pokemon
|rule|OHKO Clause: OHKO moves are banned
|rule|Moody Clause: Moody is banned
|rule|Evasion Moves Clause: Evasion moves are banned
|rule|Endless Battle Clause: Forcing endless battles is banned.
|rule|HP Percentage Mod: HP is reported as percentages
|teampreview
|chat|smogmog|have fun
|
|start
|switch|p1a: ChinaChilla|Landorus-Therian, M|319\/319
|switch|p2a: Deoxys-Defense|Deoxys-Defense|304\/304
|-ability|p1a: ChinaChilla|Intimidate|[of] p2a: Deoxys-Defense
|-unboost|p2a: Deoxys-Defense|atk|1
|-ability|p2a: Deoxys-Defense|Pressure
|turn|1
|
|move|p1a: ChinaChilla|U-turn|p2a: Deoxys-Defense
|-supereffective|p2a: Deoxys-Defense
|-damage|p2a: Deoxys-Defense|190\/304
|
|switch|p1a: WhatYouWant|Ditto|300\/300
|-transform|p1a: WhatYouWant|p2a: Deoxys-Defense
|-ability|p1a: WhatYouWant|Pressure
|move|p2a: Deoxys-Defense|Stealth Rock|p1a: WhatYouWant
|-sidestart|p1: smogmog|move: Stealth Rock
|
|-heal|p2a: Deoxys-Defense|209\/304|[from] item: Leftovers
|turn|2
|
|move|p1a: WhatYouWant|Spikes|p2a: Deoxys-Defense
|-sidestart|p2: jordan_112|Spikes
|move|p2a: Deoxys-Defense|Spikes|p1a: WhatYouWant
|-sidestart|p1: smogmog|Spikes
|
|-heal|p2a: Deoxys-Defense|228\/304|[from] item: Leftovers
|turn|3
|
|switch|p2a: Aegislash|Aegislash, M, shiny|324\/324
|-damage|p2a: Aegislash|284\/324|[from] Spikes
|move|p1a: WhatYouWant|Spikes|p2a: Aegislash
|-sidestart|p2: jordan_112|Spikes
|
|-heal|p2a: Aegislash|304\/324|[from] item: Leftovers
|turn|4
|
|switch|p1a: DropSour|Heatran, M|386\/386
|-damage|p1a: DropSour|338\/386|[from] Spikes
|-damage|p1a: DropSour|290\/386|[from] Stealth Rock
|move|p2a: Aegislash|Swords Dance|p2a: Aegislash
|-boost|p2a: Aegislash|atk|2
|
|-heal|p1a: DropSour|314\/386|[from] item: Leftovers
|-heal|p2a: Aegislash|324\/324|[from] item: Leftovers
|turn|5
|
|move|p1a: DropSour|Protect|p1a: DropSour
|-singleturn|p1a: DropSour|Protect
|-formechange|p2a: Aegislash|Aegislash-Blade
|move|p2a: Aegislash|Shadow Sneak|p1a: DropSour
|-activate|p1a: DropSour|Protect
|
|-heal|p1a: DropSour|338\/386|[from] item: Leftovers
|turn|6
|
|-formechange|p2a: Aegislash|Aegislash
|move|p2a: Aegislash|King's Shield|p2a: Aegislash
|-singleturn|p2a: Aegislash|Protect
|move|p1a: DropSour|Lava Plume|p2a: Aegislash
|-activate|p2a: Aegislash|Protect
|
|-heal|p1a: DropSour|362\/386|[from] item: Leftovers
|turn|7
|
|-formechange|p2a: Aegislash|Aegislash-Blade
|move|p2a: Aegislash|Shadow Sneak|p1a: DropSour
|-damage|p1a: DropSour|187\/386
|move|p1a: DropSour|Stealth Rock|p2a: Aegislash
|-sidestart|p2: jordan_112|move: Stealth Rock
|
|-heal|p1a: DropSour|211\/386|[from] item: Leftovers
|turn|8
|
|move|p2a: Aegislash|Sacred Sword|p1a: DropSour
|-supereffective|p1a: DropSour
|-damage|p1a: DropSour|0 fnt
|faint|p1a: DropSour
|
|
|switch|p1a: ChinaChilla|Landorus-Therian, M|319\/319
|-damage|p1a: ChinaChilla|280\/319|[from] Stealth Rock
|-ability|p1a: ChinaChilla|Intimidate|[of] p2a: Aegislash
|-unboost|p2a: Aegislash|atk|1
|turn|9
|
|-formechange|p2a: Aegislash|Aegislash
|move|p2a: Aegislash|King's Shield|p2a: Aegislash
|-singleturn|p2a: Aegislash|Protect
|move|p1a: ChinaChilla|Earthquake|p2a: Aegislash
|-activate|p2a: Aegislash|Protect
|
|turn|10
|
|move|p1a: ChinaChilla|Earthquake|p2a: Aegislash
|-crit|p2a: Aegislash
|-supereffective|p2a: Aegislash
|-damage|p2a: Aegislash|0 fnt
|faint|p2a: Aegislash
|
|
|switch|p2a: Greninja|Greninja, F|286\/286
|-damage|p2a: Greninja|251\/286|[from] Stealth Rock
|-damage|p2a: Greninja|204\/286|[from] Spikes
|turn|11
|
|move|p1a: ChinaChilla|Earthquake|p2a: Greninja
|-damage|p2a: Greninja|0 fnt
|faint|p2a: Greninja
|
|
|switch|p2a: Azumarill|Azumarill, F|400\/400
|-damage|p2a: Azumarill|350\/400|[from] Stealth Rock
|-damage|p2a: Azumarill|284\/400|[from] Spikes
|turn|12
|
|switch|p1a: MowTown|Rotom-Wash|291\/291
|-damage|p1a: MowTown|255\/291|[from] Stealth Rock
|move|p2a: Azumarill|Aqua Jet|p1a: MowTown
|-resisted|p1a: MowTown
|-damage|p1a: MowTown|215\/291
|
|-heal|p2a: Azumarill|309\/400|[from] item: Leftovers
|turn|13
|
|switch|p2a: Deoxys-Defense|Deoxys-Defense|228\/304
|-damage|p2a: Deoxys-Defense|190\/304|[from] Stealth Rock
|-damage|p2a: Deoxys-Defense|140\/304|[from] Spikes
|-ability|p2a: Deoxys-Defense|Pressure
|move|p1a: MowTown|Volt Switch|p2a: Deoxys-Defense
|-damage|p2a: Deoxys-Defense|68\/304
|
|switch|p1a: JetSet|Gyarados, M|331\/331
|-damage|p1a: JetSet|249\/331|[from] Stealth Rock
|-ability|p1a: JetSet|Intimidate|[of] p2a: Deoxys-Defense
|-unboost|p2a: Deoxys-Defense|atk|1
|
|-heal|p2a: Deoxys-Defense|87\/304|[from] item: Leftovers
|turn|14
|
|move|p1a: JetSet|Dragon Dance|p1a: JetSet
|-boost|p1a: JetSet|atk|1
|-boost|p1a: JetSet|spe|1
|move|p2a: Deoxys-Defense|Recover|p2a: Deoxys-Defense
|-heal|p2a: Deoxys-Defense|239\/304
|
|-heal|p2a: Deoxys-Defense|258\/304|[from] item: Leftovers
|turn|15
|
|move|p1a: JetSet|Dragon Dance|p1a: JetSet
|-boost|p1a: JetSet|atk|1
|-boost|p1a: JetSet|spe|1
|move|p2a: Deoxys-Defense|Counter|p1a: JetSet
|-fail|p1a: JetSet
|
|-heal|p2a: Deoxys-Defense|277\/304|[from] item: Leftovers
|turn|16
|
|move|p1a: JetSet|Dragon Dance|p1a: JetSet
|-boost|p1a: JetSet|atk|1
|-boost|p1a: JetSet|spe|1
|move|p2a: Deoxys-Defense|Counter|p1a: JetSet
|-fail|p1a: JetSet
|
|-heal|p2a: Deoxys-Defense|296\/304|[from] item: Leftovers
|turn|17
|
|move|p1a: JetSet|Dragon Dance|p1a: JetSet
|-boost|p1a: JetSet|atk|1
|-boost|p1a: JetSet|spe|1
|move|p2a: Deoxys-Defense|Spikes|p1a: JetSet
|-sidestart|p1: smogmog|Spikes
|
|-heal|p2a: Deoxys-Defense|304\/304|[from] item: Leftovers
|turn|18
|
|move|p1a: JetSet|Dragon Dance|p1a: JetSet
|-boost|p1a: JetSet|atk|1
|-boost|p1a: JetSet|spe|1
|move|p2a: Deoxys-Defense|Counter|p1a: JetSet
|-fail|p1a: JetSet
|
|turn|19
|
|move|p1a: JetSet|Dragon Dance|p1a: JetSet
|-boost|p1a: JetSet|atk|1
|-boost|p1a: JetSet|spe|1
|move|p2a: Deoxys-Defense|Spikes|p1a: JetSet
|-sidestart|p1: smogmog|Spikes
|
|turn|20
|
|-formechange|p1a: JetSet|Gyarados-Mega
|message|Gyarados has Mega Evolved into Mega Gyarados!
|-ability|p1a: JetSet|Mold Breaker
|move|p1a: JetSet|Waterfall|p2a: Deoxys-Defense
|-damage|p2a: Deoxys-Defense|0 fnt
|faint|p2a: Deoxys-Defense
|
|
|switch|p2a: Talonflame|Talonflame, M|345\/345
|-damage|p2a: Talonflame|173\/345|[from] Stealth Rock
|turn|21
|
|move|p2a: Talonflame|Brave Bird|p1a: JetSet
|-damage|p1a: JetSet|63\/331
|-damage|p2a: Talonflame|112\/345|[from] recoil|[of] p1a: JetSet
|move|p1a: JetSet|Waterfall|p2a: Talonflame
|-supereffective|p2a: Talonflame
|-damage|p2a: Talonflame|0 fnt
|faint|p2a: Talonflame
|
|
|switch|p2a: Azumarill|Azumarill, F|309\/400
|-damage|p2a: Azumarill|259\/400|[from] Stealth Rock
|-damage|p2a: Azumarill|193\/400|[from] Spikes
|turn|22
|
|move|p2a: Azumarill|Aqua Jet|p1a: JetSet
|-resisted|p1a: JetSet
|-damage|p1a: JetSet|26\/331
|move|p1a: JetSet|Earthquake|p2a: Azumarill
|-damage|p2a: Azumarill|0 fnt
|faint|p2a: Azumarill
|
|
|switch|p2a: Charizard|Charizard, M, shiny|298\/298
|-damage|p2a: Charizard|149\/298|[from] Stealth Rock
|turn|23
|
|-formechange|p2a: Charizard|Charizard-Mega-Y
|message|Charizard has Mega Evolved into Mega Charizard!
|-weather|SunnyDay
|move|p1a: JetSet|Waterfall|p2a: Charizard
|-supereffective|p2a: Charizard
|-damage|p2a: Charizard|0 fnt
|faint|p2a: Charizard
|
|win|smogmog
|raw|Ladder updating...
|raw|smogmog's rating: 1238 &rarr; <strong>1262<\/strong><br \/>(+24 for winning)
|raw|jordan_112's rating: 1220 &rarr; <strong>1196<\/strong><br \/>(-24 for losing)
|chat|smogmog|gg