|join|smogmog
|join|Yarmulke
|player|p1|smogmog|29
|player|p2|Yarmulke|279
|gametype|singles
|gen|6
|tier|OU (suspect test)
|rated
|clearpoke
|poke|p1|Landorus-Therian, M
|poke|p1|Rotom-Wash
|poke|p1|Heatran, F
|poke|p1|Ditto
|poke|p1|Latias, F
|poke|p1|Gyarados, F
|poke|p2|Klefki, F
|poke|p2|Purrloin, M
|poke|p2|Liepard, F
|poke|p2|Ditto
|poke|p2|Thundurus, M
|poke|p2|Sableye, M
|rule|Sleep Clause Mod: Limit one foe put to sleep
|rule|Species Clause: Limit one of each Pokemon
|rule|OHKO Clause: OHKO moves are banned
|rule|Moody Clause: Moody is banned
|rule|Evasion Moves Clause: Evasion moves are banned
|rule|Endless Battle Clause: Forcing endless battles is banned.
|rule|HP Percentage Mod: HP is reported as percentages
|teampreview
|chat|smogmog|hi
|chat|smogmog|we meet today, didn't we
|chat|Yarmulke|yesterday
|chat|Yarmulke|at least on my time
|
|start
|switch|p1a: MowTown|Rotom-Wash|291\/291
|switch|p2a: Flubber|Ditto|300\/300
|-transform|p2a: Flubber|p1a: MowTown
|turn|1
|chat|smogmog|:)
|
|move|p2a: Flubber|Volt Switch|p1a: MowTown
|-damage|p1a: MowTown|216\/291
|
|switch|p2a: All Powerful Genie|Thundurus, M|297\/297
|move|p1a: MowTown|Will-O-Wisp|p2a: All Powerful Genie
|-status|p2a: All Powerful Genie|brn
|
|-heal|p1a: MowTown|234\/291|[from] item: Leftovers
|-damage|p2a: All Powerful Genie|260\/297 brn|[from] brn
|turn|2
|
|switch|p1a: DropSour|Heatran, F|386\/386
|move|p2a: All Powerful Genie|Thunderbolt|p1a: DropSour
|-damage|p1a: DropSour|268\/386
|-status|p1a: DropSour|par
|
|-heal|p2a: All Powerful Genie|278\/297 brn|[from] item: Leftovers
|-heal|p1a: DropSour|292\/386 par|[from] item: Leftovers
|-damage|p2a: All Powerful Genie|241\/297 brn|[from] brn
|turn|3
|
|move|p1a: DropSour|Protect|p1a: DropSour
|-singleturn|p1a: DropSour|Protect
|move|p2a: All Powerful Genie|Swagger|p1a: DropSour
|-activate|p1a: DropSour|Protect
|
|-heal|p2a: All Powerful Genie|259\/297 brn|[from] item: Leftovers
|-heal|p1a: DropSour|316\/386 par|[from] item: Leftovers
|-damage|p2a: All Powerful Genie|222\/297 brn|[from] brn
|turn|4
|
|switch|p2a: Flubber|Ditto|300\/300
|-transform|p2a: Flubber|p1a: DropSour
|move|p1a: DropSour|Stealth Rock|p2a: Flubber
|-sidestart|p2: Yarmulke|move: Stealth Rock
|
|-heal|p1a: DropSour|340\/386 par|[from] item: Leftovers
|turn|5
|
|switch|p1a: MowTown|Rotom-Wash|234\/291
|move|p2a: Flubber|Stealth Rock|p1a: MowTown
|-sidestart|p1: smogmog|move: Stealth Rock
|
|-heal|p1a: MowTown|252\/291|[from] item: Leftovers
|turn|6
|
|switch|p2a: All Powerful Genie|Thundurus, M|222\/297 brn
|-damage|p2a: All Powerful Genie|148\/297 brn|[from] Stealth Rock
|move|p1a: MowTown|Hydro Pump|p2a: All Powerful Genie|[miss]
|-miss|p1a: MowTown|p2a: All Powerful Genie
|
|-heal|p2a: All Powerful Genie|166\/297 brn|[from] item: Leftovers
|-heal|p1a: MowTown|270\/291|[from] item: Leftovers
|-damage|p2a: All Powerful Genie|129\/297 brn|[from] brn
|turn|7
|
|move|p2a: All Powerful Genie|Swagger|p1a: MowTown
|-boost|p1a: MowTown|atk|2
|-start|p1a: MowTown|confusion
|-activate|p1a: MowTown|confusion
|move|p1a: MowTown|Volt Switch|p2a: All Powerful Genie
|-damage|p2a: All Powerful Genie|21\/297 brn
|
|switch|p1a: WhatYouWant|Ditto|300\/300
|-damage|p1a: WhatYouWant|263\/300|[from] Stealth Rock
|-transform|p1a: WhatYouWant|p2a: All Powerful Genie
|
|-heal|p2a: All Powerful Genie|39\/297 brn|[from] item: Leftovers
|-damage|p2a: All Powerful Genie|2\/297 brn|[from] brn
|turn|8
|
|move|p1a: WhatYouWant|Swagger|p2a: All Powerful Genie
|-boost|p2a: All Powerful Genie|atk|2
|-start|p2a: All Powerful Genie|confusion
|-activate|p2a: All Powerful Genie|confusion
|move|p2a: All Powerful Genie|Swagger|p1a: WhatYouWant
|-boost|p1a: WhatYouWant|atk|2
|-start|p1a: WhatYouWant|confusion
|
|-heal|p2a: All Powerful Genie|20\/297 brn|[from] item: Leftovers
|-damage|p2a: All Powerful Genie|0 fnt|[from] brn
|faint|p2a: All Powerful Genie
|
|switch|p2a: Flubber|Ditto|300\/300
|-damage|p2a: Flubber|263\/300|[from] Stealth Rock
|turn|9
|
|switch|p1a: DropSour|Heatran, F|340\/386 par
|-damage|p1a: DropSour|292\/386 par|[from] Stealth Rock
|switch|p2a: Diamond Eyes|Sableye, M|301\/301
|-damage|p2a: Diamond Eyes|264\/301|[from] Stealth Rock
|
|-heal|p2a: Diamond Eyes|282\/301|[from] item: Leftovers
|-heal|p1a: DropSour|316\/386 par|[from] item: Leftovers
|turn|10
|
|move|p2a: Diamond Eyes|Swagger|p1a: DropSour
|-boost|p1a: DropSour|atk|2
|-start|p1a: DropSour|confusion
|cant|p1a: DropSour|par
|
|-heal|p2a: Diamond Eyes|300\/301|[from] item: Leftovers
|-heal|p1a: DropSour|340\/386 par|[from] item: Leftovers
|turn|11
|
|switch|p1a: WhatYouWant|Ditto|263\/300
|-damage|p1a: WhatYouWant|226\/300|[from] Stealth Rock
|-transform|p1a: WhatYouWant|p2a: Diamond Eyes
|move|p2a: Diamond Eyes|Substitute|p2a: Diamond Eyes
|-start|p2a: Diamond Eyes|Substitute
|-damage|p2a: Diamond Eyes|225\/301
|
|-heal|p2a: Diamond Eyes|243\/301|[from] item: Leftovers
|turn|12
|
|move|p1a: WhatYouWant|Recover|p1a: WhatYouWant
|-heal|p1a: WhatYouWant|300\/300
|move|p2a: Diamond Eyes|Swagger|p1a: WhatYouWant
|-boost|p1a: WhatYouWant|atk|2
|-start|p1a: WhatYouWant|confusion
|
|-heal|p2a: Diamond Eyes|261\/301|[from] item: Leftovers
|turn|13
|
|switch|p1a: DropSour|Heatran, F|340\/386 par
|-damage|p1a: DropSour|292\/386 par|[from] Stealth Rock
|move|p2a: Diamond Eyes|Swagger|p1a: DropSour
|-boost|p1a: DropSour|atk|2
|-start|p1a: DropSour|confusion
|
|-heal|p2a: Diamond Eyes|279\/301|[from] item: Leftovers
|-heal|p1a: DropSour|316\/386 par|[from] item: Leftovers
|turn|14
|
|switch|p1a: MowTown|Rotom-Wash|270\/291
|-damage|p1a: MowTown|234\/291|[from] Stealth Rock
|move|p2a: Diamond Eyes|Foul Play|p1a: MowTown
|-damage|p1a: MowTown|191\/291
|
|-heal|p1a: MowTown|209\/291|[from] item: Leftovers
|-heal|p2a: Diamond Eyes|297\/301|[from] item: Leftovers
|turn|15
|
|move|p2a: Diamond Eyes|Swagger|p1a: MowTown
|-boost|p1a: MowTown|atk|2
|-start|p1a: MowTown|confusion
|-activate|p1a: MowTown|confusion
|-damage|p1a: MowTown|188\/291|[from] confusion
|
|-heal|p1a: MowTown|206\/291|[from] item: Leftovers
|-heal|p2a: Diamond Eyes|301\/301|[from] item: Leftovers
|turn|16
|
|-activate|p1a: MowTown|confusion
|move|p1a: MowTown|Volt Switch|p2a: Diamond Eyes
|-end|p2a: Diamond Eyes|Substitute
|
|switch|p1a: DropSour|Heatran, F|316\/386 par
|-damage|p1a: DropSour|268\/386 par|[from] Stealth Rock
|move|p2a: Diamond Eyes|Foul Play|p1a: DropSour
|-damage|p1a: DropSour|195\/386 par
|
|-heal|p1a: DropSour|219\/386 par|[from] item: Leftovers
|turn|17
|
|move|p2a: Diamond Eyes|Swagger|p1a: DropSour|[miss]
|-miss|p2a: Diamond Eyes|p1a: DropSour
|move|p1a: DropSour|Lava Plume|p2a: Diamond Eyes
|-damage|p2a: Diamond Eyes|148\/301
|
|-heal|p2a: Diamond Eyes|166\/301|[from] item: Leftovers
|-heal|p1a: DropSour|243\/386 par|[from] item: Leftovers
|turn|18
|
|move|p2a: Diamond Eyes|Swagger|p1a: DropSour
|-boost|p1a: DropSour|atk|2
|-start|p1a: DropSour|confusion
|-activate|p1a: DropSour|confusion
|-damage|p1a: DropSour|204\/386 par|[from] confusion
|
|-heal|p2a: Diamond Eyes|184\/301|[from] item: Leftovers
|-heal|p1a: DropSour|228\/386 par|[from] item: Leftovers
|turn|19
|
|switch|p2a: Flubber|Ditto|263\/300
|-damage|p2a: Flubber|226\/300|[from] Stealth Rock
|-transform|p2a: Flubber|p1a: DropSour
|switch|p1a: MowTown|Rotom-Wash|206\/291
|-damage|p1a: MowTown|170\/291|[from] Stealth Rock
|
|-heal|p1a: MowTown|188\/291|[from] item: Leftovers
|turn|20
|
|move|p2a: Flubber|Lava Plume|p1a: MowTown
|-resisted|p1a: MowTown
|-damage|p1a: MowTown|132\/291
|move|p1a: MowTown|Hydro Pump|p2a: Flubber|[miss]
|-miss|p1a: MowTown|p2a: Flubber
|
|-heal|p1a: MowTown|150\/291|[from] item: Leftovers
|turn|21
|
|move|p2a: Flubber|Lava Plume|p1a: MowTown
|-resisted|p1a: MowTown
|-damage|p1a: MowTown|96\/291
|move|p1a: MowTown|Hydro Pump|p2a: Flubber
|-supereffective|p2a: Flubber
|-damage|p2a: Flubber|50\/300
|
|-heal|p1a: MowTown|114\/291|[from] item: Leftovers
|turn|22
|
|switch|p1a: PrincessDoom|Latias, F|364\/364
|-damage|p1a: PrincessDoom|319\/364|[from] Stealth Rock
|move|p2a: Flubber|Lava Plume|p1a: PrincessDoom
|-resisted|p1a: PrincessDoom
|-damage|p1a: PrincessDoom|271\/364
|
|-heal|p1a: PrincessDoom|293\/364|[from] item: Leftovers
|turn|23
|
|switch|p2a: KlefPalletTown|Klefki, F|317\/317
|-damage|p2a: KlefPalletTown|298\/317|[from] Stealth Rock
|move|p1a: PrincessDoom|Defog|p2a: KlefPalletTown
|-unboost|p2a: KlefPalletTown|evasion|1
|-sideend|p2: Yarmulke|Stealth Rock|[from] move: Defog|[of] p2a: KlefPalletTown
|-sideend|p1: smogmog|Stealth Rock|[from] move: Defog|[of] p1a: PrincessDoom
|
|-heal|p1a: PrincessDoom|315\/364|[from] item: Leftovers
|-heal|p2a: KlefPalletTown|317\/317|[from] item: Leftovers
|turn|24
|
|switch|p1a: DropSour|Heatran, F|228\/386 par
|move|p2a: KlefPalletTown|Swagger|p1a: DropSour
|-boost|p1a: DropSour|atk|2
|-start|p1a: DropSour|confusion
|
|-heal|p1a: DropSour|252\/386 par|[from] item: Leftovers
|turn|25
|
|switch|p2a: Flubber|Ditto|50\/300
|-transform|p2a: Flubber|p1a: DropSour
|switch|p1a: MowTown|Rotom-Wash|114\/291
|
|-heal|p1a: MowTown|132\/291|[from] item: Leftovers
|turn|26
|
|move|p2a: Flubber|Stealth Rock|p1a: MowTown
|-sidestart|p1: smogmog|move: Stealth Rock
|move|p1a: MowTown|Volt Switch|p2a: Flubber
|-damage|p2a: Flubber|0 fnt
|faint|p2a: Flubber
|
|switch|p1a: RuffRuffOuuuuuu|Landorus-Therian, M|319\/319
|-damage|p1a: RuffRuffOuuuuuu|280\/319|[from] Stealth Rock
|
|
|switch|p2a: Diamond Eyes|Sableye, M|184\/301
|turn|27
|
|move|p2a: Diamond Eyes|Swagger|p1a: RuffRuffOuuuuuu
|-boost|p1a: RuffRuffOuuuuuu|atk|2
|-start|p1a: RuffRuffOuuuuuu|confusion
|-activate|p1a: RuffRuffOuuuuuu|confusion
|-damage|p1a: RuffRuffOuuuuuu|159\/319|[from] confusion
|
|-heal|p2a: Diamond Eyes|202\/301|[from] item: Leftovers
|turn|28
|
|move|p2a: Diamond Eyes|Substitute|p2a: Diamond Eyes
|-start|p2a: Diamond Eyes|Substitute
|-damage|p2a: Diamond Eyes|127\/301
|-activate|p1a: RuffRuffOuuuuuu|confusion
|move|p1a: RuffRuffOuuuuuu|Earthquake|p2a: Diamond Eyes
|-end|p2a: Diamond Eyes|Substitute
|
|-heal|p2a: Diamond Eyes|145\/301|[from] item: Leftovers
|turn|29
|
|move|p2a: Diamond Eyes|Substitute|p2a: Diamond Eyes
|-start|p2a: Diamond Eyes|Substitute
|-damage|p2a: Diamond Eyes|70\/301
|-end|p1a: RuffRuffOuuuuuu|confusion
|move|p1a: RuffRuffOuuuuuu|Earthquake|p2a: Diamond Eyes
|-end|p2a: Diamond Eyes|Substitute
|
|-heal|p2a: Diamond Eyes|88\/301|[from] item: Leftovers
|turn|30
|
|switch|p1a: MowTown|Rotom-Wash|132\/291
|-damage|p1a: MowTown|96\/291|[from] Stealth Rock
|move|p2a: Diamond Eyes|Swagger|p1a: MowTown
|-boost|p1a: MowTown|atk|2
|-start|p1a: MowTown|confusion
|
|-heal|p1a: MowTown|114\/291|[from] item: Leftovers
|-heal|p2a: Diamond Eyes|106\/301|[from] item: Leftovers
|turn|31
|
|switch|p1a: DropSour|Heatran, F|252\/386 par
|-damage|p1a: DropSour|204\/386 par|[from] Stealth Rock
|move|p2a: Diamond Eyes|Substitute|p2a: Diamond Eyes
|-start|p2a: Diamond Eyes|Substitute
|-damage|p2a: Diamond Eyes|31\/301
|
|-heal|p2a: Diamond Eyes|49\/301|[from] item: Leftovers
|-heal|p1a: DropSour|228\/386 par|[from] item: Leftovers
|turn|32
|
|cant|p1a: DropSour|par
|move|p2a: Diamond Eyes|Swagger|p1a: DropSour
|-boost|p1a: DropSour|atk|2
|-start|p1a: DropSour|confusion
|
|-heal|p2a: Diamond Eyes|67\/301|[from] item: Leftovers
|-heal|p1a: DropSour|252\/386 par|[from] item: Leftovers
|turn|33
|
|switch|p1a: PrincessDoom|Latias, F|315\/364
|-damage|p1a: PrincessDoom|270\/364|[from] Stealth Rock
|move|p2a: Diamond Eyes|Foul Play|p1a: PrincessDoom
|-supereffective|p1a: PrincessDoom
|-damage|p1a: PrincessDoom|130\/364
|
|-heal|p1a: PrincessDoom|152\/364|[from] item: Leftovers
|-heal|p2a: Diamond Eyes|85\/301|[from] item: Leftovers
|turn|34
|
|move|p2a: Diamond Eyes|Swagger|p1a: PrincessDoom
|-boost|p1a: PrincessDoom|atk|2
|-start|p1a: PrincessDoom|confusion
|-activate|p1a: PrincessDoom|confusion
|-damage|p1a: PrincessDoom|113\/364|[from] confusion
|
|-heal|p1a: PrincessDoom|135\/364|[from] item: Leftovers
|-heal|p2a: Diamond Eyes|103\/301|[from] item: Leftovers
|turn|35
|
|-activate|p1a: PrincessDoom|confusion
|move|p1a: PrincessDoom|Defog|p2a: Diamond Eyes
|-sideend|p1: smogmog|Stealth Rock|[from] move: Defog|[of] p1a: PrincessDoom
|move|p2a: Diamond Eyes|Foul Play|p1a: PrincessDoom
|-supereffective|p1a: PrincessDoom
|-damage|p1a: PrincessDoom|0 fnt
|faint|p1a: PrincessDoom
|
|-heal|p2a: Diamond Eyes|121\/301|[from] item: Leftovers
|chat|smogmog|mission acomplished
|chat|Yarmulke|lol
|
|switch|p1a: DropSour|Heatran, F|252\/386 par
|turn|36
|
|move|p1a: DropSour|Protect|p1a: DropSour
|-singleturn|p1a: DropSour|Protect
|move|p2a: Diamond Eyes|Swagger|p1a: DropSour
|-activate|p1a: DropSour|Protect
|
|-heal|p2a: Diamond Eyes|139\/301|[from] item: Leftovers
|-heal|p1a: DropSour|276\/386 par|[from] item: Leftovers
|turn|37
|chat|smogmog|rip latias
|
|move|p2a: Diamond Eyes|Swagger|p1a: DropSour
|-boost|p1a: DropSour|atk|2
|-start|p1a: DropSour|confusion
|-activate|p1a: DropSour|confusion
|move|p1a: DropSour|Stealth Rock|p2a: Diamond Eyes
|-sidestart|p2: Yarmulke|move: Stealth Rock
|
|-heal|p2a: Diamond Eyes|157\/301|[from] item: Leftovers
|-heal|p1a: DropSour|300\/386 par|[from] item: Leftovers
|turn|38
|
|switch|p1a: WhatYouWant|Ditto|300\/300
|move|p2a: Diamond Eyes|Swagger|p1a: WhatYouWant
|-boost|p1a: WhatYouWant|atk|2
|-start|p1a: WhatYouWant|confusion
|
|-heal|p2a: Diamond Eyes|175\/301|[from] item: Leftovers
|turn|39
|chat|Yarmulke|use transform
|chat|smogmog|wont work:)
|
|switch|p1a: MowTown|Rotom-Wash|114\/291
|move|p2a: Diamond Eyes|Swagger|p1a: MowTown
|-boost|p1a: MowTown|atk|2
|-start|p1a: MowTown|confusion
|
|-heal|p1a: MowTown|132\/291|[from] item: Leftovers
|-heal|p2a: Diamond Eyes|193\/301|[from] item: Leftovers
|turn|40
|
|switch|p1a: WhatYouWant|Ditto|300\/300
|move|p2a: Diamond Eyes|Foul Play|p1a: WhatYouWant
|-damage|p1a: WhatYouWant|180\/300
|
|-heal|p2a: Diamond Eyes|211\/301|[from] item: Leftovers
|turn|41
|
|switch|p1a: MowTown|Rotom-Wash|132\/291
|move|p2a: Diamond Eyes|Foul Play|p1a: MowTown
|-damage|p1a: MowTown|93\/291
|
|-heal|p1a: MowTown|111\/291|[from] item: Leftovers
|-heal|p2a: Diamond Eyes|229\/301|[from] item: Leftovers
|turn|42
|
|move|p2a: Diamond Eyes|Swagger|p1a: MowTown
|-boost|p1a: MowTown|atk|2
|-start|p1a: MowTown|confusion
|-activate|p1a: MowTown|confusion
|move|p1a: MowTown|Volt Switch|p2a: Diamond Eyes
|-end|p2a: Diamond Eyes|Substitute
|chat|Yarmulke|it would be nice
|chat|Yarmulke|if that rotom would finally hit itself in confusion
|chat|smogmog|:)
|chat|smogmog|those 55% though
|chat|Yarmulke|it's always the volt switchers that NEVER hit themselves
|
|switch|p1a: JetSet|Gyarados, F|331\/331
|-ability|p1a: JetSet|Intimidate|[of] p2a: Diamond Eyes
|-unboost|p2a: Diamond Eyes|atk|1
|
|-heal|p2a: Diamond Eyes|247\/301|[from] item: Leftovers
|turn|43
|chat|Yarmulke|just so happens that the volt switchers are really powerful (megaman) or really bulky and take nothing from foul play (rotom)
|
|-formechange|p1a: JetSet|Gyarados-Mega
|message|Gyarados has Mega Evolved into Mega Gyarados!
|-ability|p1a: JetSet|Mold Breaker
|move|p2a: Diamond Eyes|Swagger|p1a: JetSet
|-boost|p1a: JetSet|atk|2
|-start|p1a: JetSet|confusion
|-activate|p1a: JetSet|confusion
|-damage|p1a: JetSet|233\/331|[from] confusion
|
|-heal|p2a: Diamond Eyes|265\/301|[from] item: Leftovers
|turn|44
|
|move|p2a: Diamond Eyes|Substitute|p2a: Diamond Eyes
|-start|p2a: Diamond Eyes|Substitute
|-damage|p2a: Diamond Eyes|190\/301
|-activate|p1a: JetSet|confusion
|move|p1a: JetSet|Waterfall|p2a: Diamond Eyes
|-end|p2a: Diamond Eyes|Substitute
|
|-heal|p2a: Diamond Eyes|208\/301|[from] item: Leftovers
|turn|45
|
|move|p2a: Diamond Eyes|Substitute|p2a: Diamond Eyes
|-start|p2a: Diamond Eyes|Substitute
|-damage|p2a: Diamond Eyes|133\/301
|-end|p1a: JetSet|confusion
|move|p1a: JetSet|Waterfall|p2a: Diamond Eyes
|-end|p2a: Diamond Eyes|Substitute
|
|-heal|p2a: Diamond Eyes|151\/301|[from] item: Leftovers
|turn|46
|chat|Yarmulke|swaggermiss
|
|switch|p1a: MowTown|Rotom-Wash|111\/291
|move|p2a: Diamond Eyes|Swagger|p1a: MowTown
|-boost|p1a: MowTown|atk|2
|-start|p1a: MowTown|confusion
|
|-heal|p1a: MowTown|129\/291|[from] item: Leftovers
|-heal|p2a: Diamond Eyes|169\/301|[from] item: Leftovers
|turn|47
|chat|smogmog|im not gonna kill a pot win condition :)
|
|switch|p1a: DropSour|Heatran, F|300\/386 par
|move|p2a: Diamond Eyes|Foul Play|p1a: DropSour
|-damage|p1a: DropSour|227\/386 par
|
|-heal|p2a: Diamond Eyes|187\/301|[from] item: Leftovers
|-heal|p1a: DropSour|251\/386 par|[from] item: Leftovers
|turn|48
|
|move|p2a: Diamond Eyes|Swagger|p1a: DropSour
|-boost|p1a: DropSour|atk|2
|-start|p1a: DropSour|confusion
|-activate|p1a: DropSour|confusion
|-damage|p1a: DropSour|207\/386 par|[from] confusion
|
|-heal|p2a: Diamond Eyes|205\/301|[from] item: Leftovers
|-heal|p1a: DropSour|231\/386 par|[from] item: Leftovers
|turn|49
|
|switch|p1a: MowTown|Rotom-Wash|129\/291
|move|p2a: Diamond Eyes|Substitute|p2a: Diamond Eyes
|-start|p2a: Diamond Eyes|Substitute
|-damage|p2a: Diamond Eyes|130\/301
|
|-heal|p1a: MowTown|147\/291|[from] item: Leftovers
|-heal|p2a: Diamond Eyes|148\/301|[from] item: Leftovers
|turn|50
|chat|smogmog|will it hit himself?
|
|move|p2a: Diamond Eyes|Swagger|p1a: MowTown
|-boost|p1a: MowTown|atk|2
|-start|p1a: MowTown|confusion
|-activate|p1a: MowTown|confusion
|move|p1a: MowTown|Volt Switch|p2a: Diamond Eyes
|-end|p2a: Diamond Eyes|Substitute
|chat|Yarmulke|shoulda put toxic on sableye
|
|switch|p1a: DropSour|Heatran, F|231\/386 par
|
|-heal|p2a: Diamond Eyes|166\/301|[from] item: Leftovers
|-heal|p1a: DropSour|255\/386 par|[from] item: Leftovers
|turn|51
|chat|Yarmulke|lol nope
|
|move|p2a: Diamond Eyes|Swagger|p1a: DropSour
|-boost|p1a: DropSour|atk|2
|-start|p1a: DropSour|confusion
|cant|p1a: DropSour|par
|
|-heal|p2a: Diamond Eyes|184\/301|[from] item: Leftovers
|-heal|p1a: DropSour|279\/386 par|[from] item: Leftovers
|turn|52
|chat|smogmog|but as a repay, heat ran never obeys me :D
|
|switch|p1a: MowTown|Rotom-Wash|147\/291
|move|p2a: Diamond Eyes|Substitute|p2a: Diamond Eyes
|-start|p2a: Diamond Eyes|Substitute
|-damage|p2a: Diamond Eyes|109\/301
|
|-heal|p1a: MowTown|165\/291|[from] item: Leftovers
|-heal|p2a: Diamond Eyes|127\/301|[from] item: Leftovers
|turn|53
|chat|Yarmulke|heatran doesn't do anything now anyway
|chat|Yarmulke|it laid its rocks
|chat|Yarmulke|what else can it really do while para
|
|move|p2a: Diamond Eyes|Swagger|p1a: MowTown
|-boost|p1a: MowTown|atk|2
|-start|p1a: MowTown|confusion
|-activate|p1a: MowTown|confusion
|move|p1a: MowTown|Volt Switch|p2a: Diamond Eyes
|-end|p2a: Diamond Eyes|Substitute
|chat|smogmog|we will see
|chat|smogmog|the burn i say, the burn
|
|switch|p1a: DropSour|Heatran, F|279\/386 par
|
|-heal|p2a: Diamond Eyes|145\/301|[from] item: Leftovers
|-heal|p1a: DropSour|303\/386 par|[from] item: Leftovers
|turn|54
|chat|Yarmulke|most heatrans just sit there and fart while i chip away at them
|chat|Yarmulke|not today tho
|
|move|p2a: Diamond Eyes|Swagger|p1a: DropSour
|-boost|p1a: DropSour|atk|2
|-start|p1a: DropSour|confusion
|-activate|p1a: DropSour|confusion
|-damage|p1a: DropSour|261\/386 par|[from] confusion
|
|-heal|p2a: Diamond Eyes|163\/301|[from] item: Leftovers
|-heal|p1a: DropSour|285\/386 par|[from] item: Leftovers
|turn|55
|
|switch|p1a: MowTown|Rotom-Wash|165\/291
|move|p2a: Diamond Eyes|Foul Play|p1a: MowTown
|-damage|p1a: MowTown|123\/291
|
|-heal|p1a: MowTown|141\/291|[from] item: Leftovers
|-heal|p2a: Diamond Eyes|181\/301|[from] item: Leftovers
|turn|56
|
|move|p2a: Diamond Eyes|Recover|p2a: Diamond Eyes
|-heal|p2a: Diamond Eyes|301\/301
|move|p1a: MowTown|Volt Switch|p2a: Diamond Eyes
|-crit|p2a: Diamond Eyes
|-damage|p2a: Diamond Eyes|118\/301
|chat|Yarmulke|dang that's power right there
|
|switch|p1a: JetSet|Gyarados, F|233\/331
|-formechange|p1a: JetSet|Gyarados-Mega
|-ability|p1a: JetSet|Mold Breaker
|
|-heal|p2a: Diamond Eyes|136\/301|[from] item: Leftovers
|turn|57
|
|move|p2a: Diamond Eyes|Swagger|p1a: JetSet
|-boost|p1a: JetSet|atk|2
|-start|p1a: JetSet|confusion
|-activate|p1a: JetSet|confusion
|-damage|p1a: JetSet|129\/331|[from] confusion
|
|-heal|p2a: Diamond Eyes|154\/301|[from] item: Leftovers
|turn|58
|
|switch|p1a: MowTown|Rotom-Wash|141\/291
|move|p2a: Diamond Eyes|Substitute|p2a: Diamond Eyes
|-start|p2a: Diamond Eyes|Substitute
|-damage|p2a: Diamond Eyes|79\/301
|
|-heal|p1a: MowTown|159\/291|[from] item: Leftovers
|-heal|p2a: Diamond Eyes|97\/301|[from] item: Leftovers
|turn|59
|
|move|p2a: Diamond Eyes|Recover|p2a: Diamond Eyes
|-heal|p2a: Diamond Eyes|248\/301
|move|p1a: MowTown|Volt Switch|p2a: Diamond Eyes
|-end|p2a: Diamond Eyes|Substitute
|
|switch|p1a: DropSour|Heatran, F|285\/386 par
|
|-heal|p2a: Diamond Eyes|266\/301|[from] item: Leftovers
|-heal|p1a: DropSour|309\/386 par|[from] item: Leftovers
|turn|60
|
|move|p1a: DropSour|Protect|p1a: DropSour
|-singleturn|p1a: DropSour|Protect
|move|p2a: Diamond Eyes|Swagger|p1a: DropSour
|-activate|p1a: DropSour|Protect
|
|-heal|p2a: Diamond Eyes|284\/301|[from] item: Leftovers
|-heal|p1a: DropSour|333\/386 par|[from] item: Leftovers
|turn|61
|chat|smogmog|three more potential pp stalls let me get older and older :)
|
|move|p2a: Diamond Eyes|Foul Play|p1a: DropSour
|-damage|p1a: DropSour|254\/386 par
|cant|p1a: DropSour|par
|
|-heal|p2a: Diamond Eyes|301\/301|[from] item: Leftovers
|-heal|p1a: DropSour|278\/386 par|[from] item: Leftovers
|turn|62
|
|move|p1a: DropSour|Protect|p1a: DropSour
|-singleturn|p1a: DropSour|Protect
|move|p2a: Diamond Eyes|Foul Play|p1a: DropSour
|-activate|p1a: DropSour|Protect
|
|-heal|p1a: DropSour|302\/386 par|[from] item: Leftovers
|turn|63
|
|move|p2a: Diamond Eyes|Foul Play|p1a: DropSour
|-damage|p1a: DropSour|227\/386 par
|move|p1a: DropSour|Lava Plume|p2a: Diamond Eyes
|-damage|p2a: Diamond Eyes|148\/301
|
|-heal|p2a: Diamond Eyes|166\/301|[from] item: Leftovers
|-heal|p1a: DropSour|251\/386 par|[from] item: Leftovers
|turn|64
|
|move|p2a: Diamond Eyes|Recover|p2a: Diamond Eyes
|-heal|p2a: Diamond Eyes|301\/301
|move|p1a: DropSour|Lava Plume|p2a: Diamond Eyes
|-damage|p2a: Diamond Eyes|147\/301
|
|-heal|p2a: Diamond Eyes|165\/301|[from] item: Leftovers
|-heal|p1a: DropSour|275\/386 par|[from] item: Leftovers
|turn|65
|
|move|p2a: Diamond Eyes|Foul Play|p1a: DropSour
|-damage|p1a: DropSour|196\/386 par
|cant|p1a: DropSour|par
|
|-heal|p2a: Diamond Eyes|183\/301|[from] item: Leftovers
|-heal|p1a: DropSour|220\/386 par|[from] item: Leftovers
|turn|66
|
|move|p1a: DropSour|Protect|p1a: DropSour
|-singleturn|p1a: DropSour|Protect
|move|p2a: Diamond Eyes|Substitute|p2a: Diamond Eyes
|-start|p2a: Diamond Eyes|Substitute
|-damage|p2a: Diamond Eyes|108\/301
|
|-heal|p2a: Diamond Eyes|126\/301|[from] item: Leftovers
|-heal|p1a: DropSour|244\/386 par|[from] item: Leftovers
|turn|67
|
|move|p2a: Diamond Eyes|Foul Play|p1a: DropSour
|-damage|p1a: DropSour|172\/386 par
|move|p1a: DropSour|Roar|p2a: Diamond Eyes
|drag|p2a: Meowmix Meowmix Pl|Purrloin, M|285\/285
|-damage|p2a: Meowmix Meowmix Pl|250\/285|[from] Stealth Rock
|
|-heal|p2a: Meowmix Meowmix Pl|267\/285|[from] item: Leftovers
|-heal|p1a: DropSour|196\/386 par|[from] item: Leftovers
|turn|68
|chat|Yarmulke|thanks
|
|move|p2a: Meowmix Meowmix Pl|Swagger|p1a: DropSour
|-boost|p1a: DropSour|atk|2
|-start|p1a: DropSour|confusion
|-activate|p1a: DropSour|confusion
|move|p1a: DropSour|Lava Plume|p2a: Meowmix Meowmix Pl
|-damage|p2a: Meowmix Meowmix Pl|26\/285
|
|-heal|p2a: Meowmix Meowmix Pl|43\/285|[from] item: Leftovers
|-heal|p1a: DropSour|220\/386 par|[from] item: Leftovers
|turn|69
|chat|smogmog|you are welcome
|
|switch|p1a: MowTown|Rotom-Wash|159\/291
|move|p2a: Meowmix Meowmix Pl|Foul Play|p1a: MowTown
|-damage|p1a: MowTown|114\/291
|
|-heal|p2a: Meowmix Meowmix Pl|60\/285|[from] item: Leftovers
|-heal|p1a: MowTown|132\/291|[from] item: Leftovers
|turn|70
|
|move|p2a: Meowmix Meowmix Pl|Swagger|p1a: MowTown
|-boost|p1a: MowTown|atk|2
|-start|p1a: MowTown|confusion
|-activate|p1a: MowTown|confusion
|move|p1a: MowTown|Volt Switch|p2a: Meowmix Meowmix Pl
|-damage|p2a: Meowmix Meowmix Pl|0 fnt
|faint|p2a: Meowmix Meowmix Pl
|chat|Yarmulke|recover would be nice
|chat|Yarmulke|lol seriously
|
|switch|p1a: RuffRuffOuuuuuu|Landorus-Therian, M|159\/319
|
|
|switch|p2a: I want chicken I w|Liepard, F|329\/329
|-damage|p2a: I want chicken I w|288\/329|[from] Stealth Rock
|turn|71
|chat|smogmog|rest?
|
|move|p2a: I want chicken I w|Swagger|p1a: RuffRuffOuuuuuu
|-boost|p1a: RuffRuffOuuuuuu|atk|2
|-start|p1a: RuffRuffOuuuuuu|confusion
|-activate|p1a: RuffRuffOuuuuuu|confusion
|-damage|p1a: RuffRuffOuuuuuu|32\/319|[from] confusion
|
|-heal|p2a: I want chicken I w|308\/329|[from] item: Leftovers
|turn|72
|
|move|p2a: I want chicken I w|Substitute|p2a: I want chicken I w
|-start|p2a: I want chicken I w|Substitute
|-damage|p2a: I want chicken I w|226\/329
|-activate|p1a: RuffRuffOuuuuuu|confusion
|move|p1a: RuffRuffOuuuuuu|U-turn|p2a: I want chicken I w
|-supereffective|p2a: I want chicken I w
|-end|p2a: I want chicken I w|Substitute
|
|switch|p1a: MowTown|Rotom-Wash|132\/291
|
|-heal|p2a: I want chicken I w|246\/329|[from] item: Leftovers
|-heal|p1a: MowTown|150\/291|[from] item: Leftovers
|turn|73
|chat|Yarmulke|at least it'll die to haz.... oh wait latias succeeded
|
|move|p2a: I want chicken I w|Swagger|p1a: MowTown
|-boost|p1a: MowTown|atk|2
|-start|p1a: MowTown|confusion
|-activate|p1a: MowTown|confusion
|-damage|p1a: MowTown|126\/291|[from] confusion
|
|-heal|p2a: I want chicken I w|266\/329|[from] item: Leftovers
|-heal|p1a: MowTown|144\/291|[from] item: Leftovers
|turn|74
|
|switch|p1a: WhatYouWant|Ditto|180\/300
|-transform|p1a: WhatYouWant|p2a: I want chicken I w
|move|p2a: I want chicken I w|Substitute|p2a: I want chicken I w
|-start|p2a: I want chicken I w|Substitute
|-damage|p2a: I want chicken I w|184\/329
|
|-heal|p2a: I want chicken I w|204\/329|[from] item: Leftovers
|turn|75
|
|move|p1a: WhatYouWant|Substitute|p1a: WhatYouWant
|-start|p1a: WhatYouWant|Substitute
|-damage|p1a: WhatYouWant|105\/300
|move|p2a: I want chicken I w|Swagger|p1a: WhatYouWant
|
|-heal|p2a: I want chicken I w|224\/329|[from] item: Leftovers
|turn|76
|
|move|p1a: WhatYouWant|Substitute|p1a: WhatYouWant
|-fail|p1a: WhatYouWant|move: Substitute
|move|p2a: I want chicken I w|Foul Play|p1a: WhatYouWant
|-resisted|p1a: WhatYouWant
|-activate|p1a: WhatYouWant|Substitute|[damage]
|
|-heal|p2a: I want chicken I w|244\/329|[from] item: Leftovers
|turn|77
|
|switch|p2a: KlefPalletTown|Klefki, F|317\/317
|-damage|p2a: KlefPalletTown|298\/317|[from] Stealth Rock
|move|p1a: WhatYouWant|Substitute|p1a: WhatYouWant
|-fail|p1a: WhatYouWant|move: Substitute
|
|-heal|p2a: KlefPalletTown|317\/317|[from] item: Leftovers
|turn|78
|
|switch|p1a: MowTown|Rotom-Wash|144\/291
|move|p2a: KlefPalletTown|Substitute|p2a: KlefPalletTown
|-start|p2a: KlefPalletTown|Substitute
|-damage|p2a: KlefPalletTown|238\/317
|
|-heal|p1a: MowTown|162\/291|[from] item: Leftovers
|-heal|p2a: KlefPalletTown|257\/317|[from] item: Leftovers
|turn|79
|chat|smogmog|why pallet town btw
|
|switch|p1a: DropSour|Heatran, F|220\/386 par
|move|p2a: KlefPalletTown|Swagger|p1a: DropSour
|-boost|p1a: DropSour|atk|2
|-start|p1a: DropSour|confusion
|
|-heal|p2a: KlefPalletTown|276\/317|[from] item: Leftovers
|-heal|p1a: DropSour|244\/386 par|[from] item: Leftovers
|turn|80
|
|switch|p1a: MowTown|Rotom-Wash|162\/291
|move|p2a: KlefPalletTown|Swagger|p1a: MowTown
|-boost|p1a: MowTown|atk|2
|-start|p1a: MowTown|confusion
|
|-heal|p1a: MowTown|180\/291|[from] item: Leftovers
|-heal|p2a: KlefPalletTown|295\/317|[from] item: Leftovers
|turn|81
|chat|Yarmulke|cleft pallet is a common deformity in children
|chat|smogmog|tell me more
|chat|Yarmulke|it's easily fixable through surgery
|chat|Yarmulke|but like, the upper lip (the pallet) is sunk in through the teeth
|chat|Yarmulke|it looks really messed up
|chat|Yarmulke|kids in privileged countries can get them fixed
|chat|smogmog|ah i think i know what it is in german
|chat|Yarmulke|but third world is a completely different story
|chat|smogmog|I'm no english motherspeaker
|chat|Yarmulke|african kids have it way worse
|
|switch|p1a: DropSour|Heatran, F|244\/386 par
|move|p2a: KlefPalletTown|Swagger|p1a: DropSour
|-boost|p1a: DropSour|atk|2
|-start|p1a: DropSour|confusion
|
|-heal|p2a: KlefPalletTown|314\/317|[from] item: Leftovers
|-heal|p1a: DropSour|268\/386 par|[from] item: Leftovers
|turn|82
|chat|smogmog|its gaumenspalte, but also known as "hasenscharte", a friend has it
|
|switch|p1a: MowTown|Rotom-Wash|180\/291
|move|p2a: KlefPalletTown|Foul Play|p1a: MowTown
|-damage|p1a: MowTown|153\/291
|
|-heal|p1a: MowTown|171\/291|[from] item: Leftovers
|-heal|p2a: KlefPalletTown|317\/317|[from] item: Leftovers
|turn|83
|
|switch|p1a: DropSour|Heatran, F|268\/386 par
|move|p2a: KlefPalletTown|Swagger|p1a: DropSour|[miss]
|-miss|p2a: KlefPalletTown|p1a: DropSour
|
|-heal|p1a: DropSour|292\/386 par|[from] item: Leftovers
|turn|84
|chat|Yarmulke|i mean no offense by it, i just thought it was a decent pun
|chat|Yarmulke|my cousin had it too
|chat|smogmog|and cleft palate in english :P
|chat|smogmog|yeah the nick is fine, didn't feel offense
|
|move|p1a: DropSour|Protect|p1a: DropSour
|-singleturn|p1a: DropSour|Protect
|move|p2a: KlefPalletTown|Swagger|p1a: DropSour
|-activate|p1a: DropSour|Protect
|
|-heal|p1a: DropSour|316\/386 par|[from] item: Leftovers
|turn|85
|
|move|p2a: KlefPalletTown|Swagger|p1a: DropSour
|-boost|p1a: DropSour|atk|2
|-start|p1a: DropSour|confusion
|-activate|p1a: DropSour|confusion
|-damage|p1a: DropSour|272\/386 par|[from] confusion
|
|-heal|p1a: DropSour|296\/386 par|[from] item: Leftovers
|turn|86
|chat|Yarmulke|any way i have a very important school project to work on
|chat|Yarmulke|i'm not going to let my obstinance waste hours
|chat|smogmog|then win quickly :)
|chat|Yarmulke|i think you pretty much have this
|chat|Yarmulke|good meeting you and have fun on the ladder
|chat|smogmog|laddering is superhard btw
|-message|Yarmulke forfeited.
|
|win|smogmog
|raw|Ladder updating...
|raw|smogmog's rating: 1403 &rarr; <strong>1412<\/strong><br \/>(+9 for winning)
|raw|Yarmulke's rating: 1189 &rarr; <strong>1178<\/strong><br \/>(-11 for losing)
|chat|smogmog|gg
|chat|Yarmulke|gg