|join|smogmog
|join|medals
|player|p1|smogmog|107
|player|p2|medals|11
|gametype|doubles
|gen|6
|tier|Smogon Doubles
|rated
|clearpoke
|poke|p1|Kangaskhan, F
|poke|p1|Cofagrigus, M
|poke|p1|Aromatisse, M
|poke|p1|Aegislash, F
|poke|p1|Conkeldurr, F
|poke|p1|Mew
|poke|p2|Chandelure, F
|poke|p2|Reuniclus, M, shiny
|poke|p2|Abomasnow, M, shiny
|poke|p2|Hitmontop, M
|poke|p2|Escavalier, F, shiny
|poke|p2|Crawdaunt, M, shiny
|rule|Species Clause: Limit one of each Pokemon
|rule|OHKO Clause: OHKO moves are banned
|rule|Moody Clause: Moody is banned
|rule|Evasion Abilities Clause: Evasion abilities are banned
|rule|Evasion Moves Clause: Evasion moves are banned
|rule|Endless Battle Clause: Forcing endless battles is banned
|rule|HP Percentage Mod: HP is reported as percentages
|teampreview
|chat|smogmog|have fun
|
|start
|switch|p1a: Kangaskhan|Kangaskhan, F|414\/414
|switch|p1b: Aromatisse|Aromatisse, M|406\/406
|switch|p2a: THUG LIFE|Reuniclus, M, shiny|404\/404
|switch|p2b: Obama Snowden|Abomasnow, M, shiny|367\/367
|-weather|Hail
|turn|1
|
|switch|p2b: dad gay. so what|Hitmontop, M|304\/304
|-ability|p2b: dad gay. so what|Intimidate|[of] p1a: Kangaskhan
|-unboost|p1a: Kangaskhan|atk|1
|-ability|p2b: dad gay. so what|Intimidate|[of] p1b: Aromatisse
|-unboost|p1b: Aromatisse|atk|1
|switch|p2a: FLAMES|Chandelure, F|324\/324
|detailschange|p1a: Kangaskhan|Kangaskhan-Mega, F
|message|Kangaskhan has Mega Evolved into Mega Kangaskhan!
|move|p1a: Kangaskhan|Return|p2a: FLAMES
|-immune|p2a: FLAMES|[msg]
|move|p1b: Aromatisse|Light Screen|p1b: Aromatisse
|-sidestart|p1: smogmog|move: Light Screen
|
|-weather|Hail|[upkeep]
|-damage|p1a: Kangaskhan|389\/414|[from] hail
|-damage|p2a: FLAMES|304\/324|[from] hail
|-damage|p1b: Aromatisse|381\/406|[from] hail
|turn|2
|
|switch|p1a: Conkeldurr|Conkeldurr, F|401\/401
|move|p2b: dad gay. so what|Fake Out|p1b: Aromatisse
|-damage|p1b: Aromatisse|340\/406
|cant|p1b: Aromatisse|flinch
|move|p2a: FLAMES|Trick Room|p2a: FLAMES
|-fieldstart|move: Trick Room|[of] p2a: FLAMES
|
|-weather|Hail|[upkeep]
|-damage|p1b: Aromatisse|315\/406|[from] hail
|-damage|p1a: Conkeldurr|376\/401|[from] hail
|-damage|p2a: FLAMES|284\/324|[from] hail
|turn|3
|
|switch|p2b: THUG LIFE|Reuniclus, M, shiny|404\/404
|switch|p2a: a snake|Escavalier, F, shiny|344\/344
|move|p1b: Aromatisse|Dazzling Gleam|p2b: THUG LIFE
|-resisted|p2a: a snake
|-damage|p2a: a snake|320\/344
|-damage|p2b: THUG LIFE|325\/404
|move|p1a: Conkeldurr|Knock Off|p2a: a snake
|-damage|p2a: a snake|200\/344
|-enditem|p2a: a snake|Assault Vest|[from] move: Knock Off|[of] p1a: Conkeldurr
|
|-weather|Hail|[upkeep]
|-damage|p1b: Aromatisse|290\/406|[from] hail
|-damage|p1a: Conkeldurr|351\/401|[from] hail
|turn|4
|
|switch|p1b: Aegislash|Aegislash, F|324\/324
|switch|p1a: Mew|Mew|404\/404
|move|p2a: a snake|Knock Off|p1a: Mew
|-supereffective|p1a: Mew
|-damage|p1a: Mew|178\/404
|-enditem|p1a: Mew|Leftovers|[from] move: Knock Off|[of] p2a: a snake
|move|p2b: THUG LIFE|Shadow Ball|p1b: Aegislash
|-supereffective|p1b: Aegislash
|-damage|p1b: Aegislash|197\/324
|
|-weather|Hail|[upkeep]
|-damage|p1b: Aegislash|177\/324|[from] hail
|-damage|p1a: Mew|153\/404|[from] hail
|turn|5
|
|move|p2b: THUG LIFE|Protect|p2b: THUG LIFE
|-singleturn|p2b: THUG LIFE|Protect
|move|p1a: Mew|Fake Out|p2a: a snake
|-resisted|p2a: a snake
|-damage|p2a: a snake|186\/344
|cant|p2a: a snake|flinch
|-formechange|p1b: Aegislash|Aegislash-Blade
|move|p1b: Aegislash|Shadow Ball|p2b: THUG LIFE
|-activate|p2b: THUG LIFE|Protect
|
|-weather|none
|turn|6
|
|switch|p2b: GHOST DAD|Crawdaunt, M, shiny|330\/330
|switch|p1b: Conkeldurr|Conkeldurr, F|351\/401
|switch|p1a: Kangaskhan|Kangaskhan-Mega, F|389\/414
|move|p2a: a snake|Knock Off|p1a: Kangaskhan
|-damage|p1a: Kangaskhan|306\/414
|
|-fieldend|move: Trick Room
|turn|7
|
|switch|p2b: FLAMES|Chandelure, F|284\/324
|switch|p2a: dad gay. so what|Hitmontop, M|304\/304
|-ability|p2a: dad gay. so what|Intimidate|[of] p1a: Kangaskhan
|-unboost|p1a: Kangaskhan|atk|1
|-ability|p2a: dad gay. so what|Intimidate|[of] p1b: Conkeldurr
|-unboost|p1b: Conkeldurr|atk|1
|move|p1a: Kangaskhan|Hammer Arm|p2a: dad gay. so what
|-damage|p2a: dad gay. so what|209\/304
|-unboost|p1a: Kangaskhan|spe|1
|-damage|p2a: dad gay. so what|162\/304
|-unboost|p1a: Kangaskhan|spe|1
|-hitcount|p2a: dad gay. so what|2
|move|p1b: Conkeldurr|Knock Off|p2a: dad gay. so what
|-resisted|p2a: dad gay. so what
|-damage|p2a: dad gay. so what|118\/304
|-enditem|p2a: dad gay. so what|Safety Goggles|[from] move: Knock Off|[of] p1b: Conkeldurr
|
|turn|8
|
|switch|p1a: Mew|Mew|153\/404
|move|p2a: dad gay. so what|Fake Out|p1b: Conkeldurr
|-damage|p1b: Conkeldurr|303\/401
|cant|p1b: Conkeldurr|flinch
|move|p2b: FLAMES|Trick Room|p2b: FLAMES
|-fieldstart|move: Trick Room|[of] p2b: FLAMES
|
|-sideend|p1: smogmog|move: Light Screen
|turn|9
|
|move|p2a: dad gay. so what|Quick Guard|p2a: dad gay. so what
|-singleturn|p2a: dad gay. so what|Quick Guard
|move|p1a: Mew|Fake Out|p2a: dad gay. so what
|-activate|p2a: dad gay. so what|Quick Guard
|move|p1b: Conkeldurr|Knock Off|p2b: FLAMES
|-supereffective|p2b: FLAMES
|-damage|p2b: FLAMES|72\/324
|-enditem|p2b: FLAMES|Focus Sash|[from] move: Knock Off|[of] p1b: Conkeldurr
|move|p2b: FLAMES|Heat Wave|p1a: Mew
|-damage|p1a: Mew|2\/404
|-damage|p1b: Conkeldurr|171\/401
|
|turn|10
|
|switch|p2b: a snake|Escavalier, F, shiny|186\/344
|move|p1b: Conkeldurr|Knock Off|p2b: a snake
|-damage|p2b: a snake|130\/344
|move|p2a: dad gay. so what|Close Combat|p1a: Mew
|-resisted|p1a: Mew
|-damage|p1a: Mew|0 fnt
|-unboost|p2a: dad gay. so what|def|1
|-unboost|p2a: dad gay. so what|spd|1
|faint|p1a: Mew
|
|
|switch|p1a: Kangaskhan|Kangaskhan-Mega, F|306\/414
|turn|11
|
|move|p2a: dad gay. so what|Quick Guard|p2a: dad gay. so what
|-singleturn|p2a: dad gay. so what|Quick Guard
|move|p1a: Kangaskhan|Fake Out|p2b: a snake
|-activate|p2b: a snake|Quick Guard
|move|p2b: a snake|Knock Off|p1b: Conkeldurr
|-resisted|p1b: Conkeldurr
|-damage|p1b: Conkeldurr|106\/401
|-enditem|p1b: Conkeldurr|Assault Vest|[from] move: Knock Off|[of] p2b: a snake
|move|p1b: Conkeldurr|Hammer Arm|p2a: dad gay. so what
|-damage|p2a: dad gay. so what|0 fnt
|-unboost|p1b: Conkeldurr|spe|1
|faint|p2a: dad gay. so what
|
|
|switch|p2a: THUG LIFE|Reuniclus, M, shiny|325\/404
|turn|12
|
|move|p2a: THUG LIFE|Protect|p2a: THUG LIFE
|-singleturn|p2a: THUG LIFE|Protect
|move|p1a: Kangaskhan|Sucker Punch|p2a: THUG LIFE
|-fail|p2a: THUG LIFE
|move|p2b: a snake|Iron Head|p1b: Conkeldurr
|-damage|p1b: Conkeldurr|0 fnt
|faint|p1b: Conkeldurr
|
|-fieldend|move: Trick Room
|
|switch|p1b: Aegislash|Aegislash, F|177\/324
|turn|13
|
|switch|p2a: GHOST DAD|Crawdaunt, M, shiny|330\/330
|move|p1a: Kangaskhan|Hammer Arm|p2b: a snake
|-crit|p2b: a snake
|-damage|p2b: a snake|0 fnt
|-unboost|p1a: Kangaskhan|spe|1
|-hitcount|p2b: a snake|1
|faint|p2b: a snake
|-formechange|p1b: Aegislash|Aegislash-Blade
|move|p1b: Aegislash|Shadow Ball|p2a: GHOST DAD
|-crit|p2a: GHOST DAD
|-resisted|p2a: GHOST DAD
|-damage|p2a: GHOST DAD|66\/330
|
|
|switch|p2b: Obama Snowden|Abomasnow, M, shiny|367\/367
|-weather|Hail
|turn|14
|
|detailschange|p2b: Obama Snowden|Abomasnow-Mega, M, shiny
|message|Abomasnow has Mega Evolved into Mega Abomasnow!
|move|p2b: Obama Snowden|Protect|p2b: Obama Snowden
|-singleturn|p2b: Obama Snowden|Protect
|move|p2a: GHOST DAD|Protect|p2a: GHOST DAD
|-singleturn|p2a: GHOST DAD|Protect
|move|p1b: Aegislash|Shadow Sneak|p2a: GHOST DAD
|-activate|p2a: GHOST DAD|Protect
|move|p1a: Kangaskhan|Hammer Arm|p2b: Obama Snowden
|-activate|p2b: Obama Snowden|Protect
|
|-weather|Hail|[upkeep]
|-damage|p1a: Kangaskhan|281\/414|[from] hail
|-damage|p1b: Aegislash|157\/324|[from] hail
|-damage|p2a: GHOST DAD|46\/330|[from] hail
|turn|15
|
|switch|p2b: FLAMES|Chandelure, F|72\/324
|move|p1b: Aegislash|Shadow Sneak|p2a: GHOST DAD
|-resisted|p2a: GHOST DAD
|-damage|p2a: GHOST DAD|0 fnt
|faint|p2a: GHOST DAD
|move|p1a: Kangaskhan|Hammer Arm|p2b: FLAMES
|-immune|p2b: FLAMES|[msg]
|
|-weather|Hail|[upkeep]
|-damage|p1a: Kangaskhan|256\/414|[from] hail
|-damage|p2b: FLAMES|52\/324|[from] hail
|-damage|p1b: Aegislash|137\/324|[from] hail
|
|switch|p2a: Obama Snowden|Abomasnow-Mega, M, shiny|367\/367
|turn|16
|
|switch|p2a: THUG LIFE|Reuniclus, M, shiny|325\/404
|move|p2b: FLAMES|Protect|p2b: FLAMES
|-singleturn|p2b: FLAMES|Protect
|move|p1b: Aegislash|Shadow Sneak|p2b: FLAMES
|-activate|p2b: FLAMES|Protect
|move|p1a: Kangaskhan|Hammer Arm|p2a: THUG LIFE
|-resisted|p2a: THUG LIFE
|-damage|p2a: THUG LIFE|243\/404
|-unboost|p1a: Kangaskhan|spe|1
|-resisted|p2a: THUG LIFE
|-damage|p2a: THUG LIFE|204\/404
|-unboost|p1a: Kangaskhan|spe|1
|-hitcount|p2a: THUG LIFE|2
|
|-weather|Hail|[upkeep]
|-damage|p2b: FLAMES|32\/324|[from] hail
|-damage|p1b: Aegislash|117\/324|[from] hail
|-damage|p1a: Kangaskhan|231\/414|[from] hail
|turn|17
|
|move|p1b: Aegislash|Shadow Sneak|p2b: FLAMES
|-supereffective|p2b: FLAMES
|-damage|p2b: FLAMES|0 fnt
|faint|p2b: FLAMES
|move|p1a: Kangaskhan|Sucker Punch|p2a: THUG LIFE
|-crit|p2a: THUG LIFE
|-supereffective|p2a: THUG LIFE
|-damage|p2a: THUG LIFE|0 fnt
|-hitcount|p2a: THUG LIFE|1
|faint|p2a: THUG LIFE
|
|-weather|Hail|[upkeep]
|-damage|p1b: Aegislash|97\/324|[from] hail
|-damage|p1a: Kangaskhan|206\/414|[from] hail
|chat|medals|those two crits won you the game
|chat|medals|just fyi
|
|switch|p2a: Obama Snowden|Abomasnow-Mega, M, shiny|367\/367
|turn|18
|chat|smogmog|no this one was 1.5 which parental bound would do anyway
|chat|medals|no
|chat|smogmog|you just have to get a bit better in outplaying
|chat|medals|those two crits won you the game
|chat|medals|LOL
|chat|smogmog|everything else is fine
|chat|medals|you think you outplayed me
|chat|medals|i fucking love trash faggots like you
|chat|medals|who have no idea what it means to win due to luck
|chat|medals|so sad
|chat|medals|yet hilarious
|chat|smogmog|the crit on reuniculus did 1.5 dog, right?
|chat|medals|thanks for making my day
|chat|smogmog|dmg
|chat|medals|you don't even know what i'm talking about
|chat|medals|hilarious
|chat|smogmog|parental bond does the same, it just couldn't hit a second time
|chat|medals|and you think you outplayed me
|chat|medals|at least i can take solace in the fact that you have no idea why or how you won
|chat|medals|and it was simply luck
|
|move|p2a: Obama Snowden|Protect|p2a: Obama Snowden
|-singleturn|p2a: Obama Snowden|Protect
|move|p1a: Kangaskhan|Sucker Punch|p2a: Obama Snowden
|-fail|p2a: Obama Snowden
|move|p1b: Aegislash|Flash Cannon|p2a: Obama Snowden
|-activate|p2a: Obama Snowden|Protect
|
|-weather|none
|turn|19
|
|move|p2a: Obama Snowden|Protect|p2a: Obama Snowden
|-singleturn|p2a: Obama Snowden|Protect
|move|p1a: Kangaskhan|Sucker Punch|p2a: Obama Snowden
|-fail|p2a: Obama Snowden
|move|p1b: Aegislash|Flash Cannon|p2a: Obama Snowden
|-activate|p2a: Obama Snowden|Protect
|
|turn|20
|
|move|p2a: Obama Snowden|Protect|p2a: Obama Snowden
|-fail|p2a: Obama Snowden
|move|p1a: Kangaskhan|Sucker Punch|p2a: Obama Snowden
|-fail|p2a: Obama Snowden
|move|p1b: Aegislash|Flash Cannon|p2a: Obama Snowden
|-crit|p2a: Obama Snowden
|-supereffective|p2a: Obama Snowden
|-damage|p2a: Obama Snowden|0 fnt
|faint|p2a: Obama Snowden
|
|win|smogmog
|raw|Ladder updating...
|raw|smogmog's rating: 1443 &rarr; <strong>1465<\/strong><br \/>(+22 for winning)
|raw|medals's rating: 1485 &rarr; <strong>1462<\/strong><br \/>(-23 for losing)
|chat|smogmog|well you will get better anyway
|chat|medals|i am better than you
|chat|smogmog|blabla
|chat|medals|just for your information
|chat|medals|don't think you're good
|chat|smogmog|bye
|chat|medals|when you win due to luck
|chat|medals|with mega kanga
|chat|medals|lmao
|chat|medals|fucking pathetic
|leave|medals
|player|p2
|chat|smogmog|have a nice day and learn to chill
|leave|smogmog
|player|p1