|join|SupMayne
|join|fenyx4
|player|p1|SupMayne|2
|player|p2|fenyx4|167
|gametype|singles
|gen|6
|tier|OU
|rated
|clearpoke
|poke|p1|Skarmory, F
|poke|p1|Mamoswine, F
|poke|p1|Keldeo
|poke|p1|Gengar, M
|poke|p1|Chansey, F
|poke|p1|Latios, M
|poke|p2|Flygon, M
|poke|p2|Metagross
|poke|p2|Volbeat, M
|poke|p2|Dragonite, M
|poke|p2|Gardevoir, F
|poke|p2|Espeon, F
|rule|Swagger Clause: Swagger is banned
|rule|Baton Pass Clause: Limit one PokÃ©mon knowing Baton Pass
|rule|Sleep Clause Mod: Limit one foe put to sleep
|rule|Species Clause: Limit one of each PokÃ©mon
|rule|OHKO Clause: OHKO moves are banned
|rule|Moody Clause: Moody is banned
|rule|Evasion Moves Clause: Evasion moves are banned
|rule|Endless Battle Clause: Forcing endless battles is banned
|rule|HP Percentage Mod: HP is shown in percentages
|teampreview
|
|start
|switch|p1a: Gengar|Gengar, M|262\/262
|switch|p2a: Espeon|Espeon, F|333\/333
|turn|1
|
|move|p1a: Gengar|Shadow Ball|p2a: Espeon
|-supereffective|p2a: Espeon
|-damage|p2a: Espeon|33\/333
|move|p2a: Espeon|Psyshock|p1a: Gengar
|-supereffective|p1a: Gengar
|-damage|p1a: Gengar|0 fnt
|faint|p1a: Gengar
|
|
|switch|p1a: Latios|Latios, M|301\/301
|turn|2
|
|detailschange|p1a: Latios|Latios-Mega, M
|-mega|p1a: Latios|Latios|Latiosite
|move|p2a: Espeon|Light Screen|p2a: Espeon
|-sidestart|p2: fenyx4|move: Light Screen
|move|p1a: Latios|Thunderbolt|p2a: Espeon
|-damage|p2a: Espeon|0 fnt
|faint|p2a: Espeon
|
|
|switch|p2a: Dragonite|Dragonite, M|323\/323
|turn|3
|
|switch|p1a: Skarmory|Skarmory, F|333\/333
|move|p2a: Dragonite|Dragon Dance|p2a: Dragonite
|-boost|p2a: Dragonite|atk|1
|-boost|p2a: Dragonite|spe|1
|
|turn|4
|
|move|p2a: Dragonite|Fire Punch|p1a: Skarmory
|-supereffective|p1a: Skarmory
|-damage|p1a: Skarmory|165\/333
|-damage|p2a: Dragonite|270\/323|[from] item: Rocky Helmet|[of] p1a: Skarmory
|move|p1a: Skarmory|Whirlwind|p2a: Dragonite
|drag|p2a: Volbeat|Volbeat, M|334\/334
|
|turn|5
|
|move|p2a: Volbeat|Trick|p1a: Skarmory
|-activate|p2a: Volbeat|move: Trick|[of] p1a: Skarmory
|-item|p1a: Skarmory|Choice Scarf|[from] move: Trick
|-item|p2a: Volbeat|Rocky Helmet|[from] move: Trick
|move|p1a: Skarmory|Roost|p1a: Skarmory
|-heal|p1a: Skarmory|332\/333
|
|turn|6
|
|switch|p1a: Mamoswine|Mamoswine, F|361\/361
|move|p2a: Volbeat|Confuse Ray|p1a: Mamoswine
|-start|p1a: Mamoswine|confusion
|
|-sideend|p2: fenyx4|move: Light Screen
|turn|7
|
|switch|p1a: Skarmory|Skarmory, F|332\/333
|move|p2a: Volbeat|Toxic|p1a: Skarmory
|-fail|p1a: Skarmory
|
|turn|8
|
|move|p2a: Volbeat|Confuse Ray|p1a: Skarmory
|-start|p1a: Skarmory|confusion
|-activate|p1a: Skarmory|confusion
|-damage|p1a: Skarmory|318\/333|[from] confusion
|
|turn|9
|
|move|p2a: Volbeat|Thunder Wave|p1a: Skarmory
|-status|p1a: Skarmory|par
|-activate|p1a: Skarmory|confusion
|-damage|p1a: Skarmory|303\/333 par|[from] confusion
|
|turn|10
|
|switch|p2a: Flygon|Flygon, M|301\/301
|-activate|p1a: Skarmory|confusion
|-damage|p1a: Skarmory|288\/333 par|[from] confusion
|
|turn|11
|
|move|p2a: Flygon|Fire Punch|p1a: Skarmory
|-supereffective|p1a: Skarmory
|-damage|p1a: Skarmory|208\/333 par
|-activate|p1a: Skarmory|confusion
|-damage|p1a: Skarmory|193\/333 par|[from] confusion
|
|turn|12
|c|âSupMayne|nice rng there
|-message|SupMayne forfeited.
|leave|SupMayne
|
|win|fenyx4
|raw|Ladder updating...
|player|p1
|raw|SupMayne's rating: 1199 &rarr; <strong>1173<\/strong><br \/>(-26 for losing)
|raw|fenyx4's rating: 1194 &rarr; <strong>1220<\/strong><br \/>(+26 for winning)
|c|âfenyx4|ty