|join|SupMayne
|join|toostrawng
|player|p1|SupMayne|170
|player|p2|toostrawng|161
|gametype|singles
|gen|6
|tier|OU
|rated
|clearpoke
|poke|p1|Chansey, F
|poke|p1|Excadrill, M
|poke|p1|Skarmory, F
|poke|p1|Heatran, M
|poke|p1|Clefable, F
|poke|p1|Venusaur, M
|poke|p2|Gyarados, M, shiny
|poke|p2|Talonflame, F, shiny
|poke|p2|Kyurem-Black, shiny
|poke|p2|Latias, F
|poke|p2|Azelf
|poke|p2|Azumarill, F
|rule|Swagger Clause: Swagger is banned
|rule|Baton Pass Clause: Limit one PokÃ©mon knowing Baton Pass
|rule|Sleep Clause Mod: Limit one foe put to sleep
|rule|Species Clause: Limit one of each PokÃ©mon
|rule|OHKO Clause: OHKO moves are banned
|rule|Moody Clause: Moody is banned
|rule|Evasion Moves Clause: Evasion moves are banned
|rule|Endless Battle Clause: Forcing endless battles is banned
|rule|HP Percentage Mod: HP is shown in percentages
|teampreview
|
|start
|switch|p1a: Heatran|Heatran, M|386\/386
|switch|p2a: Azelf|Azelf|291\/291
|turn|1
|
|move|p2a: Azelf|Taunt|p1a: Heatran
|-start|p1a: Heatran|move: Taunt
|cant|p1a: Heatran|move: Taunt|Toxic
|
|turn|2
|
|move|p2a: Azelf|Stealth Rock|p1a: Heatran
|-sidestart|p1: SupMayne|move: Stealth Rock
|move|p1a: Heatran|Lava Plume|p2a: Azelf
|-damage|p2a: Azelf|111\/291
|-status|p2a: Azelf|brn
|
|-damage|p2a: Azelf|75\/291 brn|[from] brn
|turn|3
|
|switch|p2a: Madara|Kyurem-Black, shiny|405\/405
|-ability|p2a: Madara|Teravolt
|move|p1a: Heatran|Lava Plume|p2a: Madara
|-damage|p2a: Madara|264\/405
|
|-end|p1a: Heatran|move: Taunt
|turn|4
|
|move|p2a: Madara|Earth Power|p1a: Heatran
|-supereffective|p1a: Heatran
|-damage|p1a: Heatran|0 fnt
|-damage|p2a: Madara|224\/405|[from] item: Life Orb
|faint|p1a: Heatran
|
|c|âSupMayne|well thats annoying
|
|switch|p1a: Chansey|Chansey, F|642\/642
|-damage|p1a: Chansey|562\/642|[from] Stealth Rock
|turn|5
|c|âtoostrawng|you mean like your team?
|c|âSupMayne|who woulda guess a special invested kyruem
|
|switch|p2a: Azelf|Azelf|75\/291 brn
|move|p1a: Chansey|Thunder Wave|p2a: Azelf
|-fail|p2a: Azelf
|
|-damage|p2a: Azelf|39\/291 brn|[from] brn
|turn|6
|
|move|p2a: Azelf|Explosion|p1a: Chansey
|-damage|p1a: Chansey|343\/642
|faint|p2a: Azelf
|move|p1a: Chansey|Seismic Toss|p2: Azelf|[notarget]
|-notarget
|
|
|switch|p2a: Talonflame|Talonflame, F, shiny|297\/297
|turn|7
|
|move|p2a: Talonflame|Taunt|p1a: Chansey
|-start|p1a: Chansey|move: Taunt
|cant|p1a: Chansey|move: Taunt|Thunder Wave
|
|turn|8
|
|move|p2a: Talonflame|Swords Dance|p2a: Talonflame
|-boost|p2a: Talonflame|atk|2
|move|p1a: Chansey|Seismic Toss|p2a: Talonflame
|-damage|p2a: Talonflame|197\/297
|
|-heal|p2a: Talonflame|215\/297|[from] item: Leftovers
|turn|9
|
|switch|p1a: Skarmory|Skarmory, F|333\/333
|-damage|p1a: Skarmory|292\/333|[from] Stealth Rock
|move|p2a: Talonflame|Flare Blitz|p1a: Skarmory
|-supereffective|p1a: Skarmory
|-damage|p1a: Skarmory|0 fnt
|-damage|p2a: Talonflame|166\/297|[from] item: Rocky Helmet|[of] p1a: Skarmory
|-damage|p2a: Talonflame|70\/297|[from] recoil|[of] p1a: Skarmory
|faint|p1a: Skarmory
|
|-heal|p2a: Talonflame|88\/297|[from] item: Leftovers
|
|switch|p1a: Chansey|Chansey, F|343\/642
|-damage|p1a: Chansey|263\/642|[from] Stealth Rock
|turn|10
|
|move|p2a: Talonflame|Flare Blitz|p1a: Chansey
|-damage|p1a: Chansey|0 fnt
|-damage|p2a: Talonflame|1\/297|[from] recoil|[of] p1a: Chansey
|faint|p1a: Chansey
|
|-heal|p2a: Talonflame|19\/297|[from] item: Leftovers
|-message|SupMayne forfeited.
|leave|SupMayne
|
|win|toostrawng
|raw|Ladder updating...
|raw|SupMayne's rating: 1544 &rarr; <strong>1522<\/strong><br \/>(-22 for losing)
|raw|toostrawng's rating: 1508 &rarr; <strong>1530<\/strong><br \/>(+22 for winning)
|player|p1