|join|SupMayne
|join|PBC All I See
|player|p1|SupMayne|2
|player|p2|PBC All I See|265
|gametype|singles
|gen|6
|tier|OU
|rated
|clearpoke
|poke|p1|Heatran, M
|poke|p1|Skarmory, M
|poke|p1|Venusaur, M
|poke|p1|Chansey, F
|poke|p1|Clefable, M
|poke|p1|Excadrill, M
|poke|p2|Ampharos, F
|poke|p2|Klefki, F
|poke|p2|Seismitoad, M
|poke|p2|Tornadus-Therian, M
|poke|p2|Starmie
|poke|p2|Lucario, F
|rule|Swagger Clause: Swagger is banned
|rule|Baton Pass Clause: Limit one PokÃ©mon knowing Baton Pass
|rule|Sleep Clause Mod: Limit one foe put to sleep
|rule|Species Clause: Limit one of each PokÃ©mon
|rule|OHKO Clause: OHKO moves are banned
|rule|Moody Clause: Moody is banned
|rule|Evasion Moves Clause: Evasion moves are banned
|rule|Endless Battle Clause: Forcing endless battles is banned
|rule|HP Percentage Mod: HP is shown in percentages
|teampreview
|
|start
|switch|p1a: Venusaur|Venusaur, M|363\/363
|switch|p2a: Tornadus-Therian|Tornadus-Therian, M|329\/329
|turn|1
|
|switch|p1a: Chansey|Chansey, F|642\/642
|move|p2a: Tornadus-Therian|Knock Off|p1a: Chansey
|-damage|p1a: Chansey|537\/642
|-enditem|p1a: Chansey|Eviolite|[from] move: Knock Off|[of] p2a: Tornadus-Therian
|
|turn|2
|
|move|p2a: Tornadus-Therian|U-turn|p1a: Chansey
|-damage|p1a: Chansey|428\/642
|
|switch|p2a: Ampharos|Ampharos, F|351\/351
|move|p1a: Chansey|Toxic|p2a: Ampharos
|-status|p2a: Ampharos|tox
|
|-damage|p2a: Ampharos|330\/351 tox|[from] psn
|turn|3
|
|switch|p1a: Heatran|Heatran, M|386\/386
|detailschange|p2a: Ampharos|Ampharos-Mega, F
|-mega|p2a: Ampharos|Ampharos|Ampharosite
|-ability|p2a: Ampharos|Mold Breaker
|move|p2a: Ampharos|Volt Switch|p1a: Heatran
|-damage|p1a: Heatran|265\/386
|
|switch|p2a: Nicky|Seismitoad, M|413\/413
|
|-heal|p1a: Heatran|289\/386|[from] item: Leftovers
|turn|4
|
|switch|p1a: Venusaur|Venusaur, M|363\/363
|move|p2a: Nicky|Stealth Rock|p1a: Venusaur
|-sidestart|p1: SupMayne|move: Stealth Rock
|
|turn|5
|
|switch|p2a: Ampharos|Ampharos-Mega, F|330\/351 tox
|-ability|p2a: Ampharos|Mold Breaker
|detailschange|p1a: Venusaur|Venusaur-Mega, M
|-mega|p1a: Venusaur|Venusaur|Venusaurite
|move|p1a: Venusaur|Leech Seed|p2a: Ampharos|[miss]
|-miss|p1a: Venusaur|p2a: Ampharos
|
|-damage|p2a: Ampharos|309\/351 tox|[from] psn
|turn|6
|
|move|p1a: Venusaur|Leech Seed|p2a: Ampharos
|-start|p2a: Ampharos|move: Leech Seed
|move|p2a: Ampharos|Dragon Pulse|p1a: Venusaur
|-damage|p1a: Venusaur|185\/363
|
|-damage|p2a: Ampharos|266\/351 tox|[from] Leech Seed|[of] p1a: Venusaur
|-heal|p1a: Venusaur|228\/363|[silent]
|-damage|p2a: Ampharos|224\/351 tox|[from] psn
|turn|7
|
|switch|p2a: Tornadus-Therian|Tornadus-Therian, M|329\/329
|move|p1a: Venusaur|Synthesis|p1a: Venusaur
|-heal|p1a: Venusaur|363\/363
|
|turn|8
|join|Ill leave
|
|move|p2a: Tornadus-Therian|U-turn|p1a: Venusaur
|-damage|p1a: Venusaur|330\/363
|
|switch|p2a: Nice Keys|Klefki, F|317\/317
|move|p1a: Venusaur|Leech Seed|p2a: Nice Keys
|-start|p2a: Nice Keys|move: Leech Seed
|
|-damage|p2a: Nice Keys|278\/317|[from] Leech Seed|[of] p1a: Venusaur
|-heal|p1a: Venusaur|363\/363|[silent]
|turn|9
|
|switch|p1a: Heatran|Heatran, M|289\/386
|-damage|p1a: Heatran|241\/386|[from] Stealth Rock
|switch|p2a: Tornadus-Therian|Tornadus-Therian, M|329\/329
|
|-heal|p1a: Heatran|265\/386|[from] item: Leftovers
|turn|10
|
|switch|p1a: Skarmory|Skarmory, M|333\/333
|-damage|p1a: Skarmory|292\/333|[from] Stealth Rock
|move|p2a: Tornadus-Therian|U-turn|p1a: Skarmory
|-resisted|p1a: Skarmory
|-damage|p1a: Skarmory|284\/333
|-damage|p2a: Tornadus-Therian|275\/329|[from] item: Rocky Helmet|[of] p1a: Skarmory
|
|switch|p2a: Y.G.L.A|Starmie|261\/261
|
|turn|11
|
|move|p2a: Y.G.L.A|Hydro Pump|p1a: Skarmory|[miss]
|-miss|p2a: Y.G.L.A|p1a: Skarmory
|move|p1a: Skarmory|Brave Bird|p2a: Y.G.L.A
|-damage|p2a: Y.G.L.A|117\/261
|-damage|p1a: Skarmory|236\/333|[from] recoil|[of] p2a: Y.G.L.A
|
|turn|12
|
|switch|p1a: Venusaur|Venusaur-Mega, M|363\/363
|-damage|p1a: Venusaur|318\/363|[from] Stealth Rock
|move|p2a: Y.G.L.A|Hydro Pump|p1a: Venusaur
|-resisted|p1a: Venusaur
|-damage|p1a: Venusaur|196\/363
|-damage|p2a: Y.G.L.A|91\/261|[from] item: Life Orb
|
|turn|13
|
|move|p2a: Y.G.L.A|Psyshock|p1a: Venusaur
|-supereffective|p1a: Venusaur
|-damage|p1a: Venusaur|17\/363
|-damage|p2a: Y.G.L.A|65\/261|[from] item: Life Orb
|move|p1a: Venusaur|Leech Seed|p2a: Y.G.L.A
|-start|p2a: Y.G.L.A|move: Leech Seed
|
|-damage|p2a: Y.G.L.A|33\/261|[from] Leech Seed|[of] p1a: Venusaur
|-heal|p1a: Venusaur|49\/363|[silent]
|turn|14
|
|switch|p2a: Tornadus-Therian|Tornadus-Therian, M|329\/329
|switch|p1a: Clefable|Clefable, M|394\/394
|
|turn|15
|leave|Ill leave
|
|move|p2a: Tornadus-Therian|Knock Off|p1a: Clefable
|-resisted|p1a: Clefable
|-damage|p1a: Clefable|359\/394
|-enditem|p1a: Clefable|Leftovers|[from] move: Knock Off|[of] p2a: Tornadus-Therian
|move|p1a: Clefable|Calm Mind|p1a: Clefable
|-boost|p1a: Clefable|spa|1
|-boost|p1a: Clefable|spd|1
|
|turn|16
|
|move|p2a: Tornadus-Therian|U-turn|p1a: Clefable
|-resisted|p1a: Clefable
|-damage|p1a: Clefable|335\/394
|
|switch|p2a: Nice Keys|Klefki, F|278\/317
|move|p1a: Clefable|Calm Mind|p1a: Clefable
|-boost|p1a: Clefable|spa|1
|-boost|p1a: Clefable|spd|1
|
|-heal|p2a: Nice Keys|297\/317|[from] item: Leftovers
|turn|17
|
|move|p2a: Nice Keys|Thunder Wave|p1a: Clefable
|-status|p1a: Clefable|par
|cant|p1a: Clefable|par
|
|-heal|p2a: Nice Keys|316\/317|[from] item: Leftovers
|turn|18
|
|move|p2a: Nice Keys|Spikes|p1a: Clefable
|-sidestart|p1: SupMayne|Spikes
|move|p1a: Clefable|Calm Mind|p1a: Clefable
|-boost|p1a: Clefable|spa|1
|-boost|p1a: Clefable|spd|1
|
|-heal|p2a: Nice Keys|317\/317|[from] item: Leftovers
|turn|19
|
|switch|p2a: Y.G.L.A|Starmie|33\/261
|move|p1a: Clefable|Flamethrower|p2a: Y.G.L.A
|-resisted|p2a: Y.G.L.A
|-damage|p2a: Y.G.L.A|0 fnt
|faint|p2a: Y.G.L.A
|
|
|switch|p2a: Lucario|Lucario, F|281\/281
|turn|20
|
|move|p2a: Lucario|Iron Tail|p1a: Clefable
|-supereffective|p1a: Clefable
|-damage|p1a: Clefable|0 fnt
|-damage|p2a: Lucario|253\/281|[from] item: Life Orb
|faint|p1a: Clefable
|
|
|switch|p1a: Excadrill|Excadrill, M|361\/361
|-damage|p1a: Excadrill|350\/361|[from] Stealth Rock
|-damage|p1a: Excadrill|305\/361|[from] Spikes
|-ability|p1a: Excadrill|Mold Breaker
|turn|21
|
|switch|p2a: Tornadus-Therian|Tornadus-Therian, M|329\/329
|move|p1a: Excadrill|Rock Slide|p2a: Tornadus-Therian
|-supereffective|p2a: Tornadus-Therian
|-damage|p2a: Tornadus-Therian|79\/329
|
|turn|22
|
|switch|p2a: Lucario|Lucario, F|253\/281
|move|p1a: Excadrill|Rock Slide|p2a: Lucario
|-resisted|p2a: Lucario
|-damage|p2a: Lucario|222\/281
|
|turn|23
|
|switch|p1a: Skarmory|Skarmory, M|236\/333
|-damage|p1a: Skarmory|195\/333|[from] Stealth Rock
|move|p2a: Lucario|Close Combat|p1a: Skarmory
|-damage|p1a: Skarmory|39\/333
|-damage|p2a: Lucario|176\/281|[from] item: Rocky Helmet|[of] p1a: Skarmory
|-unboost|p2a: Lucario|def|1
|-unboost|p2a: Lucario|spd|1
|-damage|p2a: Lucario|148\/281|[from] item: Life Orb
|
|turn|24
|
|move|p2a: Lucario|Close Combat|p1a: Skarmory
|-damage|p1a: Skarmory|0 fnt
|-damage|p2a: Lucario|102\/281|[from] item: Rocky Helmet|[of] p1a: Skarmory
|-unboost|p2a: Lucario|def|1
|-unboost|p2a: Lucario|spd|1
|-damage|p2a: Lucario|74\/281|[from] item: Life Orb
|faint|p1a: Skarmory
|
|
|switch|p1a: Excadrill|Excadrill, M|305\/361
|-damage|p1a: Excadrill|260\/361|[from] Spikes
|-damage|p1a: Excadrill|249\/361|[from] Stealth Rock
|-ability|p1a: Excadrill|Mold Breaker
|turn|25
|
|switch|p2a: Nicky|Seismitoad, M|413\/413
|move|p1a: Excadrill|Earthquake|p2a: Nicky
|-damage|p2a: Nicky|247\/413
|
|-heal|p2a: Nicky|272\/413|[from] item: Leftovers
|turn|26
|
|switch|p1a: Chansey|Chansey, F|428\/642
|-damage|p1a: Chansey|348\/642|[from] Stealth Rock
|-damage|p1a: Chansey|268\/642|[from] Spikes
|move|p2a: Nicky|Earthquake|p1a: Chansey
|-crit|p1a: Chansey
|-damage|p1a: Chansey|0 fnt
|faint|p1a: Chansey
|
|-heal|p2a: Nicky|297\/413|[from] item: Leftovers
|-message|SupMayne forfeited.
|leave|SupMayne
|
|win|PBC All I See
|raw|Ladder updating...
|player|p1