|join|jiersel2
|join|BatBen
|player|p1|jiersel2|70
|player|p2|BatBen|93
|gametype|singles
|gen|6
|tier|OU
|rated
|clearpoke
|poke|p1|Garchomp, M
|poke|p1|Togekiss, M
|poke|p1|Roserade, M
|poke|p1|Milotic, M
|poke|p1|Lucario, F
|poke|p1|Spiritomb, F
|poke|p2|Landorus-Therian, M
|poke|p2|Rotom-Wash
|poke|p2|Ferrothorn, M
|poke|p2|Bisharp, F
|poke|p2|Gardevoir, F
|poke|p2|Heracross, F, shiny
|rule|Swagger Clause: Swagger is banned
|rule|Baton Pass Clause: Limit one PokÃ©mon knowing Baton Pass
|rule|Sleep Clause Mod: Limit one foe put to sleep
|rule|Species Clause: Limit one of each PokÃ©mon
|rule|OHKO Clause: OHKO moves are banned
|rule|Moody Clause: Moody is banned
|rule|Evasion Moves Clause: Evasion moves are banned
|rule|Endless Battle Clause: Forcing endless battles is banned
|rule|HP Percentage Mod: HP is shown in percentages
|teampreview
|c|âjiersel2|glhf
|c|âBatBen|u too
|join|kandc1234
|
|start
|switch|p1a: Togekiss|Togekiss, M|311\/311
|switch|p2a: Heracross|Heracross, F, shiny|302\/302
|turn|1
|c| kandc1234|Hi
|
|switch|p2a: Rotom-Wash|Rotom-Wash|304\/304
|move|p1a: Togekiss|Air Slash|p2a: Rotom-Wash
|-resisted|p2a: Rotom-Wash
|-damage|p2a: Rotom-Wash|245\/304
|
|-heal|p2a: Rotom-Wash|264\/304|[from] item: Leftovers
|turn|2
|c|âBatBen|hi
|c| kandc1234|Wow actual cynthia
|c|âjiersel2|yeah it works suprisingly
|
|switch|p1a: Roserade|Roserade, M|262\/262
|move|p2a: Rotom-Wash|Volt Switch|p1a: Roserade
|-resisted|p1a: Roserade
|-damage|p1a: Roserade|220\/262
|
|switch|p2a: Bisharp|Bisharp, F|272\/272
|
|turn|3
|
|move|p1a: Roserade|Hidden Power|p2a: Bisharp
|-supereffective|p2a: Bisharp
|-damage|p2a: Bisharp|0 fnt
|faint|p2a: Bisharp
|
|c| kandc1234|:O
|c|âBatBen|fighting
|c|âjiersel2|fire
|c|âBatBen|i thought maybe fire...
|c|âBatBen|fire?
|c| kandc1234|My results show that you are in fact a weenie
|c|âBatBen|so choice specs?
|
|switch|p2a: Gardevoir|Gardevoir, F|277\/277
|turn|4
|
|switch|p1a: Spiritomb|Spiritomb, F|304\/304
|detailschange|p2a: Gardevoir|Gardevoir-Mega, F
|message|Gardevoir has Mega Evolved into Mega Gardevoir!
|move|p2a: Gardevoir|Psyshock|p1a: Spiritomb
|-immune|p1a: Spiritomb|[msg]
|
|turn|5
|
|move|p1a: Spiritomb|Shadow Sneak|p2a: Gardevoir
|-supereffective|p2a: Gardevoir
|-damage|p2a: Gardevoir|173\/277
|move|p2a: Gardevoir|Hyper Voice|p1a: Spiritomb
|-supereffective|p1a: Spiritomb
|-damage|p1a: Spiritomb|0 fnt
|faint|p1a: Spiritomb
|
|c| kandc1234|oh wow its cynthias actual team
|
|switch|p1a: Lucario|Lucario, F|281\/281
|turn|6
|c|âjiersel2|yeah of course
|
|move|p1a: Lucario|Bullet Punch|p2a: Gardevoir
|-supereffective|p2a: Gardevoir
|-damage|p2a: Gardevoir|0 fnt
|-damage|p1a: Lucario|253\/281|[from] item: Life Orb
|faint|p2a: Gardevoir
|
|
|switch|p2a: Heracross|Heracross, F, shiny|302\/302
|turn|7
|c| kandc1234|Pink
|
|switch|p2a: Rotom-Wash|Rotom-Wash|264\/304
|switch|p1a: Togekiss|Togekiss, M|311\/311
|
|-heal|p2a: Rotom-Wash|283\/304|[from] item: Leftovers
|turn|8
|
|switch|p1a: Garchomp|Garchomp, M|358\/358
|move|p2a: Rotom-Wash|Volt Switch|p1a: Garchomp
|-immune|p1a: Garchomp|[msg]
|
|-heal|p2a: Rotom-Wash|302\/304|[from] item: Leftovers
|turn|9
|
|detailschange|p1a: Garchomp|Garchomp-Mega, M
|message|Garchomp has Mega Evolved into Mega Garchomp!
|move|p1a: Garchomp|Swords Dance|p1a: Garchomp
|-boost|p1a: Garchomp|atk|2
|move|p2a: Rotom-Wash|Will-O-Wisp|p1a: Garchomp
|-status|p1a: Garchomp|brn
|
|-heal|p2a: Rotom-Wash|304\/304|[from] item: Leftovers
|-damage|p1a: Garchomp|314\/358 brn|[from] brn
|turn|10
|c| kandc1234|2spooky4me
|c|âjiersel2|what?
|c|âBatBen|3spooky5me
|
|switch|p2a: Ferrothorn|Ferrothorn, M|352\/352
|move|p1a: Garchomp|Swords Dance|p1a: Garchomp
|-boost|p1a: Garchomp|atk|2
|
|-damage|p1a: Garchomp|270\/358 brn|[from] brn
|turn|11
|c| kandc1234|4spooky6me
|
|move|p1a: Garchomp|Earthquake|p2a: Ferrothorn
|-damage|p2a: Ferrothorn|123\/352
|move|p2a: Ferrothorn|Leech Seed|p1a: Garchomp
|-start|p1a: Garchomp|move: Leech Seed
|
|-heal|p2a: Ferrothorn|145\/352|[from] item: Leftovers
|-damage|p1a: Garchomp|226\/358 brn|[from] Leech Seed|[of] p2a: Ferrothorn
|-heal|p2a: Ferrothorn|189\/352|[silent]
|-damage|p1a: Garchomp|182\/358 brn|[from] brn
|turn|12
|
|move|p2a: Ferrothorn|Protect|p2a: Ferrothorn
|-singleturn|p2a: Ferrothorn|Protect
|move|p1a: Garchomp|Dragon Claw|p2a: Ferrothorn
|-activate|p2a: Ferrothorn|Protect
|
|-heal|p2a: Ferrothorn|211\/352|[from] item: Leftovers
|-damage|p1a: Garchomp|138\/358 brn|[from] Leech Seed|[of] p2a: Ferrothorn
|-heal|p2a: Ferrothorn|255\/352|[silent]
|-damage|p1a: Garchomp|94\/358 brn|[from] brn
|turn|13
|
|move|p1a: Garchomp|Earthquake|p2a: Ferrothorn
|-damage|p2a: Ferrothorn|5\/352
|move|p2a: Ferrothorn|Spikes|p1a: Garchomp
|-sidestart|p1: jiersel2|Spikes
|
|-heal|p2a: Ferrothorn|27\/352|[from] item: Leftovers
|-damage|p1a: Garchomp|50\/358 brn|[from] Leech Seed|[of] p2a: Ferrothorn
|-heal|p2a: Ferrothorn|71\/352|[silent]
|-damage|p1a: Garchomp|6\/358 brn|[from] brn
|turn|14
|c| kandc1234|garchomp is getting skrekt
|
|move|p2a: Ferrothorn|Protect|p2a: Ferrothorn
|-singleturn|p2a: Ferrothorn|Protect
|move|p1a: Garchomp|Dragon Claw|p2a: Ferrothorn
|-activate|p2a: Ferrothorn|Protect
|
|-heal|p2a: Ferrothorn|93\/352|[from] item: Leftovers
|-damage|p1a: Garchomp|0 fnt|[from] Leech Seed|[of] p2a: Ferrothorn
|-heal|p2a: Ferrothorn|99\/352|[silent]
|faint|p1a: Garchomp
|
|switch|p1a: Roserade|Roserade, M|220\/262
|-damage|p1a: Roserade|188\/262|[from] Spikes
|turn|15
|
|switch|p2a: Landorus-Therian|Landorus-Therian, M|382\/382
|-ability|p2a: Landorus-Therian|Intimidate|[of] p1a: Roserade
|-unboost|p1a: Roserade|atk|1
|move|p1a: Roserade|Hidden Power|p2a: Landorus-Therian
|-crit|p2a: Landorus-Therian
|-damage|p2a: Landorus-Therian|173\/382
|
|-heal|p2a: Landorus-Therian|196\/382|[from] item: Leftovers
|turn|16
|
|move|p1a: Roserade|Hidden Power|p2a: Landorus-Therian
|-damage|p2a: Landorus-Therian|50\/382
|move|p2a: Landorus-Therian|U-turn|p1a: Roserade
|-damage|p1a: Roserade|81\/262
|c| kandc1234|welcome to the salty spitoon how tough are ya
|
|switch|p2a: Rotom-Wash|Rotom-Wash|304\/304
|
|turn|17
|
|switch|p1a: Lucario|Lucario, F|253\/281
|-damage|p1a: Lucario|218\/281|[from] Spikes
|move|p2a: Rotom-Wash|Hydro Pump|p1a: Lucario
|-damage|p1a: Lucario|28\/281
|
|turn|18
|
|move|p1a: Lucario|Close Combat|p2a: Rotom-Wash
|-damage|p2a: Rotom-Wash|140\/304
|-unboost|p1a: Lucario|def|1
|-unboost|p1a: Lucario|spd|1
|-damage|p1a: Lucario|0 fnt|[from] item: Life Orb
|faint|p1a: Lucario
|move|p2a: Rotom-Wash|Volt Switch|p1: Lucario|[notarget]
|-notarget
|
|-heal|p2a: Rotom-Wash|159\/304|[from] item: Leftovers
|
|switch|p1a: Roserade|Roserade, M|81\/262
|-damage|p1a: Roserade|49\/262|[from] Spikes
|turn|19
|
|switch|p2a: Ferrothorn|Ferrothorn, M|99\/352
|move|p1a: Roserade|Sludge Bomb|p2a: Ferrothorn
|-immune|p2a: Ferrothorn|[msg]
|
|-heal|p2a: Ferrothorn|121\/352|[from] item: Leftovers
|turn|20
|
|switch|p1a: Togekiss|Togekiss, M|311\/311
|move|p2a: Ferrothorn|Gyro Ball|p1a: Togekiss
|-supereffective|p1a: Togekiss
|-damage|p1a: Togekiss|0 fnt
|faint|p1a: Togekiss
|
|-heal|p2a: Ferrothorn|143\/352|[from] item: Leftovers
|c|âjiersel2|choice scarf sucks sometimes
|
|switch|p1a: Milotic|Milotic, M|394\/394
|-damage|p1a: Milotic|345\/394|[from] Spikes
|turn|21
|c| kandc1234|yes it does
|c|âBatBen|oh it's scarf modest
|
|move|p1a: Milotic|Ice Beam|p2a: Ferrothorn
|-damage|p2a: Ferrothorn|84\/352
|move|p2a: Ferrothorn|Leech Seed|p1a: Milotic
|-start|p1a: Milotic|move: Leech Seed
|
|-heal|p1a: Milotic|369\/394|[from] item: Leftovers
|-heal|p2a: Ferrothorn|106\/352|[from] item: Leftovers
|-damage|p1a: Milotic|320\/394|[from] Leech Seed|[of] p2a: Ferrothorn
|-heal|p2a: Ferrothorn|155\/352|[silent]
|turn|22
|c|âjiersel2|no timid
|
|switch|p1a: Roserade|Roserade, M|49\/262
|-damage|p1a: Roserade|17\/262|[from] Spikes
|move|p2a: Ferrothorn|Protect|p2a: Ferrothorn
|-fail|p2a: Ferrothorn
|
|-heal|p2a: Ferrothorn|177\/352|[from] item: Leftovers
|turn|23
|
|move|p2a: Ferrothorn|Protect|p2a: Ferrothorn
|-singleturn|p2a: Ferrothorn|Protect
|move|p1a: Roserade|Hidden Power|p2a: Ferrothorn
|-activate|p2a: Ferrothorn|Protect
|
|-heal|p2a: Ferrothorn|199\/352|[from] item: Leftovers
|turn|24
|
|switch|p2a: Rotom-Wash|Rotom-Wash|159\/304
|move|p1a: Roserade|Hidden Power|p2a: Rotom-Wash
|-resisted|p2a: Rotom-Wash
|-damage|p2a: Rotom-Wash|110\/304
|
|-heal|p2a: Rotom-Wash|129\/304|[from] item: Leftovers
|turn|25
|c| kandc1234|harsh
|
|move|p1a: Roserade|Hidden Power|p2a: Rotom-Wash
|-resisted|p2a: Rotom-Wash
|-damage|p2a: Rotom-Wash|78\/304
|move|p2a: Rotom-Wash|Volt Switch|p1a: Roserade
|-resisted|p1a: Roserade
|-damage|p1a: Roserade|0 fnt
|faint|p1a: Roserade
|c|âBatBen|I think it's gg
|
|switch|p2a: Ferrothorn|Ferrothorn, M|199\/352
|
|-heal|p2a: Ferrothorn|221\/352|[from] item: Leftovers
|c|âjiersel2|yeah gg
|
|switch|p1a: Milotic|Milotic, M|320\/394
|-damage|p1a: Milotic|271\/394|[from] Spikes
|turn|26
|c| kandc1234|gg :D
|c|âjiersel2|i'll make it quick haha
|
|move|p1a: Milotic|Ice Beam|p2a: Ferrothorn
|-crit|p2a: Ferrothorn
|-damage|p2a: Ferrothorn|138\/352
|move|p2a: Ferrothorn|Leech Seed|p1a: Milotic
|-start|p1a: Milotic|move: Leech Seed
|
|-heal|p1a: Milotic|295\/394|[from] item: Leftovers
|-heal|p2a: Ferrothorn|160\/352|[from] item: Leftovers
|-damage|p1a: Milotic|246\/394|[from] Leech Seed|[of] p2a: Ferrothorn
|-heal|p2a: Ferrothorn|209\/352|[silent]
|turn|27
|
|move|p2a: Ferrothorn|Protect|p2a: Ferrothorn
|-singleturn|p2a: Ferrothorn|Protect
|move|p1a: Milotic|Ice Beam|p2a: Ferrothorn
|-activate|p2a: Ferrothorn|Protect
|
|-heal|p1a: Milotic|270\/394|[from] item: Leftovers
|-heal|p2a: Ferrothorn|231\/352|[from] item: Leftovers
|-damage|p1a: Milotic|221\/394|[from] Leech Seed|[of] p2a: Ferrothorn
|-heal|p2a: Ferrothorn|280\/352|[silent]
|turn|28
|
|move|p1a: Milotic|Ice Beam|p2a: Ferrothorn
|-damage|p2a: Ferrothorn|225\/352
|move|p2a: Ferrothorn|Gyro Ball|p1a: Milotic
|-resisted|p1a: Milotic
|-damage|p1a: Milotic|137\/394
|
|-heal|p1a: Milotic|161\/394|[from] item: Leftovers
|-heal|p2a: Ferrothorn|247\/352|[from] item: Leftovers
|-damage|p1a: Milotic|112\/394|[from] Leech Seed|[of] p2a: Ferrothorn
|-heal|p2a: Ferrothorn|296\/352|[silent]
|turn|29
|c| kandc1234|ben dont you have a grass attack
|c|âBatBen|nope I have Gyro ball spikes leech seed and protect
|
|move|p2a: Ferrothorn|Protect|p2a: Ferrothorn
|-singleturn|p2a: Ferrothorn|Protect
|move|p1a: Milotic|Ice Beam|p2a: Ferrothorn
|-activate|p2a: Ferrothorn|Protect
|
|-heal|p1a: Milotic|136\/394|[from] item: Leftovers
|-heal|p2a: Ferrothorn|318\/352|[from] item: Leftovers
|-damage|p1a: Milotic|87\/394|[from] Leech Seed|[of] p2a: Ferrothorn
|-heal|p2a: Ferrothorn|352\/352|[silent]
|turn|30
|c|âjiersel2|power whip?
|c|âBatBen|no
|c| kandc1234|bens too cool for power whip
|c|âjiersel2|replace spikes with rocks
|
|move|p1a: Milotic|Ice Beam|p2a: Ferrothorn
|-damage|p2a: Ferrothorn|295\/352
|move|p2a: Ferrothorn|Gyro Ball|p1a: Milotic
|-crit|p1a: Milotic
|-resisted|p1a: Milotic
|-damage|p1a: Milotic|0 fnt
|faint|p1a: Milotic
|
|win|BatBen
|raw|Ladder updating...
|raw|jiersel2's rating: 1439 &rarr; <strong>1421<\/strong><br \/>(-18 for losing)
|raw|BatBen's rating: 1478 &rarr; <strong>1496<\/strong><br \/>(+18 for winning)
|c|âBatBen|Nah i have rocks on lando
|c|âjiersel2|gg
|c| kandc1234|gg
|c|âBatBen|gg
|leave|jiersel2
|player|p1
|leave|kandc1234