|join|jiersel2
|join|471V3
|player|p1|jiersel2|266
|player|p2|471V3|158
|gametype|singles
|gen|6
|tier|OU
|rated
|clearpoke
|poke|p1|Bisharp, M
|poke|p1|Charizard, M
|poke|p1|Tentacruel, M
|poke|p1|Celebi
|poke|p1|Dragonite, M
|poke|p1|Gengar, M
|poke|p2|Charizard, M, shiny
|poke|p2|Gothitelle, M, shiny
|poke|p2|Mandibuzz, F, shiny
|poke|p2|Hippowdon, M
|poke|p2|Excadrill, F, shiny
|poke|p2|Rotom-Wash, shiny
|rule|Swagger Clause: Swagger is banned
|rule|Baton Pass Clause: Limit one PokÃ©mon knowing Baton Pass
|rule|Sleep Clause Mod: Limit one foe put to sleep
|rule|Species Clause: Limit one of each PokÃ©mon
|rule|OHKO Clause: OHKO moves are banned
|rule|Moody Clause: Moody is banned
|rule|Evasion Moves Clause: Evasion moves are banned
|rule|Endless Battle Clause: Forcing endless battles is banned
|rule|HP Percentage Mod: HP is shown in percentages
|teampreview
|c|âjiersel2|glhf
|c|â471V3|u2
|
|start
|switch|p1a: Charizard|Charizard, M|297\/297
|switch|p2a: Charizard|Charizard, M, shiny|297\/297
|turn|1
|
|switch|p1a: Tentacruel|Tentacruel, M|364\/364
|switch|p2a: Hippowdon|Hippowdon, M|419\/419
|-weather|Sandstorm
|
|-weather|Sandstorm|[upkeep]
|-damage|p1a: Tentacruel|342\/364|[from] sandstorm
|-heal|p1a: Tentacruel|364\/364|[from] item: Black Sludge
|turn|2
|
|move|p1a: Tentacruel|Scald|p2a: Hippowdon
|-supereffective|p2a: Hippowdon
|-damage|p2a: Hippowdon|291\/419
|move|p2a: Hippowdon|Stealth Rock|p1a: Tentacruel
|-sidestart|p1: jiersel2|move: Stealth Rock
|
|-weather|Sandstorm|[upkeep]
|-damage|p1a: Tentacruel|342\/364|[from] sandstorm
|-heal|p1a: Tentacruel|364\/364|[from] item: Black Sludge
|turn|3
|
|move|p1a: Tentacruel|Toxic|p2a: Hippowdon
|-status|p2a: Hippowdon|tox
|move|p2a: Hippowdon|Earthquake|p1a: Tentacruel
|-supereffective|p1a: Tentacruel
|-damage|p1a: Tentacruel|0 fnt
|faint|p1a: Tentacruel
|
|-weather|Sandstorm|[upkeep]
|-damage|p2a: Hippowdon|265\/419 tox|[from] psn
|c|âjiersel2|damn that ohkos
|c|âjiersel2|welp fuck me
|
|switch|p1a: Celebi|Celebi|404\/404
|-damage|p1a: Celebi|354\/404|[from] Stealth Rock
|turn|4
|
|switch|p2a: Charizard|Charizard, M, shiny|297\/297
|move|p1a: Celebi|Stealth Rock|p2a: Charizard
|-sidestart|p2: 471V3|move: Stealth Rock
|
|-weather|Sandstorm|[upkeep]
|-damage|p2a: Charizard|279\/297|[from] sandstorm
|-damage|p1a: Celebi|329\/404|[from] sandstorm
|-heal|p1a: Celebi|354\/404|[from] item: Leftovers
|turn|5
|
|detailschange|p2a: Charizard|Charizard-Mega-Y, M, shiny
|-mega|p2a: Charizard|Charizard|Charizardite Y
|-weather|SunnyDay
|move|p2a: Charizard|Flamethrower|p1a: Celebi
|-supereffective|p1a: Celebi
|-damage|p1a: Celebi|0 fnt
|faint|p1a: Celebi
|
|-weather|SunnyDay|[upkeep]
|c|âjiersel2|Y?
|c|âjiersel2|double weather
|
|switch|p1a: Dragonite|Dragonite, M|323\/323
|-damage|p1a: Dragonite|243\/323|[from] Stealth Rock
|turn|6
|
|switch|p2a: Rotom-Wash|Rotom-Wash, shiny|303\/303
|-damage|p2a: Rotom-Wash|266\/303|[from] Stealth Rock
|move|p1a: Dragonite|Outrage|p2a: Rotom-Wash
|-damage|p2a: Rotom-Wash|16\/303
|
|-weather|SunnyDay|[upkeep]
|-heal|p2a: Rotom-Wash|34\/303|[from] item: Leftovers
|turn|7
|
|move|p1a: Dragonite|Outrage|p2a: Rotom-Wash
|-damage|p2a: Rotom-Wash|0 fnt
|faint|p2a: Rotom-Wash
|
|-end|p1a: Dragonite|rampage
|-start|p1a: Dragonite|confusion
|-weather|SunnyDay|[upkeep]
|
|switch|p2a: Gothitelle|Gothitelle, M, shiny|301\/301
|-damage|p2a: Gothitelle|264\/301|[from] Stealth Rock
|turn|8
|
|move|p2a: Gothitelle|Thunderbolt|p1a: Dragonite
|-damage|p1a: Dragonite|147\/323
|-activate|p1a: Dragonite|confusion
|move|p1a: Dragonite|Outrage|p2a: Gothitelle
|-damage|p2a: Gothitelle|0 fnt
|faint|p2a: Gothitelle
|
|-weather|SunnyDay|[upkeep]
|
|switch|p2a: Mandibuzz|Mandibuzz, F, shiny|423\/423
|-damage|p2a: Mandibuzz|318\/423|[from] Stealth Rock
|turn|9
|
|-activate|p1a: Dragonite|confusion
|-damage|p1a: Dragonite|60\/323|[from] confusion
|move|p2a: Mandibuzz|Roost|p2a: Mandibuzz
|-heal|p2a: Mandibuzz|423\/423
|
|-end|p1a: Dragonite|rampage
|-weather|none
|turn|10
|
|-activate|p1a: Dragonite|confusion
|-damage|p1a: Dragonite|0 fnt|[from] confusion
|faint|p1a: Dragonite
|move|p2a: Mandibuzz|Knock Off|p1: Dragonite|[notarget]
|-notarget
|
|
|switch|p1a: Charizard|Charizard, M|297\/297
|-damage|p1a: Charizard|149\/297|[from] Stealth Rock
|turn|11
|
|detailschange|p1a: Charizard|Charizard-Mega-Y, M
|-mega|p1a: Charizard|Charizard|Charizardite Y
|-weather|SunnyDay
|move|p1a: Charizard|Fire Blast|p2a: Mandibuzz
|-damage|p2a: Mandibuzz|69\/423
|move|p2a: Mandibuzz|Whirlwind|p1a: Charizard
|drag|p1a: Gengar|Gengar, M|261\/261
|-damage|p1a: Gengar|229\/261|[from] Stealth Rock
|
|-weather|SunnyDay|[upkeep]
|-heal|p2a: Mandibuzz|95\/423|[from] item: Leftovers
|turn|12
|
|move|p1a: Gengar|Dazzling Gleam|p2a: Mandibuzz
|-supereffective|p2a: Mandibuzz
|-damage|p2a: Mandibuzz|0 fnt
|faint|p2a: Mandibuzz
|
|-weather|SunnyDay|[upkeep]
|
|switch|p2a: Charizard|Charizard-Mega-Y, M, shiny|279\/297
|-damage|p2a: Charizard|131\/297|[from] Stealth Rock
|turn|13
|
|switch|p1a: Charizard|Charizard-Mega-Y, M|149\/297
|-damage|p1a: Charizard|1\/297|[from] Stealth Rock
|move|p2a: Charizard|Roost|p2a: Charizard
|-heal|p2a: Charizard|280\/297
|
|-weather|SunnyDay|[upkeep]
|turn|14
|
|move|p1a: Charizard|Fire Blast|p2a: Charizard
|-resisted|p2a: Charizard
|-damage|p2a: Charizard|128\/297
|move|p2a: Charizard|Flamethrower|p1a: Charizard
|-resisted|p1a: Charizard
|-damage|p1a: Charizard|0 fnt
|faint|p1a: Charizard
|
|-weather|SunnyDay|[upkeep]
|
|switch|p1a: Gengar|Gengar, M|229\/261
|-damage|p1a: Gengar|197\/261|[from] Stealth Rock
|turn|15
|
|move|p1a: Gengar|Shadow Ball|p2a: Charizard
|-damage|p2a: Charizard|0 fnt
|faint|p2a: Charizard
|
|-weather|none
|
|switch|p2a: Hippowdon|Hippowdon, M|265\/419 tox
|-damage|p2a: Hippowdon|239\/419 tox|[from] Stealth Rock
|-weather|Sandstorm
|turn|16
|
|move|p1a: Gengar|Shadow Ball|p2a: Hippowdon
|-damage|p2a: Hippowdon|91\/419 tox
|move|p2a: Hippowdon|Rock Slide|p1a: Gengar
|-damage|p1a: Gengar|102\/261
|
|-weather|Sandstorm|[upkeep]
|-damage|p1a: Gengar|86\/261|[from] sandstorm
|-damage|p2a: Hippowdon|65\/419 tox|[from] psn
|turn|17
|
|move|p1a: Gengar|Shadow Ball|p2a: Hippowdon
|-damage|p2a: Hippowdon|0 fnt
|faint|p2a: Hippowdon
|
|-weather|Sandstorm|[upkeep]
|-damage|p1a: Gengar|70\/261|[from] sandstorm
|
|switch|p2a: Excadrill|Excadrill, F, shiny|361\/361
|-damage|p2a: Excadrill|350\/361|[from] Stealth Rock
|turn|18
|
|move|p2a: Excadrill|Iron Head|p1a: Gengar
|-crit|p1a: Gengar
|-damage|p1a: Gengar|0 fnt
|-damage|p2a: Excadrill|314\/361|[from] item: Life Orb
|faint|p1a: Gengar
|
|-weather|Sandstorm|[upkeep]
|
|switch|p1a: Bisharp|Bisharp, M|271\/271
|-damage|p1a: Bisharp|255\/271|[from] Stealth Rock
|turn|19
|
|move|p1a: Bisharp|Sucker Punch|p2a: Excadrill
|-damage|p2a: Excadrill|103\/361
|move|p2a: Excadrill|Earthquake|p1a: Bisharp
|-supereffective|p1a: Bisharp
|-damage|p1a: Bisharp|0 fnt
|-damage|p2a: Excadrill|67\/361|[from] item: Life Orb
|faint|p1a: Bisharp
|
|win|471V3
|raw|Ladder updating...
|raw|jiersel2's rating: 1662 &rarr; <strong>1635<\/strong><br \/>(-27 for losing)
|raw|471V3's rating: 1549 &rarr; <strong>1575<\/strong><br \/>(+26 for winning)
|c|âjiersel2|gg
|c|â471V3|gg
|leave|jiersel2
|player|p1