|join|relous
|join|jiersel2
|player|p1|relous|169
|player|p2|jiersel2|70
|gametype|singles
|gen|6
|tier|OU
|rated
|clearpoke
|poke|p1|Serperior, F
|poke|p1|Garchomp, F
|poke|p1|Latias, F
|poke|p1|Metagross
|poke|p1|Gyarados, F
|poke|p1|Talonflame, F
|poke|p2|Excadrill, F
|poke|p2|Altaria, M
|poke|p2|Thundurus, M
|poke|p2|Rotom-Wash
|poke|p2|Mew
|poke|p2|Sylveon, F
|rule|Swagger Clause: Swagger is banned
|rule|Baton Pass Clause: Limit one PokÃ©mon knowing Baton Pass
|rule|Sleep Clause Mod: Limit one foe put to sleep
|rule|Species Clause: Limit one of each PokÃ©mon
|rule|OHKO Clause: OHKO moves are banned
|rule|Moody Clause: Moody is banned
|rule|Evasion Moves Clause: Evasion moves are banned
|rule|Endless Battle Clause: Forcing endless battles is banned
|rule|HP Percentage Mod: HP is shown in percentages
|teampreview
|c|âjiersel2|glhf
|c|ârelous|u too
|
|start
|switch|p1a: Garchomp|Garchomp, F|357\/357
|switch|p2a: Thundurus|Thundurus, M|299\/299
|turn|1
|
|switch|p1a: Metagross|Metagross|301\/301
|move|p2a: Thundurus|Hidden Power|p1a: Metagross
|-resisted|p1a: Metagross
|-damage|p1a: Metagross|254\/301
|-damage|p2a: Thundurus|270\/299|[from] item: Life Orb
|
|turn|2
|
|detailschange|p1a: Metagross|Metagross-Mega
|-mega|p1a: Metagross|Metagross|Metagrossite
|move|p2a: Thundurus|Thunderbolt|p1a: Metagross
|-damage|p1a: Metagross|50\/301
|-damage|p2a: Thundurus|241\/299|[from] item: Life Orb
|move|p1a: Metagross|Zen Headbutt|p2a: Thundurus|[miss]
|-miss|p1a: Metagross|p2a: Thundurus
|
|turn|3
|
|switch|p1a: Latias|Latias, F|319\/319
|move|p2a: Thundurus|Thunderbolt|p1a: Latias
|-resisted|p1a: Latias
|-damage|p1a: Latias|237\/319
|-damage|p2a: Thundurus|212\/299|[from] item: Life Orb
|
|turn|4
|
|move|p2a: Thundurus|Hidden Power|p1a: Latias
|-supereffective|p1a: Latias
|-damage|p1a: Latias|94\/319
|-damage|p2a: Thundurus|183\/299|[from] item: Life Orb
|move|p1a: Latias|Roost|p1a: Latias
|-heal|p1a: Latias|254\/319
|
|turn|5
|
|switch|p2a: Sylveon|Sylveon, F|393\/393
|move|p1a: Latias|Psyshock|p2a: Sylveon
|-damage|p2a: Sylveon|175\/393
|-damage|p1a: Latias|223\/319|[from] item: Life Orb
|
|turn|6
|
|switch|p2a: Mew|Mew|404\/404
|move|p1a: Latias|Psyshock|p2a: Mew
|-resisted|p2a: Mew
|-damage|p2a: Mew|330\/404
|-damage|p1a: Latias|192\/319|[from] item: Life Orb
|
|-heal|p2a: Mew|355\/404|[from] item: Leftovers
|turn|7
|
|move|p1a: Latias|Draco Meteor|p2a: Mew
|-damage|p2a: Mew|187\/404
|-unboost|p1a: Latias|spa|2
|-damage|p1a: Latias|161\/319|[from] item: Life Orb
|move|p2a: Mew|Stealth Rock|p1a: Latias
|-sidestart|p1: relous|move: Stealth Rock
|
|-heal|p2a: Mew|212\/404|[from] item: Leftovers
|turn|8
|
|move|p1a: Latias|Defog|p2a: Mew
|-unboost|p2a: Mew|evasion|1
|-sideend|p1: relous|Stealth Rock|[from] move: Defog|[of] p1a: Latias
|move|p2a: Mew|Knock Off|p1a: Latias
|-supereffective|p1a: Latias
|-damage|p1a: Latias|0 fnt
|-enditem|p1a: Latias|Life Orb|[from] move: Knock Off|[of] p2a: Mew
|faint|p1a: Latias
|
|-heal|p2a: Mew|237\/404|[from] item: Leftovers
|
|switch|p1a: Serperior|Serperior, F|291\/291
|turn|9
|
|switch|p2a: Altaria|Altaria, M|309\/309
|move|p1a: Serperior|Substitute|p1a: Serperior
|-start|p1a: Serperior|Substitute
|-damage|p1a: Serperior|219\/291
|
|-heal|p1a: Serperior|237\/291|[from] item: Leftovers
|turn|10
|
|detailschange|p2a: Altaria|Altaria-Mega, M
|-mega|p2a: Altaria|Altaria|Altarianite
|move|p1a: Serperior|Leaf Storm|p2a: Altaria|[miss]
|-miss|p1a: Serperior|p2a: Altaria
|move|p2a: Altaria|Dragon Dance|p2a: Altaria
|-boost|p2a: Altaria|atk|1
|-boost|p2a: Altaria|spe|1
|
|-heal|p1a: Serperior|255\/291|[from] item: Leftovers
|turn|11
|
|move|p2a: Altaria|Return|p1a: Serperior
|-end|p1a: Serperior|Substitute
|move|p1a: Serperior|Leaf Storm|p2a: Altaria
|-resisted|p2a: Altaria
|-damage|p2a: Altaria|237\/309
|-boost|p1a: Serperior|spa|2
|
|-heal|p1a: Serperior|273\/291|[from] item: Leftovers
|turn|12
|
|switch|p1a: Metagross|Metagross-Mega|50\/301
|move|p2a: Altaria|Return|p1a: Metagross
|-resisted|p1a: Metagross
|-damage|p1a: Metagross|0 fnt
|faint|p1a: Metagross
|
|
|switch|p1a: Gyarados|Gyarados, F|353\/353
|-ability|p1a: Gyarados|Intimidate|[of] p2a: Altaria
|-unboost|p2a: Altaria|atk|1
|turn|13
|
|move|p2a: Altaria|Return|p1a: Gyarados
|-damage|p1a: Gyarados|82\/353
|move|p1a: Gyarados|Substitute|p1a: Gyarados
|-fail|p1a: Gyarados|move: Substitute|[weak]
|
|-heal|p1a: Gyarados|104\/353|[from] item: Leftovers
|turn|14
|
|move|p2a: Altaria|Return|p1a: Gyarados
|-damage|p1a: Gyarados|0 fnt
|faint|p1a: Gyarados
|
|
|switch|p1a: Garchomp|Garchomp, F|357\/357
|turn|15
|
|move|p2a: Altaria|Return|p1a: Garchomp
|-supereffective|p1a: Garchomp
|-damage|p1a: Garchomp|0 fnt
|-damage|p2a: Altaria|199\/309|[from] ability: Rough Skin|[of] p1a: Garchomp
|faint|p1a: Garchomp
|
|
|switch|p1a: Talonflame|Talonflame, F|297\/297
|turn|16
|
|switch|p2a: Rotom-Wash|Rotom-Wash|304\/304
|move|p1a: Talonflame|Brave Bird|p2a: Rotom-Wash
|-resisted|p2a: Rotom-Wash
|-damage|p2a: Rotom-Wash|236\/304
|-damage|p1a: Talonflame|275\/297|[from] recoil|[of] p2a: Rotom-Wash
|
|-heal|p2a: Rotom-Wash|255\/304|[from] item: Leftovers
|turn|17
|
|switch|p1a: Serperior|Serperior, F|273\/291
|move|p2a: Rotom-Wash|Volt Switch|p1a: Serperior
|-resisted|p1a: Serperior
|-damage|p1a: Serperior|230\/291
|
|switch|p2a: Altaria|Altaria-Mega, M|199\/309
|
|-heal|p1a: Serperior|248\/291|[from] item: Leftovers
|turn|18
|
|switch|p1a: Talonflame|Talonflame, F|275\/297
|move|p2a: Altaria|Return|p1a: Talonflame
|-resisted|p1a: Talonflame
|-damage|p1a: Talonflame|113\/297
|
|turn|19
|
|move|p1a: Talonflame|Brave Bird|p2a: Altaria
|-damage|p2a: Altaria|0 fnt
|-damage|p1a: Talonflame|47\/297|[from] recoil|[of] p2a: Altaria
|faint|p2a: Altaria
|
|
|switch|p2a: Excadrill|Excadrill, F|361\/361
|-ability|p2a: Excadrill|Mold Breaker
|turn|20
|
|move|p1a: Talonflame|Roost|p1a: Talonflame
|-heal|p1a: Talonflame|196\/297
|move|p2a: Excadrill|Iron Head|p1a: Talonflame
|-resisted|p1a: Talonflame
|-damage|p1a: Talonflame|106\/297
|
|turn|21
|
|switch|p2a: Thundurus|Thundurus, M|183\/299
|move|p1a: Talonflame|U-turn|p2a: Thundurus
|-resisted|p2a: Thundurus
|-damage|p2a: Thundurus|139\/299
|
|switch|p1a: Serperior|Serperior, F|248\/291
|
|-heal|p1a: Serperior|266\/291|[from] item: Leftovers
|turn|22
|
|switch|p1a: Talonflame|Talonflame, F|106\/297
|move|p2a: Thundurus|Hidden Power|p1a: Talonflame
|-damage|p1a: Talonflame|0 fnt
|-damage|p2a: Thundurus|110\/299|[from] item: Life Orb
|faint|p1a: Talonflame
|
|
|switch|p1a: Serperior|Serperior, F|266\/291
|turn|23
|
|move|p1a: Serperior|Substitute|p1a: Serperior
|-start|p1a: Serperior|Substitute
|-damage|p1a: Serperior|194\/291
|move|p2a: Thundurus|Hidden Power|p1a: Serperior
|-supereffective|p1a: Serperior
|-end|p1a: Serperior|Substitute
|-damage|p2a: Thundurus|81\/299|[from] item: Life Orb
|
|-heal|p1a: Serperior|212\/291|[from] item: Leftovers
|turn|24
|
|move|p1a: Serperior|Leaf Storm|p2a: Thundurus
|-resisted|p2a: Thundurus
|-damage|p2a: Thundurus|0 fnt
|-boost|p1a: Serperior|spa|2
|faint|p2a: Thundurus
|
|-heal|p1a: Serperior|230\/291|[from] item: Leftovers
|
|switch|p2a: Excadrill|Excadrill, F|361\/361
|-ability|p2a: Excadrill|Mold Breaker
|turn|25
|
|move|p2a: Excadrill|Iron Head|p1a: Serperior
|-damage|p1a: Serperior|68\/291
|move|p1a: Serperior|Leaf Storm|p2a: Excadrill
|-damage|p2a: Excadrill|0 fnt
|-boost|p1a: Serperior|spa|2
|faint|p2a: Excadrill
|
|-heal|p1a: Serperior|86\/291|[from] item: Leftovers
|c|ârelous|gg
|
|switch|p2a: Mew|Mew|237\/404
|turn|26
|
|move|p1a: Serperior|Substitute|p1a: Serperior
|-start|p1a: Serperior|Substitute
|-damage|p1a: Serperior|14\/291
|move|p2a: Mew|Knock Off|p1a: Serperior
|-end|p1a: Serperior|Substitute
|
|-heal|p1a: Serperior|32\/291|[from] item: Leftovers
|-heal|p2a: Mew|262\/404|[from] item: Leftovers
|turn|27
|
|move|p1a: Serperior|Leaf Storm|p2a: Mew
|-damage|p2a: Mew|0 fnt
|-boost|p1a: Serperior|spa|2
|faint|p2a: Mew
|
|-heal|p1a: Serperior|50\/291|[from] item: Leftovers
|c|âjiersel2|gg
|
|switch|p2a: Sylveon|Sylveon, F|175\/393
|turn|28
|
|move|p1a: Serperior|Giga Drain|p2a: Sylveon
|-damage|p2a: Sylveon|0 fnt
|-heal|p1a: Serperior|138\/291|[from] drain|[of] p2a: Sylveon
|faint|p2a: Sylveon
|
|-heal|p1a: Serperior|156\/291|[from] item: Leftovers
|-message|jiersel2 forfeited.
|
|win|relous
|raw|Ladder updating...
|leave|jiersel2
|player|p2
|raw|relous's rating: 1485 &rarr; <strong>1505<\/strong><br \/>(+20 for winning)
|raw|jiersel2's rating: 1482 &rarr; <strong>1462<\/strong><br \/>(-20 for losing)