|join|jiersel2
|join|Darian Crevier
|player|p1|jiersel2|70
|player|p2|Darian Crevier|174
|gametype|singles
|gen|6
|tier|OU (suspect test)
|rated
|clearpoke
|poke|p1|Landorus, M
|poke|p1|Gyarados, M
|poke|p1|Keldeo-Resolute
|poke|p1|Scizor, M
|poke|p1|Heatran, F
|poke|p1|Mew
|poke|p2|Landorus-Therian, M
|poke|p2|Keldeo-Resolute
|poke|p2|Victini
|poke|p2|Tyranitar, M
|poke|p2|Latias, F
|poke|p2|Metagross
|rule|Swagger Clause: Swagger is banned
|rule|Baton Pass Clause: Limit one PokÃ©mon knowing Baton Pass
|rule|Sleep Clause Mod: Limit one foe put to sleep
|rule|Species Clause: Limit one of each PokÃ©mon
|rule|OHKO Clause: OHKO moves are banned
|rule|Moody Clause: Moody is banned
|rule|Evasion Moves Clause: Evasion moves are banned
|rule|Endless Battle Clause: Forcing endless battles is banned
|rule|HP Percentage Mod: HP is shown in percentages
|teampreview
|c|âjiersel2|glhf
|c|âDarian Crevier|u2
|
|start
|switch|p1a: Heatran|Heatran, F|386\/386
|switch|p2a: Metagross|Metagross|302\/302
|turn|1
|
|detailschange|p2a: Metagross|Metagross-Mega
|-mega|p2a: Metagross|Metagross|Metagrossite
|move|p2a: Metagross|Earthquake|p1a: Heatran
|-supereffective|p1a: Heatran
|-damage|p1a: Heatran|0 fnt
|faint|p1a: Heatran
|
|
|switch|p1a: Gyarados|Gyarados, M|332\/332
|-ability|p1a: Gyarados|Intimidate|[of] p2a: Metagross
|-unboost|p2a: Metagross|atk|1
|turn|2
|
|move|p2a: Metagross|Thunder Punch|p1a: Gyarados
|-supereffective|p1a: Gyarados
|-damage|p1a: Gyarados|0 fnt
|faint|p1a: Gyarados
|
|c|âjiersel2|THUNDERPUNCH?
|c|âjiersel2|who carries that?
|c|âDarian Crevier|merry christmas
|c|âjiersel2|dayum
|c|âjiersel2|i lost
|c|âjiersel2|haha
|c|âDarian Crevier|Darian Crevier
|c|âDarian Crevier|Remember the name
|c|âjiersel2|haha
|
|switch|p1a: Mew|Mew|404\/404
|turn|3
|
|move|p2a: Metagross|Meteor Mash|p1a: Mew
|-damage|p1a: Mew|286\/404
|move|p1a: Mew|Will-O-Wisp|p2a: Metagross
|-status|p2a: Metagross|brn
|
|-heal|p1a: Mew|311\/404|[from] item: Leftovers
|-damage|p2a: Metagross|265\/302 brn|[from] brn
|turn|4
|c|âjiersel2|both thnderpunch and eq
|c|âjiersel2|so no bp?
|c|âDarian Crevier|nah
|
|move|p2a: Metagross|Earthquake|p1a: Mew
|-damage|p1a: Mew|275\/404
|move|p1a: Mew|Knock Off|p2a: Metagross
|-supereffective|p2a: Metagross
|-damage|p2a: Metagross|195\/302 brn
|
|-heal|p1a: Mew|300\/404|[from] item: Leftovers
|-damage|p2a: Metagross|158\/302 brn|[from] brn
|turn|5
|
|switch|p2a: Latias|Latias, F|302\/302
|move|p1a: Mew|Knock Off|p2a: Latias
|-supereffective|p2a: Latias
|-damage|p2a: Latias|144\/302
|-enditem|p2a: Latias|Leftovers|[from] move: Knock Off|[of] p1a: Mew
|
|-heal|p1a: Mew|325\/404|[from] item: Leftovers
|turn|6
|
|move|p2a: Latias|Draco Meteor|p1a: Mew
|-damage|p1a: Mew|111\/404
|-unboost|p2a: Latias|spa|2
|move|p1a: Mew|Will-O-Wisp|p2a: Latias
|-status|p2a: Latias|brn
|
|-heal|p1a: Mew|136\/404|[from] item: Leftovers
|-damage|p2a: Latias|107\/302 brn|[from] brn
|turn|7
|
|move|p2a: Latias|Healing Wish|p2a: Latias
|faint|p2a: Latias
|move|p1a: Mew|Soft-Boiled|p1a: Mew
|-heal|p1a: Mew|338\/404
|
|-heal|p1a: Mew|363\/404|[from] item: Leftovers
|
|switch|p2a: Metagross|Metagross-Mega|158\/302 brn
|-heal|p2a: Metagross|302\/302|[from] move: Healing Wish
|turn|8
|c|âjiersel2|that heals status
|c|âjiersel2|interesting
|c|âDarian Crevier|i not really good, firend made my team
|
|move|p2a: Metagross|Zen Headbutt|p1a: Mew
|-crit|p1a: Mew
|-resisted|p1a: Mew
|-damage|p1a: Mew|235\/404
|move|p1a: Mew|Will-O-Wisp|p2a: Metagross
|-status|p2a: Metagross|brn
|
|-heal|p1a: Mew|260\/404|[from] item: Leftovers
|-damage|p2a: Metagross|265\/302 brn|[from] brn
|turn|9
|
|switch|p2a: Darude|Tyranitar, M|404\/404
|-weather|Sandstorm
|move|p1a: Mew|Knock Off|p2a: Darude
|-resisted|p2a: Darude
|-damage|p2a: Darude|366\/404
|-enditem|p2a: Darude|Leftovers|[from] move: Knock Off|[of] p1a: Mew
|
|-weather|Sandstorm|[upkeep]
|-damage|p1a: Mew|235\/404|[from] sandstorm
|-heal|p1a: Mew|260\/404|[from] item: Leftovers
|turn|10
|
|move|p1a: Mew|Will-O-Wisp|p2a: Darude|[miss]
|-miss|p1a: Mew|p2a: Darude
|move|p2a: Darude|Stealth Rock|p1a: Mew
|-sidestart|p1: jiersel2|move: Stealth Rock
|
|-weather|Sandstorm|[upkeep]
|-damage|p1a: Mew|235\/404|[from] sandstorm
|-heal|p1a: Mew|260\/404|[from] item: Leftovers
|turn|11
|
|move|p1a: Mew|Defog|p2a: Darude
|-unboost|p2a: Darude|evasion|1
|-sideend|p1: jiersel2|Stealth Rock|[from] move: Defog|[of] p1a: Mew
|move|p2a: Darude|Pursuit|p1a: Mew
|-supereffective|p1a: Mew
|-damage|p1a: Mew|162\/404
|
|-weather|Sandstorm|[upkeep]
|-damage|p1a: Mew|137\/404|[from] sandstorm
|-heal|p1a: Mew|162\/404|[from] item: Leftovers
|turn|12
|
|move|p1a: Mew|Will-O-Wisp|p2a: Darude
|-status|p2a: Darude|brn
|move|p2a: Darude|Fire Blast|p1a: Mew
|-damage|p1a: Mew|78\/404
|
|-weather|Sandstorm|[upkeep]
|-damage|p1a: Mew|53\/404|[from] sandstorm
|-heal|p1a: Mew|78\/404|[from] item: Leftovers
|-damage|p2a: Darude|316\/404 brn|[from] brn
|turn|13
|
|move|p1a: Mew|Soft-Boiled|p1a: Mew
|-heal|p1a: Mew|280\/404
|move|p2a: Darude|Fire Blast|p1a: Mew
|-damage|p1a: Mew|192\/404
|
|-weather|none
|-heal|p1a: Mew|217\/404|[from] item: Leftovers
|-damage|p2a: Darude|266\/404 brn|[from] brn
|turn|14
|
|switch|p2a: Keldeo-Resolute|Keldeo-Resolute|323\/323
|move|p1a: Mew|Soft-Boiled|p1a: Mew
|-heal|p1a: Mew|404\/404
|
|turn|15
|
|move|p2a: Keldeo-Resolute|Hydro Pump|p1a: Mew
|-damage|p1a: Mew|141\/404
|-damage|p2a: Keldeo-Resolute|291\/323|[from] item: Life Orb
|move|p1a: Mew|Will-O-Wisp|p2a: Keldeo-Resolute|[miss]
|-miss|p1a: Mew|p2a: Keldeo-Resolute
|
|-heal|p1a: Mew|166\/404|[from] item: Leftovers
|turn|16
|c|âjiersel2|come oon
|c|âjiersel2|thats sucks
|
|move|p2a: Keldeo-Resolute|Hydro Pump|p1a: Mew
|-crit|p1a: Mew
|-damage|p1a: Mew|0 fnt
|-damage|p2a: Keldeo-Resolute|259\/323|[from] item: Life Orb
|faint|p1a: Mew
|
|
|switch|p1a: Keldeo-Resolute|Keldeo-Resolute|323\/323
|turn|17
|
|move|p1a: Keldeo-Resolute|Hydro Pump|p2a: Keldeo-Resolute
|-resisted|p2a: Keldeo-Resolute
|-damage|p2a: Keldeo-Resolute|160\/323
|move|p2a: Keldeo-Resolute|Hidden Power|p1a: Keldeo-Resolute
|-supereffective|p1a: Keldeo-Resolute
|-damage|p1a: Keldeo-Resolute|128\/323
|-damage|p2a: Keldeo-Resolute|128\/323|[from] item: Life Orb
|
|turn|18
|
|move|p1a: Keldeo-Resolute|Hydro Pump|p2a: Keldeo-Resolute
|-resisted|p2a: Keldeo-Resolute
|-damage|p2a: Keldeo-Resolute|17\/323
|move|p2a: Keldeo-Resolute|Hidden Power|p1a: Keldeo-Resolute
|-supereffective|p1a: Keldeo-Resolute
|-damage|p1a: Keldeo-Resolute|0 fnt
|-damage|p2a: Keldeo-Resolute|0 fnt|[from] item: Life Orb
|faint|p1a: Keldeo-Resolute
|faint|p2a: Keldeo-Resolute
|
|
|switch|p1a: Landorus|Landorus, M|320\/320
|switch|p2a: Landorus-Therian|Landorus-Therian, M|320\/320
|-ability|p2a: Landorus-Therian|Intimidate|[of] p1a: Landorus
|-unboost|p1a: Landorus|atk|1
|turn|19
|
|move|p2a: Landorus-Therian|Knock Off|p1a: Landorus
|-damage|p1a: Landorus|175\/320
|-enditem|p1a: Landorus|Life Orb|[from] move: Knock Off|[of] p2a: Landorus-Therian
|move|p1a: Landorus|Psychic|p2a: Landorus-Therian
|-damage|p2a: Landorus-Therian|173\/320
|
|turn|20
|
|switch|p2a: Darude|Tyranitar, M|266\/404 brn
|-weather|Sandstorm
|move|p1a: Landorus|Psychic|p2a: Darude
|-immune|p2a: Darude|[msg]
|
|-weather|Sandstorm|[upkeep]
|-damage|p2a: Darude|216\/404 brn|[from] brn
|turn|21
|
|move|p1a: Landorus|Earth Power|p2a: Darude
|-supereffective|p2a: Darude
|-damage|p2a: Darude|28\/404 brn
|move|p2a: Darude|Ice Beam|p1a: Landorus
|-supereffective|p1a: Landorus
|-damage|p1a: Landorus|0 fnt
|faint|p1a: Landorus
|
|-weather|Sandstorm|[upkeep]
|-damage|p2a: Darude|0 fnt|[from] brn
|faint|p2a: Darude
|
|switch|p2a: Victini|Victini|404\/404
|switch|p1a: Scizor|Scizor, M|344\/344
|turn|22
|
|move|p2a: Victini|Blue Flare|p1a: Scizor
|-supereffective|p1a: Scizor
|-damage|p1a: Scizor|0 fnt
|faint|p1a: Scizor
|
|win|Darian Crevier
|raw|Ladder updating...
|raw|jiersel2's rating: 1180 &rarr; <strong>1151<\/strong><br \/>(-29 for losing)
|raw|Darian Crevier's rating: 1127 &rarr; <strong>1156<\/strong><br \/>(+29 for winning)
|c|âjiersel2|gg
|c|âDarian Crevier|gg
|leave|jiersel2
|player|p1