|join|soTsoT
|join|BlumenFee
|player|p1|soTsoT|213
|player|p2|BlumenFee|34
|gametype|singles
|gen|6
|tier|OU
|clearpoke
|poke|p1|Kyurem-Black
|poke|p1|Weavile, M
|poke|p1|Jynx, F
|poke|p1|Froslass, F
|poke|p1|Abomasnow, F
|poke|p1|Cryogonal
|poke|p2|Metagross, shiny
|poke|p2|Gengar, F
|poke|p2|Skarmory, F
|poke|p2|Landorus-Therian, M
|poke|p2|Gliscor, M
|poke|p2|Rotom-Wash
|rule|Swagger Clause: Swagger is banned
|rule|Baton Pass Clause: Limit one PokÃ©mon knowing Baton Pass
|rule|Sleep Clause Mod: Limit one foe put to sleep
|rule|Species Clause: Limit one of each PokÃ©mon
|rule|OHKO Clause: OHKO moves are banned
|rule|Moody Clause: Moody is banned
|rule|Evasion Moves Clause: Evasion moves are banned
|rule|Endless Battle Clause: Forcing endless battles is banned
|rule|HP Percentage Mod: HP is shown in percentages
|teampreview
|c|âsoTsoT|gl hf
|
|start
|switch|p1a: Froslass|Froslass, F|282\/282
|switch|p2a: Tama|Skarmory, F|333\/333
|turn|1
|
|move|p1a: Froslass|Taunt|p2a: Tama
|-start|p2a: Tama|move: Taunt
|cant|p2a: Tama|move: Taunt|Stealth Rock
|
|turn|2
|
|move|p1a: Froslass|Spikes|p2a: Tama
|-sidestart|p2: BlumenFee|Spikes
|move|p2a: Tama|Brave Bird|p1a: Froslass
|-damage|p1a: Froslass|138\/282
|-damage|p2a: Tama|285\/333|[from] recoil|[of] p1a: Froslass
|
|turn|3
|
|move|p1a: Froslass|Destiny Bond|p1a: Froslass
|-singlemove|p1a: Froslass|Destiny Bond
|move|p2a: Tama|Brave Bird|p1a: Froslass
|-damage|p1a: Froslass|0 fnt
|-damage|p2a: Tama|239\/333|[from] recoil|[of] p1a: Froslass
|faint|p1a: Froslass
|-activate|p1a: Froslass|Destiny Bond
|faint|p2a: Tama
|
|
|switch|p2a: Mamoru|Metagross, shiny|301\/301
|switch|p1a: Abomasnow|Abomasnow, F|384\/384
|-damage|p2a: Mamoru|264\/301|[from] Spikes
|-weather|Hail
|turn|4
|
|detailschange|p2a: Mamoru|Metagross-Mega, shiny
|-mega|p2a: Mamoru|Metagross|Metagrossite
|detailschange|p1a: Abomasnow|Abomasnow-Mega, F
|-mega|p1a: Abomasnow|Abomasnow|Abomasite
|move|p1a: Abomasnow|Ice Shard|p2a: Mamoru
|-resisted|p2a: Mamoru
|-damage|p2a: Mamoru|243\/301
|move|p2a: Mamoru|Agility|p2a: Mamoru
|-boost|p2a: Mamoru|spe|2
|
|-weather|Hail|[upkeep]
|-damage|p2a: Mamoru|225\/301|[from] hail
|turn|5
|
|move|p1a: Abomasnow|Ice Shard|p2a: Mamoru
|-resisted|p2a: Mamoru
|-damage|p2a: Mamoru|204\/301
|move|p2a: Mamoru|Zen Headbutt|p1a: Abomasnow
|-damage|p1a: Abomasnow|156\/384
|
|-weather|Hail|[upkeep]
|-damage|p2a: Mamoru|186\/301|[from] hail
|turn|6
|
|move|p1a: Abomasnow|Ice Shard|p2a: Mamoru
|-resisted|p2a: Mamoru
|-damage|p2a: Mamoru|166\/301
|move|p2a: Mamoru|Zen Headbutt|p1a: Abomasnow|[miss]
|-miss|p2a: Mamoru|p1a: Abomasnow
|
|-weather|Hail|[upkeep]
|-damage|p2a: Mamoru|148\/301|[from] hail
|turn|7
|
|switch|p1a: Cryogonal|Cryogonal|302\/302
|move|p2a: Mamoru|Meteor Mash|p1a: Cryogonal
|-supereffective|p1a: Cryogonal
|-damage|p1a: Cryogonal|0 fnt
|faint|p1a: Cryogonal
|
|-weather|Hail|[upkeep]
|-damage|p2a: Mamoru|130\/301|[from] hail
|
|switch|p1a: Kyurem-Black|Kyurem-Black|392\/392
|-ability|p1a: Kyurem-Black|Teravolt
|turn|8
|
|move|p2a: Mamoru|Meteor Mash|p1a: Kyurem-Black
|-supereffective|p1a: Kyurem-Black
|-damage|p1a: Kyurem-Black|0 fnt
|faint|p1a: Kyurem-Black
|
|-weather|none
|
|switch|p1a: Abomasnow|Abomasnow-Mega, F|156\/384
|-weather|Hail
|turn|9
|
|move|p1a: Abomasnow|Ice Shard|p2a: Mamoru
|-resisted|p2a: Mamoru
|-damage|p2a: Mamoru|109\/301
|move|p2a: Mamoru|Meteor Mash|p1a: Abomasnow
|-supereffective|p1a: Abomasnow
|-damage|p1a: Abomasnow|0 fnt
|faint|p1a: Abomasnow
|
|-weather|Hail|[upkeep]
|-damage|p2a: Mamoru|91\/301|[from] hail
|
|switch|p1a: Jynx|Jynx, F|271\/271
|turn|10
|
|move|p2a: Mamoru|Meteor Mash|p1a: Jynx
|-supereffective|p1a: Jynx
|-damage|p1a: Jynx|0 fnt
|faint|p1a: Jynx
|
|-weather|Hail|[upkeep]
|-damage|p2a: Mamoru|73\/301|[from] hail
|
|switch|p1a: Weavile|Weavile, M|282\/282
|-ability|p1a: Weavile|Pressure
|turn|11
|c|âsoTsoT|gg
|
|move|p1a: Weavile|Ice Shard|p2a: Mamoru
|-resisted|p2a: Mamoru
|-damage|p2a: Mamoru|46\/301
|-damage|p1a: Weavile|254\/282|[from] item: Life Orb
|move|p2a: Mamoru|Meteor Mash|p1a: Weavile
|-supereffective|p1a: Weavile
|-damage|p1a: Weavile|0 fnt
|faint|p1a: Weavile
|
|win|BlumenFee