|join|soTsoT
|join|schmidtf
|player|p1|soTsoT|213
|player|p2|schmidtf|161
|gametype|singles
|gen|6
|tier|OU
|clearpoke
|poke|p1|Kyurem-Black
|poke|p1|Weavile, F
|poke|p1|Jynx, F
|poke|p1|Froslass, F
|poke|p1|Abomasnow, M
|poke|p1|Avalugg, F
|poke|p2|Chansey, F
|poke|p2|Ferrothorn, F
|poke|p2|Volcarona, F
|poke|p2|Crawdaunt, F
|poke|p2|Conkeldurr, M
|poke|p2|Manectric, M
|rule|Swagger Clause: Swagger is banned
|rule|Baton Pass Clause: Limit one PokÃ©mon knowing Baton Pass
|rule|Sleep Clause Mod: Limit one foe put to sleep
|rule|Species Clause: Limit one of each PokÃ©mon
|rule|OHKO Clause: OHKO moves are banned
|rule|Moody Clause: Moody is banned
|rule|Evasion Moves Clause: Evasion moves are banned
|rule|Endless Battle Clause: Forcing endless battles is banned
|rule|HP Percentage Mod: HP is shown in percentages
|teampreview
|c|âsoTsoT|gl hf
|
|start
|switch|p1a: Froslass|Froslass, F|282\/282
|switch|p2a: Manectric|Manectric, M|281\/281
|turn|1
|
|move|p1a: Froslass|Destiny Bond|p1a: Froslass
|-singlemove|p1a: Froslass|Destiny Bond
|move|p2a: Manectric|Volt Switch|p1a: Froslass
|-damage|p1a: Froslass|131\/282
|-start|p2a: Manectric|Disable|Volt Switch
|
|switch|p2a: Crawdaunt|Crawdaunt, F|267\/267
|
|turn|2
|
|move|p2a: Crawdaunt|Aqua Jet|p1a: Froslass
|-damage|p1a: Froslass|3\/282
|-start|p2a: Crawdaunt|Disable|Aqua Jet
|move|p1a: Froslass|Taunt|p2a: Crawdaunt
|-start|p2a: Crawdaunt|move: Taunt
|
|turn|3
|
|switch|p2a: Manectric|Manectric, M|281\/281
|move|p1a: Froslass|Destiny Bond|p1a: Froslass
|-singlemove|p1a: Froslass|Destiny Bond
|
|turn|4
|
|detailschange|p2a: Manectric|Manectric-Mega, M
|-mega|p2a: Manectric|Manectric|Manectite
|-ability|p2a: Manectric|Intimidate|[of] p1a: Froslass
|-unboost|p1a: Froslass|atk|1
|move|p1a: Froslass|Destiny Bond|p1a: Froslass
|-singlemove|p1a: Froslass|Destiny Bond
|move|p2a: Manectric|Volt Switch|p1a: Froslass
|-damage|p1a: Froslass|0 fnt
|faint|p1a: Froslass
|-activate|p1a: Froslass|Destiny Bond
|faint|p2a: Manectric
|
|
|switch|p1a: Kyurem-Black|Kyurem-Black|392\/392
|switch|p2a: Ferrothorn|Ferrothorn, F|352\/352
|-ability|p1a: Kyurem-Black|Teravolt
|turn|5
|
|switch|p1a: Jynx|Jynx, F|271\/271
|move|p2a: Ferrothorn|Gyro Ball|p1a: Jynx
|-supereffective|p1a: Jynx
|-damage|p1a: Jynx|0 fnt
|faint|p1a: Jynx
|
|
|switch|p1a: Abomasnow|Abomasnow, M|384\/384
|-weather|Hail
|turn|6
|
|detailschange|p1a: Abomasnow|Abomasnow-Mega, M
|-mega|p1a: Abomasnow|Abomasnow|Abomasite
|move|p1a: Abomasnow|Blizzard|p2a: Ferrothorn
|-damage|p2a: Ferrothorn|168\/352
|move|p2a: Ferrothorn|Stealth Rock|p1a: Abomasnow
|-sidestart|p1: soTsoT|move: Stealth Rock
|
|-weather|Hail|[upkeep]
|-damage|p2a: Ferrothorn|146\/352|[from] hail
|turn|7
|
|move|p1a: Abomasnow|Blizzard|p2a: Ferrothorn
|-damage|p2a: Ferrothorn|0 fnt
|faint|p2a: Ferrothorn
|
|-weather|Hail|[upkeep]
|
|switch|p2a: Volcarona|Volcarona, F|373\/373
|turn|8
|
|move|p2a: Volcarona|Fiery Dance|p1a: Abomasnow
|-supereffective|p1a: Abomasnow
|-damage|p1a: Abomasnow|0 fnt
|-boost|p2a: Volcarona|spa|1
|faint|p1a: Abomasnow
|
|-weather|Hail|[upkeep]
|-damage|p2a: Volcarona|350\/373|[from] hail
|-heal|p2a: Volcarona|373\/373|[from] item: Leftovers
|
|switch|p1a: Kyurem-Black|Kyurem-Black|392\/392
|-damage|p1a: Kyurem-Black|294\/392|[from] Stealth Rock
|-ability|p1a: Kyurem-Black|Teravolt
|turn|9
|
|move|p1a: Kyurem-Black|Outrage|p2a: Volcarona
|-damage|p2a: Volcarona|0 fnt
|faint|p2a: Volcarona
|
|-weather|Hail|[upkeep]
|
|switch|p2a: Chansey|Chansey, F|704\/704
|turn|10
|
|move|p2a: Chansey|Protect|p2a: Chansey
|-singleturn|p2a: Chansey|Protect
|move|p1a: Kyurem-Black|Outrage|p2a: Chansey
|-activate|p2a: Chansey|Protect
|
|-end|p1a: Kyurem-Black|rampage
|-start|p1a: Kyurem-Black|confusion
|-weather|none
|turn|11
|
|switch|p1a: Weavile|Weavile, F|282\/282
|-damage|p1a: Weavile|212\/282|[from] Stealth Rock
|-ability|p1a: Weavile|Pressure
|move|p2a: Chansey|Toxic|p1a: Weavile
|-status|p1a: Weavile|tox
|
|-damage|p1a: Weavile|195\/282 tox|[from] psn
|turn|12
|
|move|p2a: Chansey|Protect|p2a: Chansey
|-singleturn|p2a: Chansey|Protect
|move|p1a: Weavile|Knock Off|p2a: Chansey
|-activate|p2a: Chansey|Protect
|
|-damage|p1a: Weavile|161\/282 tox|[from] psn
|turn|13
|
|switch|p2a: Crawdaunt|Crawdaunt, F|267\/267
|move|p1a: Weavile|Knock Off|p2a: Crawdaunt
|-resisted|p2a: Crawdaunt
|-damage|p2a: Crawdaunt|157\/267
|-enditem|p2a: Crawdaunt|Shell Bell|[from] move: Knock Off|[of] p1a: Weavile
|-damage|p1a: Weavile|133\/282 tox|[from] item: Life Orb
|
|-damage|p1a: Weavile|82\/282 tox|[from] psn
|turn|14
|
|move|p1a: Weavile|Low Kick|p2a: Crawdaunt
|-supereffective|p2a: Crawdaunt
|-damage|p2a: Crawdaunt|0 fnt
|-damage|p1a: Weavile|54\/282 tox|[from] item: Life Orb
|faint|p2a: Crawdaunt
|
|-damage|p1a: Weavile|0 fnt|[from] psn
|faint|p1a: Weavile
|
|switch|p1a: Kyurem-Black|Kyurem-Black|294\/392
|switch|p2a: Conkeldurr|Conkeldurr, M|413\/413
|-damage|p1a: Kyurem-Black|196\/392|[from] Stealth Rock
|-ability|p1a: Kyurem-Black|Teravolt
|turn|15
|
|move|p2a: Conkeldurr|Mach Punch|p1a: Kyurem-Black
|-supereffective|p1a: Kyurem-Black
|-damage|p1a: Kyurem-Black|0 fnt
|faint|p1a: Kyurem-Black
|
|
|switch|p1a: Avalugg|Avalugg, F|394\/394
|-damage|p1a: Avalugg|296\/394|[from] Stealth Rock
|turn|16
|
|move|p2a: Conkeldurr|Knock Off|p1a: Avalugg
|-damage|p1a: Avalugg|233\/394
|-enditem|p1a: Avalugg|Leftovers|[from] move: Knock Off|[of] p2a: Conkeldurr
|move|p1a: Avalugg|Avalanche|p2a: Conkeldurr
|-damage|p2a: Conkeldurr|241\/413
|
|turn|17
|
|move|p2a: Conkeldurr|Drain Punch|p1a: Avalugg
|-supereffective|p1a: Avalugg
|-damage|p1a: Avalugg|59\/394
|-heal|p2a: Conkeldurr|328\/413|[from] drain|[of] p1a: Avalugg
|move|p1a: Avalugg|Recover|p1a: Avalugg
|-heal|p1a: Avalugg|256\/394
|
|turn|18
|
|move|p2a: Conkeldurr|Drain Punch|p1a: Avalugg
|-supereffective|p1a: Avalugg
|-damage|p1a: Avalugg|98\/394
|-heal|p2a: Conkeldurr|407\/413|[from] drain|[of] p1a: Avalugg
|move|p1a: Avalugg|Recover|p1a: Avalugg
|-heal|p1a: Avalugg|295\/394
|
|turn|19
|
|move|p2a: Conkeldurr|Stone Edge|p1a: Avalugg
|-supereffective|p1a: Avalugg
|-damage|p1a: Avalugg|171\/394
|move|p1a: Avalugg|Recover|p1a: Avalugg
|-heal|p1a: Avalugg|368\/394
|
|turn|20
|
|move|p2a: Conkeldurr|Drain Punch|p1a: Avalugg
|-supereffective|p1a: Avalugg
|-damage|p1a: Avalugg|182\/394
|-heal|p2a: Conkeldurr|413\/413|[from] drain|[of] p1a: Avalugg
|move|p1a: Avalugg|Avalanche|p2a: Conkeldurr
|-damage|p2a: Conkeldurr|245\/413
|
|turn|21
|c|âsoTsoT|gg
|
|move|p2a: Conkeldurr|Drain Punch|p1a: Avalugg
|-supereffective|p1a: Avalugg
|-damage|p1a: Avalugg|6\/394
|-heal|p2a: Conkeldurr|333\/413|[from] drain|[of] p1a: Avalugg
|move|p1a: Avalugg|Avalanche|p2a: Conkeldurr
|-damage|p2a: Conkeldurr|171\/413
|
|turn|22
|
|move|p2a: Conkeldurr|Mach Punch|p1a: Avalugg
|-supereffective|p1a: Avalugg
|-damage|p1a: Avalugg|0 fnt
|faint|p1a: Avalugg
|
|win|schmidtf
|leave|soTsoT
|player|p1