|join|soTsoT
|join|bauer
|player|p1|soTsoT|213
|player|p2|bauer|23
|gametype|singles
|gen|6
|tier|OU
|clearpoke
|poke|p1|Heracross, F
|poke|p1|Scizor, M
|poke|p1|Heatran, M
|poke|p1|Slowbro, F
|poke|p1|Excadrill, F
|poke|p1|Sylveon, M
|poke|p2|Landorus, M
|poke|p2|Thundurus, M
|poke|p2|Ferrothorn, M
|poke|p2|Tyranitar, F
|poke|p2|Gardevoir, M
|poke|p2|Alomomola, F
|rule|Swagger Clause: Swagger is banned
|rule|Baton Pass Clause: Limit one PokÃ©mon knowing Baton Pass
|rule|Sleep Clause Mod: Limit one foe put to sleep
|rule|Species Clause: Limit one of each PokÃ©mon
|rule|OHKO Clause: OHKO moves are banned
|rule|Moody Clause: Moody is banned
|rule|Evasion Moves Clause: Evasion moves are banned
|rule|Endless Battle Clause: Forcing endless battles is banned
|rule|HP Percentage Mod: HP is shown in percentages
|teampreview
|c|âbauer|gl hf
|
|start
|switch|p1a: Scizor|Scizor, M|319\/319
|switch|p2a: Landorus|Landorus, M|320\/320
|turn|1
|
|move|p1a: Scizor|Bullet Punch|p2a: Landorus
|-damage|p2a: Landorus|112\/320
|move|p2a: Landorus|Earth Power|p1a: Scizor
|-damage|p1a: Scizor|14\/319
|
|turn|2
|
|switch|p1a: Slowbro|Slowbro, F|394\/394
|move|p2a: Landorus|Earth Power|p1a: Slowbro
|-damage|p1a: Slowbro|90\/394
|
|-heal|p1a: Slowbro|114\/394|[from] item: Leftovers
|turn|3
|
|move|p2a: Landorus|Earth Power|p1a: Slowbro
|-damage|p1a: Slowbro|0 fnt
|faint|p1a: Slowbro
|
|
|switch|p1a: Sylveon|Sylveon, M|394\/394
|turn|4
|
|move|p2a: Landorus|Sludge Wave|p1a: Sylveon
|-supereffective|p1a: Sylveon
|-damage|p1a: Sylveon|124\/394
|move|p1a: Sylveon|Hyper Voice|p2a: Landorus
|-damage|p2a: Landorus|0 fnt
|faint|p2a: Landorus
|
|
|switch|p2a: Gardevoir|Gardevoir, M|277\/277
|-ability|p2a: Gardevoir|Pixilate|[from] ability: Trace|[of] p1a: Sylveon
|turn|5
|
|switch|p1a: Excadrill|Excadrill, F|391\/391
|-ability|p1a: Excadrill|Mold Breaker
|detailschange|p2a: Gardevoir|Gardevoir-Mega, M
|message|Gardevoir has Mega Evolved into Mega Gardevoir!
|move|p2a: Gardevoir|Focus Blast|p1a: Excadrill|[miss]
|-miss|p2a: Gardevoir|p1a: Excadrill
|
|turn|6
|join|kloshitt
|c|âbauer|hy klo
|
|switch|p1a: Heracross|Heracross, F|311\/311
|move|p2a: Gardevoir|Focus Blast|p1a: Heracross
|-resisted|p1a: Heracross
|-damage|p1a: Heracross|227\/311
|
|turn|7
|c| kloshitt|hiiiiii
|
|switch|p1a: Sylveon|Sylveon, M|124\/394
|move|p2a: Gardevoir|Hyper Voice|p1a: Sylveon
|-damage|p1a: Sylveon|0 fnt
|faint|p1a: Sylveon
|
|
|switch|p1a: Excadrill|Excadrill, F|391\/391
|-ability|p1a: Excadrill|Mold Breaker
|turn|8
|c| kloshitt|switch doch du bauer
|c|âbauer|uss ich?
|
|switch|p2a: Ferrothorn|Ferrothorn, M|352\/352
|move|p1a: Excadrill|Earthquake|p2a: Ferrothorn
|-damage|p2a: Ferrothorn|213\/352
|
|-heal|p2a: Ferrothorn|235\/352|[from] item: Leftovers
|turn|9
|c| kloshitt|nÃ¶ :3
|
|switch|p1a: Scizor|Scizor, M|14\/319
|move|p2a: Ferrothorn|Leech Seed|p1a: Scizor
|-start|p1a: Scizor|move: Leech Seed
|
|-heal|p2a: Ferrothorn|257\/352|[from] item: Leftovers
|-damage|p1a: Scizor|0 fnt|[from] Leech Seed|[of] p2a: Ferrothorn
|-heal|p2a: Ferrothorn|271\/352|[silent]
|faint|p1a: Scizor
|
|switch|p1a: Heatran|Heatran, M|386\/386
|turn|10
|c| kloshitt|solange du ihn outpredicest nicht
|c|âbauer|na also :3
|
|move|p2a: Ferrothorn|Protect|p2a: Ferrothorn
|-singleturn|p2a: Ferrothorn|Protect
|move|p1a: Heatran|Stealth Rock|p2a: Ferrothorn
|-sidestart|p2: bauer|move: Stealth Rock
|
|-heal|p2a: Ferrothorn|293\/352|[from] item: Leftovers
|turn|11
|
|switch|p2a: Tyranitar|Tyranitar, F|341\/341
|-damage|p2a: Tyranitar|299\/341|[from] Stealth Rock
|-weather|Sandstorm
|move|p1a: Heatran|Lava Plume|p2a: Tyranitar
|-resisted|p2a: Tyranitar
|-damage|p2a: Tyranitar|253\/341
|
|-weather|Sandstorm|[upkeep]
|turn|12
|
|move|p2a: Tyranitar|Superpower|p1a: Heatran
|-supereffective|p1a: Heatran
|-damage|p1a: Heatran|174\/386
|-unboost|p2a: Tyranitar|atk|1
|-unboost|p2a: Tyranitar|def|1
|move|p1a: Heatran|Roar|p2a: Tyranitar
|drag|p2a: Gardevoir|Gardevoir-Mega, M|277\/277
|-damage|p2a: Gardevoir|243\/277|[from] Stealth Rock
|
|-weather|Sandstorm|[upkeep]
|-damage|p2a: Gardevoir|226\/277|[from] sandstorm
|-heal|p1a: Heatran|198\/386|[from] item: Leftovers
|turn|13
|c|âbauer|thx
|
|move|p2a: Gardevoir|Focus Blast|p1a: Heatran|[miss]
|-miss|p2a: Gardevoir|p1a: Heatran
|move|p1a: Heatran|Lava Plume|p2a: Gardevoir
|-damage|p2a: Gardevoir|136\/277
|-status|p2a: Gardevoir|brn
|
|-weather|Sandstorm|[upkeep]
|-damage|p2a: Gardevoir|119\/277 brn|[from] sandstorm
|-heal|p1a: Heatran|222\/386|[from] item: Leftovers
|-damage|p2a: Gardevoir|85\/277 brn|[from] brn
|turn|14
|c| kloshitt|missi
|c|âbauer|:(
|
|move|p2a: Gardevoir|Focus Blast|p1a: Heatran
|-supereffective|p1a: Heatran
|-damage|p1a: Heatran|0 fnt
|faint|p1a: Heatran
|
|-weather|Sandstorm|[upkeep]
|-damage|p2a: Gardevoir|68\/277 brn|[from] sandstorm
|-damage|p2a: Gardevoir|34\/277 brn|[from] brn
|
|switch|p1a: Excadrill|Excadrill, F|391\/391
|-ability|p1a: Excadrill|Mold Breaker
|turn|15
|
|move|p2a: Gardevoir|Focus Blast|p1a: Excadrill
|-supereffective|p1a: Excadrill
|-damage|p1a: Excadrill|139\/391
|move|p1a: Excadrill|Earthquake|p2a: Gardevoir
|-crit|p2a: Gardevoir
|-damage|p2a: Gardevoir|0 fnt
|faint|p2a: Gardevoir
|
|-weather|none
|
|switch|p2a: Thundurus|Thundurus, M|299\/299
|-damage|p2a: Thundurus|225\/299|[from] Stealth Rock
|turn|16
|c| kloshitt|Av exca ok
|
|move|p2a: Thundurus|Focus Blast|p1a: Excadrill
|-supereffective|p1a: Excadrill
|-damage|p1a: Excadrill|0 fnt
|-damage|p2a: Thundurus|196\/299|[from] item: Life Orb
|faint|p1a: Excadrill
|
|
|switch|p1a: Heracross|Heracross, F|227\/311
|turn|17
|c|âbauer|!dt wynaut
|c|~|\/data-pokemon Wynaut
|raw|<font size="1"><font color=#585858>Dex#:<\/font> 360&nbsp;|&ThickSpace;<font color=#585858>Height:<\/font> 0.6 m&nbsp;|&ThickSpace;<font color=#585858>Weight:<\/font> 14 kg <em>(40 BP)<\/em>&nbsp;|&ThickSpace;<font color=#585858>Dex Colour:<\/font> Blue&nbsp;|&ThickSpace;<font color=#585858>Egg Group(s):<\/font> Undiscovered&nbsp;|&ThickSpace;<font color=#585858>Evolution:<\/font> Wobbuffet (15)<\/font>
|
|detailschange|p1a: Heracross|Heracross-Mega, F
|message|Heracross has Mega Evolved into Mega Heracross!
|move|p2a: Thundurus|Hidden Power|p1a: Heracross
|-supereffective|p1a: Heracross
|-damage|p1a: Heracross|0 fnt
|-damage|p2a: Thundurus|167\/299|[from] item: Life Orb
|faint|p1a: Heracross
|
|win|bauer
|c|âbauer|gg
|c|âsoTsoT|gg
|leave|soTsoT
|player|p1
|c|âbauer|wuhu ich gewinn mal gegen tos
|c|âbauer|._.