|join|Haruno
|join|soTsoT
|player|p1|Haruno|289
|player|p2|soTsoT|267
|gametype|singles
|gen|6
|tier|OU
|clearpoke
|poke|p1|Smeargle, M
|poke|p1|Azelf
|poke|p1|Krookodile, F
|poke|p1|Quagsire, F, shiny
|poke|p1|Gigalith, F
|poke|p1|Entei
|poke|p2|Goodra, F
|poke|p2|Maractus, M
|poke|p2|Drifblim, M
|poke|p2|Galvantula, M
|poke|p2|Smeargle, M
|poke|p2|Dragalge, F
|rule|Swagger Clause: Swagger is banned
|rule|Baton Pass Clause: Limit one PokÃ©mon knowing Baton Pass
|rule|Sleep Clause Mod: Limit one foe put to sleep
|rule|Species Clause: Limit one of each PokÃ©mon
|rule|OHKO Clause: OHKO moves are banned
|rule|Moody Clause: Moody is banned
|rule|Evasion Moves Clause: Evasion moves are banned
|rule|Endless Battle Clause: Forcing endless battles is banned
|rule|HP Percentage Mod: HP is shown in percentages
|teampreview
|c|âHaruno|oh that's interesting
|c|âHaruno|I thought for sure
|c|âHaruno|you wouldn't bring the maractus
|c|âHaruno|LOL
|c|âsoTsoT|gl hf :)
|
|start
|switch|p1a: Smeargle|Smeargle, M|252\/252
|switch|p2a: Galvantula|Galvantula, M|281\/281
|turn|1
|
|move|p2a: Galvantula|Sticky Web|p1a: Smeargle
|-sidestart|p1: Haruno|move: Sticky Web
|move|p1a: Smeargle|Geomancy|p1a: Smeargle|[still]
|-prepare|p1a: Smeargle|Geomancy|p1a: Smeargle
|-enditem|p1a: Smeargle|Power Herb
|-anim|p1a: Smeargle|Geomancy|p1a: Smeargle
|-boost|p1a: Smeargle|spa|2
|-boost|p1a: Smeargle|spd|2
|-boost|p1a: Smeargle|spe|2
|
|turn|2
|
|move|p1a: Smeargle|Spore|p2a: Galvantula
|-status|p2a: Galvantula|slp
|cant|p2a: Galvantula|slp
|
|turn|3
|
|switch|p2a: Maractus|Maractus, M|353\/353
|move|p1a: Smeargle|Rapid Spin|p2a: Maractus
|-crit|p2a: Maractus
|-damage|p2a: Maractus|335\/353
|-sideend|p1: Haruno|Sticky Web|[from] move: Rapid Spin|[of] p1a: Smeargle
|
|turn|4
|
|move|p1a: Smeargle|Baton Pass|p1a: Smeargle
|
|switch|p1a: Entei|Entei|371\/371
|-ability|p1a: Entei|Pressure
|move|p2a: Maractus|Knock Off|p1a: Entei
|-damage|p1a: Entei|259\/371
|-enditem|p1a: Entei|Leftovers|[from] move: Knock Off|[of] p2a: Maractus
|-damage|p2a: Maractus|300\/353|[from] item: Life Orb
|
|turn|5
|
|move|p1a: Entei|Sacred Fire|p2a: Maractus
|-crit|p2a: Maractus
|-supereffective|p2a: Maractus
|-damage|p2a: Maractus|0 fnt
|faint|p2a: Maractus
|
|
|switch|p2a: Dragalge|Dragalge, F|333\/333
|turn|6
|
|move|p1a: Entei|Hidden Power|p2a: Dragalge
|-supereffective|p2a: Dragalge
|-damage|p2a: Dragalge|185\/333
|move|p2a: Dragalge|Draco Meteor|p1a: Entei|[miss]
|-miss|p2a: Dragalge|p1a: Entei
|
|turn|7
|c|âsoTsoT|;_;
|c|âHaruno|sorry :(
|
|move|p1a: Entei|Hidden Power|p2a: Dragalge
|-supereffective|p2a: Dragalge
|-damage|p2a: Dragalge|45\/333
|move|p2a: Dragalge|Draco Meteor|p1a: Entei
|-damage|p1a: Entei|41\/371
|-unboost|p2a: Dragalge|spa|2
|
|turn|8
|
|move|p1a: Entei|Sacred Fire|p2a: Dragalge
|-resisted|p2a: Dragalge
|-damage|p2a: Dragalge|0 fnt
|faint|p2a: Dragalge
|
|
|switch|p2a: Goodra|Goodra, F|321\/321
|turn|9
|
|move|p1a: Entei|Hidden Power|p2a: Goodra
|-supereffective|p2a: Goodra
|-damage|p2a: Goodra|239\/321
|move|p2a: Goodra|Sludge Bomb|p1a: Entei
|-damage|p1a: Entei|0 fnt
|faint|p1a: Entei
|
|
|switch|p1a: Azelf|Azelf|291\/291
|turn|10
|
|move|p1a: Azelf|Thunder Wave|p2a: Goodra
|-status|p2a: Goodra|par
|cant|p2a: Goodra|par
|
|turn|11
|
|move|p1a: Azelf|Light Screen|p1a: Azelf
|-sidestart|p1: Haruno|move: Light Screen
|move|p2a: Goodra|Draco Meteor|p1a: Azelf
|-damage|p1a: Azelf|154\/291
|-unboost|p2a: Goodra|spa|2
|
|turn|12
|
|switch|p1a: Quagsire|Quagsire, F, shiny|394\/394
|switch|p2a: Smeargle|Smeargle, M|314\/314
|
|turn|13
|
|switch|p1a: Azelf|Azelf|154\/291
|move|p2a: Smeargle|Spore|p1a: Azelf
|-status|p1a: Azelf|slp
|
|turn|14
|
|switch|p1a: Quagsire|Quagsire, F, shiny|394\/394
|move|p2a: Smeargle|Geomancy|p2a: Smeargle|[still]
|-prepare|p2a: Smeargle|Geomancy|p2a: Smeargle
|-enditem|p2a: Smeargle|Power Herb
|-anim|p2a: Smeargle|Geomancy|p2a: Smeargle
|-boost|p2a: Smeargle|spa|2
|-boost|p2a: Smeargle|spd|2
|-boost|p2a: Smeargle|spe|2
|
|turn|15
|c|âHaruno|oh god
|
|move|p2a: Smeargle|Baton Pass|p2a: Smeargle
|
|switch|p2a: Drifblim|Drifblim, M|442\/442
|move|p1a: Quagsire|Stockpile|p1a: Quagsire
|-start|p1a: Quagsire|stockpile1
|-boost|p1a: Quagsire|def|1
|-boost|p1a: Quagsire|spd|1
|
|-sideend|p1: Haruno|move: Light Screen
|turn|16
|c|âHaruno|i wasnt the only person
|c|âHaruno|who thought of
|c|âHaruno|geopass
|
|move|p2a: Drifblim|Substitute|p2a: Drifblim
|-start|p2a: Drifblim|Substitute
|-damage|p2a: Drifblim|332\/442
|move|p1a: Quagsire|Rock Slide|p2a: Drifblim
|-crit|p2a: Drifblim
|-supereffective|p2a: Drifblim
|-end|p2a: Drifblim|Substitute
|
|turn|17
|
|move|p2a: Drifblim|Shadow Ball|p1a: Quagsire
|-damage|p1a: Quagsire|249\/394
|move|p1a: Quagsire|Rock Slide|p2a: Drifblim
|-supereffective|p2a: Drifblim
|-damage|p2a: Drifblim|150\/442
|-enditem|p2a: Drifblim|Sitrus Berry|[eat]
|-heal|p2a: Drifblim|260\/442|[from] item: Sitrus Berry
|
|-heal|p1a: Quagsire|273\/394|[from] item: Leftovers
|turn|18
|
|move|p2a: Drifblim|Shadow Ball|p1a: Quagsire
|-damage|p1a: Quagsire|119\/394
|move|p1a: Quagsire|Recover|p1a: Quagsire
|-heal|p1a: Quagsire|316\/394
|
|-heal|p1a: Quagsire|340\/394|[from] item: Leftovers
|turn|19
|
|move|p2a: Drifblim|Shadow Ball|p1a: Quagsire
|-damage|p1a: Quagsire|180\/394
|-unboost|p1a: Quagsire|spd|1
|move|p1a: Quagsire|Rock Slide|p2a: Drifblim
|-supereffective|p2a: Drifblim
|-damage|p2a: Drifblim|58\/442
|
|-heal|p1a: Quagsire|204\/394|[from] item: Leftovers
|turn|20
|
|move|p2a: Drifblim|Shadow Ball|p1a: Quagsire
|-damage|p1a: Quagsire|0 fnt
|faint|p1a: Quagsire
|
|
|switch|p1a: Krookodile|Krookodile, F|331\/331
|turn|21
|
|move|p2a: Drifblim|Hidden Power|p1a: Krookodile
|-supereffective|p1a: Krookodile
|-damage|p1a: Krookodile|63\/331
|move|p1a: Krookodile|Knock Off|p2a: Drifblim
|-supereffective|p2a: Drifblim
|-damage|p2a: Drifblim|0 fnt
|faint|p2a: Drifblim
|-boost|p1a: Krookodile|atk|1|[from] ability: Moxie
|
|
|switch|p2a: Galvantula|Galvantula, M|281\/281 slp
|turn|22
|
|move|p1a: Krookodile|Knock Off|p2a: Galvantula
|-enditem|p2a: Galvantula|Focus Sash
|-damage|p2a: Galvantula|1\/281 slp
|cant|p2a: Galvantula|slp
|
|turn|23
|c|âsoTsoT|gg
|
|move|p1a: Krookodile|Knock Off|p2a: Galvantula
|-damage|p2a: Galvantula|0 fnt
|faint|p2a: Galvantula
|-boost|p1a: Krookodile|atk|1|[from] ability: Moxie
|
|
|switch|p2a: Goodra|Goodra, F|239\/321 par
|turn|24
|
|move|p1a: Krookodile|Knock Off|p2a: Goodra
|-damage|p2a: Goodra|0 fnt
|-enditem|p2a: Goodra|Assault Vest|[from] move: Knock Off|[of] p1a: Krookodile
|faint|p2a: Goodra
|-boost|p1a: Krookodile|atk|1|[from] ability: Moxie
|
|c|âHaruno|gg
|
|switch|p2a: Smeargle|Smeargle, M|314\/314
|turn|25
|
|move|p1a: Krookodile|Knock Off|p2a: Smeargle
|-damage|p2a: Smeargle|0 fnt
|faint|p2a: Smeargle
|-boost|p1a: Krookodile|atk|1|[from] ability: Moxie
|
|win|Haruno
|leave|soTsoT
|player|p2