|join|Sensory
|join|soTsoT
|player|p1|Sensory|143
|player|p2|soTsoT|267
|gametype|singles
|gen|6
|tier|OU
|clearpoke
|poke|p1|Landorus-Therian, M
|poke|p1|Rotom-Wash
|poke|p1|Heatran, F
|poke|p1|Clefable, M
|poke|p1|Lopunny, M
|poke|p1|Latios, M
|poke|p2|Altaria, F
|poke|p2|Conkeldurr, M
|poke|p2|Bisharp, F
|poke|p2|Gengar, F
|poke|p2|Skarmory, M
|poke|p2|Gyarados, F
|rule|Swagger Clause: Swagger is banned
|rule|Baton Pass Clause: Limit one PokÃ©mon knowing Baton Pass
|rule|Sleep Clause Mod: Limit one foe put to sleep
|rule|Species Clause: Limit one of each PokÃ©mon
|rule|OHKO Clause: OHKO moves are banned
|rule|Moody Clause: Moody is banned
|rule|Evasion Moves Clause: Evasion moves are banned
|rule|Endless Battle Clause: Forcing endless battles is banned
|rule|HP Percentage Mod: HP is shown in percentages
|teampreview
|
|start
|switch|p1a: Rotom-Wash|Rotom-Wash|303\/303
|switch|p2a: Skarmory|Skarmory, M|272\/272
|turn|1
|
|move|p2a: Skarmory|Stealth Rock|p1a: Rotom-Wash
|-sidestart|p1: Sensory|move: Stealth Rock
|move|p1a: Rotom-Wash|Volt Switch|p2a: Skarmory
|-supereffective|p2a: Skarmory
|-damage|p2a: Skarmory|32\/272
|
|switch|p1a: Heatran|Heatran, F|337\/337
|-enditem|p2a: Skarmory|Salac Berry|[eat]
|-boost|p2a: Skarmory|spe|1|[from] item: Salac Berry
|-damage|p1a: Heatran|295\/337|[from] Stealth Rock
|
|turn|2
|
|move|p2a: Skarmory|Spikes|p1a: Heatran
|-sidestart|p1: Sensory|Spikes
|move|p1a: Heatran|Lava Plume|p2a: Skarmory
|-supereffective|p2a: Skarmory
|-damage|p2a: Skarmory|0 fnt
|faint|p2a: Skarmory
|
|
|switch|p2a: Conkeldurr|Conkeldurr, M|413\/413
|turn|3
|
|switch|p1a: Clefable|Clefable, M|394\/394
|switch|p2a: Gengar|Gengar, F|261\/261
|
|turn|4
|
|switch|p1a: Heatran|Heatran, F|295\/337
|-damage|p1a: Heatran|253\/337|[from] Spikes
|-damage|p1a: Heatran|211\/337|[from] Stealth Rock
|move|p2a: Gengar|Sludge Wave|p1a: Heatran
|-immune|p1a: Heatran|[msg]
|
|turn|5
|
|switch|p1a: Landorus-Therian|Landorus-Therian, M|327\/327
|-damage|p1a: Landorus-Therian|287\/327|[from] Stealth Rock
|-ability|p1a: Landorus-Therian|Intimidate|[of] p2a: Gengar
|-unboost|p2a: Gengar|atk|1
|move|p2a: Gengar|Focus Blast|p1a: Landorus-Therian
|-resisted|p1a: Landorus-Therian
|-damage|p1a: Landorus-Therian|170\/327
|-damage|p2a: Gengar|235\/261|[from] item: Life Orb
|
|turn|6
|
|switch|p2a: Gyarados|Gyarados, F|394\/394
|-ability|p2a: Gyarados|Intimidate|[of] p1a: Landorus-Therian
|-unboost|p1a: Landorus-Therian|atk|1
|move|p1a: Landorus-Therian|Knock Off|p2a: Gyarados
|-damage|p2a: Gyarados|291\/394
|-enditem|p2a: Gyarados|Leftovers|[from] move: Knock Off|[of] p1a: Landorus-Therian
|
|turn|7
|
|switch|p1a: Rotom-Wash|Rotom-Wash|303\/303
|-damage|p1a: Rotom-Wash|266\/303|[from] Stealth Rock
|switch|p2a: Conkeldurr|Conkeldurr, M|413\/413
|
|-heal|p1a: Rotom-Wash|284\/303|[from] item: Leftovers
|turn|8
|
|move|p1a: Rotom-Wash|Volt Switch|p2a: Conkeldurr
|-damage|p2a: Conkeldurr|332\/413
|
|switch|p1a: Clefable|Clefable, M|394\/394
|move|p2a: Conkeldurr|Drain Punch|p1a: Clefable
|-resisted|p1a: Clefable
|-damage|p1a: Clefable|321\/394
|-heal|p2a: Conkeldurr|369\/413|[from] drain|[of] p1a: Clefable
|
|-heal|p1a: Clefable|345\/394|[from] item: Leftovers
|turn|9
|
|switch|p1a: Landorus-Therian|Landorus-Therian, M|170\/327
|-damage|p1a: Landorus-Therian|130\/327|[from] Stealth Rock
|-ability|p1a: Landorus-Therian|Intimidate|[of] p2a: Conkeldurr
|-unboost|p2a: Conkeldurr|atk|1
|switch|p2a: Gengar|Gengar, F|235\/261
|
|turn|10
|
|move|p1a: Landorus-Therian|Knock Off|p2a: Gengar
|-supereffective|p2a: Gengar
|-damage|p2a: Gengar|0 fnt
|-enditem|p2a: Gengar|Life Orb|[from] move: Knock Off|[of] p1a: Landorus-Therian
|faint|p2a: Gengar
|
|
|switch|p2a: Altaria|Altaria, F|291\/291
|turn|11
|
|switch|p1a: Clefable|Clefable, M|345\/394
|detailschange|p2a: Altaria|Altaria-Mega, F
|-mega|p2a: Altaria|Altaria|Altarianite
|move|p2a: Altaria|Dragon Dance|p2a: Altaria
|-boost|p2a: Altaria|atk|1
|-boost|p2a: Altaria|spe|1
|
|-heal|p1a: Clefable|369\/394|[from] item: Leftovers
|turn|12
|
|move|p2a: Altaria|Frustration|p1a: Clefable
|-damage|p1a: Clefable|86\/394
|move|p1a: Clefable|Moonblast|p2a: Altaria
|-supereffective|p2a: Altaria
|-damage|p2a: Altaria|67\/291
|
|-heal|p1a: Clefable|110\/394|[from] item: Leftovers
|turn|13
|
|move|p2a: Altaria|Frustration|p1a: Clefable
|-damage|p1a: Clefable|0 fnt
|faint|p1a: Clefable
|
|
|switch|p1a: Lopunny|Lopunny, M|271\/271
|-damage|p1a: Lopunny|238\/271|[from] Spikes
|-damage|p1a: Lopunny|205\/271|[from] Stealth Rock
|turn|14
|
|detailschange|p1a: Lopunny|Lopunny-Mega, M
|-mega|p1a: Lopunny|Lopunny|Lopunnite
|move|p1a: Lopunny|Fake Out|p2a: Altaria
|-damage|p2a: Altaria|0 fnt
|faint|p2a: Altaria
|
|
|switch|p2a: Conkeldurr|Conkeldurr, M|369\/413
|turn|15
|
|switch|p1a: Heatran|Heatran, F|211\/337
|-damage|p1a: Heatran|169\/337|[from] Spikes
|-damage|p1a: Heatran|127\/337|[from] Stealth Rock
|move|p2a: Conkeldurr|Drain Punch|p1a: Heatran
|-supereffective|p1a: Heatran
|-damage|p1a: Heatran|0 fnt
|-heal|p2a: Conkeldurr|413\/413|[from] drain|[of] p1a: Heatran
|faint|p1a: Heatran
|
|
|switch|p1a: Latios|Latios, M|301\/301
|-damage|p1a: Latios|264\/301|[from] Stealth Rock
|turn|16
|
|switch|p2a: Bisharp|Bisharp, F|272\/272
|move|p1a: Latios|Draco Meteor|p2a: Bisharp
|-resisted|p2a: Bisharp
|-damage|p2a: Bisharp|132\/272
|-unboost|p1a: Latios|spa|2
|-damage|p1a: Latios|234\/301|[from] item: Life Orb
|
|turn|17
|
|move|p1a: Latios|Earthquake|p2a: Bisharp
|-supereffective|p2a: Bisharp
|-damage|p2a: Bisharp|0 fnt
|-damage|p1a: Latios|204\/301|[from] item: Life Orb
|faint|p2a: Bisharp
|
|
|switch|p2a: Gyarados|Gyarados, F|291\/394
|-ability|p2a: Gyarados|Intimidate|[of] p1a: Latios
|-unboost|p1a: Latios|atk|1
|turn|18
|
|switch|p1a: Rotom-Wash|Rotom-Wash|284\/303
|-damage|p1a: Rotom-Wash|247\/303|[from] Stealth Rock
|switch|p2a: Conkeldurr|Conkeldurr, M|413\/413
|
|-heal|p1a: Rotom-Wash|265\/303|[from] item: Leftovers
|turn|19
|
|move|p1a: Rotom-Wash|Volt Switch|p2a: Conkeldurr
|-damage|p2a: Conkeldurr|335\/413
|
|switch|p1a: Landorus-Therian|Landorus-Therian, M|130\/327
|-damage|p1a: Landorus-Therian|90\/327|[from] Stealth Rock
|-ability|p1a: Landorus-Therian|Intimidate|[of] p2a: Conkeldurr
|-unboost|p2a: Conkeldurr|atk|1
|move|p2a: Conkeldurr|Knock Off|p1a: Landorus-Therian
|-damage|p1a: Landorus-Therian|0 fnt
|-enditem|p1a: Landorus-Therian|Choice Scarf|[from] move: Knock Off|[of] p2a: Conkeldurr
|faint|p1a: Landorus-Therian
|
|
|switch|p1a: Latios|Latios, M|204\/301
|-damage|p1a: Latios|167\/301|[from] Stealth Rock
|turn|20
|
|switch|p2a: Gyarados|Gyarados, F|291\/394
|-ability|p2a: Gyarados|Intimidate|[of] p1a: Latios
|-unboost|p1a: Latios|atk|1
|move|p1a: Latios|Psyshock|p2a: Gyarados
|-damage|p2a: Gyarados|73\/394
|-damage|p1a: Latios|137\/301|[from] item: Life Orb
|
|turn|21
|
|move|p1a: Latios|Psyshock|p2a: Gyarados
|-damage|p2a: Gyarados|0 fnt
|-damage|p1a: Latios|107\/301|[from] item: Life Orb
|faint|p2a: Gyarados
|
|
|switch|p2a: Conkeldurr|Conkeldurr, M|335\/413
|turn|22
|c|âsoTsoT|gg
|
|move|p1a: Latios|Psyshock|p2a: Conkeldurr
|-supereffective|p2a: Conkeldurr
|-damage|p2a: Conkeldurr|0 fnt
|-damage|p1a: Latios|77\/301|[from] item: Life Orb
|faint|p2a: Conkeldurr
|
|win|Sensory
|c|âSensory|gg