|join|Dayanne
|join|soTsoT
|player|p1|Dayanne|37
|player|p2|soTsoT|267
|gametype|singles
|gen|6
|tier|OU
|rated
|clearpoke
|poke|p1|Chansey, F
|poke|p1|Zapdos
|poke|p1|Scizor, M
|poke|p1|Clefable, F
|poke|p1|Gliscor, M
|poke|p1|Slowbro, M
|poke|p2|Altaria, F
|poke|p2|Conkeldurr, F
|poke|p2|Bisharp, F
|poke|p2|Gengar, F
|poke|p2|Skarmory, M
|poke|p2|Gyarados, M
|rule|Swagger Clause: Swagger is banned
|rule|Baton Pass Clause: Limit one PokÃ©mon knowing Baton Pass
|rule|Sleep Clause Mod: Limit one foe put to sleep
|rule|Species Clause: Limit one of each PokÃ©mon
|rule|OHKO Clause: OHKO moves are banned
|rule|Moody Clause: Moody is banned
|rule|Evasion Moves Clause: Evasion moves are banned
|rule|Endless Battle Clause: Forcing endless battles is banned
|rule|HP Percentage Mod: HP is shown in percentages
|teampreview
|
|start
|switch|p1a: Zapdos|Zapdos|384\/384
|switch|p2a: Skarmory|Skarmory, M|272\/272
|-ability|p1a: Zapdos|Pressure
|turn|1
|
|move|p2a: Skarmory|Stealth Rock|p1a: Zapdos
|-sidestart|p1: Dayanne|move: Stealth Rock
|move|p1a: Zapdos|Heat Wave|p2a: Skarmory
|-supereffective|p2a: Skarmory
|-damage|p2a: Skarmory|50\/272
|-enditem|p2a: Skarmory|Salac Berry|[eat]
|-boost|p2a: Skarmory|spe|1|[from] item: Salac Berry
|
|turn|2
|
|move|p2a: Skarmory|Taunt|p1a: Zapdos
|-start|p1a: Zapdos|move: Taunt
|move|p1a: Zapdos|Volt Switch|p2a: Skarmory
|-supereffective|p2a: Skarmory
|-damage|p2a: Skarmory|0 fnt
|faint|p2a: Skarmory
|
|switch|p1a: Gliscor|Gliscor, M|352\/352
|-damage|p1a: Gliscor|308\/352|[from] Stealth Rock
|
|-status|p1a: Gliscor|tox|[from] item: Toxic Orb
|
|switch|p2a: Altaria|Altaria, F|291\/291
|turn|3
|
|switch|p1a: Scizor|Scizor, M|344\/344
|-damage|p1a: Scizor|301\/344|[from] Stealth Rock
|move|p2a: Altaria|Substitute|p2a: Altaria
|-start|p2a: Altaria|Substitute
|-damage|p2a: Altaria|219\/291
|
|turn|4
|
|detailschange|p2a: Altaria|Altaria-Mega, F
|-mega|p2a: Altaria|Altaria|Altarianite
|detailschange|p1a: Scizor|Scizor-Mega, M
|-mega|p1a: Scizor|Scizor|Scizorite
|move|p1a: Scizor|Bullet Punch|p2a: Altaria
|-supereffective|p2a: Altaria
|-end|p2a: Altaria|Substitute
|move|p2a: Altaria|Frustration|p1a: Scizor
|-resisted|p1a: Scizor
|-damage|p1a: Scizor|232\/344
|
|turn|5
|
|switch|p2a: Gyarados|Gyarados, M|394\/394
|-ability|p2a: Gyarados|Intimidate|[of] p1a: Scizor
|-unboost|p1a: Scizor|atk|1
|switch|p1a: Zapdos|Zapdos|384\/384
|-damage|p1a: Zapdos|288\/384|[from] Stealth Rock
|-ability|p1a: Zapdos|Pressure
|
|-heal|p1a: Zapdos|312\/384|[from] item: Leftovers
|turn|6
|
|switch|p2a: Conkeldurr|Conkeldurr, F|413\/413
|move|p1a: Zapdos|Defog|p2a: Conkeldurr
|-unboost|p2a: Conkeldurr|evasion|1
|-sideend|p1: Dayanne|Stealth Rock|[from] move: Defog|[of] p1a: Zapdos
|
|-heal|p1a: Zapdos|336\/384|[from] item: Leftovers
|turn|7
|
|move|p1a: Zapdos|Volt Switch|p2a: Conkeldurr
|-damage|p2a: Conkeldurr|328\/413
|
|switch|p1a: Scizor|Scizor-Mega, M|232\/344
|move|p2a: Conkeldurr|Knock Off|p1a: Scizor
|-damage|p1a: Scizor|177\/344
|
|turn|8
|
|move|p1a: Scizor|Roost|p1a: Scizor
|-heal|p1a: Scizor|344\/344
|move|p2a: Conkeldurr|Drain Punch|p1a: Scizor
|-damage|p1a: Scizor|254\/344
|-heal|p2a: Conkeldurr|373\/413|[from] drain|[of] p1a: Scizor
|
|turn|9
|
|switch|p2a: Gyarados|Gyarados, M|394\/394
|-ability|p2a: Gyarados|Intimidate|[of] p1a: Scizor
|-unboost|p1a: Scizor|atk|1
|move|p1a: Scizor|Swords Dance|p1a: Scizor
|-boost|p1a: Scizor|atk|2
|
|turn|10
|
|switch|p1a: Zapdos|Zapdos|336\/384
|-ability|p1a: Zapdos|Pressure
|move|p2a: Gyarados|Dragon Dance|p2a: Gyarados
|-boost|p2a: Gyarados|atk|1
|-boost|p2a: Gyarados|spe|1
|
|-heal|p1a: Zapdos|360\/384|[from] item: Leftovers
|turn|11
|
|move|p2a: Gyarados|Substitute|p2a: Gyarados
|-start|p2a: Gyarados|Substitute
|-damage|p2a: Gyarados|296\/394
|move|p1a: Zapdos|Volt Switch|p2a: Gyarados
|-supereffective|p2a: Gyarados
|-end|p2a: Gyarados|Substitute
|
|switch|p1a: Clefable|Clefable, F|394\/394
|
|-heal|p2a: Gyarados|320\/394|[from] item: Leftovers
|turn|12
|
|move|p2a: Gyarados|Waterfall|p1a: Clefable
|-damage|p1a: Clefable|301\/394
|move|p1a: Clefable|Moonblast|p2a: Gyarados
|-damage|p2a: Gyarados|250\/394
|
|-heal|p2a: Gyarados|274\/394|[from] item: Leftovers
|-heal|p1a: Clefable|325\/394|[from] item: Leftovers
|turn|13
|
|move|p2a: Gyarados|Substitute|p2a: Gyarados
|-start|p2a: Gyarados|Substitute
|-damage|p2a: Gyarados|176\/394
|move|p1a: Clefable|Wish|p1a: Clefable
|
|-heal|p2a: Gyarados|200\/394|[from] item: Leftovers
|-heal|p1a: Clefable|349\/394|[from] item: Leftovers
|turn|14
|
|move|p2a: Gyarados|Waterfall|p1a: Clefable
|-damage|p1a: Clefable|253\/394
|cant|p1a: Clefable|flinch
|
|-heal|p1a: Clefable|394\/394|[from] move: Wish|[wisher] Clefable
|-heal|p2a: Gyarados|224\/394|[from] item: Leftovers
|turn|15
|join|Winry
|
|move|p2a: Gyarados|Waterfall|p1a: Clefable
|-damage|p1a: Clefable|297\/394
|move|p1a: Clefable|Calm Mind|p1a: Clefable
|-boost|p1a: Clefable|spa|1
|-boost|p1a: Clefable|spd|1
|
|-heal|p2a: Gyarados|248\/394|[from] item: Leftovers
|-heal|p1a: Clefable|321\/394|[from] item: Leftovers
|turn|16
|leave|Winry
|
|move|p2a: Gyarados|Waterfall|p1a: Clefable
|-damage|p1a: Clefable|212\/394
|move|p1a: Clefable|Wish|p1a: Clefable
|
|-heal|p2a: Gyarados|272\/394|[from] item: Leftovers
|-heal|p1a: Clefable|236\/394|[from] item: Leftovers
|turn|17
|
|move|p2a: Gyarados|Waterfall|p1a: Clefable
|-damage|p1a: Clefable|131\/394
|cant|p1a: Clefable|flinch
|
|-heal|p1a: Clefable|328\/394|[from] move: Wish|[wisher] Clefable
|-heal|p2a: Gyarados|296\/394|[from] item: Leftovers
|-heal|p1a: Clefable|352\/394|[from] item: Leftovers
|turn|18
|
|move|p2a: Gyarados|Waterfall|p1a: Clefable
|-damage|p1a: Clefable|252\/394
|move|p1a: Clefable|Wish|p1a: Clefable
|
|-heal|p2a: Gyarados|320\/394|[from] item: Leftovers
|-heal|p1a: Clefable|276\/394|[from] item: Leftovers
|turn|19
|
|move|p2a: Gyarados|Waterfall|p1a: Clefable
|-damage|p1a: Clefable|183\/394
|move|p1a: Clefable|Calm Mind|p1a: Clefable
|-boost|p1a: Clefable|spa|1
|-boost|p1a: Clefable|spd|1
|
|-heal|p1a: Clefable|380\/394|[from] move: Wish|[wisher] Clefable
|-heal|p2a: Gyarados|344\/394|[from] item: Leftovers
|-heal|p1a: Clefable|394\/394|[from] item: Leftovers
|turn|20
|
|move|p2a: Gyarados|Waterfall|p1a: Clefable
|-damage|p1a: Clefable|286\/394
|move|p1a: Clefable|Moonblast|p2a: Gyarados
|-end|p2a: Gyarados|Substitute
|
|-heal|p2a: Gyarados|368\/394|[from] item: Leftovers
|-heal|p1a: Clefable|310\/394|[from] item: Leftovers
|turn|21
|
|switch|p2a: Bisharp|Bisharp, F|272\/272
|move|p1a: Clefable|Moonblast|p2a: Bisharp
|-damage|p2a: Bisharp|70\/272
|-unboost|p2a: Bisharp|spa|1
|-boost|p2a: Bisharp|atk|2|[from] ability: Defiant
|
|-heal|p1a: Clefable|334\/394|[from] item: Leftovers
|turn|22
|
|switch|p1a: Scizor|Scizor-Mega, M|254\/344
|move|p2a: Bisharp|Iron Head|p1a: Scizor
|-resisted|p1a: Scizor
|-damage|p1a: Scizor|164\/344
|
|turn|23
|
|move|p2a: Bisharp|Knock Off|p1a: Scizor
|-damage|p1a: Scizor|19\/344
|move|p1a: Scizor|Roost|p1a: Scizor
|-heal|p1a: Scizor|191\/344
|
|turn|24
|
|move|p2a: Bisharp|Sucker Punch|p1a: Scizor
|-fail|p1a: Scizor
|move|p1a: Scizor|Roost|p1a: Scizor
|-heal|p1a: Scizor|344\/344
|
|turn|25
|
|switch|p2a: Gyarados|Gyarados, M|368\/394
|-ability|p2a: Gyarados|Intimidate|[of] p1a: Scizor
|-unboost|p1a: Scizor|atk|1
|move|p1a: Scizor|Bullet Punch|p2a: Gyarados
|-resisted|p2a: Gyarados
|-damage|p2a: Gyarados|327\/394
|
|-heal|p2a: Gyarados|351\/394|[from] item: Leftovers
|turn|26
|
|switch|p2a: Gengar|Gengar, F|261\/261
|switch|p1a: Clefable|Clefable, F|334\/394
|
|-heal|p1a: Clefable|358\/394|[from] item: Leftovers
|turn|27
|
|switch|p2a: Bisharp|Bisharp, F|70\/272
|switch|p1a: Gliscor|Gliscor, M|308\/352 tox
|
|-heal|p1a: Gliscor|352\/352 tox|[from] ability: Poison Heal
|turn|28
|
|switch|p2a: Gyarados|Gyarados, M|351\/394
|-ability|p2a: Gyarados|Intimidate|[of] p1a: Gliscor
|-unboost|p1a: Gliscor|atk|1
|move|p1a: Gliscor|Knock Off|p2a: Gyarados
|-damage|p2a: Gyarados|287\/394
|-enditem|p2a: Gyarados|Leftovers|[from] move: Knock Off|[of] p1a: Gliscor
|
|turn|29
|
|switch|p1a: Zapdos|Zapdos|360\/384
|-ability|p1a: Zapdos|Pressure
|move|p2a: Gyarados|Substitute|p2a: Gyarados
|-start|p2a: Gyarados|Substitute
|-damage|p2a: Gyarados|189\/394
|
|-heal|p1a: Zapdos|384\/384|[from] item: Leftovers
|turn|30
|
|move|p1a: Zapdos|Volt Switch|p2a: Gyarados
|-supereffective|p2a: Gyarados
|-end|p2a: Gyarados|Substitute
|
|switch|p1a: Slowbro|Slowbro, M|394\/394
|move|p2a: Gyarados|Waterfall|p1a: Slowbro
|-resisted|p1a: Slowbro
|-damage|p1a: Slowbro|358\/394
|
|-heal|p1a: Slowbro|382\/394|[from] item: Leftovers
|turn|31
|
|switch|p2a: Altaria|Altaria-Mega, F|219\/291
|move|p1a: Slowbro|Psyshock|p2a: Altaria
|-damage|p2a: Altaria|138\/291
|
|-heal|p1a: Slowbro|394\/394|[from] item: Leftovers
|turn|32
|
|move|p2a: Altaria|Substitute|p2a: Altaria
|-start|p2a: Altaria|Substitute
|-damage|p2a: Altaria|66\/291
|move|p1a: Slowbro|Psyshock|p2a: Altaria
|-crit|p2a: Altaria
|-end|p2a: Altaria|Substitute
|
|turn|33
|
|move|p2a: Altaria|Frustration|p1a: Slowbro
|-damage|p1a: Slowbro|249\/394
|move|p1a: Slowbro|Thunder Wave|p2a: Altaria
|-status|p2a: Altaria|par
|
|-heal|p1a: Slowbro|273\/394|[from] item: Leftovers
|turn|34
|
|move|p1a: Slowbro|Psyshock|p2a: Altaria
|-damage|p2a: Altaria|0 fnt
|faint|p2a: Altaria
|
|-heal|p1a: Slowbro|297\/394|[from] item: Leftovers
|c|âDayanne|gg
|
|switch|p2a: Gengar|Gengar, F|261\/261
|turn|35
|
|switch|p1a: Chansey|Chansey, F|704\/704
|move|p2a: Gengar|Sludge Wave|p1a: Chansey
|-damage|p1a: Chansey|558\/704
|-damage|p2a: Gengar|235\/261|[from] item: Life Orb
|
|turn|36
|
|move|p2a: Gengar|Focus Blast|p1a: Chansey
|-supereffective|p1a: Chansey
|-damage|p1a: Chansey|329\/704
|-damage|p2a: Gengar|209\/261|[from] item: Life Orb
|move|p1a: Chansey|Stealth Rock|p2a: Gengar
|-sidestart|p2: soTsoT|move: Stealth Rock
|
|turn|37
|
|move|p2a: Gengar|Focus Blast|p1a: Chansey
|-supereffective|p1a: Chansey
|-damage|p1a: Chansey|105\/704
|-damage|p2a: Gengar|183\/261|[from] item: Life Orb
|move|p1a: Chansey|Soft-Boiled|p1a: Chansey
|-heal|p1a: Chansey|457\/704
|
|turn|38
|
|switch|p1a: Gliscor|Gliscor, M|352\/352 tox
|move|p2a: Gengar|Focus Blast|p1a: Gliscor|[miss]
|-miss|p2a: Gengar|p1a: Gliscor
|
|turn|39
|
|move|p2a: Gengar|Shadow Ball|p1a: Gliscor
|-damage|p1a: Gliscor|177\/352 tox
|-damage|p2a: Gengar|157\/261|[from] item: Life Orb
|move|p1a: Gliscor|Knock Off|p2a: Gengar
|-supereffective|p2a: Gengar
|-damage|p2a: Gengar|0 fnt
|-enditem|p2a: Gengar|Life Orb|[from] move: Knock Off|[of] p1a: Gliscor
|faint|p2a: Gengar
|
|-heal|p1a: Gliscor|221\/352 tox|[from] ability: Poison Heal
|
|switch|p2a: Conkeldurr|Conkeldurr, F|373\/413
|-damage|p2a: Conkeldurr|348\/413|[from] Stealth Rock
|turn|40
|
|switch|p1a: Scizor|Scizor-Mega, M|344\/344
|move|p2a: Conkeldurr|Ice Punch|p1a: Scizor
|-resisted|p1a: Scizor
|-damage|p1a: Scizor|317\/344
|
|turn|41
|
|move|p1a: Scizor|Swords Dance|p1a: Scizor
|-boost|p1a: Scizor|atk|2
|move|p2a: Conkeldurr|Ice Punch|p1a: Scizor
|-resisted|p1a: Scizor
|-damage|p1a: Scizor|287\/344
|
|turn|42
|
|move|p1a: Scizor|Swords Dance|p1a: Scizor
|-boost|p1a: Scizor|atk|2
|move|p2a: Conkeldurr|Ice Punch|p1a: Scizor
|-resisted|p1a: Scizor
|-damage|p1a: Scizor|257\/344
|
|turn|43
|
|move|p1a: Scizor|Swords Dance|p1a: Scizor
|-boost|p1a: Scizor|atk|2
|move|p2a: Conkeldurr|Ice Punch|p1a: Scizor
|-resisted|p1a: Scizor
|-damage|p1a: Scizor|227\/344
|
|turn|44
|
|move|p1a: Scizor|Bullet Punch|p2a: Conkeldurr
|-damage|p2a: Conkeldurr|0 fnt
|faint|p2a: Conkeldurr
|
|-message|soTsoT forfeited.
|
|win|Dayanne
|raw|Ladder updating...
|leave|soTsoT
|player|p2
|raw|Dayanne's rating: 1745 &rarr; <strong>1757<\/strong><br \/>(+12 for winning)
|raw|soTsoT's rating: 1610 &rarr; <strong>1598<\/strong><br \/>(-12 for losing)