|join|soTsoT
|join|awsed
|player|p1|soTsoT|213
|player|p2|awsed|169
|gametype|doubles
|gen|6
|tier|Smogon Doubles
|rated
|clearpoke
|poke|p1|Kangaskhan, F
|poke|p1|Amoonguss, F
|poke|p1|Aegislash, M
|poke|p1|Scizor, M
|poke|p1|Politoed, M
|poke|p1|Sylveon, F
|poke|p2|Politoed, M
|poke|p2|Gyarados, M
|poke|p2|Ludicolo, M
|poke|p2|Manectric, F
|poke|p2|Gastrodon, F
|poke|p2|Scizor, M
|rule|Species Clause: Limit one of each PokÃ©mon
|rule|OHKO Clause: OHKO moves are banned
|rule|Moody Clause: Moody is banned
|rule|Evasion Abilities Clause: Evasion abilities are banned
|rule|Evasion Moves Clause: Evasion moves are banned
|rule|Endless Battle Clause: Forcing endless battles is banned
|rule|HP Percentage Mod: HP is shown in percentages
|teampreview
|
|start
|switch|p1a: Kangaskhan|Kangaskhan, F|352\/352
|switch|p1b: Politoed|Politoed, M|384\/384
|switch|p2a: Gyarados|Gyarados, M|332\/332
|switch|p2b: Ludicolo|Ludicolo, M|364\/364
|-ability|p2a: Gyarados|Intimidate|[of] p1a: Kangaskhan
|-unboost|p1a: Kangaskhan|atk|1
|-ability|p2a: Gyarados|Intimidate|[of] p1b: Politoed
|-unboost|p1b: Politoed|atk|1
|-weather|RainDance
|turn|1
|
|detailschange|p1a: Kangaskhan|Kangaskhan-Mega, F
|message|Kangaskhan has Mega Evolved into Mega Kangaskhan!
|move|p2a: Gyarados|Protect|p2a: Gyarados
|-singleturn|p2a: Gyarados|Protect
|move|p1a: Kangaskhan|Fake Out|p2a: Gyarados
|-activate|p2a: Gyarados|Protect
|move|p1b: Politoed|Focus Blast|p2b: Ludicolo
|-damage|p2b: Ludicolo|197\/364
|move|p2b: Ludicolo|Scald|p1a: Kangaskhan
|-damage|p1a: Kangaskhan|211\/352
|
|-weather|RainDance|[upkeep]
|-heal|p2b: Ludicolo|219\/364|[from] ability: Rain Dish
|-heal|p2b: Ludicolo|241\/364|[from] item: Leftovers
|turn|2
|
|switch|p2a: Politoed|Politoed, M|384\/384
|switch|p1b: Amoonguss|Amoonguss, F|432\/432
|move|p1a: Kangaskhan|Frustration|p2b: Ludicolo
|-damage|p2b: Ludicolo|115\/364
|-damage|p2b: Ludicolo|54\/364
|-hitcount|p2b: Ludicolo|2
|move|p2b: Ludicolo|Scald|p1a: Kangaskhan
|-damage|p1a: Kangaskhan|87\/352
|
|-weather|RainDance|[upkeep]
|-heal|p2b: Ludicolo|76\/364|[from] ability: Rain Dish
|-heal|p2b: Ludicolo|98\/364|[from] item: Leftovers
|turn|3
|
|move|p2a: Politoed|Protect|p2a: Politoed
|-singleturn|p2a: Politoed|Protect
|move|p1b: Amoonguss|Rage Powder|p1b: Amoonguss
|-start|p1b: Amoonguss|move: Rage Powder
|move|p1a: Kangaskhan|Frustration|p2b: Ludicolo
|-damage|p2b: Ludicolo|0 fnt
|-hitcount|p2b: Ludicolo|1
|faint|p2b: Ludicolo
|
|-weather|RainDance|[upkeep]
|
|switch|p2b: Gyarados|Gyarados, M|332\/332
|-ability|p2b: Gyarados|Intimidate|[of] p1a: Kangaskhan
|-unboost|p1a: Kangaskhan|atk|1
|-ability|p2b: Gyarados|Intimidate|[of] p1b: Amoonguss
|-unboost|p1b: Amoonguss|atk|1
|turn|4
|
|switch|p1a: Politoed|Politoed, M|384\/384
|move|p2b: Gyarados|Dragon Dance|p2b: Gyarados
|-boost|p2b: Gyarados|atk|1
|-boost|p2b: Gyarados|spe|1
|move|p2a: Politoed|Scald|p1a: Politoed
|-resisted|p1a: Politoed
|-damage|p1a: Politoed|320\/384
|move|p1b: Amoonguss|Spore|p2a: Politoed
|-status|p2a: Politoed|slp
|
|-weather|RainDance|[upkeep]
|turn|5
|
|switch|p2a: Manectric|Manectric, F|281\/281
|-item|p2a: Manectric|Air Balloon
|move|p2b: Gyarados|Protect|p2b: Gyarados
|-singleturn|p2b: Gyarados|Protect
|move|p1a: Politoed|Hydro Pump|p2b: Gyarados
|-activate|p2b: Gyarados|Protect
|move|p1b: Amoonguss|Spore|p2b: Gyarados
|-activate|p2b: Gyarados|Protect
|
|-weather|none
|turn|6
|
|detailschange|p2b: Gyarados|Gyarados-Mega, M
|message|Gyarados has Mega Evolved into Mega Gyarados!
|-ability|p2b: Gyarados|Mold Breaker
|move|p1b: Amoonguss|Rage Powder|p1b: Amoonguss
|-start|p1b: Amoonguss|move: Rage Powder
|move|p2b: Gyarados|Dragon Dance|p2b: Gyarados
|-boost|p2b: Gyarados|atk|1
|-boost|p2b: Gyarados|spe|1
|move|p2a: Manectric|Overheat|p1b: Amoonguss
|-supereffective|p1b: Amoonguss
|-damage|p1b: Amoonguss|186\/432
|-unboost|p2a: Manectric|spa|2
|-enditem|p1b: Amoonguss|Sitrus Berry|[eat]
|-heal|p1b: Amoonguss|294\/432|[from] item: Sitrus Berry
|move|p1a: Politoed|Hydro Pump|p2a: Manectric|[miss]
|-miss|p1a: Politoed|p2a: Manectric
|
|turn|7
|
|move|p2a: Manectric|Protect|p2a: Manectric
|-singleturn|p2a: Manectric|Protect
|move|p2b: Gyarados|Ice Fang|p1b: Amoonguss|[miss]
|-miss|p2b: Gyarados|p1b: Amoonguss
|move|p1a: Politoed|Hydro Pump|p2a: Manectric
|-activate|p2a: Manectric|Protect
|move|p1b: Amoonguss|Spore|p2b: Gyarados
|-status|p2b: Gyarados|slp
|
|turn|8
|c|âawsed|.___.
|
|switch|p2a: Gastrodon|Gastrodon, F|426\/426
|cant|p2b: Gyarados|slp
|move|p1a: Politoed|Hydro Pump|p2a: Gastrodon
|-boost|p2a: Gastrodon|spa|1|[from] ability: Storm Drain
|move|p1b: Amoonguss|Giga Drain|p2b: Gyarados
|-supereffective|p2b: Gyarados
|-damage|p2b: Gyarados|218\/332 slp
|-heal|p1b: Amoonguss|351\/432|[from] drain|[of] p2b: Gyarados
|
|turn|9
|
|cant|p2b: Gyarados|slp
|move|p1a: Politoed|Hydro Pump|p2b: Gyarados
|-boost|p2a: Gastrodon|spa|1|[from] ability: Storm Drain
|move|p2a: Gastrodon|Earth Power|p1b: Amoonguss
|-damage|p1b: Amoonguss|168\/432
|move|p1b: Amoonguss|Giga Drain|p2a: Gastrodon
|-supereffective|p2a: Gastrodon
|-enditem|p2a: Gastrodon|Rindo Berry|[eat]
|-damage|p2a: Gastrodon|252\/426
|-heal|p1b: Amoonguss|255\/432|[from] drain|[of] p2a: Gastrodon
|
|turn|10
|
|switch|p1a: Aegislash|Aegislash, M|324\/324
|-curestatus|p2b: Gyarados|slp
|move|p2b: Gyarados|Ice Fang|p1b: Amoonguss
|-supereffective|p1b: Amoonguss
|-damage|p1b: Amoonguss|0 fnt
|faint|p1b: Amoonguss
|move|p2a: Gastrodon|Earth Power|p1a: Aegislash
|-supereffective|p1a: Aegislash
|-damage|p1a: Aegislash|54\/324
|-enditem|p1a: Aegislash|Weakness Policy
|-boost|p1a: Aegislash|atk|2|[from] item: Weakness Policy
|-boost|p1a: Aegislash|spa|2|[from] item: Weakness Policy
|
|
|switch|p1b: Kangaskhan|Kangaskhan-Mega, F|87\/352
|turn|11
|
|move|p2b: Gyarados|Protect|p2b: Gyarados
|-singleturn|p2b: Gyarados|Protect
|move|p1b: Kangaskhan|Fake Out|p2a: Gastrodon
|-damage|p2a: Gastrodon|183\/426
|-damage|p2a: Gastrodon|150\/426
|-hitcount|p2a: Gastrodon|2
|-formechange|p1a: Aegislash|Aegislash-Blade
|move|p1a: Aegislash|Shadow Ball|p2a: Gastrodon
|-damage|p2a: Gastrodon|0 fnt
|faint|p2a: Gastrodon
|
|
|switch|p2a: Scizor|Scizor, M|344\/344
|turn|12
|
|switch|p1b: Politoed|Politoed, M|320\/384
|-weather|RainDance
|-formechange|p1a: Aegislash|Aegislash
|move|p1a: Aegislash|King's Shield|p1a: Aegislash
|-singleturn|p1a: Aegislash|Protect
|move|p2a: Scizor|Bullet Punch|p1b: Politoed
|-resisted|p1b: Politoed
|-damage|p1b: Politoed|219\/384
|-damage|p2a: Scizor|310\/344|[from] item: Life Orb
|move|p2b: Gyarados|Dragon Dance|p2b: Gyarados
|-boost|p2b: Gyarados|atk|1
|-boost|p2b: Gyarados|spe|1
|
|-weather|RainDance|[upkeep]
|turn|13
|
|move|p2b: Gyarados|Waterfall|p1a: Aegislash
|-damage|p1a: Aegislash|0 fnt
|faint|p1a: Aegislash
|move|p1b: Politoed|Focus Blast|false|[notarget]
|-notarget
|move|p2a: Scizor|Knock Off|p1b: Politoed
|-damage|p1b: Politoed|5\/384
|-enditem|p1b: Politoed|Choice Specs|[from] move: Knock Off|[of] p2a: Scizor
|-damage|p2a: Scizor|276\/344|[from] item: Life Orb
|
|-weather|RainDance|[upkeep]
|c|âsoTsoT|oml
|c|âsoTsoT|that Missclick
|c|âawsed|it's happened to me too
|c|âsoTsoT|i clicked on my Aegi instead of your Gyara
|
|switch|p1a: Kangaskhan|Kangaskhan-Mega, F|87\/352
|turn|14
|
|move|p2b: Gyarados|Protect|p2b: Gyarados
|-singleturn|p2b: Gyarados|Protect
|move|p1a: Kangaskhan|Fake Out|p2b: Gyarados
|-activate|p2b: Gyarados|Protect
|move|p2a: Scizor|Bullet Punch|p1a: Kangaskhan
|-damage|p1a: Kangaskhan|0 fnt
|-damage|p2a: Scizor|242\/344|[from] item: Life Orb
|faint|p1a: Kangaskhan
|move|p1b: Politoed|Hidden Power|p2b: Gyarados
|-activate|p2b: Gyarados|Protect
|
|-weather|RainDance|[upkeep]
|-message|soTsoT forfeited.
|
|win|awsed
|raw|Ladder updating...
|leave|soTsoT
|player|p1
|raw|soTsoT's rating: 1464 &rarr; <strong>1443<\/strong><br \/>(-21 for losing)
|raw|awsed's rating: 1443 &rarr; <strong>1464<\/strong><br \/>(+21 for winning)