|join|Dante & Vergil
|join|soTsoT
|player|p1|Dante & Vergil|153
|player|p2|soTsoT|213
|gametype|doubles
|gen|6
|tier|Smogon Doubles
|rated
|clearpoke
|poke|p1|Dusclops, F
|poke|p1|Mawile, M
|poke|p1|Marowak, M
|poke|p1|Hariyama, F
|poke|p1|Sylveon, M, shiny
|poke|p1|Porygon2
|poke|p2|Kangaskhan, F
|poke|p2|Amoonguss, F
|poke|p2|Aegislash, F
|poke|p2|Scizor, F
|poke|p2|Politoed, M
|poke|p2|Sylveon, F
|rule|Species Clause: Limit one of each PokÃ©mon
|rule|OHKO Clause: OHKO moves are banned
|rule|Moody Clause: Moody is banned
|rule|Evasion Abilities Clause: Evasion abilities are banned
|rule|Evasion Moves Clause: Evasion moves are banned
|rule|Endless Battle Clause: Forcing endless battles is banned
|rule|HP Percentage Mod: HP is shown in percentages
|teampreview
|
|start
|switch|p1a: Ciclope|Dusclops, F|271\/271
|switch|p1b: Persona|Hariyama, F|460\/460
|switch|p2a: Kangaskhan|Kangaskhan, F|352\/352
|switch|p2b: Politoed|Politoed, M|384\/384
|-weather|RainDance
|-ability|p1a: Ciclope|Pressure
|turn|1
|
|detailschange|p2a: Kangaskhan|Kangaskhan-Mega, F
|message|Kangaskhan has Mega Evolved into Mega Kangaskhan!
|move|p2a: Kangaskhan|Fake Out|p1b: Persona
|-damage|p1b: Persona|357\/460
|-damage|p1b: Persona|308\/460
|-hitcount|p1b: Persona|2
|cant|p1b: Persona|flinch
|move|p2b: Politoed|Hydro Pump|p1a: Ciclope
|-damage|p1a: Ciclope|94\/271
|move|p1a: Ciclope|Trick Room|p1a: Ciclope
|-fieldstart|move: Trick Room|[of] p1a: Ciclope
|
|-weather|RainDance|[upkeep]
|-status|p1b: Persona|brn|[from] item: Flame Orb
|turn|2
|join|dolores68
|
|switch|p2a: Aegislash|Aegislash, F|324\/324
|move|p1a: Ciclope|Will-O-Wisp|p2a: Aegislash
|-status|p2a: Aegislash|brn
|move|p1b: Persona|Close Combat|p2b: Politoed
|-damage|p2b: Politoed|0 fnt
|-unboost|p1b: Persona|def|1
|-unboost|p1b: Persona|spd|1
|faint|p2b: Politoed
|
|-weather|RainDance|[upkeep]
|-damage|p1b: Persona|251\/460 brn|[from] brn
|-damage|p2a: Aegislash|284\/324 brn|[from] brn
|
|switch|p2b: Kangaskhan|Kangaskhan-Mega, F|352\/352
|turn|3
|
|switch|p1b: Planta carnivora|Mawile, M|304\/304
|-ability|p1b: Planta carnivora|Intimidate|[of] p2a: Aegislash
|-unboost|p2a: Aegislash|atk|1
|-ability|p1b: Planta carnivora|Intimidate|[of] p2b: Kangaskhan
|-unboost|p2b: Kangaskhan|atk|1
|move|p2b: Kangaskhan|Fake Out|p1b: Planta carnivora
|-resisted|p1b: Planta carnivora
|-damage|p1b: Planta carnivora|274\/304
|-resisted|p1b: Planta carnivora
|-damage|p1b: Planta carnivora|259\/304
|-hitcount|p1b: Planta carnivora|2
|move|p1a: Ciclope|Will-O-Wisp|p2b: Kangaskhan
|-status|p2b: Kangaskhan|brn
|-formechange|p2a: Aegislash|Aegislash-Blade
|move|p2a: Aegislash|Shadow Ball|p1a: Ciclope
|-supereffective|p1a: Ciclope
|-damage|p1a: Ciclope|0 fnt
|faint|p1a: Ciclope
|
|-weather|RainDance|[upkeep]
|-damage|p2a: Aegislash|244\/324 brn|[from] brn
|-damage|p2b: Kangaskhan|308\/352 brn|[from] brn
|
|switch|p1a: Sylveon|Sylveon, M, shiny|394\/394
|turn|4
|
|detailschange|p1b: Planta carnivora|Mawile-Mega, M
|message|Mawile has Mega Evolved into Mega Mawile!
|move|p1b: Planta carnivora|Swords Dance|p1b: Planta carnivora
|-boost|p1b: Planta carnivora|atk|2
|move|p1a: Sylveon|Hyper Voice|p2b: Kangaskhan
|-resisted|p2a: Aegislash
|-damage|p2a: Aegislash|40\/324 brn
|-damage|p2b: Kangaskhan|88\/352 brn
|move|p2a: Aegislash|Flash Cannon|p1a: Sylveon
|-supereffective|p1a: Sylveon
|-damage|p1a: Sylveon|110\/394
|move|p2b: Kangaskhan|Power-Up Punch|p1b: Planta carnivora
|-damage|p1b: Planta carnivora|245\/304
|-boost|p2b: Kangaskhan|atk|1
|-damage|p1b: Planta carnivora|234\/304
|-boost|p2b: Kangaskhan|atk|1
|-hitcount|p1b: Planta carnivora|2
|
|-weather|RainDance|[upkeep]
|-damage|p2a: Aegislash|0 fnt|[from] brn
|-damage|p2b: Kangaskhan|44\/352 brn|[from] brn
|faint|p2a: Aegislash
|
|switch|p2a: Sylveon|Sylveon, F|394\/394
|turn|5
|
|move|p1b: Planta carnivora|Iron Head|p2a: Sylveon
|-crit|p2a: Sylveon
|-supereffective|p2a: Sylveon
|-damage|p2a: Sylveon|0 fnt
|faint|p2a: Sylveon
|move|p1a: Sylveon|Hyper Voice|p2b: Kangaskhan
|-damage|p2b: Kangaskhan|0 fnt
|faint|p2b: Kangaskhan
|
|-weather|none
|-fieldend|move: Trick Room
|
|switch|p2a: Scizor|Scizor, F|344\/344
|switch|p2b: Amoonguss|Amoonguss, F|432\/432
|turn|6
|leave|dolores68
|
|switch|p1a: TocaHuevos|Porygon2|374\/374
|-boost|p1a: TocaHuevos|spa|1|[from] ability: Download
|move|p2a: Scizor|Bullet Punch|p1a: TocaHuevos
|-damage|p1a: TocaHuevos|302\/374
|move|p1b: Planta carnivora|Sucker Punch|p2a: Scizor
|-fail|p2a: Scizor
|move|p2b: Amoonguss|Spore|p1b: Planta carnivora
|-status|p1b: Planta carnivora|slp
|
|turn|7
|
|switch|p1a: Sylveon|Sylveon, M, shiny|110\/394
|move|p2a: Scizor|Swords Dance|p2a: Scizor
|-boost|p2a: Scizor|atk|2
|cant|p1b: Planta carnivora|slp
|move|p2b: Amoonguss|Spore|p1a: Sylveon
|-status|p1a: Sylveon|slp
|
|turn|8
|
|move|p2a: Scizor|Bullet Punch|p1b: Planta carnivora
|-damage|p1b: Planta carnivora|53\/304 slp
|cant|p1a: Sylveon|slp
|cant|p1b: Planta carnivora|slp
|move|p2b: Amoonguss|Giga Drain|p1a: Sylveon
|-crit|p1a: Sylveon
|-damage|p1a: Sylveon|14\/394 slp
|
|turn|9
|
|move|p2a: Scizor|Bullet Punch|p1b: Planta carnivora
|-damage|p1b: Planta carnivora|0 fnt
|faint|p1b: Planta carnivora
|cant|p1a: Sylveon|slp
|move|p2b: Amoonguss|Giga Drain|p1a: Sylveon
|-damage|p1a: Sylveon|0 fnt
|faint|p1a: Sylveon
|
|
|switch|p1b: TocaHuevos|Porygon2|302\/374
|switch|p1a: Persona|Hariyama, F|251\/460 brn
|-boost|p1b: TocaHuevos|spa|1|[from] ability: Download
|turn|10
|
|move|p2a: Scizor|Protect|p2a: Scizor
|-singleturn|p2a: Scizor|Protect
|move|p1a: Persona|Fake Out|p2a: Scizor
|-activate|p2a: Scizor|Protect
|move|p2b: Amoonguss|Spore|p1b: TocaHuevos
|-status|p1b: TocaHuevos|slp
|cant|p1b: TocaHuevos|slp
|
|-damage|p1a: Persona|194\/460 brn|[from] brn
|turn|11
|
|move|p2a: Scizor|Bullet Punch|p1a: Persona
|-crit|p1a: Persona
|-damage|p1a: Persona|0 fnt
|faint|p1a: Persona
|move|p2b: Amoonguss|Giga Drain|p1b: TocaHuevos
|-damage|p1b: TocaHuevos|251\/374 slp
|cant|p1b: TocaHuevos|slp
|
|
|switch|p1a: Marowak|Marowak, M|324\/324
|turn|12
|
|move|p2a: Scizor|Bullet Punch|p1b: TocaHuevos
|-damage|p1b: TocaHuevos|110\/374 slp
|move|p2b: Amoonguss|Spore|p1a: Marowak
|-status|p1a: Marowak|slp
|cant|p1a: Marowak|slp
|-curestatus|p1b: TocaHuevos|slp
|move|p1b: TocaHuevos|Trick Room|p1b: TocaHuevos
|-fieldstart|move: Trick Room|[of] p1b: TocaHuevos
|
|turn|13
|
|move|p2a: Scizor|Bullet Punch|p1b: TocaHuevos
|-damage|p1b: TocaHuevos|0 fnt
|faint|p1b: TocaHuevos
|cant|p1a: Marowak|slp
|move|p2b: Amoonguss|Giga Drain|p1a: Marowak
|-crit|p1a: Marowak
|-supereffective|p1a: Marowak
|-damage|p1a: Marowak|66\/324 slp
|
|turn|14
|
|move|p2a: Scizor|Bullet Punch|p1a: Marowak
|-damage|p1a: Marowak|0 fnt
|faint|p1a: Marowak
|
|win|soTsoT
|raw|Ladder updating...
|raw|Dante &amp; Vergil's rating: 1448 &rarr; <strong>1428<\/strong><br \/>(-20 for losing)
|raw|soTsoT's rating: 1456 &rarr; <strong>1476<\/strong><br \/>(+20 for winning)
|leave|Dante & Vergil
|player|p1