|join|Tolstoy
|join|TheCanadianWifier
|player|p1|Tolstoy|184
|player|p2|TheCanadianWifier|57
|gametype|singles
|gen|6
|tier|UU
|rule|Sleep Clause Mod: Limit one foe put to sleep
|rule|Species Clause: Limit one of each PokÃ©mon
|rule|OHKO Clause: OHKO moves are banned
|rule|Moody Clause: Moody is banned
|rule|Evasion Moves Clause: Evasion moves are banned
|rule|Endless Battle Clause: Forcing endless battles is banned
|rule|HP Percentage Mod: HP is shown in percentages
|clearpoke
|poke|p1|Zygarde
|poke|p1|Roserade, M
|poke|p1|Darmanitan, M
|poke|p1|Gligar, M
|poke|p1|Blastoise, M
|poke|p1|Jirachi
|poke|p2|Starmie
|poke|p2|Roserade, F
|poke|p2|Absol, M, shiny
|poke|p2|Haxorus, M, shiny
|poke|p2|Hydreigon, F
|poke|p2|Infernape, M
|rule|Swagger Clause: Swagger is banned
|rule|Baton Pass Clause: Limit one PokÃ©mon knowing Baton Pass
|teampreview
|join|Thrillz
|
|start
|switch|p1a: not hax|Jirachi|341\/341
|switch|p2a: Lead Ape|Infernape, M|293\/293
|turn|1
|
|move|p1a: not hax|U-turn|p2a: Lead Ape
|-crit|p2a: Lead Ape
|-resisted|p2a: Lead Ape
|-damage|p2a: Lead Ape|261\/293
|
|switch|p1a: I wnt mega|Blastoise, M|322\/322
|move|p2a: Lead Ape|Flare Blitz|p1a: I wnt mega
|-resisted|p1a: I wnt mega
|-damage|p1a: I wnt mega|206\/322
|-damage|p2a: Lead Ape|223\/293|[from] recoil|[of] p1a: I wnt mega
|-damage|p2a: Lead Ape|194\/293|[from] item: Life Orb
|
|turn|2
|
|detailschange|p1a: I wnt mega|Blastoise-Mega, M
|message|Blastoise has Mega Evolved into Mega Blastoise!
|move|p2a: Lead Ape|Close Combat|p1a: I wnt mega
|-damage|p1a: I wnt mega|0 fnt
|-unboost|p2a: Lead Ape|def|1
|-unboost|p2a: Lead Ape|spd|1
|-damage|p2a: Lead Ape|165\/293|[from] item: Life Orb
|faint|p1a: I wnt mega
|
|
|switch|p1a: Lil Bub|Gligar, M|334\/334
|turn|3
|
|move|p2a: Lead Ape|Stealth Rock|p1a: Lil Bub
|-sidestart|p1: Tolstoy|move: Stealth Rock
|move|p1a: Lil Bub|Earthquake|p2a: Lead Ape
|-supereffective|p2a: Lead Ape
|-damage|p2a: Lead Ape|0 fnt
|faint|p2a: Lead Ape
|
|
|switch|p2a: Starmie|Starmie|261\/261
|turn|4
|
|switch|p1a: not hax|Jirachi|341\/341
|-damage|p1a: not hax|320\/341|[from] Stealth Rock
|move|p2a: Starmie|Hydro Pump|p1a: not hax
|-damage|p1a: not hax|42\/341
|-damage|p2a: Starmie|235\/261|[from] item: Life Orb
|
|turn|5
|join|Dudeman130498
|c|âTheCanadianWifier|OMG
|c|âTheCanadianWifier|dude mnan joined
|c|âTheCanadianWifier|while i was playing well
|c| Thrillz|DUDEMAN130498
|c|âTheCanadianWifier|wtf is this christman miracle
|c| Dudeman130498|o
|join|peaked 1087
|
|switch|p2a: Hydreigon|Hydreigon, F|325\/325
|move|p1a: not hax|U-turn|p2a: Hydreigon
|-supereffective|p2a: Hydreigon
|-damage|p2a: Hydreigon|181\/325
|join|iplaytennislol
|
|switch|p1a: Lil Bub|Gligar, M|334\/334
|-damage|p1a: Lil Bub|293\/334|[from] Stealth Rock
|
|turn|6
|
|move|p2a: Hydreigon|Draco Meteor|p1a: Lil Bub
|-damage|p1a: Lil Bub|67\/334
|-unboost|p2a: Hydreigon|spa|2
|-damage|p2a: Hydreigon|149\/325|[from] item: Life Orb
|move|p1a: Lil Bub|Roost|p1a: Lil Bub
|-heal|p1a: Lil Bub|234\/334
|
|turn|7
|
|move|p2a: Hydreigon|Roost|p2a: Hydreigon
|-heal|p2a: Hydreigon|312\/325
|move|p1a: Lil Bub|U-turn|p2a: Hydreigon
|-supereffective|p2a: Hydreigon
|-damage|p2a: Hydreigon|218\/325
|
|switch|p1a: I just want hands|Roserade, M|324\/324
|-damage|p1a: I just want hands|284\/324|[from] Stealth Rock
|
|-heal|p1a: I just want hands|304\/324|[from] item: Black Sludge
|turn|8
|
|move|p2a: Hydreigon|U-turn|p1a: I just want hands
|-damage|p1a: I just want hands|210\/324
|-damage|p2a: Hydreigon|186\/325|[from] item: Life Orb
|join|Colbrushie
|
|switch|p2a: Beautiful Bouquet|Roserade, F|263\/263
|move|p1a: I just want hands|Sludge Bomb|p2a: Beautiful Bouquet
|-damage|p2a: Beautiful Bouquet|142\/263
|
|-heal|p2a: Beautiful Bouquet|158\/263|[from] item: Black Sludge
|-heal|p1a: I just want hands|230\/324|[from] item: Black Sludge
|turn|9
|
|move|p2a: Beautiful Bouquet|Synthesis|p2a: Beautiful Bouquet
|-heal|p2a: Beautiful Bouquet|263\/263
|move|p1a: I just want hands|Sludge Bomb|p2a: Beautiful Bouquet
|-damage|p2a: Beautiful Bouquet|137\/263
|
|-heal|p2a: Beautiful Bouquet|153\/263|[from] item: Black Sludge
|-heal|p1a: I just want hands|250\/324|[from] item: Black Sludge
|turn|10
|
|move|p2a: Beautiful Bouquet|Spikes|p1a: I just want hands
|-sidestart|p1: Tolstoy|Spikes
|move|p1a: I just want hands|Sludge Bomb|p2a: Beautiful Bouquet
|-damage|p2a: Beautiful Bouquet|35\/263
|
|-heal|p2a: Beautiful Bouquet|51\/263|[from] item: Black Sludge
|-heal|p1a: I just want hands|270\/324|[from] item: Black Sludge
|turn|11
|c|âTheCanadianWifier|rip rachi
|c|âTolstoy|ripip
|c|âTheCanadianWifier|ded
|
|move|p2a: Beautiful Bouquet|Sludge Bomb|p1a: I just want hands
|-damage|p1a: I just want hands|165\/324
|move|p1a: I just want hands|Sludge Bomb|p2a: Beautiful Bouquet
|-damage|p2a: Beautiful Bouquet|0 fnt
|faint|p2a: Beautiful Bouquet
|
|-heal|p1a: I just want hands|185\/324|[from] item: Black Sludge
|join|Rocky Helmet Gatr
|c| Rocky Helmet Gatr|:
|c| Rocky Helmet Gatr|:]*
|join|BIG SCHLONG MCDONG
|leave|BIG SCHLONG MCDONG
|c| Rocky Helmet Gatr|my name still has the color of shit ;_;
|c| Rocky Helmet Gatr|i cri
|c|âTolstoy|ursah
|c|âTolstoy|yeah
|c|âTolstoy|yeah
|
|switch|p2a: Ben Jackson|Absol, M, shiny|271\/271
|turn|12
|
|switch|p1a: not hax|Jirachi|42\/341
|-damage|p1a: not hax|21\/341|[from] Stealth Rock
|-damage|p1a: not hax|0 fnt|[from] Spikes
|faint|p1a: not hax
|detailschange|p2a: Ben Jackson|Absol-Mega, M, shiny
|message|Absol has Mega Evolved into Mega Absol!
|move|p2a: Ben Jackson|Knock Off|p1: not hax|[notarget]
|-notarget
|
|
|switch|p1a: Lil Bub|Gligar, M|234\/334
|-damage|p1a: Lil Bub|193\/334|[from] Stealth Rock
|turn|13
|
|move|p2a: Ben Jackson|Swords Dance|p2a: Ben Jackson
|-boost|p2a: Ben Jackson|atk|2
|move|p1a: Lil Bub|Roost|p1a: Lil Bub
|-heal|p1a: Lil Bub|334\/334
|
|turn|14
|
|move|p2a: Ben Jackson|Knock Off|p1a: Lil Bub
|-damage|p1a: Lil Bub|97\/334
|-enditem|p1a: Lil Bub|Eviolite|[from] move: Knock Off|[of] p2a: Ben Jackson
|move|p1a: Lil Bub|Roost|p1a: Lil Bub
|-heal|p1a: Lil Bub|264\/334
|
|turn|15
|c| Dudeman130498|oof
|
|move|p2a: Ben Jackson|Knock Off|p1a: Lil Bub
|-damage|p1a: Lil Bub|26\/334
|move|p1a: Lil Bub|Earthquake|p2a: Ben Jackson
|-damage|p2a: Ben Jackson|120\/271
|
|turn|16
|c|âTolstoy|ripip
|
|move|p2a: Ben Jackson|Knock Off|p1a: Lil Bub
|-damage|p1a: Lil Bub|0 fnt
|faint|p1a: Lil Bub
|
|
|switch|p1a: "BALANCED"|Zygarde|404\/404
|-damage|p1a: "BALANCED"|379\/404|[from] Stealth Rock
|-damage|p1a: "BALANCED"|329\/404|[from] Spikes
|-ability|p1a: "BALANCED"|Aura Break
|turn|17
|c|âTheCanadianWifier|DUDEMAN LOOK
|c|âTheCanadianWifier|IM DOING IT
|c|âTolstoy|!!!!!!!!!
|c|âTheCanadianWifier|IM REALLY DOING IT
|c| Dudeman130498|n___N
|c|âTheCanadianWifier|rof
|c| Dudeman130498|are either of you carrying tspike
|
|move|p2a: Ben Jackson|Knock Off|p1a: "BALANCED"
|-damage|p1a: "BALANCED"|0 fnt
|-enditem|p1a: "BALANCED"|Leftovers|[from] move: Knock Off|[of] p2a: Ben Jackson
|faint|p1a: "BALANCED"
|
|c| Dudeman130498|holy shit
|
|switch|p1a: "RESIST"|Darmanitan, M|351\/351
|-damage|p1a: "RESIST"|308\/351|[from] Spikes
|-damage|p1a: "RESIST"|221\/351|[from] Stealth Rock
|turn|18
|c|âTheCanadianWifier|wait
|c| Dudeman130498|that was strong
|c|âTheCanadianWifier|isnt that supposed to be
|c|âTolstoy|that hurt!!
|c|âTheCanadianWifier|bulky\/
|c|âTolstoy|xD
|c| Dudeman130498|>121 base defense
|c|âTheCanadianWifier|xD
|c| Dudeman130498|xD
|join|Eyan
|c| Rocky Helmet Gatr|r
|c| Rocky Helmet Gatr|i
|c| Rocky Helmet Gatr|p
|
|move|p2a: Ben Jackson|Sucker Punch|p1a: "RESIST"
|-damage|p1a: "RESIST"|0 fnt
|faint|p1a: "RESIST"
|
|leave|Rocky Helmet Gatr
|
|switch|p1a: I just want hands|Roserade, M|185\/324
|-damage|p1a: I just want hands|145\/324|[from] Spikes
|-damage|p1a: I just want hands|105\/324|[from] Stealth Rock
|turn|19
|c| Dudeman130498|sd
|
|move|p2a: Ben Jackson|Baton Pass|p2a: Ben Jackson
|
|switch|p2a: Original Dual Danc|Haxorus, M, shiny|321\/321
|-ability|p2a: Original Dual Danc|Mold Breaker
|move|p1a: I just want hands|Sleep Powder|p2a: Original Dual Danc
|-status|p2a: Original Dual Danc|slp
|-enditem|p2a: Original Dual Danc|Lum Berry|[eat]
|-curestatus|p2a: Original Dual Danc|slp
|
|-heal|p1a: I just want hands|125\/324|[from] item: Black Sludge
|turn|20
|c| Dudeman130498|o
|
|move|p2a: Original Dual Danc|Dragon Claw|p1a: I just want hands
|-damage|p1a: I just want hands|0 fnt
|faint|p1a: I just want hands
|
|win|TheCanadianWifier
|c| Dudeman130498|YOU DID IT
|c| Dudeman130498|RIOT
|c|âTheCanadianWifier|!!!
|c| Dudeman130498|**RIOT**