|join|Tolstoy
|join|Giu-gio.99
|player|p1|Tolstoy|184
|player|p2|Giu-gio.99|3
|gametype|singles
|gen|6
|tier|UU
|rated
|rule|Sleep Clause Mod: Limit one foe put to sleep
|rule|Species Clause: Limit one of each PokÃ©mon
|rule|OHKO Clause: OHKO moves are banned
|rule|Moody Clause: Moody is banned
|rule|Evasion Moves Clause: Evasion moves are banned
|rule|Endless Battle Clause: Forcing endless battles is banned
|rule|HP Percentage Mod: HP is shown in percentages
|clearpoke
|poke|p1|Froslass, F
|poke|p1|Hippowdon, M
|poke|p1|Whimsicott, M
|poke|p1|Hydreigon, M
|poke|p1|Stoutland, F
|poke|p1|Aerodactyl, F
|poke|p2|Absol, F
|poke|p2|Blissey, F
|poke|p2|Forretress, F
|poke|p2|Sableye, M
|poke|p2|Amoonguss, F
|poke|p2|Swampert, M
|rule|Swagger Clause: Swagger is banned
|rule|Baton Pass Clause: Limit one PokÃ©mon knowing Baton Pass
|teampreview
|join|BenzMafia
|
|start
|switch|p1a: Whimsicott|Whimsicott, M|261\/261
|switch|p2a: Blissey|Blissey, F|652\/652
|turn|1
|
|move|p1a: Whimsicott|U-turn|p2a: Blissey
|-damage|p2a: Blissey|584\/652
|
|switch|p1a: Froslass|Froslass, F|281\/281
|move|p2a: Blissey|Seismic Toss|p1a: Froslass
|-immune|p1a: Froslass|[msg]
|
|-heal|p2a: Blissey|624\/652|[from] item: Leftovers
|turn|2
|join|Kushalos
|
|move|p1a: Froslass|Spikes|p2a: Blissey
|-sidestart|p2: Giu-gio.99|Spikes
|move|p2a: Blissey|Toxic|p1a: Froslass
|-status|p1a: Froslass|tox
|
|-heal|p2a: Blissey|652\/652|[from] item: Leftovers
|-damage|p1a: Froslass|264\/281 tox|[from] psn
|turn|3
|join|Bob the Bro
|join|BurstStream
|c| Bob the Bro|is that
|c| Bob the Bro|waiv's team
|c|âTolstoy|no
|c|âTolstoy|kush
|c|âTolstoy|sand
|c|âTolstoy|sandy kush
|c| Bob the Bro|o
|c|+Kushalos|its sand
|c|+Kushalos|im my vag
|c|âTolstoy|Giugio
|
|move|p1a: Froslass|Spikes|p2a: Blissey
|-sidestart|p2: Giu-gio.99|Spikes
|move|p2a: Blissey|Wish|p2a: Blissey
|
|-damage|p1a: Froslass|230\/281 tox|[from] psn
|turn|4
|c|âTolstoy|can you plz
|c|âTolstoy|play fast I'm sleepy
|c|+Kushalos|that i just removed
|c|âTolstoy|:'[
|c| Bob the Bro|rip time
|
|move|p1a: Froslass|Spikes|p2a: Blissey
|-sidestart|p2: Giu-gio.99|Spikes
|move|p2a: Blissey|Wish|p2a: Blissey
|-fail|p2a: Blissey
|
|-damage|p1a: Froslass|179\/281 tox|[from] psn
|turn|5
|
|switch|p1a: Stoutland|Stoutland, F|311\/311
|switch|p2a: Forretress|Forretress, F|354\/354
|-damage|p2a: Forretress|266\/354|[from] Spikes
|
|-heal|p2a: Forretress|288\/354|[from] item: Leftovers
|turn|6
|
|move|p1a: Stoutland|Fire Fang|p2a: Forretress
|-supereffective|p2a: Forretress
|-damage|p2a: Forretress|24\/354
|move|p2a: Forretress|Rapid Spin|p1a: Stoutland
|-damage|p1a: Stoutland|294\/311
|-sideend|p2: Giu-gio.99|Spikes|[from] move: Rapid Spin|[of] p2a: Forretress
|
|-heal|p2a: Forretress|46\/354|[from] item: Leftovers
|turn|7
|c| Bob the Bro|wtf weak
|
|switch|p1a: Froslass|Froslass, F|179\/281 tox
|switch|p2a: Sableye|Sableye, M|304\/304
|
|-damage|p1a: Froslass|162\/281 tox|[from] psn
|turn|8
|c|+Kushalos|u were supposed to
|c|+Kushalos|switch back
|c|+Kushalos|to froslass
|c|+Kushalos|lol
|c|âTolstoy|doge is supposed to not be bitch
|c|âTolstoy|:S
|c| BurstStream|Also DMT 
|c| BurstStream|can you teach me 
|c|âTolstoy|tyes
|c| BurstStream|how to do a Lucario
|c|âTolstoy|tyes
|c| BurstStream|as haxy as youirs?
|c|âTolstoy|tyes
|
|switch|p1a: Whimsicott|Whimsicott, M|261\/261
|move|p2a: Sableye|Knock Off|p1a: Whimsicott
|-resisted|p1a: Whimsicott
|-damage|p1a: Whimsicott|207\/261
|-enditem|p1a: Whimsicott|Choice Specs|[from] move: Knock Off|[of] p2a: Sableye
|
|turn|9
|c|âTolstoy|oh
|c|âTolstoy|oh lol
|
|move|p2a: Sableye|Protect|p2a: Sableye
|-singleturn|p2a: Sableye|Protect
|move|p1a: Whimsicott|Psychic|p2a: Sableye
|-immune|p2a: Sableye|[msg]
|
|turn|10
|
|switch|p2a: Blissey|Blissey, F|652\/652
|move|p1a: Whimsicott|Moonblast|p2a: Blissey
|-damage|p2a: Blissey|577\/652
|
|-heal|p2a: Blissey|617\/652|[from] item: Leftovers
|turn|11
|join|DGChuck
|c| DGChuck|omg
|c| DGChuck|dmt plz
|
|move|p1a: Whimsicott|U-turn|p2a: Blissey
|-damage|p2a: Blissey|545\/652
|c| DGChuck|btw u got unbanned
|
|switch|p1a: Aerodactyl|Aerodactyl, F|329\/329
|-ability|p1a: Aerodactyl|Pressure
|move|p2a: Blissey|Wish|p2a: Blissey
|
|-heal|p2a: Blissey|585\/652|[from] item: Leftovers
|turn|12
|
|switch|p2a: Forretress|Forretress, F|46\/354
|detailschange|p1a: Aerodactyl|Aerodactyl-Mega, F
|message|Aerodactyl has Mega Evolved into Mega Aerodactyl!
|move|p1a: Aerodactyl|Aerial Ace|p2a: Forretress
|-damage|p2a: Forretress|0 fnt
|faint|p2a: Forretress
|
|join|newfren
|c|+Kushalos|ah bop
|
|switch|p2a: Sableye|Sableye, M|304\/304
|turn|13
|c| newfren|dmt run a water mon on your sand team
|c|+Kushalos|n
|c|+Kushalos|i always
|c|+Kushalos|challenge myself
|c|+Kushalos|by trying not to run a water
|c|âTolstoy|!ds water type, rock type
|raw|<div class="infobox">Barbaracle, Binacle, Carracosta, Corsola, Kabuto, Kabutops, Omanyte, Omastar, Relicanth, Tirtouga<\/div>
|
|switch|p1a: Hydreigon|Hydreigon, M|325\/325
|move|p2a: Sableye|Will-O-Wisp|p1a: Hydreigon
|-status|p1a: Hydreigon|brn
|
|-damage|p1a: Hydreigon|285\/325 brn|[from] brn
|turn|14
|c|âTolstoy|ooo
|c| newfren|give roomvoice
|c| Bob the Bro|run the thing that evolves into sanddoge if real
|
|move|p2a: Sableye|Protect|p2a: Sableye
|-singleturn|p2a: Sableye|Protect
|move|p1a: Hydreigon|U-turn|p2a: Sableye
|-activate|p2a: Sableye|Protect
|
|-damage|p1a: Hydreigon|245\/325 brn|[from] brn
|turn|15
|c| newfren|herdier
|c| DGChuck|herdier?
|c|+Kushalos|!data herdier
|c|~|\/data-pokemon Herdier

|c| DGChuck|or lillipup
|c| newfren|dmtdmtdmtdmtdmt
|c| DGChuck|run lillipup
|
|move|p1a: Hydreigon|U-turn|p2a: Sableye
|-damage|p2a: Sableye|281\/304
|c| DGChuck|imo
|c|+Kushalos|i should run that
|
|switch|p1a: Whimsicott|Whimsicott, M|207\/261
|move|p2a: Sableye|Knock Off|p1a: Whimsicott
|-resisted|p1a: Whimsicott
|-damage|p1a: Whimsicott|171\/261
|
|-heal|p2a: Sableye|300\/304|[from] item: Leftovers
|turn|16
|c| newfren|give room voice
|c|+Kushalos|in  FU
|c|+Kushalos|:o
newfren was promoted to Room Voice by Tolstoy.
|c|+newfren|is stout pu?
|c| DGChuck|y
|
|switch|p2a: Blissey|Blissey, F|585\/652
|move|p1a: Whimsicott|U-turn|p2a: Blissey
|-damage|p2a: Blissey|512\/652
|c|+newfren|!ds water type, rock type, spikes
|raw|<div class="infobox">Omanyte, Omastar<\/div>
|
|switch|p1a: Froslass|Froslass, F|162\/281 tox
|
|-heal|p2a: Blissey|552\/652|[from] item: Leftovers
|-damage|p1a: Froslass|145\/281 tox|[from] psn
|turn|17
|c|+newfren|ez omastar to replace froslass
|join|So Dynamic
|
|switch|p2a: Absol|Absol, F|271\/271
|move|p1a: Froslass|Spikes|p2a: Absol
|-sidestart|p2: Giu-gio.99|Spikes
|
|-damage|p1a: Froslass|111\/281 tox|[from] psn
|turn|18
|c|+newfren|!ds water type, ground type, spikes
|raw|<div class="infobox">No PokÃ©mon found.<\/div>
|c| DGChuck|kek
|c| DGChuck|water\/steel?
|c|+newfren|!ds water type, steel type, spikes
|raw|<div class="infobox">No PokÃ©mon found.<\/div>
|
|detailschange|p2a: Absol|Absol-Mega, F
|message|Absol has Mega Evolved into Mega Absol!
|move|p1a: Froslass|Ice Beam|p2a: Absol
|-damage|p2a: Absol|99\/271
|move|p2a: Absol|Pursuit|p1a: Froslass
|-supereffective|p1a: Froslass
|-damage|p1a: Froslass|0 fnt
|faint|p1a: Froslass
|
|c|+newfren|has to be
|c|+newfren|omastar
|c| DGChuck|>pursuit
|
|switch|p1a: Whimsicott|Whimsicott, M|171\/261
|turn|19
|c| DGChuck|is that a thing?
|
|switch|p2a: Blissey|Blissey, F|552\/652
|-damage|p2a: Blissey|471\/652|[from] Spikes
|move|p1a: Whimsicott|U-turn|p2a: Blissey
|-damage|p2a: Blissey|405\/652
|
|switch|p1a: Aerodactyl|Aerodactyl-Mega, F|329\/329
|
|-heal|p2a: Blissey|445\/652|[from] item: Leftovers
|turn|20
|c|+newfren|it's generally a worse thing than iron tail or baton pass
|c|+newfren|but
|c|+newfren|I guess
|
|switch|p2a: Swampert|Swampert, M|404\/404
|-damage|p2a: Swampert|354\/404|[from] Spikes
|move|p1a: Aerodactyl|Taunt|p2a: Swampert
|-start|p2a: Swampert|move: Taunt
|
|-heal|p2a: Swampert|379\/404|[from] item: Leftovers
|turn|21
|c|+Kushalos|,
|join|Klobb
|
|switch|p1a: Hippowdon|Hippowdon, M|405\/405
|-weather|Sandstorm
|move|p2a: Swampert|Waterfall|p1a: Hippowdon
|-supereffective|p1a: Hippowdon
|-damage|p1a: Hippowdon|273\/405
|
|-weather|Sandstorm|[upkeep]
|-heal|p2a: Swampert|404\/404|[from] item: Leftovers
|turn|22
|c| DGChuck|bulk
|c|+Kushalos|countered
|
|switch|p2a: Amoonguss|Amoonguss, F|432\/432
|-damage|p2a: Amoonguss|378\/432|[from] Spikes
|move|p1a: Hippowdon|Slack Off|p1a: Hippowdon
|-heal|p1a: Hippowdon|405\/405
|
|-weather|Sandstorm|[upkeep]
|-damage|p2a: Amoonguss|351\/432|[from] sandstorm
|turn|23
|c| DGChuck|this regenerator
|
|move|p1a: Hippowdon|Stealth Rock|p2a: Amoonguss
|-sidestart|p2: Giu-gio.99|move: Stealth Rock
|move|p2a: Amoonguss|Sludge Bomb|p1a: Hippowdon
|-resisted|p1a: Hippowdon
|-damage|p1a: Hippowdon|348\/405
|
|-weather|Sandstorm|[upkeep]
|-damage|p2a: Amoonguss|324\/432|[from] sandstorm
|turn|24
|c| DGChuck|how much does fire fang do
|
|switch|p1a: Aerodactyl|Aerodactyl-Mega, F|329\/329
|move|p2a: Amoonguss|Energy Ball|p1a: Aerodactyl
|-crit|p1a: Aerodactyl
|-damage|p1a: Aerodactyl|239\/329
|-unboost|p1a: Aerodactyl|spd|1
|
|-weather|Sandstorm|[upkeep]
|-damage|p2a: Amoonguss|297\/432|[from] sandstorm
|turn|25
|c|+Kushalos|strong
|
|switch|p2a: Sableye|Sableye, M|300\/304
|-damage|p2a: Sableye|262\/304|[from] Spikes
|-damage|p2a: Sableye|224\/304|[from] Stealth Rock
|move|p1a: Aerodactyl|Aerial Ace|p2a: Sableye
|-damage|p2a: Sableye|94\/304
|
|-weather|Sandstorm|[upkeep]
|-damage|p2a: Sableye|75\/304|[from] sandstorm
|-heal|p2a: Sableye|94\/304|[from] item: Leftovers
|turn|26
|c|+newfren|was that
|c| DGChuck|predict miss will o
|
|switch|p1a: Whimsicott|Whimsicott, M|171\/261
|move|p2a: Sableye|Recover|p2a: Sableye
|-heal|p2a: Sableye|246\/304
|
|-weather|Sandstorm|[upkeep]
|-damage|p1a: Whimsicott|155\/261|[from] sandstorm
|-damage|p2a: Sableye|227\/304|[from] sandstorm
|-heal|p2a: Sableye|246\/304|[from] item: Leftovers
|turn|27
|c|+newfren|eball amoonguss
|c|+Kushalos|ya
|c|+Kushalos|lol
|
|move|p2a: Sableye|Protect|p2a: Sableye
|-singleturn|p2a: Sableye|Protect
|move|p1a: Whimsicott|U-turn|p2a: Sableye
|-activate|p2a: Sableye|Protect
|
|-weather|Sandstorm|[upkeep]
|-damage|p1a: Whimsicott|139\/261|[from] sandstorm
|-damage|p2a: Sableye|227\/304|[from] sandstorm
|-heal|p2a: Sableye|246\/304|[from] item: Leftovers
|turn|28
|c|+newfren|are we just letting that go
|c|+Kushalos|protect sableye
|c|+Kushalos|mfw
|c|+Kushalos|MFW
|
|switch|p2a: Amoonguss|Amoonguss, F|432\/432
|-damage|p2a: Amoonguss|378\/432|[from] Spikes
|-damage|p2a: Amoonguss|324\/432|[from] Stealth Rock
|move|p1a: Whimsicott|Moonblast|p2a: Amoonguss
|-resisted|p2a: Amoonguss
|-damage|p2a: Amoonguss|274\/432
|
|-weather|none
|turn|29
|c|+newfren|tfw outplaying dmt with it
|
|move|p1a: Whimsicott|U-turn|p2a: Amoonguss
|-damage|p2a: Amoonguss|241\/432
|
|switch|p1a: Hydreigon|Hydreigon, M|245\/325 brn
|move|p2a: Amoonguss|Sludge Bomb|p1a: Hydreigon
|-damage|p1a: Hydreigon|149\/325 brn
|
|-damage|p1a: Hydreigon|109\/325 brn|[from] brn
|turn|30
|c|+newfren|dmt are you running the pixie pl8
|c|+newfren|!dt pixie pl8
No Pokemon, item, move, ability or nature named 'pixie pl8' was found. Showing the data of 'Pixie Plate' instead.
|c|~|\/data-item Pixie Plate
|raw|<font size="1"><font color=#585858>Fling Base Power:<\/font> 90<\/font>
|c|+newfren|or maybe
|c|+newfren|!dt meadow pl8
No Pokemon, item, move, ability or nature named 'meadow pl8' was found. Showing the data of 'Meadow Plate' instead.
|c|~|\/data-item Meadow Plate
|raw|<font size="1"><font color=#585858>Fling Base Power:<\/font> 90<\/font>
|
|switch|p2a: Blissey|Blissey, F|445\/652
|-damage|p2a: Blissey|364\/652|[from] Stealth Rock
|-damage|p2a: Blissey|283\/652|[from] Spikes
|move|p1a: Hydreigon|U-turn|p2a: Blissey
|-damage|p2a: Blissey|232\/652
|
|switch|p1a: Hippowdon|Hippowdon, M|348\/405
|-weather|Sandstorm
|
|-weather|Sandstorm|[upkeep]
|-damage|p2a: Blissey|192\/652|[from] sandstorm
|-heal|p2a: Blissey|232\/652|[from] item: Leftovers
|turn|31
|
|move|p2a: Blissey|Wish|p2a: Blissey
|move|p1a: Hippowdon|Earthquake|p2a: Blissey
|-damage|p2a: Blissey|0 fnt
|faint|p2a: Blissey
|
|-weather|Sandstorm|[upkeep]
|c|+Kushalos|bop
|c|+Kushalos|go to absol
|c| DGChuck|bop
|join|4FS
|c|+Kushalos|tbh
|
|switch|p2a: Amoonguss|Amoonguss, F|385\/432
|-damage|p2a: Amoonguss|331\/432|[from] Stealth Rock
|-damage|p2a: Amoonguss|277\/432|[from] Spikes
|turn|32
|c|+Kushalos|just EQ it
|c|+Kushalos|or
|
|move|p1a: Hippowdon|Earthquake|p2a: Amoonguss
|-damage|p2a: Amoonguss|159\/432
|move|p2a: Amoonguss|Energy Ball|p1a: Hippowdon
|-supereffective|p1a: Hippowdon
|-damage|p1a: Hippowdon|124\/405
|
|-weather|Sandstorm|[upkeep]
|-damage|p2a: Amoonguss|132\/432|[from] sandstorm
|-heal|p2a: Amoonguss|432\/432|[from] move: Wish|[wisher] Blissey
|turn|33
|c|+Kushalos|slack off
|c|+Kushalos|w\/e
|c|+Kushalos|o
|c|+Kushalos|that does
|c|+Kushalos|more
|c|+newfren|just get bopped by eball
|c|+Kushalos|than i expected
|
|switch|p1a: Hydreigon|Hydreigon, M|109\/325 brn
|move|p2a: Amoonguss|Sludge Bomb|p1a: Hydreigon
|-damage|p1a: Hydreigon|10\/325 brn
|
|-weather|Sandstorm|[upkeep]
|-damage|p1a: Hydreigon|0 fnt|[from] sandstorm
|-damage|p2a: Amoonguss|405\/432|[from] sandstorm
|faint|p1a: Hydreigon
|
|switch|p1a: Aerodactyl|Aerodactyl-Mega, F|239\/329
|turn|34
|
|switch|p2a: Swampert|Swampert, M|404\/404
|-damage|p2a: Swampert|379\/404|[from] Stealth Rock
|-damage|p2a: Swampert|329\/404|[from] Spikes
|move|p1a: Aerodactyl|Aerial Ace|p2a: Swampert
|-damage|p2a: Swampert|215\/404
|
|-weather|Sandstorm|[upkeep]
|-heal|p2a: Swampert|240\/404|[from] item: Leftovers
|turn|35
|c|+newfren|aqua tail here
|c|+Kushalos|hydreigon wouldve been more useful than hippo i think
|
|switch|p1a: Whimsicott|Whimsicott, M|139\/261
|move|p2a: Swampert|Stealth Rock|p1a: Whimsicott
|-sidestart|p1: Tolstoy|move: Stealth Rock
|
|-weather|Sandstorm|[upkeep]
|-damage|p1a: Whimsicott|123\/261|[from] sandstorm
|-heal|p2a: Swampert|265\/404|[from] item: Leftovers
|turn|36
|
|move|p2a: Swampert|Protect|p2a: Swampert
|-singleturn|p2a: Swampert|Protect
|move|p1a: Whimsicott|Psychic|p2a: Swampert
|-activate|p2a: Swampert|Protect
|
|-weather|Sandstorm|[upkeep]
|-damage|p1a: Whimsicott|107\/261|[from] sandstorm
|-heal|p2a: Swampert|290\/404|[from] item: Leftovers
|turn|37
|join|waiv
|c|+newfren|dmt making the big boy plays
|c|+newfren|unfortunately for him
|
|switch|p2a: Absol|Absol-Mega, F|99\/271
|-damage|p2a: Absol|66\/271|[from] Spikes
|-damage|p2a: Absol|33\/271|[from] Stealth Rock
|move|p1a: Whimsicott|Giga Drain|p2a: Absol
|-damage|p2a: Absol|0 fnt
|-heal|p1a: Whimsicott|124\/261|[from] drain|[of] p2a: Absol
|faint|p2a: Absol
|
|-weather|none
|c|+newfren|his opponent is running protect on every mon
|c| Bob the Bro|for real?
|c| waiv|sanddoge is love
|
|switch|p2a: Amoonguss|Amoonguss, F|432\/432
|-damage|p2a: Amoonguss|378\/432|[from] Stealth Rock
|-damage|p2a: Amoonguss|324\/432|[from] Spikes
|turn|38
|c| waiv|sand doge is lifeeee
|
|switch|p1a: Aerodactyl|Aerodactyl-Mega, F|239\/329
|-damage|p1a: Aerodactyl|157\/329|[from] Stealth Rock
|move|p2a: Amoonguss|Sludge Bomb|p1a: Aerodactyl
|-resisted|p1a: Aerodactyl
|-damage|p1a: Aerodactyl|107\/329
|
|turn|39
|c|+newfren|it's definitely on sableye and pert bob
|
|switch|p2a: Sableye|Sableye, M|246\/304
|-damage|p2a: Sableye|208\/304|[from] Spikes
|-damage|p2a: Sableye|170\/304|[from] Stealth Rock
|move|p1a: Aerodactyl|Aerial Ace|p2a: Sableye
|-damage|p2a: Sableye|46\/304
|
|-heal|p2a: Sableye|65\/304|[from] item: Leftovers
|turn|40
|c|+Kushalos|this needs
|c|+Kushalos|to die
|c|+Kushalos|thats all you need
|
|move|p2a: Sableye|Protect|p2a: Sableye
|-singleturn|p2a: Sableye|Protect
|move|p1a: Aerodactyl|Taunt|p2a: Sableye
|-activate|p2a: Sableye|Protect
|
|-heal|p2a: Sableye|84\/304|[from] item: Leftovers
|turn|41
|c|+newfren|dmt needs a better sableye check
|c| Bob the Bro|honeclaws where
|
|move|p2a: Sableye|Recover|p2a: Sableye
|-heal|p2a: Sableye|236\/304
|move|p1a: Aerodactyl|Taunt|p2a: Sableye
|-start|p2a: Sableye|move: Taunt
|
|-heal|p2a: Sableye|255\/304|[from] item: Leftovers
|turn|42
|c|+Kushalos|ah
|c|+Kushalos|nbnbnb
|
|switch|p2a: Swampert|Swampert, M|290\/404
|-damage|p2a: Swampert|265\/404|[from] Stealth Rock
|-damage|p2a: Swampert|215\/404|[from] Spikes
|move|p1a: Aerodactyl|Aerial Ace|p2a: Swampert
|-damage|p2a: Swampert|94\/404
|
|-heal|p2a: Swampert|119\/404|[from] item: Leftovers
|turn|43
|c|+Kushalos|all this protect shit
|
|move|p2a: Swampert|Protect|p2a: Swampert
|-singleturn|p2a: Swampert|Protect
|move|p1a: Aerodactyl|Aerial Ace|p2a: Swampert
|-activate|p2a: Swampert|Protect
|
|-heal|p2a: Swampert|144\/404|[from] item: Leftovers
|turn|44
|c|+Kushalos|is so fuken gay
|c| Bob the Bro|this guy
|c|âTolstoy|do i
|c|âTolstoy|save this
|c| Bob the Bro|is a cunt
|c|+newfren|he's roosting
|c|+Kushalos|uhhhhh
|c|+newfren|eq
|
|move|p1a: Aerodactyl|Aerial Ace|p2a: Swampert
|-damage|p2a: Swampert|36\/404
|move|p2a: Swampert|Waterfall|p1a: Aerodactyl
|-supereffective|p1a: Aerodactyl
|-damage|p1a: Aerodactyl|0 fnt
|faint|p1a: Aerodactyl
|
|-heal|p2a: Swampert|61\/404|[from] item: Leftovers
|c|âTolstoy|not saving
|c|âTolstoy|confirmed
|c|+newfren|I tried dmt
|
|switch|p1a: Whimsicott|Whimsicott, M|124\/261
|-damage|p1a: Whimsicott|92\/261|[from] Stealth Rock
|turn|45
|
|move|p2a: Swampert|Protect|p2a: Swampert
|-singleturn|p2a: Swampert|Protect
|move|p1a: Whimsicott|Giga Drain|p2a: Swampert
|-activate|p2a: Swampert|Protect
|
|-heal|p2a: Swampert|86\/404|[from] item: Leftovers
|turn|46
|c| DGChuck|[19:25] Road to the best: Zam sucks[19:25] Road to the best: Zam sucks[19:25] Road to the best: Zam sucks
|
|switch|p2a: Amoonguss|Amoonguss, F|432\/432
|-damage|p2a: Amoonguss|378\/432|[from] Stealth Rock
|-damage|p2a: Amoonguss|324\/432|[from] Spikes
|move|p1a: Whimsicott|Giga Drain|p2a: Amoonguss
|-resisted|p2a: Amoonguss
|-damage|p2a: Amoonguss|307\/432
|-heal|p1a: Whimsicott|101\/261|[from] drain|[of] p2a: Amoonguss
|
|turn|47
|c| DGChuck|[19:25] Road to the best: Zam sucks
|c|+Kushalos|did you psychic
|c|+Kushalos|rip
|c|âTolstoy|i fdif
|c|âTolstoy|canciewld
|c|+newfren|fdif
|
|move|p1a: Whimsicott|U-turn|p2a: Amoonguss
|-damage|p2a: Amoonguss|277\/432
|c|+Kushalos|cancel
|
|switch|p1a: Hippowdon|Hippowdon, M|124\/405
|-damage|p1a: Hippowdon|99\/405|[from] Stealth Rock
|-weather|Sandstorm
|move|p2a: Amoonguss|Sludge Bomb|p1a: Hippowdon
|-resisted|p1a: Hippowdon
|-damage|p1a: Hippowdon|45\/405
|
|-weather|Sandstorm|[upkeep]
|-damage|p2a: Amoonguss|250\/432|[from] sandstorm
|turn|48
|c|+Kushalos|is cancer
|c|+newfren|dmt r u going to lose
|c|+Kushalos|CRIT
|
|move|p1a: Hippowdon|Earthquake|p2a: Amoonguss
|-damage|p2a: Amoonguss|132\/432
|move|p2a: Amoonguss|Energy Ball|p1a: Hippowdon
|-supereffective|p1a: Hippowdon
|-damage|p1a: Hippowdon|0 fnt
|faint|p1a: Hippowdon
|
|-weather|Sandstorm|[upkeep]
|-damage|p2a: Amoonguss|105\/432|[from] sandstorm
|
|switch|p1a: Whimsicott|Whimsicott, M|101\/261
|-damage|p1a: Whimsicott|69\/261|[from] Stealth Rock
|turn|49
|
|switch|p2a: Sableye|Sableye, M|255\/304
|-damage|p2a: Sableye|217\/304|[from] Spikes
|-damage|p2a: Sableye|179\/304|[from] Stealth Rock
|move|p1a: Whimsicott|Psychic|p2a: Sableye
|-immune|p2a: Sableye|[msg]
|
|-weather|Sandstorm|[upkeep]
|-damage|p1a: Whimsicott|53\/261|[from] sandstorm
|-damage|p2a: Sableye|160\/304|[from] sandstorm
|-heal|p2a: Sableye|179\/304|[from] item: Leftovers
|turn|50
|c|+newfren|you know sand doge can break mid game
|join|Buuskeri
|c|+newfren|as well as sweeping late game
|c|+Kushalos|pls die sableye
|
|move|p2a: Sableye|Protect|p2a: Sableye
|-singleturn|p2a: Sableye|Protect
|move|p1a: Whimsicott|Moonblast|p2a: Sableye
|-activate|p2a: Sableye|Protect
|
|-weather|Sandstorm|[upkeep]
|-damage|p1a: Whimsicott|37\/261|[from] sandstorm
|-damage|p2a: Sableye|160\/304|[from] sandstorm
|-heal|p2a: Sableye|179\/304|[from] item: Leftovers
|turn|51
|c|+newfren|ez stall out sand turns
|c|+Kushalos|you're a mean guy
|c|+Kushalos|:{
|
|switch|p2a: Swampert|Swampert, M|86\/404
|-damage|p2a: Swampert|61\/404|[from] Stealth Rock
|-damage|p2a: Swampert|11\/404|[from] Spikes
|move|p1a: Whimsicott|Psychic|p2a: Swampert
|-damage|p2a: Swampert|0 fnt
|faint|p2a: Swampert
|
|-weather|Sandstorm|[upkeep]
|-damage|p1a: Whimsicott|21\/261|[from] sandstorm
|
|switch|p2a: Amoonguss|Amoonguss, F|249\/432
|-damage|p2a: Amoonguss|195\/432|[from] Stealth Rock
|-damage|p2a: Amoonguss|141\/432|[from] Spikes
|turn|52
|leave|Giu-gio.99
|player|p2
|c|+newfren|ez
|c| DGChuck|kek
|c| Bob the Bro|rip
|c|+Kushalos|:o
|c| waiv|nb
|c|âTolstoy|-ig
|c|âTolstoy|jpzd
|leave|Buuskeri
|c|âTolstoy|zidj
|c|âTolstoy|gij
|c|âTolstoy|aegi
|c|âTolstoy|jpgr
|c|âTolstoy|osagro
|c|+newfren|that's how you win
|leave|waiv
|c|âTolstoy|aerg
|c| DGChuck|[19:25] Road to the best: Zam sucks
|c|âTolstoy|r
|c|âTolstoy|rpdjo
|c|âTolstoy|praijo
|c|âTolstoy|aaprji
|c|âTolstoy|g
|c|+newfren|[[]]
|c|+newfren|[[]]
|c|+newfren|[[]]
|c| DGChuck|why do quotes not work
|c|+newfren|try .[[quote]]
|c|+newfren|or w\/e
|c| DGChuck|.quote
|c| DGChuck|[19:25] Road to the best: Zam sucks
|c|+newfren|I dunno what you mean by a quote
|c|âTolstoy|unmute
|c| DGChuck|like as in [15:43] Name: Blah
|-message|giugio99 lost due to inactivity.
|
|win|Tolstoy
|raw|Ladder updating...
|raw|Tolstoy's rating: 1650 &rarr; <strong>1658<\/strong><br \/>(+8 for winning)
|raw|Giu-gio.99's rating: 1413 &rarr; <strong>1405<\/strong><br \/>(-8 for losing)
|c|+newfren|you just copy paste
|leave|So Dynamic
|c|+newfren|why wouldn't that work
|leave|Bob the Bro
|leave|newfren
|leave|Tolstoy
|player|p1
|leave|Klobb
|leave|BenzMafia
|leave|Kushalos
|leave|DGChuck
|leave|4FS
|join|Klobb