|join|Bob the Bro
|join|tolstoy
|player|p1|Bob the Bro|23
|player|p2|tolstoy|184
|gametype|singles
|gen|6
|tier|UU
|rated
|rule|Sleep Clause Mod: Limit one foe put to sleep
|rule|Species Clause: Limit one of each PokÃ©mon
|rule|OHKO Clause: OHKO moves are banned
|rule|Moody Clause: Moody is banned
|rule|Evasion Moves Clause: Evasion moves are banned
|rule|Endless Battle Clause: Forcing endless battles is banned
|rule|HP Percentage Mod: HP is shown in percentages
|clearpoke
|poke|p1|Zygarde
|poke|p1|Jellicent, M
|poke|p1|Blissey, F
|poke|p1|Aromatisse, M
|poke|p1|Aggron, F
|poke|p1|Forretress, M
|poke|p2|Zygarde
|poke|p2|Roserade, F
|poke|p2|Darmanitan, F
|poke|p2|Gligar, F
|poke|p2|Blastoise, M
|poke|p2|Jirachi
|rule|Swagger Clause: Swagger is banned
|rule|Baton Pass Clause: Limit one PokÃ©mon knowing Baton Pass
|teampreview
|c|âtolstoy|welp
|c|âBob the Bro|rip
|join|Colbrushie
|c|âtolstoy|rest in peace in pepperoni
|c| Colbrushie|where's your
|c| Colbrushie|cm reuniclus
|c| Colbrushie|and subsplit chandy
|c|âtolstoy|I didn't just CT him
|c|âtolstoy|this is actual team
|c| Colbrushie|:[
|
|start
|switch|p1a: Aggron|Aggron, F|344\/344
|switch|p2a: not hax|Jirachi|341\/341
|turn|1
|c| Colbrushie|that was actual team too
|c|âtolstoy|o
|c| Colbrushie|i even took sheddy off because i didn't have support for it
|
|detailschange|p1a: Aggron|Aggron-Mega, F
|message|Aggron has Mega Evolved into Mega Aggron!
|move|p2a: not hax|U-turn|p1a: Aggron
|-resisted|p1a: Aggron
|-damage|p1a: Aggron|327\/344
|join|Eyan
|c| Colbrushie|it was full on cteam originally though
|leave|Eyan
|c| Colbrushie|but cm reuniclus literally 6-0s him
|c| Colbrushie|:s
|
|switch|p2a: Lil Bub|Gligar, F|334\/334
|move|p1a: Aggron|Stealth Rock|p2a: Lil Bub
|-sidestart|p2: tolstoy|move: Stealth Rock
|
|turn|2
|
|move|p2a: Lil Bub|Stealth Rock|p1a: Aggron
|-sidestart|p1: Bob the Bro|move: Stealth Rock
|move|p1a: Aggron|Heavy Slam|p2a: Lil Bub
|-damage|p2a: Lil Bub|222\/334
|
|turn|3
|join|Eyan
|leave|Eyan
|
|move|p2a: Lil Bub|Roost|p2a: Lil Bub
|-heal|p2a: Lil Bub|334\/334
|move|p1a: Aggron|Heavy Slam|p2a: Lil Bub
|-damage|p2a: Lil Bub|220\/334
|
|turn|4
|c|âtolstoy|!dt heavy slam
|c|~|\/data-move Heavy Slam
|raw|<font size="1"><font color=#585858>Priority:<\/font> 0&nbsp;|&ThickSpace;<font color=#585858><font color=black>&#10003; Contact<\/font><\/font>&nbsp;|&ThickSpace;<font color=#585858>Target:<\/font> Adjacent Pokemon<\/font>
|c|âtolstoy|!dt roost
|c|~|\/data-move Roost
|raw|<font size="1"><font color=#585858>Priority:<\/font> 0&nbsp;|&ThickSpace;<font color=#585858>Target:<\/font> Self<\/font>
|
|move|p2a: Lil Bub|Earthquake|p1a: Aggron
|-crit|p1a: Aggron
|-supereffective|p1a: Aggron
|-damage|p1a: Aggron|233\/344
|move|p1a: Aggron|Heavy Slam|p2a: Lil Bub
|-damage|p2a: Lil Bub|112\/334
|
|turn|5
|
|switch|p1a: Impaler|Zygarde|409\/409
|-damage|p1a: Impaler|384\/409|[from] Stealth Rock
|-ability|p1a: Impaler|Aura Break
|move|p2a: Lil Bub|Roost|p2a: Lil Bub
|-heal|p2a: Lil Bub|279\/334
|
|-heal|p1a: Impaler|409\/409|[from] item: Leftovers
|turn|6
|
|move|p1a: Impaler|Earthquake|p2a: Lil Bub
|-immune|p2a: Lil Bub|[msg]
|move|p2a: Lil Bub|U-turn|p1a: Impaler
|-damage|p1a: Impaler|372\/409
|
|switch|p2a: I wnt mega|Blastoise, M|322\/322
|-damage|p2a: I wnt mega|282\/322|[from] Stealth Rock
|
|-heal|p1a: Impaler|397\/409|[from] item: Leftovers
|turn|7
|
|detailschange|p2a: I wnt mega|Blastoise-Mega, M
|message|Blastoise has Mega Evolved into Mega Blastoise!
|move|p1a: Impaler|Substitute|p1a: Impaler
|-start|p1a: Impaler|Substitute
|-damage|p1a: Impaler|295\/409
|move|p2a: I wnt mega|Rapid Spin|p1a: Impaler
|-activate|p1a: Impaler|Substitute|[damage]
|-sideend|p2: tolstoy|Stealth Rock|[from] move: Rapid Spin|[of] p2a: I wnt mega
|
|-heal|p1a: Impaler|320\/409|[from] item: Leftovers
|turn|8
|c|âtolstoy|anything but roserade plz
|
|move|p2a: I wnt mega|Ice Beam|p1a: Impaler
|-supereffective|p1a: Impaler
|-end|p1a: Impaler|Substitute
|move|p1a: Impaler|Dragon Tail|p2a: I wnt mega
|-damage|p2a: I wnt mega|222\/322
|drag|p2a: "BALANCED"|Zygarde|404\/404
|-ability|p2a: "BALANCED"|Aura Break
|
|-heal|p1a: Impaler|345\/409|[from] item: Leftovers
|turn|9
|c| Colbrushie|heyo
|c|âtolstoy|hi
|
|switch|p1a: Cradle|Aromatisse, M|406\/406
|-damage|p1a: Cradle|356\/406|[from] Stealth Rock
|move|p2a: "BALANCED"|Dragon Tail|p1a: Cradle
|-immune|p1a: Cradle|[msg]
|
|-heal|p1a: Cradle|381\/406|[from] item: Leftovers
|turn|10
|
|switch|p2a: "RESIST"|Darmanitan, F|351\/351
|move|p1a: Cradle|Wish|p1a: Cradle
|
|-heal|p1a: Cradle|406\/406|[from] item: Leftovers
|turn|11
|join|godfried
|
|switch|p1a: Impaler|Zygarde|345\/409
|-damage|p1a: Impaler|320\/409|[from] Stealth Rock
|-ability|p1a: Impaler|Aura Break
|move|p2a: "RESIST"|U-turn|p1a: Impaler
|-damage|p1a: Impaler|208\/409
|join|newfren
|leave|godfried
|c| newfren|o hey
|
|switch|p2a: I wnt mega|Blastoise-Mega, M|222\/322
|
|-heal|p1a: Impaler|409\/409|[from] move: Wish|[wisher] Cradle
|turn|12
|c|âtolstoy|ya
|c| newfren|it's bob
|
|switch|p1a: Sham|Blissey, F|714\/714
|-damage|p1a: Sham|625\/714|[from] Stealth Rock
|move|p2a: I wnt mega|Ice Beam|p1a: Sham
|-damage|p1a: Sham|530\/714
|
|-heal|p1a: Sham|574\/714|[from] item: Leftovers
|turn|13
|c|âtolstoy|fre
|c|âtolstoy|eze
|
|switch|p2a: I just want hands|Roserade, F|324\/324
|switch|p1a: Cradle|Aromatisse, M|406\/406
|-damage|p1a: Cradle|356\/406|[from] Stealth Rock
|
|-heal|p1a: Cradle|381\/406|[from] item: Leftovers
|turn|14
|
|switch|p2a: "RESIST"|Darmanitan, F|351\/351
|switch|p1a: Fabled Tortoise|Forretress, M|354\/354
|-damage|p1a: Fabled Tortoise|310\/354|[from] Stealth Rock
|
|-heal|p1a: Fabled Tortoise|332\/354|[from] item: Leftovers
|turn|15
|
|switch|p1a: Impaler|Zygarde|409\/409
|-damage|p1a: Impaler|384\/409|[from] Stealth Rock
|-ability|p1a: Impaler|Aura Break
|move|p2a: "RESIST"|Flare Blitz|p1a: Impaler
|-resisted|p1a: Impaler
|-damage|p1a: Impaler|197\/409
|-damage|p2a: "RESIST"|289\/351|[from] recoil|[of] p1a: Impaler
|
|-heal|p1a: Impaler|222\/409|[from] item: Leftovers
|turn|16
|c|âtolstoy|please
|c|âtolstoy|no
|c|âtolstoy|ok
|
|switch|p2a: "BALANCED"|Zygarde|404\/404
|-ability|p2a: "BALANCED"|Aura Break
|move|p1a: Impaler|Earthquake|p2a: "BALANCED"
|-damage|p2a: "BALANCED"|302\/404
|
|-heal|p2a: "BALANCED"|327\/404|[from] item: Leftovers
|-heal|p1a: Impaler|247\/409|[from] item: Leftovers
|turn|17
|c| newfren|who is
|c| newfren|max speed
|c| newfren|???
|c|âtolstoy|I am
|c|âtolstoy|faster
|c| newfren|bob changed spread
|c| newfren|I guarrantee
|c|âBob the Bro|i didnt
|c|âtolstoy|no he didnt lol
|
|move|p2a: "BALANCED"|Earthquake|p1a: Impaler
|-damage|p1a: Impaler|147\/409
|move|p1a: Impaler|Dragon Tail|p2a: "BALANCED"
|-supereffective|p2a: "BALANCED"
|-damage|p2a: "BALANCED"|199\/404
|drag|p2a: "RESIST"|Darmanitan, F|289\/351
|
|-heal|p1a: Impaler|172\/409|[from] item: Leftovers
|turn|18
|c|âtolstoy|welp
|c| newfren|where resists
|
|switch|p1a: Bee|Jellicent, M|404\/404
|-damage|p1a: Bee|354\/404|[from] Stealth Rock
|move|p2a: "RESIST"|Flare Blitz|p1a: Bee
|-resisted|p1a: Bee
|-damage|p1a: Bee|102\/404
|-damage|p2a: "RESIST"|206\/351|[from] recoil|[of] p1a: Bee
|
|-heal|p1a: Bee|127\/404|[from] item: Leftovers
|turn|19
|c| Colbrushie|"resist"
|c| newfren|that's not
|c| newfren|a resist
|
|move|p2a: "RESIST"|Flare Blitz|p1a: Bee
|-resisted|p1a: Bee
|-damage|p1a: Bee|0 fnt
|-damage|p2a: "RESIST"|164\/351|[from] recoil|[of] p1a: Bee
|faint|p1a: Bee
|
|c| newfren|do you have a resist
|
|switch|p1a: Sham|Blissey, F|574\/714
|-damage|p1a: Sham|485\/714|[from] Stealth Rock
|turn|20
|c| newfren|does this live
|c| newfren|I feel like
|c| newfren|no
|c|âtolstoy|no but
|c|âtolstoy|neither does darm
|c| newfren|is that worthwhile
|c| newfren|for you
|c| newfren|dmt
|c|âtolstoy|this is zyg setup though
|c| Colbrushie|you live with 2%
|c| Colbrushie|imo
|c| newfren|how many hp do you have left dmt
|c| Colbrushie|actually
|c|âtolstoy|32894
|c| Colbrushie|p not
|c| Colbrushie|maybe if you bleve hard enough
|
|move|p2a: "RESIST"|Flare Blitz|p1a: Sham
|-damage|p1a: Sham|0 fnt
|-damage|p2a: "RESIST"|4\/351|[from] recoil|[of] p1a: Sham
|faint|p1a: Sham
|
|c|âtolstoy|holy fuck
|join|Kushalos
|c| newfren|Colbrushie: you live with 2%
|c|âtolstoy|I didn't calc that either
|c| newfren|what the actual fuck
|c|âtolstoy|1.1%
|c|âtolstoy|is what it says
|c|âtolstoy|4hp
|c| newfren|ahahahaha
|c| newfren|time to healing wish
|
|switch|p1a: Cradle|Aromatisse, M|381\/406
|-damage|p1a: Cradle|331\/406|[from] Stealth Rock
|turn|21
|c| newfren|and go again
|
|move|p1a: Cradle|Protect|p1a: Cradle
|-singleturn|p1a: Cradle|Protect
|move|p2a: "RESIST"|Flare Blitz|p1a: Cradle
|-activate|p1a: Cradle|Protect
|
|-heal|p1a: Cradle|356\/406|[from] item: Leftovers
|turn|22
|
|switch|p2a: I wnt mega|Blastoise-Mega, M|222\/322
|move|p1a: Cradle|Wish|p1a: Cradle
|
|-heal|p1a: Cradle|381\/406|[from] item: Leftovers
|turn|23
|c|âtolstoy|oh
|c|âtolstoy|welp
|
|move|p2a: I wnt mega|Scald|p1a: Cradle
|-damage|p1a: Cradle|207\/406
|-status|p1a: Cradle|brn
|move|p1a: Cradle|Moonblast|p2a: I wnt mega
|-damage|p2a: I wnt mega|129\/322
|
|-heal|p1a: Cradle|406\/406 brn|[from] move: Wish|[wisher] Cradle
|-damage|p1a: Cradle|356\/406 brn|[from] brn
|turn|24
|join|SkorXX
|c| newfren|not sure why you did that
|c|âtolstoy|was expecting idk
|c|âtolstoy|it's 3am
|c| newfren|when you can healing wish
|c| newfren|with rachi
|c|+Kushalos|lol
|c| newfren|whenever
|c|+Kushalos|you had no reason
|c|+Kushalos|not to flare blitz again
|
|move|p2a: I wnt mega|Scald|p1a: Cradle
|-damage|p1a: Cradle|188\/406 brn
|move|p1a: Cradle|Aromatherapy|p1a: Cradle
|-cureteam|p1a: Cradle|[from] move: Aromatherapy
|
|-heal|p1a: Cradle|213\/406|[from] item: Leftovers
|turn|25
|c|âtolstoy|burn
|c|âtolstoy|again
|
|move|p1a: Cradle|Protect|p1a: Cradle
|-singleturn|p1a: Cradle|Protect
|move|p2a: I wnt mega|Scald|p1a: Cradle
|-activate|p1a: Cradle|Protect
|
|-heal|p1a: Cradle|238\/406|[from] item: Leftovers
|turn|26
|c| newfren|hydro
|c| newfren|here
|c| Colbrushie|"offensive stoise"
|
|move|p2a: I wnt mega|Scald|p1a: Cradle
|-damage|p1a: Cradle|67\/406
|move|p1a: Cradle|Wish|p1a: Cradle
|
|-heal|p1a: Cradle|92\/406|[from] item: Leftovers
|turn|27
|c|âtolstoy|I feel like water pulse
|c|âtolstoy|is prob better
|
|switch|p2a: I just want hands|Roserade, F|324\/324
|move|p1a: Cradle|Protect|p1a: Cradle
|-fail|p1a: Cradle
|
|-heal|p1a: Cradle|295\/406|[from] move: Wish|[wisher] Cradle
|-heal|p1a: Cradle|320\/406|[from] item: Leftovers
|turn|28
|c| Colbrushie|n
|c| newfren|when do you
|c| Colbrushie|water pulse is basically surf with confuse
|c| newfren|healing wish
|c| newfren|to darm
|c| Colbrushie|hydro hits harder
|c| Colbrushie|or you can burn hax
|
|switch|p1a: Fabled Tortoise|Forretress, M|332\/354
|-damage|p1a: Fabled Tortoise|288\/354|[from] Stealth Rock
|move|p2a: I just want hands|Sleep Powder|p1a: Fabled Tortoise|[miss]
|-miss|p2a: I just want hands|p1a: Fabled Tortoise
|
|-heal|p1a: Fabled Tortoise|310\/354|[from] item: Leftovers
|turn|29
|c| Colbrushie|this is a dmteam actually
|c|âtolstoy|you are ogrecoat
|c| Colbrushie|gotta get that burn hax
|
|switch|p2a: I wnt mega|Blastoise-Mega, M|129\/322
|move|p1a: Fabled Tortoise|Rapid Spin|p2a: I wnt mega
|-damage|p2a: I wnt mega|118\/322
|-sideend|p1: Bob the Bro|Stealth Rock|[from] move: Rapid Spin|[of] p1a: Fabled Tortoise
|
|-heal|p1a: Fabled Tortoise|332\/354|[from] item: Leftovers
|turn|30
|c|âtolstoy|it won't show me
|c|âtolstoy|anythings HP
|c|âtolstoy|when I hover over
|c|âtolstoy|lame
|
|move|p2a: I wnt mega|Scald|p1a: Fabled Tortoise
|-damage|p1a: Fabled Tortoise|70\/354
|move|p1a: Fabled Tortoise|Volt Switch|p2a: I wnt mega
|-supereffective|p2a: I wnt mega
|-damage|p2a: I wnt mega|54\/322
|c| Colbrushie|just assume
|c| Colbrushie|100% hp
|
|switch|p1a: Impaler|Zygarde|172\/409
|-ability|p1a: Impaler|Aura Break
|
|-heal|p1a: Impaler|197\/409|[from] item: Leftovers
|turn|31
|c|âtolstoy|guess so
|c| newfren|you let him give this lefties tbh
|
|move|p1a: Impaler|Earthquake|p2a: I wnt mega
|-damage|p2a: I wnt mega|0 fnt
|faint|p2a: I wnt mega
|
|-heal|p1a: Impaler|222\/409|[from] item: Leftovers
|
|switch|p2a: "RESIST"|Darmanitan, F|4\/351
|turn|32
|join|waiv
|c| Colbrushie|espeed
|
|switch|p1a: Fabled Tortoise|Forretress, M|70\/354
|move|p2a: "RESIST"|Earthquake|p1a: Fabled Tortoise
|-damage|p1a: Fabled Tortoise|0 fnt
|faint|p1a: Fabled Tortoise
|
|c| Colbrushie|rip
|
|switch|p1a: Cradle|Aromatisse, M|320\/406
|turn|33
|c| newfren|rachi
|c|âtolstoy|bil
|c|âtolstoy|i played bob
|c|âtolstoy|like 829345
|c|âtolstoy|times
|c|âtolstoy|a day
|c|âtolstoy|xD
|
|switch|p2a: not hax|Jirachi|341\/341
|move|p1a: Cradle|Wish|p1a: Cradle
|
|-heal|p1a: Cradle|345\/406|[from] item: Leftovers
|turn|34
|
|switch|p1a: Impaler|Zygarde|222\/409
|-ability|p1a: Impaler|Aura Break
|move|p2a: not hax|Trick|p1a: Impaler
|-activate|p2a: not hax|move: Trick|[of] p1a: Impaler
|-item|p1a: Impaler|Choice Scarf|[from] move: Trick
|-item|p2a: not hax|Leftovers|[from] move: Trick
|
|-heal|p1a: Impaler|409\/409|[from] move: Wish|[wisher] Cradle
|turn|35
|c| newfren|ey nb
|
|move|p2a: not hax|Iron Head|p1a: Impaler
|-damage|p1a: Impaler|304\/409
|move|p1a: Impaler|Dragon Tail|p2a: not hax
|-resisted|p2a: not hax
|-damage|p2a: not hax|304\/341
|drag|p2a: "RESIST"|Darmanitan, F|4\/351
|
|turn|36
|
|move|p2a: "RESIST"|U-turn|p1a: Impaler
|-damage|p1a: Impaler|197\/409
|
|switch|p2a: not hax|Jirachi|304\/341
|move|p1a: Impaler|Dragon Tail|p2a: not hax
|-resisted|p2a: not hax
|-damage|p2a: not hax|270\/341
|drag|p2a: I just want hands|Roserade, F|324\/324
|
|turn|37
|
|switch|p1a: Aggron|Aggron-Mega, F|233\/344
|move|p2a: I just want hands|Toxic Spikes|p1a: Aggron
|-sidestart|p1: Bob the Bro|move: Toxic Spikes
|
|turn|38
|c| waiv|'i just want hands'
|c| waiv|haha
|
|move|p2a: I just want hands|Sleep Powder|p1a: Aggron
|-status|p1a: Aggron|slp
|cant|p1a: Aggron|slp
|
|turn|39
|
|switch|p2a: Lil Bub|Gligar, F|279\/334
|cant|p1a: Aggron|slp
|
|turn|40
|c| newfren|aggron didn't even you sleep talk
|c| newfren|*use
|
|move|p2a: Lil Bub|Stealth Rock|p1a: Aggron
|-sidestart|p1: Bob the Bro|move: Stealth Rock
|-curestatus|p1a: Aggron|slp
|move|p1a: Aggron|Stealth Rock|p2a: Lil Bub
|-sidestart|p2: tolstoy|move: Stealth Rock
|
|turn|41
|c|âtolstoy|did you see gobo's sun team
|c|âtolstoy|get shat on
|c| newfren|no
|c|âtolstoy|by rp reg aggron
|c|âtolstoy|o
|
|move|p2a: Lil Bub|Earthquake|p1a: Aggron
|-supereffective|p1a: Aggron
|-damage|p1a: Aggron|169\/344
|move|p1a: Aggron|Heavy Slam|p2a: Lil Bub
|-damage|p2a: Lil Bub|179\/334
|
|turn|42
|c| newfren|o lol
|
|switch|p1a: Cradle|Aromatisse, M|345\/406
|-status|p1a: Cradle|psn
|-damage|p1a: Cradle|295\/406 psn|[from] Stealth Rock
|move|p2a: Lil Bub|Earthquake|p1a: Cradle
|-damage|p1a: Cradle|210\/406 psn
|
|-heal|p1a: Cradle|235\/406 psn|[from] item: Leftovers
|-damage|p1a: Cradle|185\/406 psn|[from] psn
|turn|43
|
|move|p2a: Lil Bub|Earthquake|p1a: Cradle
|-damage|p1a: Cradle|104\/406 psn
|move|p1a: Cradle|Aromatherapy|p1a: Cradle
|-cureteam|p1a: Cradle|[from] move: Aromatherapy
|
|-heal|p1a: Cradle|129\/406|[from] item: Leftovers
|turn|44
|
|switch|p2a: I just want hands|Roserade, F|324\/324
|-damage|p2a: I just want hands|284\/324|[from] Stealth Rock
|move|p1a: Cradle|Wish|p1a: Cradle
|
|-heal|p2a: I just want hands|304\/324|[from] item: Black Sludge
|-heal|p1a: Cradle|154\/406|[from] item: Leftovers
|turn|45
|
|move|p1a: Cradle|Protect|p1a: Cradle
|-singleturn|p1a: Cradle|Protect
|move|p2a: I just want hands|Sleep Powder|p1a: Cradle
|-activate|p1a: Cradle|Protect
|
|-heal|p1a: Cradle|357\/406|[from] move: Wish|[wisher] Cradle
|-heal|p2a: I just want hands|324\/324|[from] item: Black Sludge
|-heal|p1a: Cradle|382\/406|[from] item: Leftovers
|turn|46
|
|move|p2a: I just want hands|Giga Drain|p1a: Cradle
|-crit|p1a: Cradle
|-damage|p1a: Cradle|189\/406
|move|p1a: Cradle|Wish|p1a: Cradle
|
|-heal|p1a: Cradle|214\/406|[from] item: Leftovers
|turn|47
|c|âtolstoy|welp
|
|move|p1a: Cradle|Protect|p1a: Cradle
|-singleturn|p1a: Cradle|Protect
|move|p2a: I just want hands|Sleep Powder|p1a: Cradle
|-activate|p1a: Cradle|Protect
|
|-heal|p1a: Cradle|406\/406|[from] move: Wish|[wisher] Cradle
|turn|48
|
|move|p2a: I just want hands|Sludge Bomb|p1a: Cradle
|-supereffective|p1a: Cradle
|-damage|p1a: Cradle|134\/406
|move|p1a: Cradle|Wish|p1a: Cradle
|
|-heal|p1a: Cradle|159\/406|[from] item: Leftovers
|turn|49
|
|move|p1a: Cradle|Protect|p1a: Cradle
|-singleturn|p1a: Cradle|Protect
|move|p2a: I just want hands|Sleep Powder|p1a: Cradle
|-activate|p1a: Cradle|Protect
|
|-heal|p1a: Cradle|362\/406|[from] move: Wish|[wisher] Cradle
|-heal|p1a: Cradle|387\/406|[from] item: Leftovers
|turn|50
|
|switch|p1a: Impaler|Zygarde|197\/409
|-status|p1a: Impaler|psn
|-damage|p1a: Impaler|172\/409 psn|[from] Stealth Rock
|-ability|p1a: Impaler|Aura Break
|move|p2a: I just want hands|Sludge Bomb|p1a: Impaler
|-resisted|p1a: Impaler
|-damage|p1a: Impaler|124\/409 psn
|
|-damage|p1a: Impaler|73\/409 psn|[from] psn
|turn|51
|
|move|p1a: Impaler|Earthquake|p2a: I just want hands
|-damage|p2a: I just want hands|171\/324
|move|p2a: I just want hands|Giga Drain|p1a: Impaler
|-damage|p1a: Impaler|0 fnt
|-heal|p2a: I just want hands|208\/324|[from] drain|[of] p1a: Impaler
|faint|p1a: Impaler
|
|-heal|p2a: I just want hands|228\/324|[from] item: Black Sludge
|
|switch|p1a: Aggron|Aggron-Mega, F|169\/344
|-damage|p1a: Aggron|148\/344|[from] Stealth Rock
|turn|52
|
|move|p2a: I just want hands|Sleep Powder|p1a: Aggron
|-status|p1a: Aggron|slp
|cant|p1a: Aggron|slp
|
|-heal|p2a: I just want hands|248\/324|[from] item: Black Sludge
|turn|53
|
|move|p2a: I just want hands|Giga Drain|p1a: Aggron
|-resisted|p1a: Aggron
|-damage|p1a: Aggron|102\/344 slp
|-heal|p2a: I just want hands|271\/324|[from] drain|[of] p1a: Aggron
|-curestatus|p1a: Aggron|slp
|move|p1a: Aggron|Heavy Slam|p2a: I just want hands
|-damage|p2a: I just want hands|0 fnt
|faint|p2a: I just want hands
|
|
|switch|p2a: "BALANCED"|Zygarde|199\/404
|-damage|p2a: "BALANCED"|174\/404|[from] Stealth Rock
|-ability|p2a: "BALANCED"|Aura Break
|turn|54
|c|âtolstoy|did you put roar on
|c|âtolstoy|idk
|
|switch|p1a: Cradle|Aromatisse, M|387\/406
|-status|p1a: Cradle|psn
|-damage|p1a: Cradle|337\/406 psn|[from] Stealth Rock
|move|p2a: "BALANCED"|Coil|p2a: "BALANCED"
|-boost|p2a: "BALANCED"|atk|1
|-boost|p2a: "BALANCED"|def|1
|-boost|p2a: "BALANCED"|accuracy|1
|
|-heal|p2a: "BALANCED"|199\/404|[from] item: Leftovers
|-heal|p1a: Cradle|362\/406 psn|[from] item: Leftovers
|-damage|p1a: Cradle|312\/406 psn|[from] psn
|turn|55
|
|move|p2a: "BALANCED"|Earthquake|p1a: Cradle
|-damage|p1a: Cradle|159\/406 psn
|move|p1a: Cradle|Moonblast|p2a: "BALANCED"
|-supereffective|p2a: "BALANCED"
|-damage|p2a: "BALANCED"|0 fnt
|faint|p2a: "BALANCED"
|
|-heal|p1a: Cradle|184\/406 psn|[from] item: Leftovers
|-damage|p1a: Cradle|134\/406 psn|[from] psn
|c| newfren|if you healing wish to darm
|
|switch|p2a: not hax|Jirachi|270\/341
|-damage|p2a: not hax|249\/341|[from] Stealth Rock
|turn|56
|c| newfren|it literally
|c| newfren|ohkos both mons
|c|âtolstoy|ya
|
|switch|p1a: Aggron|Aggron-Mega, F|102\/344
|-damage|p1a: Aggron|81\/344|[from] Stealth Rock
|move|p2a: not hax|Iron Head|p1a: Aggron
|-resisted|p1a: Aggron
|-damage|p1a: Aggron|51\/344
|
|-heal|p2a: not hax|270\/341|[from] item: Leftovers
|turn|57
|c| newfren|ok
|
|move|p2a: not hax|Healing Wish|p2a: not hax
|faint|p2a: not hax
|move|p1a: Aggron|Heavy Slam|p2: not hax|[notarget]
|-notarget
|
|c|âtolstoy|ya
|
|switch|p2a: "RESIST"|Darmanitan, F|4\/351
|-heal|p2a: "RESIST"|351\/351|[from] move: Healing Wish
|-damage|p2a: "RESIST"|264\/351|[from] Stealth Rock
|turn|58
|
|move|p2a: "RESIST"|Flare Blitz|p1a: Aggron
|-supereffective|p1a: Aggron
|-damage|p1a: Aggron|0 fnt
|-damage|p2a: "RESIST"|247\/351|[from] recoil|[of] p1a: Aggron
|faint|p1a: Aggron
|
|
|switch|p1a: Cradle|Aromatisse, M|134\/406 psn
|-damage|p1a: Cradle|84\/406 psn|[from] Stealth Rock
|turn|59
|c|âtolstoy|gg
|c|âBob the Bro|gg
|c| newfren|close
|
|move|p2a: "RESIST"|Flare Blitz|p1a: Cradle
|-damage|p1a: Cradle|0 fnt
|-damage|p2a: "RESIST"|219\/351|[from] recoil|[of] p1a: Cradle
|faint|p1a: Cradle
|
|win|tolstoy
|raw|Ladder updating...
|raw|Bob the Bro's rating: 1683 &rarr; <strong>1659<\/strong><br \/>(-24 for losing)
|raw|tolstoy's rating: 1617 &rarr; <strong>1640<\/strong><br \/>(+23 for winning)