|join|TRC
|join|Tolstoy
|player|p1|TRC|238
|player|p2|Tolstoy|184
|gametype|singles
|gen|6
|tier|UU
|rated
|rule|Sleep Clause Mod: Limit one foe put to sleep
|rule|Species Clause: Limit one of each PokÃ©mon
|rule|OHKO Clause: OHKO moves are banned
|rule|Moody Clause: Moody is banned
|rule|Evasion Moves Clause: Evasion moves are banned
|rule|Endless Battle Clause: Forcing endless battles is banned
|rule|HP Percentage Mod: HP is shown in percentages
|clearpoke
|poke|p1|Froslass, F
|poke|p1|Shaymin
|poke|p1|Aerodactyl, F
|poke|p1|Sableye, F
|poke|p1|Hydreigon, M
|poke|p1|Lucario, F
|poke|p2|Zygarde
|poke|p2|Roserade, M
|poke|p2|Darmanitan, M
|poke|p2|Gligar, M
|poke|p2|Blastoise, M
|poke|p2|Jirachi
|rule|Swagger Clause: Swagger is banned
|rule|Baton Pass Clause: Limit one PokÃ©mon knowing Baton Pass
|teampreview
|
|start
|switch|p1a: Froslass|Froslass, F|281\/281
|switch|p2a: not hax|Jirachi|341\/341
|turn|1
|
|switch|p1a: Sableye|Sableye, F|304\/304
|move|p2a: not hax|Iron Head|p1a: Sableye
|-damage|p1a: Sableye|156\/304
|
|-heal|p1a: Sableye|175\/304|[from] item: Leftovers
|turn|2
|
|switch|p2a: I just want hands|Roserade, M|324\/324
|move|p1a: Sableye|Will-O-Wisp|p2a: I just want hands
|-status|p2a: I just want hands|brn
|
|-heal|p1a: Sableye|194\/304|[from] item: Leftovers
|-damage|p2a: I just want hands|284\/324 brn|[from] brn
|turn|3
|
|switch|p2a: "RESIST"|Darmanitan, M|351\/351
|move|p1a: Sableye|Taunt|p2a: "RESIST"
|-start|p2a: "RESIST"|move: Taunt
|
|-heal|p1a: Sableye|213\/304|[from] item: Leftovers
|turn|4
|
|move|p1a: Sableye|Recover|p1a: Sableye
|-heal|p1a: Sableye|304\/304
|move|p2a: "RESIST"|Flare Blitz|p1a: Sableye
|-damage|p1a: Sableye|0 fnt
|-damage|p2a: "RESIST"|251\/351|[from] recoil|[of] p1a: Sableye
|faint|p1a: Sableye
|
|
|switch|p1a: Hydreigon|Hydreigon, M|325\/325
|turn|5
|
|switch|p2a: Lil Bub|Gligar, M|334\/334
|move|p1a: Hydreigon|Dark Pulse|p2a: Lil Bub
|-damage|p2a: Lil Bub|228\/334
|
|turn|6
|
|switch|p1a: Froslass|Froslass, F|281\/281
|move|p2a: Lil Bub|Stealth Rock|p1a: Froslass
|-sidestart|p1: TRC|move: Stealth Rock
|
|turn|7
|join|TheCanadianWifier
|
|switch|p2a: not hax|Jirachi|341\/341
|move|p1a: Froslass|Spikes|p2a: not hax
|-sidestart|p2: Tolstoy|Spikes
|
|turn|8
|join|Thrillz
|
|move|p2a: not hax|Iron Head|p1a: Froslass
|-supereffective|p1a: Froslass
|-enditem|p1a: Froslass|Focus Sash
|-damage|p1a: Froslass|1\/281
|cant|p1a: Froslass|flinch
|
|turn|9
|
|switch|p1a: Lucario|Lucario, F|281\/281
|-damage|p1a: Lucario|273\/281|[from] Stealth Rock
|move|p2a: not hax|Iron Head|p1a: Lucario
|-resisted|p1a: Lucario
|-damage|p1a: Lucario|201\/281
|
|turn|10
|
|switch|p2a: I wnt mega|Blastoise, M|322\/322
|-damage|p2a: I wnt mega|282\/322|[from] Spikes
|move|p1a: Lucario|Swords Dance|p1a: Lucario
|-boost|p1a: Lucario|atk|2
|
|turn|11
|
|detailschange|p2a: I wnt mega|Blastoise-Mega, M
|message|Blastoise has Mega Evolved into Mega Blastoise!
|move|p1a: Lucario|Close Combat|p2a: I wnt mega
|-damage|p2a: I wnt mega|0 fnt
|-unboost|p1a: Lucario|def|1
|-unboost|p1a: Lucario|spd|1
|-damage|p1a: Lucario|173\/281|[from] item: Life Orb
|faint|p2a: I wnt mega
|
|
|switch|p2a: Lil Bub|Gligar, M|228\/334
|turn|12
|join|Dudeman130498
|
|switch|p1a: Shaymin|Shaymin|341\/341
|-damage|p1a: Shaymin|299\/341|[from] Stealth Rock
|move|p2a: Lil Bub|Earthquake|p1a: Shaymin
|-resisted|p1a: Shaymin
|-damage|p1a: Shaymin|256\/341
|
|turn|13
|
|switch|p2a: I just want hands|Roserade, M|284\/324
|-damage|p2a: I just want hands|244\/324|[from] Spikes
|move|p1a: Shaymin|Seed Flare|p2a: I just want hands
|-resisted|p2a: I just want hands
|-damage|p2a: I just want hands|200\/324
|
|-heal|p2a: I just want hands|220\/324|[from] item: Black Sludge
|turn|14
|join|Colbrushie
|
|switch|p1a: Froslass|Froslass, F|1\/281
|-damage|p1a: Froslass|0 fnt|[from] Stealth Rock
|faint|p1a: Froslass
|move|p2a: I just want hands|Spikes|p1: Froslass
|-sidestart|p1: TRC|Spikes
|
|-heal|p2a: I just want hands|240\/324|[from] item: Black Sludge
|
|switch|p1a: Aerodactyl|Aerodactyl, F|321\/321
|-damage|p1a: Aerodactyl|241\/321|[from] Stealth Rock
|-ability|p1a: Aerodactyl|Unnerve|p2: Tolstoy
|turn|15
|
|detailschange|p1a: Aerodactyl|Aerodactyl-Mega, F
|message|Aerodactyl has Mega Evolved into Mega Aerodactyl!
|move|p1a: Aerodactyl|Stone Edge|p2a: I just want hands
|-damage|p2a: I just want hands|0 fnt
|faint|p2a: I just want hands
|
|
|switch|p2a: "BALANCED"|Zygarde|404\/404
|-damage|p2a: "BALANCED"|354\/404|[from] Spikes
|-ability|p2a: "BALANCED"|Aura Break
|turn|16
|
|move|p1a: Aerodactyl|Taunt|p2a: "BALANCED"
|-start|p2a: "BALANCED"|move: Taunt
|cant|p2a: "BALANCED"|move: Taunt|Substitute
|
|-heal|p2a: "BALANCED"|379\/404|[from] item: Leftovers
|turn|17
|c| Colbrushie|oof
|
|move|p1a: Aerodactyl|Stone Edge|p2a: "BALANCED"
|-resisted|p2a: "BALANCED"
|-damage|p2a: "BALANCED"|307\/404
|move|p2a: "BALANCED"|Dragon Tail|p1a: Aerodactyl
|-damage|p1a: Aerodactyl|156\/321
|drag|p1a: Lucario|Lucario, F|173\/281
|-damage|p1a: Lucario|165\/281|[from] Stealth Rock
|-damage|p1a: Lucario|130\/281|[from] Spikes
|
|-heal|p2a: "BALANCED"|332\/404|[from] item: Leftovers
|turn|18
|c|âTRC|oops
|c|âTRC|misclick
|c| Colbrushie|rip
|
|switch|p1a: Hydreigon|Hydreigon, M|325\/325
|-damage|p1a: Hydreigon|285\/325|[from] Stealth Rock
|move|p2a: "BALANCED"|Dragon Tail|p1a: Hydreigon
|-supereffective|p1a: Hydreigon
|-damage|p1a: Hydreigon|145\/325
|drag|p1a: Lucario|Lucario, F|130\/281
|-damage|p1a: Lucario|122\/281|[from] Stealth Rock
|-damage|p1a: Lucario|87\/281|[from] Spikes
|
|-heal|p2a: "BALANCED"|357\/404|[from] item: Leftovers
|-end|p2a: "BALANCED"|move: Taunt
|turn|19
|c| Dudeman130498|bop
|c|âTRC|nt bop
|c|âTRC|lol
|
|switch|p2a: Lil Bub|Gligar, M|228\/334
|move|p1a: Lucario|Close Combat|p2a: Lil Bub
|-resisted|p2a: Lil Bub
|-damage|p2a: Lil Bub|154\/334
|-unboost|p1a: Lucario|def|1
|-unboost|p1a: Lucario|spd|1
|-damage|p1a: Lucario|59\/281|[from] item: Life Orb
|
|turn|20
|c|âTolstoy|yes bop
|c|âTRC|not bop
|c| Colbrushie|sd on uturn
|c| Dudeman130498|shut up dmt ur not even auth + council
|c|âTolstoy|tru :S
|c| Colbrushie|oof
|c|âTRC|lol
|c|âTRC|oh what
|c|âTRC|you're the guy
|c|âTolstoy|:^]
|c|âTRC|from the lobby
|
|switch|p1a: Aerodactyl|Aerodactyl-Mega, F|156\/321
|-damage|p1a: Aerodactyl|76\/321|[from] Stealth Rock
|move|p2a: Lil Bub|Earthquake|p1a: Aerodactyl
|-immune|p1a: Aerodactyl|[msg]
|
|turn|21
|
|move|p1a: Aerodactyl|Stealth Rock|p2a: Lil Bub
|-sidestart|p2: Tolstoy|move: Stealth Rock
|move|p2a: Lil Bub|Earthquake|p1a: Aerodactyl
|-immune|p1a: Aerodactyl|[msg]
|
|turn|22
|
|move|p1a: Aerodactyl|Aqua Tail|p2a: Lil Bub
|-supereffective|p2a: Lil Bub
|-damage|p2a: Lil Bub|0 fnt
|faint|p2a: Lil Bub
|
|
|switch|p2a: "BALANCED"|Zygarde|357\/404
|-damage|p2a: "BALANCED"|332\/404|[from] Stealth Rock
|-damage|p2a: "BALANCED"|282\/404|[from] Spikes
|-ability|p2a: "BALANCED"|Aura Break
|turn|23
|
|move|p1a: Aerodactyl|Aqua Tail|p2a: "BALANCED"
|-damage|p2a: "BALANCED"|160\/404
|move|p2a: "BALANCED"|Dragon Tail|p1a: Aerodactyl
|-damage|p1a: Aerodactyl|0 fnt
|faint|p1a: Aerodactyl
|
|-heal|p2a: "BALANCED"|185\/404|[from] item: Leftovers
|
|switch|p1a: Shaymin|Shaymin|256\/341
|-damage|p1a: Shaymin|214\/341|[from] Spikes
|-damage|p1a: Shaymin|172\/341|[from] Stealth Rock
|turn|24
|
|move|p1a: Shaymin|Healing Wish|p1a: Shaymin
|faint|p1a: Shaymin
|move|p2a: "BALANCED"|Dragon Tail|p1: Shaymin|[notarget]
|-notarget
|
|-heal|p2a: "BALANCED"|210\/404|[from] item: Leftovers
|c|âTolstoy|ahhh
|
|switch|p1a: Lucario|Lucario, F|59\/281
|-heal|p1a: Lucario|281\/281|[from] move: Healing Wish
|-damage|p1a: Lucario|273\/281|[from] Stealth Rock
|-damage|p1a: Lucario|238\/281|[from] Spikes
|turn|25
|c|âTolstoy|I think it comes down to rachi flinches now
|c|âTolstoy|or maybe not idk
|c|âTRC|depends
|c|âTolstoy|depends on plays.
|c|âTRC|no
|c|âTRC|depends on
|c|âTRC|the speed run
|c|âTRC|on your zygarde
|c|âTolstoy|oh
|c|âTRC|does luke outspeed
|c|âTolstoy|you outspeed me here
|c|âTolstoy|yeah ez
|c|âTolstoy|I'm coil zyg
|c|âTRC|idk tho
|c|âTolstoy|I run like 108 speed
|c| TheCanadianWifier|>comes down to rachi flinches
|c| TheCanadianWifier|>competitive pokemon
|c| TheCanadianWifier|>k
|c| TheCanadianWifier|ban this kokoloko
|
|switch|p1a: Hydreigon|Hydreigon, M|145\/325
|-damage|p1a: Hydreigon|105\/325|[from] Stealth Rock
|move|p2a: "BALANCED"|Dragon Tail|p1a: Hydreigon
|-supereffective|p1a: Hydreigon
|-damage|p1a: Hydreigon|0 fnt
|faint|p1a: Hydreigon
|
|-heal|p2a: "BALANCED"|235\/404|[from] item: Leftovers
|c|âTolstoy|jolly zyg would be dumb
|c| Dudeman130498|EPIC
|c|âTRC|fuk
|c|âTolstoy|:^]
|
|switch|p1a: Lucario|Lucario, F|238\/281
|-damage|p1a: Lucario|203\/281|[from] Spikes
|-damage|p1a: Lucario|195\/281|[from] Stealth Rock
|turn|26
|c|âTRC|why wud u dtail tho
|join|DrReuniclus3
|c|âTolstoy|because
|c|âTolstoy|CC I sweep with iron head
|c|âTolstoy|and maybe live idk
|c|âTolstoy|SD you're out
|c|âTolstoy|and switch = bop
|join|IlyTCWER
|c|âTRC|do u not have
|c|âTRC|eq or smth
|c|âTRC|tho
|c|âTolstoy|yeah I do
|c| TheCanadianWifier|ilytcwer, i love you :]
|c|âTolstoy|but if luc was at good HP
|c|âTolstoy|I lose to espeed+ not flinching to death
|c|âTRC|i assumed youd eq
|c|âTolstoy|Eh
|c|âTRC|so i can spam dpulse with hydrei
|c|âTolstoy|It was 5050
|c|âTRC|bleh
|
|move|p1a: Lucario|Close Combat|p2a: "BALANCED"
|-damage|p2a: "BALANCED"|8\/404
|-unboost|p1a: Lucario|def|1
|-unboost|p1a: Lucario|spd|1
|-damage|p1a: Lucario|167\/281|[from] item: Life Orb
|move|p2a: "BALANCED"|Earthquake|p1a: Lucario
|-supereffective|p1a: Lucario
|-damage|p1a: Lucario|0 fnt
|faint|p1a: Lucario
|
|win|Tolstoy
|raw|Ladder updating...
|c|âTolstoy|well tbh scarfrachi
|raw|TRC's rating: 1444 &rarr; <strong>1428<\/strong><br \/>(-16 for losing)
|raw|Tolstoy's rating: 1506 &rarr; <strong>1523<\/strong><br \/>(+17 for winning)
|c|âTolstoy|stops your spam
|c|âTolstoy|lol live
|c|âTRC|ughhh
|c|âTRC|and i wouldnt have to worry
|c|âTRC|about lefties
|c|âTRC|smh
|c|âTRC|gg
|c|âTolstoy|lol gg
|leave|TRC
|player|p1
|leave|Thrillz
|player|p2|DMT|184
|join|meowchievement
|leave|meowchievement
|leave|IlyTCWER