|join|oh no oh no
|join|Tolstoy
|player|p1|oh no oh no|157
|player|p2|Tolstoy|184
|gametype|singles
|gen|6
|tier|UU
|rated
|rule|Sleep Clause Mod: Limit one foe put to sleep
|rule|Species Clause: Limit one of each PokÃ©mon
|rule|OHKO Clause: OHKO moves are banned
|rule|Moody Clause: Moody is banned
|rule|Evasion Moves Clause: Evasion moves are banned
|rule|Endless Battle Clause: Forcing endless battles is banned
|rule|HP Percentage Mod: HP is shown in percentages
|clearpoke
|poke|p1|Weezing, F
|poke|p1|Forretress, M
|poke|p1|Suicune
|poke|p1|Celebi
|poke|p1|Blissey, F
|poke|p1|Spiritomb, F
|poke|p2|Shedinja
|poke|p2|Absol, F
|poke|p2|Xatu, F
|poke|p2|Cobalion
|poke|p2|Archeops, M
|poke|p2|Tentacruel, M
|rule|Swagger Clause: Swagger is banned
|rule|Baton Pass Clause: Limit one PokÃ©mon knowing Baton Pass
|teampreview
|
|start
|switch|p1a: Body and Soul|Forretress, M|354\/354
|switch|p2a: Redneck|Archeops, M|291\/291
|turn|1
|
|move|p2a: Redneck|U-turn|p1a: Body and Soul
|-resisted|p1a: Body and Soul
|-damage|p1a: Body and Soul|329\/354
|
|switch|p2a: Ten Tickles|Tentacruel, M|364\/364
|move|p1a: Body and Soul|Gyro Ball|p2a: Ten Tickles
|-resisted|p2a: Ten Tickles
|-damage|p2a: Ten Tickles|319\/364
|
|-heal|p2a: Ten Tickles|341\/364|[from] item: Black Sludge
|-heal|p1a: Body and Soul|351\/354|[from] item: Leftovers
|turn|2
|
|move|p2a: Ten Tickles|Toxic Spikes|p1a: Body and Soul
|-sidestart|p1: oh no oh no|move: Toxic Spikes
|move|p1a: Body and Soul|Spikes|p2a: Ten Tickles
|-sidestart|p2: Tolstoy|Spikes
|
|-heal|p2a: Ten Tickles|363\/364|[from] item: Black Sludge
|-heal|p1a: Body and Soul|354\/354|[from] item: Leftovers
|turn|3
|
|switch|p1a: Bitches Brew|Spiritomb, F|304\/304
|-status|p1a: Bitches Brew|psn
|move|p2a: Ten Tickles|Scald|p1a: Bitches Brew
|-crit|p1a: Bitches Brew
|-damage|p1a: Bitches Brew|223\/304 psn
|
|-heal|p2a: Ten Tickles|364\/364|[from] item: Black Sludge
|-heal|p1a: Bitches Brew|242\/304 psn|[from] item: Leftovers
|-damage|p1a: Bitches Brew|204\/304 psn|[from] psn
|turn|4
|
|move|p2a: Ten Tickles|Acid Spray|p1a: Bitches Brew
|-resisted|p1a: Bitches Brew
|-damage|p1a: Bitches Brew|190\/304 psn
|-unboost|p1a: Bitches Brew|spd|2
|move|p1a: Bitches Brew|Will-O-Wisp|p2a: Ten Tickles
|-status|p2a: Ten Tickles|brn
|
|-heal|p1a: Bitches Brew|209\/304 psn|[from] item: Leftovers
|-damage|p2a: Ten Tickles|319\/364 brn|[from] brn
|-damage|p1a: Bitches Brew|171\/304 psn|[from] psn
|turn|5
|
|move|p2a: Ten Tickles|Rapid Spin|p1a: Bitches Brew
|-immune|p1a: Bitches Brew|[msg]
|move|p1a: Bitches Brew|Rest|p1a: Bitches Brew
|-status|p1a: Bitches Brew|slp
|-heal|p1a: Bitches Brew|304\/304 slp|[silent]
|-status|p1a: Bitches Brew|slp|[from] move: Rest
|
|-heal|p2a: Ten Tickles|341\/364 brn|[from] item: Black Sludge
|-damage|p2a: Ten Tickles|296\/364 brn|[from] brn
|turn|6
|
|move|p2a: Ten Tickles|Rapid Spin|p1a: Bitches Brew
|-immune|p1a: Bitches Brew|[msg]
|cant|p1a: Bitches Brew|slp
|move|p1a: Bitches Brew|Sleep Talk|p1a: Bitches Brew
|move|p1a: Bitches Brew|Foul Play|p2a: Ten Tickles|[from]Sleep Talk
|-damage|p2a: Ten Tickles|235\/364 brn
|
|-heal|p2a: Ten Tickles|257\/364 brn|[from] item: Black Sludge
|-damage|p2a: Ten Tickles|212\/364 brn|[from] brn
|turn|7
|
|move|p2a: Ten Tickles|Scald|p1a: Bitches Brew
|-damage|p1a: Bitches Brew|193\/304 slp
|cant|p1a: Bitches Brew|slp
|move|p1a: Bitches Brew|Sleep Talk|p1a: Bitches Brew
|move|p1a: Bitches Brew|Rest|p1a: Bitches Brew|[from]Sleep Talk
|-fail|p1a: Bitches Brew
|
|-heal|p2a: Ten Tickles|234\/364 brn|[from] item: Black Sludge
|-heal|p1a: Bitches Brew|212\/304 slp|[from] item: Leftovers
|-damage|p2a: Ten Tickles|189\/364 brn|[from] brn
|turn|8
|
|move|p2a: Ten Tickles|Acid Spray|p1a: Bitches Brew
|-resisted|p1a: Bitches Brew
|-damage|p1a: Bitches Brew|187\/304 slp
|-unboost|p1a: Bitches Brew|spd|2
|-curestatus|p1a: Bitches Brew|slp
|move|p1a: Bitches Brew|Foul Play|p2a: Ten Tickles
|-damage|p2a: Ten Tickles|120\/364 brn
|
|-heal|p2a: Ten Tickles|142\/364 brn|[from] item: Black Sludge
|-heal|p1a: Bitches Brew|206\/304|[from] item: Leftovers
|-damage|p2a: Ten Tickles|97\/364 brn|[from] brn
|turn|9
|
|move|p2a: Ten Tickles|Rapid Spin|p1a: Bitches Brew
|-immune|p1a: Bitches Brew|[msg]
|move|p1a: Bitches Brew|Rest|p1a: Bitches Brew
|-status|p1a: Bitches Brew|slp
|-heal|p1a: Bitches Brew|304\/304 slp|[silent]
|-status|p1a: Bitches Brew|slp|[from] move: Rest
|
|-heal|p2a: Ten Tickles|119\/364 brn|[from] item: Black Sludge
|-damage|p2a: Ten Tickles|74\/364 brn|[from] brn
|turn|10
|
|move|p2a: Ten Tickles|Scald|p1a: Bitches Brew
|-damage|p1a: Bitches Brew|141\/304 slp
|cant|p1a: Bitches Brew|slp
|move|p1a: Bitches Brew|Sleep Talk|p1a: Bitches Brew
|move|p1a: Bitches Brew|Foul Play|p2a: Ten Tickles|[from]Sleep Talk
|-damage|p2a: Ten Tickles|11\/364 brn
|
|-heal|p2a: Ten Tickles|33\/364 brn|[from] item: Black Sludge
|-heal|p1a: Bitches Brew|160\/304 slp|[from] item: Leftovers
|-damage|p2a: Ten Tickles|0 fnt|[from] brn
|faint|p2a: Ten Tickles
|
|switch|p2a: FairyDark plz|Absol, F|271\/271
|-damage|p2a: FairyDark plz|238\/271|[from] Spikes
|turn|11
|
|detailschange|p2a: FairyDark plz|Absol-Mega, F
|-mega|p2a: FairyDark plz|Absol|Absolite
|move|p2a: FairyDark plz|Knock Off|p1a: Bitches Brew
|-crit|p1a: Bitches Brew
|-damage|p1a: Bitches Brew|0 fnt
|-enditem|p1a: Bitches Brew|Leftovers|[from] move: Knock Off|[of] p2a: FairyDark plz
|faint|p1a: Bitches Brew
|
|
|switch|p1a: Body and Soul|Forretress, M|354\/354
|turn|12
|
|move|p2a: FairyDark plz|Swords Dance|p2a: FairyDark plz
|-boost|p2a: FairyDark plz|atk|2
|move|p1a: Body and Soul|Gyro Ball|p2a: FairyDark plz
|-damage|p2a: FairyDark plz|67\/271
|
|turn|13
|
|move|p2a: FairyDark plz|Baton Pass|p2a: FairyDark plz
|
|switch|p2a: Combat Clothes|Cobalion|386\/386
|-damage|p2a: Combat Clothes|338\/386|[from] Spikes
|move|p1a: Body and Soul|Gyro Ball|p2a: Combat Clothes
|-resisted|p2a: Combat Clothes
|-damage|p2a: Combat Clothes|292\/386
|
|turn|14
|
|move|p2a: Combat Clothes|Iron Head|p1a: Body and Soul
|-resisted|p1a: Body and Soul
|-damage|p1a: Body and Soul|307\/354
|move|p1a: Body and Soul|Rapid Spin|p2a: Combat Clothes
|-resisted|p2a: Combat Clothes
|-damage|p2a: Combat Clothes|286\/386
|-sideend|p1: oh no oh no|Toxic Spikes|[from] move: Rapid Spin|[of] p1a: Body and Soul
|
|-heal|p1a: Body and Soul|329\/354|[from] item: Leftovers
|turn|15
|
|switch|p1a: Nardis|Weezing, F|333\/333
|move|p2a: Combat Clothes|Close Combat|p1a: Nardis
|-resisted|p1a: Nardis
|-damage|p1a: Nardis|253\/333
|-unboost|p2a: Combat Clothes|def|1
|-unboost|p2a: Combat Clothes|spd|1
|
|-heal|p1a: Nardis|273\/333|[from] item: Black Sludge
|turn|16
|
|move|p2a: Combat Clothes|Volt Switch|p1a: Nardis
|-crit|p1a: Nardis
|-damage|p1a: Nardis|178\/333
|
|switch|p2a: DOOT DOOT|Xatu, F|334\/334
|move|p1a: Nardis|Fire Blast|p2a: DOOT DOOT
|-damage|p2a: DOOT DOOT|225\/334
|
|-heal|p1a: Nardis|198\/333|[from] item: Black Sludge
|turn|17
|c|âoh no oh no|DOOT DOOT
|
|switch|p1a: Blue in Green|Suicune|404\/404
|-ability|p1a: Blue in Green|Pressure
|move|p2a: DOOT DOOT|U-turn|p1a: Blue in Green
|-damage|p1a: Blue in Green|381\/404
|c|âTolstoy|(âââ)
|
|switch|p2a: FairyDark plz|Absol-Mega, F|67\/271
|-damage|p2a: FairyDark plz|34\/271|[from] Spikes
|
|-heal|p1a: Blue in Green|404\/404|[from] item: Leftovers
|turn|18
|
|move|p2a: FairyDark plz|Knock Off|p1a: Blue in Green
|-crit|p1a: Blue in Green
|-damage|p1a: Blue in Green|188\/404
|-enditem|p1a: Blue in Green|Leftovers|[from] move: Knock Off|[of] p2a: FairyDark plz
|move|p1a: Blue in Green|Scald|p2a: FairyDark plz
|-damage|p2a: FairyDark plz|0 fnt
|faint|p2a: FairyDark plz
|
|
|switch|p2a: DOOT DOOT|Xatu, F|225\/334
|turn|19
|
|move|p2a: DOOT DOOT|Giga Drain|p1a: Blue in Green
|-supereffective|p1a: Blue in Green
|-damage|p1a: Blue in Green|82\/404
|-heal|p2a: DOOT DOOT|278\/334|[from] drain|[of] p1a: Blue in Green
|move|p1a: Blue in Green|Scald|p2a: DOOT DOOT
|-damage|p2a: DOOT DOOT|155\/334
|
|turn|20
|
|switch|p1a: My Foolish Heart|Blissey, F|657\/657
|move|p2a: DOOT DOOT|Night Shade|p1a: My Foolish Heart
|-immune|p1a: My Foolish Heart|[msg]
|
|turn|21
|
|move|p2a: DOOT DOOT|U-turn|p1a: My Foolish Heart
|-damage|p1a: My Foolish Heart|602\/657
|
|switch|p2a: Redneck|Archeops, M|291\/291
|move|p1a: My Foolish Heart|Seismic Toss|p2a: Redneck
|-damage|p2a: Redneck|191\/291
|
|-heal|p1a: My Foolish Heart|643\/657|[from] item: Leftovers
|turn|22
|
|move|p2a: Redneck|Switcheroo|p1a: My Foolish Heart
|-activate|p2a: Redneck|move: Trick|[of] p1a: My Foolish Heart
|-item|p1a: My Foolish Heart|Choice Scarf|[from] Trick
|-item|p2a: Redneck|Leftovers|[from] Trick
|move|p1a: My Foolish Heart|Wish|p1a: My Foolish Heart
|
|-heal|p2a: Redneck|209\/291|[from] item: Leftovers
|turn|23
|
|switch|p1a: Blue in Green|Suicune|82\/404
|-ability|p1a: Blue in Green|Pressure
|move|p2a: Redneck|Defog|p1a: Blue in Green
|-unboost|p1a: Blue in Green|evasion|1
|-sideend|p2: Tolstoy|Spikes|[from] move: Defog|[of] p2a: Redneck
|
|-heal|p1a: Blue in Green|404\/404|[from] move: Wish|[wisher] My Foolish Heart
|-heal|p2a: Redneck|227\/291|[from] item: Leftovers
|turn|24
|
|move|p2a: Redneck|U-turn|p1a: Blue in Green
|-damage|p1a: Blue in Green|345\/404
|
|switch|p2a: Win Condition|Shedinja|1\/1
|move|p1a: Blue in Green|Scald|p2a: Win Condition
|-activate|p2a: Win Condition|ability: Wonder Guard
|
|turn|25
|
|switch|p1a: Nardis|Weezing, F|198\/333
|switch|p2a: DOOT DOOT|Xatu, F|155\/334
|
|-heal|p1a: Nardis|218\/333|[from] item: Black Sludge
|turn|26
|
|switch|p1a: Blue in Green|Suicune|345\/404
|-ability|p1a: Blue in Green|Pressure
|move|p2a: DOOT DOOT|Roost|p2a: DOOT DOOT
|-heal|p2a: DOOT DOOT|322\/334
|
|turn|27
|
|switch|p1a: Nardis|Weezing, F|218\/333
|move|p2a: DOOT DOOT|U-turn|p1a: Nardis
|-resisted|p1a: Nardis
|-damage|p1a: Nardis|208\/333
|
|switch|p2a: Combat Clothes|Cobalion|286\/386
|
|-heal|p1a: Nardis|228\/333|[from] item: Black Sludge
|turn|28
|join|Bob the Bro
|c| Bob the Bro|mfw dmt
|
|move|p2a: Combat Clothes|Volt Switch|p1a: Nardis
|-damage|p1a: Nardis|163\/333
|
|switch|p2a: DOOT DOOT|Xatu, F|322\/334
|move|p1a: Nardis|Fire Blast|p2a: DOOT DOOT
|-damage|p2a: DOOT DOOT|220\/334
|
|-heal|p1a: Nardis|183\/333|[from] item: Black Sludge
|turn|29
|c|âTolstoy|ya
|c| Bob the Bro|dmt sheddy is inferior
|
|move|p2a: DOOT DOOT|U-turn|p1a: Nardis
|-resisted|p1a: Nardis
|-damage|p1a: Nardis|172\/333
|c|âTolstoy|ik
|c|âTolstoy|stall is too much for me
|
|switch|p2a: Combat Clothes|Cobalion|286\/386
|move|p1a: Nardis|Fire Blast|p2a: Combat Clothes
|-supereffective|p2a: Combat Clothes
|-damage|p2a: Combat Clothes|104\/386
|
|-heal|p1a: Nardis|192\/333|[from] item: Black Sludge
|turn|30
|
|move|p2a: Combat Clothes|Rest|p2a: Combat Clothes
|-status|p2a: Combat Clothes|slp
|-heal|p2a: Combat Clothes|386\/386 slp|[silent]
|-status|p2a: Combat Clothes|slp|[from] move: Rest
|-enditem|p2a: Combat Clothes|Chesto Berry|[eat]
|-curestatus|p2a: Combat Clothes|slp
|move|p1a: Nardis|Fire Blast|p2a: Combat Clothes
|-supereffective|p2a: Combat Clothes
|-damage|p2a: Combat Clothes|202\/386
|
|-heal|p1a: Nardis|212\/333|[from] item: Black Sludge
|turn|31
|c|âTolstoy|unless I dodge fireblast
|c|âTolstoy|then it's ok
|c| Bob the Bro|are you getting destroyed by a weezing
|c|âTolstoy|cuz it has fire blast
|c|âTolstoy|that's my greatest weekness
|
|move|p2a: Combat Clothes|Volt Switch|p1a: Nardis
|-damage|p1a: Nardis|147\/333
|
|switch|p2a: DOOT DOOT|Xatu, F|220\/334
|move|p1a: Nardis|Toxic Spikes|p2a: DOOT DOOT
|move|p2a: DOOT DOOT|Toxic Spikes|p1a: Nardis|[from]Magic Bounce
|-sidestart|p1: oh no oh no|move: Toxic Spikes
|
|-heal|p1a: Nardis|167\/333|[from] item: Black Sludge
|turn|32
|c| Bob the Bro|gotem coach
|
|switch|p1a: Body and Soul|Forretress, M|329\/354
|move|p2a: DOOT DOOT|Night Shade|p1a: Body and Soul
|-damage|p1a: Body and Soul|229\/354
|
|-heal|p1a: Body and Soul|251\/354|[from] item: Leftovers
|turn|33
|
|move|p2a: DOOT DOOT|Night Shade|p1a: Body and Soul
|-damage|p1a: Body and Soul|151\/354
|move|p1a: Body and Soul|Rapid Spin|p2a: DOOT DOOT
|-damage|p2a: DOOT DOOT|206\/334
|-damage|p1a: Body and Soul|92\/354|[from] item: Rocky Helmet|[of] p2a: DOOT DOOT
|-sideend|p1: oh no oh no|Toxic Spikes|[from] move: Rapid Spin|[of] p1a: Body and Soul
|
|-heal|p1a: Body and Soul|114\/354|[from] item: Leftovers
|turn|34
|c| Bob the Bro|not even offensive meowie xatu
|
|switch|p1a: Blue in Green|Suicune|345\/404
|-ability|p1a: Blue in Green|Pressure
|move|p2a: DOOT DOOT|U-turn|p1a: Blue in Green
|-damage|p1a: Blue in Green|322\/404
|c|âTolstoy|what is offensive meowiexatu
|
|switch|p2a: Combat Clothes|Cobalion|202\/386
|
|turn|35
|
|move|p2a: Combat Clothes|Volt Switch|p1a: Blue in Green
|-supereffective|p1a: Blue in Green
|-damage|p1a: Blue in Green|242\/404
|
|switch|p2a: Win Condition|Shedinja|1\/1
|move|p1a: Blue in Green|Scald|p2a: Win Condition
|-activate|p2a: Win Condition|ability: Wonder Guard
|
|turn|36
|
|move|p2a: Win Condition|X-Scissor|p1a: Blue in Green
|-damage|p1a: Blue in Green|155\/404
|move|p1a: Blue in Green|Roar|p2a: Win Condition
|drag|p2a: Combat Clothes|Cobalion|202\/386
|
|turn|37
|
|move|p2a: Combat Clothes|Volt Switch|p1a: Blue in Green
|-supereffective|p1a: Blue in Green
|-damage|p1a: Blue in Green|71\/404
|
|switch|p2a: Win Condition|Shedinja|1\/1
|move|p1a: Blue in Green|Rest|p1a: Blue in Green
|-status|p1a: Blue in Green|slp
|-heal|p1a: Blue in Green|404\/404 slp|[silent]
|-status|p1a: Blue in Green|slp|[from] move: Rest
|
|turn|38
|join|DatGuyChuck
|
|switch|p1a: My Foolish Heart|Blissey, F|643\/657
|switch|p2a: DOOT DOOT|Xatu, F|206\/334
|
|turn|39
|
|move|p2a: DOOT DOOT|Giga Drain|p1a: My Foolish Heart
|-damage|p1a: My Foolish Heart|603\/657
|-heal|p2a: DOOT DOOT|226\/334|[from] drain|[of] p1a: My Foolish Heart
|move|p1a: My Foolish Heart|Wish|p1a: My Foolish Heart
|
|turn|40
|
|switch|p1a: Body and Soul|Forretress, M|114\/354
|move|p2a: DOOT DOOT|Night Shade|p1a: Body and Soul
|-damage|p1a: Body and Soul|14\/354
|
|-heal|p1a: Body and Soul|342\/354|[from] move: Wish|[wisher] My Foolish Heart
|-heal|p1a: Body and Soul|354\/354|[from] item: Leftovers
|turn|41
|c|âTolstoy|o
|c|âTolstoy|lame
|
|move|p2a: DOOT DOOT|Roost|p2a: DOOT DOOT
|-heal|p2a: DOOT DOOT|334\/334
|move|p1a: Body and Soul|Spikes|p2a: DOOT DOOT
|move|p2a: DOOT DOOT|Spikes|p1a: Body and Soul|[from]Magic Bounce
|-sidestart|p1: oh no oh no|Spikes
|
|turn|42
|
|move|p2a: DOOT DOOT|Night Shade|p1a: Body and Soul
|-damage|p1a: Body and Soul|254\/354
|move|p1a: Body and Soul|Rapid Spin|p2a: DOOT DOOT
|-damage|p2a: DOOT DOOT|322\/334
|-damage|p1a: Body and Soul|195\/354|[from] item: Rocky Helmet|[of] p2a: DOOT DOOT
|-sideend|p1: oh no oh no|Spikes|[from] move: Rapid Spin|[of] p1a: Body and Soul
|
|-heal|p1a: Body and Soul|217\/354|[from] item: Leftovers
|turn|43
|
|switch|p1a: Lush Life|Celebi|403\/403
|move|p2a: DOOT DOOT|Night Shade|p1a: Lush Life
|-damage|p1a: Lush Life|303\/403
|
|-heal|p1a: Lush Life|328\/403|[from] item: Leftovers
|turn|44
|c| DatGuyChuck|why are you still using this team
|c|âTolstoy|cuz it's the greatest team ever constructed
|c|âTolstoy|and has never lost
|
|move|p1a: Lush Life|Stealth Rock|p2a: DOOT DOOT
|move|p2a: DOOT DOOT|Stealth Rock|p1a: Lush Life|[from]Magic Bounce
|-sidestart|p1: oh no oh no|move: Stealth Rock
|move|p2a: DOOT DOOT|U-turn|p1a: Lush Life
|-supereffective|p1a: Lush Life
|-damage|p1a: Lush Life|192\/403
|
|switch|p2a: Redneck|Archeops, M|227\/291
|
|-heal|p2a: Redneck|245\/291|[from] item: Leftovers
|-heal|p1a: Lush Life|217\/403|[from] item: Leftovers
|turn|45
|c| DatGuyChuck|o
|c|âoh no oh no|How am I faster!
|c|âTolstoy|uhh
|c|âTolstoy|I'm 0 speed xats
|c|âTolstoy|how speed are you
|c| Bob the Bro|scarf forry
|c| Bob the Bro|tbh
|c|âTolstoy|scarf forre ruins me
|c| DatGuyChuck|"how speed are you"
|c|âTolstoy|especially HP fire
|c| Bob the Bro|tru
|c|âoh no oh no|fuck
|c|âTolstoy|haha!
|c|âoh no oh no|i can't get past this team
|
|switch|p1a: Nardis|Weezing, F|167\/333
|-damage|p1a: Nardis|126\/333|[from] Stealth Rock
|move|p2a: Redneck|Stone Edge|p1a: Nardis
|-damage|p1a: Nardis|15\/333
|
|-heal|p2a: Redneck|263\/291|[from] item: Leftovers
|-heal|p1a: Nardis|35\/333|[from] item: Black Sludge
|turn|46
|c|âTolstoy|q$^)
|c|âTolstoy|ok archeops
|c| Bob the Bro|ez
|c|âTolstoy|you have
|c|âTolstoy|1 job
|c|âTolstoy|or ur off the team!
|c| DatGuyChuck|miss
|
|switch|p1a: Body and Soul|Forretress, M|217\/354
|-damage|p1a: Body and Soul|173\/354|[from] Stealth Rock
|move|p2a: Redneck|Stone Edge|p1a: Body and Soul
|-damage|p1a: Body and Soul|68\/354
|
|-heal|p2a: Redneck|281\/291|[from] item: Leftovers
|-heal|p1a: Body and Soul|90\/354|[from] item: Leftovers
|turn|47
|c| DatGuyChuck|miss
|c| DatGuyChuck|miss
|c|âTolstoy|oh
|c|âTolstoy|ok
|c|âTolstoy|2 jobs
|c| DatGuyChuck|see?
|c|âTolstoy|1 more job
|c| DatGuyChuck|miss
|c| DatGuyChuck|miss
|c| DatGuyChuck|miss
|c| DatGuyChuck|miss
|c| DatGuyChuck|miss
|c|âTolstoy|miss
|c|âTolstoy|miss
|c|âTolstoy|miss
|c|âTolstoy|**miss**
|c|âTolstoy|**miss**
|
|move|p2a: Redneck|Stone Edge|p1a: Body and Soul
|-damage|p1a: Body and Soul|0 fnt
|faint|p1a: Body and Soul
|
|-heal|p2a: Redneck|291\/291|[from] item: Leftovers
|c|âTolstoy|**miss**
|c|âTolstoy|eyyyyyyyyyyyy
|c| Bob the Bro|ah nb
|c| DatGuyChuck|damn it
|c|âoh no oh no|noo gg
|c| Bob the Bro|ayyyyy lmoa
|c|âTolstoy|gg
|-message|oh no oh no forfeited.
|
|win|Tolstoy
|raw|Ladder updating...
|leave|oh no oh no
|player|p1
|raw|oh no oh no's rating: 1678 &rarr; <strong>1648<\/strong><br \/>(-30 for losing)
|raw|Tolstoy's rating: 1489 &rarr; <strong>1519<\/strong><br \/>(+30 for winning)