|join|Tolstoy
|join|SmogonDMTrash
|player|p1|Tolstoy|184
|player|p2|SmogonDMTrash|25
|gametype|singles
|gen|6
|tier|UU
|rule|Sleep Clause Mod: Limit one foe put to sleep
|rule|Species Clause: Limit one of each PokÃ©mon
|rule|OHKO Clause: OHKO moves are banned
|rule|Moody Clause: Moody is banned
|rule|Evasion Moves Clause: Evasion moves are banned
|rule|Endless Battle Clause: Forcing endless battles is banned
|rule|HP Percentage Mod: HP is shown in percentages
|clearpoke
|poke|p1|Pawniard, M
|poke|p1|Pineco, L5, M, shiny
|poke|p1|Pikachu, M, shiny
|poke|p1|Bunnelby, M, shiny
|poke|p1|Sneasel, F
|poke|p1|Fletchling, M
|poke|p2|Articuno
|poke|p2|Krookodile, F
|poke|p2|Vaporeon, F
|poke|p2|Xatu, M
|poke|p2|Jirachi
|poke|p2|Crobat, M
|rule|Swagger Clause: Swagger is banned
|rule|Baton Pass Clause: Limit one PokÃ©mon knowing Baton Pass
|teampreview
|c|âSmogonDMTrash|what is this?
|c|âTolstoy|?????????????????????????????
|c|âSmogonDMTrash|Are you Ashton Kutcher?
|
|start
|switch|p1a: NO PINECO NO|Pineco, L5, M, shiny|20\/20
|switch|p2a: Articuno|Articuno|369\/369
|-ability|p2a: Articuno|Pressure
|turn|1
|
|move|p2a: Articuno|Substitute|p2a: Articuno
|-start|p2a: Articuno|Substitute
|-damage|p2a: Articuno|277\/369
|move|p1a: NO PINECO NO|Pain Split|p2a: Articuno
|
|turn|2
|
|move|p2a: Articuno|Toxic|p1a: NO PINECO NO
|-status|p1a: NO PINECO NO|tox
|move|p1a: NO PINECO NO|Stealth Rock|p2a: Articuno
|-sidestart|p2: SmogonDMTrash|move: Stealth Rock
|
|-damage|p1a: NO PINECO NO|19\/20 tox|[from] psn
|turn|3
|
|move|p2a: Articuno|Freeze-Dry|p1a: NO PINECO NO
|-damage|p1a: NO PINECO NO|0 fnt
|-damage|p2a: Articuno|241\/369|[from] item: Life Orb
|faint|p1a: NO PINECO NO
|
|
|switch|p1a: no|Pawniard, M|231\/231
|turn|4
|
|move|p2a: Articuno|Roost|p2a: Articuno
|-heal|p2a: Articuno|369\/369
|move|p1a: no|Knock Off|p2a: Articuno
|-end|p2a: Articuno|Substitute
|
|turn|5
|
|switch|p2a: Krookodile|Krookodile, F|331\/331
|-damage|p2a: Krookodile|311\/331|[from] Stealth Rock
|-ability|p2a: Krookodile|Intimidate|[of] p1a: no
|-unboost|p1a: no|atk|1
|-boost|p1a: no|atk|2|[from] ability: Defiant
|move|p1a: no|Iron Head|p2a: Krookodile
|-damage|p2a: Krookodile|95\/331
|
|turn|6
|
|switch|p1a: Crutchling|Fletchling, M|294\/294
|move|p2a: Krookodile|Earthquake|p1a: Crutchling
|-immune|p1a: Crutchling|[msg]
|
|turn|7
|
|move|p1a: Crutchling|Acrobatics|p2a: Krookodile
|-damage|p2a: Krookodile|0 fnt
|faint|p2a: Krookodile
|
|c|âSmogonDMTrash|this cant be happening
|
|switch|p2a: Jirachi|Jirachi|341\/341
|-damage|p2a: Jirachi|320\/341|[from] Stealth Rock
|turn|8
|join|THEiTodd
|
|switch|p1a: Power of Frenship|Bunnelby, M, shiny|218\/218
|move|p2a: Jirachi|Trick|p1a: Power of Frenship
|-activate|p2a: Jirachi|move: Trick|[of] p1a: Power of Frenship
|-item|p1a: Power of Frenship|Choice Scarf|[from] move: Trick
|-item|p2a: Jirachi|Choice Band|[from] move: Trick
|
|turn|9
|c| THEiTodd|woah
|c| THEiTodd|i'm
|c| THEiTodd|afraid
|
|move|p2a: Jirachi|Iron Head|p1a: Power of Frenship
|-damage|p1a: Power of Frenship|0 fnt
|faint|p1a: Power of Frenship
|
|
|switch|p1a: no|Pawniard, M|231\/231
|turn|10
|c| THEiTodd|no
|
|switch|p2a: Vaporeon|Vaporeon, F|451\/451
|-damage|p2a: Vaporeon|395\/451|[from] Stealth Rock
|move|p1a: no|Swords Dance|p1a: no
|-boost|p1a: no|atk|2
|
|-heal|p2a: Vaporeon|423\/451|[from] item: Leftovers
|turn|11
|c| THEiTodd|yes
|c|âTolstoy|plz
|c| THEiTodd|yes
|
|move|p1a: no|Swords Dance|p1a: no
|-boost|p1a: no|atk|2
|move|p2a: Vaporeon|Scald|p1a: no
|-damage|p1a: no|102\/231
|
|-heal|p2a: Vaporeon|451\/451|[from] item: Leftovers
|turn|12
|c| THEiTodd|yes
|c| THEiTodd|YES
|c| THEiTodd|YES
|
|move|p1a: no|Knock Off|p2a: Vaporeon
|-damage|p2a: Vaporeon|6\/451
|-enditem|p2a: Vaporeon|Leftovers|[from] move: Knock Off|[of] p1a: no
|move|p2a: Vaporeon|Scald|p1a: no
|-damage|p1a: no|0 fnt
|faint|p1a: no
|
|c| THEiTodd|YES
|c| THEiTodd|NO
|c| THEiTodd|NO
|c| THEiTodd|NO
|c| THEiTodd|NO
|c| THEiTodd|NO
|c|âTolstoy|oh dear
|
|switch|p1a: Achoo|Sneasel, F|251\/251
|turn|13
|c|âSmogonDMTrash|Flygon Syndrome imo
|c| THEiTodd|set up with pikachu!
|c| THEiTodd|or sneasel
|c| THEiTodd|bless you
|
|move|p1a: Achoo|Swords Dance|p1a: Achoo
|-boost|p1a: Achoo|atk|2
|move|p2a: Vaporeon|Wish|p2a: Vaporeon
|
|turn|14
|
|move|p1a: Achoo|Swords Dance|p1a: Achoo
|-boost|p1a: Achoo|atk|2
|move|p2a: Vaporeon|Scald|p1a: Achoo
|-damage|p1a: Achoo|115\/251
|
|-heal|p2a: Vaporeon|231\/451|[from] move: Wish|[wisher] Vaporeon
|turn|15
|
|move|p2a: Vaporeon|Protect|p2a: Vaporeon
|-singleturn|p2a: Vaporeon|Protect
|move|p1a: Achoo|Knock Off|p2a: Vaporeon
|-activate|p2a: Vaporeon|Protect
|
|turn|16
|
|switch|p2a: Xatu|Xatu, M|333\/333
|-damage|p2a: Xatu|250\/333|[from] Stealth Rock
|move|p1a: Achoo|Knock Off|p2a: Xatu
|-supereffective|p2a: Xatu
|-damage|p2a: Xatu|0 fnt
|-damage|p1a: Achoo|74\/251|[from] item: Rocky Helmet|[of] p2a: Xatu
|-enditem|p2a: Xatu|Rocky Helmet|[from] move: Knock Off|[of] p1a: Achoo
|-damage|p1a: Achoo|49\/251|[from] item: Life Orb
|faint|p2a: Xatu
|
|
|switch|p2a: Jirachi|Jirachi|320\/341
|-damage|p2a: Jirachi|299\/341|[from] Stealth Rock
|turn|17
|
|move|p1a: Achoo|Knock Off|p2a: Jirachi
|-supereffective|p2a: Jirachi
|-damage|p2a: Jirachi|0 fnt
|-enditem|p2a: Jirachi|Choice Band|[from] move: Knock Off|[of] p1a: Achoo
|-damage|p1a: Achoo|24\/251|[from] item: Life Orb
|faint|p2a: Jirachi
|
|
|switch|p2a: Crobat|Crobat, M|325\/325
|-damage|p2a: Crobat|244\/325|[from] Stealth Rock
|turn|18
|
|move|p1a: Achoo|Ice Shard|p2a: Crobat
|-supereffective|p2a: Crobat
|-damage|p2a: Crobat|0 fnt
|-damage|p1a: Achoo|0 fnt|[from] item: Life Orb
|faint|p2a: Crobat
|faint|p1a: Achoo
|
|c|âSmogonDMTrash|gg you goddamn legend
|c| THEiTodd|yay!
|c| THEiTodd|pika
|c| THEiTodd|chu
|c| THEiTodd|PIKA
|c| THEiTodd|CHUUUUUUUUU
|
|switch|p1a: Extreme|Pikachu, M, shiny|212\/212
|switch|p2a: Articuno|Articuno|369\/369
|-damage|p2a: Articuno|185\/369|[from] Stealth Rock
|-ability|p2a: Articuno|Pressure
|turn|19
|c| THEiTodd|PIKA
|c| THEiTodd|CHUUUUUUUUUUUUUUUUUUU
|c| THEiTodd|PIKA
|c| THEiTodd|CHUUUUUUUUUUUUUUUUU
|
|move|p1a: Extreme|Thunderbolt|p2a: Articuno
|-supereffective|p2a: Articuno
|-damage|p2a: Articuno|0 fnt
|faint|p2a: Articuno
|
|
|switch|p2a: Vaporeon|Vaporeon, F|231\/451
|-damage|p2a: Vaporeon|175\/451|[from] Stealth Rock
|turn|20
|c|âTolstoy|gg
|
|move|p1a: Extreme|Thunderbolt|p2a: Vaporeon
|-supereffective|p2a: Vaporeon
|-damage|p2a: Vaporeon|0 fnt
|faint|p2a: Vaporeon
|
|win|Tolstoy
|join|Meowiekins
|c| Meowiekins|tiny team!