|join|Tolstoy
|join|SDF
|player|p1|Tolstoy|184
|player|p2|SDF|168
|gametype|singles
|gen|6
|tier|UU
|rated
|rule|Sleep Clause Mod: Limit one foe put to sleep
|rule|Species Clause: Limit one of each PokÃ©mon
|rule|OHKO Clause: OHKO moves are banned
|rule|Moody Clause: Moody is banned
|rule|Evasion Moves Clause: Evasion moves are banned
|rule|Endless Battle Clause: Forcing endless battles is banned
|rule|HP Percentage Mod: HP is shown in percentages
|clearpoke
|poke|p1|Shedinja
|poke|p1|Absol, F
|poke|p1|Xatu, M
|poke|p1|Cobalion
|poke|p1|Archeops, M
|poke|p1|Tentacruel, M
|poke|p2|Umbreon, M
|poke|p2|Forretress, M
|poke|p2|Ampharos, M
|poke|p2|Swampert, F
|poke|p2|Entei, shiny
|poke|p2|Whimsicott, F
|rule|Swagger Clause: Swagger is banned
|rule|Baton Pass Clause: Limit one PokÃ©mon knowing Baton Pass
|teampreview
|join|Bob the Wut
|c|âTolstoy|go easy please I'm tired of losing
|
|start
|switch|p1a: Redneck|Archeops, M|291\/291
|switch|p2a: BrunoMarch|Forretress, M|354\/354
|turn|1
|join|sniperaim
|c| Bob the Wut|this is
|
|move|p1a: Redneck|U-turn|p2a: BrunoMarch
|-resisted|p2a: BrunoMarch
|-damage|p2a: BrunoMarch|329\/354
|c| Bob the Wut|king's team
|
|switch|p1a: Win Condition|Shedinja|1\/1
|move|p2a: BrunoMarch|Gyro Ball|p1a: Win Condition
|-activate|p1a: Win Condition|ability: Wonder Guard
|
|-heal|p2a: BrunoMarch|351\/354|[from] item: Leftovers
|turn|2
|c| Bob the Wut|4\/6
|c|âTolstoy|almost
|c| Bob the Wut|of it
|c|âTolstoy|yeah
|c|âTolstoy|entei over tini
|
|switch|p1a: DOOT DOOT|Xatu, M|334\/334
|switch|p2a: UnderDog|Entei, shiny|371\/371
|-ability|p2a: UnderDog|Pressure
|
|turn|3
|c|âTolstoy|and wtf whas whim spot
|join|namehtmas
|
|switch|p1a: Tentei|Tentacruel, M|364\/364
|move|p2a: UnderDog|Stone Edge|p1a: Tentei
|-damage|p1a: Tentei|239\/364
|
|-heal|p1a: Tentei|261\/364|[from] item: Black Sludge
|turn|4
|join|DatGuyChuck
|c| Bob the Wut|scarbatr
|c|âTolstoy|ahh
|c| Bob the Wut|scarf whim imo
|c| DatGuyChuck|dmt
|
|switch|p2a: SS3|Ampharos, M|321\/321
|move|p1a: Tentei|Toxic Spikes|p2a: SS3
|-sidestart|p2: SDF|move: Toxic Spikes
|
|-heal|p1a: Tentei|283\/364|[from] item: Black Sludge
|turn|5
|c|âTolstoy|?
|c|âTolstoy|welp
|c|âTolstoy|rip my team
|c| DatGuyChuck|you will lose
|c|âTolstoy|ya
|c| DatGuyChuck|this battle
|c|âTolstoy|this thing 8-0's me
|
|switch|p1a: Secretly Bidoof|Cobalion|323\/323
|detailschange|p2a: SS3|Ampharos-Mega, M
|-mega|p2a: SS3|Ampharos|Ampharosite
|-ability|p2a: SS3|Mold Breaker
|move|p2a: SS3|Volt Switch|p1a: Secretly Bidoof
|-damage|p1a: Secretly Bidoof|154\/323
|c| DatGuyChuck|the glass ball in my room says so
|c|âTolstoy|cobalion is my counter
|
|switch|p2a: BrunoMarch|Forretress, M|351\/354
|
|-heal|p2a: BrunoMarch|354\/354|[from] item: Leftovers
|turn|6
|
|move|p1a: Secretly Bidoof|Volt Switch|p2a: BrunoMarch
|-damage|p2a: BrunoMarch|287\/354
|
|switch|p1a: DOOT DOOT|Xatu, M|334\/334
|move|p2a: BrunoMarch|Volt Switch|p1a: DOOT DOOT
|-crit|p1a: DOOT DOOT
|-supereffective|p1a: DOOT DOOT
|-damage|p1a: DOOT DOOT|190\/334
|
|switch|p2a: SS3|Ampharos-Mega, M|321\/321
|-status|p2a: SS3|psn
|-ability|p2a: SS3|Mold Breaker
|
|-damage|p2a: SS3|281\/321 psn|[from] psn
|turn|7
|
|move|p1a: DOOT DOOT|Roost|p1a: DOOT DOOT
|-heal|p1a: DOOT DOOT|334\/334
|move|p2a: SS3|Volt Switch|p1a: DOOT DOOT
|-damage|p1a: DOOT DOOT|160\/334
|
|switch|p2a: BrunoMarch|Forretress, M|287\/354
|
|-heal|p2a: BrunoMarch|309\/354|[from] item: Leftovers
|turn|8
|
|move|p1a: DOOT DOOT|Heat Wave|p2a: BrunoMarch
|-supereffective|p2a: BrunoMarch
|-damage|p2a: BrunoMarch|0 fnt
|faint|p2a: BrunoMarch
|
|c| Bob the Wut|sick
|c|âTolstoy|thx
|
|switch|p2a: SS3|Ampharos-Mega, M|281\/321 psn
|-ability|p2a: SS3|Mold Breaker
|turn|9
|c|âTolstoy|I'm likgin
|c|âTolstoy|heatwave psych over
|c|âTolstoy|giga nightshade
|
|move|p1a: DOOT DOOT|Roost|p1a: DOOT DOOT
|-heal|p1a: DOOT DOOT|327\/334
|move|p2a: SS3|Volt Switch|p1a: DOOT DOOT
|-damage|p1a: DOOT DOOT|159\/334
|join|BIGGSTEELIX
|
|switch|p2a: SimbA|Whimsicott, F|261\/261
|-status|p2a: SimbA|psn
|
|-damage|p2a: SimbA|229\/261 psn|[from] psn
|turn|10
|
|switch|p1a: Tentei|Tentacruel, M|283\/364
|move|p2a: SimbA|U-turn|p1a: Tentei
|-resisted|p1a: Tentei
|-damage|p1a: Tentei|263\/364
|
|switch|p2a: SS3|Ampharos-Mega, M|281\/321 psn
|-ability|p2a: SS3|Mold Breaker
|
|-heal|p1a: Tentei|285\/364|[from] item: Black Sludge
|-damage|p2a: SS3|241\/321 psn|[from] psn
|turn|11
|join|Meowiekins
|c| DatGuyChuck|when are you gonna go into your counter to everything
|
|switch|p1a: Secretly Bidoof|Cobalion|154\/323
|move|p2a: SS3|Volt Switch|p1a: Secretly Bidoof
|-damage|p1a: Secretly Bidoof|0 fnt
|faint|p1a: Secretly Bidoof
|c| DatGuyChuck|that is sheddy
|
|switch|p2a: SwamDerp|Swampert, F|341\/341
|-status|p2a: SwamDerp|psn
|
|-damage|p2a: SwamDerp|299\/341 psn|[from] psn
|c|âTolstoy|after I kill
|c|âTolstoy|literally
|c|âTolstoy|all of his mons
|c| Meowiekins|^
|c|âTolstoy|cuz that's what's stopping me from shed sweep
|c|âTolstoy|is he has alive pokemon
|
|switch|p1a: FairyDark plz|Absol, F|271\/271
|turn|12
|c| DatGuyChuck|only umby and entei
|
|detailschange|p1a: FairyDark plz|Absol-Mega, F
|-mega|p1a: FairyDark plz|Absol|Absolite
|move|p1a: FairyDark plz|Baton Pass|p1a: FairyDark plz
|
|switch|p1a: Win Condition|Shedinja|1\/1
|move|p2a: SwamDerp|Scald|p1a: Win Condition
|-activate|p1a: Win Condition|ability: Wonder Guard
|
|-heal|p2a: SwamDerp|320\/341 psn|[from] item: Leftovers
|-damage|p2a: SwamDerp|278\/341 psn|[from] psn
|turn|13
|c| DatGuyChuck|are stopping your sweep
|c| Meowiekins|and amph
|c| DatGuyChuck|what does amph have
|c| Meowiekins|and perts roar +rocks
|
|switch|p2a: SS3|Ampharos-Mega, M|241\/321 psn
|-ability|p2a: SS3|Mold Breaker
|move|p1a: Win Condition|Swords Dance|p1a: Win Condition
|-boost|p1a: Win Condition|atk|2
|
|-damage|p2a: SS3|201\/321 psn|[from] psn
|turn|14
|c| Meowiekins|mold breaker
|
|move|p1a: Win Condition|Protect|p1a: Win Condition
|-singleturn|p1a: Win Condition|Protect
|move|p2a: SS3|Rest|p2a: SS3
|-status|p2a: SS3|slp
|-heal|p2a: SS3|321\/321 slp|[silent]
|-status|p2a: SS3|slp|[from] move: Rest
|
|turn|15
|c| DatGuyChuck|o rite
|c| Bob the Wut|mold breaker
|c| Meowiekins|dummy
|c|âTolstoy|o fuck
|c| Bob the Wut|you fkn donger
|c|âTolstoy|it's this set
|
|switch|p2a: UnderDog|Entei, shiny|371\/371
|-status|p2a: UnderDog|psn
|-ability|p2a: UnderDog|Pressure
|move|p1a: Win Condition|X-Scissor|p2a: UnderDog
|-resisted|p2a: UnderDog
|-damage|p2a: UnderDog|233\/371 psn
|
|-damage|p2a: UnderDog|187\/371 psn|[from] psn
|turn|16
|c| DatGuyChuck|oml
|
|move|p1a: Win Condition|Protect|p1a: Win Condition
|-singleturn|p1a: Win Condition|Protect
|move|p2a: UnderDog|Sacred Fire|p1a: Win Condition
|-activate|p1a: Win Condition|Protect
|
|-damage|p2a: UnderDog|141\/371 psn|[from] psn
|turn|17
|
|switch|p1a: Tentei|Tentacruel, M|285\/364
|move|p2a: UnderDog|Sacred Fire|p1a: Tentei
|-resisted|p1a: Tentei
|-damage|p1a: Tentei|190\/364
|-status|p1a: Tentei|brn
|
|-heal|p1a: Tentei|212\/364 brn|[from] item: Black Sludge
|-damage|p2a: UnderDog|95\/371 psn|[from] psn
|-damage|p1a: Tentei|167\/364 brn|[from] brn
|turn|18
|
|switch|p2a: Loki|Umbreon, M|394\/394
|-status|p2a: Loki|psn
|move|p1a: Tentei|Acid Spray|p2a: Loki
|-damage|p2a: Loki|367\/394 psn
|-unboost|p2a: Loki|spd|2
|
|-heal|p1a: Tentei|189\/364 brn|[from] item: Black Sludge
|-heal|p2a: Loki|391\/394 psn|[from] item: Leftovers
|-damage|p1a: Tentei|144\/364 brn|[from] brn
|-damage|p2a: Loki|342\/394 psn|[from] psn
|turn|19
|
|move|p1a: Tentei|Scald|p2a: Loki
|-damage|p2a: Loki|251\/394 psn
|move|p2a: Loki|Heal Bell|p2a: Loki
|-cureteam|p2a: Loki|[from] move: HealBell
|
|-heal|p1a: Tentei|166\/364 brn|[from] item: Black Sludge
|-heal|p2a: Loki|275\/394|[from] item: Leftovers
|-damage|p1a: Tentei|121\/364 brn|[from] brn
|turn|20
|
|move|p1a: Tentei|Acid Spray|p2a: Loki
|-damage|p2a: Loki|224\/394
|-unboost|p2a: Loki|spd|2
|move|p2a: Loki|Wish|p2a: Loki
|
|-heal|p1a: Tentei|143\/364 brn|[from] item: Black Sludge
|-heal|p2a: Loki|248\/394|[from] item: Leftovers
|-damage|p1a: Tentei|98\/364 brn|[from] brn
|turn|21
|
|switch|p1a: Redneck|Archeops, M|291\/291
|move|p2a: Loki|Detect|p2a: Loki
|-fail|p2a: Loki
|
|-heal|p2a: Loki|394\/394|[from] move: Wish|[wisher] Loki
|turn|22
|join|Kushalos
|c| Bob the Wut|protect too mainstream
|c|âTolstoy|WHY
|c|âTolstoy|D U HAV DETECYG
|
|move|p1a: Redneck|Switcheroo|p2a: Loki
|-activate|p1a: Redneck|move: Trick|[of] p2a: Loki
|-item|p2a: Loki|Choice Scarf|[from] Trick
|-item|p1a: Redneck|Leftovers|[from] Trick
|move|p2a: Loki|Foul Play|p1a: Redneck
|-damage|p1a: Redneck|18\/291
|
|-heal|p1a: Redneck|36\/291|[from] item: Leftovers
|turn|23
|
|move|p1a: Redneck|U-turn|p2a: Loki
|-supereffective|p2a: Loki
|-damage|p2a: Loki|314\/394
|
|switch|p1a: Tentei|Tentacruel, M|98\/364 brn
|move|p2a: Loki|Foul Play|p1a: Tentei
|-crit|p1a: Tentei
|-damage|p1a: Tentei|4\/364 brn
|
|-heal|p1a: Tentei|26\/364 brn|[from] item: Black Sludge
|-damage|p1a: Tentei|0 fnt|[from] brn
|faint|p1a: Tentei
|
|switch|p1a: DOOT DOOT|Xatu, M|159\/334
|turn|24
|
|move|p2a: Loki|Foul Play|p1a: DOOT DOOT
|-supereffective|p1a: DOOT DOOT
|-damage|p1a: DOOT DOOT|33\/334
|-damage|p2a: Loki|249\/394|[from] item: Rocky Helmet|[of] p1a: DOOT DOOT
|move|p1a: DOOT DOOT|Roost|p1a: DOOT DOOT
|-heal|p1a: DOOT DOOT|200\/334
|
|turn|25
|
|switch|p2a: SS3|Ampharos-Mega, M|321\/321
|-status|p2a: SS3|psn
|-ability|p2a: SS3|Mold Breaker
|move|p1a: DOOT DOOT|Roost|p1a: DOOT DOOT
|-heal|p1a: DOOT DOOT|334\/334
|
|-damage|p2a: SS3|281\/321 psn|[from] psn
|turn|26
|
|switch|p1a: Redneck|Archeops, M|36\/291
|switch|p2a: Loki|Umbreon, M|249\/394
|-status|p2a: Loki|psn
|
|-heal|p1a: Redneck|54\/291|[from] item: Leftovers
|-damage|p2a: Loki|200\/394 psn|[from] psn
|turn|27
|
|move|p1a: Redneck|Stone Edge|p2a: Loki
|-damage|p2a: Loki|107\/394 psn
|move|p2a: Loki|Wish|p2a: Loki
|
|-heal|p1a: Redneck|72\/291|[from] item: Leftovers
|-damage|p2a: Loki|58\/394 psn|[from] psn
|turn|28
|
|switch|p2a: SwamDerp|Swampert, F|278\/341
|-status|p2a: SwamDerp|psn
|move|p1a: Redneck|Stone Edge|p2a: SwamDerp
|-resisted|p2a: SwamDerp
|-damage|p2a: SwamDerp|244\/341 psn
|
|-heal|p2a: SwamDerp|341\/341 psn|[from] move: Wish|[wisher] Loki
|-heal|p1a: Redneck|90\/291|[from] item: Leftovers
|-damage|p2a: SwamDerp|299\/341 psn|[from] psn
|turn|29
|c| DatGuyChuck|eball
|c| DatGuyChuck|where
|
|move|p1a: Redneck|U-turn|p2a: SwamDerp
|-damage|p2a: SwamDerp|262\/341 psn
|
|switch|p1a: DOOT DOOT|Xatu, M|334\/334
|move|p2a: SwamDerp|Stealth Rock|p1a: DOOT DOOT
|move|p1a: DOOT DOOT|Stealth Rock|p2a: SwamDerp|[from]Magic Bounce
|-sidestart|p2: SDF|move: Stealth Rock
|
|-heal|p2a: SwamDerp|283\/341 psn|[from] item: Leftovers
|-damage|p2a: SwamDerp|241\/341 psn|[from] psn
|turn|30
|
|move|p1a: DOOT DOOT|Psychic|p2a: SwamDerp
|-damage|p2a: SwamDerp|127\/341 psn
|move|p2a: SwamDerp|Scald|p1a: DOOT DOOT
|-damage|p1a: DOOT DOOT|243\/334
|
|-heal|p2a: SwamDerp|148\/341 psn|[from] item: Leftovers
|-damage|p2a: SwamDerp|106\/341 psn|[from] psn
|turn|31
|c|âTolstoy|was it worth it
|c| DatGuyChuck|yes
|join|andybax
|c| DatGuyChuck|it was
|c|âTolstoy|ok
|
|move|p1a: DOOT DOOT|Psychic|p2a: SwamDerp
|-damage|p2a: SwamDerp|3\/341 psn
|move|p2a: SwamDerp|Ice Punch|p1a: DOOT DOOT
|-supereffective|p1a: DOOT DOOT
|-damage|p1a: DOOT DOOT|105\/334
|-damage|p2a: SwamDerp|0 fnt|[from] item: Rocky Helmet|[of] p1a: DOOT DOOT
|faint|p2a: SwamDerp
|
|
|switch|p2a: UnderDog|Entei, shiny|95\/371
|-status|p2a: UnderDog|psn
|-damage|p2a: UnderDog|3\/371 psn|[from] Stealth Rock
|-ability|p2a: UnderDog|Pressure
|turn|32
|
|switch|p1a: Redneck|Archeops, M|90\/291
|move|p2a: UnderDog|Sacred Fire|p1a: Redneck
|-resisted|p1a: Redneck
|-damage|p1a: Redneck|0 fnt
|faint|p1a: Redneck
|
|-damage|p2a: UnderDog|0 fnt|[from] psn
|faint|p2a: UnderDog
|
|switch|p2a: Loki|Umbreon, M|58\/394 psn
|switch|p1a: Win Condition|Shedinja|1\/1
|-damage|p2a: Loki|9\/394 psn|[from] Stealth Rock
|turn|33
|
|move|p1a: Win Condition|Shadow Sneak|p2a: Loki
|-resisted|p2a: Loki
|-damage|p2a: Loki|0 fnt
|faint|p2a: Loki
|
|
|switch|p2a: SimbA|Whimsicott, F|229\/261
|-status|p2a: SimbA|psn
|-damage|p2a: SimbA|197\/261 psn|[from] Stealth Rock
|turn|34
|c| DatGuyChuck|dmt loses here?
|c|âSDF|gg
|c|âTolstoy|idk
|c|âTolstoy|gg?
|
|switch|p1a: DOOT DOOT|Xatu, M|105\/334
|move|p2a: SimbA|Moonblast|p1a: DOOT DOOT
|-damage|p1a: DOOT DOOT|0 fnt
|faint|p1a: DOOT DOOT
|
|-heal|p2a: SimbA|213\/261 psn|[from] item: Leftovers
|-damage|p2a: SimbA|181\/261 psn|[from] psn
|c| DatGuyChuck|if you go +6
|c|âSDF|i cant touch shed
|
|switch|p1a: Win Condition|Shedinja|1\/1
|turn|35
|c| DatGuyChuck|and get REALLY lucky
|c|âTolstoy|o cool
|c| DatGuyChuck|you win
|c| Bob the Wut|m
|c| Bob the Wut|f
|c| Bob the Wut|w
|c|âTolstoy|bob
|
|move|p2a: SimbA|Moonblast|p1a: Win Condition
|-activate|p1a: Win Condition|ability: Wonder Guard
|move|p1a: Win Condition|X-Scissor|p2a: SimbA
|-damage|p2a: SimbA|45\/261 psn
|
|-heal|p2a: SimbA|61\/261 psn|[from] item: Leftovers
|-damage|p2a: SimbA|29\/261 psn|[from] psn
|turn|36
|c|âTolstoy|shh
|c|âTolstoy|he can't touch shed
|c| DatGuyChuck|ok
|c| Bob the Wut|do i reveal
|c| DatGuyChuck|yes
|c| BIGGSTEELIX|LOL
|
|move|p2a: SimbA|U-turn|p1a: Win Condition
|-activate|p1a: Win Condition|ability: Wonder Guard
|move|p1a: Win Condition|Swords Dance|p1a: Win Condition
|-boost|p1a: Win Condition|atk|2
|
|-heal|p2a: SimbA|45\/261 psn|[from] item: Leftovers
|-damage|p2a: SimbA|13\/261 psn|[from] psn
|turn|37
|c| DatGuyChuck|he cant touch shed
|
|move|p1a: Win Condition|Protect|p1a: Win Condition
|-singleturn|p1a: Win Condition|Protect
|move|p2a: SimbA|Encore|p1a: Win Condition
|-activate|p1a: Win Condition|Protect
|
|-heal|p2a: SimbA|29\/261 psn|[from] item: Leftovers
|-damage|p2a: SimbA|0 fnt|[from] psn
|faint|p2a: SimbA
|c| DatGuyChuck|wait dmt
|c| DatGuyChuck|o
|c| DatGuyChuck|ok makes sense
|c|âSDF|close
|c|âSDF|not
|c|âTolstoy|!dt mold breaker
|c|~|\/data-ability Mold Breaker
|raw|<font size="1"><\/font>
|c|âSDF|gg
|c|âTolstoy|idk gg
|c| Bob the Wut|we literally said mold breaker like 5 times
|c| DatGuyChuck|tbh
|c| DatGuyChuck|if he rolls a rest
|c| Bob the Wut|and you said amphy 8-0s you
|c|âSDF|is mold breaker break wonder guard?
|c| DatGuyChuck|you might win
|c|âSDF|asking?
|c| DatGuyChuck|no
|c|âTolstoy|yes
|c| DatGuyChuck|it doesnt
|c|âTolstoy|I say that cuz I think I can still win
|c| DatGuyChuck|theres a chance
|c|âSDF|lol any if really vs dmt
|c|âSDF|im honor
|c|âTolstoy|ya
|c|âTolstoy|haha
|c|âSDF|i try my best
|c|âTolstoy|was gg1
|
|switch|p2a: SS3|Ampharos-Mega, M|281\/321 psn
|-damage|p2a: SS3|241\/321 psn|[from] Stealth Rock
|-ability|p2a: SS3|Mold Breaker
|turn|38
|c| DatGuyChuck|sash still intact?
|c|âSDF|yes
|c| Bob the Wut|its focus band
|
|move|p1a: Win Condition|X-Scissor|p2a: SS3
|-damage|p2a: SS3|0 fnt
|faint|p2a: SS3
|
|win|Tolstoy
|raw|Ladder updating...
|raw|Tolstoy's rating: 1468 &rarr; <strong>1481<\/strong><br \/>(+13 for winning)
|raw|SDF's rating: 1332 &rarr; <strong>1320<\/strong><br \/>(-12 for losing)
|c|âTolstoy|o gg
|c|âTolstoy|lol
|c| DatGuyChuck|o
|c| DatGuyChuck|ok
|c| DatGuyChuck|nice bulk
|leave|Bob the Wut
|leave|DatGuyChuck
|leave|andybax
|leave|sniperaim