|join|King UU
|join|Tolstoy
|player|p1|King UU|22
|player|p2|Tolstoy|184
|gametype|singles
|gen|6
|tier|UU
|rated
|rule|Sleep Clause Mod: Limit one foe put to sleep
|rule|Species Clause: Limit one of each PokÃ©mon
|rule|OHKO Clause: OHKO moves are banned
|rule|Moody Clause: Moody is banned
|rule|Evasion Moves Clause: Evasion moves are banned
|rule|Endless Battle Clause: Forcing endless battles is banned
|rule|HP Percentage Mod: HP is shown in percentages
|clearpoke
|poke|p1|Jirachi
|poke|p1|Crobat, F
|poke|p1|Vaporeon, F
|poke|p1|Krookodile, F
|poke|p1|Infernape, M
|poke|p1|Whimsicott, M
|poke|p2|Jirachi
|poke|p2|Haxorus, F
|poke|p2|Swampert, F
|poke|p2|Chandelure, F
|poke|p2|Scrafty, M
|poke|p2|Gligar, M
|rule|Swagger Clause: Swagger is banned
|rule|Baton Pass Clause: Limit one PokÃ©mon knowing Baton Pass
|teampreview
|c|âTolstoy|hi
|c|âKing UU|hi
|c|âKing UU|hihi
|c|âTolstoy|please go easy and don't use fast pokemon
|c|âKing UU|hihihi
|c|âKing UU|no quiet
|c|âTolstoy|ok
|c|âKing UU|fight hard
|join|Kyla's Nightmare
|
|start
|switch|p1a: Infernape|Infernape, M|293\/293
|switch|p2a: Scrafty|Scrafty, M|334\/334
|turn|1
|c|âKing UU|Kyla what are you doing up
|c|âTolstoy|idk
|c| Kyla's Nightmare|uh
|
|move|p1a: Infernape|Taunt|p2a: Scrafty
|-start|p2a: Scrafty|move: Taunt
|move|p2a: Scrafty|Knock Off|p1a: Infernape
|-resisted|p1a: Infernape
|-damage|p1a: Infernape|223\/293
|-enditem|p1a: Infernape|Focus Sash|[from] move: Knock Off|[of] p2a: Scrafty
|
|turn|2
|
|switch|p2a: Chandelure|Chandelure, F|261\/261
|move|p1a: Infernape|Stealth Rock|p2a: Chandelure
|-sidestart|p2: Tolstoy|move: Stealth Rock
|
|turn|3
|c| Kyla's Nightmare|my sleep schedule is still fucked up from break
|
|move|p1a: Infernape|Taunt|p2a: Chandelure
|-start|p2a: Chandelure|move: Taunt
|move|p2a: Chandelure|Shadow Ball|p1a: Infernape
|-damage|p1a: Infernape|4\/293
|
|turn|4
|
|switch|p1a: Krookodile|Krookodile, F|331\/331
|-ability|p1a: Krookodile|Intimidate|[of] p2a: Chandelure
|-unboost|p2a: Chandelure|atk|1
|move|p2a: Chandelure|Shadow Ball|p1a: Krookodile
|-crit|p1a: Krookodile
|-resisted|p1a: Krookodile
|-damage|p1a: Krookodile|163\/331
|
|turn|5
|
|move|p1a: Krookodile|Pursuit|p2a: Chandelure
|-supereffective|p2a: Chandelure
|-damage|p2a: Chandelure|31\/261
|move|p2a: Chandelure|Flamethrower|p1a: Krookodile
|-damage|p1a: Krookodile|0 fnt
|faint|p1a: Krookodile
|
|-heal|p2a: Chandelure|47\/261|[from] item: Leftovers
|-end|p2a: Chandelure|move: Taunt
|c|âTolstoy|it was a
|c|âTolstoy|__50 50__
|
|switch|p1a: Jirachi|Jirachi|341\/341
|turn|6
|c|âKing UU|ugh shut up tyler
|c|âTolstoy|huehuhuehue
|
|switch|p2a: Gligar|Gligar, M|333\/333
|-damage|p2a: Gligar|292\/333|[from] Stealth Rock
|move|p1a: Jirachi|Psyshock|p2a: Gligar
|-damage|p2a: Gligar|228\/333
|
|turn|7
|c|âKing UU|down for a call?
|c|âTolstoy|inabit
|
|move|p1a: Jirachi|Substitute|p1a: Jirachi
|-start|p1a: Jirachi|Substitute
|-damage|p1a: Jirachi|256\/341
|move|p2a: Gligar|Defog|p1a: Jirachi
|-sideend|p2: Tolstoy|Stealth Rock|[from] move: Defog|[of] p2a: Gligar
|
|-heal|p1a: Jirachi|277\/341|[from] item: Leftovers
|turn|8
|
|move|p1a: Jirachi|Calm Mind|p1a: Jirachi
|-boost|p1a: Jirachi|spa|1
|-boost|p1a: Jirachi|spd|1
|move|p2a: Gligar|Earthquake|p1a: Jirachi
|-supereffective|p1a: Jirachi
|-end|p1a: Jirachi|Substitute
|
|-heal|p1a: Jirachi|298\/341|[from] item: Leftovers
|turn|9
|c| Kyla's Nightmare|:o
|c| Kyla's Nightmare|have fun with your call guys
|
|move|p1a: Jirachi|Energy Ball|p2a: Gligar
|-damage|p2a: Gligar|133\/333
|move|p2a: Gligar|U-turn|p1a: Jirachi
|-damage|p1a: Jirachi|252\/341
|
|switch|p2a: Jirachi|Jirachi|341\/341
|
|-heal|p1a: Jirachi|273\/341|[from] item: Leftovers
|turn|10
|
|move|p2a: Jirachi|Stealth Rock|p1a: Jirachi
|-sidestart|p1: King UU|move: Stealth Rock
|move|p1a: Jirachi|Psyshock|p2a: Jirachi
|-resisted|p2a: Jirachi
|-damage|p2a: Jirachi|298\/341
|
|-heal|p1a: Jirachi|294\/341|[from] item: Leftovers
|turn|11
|
|move|p2a: Jirachi|Fire Punch|p1a: Jirachi
|-supereffective|p1a: Jirachi
|-damage|p1a: Jirachi|100\/341
|move|p1a: Jirachi|Substitute|p1a: Jirachi
|-start|p1a: Jirachi|Substitute
|-damage|p1a: Jirachi|15\/341
|
|-heal|p1a: Jirachi|36\/341|[from] item: Leftovers
|turn|12
|
|move|p2a: Jirachi|Fire Punch|p1a: Jirachi
|-supereffective|p1a: Jirachi
|-end|p1a: Jirachi|Substitute
|move|p1a: Jirachi|Psyshock|p2a: Jirachi
|-resisted|p2a: Jirachi
|-damage|p2a: Jirachi|253\/341
|
|-heal|p1a: Jirachi|57\/341|[from] item: Leftovers
|turn|13
|
|switch|p1a: Vaporeon|Vaporeon, F|464\/464
|-damage|p1a: Vaporeon|406\/464|[from] Stealth Rock
|move|p2a: Jirachi|Energy Ball|p1a: Vaporeon
|-supereffective|p1a: Vaporeon
|-damage|p1a: Vaporeon|252\/464
|
|-heal|p1a: Vaporeon|281\/464|[from] item: Leftovers
|turn|14
|c|âTolstoy|that did 0
|
|move|p2a: Jirachi|Iron Head|p1a: Vaporeon
|-resisted|p1a: Vaporeon
|-damage|p1a: Vaporeon|218\/464
|move|p1a: Vaporeon|Wish|p1a: Vaporeon
|
|-heal|p1a: Vaporeon|247\/464|[from] item: Leftovers
|turn|15
|
|switch|p2a: Swampert|Swampert, F|404\/404
|move|p1a: Vaporeon|Baton Pass|p1a: Vaporeon
|
|switch|p1a: Jirachi|Jirachi|57\/341
|-damage|p1a: Jirachi|36\/341|[from] Stealth Rock
|
|-heal|p1a: Jirachi|268\/341|[from] move: Wish|[wisher] Vaporeon
|-heal|p1a: Jirachi|289\/341|[from] item: Leftovers
|turn|16
|
|move|p1a: Jirachi|Energy Ball|p2a: Swampert
|-supereffective|p2a: Swampert
|-damage|p2a: Swampert|20\/404
|move|p2a: Swampert|Earthquake|p1a: Jirachi
|-supereffective|p1a: Jirachi
|-damage|p1a: Jirachi|41\/341
|
|-heal|p1a: Jirachi|62\/341|[from] item: Leftovers
|-heal|p2a: Swampert|45\/404|[from] item: Leftovers
|turn|17
|
|switch|p2a: Jirachi|Jirachi|253\/341
|move|p1a: Jirachi|Psyshock|p2a: Jirachi
|-resisted|p2a: Jirachi
|-damage|p2a: Jirachi|222\/341
|
|-heal|p1a: Jirachi|83\/341|[from] item: Leftovers
|turn|18
|c|âTolstoy|I had no reason to take that hit lel
|
|switch|p1a: Crobat|Crobat, F|331\/331
|-damage|p1a: Crobat|249\/331|[from] Stealth Rock
|move|p2a: Jirachi|Fire Punch|p1a: Crobat
|-damage|p1a: Crobat|162\/331
|
|-heal|p1a: Crobat|182\/331|[from] item: Black Sludge
|turn|19
|
|move|p1a: Crobat|Defog|p2a: Jirachi
|-unboost|p2a: Jirachi|evasion|1
|-sideend|p1: King UU|Stealth Rock|[from] move: Defog|[of] p1a: Crobat
|move|p2a: Jirachi|Fire Punch|p1a: Crobat
|-damage|p1a: Crobat|92\/331
|
|-heal|p1a: Crobat|112\/331|[from] item: Black Sludge
|turn|20
|
|move|p1a: Crobat|Roost|p1a: Crobat
|-heal|p1a: Crobat|278\/331
|move|p2a: Jirachi|Stealth Rock|p1a: Crobat
|-sidestart|p1: King UU|move: Stealth Rock
|
|-heal|p1a: Crobat|298\/331|[from] item: Black Sludge
|turn|21
|
|move|p1a: Crobat|Defog|p2a: Jirachi
|-unboost|p2a: Jirachi|evasion|1
|-sideend|p1: King UU|Stealth Rock|[from] move: Defog|[of] p1a: Crobat
|move|p2a: Jirachi|Fire Punch|p1a: Crobat
|-crit|p1a: Crobat
|-damage|p1a: Crobat|166\/331
|
|-heal|p1a: Crobat|186\/331|[from] item: Black Sludge
|turn|22
|
|move|p1a: Crobat|U-turn|p2a: Jirachi
|-damage|p2a: Jirachi|155\/341
|
|switch|p1a: Infernape|Infernape, M|4\/293
|move|p2a: Jirachi|Fire Punch|p1a: Infernape
|-resisted|p1a: Infernape
|-damage|p1a: Infernape|0 fnt
|faint|p1a: Infernape
|
|
|switch|p1a: Crobat|Crobat, F|186\/331
|turn|23
|
|switch|p2a: Swampert|Swampert, F|45\/404
|move|p1a: Crobat|Brave Bird|p2a: Swampert
|-damage|p2a: Swampert|0 fnt
|-damage|p1a: Crobat|171\/331|[from] recoil|[of] p2a: Swampert
|faint|p2a: Swampert
|
|-heal|p1a: Crobat|191\/331|[from] item: Black Sludge
|
|switch|p2a: Scrafty|Scrafty, M|334\/334
|turn|24
|
|move|p1a: Crobat|Brave Bird|p2a: Scrafty
|-supereffective|p2a: Scrafty
|-damage|p2a: Scrafty|38\/334
|-damage|p1a: Crobat|93\/331|[from] recoil|[of] p2a: Scrafty
|move|p2a: Scrafty|Knock Off|p1a: Crobat
|-damage|p1a: Crobat|0 fnt
|-enditem|p1a: Crobat|Black Sludge|[from] move: Knock Off|[of] p2a: Scrafty
|faint|p1a: Crobat
|
|-heal|p2a: Scrafty|58\/334|[from] item: Leftovers
|
|switch|p1a: Whimsicott|Whimsicott, M|324\/324
|turn|25
|
|switch|p2a: Gligar|Gligar, M|133\/333
|move|p1a: Whimsicott|Substitute|p1a: Whimsicott
|-start|p1a: Whimsicott|Substitute
|-damage|p1a: Whimsicott|243\/324
|
|-heal|p1a: Whimsicott|263\/324|[from] item: Leftovers
|turn|26
|
|move|p1a: Whimsicott|Moonblast|p2a: Gligar
|-damage|p2a: Gligar|66\/333
|move|p2a: Gligar|U-turn|p1a: Whimsicott
|-activate|p1a: Whimsicott|Substitute|[damage]
|
|switch|p2a: Chandelure|Chandelure, F|47\/261
|
|-heal|p1a: Whimsicott|283\/324|[from] item: Leftovers
|-heal|p2a: Chandelure|63\/261|[from] item: Leftovers
|turn|27
|
|move|p1a: Whimsicott|Leech Seed|p2a: Chandelure
|-start|p2a: Chandelure|move: Leech Seed
|move|p2a: Chandelure|Flamethrower|p1a: Whimsicott
|-supereffective|p1a: Whimsicott
|-end|p1a: Whimsicott|Substitute
|
|-heal|p1a: Whimsicott|303\/324|[from] item: Leftovers
|-heal|p2a: Chandelure|79\/261|[from] item: Leftovers
|-damage|p2a: Chandelure|47\/261|[from] Leech Seed|[of] p1a: Whimsicott
|-heal|p1a: Whimsicott|324\/324|[silent]
|turn|28
|
|move|p1a: Whimsicott|Substitute|p1a: Whimsicott
|-start|p1a: Whimsicott|Substitute
|-damage|p1a: Whimsicott|243\/324
|move|p2a: Chandelure|Flamethrower|p1a: Whimsicott
|-supereffective|p1a: Whimsicott
|-end|p1a: Whimsicott|Substitute
|
|-heal|p1a: Whimsicott|263\/324|[from] item: Leftovers
|-heal|p2a: Chandelure|63\/261|[from] item: Leftovers
|-damage|p2a: Chandelure|31\/261|[from] Leech Seed|[of] p1a: Whimsicott
|-heal|p1a: Whimsicott|295\/324|[silent]
|turn|29
|
|move|p1a: Whimsicott|Moonblast|p2a: Chandelure
|-resisted|p2a: Chandelure
|-damage|p2a: Chandelure|0 fnt
|faint|p2a: Chandelure
|
|-heal|p1a: Whimsicott|315\/324|[from] item: Leftovers
|
|switch|p2a: Jirachi|Jirachi|155\/341
|turn|30
|
|move|p1a: Whimsicott|Substitute|p1a: Whimsicott
|-start|p1a: Whimsicott|Substitute
|-damage|p1a: Whimsicott|234\/324
|move|p2a: Jirachi|Fire Punch|p1a: Whimsicott
|-supereffective|p1a: Whimsicott
|-end|p1a: Whimsicott|Substitute
|
|-heal|p1a: Whimsicott|254\/324|[from] item: Leftovers
|turn|31
|
|switch|p1a: Vaporeon|Vaporeon, F|247\/464
|move|p2a: Jirachi|Iron Head|p1a: Vaporeon
|-resisted|p1a: Vaporeon
|-damage|p1a: Vaporeon|174\/464
|
|-heal|p1a: Vaporeon|203\/464|[from] item: Leftovers
|turn|32
|
|move|p1a: Vaporeon|Protect|p1a: Vaporeon
|-singleturn|p1a: Vaporeon|Protect
|move|p2a: Jirachi|Energy Ball|p1a: Vaporeon
|-activate|p1a: Vaporeon|Protect
|
|-heal|p1a: Vaporeon|232\/464|[from] item: Leftovers
|turn|33
|
|move|p2a: Jirachi|Energy Ball|p1a: Vaporeon
|-supereffective|p1a: Vaporeon
|-damage|p1a: Vaporeon|74\/464
|move|p1a: Vaporeon|Wish|p1a: Vaporeon
|
|-heal|p1a: Vaporeon|103\/464|[from] item: Leftovers
|turn|34
|
|move|p1a: Vaporeon|Protect|p1a: Vaporeon
|-singleturn|p1a: Vaporeon|Protect
|move|p2a: Jirachi|Stealth Rock|p1a: Vaporeon
|-sidestart|p1: King UU|move: Stealth Rock
|
|-heal|p1a: Vaporeon|335\/464|[from] move: Wish|[wisher] Vaporeon
|-heal|p1a: Vaporeon|364\/464|[from] item: Leftovers
|turn|35
|
|switch|p2a: Scrafty|Scrafty, M|58\/334
|move|p1a: Vaporeon|Scald|p2a: Scrafty
|-damage|p2a: Scrafty|0 fnt
|faint|p2a: Scrafty
|
|-heal|p1a: Vaporeon|393\/464|[from] item: Leftovers
|
|switch|p2a: Haxorus|Haxorus, F|293\/293
|-ability|p2a: Haxorus|Mold Breaker
|turn|36
|
|switch|p2a: Jirachi|Jirachi|155\/341
|move|p1a: Vaporeon|Baton Pass|p1a: Vaporeon
|
|switch|p1a: Whimsicott|Whimsicott, M|254\/324
|-damage|p1a: Whimsicott|214\/324|[from] Stealth Rock
|
|-heal|p1a: Whimsicott|234\/324|[from] item: Leftovers
|turn|37
|
|move|p1a: Whimsicott|Leech Seed|p2a: Jirachi
|-start|p2a: Jirachi|move: Leech Seed
|move|p2a: Jirachi|Iron Head|p1a: Whimsicott
|-supereffective|p1a: Whimsicott
|-damage|p1a: Whimsicott|0 fnt
|faint|p1a: Whimsicott
|
|
|switch|p1a: Vaporeon|Vaporeon, F|393\/464
|-damage|p1a: Vaporeon|335\/464|[from] Stealth Rock
|turn|38
|
|switch|p2a: Gligar|Gligar, M|66\/333
|move|p1a: Vaporeon|Scald|p2a: Gligar
|-supereffective|p2a: Gligar
|-damage|p2a: Gligar|0 fnt
|faint|p2a: Gligar
|
|-heal|p1a: Vaporeon|364\/464|[from] item: Leftovers
|
|switch|p2a: Haxorus|Haxorus, F|293\/293
|-ability|p2a: Haxorus|Mold Breaker
|turn|39
|
|move|p2a: Haxorus|Swords Dance|p2a: Haxorus
|-boost|p2a: Haxorus|atk|2
|move|p1a: Vaporeon|Scald|p2a: Haxorus
|-resisted|p2a: Haxorus
|-damage|p2a: Haxorus|221\/293
|
|-heal|p1a: Vaporeon|393\/464|[from] item: Leftovers
|turn|40
|
|move|p2a: Haxorus|Dragon Dance|p2a: Haxorus
|-boost|p2a: Haxorus|atk|1
|-boost|p2a: Haxorus|spe|1
|move|p1a: Vaporeon|Scald|p2a: Haxorus
|-resisted|p2a: Haxorus
|-damage|p2a: Haxorus|157\/293
|-status|p2a: Haxorus|brn
|-enditem|p2a: Haxorus|Lum Berry|[eat]
|-curestatus|p2a: Haxorus|brn
|
|-heal|p1a: Vaporeon|422\/464|[from] item: Leftovers
|turn|41
|
|move|p2a: Haxorus|Outrage|p1a: Vaporeon
|-damage|p1a: Vaporeon|0 fnt
|faint|p1a: Vaporeon
|
|
|switch|p1a: Jirachi|Jirachi|83\/341
|-damage|p1a: Jirachi|62\/341|[from] Stealth Rock
|turn|42
|c|âTolstoy|gg
|c|âKing UU|gg
|
|move|p2a: Haxorus|Outrage|p1a: Jirachi
|-resisted|p1a: Jirachi
|-damage|p1a: Jirachi|0 fnt
|faint|p1a: Jirachi
|
|win|Tolstoy
|raw|Ladder updating...
|raw|King UU's rating: 1596 &rarr; <strong>1567<\/strong><br \/>(-29 for losing)
|raw|Tolstoy's rating: 1417 &rarr; <strong>1446<\/strong><br \/>(+29 for winning)
|c|âKing UU|nice lure
|c|âKing UU|for
|c|âKing UU|whims
|c|âTolstoy|ty
|c|âKing UU|liked that
|leave|King UU
|player|p1