|join|Tolstoy
|join|PBC All I See
|player|p1|Tolstoy|184
|player|p2|PBC All I See|265
|gametype|singles
|gen|6
|tier|UU
|rated
|rule|Sleep Clause Mod: Limit one foe put to sleep
|rule|Species Clause: Limit one of each PokÃ©mon
|rule|OHKO Clause: OHKO moves are banned
|rule|Moody Clause: Moody is banned
|rule|Evasion Moves Clause: Evasion moves are banned
|rule|Endless Battle Clause: Forcing endless battles is banned
|rule|HP Percentage Mod: HP is shown in percentages
|clearpoke
|poke|p1|Abomasnow, F
|poke|p1|Suicune
|poke|p1|Krookodile, F
|poke|p1|Mawile, M
|poke|p1|Crobat, F
|poke|p1|Chandelure, M
|poke|p2|Shuckle, F
|poke|p2|Milotic, M
|poke|p2|Chandelure, M
|poke|p2|Sceptile, M
|poke|p2|Krookodile, M
|poke|p2|Jirachi, shiny
|rule|Swagger Clause: Swagger is banned
|rule|Baton Pass Clause: Limit one PokÃ©mon knowing Baton Pass
|teampreview
|join|iplaytennislol
|
|start
|switch|p1a: miss stone edge|Crobat, F|343\/343
|switch|p2a: Shuckle|Shuckle, F|243\/243
|turn|1
|c| iplaytennislol|hi!
|c|âTolstoy|hi
|
|move|p1a: miss stone edge|Taunt|p2a: Shuckle
|-start|p2a: Shuckle|move: Taunt
|-enditem|p2a: Shuckle|Mental Herb
|-end|p2a: Shuckle|move: Taunt
|move|p2a: Shuckle|Stealth Rock|p1a: miss stone edge
|-sidestart|p1: Tolstoy|move: Stealth Rock
|
|turn|2
|
|switch|p2a: Milotic|Milotic, M|331\/331
|move|p1a: miss stone edge|Taunt|p2a: Milotic
|-start|p2a: Milotic|move: Taunt
|
|turn|3
|
|move|p1a: miss stone edge|Defog|p2a: Milotic
|-unboost|p2a: Milotic|evasion|1
|-boost|p2a: Milotic|spa|2|[from] ability: Competitive
|-sideend|p1: Tolstoy|Stealth Rock|[from] move: Defog|[of] p1a: miss stone edge
|move|p2a: Milotic|Hydro Pump|p1a: miss stone edge
|-damage|p1a: miss stone edge|0 fnt
|-damage|p2a: Milotic|298\/331|[from] item: Life Orb
|faint|p1a: miss stone edge
|
|c|âTolstoy|I still have nothing for scald
|
|switch|p1a: Cereal killer|Krookodile, F|331\/331
|-ability|p1a: Cereal killer|Intimidate|[of] p2a: Milotic
|-unboost|p2a: Milotic|atk|1
|-boost|p2a: Milotic|spa|2|[from] ability: Competitive
|turn|4
|c| iplaytennislol|change to special obamasnow?
|c| iplaytennislol|idk
|c|âTolstoy|ya maybe
|
|move|p1a: Cereal killer|Knock Off|p2a: Milotic
|-damage|p2a: Milotic|49\/331
|-enditem|p2a: Milotic|Life Orb|[from] move: Knock Off|[of] p1a: Cereal killer
|move|p2a: Milotic|Scald|p1a: Cereal killer
|-supereffective|p1a: Cereal killer
|-damage|p1a: Cereal killer|0 fnt
|faint|p1a: Cereal killer
|
|c| iplaytennislol|rip
|
|switch|p1a: Pepper ur Angus|Abomasnow, F|337\/337
|turn|5
|c|âTolstoy|rip my life
|
|detailschange|p1a: Pepper ur Angus|Abomasnow-Mega, F
|-mega|p1a: Pepper ur Angus|Abomasnow|Abomasite
|-weather|Hail
|move|p1a: Pepper ur Angus|Ice Shard|p2a: Milotic
|-resisted|p2a: Milotic
|-damage|p2a: Milotic|0 fnt
|faint|p2a: Milotic
|
|-weather|Hail|[upkeep]
|
|switch|p2a: Shuckle|Shuckle, F|243\/243
|turn|6
|join|DrReuniclus8
|
|move|p1a: Pepper ur Angus|Swords Dance|p1a: Pepper ur Angus
|-boost|p1a: Pepper ur Angus|atk|2
|move|p2a: Shuckle|Stealth Rock|p1a: Pepper ur Angus
|-sidestart|p1: Tolstoy|move: Stealth Rock
|
|-weather|Hail|[upkeep]
|-damage|p2a: Shuckle|228\/243|[from] hail
|turn|7
|
|move|p1a: Pepper ur Angus|Seed Bomb|p2a: Shuckle
|-damage|p2a: Shuckle|71\/243
|move|p2a: Shuckle|Encore|p1a: Pepper ur Angus
|-start|p1a: Pepper ur Angus|Encore
|
|-weather|Hail|[upkeep]
|-damage|p2a: Shuckle|56\/243|[from] hail
|turn|8
|
|move|p1a: Pepper ur Angus|Seed Bomb|p2a: Shuckle
|-damage|p2a: Shuckle|0 fnt
|faint|p2a: Shuckle
|
|-weather|Hail|[upkeep]
|
|switch|p2a: Trees|Sceptile, M|309\/309
|turn|9
|
|detailschange|p2a: Trees|Sceptile-Mega, M
|-mega|p2a: Trees|Sceptile|Sceptilite
|move|p2a: Trees|Swords Dance|p2a: Trees
|-boost|p2a: Trees|atk|2
|move|p1a: Pepper ur Angus|Seed Bomb|p2a: Trees
|-resisted|p2a: Trees
|-damage|p2a: Trees|216\/309
|
|-weather|none
|turn|10
|c| iplaytennislol|uh oh
|
|switch|p1a: mega|Mawile, M|241\/241
|-damage|p1a: mega|226\/241|[from] Stealth Rock
|move|p2a: Trees|Drain Punch|p1a: mega
|-damage|p1a: mega|35\/241
|-heal|p2a: Trees|309\/309|[from] drain|[of] p1a: mega
|
|turn|11
|
|move|p1a: mega|Sucker Punch|p2a: Trees
|-fail|p2a: Trees
|move|p2a: Trees|Substitute|p2a: Trees
|-start|p2a: Trees|Substitute
|-damage|p2a: Trees|232\/309
|
|turn|12
|c|âTolstoy|wat
|c| iplaytennislol|o_k
|c|âTolstoy|wat r u doin
|-message|Tolstoy forfeited.
|
|win|PBC All I See
|raw|Ladder updating...
|leave|Tolstoy
|player|p1
|raw|Tolstoy's rating: 1457 &rarr; <strong>1427<\/strong><br \/>(-30 for losing)
|raw|PBC All I See's rating: 1263 &rarr; <strong>1300<\/strong><br \/>(+37 for winning)