|join|Tolstoy
|join|zebra.k
|player|p1|Tolstoy|184
|player|p2|zebra.k|31
|gametype|singles
|gen|6
|tier|UU
|rule|Sleep Clause Mod: Limit one foe put to sleep
|rule|Species Clause: Limit one of each PokÃ©mon
|rule|OHKO Clause: OHKO moves are banned
|rule|Moody Clause: Moody is banned
|rule|Evasion Moves Clause: Evasion moves are banned
|rule|Endless Battle Clause: Forcing endless battles is banned
|rule|HP Percentage Mod: HP is shown in percentages
|clearpoke
|poke|p1|Jirachi
|poke|p1|Haxorus, M
|poke|p1|Swampert, M
|poke|p1|Chandelure, M
|poke|p1|Scrafty, M
|poke|p1|Gligar, M
|poke|p2|Whimsicott, M
|poke|p2|Pidgeot, F
|poke|p2|Swampert, M
|poke|p2|Forretress, M, shiny
|poke|p2|Lucario, F
|poke|p2|Porygon-Z
|rule|Swagger Clause: Swagger is banned
|rule|Baton Pass Clause: Limit one PokÃ©mon knowing Baton Pass
|teampreview
|c|âzebra.k|I'll wait until you're done
|c|âTolstoy|hi
|c|âTolstoy|ok cool
|c|âTolstoy|done
|c|âTolstoy|oof
|c|âTolstoy|pidgeot and whim ruin my team lol
|c|âzebra.k|cool
|c|âzebra.k|I dunno man
|c|âzebra.k|just gimme a second
|c|âTolstoy|Cool
|join|Exemption
|
|start
|switch|p1a: Jirachi|Jirachi|341\/341
|switch|p2a: Pidgeot|Pidgeot, F|307\/307
|turn|1
|join|Jambo Sink
|join|LessThanThreeMan
|
|detailschange|p2a: Pidgeot|Pidgeot-Mega, F
|-mega|p2a: Pidgeot|Pidgeot|Pidgeotite
|move|p2a: Pidgeot|U-turn|p1a: Jirachi
|-damage|p1a: Jirachi|291\/341
|join|Colbrushie
|join|KingT9722
|c|âTolstoy|waitwaitwait
|
|switch|p2a: Swampert|Swampert, M|404\/404
|move|p1a: Jirachi|Iron Head|p2a: Swampert
|-resisted|p2a: Swampert
|-damage|p2a: Swampert|343\/404
|
|-heal|p2a: Swampert|368\/404|[from] item: Leftovers
|turn|2
|c| Jambo Sink|ZEBS
|c|âTolstoy|wtf is my rachi set
|c| Colbrushie|LOL
|c|âzebra.k|it's not scarfed?
|c|âTolstoy|!dt pidgeot
|c|~|\/data-pokemon Pidgeot
|raw|<font size="1"><font color=#585858>Dex#:<\/font> 18&nbsp;|&ThickSpace;<font color=#585858>Height:<\/font> 1.5 m&nbsp;|&ThickSpace;<font color=#585858>Weight:<\/font> 39.5 kg <em>(60 BP)<\/em>&nbsp;|&ThickSpace;<font color=#585858>Dex Colour:<\/font> Brown&nbsp;|&ThickSpace;<font color=#585858>Egg Group(s):<\/font> Flying&nbsp;|&ThickSpace;<font color=#585858><font color=#585858>Does Not Evolve<\/font><\/font><\/font>
|c| Exemption|do !dt mega pidgeot
|c|âTolstoy|wrong choice item
|c|âTolstoy|derup
|
|move|p1a: Jirachi|Energy Ball|p2a: Swampert
|-supereffective|p2a: Swampert
|-damage|p2a: Swampert|118\/404
|move|p2a: Swampert|Stealth Rock|p1a: Jirachi
|-sidestart|p1: Tolstoy|move: Stealth Rock
|
|-heal|p2a: Swampert|143\/404|[from] item: Leftovers
|turn|3
|c|âTolstoy|I picked choice belt
|c|âzebra.k|why did I forget about your energy ball
|c|âTolstoy|lol
|c|âzebra.k|how does jirachi do energy ball anyway
|c| Colbrushie|that's
|c| Colbrushie|spdef pert?
|c|âTolstoy|I can't tell you
|c|âzebra.k|yea
|
|switch|p2a: Forretress|Forretress, M, shiny|354\/354
|move|p1a: Jirachi|Fire Punch|p2a: Forretress
|-supereffective|p2a: Forretress
|-damage|p2a: Forretress|128\/354
|
|-heal|p2a: Forretress|150\/354|[from] item: Leftovers
|turn|4
|leave|Jambo Sink
|join|Jambo Sink
|
|move|p1a: Jirachi|Fire Punch|p2a: Forretress
|-supereffective|p2a: Forretress
|-damage|p2a: Forretress|0 fnt
|faint|p2a: Forretress
|
|
|switch|p2a: Porygon-Z|Porygon-Z|311\/311
|turn|5
|c|âTolstoy|please no DDPZ
|
|move|p1a: Jirachi|Stealth Rock|p2a: Porygon-Z
|-sidestart|p2: zebra.k|move: Stealth Rock
|move|p2a: Porygon-Z|Tri Attack|p1a: Jirachi
|-resisted|p1a: Jirachi
|-damage|p1a: Jirachi|141\/341
|
|turn|6
|join|spuun
|c|âTolstoy|ok
|c| spuun|dmt
|c|âTolstoy|?
|c| spuun|nice hat
|
|move|p1a: Jirachi|Iron Head|p2a: Porygon-Z
|-damage|p2a: Porygon-Z|143\/311
|cant|p2a: Porygon-Z|flinch
|
|turn|7
|c|âTolstoy|thanks!
|
|switch|p2a: Swampert|Swampert, M|143\/404
|-damage|p2a: Swampert|118\/404|[from] Stealth Rock
|move|p1a: Jirachi|Iron Head|p2a: Swampert
|-resisted|p2a: Swampert
|-damage|p2a: Swampert|55\/404
|
|-heal|p2a: Swampert|80\/404|[from] item: Leftovers
|turn|8
|
|move|p1a: Jirachi|Energy Ball|p2a: Swampert
|-supereffective|p2a: Swampert
|-damage|p2a: Swampert|0 fnt
|faint|p2a: Swampert
|
|
|switch|p2a: Pidgeot|Pidgeot-Mega, F|307\/307
|-damage|p2a: Pidgeot|231\/307|[from] Stealth Rock
|turn|9
|
|switch|p1a: Chandelure|Chandelure, M|261\/261
|-damage|p1a: Chandelure|196\/261|[from] Stealth Rock
|move|p2a: Pidgeot|Heat Wave|p1a: Chandelure
|-start|p1a: Chandelure|ability: Flash Fire
|
|-heal|p1a: Chandelure|212\/261|[from] item: Leftovers
|turn|10
|
|move|p2a: Pidgeot|Hurricane|p1a: Chandelure
|-damage|p1a: Chandelure|0 fnt
|faint|p1a: Chandelure
|
|c|âTolstoy|oh damn
|c|âTolstoy|Didn't think that'd KO
|
|switch|p1a: Swampert|Swampert, M|404\/404
|-damage|p1a: Swampert|379\/404|[from] Stealth Rock
|turn|11
|
|move|p2a: Pidgeot|U-turn|p1a: Swampert
|-damage|p1a: Swampert|344\/404
|
|switch|p2a: Whimsicott|Whimsicott, M|323\/323
|-damage|p2a: Whimsicott|283\/323|[from] Stealth Rock
|move|p1a: Swampert|Scald|p2a: Whimsicott
|-resisted|p2a: Whimsicott
|-damage|p2a: Whimsicott|228\/323
|
|-heal|p2a: Whimsicott|248\/323|[from] item: Leftovers
|-heal|p1a: Swampert|369\/404|[from] item: Leftovers
|turn|12
|
|switch|p1a: Gligar|Gligar, M|333\/333
|-damage|p1a: Gligar|292\/333|[from] Stealth Rock
|move|p2a: Whimsicott|U-turn|p1a: Gligar
|-resisted|p1a: Gligar
|-damage|p1a: Gligar|282\/333
|
|switch|p2a: Porygon-Z|Porygon-Z|143\/311
|-damage|p2a: Porygon-Z|105\/311|[from] Stealth Rock
|
|turn|13
|
|switch|p1a: Scrafty|Scrafty, M|334\/334
|-damage|p1a: Scrafty|314\/334|[from] Stealth Rock
|move|p2a: Porygon-Z|Tri Attack|p1a: Scrafty
|-damage|p1a: Scrafty|130\/334
|-status|p1a: Scrafty|frz
|
|-heal|p1a: Scrafty|150\/334 frz|[from] item: Leftovers
|turn|14
|
|move|p2a: Porygon-Z|Tri Attack|p1a: Scrafty
|-damage|p1a: Scrafty|0 fnt
|faint|p1a: Scrafty
|
|
|switch|p1a: Jirachi|Jirachi|141\/341
|-damage|p1a: Jirachi|120\/341|[from] Stealth Rock
|turn|15
|
|switch|p2a: Lucario|Lucario, F|281\/281
|-damage|p2a: Lucario|273\/281|[from] Stealth Rock
|move|p1a: Jirachi|Iron Head|p2a: Lucario
|-resisted|p2a: Lucario
|-damage|p2a: Lucario|188\/281
|
|turn|16
|
|move|p2a: Lucario|Extreme Speed|p1a: Jirachi
|-resisted|p1a: Jirachi
|-damage|p1a: Jirachi|62\/341
|-damage|p2a: Lucario|160\/281|[from] item: Life Orb
|move|p1a: Jirachi|Fire Punch|p2a: Lucario
|-supereffective|p2a: Lucario
|-damage|p2a: Lucario|0 fnt
|faint|p2a: Lucario
|
|
|switch|p2a: Pidgeot|Pidgeot-Mega, F|231\/307
|-damage|p2a: Pidgeot|155\/307|[from] Stealth Rock
|turn|17
|
|move|p2a: Pidgeot|Hurricane|p1a: Jirachi
|-resisted|p1a: Jirachi
|-damage|p1a: Jirachi|0 fnt
|faint|p1a: Jirachi
|
|
|switch|p1a: Swampert|Swampert, M|369\/404
|-damage|p1a: Swampert|344\/404|[from] Stealth Rock
|turn|18
|
|move|p2a: Pidgeot|U-turn|p1a: Swampert
|-damage|p1a: Swampert|308\/404
|
|switch|p2a: Whimsicott|Whimsicott, M|248\/323
|-damage|p2a: Whimsicott|208\/323|[from] Stealth Rock
|move|p1a: Swampert|Scald|p2a: Whimsicott
|-resisted|p2a: Whimsicott
|-damage|p2a: Whimsicott|155\/323
|-status|p2a: Whimsicott|brn
|
|-heal|p2a: Whimsicott|175\/323 brn|[from] item: Leftovers
|-heal|p1a: Swampert|333\/404|[from] item: Leftovers
|-damage|p2a: Whimsicott|135\/323 brn|[from] brn
|turn|19
|leave|Exemption
|leave|spuun
|leave|LessThanThreeMan
|join|LessThanThreeMan
|
|switch|p1a: Gligar|Gligar, M|282\/333
|-damage|p1a: Gligar|241\/333|[from] Stealth Rock
|move|p2a: Whimsicott|Memento|p1a: Gligar
|-fail|p1a: Gligar|unboost|Attack|[from] ability: Hyper Cutter|[of] p1a: Gligar
|-unboost|p1a: Gligar|spa|2
|faint|p2a: Whimsicott
|
|c|âTolstoy|lol not bad
|c| LessThanThreeMan|ez
|
|switch|p2a: Porygon-Z|Porygon-Z|105\/311
|-damage|p2a: Porygon-Z|67\/311|[from] Stealth Rock
|turn|20
|
|move|p2a: Porygon-Z|Tri Attack|p1a: Gligar
|-damage|p1a: Gligar|0 fnt
|faint|p1a: Gligar
|
|c|âTolstoy|plz pert
|
|switch|p1a: Swampert|Swampert, M|333\/404
|-damage|p1a: Swampert|308\/404|[from] Stealth Rock
|turn|21
|
|move|p2a: Porygon-Z|Tri Attack|p1a: Swampert
|-damage|p1a: Swampert|0 fnt
|faint|p1a: Swampert
|
|
|switch|p1a: Haxorus|Haxorus, M|293\/293
|-damage|p1a: Haxorus|257\/293|[from] Stealth Rock
|-ability|p1a: Haxorus|Mold Breaker
|turn|22
|
|move|p2a: Porygon-Z|Tri Attack|p1a: Haxorus
|-damage|p1a: Haxorus|0 fnt
|faint|p1a: Haxorus
|
|win|zebra.k
|c|âTolstoy|gg
|c|âzebra.k|gg
|c|âzebra.k|wait
|c|âTolstoy|?!
|c|âzebra.k|what was that haxorus
|c|âTolstoy|double dance
|c|âzebra.k|why didn't it outspeed me?
|c|âTolstoy|cuz its a stupid spread
|c|âzebra.k|so no speed evs?
|c|âTolstoy|the default
|c|âzebra.k|and for pert
|c|âTolstoy|just 252\/252 def
|c|âzebra.k|oh
|c|âzebra.k|calc'd it
|c|âzebra.k|rachi though
|c|âzebra.k|expert belt?
|c|âTolstoy|yup
|c|âzebra.k|dayum
|c|âzebra.k|gg
|c|âTolstoy|gg :]
|leave|LessThanThreeMan