|join|Reverb
|join|CatchThisDead
|player|p1|Reverb|#reverb
|player|p2|CatchThisDead|283
|gametype|singles
|gen|6
|tier|OU
|rated
|clearpoke
|poke|p1|Celebi
|poke|p1|Heatran, M
|poke|p1|Gardevoir, M
|poke|p1|Keldeo
|poke|p1|Landorus-Therian, M
|poke|p1|Raikou
|poke|p2|Lopunny, M
|poke|p2|Gengar, M
|poke|p2|Manaphy
|poke|p2|Bisharp, M
|poke|p2|Latios, M
|poke|p2|Landorus, M
|rule|Swagger Clause: Swagger is banned
|rule|Baton Pass Clause: Limit one PokÃ©mon knowing Baton Pass
|rule|Sleep Clause Mod: Limit one foe put to sleep
|rule|Species Clause: Limit one of each PokÃ©mon
|rule|OHKO Clause: OHKO moves are banned
|rule|Moody Clause: Moody is banned
|rule|Evasion Moves Clause: Evasion moves are banned
|rule|Endless Battle Clause: Forcing endless battles is banned
|rule|HP Percentage Mod: HP is shown in percentages
|teampreview
|join|CleanerThanRotom-W
|join|Escavalier
|join|Lil Barry
|join|Tom Bus
|join|Cienight
|join|daftmau5
|join|rtetge
|
|start
|switch|p1a: Landorus-Therian|Landorus-Therian, M|382\/382
|switch|p2a: Landorus|Landorus, M|319\/319
|-ability|p1a: Landorus-Therian|Intimidate|[of] p2a: Landorus
|-unboost|p2a: Landorus|atk|1
|turn|1
|
|move|p2a: Landorus|Stealth Rock|p1a: Landorus-Therian
|-sidestart|p1: Reverb|move: Stealth Rock
|move|p1a: Landorus-Therian|Stealth Rock|p2a: Landorus
|-sidestart|p2: CatchThisDead|move: Stealth Rock
|
|turn|2
|join|Glorious Advance
|
|move|p2a: Landorus|Psychic|p1a: Landorus-Therian
|-damage|p1a: Landorus-Therian|181\/382
|move|p1a: Landorus-Therian|U-turn|p2a: Landorus
|-resisted|p2a: Landorus
|-damage|p2a: Landorus|279\/319
|
|switch|p1a: Raikou|Raikou|321\/321
|-damage|p1a: Raikou|281\/321|[from] Stealth Rock
|-ability|p1a: Raikou|Pressure
|
|turn|3
|join|Swallowed Up
|
|switch|p2a: Latios|Latios, M|301\/301
|-damage|p2a: Latios|264\/301|[from] Stealth Rock
|move|p1a: Raikou|Hidden Power|p2a: Latios
|-supereffective|p2a: Latios
|-damage|p2a: Latios|144\/301
|
|turn|4
|
|move|p1a: Raikou|Volt Switch|p2a: Latios
|-resisted|p2a: Latios
|-damage|p2a: Latios|87\/301
|
|switch|p1a: Gardevoir|Gardevoir, M|277\/277
|-damage|p1a: Gardevoir|243\/277|[from] Stealth Rock
|-ability|p1a: Gardevoir|Levitate|[from] ability: Trace|[of] p2a: Latios
|move|p2a: Latios|Roost|p2a: Latios
|-heal|p2a: Latios|238\/301
|
|turn|5
|
|switch|p2a: Landorus|Landorus, M|279\/319
|-damage|p2a: Landorus|240\/319|[from] Stealth Rock
|detailschange|p1a: Gardevoir|Gardevoir-Mega, M
|-mega|p1a: Gardevoir|Gardevoir|Gardevoirite
|move|p1a: Gardevoir|Hyper Voice|p2a: Landorus
|-damage|p2a: Landorus|0 fnt
|faint|p2a: Landorus
|
|
|switch|p2a: Gengar|Gengar, M|261\/261
|-damage|p2a: Gengar|229\/261|[from] Stealth Rock
|turn|6
|
|switch|p1a: Raikou|Raikou|281\/321
|-damage|p1a: Raikou|241\/321|[from] Stealth Rock
|-ability|p1a: Raikou|Pressure
|move|p2a: Gengar|Shadow Ball|p1a: Raikou
|-damage|p1a: Raikou|128\/321
|-damage|p2a: Gengar|203\/261|[from] item: Life Orb
|
|turn|7
|join|Omegasization
|
|switch|p2a: Latios|Latios, M|238\/301
|-damage|p2a: Latios|201\/301|[from] Stealth Rock
|move|p1a: Raikou|Volt Switch|p2a: Latios
|-resisted|p2a: Latios
|-damage|p2a: Latios|152\/301
|
|switch|p1a: Gardevoir|Gardevoir-Mega, M|243\/277
|-damage|p1a: Gardevoir|209\/277|[from] Stealth Rock
|
|turn|8
|join|Emma Bae â¥
|
|move|p2a: Latios|Psyshock|p1a: Gardevoir
|-resisted|p1a: Gardevoir
|-damage|p1a: Gardevoir|88\/277
|-damage|p2a: Latios|122\/301|[from] item: Life Orb
|move|p1a: Gardevoir|Hyper Voice|p2a: Latios
|-supereffective|p2a: Latios
|-damage|p2a: Latios|0 fnt
|faint|p2a: Latios
|
|
|switch|p2a: Gengar|Gengar, M|203\/261
|-damage|p2a: Gengar|171\/261|[from] Stealth Rock
|turn|9
|join|Soul M8
|join|Mayo prince
|
|switch|p1a: Heatran|Heatran, M|323\/323
|-damage|p1a: Heatran|283\/323|[from] Stealth Rock
|move|p2a: Gengar|Shadow Ball|p1a: Heatran
|-damage|p1a: Heatran|108\/323
|-damage|p2a: Gengar|145\/261|[from] item: Life Orb
|
|turn|10
|
|switch|p2a: Manaphy|Manaphy|365\/365
|-damage|p2a: Manaphy|320\/365|[from] Stealth Rock
|move|p1a: Heatran|Flash Cannon|p2a: Manaphy
|-resisted|p2a: Manaphy
|-damage|p2a: Manaphy|241\/365
|
|-heal|p2a: Manaphy|263\/365|[from] item: Leftovers
|turn|11
|c| Mayo prince|how do you get customized avatar ? xD
|
|switch|p1a: Celebi|Celebi|361\/361
|-damage|p1a: Celebi|316\/361|[from] Stealth Rock
|switch|p2a: Gengar|Gengar, M|145\/261
|-damage|p2a: Gengar|113\/261|[from] Stealth Rock
|
|turn|12
|c| Soul M8|click the settings button
|c| Soul M8|then change avatar
|
|switch|p1a: Gardevoir|Gardevoir-Mega, M|88\/277
|-damage|p1a: Gardevoir|54\/277|[from] Stealth Rock
|move|p2a: Gengar|Shadow Ball|p1a: Gardevoir
|-supereffective|p1a: Gardevoir
|-damage|p1a: Gardevoir|0 fnt
|-damage|p2a: Gengar|87\/261|[from] item: Life Orb
|faint|p1a: Gardevoir
|
|c| Mayo prince|not that
|join|sallmo
|
|switch|p1a: Raikou|Raikou|128\/321
|-damage|p1a: Raikou|88\/321|[from] Stealth Rock
|-ability|p1a: Raikou|Pressure
|turn|13
|c| Mayo prince|i mean like the one Reverb has
|c| Soul M8|oh
|c|âReverb|be a global staff member
|
|move|p1a: Raikou|Thunderbolt|p2a: Gengar
|-damage|p2a: Gengar|0 fnt
|faint|p2a: Gengar
|
|c| Mayo prince|u exchange battle point in the other servers
|c| Mayo prince|but this one i dont know how
|
|switch|p2a: Lopunny|Lopunny, M|271\/271
|-damage|p2a: Lopunny|238\/271|[from] Stealth Rock
|turn|14
|c|âReverb|read up lol
|c| Escavalier|he just told you
|join|haunter
|c| Mayo prince|o
|
|switch|p1a: Landorus-Therian|Landorus-Therian, M|181\/382
|-damage|p1a: Landorus-Therian|134\/382|[from] Stealth Rock
|-ability|p1a: Landorus-Therian|Intimidate|[of] p2a: Lopunny
|-unboost|p2a: Lopunny|atk|1
|detailschange|p2a: Lopunny|Lopunny-Mega, M
|-mega|p2a: Lopunny|Lopunny|Lopunnite
|move|p2a: Lopunny|Fake Out|p1a: Landorus-Therian
|-damage|p1a: Landorus-Therian|91\/382
|
|-heal|p1a: Landorus-Therian|114\/382|[from] item: Leftovers
|turn|15
|c| Mayo prince|ok
|c| Mayo prince|xI
|c| Mayo prince|that will never happen
|c|âReverb|guess haunter's first name
|c|âReverb|and it might
|c| Escavalier|stefano
|c|~haunter|...
|c|âReverb|lol
|c|âReverb|>stefano
|
|switch|p2a: Manaphy|Manaphy|263\/365
|-damage|p2a: Manaphy|218\/365|[from] Stealth Rock
|switch|p1a: Heatran|Heatran, M|108\/323
|-damage|p1a: Heatran|68\/323|[from] Stealth Rock
|
|-heal|p2a: Manaphy|240\/365|[from] item: Leftovers
|turn|16
|c| Escavalier|thats my italian friend's name
|c| daftmau5|is it first name Benito
|c|âReverb|lel
|c| daftmau5|last name starts with M...
|c| daftmau5|can't quite pick it though
daftmau5 was redirected to room Free Time by haunter.
|leave|daftmau5
|c|âReverb|his name is guangcong luo
|
|switch|p1a: Celebi|Celebi|316\/361
|-damage|p1a: Celebi|271\/361|[from] Stealth Rock
|move|p2a: Manaphy|Scald|p1a: Celebi
|-resisted|p1a: Celebi
|-damage|p1a: Celebi|215\/361
|-status|p1a: Celebi|brn
|
|-heal|p2a: Manaphy|262\/365|[from] item: Leftovers
|-damage|p1a: Celebi|170\/361 brn|[from] brn
|turn|17
|join|daftmau5
|c| daftmau5|gg
|c| Escavalier|n_n
|
|switch|p2a: Bisharp|Bisharp, M|271\/271
|-damage|p2a: Bisharp|255\/271|[from] Stealth Rock
|move|p1a: Celebi|Earth Power|p2a: Bisharp
|-supereffective|p2a: Bisharp
|-damage|p2a: Bisharp|0 fnt
|faint|p2a: Bisharp
|
|-damage|p1a: Celebi|125\/361 brn|[from] brn
|
|switch|p2a: Lopunny|Lopunny-Mega, M|238\/271
|-damage|p2a: Lopunny|222\/271|[from] Stealth Rock
|turn|18
|
|switch|p1a: Landorus-Therian|Landorus-Therian, M|114\/382
|-damage|p1a: Landorus-Therian|67\/382|[from] Stealth Rock
|-ability|p1a: Landorus-Therian|Intimidate|[of] p2a: Lopunny
|-unboost|p2a: Lopunny|atk|1
|move|p2a: Lopunny|Return|p1a: Landorus-Therian
|-damage|p1a: Landorus-Therian|0 fnt
|faint|p1a: Landorus-Therian
|
|
|switch|p1a: Keldeo|Keldeo|322\/322
|-damage|p1a: Keldeo|302\/322|[from] Stealth Rock
|turn|19
|
|switch|p2a: Manaphy|Manaphy|262\/365
|-damage|p2a: Manaphy|217\/365|[from] Stealth Rock
|move|p1a: Keldeo|Secret Sword|p2a: Manaphy
|-damage|p2a: Manaphy|10\/365
|
|-heal|p2a: Manaphy|32\/365|[from] item: Leftovers
|turn|20
|
|move|p1a: Keldeo|Secret Sword|p2a: Manaphy
|-damage|p2a: Manaphy|0 fnt
|faint|p2a: Manaphy
|
|
|switch|p2a: Lopunny|Lopunny-Mega, M|222\/271
|-damage|p2a: Lopunny|206\/271|[from] Stealth Rock
|turn|21
|c| sallmo|gg
|c| Soul M8|gg lol
|
|switch|p1a: Heatran|Heatran, M|68\/323
|-damage|p1a: Heatran|28\/323|[from] Stealth Rock
|move|p2a: Lopunny|Fake Out|p1a: Heatran
|-resisted|p1a: Heatran
|-damage|p1a: Heatran|0 fnt
|faint|p1a: Heatran
|
|
|switch|p1a: Keldeo|Keldeo|302\/322
|-damage|p1a: Keldeo|282\/322|[from] Stealth Rock
|turn|22
|c| Soul M8|crit
|c| daftmau5|adamant hjk high roll
|c| daftmau5|lgi
|c| Soul M8|CRITTTTTTTTT
|
|move|p2a: Lopunny|High Jump Kick|p1a: Keldeo
|-damage|p1a: Keldeo|26\/322
|move|p1a: Keldeo|Secret Sword|p2a: Lopunny
|-supereffective|p2a: Lopunny
|-damage|p2a: Lopunny|0 fnt
|faint|p2a: Lopunny
|
|win|Reverb
|raw|Ladder updating...
|raw|Reverb's rating: 1690 &rarr; <strong>1707<\/strong><br \/>(+17 for winning)
|raw|CatchThisDead's rating: 1631 &rarr; <strong>1614<\/strong><br \/>(-17 for losing)
|c| Soul M8|ooh
|c|âReverb|gg
|leave|Omegasization
|c| Soul M8|gg
|leave|Tom Bus
|leave|Escavalier
|c|âCatchThisDead|gg
|leave|Soul M8
|leave|Emma Bae â¥