|join|jezuz chriztmaz
|join|CatchThisDead
|player|p1|jezuz chriztmaz|282
|player|p2|CatchThisDead|98
|gametype|singles
|gen|6
|tier|OU
|rated
|clearpoke
|poke|p1|Magnezone
|poke|p1|Metagross
|poke|p1|Landorus-Therian, M
|poke|p1|Clefable, F
|poke|p1|Slowbro, F
|poke|p1|Keldeo
|poke|p2|Keldeo-Resolute
|poke|p2|Bisharp, M
|poke|p2|Gengar, M
|poke|p2|Gallade, M
|poke|p2|Garchomp, M
|poke|p2|Greninja, F
|rule|Swagger Clause: Swagger is banned
|rule|Baton Pass Clause: Limit one PokÃ©mon knowing Baton Pass
|rule|Sleep Clause Mod: Limit one foe put to sleep
|rule|Species Clause: Limit one of each PokÃ©mon
|rule|OHKO Clause: OHKO moves are banned
|rule|Moody Clause: Moody is banned
|rule|Evasion Moves Clause: Evasion moves are banned
|rule|Endless Battle Clause: Forcing endless battles is banned
|rule|HP Percentage Mod: HP is shown in percentages
|teampreview
|
|start
|switch|p1a: Landorus-Therian|Landorus-Therian, M|320\/320
|switch|p2a: Garchomp|Garchomp, M|358\/358
|-ability|p1a: Landorus-Therian|Intimidate|[of] p2a: Garchomp
|-unboost|p2a: Garchomp|atk|1
|turn|1
|
|switch|p1a: Clefable|Clefable, F|394\/394
|move|p2a: Garchomp|Stealth Rock|p1a: Clefable
|-sidestart|p1: jezuz chriztmaz|move: Stealth Rock
|
|turn|2
|
|move|p2a: Garchomp|Swords Dance|p2a: Garchomp
|-boost|p2a: Garchomp|atk|2
|move|p1a: Clefable|Stealth Rock|p2a: Garchomp
|-sidestart|p2: CatchThisDead|move: Stealth Rock
|
|turn|3
|
|move|p2a: Garchomp|Earthquake|p1a: Clefable
|-damage|p1a: Clefable|160\/394
|move|p1a: Clefable|Moonblast|p2a: Garchomp
|-supereffective|p2a: Garchomp
|-damage|p2a: Garchomp|116\/358
|
|-heal|p1a: Clefable|184\/394|[from] item: Leftovers
|turn|4
|
|move|p2a: Garchomp|Outrage|p1a: Clefable
|-immune|p1a: Clefable|[msg]
|move|p1a: Clefable|Moonblast|p2a: Garchomp
|-supereffective|p2a: Garchomp
|-damage|p2a: Garchomp|0 fnt
|faint|p2a: Garchomp
|
|-heal|p1a: Clefable|208\/394|[from] item: Leftovers
|
|switch|p2a: Bisharp|Bisharp, M|271\/271
|-damage|p2a: Bisharp|255\/271|[from] Stealth Rock
|turn|5
|
|move|p2a: Bisharp|Iron Head|p1a: Clefable
|-supereffective|p1a: Clefable
|-damage|p1a: Clefable|0 fnt
|-damage|p2a: Bisharp|228\/271|[from] item: Life Orb
|faint|p1a: Clefable
|
|
|switch|p1a: Magnezone|Magnezone|282\/282
|-damage|p1a: Magnezone|265\/282|[from] Stealth Rock
|turn|6
|
|move|p2a: Bisharp|Sucker Punch|p1a: Magnezone
|-damage|p1a: Magnezone|80\/282
|-damage|p2a: Bisharp|201\/271|[from] item: Life Orb
|move|p1a: Magnezone|Thunderbolt|p2a: Bisharp
|-damage|p2a: Bisharp|0 fnt
|faint|p2a: Bisharp
|
|
|switch|p2a: Gengar|Gengar, M|261\/261
|-damage|p2a: Gengar|229\/261|[from] Stealth Rock
|turn|7
|
|move|p2a: Gengar|Shadow Ball|p1a: Magnezone
|-damage|p1a: Magnezone|0 fnt
|-damage|p2a: Gengar|203\/261|[from] item: Life Orb
|faint|p1a: Magnezone
|
|
|switch|p1a: Landorus-Therian|Landorus-Therian, M|320\/320
|-damage|p1a: Landorus-Therian|280\/320|[from] Stealth Rock
|-ability|p1a: Landorus-Therian|Intimidate|[of] p2a: Gengar
|-unboost|p2a: Gengar|atk|1
|turn|8
|
|switch|p2a: Keldeo-Resolute|Keldeo-Resolute|324\/324
|-damage|p2a: Keldeo-Resolute|304\/324|[from] Stealth Rock
|move|p1a: Landorus-Therian|Knock Off|p2a: Keldeo-Resolute
|-resisted|p2a: Keldeo-Resolute
|-damage|p2a: Keldeo-Resolute|232\/324
|-boost|p2a: Keldeo-Resolute|atk|1|[from] ability: Justified
|-enditem|p2a: Keldeo-Resolute|Choice Scarf|[from] move: Knock Off|[of] p1a: Landorus-Therian
|
|turn|9
|
|switch|p1a: Slowbro|Slowbro, F|394\/394
|-damage|p1a: Slowbro|345\/394|[from] Stealth Rock
|switch|p2a: Gengar|Gengar, M|203\/261
|-damage|p2a: Gengar|171\/261|[from] Stealth Rock
|
|-heal|p1a: Slowbro|369\/394|[from] item: Leftovers
|turn|10
|
|move|p2a: Gengar|Shadow Ball|p1a: Slowbro
|-supereffective|p1a: Slowbro
|-damage|p1a: Slowbro|0 fnt
|-damage|p2a: Gengar|145\/261|[from] item: Life Orb
|faint|p1a: Slowbro
|
|
|switch|p1a: Landorus-Therian|Landorus-Therian, M|280\/320
|-damage|p1a: Landorus-Therian|240\/320|[from] Stealth Rock
|-ability|p1a: Landorus-Therian|Intimidate|[of] p2a: Gengar
|-unboost|p2a: Gengar|atk|1
|turn|11
|
|switch|p2a: Keldeo-Resolute|Keldeo-Resolute|232\/324
|-damage|p2a: Keldeo-Resolute|212\/324|[from] Stealth Rock
|move|p1a: Landorus-Therian|U-turn|p2a: Keldeo-Resolute
|-resisted|p2a: Keldeo-Resolute
|-damage|p2a: Keldeo-Resolute|158\/324
|
|switch|p1a: Metagross|Metagross|302\/302
|-damage|p1a: Metagross|284\/302|[from] Stealth Rock
|
|turn|12
|
|detailschange|p1a: Metagross|Metagross-Mega
|message|Metagross has Mega Evolved into Mega Metagross!
|move|p2a: Keldeo-Resolute|Scald|p1a: Metagross
|-damage|p1a: Metagross|160\/302
|move|p1a: Metagross|Substitute|p1a: Metagross
|-start|p1a: Metagross|Substitute
|-damage|p1a: Metagross|85\/302
|
|turn|13
|
|move|p1a: Metagross|Zen Headbutt|p2a: Keldeo-Resolute
|-supereffective|p2a: Keldeo-Resolute
|-damage|p2a: Keldeo-Resolute|0 fnt
|faint|p2a: Keldeo-Resolute
|
|
|switch|p2a: Greninja|Greninja, F|285\/285
|-damage|p2a: Greninja|250\/285|[from] Stealth Rock
|turn|14
|
|move|p2a: Greninja|Hidden Power|p1a: Metagross
|-start|p2a: Greninja|typechange|Fire|[from] Protean
|-supereffective|p1a: Metagross
|-end|p1a: Metagross|Substitute
|-damage|p2a: Greninja|222\/285|[from] item: Life Orb
|move|p1a: Metagross|Meteor Mash|p2a: Greninja
|-resisted|p2a: Greninja
|-damage|p2a: Greninja|56\/285
|
|turn|15
|
|switch|p1a: Keldeo|Keldeo|323\/323
|-damage|p1a: Keldeo|303\/323|[from] Stealth Rock
|move|p2a: Greninja|Grass Knot|p1a: Keldeo
|-start|p2a: Greninja|typechange|Grass|[from] Protean
|-supereffective|p1a: Keldeo
|-damage|p1a: Keldeo|30\/323
|-damage|p2a: Greninja|28\/285|[from] item: Life Orb
|
|turn|16
|
|move|p2a: Greninja|Ice Beam|p1a: Keldeo
|-start|p2a: Greninja|typechange|Ice|[from] Protean
|-resisted|p1a: Keldeo
|-damage|p1a: Keldeo|0 fnt
|-damage|p2a: Greninja|0 fnt|[from] item: Life Orb
|faint|p1a: Keldeo
|faint|p2a: Greninja
|
|
|switch|p1a: Metagross|Metagross-Mega|85\/302
|switch|p2a: Gallade|Gallade, M|278\/278
|-damage|p1a: Metagross|67\/302|[from] Stealth Rock
|-damage|p2a: Gallade|261\/278|[from] Stealth Rock
|turn|17
|
|detailschange|p2a: Gallade|Gallade-Mega, M
|message|Gallade has Mega Evolved into Mega Gallade!
|move|p1a: Metagross|Meteor Mash|p2a: Gallade
|-damage|p2a: Gallade|30\/278
|move|p2a: Gallade|Knock Off|p1a: Metagross
|-crit|p1a: Metagross
|-supereffective|p1a: Metagross
|-damage|p1a: Metagross|0 fnt
|faint|p1a: Metagross
|
|c|âjezuz chriztmaz|gg well played
|-message|CatchThisDead forfeited.
|
|switch|p1a: Landorus-Therian|Landorus-Therian, M|240\/320
|-damage|p1a: Landorus-Therian|200\/320|[from] Stealth Rock
|-ability|p1a: Landorus-Therian|Intimidate|[of] p2a: Gallade
|-unboost|p2a: Gallade|atk|1
|turn|18
|
|win|jezuz chriztmaz
|raw|Ladder updating...
|leave|CatchThisDead
|player|p2
|raw|jezuz chriztmaz's rating: 1608 &rarr; <strong>1627<\/strong><br \/>(+19 for winning)
|raw|CatchThisDead's rating: 1591 &rarr; <strong>1572<\/strong><br \/>(-19 for losing)