|join|CatchThisDead
|join|Pigliamosche zz
|player|p1|CatchThisDead|283
|player|p2|Pigliamosche zz|75
|gametype|singles
|gen|6
|tier|OU
|rated
|clearpoke
|poke|p1|Diggersby, F
|poke|p1|Keldeo
|poke|p1|Landorus-Therian, M
|poke|p1|Latias, F
|poke|p1|Charizard, F
|poke|p1|Tyranitar, M
|poke|p2|Metagross
|poke|p2|Manaphy
|poke|p2|Tyranitar, M
|poke|p2|Latios, M
|poke|p2|Landorus, M
|poke|p2|Thundurus, M
|rule|Swagger Clause: Swagger is banned
|rule|Baton Pass Clause: Limit one PokÃ©mon knowing Baton Pass
|rule|Sleep Clause Mod: Limit one foe put to sleep
|rule|Species Clause: Limit one of each PokÃ©mon
|rule|OHKO Clause: OHKO moves are banned
|rule|Moody Clause: Moody is banned
|rule|Evasion Moves Clause: Evasion moves are banned
|rule|Endless Battle Clause: Forcing endless battles is banned
|rule|HP Percentage Mod: HP is shown in percentages
|teampreview
|
|start
|switch|p1a: Landorus-Therian|Landorus-Therian, M|361\/361
|switch|p2a: Landorus|Landorus, M|319\/319
|-ability|p1a: Landorus-Therian|Intimidate|[of] p2a: Landorus
|-unboost|p2a: Landorus|atk|1
|turn|1
|
|move|p2a: Landorus|Stealth Rock|p1a: Landorus-Therian
|-sidestart|p1: CatchThisDead|move: Stealth Rock
|move|p1a: Landorus-Therian|Stealth Rock|p2a: Landorus
|-sidestart|p2: Pigliamosche zz|move: Stealth Rock
|
|turn|2
|
|switch|p1a: Latias|Latias, F|301\/301
|-damage|p1a: Latias|264\/301|[from] Stealth Rock
|move|p2a: Landorus|Knock Off|p1a: Latias
|-supereffective|p1a: Latias
|-damage|p1a: Latias|100\/301
|-enditem|p1a: Latias|Leftovers|[from] move: Knock Off|[of] p2a: Landorus
|-damage|p2a: Landorus|288\/319|[from] item: Life Orb
|
|turn|3
|
|switch|p2a: Tyranitar|Tyranitar, M|341\/341
|-damage|p2a: Tyranitar|299\/341|[from] Stealth Rock
|-weather|Sandstorm
|move|p1a: Latias|Defog|p2a: Tyranitar
|-unboost|p2a: Tyranitar|evasion|1
|-sideend|p2: Pigliamosche zz|Stealth Rock|[from] move: Defog|[of] p2a: Tyranitar
|-sideend|p1: CatchThisDead|Stealth Rock|[from] move: Defog|[of] p1a: Latias
|
|-weather|Sandstorm|[upkeep]
|-damage|p1a: Latias|82\/301|[from] sandstorm
|turn|4
|
|move|p2a: Tyranitar|Pursuit|p1a: Latias|[from]Pursuit
|-supereffective|p1a: Latias
|-damage|p1a: Latias|0 fnt
|faint|p1a: Latias
|
|-weather|Sandstorm|[upkeep]
|
|switch|p1a: Keldeo|Keldeo|323\/323
|turn|5
|
|switch|p2a: Latios|Latios, M|301\/301
|move|p1a: Keldeo|Secret Sword|p2a: Latios
|-resisted|p2a: Latios
|-damage|p2a: Latios|160\/301
|
|-weather|Sandstorm|[upkeep]
|-damage|p2a: Latios|142\/301|[from] sandstorm
|-damage|p1a: Keldeo|303\/323|[from] sandstorm
|turn|6
|
|switch|p2a: Metagross|Metagross|302\/302
|switch|p1a: Tyranitar|Tyranitar, M|341\/341
|
|-weather|Sandstorm|[upkeep]
|turn|7
|
|detailschange|p2a: Metagross|Metagross-Mega
|-mega|p2a: Metagross|Metagross|Metagrossite
|move|p1a: Tyranitar|Crunch|p2a: Metagross
|-supereffective|p2a: Metagross
|-damage|p2a: Metagross|90\/302
|-unboost|p2a: Metagross|def|1
|move|p2a: Metagross|Meteor Mash|p1a: Tyranitar
|-supereffective|p1a: Tyranitar
|-damage|p1a: Tyranitar|0 fnt
|faint|p1a: Tyranitar
|
|-weather|none
|
|switch|p1a: Landorus-Therian|Landorus-Therian, M|361\/361
|-ability|p1a: Landorus-Therian|Intimidate|[of] p2a: Metagross
|-unboost|p2a: Metagross|atk|1
|turn|8
|
|switch|p2a: Thundurus|Thundurus, M|299\/299
|move|p1a: Landorus-Therian|Smack Down|p2a: Thundurus
|-supereffective|p2a: Thundurus
|-damage|p2a: Thundurus|117\/299
|-start|p2a: Thundurus|Smack Down
|
|turn|9
|
|switch|p1a: Keldeo|Keldeo|303\/323
|move|p2a: Thundurus|Hidden Power|p1a: Keldeo
|-resisted|p1a: Keldeo
|-damage|p1a: Keldeo|252\/323
|-damage|p2a: Thundurus|88\/299|[from] item: Life Orb
|
|turn|10
|
|switch|p1a: Diggersby|Diggersby, F|311\/311
|move|p2a: Thundurus|Thunder Wave|p1a: Diggersby
|-immune|p1a: Diggersby|[msg]
|
|turn|11
|
|switch|p2a: Tyranitar|Tyranitar, M|299\/341
|-weather|Sandstorm
|move|p1a: Diggersby|Quick Attack|p2a: Tyranitar
|-resisted|p2a: Tyranitar
|-damage|p2a: Tyranitar|259\/341
|
|-weather|Sandstorm|[upkeep]
|turn|12
|
|move|p2a: Tyranitar|Pursuit|p1a: Diggersby
|-damage|p1a: Diggersby|227\/311
|move|p1a: Diggersby|Earthquake|p2a: Tyranitar
|-supereffective|p2a: Tyranitar
|-damage|p2a: Tyranitar|0 fnt
|faint|p2a: Tyranitar
|
|-weather|Sandstorm|[upkeep]
|
|switch|p2a: Landorus|Landorus, M|288\/319
|turn|13
|
|move|p2a: Landorus|Stealth Rock|p1a: Diggersby
|-sidestart|p1: CatchThisDead|move: Stealth Rock
|move|p1a: Diggersby|Return|p2a: Landorus
|-damage|p2a: Landorus|50\/319
|
|-weather|Sandstorm|[upkeep]
|turn|14
|
|move|p1a: Diggersby|Quick Attack|p2a: Landorus
|-damage|p2a: Landorus|0 fnt
|faint|p2a: Landorus
|
|-weather|Sandstorm|[upkeep]
|
|switch|p2a: Manaphy|Manaphy|365\/365
|turn|15
|
|switch|p1a: Keldeo|Keldeo|252\/323
|-damage|p1a: Keldeo|232\/323|[from] Stealth Rock
|move|p2a: Manaphy|Scald|p1a: Keldeo
|-resisted|p1a: Keldeo
|-damage|p1a: Keldeo|166\/323
|
|-weather|none
|turn|16
|
|move|p1a: Keldeo|Secret Sword|p2a: Manaphy
|-damage|p2a: Manaphy|136\/365
|move|p2a: Manaphy|Psychic|p1a: Keldeo
|-supereffective|p1a: Keldeo
|-damage|p1a: Keldeo|0 fnt
|faint|p1a: Keldeo
|
|-heal|p2a: Manaphy|158\/365|[from] item: Leftovers
|
|switch|p1a: Charizard|Charizard, F|297\/297
|-damage|p1a: Charizard|149\/297|[from] Stealth Rock
|turn|17
|
|switch|p2a: Thundurus|Thundurus, M|88\/299
|detailschange|p1a: Charizard|Charizard-Mega-Y, F
|-mega|p1a: Charizard|Charizard|Charizardite Y
|-weather|SunnyDay
|move|p1a: Charizard|Fire Blast|p2a: Thundurus
|-damage|p2a: Thundurus|0 fnt
|faint|p2a: Thundurus
|
|-weather|SunnyDay|[upkeep]
|
|switch|p2a: Latios|Latios, M|142\/301
|turn|18
|
|move|p2a: Latios|Psyshock|p1a: Charizard
|-crit|p1a: Charizard
|-damage|p1a: Charizard|0 fnt
|-damage|p2a: Latios|112\/301|[from] item: Life Orb
|faint|p1a: Charizard
|
|-weather|SunnyDay|[upkeep]
|
|switch|p1a: Diggersby|Diggersby, F|227\/311
|-damage|p1a: Diggersby|208\/311|[from] Stealth Rock
|turn|19
|
|switch|p2a: Metagross|Metagross-Mega|90\/302
|move|p1a: Diggersby|Quick Attack|p2a: Metagross
|-crit|p2a: Metagross
|-resisted|p2a: Metagross
|-damage|p2a: Metagross|37\/302
|
|-weather|SunnyDay|[upkeep]
|turn|20
|
|switch|p2a: Latios|Latios, M|112\/301
|switch|p1a: Landorus-Therian|Landorus-Therian, M|361\/361
|-damage|p1a: Landorus-Therian|316\/361|[from] Stealth Rock
|-ability|p1a: Landorus-Therian|Intimidate|[of] p2a: Latios
|-unboost|p2a: Latios|atk|1
|
|-weather|SunnyDay|[upkeep]
|turn|21
|
|move|p2a: Latios|Draco Meteor|p1a: Landorus-Therian
|-damage|p1a: Landorus-Therian|0 fnt
|-unboost|p2a: Latios|spa|2
|-damage|p2a: Latios|82\/301|[from] item: Life Orb
|faint|p1a: Landorus-Therian
|
|-weather|none
|c|âPigliamosche zz|gg
|
|switch|p1a: Diggersby|Diggersby, F|208\/311
|-damage|p1a: Diggersby|189\/311|[from] Stealth Rock
|turn|22
|
|move|p2a: Latios|Draco Meteor|p1a: Diggersby
|-damage|p1a: Diggersby|6\/311
|-unboost|p2a: Latios|spa|2
|-damage|p2a: Latios|52\/301|[from] item: Life Orb
|move|p1a: Diggersby|Swords Dance|p1a: Diggersby
|-boost|p1a: Diggersby|atk|2
|
|turn|23
|c|âCatchThisDead|;)
|
|move|p1a: Diggersby|Quick Attack|p2a: Latios
|-damage|p2a: Latios|0 fnt
|faint|p2a: Latios
|
|
|switch|p2a: Metagross|Metagross-Mega|37\/302
|turn|24
|
|move|p2a: Metagross|Bullet Punch|p1a: Diggersby
|-damage|p1a: Diggersby|0 fnt
|faint|p1a: Diggersby
|
|win|Pigliamosche zz
|raw|Ladder updating...
|raw|CatchThisDead's rating: 1596 &rarr; <strong>1573<\/strong><br \/>(-23 for losing)
|raw|Pigliamosche zz's rating: 1545 &rarr; <strong>1568<\/strong><br \/>(+23 for winning)
|c|âCatchThisDead|bullet...
|c|âCatchThisDead|on metagros...
|leave|CatchThisDead
|c|âPigliamosche zz|=)
|player|p1