|join|Zebban
|join|keith000
|player|p1|Zebban|101
|player|p2|keith000|269
|gametype|singles
|gen|6
|tier|OU
|rated
|clearpoke
|poke|p1|Azumarill, M
|poke|p1|Bisharp, M
|poke|p1|Conkeldurr, F
|poke|p1|Landorus-Therian, M
|poke|p1|Smeargle, F
|poke|p1|Gardevoir, M
|poke|p2|Scrafty, M
|poke|p2|Hawlucha, M
|poke|p2|Medicham, M
|poke|p2|Throh, M
|poke|p2|Lucario, M
|poke|p2|Toxicroak, M
|rule|Swagger Clause: Swagger is banned
|rule|Baton Pass Clause: Limit one PokÃ©mon knowing Baton Pass
|rule|Sleep Clause Mod: Limit one foe put to sleep
|rule|Species Clause: Limit one of each PokÃ©mon
|rule|OHKO Clause: OHKO moves are banned
|rule|Moody Clause: Moody is banned
|rule|Evasion Moves Clause: Evasion moves are banned
|rule|Endless Battle Clause: Forcing endless battles is banned
|rule|HP Percentage Mod: HP is shown in percentages
|teampreview
|
|start
|switch|p1a: Smeargle|Smeargle, F|314\/314
|switch|p2a: Medicham|Medicham, M|262\/262
|turn|1
|
|detailschange|p2a: Medicham|Medicham-Mega, M
|message|Medicham has Mega Evolved into Mega Medicham!
|move|p2a: Medicham|Fake Out|p1a: Smeargle
|-damage|p1a: Smeargle|125\/314
|cant|p1a: Smeargle|flinch
|
|turn|2
|
|switch|p1a: Landorus-Therian|Landorus-Therian, M|382\/382
|-ability|p1a: Landorus-Therian|Intimidate|[of] p2a: Medicham
|-unboost|p2a: Medicham|atk|1
|move|p2a: Medicham|Drain Punch|p1a: Landorus-Therian
|-resisted|p1a: Landorus-Therian
|-damage|p1a: Landorus-Therian|298\/382
|
|-heal|p1a: Landorus-Therian|321\/382|[from] item: Leftovers
|turn|3
|
|switch|p2a: Hawlucha|Hawlucha, M|298\/298
|move|p1a: Landorus-Therian|U-turn|p2a: Hawlucha
|-resisted|p2a: Hawlucha
|-damage|p2a: Hawlucha|267\/298
|
|switch|p1a: Gardevoir|Gardevoir, M|278\/278
|-ability|p1a: Gardevoir|Unburden|[from] ability: Trace|[of] p2a: Hawlucha
|
|turn|4
|
|detailschange|p1a: Gardevoir|Gardevoir-Mega, M
|message|Gardevoir has Mega Evolved into Mega Gardevoir!
|move|p2a: Hawlucha|Sky Attack|p1a: Gardevoir|[still]
|-prepare|p2a: Hawlucha|Sky Attack|p1a: Gardevoir
|-enditem|p2a: Hawlucha|Power Herb
|-anim|p2a: Hawlucha|Sky Attack|p1a: Gardevoir
|-crit|p1a: Gardevoir
|-damage|p1a: Gardevoir|0 fnt
|faint|p1a: Gardevoir
|
|
|switch|p1a: Azumarill|Azumarill, M|404\/404
|turn|5
|
|move|p2a: Hawlucha|U-turn|p1a: Azumarill
|-resisted|p1a: Azumarill
|-damage|p1a: Azumarill|361\/404
|
|switch|p2a: Toxicroak|Toxicroak, M|308\/308
|move|p1a: Azumarill|Play Rough|p2a: Toxicroak
|-damage|p2a: Toxicroak|35\/308
|
|-heal|p2a: Toxicroak|54\/308|[from] item: Black Sludge
|turn|6
|
|move|p1a: Azumarill|Aqua Jet|p2a: Toxicroak
|-heal|p2a: Toxicroak|131\/308|[from] ability: Dry Skin|[of] p1a: Azumarill
|move|p2a: Toxicroak|Poison Jab|p1a: Azumarill
|-supereffective|p1a: Azumarill
|-damage|p1a: Azumarill|55\/404
|
|-heal|p2a: Toxicroak|150\/308|[from] item: Black Sludge
|turn|7
|
|switch|p2a: Lucario|Lucario, M|282\/282
|switch|p1a: Landorus-Therian|Landorus-Therian, M|321\/382
|-ability|p1a: Landorus-Therian|Intimidate|[of] p2a: Lucario
|-unboost|p2a: Lucario|atk|1
|
|-heal|p1a: Landorus-Therian|344\/382|[from] item: Leftovers
|turn|8
|
|move|p2a: Lucario|Aura Sphere|p1a: Landorus-Therian
|-resisted|p1a: Landorus-Therian
|-damage|p1a: Landorus-Therian|245\/382
|move|p1a: Landorus-Therian|Earthquake|p2a: Lucario
|-supereffective|p2a: Lucario
|-enditem|p2a: Lucario|Focus Sash
|-damage|p2a: Lucario|1\/282
|
|-heal|p1a: Landorus-Therian|268\/382|[from] item: Leftovers
|turn|9
|
|move|p2a: Lucario|Shadow Ball|p1a: Landorus-Therian
|-damage|p1a: Landorus-Therian|149\/382
|move|p1a: Landorus-Therian|U-turn|p2a: Lucario
|-resisted|p2a: Lucario
|-damage|p2a: Lucario|0 fnt
|faint|p2a: Lucario
|
|switch|p1a: Bisharp|Bisharp, M|272\/272
|
|
|switch|p2a: Medicham|Medicham-Mega, M|262\/262
|turn|10
|
|move|p1a: Bisharp|Sucker Punch|p2a: Medicham
|-damage|p2a: Medicham|24\/262
|-damage|p1a: Bisharp|245\/272|[from] item: Life Orb
|move|p2a: Medicham|Drain Punch|p1a: Bisharp
|-supereffective|p1a: Bisharp
|-damage|p1a: Bisharp|0 fnt
|-heal|p2a: Medicham|147\/262|[from] drain|[of] p1a: Bisharp
|faint|p1a: Bisharp
|
|
|switch|p1a: Landorus-Therian|Landorus-Therian, M|149\/382
|-ability|p1a: Landorus-Therian|Intimidate|[of] p2a: Medicham
|-unboost|p2a: Medicham|atk|1
|turn|11
|
|move|p2a: Medicham|Psycho Cut|p1a: Landorus-Therian
|-damage|p1a: Landorus-Therian|10\/382
|move|p1a: Landorus-Therian|U-turn|p2a: Medicham
|-damage|p2a: Medicham|31\/262
|
|switch|p1a: Azumarill|Azumarill, M|55\/404
|
|turn|12
|
|move|p2a: Medicham|Bullet Punch|p1a: Azumarill
|-damage|p1a: Azumarill|0 fnt
|faint|p1a: Azumarill
|
|
|switch|p1a: Conkeldurr|Conkeldurr, F|414\/414
|turn|13
|
|move|p1a: Conkeldurr|Mach Punch|p2a: Medicham
|-resisted|p2a: Medicham
|-damage|p2a: Medicham|0 fnt
|faint|p2a: Medicham
|
|-status|p1a: Conkeldurr|brn|[from] item: Flame Orb
|
|switch|p2a: Hawlucha|Hawlucha, M|267\/298
|turn|14
|
|move|p2a: Hawlucha|Flying Press|p1a: Conkeldurr
|-supereffective|p1a: Conkeldurr
|-damage|p1a: Conkeldurr|136\/414 brn
|move|p1a: Conkeldurr|Bulk Up|p1a: Conkeldurr
|-boost|p1a: Conkeldurr|atk|1
|-boost|p1a: Conkeldurr|def|1
|
|-damage|p1a: Conkeldurr|85\/414 brn|[from] brn
|turn|15
|
|move|p1a: Conkeldurr|Mach Punch|p2a: Hawlucha
|-crit|p2a: Hawlucha
|-resisted|p2a: Hawlucha
|-damage|p2a: Hawlucha|80\/298
|move|p2a: Hawlucha|Flying Press|p1a: Conkeldurr
|-supereffective|p1a: Conkeldurr
|-damage|p1a: Conkeldurr|0 fnt
|faint|p1a: Conkeldurr
|
|
|switch|p1a: Landorus-Therian|Landorus-Therian, M|10\/382
|-ability|p1a: Landorus-Therian|Intimidate|[of] p2a: Hawlucha
|-unboost|p2a: Hawlucha|atk|1
|turn|16
|
|move|p2a: Hawlucha|Flying Press|p1a: Landorus-Therian
|-resisted|p1a: Landorus-Therian
|-damage|p1a: Landorus-Therian|0 fnt
|faint|p1a: Landorus-Therian
|
|-message|Zebban forfeited.
|
|win|keith000
|raw|Ladder updating...
|raw|Zebban's rating: 1200 &rarr; <strong>1171<\/strong><br \/>(-29 for losing)
|raw|keith000's rating: 1149 &rarr; <strong>1178<\/strong><br \/>(+29 for winning)
|leave|Zebban
|player|p1