|join|LemonDonkey
|join|Zebban
|player|p1|LemonDonkey|102
|player|p2|Zebban|101
|gametype|singles
|gen|6
|tier|OU
|rated
|clearpoke
|poke|p1|Diggersby, M, shiny
|poke|p1|Whimsicott, F, shiny
|poke|p1|Heatran, F
|poke|p1|Galvantula, M
|poke|p1|Honchkrow, F, shiny
|poke|p1|Blastoise, F
|poke|p2|Azumarill, M
|poke|p2|Bisharp, M
|poke|p2|Dragonite, M
|poke|p2|Skarmory, M
|poke|p2|Latios, M
|poke|p2|Pinsir, F
|rule|Swagger Clause: Swagger is banned
|rule|Baton Pass Clause: Limit one PokÃ©mon knowing Baton Pass
|rule|Sleep Clause Mod: Limit one foe put to sleep
|rule|Species Clause: Limit one of each PokÃ©mon
|rule|OHKO Clause: OHKO moves are banned
|rule|Moody Clause: Moody is banned
|rule|Evasion Moves Clause: Evasion moves are banned
|rule|Endless Battle Clause: Forcing endless battles is banned
|rule|HP Percentage Mod: HP is shown in percentages
|teampreview
|
|start
|switch|p1a: Galvantula|Galvantula, M|281\/281
|switch|p2a: Skarmory|Skarmory, M|334\/334
|turn|1
|
|move|p1a: Galvantula|Thunder|p2a: Skarmory
|-supereffective|p2a: Skarmory
|-activate|p2a: Skarmory|Sturdy
|-damage|p2a: Skarmory|1\/334
|-status|p2a: Skarmory|par
|move|p2a: Skarmory|Stealth Rock|p1a: Galvantula
|-sidestart|p1: LemonDonkey|move: Stealth Rock
|
|-heal|p2a: Skarmory|21\/334 par|[from] item: Leftovers
|turn|2
|
|move|p1a: Galvantula|Bug Buzz|p2a: Skarmory
|-resisted|p2a: Skarmory
|-damage|p2a: Skarmory|0 fnt
|faint|p2a: Skarmory
|
|
|switch|p2a: Latios|Latios, M|302\/302
|turn|3
|
|move|p2a: Latios|Draco Meteor|p1a: Galvantula
|-enditem|p1a: Galvantula|Focus Sash
|-damage|p1a: Galvantula|1\/281
|-unboost|p2a: Latios|spa|2
|move|p1a: Galvantula|Sticky Web|p2a: Latios
|-sidestart|p2: Zebban|move: Sticky Web
|
|turn|4
|
|move|p2a: Latios|Draco Meteor|p1a: Galvantula
|-damage|p1a: Galvantula|0 fnt
|-unboost|p2a: Latios|spa|2
|faint|p1a: Galvantula
|
|
|switch|p1a: Whimsicott|Whimsicott, F, shiny|324\/324
|-damage|p1a: Whimsicott|284\/324|[from] Stealth Rock
|turn|5
|
|switch|p2a: Pinsir|Pinsir, F|272\/272
|-activate|p2a: Pinsir|move: Sticky Web
|-unboost|p2a: Pinsir|spe|1
|move|p1a: Whimsicott|Encore|p2a: Pinsir
|-fail|p2a: Pinsir
|
|turn|6
|
|detailschange|p2a: Pinsir|Pinsir-Mega, F
|message|Pinsir has Mega Evolved into Mega Pinsir!
|move|p1a: Whimsicott|Cotton Guard|p1a: Whimsicott
|-boost|p1a: Whimsicott|def|3
|move|p2a: Pinsir|Return|p1a: Whimsicott
|-supereffective|p1a: Whimsicott
|-damage|p1a: Whimsicott|96\/324
|
|turn|7
|
|move|p1a: Whimsicott|Cotton Guard|p1a: Whimsicott
|-boost|p1a: Whimsicott|def|3
|move|p2a: Pinsir|Quick Attack|p1a: Whimsicott
|-supereffective|p1a: Whimsicott
|-damage|p1a: Whimsicott|48\/324
|
|turn|8
|
|move|p1a: Whimsicott|Leech Seed|p2a: Pinsir|[miss]
|-miss|p1a: Whimsicott|p2a: Pinsir
|move|p2a: Pinsir|Quick Attack|p1a: Whimsicott
|-supereffective|p1a: Whimsicott
|-damage|p1a: Whimsicott|6\/324
|
|turn|9
|
|move|p1a: Whimsicott|Leech Seed|p2a: Pinsir
|-start|p2a: Pinsir|move: Leech Seed
|move|p2a: Pinsir|Quick Attack|p1a: Whimsicott
|-supereffective|p1a: Whimsicott
|-damage|p1a: Whimsicott|0 fnt
|faint|p1a: Whimsicott
|
|
|switch|p1a: Heatran|Heatran, F|386\/386
|-damage|p1a: Heatran|338\/386|[from] Stealth Rock
|turn|10
|
|switch|p2a: Azumarill|Azumarill, M|404\/404
|-activate|p2a: Azumarill|move: Sticky Web
|-unboost|p2a: Azumarill|spe|1
|move|p1a: Heatran|Lava Plume|p2a: Azumarill
|-resisted|p2a: Azumarill
|-damage|p2a: Azumarill|355\/404
|
|-heal|p1a: Heatran|362\/386|[from] item: Leftovers
|turn|11
|
|move|p1a: Heatran|Stealth Rock|p2a: Azumarill
|-sidestart|p2: Zebban|move: Stealth Rock
|move|p2a: Azumarill|Knock Off|p1a: Heatran
|-damage|p1a: Heatran|225\/386
|-enditem|p1a: Heatran|Leftovers|[from] move: Knock Off|[of] p2a: Azumarill
|
|turn|12
|
|move|p1a: Heatran|Flash Cannon|p2a: Azumarill
|-damage|p2a: Azumarill|262\/404
|move|p2a: Azumarill|Waterfall|p1a: Heatran
|-supereffective|p1a: Heatran
|-damage|p1a: Heatran|0 fnt
|faint|p1a: Heatran
|
|
|switch|p1a: Blastoise|Blastoise, F|358\/358
|-damage|p1a: Blastoise|314\/358|[from] Stealth Rock
|turn|13
|
|detailschange|p1a: Blastoise|Blastoise-Mega, F
|message|Blastoise has Mega Evolved into Mega Blastoise!
|move|p1a: Blastoise|Rapid Spin|p2a: Azumarill
|-damage|p2a: Azumarill|242\/404
|-sideend|p1: LemonDonkey|Stealth Rock|[from] move: Rapid Spin|[of] p1a: Blastoise
|move|p2a: Azumarill|Play Rough|p1a: Blastoise
|-crit|p1a: Blastoise
|-damage|p1a: Blastoise|65\/358
|
|turn|14
|
|move|p1a: Blastoise|Water Pulse|p2a: Azumarill
|-resisted|p2a: Azumarill
|-damage|p2a: Azumarill|171\/404
|-start|p2a: Azumarill|confusion
|-activate|p2a: Azumarill|confusion
|move|p2a: Azumarill|Play Rough|p1a: Blastoise
|-damage|p1a: Blastoise|0 fnt
|faint|p1a: Blastoise
|
|
|switch|p1a: Honchkrow|Honchkrow, F, shiny|341\/341
|turn|15
|
|-activate|p2a: Azumarill|confusion
|-damage|p2a: Azumarill|106\/404|[from] confusion
|move|p1a: Honchkrow|Brave Bird|p2a: Azumarill
|-damage|p2a: Azumarill|0 fnt
|-damage|p1a: Honchkrow|306\/341|[from] recoil|[of] p2a: Azumarill
|-damage|p1a: Honchkrow|272\/341|[from] item: Life Orb
|faint|p2a: Azumarill
|-boost|p1a: Honchkrow|atk|1|[from] ability: Moxie
|
|
|switch|p2a: Bisharp|Bisharp, M|272\/272
|-damage|p2a: Bisharp|255\/272|[from] Stealth Rock
|-activate|p2a: Bisharp|move: Sticky Web
|-unboost|p2a: Bisharp|spe|1
|-boost|p2a: Bisharp|atk|2|[from] ability: Defiant
|turn|16
|
|move|p1a: Honchkrow|Heat Wave|p2a: Bisharp
|-crit|p2a: Bisharp
|-supereffective|p2a: Bisharp
|-damage|p2a: Bisharp|0 fnt
|-damage|p1a: Honchkrow|238\/341|[from] item: Life Orb
|faint|p2a: Bisharp
|-boost|p1a: Honchkrow|atk|1|[from] ability: Moxie
|
|
|switch|p2a: Pinsir|Pinsir-Mega, F|272\/272
|-damage|p2a: Pinsir|136\/272|[from] Stealth Rock
|turn|17
|
|move|p1a: Honchkrow|Sucker Punch|p2a: Pinsir
|-damage|p2a: Pinsir|0 fnt
|-damage|p1a: Honchkrow|204\/341|[from] item: Life Orb
|faint|p2a: Pinsir
|-boost|p1a: Honchkrow|atk|1|[from] ability: Moxie
|
|
|switch|p2a: Dragonite|Dragonite, M|324\/324
|-damage|p2a: Dragonite|243\/324|[from] Stealth Rock
|turn|18
|
|move|p2a: Dragonite|Extreme Speed|p1a: Honchkrow
|-damage|p1a: Honchkrow|31\/341
|move|p1a: Honchkrow|Brave Bird|p2a: Dragonite
|-damage|p2a: Dragonite|0 fnt
|-damage|p1a: Honchkrow|0 fnt|[from] recoil|[of] p2a: Dragonite
|faint|p2a: Dragonite
|faint|p1a: Honchkrow
|
|
|switch|p2a: Latios|Latios, M|302\/302
|-damage|p2a: Latios|265\/302|[from] Stealth Rock
|switch|p1a: Diggersby|Diggersby, M, shiny|312\/312
|turn|19
|
|move|p2a: Latios|Surf|p1a: Diggersby
|-supereffective|p1a: Diggersby
|-enditem|p1a: Diggersby|Focus Sash
|-damage|p1a: Diggersby|1\/312
|move|p1a: Diggersby|Return|p2a: Latios
|-damage|p2a: Latios|0 fnt
|faint|p2a: Latios
|
|win|LemonDonkey
|raw|Ladder updating...
|raw|LemonDonkey's rating: 1377 &rarr; <strong>1400<\/strong><br \/>(+23 for winning)
|raw|Zebban's rating: 1429 &rarr; <strong>1406<\/strong><br \/>(-23 for losing)
|leave|Zebban
|player|p2