|join|Dark Khan
|join|Zebban
|player|p1|Dark Khan|2
|player|p2|Zebban|101
|gametype|singles
|gen|6
|tier|OU
|rated
|clearpoke
|poke|p1|Skarmory, M, shiny
|poke|p1|Chansey, F, shiny
|poke|p1|Rotom-Wash, shiny
|poke|p1|Venusaur, M, shiny
|poke|p1|Bisharp, M, shiny
|poke|p1|Landorus, M, shiny
|poke|p2|Manectric, M, shiny
|poke|p2|Scizor, M
|poke|p2|Greninja, M, shiny
|poke|p2|Azumarill, M
|poke|p2|Landorus-Therian, M
|poke|p2|Heatran, M
|rule|Swagger Clause: Swagger is banned
|rule|Baton Pass Clause: Limit one PokÃ©mon knowing Baton Pass
|rule|Sleep Clause Mod: Limit one foe put to sleep
|rule|Species Clause: Limit one of each PokÃ©mon
|rule|OHKO Clause: OHKO moves are banned
|rule|Moody Clause: Moody is banned
|rule|Evasion Moves Clause: Evasion moves are banned
|rule|Endless Battle Clause: Forcing endless battles is banned
|rule|HP Percentage Mod: HP is shown in percentages
|teampreview
|
|start
|switch|p1a: Rotom-Wash|Rotom-Wash, shiny|241\/241
|switch|p2a: Scizor|Scizor, M|343\/343
|turn|1
|
|switch|p2a: Heatran|Heatran, M|376\/376
|move|p1a: Rotom-Wash|Volt Switch|p2a: Heatran
|-damage|p2a: Heatran|307\/376
|
|switch|p1a: Landorus|Landorus, M, shiny|320\/320
|
|-heal|p2a: Heatran|330\/376|[from] item: Leftovers
|turn|2
|
|switch|p2a: Landorus-Therian|Landorus-Therian, M|382\/382
|-ability|p2a: Landorus-Therian|Intimidate|[of] p1a: Landorus
|-unboost|p1a: Landorus|atk|1
|move|p1a: Landorus|Hidden Power|p2a: Landorus-Therian
|-supereffective|p2a: Landorus-Therian
|-damage|p2a: Landorus-Therian|0 fnt
|-damage|p1a: Landorus|288\/320|[from] item: Life Orb
|faint|p2a: Landorus-Therian
|
|
|switch|p2a: Manectric|Manectric, M, shiny|282\/282
|turn|3
|
|switch|p1a: Chansey|Chansey, F, shiny|704\/704
|detailschange|p2a: Manectric|Manectric-Mega, M, shiny
|message|Manectric has Mega Evolved into Mega Manectric!
|-ability|p2a: Manectric|Intimidate|[of] p1a: Chansey
|-unboost|p1a: Chansey|atk|1
|move|p2a: Manectric|Hidden Power|p1a: Chansey
|-damage|p1a: Chansey|655\/704
|
|turn|4
|
|move|p2a: Manectric|Volt Switch|p1a: Chansey
|-damage|p1a: Chansey|574\/704
|
|switch|p2a: Scizor|Scizor, M|343\/343
|move|p1a: Chansey|Thunder Wave|p2a: Scizor
|-status|p2a: Scizor|par
|
|turn|5
|
|switch|p1a: Skarmory|Skarmory, M, shiny|334\/334
|move|p2a: Scizor|Knock Off|p1a: Skarmory
|-damage|p1a: Skarmory|255\/334
|-damage|p2a: Scizor|286\/343 par|[from] item: Rocky Helmet|[of] p1a: Skarmory
|-enditem|p1a: Skarmory|Rocky Helmet|[from] move: Knock Off|[of] p2a: Scizor
|-damage|p2a: Scizor|252\/343 par|[from] item: Life Orb
|
|turn|6
|
|switch|p2a: Manectric|Manectric-Mega, M, shiny|282\/282
|-ability|p2a: Manectric|Intimidate|[of] p1a: Skarmory
|-unboost|p1a: Skarmory|atk|1
|move|p1a: Skarmory|Stealth Rock|p2a: Manectric
|-sidestart|p2: Zebban|move: Stealth Rock
|
|turn|7
|
|switch|p1a: Chansey|Chansey, F, shiny|574\/704
|move|p2a: Manectric|Thunderbolt|p1a: Chansey
|-damage|p1a: Chansey|460\/704
|
|turn|8
|
|move|p2a: Manectric|Thunderbolt|p1a: Chansey
|-damage|p1a: Chansey|360\/704
|move|p1a: Chansey|Seismic Toss|p2a: Manectric
|-damage|p2a: Manectric|182\/282
|
|turn|9
|
|move|p2a: Manectric|Volt Switch|p1a: Chansey
|-crit|p1a: Chansey
|-damage|p1a: Chansey|245\/704
|
|switch|p2a: Scizor|Scizor, M|252\/343 par
|-damage|p2a: Scizor|210\/343 par|[from] Stealth Rock
|move|p1a: Chansey|Soft-Boiled|p1a: Chansey
|-heal|p1a: Chansey|597\/704
|
|turn|10
|
|switch|p1a: Skarmory|Skarmory, M, shiny|255\/334
|move|p2a: Scizor|Knock Off|p1a: Skarmory
|-crit|p1a: Skarmory
|-damage|p1a: Skarmory|169\/334
|-damage|p2a: Scizor|176\/343 par|[from] item: Life Orb
|
|turn|11
|
|move|p1a: Skarmory|Roost|p1a: Skarmory
|-heal|p1a: Skarmory|334\/334
|move|p2a: Scizor|Roost|p2a: Scizor
|-heal|p2a: Scizor|343\/343 par
|
|turn|12
|
|move|p1a: Skarmory|Brave Bird|p2a: Scizor
|-damage|p2a: Scizor|231\/343 par
|-damage|p1a: Skarmory|297\/334|[from] recoil|[of] p2a: Scizor
|cant|p2a: Scizor|par
|
|turn|13
|
|switch|p2a: Heatran|Heatran, M|330\/376
|-damage|p2a: Heatran|283\/376|[from] Stealth Rock
|move|p1a: Skarmory|Brave Bird|p2a: Heatran
|-resisted|p2a: Heatran
|-damage|p2a: Heatran|229\/376
|-damage|p1a: Skarmory|279\/334|[from] recoil|[of] p2a: Heatran
|
|-heal|p2a: Heatran|252\/376|[from] item: Leftovers
|turn|14
|
|switch|p1a: Chansey|Chansey, F, shiny|597\/704
|move|p2a: Heatran|Toxic|p1a: Chansey
|-status|p1a: Chansey|tox
|
|-heal|p2a: Heatran|275\/376|[from] item: Leftovers
|-damage|p1a: Chansey|553\/704 tox|[from] psn
|turn|15
|
|move|p2a: Heatran|Protect|p2a: Heatran
|-singleturn|p2a: Heatran|Protect
|move|p1a: Chansey|Seismic Toss|p2a: Heatran
|-activate|p2a: Heatran|Protect
|
|-heal|p2a: Heatran|298\/376|[from] item: Leftovers
|-damage|p1a: Chansey|465\/704 tox|[from] psn
|turn|16
|
|switch|p1a: Venusaur|Venusaur, M, shiny|364\/364
|move|p2a: Heatran|Lava Plume|p1a: Venusaur
|-supereffective|p1a: Venusaur
|-damage|p1a: Venusaur|140\/364
|
|-heal|p2a: Heatran|321\/376|[from] item: Leftovers
|turn|17
|
|detailschange|p1a: Venusaur|Venusaur-Mega, M, shiny
|message|Venusaur has Mega Evolved into Mega Venusaur!
|move|p2a: Heatran|Lava Plume|p1a: Venusaur
|-supereffective|p1a: Venusaur
|-damage|p1a: Venusaur|48\/364
|move|p1a: Venusaur|Synthesis|p1a: Venusaur
|-heal|p1a: Venusaur|230\/364
|
|-heal|p2a: Heatran|344\/376|[from] item: Leftovers
|turn|18
|
|move|p2a: Heatran|Earth Power|p1a: Venusaur
|-damage|p1a: Venusaur|157\/364
|move|p1a: Venusaur|Synthesis|p1a: Venusaur
|-heal|p1a: Venusaur|339\/364
|
|-heal|p2a: Heatran|367\/376|[from] item: Leftovers
|turn|19
|
|switch|p1a: Chansey|Chansey, F, shiny|465\/704
|move|p2a: Heatran|Lava Plume|p1a: Chansey
|-damage|p1a: Chansey|395\/704
|
|-heal|p2a: Heatran|376\/376|[from] item: Leftovers
|turn|20
|
|switch|p2a: Scizor|Scizor, M|231\/343 par
|-damage|p2a: Scizor|189\/343 par|[from] Stealth Rock
|move|p1a: Chansey|Soft-Boiled|p1a: Chansey
|-heal|p1a: Chansey|704\/704
|
|turn|21
|
|switch|p1a: Venusaur|Venusaur-Mega, M, shiny|339\/364
|move|p2a: Scizor|Roost|p2a: Scizor
|-heal|p2a: Scizor|343\/343 par
|
|turn|22
|
|move|p1a: Venusaur|Hidden Power|p2a: Scizor
|-supereffective|p2a: Scizor
|-damage|p2a: Scizor|19\/343 par
|cant|p2a: Scizor|par
|
|turn|23
|
|move|p2a: Scizor|Bullet Punch|p1a: Venusaur
|-damage|p1a: Venusaur|226\/364
|-damage|p2a: Scizor|0 fnt|[from] item: Life Orb
|faint|p2a: Scizor
|move|p1a: Venusaur|Giga Drain|p2: Scizor|[notarget]
|-notarget
|
|
|switch|p2a: Greninja|Greninja, M, shiny|286\/286
|-damage|p2a: Greninja|251\/286|[from] Stealth Rock
|turn|24
|
|switch|p1a: Chansey|Chansey, F, shiny|704\/704
|move|p2a: Greninja|Hidden Power|p1a: Chansey
|-start|p2a: Greninja|typechange|Fire|[from] Protean
|-damage|p1a: Chansey|622\/704
|-damage|p2a: Greninja|223\/286|[from] item: Life Orb
|
|turn|25
|
|switch|p2a: Azumarill|Azumarill, M|401\/401
|-damage|p2a: Azumarill|351\/401|[from] Stealth Rock
|move|p1a: Chansey|Seismic Toss|p2a: Azumarill
|-damage|p2a: Azumarill|251\/401
|
|turn|26
|
|move|p1a: Chansey|Seismic Toss|p2a: Azumarill
|-damage|p2a: Azumarill|151\/401
|move|p2a: Azumarill|Knock Off|p1a: Chansey
|-damage|p1a: Chansey|428\/704
|-enditem|p1a: Chansey|Eviolite|[from] move: Knock Off|[of] p2a: Azumarill
|
|turn|27
|
|move|p2a: Azumarill|Waterfall|p1a: Chansey
|-crit|p1a: Chansey
|-damage|p1a: Chansey|0 fnt
|faint|p1a: Chansey
|
|
|switch|p1a: Rotom-Wash|Rotom-Wash, shiny|241\/241
|turn|28
|
|move|p1a: Rotom-Wash|Hydro Pump|p2a: Azumarill
|-resisted|p2a: Azumarill
|-damage|p2a: Azumarill|85\/401
|move|p2a: Azumarill|Knock Off|p1a: Rotom-Wash
|-damage|p1a: Rotom-Wash|118\/241
|-enditem|p1a: Rotom-Wash|Choice Scarf|[from] move: Knock Off|[of] p2a: Azumarill
|
|turn|29
|
|move|p1a: Rotom-Wash|Volt Switch|p2a: Azumarill
|-supereffective|p2a: Azumarill
|-damage|p2a: Azumarill|0 fnt
|faint|p2a: Azumarill
|
|switch|p1a: Bisharp|Bisharp, M, shiny|272\/272
|
|
|switch|p2a: Greninja|Greninja, M, shiny|223\/286
|-damage|p2a: Greninja|188\/286|[from] Stealth Rock
|turn|30
|
|switch|p1a: Rotom-Wash|Rotom-Wash, shiny|118\/241
|move|p2a: Greninja|Hidden Power|p1a: Rotom-Wash
|-start|p2a: Greninja|typechange|Fire|[from] Protean
|-resisted|p1a: Rotom-Wash
|-damage|p1a: Rotom-Wash|58\/241
|-damage|p2a: Greninja|160\/286|[from] item: Life Orb
|
|turn|31
|
|move|p2a: Greninja|Surf|p1a: Rotom-Wash
|-start|p2a: Greninja|typechange|Water|[from] Protean
|-resisted|p1a: Rotom-Wash
|-damage|p1a: Rotom-Wash|0 fnt
|-damage|p2a: Greninja|132\/286|[from] item: Life Orb
|faint|p1a: Rotom-Wash
|
|
|switch|p1a: Bisharp|Bisharp, M, shiny|272\/272
|turn|32
|
|switch|p2a: Heatran|Heatran, M|376\/376
|-damage|p2a: Heatran|329\/376|[from] Stealth Rock
|move|p1a: Bisharp|Sucker Punch|p2a: Heatran
|-fail|p2a: Heatran
|
|-heal|p2a: Heatran|352\/376|[from] item: Leftovers
|turn|33
|
|switch|p1a: Skarmory|Skarmory, M, shiny|279\/334
|move|p2a: Heatran|Lava Plume|p1a: Skarmory
|-supereffective|p1a: Skarmory
|-damage|p1a: Skarmory|0 fnt
|faint|p1a: Skarmory
|
|-heal|p2a: Heatran|375\/376|[from] item: Leftovers
|
|switch|p1a: Landorus|Landorus, M, shiny|288\/320
|turn|34
|
|move|p2a: Heatran|Protect|p2a: Heatran
|-singleturn|p2a: Heatran|Protect
|move|p1a: Landorus|Earth Power|p2a: Heatran
|-activate|p2a: Heatran|Protect
|
|-heal|p2a: Heatran|376\/376|[from] item: Leftovers
|turn|35
|
|move|p1a: Landorus|Earth Power|p2a: Heatran
|-supereffective|p2a: Heatran
|-damage|p2a: Heatran|0 fnt
|faint|p2a: Heatran
|
|
|switch|p2a: Manectric|Manectric-Mega, M, shiny|182\/282
|-damage|p2a: Manectric|147\/282|[from] Stealth Rock
|-ability|p2a: Manectric|Intimidate|[of] p1a: Landorus
|-unboost|p1a: Landorus|atk|1
|turn|36
|
|switch|p1a: Venusaur|Venusaur-Mega, M, shiny|226\/364
|move|p2a: Manectric|Hidden Power|p1a: Venusaur
|-supereffective|p1a: Venusaur
|-damage|p1a: Venusaur|166\/364
|
|turn|37
|
|move|p2a: Manectric|Flamethrower|p1a: Venusaur
|-supereffective|p1a: Venusaur
|-damage|p1a: Venusaur|70\/364
|move|p1a: Venusaur|Giga Drain|p2a: Manectric
|-damage|p2a: Manectric|0 fnt
|-heal|p1a: Venusaur|144\/364|[from] drain|[of] p2a: Manectric
|faint|p2a: Manectric
|
|
|switch|p2a: Greninja|Greninja, M, shiny|132\/286
|-damage|p2a: Greninja|97\/286|[from] Stealth Rock
|turn|38
|
|move|p2a: Greninja|Extrasensory|p1a: Venusaur
|-start|p2a: Greninja|typechange|Psychic|[from] Protean
|-supereffective|p1a: Venusaur
|-damage|p1a: Venusaur|0 fnt
|-damage|p2a: Greninja|69\/286|[from] item: Life Orb
|faint|p1a: Venusaur
|
|
|switch|p1a: Bisharp|Bisharp, M, shiny|272\/272
|turn|39
|-message|Zebban forfeited.
|
|win|Dark Khan
|raw|Ladder updating...
|leave|Zebban
|player|p2
|raw|Dark Khan's rating: 1614 &rarr; <strong>1632<\/strong><br \/>(+18 for winning)
|raw|Zebban's rating: 1571 &rarr; <strong>1553<\/strong><br \/>(-18 for losing)