|join|Zebban
|join|explodingdaisies
|player|p1|Zebban|101
|player|p2|explodingdaisies|256
|gametype|singles
|gen|6
|tier|OU
|rated
|clearpoke
|poke|p1|Manectric, M, shiny
|poke|p1|Scizor, M
|poke|p1|Greninja, M, shiny
|poke|p1|Azumarill, M
|poke|p1|Landorus-Therian, M
|poke|p1|Heatran, M
|poke|p2|Gyarados, M, shiny
|poke|p2|Latias, F, shiny
|poke|p2|Umbreon, M, shiny
|poke|p2|Ferrothorn, F, shiny
|poke|p2|Talonflame, M
|poke|p2|Gothitelle, F
|rule|Swagger Clause: Swagger is banned
|rule|Baton Pass Clause: Limit one PokÃ©mon knowing Baton Pass
|rule|Sleep Clause Mod: Limit one foe put to sleep
|rule|Species Clause: Limit one of each PokÃ©mon
|rule|OHKO Clause: OHKO moves are banned
|rule|Moody Clause: Moody is banned
|rule|Evasion Moves Clause: Evasion moves are banned
|rule|Endless Battle Clause: Forcing endless battles is banned
|rule|HP Percentage Mod: HP is shown in percentages
|teampreview
|
|start
|switch|p1a: Landorus-Therian|Landorus-Therian, M|382\/382
|switch|p2a: TauntBait|Ferrothorn, F, shiny|352\/352
|-ability|p1a: Landorus-Therian|Intimidate|[of] p2a: TauntBait
|-unboost|p2a: TauntBait|atk|1
|turn|1
|
|move|p1a: Landorus-Therian|Stealth Rock|p2a: TauntBait
|-sidestart|p2: explodingdaisies|move: Stealth Rock
|move|p2a: TauntBait|Stealth Rock|p1a: Landorus-Therian
|-sidestart|p1: Zebban|move: Stealth Rock
|
|turn|2
|
|move|p1a: Landorus-Therian|Knock Off|p2a: TauntBait
|-damage|p2a: TauntBait|279\/352
|-damage|p1a: Landorus-Therian|335\/382|[from] ability: Iron Barbs|[of] p2a: TauntBait
|-damage|p1a: Landorus-Therian|272\/382|[from] item: Rocky Helmet|[of] p2a: TauntBait
|-enditem|p2a: TauntBait|Rocky Helmet|[from] move: Knock Off|[of] p1a: Landorus-Therian
|move|p2a: TauntBait|Leech Seed|p1a: Landorus-Therian
|-start|p1a: Landorus-Therian|move: Leech Seed
|
|-heal|p1a: Landorus-Therian|295\/382|[from] item: Leftovers
|-damage|p1a: Landorus-Therian|248\/382|[from] Leech Seed|[of] p2a: TauntBait
|-heal|p2a: TauntBait|326\/352|[silent]
|turn|3
|
|switch|p1a: Manectric|Manectric, M, shiny|282\/282
|-damage|p1a: Manectric|247\/282|[from] Stealth Rock
|move|p2a: TauntBait|Thunder Wave|p1a: Manectric
|-boost|p1a: Manectric|spa|1|[from] ability: Lightningrod
|
|turn|4
|
|switch|p2a: Umbreon|Umbreon, M, shiny|394\/394
|-damage|p2a: Umbreon|345\/394|[from] Stealth Rock
|detailschange|p1a: Manectric|Manectric-Mega, M, shiny
|message|Manectric has Mega Evolved into Mega Manectric!
|-ability|p1a: Manectric|Intimidate|[of] p2a: Umbreon
|-unboost|p2a: Umbreon|atk|1
|move|p1a: Manectric|Flamethrower|p2a: Umbreon
|-damage|p2a: Umbreon|245\/394
|
|-heal|p2a: Umbreon|269\/394|[from] item: Leftovers
|turn|5
|
|move|p1a: Manectric|Volt Switch|p2a: Umbreon
|-damage|p2a: Umbreon|155\/394
|
|switch|p1a: Scizor|Scizor, M|343\/343
|-damage|p1a: Scizor|301\/343|[from] Stealth Rock
|move|p2a: Umbreon|Wish|p2a: Umbreon
|
|-heal|p2a: Umbreon|179\/394|[from] item: Leftovers
|turn|6
|
|move|p1a: Scizor|U-turn|p2a: Umbreon
|-supereffective|p2a: Umbreon
|-damage|p2a: Umbreon|0 fnt
|-damage|p1a: Scizor|267\/343|[from] item: Life Orb
|faint|p2a: Umbreon
|
|switch|p1a: Manectric|Manectric-Mega, M, shiny|247\/282
|-damage|p1a: Manectric|212\/282|[from] Stealth Rock
|
|
|switch|p2a: BananaBoat|Latias, F, shiny|302\/302
|-damage|p2a: BananaBoat|265\/302|[from] Stealth Rock
|turn|7
|
|move|p1a: Manectric|Volt Switch|p2a: BananaBoat
|-resisted|p2a: BananaBoat
|-damage|p2a: BananaBoat|216\/302
|
|switch|p1a: Heatran|Heatran, M|376\/376
|-damage|p1a: Heatran|329\/376|[from] Stealth Rock
|move|p2a: BananaBoat|Draco Meteor|p1a: Heatran
|-resisted|p1a: Heatran
|-damage|p1a: Heatran|232\/376
|-unboost|p2a: BananaBoat|spa|2
|-damage|p2a: BananaBoat|186\/302|[from] item: Life Orb
|
|-heal|p1a: Heatran|255\/376|[from] item: Leftovers
|turn|8
|
|move|p2a: BananaBoat|Defog|p1a: Heatran
|-unboost|p1a: Heatran|evasion|1
|-sideend|p1: Zebban|Stealth Rock|[from] move: Defog|[of] p1a: Heatran
|-sideend|p2: explodingdaisies|Stealth Rock|[from] move: Defog|[of] p2a: BananaBoat
|move|p1a: Heatran|Toxic|p2a: BananaBoat
|-status|p2a: BananaBoat|tox
|
|-heal|p1a: Heatran|278\/376|[from] item: Leftovers
|-damage|p2a: BananaBoat|168\/302 tox|[from] psn
|turn|9
|
|switch|p2a: Angerton|Gyarados, M, shiny|332\/332
|-ability|p2a: Angerton|Intimidate|[of] p1a: Heatran
|-unboost|p1a: Heatran|atk|1
|move|p1a: Heatran|Lava Plume|p2a: Angerton
|-resisted|p2a: Angerton
|-damage|p2a: Angerton|278\/332
|
|-heal|p1a: Heatran|301\/376|[from] item: Leftovers
|turn|10
|
|move|p2a: Angerton|Substitute|p2a: Angerton
|-start|p2a: Angerton|Substitute
|-damage|p2a: Angerton|195\/332
|move|p1a: Heatran|Lava Plume|p2a: Angerton
|-resisted|p2a: Angerton
|-activate|p2a: Angerton|Substitute|[damage]
|
|-heal|p1a: Heatran|324\/376|[from] item: Leftovers
|turn|11
|
|detailschange|p2a: Angerton|Gyarados-Mega, M, shiny
|message|Gyarados has Mega Evolved into Mega Gyarados!
|-ability|p2a: Angerton|Mold Breaker
|move|p2a: Angerton|Dragon Dance|p2a: Angerton
|-boost|p2a: Angerton|atk|1
|-boost|p2a: Angerton|spe|1
|move|p1a: Heatran|Lava Plume|p2a: Angerton
|-resisted|p2a: Angerton
|-end|p2a: Angerton|Substitute
|
|-heal|p1a: Heatran|347\/376|[from] item: Leftovers
|turn|12
|join|SuperKongTime
|
|switch|p1a: Scizor|Scizor, M|267\/343
|move|p2a: Angerton|Substitute|p2a: Angerton
|-start|p2a: Angerton|Substitute
|-damage|p2a: Angerton|112\/332
|
|turn|13
|
|move|p2a: Angerton|Waterfall|p1a: Scizor
|-damage|p1a: Scizor|8\/343
|move|p1a: Scizor|U-turn|p2a: Angerton
|-supereffective|p2a: Angerton
|-end|p2a: Angerton|Substitute
|-damage|p1a: Scizor|0 fnt|[from] item: Life Orb
|faint|p1a: Scizor
|
|
|switch|p1a: Azumarill|Azumarill, M|401\/401
|turn|14
|
|switch|p2a: TauntBait|Ferrothorn, F, shiny|326\/352
|move|p1a: Azumarill|Play Rough|p2a: TauntBait
|-resisted|p2a: TauntBait
|-damage|p2a: TauntBait|266\/352
|-damage|p1a: Azumarill|351\/401|[from] ability: Iron Barbs|[of] p2a: TauntBait
|
|turn|15
|
|switch|p1a: Greninja|Greninja, M, shiny|286\/286
|move|p2a: TauntBait|Stealth Rock|p1a: Greninja
|-sidestart|p1: Zebban|move: Stealth Rock
|
|turn|16
|leave|SuperKongTime
|
|switch|p2a: TheBirdIsTheWord|Talonflame, M|327\/327
|move|p1a: Greninja|Hidden Power|p2a: TheBirdIsTheWord
|-start|p1a: Greninja|typechange|Fire|[from] Protean
|-resisted|p2a: TheBirdIsTheWord
|-damage|p2a: TheBirdIsTheWord|241\/327
|-damage|p1a: Greninja|258\/286|[from] item: Life Orb
|
|turn|17
|
|switch|p1a: Heatran|Heatran, M|347\/376
|-damage|p1a: Heatran|300\/376|[from] Stealth Rock
|move|p2a: TheBirdIsTheWord|Brave Bird|p1a: Heatran
|-resisted|p1a: Heatran
|-damage|p1a: Heatran|216\/376
|-damage|p2a: TheBirdIsTheWord|213\/327|[from] recoil|[of] p1a: Heatran
|
|-heal|p1a: Heatran|239\/376|[from] item: Leftovers
|turn|18
|
|switch|p2a: Angerton|Gyarados-Mega, M, shiny|112\/332
|-ability|p2a: Angerton|Mold Breaker
|move|p1a: Heatran|Toxic|p2a: Angerton
|-status|p2a: Angerton|tox
|
|-heal|p1a: Heatran|262\/376|[from] item: Leftovers
|-damage|p2a: Angerton|92\/332 tox|[from] psn
|turn|19
|
|move|p2a: Angerton|Waterfall|p1a: Heatran
|-supereffective|p1a: Heatran
|-damage|p1a: Heatran|0 fnt
|faint|p1a: Heatran
|
|-damage|p2a: Angerton|52\/332 tox|[from] psn
|
|switch|p1a: Manectric|Manectric-Mega, M, shiny|212\/282
|-damage|p1a: Manectric|177\/282|[from] Stealth Rock
|-ability|p1a: Manectric|Intimidate|[of] p2a: Angerton
|-unboost|p2a: Angerton|atk|1
|turn|20
|
|switch|p2a: BananaBoat|Latias, F, shiny|168\/302 tox
|move|p1a: Manectric|Volt Switch|p2a: BananaBoat
|-resisted|p2a: BananaBoat
|-damage|p2a: BananaBoat|120\/302 tox
|
|switch|p1a: Greninja|Greninja, M, shiny|258\/286
|-damage|p1a: Greninja|223\/286|[from] Stealth Rock
|
|-damage|p2a: BananaBoat|102\/302 tox|[from] psn
|turn|21
|
|switch|p2a: NoWhereToRun|Gothitelle, F|342\/342
|move|p1a: Greninja|Ice Beam|p2a: NoWhereToRun
|-start|p1a: Greninja|typechange|Ice|[from] Protean
|-damage|p2a: NoWhereToRun|193\/342
|-damage|p1a: Greninja|195\/286|[from] item: Life Orb
|
|-heal|p2a: NoWhereToRun|214\/342|[from] item: Leftovers
|turn|22
|
|move|p1a: Greninja|Surf|p2a: NoWhereToRun
|-start|p1a: Greninja|typechange|Water|[from] Protean
|-damage|p2a: NoWhereToRun|65\/342
|-damage|p1a: Greninja|167\/286|[from] item: Life Orb
|move|p2a: NoWhereToRun|Psyshock|p1a: Greninja
|-damage|p1a: Greninja|0 fnt
|faint|p1a: Greninja
|
|-heal|p2a: NoWhereToRun|86\/342|[from] item: Leftovers
|
|switch|p1a: Manectric|Manectric-Mega, M, shiny|177\/282
|-damage|p1a: Manectric|142\/282|[from] Stealth Rock
|-ability|p1a: Manectric|Intimidate|[of] p2a: NoWhereToRun
|-unboost|p2a: NoWhereToRun|atk|1
|turn|23
|
|move|p1a: Manectric|Volt Switch|p2a: NoWhereToRun
|-damage|p2a: NoWhereToRun|0 fnt
|faint|p2a: NoWhereToRun
|
|switch|p1a: Landorus-Therian|Landorus-Therian, M|248\/382
|-damage|p1a: Landorus-Therian|201\/382|[from] Stealth Rock
|
|-heal|p1a: Landorus-Therian|224\/382|[from] item: Leftovers
|
|switch|p2a: BananaBoat|Latias, F, shiny|102\/302 tox
|turn|24
|
|move|p2a: BananaBoat|Healing Wish|p2a: BananaBoat
|faint|p2a: BananaBoat
|move|p1a: Landorus-Therian|Stealth Rock|p2: BananaBoat
|-sidestart|p2: explodingdaisies|move: Stealth Rock
|
|-heal|p1a: Landorus-Therian|247\/382|[from] item: Leftovers
|
|switch|p2a: Angerton|Gyarados-Mega, M, shiny|52\/332 tox
|-heal|p2a: Angerton|332\/332|[from] move: Healing Wish
|-damage|p2a: Angerton|291\/332|[from] Stealth Rock
|-ability|p2a: Angerton|Mold Breaker
|turn|25
|
|move|p2a: Angerton|Waterfall|p1a: Landorus-Therian
|-supereffective|p1a: Landorus-Therian
|-damage|p1a: Landorus-Therian|0 fnt
|faint|p1a: Landorus-Therian
|
|
|switch|p1a: Azumarill|Azumarill, M|351\/401
|-damage|p1a: Azumarill|301\/401|[from] Stealth Rock
|turn|26
|
|switch|p2a: TauntBait|Ferrothorn, F, shiny|266\/352
|-damage|p2a: TauntBait|244\/352|[from] Stealth Rock
|move|p1a: Azumarill|Play Rough|p2a: TauntBait
|-resisted|p2a: TauntBait
|-damage|p2a: TauntBait|185\/352
|-damage|p1a: Azumarill|251\/401|[from] ability: Iron Barbs|[of] p2a: TauntBait
|
|turn|27
|
|move|p1a: Azumarill|Knock Off|p2a: TauntBait
|-damage|p2a: TauntBait|125\/352
|-damage|p1a: Azumarill|201\/401|[from] ability: Iron Barbs|[of] p2a: TauntBait
|move|p2a: TauntBait|Power Whip|p1a: Azumarill
|-supereffective|p1a: Azumarill
|-damage|p1a: Azumarill|0 fnt
|faint|p1a: Azumarill
|
|
|switch|p1a: Manectric|Manectric-Mega, M, shiny|142\/282
|-damage|p1a: Manectric|107\/282|[from] Stealth Rock
|-ability|p1a: Manectric|Intimidate|[of] p2a: TauntBait
|-unboost|p2a: TauntBait|atk|1
|turn|28
|
|move|p1a: Manectric|Flamethrower|p2a: TauntBait
|-supereffective|p2a: TauntBait
|-damage|p2a: TauntBait|0 fnt
|faint|p2a: TauntBait
|
|
|switch|p2a: Angerton|Gyarados-Mega, M, shiny|291\/332
|-damage|p2a: Angerton|250\/332|[from] Stealth Rock
|-ability|p2a: Angerton|Mold Breaker
|turn|29
|
|move|p1a: Manectric|Thunderbolt|p2a: Angerton
|-supereffective|p2a: Angerton
|-damage|p2a: Angerton|0 fnt
|faint|p2a: Angerton
|
|
|switch|p2a: TheBirdIsTheWord|Talonflame, M|213\/327
|-damage|p2a: TheBirdIsTheWord|50\/327|[from] Stealth Rock
|turn|30
|
|move|p2a: TheBirdIsTheWord|Brave Bird|p1a: Manectric
|-resisted|p1a: Manectric
|-damage|p1a: Manectric|0 fnt
|-damage|p2a: TheBirdIsTheWord|15\/327|[from] recoil|[of] p1a: Manectric
|faint|p1a: Manectric
|
|win|explodingdaisies
|raw|Ladder updating...
|raw|Zebban's rating: 1548 &rarr; <strong>1524<\/strong><br \/>(-24 for losing)
|raw|explodingdaisies's rating: 1478 &rarr; <strong>1502<\/strong><br \/>(+24 for winning)
|c|âexplodingdaisies|gg
|leave|Zebban
|player|p1