|join|Zebban
|join|xyz111
|player|p1|Zebban|101
|player|p2|xyz111|78
|gametype|singles
|gen|6
|tier|OU
|rated
|clearpoke
|poke|p1|Charizard, M
|poke|p1|Greninja, M
|poke|p1|Chesnaught, M
|poke|p1|Azumarill, M
|poke|p1|Donphan, M
|poke|p1|Rotom-Wash
|poke|p2|Azumarill, M, shiny
|poke|p2|Zapdos
|poke|p2|Landorus-Therian, M
|poke|p2|Aerodactyl, F
|poke|p2|Heatran, M
|poke|p2|Breloom, F
|rule|Swagger Clause: Swagger is banned
|rule|Baton Pass Clause: Limit one PokÃ©mon knowing Baton Pass
|rule|Sleep Clause Mod: Limit one foe put to sleep
|rule|Species Clause: Limit one of each PokÃ©mon
|rule|OHKO Clause: OHKO moves are banned
|rule|Moody Clause: Moody is banned
|rule|Evasion Moves Clause: Evasion moves are banned
|rule|Endless Battle Clause: Forcing endless battles is banned
|rule|HP Percentage Mod: HP is shown in percentages
|teampreview
|
|start
|switch|p1a: Donphan|Donphan, M|384\/384
|switch|p2a: Breloom|Breloom, F|262\/262
|turn|1
|
|switch|p1a: Chesnaught|Chesnaught, M|379\/379
|move|p2a: Breloom|Substitute|p2a: Breloom
|-start|p2a: Breloom|Substitute
|-damage|p2a: Breloom|197\/262
|
|-status|p2a: Breloom|tox|[from] item: Toxic Orb
|turn|2
|c|âxyz111|gl hf
|
|-singleturn|p2a: Breloom|move: Focus Punch
|move|p1a: Chesnaught|Seed Bomb|p2a: Breloom
|-resisted|p2a: Breloom
|-activate|p2a: Breloom|Substitute|[damage]
|move|p2a: Breloom|Focus Punch|p1a: Chesnaught
|-damage|p1a: Chesnaught|210\/379
|
|-heal|p1a: Chesnaught|233\/379|[from] item: Leftovers
|-heal|p2a: Breloom|229\/262 tox|[from] ability: Poison Heal
|turn|3
|
|-singleturn|p2a: Breloom|move: Focus Punch
|move|p1a: Chesnaught|Spiky Shield|p1a: Chesnaught
|-singleturn|p1a: Chesnaught|move: Protect
|move|p2a: Breloom|Focus Punch|p1a: Chesnaught
|-activate|p1a: Chesnaught|move: Protect
|-damage|p2a: Breloom|197\/262 tox|[from] Spiky Shield|[of] p1a: Chesnaught
|
|-heal|p1a: Chesnaught|256\/379|[from] item: Leftovers
|-heal|p2a: Breloom|229\/262 tox|[from] ability: Poison Heal
|turn|4
|
|-singleturn|p2a: Breloom|move: Focus Punch
|move|p1a: Chesnaught|Seed Bomb|p2a: Breloom
|-resisted|p2a: Breloom
|-end|p2a: Breloom|Substitute
|move|p2a: Breloom|Focus Punch|p1a: Chesnaught
|-damage|p1a: Chesnaught|100\/379
|
|-heal|p1a: Chesnaught|123\/379|[from] item: Leftovers
|-heal|p2a: Breloom|261\/262 tox|[from] ability: Poison Heal
|turn|5
|
|-singleturn|p2a: Breloom|move: Focus Punch
|move|p1a: Chesnaught|Substitute|p1a: Chesnaught
|-start|p1a: Chesnaught|Substitute
|-damage|p1a: Chesnaught|29\/379
|move|p2a: Breloom|Focus Punch|p1a: Chesnaught
|-end|p1a: Chesnaught|Substitute
|
|-heal|p1a: Chesnaught|52\/379|[from] item: Leftovers
|-heal|p2a: Breloom|262\/262 tox|[from] ability: Poison Heal
|turn|6
|
|move|p1a: Chesnaught|Spiky Shield|p1a: Chesnaught
|-singleturn|p1a: Chesnaught|move: Protect
|move|p2a: Breloom|Substitute|p2a: Breloom
|-start|p2a: Breloom|Substitute
|-damage|p2a: Breloom|197\/262 tox
|
|-heal|p1a: Chesnaught|75\/379|[from] item: Leftovers
|-heal|p2a: Breloom|229\/262 tox|[from] ability: Poison Heal
|turn|7
|
|-singleturn|p2a: Breloom|move: Focus Punch
|move|p1a: Chesnaught|Spiky Shield|p1a: Chesnaught
|-singleturn|p1a: Chesnaught|move: Protect
|move|p2a: Breloom|Focus Punch|p1a: Chesnaught
|-activate|p1a: Chesnaught|move: Protect
|-damage|p2a: Breloom|197\/262 tox|[from] Spiky Shield|[of] p1a: Chesnaught
|
|-heal|p1a: Chesnaught|98\/379|[from] item: Leftovers
|-heal|p2a: Breloom|229\/262 tox|[from] ability: Poison Heal
|turn|8
|
|-singleturn|p2a: Breloom|move: Focus Punch
|move|p1a: Chesnaught|Seed Bomb|p2a: Breloom
|-resisted|p2a: Breloom
|-activate|p2a: Breloom|Substitute|[damage]
|move|p2a: Breloom|Focus Punch|p1a: Chesnaught
|-damage|p1a: Chesnaught|0 fnt
|faint|p1a: Chesnaught
|
|-heal|p2a: Breloom|261\/262 tox|[from] ability: Poison Heal
|
|switch|p1a: Greninja|Greninja, M|286\/286
|turn|9
|
|move|p1a: Greninja|Extrasensory|p2a: Breloom
|-start|p1a: Greninja|typechange|Psychic|[from] Protean
|-supereffective|p2a: Breloom
|-end|p2a: Breloom|Substitute
|move|p2a: Breloom|Spore|p1a: Greninja
|-status|p1a: Greninja|slp
|
|-heal|p2a: Breloom|262\/262 tox|[from] ability: Poison Heal
|turn|10
|
|cant|p1a: Greninja|slp
|move|p2a: Breloom|Substitute|p2a: Breloom
|-start|p2a: Breloom|Substitute
|-damage|p2a: Breloom|197\/262 tox
|
|-heal|p2a: Breloom|229\/262 tox|[from] ability: Poison Heal
|turn|11
|
|-curestatus|p1a: Greninja|slp
|move|p1a: Greninja|Extrasensory|p2a: Breloom
|-supereffective|p2a: Breloom
|-end|p2a: Breloom|Substitute
|move|p2a: Breloom|Seed Bomb|p1a: Greninja
|-crit|p1a: Greninja
|-damage|p1a: Greninja|0 fnt
|faint|p1a: Greninja
|
|-heal|p2a: Breloom|261\/262 tox|[from] ability: Poison Heal
|c|âxyz111|sry
|
|switch|p1a: Charizard|Charizard, M|298\/298
|turn|12
|
|switch|p2a: Heatran|Heatran, M|344\/344
|-item|p2a: Heatran|Air Balloon
|detailschange|p1a: Charizard|Charizard-Mega-X, M
|message|Charizard has Mega Evolved into Mega Charizard!
|move|p1a: Charizard|Flare Blitz|p2a: Heatran
|-start|p2a: Heatran|ability: Flash Fire
|
|turn|13
|c|âZebban|this game is so unfair to me
|c|âxyz111|yes
|
|move|p1a: Charizard|Dragon Claw|p2a: Heatran
|-resisted|p2a: Heatran
|-damage|p2a: Heatran|260\/344
|-enditem|p2a: Heatran|Air Balloon
|move|p2a: Heatran|Stealth Rock|p1a: Charizard
|-sidestart|p1: Zebban|move: Stealth Rock
|
|turn|14
|
|switch|p1a: Donphan|Donphan, M|384\/384
|-damage|p1a: Donphan|360\/384|[from] Stealth Rock
|move|p2a: Heatran|Roar|p1a: Donphan
|drag|p1a: Charizard|Charizard-Mega-X, M|298\/298
|-damage|p1a: Charizard|224\/298|[from] Stealth Rock
|
|turn|15
|
|move|p1a: Charizard|Dragon Claw|p2a: Heatran
|-resisted|p2a: Heatran
|-damage|p2a: Heatran|164\/344
|move|p2a: Heatran|Lava Plume|p1a: Charizard
|-resisted|p1a: Charizard
|-damage|p1a: Charizard|167\/298
|
|turn|16
|
|move|p1a: Charizard|Roost|p1a: Charizard
|-heal|p1a: Charizard|298\/298
|move|p2a: Heatran|Roar|p1a: Charizard
|drag|p1a: Azumarill|Azumarill, M|404\/404
|-damage|p1a: Azumarill|354\/404|[from] Stealth Rock
|
|turn|17
|
|move|p1a: Azumarill|Waterfall|p2a: Heatran
|-crit|p2a: Heatran
|-supereffective|p2a: Heatran
|-damage|p2a: Heatran|0 fnt
|faint|p2a: Heatran
|
|
|switch|p2a: Breloom|Breloom, F|261\/262 tox
|turn|18
|
|move|p2a: Breloom|Substitute|p2a: Breloom
|-start|p2a: Breloom|Substitute
|-damage|p2a: Breloom|196\/262 tox
|move|p1a: Azumarill|Play Rough|p2a: Breloom
|-supereffective|p2a: Breloom
|-end|p2a: Breloom|Substitute
|
|-heal|p2a: Breloom|228\/262 tox|[from] ability: Poison Heal
|turn|19
|
|move|p2a: Breloom|Substitute|p2a: Breloom
|-start|p2a: Breloom|Substitute
|-damage|p2a: Breloom|163\/262 tox
|move|p1a: Azumarill|Play Rough|p2a: Breloom
|-supereffective|p2a: Breloom
|-end|p2a: Breloom|Substitute
|
|-heal|p2a: Breloom|195\/262 tox|[from] ability: Poison Heal
|turn|20
|
|move|p2a: Breloom|Spore|p1a: Azumarill
|-status|p1a: Azumarill|slp
|cant|p1a: Azumarill|slp
|
|-heal|p2a: Breloom|227\/262 tox|[from] ability: Poison Heal
|turn|21
|
|switch|p1a: Charizard|Charizard-Mega-X, M|298\/298
|-damage|p1a: Charizard|224\/298|[from] Stealth Rock
|move|p2a: Breloom|Substitute|p2a: Breloom
|-start|p2a: Breloom|Substitute
|-damage|p2a: Breloom|162\/262 tox
|
|-heal|p2a: Breloom|194\/262 tox|[from] ability: Poison Heal
|turn|22
|
|-singleturn|p2a: Breloom|move: Focus Punch
|move|p1a: Charizard|Dragon Claw|p2a: Breloom
|-end|p2a: Breloom|Substitute
|move|p2a: Breloom|Focus Punch|p1a: Charizard
|-damage|p1a: Charizard|0 fnt
|faint|p1a: Charizard
|
|-heal|p2a: Breloom|226\/262 tox|[from] ability: Poison Heal
|c|âxyz111|sry that u got outplayed
|-message|Zebban forfeited.
|
|win|xyz111
|raw|Ladder updating...
|leave|Zebban
|player|p1
|raw|Zebban's rating: 1411 &rarr; <strong>1394<\/strong><br \/>(-17 for losing)
|raw|xyz111's rating: 1460 &rarr; <strong>1477<\/strong><br \/>(+17 for winning)