|join|Zebban
|join|randompruebas
|player|p1|Zebban|101
|player|p2|randompruebas|102
|gametype|singles
|gen|6
|tier|OU
|rated
|clearpoke
|poke|p1|Manectric, M, shiny
|poke|p1|Scizor, M
|poke|p1|Greninja, M, shiny
|poke|p1|Azumarill, M
|poke|p1|Landorus-Therian, M
|poke|p1|Heatran, M
|poke|p2|Sylveon, M
|poke|p2|Landorus-Therian, M
|poke|p2|Latios, M
|poke|p2|Medicham, M
|poke|p2|Heatran, M
|poke|p2|Ferrothorn, F
|rule|Swagger Clause: Swagger is banned
|rule|Baton Pass Clause: Limit one PokÃ©mon knowing Baton Pass
|rule|Sleep Clause Mod: Limit one foe put to sleep
|rule|Species Clause: Limit one of each PokÃ©mon
|rule|OHKO Clause: OHKO moves are banned
|rule|Moody Clause: Moody is banned
|rule|Evasion Moves Clause: Evasion moves are banned
|rule|Endless Battle Clause: Forcing endless battles is banned
|rule|HP Percentage Mod: HP is shown in percentages
|teampreview
|
|start
|switch|p1a: Landorus-Therian|Landorus-Therian, M|382\/382
|switch|p2a: Medicham|Medicham, M|299\/299
|-ability|p1a: Landorus-Therian|Intimidate|[of] p2a: Medicham
|-unboost|p2a: Medicham|atk|1
|turn|1
|
|detailschange|p2a: Medicham|Medicham-Mega, M
|message|Medicham has Mega Evolved into Mega Medicham!
|move|p2a: Medicham|Fake Out|p1a: Landorus-Therian
|-damage|p1a: Landorus-Therian|319\/382
|cant|p1a: Landorus-Therian|flinch
|
|-heal|p1a: Landorus-Therian|342\/382|[from] item: Leftovers
|turn|2
|
|switch|p2a: Ferrothorn|Ferrothorn, F|352\/352
|move|p1a: Landorus-Therian|Earthquake|p2a: Ferrothorn
|-damage|p2a: Ferrothorn|220\/352
|
|-heal|p1a: Landorus-Therian|365\/382|[from] item: Leftovers
|-heal|p2a: Ferrothorn|242\/352|[from] item: Leftovers
|turn|3
|
|switch|p1a: Heatran|Heatran, M|376\/376
|move|p2a: Ferrothorn|Leech Seed|p1a: Heatran
|-start|p1a: Heatran|move: Leech Seed
|
|-heal|p2a: Ferrothorn|264\/352|[from] item: Leftovers
|-damage|p1a: Heatran|329\/376|[from] Leech Seed|[of] p2a: Ferrothorn
|-heal|p2a: Ferrothorn|311\/352|[silent]
|turn|4
|
|switch|p1a: Landorus-Therian|Landorus-Therian, M|365\/382
|-ability|p1a: Landorus-Therian|Intimidate|[of] p2a: Ferrothorn
|-unboost|p2a: Ferrothorn|atk|1
|switch|p2a: Heatran|Heatran, M|386\/386
|-item|p2a: Heatran|Air Balloon
|
|-heal|p1a: Landorus-Therian|382\/382|[from] item: Leftovers
|turn|5
|
|move|p1a: Landorus-Therian|Stealth Rock|p2a: Heatran
|-sidestart|p2: randompruebas|move: Stealth Rock
|move|p2a: Heatran|Lava Plume|p1a: Landorus-Therian
|-damage|p1a: Landorus-Therian|183\/382
|-status|p1a: Landorus-Therian|brn
|
|-heal|p1a: Landorus-Therian|206\/382 brn|[from] item: Leftovers
|-damage|p1a: Landorus-Therian|159\/382 brn|[from] brn
|turn|6
|
|switch|p2a: Ferrothorn|Ferrothorn, F|311\/352
|-damage|p2a: Ferrothorn|289\/352|[from] Stealth Rock
|move|p1a: Landorus-Therian|U-turn|p2a: Ferrothorn
|-damage|p2a: Ferrothorn|257\/352
|-damage|p1a: Landorus-Therian|112\/382 brn|[from] ability: Iron Barbs|[of] p2a: Ferrothorn
|
|switch|p1a: Heatran|Heatran, M|329\/376
|
|-heal|p1a: Heatran|352\/376|[from] item: Leftovers
|-heal|p2a: Ferrothorn|279\/352|[from] item: Leftovers
|turn|7
|
|switch|p2a: Heatran|Heatran, M|386\/386
|-damage|p2a: Heatran|338\/386|[from] Stealth Rock
|-item|p2a: Heatran|Air Balloon
|move|p1a: Heatran|Lava Plume|p2a: Heatran
|-start|p2a: Heatran|ability: Flash Fire
|
|-heal|p1a: Heatran|375\/376|[from] item: Leftovers
|turn|8
|
|move|p1a: Heatran|Toxic|p2a: Heatran
|-fail|p2a: Heatran
|move|p2a: Heatran|Earth Power|p1a: Heatran
|-supereffective|p1a: Heatran
|-damage|p1a: Heatran|63\/376
|
|-heal|p1a: Heatran|86\/376|[from] item: Leftovers
|turn|9
|
|move|p1a: Heatran|Protect|p1a: Heatran
|-singleturn|p1a: Heatran|Protect
|move|p2a: Heatran|Lava Plume|p1a: Heatran
|-activate|p1a: Heatran|Protect
|
|-heal|p1a: Heatran|109\/376|[from] item: Leftovers
|turn|10
|
|switch|p1a: Greninja|Greninja, M, shiny|286\/286
|move|p2a: Heatran|Earth Power|p1a: Greninja
|-damage|p1a: Greninja|141\/286
|
|turn|11
|
|switch|p2a: Sylveon|Sylveon, M|394\/394
|-damage|p2a: Sylveon|345\/394|[from] Stealth Rock
|move|p1a: Greninja|Surf|p2a: Sylveon
|-start|p1a: Greninja|typechange|Water|[from] Protean
|-damage|p2a: Sylveon|244\/394
|-damage|p1a: Greninja|113\/286|[from] item: Life Orb
|
|-heal|p2a: Sylveon|268\/394|[from] item: Leftovers
|turn|12
|
|switch|p1a: Scizor|Scizor, M|282\/282
|move|p2a: Sylveon|Wish|p2a: Sylveon
|
|-heal|p2a: Sylveon|292\/394|[from] item: Leftovers
|turn|13
|
|switch|p2a: Heatran|Heatran, M|338\/386
|-damage|p2a: Heatran|290\/386|[from] Stealth Rock
|-item|p2a: Heatran|Air Balloon
|move|p1a: Scizor|Knock Off|p2a: Heatran
|-damage|p2a: Heatran|139\/386
|-enditem|p2a: Heatran|Air Balloon
|-damage|p1a: Scizor|254\/282|[from] item: Life Orb
|
|-heal|p2a: Heatran|336\/386|[from] move: Wish|[wisher] Sylveon
|turn|14
|
|switch|p1a: Landorus-Therian|Landorus-Therian, M|112\/382 brn
|-ability|p1a: Landorus-Therian|Intimidate|[of] p2a: Heatran
|-unboost|p2a: Heatran|atk|1
|move|p2a: Heatran|Lava Plume|p1a: Landorus-Therian
|-crit|p1a: Landorus-Therian
|-damage|p1a: Landorus-Therian|0 fnt
|faint|p1a: Landorus-Therian
|
|
|switch|p1a: Azumarill|Azumarill, M|404\/404
|turn|15
|
|switch|p2a: Ferrothorn|Ferrothorn, F|279\/352
|-damage|p2a: Ferrothorn|257\/352|[from] Stealth Rock
|move|p1a: Azumarill|Waterfall|p2a: Ferrothorn
|-resisted|p2a: Ferrothorn
|-damage|p2a: Ferrothorn|207\/352
|-damage|p1a: Azumarill|354\/404|[from] ability: Iron Barbs|[of] p2a: Ferrothorn
|
|-heal|p2a: Ferrothorn|229\/352|[from] item: Leftovers
|turn|16
|
|move|p1a: Azumarill|Knock Off|p2a: Ferrothorn
|-damage|p2a: Ferrothorn|151\/352
|-damage|p1a: Azumarill|304\/404|[from] ability: Iron Barbs|[of] p2a: Ferrothorn
|-enditem|p2a: Ferrothorn|Leftovers|[from] move: Knock Off|[of] p1a: Azumarill
|move|p2a: Ferrothorn|Stealth Rock|p1a: Azumarill
|-sidestart|p1: Zebban|move: Stealth Rock
|
|turn|17
|
|switch|p1a: Heatran|Heatran, M|109\/376
|-damage|p1a: Heatran|62\/376|[from] Stealth Rock
|move|p2a: Ferrothorn|Leech Seed|p1a: Heatran
|-start|p1a: Heatran|move: Leech Seed
|
|-heal|p1a: Heatran|85\/376|[from] item: Leftovers
|-damage|p1a: Heatran|38\/376|[from] Leech Seed|[of] p2a: Ferrothorn
|-heal|p2a: Ferrothorn|198\/352|[silent]
|turn|18
|
|switch|p2a: Sylveon|Sylveon, M|292\/394
|-damage|p2a: Sylveon|243\/394|[from] Stealth Rock
|move|p1a: Heatran|Earth Power|p2a: Sylveon
|-damage|p2a: Sylveon|185\/394
|
|-heal|p1a: Heatran|61\/376|[from] item: Leftovers
|-heal|p2a: Sylveon|209\/394|[from] item: Leftovers
|-damage|p1a: Heatran|14\/376|[from] Leech Seed|[of] p2a: Sylveon
|-heal|p2a: Sylveon|256\/394|[silent]
|turn|19
|
|move|p1a: Heatran|Lava Plume|p2a: Sylveon
|-damage|p2a: Sylveon|181\/394
|move|p2a: Sylveon|Wish|p2a: Sylveon
|
|-heal|p1a: Heatran|37\/376|[from] item: Leftovers
|-heal|p2a: Sylveon|205\/394|[from] item: Leftovers
|-damage|p1a: Heatran|0 fnt|[from] Leech Seed|[of] p2a: Sylveon
|-heal|p2a: Sylveon|242\/394|[silent]
|faint|p1a: Heatran
|
|switch|p1a: Manectric|Manectric, M, shiny|281\/281
|-damage|p1a: Manectric|246\/281|[from] Stealth Rock
|turn|20
|
|detailschange|p1a: Manectric|Manectric-Mega, M, shiny
|message|Manectric has Mega Evolved into Mega Manectric!
|-ability|p1a: Manectric|Intimidate|[of] p2a: Sylveon
|-unboost|p2a: Sylveon|atk|1
|move|p1a: Manectric|Thunderbolt|p2a: Sylveon
|-damage|p2a: Sylveon|151\/394
|move|p2a: Sylveon|Hyper Voice|p1a: Manectric
|-damage|p1a: Manectric|54\/281
|
|-heal|p2a: Sylveon|348\/394|[from] move: Wish|[wisher] Sylveon
|-heal|p2a: Sylveon|372\/394|[from] item: Leftovers
|turn|21
|
|move|p1a: Manectric|Volt Switch|p2a: Sylveon
|-damage|p2a: Sylveon|291\/394
|
|switch|p1a: Scizor|Scizor, M|254\/282
|-damage|p1a: Scizor|219\/282|[from] Stealth Rock
|move|p2a: Sylveon|Hyper Voice|p1a: Scizor
|-resisted|p1a: Scizor
|-damage|p1a: Scizor|137\/282
|
|-heal|p2a: Sylveon|315\/394|[from] item: Leftovers
|turn|22
|
|switch|p2a: Ferrothorn|Ferrothorn, F|198\/352
|-damage|p2a: Ferrothorn|176\/352|[from] Stealth Rock
|move|p1a: Scizor|Bullet Punch|p2a: Ferrothorn
|-resisted|p2a: Ferrothorn
|-damage|p2a: Ferrothorn|128\/352
|-damage|p1a: Scizor|102\/282|[from] ability: Iron Barbs|[of] p2a: Ferrothorn
|-damage|p1a: Scizor|74\/282|[from] item: Life Orb
|
|turn|23
|
|move|p1a: Scizor|Roost|p1a: Scizor
|-heal|p1a: Scizor|215\/282
|move|p2a: Ferrothorn|Leech Seed|p1a: Scizor
|-start|p1a: Scizor|move: Leech Seed
|
|-damage|p1a: Scizor|180\/282|[from] Leech Seed|[of] p2a: Ferrothorn
|-heal|p2a: Ferrothorn|163\/352|[silent]
|turn|24
|
|switch|p2a: Heatran|Heatran, M|336\/386
|-damage|p2a: Heatran|288\/386|[from] Stealth Rock
|move|p1a: Scizor|U-turn|p2a: Heatran
|-resisted|p2a: Heatran
|-damage|p2a: Heatran|243\/386
|-damage|p1a: Scizor|152\/282|[from] item: Life Orb
|
|switch|p1a: Greninja|Greninja, M, shiny|113\/286
|-damage|p1a: Greninja|78\/286|[from] Stealth Rock
|
|turn|25
|
|switch|p2a: Sylveon|Sylveon, M|315\/394
|-damage|p2a: Sylveon|266\/394|[from] Stealth Rock
|move|p1a: Greninja|Surf|p2a: Sylveon
|-start|p1a: Greninja|typechange|Water|[from] Protean
|-damage|p2a: Sylveon|161\/394
|-damage|p1a: Greninja|50\/286|[from] item: Life Orb
|
|-heal|p2a: Sylveon|185\/394|[from] item: Leftovers
|turn|26
|
|move|p1a: Greninja|Extrasensory|p2a: Sylveon
|-start|p1a: Greninja|typechange|Psychic|[from] Protean
|-damage|p2a: Sylveon|88\/394
|-damage|p1a: Greninja|22\/286|[from] item: Life Orb
|move|p2a: Sylveon|Wish|p2a: Sylveon
|
|-heal|p2a: Sylveon|112\/394|[from] item: Leftovers
|turn|27
|
|move|p2a: Sylveon|Protect|p2a: Sylveon
|-singleturn|p2a: Sylveon|Protect
|move|p1a: Greninja|Surf|p2a: Sylveon
|-start|p1a: Greninja|typechange|Water|[from] Protean
|-activate|p2a: Sylveon|Protect
|
|-heal|p2a: Sylveon|309\/394|[from] move: Wish|[wisher] Sylveon
|-heal|p2a: Sylveon|333\/394|[from] item: Leftovers
|turn|28
|
|move|p1a: Greninja|Ice Beam|p2a: Sylveon
|-start|p1a: Greninja|typechange|Ice|[from] Protean
|-damage|p2a: Sylveon|226\/394
|-damage|p1a: Greninja|0 fnt|[from] item: Life Orb
|faint|p1a: Greninja
|move|p2a: Sylveon|Wish|p2a: Sylveon
|
|-heal|p2a: Sylveon|250\/394|[from] item: Leftovers
|
|switch|p1a: Scizor|Scizor, M|152\/282
|-damage|p1a: Scizor|117\/282|[from] Stealth Rock
|turn|29
|
|switch|p2a: Ferrothorn|Ferrothorn, F|163\/352
|-damage|p2a: Ferrothorn|141\/352|[from] Stealth Rock
|move|p1a: Scizor|U-turn|p2a: Ferrothorn
|-damage|p2a: Ferrothorn|32\/352
|-damage|p1a: Scizor|82\/282|[from] ability: Iron Barbs|[of] p2a: Ferrothorn
|-damage|p1a: Scizor|54\/282|[from] item: Life Orb
|
|switch|p1a: Manectric|Manectric-Mega, M, shiny|54\/281
|-damage|p1a: Manectric|19\/281|[from] Stealth Rock
|-ability|p1a: Manectric|Intimidate|[of] p2a: Ferrothorn
|-unboost|p2a: Ferrothorn|atk|1
|
|-heal|p2a: Ferrothorn|229\/352|[from] move: Wish|[wisher] Sylveon
|turn|30
|
|switch|p2a: Sylveon|Sylveon, M|250\/394
|-damage|p2a: Sylveon|201\/394|[from] Stealth Rock
|move|p1a: Manectric|Flamethrower|p2a: Sylveon
|-damage|p2a: Sylveon|136\/394
|-status|p2a: Sylveon|brn
|
|-heal|p2a: Sylveon|160\/394 brn|[from] item: Leftovers
|-damage|p2a: Sylveon|111\/394 brn|[from] brn
|turn|31
|
|move|p1a: Manectric|Thunderbolt|p2a: Sylveon
|-damage|p2a: Sylveon|11\/394 brn
|move|p2a: Sylveon|Wish|p2a: Sylveon
|
|-heal|p2a: Sylveon|35\/394 brn|[from] item: Leftovers
|-damage|p2a: Sylveon|0 fnt|[from] brn
|faint|p2a: Sylveon
|
|switch|p2a: Landorus-Therian|Landorus-Therian, M|320\/320
|-damage|p2a: Landorus-Therian|280\/320|[from] Stealth Rock
|-ability|p2a: Landorus-Therian|Intimidate|[of] p1a: Manectric
|-unboost|p1a: Manectric|atk|1
|turn|32
|
|move|p2a: Landorus-Therian|U-turn|p1a: Manectric
|-damage|p1a: Manectric|0 fnt
|faint|p1a: Manectric
|
|switch|p2a: Medicham|Medicham-Mega, M|299\/299
|-damage|p2a: Medicham|281\/299|[from] Stealth Rock
|
|-heal|p2a: Medicham|299\/299|[from] move: Wish|[wisher] Sylveon
|
|switch|p1a: Azumarill|Azumarill, M|304\/404
|-damage|p1a: Azumarill|254\/404|[from] Stealth Rock
|turn|33
|
|move|p2a: Medicham|Zen Headbutt|p1a: Azumarill
|-damage|p1a: Azumarill|0 fnt
|faint|p1a: Azumarill
|
|
|switch|p1a: Scizor|Scizor, M|54\/282
|-damage|p1a: Scizor|19\/282|[from] Stealth Rock
|turn|34
|
|switch|p2a: Ferrothorn|Ferrothorn, F|229\/352
|-damage|p2a: Ferrothorn|207\/352|[from] Stealth Rock
|move|p1a: Scizor|Bullet Punch|p2a: Ferrothorn
|-resisted|p2a: Ferrothorn
|-damage|p2a: Ferrothorn|160\/352
|-damage|p1a: Scizor|0 fnt|[from] ability: Iron Barbs|[of] p2a: Ferrothorn
|faint|p1a: Scizor
|
|win|randompruebas
|raw|Ladder updating...
|raw|Zebban's rating: 1549 &rarr; <strong>1527<\/strong><br \/>(-22 for losing)
|raw|randompruebas's rating: 1510 &rarr; <strong>1532<\/strong><br \/>(+22 for winning)
|leave|Zebban
|player|p1