|join|lil manaphy
|join|Zebban
|player|p1|lil manaphy|104
|player|p2|Zebban|101
|gametype|singles
|gen|6
|tier|OU
|rated
|clearpoke
|poke|p1|Scizor, F
|poke|p1|Skarmory, F
|poke|p1|Gothitelle, M
|poke|p1|Chansey, F
|poke|p1|Alomomola, F
|poke|p1|Cresselia, F
|poke|p2|Heracross, M
|poke|p2|Garchomp, M
|poke|p2|Trevenant, M
|poke|p2|Heatran, M
|poke|p2|Weavile, F
|poke|p2|Alakazam, F
|rule|Swagger Clause: Swagger is banned
|rule|Baton Pass Clause: Limit one PokÃ©mon knowing Baton Pass
|rule|Sleep Clause Mod: Limit one foe put to sleep
|rule|Species Clause: Limit one of each PokÃ©mon
|rule|OHKO Clause: OHKO moves are banned
|rule|Moody Clause: Moody is banned
|rule|Evasion Moves Clause: Evasion moves are banned
|rule|Endless Battle Clause: Forcing endless battles is banned
|rule|HP Percentage Mod: HP is shown in percentages
|teampreview
|
|start
|switch|p1a: Scizor|Scizor, F|281\/281
|switch|p2a: Trevenant|Trevenant, M|323\/323
|turn|1
|
|switch|p1a: Chansey|Chansey, F|704\/704
|move|p2a: Trevenant|Will-O-Wisp|p1a: Chansey
|-status|p1a: Chansey|brn
|
|-damage|p1a: Chansey|616\/704 brn|[from] brn
|turn|2
|
|switch|p2a: Garchomp|Garchomp, M|358\/358
|move|p1a: Chansey|Stealth Rock|p2a: Garchomp
|-sidestart|p2: Zebban|move: Stealth Rock
|
|-damage|p1a: Chansey|528\/704 brn|[from] brn
|turn|3
|join|Demandred
|
|switch|p2a: Heatran|Heatran, M|375\/375
|-damage|p2a: Heatran|329\/375|[from] Stealth Rock
|switch|p1a: Alomomola|Alomomola, F|534\/534
|
|-heal|p2a: Heatran|352\/375|[from] item: Leftovers
|turn|4
|
|switch|p1a: Chansey|Chansey, F|528\/704
|move|p2a: Heatran|Stealth Rock|p1a: Chansey
|-sidestart|p1: lil manaphy|move: Stealth Rock
|
|-heal|p2a: Heatran|375\/375|[from] item: Leftovers
|turn|5
|
|switch|p2a: Garchomp|Garchomp, M|358\/358
|-damage|p2a: Garchomp|336\/358|[from] Stealth Rock
|move|p1a: Chansey|Seismic Toss|p2a: Garchomp
|-damage|p2a: Garchomp|236\/358
|-damage|p1a: Chansey|440\/704|[from] ability: Rough Skin|[of] p2a: Garchomp
|
|turn|6
|
|switch|p2a: Heracross|Heracross, M|311\/311
|-damage|p2a: Heracross|273\/311|[from] Stealth Rock
|move|p1a: Chansey|Soft-Boiled|p1a: Chansey
|-heal|p1a: Chansey|704\/704
|
|turn|7
|
|switch|p1a: Cresselia|Cresselia, F|444\/444
|-damage|p1a: Cresselia|389\/444|[from] Stealth Rock
|detailschange|p2a: Heracross|Heracross-Mega, M
|message|Heracross has Mega Evolved into Mega Heracross!
|move|p2a: Heracross|Pin Missile|p1a: Cresselia
|-supereffective|p1a: Cresselia
|-damage|p1a: Cresselia|275\/444
|-supereffective|p1a: Cresselia
|-damage|p1a: Cresselia|161\/444
|-supereffective|p1a: Cresselia
|-damage|p1a: Cresselia|51\/444
|-supereffective|p1a: Cresselia
|-damage|p1a: Cresselia|0 fnt
|-hitcount|p1a: Cresselia|4
|faint|p1a: Cresselia
|
|
|switch|p1a: Gothitelle|Gothitelle, M|301\/301
|-damage|p1a: Gothitelle|264\/301|[from] Stealth Rock
|turn|8
|
|move|p1a: Gothitelle|Psychic|p2a: Heracross
|-supereffective|p2a: Heracross
|-damage|p2a: Heracross|31\/311
|move|p2a: Heracross|Pin Missile|p1a: Gothitelle
|-supereffective|p1a: Gothitelle
|-damage|p1a: Gothitelle|130\/301
|-supereffective|p1a: Gothitelle
|-damage|p1a: Gothitelle|4\/301
|-supereffective|p1a: Gothitelle
|-damage|p1a: Gothitelle|0 fnt
|-hitcount|p1a: Gothitelle|3
|faint|p1a: Gothitelle
|
|
|switch|p1a: Scizor|Scizor, F|281\/281
|-damage|p1a: Scizor|246\/281|[from] Stealth Rock
|turn|9
|
|detailschange|p1a: Scizor|Scizor-Mega, F
|message|Scizor has Mega Evolved into Mega Scizor!
|move|p1a: Scizor|Bullet Punch|p2a: Heracross
|-damage|p2a: Heracross|0 fnt
|faint|p2a: Heracross
|
|
|switch|p2a: Heatran|Heatran, M|375\/375
|-damage|p2a: Heatran|329\/375|[from] Stealth Rock
|turn|10
|
|switch|p1a: Chansey|Chansey, F|704\/704
|-damage|p1a: Chansey|616\/704|[from] Stealth Rock
|move|p2a: Heatran|Lava Plume|p1a: Chansey
|-damage|p1a: Chansey|541\/704
|
|-heal|p2a: Heatran|352\/375|[from] item: Leftovers
|turn|11
|
|switch|p2a: Weavile|Weavile, F|282\/282
|-damage|p2a: Weavile|212\/282|[from] Stealth Rock
|-ability|p2a: Weavile|Pressure
|move|p1a: Chansey|Seismic Toss|p2a: Weavile
|-damage|p2a: Weavile|112\/282
|
|turn|12
|
|switch|p1a: Alomomola|Alomomola, F|534\/534
|-damage|p1a: Alomomola|468\/534|[from] Stealth Rock
|move|p2a: Weavile|Knock Off|p1a: Alomomola
|-crit|p1a: Alomomola
|-damage|p1a: Alomomola|186\/534
|-enditem|p1a: Alomomola|Leftovers|[from] move: Knock Off|[of] p2a: Weavile
|-damage|p2a: Weavile|84\/282|[from] item: Life Orb
|
|turn|13
|
|move|p2a: Weavile|Knock Off|p1a: Alomomola
|-damage|p1a: Alomomola|76\/534
|-damage|p2a: Weavile|56\/282|[from] item: Life Orb
|move|p1a: Alomomola|Wish|p1a: Alomomola
|
|turn|14
|
|move|p1a: Alomomola|Protect|p1a: Alomomola
|-singleturn|p1a: Alomomola|Protect
|move|p2a: Weavile|Knock Off|p1a: Alomomola
|-activate|p1a: Alomomola|Protect
|
|-heal|p1a: Alomomola|343\/534|[from] move: Wish|[wisher] Alomomola
|turn|15
|join|Omegasization
|
|switch|p2a: Trevenant|Trevenant, M|323\/323
|-damage|p2a: Trevenant|283\/323|[from] Stealth Rock
|move|p1a: Alomomola|Wish|p1a: Alomomola
|
|turn|16
|
|move|p1a: Alomomola|Toxic|p2a: Trevenant
|-status|p2a: Trevenant|tox
|move|p2a: Trevenant|Horn Leech|p1a: Alomomola
|-supereffective|p1a: Alomomola
|-damage|p1a: Alomomola|131\/534
|-heal|p2a: Trevenant|323\/323 tox|[from] drain|[of] p1a: Alomomola
|
|-heal|p1a: Alomomola|398\/534|[from] move: Wish|[wisher] Alomomola
|-damage|p2a: Trevenant|303\/323 tox|[from] psn
|turn|17
|c| Omegasization|oh god you replaced medi
|c| Omegasization|with more bulk
|
|switch|p1a: Skarmory|Skarmory, F|334\/334
|-damage|p1a: Skarmory|293\/334|[from] Stealth Rock
|move|p2a: Trevenant|Will-O-Wisp|p1a: Skarmory
|-status|p1a: Skarmory|brn
|
|-damage|p1a: Skarmory|252\/334 brn|[from] brn
|-damage|p2a: Trevenant|263\/323 tox|[from] psn
|turn|18
|
|move|p1a: Skarmory|Taunt|p2a: Trevenant
|-start|p2a: Trevenant|move: Taunt
|cant|p2a: Trevenant|move: Taunt|Leech Seed
|
|-damage|p1a: Skarmory|211\/334 brn|[from] brn
|-damage|p2a: Trevenant|203\/323 tox|[from] psn
|turn|19
|
|switch|p1a: Scizor|Scizor-Mega, F|246\/281
|-damage|p1a: Scizor|211\/281|[from] Stealth Rock
|move|p2a: Trevenant|Shadow Claw|p1a: Scizor
|-damage|p1a: Scizor|127\/281
|
|-damage|p2a: Trevenant|123\/323 tox|[from] psn
|-enditem|p2a: Trevenant|Sitrus Berry|[eat]
|-heal|p2a: Trevenant|203\/323 tox|[from] item: Sitrus Berry
|turn|20
|
|move|p1a: Scizor|Swords Dance|p1a: Scizor
|-boost|p1a: Scizor|atk|2
|move|p2a: Trevenant|Shadow Claw|p1a: Scizor
|-damage|p1a: Scizor|48\/281
|
|-damage|p2a: Trevenant|103\/323 tox|[from] psn
|-end|p2a: Trevenant|move: Taunt
|turn|21
|
|move|p1a: Scizor|Bullet Punch|p2a: Trevenant
|-damage|p2a: Trevenant|0 fnt
|faint|p2a: Trevenant
|
|
|switch|p2a: Alakazam|Alakazam, F|252\/252
|turn|22
|
|move|p1a: Scizor|Bullet Punch|p2a: Alakazam
|-enditem|p2a: Alakazam|Focus Sash
|-damage|p2a: Alakazam|1\/252
|move|p2a: Alakazam|Focus Blast|p1a: Scizor
|-damage|p1a: Scizor|0 fnt
|faint|p1a: Scizor
|
|
|switch|p1a: Alomomola|Alomomola, F|534\/534
|-damage|p1a: Alomomola|468\/534|[from] Stealth Rock
|turn|23
|
|move|p2a: Alakazam|Focus Blast|p1a: Alomomola
|-damage|p1a: Alomomola|207\/534
|move|p1a: Alomomola|Scald|p2a: Alakazam
|-damage|p2a: Alakazam|0 fnt
|faint|p2a: Alakazam
|
|
|switch|p2a: Garchomp|Garchomp, M|236\/358
|-damage|p2a: Garchomp|214\/358|[from] Stealth Rock
|turn|24
|
|move|p2a: Garchomp|Outrage|p1a: Alomomola
|-damage|p1a: Alomomola|0 fnt
|faint|p1a: Alomomola
|
|
|switch|p1a: Skarmory|Skarmory, F|211\/334 brn
|-damage|p1a: Skarmory|170\/334 brn|[from] Stealth Rock
|turn|25
|
|move|p2a: Garchomp|Outrage|p1a: Skarmory
|-resisted|p1a: Skarmory
|-damage|p1a: Skarmory|104\/334 brn
|move|p1a: Skarmory|Roost|p1a: Skarmory
|-heal|p1a: Skarmory|271\/334 brn
|
|-damage|p1a: Skarmory|230\/334 brn|[from] brn
|turn|26
|
|move|p2a: Garchomp|Outrage|p1a: Skarmory
|-resisted|p1a: Skarmory
|-damage|p1a: Skarmory|157\/334 brn
|move|p1a: Skarmory|Counter|p2a: Garchomp
|-damage|p2a: Garchomp|68\/358
|-damage|p1a: Skarmory|116\/334 brn|[from] ability: Rough Skin|[of] p2a: Garchomp
|
|-end|p2a: Garchomp|rampage
|-start|p2a: Garchomp|confusion
|-damage|p1a: Skarmory|75\/334 brn|[from] brn
|turn|27
|leave|Omegasization
|
|switch|p2a: Heatran|Heatran, M|352\/375
|-damage|p2a: Heatran|306\/375|[from] Stealth Rock
|move|p1a: Skarmory|Roost|p1a: Skarmory
|-heal|p1a: Skarmory|242\/334 brn
|
|-heal|p2a: Heatran|329\/375|[from] item: Leftovers
|-damage|p1a: Skarmory|201\/334 brn|[from] brn
|turn|28
|
|switch|p1a: Chansey|Chansey, F|541\/704
|-damage|p1a: Chansey|453\/704|[from] Stealth Rock
|move|p2a: Heatran|Lava Plume|p1a: Chansey
|-damage|p1a: Chansey|377\/704
|
|-heal|p2a: Heatran|352\/375|[from] item: Leftovers
|turn|29
|
|move|p2a: Heatran|Earth Power|p1a: Chansey
|-damage|p1a: Chansey|324\/704
|move|p1a: Chansey|Soft-Boiled|p1a: Chansey
|-heal|p1a: Chansey|676\/704
|
|-heal|p2a: Heatran|375\/375|[from] item: Leftovers
|turn|30
|
|move|p2a: Heatran|Earth Power|p1a: Chansey
|-damage|p1a: Chansey|618\/704
|move|p1a: Chansey|Thunder Wave|p2a: Heatran
|-status|p2a: Heatran|par
|
|turn|31
|
|move|p1a: Chansey|Seismic Toss|p2a: Heatran
|-damage|p2a: Heatran|275\/375 par
|move|p2a: Heatran|Lava Plume|p1a: Chansey
|-damage|p1a: Chansey|534\/704
|
|-heal|p2a: Heatran|298\/375 par|[from] item: Leftovers
|turn|32
|
|switch|p2a: Weavile|Weavile, F|56\/282
|-damage|p2a: Weavile|0 fnt|[from] Stealth Rock
|faint|p2a: Weavile
|move|p1a: Chansey|Seismic Toss|p2: Weavile|[notarget]
|-notarget
|
|
|switch|p2a: Garchomp|Garchomp, M|68\/358
|-damage|p2a: Garchomp|46\/358|[from] Stealth Rock
|turn|33
|
|move|p2a: Garchomp|Outrage|p1a: Chansey
|-damage|p1a: Chansey|242\/704
|move|p1a: Chansey|Soft-Boiled|p1a: Chansey
|-heal|p1a: Chansey|594\/704
|
|turn|34
|
|move|p2a: Garchomp|Outrage|p1a: Chansey
|-crit|p1a: Chansey
|-damage|p1a: Chansey|150\/704
|move|p1a: Chansey|Seismic Toss|p2a: Garchomp
|-damage|p2a: Garchomp|0 fnt
|-damage|p1a: Chansey|62\/704|[from] ability: Rough Skin|[of] p2a: Garchomp
|faint|p2a: Garchomp
|
|
|switch|p2a: Heatran|Heatran, M|298\/375 par
|-damage|p2a: Heatran|252\/375 par|[from] Stealth Rock
|turn|35
|
|move|p1a: Chansey|Soft-Boiled|p1a: Chansey
|-heal|p1a: Chansey|414\/704
|move|p2a: Heatran|Lava Plume|p1a: Chansey
|-damage|p1a: Chansey|341\/704
|
|-heal|p2a: Heatran|275\/375 par|[from] item: Leftovers
|turn|36
|
|move|p1a: Chansey|Soft-Boiled|p1a: Chansey
|-heal|p1a: Chansey|693\/704
|move|p2a: Heatran|Lava Plume|p1a: Chansey
|-damage|p1a: Chansey|620\/704
|-status|p1a: Chansey|brn
|
|-heal|p2a: Heatran|298\/375 par|[from] item: Leftovers
|-damage|p1a: Chansey|532\/704 brn|[from] brn
|turn|37
|
|move|p1a: Chansey|Seismic Toss|p2a: Heatran
|-damage|p2a: Heatran|198\/375 par
|cant|p2a: Heatran|par
|
|-heal|p2a: Heatran|221\/375 par|[from] item: Leftovers
|-damage|p1a: Chansey|444\/704 brn|[from] brn
|turn|38
|
|move|p1a: Chansey|Seismic Toss|p2a: Heatran
|-damage|p2a: Heatran|121\/375 par
|move|p2a: Heatran|Earth Power|p1a: Chansey
|-damage|p1a: Chansey|390\/704 brn
|
|-heal|p2a: Heatran|144\/375 par|[from] item: Leftovers
|-damage|p1a: Chansey|302\/704 brn|[from] brn
|turn|39
|
|move|p2a: Heatran|Protect|p2a: Heatran
|-singleturn|p2a: Heatran|Protect
|move|p1a: Chansey|Soft-Boiled|p1a: Chansey
|-heal|p1a: Chansey|654\/704 brn
|
|-heal|p2a: Heatran|167\/375 par|[from] item: Leftovers
|-damage|p1a: Chansey|566\/704 brn|[from] brn
|turn|40
|
|move|p1a: Chansey|Seismic Toss|p2a: Heatran
|-damage|p2a: Heatran|67\/375 par
|cant|p2a: Heatran|par
|
|-heal|p2a: Heatran|90\/375 par|[from] item: Leftovers
|-damage|p1a: Chansey|478\/704 brn|[from] brn
|turn|41
|-message|Zebban forfeited.
|
|win|lil manaphy
|raw|Ladder updating...
|leave|Zebban
|player|p2
|raw|lil manaphy's rating: 1960 &rarr; <strong>1967<\/strong><br \/>(+7 for winning)
|raw|Zebban's rating: 1706 &rarr; <strong>1699<\/strong><br \/>(-7 for losing)