|join|Zebban
|join|Iskhys1
|player|p1|Zebban|101
|player|p2|Iskhys1|25
|gametype|singles
|gen|6
|tier|OU
|rated
|clearpoke
|poke|p1|Diancie
|poke|p1|Rotom-Wash
|poke|p1|Landorus-Therian, M
|poke|p1|Latios, M
|poke|p1|Talonflame, M
|poke|p1|Ferrothorn, M
|poke|p2|Scolipede, F
|poke|p2|Landorus-Therian, M
|poke|p2|Exploud, M
|poke|p2|Bisharp, F
|poke|p2|Garchomp, M
|poke|p2|Azumarill, M
|rule|Swagger Clause: Swagger is banned
|rule|Baton Pass Clause: Limit one PokÃ©mon knowing Baton Pass
|rule|Sleep Clause Mod: Limit one foe put to sleep
|rule|Species Clause: Limit one of each PokÃ©mon
|rule|OHKO Clause: OHKO moves are banned
|rule|Moody Clause: Moody is banned
|rule|Evasion Moves Clause: Evasion moves are banned
|rule|Endless Battle Clause: Forcing endless battles is banned
|rule|HP Percentage Mod: HP is shown in percentages
|teampreview
|
|start
|switch|p1a: Ferrothorn|Ferrothorn, M|352\/352
|switch|p2a: Landorus-Therian|Landorus-Therian, M|381\/381
|-ability|p2a: Landorus-Therian|Intimidate|[of] p1a: Ferrothorn
|-unboost|p1a: Ferrothorn|atk|1
|turn|1
|
|move|p2a: Landorus-Therian|Stealth Rock|p1a: Ferrothorn
|-sidestart|p1: Zebban|move: Stealth Rock
|move|p1a: Ferrothorn|Spikes|p2a: Landorus-Therian
|-sidestart|p2: Iskhys1|Spikes
|
|turn|2
|
|move|p2a: Landorus-Therian|Earthquake|p1a: Ferrothorn
|-damage|p1a: Ferrothorn|244\/352
|move|p1a: Ferrothorn|Spikes|p2a: Landorus-Therian
|-sidestart|p2: Iskhys1|Spikes
|
|-heal|p1a: Ferrothorn|266\/352|[from] item: Leftovers
|turn|3
|
|move|p2a: Landorus-Therian|U-turn|p1a: Ferrothorn
|-damage|p1a: Ferrothorn|214\/352
|-damage|p2a: Landorus-Therian|334\/381|[from] ability: Iron Barbs|[of] p1a: Ferrothorn
|
|switch|p2a: Exploud|Exploud, M|350\/350
|-damage|p2a: Exploud|292\/350|[from] Spikes
|move|p1a: Ferrothorn|Leech Seed|p2a: Exploud
|-start|p2a: Exploud|move: Leech Seed
|
|-heal|p1a: Ferrothorn|236\/352|[from] item: Leftovers
|-damage|p2a: Exploud|249\/350|[from] Leech Seed|[of] p1a: Ferrothorn
|-heal|p1a: Ferrothorn|279\/352|[silent]
|turn|4
|
|move|p2a: Exploud|Flamethrower|p1a: Ferrothorn
|-supereffective|p1a: Ferrothorn
|-damage|p1a: Ferrothorn|0 fnt
|faint|p1a: Ferrothorn
|
|
|switch|p1a: Diancie|Diancie|241\/241
|-damage|p1a: Diancie|211\/241|[from] Stealth Rock
|turn|5
|
|switch|p2a: Landorus-Therian|Landorus-Therian, M|334\/381
|-ability|p2a: Landorus-Therian|Intimidate|[of] p1a: Diancie
|-fail|p1a: Diancie|unboost|[from] ability: Clear Body|[of] p1a: Diancie
|detailschange|p1a: Diancie|Diancie-Mega
|-mega|p1a: Diancie|Diancie|Diancite
|move|p1a: Diancie|Moonblast|p2a: Landorus-Therian
|-damage|p2a: Landorus-Therian|111\/381
|-unboost|p2a: Landorus-Therian|spa|1
|
|-heal|p2a: Landorus-Therian|134\/381|[from] item: Leftovers
|turn|6
|
|move|p1a: Diancie|Moonblast|p2a: Landorus-Therian
|-damage|p2a: Landorus-Therian|0 fnt
|faint|p2a: Landorus-Therian
|
|
|switch|p2a: Azumarill|Azumarill, M|342\/342
|-damage|p2a: Azumarill|285\/342|[from] Spikes
|turn|7
|
|switch|p1a: Rotom-Wash|Rotom-Wash|303\/303
|-damage|p1a: Rotom-Wash|266\/303|[from] Stealth Rock
|move|p2a: Azumarill|Aqua Jet|p1a: Rotom-Wash
|-resisted|p1a: Rotom-Wash
|-damage|p1a: Rotom-Wash|230\/303
|
|-heal|p1a: Rotom-Wash|248\/303|[from] item: Leftovers
|turn|8
|
|switch|p2a: Exploud|Exploud, M|249\/350
|-damage|p2a: Exploud|191\/350|[from] Spikes
|move|p1a: Rotom-Wash|Volt Switch|p2a: Exploud
|-damage|p2a: Exploud|79\/350
|
|switch|p1a: Diancie|Diancie-Mega|211\/241
|-damage|p1a: Diancie|181\/241|[from] Stealth Rock
|
|turn|9
|
|move|p1a: Diancie|Moonblast|p2a: Exploud
|-damage|p2a: Exploud|0 fnt
|faint|p2a: Exploud
|
|
|switch|p2a: Azumarill|Azumarill, M|285\/342
|-damage|p2a: Azumarill|228\/342|[from] Spikes
|turn|10
|
|move|p1a: Diancie|Diamond Storm|p2a: Azumarill
|-damage|p2a: Azumarill|23\/342
|-boost|p1a: Diancie|def|1
|move|p2a: Azumarill|Play Rough|p1a: Diancie|[miss]
|-miss|p2a: Azumarill|p1a: Diancie
|
|turn|11
|
|move|p2a: Azumarill|Aqua Jet|p1a: Diancie
|-supereffective|p1a: Diancie
|-damage|p1a: Diancie|47\/241
|move|p1a: Diancie|Moonblast|p2a: Azumarill
|-damage|p2a: Azumarill|0 fnt
|faint|p2a: Azumarill
|
|
|switch|p2a: Garchomp|Garchomp, M|368\/368
|-damage|p2a: Garchomp|307\/368|[from] Spikes
|turn|12
|
|move|p1a: Diancie|Moonblast|p2a: Garchomp
|-supereffective|p2a: Garchomp
|-damage|p2a: Garchomp|0 fnt
|faint|p2a: Garchomp
|
|
|switch|p2a: Bisharp|Bisharp, F|272\/272
|-damage|p2a: Bisharp|227\/272|[from] Spikes
|turn|13
|
|move|p1a: Diancie|Earth Power|p2a: Bisharp
|-supereffective|p2a: Bisharp
|-damage|p2a: Bisharp|0 fnt
|faint|p2a: Bisharp
|
|
|switch|p2a: Scolipede|Scolipede, F|324\/324
|-damage|p2a: Scolipede|270\/324|[from] Spikes
|turn|14
|
|move|p2a: Scolipede|Protect|p2a: Scolipede
|-singleturn|p2a: Scolipede|Protect
|move|p1a: Diancie|Diamond Storm|p2a: Scolipede
|-activate|p2a: Scolipede|Protect
|
|-heal|p2a: Scolipede|290\/324|[from] item: Black Sludge
|-boost|p2a: Scolipede|spe|1|[from] ability: Speed Boost
|turn|15
|
|move|p2a: Scolipede|Megahorn|p1a: Diancie
|-resisted|p1a: Diancie
|-damage|p1a: Diancie|2\/241
|move|p1a: Diancie|Diamond Storm|p2a: Scolipede
|-supereffective|p2a: Scolipede
|-damage|p2a: Scolipede|0 fnt
|faint|p2a: Scolipede
|
|win|Zebban
|raw|Ladder updating...
|raw|Zebban's rating: 1441 &rarr; <strong>1460<\/strong><br \/>(+19 for winning)
|raw|Iskhys1's rating: 1413 &rarr; <strong>1396<\/strong><br \/>(-17 for losing)
|c|âZebban|gg
|leave|Iskhys1
|player|p2