|join|Zebban
|join|Bald Religion
|player|p1|Zebban|101
|player|p2|Bald Religion|289
|gametype|singles
|gen|6
|tier|OU (suspect test)
|rated
|clearpoke
|poke|p1|Diancie
|poke|p1|Rotom-Wash
|poke|p1|Landorus-Therian, M
|poke|p1|Latios, M
|poke|p1|Talonflame, M
|poke|p1|Breloom, M
|poke|p2|Politoed, M
|poke|p2|Ferrothorn, M
|poke|p2|Swampert, M
|poke|p2|Kingdra, M
|poke|p2|Tornadus-Therian, M
|poke|p2|Rotom-Wash
|rule|Swagger Clause: Swagger is banned
|rule|Baton Pass Clause: Limit one PokÃ©mon knowing Baton Pass
|rule|Sleep Clause Mod: Limit one foe put to sleep
|rule|Species Clause: Limit one of each PokÃ©mon
|rule|OHKO Clause: OHKO moves are banned
|rule|Moody Clause: Moody is banned
|rule|Evasion Moves Clause: Evasion moves are banned
|rule|Endless Battle Clause: Forcing endless battles is banned
|rule|HP Percentage Mod: HP is shown in percentages
|teampreview
|
|start
|switch|p1a: Rotom-Wash|Rotom-Wash|303\/303
|switch|p2a: Tornadus-Therian|Tornadus-Therian, M|299\/299
|turn|1
|
|move|p2a: Tornadus-Therian|U-turn|p1a: Rotom-Wash
|-damage|p1a: Rotom-Wash|250\/303
|-damage|p2a: Tornadus-Therian|270\/299|[from] item: Life Orb
|
|switch|p2a: Ferrothorn|Ferrothorn, M|352\/352
|move|p1a: Rotom-Wash|Will-O-Wisp|p2a: Ferrothorn
|-status|p2a: Ferrothorn|brn
|
|-heal|p1a: Rotom-Wash|268\/303|[from] item: Leftovers
|-damage|p2a: Ferrothorn|308\/352 brn|[from] brn
|turn|2
|
|move|p1a: Rotom-Wash|Volt Switch|p2a: Ferrothorn
|-resisted|p2a: Ferrothorn
|-damage|p2a: Ferrothorn|270\/352 brn
|
|switch|p1a: Diancie|Diancie|241\/241
|move|p2a: Ferrothorn|Stealth Rock|p1a: Diancie
|-sidestart|p1: Zebban|move: Stealth Rock
|
|-damage|p2a: Ferrothorn|226\/352 brn|[from] brn
|turn|3
|
|detailschange|p1a: Diancie|Diancie-Mega
|-mega|p1a: Diancie|Diancie|Diancite
|move|p1a: Diancie|Hidden Power|p2a: Ferrothorn
|-supereffective|p2a: Ferrothorn
|-damage|p2a: Ferrothorn|0 fnt
|faint|p2a: Ferrothorn
|
|
|switch|p2a: Swampert|Swampert, M|349\/349
|turn|4
|
|detailschange|p2a: Swampert|Swampert-Mega, M
|-mega|p2a: Swampert|Swampert|Swampertite
|move|p1a: Diancie|Moonblast|p2a: Swampert
|-damage|p2a: Swampert|157\/349
|move|p2a: Swampert|Waterfall|p1a: Diancie
|-supereffective|p1a: Diancie
|-damage|p1a: Diancie|0 fnt
|faint|p1a: Diancie
|
|
|switch|p1a: Breloom|Breloom, M|261\/261
|-damage|p1a: Breloom|245\/261|[from] Stealth Rock
|turn|5
|
|switch|p2a: Politoed|Politoed, M|335\/335
|-weather|RainDance
|move|p1a: Breloom|Spore|p2a: Politoed
|-status|p2a: Politoed|slp
|
|-weather|RainDance|[upkeep]
|turn|6
|
|switch|p2a: Tornadus-Therian|Tornadus-Therian, M|299\/299
|move|p1a: Breloom|Bullet Seed|p2a: Tornadus-Therian
|-resisted|p2a: Tornadus-Therian
|-damage|p2a: Tornadus-Therian|263\/299
|-resisted|p2a: Tornadus-Therian
|-damage|p2a: Tornadus-Therian|225\/299
|-hitcount|p2a: Tornadus-Therian|2
|
|-weather|RainDance|[upkeep]
|turn|7
|
|switch|p1a: Rotom-Wash|Rotom-Wash|268\/303
|-damage|p1a: Rotom-Wash|231\/303|[from] Stealth Rock
|move|p2a: Tornadus-Therian|Hurricane|p1a: Rotom-Wash
|-resisted|p1a: Rotom-Wash
|-damage|p1a: Rotom-Wash|124\/303
|-damage|p2a: Tornadus-Therian|196\/299|[from] item: Life Orb
|
|-weather|RainDance|[upkeep]
|-heal|p1a: Rotom-Wash|142\/303|[from] item: Leftovers
|turn|8
|
|move|p2a: Tornadus-Therian|Hurricane|p1a: Rotom-Wash
|-resisted|p1a: Rotom-Wash
|-damage|p1a: Rotom-Wash|34\/303
|-damage|p2a: Tornadus-Therian|167\/299|[from] item: Life Orb
|move|p1a: Rotom-Wash|Hydro Pump|p2a: Tornadus-Therian
|-damage|p2a: Tornadus-Therian|0 fnt
|faint|p2a: Tornadus-Therian
|
|-weather|RainDance|[upkeep]
|-heal|p1a: Rotom-Wash|52\/303|[from] item: Leftovers
|
|switch|p2a: Rotom-Wash|Rotom-Wash|303\/303
|turn|9
|
|move|p2a: Rotom-Wash|Volt Switch|p1a: Rotom-Wash
|-damage|p1a: Rotom-Wash|0 fnt
|faint|p1a: Rotom-Wash
|
|switch|p2a: Swampert|Swampert-Mega, M|157\/349
|
|-weather|RainDance|[upkeep]
|
|switch|p1a: Landorus-Therian|Landorus-Therian, M|319\/319
|-damage|p1a: Landorus-Therian|280\/319|[from] Stealth Rock
|-ability|p1a: Landorus-Therian|Intimidate|[of] p2a: Swampert
|-unboost|p2a: Swampert|atk|1
|turn|10
|
|move|p2a: Swampert|Waterfall|p1a: Landorus-Therian
|-supereffective|p1a: Landorus-Therian
|-damage|p1a: Landorus-Therian|0 fnt
|faint|p1a: Landorus-Therian
|
|-weather|RainDance|[upkeep]
|
|switch|p1a: Latios|Latios, M|301\/301
|-damage|p1a: Latios|264\/301|[from] Stealth Rock
|turn|11
|
|move|p2a: Swampert|Ice Punch|p1a: Latios
|-supereffective|p1a: Latios
|-damage|p1a: Latios|104\/301
|move|p1a: Latios|Roost|p1a: Latios
|-heal|p1a: Latios|255\/301
|
|-weather|RainDance|[upkeep]
|turn|12
|
|move|p2a: Swampert|Ice Punch|p1a: Latios
|-supereffective|p1a: Latios
|-damage|p1a: Latios|85\/301
|move|p1a: Latios|Defog|p2a: Swampert
|-unboost|p2a: Swampert|evasion|1
|-sideend|p1: Zebban|Stealth Rock|[from] move: Defog|[of] p1a: Latios
|
|-weather|none
|turn|13
|
|switch|p2a: Politoed|Politoed, M|335\/335 slp
|-weather|RainDance
|move|p1a: Latios|Psyshock|p2a: Politoed
|-damage|p2a: Politoed|108\/335 slp
|-damage|p1a: Latios|55\/301|[from] item: Life Orb
|
|-weather|RainDance|[upkeep]
|turn|14
|
|move|p1a: Latios|Roost|p1a: Latios
|-heal|p1a: Latios|206\/301
|cant|p2a: Politoed|slp
|
|-weather|RainDance|[upkeep]
|turn|15
|
|move|p1a: Latios|Psyshock|p2a: Politoed
|-crit|p2a: Politoed
|-damage|p2a: Politoed|0 fnt
|-damage|p1a: Latios|176\/301|[from] item: Life Orb
|faint|p2a: Politoed
|
|-weather|RainDance|[upkeep]
|
|switch|p2a: Swampert|Swampert-Mega, M|157\/349
|turn|16
|
|move|p2a: Swampert|Ice Punch|p1a: Latios
|-supereffective|p1a: Latios
|-damage|p1a: Latios|0 fnt
|faint|p1a: Latios
|
|-weather|RainDance|[upkeep]
|
|switch|p1a: Talonflame|Talonflame, M|327\/327
|turn|17
|
|move|p1a: Talonflame|Brave Bird|p2a: Swampert
|-damage|p2a: Swampert|0 fnt
|-damage|p1a: Talonflame|275\/327|[from] recoil|[of] p2a: Swampert
|faint|p2a: Swampert
|
|-weather|RainDance|[upkeep]
|
|switch|p2a: Rotom-Wash|Rotom-Wash|303\/303
|turn|18
|
|move|p1a: Talonflame|Brave Bird|p2a: Rotom-Wash
|-crit|p2a: Rotom-Wash
|-resisted|p2a: Rotom-Wash
|-damage|p2a: Rotom-Wash|179\/303
|-damage|p1a: Talonflame|234\/327|[from] recoil|[of] p2a: Rotom-Wash
|move|p2a: Rotom-Wash|Volt Switch|p1a: Talonflame
|-crit|p1a: Talonflame
|-supereffective|p1a: Talonflame
|-damage|p1a: Talonflame|0 fnt
|faint|p1a: Talonflame
|
|switch|p2a: Kingdra|Kingdra, M|307\/307
|
|-weather|RainDance|[upkeep]
|
|switch|p1a: Breloom|Breloom, M|245\/261
|turn|19
|
|move|p2a: Kingdra|Dragon Pulse|p1a: Breloom
|-damage|p1a: Breloom|0 fnt
|-damage|p2a: Kingdra|277\/307|[from] item: Life Orb
|faint|p1a: Breloom
|
|win|Bald Religion
|raw|Ladder updating...
|raw|Zebban's rating: 1257 &rarr; <strong>1233<\/strong><br \/>(-24 for losing)
|raw|Bald Religion's rating: 1260 &rarr; <strong>1285<\/strong><br \/>(+25 for winning)