|join|indian hedgehog
|join|ribe
|player|p1|indian hedgehog|266
|player|p2|ribe|126
|gametype|singles
|gen|6
|tier|OU
|rated
|clearpoke
|poke|p1|Altaria, F
|poke|p1|Heatran, F
|poke|p1|Chansey, F
|poke|p1|Gyarados, M
|poke|p1|Tentacruel, F
|poke|p1|Chesnaught, M
|poke|p2|Bisharp, F, shiny
|poke|p2|Altaria, F, shiny
|poke|p2|Keldeo-Resolute, shiny
|poke|p2|Garchomp, M, shiny
|poke|p2|Ferrothorn, M, shiny
|poke|p2|Latios, M, shiny
|rule|Swagger Clause: Swagger is banned
|rule|Baton Pass Clause: Limit one PokÃ©mon knowing Baton Pass
|rule|Sleep Clause Mod: Limit one foe put to sleep
|rule|Species Clause: Limit one of each PokÃ©mon
|rule|OHKO Clause: OHKO moves are banned
|rule|Moody Clause: Moody is banned
|rule|Evasion Moves Clause: Evasion moves are banned
|rule|Endless Battle Clause: Forcing endless battles is banned
|rule|HP Percentage Mod: HP is shown in percentages
|teampreview
|c|âribe|whadda ya mean stall??
|c|âribe|xd
|c|âribe|XD
|
|start
|switch|p1a: Chesnaught|Chesnaught, M|380\/380
|switch|p2a: Ferrothorn|Ferrothorn, M, shiny|352\/352
|turn|1
|
|move|p1a: Chesnaught|Spikes|p2a: Ferrothorn
|-sidestart|p2: ribe|Spikes
|move|p2a: Ferrothorn|Stealth Rock|p1a: Chesnaught
|-sidestart|p1: indian hedgehog|move: Stealth Rock
|
|turn|2
|
|switch|p2a: Altaria|Altaria, F, shiny|291\/291
|move|p1a: Chesnaught|Spikes|p2a: Altaria
|-sidestart|p2: ribe|Spikes
|
|turn|3
|
|switch|p1a: Heatran|Heatran, F|385\/385
|-damage|p1a: Heatran|337\/385|[from] Stealth Rock
|detailschange|p2a: Altaria|Altaria-Mega, F, shiny
|message|Altaria has Mega Evolved into Mega Altaria!
|move|p2a: Altaria|Substitute|p2a: Altaria
|-start|p2a: Altaria|Substitute
|-damage|p2a: Altaria|219\/291
|
|-heal|p1a: Heatran|361\/385|[from] item: Leftovers
|turn|4
|
|move|p2a: Altaria|Dragon Dance|p2a: Altaria
|-boost|p2a: Altaria|atk|1
|-boost|p2a: Altaria|spe|1
|move|p1a: Heatran|Lava Plume|p2a: Altaria
|-resisted|p2a: Altaria
|-activate|p2a: Altaria|Substitute|[damage]
|
|-heal|p1a: Heatran|385\/385|[from] item: Leftovers
|turn|5
|
|move|p2a: Altaria|Return|p1a: Heatran
|-resisted|p1a: Heatran
|-damage|p1a: Heatran|306\/385
|move|p1a: Heatran|Stealth Rock|p2a: Altaria
|-sidestart|p2: ribe|move: Stealth Rock
|
|-heal|p1a: Heatran|330\/385|[from] item: Leftovers
|turn|6
|
|move|p2a: Altaria|Roost|p2a: Altaria
|-heal|p2a: Altaria|291\/291
|move|p1a: Heatran|Lava Plume|p2a: Altaria
|-resisted|p2a: Altaria
|-end|p2a: Altaria|Substitute
|
|-heal|p1a: Heatran|354\/385|[from] item: Leftovers
|turn|7
|
|switch|p2a: Latios|Latios, M, shiny|302\/302
|-damage|p2a: Latios|265\/302|[from] Stealth Rock
|move|p1a: Heatran|Lava Plume|p2a: Latios
|-resisted|p2a: Latios
|-damage|p2a: Latios|208\/302
|-status|p2a: Latios|brn
|
|-heal|p1a: Heatran|378\/385|[from] item: Leftovers
|-damage|p2a: Latios|171\/302 brn|[from] brn
|turn|8
|
|switch|p1a: Chansey|Chansey, F|704\/704
|-damage|p1a: Chansey|616\/704|[from] Stealth Rock
|move|p2a: Latios|Defog|p1a: Chansey
|-unboost|p1a: Chansey|evasion|1
|-sideend|p1: indian hedgehog|Stealth Rock|[from] move: Defog|[of] p1a: Chansey
|-sideend|p2: ribe|Spikes|[from] move: Defog|[of] p2a: Latios
|-sideend|p2: ribe|Stealth Rock|[from] move: Defog|[of] p2a: Latios
|
|-damage|p2a: Latios|134\/302 brn|[from] brn
|turn|9
|
|switch|p2a: Keldeo-Resolute|Keldeo-Resolute, shiny|324\/324
|move|p1a: Chansey|Wish|p1a: Chansey
|
|turn|10
|
|switch|p1a: Tentacruel|Tentacruel, F|364\/364
|move|p2a: Keldeo-Resolute|Secret Sword|p1a: Tentacruel
|-resisted|p1a: Tentacruel
|-damage|p1a: Tentacruel|194\/364
|
|-heal|p1a: Tentacruel|364\/364|[from] move: Wish|[wisher] Chansey
|turn|11
|
|move|p2a: Keldeo-Resolute|Secret Sword|p1a: Tentacruel
|-resisted|p1a: Tentacruel
|-damage|p1a: Tentacruel|211\/364
|move|p1a: Tentacruel|Scald|p2a: Keldeo-Resolute
|-resisted|p2a: Keldeo-Resolute
|-damage|p2a: Keldeo-Resolute|279\/324
|
|-heal|p1a: Tentacruel|233\/364|[from] item: Black Sludge
|turn|12
|
|switch|p1a: Altaria|Altaria, F|354\/354
|-ability|p1a: Altaria|Cloud Nine
|move|p2a: Keldeo-Resolute|Secret Sword|p1a: Altaria
|-resisted|p1a: Altaria
|-damage|p1a: Altaria|272\/354
|
|turn|13
|
|switch|p2a: Ferrothorn|Ferrothorn, M, shiny|352\/352
|detailschange|p1a: Altaria|Altaria-Mega, F
|message|Altaria has Mega Evolved into Mega Altaria!
|move|p1a: Altaria|Frustration|p2a: Ferrothorn
|-resisted|p2a: Ferrothorn
|-damage|p2a: Ferrothorn|300\/352
|-damage|p1a: Altaria|228\/354|[from] ability: Iron Barbs|[of] p2a: Ferrothorn
|-damage|p1a: Altaria|169\/354|[from] item: Rocky Helmet|[of] p2a: Ferrothorn
|
|turn|14
|
|move|p1a: Altaria|Roost|p1a: Altaria
|-heal|p1a: Altaria|346\/354
|move|p2a: Ferrothorn|Stealth Rock|p1a: Altaria
|-sidestart|p1: indian hedgehog|move: Stealth Rock
|
|turn|15
|
|switch|p1a: Heatran|Heatran, F|378\/385
|-damage|p1a: Heatran|330\/385|[from] Stealth Rock
|move|p2a: Ferrothorn|Leech Seed|p1a: Heatran
|-start|p1a: Heatran|move: Leech Seed
|
|-heal|p1a: Heatran|354\/385|[from] item: Leftovers
|-damage|p1a: Heatran|306\/385|[from] Leech Seed|[of] p2a: Ferrothorn
|-heal|p2a: Ferrothorn|348\/352|[silent]
|turn|16
|
|switch|p1a: Tentacruel|Tentacruel, F|233\/364
|-damage|p1a: Tentacruel|188\/364|[from] Stealth Rock
|switch|p2a: Latios|Latios, M, shiny|134\/302 brn
|
|-heal|p1a: Tentacruel|210\/364|[from] item: Black Sludge
|-damage|p2a: Latios|97\/302 brn|[from] brn
|turn|17
|
|switch|p1a: Chansey|Chansey, F|616\/704
|-damage|p1a: Chansey|528\/704|[from] Stealth Rock
|move|p2a: Latios|Thunderbolt|p1a: Chansey
|-damage|p1a: Chansey|441\/704
|-damage|p2a: Latios|67\/302 brn|[from] item: Life Orb
|
|-damage|p2a: Latios|30\/302 brn|[from] brn
|turn|18
|
|switch|p2a: Keldeo-Resolute|Keldeo-Resolute, shiny|279\/324
|move|p1a: Chansey|Soft-Boiled|p1a: Chansey
|-heal|p1a: Chansey|704\/704
|
|turn|19
|
|switch|p1a: Altaria|Altaria-Mega, F|346\/354
|-damage|p1a: Altaria|302\/354|[from] Stealth Rock
|move|p2a: Keldeo-Resolute|Icy Wind|p1a: Altaria
|-supereffective|p1a: Altaria
|-damage|p1a: Altaria|100\/354
|-unboost|p1a: Altaria|spe|1
|
|turn|20
|
|switch|p2a: Bisharp|Bisharp, F, shiny|333\/333
|switch|p1a: Tentacruel|Tentacruel, F|210\/364
|-damage|p1a: Tentacruel|165\/364|[from] Stealth Rock
|
|-heal|p1a: Tentacruel|187\/364|[from] item: Black Sludge
|turn|21
|
|move|p1a: Tentacruel|Rapid Spin|p2a: Bisharp
|-resisted|p2a: Bisharp
|-damage|p2a: Bisharp|328\/333
|-sideend|p1: indian hedgehog|Stealth Rock|[from] move: Rapid Spin|[of] p1a: Tentacruel
|move|p2a: Bisharp|Knock Off|p1a: Tentacruel
|-damage|p1a: Tentacruel|0 fnt
|-enditem|p1a: Tentacruel|Black Sludge|[from] move: Knock Off|[of] p2a: Bisharp
|-damage|p2a: Bisharp|295\/333|[from] item: Life Orb
|faint|p1a: Tentacruel
|
|
|switch|p1a: Chesnaught|Chesnaught, M|380\/380
|turn|22
|
|move|p2a: Bisharp|Swords Dance|p2a: Bisharp
|-boost|p2a: Bisharp|atk|2
|move|p1a: Chesnaught|Drain Punch|p2a: Bisharp
|-supereffective|p2a: Bisharp
|-damage|p2a: Bisharp|0 fnt
|faint|p2a: Bisharp
|
|
|switch|p2a: Altaria|Altaria-Mega, F, shiny|291\/291
|turn|23
|
|switch|p1a: Heatran|Heatran, F|306\/385
|move|p2a: Altaria|Substitute|p2a: Altaria
|-start|p2a: Altaria|Substitute
|-damage|p2a: Altaria|219\/291
|
|-heal|p1a: Heatran|330\/385|[from] item: Leftovers
|turn|24
|
|move|p2a: Altaria|Roost|p2a: Altaria
|-heal|p2a: Altaria|291\/291
|move|p1a: Heatran|Lava Plume|p2a: Altaria
|-resisted|p2a: Altaria
|-activate|p2a: Altaria|Substitute|[damage]
|
|-heal|p1a: Heatran|354\/385|[from] item: Leftovers
|turn|25
|
|switch|p2a: Keldeo-Resolute|Keldeo-Resolute, shiny|279\/324
|move|p1a: Heatran|Stealth Rock|p2a: Keldeo-Resolute
|-sidestart|p2: ribe|move: Stealth Rock
|
|-heal|p1a: Heatran|378\/385|[from] item: Leftovers
|turn|26
|
|switch|p1a: Gyarados|Gyarados, M|393\/393
|-ability|p1a: Gyarados|Intimidate|[of] p2a: Keldeo-Resolute
|-unboost|p2a: Keldeo-Resolute|atk|1
|move|p2a: Keldeo-Resolute|Secret Sword|p1a: Gyarados
|-resisted|p1a: Gyarados
|-damage|p1a: Gyarados|287\/393
|
|-heal|p1a: Gyarados|311\/393|[from] item: Leftovers
|turn|27
|
|switch|p2a: Ferrothorn|Ferrothorn, M, shiny|348\/352
|-damage|p2a: Ferrothorn|326\/352|[from] Stealth Rock
|move|p1a: Gyarados|Dragon Tail|p2a: Ferrothorn
|-resisted|p2a: Ferrothorn
|-damage|p2a: Ferrothorn|309\/352
|-damage|p1a: Gyarados|262\/393|[from] ability: Iron Barbs|[of] p2a: Ferrothorn
|-damage|p1a: Gyarados|197\/393|[from] item: Rocky Helmet|[of] p2a: Ferrothorn
|drag|p2a: Latios|Latios, M, shiny|30\/302 brn
|-damage|p2a: Latios|0 fnt|[from] Stealth Rock
|faint|p2a: Latios
|
|-heal|p1a: Gyarados|221\/393|[from] item: Leftovers
|
|switch|p2a: Keldeo-Resolute|Keldeo-Resolute, shiny|279\/324
|-damage|p2a: Keldeo-Resolute|259\/324|[from] Stealth Rock
|turn|28
|
|move|p2a: Keldeo-Resolute|Icy Wind|p1a: Gyarados
|-damage|p1a: Gyarados|136\/393
|-unboost|p1a: Gyarados|spe|1
|move|p1a: Gyarados|Rest|p1a: Gyarados
|-status|p1a: Gyarados|slp
|-heal|p1a: Gyarados|393\/393 slp|[silent]
|-status|p1a: Gyarados|slp|[from] move: Rest
|
|turn|29
|
|switch|p2a: Garchomp|Garchomp, M, shiny|358\/358
|-damage|p2a: Garchomp|336\/358|[from] Stealth Rock
|switch|p1a: Heatran|Heatran, F|378\/385
|
|-heal|p1a: Heatran|385\/385|[from] item: Leftovers
|turn|30
|
|switch|p1a: Chesnaught|Chesnaught, M|380\/380
|move|p2a: Garchomp|Dragon Claw|p1a: Chesnaught
|-damage|p1a: Chesnaught|274\/380
|
|-heal|p1a: Chesnaught|297\/380|[from] item: Leftovers
|turn|31
|
|switch|p2a: Altaria|Altaria-Mega, F, shiny|291\/291
|-damage|p2a: Altaria|255\/291|[from] Stealth Rock
|move|p1a: Chesnaught|Leech Seed|p2a: Altaria
|-start|p2a: Altaria|move: Leech Seed
|
|-heal|p1a: Chesnaught|320\/380|[from] item: Leftovers
|-damage|p2a: Altaria|219\/291|[from] Leech Seed|[of] p1a: Chesnaught
|-heal|p1a: Chesnaught|356\/380|[silent]
|turn|32
|
|switch|p1a: Heatran|Heatran, F|385\/385
|move|p2a: Altaria|Return|p1a: Heatran
|-resisted|p1a: Heatran
|-damage|p1a: Heatran|331\/385
|
|-heal|p1a: Heatran|355\/385|[from] item: Leftovers
|-damage|p2a: Altaria|183\/291|[from] Leech Seed|[of] p1a: Heatran
|-heal|p1a: Heatran|385\/385|[silent]
|turn|33
|
|switch|p2a: Keldeo-Resolute|Keldeo-Resolute, shiny|259\/324
|-damage|p2a: Keldeo-Resolute|239\/324|[from] Stealth Rock
|move|p1a: Heatran|Toxic|p2a: Keldeo-Resolute
|-status|p2a: Keldeo-Resolute|tox
|
|-damage|p2a: Keldeo-Resolute|219\/324 tox|[from] psn
|turn|34
|
|switch|p1a: Chansey|Chansey, F|704\/704
|move|p2a: Keldeo-Resolute|Secret Sword|p1a: Chansey
|-supereffective|p1a: Chansey
|-damage|p1a: Chansey|128\/704
|
|-damage|p2a: Keldeo-Resolute|179\/324 tox|[from] psn
|turn|35
|
|switch|p1a: Chesnaught|Chesnaught, M|356\/380
|move|p2a: Keldeo-Resolute|Secret Sword|p1a: Chesnaught
|-damage|p1a: Chesnaught|211\/380
|
|-heal|p1a: Chesnaught|234\/380|[from] item: Leftovers
|-damage|p2a: Keldeo-Resolute|119\/324 tox|[from] psn
|turn|36
|
|switch|p2a: Ferrothorn|Ferrothorn, M, shiny|309\/352
|-damage|p2a: Ferrothorn|287\/352|[from] Stealth Rock
|move|p1a: Chesnaught|Spikes|p2a: Ferrothorn
|-sidestart|p2: ribe|Spikes
|
|-heal|p1a: Chesnaught|257\/380|[from] item: Leftovers
|turn|37
|
|move|p1a: Chesnaught|Drain Punch|p2a: Ferrothorn
|-supereffective|p2a: Ferrothorn
|-damage|p2a: Ferrothorn|159\/352
|-heal|p1a: Chesnaught|321\/380|[from] drain|[of] p2a: Ferrothorn
|-damage|p1a: Chesnaught|274\/380|[from] ability: Iron Barbs|[of] p2a: Ferrothorn
|-damage|p1a: Chesnaught|211\/380|[from] item: Rocky Helmet|[of] p2a: Ferrothorn
|move|p2a: Ferrothorn|Stealth Rock|p1a: Chesnaught
|-sidestart|p1: indian hedgehog|move: Stealth Rock
|
|-heal|p1a: Chesnaught|234\/380|[from] item: Leftovers
|turn|38
|
|switch|p2a: Altaria|Altaria-Mega, F, shiny|183\/291
|-damage|p2a: Altaria|147\/291|[from] Spikes
|-damage|p2a: Altaria|111\/291|[from] Stealth Rock
|move|p1a: Chesnaught|Spikes|p2a: Altaria
|-sidestart|p2: ribe|Spikes
|
|-heal|p1a: Chesnaught|257\/380|[from] item: Leftovers
|turn|39
|
|switch|p1a: Heatran|Heatran, F|385\/385
|-damage|p1a: Heatran|337\/385|[from] Stealth Rock
|move|p2a: Altaria|Roost|p2a: Altaria
|-heal|p2a: Altaria|257\/291
|
|-heal|p1a: Heatran|361\/385|[from] item: Leftovers
|turn|40
|
|switch|p2a: Ferrothorn|Ferrothorn, M, shiny|159\/352
|-damage|p2a: Ferrothorn|137\/352|[from] Stealth Rock
|-damage|p2a: Ferrothorn|79\/352|[from] Spikes
|move|p1a: Heatran|Lava Plume|p2a: Ferrothorn
|-supereffective|p2a: Ferrothorn
|-damage|p2a: Ferrothorn|0 fnt
|faint|p2a: Ferrothorn
|
|-heal|p1a: Heatran|385\/385|[from] item: Leftovers
|
|switch|p2a: Keldeo-Resolute|Keldeo-Resolute, shiny|119\/324 tox
|-damage|p2a: Keldeo-Resolute|65\/324 tox|[from] Spikes
|-damage|p2a: Keldeo-Resolute|45\/324 tox|[from] Stealth Rock
|turn|41
|
|switch|p1a: Chansey|Chansey, F|128\/704
|-damage|p1a: Chansey|40\/704|[from] Stealth Rock
|move|p2a: Keldeo-Resolute|Hydro Pump|p1a: Chansey
|-damage|p1a: Chansey|0 fnt
|faint|p1a: Chansey
|
|-damage|p2a: Keldeo-Resolute|25\/324 tox|[from] psn
|
|switch|p1a: Altaria|Altaria-Mega, F|100\/354
|-damage|p1a: Altaria|56\/354|[from] Stealth Rock
|turn|42
|
|move|p2a: Keldeo-Resolute|Hydro Pump|p1a: Altaria
|-resisted|p1a: Altaria
|-damage|p1a: Altaria|0 fnt
|faint|p1a: Altaria
|
|-damage|p2a: Keldeo-Resolute|0 fnt|[from] psn
|faint|p2a: Keldeo-Resolute
|
|switch|p2a: Garchomp|Garchomp, M, shiny|336\/358
|switch|p1a: Gyarados|Gyarados, M|393\/393 slp
|-damage|p2a: Garchomp|314\/358|[from] Stealth Rock
|-damage|p2a: Garchomp|255\/358|[from] Spikes
|-damage|p1a: Gyarados|295\/393 slp|[from] Stealth Rock
|-ability|p1a: Gyarados|Intimidate|[of] p2a: Garchomp
|-unboost|p2a: Garchomp|atk|1
|turn|43
|
|move|p2a: Garchomp|Outrage|p1a: Gyarados
|-damage|p1a: Gyarados|154\/393 slp
|cant|p1a: Gyarados|slp
|
|-heal|p1a: Gyarados|178\/393 slp|[from] item: Leftovers
|turn|44
|
|move|p2a: Garchomp|Outrage|p1a: Gyarados
|-damage|p1a: Gyarados|36\/393 slp
|cant|p1a: Gyarados|slp
|move|p1a: Gyarados|Sleep Talk|p1a: Gyarados
|move|p1a: Gyarados|Dragon Tail|p2a: Garchomp|[from]Sleep Talk
|-supereffective|p2a: Garchomp
|-damage|p2a: Garchomp|135\/358
|-damage|p1a: Gyarados|0 fnt|[from] ability: Rough Skin|[of] p2a: Garchomp
|faint|p1a: Gyarados
|
|
|switch|p1a: Chesnaught|Chesnaught, M|257\/380
|-damage|p1a: Chesnaught|234\/380|[from] Stealth Rock
|turn|45
|
|move|p2a: Garchomp|Outrage|p1a: Chesnaught
|-damage|p1a: Chesnaught|128\/380
|move|p1a: Chesnaught|Spikes|p2a: Garchomp
|-sidestart|p2: ribe|Spikes
|
|-end|p2a: Garchomp|rampage
|-start|p2a: Garchomp|confusion
|-heal|p1a: Chesnaught|151\/380|[from] item: Leftovers
|turn|46
|
|switch|p2a: Altaria|Altaria-Mega, F, shiny|257\/291
|-damage|p2a: Altaria|221\/291|[from] Stealth Rock
|-damage|p2a: Altaria|149\/291|[from] Spikes
|move|p1a: Chesnaught|Leech Seed|p2a: Altaria
|-start|p2a: Altaria|move: Leech Seed
|
|-heal|p1a: Chesnaught|174\/380|[from] item: Leftovers
|-damage|p2a: Altaria|113\/291|[from] Leech Seed|[of] p1a: Chesnaught
|-heal|p1a: Chesnaught|210\/380|[silent]
|turn|47
|
|switch|p1a: Heatran|Heatran, F|385\/385
|-damage|p1a: Heatran|337\/385|[from] Stealth Rock
|move|p2a: Altaria|Return|p1a: Heatran
|-resisted|p1a: Heatran
|-damage|p1a: Heatran|285\/385
|
|-heal|p1a: Heatran|309\/385|[from] item: Leftovers
|-damage|p2a: Altaria|77\/291|[from] Leech Seed|[of] p1a: Heatran
|-heal|p1a: Heatran|345\/385|[silent]
|turn|48
|
|move|p2a: Altaria|Roost|p2a: Altaria
|-heal|p2a: Altaria|223\/291
|move|p1a: Heatran|Lava Plume|p2a: Altaria
|-resisted|p2a: Altaria
|-damage|p2a: Altaria|166\/291
|
|-heal|p1a: Heatran|369\/385|[from] item: Leftovers
|-damage|p2a: Altaria|130\/291|[from] Leech Seed|[of] p1a: Heatran
|-heal|p1a: Heatran|385\/385|[silent]
|turn|49
|
|move|p2a: Altaria|Substitute|p2a: Altaria
|-start|p2a: Altaria|Substitute
|-damage|p2a: Altaria|58\/291
|move|p1a: Heatran|Lava Plume|p2a: Altaria
|-resisted|p2a: Altaria
|-activate|p2a: Altaria|Substitute|[damage]
|
|-damage|p2a: Altaria|22\/291|[from] Leech Seed|[of] p1a: Heatran
|turn|50
|
|move|p2a: Altaria|Roost|p2a: Altaria
|-heal|p2a: Altaria|168\/291
|move|p1a: Heatran|Lava Plume|p2a: Altaria
|-resisted|p2a: Altaria
|-end|p2a: Altaria|Substitute
|
|-damage|p2a: Altaria|132\/291|[from] Leech Seed|[of] p1a: Heatran
|turn|51
|
|move|p2a: Altaria|Roost|p2a: Altaria
|-heal|p2a: Altaria|278\/291
|move|p1a: Heatran|Lava Plume|p2a: Altaria
|-resisted|p2a: Altaria
|-damage|p2a: Altaria|218\/291
|
|-damage|p2a: Altaria|182\/291|[from] Leech Seed|[of] p1a: Heatran
|turn|52
|
|move|p2a: Altaria|Substitute|p2a: Altaria
|-start|p2a: Altaria|Substitute
|-damage|p2a: Altaria|110\/291
|move|p1a: Heatran|Lava Plume|p2a: Altaria
|-resisted|p2a: Altaria
|-activate|p2a: Altaria|Substitute|[damage]
|
|-damage|p2a: Altaria|74\/291|[from] Leech Seed|[of] p1a: Heatran
|turn|53
|
|move|p2a: Altaria|Roost|p2a: Altaria
|-heal|p2a: Altaria|220\/291
|move|p1a: Heatran|Lava Plume|p2a: Altaria
|-resisted|p2a: Altaria
|-end|p2a: Altaria|Substitute
|
|-damage|p2a: Altaria|184\/291|[from] Leech Seed|[of] p1a: Heatran
|turn|54
|
|move|p2a: Altaria|Roost|p2a: Altaria
|-heal|p2a: Altaria|291\/291
|move|p1a: Heatran|Lava Plume|p2a: Altaria
|-resisted|p2a: Altaria
|-damage|p2a: Altaria|232\/291
|
|-damage|p2a: Altaria|196\/291|[from] Leech Seed|[of] p1a: Heatran
|turn|55
|
|move|p2a: Altaria|Substitute|p2a: Altaria
|-start|p2a: Altaria|Substitute
|-damage|p2a: Altaria|124\/291
|move|p1a: Heatran|Lava Plume|p2a: Altaria
|-resisted|p2a: Altaria
|-activate|p2a: Altaria|Substitute|[damage]
|
|-damage|p2a: Altaria|88\/291|[from] Leech Seed|[of] p1a: Heatran
|turn|56
|
|move|p2a: Altaria|Roost|p2a: Altaria
|-heal|p2a: Altaria|234\/291
|move|p1a: Heatran|Lava Plume|p2a: Altaria
|-resisted|p2a: Altaria
|-end|p2a: Altaria|Substitute
|
|-damage|p2a: Altaria|198\/291|[from] Leech Seed|[of] p1a: Heatran
|turn|57
|
|move|p2a: Altaria|Dragon Dance|p2a: Altaria
|-boost|p2a: Altaria|atk|1
|-boost|p2a: Altaria|spe|1
|move|p1a: Heatran|Toxic|p2a: Altaria
|-status|p2a: Altaria|tox
|
|-damage|p2a: Altaria|162\/291 tox|[from] Leech Seed|[of] p1a: Heatran
|-damage|p2a: Altaria|144\/291 tox|[from] psn
|turn|58
|
|move|p2a: Altaria|Return|p1a: Heatran
|-resisted|p1a: Heatran
|-damage|p1a: Heatran|304\/385
|move|p1a: Heatran|Taunt|p2a: Altaria
|-start|p2a: Altaria|move: Taunt
|
|-heal|p1a: Heatran|328\/385|[from] item: Leftovers
|-damage|p2a: Altaria|108\/291 tox|[from] Leech Seed|[of] p1a: Heatran
|-heal|p1a: Heatran|364\/385|[silent]
|-damage|p2a: Altaria|72\/291 tox|[from] psn
|turn|59
|
|move|p2a: Altaria|Return|p1a: Heatran
|-resisted|p1a: Heatran
|-damage|p1a: Heatran|281\/385
|move|p1a: Heatran|Toxic|p2a: Altaria|[miss]
|-miss|p1a: Heatran|p2a: Altaria
|
|-heal|p1a: Heatran|305\/385|[from] item: Leftovers
|-damage|p2a: Altaria|36\/291 tox|[from] Leech Seed|[of] p1a: Heatran
|-heal|p1a: Heatran|341\/385|[silent]
|-damage|p2a: Altaria|0 fnt|[from] psn
|faint|p2a: Altaria
|
|switch|p2a: Garchomp|Garchomp, M, shiny|135\/358
|-damage|p2a: Garchomp|46\/358|[from] Spikes
|-damage|p2a: Garchomp|24\/358|[from] Stealth Rock
|turn|60
|
|move|p2a: Garchomp|Earthquake|p1a: Heatran
|-supereffective|p1a: Heatran
|-damage|p1a: Heatran|0 fnt
|faint|p1a: Heatran
|
|c|âribe|gg
|
|switch|p1a: Chesnaught|Chesnaught, M|210\/380
|-damage|p1a: Chesnaught|187\/380|[from] Stealth Rock
|turn|61
|c|âindian hedgehog|gg
|
|move|p2a: Garchomp|Earthquake|p1a: Chesnaught
|-resisted|p1a: Chesnaught
|-damage|p1a: Chesnaught|127\/380
|move|p1a: Chesnaught|Drain Punch|p2a: Garchomp
|-damage|p2a: Garchomp|0 fnt
|-heal|p1a: Chesnaught|139\/380|[from] drain|[of] p2a: Garchomp
|-damage|p1a: Chesnaught|92\/380|[from] ability: Rough Skin|[of] p2a: Garchomp
|faint|p2a: Garchomp
|
|win|indian hedgehog
|raw|Ladder updating...
|raw|indian hedgehog's rating: 1300 &rarr; <strong>1320<\/strong><br \/>(+20 for winning)
|raw|ribe's rating: 1232 &rarr; <strong>1212<\/strong><br \/>(-20 for losing)