|join|indian hedgehog
|join|Lukas Hex
|player|p1|indian hedgehog|169
|player|p2|Lukas Hex|101
|gametype|singles
|gen|6
|tier|OU (suspect test)
|rated
|clearpoke
|poke|p1|Metagross
|poke|p1|Crawdaunt, F
|poke|p1|Thundurus, M
|poke|p1|Rotom-Wash
|poke|p1|Landorus-Therian, M
|poke|p1|Clefable, M
|poke|p2|Klefki, F, shiny
|poke|p2|Kyurem-Black, shiny
|poke|p2|Gallade, M, shiny
|poke|p2|Bisharp, M, shiny
|poke|p2|Heatran, M, shiny
|poke|p2|Starmie, shiny
|rule|Swagger Clause: Swagger is banned
|rule|Baton Pass Clause: Limit one PokÃ©mon knowing Baton Pass
|rule|Sleep Clause Mod: Limit one foe put to sleep
|rule|Species Clause: Limit one of each PokÃ©mon
|rule|OHKO Clause: OHKO moves are banned
|rule|Moody Clause: Moody is banned
|rule|Evasion Moves Clause: Evasion moves are banned
|rule|Endless Battle Clause: Forcing endless battles is banned
|rule|HP Percentage Mod: HP is shown in percentages
|teampreview
|
|start
|switch|p1a: Crawdaunt|Crawdaunt, F|267\/267
|switch|p2a: Klefki|Klefki, F, shiny|317\/317
|turn|1
|
|move|p2a: Klefki|Reflect|p2a: Klefki
|-sidestart|p2: Lukas Hex|Reflect
|move|p1a: Crawdaunt|Knock Off|p2a: Klefki
|-resisted|p2a: Klefki
|-damage|p2a: Klefki|247\/317
|-enditem|p2a: Klefki|Light Clay|[from] move: Knock Off|[of] p1a: Crawdaunt
|-damage|p1a: Crawdaunt|241\/267|[from] item: Life Orb
|
|turn|2
|
|switch|p1a: Landorus-Therian|Landorus-Therian, M|382\/382
|-ability|p1a: Landorus-Therian|Intimidate|[of] p2a: Klefki
|-unboost|p2a: Klefki|atk|1
|move|p2a: Klefki|Thunder Wave|p1a: Landorus-Therian
|-immune|p1a: Landorus-Therian|[msg]
|
|turn|3
|
|move|p2a: Klefki|Spikes|p1a: Landorus-Therian
|-sidestart|p1: indian hedgehog|Spikes
|move|p1a: Landorus-Therian|Stealth Rock|p2a: Klefki
|-sidestart|p2: Lukas Hex|move: Stealth Rock
|
|turn|4
|
|move|p2a: Klefki|Spikes|p1a: Landorus-Therian
|-sidestart|p1: indian hedgehog|Spikes
|move|p1a: Landorus-Therian|Earthquake|p2a: Klefki
|-supereffective|p2a: Klefki
|-damage|p2a: Klefki|108\/317
|
|turn|5
|
|move|p2a: Klefki|Spikes|p1a: Landorus-Therian
|-sidestart|p1: indian hedgehog|Spikes
|move|p1a: Landorus-Therian|Earthquake|p2a: Klefki
|-supereffective|p2a: Klefki
|-damage|p2a: Klefki|0 fnt
|faint|p2a: Klefki
|
|
|switch|p2a: Starmie|Starmie, shiny|261\/261
|-damage|p2a: Starmie|229\/261|[from] Stealth Rock
|turn|6
|
|move|p2a: Starmie|Ice Beam|p1a: Landorus-Therian
|-supereffective|p1a: Landorus-Therian
|-damage|p1a: Landorus-Therian|0 fnt
|-damage|p2a: Starmie|203\/261|[from] item: Life Orb
|faint|p1a: Landorus-Therian
|
|join|irl cat
|
|switch|p1a: Thundurus|Thundurus, M|299\/299
|turn|7
|
|move|p2a: Starmie|Rapid Spin|p1a: Thundurus
|-damage|p1a: Thundurus|280\/299
|-sideend|p2: Lukas Hex|Stealth Rock|[from] move: Rapid Spin|[of] p2a: Starmie
|-damage|p2a: Starmie|177\/261|[from] item: Life Orb
|move|p1a: Thundurus|Thunderbolt|p2a: Starmie
|-supereffective|p2a: Starmie
|-damage|p2a: Starmie|0 fnt
|faint|p2a: Starmie
|
|-heal|p1a: Thundurus|298\/299|[from] item: Leftovers
|
|switch|p2a: Bisharp|Bisharp, M, shiny|333\/333
|turn|8
|
|move|p1a: Thundurus|Thunderbolt|p2a: Bisharp
|-damage|p2a: Bisharp|128\/333
|move|p2a: Bisharp|Knock Off|p1a: Thundurus
|-damage|p1a: Thundurus|70\/299
|-enditem|p1a: Thundurus|Leftovers|[from] move: Knock Off|[of] p2a: Bisharp
|
|-sideend|p2: Lukas Hex|Reflect
|turn|9
|
|move|p1a: Thundurus|Thunder Wave|p2a: Bisharp
|-status|p2a: Bisharp|par
|-enditem|p2a: Bisharp|Lum Berry|[eat]
|-curestatus|p2a: Bisharp|par
|move|p2a: Bisharp|Sucker Punch|p1a: Thundurus
|-fail|p1a: Thundurus
|
|turn|10
|
|move|p1a: Thundurus|Thunderbolt|p2a: Bisharp
|-damage|p2a: Bisharp|0 fnt
|faint|p2a: Bisharp
|
|
|switch|p2a: Heatran|Heatran, M, shiny|385\/385
|-item|p2a: Heatran|Air Balloon
|turn|11
|c| irl cat|read like a BOOOK
|
|move|p1a: Thundurus|Thunderbolt|p2a: Heatran
|-damage|p2a: Heatran|262\/385
|-enditem|p2a: Heatran|Air Balloon
|move|p2a: Heatran|Flamethrower|p1a: Thundurus
|-damage|p1a: Thundurus|0 fnt
|faint|p1a: Thundurus
|
|c|âLukas Hex|yeah that's some next-level shit
|
|switch|p1a: Crawdaunt|Crawdaunt, F|241\/267
|-damage|p1a: Crawdaunt|175\/267|[from] Spikes
|turn|12
|
|move|p1a: Crawdaunt|Knock Off|p2a: Heatran
|-damage|p2a: Heatran|83\/385
|-damage|p1a: Crawdaunt|149\/267|[from] item: Life Orb
|move|p2a: Heatran|Will-O-Wisp|p1a: Crawdaunt
|-status|p1a: Crawdaunt|brn
|
|-damage|p1a: Crawdaunt|116\/267 brn|[from] brn
|turn|13
|
|move|p1a: Crawdaunt|Knock Off|p2a: Heatran
|-damage|p2a: Heatran|0 fnt
|-damage|p1a: Crawdaunt|90\/267 brn|[from] item: Life Orb
|faint|p2a: Heatran
|
|-damage|p1a: Crawdaunt|57\/267 brn|[from] brn
|c| irl cat|rip
|
|switch|p2a: Gallade|Gallade, M, shiny|307\/307
|turn|14
|
|detailschange|p2a: Gallade|Gallade-Mega, M, shiny
|-mega|p2a: Gallade|Gallade|Galladite
|move|p1a: Crawdaunt|Aqua Jet|p2a: Gallade
|-crit|p2a: Gallade
|-damage|p2a: Gallade|206\/307
|-damage|p1a: Crawdaunt|31\/267 brn|[from] item: Life Orb
|move|p2a: Gallade|Bulk Up|p2a: Gallade
|-boost|p2a: Gallade|atk|1
|-boost|p2a: Gallade|def|1
|
|-damage|p1a: Crawdaunt|0 fnt|[from] brn
|faint|p1a: Crawdaunt
|
|switch|p1a: Clefable|Clefable, M|394\/394
|turn|15
|
|move|p2a: Gallade|Leaf Blade|p1a: Clefable
|-crit|p1a: Clefable
|-damage|p1a: Clefable|123\/394
|move|p1a: Clefable|Moonblast|p2a: Gallade
|-supereffective|p2a: Gallade
|-damage|p2a: Gallade|14\/307
|-unboost|p2a: Gallade|spa|1
|
|-heal|p1a: Clefable|147\/394|[from] item: Leftovers
|turn|16
|c|âLukas Hex|i<3 crits
|
|move|p2a: Gallade|Leaf Blade|p1a: Clefable
|-damage|p1a: Clefable|0 fnt
|faint|p1a: Clefable
|
|
|switch|p1a: Metagross|Metagross|345\/345
|-damage|p1a: Metagross|259\/345|[from] Spikes
|turn|17
|
|detailschange|p1a: Metagross|Metagross-Mega
|-mega|p1a: Metagross|Metagross|Metagrossite
|move|p2a: Gallade|Drain Punch|p1a: Metagross
|-damage|p1a: Metagross|112\/345
|-heal|p2a: Gallade|88\/307|[from] drain|[of] p1a: Metagross
|move|p1a: Metagross|Agility|p1a: Metagross
|-boost|p1a: Metagross|spe|2
|
|turn|18
|
|move|p1a: Metagross|Meteor Mash|p2a: Gallade
|-damage|p2a: Gallade|0 fnt
|faint|p2a: Gallade
|
|
|switch|p2a: Kyurem-Black|Kyurem-Black, shiny|453\/453
|-ability|p2a: Kyurem-Black|Teravolt
|turn|19
|
|move|p1a: Metagross|Meteor Mash|p2a: Kyurem-Black|[miss]
|-miss|p1a: Metagross|p2a: Kyurem-Black
|move|p2a: Kyurem-Black|Earth Power|p1a: Metagross
|-supereffective|p1a: Metagross
|-damage|p1a: Metagross|0 fnt
|faint|p1a: Metagross
|
|c|âindian hedgehog|fuck your luck
|
|switch|p1a: Rotom-Wash|Rotom-Wash|304\/304
|turn|20
|
|move|p2a: Kyurem-Black|Earth Power|p1a: Rotom-Wash
|-supereffective|p1a: Rotom-Wash
|-damage|p1a: Rotom-Wash|186\/304
|move|p1a: Rotom-Wash|Will-O-Wisp|p2a: Kyurem-Black
|-status|p2a: Kyurem-Black|brn
|
|-heal|p1a: Rotom-Wash|205\/304|[from] item: Leftovers
|-damage|p2a: Kyurem-Black|397\/453 brn|[from] brn
|turn|21
|
|move|p2a: Kyurem-Black|Freeze Shock|p1a: Rotom-Wash|[still]|[miss]
|-prepare|p2a: Kyurem-Black|Freeze Shock|p1a: Rotom-Wash
|-enditem|p2a: Kyurem-Black|Power Herb
|-anim|p2a: Kyurem-Black|Freeze Shock|p1a: Rotom-Wash
|-miss|p2a: Kyurem-Black|p1a: Rotom-Wash
|move|p1a: Rotom-Wash|Pain Split|p2a: Kyurem-Black
|-sethp|p2a: Kyurem-Black|301\/453 brn|p1a: Rotom-Wash|301\/304|[from] move: Pain Split
|
|-heal|p1a: Rotom-Wash|304\/304|[from] item: Leftovers
|-damage|p2a: Kyurem-Black|245\/453 brn|[from] brn
|turn|22
|
|move|p2a: Kyurem-Black|Earth Power|p1a: Rotom-Wash
|-supereffective|p1a: Rotom-Wash
|-damage|p1a: Rotom-Wash|186\/304
|move|p1a: Rotom-Wash|Hydro Pump|p2a: Kyurem-Black
|-resisted|p2a: Kyurem-Black
|-damage|p2a: Kyurem-Black|165\/453 brn
|
|-heal|p1a: Rotom-Wash|205\/304|[from] item: Leftovers
|-damage|p2a: Kyurem-Black|109\/453 brn|[from] brn
|turn|23
|
|move|p2a: Kyurem-Black|Earth Power|p1a: Rotom-Wash
|-supereffective|p1a: Rotom-Wash
|-damage|p1a: Rotom-Wash|99\/304
|move|p1a: Rotom-Wash|Hydro Pump|p2a: Kyurem-Black|[miss]
|-miss|p1a: Rotom-Wash|p2a: Kyurem-Black
|
|-heal|p1a: Rotom-Wash|118\/304|[from] item: Leftovers
|-damage|p2a: Kyurem-Black|53\/453 brn|[from] brn
|turn|24
|c|âLukas Hex|vested rotom
|c|âindian hedgehog|i can't believe this
|
|move|p2a: Kyurem-Black|Earth Power|p1a: Rotom-Wash
|-supereffective|p1a: Rotom-Wash
|-damage|p1a: Rotom-Wash|4\/304
|move|p1a: Rotom-Wash|Volt Switch|p2a: Kyurem-Black
|-resisted|p2a: Kyurem-Black
|-damage|p2a: Kyurem-Black|2\/453 brn
|
|-heal|p1a: Rotom-Wash|23\/304|[from] item: Leftovers
|-damage|p2a: Kyurem-Black|0 fnt|[from] brn
|faint|p2a: Kyurem-Black
|
|win|indian hedgehog
|raw|Ladder updating...
|raw|indian hedgehog's rating: 1511 &rarr; <strong>1524<\/strong><br \/>(+13 for winning)
|raw|Lukas Hex's rating: 1390 &rarr; <strong>1377<\/strong><br \/>(-13 for losing)
|c|âLukas Hex|gg, you should have won earlier lol
|c|âindian hedgehog|gg...
|leave|Lukas Hex
|player|p2