|join|1761292a
|join|indian hedgehog
|join|Keldeo
|join|Gros orteil)
|player|p1|1761292a|56
|player|p2|indian hedgehog|170
|gametype|singles
|gen|6
|tier|OU (suspect test)
|rated
|clearpoke
|poke|p1|Houndoom, F
|poke|p1|Latias, F
|poke|p1|Azumarill, M
|poke|p1|Ferrothorn, F
|poke|p1|Keldeo
|poke|p1|Scizor, M
|poke|p2|Metagross
|poke|p2|Crawdaunt, M
|poke|p2|Thundurus, M
|poke|p2|Rotom-Wash
|poke|p2|Landorus-Therian, M
|poke|p2|Clefable, F
|rule|Swagger Clause: Swagger is banned
|rule|Baton Pass Clause: Limit one PokÃ©mon knowing Baton Pass
|rule|Sleep Clause Mod: Limit one foe put to sleep
|rule|Species Clause: Limit one of each PokÃ©mon
|rule|OHKO Clause: OHKO moves are banned
|rule|Moody Clause: Moody is banned
|rule|Evasion Moves Clause: Evasion moves are banned
|rule|Endless Battle Clause: Forcing endless battles is banned
|rule|HP Percentage Mod: HP is shown in percentages
|teampreview
|join|PoweredByRevenge
|leave|PoweredByRevenge
|join|AM
|join|CleanerThanRotom-W
|
|start
|switch|p1a: Keldeo|Keldeo|323\/323
|switch|p2a: Clefable|Clefable, F|394\/394
|turn|1
|
|switch|p1a: Ferrothorn|Ferrothorn, F|352\/352
|move|p2a: Clefable|Fire Blast|p1a: Ferrothorn
|-supereffective|p1a: Ferrothorn
|-damage|p1a: Ferrothorn|96\/352
|
|-heal|p1a: Ferrothorn|118\/352|[from] item: Leftovers
|turn|2
|
|move|p2a: Clefable|Fire Blast|p1a: Ferrothorn
|-supereffective|p1a: Ferrothorn
|-damage|p1a: Ferrothorn|0 fnt
|faint|p1a: Ferrothorn
|
|
|switch|p1a: Houndoom|Houndoom, F|291\/291
|turn|3
|
|detailschange|p1a: Houndoom|Houndoom-Mega, F
|-mega|p1a: Houndoom|Houndoom|Houndoominite
|move|p1a: Houndoom|Nasty Plot|p1a: Houndoom
|-boost|p1a: Houndoom|spa|2
|move|p2a: Clefable|Moonblast|p1a: Houndoom
|-damage|p1a: Houndoom|179\/291
|-unboost|p1a: Houndoom|spa|1
|
|turn|4
|c|â1761292a|:(
|
|move|p1a: Houndoom|Fire Blast|p2a: Clefable
|-damage|p2a: Clefable|58\/394
|move|p2a: Clefable|Moonblast|p1a: Houndoom
|-damage|p1a: Houndoom|67\/291
|-unboost|p1a: Houndoom|spa|1
|
|-heal|p2a: Clefable|82\/394|[from] item: Leftovers
|turn|5
|c|âindian hedgehog|=(
|c|â1761292a|:(
|
|move|p1a: Houndoom|Fire Blast|p2a: Clefable
|-damage|p2a: Clefable|0 fnt
|faint|p2a: Clefable
|
|c|â1761292a|this ladder h8s me now
|
|switch|p2a: Crawdaunt|Crawdaunt, M|267\/267
|turn|6
|
|switch|p1a: Keldeo|Keldeo|323\/323
|move|p2a: Crawdaunt|Aqua Jet|p1a: Keldeo
|-resisted|p1a: Keldeo
|-damage|p1a: Keldeo|249\/323
|-damage|p2a: Crawdaunt|241\/267|[from] item: Life Orb
|
|turn|7
|
|switch|p2a: Rotom-Wash|Rotom-Wash|304\/304
|move|p1a: Keldeo|Scald|p2a: Rotom-Wash
|-resisted|p2a: Rotom-Wash
|-damage|p2a: Rotom-Wash|231\/304
|
|-heal|p2a: Rotom-Wash|250\/304|[from] item: Leftovers
|turn|8
|join|Palimeister
|
|switch|p1a: Latias|Latias, F|319\/319
|move|p2a: Rotom-Wash|Volt Switch|p1a: Latias
|-resisted|p1a: Latias
|-damage|p1a: Latias|286\/319
|
|switch|p2a: Metagross|Metagross|345\/345
|
|turn|9
|join|MoB Barley
|
|switch|p1a: Scizor|Scizor, M|307\/307
|detailschange|p2a: Metagross|Metagross-Mega
|-mega|p2a: Metagross|Metagross|Metagrossite
|move|p2a: Metagross|Agility|p2a: Metagross
|-boost|p2a: Metagross|spe|2
|
|turn|10
|join|Exiline
|c|â1761292a|e_e
|c|â1761292a|another loss
|
|move|p2a: Metagross|Meteor Mash|p1a: Scizor
|-resisted|p1a: Scizor
|-damage|p1a: Scizor|171\/307
|move|p1a: Scizor|Superpower|p2a: Metagross
|-damage|p2a: Metagross|189\/345
|-unboost|p1a: Scizor|atk|1
|-unboost|p1a: Scizor|def|1
|-damage|p1a: Scizor|141\/307|[from] item: Life Orb
|
|turn|11
|leave|Palimeister
|
|switch|p1a: Houndoom|Houndoom-Mega, F|67\/291
|move|p2a: Metagross|Meteor Mash|p1a: Houndoom
|-resisted|p1a: Houndoom
|-damage|p1a: Houndoom|0 fnt
|faint|p1a: Houndoom
|
|
|switch|p1a: Scizor|Scizor, M|141\/307
|turn|12
|
|move|p2a: Metagross|Earthquake|p1a: Scizor
|-damage|p1a: Scizor|0 fnt
|faint|p1a: Scizor
|
|join|SuperSmoke
|leave|SuperSmoke
|c|â1761292a|geegee
|-message|1761292a forfeited.
|join|Mistakess
|
|switch|p1a: Azumarill|Azumarill, M|381\/381
|turn|13
|join|Givrix
|join|lucaq
|
|win|indian hedgehog
|raw|Ladder updating...
|join|skysoki
|raw|1761292a's rating: 1537 &rarr; <strong>1513<\/strong><br \/>(-24 for losing)
|raw|indian hedgehog's rating: 1458 &rarr; <strong>1482<\/strong><br \/>(+24 for winning)
|
|leave|1761292a
|leave|Givrix
|leave|MoB Barley
|player|p1
|leave|skysoki
|leave|Exiline
|leave|lucaq
|leave|AM
|leave|CleanerThanRotom-W
|leave|Gros orteil)