|join|Icetiger1914
|join|asduff888
|player|p1|Icetiger1914|169
|player|p2|asduff888|150
|gametype|singles
|gen|6
|tier|OU
|rated
|clearpoke
|poke|p1|Venusaur, F
|poke|p1|Azumarill, F
|poke|p1|Togekiss, M
|poke|p1|Skarmory, F
|poke|p1|Kyurem-Black
|poke|p1|Mew
|poke|p2|Landorus-Therian, M
|poke|p2|Heatran, F
|poke|p2|Metagross
|poke|p2|Ferrothorn, M
|poke|p2|Keldeo-Resolute
|poke|p2|Clefable, M
|rule|Swagger Clause: Swagger is banned
|rule|Baton Pass Clause: Limit one PokÃ©mon knowing Baton Pass
|rule|Sleep Clause Mod: Limit one foe put to sleep
|rule|Species Clause: Limit one of each PokÃ©mon
|rule|OHKO Clause: OHKO moves are banned
|rule|Moody Clause: Moody is banned
|rule|Evasion Moves Clause: Evasion moves are banned
|rule|Endless Battle Clause: Forcing endless battles is banned
|rule|HP Percentage Mod: HP is shown in percentages
|teampreview
|join|CycloTJ
|
|start
|switch|p1a: Mew|Mew|404\/404
|switch|p2a: Heatran|Heatran, F|324\/324
|turn|1
|
|switch|p1a: Azumarill|Azumarill, F|364\/364
|move|p2a: Heatran|Fire Blast|p1a: Azumarill
|-resisted|p1a: Azumarill
|-damage|p1a: Azumarill|262\/364
|
|turn|2
|
|switch|p2a: Ferrothorn|Ferrothorn, M|352\/352
|move|p1a: Azumarill|Knock Off|p2a: Ferrothorn
|-crit|p2a: Ferrothorn
|-damage|p2a: Ferrothorn|103\/352
|-damage|p1a: Azumarill|217\/364|[from] ability: Iron Barbs|[of] p2a: Ferrothorn
|-enditem|p2a: Ferrothorn|Leftovers|[from] move: Knock Off|[of] p1a: Azumarill
|
|turn|3
|
|switch|p1a: Venusaur|Venusaur, F|364\/364
|move|p2a: Ferrothorn|Stealth Rock|p1a: Venusaur
|-sidestart|p1: Icetiger1914|move: Stealth Rock
|
|turn|4
|
|switch|p1a: Kyurem-Black|Kyurem-Black|454\/454
|-damage|p1a: Kyurem-Black|341\/454|[from] Stealth Rock
|-ability|p1a: Kyurem-Black|Teravolt
|switch|p2a: Landorus-Therian|Landorus-Therian, M|355\/355
|-ability|p2a: Landorus-Therian|Intimidate|[of] p1a: Kyurem-Black
|-unboost|p1a: Kyurem-Black|atk|1
|
|-heal|p1a: Kyurem-Black|369\/454|[from] item: Leftovers
|turn|5
|
|switch|p2a: Clefable|Clefable, M|394\/394
|switch|p1a: Skarmory|Skarmory, F|334\/334
|-damage|p1a: Skarmory|293\/334|[from] Stealth Rock
|
|-heal|p1a: Skarmory|313\/334|[from] item: Leftovers
|turn|6
|
|move|p1a: Skarmory|Stealth Rock|p2a: Clefable
|-sidestart|p2: asduff888|move: Stealth Rock
|move|p2a: Clefable|Fire Blast|p1a: Skarmory
|-supereffective|p1a: Skarmory
|-damage|p1a: Skarmory|91\/334
|
|-heal|p1a: Skarmory|111\/334|[from] item: Leftovers
|turn|7
|
|move|p1a: Skarmory|Roost|p1a: Skarmory
|-heal|p1a: Skarmory|278\/334
|move|p2a: Clefable|Thunder Wave|p1a: Skarmory
|-status|p1a: Skarmory|par
|
|-heal|p1a: Skarmory|298\/334 par|[from] item: Leftovers
|turn|8
|
|switch|p1a: Venusaur|Venusaur, F|364\/364
|-damage|p1a: Venusaur|319\/364|[from] Stealth Rock
|move|p2a: Clefable|Fire Blast|p1a: Venusaur
|-supereffective|p1a: Venusaur
|-damage|p1a: Venusaur|197\/364
|
|turn|9
|
|switch|p2a: Metagross|Metagross|302\/302
|-damage|p2a: Metagross|284\/302|[from] Stealth Rock
|detailschange|p1a: Venusaur|Venusaur-Mega, F
|-mega|p1a: Venusaur|Venusaur|Venusaurite
|move|p1a: Venusaur|Synthesis|p1a: Venusaur
|-heal|p1a: Venusaur|364\/364
|
|turn|10
|
|switch|p1a: Skarmory|Skarmory, F|298\/334 par
|-damage|p1a: Skarmory|257\/334 par|[from] Stealth Rock
|detailschange|p2a: Metagross|Metagross-Mega
|-mega|p2a: Metagross|Metagross|Metagrossite
|move|p2a: Metagross|Zen Headbutt|p1a: Skarmory
|-resisted|p1a: Skarmory
|-damage|p1a: Skarmory|203\/334 par
|
|-heal|p1a: Skarmory|223\/334 par|[from] item: Leftovers
|turn|11
|
|switch|p2a: Heatran|Heatran, F|324\/324
|-damage|p2a: Heatran|284\/324|[from] Stealth Rock
|cant|p1a: Skarmory|par
|
|-heal|p1a: Skarmory|243\/334 par|[from] item: Leftovers
|turn|12
|
|switch|p1a: Mew|Mew|404\/404
|-damage|p1a: Mew|354\/404|[from] Stealth Rock
|move|p2a: Heatran|Fire Blast|p1a: Mew
|-crit|p1a: Mew
|-damage|p1a: Mew|50\/404
|
|-heal|p1a: Mew|75\/404|[from] item: Leftovers
|turn|13
|
|move|p1a: Mew|Defog|p2a: Heatran
|-unboost|p2a: Heatran|evasion|1
|-sideend|p2: asduff888|Stealth Rock|[from] move: Defog|[of] p2a: Heatran
|-sideend|p1: Icetiger1914|Stealth Rock|[from] move: Defog|[of] p1a: Mew
|move|p2a: Heatran|Fire Blast|p1a: Mew|[miss]
|-miss|p2a: Heatran|p1a: Mew
|
|-heal|p1a: Mew|100\/404|[from] item: Leftovers
|turn|14
|
|move|p1a: Mew|Psychic|p2a: Heatran
|-resisted|p2a: Heatran
|-damage|p2a: Heatran|236\/324
|move|p2a: Heatran|Fire Blast|p1a: Mew
|-damage|p1a: Mew|0 fnt
|faint|p1a: Mew
|
|
|switch|p1a: Azumarill|Azumarill, F|217\/364
|turn|15
|
|move|p2a: Heatran|Solar Beam|p1a: Azumarill|[still]
|-prepare|p2a: Heatran|Solar Beam|p1a: Azumarill
|-enditem|p2a: Heatran|Power Herb
|-anim|p2a: Heatran|Solar Beam|p1a: Azumarill
|-supereffective|p1a: Azumarill
|-damage|p1a: Azumarill|0 fnt
|faint|p1a: Azumarill
|
|
|switch|p1a: Kyurem-Black|Kyurem-Black|369\/454
|-ability|p1a: Kyurem-Black|Teravolt
|turn|16
|c|âIcetiger1914|I had a feeling...something was up
|
|switch|p2a: Clefable|Clefable, M|394\/394
|move|p1a: Kyurem-Black|Ice Beam|p2a: Clefable
|-damage|p2a: Clefable|280\/394
|
|-heal|p1a: Kyurem-Black|397\/454|[from] item: Leftovers
|-heal|p2a: Clefable|304\/394|[from] item: Leftovers
|turn|17
|
|switch|p1a: Venusaur|Venusaur-Mega, F|364\/364
|move|p2a: Clefable|Thunder Wave|p1a: Venusaur
|-status|p1a: Venusaur|par
|
|-heal|p2a: Clefable|328\/394|[from] item: Leftovers
|turn|18
|
|switch|p2a: Metagross|Metagross-Mega|284\/302
|switch|p1a: Togekiss|Togekiss, M|363\/363
|
|turn|19
|
|switch|p2a: Heatran|Heatran, F|236\/324
|switch|p1a: Skarmory|Skarmory, F|243\/334 par
|
|-heal|p1a: Skarmory|263\/334 par|[from] item: Leftovers
|turn|20
|
|move|p2a: Heatran|Fire Blast|p1a: Skarmory
|-supereffective|p1a: Skarmory
|-damage|p1a: Skarmory|0 fnt
|faint|p1a: Skarmory
|
|
|switch|p1a: Kyurem-Black|Kyurem-Black|397\/454
|-ability|p1a: Kyurem-Black|Teravolt
|turn|21
|
|switch|p2a: Clefable|Clefable, M|328\/394
|move|p1a: Kyurem-Black|Ice Beam|p2a: Clefable
|-damage|p2a: Clefable|204\/394
|
|-heal|p1a: Kyurem-Black|425\/454|[from] item: Leftovers
|-heal|p2a: Clefable|228\/394|[from] item: Leftovers
|turn|22
|
|switch|p2a: Metagross|Metagross-Mega|284\/302
|move|p1a: Kyurem-Black|Ice Beam|p2a: Metagross
|-resisted|p2a: Metagross
|-damage|p2a: Metagross|222\/302
|
|-heal|p1a: Kyurem-Black|453\/454|[from] item: Leftovers
|turn|23
|
|move|p2a: Metagross|Meteor Mash|p1a: Kyurem-Black
|-supereffective|p1a: Kyurem-Black
|-damage|p1a: Kyurem-Black|0 fnt
|faint|p1a: Kyurem-Black
|
|-message|Icetiger1914 forfeited.
|leave|Icetiger1914
|
|win|asduff888
|raw|Ladder updating...
|player|p1
|raw|Icetiger1914's rating: 1389 &rarr; <strong>1366<\/strong><br \/>(-23 for losing)
|raw|asduff888's rating: 1322 &rarr; <strong>1346<\/strong><br \/>(+24 for winning)
|leave|asduff888
|leave|CycloTJ
|player|p2
|join|Based Lord Joshua