|join|Bob the Bae
|join|Sixkiller
|player|p1|Bob the Bae|23
|player|p2|Sixkiller|238
|gametype|singles
|gen|6
|tier|UU
|rated
|rule|Sleep Clause Mod: Limit one foe put to sleep
|rule|Species Clause: Limit one of each PokÃ©mon
|rule|OHKO Clause: OHKO moves are banned
|rule|Moody Clause: Moody is banned
|rule|Evasion Moves Clause: Evasion moves are banned
|rule|Endless Battle Clause: Forcing endless battles is banned
|rule|HP Percentage Mod: HP is shown in percentages
|clearpoke
|poke|p1|Blissey, F
|poke|p1|Noivern, M
|poke|p1|Weezing, M
|poke|p1|Alomomola, F
|poke|p1|Gligar, M
|poke|p1|Virizion
|poke|p2|Abomasnow, F
|poke|p2|Lucario, F
|poke|p2|Solosis, L5, M, shiny
|poke|p2|Glaceon, F
|poke|p2|Azelf
|poke|p2|Alakazam, M
|rule|Swagger Clause: Swagger is banned
|rule|Baton Pass Clause: Limit one PokÃ©mon knowing Baton Pass
|teampreview
|c|âBob the Bae|wtf is that thing lol
|join|Tyrone D'shaun
|c|âSixkiller|Something fun I made when I was thinking about Gen 5 yesterday
|c|âSixkiller|And the shit I used
|
|start
|switch|p1a: 3.35700|Alomomola, F|534\/534
|switch|p2a: Azelf|Azelf|292\/292
|turn|1
|c|âBob the Bae|i feel like im gonna get shrekt
|
|move|p2a: Azelf|Taunt|p1a: 3.35700
|-start|p1a: 3.35700|move: Taunt
|move|p1a: 3.35700|Knock Off|p2a: Azelf
|-supereffective|p2a: Azelf
|-damage|p2a: Azelf|110\/292
|-enditem|p2a: Azelf|Focus Sash|[from] move: Knock Off|[of] p1a: 3.35700
|
|turn|2
|
|move|p2a: Azelf|Stealth Rock|p1a: 3.35700
|-sidestart|p1: Bob the Bae|move: Stealth Rock
|move|p1a: 3.35700|Knock Off|p2a: Azelf
|-supereffective|p2a: Azelf
|-damage|p2a: Azelf|0 fnt
|faint|p2a: Azelf
|
|
|switch|p2a: Abomasnow|Abomasnow, F|321\/321
|-weather|Hail
|turn|3
|
|switch|p1a: 1.03736|Weezing, M|334\/334
|-damage|p1a: 1.03736|293\/334|[from] Stealth Rock
|move|p2a: Abomasnow|Seed Bomb|p1a: 1.03736
|-resisted|p1a: 1.03736
|-damage|p1a: 1.03736|259\/334
|
|-weather|Hail|[upkeep]
|-damage|p1a: 1.03736|239\/334|[from] hail
|-heal|p1a: 1.03736|259\/334|[from] item: Black Sludge
|turn|4
|join|waiv
|c| waiv|bobo
|
|move|p2a: Abomasnow|Blizzard|p1a: 1.03736
|-damage|p1a: 1.03736|52\/334
|move|p1a: 1.03736|Toxic Spikes|p2a: Abomasnow
|-sidestart|p2: Sixkiller|move: Toxic Spikes
|
|-weather|Hail|[upkeep]
|-damage|p1a: 1.03736|32\/334|[from] hail
|-heal|p1a: 1.03736|52\/334|[from] item: Black Sludge
|turn|5
|c|âBob the Bae|hihi
|c| waiv|my girlfriend was spectating that match
|c| waiv|:'( watched me get shrekt
|c| waiv|LOL
|c|âBob the Bae|which?
|c| waiv|leirum
|c|âBob the Bae|oh
|c| waiv|:'( sad day
|c|âBob the Bae|soz to embarass you in front of her
|c|âBob the Bae|tell her i said hi
|c| waiv|haha it's ok
|leave|Tyrone D'shaun
|
|move|p2a: Abomasnow|Blizzard|p1a: 1.03736
|-damage|p1a: 1.03736|0 fnt
|faint|p1a: 1.03736
|
|-weather|Hail|[upkeep]
|c| waiv|is that a thing
|c| waiv|duosion
|c| waiv|:|
|c|âSixkiller|Solosis
|c|âBob the Bae|i dont even know lol
|c|âSixkiller|respect the embryo
|c| waiv|lol
|c| waiv|no respect tbh
|c| waiv|2 kawaii
|
|switch|p1a: 3.35700|Alomomola, F|534\/534
|-damage|p1a: 3.35700|468\/534|[from] Stealth Rock
|turn|6
|
|move|p1a: 3.35700|Toxic|p2a: Abomasnow
|-status|p2a: Abomasnow|tox
|move|p2a: Abomasnow|Seed Bomb|p1a: 3.35700
|-supereffective|p1a: 3.35700
|-damage|p1a: 3.35700|274\/534
|
|-weather|Hail|[upkeep]
|-damage|p1a: 3.35700|241\/534|[from] hail
|-heal|p1a: 3.35700|274\/534|[from] item: Leftovers
|-damage|p2a: Abomasnow|301\/321 tox|[from] psn
|turn|7
|
|move|p1a: 3.35700|Wish|p1a: 3.35700
|move|p2a: Abomasnow|Seed Bomb|p1a: 3.35700
|-supereffective|p1a: 3.35700
|-damage|p1a: 3.35700|100\/534
|
|-weather|Hail|[upkeep]
|-damage|p1a: 3.35700|67\/534|[from] hail
|-heal|p1a: 3.35700|100\/534|[from] item: Leftovers
|-damage|p2a: Abomasnow|261\/321 tox|[from] psn
|turn|8
|
|switch|p1a: 9.58093|Blissey, F|714\/714
|-damage|p1a: 9.58093|625\/714|[from] Stealth Rock
|switch|p2a: Glaceon|Glaceon, F|334\/334
|-status|p2a: Glaceon|psn
|
|-weather|Hail|[upkeep]
|-damage|p1a: 9.58093|581\/714|[from] hail
|-heal|p1a: 9.58093|714\/714|[from] move: Wish|[wisher] 3.35700
|-damage|p2a: Glaceon|293\/334 psn|[from] psn
|turn|9
|c|âBob the Bae|oh thats icy rock or something
|c|âBob the Bae|i've been fearing mega all this time
|
|move|p1a: 9.58093|Wish|p1a: 9.58093
|move|p2a: Glaceon|Baton Pass|p2a: Glaceon
|
|switch|p2a: Lucario|Lucario, F|281\/281
|
|-weather|Hail|[upkeep]
|-damage|p2a: Lucario|264\/281|[from] hail
|-damage|p1a: 9.58093|670\/714|[from] hail
|-heal|p1a: 9.58093|714\/714|[from] item: Leftovers
|turn|10
|c|âSixkiller|Mega does bop you
|c|âBob the Bae|lol yea
|c|âSixkiller|But I'm trying something fun
|c|âSixkiller|I love Mega Snow
|c|âSixkiller|need to remake a team with it
|c|âSixkiller|losing Tini hurt it
|
|switch|p1a: 3.98100|Noivern, M|315\/315
|-damage|p1a: 3.98100|237\/315|[from] Stealth Rock
|move|p2a: Lucario|Close Combat|p1a: 3.98100
|-crit|p1a: 3.98100
|-resisted|p1a: 3.98100
|-damage|p1a: 3.98100|10\/315
|-unboost|p2a: Lucario|def|1
|-unboost|p2a: Lucario|spd|1
|-damage|p2a: Lucario|236\/281|[from] item: Life Orb
|
|-weather|none
|-heal|p1a: 3.98100|315\/315|[from] move: Wish|[wisher] 9.58093
|turn|11
|
|switch|p2a: Abomasnow|Abomasnow, F|261\/321 tox
|-weather|Hail
|move|p1a: 3.98100|Switcheroo|p2a: Abomasnow
|-activate|p1a: 3.98100|move: Trick|[of] p2a: Abomasnow
|-item|p2a: Abomasnow|Choice Scarf|[from] Trick
|-item|p1a: 3.98100|Icy Rock|[from] Trick
|
|-weather|Hail|[upkeep]
|-damage|p1a: 3.98100|296\/315|[from] hail
|-damage|p2a: Abomasnow|241\/321 tox|[from] psn
|turn|12
|
|switch|p1a: 9.58093|Blissey, F|714\/714
|-damage|p1a: 9.58093|625\/714|[from] Stealth Rock
|move|p2a: Abomasnow|Blizzard|p1a: 9.58093
|-damage|p1a: 9.58093|499\/714
|
|-weather|Hail|[upkeep]
|-damage|p1a: 9.58093|455\/714|[from] hail
|-heal|p1a: 9.58093|499\/714|[from] item: Leftovers
|-damage|p2a: Abomasnow|201\/321 tox|[from] psn
|turn|13
|
|switch|p2a: Solosis|Solosis, L5, M, shiny|24\/24
|-status|p2a: Solosis|psn
|move|p1a: 9.58093|Wish|p1a: 9.58093
|
|-weather|Hail|[upkeep]
|-damage|p1a: 9.58093|455\/714|[from] hail
|-heal|p1a: 9.58093|499\/714|[from] item: Leftovers
|turn|14
|
|move|p1a: 9.58093|Seismic Toss|p2a: Solosis
|-enditem|p2a: Solosis|Focus Sash
|-damage|p2a: Solosis|1\/24 psn
|move|p2a: Solosis|Trick Room|p2a: Solosis
|-fieldstart|move: Trick Room|[of] p2a: Solosis
|
|-weather|Hail|[upkeep]
|-damage|p1a: 9.58093|455\/714|[from] hail
|-heal|p1a: 9.58093|714\/714|[from] move: Wish|[wisher] 9.58093
|turn|15
|
|move|p1a: 9.58093|Protect|p1a: 9.58093
|-singleturn|p1a: 9.58093|Protect
|move|p2a: Solosis|Endeavor|p1a: 9.58093
|-activate|p1a: 9.58093|Protect
|
|-weather|Hail|[upkeep]
|-damage|p1a: 9.58093|670\/714|[from] hail
|-heal|p1a: 9.58093|714\/714|[from] item: Leftovers
|turn|16
|
|switch|p1a: 3.35700|Alomomola, F|278\/534
|-damage|p1a: 3.35700|212\/534|[from] Stealth Rock
|move|p2a: Solosis|Endeavor|p1a: 3.35700
|-damage|p1a: 3.35700|1\/534
|
|-weather|Hail|[upkeep]
|-damage|p1a: 3.35700|0 fnt|[from] hail
|faint|p1a: 3.35700
|
|switch|p1a: 3.98100|Noivern, M|296\/315
|-damage|p1a: 3.98100|218\/315|[from] Stealth Rock
|turn|17
|
|move|p2a: Solosis|Endeavor|p1a: 3.98100
|-damage|p1a: 3.98100|1\/315
|move|p1a: 3.98100|U-turn|p2a: Solosis
|-supereffective|p2a: Solosis
|-damage|p2a: Solosis|0 fnt
|faint|p2a: Solosis
|
|switch|p1a: 2.71406|Gligar, M|334\/334
|-damage|p1a: 2.71406|293\/334|[from] Stealth Rock
|
|-weather|Hail|[upkeep]
|-damage|p1a: 2.71406|273\/334|[from] hail
|
|switch|p2a: Glaceon|Glaceon, F|293\/334 psn
|turn|18
|
|switch|p1a: 9.58093|Blissey, F|714\/714
|-damage|p1a: 9.58093|625\/714|[from] Stealth Rock
|move|p2a: Glaceon|Blizzard|p1a: 9.58093
|-damage|p1a: 9.58093|384\/714
|
|-weather|none
|-heal|p1a: 9.58093|428\/714|[from] item: Leftovers
|-damage|p2a: Glaceon|252\/334 psn|[from] psn
|-fieldend|move: Trick Room
|turn|19
|
|switch|p2a: Abomasnow|Abomasnow, F|201\/321 tox
|-weather|Hail
|move|p1a: 9.58093|Wish|p1a: 9.58093
|
|-weather|Hail|[upkeep]
|-damage|p1a: 9.58093|384\/714|[from] hail
|-heal|p1a: 9.58093|428\/714|[from] item: Leftovers
|-damage|p2a: Abomasnow|181\/321 tox|[from] psn
|turn|20
|join|So Dynamic
|
|move|p2a: Abomasnow|Seed Bomb|p1a: 9.58093
|-damage|p1a: 9.58093|242\/714
|move|p1a: 9.58093|Seismic Toss|p2a: Abomasnow
|-damage|p2a: Abomasnow|81\/321 tox
|
|-weather|Hail|[upkeep]
|-damage|p1a: 9.58093|198\/714|[from] hail
|-heal|p1a: 9.58093|555\/714|[from] move: Wish|[wisher] 9.58093
|-heal|p1a: 9.58093|599\/714|[from] item: Leftovers
|-damage|p2a: Abomasnow|41\/321 tox|[from] psn
|turn|21
|
|move|p2a: Abomasnow|Seed Bomb|p1a: 9.58093
|-damage|p1a: 9.58093|386\/714
|move|p1a: 9.58093|Wish|p1a: 9.58093
|
|-weather|Hail|[upkeep]
|-damage|p1a: 9.58093|342\/714|[from] hail
|-heal|p1a: 9.58093|386\/714|[from] item: Leftovers
|-damage|p2a: Abomasnow|0 fnt|[from] psn
|faint|p2a: Abomasnow
|join|wastyeru
|c|âSixkiller|I may change Seed for Wood Hammer
|leave|wastyeru
|c|âSixkiller|Aboma isn't meant to survive long anyways
|c|âBob the Bae|mega is better tbh
|c|âBob the Bae|unless you really need that hail
|c|âSixkiller|I know
|c| waiv|^
|c|âSixkiller|but for this team
|c|âSixkiller|Hail being up longer is better
|c| waiv|ye but
|join|3arelegend
|c| waiv|:|
|leave|3arelegend
|
|switch|p2a: Lucario|Lucario, F|236\/281
|turn|22
|
|switch|p1a: 2.71406|Gligar, M|273\/334
|-damage|p1a: 2.71406|232\/334|[from] Stealth Rock
|move|p2a: Lucario|Swords Dance|p2a: Lucario
|-boost|p2a: Lucario|atk|2
|
|-weather|Hail|[upkeep]
|-damage|p2a: Lucario|219\/281|[from] hail
|-damage|p1a: 2.71406|212\/334|[from] hail
|-heal|p1a: 2.71406|334\/334|[from] move: Wish|[wisher] 9.58093
|turn|23
|c|âBob the Bae|i lose if this has ice punch
|c| waiv|you have more bulk as mega abom
|c|âSixkiller|:|
|c|âSixkiller|It's not needed for bulk
|c| waiv|why u let weezing die
|c| waiv|bobo :(
|c|âBob the Bae|coz im stupid
|
|move|p2a: Lucario|Crunch|p1a: 2.71406
|-damage|p1a: 2.71406|190\/334
|-damage|p2a: Lucario|191\/281|[from] item: Life Orb
|move|p1a: 2.71406|Earthquake|p2a: Lucario
|-supereffective|p2a: Lucario
|-damage|p2a: Lucario|0 fnt
|faint|p2a: Lucario
|
|-weather|none
|c|âBob the Bae|phew
|c| waiv|no ice punch
|c| waiv|lots of other ice moves
|c| waiv|OL
|c| waiv|LOL
|c|âSixkiller|I might add that too
|c|âBob the Bae|then your team really gets destroyed by chandy
|
|switch|p2a: Alakazam|Alakazam, M|252\/252
|-status|p2a: Alakazam|psn
|turn|24
|c|âSixkiller|That's fine, it's not meant to be super serious, that's what my other teams are for
|c|âSixkiller|I'd have Snorlax on here if I had perma weather, but I had to adjust for the new weather mechanics
|
|move|p2a: Alakazam|Shadow Ball|p1a: 2.71406
|-damage|p1a: 2.71406|127\/334
|-unboost|p1a: 2.71406|spd|1
|move|p1a: 2.71406|Roost|p1a: 2.71406
|-heal|p1a: 2.71406|294\/334
|
|turn|25
|join|Duskt70
|c|âSixkiller|Welplaid Bob
|-message|Sixkiller forfeited.
|
|win|Bob the Bae
|raw|Ladder updating...
|raw|Bob the Bae's rating: 1795 &rarr; <strong>1804<\/strong><br \/>(+9 for winning)
|raw|Sixkiller's rating: 1561 &rarr; <strong>1553<\/strong><br \/>(-8 for losing)
|c|âBob the Bae|gg
|leave|Sixkiller
|player|p2
|leave|Duskt70