|join|Bob the Bae
|join|Din
|player|p1|Bob the Bae|23
|player|p2|Din|26
|gametype|singles
|gen|6
|tier|UU
|rated
|rule|Sleep Clause Mod: Limit one foe put to sleep
|rule|Species Clause: Limit one of each PokÃ©mon
|rule|OHKO Clause: OHKO moves are banned
|rule|Moody Clause: Moody is banned
|rule|Evasion Moves Clause: Evasion moves are banned
|rule|Endless Battle Clause: Forcing endless battles is banned
|rule|HP Percentage Mod: HP is shown in percentages
|clearpoke
|poke|p1|Vaporeon, F
|poke|p1|Noivern, M
|poke|p1|Weezing, F
|poke|p1|Arcanine, F
|poke|p1|Gligar, F
|poke|p1|Virizion
|poke|p2|Crobat, F
|poke|p2|Darmanitan, M
|poke|p2|Swampert, M
|poke|p2|Ampharos, F
|poke|p2|Alakazam, F
|poke|p2|Machamp, F
|rule|Swagger Clause: Swagger is banned
|rule|Baton Pass Clause: Limit one PokÃ©mon knowing Baton Pass
|teampreview
|join|EvilExperiments
|c|âBob the Bae|this should be my c rank match
|
|start
|switch|p1a: 3.98100|Noivern, M|315\/315
|switch|p2a: Machamp|Machamp, F|384\/384
|turn|1
|c| EvilExperiments|if you win
|c|âBob the Bae|yea lol
|c|âBob the Bae|hopefully
|
|switch|p1a: 1.03736|Weezing, F|334\/334
|switch|p2a: Crobat|Crobat, F|374\/374
|
|turn|2
|
|switch|p2a: Swampert|Swampert, M|404\/404
|move|p1a: 1.03736|Will-O-Wisp|p2a: Swampert
|-status|p2a: Swampert|brn
|
|-damage|p2a: Swampert|354\/404 brn|[from] brn
|turn|3
|
|move|p1a: 1.03736|Toxic Spikes|p2a: Swampert
|-sidestart|p2: Din|move: Toxic Spikes
|move|p2a: Swampert|Stealth Rock|p1a: 1.03736
|-sidestart|p1: Bob the Bae|move: Stealth Rock
|
|-heal|p2a: Swampert|379\/404 brn|[from] item: Leftovers
|-damage|p2a: Swampert|329\/404 brn|[from] brn
|turn|4
|
|switch|p1a: 1.21976|Virizion|323\/323
|-damage|p1a: 1.21976|303\/323|[from] Stealth Rock
|move|p2a: Swampert|Scald|p1a: 1.21976
|-resisted|p1a: 1.21976
|-damage|p1a: 1.21976|268\/323
|-status|p1a: 1.21976|brn
|-enditem|p1a: 1.21976|Lum Berry|[eat]
|-curestatus|p1a: 1.21976|brn
|
|-heal|p2a: Swampert|354\/404 brn|[from] item: Leftovers
|-damage|p2a: Swampert|304\/404 brn|[from] brn
|turn|5
|
|switch|p2a: Crobat|Crobat, F|374\/374
|move|p1a: 1.21976|Zen Headbutt|p2a: Crobat
|-supereffective|p2a: Crobat
|-damage|p2a: Crobat|190\/374
|
|-heal|p2a: Crobat|213\/374|[from] item: Black Sludge
|turn|6
|c|âBob the Bae|wow weak
|
|switch|p1a: 1.03736|Weezing, F|334\/334
|-damage|p1a: 1.03736|293\/334|[from] Stealth Rock
|move|p2a: Crobat|Brave Bird|p1a: 1.03736
|-crit|p1a: 1.03736
|-damage|p1a: 1.03736|172\/334
|-damage|p2a: Crobat|173\/374|[from] recoil|[of] p1a: 1.03736
|
|-heal|p2a: Crobat|196\/374|[from] item: Black Sludge
|-heal|p1a: 1.03736|192\/334|[from] item: Black Sludge
|turn|7
|
|move|p2a: Crobat|Roost|p2a: Crobat
|-heal|p2a: Crobat|374\/374
|move|p1a: 1.03736|Toxic Spikes|p2a: Crobat
|-sidestart|p2: Din|move: Toxic Spikes
|
|-heal|p1a: 1.03736|212\/334|[from] item: Black Sludge
|turn|8
|
|switch|p1a: 2.71406|Gligar, F|334\/334
|-damage|p1a: 2.71406|293\/334|[from] Stealth Rock
|move|p2a: Crobat|Defog|p1a: 2.71406
|-unboost|p1a: 2.71406|evasion|1
|-sideend|p1: Bob the Bae|Stealth Rock|[from] move: Defog|[of] p1a: 2.71406
|-sideend|p2: Din|Toxic Spikes|[from] move: Defog|[of] p2a: Crobat
|
|turn|9
|
|switch|p2a: Swampert|Swampert, M|304\/404 brn
|move|p1a: 2.71406|Stealth Rock|p2a: Swampert
|-sidestart|p2: Din|move: Stealth Rock
|
|-heal|p2a: Swampert|329\/404 brn|[from] item: Leftovers
|-damage|p2a: Swampert|279\/404 brn|[from] brn
|turn|10
|
|switch|p1a: 3.98100|Noivern, M|315\/315
|move|p2a: Swampert|Stealth Rock|p1a: 3.98100
|-sidestart|p1: Bob the Bae|move: Stealth Rock
|
|-heal|p2a: Swampert|304\/404 brn|[from] item: Leftovers
|-damage|p2a: Swampert|254\/404 brn|[from] brn
|turn|11
|
|move|p1a: 3.98100|Draco Meteor|p2a: Swampert
|-damage|p2a: Swampert|0 fnt
|-unboost|p1a: 3.98100|spa|2
|faint|p2a: Swampert
|
|
|switch|p2a: Machamp|Machamp, F|384\/384
|-damage|p2a: Machamp|360\/384|[from] Stealth Rock
|turn|12
|
|switch|p1a: 1.03736|Weezing, F|212\/334
|-damage|p1a: 1.03736|171\/334|[from] Stealth Rock
|move|p2a: Machamp|Dynamic Punch|p1a: 1.03736
|-resisted|p1a: 1.03736
|-damage|p1a: 1.03736|108\/334
|-start|p1a: 1.03736|confusion
|
|-heal|p1a: 1.03736|128\/334|[from] item: Black Sludge
|turn|13
|
|switch|p2a: Alakazam|Alakazam, F|252\/252
|-activate|p1a: 1.03736|confusion
|move|p1a: 1.03736|Toxic Spikes|p2a: Alakazam
|-sidestart|p2: Din|move: Toxic Spikes
|
|-heal|p1a: 1.03736|148\/334|[from] item: Black Sludge
|turn|14
|
|switch|p1a: 2.71406|Gligar, F|293\/334
|-damage|p1a: 2.71406|252\/334|[from] Stealth Rock
|move|p2a: Alakazam|Psyshock|p1a: 2.71406
|-damage|p1a: 2.71406|161\/334
|
|turn|15
|
|move|p2a: Alakazam|Psychic|p1a: 2.71406
|-damage|p1a: 2.71406|53\/334
|move|p1a: 2.71406|Roost|p1a: 2.71406
|-heal|p1a: 2.71406|220\/334
|
|turn|16
|
|switch|p2a: Crobat|Crobat, F|374\/374
|-damage|p2a: Crobat|281\/374|[from] Stealth Rock
|move|p1a: 2.71406|Roost|p1a: 2.71406
|-heal|p1a: 2.71406|334\/334
|
|-heal|p2a: Crobat|304\/374|[from] item: Black Sludge
|turn|17
|
|move|p2a: Crobat|Brave Bird|p1a: 2.71406
|-damage|p1a: 2.71406|246\/334
|-damage|p2a: Crobat|275\/374|[from] recoil|[of] p1a: 2.71406
|move|p1a: 2.71406|Stealth Rock|p2a: Crobat
|-fail|p2a: Crobat
|
|-heal|p2a: Crobat|298\/374|[from] item: Black Sludge
|turn|18
|
|switch|p1a: 8.21179|Arcanine, F|384\/384
|-damage|p1a: 8.21179|288\/384|[from] Stealth Rock
|-ability|p1a: 8.21179|Intimidate|[of] p2a: Crobat
|-unboost|p2a: Crobat|atk|1
|move|p2a: Crobat|Toxic|p1a: 8.21179
|-status|p1a: 8.21179|tox
|
|-heal|p2a: Crobat|321\/374|[from] item: Black Sludge
|-heal|p1a: 8.21179|312\/384 tox|[from] item: Leftovers
|-damage|p1a: 8.21179|288\/384 tox|[from] psn
|turn|19
|c| EvilExperiments|Go Bae go <3
|
|move|p2a: Crobat|Brave Bird|p1a: 8.21179
|-damage|p1a: 8.21179|210\/384 tox
|-damage|p2a: Crobat|295\/374|[from] recoil|[of] p1a: 8.21179
|move|p1a: 8.21179|Will-O-Wisp|p2a: Crobat|[miss]
|-miss|p1a: 8.21179|p2a: Crobat
|
|-heal|p2a: Crobat|318\/374|[from] item: Black Sludge
|-heal|p1a: 8.21179|234\/384 tox|[from] item: Leftovers
|-damage|p1a: 8.21179|186\/384 tox|[from] psn
|turn|20
|c|âBob the Bae|fk
|join|DatGuyChuck
|
|switch|p2a: Darmanitan|Darmanitan, M|351\/351
|-damage|p2a: Darmanitan|264\/351|[from] Stealth Rock
|-status|p2a: Darmanitan|psn
|switch|p1a: 4.40905|Vaporeon, F|464\/464
|-damage|p1a: 4.40905|406\/464|[from] Stealth Rock
|
|-heal|p1a: 4.40905|435\/464|[from] item: Leftovers
|-damage|p2a: Darmanitan|221\/351 psn|[from] psn
|turn|21
|c| DatGuyChuck|why is this not bandk9
|c|âBob the Bae|it is
|c| DatGuyChuck|8.21179 restored a little HP using its Leftovers!
|c|âBob the Bae|that was an illusion
|
|move|p1a: 4.40905|Protect|p1a: 4.40905
|-singleturn|p1a: 4.40905|Protect
|move|p2a: Darmanitan|U-turn|p1a: 4.40905
|-activate|p1a: 4.40905|Protect
|
|-heal|p1a: 4.40905|464\/464|[from] item: Leftovers
|-damage|p2a: Darmanitan|178\/351 psn|[from] psn
|turn|22
|c| EvilExperiments|Leftovers!
|c| EvilExperiments|Leftovers!
|c| EvilExperiments|Leftovers!
|
|move|p2a: Darmanitan|U-turn|p1a: 4.40905
|-damage|p1a: 4.40905|322\/464
|
|switch|p2a: Crobat|Crobat, F|318\/374
|-damage|p2a: Crobat|225\/374|[from] Stealth Rock
|move|p1a: 4.40905|Wish|p1a: 4.40905
|
|-heal|p2a: Crobat|248\/374|[from] item: Black Sludge
|-heal|p1a: 4.40905|351\/464|[from] item: Leftovers
|turn|23
|
|switch|p1a: 1.03736|Weezing, F|148\/334
|-damage|p1a: 1.03736|107\/334|[from] Stealth Rock
|move|p2a: Crobat|Defog|p1a: 1.03736
|-unboost|p1a: 1.03736|evasion|1
|-sideend|p1: Bob the Bae|Stealth Rock|[from] move: Defog|[of] p1a: 1.03736
|-sideend|p2: Din|Toxic Spikes|[from] move: Defog|[of] p2a: Crobat
|-sideend|p2: Din|Stealth Rock|[from] move: Defog|[of] p2a: Crobat
|
|-heal|p1a: 1.03736|334\/334|[from] move: Wish|[wisher] 4.40905
|-heal|p2a: Crobat|271\/374|[from] item: Black Sludge
|turn|24
|
|move|p2a: Crobat|Brave Bird|p1a: 1.03736
|-damage|p1a: 1.03736|252\/334
|-damage|p2a: Crobat|244\/374|[from] recoil|[of] p1a: 1.03736
|move|p1a: 1.03736|Toxic Spikes|p2a: Crobat
|-sidestart|p2: Din|move: Toxic Spikes
|
|-heal|p2a: Crobat|267\/374|[from] item: Black Sludge
|-heal|p1a: 1.03736|272\/334|[from] item: Black Sludge
|turn|25
|
|switch|p1a: 3.98100|Noivern, M|315\/315
|move|p2a: Crobat|Defog|p1a: 3.98100
|-unboost|p1a: 3.98100|evasion|1
|-sideend|p2: Din|Toxic Spikes|[from] move: Defog|[of] p2a: Crobat
|
|-heal|p2a: Crobat|290\/374|[from] item: Black Sludge
|turn|26
|
|move|p2a: Crobat|Brave Bird|p1a: 3.98100
|-damage|p1a: 3.98100|171\/315
|-damage|p2a: Crobat|242\/374|[from] recoil|[of] p1a: 3.98100
|move|p1a: 3.98100|Draco Meteor|p2a: Crobat
|-crit|p2a: Crobat
|-damage|p2a: Crobat|0 fnt
|-unboost|p1a: 3.98100|spa|2
|faint|p2a: Crobat
|
|
|switch|p2a: Ampharos|Ampharos, F|366\/366
|turn|27
|
|switch|p1a: 2.71406|Gligar, F|246\/334
|move|p2a: Ampharos|Volt Switch|p1a: 2.71406
|-immune|p1a: 2.71406|[msg]
|
|turn|28
|c|âBob the Bae|based ampharos counter right here
|
|switch|p2a: Machamp|Machamp, F|360\/384
|move|p1a: 2.71406|Stealth Rock|p2a: Machamp
|-sidestart|p2: Din|move: Stealth Rock
|
|turn|29
|c| EvilExperiments|reveal m-zam
|
|switch|p1a: 1.03736|Weezing, F|272\/334
|move|p2a: Machamp|Dynamic Punch|p1a: 1.03736
|-resisted|p1a: 1.03736
|-damage|p1a: 1.03736|209\/334
|-start|p1a: 1.03736|confusion
|
|-heal|p1a: 1.03736|229\/334|[from] item: Black Sludge
|turn|30
|
|switch|p2a: Alakazam|Alakazam, F|252\/252
|-activate|p1a: 1.03736|confusion
|move|p1a: 1.03736|Toxic Spikes|p2a: Alakazam
|-sidestart|p2: Din|move: Toxic Spikes
|
|-heal|p1a: 1.03736|249\/334|[from] item: Black Sludge
|turn|31
|
|switch|p1a: 2.71406|Gligar, F|246\/334
|move|p2a: Alakazam|Psychic|p1a: 2.71406
|-damage|p1a: 2.71406|135\/334
|
|turn|32
|c|âBob the Bae|based zam counter right here
|
|move|p2a: Alakazam|Psychic|p1a: 2.71406
|-damage|p1a: 2.71406|29\/334
|move|p1a: 2.71406|Roost|p1a: 2.71406
|-heal|p1a: 2.71406|196\/334
|
|turn|33
|
|move|p2a: Alakazam|Psychic|p1a: 2.71406
|-damage|p1a: 2.71406|84\/334
|move|p1a: 2.71406|Roost|p1a: 2.71406
|-heal|p1a: 2.71406|251\/334
|
|turn|34
|c| EvilExperiments|No Mega-Zam :(
|
|move|p2a: Alakazam|Psychic|p1a: 2.71406
|-damage|p1a: 2.71406|143\/334
|-unboost|p1a: 2.71406|spd|1
|move|p1a: 2.71406|Earthquake|p2a: Alakazam
|-damage|p2a: Alakazam|90\/252
|
|turn|35
|
|switch|p1a: 4.40905|Vaporeon, F|351\/464
|move|p2a: Alakazam|Psychic|p1a: 4.40905
|-damage|p1a: 4.40905|231\/464
|
|-heal|p1a: 4.40905|260\/464|[from] item: Leftovers
|turn|36
|
|move|p1a: 4.40905|Protect|p1a: 4.40905
|-singleturn|p1a: 4.40905|Protect
|move|p2a: Alakazam|Psyshock|p1a: 4.40905
|-activate|p1a: 4.40905|Protect
|
|-heal|p1a: 4.40905|289\/464|[from] item: Leftovers
|turn|37
|
|switch|p1a: 8.21179|Arcanine, F|186\/384 tox
|-ability|p1a: 8.21179|Intimidate|[of] p2a: Alakazam
|-unboost|p2a: Alakazam|atk|1
|move|p2a: Alakazam|Psyshock|p1a: 8.21179
|-damage|p1a: 8.21179|60\/384 tox
|
|-heal|p1a: 8.21179|84\/384 tox|[from] item: Leftovers
|-damage|p1a: 8.21179|60\/384 tox|[from] psn
|turn|38
|
|move|p1a: 8.21179|Extreme Speed|p2a: Alakazam
|-damage|p2a: Alakazam|0 fnt
|faint|p2a: Alakazam
|
|-heal|p1a: 8.21179|84\/384 tox|[from] item: Leftovers
|-damage|p1a: 8.21179|36\/384 tox|[from] psn
|-message|Din forfeited.
|
|win|Bob the Bae
|raw|Ladder updating...
|leave|Din
|player|p2
|raw|Bob the Bae's rating: 1493 &rarr; <strong>1509<\/strong><br \/>(+16 for winning)
|raw|Din's rating: 1425 &rarr; <strong>1409<\/strong><br \/>(-16 for losing)