|join|Bob the Bae
|join|Jvasss
|player|p1|Bob the Bae|23
|player|p2|Jvasss|101
|gametype|singles
|gen|6
|tier|UU
|rated
|rule|Sleep Clause Mod: Limit one foe put to sleep
|rule|Species Clause: Limit one of each PokÃ©mon
|rule|OHKO Clause: OHKO moves are banned
|rule|Moody Clause: Moody is banned
|rule|Evasion Moves Clause: Evasion moves are banned
|rule|Endless Battle Clause: Forcing endless battles is banned
|rule|HP Percentage Mod: HP is shown in percentages
|clearpoke
|poke|p1|Blissey, F
|poke|p1|Noivern, M
|poke|p1|Weezing, M
|poke|p1|Arcanine, M
|poke|p1|Gligar, F
|poke|p1|Virizion
|poke|p2|Roserade, F
|poke|p2|Aerodactyl, M
|poke|p2|Cobalion
|poke|p2|Suicune
|poke|p2|Krookodile, M
|poke|p2|Chandelure, M
|rule|Swagger Clause: Swagger is banned
|rule|Baton Pass Clause: Limit one PokÃ©mon knowing Baton Pass
|teampreview
|
|start
|switch|p1a: 3.98100|Noivern, M|315\/315
|switch|p2a: Aerodactyl|Aerodactyl, M|331\/331
|-ability|p2a: Aerodactyl|Pressure
|turn|1
|
|switch|p1a: 1.03736|Weezing, M|334\/334
|detailschange|p2a: Aerodactyl|Aerodactyl-Mega, M
|message|Aerodactyl has Mega Evolved into Mega Aerodactyl!
|move|p2a: Aerodactyl|Aerial Ace|p1a: 1.03736
|-damage|p1a: 1.03736|234\/334
|
|-heal|p1a: 1.03736|254\/334|[from] item: Black Sludge
|turn|2
|c|âJvasss|r u bob the bro?
|
|switch|p2a: Chandelure|Chandelure, M|261\/261
|switch|p1a: 2.71406|Gligar, F|334\/334
|
|turn|3
|c|âBob the Bae|maybe
|
|move|p2a: Chandelure|Trick|p1a: 2.71406
|-activate|p2a: Chandelure|move: Trick|[of] p1a: 2.71406
|-item|p1a: 2.71406|Choice Specs|[from] move: Trick
|-item|p2a: Chandelure|Eviolite|[from] move: Trick
|move|p1a: 2.71406|Earthquake|p2a: Chandelure
|-supereffective|p2a: Chandelure
|-damage|p2a: Chandelure|57\/261
|
|turn|4
|
|move|p2a: Chandelure|Fire Blast|p1a: 2.71406
|-damage|p1a: 2.71406|130\/334
|move|p1a: 2.71406|Earthquake|p2a: Chandelure
|-supereffective|p2a: Chandelure
|-damage|p2a: Chandelure|0 fnt
|faint|p2a: Chandelure
|
|
|switch|p2a: Suicune|Suicune|404\/404
|-ability|p2a: Suicune|Pressure
|turn|5
|
|switch|p1a: 1.21976|Virizion|323\/323
|move|p2a: Suicune|Substitute|p2a: Suicune
|-start|p2a: Suicune|Substitute
|-damage|p2a: Suicune|303\/404
|
|-heal|p2a: Suicune|328\/404|[from] item: Leftovers
|turn|6
|
|switch|p1a: 9.58093|Blissey, F|714\/714
|move|p2a: Suicune|Ice Beam|p1a: 9.58093
|-damage|p1a: 9.58093|641\/714
|
|-heal|p2a: Suicune|353\/404|[from] item: Leftovers
|-heal|p1a: 9.58093|685\/714|[from] item: Leftovers
|turn|7
|
|move|p2a: Suicune|Calm Mind|p2a: Suicune
|-boost|p2a: Suicune|spa|1
|-boost|p2a: Suicune|spd|1
|move|p1a: 9.58093|Seismic Toss|p2a: Suicune
|-activate|p2a: Suicune|Substitute|[damage]
|
|-heal|p2a: Suicune|378\/404|[from] item: Leftovers
|-heal|p1a: 9.58093|714\/714|[from] item: Leftovers
|turn|8
|
|move|p2a: Suicune|Calm Mind|p2a: Suicune
|-boost|p2a: Suicune|spa|1
|-boost|p2a: Suicune|spd|1
|move|p1a: 9.58093|Seismic Toss|p2a: Suicune
|-end|p2a: Suicune|Substitute
|
|-heal|p2a: Suicune|403\/404|[from] item: Leftovers
|turn|9
|
|switch|p1a: 3.98100|Noivern, M|315\/315
|move|p2a: Suicune|Substitute|p2a: Suicune
|-start|p2a: Suicune|Substitute
|-damage|p2a: Suicune|302\/404
|
|-heal|p2a: Suicune|327\/404|[from] item: Leftovers
|turn|10
|
|move|p1a: 3.98100|Switcheroo|p2a: Suicune
|-activate|p1a: 3.98100|move: Trick|[of] p2a: Suicune
|-item|p2a: Suicune|Choice Specs|[from] Trick
|-item|p1a: 3.98100|Leftovers|[from] Trick
|move|p2a: Suicune|Ice Beam|p1a: 3.98100
|-supereffective|p1a: 3.98100
|-damage|p1a: 3.98100|0 fnt
|faint|p1a: 3.98100
|
|
|switch|p1a: 9.58093|Blissey, F|714\/714
|turn|11
|
|move|p2a: Suicune|Ice Beam|p1a: 9.58093
|-damage|p1a: 9.58093|491\/714
|move|p1a: 9.58093|Wish|p1a: 9.58093
|
|-heal|p1a: 9.58093|535\/714|[from] item: Leftovers
|turn|12
|
|move|p2a: Suicune|Ice Beam|p1a: 9.58093
|-damage|p1a: 9.58093|328\/714
|move|p1a: 9.58093|Seismic Toss|p2a: Suicune
|-activate|p2a: Suicune|Substitute|[damage]
|
|-heal|p1a: 9.58093|685\/714|[from] move: Wish|[wisher] 9.58093
|-heal|p1a: 9.58093|714\/714|[from] item: Leftovers
|turn|13
|
|move|p2a: Suicune|Ice Beam|p1a: 9.58093
|-crit|p1a: 9.58093
|-damage|p1a: 9.58093|386\/714
|move|p1a: 9.58093|Seismic Toss|p2a: Suicune
|-end|p2a: Suicune|Substitute
|
|-heal|p1a: 9.58093|430\/714|[from] item: Leftovers
|turn|14
|
|switch|p2a: Cobalion|Cobalion|385\/385
|move|p1a: 9.58093|Wish|p1a: 9.58093
|
|-heal|p1a: 9.58093|474\/714|[from] item: Leftovers
|turn|15
|
|switch|p1a: 2.71406|Gligar, F|130\/334
|move|p2a: Cobalion|Stealth Rock|p1a: 2.71406
|-sidestart|p1: Bob the Bae|move: Stealth Rock
|
|-heal|p1a: 2.71406|334\/334|[from] move: Wish|[wisher] 9.58093
|turn|16
|
|move|p2a: Cobalion|Iron Head|p1a: 2.71406
|-crit|p1a: 2.71406
|-damage|p1a: 2.71406|208\/334
|move|p1a: 2.71406|Stealth Rock|p2a: Cobalion
|-sidestart|p2: Jvasss|move: Stealth Rock
|
|turn|17
|
|switch|p1a: 8.21179|Arcanine, M|383\/383
|-damage|p1a: 8.21179|288\/383|[from] Stealth Rock
|-ability|p1a: 8.21179|Intimidate|[of] p2a: Cobalion
|-unboost|p2a: Cobalion|atk|1
|move|p2a: Cobalion|Volt Switch|p1a: 8.21179
|-damage|p1a: 8.21179|236\/383
|
|switch|p2a: Aerodactyl|Aerodactyl-Mega, M|331\/331
|-damage|p2a: Aerodactyl|249\/331|[from] Stealth Rock
|
|-heal|p1a: 8.21179|259\/383|[from] item: Leftovers
|turn|18
|join|waiv
|c| waiv|hi bobo
|c|âBob the Bae|hihi waiv
|c| waiv|did you win more
|
|switch|p1a: 1.03736|Weezing, M|254\/334
|-damage|p1a: 1.03736|213\/334|[from] Stealth Rock
|move|p2a: Aerodactyl|Aqua Tail|p1a: 1.03736
|-damage|p1a: 1.03736|125\/334
|
|-heal|p1a: 1.03736|145\/334|[from] item: Black Sludge
|turn|19
|c|âBob the Bae|a little bit
|c|âBob the Bae|not too much
|
|move|p2a: Aerodactyl|Aerial Ace|p1a: 1.03736
|-damage|p1a: 1.03736|48\/334
|move|p1a: 1.03736|Will-O-Wisp|p2a: Aerodactyl
|-status|p2a: Aerodactyl|brn
|
|-heal|p1a: 1.03736|68\/334|[from] item: Black Sludge
|-damage|p2a: Aerodactyl|208\/331 brn|[from] brn
|turn|20
|c| waiv|you havn't lost once! nice!
|c| waiv|(since yday
|c| waiv|)
|
|switch|p1a: 9.58093|Blissey, F|474\/714
|-damage|p1a: 9.58093|385\/714|[from] Stealth Rock
|move|p2a: Aerodactyl|Defog|p1a: 9.58093
|-unboost|p1a: 9.58093|evasion|1
|-sideend|p1: Bob the Bae|Stealth Rock|[from] move: Defog|[of] p1a: 9.58093
|-sideend|p2: Jvasss|Stealth Rock|[from] move: Defog|[of] p2a: Aerodactyl
|
|-heal|p1a: 9.58093|429\/714|[from] item: Leftovers
|-damage|p2a: Aerodactyl|167\/331 brn|[from] brn
|turn|21
|c|âBob the Bae|i still feel salty about my 2 losses tho
|-message|Jvasss forfeited.
|
|win|Bob the Bae
|raw|Ladder updating...
|leave|Jvasss
|player|p2
|raw|Bob the Bae's rating: 1665 &rarr; <strong>1679<\/strong><br \/>(+14 for winning)
|raw|Jvasss's rating: 1562 &rarr; <strong>1548<\/strong><br \/>(-14 for losing)