|join|Bob the Bae
|join|gargleflop
|player|p1|Bob the Bae|23
|player|p2|gargleflop|2
|gametype|singles
|gen|6
|tier|UU
|rated
|rule|Sleep Clause Mod: Limit one foe put to sleep
|rule|Species Clause: Limit one of each PokÃ©mon
|rule|OHKO Clause: OHKO moves are banned
|rule|Moody Clause: Moody is banned
|rule|Evasion Moves Clause: Evasion moves are banned
|rule|Endless Battle Clause: Forcing endless battles is banned
|rule|HP Percentage Mod: HP is shown in percentages
|clearpoke
|poke|p1|Blissey, F
|poke|p1|Noivern, F
|poke|p1|Weezing, M
|poke|p1|Arcanine, M
|poke|p1|Gligar, F
|poke|p1|Virizion
|poke|p2|Nidoking, M
|poke|p2|Diancie
|poke|p2|Toxicroak, M
|poke|p2|Celebi
|poke|p2|Suicune, shiny
|poke|p2|Azelf
|rule|Swagger Clause: Swagger is banned
|rule|Baton Pass Clause: Limit one PokÃ©mon knowing Baton Pass
|teampreview
|c|âBob the Bae|ea
|join|poke'n'play
|join|RowDog
|
|start
|switch|p1a: 3.98100|Noivern, F|315\/315
|switch|p2a: Azelf|Azelf|291\/291
|turn|1
|
|switch|p2a: Diancie|Diancie|304\/304
|move|p1a: 3.98100|U-turn|p2a: Diancie
|-resisted|p2a: Diancie
|-damage|p2a: Diancie|292\/304
|
|switch|p1a: 2.71406|Gligar, F|334\/334
|
|-heal|p2a: Diancie|304\/304|[from] item: Leftovers
|turn|2
|
|move|p1a: 2.71406|Stealth Rock|p2a: Diancie
|-sidestart|p2: gargleflop|move: Stealth Rock
|move|p2a: Diancie|Stealth Rock|p1a: 2.71406
|-sidestart|p1: Bob the Bae|move: Stealth Rock
|
|turn|3
|
|move|p1a: 2.71406|Earthquake|p2a: Diancie
|-supereffective|p2a: Diancie
|-damage|p2a: Diancie|164\/304
|move|p2a: Diancie|Moonblast|p1a: 2.71406
|-damage|p1a: 2.71406|243\/334
|-unboost|p1a: 2.71406|spa|1
|
|-heal|p2a: Diancie|183\/304|[from] item: Leftovers
|turn|4
|
|switch|p2a: Azelf|Azelf|291\/291
|-damage|p2a: Azelf|255\/291|[from] Stealth Rock
|move|p1a: 2.71406|Defog|p2a: Azelf
|-unboost|p2a: Azelf|evasion|1
|-sideend|p2: gargleflop|Stealth Rock|[from] move: Defog|[of] p2a: Azelf
|-sideend|p1: Bob the Bae|Stealth Rock|[from] move: Defog|[of] p1a: 2.71406
|
|turn|5
|
|switch|p1a: 8.21179|Arcanine, M|383\/383
|-ability|p1a: 8.21179|Intimidate|[of] p2a: Azelf
|-unboost|p2a: Azelf|atk|1
|move|p2a: Azelf|Knock Off|p1a: 8.21179
|-damage|p1a: 8.21179|292\/383
|-enditem|p1a: 8.21179|Leftovers|[from] move: Knock Off|[of] p2a: Azelf
|
|turn|6
|
|switch|p2a: Diancie|Diancie|183\/304
|move|p1a: 8.21179|Morning Sun|p1a: 8.21179
|-heal|p1a: 8.21179|383\/383
|
|-heal|p2a: Diancie|202\/304|[from] item: Leftovers
|turn|7
|
|move|p1a: 8.21179|Will-O-Wisp|p2a: Diancie
|-status|p2a: Diancie|brn
|move|p2a: Diancie|Stealth Rock|p1a: 8.21179
|-sidestart|p1: Bob the Bae|move: Stealth Rock
|
|-heal|p2a: Diancie|221\/304 brn|[from] item: Leftovers
|-damage|p2a: Diancie|183\/304 brn|[from] brn
|turn|8
|
|switch|p1a: 2.71406|Gligar, F|243\/334
|-damage|p1a: 2.71406|202\/334|[from] Stealth Rock
|move|p2a: Diancie|Moonblast|p1a: 2.71406
|-damage|p1a: 2.71406|111\/334
|
|-heal|p2a: Diancie|202\/304 brn|[from] item: Leftovers
|-damage|p2a: Diancie|164\/304 brn|[from] brn
|turn|9
|c| RowDog|Rocky Helmet K9 imo
|
|switch|p2a: Suicune|Suicune, shiny|404\/404
|-ability|p2a: Suicune|Pressure
|move|p1a: 2.71406|Roost|p1a: 2.71406
|-heal|p1a: 2.71406|278\/334
|
|turn|10
|c|âBob the Bae|ew thats not even real
|
|switch|p1a: 1.21976|Virizion|323\/323
|-damage|p1a: 1.21976|303\/323|[from] Stealth Rock
|switch|p2a: Celebi|Celebi|341\/341
|
|turn|11
|c| RowDog|D: yes it is
|c| RowDog|no respect for art
|
|switch|p1a: 3.98100|Noivern, F|315\/315
|-damage|p1a: 3.98100|237\/315|[from] Stealth Rock
|move|p2a: Celebi|Swords Dance|p2a: Celebi
|-boost|p2a: Celebi|atk|2
|
|turn|12
|
|move|p2a: Celebi|Sucker Punch|p1a: 3.98100
|-fail|p1a: 3.98100
|move|p1a: 3.98100|Switcheroo|p2a: Celebi
|-activate|p1a: 3.98100|move: Trick|[of] p2a: Celebi
|-item|p2a: Celebi|Choice Specs|[from] Trick
|-item|p1a: 3.98100|Life Orb|[from] Trick
|
|turn|13
|c| RowDog|donât be a Sucker Bob
|c| RowDog|gj
|
|switch|p1a: 8.21179|Arcanine, M|383\/383
|-damage|p1a: 8.21179|288\/383|[from] Stealth Rock
|-ability|p1a: 8.21179|Intimidate|[of] p2a: Celebi
|-unboost|p2a: Celebi|atk|1
|move|p2a: Celebi|Zen Headbutt|p1a: 8.21179
|-damage|p1a: 8.21179|135\/383
|
|turn|14
|c| RowDog|ouch
|
|switch|p1a: 2.71406|Gligar, F|278\/334
|-damage|p1a: 2.71406|237\/334|[from] Stealth Rock
|move|p2a: Celebi|Zen Headbutt|p1a: 2.71406|[miss]
|-miss|p2a: Celebi|p1a: 2.71406
|
|turn|15
|c| RowDog|phew
|
|switch|p2a: Suicune|Suicune, shiny|404\/404
|-ability|p2a: Suicune|Pressure
|move|p1a: 2.71406|Defog|p2a: Suicune
|-unboost|p2a: Suicune|evasion|1
|-sideend|p1: Bob the Bae|Stealth Rock|[from] move: Defog|[of] p1a: 2.71406
|
|turn|16
|c|âBob the Bae|nb at all
|
|switch|p1a: 1.21976|Virizion|303\/323
|switch|p2a: Azelf|Azelf|255\/291
|
|turn|17
|
|switch|p1a: 9.58093|Blissey, F|714\/714
|move|p2a: Azelf|Zen Headbutt|p1a: 9.58093
|-damage|p1a: 9.58093|368\/714
|
|-heal|p1a: 9.58093|412\/714|[from] item: Leftovers
|turn|18
|
|switch|p2a: Diancie|Diancie|164\/304 brn
|move|p1a: 9.58093|Protect|p1a: 9.58093
|-fail|p1a: 9.58093
|
|-heal|p1a: 9.58093|456\/714|[from] item: Leftovers
|-heal|p2a: Diancie|183\/304 brn|[from] item: Leftovers
|-damage|p2a: Diancie|145\/304 brn|[from] brn
|turn|19
|c| RowDog|you do have a bit of a Psychic weakness Bob
|
|move|p1a: 9.58093|Wish|p1a: 9.58093
|move|p2a: Diancie|Stealth Rock|p1a: 9.58093
|-sidestart|p1: Bob the Bae|move: Stealth Rock
|
|-heal|p1a: 9.58093|500\/714|[from] item: Leftovers
|-heal|p2a: Diancie|164\/304 brn|[from] item: Leftovers
|-damage|p2a: Diancie|126\/304 brn|[from] brn
|turn|20
|c| RowDog|but then again I guess so do I
|c|âBob the Bae|lol yea
|c|âBob the Bae|but yolo
|
|move|p1a: 9.58093|Seismic Toss|p2a: Diancie
|-damage|p2a: Diancie|26\/304 brn
|move|p2a: Diancie|Diamond Storm|p1a: 9.58093
|-damage|p1a: 9.58093|389\/714
|
|-heal|p1a: 9.58093|714\/714|[from] move: Wish|[wisher] 9.58093
|-heal|p2a: Diancie|45\/304 brn|[from] item: Leftovers
|-damage|p2a: Diancie|7\/304 brn|[from] brn
|turn|21
|
|move|p1a: 9.58093|Wish|p1a: 9.58093
|move|p2a: Diancie|Moonblast|p1a: 9.58093
|-damage|p1a: 9.58093|608\/714
|
|-heal|p1a: 9.58093|652\/714|[from] item: Leftovers
|-heal|p2a: Diancie|26\/304 brn|[from] item: Leftovers
|-damage|p2a: Diancie|0 fnt|[from] brn
|faint|p2a: Diancie
|join|The UUser
|
|switch|p2a: Toxicroak|Toxicroak, M|307\/307
|turn|22
|
|switch|p1a: 1.03736|Weezing, M|334\/334
|-damage|p1a: 1.03736|293\/334|[from] Stealth Rock
|move|p2a: Toxicroak|Drain Punch|p1a: 1.03736
|-resisted|p1a: 1.03736
|-damage|p1a: 1.03736|254\/334
|
|-heal|p1a: 1.03736|334\/334|[from] move: Wish|[wisher] 9.58093
|turn|23
|c|âBob the Bae|based weezing y\/y?
|c|âgargleflop|why exactly do you have 3 physical walls with a wish bliss?
|
|switch|p2a: Suicune|Suicune, shiny|404\/404
|-ability|p2a: Suicune|Pressure
|move|p1a: 1.03736|Will-O-Wisp|p2a: Suicune
|-status|p2a: Suicune|brn
|
|-damage|p2a: Suicune|354\/404 brn|[from] brn
|turn|24
|c|âBob the Bae|why not
|c| RowDog|because it is gud
|
|switch|p1a: 1.21976|Virizion|303\/323
|-damage|p1a: 1.21976|283\/323|[from] Stealth Rock
|move|p2a: Suicune|Hydro Pump|p1a: 1.21976
|-resisted|p1a: 1.21976
|-damage|p1a: 1.21976|221\/323
|
|-damage|p2a: Suicune|304\/404 brn|[from] brn
|turn|25
|c| RowDog|rekt
|
|move|p1a: 1.21976|Swords Dance|p1a: 1.21976
|-boost|p1a: 1.21976|atk|2
|move|p2a: Suicune|Ice Beam|p1a: 1.21976
|-supereffective|p1a: 1.21976
|-damage|p1a: 1.21976|93\/323
|
|-damage|p2a: Suicune|254\/404 brn|[from] brn
|turn|26
|c| RowDog|so rekt
|c|âBob the Bae|based 128 spdef
|
|switch|p2a: Azelf|Azelf|255\/291
|move|p1a: 1.21976|Leaf Blade|p2a: Azelf
|-damage|p2a: Azelf|0 fnt
|faint|p2a: Azelf
|
|join|Randbats Expert
|
|switch|p2a: Nidoking|Nidoking, M|304\/304
|turn|27
|
|move|p2a: Nidoking|Ice Beam|p1a: 1.21976
|-supereffective|p1a: 1.21976
|-damage|p1a: 1.21976|0 fnt
|faint|p1a: 1.21976
|
|c|âBob the Bae|fk
|
|switch|p1a: 9.58093|Blissey, F|652\/714
|-damage|p1a: 9.58093|563\/714|[from] Stealth Rock
|turn|28
|c| RowDog|scarf op
|
|switch|p2a: Toxicroak|Toxicroak, M|307\/307
|move|p1a: 9.58093|Wish|p1a: 9.58093
|
|-heal|p1a: 9.58093|607\/714|[from] item: Leftovers
|turn|29
|
|switch|p1a: 2.71406|Gligar, F|237\/334
|-damage|p1a: 2.71406|196\/334|[from] Stealth Rock
|move|p2a: Toxicroak|Ice Punch|p1a: 2.71406
|-supereffective|p1a: 2.71406
|-damage|p1a: 2.71406|0 fnt
|faint|p1a: 2.71406
|
|c|âBob the Bae|oml
|c|âBob the Bae|this man
|c| Randbats Expert|y no weezing man
|
|switch|p1a: 1.03736|Weezing, M|334\/334
|-damage|p1a: 1.03736|293\/334|[from] Stealth Rock
|turn|30
|
|switch|p2a: Suicune|Suicune, shiny|254\/404 brn
|-ability|p2a: Suicune|Pressure
|move|p1a: 1.03736|Will-O-Wisp|p2a: Suicune
|-fail|p2a: Suicune|brn
|
|-heal|p1a: 1.03736|313\/334|[from] item: Black Sludge
|-damage|p2a: Suicune|204\/404 brn|[from] brn
|turn|31
|
|switch|p1a: 9.58093|Blissey, F|607\/714
|-damage|p1a: 9.58093|518\/714|[from] Stealth Rock
|move|p2a: Suicune|Hydro Pump|p1a: 9.58093
|-damage|p1a: 9.58093|404\/714
|
|-heal|p1a: 9.58093|448\/714|[from] item: Leftovers
|-damage|p2a: Suicune|154\/404 brn|[from] brn
|turn|32
|
|switch|p2a: Toxicroak|Toxicroak, M|307\/307
|move|p1a: 9.58093|Seismic Toss|p2a: Toxicroak
|-damage|p2a: Toxicroak|207\/307
|
|-heal|p1a: 9.58093|492\/714|[from] item: Leftovers
|turn|33
|c| RowDog|its AV
|
|switch|p2a: Celebi|Celebi|341\/341
|switch|p1a: 1.03736|Weezing, M|313\/334
|-damage|p1a: 1.03736|272\/334|[from] Stealth Rock
|
|-heal|p1a: 1.03736|292\/334|[from] item: Black Sludge
|turn|34
|c| RowDog|most likely
|
|move|p2a: Celebi|Zen Headbutt|p1a: 1.03736
|-supereffective|p1a: 1.03736
|-damage|p1a: 1.03736|130\/334
|cant|p1a: 1.03736|flinch
|
|-heal|p1a: 1.03736|150\/334|[from] item: Black Sludge
|turn|35
|c| RowDog|lololol
|c|âBob the Bae|wow
|c|âBob the Bae|i dont even
|c| RowDog|I saw that and everything
|
|switch|p1a: 9.58093|Blissey, F|492\/714
|-damage|p1a: 9.58093|403\/714|[from] Stealth Rock
|move|p2a: Celebi|Zen Headbutt|p1a: 9.58093
|-damage|p1a: 9.58093|205\/714
|
|-heal|p1a: 9.58093|249\/714|[from] item: Leftovers
|turn|36
|
|move|p2a: Celebi|Zen Headbutt|p1a: 9.58093
|-damage|p1a: 9.58093|39\/714
|move|p1a: 9.58093|Wish|p1a: 9.58093
|
|-heal|p1a: 9.58093|83\/714|[from] item: Leftovers
|turn|37
|
|switch|p2a: Toxicroak|Toxicroak, M|207\/307
|move|p1a: 9.58093|Protect|p1a: 9.58093
|-fail|p1a: 9.58093
|
|-heal|p1a: 9.58093|440\/714|[from] move: Wish|[wisher] 9.58093
|-heal|p1a: 9.58093|484\/714|[from] item: Leftovers
|turn|38
|
|switch|p1a: 8.21179|Arcanine, M|135\/383
|-damage|p1a: 8.21179|40\/383|[from] Stealth Rock
|-ability|p1a: 8.21179|Intimidate|[of] p2a: Toxicroak
|-unboost|p2a: Toxicroak|atk|1
|move|p2a: Toxicroak|Drain Punch|p1a: 8.21179
|-damage|p1a: 8.21179|0 fnt
|-heal|p2a: Toxicroak|227\/307|[from] drain|[of] p1a: 8.21179
|faint|p1a: 8.21179
|
|
|switch|p1a: 3.98100|Noivern, F|237\/315
|-damage|p1a: 3.98100|159\/315|[from] Stealth Rock
|turn|39
|
|switch|p2a: Suicune|Suicune, shiny|154\/404 brn
|-ability|p2a: Suicune|Pressure
|move|p1a: 3.98100|Draco Meteor|p2a: Suicune
|-damage|p2a: Suicune|0 fnt
|-unboost|p1a: 3.98100|spa|2
|-damage|p1a: 3.98100|128\/315|[from] item: Life Orb
|faint|p2a: Suicune
|
|join|unlafflewaffle
|
|switch|p2a: Toxicroak|Toxicroak, M|227\/307
|turn|40
|
|move|p2a: Toxicroak|Sucker Punch|p1a: 3.98100
|-fail|p1a: 3.98100
|move|p1a: 3.98100|Switcheroo|p2a: Toxicroak
|-activate|p1a: 3.98100|move: Trick|[of] p2a: Toxicroak
|-item|p2a: Toxicroak|Life Orb|[from] Trick
|-item|p1a: 3.98100|Assault Vest|[from] Trick
|
|turn|41
|c| Randbats Expert|woop
|
|move|p2a: Toxicroak|Sucker Punch|p1a: 3.98100
|-damage|p1a: 3.98100|0 fnt
|-damage|p2a: Toxicroak|197\/307|[from] item: Life Orb
|faint|p1a: 3.98100
|
|c| Randbats Expert|u cant switch niw
|c| RowDog|that probably wasnât a good idea
|c| Randbats Expert|*now
|c| RowDog|lol
|
|switch|p1a: 1.03736|Weezing, M|150\/334
|-damage|p1a: 1.03736|109\/334|[from] Stealth Rock
|turn|42
|c| Randbats Expert|#makinplays
|
|switch|p2a: Nidoking|Nidoking, M|304\/304
|move|p1a: 1.03736|Will-O-Wisp|p2a: Nidoking
|-status|p2a: Nidoking|brn
|
|-heal|p1a: 1.03736|129\/334|[from] item: Black Sludge
|-damage|p2a: Nidoking|266\/304 brn|[from] brn
|turn|43
|
|switch|p1a: 9.58093|Blissey, F|484\/714
|-damage|p1a: 9.58093|395\/714|[from] Stealth Rock
|move|p2a: Nidoking|Fire Blast|p1a: 9.58093
|-damage|p1a: 9.58093|280\/714
|
|-heal|p1a: 9.58093|324\/714|[from] item: Leftovers
|-damage|p2a: Nidoking|228\/304 brn|[from] brn
|turn|44
|
|switch|p2a: Toxicroak|Toxicroak, M|197\/307
|move|p1a: 9.58093|Wish|p1a: 9.58093
|
|-heal|p1a: 9.58093|368\/714|[from] item: Leftovers
|turn|45
|
|switch|p1a: 1.03736|Weezing, M|129\/334
|-damage|p1a: 1.03736|88\/334|[from] Stealth Rock
|move|p2a: Toxicroak|Gunk Shot|p1a: 1.03736
|-resisted|p1a: 1.03736
|-damage|p1a: 1.03736|0 fnt
|-damage|p2a: Toxicroak|167\/307|[from] item: Life Orb
|faint|p1a: 1.03736
|
|c| RowDog|can it live
|c| RowDog|no :(
|c|âgargleflop|gg
|
|switch|p1a: 9.58093|Blissey, F|368\/714
|-damage|p1a: 9.58093|279\/714|[from] Stealth Rock
|turn|46
|c|âBob the Bae|the life orb tho lol
|
|move|p1a: 9.58093|Protect|p1a: 9.58093
|-singleturn|p1a: 9.58093|Protect
|move|p2a: Toxicroak|Drain Punch|p1a: 9.58093
|-activate|p1a: 9.58093|Protect
|
|-heal|p1a: 9.58093|323\/714|[from] item: Leftovers
|turn|47
|c| RowDog|what were you thinking lol
|
|move|p2a: Toxicroak|Drain Punch|p1a: 9.58093
|-supereffective|p1a: 9.58093
|-damage|p1a: 9.58093|0 fnt
|-heal|p2a: Toxicroak|307\/307|[from] drain|[of] p1a: 9.58093
|-damage|p2a: Toxicroak|277\/307|[from] item: Life Orb
|faint|p1a: 9.58093
|
|win|gargleflop
|raw|Ladder updating...
|raw|Bob the Bae's rating: 1698 &rarr; <strong>1665<\/strong><br \/>(-33 for losing)
|raw|gargleflop's rating: 1422 &rarr; <strong>1455<\/strong><br \/>(+33 for winning)
|c|âBob the Bae|i dont even know
|c| RowDog|kek
|leave|unlafflewaffle
|leave|Bob the Bae
|player|p1
|leave|RowDog
|leave|gargleflop
|player|p2