|join|Bob the Bae
|join|Moxii
|player|p1|Bob the Bae|23
|player|p2|Moxii|265
|gametype|singles
|gen|6
|tier|UU
|rated
|rule|Sleep Clause Mod: Limit one foe put to sleep
|rule|Species Clause: Limit one of each PokÃ©mon
|rule|OHKO Clause: OHKO moves are banned
|rule|Moody Clause: Moody is banned
|rule|Evasion Moves Clause: Evasion moves are banned
|rule|Endless Battle Clause: Forcing endless battles is banned
|rule|HP Percentage Mod: HP is shown in percentages
|clearpoke
|poke|p1|Blissey, F
|poke|p1|Noivern, F
|poke|p1|Weezing, M
|poke|p1|Alomomola, M
|poke|p1|Gligar, F
|poke|p1|Virizion
|poke|p2|Absol, F
|poke|p2|Feraligatr, M
|poke|p2|Toxicroak, F
|poke|p2|Meloetta
|poke|p2|Metagross
|poke|p2|Noivern, M
|rule|Swagger Clause: Swagger is banned
|rule|Baton Pass Clause: Limit one PokÃ©mon knowing Baton Pass
|teampreview
|c|âMoxii|gl hf
|c|âBob the Bae|ditto
|
|start
|switch|p1a: 3.98100|Noivern, F|315\/315
|switch|p2a: Meloetta|Meloetta|381\/381
|turn|1
|
|move|p1a: 3.98100|Switcheroo|p2a: Meloetta
|-activate|p1a: 3.98100|move: Trick|[of] p2a: Meloetta
|-item|p2a: Meloetta|Choice Scarf|[from] Trick
|-item|p1a: 3.98100|Assault Vest|[from] Trick
|move|p2a: Meloetta|Hyper Voice|p1a: 3.98100
|-damage|p1a: 3.98100|168\/315
|
|turn|2
|join|NeverFirst
|
|switch|p1a: 2.71406|Gligar, F|334\/334
|move|p2a: Meloetta|Hyper Voice|p1a: 2.71406
|-crit|p1a: 2.71406
|-damage|p1a: 2.71406|160\/334
|
|turn|3
|
|switch|p2a: Absol|Absol, F|271\/271
|move|p1a: 2.71406|Roost|p1a: 2.71406
|-heal|p1a: 2.71406|327\/334
|
|turn|4
|
|switch|p1a: 3.35700|Alomomola, M|534\/534
|detailschange|p2a: Absol|Absol-Mega, F
|message|Absol has Mega Evolved into Mega Absol!
|move|p2a: Absol|Knock Off|p1a: 3.35700
|-damage|p1a: 3.35700|386\/534
|-enditem|p1a: 3.35700|Leftovers|[from] move: Knock Off|[of] p2a: Absol
|
|turn|5
|
|move|p2a: Absol|Will-O-Wisp|p1a: 3.35700
|-status|p1a: 3.35700|brn
|move|p1a: 3.35700|Knock Off|p2a: Absol
|-resisted|p2a: Absol
|-damage|p2a: Absol|256\/271
|
|-damage|p1a: 3.35700|320\/534 brn|[from] brn
|turn|6
|
|switch|p2a: Noivern|Noivern, M|311\/311
|move|p1a: 3.35700|Wish|p1a: 3.35700
|
|-damage|p1a: 3.35700|254\/534 brn|[from] brn
|turn|7
|
|switch|p1a: 9.58093|Blissey, F|714\/714
|move|p2a: Noivern|Hurricane|p1a: 9.58093
|-damage|p1a: 9.58093|566\/714
|-start|p1a: 9.58093|confusion
|-damage|p2a: Noivern|280\/311|[from] item: Life Orb
|
|-heal|p1a: 9.58093|714\/714|[from] move: Wish|[wisher] 3.35700
|turn|8
|
|switch|p2a: Metagross|Metagross|301\/301
|-activate|p1a: 9.58093|confusion
|-damage|p1a: 9.58093|702\/714|[from] confusion
|
|-heal|p1a: 9.58093|714\/714|[from] item: Leftovers
|turn|9
|
|move|p2a: Metagross|Meteor Mash|p1a: 9.58093
|-damage|p1a: 9.58093|268\/714
|-damage|p2a: Metagross|271\/301|[from] item: Life Orb
|-activate|p1a: 9.58093|confusion
|-damage|p1a: 9.58093|255\/714|[from] confusion
|
|-heal|p1a: 9.58093|299\/714|[from] item: Leftovers
|turn|10
|
|switch|p1a: 2.71406|Gligar, F|327\/334
|move|p2a: Metagross|Meteor Mash|p1a: 2.71406|[miss]
|-miss|p2a: Metagross|p1a: 2.71406
|
|turn|11
|
|switch|p2a: Absol|Absol-Mega, F|256\/271
|move|p1a: 2.71406|Earthquake|p2a: Absol
|-damage|p2a: Absol|126\/271
|
|turn|12
|
|move|p2a: Absol|Will-O-Wisp|p1a: 2.71406
|-status|p1a: 2.71406|brn
|move|p1a: 2.71406|Earthquake|p2a: Absol
|-damage|p2a: Absol|56\/271
|
|-damage|p1a: 2.71406|286\/334 brn|[from] brn
|turn|13
|
|move|p2a: Absol|Knock Off|p1a: 2.71406
|-damage|p1a: 2.71406|154\/334 brn
|-enditem|p1a: 2.71406|Eviolite|[from] move: Knock Off|[of] p2a: Absol
|move|p1a: 2.71406|Earthquake|p2a: Absol
|-damage|p2a: Absol|0 fnt
|faint|p2a: Absol
|
|-damage|p1a: 2.71406|113\/334 brn|[from] brn
|
|switch|p2a: Noivern|Noivern, M|280\/311
|turn|14
|
|switch|p1a: 9.58093|Blissey, F|299\/714
|move|p2a: Noivern|Draco Meteor|p1a: 9.58093
|-damage|p1a: 9.58093|114\/714
|-unboost|p2a: Noivern|spa|2
|-damage|p2a: Noivern|249\/311|[from] item: Life Orb
|
|-heal|p1a: 9.58093|158\/714|[from] item: Leftovers
|turn|15
|
|switch|p2a: Metagross|Metagross|271\/301
|move|p1a: 9.58093|Wish|p1a: 9.58093
|
|-heal|p1a: 9.58093|202\/714|[from] item: Leftovers
|turn|16
|
|move|p1a: 9.58093|Protect|p1a: 9.58093
|-singleturn|p1a: 9.58093|Protect
|move|p2a: Metagross|Meteor Mash|p1a: 9.58093
|-activate|p1a: 9.58093|Protect
|
|-heal|p1a: 9.58093|559\/714|[from] move: Wish|[wisher] 9.58093
|-heal|p1a: 9.58093|603\/714|[from] item: Leftovers
|turn|17
|
|move|p2a: Metagross|Meteor Mash|p1a: 9.58093
|-damage|p1a: 9.58093|170\/714
|-boost|p2a: Metagross|atk|1
|-damage|p2a: Metagross|241\/301|[from] item: Life Orb
|move|p1a: 9.58093|Heal Bell|p1a: 9.58093
|-cureteam|p1a: 9.58093|[from] move: HealBell
|
|-heal|p1a: 9.58093|214\/714|[from] item: Leftovers
|turn|18
|
|move|p1a: 9.58093|Protect|p1a: 9.58093
|-singleturn|p1a: 9.58093|Protect
|move|p2a: Metagross|Meteor Mash|p1a: 9.58093
|-activate|p1a: 9.58093|Protect
|
|-heal|p1a: 9.58093|258\/714|[from] item: Leftovers
|turn|19
|
|switch|p1a: 3.35700|Alomomola, M|432\/534
|move|p2a: Metagross|Meteor Mash|p1a: 3.35700
|-resisted|p1a: 3.35700
|-damage|p1a: 3.35700|279\/534
|-damage|p2a: Metagross|211\/301|[from] item: Life Orb
|
|turn|20
|
|move|p2a: Metagross|Grass Knot|p1a: 3.35700
|-supereffective|p1a: 3.35700
|-damage|p1a: 3.35700|68\/534
|-damage|p2a: Metagross|181\/301|[from] item: Life Orb
|move|p1a: 3.35700|Wish|p1a: 3.35700
|
|turn|21
|
|switch|p1a: 1.03736|Weezing, M|334\/334
|move|p2a: Metagross|Meteor Mash|p1a: 1.03736
|-damage|p1a: 1.03736|123\/334
|-damage|p2a: Metagross|151\/301|[from] item: Life Orb
|
|-heal|p1a: 1.03736|334\/334|[from] move: Wish|[wisher] 3.35700
|turn|22
|
|move|p2a: Metagross|Meteor Mash|p1a: 1.03736|[miss]
|-miss|p2a: Metagross|p1a: 1.03736
|move|p1a: 1.03736|Will-O-Wisp|p2a: Metagross
|-status|p2a: Metagross|brn
|
|-damage|p2a: Metagross|114\/301 brn|[from] brn
|turn|23
|
|switch|p1a: 3.35700|Alomomola, M|246\/534
|move|p2a: Metagross|Meteor Mash|p1a: 3.35700
|-resisted|p1a: 3.35700
|-damage|p1a: 3.35700|176\/534
|-boost|p2a: Metagross|atk|1
|-damage|p2a: Metagross|84\/301 brn|[from] item: Life Orb
|
|-damage|p2a: Metagross|47\/301 brn|[from] brn
|turn|24
|
|switch|p1a: 1.03736|Weezing, M|334\/334
|move|p2a: Metagross|Grass Knot|p1a: 1.03736
|-resisted|p1a: 1.03736
|-damage|p1a: 1.03736|320\/334
|-damage|p2a: Metagross|17\/301 brn|[from] item: Life Orb
|
|-heal|p1a: 1.03736|334\/334|[from] item: Black Sludge
|-damage|p2a: Metagross|0 fnt|[from] brn
|faint|p2a: Metagross
|
|switch|p2a: Noivern|Noivern, M|249\/311
|turn|25
|
|switch|p1a: 9.58093|Blissey, F|258\/714
|move|p2a: Noivern|Hurricane|p1a: 9.58093|[miss]
|-miss|p2a: Noivern|p1a: 9.58093
|
|-heal|p1a: 9.58093|302\/714|[from] item: Leftovers
|turn|26
|
|move|p2a: Noivern|Hurricane|p1a: 9.58093|[miss]
|-miss|p2a: Noivern|p1a: 9.58093
|move|p1a: 9.58093|Wish|p1a: 9.58093
|
|-heal|p1a: 9.58093|346\/714|[from] item: Leftovers
|turn|27
|c|âMoxii|that bitch should be dead
|
|move|p2a: Noivern|Hurricane|p1a: 9.58093
|-damage|p1a: 9.58093|173\/714
|-damage|p2a: Noivern|218\/311|[from] item: Life Orb
|move|p1a: 9.58093|Seismic Toss|p2a: Noivern
|-damage|p2a: Noivern|118\/311
|
|-heal|p1a: 9.58093|530\/714|[from] move: Wish|[wisher] 9.58093
|-heal|p1a: 9.58093|574\/714|[from] item: Leftovers
|turn|28
|
|switch|p2a: Toxicroak|Toxicroak, F|335\/335
|move|p1a: 9.58093|Seismic Toss|p2a: Toxicroak
|-damage|p2a: Toxicroak|235\/335
|
|-heal|p1a: 9.58093|618\/714|[from] item: Leftovers
|turn|29
|
|switch|p1a: 1.03736|Weezing, M|334\/334
|move|p2a: Toxicroak|Swords Dance|p2a: Toxicroak
|-boost|p2a: Toxicroak|atk|2
|
|turn|30
|c|âBob the Bae|run air slash
|
|move|p2a: Toxicroak|Gunk Shot|p1a: 1.03736
|-crit|p1a: 1.03736
|-resisted|p1a: 1.03736
|-damage|p1a: 1.03736|137\/334
|move|p1a: 1.03736|Will-O-Wisp|p2a: Toxicroak
|-status|p2a: Toxicroak|brn
|
|-heal|p1a: 1.03736|157\/334|[from] item: Black Sludge
|-damage|p2a: Toxicroak|194\/335 brn|[from] brn
|turn|31
|
|move|p2a: Toxicroak|Gunk Shot|p1a: 1.03736
|-resisted|p1a: 1.03736
|-damage|p1a: 1.03736|88\/334
|move|p1a: 1.03736|Flamethrower|p2a: Toxicroak
|-damage|p2a: Toxicroak|80\/335 brn
|
|-heal|p1a: 1.03736|108\/334|[from] item: Black Sludge
|-damage|p2a: Toxicroak|39\/335 brn|[from] brn
|turn|32
|
|switch|p1a: 3.35700|Alomomola, M|354\/534
|move|p2a: Toxicroak|Gunk Shot|p1a: 3.35700
|-damage|p1a: 3.35700|174\/534
|
|-damage|p2a: Toxicroak|0 fnt|[from] brn
|faint|p2a: Toxicroak
|
|switch|p2a: Noivern|Noivern, M|118\/311
|turn|33
|
|switch|p1a: 9.58093|Blissey, F|618\/714
|move|p2a: Noivern|Hurricane|p1a: 9.58093
|-damage|p1a: 9.58093|461\/714
|-damage|p2a: Noivern|87\/311|[from] item: Life Orb
|
|-heal|p1a: 9.58093|505\/714|[from] item: Leftovers
|turn|34
|
|switch|p2a: Feraligatr|Feraligatr, M|373\/373
|move|p1a: 9.58093|Wish|p1a: 9.58093
|
|-heal|p1a: 9.58093|549\/714|[from] item: Leftovers
|turn|35
|
|switch|p1a: 1.03736|Weezing, M|108\/334
|move|p2a: Feraligatr|Swords Dance|p2a: Feraligatr
|-boost|p2a: Feraligatr|atk|2
|
|-heal|p1a: 1.03736|334\/334|[from] move: Wish|[wisher] 9.58093
|turn|36
|
|move|p2a: Feraligatr|Waterfall|p1a: 1.03736
|-damage|p1a: 1.03736|110\/334
|-damage|p2a: Feraligatr|336\/373|[from] item: Life Orb
|move|p1a: 1.03736|Will-O-Wisp|p2a: Feraligatr
|-status|p2a: Feraligatr|brn
|
|-heal|p1a: 1.03736|130\/334|[from] item: Black Sludge
|-damage|p2a: Feraligatr|290\/373 brn|[from] brn
|turn|37
|
|switch|p1a: 3.35700|Alomomola, M|352\/534
|move|p2a: Feraligatr|Waterfall|p1a: 3.35700
|-resisted|p1a: 3.35700
|-damage|p1a: 3.35700|286\/534
|-damage|p2a: Feraligatr|253\/373 brn|[from] item: Life Orb
|
|-damage|p2a: Feraligatr|207\/373 brn|[from] brn
|turn|38
|c|âMoxii|how the fuck do you hit so many will os
|-message|Moxii forfeited.
|
|win|Bob the Bae
|raw|Ladder updating...
|leave|Moxii
|player|p2
|raw|Bob the Bae's rating: 1756 &rarr; <strong>1765<\/strong><br \/>(+9 for winning)
|raw|Moxii's rating: 1535 &rarr; <strong>1526<\/strong><br \/>(-9 for losing)
|join|food for thot
|leave|food for thot
|leave|Bob the Bae
|player|p1