|join|Bob the Bae
|join|Dundies
|player|p1|Bob the Bae|23
|player|p2|Dundies|234
|gametype|singles
|gen|6
|tier|UU
|rated
|rule|Sleep Clause Mod: Limit one foe put to sleep
|rule|Species Clause: Limit one of each PokÃ©mon
|rule|OHKO Clause: OHKO moves are banned
|rule|Moody Clause: Moody is banned
|rule|Evasion Moves Clause: Evasion moves are banned
|rule|Endless Battle Clause: Forcing endless battles is banned
|rule|HP Percentage Mod: HP is shown in percentages
|clearpoke
|poke|p1|Blissey, F
|poke|p1|Noivern, M
|poke|p1|Weezing, M
|poke|p1|Alomomola, F
|poke|p1|Gligar, M
|poke|p1|Virizion
|poke|p2|Mienshao, F
|poke|p2|Roserade, M
|poke|p2|Krookodile, M
|poke|p2|Quagsire, M, shiny
|poke|p2|Bronzong
|poke|p2|Chandelure, F
|rule|Swagger Clause: Swagger is banned
|rule|Baton Pass Clause: Limit one PokÃ©mon knowing Baton Pass
|teampreview
|c|âDundies|why
|c|âBob the Bae|?
|c|âDundies|this is the reason i stopped playing uu for so long
|c|âBob the Bae|?
|c|âDundies|bliss
|
|start
|switch|p1a: 3.98100|Noivern, M|315\/315
|switch|p2a: Caesar|Roserade, M|262\/262
|turn|1
|c|âDundies|weezing
|c|âDundies|alomomola
|c|âDundies|gligar
|c|âDundies|stall
|
|switch|p2a: Lumiere|Chandelure, F|289\/289
|move|p1a: 3.98100|U-turn|p2a: Lumiere
|-resisted|p2a: Lumiere
|-damage|p2a: Lumiere|279\/289
|
|switch|p1a: 9.58093|Blissey, F|714\/714
|
|-heal|p2a: Lumiere|289\/289|[from] item: Leftovers
|turn|2
|
|switch|p1a: 3.98100|Noivern, M|315\/315
|move|p2a: Lumiere|Substitute|p2a: Lumiere
|-start|p2a: Lumiere|Substitute
|-damage|p2a: Lumiere|217\/289
|
|-heal|p2a: Lumiere|235\/289|[from] item: Leftovers
|turn|3
|
|move|p1a: 3.98100|Draco Meteor|p2a: Lumiere
|-damage|p2a: Lumiere|10\/289
|-unboost|p1a: 3.98100|spa|2
|move|p2a: Lumiere|Shadow Ball|p1a: 3.98100
|-damage|p1a: 3.98100|144\/315
|
|-heal|p2a: Lumiere|28\/289|[from] item: Leftovers
|turn|4
|join|food for thot
|
|switch|p2a: Real Steel|Bronzong|338\/338
|move|p1a: 3.98100|Draco Meteor|p2a: Real Steel
|-resisted|p2a: Real Steel
|-damage|p2a: Real Steel|301\/338
|-unboost|p1a: 3.98100|spa|2
|
|-heal|p2a: Real Steel|322\/338|[from] item: Leftovers
|turn|5
|
|switch|p1a: 2.71406|Gligar, M|334\/334
|move|p2a: Real Steel|Stealth Rock|p1a: 2.71406
|-sidestart|p1: Bob the Bae|move: Stealth Rock
|
|-heal|p2a: Real Steel|338\/338|[from] item: Leftovers
|turn|6
|
|move|p1a: 2.71406|Stealth Rock|p2a: Real Steel
|-sidestart|p2: Dundies|move: Stealth Rock
|move|p2a: Real Steel|Toxic|p1a: 2.71406
|-status|p1a: 2.71406|tox
|
|-damage|p1a: 2.71406|314\/334 tox|[from] psn
|turn|7
|
|switch|p1a: 1.03736|Weezing, M|334\/334
|-damage|p1a: 1.03736|293\/334|[from] Stealth Rock
|switch|p2a: Quagmire|Quagsire, M, shiny|394\/394
|-damage|p2a: Quagmire|370\/394|[from] Stealth Rock
|
|-heal|p1a: 1.03736|313\/334|[from] item: Black Sludge
|-heal|p2a: Quagmire|394\/394|[from] item: Leftovers
|turn|8
|
|move|p1a: 1.03736|Will-O-Wisp|p2a: Quagmire
|-status|p2a: Quagmire|brn
|move|p2a: Quagmire|Scald|p1a: 1.03736
|-crit|p1a: 1.03736
|-damage|p1a: 1.03736|186\/334
|
|-heal|p1a: 1.03736|206\/334|[from] item: Black Sludge
|-damage|p2a: Quagmire|345\/394 brn|[from] brn
|turn|9
|
|switch|p1a: 3.35700|Alomomola, F|534\/534
|-damage|p1a: 3.35700|468\/534|[from] Stealth Rock
|move|p2a: Quagmire|Scald|p1a: 3.35700
|-resisted|p1a: 3.35700
|-damage|p1a: 3.35700|402\/534
|
|-heal|p1a: 3.35700|435\/534|[from] item: Leftovers
|-heal|p2a: Quagmire|369\/394 brn|[from] item: Leftovers
|-damage|p2a: Quagmire|320\/394 brn|[from] brn
|turn|10
|join|Emma Bae
|
|move|p1a: 3.35700|Wish|p1a: 3.35700
|move|p2a: Quagmire|Toxic|p1a: 3.35700
|-status|p1a: 3.35700|tox
|
|-heal|p1a: 3.35700|468\/534 tox|[from] item: Leftovers
|-heal|p2a: Quagmire|344\/394 brn|[from] item: Leftovers
|-damage|p1a: 3.35700|435\/534 tox|[from] psn
|-damage|p2a: Quagmire|295\/394 brn|[from] brn
|turn|11
|
|switch|p1a: 3.98100|Noivern, M|144\/315
|-damage|p1a: 3.98100|66\/315|[from] Stealth Rock
|switch|p2a: Kick Yo Face|Mienshao, F|271\/271
|-damage|p2a: Kick Yo Face|255\/271|[from] Stealth Rock
|
|-heal|p1a: 3.98100|315\/315|[from] move: Wish|[wisher] 3.35700
|turn|12
|
|move|p2a: Kick Yo Face|Fake Out|p1a: 3.98100
|-damage|p1a: 3.98100|244\/315
|-damage|p2a: Kick Yo Face|228\/271|[from] item: Life Orb
|cant|p1a: 3.98100|flinch
|
|turn|13
|c| food for thot|i like that name
|c| Emma Bae|one does not simply "beat bob"
|c| food for thot|kick yo face
|c| food for thot|kek
|
|switch|p2a: Lumiere|Chandelure, F|28\/289
|-damage|p2a: Lumiere|0 fnt|[from] Stealth Rock
|faint|p2a: Lumiere
|move|p1a: 3.98100|Draco Meteor|p2: Lumiere|[notarget]
|-notarget
|
|
|switch|p2a: Krikey|Krookodile, M|332\/332
|-damage|p2a: Krikey|312\/332|[from] Stealth Rock
|turn|14
|c|âBob the Bae|lol i got shrekt by marth today
|c| food for thot|i was there
|c| food for thot|for part of it
|
|move|p1a: 3.98100|Draco Meteor|p2a: Krikey
|-damage|p2a: Krikey|51\/332
|-unboost|p1a: 3.98100|spa|2
|move|p2a: Krikey|Knock Off|p1a: 3.98100
|-damage|p1a: 3.98100|54\/315
|-enditem|p1a: 3.98100|Choice Scarf|[from] move: Knock Off|[of] p2a: Krikey
|
|turn|15
|c| food for thot|dw i get shrekt by marth every time
|c|âBob the Bae|i cri evrytim
|c|âBob the Bae|tbh
|
|move|p2a: Krikey|Knock Off|p1a: 3.98100
|-damage|p1a: 3.98100|0 fnt
|faint|p1a: 3.98100
|-boost|p2a: Krikey|atk|1|[from] ability: Moxie
|
|
|switch|p1a: 1.21976|Virizion|323\/323
|-damage|p1a: 1.21976|303\/323|[from] Stealth Rock
|turn|16
|
|switch|p2a: Caesar|Roserade, M|262\/262
|-damage|p2a: Caesar|230\/262|[from] Stealth Rock
|move|p1a: 1.21976|Leaf Blade|p2a: Caesar
|-crit|p2a: Caesar
|-resisted|p2a: Caesar
|-damage|p2a: Caesar|159\/262
|
|turn|17
|c| food for thot|me too
|
|move|p1a: 1.21976|Zen Headbutt|p2a: Caesar
|-supereffective|p2a: Caesar
|-damage|p2a: Caesar|0 fnt
|faint|p2a: Caesar
|
|c| food for thot|;_;
|
|switch|p2a: Kick Yo Face|Mienshao, F|271\/271
|-damage|p2a: Kick Yo Face|255\/271|[from] Stealth Rock
|turn|18
|
|switch|p1a: 3.35700|Alomomola, F|534\/534 tox
|-damage|p1a: 3.35700|468\/534 tox|[from] Stealth Rock
|move|p2a: Kick Yo Face|High Jump Kick|p1a: 3.35700
|-damage|p1a: 3.35700|237\/534 tox
|-damage|p2a: Kick Yo Face|228\/271|[from] item: Life Orb
|
|-heal|p1a: 3.35700|270\/534 tox|[from] item: Leftovers
|-damage|p1a: 3.35700|237\/534 tox|[from] psn
|turn|19
|
|move|p2a: Kick Yo Face|U-turn|p1a: 3.35700
|-damage|p1a: 3.35700|149\/534 tox
|-damage|p2a: Kick Yo Face|201\/271|[from] item: Life Orb
|
|switch|p2a: Krikey|Krookodile, M|51\/332
|-damage|p2a: Krikey|31\/332|[from] Stealth Rock
|move|p1a: 3.35700|Wish|p1a: 3.35700
|
|-heal|p1a: 3.35700|182\/534 tox|[from] item: Leftovers
|-damage|p1a: 3.35700|116\/534 tox|[from] psn
|turn|20
|
|move|p2a: Krikey|Pursuit|p1a: 3.35700|[from]Pursuit
|-damage|p1a: 3.35700|5\/534 tox
|switch|p1a: 1.21976|Virizion|303\/323
|-damage|p1a: 1.21976|283\/323|[from] Stealth Rock
|
|-heal|p1a: 1.21976|323\/323|[from] move: Wish|[wisher] 3.35700
|turn|21
|c|âBob the Bae|bulk
|c| food for thot|nice live
|
|move|p2a: Krikey|Pursuit|p1a: 1.21976
|-resisted|p1a: 1.21976
|-damage|p1a: 1.21976|278\/323
|-boost|p1a: 1.21976|atk|1|[from] ability: Justified
|move|p1a: 1.21976|Swords Dance|p1a: 1.21976
|-boost|p1a: 1.21976|atk|2
|
|turn|22
|
|move|p2a: Krikey|Pursuit|p1a: 1.21976
|-crit|p1a: 1.21976
|-resisted|p1a: 1.21976
|-damage|p1a: 1.21976|209\/323
|-boost|p1a: 1.21976|atk|1|[from] ability: Justified
|move|p1a: 1.21976|Swords Dance|p1a: 1.21976
|-boost|p1a: 1.21976|atk|2
|
|turn|23
|c|âBob the Bae|its ogre
|c| food for thot|its all ogre
|c|âDundies|lets keep it going
|
|move|p2a: Krikey|Pursuit|p1a: 1.21976
|-resisted|p1a: 1.21976
|-damage|p1a: 1.21976|164\/323
|move|p1a: 1.21976|Leaf Blade|p2a: Krikey
|-supereffective|p2a: Krikey
|-damage|p2a: Krikey|0 fnt
|faint|p2a: Krikey
|
|c| food for thot|are you synthesis
|c| food for thot|or nah
|c|âDundies|but whats a mienshao
|
|switch|p2a: Kick Yo Face|Mienshao, F|271\/271
|-damage|p2a: Kick Yo Face|255\/271|[from] Stealth Rock
|turn|24
|c|âBob the Bae|nah thats not even real
|c| food for thot|dood
|
|move|p1a: 1.21976|Leaf Blade|p2a: Kick Yo Face
|-damage|p2a: Kick Yo Face|0 fnt
|faint|p2a: Kick Yo Face
|
|c| food for thot|faster
|c|âDundies|o
|c| food for thot|kek
|c|âBob the Bae|whats a mienshao right
|c| food for thot|bse 108
|c|âDundies|lel
|c|âDundies|bi
|-message|Dundies forfeited.
|
|win|Bob the Bae
|raw|Ladder updating...
|leave|Dundies
|player|p2
|raw|Bob the Bae's rating: 1765 &rarr; <strong>1770<\/strong><br \/>(+5 for winning)
|raw|Dundies's rating: 1441 &rarr; <strong>1436<\/strong><br \/>(-5 for losing)
|c| food for thot|i cri evrytiem
|c|âBob the Bae|kek