|join|Bob the Bae
|join|Chloe M.
|player|p1|Bob the Bae|23
|player|p2|Chloe M.|216
|gametype|singles
|gen|6
|tier|UU
|rated
|rule|Sleep Clause Mod: Limit one foe put to sleep
|rule|Species Clause: Limit one of each PokÃ©mon
|rule|OHKO Clause: OHKO moves are banned
|rule|Moody Clause: Moody is banned
|rule|Evasion Moves Clause: Evasion moves are banned
|rule|Endless Battle Clause: Forcing endless battles is banned
|rule|HP Percentage Mod: HP is shown in percentages
|clearpoke
|poke|p1|Blissey, F
|poke|p1|Noivern, M
|poke|p1|Weezing, M
|poke|p1|Alomomola, M
|poke|p1|Gligar, F
|poke|p1|Virizion
|poke|p2|Hippowdon, F, shiny
|poke|p2|Arcanine, M, shiny
|poke|p2|Toxicroak, F, shiny
|poke|p2|Mienshao, M, shiny
|poke|p2|Empoleon, M, shiny
|poke|p2|Umbreon, F, shiny
|rule|Swagger Clause: Swagger is banned
|rule|Baton Pass Clause: Limit one PokÃ©mon knowing Baton Pass
|teampreview
|
|start
|switch|p1a: 3.98100|Noivern, M|311\/311
|switch|p2a: Arcanine|Arcanine, M, shiny|383\/383
|-ability|p2a: Arcanine|Intimidate|[of] p1a: 3.98100
|-unboost|p1a: 3.98100|atk|1
|turn|1
|join|razor pikachu
|
|move|p1a: 3.98100|U-turn|p2a: Arcanine
|-resisted|p2a: Arcanine
|-damage|p2a: Arcanine|374\/383
|
|switch|p1a: 3.35700|Alomomola, M|534\/534
|move|p2a: Arcanine|Toxic|p1a: 3.35700
|-status|p1a: 3.35700|tox
|
|-heal|p2a: Arcanine|383\/383|[from] item: Leftovers
|-damage|p1a: 3.35700|501\/534 tox|[from] psn
|turn|2
|
|switch|p2a: Toxicroak|Toxicroak, F, shiny|317\/317
|move|p1a: 3.35700|Knock Off|p2a: Toxicroak
|-resisted|p2a: Toxicroak
|-damage|p2a: Toxicroak|274\/317
|-enditem|p2a: Toxicroak|Assault Vest|[from] move: Knock Off|[of] p1a: 3.35700
|
|-heal|p1a: 3.35700|534\/534 tox|[from] item: Leftovers
|-damage|p1a: 3.35700|468\/534 tox|[from] psn
|turn|3
|
|switch|p1a: 1.03736|Weezing, M|334\/334
|move|p2a: Toxicroak|Knock Off|p1a: 1.03736
|-crit|p1a: 1.03736
|-damage|p1a: 1.03736|235\/334
|-enditem|p1a: 1.03736|Black Sludge|[from] move: Knock Off|[of] p2a: Toxicroak
|
|turn|4
|
|switch|p2a: Arcanine|Arcanine, M, shiny|383\/383
|-ability|p2a: Arcanine|Intimidate|[of] p1a: 1.03736
|-unboost|p1a: 1.03736|atk|1
|move|p1a: 1.03736|Toxic Spikes|p2a: Arcanine
|-sidestart|p2: Chloe M.|move: Toxic Spikes
|
|turn|5
|
|switch|p1a: 2.71406|Gligar, F|334\/334
|move|p2a: Arcanine|Will-O-Wisp|p1a: 2.71406
|-status|p1a: 2.71406|brn
|
|-damage|p1a: 2.71406|293\/334 brn|[from] brn
|turn|6
|
|switch|p2a: Empoleon|Empoleon, M, shiny|372\/372
|switch|p1a: 3.98100|Noivern, M|311\/311
|
|turn|7
|leave|razor pikachu
|
|move|p1a: 3.98100|Switcheroo|p2a: Empoleon
|-activate|p1a: 3.98100|move: Trick|[of] p2a: Empoleon
|-item|p2a: Empoleon|Choice Scarf|[from] Trick
|-item|p1a: 3.98100|Leftovers|[from] Trick
|move|p2a: Empoleon|Defog|p1a: 3.98100
|-unboost|p1a: 3.98100|evasion|1
|-sideend|p2: Chloe M.|Toxic Spikes|[from] move: Defog|[of] p2a: Empoleon
|
|turn|8
|
|switch|p2a: Umbreon|Umbreon, F, shiny|394\/394
|move|p1a: 3.98100|U-turn|p2a: Umbreon
|-supereffective|p2a: Umbreon
|-damage|p2a: Umbreon|330\/394
|
|switch|p1a: 1.21976|Virizion|323\/323
|
|-heal|p2a: Umbreon|354\/394|[from] item: Leftovers
|turn|9
|
|switch|p1a: 3.98100|Noivern, M|311\/311
|switch|p2a: Arcanine|Arcanine, M, shiny|383\/383
|-ability|p2a: Arcanine|Intimidate|[of] p1a: 3.98100
|-unboost|p1a: 3.98100|atk|1
|
|turn|10
|
|switch|p2a: Umbreon|Umbreon, F, shiny|354\/394
|move|p1a: 3.98100|Draco Meteor|p2a: Umbreon
|-damage|p2a: Umbreon|237\/394
|-unboost|p1a: 3.98100|spa|2
|
|-heal|p2a: Umbreon|261\/394|[from] item: Leftovers
|turn|11
|
|move|p1a: 3.98100|U-turn|p2a: Umbreon
|-supereffective|p2a: Umbreon
|-damage|p2a: Umbreon|211\/394
|
|switch|p1a: 1.21976|Virizion|323\/323
|move|p2a: Umbreon|Wish|p2a: Umbreon
|
|-heal|p2a: Umbreon|235\/394|[from] item: Leftovers
|turn|12
|
|switch|p1a: 3.98100|Noivern, M|311\/311
|switch|p2a: Arcanine|Arcanine, M, shiny|383\/383
|-ability|p2a: Arcanine|Intimidate|[of] p1a: 3.98100
|-unboost|p1a: 3.98100|atk|1
|
|turn|13
|
|move|p1a: 3.98100|Draco Meteor|p2a: Arcanine
|-damage|p2a: Arcanine|112\/383
|-unboost|p1a: 3.98100|spa|2
|move|p2a: Arcanine|Flare Blitz|p1a: 3.98100
|-crit|p1a: 3.98100
|-resisted|p1a: 3.98100
|-damage|p1a: 3.98100|182\/311
|-status|p1a: 3.98100|brn
|-damage|p2a: Arcanine|69\/383|[from] recoil|[of] p1a: 3.98100
|
|-heal|p1a: 3.98100|201\/311 brn|[from] item: Leftovers
|-heal|p2a: Arcanine|92\/383|[from] item: Leftovers
|-damage|p1a: 3.98100|163\/311 brn|[from] brn
|turn|14
|c|âBob the Bae|of course
|
|switch|p2a: Umbreon|Umbreon, F, shiny|235\/394
|move|p1a: 3.98100|U-turn|p2a: Umbreon
|-supereffective|p2a: Umbreon
|-damage|p2a: Umbreon|211\/394
|
|switch|p1a: 1.21976|Virizion|323\/323
|
|-heal|p2a: Umbreon|235\/394|[from] item: Leftovers
|turn|15
|
|switch|p2a: Arcanine|Arcanine, M, shiny|92\/383
|-ability|p2a: Arcanine|Intimidate|[of] p1a: 1.21976
|-unboost|p1a: 1.21976|atk|1
|move|p1a: 1.21976|Swords Dance|p1a: 1.21976
|-boost|p1a: 1.21976|atk|2
|
|-heal|p2a: Arcanine|115\/383|[from] item: Leftovers
|turn|16
|
|switch|p2a: Hippowdon|Hippowdon, F, shiny|420\/420
|-weather|Sandstorm
|move|p1a: 1.21976|Close Combat|p2a: Hippowdon
|-damage|p2a: Hippowdon|249\/420
|-unboost|p1a: 1.21976|def|1
|-unboost|p1a: 1.21976|spd|1
|
|-weather|Sandstorm|[upkeep]
|-damage|p1a: 1.21976|303\/323|[from] sandstorm
|-heal|p2a: Hippowdon|275\/420|[from] item: Leftovers
|turn|17
|
|move|p1a: 1.21976|Leaf Blade|p2a: Hippowdon
|-supereffective|p2a: Hippowdon
|-damage|p2a: Hippowdon|23\/420
|move|p2a: Hippowdon|Toxic|p1a: 1.21976
|-status|p1a: 1.21976|tox
|-enditem|p1a: 1.21976|Lum Berry|[eat]
|-curestatus|p1a: 1.21976|tox
|
|-weather|Sandstorm|[upkeep]
|-damage|p1a: 1.21976|283\/323|[from] sandstorm
|-heal|p2a: Hippowdon|49\/420|[from] item: Leftovers
|turn|18
|
|move|p1a: 1.21976|Close Combat|p2a: Hippowdon
|-damage|p2a: Hippowdon|0 fnt
|-unboost|p1a: 1.21976|def|1
|-unboost|p1a: 1.21976|spd|1
|faint|p2a: Hippowdon
|
|-weather|Sandstorm|[upkeep]
|-damage|p1a: 1.21976|263\/323|[from] sandstorm
|
|switch|p2a: Mienshao|Mienshao, M, shiny|271\/271
|turn|19
|
|switch|p1a: 1.03736|Weezing, M|235\/334
|move|p2a: Mienshao|U-turn|p1a: 1.03736
|-crit|p1a: 1.03736
|-resisted|p1a: 1.03736
|-damage|p1a: 1.03736|195\/334
|
|switch|p2a: Empoleon|Empoleon, M, shiny|372\/372
|
|-weather|Sandstorm|[upkeep]
|-damage|p1a: 1.03736|175\/334|[from] sandstorm
|turn|20
|
|move|p2a: Empoleon|Scald|p1a: 1.03736
|-damage|p1a: 1.03736|42\/334
|move|p1a: 1.03736|Will-O-Wisp|p2a: Empoleon|[miss]
|-miss|p1a: 1.03736|p2a: Empoleon
|
|-weather|none
|turn|21
|
|switch|p1a: 9.58093|Blissey, F|714\/714
|move|p2a: Empoleon|Scald|p1a: 9.58093
|-damage|p1a: 9.58093|639\/714
|
|-heal|p1a: 9.58093|683\/714|[from] item: Leftovers
|turn|22
|
|switch|p2a: Arcanine|Arcanine, M, shiny|115\/383
|-ability|p2a: Arcanine|Intimidate|[of] p1a: 9.58093
|-unboost|p1a: 9.58093|atk|1
|move|p1a: 9.58093|Heal Bell|p1a: 9.58093
|-cureteam|p1a: 9.58093|[from] move: HealBell
|
|-heal|p2a: Arcanine|138\/383|[from] item: Leftovers
|-heal|p1a: 9.58093|714\/714|[from] item: Leftovers
|turn|23
|
|move|p2a: Arcanine|Morning Sun|p2a: Arcanine
|-heal|p2a: Arcanine|329\/383
|move|p1a: 9.58093|Wish|p1a: 9.58093
|
|-heal|p2a: Arcanine|352\/383|[from] item: Leftovers
|turn|24
|
|switch|p2a: Umbreon|Umbreon, F, shiny|235\/394
|switch|p1a: 3.98100|Noivern, M|163\/311
|
|-heal|p1a: 3.98100|311\/311|[from] move: Wish|[wisher] 9.58093
|-heal|p2a: Umbreon|259\/394|[from] item: Leftovers
|turn|25
|
|move|p1a: 3.98100|U-turn|p2a: Umbreon
|-supereffective|p2a: Umbreon
|-damage|p2a: Umbreon|193\/394
|
|switch|p1a: 1.21976|Virizion|263\/323
|move|p2a: Umbreon|Wish|p2a: Umbreon
|
|-heal|p2a: Umbreon|217\/394|[from] item: Leftovers
|turn|26
|
|switch|p1a: 3.98100|Noivern, M|311\/311
|move|p2a: Umbreon|Protect|p2a: Umbreon
|-fail|p2a: Umbreon
|
|-heal|p2a: Umbreon|394\/394|[from] move: Wish|[wisher] Umbreon
|turn|27
|
|move|p1a: 3.98100|U-turn|p2a: Umbreon
|-supereffective|p2a: Umbreon
|-damage|p2a: Umbreon|326\/394
|
|switch|p1a: 2.71406|Gligar, F|293\/334
|move|p2a: Umbreon|Wish|p2a: Umbreon
|
|-heal|p2a: Umbreon|350\/394|[from] item: Leftovers
|turn|28
|c|âChloe M.|trying too hard?
|
|switch|p2a: Empoleon|Empoleon, M, shiny|372\/372
|move|p1a: 2.71406|Stealth Rock|p2a: Empoleon
|-sidestart|p2: Chloe M.|move: Stealth Rock
|
|turn|29
|c|âBob the Bae|wot
|
|move|p2a: Empoleon|Scald|p1a: 2.71406
|-supereffective|p1a: 2.71406
|-damage|p1a: 2.71406|171\/334
|move|p1a: 2.71406|Stealth Rock|p2a: Empoleon
|-fail|p2a: Empoleon
|
|turn|30
|
|switch|p1a: 9.58093|Blissey, F|714\/714
|move|p2a: Empoleon|Scald|p1a: 9.58093
|-damage|p1a: 9.58093|633\/714
|-status|p1a: 9.58093|brn
|
|-heal|p1a: 9.58093|677\/714 brn|[from] item: Leftovers
|-damage|p1a: 9.58093|588\/714 brn|[from] brn
|turn|31
|
|switch|p2a: Toxicroak|Toxicroak, F, shiny|274\/317
|-damage|p2a: Toxicroak|255\/317|[from] Stealth Rock
|move|p1a: 9.58093|Wish|p1a: 9.58093
|
|-heal|p1a: 9.58093|632\/714 brn|[from] item: Leftovers
|-damage|p1a: 9.58093|543\/714 brn|[from] brn
|turn|32
|c|âBob the Bae|making predictions=trying hard
|
|switch|p2a: Empoleon|Empoleon, M, shiny|372\/372
|-damage|p2a: Empoleon|349\/372|[from] Stealth Rock
|switch|p1a: 2.71406|Gligar, F|171\/334
|
|-heal|p1a: 2.71406|334\/334|[from] move: Wish|[wisher] 9.58093
|turn|33
|
|move|p2a: Empoleon|Scald|p1a: 2.71406
|-supereffective|p1a: 2.71406
|-damage|p1a: 2.71406|200\/334
|-status|p1a: 2.71406|brn
|move|p1a: 2.71406|Stealth Rock|p2a: Empoleon
|-fail|p2a: Empoleon
|
|-damage|p1a: 2.71406|159\/334 brn|[from] brn
|turn|34
|
|switch|p2a: Mienshao|Mienshao, M, shiny|271\/271
|-damage|p2a: Mienshao|255\/271|[from] Stealth Rock
|switch|p1a: 9.58093|Blissey, F|543\/714
|
|-heal|p1a: 9.58093|587\/714|[from] item: Leftovers
|turn|35
|
|switch|p2a: Toxicroak|Toxicroak, F, shiny|255\/317
|-damage|p2a: Toxicroak|236\/317|[from] Stealth Rock
|move|p1a: 9.58093|Protect|p1a: 9.58093
|-fail|p1a: 9.58093
|
|-heal|p1a: 9.58093|631\/714|[from] item: Leftovers
|turn|36
|
|move|p2a: Toxicroak|Knock Off|p1a: 9.58093
|-damage|p1a: 9.58093|449\/714
|-enditem|p1a: 9.58093|Leftovers|[from] move: Knock Off|[of] p2a: Toxicroak
|move|p1a: 9.58093|Wish|p1a: 9.58093
|
|turn|37
|
|switch|p1a: 2.71406|Gligar, F|159\/334 brn
|move|p2a: Toxicroak|Knock Off|p1a: 2.71406
|-damage|p1a: 2.71406|92\/334 brn
|-enditem|p1a: 2.71406|Eviolite|[from] move: Knock Off|[of] p2a: Toxicroak
|
|-heal|p1a: 2.71406|334\/334 brn|[from] move: Wish|[wisher] 9.58093
|-damage|p1a: 2.71406|293\/334 brn|[from] brn
|turn|38
|
|switch|p2a: Empoleon|Empoleon, M, shiny|349\/372
|-damage|p2a: Empoleon|326\/372|[from] Stealth Rock
|switch|p1a: 1.03736|Weezing, M|42\/334
|
|turn|39
|
|move|p2a: Empoleon|Stealth Rock|p1a: 1.03736
|-sidestart|p1: Bob the Bae|move: Stealth Rock
|move|p1a: 1.03736|Toxic Spikes|p2a: Empoleon
|-sidestart|p2: Chloe M.|move: Toxic Spikes
|
|turn|40
|
|switch|p2a: Toxicroak|Toxicroak, F, shiny|236\/317
|-sideend|p2: Chloe M.|move: Toxic Spikes|[of] p2a: Toxicroak
|-damage|p2a: Toxicroak|217\/317|[from] Stealth Rock
|move|p1a: 1.03736|Flamethrower|p2a: Toxicroak
|-damage|p2a: Toxicroak|102\/317
|
|turn|41
|
|switch|p2a: Empoleon|Empoleon, M, shiny|326\/372
|-damage|p2a: Empoleon|303\/372|[from] Stealth Rock
|move|p1a: 1.03736|Flamethrower|p2a: Empoleon
|-damage|p2a: Empoleon|261\/372
|
|turn|42
|
|move|p2a: Empoleon|Scald|p1a: 1.03736
|-damage|p1a: 1.03736|0 fnt
|faint|p1a: 1.03736
|
|
|switch|p1a: 1.21976|Virizion|263\/323
|-damage|p1a: 1.21976|243\/323|[from] Stealth Rock
|turn|43
|
|switch|p2a: Arcanine|Arcanine, M, shiny|352\/383
|-damage|p2a: Arcanine|257\/383|[from] Stealth Rock
|-ability|p2a: Arcanine|Intimidate|[of] p1a: 1.21976
|-unboost|p1a: 1.21976|atk|1
|move|p1a: 1.21976|Close Combat|p2a: Arcanine
|-damage|p2a: Arcanine|163\/383
|-unboost|p1a: 1.21976|def|1
|-unboost|p1a: 1.21976|spd|1
|
|-heal|p2a: Arcanine|186\/383|[from] item: Leftovers
|turn|44
|
|switch|p1a: 3.35700|Alomomola, M|534\/534
|-damage|p1a: 3.35700|468\/534|[from] Stealth Rock
|move|p2a: Arcanine|Morning Sun|p2a: Arcanine
|-heal|p2a: Arcanine|377\/383
|
|-heal|p2a: Arcanine|383\/383|[from] item: Leftovers
|-heal|p1a: 3.35700|501\/534|[from] item: Leftovers
|turn|45
|
|move|p2a: Arcanine|Toxic|p1a: 3.35700
|-status|p1a: 3.35700|tox
|move|p1a: 3.35700|Wish|p1a: 3.35700
|
|-heal|p1a: 3.35700|534\/534 tox|[from] item: Leftovers
|-damage|p1a: 3.35700|501\/534 tox|[from] psn
|turn|46
|
|move|p2a: Arcanine|Flare Blitz|p1a: 3.35700
|-resisted|p1a: 3.35700
|-damage|p1a: 3.35700|440\/534 tox
|-damage|p2a: Arcanine|363\/383|[from] recoil|[of] p1a: 3.35700
|move|p1a: 3.35700|Toxic|p2a: Arcanine
|-status|p2a: Arcanine|tox
|
|-heal|p1a: 3.35700|534\/534 tox|[from] move: Wish|[wisher] 3.35700
|-heal|p2a: Arcanine|383\/383 tox|[from] item: Leftovers
|-damage|p2a: Arcanine|360\/383 tox|[from] psn
|-damage|p1a: 3.35700|468\/534 tox|[from] psn
|turn|47
|
|switch|p2a: Umbreon|Umbreon, F, shiny|350\/394
|-damage|p2a: Umbreon|301\/394|[from] Stealth Rock
|move|p1a: 3.35700|Wish|p1a: 3.35700
|
|-heal|p1a: 3.35700|501\/534 tox|[from] item: Leftovers
|-heal|p2a: Umbreon|325\/394|[from] item: Leftovers
|-damage|p1a: 3.35700|402\/534 tox|[from] psn
|turn|48
|
|switch|p1a: 1.21976|Virizion|243\/323
|-damage|p1a: 1.21976|223\/323|[from] Stealth Rock
|switch|p2a: Arcanine|Arcanine, M, shiny|360\/383 tox
|-damage|p2a: Arcanine|265\/383 tox|[from] Stealth Rock
|-ability|p2a: Arcanine|Intimidate|[of] p1a: 1.21976
|-unboost|p1a: 1.21976|atk|1
|
|-heal|p1a: 1.21976|323\/323|[from] move: Wish|[wisher] 3.35700
|-heal|p2a: Arcanine|288\/383 tox|[from] item: Leftovers
|-damage|p2a: Arcanine|265\/383 tox|[from] psn
|turn|49
|
|switch|p1a: 3.35700|Alomomola, M|534\/534 tox
|-damage|p1a: 3.35700|468\/534 tox|[from] Stealth Rock
|switch|p2a: Umbreon|Umbreon, F, shiny|325\/394
|-damage|p2a: Umbreon|276\/394|[from] Stealth Rock
|
|-heal|p1a: 3.35700|501\/534 tox|[from] item: Leftovers
|-heal|p2a: Umbreon|300\/394|[from] item: Leftovers
|-damage|p1a: 3.35700|468\/534 tox|[from] psn
|turn|50
|
|switch|p2a: Mienshao|Mienshao, M, shiny|255\/271
|-damage|p2a: Mienshao|239\/271|[from] Stealth Rock
|move|p1a: 3.35700|Knock Off|p2a: Mienshao
|-resisted|p2a: Mienshao
|-damage|p2a: Mienshao|195\/271
|-enditem|p2a: Mienshao|Choice Scarf|[from] move: Knock Off|[of] p1a: 3.35700
|
|-heal|p1a: 3.35700|501\/534 tox|[from] item: Leftovers
|-damage|p1a: 3.35700|435\/534 tox|[from] psn
|turn|51
|
|move|p2a: Mienshao|High Jump Kick|p1a: 3.35700
|-damage|p1a: 3.35700|212\/534 tox
|move|p1a: 3.35700|Wish|p1a: 3.35700
|
|-heal|p1a: 3.35700|245\/534 tox|[from] item: Leftovers
|-damage|p1a: 3.35700|146\/534 tox|[from] psn
|turn|52
|
|switch|p1a: 2.71406|Gligar, F|293\/334 brn
|-damage|p1a: 2.71406|252\/334 brn|[from] Stealth Rock
|move|p2a: Mienshao|U-turn|p1a: 2.71406
|-resisted|p1a: 2.71406
|-damage|p1a: 2.71406|210\/334 brn
|
|switch|p2a: Empoleon|Empoleon, M, shiny|261\/372
|-damage|p2a: Empoleon|238\/372|[from] Stealth Rock
|
|-heal|p1a: 2.71406|334\/334 brn|[from] move: Wish|[wisher] 3.35700
|-damage|p1a: 2.71406|293\/334 brn|[from] brn
|turn|53
|
|switch|p1a: 1.21976|Virizion|323\/323
|-damage|p1a: 1.21976|303\/323|[from] Stealth Rock
|move|p2a: Empoleon|Scald|p1a: 1.21976
|-resisted|p1a: 1.21976
|-damage|p1a: 1.21976|263\/323
|-status|p1a: 1.21976|brn
|
|-damage|p1a: 1.21976|223\/323 brn|[from] brn
|turn|54
|
|switch|p1a: 9.58093|Blissey, F|449\/714
|-damage|p1a: 9.58093|360\/714|[from] Stealth Rock
|switch|p2a: Mienshao|Mienshao, M, shiny|195\/271
|-damage|p2a: Mienshao|179\/271|[from] Stealth Rock
|
|turn|55
|
|switch|p1a: 3.98100|Noivern, M|311\/311
|-damage|p1a: 3.98100|234\/311|[from] Stealth Rock
|move|p2a: Mienshao|High Jump Kick|p1a: 3.98100
|-resisted|p1a: 3.98100
|-damage|p1a: 3.98100|85\/311
|
|-heal|p1a: 3.98100|104\/311|[from] item: Leftovers
|turn|56
|
|move|p1a: 3.98100|U-turn|p2a: Mienshao
|-resisted|p2a: Mienshao
|-damage|p2a: Mienshao|150\/271
|
|switch|p1a: 2.71406|Gligar, F|293\/334 brn
|-damage|p1a: 2.71406|252\/334 brn|[from] Stealth Rock
|move|p2a: Mienshao|High Jump Kick|p1a: 2.71406
|-resisted|p1a: 2.71406
|-damage|p1a: 2.71406|129\/334 brn
|
|-damage|p1a: 2.71406|88\/334 brn|[from] brn
|turn|57
|c|âChloe M.|i guess im trying hard
|
|move|p2a: Mienshao|High Jump Kick|p1a: 2.71406
|-resisted|p1a: 2.71406
|-damage|p1a: 2.71406|0 fnt
|faint|p1a: 2.71406
|
|
|switch|p1a: 3.98100|Noivern, M|104\/311
|-damage|p1a: 3.98100|27\/311|[from] Stealth Rock
|turn|58
|
|switch|p2a: Empoleon|Empoleon, M, shiny|238\/372
|-damage|p2a: Empoleon|215\/372|[from] Stealth Rock
|move|p1a: 3.98100|Draco Meteor|p2a: Empoleon
|-resisted|p2a: Empoleon
|-damage|p2a: Empoleon|140\/372
|-unboost|p1a: 3.98100|spa|2
|
|-heal|p1a: 3.98100|46\/311|[from] item: Leftovers
|turn|59
|
|move|p1a: 3.98100|Flamethrower|p2a: Empoleon
|-damage|p2a: Empoleon|104\/372
|move|p2a: Empoleon|Roar|p1a: 3.98100
|drag|p1a: 9.58093|Blissey, F|360\/714
|-damage|p1a: 9.58093|271\/714|[from] Stealth Rock
|
|turn|60
|
|move|p1a: 9.58093|Heal Bell|p1a: 9.58093
|-cureteam|p1a: 9.58093|[from] move: HealBell
|move|p2a: Empoleon|Roar|p1a: 9.58093
|drag|p1a: 3.35700|Alomomola, M|324\/534
|-damage|p1a: 3.35700|258\/534|[from] Stealth Rock
|
|-heal|p1a: 3.35700|291\/534|[from] item: Leftovers
|turn|61
|
|switch|p2a: Toxicroak|Toxicroak, F, shiny|102\/317
|-damage|p2a: Toxicroak|83\/317|[from] Stealth Rock
|move|p1a: 3.35700|Wish|p1a: 3.35700
|
|-heal|p1a: 3.35700|324\/534|[from] item: Leftovers
|turn|62
|
|move|p2a: Toxicroak|Poison Jab|p1a: 3.35700
|-damage|p1a: 3.35700|225\/534
|move|p1a: 3.35700|Knock Off|p2a: Toxicroak
|-resisted|p2a: Toxicroak
|-damage|p2a: Toxicroak|55\/317
|
|-heal|p1a: 3.35700|492\/534|[from] move: Wish|[wisher] 3.35700
|-heal|p1a: 3.35700|525\/534|[from] item: Leftovers
|turn|63
|
|switch|p1a: 3.98100|Noivern, M|46\/311
|-damage|p1a: 3.98100|0 fnt|[from] Stealth Rock
|faint|p1a: 3.98100
|move|p2a: Toxicroak|Drain Punch|p1: 3.98100|[notarget]
|-notarget
|
|
|switch|p1a: 1.21976|Virizion|223\/323
|-damage|p1a: 1.21976|203\/323|[from] Stealth Rock
|turn|64
|
|switch|p2a: Empoleon|Empoleon, M, shiny|104\/372
|-damage|p2a: Empoleon|81\/372|[from] Stealth Rock
|move|p1a: 1.21976|Close Combat|p2a: Empoleon
|-supereffective|p2a: Empoleon
|-damage|p2a: Empoleon|0 fnt
|-unboost|p1a: 1.21976|def|1
|-unboost|p1a: 1.21976|spd|1
|faint|p2a: Empoleon
|
|
|switch|p2a: Arcanine|Arcanine, M, shiny|265\/383 tox
|-damage|p2a: Arcanine|170\/383 tox|[from] Stealth Rock
|-ability|p2a: Arcanine|Intimidate|[of] p1a: 1.21976
|-unboost|p1a: 1.21976|atk|1
|turn|65
|
|switch|p1a: 3.35700|Alomomola, M|534\/534
|-damage|p1a: 3.35700|468\/534|[from] Stealth Rock
|move|p2a: Arcanine|Morning Sun|p2a: Arcanine
|-heal|p2a: Arcanine|361\/383 tox
|
|-heal|p2a: Arcanine|383\/383 tox|[from] item: Leftovers
|-heal|p1a: 3.35700|501\/534|[from] item: Leftovers
|-damage|p2a: Arcanine|360\/383 tox|[from] psn
|turn|66
|
|move|p2a: Arcanine|Toxic|p1a: 3.35700
|-status|p1a: 3.35700|tox
|move|p1a: 3.35700|Knock Off|p2a: Arcanine
|-damage|p2a: Arcanine|311\/383 tox
|-enditem|p2a: Arcanine|Leftovers|[from] move: Knock Off|[of] p1a: 3.35700
|
|-heal|p1a: 3.35700|534\/534 tox|[from] item: Leftovers
|-damage|p2a: Arcanine|265\/383 tox|[from] psn
|-damage|p1a: 3.35700|501\/534 tox|[from] psn
|turn|67
|
|move|p2a: Arcanine|Will-O-Wisp|p1a: 3.35700
|-fail|p1a: 3.35700
|move|p1a: 3.35700|Wish|p1a: 3.35700
|
|-heal|p1a: 3.35700|534\/534 tox|[from] item: Leftovers
|-damage|p2a: Arcanine|196\/383 tox|[from] psn
|-damage|p1a: 3.35700|468\/534 tox|[from] psn
|turn|68
|
|switch|p2a: Toxicroak|Toxicroak, F, shiny|55\/317
|-damage|p2a: Toxicroak|36\/317|[from] Stealth Rock
|move|p1a: 3.35700|Knock Off|p2a: Toxicroak
|-resisted|p2a: Toxicroak
|-damage|p2a: Toxicroak|7\/317
|
|-heal|p1a: 3.35700|534\/534 tox|[from] move: Wish|[wisher] 3.35700
|-damage|p1a: 3.35700|435\/534 tox|[from] psn
|turn|69
|
|switch|p1a: 9.58093|Blissey, F|271\/714
|-damage|p1a: 9.58093|182\/714|[from] Stealth Rock
|move|p2a: Toxicroak|Drain Punch|p1a: 9.58093
|-crit|p1a: 9.58093
|-supereffective|p1a: 9.58093
|-damage|p1a: 9.58093|0 fnt
|-heal|p2a: Toxicroak|98\/317|[from] drain|[of] p1a: 9.58093
|faint|p1a: 9.58093
|
|
|switch|p1a: 1.21976|Virizion|203\/323
|-damage|p1a: 1.21976|183\/323|[from] Stealth Rock
|turn|70
|
|move|p1a: 1.21976|Zen Headbutt|p2a: Toxicroak
|-supereffective|p2a: Toxicroak
|-damage|p2a: Toxicroak|0 fnt
|faint|p2a: Toxicroak
|
|
|switch|p2a: Arcanine|Arcanine, M, shiny|196\/383 tox
|-damage|p2a: Arcanine|101\/383 tox|[from] Stealth Rock
|-ability|p2a: Arcanine|Intimidate|[of] p1a: 1.21976
|-unboost|p1a: 1.21976|atk|1
|turn|71
|
|switch|p1a: 3.35700|Alomomola, M|534\/534 tox
|-damage|p1a: 3.35700|468\/534 tox|[from] Stealth Rock
|move|p2a: Arcanine|Will-O-Wisp|p1a: 3.35700
|-fail|p1a: 3.35700
|
|-heal|p1a: 3.35700|501\/534 tox|[from] item: Leftovers
|-damage|p2a: Arcanine|78\/383 tox|[from] psn
|-damage|p1a: 3.35700|468\/534 tox|[from] psn
|turn|72
|
|move|p2a: Arcanine|Morning Sun|p2a: Arcanine
|-heal|p2a: Arcanine|269\/383 tox
|move|p1a: 3.35700|Scald|p2a: Arcanine
|-supereffective|p2a: Arcanine
|-damage|p2a: Arcanine|173\/383 tox
|
|-heal|p1a: 3.35700|501\/534 tox|[from] item: Leftovers
|-damage|p2a: Arcanine|127\/383 tox|[from] psn
|-damage|p1a: 3.35700|435\/534 tox|[from] psn
|turn|73
|join|Toenail Testing
|
|move|p2a: Arcanine|Morning Sun|p2a: Arcanine
|-heal|p2a: Arcanine|318\/383 tox
|move|p1a: 3.35700|Scald|p2a: Arcanine
|-supereffective|p2a: Arcanine
|-damage|p2a: Arcanine|216\/383 tox
|
|-heal|p1a: 3.35700|468\/534 tox|[from] item: Leftovers
|-damage|p2a: Arcanine|147\/383 tox|[from] psn
|-damage|p1a: 3.35700|369\/534 tox|[from] psn
|turn|74
|
|switch|p2a: Mienshao|Mienshao, M, shiny|150\/271
|-damage|p2a: Mienshao|134\/271|[from] Stealth Rock
|move|p1a: 3.35700|Scald|p2a: Mienshao
|-damage|p2a: Mienshao|67\/271
|
|-heal|p1a: 3.35700|402\/534 tox|[from] item: Leftovers
|-damage|p1a: 3.35700|270\/534 tox|[from] psn
|turn|75
|
|move|p2a: Mienshao|High Jump Kick|p1a: 3.35700
|-damage|p1a: 3.35700|51\/534 tox
|move|p1a: 3.35700|Wish|p1a: 3.35700
|
|-heal|p1a: 3.35700|84\/534 tox|[from] item: Leftovers
|-damage|p1a: 3.35700|0 fnt|[from] psn
|faint|p1a: 3.35700
|
|switch|p1a: 1.21976|Virizion|183\/323
|-damage|p1a: 1.21976|163\/323|[from] Stealth Rock
|turn|76
|
|move|p1a: 1.21976|Leaf Blade|p2a: Mienshao
|-damage|p2a: Mienshao|0 fnt
|faint|p2a: Mienshao
|
|-heal|p1a: 1.21976|323\/323|[from] move: Wish|[wisher] 3.35700
|
|switch|p2a: Arcanine|Arcanine, M, shiny|147\/383 tox
|-damage|p2a: Arcanine|52\/383 tox|[from] Stealth Rock
|-ability|p2a: Arcanine|Intimidate|[of] p1a: 1.21976
|-unboost|p1a: 1.21976|atk|1
|turn|77
|
|move|p1a: 1.21976|Close Combat|p2a: Arcanine
|-damage|p2a: Arcanine|0 fnt
|-unboost|p1a: 1.21976|def|1
|-unboost|p1a: 1.21976|spd|1
|faint|p2a: Arcanine
|
|c|âBob the Bae|try harder next time
|c|âChloe M.|you were pooping your pants
|c|âChloe M.|lol
|c|âBob the Bae|how
|c|âChloe M.|why didnt you soke earlier?
|c|âChloe M.|just released your shit?
|c|âChloe M.|lol
|c|âBob the Bae|what?
|
|switch|p2a: Umbreon|Umbreon, F, shiny|300\/394
|-damage|p2a: Umbreon|251\/394|[from] Stealth Rock
|turn|78
|c|âChloe M.|you just loose your anus?
|c|âBob the Bae|what?
|c|âChloe M.|:]
|
|move|p2a: Umbreon|Protect|p2a: Umbreon
|-singleturn|p2a: Umbreon|Protect
|move|p1a: 1.21976|Close Combat|p2a: Umbreon
|-activate|p2a: Umbreon|Protect
|
|-heal|p2a: Umbreon|275\/394|[from] item: Leftovers
|turn|79
|
|move|p2a: Umbreon|Protect|p2a: Umbreon
|-fail|p2a: Umbreon
|move|p1a: 1.21976|Close Combat|p2a: Umbreon
|-supereffective|p2a: Umbreon
|-damage|p2a: Umbreon|71\/394
|-unboost|p1a: 1.21976|def|1
|-unboost|p1a: 1.21976|spd|1
|
|-heal|p2a: Umbreon|95\/394|[from] item: Leftovers
|turn|80
|
|move|p1a: 1.21976|Swords Dance|p1a: 1.21976
|-boost|p1a: 1.21976|atk|2
|move|p2a: Umbreon|Wish|p2a: Umbreon
|
|-heal|p2a: Umbreon|119\/394|[from] item: Leftovers
|turn|81
|
|move|p2a: Umbreon|Protect|p2a: Umbreon
|-singleturn|p2a: Umbreon|Protect
|move|p1a: 1.21976|Leaf Blade|p2a: Umbreon
|-activate|p2a: Umbreon|Protect
|
|-heal|p2a: Umbreon|316\/394|[from] move: Wish|[wisher] Umbreon
|-heal|p2a: Umbreon|340\/394|[from] item: Leftovers
|turn|82
|leave|Toenail Testing
|
|move|p2a: Umbreon|Protect|p2a: Umbreon
|-fail|p2a: Umbreon
|move|p1a: 1.21976|Close Combat|p2a: Umbreon
|-supereffective|p2a: Umbreon
|-damage|p2a: Umbreon|0 fnt
|-unboost|p1a: 1.21976|def|1
|-unboost|p1a: 1.21976|spd|1
|faint|p2a: Umbreon
|
|win|Bob the Bae
|raw|Ladder updating...
|raw|Bob the Bae's rating: 1624 &rarr; <strong>1638<\/strong><br \/>(+14 for winning)
|raw|Chloe M.'s rating: 1522 &rarr; <strong>1508<\/strong><br \/>(-14 for losing)
|c|âBob the Bae|rekt
|c|âChloe M.|lucky lol
|c|âBob the Bae|k