|join|Bob the Bae
|join|Emma Bae â¥
|player|p1|Bob the Bae|23
|player|p2|Emma Bae â¥|190
|gametype|singles
|gen|6
|tier|UU
|rated
|rule|Sleep Clause Mod: Limit one foe put to sleep
|rule|Species Clause: Limit one of each PokÃ©mon
|rule|OHKO Clause: OHKO moves are banned
|rule|Moody Clause: Moody is banned
|rule|Evasion Moves Clause: Evasion moves are banned
|rule|Endless Battle Clause: Forcing endless battles is banned
|rule|HP Percentage Mod: HP is shown in percentages
|clearpoke
|poke|p1|Blissey, F
|poke|p1|Noivern, F
|poke|p1|Weezing, M
|poke|p1|Arcanine, F
|poke|p1|Gligar, F
|poke|p1|Virizion
|poke|p2|Blastoise, M
|poke|p2|Lucario, F
|poke|p2|Hydreigon, F, shiny
|poke|p2|Nidoqueen, F
|poke|p2|Florges, F, shiny
|poke|p2|Darmanitan, M
|rule|Swagger Clause: Swagger is banned
|rule|Baton Pass Clause: Limit one PokÃ©mon knowing Baton Pass
|teampreview
|c|âEmma Bae â¥|NO
|c|âBob the Bae|o
|c|âBob the Bae|kek
|c|âEmma Bae â¥|fuck sake bob
|join|cobaelion
|c|âEmma Bae â¥|why dont u leave me alone
|c|âBob the Bae|no you leave me alone
|c| cobaelion|ayy lumao
|c|âEmma Bae â¥|I dont wanna play you
|c|âEmma Bae â¥|ever
|c|âEmma Bae â¥|=_=
|c| cobaelion|tfw i need to assert my dominance on uu tier
|c| cobaelion|but e4 members play stall
|c|âBob the Bae|yes pls meowkin
|c| cobaelion|kek
|join|DatGuyChuck
|c|âBob the Bae|youre gud player
|c| DatGuyChuck|in in in
|c| cobaelion|but i hate playing vs stall so much
|c| cobaelion|lol
|c|âEmma Bae â¥|Yup
|c| DatGuyChuck|tfw bobo might rek emma
|c|âEmma Bae â¥|he does everyday (in pokemon)
|c| cobaelion|and i always forget to build for it
|
|start
|switch|p1a: 1.03736|Weezing, M|334\/334
|switch|p2a: Hydreigon|Hydreigon, F, shiny|325\/325
|turn|1
|
|switch|p1a: 2.71406|Gligar, F|334\/334
|move|p2a: Hydreigon|U-turn|p1a: 2.71406
|-resisted|p1a: 2.71406
|-damage|p1a: 2.71406|317\/334
|
|switch|p2a: Blastoise|Blastoise, M|327\/327
|
|turn|2
|
|switch|p2a: Darmanitan|Darmanitan, M|351\/351
|switch|p1a: 9.58093|Blissey, F|714\/714
|
|turn|3
|c| DatGuyChuck|go to bandk9
|
|move|p1a: 9.58093|Protect|p1a: 9.58093
|-singleturn|p1a: 9.58093|Protect
|move|p2a: Darmanitan|Flare Blitz|p1a: 9.58093
|-activate|p1a: 9.58093|Protect
|
|turn|4
|join|I<3Magikarp
|
|switch|p1a: 8.21179|Arcanine, F|383\/383
|-ability|p1a: 8.21179|Intimidate|[of] p2a: Darmanitan
|-unboost|p2a: Darmanitan|atk|1
|move|p2a: Darmanitan|Flare Blitz|p1a: 8.21179
|-resisted|p1a: 8.21179
|-damage|p1a: 8.21179|254\/383
|-damage|p2a: Darmanitan|308\/351|[from] recoil|[of] p1a: 8.21179
|
|-heal|p1a: 8.21179|277\/383|[from] item: Leftovers
|turn|5
|c|âEmma Bae â¥|protect bitch idgaf
|c| cobaelion|bob the bae: is bandk9
|c| DatGuyChuck|where is flash fire arc
|
|switch|p2a: Blastoise|Blastoise, M|327\/327
|move|p1a: 8.21179|Will-O-Wisp|p2a: Blastoise
|-status|p2a: Blastoise|brn
|
|-heal|p1a: 8.21179|300\/383|[from] item: Leftovers
|-damage|p2a: Blastoise|287\/327 brn|[from] brn
|turn|6
|c| DatGuyChuck|yeah
|c| DatGuyChuck|it is
|
|switch|p1a: 9.58093|Blissey, F|714\/714
|detailschange|p2a: Blastoise|Blastoise-Mega, M
|message|Blastoise has Mega Evolved into Mega Blastoise!
|move|p2a: Blastoise|Water Pulse|p1a: 9.58093
|-damage|p1a: 9.58093|572\/714
|
|-heal|p1a: 9.58093|616\/714|[from] item: Leftovers
|-damage|p2a: Blastoise|247\/327 brn|[from] brn
|turn|7
|c| cobaelion|dont need intimidate anymore bobo
|c| cobaelion|tini gone
|c| cobaelion|kek
|c| DatGuyChuck|8.21179 restored a little HP using its Leftovers!
|c| cobaelion|flash fire lets you beat mega zam 1 on 1
|c|âBob the Bae|if it has flash then it cant take stone edges from entei
|c| cobaelion|ik
|c| cobaelion|lel
|
|switch|p2a: Nidoqueen|Nidoqueen, F|321\/321
|move|p1a: 9.58093|Wish|p1a: 9.58093
|
|-heal|p1a: 9.58093|660\/714|[from] item: Leftovers
|turn|8
|c| DatGuyChuck|risk stone miss
|c| cobaelion|or take on luc at all
|
|move|p2a: Nidoqueen|Stealth Rock|p1a: 9.58093
|-sidestart|p1: Bob the Bae|move: Stealth Rock
|move|p1a: 9.58093|Seismic Toss|p2a: Nidoqueen
|-damage|p2a: Nidoqueen|221\/321
|
|-heal|p1a: 9.58093|714\/714|[from] move: Wish|[wisher] 9.58093
|turn|9
|
|move|p2a: Nidoqueen|Sludge Wave|p1a: 9.58093
|-crit|p1a: 9.58093
|-damage|p1a: 9.58093|468\/714
|move|p1a: 9.58093|Seismic Toss|p2a: Nidoqueen
|-damage|p2a: Nidoqueen|121\/321
|
|-heal|p1a: 9.58093|512\/714|[from] item: Leftovers
|turn|10
|
|switch|p2a: Lucario|Lucario, F|281\/281
|move|p1a: 9.58093|Wish|p1a: 9.58093
|
|-heal|p1a: 9.58093|556\/714|[from] item: Leftovers
|turn|11
|c|âEmma Bae â¥|bob you're so fucking boring to play against holy crap
|
|switch|p2a: Blastoise|Blastoise-Mega, M|247\/327 brn
|switch|p1a: 1.03736|Weezing, M|334\/334
|-damage|p1a: 1.03736|293\/334|[from] Stealth Rock
|
|-heal|p1a: 1.03736|334\/334|[from] move: Wish|[wisher] 9.58093
|-damage|p2a: Blastoise|207\/327 brn|[from] brn
|turn|12
|c|âBob the Bae|its just the way i am
|
|switch|p1a: 9.58093|Blissey, F|556\/714
|-damage|p1a: 9.58093|467\/714|[from] Stealth Rock
|move|p2a: Blastoise|Water Pulse|p1a: 9.58093
|-damage|p1a: 9.58093|323\/714
|
|-heal|p1a: 9.58093|367\/714|[from] item: Leftovers
|-damage|p2a: Blastoise|167\/327 brn|[from] brn
|turn|13
|c|âEmma Bae â¥|just the way you
|c|âEmma Bae â¥|are
|c|âEmma Bae â¥|when you smile
|
|switch|p2a: Lucario|Lucario, F|281\/281
|move|p1a: 9.58093|Wish|p1a: 9.58093
|
|-heal|p1a: 9.58093|411\/714|[from] item: Leftovers
|turn|14
|c| I<3Magikarp|the whole world stops and stares for a while
|c|âEmma Bae â¥|cause gurl you're amazing
|
|move|p1a: 9.58093|Protect|p1a: 9.58093
|-singleturn|p1a: 9.58093|Protect
|move|p2a: Lucario|Swords Dance|p2a: Lucario
|-boost|p2a: Lucario|atk|2
|
|-heal|p1a: 9.58093|714\/714|[from] move: Wish|[wisher] 9.58093
|turn|15
|c|âEmma Bae â¥|JUST THE WAY YOU ARE
|c| cobaelion|(mazing)
|c| cobaelion|you forgot the echo
|c|âEmma Bae â¥|my bad 
|c|âEmma Bae â¥|=_=
|
|switch|p1a: 1.03736|Weezing, M|334\/334
|-damage|p1a: 1.03736|293\/334|[from] Stealth Rock
|move|p2a: Lucario|Close Combat|p1a: 1.03736
|-resisted|p1a: 1.03736
|-damage|p1a: 1.03736|129\/334
|-unboost|p2a: Lucario|def|1
|-unboost|p2a: Lucario|spd|1
|-damage|p2a: Lucario|253\/281|[from] item: Life Orb
|
|-heal|p1a: 1.03736|149\/334|[from] item: Black Sludge
|turn|16
|c| cobaelion|lel
|leave|Emma Bae â¥
|player|p2
|c|âBob the Bae|oh shit
|c| I<3Magikarp|-piano-
|c| cobaelion|meowiekins: nice resist
|join|Emma Bae â¥
|c| I<3Magikarp|you forgot the piano
|c|âEmma Bae â¥|my bad
|player|p2|Emma Bae â¥|190
|c| cobaelion|tfw i dont have the shittiest internet
|
|move|p2a: Lucario|Close Combat|p1a: 1.03736
|-resisted|p1a: 1.03736
|-damage|p1a: 1.03736|0 fnt
|-unboost|p2a: Lucario|def|1
|-unboost|p2a: Lucario|spd|1
|-damage|p2a: Lucario|225\/281|[from] item: Life Orb
|faint|p1a: 1.03736
|
|
|switch|p1a: 2.71406|Gligar, F|317\/334
|-damage|p1a: 2.71406|276\/334|[from] Stealth Rock
|turn|17
|
|move|p2a: Lucario|Extreme Speed|p1a: 2.71406
|-damage|p1a: 2.71406|134\/334
|-damage|p2a: Lucario|197\/281|[from] item: Life Orb
|move|p1a: 2.71406|Earthquake|p2a: Lucario
|-supereffective|p2a: Lucario
|-damage|p2a: Lucario|0 fnt
|faint|p2a: Lucario
|
|c| cobaelion|ice punch
|c|âEmma Bae â¥|outdated tea
|c|âEmma Bae â¥|i have ice punch on every lucario
|c|âEmma Bae â¥|other than this one 
|c|âEmma Bae â¥|i cri
|c| cobaelion|bp?
|c|âEmma Bae â¥|ery tim
|
|switch|p2a: Darmanitan|Darmanitan, M|308\/351
|turn|18
|c|âEmma Bae â¥|yah
|c|âBob the Bae|crunch is better imo
|c| cobaelion|bp is good tho
|
|move|p2a: Darmanitan|Flare Blitz|p1a: 2.71406
|-damage|p1a: 2.71406|0 fnt
|-damage|p2a: Darmanitan|264\/351|[from] recoil|[of] p1a: 2.71406
|faint|p1a: 2.71406
|
|c| cobaelion|mega aero gonna rise temporarily
|c|âEmma Bae â¥|for florges 
|c|âEmma Bae â¥|and mega dactyl
|c|âEmma Bae â¥|only lol
|
|switch|p1a: 8.21179|Arcanine, F|300\/383
|-damage|p1a: 8.21179|205\/383|[from] Stealth Rock
|-ability|p1a: 8.21179|Intimidate|[of] p2a: Darmanitan
|-unboost|p2a: Darmanitan|atk|1
|turn|19
|
|switch|p2a: Blastoise|Blastoise-Mega, M|167\/327 brn
|move|p1a: 8.21179|Morning Sun|p1a: 8.21179
|-heal|p1a: 8.21179|383\/383
|
|-damage|p2a: Blastoise|127\/327 brn|[from] brn
|turn|20
|c| cobaelion|useless vs bob tho
|
|switch|p1a: 9.58093|Blissey, F|714\/714
|-damage|p1a: 9.58093|625\/714|[from] Stealth Rock
|move|p2a: Blastoise|Water Pulse|p1a: 9.58093
|-damage|p1a: 9.58093|480\/714
|
|-heal|p1a: 9.58093|524\/714|[from] item: Leftovers
|-damage|p2a: Blastoise|87\/327 brn|[from] brn
|turn|21
|c| cobaelion|because bob is bae
|
|switch|p2a: Nidoqueen|Nidoqueen, F|121\/321
|move|p1a: 9.58093|Wish|p1a: 9.58093
|
|-heal|p1a: 9.58093|568\/714|[from] item: Leftovers
|turn|22
|
|move|p2a: Nidoqueen|Sludge Wave|p1a: 9.58093
|-damage|p1a: 9.58093|399\/714
|move|p1a: 9.58093|Seismic Toss|p2a: Nidoqueen
|-damage|p2a: Nidoqueen|21\/321
|
|-heal|p1a: 9.58093|714\/714|[from] move: Wish|[wisher] 9.58093
|turn|23
|c| cobaelion|is chuck only one here without bae name
|c| cobaelion|?
|
|move|p2a: Nidoqueen|Sludge Wave|p1a: 9.58093
|-damage|p1a: 9.58093|557\/714
|move|p1a: 9.58093|Seismic Toss|p2a: Nidoqueen
|-damage|p2a: Nidoqueen|0 fnt
|faint|p2a: Nidoqueen
|
|-heal|p1a: 9.58093|601\/714|[from] item: Leftovers
|c| I<3Magikarp|nah
|
|switch|p2a: Darmanitan|Darmanitan, M|264\/351
|turn|24
|c| cobaelion|o
|c|âBob the Bae|chuck is no bae 
|c| cobaelion|nvm
|
|move|p1a: 9.58093|Protect|p1a: 9.58093
|-singleturn|p1a: 9.58093|Protect
|move|p2a: Darmanitan|Flare Blitz|p1a: 9.58093
|-activate|p1a: 9.58093|Protect
|
|-heal|p1a: 9.58093|645\/714|[from] item: Leftovers
|turn|25
|c| I<3Magikarp|brb
|
|switch|p1a: 8.21179|Arcanine, F|383\/383
|-damage|p1a: 8.21179|288\/383|[from] Stealth Rock
|-ability|p1a: 8.21179|Intimidate|[of] p2a: Darmanitan
|-unboost|p2a: Darmanitan|atk|1
|move|p2a: Darmanitan|Flare Blitz|p1a: 8.21179
|-resisted|p1a: 8.21179
|-damage|p1a: 8.21179|157\/383
|-damage|p2a: Darmanitan|221\/351|[from] recoil|[of] p1a: 8.21179
|
|-heal|p1a: 8.21179|180\/383|[from] item: Leftovers
|turn|26
|join|I<3Magi-Bae
|
|move|p2a: Darmanitan|Flare Blitz|p1a: 8.21179
|-resisted|p1a: 8.21179
|-damage|p1a: 8.21179|66\/383
|-damage|p2a: Darmanitan|183\/351|[from] recoil|[of] p1a: 8.21179
|move|p1a: 8.21179|Morning Sun|p1a: 8.21179
|-heal|p1a: 8.21179|257\/383
|
|-heal|p1a: 8.21179|280\/383|[from] item: Leftovers
|turn|27
|c|âEmma Bae â¥|Fuck sake bob
|c| I<3Magi-Bae|i just want to fit in
|c|âBob the Bae|wow a wannabe bae
|c|âBob the Bae|a wannabae
|c| cobaelion|lol
|
|switch|p2a: Hydreigon|Hydreigon, F, shiny|325\/325
|move|p1a: 8.21179|Morning Sun|p1a: 8.21179
|-heal|p1a: 8.21179|383\/383
|
|turn|28
|c| I<3Magi-Bae|lol
|c| I<3Magi-Bae|fuck this
|
|move|p2a: Hydreigon|Dark Pulse|p1a: 8.21179
|-damage|p1a: 8.21179|224\/383
|move|p1a: 8.21179|Will-O-Wisp|p2a: Hydreigon
|-status|p2a: Hydreigon|brn
|
|-heal|p1a: 8.21179|247\/383|[from] item: Leftovers
|-damage|p2a: Hydreigon|285\/325 brn|[from] brn
|turn|29
|c| cobaelion|> bob
|join|I<3Magikarp
|c| cobaelion|bob the bae: frens don't 6-0 frens :(
|
|switch|p2a: Darmanitan|Darmanitan, M|183\/351
|switch|p1a: 1.21976|Virizion|323\/323
|-damage|p1a: 1.21976|303\/323|[from] Stealth Rock
|
|turn|30
|c|âEmma Bae â¥|come on flinch bb
|c| DatGuyChuck|Magi-Bae lol
|c| I<3Magikarp|This is where I belong.
|c| DatGuyChuck|well its not a 6-0
|c|âEmma Bae â¥|OOOh damn
|c| cobaelion|ik
|c| DatGuyChuck|so it doesnt apply
|
|move|p1a: 1.21976|Close Combat|p2a: Darmanitan
|-damage|p2a: Darmanitan|0 fnt
|-unboost|p1a: 1.21976|def|1
|-unboost|p1a: 1.21976|spd|1
|faint|p2a: Darmanitan
|
|c|âEmma Bae â¥|FUCK
|c| cobaelion|:[
|
|switch|p2a: Hydreigon|Hydreigon, F, shiny|285\/325 brn
|turn|31
|c| DatGuyChuck|rekt
|
|switch|p1a: 9.58093|Blissey, F|645\/714
|-damage|p1a: 9.58093|556\/714|[from] Stealth Rock
|move|p2a: Hydreigon|Draco Meteor|p1a: 9.58093
|-damage|p1a: 9.58093|384\/714
|-unboost|p2a: Hydreigon|spa|2
|
|-heal|p1a: 9.58093|428\/714|[from] item: Leftovers
|-damage|p2a: Hydreigon|245\/325 brn|[from] brn
|turn|32
|join|Colbrushie
|c|âEmma Bae â¥|but how do u know im not scarf
|c|âEmma Bae â¥|this IS SO BORING
|c|âEmma Bae â¥|31 turns
|c| DatGuyChuck|#SpecsDamage
|-message|Emma Bae â¥ forfeited.
|
|win|Bob the Bae
|raw|Ladder updating...
|raw|Bob the Bae's rating: 1695 &rarr; <strong>1707<\/strong><br \/>(+12 for winning)
|raw|Emma Bae â¥'s rating: 1548 &rarr; <strong>1536<\/strong><br \/>(-12 for losing)
|c|âEmma Bae â¥|go drown
|c| DatGuyChuck|REKT
|c|âEmma Bae â¥|'P
|c|âEmma Bae â¥|;P
|c|âBob the Bae|damage 
|c| cobaelion|gj bob
|c| DatGuyChuck|GET
|c| DatGuyChuck|REKT
|c|âBob the Bae|tells me its band
|c| I<3Magikarp|1707.
|c| I<3Magikarp|nb
|leave|Emma Bae â¥
|player|p2
|c| DatGuyChuck|nbnb
|leave|DatGuyChuck
|c|âBob the Bae|nb nb nb
|c|âBob the Bae|40-2
|c| cobaelion|gj
|c| Colbrushie|why not
|c| Colbrushie|41-2
|c| Colbrushie|:^]