|join|xMarth
|join|Bob the Bae
|player|p1|xMarth|153
|player|p2|Bob the Bae|23
|gametype|singles
|gen|6
|tier|UU
|rated
|rule|Sleep Clause Mod: Limit one foe put to sleep
|rule|Species Clause: Limit one of each PokÃ©mon
|rule|OHKO Clause: OHKO moves are banned
|rule|Moody Clause: Moody is banned
|rule|Evasion Moves Clause: Evasion moves are banned
|rule|Endless Battle Clause: Forcing endless battles is banned
|rule|HP Percentage Mod: HP is shown in percentages
|clearpoke
|poke|p1|Froslass, F
|poke|p1|Sableye, F
|poke|p1|Lucario, F, shiny
|poke|p1|Swampert, F
|poke|p1|Shaymin
|poke|p1|Aerodactyl, M
|poke|p2|Blissey, F
|poke|p2|Noivern, F
|poke|p2|Weezing, F
|poke|p2|Alomomola, F
|poke|p2|Gligar, F
|poke|p2|Virizion
|rule|Swagger Clause: Swagger is banned
|rule|Baton Pass Clause: Limit one PokÃ©mon knowing Baton Pass
|teampreview
|c|âBob the Bae|kek
|c|âxMarth|k
|
|start
|switch|p1a: Froslass|Froslass, F|281\/281
|switch|p2a: 1.03736|Weezing, F|334\/334
|turn|1
|
|move|p1a: Froslass|Taunt|p2a: 1.03736
|-start|p2a: 1.03736|move: Taunt
|move|p2a: 1.03736|Flamethrower|p1a: Froslass
|-supereffective|p1a: Froslass
|-damage|p1a: Froslass|111\/281
|-status|p1a: Froslass|brn
|
|-damage|p1a: Froslass|76\/281 brn|[from] brn
|turn|2
|
|move|p1a: Froslass|Spikes|p2a: 1.03736
|-sidestart|p2: Bob the Bae|Spikes
|move|p2a: 1.03736|Clear Smog|p1a: Froslass
|-resisted|p1a: Froslass
|-damage|p1a: Froslass|43\/281 brn
|-start|p2a: 1.03736|Disable|Clear Smog
|-clearboost|p1a: Froslass
|
|-damage|p1a: Froslass|8\/281 brn|[from] brn
|turn|3
|
|switch|p2a: 3.35700|Alomomola, F|534\/534
|-damage|p2a: 3.35700|468\/534|[from] Spikes
|move|p1a: Froslass|Spikes|p2a: 3.35700
|-sidestart|p2: Bob the Bae|Spikes
|
|-heal|p2a: 3.35700|501\/534|[from] item: Leftovers
|-damage|p1a: Froslass|0 fnt|[from] brn
|faint|p1a: Froslass
|
|switch|p1a: Shaymin|Shaymin|341\/341
|turn|4
|
|switch|p2a: 3.98100|Noivern, F|317\/317
|move|p1a: Shaymin|Seed Flare|p2a: 3.98100
|-resisted|p2a: 3.98100
|-damage|p2a: 3.98100|241\/317
|
|turn|5
|
|switch|p1a: Sableye|Sableye, F|299\/299
|move|p2a: 3.98100|Switcheroo|p1a: Sableye
|-activate|p2a: 3.98100|move: Trick|[of] p1a: Sableye
|-item|p1a: Sableye|Choice Scarf|[from] Trick
|-item|p2a: 3.98100|Leftovers|[from] Trick
|
|-heal|p2a: 3.98100|260\/317|[from] item: Leftovers
|turn|6
|
|move|p2a: 3.98100|U-turn|p1a: Sableye
|-damage|p1a: Sableye|255\/299
|join|sniperaim
|
|switch|p2a: 1.21976|Virizion|323\/323
|-damage|p2a: 1.21976|270\/323|[from] Spikes
|move|p1a: Sableye|Knock Off|p2a: 1.21976
|-resisted|p2a: 1.21976
|-damage|p2a: 1.21976|213\/323
|-boost|p2a: 1.21976|atk|1|[from] ability: Justified
|-enditem|p2a: 1.21976|Lum Berry|[from] move: Knock Off|[of] p1a: Sableye
|
|turn|7
|
|switch|p1a: Aerodactyl|Aerodactyl, M|301\/301
|-ability|p1a: Aerodactyl|Pressure
|move|p2a: 1.21976|Close Combat|p1a: Aerodactyl
|-damage|p1a: Aerodactyl|0 fnt
|-unboost|p2a: 1.21976|def|1
|-unboost|p2a: 1.21976|spd|1
|faint|p1a: Aerodactyl
|
|join|DrReuniclus89
|
|switch|p1a: Lucario|Lucario, F, shiny|281\/281
|turn|8
|join|xMarthaStewart
|
|switch|p2a: 1.03736|Weezing, F|334\/334
|move|p1a: Lucario|Extreme Speed|p2a: 1.03736
|-damage|p2a: 1.03736|251\/334
|-damage|p1a: Lucario|253\/281|[from] item: Life Orb
|
|-heal|p2a: 1.03736|271\/334|[from] item: Black Sludge
|turn|9
|
|switch|p1a: Swampert|Swampert, F|399\/399
|move|p2a: 1.03736|Will-O-Wisp|p1a: Swampert
|-status|p1a: Swampert|brn
|
|-heal|p2a: 1.03736|291\/334|[from] item: Black Sludge
|-damage|p1a: Swampert|350\/399 brn|[from] brn
|turn|10
|
|switch|p2a: 2.71406|Gligar, F|334\/334
|move|p1a: Swampert|Stealth Rock|p2a: 2.71406
|-sidestart|p2: Bob the Bae|move: Stealth Rock
|
|-heal|p1a: Swampert|374\/399 brn|[from] item: Leftovers
|-damage|p1a: Swampert|325\/399 brn|[from] brn
|turn|11
|join|rw3 meowiekins
|
|move|p2a: 2.71406|Defog|p1a: Swampert
|-unboost|p1a: Swampert|evasion|1
|-sideend|p2: Bob the Bae|Spikes|[from] move: Defog|[of] p2a: 2.71406
|-sideend|p2: Bob the Bae|Stealth Rock|[from] move: Defog|[of] p2a: 2.71406
|move|p1a: Swampert|Scald|p2a: 2.71406
|-supereffective|p2a: 2.71406
|-damage|p2a: 2.71406|232\/334
|
|-heal|p1a: Swampert|349\/399 brn|[from] item: Leftovers
|-damage|p1a: Swampert|300\/399 brn|[from] brn
|turn|12
|join|Emma Bae â¥
|
|move|p2a: 2.71406|Stealth Rock|p1a: Swampert
|-sidestart|p1: xMarth|move: Stealth Rock
|move|p1a: Swampert|Stealth Rock|p2a: 2.71406
|-sidestart|p2: Bob the Bae|move: Stealth Rock
|
|-heal|p1a: Swampert|324\/399 brn|[from] item: Leftovers
|-damage|p1a: Swampert|275\/399 brn|[from] brn
|turn|13
|
|switch|p2a: 9.58093|Blissey, F|714\/714
|-damage|p2a: 9.58093|625\/714|[from] Stealth Rock
|move|p1a: Swampert|Scald|p2a: 9.58093
|-damage|p2a: 9.58093|564\/714
|
|-heal|p1a: Swampert|299\/399 brn|[from] item: Leftovers
|-heal|p2a: 9.58093|608\/714|[from] item: Leftovers
|-damage|p1a: Swampert|250\/399 brn|[from] brn
|turn|14
|join|rw3 jacob
|
|switch|p1a: Lucario|Lucario, F, shiny|253\/281
|-damage|p1a: Lucario|245\/281|[from] Stealth Rock
|move|p2a: 9.58093|Wish|p2a: 9.58093
|
|-heal|p2a: 9.58093|652\/714|[from] item: Leftovers
|turn|15
|
|switch|p1a: Shaymin|Shaymin|341\/341
|-damage|p1a: Shaymin|299\/341|[from] Stealth Rock
|switch|p2a: 1.03736|Weezing, F|291\/334
|-damage|p2a: 1.03736|250\/334|[from] Stealth Rock
|
|-heal|p2a: 1.03736|334\/334|[from] move: Wish|[wisher] 9.58093
|turn|16
|
|switch|p2a: 9.58093|Blissey, F|652\/714
|-damage|p2a: 9.58093|563\/714|[from] Stealth Rock
|move|p1a: Shaymin|Seed Flare|p2a: 9.58093
|-damage|p2a: 9.58093|371\/714
|-unboost|p2a: 9.58093|spd|2
|
|-heal|p2a: 9.58093|415\/714|[from] item: Leftovers
|turn|17
|
|move|p1a: Shaymin|Seed Flare|p2a: 9.58093
|-damage|p2a: 9.58093|0 fnt
|faint|p2a: 9.58093
|
|c|âBob the Bae|that roll tho
|
|switch|p2a: 1.21976|Virizion|213\/323
|-damage|p2a: 1.21976|193\/323|[from] Stealth Rock
|turn|18
|
|switch|p1a: Sableye|Sableye, F|255\/299
|-damage|p1a: Sableye|218\/299|[from] Stealth Rock
|move|p2a: 1.21976|Swords Dance|p2a: 1.21976
|-boost|p2a: 1.21976|atk|2
|
|turn|19
|
|move|p1a: Sableye|Will-O-Wisp|p2a: 1.21976
|-status|p2a: 1.21976|brn
|move|p2a: 1.21976|Leaf Blade|p1a: Sableye
|-damage|p1a: Sableye|53\/299
|
|-damage|p2a: 1.21976|153\/323 brn|[from] brn
|turn|20
|
|move|p1a: Sableye|Will-O-Wisp|p2a: 1.21976|[miss]
|-miss|p1a: Sableye|p2a: 1.21976
|move|p2a: 1.21976|Leaf Blade|p1a: Sableye
|-damage|p1a: Sableye|0 fnt
|faint|p1a: Sableye
|
|-damage|p2a: 1.21976|113\/323 brn|[from] brn
|
|switch|p1a: Lucario|Lucario, F, shiny|245\/281
|-damage|p1a: Lucario|237\/281|[from] Stealth Rock
|turn|21
|
|move|p1a: Lucario|Extreme Speed|p2a: 1.21976
|-damage|p2a: 1.21976|0 fnt
|-damage|p1a: Lucario|209\/281|[from] item: Life Orb
|faint|p2a: 1.21976
|
|
|switch|p2a: 1.03736|Weezing, F|334\/334
|-damage|p2a: 1.03736|293\/334|[from] Stealth Rock
|turn|22
|
|switch|p1a: Swampert|Swampert, F|250\/399 brn
|-damage|p1a: Swampert|226\/399 brn|[from] Stealth Rock
|move|p2a: 1.03736|Toxic Spikes|p1a: Swampert
|-sidestart|p1: xMarth|move: Toxic Spikes
|
|-heal|p1a: Swampert|250\/399 brn|[from] item: Leftovers
|-heal|p2a: 1.03736|313\/334|[from] item: Black Sludge
|-damage|p1a: Swampert|201\/399 brn|[from] brn
|turn|23
|
|switch|p2a: 3.35700|Alomomola, F|534\/534
|-damage|p2a: 3.35700|468\/534|[from] Stealth Rock
|move|p1a: Swampert|Roar|p2a: 3.35700
|drag|p2a: 1.03736|Weezing, F|313\/334
|-damage|p2a: 1.03736|272\/334|[from] Stealth Rock
|
|-heal|p1a: Swampert|225\/399 brn|[from] item: Leftovers
|-heal|p2a: 1.03736|292\/334|[from] item: Black Sludge
|-damage|p1a: Swampert|176\/399 brn|[from] brn
|turn|24
|
|switch|p2a: 3.35700|Alomomola, F|534\/534
|-damage|p2a: 3.35700|468\/534|[from] Stealth Rock
|move|p1a: Swampert|Scald|p2a: 3.35700
|-resisted|p2a: 3.35700
|-damage|p2a: 3.35700|397\/534
|-status|p2a: 3.35700|brn
|
|-heal|p2a: 3.35700|430\/534 brn|[from] item: Leftovers
|-heal|p1a: Swampert|200\/399 brn|[from] item: Leftovers
|-damage|p2a: 3.35700|364\/534 brn|[from] brn
|-damage|p1a: Swampert|151\/399 brn|[from] brn
|turn|25
|
|move|p2a: 3.35700|Wish|p2a: 3.35700
|move|p1a: Swampert|Roar|p2a: 3.35700
|drag|p2a: 3.98100|Noivern, F|260\/317
|-damage|p2a: 3.98100|181\/317|[from] Stealth Rock
|
|-heal|p2a: 3.98100|200\/317|[from] item: Leftovers
|-heal|p1a: Swampert|175\/399 brn|[from] item: Leftovers
|-damage|p1a: Swampert|126\/399 brn|[from] brn
|turn|26
|
|move|p2a: 3.98100|Draco Meteor|p1a: Swampert
|-damage|p1a: Swampert|0 fnt
|-unboost|p2a: 3.98100|spa|2
|faint|p1a: Swampert
|
|-heal|p2a: 3.98100|317\/317|[from] move: Wish|[wisher] 3.35700
|
|switch|p1a: Lucario|Lucario, F, shiny|209\/281
|-damage|p1a: Lucario|201\/281|[from] Stealth Rock
|turn|27
|
|switch|p2a: 1.03736|Weezing, F|292\/334
|-damage|p2a: 1.03736|251\/334|[from] Stealth Rock
|move|p1a: Lucario|Swords Dance|p1a: Lucario
|-boost|p1a: Lucario|atk|2
|
|-heal|p2a: 1.03736|271\/334|[from] item: Black Sludge
|turn|28
|
|move|p1a: Lucario|Close Combat|p2a: 1.03736
|-resisted|p2a: 1.03736
|-damage|p2a: 1.03736|107\/334
|-unboost|p1a: Lucario|def|1
|-unboost|p1a: Lucario|spd|1
|-damage|p1a: Lucario|173\/281|[from] item: Life Orb
|move|p2a: 1.03736|Flamethrower|p1a: Lucario
|-supereffective|p1a: Lucario
|-damage|p1a: Lucario|0 fnt
|faint|p1a: Lucario
|
|-heal|p2a: 1.03736|127\/334|[from] item: Black Sludge
|
|switch|p1a: Shaymin|Shaymin|299\/341
|-damage|p1a: Shaymin|257\/341|[from] Stealth Rock
|-status|p1a: Shaymin|psn
|turn|29
|
|move|p1a: Shaymin|Seed Flare|p2a: 1.03736
|-resisted|p2a: 1.03736
|-damage|p2a: 1.03736|0 fnt
|faint|p2a: 1.03736
|
|-damage|p1a: Shaymin|215\/341 psn|[from] psn
|
|switch|p2a: 3.98100|Noivern, F|317\/317
|-damage|p2a: 3.98100|238\/317|[from] Stealth Rock
|turn|30
|
|move|p2a: 3.98100|Flamethrower|p1a: Shaymin
|-supereffective|p1a: Shaymin
|-damage|p1a: Shaymin|17\/341 psn
|move|p1a: Shaymin|Seed Flare|p2a: 3.98100|[miss]
|-miss|p1a: Shaymin|p2a: 3.98100
|
|-heal|p2a: 3.98100|257\/317|[from] item: Leftovers
|-damage|p1a: Shaymin|0 fnt|[from] psn
|faint|p1a: Shaymin
|
|win|Bob the Bae
|raw|Ladder updating...
|raw|xMarth's rating: 1733 &rarr; <strong>1707<\/strong><br \/>(-26 for losing)
|raw|Bob the Bae's rating: 1630 &rarr; <strong>1656<\/strong><br \/>(+26 for winning)
|c|âBob the Bae|gg
|c|âxMarth|gg
|leave|rw3 jacob