|join|Bob the Bae
|join|ebip
|player|p1|Bob the Bae|23
|player|p2|ebip|279
|gametype|singles
|gen|6
|tier|UU
|rated
|rule|Sleep Clause Mod: Limit one foe put to sleep
|rule|Species Clause: Limit one of each PokÃ©mon
|rule|OHKO Clause: OHKO moves are banned
|rule|Moody Clause: Moody is banned
|rule|Evasion Moves Clause: Evasion moves are banned
|rule|Endless Battle Clause: Forcing endless battles is banned
|rule|HP Percentage Mod: HP is shown in percentages
|clearpoke
|poke|p1|Blissey, F
|poke|p1|Noivern, M
|poke|p1|Weezing, F
|poke|p1|Alomomola, M
|poke|p1|Gligar, F
|poke|p1|Virizion
|poke|p2|Infernape, M
|poke|p2|Flygon, F
|poke|p2|Metagross
|poke|p2|Raikou
|poke|p2|Crobat, M
|poke|p2|Absol, M
|rule|Swagger Clause: Swagger is banned
|rule|Baton Pass Clause: Limit one PokÃ©mon knowing Baton Pass
|teampreview
|join|sniperaim
|join|watfor
|c|âBob the Bae|ok this guy is nb w\/l
|join|42 blaz it
|c|âBob the Bae|im scared
|
|start
|switch|p1a: 1.03736|Weezing, F|334\/334
|switch|p2a: Infernape|Infernape, M|293\/293
|turn|1
|
|switch|p1a: 3.35700|Alomomola, M|534\/534
|move|p2a: Infernape|Stealth Rock|p1a: 3.35700
|-sidestart|p1: Bob the Bae|move: Stealth Rock
|
|turn|2
|c| sniperaim|yea pretty decent
|
|move|p2a: Infernape|Taunt|p1a: 3.35700
|-start|p1a: 3.35700|move: Taunt
|cant|p1a: 3.35700|move: Taunt|Toxic
|
|turn|3
|
|switch|p2a: Raikou|Raikou|321\/321
|-ability|p2a: Raikou|Pressure
|move|p1a: 3.35700|Scald|p2a: Raikou
|-damage|p2a: Raikou|278\/321
|
|turn|4
|c| watfor|SR nape always has taunt what are you doing
|c| sniperaim|cough av
|join|y4
|
|switch|p2a: Absol|Absol, M|271\/271
|switch|p1a: 9.58093|Blissey, F|714\/714
|-damage|p1a: 9.58093|625\/714|[from] Stealth Rock
|
|-heal|p1a: 9.58093|669\/714|[from] item: Leftovers
|turn|5
|c| watfor|yeah that looks av af
|c| watfor|unless Max HP Specs :^]
|c|âBob the Bae|i never see lead apes
|c|âBob the Bae|ever
|c| watfor|truuu
|
|switch|p1a: 3.35700|Alomomola, M|534\/534
|-damage|p1a: 3.35700|468\/534|[from] Stealth Rock
|detailschange|p2a: Absol|Absol-Mega, M
|message|Absol has Mega Evolved into Mega Absol!
|move|p2a: Absol|Knock Off|p1a: 3.35700
|-damage|p1a: 3.35700|309\/534
|-enditem|p1a: 3.35700|Leftovers|[from] move: Knock Off|[of] p2a: Absol
|
|turn|6
|c| sniperaim|lead ape isnt that bad
|
|move|p2a: Absol|Baton Pass|p2a: Absol
|
|switch|p2a: Raikou|Raikou|278\/321
|-ability|p2a: Raikou|Pressure
|move|p1a: 3.35700|Wish|p1a: 3.35700
|
|turn|7
|c| watfor|shrek
|c| watfor|he is switcheroo AV imo :^]
|
|switch|p1a: 1.21976|Virizion|323\/323
|-damage|p1a: 1.21976|303\/323|[from] Stealth Rock
|move|p2a: Raikou|Calm Mind|p2a: Raikou
|-boost|p2a: Raikou|spa|1
|-boost|p2a: Raikou|spd|1
|
|-heal|p1a: 1.21976|323\/323|[from] move: Wish|[wisher] 3.35700
|turn|8
|c| watfor|oooo
|c| watfor|max hp cm
|c|âBob the Bae|o
|c| sniperaim|cm restochesto
|c|âBob the Bae|ebelt or something
|c| watfor|not even bad
|
|switch|p2a: Crobat|Crobat, M|325\/325
|move|p1a: 1.21976|Close Combat|p2a: Crobat
|-resisted|p2a: Crobat
|-damage|p2a: Crobat|274\/325
|-unboost|p1a: 1.21976|def|1
|-unboost|p1a: 1.21976|spd|1
|
|-heal|p2a: Crobat|294\/325|[from] item: Black Sludge
|turn|9
|c| sniperaim|most likely
|join|bellicose
|join|zTerribadTastic
|c| sniperaim|lot of hp
|
|switch|p1a: 2.71406|Gligar, F|334\/334
|-damage|p1a: 2.71406|293\/334|[from] Stealth Rock
|move|p2a: Crobat|U-turn|p1a: 2.71406
|-resisted|p1a: 2.71406
|-damage|p1a: 2.71406|274\/334
|
|switch|p2a: Raikou|Raikou|278\/321
|-ability|p2a: Raikou|Pressure
|
|turn|10
|
|move|p2a: Raikou|Hidden Power|p1a: 2.71406
|-supereffective|p1a: 2.71406
|-damage|p1a: 2.71406|114\/334
|move|p1a: 2.71406|Earthquake|p2a: Raikou
|-supereffective|p2a: Raikou
|-damage|p2a: Raikou|54\/321
|
|turn|11
|
|switch|p1a: 9.58093|Blissey, F|669\/714
|-damage|p1a: 9.58093|580\/714|[from] Stealth Rock
|move|p2a: Raikou|Rest|p2a: Raikou
|-status|p2a: Raikou|slp
|-heal|p2a: Raikou|321\/321 slp|[silent]
|-status|p2a: Raikou|slp|[from] move: Rest
|-enditem|p2a: Raikou|Chesto Berry|[eat]
|-curestatus|p2a: Raikou|slp
|
|-heal|p1a: 9.58093|624\/714|[from] item: Leftovers
|turn|12
|c| 42 blaz it|kek
|c| bellicose|Who is bob the nerd
|c| 42 blaz it|his EQ doing more
|c| sniperaim|told u
|
|switch|p2a: Absol|Absol-Mega, M|271\/271
|move|p1a: 9.58093|Wish|p1a: 9.58093
|
|-heal|p1a: 9.58093|668\/714|[from] item: Leftovers
|turn|13
|c|âBob the Bae|not bad tbh
|leave|y4
|
|switch|p1a: 3.35700|Alomomola, M|487\/534
|-damage|p1a: 3.35700|421\/534|[from] Stealth Rock
|move|p2a: Absol|Knock Off|p1a: 3.35700
|-damage|p1a: 3.35700|316\/534
|
|-heal|p1a: 3.35700|534\/534|[from] move: Wish|[wisher] 9.58093
|turn|14
|c| bellicose|Bring in sd slack off nape
|
|move|p2a: Absol|Baton Pass|p2a: Absol
|
|switch|p2a: Raikou|Raikou|321\/321
|-ability|p2a: Raikou|Pressure
|move|p1a: 3.35700|Scald|p2a: Raikou
|-damage|p2a: Raikou|281\/321
|-status|p2a: Raikou|brn
|
|-damage|p2a: Raikou|241\/321 brn|[from] brn
|turn|15
|
|switch|p1a: 9.58093|Blissey, F|668\/714
|-damage|p1a: 9.58093|579\/714|[from] Stealth Rock
|move|p2a: Raikou|Thunderbolt|p1a: 9.58093
|-damage|p1a: 9.58093|470\/714
|
|-heal|p1a: 9.58093|514\/714|[from] item: Leftovers
|-damage|p2a: Raikou|201\/321 brn|[from] brn
|turn|16
|c| bellicose|Burn baby burn
|
|switch|p2a: Metagross|Metagross|364\/364
|move|p1a: 9.58093|Seismic Toss|p2a: Metagross
|-damage|p2a: Metagross|264\/364
|
|-heal|p1a: 9.58093|558\/714|[from] item: Leftovers
|turn|17
|
|switch|p1a: 3.35700|Alomomola, M|534\/534
|-damage|p1a: 3.35700|468\/534|[from] Stealth Rock
|move|p2a: Metagross|Zen Headbutt|p1a: 3.35700
|-damage|p1a: 3.35700|307\/534
|-damage|p2a: Metagross|228\/364|[from] item: Life Orb
|
|turn|18
|
|switch|p1a: 1.03736|Weezing, F|334\/334
|-damage|p1a: 1.03736|293\/334|[from] Stealth Rock
|move|p2a: Metagross|Zen Headbutt|p1a: 1.03736
|-supereffective|p1a: 1.03736
|-damage|p1a: 1.03736|33\/334
|-damage|p2a: Metagross|192\/364|[from] item: Life Orb
|
|-heal|p1a: 1.03736|53\/334|[from] item: Black Sludge
|turn|19
|c|âBob the Bae|o
|c| sniperaim|dayum
|
|switch|p1a: 3.35700|Alomomola, M|485\/534
|-damage|p1a: 3.35700|419\/534|[from] Stealth Rock
|move|p2a: Metagross|Bullet Punch|p1a: 3.35700
|-resisted|p1a: 3.35700
|-damage|p1a: 3.35700|376\/534
|-damage|p2a: Metagross|156\/364|[from] item: Life Orb
|
|turn|20
|join|Mega Alakazam 1
|
|switch|p2a: Raikou|Raikou|201\/321 brn
|-ability|p2a: Raikou|Pressure
|move|p1a: 3.35700|Wish|p1a: 3.35700
|
|-damage|p2a: Raikou|161\/321 brn|[from] brn
|turn|21
|
|switch|p1a: 9.58093|Blissey, F|558\/714
|-damage|p1a: 9.58093|469\/714|[from] Stealth Rock
|move|p2a: Raikou|Thunderbolt|p1a: 9.58093
|-damage|p1a: 9.58093|352\/714
|
|-heal|p1a: 9.58093|619\/714|[from] move: Wish|[wisher] 3.35700
|-heal|p1a: 9.58093|663\/714|[from] item: Leftovers
|-damage|p2a: Raikou|121\/321 brn|[from] brn
|turn|22
|
|move|p2a: Raikou|Rest|p2a: Raikou
|-status|p2a: Raikou|slp
|-heal|p2a: Raikou|321\/321 slp|[silent]
|-status|p2a: Raikou|slp|[from] move: Rest
|move|p1a: 9.58093|Wish|p1a: 9.58093
|
|-heal|p1a: 9.58093|707\/714|[from] item: Leftovers
|turn|23
|
|switch|p2a: Infernape|Infernape, M|293\/293
|switch|p1a: 1.03736|Weezing, F|53\/334
|-damage|p1a: 1.03736|12\/334|[from] Stealth Rock
|
|-heal|p1a: 1.03736|334\/334|[from] move: Wish|[wisher] 9.58093
|turn|24
|
|switch|p1a: 3.35700|Alomomola, M|534\/534
|-damage|p1a: 3.35700|468\/534|[from] Stealth Rock
|move|p2a: Infernape|Overheat|p1a: 3.35700
|-crit|p1a: 3.35700
|-resisted|p1a: 3.35700
|-damage|p1a: 3.35700|183\/534
|-unboost|p2a: Infernape|spa|2
|
|turn|25
|
|move|p2a: Infernape|Taunt|p1a: 3.35700
|-start|p1a: 3.35700|move: Taunt
|cant|p1a: 3.35700|move: Taunt|Wish
|
|turn|26
|c| sniperaim|noooooooooooo
|c|âBob the Bae|lol i keep forgetting
|
|switch|p2a: Absol|Absol-Mega, M|271\/271
|move|p1a: 3.35700|Scald|p2a: Absol
|-crit|p2a: Absol
|-damage|p2a: Absol|178\/271
|
|turn|27
|
|move|p2a: Absol|Knock Off|p1a: 3.35700
|-damage|p1a: 3.35700|84\/534
|move|p1a: 3.35700|Scald|p2a: Absol
|-damage|p2a: Absol|120\/271
|
|-end|p1a: 3.35700|move: Taunt
|turn|28
|
|switch|p1a: 1.03736|Weezing, F|334\/334
|-damage|p1a: 1.03736|293\/334|[from] Stealth Rock
|move|p2a: Absol|Knock Off|p1a: 1.03736
|-damage|p1a: 1.03736|173\/334
|-enditem|p1a: 1.03736|Black Sludge|[from] move: Knock Off|[of] p2a: Absol
|
|turn|29
|c| sniperaim|yea u win bob
|
|switch|p1a: 1.21976|Virizion|323\/323
|-damage|p1a: 1.21976|303\/323|[from] Stealth Rock
|move|p2a: Absol|Fire Blast|p1a: 1.21976
|-supereffective|p1a: 1.21976
|-damage|p1a: 1.21976|145\/323
|
|turn|30
|c| sniperaim|cant see u loosing
|c| sniperaim|nvm
|c|âBob the Bae|im gonna choke
|c|âBob the Bae|tbh
|c| sniperaim|n
|c| 42 blaz it|choke on c0mps nuts
|c| sniperaim|hes not even purdictn
|c| bellicose|kek
|
|switch|p1a: 3.35700|Alomomola, M|262\/534
|-damage|p1a: 3.35700|196\/534|[from] Stealth Rock
|move|p2a: Absol|Fire Blast|p1a: 3.35700
|-resisted|p1a: 3.35700
|-damage|p1a: 3.35700|102\/534
|
|turn|31
|c| sniperaim|he will blast
|c| sniperaim|here
|c| 42 blaz it|ghosting is cool
|
|switch|p1a: 9.58093|Blissey, F|707\/714
|-damage|p1a: 9.58093|618\/714|[from] Stealth Rock
|move|p2a: Absol|Fire Blast|p1a: 9.58093
|-damage|p1a: 9.58093|545\/714
|
|-heal|p1a: 9.58093|589\/714|[from] item: Leftovers
|turn|32
|c| sniperaim|mind gamez
|c| bellicose|Fucking nerd
|
|move|p2a: Absol|Knock Off|p1a: 9.58093
|-damage|p1a: 9.58093|250\/714
|-enditem|p1a: 9.58093|Leftovers|[from] move: Knock Off|[of] p2a: Absol
|move|p1a: 9.58093|Wish|p1a: 9.58093
|
|turn|33
|c| bellicose|Knock did the same as blast
|
|move|p2a: Absol|Baton Pass|p2a: Absol
|c| bellicose|Whats ur prob
|
|switch|p2a: Infernape|Infernape, M|293\/293
|move|p1a: 9.58093|Seismic Toss|p2a: Infernape
|-damage|p2a: Infernape|193\/293
|
|-heal|p1a: 9.58093|607\/714|[from] move: Wish|[wisher] 9.58093
|turn|34
|
|move|p1a: 9.58093|Protect|p1a: 9.58093
|-singleturn|p1a: 9.58093|Protect
|move|p2a: Infernape|Overheat|p1a: 9.58093
|-activate|p1a: 9.58093|Protect
|
|turn|35
|c| sniperaim|sash neturalized
|
|switch|p1a: 3.98100|Noivern, M|315\/315
|-damage|p1a: 3.98100|237\/315|[from] Stealth Rock
|move|p2a: Infernape|Taunt|p1a: 3.98100
|-start|p1a: 3.98100|move: Taunt
|
|turn|36
|
|switch|p2a: Metagross|Metagross|156\/364
|move|p1a: 3.98100|Draco Meteor|p2a: Metagross
|-resisted|p2a: Metagross
|-damage|p2a: Metagross|36\/364
|-unboost|p1a: 3.98100|spa|2
|
|turn|37
|
|switch|p1a: 3.35700|Alomomola, M|280\/534
|-damage|p1a: 3.35700|214\/534|[from] Stealth Rock
|move|p2a: Metagross|Zen Headbutt|p1a: 3.35700
|-damage|p1a: 3.35700|31\/534
|-damage|p2a: Metagross|0 fnt|[from] item: Life Orb
|faint|p2a: Metagross
|
|c| sniperaim|pursuit imo
|
|switch|p2a: Crobat|Crobat, M|294\/325
|turn|38
|c| sniperaim|inb4
|
|switch|p1a: 1.03736|Weezing, F|173\/334
|-damage|p1a: 1.03736|132\/334|[from] Stealth Rock
|move|p2a: Crobat|Brave Bird|p1a: 1.03736
|-damage|p1a: 1.03736|27\/334
|-damage|p2a: Crobat|259\/325|[from] recoil|[of] p1a: 1.03736
|
|-heal|p2a: Crobat|279\/325|[from] item: Black Sludge
|turn|39
|
|move|p2a: Crobat|Brave Bird|p1a: 1.03736
|-damage|p1a: 1.03736|0 fnt
|-damage|p2a: Crobat|270\/325|[from] recoil|[of] p1a: 1.03736
|faint|p1a: 1.03736
|
|-heal|p2a: Crobat|290\/325|[from] item: Black Sludge
|
|switch|p1a: 3.35700|Alomomola, M|209\/534
|-damage|p1a: 3.35700|143\/534|[from] Stealth Rock
|turn|40
|join|waiv
|
|switch|p1a: 9.58093|Blissey, F|607\/714
|-damage|p1a: 9.58093|518\/714|[from] Stealth Rock
|move|p2a: Crobat|U-turn|p1a: 9.58093
|-damage|p1a: 9.58093|394\/714
|c| waiv|pls
|
|switch|p2a: Infernape|Infernape, M|193\/293
|
|turn|41
|leave|zTerribadTastic
|
|switch|p1a: 3.98100|Noivern, M|237\/315
|-damage|p1a: 3.98100|159\/315|[from] Stealth Rock
|move|p2a: Infernape|Taunt|p1a: 3.98100
|-start|p1a: 3.98100|move: Taunt
|
|turn|42
|
|switch|p2a: Raikou|Raikou|321\/321 slp
|-ability|p2a: Raikou|Pressure
|move|p1a: 3.98100|Draco Meteor|p2a: Raikou
|-damage|p2a: Raikou|117\/321 slp
|-unboost|p1a: 3.98100|spa|2
|
|turn|43
|c| waiv|hibobo
|c|âBob the Bae|hihi waiv
|c| sniperaim|im gettn sleepy
|
|switch|p1a: 2.71406|Gligar, F|114\/334
|-damage|p1a: 2.71406|73\/334|[from] Stealth Rock
|cant|p2a: Raikou|slp
|
|turn|44
|c| waiv|hi sniperaim don't fall asleep
|c| watfor|then sleep sniper n_n
|
|cant|p2a: Raikou|slp
|move|p1a: 2.71406|Roost|p1a: 2.71406
|-heal|p1a: 2.71406|240\/334
|
|turn|45
|c| 42 blaz it|sniper do u wana go to bed
|
|-curestatus|p2a: Raikou|slp
|move|p2a: Raikou|Hidden Power|p1a: 2.71406
|-supereffective|p1a: 2.71406
|-damage|p1a: 2.71406|76\/334
|move|p1a: 2.71406|Roost|p1a: 2.71406
|-heal|p1a: 2.71406|243\/334
|
|turn|46
|c| 42 blaz it|with me?
|c| sniperaim|i will after bob wins
|
|switch|p2a: Infernape|Infernape, M|193\/293
|switch|p1a: 9.58093|Blissey, F|394\/714
|-damage|p1a: 9.58093|305\/714|[from] Stealth Rock
|
|turn|47
|c| sniperaim|noooo
|c| bellicose|K
|c| 42 blaz it|ok thanks!
|c| sniperaim|im taken
|c| waiv|> bob loses
|c| sniperaim|by bob
|c| waiv|> never get to sleep
|c| sniperaim|:[
|
|move|p2a: Infernape|Taunt|p1a: 9.58093
|-start|p1a: 9.58093|move: Taunt
|cant|p1a: 9.58093|move: Taunt|Wish
|
|turn|48
|c| sniperaim|dammit
|
|switch|p1a: 2.71406|Gligar, F|243\/334
|-damage|p1a: 2.71406|202\/334|[from] Stealth Rock
|move|p2a: Infernape|Overheat|p1a: 2.71406
|-damage|p1a: 2.71406|81\/334
|-unboost|p2a: Infernape|spa|2
|
|turn|49
|
|move|p2a: Infernape|Taunt|p1a: 2.71406
|-start|p1a: 2.71406|move: Taunt
|move|p1a: 2.71406|Earthquake|p2a: Infernape
|-supereffective|p2a: Infernape
|-damage|p2a: Infernape|0 fnt
|faint|p2a: Infernape
|
|c| waiv|BOP
|
|switch|p2a: Flygon|Flygon, F|301\/301
|turn|50
|c| sniperaim|inb4
|c| watfor|pursuit flygon y\/y
|c| sniperaim|banded
|
|move|p2a: Flygon|Outrage|p1a: 2.71406
|-damage|p1a: 2.71406|0 fnt
|faint|p1a: 2.71406
|
|
|switch|p1a: 3.98100|Noivern, M|159\/315
|-damage|p1a: 3.98100|81\/315|[from] Stealth Rock
|turn|51
|c| watfor|scarf outrage tbh
|c| waiv|inb4, scarfed
|c| sniperaim|bombs
|
|move|p1a: 3.98100|Draco Meteor|p2a: Flygon
|-crit|p2a: Flygon
|-supereffective|p2a: Flygon
|-damage|p2a: Flygon|0 fnt
|-unboost|p1a: 3.98100|spa|2
|faint|p2a: Flygon
|
|c| waiv|LOL
|c|âBob the Bae|inb4miss
|c| sniperaim|awayyy
|c|âBob the Bae|o good
|
|switch|p2a: Crobat|Crobat, M|290\/325
|turn|52
|c| waiv|ooft
|
|switch|p1a: 1.21976|Virizion|145\/323
|-damage|p1a: 1.21976|125\/323|[from] Stealth Rock
|move|p2a: Crobat|Brave Bird|p1a: 1.21976
|-supereffective|p1a: 1.21976
|-damage|p1a: 1.21976|0 fnt
|-damage|p2a: Crobat|249\/325|[from] recoil|[of] p1a: 1.21976
|faint|p1a: 1.21976
|
|-heal|p2a: Crobat|269\/325|[from] item: Black Sludge
|c| sniperaim|rip verizon
|c| sniperaim|wireless
|
|switch|p1a: 3.98100|Noivern, M|81\/315
|-damage|p1a: 3.98100|3\/315|[from] Stealth Rock
|turn|53
|c| waiv|dat 1hp
|
|switch|p2a: Absol|Absol-Mega, M|120\/271
|move|p1a: 3.98100|Draco Meteor|p2a: Absol
|-damage|p2a: Absol|0 fnt
|-unboost|p1a: 3.98100|spa|2
|faint|p2a: Absol
|
|c| sniperaim|nice evs
|c| sniperaim|nerd
|
|switch|p2a: Crobat|Crobat, M|269\/325
|turn|54
|
|move|p1a: 3.98100|Draco Meteor|p2a: Crobat
|-damage|p2a: Crobat|152\/325
|-unboost|p1a: 3.98100|spa|2
|move|p2a: Crobat|Roost|p2a: Crobat
|-heal|p2a: Crobat|315\/325
|
|-heal|p2a: Crobat|325\/325|[from] item: Black Sludge
|turn|55
|
|move|p1a: 3.98100|Draco Meteor|p2a: Crobat
|-damage|p2a: Crobat|237\/325
|-unboost|p1a: 3.98100|spa|2
|move|p2a: Crobat|Brave Bird|p1a: 3.98100
|-damage|p1a: 3.98100|0 fnt
|-damage|p2a: Crobat|236\/325|[from] recoil|[of] p1a: 3.98100
|faint|p1a: 3.98100
|
|-heal|p2a: Crobat|256\/325|[from] item: Black Sludge
|c| sniperaim|crit
|c| sniperaim|o
|join|Druides
|
|switch|p1a: 3.35700|Alomomola, M|321\/534
|-damage|p1a: 3.35700|255\/534|[from] Stealth Rock
|turn|56
|c| sniperaim|if taunt
|c| sniperaim|u lose
|
|move|p2a: Crobat|Brave Bird|p1a: 3.35700
|-crit|p1a: 3.35700
|-damage|p1a: 3.35700|44\/534
|-damage|p2a: Crobat|186\/325|[from] recoil|[of] p1a: 3.35700
|move|p1a: 3.35700|Wish|p1a: 3.35700
|
|-heal|p2a: Crobat|206\/325|[from] item: Black Sludge
|turn|57
|c| 42 blaz it|coolstorybrobat :^)
|c| sniperaim|nvm
|c| waiv|ooft
|c|âBob the Bae|or crit
|c| waiv|dat crit
|c| sniperaim|if hax u lose
|c| sniperaim|kek
|c| waiv|dayum
|
|move|p2a: Crobat|Brave Bird|p1a: 3.35700
|-damage|p1a: 3.35700|0 fnt
|-damage|p2a: Crobat|191\/325|[from] recoil|[of] p1a: 3.35700
|faint|p1a: 3.35700
|
|-heal|p2a: Crobat|211\/325|[from] item: Black Sludge
|
|switch|p1a: 9.58093|Blissey, F|305\/714
|-damage|p1a: 9.58093|216\/714|[from] Stealth Rock
|turn|58
|c| sniperaim|yea that mattered
|c| watfor|,,,
|c| sniperaim|a lot
|
|move|p2a: Crobat|Brave Bird|p1a: 9.58093
|-damage|p1a: 9.58093|0 fnt
|-damage|p2a: Crobat|140\/325|[from] recoil|[of] p1a: 9.58093
|faint|p1a: 9.58093
|
|win|ebip
|raw|Ladder updating...
|raw|Bob the Bae's rating: 1798 &rarr; <strong>1768<\/strong><br \/>(-30 for losing)
|raw|ebip's rating: 1622 &rarr; <strong>1651<\/strong><br \/>(+29 for winning)
|c| bellicose|REKT
|c| sniperaim|dam
|c| bellicose|REKT
|c| bellicose|O BB
|c| Mega Alakazam 1|gg
|c| Mega Alakazam 1|rekt
|c| bellicose|SHIT TEAM BOB
|leave|Mega Alakazam 1
|c| bellicose|bad n mad
|leave|Bob the Bae
|player|p1
|leave|watfor