|join|Bob the Bae
|join|Slendermeng
|player|p1|Bob the Bae|23
|player|p2|Slendermeng|101
|gametype|singles
|gen|6
|tier|UU
|rated
|rule|Sleep Clause Mod: Limit one foe put to sleep
|rule|Species Clause: Limit one of each PokÃ©mon
|rule|OHKO Clause: OHKO moves are banned
|rule|Moody Clause: Moody is banned
|rule|Evasion Moves Clause: Evasion moves are banned
|rule|Endless Battle Clause: Forcing endless battles is banned
|rule|HP Percentage Mod: HP is shown in percentages
|clearpoke
|poke|p1|Blissey, F
|poke|p1|Noivern, F
|poke|p1|Weezing, F
|poke|p1|Arcanine, F
|poke|p1|Gligar, F
|poke|p1|Virizion
|poke|p2|Absol, M
|poke|p2|Infernape, M
|poke|p2|Crobat, F
|poke|p2|Suicune
|poke|p2|Swampert, M
|poke|p2|Florges, F
|rule|Swagger Clause: Swagger is banned
|rule|Baton Pass Clause: Limit one PokÃ©mon knowing Baton Pass
|teampreview
|join|cobaelion
|
|start
|switch|p1a: 3.98100|Noivern, F|315\/315
|switch|p2a: Swampert|Swampert, M|404\/404
|turn|1
|join|Emma Bae â¥
|
|switch|p2a: Florges|Florges, F|360\/360
|move|p1a: 3.98100|Draco Meteor|p2a: Florges
|-immune|p2a: Florges|[msg]
|
|turn|2
|
|switch|p1a: 8.21179|Arcanine, F|383\/383
|-ability|p1a: 8.21179|Intimidate|[of] p2a: Florges
|-unboost|p2a: Florges|atk|1
|move|p2a: Florges|Moonblast|p1a: 8.21179
|-resisted|p1a: 8.21179
|-damage|p1a: 8.21179|305\/383
|
|-heal|p1a: 8.21179|328\/383|[from] item: Leftovers
|turn|3
|c| Emma Bae â¥|dmg
|
|move|p2a: Florges|Protect|p2a: Florges
|-singleturn|p2a: Florges|Protect
|move|p1a: 8.21179|Will-O-Wisp|p2a: Florges
|-activate|p2a: Florges|Protect
|
|-heal|p1a: 8.21179|351\/383|[from] item: Leftovers
|turn|4
|
|switch|p2a: Suicune|Suicune|404\/404
|-ability|p2a: Suicune|Pressure
|move|p1a: 8.21179|Will-O-Wisp|p2a: Suicune
|-status|p2a: Suicune|brn
|
|-heal|p1a: 8.21179|374\/383|[from] item: Leftovers
|-damage|p2a: Suicune|354\/404 brn|[from] brn
|turn|5
|
|switch|p1a: 1.21976|Virizion|323\/323
|move|p2a: Suicune|Calm Mind|p2a: Suicune
|-boost|p2a: Suicune|spa|1
|-boost|p2a: Suicune|spd|1
|
|-heal|p2a: Suicune|379\/404 brn|[from] item: Leftovers
|-damage|p2a: Suicune|329\/404 brn|[from] brn
|turn|6
|
|switch|p2a: Crobat|Crobat, F|343\/343
|move|p1a: 1.21976|Swords Dance|p1a: 1.21976
|-boost|p1a: 1.21976|atk|2
|
|turn|7
|
|switch|p1a: 2.71406|Gligar, F|334\/334
|move|p2a: Crobat|Brave Bird|p1a: 2.71406
|-damage|p1a: 2.71406|229\/334
|-damage|p2a: Crobat|308\/343|[from] recoil|[of] p1a: 2.71406
|
|-heal|p2a: Crobat|329\/343|[from] item: Black Sludge
|turn|8
|
|move|p2a: Crobat|U-turn|p1a: 2.71406
|-resisted|p1a: 2.71406
|-damage|p1a: 2.71406|209\/334
|
|switch|p2a: Suicune|Suicune|329\/404 brn
|-ability|p2a: Suicune|Pressure
|move|p1a: 2.71406|Stealth Rock|p2a: Suicune
|-sidestart|p2: Slendermeng|move: Stealth Rock
|
|-heal|p2a: Suicune|354\/404 brn|[from] item: Leftovers
|-damage|p2a: Suicune|304\/404 brn|[from] brn
|turn|9
|
|switch|p1a: 3.98100|Noivern, F|315\/315
|move|p2a: Suicune|Scald|p1a: 3.98100
|-resisted|p1a: 3.98100
|-damage|p1a: 3.98100|267\/315
|
|-heal|p2a: Suicune|329\/404 brn|[from] item: Leftovers
|-damage|p2a: Suicune|279\/404 brn|[from] brn
|turn|10
|
|move|p1a: 3.98100|Switcheroo|p2a: Suicune
|-activate|p1a: 3.98100|move: Trick|[of] p2a: Suicune
|-item|p2a: Suicune|Choice Specs|[from] Trick
|-item|p1a: 3.98100|Leftovers|[from] Trick
|move|p2a: Suicune|Rest|p2a: Suicune
|-status|p2a: Suicune|slp
|-heal|p2a: Suicune|404\/404 slp|[silent]
|-status|p2a: Suicune|slp|[from] move: Rest
|
|-heal|p1a: 3.98100|286\/315|[from] item: Leftovers
|turn|11
|
|switch|p2a: Florges|Florges, F|360\/360
|-damage|p2a: Florges|315\/360|[from] Stealth Rock
|move|p1a: 3.98100|U-turn|p2a: Florges
|-resisted|p2a: Florges
|-damage|p2a: Florges|294\/360
|
|switch|p1a: 2.71406|Gligar, F|209\/334
|
|-heal|p2a: Florges|316\/360|[from] item: Leftovers
|turn|12
|
|move|p1a: 2.71406|Roost|p1a: 2.71406
|-heal|p1a: 2.71406|334\/334
|move|p2a: Florges|Moonblast|p1a: 2.71406
|-crit|p1a: 2.71406
|-damage|p1a: 2.71406|214\/334
|
|-heal|p2a: Florges|338\/360|[from] item: Leftovers
|turn|13
|
|move|p1a: 2.71406|Earthquake|p2a: Florges
|-damage|p2a: Florges|235\/360
|move|p2a: Florges|Moonblast|p1a: 2.71406
|-damage|p1a: 2.71406|138\/334
|
|-heal|p2a: Florges|257\/360|[from] item: Leftovers
|turn|14
|
|move|p1a: 2.71406|Roost|p1a: 2.71406
|-heal|p1a: 2.71406|305\/334
|move|p2a: Florges|Moonblast|p1a: 2.71406
|-damage|p1a: 2.71406|227\/334
|
|-heal|p2a: Florges|279\/360|[from] item: Leftovers
|turn|15
|
|switch|p1a: 8.21179|Arcanine, F|374\/383
|-ability|p1a: 8.21179|Intimidate|[of] p2a: Florges
|-unboost|p2a: Florges|atk|1
|move|p2a: Florges|Moonblast|p1a: 8.21179
|-resisted|p1a: 8.21179
|-damage|p1a: 8.21179|302\/383
|
|-heal|p1a: 8.21179|325\/383|[from] item: Leftovers
|-heal|p2a: Florges|301\/360|[from] item: Leftovers
|turn|16
|
|switch|p2a: Suicune|Suicune|404\/404 slp
|-damage|p2a: Suicune|354\/404 slp|[from] Stealth Rock
|-ability|p2a: Suicune|Pressure
|move|p1a: 8.21179|Will-O-Wisp|p2a: Suicune
|-fail|p2a: Suicune
|
|-heal|p1a: 8.21179|348\/383|[from] item: Leftovers
|turn|17
|
|switch|p1a: 1.21976|Virizion|323\/323
|cant|p2a: Suicune|slp
|
|turn|18
|
|move|p1a: 1.21976|Swords Dance|p1a: 1.21976
|-boost|p1a: 1.21976|atk|2
|cant|p2a: Suicune|slp
|
|turn|19
|
|move|p1a: 1.21976|Leaf Blade|p2a: Suicune
|-supereffective|p2a: Suicune
|-damage|p2a: Suicune|52\/404 slp
|-curestatus|p2a: Suicune|slp
|move|p2a: Suicune|Scald|p1a: 1.21976
|-resisted|p1a: 1.21976
|-damage|p1a: 1.21976|274\/323
|
|turn|20
|
|move|p1a: 1.21976|Zen Headbutt|p2a: Suicune
|-damage|p2a: Suicune|0 fnt
|faint|p2a: Suicune
|
|
|switch|p2a: Infernape|Infernape, M|293\/293
|-damage|p2a: Infernape|257\/293|[from] Stealth Rock
|turn|21
|
|switch|p1a: 8.21179|Arcanine, F|348\/383
|-ability|p1a: 8.21179|Intimidate|[of] p2a: Infernape
|-unboost|p2a: Infernape|atk|1
|move|p2a: Infernape|Fire Blast|p1a: 8.21179
|-resisted|p1a: 8.21179
|-damage|p1a: 8.21179|219\/383
|-damage|p2a: Infernape|228\/293|[from] item: Life Orb
|
|-heal|p1a: 8.21179|242\/383|[from] item: Leftovers
|turn|22
|c| cobaelion|notgoing for speed tie
|
|switch|p2a: Florges|Florges, F|301\/360
|-damage|p2a: Florges|256\/360|[from] Stealth Rock
|move|p1a: 8.21179|Morning Sun|p1a: 8.21179
|-heal|p1a: 8.21179|383\/383
|
|-heal|p2a: Florges|278\/360|[from] item: Leftovers
|turn|23
|c| cobaelion|not man enough
|c|âBob the Bae|didnt reveal lo tho
|
|move|p1a: 8.21179|Will-O-Wisp|p2a: Florges
|-status|p2a: Florges|brn
|move|p2a: Florges|Moonblast|p1a: 8.21179
|-crit|p1a: 8.21179
|-resisted|p1a: 8.21179
|-damage|p1a: 8.21179|263\/383
|-unboost|p1a: 8.21179|spa|1
|
|-heal|p1a: 8.21179|286\/383|[from] item: Leftovers
|-heal|p2a: Florges|300\/360 brn|[from] item: Leftovers
|-damage|p2a: Florges|255\/360 brn|[from] brn
|turn|24
|c| cobaelion|lol
|
|move|p1a: 8.21179|Flare Blitz|p2a: Florges
|-damage|p2a: Florges|108\/360 brn
|-damage|p1a: 8.21179|237\/383|[from] recoil|[of] p2a: Florges
|move|p2a: Florges|Moonblast|p1a: 8.21179
|-resisted|p1a: 8.21179
|-damage|p1a: 8.21179|168\/383
|
|-heal|p1a: 8.21179|191\/383|[from] item: Leftovers
|-heal|p2a: Florges|130\/360 brn|[from] item: Leftovers
|-damage|p2a: Florges|85\/360 brn|[from] brn
|turn|25
|c| Emma Bae â¥|confirmed bob=weak
|
|move|p1a: 8.21179|Morning Sun|p1a: 8.21179
|-heal|p1a: 8.21179|382\/383
|move|p2a: Florges|Moonblast|p1a: 8.21179
|-resisted|p1a: 8.21179
|-damage|p1a: 8.21179|304\/383
|
|-heal|p1a: 8.21179|327\/383|[from] item: Leftovers
|-heal|p2a: Florges|107\/360 brn|[from] item: Leftovers
|-damage|p2a: Florges|62\/360 brn|[from] brn
|turn|26
|c|âBob the Bae|brb gonna go train in the mountains
|c| cobaelion|its ogre
|
|move|p1a: 8.21179|Flare Blitz|p2a: Florges
|-damage|p2a: Florges|0 fnt
|-damage|p1a: 8.21179|307\/383|[from] recoil|[of] p2a: Florges
|faint|p2a: Florges
|
|-heal|p1a: 8.21179|330\/383|[from] item: Leftovers
|c|âBob the Bae|i hope this gives me 11 points
|c|âSlendermeng|great...... stall 
|
|switch|p2a: Absol|Absol, M|271\/271
|-damage|p2a: Absol|238\/271|[from] Stealth Rock
|-ability|p2a: Absol|Pressure
|turn|27
|
|detailschange|p2a: Absol|Absol-Mega, M
|message|Absol has Mega Evolved into Mega Absol!
|move|p2a: Absol|Knock Off|p1a: 8.21179
|-damage|p1a: 8.21179|167\/383
|-enditem|p1a: 8.21179|Leftovers|[from] move: Knock Off|[of] p2a: Absol
|move|p1a: 8.21179|Flare Blitz|p2a: Absol
|-damage|p2a: Absol|4\/271
|-damage|p1a: 8.21179|90\/383|[from] recoil|[of] p2a: Absol
|
|turn|28
|c| cobaelion|bob go for 1750 tonight
|
|move|p1a: 8.21179|Extreme Speed|p2a: Absol
|-damage|p2a: Absol|0 fnt
|faint|p2a: Absol
|
|c| cobaelion|if yo ureal
|
|switch|p2a: Crobat|Crobat, F|329\/343
|-damage|p2a: Crobat|244\/343|[from] Stealth Rock
|turn|29
|c|âBob the Bae|i'm going over to gf's place after this tho
|
|switch|p1a: 1.03736|Weezing, F|334\/334
|move|p2a: Crobat|Brave Bird|p1a: 1.03736
|-crit|p1a: 1.03736
|-damage|p1a: 1.03736|183\/334
|-damage|p2a: Crobat|194\/343|[from] recoil|[of] p1a: 1.03736
|
|-heal|p2a: Crobat|215\/343|[from] item: Black Sludge
|-heal|p1a: 1.03736|203\/334|[from] item: Black Sludge
|turn|30
|c| cobaelion|true
|-message|Slendermeng forfeited.
|
|win|Bob the Bae
|raw|Ladder updating...
|leave|Slendermeng
|player|p2
|raw|Bob the Bae's rating: 1687 &rarr; <strong>1695<\/strong><br \/>(+8 for winning)
|raw|Slendermeng's rating: 1441 &rarr; <strong>1433<\/strong><br \/>(-8 for losing)