|join|Bob the Bae
|join|soTsoT
|player|p1|Bob the Bae|23
|player|p2|soTsoT|213
|gametype|singles
|gen|6
|tier|UU
|rated
|rule|Sleep Clause Mod: Limit one foe put to sleep
|rule|Species Clause: Limit one of each PokÃ©mon
|rule|OHKO Clause: OHKO moves are banned
|rule|Moody Clause: Moody is banned
|rule|Evasion Moves Clause: Evasion moves are banned
|rule|Endless Battle Clause: Forcing endless battles is banned
|rule|HP Percentage Mod: HP is shown in percentages
|clearpoke
|poke|p1|Blissey, F
|poke|p1|Noivern, M
|poke|p1|Weezing, F
|poke|p1|Alomomola, M
|poke|p1|Gligar, M
|poke|p1|Virizion
|poke|p2|Entei, shiny
|poke|p2|Chesnaught, F
|poke|p2|Blissey, F
|poke|p2|Empoleon, F
|poke|p2|Espeon, M
|poke|p2|Aerodactyl, F
|rule|Swagger Clause: Swagger is banned
|rule|Baton Pass Clause: Limit one PokÃ©mon knowing Baton Pass
|teampreview
|
|start
|switch|p1a: 3.98100|Noivern, M|317\/317
|switch|p2a: Empoleon|Empoleon, F|372\/372
|turn|1
|
|move|p1a: 3.98100|Switcheroo|p2a: Empoleon
|-activate|p1a: 3.98100|move: Trick|[of] p2a: Empoleon
|-item|p2a: Empoleon|Choice Scarf|[from] Trick
|-item|p1a: 3.98100|Leftovers|[from] Trick
|move|p2a: Empoleon|Stealth Rock|p1a: 3.98100
|-sidestart|p1: Bob the Bae|move: Stealth Rock
|
|turn|2
|
|switch|p2a: Blissey|Blissey, F|714\/714
|move|p1a: 3.98100|U-turn|p2a: Blissey
|-crit|p2a: Blissey
|-damage|p2a: Blissey|605\/714
|
|switch|p1a: 2.71406|Gligar, M|334\/334
|-damage|p1a: 2.71406|293\/334|[from] Stealth Rock
|
|-heal|p2a: Blissey|649\/714|[from] item: Leftovers
|turn|3
|
|switch|p2a: Espeon|Espeon, M|272\/272
|move|p1a: 2.71406|Defog|p2a: Espeon
|move|p2a: Espeon|Defog|p1a: 2.71406|[from]Magic Bounce
|-unboost|p1a: 2.71406|evasion|1
|-sideend|p1: Bob the Bae|Stealth Rock|[from] move: Defog|[of] p1a: 2.71406
|
|turn|4
|
|move|p2a: Espeon|Calm Mind|p2a: Espeon
|-boost|p2a: Espeon|spa|1
|-boost|p2a: Espeon|spd|1
|move|p1a: 2.71406|Earthquake|p2a: Espeon
|-crit|p2a: Espeon
|-damage|p2a: Espeon|55\/272
|
|turn|5
|
|move|p2a: Espeon|Psyshock|p1a: 2.71406
|-damage|p1a: 2.71406|105\/334
|-damage|p2a: Espeon|28\/272|[from] item: Life Orb
|move|p1a: 2.71406|Earthquake|p2a: Espeon
|-damage|p2a: Espeon|0 fnt
|faint|p2a: Espeon
|
|
|switch|p2a: Empoleon|Empoleon, F|372\/372
|turn|6
|
|switch|p1a: 1.21976|Virizion|323\/323
|move|p2a: Empoleon|Scald|p1a: 1.21976
|-resisted|p1a: 1.21976
|-damage|p1a: 1.21976|279\/323
|
|turn|7
|
|move|p1a: 1.21976|Swords Dance|p1a: 1.21976
|-boost|p1a: 1.21976|atk|2
|move|p2a: Empoleon|Scald|p1a: 1.21976
|-resisted|p1a: 1.21976
|-damage|p1a: 1.21976|240\/323
|
|turn|8
|
|switch|p2a: Chesnaught|Chesnaught, F|379\/379
|move|p1a: 1.21976|Close Combat|p2a: Chesnaught
|-damage|p2a: Chesnaught|178\/379
|-damage|p1a: 1.21976|187\/323|[from] item: Rocky Helmet|[of] p2a: Chesnaught
|-unboost|p1a: 1.21976|def|1
|-unboost|p1a: 1.21976|spd|1
|
|turn|9
|
|move|p2a: Chesnaught|Spiky Shield|p2a: Chesnaught
|-singleturn|p2a: Chesnaught|move: Protect
|move|p1a: 1.21976|Close Combat|p2a: Chesnaught
|-activate|p2a: Chesnaught|move: Protect
|-damage|p1a: 1.21976|147\/323|[from] Spiky Shield|[of] p2a: Chesnaught
|
|turn|10
|
|move|p1a: 1.21976|Close Combat|p2a: Chesnaught
|-damage|p2a: Chesnaught|0 fnt
|-damage|p1a: 1.21976|94\/323|[from] item: Rocky Helmet|[of] p2a: Chesnaught
|-unboost|p1a: 1.21976|def|1
|-unboost|p1a: 1.21976|spd|1
|faint|p2a: Chesnaught
|
|
|switch|p2a: Aerodactyl|Aerodactyl, F|302\/302
|-ability|p2a: Aerodactyl|Pressure
|turn|11
|
|switch|p1a: 3.35700|Alomomola, M|534\/534
|detailschange|p2a: Aerodactyl|Aerodactyl-Mega, F
|message|Aerodactyl has Mega Evolved into Mega Aerodactyl!
|move|p2a: Aerodactyl|Aerial Ace|p1a: 3.35700
|-damage|p1a: 3.35700|407\/534
|
|-heal|p1a: 3.35700|440\/534|[from] item: Leftovers
|turn|12
|
|switch|p2a: Blissey|Blissey, F|649\/714
|move|p1a: 3.35700|Wish|p1a: 3.35700
|
|-heal|p1a: 3.35700|473\/534|[from] item: Leftovers
|-heal|p2a: Blissey|693\/714|[from] item: Leftovers
|turn|13
|
|switch|p1a: 2.71406|Gligar, M|105\/334
|move|p2a: Blissey|Seismic Toss|p1a: 2.71406
|-damage|p1a: 2.71406|5\/334
|
|-heal|p1a: 2.71406|272\/334|[from] move: Wish|[wisher] 3.35700
|-heal|p2a: Blissey|714\/714|[from] item: Leftovers
|turn|14
|
|move|p1a: 2.71406|Stealth Rock|p2a: Blissey
|-sidestart|p2: soTsoT|move: Stealth Rock
|move|p2a: Blissey|Seismic Toss|p1a: 2.71406
|-damage|p1a: 2.71406|172\/334
|
|turn|15
|
|move|p1a: 2.71406|Roost|p1a: 2.71406
|-heal|p1a: 2.71406|334\/334
|move|p2a: Blissey|Seismic Toss|p1a: 2.71406
|-damage|p1a: 2.71406|234\/334
|
|turn|16
|
|switch|p1a: 1.03736|Weezing, F|334\/334
|switch|p2a: Empoleon|Empoleon, F|372\/372
|-damage|p2a: Empoleon|349\/372|[from] Stealth Rock
|
|turn|17
|
|move|p2a: Empoleon|Defog|p1a: 1.03736
|-unboost|p1a: 1.03736|evasion|1
|-sideend|p2: soTsoT|Stealth Rock|[from] move: Defog|[of] p2a: Empoleon
|move|p1a: 1.03736|Will-O-Wisp|p2a: Empoleon
|-status|p2a: Empoleon|brn
|
|-damage|p2a: Empoleon|303\/372 brn|[from] brn
|turn|18
|
|switch|p2a: Entei|Entei, shiny|372\/372
|-ability|p2a: Entei|Pressure
|switch|p1a: 3.35700|Alomomola, M|534\/534
|
|turn|19
|
|switch|p2a: Empoleon|Empoleon, F|303\/372 brn
|move|p1a: 3.35700|Toxic|p2a: Empoleon
|-fail|p2a: Empoleon
|
|-damage|p2a: Empoleon|257\/372 brn|[from] brn
|turn|20
|
|move|p2a: Empoleon|Scald|p1a: 3.35700
|-resisted|p1a: 3.35700
|-damage|p1a: 3.35700|444\/534
|-status|p1a: 3.35700|brn
|move|p1a: 3.35700|Wish|p1a: 3.35700
|
|-heal|p1a: 3.35700|477\/534 brn|[from] item: Leftovers
|-damage|p2a: Empoleon|211\/372 brn|[from] brn
|-damage|p1a: 3.35700|411\/534 brn|[from] brn
|turn|21
|
|switch|p2a: Entei|Entei, shiny|372\/372
|-ability|p2a: Entei|Pressure
|switch|p1a: 1.21976|Virizion|94\/323
|
|-heal|p1a: 1.21976|323\/323|[from] move: Wish|[wisher] 3.35700
|turn|22
|
|switch|p1a: 3.35700|Alomomola, M|534\/534 brn
|move|p2a: Entei|Sacred Fire|p1a: 3.35700
|-resisted|p1a: 3.35700
|-damage|p1a: 3.35700|430\/534 brn
|
|-heal|p1a: 3.35700|463\/534 brn|[from] item: Leftovers
|-damage|p1a: 3.35700|397\/534 brn|[from] brn
|turn|23
|
|switch|p2a: Empoleon|Empoleon, F|211\/372 brn
|move|p1a: 3.35700|Wish|p1a: 3.35700
|
|-heal|p1a: 3.35700|430\/534 brn|[from] item: Leftovers
|-damage|p2a: Empoleon|165\/372 brn|[from] brn
|-damage|p1a: 3.35700|364\/534 brn|[from] brn
|turn|24
|
|switch|p1a: 1.21976|Virizion|323\/323
|move|p2a: Empoleon|Scald|p1a: 1.21976
|-resisted|p1a: 1.21976
|-damage|p1a: 1.21976|283\/323
|
|-heal|p1a: 1.21976|323\/323|[from] move: Wish|[wisher] 3.35700
|-damage|p2a: Empoleon|119\/372 brn|[from] brn
|turn|25
|
|move|p1a: 1.21976|Swords Dance|p1a: 1.21976
|-boost|p1a: 1.21976|atk|2
|move|p2a: Empoleon|Scald|p1a: 1.21976
|-resisted|p1a: 1.21976
|-damage|p1a: 1.21976|263\/323
|
|-damage|p2a: Empoleon|73\/372 brn|[from] brn
|turn|26
|c|âsoTsoT|no burn ok
|
|move|p1a: 1.21976|Close Combat|p2a: Empoleon
|-supereffective|p2a: Empoleon
|-damage|p2a: Empoleon|0 fnt
|-unboost|p1a: 1.21976|def|1
|-unboost|p1a: 1.21976|spd|1
|faint|p2a: Empoleon
|
|
|switch|p2a: Aerodactyl|Aerodactyl-Mega, F|302\/302
|turn|27
|c|âBob the Bae|lum berry hi
|
|switch|p1a: 1.03736|Weezing, F|334\/334
|move|p2a: Aerodactyl|Hone Claws|p2a: Aerodactyl
|-boost|p2a: Aerodactyl|atk|1
|-boost|p2a: Aerodactyl|accuracy|1
|
|turn|28
|
|move|p2a: Aerodactyl|Stone Edge|p1a: 1.03736
|-damage|p1a: 1.03736|147\/334
|move|p1a: 1.03736|Clear Smog|p2a: Aerodactyl
|-resisted|p2a: Aerodactyl
|-damage|p2a: Aerodactyl|275\/302
|-clearboost|p2a: Aerodactyl
|
|-heal|p1a: 1.03736|167\/334|[from] item: Black Sludge
|turn|29
|
|switch|p2a: Entei|Entei, shiny|372\/372
|-ability|p2a: Entei|Pressure
|move|p1a: 1.03736|Will-O-Wisp|p2a: Entei
|-fail|p2a: Entei
|
|-heal|p1a: 1.03736|187\/334|[from] item: Black Sludge
|turn|30
|
|switch|p2a: Blissey|Blissey, F|714\/714
|switch|p1a: 3.35700|Alomomola, M|534\/534 brn
|
|-damage|p1a: 3.35700|468\/534 brn|[from] brn
|turn|31
|
|move|p1a: 3.35700|Wish|p1a: 3.35700
|move|p2a: Blissey|Seismic Toss|p1a: 3.35700
|-damage|p1a: 3.35700|368\/534 brn
|
|-heal|p1a: 3.35700|401\/534 brn|[from] item: Leftovers
|-damage|p1a: 3.35700|335\/534 brn|[from] brn
|turn|32
|
|switch|p1a: 1.03736|Weezing, F|187\/334
|move|p2a: Blissey|Seismic Toss|p1a: 1.03736
|-damage|p1a: 1.03736|87\/334
|
|-heal|p1a: 1.03736|334\/334|[from] move: Wish|[wisher] 3.35700
|turn|33
|
|move|p1a: 1.03736|Toxic Spikes|p2a: Blissey
|-sidestart|p2: soTsoT|move: Toxic Spikes
|move|p2a: Blissey|Seismic Toss|p1a: 1.03736
|-damage|p1a: 1.03736|234\/334
|
|-heal|p1a: 1.03736|254\/334|[from] item: Black Sludge
|turn|34
|
|move|p1a: 1.03736|Toxic Spikes|p2a: Blissey
|-sidestart|p2: soTsoT|move: Toxic Spikes
|move|p2a: Blissey|Thunder Wave|p1a: 1.03736
|-status|p1a: 1.03736|par
|
|-heal|p1a: 1.03736|274\/334 par|[from] item: Black Sludge
|turn|35
|
|switch|p1a: 9.58093|Blissey, F|714\/714
|move|p2a: Blissey|Seismic Toss|p1a: 9.58093
|-damage|p1a: 9.58093|614\/714
|
|-heal|p1a: 9.58093|658\/714|[from] item: Leftovers
|turn|36
|join|Philz Team Test
|c| Philz Team Test|bob whats with the numbers for nicks
|
|move|p2a: Blissey|Seismic Toss|p1a: 9.58093
|-damage|p1a: 9.58093|558\/714
|move|p1a: 9.58093|Heal Bell|p1a: 9.58093
|-cureteam|p1a: 9.58093|[from] move: HealBell
|
|-heal|p1a: 9.58093|602\/714|[from] item: Leftovers
|turn|37
|c|âBob the Bae|its the usage
|c|âBob the Bae|this is a dark horse team
|
|switch|p2a: Entei|Entei, shiny|372\/372
|-status|p2a: Entei|tox
|-ability|p2a: Entei|Pressure
|move|p1a: 9.58093|Wish|p1a: 9.58093
|
|-heal|p1a: 9.58093|646\/714|[from] item: Leftovers
|-damage|p2a: Entei|349\/372 tox|[from] psn
|turn|38
|
|switch|p1a: 3.98100|Noivern, M|317\/317
|move|p2a: Entei|Sacred Fire|p1a: 3.98100
|-resisted|p1a: 3.98100
|-damage|p1a: 3.98100|157\/317
|-status|p1a: 3.98100|brn
|
|-heal|p1a: 3.98100|317\/317 brn|[from] move: Wish|[wisher] 9.58093
|-damage|p1a: 3.98100|278\/317 brn|[from] brn
|-damage|p2a: Entei|303\/372 tox|[from] psn
|turn|39
|
|switch|p2a: Blissey|Blissey, F|714\/714
|-status|p2a: Blissey|tox
|move|p1a: 3.98100|Draco Meteor|p2a: Blissey
|-damage|p2a: Blissey|549\/714 tox
|-unboost|p1a: 3.98100|spa|2
|
|-heal|p1a: 3.98100|297\/317 brn|[from] item: Leftovers
|-heal|p2a: Blissey|593\/714 tox|[from] item: Leftovers
|-damage|p1a: 3.98100|258\/317 brn|[from] brn
|-damage|p2a: Blissey|549\/714 tox|[from] psn
|turn|40
|c| Philz Team Test|ah okay
|
|move|p1a: 3.98100|U-turn|p2a: Blissey
|-damage|p2a: Blissey|514\/714 tox
|
|switch|p1a: 1.21976|Virizion|263\/323
|move|p2a: Blissey|Seismic Toss|p1a: 1.21976
|-damage|p1a: 1.21976|163\/323
|
|-heal|p2a: Blissey|558\/714 tox|[from] item: Leftovers
|-damage|p2a: Blissey|470\/714 tox|[from] psn
|turn|41
|
|move|p1a: 1.21976|Close Combat|p2a: Blissey
|-supereffective|p2a: Blissey
|-damage|p2a: Blissey|0 fnt
|-unboost|p1a: 1.21976|def|1
|-unboost|p1a: 1.21976|spd|1
|faint|p2a: Blissey
|
|
|switch|p2a: Aerodactyl|Aerodactyl-Mega, F|275\/302
|turn|42
|
|move|p2a: Aerodactyl|Hone Claws|p2a: Aerodactyl
|-boost|p2a: Aerodactyl|atk|1
|-boost|p2a: Aerodactyl|accuracy|1
|move|p1a: 1.21976|Close Combat|p2a: Aerodactyl
|-damage|p2a: Aerodactyl|98\/302
|-unboost|p1a: 1.21976|def|1
|-unboost|p1a: 1.21976|spd|1
|
|turn|43
|
|move|p2a: Aerodactyl|Aerial Ace|p1a: 1.21976
|-crit|p1a: 1.21976
|-supereffective|p1a: 1.21976
|-damage|p1a: 1.21976|0 fnt
|faint|p1a: 1.21976
|
|
|switch|p1a: 3.35700|Alomomola, M|513\/534
|turn|44
|
|move|p2a: Aerodactyl|Stone Edge|p1a: 3.35700
|-damage|p1a: 3.35700|267\/534
|move|p1a: 3.35700|Scald|p2a: Aerodactyl
|-supereffective|p2a: Aerodactyl
|-damage|p2a: Aerodactyl|6\/302
|-status|p2a: Aerodactyl|brn
|
|-heal|p1a: 3.35700|300\/534|[from] item: Leftovers
|-damage|p2a: Aerodactyl|0 fnt|[from] brn
|faint|p2a: Aerodactyl
|c|âsoTsoT|4 Scald = No Burn
|c|âsoTsoT|1 Scald = Burn
|
|switch|p2a: Entei|Entei, shiny|303\/372 tox
|-ability|p2a: Entei|Pressure
|turn|45
|c|âsoTsoT|but gg anyway
|
|move|p2a: Entei|Sacred Fire|p1a: 3.35700
|-resisted|p1a: 3.35700
|-damage|p1a: 3.35700|192\/534
|move|p1a: 3.35700|Knock Off|p2a: Entei
|-damage|p2a: Entei|237\/372 tox
|-enditem|p2a: Entei|Choice Band|[from] move: Knock Off|[of] p1a: 3.35700
|
|-heal|p1a: 3.35700|225\/534|[from] item: Leftovers
|-damage|p2a: Entei|214\/372 tox|[from] psn
|turn|46
|
|move|p2a: Entei|Stone Edge|p1a: 3.35700
|-crit|p1a: 3.35700
|-damage|p1a: 3.35700|83\/534
|move|p1a: 3.35700|Scald|p2a: Entei
|-supereffective|p2a: Entei
|-damage|p2a: Entei|110\/372 tox
|
|-heal|p1a: 3.35700|116\/534|[from] item: Leftovers
|-damage|p2a: Entei|64\/372 tox|[from] psn
|turn|47
|
|switch|p1a: 1.03736|Weezing, F|274\/334
|move|p2a: Entei|Stone Edge|p1a: 1.03736
|-damage|p1a: 1.03736|191\/334
|
|-heal|p1a: 1.03736|211\/334|[from] item: Black Sludge
|-damage|p2a: Entei|0 fnt|[from] psn
|faint|p2a: Entei
|
|win|Bob the Bae
|raw|Ladder updating...
|c| Philz Team Test|lol alo is weak af
|raw|Bob the Bae's rating: 1746 &rarr; <strong>1756<\/strong><br \/>(+10 for winning)
|raw|soTsoT's rating: 1549 &rarr; <strong>1540<\/strong><br \/>(-9 for losing)
|leave|soTsoT
|player|p2