|join|Bob the Bae
|join|trevor ellis
|player|p1|Bob the Bae|23
|player|p2|trevor ellis|112
|gametype|singles
|gen|6
|tier|UU
|rated
|rule|Sleep Clause Mod: Limit one foe put to sleep
|rule|Species Clause: Limit one of each PokÃ©mon
|rule|OHKO Clause: OHKO moves are banned
|rule|Moody Clause: Moody is banned
|rule|Evasion Moves Clause: Evasion moves are banned
|rule|Endless Battle Clause: Forcing endless battles is banned
|rule|HP Percentage Mod: HP is shown in percentages
|clearpoke
|poke|p1|Blissey, F
|poke|p1|Noivern, F
|poke|p1|Weezing, F
|poke|p1|Alomomola, M
|poke|p1|Gligar, M
|poke|p1|Virizion
|poke|p2|Jirachi
|poke|p2|Dugtrio, M
|poke|p2|Whimsicott, F
|poke|p2|Crobat, M
|poke|p2|Blastoise, F
|poke|p2|Sableye, M
|rule|Swagger Clause: Swagger is banned
|rule|Baton Pass Clause: Limit one PokÃ©mon knowing Baton Pass
|teampreview
|
|start
|switch|p1a: 3.98100|Noivern, F|317\/317
|switch|p2a: Whimsicott|Whimsicott, F|261\/261
|turn|1
|
|switch|p2a: Jirachi|Jirachi|371\/371
|move|p1a: 3.98100|U-turn|p2a: Jirachi
|-damage|p2a: Jirachi|336\/371
|
|switch|p1a: 1.03736|Weezing, F|334\/334
|
|-heal|p2a: Jirachi|359\/371|[from] item: Leftovers
|turn|2
|
|move|p2a: Jirachi|U-turn|p1a: 1.03736
|-resisted|p1a: 1.03736
|-damage|p1a: 1.03736|313\/334
|
|switch|p2a: Blastoise|Blastoise, F|333\/333
|move|p1a: 1.03736|Toxic Spikes|p2a: Blastoise
|-sidestart|p2: trevor ellis|move: Toxic Spikes
|
|-heal|p1a: 1.03736|333\/334|[from] item: Black Sludge
|turn|3
|
|detailschange|p2a: Blastoise|Blastoise-Mega, F
|message|Blastoise has Mega Evolved into Mega Blastoise!
|move|p2a: Blastoise|Scald|p1a: 1.03736
|-damage|p1a: 1.03736|105\/334
|-status|p1a: 1.03736|brn
|move|p1a: 1.03736|Will-O-Wisp|p2a: Blastoise
|-status|p2a: Blastoise|brn
|
|-heal|p1a: 1.03736|125\/334 brn|[from] item: Black Sludge
|-damage|p2a: Blastoise|292\/333 brn|[from] brn
|-damage|p1a: 1.03736|84\/334 brn|[from] brn
|turn|4
|
|switch|p1a: 9.58093|Blissey, F|714\/714
|move|p2a: Blastoise|Rapid Spin|p1a: 9.58093
|-damage|p1a: 9.58093|699\/714
|-sideend|p2: trevor ellis|Toxic Spikes|[from] move: Rapid Spin|[of] p2a: Blastoise
|
|-heal|p1a: 9.58093|714\/714|[from] item: Leftovers
|-damage|p2a: Blastoise|251\/333 brn|[from] brn
|turn|5
|
|switch|p2a: Sableye|Sableye, M|304\/304
|move|p1a: 9.58093|Heal Bell|p1a: 9.58093
|-cureteam|p1a: 9.58093|[from] move: HealBell
|
|turn|6
|
|switch|p1a: 3.35700|Alomomola, M|534\/534
|move|p2a: Sableye|Knock Off|p1a: 3.35700
|-damage|p1a: 3.35700|455\/534
|-enditem|p1a: 3.35700|Leftovers|[from] move: Knock Off|[of] p2a: Sableye
|
|turn|7
|
|move|p2a: Sableye|Taunt|p1a: 3.35700
|-start|p1a: 3.35700|move: Taunt
|move|p1a: 3.35700|Knock Off|p2a: Sableye
|-damage|p2a: Sableye|228\/304
|-enditem|p2a: Sableye|Leftovers|[from] move: Knock Off|[of] p1a: 3.35700
|
|turn|8
|
|move|p2a: Sableye|Will-O-Wisp|p1a: 3.35700
|-status|p1a: 3.35700|brn
|move|p1a: 3.35700|Scald|p2a: Sableye
|-damage|p2a: Sableye|191\/304
|-status|p2a: Sableye|brn
|
|-damage|p1a: 3.35700|389\/534 brn|[from] brn
|-damage|p2a: Sableye|153\/304 brn|[from] brn
|turn|9
|
|move|p1a: 3.35700|Knock Off|p2a: Sableye
|-damage|p2a: Sableye|126\/304 brn
|move|p2a: Sableye|Knock Off|p1a: 3.35700
|-damage|p1a: 3.35700|364\/534 brn
|
|-damage|p1a: 3.35700|298\/534 brn|[from] brn
|-damage|p2a: Sableye|88\/304 brn|[from] brn
|-end|p1a: 3.35700|move: Taunt
|turn|10
|
|switch|p1a: 1.21976|Virizion|323\/323
|move|p2a: Sableye|Recover|p2a: Sableye
|-heal|p2a: Sableye|240\/304 brn
|
|-damage|p2a: Sableye|202\/304 brn|[from] brn
|turn|11
|
|switch|p2a: Crobat|Crobat, M|330\/330
|move|p1a: 1.21976|Leaf Blade|p2a: Crobat
|-resisted|p2a: Crobat
|-damage|p2a: Crobat|292\/330
|
|turn|12
|
|switch|p1a: 2.71406|Gligar, M|334\/334
|move|p2a: Crobat|U-turn|p1a: 2.71406
|-resisted|p1a: 2.71406
|-damage|p1a: 2.71406|314\/334
|
|switch|p2a: Blastoise|Blastoise-Mega, F|251\/333 brn
|
|-damage|p2a: Blastoise|210\/333 brn|[from] brn
|turn|13
|
|switch|p2a: Dugtrio|Dugtrio, M|212\/212
|switch|p1a: 9.58093|Blissey, F|714\/714
|
|turn|14
|
|move|p2a: Dugtrio|Earthquake|p1a: 9.58093
|-damage|p1a: 9.58093|363\/714
|move|p1a: 9.58093|Wish|p1a: 9.58093
|
|-heal|p1a: 9.58093|407\/714|[from] item: Leftovers
|turn|15
|
|move|p1a: 9.58093|Protect|p1a: 9.58093
|-singleturn|p1a: 9.58093|Protect
|move|p2a: Dugtrio|Earthquake|p1a: 9.58093
|-activate|p1a: 9.58093|Protect
|
|-heal|p1a: 9.58093|714\/714|[from] move: Wish|[wisher] 9.58093
|turn|16
|
|switch|p2a: Jirachi|Jirachi|359\/371
|move|p1a: 9.58093|Wish|p1a: 9.58093
|
|-heal|p2a: Jirachi|371\/371|[from] item: Leftovers
|turn|17
|
|switch|p1a: 1.03736|Weezing, F|84\/334
|move|p2a: Jirachi|Stealth Rock|p1a: 1.03736
|-sidestart|p1: Bob the Bae|move: Stealth Rock
|
|-heal|p1a: 1.03736|334\/334|[from] move: Wish|[wisher] 9.58093
|turn|18
|
|move|p2a: Jirachi|Iron Head|p1a: 1.03736
|-damage|p1a: 1.03736|256\/334
|cant|p1a: 1.03736|flinch
|
|-heal|p1a: 1.03736|276\/334|[from] item: Black Sludge
|turn|19
|
|switch|p2a: Blastoise|Blastoise-Mega, F|210\/333 brn
|move|p1a: 1.03736|Will-O-Wisp|p2a: Blastoise
|-fail|p2a: Blastoise|brn
|
|-heal|p1a: 1.03736|296\/334|[from] item: Black Sludge
|-damage|p2a: Blastoise|169\/333 brn|[from] brn
|turn|20
|
|switch|p1a: 9.58093|Blissey, F|714\/714
|-damage|p1a: 9.58093|625\/714|[from] Stealth Rock
|move|p2a: Blastoise|Scald|p1a: 9.58093
|-damage|p1a: 9.58093|495\/714
|
|-heal|p1a: 9.58093|539\/714|[from] item: Leftovers
|-damage|p2a: Blastoise|128\/333 brn|[from] brn
|turn|21
|
|switch|p2a: Jirachi|Jirachi|371\/371
|move|p1a: 9.58093|Heal Bell|p1a: 9.58093
|-cureteam|p1a: 9.58093|[from] move: HealBell
|
|-heal|p1a: 9.58093|583\/714|[from] item: Leftovers
|turn|22
|
|switch|p1a: 3.35700|Alomomola, M|476\/534
|-damage|p1a: 3.35700|410\/534|[from] Stealth Rock
|move|p2a: Jirachi|Iron Head|p1a: 3.35700
|-resisted|p1a: 3.35700
|-damage|p1a: 3.35700|359\/534
|
|turn|23
|
|move|p2a: Jirachi|U-turn|p1a: 3.35700
|-damage|p1a: 3.35700|303\/534
|
|switch|p2a: Whimsicott|Whimsicott, F|261\/261
|move|p1a: 3.35700|Wish|p1a: 3.35700
|
|turn|24
|
|switch|p1a: 1.03736|Weezing, F|296\/334
|-damage|p1a: 1.03736|255\/334|[from] Stealth Rock
|move|p2a: Whimsicott|U-turn|p1a: 1.03736
|-resisted|p1a: 1.03736
|-damage|p1a: 1.03736|243\/334
|
|switch|p2a: Sableye|Sableye, M|202\/304 brn
|
|-heal|p1a: 1.03736|334\/334|[from] move: Wish|[wisher] 3.35700
|-damage|p2a: Sableye|164\/304 brn|[from] brn
|turn|25
|
|move|p2a: Sableye|Taunt|p1a: 1.03736
|-start|p1a: 1.03736|move: Taunt
|cant|p1a: 1.03736|move: Taunt|Toxic Spikes
|
|-damage|p2a: Sableye|126\/304 brn|[from] brn
|turn|26
|
|switch|p1a: 3.98100|Noivern, F|317\/317
|-damage|p1a: 3.98100|238\/317|[from] Stealth Rock
|move|p2a: Sableye|Will-O-Wisp|p1a: 3.98100
|-status|p1a: 3.98100|brn
|
|-damage|p1a: 3.98100|199\/317 brn|[from] brn
|-damage|p2a: Sableye|88\/304 brn|[from] brn
|turn|27
|
|switch|p2a: Jirachi|Jirachi|371\/371
|move|p1a: 3.98100|Flamethrower|p2a: Jirachi
|-supereffective|p2a: Jirachi
|-damage|p2a: Jirachi|187\/371
|
|-heal|p2a: Jirachi|210\/371|[from] item: Leftovers
|-damage|p1a: 3.98100|160\/317 brn|[from] brn
|turn|28
|
|switch|p1a: 1.03736|Weezing, F|334\/334
|-damage|p1a: 1.03736|293\/334|[from] Stealth Rock
|move|p2a: Jirachi|Iron Head|p1a: 1.03736
|-damage|p1a: 1.03736|221\/334
|
|-heal|p2a: Jirachi|233\/371|[from] item: Leftovers
|-heal|p1a: 1.03736|241\/334|[from] item: Black Sludge
|turn|29
|
|move|p2a: Jirachi|Iron Head|p1a: 1.03736
|-damage|p1a: 1.03736|162\/334
|move|p1a: 1.03736|Toxic Spikes|p2a: Jirachi
|-sidestart|p2: trevor ellis|move: Toxic Spikes
|
|-heal|p2a: Jirachi|256\/371|[from] item: Leftovers
|-heal|p1a: 1.03736|182\/334|[from] item: Black Sludge
|turn|30
|
|switch|p1a: 3.35700|Alomomola, M|481\/534
|-damage|p1a: 3.35700|415\/534|[from] Stealth Rock
|move|p2a: Jirachi|Iron Head|p1a: 3.35700
|-resisted|p1a: 3.35700
|-damage|p1a: 3.35700|363\/534
|
|-heal|p2a: Jirachi|279\/371|[from] item: Leftovers
|turn|31
|
|move|p2a: Jirachi|U-turn|p1a: 3.35700
|-damage|p1a: 3.35700|304\/534
|
|switch|p2a: Blastoise|Blastoise-Mega, F|128\/333 brn
|move|p1a: 3.35700|Wish|p1a: 3.35700
|
|-damage|p2a: Blastoise|87\/333 brn|[from] brn
|turn|32
|
|switch|p1a: 1.21976|Virizion|323\/323
|-damage|p1a: 1.21976|303\/323|[from] Stealth Rock
|move|p2a: Blastoise|Rapid Spin|p1a: 1.21976
|-damage|p1a: 1.21976|291\/323
|-sideend|p2: trevor ellis|Toxic Spikes|[from] move: Rapid Spin|[of] p2a: Blastoise
|
|-heal|p1a: 1.21976|323\/323|[from] move: Wish|[wisher] 3.35700
|-damage|p2a: Blastoise|46\/333 brn|[from] brn
|turn|33
|
|switch|p2a: Sableye|Sableye, M|88\/304 brn
|move|p1a: 1.21976|Zen Headbutt|p2a: Sableye
|-immune|p2a: Sableye|[msg]
|
|-damage|p2a: Sableye|50\/304 brn|[from] brn
|turn|34
|
|move|p2a: Sableye|Will-O-Wisp|p1a: 1.21976
|-status|p1a: 1.21976|brn
|-enditem|p1a: 1.21976|Lum Berry|[eat]
|-curestatus|p1a: 1.21976|brn
|move|p1a: 1.21976|Zen Headbutt|p2a: Sableye
|-immune|p2a: Sableye|[msg]
|
|-damage|p2a: Sableye|12\/304 brn|[from] brn
|turn|35
|
|move|p1a: 1.21976|Leaf Blade|p2a: Sableye
|-crit|p2a: Sableye
|-damage|p2a: Sableye|0 fnt
|faint|p2a: Sableye
|
|
|switch|p2a: Whimsicott|Whimsicott, F|261\/261
|turn|36
|
|switch|p1a: 9.58093|Blissey, F|583\/714
|-damage|p1a: 9.58093|494\/714|[from] Stealth Rock
|move|p2a: Whimsicott|Moonblast|p1a: 9.58093
|-crit|p1a: 9.58093
|-damage|p1a: 9.58093|275\/714
|
|-heal|p1a: 9.58093|319\/714|[from] item: Leftovers
|turn|37
|
|switch|p2a: Jirachi|Jirachi|279\/371
|move|p1a: 9.58093|Wish|p1a: 9.58093
|
|-heal|p2a: Jirachi|302\/371|[from] item: Leftovers
|-heal|p1a: 9.58093|363\/714|[from] item: Leftovers
|turn|38
|
|move|p1a: 9.58093|Protect|p1a: 9.58093
|-singleturn|p1a: 9.58093|Protect
|move|p2a: Jirachi|Iron Head|p1a: 9.58093
|-activate|p1a: 9.58093|Protect
|
|-heal|p1a: 9.58093|714\/714|[from] move: Wish|[wisher] 9.58093
|-heal|p2a: Jirachi|325\/371|[from] item: Leftovers
|turn|39
|
|switch|p1a: 3.35700|Alomomola, M|482\/534
|-damage|p1a: 3.35700|416\/534|[from] Stealth Rock
|move|p2a: Jirachi|U-turn|p1a: 3.35700
|-damage|p1a: 3.35700|356\/534
|
|switch|p2a: Whimsicott|Whimsicott, F|261\/261
|
|turn|40
|
|switch|p1a: 2.71406|Gligar, M|314\/334
|-damage|p1a: 2.71406|273\/334|[from] Stealth Rock
|move|p2a: Whimsicott|U-turn|p1a: 2.71406
|-resisted|p1a: 2.71406
|-damage|p1a: 2.71406|262\/334
|
|switch|p2a: Blastoise|Blastoise-Mega, F|46\/333 brn
|
|-damage|p2a: Blastoise|5\/333 brn|[from] brn
|turn|41
|
|switch|p1a: 9.58093|Blissey, F|714\/714
|-damage|p1a: 9.58093|625\/714|[from] Stealth Rock
|move|p2a: Blastoise|Scald|p1a: 9.58093
|-damage|p1a: 9.58093|495\/714
|
|-heal|p1a: 9.58093|539\/714|[from] item: Leftovers
|-damage|p2a: Blastoise|0 fnt|[from] brn
|faint|p2a: Blastoise
|
|switch|p2a: Jirachi|Jirachi|325\/371
|turn|42
|
|switch|p1a: 3.35700|Alomomola, M|534\/534
|-damage|p1a: 3.35700|468\/534|[from] Stealth Rock
|move|p2a: Jirachi|Iron Head|p1a: 3.35700
|-resisted|p1a: 3.35700
|-damage|p1a: 3.35700|420\/534
|
|-heal|p2a: Jirachi|348\/371|[from] item: Leftovers
|turn|43
|
|move|p2a: Jirachi|U-turn|p1a: 3.35700
|-damage|p1a: 3.35700|365\/534
|
|switch|p2a: Whimsicott|Whimsicott, F|261\/261
|move|p1a: 3.35700|Knock Off|p2a: Whimsicott
|-resisted|p2a: Whimsicott
|-damage|p2a: Whimsicott|225\/261
|-enditem|p2a: Whimsicott|Choice Specs|[from] move: Knock Off|[of] p1a: 3.35700
|
|turn|44
|
|switch|p1a: 9.58093|Blissey, F|539\/714
|-damage|p1a: 9.58093|450\/714|[from] Stealth Rock
|move|p2a: Whimsicott|U-turn|p1a: 9.58093
|-damage|p1a: 9.58093|386\/714
|
|switch|p2a: Jirachi|Jirachi|348\/371
|
|-heal|p2a: Jirachi|371\/371|[from] item: Leftovers
|-heal|p1a: 9.58093|430\/714|[from] item: Leftovers
|turn|45
|
|move|p1a: 9.58093|Protect|p1a: 9.58093
|-singleturn|p1a: 9.58093|Protect
|move|p2a: Jirachi|U-turn|p1a: 9.58093
|-activate|p1a: 9.58093|Protect
|
|-heal|p1a: 9.58093|474\/714|[from] item: Leftovers
|turn|46
|
|move|p2a: Jirachi|Iron Head|p1a: 9.58093
|-damage|p1a: 9.58093|264\/714
|move|p1a: 9.58093|Wish|p1a: 9.58093
|
|-heal|p1a: 9.58093|308\/714|[from] item: Leftovers
|turn|47
|leave|trevor ellis
|player|p2
|-message|trevorellis lost due to inactivity.
|
|win|Bob the Bae
|raw|Ladder updating...
|raw|Bob the Bae's rating: 1735 &rarr; <strong>1746<\/strong><br \/>(+11 for winning)
|raw|trevor ellis's rating: 1575 &rarr; <strong>1564<\/strong><br \/>(-11 for losing)