|join|Bob the Bae
|join|PapaSmurfie
|player|p1|Bob the Bae|23
|player|p2|PapaSmurfie|170
|gametype|singles
|gen|6
|tier|UU
|rated
|rule|Sleep Clause Mod: Limit one foe put to sleep
|rule|Species Clause: Limit one of each PokÃ©mon
|rule|OHKO Clause: OHKO moves are banned
|rule|Moody Clause: Moody is banned
|rule|Evasion Moves Clause: Evasion moves are banned
|rule|Endless Battle Clause: Forcing endless battles is banned
|rule|HP Percentage Mod: HP is shown in percentages
|clearpoke
|poke|p1|Blissey, F
|poke|p1|Noivern, F
|poke|p1|Weezing, F
|poke|p1|Arcanine, F
|poke|p1|Gligar, M
|poke|p1|Virizion
|poke|p2|Porygon-Z
|poke|p2|Doublade, F
|poke|p2|Infernape, F
|poke|p2|Suicune
|poke|p2|Goodra, M
|poke|p2|Aerodactyl, M
|rule|Swagger Clause: Swagger is banned
|rule|Baton Pass Clause: Limit one PokÃ©mon knowing Baton Pass
|teampreview
|
|start
|switch|p1a: 1.03736|Weezing, F|334\/334
|switch|p2a: Porygon-Z|Porygon-Z|311\/311
|turn|1
|
|switch|p1a: 9.58093|Blissey, F|714\/714
|move|p2a: Porygon-Z|Tri Attack|p1a: 9.58093
|-damage|p1a: 9.58093|484\/714
|
|-heal|p1a: 9.58093|528\/714|[from] item: Leftovers
|turn|2
|
|switch|p2a: Doublade|Doublade, F|322\/322
|move|p1a: 9.58093|Wish|p1a: 9.58093
|
|-heal|p1a: 9.58093|572\/714|[from] item: Leftovers
|turn|3
|
|switch|p1a: 1.03736|Weezing, F|334\/334
|switch|p2a: Porygon-Z|Porygon-Z|311\/311
|
|turn|4
|
|switch|p1a: 3.98100|Noivern, F|315\/315
|move|p2a: Porygon-Z|Tri Attack|p1a: 3.98100
|-damage|p1a: 3.98100|0 fnt
|faint|p1a: 3.98100
|
|
|switch|p1a: 9.58093|Blissey, F|572\/714
|turn|5
|
|switch|p2a: Doublade|Doublade, F|322\/322
|move|p1a: 9.58093|Wish|p1a: 9.58093
|
|-heal|p1a: 9.58093|616\/714|[from] item: Leftovers
|turn|6
|
|switch|p1a: 1.03736|Weezing, F|334\/334
|move|p2a: Doublade|Sacred Sword|p1a: 1.03736
|-resisted|p1a: 1.03736
|-damage|p1a: 1.03736|303\/334
|
|-heal|p1a: 1.03736|334\/334|[from] move: Wish|[wisher] 9.58093
|turn|7
|
|switch|p2a: Infernape|Infernape, F|293\/293
|move|p1a: 1.03736|Toxic Spikes|p2a: Infernape
|-sidestart|p2: PapaSmurfie|move: Toxic Spikes
|
|turn|8
|
|switch|p1a: 8.21179|Arcanine, F|383\/383
|-ability|p1a: 8.21179|Intimidate|[of] p2a: Infernape
|-unboost|p2a: Infernape|atk|1
|move|p2a: Infernape|Flare Blitz|p1a: 8.21179
|-resisted|p1a: 8.21179
|-damage|p1a: 8.21179|307\/383
|-damage|p2a: Infernape|268\/293|[from] recoil|[of] p1a: 8.21179
|
|-heal|p1a: 8.21179|330\/383|[from] item: Leftovers
|turn|9
|
|switch|p2a: Aerodactyl|Aerodactyl, M|302\/302
|-ability|p2a: Aerodactyl|Pressure
|move|p1a: 8.21179|Will-O-Wisp|p2a: Aerodactyl
|-status|p2a: Aerodactyl|brn
|
|-heal|p1a: 8.21179|353\/383|[from] item: Leftovers
|-damage|p2a: Aerodactyl|265\/302 brn|[from] brn
|turn|10
|
|switch|p1a: 2.71406|Gligar, M|334\/334
|detailschange|p2a: Aerodactyl|Aerodactyl-Mega, M
|message|Aerodactyl has Mega Evolved into Mega Aerodactyl!
|move|p2a: Aerodactyl|Stealth Rock|p1a: 2.71406
|-sidestart|p1: Bob the Bae|move: Stealth Rock
|
|-damage|p2a: Aerodactyl|228\/302 brn|[from] brn
|turn|11
|
|move|p2a: Aerodactyl|Hone Claws|p2a: Aerodactyl
|-boost|p2a: Aerodactyl|atk|1
|-boost|p2a: Aerodactyl|accuracy|1
|move|p1a: 2.71406|Stealth Rock|p2a: Aerodactyl
|-sidestart|p2: PapaSmurfie|move: Stealth Rock
|
|-damage|p2a: Aerodactyl|191\/302 brn|[from] brn
|turn|12
|
|switch|p1a: 1.03736|Weezing, F|334\/334
|-damage|p1a: 1.03736|293\/334|[from] Stealth Rock
|move|p2a: Aerodactyl|Hone Claws|p2a: Aerodactyl
|-boost|p2a: Aerodactyl|atk|1
|-boost|p2a: Aerodactyl|accuracy|1
|
|-heal|p1a: 1.03736|313\/334|[from] item: Black Sludge
|-damage|p2a: Aerodactyl|154\/302 brn|[from] brn
|turn|13
|
|move|p2a: Aerodactyl|Stone Edge|p1a: 1.03736
|-damage|p1a: 1.03736|187\/334
|move|p1a: 1.03736|Clear Smog|p2a: Aerodactyl
|-resisted|p2a: Aerodactyl
|-damage|p2a: Aerodactyl|126\/302 brn
|-clearboost|p2a: Aerodactyl
|
|-heal|p1a: 1.03736|207\/334|[from] item: Black Sludge
|-damage|p2a: Aerodactyl|89\/302 brn|[from] brn
|turn|14
|
|move|p2a: Aerodactyl|Stone Edge|p1a: 1.03736
|-damage|p1a: 1.03736|152\/334
|move|p1a: 1.03736|Toxic Spikes|p2a: Aerodactyl
|-sidestart|p2: PapaSmurfie|move: Toxic Spikes
|
|-heal|p1a: 1.03736|172\/334|[from] item: Black Sludge
|-damage|p2a: Aerodactyl|52\/302 brn|[from] brn
|turn|15
|
|switch|p1a: 2.71406|Gligar, M|334\/334
|-damage|p1a: 2.71406|293\/334|[from] Stealth Rock
|move|p2a: Aerodactyl|Stone Edge|p1a: 2.71406
|-damage|p1a: 2.71406|235\/334
|
|-damage|p2a: Aerodactyl|15\/302 brn|[from] brn
|turn|16
|
|move|p2a: Aerodactyl|Stone Edge|p1a: 2.71406|[miss]
|-miss|p2a: Aerodactyl|p1a: 2.71406
|move|p1a: 2.71406|Roost|p1a: 2.71406
|-heal|p1a: 2.71406|334\/334
|
|-damage|p2a: Aerodactyl|0 fnt|[from] brn
|faint|p2a: Aerodactyl
|
|switch|p2a: Suicune|Suicune|404\/404
|-damage|p2a: Suicune|354\/404|[from] Stealth Rock
|-status|p2a: Suicune|tox
|-ability|p2a: Suicune|Pressure
|turn|17
|
|switch|p1a: 1.21976|Virizion|323\/323
|-damage|p1a: 1.21976|303\/323|[from] Stealth Rock
|move|p2a: Suicune|Calm Mind|p2a: Suicune
|-boost|p2a: Suicune|spa|1
|-boost|p2a: Suicune|spd|1
|
|-heal|p2a: Suicune|379\/404 tox|[from] item: Leftovers
|-damage|p2a: Suicune|354\/404 tox|[from] psn
|turn|18
|
|move|p1a: 1.21976|Leaf Blade|p2a: Suicune
|-supereffective|p2a: Suicune
|-damage|p2a: Suicune|202\/404 tox
|move|p2a: Suicune|Scald|p1a: 1.21976
|-resisted|p1a: 1.21976
|-damage|p1a: 1.21976|254\/323
|-status|p1a: 1.21976|brn
|-enditem|p1a: 1.21976|Lum Berry|[eat]
|-curestatus|p1a: 1.21976|brn
|
|-heal|p2a: Suicune|227\/404 tox|[from] item: Leftovers
|-damage|p2a: Suicune|177\/404 tox|[from] psn
|turn|19
|
|move|p1a: 1.21976|Leaf Blade|p2a: Suicune
|-supereffective|p2a: Suicune
|-damage|p2a: Suicune|19\/404 tox
|move|p2a: Suicune|Rest|p2a: Suicune
|-status|p2a: Suicune|slp
|-heal|p2a: Suicune|404\/404 slp|[silent]
|-status|p2a: Suicune|slp|[from] move: Rest
|
|turn|20
|
|move|p1a: 1.21976|Swords Dance|p1a: 1.21976
|-boost|p1a: 1.21976|atk|2
|cant|p2a: Suicune|slp
|move|p2a: Suicune|Sleep Talk|p2a: Suicune
|move|p2a: Suicune|Rest|p2a: Suicune|[from]Sleep Talk
|-fail|p2a: Suicune
|
|turn|21
|
|switch|p2a: Doublade|Doublade, F|322\/322
|-damage|p2a: Doublade|302\/322|[from] Stealth Rock
|move|p1a: 1.21976|Leaf Blade|p2a: Doublade
|-resisted|p2a: Doublade
|-damage|p2a: Doublade|244\/322
|
|turn|22
|
|switch|p1a: 8.21179|Arcanine, F|353\/383
|-damage|p1a: 8.21179|258\/383|[from] Stealth Rock
|-ability|p1a: 8.21179|Intimidate|[of] p2a: Doublade
|-unboost|p2a: Doublade|atk|1
|move|p2a: Doublade|Swords Dance|p2a: Doublade
|-boost|p2a: Doublade|atk|2
|
|-heal|p1a: 8.21179|281\/383|[from] item: Leftovers
|turn|23
|
|move|p2a: Doublade|Shadow Sneak|p1a: 8.21179
|-damage|p1a: 8.21179|190\/383
|move|p1a: 8.21179|Will-O-Wisp|p2a: Doublade
|-status|p2a: Doublade|brn
|
|-heal|p1a: 8.21179|213\/383|[from] item: Leftovers
|-damage|p2a: Doublade|204\/322 brn|[from] brn
|turn|24
|
|move|p1a: 8.21179|Morning Sun|p1a: 8.21179
|-heal|p1a: 8.21179|383\/383
|move|p2a: Doublade|Swords Dance|p2a: Doublade
|-boost|p2a: Doublade|atk|2
|
|-damage|p2a: Doublade|164\/322 brn|[from] brn
|turn|25
|
|move|p1a: 8.21179|Flare Blitz|p2a: Doublade
|-supereffective|p2a: Doublade
|-damage|p2a: Doublade|12\/322 brn
|-damage|p1a: 8.21179|333\/383|[from] recoil|[of] p2a: Doublade
|move|p2a: Doublade|Swords Dance|p2a: Doublade
|-boost|p2a: Doublade|atk|2
|
|-heal|p1a: 8.21179|356\/383|[from] item: Leftovers
|-damage|p2a: Doublade|0 fnt|[from] brn
|faint|p2a: Doublade
|
|switch|p2a: Infernape|Infernape, F|268\/293
|-status|p2a: Infernape|tox
|-damage|p2a: Infernape|232\/293 tox|[from] Stealth Rock
|turn|26
|
|move|p1a: 8.21179|Extreme Speed|p2a: Infernape
|-damage|p2a: Infernape|139\/293 tox
|move|p2a: Infernape|Flare Blitz|p1a: 8.21179
|-resisted|p1a: 8.21179
|-damage|p1a: 8.21179|239\/383
|-damage|p2a: Infernape|100\/293 tox|[from] recoil|[of] p1a: 8.21179
|
|-heal|p1a: 8.21179|262\/383|[from] item: Leftovers
|-damage|p2a: Infernape|82\/293 tox|[from] psn
|turn|27
|-message|PapaSmurfie forfeited.
|
|win|Bob the Bae
|raw|Ladder updating...
|raw|Bob the Bae's rating: 1656 &rarr; <strong>1665<\/strong><br \/>(+9 for winning)
|raw|PapaSmurfie's rating: 1430 &rarr; <strong>1421<\/strong><br \/>(-9 for losing)
|leave|PapaSmurfie
|player|p2