|join|GeathDrips
|join|Bob the Bae
|player|p1|GeathDrips|49
|player|p2|Bob the Bae|23
|gametype|singles
|gen|6
|tier|UU
|rated
|rule|Sleep Clause Mod: Limit one foe put to sleep
|rule|Species Clause: Limit one of each PokÃ©mon
|rule|OHKO Clause: OHKO moves are banned
|rule|Moody Clause: Moody is banned
|rule|Evasion Moves Clause: Evasion moves are banned
|rule|Endless Battle Clause: Forcing endless battles is banned
|rule|HP Percentage Mod: HP is shown in percentages
|clearpoke
|poke|p1|Lucario, M
|poke|p1|Tentacruel, M
|poke|p1|Aerodactyl, M
|poke|p1|Entei, shiny
|poke|p1|Hippowdon, M
|poke|p1|Shaymin
|poke|p2|Blissey, F
|poke|p2|Noivern, M
|poke|p2|Weezing, M
|poke|p2|Arcanine, F
|poke|p2|Gligar, M
|poke|p2|Virizion
|rule|Swagger Clause: Swagger is banned
|rule|Baton Pass Clause: Limit one PokÃ©mon knowing Baton Pass
|teampreview
|c|âBob the Bae|o
|c|âBob the Bae|hi
|c|âGeathDrips|hi
|c|âGeathDrips|i want
|c|âGeathDrips|ur babies
|c|âBob the Bae|present your anus
|c|âBob the Bae|thats how babies are made right?
|c|âGeathDrips|id assume so
|
|start
|switch|p1a: Tentacruel|Tentacruel, M|364\/364
|switch|p2a: 1.03736|Weezing, M|334\/334
|turn|1
|
|move|p1a: Tentacruel|Toxic Spikes|p2a: 1.03736
|-sidestart|p2: Bob the Bae|move: Toxic Spikes
|move|p2a: 1.03736|Will-O-Wisp|p1a: Tentacruel
|-status|p1a: Tentacruel|brn
|
|-damage|p1a: Tentacruel|319\/364 brn|[from] brn
|turn|2
|
|switch|p1a: Entei|Entei, shiny|372\/372
|-ability|p1a: Entei|Pressure
|move|p2a: 1.03736|Toxic Spikes|p1a: Entei
|-sidestart|p1: GeathDrips|move: Toxic Spikes
|
|turn|3
|
|switch|p1a: Aerodactyl|Aerodactyl, M|302\/302
|switch|p2a: 8.21179|Arcanine, F|383\/383
|-status|p2a: 8.21179|psn
|-ability|p2a: 8.21179|Intimidate|[of] p1a: Aerodactyl
|-unboost|p1a: Aerodactyl|atk|1
|
|-damage|p2a: 8.21179|336\/383 psn|[from] psn
|turn|4
|
|detailschange|p1a: Aerodactyl|Aerodactyl-Mega, M
|message|Aerodactyl has Mega Evolved into Mega Aerodactyl!
|move|p1a: Aerodactyl|Aqua Tail|p2a: 8.21179
|-supereffective|p2a: 8.21179
|-damage|p2a: 8.21179|148\/383 psn
|move|p2a: 8.21179|Will-O-Wisp|p1a: Aerodactyl
|-status|p1a: Aerodactyl|brn
|
|-heal|p2a: 8.21179|171\/383 psn|[from] item: Leftovers
|-damage|p1a: Aerodactyl|265\/302 brn|[from] brn
|-damage|p2a: 8.21179|124\/383 psn|[from] psn
|turn|5
|
|switch|p2a: 1.03736|Weezing, M|334\/334
|move|p1a: Aerodactyl|Aqua Tail|p2a: 1.03736|[miss]
|-miss|p1a: Aerodactyl|p2a: 1.03736
|
|-damage|p1a: Aerodactyl|228\/302 brn|[from] brn
|turn|6
|
|switch|p1a: Tentacruel|Tentacruel, M|319\/364 brn
|-sideend|p1: GeathDrips|move: Toxic Spikes|[of] p1a: Tentacruel
|switch|p2a: 2.71406|Gligar, M|334\/334
|
|-heal|p1a: Tentacruel|341\/364 brn|[from] item: Black Sludge
|-damage|p1a: Tentacruel|296\/364 brn|[from] brn
|turn|7
|
|switch|p1a: Entei|Entei, shiny|372\/372
|-ability|p1a: Entei|Pressure
|move|p2a: 2.71406|Earthquake|p1a: Entei
|-supereffective|p1a: Entei
|-damage|p1a: Entei|172\/372
|
|turn|8
|
|move|p1a: Entei|Sacred Fire|p2a: 2.71406
|-damage|p2a: 2.71406|156\/334
|move|p2a: 2.71406|Earthquake|p1a: Entei
|-supereffective|p1a: Entei
|-damage|p1a: Entei|0 fnt
|faint|p1a: Entei
|
|c|âBob the Bae|nb
|
|switch|p1a: Shaymin|Shaymin|341\/341
|turn|9
|c|âBob the Bae|coming thru
|
|switch|p1a: Lucario|Lucario, M|281\/281
|switch|p2a: 3.98100|Noivern, M|315\/315
|
|turn|10
|
|switch|p1a: Hippowdon|Hippowdon, M|420\/420
|move|p2a: 3.98100|Flamethrower|p1a: Hippowdon
|-damage|p1a: Hippowdon|303\/420
|
|-heal|p1a: Hippowdon|329\/420|[from] item: Leftovers
|turn|11
|
|switch|p2a: 2.71406|Gligar, M|156\/334
|switch|p1a: Shaymin|Shaymin|341\/341
|
|turn|12
|
|switch|p2a: 3.98100|Noivern, M|315\/315
|move|p1a: Shaymin|Seed Flare|p2a: 3.98100
|-resisted|p2a: 3.98100
|-damage|p2a: 3.98100|242\/315
|-unboost|p2a: 3.98100|spd|2
|-damage|p1a: Shaymin|307\/341|[from] item: Life Orb
|
|turn|13
|
|move|p2a: 3.98100|U-turn|p1a: Shaymin
|-supereffective|p1a: Shaymin
|-damage|p1a: Shaymin|235\/341
|
|switch|p2a: 9.58093|Blissey, F|714\/714
|-status|p2a: 9.58093|psn
|move|p1a: Shaymin|Psychic|p2a: 9.58093
|-crit|p2a: 9.58093
|-damage|p2a: 9.58093|589\/714 psn
|-damage|p1a: Shaymin|201\/341|[from] item: Life Orb
|
|-heal|p2a: 9.58093|633\/714 psn|[from] item: Leftovers
|-damage|p2a: 9.58093|544\/714 psn|[from] psn
|turn|14
|
|switch|p1a: Lucario|Lucario, M|281\/281
|move|p2a: 9.58093|Wish|p2a: 9.58093
|
|-heal|p2a: 9.58093|588\/714 psn|[from] item: Leftovers
|-damage|p2a: 9.58093|499\/714 psn|[from] psn
|turn|15
|
|switch|p2a: 2.71406|Gligar, M|156\/334
|move|p1a: Lucario|Flash Cannon|p2a: 2.71406
|-damage|p2a: 2.71406|43\/334
|-damage|p1a: Lucario|253\/281|[from] item: Life Orb
|
|-heal|p2a: 2.71406|334\/334|[from] move: Wish|[wisher] 9.58093
|turn|16
|
|switch|p1a: Shaymin|Shaymin|201\/341
|move|p2a: 2.71406|Defog|p1a: Shaymin
|-unboost|p1a: Shaymin|evasion|1
|-sideend|p2: Bob the Bae|Toxic Spikes|[from] move: Defog|[of] p2a: 2.71406
|
|turn|17
|
|switch|p2a: 3.98100|Noivern, M|242\/315
|move|p1a: Shaymin|Synthesis|p1a: Shaymin
|-heal|p1a: Shaymin|341\/341
|
|turn|18
|
|switch|p1a: Hippowdon|Hippowdon, M|329\/420
|move|p2a: 3.98100|Draco Meteor|p1a: Hippowdon
|-damage|p1a: Hippowdon|100\/420
|-unboost|p2a: 3.98100|spa|2
|
|-heal|p1a: Hippowdon|126\/420|[from] item: Leftovers
|turn|19
|c|âBob the Bae|wow bulk
|c|âGeathDrips|draco pl8?
|c|âBob the Bae|bright powder is the only item i use
|
|switch|p2a: 1.03736|Weezing, M|334\/334
|move|p1a: Hippowdon|Slack Off|p1a: Hippowdon
|-heal|p1a: Hippowdon|336\/420
|
|-heal|p1a: Hippowdon|362\/420|[from] item: Leftovers
|turn|20
|c|âGeathDrips|:[
|
|switch|p1a: Tentacruel|Tentacruel, M|296\/364 brn
|move|p2a: 1.03736|Toxic Spikes|p1a: Tentacruel
|-sidestart|p1: GeathDrips|move: Toxic Spikes
|
|-heal|p1a: Tentacruel|318\/364 brn|[from] item: Black Sludge
|-damage|p1a: Tentacruel|273\/364 brn|[from] brn
|turn|21
|
|switch|p2a: 9.58093|Blissey, F|499\/714
|move|p1a: Tentacruel|Rapid Spin|p2a: 9.58093
|-damage|p2a: 9.58093|488\/714
|-sideend|p1: GeathDrips|Toxic Spikes|[from] move: Rapid Spin|[of] p1a: Tentacruel
|
|-heal|p1a: Tentacruel|295\/364 brn|[from] item: Black Sludge
|-heal|p2a: 9.58093|532\/714|[from] item: Leftovers
|-damage|p1a: Tentacruel|250\/364 brn|[from] brn
|turn|22
|
|switch|p1a: Hippowdon|Hippowdon, M|362\/420
|move|p2a: 9.58093|Heal Bell|p2a: 9.58093
|-cureteam|p2a: 9.58093|[from] move: HealBell
|
|-heal|p2a: 9.58093|576\/714|[from] item: Leftovers
|-heal|p1a: Hippowdon|388\/420|[from] item: Leftovers
|turn|23
|c|âGeathDrips|i miss entei
|
|switch|p2a: 2.71406|Gligar, M|334\/334
|move|p1a: Hippowdon|Stealth Rock|p2a: 2.71406
|-sidestart|p2: Bob the Bae|move: Stealth Rock
|
|-heal|p1a: Hippowdon|414\/420|[from] item: Leftovers
|turn|24
|
|switch|p1a: Shaymin|Shaymin|341\/341
|move|p2a: 2.71406|Stealth Rock|p1a: Shaymin
|-sidestart|p1: GeathDrips|move: Stealth Rock
|
|turn|25
|
|move|p1a: Shaymin|Psychic|p2a: 2.71406
|-damage|p2a: 2.71406|260\/334
|-damage|p1a: Shaymin|307\/341|[from] item: Life Orb
|move|p2a: 2.71406|Defog|p1a: Shaymin
|-unboost|p1a: Shaymin|evasion|1
|-sideend|p1: GeathDrips|Stealth Rock|[from] move: Defog|[of] p1a: Shaymin
|-sideend|p2: Bob the Bae|Stealth Rock|[from] move: Defog|[of] p2a: 2.71406
|
|turn|26
|
|switch|p2a: 9.58093|Blissey, F|576\/714
|move|p1a: Shaymin|Seed Flare|p2a: 9.58093
|-damage|p2a: 9.58093|408\/714
|-damage|p1a: Shaymin|273\/341|[from] item: Life Orb
|
|-heal|p2a: 9.58093|452\/714|[from] item: Leftovers
|turn|27
|
|switch|p1a: Lucario|Lucario, M|253\/281
|move|p2a: 9.58093|Wish|p2a: 9.58093
|
|-heal|p2a: 9.58093|496\/714|[from] item: Leftovers
|turn|28
|
|switch|p1a: Shaymin|Shaymin|273\/341
|switch|p2a: 3.98100|Noivern, M|242\/315
|
|-heal|p2a: 3.98100|315\/315|[from] move: Wish|[wisher] 9.58093
|turn|29
|
|switch|p1a: Hippowdon|Hippowdon, M|414\/420
|move|p2a: 3.98100|U-turn|p1a: Hippowdon
|-damage|p1a: Hippowdon|383\/420
|
|switch|p2a: 1.03736|Weezing, M|334\/334
|
|-heal|p1a: Hippowdon|409\/420|[from] item: Leftovers
|turn|30
|
|switch|p2a: 3.98100|Noivern, M|315\/315
|switch|p1a: Tentacruel|Tentacruel, M|250\/364 brn
|
|-heal|p1a: Tentacruel|272\/364 brn|[from] item: Black Sludge
|-damage|p1a: Tentacruel|227\/364 brn|[from] brn
|turn|31
|
|switch|p1a: Hippowdon|Hippowdon, M|409\/420
|move|p2a: 3.98100|Switcheroo|p1a: Hippowdon
|-activate|p2a: 3.98100|move: Trick|[of] p1a: Hippowdon
|-item|p1a: Hippowdon|Choice Specs|[from] Trick
|-item|p2a: 3.98100|Leftovers|[from] Trick
|
|turn|32
|
|move|p2a: 3.98100|U-turn|p1a: Hippowdon
|-damage|p1a: Hippowdon|379\/420
|
|switch|p2a: 2.71406|Gligar, M|260\/334
|move|p1a: Hippowdon|Stealth Rock|p2a: 2.71406
|-sidestart|p2: Bob the Bae|move: Stealth Rock
|
|turn|33
|
|switch|p1a: Shaymin|Shaymin|273\/341
|move|p2a: 2.71406|Defog|p1a: Shaymin
|-unboost|p1a: Shaymin|evasion|1
|-sideend|p2: Bob the Bae|Stealth Rock|[from] move: Defog|[of] p2a: 2.71406
|
|turn|34
|
|switch|p1a: Lucario|Lucario, M|253\/281
|switch|p2a: 3.98100|Noivern, M|315\/315
|
|turn|35
|
|switch|p1a: Hippowdon|Hippowdon, M|379\/420
|move|p2a: 3.98100|Flamethrower|p1a: Hippowdon
|-damage|p1a: Hippowdon|307\/420
|
|turn|36
|
|move|p2a: 3.98100|Flamethrower|p1a: Hippowdon
|-damage|p1a: Hippowdon|232\/420
|move|p1a: Hippowdon|Stealth Rock|p2a: 3.98100
|-sidestart|p2: Bob the Bae|move: Stealth Rock
|
|turn|37
|
|switch|p1a: Tentacruel|Tentacruel, M|227\/364 brn
|move|p2a: 3.98100|Flamethrower|p1a: Tentacruel
|-resisted|p1a: Tentacruel
|-damage|p1a: Tentacruel|187\/364 brn
|
|-heal|p1a: Tentacruel|209\/364 brn|[from] item: Black Sludge
|-damage|p1a: Tentacruel|164\/364 brn|[from] brn
|turn|38
|
|switch|p1a: Hippowdon|Hippowdon, M|232\/420
|move|p2a: 3.98100|Draco Meteor|p1a: Hippowdon
|-damage|p1a: Hippowdon|54\/420
|-unboost|p2a: 3.98100|spa|2
|
|turn|39
|
|move|p2a: 3.98100|Draco Meteor|p1a: Hippowdon
|-damage|p1a: Hippowdon|0 fnt
|-unboost|p2a: 3.98100|spa|2
|faint|p1a: Hippowdon
|
|
|switch|p1a: Aerodactyl|Aerodactyl-Mega, M|228\/302 brn
|turn|40
|
|switch|p1a: Shaymin|Shaymin|273\/341
|switch|p2a: 1.03736|Weezing, M|334\/334
|-damage|p2a: 1.03736|293\/334|[from] Stealth Rock
|
|-heal|p2a: 1.03736|313\/334|[from] item: Black Sludge
|turn|41
|
|switch|p1a: Lucario|Lucario, M|253\/281
|switch|p2a: 9.58093|Blissey, F|496\/714
|-damage|p2a: 9.58093|407\/714|[from] Stealth Rock
|
|-heal|p2a: 9.58093|451\/714|[from] item: Leftovers
|turn|42
|
|switch|p2a: 3.98100|Noivern, M|315\/315
|-damage|p2a: 3.98100|237\/315|[from] Stealth Rock
|move|p1a: Lucario|Nasty Plot|p1a: Lucario
|-boost|p1a: Lucario|spa|2
|
|-heal|p2a: 3.98100|256\/315|[from] item: Leftovers
|turn|43
|
|move|p2a: 3.98100|Flamethrower|p1a: Lucario
|-supereffective|p1a: Lucario
|-damage|p1a: Lucario|0 fnt
|faint|p1a: Lucario
|
|-heal|p2a: 3.98100|275\/315|[from] item: Leftovers
|c|âGeathDrips|gg
|-message|GeathDrips forfeited.
|
|win|Bob the Bae
|raw|Ladder updating...
|leave|GeathDrips
|player|p1
|raw|GeathDrips's rating: 1498 &rarr; <strong>1486<\/strong><br \/>(-12 for losing)
|raw|Bob the Bae's rating: 1644 &rarr; <strong>1656<\/strong><br \/>(+12 for winning)