|join|Double D Diana
|join|Bob the Bae
|player|p1|Double D Diana|226
|player|p2|Bob the Bae|23
|gametype|singles
|gen|6
|tier|UU
|rated
|rule|Sleep Clause Mod: Limit one foe put to sleep
|rule|Species Clause: Limit one of each PokÃ©mon
|rule|OHKO Clause: OHKO moves are banned
|rule|Moody Clause: Moody is banned
|rule|Evasion Moves Clause: Evasion moves are banned
|rule|Endless Battle Clause: Forcing endless battles is banned
|rule|HP Percentage Mod: HP is shown in percentages
|clearpoke
|poke|p1|Jirachi
|poke|p1|Entei, shiny
|poke|p1|Blastoise, F
|poke|p1|Sceptile, M
|poke|p1|Granbull, F
|poke|p1|Blissey, F
|poke|p2|Medicham, M
|poke|p2|Escavalier, M
|poke|p2|Vaporeon, F
|poke|p2|Krookodile, F
|poke|p2|Tentacruel, F
|poke|p2|Celebi
|rule|Swagger Clause: Swagger is banned
|rule|Baton Pass Clause: Limit one PokÃ©mon knowing Baton Pass
|teampreview
Double D Diana turned on modjoin.
|raw|<div class="broadcast-red"><b>Moderated chat was set to +!<\/b><br \/>Only users of rank + and higher can talk.<\/div>
Double D Diana made this room hidden.
|
|start
|switch|p1a: Entei|Entei, shiny|371\/371
|switch|p2a: midget knight|Escavalier, M|312\/312
|-ability|p1a: Entei|Pressure
|turn|1
|
|switch|p2a: cat mermaid|Vaporeon, F|464\/464
|move|p1a: Entei|Sacred Fire|p2a: cat mermaid
|-resisted|p2a: cat mermaid
|-damage|p2a: cat mermaid|330\/464
|-status|p2a: cat mermaid|brn
|
|-heal|p2a: cat mermaid|359\/464 brn|[from] item: Leftovers
|-damage|p2a: cat mermaid|301\/464 brn|[from] brn
|turn|2
|
|switch|p1a: Blissey|Blissey, F|651\/651
|move|p2a: cat mermaid|Baton Pass|p2a: cat mermaid
Bob the Bae turned off modjoin.
|
|switch|p2a: Tentacruel|Tentacruel, F|364\/364
|
|turn|3
|join|mini117
|join|butterbluemchen
|
|move|p2a: Tentacruel|Toxic Spikes|p1a: Blissey
|-sidestart|p1: Double D Diana|move: Toxic Spikes
|move|p1a: Blissey|Stealth Rock|p2a: Tentacruel
|-sidestart|p2: Bob the Bae|move: Stealth Rock
|
|turn|4
|join|Prof Varrick
|
|switch|p1a: Jirachi|Jirachi|404\/404
|move|p2a: Tentacruel|Toxic|p1a: Jirachi
|-fail|p1a: Jirachi
|
|turn|5
|join|Cynthia's Chomp
|leave|mini117
|join|Mariners Mom
|join|PEEDEETEE
|
|switch|p2a: midget knight|Escavalier, M|312\/312
|-damage|p2a: midget knight|273\/312|[from] Stealth Rock
|move|p1a: Jirachi|Substitute|p1a: Jirachi
|-start|p1a: Jirachi|Substitute
|-damage|p1a: Jirachi|303\/404
|
|-heal|p1a: Jirachi|328\/404|[from] item: Leftovers
|turn|6
Double D Diana turned on modjoin.
|
|move|p1a: Jirachi|Signal Beam|p2a: midget knight
|-resisted|p2a: midget knight
|-damage|p2a: midget knight|246\/312
|move|p2a: midget knight|Megahorn|p1a: Jirachi|[miss]
|-miss|p2a: midget knight|p1a: Jirachi
|
|-heal|p1a: Jirachi|353\/404|[from] item: Leftovers
|turn|7
|
|move|p1a: Jirachi|Signal Beam|p2a: midget knight
|-resisted|p2a: midget knight
|-damage|p2a: midget knight|219\/312
|move|p2a: midget knight|Megahorn|p1a: Jirachi
|-end|p1a: Jirachi|Substitute
|
|-heal|p1a: Jirachi|378\/404|[from] item: Leftovers
|turn|8
|
|switch|p1a: Granbull|Granbull, F|383\/383
|-status|p1a: Granbull|psn
|-ability|p1a: Granbull|Intimidate|[of] p2a: midget knight
|-unboost|p2a: midget knight|atk|1
|move|p2a: midget knight|Megahorn|p1a: Granbull
|-resisted|p1a: Granbull
|-damage|p1a: Granbull|287\/383 psn
|
|-heal|p1a: Granbull|310\/383 psn|[from] item: Leftovers
|-damage|p1a: Granbull|263\/383 psn|[from] psn
|turn|9
|
|switch|p1a: Jirachi|Jirachi|378\/404
|switch|p2a: onion tinkerbell|Celebi|404\/404
|-damage|p2a: onion tinkerbell|354\/404|[from] Stealth Rock
|
|-heal|p1a: Jirachi|403\/404|[from] item: Leftovers
|-heal|p2a: onion tinkerbell|379\/404|[from] item: Leftovers
|turn|10
|leave|Mariners Mom
|
|switch|p2a: midget knight|Escavalier, M|219\/312
|-damage|p2a: midget knight|180\/312|[from] Stealth Rock
|move|p1a: Jirachi|Signal Beam|p2a: midget knight
|-resisted|p2a: midget knight
|-damage|p2a: midget knight|152\/312
|-start|p2a: midget knight|confusion
|
|-heal|p1a: Jirachi|404\/404|[from] item: Leftovers
|turn|11
|
|move|p1a: Jirachi|Substitute|p1a: Jirachi
|-start|p1a: Jirachi|Substitute
|-damage|p1a: Jirachi|303\/404
|-activate|p2a: midget knight|confusion
|-damage|p2a: midget knight|77\/312|[from] confusion
|
|-heal|p1a: Jirachi|328\/404|[from] item: Leftovers
|turn|12
|
|move|p1a: Jirachi|Psyshock|p2a: midget knight
|-crit|p2a: midget knight
|-resisted|p2a: midget knight
|-damage|p2a: midget knight|11\/312
|-activate|p2a: midget knight|confusion
|-damage|p2a: midget knight|0 fnt|[from] confusion
|faint|p2a: midget knight
|
|-heal|p1a: Jirachi|353\/404|[from] item: Leftovers
Fire Lord Mako was promoted to Room Voice by Bob the Bae.
|
|switch|p2a: andy dufresne|Krookodile, F|331\/331
|-damage|p2a: andy dufresne|311\/331|[from] Stealth Rock
|-activate|p1a: Jirachi|Substitute|ability: Intimidate|[of] p2a: andy dufresne
|turn|13
|
|move|p2a: andy dufresne|Knock Off|p1a: Jirachi
|-crit|p1a: Jirachi
|-supereffective|p1a: Jirachi
|-end|p1a: Jirachi|Substitute
|move|p1a: Jirachi|Signal Beam|p2a: andy dufresne
|-supereffective|p2a: andy dufresne
|-damage|p2a: andy dufresne|153\/331
|
|-heal|p1a: Jirachi|378\/404|[from] item: Leftovers
|turn|14
|
|switch|p1a: Granbull|Granbull, F|263\/383 psn
|-ability|p1a: Granbull|Intimidate|[of] p2a: andy dufresne
|-unboost|p2a: andy dufresne|atk|1
|move|p2a: andy dufresne|Knock Off|p1a: Granbull
|-resisted|p1a: Granbull
|-damage|p1a: Granbull|207\/383 psn
|-enditem|p1a: Granbull|Leftovers|[from] move: Knock Off|[of] p2a: andy dufresne
|
|-damage|p1a: Granbull|160\/383 psn|[from] psn
|turn|15
|
|switch|p2a: onion tinkerbell|Celebi|379\/404
|-damage|p2a: onion tinkerbell|329\/404|[from] Stealth Rock
|switch|p1a: Blastoise|Blastoise, F|362\/362
|-status|p1a: Blastoise|psn
|
|-heal|p2a: onion tinkerbell|354\/404|[from] item: Leftovers
|-damage|p1a: Blastoise|317\/362 psn|[from] psn
|turn|16
|
|switch|p1a: Jirachi|Jirachi|378\/404
|move|p2a: onion tinkerbell|Thunder Wave|p1a: Jirachi
|-status|p1a: Jirachi|par
|
|-heal|p2a: onion tinkerbell|379\/404|[from] item: Leftovers
|-heal|p1a: Jirachi|403\/404 par|[from] item: Leftovers
|turn|17
|join|DrReuniclus3
|
|switch|p1a: Entei|Entei, shiny|371\/371
|-status|p1a: Entei|psn
|-ability|p1a: Entei|Pressure
|move|p2a: onion tinkerbell|Heal Bell|p2a: onion tinkerbell
|-cureteam|p2a: onion tinkerbell|[from] move: HealBell
|
|-heal|p2a: onion tinkerbell|404\/404|[from] item: Leftovers
|-damage|p1a: Entei|325\/371 psn|[from] psn
|turn|18
|
|switch|p2a: Tentacruel|Tentacruel, F|364\/364
|-damage|p2a: Tentacruel|319\/364|[from] Stealth Rock
|move|p1a: Entei|Sacred Fire|p2a: Tentacruel
|-resisted|p2a: Tentacruel
|-damage|p2a: Tentacruel|200\/364
|-status|p2a: Tentacruel|brn
|
|-heal|p2a: Tentacruel|222\/364 brn|[from] item: Black Sludge
|-damage|p1a: Entei|279\/371 psn|[from] psn
|-damage|p2a: Tentacruel|177\/364 brn|[from] brn
|turn|19
|
|switch|p1a: Blastoise|Blastoise, F|317\/362 psn
|move|p2a: Tentacruel|Rapid Spin|p1a: Blastoise
|-damage|p1a: Blastoise|313\/362 psn
|-sideend|p2: Bob the Bae|Stealth Rock|[from] move: Rapid Spin|[of] p2a: Tentacruel
|
|-heal|p2a: Tentacruel|199\/364 brn|[from] item: Black Sludge
|-heal|p1a: Blastoise|335\/362 psn|[from] item: Leftovers
|-damage|p2a: Tentacruel|154\/364 brn|[from] brn
|-damage|p1a: Blastoise|290\/362 psn|[from] psn
|turn|20
|
|switch|p2a: cat mermaid|Vaporeon, F|301\/464
|move|p1a: Blastoise|Rapid Spin|p2a: cat mermaid
|-damage|p2a: cat mermaid|290\/464
|-sideend|p1: Double D Diana|Toxic Spikes|[from] move: Rapid Spin|[of] p1a: Blastoise
|
|-heal|p1a: Blastoise|312\/362 psn|[from] item: Leftovers
|-heal|p2a: cat mermaid|319\/464|[from] item: Leftovers
|-damage|p1a: Blastoise|267\/362 psn|[from] psn
|turn|21
|
|move|p1a: Blastoise|Toxic|p2a: cat mermaid
|-status|p2a: cat mermaid|tox
|move|p2a: cat mermaid|Wish|p2a: cat mermaid
|
|-heal|p1a: Blastoise|289\/362 psn|[from] item: Leftovers
|-heal|p2a: cat mermaid|348\/464 tox|[from] item: Leftovers
|-damage|p1a: Blastoise|244\/362 psn|[from] psn
|-damage|p2a: cat mermaid|319\/464 tox|[from] psn
|turn|22
|
|move|p2a: cat mermaid|Baton Pass|p2a: cat mermaid
|
|switch|p2a: Tentacruel|Tentacruel, F|154\/364 brn
|move|p1a: Blastoise|Roar|p2a: Tentacruel
|drag|p2a: cat mermaid|Vaporeon, F|319\/464 tox
|
|-heal|p2a: cat mermaid|464\/464 tox|[from] move: Wish|[wisher] cat mermaid
|-heal|p1a: Blastoise|266\/362 psn|[from] item: Leftovers
|-damage|p1a: Blastoise|221\/362 psn|[from] psn
|-damage|p2a: cat mermaid|435\/464 tox|[from] psn
|turn|23
|
|switch|p1a: Sceptile|Sceptile, M|281\/281
|move|p2a: cat mermaid|Baton Pass|p2a: cat mermaid
|
|switch|p2a: reveal foresight|Medicham, M|261\/261
|
|turn|24
|
|switch|p1a: Granbull|Granbull, F|160\/383 psn
|-ability|p1a: Granbull|Intimidate|[of] p2a: reveal foresight
|-unboost|p2a: reveal foresight|atk|1
|detailschange|p2a: reveal foresight|Medicham-Mega, M
|-mega|p2a: reveal foresight|Medicham|Medichamite
|move|p2a: reveal foresight|Fake Out|p1a: Granbull
|-damage|p1a: Granbull|117\/383 psn
|
|-damage|p1a: Granbull|70\/383 psn|[from] psn
|turn|25
|
|move|p2a: reveal foresight|Zen Headbutt|p1a: Granbull
|-damage|p1a: Granbull|0 fnt
|faint|p1a: Granbull
|
|
|switch|p1a: Jirachi|Jirachi|403\/404 par
|turn|26
|
|move|p2a: reveal foresight|High Jump Kick|p1a: Jirachi|[miss]
|-miss|p2a: reveal foresight|p1a: Jirachi
|-damage|p2a: reveal foresight|131\/261|[from] highjumpkick
|move|p1a: Jirachi|Psyshock|p2a: reveal foresight
|-damage|p2a: reveal foresight|25\/261
|
|-heal|p1a: Jirachi|404\/404 par|[from] item: Leftovers
|turn|27
|
|switch|p2a: cat mermaid|Vaporeon, F|435\/464 tox
|cant|p1a: Jirachi|par
|
|-heal|p2a: cat mermaid|464\/464 tox|[from] item: Leftovers
|-damage|p2a: cat mermaid|435\/464 tox|[from] psn
|turn|28
|
|switch|p2a: andy dufresne|Krookodile, F|153\/331
|-ability|p2a: andy dufresne|Intimidate|[of] p1a: Jirachi
|-unboost|p1a: Jirachi|atk|1
|switch|p1a: Sceptile|Sceptile, M|281\/281
|
|turn|29
|
|switch|p2a: onion tinkerbell|Celebi|404\/404
|detailschange|p1a: Sceptile|Sceptile-Mega, M
|-mega|p1a: Sceptile|Sceptile|Sceptilite
|move|p1a: Sceptile|Leaf Blade|p2a: onion tinkerbell
|-resisted|p2a: onion tinkerbell
|-damage|p2a: onion tinkerbell|339\/404
|
|-heal|p2a: onion tinkerbell|364\/404|[from] item: Leftovers
|turn|30
|
|move|p1a: Sceptile|Swords Dance|p1a: Sceptile
|-boost|p1a: Sceptile|atk|2
|move|p2a: onion tinkerbell|Psychic|p1a: Sceptile
|-damage|p1a: Sceptile|145\/281
|
|-heal|p2a: onion tinkerbell|389\/404|[from] item: Leftovers
|turn|31
|
|move|p1a: Sceptile|Rock Slide|p2a: onion tinkerbell
|-miss|p1a: Sceptile|p2a: onion tinkerbell
|move|p2a: onion tinkerbell|Psychic|p1a: Sceptile
|-crit|p1a: Sceptile
|-damage|p1a: Sceptile|0 fnt
|faint|p1a: Sceptile
|
|-heal|p2a: onion tinkerbell|404\/404|[from] item: Leftovers
|
|switch|p1a: Jirachi|Jirachi|404\/404 par
|turn|32
|
|move|p2a: onion tinkerbell|Heal Bell|p2a: onion tinkerbell
|-cureteam|p2a: onion tinkerbell|[from] move: HealBell
|move|p1a: Jirachi|Signal Beam|p2a: onion tinkerbell
|-supereffective|p2a: onion tinkerbell
|-damage|p2a: onion tinkerbell|212\/404
|-start|p2a: onion tinkerbell|confusion
|
|-heal|p2a: onion tinkerbell|237\/404|[from] item: Leftovers
|turn|33
|
|switch|p2a: cat mermaid|Vaporeon, F|435\/464
|cant|p1a: Jirachi|par
|
|-heal|p2a: cat mermaid|464\/464|[from] item: Leftovers
|turn|34
|
|move|p2a: cat mermaid|Baton Pass|p2a: cat mermaid
|
|switch|p2a: andy dufresne|Krookodile, F|153\/331
|-ability|p2a: andy dufresne|Intimidate|[of] p1a: Jirachi
|-unboost|p1a: Jirachi|atk|1
|cant|p1a: Jirachi|par
|
|turn|35
|-message|Double D Diana forfeited.
|
|win|Bob the Bae
|raw|Ladder updating...
|leave|Double D Diana
|raw|Double D Diana's rating: 1462 &rarr; <strong>1442<\/strong><br \/>(-20 for losing)
|raw|Bob the Bae's rating: 1455 &rarr; <strong>1476<\/strong><br \/>(+21 for winning)
|player|p1