|join|jerry85
|join|Alt0927
|player|p1|jerry85|267
|player|p2|Alt0927|18
|gametype|singles
|gen|6
|tier|OU
|rated
|clearpoke
|poke|p1|Sableye, F
|poke|p1|Excadrill, M
|poke|p1|Manaphy
|poke|p1|Gliscor, M
|poke|p1|Talonflame, M
|poke|p1|Clefable, F
|poke|p2|Latios, M
|poke|p2|Volcarona, F
|poke|p2|Landorus-Therian, M
|poke|p2|Heatran, M
|poke|p2|Tyranitar, M
|poke|p2|Alakazam, F
|rule|Swagger Clause: Swagger is banned
|rule|Baton Pass Clause: Limit one PokÃ©mon knowing Baton Pass
|rule|Sleep Clause Mod: Limit one foe put to sleep
|rule|Species Clause: Limit one of each PokÃ©mon
|rule|OHKO Clause: OHKO moves are banned
|rule|Moody Clause: Moody is banned
|rule|Evasion Moves Clause: Evasion moves are banned
|rule|Endless Battle Clause: Forcing endless battles is banned
|rule|HP Percentage Mod: HP is shown in percentages
|teampreview
|
|start
|switch|p1a: Sableye|Sableye, F|303\/303
|switch|p2a: Landorus-Therian|Landorus-Therian, M|319\/319
|-ability|p2a: Landorus-Therian|Intimidate|[of] p1a: Sableye
|-unboost|p1a: Sableye|atk|1
|turn|1
|
|switch|p2a: Heatran|Heatran, M|323\/323
|detailschange|p1a: Sableye|Sableye-Mega, F
|-mega|p1a: Sableye|Sableye|Sablenite
|move|p1a: Sableye|Knock Off|p2a: Heatran
|-damage|p2a: Heatran|257\/323
|-enditem|p2a: Heatran|Leftovers|[from] move: Knock Off|[of] p1a: Sableye
|
|turn|2
|
|move|p2a: Heatran|Fire Blast|p1a: Sableye
|-damage|p1a: Sableye|185\/303
|move|p1a: Sableye|Knock Off|p2a: Heatran
|-damage|p2a: Heatran|217\/323
|
|turn|3
|
|switch|p2a: Volcarona|Volcarona, F|329\/329
|move|p1a: Sableye|Recover|p1a: Sableye
|-heal|p1a: Sableye|303\/303
|
|turn|4
|
|switch|p2a: Tyranitar|Tyranitar, M|341\/341
|-weather|Sandstorm
|move|p1a: Sableye|Knock Off|p2a: Tyranitar
|-resisted|p2a: Tyranitar
|-damage|p2a: Tyranitar|310\/341
|-enditem|p2a: Tyranitar|Choice Scarf|[from] move: Knock Off|[of] p1a: Sableye
|
|-weather|Sandstorm|[upkeep]
|-damage|p1a: Sableye|285\/303|[from] sandstorm
|turn|5
|c|âAlt0927|??
|
|switch|p2a: Heatran|Heatran, M|217\/323
|move|p1a: Sableye|Knock Off|p2a: Heatran
|-damage|p2a: Heatran|171\/323
|
|-weather|Sandstorm|[upkeep]
|-damage|p1a: Sableye|267\/303|[from] sandstorm
|turn|6
|
|move|p2a: Heatran|Fire Blast|p1a: Sableye
|-damage|p1a: Sableye|144\/303
|move|p1a: Sableye|Recover|p1a: Sableye
|-heal|p1a: Sableye|296\/303
|
|-weather|Sandstorm|[upkeep]
|-damage|p1a: Sableye|278\/303|[from] sandstorm
|turn|7
|
|switch|p2a: Volcarona|Volcarona, F|329\/329
|move|p1a: Sableye|Knock Off|p2a: Volcarona
|-crit|p2a: Volcarona
|-damage|p2a: Volcarona|118\/329
|-enditem|p2a: Volcarona|Passho Berry|[from] move: Knock Off|[of] p1a: Sableye
|
|-weather|Sandstorm|[upkeep]
|-damage|p2a: Volcarona|98\/329|[from] sandstorm
|-damage|p1a: Sableye|260\/303|[from] sandstorm
|turn|8
|
|switch|p1a: Talonflame|Talonflame, M|345\/345
|move|p2a: Volcarona|Fire Blast|p1a: Talonflame
|-resisted|p1a: Talonflame
|-damage|p1a: Talonflame|213\/345
|
|-weather|none
|-heal|p1a: Talonflame|234\/345|[from] item: Leftovers
|turn|9
|
|switch|p2a: Heatran|Heatran, M|171\/323
|move|p1a: Talonflame|Brave Bird|p2a: Heatran
|-resisted|p2a: Heatran
|-damage|p2a: Heatran|93\/323
|-damage|p1a: Talonflame|208\/345|[from] recoil|[of] p2a: Heatran
|
|-heal|p1a: Talonflame|229\/345|[from] item: Leftovers
|turn|10
|
|move|p1a: Talonflame|Taunt|p2a: Heatran
|-start|p2a: Heatran|move: Taunt
|move|p2a: Heatran|Ancient Power|p1a: Talonflame
|-supereffective|p1a: Talonflame
|-damage|p1a: Talonflame|0 fnt
|faint|p1a: Talonflame
|
|
|switch|p1a: Manaphy|Manaphy|401\/401
|turn|11
|
|move|p2a: Heatran|Earth Power|p1a: Manaphy
|-damage|p1a: Manaphy|328\/401
|move|p1a: Manaphy|Scald|p2a: Heatran
|-supereffective|p2a: Heatran
|-damage|p2a: Heatran|0 fnt
|faint|p2a: Heatran
|
|-heal|p1a: Manaphy|353\/401|[from] item: Leftovers
|
|switch|p2a: Tyranitar|Tyranitar, M|310\/341
|-weather|Sandstorm
|turn|12
|
|move|p2a: Tyranitar|Crunch|p1a: Manaphy
|-damage|p1a: Manaphy|199\/401
|move|p1a: Manaphy|U-turn|p2a: Tyranitar
|-supereffective|p2a: Tyranitar
|-damage|p2a: Tyranitar|224\/341
|
|switch|p1a: Gliscor|Gliscor, M|353\/353
|
|-weather|Sandstorm|[upkeep]
|-status|p1a: Gliscor|tox|[from] item: Toxic Orb
|turn|13
|
|switch|p2a: Latios|Latios, M|301\/301
|move|p1a: Gliscor|Stealth Rock|p2a: Latios
|-sidestart|p2: Alt0927|move: Stealth Rock
|
|-weather|Sandstorm|[upkeep]
|-damage|p2a: Latios|283\/301|[from] sandstorm
|turn|14
|
|switch|p1a: Excadrill|Excadrill, M|424\/424
|-ability|p1a: Excadrill|Mold Breaker
|move|p2a: Latios|Defog|p1a: Excadrill
|-unboost|p1a: Excadrill|evasion|1
|-sideend|p2: Alt0927|Stealth Rock|[from] move: Defog|[of] p2a: Latios
|
|-weather|Sandstorm|[upkeep]
|-damage|p2a: Latios|265\/301|[from] sandstorm
|turn|15
|
|move|p2a: Latios|Hidden Power|p1a: Excadrill
|-supereffective|p1a: Excadrill
|-damage|p1a: Excadrill|242\/424
|-damage|p2a: Latios|235\/301|[from] item: Life Orb
|move|p1a: Excadrill|Toxic|p2a: Latios
|-status|p2a: Latios|tox
|
|-weather|Sandstorm|[upkeep]
|-damage|p2a: Latios|217\/301 tox|[from] sandstorm
|-heal|p1a: Excadrill|268\/424|[from] item: Leftovers
|-damage|p2a: Latios|199\/301 tox|[from] psn
|turn|16
|
|switch|p2a: Landorus-Therian|Landorus-Therian, M|319\/319
|-ability|p2a: Landorus-Therian|Intimidate|[of] p1a: Excadrill
|-unboost|p1a: Excadrill|atk|1
|switch|p1a: Clefable|Clefable, F|393\/393
|
|-weather|none
|turn|17
|
|switch|p1a: Gliscor|Gliscor, M|353\/353 tox
|move|p2a: Landorus-Therian|Earthquake|p1a: Gliscor
|-immune|p1a: Gliscor|[msg]
|
|turn|18
|
|switch|p2a: Alakazam|Alakazam, F|251\/251
|move|p1a: Gliscor|U-turn|p2a: Alakazam
|-supereffective|p2a: Alakazam
|-damage|p2a: Alakazam|59\/251
|
|switch|p1a: Clefable|Clefable, F|393\/393
|
|turn|19
|
|detailschange|p2a: Alakazam|Alakazam-Mega, F
|-mega|p2a: Alakazam|Alakazam|Alakazite
|-ability|p2a: Alakazam|Unaware|[from] ability: Trace|[of] p1a: Clefable
|move|p2a: Alakazam|Psychic|p1a: Clefable
|-damage|p1a: Clefable|188\/393
|move|p1a: Clefable|Moonblast|p2a: Alakazam
|-damage|p2a: Alakazam|0 fnt
|faint|p2a: Alakazam
|
|-heal|p1a: Clefable|212\/393|[from] item: Leftovers
|
|switch|p2a: Tyranitar|Tyranitar, M|224\/341
|-weather|Sandstorm
|turn|20
|
|move|p2a: Tyranitar|Stone Edge|p1a: Clefable
|-damage|p1a: Clefable|26\/393
|move|p1a: Clefable|Moonblast|p2a: Tyranitar
|-supereffective|p2a: Tyranitar
|-damage|p2a: Tyranitar|80\/341
|
|-weather|Sandstorm|[upkeep]
|-damage|p1a: Clefable|2\/393|[from] sandstorm
|-heal|p1a: Clefable|26\/393|[from] item: Leftovers
|turn|21
|
|switch|p1a: Gliscor|Gliscor, M|353\/353 tox
|move|p2a: Tyranitar|Crunch|p1a: Gliscor
|-damage|p1a: Gliscor|263\/353 tox
|
|-weather|Sandstorm|[upkeep]
|-heal|p1a: Gliscor|307\/353 tox|[from] ability: Poison Heal
|turn|22
|
|switch|p2a: Volcarona|Volcarona, F|98\/329
|move|p1a: Gliscor|U-turn|p2a: Volcarona
|-resisted|p2a: Volcarona
|-damage|p2a: Volcarona|60\/329
|
|switch|p1a: Manaphy|Manaphy|199\/401
|
|-weather|Sandstorm|[upkeep]
|-damage|p2a: Volcarona|40\/329|[from] sandstorm
|-damage|p1a: Manaphy|174\/401|[from] sandstorm
|-heal|p1a: Manaphy|199\/401|[from] item: Leftovers
|turn|23
|
|move|p2a: Volcarona|Giga Drain|p1a: Manaphy
|-supereffective|p1a: Manaphy
|-damage|p1a: Manaphy|75\/401
|-heal|p2a: Volcarona|102\/329|[from] drain|[of] p1a: Manaphy
|move|p1a: Manaphy|Scald|p2a: Volcarona
|-supereffective|p2a: Volcarona
|-damage|p2a: Volcarona|0 fnt
|faint|p2a: Volcarona
|
|-weather|Sandstorm|[upkeep]
|-damage|p1a: Manaphy|50\/401|[from] sandstorm
|-heal|p1a: Manaphy|75\/401|[from] item: Leftovers
|
|switch|p2a: Landorus-Therian|Landorus-Therian, M|319\/319
|-ability|p2a: Landorus-Therian|Intimidate|[of] p1a: Manaphy
|-unboost|p1a: Manaphy|atk|1
|turn|24
|
|move|p2a: Landorus-Therian|Swords Dance|p2a: Landorus-Therian
|-boost|p2a: Landorus-Therian|atk|2
|move|p1a: Manaphy|Scald|p2a: Landorus-Therian
|-supereffective|p2a: Landorus-Therian
|-damage|p2a: Landorus-Therian|85\/319
|-status|p2a: Landorus-Therian|brn
|
|-weather|none
|-heal|p2a: Landorus-Therian|104\/319 brn|[from] item: Leftovers
|-heal|p1a: Manaphy|100\/401|[from] item: Leftovers
|-damage|p2a: Landorus-Therian|65\/319 brn|[from] brn
|turn|25
|c|âAlt0927|sigh
|c|âAlt0927|shitty ass game
|-message|Alt0927 forfeited.
|
|win|jerry85
|raw|Ladder updating...
|leave|Alt0927
|player|p2
|raw|jerry85's rating: 1571 &rarr; <strong>1592<\/strong><br \/>(+21 for winning)
|raw|Alt0927's rating: 1590 &rarr; <strong>1569<\/strong><br \/>(-21 for losing)
|leave|jerry85
|player|p1
|join|jerry85