|join|Alt0927
|join|bellicose
|player|p1|Alt0927|18
|player|p2|bellicose|102
|gametype|singles
|gen|6
|tier|OU
|rated
|clearpoke
|poke|p1|Latios, M
|poke|p1|Volcarona, M
|poke|p1|Landorus-Therian, M
|poke|p1|Heatran, M
|poke|p1|Tyranitar, F
|poke|p1|Alakazam, F
|poke|p2|Azelf
|poke|p2|Landorus-Therian, M
|poke|p2|Ferrothorn, M
|poke|p2|Keldeo
|poke|p2|Sableye, M
|poke|p2|Heatran, M
|rule|Swagger Clause: Swagger is banned
|rule|Baton Pass Clause: Limit one PokÃ©mon knowing Baton Pass
|rule|Sleep Clause Mod: Limit one foe put to sleep
|rule|Species Clause: Limit one of each PokÃ©mon
|rule|OHKO Clause: OHKO moves are banned
|rule|Moody Clause: Moody is banned
|rule|Evasion Moves Clause: Evasion moves are banned
|rule|Endless Battle Clause: Forcing endless battles is banned
|rule|HP Percentage Mod: HP is shown in percentages
|teampreview
|join|Altilt
|join|Updated Kanto
|join|Crestfall
|join|mouse de frank
|c|%Crestfall|LORD BELLI
|c|%Crestfall|belli what's ur name on smogon?
|c|%Crestfall|i wanna follow u
|c| Updated Kanto|water drone
|c|%Crestfall|kek
|
|start
|switch|p1a: Tyranitar|Tyranitar, F|341\/341
|switch|p2a: Landorus-Therian|Landorus-Therian, M|319\/319
|-ability|p2a: Landorus-Therian|Intimidate|[of] p1a: Tyranitar
|-unboost|p1a: Tyranitar|atk|1
|-weather|Sandstorm
|turn|1
|c|âbellicose|lando weak team faec
|
|switch|p1a: Landorus-Therian|Landorus-Therian, M|319\/319
|-ability|p1a: Landorus-Therian|Intimidate|[of] p2a: Landorus-Therian
|-unboost|p2a: Landorus-Therian|atk|1
|move|p2a: Landorus-Therian|U-turn|p1a: Landorus-Therian
|-resisted|p1a: Landorus-Therian
|-damage|p1a: Landorus-Therian|286\/319
|
|switch|p2a: Keldeo|Keldeo|323\/323
|
|-weather|Sandstorm|[upkeep]
|-damage|p2a: Keldeo|303\/323|[from] sandstorm
|-heal|p1a: Landorus-Therian|305\/319|[from] item: Leftovers
|turn|2
|join|Ebinola
|
|switch|p1a: Latios|Latios, M|301\/301
|move|p2a: Keldeo|Icy Wind|p1a: Latios
|-supereffective|p1a: Latios
|-damage|p1a: Latios|123\/301
|-unboost|p1a: Latios|spe|1
|
|-weather|Sandstorm|[upkeep]
|-damage|p2a: Keldeo|283\/323|[from] sandstorm
|-damage|p1a: Latios|105\/301|[from] sandstorm
|turn|3
|
|switch|p2a: Heatran|Heatran, M|386\/386
|switch|p1a: Heatran|Heatran, M|323\/323
|
|-weather|Sandstorm|[upkeep]
|turn|4
|
|move|p2a: Heatran|Taunt|p1a: Heatran
|-start|p1a: Heatran|move: Taunt
|move|p1a: Heatran|Earth Power|p2a: Heatran
|-supereffective|p2a: Heatran
|-damage|p2a: Heatran|0 fnt
|faint|p2a: Heatran
|
|-weather|Sandstorm|[upkeep]
|c| Updated Kanto|lel
|c|âbellicose|Ahhhhhh
|c|âbellicose|the good kid!
|c|%Crestfall|played
|c|%Crestfall|like a fiddle
|
|switch|p2a: Keldeo|Keldeo|283\/323
|turn|5
|
|switch|p1a: Tyranitar|Tyranitar, F|341\/341
|move|p2a: Keldeo|Scald|p1a: Tyranitar
|-supereffective|p1a: Tyranitar
|-damage|p1a: Tyranitar|65\/341
|-status|p1a: Tyranitar|brn
|
|-weather|none
|-damage|p1a: Tyranitar|23\/341 brn|[from] brn
|turn|6
|
|move|p1a: Tyranitar|Superpower|p2a: Keldeo
|-damage|p2a: Keldeo|204\/323
|-unboost|p1a: Tyranitar|atk|1
|-unboost|p1a: Tyranitar|def|1
|move|p2a: Keldeo|Scald|p1a: Tyranitar
|-supereffective|p1a: Tyranitar
|-damage|p1a: Tyranitar|0 fnt
|faint|p1a: Tyranitar
|
|
|switch|p1a: Latios|Latios, M|105\/301
|turn|7
|
|switch|p1a: Volcarona|Volcarona, M|329\/329
|switch|p2a: Ferrothorn|Ferrothorn, M|352\/352
|
|turn|8
|join|BiGGiE
|
|switch|p2a: Landorus-Therian|Landorus-Therian, M|319\/319
|-ability|p2a: Landorus-Therian|Intimidate|[of] p1a: Volcarona
|-unboost|p1a: Volcarona|atk|1
|move|p1a: Volcarona|Quiver Dance|p1a: Volcarona
|-boost|p1a: Volcarona|spa|1
|-boost|p1a: Volcarona|spd|1
|-boost|p1a: Volcarona|spe|1
|
|turn|9
|
|move|p1a: Volcarona|Fire Blast|p2a: Landorus-Therian
|-damage|p2a: Landorus-Therian|0 fnt
|faint|p2a: Landorus-Therian
|
|c|âbellicose|ok.
|
|switch|p2a: Keldeo|Keldeo|204\/323
|turn|10
|c|âbellicose|max speed volcarno is good n-no rly!
|
|move|p1a: Volcarona|Giga Drain|p2a: Keldeo
|-supereffective|p2a: Keldeo
|-damage|p2a: Keldeo|0 fnt
|faint|p2a: Keldeo
|
|c| mouse de frank|beat you kid.........
|-message|bellicose forfeited.
|c|%Crestfall|y-yea! u show him belli
|c|âAlt0927|ahah
|leave|Crestfall
|
|win|Alt0927
|raw|Ladder updating...
|raw|Alt0927's rating: 1569 &rarr; <strong>1588<\/strong><br \/>(+19 for winning)
|raw|bellicose's rating: 1563 &rarr; <strong>1543<\/strong><br \/>(-20 for losing)
|c|âbellicose|youre bad
|leave|mouse de frank
|leave|bellicose
|c|âAlt0927|lol
|leave|BiGGiE
|player|p2
|leave|Altilt
|leave|Updated Kanto