|join|Flynned'
|join|Alt0927
|player|p1|Flynned'|102
|player|p2|Alt0927|3
|gametype|singles
|gen|6
|tier|OU
|rated
|clearpoke
|poke|p1|Hippowdon, F
|poke|p1|Reuniclus, F
|poke|p1|Chansey, F
|poke|p1|Bisharp, F
|poke|p1|Quagsire, M
|poke|p1|Sableye, F
|poke|p2|Gardevoir, F
|poke|p2|Tornadus-Therian, M
|poke|p2|Landorus-Therian, M
|poke|p2|Greninja, M
|poke|p2|Latios, M
|poke|p2|Keldeo
|rule|Swagger Clause: Swagger is banned
|rule|Baton Pass Clause: Limit one PokÃ©mon knowing Baton Pass
|rule|Sleep Clause Mod: Limit one foe put to sleep
|rule|Species Clause: Limit one of each PokÃ©mon
|rule|OHKO Clause: OHKO moves are banned
|rule|Moody Clause: Moody is banned
|rule|Evasion Moves Clause: Evasion moves are banned
|rule|Endless Battle Clause: Forcing endless battles is banned
|rule|HP Percentage Mod: HP is shown in percentages
|teampreview
|
|start
|switch|p1a: Sableye|Sableye, F|303\/303
|switch|p2a: Gardevoir|Gardevoir, F|277\/277
|-ability|p2a: Gardevoir|Keen Eye|[from] ability: Trace|[of] p1a: Sableye
|turn|1
|c|âFlynned'|gl hf
|c|âAlt0927|u 2
|
|switch|p2a: Landorus-Therian|Landorus-Therian, M|337\/337
|-ability|p2a: Landorus-Therian|Intimidate|[of] p1a: Sableye
|-unboost|p1a: Sableye|atk|1
|switch|p1a: Chansey|Chansey, F|641\/641
|
|turn|2
|
|move|p2a: Landorus-Therian|Stealth Rock|p1a: Chansey
|-sidestart|p1: Flynned'|move: Stealth Rock
|move|p1a: Chansey|Toxic|p2a: Landorus-Therian
|-status|p2a: Landorus-Therian|tox
|
|-damage|p2a: Landorus-Therian|316\/337 tox|[from] psn
|turn|3
|
|switch|p1a: Quagsire|Quagsire, M|394\/394
|-damage|p1a: Quagsire|370\/394|[from] Stealth Rock
|move|p2a: Landorus-Therian|Earthquake|p1a: Quagsire
|-damage|p1a: Quagsire|166\/394
|
|-heal|p1a: Quagsire|190\/394|[from] item: Leftovers
|-damage|p2a: Landorus-Therian|274\/337 tox|[from] psn
|turn|4
|
|move|p2a: Landorus-Therian|Earthquake|p1a: Quagsire
|-damage|p1a: Quagsire|0 fnt
|faint|p1a: Quagsire
|
|-damage|p2a: Landorus-Therian|211\/337 tox|[from] psn
|
|switch|p1a: Reuniclus|Reuniclus, F|424\/424
|turn|5
|
|move|p2a: Landorus-Therian|Earthquake|p1a: Reuniclus
|-damage|p1a: Reuniclus|202\/424
|move|p1a: Reuniclus|Calm Mind|p1a: Reuniclus
|-boost|p1a: Reuniclus|spa|1
|-boost|p1a: Reuniclus|spd|1
|
|-heal|p1a: Reuniclus|228\/424|[from] item: Leftovers
|-damage|p2a: Landorus-Therian|127\/337 tox|[from] psn
|turn|6
|
|move|p2a: Landorus-Therian|U-turn|p1a: Reuniclus
|-supereffective|p1a: Reuniclus
|-damage|p1a: Reuniclus|58\/424
|
|switch|p2a: Tornadus-Therian|Tornadus-Therian, M|299\/299
|move|p1a: Reuniclus|Recover|p1a: Reuniclus
|-heal|p1a: Reuniclus|270\/424
|
|-heal|p1a: Reuniclus|296\/424|[from] item: Leftovers
|turn|7
|
|move|p2a: Tornadus-Therian|Knock Off|p1a: Reuniclus
|-supereffective|p1a: Reuniclus
|-damage|p1a: Reuniclus|101\/424
|-enditem|p1a: Reuniclus|Leftovers|[from] move: Knock Off|[of] p2a: Tornadus-Therian
|-damage|p2a: Tornadus-Therian|270\/299|[from] item: Life Orb
|move|p1a: Reuniclus|Calm Mind|p1a: Reuniclus
|-boost|p1a: Reuniclus|spa|1
|-boost|p1a: Reuniclus|spd|1
|
|turn|8
|
|move|p2a: Tornadus-Therian|Knock Off|p1a: Reuniclus
|-supereffective|p1a: Reuniclus
|-damage|p1a: Reuniclus|0 fnt
|-damage|p2a: Tornadus-Therian|241\/299|[from] item: Life Orb
|faint|p1a: Reuniclus
|
|
|switch|p1a: Bisharp|Bisharp, F|316\/316
|-damage|p1a: Bisharp|297\/316|[from] Stealth Rock
|turn|9
|
|move|p2a: Tornadus-Therian|Superpower|p1a: Bisharp
|-supereffective|p1a: Bisharp
|-damage|p1a: Bisharp|0 fnt
|-unboost|p2a: Tornadus-Therian|atk|1
|-unboost|p2a: Tornadus-Therian|def|1
|-damage|p2a: Tornadus-Therian|212\/299|[from] item: Life Orb
|faint|p1a: Bisharp
|
|
|switch|p1a: Sableye|Sableye, F|303\/303
|-damage|p1a: Sableye|266\/303|[from] Stealth Rock
|turn|10
|
|switch|p2a: Landorus-Therian|Landorus-Therian, M|127\/337 tox
|-ability|p2a: Landorus-Therian|Intimidate|[of] p1a: Sableye
|-unboost|p1a: Sableye|atk|1
|move|p1a: Sableye|Calm Mind|p1a: Sableye
|-boost|p1a: Sableye|spa|1
|-boost|p1a: Sableye|spd|1
|
|-damage|p2a: Landorus-Therian|106\/337 tox|[from] psn
|turn|11
|
|detailschange|p1a: Sableye|Sableye-Mega, F
|-mega|p1a: Sableye|Sableye|Sablenite
|move|p2a: Landorus-Therian|Earthquake|p1a: Sableye
|-damage|p1a: Sableye|71\/303
|move|p1a: Sableye|Calm Mind|p1a: Sableye
|-boost|p1a: Sableye|spa|1
|-boost|p1a: Sableye|spd|1
|
|-damage|p2a: Landorus-Therian|64\/337 tox|[from] psn
|turn|12
|
|move|p2a: Landorus-Therian|Earthquake|p1a: Sableye
|-damage|p1a: Sableye|0 fnt
|faint|p1a: Sableye
|
|-damage|p2a: Landorus-Therian|1\/337 tox|[from] psn
|-message|Flynned' forfeited.
|
|win|Alt0927
|raw|Ladder updating...
|leave|Flynned'
|player|p1
|raw|Flynned&apos;'s rating: 1499 &rarr; <strong>1478<\/strong><br \/>(-21 for losing)
|raw|Alt0927's rating: 1483 &rarr; <strong>1504<\/strong><br \/>(+21 for winning)
|leave|Alt0927
|player|p2
|join|Alt0927