|join|CSI DoucheBag
|join|Emma Bae
|player|p1|CSI DoucheBag|102
|player|p2|Emma Bae|217
|gametype|singles
|gen|6
|tier|UU
|rated
|rule|Sleep Clause Mod: Limit one foe put to sleep
|rule|Species Clause: Limit one of each PokÃ©mon
|rule|OHKO Clause: OHKO moves are banned
|rule|Moody Clause: Moody is banned
|rule|Evasion Moves Clause: Evasion moves are banned
|rule|Endless Battle Clause: Forcing endless battles is banned
|rule|HP Percentage Mod: HP is shown in percentages
|clearpoke
|poke|p1|Gallade, M
|poke|p1|Crobat, M
|poke|p1|Vaporeon, M
|poke|p1|Mienshao, F
|poke|p1|Hippowdon, M
|poke|p1|Hydreigon, F
|poke|p2|Lopunny, F
|poke|p2|Crobat, M
|poke|p2|Infernape, F
|poke|p2|Hydreigon, F
|poke|p2|Jirachi
|poke|p2|Mienshao, M
|rule|Swagger Clause: Swagger is banned
|rule|Baton Pass Clause: Limit one PokÃ©mon knowing Baton Pass
|teampreview
|
|start
|switch|p1a: Mienshao|Mienshao, F|271\/271
|switch|p2a: Lopunny|Lopunny, F|272\/272
|turn|1
|
|switch|p1a: Hippowdon|Hippowdon, M|420\/420
|-weather|Sandstorm
|detailschange|p2a: Lopunny|Lopunny-Mega, F
|message|Lopunny has Mega Evolved into Mega Lopunny!
|move|p2a: Lopunny|Fake Out|p1a: Hippowdon
|-damage|p1a: Hippowdon|371\/420
|
|-weather|Sandstorm|[upkeep]
|-damage|p2a: Lopunny|255\/272|[from] sandstorm
|-heal|p1a: Hippowdon|397\/420|[from] item: Leftovers
|turn|2
|
|move|p2a: Lopunny|High Jump Kick|p1a: Hippowdon|[miss]
|-miss|p2a: Lopunny|p1a: Hippowdon
|-damage|p2a: Lopunny|119\/272|[from] highjumpkick
|move|p1a: Hippowdon|Earthquake|p2a: Lopunny
|-damage|p2a: Lopunny|0 fnt
|faint|p2a: Lopunny
|
|-weather|Sandstorm|[upkeep]
|-heal|p1a: Hippowdon|420\/420|[from] item: Leftovers
|join|fgfghdh
|
|switch|p2a: Hydreigon|Hydreigon, F|325\/325
|turn|3
|leave|fgfghdh
|
|switch|p1a: Vaporeon|Vaporeon, M|450\/450
|move|p2a: Hydreigon|Dark Pulse|p1a: Vaporeon
|-damage|p1a: Vaporeon|320\/450
|-damage|p2a: Hydreigon|293\/325|[from] item: Life Orb
|
|-weather|Sandstorm|[upkeep]
|-damage|p2a: Hydreigon|273\/325|[from] sandstorm
|-damage|p1a: Vaporeon|292\/450|[from] sandstorm
|-heal|p1a: Vaporeon|320\/450|[from] item: Leftovers
|turn|4
|
|switch|p2a: Infernape|Infernape, F|293\/293
|move|p1a: Vaporeon|Wish|p1a: Vaporeon
|
|-weather|Sandstorm|[upkeep]
|-damage|p2a: Infernape|275\/293|[from] sandstorm
|-damage|p1a: Vaporeon|292\/450|[from] sandstorm
|-heal|p1a: Vaporeon|320\/450|[from] item: Leftovers
|turn|5
|
|move|p2a: Infernape|Swords Dance|p2a: Infernape
|-boost|p2a: Infernape|atk|2
|move|p1a: Vaporeon|Scald|p2a: Infernape
|-supereffective|p2a: Infernape
|-damage|p2a: Infernape|23\/293
|
|-weather|none
|-heal|p1a: Vaporeon|450\/450|[from] move: Wish|[wisher] Vaporeon
|turn|6
|
|move|p2a: Infernape|Close Combat|p1a: Vaporeon
|-damage|p1a: Vaporeon|0 fnt
|-unboost|p2a: Infernape|def|1
|-unboost|p2a: Infernape|spd|1
|-damage|p2a: Infernape|0 fnt|[from] item: Life Orb
|faint|p1a: Vaporeon
|faint|p2a: Infernape
|
|
|switch|p2a: Crobat|Crobat, M|351\/351
|switch|p1a: Gallade|Gallade, M|277\/277
|turn|7
|
|switch|p2a: Hydreigon|Hydreigon, F|273\/325
|switch|p1a: Hippowdon|Hippowdon, M|420\/420
|-weather|Sandstorm
|
|-weather|Sandstorm|[upkeep]
|-damage|p2a: Hydreigon|253\/325|[from] sandstorm
|turn|8
|
|move|p2a: Hydreigon|Dark Pulse|p1a: Hippowdon
|-damage|p1a: Hippowdon|194\/420
|-damage|p2a: Hydreigon|221\/325|[from] item: Life Orb
|move|p1a: Hippowdon|Slack Off|p1a: Hippowdon
|-heal|p1a: Hippowdon|404\/420
|
|-weather|Sandstorm|[upkeep]
|-damage|p2a: Hydreigon|201\/325|[from] sandstorm
|-heal|p1a: Hippowdon|420\/420|[from] item: Leftovers
|turn|9
|
|move|p2a: Hydreigon|Dark Pulse|p1a: Hippowdon
|-damage|p1a: Hippowdon|174\/420
|-damage|p2a: Hydreigon|169\/325|[from] item: Life Orb
|cant|p1a: Hippowdon|flinch
|
|-weather|Sandstorm|[upkeep]
|-damage|p2a: Hydreigon|149\/325|[from] sandstorm
|-heal|p1a: Hippowdon|200\/420|[from] item: Leftovers
|turn|10
|
|move|p2a: Hydreigon|Draco Meteor|p1a: Hippowdon
|-damage|p1a: Hippowdon|0 fnt
|-unboost|p2a: Hydreigon|spa|2
|-damage|p2a: Hydreigon|117\/325|[from] item: Life Orb
|faint|p1a: Hippowdon
|
|-weather|Sandstorm|[upkeep]
|-damage|p2a: Hydreigon|97\/325|[from] sandstorm
|
|switch|p1a: Gallade|Gallade, M|277\/277
|turn|11
|
|switch|p2a: Crobat|Crobat, M|351\/351
|detailschange|p1a: Gallade|Gallade-Mega, M
|message|Gallade has Mega Evolved into Mega Gallade!
|move|p1a: Gallade|Will-O-Wisp|p2a: Crobat
|-status|p2a: Crobat|brn
|
|-weather|none
|-damage|p2a: Crobat|308\/351 brn|[from] brn
|turn|12
|c|âEmma Bae|Hahahaahh
|
|move|p2a: Crobat|Brave Bird|p1a: Gallade
|-supereffective|p1a: Gallade
|-damage|p1a: Gallade|119\/277
|-damage|p2a: Crobat|256\/351 brn|[from] recoil|[of] p1a: Gallade
|move|p1a: Gallade|Zen Headbutt|p2a: Crobat
|-supereffective|p2a: Crobat
|-damage|p2a: Crobat|0 fnt
|faint|p2a: Crobat
|
|
|switch|p2a: Mienshao|Mienshao, M|271\/271
|turn|13
|join|DatGuyChuck
|
|move|p2a: Mienshao|U-turn|p1a: Gallade
|-damage|p1a: Gallade|37\/277
|
|switch|p2a: Hydreigon|Hydreigon, F|97\/325
|move|p1a: Gallade|Drain Punch|p2a: Hydreigon
|-supereffective|p2a: Hydreigon
|-damage|p2a: Hydreigon|0 fnt
|-heal|p1a: Gallade|86\/277|[from] drain|[of] p2a: Hydreigon
|faint|p2a: Hydreigon
|
|
|switch|p2a: Mienshao|Mienshao, M|271\/271
|turn|14
|
|switch|p1a: Mienshao|Mienshao, F|271\/271
|move|p2a: Mienshao|High Jump Kick|p1a: Mienshao
|-damage|p1a: Mienshao|0 fnt
|faint|p1a: Mienshao
|
|
|switch|p1a: Crobat|Crobat, M|373\/373
|turn|15
|
|switch|p1a: Hydreigon|Hydreigon, F|325\/325
|move|p2a: Mienshao|High Jump Kick|p1a: Hydreigon
|-supereffective|p1a: Hydreigon
|-damage|p1a: Hydreigon|0 fnt
|faint|p1a: Hydreigon
|
|
|switch|p1a: Gallade|Gallade-Mega, M|86\/277
|turn|16
|
|move|p2a: Mienshao|High Jump Kick|p1a: Gallade
|-resisted|p1a: Gallade
|-damage|p1a: Gallade|0 fnt
|faint|p1a: Gallade
|
|
|switch|p1a: Crobat|Crobat, M|373\/373
|turn|17
|
|move|p2a: Mienshao|High Jump Kick|p1a: Crobat
|-resisted|p1a: Crobat
|-damage|p1a: Crobat|289\/373
|move|p1a: Crobat|Brave Bird|p2a: Mienshao
|-supereffective|p2a: Mienshao
|-damage|p2a: Mienshao|0 fnt
|-damage|p1a: Crobat|200\/373|[from] recoil|[of] p2a: Mienshao
|faint|p2a: Mienshao
|
|-heal|p1a: Crobat|223\/373|[from] item: Black Sludge
|
|switch|p2a: Jirachi|Jirachi|342\/342
|turn|18
|
|move|p1a: Crobat|Brave Bird|p2a: Jirachi
|-resisted|p2a: Jirachi
|-damage|p2a: Jirachi|270\/342
|-damage|p1a: Crobat|199\/373|[from] recoil|[of] p2a: Jirachi
|move|p2a: Jirachi|Body Slam|p1a: Crobat
|-damage|p1a: Crobat|97\/373
|
|-heal|p1a: Crobat|120\/373|[from] item: Black Sludge
|-heal|p2a: Jirachi|291\/342|[from] item: Leftovers
|turn|19
|-message|CSI DoucheBag forfeited.
|
|win|Emma Bae
|raw|Ladder updating...
|leave|CSI DoucheBag
|player|p1
|c|âEmma Bae|good comeback eh?
|raw|CSI DoucheBag's rating: 1422 &rarr; <strong>1403<\/strong><br \/>(-19 for losing)
|raw|Emma Bae's rating: 1440 &rarr; <strong>1459<\/strong><br \/>(+19 for winning)