|join|MegaRango
|join|CSI DOUCHEBAG
|player|p1|MegaRango|170
|player|p2|CSI DOUCHEBAG|265
|gametype|singles
|gen|6
|tier|UU
|rated
|rule|Sleep Clause Mod: Limit one foe put to sleep
|rule|Species Clause: Limit one of each PokÃ©mon
|rule|OHKO Clause: OHKO moves are banned
|rule|Moody Clause: Moody is banned
|rule|Evasion Moves Clause: Evasion moves are banned
|rule|Endless Battle Clause: Forcing endless battles is banned
|rule|HP Percentage Mod: HP is shown in percentages
|clearpoke
|poke|p1|Cofagrigus, F
|poke|p1|Gligar, M
|poke|p1|Umbreon, M
|poke|p1|Sceptile, M
|poke|p1|Quagsire, M
|poke|p1|Chandelure, M, shiny
|poke|p2|Sharpedo, F
|poke|p2|Machamp, F
|poke|p2|Rotom-Heat
|poke|p2|Nidoqueen, F
|poke|p2|Starmie
|poke|p2|Toxicroak, F
|rule|Swagger Clause: Swagger is banned
|rule|Baton Pass Clause: Limit one PokÃ©mon knowing Baton Pass
|teampreview
|
|start
|switch|p1a: Chandelure|Chandelure, M, shiny|261\/261
|switch|p2a: Nidoqueen|Nidoqueen, F|345\/345
|turn|1
|
|move|p1a: Chandelure|Trick|p2a: Nidoqueen
|-activate|p1a: Chandelure|move: Trick|[of] p2a: Nidoqueen
|-item|p2a: Nidoqueen|Choice Scarf|[from] move: Trick
|-item|p1a: Chandelure|Life Orb|[from] move: Trick
|move|p2a: Nidoqueen|Stealth Rock|p1a: Chandelure
|-sidestart|p1: MegaRango|move: Stealth Rock
|
|turn|2
|
|switch|p2a: Rotom-Heat|Rotom-Heat|241\/241
|move|p1a: Chandelure|Fire Blast|p2a: Rotom-Heat
|-resisted|p2a: Rotom-Heat
|-damage|p2a: Rotom-Heat|103\/241
|-damage|p1a: Chandelure|235\/261|[from] item: Life Orb
|
|turn|3
|
|move|p1a: Chandelure|Fire Blast|p2a: Rotom-Heat
|-resisted|p2a: Rotom-Heat
|-damage|p2a: Rotom-Heat|0 fnt
|-damage|p1a: Chandelure|209\/261|[from] item: Life Orb
|faint|p2a: Rotom-Heat
|
|
|switch|p2a: Sharpedo|Sharpedo, F|281\/281
|turn|4
|
|move|p2a: Sharpedo|Crunch|p1a: Chandelure
|-supereffective|p1a: Chandelure
|-damage|p1a: Chandelure|0 fnt
|faint|p1a: Chandelure
|
|-boost|p2a: Sharpedo|spe|1|[from] ability: Speed Boost
|
|switch|p1a: Umbreon|Umbreon, M|394\/394
|-damage|p1a: Umbreon|345\/394|[from] Stealth Rock
|turn|5
|
|switch|p2a: Toxicroak|Toxicroak, F|307\/307
|move|p1a: Umbreon|Foul Play|p2a: Toxicroak
|-resisted|p2a: Toxicroak
|-damage|p2a: Toxicroak|190\/307
|
|-heal|p1a: Umbreon|369\/394|[from] item: Leftovers
|turn|6
|
|switch|p2a: Machamp|Machamp, F|383\/383
|switch|p1a: Quagsire|Quagsire, M|394\/394
|-damage|p1a: Quagsire|370\/394|[from] Stealth Rock
|
|-heal|p1a: Quagsire|394\/394|[from] item: Leftovers
|turn|7
|
|switch|p1a: Cofagrigus|Cofagrigus, F|319\/319
|-damage|p1a: Cofagrigus|280\/319|[from] Stealth Rock
|move|p2a: Machamp|Close Combat|p1a: Cofagrigus
|-immune|p1a: Cofagrigus|[msg]
|
|-heal|p1a: Cofagrigus|299\/319|[from] item: Leftovers
|turn|8
|
|switch|p2a: Nidoqueen|Nidoqueen, F|345\/345
|move|p1a: Cofagrigus|Will-O-Wisp|p2a: Nidoqueen
|-status|p2a: Nidoqueen|brn
|
|-heal|p1a: Cofagrigus|318\/319|[from] item: Leftovers
|-damage|p2a: Nidoqueen|302\/345 brn|[from] brn
|turn|9
|
|switch|p1a: Gligar|Gligar, M|334\/334
|-damage|p1a: Gligar|293\/334|[from] Stealth Rock
|move|p2a: Nidoqueen|Sludge Wave|p1a: Gligar
|-resisted|p1a: Gligar
|-damage|p1a: Gligar|240\/334
|
|-damage|p2a: Nidoqueen|259\/345 brn|[from] brn
|turn|10
|
|switch|p2a: Sharpedo|Sharpedo, F|281\/281
|move|p1a: Gligar|Defog|p2a: Sharpedo
|-unboost|p2a: Sharpedo|evasion|1
|-sideend|p1: MegaRango|Stealth Rock|[from] move: Defog|[of] p1a: Gligar
|
|turn|11
|
|switch|p1a: Umbreon|Umbreon, M|369\/394
|move|p2a: Sharpedo|Waterfall|p1a: Umbreon
|-damage|p1a: Umbreon|227\/394
|
|-heal|p1a: Umbreon|251\/394|[from] item: Leftovers
|-boost|p2a: Sharpedo|spe|1|[from] ability: Speed Boost
|turn|12
|
|switch|p2a: Toxicroak|Toxicroak, F|190\/307
|move|p1a: Umbreon|Wish|p1a: Umbreon
|
|-heal|p1a: Umbreon|275\/394|[from] item: Leftovers
|turn|13
|
|switch|p1a: Quagsire|Quagsire, M|394\/394
|move|p2a: Toxicroak|Swords Dance|p2a: Toxicroak
|-boost|p2a: Toxicroak|atk|2
|
|turn|14
|
|switch|p2a: Machamp|Machamp, F|383\/383
|move|p1a: Quagsire|Curse|p1a: Quagsire
|-boost|p1a: Quagsire|atk|1
|-boost|p1a: Quagsire|def|1
|-unboost|p1a: Quagsire|spe|1
|
|turn|15
|
|move|p2a: Machamp|Close Combat|p1a: Quagsire
|-damage|p1a: Quagsire|195\/394
|-unboost|p2a: Machamp|def|1
|-unboost|p2a: Machamp|spd|1
|move|p1a: Quagsire|Earthquake|p2a: Machamp
|-damage|p2a: Machamp|203\/383
|
|-heal|p1a: Quagsire|219\/394|[from] item: Leftovers
|turn|16
|
|switch|p2a: Toxicroak|Toxicroak, F|190\/307
|switch|p1a: Cofagrigus|Cofagrigus, F|318\/319
|
|-heal|p1a: Cofagrigus|319\/319|[from] item: Leftovers
|turn|17
|
|switch|p2a: Nidoqueen|Nidoqueen, F|259\/345 brn
|move|p1a: Cofagrigus|Will-O-Wisp|p2a: Nidoqueen
|-fail|p2a: Nidoqueen|brn
|
|-damage|p2a: Nidoqueen|216\/345 brn|[from] brn
|turn|18
|
|switch|p1a: Umbreon|Umbreon, M|275\/394
|move|p2a: Nidoqueen|Stealth Rock|p1a: Umbreon
|-sidestart|p1: MegaRango|move: Stealth Rock
|
|-heal|p1a: Umbreon|299\/394|[from] item: Leftovers
|-damage|p2a: Nidoqueen|173\/345 brn|[from] brn
|turn|19
|
|switch|p2a: Machamp|Machamp, F|203\/383
|move|p1a: Umbreon|Wish|p1a: Umbreon
|
|-heal|p1a: Umbreon|323\/394|[from] item: Leftovers
|turn|20
|
|switch|p1a: Gligar|Gligar, M|240\/334
|-damage|p1a: Gligar|199\/334|[from] Stealth Rock
|move|p2a: Machamp|Knock Off|p1a: Gligar
|-damage|p1a: Gligar|79\/334
|-enditem|p1a: Gligar|Eviolite|[from] move: Knock Off|[of] p2a: Machamp
|
|-heal|p1a: Gligar|276\/334|[from] move: Wish|[wisher] Umbreon
|turn|21
|
|switch|p2a: Nidoqueen|Nidoqueen, F|173\/345 brn
|move|p1a: Gligar|Defog|p2a: Nidoqueen
|-unboost|p2a: Nidoqueen|evasion|1
|-sideend|p1: MegaRango|Stealth Rock|[from] move: Defog|[of] p1a: Gligar
|
|-damage|p2a: Nidoqueen|130\/345 brn|[from] brn
|turn|22
|
|switch|p1a: Umbreon|Umbreon, M|323\/394
|move|p2a: Nidoqueen|Ice Beam|p1a: Umbreon
|-damage|p1a: Umbreon|255\/394
|
|-heal|p1a: Umbreon|279\/394|[from] item: Leftovers
|-damage|p2a: Nidoqueen|87\/345 brn|[from] brn
|turn|23
|
|switch|p2a: Machamp|Machamp, F|203\/383
|move|p1a: Umbreon|Foul Play|p2a: Machamp
|-resisted|p2a: Machamp
|-damage|p2a: Machamp|98\/383
|
|-heal|p1a: Umbreon|303\/394|[from] item: Leftovers
|turn|24
|
|move|p1a: Umbreon|Protect|p1a: Umbreon
|-singleturn|p1a: Umbreon|Protect
|move|p2a: Machamp|Close Combat|p1a: Umbreon
|-activate|p1a: Umbreon|Protect
|
|-heal|p1a: Umbreon|327\/394|[from] item: Leftovers
|turn|25
|
|switch|p1a: Gligar|Gligar, M|276\/334
|switch|p2a: Nidoqueen|Nidoqueen, F|87\/345 brn
|
|-damage|p2a: Nidoqueen|44\/345 brn|[from] brn
|turn|26
|
|move|p2a: Nidoqueen|Stealth Rock|p1a: Gligar
|-sidestart|p1: MegaRango|move: Stealth Rock
|move|p1a: Gligar|Defog|p2a: Nidoqueen
|-unboost|p2a: Nidoqueen|evasion|1
|-sideend|p1: MegaRango|Stealth Rock|[from] move: Defog|[of] p1a: Gligar
|
|-damage|p2a: Nidoqueen|1\/345 brn|[from] brn
|turn|27
|
|move|p2a: Nidoqueen|Stealth Rock|p1a: Gligar
|-sidestart|p1: MegaRango|move: Stealth Rock
|move|p1a: Gligar|Defog|p2a: Nidoqueen
|-unboost|p2a: Nidoqueen|evasion|1
|-sideend|p1: MegaRango|Stealth Rock|[from] move: Defog|[of] p1a: Gligar
|
|-damage|p2a: Nidoqueen|0 fnt|[from] brn
|faint|p2a: Nidoqueen
|
|switch|p2a: Sharpedo|Sharpedo, F|281\/281
|turn|28
|
|switch|p1a: Cofagrigus|Cofagrigus, F|319\/319
|move|p2a: Sharpedo|Waterfall|p1a: Cofagrigus
|-damage|p1a: Cofagrigus|229\/319
|-endability|p2a: Sharpedo|speedboost|[from] Mummy
|-ability|p2a: Sharpedo|Mummy|[from] Mummy
|
|-heal|p1a: Cofagrigus|248\/319|[from] item: Leftovers
|turn|29
|
|switch|p2a: Machamp|Machamp, F|98\/383
|move|p1a: Cofagrigus|Will-O-Wisp|p2a: Machamp
|-status|p2a: Machamp|brn
|
|-heal|p1a: Cofagrigus|267\/319|[from] item: Leftovers
|-damage|p2a: Machamp|51\/383 brn|[from] brn
|turn|30
|
|switch|p1a: Gligar|Gligar, M|276\/334
|move|p2a: Machamp|Knock Off|p1a: Gligar
|-damage|p1a: Gligar|79\/334
|
|-damage|p2a: Machamp|4\/383 brn|[from] brn
|turn|31
|
|move|p1a: Gligar|Stealth Rock|p2a: Machamp
|-sidestart|p2: CSI DOUCHEBAG|move: Stealth Rock
|move|p2a: Machamp|Knock Off|p1a: Gligar
|-damage|p1a: Gligar|0 fnt
|faint|p1a: Gligar
|
|-damage|p2a: Machamp|0 fnt|[from] brn
|faint|p2a: Machamp
|
|switch|p1a: Sceptile|Sceptile, M|281\/281
|switch|p2a: Toxicroak|Toxicroak, F|190\/307
|-damage|p2a: Toxicroak|171\/307|[from] Stealth Rock
|turn|32
|
|detailschange|p1a: Sceptile|Sceptile-Mega, M
|message|Sceptile has Mega Evolved into Mega Sceptile!
|move|p1a: Sceptile|Earthquake|p2a: Toxicroak
|-supereffective|p2a: Toxicroak
|-damage|p2a: Toxicroak|0 fnt
|faint|p2a: Toxicroak
|
|
|switch|p2a: Sharpedo|Sharpedo, F|281\/281
|-damage|p2a: Sharpedo|246\/281|[from] Stealth Rock
|turn|33
|
|switch|p1a: Umbreon|Umbreon, M|327\/394
|move|p2a: Sharpedo|Protect|p2a: Sharpedo
|-fail|p2a: Sharpedo
|
|-heal|p1a: Umbreon|351\/394|[from] item: Leftovers
|-boost|p2a: Sharpedo|spe|1|[from] ability: Speed Boost
|turn|34
|
|move|p2a: Sharpedo|Waterfall|p1a: Umbreon
|-damage|p1a: Umbreon|221\/394
|move|p1a: Umbreon|Foul Play|p2a: Sharpedo
|-resisted|p2a: Sharpedo
|-damage|p2a: Sharpedo|54\/281
|
|-heal|p1a: Umbreon|245\/394|[from] item: Leftovers
|-boost|p2a: Sharpedo|spe|1|[from] ability: Speed Boost
|turn|35
|
|detailschange|p2a: Sharpedo|Sharpedo-Mega, F
|message|Sharpedo has Mega Evolved into Mega Sharpedo!
|move|p2a: Sharpedo|Waterfall|p1a: Umbreon
|-damage|p1a: Umbreon|101\/394
|move|p1a: Umbreon|Wish|p1a: Umbreon
|
|-heal|p1a: Umbreon|125\/394|[from] item: Leftovers
|turn|36
|
|move|p1a: Umbreon|Protect|p1a: Umbreon
|-singleturn|p1a: Umbreon|Protect
|move|p2a: Sharpedo|Waterfall|p1a: Umbreon
|-activate|p1a: Umbreon|Protect
|
|-heal|p1a: Umbreon|322\/394|[from] move: Wish|[wisher] Umbreon
|-heal|p1a: Umbreon|346\/394|[from] item: Leftovers
|turn|37
|c|âMegaRango|i think that's game
|
|move|p2a: Sharpedo|Destiny Bond|p2a: Sharpedo
|-singlemove|p2a: Sharpedo|Destiny Bond
|move|p1a: Umbreon|Foul Play|p2a: Sharpedo
|-resisted|p2a: Sharpedo
|-damage|p2a: Sharpedo|0 fnt
|faint|p2a: Sharpedo
|-activate|p2a: Sharpedo|Destiny Bond
|faint|p1a: Umbreon
|
|
|switch|p1a: Sceptile|Sceptile-Mega, M|281\/281
|switch|p2a: Starmie|Starmie|261\/261
|-damage|p2a: Starmie|229\/261|[from] Stealth Rock
|turn|38
|
|move|p1a: Sceptile|Leaf Blade|p2a: Starmie
|-supereffective|p2a: Starmie
|-damage|p2a: Starmie|0 fnt
|faint|p2a: Starmie
|
|win|MegaRango
|raw|Ladder updating...
|raw|MegaRango's rating: 1404 &rarr; <strong>1427<\/strong><br \/>(+23 for winning)
|raw|CSI DOUCHEBAG's rating: 1445 &rarr; <strong>1422<\/strong><br \/>(-23 for losing)
|c|âMegaRango|gg