|join|Aragorn1398
|join|SceptileBeast
|player|p1|Aragorn1398|52
|player|p2|SceptileBeast|145
|gametype|singles
|gen|6
|tier|ORAS OU
|rated
|rule|Sleep Clause Mod: Limit one foe put to sleep
|rule|Species Clause: Limit one of each PokÃ©mon
|rule|OHKO Clause: OHKO moves are banned
|rule|Moody Clause: Moody is banned
|rule|Evasion Moves Clause: Evasion moves are banned
|rule|Endless Battle Clause: Forcing endless battles is banned
|rule|HP Percentage Mod: HP is shown in percentages
|clearpoke
|poke|p1|Infernape, M
|poke|p1|Greninja, M, shiny
|poke|p1|Noivern, F
|poke|p1|Politoed, F
|poke|p1|Swampert, F
|poke|p1|Heatran, M
|poke|p2|Sceptile, M
|poke|p2|Greninja, F
|poke|p2|Heatran, M
|poke|p2|Klefki, M
|poke|p2|Gyarados, M
|poke|p2|Mamoswine, F
|rule|Swagger Clause: Swagger is banned
|rule|Baton Pass Clause: Limit one PokÃ©mon knowing Baton Pass
|teampreview
|
|start
|switch|p1a: Greninja|Greninja, M, shiny|285\/285
|switch|p2a: Sceptile|Sceptile, M|282\/282
|turn|1
|
|switch|p2a: Klefki|Klefki, M|318\/318
|move|p1a: Greninja|Ice Beam|p2a: Klefki
|-start|p1a: Greninja|typechange|Ice|[from] Protean
|-resisted|p2a: Klefki
|-damage|p2a: Klefki|218\/318
|-damage|p1a: Greninja|257\/285|[from] item: Life Orb
|
|-heal|p2a: Klefki|237\/318|[from] item: Leftovers
|turn|2
|join|rfsgwsfw
|
|switch|p1a: Swampert|Swampert, F|366\/366
|move|p2a: Klefki|Thunder Wave|p1a: Swampert
|-immune|p1a: Swampert|[msg]
|
|-heal|p2a: Klefki|256\/318|[from] item: Leftovers
|turn|3
|
|switch|p2a: Gyarados|Gyarados, M|353\/353
|-ability|p2a: Gyarados|Intimidate|[of] p1a: Swampert
|-unboost|p1a: Swampert|atk|1
|detailschange|p1a: Swampert|Swampert-Mega, F
|message|Swampert has Mega Evolved into Mega Swampert!
|move|p1a: Swampert|Waterfall|p2a: Gyarados
|-resisted|p2a: Gyarados
|-damage|p2a: Gyarados|280\/353
|
|-heal|p2a: Gyarados|302\/353|[from] item: Leftovers
|turn|4
|
|switch|p2a: Sceptile|Sceptile, M|282\/282
|switch|p1a: Politoed|Politoed, F|384\/384
|-weather|RainDance
|
|-weather|RainDance|[upkeep]
|turn|5
|
|switch|p1a: Heatran|Heatran, M|386\/386
|detailschange|p2a: Sceptile|Sceptile-Mega, M
|message|Sceptile has Mega Evolved into Mega Sceptile!
|move|p2a: Sceptile|Giga Drain|p1a: Heatran
|-resisted|p1a: Heatran
|-damage|p1a: Heatran|355\/386
|
|-weather|RainDance|[upkeep]
|-heal|p1a: Heatran|379\/386|[from] item: Leftovers
|turn|6
|leave|rfsgwsfw
|
|switch|p2a: Gyarados|Gyarados, M|302\/353
|-ability|p2a: Gyarados|Intimidate|[of] p1a: Heatran
|-unboost|p1a: Heatran|atk|1
|switch|p1a: Noivern|Noivern, F|311\/311
|
|-weather|RainDance|[upkeep]
|-heal|p2a: Gyarados|324\/353|[from] item: Leftovers
|turn|7
|
|move|p1a: Noivern|Hurricane|p2a: Gyarados
|-damage|p2a: Gyarados|159\/353
|move|p2a: Gyarados|Ice Fang|p1a: Noivern
|-supereffective|p1a: Noivern
|-damage|p1a: Noivern|0 fnt
|faint|p1a: Noivern
|
|-weather|RainDance|[upkeep]
|-heal|p2a: Gyarados|181\/353|[from] item: Leftovers
|
|switch|p1a: Politoed|Politoed, F|384\/384
|turn|8
|
|move|p2a: Gyarados|Taunt|p1a: Politoed
|-start|p1a: Politoed|move: Taunt
|move|p1a: Politoed|Scald|p2a: Gyarados
|-crit|p2a: Gyarados
|-resisted|p2a: Gyarados
|-damage|p2a: Gyarados|87\/353
|
|-weather|RainDance|[upkeep]
|-heal|p2a: Gyarados|109\/353|[from] item: Leftovers
|turn|9
|
|switch|p2a: Sceptile|Sceptile-Mega, M|282\/282
|move|p1a: Politoed|Scald|p2a: Sceptile
|-resisted|p2a: Sceptile
|-damage|p2a: Sceptile|248\/282
|-status|p2a: Sceptile|brn
|
|-weather|RainDance|[upkeep]
|-damage|p2a: Sceptile|213\/282 brn|[from] brn
|turn|10
|
|switch|p2a: Greninja|Greninja, F|285\/285
|switch|p1a: Heatran|Heatran, M|379\/386
|
|-weather|RainDance|[upkeep]
|-heal|p1a: Heatran|386\/386|[from] item: Leftovers
|turn|11
|
|move|p2a: Greninja|Hydro Pump|p1a: Heatran
|-start|p2a: Greninja|typechange|Water|[from] Protean
|-supereffective|p1a: Heatran
|-damage|p1a: Heatran|0 fnt
|-damage|p2a: Greninja|257\/285|[from] item: Life Orb
|faint|p1a: Heatran
|
|-weather|none
|
|switch|p1a: Politoed|Politoed, F|384\/384
|-weather|RainDance
|turn|12
|
|switch|p1a: Swampert|Swampert-Mega, F|366\/366
|move|p2a: Greninja|Gunk Shot|p1a: Swampert
|-start|p2a: Greninja|typechange|Poison|[from] Protean
|-resisted|p1a: Swampert
|-damage|p1a: Swampert|284\/366
|-damage|p2a: Greninja|229\/285|[from] item: Life Orb
|
|-weather|RainDance|[upkeep]
|turn|13
|
|switch|p2a: Gyarados|Gyarados, M|109\/353
|-ability|p2a: Gyarados|Intimidate|[of] p1a: Swampert
|-unboost|p1a: Swampert|atk|1
|move|p1a: Swampert|Waterfall|p2a: Gyarados
|-resisted|p2a: Gyarados
|-damage|p2a: Gyarados|10\/353
|
|-weather|RainDance|[upkeep]
|-heal|p2a: Gyarados|32\/353|[from] item: Leftovers
|turn|14
|
|move|p1a: Swampert|Ice Punch|p2a: Gyarados
|-damage|p2a: Gyarados|0 fnt
|faint|p2a: Gyarados
|
|-weather|RainDance|[upkeep]
|
|switch|p2a: Klefki|Klefki, M|256\/318
|turn|15
|
|move|p2a: Klefki|Reflect|p2a: Klefki
|-sidestart|p2: SceptileBeast|Reflect
|move|p1a: Swampert|Earthquake|p2a: Klefki
|-supereffective|p2a: Klefki
|-damage|p2a: Klefki|148\/318
|
|-weather|RainDance|[upkeep]
|-heal|p2a: Klefki|167\/318|[from] item: Leftovers
|turn|16
|
|switch|p1a: Politoed|Politoed, F|384\/384
|move|p2a: Klefki|Spikes|p1a: Politoed
|-sidestart|p1: Aragorn1398|Spikes
|
|-weather|RainDance|[upkeep]
|-heal|p2a: Klefki|186\/318|[from] item: Leftovers
|turn|17
|
|move|p2a: Klefki|Spikes|p1a: Politoed
|-sidestart|p1: Aragorn1398|Spikes
|move|p1a: Politoed|Scald|p2a: Klefki
|-damage|p2a: Klefki|32\/318
|
|-weather|RainDance|[upkeep]
|-heal|p2a: Klefki|51\/318|[from] item: Leftovers
|turn|18
|
|move|p2a: Klefki|Spikes|p1a: Politoed
|-sidestart|p1: Aragorn1398|Spikes
|move|p1a: Politoed|Scald|p2a: Klefki
|-damage|p2a: Klefki|0 fnt
|faint|p2a: Klefki
|
|-weather|RainDance|[upkeep]
|
|switch|p2a: Sceptile|Sceptile-Mega, M|213\/282 brn
|turn|19
|
|switch|p1a: Greninja|Greninja, M, shiny|257\/285
|-damage|p1a: Greninja|186\/285|[from] Spikes
|move|p2a: Sceptile|Giga Drain|p1a: Greninja
|-supereffective|p1a: Greninja
|-damage|p1a: Greninja|0 fnt
|-heal|p2a: Sceptile|282\/282 brn|[from] drain|[of] p1a: Greninja
|faint|p1a: Greninja
|
|-weather|none
|-damage|p2a: Sceptile|247\/282 brn|[from] brn
|-sideend|p2: SceptileBeast|Reflect
|
|switch|p1a: Politoed|Politoed, F|384\/384
|-damage|p1a: Politoed|288\/384|[from] Spikes
|-weather|RainDance
|turn|20
|
|move|p2a: Sceptile|Giga Drain|p1a: Politoed
|-supereffective|p1a: Politoed
|-damage|p1a: Politoed|24\/384
|-heal|p2a: Sceptile|282\/282 brn|[from] drain|[of] p1a: Politoed
|move|p1a: Politoed|Scald|p2a: Sceptile
|-resisted|p2a: Sceptile
|-damage|p2a: Sceptile|248\/282 brn
|
|-weather|RainDance|[upkeep]
|-damage|p2a: Sceptile|213\/282 brn|[from] brn
|turn|21
|
|move|p2a: Sceptile|Dragon Pulse|p1a: Politoed
|-damage|p1a: Politoed|0 fnt
|faint|p1a: Politoed
|
|-weather|RainDance|[upkeep]
|-damage|p2a: Sceptile|178\/282 brn|[from] brn
|
|switch|p1a: Swampert|Swampert-Mega, F|284\/366
|-damage|p1a: Swampert|193\/366|[from] Spikes
|turn|22
|
|switch|p2a: Heatran|Heatran, M|386\/386
|move|p1a: Swampert|Ice Punch|p2a: Heatran
|-resisted|p2a: Heatran
|-damage|p2a: Heatran|362\/386
|
|-weather|RainDance|[upkeep]
|-heal|p2a: Heatran|386\/386|[from] item: Leftovers
|turn|23
|
|switch|p2a: Sceptile|Sceptile-Mega, M|178\/282 brn
|move|p1a: Swampert|Earthquake|p2a: Sceptile
|-resisted|p2a: Sceptile
|-damage|p2a: Sceptile|49\/282 brn
|
|-weather|RainDance|[upkeep]
|-damage|p2a: Sceptile|14\/282 brn|[from] brn
|turn|24
|
|switch|p2a: Heatran|Heatran, M|386\/386
|move|p1a: Swampert|Earthquake|p2a: Heatran
|-supereffective|p2a: Heatran
|-damage|p2a: Heatran|0 fnt
|faint|p2a: Heatran
|
|-weather|RainDance|[upkeep]
|
|switch|p2a: Greninja|Greninja, F|229\/285
|turn|25
|
|switch|p2a: Mamoswine|Mamoswine, F|361\/361
|move|p1a: Swampert|Earthquake|p2a: Mamoswine
|-damage|p2a: Mamoswine|90\/361
|
|-weather|RainDance|[upkeep]
|turn|26
|
|move|p1a: Swampert|Earthquake|p2a: Mamoswine
|-damage|p2a: Mamoswine|0 fnt
|faint|p2a: Mamoswine
|
|-weather|RainDance|[upkeep]
|
|switch|p2a: Sceptile|Sceptile-Mega, M|14\/282 brn
|turn|27
|
|move|p1a: Swampert|Earthquake|p2a: Sceptile
|-resisted|p2a: Sceptile
|-damage|p2a: Sceptile|0 fnt
|faint|p2a: Sceptile
|
|-weather|none
|
|switch|p2a: Greninja|Greninja, F|229\/285
|turn|28
|c|âAragorn1398|gg
|
|move|p2a: Greninja|Hydro Pump|p1a: Swampert
|-start|p2a: Greninja|typechange|Water|[from] Protean
|-damage|p1a: Swampert|0 fnt
|-damage|p2a: Greninja|201\/285|[from] item: Life Orb
|faint|p1a: Swampert
|
|
|switch|p1a: Infernape|Infernape, M|293\/293
|-damage|p1a: Infernape|220\/293|[from] Spikes
|turn|29
|
|move|p2a: Greninja|Hydro Pump|p1a: Infernape
|-supereffective|p1a: Infernape
|-damage|p1a: Infernape|0 fnt
|-damage|p2a: Greninja|173\/285|[from] item: Life Orb
|faint|p1a: Infernape
|
|win|SceptileBeast
|raw|Ladder updating...
|c|âSceptileBeast|scarf?
|raw|Aragorn1398's rating: 1432 &rarr; <strong>1407<\/strong><br \/>(-25 for losing)
|raw|SceptileBeast's rating: 1351 &rarr; <strong>1376<\/strong><br \/>(+25 for winning)