|join|Aragorn1398
|join|CIREGIS
|player|p1|Aragorn1398|52
|player|p2|CIREGIS|209
|gametype|singles
|gen|6
|tier|ORAS OU
|rated
|rule|Sleep Clause Mod: Limit one foe put to sleep
|rule|Species Clause: Limit one of each PokÃ©mon
|rule|OHKO Clause: OHKO moves are banned
|rule|Moody Clause: Moody is banned
|rule|Evasion Moves Clause: Evasion moves are banned
|rule|Endless Battle Clause: Forcing endless battles is banned
|rule|HP Percentage Mod: HP is shown in percentages
|clearpoke
|poke|p1|Metagross, shiny
|poke|p1|Greninja, M, shiny
|poke|p1|Latias, F
|poke|p1|Talonflame, F
|poke|p1|Landorus-Therian, M
|poke|p1|Magnezone, shiny
|poke|p2|Salamence, F
|poke|p2|Skarmory, F, shiny
|poke|p2|Greninja, F, shiny
|poke|p2|Azumarill, F, shiny
|poke|p2|Latias, F
|poke|p2|Dugtrio, F
|rule|Swagger Clause: Swagger is banned
|rule|Baton Pass Clause: Limit one PokÃ©mon knowing Baton Pass
|teampreview
|
|start
|switch|p1a: Greninja|Greninja, M, shiny|286\/286
|switch|p2a: Skarface|Skarmory, F, shiny|334\/334
|turn|1
|
|move|p1a: Greninja|Hidden Power|p2a: Skarface
|-start|p1a: Greninja|typechange|Grass|[from] Protean
|-resisted|p2a: Skarface
|-damage|p2a: Skarface|298\/334
|-damage|p1a: Greninja|258\/286|[from] item: Life Orb
|move|p2a: Skarface|Stealth Rock|p1a: Greninja
|-sidestart|p1: Aragorn1398|move: Stealth Rock
|
|-heal|p2a: Skarface|318\/334|[from] item: Leftovers
|turn|2
|
|switch|p1a: Magnezone|Magnezone, shiny|290\/290
|-damage|p1a: Magnezone|272\/290|[from] Stealth Rock
|move|p2a: Skarface|Brave Bird|p1a: Magnezone
|-resisted|p1a: Magnezone
|-damage|p1a: Magnezone|246\/290
|-damage|p2a: Skarface|309\/334|[from] recoil|[of] p1a: Magnezone
|
|-heal|p2a: Skarface|329\/334|[from] item: Leftovers
|turn|3
|
|move|p1a: Magnezone|Thunderbolt|p2a: Skarface
|-supereffective|p2a: Skarface
|-damage|p2a: Skarface|0 fnt
|faint|p2a: Skarface
|
|
|switch|p2a: Dugtrio|Dugtrio, F|212\/212
|turn|4
|
|move|p2a: Dugtrio|Earthquake|p1a: Magnezone
|-supereffective|p1a: Magnezone
|-damage|p1a: Magnezone|0 fnt
|faint|p1a: Magnezone
|
|
|switch|p1a: Latias|Latias, F|301\/301
|-damage|p1a: Latias|264\/301|[from] Stealth Rock
|turn|5
|
|switch|p2a: PikaPika?|Azumarill, F, shiny|404\/404
|move|p1a: Latias|Defog|p2a: PikaPika?
|-unboost|p2a: PikaPika?|evasion|1
|-sideend|p1: Aragorn1398|Stealth Rock|[from] move: Defog|[of] p1a: Latias
|
|turn|6
|
|move|p1a: Latias|Psyshock|p2a: PikaPika?
|-damage|p2a: PikaPika?|205\/404
|-damage|p1a: Latias|234\/301|[from] item: Life Orb
|move|p2a: PikaPika?|Play Rough|p1a: Latias
|-supereffective|p1a: Latias
|-damage|p1a: Latias|0 fnt
|faint|p1a: Latias
|
|
|switch|p1a: Metagross|Metagross, shiny|301\/301
|turn|7
|
|switch|p2a: Dugtrio|Dugtrio, F|212\/212
|detailschange|p1a: Metagross|Metagross-Mega, shiny
|message|Metagross has Mega Evolved into Mega Metagross!
|move|p1a: Metagross|Meteor Mash|p2a: Dugtrio
|-crit|p2a: Dugtrio
|-damage|p2a: Dugtrio|0 fnt
|-boost|p1a: Metagross|atk|1
|faint|p2a: Dugtrio
|
|
|switch|p2a: Latias|Latias, F|364\/364
|turn|8
|
|move|p1a: Metagross|Meteor Mash|p2a: Latias
|-damage|p2a: Latias|0 fnt
|faint|p2a: Latias
|
|
|switch|p2a: Salamence|Salamence, F|331\/331
|-ability|p2a: Salamence|Intimidate|[of] p1a: Metagross
|-unboost|p1a: Metagross|atk|1
|turn|9
|
|detailschange|p2a: Salamence|Salamence-Mega, F
|message|Salamence has Mega Evolved into Mega Salamence!
|move|p1a: Metagross|Meteor Mash|p2a: Salamence
|-damage|p2a: Salamence|150\/331
|move|p2a: Salamence|Return|p1a: Metagross
|-resisted|p1a: Metagross
|-damage|p1a: Metagross|205\/301
|
|turn|10
|
|move|p1a: Metagross|Meteor Mash|p2a: Salamence
|-damage|p2a: Salamence|0 fnt
|-boost|p1a: Metagross|atk|1
|faint|p2a: Salamence
|
|
|switch|p2a: Greninja|Greninja, F, shiny|286\/286
|turn|11
|
|move|p2a: Greninja|U-turn|p1a: Metagross
|-start|p2a: Greninja|typechange|Bug|[from] Protean
|-damage|p1a: Metagross|153\/301
|
|switch|p2a: PikaPika?|Azumarill, F, shiny|205\/404
|move|p1a: Metagross|Earthquake|p2a: PikaPika?
|-damage|p2a: PikaPika?|0 fnt
|faint|p2a: PikaPika?
|
|
|switch|p2a: Greninja|Greninja, F, shiny|286\/286
|turn|12
|c|âAragorn1398|gg
|
|move|p2a: Greninja|Gunk Shot|p1a: Metagross
|-start|p2a: Greninja|typechange|Poison|[from] Protean
|-immune|p1a: Metagross|[msg]
|move|p1a: Metagross|Meteor Mash|p2a: Greninja
|-damage|p2a: Greninja|0 fnt
|faint|p2a: Greninja
|
|win|Aragorn1398
|raw|Ladder updating...
|raw|Aragorn1398's rating: 1280 &rarr; <strong>1297<\/strong><br \/>(+17 for winning)
|raw|CIREGIS's rating: 1155 &rarr; <strong>1139<\/strong><br \/>(-16 for losing)
|c|âCIREGIS|gg