|join|Rekt.com
|join|Aragorn1398
|player|p1|Rekt.com|270
|player|p2|Aragorn1398|52
|gametype|singles
|gen|6
|tier|ORAS OU
|rated
|rule|Sleep Clause Mod: Limit one foe put to sleep
|rule|Species Clause: Limit one of each PokÃ©mon
|rule|OHKO Clause: OHKO moves are banned
|rule|Moody Clause: Moody is banned
|rule|Evasion Moves Clause: Evasion moves are banned
|rule|Endless Battle Clause: Forcing endless battles is banned
|rule|HP Percentage Mod: HP is shown in percentages
|clearpoke
|poke|p1|Sceptile, M, shiny
|poke|p1|Scizor, M, shiny
|poke|p1|Rotom-Wash, shiny
|poke|p1|Landorus-Therian, M, shiny
|poke|p1|Empoleon, F, shiny
|poke|p1|Conkeldurr, F
|poke|p2|Metagross, shiny
|poke|p2|Greninja, F, shiny
|poke|p2|Latias, F
|poke|p2|Talonflame, M
|poke|p2|Landorus-Therian, M
|poke|p2|Magnezone, shiny
|rule|Swagger Clause: Swagger is banned
|rule|Baton Pass Clause: Limit one PokÃ©mon knowing Baton Pass
|teampreview
|
|start
|switch|p1a: Rotom-Wash|Rotom-Wash, shiny|304\/304
|switch|p2a: Greninja|Greninja, F, shiny|286\/286
|turn|1
|
|move|p2a: Greninja|Hidden Power|p1a: Rotom-Wash
|-start|p2a: Greninja|typechange|Grass|[from] Protean
|-supereffective|p1a: Rotom-Wash
|-damage|p1a: Rotom-Wash|67\/304
|-damage|p2a: Greninja|258\/286|[from] item: Life Orb
|move|p1a: Rotom-Wash|Volt Switch|p2a: Greninja
|-resisted|p2a: Greninja
|-damage|p2a: Greninja|200\/286
|
|switch|p1a: Landorus-Therian|Landorus-Therian, M, shiny|328\/328
|-ability|p1a: Landorus-Therian|Intimidate|[of] p2a: Greninja
|-unboost|p2a: Greninja|atk|1
|
|turn|2
|
|switch|p2a: Landorus-Therian|Landorus-Therian, M|382\/382
|-ability|p2a: Landorus-Therian|Intimidate|[of] p1a: Landorus-Therian
|-unboost|p1a: Landorus-Therian|atk|1
|move|p1a: Landorus-Therian|U-turn|p2a: Landorus-Therian
|-resisted|p2a: Landorus-Therian
|-damage|p2a: Landorus-Therian|357\/382
|
|switch|p1a: Sceptile|Sceptile, M, shiny|290\/290
|
|-heal|p2a: Landorus-Therian|380\/382|[from] item: Leftovers
|turn|3
|
|detailschange|p1a: Sceptile|Sceptile-Mega, M, shiny
|message|Sceptile has Mega Evolved into Mega Sceptile!
|move|p1a: Sceptile|Dragon Pulse|p2a: Landorus-Therian
|-damage|p2a: Landorus-Therian|193\/382
|move|p2a: Landorus-Therian|U-turn|p1a: Sceptile
|-supereffective|p1a: Sceptile
|-damage|p1a: Sceptile|108\/290
|join|Deviant Kid
|
|switch|p2a: Talonflame|Talonflame, M|319\/319
|
|turn|4
|
|switch|p1a: Empoleon|Empoleon, F, shiny|372\/372
|move|p2a: Talonflame|Brave Bird|p1a: Empoleon
|-resisted|p1a: Empoleon
|-damage|p1a: Empoleon|276\/372
|-damage|p2a: Talonflame|287\/319|[from] recoil|[of] p1a: Empoleon
|
|-heal|p1a: Empoleon|299\/372|[from] item: Leftovers
|turn|5
|leave|Deviant Kid
|
|switch|p2a: Magnezone|Magnezone, shiny|290\/290
|move|p1a: Empoleon|Stealth Rock|p2a: Magnezone
|-sidestart|p2: Aragorn1398|move: Stealth Rock
|
|-heal|p1a: Empoleon|322\/372|[from] item: Leftovers
|turn|6
|
|move|p2a: Magnezone|Thunderbolt|p1a: Empoleon
|-supereffective|p1a: Empoleon
|-damage|p1a: Empoleon|0 fnt
|faint|p1a: Empoleon
|
|
|switch|p1a: Sceptile|Sceptile-Mega, M, shiny|108\/290
|turn|7
|
|switch|p2a: Landorus-Therian|Landorus-Therian, M|193\/382
|-damage|p2a: Landorus-Therian|146\/382|[from] Stealth Rock
|-ability|p2a: Landorus-Therian|Intimidate|[of] p1a: Sceptile
|-unboost|p1a: Sceptile|atk|1
|move|p1a: Sceptile|Giga Drain|p2a: Landorus-Therian
|-damage|p2a: Landorus-Therian|0 fnt
|-heal|p1a: Sceptile|181\/290|[from] drain|[of] p2a: Landorus-Therian
|faint|p2a: Landorus-Therian
|
|
|switch|p2a: Talonflame|Talonflame, M|287\/319
|-damage|p2a: Talonflame|128\/319|[from] Stealth Rock
|turn|8
|
|switch|p1a: Rotom-Wash|Rotom-Wash, shiny|67\/304
|move|p2a: Talonflame|Roost|p2a: Talonflame
|-heal|p2a: Talonflame|288\/319
|
|-heal|p1a: Rotom-Wash|86\/304|[from] item: Leftovers
|turn|9
|
|switch|p2a: Latias|Latias, F|301\/301
|-damage|p2a: Latias|264\/301|[from] Stealth Rock
|move|p1a: Rotom-Wash|Pain Split|p2a: Latias
|-sethp|p2a: Latias|175\/301|p1a: Rotom-Wash|175\/304|[from] move: Pain Split
|
|-heal|p1a: Rotom-Wash|194\/304|[from] item: Leftovers
|turn|10
|
|move|p2a: Latias|Defog|p1a: Rotom-Wash
|-unboost|p1a: Rotom-Wash|evasion|1
|-sideend|p2: Aragorn1398|Stealth Rock|[from] move: Defog|[of] p2a: Latias
|move|p1a: Rotom-Wash|Volt Switch|p2a: Latias
|-resisted|p2a: Latias
|-damage|p2a: Latias|140\/301
|
|switch|p1a: Sceptile|Sceptile-Mega, M, shiny|181\/290
|
|turn|11
|
|switch|p2a: Metagross|Metagross, shiny|301\/301
|move|p1a: Sceptile|Dragon Pulse|p2a: Metagross
|-resisted|p2a: Metagross
|-damage|p2a: Metagross|214\/301
|
|turn|12
|
|switch|p1a: Conkeldurr|Conkeldurr, F|414\/414
|detailschange|p2a: Metagross|Metagross-Mega, shiny
|message|Metagross has Mega Evolved into Mega Metagross!
|move|p2a: Metagross|Meteor Mash|p1a: Conkeldurr
|-damage|p1a: Conkeldurr|189\/414
|
|turn|13
|
|move|p1a: Conkeldurr|Mach Punch|p2a: Metagross
|-damage|p2a: Metagross|154\/301
|move|p2a: Metagross|Meteor Mash|p1a: Conkeldurr
|-damage|p1a: Conkeldurr|0 fnt
|faint|p1a: Conkeldurr
|
|
|switch|p1a: Landorus-Therian|Landorus-Therian, M, shiny|328\/328
|-ability|p1a: Landorus-Therian|Intimidate|[of] p2a: Metagross
|-unboost|p2a: Metagross|atk|1
|turn|14
|
|switch|p2a: Talonflame|Talonflame, M|288\/319
|move|p1a: Landorus-Therian|Earthquake|p2a: Talonflame
|-immune|p2a: Talonflame|[msg]
|
|turn|15
|
|switch|p1a: Rotom-Wash|Rotom-Wash, shiny|194\/304
|move|p2a: Talonflame|Swords Dance|p2a: Talonflame
|-boost|p2a: Talonflame|atk|2
|
|-heal|p1a: Rotom-Wash|213\/304|[from] item: Leftovers
|turn|16
|
|switch|p2a: Latias|Latias, F|140\/301
|move|p1a: Rotom-Wash|Hydro Pump|p2a: Latias
|-resisted|p2a: Latias
|-damage|p2a: Latias|88\/301
|
|-heal|p1a: Rotom-Wash|232\/304|[from] item: Leftovers
|turn|17
|
|switch|p1a: Scizor|Scizor, M, shiny|291\/291
|move|p2a: Latias|Healing Wish|p2a: Latias
|faint|p2a: Latias
|
|
|switch|p2a: Metagross|Metagross-Mega, shiny|154\/301
|-heal|p2a: Metagross|301\/301|[from] move: Healing Wish
|turn|18
|
|switch|p2a: Magnezone|Magnezone, shiny|290\/290
|move|p1a: Scizor|U-turn|p2a: Magnezone
|-resisted|p2a: Magnezone
|-damage|p2a: Magnezone|202\/290
|
|switch|p1a: Sceptile|Sceptile-Mega, M, shiny|181\/290
|
|turn|19
|
|move|p1a: Sceptile|Earthquake|p2a: Magnezone
|-supereffective|p2a: Magnezone
|-damage|p2a: Magnezone|0 fnt
|faint|p2a: Magnezone
|
|
|switch|p2a: Talonflame|Talonflame, M|288\/319
|turn|20
|
|switch|p1a: Rotom-Wash|Rotom-Wash, shiny|232\/304
|switch|p2a: Greninja|Greninja, F, shiny|200\/286
|
|-heal|p1a: Rotom-Wash|251\/304|[from] item: Leftovers
|turn|21
|
|switch|p1a: Scizor|Scizor, M, shiny|291\/291
|move|p2a: Greninja|Ice Beam|p1a: Scizor
|-start|p2a: Greninja|typechange|Ice|[from] Protean
|-resisted|p1a: Scizor
|-damage|p1a: Scizor|190\/291
|-damage|p2a: Greninja|172\/286|[from] item: Life Orb
|
|turn|22
|
|switch|p2a: Talonflame|Talonflame, M|288\/319
|move|p1a: Scizor|Aerial Ace|p2a: Talonflame
|-damage|p2a: Talonflame|135\/319
|
|turn|23
|
|switch|p1a: Rotom-Wash|Rotom-Wash, shiny|251\/304
|move|p2a: Talonflame|Roost|p2a: Talonflame
|-heal|p2a: Talonflame|295\/319
|
|-heal|p1a: Rotom-Wash|270\/304|[from] item: Leftovers
|turn|24
|
|move|p2a: Talonflame|Brave Bird|p1a: Rotom-Wash
|-resisted|p1a: Rotom-Wash
|-damage|p1a: Rotom-Wash|204\/304
|-damage|p2a: Talonflame|273\/319|[from] recoil|[of] p1a: Rotom-Wash
|move|p1a: Rotom-Wash|Volt Switch|p2a: Talonflame
|-supereffective|p2a: Talonflame
|-damage|p2a: Talonflame|37\/319
|
|switch|p1a: Landorus-Therian|Landorus-Therian, M, shiny|328\/328
|-ability|p1a: Landorus-Therian|Intimidate|[of] p2a: Talonflame
|-unboost|p2a: Talonflame|atk|1
|
|turn|25
|
|move|p2a: Talonflame|Roost|p2a: Talonflame
|-heal|p2a: Talonflame|197\/319
|move|p1a: Landorus-Therian|Earthquake|p2a: Talonflame
|-supereffective|p2a: Talonflame
|-damage|p2a: Talonflame|0 fnt
|faint|p2a: Talonflame
|
|-message|Aragorn1398 forfeited.
|
|win|Rekt.com
|raw|Ladder updating...
|raw|Rekt.com's rating: 1472 &rarr; <strong>1485<\/strong><br \/>(+13 for winning)
|raw|Aragorn1398's rating: 1337 &rarr; <strong>1324<\/strong><br \/>(-13 for losing)
|leave|Aragorn1398
|player|p2