|join|Aragorn1398
|join|MegaZard29
|player|p1|Aragorn1398|52
|player|p2|MegaZard29|17
|gametype|singles
|gen|6
|tier|ORAS OU
|rated
|rule|Sleep Clause Mod: Limit one foe put to sleep
|rule|Species Clause: Limit one of each PokÃ©mon
|rule|OHKO Clause: OHKO moves are banned
|rule|Moody Clause: Moody is banned
|rule|Evasion Moves Clause: Evasion moves are banned
|rule|Endless Battle Clause: Forcing endless battles is banned
|rule|HP Percentage Mod: HP is shown in percentages
|clearpoke
|poke|p1|Infernape, F
|poke|p1|Greninja, F, shiny
|poke|p1|Noivern, F
|poke|p1|Politoed, M
|poke|p1|Swampert, F
|poke|p1|Heatran, F
|poke|p2|Gallade, M
|poke|p2|Heatran, M
|poke|p2|Greninja, F
|poke|p2|Thundurus, M
|poke|p2|Kyurem-Black
|poke|p2|Victini
|rule|Swagger Clause: Swagger is banned
|rule|Baton Pass Clause: Limit one PokÃ©mon knowing Baton Pass
|teampreview
|
|start
|switch|p1a: Politoed|Politoed, M|384\/384
|switch|p2a: Greninja|Greninja, F|285\/285
|-weather|RainDance
|turn|1
|
|switch|p1a: Heatran|Heatran, F|386\/386
|move|p2a: Greninja|U-turn|p1a: Heatran
|-start|p2a: Greninja|typechange|Bug|[from] Protean
|-resisted|p1a: Heatran
|-damage|p1a: Heatran|370\/386
|
|switch|p2a: Gallade|Gallade, M|278\/278
|
|-weather|RainDance|[upkeep]
|-heal|p1a: Heatran|386\/386|[from] item: Leftovers
|turn|2
|
|switch|p1a: Noivern|Noivern, F|311\/311
|detailschange|p2a: Gallade|Gallade-Mega, M
|message|Gallade has Mega Evolved into Mega Gallade!
|move|p2a: Gallade|Close Combat|p1a: Noivern
|-resisted|p1a: Noivern
|-damage|p1a: Noivern|149\/311
|-unboost|p2a: Gallade|def|1
|-unboost|p2a: Gallade|spd|1
|
|-weather|RainDance|[upkeep]
|turn|3
|
|switch|p2a: Kyurem-Black|Kyurem-Black|391\/391
|-ability|p2a: Kyurem-Black|Teravolt
|move|p1a: Noivern|Switcheroo|p2a: Kyurem-Black
|-activate|p1a: Noivern|move: Trick|[of] p2a: Kyurem-Black
|-item|p2a: Kyurem-Black|Choice Scarf|[from] Trick
|-item|p1a: Noivern|Assault Vest|[from] Trick
|
|-weather|RainDance|[upkeep]
|turn|4
|
|switch|p1a: Heatran|Heatran, F|386\/386
|move|p2a: Kyurem-Black|Fusion Bolt|p1a: Heatran
|-crit|p1a: Heatran
|-damage|p1a: Heatran|214\/386
|
|-weather|RainDance|[upkeep]
|-heal|p1a: Heatran|238\/386|[from] item: Leftovers
|turn|5
|
|switch|p2a: Heatran|Heatran, M|386\/386
|move|p1a: Heatran|Stealth Rock|p2a: Heatran
|-sidestart|p2: MegaZard29|move: Stealth Rock
|
|-weather|RainDance|[upkeep]
|-heal|p1a: Heatran|262\/386|[from] item: Leftovers
|turn|6
|
|move|p1a: Heatran|Earth Power|p2a: Heatran
|-supereffective|p2a: Heatran
|-damage|p2a: Heatran|150\/386
|move|p2a: Heatran|Stealth Rock|p1a: Heatran
|-sidestart|p1: Aragorn1398|move: Stealth Rock
|
|-weather|RainDance|[upkeep]
|-heal|p1a: Heatran|286\/386|[from] item: Leftovers
|-heal|p2a: Heatran|174\/386|[from] item: Leftovers
|turn|7
|
|switch|p2a: Gallade|Gallade-Mega, M|278\/278
|-damage|p2a: Gallade|261\/278|[from] Stealth Rock
|move|p1a: Heatran|Earth Power|p2a: Gallade
|-damage|p2a: Gallade|182\/278
|
|-weather|RainDance|[upkeep]
|-heal|p1a: Heatran|310\/386|[from] item: Leftovers
|turn|8
|
|move|p1a: Heatran|Protect|p1a: Heatran
|-singleturn|p1a: Heatran|Protect
|move|p2a: Gallade|Close Combat|p1a: Heatran
|-activate|p1a: Heatran|Protect
|
|-weather|none
|-heal|p1a: Heatran|334\/386|[from] item: Leftovers
|turn|9
|
|switch|p1a: Politoed|Politoed, M|384\/384
|-damage|p1a: Politoed|336\/384|[from] Stealth Rock
|-weather|RainDance
|move|p2a: Gallade|Close Combat|p1a: Politoed
|-damage|p1a: Politoed|98\/384
|-unboost|p2a: Gallade|def|1
|-unboost|p2a: Gallade|spd|1
|
|-weather|RainDance|[upkeep]
|turn|10
|
|switch|p1a: Infernape|Infernape, F|293\/293
|-damage|p1a: Infernape|257\/293|[from] Stealth Rock
|move|p2a: Gallade|Close Combat|p1a: Infernape
|-damage|p1a: Infernape|0 fnt
|-unboost|p2a: Gallade|def|1
|-unboost|p2a: Gallade|spd|1
|faint|p1a: Infernape
|
|-weather|RainDance|[upkeep]
|
|switch|p1a: Swampert|Swampert, F|366\/366
|-damage|p1a: Swampert|344\/366|[from] Stealth Rock
|turn|11
|
|detailschange|p1a: Swampert|Swampert-Mega, F
|message|Swampert has Mega Evolved into Mega Swampert!
|move|p2a: Gallade|Close Combat|p1a: Swampert
|-damage|p1a: Swampert|125\/366
|-unboost|p2a: Gallade|def|1
|-unboost|p2a: Gallade|spd|1
|move|p1a: Swampert|Waterfall|p2a: Gallade
|-damage|p2a: Gallade|0 fnt
|faint|p2a: Gallade
|
|-weather|RainDance|[upkeep]
|
|switch|p2a: Greninja|Greninja, F|285\/285
|-damage|p2a: Greninja|250\/285|[from] Stealth Rock
|turn|12
|
|switch|p1a: Heatran|Heatran, F|334\/386
|-damage|p1a: Heatran|286\/386|[from] Stealth Rock
|move|p2a: Greninja|Ice Beam|p1a: Heatran
|-start|p2a: Greninja|typechange|Ice|[from] Protean
|-resisted|p1a: Heatran
|-damage|p1a: Heatran|255\/386
|
|-weather|RainDance|[upkeep]
|-heal|p1a: Heatran|279\/386|[from] item: Leftovers
|turn|13
|
|switch|p2a: Heatran|Heatran, M|174\/386
|-damage|p2a: Heatran|126\/386|[from] Stealth Rock
|move|p1a: Heatran|Lava Plume|p2a: Heatran
|-start|p2a: Heatran|ability: Flash Fire
|
|-weather|RainDance|[upkeep]
|-heal|p2a: Heatran|150\/386|[from] item: Leftovers
|-heal|p1a: Heatran|303\/386|[from] item: Leftovers
|turn|14
|
|switch|p2a: Thundurus|Thundurus, M|299\/299
|-damage|p2a: Thundurus|225\/299|[from] Stealth Rock
|move|p1a: Heatran|Earth Power|p2a: Thundurus
|-immune|p2a: Thundurus|[msg]
|
|-weather|RainDance|[upkeep]
|-heal|p1a: Heatran|327\/386|[from] item: Leftovers
|turn|15
|
|move|p1a: Heatran|Protect|p1a: Heatran
|-singleturn|p1a: Heatran|Protect
|move|p2a: Thundurus|U-turn|p1a: Heatran
|-activate|p1a: Heatran|Protect
|
|-weather|RainDance|[upkeep]
|-heal|p1a: Heatran|351\/386|[from] item: Leftovers
|turn|16
|
|move|p2a: Thundurus|U-turn|p1a: Heatran
|-resisted|p1a: Heatran
|-damage|p1a: Heatran|337\/386
|-damage|p2a: Thundurus|196\/299|[from] item: Life Orb
|
|switch|p2a: Heatran|Heatran, M|150\/386
|-damage|p2a: Heatran|102\/386|[from] Stealth Rock
|move|p1a: Heatran|Earth Power|p2a: Heatran
|-supereffective|p2a: Heatran
|-damage|p2a: Heatran|0 fnt
|faint|p2a: Heatran
|
|-weather|none
|-heal|p1a: Heatran|361\/386|[from] item: Leftovers
|
|switch|p2a: Kyurem-Black|Kyurem-Black|391\/391
|-damage|p2a: Kyurem-Black|294\/391|[from] Stealth Rock
|-ability|p2a: Kyurem-Black|Teravolt
|turn|17
|
|move|p1a: Heatran|Protect|p1a: Heatran
|-singleturn|p1a: Heatran|Protect
|move|p2a: Kyurem-Black|Earth Power|p1a: Heatran
|-activate|p1a: Heatran|Protect
|
|-heal|p1a: Heatran|385\/386|[from] item: Leftovers
|turn|18
|
|switch|p2a: Greninja|Greninja, F|250\/285
|-damage|p2a: Greninja|215\/285|[from] Stealth Rock
|switch|p1a: Noivern|Noivern, F|149\/311
|-damage|p1a: Noivern|72\/311|[from] Stealth Rock
|
|turn|19
|
|move|p2a: Greninja|Gunk Shot|p1a: Noivern
|-start|p2a: Greninja|typechange|Poison|[from] Protean
|-damage|p1a: Noivern|0 fnt
|faint|p1a: Noivern
|
|
|switch|p1a: Heatran|Heatran, F|385\/386
|-damage|p1a: Heatran|337\/386|[from] Stealth Rock
|turn|20
|
|switch|p2a: Victini|Victini|341\/341
|-damage|p2a: Victini|256\/341|[from] Stealth Rock
|move|p1a: Heatran|Earth Power|p2a: Victini
|-supereffective|p2a: Victini
|-damage|p2a: Victini|72\/341
|-unboost|p2a: Victini|spd|1
|
|-heal|p1a: Heatran|361\/386|[from] item: Leftovers
|turn|21
|
|move|p1a: Heatran|Protect|p1a: Heatran
|-singleturn|p1a: Heatran|Protect
|move|p2a: Victini|Bolt Strike|p1a: Heatran
|-activate|p1a: Heatran|Protect
|
|-heal|p1a: Heatran|385\/386|[from] item: Leftovers
|turn|22
|
|move|p2a: Victini|U-turn|p1a: Heatran
|-resisted|p1a: Heatran
|-damage|p1a: Heatran|372\/386
|
|switch|p2a: Thundurus|Thundurus, M|196\/299
|-damage|p2a: Thundurus|122\/299|[from] Stealth Rock
|move|p1a: Heatran|Earth Power|p2a: Thundurus
|-immune|p2a: Thundurus|[msg]
|
|-heal|p1a: Heatran|386\/386|[from] item: Leftovers
|turn|23
|
|move|p2a: Thundurus|Thunderbolt|p1a: Heatran
|-crit|p1a: Heatran
|-damage|p1a: Heatran|121\/386
|-damage|p2a: Thundurus|93\/299|[from] item: Life Orb
|move|p1a: Heatran|Lava Plume|p2a: Thundurus
|-damage|p2a: Thundurus|0 fnt
|faint|p2a: Thundurus
|
|-heal|p1a: Heatran|145\/386|[from] item: Leftovers
|
|switch|p2a: Greninja|Greninja, F|215\/285
|-damage|p2a: Greninja|180\/285|[from] Stealth Rock
|turn|24
|
|move|p1a: Heatran|Protect|p1a: Heatran
|-singleturn|p1a: Heatran|Protect
|move|p2a: Greninja|Hydro Pump|p1a: Heatran
|-start|p2a: Greninja|typechange|Water|[from] Protean
|-activate|p1a: Heatran|Protect
|
|-heal|p1a: Heatran|169\/386|[from] item: Leftovers
|turn|25
|
|switch|p1a: Politoed|Politoed, M|98\/384
|-damage|p1a: Politoed|50\/384|[from] Stealth Rock
|-weather|RainDance
|move|p2a: Greninja|Hydro Pump|p1a: Politoed
|-crit|p1a: Politoed
|-resisted|p1a: Politoed
|-damage|p1a: Politoed|0 fnt
|faint|p1a: Politoed
|
|-weather|RainDance|[upkeep]
|
|switch|p1a: Greninja|Greninja, F, shiny|285\/285
|-damage|p1a: Greninja|250\/285|[from] Stealth Rock
|turn|26
|
|move|p2a: Greninja|Hydro Pump|p1a: Greninja|[miss]
|-miss|p2a: Greninja|p1a: Greninja
|move|p1a: Greninja|Hidden Power|p2a: Greninja
|-start|p1a: Greninja|typechange|Grass|[from] Protean
|-supereffective|p2a: Greninja
|-damage|p2a: Greninja|0 fnt
|-damage|p1a: Greninja|222\/285|[from] item: Life Orb
|faint|p2a: Greninja
|
|-weather|RainDance|[upkeep]
|
|switch|p2a: Kyurem-Black|Kyurem-Black|294\/391
|-damage|p2a: Kyurem-Black|197\/391|[from] Stealth Rock
|-ability|p2a: Kyurem-Black|Teravolt
|turn|27
|c|âAragorn1398|gg
|
|move|p2a: Kyurem-Black|Outrage|p1a: Greninja
|-damage|p1a: Greninja|0 fnt
|faint|p1a: Greninja
|
|-weather|RainDance|[upkeep]
|
|switch|p1a: Heatran|Heatran, F|169\/386
|-damage|p1a: Heatran|121\/386|[from] Stealth Rock
|turn|28
|
|move|p1a: Heatran|Protect|p1a: Heatran
|-singleturn|p1a: Heatran|Protect
|move|p2a: Kyurem-Black|Outrage|p1a: Heatran
|-activate|p1a: Heatran|Protect
|
|-weather|RainDance|[upkeep]
|-heal|p1a: Heatran|145\/386|[from] item: Leftovers
|turn|29
|
|move|p1a: Heatran|Protect|p1a: Heatran
|-singleturn|p1a: Heatran|Protect
|move|p2a: Kyurem-Black|Outrage|p1a: Heatran
|-activate|p1a: Heatran|Protect
|
|-weather|RainDance|[upkeep]
|-heal|p1a: Heatran|169\/386|[from] item: Leftovers
|turn|30
|
|move|p2a: Kyurem-Black|Outrage|p1a: Heatran
|-resisted|p1a: Heatran
|-damage|p1a: Heatran|72\/386
|move|p1a: Heatran|Earth Power|p2a: Kyurem-Black
|-damage|p2a: Kyurem-Black|101\/391
|
|-weather|RainDance|[upkeep]
|-heal|p1a: Heatran|96\/386|[from] item: Leftovers
|turn|31
|
|move|p2a: Kyurem-Black|Outrage|p1a: Heatran
|-resisted|p1a: Heatran
|-damage|p1a: Heatran|0 fnt
|faint|p1a: Heatran
|
|-end|p2a: Kyurem-Black|rampage
|-start|p2a: Kyurem-Black|confusion
|-weather|RainDance|[upkeep]
|
|switch|p1a: Swampert|Swampert-Mega, F|125\/366
|-damage|p1a: Swampert|103\/366|[from] Stealth Rock
|turn|32
|
|switch|p2a: Victini|Victini|72\/341
|-damage|p2a: Victini|0 fnt|[from] Stealth Rock
|faint|p2a: Victini
|move|p1a: Swampert|Earthquake|p2: Victini|[notarget]
|-notarget
|
|-weather|none
|
|switch|p2a: Kyurem-Black|Kyurem-Black|101\/391
|-damage|p2a: Kyurem-Black|4\/391|[from] Stealth Rock
|-ability|p2a: Kyurem-Black|Teravolt
|turn|33
|
|move|p2a: Kyurem-Black|Outrage|p1a: Swampert
|-damage|p1a: Swampert|0 fnt
|faint|p1a: Swampert
|
|win|MegaZard29
|raw|Ladder updating...
|raw|Aragorn1398's rating: 1421 &rarr; <strong>1392<\/strong><br \/>(-29 for losing)
|raw|MegaZard29's rating: 1255 &rarr; <strong>1291<\/strong><br \/>(+36 for winning)
|leave|Aragorn1398
|player|p1