|join|Aragorn1398
|join|miloticite95
|player|p1|Aragorn1398|52
|player|p2|miloticite95|102
|gametype|singles
|gen|6
|tier|ORAS OU
|rated
|rule|Sleep Clause Mod: Limit one foe put to sleep
|rule|Species Clause: Limit one of each PokÃ©mon
|rule|OHKO Clause: OHKO moves are banned
|rule|Moody Clause: Moody is banned
|rule|Evasion Moves Clause: Evasion moves are banned
|rule|Endless Battle Clause: Forcing endless battles is banned
|rule|HP Percentage Mod: HP is shown in percentages
|clearpoke
|poke|p1|Greninja, M, shiny
|poke|p1|Noivern, F
|poke|p1|Politoed, M
|poke|p1|Swampert, F
|poke|p1|Heatran, F
|poke|p1|Conkeldurr, F
|poke|p2|Milotic, F
|poke|p2|Diancie
|poke|p2|Landorus-Therian, M
|poke|p2|Latios, M
|poke|p2|Jirachi
|poke|p2|Talonflame, F
|rule|Swagger Clause: Swagger is banned
|rule|Baton Pass Clause: Limit one PokÃ©mon knowing Baton Pass
|teampreview
|
|start
|switch|p1a: Greninja|Greninja, M, shiny|285\/285
|switch|p2a: Talonflame|Talonflame, F|298\/298
|turn|1
|
|switch|p1a: Heatran|Heatran, F|386\/386
|move|p2a: Talonflame|Brave Bird|p1a: Heatran
|-resisted|p1a: Heatran
|-damage|p1a: Heatran|290\/386
|-damage|p2a: Talonflame|266\/298|[from] recoil|[of] p1a: Heatran
|
|-heal|p1a: Heatran|314\/386|[from] item: Leftovers
|turn|2
|
|switch|p2a: Diancie|Diancie|241\/241
|move|p1a: Heatran|Stealth Rock|p2a: Diancie
|-sidestart|p2: miloticite95|move: Stealth Rock
|
|-heal|p1a: Heatran|338\/386|[from] item: Leftovers
|turn|3
|
|detailschange|p2a: Diancie|Diancie-Mega
|message|Diancie has Mega Evolved into Mega Diancie!
|move|p2a: Diancie|Earth Power|p1a: Heatran
|-supereffective|p1a: Heatran
|-damage|p1a: Heatran|0 fnt
|faint|p1a: Heatran
|
|
|switch|p1a: Greninja|Greninja, M, shiny|285\/285
|turn|4
|
|switch|p2a: Milotic|Milotic, F|393\/393
|-damage|p2a: Milotic|344\/393|[from] Stealth Rock
|move|p1a: Greninja|Ice Beam|p2a: Milotic
|-start|p1a: Greninja|typechange|Ice|[from] Protean
|-resisted|p2a: Milotic
|-damage|p2a: Milotic|266\/393
|-damage|p1a: Greninja|257\/285|[from] item: Life Orb
|
|-heal|p2a: Milotic|290\/393|[from] item: Leftovers
|turn|5
|
|switch|p1a: Politoed|Politoed, M|384\/384
|-weather|RainDance
|move|p2a: Milotic|Recover|p2a: Milotic
|-heal|p2a: Milotic|393\/393
|
|-weather|RainDance|[upkeep]
|turn|6
|
|switch|p2a: Latios|Latios, M|309\/309
|-damage|p2a: Latios|271\/309|[from] Stealth Rock
|move|p1a: Politoed|Scald|p2a: Latios
|-resisted|p2a: Latios
|-damage|p2a: Latios|210\/309
|
|-weather|RainDance|[upkeep]
|turn|7
|
|switch|p1a: Noivern|Noivern, F|311\/311
|move|p2a: Latios|Defog|p1a: Noivern
|-unboost|p1a: Noivern|evasion|1
|-sideend|p2: miloticite95|Stealth Rock|[from] move: Defog|[of] p2a: Latios
|
|-weather|RainDance|[upkeep]
|turn|8
|
|switch|p2a: Jirachi|Jirachi|404\/404
|move|p1a: Noivern|Hurricane|p2a: Jirachi
|-resisted|p2a: Jirachi
|-damage|p2a: Jirachi|340\/404
|
|-weather|RainDance|[upkeep]
|-heal|p2a: Jirachi|365\/404|[from] item: Leftovers
|turn|9
|
|switch|p1a: Swampert|Swampert, F|366\/366
|move|p2a: Jirachi|U-turn|p1a: Swampert
|-damage|p1a: Swampert|309\/366
|
|switch|p2a: Milotic|Milotic, F|393\/393
|
|-weather|RainDance|[upkeep]
|turn|10
|
|detailschange|p1a: Swampert|Swampert-Mega, F
|message|Swampert has Mega Evolved into Mega Swampert!
|move|p2a: Milotic|Scald|p1a: Swampert
|-damage|p1a: Swampert|170\/366
|move|p1a: Swampert|Earthquake|p2a: Milotic
|-damage|p2a: Milotic|218\/393
|
|-weather|RainDance|[upkeep]
|-heal|p2a: Milotic|242\/393|[from] item: Leftovers
|turn|11
|
|switch|p1a: Politoed|Politoed, M|384\/384
|switch|p2a: Landorus-Therian|Landorus-Therian, M|382\/382
|-ability|p2a: Landorus-Therian|Intimidate|[of] p1a: Politoed
|-unboost|p1a: Politoed|atk|1
|
|-weather|RainDance|[upkeep]
|turn|12
|
|move|p2a: Landorus-Therian|Stealth Rock|p1a: Politoed
|-sidestart|p1: Aragorn1398|move: Stealth Rock
|move|p1a: Politoed|Scald|p2a: Landorus-Therian
|-supereffective|p2a: Landorus-Therian
|-damage|p2a: Landorus-Therian|86\/382
|
|-weather|none
|-heal|p2a: Landorus-Therian|109\/382|[from] item: Leftovers
|turn|13
|
|move|p2a: Landorus-Therian|Knock Off|p1a: Politoed
|-damage|p1a: Politoed|273\/384
|-enditem|p1a: Politoed|Damp Rock|[from] move: Knock Off|[of] p2a: Landorus-Therian
|move|p1a: Politoed|Scald|p2a: Landorus-Therian
|-supereffective|p2a: Landorus-Therian
|-damage|p2a: Landorus-Therian|0 fnt
|faint|p2a: Landorus-Therian
|
|
|switch|p2a: Latios|Latios, M|210\/309
|turn|14
|
|switch|p1a: Noivern|Noivern, F|311\/311
|-damage|p1a: Noivern|234\/311|[from] Stealth Rock
|move|p2a: Latios|Psyshock|p1a: Noivern
|-damage|p1a: Noivern|4\/311
|-damage|p2a: Latios|180\/309|[from] item: Life Orb
|
|turn|15
|
|switch|p2a: Jirachi|Jirachi|365\/404
|move|p1a: Noivern|Flamethrower|p2a: Jirachi
|-supereffective|p2a: Jirachi
|-damage|p2a: Jirachi|201\/404
|
|-heal|p2a: Jirachi|226\/404|[from] item: Leftovers
|turn|16
|
|switch|p2a: Milotic|Milotic, F|242\/393
|move|p1a: Noivern|Flamethrower|p2a: Milotic
|-resisted|p2a: Milotic
|-damage|p2a: Milotic|208\/393
|
|-heal|p2a: Milotic|232\/393|[from] item: Leftovers
|turn|17
|
|move|p1a: Noivern|Flamethrower|p2a: Milotic
|-resisted|p2a: Milotic
|-damage|p2a: Milotic|196\/393
|move|p2a: Milotic|Recover|p2a: Milotic
|-heal|p2a: Milotic|393\/393
|
|turn|18
|
|move|p1a: Noivern|Flamethrower|p2a: Milotic
|-resisted|p2a: Milotic
|-damage|p2a: Milotic|360\/393
|move|p2a: Milotic|Ice Beam|p1a: Noivern
|-crit|p1a: Noivern
|-supereffective|p1a: Noivern
|-damage|p1a: Noivern|0 fnt
|faint|p1a: Noivern
|
|-heal|p2a: Milotic|384\/393|[from] item: Leftovers
|
|switch|p1a: Politoed|Politoed, M|273\/384
|-damage|p1a: Politoed|225\/384|[from] Stealth Rock
|-weather|RainDance
|turn|19
|
|move|p2a: Milotic|Scald|p1a: Politoed
|-resisted|p1a: Politoed
|-damage|p1a: Politoed|164\/384
|move|p1a: Politoed|Scald|p2a: Milotic
|-resisted|p2a: Milotic
|-damage|p2a: Milotic|330\/393
|
|-weather|RainDance|[upkeep]
|-heal|p2a: Milotic|354\/393|[from] item: Leftovers
|turn|20
|
|move|p2a: Milotic|Scald|p1a: Politoed
|-resisted|p1a: Politoed
|-damage|p1a: Politoed|101\/384
|-status|p1a: Politoed|brn
|move|p1a: Politoed|Scald|p2a: Milotic
|-resisted|p2a: Milotic
|-damage|p2a: Milotic|300\/393
|
|-weather|RainDance|[upkeep]
|-heal|p2a: Milotic|324\/393|[from] item: Leftovers
|-damage|p1a: Politoed|53\/384 brn|[from] brn
|turn|21
|
|move|p2a: Milotic|Scald|p1a: Politoed
|-resisted|p1a: Politoed
|-damage|p1a: Politoed|0 fnt
|faint|p1a: Politoed
|
|-weather|RainDance|[upkeep]
|-heal|p2a: Milotic|348\/393|[from] item: Leftovers
|-message|Aragorn1398 forfeited.
|
|win|miloticite95
|raw|Ladder updating...
|leave|Aragorn1398
|player|p1
|raw|Aragorn1398's rating: 1440 &rarr; <strong>1420<\/strong><br \/>(-20 for losing)
|raw|miloticite95's rating: 1431 &rarr; <strong>1451<\/strong><br \/>(+20 for winning)