|join|Mrkingrfw
|join|Aragorn1398
|player|p1|Mrkingrfw|147
|player|p2|Aragorn1398|52
|gametype|singles
|gen|6
|tier|OU
|rated
|clearpoke
|poke|p1|Garchomp, F
|poke|p1|Porygon2
|poke|p1|Azumarill, M
|poke|p1|Diancie
|poke|p1|Cresselia, F
|poke|p1|Victini
|poke|p2|Gengar, F, shiny
|poke|p2|Greninja, F
|poke|p2|Tyranitar, F
|poke|p2|Excadrill, M
|poke|p2|Scizor, F
|poke|p2|Charizard, F
|rule|Swagger Clause: Swagger is banned
|rule|Baton Pass Clause: Limit one PokÃ©mon knowing Baton Pass
|rule|Sleep Clause Mod: Limit one foe put to sleep
|rule|Species Clause: Limit one of each PokÃ©mon
|rule|OHKO Clause: OHKO moves are banned
|rule|Moody Clause: Moody is banned
|rule|Evasion Moves Clause: Evasion moves are banned
|rule|Endless Battle Clause: Forcing endless battles is banned
|rule|HP Percentage Mod: HP is shown in percentages
|teampreview
|
|start
|switch|p1a: Cresselia|Cresselia, F|444\/444
|switch|p2a: Scizor|Scizor, F|343\/343
|turn|1
|
|detailschange|p2a: Scizor|Scizor-Mega, F
|message|Scizor has Mega Evolved into Mega Scizor!
|move|p2a: Scizor|Knock Off|p1a: Cresselia
|-supereffective|p1a: Cresselia
|-damage|p1a: Cresselia|264\/444
|-enditem|p1a: Cresselia|Leftovers|[from] move: Knock Off|[of] p2a: Scizor
|move|p1a: Cresselia|Trick Room|p1a: Cresselia
|-fieldstart|move: Trick Room|[of] p1a: Cresselia
|
|turn|2
|
|switch|p1a: Garchomp|Garchomp, F|409\/409
|move|p2a: Scizor|Swords Dance|p2a: Scizor
|-boost|p2a: Scizor|atk|2
|
|turn|3
|
|switch|p2a: Tyranitar|Tyranitar, F|403\/403
|-weather|Sandstorm
|detailschange|p1a: Garchomp|Garchomp-Mega, F
|message|Garchomp has Mega Evolved into Mega Garchomp!
|move|p1a: Garchomp|Fire Blast|p2a: Tyranitar
|-resisted|p2a: Tyranitar
|-damage|p2a: Tyranitar|368\/403
|
|-weather|Sandstorm|[upkeep]
|turn|4
|
|switch|p2a: Charizard|Charizard, F|297\/297
|move|p1a: Garchomp|Earthquake|p2a: Charizard
|-immune|p2a: Charizard|[msg]
|
|-weather|Sandstorm|[upkeep]
|-damage|p2a: Charizard|279\/297|[from] sandstorm
|turn|5
|
|move|p1a: Garchomp|Draco Meteor|p2a: Charizard
|-damage|p2a: Charizard|81\/297
|-unboost|p1a: Garchomp|spa|2
|move|p2a: Charizard|Dragon Claw|p1a: Garchomp
|-supereffective|p1a: Garchomp
|-damage|p1a: Garchomp|279\/409
|
|-weather|Sandstorm|[upkeep]
|-damage|p2a: Charizard|63\/297|[from] sandstorm
|-fieldend|move: Trick Room
|turn|6
|
|switch|p1a: Diancie|Diancie|304\/304
|move|p2a: Charizard|Roost|p2a: Charizard
|-heal|p2a: Charizard|212\/297
|
|-weather|Sandstorm|[upkeep]
|-damage|p2a: Charizard|194\/297|[from] sandstorm
|turn|7
|
|switch|p2a: Excadrill|Excadrill, M|361\/361
|move|p1a: Diancie|Trick Room|p1a: Diancie
|-fieldstart|move: Trick Room|[of] p1a: Diancie
|
|-weather|Sandstorm|[upkeep]
|turn|8
|
|move|p1a: Diancie|Stealth Rock|p2a: Excadrill
|-sidestart|p2: Aragorn1398|move: Stealth Rock
|move|p2a: Excadrill|Iron Head|p1a: Diancie
|-supereffective|p1a: Diancie
|-damage|p1a: Diancie|0 fnt
|-damage|p2a: Excadrill|325\/361|[from] item: Life Orb
|faint|p1a: Diancie
|
|-weather|Sandstorm|[upkeep]
|
|switch|p1a: Azumarill|Azumarill, M|404\/404
|turn|9
|
|switch|p2a: Scizor|Scizor-Mega, F|343\/343
|-damage|p2a: Scizor|301\/343|[from] Stealth Rock
|move|p1a: Azumarill|Waterfall|p2a: Scizor
|-damage|p2a: Scizor|132\/343
|-damage|p1a: Azumarill|364\/404|[from] item: Life Orb
|
|-weather|Sandstorm|[upkeep]
|-damage|p1a: Azumarill|339\/404|[from] sandstorm
|turn|10
|
|move|p2a: Scizor|Bullet Punch|p1a: Azumarill
|-crit|p1a: Azumarill
|-damage|p1a: Azumarill|152\/404
|move|p1a: Azumarill|Waterfall|p2a: Scizor
|-damage|p2a: Scizor|0 fnt
|-damage|p1a: Azumarill|112\/404|[from] item: Life Orb
|faint|p2a: Scizor
|
|-weather|none
|
|switch|p2a: Tyranitar|Tyranitar, F|368\/403
|-damage|p2a: Tyranitar|318\/403|[from] Stealth Rock
|-weather|Sandstorm
|turn|11
|
|move|p1a: Azumarill|Play Rough|p2a: Tyranitar
|-supereffective|p2a: Tyranitar
|-damage|p2a: Tyranitar|0 fnt
|-damage|p1a: Azumarill|72\/404|[from] item: Life Orb
|faint|p2a: Tyranitar
|
|-weather|Sandstorm|[upkeep]
|-damage|p1a: Azumarill|47\/404|[from] sandstorm
|-fieldend|move: Trick Room
|
|switch|p2a: Excadrill|Excadrill, M|325\/361
|-damage|p2a: Excadrill|314\/361|[from] Stealth Rock
|turn|12
|
|move|p1a: Azumarill|Aqua Jet|p2a: Excadrill
|-supereffective|p2a: Excadrill
|-damage|p2a: Excadrill|10\/361
|-damage|p1a: Azumarill|7\/404|[from] item: Life Orb
|move|p2a: Excadrill|Iron Head|p1a: Azumarill
|-damage|p1a: Azumarill|0 fnt
|-damage|p2a: Excadrill|0 fnt|[from] item: Life Orb
|faint|p1a: Azumarill
|faint|p2a: Excadrill
|
|-weather|Sandstorm|[upkeep]
|
|switch|p2a: Gengar|Gengar, F, shiny|261\/261
|-damage|p2a: Gengar|229\/261|[from] Stealth Rock
|switch|p1a: Cresselia|Cresselia, F|264\/444
|turn|13
|
|move|p2a: Gengar|Shadow Ball|p1a: Cresselia
|-supereffective|p1a: Cresselia
|-damage|p1a: Cresselia|0 fnt
|-damage|p2a: Gengar|203\/261|[from] item: Life Orb
|faint|p1a: Cresselia
|
|-weather|Sandstorm|[upkeep]
|-damage|p2a: Gengar|187\/261|[from] sandstorm
|
|switch|p1a: Porygon2|Porygon2|374\/374
|-ability|p1a: Porygon2|Levitate|[from] ability: Trace|[of] p2a: Gengar
|turn|14
|
|move|p2a: Gengar|Focus Blast|p1a: Porygon2
|-supereffective|p1a: Porygon2
|-damage|p1a: Porygon2|176\/374
|-damage|p2a: Gengar|161\/261|[from] item: Life Orb
|move|p1a: Porygon2|Trick Room|p1a: Porygon2
|-fieldstart|move: Trick Room|[of] p1a: Porygon2
|
|-weather|Sandstorm|[upkeep]
|-damage|p1a: Porygon2|153\/374|[from] sandstorm
|-damage|p2a: Gengar|145\/261|[from] sandstorm
|turn|15
|
|switch|p1a: Garchomp|Garchomp-Mega, F|279\/409
|move|p2a: Gengar|Focus Blast|p1a: Garchomp
|-damage|p1a: Garchomp|98\/409
|-damage|p2a: Gengar|119\/261|[from] item: Life Orb
|
|-weather|Sandstorm|[upkeep]
|-damage|p2a: Gengar|103\/261|[from] sandstorm
|turn|16
|
|move|p1a: Garchomp|Outrage|p2a: Gengar
|-damage|p2a: Gengar|0 fnt
|faint|p2a: Gengar
|
|-weather|Sandstorm|[upkeep]
|
|switch|p2a: Charizard|Charizard, F|194\/297
|-damage|p2a: Charizard|46\/297|[from] Stealth Rock
|turn|17
|
|move|p1a: Garchomp|Outrage|p2a: Charizard
|-damage|p2a: Charizard|0 fnt
|faint|p2a: Charizard
|
|-weather|Sandstorm|[upkeep]
|
|switch|p2a: Greninja|Greninja, F|308\/308
|-damage|p2a: Greninja|270\/308|[from] Stealth Rock
|turn|18
|
|move|p1a: Garchomp|Outrage|p2a: Greninja
|-damage|p2a: Greninja|0 fnt
|faint|p2a: Greninja
|
|win|Mrkingrfw
|raw|Ladder updating...
|raw|Mrkingrfw's rating: 1502 &rarr; <strong>1519<\/strong><br \/>(+17 for winning)
|raw|Aragorn1398's rating: 1451 &rarr; <strong>1434<\/strong><br \/>(-17 for losing)
|leave|Aragorn1398
|player|p2