|join|Flaming Heart
|join|Aragorn1398
|player|p1|Flaming Heart|283
|player|p2|Aragorn1398|52
|gametype|singles
|gen|6
|tier|OU
|rated
|clearpoke
|poke|p1|Cofagrigus, M
|poke|p1|Hippowdon, F
|poke|p1|Chansey, F
|poke|p1|Aerodactyl, F
|poke|p1|Amoonguss, M
|poke|p1|Keldeo-Resolute
|poke|p2|Gengar, M, shiny
|poke|p2|Greninja, F
|poke|p2|Tyranitar, F
|poke|p2|Excadrill, M
|poke|p2|Breloom, F
|poke|p2|Scizor, M
|rule|Swagger Clause: Swagger is banned
|rule|Baton Pass Clause: Limit one PokÃ©mon knowing Baton Pass
|rule|Sleep Clause Mod: Limit one foe put to sleep
|rule|Species Clause: Limit one of each PokÃ©mon
|rule|OHKO Clause: OHKO moves are banned
|rule|Moody Clause: Moody is banned
|rule|Evasion Moves Clause: Evasion moves are banned
|rule|Endless Battle Clause: Forcing endless battles is banned
|rule|HP Percentage Mod: HP is shown in percentages
|teampreview
|
|start
|switch|p1a: Chansey|Chansey, F|704\/704
|switch|p2a: Tyranitar|Tyranitar, F|403\/403
|-weather|Sandstorm
|turn|1
|
|switch|p1a: Hippowdon|Hippowdon, F|420\/420
|move|p2a: Tyranitar|Stealth Rock|p1a: Hippowdon
|-sidestart|p1: Flaming Heart|move: Stealth Rock
|
|-weather|Sandstorm|[upkeep]
|turn|2
|
|switch|p2a: Gengar|Gengar, M, shiny|261\/261
|move|p1a: Hippowdon|Stealth Rock|p2a: Gengar
|-sidestart|p2: Aragorn1398|move: Stealth Rock
|
|-weather|Sandstorm|[upkeep]
|-damage|p2a: Gengar|245\/261|[from] sandstorm
|turn|3
|
|switch|p1a: Amoonguss|Amoonguss, M|432\/432
|-damage|p1a: Amoonguss|378\/432|[from] Stealth Rock
|move|p2a: Gengar|Substitute|p2a: Gengar
|-start|p2a: Gengar|Substitute
|-damage|p2a: Gengar|180\/261
|
|-weather|Sandstorm|[upkeep]
|-damage|p2a: Gengar|164\/261|[from] sandstorm
|-damage|p1a: Amoonguss|351\/432|[from] sandstorm
|-heal|p1a: Amoonguss|378\/432|[from] item: Black Sludge
|turn|4
|
|move|p2a: Gengar|Shadow Ball|p1a: Amoonguss
|-damage|p1a: Amoonguss|222\/432
|-damage|p2a: Gengar|138\/261|[from] item: Life Orb
|move|p1a: Amoonguss|Hidden Power|p2a: Gengar
|-activate|p2a: Gengar|Substitute|[damage]
|
|-weather|Sandstorm|[upkeep]
|-damage|p2a: Gengar|122\/261|[from] sandstorm
|-damage|p1a: Amoonguss|195\/432|[from] sandstorm
|-heal|p1a: Amoonguss|222\/432|[from] item: Black Sludge
|turn|5
|
|switch|p1a: Chansey|Chansey, F|704\/704
|-damage|p1a: Chansey|616\/704|[from] Stealth Rock
|move|p2a: Gengar|Focus Blast|p1a: Chansey
|-supereffective|p1a: Chansey
|-damage|p1a: Chansey|392\/704
|-damage|p2a: Gengar|96\/261|[from] item: Life Orb
|
|-weather|Sandstorm|[upkeep]
|-damage|p2a: Gengar|80\/261|[from] sandstorm
|-damage|p1a: Chansey|348\/704|[from] sandstorm
|turn|6
|
|move|p2a: Gengar|Focus Blast|p1a: Chansey|[miss]
|-miss|p2a: Gengar|p1a: Chansey
|move|p1a: Chansey|Soft-Boiled|p1a: Chansey
|-heal|p1a: Chansey|700\/704
|
|-weather|Sandstorm|[upkeep]
|-damage|p2a: Gengar|64\/261|[from] sandstorm
|-damage|p1a: Chansey|656\/704|[from] sandstorm
|turn|7
|
|switch|p1a: Amoonguss|Amoonguss, M|366\/432
|-damage|p1a: Amoonguss|312\/432|[from] Stealth Rock
|move|p2a: Gengar|Pain Split|p1a: Amoonguss
|-sethp|p1a: Amoonguss|188\/432|p2a: Gengar|188\/261|[from] move: Pain Split
|
|-weather|Sandstorm|[upkeep]
|-damage|p2a: Gengar|172\/261|[from] sandstorm
|-damage|p1a: Amoonguss|161\/432|[from] sandstorm
|-heal|p1a: Amoonguss|188\/432|[from] item: Black Sludge
|turn|8
|
|switch|p1a: Chansey|Chansey, F|656\/704
|-damage|p1a: Chansey|568\/704|[from] Stealth Rock
|move|p2a: Gengar|Shadow Ball|p1a: Chansey
|-immune|p1a: Chansey|[msg]
|
|-weather|none
|turn|9
|
|switch|p1a: Amoonguss|Amoonguss, M|332\/432
|-damage|p1a: Amoonguss|278\/432|[from] Stealth Rock
|move|p2a: Gengar|Focus Blast|p1a: Amoonguss
|-resisted|p1a: Amoonguss
|-damage|p1a: Amoonguss|199\/432
|-damage|p2a: Gengar|146\/261|[from] item: Life Orb
|
|-heal|p1a: Amoonguss|226\/432|[from] item: Black Sludge
|turn|10
|
|move|p2a: Gengar|Shadow Ball|p1a: Amoonguss
|-damage|p1a: Amoonguss|82\/432
|-damage|p2a: Gengar|120\/261|[from] item: Life Orb
|move|p1a: Amoonguss|Hidden Power|p2a: Gengar
|-end|p2a: Gengar|Substitute
|
|-heal|p1a: Amoonguss|109\/432|[from] item: Black Sludge
|turn|11
|
|switch|p1a: Chansey|Chansey, F|568\/704
|-damage|p1a: Chansey|480\/704|[from] Stealth Rock
|move|p2a: Gengar|Substitute|p2a: Gengar
|-start|p2a: Gengar|Substitute
|-damage|p2a: Gengar|55\/261
|
|turn|12
|
|move|p2a: Gengar|Pain Split|p1a: Chansey
|-sethp|p1a: Chansey|267\/704|p2a: Gengar|261\/261|[from] move: Pain Split
|move|p1a: Chansey|Soft-Boiled|p1a: Chansey
|-heal|p1a: Chansey|619\/704
|
|turn|13
|
|switch|p1a: Hippowdon|Hippowdon, F|420\/420
|-damage|p1a: Hippowdon|394\/420|[from] Stealth Rock
|-weather|Sandstorm
|move|p2a: Gengar|Focus Blast|p1a: Hippowdon
|-damage|p1a: Hippowdon|168\/420
|-damage|p2a: Gengar|235\/261|[from] item: Life Orb
|
|-weather|Sandstorm|[upkeep]
|-damage|p2a: Gengar|219\/261|[from] sandstorm
|-heal|p1a: Hippowdon|194\/420|[from] item: Leftovers
|turn|14
|
|switch|p1a: Chansey|Chansey, F|619\/704
|-damage|p1a: Chansey|531\/704|[from] Stealth Rock
|move|p2a: Gengar|Shadow Ball|p1a: Chansey
|-immune|p1a: Chansey|[msg]
|
|-weather|Sandstorm|[upkeep]
|-damage|p2a: Gengar|203\/261|[from] sandstorm
|-damage|p1a: Chansey|487\/704|[from] sandstorm
|turn|15
|
|move|p2a: Gengar|Shadow Ball|p1a: Chansey
|-immune|p1a: Chansey|[msg]
|move|p1a: Chansey|Soft-Boiled|p1a: Chansey
|-heal|p1a: Chansey|704\/704
|
|-weather|Sandstorm|[upkeep]
|-damage|p2a: Gengar|187\/261|[from] sandstorm
|-damage|p1a: Chansey|660\/704|[from] sandstorm
|turn|16
|
|switch|p1a: Amoonguss|Amoonguss, M|253\/432
|-damage|p1a: Amoonguss|199\/432|[from] Stealth Rock
|move|p2a: Gengar|Pain Split|p1a: Amoonguss
|-sethp|p1a: Amoonguss|193\/432|p2a: Gengar|193\/261|[from] move: Pain Split
|
|-weather|Sandstorm|[upkeep]
|-damage|p2a: Gengar|177\/261|[from] sandstorm
|-damage|p1a: Amoonguss|166\/432|[from] sandstorm
|-heal|p1a: Amoonguss|193\/432|[from] item: Black Sludge
|turn|17
|
|move|p2a: Gengar|Focus Blast|p1a: Amoonguss
|-crit|p1a: Amoonguss
|-resisted|p1a: Amoonguss
|-damage|p1a: Amoonguss|86\/432
|-damage|p2a: Gengar|151\/261|[from] item: Life Orb
|move|p1a: Amoonguss|Hidden Power|p2a: Gengar
|-activate|p2a: Gengar|Substitute|[damage]
|
|-weather|none
|-heal|p1a: Amoonguss|113\/432|[from] item: Black Sludge
|turn|18
|
|switch|p1a: Cofagrigus|Cofagrigus, M|319\/319
|-damage|p1a: Cofagrigus|280\/319|[from] Stealth Rock
|move|p2a: Gengar|Focus Blast|p1a: Cofagrigus
|-immune|p1a: Cofagrigus|[msg]
|
|-heal|p1a: Cofagrigus|299\/319|[from] item: Leftovers
|turn|19
|
|switch|p1a: Chansey|Chansey, F|660\/704
|-damage|p1a: Chansey|572\/704|[from] Stealth Rock
|move|p2a: Gengar|Pain Split|p1a: Chansey
|-sethp|p1a: Chansey|361\/704|p2a: Gengar|261\/261|[from] move: Pain Split
|
|turn|20
|
|switch|p2a: Breloom|Breloom, F|271\/271
|-damage|p2a: Breloom|255\/271|[from] Stealth Rock
|move|p1a: Chansey|Soft-Boiled|p1a: Chansey
|-heal|p1a: Chansey|704\/704
|
|turn|21
|
|switch|p1a: Amoonguss|Amoonguss, M|257\/432
|-damage|p1a: Amoonguss|203\/432|[from] Stealth Rock
|move|p2a: Breloom|Spore|p1a: Amoonguss
|-fail|p1a: Amoonguss
|
|-heal|p1a: Amoonguss|230\/432|[from] item: Black Sludge
|turn|22
|
|switch|p2a: Gengar|Gengar, M, shiny|261\/261
|-damage|p2a: Gengar|229\/261|[from] Stealth Rock
|move|p1a: Amoonguss|Hidden Power|p2a: Gengar
|-damage|p2a: Gengar|172\/261
|
|-heal|p1a: Amoonguss|257\/432|[from] item: Black Sludge
|turn|23
|
|move|p2a: Gengar|Substitute|p2a: Gengar
|-start|p2a: Gengar|Substitute
|-damage|p2a: Gengar|107\/261
|move|p1a: Amoonguss|Hidden Power|p2a: Gengar
|-activate|p2a: Gengar|Substitute|[damage]
|
|-heal|p1a: Amoonguss|284\/432|[from] item: Black Sludge
|turn|24
|
|move|p2a: Gengar|Pain Split|p1a: Amoonguss
|-sethp|p1a: Amoonguss|195\/432|p2a: Gengar|195\/261|[from] move: Pain Split
|move|p1a: Amoonguss|Hidden Power|p2a: Gengar
|-end|p2a: Gengar|Substitute
|
|-heal|p1a: Amoonguss|222\/432|[from] item: Black Sludge
|turn|25
|
|switch|p1a: Hippowdon|Hippowdon, F|194\/420
|-damage|p1a: Hippowdon|168\/420|[from] Stealth Rock
|-weather|Sandstorm
|move|p2a: Gengar|Substitute|p2a: Gengar
|-start|p2a: Gengar|Substitute
|-damage|p2a: Gengar|130\/261
|
|-weather|Sandstorm|[upkeep]
|-damage|p2a: Gengar|114\/261|[from] sandstorm
|-heal|p1a: Hippowdon|194\/420|[from] item: Leftovers
|turn|26
|
|switch|p1a: Aerodactyl|Aerodactyl, F|364\/364
|-damage|p1a: Aerodactyl|273\/364|[from] Stealth Rock
|-ability|p1a: Aerodactyl|Pressure
|move|p2a: Gengar|Focus Blast|p1a: Aerodactyl
|-damage|p1a: Aerodactyl|126\/364
|-damage|p2a: Gengar|88\/261|[from] item: Life Orb
|
|-weather|Sandstorm|[upkeep]
|-damage|p2a: Gengar|72\/261|[from] sandstorm
|turn|27
|
|detailschange|p1a: Aerodactyl|Aerodactyl-Mega, F
|message|Aerodactyl has Mega Evolved into Mega Aerodactyl!
|move|p1a: Aerodactyl|Roost|p1a: Aerodactyl
|-heal|p1a: Aerodactyl|308\/364
|move|p2a: Gengar|Shadow Ball|p1a: Aerodactyl
|-damage|p1a: Aerodactyl|168\/364
|-damage|p2a: Gengar|46\/261|[from] item: Life Orb
|
|-weather|Sandstorm|[upkeep]
|-damage|p2a: Gengar|30\/261|[from] sandstorm
|turn|28
|
|move|p1a: Aerodactyl|Defog|p2a: Gengar
|-sideend|p2: Aragorn1398|Stealth Rock|[from] move: Defog|[of] p2a: Gengar
|-sideend|p1: Flaming Heart|Stealth Rock|[from] move: Defog|[of] p1a: Aerodactyl
|move|p2a: Gengar|Pain Split|p1a: Aerodactyl
|-sethp|p1a: Aerodactyl|99\/364|p2a: Gengar|99\/261|[from] move: Pain Split
|
|-weather|Sandstorm|[upkeep]
|-damage|p2a: Gengar|83\/261|[from] sandstorm
|turn|29
|
|move|p1a: Aerodactyl|Roost|p1a: Aerodactyl
|-heal|p1a: Aerodactyl|281\/364
|move|p2a: Gengar|Shadow Ball|p1a: Aerodactyl
|-damage|p1a: Aerodactyl|152\/364
|-damage|p2a: Gengar|57\/261|[from] item: Life Orb
|
|-weather|none
|turn|30
|
|move|p1a: Aerodactyl|Taunt|p2a: Gengar
|-start|p2a: Gengar|move: Taunt
|cant|p2a: Gengar|move: Taunt|Pain Split
|
|turn|31
|
|switch|p2a: Tyranitar|Tyranitar, F|403\/403
|-weather|Sandstorm
|move|p1a: Aerodactyl|Rock Slide|p2a: Tyranitar
|-damage|p2a: Tyranitar|328\/403
|
|-weather|Sandstorm|[upkeep]
|turn|32
|
|move|p1a: Aerodactyl|Roost|p1a: Aerodactyl
|-heal|p1a: Aerodactyl|334\/364
|move|p2a: Tyranitar|Earthquake|p1a: Aerodactyl
|-supereffective|p1a: Aerodactyl
|-damage|p1a: Aerodactyl|112\/364
|
|-weather|Sandstorm|[upkeep]
|turn|33
|
|move|p1a: Aerodactyl|Roost|p1a: Aerodactyl
|-heal|p1a: Aerodactyl|294\/364
|move|p2a: Tyranitar|Crunch|p1a: Aerodactyl
|-damage|p1a: Aerodactyl|146\/364
|
|-weather|Sandstorm|[upkeep]
|turn|34
|
|switch|p1a: Keldeo-Resolute|Keldeo-Resolute|323\/323
|move|p2a: Tyranitar|Crunch|p1a: Keldeo-Resolute
|-resisted|p1a: Keldeo-Resolute
|-damage|p1a: Keldeo-Resolute|258\/323
|-boost|p1a: Keldeo-Resolute|atk|1|[from] ability: Justified
|
|-weather|Sandstorm|[upkeep]
|-damage|p1a: Keldeo-Resolute|238\/323|[from] sandstorm
|-heal|p1a: Keldeo-Resolute|258\/323|[from] item: Leftovers
|turn|35
|
|switch|p2a: Gengar|Gengar, M, shiny|57\/261
|move|p1a: Keldeo-Resolute|Scald|p2a: Gengar
|-damage|p2a: Gengar|0 fnt
|faint|p2a: Gengar
|
|-weather|Sandstorm|[upkeep]
|-damage|p1a: Keldeo-Resolute|238\/323|[from] sandstorm
|-heal|p1a: Keldeo-Resolute|258\/323|[from] item: Leftovers
|
|switch|p2a: Breloom|Breloom, F|255\/271
|turn|36
|
|switch|p1a: Amoonguss|Amoonguss, M|366\/432
|move|p2a: Breloom|Bullet Seed|p1a: Amoonguss
|-resisted|p1a: Amoonguss
|-damage|p1a: Amoonguss|335\/432
|-resisted|p1a: Amoonguss
|-damage|p1a: Amoonguss|301\/432
|-resisted|p1a: Amoonguss
|-damage|p1a: Amoonguss|271\/432
|-resisted|p1a: Amoonguss
|-damage|p1a: Amoonguss|242\/432
|-hitcount|p1a: Amoonguss|4
|-damage|p2a: Breloom|228\/271|[from] item: Life Orb
|
|-weather|Sandstorm|[upkeep]
|-damage|p2a: Breloom|212\/271|[from] sandstorm
|-damage|p1a: Amoonguss|215\/432|[from] sandstorm
|-heal|p1a: Amoonguss|242\/432|[from] item: Black Sludge
|turn|37
|
|switch|p2a: Tyranitar|Tyranitar, F|328\/403
|move|p1a: Amoonguss|Spore|p2a: Tyranitar
|-status|p2a: Tyranitar|slp
|
|-weather|Sandstorm|[upkeep]
|-damage|p1a: Amoonguss|215\/432|[from] sandstorm
|-heal|p1a: Amoonguss|242\/432|[from] item: Black Sludge
|turn|38
|
|switch|p2a: Greninja|Greninja, F|308\/308
|switch|p1a: Keldeo-Resolute|Keldeo-Resolute|258\/323
|
|-weather|none
|-heal|p1a: Keldeo-Resolute|278\/323|[from] item: Leftovers
|turn|39
|
|switch|p1a: Chansey|Chansey, F|704\/704
|move|p2a: Greninja|Extrasensory|p1a: Chansey
|-start|p2a: Greninja|typechange|Psychic|[from] Protean
|-damage|p1a: Chansey|597\/704
|-damage|p2a: Greninja|278\/308|[from] item: Life Orb
|
|turn|40
|
|switch|p2a: Tyranitar|Tyranitar, F|328\/403 slp
|-weather|Sandstorm
|move|p1a: Chansey|Toxic|p2a: Tyranitar
|-fail|p2a: Tyranitar
|
|-weather|Sandstorm|[upkeep]
|-damage|p1a: Chansey|553\/704|[from] sandstorm
|turn|41
|
|switch|p2a: Excadrill|Excadrill, M|361\/361
|move|p1a: Chansey|Seismic Toss|p2a: Excadrill
|-damage|p2a: Excadrill|261\/361
|
|-weather|Sandstorm|[upkeep]
|-damage|p1a: Chansey|509\/704|[from] sandstorm
|turn|42
|
|switch|p1a: Cofagrigus|Cofagrigus, M|299\/319
|move|p2a: Excadrill|Iron Head|p1a: Cofagrigus
|-damage|p1a: Cofagrigus|153\/319
|-endability|p2a: Excadrill|sandrush|[from] Mummy
|-ability|p2a: Excadrill|Mummy|[from] Mummy
|-damage|p2a: Excadrill|225\/361|[from] item: Life Orb
|
|-weather|Sandstorm|[upkeep]
|-damage|p1a: Cofagrigus|134\/319|[from] sandstorm
|-heal|p1a: Cofagrigus|153\/319|[from] item: Leftovers
|turn|43
|
|switch|p1a: Amoonguss|Amoonguss, M|386\/432
|move|p2a: Excadrill|Earthquake|p1a: Amoonguss
|-damage|p1a: Amoonguss|38\/432
|-damage|p2a: Excadrill|189\/361|[from] item: Life Orb
|
|-weather|Sandstorm|[upkeep]
|-damage|p1a: Amoonguss|11\/432|[from] sandstorm
|-heal|p1a: Amoonguss|38\/432|[from] item: Black Sludge
|turn|44
|
|switch|p1a: Aerodactyl|Aerodactyl-Mega, F|146\/364
|move|p2a: Excadrill|Iron Head|p1a: Aerodactyl
|-supereffective|p1a: Aerodactyl
|-damage|p1a: Aerodactyl|0 fnt
|-damage|p2a: Excadrill|153\/361|[from] item: Life Orb
|faint|p1a: Aerodactyl
|
|-weather|Sandstorm|[upkeep]
|
|switch|p1a: Keldeo-Resolute|Keldeo-Resolute|278\/323
|turn|45
|
|switch|p2a: Scizor|Scizor, M|343\/343
|move|p1a: Keldeo-Resolute|Secret Sword|p2a: Scizor
|-damage|p2a: Scizor|180\/343
|
|-weather|Sandstorm|[upkeep]
|-damage|p1a: Keldeo-Resolute|258\/323|[from] sandstorm
|-heal|p1a: Keldeo-Resolute|278\/323|[from] item: Leftovers
|turn|46
|
|detailschange|p2a: Scizor|Scizor-Mega, M
|message|Scizor has Mega Evolved into Mega Scizor!
|move|p1a: Keldeo-Resolute|Scald|p2a: Scizor
|-damage|p2a: Scizor|71\/343
|-status|p2a: Scizor|brn
|move|p2a: Scizor|Roost|p2a: Scizor
|-heal|p2a: Scizor|243\/343 brn
|
|-weather|Sandstorm|[upkeep]
|-damage|p1a: Keldeo-Resolute|258\/323|[from] sandstorm
|-heal|p1a: Keldeo-Resolute|278\/323|[from] item: Leftovers
|-damage|p2a: Scizor|201\/343 brn|[from] brn
|turn|47
|
|switch|p1a: Cofagrigus|Cofagrigus, M|153\/319
|move|p2a: Scizor|Roost|p2a: Scizor
|-heal|p2a: Scizor|343\/343 brn
|
|-weather|none
|-heal|p1a: Cofagrigus|172\/319|[from] item: Leftovers
|-damage|p2a: Scizor|301\/343 brn|[from] brn
|turn|48
|
|move|p2a: Scizor|Knock Off|p1a: Cofagrigus
|-supereffective|p1a: Cofagrigus
|-damage|p1a: Cofagrigus|94\/319
|-endability|p2a: Scizor|technician|[from] Mummy
|-ability|p2a: Scizor|Mummy|[from] Mummy
|-enditem|p1a: Cofagrigus|Leftovers|[from] move: Knock Off|[of] p2a: Scizor
|move|p1a: Cofagrigus|Toxic Spikes|p2a: Scizor
|-sidestart|p2: Aragorn1398|move: Toxic Spikes
|
|-damage|p2a: Scizor|259\/343 brn|[from] brn
|turn|49
|
|switch|p2a: Tyranitar|Tyranitar, F|328\/403 slp
|-weather|Sandstorm
|move|p1a: Cofagrigus|Rest|p1a: Cofagrigus
|-status|p1a: Cofagrigus|slp
|-heal|p1a: Cofagrigus|319\/319 slp|[silent]
|-status|p1a: Cofagrigus|slp|[from] move: Rest
|
|-weather|Sandstorm|[upkeep]
|-damage|p1a: Cofagrigus|300\/319 slp|[from] sandstorm
|turn|50
|
|switch|p1a: Hippowdon|Hippowdon, F|194\/420
|cant|p2a: Tyranitar|slp
|
|-weather|Sandstorm|[upkeep]
|-heal|p1a: Hippowdon|220\/420|[from] item: Leftovers
|turn|51
|
|switch|p2a: Scizor|Scizor-Mega, M|259\/343 brn
|move|p1a: Hippowdon|Slack Off|p1a: Hippowdon
|-heal|p1a: Hippowdon|420\/420
|
|-weather|Sandstorm|[upkeep]
|-damage|p2a: Scizor|217\/343 brn|[from] brn
|turn|52
|
|move|p2a: Scizor|Roost|p2a: Scizor
|-heal|p2a: Scizor|343\/343 brn
|move|p1a: Hippowdon|Stealth Rock|p2a: Scizor
|-sidestart|p2: Aragorn1398|move: Stealth Rock
|
|-weather|Sandstorm|[upkeep]
|-damage|p2a: Scizor|301\/343 brn|[from] brn
|turn|53
|
|switch|p1a: Keldeo-Resolute|Keldeo-Resolute|278\/323
|move|p2a: Scizor|Knock Off|p1a: Keldeo-Resolute
|-resisted|p1a: Keldeo-Resolute
|-damage|p1a: Keldeo-Resolute|248\/323
|-boost|p1a: Keldeo-Resolute|atk|1|[from] ability: Justified
|-enditem|p1a: Keldeo-Resolute|Leftovers|[from] move: Knock Off|[of] p2a: Scizor
|
|-weather|Sandstorm|[upkeep]
|-damage|p1a: Keldeo-Resolute|228\/323|[from] sandstorm
|-damage|p2a: Scizor|259\/343 brn|[from] brn
|turn|54
|
|move|p1a: Keldeo-Resolute|Taunt|p2a: Scizor
|-start|p2a: Scizor|move: Taunt
|cant|p2a: Scizor|move: Taunt|Roost
|
|-weather|Sandstorm|[upkeep]
|-damage|p1a: Keldeo-Resolute|208\/323|[from] sandstorm
|-damage|p2a: Scizor|217\/343 brn|[from] brn
|turn|55
|
|move|p2a: Scizor|Bullet Punch|p1a: Keldeo-Resolute
|-resisted|p1a: Keldeo-Resolute
|-damage|p1a: Keldeo-Resolute|176\/323
|move|p1a: Keldeo-Resolute|Secret Sword|p2a: Scizor
|-damage|p2a: Scizor|99\/343 brn
|
|-weather|Sandstorm|[upkeep]
|-damage|p1a: Keldeo-Resolute|156\/323|[from] sandstorm
|-damage|p2a: Scizor|57\/343 brn|[from] brn
|turn|56
|
|move|p2a: Scizor|Bullet Punch|p1a: Keldeo-Resolute
|-resisted|p1a: Keldeo-Resolute
|-damage|p1a: Keldeo-Resolute|129\/323
|move|p1a: Keldeo-Resolute|Secret Sword|p2a: Scizor
|-crit|p2a: Scizor
|-damage|p2a: Scizor|0 fnt
|faint|p2a: Scizor
|
|-weather|none
|
|switch|p2a: Tyranitar|Tyranitar, F|328\/403 slp
|-damage|p2a: Tyranitar|278\/403 slp|[from] Stealth Rock
|-weather|Sandstorm
|turn|57
|
|switch|p2a: Breloom|Breloom, F|212\/271
|-status|p2a: Breloom|psn
|-damage|p2a: Breloom|196\/271 psn|[from] Stealth Rock
|move|p1a: Keldeo-Resolute|Secret Sword|p2a: Breloom
|-damage|p2a: Breloom|22\/271 psn
|
|-weather|Sandstorm|[upkeep]
|-damage|p1a: Keldeo-Resolute|109\/323|[from] sandstorm
|-damage|p2a: Breloom|6\/271 psn|[from] sandstorm
|-damage|p2a: Breloom|0 fnt|[from] psn
|faint|p2a: Breloom
|
|switch|p2a: Excadrill|Excadrill, M|153\/361
|-damage|p2a: Excadrill|142\/361|[from] Stealth Rock
|turn|58
|
|switch|p1a: Cofagrigus|Cofagrigus, M|300\/319 slp
|move|p2a: Excadrill|Earthquake|p1a: Cofagrigus
|-damage|p1a: Cofagrigus|127\/319 slp
|-damage|p2a: Excadrill|106\/361|[from] item: Life Orb
|
|-weather|Sandstorm|[upkeep]
|-damage|p1a: Cofagrigus|108\/319 slp|[from] sandstorm
|turn|59
|
|switch|p1a: Hippowdon|Hippowdon, F|420\/420
|move|p2a: Excadrill|Earthquake|p1a: Hippowdon
|-damage|p1a: Hippowdon|260\/420
|-damage|p2a: Excadrill|70\/361|[from] item: Life Orb
|
|-weather|Sandstorm|[upkeep]
|-heal|p1a: Hippowdon|286\/420|[from] item: Leftovers
|turn|60
|
|move|p2a: Excadrill|Rapid Spin|p1a: Hippowdon
|-damage|p1a: Hippowdon|263\/420
|-sideend|p2: Aragorn1398|Toxic Spikes|[from] move: Rapid Spin|[of] p2a: Excadrill
|-sideend|p2: Aragorn1398|Stealth Rock|[from] move: Rapid Spin|[of] p2a: Excadrill
|-damage|p2a: Excadrill|34\/361|[from] item: Life Orb
|move|p1a: Hippowdon|Slack Off|p1a: Hippowdon
|-heal|p1a: Hippowdon|420\/420
|
|-weather|Sandstorm|[upkeep]
|turn|61
|
|switch|p2a: Tyranitar|Tyranitar, F|278\/403 slp
|move|p1a: Hippowdon|Stealth Rock|p2a: Tyranitar
|-sidestart|p2: Aragorn1398|move: Stealth Rock
|
|-weather|Sandstorm|[upkeep]
|turn|62
|
|cant|p2a: Tyranitar|slp
|move|p1a: Hippowdon|Rock Slide|p2a: Tyranitar
|-miss|p1a: Hippowdon|p2a: Tyranitar
|
|-weather|Sandstorm|[upkeep]
|turn|63
|
|-curestatus|p2a: Tyranitar|slp
|move|p2a: Tyranitar|Stealth Rock|p1a: Hippowdon
|-sidestart|p1: Flaming Heart|move: Stealth Rock
|move|p1a: Hippowdon|Toxic|p2a: Tyranitar
|-status|p2a: Tyranitar|tox
|
|-weather|Sandstorm|[upkeep]
|-damage|p2a: Tyranitar|253\/403 tox|[from] psn
|turn|64
|
|move|p2a: Tyranitar|Crunch|p1a: Hippowdon
|-damage|p1a: Hippowdon|338\/420
|move|p1a: Hippowdon|Rock Slide|p2a: Tyranitar
|-damage|p2a: Tyranitar|212\/403 tox
|
|-weather|none
|-heal|p1a: Hippowdon|364\/420|[from] item: Leftovers
|-damage|p2a: Tyranitar|162\/403 tox|[from] psn
|turn|65
|
|move|p2a: Tyranitar|Crunch|p1a: Hippowdon
|-damage|p1a: Hippowdon|289\/420
|-unboost|p1a: Hippowdon|def|1
|move|p1a: Hippowdon|Slack Off|p1a: Hippowdon
|-heal|p1a: Hippowdon|420\/420
|
|-damage|p2a: Tyranitar|87\/403 tox|[from] psn
|turn|66
|
|switch|p1a: Keldeo-Resolute|Keldeo-Resolute|109\/323
|-damage|p1a: Keldeo-Resolute|89\/323|[from] Stealth Rock
|move|p2a: Tyranitar|Crunch|p1a: Keldeo-Resolute
|-resisted|p1a: Keldeo-Resolute
|-damage|p1a: Keldeo-Resolute|23\/323
|-boost|p1a: Keldeo-Resolute|atk|1|[from] ability: Justified
|
|-damage|p2a: Tyranitar|0 fnt|[from] psn
|faint|p2a: Tyranitar
|
|switch|p2a: Greninja|Greninja, F|278\/308
|-damage|p2a: Greninja|240\/308|[from] Stealth Rock
|turn|67
|
|move|p2a: Greninja|Extrasensory|p1a: Keldeo-Resolute
|-start|p2a: Greninja|typechange|Psychic|[from] Protean
|-supereffective|p1a: Keldeo-Resolute
|-damage|p1a: Keldeo-Resolute|0 fnt
|-damage|p2a: Greninja|210\/308|[from] item: Life Orb
|faint|p1a: Keldeo-Resolute
|
|
|switch|p1a: Chansey|Chansey, F|509\/704
|-damage|p1a: Chansey|421\/704|[from] Stealth Rock
|turn|68
|
|move|p2a: Greninja|Spikes|p1a: Chansey
|-start|p2a: Greninja|typechange|Ground|[from] Protean
|-sidestart|p1: Flaming Heart|Spikes
|move|p1a: Chansey|Soft-Boiled|p1a: Chansey
|-heal|p1a: Chansey|704\/704
|
|turn|69
|
|move|p2a: Greninja|Spikes|p1a: Chansey
|-sidestart|p1: Flaming Heart|Spikes
|move|p1a: Chansey|Toxic|p2a: Greninja
|-status|p2a: Greninja|tox
|
|-damage|p2a: Greninja|191\/308 tox|[from] psn
|turn|70
|
|move|p2a: Greninja|Spikes|p1a: Chansey
|-sidestart|p1: Flaming Heart|Spikes
|move|p1a: Chansey|Seismic Toss|p2a: Greninja
|-damage|p2a: Greninja|91\/308 tox
|
|-damage|p2a: Greninja|53\/308 tox|[from] psn
|turn|71
|chat|Aragorn1398|gg
|-message|Aragorn1398 forfeited.
|
|win|Flaming Heart
|raw|Ladder updating...
|leave|Aragorn1398
|player|p2
|raw|Flaming Heart's rating: 1390 &rarr; <strong>1410<\/strong><br \/>(+20 for winning)
|raw|Aragorn1398's rating: 1388 &rarr; <strong>1368<\/strong><br \/>(-20 for losing)