|join|poliwurl
|join|Aragorn1398
|player|p1|poliwurl|231
|player|p2|Aragorn1398|52
|gametype|singles
|gen|6
|tier|OU
|rated
|clearpoke
|poke|p1|Gyarados, F
|poke|p1|Persian, F
|poke|p1|Slurpuff, F
|poke|p1|Breloom, M
|poke|p1|Skarmory, M
|poke|p1|Slowking, F
|poke|p2|Metagross, shiny
|poke|p2|Greninja, M, shiny
|poke|p2|Latias, F
|poke|p2|Talonflame, F
|poke|p2|Landorus-Therian, M
|poke|p2|Zapdos, shiny
|rule|Swagger Clause: Swagger is banned
|rule|Baton Pass Clause: Limit one PokÃ©mon knowing Baton Pass
|rule|Sleep Clause Mod: Limit one foe put to sleep
|rule|Species Clause: Limit one of each PokÃ©mon
|rule|OHKO Clause: OHKO moves are banned
|rule|Moody Clause: Moody is banned
|rule|Evasion Moves Clause: Evasion moves are banned
|rule|Endless Battle Clause: Forcing endless battles is banned
|rule|HP Percentage Mod: HP is shown in percentages
|teampreview
|
|start
|switch|p1a: Persian|Persian, F|271\/271
|switch|p2a: Zapdos|Zapdos, shiny|369\/369
|-ability|p2a: Zapdos|Pressure
|turn|1
|
|switch|p2a: Landorus-Therian|Landorus-Therian, M|369\/369
|-ability|p2a: Landorus-Therian|Intimidate|[of] p1a: Persian
|-unboost|p1a: Persian|atk|1
|move|p1a: Persian|U-turn|p2a: Landorus-Therian
|-resisted|p2a: Landorus-Therian
|-damage|p2a: Landorus-Therian|359\/369
|
|switch|p1a: Skarmory|Skarmory, M|334\/334
|
|-heal|p2a: Landorus-Therian|369\/369|[from] item: Leftovers
|turn|2
|
|move|p2a: Landorus-Therian|U-turn|p1a: Skarmory
|-resisted|p1a: Skarmory
|-damage|p1a: Skarmory|323\/334
|-damage|p2a: Landorus-Therian|308\/369|[from] item: Rocky Helmet|[of] p1a: Skarmory
|
|switch|p2a: Zapdos|Zapdos, shiny|369\/369
|-ability|p2a: Zapdos|Pressure
|move|p1a: Skarmory|Stealth Rock|p2a: Zapdos
|-sidestart|p2: Aragorn1398|move: Stealth Rock
|
|turn|3
|
|move|p2a: Zapdos|Defog|p1a: Skarmory
|-unboost|p1a: Skarmory|evasion|1
|-sideend|p2: Aragorn1398|Stealth Rock|[from] move: Defog|[of] p2a: Zapdos
|move|p1a: Skarmory|Whirlwind|p2a: Zapdos
|drag|p2a: Talonflame|Talonflame, F|319\/319
|
|turn|4
|
|move|p2a: Talonflame|Flare Blitz|p1a: Skarmory
|-supereffective|p1a: Skarmory
|-damage|p1a: Skarmory|143\/334
|-damage|p2a: Talonflame|266\/319|[from] item: Rocky Helmet|[of] p1a: Skarmory
|-damage|p2a: Talonflame|207\/319|[from] recoil|[of] p1a: Skarmory
|move|p1a: Skarmory|Brave Bird|p2a: Talonflame
|-damage|p2a: Talonflame|51\/319
|-damage|p1a: Skarmory|92\/334|[from] recoil|[of] p2a: Talonflame
|
|turn|5
|
|move|p2a: Talonflame|Roost|p2a: Talonflame
|-heal|p2a: Talonflame|211\/319
|move|p1a: Skarmory|Stealth Rock|p2a: Talonflame
|-sidestart|p2: Aragorn1398|move: Stealth Rock
|
|turn|6
|
|move|p2a: Talonflame|Flare Blitz|p1a: Skarmory
|-supereffective|p1a: Skarmory
|-damage|p1a: Skarmory|0 fnt
|-damage|p2a: Talonflame|158\/319|[from] item: Rocky Helmet|[of] p1a: Skarmory
|-damage|p2a: Talonflame|128\/319|[from] recoil|[of] p1a: Skarmory
|faint|p1a: Skarmory
|
|
|switch|p1a: Gyarados|Gyarados, F|331\/331
|-ability|p1a: Gyarados|Intimidate|[of] p2a: Talonflame
|-unboost|p2a: Talonflame|atk|1
|turn|7
|
|switch|p2a: Landorus-Therian|Landorus-Therian, M|308\/369
|-damage|p2a: Landorus-Therian|262\/369|[from] Stealth Rock
|-ability|p2a: Landorus-Therian|Intimidate|[of] p1a: Gyarados
|-unboost|p1a: Gyarados|atk|1
|detailschange|p1a: Gyarados|Gyarados-Mega, F
|message|Gyarados has Mega Evolved into Mega Gyarados!
|-ability|p1a: Gyarados|Mold Breaker
|move|p1a: Gyarados|Waterfall|p2a: Landorus-Therian
|-supereffective|p2a: Landorus-Therian
|-damage|p2a: Landorus-Therian|70\/369
|
|-heal|p2a: Landorus-Therian|93\/369|[from] item: Leftovers
|turn|8
|
|move|p1a: Gyarados|Dragon Dance|p1a: Gyarados
|-boost|p1a: Gyarados|atk|1
|-boost|p1a: Gyarados|spe|1
|move|p2a: Landorus-Therian|U-turn|p1a: Gyarados
|-supereffective|p1a: Gyarados
|-damage|p1a: Gyarados|173\/331
|
|switch|p2a: Latias|Latias, F|301\/301
|-damage|p2a: Latias|264\/301|[from] Stealth Rock
|
|turn|9
|
|move|p2a: Latias|Draco Meteor|p1a: Gyarados
|-damage|p1a: Gyarados|8\/331
|-unboost|p2a: Latias|spa|2
|move|p1a: Gyarados|Ice Fang|p2a: Latias
|-supereffective|p2a: Latias
|-damage|p2a: Latias|44\/301
|-status|p2a: Latias|frz
|
|turn|10
|
|cant|p2a: Latias|frz
|move|p1a: Gyarados|Ice Fang|p2a: Latias
|-supereffective|p2a: Latias
|-damage|p2a: Latias|0 fnt
|faint|p2a: Latias
|
|
|switch|p2a: Metagross|Metagross, shiny|301\/301
|-damage|p2a: Metagross|283\/301|[from] Stealth Rock
|turn|11
|
|detailschange|p2a: Metagross|Metagross-Mega, shiny
|message|Metagross has Mega Evolved into Mega Metagross!
|move|p2a: Metagross|Bullet Punch|p1a: Gyarados
|-resisted|p1a: Gyarados
|-damage|p1a: Gyarados|0 fnt
|faint|p1a: Gyarados
|
|
|switch|p1a: Breloom|Breloom, M|262\/262
|turn|12
|
|switch|p2a: Landorus-Therian|Landorus-Therian, M|93\/369
|-damage|p2a: Landorus-Therian|47\/369|[from] Stealth Rock
|-ability|p2a: Landorus-Therian|Intimidate|[of] p1a: Breloom
|-unboost|p1a: Breloom|atk|1
|move|p1a: Breloom|Spore|p2a: Landorus-Therian
|-status|p2a: Landorus-Therian|slp
|
|-heal|p2a: Landorus-Therian|70\/369 slp|[from] item: Leftovers
|turn|13
|
|switch|p1a: Slurpuff|Slurpuff, F|349\/349
|switch|p2a: Zapdos|Zapdos, shiny|369\/369
|-damage|p2a: Zapdos|277\/369|[from] Stealth Rock
|-ability|p2a: Zapdos|Pressure
|
|-heal|p2a: Zapdos|300\/369|[from] item: Leftovers
|turn|14
|
|switch|p1a: Breloom|Breloom, M|262\/262
|move|p2a: Zapdos|Defog|p1a: Breloom
|-unboost|p1a: Breloom|evasion|1
|-sideend|p2: Aragorn1398|Stealth Rock|[from] move: Defog|[of] p2a: Zapdos
|
|-heal|p2a: Zapdos|323\/369|[from] item: Leftovers
|turn|15
|
|move|p1a: Breloom|Rock Tomb|p2a: Zapdos
|-supereffective|p2a: Zapdos
|-damage|p2a: Zapdos|69\/369
|-unboost|p2a: Zapdos|spe|1
|move|p2a: Zapdos|Volt Switch|p1a: Breloom
|-resisted|p1a: Breloom
|-damage|p1a: Breloom|186\/262
|
|switch|p2a: Metagross|Metagross-Mega, shiny|283\/301
|
|turn|16
|
|switch|p1a: Slowking|Slowking, F|394\/394
|move|p2a: Metagross|Meteor Mash|p1a: Slowking
|-resisted|p1a: Slowking
|-damage|p1a: Slowking|263\/394
|
|turn|17
|
|switch|p2a: Zapdos|Zapdos, shiny|69\/369
|-ability|p2a: Zapdos|Pressure
|move|p1a: Slowking|Scald|p2a: Zapdos
|-damage|p2a: Zapdos|0 fnt
|faint|p2a: Zapdos
|
|
|switch|p2a: Greninja|Greninja, M, shiny|286\/286
|turn|18
|
|move|p2a: Greninja|Dark Pulse|p1a: Slowking
|-start|p2a: Greninja|typechange|Dark|[from] Protean
|-crit|p1a: Slowking
|-supereffective|p1a: Slowking
|-damage|p1a: Slowking|29\/394
|-damage|p2a: Greninja|258\/286|[from] item: Life Orb
|move|p1a: Slowking|Scald|p2a: Greninja
|-damage|p2a: Greninja|114\/286
|
|turn|19
|
|move|p2a: Greninja|Dark Pulse|p1a: Slowking
|-supereffective|p1a: Slowking
|-damage|p1a: Slowking|0 fnt
|-damage|p2a: Greninja|86\/286|[from] item: Life Orb
|faint|p1a: Slowking
|
|
|switch|p1a: Slurpuff|Slurpuff, F|349\/349
|turn|20
|
|switch|p1a: Persian|Persian, F|271\/271
|move|p2a: Greninja|Gunk Shot|p1a: Persian
|-start|p2a: Greninja|typechange|Poison|[from] Protean
|-damage|p1a: Persian|0 fnt
|-damage|p2a: Greninja|58\/286|[from] item: Life Orb
|faint|p1a: Persian
|
|
|switch|p1a: Breloom|Breloom, M|186\/262
|turn|21
|
|switch|p2a: Landorus-Therian|Landorus-Therian, M|70\/369 slp
|-ability|p2a: Landorus-Therian|Intimidate|[of] p1a: Breloom
|-unboost|p1a: Breloom|atk|1
|move|p1a: Breloom|Mach Punch|p2a: Landorus-Therian
|-resisted|p2a: Landorus-Therian
|-damage|p2a: Landorus-Therian|44\/369 slp
|
|-heal|p2a: Landorus-Therian|67\/369 slp|[from] item: Leftovers
|turn|22
|
|switch|p1a: Slurpuff|Slurpuff, F|349\/349
|switch|p2a: Talonflame|Talonflame, F|128\/319
|
|turn|23
|
|move|p2a: Talonflame|Brave Bird|p1a: Slurpuff
|-damage|p1a: Slurpuff|154\/349
|-damage|p2a: Talonflame|64\/319|[from] recoil|[of] p1a: Slurpuff
|-enditem|p1a: Slurpuff|Red Card|[of] p2a: Talonflame
|drag|p2a: Landorus-Therian|Landorus-Therian, M|67\/369 slp
|-ability|p2a: Landorus-Therian|Intimidate|[of] p1a: Slurpuff
|-unboost|p1a: Slurpuff|atk|1
|move|p1a: Slurpuff|Cotton Guard|p1a: Slurpuff
|-boost|p1a: Slurpuff|def|3
|
|-heal|p2a: Landorus-Therian|90\/369 slp|[from] item: Leftovers
|turn|24
|
|move|p1a: Slurpuff|Cotton Guard|p1a: Slurpuff
|-boost|p1a: Slurpuff|def|3
|cant|p2a: Landorus-Therian|slp
|
|-heal|p2a: Landorus-Therian|113\/369 slp|[from] item: Leftovers
|turn|25
|
|move|p1a: Slurpuff|Draining Kiss|p2a: Landorus-Therian
|-damage|p2a: Landorus-Therian|23\/369 slp
|-heal|p1a: Slurpuff|222\/349|[from] drain|[of] p2a: Landorus-Therian
|cant|p2a: Landorus-Therian|slp
|
|-heal|p2a: Landorus-Therian|46\/369 slp|[from] item: Leftovers
|turn|26
|
|switch|p2a: Metagross|Metagross-Mega, shiny|283\/301
|move|p1a: Slurpuff|Calm Mind|p1a: Slurpuff
|-boost|p1a: Slurpuff|spa|1
|-boost|p1a: Slurpuff|spd|1
|
|turn|27
|
|move|p1a: Slurpuff|Flamethrower|p2a: Metagross
|-supereffective|p2a: Metagross
|-damage|p2a: Metagross|25\/301
|-status|p2a: Metagross|brn
|move|p2a: Metagross|Meteor Mash|p1a: Slurpuff|[miss]
|-miss|p2a: Metagross|p1a: Slurpuff
|
|-damage|p2a: Metagross|0 fnt|[from] brn
|faint|p2a: Metagross
|
|switch|p2a: Talonflame|Talonflame, F|64\/319
|turn|28
|
|move|p2a: Talonflame|Roost|p2a: Talonflame
|-heal|p2a: Talonflame|224\/319
|move|p1a: Slurpuff|Draining Kiss|p2a: Talonflame
|-resisted|p2a: Talonflame
|-damage|p2a: Talonflame|153\/319
|-heal|p1a: Slurpuff|276\/349|[from] drain|[of] p2a: Talonflame
|
|turn|29
|
|move|p2a: Talonflame|Roost|p2a: Talonflame
|-heal|p2a: Talonflame|313\/319
|move|p1a: Slurpuff|Calm Mind|p1a: Slurpuff
|-boost|p1a: Slurpuff|spa|1
|-boost|p1a: Slurpuff|spd|1
|
|turn|30
|
|move|p1a: Slurpuff|Draining Kiss|p2a: Talonflame
|-resisted|p2a: Talonflame
|-damage|p2a: Talonflame|214\/319
|-heal|p1a: Slurpuff|349\/349|[from] drain|[of] p2a: Talonflame
|move|p2a: Talonflame|Swords Dance|p2a: Talonflame
|-boost|p2a: Talonflame|atk|2
|
|turn|31
|
|move|p1a: Slurpuff|Calm Mind|p1a: Slurpuff
|-boost|p1a: Slurpuff|spa|1
|-boost|p1a: Slurpuff|spd|1
|move|p2a: Talonflame|Swords Dance|p2a: Talonflame
|-boost|p2a: Talonflame|atk|2
|
|turn|32
|
|move|p1a: Slurpuff|Draining Kiss|p2a: Talonflame
|-resisted|p2a: Talonflame
|-damage|p2a: Talonflame|88\/319
|move|p2a: Talonflame|Swords Dance|p2a: Talonflame
|-boost|p2a: Talonflame|atk|2
|
|turn|33
|
|move|p2a: Talonflame|Roost|p2a: Talonflame
|-heal|p2a: Talonflame|248\/319
|move|p1a: Slurpuff|Calm Mind|p1a: Slurpuff
|-boost|p1a: Slurpuff|spa|1
|-boost|p1a: Slurpuff|spd|1
|
|turn|34
|
|move|p2a: Talonflame|Brave Bird|p1a: Slurpuff
|-damage|p1a: Slurpuff|136\/349
|-damage|p2a: Talonflame|178\/319|[from] recoil|[of] p1a: Slurpuff
|move|p1a: Slurpuff|Draining Kiss|p2a: Talonflame
|-resisted|p2a: Talonflame
|-damage|p2a: Talonflame|29\/319
|-heal|p1a: Slurpuff|248\/349|[from] drain|[of] p2a: Talonflame
|
|turn|35
|c|âAragorn1398|gg
|
|move|p2a: Talonflame|Brave Bird|p1a: Slurpuff
|-damage|p1a: Slurpuff|38\/349
|-damage|p2a: Talonflame|0 fnt|[from] recoil|[of] p1a: Slurpuff
|faint|p2a: Talonflame
|move|p1a: Slurpuff|Calm Mind|p1a: Slurpuff
|-boost|p1a: Slurpuff|spa|1
|-boost|p1a: Slurpuff|spd|1
|
|
|switch|p2a: Greninja|Greninja, M, shiny|58\/286
|turn|36
|
|move|p1a: Slurpuff|Draining Kiss|p2a: Greninja
|-supereffective|p2a: Greninja
|-damage|p2a: Greninja|0 fnt
|-heal|p1a: Slurpuff|82\/349|[from] drain|[of] p2a: Greninja
|faint|p2a: Greninja
|
|-message|Aragorn1398 forfeited.
|
|win|poliwurl
|raw|Ladder updating...
|raw|poliwurl's rating: 1422 &rarr; <strong>1440<\/strong><br \/>(+18 for winning)
|raw|Aragorn1398's rating: 1387 &rarr; <strong>1369<\/strong><br \/>(-18 for losing)
|leave|Aragorn1398
|player|p2