|join|Pidobe
|join|Aragorn1398
|player|p1|Pidobe|105
|player|p2|Aragorn1398|52
|gametype|singles
|gen|6
|tier|OU
|rated
|clearpoke
|poke|p1|Landorus, M
|poke|p1|Keldeo-Resolute
|poke|p1|Scizor, M
|poke|p1|Sableye, F
|poke|p1|Thundurus, M
|poke|p1|Tyranitar, M
|poke|p2|Greninja, F, shiny
|poke|p2|Politoed, M
|poke|p2|Swampert, M
|poke|p2|Conkeldurr, M, shiny
|poke|p2|Ferrothorn, M, shiny
|poke|p2|Latias, F
|rule|Swagger Clause: Swagger is banned
|rule|Baton Pass Clause: Limit one PokÃ©mon knowing Baton Pass
|rule|Sleep Clause Mod: Limit one foe put to sleep
|rule|Species Clause: Limit one of each PokÃ©mon
|rule|OHKO Clause: OHKO moves are banned
|rule|Moody Clause: Moody is banned
|rule|Evasion Moves Clause: Evasion moves are banned
|rule|Endless Battle Clause: Forcing endless battles is banned
|rule|HP Percentage Mod: HP is shown in percentages
|teampreview
|
|start
|switch|p1a: Thundurus|Thundurus, M|299\/299
|switch|p2a: Politoed|Politoed, M|384\/384
|-weather|RainDance
|turn|1
|
|switch|p2a: Ferrothorn|Ferrothorn, M, shiny|352\/352
|move|p1a: Thundurus|Volt Switch|p2a: Ferrothorn
|-resisted|p2a: Ferrothorn
|-damage|p2a: Ferrothorn|308\/352
|
|switch|p1a: Sableye|Sableye, F|303\/303
|
|-weather|RainDance|[upkeep]
|turn|2
|
|switch|p2a: Politoed|Politoed, M|384\/384
|detailschange|p1a: Sableye|Sableye-Mega, F
|message|Sableye has Mega Evolved into Mega Sableye!
|move|p1a: Sableye|Will-O-Wisp|p2a: Politoed|[miss]
|-miss|p1a: Sableye|p2a: Politoed
|
|-weather|RainDance|[upkeep]
|turn|3
|
|move|p2a: Politoed|Scald|p1a: Sableye
|-damage|p1a: Sableye|198\/303
|move|p1a: Sableye|Recover|p1a: Sableye
|-heal|p1a: Sableye|303\/303
|
|-weather|RainDance|[upkeep]
|turn|4
|
|move|p2a: Politoed|Scald|p1a: Sableye
|-damage|p1a: Sableye|186\/303
|-status|p1a: Sableye|brn
|move|p1a: Sableye|Will-O-Wisp|p2a: Politoed
|-status|p2a: Politoed|brn
|
|-weather|RainDance|[upkeep]
|-damage|p2a: Politoed|336\/384 brn|[from] brn
|-damage|p1a: Sableye|149\/303 brn|[from] brn
|turn|5
|
|switch|p2a: Greninja|Greninja, F, shiny|285\/285
|move|p1a: Sableye|Recover|p1a: Sableye
|-heal|p1a: Sableye|301\/303 brn
|
|-weather|RainDance|[upkeep]
|-damage|p1a: Sableye|264\/303 brn|[from] brn
|turn|6
|
|switch|p1a: Keldeo-Resolute|Keldeo-Resolute|322\/322
|move|p2a: Greninja|Hydro Pump|p1a: Keldeo-Resolute
|-start|p2a: Greninja|typechange|Water|[from] Protean
|-resisted|p1a: Keldeo-Resolute
|-damage|p1a: Keldeo-Resolute|160\/322
|-damage|p2a: Greninja|257\/285|[from] item: Life Orb
|
|-weather|RainDance|[upkeep]
|-heal|p1a: Keldeo-Resolute|180\/322|[from] item: Leftovers
|turn|7
|
|switch|p1a: Scizor|Scizor, M|344\/344
|move|p2a: Greninja|Gunk Shot|p1a: Scizor
|-start|p2a: Greninja|typechange|Poison|[from] Protean
|-immune|p1a: Scizor|[msg]
|
|-weather|RainDance|[upkeep]
|turn|8
|
|switch|p2a: Ferrothorn|Ferrothorn, M, shiny|308\/352
|move|p1a: Scizor|U-turn|p2a: Ferrothorn
|-damage|p2a: Ferrothorn|239\/352
|-damage|p1a: Scizor|301\/344|[from] ability: Iron Barbs|[of] p2a: Ferrothorn
|-damage|p1a: Scizor|244\/344|[from] item: Rocky Helmet|[of] p2a: Ferrothorn
|
|switch|p1a: Tyranitar|Tyranitar, M|404\/404
|-weather|Sandstorm
|
|-weather|Sandstorm|[upkeep]
|turn|9
|
|switch|p1a: Sableye|Sableye-Mega, F|264\/303 brn
|switch|p2a: Conkeldurr|Conkeldurr, M, shiny|414\/414
|
|-weather|Sandstorm|[upkeep]
|-damage|p2a: Conkeldurr|389\/414|[from] sandstorm
|-damage|p1a: Sableye|246\/303 brn|[from] sandstorm
|-damage|p1a: Sableye|209\/303 brn|[from] brn
|turn|10
|
|move|p2a: Conkeldurr|Knock Off|p1a: Sableye
|-damage|p1a: Sableye|153\/303 brn
|move|p1a: Sableye|Calm Mind|p1a: Sableye
|-boost|p1a: Sableye|spa|1
|-boost|p1a: Sableye|spd|1
|
|-weather|Sandstorm|[upkeep]
|-damage|p2a: Conkeldurr|364\/414|[from] sandstorm
|-damage|p1a: Sableye|135\/303 brn|[from] sandstorm
|-damage|p1a: Sableye|98\/303 brn|[from] brn
|turn|11
|
|switch|p2a: Latias|Latias, F|301\/301
|move|p1a: Sableye|Recover|p1a: Sableye
|-heal|p1a: Sableye|250\/303 brn
|
|-weather|Sandstorm|[upkeep]
|-damage|p2a: Latias|283\/301|[from] sandstorm
|-damage|p1a: Sableye|232\/303 brn|[from] sandstorm
|-damage|p1a: Sableye|195\/303 brn|[from] brn
|turn|12
|
|switch|p1a: Tyranitar|Tyranitar, M|404\/404
|move|p2a: Latias|Draco Meteor|p1a: Tyranitar
|-damage|p1a: Tyranitar|308\/404
|-unboost|p2a: Latias|spa|2
|
|-weather|none
|turn|13
|
|move|p1a: Tyranitar|Pursuit|p2a: Latias|[from]Pursuit
|-supereffective|p2a: Latias
|-damage|p2a: Latias|7\/301
|switch|p2a: Politoed|Politoed, M|336\/384 brn
|-weather|RainDance
|
|-weather|RainDance|[upkeep]
|-damage|p2a: Politoed|288\/384 brn|[from] brn
|turn|14
|
|switch|p1a: Keldeo-Resolute|Keldeo-Resolute|180\/322
|move|p2a: Politoed|Scald|p1a: Keldeo-Resolute
|-resisted|p1a: Keldeo-Resolute
|-damage|p1a: Keldeo-Resolute|108\/322
|-status|p1a: Keldeo-Resolute|brn
|
|-weather|RainDance|[upkeep]
|-heal|p1a: Keldeo-Resolute|128\/322 brn|[from] item: Leftovers
|-damage|p1a: Keldeo-Resolute|88\/322 brn|[from] brn
|-damage|p2a: Politoed|240\/384 brn|[from] brn
|turn|15
|
|switch|p2a: Latias|Latias, F|7\/301
|move|p1a: Keldeo-Resolute|Secret Sword|p2a: Latias
|-resisted|p2a: Latias
|-damage|p2a: Latias|0 fnt
|faint|p2a: Latias
|
|-weather|RainDance|[upkeep]
|-heal|p1a: Keldeo-Resolute|108\/322 brn|[from] item: Leftovers
|-damage|p1a: Keldeo-Resolute|68\/322 brn|[from] brn
|
|switch|p2a: Greninja|Greninja, F, shiny|257\/285
|turn|16
|
|move|p2a: Greninja|Ice Beam|p1a: Keldeo-Resolute
|-start|p2a: Greninja|typechange|Ice|[from] Protean
|-resisted|p1a: Keldeo-Resolute
|-damage|p1a: Keldeo-Resolute|0 fnt
|-damage|p2a: Greninja|229\/285|[from] item: Life Orb
|faint|p1a: Keldeo-Resolute
|
|-weather|RainDance|[upkeep]
|
|switch|p1a: Scizor|Scizor, M|244\/344
|turn|17
|
|switch|p2a: Ferrothorn|Ferrothorn, M, shiny|239\/352
|move|p1a: Scizor|Bullet Punch|p2a: Ferrothorn
|-resisted|p2a: Ferrothorn
|-damage|p2a: Ferrothorn|209\/352
|-damage|p1a: Scizor|201\/344|[from] ability: Iron Barbs|[of] p2a: Ferrothorn
|-damage|p1a: Scizor|144\/344|[from] item: Rocky Helmet|[of] p2a: Ferrothorn
|
|-weather|RainDance|[upkeep]
|-heal|p1a: Scizor|165\/344|[from] item: Leftovers
|turn|18
|
|switch|p1a: Sableye|Sableye-Mega, F|195\/303 brn
|switch|p2a: Greninja|Greninja, F, shiny|229\/285
|
|-weather|RainDance|[upkeep]
|-damage|p1a: Sableye|158\/303 brn|[from] brn
|turn|19
|
|move|p2a: Greninja|Hydro Pump|p1a: Sableye
|-start|p2a: Greninja|typechange|Water|[from] Protean
|-damage|p1a: Sableye|0 fnt
|-damage|p2a: Greninja|201\/285|[from] item: Life Orb
|faint|p1a: Sableye
|
|-weather|RainDance|[upkeep]
|
|switch|p1a: Tyranitar|Tyranitar, M|308\/404
|-weather|Sandstorm
|turn|20
|
|move|p1a: Tyranitar|Pursuit|p2a: Greninja|[from]Pursuit
|-damage|p2a: Greninja|42\/285
|switch|p2a: Ferrothorn|Ferrothorn, M, shiny|209\/352
|
|-weather|Sandstorm|[upkeep]
|turn|21
|
|move|p1a: Tyranitar|Fire Blast|p2a: Ferrothorn
|-supereffective|p2a: Ferrothorn
|-damage|p2a: Ferrothorn|0 fnt
|faint|p2a: Ferrothorn
|
|-weather|Sandstorm|[upkeep]
|
|switch|p2a: Conkeldurr|Conkeldurr, M, shiny|364\/414
|turn|22
|
|switch|p1a: Thundurus|Thundurus, M|299\/299
|move|p2a: Conkeldurr|Knock Off|p1a: Thundurus
|-damage|p1a: Thundurus|106\/299
|-enditem|p1a: Thundurus|Expert Belt|[from] move: Knock Off|[of] p2a: Conkeldurr
|
|-weather|Sandstorm|[upkeep]
|-damage|p1a: Thundurus|88\/299|[from] sandstorm
|-damage|p2a: Conkeldurr|339\/414|[from] sandstorm
|turn|23
|
|move|p1a: Thundurus|Volt Switch|p2a: Conkeldurr
|-damage|p2a: Conkeldurr|222\/414
|
|switch|p1a: Scizor|Scizor, M|165\/344
|move|p2a: Conkeldurr|Knock Off|p1a: Scizor
|-damage|p1a: Scizor|72\/344
|-enditem|p1a: Scizor|Leftovers|[from] move: Knock Off|[of] p2a: Conkeldurr
|
|-weather|Sandstorm|[upkeep]
|-damage|p2a: Conkeldurr|197\/414|[from] sandstorm
|turn|24
|
|move|p2a: Conkeldurr|Mach Punch|p1a: Scizor
|-damage|p1a: Scizor|15\/344
|move|p1a: Scizor|Roost|p1a: Scizor
|-heal|p1a: Scizor|187\/344
|
|-weather|none
|turn|25
|
|move|p1a: Scizor|U-turn|p2a: Conkeldurr
|-resisted|p2a: Conkeldurr
|-damage|p2a: Conkeldurr|140\/414
|
|switch|p1a: Thundurus|Thundurus, M|88\/299
|move|p2a: Conkeldurr|Drain Punch|p1a: Thundurus
|-resisted|p1a: Thundurus
|-damage|p1a: Thundurus|0 fnt
|-heal|p2a: Conkeldurr|184\/414|[from] drain|[of] p1a: Thundurus
|faint|p1a: Thundurus
|
|
|switch|p1a: Scizor|Scizor, M|187\/344
|turn|26
|
|move|p1a: Scizor|Roost|p1a: Scizor
|-heal|p1a: Scizor|344\/344
|move|p2a: Conkeldurr|Drain Punch|p1a: Scizor
|-damage|p1a: Scizor|230\/344
|-heal|p2a: Conkeldurr|241\/414|[from] drain|[of] p1a: Scizor
|
|turn|27
|
|switch|p2a: Swampert|Swampert, M|367\/367
|move|p1a: Scizor|Bullet Punch|p2a: Swampert
|-resisted|p2a: Swampert
|-damage|p2a: Swampert|319\/367
|
|turn|28
|
|detailschange|p2a: Swampert|Swampert-Mega, M
|message|Swampert has Mega Evolved into Mega Swampert!
|move|p2a: Swampert|Waterfall|p1a: Scizor
|-damage|p1a: Scizor|110\/344
|move|p1a: Scizor|U-turn|p2a: Swampert
|-damage|p2a: Swampert|216\/367
|
|switch|p1a: Landorus|Landorus, M|319\/319
|
|turn|29
|
|switch|p2a: Politoed|Politoed, M|240\/384 brn
|-weather|RainDance
|move|p1a: Landorus|Earth Power|p2a: Politoed
|-damage|p2a: Politoed|41\/384 brn
|
|-weather|RainDance|[upkeep]
|-damage|p2a: Politoed|0 fnt|[from] brn
|faint|p2a: Politoed
|
|switch|p2a: Swampert|Swampert-Mega, M|216\/367
|turn|30
|
|switch|p1a: Tyranitar|Tyranitar, M|308\/404
|-weather|Sandstorm
|move|p2a: Swampert|Waterfall|p1a: Tyranitar
|-supereffective|p1a: Tyranitar
|-damage|p1a: Tyranitar|0 fnt
|faint|p1a: Tyranitar
|
|-weather|Sandstorm|[upkeep]
|
|switch|p1a: Landorus|Landorus, M|319\/319
|turn|31
|
|switch|p2a: Conkeldurr|Conkeldurr, M, shiny|241\/414
|move|p1a: Landorus|Earth Power|p2a: Conkeldurr
|-damage|p2a: Conkeldurr|21\/414
|
|-weather|Sandstorm|[upkeep]
|-damage|p2a: Conkeldurr|0 fnt|[from] sandstorm
|faint|p2a: Conkeldurr
|
|switch|p2a: Greninja|Greninja, F, shiny|42\/285
|turn|32
|
|switch|p1a: Scizor|Scizor, M|110\/344
|move|p2a: Greninja|Hydro Pump|p1a: Scizor
|-start|p2a: Greninja|typechange|Water|[from] Protean
|-damage|p1a: Scizor|0 fnt
|-damage|p2a: Greninja|14\/285|[from] item: Life Orb
|faint|p1a: Scizor
|
|-weather|Sandstorm|[upkeep]
|-damage|p2a: Greninja|0 fnt|[from] sandstorm
|faint|p2a: Greninja
|
|switch|p1a: Landorus|Landorus, M|319\/319
|switch|p2a: Swampert|Swampert-Mega, M|216\/367
|turn|33
|
|move|p1a: Landorus|Earth Power|p2a: Swampert
|-damage|p2a: Swampert|0 fnt
|faint|p2a: Swampert
|
|win|Pidobe
|raw|Ladder updating...
|raw|Pidobe's rating: 1419 &rarr; <strong>1439<\/strong><br \/>(+20 for winning)
|raw|Aragorn1398's rating: 1415 &rarr; <strong>1395<\/strong><br \/>(-20 for losing)
|c|âAragorn1398|gg
|leave|Aragorn1398
|player|p2
|c|âPidobe|gg