|join|mrlollipop
|join|maxilla
|player|p1|mrlollipop|101
|player|p2|maxilla|102
|gametype|singles
|gen|6
|tier|OU
|rated
|clearpoke
|poke|p1|Skarmory, F
|poke|p1|Lopunny, M
|poke|p1|Breloom, F
|poke|p1|Azumarill, F
|poke|p1|Bisharp, F
|poke|p1|Gengar, M
|poke|p2|Froslass, F
|poke|p2|Talonflame, M
|poke|p2|Bisharp, M
|poke|p2|Weavile, F
|poke|p2|Thundurus, M
|poke|p2|Diancie
|rule|Swagger Clause: Swagger is banned
|rule|Baton Pass Clause: Limit one PokÃ©mon knowing Baton Pass
|rule|Sleep Clause Mod: Limit one foe put to sleep
|rule|Species Clause: Limit one of each PokÃ©mon
|rule|OHKO Clause: OHKO moves are banned
|rule|Moody Clause: Moody is banned
|rule|Evasion Moves Clause: Evasion moves are banned
|rule|Endless Battle Clause: Forcing endless battles is banned
|rule|HP Percentage Mod: HP is shown in percentages
|teampreview
|
|start
|switch|p1a: Skarmory|Skarmory, F|271\/271
|switch|p2a: Diancie|Diancie|241\/241
|turn|1
|
|switch|p1a: Bisharp|Bisharp, F|271\/271
|detailschange|p2a: Diancie|Diancie-Mega
|-mega|p2a: Diancie|Diancie|Diancite
|move|p2a: Diancie|Protect|p2a: Diancie
|-fail|p2a: Diancie
|
|turn|2
|
|move|p2a: Diancie|Stealth Rock|p1a: Bisharp
|-sidestart|p1: mrlollipop|move: Stealth Rock
|move|p1a: Bisharp|Iron Head|p2a: Diancie
|-supereffective|p2a: Diancie
|-damage|p2a: Diancie|0 fnt
|-damage|p1a: Bisharp|244\/271|[from] item: Life Orb
|faint|p2a: Diancie
|
|
|switch|p2a: Froslass|Froslass, F|281\/281
|turn|3
|
|move|p2a: Froslass|Spikes|p1a: Bisharp
|-sidestart|p1: mrlollipop|Spikes
|move|p1a: Bisharp|Knock Off|p2a: Froslass
|-supereffective|p2a: Froslass
|-enditem|p2a: Froslass|Focus Sash
|-damage|p2a: Froslass|1\/281
|-damage|p1a: Bisharp|217\/271|[from] item: Life Orb
|
|turn|4
|
|move|p2a: Froslass|Destiny Bond|p2a: Froslass
|-singlemove|p2a: Froslass|Destiny Bond
|move|p1a: Bisharp|Swords Dance|p1a: Bisharp
|-boost|p1a: Bisharp|atk|2
|
|turn|5
|
|move|p2a: Froslass|Destiny Bond|p2a: Froslass
|-singlemove|p2a: Froslass|Destiny Bond
|move|p1a: Bisharp|Swords Dance|p1a: Bisharp
|-boost|p1a: Bisharp|atk|2
|
|turn|6
|
|move|p2a: Froslass|Destiny Bond|p2a: Froslass
|-singlemove|p2a: Froslass|Destiny Bond
|move|p1a: Bisharp|Swords Dance|p1a: Bisharp
|-boost|p1a: Bisharp|atk|2
|
|turn|7
|
|move|p2a: Froslass|Destiny Bond|p2a: Froslass
|-singlemove|p2a: Froslass|Destiny Bond
|move|p1a: Bisharp|Swords Dance|p1a: Bisharp
|-fail|p1a: Bisharp
|
|turn|8
|
|move|p2a: Froslass|Taunt|p1a: Bisharp
|-start|p1a: Bisharp|move: Taunt
|cant|p1a: Bisharp|move: Taunt|Swords Dance
|
|turn|9
|
|move|p1a: Bisharp|Sucker Punch|p2a: Froslass
|-fail|p2a: Froslass
|move|p2a: Froslass|Destiny Bond|p2a: Froslass
|-singlemove|p2a: Froslass|Destiny Bond
|
|turn|10
|
|move|p1a: Bisharp|Sucker Punch|p2a: Froslass
|-fail|p2a: Froslass
|move|p2a: Froslass|Spikes|p1a: Bisharp
|-sidestart|p1: mrlollipop|Spikes
|
|-end|p1a: Bisharp|move: Taunt
|turn|11
|
|move|p2a: Froslass|Destiny Bond|p2a: Froslass
|-singlemove|p2a: Froslass|Destiny Bond
|move|p1a: Bisharp|Iron Head|p2a: Froslass
|-supereffective|p2a: Froslass
|-damage|p2a: Froslass|0 fnt
|-damage|p1a: Bisharp|190\/271|[from] item: Life Orb
|faint|p2a: Froslass
|-activate|p2a: Froslass|Destiny Bond
|faint|p1a: Bisharp
|
|c|âmrlollipop|hahahaha
|
|switch|p2a: easy game|Talonflame, M|297\/297
|switch|p1a: Skarmory|Skarmory, F|271\/271
|-damage|p1a: Skarmory|238\/271|[from] Stealth Rock
|turn|12
|
|move|p2a: easy game|Flare Blitz|p1a: Skarmory
|-supereffective|p1a: Skarmory
|-damage|p1a: Skarmory|0 fnt
|-damage|p2a: easy game|218\/297|[from] recoil|[of] p1a: Skarmory
|faint|p1a: Skarmory
|
|c|âmrlollipop|now i lose
|
|switch|p1a: Azumarill|Azumarill, F|358\/358
|-damage|p1a: Azumarill|299\/358|[from] Spikes
|-damage|p1a: Azumarill|255\/358|[from] Stealth Rock
|turn|13
|
|switch|p2a: Bisharp|Bisharp, M|269\/269
|move|p1a: Azumarill|Aqua Jet|p2a: Bisharp
|-damage|p2a: Bisharp|176\/269
|
|turn|14
|
|move|p2a: Bisharp|Iron Head|p1a: Azumarill
|-damage|p1a: Azumarill|59\/358
|-damage|p2a: Bisharp|150\/269|[from] item: Life Orb
|-enditem|p1a: Azumarill|Sitrus Berry|[eat]
|-heal|p1a: Azumarill|148\/358|[from] item: Sitrus Berry
|move|p1a: Azumarill|Play Rough|p2a: Bisharp|[miss]
|-miss|p1a: Azumarill|p2a: Bisharp
|
|turn|15
|
|move|p2a: Bisharp|Iron Head|p1a: Azumarill
|-damage|p1a: Azumarill|0 fnt
|-damage|p2a: Bisharp|124\/269|[from] item: Life Orb
|faint|p1a: Azumarill
|
|
|switch|p1a: Breloom|Breloom, F|261\/261
|-damage|p1a: Breloom|245\/261|[from] Stealth Rock
|-damage|p1a: Breloom|202\/261|[from] Spikes
|turn|16
|
|move|p1a: Breloom|Spore|p2a: Bisharp
|-status|p2a: Bisharp|slp
|cant|p2a: Bisharp|slp
|
|turn|17
|
|switch|p2a: Thundurus|Thundurus, M|299\/299
|move|p1a: Breloom|Rock Tomb|p2a: Thundurus
|-supereffective|p2a: Thundurus
|-damage|p2a: Thundurus|5\/299
|-unboost|p2a: Thundurus|spe|1
|
|turn|18
|
|move|p1a: Breloom|Mach Punch|p2a: Thundurus
|-resisted|p2a: Thundurus
|-damage|p2a: Thundurus|0 fnt
|faint|p2a: Thundurus
|
|
|switch|p2a: easy game|Talonflame, M|218\/297
|turn|19
|
|move|p2a: easy game|Brave Bird|p1a: Breloom
|-supereffective|p1a: Breloom
|-damage|p1a: Breloom|0 fnt
|-damage|p2a: easy game|151\/297|[from] recoil|[of] p1a: Breloom
|faint|p1a: Breloom
|
|
|switch|p1a: Gengar|Gengar, M|261\/261
|-damage|p1a: Gengar|229\/261|[from] Stealth Rock
|turn|20
|
|move|p2a: easy game|Brave Bird|p1a: Gengar
|-damage|p1a: Gengar|0 fnt
|-damage|p2a: easy game|75\/297|[from] recoil|[of] p1a: Gengar
|faint|p1a: Gengar
|
|
|switch|p1a: Lopunny|Lopunny, M|271\/271
|-damage|p1a: Lopunny|226\/271|[from] Spikes
|-damage|p1a: Lopunny|193\/271|[from] Stealth Rock
|turn|21
|
|switch|p2a: Bisharp|Bisharp, M|124\/269 slp
|detailschange|p1a: Lopunny|Lopunny-Mega, M
|-mega|p1a: Lopunny|Lopunny|Lopunnite
|move|p1a: Lopunny|Fake Out|p2a: Bisharp
|-resisted|p2a: Bisharp
|-damage|p2a: Bisharp|90\/269 slp
|
|turn|22
|
|-curestatus|p2a: Bisharp|slp
|move|p2a: Bisharp|Sucker Punch|p1a: Lopunny
|-resisted|p1a: Lopunny
|-damage|p1a: Lopunny|99\/271
|-damage|p2a: Bisharp|64\/269|[from] item: Life Orb
|move|p1a: Lopunny|Return|p2a: Bisharp
|-resisted|p2a: Bisharp
|-damage|p2a: Bisharp|0 fnt
|faint|p2a: Bisharp
|
|
|switch|p2a: easy game|Talonflame, M|75\/297
|turn|23
|
|move|p2a: easy game|Brave Bird|p1a: Lopunny
|-supereffective|p1a: Lopunny
|-damage|p1a: Lopunny|0 fnt
|-damage|p2a: easy game|42\/297|[from] recoil|[of] p1a: Lopunny
|faint|p1a: Lopunny
|
|win|maxilla
|raw|Ladder updating...
|raw|mrlollipop's rating: 1509 &rarr; <strong>1485<\/strong><br \/>(-24 for losing)
|raw|maxilla's rating: 1443 &rarr; <strong>1467<\/strong><br \/>(+24 for winning)