|join|Reverb
|join|maxilla
|player|p1|Reverb|#reverb
|player|p2|maxilla|2
|gametype|singles
|gen|6
|tier|OU
|rated
|clearpoke
|poke|p1|Landorus-Therian, M
|poke|p1|Latias, F
|poke|p1|Heatran, F
|poke|p1|Conkeldurr, F
|poke|p1|Azumarill, M
|poke|p1|Heracross, F
|poke|p2|Diancie
|poke|p2|Cloyster, M
|poke|p2|Breloom, M
|poke|p2|Diggersby, F
|poke|p2|Bisharp, M
|poke|p2|Terrakion
|rule|Swagger Clause: Swagger is banned
|rule|Baton Pass Clause: Limit one PokÃ©mon knowing Baton Pass
|rule|Sleep Clause Mod: Limit one foe put to sleep
|rule|Species Clause: Limit one of each PokÃ©mon
|rule|OHKO Clause: OHKO moves are banned
|rule|Moody Clause: Moody is banned
|rule|Evasion Moves Clause: Evasion moves are banned
|rule|Endless Battle Clause: Forcing endless battles is banned
|rule|HP Percentage Mod: HP is shown in percentages
|teampreview
|join|Numera
|join|Khaliem
|join|asdfCookie
|
|start
|switch|p1a: Heracross|Heracross, F|301\/301
|switch|p2a: Diancie|Diancie|241\/241
|turn|1
|
|detailschange|p1a: Heracross|Heracross-Mega, F
|-mega|p1a: Heracross|Heracross|Heracronite
|detailschange|p2a: Diancie|Diancie-Mega
|-mega|p2a: Diancie|Diancie|Diancite
|move|p2a: Diancie|Protect|p2a: Diancie
|-singleturn|p2a: Diancie|Protect
|move|p1a: Heracross|Close Combat|p2a: Diancie
|-activate|p2a: Diancie|Protect
|
|turn|2
|c| Numera|we're still low enough on the ladder for Cloyster?
|join|QuagGod
|
|switch|p1a: Heatran|Heatran, F|385\/385
|move|p2a: Diancie|Stealth Rock|p1a: Heatran
|-sidestart|p1: Reverb|move: Stealth Rock
|
|turn|3
|join|daftmau5
|c|âmaxilla|cloyster is good
|join|iplaytennislol
|
|switch|p1a: Landorus-Therian|Landorus-Therian, M|319\/319
|-damage|p1a: Landorus-Therian|280\/319|[from] Stealth Rock
|-ability|p1a: Landorus-Therian|Intimidate|[of] p2a: Diancie
|-unboost|p2a: Diancie|atk|1
|move|p2a: Diancie|Earth Power|p1a: Landorus-Therian
|-immune|p1a: Landorus-Therian|[msg]
|
|turn|4
|c| daftmau5|Yeah it's very anti meta
|
|move|p1a: Landorus-Therian|U-turn|p2a: Diancie
|-resisted|p2a: Diancie
|-damage|p2a: Diancie|199\/241
|
|switch|p1a: Heatran|Heatran, F|385\/385
|-damage|p1a: Heatran|337\/385|[from] Stealth Rock
|move|p2a: Diancie|Moonblast|p1a: Heatran
|-resisted|p1a: Heatran
|-damage|p1a: Heatran|289\/385
|
|-heal|p1a: Heatran|313\/385|[from] item: Leftovers
|turn|5
|c| asdfCookie|playz
|join|NC Aerodactyl
|join|Tom Bus
|
|switch|p1a: Landorus-Therian|Landorus-Therian, M|280\/319
|-damage|p1a: Landorus-Therian|241\/319|[from] Stealth Rock
|-ability|p1a: Landorus-Therian|Intimidate|[of] p2a: Diancie
|-unboost|p2a: Diancie|atk|1
|move|p2a: Diancie|Earth Power|p1a: Landorus-Therian
|-immune|p1a: Landorus-Therian|[msg]
|
|turn|6
|join|TheGentlemanGengar
|
|move|p2a: Diancie|Protect|p2a: Diancie
|-singleturn|p2a: Diancie|Protect
|move|p1a: Landorus-Therian|Earthquake|p2a: Diancie
|-activate|p2a: Diancie|Protect
|
|turn|7
|join|Kohnoan
|
|move|p1a: Landorus-Therian|Earthquake|p2a: Diancie
|-supereffective|p2a: Diancie
|-damage|p2a: Diancie|0 fnt
|faint|p2a: Diancie
|
|
|switch|p2a: Cloyster|Cloyster, M|241\/241
|turn|8
|
|switch|p1a: Azumarill|Azumarill, M|341\/341
|-damage|p1a: Azumarill|299\/341|[from] Stealth Rock
|move|p2a: Cloyster|Shell Smash|p2a: Cloyster
|-boost|p2a: Cloyster|atk|2
|-boost|p2a: Cloyster|spa|2
|-boost|p2a: Cloyster|spe|2
|-unboost|p2a: Cloyster|def|1
|-unboost|p2a: Cloyster|spd|1
|
|turn|9
|
|move|p2a: Cloyster|Icicle Spear|p1a: Azumarill
|-resisted|p1a: Azumarill
|-damage|p1a: Azumarill|251\/341
|-resisted|p1a: Azumarill
|-damage|p1a: Azumarill|208\/341
|-resisted|p1a: Azumarill
|-damage|p1a: Azumarill|157\/341
|-resisted|p1a: Azumarill
|-damage|p1a: Azumarill|114\/341
|-resisted|p1a: Azumarill
|-damage|p1a: Azumarill|70\/341
|-hitcount|p1a: Azumarill|5
|move|p1a: Azumarill|Superpower|p2a: Cloyster
|-supereffective|p2a: Cloyster
|-enditem|p2a: Cloyster|Focus Sash
|-damage|p2a: Cloyster|1\/241
|-unboost|p1a: Azumarill|atk|1
|-unboost|p1a: Azumarill|def|1
|
|turn|10
|c| daftmau5|king's rock lgi
|c| QuagGod|:{|}
|c| Numera|LMAO
|c| iplaytennislol|http:\/\/prntscr.com\/5vivzd
|c| iplaytennislol|some hot heatran on lando-t action
|
|move|p2a: Cloyster|Ice Shard|p1a: Azumarill
|-resisted|p1a: Azumarill
|-damage|p1a: Azumarill|0 fnt
|faint|p1a: Azumarill
|
|join|arnelo2012
|
|switch|p1a: Conkeldurr|Conkeldurr, F|364\/364
|-damage|p1a: Conkeldurr|342\/364|[from] Stealth Rock
|turn|11
|
|move|p2a: Cloyster|Ice Shard|p1a: Conkeldurr
|-damage|p1a: Conkeldurr|204\/364
|move|p1a: Conkeldurr|Mach Punch|p2a: Cloyster
|-supereffective|p2a: Cloyster
|-damage|p2a: Cloyster|0 fnt
|faint|p2a: Cloyster
|
|
|switch|p2a: Terrakion|Terrakion|323\/323
|turn|12
|
|move|p1a: Conkeldurr|Mach Punch|p2a: Terrakion
|-supereffective|p2a: Terrakion
|-damage|p2a: Terrakion|155\/323
|move|p2a: Terrakion|Close Combat|p1a: Conkeldurr
|-damage|p1a: Conkeldurr|0 fnt
|-unboost|p2a: Terrakion|def|1
|-unboost|p2a: Terrakion|spd|1
|faint|p1a: Conkeldurr
|
|join|Biz
|
|switch|p1a: Heracross|Heracross-Mega, F|301\/301
|-damage|p1a: Heracross|264\/301|[from] Stealth Rock
|turn|13
|join|Alkov
|
|move|p2a: Terrakion|Stone Edge|p1a: Heracross
|-damage|p1a: Heracross|120\/301
|move|p1a: Heracross|Close Combat|p2a: Terrakion
|-supereffective|p2a: Terrakion
|-damage|p2a: Terrakion|0 fnt
|-unboost|p1a: Heracross|def|1
|-unboost|p1a: Heracross|spd|1
|faint|p2a: Terrakion
|
|leave|Kohnoan
|
|switch|p2a: Breloom|Breloom, M|261\/261
|turn|14
|
|move|p2a: Breloom|Rock Tomb|p1a: Heracross
|-damage|p1a: Heracross|0 fnt
|faint|p1a: Heracross
|
|
|switch|p1a: Latias|Latias, F|364\/364
|-damage|p1a: Latias|319\/364|[from] Stealth Rock
|turn|15
|
|move|p1a: Latias|Psyshock|p2a: Breloom
|-supereffective|p2a: Breloom
|-damage|p2a: Breloom|33\/261
|move|p2a: Breloom|Rock Tomb|p1a: Latias
|-damage|p1a: Latias|239\/364
|-unboost|p1a: Latias|spe|1
|
|-heal|p1a: Latias|261\/364|[from] item: Leftovers
|turn|16
|
|move|p2a: Breloom|Spore|p1a: Latias
|-status|p1a: Latias|slp
|cant|p1a: Latias|slp
|
|-heal|p1a: Latias|283\/364 slp|[from] item: Leftovers
|turn|17
|
|switch|p1a: Landorus-Therian|Landorus-Therian, M|241\/319
|-damage|p1a: Landorus-Therian|202\/319|[from] Stealth Rock
|-ability|p1a: Landorus-Therian|Intimidate|[of] p2a: Breloom
|-unboost|p2a: Breloom|atk|1
|move|p2a: Breloom|Rock Tomb|p1a: Landorus-Therian|[miss]
|-miss|p2a: Breloom|p1a: Landorus-Therian
|
|turn|18
|
|move|p1a: Landorus-Therian|Earthquake|p2a: Breloom
|-resisted|p2a: Breloom
|-damage|p2a: Breloom|0 fnt
|faint|p2a: Breloom
|
|
|switch|p2a: Bisharp|Bisharp, M|271\/271
|turn|19
|
|move|p1a: Landorus-Therian|Earthquake|p2a: Bisharp
|-supereffective|p2a: Bisharp
|-enditem|p2a: Bisharp|Focus Sash
|-damage|p2a: Bisharp|1\/271
|move|p2a: Bisharp|Swords Dance|p2a: Bisharp
|-boost|p2a: Bisharp|atk|2
|
|turn|20
|
|switch|p1a: Heatran|Heatran, F|313\/385
|-damage|p1a: Heatran|265\/385|[from] Stealth Rock
|move|p2a: Bisharp|Sucker Punch|p1a: Heatran
|-fail|p1a: Heatran
|
|-heal|p1a: Heatran|289\/385|[from] item: Leftovers
|turn|21
|join|SilverReaper21
|join|etaoi
|
|move|p1a: Heatran|Lava Plume|p2a: Bisharp
|-supereffective|p2a: Bisharp
|-damage|p2a: Bisharp|0 fnt
|faint|p2a: Bisharp
|
|-heal|p1a: Heatran|313\/385|[from] item: Leftovers
|
|switch|p2a: Diggersby|Diggersby, F|311\/311
|turn|22
|
|move|p2a: Diggersby|Swords Dance|p2a: Diggersby
|-boost|p2a: Diggersby|atk|2
|move|p1a: Heatran|Lava Plume|p2a: Diggersby
|-damage|p2a: Diggersby|170\/311
|
|-heal|p1a: Heatran|337\/385|[from] item: Leftovers
|turn|23
|c| iplaytennislol|SD again
|c| Biz|gotta be shittin me
|
|move|p2a: Diggersby|Earthquake|p1a: Heatran
|-supereffective|p1a: Heatran
|-damage|p1a: Heatran|0 fnt
|faint|p1a: Heatran
|
|c| iplaytennislol|if massive
|c| iplaytennislol|nope
|
|switch|p1a: Landorus-Therian|Landorus-Therian, M|202\/319
|-damage|p1a: Landorus-Therian|163\/319|[from] Stealth Rock
|-ability|p1a: Landorus-Therian|Intimidate|[of] p2a: Diggersby
|-unboost|p2a: Diggersby|atk|1
|turn|24
|c| Biz|is this sash spam?
|
|move|p1a: Landorus-Therian|Earthquake|p2a: Diggersby
|-damage|p2a: Diggersby|0 fnt
|faint|p2a: Diggersby
|
|win|Reverb
|raw|Ladder updating...
|raw|Reverb's rating: 1755 &rarr; <strong>1776<\/strong><br \/>(+21 for winning)
|raw|maxilla's rating: 1769 &rarr; <strong>1748<\/strong><br \/>(-21 for losing)
|c| daftmau5|silk scarf qa
|c| daftmau5|aw
|c| Tom Bus|I think it might be, Biz
|leave|iplaytennislol
|c| TheGentlemanGengar|lulz
|leave|asdfCookie
|c|âReverb|gg
|leave|maxilla
|player|p2
|leave|Reverb
|player|p1
|leave|Numera
|leave|Tom Bus
|leave|TheGentlemanGengar
|join|LarryBusJr
|leave|NC Aerodactyl
|leave|SilverReaper21
|leave|Biz