|join|lil manaphy
|join|maxilla
|player|p1|lil manaphy|272
|player|p2|maxilla|170
|gametype|singles
|gen|6
|tier|OU
|rated
|clearpoke
|poke|p1|Lopunny, F
|poke|p1|Manaphy
|poke|p1|Scizor, M
|poke|p1|Celebi
|poke|p1|Heatran, M
|poke|p1|Mandibuzz, F
|poke|p2|Skarmory, M
|poke|p2|Quagsire, F
|poke|p2|Venusaur, F
|poke|p2|Heatran, M
|poke|p2|Clefable, M
|poke|p2|Chansey, F
|rule|Swagger Clause: Swagger is banned
|rule|Baton Pass Clause: Limit one PokÃ©mon knowing Baton Pass
|rule|Sleep Clause Mod: Limit one foe put to sleep
|rule|Species Clause: Limit one of each PokÃ©mon
|rule|OHKO Clause: OHKO moves are banned
|rule|Moody Clause: Moody is banned
|rule|Evasion Moves Clause: Evasion moves are banned
|rule|Endless Battle Clause: Forcing endless battles is banned
|rule|HP Percentage Mod: HP is shown in percentages
|teampreview
|
|start
|switch|p1a: still bigger than|Manaphy|341\/341
|switch|p2a: Skarmory|Skarmory, M|334\/334
|turn|1
|
|move|p1a: still bigger than|Scald|p2a: Skarmory
|-crit|p2a: Skarmory
|-damage|p2a: Skarmory|66\/334
|move|p2a: Skarmory|Stealth Rock|p1a: still bigger than
|-sidestart|p1: lil manaphy|move: Stealth Rock
|
|-heal|p2a: Skarmory|86\/334|[from] item: Leftovers
|turn|2
|
|switch|p2a: Clefable|Clefable, M|394\/394
|move|p1a: still bigger than|Scald|p2a: Clefable
|-damage|p2a: Clefable|264\/394
|
|-heal|p2a: Clefable|288\/394|[from] item: Leftovers
|turn|3
|
|switch|p1a: bean curd puff|Heatran, M|386\/386
|-damage|p1a: bean curd puff|338\/386|[from] Stealth Rock
|move|p2a: Clefable|Moonblast|p1a: bean curd puff
|-resisted|p1a: bean curd puff
|-damage|p1a: bean curd puff|321\/386
|
|-heal|p1a: bean curd puff|345\/386|[from] item: Leftovers
|-heal|p2a: Clefable|312\/394|[from] item: Leftovers
|turn|4
|
|switch|p2a: Quagsire|Quagsire, F|394\/394
|move|p1a: bean curd puff|Stealth Rock|p2a: Quagsire
|-sidestart|p2: maxilla|move: Stealth Rock
|
|-heal|p1a: bean curd puff|369\/386|[from] item: Leftovers
|turn|5
|
|switch|p1a: just my onion|Celebi|404\/404
|-damage|p1a: just my onion|354\/404|[from] Stealth Rock
|move|p2a: Quagsire|Scald|p1a: just my onion
|-resisted|p1a: just my onion
|-damage|p1a: just my onion|329\/404
|-status|p1a: just my onion|brn
|
|-heal|p1a: just my onion|354\/404 brn|[from] item: Leftovers
|-damage|p1a: just my onion|304\/404 brn|[from] brn
|turn|6
|
|switch|p2a: Skarmory|Skarmory, M|86\/334
|-damage|p2a: Skarmory|45\/334|[from] Stealth Rock
|move|p1a: just my onion|Baton Pass|p1a: just my onion
|
|switch|p1a: business|Scizor, M|343\/343
|-damage|p1a: business|301\/343|[from] Stealth Rock
|
|-heal|p2a: Skarmory|65\/334|[from] item: Leftovers
|turn|7
|
|move|p2a: Skarmory|Roost|p2a: Skarmory
|-heal|p2a: Skarmory|232\/334
|move|p1a: business|Pursuit|p2a: Skarmory
|-damage|p2a: Skarmory|165\/334
|
|-heal|p2a: Skarmory|185\/334|[from] item: Leftovers
|turn|8
|
|switch|p1a: still bigger than|Manaphy|341\/341
|-damage|p1a: still bigger than|299\/341|[from] Stealth Rock
|move|p2a: Skarmory|Roost|p2a: Skarmory
|-heal|p2a: Skarmory|334\/334
|
|-heal|p1a: still bigger than|320\/341|[from] item: Leftovers
|turn|9
|
|switch|p2a: Clefable|Clefable, M|312\/394
|-damage|p2a: Clefable|263\/394|[from] Stealth Rock
|move|p1a: still bigger than|Tail Glow|p1a: still bigger than
|-boost|p1a: still bigger than|spa|3
|
|-heal|p1a: still bigger than|341\/341|[from] item: Leftovers
|-heal|p2a: Clefable|287\/394|[from] item: Leftovers
|turn|10
|
|move|p1a: still bigger than|Rain Dance|p1a: still bigger than
|-weather|RainDance
|move|p2a: Clefable|Wish|p2a: Clefable
|
|-weather|RainDance|[upkeep]
|-heal|p2a: Clefable|311\/394|[from] item: Leftovers
|turn|11
|
|move|p1a: still bigger than|Scald|p2a: Clefable
|-damage|p2a: Clefable|86\/394
|-status|p2a: Clefable|brn
|move|p2a: Clefable|Moonblast|p1a: still bigger than
|-damage|p1a: still bigger than|241\/341
|
|-weather|RainDance|[upkeep]
|-heal|p2a: Clefable|283\/394 brn|[from] move: Wish|[wisher] Clefable
|-heal|p1a: still bigger than|262\/341|[from] item: Leftovers
|-heal|p2a: Clefable|307\/394 brn|[from] item: Leftovers
|-damage|p2a: Clefable|258\/394 brn|[from] brn
|turn|12
|
|switch|p2a: Venusaur|Venusaur, F|364\/364
|-damage|p2a: Venusaur|319\/364|[from] Stealth Rock
|move|p1a: still bigger than|Scald|p2a: Venusaur
|-resisted|p2a: Venusaur
|-damage|p2a: Venusaur|85\/364
|
|-weather|RainDance|[upkeep]
|-heal|p1a: still bigger than|283\/341|[from] item: Leftovers
|turn|13
|-message|maxilla forfeited.
|
|win|lil manaphy
|raw|Ladder updating...
|leave|maxilla
|player|p2