|join|Teeny Victory
|join|Don't Get Swept
|player|p1|Teeny Victory|29
|player|p2|Don't Get Swept|293
|gametype|singles
|gen|6
|tier|OU
|rated
|clearpoke
|poke|p1|Tornadus-Therian, M
|poke|p1|Garchomp, F
|poke|p1|Azumarill, M, shiny
|poke|p1|Manectric, F
|poke|p1|Latios, M
|poke|p1|Scizor, M, shiny
|poke|p2|Diancie
|poke|p2|Skarmory, M
|poke|p2|Landorus-Therian, M
|poke|p2|Crawdaunt, M
|poke|p2|Heatran, F
|poke|p2|Jirachi
|rule|Swagger Clause: Swagger is banned
|rule|Baton Pass Clause: Limit one PokÃ©mon knowing Baton Pass
|rule|Sleep Clause Mod: Limit one foe put to sleep
|rule|Species Clause: Limit one of each PokÃ©mon
|rule|OHKO Clause: OHKO moves are banned
|rule|Moody Clause: Moody is banned
|rule|Evasion Moves Clause: Evasion moves are banned
|rule|Endless Battle Clause: Forcing endless battles is banned
|rule|HP Percentage Mod: HP is shown in percentages
|teampreview
|
|start
|switch|p1a: Hugh J. Power|Azumarill, M, shiny|381\/381
|switch|p2a: Diancie|Diancie|241\/241
|turn|1
|
|detailschange|p2a: Diancie|Diancie-Mega
|-mega|p2a: Diancie|Diancie|Diancite
|move|p2a: Diancie|Protect|p2a: Diancie
|-singleturn|p2a: Diancie|Protect
|move|p1a: Hugh J. Power|Waterfall|p2a: Diancie
|-activate|p2a: Diancie|Protect
|
|turn|2
|
|switch|p2a: Skarmory|Skarmory, M|334\/334
|move|p1a: Hugh J. Power|Waterfall|p2a: Skarmory
|-damage|p2a: Skarmory|180\/334
|
|-heal|p2a: Skarmory|200\/334|[from] item: Leftovers
|turn|3
|
|switch|p1a: Moh Mentum|Manectric, F|281\/281
|move|p2a: Skarmory|Roost|p2a: Skarmory
|-heal|p2a: Skarmory|334\/334
|
|turn|4
|c|âDon't Get Swept|that
|c|âDon't Get Swept|is
|c|âDon't Get Swept|cb
|c|âTeeny Victory|;)
|
|switch|p2a: Jirachi|Jirachi|397\/397
|detailschange|p1a: Moh Mentum|Manectric-Mega, F
|-mega|p1a: Moh Mentum|Manectric|Manectite
|-ability|p1a: Moh Mentum|Intimidate|[of] p2a: Jirachi
|-unboost|p2a: Jirachi|atk|1
|move|p1a: Moh Mentum|Volt Switch|p2a: Jirachi
|-damage|p2a: Jirachi|304\/397
|
|switch|p1a: Gary Chompers|Garchomp, F|381\/381
|
|-heal|p2a: Jirachi|328\/397|[from] item: Leftovers
|turn|5
|
|switch|p1a: Moh Mentum|Manectric-Mega, F|281\/281
|-ability|p1a: Moh Mentum|Intimidate|[of] p2a: Jirachi
|-unboost|p2a: Jirachi|atk|1
|switch|p2a: Diancie|Diancie-Mega|241\/241
|
|turn|6
|
|switch|p2a: Landorus-Therian|Landorus-Therian, M|320\/320
|-ability|p2a: Landorus-Therian|Intimidate|[of] p1a: Moh Mentum
|-unboost|p1a: Moh Mentum|atk|1
|move|p1a: Moh Mentum|Volt Switch|p2a: Landorus-Therian
|-immune|p2a: Landorus-Therian|[msg]
|
|turn|7
|
|switch|p2a: Heatran|Heatran, F|386\/386
|switch|p1a: Terry N. Adus|Tornadus-Therian, M|299\/299
|
|turn|8
|
|move|p1a: Terry N. Adus|Taunt|p2a: Heatran
|-start|p2a: Heatran|move: Taunt
|cant|p2a: Heatran|move: Taunt|Stealth Rock
|
|turn|9
|
|switch|p2a: Skarmory|Skarmory, M|334\/334
|move|p1a: Terry N. Adus|Superpower|p2a: Skarmory
|-damage|p2a: Skarmory|253\/334
|-unboost|p1a: Terry N. Adus|atk|1
|-unboost|p1a: Terry N. Adus|def|1
|-damage|p1a: Terry N. Adus|270\/299|[from] item: Life Orb
|
|-heal|p2a: Skarmory|273\/334|[from] item: Leftovers
|turn|10
|c|âDon't Get Swept|your team is fast as shit.
|c|âTeeny Victory|mmhhmm
|
|move|p1a: Terry N. Adus|Taunt|p2a: Skarmory
|-start|p2a: Skarmory|move: Taunt
|cant|p2a: Skarmory|move: Taunt|Spikes
|
|-heal|p2a: Skarmory|293\/334|[from] item: Leftovers
|turn|11
|
|move|p1a: Terry N. Adus|Hurricane|p2a: Skarmory
|-resisted|p2a: Skarmory
|-damage|p2a: Skarmory|158\/334
|-start|p2a: Skarmory|confusion
|-damage|p1a: Terry N. Adus|241\/299|[from] item: Life Orb
|-activate|p2a: Skarmory|confusion
|-damage|p2a: Skarmory|141\/334|[from] confusion
|
|-heal|p2a: Skarmory|161\/334|[from] item: Leftovers
|turn|12
|
|switch|p2a: Jirachi|Jirachi|328\/397
|move|p1a: Terry N. Adus|U-turn|p2a: Jirachi
|-damage|p2a: Jirachi|275\/397
|-damage|p1a: Terry N. Adus|212\/299|[from] item: Life Orb
|
|switch|p1a: Billy T. Punch|Scizor, M, shiny|331\/331
|
|-heal|p2a: Jirachi|299\/397|[from] item: Leftovers
|turn|13
|
|move|p2a: Jirachi|Wish|p2a: Jirachi
|move|p1a: Billy T. Punch|Pursuit|p2a: Jirachi
|-supereffective|p2a: Jirachi
|-damage|p2a: Jirachi|67\/397
|
|-heal|p2a: Jirachi|91\/397|[from] item: Leftovers
|turn|14
|
|move|p2a: Jirachi|Iron Head|p1a: Billy T. Punch
|-resisted|p1a: Billy T. Punch
|-damage|p1a: Billy T. Punch|282\/331
|cant|p1a: Billy T. Punch|flinch
|
|-heal|p2a: Jirachi|289\/397|[from] move: Wish|[wisher] Jirachi
|-heal|p2a: Jirachi|313\/397|[from] item: Leftovers
|turn|15
|
|move|p2a: Jirachi|Wish|p2a: Jirachi
|move|p1a: Billy T. Punch|Pursuit|p2a: Jirachi
|-supereffective|p2a: Jirachi
|-damage|p2a: Jirachi|87\/397
|
|-heal|p2a: Jirachi|111\/397|[from] item: Leftovers
|turn|16
|c|âTeeny Victory|cmon billy
|c|âTeeny Victory|pull thru
|
|move|p1a: Billy T. Punch|Pursuit|p2a: Jirachi
|-supereffective|p2a: Jirachi
|-damage|p2a: Jirachi|0 fnt
|faint|p2a: Jirachi
|
|
|switch|p2a: Heatran|Heatran, F|386\/386
|turn|17
|
|switch|p1a: Hugh J. Power|Azumarill, M, shiny|381\/381
|move|p2a: Heatran|Stealth Rock|p1a: Hugh J. Power
|-sidestart|p1: Teeny Victory|move: Stealth Rock
|
|turn|18
|
|move|p2a: Heatran|Lava Plume|p1a: Hugh J. Power
|-resisted|p1a: Hugh J. Power
|-damage|p1a: Hugh J. Power|309\/381
|move|p1a: Hugh J. Power|Superpower|p2a: Heatran
|-supereffective|p2a: Heatran
|-damage|p2a: Heatran|0 fnt
|-unboost|p1a: Hugh J. Power|atk|1
|-unboost|p1a: Hugh J. Power|def|1
|faint|p2a: Heatran
|
|
|switch|p2a: Landorus-Therian|Landorus-Therian, M|320\/320
|-ability|p2a: Landorus-Therian|Intimidate|[of] p1a: Hugh J. Power
|-unboost|p1a: Hugh J. Power|atk|1
|turn|19
|
|switch|p1a: Gary Chompers|Garchomp, F|381\/381
|-damage|p1a: Gary Chompers|358\/381|[from] Stealth Rock
|move|p2a: Landorus-Therian|U-turn|p1a: Gary Chompers
|-damage|p1a: Gary Chompers|266\/381
|-damage|p2a: Landorus-Therian|280\/320|[from] ability: Rough Skin|[of] p1a: Gary Chompers
|
|switch|p2a: Diancie|Diancie-Mega|241\/241
|
|turn|20
|
|switch|p2a: Skarmory|Skarmory, M|161\/334
|move|p1a: Gary Chompers|Earthquake|p2a: Skarmory
|-immune|p2a: Skarmory|[msg]
|
|-heal|p2a: Skarmory|181\/334|[from] item: Leftovers
|turn|21
|
|move|p1a: Gary Chompers|Swords Dance|p1a: Gary Chompers
|-boost|p1a: Gary Chompers|atk|2
|move|p2a: Skarmory|Roost|p2a: Skarmory
|-heal|p2a: Skarmory|334\/334
|
|turn|22
|c|âDon't Get Swept|rip skarm
|
|move|p1a: Gary Chompers|Swords Dance|p1a: Gary Chompers
|-boost|p1a: Gary Chompers|atk|2
|move|p2a: Skarmory|Spikes|p1a: Gary Chompers
|-sidestart|p1: Teeny Victory|Spikes
|
|turn|23
|
|move|p1a: Gary Chompers|Outrage|p2a: Skarmory
|-resisted|p2a: Skarmory
|-damage|p2a: Skarmory|116\/334
|move|p2a: Skarmory|Spikes|p1a: Gary Chompers
|-sidestart|p1: Teeny Victory|Spikes
|
|-heal|p2a: Skarmory|136\/334|[from] item: Leftovers
|turn|24
|
|switch|p2a: Diancie|Diancie-Mega|241\/241
|move|p1a: Gary Chompers|Outrage|p2a: Diancie
|-immune|p2a: Diancie|[msg]
|
|turn|25
|
|switch|p1a: Billy T. Punch|Scizor, M, shiny|282\/331
|-damage|p1a: Billy T. Punch|227\/331|[from] Spikes
|-damage|p1a: Billy T. Punch|186\/331|[from] Stealth Rock
|move|p2a: Diancie|Moonblast|p1a: Billy T. Punch
|-resisted|p1a: Billy T. Punch
|-damage|p1a: Billy T. Punch|57\/331
|
|turn|26
|
|move|p2a: Diancie|Protect|p2a: Diancie
|-singleturn|p2a: Diancie|Protect
|move|p1a: Billy T. Punch|U-turn|p2a: Diancie
|-activate|p2a: Diancie|Protect
|
|turn|27
|
|switch|p1a: Hugh J. Power|Azumarill, M, shiny|309\/381
|-damage|p1a: Hugh J. Power|262\/381|[from] Stealth Rock
|-damage|p1a: Hugh J. Power|199\/381|[from] Spikes
|move|p2a: Diancie|Moonblast|p1a: Hugh J. Power
|-damage|p1a: Hugh J. Power|0 fnt
|faint|p1a: Hugh J. Power
|
|
|switch|p1a: Drake O.|Latios, M|301\/301
|-damage|p1a: Drake O.|264\/301|[from] Stealth Rock
|turn|28
|c|âDon't Get Swept|diancie
|c|âDon't Get Swept|don't be a bitch
|c|âDon't Get Swept|win the tie
|c|âTeeny Victory|cmon
|c|âTeeny Victory|lesgo
|
|move|p1a: Drake O.|Defog|p2a: Diancie
|move|p2a: Diancie|Defog|p1a: Drake O.|[from]Magic Bounce
|-unboost|p1a: Drake O.|evasion|1
|-sideend|p1: Teeny Victory|Spikes|[from] move: Defog|[of] p1a: Drake O.
|-sideend|p1: Teeny Victory|Stealth Rock|[from] move: Defog|[of] p1a: Drake O.
|move|p2a: Diancie|Moonblast|p1a: Drake O.
|-supereffective|p1a: Drake O.
|-damage|p1a: Drake O.|0 fnt
|faint|p1a: Drake O.
|
|c|âDon't Get Swept|fml
|c|âDon't Get Swept|scarf defog
|c|âTeeny Victory|n
|c|âTeeny Victory|just won tie
|
|switch|p1a: Billy T. Punch|Scizor, M, shiny|57\/331
|turn|29
|
|switch|p2a: Skarmory|Skarmory, M|136\/334
|move|p1a: Billy T. Punch|Bullet Punch|p2a: Skarmory
|-resisted|p2a: Skarmory
|-damage|p2a: Skarmory|88\/334
|
|-heal|p2a: Skarmory|108\/334|[from] item: Leftovers
|turn|30
|
|switch|p1a: Moh Mentum|Manectric-Mega, F|281\/281
|-ability|p1a: Moh Mentum|Intimidate|[of] p2a: Skarmory
|-unboost|p2a: Skarmory|atk|1
|move|p2a: Skarmory|Spikes|p1a: Moh Mentum
|-sidestart|p1: Teeny Victory|Spikes
|
|-heal|p2a: Skarmory|128\/334|[from] item: Leftovers
|turn|31
|
|move|p1a: Moh Mentum|Hidden Power|p2a: Skarmory
|-damage|p2a: Skarmory|30\/334
|move|p2a: Skarmory|Spikes|p1a: Moh Mentum
|-sidestart|p1: Teeny Victory|Spikes
|
|-heal|p2a: Skarmory|50\/334|[from] item: Leftovers
|turn|32
|
|move|p1a: Moh Mentum|Hidden Power|p2a: Skarmory
|-damage|p2a: Skarmory|0 fnt
|faint|p2a: Skarmory
|
|
|switch|p2a: Diancie|Diancie-Mega|241\/241
|turn|33
|
|switch|p2a: Landorus-Therian|Landorus-Therian, M|280\/320
|-ability|p2a: Landorus-Therian|Intimidate|[of] p1a: Moh Mentum
|-unboost|p1a: Moh Mentum|atk|1
|move|p1a: Moh Mentum|Volt Switch|p2a: Landorus-Therian
|-immune|p2a: Landorus-Therian|[msg]
|
|turn|34
|c|âDon't Get Swept|lmao
|c|âDon't Get Swept|that double was pointless
|c|âTeeny Victory|playz 4 dayz
|
|switch|p1a: Terry N. Adus|Tornadus-Therian, M|299\/299
|move|p2a: Landorus-Therian|Earthquake|p1a: Terry N. Adus
|-immune|p1a: Terry N. Adus|[msg]
|
|turn|35
|c|âDon't Get Swept|i changed my mind last second
|
|switch|p2a: Crawdaunt|Crawdaunt, M|329\/329
|move|p1a: Terry N. Adus|U-turn|p2a: Crawdaunt
|-supereffective|p2a: Crawdaunt
|-damage|p2a: Crawdaunt|150\/329
|-damage|p1a: Terry N. Adus|270\/299|[from] item: Life Orb
|
|switch|p1a: Gary Chompers|Garchomp, F|266\/381
|-damage|p1a: Gary Chompers|203\/381|[from] Spikes
|
|turn|36
|
|move|p2a: Crawdaunt|Aqua Jet|p1a: Gary Chompers
|-damage|p1a: Gary Chompers|55\/381
|-damage|p2a: Crawdaunt|109\/329|[from] ability: Rough Skin|[of] p1a: Gary Chompers
|move|p1a: Gary Chompers|Earthquake|p2a: Crawdaunt
|-damage|p2a: Crawdaunt|0 fnt
|faint|p2a: Crawdaunt
|
|
|switch|p2a: Diancie|Diancie-Mega|241\/241
|turn|37
|
|move|p2a: Diancie|Diamond Storm|p1a: Gary Chompers
|-resisted|p1a: Gary Chompers
|-damage|p1a: Gary Chompers|0 fnt
|-boost|p2a: Diancie|def|1
|faint|p1a: Gary Chompers
|
|c|âTeeny Victory|welp
|
|switch|p1a: Billy T. Punch|Scizor, M, shiny|57\/331
|-damage|p1a: Billy T. Punch|2\/331|[from] Spikes
|turn|38
|c|âDon't Get Swept|1hp
|c|âDon't Get Swept|fucking goon
|
|move|p2a: Diancie|Protect|p2a: Diancie
|-singleturn|p2a: Diancie|Protect
|move|p1a: Billy T. Punch|Bullet Punch|p2a: Diancie
|-activate|p2a: Diancie|Protect
|
|turn|39
|c|âTeeny Victory|2
|
|switch|p2a: Landorus-Therian|Landorus-Therian, M|280\/320
|-ability|p2a: Landorus-Therian|Intimidate|[of] p1a: Billy T. Punch
|-unboost|p1a: Billy T. Punch|atk|1
|move|p1a: Billy T. Punch|Bullet Punch|p2a: Landorus-Therian
|-damage|p2a: Landorus-Therian|159\/320
|
|turn|40
|
|move|p1a: Billy T. Punch|Bullet Punch|p2a: Landorus-Therian
|-damage|p2a: Landorus-Therian|32\/320
|move|p2a: Landorus-Therian|U-turn|p1a: Billy T. Punch
|-resisted|p1a: Billy T. Punch
|-damage|p1a: Billy T. Punch|0 fnt
|faint|p1a: Billy T. Punch
|
|switch|p2a: Diancie|Diancie-Mega|241\/241
|
|
|switch|p1a: Moh Mentum|Manectric-Mega, F|281\/281
|-damage|p1a: Moh Mentum|235\/281|[from] Spikes
|-ability|p1a: Moh Mentum|Intimidate|[of] p2a: Diancie
|-unboost|p2a: Diancie|atk|1
|turn|41
|
|switch|p2a: Landorus-Therian|Landorus-Therian, M|32\/320
|-ability|p2a: Landorus-Therian|Intimidate|[of] p1a: Moh Mentum
|-unboost|p1a: Moh Mentum|atk|1
|move|p1a: Moh Mentum|Thunderbolt|p2a: Landorus-Therian
|-immune|p2a: Landorus-Therian|[msg]
|
|turn|42
|c|âDon't Get Swept|yuss
|
|move|p2a: Landorus-Therian|Explosion|p1a: Moh Mentum
|-damage|p1a: Moh Mentum|0 fnt
|faint|p2a: Landorus-Therian
|faint|p1a: Moh Mentum
|
|c|âTeeny Victory|LOL
|c|âDon't Get Swept|lol
|c|âTeeny Victory|gg
|
|switch|p1a: Terry N. Adus|Tornadus-Therian, M|299\/299
|switch|p2a: Diancie|Diancie-Mega|241\/241
|turn|43
|c|âDon't Get Swept|torn wins this
|c|âTeeny Victory|just need some confuse hax and a couple misses to win
|c|âDon't Get Swept|nahh
|c|âDon't Get Swept|no hax allowed
|c|âDon't Get Swept|my team is so bad
|
|move|p1a: Terry N. Adus|Hurricane|p2a: Diancie
|-resisted|p2a: Diancie
|-damage|p2a: Diancie|121\/241
|-damage|p1a: Terry N. Adus|270\/299|[from] item: Life Orb
|move|p2a: Diancie|Diamond Storm|p1a: Terry N. Adus
|-supereffective|p1a: Terry N. Adus
|-damage|p1a: Terry N. Adus|0 fnt
|faint|p1a: Terry N. Adus
|
|win|Don't Get Swept
|raw|Ladder updating...
|raw|Teeny Victory's rating: 1546 &rarr; <strong>1531<\/strong><br \/>(-15 for losing)
|raw|Don&apos;t Get Swept's rating: 1634 &rarr; <strong>1649<\/strong><br \/>(+15 for winning)
|c|âTeeny Victory|gg
|c|âDon't Get Swept|gg
|leave|Teeny Victory
|player|p1
|leave|Don't Get Swept
|player|p2
|join|Don't Get Swept