|join|Don't Get Swept
|join|GameFaqsGod
|player|p1|Don't Get Swept|269
|player|p2|GameFaqsGod|101
|gametype|singles
|gen|6
|tier|OU
|rated
|clearpoke
|poke|p1|Venusaur, F
|poke|p1|Keldeo
|poke|p1|Garchomp, M
|poke|p1|Tyranitar, M
|poke|p1|Gengar, M
|poke|p1|Talonflame, M
|poke|p2|Landorus-Therian, M
|poke|p2|Latios, M
|poke|p2|Heatran, F
|poke|p2|Lopunny, M
|poke|p2|Greninja, M
|poke|p2|Kyurem-Black
|rule|Swagger Clause: Swagger is banned
|rule|Baton Pass Clause: Limit one PokÃ©mon knowing Baton Pass
|rule|Sleep Clause Mod: Limit one foe put to sleep
|rule|Species Clause: Limit one of each PokÃ©mon
|rule|OHKO Clause: OHKO moves are banned
|rule|Moody Clause: Moody is banned
|rule|Evasion Moves Clause: Evasion moves are banned
|rule|Endless Battle Clause: Forcing endless battles is banned
|rule|HP Percentage Mod: HP is shown in percentages
|teampreview
|
|start
|switch|p1a: Tyranitar|Tyranitar, M|382\/382
|switch|p2a: Landorus-Therian|Landorus-Therian, M|319\/319
|-ability|p2a: Landorus-Therian|Intimidate|[of] p1a: Tyranitar
|-unboost|p1a: Tyranitar|atk|1
|-weather|Sandstorm
|turn|1
|
|switch|p1a: Garchomp|Garchomp, M|420\/420
|move|p2a: Landorus-Therian|U-turn|p1a: Garchomp
|-damage|p1a: Garchomp|365\/420
|-damage|p2a: Landorus-Therian|280\/319|[from] ability: Rough Skin|[of] p1a: Garchomp
|-damage|p2a: Landorus-Therian|227\/319|[from] item: Rocky Helmet|[of] p1a: Garchomp
|
|switch|p2a: Greninja|Greninja, M|285\/285
|
|-weather|Sandstorm|[upkeep]
|-damage|p2a: Greninja|268\/285|[from] sandstorm
|turn|2
|c|âDon't Get Swept|fuck this thing
|c|âGameFaqsGod|4 more days
|
|switch|p1a: Keldeo|Keldeo|323\/323
|move|p2a: Greninja|Ice Beam|p1a: Keldeo
|-start|p2a: Greninja|typechange|Ice|[from] Protean
|-resisted|p1a: Keldeo
|-damage|p1a: Keldeo|233\/323
|-damage|p2a: Greninja|240\/285|[from] item: Life Orb
|
|-weather|Sandstorm|[upkeep]
|-damage|p1a: Keldeo|213\/323|[from] sandstorm
|-damage|p2a: Greninja|223\/285|[from] sandstorm
|turn|3
|
|switch|p2a: Latios|Latios, M|301\/301
|move|p1a: Keldeo|Secret Sword|p2a: Latios
|-resisted|p2a: Latios
|-damage|p2a: Latios|211\/301
|
|-weather|Sandstorm|[upkeep]
|-damage|p1a: Keldeo|193\/323|[from] sandstorm
|-damage|p2a: Latios|193\/301|[from] sandstorm
|turn|4
|
|switch|p1a: Tyranitar|Tyranitar, M|382\/382
|switch|p2a: Landorus-Therian|Landorus-Therian, M|227\/319
|-ability|p2a: Landorus-Therian|Intimidate|[of] p1a: Tyranitar
|-unboost|p1a: Tyranitar|atk|1
|
|-weather|Sandstorm|[upkeep]
|turn|5
|c|âDon't Get Swept|nb
|c|âDon't Get Swept|i should of doubled myself
|
|move|p2a: Landorus-Therian|U-turn|p1a: Tyranitar
|-supereffective|p1a: Tyranitar
|-damage|p1a: Tyranitar|240\/382
|
|move|p1a: Tyranitar|Pursuit|p2a: Landorus-Therian|[from]Pursuit
|-damage|p2a: Landorus-Therian|41\/319
|switch|p2a: Latios|Latios, M|193\/301
|
|-weather|none
|turn|6
|
|switch|p1a: Venusaur|Venusaur, F|302\/302
|move|p2a: Latios|Draco Meteor|p1a: Venusaur
|-damage|p1a: Venusaur|0 fnt
|-unboost|p2a: Latios|spa|2
|-damage|p2a: Latios|163\/301|[from] item: Life Orb
|faint|p1a: Venusaur
|
|
|switch|p1a: Tyranitar|Tyranitar, M|240\/382
|-weather|Sandstorm
|turn|7
|
|move|p2a: Latios|Earthquake|p1a: Tyranitar
|-supereffective|p1a: Tyranitar
|-damage|p1a: Tyranitar|87\/382
|-damage|p2a: Latios|133\/301|[from] item: Life Orb
|move|p1a: Tyranitar|Pursuit|p2a: Latios
|-supereffective|p2a: Latios
|-damage|p2a: Latios|0 fnt
|faint|p2a: Latios
|
|-weather|Sandstorm|[upkeep]
|
|switch|p2a: Landorus-Therian|Landorus-Therian, M|41\/319
|-ability|p2a: Landorus-Therian|Intimidate|[of] p1a: Tyranitar
|-unboost|p1a: Tyranitar|atk|1
|turn|8
|
|switch|p1a: Garchomp|Garchomp, M|365\/420
|move|p2a: Landorus-Therian|Stone Edge|p1a: Garchomp
|-resisted|p1a: Garchomp
|-damage|p1a: Garchomp|323\/420
|
|-weather|Sandstorm|[upkeep]
|turn|9
|
|move|p2a: Landorus-Therian|Stone Edge|p1a: Garchomp
|-crit|p1a: Garchomp
|-resisted|p1a: Garchomp
|-damage|p1a: Garchomp|267\/420
|move|p1a: Garchomp|Stealth Rock|p2a: Landorus-Therian
|-sidestart|p2: GameFaqsGod|move: Stealth Rock
|
|-weather|Sandstorm|[upkeep]
|turn|10
|
|move|p2a: Landorus-Therian|Stone Edge|p1a: Garchomp
|-resisted|p1a: Garchomp
|-damage|p1a: Garchomp|230\/420
|move|p1a: Garchomp|Dragon Tail|p2a: Landorus-Therian
|-damage|p2a: Landorus-Therian|0 fnt
|faint|p2a: Landorus-Therian
|
|-weather|Sandstorm|[upkeep]
|
|switch|p2a: Heatran|Heatran, F|326\/326
|-damage|p2a: Heatran|286\/326|[from] Stealth Rock
|-item|p2a: Heatran|Air Balloon
|turn|11
|
|move|p2a: Heatran|Stealth Rock|p1a: Garchomp
|-sidestart|p1: Don't Get Swept|move: Stealth Rock
|move|p1a: Garchomp|Dragon Tail|p2a: Heatran
|-resisted|p2a: Heatran
|-damage|p2a: Heatran|246\/326
|-enditem|p2a: Heatran|Air Balloon
|drag|p2a: Greninja|Greninja, M|223\/285
|-damage|p2a: Greninja|188\/285|[from] Stealth Rock
|
|-weather|none
|turn|12
|
|switch|p1a: Tyranitar|Tyranitar, M|87\/382
|-damage|p1a: Tyranitar|40\/382|[from] Stealth Rock
|-weather|Sandstorm
|move|p2a: Greninja|Hydro Pump|p1a: Tyranitar|[miss]
|-start|p2a: Greninja|typechange|Water|[from] Protean
|-miss|p2a: Greninja|p1a: Tyranitar
|
|-weather|Sandstorm|[upkeep]
|-damage|p2a: Greninja|171\/285|[from] sandstorm
|turn|13
|
|move|p2a: Greninja|Ice Beam|p1a: Tyranitar
|-start|p2a: Greninja|typechange|Ice|[from] Protean
|-damage|p1a: Tyranitar|0 fnt
|-damage|p2a: Greninja|143\/285|[from] item: Life Orb
|faint|p1a: Tyranitar
|
|-weather|Sandstorm|[upkeep]
|-damage|p2a: Greninja|126\/285|[from] sandstorm
|
|switch|p1a: Keldeo|Keldeo|193\/323
|-damage|p1a: Keldeo|173\/323|[from] Stealth Rock
|turn|14
|
|move|p1a: Keldeo|Secret Sword|p2a: Greninja
|-supereffective|p2a: Greninja
|-damage|p2a: Greninja|0 fnt
|faint|p2a: Greninja
|
|-weather|Sandstorm|[upkeep]
|-damage|p1a: Keldeo|153\/323|[from] sandstorm
|
|switch|p2a: Lopunny|Lopunny, M|271\/271
|-damage|p2a: Lopunny|238\/271|[from] Stealth Rock
|turn|15
|
|switch|p1a: Garchomp|Garchomp, M|230\/420
|-damage|p1a: Garchomp|204\/420|[from] Stealth Rock
|detailschange|p2a: Lopunny|Lopunny-Mega, M
|-mega|p2a: Lopunny|Lopunny|Lopunnite
|move|p2a: Lopunny|Fake Out|p1a: Garchomp
|-damage|p1a: Garchomp|147\/420
|-damage|p2a: Lopunny|205\/271|[from] ability: Rough Skin|[of] p1a: Garchomp
|-damage|p2a: Lopunny|160\/271|[from] item: Rocky Helmet|[of] p1a: Garchomp
|
|-weather|Sandstorm|[upkeep]
|-damage|p2a: Lopunny|144\/271|[from] sandstorm
|turn|16
|
|switch|p2a: Heatran|Heatran, F|246\/326
|-damage|p2a: Heatran|206\/326|[from] Stealth Rock
|move|p1a: Garchomp|Dragon Tail|p2a: Heatran
|-resisted|p2a: Heatran
|-damage|p2a: Heatran|167\/326
|drag|p2a: Lopunny|Lopunny-Mega, M|144\/271
|-damage|p2a: Lopunny|128\/271|[from] Stealth Rock
|
|-weather|none
|turn|17
|
|move|p2a: Lopunny|Return|p1a: Garchomp
|-damage|p1a: Garchomp|3\/420
|-damage|p2a: Lopunny|95\/271|[from] ability: Rough Skin|[of] p1a: Garchomp
|-damage|p2a: Lopunny|50\/271|[from] item: Rocky Helmet|[of] p1a: Garchomp
|move|p1a: Garchomp|Dragon Tail|p2a: Lopunny
|-damage|p2a: Lopunny|0 fnt
|faint|p2a: Lopunny
|
|
|switch|p2a: Kyurem-Black|Kyurem-Black|405\/405
|-damage|p2a: Kyurem-Black|304\/405|[from] Stealth Rock
|-ability|p2a: Kyurem-Black|Teravolt
|turn|18
|
|move|p2a: Kyurem-Black|Fusion Bolt|p1a: Garchomp
|-immune|p1a: Garchomp|[msg]
|move|p1a: Garchomp|Dragon Tail|p2a: Kyurem-Black
|-supereffective|p2a: Kyurem-Black
|-damage|p2a: Kyurem-Black|122\/405
|drag|p2a: Heatran|Heatran, F|167\/326
|-damage|p2a: Heatran|127\/326|[from] Stealth Rock
|
|turn|19
|-message|GameFaqsGod forfeited.
|
|win|Don't Get Swept
|raw|Ladder updating...
|leave|GameFaqsGod
|player|p2
|raw|Don&apos;t Get Swept's rating: 1151 &rarr; <strong>1176<\/strong><br \/>(+25 for winning)
|raw|GameFaqsGod's rating: 1150 &rarr; <strong>1125<\/strong><br \/>(-25 for losing)