|join|Don't Get Swept
|join|Derro
|player|p1|Don't Get Swept|293
|player|p2|Derro|161
|gametype|singles
|gen|6
|tier|OU
|rated
|clearpoke
|poke|p1|Scizor, M
|poke|p1|Keldeo
|poke|p1|Garchomp, M
|poke|p1|Tyranitar, M
|poke|p1|Gengar, F
|poke|p1|Talonflame, F
|poke|p2|Clefable, F
|poke|p2|Gyarados, M
|poke|p2|Raikou
|poke|p2|Heatran, M
|poke|p2|Latias, F
|poke|p2|Chesnaught, M
|rule|Swagger Clause: Swagger is banned
|rule|Baton Pass Clause: Limit one PokÃ©mon knowing Baton Pass
|rule|Sleep Clause Mod: Limit one foe put to sleep
|rule|Species Clause: Limit one of each PokÃ©mon
|rule|OHKO Clause: OHKO moves are banned
|rule|Moody Clause: Moody is banned
|rule|Evasion Moves Clause: Evasion moves are banned
|rule|Endless Battle Clause: Forcing endless battles is banned
|rule|HP Percentage Mod: HP is shown in percentages
|teampreview
|
|start
|switch|p1a: Tyranitar|Tyranitar, M|382\/382
|switch|p2a: Kirby's cousin|Clefable, F|393\/393
|-weather|Sandstorm
|turn|1
|
|switch|p1a: Talonflame|Talonflame, F|297\/297
|move|p2a: Kirby's cousin|Stealth Rock|p1a: Talonflame
|-sidestart|p1: Don't Get Swept|move: Stealth Rock
|
|-weather|Sandstorm|[upkeep]
|-damage|p1a: Talonflame|279\/297|[from] sandstorm
|-damage|p2a: Kirby's cousin|369\/393|[from] sandstorm
|-heal|p2a: Kirby's cousin|393\/393|[from] item: Leftovers
|turn|2
|
|switch|p1a: Tyranitar|Tyranitar, M|382\/382
|-damage|p1a: Tyranitar|335\/382|[from] Stealth Rock
|switch|p2a: Johnny Storm|Heatran, M|324\/324
|
|-weather|Sandstorm|[upkeep]
|turn|3
|
|switch|p2a: Chip & Dale|Chesnaught, M|380\/380
|move|p1a: Tyranitar|Earthquake|p2a: Chip & Dale
|-resisted|p2a: Chip & Dale
|-damage|p2a: Chip & Dale|318\/380
|
|-weather|Sandstorm|[upkeep]
|-damage|p2a: Chip & Dale|295\/380|[from] sandstorm
|-heal|p2a: Chip & Dale|318\/380|[from] item: Leftovers
|turn|4
|
|switch|p1a: Scizor|Scizor, M|344\/344
|-damage|p1a: Scizor|301\/344|[from] Stealth Rock
|move|p2a: Chip & Dale|Leech Seed|p1a: Scizor
|-start|p1a: Scizor|move: Leech Seed
|
|-weather|Sandstorm|[upkeep]
|-damage|p2a: Chip & Dale|295\/380|[from] sandstorm
|-heal|p2a: Chip & Dale|318\/380|[from] item: Leftovers
|-damage|p1a: Scizor|258\/344|[from] Leech Seed|[of] p2a: Chip & Dale
|-heal|p2a: Chip & Dale|361\/380|[silent]
|turn|5
|
|detailschange|p1a: Scizor|Scizor-Mega, M
|-mega|p1a: Scizor|Scizor|Scizorite
|move|p1a: Scizor|Defog|p2a: Chip & Dale
|-unboost|p2a: Chip & Dale|evasion|1
|-sideend|p1: Don't Get Swept|Stealth Rock|[from] move: Defog|[of] p1a: Scizor
|move|p2a: Chip & Dale|Drain Punch|p1a: Scizor
|-damage|p1a: Scizor|206\/344
|-heal|p2a: Chip & Dale|380\/380|[from] drain|[of] p1a: Scizor
|
|-weather|none
|-damage|p1a: Scizor|163\/344|[from] Leech Seed|[of] p2a: Chip & Dale
|turn|6
|
|move|p1a: Scizor|Roost|p1a: Scizor
|-heal|p1a: Scizor|335\/344
|move|p2a: Chip & Dale|Spikes|p1a: Scizor
|-sidestart|p1: Don't Get Swept|Spikes
|
|-damage|p1a: Scizor|292\/344|[from] Leech Seed|[of] p2a: Chip & Dale
|turn|7
|
|switch|p2a: Johnny Storm|Heatran, M|324\/324
|move|p1a: Scizor|Defog|p2a: Johnny Storm
|-unboost|p2a: Johnny Storm|evasion|1
|-sideend|p1: Don't Get Swept|Spikes|[from] move: Defog|[of] p1a: Scizor
|
|-damage|p1a: Scizor|249\/344|[from] Leech Seed|[of] p2a: Johnny Storm
|turn|8
|
|switch|p1a: Tyranitar|Tyranitar, M|335\/382
|-weather|Sandstorm
|move|p2a: Johnny Storm|Flash Cannon|p1a: Tyranitar
|-supereffective|p1a: Tyranitar
|-damage|p1a: Tyranitar|125\/382
|
|-weather|Sandstorm|[upkeep]
|turn|9
|c|âDon't Get Swept|cancel never works
|
|switch|p1a: Keldeo|Keldeo|323\/323
|move|p2a: Johnny Storm|Flash Cannon|p1a: Keldeo
|-resisted|p1a: Keldeo
|-damage|p1a: Keldeo|246\/323
|
|-weather|Sandstorm|[upkeep]
|-damage|p1a: Keldeo|226\/323|[from] sandstorm
|turn|10
|c|âDerro|i noticed it
|c|âDerro|i dunno why but is pretty bad
|c|âDon't Get Swept|it's horrible lol
|
|switch|p1a: Garchomp|Garchomp, M|420\/420
|switch|p2a: Chip & Dale|Chesnaught, M|380\/380
|
|-weather|Sandstorm|[upkeep]
|-damage|p2a: Chip & Dale|357\/380|[from] sandstorm
|-heal|p2a: Chip & Dale|380\/380|[from] item: Leftovers
|turn|11
|c|âDerro|especially for who has to press it about 10 times before to perform a good move
|c|âDerro|like me :D
|c|âDon't Get Swept|i know
|
|move|p1a: Garchomp|Stealth Rock|p2a: Chip & Dale
|-sidestart|p2: Derro|move: Stealth Rock
|move|p2a: Chip & Dale|Leech Seed|p1a: Garchomp
|-start|p1a: Garchomp|move: Leech Seed
|
|-weather|Sandstorm|[upkeep]
|-damage|p2a: Chip & Dale|357\/380|[from] sandstorm
|-heal|p2a: Chip & Dale|380\/380|[from] item: Leftovers
|-damage|p1a: Garchomp|368\/420|[from] Leech Seed|[of] p2a: Chip & Dale
|turn|12
|
|switch|p2a: Kirby's cousin|Clefable, F|393\/393
|-damage|p2a: Kirby's cousin|344\/393|[from] Stealth Rock
|move|p1a: Garchomp|Toxic|p2a: Kirby's cousin
|-status|p2a: Kirby's cousin|tox
|
|-weather|none
|-heal|p2a: Kirby's cousin|368\/393 tox|[from] item: Leftovers
|-damage|p1a: Garchomp|316\/420|[from] Leech Seed|[of] p2a: Kirby's cousin
|-heal|p2a: Kirby's cousin|393\/393 tox|[silent]
|-damage|p2a: Kirby's cousin|369\/393 tox|[from] psn
|turn|13
|
|switch|p1a: Gengar|Gengar, F|261\/261
|move|p2a: Kirby's cousin|Stealth Rock|p1a: Gengar
|-sidestart|p1: Don't Get Swept|move: Stealth Rock
|
|-heal|p2a: Kirby's cousin|393\/393 tox|[from] item: Leftovers
|-damage|p2a: Kirby's cousin|345\/393 tox|[from] psn
|turn|14
|
|switch|p2a: G. Lightning|Raikou|321\/321
|-damage|p2a: G. Lightning|281\/321|[from] Stealth Rock
|-ability|p2a: G. Lightning|Pressure
|move|p1a: Gengar|Shadow Ball|p2a: G. Lightning
|-damage|p2a: G. Lightning|168\/321
|-damage|p1a: Gengar|235\/261|[from] item: Life Orb
|
|turn|15
|c|âDon't Get Swept|gengar does a lot to your team
|c|âDon't Get Swept|after AV raikou dies.
|c|âDerro|yep
|c|âDerro|i know but is not so used
|c|âDerro|btw, ghost is to good is this meta
|
|switch|p1a: Tyranitar|Tyranitar, M|125\/382
|-damage|p1a: Tyranitar|78\/382|[from] Stealth Rock
|-weather|Sandstorm
|move|p2a: G. Lightning|Volt Switch|p1a: Tyranitar
|-damage|p1a: Tyranitar|6\/382
|
|switch|p2a: Kirby's cousin|Clefable, F|345\/393 tox
|-damage|p2a: Kirby's cousin|296\/393 tox|[from] Stealth Rock
|
|-weather|Sandstorm|[upkeep]
|-damage|p2a: Kirby's cousin|272\/393 tox|[from] sandstorm
|-heal|p2a: Kirby's cousin|296\/393 tox|[from] item: Leftovers
|-damage|p2a: Kirby's cousin|272\/393 tox|[from] psn
|turn|16
|
|move|p1a: Tyranitar|Stone Edge|p2a: Kirby's cousin
|-damage|p2a: Kirby's cousin|0 fnt
|faint|p2a: Kirby's cousin
|
|-weather|Sandstorm|[upkeep]
|
|switch|p2a: G. Lightning|Raikou|168\/321
|-damage|p2a: G. Lightning|128\/321|[from] Stealth Rock
|-ability|p2a: G. Lightning|Pressure
|turn|17
|
|move|p2a: G. Lightning|Volt Switch|p1a: Tyranitar
|-crit|p1a: Tyranitar
|-damage|p1a: Tyranitar|0 fnt
|faint|p1a: Tyranitar
|
|switch|p2a: Johnny Storm|Heatran, M|324\/324
|-damage|p2a: Johnny Storm|284\/324|[from] Stealth Rock
|
|-weather|Sandstorm|[upkeep]
|
|switch|p1a: Keldeo|Keldeo|226\/323
|-damage|p1a: Keldeo|206\/323|[from] Stealth Rock
|turn|18
|
|switch|p1a: Scizor|Scizor-Mega, M|249\/344
|-damage|p1a: Scizor|206\/344|[from] Stealth Rock
|switch|p2a: Chip & Dale|Chesnaught, M|380\/380
|-damage|p2a: Chip & Dale|357\/380|[from] Stealth Rock
|
|-weather|Sandstorm|[upkeep]
|-damage|p2a: Chip & Dale|334\/380|[from] sandstorm
|-heal|p2a: Chip & Dale|357\/380|[from] item: Leftovers
|turn|19
|
|switch|p2a: Johnny Storm|Heatran, M|284\/324
|-damage|p2a: Johnny Storm|244\/324|[from] Stealth Rock
|move|p1a: Scizor|Roost|p1a: Scizor
|-heal|p1a: Scizor|344\/344
|
|-weather|none
|turn|20
|
|switch|p1a: Garchomp|Garchomp, M|316\/420
|-damage|p1a: Garchomp|290\/420|[from] Stealth Rock
|move|p2a: Johnny Storm|Overheat|p1a: Garchomp
|-resisted|p1a: Garchomp
|-damage|p1a: Garchomp|146\/420
|-unboost|p2a: Johnny Storm|spa|2
|
|turn|21
|
|switch|p2a: Chip & Dale|Chesnaught, M|357\/380
|-damage|p2a: Chip & Dale|334\/380|[from] Stealth Rock
|move|p1a: Garchomp|Toxic|p2a: Chip & Dale
|-status|p2a: Chip & Dale|tox
|
|-heal|p2a: Chip & Dale|357\/380 tox|[from] item: Leftovers
|-damage|p2a: Chip & Dale|334\/380 tox|[from] psn
|turn|22
|
|switch|p1a: Scizor|Scizor-Mega, M|344\/344
|-damage|p1a: Scizor|301\/344|[from] Stealth Rock
|switch|p2a: Johnny Storm|Heatran, M|244\/324
|-damage|p2a: Johnny Storm|204\/324|[from] Stealth Rock
|
|turn|23
|
|switch|p1a: Garchomp|Garchomp, M|146\/420
|-damage|p1a: Garchomp|120\/420|[from] Stealth Rock
|move|p2a: Johnny Storm|Overheat|p1a: Garchomp
|-resisted|p1a: Garchomp
|-damage|p1a: Garchomp|0 fnt
|-unboost|p2a: Johnny Storm|spa|2
|faint|p1a: Garchomp
|
|c|âDon't Get Swept|good job pressuring scizor.
|c|âDerro|thanks
|
|switch|p1a: Keldeo|Keldeo|206\/323
|-damage|p1a: Keldeo|186\/323|[from] Stealth Rock
|turn|24
|
|switch|p2a: Chip & Dale|Chesnaught, M|334\/380 tox
|-damage|p2a: Chip & Dale|311\/380 tox|[from] Stealth Rock
|move|p1a: Keldeo|Secret Sword|p2a: Chip & Dale
|-damage|p2a: Chip & Dale|215\/380 tox
|
|-heal|p2a: Chip & Dale|238\/380 tox|[from] item: Leftovers
|-damage|p2a: Chip & Dale|215\/380 tox|[from] psn
|turn|25
|
|move|p1a: Keldeo|Secret Sword|p2a: Chip & Dale
|-damage|p2a: Chip & Dale|125\/380 tox
|move|p2a: Chip & Dale|Leech Seed|p1a: Keldeo
|-start|p1a: Keldeo|move: Leech Seed
|
|-heal|p2a: Chip & Dale|148\/380 tox|[from] item: Leftovers
|-damage|p1a: Keldeo|146\/323|[from] Leech Seed|[of] p2a: Chip & Dale
|-heal|p2a: Chip & Dale|188\/380 tox|[silent]
|-damage|p2a: Chip & Dale|142\/380 tox|[from] psn
|turn|26
|
|switch|p1a: Scizor|Scizor-Mega, M|301\/344
|-damage|p1a: Scizor|258\/344|[from] Stealth Rock
|switch|p2a: (Frank) Gyary|Gyarados, M|361\/361
|-damage|p2a: (Frank) Gyary|271\/361|[from] Stealth Rock
|-ability|p2a: (Frank) Gyary|Intimidate|[of] p1a: Scizor
|-unboost|p1a: Scizor|atk|1
|
|turn|27
|
|move|p2a: (Frank) Gyary|Taunt|p1a: Scizor
|-start|p1a: Scizor|move: Taunt
|cant|p1a: Scizor|move: Taunt|Defog
|
|turn|28
|c|âDon't Get Swept|damnnn
|c|âDerro|dppt set is too good
|
|switch|p1a: Gengar|Gengar, F|235\/261
|-damage|p1a: Gengar|203\/261|[from] Stealth Rock
|move|p2a: (Frank) Gyary|Dragon Dance|p2a: (Frank) Gyary
|-boost|p2a: (Frank) Gyary|atk|1
|-boost|p2a: (Frank) Gyary|spe|1
|
|turn|29
|
|switch|p1a: Scizor|Scizor-Mega, M|258\/344
|-damage|p1a: Scizor|215\/344|[from] Stealth Rock
|move|p2a: (Frank) Gyary|Crunch|p1a: Scizor
|-damage|p1a: Scizor|135\/344
|-unboost|p1a: Scizor|def|1
|
|turn|30
|
|switch|p1a: Keldeo|Keldeo|146\/323
|-damage|p1a: Keldeo|126\/323|[from] Stealth Rock
|move|p2a: (Frank) Gyary|Waterfall|p1a: Keldeo
|-resisted|p1a: Keldeo
|-damage|p1a: Keldeo|9\/323
|
|turn|31
|
|switch|p2a: Chip & Dale|Chesnaught, M|142\/380 tox
|-damage|p2a: Chip & Dale|119\/380 tox|[from] Stealth Rock
|move|p1a: Keldeo|Endeavor|p2a: Chip & Dale
|-damage|p2a: Chip & Dale|9\/380 tox
|
|-heal|p2a: Chip & Dale|32\/380 tox|[from] item: Leftovers
|-damage|p2a: Chip & Dale|9\/380 tox|[from] psn
|turn|32
|
|switch|p1a: Scizor|Scizor-Mega, M|135\/344
|-damage|p1a: Scizor|92\/344|[from] Stealth Rock
|move|p2a: Chip & Dale|Leech Seed|p1a: Scizor
|-start|p1a: Scizor|move: Leech Seed
|
|-heal|p2a: Chip & Dale|32\/380 tox|[from] item: Leftovers
|-damage|p1a: Scizor|49\/344|[from] Leech Seed|[of] p2a: Chip & Dale
|-heal|p2a: Chip & Dale|75\/380 tox|[silent]
|-damage|p2a: Chip & Dale|29\/380 tox|[from] psn
|turn|33
|
|move|p1a: Scizor|Defog|p2a: Chip & Dale
|-unboost|p2a: Chip & Dale|evasion|1
|-sideend|p2: Derro|Stealth Rock|[from] move: Defog|[of] p2a: Chip & Dale
|-sideend|p1: Don't Get Swept|Stealth Rock|[from] move: Defog|[of] p1a: Scizor
|move|p2a: Chip & Dale|Drain Punch|p1a: Scizor
|-damage|p1a: Scizor|0 fnt
|-heal|p2a: Chip & Dale|54\/380 tox|[from] drain|[of] p1a: Scizor
|faint|p1a: Scizor
|
|-heal|p2a: Chip & Dale|77\/380 tox|[from] item: Leftovers
|-damage|p2a: Chip & Dale|8\/380 tox|[from] psn
|
|switch|p1a: Talonflame|Talonflame, F|279\/297
|turn|34
|
|move|p1a: Talonflame|Swords Dance|p1a: Talonflame
|-boost|p1a: Talonflame|atk|2
|move|p2a: Chip & Dale|Leech Seed|p1a: Talonflame
|-start|p1a: Talonflame|move: Leech Seed
|
|-heal|p2a: Chip & Dale|31\/380 tox|[from] item: Leftovers
|-damage|p1a: Talonflame|242\/297|[from] Leech Seed|[of] p2a: Chip & Dale
|-heal|p2a: Chip & Dale|68\/380 tox|[silent]
|-damage|p2a: Chip & Dale|0 fnt|[from] psn
|faint|p2a: Chip & Dale
|
|switch|p2a: Johnny Storm|Heatran, M|204\/324
|turn|35
|
|move|p2a: Johnny Storm|Ancient Power|p1a: Talonflame
|-supereffective|p1a: Talonflame
|-damage|p1a: Talonflame|0 fnt
|faint|p1a: Talonflame
|
|c|âDon't Get Swept|shit
|c|âDerro|gg man
|c|âDerro|nice played
|
|switch|p1a: Keldeo|Keldeo|9\/323
|turn|36
|
|move|p1a: Keldeo|Endeavor|p2a: Johnny Storm
|-damage|p2a: Johnny Storm|9\/324
|move|p2a: Johnny Storm|Ancient Power|p1a: Keldeo
|-resisted|p1a: Keldeo
|-damage|p1a: Keldeo|0 fnt
|faint|p1a: Keldeo
|
|
|switch|p1a: Gengar|Gengar, F|203\/261
|turn|37
|
|move|p2a: Johnny Storm|Ancient Power|p1a: Gengar
|-damage|p1a: Gengar|110\/261
|-boost|p2a: Johnny Storm|atk|1
|-boost|p2a: Johnny Storm|def|1
|-boost|p2a: Johnny Storm|spa|1
|-boost|p2a: Johnny Storm|spd|1
|-boost|p2a: Johnny Storm|spe|1
|move|p1a: Gengar|Shadow Ball|p2a: Johnny Storm
|-damage|p2a: Johnny Storm|0 fnt
|-damage|p1a: Gengar|84\/261|[from] item: Life Orb
|faint|p2a: Johnny Storm
|
|
|switch|p2a: G. Lightning|Raikou|128\/321
|-ability|p2a: G. Lightning|Pressure
|turn|38
|c|âDon't Get Swept|gg
|c|âDerro|gg
|
|move|p2a: G. Lightning|Shadow Ball|p1a: Gengar
|-supereffective|p1a: Gengar
|-damage|p1a: Gengar|0 fnt
|faint|p1a: Gengar
|
|win|Derro
|raw|Ladder updating...
|leave|Don't Get Swept
|raw|Don&apos;t Get Swept's rating: 1468 &rarr; <strong>1448<\/strong><br \/>(-20 for losing)
|raw|Derro's rating: 1457 &rarr; <strong>1478<\/strong><br \/>(+21 for winning)
|player|p1