|join|Gym Leadeâ Ghast
|join|BenTheDemon
|player|p1|Gym Leadeâ Ghast|169
|player|p2|BenTheDemon|240
|gametype|singles
|gen|6
|tier|OU
|clearpoke
|poke|p1|Golurk
|poke|p1|Gengar, F
|poke|p1|Sableye, F
|poke|p1|Aegislash, M
|poke|p1|Jellicent, F
|poke|p1|Chandelure, F
|poke|p2|Dragonite, M, shiny
|poke|p2|Azumarill, M
|poke|p2|Aegislash, M, shiny
|poke|p2|Charizard, M, shiny
|poke|p2|Excadrill, M
|poke|p2|Gengar, M
|rule|Sleep Clause Mod: Limit one foe put to sleep
|rule|Species Clause: Limit one of each Pokemon
|rule|OHKO Clause: OHKO moves are banned
|rule|Moody Clause: Moody is banned
|rule|Evasion Moves Clause: Evasion moves are banned
|rule|Endless Battle Clause: Forcing endless battles is banned.
|rule|HP Percentage Mod: HP is reported as percentages
|teampreview
|chat|Gym Leadeâ Ghast|Good luck and have fun
|
|start
|switch|p1a: Golurk|Golurk|382\/382
|switch|p2a: Flame Man|Charizard, M, shiny|297\/297
|turn|1
|
|-formechange|p2a: Flame Man|Charizard-Mega-Y
|message|Charizard has Mega Evolved into Mega Charizard!
|-weather|SunnyDay
|move|p2a: Flame Man|Solar Beam|p1a: Golurk|[still]
|-prepare|p2a: Flame Man|Solar Beam|p1a: Golurk
|-anim|p2a: Flame Man|Solar Beam|p1a: Golurk
|-supereffective|p1a: Golurk
|-enditem|p1a: Golurk|Focus Sash
|-damage|p1a: Golurk|1\/382
|move|p1a: Golurk|Stealth Rock|p2a: Flame Man
|-sidestart|p2: BenTheDemon|move: Stealth Rock
|
|-weather|SunnyDay|[upkeep]
|turn|2
|join|Dreik88
|
|move|p2a: Flame Man|Solar Beam|p1a: Golurk|[still]
|-prepare|p2a: Flame Man|Solar Beam|p1a: Golurk
|-anim|p2a: Flame Man|Solar Beam|p1a: Golurk
|-supereffective|p1a: Golurk
|-damage|p1a: Golurk|0 fnt
|faint|p1a: Golurk
|
|-weather|SunnyDay|[upkeep]
|
|switch|p1a: Jellicent|Jellicent, F|404\/404
|turn|3
|
|move|p2a: Flame Man|Solar Beam|p1a: Jellicent|[still]
|-prepare|p2a: Flame Man|Solar Beam|p1a: Jellicent
|-anim|p2a: Flame Man|Solar Beam|p1a: Jellicent
|-supereffective|p1a: Jellicent
|-damage|p1a: Jellicent|188\/404
|move|p1a: Jellicent|Scald|p2a: Flame Man
|-supereffective|p2a: Flame Man
|-damage|p2a: Flame Man|225\/297
|
|-weather|SunnyDay|[upkeep]
|-heal|p1a: Jellicent|213\/404|[from] item: Leftovers
|turn|4
|chat|Gym Leadeâ Ghast|Hm I wish I had waterspout
|leave|Dreik88
|
|switch|p1a: Chandelure|Chandelure, F|261\/261
|move|p2a: Flame Man|Solar Beam|p1a: Chandelure|[still]
|-prepare|p2a: Flame Man|Solar Beam|p1a: Chandelure
|-anim|p2a: Flame Man|Solar Beam|p1a: Chandelure
|-resisted|p1a: Chandelure
|-damage|p1a: Chandelure|169\/261
|
|-weather|SunnyDay|[upkeep]
|turn|5
|chat|BenTheDemon|MonoGhost with Stealth Rock... You asshat.
|
|move|p1a: Chandelure|Shadow Ball|p2a: Flame Man
|-damage|p2a: Flame Man|81\/297
|move|p2a: Flame Man|Air Slash|p1a: Chandelure
|-damage|p1a: Chandelure|7\/261
|
|-weather|none
|turn|6
|
|move|p1a: Chandelure|Shadow Ball|p2a: Flame Man
|-damage|p2a: Flame Man|0 fnt
|faint|p2a: Flame Man
|
|chat|Gym Leadeâ Ghast|I just hate sashes
|
|switch|p2a: Sword Man|Aegislash, M, shiny|324\/324
|-damage|p2a: Sword Man|304\/324|[from] Stealth Rock
|turn|7
|chat|Gym Leadeâ Ghast|its the worst
|
|switch|p1a: Jellicent|Jellicent, F|213\/404
|move|p2a: Sword Man|Swords Dance|p2a: Sword Man
|-boost|p2a: Sword Man|atk|2
|
|-heal|p1a: Jellicent|238\/404|[from] item: Leftovers
|-heal|p2a: Sword Man|324\/324|[from] item: Leftovers
|turn|8
|
|-formechange|p2a: Sword Man|Aegislash-Blade
|move|p2a: Sword Man|Shadow Sneak|p1a: Jellicent
|-supereffective|p1a: Jellicent
|-damage|p1a: Jellicent|0 fnt
|faint|p1a: Jellicent
|
|
|switch|p1a: Sableye|Sableye, F|304\/304
|turn|9
|
|switch|p2a: Shadow Man|Gengar, M|262\/262
|-damage|p2a: Shadow Man|230\/262|[from] Stealth Rock
|move|p1a: Sableye|Will-O-Wisp|p2a: Shadow Man
|-status|p2a: Shadow Man|brn
|
|-damage|p2a: Shadow Man|198\/262 brn|[from] brn
|turn|10
|
|move|p2a: Shadow Man|Taunt|p1a: Sableye
|-start|p1a: Sableye|move: Taunt
|move|p1a: Sableye|Knock Off|p2a: Shadow Man
|-supereffective|p2a: Shadow Man
|-damage|p2a: Shadow Man|0 fnt
|faint|p2a: Shadow Man
|
|
|switch|p2a: Sword Man|Aegislash, M, shiny|324\/324
|-damage|p2a: Sword Man|304\/324|[from] Stealth Rock
|turn|11
|
|switch|p1a: Chandelure|Chandelure, F|7\/261
|move|p2a: Sword Man|Swords Dance|p2a: Sword Man
|-boost|p2a: Sword Man|atk|2
|
|-heal|p2a: Sword Man|324\/324|[from] item: Leftovers
|turn|12
|
|-formechange|p2a: Sword Man|Aegislash-Blade
|move|p2a: Sword Man|Shadow Sneak|p1a: Chandelure
|-supereffective|p1a: Chandelure
|-damage|p1a: Chandelure|0 fnt
|faint|p1a: Chandelure
|
|
|switch|p1a: Sableye|Sableye, F|304\/304
|turn|13
|
|switch|p2a: Bubble Man|Azumarill, M|404\/404
|-damage|p2a: Bubble Man|354\/404|[from] Stealth Rock
|move|p1a: Sableye|Will-O-Wisp|p2a: Bubble Man
|-status|p2a: Bubble Man|brn
|
|-damage|p2a: Bubble Man|304\/404 brn|[from] brn
|turn|14
|
|switch|p1a: Aegislash|Aegislash, M|323\/323
|move|p2a: Bubble Man|Play Rough|p1a: Aegislash|[miss]
|-miss|p2a: Bubble Man|p1a: Aegislash
|
|-damage|p2a: Bubble Man|254\/404 brn|[from] brn
|turn|15
|
|switch|p2a: Yellow Devil|Dragonite, M, shiny|386\/386
|-damage|p2a: Yellow Devil|290\/386|[from] Stealth Rock
|move|p1a: Aegislash|Swords Dance|p1a: Aegislash
|-boost|p1a: Aegislash|atk|2
|
|turn|16
|
|move|p2a: Yellow Devil|Earthquake|p1a: Aegislash
|-supereffective|p1a: Aegislash
|-damage|p1a: Aegislash|177\/323
|-enditem|p1a: Aegislash|Weakness Policy
|-boost|p1a: Aegislash|atk|2|[from] item: Weakness Policy
|-boost|p1a: Aegislash|spa|2|[from] item: Weakness Policy
|move|p1a: Aegislash|Swords Dance|p1a: Aegislash
|-boost|p1a: Aegislash|atk|2
|
|turn|17
|
|-formechange|p1a: Aegislash|Aegislash-Blade
|move|p1a: Aegislash|Shadow Sneak|p2a: Yellow Devil
|-damage|p2a: Yellow Devil|0 fnt
|faint|p2a: Yellow Devil
|
|
|switch|p2a: Sword Man|Aegislash, M, shiny|324\/324
|-damage|p2a: Sword Man|304\/324|[from] Stealth Rock
|turn|18
|
|move|p2a: Sword Man|King's Shield|p2a: Sword Man
|-singleturn|p2a: Sword Man|Protect
|move|p1a: Aegislash|Shadow Sneak|p2a: Sword Man
|-activate|p2a: Sword Man|Protect
|-unboost|p1a: Aegislash|atk|2
|
|-heal|p2a: Sword Man|324\/324|[from] item: Leftovers
|turn|19
|
|switch|p2a: Bubble Man|Azumarill, M|254\/404 brn
|-damage|p2a: Bubble Man|204\/404 brn|[from] Stealth Rock
|move|p1a: Aegislash|Shadow Sneak|p2a: Bubble Man
|-damage|p2a: Bubble Man|0 fnt
|faint|p2a: Bubble Man
|
|
|switch|p2a: Sword Man|Aegislash, M, shiny|324\/324
|-damage|p2a: Sword Man|304\/324|[from] Stealth Rock
|turn|20
|
|move|p2a: Sword Man|King's Shield|p2a: Sword Man
|-singleturn|p2a: Sword Man|Protect
|move|p1a: Aegislash|Swords Dance|p1a: Aegislash
|-boost|p1a: Aegislash|atk|2
|
|-heal|p2a: Sword Man|324\/324|[from] item: Leftovers
|turn|21
|
|move|p1a: Aegislash|Shadow Sneak|p2a: Sword Man
|-crit|p2a: Sword Man
|-supereffective|p2a: Sword Man
|-damage|p2a: Sword Man|0 fnt
|faint|p2a: Sword Man
|
|
|switch|p2a: Drill Man|Excadrill, M|362\/362
|-damage|p2a: Drill Man|351\/362|[from] Stealth Rock
|-ability|p2a: Drill Man|Mold Breaker
|turn|22
|
|move|p1a: Aegislash|Shadow Sneak|p2a: Drill Man
|-damage|p2a: Drill Man|0 fnt
|faint|p2a: Drill Man
|
|win|Gym Leadeâ Ghast
|chat|Gym Leadeâ Ghast|Good game