|join|Gym Leadeâ Runt
|join|BenTheDemon
|player|p1|Gym Leadeâ Runt|248
|player|p2|BenTheDemon|240
|gametype|singles
|gen|6
|tier|OU
|clearpoke
|poke|p1|Weezing, M, shiny
|poke|p1|Venusaur, M, shiny
|poke|p1|Crobat, M, shiny
|poke|p1|Drapion, M, shiny
|poke|p1|Nidoqueen, F, shiny
|poke|p1|Nidoking, M, shiny
|poke|p2|Dragonite, M, shiny
|poke|p2|Azumarill, M
|poke|p2|Aegislash, M, shiny
|poke|p2|Charizard, M, shiny
|poke|p2|Excadrill, M
|poke|p2|Gengar, M
|rule|Sleep Clause Mod: Limit one foe put to sleep
|rule|Species Clause: Limit one of each Pokemon
|rule|OHKO Clause: OHKO moves are banned
|rule|Moody Clause: Moody is banned
|rule|Evasion Moves Clause: Evasion moves are banned
|rule|Endless Battle Clause: Forcing endless battles is banned.
|rule|HP Percentage Mod: HP is reported as percentages
|teampreview
|
|start
|switch|p1a: Nidoqueen|Nidoqueen, F, shiny|384\/384
|switch|p2a: Flame Man|Charizard, M, shiny|297\/297
|turn|1
|
|-formechange|p2a: Flame Man|Charizard-Mega-Y
|message|Charizard has Mega Evolved into Mega Charizard!
|-weather|SunnyDay
|move|p2a: Flame Man|Flamethrower|p1a: Nidoqueen
|-damage|p1a: Nidoqueen|39\/384
|move|p1a: Nidoqueen|Attract|p2a: Flame Man
|-start|p2a: Flame Man|Attract
|
|-weather|SunnyDay|[upkeep]
|turn|2
|
|-activate|p2a: Flame Man|Attract|[of] p1a: Nidoqueen
|move|p2a: Flame Man|Flamethrower|p1a: Nidoqueen
|-damage|p1a: Nidoqueen|0 fnt
|faint|p1a: Nidoqueen
|
|-weather|SunnyDay|[upkeep]
|
|switch|p1a: Drapion|Drapion, M, shiny|344\/344
|turn|3
|
|move|p2a: Flame Man|Flamethrower|p1a: Drapion
|-damage|p1a: Drapion|0 fnt
|faint|p1a: Drapion
|
|-weather|SunnyDay|[upkeep]
|chat|Gym Leadeâ Runt|jesus
|chat|Gym Leadeâ Runt|the one poke i have nothing for
|
|switch|p1a: Venusaur|Venusaur, M, shiny|364\/364
|turn|4
|
|-formechange|p1a: Venusaur|Venusaur-Mega
|message|Venusaur has Mega Evolved into Mega Venusaur!
|move|p2a: Flame Man|Air Slash|p1a: Venusaur
|-supereffective|p1a: Venusaur
|-damage|p1a: Venusaur|104\/364
|move|p1a: Venusaur|Synthesis|p1a: Venusaur
|-heal|p1a: Venusaur|347\/364
|
|-weather|SunnyDay|[upkeep]
|turn|5
|
|move|p2a: Flame Man|Air Slash|p1a: Venusaur
|-supereffective|p1a: Venusaur
|-damage|p1a: Venusaur|93\/364
|move|p1a: Venusaur|Synthesis|p1a: Venusaur
|-heal|p1a: Venusaur|336\/364
|
|-weather|none
|turn|6
|
|switch|p1a: Weezing|Weezing, M, shiny|334\/334
|move|p2a: Flame Man|Air Slash|p1a: Weezing
|-damage|p1a: Weezing|190\/334
|
|-heal|p1a: Weezing|210\/334|[from] item: Black Sludge
|turn|7
|
|switch|p2a: Sword Man|Aegislash, M, shiny|324\/324
|move|p1a: Weezing|Pain Split|p2a: Sword Man
|-sethp|p2a: Sword Man|267\/324|p1a: Weezing|267\/334|[from] move: Pain Split
|
|-heal|p1a: Weezing|287\/334|[from] item: Black Sludge
|-heal|p2a: Sword Man|287\/324|[from] item: Leftovers
|turn|8
|
|switch|p2a: Flame Man|Charizard, M, shiny|297\/297
|-formechange|p2a: Flame Man|Charizard-Mega-Y
|-weather|SunnyDay
|move|p1a: Weezing|Will-O-Wisp|p2a: Flame Man
|-fail|p2a: Flame Man
|
|-weather|SunnyDay|[upkeep]
|-heal|p1a: Weezing|307\/334|[from] item: Black Sludge
|turn|9
|
|move|p2a: Flame Man|Flamethrower|p1a: Weezing
|-damage|p1a: Weezing|70\/334
|move|p1a: Weezing|Pain Split|p2a: Flame Man
|-sethp|p2a: Flame Man|183\/297|p1a: Weezing|183\/334|[from] move: Pain Split
|
|-weather|SunnyDay|[upkeep]
|-heal|p1a: Weezing|203\/334|[from] item: Black Sludge
|turn|10
|
|move|p2a: Flame Man|Flamethrower|p1a: Weezing
|-damage|p1a: Weezing|0 fnt
|faint|p1a: Weezing
|
|-weather|SunnyDay|[upkeep]
|chat|Gym Leadeâ Runt|gg
|
|switch|p1a: RuntBat|Crobat, M, shiny|311\/311
|turn|11
|
|move|p1a: RuntBat|Sludge Bomb|p2a: Flame Man
|-damage|p2a: Flame Man|93\/297
|-status|p2a: Flame Man|psn
|move|p2a: Flame Man|Flamethrower|p1a: RuntBat
|-damage|p1a: RuntBat|0 fnt
|faint|p1a: RuntBat
|
|-weather|SunnyDay|[upkeep]
|-damage|p2a: Flame Man|56\/297 psn|[from] psn
|
|switch|p1a: Venusaur|Venusaur, M, shiny|336\/364
|-formechange|p1a: Venusaur|Venusaur-Mega
|turn|12
|
|move|p2a: Flame Man|Flamethrower|p1a: Venusaur
|-supereffective|p1a: Venusaur
|-damage|p1a: Venusaur|106\/364
|move|p1a: Venusaur|Synthesis|p1a: Venusaur
|-heal|p1a: Venusaur|349\/364
|
|-weather|none
|-damage|p2a: Flame Man|19\/297 psn|[from] psn
|turn|13
|
|move|p2a: Flame Man|Roost|p2a: Flame Man
|-heal|p2a: Flame Man|168\/297 psn
|move|p1a: Venusaur|Curse|p1a: Venusaur
|-boost|p1a: Venusaur|atk|1
|-boost|p1a: Venusaur|def|1
|-unboost|p1a: Venusaur|spe|1
|
|-damage|p2a: Flame Man|131\/297 psn|[from] psn
|turn|14
|
|move|p2a: Flame Man|Air Slash|p1a: Venusaur
|-supereffective|p1a: Venusaur
|-damage|p1a: Venusaur|73\/364
|cant|p1a: Venusaur|flinch
|
|-damage|p2a: Flame Man|94\/297 psn|[from] psn
|turn|15
|chat|Gym Leadeâ Runt|fu
|
|move|p2a: Flame Man|Air Slash|p1a: Venusaur
|-supereffective|p1a: Venusaur
|-damage|p1a: Venusaur|0 fnt
|faint|p1a: Venusaur
|
|-damage|p2a: Flame Man|57\/297 psn|[from] psn
|
|switch|p1a: Nidoking|Nidoking, M, shiny|304\/304
|turn|16
|
|switch|p2a: Bubble Man|Azumarill, M|404\/404
|move|p1a: Nidoking|Ice Beam|p2a: Bubble Man
|-resisted|p2a: Bubble Man
|-damage|p2a: Bubble Man|329\/404
|
|turn|17
|
|move|p1a: Nidoking|Substitute|p1a: Nidoking
|-start|p1a: Nidoking|Substitute
|-damage|p1a: Nidoking|228\/304
|move|p2a: Bubble Man|Waterfall|p1a: Nidoking
|-supereffective|p1a: Nidoking
|-end|p1a: Nidoking|Substitute
|
|turn|18
|
|move|p1a: Nidoking|Earth Power|p2a: Bubble Man
|-damage|p2a: Bubble Man|103\/404
|move|p2a: Bubble Man|Waterfall|p1a: Nidoking
|-supereffective|p1a: Nidoking
|-damage|p1a: Nidoking|0 fnt
|faint|p1a: Nidoking
|
|win|BenTheDemon
|chat|BenTheDemon|GG!
|leave|Gym Leadeâ Runt
|player|p1