|join|Black-006
|join|BenTheDemon
|player|p1|Black-006|153
|player|p2|BenTheDemon|240
|gametype|singles
|gen|6
|tier|OU
|rated
|clearpoke
|poke|p1|Garchomp, M, shiny
|poke|p1|Hydreigon, M, shiny
|poke|p1|Gyarados, M, shiny
|poke|p1|Volcarona, F, shiny
|poke|p1|Machamp, M
|poke|p1|Charizard, M, shiny
|poke|p2|Dragonite, M
|poke|p2|Politoed, M
|poke|p2|Aegislash, M
|poke|p2|Charizard, M
|poke|p2|Excadrill, M
|poke|p2|Gengar, M
|rule|Sleep Clause Mod: Limit one foe put to sleep
|rule|Species Clause: Limit one of each Pokemon
|rule|OHKO Clause: OHKO moves are banned
|rule|Moody Clause: Moody is banned
|rule|Evasion Moves Clause: Evasion moves are banned
|rule|Endless Battle Clause: Forcing endless battles is banned.
|rule|HP Percentage Mod: HP is reported as percentages
|teampreview
|
|start
|switch|p1a: Gyarados|Gyarados, M, shiny|331\/331
|switch|p2a: Drill Man|Excadrill, M|362\/362
|-ability|p2a: Drill Man|Mold Breaker
|turn|1
|join|DTF Like Caillou
|leave|DTF Like Caillou
|
|move|p2a: Drill Man|Rock Slide|p1a: Gyarados
|-supereffective|p1a: Gyarados
|-damage|p1a: Gyarados|71\/331
|move|p1a: Gyarados|Dragon Dance|p1a: Gyarados
|-boost|p1a: Gyarados|atk|1
|-boost|p1a: Gyarados|spe|1
|
|turn|2
|
|move|p1a: Gyarados|Waterfall|p2a: Drill Man
|-supereffective|p2a: Drill Man
|-damage|p2a: Drill Man|0 fnt
|faint|p2a: Drill Man
|-boost|p1a: Gyarados|atk|1|[from] ability: Moxie
|
|
|switch|p2a: Sword Man|Aegislash, M|324\/324
|turn|3
|
|move|p1a: Gyarados|Earthquake|p2a: Sword Man
|-crit|p2a: Sword Man
|-supereffective|p2a: Sword Man
|-damage|p2a: Sword Man|0 fnt
|faint|p2a: Sword Man
|-boost|p1a: Gyarados|atk|1|[from] ability: Moxie
|
|
|switch|p2a: Shadow Man|Gengar, M|262\/262
|turn|4
|
|move|p1a: Gyarados|Waterfall|p2a: Shadow Man
|-enditem|p2a: Shadow Man|Focus Sash
|-damage|p2a: Shadow Man|1\/262
|move|p2a: Shadow Man|Shadow Ball|p1a: Gyarados
|-damage|p1a: Gyarados|0 fnt
|faint|p1a: Gyarados
|
|
|switch|p1a: Machamp|Machamp, M|384\/384
|turn|5
|
|move|p1a: Machamp|Bullet Punch|p2a: Shadow Man
|-damage|p2a: Shadow Man|0 fnt
|faint|p2a: Shadow Man
|
|
|switch|p2a: Flame Man|Charizard, M|297\/297
|turn|6
|
|-formechange|p2a: Flame Man|Charizard-Mega-Y
|message|Charizard has Mega Evolved into Mega Charizard!
|-weather|SunnyDay
|move|p2a: Flame Man|Air Slash|p1a: Machamp
|-supereffective|p1a: Machamp
|-damage|p1a: Machamp|4\/384
|move|p1a: Machamp|Stone Edge|p2a: Flame Man
|-supereffective|p2a: Flame Man
|-damage|p2a: Flame Man|0 fnt
|faint|p2a: Flame Man
|
|-weather|SunnyDay|[upkeep]
|-heal|p1a: Machamp|28\/384|[from] item: Leftovers
|
|switch|p2a: Yellow Devil|Dragonite, M|386\/386
|turn|7
|
|move|p2a: Yellow Devil|Dragon Dance|p2a: Yellow Devil
|-boost|p2a: Yellow Devil|atk|1
|-boost|p2a: Yellow Devil|spe|1
|move|p1a: Machamp|Dynamic Punch|p2a: Yellow Devil
|-resisted|p2a: Yellow Devil
|-damage|p2a: Yellow Devil|338\/386
|-start|p2a: Yellow Devil|confusion
|
|-weather|SunnyDay|[upkeep]
|-heal|p1a: Machamp|52\/384|[from] item: Leftovers
|turn|8
|
|-activate|p2a: Yellow Devil|confusion
|-damage|p2a: Yellow Devil|272\/386|[from] confusion
|move|p1a: Machamp|Stone Edge|p2a: Yellow Devil
|-supereffective|p2a: Yellow Devil
|-damage|p2a: Yellow Devil|16\/386
|-enditem|p2a: Yellow Devil|Weakness Policy
|-boost|p2a: Yellow Devil|atk|2|[from] item: Weakness Policy
|-boost|p2a: Yellow Devil|spa|2|[from] item: Weakness Policy
|
|-weather|SunnyDay|[upkeep]
|-heal|p1a: Machamp|76\/384|[from] item: Leftovers
|turn|9
|
|move|p1a: Machamp|Bullet Punch|p2a: Yellow Devil
|-damage|p2a: Yellow Devil|0 fnt
|faint|p2a: Yellow Devil
|
|-weather|SunnyDay|[upkeep]
|-heal|p1a: Machamp|100\/384|[from] item: Leftovers
|-message|BenTheDemon forfeited.
|
|win|Black-006
|raw|Ladder updating...
|leave|BenTheDemon
|player|p2
|raw|Black-006's rating: 1451 &rarr; <strong>1474<\/strong><br \/>(+23 for winning)
|raw|BenTheDemon's rating: 1505 &rarr; <strong>1481<\/strong><br \/>(-24 for losing)