|join|Shaquiel
|join|BenTheDemon
|player|p1|Shaquiel|261
|player|p2|BenTheDemon|240
|gametype|singles
|gen|6
|tier|OU
|rated
|clearpoke
|poke|p1|Scizor, M
|poke|p1|Sylveon, F
|poke|p1|Landorus-Therian, M
|poke|p1|Conkeldurr, M
|poke|p1|Rotom-Wash
|poke|p1|Latias, F
|poke|p2|Dragonite, M, shiny
|poke|p2|Greninja, M, shiny
|poke|p2|Mandibuzz, F, shiny
|poke|p2|Charizard, M, shiny
|poke|p2|Bisharp, M, shiny
|poke|p2|Gengar, M, shiny
|rule|Sleep Clause Mod: Limit one foe put to sleep
|rule|Species Clause: Limit one of each Pokemon
|rule|OHKO Clause: OHKO moves are banned
|rule|Moody Clause: Moody is banned
|rule|Evasion Moves Clause: Evasion moves are banned
|rule|Endless Battle Clause: Forcing endless battles is banned.
|rule|HP Percentage Mod: HP is reported as percentages
|teampreview
|
|start
|switch|p1a: nF4m0u$|Rotom-Wash|303\/303
|switch|p2a: Shadow Man|Gengar, M, shiny|262\/262
|turn|1
|
|move|p2a: Shadow Man|Taunt|p1a: nF4m0u$
|-start|p1a: nF4m0u$|move: Taunt
|move|p1a: nF4m0u$|Volt Switch|p2a: Shadow Man
|-damage|p2a: Shadow Man|117\/262
|
|switch|p1a: Justin Law|Scizor, M|343\/343
|
|turn|2
|
|-formechange|p1a: Justin Law|Scizor-Mega
|message|Scizor has Mega Evolved into Mega Scizor!
|move|p1a: Justin Law|Bullet Punch|p2a: Shadow Man
|-damage|p2a: Shadow Man|0 fnt
|faint|p2a: Shadow Man
|
|
|switch|p2a: Flame Man|Charizard, M, shiny|297\/297
|turn|3
|
|switch|p1a: nF4m0u$|Rotom-Wash|303\/303
|-formechange|p2a: Flame Man|Charizard-Mega-Y
|message|Charizard has Mega Evolved into Mega Charizard!
|-weather|SunnyDay
|move|p2a: Flame Man|Fire Blast|p1a: nF4m0u$
|-resisted|p1a: nF4m0u$
|-damage|p1a: nF4m0u$|139\/303
|
|-weather|SunnyDay|[upkeep]
|turn|4
|
|switch|p1a: Ikaros|Latias, F|301\/301
|move|p2a: Flame Man|Fire Blast|p1a: Ikaros
|-resisted|p1a: Ikaros
|-damage|p1a: Ikaros|159\/301
|
|-weather|SunnyDay|[upkeep]
|turn|5
|
|switch|p2a: Metal Man|Bisharp, M, shiny|279\/279
|move|p1a: Ikaros|Draco Meteor|p2a: Metal Man
|-resisted|p2a: Metal Man
|-damage|p2a: Metal Man|107\/279
|-unboost|p1a: Ikaros|spa|2
|-damage|p1a: Ikaros|129\/301|[from] item: Life Orb
|
|-weather|SunnyDay|[upkeep]
|turn|6
|
|switch|p1a: Armstrong|Conkeldurr, M|351\/351
|move|p2a: Metal Man|Swords Dance|p2a: Metal Man
|-boost|p2a: Metal Man|atk|2
|
|-weather|SunnyDay|[upkeep]
|turn|7
|
|switch|p2a: Flame Man|Charizard, M, shiny|297\/297
|-formechange|p2a: Flame Man|Charizard-Mega-Y
|move|p1a: Armstrong|Mach Punch|p2a: Flame Man
|-resisted|p2a: Flame Man
|-damage|p2a: Flame Man|247\/297
|
|-weather|none
|turn|8
|
|move|p2a: Flame Man|Fire Blast|p1a: Armstrong
|-damage|p1a: Armstrong|189\/351
|-status|p1a: Armstrong|brn
|move|p1a: Armstrong|Ice Punch|p2a: Flame Man
|-damage|p2a: Flame Man|68\/297
|-status|p2a: Flame Man|frz
|
|-damage|p1a: Armstrong|146\/351 brn|[from] brn
|turn|9
|
|cant|p2a: Flame Man|frz
|move|p1a: Armstrong|Ice Punch|p2a: Flame Man
|-damage|p2a: Flame Man|0 fnt
|faint|p2a: Flame Man
|
|-damage|p1a: Armstrong|103\/351 brn|[from] brn
|
|switch|p2a: Yellow Devil|Dragonite, M, shiny|386\/386
|turn|10
|
|switch|p1a: Meguca|Sylveon, F|392\/392
|move|p2a: Yellow Devil|Dragon Dance|p2a: Yellow Devil
|-boost|p2a: Yellow Devil|atk|1
|-boost|p2a: Yellow Devil|spe|1
|
|turn|11
|
|move|p2a: Yellow Devil|Dragon Dance|p2a: Yellow Devil
|-boost|p2a: Yellow Devil|atk|1
|-boost|p2a: Yellow Devil|spe|1
|move|p1a: Meguca|Hyper Voice|p2a: Yellow Devil
|-supereffective|p2a: Yellow Devil
|-damage|p2a: Yellow Devil|247\/386
|-enditem|p2a: Yellow Devil|Weakness Policy
|-boost|p2a: Yellow Devil|atk|2|[from] item: Weakness Policy
|-boost|p2a: Yellow Devil|spa|2|[from] item: Weakness Policy
|
|turn|12
|
|switch|p1a: Teika|Landorus-Therian, M|381\/381
|-ability|p1a: Teika|Intimidate|[of] p2a: Yellow Devil
|-unboost|p2a: Yellow Devil|atk|1
|move|p2a: Yellow Devil|Earthquake|p1a: Teika
|-immune|p1a: Teika|[msg]
|
|turn|13
|
|switch|p1a: Justin Law|Scizor, M|343\/343
|-formechange|p1a: Justin Law|Scizor-Mega
|move|p2a: Yellow Devil|Roost|p2a: Yellow Devil
|-heal|p2a: Yellow Devil|386\/386
|
|turn|14
|
|switch|p1a: Teika|Landorus-Therian, M|381\/381
|-ability|p1a: Teika|Intimidate|[of] p2a: Yellow Devil
|-unboost|p2a: Yellow Devil|atk|1
|move|p2a: Yellow Devil|Dragon Dance|p2a: Yellow Devil
|-boost|p2a: Yellow Devil|atk|1
|-boost|p2a: Yellow Devil|spe|1
|
|turn|15
|
|move|p2a: Yellow Devil|Dragon Dance|p2a: Yellow Devil
|-boost|p2a: Yellow Devil|atk|1
|-boost|p2a: Yellow Devil|spe|1
|move|p1a: Teika|Stone Edge|p2a: Yellow Devil
|-supereffective|p2a: Yellow Devil
|-damage|p2a: Yellow Devil|265\/386
|
|turn|16
|
|move|p2a: Yellow Devil|Roost|p2a: Yellow Devil
|-heal|p2a: Yellow Devil|386\/386
|move|p1a: Teika|U-turn|p2a: Yellow Devil
|-damage|p2a: Yellow Devil|349\/386
|
|switch|p1a: Justin Law|Scizor, M|343\/343
|-formechange|p1a: Justin Law|Scizor-Mega
|
|turn|17
|
|move|p2a: Yellow Devil|Roost|p2a: Yellow Devil
|-heal|p2a: Yellow Devil|386\/386
|move|p1a: Justin Law|Swords Dance|p1a: Justin Law
|-boost|p1a: Justin Law|atk|2
|
|turn|18
|
|move|p1a: Justin Law|Bullet Punch|p2a: Yellow Devil
|-damage|p2a: Yellow Devil|255\/386
|move|p2a: Yellow Devil|Earthquake|p1a: Justin Law
|-damage|p1a: Justin Law|123\/343
|
|turn|19
|
|move|p1a: Justin Law|Bullet Punch|p2a: Yellow Devil
|-damage|p2a: Yellow Devil|0 fnt
|faint|p2a: Yellow Devil
|
|
|switch|p2a: Metal Man|Bisharp, M, shiny|107\/279
|turn|20
|
|switch|p1a: nF4m0u$|Rotom-Wash|139\/303
|move|p2a: Metal Man|Swords Dance|p2a: Metal Man
|-boost|p2a: Metal Man|atk|2
|
|turn|21
|
|move|p2a: Metal Man|Knock Off|p1a: nF4m0u$
|-damage|p1a: nF4m0u$|0 fnt
|faint|p1a: nF4m0u$
|
|
|switch|p1a: Ikaros|Latias, F|129\/301
|turn|22
|
|move|p2a: Metal Man|Sucker Punch|p1a: Ikaros
|-fail|p1a: Ikaros
|move|p1a: Ikaros|Defog|p2a: Metal Man
|-unboost|p2a: Metal Man|evasion|1
|-boost|p2a: Metal Man|atk|2|[from] ability: Defiant
|
|turn|23
|
|move|p2a: Metal Man|Sucker Punch|p1a: Ikaros
|-supereffective|p1a: Ikaros
|-damage|p1a: Ikaros|0 fnt
|faint|p1a: Ikaros
|
|
|switch|p1a: Meguca|Sylveon, F|392\/392
|turn|24
|
|move|p2a: Metal Man|Iron Head|p1a: Meguca
|-supereffective|p1a: Meguca
|-damage|p1a: Meguca|0 fnt
|faint|p1a: Meguca
|
|
|switch|p1a: Teika|Landorus-Therian, M|381\/381
|-ability|p1a: Teika|Intimidate|[of] p2a: Metal Man
|-unboost|p2a: Metal Man|atk|1
|-boost|p2a: Metal Man|atk|2|[from] ability: Defiant
|turn|25
|
|move|p2a: Metal Man|Sucker Punch|p1a: Teika
|-damage|p1a: Teika|0 fnt
|faint|p1a: Teika
|
|
|switch|p1a: Justin Law|Scizor, M|123\/343
|-formechange|p1a: Justin Law|Scizor-Mega
|turn|26
|
|move|p2a: Metal Man|Sucker Punch|p1a: Justin Law
|-damage|p1a: Justin Law|0 fnt
|faint|p1a: Justin Law
|
|
|switch|p1a: Armstrong|Conkeldurr, M|103\/351 brn
|turn|27
|
|move|p2a: Metal Man|Sucker Punch|p1a: Armstrong
|-resisted|p1a: Armstrong
|-damage|p1a: Armstrong|0 fnt
|faint|p1a: Armstrong
|
|win|BenTheDemon
|raw|Ladder updating...
|raw|Shaquiel's rating: 1502 &rarr; <strong>1482<\/strong><br \/>(-20 for losing)
|raw|BenTheDemon's rating: 1499 &rarr; <strong>1519<\/strong><br \/>(+20 for winning)
|chat|BenTheDemon|GG.
|leave|Shaquiel
|player|p1