|join|Tailon
|join|BenTheDemon
|player|p1|Tailon|165
|player|p2|BenTheDemon|53
|gametype|singles
|gen|6
|tier|OU
|clearpoke
|poke|p1|Mamoswine, F
|poke|p1|Togekiss, M
|poke|p1|Slowbro, M
|poke|p1|Goodra, F
|poke|p1|Crawdaunt, F
|poke|p1|Venusaur, F
|poke|p2|Dragonite, M, shiny
|poke|p2|Greninja, M, shiny
|poke|p2|Charizard, M
|poke|p2|Excadrill, M
|poke|p2|Gliscor, M
|poke|p2|Gengar, M, shiny
|rule|Swagger Clause: Swagger is banned
|rule|Baton Pass Clause: Limit one PokÃ©mon knowing Baton Pass
|rule|Sleep Clause Mod: Limit one foe put to sleep
|rule|Species Clause: Limit one of each PokÃ©mon
|rule|OHKO Clause: OHKO moves are banned
|rule|Moody Clause: Moody is banned
|rule|Evasion Moves Clause: Evasion moves are banned
|rule|Endless Battle Clause: Forcing endless battles is banned
|rule|HP Percentage Mod: HP is shown in percentages
|teampreview
|join|Lyni
|c|âTailon|oh I am going to lose quite awfully
|c| Lyni|eeee team all-stars
|
|start
|switch|p1a: Tremor|Mamoswine, F|362\/362
|switch|p2a: Ground Man|Gliscor, M|354\/354
|turn|1
|c|âTailon|my team is not equipped to deal with this
|
|move|p2a: Ground Man|Protect|p2a: Ground Man
|-singleturn|p2a: Ground Man|Protect
|move|p1a: Tremor|Stealth Rock|p2a: Ground Man
|-sidestart|p2: BenTheDemon|move: Stealth Rock
|
|-status|p2a: Ground Man|tox|[from] item: Toxic Orb
|turn|2
|
|move|p1a: Tremor|Knock Off|p2a: Ground Man
|-damage|p2a: Ground Man|236\/354 tox
|-enditem|p2a: Ground Man|Toxic Orb|[from] move: Knock Off|[of] p1a: Tremor
|-damage|p1a: Tremor|326\/362|[from] item: Life Orb
|move|p2a: Ground Man|Stealth Rock|p1a: Tremor
|-sidestart|p1: Tailon|move: Stealth Rock
|
|-heal|p2a: Ground Man|280\/354 tox|[from] ability: Poison Heal
|turn|3
|
|move|p1a: Tremor|Ice Shard|p2a: Ground Man
|-supereffective|p2a: Ground Man
|-damage|p2a: Ground Man|0 fnt
|-damage|p1a: Tremor|290\/362|[from] item: Life Orb
|faint|p2a: Ground Man
|
|
|switch|p2a: Drill Man|Excadrill, M|391\/391
|-damage|p2a: Drill Man|379\/391|[from] Stealth Rock
|-ability|p2a: Drill Man|Mold Breaker
|turn|4
|
|move|p1a: Tremor|Earthquake|p2a: Drill Man
|-supereffective|p2a: Drill Man
|-damage|p2a: Drill Man|0 fnt
|-damage|p1a: Tremor|254\/362|[from] item: Life Orb
|faint|p2a: Drill Man
|
|
|switch|p2a: Bubble Man|Greninja, M, shiny|286\/286
|-damage|p2a: Bubble Man|251\/286|[from] Stealth Rock
|turn|5
|c|âTailon|oh I get it they're Robot Masters
|c|âBenTheDemon|Ah. A speedy Mamo.
|
|move|p2a: Bubble Man|Grass Knot|p1a: Tremor
|-start|p2a: Bubble Man|typechange|Grass|[from] Protean
|-supereffective|p1a: Tremor
|-damage|p1a: Tremor|0 fnt
|-damage|p2a: Bubble Man|223\/286|[from] item: Life Orb
|faint|p1a: Tremor
|
|
|switch|p1a: goopdragon|Goodra, F|384\/384
|-damage|p1a: goopdragon|336\/384|[from] Stealth Rock
|turn|6
|
|switch|p2a: Shade Man|Gengar, M, shiny|268\/268
|-damage|p2a: Shade Man|235\/268|[from] Stealth Rock
|move|p1a: goopdragon|Thunderbolt|p2a: Shade Man
|-damage|p2a: Shade Man|105\/268
|
|-heal|p2a: Shade Man|121\/268|[from] item: Black Sludge
|turn|7
|
|move|p2a: Shade Man|Will-O-Wisp|p1a: goopdragon|[miss]
|-miss|p2a: Shade Man|p1a: goopdragon
|move|p1a: goopdragon|Thunderbolt|p2a: Shade Man
|-crit|p2a: Shade Man
|-damage|p2a: Shade Man|0 fnt
|faint|p2a: Shade Man
|
|
|switch|p2a: Flame Man|Charizard, M|298\/298
|-damage|p2a: Flame Man|149\/298|[from] Stealth Rock
|turn|8
|
|detailschange|p2a: Flame Man|Charizard-Mega-X, M
|message|Charizard has Mega Evolved into Mega Charizard!
|move|p2a: Flame Man|Roost|p2a: Flame Man
|-heal|p2a: Flame Man|298\/298
|move|p1a: goopdragon|Draco Meteor|p2a: Flame Man
|-supereffective|p2a: Flame Man
|-damage|p2a: Flame Man|0 fnt
|-unboost|p1a: goopdragon|spa|2
|faint|p2a: Flame Man
|
|c|âBenTheDemon|GG.
|-message|BenTheDemon forfeited.
|
|win|Tailon
|leave|BenTheDemon
|player|p2
|c| Lyni|...
|c| Lyni|wow
|c|âTailon|no
|c| Lyni|all talk
|c|âTailon|he can't beat KoL