|join|BenTheDemon
|join|RedwoodGrovyle
|player|p1|BenTheDemon|240
|player|p2|RedwoodGrovyle|294
|gametype|singles
|gen|6
|tier|OU
|clearpoke
|poke|p1|Dragonite, M, shiny
|poke|p1|Greninja, M, shiny
|poke|p1|Mandibuzz, F, shiny
|poke|p1|Charizard, M, shiny
|poke|p1|Bisharp, M, shiny
|poke|p1|Gengar, M, shiny
|poke|p2|Tyranitar, M
|poke|p2|Jolteon, M, shiny
|poke|p2|Dragonite, F, shiny
|poke|p2|Reuniclus, M
|poke|p2|Keldeo, shiny
|poke|p2|Mamoswine, M, shiny
|rule|Sleep Clause Mod: Limit one foe put to sleep
|rule|Species Clause: Limit one of each Pokemon
|rule|OHKO Clause: OHKO moves are banned
|rule|Moody Clause: Moody is banned
|rule|Evasion Moves Clause: Evasion moves are banned
|rule|Endless Battle Clause: Forcing endless battles is banned.
|rule|HP Percentage Mod: HP is reported as percentages
|teampreview
|
|start
|switch|p1a: Bubble Man|Greninja, M, shiny|286\/286
|switch|p2a: Reuniclus|Reuniclus, M|424\/424
|turn|1
|
|-start|p1a: Bubble Man|typechange|Dark|[from] Protean
|move|p1a: Bubble Man|Dark Pulse|p2a: Reuniclus
|-supereffective|p2a: Reuniclus
|-damage|p2a: Reuniclus|65\/424
|-damage|p1a: Bubble Man|258\/286|[from] item: Life Orb
|move|p2a: Reuniclus|Psychic|p1a: Bubble Man
|-immune|p1a: Bubble Man|[msg]
|
|turn|2
|
|move|p1a: Bubble Man|Dark Pulse|p2a: Reuniclus
|-supereffective|p2a: Reuniclus
|-damage|p2a: Reuniclus|0 fnt
|-damage|p1a: Bubble Man|230\/286|[from] item: Life Orb
|faint|p2a: Reuniclus
|
|
|switch|p2a: Keldeo|Keldeo, shiny|323\/323
|turn|3
|
|switch|p1a: Splash Woman|Mandibuzz, F, shiny|424\/424
|move|p2a: Keldeo|Secret Sword|p1a: Splash Woman
|-damage|p1a: Splash Woman|283\/424
|
|-heal|p1a: Splash Woman|309\/424|[from] item: Leftovers
|turn|4
|
|switch|p2a: Jolteon|Jolteon, M, shiny|272\/272
|move|p1a: Splash Woman|Knock Off|p2a: Jolteon
|-damage|p2a: Jolteon|145\/272
|-enditem|p2a: Jolteon|Focus Sash|[from] move: Knock Off|[of] p1a: Splash Woman
|
|-heal|p1a: Splash Woman|335\/424|[from] item: Leftovers
|turn|5
|
|switch|p1a: Metal Man|Bisharp, M, shiny|279\/279
|move|p2a: Jolteon|Thunderbolt|p1a: Metal Man
|-damage|p1a: Metal Man|80\/279
|
|turn|6
|
|move|p1a: Metal Man|Sucker Punch|p2a: Jolteon
|-damage|p2a: Jolteon|0 fnt
|faint|p2a: Jolteon
|
|
|switch|p2a: Keldeo|Keldeo, shiny|323\/323
|turn|7
|
|switch|p1a: Shadow Man|Gengar, M, shiny|262\/262
|move|p2a: Keldeo|Secret Sword|p1a: Shadow Man
|-immune|p1a: Shadow Man|[msg]
|
|turn|8
|
|move|p1a: Shadow Man|Shadow Ball|p2a: Keldeo
|-damage|p2a: Keldeo|170\/323
|move|p2a: Keldeo|Hydro Pump|p1a: Shadow Man
|-damage|p1a: Shadow Man|9\/262
|
|turn|9
|
|move|p1a: Shadow Man|Destiny Bond|p1a: Shadow Man
|-singlemove|p1a: Shadow Man|Destiny Bond
|move|p2a: Keldeo|Surf|p1a: Shadow Man
|-damage|p1a: Shadow Man|0 fnt
|faint|p1a: Shadow Man
|-activate|p1a: Shadow Man|Destiny Bond
|faint|p2a: Keldeo
|
|
|switch|p1a: Bubble Man|Greninja, M, shiny|230\/286
|switch|p2a: Tyranitar|Tyranitar, M|404\/404
|-weather|Sandstorm
|turn|10
|
|-formechange|p2a: Tyranitar|Tyranitar-Mega
|message|Tyranitar has Mega Evolved into Mega Tyranitar!
|-start|p1a: Bubble Man|typechange|Water|[from] Protean
|move|p1a: Bubble Man|Hydro Pump|p2a: Tyranitar
|-crit|p2a: Tyranitar
|-supereffective|p2a: Tyranitar
|-damage|p2a: Tyranitar|0 fnt
|-damage|p1a: Bubble Man|202\/286|[from] item: Life Orb
|faint|p2a: Tyranitar
|
|-weather|Sandstorm|[upkeep]
|-damage|p1a: Bubble Man|185\/286|[from] sandstorm
|
|switch|p2a: Dragonite|Dragonite, F, shiny|386\/386
|turn|11
|
|-start|p1a: Bubble Man|typechange|Ice|[from] Protean
|move|p1a: Bubble Man|Ice Beam|p2a: Dragonite
|-supereffective|p2a: Dragonite
|-damage|p2a: Dragonite|27\/386
|-damage|p1a: Bubble Man|157\/286|[from] item: Life Orb
|move|p2a: Dragonite|Dragon Claw|p1a: Bubble Man
|-damage|p1a: Bubble Man|0 fnt
|faint|p1a: Bubble Man
|
|-weather|Sandstorm|[upkeep]
|-damage|p2a: Dragonite|3\/386|[from] sandstorm
|
|switch|p1a: Metal Man|Bisharp, M, shiny|80\/279
|turn|12
|
|move|p1a: Metal Man|Sucker Punch|p2a: Dragonite
|-damage|p2a: Dragonite|0 fnt
|faint|p2a: Dragonite
|
|-weather|Sandstorm|[upkeep]
|
|switch|p2a: Mamoswine|Mamoswine, M, shiny|424\/424
|turn|13
|
|move|p1a: Metal Man|Sucker Punch|p2a: Mamoswine
|-damage|p2a: Mamoswine|196\/424
|move|p2a: Mamoswine|Earthquake|p1a: Metal Man
|-supereffective|p1a: Metal Man
|-damage|p1a: Metal Man|0 fnt
|faint|p1a: Metal Man
|
|-weather|Sandstorm|[upkeep]
|
|switch|p1a: Splash Woman|Mandibuzz, F, shiny|335\/424
|turn|14
|
|move|p1a: Splash Woman|Foul Play|p2a: Mamoswine
|-damage|p2a: Mamoswine|0 fnt
|faint|p2a: Mamoswine
|
|win|BenTheDemon