|join|BenTheDemon
|join|jibhuhb
|player|p1|BenTheDemon|240
|player|p2|jibhuhb|273
|gametype|singles
|gen|6
|tier|OU
|rated
|clearpoke
|poke|p1|Dragonite, M, shiny
|poke|p1|Greninja, M, shiny
|poke|p1|Mandibuzz, F, shiny
|poke|p1|Charizard, M, shiny
|poke|p1|Bisharp, M, shiny
|poke|p1|Gengar, M, shiny
|poke|p2|Darmanitan, M
|poke|p2|Latias, F
|poke|p2|Medicham, M
|poke|p2|Scizor, M
|poke|p2|Thundurus, M
|poke|p2|Cinccino, M
|rule|Sleep Clause Mod: Limit one foe put to sleep
|rule|Species Clause: Limit one of each Pokemon
|rule|OHKO Clause: OHKO moves are banned
|rule|Moody Clause: Moody is banned
|rule|Evasion Moves Clause: Evasion moves are banned
|rule|Endless Battle Clause: Forcing endless battles is banned.
|rule|HP Percentage Mod: HP is reported as percentages
|teampreview
|
|start
|switch|p1a: Bubble Man|Greninja, M, shiny|286\/286
|switch|p2a: Vefi|Thundurus, M|300\/300
|turn|1
|
|move|p2a: Vefi|Volt Switch|p1a: Bubble Man
|-supereffective|p1a: Bubble Man
|-damage|p1a: Bubble Man|0 fnt
|faint|p1a: Bubble Man
|
|switch|p2a: Xsi|Cinccino, M|292\/292
|
|
|switch|p1a: Metal Man|Bisharp, M, shiny|279\/279
|turn|2
|
|move|p2a: Xsi|U-turn|p1a: Metal Man
|-damage|p1a: Metal Man|217\/279
|
|switch|p2a: Ufor|Scizor, M|316\/316
|move|p1a: Metal Man|Swords Dance|p1a: Metal Man
|-boost|p1a: Metal Man|atk|2
|
|turn|3
|
|move|p1a: Metal Man|Knock Off|p2a: Ufor
|-damage|p2a: Ufor|0 fnt
|faint|p2a: Ufor
|
|
|switch|p2a: Neo|Darmanitan, M|371\/371
|turn|4
|
|move|p2a: Neo|Protect|p2a: Neo
|-singleturn|p2a: Neo|Protect
|move|p1a: Metal Man|Sucker Punch|p2a: Neo
|-fail|p2a: Neo
|
|turn|5
|
|move|p2a: Neo|Protect|p2a: Neo
|-fail|p2a: Neo
|move|p1a: Metal Man|Sucker Punch|p2a: Neo
|-fail|p2a: Neo
|
|turn|6
|
|move|p2a: Neo|Protect|p2a: Neo
|-singleturn|p2a: Neo|Protect
|move|p1a: Metal Man|Sucker Punch|p2a: Neo
|-fail|p2a: Neo
|
|turn|7
|
|move|p2a: Neo|Protect|p2a: Neo
|-singleturn|p2a: Neo|Protect
|move|p1a: Metal Man|Knock Off|p2a: Neo
|-activate|p2a: Neo|Protect
|
|turn|8
|
|move|p2a: Neo|Protect|p2a: Neo
|-fail|p2a: Neo
|move|p1a: Metal Man|Sucker Punch|p2a: Neo
|-fail|p2a: Neo
|
|turn|9
|
|move|p2a: Neo|Flare Blitz|p1a: Metal Man
|-supereffective|p1a: Metal Man
|-damage|p1a: Metal Man|0 fnt
|-damage|p2a: Neo|299\/371|[from] recoil|[of] p1a: Metal Man
|faint|p1a: Metal Man
|
|
|switch|p1a: Shadow Man|Gengar, M, shiny|262\/262
|turn|10
|
|switch|p2a: Xsi|Cinccino, M|292\/292
|move|p1a: Shadow Man|Shadow Ball|p2a: Xsi
|-immune|p2a: Xsi|[msg]
|
|turn|11
|
|switch|p1a: Splash Woman|Mandibuzz, F, shiny|424\/424
|move|p2a: Xsi|Rock Blast|p1a: Splash Woman
|-supereffective|p1a: Splash Woman
|-damage|p1a: Splash Woman|384\/424
|-supereffective|p1a: Splash Woman
|-damage|p1a: Splash Woman|344\/424
|-supereffective|p1a: Splash Woman
|-damage|p1a: Splash Woman|304\/424
|-crit|p1a: Splash Woman
|-supereffective|p1a: Splash Woman
|-damage|p1a: Splash Woman|242\/424
|-supereffective|p1a: Splash Woman
|-damage|p1a: Splash Woman|200\/424
|-hitcount|p1a: Splash Woman|5
|
|-heal|p1a: Splash Woman|226\/424|[from] item: Leftovers
|turn|12
|
|move|p2a: Xsi|Rock Blast|p1a: Splash Woman
|-crit|p1a: Splash Woman
|-supereffective|p1a: Splash Woman
|-damage|p1a: Splash Woman|164\/424
|-supereffective|p1a: Splash Woman
|-damage|p1a: Splash Woman|122\/424
|-supereffective|p1a: Splash Woman
|-damage|p1a: Splash Woman|86\/424
|-supereffective|p1a: Splash Woman
|-damage|p1a: Splash Woman|46\/424
|-supereffective|p1a: Splash Woman
|-damage|p1a: Splash Woman|8\/424
|-hitcount|p1a: Splash Woman|5
|move|p1a: Splash Woman|Foul Play|p2a: Xsi
|-damage|p2a: Xsi|87\/292
|
|-heal|p1a: Splash Woman|34\/424|[from] item: Leftovers
|turn|13
|
|switch|p1a: Shadow Man|Gengar, M, shiny|262\/262
|move|p2a: Xsi|U-turn|p1a: Shadow Man
|-resisted|p1a: Shadow Man
|-damage|p1a: Shadow Man|237\/262
|-message|BenTheDemon forfeited.
|leave|BenTheDemon
|
|win|jibhuhb
|raw|Ladder updating...
|raw|BenTheDemon's rating: 1498 &rarr; <strong>1479<\/strong><br \/>(-19 for losing)
|raw|jibhuhb's rating: 1507 &rarr; <strong>1527<\/strong><br \/>(+20 for winning)
|player|p1