|join|BenTheDemon
|join|Tsugo
|player|p1|BenTheDemon|240
|player|p2|Tsugo|244
|gametype|singles
|gen|6
|tier|OU
|rated
|clearpoke
|poke|p1|Dragonite, M, shiny
|poke|p1|Greninja, M, shiny
|poke|p1|Mandibuzz, F, shiny
|poke|p1|Charizard, M, shiny
|poke|p1|Bisharp, M, shiny
|poke|p1|Gengar, M, shiny
|poke|p2|Diggersby, M
|poke|p2|Togekiss, M
|poke|p2|Tyranitar, M
|poke|p2|Espeon, F
|poke|p2|Greninja, M
|poke|p2|Infernape, F
|rule|Sleep Clause Mod: Limit one foe put to sleep
|rule|Species Clause: Limit one of each Pokemon
|rule|OHKO Clause: OHKO moves are banned
|rule|Moody Clause: Moody is banned
|rule|Evasion Moves Clause: Evasion moves are banned
|rule|Endless Battle Clause: Forcing endless battles is banned.
|rule|HP Percentage Mod: HP is reported as percentages
|teampreview
|
|start
|switch|p1a: Flame Man|Charizard, M, shiny|298\/298
|switch|p2a: Togekiss|Togekiss, M|312\/312
|turn|1
|
|detailschange|p1a: Flame Man|Charizard-Mega-Y, M, shiny
|message|Charizard has Mega Evolved into Mega Charizard!
|-weather|SunnyDay
|move|p2a: Togekiss|Air Slash|p1a: Flame Man
|-damage|p1a: Flame Man|174\/298
|move|p1a: Flame Man|Fire Blast|p2a: Togekiss
|-damage|p2a: Togekiss|21\/312
|
|-weather|SunnyDay|[upkeep]
|turn|2
|
|switch|p2a: Tyranitar|Tyranitar, M|342\/342
|-weather|Sandstorm
|switch|p1a: Metal Man|Bisharp, M, shiny|279\/279
|
|-weather|Sandstorm|[upkeep]
|turn|3
|
|detailschange|p2a: Tyranitar|Tyranitar-Mega, M
|message|Tyranitar has Mega Evolved into Mega Tyranitar!
|move|p2a: Tyranitar|Earthquake|p1a: Metal Man
|-supereffective|p1a: Metal Man
|-damage|p1a: Metal Man|0 fnt
|faint|p1a: Metal Man
|
|-weather|Sandstorm|[upkeep]
|
|switch|p1a: Flame Man|Charizard-Mega-Y, M, shiny|174\/298
|-weather|SunnyDay
|turn|4
|
|switch|p2a: Togekiss|Togekiss, M|21\/312
|move|p1a: Flame Man|Focus Blast|p2a: Togekiss
|-resisted|p2a: Togekiss
|-damage|p2a: Togekiss|0 fnt
|faint|p2a: Togekiss
|
|-weather|SunnyDay|[upkeep]
|
|switch|p2a: Tyranitar|Tyranitar-Mega, M|342\/342
|-weather|Sandstorm
|turn|5
|
|switch|p1a: Splash Woman|Mandibuzz, F, shiny|424\/424
|move|p2a: Tyranitar|Dragon Dance|p2a: Tyranitar
|-boost|p2a: Tyranitar|atk|1
|-boost|p2a: Tyranitar|spe|1
|
|-weather|Sandstorm|[upkeep]
|turn|6
|
|move|p2a: Tyranitar|Ice Punch|p1a: Splash Woman
|-supereffective|p1a: Splash Woman
|-damage|p1a: Splash Woman|152\/424
|move|p1a: Splash Woman|Whirlwind|p2a: Tyranitar
|drag|p2a: Greninja|Greninja, M|285\/285
|
|-weather|Sandstorm|[upkeep]
|-damage|p2a: Greninja|268\/285|[from] sandstorm
|-heal|p1a: Splash Woman|178\/424|[from] item: Leftovers
|turn|7
|
|-start|p2a: Greninja|typechange|Ice|[from] Protean
|move|p2a: Greninja|Ice Beam|p1a: Splash Woman
|-supereffective|p1a: Splash Woman
|-damage|p1a: Splash Woman|0 fnt
|-damage|p2a: Greninja|240\/285|[from] item: Life Orb
|faint|p1a: Splash Woman
|
|-weather|Sandstorm|[upkeep]
|-damage|p2a: Greninja|223\/285|[from] sandstorm
|
|switch|p1a: Flame Man|Charizard-Mega-Y, M, shiny|174\/298
|-weather|SunnyDay
|turn|8
|
|-start|p2a: Greninja|typechange|Psychic|[from] Protean
|move|p2a: Greninja|Extrasensory|p1a: Flame Man
|-damage|p1a: Flame Man|38\/298
|-damage|p2a: Greninja|195\/285|[from] item: Life Orb
|move|p1a: Flame Man|Focus Blast|p2a: Greninja
|-resisted|p2a: Greninja
|-damage|p2a: Greninja|82\/285
|
|-weather|SunnyDay|[upkeep]
|turn|9
|
|switch|p1a: Bubble Man|Greninja, M, shiny|286\/286
|-start|p2a: Greninja|typechange|Water|[from] Protean
|move|p2a: Greninja|Surf|p1a: Bubble Man
|-resisted|p1a: Bubble Man
|-damage|p1a: Bubble Man|229\/286
|-damage|p2a: Greninja|54\/285|[from] item: Life Orb
|
|-weather|SunnyDay|[upkeep]
|turn|10
|
|switch|p2a: Tyranitar|Tyranitar-Mega, M|342\/342
|-weather|Sandstorm
|-start|p1a: Bubble Man|typechange|Dark|[from] Protean
|move|p1a: Bubble Man|Dark Pulse|p2a: Tyranitar
|-resisted|p2a: Tyranitar
|-damage|p2a: Tyranitar|300\/342
|-damage|p1a: Bubble Man|201\/286|[from] item: Life Orb
|
|-weather|Sandstorm|[upkeep]
|-damage|p1a: Bubble Man|184\/286|[from] sandstorm
|turn|11
|
|-start|p1a: Bubble Man|typechange|Water|[from] Protean
|move|p1a: Bubble Man|Hydro Pump|p2a: Tyranitar
|-crit|p2a: Tyranitar
|-supereffective|p2a: Tyranitar
|-damage|p2a: Tyranitar|0 fnt
|-damage|p1a: Bubble Man|156\/286|[from] item: Life Orb
|faint|p2a: Tyranitar
|
|-weather|Sandstorm|[upkeep]
|-damage|p1a: Bubble Man|139\/286|[from] sandstorm
|
|switch|p2a: Greninja|Greninja, M|54\/285
|turn|12
|
|-start|p1a: Bubble Man|typechange|Dark|[from] Protean
|move|p1a: Bubble Man|Dark Pulse|p2a: Greninja
|-resisted|p2a: Greninja
|-damage|p2a: Greninja|0 fnt
|-damage|p1a: Bubble Man|111\/286|[from] item: Life Orb
|faint|p2a: Greninja
|
|-weather|Sandstorm|[upkeep]
|-damage|p1a: Bubble Man|94\/286|[from] sandstorm
|
|switch|p2a: Infernape|Infernape, F|293\/293
|turn|13
|
|-start|p1a: Bubble Man|typechange|Water|[from] Protean
|move|p1a: Bubble Man|Hydro Pump|p2a: Infernape
|-supereffective|p2a: Infernape
|-enditem|p2a: Infernape|Focus Sash
|-damage|p2a: Infernape|1\/293
|-damage|p1a: Bubble Man|66\/286|[from] item: Life Orb
|move|p2a: Infernape|Stealth Rock|p1a: Bubble Man
|-sidestart|p1: BenTheDemon|move: Stealth Rock
|
|-weather|Sandstorm|[upkeep]
|-damage|p1a: Bubble Man|49\/286|[from] sandstorm
|-damage|p2a: Infernape|0 fnt|[from] sandstorm
|faint|p2a: Infernape
|
|switch|p2a: C'THULU|Diggersby, M|311\/311
|turn|14
|
|move|p2a: C'THULU|Quick Attack|p1a: Bubble Man
|-damage|p1a: Bubble Man|0 fnt
|-damage|p2a: C'THULU|280\/311|[from] item: Life Orb
|faint|p1a: Bubble Man
|
|-weather|none
|
|switch|p1a: Green Devil|Dragonite, M, shiny|324\/324
|-damage|p1a: Green Devil|243\/324|[from] Stealth Rock
|turn|15
|
|move|p1a: Green Devil|Extreme Speed|p2a: C'THULU
|-damage|p2a: C'THULU|151\/311
|move|p2a: C'THULU|Return|p1a: Green Devil
|-damage|p1a: Green Devil|0 fnt
|-damage|p2a: C'THULU|120\/311|[from] item: Life Orb
|faint|p1a: Green Devil
|
|
|switch|p1a: Shadow Man|Gengar, M, shiny|262\/262
|-damage|p1a: Shadow Man|230\/262|[from] Stealth Rock
|turn|16
|
|switch|p2a: Espeon|Espeon, F|299\/299
|move|p1a: Shadow Man|Counter|p2a: Espeon
|-fail|p2a: Espeon
|
|turn|17
|
|move|p2a: Espeon|Psychic|p1a: Shadow Man
|-supereffective|p1a: Shadow Man
|-damage|p1a: Shadow Man|0 fnt
|faint|p1a: Shadow Man
|
|-message|BenTheDemon forfeited.
|
|win|Tsugo
|raw|Ladder updating...
|leave|BenTheDemon
|player|p1
|raw|BenTheDemon's rating: 1401 &rarr; <strong>1384<\/strong><br \/>(-17 for losing)
|raw|Tsugo's rating: 1451 &rarr; <strong>1469<\/strong><br \/>(+18 for winning)