|join|BenTheDemon
|join|WeiWei
|player|p1|BenTheDemon|240
|player|p2|WeiWei|1
|gametype|singles
|gen|6
|tier|OU
|rated
|clearpoke
|poke|p1|Dragonite, M, shiny
|poke|p1|Greninja, M, shiny
|poke|p1|Mandibuzz, F, shiny
|poke|p1|Charizard, M, shiny
|poke|p1|Bisharp, M, shiny
|poke|p1|Gengar, M, shiny
|poke|p2|Sableye, F
|poke|p2|Rotom-Wash
|poke|p2|Clefable, F
|poke|p2|Deoxys-Defense
|poke|p2|Skarmory, F
|poke|p2|Blissey, F
|rule|Sleep Clause Mod: Limit one foe put to sleep
|rule|Species Clause: Limit one of each Pokemon
|rule|OHKO Clause: OHKO moves are banned
|rule|Moody Clause: Moody is banned
|rule|Evasion Moves Clause: Evasion moves are banned
|rule|Endless Battle Clause: Forcing endless battles is banned.
|rule|HP Percentage Mod: HP is reported as percentages
|teampreview
|
|start
|switch|p1a: Shadow Man|Gengar, M, shiny|262\/262
|switch|p2a: Rotom-Wash|Rotom-Wash|304\/304
|turn|1
|
|move|p1a: Shadow Man|Shadow Ball|p2a: Rotom-Wash
|-damage|p2a: Rotom-Wash|174\/304
|move|p2a: Rotom-Wash|Hydro Pump|p1a: Shadow Man
|-damage|p1a: Shadow Man|99\/262
|
|-heal|p2a: Rotom-Wash|193\/304|[from] item: Leftovers
|turn|2
|
|move|p1a: Shadow Man|Destiny Bond|p1a: Shadow Man
|-singlemove|p1a: Shadow Man|Destiny Bond
|move|p2a: Rotom-Wash|Volt Switch|p1a: Shadow Man
|-damage|p1a: Shadow Man|0 fnt
|faint|p1a: Shadow Man
|-activate|p1a: Shadow Man|Destiny Bond
|faint|p2a: Rotom-Wash
|
|
|switch|p1a: Metal Man|Bisharp, M, shiny|279\/279
|switch|p2a: Sableye|Sableye, F|304\/304
|turn|3
|
|switch|p1a: Flame Man|Charizard, M, shiny|298\/298
|move|p2a: Sableye|Will-O-Wisp|p1a: Flame Man|[miss]
|-miss|p2a: Sableye|p1a: Flame Man
|
|turn|4
|
|switch|p1a: Metal Man|Bisharp, M, shiny|279\/279
|move|p2a: Sableye|Taunt|p1a: Metal Man
|-start|p1a: Metal Man|move: Taunt
|
|turn|5
|
|switch|p1a: Flame Man|Charizard, M, shiny|298\/298
|switch|p2a: Clefable|Clefable, F|394\/394
|
|turn|6
|
|detailschange|p1a: Flame Man|Charizard-Mega-Y, M, shiny
|message|Charizard has Mega Evolved into Mega Charizard!
|-weather|SunnyDay
|move|p1a: Flame Man|Fire Blast|p2a: Clefable|[miss]
|-miss|p1a: Flame Man|p2a: Clefable
|move|p2a: Clefable|Cosmic Power|p2a: Clefable
|-boost|p2a: Clefable|def|1
|-boost|p2a: Clefable|spd|1
|
|-weather|SunnyDay|[upkeep]
|turn|7
|
|move|p1a: Flame Man|Fire Blast|p2a: Clefable|[miss]
|-miss|p1a: Flame Man|p2a: Clefable
|move|p2a: Clefable|Cosmic Power|p2a: Clefable
|-boost|p2a: Clefable|def|1
|-boost|p2a: Clefable|spd|1
|
|-weather|SunnyDay|[upkeep]
|turn|8
|
|move|p1a: Flame Man|Fire Blast|p2a: Clefable
|-damage|p2a: Clefable|252\/394
|move|p2a: Clefable|Substitute|p2a: Clefable
|-start|p2a: Clefable|Substitute
|-damage|p2a: Clefable|154\/394
|
|-weather|SunnyDay|[upkeep]
|-heal|p2a: Clefable|178\/394|[from] item: Leftovers
|turn|9
|chat|BenTheDemon|Fuck me... >.<
|
|switch|p1a: Metal Man|Bisharp, M, shiny|279\/279
|move|p2a: Clefable|Substitute|p2a: Clefable
|-fail|p2a: Clefable|move: Substitute
|
|-weather|SunnyDay|[upkeep]
|-heal|p2a: Clefable|202\/394|[from] item: Leftovers
|turn|10
|
|move|p1a: Metal Man|Iron Head|p2a: Clefable
|-supereffective|p2a: Clefable
|-end|p2a: Clefable|Substitute
|move|p2a: Clefable|Cosmic Power|p2a: Clefable
|-boost|p2a: Clefable|def|1
|-boost|p2a: Clefable|spd|1
|
|-weather|none
|-heal|p2a: Clefable|226\/394|[from] item: Leftovers
|turn|11
|
|move|p1a: Metal Man|Iron Head|p2a: Clefable
|-supereffective|p2a: Clefable
|-damage|p2a: Clefable|68\/394
|move|p2a: Clefable|Substitute|p2a: Clefable
|-fail|p2a: Clefable|move: Substitute|[weak]
|
|-heal|p2a: Clefable|92\/394|[from] item: Leftovers
|turn|12
|
|switch|p2a: Skarmory|Skarmory, F|334\/334
|move|p1a: Metal Man|Iron Head|p2a: Skarmory
|-resisted|p2a: Skarmory
|-damage|p2a: Skarmory|292\/334
|
|-heal|p2a: Skarmory|312\/334|[from] item: Leftovers
|turn|13
|
|move|p1a: Metal Man|Knock Off|p2a: Skarmory
|-crit|p2a: Skarmory
|-damage|p2a: Skarmory|119\/334
|-enditem|p2a: Skarmory|Leftovers|[from] move: Knock Off|[of] p1a: Metal Man
|move|p2a: Skarmory|Stealth Rock|p1a: Metal Man
|-sidestart|p1: BenTheDemon|move: Stealth Rock
|
|turn|14
|
|move|p1a: Metal Man|Knock Off|p2a: Skarmory
|-damage|p2a: Skarmory|31\/334
|move|p2a: Skarmory|Roost|p2a: Skarmory
|-heal|p2a: Skarmory|198\/334
|
|turn|15
|
|move|p1a: Metal Man|Swords Dance|p1a: Metal Man
|-boost|p1a: Metal Man|atk|2
|move|p2a: Skarmory|Whirlwind|p1a: Metal Man
|drag|p1a: Splash Woman|Mandibuzz, F, shiny|424\/424
|-damage|p1a: Splash Woman|318\/424|[from] Stealth Rock
|
|-heal|p1a: Splash Woman|344\/424|[from] item: Leftovers
|turn|16
|
|move|p1a: Splash Woman|Defog|p2a: Skarmory
|-unboost|p2a: Skarmory|evasion|1
|-sideend|p1: BenTheDemon|Stealth Rock|[from] move: Defog|[of] p1a: Splash Woman
|move|p2a: Skarmory|Roost|p2a: Skarmory
|-heal|p2a: Skarmory|334\/334
|
|-heal|p1a: Splash Woman|370\/424|[from] item: Leftovers
|turn|17
|
|switch|p1a: Flame Man|Charizard-Mega-Y, M, shiny|298\/298
|-weather|SunnyDay
|move|p2a: Skarmory|Stealth Rock|p1a: Flame Man
|-sidestart|p1: BenTheDemon|move: Stealth Rock
|
|-weather|SunnyDay|[upkeep]
|turn|18
|
|switch|p2a: Blissey|Blissey, F|686\/686
|move|p1a: Flame Man|Fire Blast|p2a: Blissey
|-damage|p2a: Blissey|419\/686
|
|-weather|SunnyDay|[upkeep]
|-heal|p2a: Blissey|461\/686|[from] item: Leftovers
|turn|19
|
|move|p1a: Flame Man|Focus Blast|p2a: Blissey
|-supereffective|p2a: Blissey
|-damage|p2a: Blissey|187\/686
|-unboost|p2a: Blissey|spd|1
|move|p2a: Blissey|Wish|p2a: Blissey
|
|-weather|SunnyDay|[upkeep]
|-heal|p2a: Blissey|229\/686|[from] item: Leftovers
|turn|20
|
|switch|p2a: Deoxys-Defense|Deoxys-Defense|303\/303
|-ability|p2a: Deoxys-Defense|Pressure
|move|p1a: Flame Man|Focus Blast|p2a: Deoxys-Defense
|-resisted|p2a: Deoxys-Defense
|-damage|p2a: Deoxys-Defense|249\/303
|-unboost|p2a: Deoxys-Defense|spd|1
|
|-weather|SunnyDay|[upkeep]
|-heal|p2a: Deoxys-Defense|303\/303|[from] move: Wish|[wisher] Blissey
|turn|21
|
|move|p1a: Flame Man|Fire Blast|p2a: Deoxys-Defense
|-crit|p2a: Deoxys-Defense
|-damage|p2a: Deoxys-Defense|0 fnt
|faint|p2a: Deoxys-Defense
|
|-weather|none
|
|switch|p2a: Blissey|Blissey, F|229\/686
|turn|22
|
|move|p1a: Flame Man|Focus Blast|p2a: Blissey
|-supereffective|p2a: Blissey
|-damage|p2a: Blissey|0 fnt
|faint|p2a: Blissey
|
|-message|WeiWei forfeited.
|
|win|BenTheDemon
|raw|Ladder updating...
|leave|WeiWei
|player|p2
|raw|BenTheDemon's rating: 1519 &rarr; <strong>1536<\/strong><br \/>(+17 for winning)
|raw|WeiWei's rating: 1468 &rarr; <strong>1451<\/strong><br \/>(-17 for losing)