|join|BenTheDemon
|join|Incognitus
|player|p1|BenTheDemon|240
|player|p2|Incognitus|265
|gametype|singles
|gen|6
|tier|OU
|rated
|clearpoke
|poke|p1|Dragonite, M, shiny
|poke|p1|Greninja, M, shiny
|poke|p1|Mandibuzz, F, shiny
|poke|p1|Charizard, M, shiny
|poke|p1|Bisharp, M, shiny
|poke|p1|Gengar, M, shiny
|poke|p2|Rotom-Wash
|poke|p2|Amoonguss, M
|poke|p2|Pinsir, M
|poke|p2|Excadrill, M
|poke|p2|Chandelure, M
|poke|p2|Tyranitar, F
|rule|Sleep Clause Mod: Limit one foe put to sleep
|rule|Species Clause: Limit one of each Pokemon
|rule|OHKO Clause: OHKO moves are banned
|rule|Moody Clause: Moody is banned
|rule|Evasion Moves Clause: Evasion moves are banned
|rule|Endless Battle Clause: Forcing endless battles is banned.
|rule|HP Percentage Mod: HP is reported as percentages
|teampreview
|
|start
|switch|p1a: Flame Man|Charizard, M, shiny|297\/297
|switch|p2a: Tyranitar|Tyranitar, F|342\/342
|-weather|Sandstorm
|turn|1
|
|-formechange|p1a: Flame Man|Charizard-Mega-Y
|message|Charizard has Mega Evolved into Mega Charizard!
|-weather|SunnyDay
|move|p1a: Flame Man|Focus Blast|p2a: Tyranitar
|-supereffective|p2a: Tyranitar
|-damage|p2a: Tyranitar|0 fnt
|faint|p2a: Tyranitar
|
|-weather|SunnyDay|[upkeep]
|
|switch|p2a: Chandelure|Chandelure, M|262\/262
|turn|2
|
|switch|p1a: Splash Woman|Mandibuzz, F, shiny|424\/424
|move|p2a: Chandelure|Shadow Ball|p1a: Splash Woman
|-resisted|p1a: Splash Woman
|-damage|p1a: Splash Woman|355\/424
|-unboost|p1a: Splash Woman|spd|1
|
|-weather|SunnyDay|[upkeep]
|-heal|p1a: Splash Woman|381\/424|[from] item: Leftovers
|turn|3
|
|switch|p2a: Amoonguss|Amoonguss, M|432\/432
|move|p1a: Splash Woman|Knock Off|p2a: Amoonguss
|-damage|p2a: Amoonguss|345\/432
|-enditem|p2a: Amoonguss|Black Sludge|[from] move: Knock Off|[of] p1a: Splash Woman
|
|-weather|SunnyDay|[upkeep]
|-heal|p1a: Splash Woman|407\/424|[from] item: Leftovers
|turn|4
|
|move|p1a: Splash Woman|Foul Play|p2a: Amoonguss
|-damage|p2a: Amoonguss|255\/432
|move|p2a: Amoonguss|Toxic|p1a: Splash Woman
|-status|p1a: Splash Woman|tox
|
|-weather|SunnyDay|[upkeep]
|-heal|p1a: Splash Woman|424\/424 tox|[from] item: Leftovers
|-damage|p1a: Splash Woman|398\/424 tox|[from] psn
|turn|5
|
|switch|p2a: Rotom-Wash|Rotom-Wash|304\/304
|move|p1a: Splash Woman|Foul Play|p2a: Rotom-Wash
|-damage|p2a: Rotom-Wash|253\/304
|
|-weather|none
|-heal|p1a: Splash Woman|424\/424 tox|[from] item: Leftovers
|-damage|p1a: Splash Woman|372\/424 tox|[from] psn
|turn|6
|
|move|p2a: Rotom-Wash|Volt Switch|p1a: Splash Woman
|-supereffective|p1a: Splash Woman
|-damage|p1a: Splash Woman|150\/424 tox
|
|switch|p2a: Amoonguss|Amoonguss, M|399\/432
|move|p1a: Splash Woman|Knock Off|p2a: Amoonguss
|-damage|p2a: Amoonguss|345\/432
|
|-heal|p1a: Splash Woman|176\/424 tox|[from] item: Leftovers
|-damage|p1a: Splash Woman|98\/424 tox|[from] psn
|turn|7
|
|move|p1a: Splash Woman|Foul Play|p2a: Amoonguss
|-damage|p2a: Amoonguss|249\/432
|move|p2a: Amoonguss|Sludge Bomb|p1a: Splash Woman
|-damage|p1a: Splash Woman|0 fnt
|faint|p1a: Splash Woman
|
|
|switch|p1a: Bubble Man|Greninja, M, shiny|286\/286
|turn|8
|
|switch|p2a: Rotom-Wash|Rotom-Wash|253\/304
|-start|p1a: Bubble Man|typechange|Psychic|[from] Protean
|move|p1a: Bubble Man|Extrasensory|p2a: Rotom-Wash
|-damage|p2a: Rotom-Wash|100\/304
|-damage|p1a: Bubble Man|258\/286|[from] item: Life Orb
|
|turn|9
|
|move|p1a: Bubble Man|Extrasensory|p2a: Rotom-Wash
|-damage|p2a: Rotom-Wash|0 fnt
|-damage|p1a: Bubble Man|230\/286|[from] item: Life Orb
|faint|p2a: Rotom-Wash
|
|
|switch|p2a: Chandelure|Chandelure, M|262\/262
|turn|10
|
|switch|p1a: Metal Man|Bisharp, M, shiny|279\/279
|move|p2a: Chandelure|Overheat|p1a: Metal Man
|-supereffective|p1a: Metal Man
|-damage|p1a: Metal Man|0 fnt
|-unboost|p2a: Chandelure|spa|2
|faint|p1a: Metal Man
|
|
|switch|p1a: Bubble Man|Greninja, M, shiny|230\/286
|turn|11
|
|switch|p2a: Amoonguss|Amoonguss, M|393\/432
|-start|p1a: Bubble Man|typechange|Dark|[from] Protean
|move|p1a: Bubble Man|Dark Pulse|p2a: Amoonguss
|-damage|p2a: Amoonguss|218\/432
|-damage|p1a: Bubble Man|202\/286|[from] item: Life Orb
|
|turn|12
|
|switch|p2a: Excadrill|Excadrill, M|362\/362
|-ability|p2a: Excadrill|Mold Breaker
|-item|p2a: Excadrill|Air Balloon
|-start|p1a: Bubble Man|typechange|Ice|[from] Protean
|move|p1a: Bubble Man|Ice Beam|p2a: Excadrill
|-crit|p2a: Excadrill
|-damage|p2a: Excadrill|0 fnt
|-enditem|p2a: Excadrill|Air Balloon
|-damage|p1a: Bubble Man|174\/286|[from] item: Life Orb
|faint|p2a: Excadrill
|
|
|switch|p2a: Chandelure|Chandelure, M|262\/262
|turn|13
|
|switch|p1a: Yellow Devil|Dragonite, M, shiny|386\/386
|move|p2a: Chandelure|Shadow Ball|p1a: Yellow Devil
|-damage|p1a: Yellow Devil|315\/386
|
|turn|14
|
|switch|p2a: Amoonguss|Amoonguss, M|362\/432
|move|p1a: Yellow Devil|Dragon Dance|p1a: Yellow Devil
|-boost|p1a: Yellow Devil|atk|1
|-boost|p1a: Yellow Devil|spe|1
|
|turn|15
|
|move|p1a: Yellow Devil|Dragon Claw|p2a: Amoonguss
|-damage|p2a: Amoonguss|182\/432
|move|p2a: Amoonguss|Spore|p1a: Yellow Devil
|-status|p1a: Yellow Devil|slp
|
|turn|16
|
|switch|p2a: Pinsir|Pinsir, M|272\/272
|cant|p1a: Yellow Devil|slp
|
|turn|17
|
|-formechange|p2a: Pinsir|Pinsir-Mega
|message|Pinsir has Mega Evolved into Mega Pinsir!
|cant|p1a: Yellow Devil|slp
|move|p2a: Pinsir|Frustration|p1a: Yellow Devil
|-damage|p1a: Yellow Devil|35\/386 slp
|
|turn|18
|
|-curestatus|p1a: Yellow Devil|slp
|move|p1a: Yellow Devil|Dragon Claw|p2a: Pinsir
|-damage|p2a: Pinsir|112\/272
|move|p2a: Pinsir|Frustration|p1a: Yellow Devil
|-damage|p1a: Yellow Devil|0 fnt
|faint|p1a: Yellow Devil
|
|
|switch|p1a: Flame Man|Charizard, M, shiny|297\/297
|-formechange|p1a: Flame Man|Charizard-Mega-Y
|-weather|SunnyDay
|turn|19
|
|switch|p2a: Chandelure|Chandelure, M|262\/262
|move|p1a: Flame Man|Fire Blast|p2a: Chandelure
|-start|p2a: Chandelure|ability: Flash Fire
|
|-weather|SunnyDay|[upkeep]
|turn|20
|
|switch|p1a: Bubble Man|Greninja, M, shiny|174\/286
|move|p2a: Chandelure|Overheat|p1a: Bubble Man|[miss]
|-miss|p2a: Chandelure|p1a: Bubble Man
|
|-weather|SunnyDay|[upkeep]
|turn|21
|
|switch|p2a: Amoonguss|Amoonguss, M|326\/432
|-start|p1a: Bubble Man|typechange|Dark|[from] Protean
|move|p1a: Bubble Man|Dark Pulse|p2a: Amoonguss
|-damage|p2a: Amoonguss|170\/432
|-damage|p1a: Bubble Man|146\/286|[from] item: Life Orb
|
|-weather|SunnyDay|[upkeep]
|turn|22
|
|-start|p1a: Bubble Man|typechange|Psychic|[from] Protean
|move|p1a: Bubble Man|Extrasensory|p2a: Amoonguss
|-supereffective|p2a: Amoonguss
|-damage|p2a: Amoonguss|0 fnt
|-damage|p1a: Bubble Man|118\/286|[from] item: Life Orb
|faint|p2a: Amoonguss
|
|-weather|SunnyDay|[upkeep]
|
|switch|p2a: Chandelure|Chandelure, M|262\/262
|turn|23
|
|switch|p1a: Flame Man|Charizard, M, shiny|297\/297
|-formechange|p1a: Flame Man|Charizard-Mega-Y
|move|p2a: Chandelure|Shadow Ball|p1a: Flame Man
|-damage|p1a: Flame Man|168\/297
|
|-weather|none
|turn|24
|
|move|p2a: Chandelure|Shadow Ball|p1a: Flame Man
|-damage|p1a: Flame Man|26\/297
|move|p1a: Flame Man|Roost|p1a: Flame Man
|-heal|p1a: Flame Man|175\/297
|
|turn|25
|
|move|p2a: Chandelure|Shadow Ball|p1a: Flame Man
|-damage|p1a: Flame Man|30\/297
|move|p1a: Flame Man|Roost|p1a: Flame Man
|-heal|p1a: Flame Man|179\/297
|
|turn|26
|
|move|p2a: Chandelure|Shadow Ball|p1a: Flame Man
|-damage|p1a: Flame Man|53\/297
|move|p1a: Flame Man|Roost|p1a: Flame Man
|-heal|p1a: Flame Man|202\/297
|
|turn|27
|
|move|p2a: Chandelure|Shadow Ball|p1a: Flame Man
|-damage|p1a: Flame Man|69\/297
|-unboost|p1a: Flame Man|spd|1
|move|p1a: Flame Man|Roost|p1a: Flame Man
|-heal|p1a: Flame Man|218\/297
|
|turn|28
|
|move|p2a: Chandelure|Shadow Ball|p1a: Flame Man
|-damage|p1a: Flame Man|28\/297
|-unboost|p1a: Flame Man|spd|1
|move|p1a: Flame Man|Roost|p1a: Flame Man
|-heal|p1a: Flame Man|177\/297
|
|turn|29
|
|move|p2a: Chandelure|Shadow Ball|p1a: Flame Man
|-damage|p1a: Flame Man|0 fnt
|faint|p1a: Flame Man
|
|
|switch|p1a: Shadow Man|Gengar, M, shiny|262\/262
|turn|30
|
|move|p2a: Chandelure|Shadow Ball|p1a: Shadow Man
|-supereffective|p1a: Shadow Man
|-enditem|p1a: Shadow Man|Focus Sash
|-damage|p1a: Shadow Man|1\/262
|move|p1a: Shadow Man|Shadow Ball|p2a: Chandelure
|-supereffective|p2a: Chandelure
|-damage|p2a: Chandelure|0 fnt
|faint|p2a: Chandelure
|
|
|switch|p2a: Pinsir|Pinsir, M|112\/272
|-formechange|p2a: Pinsir|Pinsir-Mega
|turn|31
|
|move|p2a: Pinsir|Quick Attack|p1a: Shadow Man
|-damage|p1a: Shadow Man|0 fnt
|faint|p1a: Shadow Man
|
|
|switch|p1a: Bubble Man|Greninja, M, shiny|118\/286
|turn|32
|
|move|p2a: Pinsir|Quick Attack|p1a: Bubble Man
|-damage|p1a: Bubble Man|0 fnt
|faint|p1a: Bubble Man
|
|win|Incognitus
|raw|Ladder updating...
|chat|Incognitus|gg
|raw|BenTheDemon's rating: 1524 &rarr; <strong>1504<\/strong><br \/>(-20 for losing)
|raw|Incognitus's rating: 1524 &rarr; <strong>1544<\/strong><br \/>(+20 for winning)
|leave|BenTheDemon
|player|p1