|join|BenTheDemon
|join|mliok
|player|p1|BenTheDemon|53
|player|p2|mliok|169
|gametype|singles
|gen|6
|tier|OU
|rated
|clearpoke
|poke|p1|Dragonite, M, shiny
|poke|p1|Greninja, M, shiny
|poke|p1|Mandibuzz, F, shiny
|poke|p1|Charizard, M
|poke|p1|Excadrill, M
|poke|p1|Gengar, M, shiny
|poke|p2|Keldeo
|poke|p2|Breloom, M
|poke|p2|Heatran, F
|poke|p2|Latios, M
|poke|p2|Clefable, M
|poke|p2|Mawile, M
|rule|Swagger Clause: Swagger is banned
|rule|Baton Pass Clause: Limit one PokÃ©mon knowing Baton Pass
|rule|Sleep Clause Mod: Limit one foe put to sleep
|rule|Species Clause: Limit one of each PokÃ©mon
|rule|OHKO Clause: OHKO moves are banned
|rule|Moody Clause: Moody is banned
|rule|Evasion Moves Clause: Evasion moves are banned
|rule|Endless Battle Clause: Forcing endless battles is banned
|rule|HP Percentage Mod: HP is shown in percentages
|teampreview
|
|start
|switch|p1a: Shadow Man|Gengar, M, shiny|268\/268
|switch|p2a: Cldvoiture|Clefable, M|394\/394
|turn|1
|
|move|p1a: Shadow Man|Taunt|p2a: Cldvoiture
|-start|p2a: Cldvoiture|move: Taunt
|cant|p2a: Cldvoiture|move: Taunt|Stealth Rock
|
|turn|2
|
|switch|p1a: Excadrill|Excadrill, M|362\/362
|-ability|p1a: Excadrill|Mold Breaker
|switch|p2a: Akainu|Heatran, F|336\/336
|-item|p2a: Akainu|Air Balloon
|
|turn|3
|
|switch|p1a: Splash Woman|Mandibuzz, F, shiny|424\/424
|move|p2a: Akainu|Lava Plume|p1a: Splash Woman
|-damage|p1a: Splash Woman|273\/424
|
|-heal|p1a: Splash Woman|299\/424|[from] item: Leftovers
|turn|4
|
|switch|p2a: Cldvoiture|Clefable, M|394\/394
|move|p1a: Splash Woman|Foul Play|p2a: Cldvoiture
|-resisted|p2a: Cldvoiture
|-damage|p2a: Cldvoiture|343\/394
|
|-heal|p1a: Splash Woman|325\/424|[from] item: Leftovers
|-heal|p2a: Cldvoiture|367\/394|[from] item: Leftovers
|turn|5
|
|switch|p1a: Excadrill|Excadrill, M|362\/362
|-ability|p1a: Excadrill|Mold Breaker
|move|p2a: Cldvoiture|Stealth Rock|p1a: Excadrill
|-sidestart|p1: BenTheDemon|move: Stealth Rock
|
|-heal|p2a: Cldvoiture|391\/394|[from] item: Leftovers
|turn|6
|
|move|p2a: Cldvoiture|Protect|p2a: Cldvoiture
|-singleturn|p2a: Cldvoiture|Protect
|move|p1a: Excadrill|Earthquake|p2a: Cldvoiture
|-activate|p2a: Cldvoiture|Protect
|
|-heal|p2a: Cldvoiture|394\/394|[from] item: Leftovers
|turn|7
|
|switch|p1a: Splash Woman|Mandibuzz, F, shiny|325\/424
|-damage|p1a: Splash Woman|219\/424|[from] Stealth Rock
|switch|p2a: Roronoa|Breloom, M|262\/262
|
|-heal|p1a: Splash Woman|245\/424|[from] item: Leftovers
|turn|8
|
|move|p2a: Roronoa|Rock Tomb|p1a: Splash Woman
|-supereffective|p1a: Splash Woman
|-damage|p1a: Splash Woman|71\/424
|-unboost|p1a: Splash Woman|spe|1
|move|p1a: Splash Woman|Defog|p2a: Roronoa
|-unboost|p2a: Roronoa|evasion|1
|-sideend|p1: BenTheDemon|Stealth Rock|[from] move: Defog|[of] p1a: Splash Woman
|
|-heal|p1a: Splash Woman|97\/424|[from] item: Leftovers
|turn|9
|
|move|p2a: Roronoa|Rock Tomb|p1a: Splash Woman
|-supereffective|p1a: Splash Woman
|-damage|p1a: Splash Woman|0 fnt
|faint|p1a: Splash Woman
|
|
|switch|p1a: Shadow Man|Gengar, M, shiny|268\/268
|turn|10
|
|move|p1a: Shadow Man|Substitute|p1a: Shadow Man
|-start|p1a: Shadow Man|Substitute
|-damage|p1a: Shadow Man|201\/268
|move|p2a: Roronoa|Rock Tomb|p1a: Shadow Man
|-end|p1a: Shadow Man|Substitute
|
|-heal|p1a: Shadow Man|217\/268|[from] item: Black Sludge
|turn|11
|
|move|p1a: Shadow Man|Will-O-Wisp|p2a: Roronoa
|-status|p2a: Roronoa|brn
|move|p2a: Roronoa|Rock Tomb|p1a: Shadow Man
|-damage|p1a: Shadow Man|122\/268
|-unboost|p1a: Shadow Man|spe|1
|
|-heal|p1a: Shadow Man|138\/268|[from] item: Black Sludge
|-damage|p2a: Roronoa|230\/262 brn|[from] brn
|turn|12
|
|switch|p1a: Excadrill|Excadrill, M|362\/362
|-ability|p1a: Excadrill|Mold Breaker
|move|p2a: Roronoa|Spore|p1a: Excadrill
|-status|p1a: Excadrill|slp
|
|-damage|p2a: Roronoa|198\/262 brn|[from] brn
|turn|13
|
|switch|p2a: Cldvoiture|Clefable, M|394\/394
|cant|p1a: Excadrill|slp
|
|turn|14
|
|cant|p1a: Excadrill|slp
|move|p2a: Cldvoiture|Stealth Rock|p1a: Excadrill
|-sidestart|p1: BenTheDemon|move: Stealth Rock
|
|turn|15
|
|switch|p2a: Jinbei|Keldeo|322\/322
|-curestatus|p1a: Excadrill|slp
|move|p1a: Excadrill|Iron Head|p2a: Jinbei
|-resisted|p2a: Jinbei
|-damage|p2a: Jinbei|240\/322
|
|turn|16
|
|switch|p1a: Bubble Man|Greninja, M, shiny|286\/286
|-damage|p1a: Bubble Man|251\/286|[from] Stealth Rock
|move|p2a: Jinbei|Secret Sword|p1a: Bubble Man
|-supereffective|p1a: Bubble Man
|-damage|p1a: Bubble Man|0 fnt
|faint|p1a: Bubble Man
|
|
|switch|p1a: Excadrill|Excadrill, M|362\/362
|-damage|p1a: Excadrill|351\/362|[from] Stealth Rock
|-ability|p1a: Excadrill|Mold Breaker
|turn|17
|
|switch|p2a: Akainu|Heatran, F|336\/336
|-item|p2a: Akainu|Air Balloon
|move|p1a: Excadrill|Rapid Spin|p2a: Akainu
|-resisted|p2a: Akainu
|-damage|p2a: Akainu|323\/336
|-enditem|p2a: Akainu|Air Balloon
|-sideend|p1: BenTheDemon|Stealth Rock|[from] move: Rapid Spin|[of] p1a: Excadrill
|
|turn|18
|
|switch|p1a: Green Devil|Dragonite, M, shiny|324\/324
|move|p2a: Akainu|Lava Plume|p1a: Green Devil
|-resisted|p1a: Green Devil
|-damage|p1a: Green Devil|282\/324
|
|turn|19
|
|move|p1a: Green Devil|Earthquake|p2a: Akainu
|-supereffective|p2a: Akainu
|-damage|p2a: Akainu|0 fnt
|faint|p2a: Akainu
|
|
|switch|p2a: Jinbei|Keldeo|240\/322
|turn|20
|
|move|p1a: Green Devil|Extreme Speed|p2a: Jinbei
|-damage|p2a: Jinbei|122\/322
|move|p2a: Jinbei|Icy Wind|p1a: Green Devil
|-supereffective|p1a: Green Devil
|-damage|p1a: Green Devil|0 fnt
|faint|p1a: Green Devil
|
|
|switch|p1a: Flame Man|Charizard, M|298\/298
|turn|21
|
|detailschange|p1a: Flame Man|Charizard-Mega-X, M
|message|Charizard has Mega Evolved into Mega Charizard!
|move|p2a: Jinbei|Icy Wind|p1a: Flame Man
|-damage|p1a: Flame Man|177\/298
|-unboost|p1a: Flame Man|spe|1
|move|p1a: Flame Man|Dragon Dance|p1a: Flame Man
|-boost|p1a: Flame Man|atk|1
|-boost|p1a: Flame Man|spe|1
|
|turn|22
|
|move|p2a: Jinbei|Icy Wind|p1a: Flame Man
|-damage|p1a: Flame Man|59\/298
|-unboost|p1a: Flame Man|spe|1
|move|p1a: Flame Man|Roost|p1a: Flame Man
|-heal|p1a: Flame Man|208\/298
|
|turn|23
|
|move|p2a: Jinbei|Icy Wind|p1a: Flame Man
|-damage|p1a: Flame Man|98\/298
|-unboost|p1a: Flame Man|spe|1
|move|p1a: Flame Man|Roost|p1a: Flame Man
|-heal|p1a: Flame Man|247\/298
|
|turn|24
|
|move|p2a: Jinbei|Icy Wind|p1a: Flame Man
|-damage|p1a: Flame Man|129\/298
|-unboost|p1a: Flame Man|spe|1
|move|p1a: Flame Man|Roost|p1a: Flame Man
|-heal|p1a: Flame Man|278\/298
|
|turn|25
|
|move|p2a: Jinbei|Icy Wind|p1a: Flame Man
|-damage|p1a: Flame Man|162\/298
|-unboost|p1a: Flame Man|spe|1
|move|p1a: Flame Man|Dragon Claw|p2a: Jinbei
|-damage|p2a: Jinbei|0 fnt
|faint|p2a: Jinbei
|
|
|switch|p2a: Chuck|Mawile, M|304\/304
|-ability|p2a: Chuck|Intimidate|[of] p1a: Flame Man
|-unboost|p1a: Flame Man|atk|1
|turn|26
|
|detailschange|p2a: Chuck|Mawile-Mega, M
|message|Mawile has Mega Evolved into Mega Mawile!
|move|p2a: Chuck|Play Rough|p1a: Flame Man
|-damage|p1a: Flame Man|0 fnt
|faint|p1a: Flame Man
|
|
|switch|p1a: Shadow Man|Gengar, M, shiny|138\/268
|turn|27
|
|switch|p2a: Cldvoiture|Clefable, M|394\/394
|move|p1a: Shadow Man|Substitute|p1a: Shadow Man
|-start|p1a: Shadow Man|Substitute
|-damage|p1a: Shadow Man|71\/268
|
|-heal|p1a: Shadow Man|87\/268|[from] item: Black Sludge
|turn|28
|
|move|p1a: Shadow Man|Taunt|p2a: Cldvoiture
|-start|p2a: Cldvoiture|move: Taunt
|move|p2a: Cldvoiture|Moonblast|p1a: Shadow Man
|-resisted|p1a: Shadow Man
|-activate|p1a: Shadow Man|Substitute|[damage]
|
|-heal|p1a: Shadow Man|103\/268|[from] item: Black Sludge
|turn|29
|
|move|p1a: Shadow Man|Will-O-Wisp|p2a: Cldvoiture|[miss]
|-miss|p1a: Shadow Man|p2a: Cldvoiture
|move|p2a: Cldvoiture|Moonblast|p1a: Shadow Man
|-resisted|p1a: Shadow Man
|-end|p1a: Shadow Man|Substitute
|
|-heal|p1a: Shadow Man|119\/268|[from] item: Black Sludge
|turn|30
|
|move|p1a: Shadow Man|Will-O-Wisp|p2a: Cldvoiture
|-status|p2a: Cldvoiture|brn
|move|p2a: Cldvoiture|Moonblast|p1a: Shadow Man
|-resisted|p1a: Shadow Man
|-damage|p1a: Shadow Man|59\/268
|-unboost|p1a: Shadow Man|spa|1
|
|-heal|p1a: Shadow Man|75\/268|[from] item: Black Sludge
|-end|p2a: Cldvoiture|move: Taunt
|turn|31
|
|move|p1a: Shadow Man|Taunt|p2a: Cldvoiture
|-start|p2a: Cldvoiture|move: Taunt
|move|p2a: Cldvoiture|Moonblast|p1a: Shadow Man
|-resisted|p1a: Shadow Man
|-damage|p1a: Shadow Man|11\/268
|
|-heal|p1a: Shadow Man|27\/268|[from] item: Black Sludge
|turn|32
|
|switch|p1a: Excadrill|Excadrill, M|351\/362
|-ability|p1a: Excadrill|Mold Breaker
|move|p2a: Cldvoiture|Moonblast|p1a: Excadrill
|-resisted|p1a: Excadrill
|-damage|p1a: Excadrill|275\/362
|
|turn|33
|
|switch|p2a: Roronoa|Breloom, M|198\/262 brn
|move|p1a: Excadrill|Iron Head|p2a: Roronoa
|-damage|p2a: Roronoa|0 fnt
|faint|p2a: Roronoa
|
|
|switch|p2a: Chuck|Mawile-Mega, M|304\/304
|turn|34
|
|switch|p1a: Shadow Man|Gengar, M, shiny|27\/268
|move|p2a: Chuck|Fire Fang|p1a: Shadow Man
|-damage|p1a: Shadow Man|0 fnt
|faint|p1a: Shadow Man
|
|
|switch|p1a: Excadrill|Excadrill, M|275\/362
|-ability|p1a: Excadrill|Mold Breaker
|turn|35
|
|move|p2a: Chuck|Sucker Punch|p1a: Excadrill
|-damage|p1a: Excadrill|11\/362
|move|p1a: Excadrill|Iron Head|p2a: Chuck
|-crit|p2a: Chuck
|-damage|p2a: Chuck|115\/304
|
|turn|36
|
|move|p2a: Chuck|Sucker Punch|p1a: Excadrill
|-damage|p1a: Excadrill|0 fnt
|faint|p1a: Excadrill
|
|win|mliok
|raw|Ladder updating...
|raw|BenTheDemon's rating: 1681 &rarr; <strong>1662<\/strong><br \/>(-19 for losing)
|raw|mliok's rating: 1682 &rarr; <strong>1702<\/strong><br \/>(+20 for winning)