|join|asdf435
|join|BenTheDemon
|player|p1|asdf435|169
|player|p2|BenTheDemon|53
|gametype|singles
|gen|6
|tier|OU
|rated
|clearpoke
|poke|p1|Magnezone
|poke|p1|Azumarill, F
|poke|p1|Bisharp, M
|poke|p1|Clefable, M
|poke|p1|Landorus-Therian, M
|poke|p1|Latios, M
|poke|p2|Dragonite, M, shiny
|poke|p2|Greninja, M, shiny
|poke|p2|Charizard, M
|poke|p2|Excadrill, M
|poke|p2|Gliscor, M
|poke|p2|Gengar, M, shiny
|rule|Swagger Clause: Swagger is banned
|rule|Baton Pass Clause: Limit one PokÃ©mon knowing Baton Pass
|rule|Sleep Clause Mod: Limit one foe put to sleep
|rule|Species Clause: Limit one of each PokÃ©mon
|rule|OHKO Clause: OHKO moves are banned
|rule|Moody Clause: Moody is banned
|rule|Evasion Moves Clause: Evasion moves are banned
|rule|Endless Battle Clause: Forcing endless battles is banned
|rule|HP Percentage Mod: HP is shown in percentages
|teampreview
|
|start
|switch|p1a: Magnezone|Magnezone|282\/282
|switch|p2a: Ground Man|Gliscor, M|354\/354
|turn|1
|
|switch|p1a: Clefable|Clefable, M|394\/394
|move|p2a: Ground Man|Stealth Rock|p1a: Clefable
|-sidestart|p1: asdf435|move: Stealth Rock
|
|-status|p2a: Ground Man|tox|[from] item: Toxic Orb
|turn|2
|
|move|p2a: Ground Man|Toxic|p1a: Clefable
|-status|p1a: Clefable|tox
|move|p1a: Clefable|Calm Mind|p1a: Clefable
|-boost|p1a: Clefable|spa|1
|-boost|p1a: Clefable|spd|1
|
|turn|3
|
|switch|p2a: Drill Man|Excadrill, M|391\/391
|-ability|p2a: Drill Man|Mold Breaker
|move|p1a: Clefable|Calm Mind|p1a: Clefable
|-boost|p1a: Clefable|spa|1
|-boost|p1a: Clefable|spd|1
|
|turn|4
|
|switch|p1a: Landorus-Therian|Landorus-Therian, M|382\/382
|-damage|p1a: Landorus-Therian|335\/382|[from] Stealth Rock
|-ability|p1a: Landorus-Therian|Intimidate|[of] p2a: Drill Man
|-unboost|p2a: Drill Man|atk|1
|move|p2a: Drill Man|Iron Head|p1a: Landorus-Therian
|-damage|p1a: Landorus-Therian|262\/382
|
|-heal|p1a: Landorus-Therian|285\/382|[from] item: Leftovers
|turn|5
|
|switch|p2a: Ground Man|Gliscor, M|354\/354 tox
|move|p1a: Landorus-Therian|Stealth Rock|p2a: Ground Man
|-sidestart|p2: BenTheDemon|move: Stealth Rock
|
|-heal|p1a: Landorus-Therian|308\/382|[from] item: Leftovers
|turn|6
|
|move|p2a: Ground Man|Toxic|p1a: Landorus-Therian
|-status|p1a: Landorus-Therian|tox
|move|p1a: Landorus-Therian|U-turn|p2a: Ground Man
|-resisted|p2a: Ground Man
|-damage|p2a: Ground Man|320\/354 tox
|
|switch|p1a: Azumarill|Azumarill, F|363\/363
|-damage|p1a: Azumarill|318\/363|[from] Stealth Rock
|
|-heal|p2a: Ground Man|354\/354 tox|[from] ability: Poison Heal
|turn|7
|
|move|p2a: Ground Man|Toxic|p1a: Azumarill
|-status|p1a: Azumarill|tox
|move|p1a: Azumarill|Waterfall|p2a: Ground Man
|-supereffective|p2a: Ground Man
|-damage|p2a: Ground Man|0 fnt
|faint|p2a: Ground Man
|
|-damage|p1a: Azumarill|296\/363 tox|[from] psn
|
|switch|p2a: Shade Man|Gengar, M, shiny|268\/268
|-damage|p2a: Shade Man|235\/268|[from] Stealth Rock
|turn|8
|
|switch|p1a: Bisharp|Bisharp, M|272\/272
|-damage|p1a: Bisharp|255\/272|[from] Stealth Rock
|move|p2a: Shade Man|Substitute|p2a: Shade Man
|-start|p2a: Shade Man|Substitute
|-damage|p2a: Shade Man|168\/268
|
|-heal|p2a: Shade Man|184\/268|[from] item: Black Sludge
|turn|9
|
|move|p2a: Shade Man|Will-O-Wisp|p1a: Bisharp
|-status|p1a: Bisharp|brn
|move|p1a: Bisharp|Knock Off|p2a: Shade Man
|-supereffective|p2a: Shade Man
|-end|p2a: Shade Man|Substitute
|
|-heal|p2a: Shade Man|200\/268|[from] item: Black Sludge
|-damage|p1a: Bisharp|221\/272 brn|[from] brn
|turn|10
|
|move|p2a: Shade Man|Substitute|p2a: Shade Man
|-start|p2a: Shade Man|Substitute
|-damage|p2a: Shade Man|133\/268
|move|p1a: Bisharp|Knock Off|p2a: Shade Man
|-supereffective|p2a: Shade Man
|-end|p2a: Shade Man|Substitute
|
|-heal|p2a: Shade Man|149\/268|[from] item: Black Sludge
|-damage|p1a: Bisharp|187\/272 brn|[from] brn
|turn|11
|
|switch|p2a: Drill Man|Excadrill, M|391\/391
|-damage|p2a: Drill Man|379\/391|[from] Stealth Rock
|-ability|p2a: Drill Man|Mold Breaker
|move|p1a: Bisharp|Knock Off|p2a: Drill Man
|-damage|p2a: Drill Man|222\/391
|-enditem|p2a: Drill Man|Assault Vest|[from] move: Knock Off|[of] p1a: Bisharp
|
|-damage|p1a: Bisharp|153\/272 brn|[from] brn
|turn|12
|
|move|p1a: Bisharp|Knock Off|p2a: Drill Man
|-damage|p2a: Drill Man|108\/391
|move|p2a: Drill Man|Rapid Spin|p1a: Bisharp
|-crit|p1a: Bisharp
|-resisted|p1a: Bisharp
|-damage|p1a: Bisharp|135\/272 brn
|-sideend|p2: BenTheDemon|Stealth Rock|[from] move: Rapid Spin|[of] p2a: Drill Man
|
|-damage|p1a: Bisharp|101\/272 brn|[from] brn
|turn|13
|
|switch|p2a: Flame Man|Charizard, M|298\/298
|move|p1a: Bisharp|Sucker Punch|p2a: Flame Man
|-fail|p2a: Flame Man
|
|-damage|p1a: Bisharp|67\/272 brn|[from] brn
|turn|14
|
|detailschange|p2a: Flame Man|Charizard-Mega-X, M
|message|Charizard has Mega Evolved into Mega Charizard!
|move|p1a: Bisharp|Sucker Punch|p2a: Flame Man
|-fail|p2a: Flame Man
|move|p2a: Flame Man|Dragon Dance|p2a: Flame Man
|-boost|p2a: Flame Man|atk|1
|-boost|p2a: Flame Man|spe|1
|
|-damage|p1a: Bisharp|33\/272 brn|[from] brn
|turn|15
|
|switch|p1a: Landorus-Therian|Landorus-Therian, M|308\/382 tox
|-damage|p1a: Landorus-Therian|261\/382 tox|[from] Stealth Rock
|-ability|p1a: Landorus-Therian|Intimidate|[of] p2a: Flame Man
|-unboost|p2a: Flame Man|atk|1
|move|p2a: Flame Man|Dragon Dance|p2a: Flame Man
|-boost|p2a: Flame Man|atk|1
|-boost|p2a: Flame Man|spe|1
|
|-heal|p1a: Landorus-Therian|284\/382 tox|[from] item: Leftovers
|-damage|p1a: Landorus-Therian|261\/382 tox|[from] psn
|turn|16
|
|move|p2a: Flame Man|Flare Blitz|p1a: Landorus-Therian
|-damage|p1a: Landorus-Therian|0 fnt
|-damage|p2a: Flame Man|212\/298|[from] recoil|[of] p1a: Landorus-Therian
|faint|p1a: Landorus-Therian
|
|
|switch|p1a: Azumarill|Azumarill, F|296\/363 tox
|-damage|p1a: Azumarill|251\/363 tox|[from] Stealth Rock
|turn|17
|
|move|p2a: Flame Man|Flare Blitz|p1a: Azumarill
|-resisted|p1a: Azumarill
|-damage|p1a: Azumarill|0 fnt
|-damage|p2a: Flame Man|129\/298|[from] recoil|[of] p1a: Azumarill
|faint|p1a: Azumarill
|
|
|switch|p1a: Magnezone|Magnezone|282\/282
|-damage|p1a: Magnezone|265\/282|[from] Stealth Rock
|turn|18
|
|move|p2a: Flame Man|Roost|p2a: Flame Man
|-heal|p2a: Flame Man|278\/298
|move|p1a: Magnezone|Thunderbolt|p2a: Flame Man
|-resisted|p2a: Flame Man
|-damage|p2a: Flame Man|184\/298
|
|turn|19
|-message|asdf435 forfeited.
|
|win|BenTheDemon
|raw|Ladder updating...
|raw|asdf435's rating: 1693 &rarr; <strong>1670<\/strong><br \/>(-23 for losing)
|raw|BenTheDemon's rating: 1643 &rarr; <strong>1666<\/strong><br \/>(+23 for winning)
|leave|asdf435
|player|p1
|leave|BenTheDemon
|player|p2
|join|asdf435
|leave|asdf435