|join|BenTheDemon
|join|noodle101
|player|p1|BenTheDemon|53
|player|p2|noodle101|7
|gametype|singles
|gen|6
|tier|OU
|rated
|clearpoke
|poke|p1|Dragonite, M, shiny
|poke|p1|Greninja, M, shiny
|poke|p1|Mandibuzz, F, shiny
|poke|p1|Charizard, M
|poke|p1|Aegislash, M, shiny
|poke|p1|Gengar, M, shiny
|poke|p2|Mawile, F
|poke|p2|Aegislash, F
|poke|p2|Porygon2
|poke|p2|Greninja, M
|poke|p2|Slowbro, F
|poke|p2|Hippowdon, M
|rule|Swagger Clause: Swagger is banned
|rule|Baton Pass Clause: Limit one PokÃ©mon knowing Baton Pass
|rule|Sleep Clause Mod: Limit one foe put to sleep
|rule|Species Clause: Limit one of each PokÃ©mon
|rule|OHKO Clause: OHKO moves are banned
|rule|Moody Clause: Moody is banned
|rule|Evasion Moves Clause: Evasion moves are banned
|rule|Endless Battle Clause: Forcing endless battles is banned
|rule|HP Percentage Mod: HP is reported as percentages
|teampreview
|
|start
|switch|p1a: Bubble Man|Greninja, M, shiny|286\/286
|switch|p2a: Porygon2|Porygon2|374\/374
|-ability|p2a: Porygon2|Protean|[from] ability: Trace|[of] p1a: Bubble Man
|turn|1
|
|move|p1a: Bubble Man|Dark Pulse|p2a: Porygon2
|-start|p1a: Bubble Man|typechange|Dark|[from] Protean
|-damage|p2a: Porygon2|277\/374
|-damage|p1a: Bubble Man|258\/286|[from] item: Life Orb
|move|p2a: Porygon2|Trick Room|p2a: Porygon2
|-start|p2a: Porygon2|typechange|Psychic|[from] Protean
|-fieldstart|move: Trick Room|[of] p2a: Porygon2
|
|turn|2
|
|switch|p2a: Mawile|Mawile, F|246\/246
|-ability|p2a: Mawile|Intimidate|[of] p1a: Bubble Man
|-unboost|p1a: Bubble Man|atk|1
|switch|p1a: Aegislash|Aegislash, M, shiny|262\/262
|-item|p1a: Aegislash|Air Balloon
|
|turn|3
|
|detailschange|p2a: Mawile|Mawile-Mega, F
|message|Mawile has Mega Evolved into Mega Mawile!
|move|p2a: Mawile|Swords Dance|p2a: Mawile
|-boost|p2a: Mawile|atk|2
|-formechange|p1a: Aegislash|Aegislash-Blade
|move|p1a: Aegislash|Iron Head|p2a: Mawile
|-damage|p2a: Mawile|134\/246
|
|turn|4
|
|switch|p1a: Splash Woman|Mandibuzz, F, shiny|424\/424
|move|p2a: Mawile|Swords Dance|p2a: Mawile
|-boost|p2a: Mawile|atk|2
|
|turn|5
|
|move|p2a: Mawile|Play Rough|p1a: Splash Woman
|-supereffective|p1a: Splash Woman
|-damage|p1a: Splash Woman|0 fnt
|faint|p1a: Splash Woman
|
|-fieldend|move: Trick Room
|
|switch|p1a: Flame Man|Charizard, M|298\/298
|turn|6
|
|detailschange|p1a: Flame Man|Charizard-Mega-X, M
|message|Charizard has Mega Evolved into Mega Charizard!
|move|p2a: Mawile|Sucker Punch|p1a: Flame Man
|-damage|p1a: Flame Man|0 fnt
|faint|p1a: Flame Man
|
|
|switch|p1a: Shadow Man|Gengar, M, shiny|262\/262
|turn|7
|
|move|p2a: Mawile|Sucker Punch|p1a: Shadow Man
|-supereffective|p1a: Shadow Man
|-enditem|p1a: Shadow Man|Focus Sash
|-damage|p1a: Shadow Man|1\/262
|move|p1a: Shadow Man|Counter|p2a: Mawile
|-damage|p2a: Mawile|0 fnt
|faint|p2a: Mawile
|
|
|switch|p2a: Aegislash|Aegislash, F|324\/324
|-item|p2a: Aegislash|Air Balloon
|turn|8
|
|-formechange|p2a: Aegislash|Aegislash-Blade
|move|p2a: Aegislash|Shadow Sneak|p1a: Shadow Man
|-crit|p1a: Shadow Man
|-supereffective|p1a: Shadow Man
|-damage|p1a: Shadow Man|0 fnt
|faint|p1a: Shadow Man
|
|
|switch|p1a: Aegislash|Aegislash, M, shiny|262\/262
|-item|p1a: Aegislash|Air Balloon
|turn|9
|
|-formechange|p2a: Aegislash|Aegislash
|move|p2a: Aegislash|King's Shield|p2a: Aegislash
|-singleturn|p2a: Aegislash|Protect
|move|p1a: Aegislash|Autotomize|p1a: Aegislash
|-boost|p1a: Aegislash|spe|2
|-start|p1a: Aegislash|Autotomize
|
|turn|10
|
|-formechange|p1a: Aegislash|Aegislash-Blade
|move|p1a: Aegislash|Shadow Claw|p2a: Aegislash
|-supereffective|p2a: Aegislash
|-damage|p2a: Aegislash|126\/324
|-enditem|p2a: Aegislash|Air Balloon
|-formechange|p2a: Aegislash|Aegislash-Blade
|move|p2a: Aegislash|Shadow Ball|p1a: Aegislash
|-supereffective|p1a: Aegislash
|-damage|p1a: Aegislash|0 fnt
|-enditem|p1a: Aegislash|Air Balloon
|faint|p1a: Aegislash
|
|
|switch|p1a: Green Devil|Dragonite, M, shiny|324\/324
|turn|11
|
|move|p1a: Green Devil|Dragon Dance|p1a: Green Devil
|-boost|p1a: Green Devil|atk|1
|-boost|p1a: Green Devil|spe|1
|move|p2a: Aegislash|Shadow Ball|p1a: Green Devil
|-damage|p1a: Green Devil|240\/324
|-unboost|p1a: Green Devil|spd|1
|
|turn|12
|
|-formechange|p2a: Aegislash|Aegislash
|move|p2a: Aegislash|King's Shield|p2a: Aegislash
|-singleturn|p2a: Aegislash|Protect
|move|p1a: Green Devil|Earthquake|p2a: Aegislash
|-activate|p2a: Aegislash|Protect
|
|turn|13
|
|-formechange|p2a: Aegislash|Aegislash-Blade
|move|p2a: Aegislash|Shadow Sneak|p1a: Green Devil
|-damage|p1a: Green Devil|170\/324
|move|p1a: Green Devil|Earthquake|p2a: Aegislash
|-supereffective|p2a: Aegislash
|-damage|p2a: Aegislash|0 fnt
|faint|p2a: Aegislash
|
|
|switch|p2a: Porygon2|Porygon2|277\/374
|-ability|p2a: Porygon2|Multiscale|[from] ability: Trace|[of] p1a: Green Devil
|turn|14
|
|move|p1a: Green Devil|Dragon Claw|p2a: Porygon2
|-damage|p2a: Porygon2|129\/374
|move|p2a: Porygon2|Ice Beam|p1a: Green Devil
|-supereffective|p1a: Green Devil
|-damage|p1a: Green Devil|0 fnt
|faint|p1a: Green Devil
|
|
|switch|p1a: Bubble Man|Greninja, M, shiny|258\/286
|turn|15
|
|move|p1a: Bubble Man|Hydro Pump|p2a: Porygon2
|-start|p1a: Bubble Man|typechange|Water|[from] Protean
|-damage|p2a: Porygon2|0 fnt
|-damage|p1a: Bubble Man|230\/286|[from] item: Life Orb
|faint|p2a: Porygon2
|
|
|switch|p2a: Hippowdon|Hippowdon, M|420\/420
|-weather|Sandstorm
|turn|16
|
|switch|p2a: Slowbro|Slowbro, F|356\/356
|move|p1a: Bubble Man|Hydro Pump|p2a: Slowbro
|-resisted|p2a: Slowbro
|-damage|p2a: Slowbro|244\/356
|-damage|p1a: Bubble Man|202\/286|[from] item: Life Orb
|
|-weather|Sandstorm|[upkeep]
|-damage|p1a: Bubble Man|185\/286|[from] sandstorm
|-damage|p2a: Slowbro|222\/356|[from] sandstorm
|-heal|p2a: Slowbro|244\/356|[from] item: Leftovers
|turn|17
|
|move|p1a: Bubble Man|Dark Pulse|p2a: Slowbro
|-start|p1a: Bubble Man|typechange|Dark|[from] Protean
|-supereffective|p2a: Slowbro
|-damage|p2a: Slowbro|0 fnt
|-damage|p1a: Bubble Man|157\/286|[from] item: Life Orb
|faint|p2a: Slowbro
|
|-weather|Sandstorm|[upkeep]
|-damage|p1a: Bubble Man|140\/286|[from] sandstorm
|
|switch|p2a: Greninja|Greninja, M|286\/286
|turn|18
|
|move|p1a: Bubble Man|Hidden Power|p2a: Greninja
|-start|p1a: Bubble Man|typechange|Grass|[from] Protean
|-supereffective|p2a: Greninja
|-damage|p2a: Greninja|0 fnt
|-damage|p1a: Bubble Man|112\/286|[from] item: Life Orb
|faint|p2a: Greninja
|
|-weather|Sandstorm|[upkeep]
|-damage|p1a: Bubble Man|95\/286|[from] sandstorm
|
|switch|p2a: Hippowdon|Hippowdon, M|420\/420
|turn|19
|
|move|p1a: Bubble Man|Hydro Pump|p2a: Hippowdon
|-start|p1a: Bubble Man|typechange|Water|[from] Protean
|-supereffective|p2a: Hippowdon
|-damage|p2a: Hippowdon|0 fnt
|-damage|p1a: Bubble Man|67\/286|[from] item: Life Orb
|faint|p2a: Hippowdon
|
|win|BenTheDemon
|raw|Ladder updating...
|raw|BenTheDemon's rating: 1604 &rarr; <strong>1616<\/strong><br \/>(+12 for winning)
|raw|noodle101's rating: 1460 &rarr; <strong>1448<\/strong><br \/>(-12 for losing)
|chat|BenTheDemon|GG.
|leave|noodle101
|player|p2