|join|BenTheDemon
|join|Seto Hero Kousuke
|player|p1|BenTheDemon|240
|player|p2|Seto Hero Kousuke|266
|gametype|singles
|gen|6
|tier|OU
|rated
|clearpoke
|poke|p1|Dragonite, M, shiny
|poke|p1|Greninja, M, shiny
|poke|p1|Mandibuzz, F, shiny
|poke|p1|Charizard, M, shiny
|poke|p1|Bisharp, M, shiny
|poke|p1|Gengar, M, shiny
|poke|p2|Bisharp, M
|poke|p2|Gardevoir, F
|poke|p2|Garchomp, F
|poke|p2|Starmie
|poke|p2|Zapdos
|poke|p2|Chandelure, M
|rule|Sleep Clause Mod: Limit one foe put to sleep
|rule|Species Clause: Limit one of each Pokemon
|rule|OHKO Clause: OHKO moves are banned
|rule|Moody Clause: Moody is banned
|rule|Evasion Moves Clause: Evasion moves are banned
|rule|Endless Battle Clause: Forcing endless battles is banned.
|rule|HP Percentage Mod: HP is reported as percentages
|teampreview
|
|start
|switch|p1a: Bubble Man|Greninja, M, shiny|286\/286
|switch|p2a: Sympathy|Garchomp, F|358\/358
|turn|1
|
|switch|p1a: Splash Woman|Mandibuzz, F, shiny|424\/424
|move|p2a: Sympathy|Earthquake|p1a: Splash Woman
|-immune|p1a: Splash Woman|[msg]
|
|turn|2
|
|switch|p2a: Empathy|Gardevoir, F|278\/278
|-ability|p2a: Empathy|Overcoat|[from] ability: Trace|[of] p1a: Splash Woman
|move|p1a: Splash Woman|Foul Play|p2a: Empathy
|-damage|p2a: Empathy|172\/278
|
|turn|3
|
|switch|p1a: Flame Man|Charizard, M, shiny|297\/297
|-formechange|p2a: Empathy|Gardevoir-Mega
|message|Gardevoir has Mega Evolved into Mega Gardevoir!
|move|p2a: Empathy|Substitute|p2a: Empathy
|-start|p2a: Empathy|Substitute
|-damage|p2a: Empathy|103\/278
|
|turn|4
|
|-formechange|p1a: Flame Man|Charizard-Mega-Y
|message|Charizard has Mega Evolved into Mega Charizard!
|-weather|SunnyDay
|move|p2a: Empathy|Psyshock|p1a: Flame Man
|-damage|p1a: Flame Man|99\/297
|move|p1a: Flame Man|Fire Blast|p2a: Empathy
|-end|p2a: Empathy|Substitute
|
|-weather|SunnyDay|[upkeep]
|turn|5
|
|move|p1a: Flame Man|Solar Beam|p2a: Empathy|[still]
|-prepare|p1a: Flame Man|Solar Beam|p2a: Empathy
|-anim|p1a: Flame Man|Solar Beam|p2a: Empathy
|-damage|p2a: Empathy|0 fnt
|faint|p2a: Empathy
|
|-weather|SunnyDay|[upkeep]
|
|switch|p2a: Sympathy|Garchomp, F|358\/358
|turn|6
|
|switch|p1a: Splash Woman|Mandibuzz, F, shiny|424\/424
|move|p2a: Sympathy|Stealth Rock|p1a: Splash Woman
|-sidestart|p1: BenTheDemon|move: Stealth Rock
|
|-weather|SunnyDay|[upkeep]
|turn|7
|
|switch|p2a: Zapdos|Zapdos|375\/375
|-ability|p2a: Zapdos|Pressure
|move|p1a: Splash Woman|Defog|p2a: Zapdos
|-unboost|p2a: Zapdos|evasion|1
|-sideend|p1: BenTheDemon|Stealth Rock|[from] move: Defog|[of] p1a: Splash Woman
|
|-weather|SunnyDay|[upkeep]
|turn|8
|
|move|p2a: Zapdos|Thunderbolt|p1a: Splash Woman
|-supereffective|p1a: Splash Woman
|-damage|p1a: Splash Woman|190\/424
|move|p1a: Splash Woman|Foul Play|p2a: Zapdos
|-damage|p2a: Zapdos|299\/375
|
|-weather|none
|-heal|p2a: Zapdos|322\/375|[from] item: Leftovers
|-heal|p1a: Splash Woman|216\/424|[from] item: Leftovers
|turn|9
|
|move|p2a: Zapdos|Thunderbolt|p1a: Splash Woman
|-crit|p1a: Splash Woman
|-supereffective|p1a: Splash Woman
|-damage|p1a: Splash Woman|0 fnt
|faint|p1a: Splash Woman
|
|-heal|p2a: Zapdos|345\/375|[from] item: Leftovers
|
|switch|p1a: Flame Man|Charizard, M, shiny|99\/297
|-formechange|p1a: Flame Man|Charizard-Mega-Y
|-weather|SunnyDay
|turn|10
|
|switch|p1a: Metal Man|Bisharp, M, shiny|279\/279
|switch|p2a: Chandelure|Chandelure, M|261\/261
|
|-weather|SunnyDay|[upkeep]
|turn|11
|
|move|p1a: Metal Man|Sucker Punch|p2a: Chandelure
|-supereffective|p2a: Chandelure
|-damage|p2a: Chandelure|0 fnt
|faint|p2a: Chandelure
|
|-weather|SunnyDay|[upkeep]
|
|switch|p2a: Zapdos|Zapdos|345\/375
|-ability|p2a: Zapdos|Pressure
|turn|12
|
|move|p2a: Zapdos|Heat Wave|p1a: Metal Man
|-crit|p1a: Metal Man
|-supereffective|p1a: Metal Man
|-damage|p1a: Metal Man|0 fnt
|faint|p1a: Metal Man
|
|-weather|SunnyDay|[upkeep]
|-heal|p2a: Zapdos|368\/375|[from] item: Leftovers
|
|switch|p1a: Flame Man|Charizard, M, shiny|99\/297
|-formechange|p1a: Flame Man|Charizard-Mega-Y
|turn|13
|
|switch|p2a: Starmie|Starmie|261\/261
|move|p1a: Flame Man|Fire Blast|p2a: Starmie|[miss]
|-miss|p1a: Flame Man|p2a: Starmie
|
|-weather|SunnyDay|[upkeep]
|turn|14
|
|switch|p1a: Bubble Man|Greninja, M, shiny|286\/286
|move|p2a: Starmie|Hydro Pump|p1a: Bubble Man
|-resisted|p1a: Bubble Man
|-damage|p1a: Bubble Man|241\/286
|
|-weather|none
|turn|15
|
|-start|p1a: Bubble Man|typechange|Dark|[from] Protean
|move|p1a: Bubble Man|Dark Pulse|p2a: Starmie
|-supereffective|p2a: Starmie
|-damage|p2a: Starmie|0 fnt
|-damage|p1a: Bubble Man|213\/286|[from] item: Life Orb
|faint|p2a: Starmie
|
|
|switch|p2a: Zapdos|Zapdos|368\/375
|-ability|p2a: Zapdos|Pressure
|turn|16
|
|switch|p1a: Flame Man|Charizard, M, shiny|99\/297
|-formechange|p1a: Flame Man|Charizard-Mega-Y
|-weather|SunnyDay
|move|p2a: Zapdos|Heat Wave|p1a: Flame Man
|-resisted|p1a: Flame Man
|-damage|p1a: Flame Man|41\/297
|
|-weather|SunnyDay|[upkeep]
|-heal|p2a: Zapdos|375\/375|[from] item: Leftovers
|turn|17
|
|move|p1a: Flame Man|Roost|p1a: Flame Man
|-heal|p1a: Flame Man|190\/297
|move|p2a: Zapdos|Thunderbolt|p1a: Flame Man
|-damage|p1a: Flame Man|76\/297
|
|-weather|SunnyDay|[upkeep]
|turn|18
|
|move|p1a: Flame Man|Fire Blast|p2a: Zapdos
|-damage|p2a: Zapdos|5\/375
|move|p2a: Zapdos|Thunderbolt|p1a: Flame Man
|-supereffective|p1a: Flame Man
|-damage|p1a: Flame Man|0 fnt
|faint|p1a: Flame Man
|
|-weather|SunnyDay|[upkeep]
|-heal|p2a: Zapdos|28\/375|[from] item: Leftovers
|
|switch|p1a: Bubble Man|Greninja, M, shiny|213\/286
|turn|19
|
|-start|p1a: Bubble Man|typechange|Ice|[from] Protean
|move|p1a: Bubble Man|Ice Beam|p2a: Zapdos
|-supereffective|p2a: Zapdos
|-damage|p2a: Zapdos|0 fnt
|-damage|p1a: Bubble Man|185\/286|[from] item: Life Orb
|faint|p2a: Zapdos
|
|-weather|SunnyDay|[upkeep]
|
|switch|p2a: Apathy|Bisharp, M|271\/271
|turn|20
|
|-start|p1a: Bubble Man|typechange|Ground|[from] Protean
|move|p1a: Bubble Man|Spikes|p2a: Apathy
|-sidestart|p2: Seto Hero Kousuke|Spikes
|move|p2a: Apathy|Knock Off|p1a: Bubble Man
|-damage|p1a: Bubble Man|0 fnt
|faint|p1a: Bubble Man
|
|-weather|none
|
|switch|p1a: Shadow Man|Gengar, M, shiny|262\/262
|turn|21
|
|move|p2a: Apathy|Knock Off|p1a: Shadow Man
|-supereffective|p1a: Shadow Man
|-enditem|p1a: Shadow Man|Focus Sash
|-damage|p1a: Shadow Man|1\/262
|move|p1a: Shadow Man|Counter|p2a: Apathy
|-damage|p2a: Apathy|0 fnt
|faint|p2a: Apathy
|
|
|switch|p2a: Sympathy|Garchomp, F|358\/358
|-damage|p2a: Sympathy|314\/358|[from] Spikes
|turn|22
|
|move|p1a: Shadow Man|Destiny Bond|p1a: Shadow Man
|-singlemove|p1a: Shadow Man|Destiny Bond
|move|p2a: Sympathy|Stealth Rock|p1a: Shadow Man
|-sidestart|p1: BenTheDemon|move: Stealth Rock
|
|turn|23
|
|move|p1a: Shadow Man|Destiny Bond|p1a: Shadow Man
|-singlemove|p1a: Shadow Man|Destiny Bond
|move|p2a: Sympathy|Stealth Rock|p1a: Shadow Man
|-fail|p1a: Shadow Man
|
|turn|24
|
|move|p1a: Shadow Man|Destiny Bond|p1a: Shadow Man
|-singlemove|p1a: Shadow Man|Destiny Bond
|move|p2a: Sympathy|Stealth Rock|p1a: Shadow Man
|-fail|p1a: Shadow Man
|
|turn|25
|
|move|p1a: Shadow Man|Taunt|p2a: Sympathy
|-start|p2a: Sympathy|move: Taunt
|move|p2a: Sympathy|Outrage|p1a: Shadow Man
|-damage|p1a: Shadow Man|0 fnt
|faint|p1a: Shadow Man
|
|chat|Seto Hero Kousuke|called it
|
|switch|p1a: Green Devil|Dragonite, M, shiny|324\/324
|-damage|p1a: Green Devil|243\/324|[from] Stealth Rock
|turn|26
|chat|Seto Hero Kousuke|gg bro
|
|move|p1a: Green Devil|Extreme Speed|p2a: Sympathy
|-damage|p2a: Sympathy|197\/358
|-damage|p1a: Green Devil|203\/324|[from] ability: Rough Skin|[of] p2a: Sympathy
|move|p2a: Sympathy|Outrage|p1a: Green Devil
|-supereffective|p1a: Green Devil
|-damage|p1a: Green Devil|0 fnt
|faint|p1a: Green Devil
|
|win|Seto Hero Kousuke
|raw|Ladder updating...
|raw|BenTheDemon's rating: 1552 &rarr; <strong>1529<\/strong><br \/>(-23 for losing)
|raw|Seto Hero Kousuke's rating: 1494 &rarr; <strong>1517<\/strong><br \/>(+23 for winning)