|join|Magicfire
|join|BenTheDemon
|player|p1|Magicfire|262
|player|p2|BenTheDemon|240
|gametype|singles
|gen|6
|tier|OU
|rated
|clearpoke
|poke|p1|Aegislash, M
|poke|p1|Mandibuzz, F
|poke|p1|Talonflame, F
|poke|p1|Greninja, F
|poke|p1|Venusaur, F
|poke|p1|Garchomp, M
|poke|p2|Dragonite, M, shiny
|poke|p2|Greninja, M, shiny
|poke|p2|Mandibuzz, F, shiny
|poke|p2|Charizard, M, shiny
|poke|p2|Bisharp, M, shiny
|poke|p2|Gengar, M, shiny
|rule|Sleep Clause Mod: Limit one foe put to sleep
|rule|Species Clause: Limit one of each Pokemon
|rule|OHKO Clause: OHKO moves are banned
|rule|Moody Clause: Moody is banned
|rule|Evasion Moves Clause: Evasion moves are banned
|rule|Endless Battle Clause: Forcing endless battles is banned.
|rule|HP Percentage Mod: HP is reported as percentages
|teampreview
|
|start
|switch|p1a: The Faster Bird|Talonflame, F|360\/360
|switch|p2a: Shadow Man|Gengar, M, shiny|262\/262
|turn|1
|
|switch|p1a: The Bird|Mandibuzz, F|424\/424
|move|p2a: Shadow Man|Counter|p1a: The Bird
|-fail|p1a: The Bird
|
|turn|2
|
|move|p2a: Shadow Man|Taunt|p1a: The Bird
|-start|p1a: The Bird|move: Taunt
|move|p1a: The Bird|Knock Off|p2a: Shadow Man
|-supereffective|p2a: Shadow Man
|-damage|p2a: Shadow Man|38\/262
|-enditem|p2a: Shadow Man|Focus Sash|[from] move: Knock Off|[of] p1a: The Bird
|
|turn|3
|
|move|p2a: Shadow Man|Destiny Bond|p2a: Shadow Man
|-singlemove|p2a: Shadow Man|Destiny Bond
|move|p1a: The Bird|Foul Play|p2a: Shadow Man
|-crit|p2a: Shadow Man
|-supereffective|p2a: Shadow Man
|-damage|p2a: Shadow Man|0 fnt
|faint|p2a: Shadow Man
|-activate|p2a: Shadow Man|Destiny Bond
|faint|p1a: The Bird
|
|
|switch|p1a: The Faster Bird|Talonflame, F|360\/360
|switch|p2a: Yellow Devil|Dragonite, M, shiny|386\/386
|turn|4
|
|move|p1a: The Faster Bird|U-turn|p2a: Yellow Devil
|-resisted|p2a: Yellow Devil
|-damage|p2a: Yellow Devil|358\/386
|
|switch|p1a: Saur|Venusaur, F|364\/364
|move|p2a: Yellow Devil|Dragon Dance|p2a: Yellow Devil
|-boost|p2a: Yellow Devil|atk|1
|-boost|p2a: Yellow Devil|spe|1
|
|turn|5
|
|-formechange|p1a: Saur|Venusaur-Mega
|message|Venusaur has Mega Evolved into Mega Venusaur!
|move|p2a: Yellow Devil|Dragon Dance|p2a: Yellow Devil
|-boost|p2a: Yellow Devil|atk|1
|-boost|p2a: Yellow Devil|spe|1
|move|p1a: Saur|Leech Seed|p2a: Yellow Devil
|-start|p2a: Yellow Devil|move: Leech Seed
|
|-damage|p2a: Yellow Devil|310\/386|[from] Leech Seed|[of] p1a: Saur
|turn|6
|
|move|p2a: Yellow Devil|Dragon Dance|p2a: Yellow Devil
|-boost|p2a: Yellow Devil|atk|1
|-boost|p2a: Yellow Devil|spe|1
|move|p1a: Saur|Synthesis|p1a: Saur
|
|-damage|p2a: Yellow Devil|262\/386|[from] Leech Seed|[of] p1a: Saur
|turn|7
|
|move|p2a: Yellow Devil|Roost|p2a: Yellow Devil
|-heal|p2a: Yellow Devil|386\/386
|move|p1a: Saur|Giga Drain|p2a: Yellow Devil
|-resisted|p2a: Yellow Devil
|-damage|p2a: Yellow Devil|361\/386
|
|-damage|p2a: Yellow Devil|313\/386|[from] Leech Seed|[of] p1a: Saur
|turn|8
|
|switch|p1a: The Faster Bird|Talonflame, F|360\/360
|move|p2a: Yellow Devil|Dragon Dance|p2a: Yellow Devil
|-boost|p2a: Yellow Devil|atk|1
|-boost|p2a: Yellow Devil|spe|1
|
|-damage|p2a: Yellow Devil|265\/386|[from] Leech Seed|[of] p1a: The Faster Bird
|turn|9
|
|move|p1a: The Faster Bird|Brave Bird|p2a: Yellow Devil
|-damage|p2a: Yellow Devil|0 fnt
|-damage|p1a: The Faster Bird|273\/360|[from] recoil|[of] p2a: Yellow Devil
|faint|p2a: Yellow Devil
|
|chat|Magicfire|no extremespeed?
|chat|Magicfire|that sucks
|
|switch|p2a: Metal Man|Bisharp, M, shiny|279\/279
|turn|10
|
|switch|p1a: Saur|Venusaur, F|364\/364
|-formechange|p1a: Saur|Venusaur-Mega
|move|p2a: Metal Man|Sucker Punch|p1a: Saur
|-fail|p1a: Saur
|
|turn|11
|
|move|p2a: Metal Man|Swords Dance|p2a: Metal Man
|-boost|p2a: Metal Man|atk|2
|move|p1a: Saur|Leech Seed|p2a: Metal Man
|-start|p2a: Metal Man|move: Leech Seed
|
|-damage|p2a: Metal Man|245\/279|[from] Leech Seed|[of] p1a: Saur
|turn|12
|
|move|p2a: Metal Man|Sucker Punch|p1a: Saur
|-damage|p1a: Saur|37\/364
|move|p1a: Saur|Earthquake|p2a: Metal Man
|-supereffective|p2a: Metal Man
|-damage|p2a: Metal Man|93\/279
|
|-damage|p2a: Metal Man|59\/279|[from] Leech Seed|[of] p1a: Saur
|-heal|p1a: Saur|71\/364|[silent]
|turn|13
|
|switch|p1a: The Sword|Aegislash, M|324\/324
|move|p2a: Metal Man|Sucker Punch|p1a: The Sword
|-fail|p1a: The Sword
|
|-damage|p2a: Metal Man|25\/279|[from] Leech Seed|[of] p1a: The Sword
|turn|14
|
|move|p1a: The Sword|King's Shield|p1a: The Sword
|-singleturn|p1a: The Sword|Protect
|move|p2a: Metal Man|Knock Off|p1a: The Sword
|-activate|p1a: The Sword|Protect
|-unboost|p2a: Metal Man|atk|2
|-boost|p2a: Metal Man|atk|2|[from] ability: Defiant
|
|-damage|p2a: Metal Man|0 fnt|[from] Leech Seed|[of] p1a: The Sword
|faint|p2a: Metal Man
|
|switch|p2a: Splash Woman|Mandibuzz, F, shiny|424\/424
|turn|15
|chat|Magicfire|oh that thing looks kind of weird
|chat|Magicfire|lol
|
|move|p2a: Splash Woman|Foul Play|p1a: The Sword
|-supereffective|p1a: The Sword
|-damage|p1a: The Sword|234\/324
|-formechange|p1a: The Sword|Aegislash-Blade
|move|p1a: The Sword|Shadow Ball|p2a: Splash Woman
|-resisted|p2a: Splash Woman
|-damage|p2a: Splash Woman|329\/424
|
|-heal|p2a: Splash Woman|355\/424|[from] item: Leftovers
|turn|16
|
|-formechange|p1a: The Sword|Aegislash
|move|p1a: The Sword|King's Shield|p1a: The Sword
|-singleturn|p1a: The Sword|Protect
|move|p2a: Splash Woman|Foul Play|p1a: The Sword
|-activate|p1a: The Sword|Protect
|-unboost|p2a: Splash Woman|atk|2
|
|-heal|p2a: Splash Woman|381\/424|[from] item: Leftovers
|turn|17
|
|move|p2a: Splash Woman|Foul Play|p1a: The Sword
|-supereffective|p1a: The Sword
|-damage|p1a: The Sword|148\/324
|-formechange|p1a: The Sword|Aegislash-Blade
|move|p1a: The Sword|Shadow Ball|p2a: Splash Woman
|-resisted|p2a: Splash Woman
|-damage|p2a: Splash Woman|292\/424
|
|-heal|p2a: Splash Woman|318\/424|[from] item: Leftovers
|turn|18
|chat|Magicfire|I have an idea!
|
|switch|p1a: Ninja Frog|Greninja, F|286\/286
|move|p2a: Splash Woman|Roost|p2a: Splash Woman
|-heal|p2a: Splash Woman|424\/424
|
|turn|19
|
|switch|p2a: Bubble Man|Greninja, M, shiny|286\/286
|-start|p1a: Ninja Frog|typechange|Ice|[from] Protean
|move|p1a: Ninja Frog|Ice Beam|p2a: Bubble Man
|-resisted|p2a: Bubble Man
|-damage|p2a: Bubble Man|174\/286
|-damage|p1a: Ninja Frog|258\/286|[from] item: Life Orb
|
|turn|20
|
|-start|p2a: Bubble Man|typechange|Water|[from] Protean
|move|p2a: Bubble Man|Hydro Pump|p1a: Ninja Frog
|-damage|p1a: Ninja Frog|0 fnt
|-damage|p2a: Bubble Man|146\/286|[from] item: Life Orb
|faint|p1a: Ninja Frog
|
|
|switch|p1a: Chomp|Garchomp, M|357\/357
|turn|21
|chat|Magicfire|shoot
|chat|Magicfire|misclick
|
|switch|p2a: Splash Woman|Mandibuzz, F, shiny|424\/424
|move|p1a: Chomp|Dragon Claw|p2a: Splash Woman
|-damage|p2a: Splash Woman|306\/424
|
|-heal|p2a: Splash Woman|332\/424|[from] item: Leftovers
|turn|22
|
|switch|p1a: Saur|Venusaur, F|71\/364
|-formechange|p1a: Saur|Venusaur-Mega
|move|p2a: Splash Woman|Knock Off|p1a: Saur
|-damage|p1a: Saur|26\/364
|
|-heal|p2a: Splash Woman|358\/424|[from] item: Leftovers
|turn|23
|
|move|p2a: Splash Woman|Knock Off|p1a: Saur
|-damage|p1a: Saur|0 fnt
|faint|p1a: Saur
|
|-heal|p2a: Splash Woman|384\/424|[from] item: Leftovers
|
|switch|p1a: The Sword|Aegislash, M|148\/324
|turn|24
|
|move|p1a: The Sword|King's Shield|p1a: The Sword
|-singleturn|p1a: The Sword|Protect
|move|p2a: Splash Woman|Foul Play|p1a: The Sword
|-activate|p1a: The Sword|Protect
|-unboost|p2a: Splash Woman|atk|2
|
|-heal|p2a: Splash Woman|410\/424|[from] item: Leftovers
|turn|25
|
|move|p2a: Splash Woman|Foul Play|p1a: The Sword
|-supereffective|p1a: The Sword
|-damage|p1a: The Sword|52\/324
|-formechange|p1a: The Sword|Aegislash-Blade
|move|p1a: The Sword|Shadow Ball|p2a: Splash Woman
|-resisted|p2a: Splash Woman
|-damage|p2a: Splash Woman|314\/424
|
|-heal|p2a: Splash Woman|340\/424|[from] item: Leftovers
|turn|26
|
|-formechange|p1a: The Sword|Aegislash
|move|p1a: The Sword|King's Shield|p1a: The Sword
|-singleturn|p1a: The Sword|Protect
|move|p2a: Splash Woman|Roost|p2a: Splash Woman
|-heal|p2a: Splash Woman|424\/424
|
|turn|27
|
|move|p2a: Splash Woman|Foul Play|p1a: The Sword
|-supereffective|p1a: The Sword
|-damage|p1a: The Sword|0 fnt
|faint|p1a: The Sword
|
|
|switch|p1a: Chomp|Garchomp, M|357\/357
|turn|28
|chat|BenTheDemon|Mandibuzz sweep?
|
|move|p1a: Chomp|Outrage|p2a: Splash Woman
|-damage|p2a: Splash Woman|243\/424
|move|p2a: Splash Woman|Knock Off|p1a: Chomp
|-damage|p1a: Chomp|317\/357
|-damage|p2a: Splash Woman|190\/424|[from] ability: Rough Skin|[of] p1a: Chomp
|-enditem|p1a: Chomp|Choice Scarf|[from] move: Knock Off|[of] p2a: Splash Woman
|
|-heal|p2a: Splash Woman|216\/424|[from] item: Leftovers
|turn|29
|
|move|p1a: Chomp|Outrage|p2a: Splash Woman
|-damage|p2a: Splash Woman|38\/424
|move|p2a: Splash Woman|Roost|p2a: Splash Woman
|-heal|p2a: Splash Woman|250\/424
|
|-heal|p2a: Splash Woman|276\/424|[from] item: Leftovers
|turn|30
|
|move|p1a: Chomp|Outrage|p2a: Splash Woman
|-damage|p2a: Splash Woman|96\/424
|move|p2a: Splash Woman|Roost|p2a: Splash Woman
|-heal|p2a: Splash Woman|308\/424
|
|-end|p1a: Chomp|rampage
|-start|p1a: Chomp|confusion
|-heal|p2a: Splash Woman|334\/424|[from] item: Leftovers
|turn|31
|
|-activate|p1a: Chomp|confusion
|-damage|p1a: Chomp|266\/357|[from] confusion
|move|p2a: Splash Woman|Roost|p2a: Splash Woman
|-heal|p2a: Splash Woman|424\/424
|
|turn|32
|
|-activate|p1a: Chomp|confusion
|move|p1a: Chomp|Outrage|p2a: Splash Woman
|-damage|p2a: Splash Woman|258\/424
|move|p2a: Splash Woman|Foul Play|p1a: Chomp
|-damage|p1a: Chomp|106\/357
|-damage|p2a: Splash Woman|205\/424|[from] ability: Rough Skin|[of] p1a: Chomp
|
|-heal|p2a: Splash Woman|231\/424|[from] item: Leftovers
|turn|33
|
|-activate|p1a: Chomp|confusion
|move|p1a: Chomp|Outrage|p2a: Splash Woman
|-damage|p2a: Splash Woman|63\/424
|move|p2a: Splash Woman|Roost|p2a: Splash Woman
|-heal|p2a: Splash Woman|275\/424
|
|-end|p1a: Chomp|rampage
|-heal|p2a: Splash Woman|301\/424|[from] item: Leftovers
|turn|34
|
|-end|p1a: Chomp|confusion
|move|p1a: Chomp|Outrage|p2a: Splash Woman
|-damage|p2a: Splash Woman|120\/424
|move|p2a: Splash Woman|Roost|p2a: Splash Woman
|-heal|p2a: Splash Woman|332\/424
|
|-heal|p2a: Splash Woman|358\/424|[from] item: Leftovers
|turn|35
|
|move|p1a: Chomp|Outrage|p2a: Splash Woman
|-damage|p2a: Splash Woman|183\/424
|move|p2a: Splash Woman|Roost|p2a: Splash Woman
|-heal|p2a: Splash Woman|395\/424
|
|-end|p1a: Chomp|rampage
|-start|p1a: Chomp|confusion
|-heal|p2a: Splash Woman|421\/424|[from] item: Leftovers
|turn|36
|
|switch|p1a: The Faster Bird|Talonflame, F|273\/360
|move|p2a: Splash Woman|Foul Play|p1a: The Faster Bird
|-damage|p1a: The Faster Bird|108\/360
|
|-heal|p2a: Splash Woman|424\/424|[from] item: Leftovers
|turn|37
|
|move|p1a: The Faster Bird|Brave Bird|p2a: Splash Woman
|-damage|p2a: Splash Woman|214\/424
|-damage|p1a: The Faster Bird|39\/360|[from] recoil|[of] p2a: Splash Woman
|move|p2a: Splash Woman|Foul Play|p1a: The Faster Bird
|-damage|p1a: The Faster Bird|0 fnt
|faint|p1a: The Faster Bird
|
|-heal|p2a: Splash Woman|240\/424|[from] item: Leftovers
|chat|BenTheDemon|Mandibuzz sweep!
|join|Abird
|
|switch|p1a: Chomp|Garchomp, M|106\/357
|turn|38
|
|move|p1a: Chomp|Outrage|p2a: Splash Woman
|-damage|p2a: Splash Woman|60\/424
|move|p2a: Splash Woman|Foul Play|p1a: Chomp
|-damage|p1a: Chomp|0 fnt
|-damage|p2a: Splash Woman|7\/424|[from] ability: Rough Skin|[of] p1a: Chomp
|faint|p1a: Chomp
|
|win|BenTheDemon
|raw|Ladder updating...
|raw|Magicfire's rating: 1522 &rarr; <strong>1501<\/strong><br \/>(-21 for losing)
|raw|BenTheDemon's rating: 1504 &rarr; <strong>1525<\/strong><br \/>(+21 for winning)
|chat|BenTheDemon|GG.
|chat|Magicfire|GG
|leave|Magicfire
|player|p1
|chat|BenTheDemon|I'm saving that.