|join|Myself123
|join|BenTheDemon
|player|p1|Myself123|290
|player|p2|BenTheDemon|53
|gametype|singles
|gen|6
|tier|OU
|clearpoke
|poke|p1|Nidoking, M, shiny
|poke|p1|Infernape, M
|poke|p1|Exploud, M, shiny
|poke|p1|Archeops, M
|poke|p1|Espeon, F, shiny
|poke|p1|Lopunny, M
|poke|p2|Dragonite, M, shiny
|poke|p2|Greninja, M, shiny
|poke|p2|Metagross, shiny
|poke|p2|Excadrill, M
|poke|p2|Gliscor, M
|poke|p2|Gengar, M, shiny
|rule|Swagger Clause: Swagger is banned
|rule|Baton Pass Clause: Limit one PokÃ©mon knowing Baton Pass
|rule|Sleep Clause Mod: Limit one foe put to sleep
|rule|Species Clause: Limit one of each PokÃ©mon
|rule|OHKO Clause: OHKO moves are banned
|rule|Moody Clause: Moody is banned
|rule|Evasion Moves Clause: Evasion moves are banned
|rule|Endless Battle Clause: Forcing endless battles is banned
|rule|HP Percentage Mod: HP is shown in percentages
|teampreview
|
|start
|switch|p1a: Bun|Lopunny, M|272\/272
|switch|p2a: Ground Man|Gliscor, M|354\/354
|turn|1
|
|detailschange|p1a: Bun|Lopunny-Mega, M
|message|Lopunny has Mega Evolved into Mega Lopunny!
|move|p1a: Bun|Return|p2a: Ground Man
|-damage|p2a: Ground Man|195\/354
|move|p2a: Ground Man|Stealth Rock|p1a: Bun
|-sidestart|p1: Myself123|move: Stealth Rock
|
|-status|p2a: Ground Man|tox|[from] item: Toxic Orb
|turn|2
|
|move|p1a: Bun|Return|p2a: Ground Man
|-damage|p2a: Ground Man|50\/354 tox
|move|p2a: Ground Man|Roost|p2a: Ground Man
|-heal|p2a: Ground Man|227\/354 tox
|
|-heal|p2a: Ground Man|271\/354 tox|[from] ability: Poison Heal
|turn|3
|c|âMyself123|all-purpose Lopunny
|
|move|p2a: Ground Man|Protect|p2a: Ground Man
|-singleturn|p2a: Ground Man|Protect
|move|p1a: Bun|Return|p2a: Ground Man
|-activate|p2a: Ground Man|Protect
|
|-heal|p2a: Ground Man|315\/354 tox|[from] ability: Poison Heal
|turn|4
|c|âMyself123|mega return
|
|move|p1a: Bun|Return|p2a: Ground Man
|-damage|p2a: Ground Man|162\/354 tox
|move|p2a: Ground Man|Roost|p2a: Ground Man
|-heal|p2a: Ground Man|339\/354 tox
|
|-heal|p2a: Ground Man|354\/354 tox|[from] ability: Poison Heal
|turn|5
|c|âMyself123|'nuff said
|
|move|p1a: Bun|Return|p2a: Ground Man
|-damage|p2a: Ground Man|189\/354 tox
|move|p2a: Ground Man|Toxic|p1a: Bun
|-status|p1a: Bun|tox
|
|-damage|p1a: Bun|255\/272 tox|[from] psn
|-heal|p2a: Ground Man|233\/354 tox|[from] ability: Poison Heal
|turn|6
|
|move|p1a: Bun|Return|p2a: Ground Man
|-damage|p2a: Ground Man|79\/354 tox
|move|p2a: Ground Man|Roost|p2a: Ground Man
|-heal|p2a: Ground Man|256\/354 tox
|
|-damage|p1a: Bun|221\/272 tox|[from] psn
|-heal|p2a: Ground Man|300\/354 tox|[from] ability: Poison Heal
|turn|7
|
|move|p2a: Ground Man|Protect|p2a: Ground Man
|-singleturn|p2a: Ground Man|Protect
|move|p1a: Bun|Return|p2a: Ground Man
|-activate|p2a: Ground Man|Protect
|
|-damage|p1a: Bun|170\/272 tox|[from] psn
|-heal|p2a: Ground Man|344\/354 tox|[from] ability: Poison Heal
|turn|8
|
|switch|p1a: Prince|Archeops, M|291\/291
|-damage|p1a: Prince|219\/291|[from] Stealth Rock
|move|p2a: Ground Man|Roost|p2a: Ground Man
|-heal|p2a: Ground Man|354\/354 tox
|
|turn|9
|
|move|p1a: Prince|Stealth Rock|p2a: Ground Man
|-sidestart|p2: BenTheDemon|move: Stealth Rock
|move|p2a: Ground Man|Toxic|p1a: Prince
|-status|p1a: Prince|tox
|
|-damage|p1a: Prince|201\/291 tox|[from] psn
|turn|10
|
|move|p2a: Ground Man|Protect|p2a: Ground Man
|-singleturn|p2a: Ground Man|Protect
|move|p1a: Prince|Acrobatics|p2a: Ground Man
|-activate|p2a: Ground Man|Protect
|
|-damage|p1a: Prince|165\/291 tox|[from] psn
|turn|11
|
|switch|p1a: Count|Espeon, F, shiny|272\/272
|-damage|p1a: Count|238\/272|[from] Stealth Rock
|move|p2a: Ground Man|Roost|p2a: Ground Man
|-fail|p2a: Ground Man
|
|turn|12
|
|switch|p2a: Drill Man|Excadrill, M|391\/391
|-damage|p2a: Drill Man|379\/391|[from] Stealth Rock
|-ability|p2a: Drill Man|Mold Breaker
|move|p1a: Count|Psychic|p2a: Drill Man
|-resisted|p2a: Drill Man
|-damage|p2a: Drill Man|310\/391
|
|turn|13
|
|switch|p1a: General|Infernape, M|293\/293
|-damage|p1a: General|257\/293|[from] Stealth Rock
|move|p2a: Drill Man|Rapid Spin|p1a: General
|-damage|p1a: General|216\/293
|-sideend|p2: BenTheDemon|Stealth Rock|[from] move: Rapid Spin|[of] p2a: Drill Man
|
|turn|14
|
|switch|p2a: Ground Man|Gliscor, M|354\/354 tox
|move|p1a: General|Mach Punch|p2a: Ground Man
|-resisted|p2a: Ground Man
|-damage|p2a: Ground Man|321\/354 tox
|
|-heal|p2a: Ground Man|354\/354 tox|[from] ability: Poison Heal
|turn|15
|c|âMyself123|ugh
|
|move|p1a: General|Close Combat|p2a: Ground Man
|-resisted|p2a: Ground Man
|-damage|p2a: Ground Man|275\/354 tox
|-unboost|p1a: General|def|1
|-unboost|p1a: General|spd|1
|move|p2a: Ground Man|Toxic|p1a: General
|-status|p1a: General|tox
|
|-damage|p1a: General|198\/293 tox|[from] psn
|-heal|p2a: Ground Man|319\/354 tox|[from] ability: Poison Heal
|turn|16
|
|switch|p1a: Marshal|Nidoking, M, shiny|304\/304
|-damage|p1a: Marshal|285\/304|[from] Stealth Rock
|move|p2a: Ground Man|Roost|p2a: Ground Man
|-heal|p2a: Ground Man|354\/354 tox
|
|turn|17
|c|âMyself123|aight
|c|âMyself123|secret weapon time
|
|switch|p2a: Metal Man|Metagross, shiny|321\/321
|move|p1a: Marshal|Ice Beam|p2a: Metal Man
|-resisted|p2a: Metal Man
|-damage|p2a: Metal Man|244\/321
|
|turn|18
|
|switch|p2a: Shade Man|Gengar, M, shiny|268\/268
|move|p1a: Marshal|Earth Power|p2a: Shade Man
|-immune|p2a: Shade Man|[msg]
|
|turn|19
|
|switch|p1a: seargant|Exploud, M, shiny|412\/412
|-damage|p1a: seargant|361\/412|[from] Stealth Rock
|move|p2a: Shade Man|Will-O-Wisp|p1a: seargant
|-status|p1a: seargant|brn
|
|-damage|p1a: seargant|310\/412 brn|[from] brn
|turn|20
|
|switch|p2a: Metal Man|Metagross, shiny|244\/321
|move|p1a: seargant|Boomburst|p2a: Metal Man
|-resisted|p2a: Metal Man
|-damage|p2a: Metal Man|127\/321
|
|-damage|p1a: seargant|259\/412 brn|[from] brn
|turn|21
|
|switch|p1a: General|Infernape, M|198\/293 tox
|-damage|p1a: General|162\/293 tox|[from] Stealth Rock
|detailschange|p2a: Metal Man|Metagross-Mega, shiny
|message|Metagross has Mega Evolved into Mega Metagross!
|move|p2a: Metal Man|Rock Polish|p2a: Metal Man
|-boost|p2a: Metal Man|spe|2
|
|-damage|p1a: General|144\/293 tox|[from] psn
|turn|22
|c|âBenTheDemon|If I don't miss anything, that's game.
|
|move|p1a: General|Mach Punch|p2a: Metal Man
|-damage|p2a: Metal Man|78\/321
|move|p2a: Metal Man|Zen Headbutt|p1a: General
|-supereffective|p1a: General
|-damage|p1a: General|0 fnt
|faint|p1a: General
|
|c|âMyself123|damn
|c|âMyself123|should've used close combat
|c|âMyself123|well
|
|switch|p1a: Marshal|Nidoking, M, shiny|285\/304
|-damage|p1a: Marshal|266\/304|[from] Stealth Rock
|turn|23
|c|âMyself123|Marshal should be able to do it
|c|âBenTheDemon|No. Metagross outspeeds at +1
|
|move|p2a: Metal Man|Zen Headbutt|p1a: Marshal
|-supereffective|p1a: Marshal
|-damage|p1a: Marshal|0 fnt
|faint|p1a: Marshal
|
|c|âMyself123|ugh
|
|switch|p1a: Count|Espeon, F, shiny|238\/272
|-damage|p1a: Count|204\/272|[from] Stealth Rock
|turn|24
|c|âMyself123|well
|
|move|p2a: Metal Man|Meteor Mash|p1a: Count
|-damage|p1a: Count|0 fnt
|faint|p1a: Count
|
|c|âMyself123|at this point
|
|switch|p1a: seargant|Exploud, M, shiny|259\/412 brn
|-damage|p1a: seargant|208\/412 brn|[from] Stealth Rock
|turn|25
|
|move|p2a: Metal Man|Thunder Punch|p1a: seargant
|-damage|p1a: seargant|0 fnt
|faint|p1a: seargant
|
|
|switch|p1a: Prince|Archeops, M|165\/291 tox
|-damage|p1a: Prince|93\/291 tox|[from] Stealth Rock
|turn|26
|
|move|p2a: Metal Man|Thunder Punch|p1a: Prince
|-supereffective|p1a: Prince
|-damage|p1a: Prince|0 fnt
|faint|p1a: Prince
|
|
|switch|p1a: Bun|Lopunny-Mega, M|170\/272 tox
|-damage|p1a: Bun|153\/272 tox|[from] Stealth Rock
|turn|27
|c|âMyself123|one more try
|
|move|p2a: Metal Man|Zen Headbutt|p1a: Bun
|-crit|p1a: Bun
|-supereffective|p1a: Bun
|-damage|p1a: Bun|0 fnt
|faint|p1a: Bun
|
|win|BenTheDemon
|c|âMyself123|nope
|c|âBenTheDemon|GG.
|c|âMyself123|gg