|join|MoreRainTestsAyup
|join|BenTheDemon
|player|p1|MoreRainTestsAyup|243
|player|p2|BenTheDemon|240
|gametype|singles
|gen|6
|tier|OU
|rated
|clearpoke
|poke|p1|Politoed, F
|poke|p1|Tornadus-Therian, M
|poke|p1|Heracross, M
|poke|p1|Excadrill, F
|poke|p1|Kabutops, M
|poke|p1|Kingdra, M
|poke|p2|Dragonite, M
|poke|p2|Rotom-Wash
|poke|p2|Lucario, M
|poke|p2|Talonflame, M
|poke|p2|Excadrill, M
|poke|p2|Gengar, M
|rule|Sleep Clause Mod: Limit one foe put to sleep
|rule|Species Clause: Limit one of each Pokemon
|rule|OHKO Clause: OHKO moves are banned
|rule|Moody Clause: Moody is banned
|rule|Evasion Moves Clause: Evasion moves are banned
|rule|Endless Battle Clause: Forcing endless battles is banned.
|rule|HP Percentage Mod: HP is reported as percentages
|teampreview
|callback|decision
|
|start
|switch|p1a: Odd Mon Out|Excadrill, F|362\/362
|switch|p2a: Elec Man|Rotom-Wash|304\/304
|-ability|p1a: Odd Mon Out|Mold Breaker
|turn|1
|callback|decision
|
|switch|p2a: Flame Man|Talonflame, M|328\/328
|move|p1a: Odd Mon Out|Earthquake|p2a: Flame Man
|-immune|p2a: Flame Man|[msg]
|
|turn|2
|callback|decision
|
|move|p2a: Flame Man|Swords Dance|p2a: Flame Man
|-boost|p2a: Flame Man|atk|2
|move|p1a: Odd Mon Out|Rock Slide|p2a: Flame Man
|-supereffective|p2a: Flame Man
|-damage|p2a: Flame Man|0 fnt
|faint|p2a: Flame Man
|
|callback|decision
|
|switch|p2a: Pharaoh Man|Lucario, M|282\/282
|turn|3
|callback|decision
|
|-formechange|p2a: Pharaoh Man|Lucario-Mega
|message|Lucario has Mega Evolved into Mega Lucario!
|move|p2a: Pharaoh Man|Close Combat|p1a: Odd Mon Out
|-supereffective|p1a: Odd Mon Out
|-enditem|p1a: Odd Mon Out|Focus Sash
|-damage|p1a: Odd Mon Out|1\/362
|-unboost|p2a: Pharaoh Man|def|1
|-unboost|p2a: Pharaoh Man|spd|1
|move|p1a: Odd Mon Out|Earthquake|p2a: Pharaoh Man
|-supereffective|p2a: Pharaoh Man
|-damage|p2a: Pharaoh Man|0 fnt
|faint|p2a: Pharaoh Man
|
|callback|decision
|
|switch|p2a: Yellow Devil|Dragonite, M|386\/386
|turn|4
|callback|decision
|
|switch|p1a: Beyonzo|Politoed, F|384\/384
|-weather|RainDance
|move|p2a: Yellow Devil|Dragon Dance|p2a: Yellow Devil
|-boost|p2a: Yellow Devil|atk|1
|-boost|p2a: Yellow Devil|spe|1
|
|-weather|RainDance|[upkeep]
|turn|5
|callback|decision
|
|move|p2a: Yellow Devil|Dragon Dance|p2a: Yellow Devil
|-boost|p2a: Yellow Devil|atk|1
|-boost|p2a: Yellow Devil|spe|1
|move|p1a: Beyonzo|Encore|p2a: Yellow Devil
|-start|p2a: Yellow Devil|Encore
|
|-weather|RainDance|[upkeep]
|turn|6
|callback|decision
|
|switch|p2a: Elec Man|Rotom-Wash|304\/304
|move|p1a: Beyonzo|Scald|p2a: Elec Man
|-resisted|p2a: Elec Man
|-damage|p2a: Elec Man|244\/304
|-status|p2a: Elec Man|brn
|
|-weather|RainDance|[upkeep]
|-heal|p2a: Elec Man|263\/304 brn|[from] item: Leftovers
|-damage|p2a: Elec Man|225\/304 brn|[from] brn
|turn|7
|callback|decision
|
|switch|p1a: ITS GARCHOMP|Kingdra, M|291\/291
|move|p2a: Elec Man|Will-O-Wisp|p1a: ITS GARCHOMP|[miss]
|-miss|p2a: Elec Man|p1a: ITS GARCHOMP
|
|-weather|RainDance|[upkeep]
|-heal|p2a: Elec Man|244\/304 brn|[from] item: Leftovers
|-damage|p2a: Elec Man|206\/304 brn|[from] brn
|turn|8
|callback|decision
|
|move|p1a: ITS GARCHOMP|Draco Meteor|p2a: Elec Man
|-crit|p2a: Elec Man
|-damage|p2a: Elec Man|0 fnt
|-unboost|p1a: ITS GARCHOMP|spa|2
|-damage|p1a: ITS GARCHOMP|262\/291|[from] item: Life Orb
|faint|p2a: Elec Man
|
|-weather|RainDance|[upkeep]
|callback|decision
|
|switch|p2a: Yellow Devil|Dragonite, M|386\/386
|turn|9
|callback|decision
|
|move|p1a: ITS GARCHOMP|Draco Meteor|p2a: Yellow Devil|[miss]
|-miss|p1a: ITS GARCHOMP|p2a: Yellow Devil
|move|p2a: Yellow Devil|Dragon Dance|p2a: Yellow Devil
|-boost|p2a: Yellow Devil|atk|1
|-boost|p2a: Yellow Devil|spe|1
|
|-weather|RainDance|[upkeep]
|turn|10
|callback|decision
|
|move|p1a: ITS GARCHOMP|Draco Meteor|p2a: Yellow Devil
|-supereffective|p2a: Yellow Devil
|-damage|p2a: Yellow Devil|257\/386
|-enditem|p2a: Yellow Devil|Weakness Policy
|-boost|p2a: Yellow Devil|atk|2|[from] item: Weakness Policy
|-boost|p2a: Yellow Devil|spa|2|[from] item: Weakness Policy
|-unboost|p1a: ITS GARCHOMP|spa|2
|-damage|p1a: ITS GARCHOMP|233\/291|[from] item: Life Orb
|move|p2a: Yellow Devil|Dragon Dance|p2a: Yellow Devil
|-boost|p2a: Yellow Devil|atk|1
|-boost|p2a: Yellow Devil|spe|1
|
|-weather|RainDance|[upkeep]
|turn|11
|callback|decision
|
|move|p2a: Yellow Devil|Dragon Dance|p2a: Yellow Devil
|-boost|p2a: Yellow Devil|atk|1
|-boost|p2a: Yellow Devil|spe|1
|move|p1a: ITS GARCHOMP|Draco Meteor|p2a: Yellow Devil
|-supereffective|p2a: Yellow Devil
|-damage|p2a: Yellow Devil|62\/386
|-unboost|p1a: ITS GARCHOMP|spa|2
|-damage|p1a: ITS GARCHOMP|204\/291|[from] item: Life Orb
|
|-weather|none
|turn|12
|callback|decision
|
|switch|p1a: Odd Mon Out|Excadrill, F|1\/362
|-ability|p1a: Odd Mon Out|Mold Breaker
|move|p2a: Yellow Devil|Dragon Claw|p1a: Odd Mon Out
|-resisted|p1a: Odd Mon Out
|-damage|p1a: Odd Mon Out|0 fnt
|faint|p1a: Odd Mon Out
|
|callback|decision
|
|switch|p1a: Beyonzo|Politoed, F|384\/384
|-weather|RainDance
|turn|13
|callback|decision
|
|move|p2a: Yellow Devil|Dragon Claw|p1a: Beyonzo
|-damage|p1a: Beyonzo|27\/384
|move|p1a: Beyonzo|Ice Beam|p2a: Yellow Devil
|-supereffective|p2a: Yellow Devil
|-damage|p2a: Yellow Devil|0 fnt
|faint|p2a: Yellow Devil
|
|-weather|RainDance|[upkeep]
|callback|decision
|
|switch|p2a: Shadow Man|Gengar, M|262\/262
|turn|14
|callback|decision
|
|move|p2a: Shadow Man|Shadow Ball|p1a: Beyonzo
|-damage|p1a: Beyonzo|0 fnt
|faint|p1a: Beyonzo
|
|-weather|RainDance|[upkeep]
|callback|decision
|
|switch|p1a: ITS GARCHOMP|Kingdra, M|204\/291
|turn|15
|callback|decision
|
|move|p1a: ITS GARCHOMP|Surf|p2a: Shadow Man
|-damage|p2a: Shadow Man|0 fnt
|-damage|p1a: ITS GARCHOMP|175\/291|[from] item: Life Orb
|faint|p2a: Shadow Man
|
|-weather|RainDance|[upkeep]
|callback|decision
|-message|BenTheDemon forfeited.
|
|win|MoreRainTestsAyup
|raw|Ladder updating...
|leave|BenTheDemon
|player|p2
|raw|MoreRainTestsAyup's rating: 1537 &rarr; <strong>1560<\/strong><br \/>(+23 for winning)
|raw|BenTheDemon's rating: 1510 &rarr; <strong>1487<\/strong><br \/>(-23 for losing)