|join|Monster Frank
|join|BenTheDemon
|player|p1|Monster Frank|279
|player|p2|BenTheDemon|240
|gametype|singles
|gen|6
|tier|OU
|rated
|clearpoke
|poke|p1|Scolipede, F
|poke|p1|Espeon, M
|poke|p1|Umbreon, F
|poke|p1|Clefable, M
|poke|p1|Vaporeon, M
|poke|p1|Gardevoir, F
|poke|p2|Dragonite, M
|poke|p2|Rotom-Wash
|poke|p2|Aegislash, M
|poke|p2|Charizard, M
|poke|p2|Excadrill, M
|poke|p2|Gengar, M
|rule|Sleep Clause Mod: Limit one foe put to sleep
|rule|Species Clause: Limit one of each Pokemon
|rule|OHKO Clause: OHKO moves are banned
|rule|Moody Clause: Moody is banned
|rule|Evasion Moves Clause: Evasion moves are banned
|rule|Endless Battle Clause: Forcing endless battles is banned.
|rule|HP Percentage Mod: HP is reported as percentages
|teampreview
|
|start
|switch|p1a: Scolipede|Scolipede, F|324\/324
|switch|p2a: Shadow Man|Gengar, M|262\/262
|turn|1
|
|move|p1a: Scolipede|Protect|p1a: Scolipede
|-singleturn|p1a: Scolipede|Protect
|move|p2a: Shadow Man|Taunt|p1a: Scolipede
|-activate|p1a: Scolipede|Protect
|
|-boost|p1a: Scolipede|spe|1|[from] ability: Speed Boost
|turn|2
|
|move|p1a: Scolipede|Substitute|p1a: Scolipede
|-start|p1a: Scolipede|Substitute
|-damage|p1a: Scolipede|243\/324
|move|p2a: Shadow Man|Taunt|p1a: Scolipede
|-start|p1a: Scolipede|move: Taunt
|
|-boost|p1a: Scolipede|spe|1|[from] ability: Speed Boost
|turn|3
|
|-activate|p1a: Scolipede|move: Struggle
|move|p1a: Scolipede|Struggle|p2a: Shadow Man
|-damage|p2a: Shadow Man|202\/262
|-damage|p1a: Scolipede|162\/324
|move|p2a: Shadow Man|Shadow Ball|p1a: Scolipede
|-end|p1a: Scolipede|Substitute
|
|-boost|p1a: Scolipede|spe|1|[from] ability: Speed Boost
|turn|4
|
|-activate|p1a: Scolipede|move: Struggle
|move|p1a: Scolipede|Struggle|p2a: Shadow Man
|-damage|p2a: Shadow Man|141\/262
|-damage|p1a: Scolipede|81\/324
|move|p2a: Shadow Man|Shadow Ball|p1a: Scolipede
|-damage|p1a: Scolipede|0 fnt
|faint|p1a: Scolipede
|
|
|switch|p1a: Umbreon|Umbreon, F|394\/394
|turn|5
|
|move|p2a: Shadow Man|Destiny Bond|p2a: Shadow Man
|-singlemove|p2a: Shadow Man|Destiny Bond
|move|p1a: Umbreon|Substitute|p1a: Umbreon
|-start|p1a: Umbreon|Substitute
|-damage|p1a: Umbreon|296\/394
|
|-heal|p1a: Umbreon|320\/394|[from] item: Leftovers
|turn|6
|
|move|p2a: Shadow Man|Destiny Bond|p2a: Shadow Man
|-singlemove|p2a: Shadow Man|Destiny Bond
|move|p1a: Umbreon|Baton Pass|p1a: Umbreon
|
|switch|p1a: Espeon|Espeon, M|334\/334
|
|turn|7
|
|move|p2a: Shadow Man|Destiny Bond|p2a: Shadow Man
|-singlemove|p2a: Shadow Man|Destiny Bond
|move|p1a: Espeon|Calm Mind|p1a: Espeon
|-boost|p1a: Espeon|spa|1
|-boost|p1a: Espeon|spd|1
|
|turn|8
|
|switch|p2a: Sword Man|Aegislash, M|324\/324
|move|p1a: Espeon|Shadow Ball|p2a: Sword Man
|-crit|p2a: Sword Man
|-supereffective|p2a: Sword Man
|-damage|p2a: Sword Man|0 fnt
|faint|p2a: Sword Man
|
|
|switch|p2a: Shadow Man|Gengar, M|141\/262
|turn|9
|
|move|p2a: Shadow Man|Destiny Bond|p2a: Shadow Man
|-singlemove|p2a: Shadow Man|Destiny Bond
|move|p1a: Espeon|Calm Mind|p1a: Espeon
|-boost|p1a: Espeon|spa|1
|-boost|p1a: Espeon|spd|1
|
|turn|10
|
|move|p2a: Shadow Man|Shadow Ball|p1a: Espeon
|-supereffective|p1a: Espeon
|-end|p1a: Espeon|Substitute
|move|p1a: Espeon|Calm Mind|p1a: Espeon
|-boost|p1a: Espeon|spa|1
|-boost|p1a: Espeon|spd|1
|
|turn|11
|
|move|p2a: Shadow Man|Destiny Bond|p2a: Shadow Man
|-singlemove|p2a: Shadow Man|Destiny Bond
|move|p1a: Espeon|Baton Pass|p1a: Espeon
|
|switch|p1a: Gardevoir|Gardevoir, F|340\/340
|-ability|p1a: Gardevoir|Levitate|[from] ability: Trace|[of] p2a: Shadow Man
|
|turn|12
|
|-formechange|p1a: Gardevoir|Gardevoir-Mega
|message|Gardevoir has Mega Evolved into Mega Gardevoir!
|move|p2a: Shadow Man|Taunt|p1a: Gardevoir
|-start|p1a: Gardevoir|move: Taunt
|cant|p1a: Gardevoir|move: Taunt|Substitute
|
|turn|13
|
|move|p2a: Shadow Man|Destiny Bond|p2a: Shadow Man
|-singlemove|p2a: Shadow Man|Destiny Bond
|move|p1a: Gardevoir|Shadow Ball|p2a: Shadow Man
|-supereffective|p2a: Shadow Man
|-damage|p2a: Shadow Man|0 fnt
|faint|p2a: Shadow Man
|-activate|p2a: Shadow Man|Destiny Bond
|faint|p1a: Gardevoir
|
|-message|Monster Frank forfeited.
|
|win|BenTheDemon
|raw|Ladder updating...
|leave|Monster Frank
|player|p1
|raw|Monster Frank's rating: 1481 &rarr; <strong>1464<\/strong><br \/>(-17 for losing)
|raw|BenTheDemon's rating: 1534 &rarr; <strong>1551<\/strong><br \/>(+17 for winning)