|join|BenTheDemon
|join|syk1307
|player|p1|BenTheDemon|240
|player|p2|syk1307|274
|gametype|singles
|gen|6
|tier|OU
|rated
|clearpoke
|poke|p1|Dragonite, M
|poke|p1|Rotom-Wash
|poke|p1|Aegislash, M
|poke|p1|Charizard, M
|poke|p1|Excadrill, M
|poke|p1|Gengar, M
|poke|p2|Jolteon, M
|poke|p2|Starmie
|poke|p2|Entei, shiny
|poke|p2|Landorus-Therian, M
|poke|p2|Scizor, M
|poke|p2|Mew
|rule|Sleep Clause Mod: Limit one foe put to sleep
|rule|Species Clause: Limit one of each Pokemon
|rule|OHKO Clause: OHKO moves are banned
|rule|Moody Clause: Moody is banned
|rule|Evasion Moves Clause: Evasion moves are banned
|rule|Endless Battle Clause: Forcing endless battles is banned.
|rule|HP Percentage Mod: HP is reported as percentages
|teampreview
|
|start
|switch|p1a: Elec Man|Rotom-Wash|304\/304
|switch|p2a: Landorus-Therian|Landorus-Therian, M|382\/382
|-ability|p2a: Landorus-Therian|Intimidate|[of] p1a: Elec Man
|-unboost|p1a: Elec Man|atk|1
|turn|1
|
|move|p1a: Elec Man|Hydro Pump|p2a: Landorus-Therian
|-supereffective|p2a: Landorus-Therian
|-damage|p2a: Landorus-Therian|68\/382
|move|p2a: Landorus-Therian|Stealth Rock|p1a: Elec Man
|-sidestart|p1: BenTheDemon|move: Stealth Rock
|
|-heal|p2a: Landorus-Therian|91\/382|[from] item: Leftovers
|turn|2
|
|switch|p2a: Jolteon|Jolteon, M|272\/272
|move|p1a: Elec Man|Hydro Pump|p2a: Jolteon
|-damage|p2a: Jolteon|73\/272
|
|turn|3
|
|move|p2a: Jolteon|Volt Switch|p1a: Elec Man
|-damage|p1a: Elec Man|160\/304
|
|switch|p2a: Starmie|Starmie|261\/261
|move|p1a: Elec Man|Hydro Pump|p2a: Starmie
|-crit|p2a: Starmie
|-resisted|p2a: Starmie
|-damage|p2a: Starmie|108\/261
|
|-heal|p1a: Elec Man|179\/304|[from] item: Leftovers
|turn|4
|
|move|p2a: Starmie|Psyshock|p1a: Elec Man
|-damage|p1a: Elec Man|37\/304
|-damage|p2a: Starmie|82\/261|[from] item: Life Orb
|move|p1a: Elec Man|Thunderbolt|p2a: Starmie
|-supereffective|p2a: Starmie
|-damage|p2a: Starmie|0 fnt
|faint|p2a: Starmie
|
|-heal|p1a: Elec Man|56\/304|[from] item: Leftovers
|
|switch|p2a: Jolteon|Jolteon, M|73\/272
|turn|5
|
|switch|p2a: Landorus-Therian|Landorus-Therian, M|91\/382
|-ability|p2a: Landorus-Therian|Intimidate|[of] p1a: Elec Man
|-unboost|p1a: Elec Man|atk|1
|move|p1a: Elec Man|Will-O-Wisp|p2a: Landorus-Therian|[miss]
|-miss|p1a: Elec Man|p2a: Landorus-Therian
|
|-heal|p1a: Elec Man|75\/304|[from] item: Leftovers
|-heal|p2a: Landorus-Therian|114\/382|[from] item: Leftovers
|turn|6
|
|move|p1a: Elec Man|Hydro Pump|p2a: Landorus-Therian
|-supereffective|p2a: Landorus-Therian
|-damage|p2a: Landorus-Therian|0 fnt
|faint|p2a: Landorus-Therian
|
|-heal|p1a: Elec Man|94\/304|[from] item: Leftovers
|
|switch|p2a: Jolteon|Jolteon, M|73\/272
|turn|7
|
|move|p2a: Jolteon|Volt Switch|p1a: Elec Man
|-damage|p1a: Elec Man|0 fnt
|faint|p1a: Elec Man
|
|switch|p2a: Entei|Entei, shiny|371\/371
|-ability|p2a: Entei|Pressure
|
|
|switch|p1a: Drill Man|Excadrill, M|405\/405
|-damage|p1a: Drill Man|393\/405|[from] Stealth Rock
|-ability|p1a: Drill Man|Mold Breaker
|turn|8
|
|move|p2a: Entei|Sacred Fire|p1a: Drill Man
|-supereffective|p1a: Drill Man
|-damage|p1a: Drill Man|0 fnt
|faint|p1a: Drill Man
|
|
|switch|p1a: Flame Man|Charizard, M|297\/297
|-damage|p1a: Flame Man|149\/297|[from] Stealth Rock
|turn|9
|
|-formechange|p1a: Flame Man|Charizard-Mega-Y
|message|Charizard has Mega Evolved into Mega Charizard!
|-weather|SunnyDay
|move|p1a: Flame Man|Roost|p1a: Flame Man
|-heal|p1a: Flame Man|297\/297
|move|p2a: Entei|Stone Edge|p1a: Flame Man
|-supereffective|p1a: Flame Man
|-damage|p1a: Flame Man|0 fnt
|faint|p1a: Flame Man
|
|-weather|SunnyDay|[upkeep]
|
|switch|p1a: Shadow Man|Gengar, M|262\/262
|-damage|p1a: Shadow Man|230\/262|[from] Stealth Rock
|turn|10
|
|move|p1a: Shadow Man|Destiny Bond|p1a: Shadow Man
|-singlemove|p1a: Shadow Man|Destiny Bond
|move|p2a: Entei|Sacred Fire|p1a: Shadow Man
|-damage|p1a: Shadow Man|0 fnt
|faint|p1a: Shadow Man
|-activate|p1a: Shadow Man|Destiny Bond
|faint|p2a: Entei
|
|-weather|SunnyDay|[upkeep]
|
|switch|p2a: Jolteon|Jolteon, M|73\/272
|switch|p1a: Yellow Devil|Dragonite, M|386\/386
|-damage|p1a: Yellow Devil|290\/386|[from] Stealth Rock
|turn|11
|
|move|p2a: Jolteon|Volt Switch|p1a: Yellow Devil
|-damage|p1a: Yellow Devil|113\/386
|
|switch|p2a: Scizor|Scizor, M|344\/344
|move|p1a: Yellow Devil|Dragon Dance|p1a: Yellow Devil
|-boost|p1a: Yellow Devil|atk|1
|-boost|p1a: Yellow Devil|spe|1
|
|-weather|SunnyDay|[upkeep]
|turn|12
|
|-formechange|p2a: Scizor|Scizor-Mega
|message|Scizor has Mega Evolved into Mega Scizor!
|move|p2a: Scizor|Bullet Punch|p1a: Yellow Devil
|-damage|p1a: Yellow Devil|0 fnt
|faint|p1a: Yellow Devil
|
|-weather|SunnyDay|[upkeep]
|
|switch|p1a: Sword Man|Aegislash, M|324\/324
|-damage|p1a: Sword Man|304\/324|[from] Stealth Rock
|turn|13
|
|move|p2a: Scizor|Knock Off|p1a: Sword Man
|-supereffective|p1a: Sword Man
|-damage|p1a: Sword Man|94\/324
|-enditem|p1a: Sword Man|Weakness Policy
|-boost|p1a: Sword Man|atk|2|[from] item: Weakness Policy
|-boost|p1a: Sword Man|spa|2|[from] item: Weakness Policy
|-formechange|p1a: Sword Man|Aegislash-Blade
|move|p1a: Sword Man|Sacred Sword|p2a: Scizor
|-damage|p2a: Scizor|165\/344
|
|-weather|none
|turn|14
|
|-formechange|p1a: Sword Man|Aegislash
|move|p1a: Sword Man|King's Shield|p1a: Sword Man
|-singleturn|p1a: Sword Man|Protect
|move|p2a: Scizor|U-turn|p1a: Sword Man
|-activate|p1a: Sword Man|Protect
|-unboost|p2a: Scizor|atk|2
|
|turn|15
|
|-formechange|p1a: Sword Man|Aegislash-Blade
|move|p1a: Sword Man|Shadow Sneak|p2a: Scizor
|-damage|p2a: Scizor|30\/344
|move|p2a: Scizor|U-turn|p1a: Sword Man
|-resisted|p1a: Sword Man
|-damage|p1a: Sword Man|58\/324
|
|switch|p2a: Jolteon|Jolteon, M|73\/272
|
|turn|16
|
|move|p1a: Sword Man|Shadow Sneak|p2a: Jolteon
|-damage|p2a: Jolteon|0 fnt
|faint|p2a: Jolteon
|
|
|switch|p2a: Scizor|Scizor, M|30\/344
|-formechange|p2a: Scizor|Scizor-Mega
|turn|17
|
|-formechange|p1a: Sword Man|Aegislash
|move|p1a: Sword Man|King's Shield|p1a: Sword Man
|-singleturn|p1a: Sword Man|Protect
|move|p2a: Scizor|Knock Off|p1a: Sword Man
|-activate|p1a: Sword Man|Protect
|-unboost|p2a: Scizor|atk|2
|
|turn|18
|
|-formechange|p1a: Sword Man|Aegislash-Blade
|move|p1a: Sword Man|Shadow Sneak|p2a: Scizor
|-damage|p2a: Scizor|0 fnt
|faint|p2a: Scizor
|
|
|switch|p2a: Mew|Mew|341\/341
|turn|19
|
|move|p2a: Mew|Sucker Punch|p1a: Sword Man
|-supereffective|p1a: Sword Man
|-damage|p1a: Sword Man|0 fnt
|faint|p1a: Sword Man
|
|win|syk1307
|raw|Ladder updating...
|raw|BenTheDemon's rating: 1631 &rarr; <strong>1612<\/strong><br \/>(-19 for losing)
|raw|syk1307's rating: 1653 &rarr; <strong>1672<\/strong><br \/>(+19 for winning)
|leave|BenTheDemon
|player|p1