|join|Cheeseboy628
|join|Test_Pokebro
|player|p1|Cheeseboy628|284
|player|p2|Test_Pokebro|253
|gametype|singles
|gen|6
|tier|UU
|rated
|rule|Sleep Clause Mod: Limit one foe put to sleep
|rule|Species Clause: Limit one of each PokÃ©mon
|rule|OHKO Clause: OHKO moves are banned
|rule|Moody Clause: Moody is banned
|rule|Evasion Moves Clause: Evasion moves are banned
|rule|Endless Battle Clause: Forcing endless battles is banned
|rule|HP Percentage Mod: HP is reported as percentages
|clearpoke
|poke|p1|Tornadus-Therian, M
|poke|p1|Hydreigon, F
|poke|p1|Darmanitan, F
|poke|p1|Donphan, M
|poke|p1|Florges, F
|poke|p1|Lucario, M
|poke|p2|Rotom-Heat
|poke|p2|Empoleon, F
|poke|p2|Chesnaught, F
|poke|p2|Raikou
|poke|p2|Swampert, F
|poke|p2|Florges, F
|rule|Swagger Clause: Swagger is banned
|rule|Baton Pass Clause: Limit three PokÃ©mon knowing Baton Pass
|teampreview
|
|start
|switch|p1a: Hydreigon|Hydreigon, F|326\/326
|switch|p2a: Swampert|Swampert, F|404\/404
|turn|1
|
|switch|p2a: Florges|Florges, F|359\/359
|move|p1a: Hydreigon|Draco Meteor|p2a: Florges
|-immune|p2a: Florges|[msg]
|
|turn|2
|
|switch|p1a: Darmanitan|Darmanitan, F|351\/351
|move|p2a: Florges|Wish|p2a: Florges
|
|turn|3
|
|switch|p2a: Swampert|Swampert, F|404\/404
|move|p1a: Darmanitan|Flare Blitz|p2a: Swampert
|-resisted|p2a: Swampert
|-damage|p2a: Swampert|255\/404
|-damage|p1a: Darmanitan|302\/351|[from] recoil|[of] p2a: Swampert
|
|-heal|p2a: Swampert|404\/404|[from] move: Wish|[wisher] Florges
|turn|4
|
|switch|p1a: Tornadus-Therian|Tornadus-Therian, M|299\/299
|move|p2a: Swampert|Stealth Rock|p1a: Tornadus-Therian
|-sidestart|p1: Cheeseboy628|move: Stealth Rock
|
|turn|5
|
|switch|p2a: Raikou|Raikou|321\/321
|-ability|p2a: Raikou|Pressure
|move|p1a: Tornadus-Therian|Knock Off|p2a: Raikou
|-damage|p2a: Raikou|194\/321
|-enditem|p2a: Raikou|Choice Scarf|[from] move: Knock Off|[of] p1a: Tornadus-Therian
|-damage|p1a: Tornadus-Therian|270\/299|[from] item: Life Orb
|
|turn|6
|
|switch|p1a: Clergy|Florges, F|360\/360
|-damage|p1a: Clergy|315\/360|[from] Stealth Rock
|move|p2a: Raikou|Volt Switch|p1a: Clergy
|-damage|p1a: Clergy|246\/360
|
|switch|p2a: Rotom-Heat|Rotom-Heat|241\/241
|
|-heal|p1a: Clergy|268\/360|[from] item: Leftovers
|turn|7
|
|move|p1a: Clergy|Protect|p1a: Clergy
|-singleturn|p1a: Clergy|Protect
|move|p2a: Rotom-Heat|Trick|p1a: Clergy
|-activate|p1a: Clergy|Protect
|
|-heal|p1a: Clergy|290\/360|[from] item: Leftovers
|turn|8
|
|switch|p2a: Raikou|Raikou|194\/321
|-ability|p2a: Raikou|Pressure
|switch|p1a: Hydreigon|Hydreigon, F|326\/326
|-damage|p1a: Hydreigon|286\/326|[from] Stealth Rock
|
|turn|9
|
|move|p1a: Hydreigon|U-turn|p2a: Raikou
|-damage|p2a: Raikou|133\/321
|
|switch|p1a: Clergy|Florges, F|290\/360
|-damage|p1a: Clergy|245\/360|[from] Stealth Rock
|move|p2a: Raikou|Hidden Power|p1a: Clergy
|-damage|p1a: Clergy|204\/360
|
|-heal|p1a: Clergy|226\/360|[from] item: Leftovers
|turn|10
|
|move|p2a: Raikou|Volt Switch|p1a: Clergy
|-damage|p1a: Clergy|162\/360
|
|switch|p2a: Empoleon|Empoleon, F|372\/372
|move|p1a: Clergy|Wish|p1a: Clergy
|
|-heal|p1a: Clergy|184\/360|[from] item: Leftovers
|turn|11
|
|move|p1a: Clergy|Moonblast|p2a: Empoleon
|-resisted|p2a: Empoleon
|-damage|p2a: Empoleon|330\/372
|move|p2a: Empoleon|Scald|p1a: Clergy
|-damage|p1a: Clergy|133\/360
|
|-heal|p1a: Clergy|313\/360|[from] move: Wish|[wisher] Clergy
|-heal|p1a: Clergy|335\/360|[from] item: Leftovers
|-heal|p2a: Empoleon|353\/372|[from] item: Leftovers
|turn|12
|
|move|p1a: Clergy|Wish|p1a: Clergy
|move|p2a: Empoleon|Toxic|p1a: Clergy
|-status|p1a: Clergy|tox
|
|-heal|p1a: Clergy|357\/360 tox|[from] item: Leftovers
|-heal|p2a: Empoleon|372\/372|[from] item: Leftovers
|-damage|p1a: Clergy|335\/360 tox|[from] psn
|turn|13
|
|switch|p1a: Lucario|Lucario, M|281\/281
|-damage|p1a: Lucario|273\/281|[from] Stealth Rock
|switch|p2a: Florges|Florges, F|359\/359
|
|-heal|p1a: Lucario|281\/281|[from] move: Wish|[wisher] Clergy
|turn|14
|
|switch|p2a: Chesnaught|Chesnaught, F|380\/380
|move|p1a: Lucario|Swords Dance|p1a: Lucario
|-boost|p1a: Lucario|atk|2
|
|turn|15
|
|move|p1a: Lucario|Close Combat|p2a: Chesnaught
|-damage|p2a: Chesnaught|60\/380
|-unboost|p1a: Lucario|def|1
|-unboost|p1a: Lucario|spd|1
|-damage|p1a: Lucario|253\/281|[from] item: Life Orb
|move|p2a: Chesnaught|Hammer Arm|p1a: Lucario
|-supereffective|p1a: Lucario
|-damage|p1a: Lucario|0 fnt
|-unboost|p2a: Chesnaught|spe|1
|faint|p1a: Lucario
|
|-heal|p2a: Chesnaught|83\/380|[from] item: Leftovers
|
|switch|p1a: Donphan|Donphan, M|384\/384
|-damage|p1a: Donphan|360\/384|[from] Stealth Rock
|turn|16
|
|move|p1a: Donphan|Stealth Rock|p2a: Chesnaught
|-sidestart|p2: Test_Pokebro|move: Stealth Rock
|move|p2a: Chesnaught|Leech Seed|p1a: Donphan
|-start|p1a: Donphan|move: Leech Seed
|
|-heal|p1a: Donphan|384\/384|[from] item: Leftovers
|-heal|p2a: Chesnaught|106\/380|[from] item: Leftovers
|-damage|p1a: Donphan|336\/384|[from] Leech Seed|[of] p2a: Chesnaught
|-heal|p2a: Chesnaught|154\/380|[silent]
|turn|17
|
|switch|p1a: Hydreigon|Hydreigon, F|286\/326
|-damage|p1a: Hydreigon|246\/326|[from] Stealth Rock
|move|p2a: Chesnaught|Spiky Shield|p2a: Chesnaught
|-fail|p2a: Chesnaught
|
|-heal|p2a: Chesnaught|177\/380|[from] item: Leftovers
|turn|18
|
|move|p2a: Chesnaught|Spiky Shield|p2a: Chesnaught
|-singleturn|p2a: Chesnaught|move: Protect
|move|p1a: Hydreigon|Fire Blast|p2a: Chesnaught
|-activate|p2a: Chesnaught|move: Protect
|
|-heal|p2a: Chesnaught|200\/380|[from] item: Leftovers
|turn|19
|
|switch|p1a: Darmanitan|Darmanitan, F|302\/351
|-damage|p1a: Darmanitan|215\/351|[from] Stealth Rock
|switch|p2a: Swampert|Swampert, F|404\/404
|-damage|p2a: Swampert|379\/404|[from] Stealth Rock
|
|-heal|p2a: Swampert|404\/404|[from] item: Leftovers
|turn|20
|
|switch|p1a: Clergy|Florges, F|335\/360 tox
|-damage|p1a: Clergy|290\/360 tox|[from] Stealth Rock
|move|p2a: Swampert|Toxic|p1a: Clergy
|-fail|p1a: Clergy|tox
|
|-heal|p1a: Clergy|312\/360 tox|[from] item: Leftovers
|-damage|p1a: Clergy|290\/360 tox|[from] psn
|turn|21
|
|move|p1a: Clergy|Aromatherapy|p1a: Clergy
|-cureteam|p1a: Clergy|[from] move: Aromatherapy
|move|p2a: Swampert|Earthquake|p1a: Clergy
|-damage|p1a: Clergy|113\/360
|
|-heal|p1a: Clergy|135\/360|[from] item: Leftovers
|turn|22
|
|move|p1a: Clergy|Protect|p1a: Clergy
|-singleturn|p1a: Clergy|Protect
|move|p2a: Swampert|Toxic|p1a: Clergy
|-activate|p1a: Clergy|Protect
|
|-heal|p1a: Clergy|157\/360|[from] item: Leftovers
|turn|23
|
|switch|p1a: Tornadus-Therian|Tornadus-Therian, M|299\/299
|-damage|p1a: Tornadus-Therian|225\/299|[from] Stealth Rock
|move|p2a: Swampert|Earthquake|p1a: Tornadus-Therian
|-immune|p1a: Tornadus-Therian|[msg]
|
|turn|24
|
|switch|p2a: Raikou|Raikou|133\/321
|-damage|p2a: Raikou|93\/321|[from] Stealth Rock
|-ability|p2a: Raikou|Pressure
|move|p1a: Tornadus-Therian|Knock Off|p2a: Raikou
|-damage|p2a: Raikou|2\/321
|-damage|p1a: Tornadus-Therian|196\/299|[from] item: Life Orb
|
|turn|25
|
|move|p1a: Tornadus-Therian|Knock Off|p2a: Raikou
|-damage|p2a: Raikou|0 fnt
|-damage|p1a: Tornadus-Therian|167\/299|[from] item: Life Orb
|faint|p2a: Raikou
|
|
|switch|p2a: Rotom-Heat|Rotom-Heat|241\/241
|-damage|p2a: Rotom-Heat|181\/241|[from] Stealth Rock
|turn|26
|
|switch|p1a: Hydreigon|Hydreigon, F|246\/326
|-damage|p1a: Hydreigon|206\/326|[from] Stealth Rock
|move|p2a: Rotom-Heat|Overheat|p1a: Hydreigon
|-resisted|p1a: Hydreigon
|-damage|p1a: Hydreigon|47\/326
|-unboost|p2a: Rotom-Heat|spa|2
|
|turn|27
|
|move|p1a: Hydreigon|U-turn|p2a: Rotom-Heat
|-resisted|p2a: Rotom-Heat
|-damage|p2a: Rotom-Heat|155\/241
|
|switch|p1a: Clergy|Florges, F|157\/360
|-damage|p1a: Clergy|112\/360|[from] Stealth Rock
|move|p2a: Rotom-Heat|Overheat|p1a: Clergy
|-damage|p1a: Clergy|33\/360
|-unboost|p2a: Rotom-Heat|spa|2
|
|-heal|p1a: Clergy|55\/360|[from] item: Leftovers
|turn|28
|
|switch|p2a: Empoleon|Empoleon, F|372\/372
|-damage|p2a: Empoleon|349\/372|[from] Stealth Rock
|move|p1a: Clergy|Wish|p1a: Clergy
|
|-heal|p1a: Clergy|77\/360|[from] item: Leftovers
|-heal|p2a: Empoleon|372\/372|[from] item: Leftovers
|turn|29
|
|move|p1a: Clergy|Protect|p1a: Clergy
|-singleturn|p1a: Clergy|Protect
|move|p2a: Empoleon|Roar|p1a: Clergy
|drag|p1a: Tornadus-Therian|Tornadus-Therian, M|266\/299
|-damage|p1a: Tornadus-Therian|192\/299|[from] Stealth Rock
|
|-heal|p1a: Tornadus-Therian|299\/299|[from] move: Wish|[wisher] Clergy
|turn|30
|
|move|p1a: Tornadus-Therian|Knock Off|p2a: Empoleon
|-damage|p2a: Empoleon|252\/372
|-enditem|p2a: Empoleon|Leftovers|[from] move: Knock Off|[of] p1a: Tornadus-Therian
|-damage|p1a: Tornadus-Therian|270\/299|[from] item: Life Orb
|move|p2a: Empoleon|Ice Beam|p1a: Tornadus-Therian
|-supereffective|p1a: Tornadus-Therian
|-damage|p1a: Tornadus-Therian|98\/299
|
|turn|31
|
|move|p1a: Tornadus-Therian|Superpower|p2a: Empoleon
|-supereffective|p2a: Empoleon
|-damage|p2a: Empoleon|0 fnt
|-unboost|p1a: Tornadus-Therian|atk|1
|-unboost|p1a: Tornadus-Therian|def|1
|-damage|p1a: Tornadus-Therian|69\/299|[from] item: Life Orb
|faint|p2a: Empoleon
|
|
|switch|p2a: Florges|Florges, F|359\/359
|-damage|p2a: Florges|315\/359|[from] Stealth Rock
|turn|32
|
|move|p1a: Tornadus-Therian|Knock Off|p2a: Florges
|-resisted|p2a: Florges
|-damage|p2a: Florges|285\/359
|-enditem|p2a: Florges|Leftovers|[from] move: Knock Off|[of] p1a: Tornadus-Therian
|-damage|p1a: Tornadus-Therian|40\/299|[from] item: Life Orb
|move|p2a: Florges|Moonblast|p1a: Tornadus-Therian
|-damage|p1a: Tornadus-Therian|0 fnt
|faint|p1a: Tornadus-Therian
|
|
|switch|p1a: Donphan|Donphan, M|336\/384
|-damage|p1a: Donphan|312\/384|[from] Stealth Rock
|turn|33
|
|move|p2a: Florges|Moonblast|p1a: Donphan
|-damage|p1a: Donphan|140\/384
|move|p1a: Donphan|Rapid Spin|p2a: Florges
|-damage|p2a: Florges|268\/359
|-sideend|p1: Cheeseboy628|Stealth Rock|[from] move: Rapid Spin|[of] p1a: Donphan
|
|-heal|p1a: Donphan|164\/384|[from] item: Leftovers
|turn|34
|
|move|p1a: Donphan|Ice Shard|p2a: Florges
|-damage|p2a: Florges|236\/359
|move|p2a: Florges|Moonblast|p1a: Donphan
|-damage|p1a: Donphan|0 fnt
|faint|p1a: Donphan
|
|
|switch|p1a: Darmanitan|Darmanitan, F|215\/351
|turn|35
|
|move|p2a: Florges|Protect|p2a: Florges
|-singleturn|p2a: Florges|Protect
|move|p1a: Darmanitan|U-turn|p2a: Florges
|-activate|p2a: Florges|Protect
|
|turn|36
|
|move|p1a: Darmanitan|Flare Blitz|p2a: Florges
|-damage|p2a: Florges|0 fnt
|-damage|p1a: Darmanitan|137\/351|[from] recoil|[of] p2a: Florges
|faint|p2a: Florges
|
|
|switch|p2a: Swampert|Swampert, F|404\/404
|-damage|p2a: Swampert|379\/404|[from] Stealth Rock
|turn|37
|
|move|p1a: Darmanitan|U-turn|p2a: Swampert
|-crit|p2a: Swampert
|-damage|p2a: Swampert|243\/404
|-damage|p1a: Darmanitan|102\/351|[from] item: Life Orb
|
|switch|p1a: Clergy|Florges, F|77\/360
|move|p2a: Swampert|Scald|p1a: Clergy
|-crit|p1a: Clergy
|-damage|p1a: Clergy|8\/360
|
|-heal|p1a: Clergy|30\/360|[from] item: Leftovers
|-heal|p2a: Swampert|268\/404|[from] item: Leftovers
|turn|38
|
|move|p1a: Clergy|Moonblast|p2a: Swampert
|-damage|p2a: Swampert|129\/404
|move|p2a: Swampert|Stealth Rock|p1a: Clergy
|-sidestart|p1: Cheeseboy628|move: Stealth Rock
|
|-heal|p1a: Clergy|52\/360|[from] item: Leftovers
|-heal|p2a: Swampert|154\/404|[from] item: Leftovers
|turn|39
|
|move|p1a: Clergy|Moonblast|p2a: Swampert
|-damage|p2a: Swampert|28\/404
|move|p2a: Swampert|Scald|p1a: Clergy
|-damage|p1a: Clergy|0 fnt
|faint|p1a: Clergy
|
|-heal|p2a: Swampert|53\/404|[from] item: Leftovers
|
|switch|p1a: Hydreigon|Hydreigon, F|47\/326
|-damage|p1a: Hydreigon|7\/326|[from] Stealth Rock
|turn|40
|
|move|p1a: Hydreigon|Dark Pulse|p2a: Swampert
|-damage|p2a: Swampert|0 fnt
|faint|p2a: Swampert
|
|
|switch|p2a: Rotom-Heat|Rotom-Heat|155\/241
|-damage|p2a: Rotom-Heat|95\/241|[from] Stealth Rock
|turn|41
|
|move|p1a: Hydreigon|Dark Pulse|p2a: Rotom-Heat
|-damage|p2a: Rotom-Heat|0 fnt
|faint|p2a: Rotom-Heat
|
|
|switch|p2a: Chesnaught|Chesnaught, F|200\/380
|-damage|p2a: Chesnaught|177\/380|[from] Stealth Rock
|turn|42
|
|move|p1a: Hydreigon|Dark Pulse|p2a: Chesnaught
|-resisted|p2a: Chesnaught
|-damage|p2a: Chesnaught|85\/380
|move|p2a: Chesnaught|Hammer Arm|p1a: Hydreigon
|-supereffective|p1a: Hydreigon
|-damage|p1a: Hydreigon|0 fnt
|-unboost|p2a: Chesnaught|spe|1
|faint|p1a: Hydreigon
|
|-heal|p2a: Chesnaught|108\/380|[from] item: Leftovers
|
|switch|p1a: Darmanitan|Darmanitan, F|102\/351
|-damage|p1a: Darmanitan|15\/351|[from] Stealth Rock
|turn|43
|
|move|p2a: Chesnaught|Spiky Shield|p2a: Chesnaught
|-singleturn|p2a: Chesnaught|move: Protect
|move|p1a: Darmanitan|Rock Slide|p2a: Chesnaught
|-activate|p2a: Chesnaught|move: Protect
|
|-heal|p2a: Chesnaught|131\/380|[from] item: Leftovers
|turn|44
|chat|Test_Pokebro|gg
|chat|Cheeseboy628|gg
|
|move|p2a: Chesnaught|Spiky Shield|p2a: Chesnaught
|-fail|p2a: Chesnaught
|move|p1a: Darmanitan|Flare Blitz|p2a: Chesnaught
|-supereffective|p2a: Chesnaught
|-damage|p2a: Chesnaught|0 fnt
|-damage|p1a: Darmanitan|0 fnt|[from] recoil|[of] p2a: Chesnaught
|faint|p2a: Chesnaught
|faint|p1a: Darmanitan
|
|win|Cheeseboy628
|raw|Ladder updating...
|raw|Cheeseboy628's rating: 1504 &rarr; <strong>1519<\/strong><br \/>(+15 for winning)
|raw|Test_Pokebro's rating: 1417 &rarr; <strong>1402<\/strong><br \/>(-15 for losing)
|leave|Test_Pokebro
|player|p2