|join|USERNAME MODOFUK
|join|Cheeseboy628
|player|p1|USERNAME MODOFUK|150
|player|p2|Cheeseboy628|284
|gametype|singles
|gen|6
|tier|UU
|rule|Sleep Clause Mod: Limit one foe put to sleep
|rule|Species Clause: Limit one of each PokÃ©mon
|rule|OHKO Clause: OHKO moves are banned
|rule|Moody Clause: Moody is banned
|rule|Evasion Moves Clause: Evasion moves are banned
|rule|Endless Battle Clause: Forcing endless battles is banned
|rule|HP Percentage Mod: HP is reported as percentages
|clearpoke
|poke|p1|Noivern, F
|poke|p1|Cloyster, F
|poke|p1|Jirachi
|poke|p1|Forretress, F
|poke|p1|Aggron, F
|poke|p1|Blissey, F
|poke|p2|Tornadus-Therian, M
|poke|p2|Hydreigon, M
|poke|p2|Darmanitan, M
|poke|p2|Donphan, F
|poke|p2|Florges, F
|poke|p2|Lucario, F
|rule|Swagger Clause: Swagger is banned
|rule|Baton Pass Clause: Limit three PokÃ©mon knowing Baton Pass
|teampreview
|
|start
|switch|p1a: Forretress|Forretress, F|312\/312
|switch|p2a: Tornadus-Therian|Tornadus-Therian, M|299\/299
|turn|1
|
|move|p2a: Tornadus-Therian|Knock Off|p1a: Forretress
|-damage|p1a: Forretress|238\/312
|-enditem|p1a: Forretress|Leftovers|[from] move: Knock Off|[of] p2a: Tornadus-Therian
|-damage|p2a: Tornadus-Therian|270\/299|[from] item: Life Orb
|move|p1a: Forretress|Stealth Rock|p2a: Tornadus-Therian
|-sidestart|p2: Cheeseboy628|move: Stealth Rock
|
|turn|2
|
|move|p2a: Tornadus-Therian|Heat Wave|p1a: Forretress
|-supereffective|p1a: Forretress
|-damage|p1a: Forretress|0 fnt
|-damage|p2a: Tornadus-Therian|241\/299|[from] item: Life Orb
|faint|p1a: Forretress
|
|
|switch|p1a: Aggron|Aggron, F|344\/344
|turn|3
|
|switch|p2a: Donphan|Donphan, F|384\/384
|-damage|p2a: Donphan|360\/384|[from] Stealth Rock
|move|p1a: Aggron|Metal Burst|p2a: Donphan
|-fail|p2a: Donphan
|
|-heal|p2a: Donphan|384\/384|[from] item: Leftovers
|turn|4
|
|move|p1a: Aggron|Aqua Tail|p2a: Donphan|[miss]
|-miss|p1a: Aggron|p2a: Donphan
|move|p2a: Donphan|Stealth Rock|p1a: Aggron
|-sidestart|p1: USERNAME MODOFUK|move: Stealth Rock
|
|turn|5
|
|move|p1a: Aggron|Metal Burst|p2a: Donphan
|-fail|p2a: Donphan
|move|p2a: Donphan|Rapid Spin|p1a: Aggron
|-resisted|p1a: Aggron
|-damage|p1a: Aggron|342\/344
|-sideend|p2: Cheeseboy628|Stealth Rock|[from] move: Rapid Spin|[of] p2a: Donphan
|
|turn|6
|
|detailschange|p1a: Aggron|Aggron-Mega, F
|message|Aggron has Mega Evolved into Mega Aggron!
|move|p1a: Aggron|Aqua Tail|p2a: Donphan
|-supereffective|p2a: Donphan
|-damage|p2a: Donphan|218\/384
|move|p2a: Donphan|Earthquake|p1a: Aggron
|-supereffective|p1a: Aggron
|-damage|p1a: Aggron|239\/344
|
|-heal|p2a: Donphan|242\/384|[from] item: Leftovers
|turn|7
|
|move|p1a: Aggron|Heavy Slam|p2a: Donphan
|-damage|p2a: Donphan|131\/384
|move|p2a: Donphan|Earthquake|p1a: Aggron
|-supereffective|p1a: Aggron
|-damage|p1a: Aggron|140\/344
|
|-heal|p2a: Donphan|155\/384|[from] item: Leftovers
|turn|8
|
|move|p2a: Donphan|Earthquake|p1a: Aggron
|-supereffective|p1a: Aggron
|-damage|p1a: Aggron|40\/344
|move|p1a: Aggron|Heavy Slam|p2a: Donphan
|-damage|p2a: Donphan|52\/384
|
|-heal|p2a: Donphan|76\/384|[from] item: Leftovers
|turn|9
|
|move|p2a: Donphan|Earthquake|p1a: Aggron
|-supereffective|p1a: Aggron
|-damage|p1a: Aggron|0 fnt
|faint|p1a: Aggron
|
|-heal|p2a: Donphan|100\/384|[from] item: Leftovers
|
|switch|p1a: Noivern|Noivern, F|311\/311
|-damage|p1a: Noivern|234\/311|[from] Stealth Rock
|turn|10
|
|move|p2a: Donphan|Ice Shard|p1a: Noivern
|-supereffective|p1a: Noivern
|-damage|p1a: Noivern|62\/311
|move|p1a: Noivern|Dragon Pulse|p2a: Donphan
|-damage|p2a: Donphan|0 fnt
|faint|p2a: Donphan
|
|
|switch|p2a: Lucario|Lucario, F|281\/281
|turn|11
|
|move|p1a: Noivern|Dragon Pulse|p2a: Lucario
|-resisted|p2a: Lucario
|-damage|p2a: Lucario|164\/281
|move|p2a: Lucario|Swords Dance|p2a: Lucario
|-boost|p2a: Lucario|atk|2
|
|turn|12
|
|move|p2a: Lucario|Extreme Speed|p1a: Noivern
|-damage|p1a: Noivern|0 fnt
|-damage|p2a: Lucario|136\/281|[from] item: Life Orb
|faint|p1a: Noivern
|
|
|switch|p1a: Jirachi|Jirachi|403\/403
|-damage|p1a: Jirachi|378\/403|[from] Stealth Rock
|turn|13
|
|move|p2a: Lucario|Close Combat|p1a: Jirachi
|-damage|p1a: Jirachi|0 fnt
|-unboost|p2a: Lucario|def|1
|-unboost|p2a: Lucario|spd|1
|-damage|p2a: Lucario|108\/281|[from] item: Life Orb
|faint|p1a: Jirachi
|
|
|switch|p1a: Cloyster|Cloyster, F|242\/242
|-damage|p1a: Cloyster|182\/242|[from] Stealth Rock
|turn|14
|
|move|p1a: Cloyster|Ice Shard|p2a: Lucario
|-resisted|p2a: Lucario
|-damage|p2a: Lucario|42\/281
|move|p2a: Lucario|Close Combat|p1a: Cloyster
|-supereffective|p1a: Cloyster
|-damage|p1a: Cloyster|0 fnt
|-unboost|p2a: Lucario|def|1
|-unboost|p2a: Lucario|spd|1
|-damage|p2a: Lucario|14\/281|[from] item: Life Orb
|faint|p1a: Cloyster
|
|
|switch|p1a: Blissey|Blissey, F|714\/714
|-damage|p1a: Blissey|625\/714|[from] Stealth Rock
|turn|15
|
|move|p2a: Lucario|Close Combat|p1a: Blissey
|-supereffective|p1a: Blissey
|-damage|p1a: Blissey|0 fnt
|-unboost|p2a: Lucario|def|1
|-unboost|p2a: Lucario|spd|1
|-damage|p2a: Lucario|0 fnt|[from] item: Life Orb
|faint|p1a: Blissey
|faint|p2a: Lucario
|
|win|Cheeseboy628
|chat|USERNAME MODOFUK|gg
|chat|Cheeseboy628|gg
|leave|USERNAME MODOFUK
|player|p1
|chat|Cheeseboy628|TTM summer Tournament battle