|join|Cheeseboy628
|join|TBCxFA
|player|p1|Cheeseboy628|284
|player|p2|TBCxFA|170
|gametype|singles
|gen|6
|tier|UU
|rated
|rule|Sleep Clause Mod: Limit one foe put to sleep
|rule|Species Clause: Limit one of each PokÃ©mon
|rule|OHKO Clause: OHKO moves are banned
|rule|Moody Clause: Moody is banned
|rule|Evasion Moves Clause: Evasion moves are banned
|rule|Endless Battle Clause: Forcing endless battles is banned
|rule|HP Percentage Mod: HP is reported as percentages
|clearpoke
|poke|p1|Cloyster, F
|poke|p1|Absol, F
|poke|p1|Raikou
|poke|p1|Noivern, F
|poke|p1|Victini
|poke|p1|Donphan, F
|poke|p2|Slowbro, M
|poke|p2|Forretress, M
|poke|p2|Victini
|poke|p2|Raikou
|poke|p2|Mienshao, F
|poke|p2|Snorlax, F
|rule|Swagger Clause: Swagger is banned
|rule|Baton Pass Clause: Limit one PokÃ©mon knowing Baton Pass
|teampreview
|
|start
|switch|p1a: Absol|Absol, F|271\/271
|switch|p2a: Raikou|Raikou|328\/328
|-ability|p2a: Raikou|Pressure
|turn|1
|
|switch|p1a: Donphan|Donphan, F|384\/384
|move|p2a: Raikou|Hidden Power|p1a: Donphan
|-crit|p1a: Donphan
|-supereffective|p1a: Donphan
|-damage|p1a: Donphan|96\/384
|
|-heal|p1a: Donphan|120\/384|[from] item: Leftovers
|turn|2
|
|switch|p1a: Victini|Victini|341\/341
|move|p2a: Raikou|Hidden Power|p1a: Victini
|-resisted|p1a: Victini
|-damage|p1a: Victini|306\/341
|
|turn|3
|
|switch|p2a: Slowbro|Slowbro, M|394\/394
|move|p1a: Victini|U-turn|p2a: Slowbro
|-supereffective|p2a: Slowbro
|-damage|p2a: Slowbro|262\/394
|-damage|p1a: Victini|250\/341|[from] item: Rocky Helmet|[of] p2a: Slowbro
|
|switch|p1a: Noivern|Noivern, F|311\/311
|
|turn|4
|
|switch|p2a: Snorlax|Snorlax, F|495\/495
|move|p1a: Noivern|Switcheroo|p2a: Snorlax
|-activate|p1a: Noivern|move: Trick|[of] p2a: Snorlax
|-item|p2a: Snorlax|Choice Specs|[from] Trick
|-item|p1a: Noivern|Choice Band|[from] Trick
|
|turn|5
|
|switch|p1a: Donphan|Donphan, F|120\/384
|move|p2a: Snorlax|Double-Edge|p1a: Donphan
|-damage|p1a: Donphan|0 fnt
|-damage|p2a: Snorlax|455\/495|[from] recoil|[of] p1a: Donphan
|faint|p1a: Donphan
|
|
|switch|p1a: Victini|Victini|250\/341
|turn|6
|
|switch|p2a: Slowbro|Slowbro, M|393\/394
|move|p1a: Victini|Bolt Strike|p2a: Slowbro
|-supereffective|p2a: Slowbro
|-damage|p2a: Slowbro|149\/394
|-damage|p1a: Victini|194\/341|[from] item: Rocky Helmet|[of] p2a: Slowbro
|
|turn|7
|
|switch|p2a: Forretress|Forretress, M|312\/312
|move|p1a: Victini|Bolt Strike|p2a: Forretress|[miss]
|-miss|p1a: Victini|p2a: Forretress
|
|turn|8
|
|switch|p1a: Cloyster|Cloyster, F|241\/241
|move|p2a: Forretress|Stealth Rock|p1a: Cloyster
|-sidestart|p1: Cheeseboy628|move: Stealth Rock
|
|turn|9
|
|move|p1a: Cloyster|Shell Smash|p1a: Cloyster
|-boost|p1a: Cloyster|atk|2
|-boost|p1a: Cloyster|spa|2
|-boost|p1a: Cloyster|spe|2
|-unboost|p1a: Cloyster|def|1
|-unboost|p1a: Cloyster|spd|1
|move|p2a: Forretress|Volt Switch|p1a: Cloyster
|-supereffective|p1a: Cloyster
|-enditem|p1a: Cloyster|Focus Sash
|-damage|p1a: Cloyster|1\/241
|
|switch|p2a: Slowbro|Slowbro, M|280\/394
|
|turn|10
|
|move|p1a: Cloyster|Rock Blast|p2a: Slowbro
|-damage|p2a: Slowbro|241\/394
|-damage|p2a: Slowbro|203\/394
|-damage|p2a: Slowbro|168\/394
|-damage|p2a: Slowbro|131\/394
|-damage|p2a: Slowbro|95\/394
|-hitcount|p2a: Slowbro|5
|move|p2a: Slowbro|Trick Room|p2a: Slowbro
|-fieldstart|move: Trick Room|[of] p2a: Slowbro
|
|turn|11
|
|move|p2a: Slowbro|Scald|p1a: Cloyster
|-resisted|p1a: Cloyster
|-damage|p1a: Cloyster|0 fnt
|faint|p1a: Cloyster
|
|
|switch|p1a: Absol|Absol, F|271\/271
|-damage|p1a: Absol|238\/271|[from] Stealth Rock
|turn|12
|
|switch|p2a: Forretress|Forretress, M|312\/312
|detailschange|p1a: Absol|Absol-Mega, F
|message|Absol has Mega Evolved into Mega Absol!
|move|p1a: Absol|Knock Off|p2a: Forretress
|-damage|p2a: Forretress|194\/312
|-enditem|p2a: Forretress|Leftovers|[from] move: Knock Off|[of] p1a: Absol
|
|turn|13
|
|move|p2a: Forretress|Volt Switch|p1a: Absol
|-damage|p1a: Absol|174\/271
|
|switch|p2a: Mienshao|Mienshao, F|271\/271
|move|p1a: Absol|Fire Blast|p2a: Mienshao
|-damage|p2a: Mienshao|130\/271
|
|turn|14
|
|move|p1a: Absol|Sucker Punch|p2a: Mienshao
|-resisted|p2a: Mienshao
|-damage|p2a: Mienshao|14\/271
|move|p2a: Mienshao|High Jump Kick|p1a: Absol
|-supereffective|p1a: Absol
|-damage|p1a: Absol|0 fnt
|faint|p1a: Absol
|
|-fieldend|move: Trick Room
|
|switch|p1a: Raikou|Raikou|322\/322
|-damage|p1a: Raikou|282\/322|[from] Stealth Rock
|-ability|p1a: Raikou|Pressure
|turn|15
|
|switch|p2a: Raikou|Raikou|328\/328
|-ability|p2a: Raikou|Pressure
|move|p1a: Raikou|Shadow Ball|p2a: Raikou
|-damage|p2a: Raikou|267\/328
|
|turn|16
|
|move|p1a: Raikou|Shadow Ball|p2a: Raikou
|-damage|p2a: Raikou|207\/328
|move|p2a: Raikou|Volt Switch|p1a: Raikou
|-resisted|p1a: Raikou
|-damage|p1a: Raikou|224\/322
|
|switch|p2a: Snorlax|Snorlax, F|455\/495
|
|turn|17
|
|switch|p1a: Noivern|Noivern, F|311\/311
|-damage|p1a: Noivern|234\/311|[from] Stealth Rock
|move|p2a: Snorlax|Double-Edge|p1a: Noivern
|-damage|p1a: Noivern|0 fnt
|-damage|p2a: Snorlax|378\/495|[from] recoil|[of] p1a: Noivern
|faint|p1a: Noivern
|
|
|switch|p1a: Victini|Victini|194\/341
|-damage|p1a: Victini|109\/341|[from] Stealth Rock
|turn|18
|
|switch|p2a: Forretress|Forretress, M|194\/312
|move|p1a: Victini|Bolt Strike|p2a: Forretress
|-damage|p2a: Forretress|75\/312
|
|turn|19
|
|move|p1a: Victini|Bolt Strike|p2a: Forretress
|-damage|p2a: Forretress|0 fnt
|faint|p2a: Forretress
|
|
|switch|p2a: Slowbro|Slowbro, M|226\/394
|turn|20
|
|switch|p2a: Mienshao|Mienshao, F|104\/271
|move|p1a: Victini|Bolt Strike|p2a: Mienshao
|-damage|p2a: Mienshao|0 fnt
|faint|p2a: Mienshao
|
|
|switch|p2a: Victini|Victini|399\/399
|turn|21
|join|Badassxscrafty
|
|move|p1a: Victini|Bolt Strike|p2a: Victini
|-damage|p2a: Victini|223\/399
|-status|p2a: Victini|par
|cant|p2a: Victini|par
|
|turn|22
|
|move|p1a: Victini|Bolt Strike|p2a: Victini
|-damage|p2a: Victini|38\/399 par
|move|p2a: Victini|Trick Room|p2a: Victini
|-fieldstart|move: Trick Room|[of] p2a: Victini
|
|turn|23
|
|move|p2a: Victini|Bolt Strike|p1a: Victini
|-damage|p1a: Victini|0 fnt
|faint|p1a: Victini
|
|
|switch|p1a: Raikou|Raikou|224\/322
|-damage|p1a: Raikou|184\/322|[from] Stealth Rock
|-ability|p1a: Raikou|Pressure
|turn|24
|
|move|p2a: Victini|V-create|p1a: Raikou
|-damage|p1a: Raikou|0 fnt
|-unboost|p2a: Victini|def|1
|-unboost|p2a: Victini|spd|1
|-unboost|p2a: Victini|spe|1
|faint|p1a: Raikou
|
|win|TBCxFA
|raw|Ladder updating...
|raw|Cheeseboy628's rating: 1496 &rarr; <strong>1477<\/strong><br \/>(-19 for losing)
|raw|TBCxFA's rating: 1514 &rarr; <strong>1533<\/strong><br \/>(+19 for winning)