|join|reg alt
|join|Cheeseboy628
|player|p1|reg alt|1
|player|p2|Cheeseboy628|284
|gametype|singles
|gen|6
|tier|UU
|rated
|rule|Sleep Clause Mod: Limit one foe put to sleep
|rule|Species Clause: Limit one of each Pokemon
|rule|OHKO Clause: OHKO moves are banned
|rule|Moody Clause: Moody is banned
|rule|Swagger Clause: Swagger is banned
|rule|Evasion Moves Clause: Evasion moves are banned
|rule|Endless Battle Clause: Forcing endless battles is banned
|rule|HP Percentage Mod: HP is reported as percentages
|clearpoke
|poke|p1|Hippowdon, M
|poke|p1|Stoutland, F
|poke|p1|Slowbro, M
|poke|p1|Hydreigon, M
|poke|p1|Jirachi
|poke|p1|Houndoom, F
|poke|p2|Mienshao, F
|poke|p2|Empoleon, M
|poke|p2|Trevenant, M, shiny
|poke|p2|Hydreigon, M
|poke|p2|Nidoking, M
|poke|p2|Darmanitan, M
|rule|Baton Pass Clause: Limit 3 pokemon knowing Baton Pass
|teampreview
|join|Badassxscrafty
|
|start
|switch|p1a: Franklins Tower|Hippowdon, M|419\/419
|switch|p2a: Hydreigon|Hydreigon, M|326\/326
|-weather|Sandstorm
|turn|1
|
|switch|p1a: Not Coming Down|Jirachi|341\/341
|move|p2a: Hydreigon|Draco Meteor|p1a: Not Coming Down
|-resisted|p1a: Not Coming Down
|-damage|p1a: Not Coming Down|173\/341
|-unboost|p2a: Hydreigon|spa|2
|
|-weather|Sandstorm|[upkeep]
|-damage|p2a: Hydreigon|306\/326|[from] sandstorm
|turn|2
|
|switch|p2a: Empoleon|Empoleon, M|372\/372
|move|p1a: Not Coming Down|U-turn|p2a: Empoleon
|-resisted|p2a: Empoleon
|-damage|p2a: Empoleon|336\/372
|
|switch|p1a: Opium|Slowbro, M|393\/393
|
|-weather|Sandstorm|[upkeep]
|-damage|p1a: Opium|369\/393|[from] sandstorm
|-heal|p2a: Empoleon|359\/372|[from] item: Leftovers
|turn|3
|
|move|p2a: Empoleon|Stealth Rock|p1a: Opium
|-sidestart|p1: reg alt|move: Stealth Rock
|move|p1a: Opium|Trick|p2a: Empoleon
|-activate|p1a: Opium|move: Trick|[of] p2a: Empoleon
|-item|p2a: Empoleon|Choice Specs|[from] move: Trick
|-item|p1a: Opium|Leftovers|[from] move: Trick
|
|-weather|Sandstorm|[upkeep]
|-damage|p1a: Opium|345\/393|[from] sandstorm
|-heal|p1a: Opium|369\/393|[from] item: Leftovers
|turn|4
|
|move|p2a: Empoleon|Scald|p1a: Opium
|-resisted|p1a: Opium
|-damage|p1a: Opium|273\/393
|move|p1a: Opium|Scald|p2a: Empoleon
|-resisted|p2a: Empoleon
|-damage|p2a: Empoleon|316\/372
|
|-weather|Sandstorm|[upkeep]
|-damage|p1a: Opium|249\/393|[from] sandstorm
|-heal|p1a: Opium|273\/393|[from] item: Leftovers
|turn|5
|join|The AngryNape
|
|switch|p1a: Nebraska|Hydreigon, M|325\/325
|-damage|p1a: Nebraska|285\/325|[from] Stealth Rock
|move|p2a: Empoleon|Scald|p1a: Nebraska
|-resisted|p1a: Nebraska
|-damage|p1a: Nebraska|191\/325
|
|-weather|Sandstorm|[upkeep]
|-damage|p1a: Nebraska|171\/325|[from] sandstorm
|turn|6
|
|move|p1a: Nebraska|Superpower|p2a: Empoleon
|-supereffective|p2a: Empoleon
|-damage|p2a: Empoleon|50\/372
|-unboost|p1a: Nebraska|atk|1
|-unboost|p1a: Nebraska|def|1
|move|p2a: Empoleon|Scald|p1a: Nebraska
|-resisted|p1a: Nebraska
|-damage|p1a: Nebraska|39\/325
|
|-weather|Sandstorm|[upkeep]
|-damage|p1a: Nebraska|19\/325|[from] sandstorm
|turn|7
|
|move|p1a: Nebraska|Draco Meteor|p2a: Empoleon
|-resisted|p2a: Empoleon
|-damage|p2a: Empoleon|0 fnt
|-unboost|p1a: Nebraska|spa|2
|faint|p2a: Empoleon
|
|-weather|Sandstorm|[upkeep]
|-damage|p1a: Nebraska|0 fnt|[from] sandstorm
|faint|p1a: Nebraska
|
|switch|p1a: Not Coming Down|Jirachi|173\/341
|-damage|p1a: Not Coming Down|152\/341|[from] Stealth Rock
|switch|p2a: Hydreigon|Hydreigon, M|306\/326
|turn|8
|
|move|p1a: Not Coming Down|Iron Head|p2a: Hydreigon
|-damage|p2a: Hydreigon|177\/326
|move|p2a: Hydreigon|Draco Meteor|p1a: Not Coming Down
|-resisted|p1a: Not Coming Down
|-damage|p1a: Not Coming Down|0 fnt
|-unboost|p2a: Hydreigon|spa|2
|faint|p1a: Not Coming Down
|
|-weather|none
|
|switch|p1a: Franklins Tower|Hippowdon, M|419\/419
|-damage|p1a: Franklins Tower|393\/419|[from] Stealth Rock
|-weather|Sandstorm
|turn|9
|join|Scizor Da Sclicer
|
|switch|p2a: Trevenant|Trevenant, M, shiny|374\/374
|move|p1a: Franklins Tower|Stealth Rock|p2a: Trevenant
|-sidestart|p2: Cheeseboy628|move: Stealth Rock
|
|-weather|Sandstorm|[upkeep]
|-damage|p2a: Trevenant|351\/374|[from] sandstorm
|turn|10
|chat|Scizor Da Sclicer|Is this UU live Cheese?
|
|switch|p1a: Plane Crash|Houndoom, F|291\/291
|-damage|p1a: Plane Crash|219\/291|[from] Stealth Rock
|move|p2a: Trevenant|Leech Seed|p1a: Plane Crash|[miss]
|-miss|p2a: Trevenant|p1a: Plane Crash
|
|-weather|Sandstorm|[upkeep]
|-damage|p1a: Plane Crash|201\/291|[from] sandstorm
|-damage|p2a: Trevenant|328\/374|[from] sandstorm
|turn|11
|chat|Cheeseboy628|yepyep :]
|
|detailschange|p1a: Plane Crash|Houndoom-Mega, F
|message|Houndoom has Mega Evolved into Mega Houndoom!
|move|p1a: Plane Crash|Dark Pulse|p2a: Trevenant
|-supereffective|p2a: Trevenant
|-damage|p2a: Trevenant|0 fnt
|faint|p2a: Trevenant
|
|-weather|Sandstorm|[upkeep]
|-damage|p1a: Plane Crash|183\/291|[from] sandstorm
|chat|Scizor Da Sclicer|ok
|chat|Scizor Da Sclicer|can you sub me?#
|
|switch|p2a: Darmanitan|Darmanitan, M|351\/351
|-damage|p2a: Darmanitan|264\/351|[from] Stealth Rock
|turn|12
|
|move|p1a: Plane Crash|Sucker Punch|p2a: Darmanitan
|-damage|p2a: Darmanitan|125\/351
|move|p2a: Darmanitan|U-turn|p1a: Plane Crash
|-damage|p1a: Plane Crash|67\/291
|chat|Scizor Da Sclicer|my YouTube name is Scizor  Da  Sclicer
|
|switch|p2a: Nidoking|Nidoking, M|304\/304
|-damage|p2a: Nidoking|285\/304|[from] Stealth Rock
|
|-weather|Sandstorm|[upkeep]
|-damage|p1a: Plane Crash|49\/291|[from] sandstorm
|turn|13
|
|move|p1a: Plane Crash|Sucker Punch|p2a: Nidoking
|-damage|p2a: Nidoking|182\/304
|move|p2a: Nidoking|Sucker Punch|p1a: Plane Crash
|-fail|p1a: Plane Crash
|
|-weather|Sandstorm|[upkeep]
|-damage|p1a: Plane Crash|31\/291|[from] sandstorm
|turn|14
|
|move|p1a: Plane Crash|Fire Blast|p2a: Nidoking|[miss]
|-miss|p1a: Plane Crash|p2a: Nidoking
|move|p2a: Nidoking|Poison Jab|p1a: Plane Crash
|-damage|p1a: Plane Crash|0 fnt
|faint|p1a: Plane Crash
|
|-weather|Sandstorm|[upkeep]
|
|switch|p1a: Timmy Tucker|Stoutland, F|311\/311
|-damage|p1a: Timmy Tucker|273\/311|[from] Stealth Rock
|turn|15
|
|move|p1a: Timmy Tucker|Return|p2a: Nidoking
|-damage|p2a: Nidoking|0 fnt
|faint|p2a: Nidoking
|
|-weather|Sandstorm|[upkeep]
|
|switch|p2a: Mienshao|Mienshao, F|271\/271
|-damage|p2a: Mienshao|255\/271|[from] Stealth Rock
|turn|16
|
|move|p1a: Timmy Tucker|Return|p2a: Mienshao
|-damage|p2a: Mienshao|0 fnt
|faint|p2a: Mienshao
|
|-weather|none
|
|switch|p2a: Hydreigon|Hydreigon, M|177\/326
|-damage|p2a: Hydreigon|137\/326|[from] Stealth Rock
|turn|17
|
|switch|p1a: Franklins Tower|Hippowdon, M|393\/419
|-damage|p1a: Franklins Tower|367\/419|[from] Stealth Rock
|-weather|Sandstorm
|move|p2a: Hydreigon|Dark Pulse|p1a: Franklins Tower
|-damage|p1a: Franklins Tower|87\/419
|
|-weather|Sandstorm|[upkeep]
|-damage|p2a: Hydreigon|117\/326|[from] sandstorm
|turn|18
|
|move|p2a: Hydreigon|Dark Pulse|p1a: Franklins Tower
|-damage|p1a: Franklins Tower|0 fnt
|faint|p1a: Franklins Tower
|
|-weather|Sandstorm|[upkeep]
|-damage|p2a: Hydreigon|97\/326|[from] sandstorm
|join|The AngryNape
|
|switch|p1a: Timmy Tucker|Stoutland, F|273\/311
|-damage|p1a: Timmy Tucker|235\/311|[from] Stealth Rock
|turn|19
|
|move|p1a: Timmy Tucker|Return|p2a: Hydreigon
|-damage|p2a: Hydreigon|0 fnt
|faint|p2a: Hydreigon
|
|-weather|Sandstorm|[upkeep]
|
|switch|p2a: Darmanitan|Darmanitan, M|125\/351
|-damage|p2a: Darmanitan|38\/351|[from] Stealth Rock
|turn|20
|chat|reg alt|gg
|
|move|p1a: Timmy Tucker|Return|p2a: Darmanitan
|-damage|p2a: Darmanitan|0 fnt
|faint|p2a: Darmanitan
|
|win|reg alt
|raw|Ladder updating...
|chat|Cheeseboy628|gg
|raw|reg alt's rating: 1588 &rarr; <strong>1601<\/strong><br \/>(+13 for winning)
|raw|Cheeseboy628's rating: 1474 &rarr; <strong>1460<\/strong><br \/>(-14 for losing)
|chat|The AngryNape|gg
|chat|Scizor Da Sclicer|gg
|leave|Badassxscrafty
|leave|The AngryNape