|join|Cheeseboy628
|join|Carelessskate88
|player|p1|Cheeseboy628|284
|player|p2|Carelessskate88|110
|gametype|singles
|gen|6
|tier|UU
|rated
|rule|Sleep Clause Mod: Limit one foe put to sleep
|rule|Species Clause: Limit one of each PokÃ©mon
|rule|OHKO Clause: OHKO moves are banned
|rule|Moody Clause: Moody is banned
|rule|Evasion Moves Clause: Evasion moves are banned
|rule|Endless Battle Clause: Forcing endless battles is banned
|rule|HP Percentage Mod: HP is reported as percentages
|clearpoke
|poke|p1|Chesnaught, M
|poke|p1|Aerodactyl, M
|poke|p1|Haxorus, M
|poke|p1|Tentacruel, M
|poke|p1|Dugtrio, M
|poke|p1|Victini
|poke|p2|Kabutops, F
|poke|p2|Kingdra, F
|poke|p2|Tornadus, M
|poke|p2|Aggron, M
|poke|p2|Flygon, F
|poke|p2|Haxorus, F
|rule|Swagger Clause: Swagger is banned
|rule|Baton Pass Clause: Limit one PokÃ©mon knowing Baton Pass
|teampreview
|chat|Carelessskate88|gl hf
|chat|Cheeseboy628|.
|chat|Carelessskate88|.
|join|Mr. Phoenix Wright
|chat|Carelessskate88|so much for getting on.
|chat|Carelessskate88|i see how it is
|chat|Cheeseboy628|MY FRIEND WANTED ME 2 BATTLE OK
|chat|Carelessskate88|.
|chat|Carelessskate88|YOU SAID 1 SEC
|chat|Carelessskate88|ONE SEC
|chat|Carelessskate88|1
|chat|Carelessskate88|.
|chat|Cheeseboy628|IDEK WHO U R
|chat|Carelessskate88|PREPARE TO DIE
|chat|Cheeseboy628|.
|chat|Cheeseboy628|.
|chat|Cheeseboy628|.
|chat|Cheeseboy628|.
|chat|Cheeseboy628|no timr pls
|chat|Carelessskate88|i take back my luck
|chat|Cheeseboy628|:[
|chat|Cheeseboy628|meeeeenie
|chat|Carelessskate88|im done
|chat|Carelessskate88|are you doing a session right now>
|chat|Cheeseboy628|no
|chat|Cheeseboy628|I'
|chat|Cheeseboy628|m
|chat|Cheeseboy628|gonna record this to embarrass u hehehe
|chat|Carelessskate88|you mean to emberrase yourself
|chat|Cheeseboy628|.
|chat|Cheeseboy628|excuse me
|chat|Carelessskate88|yah
|chat|Carelessskate88|your going to lose
|chat|Cheeseboy628|that is impossible
|chat|Cheeseboy628|I'll have you know
|chat|Cheeseboy628|this is my first battle with this team
|chat|Carelessskate88|same
|chat|Cheeseboy628|so you shall be quite embarrassed
|chat|Cheeseboy628|liar
|chat|Cheeseboy628|no excuses
|chat|Carelessskate88|im actually trying to make a team for the ttm tourney
|chat|Carelessskate88|don't lier me
|chat|Carelessskate88|as i recall
|chat|Carelessskate88|you said 1 sec
|chat|Carelessskate88|1 SEC
|chat|Cheeseboy628|it's okay
|chat|Cheeseboy628|you'll lose no matter what
|chat|Carelessskate88|.
|
|start
|switch|p1a: Victini|Victini|342\/342
|switch|p2a: Aggron|Aggron, M|344\/344
|turn|1
|
|detailschange|p2a: Aggron|Aggron-Mega, M
|message|Aggron has Mega Evolved into Mega Aggron!
|move|p1a: Victini|U-turn|p2a: Aggron
|-resisted|p2a: Aggron
|-damage|p2a: Aggron|331\/344
|
|switch|p1a: Chesnaught|Chesnaught, M|380\/380
|move|p2a: Aggron|Stealth Rock|p1a: Chesnaught
|-sidestart|p1: Cheeseboy628|move: Stealth Rock
|
|turn|2
|
|switch|p2a: Tornadus|Tornadus, M|300\/300
|move|p1a: Chesnaught|Spikes|p2a: Tornadus
|-sidestart|p2: Carelessskate88|Spikes
|
|turn|3
|
|switch|p2a: Haxorus|Haxorus, F|293\/293
|-damage|p2a: Haxorus|257\/293|[from] Spikes
|-ability|p2a: Haxorus|Mold Breaker
|switch|p1a: Tentacruel|Tentacruel, M|364\/364
|-damage|p1a: Tentacruel|319\/364|[from] Stealth Rock
|
|-heal|p1a: Tentacruel|341\/364|[from] item: Black Sludge
|turn|4
|
|switch|p1a: Chesnaught|Chesnaught, M|380\/380
|-damage|p1a: Chesnaught|357\/380|[from] Stealth Rock
|move|p2a: Haxorus|Outrage|p1a: Chesnaught
|-damage|p1a: Chesnaught|125\/380
|
|-heal|p1a: Chesnaught|148\/380|[from] item: Leftovers
|turn|5
|
|move|p1a: Chesnaught|Spiky Shield|p1a: Chesnaught
|-singleturn|p1a: Chesnaught|move: Protect
|move|p2a: Haxorus|Outrage|p1a: Chesnaught
|-activate|p1a: Chesnaught|move: Protect
|-damage|p2a: Haxorus|221\/293|[from] Spiky Shield|[of] p1a: Chesnaught
|
|-end|p2a: Haxorus|rampage
|-start|p2a: Haxorus|confusion
|-heal|p1a: Chesnaught|171\/380|[from] item: Leftovers
|turn|6
|
|switch|p2a: Tornadus|Tornadus, M|300\/300
|move|p1a: Chesnaught|Leech Seed|p2a: Tornadus
|-start|p2a: Tornadus|move: Leech Seed
|
|-heal|p1a: Chesnaught|194\/380|[from] item: Leftovers
|-damage|p2a: Tornadus|263\/300|[from] Leech Seed|[of] p1a: Chesnaught
|-heal|p1a: Chesnaught|231\/380|[silent]
|turn|7
|
|switch|p1a: Tentacruel|Tentacruel, M|341\/364
|-damage|p1a: Tentacruel|296\/364|[from] Stealth Rock
|move|p2a: Tornadus|Rain Dance|p2a: Tornadus
|-weather|RainDance
|
|-weather|RainDance|[upkeep]
|-heal|p1a: Tentacruel|318\/364|[from] item: Black Sludge
|-damage|p2a: Tornadus|226\/300|[from] Leech Seed|[of] p1a: Tentacruel
|-heal|p1a: Tentacruel|355\/364|[silent]
|turn|8
|
|switch|p2a: Haxorus|Haxorus, F|221\/293
|-damage|p2a: Haxorus|185\/293|[from] Spikes
|-ability|p2a: Haxorus|Mold Breaker
|move|p1a: Tentacruel|Rapid Spin|p2a: Haxorus
|-damage|p2a: Haxorus|172\/293
|-sideend|p1: Cheeseboy628|Stealth Rock|[from] move: Rapid Spin|[of] p1a: Tentacruel
|
|-weather|RainDance|[upkeep]
|-heal|p1a: Tentacruel|364\/364|[from] item: Black Sludge
|turn|9
|
|switch|p1a: Chesnaught|Chesnaught, M|231\/380
|move|p2a: Haxorus|Outrage|p1a: Chesnaught
|-damage|p1a: Chesnaught|29\/380
|
|-weather|RainDance|[upkeep]
|-heal|p1a: Chesnaught|52\/380|[from] item: Leftovers
|turn|10
|
|move|p1a: Chesnaught|Spiky Shield|p1a: Chesnaught
|-singleturn|p1a: Chesnaught|move: Protect
|move|p2a: Haxorus|Outrage|p1a: Chesnaught
|-activate|p1a: Chesnaught|move: Protect
|-damage|p2a: Haxorus|136\/293|[from] Spiky Shield|[of] p1a: Chesnaught
|
|-end|p2a: Haxorus|rampage
|-start|p2a: Haxorus|confusion
|-weather|RainDance|[upkeep]
|-heal|p1a: Chesnaught|75\/380|[from] item: Leftovers
|turn|11
|
|switch|p2a: Tornadus|Tornadus, M|226\/300
|move|p1a: Chesnaught|Leech Seed|p2a: Tornadus
|-start|p2a: Tornadus|move: Leech Seed
|
|-weather|RainDance|[upkeep]
|-heal|p1a: Chesnaught|98\/380|[from] item: Leftovers
|-damage|p2a: Tornadus|189\/300|[from] Leech Seed|[of] p1a: Chesnaught
|-heal|p1a: Chesnaught|135\/380|[silent]
|turn|12
|
|switch|p2a: Aggron|Aggron-Mega, M|331\/344
|-damage|p2a: Aggron|288\/344|[from] Spikes
|move|p1a: Chesnaught|Spiky Shield|p1a: Chesnaught
|-fail|p1a: Chesnaught
|
|-weather|RainDance|[upkeep]
|-heal|p1a: Chesnaught|158\/380|[from] item: Leftovers
|turn|13
|
|move|p1a: Chesnaught|Leech Seed|p2a: Aggron
|-start|p2a: Aggron|move: Leech Seed
|move|p2a: Aggron|Stealth Rock|p1a: Chesnaught
|-sidestart|p1: Cheeseboy628|move: Stealth Rock
|
|-weather|RainDance|[upkeep]
|-heal|p1a: Chesnaught|181\/380|[from] item: Leftovers
|-damage|p2a: Aggron|245\/344|[from] Leech Seed|[of] p1a: Chesnaught
|-heal|p1a: Chesnaught|224\/380|[silent]
|turn|14
|
|switch|p2a: Tornadus|Tornadus, M|189\/300
|move|p1a: Chesnaught|Leech Seed|p2a: Tornadus
|-start|p2a: Tornadus|move: Leech Seed
|
|-weather|none
|-heal|p1a: Chesnaught|247\/380|[from] item: Leftovers
|-damage|p2a: Tornadus|152\/300|[from] Leech Seed|[of] p1a: Chesnaught
|-heal|p1a: Chesnaught|284\/380|[silent]
|turn|15
|
|switch|p2a: Haxorus|Haxorus, F|136\/293
|-damage|p2a: Haxorus|100\/293|[from] Spikes
|-ability|p2a: Haxorus|Mold Breaker
|switch|p1a: Tentacruel|Tentacruel, M|364\/364
|-damage|p1a: Tentacruel|319\/364|[from] Stealth Rock
|
|-heal|p1a: Tentacruel|341\/364|[from] item: Black Sludge
|turn|16
|
|switch|p1a: Chesnaught|Chesnaught, M|284\/380
|-damage|p1a: Chesnaught|261\/380|[from] Stealth Rock
|move|p2a: Haxorus|Outrage|p1a: Chesnaught
|-damage|p1a: Chesnaught|41\/380
|
|-heal|p1a: Chesnaught|64\/380|[from] item: Leftovers
|turn|17
|
|move|p1a: Chesnaught|Spiky Shield|p1a: Chesnaught
|-singleturn|p1a: Chesnaught|move: Protect
|move|p2a: Haxorus|Outrage|p1a: Chesnaught
|-activate|p1a: Chesnaught|move: Protect
|-damage|p2a: Haxorus|64\/293|[from] Spiky Shield|[of] p1a: Chesnaught
|
|-end|p2a: Haxorus|rampage
|-start|p2a: Haxorus|confusion
|-heal|p1a: Chesnaught|87\/380|[from] item: Leftovers
|turn|18
|
|-activate|p2a: Haxorus|confusion
|-damage|p2a: Haxorus|0 fnt|[from] confusion
|faint|p2a: Haxorus
|move|p1a: Chesnaught|Leech Seed|p2: Haxorus|[notarget]
|-notarget
|
|-heal|p1a: Chesnaught|110\/380|[from] item: Leftovers
|
|switch|p2a: Tornadus|Tornadus, M|152\/300
|turn|19
|
|switch|p1a: Tentacruel|Tentacruel, M|341\/364
|-damage|p1a: Tentacruel|296\/364|[from] Stealth Rock
|move|p2a: Tornadus|Rain Dance|p2a: Tornadus
|-weather|RainDance
|
|-weather|RainDance|[upkeep]
|-heal|p1a: Tentacruel|318\/364|[from] item: Black Sludge
|turn|20
|
|move|p2a: Tornadus|Hurricane|p1a: Tentacruel
|-damage|p1a: Tentacruel|206\/364
|-start|p1a: Tentacruel|confusion
|-activate|p1a: Tentacruel|confusion
|move|p1a: Tentacruel|Rapid Spin|p2a: Tornadus
|-damage|p2a: Tornadus|138\/300
|-sideend|p1: Cheeseboy628|Stealth Rock|[from] move: Rapid Spin|[of] p1a: Tentacruel
|
|-weather|RainDance|[upkeep]
|-heal|p1a: Tentacruel|228\/364|[from] item: Black Sludge
|turn|21
|
|switch|p2a: Kingdra|Kingdra, F|291\/291
|-damage|p2a: Kingdra|255\/291|[from] Spikes
|-activate|p1a: Tentacruel|confusion
|move|p1a: Tentacruel|Scald|p2a: Kingdra
|-resisted|p2a: Kingdra
|-damage|p2a: Kingdra|225\/291
|
|-weather|RainDance|[upkeep]
|-heal|p1a: Tentacruel|250\/364|[from] item: Black Sludge
|turn|22
|
|move|p2a: Kingdra|Draco Meteor|p1a: Tentacruel
|-damage|p1a: Tentacruel|94\/364
|-unboost|p2a: Kingdra|spa|2
|-damage|p2a: Kingdra|196\/291|[from] item: Life Orb
|-end|p1a: Tentacruel|confusion
|move|p1a: Tentacruel|Toxic|p2a: Kingdra
|-status|p2a: Kingdra|tox
|
|-weather|RainDance|[upkeep]
|-heal|p1a: Tentacruel|116\/364|[from] item: Black Sludge
|-damage|p2a: Kingdra|178\/291 tox|[from] psn
|turn|23
|
|switch|p2a: Aggron|Aggron-Mega, M|245\/344
|-damage|p2a: Aggron|202\/344|[from] Spikes
|move|p1a: Tentacruel|Knock Off|p2a: Aggron
|-damage|p2a: Aggron|185\/344
|
|-weather|RainDance|[upkeep]
|-heal|p1a: Tentacruel|138\/364|[from] item: Black Sludge
|turn|24
|
|move|p1a: Tentacruel|Scald|p2a: Aggron
|-damage|p2a: Aggron|85\/344
|-status|p2a: Aggron|brn
|move|p2a: Aggron|Earthquake|p1a: Tentacruel
|-supereffective|p1a: Tentacruel
|-damage|p1a: Tentacruel|0 fnt
|faint|p1a: Tentacruel
|
|-weather|RainDance|[upkeep]
|-damage|p2a: Aggron|42\/344 brn|[from] brn
|
|switch|p1a: Aerodactyl|Aerodactyl, M|302\/302
|-ability|p1a: Aerodactyl|Pressure
|turn|25
|
|detailschange|p1a: Aerodactyl|Aerodactyl-Mega, M
|message|Aerodactyl has Mega Evolved into Mega Aerodactyl!
|move|p1a: Aerodactyl|Earthquake|p2a: Aggron
|-supereffective|p2a: Aggron
|-damage|p2a: Aggron|0 fnt
|faint|p2a: Aggron
|
|-weather|RainDance|[upkeep]
|
|switch|p2a: Kabutops|Kabutops, F|262\/262
|-damage|p2a: Kabutops|230\/262|[from] Spikes
|turn|26
|
|switch|p1a: Chesnaught|Chesnaught, M|110\/380
|move|p2a: Kabutops|Waterfall|p1a: Chesnaught
|-resisted|p1a: Chesnaught
|-damage|p1a: Chesnaught|16\/380
|-damage|p2a: Kabutops|204\/262|[from] item: Life Orb
|
|-weather|none
|-heal|p1a: Chesnaught|39\/380|[from] item: Leftovers
|turn|27
|
|move|p2a: Kabutops|Waterfall|p1a: Chesnaught
|-resisted|p1a: Chesnaught
|-damage|p1a: Chesnaught|0 fnt
|-damage|p2a: Kabutops|178\/262|[from] item: Life Orb
|faint|p1a: Chesnaught
|
|
|switch|p1a: Dugtrio|Dugtrio, M|212\/212
|turn|28
|
|move|p2a: Kabutops|Aqua Jet|p1a: Dugtrio
|-supereffective|p1a: Dugtrio
|-enditem|p1a: Dugtrio|Focus Sash
|-damage|p1a: Dugtrio|1\/212
|-damage|p2a: Kabutops|152\/262|[from] item: Life Orb
|move|p1a: Dugtrio|Earthquake|p2a: Kabutops
|-supereffective|p2a: Kabutops
|-damage|p2a: Kabutops|0 fnt
|faint|p2a: Kabutops
|
|
|switch|p2a: Flygon|Flygon, F|301\/301
|turn|29
|
|move|p2a: Flygon|U-turn|p1a: Dugtrio
|-damage|p1a: Dugtrio|0 fnt
|faint|p1a: Dugtrio
|
|switch|p2a: Tornadus|Tornadus, M|138\/300
|
|
|switch|p1a: Aerodactyl|Aerodactyl-Mega, M|302\/302
|turn|30
|
|move|p2a: Tornadus|Rain Dance|p2a: Tornadus
|-weather|RainDance
|move|p1a: Aerodactyl|Earthquake|p2a: Tornadus
|-immune|p2a: Tornadus|[msg]
|
|-weather|RainDance|[upkeep]
|turn|31
|
|move|p1a: Aerodactyl|Earthquake|p2a: Tornadus
|-immune|p2a: Tornadus|[msg]
|move|p2a: Tornadus|Hurricane|p1a: Aerodactyl
|-resisted|p1a: Aerodactyl
|-damage|p1a: Aerodactyl|206\/302
|-start|p1a: Aerodactyl|confusion
|
|-weather|RainDance|[upkeep]
|turn|32
|
|-activate|p1a: Aerodactyl|confusion
|-damage|p1a: Aerodactyl|141\/302|[from] confusion
|move|p2a: Tornadus|Hurricane|p1a: Aerodactyl
|-resisted|p1a: Aerodactyl
|-damage|p1a: Aerodactyl|38\/302
|
|-weather|RainDance|[upkeep]
|turn|33
|
|-activate|p1a: Aerodactyl|confusion
|move|p1a: Aerodactyl|Aerial Ace|p2a: Tornadus
|-damage|p2a: Tornadus|0 fnt
|faint|p2a: Tornadus
|
|-weather|RainDance|[upkeep]
|
|switch|p2a: Kingdra|Kingdra, F|178\/291 tox
|-damage|p2a: Kingdra|142\/291 tox|[from] Spikes
|turn|34
|
|move|p2a: Kingdra|Scald|p1a: Aerodactyl
|-supereffective|p1a: Aerodactyl
|-damage|p1a: Aerodactyl|0 fnt
|-damage|p2a: Kingdra|113\/291 tox|[from] item: Life Orb
|faint|p1a: Aerodactyl
|
|-weather|RainDance|[upkeep]
|-damage|p2a: Kingdra|95\/291 tox|[from] psn
|
|switch|p1a: Haxorus|Haxorus, M|302\/302
|-ability|p1a: Haxorus|Mold Breaker
|turn|35
|
|switch|p1a: Victini|Victini|342\/342
|move|p2a: Kingdra|Ice Beam|p1a: Victini
|-resisted|p1a: Victini
|-damage|p1a: Victini|285\/342
|-status|p1a: Victini|frz
|-damage|p2a: Kingdra|66\/291 tox|[from] item: Life Orb
|
|-weather|RainDance|[upkeep]
|-damage|p2a: Kingdra|30\/291 tox|[from] psn
|turn|36
|
|switch|p1a: Haxorus|Haxorus, M|302\/302
|-ability|p1a: Haxorus|Mold Breaker
|move|p2a: Kingdra|Draco Meteor|p1a: Haxorus
|-supereffective|p1a: Haxorus
|-damage|p1a: Haxorus|0 fnt
|-unboost|p2a: Kingdra|spa|2
|-damage|p2a: Kingdra|1\/291 tox|[from] item: Life Orb
|faint|p1a: Haxorus
|
|-weather|RainDance|[upkeep]
|-damage|p2a: Kingdra|0 fnt|[from] psn
|faint|p2a: Kingdra
|
|switch|p2a: Flygon|Flygon, F|301\/301
|switch|p1a: Victini|Victini|285\/342 frz
|turn|37
|
|move|p2a: Flygon|Earthquake|p1a: Victini
|-supereffective|p1a: Victini
|-damage|p1a: Victini|0 fnt
|faint|p1a: Victini
|
|win|Carelessskate88
|raw|Ladder updating...
|raw|Cheeseboy628's rating: 1494 &rarr; <strong>1473<\/strong><br \/>(-21 for losing)
|raw|Carelessskate88's rating: 1486 &rarr; <strong>1506<\/strong><br \/>(+20 for winning)
|chat|Carelessskate88|gg
|chat|Cheeseboy628|nuh uh
|chat|Carelessskate88|.
|chat|Cheeseboy628|froze me
|chat|Cheeseboy628|so hax
|chat|Carelessskate88|were you scarfed?
|chat|Cheeseboy628|maybe
|chat|Carelessskate88|so no
|chat|Cheeseboy628|excuse me
|chat|Carelessskate88|have fun uploading
|chat|Carelessskate88|:)
|chat|Cheeseboy628|freezing me totally mattered
|chat|Carelessskate88|not really.
|chat|Cheeseboy628|scarf hp ice
|chat|Carelessskate88|oh
|chat|Carelessskate88|im asv
|chat|Carelessskate88|so...
|chat|Cheeseboy628|LIAR
|chat|Carelessskate88|YOUR A LIAR
|chat|Cheeseboy628|YOU OUTSPED DUGGY
|chat|Carelessskate88|1 SEC
|chat|Carelessskate88|YOU FORGOT TO RUN EV'S AGAIN
|chat|Carelessskate88|LIKE ON MOLTRES
|chat|Cheeseboy628|NO