|join|Cheeseboy628
|join|13ad
|player|p1|Cheeseboy628|284
|player|p2|13ad|154
|gametype|singles
|gen|6
|tier|UU
|rule|Sleep Clause Mod: Limit one foe put to sleep
|rule|Species Clause: Limit one of each PokÃ©mon
|rule|OHKO Clause: OHKO moves are banned
|rule|Moody Clause: Moody is banned
|rule|Evasion Moves Clause: Evasion moves are banned
|rule|Endless Battle Clause: Forcing endless battles is banned
|rule|HP Percentage Mod: HP is reported as percentages
|clearpoke
|poke|p1|Tornadus-Therian, M
|poke|p1|Hydreigon, M
|poke|p1|Darmanitan, F
|poke|p1|Donphan, F
|poke|p1|Florges, F
|poke|p1|Lucario, F
|poke|p2|Aerodactyl, F
|poke|p2|Roserade, M
|poke|p2|Cloyster, F
|poke|p2|Arcanine, F
|poke|p2|Crobat, F
|poke|p2|Absol, M
|rule|Swagger Clause: Swagger is banned
|rule|Baton Pass Clause: Limit three PokÃ©mon knowing Baton Pass
|teampreview
|chat|13ad|gl hf
|chat|Cheeseboy628|ty u2
|chat|Cheeseboy628|TTM Summer Tournament Match
|chat|13ad|ok
|
|start
|switch|p1a: Hydreigon|Hydreigon, M|326\/326
|switch|p2a: Aerodactyl|Aerodactyl, F|302\/302
|turn|1
|
|detailschange|p2a: Aerodactyl|Aerodactyl-Mega, F
|message|Aerodactyl has Mega Evolved into Mega Aerodactyl!
|move|p1a: Hydreigon|Draco Meteor|p2a: Aerodactyl
|-damage|p2a: Aerodactyl|56\/302
|-unboost|p1a: Hydreigon|spa|2
|move|p2a: Aerodactyl|Stealth Rock|p1a: Hydreigon
|-sidestart|p1: Cheeseboy628|move: Stealth Rock
|
|turn|2
|
|move|p1a: Hydreigon|Draco Meteor|p2a: Aerodactyl
|-damage|p2a: Aerodactyl|0 fnt
|-unboost|p1a: Hydreigon|spa|2
|faint|p2a: Aerodactyl
|
|
|switch|p2a: Absol|Absol, M|271\/271
|-ability|p2a: Absol|Pressure
|turn|3
|
|switch|p1a: Donphan|Donphan, F|384\/384
|-damage|p1a: Donphan|360\/384|[from] Stealth Rock
|move|p2a: Absol|Megahorn|p1a: Donphan
|-damage|p1a: Donphan|261\/384
|
|-heal|p1a: Donphan|285\/384|[from] item: Leftovers
|turn|4
|
|switch|p2a: Cloyster|Cloyster, F|304\/304
|move|p1a: Donphan|Rapid Spin|p2a: Cloyster
|-damage|p2a: Cloyster|293\/304
|-sideend|p1: Cheeseboy628|Stealth Rock|[from] move: Rapid Spin|[of] p1a: Donphan
|
|-heal|p1a: Donphan|309\/384|[from] item: Leftovers
|turn|5
|
|switch|p1a: Lucario|Lucario, F|281\/281
|move|p2a: Cloyster|Icicle Spear|p1a: Lucario
|-resisted|p1a: Lucario
|-damage|p1a: Lucario|254\/281
|-resisted|p1a: Lucario
|-damage|p1a: Lucario|225\/281
|-resisted|p1a: Lucario
|-damage|p1a: Lucario|199\/281
|-resisted|p1a: Lucario
|-damage|p1a: Lucario|173\/281
|-crit|p1a: Lucario
|-resisted|p1a: Lucario
|-damage|p1a: Lucario|133\/281
|-hitcount|p1a: Lucario|5
|
|turn|6
|
|switch|p2a: Crobat|Crobat, F|311\/311
|move|p1a: Lucario|Close Combat|p2a: Crobat
|-resisted|p2a: Crobat
|-damage|p2a: Crobat|232\/311
|-unboost|p1a: Lucario|def|1
|-unboost|p1a: Lucario|spd|1
|-damage|p1a: Lucario|105\/281|[from] item: Life Orb
|
|-heal|p2a: Crobat|251\/311|[from] item: Black Sludge
|turn|7
|
|switch|p1a: Donphan|Donphan, F|309\/384
|move|p2a: Crobat|Cross Poison|p1a: Donphan
|-resisted|p1a: Donphan
|-damage|p1a: Donphan|276\/384
|
|-heal|p2a: Crobat|270\/311|[from] item: Black Sludge
|-heal|p1a: Donphan|300\/384|[from] item: Leftovers
|turn|8
|
|move|p2a: Crobat|Protect|p2a: Crobat
|-singleturn|p2a: Crobat|Protect
|move|p1a: Donphan|Stealth Rock|p2a: Crobat
|-sidestart|p2: 13ad|move: Stealth Rock
|
|-heal|p2a: Crobat|289\/311|[from] item: Black Sludge
|-heal|p1a: Donphan|324\/384|[from] item: Leftovers
|turn|9
|
|switch|p1a: Hydreigon|Hydreigon, M|326\/326
|move|p2a: Crobat|Brave Bird|p1a: Hydreigon
|-damage|p1a: Hydreigon|143\/326
|-damage|p2a: Crobat|229\/311|[from] recoil|[of] p1a: Hydreigon
|
|-heal|p2a: Crobat|248\/311|[from] item: Black Sludge
|turn|10
|
|move|p1a: Hydreigon|Draco Meteor|p2a: Crobat
|-damage|p2a: Crobat|0 fnt
|-unboost|p1a: Hydreigon|spa|2
|faint|p2a: Crobat
|
|
|switch|p2a: Cloyster|Cloyster, F|293\/304
|-damage|p2a: Cloyster|217\/304|[from] Stealth Rock
|turn|11
|
|move|p1a: Hydreigon|Draco Meteor|p2a: Cloyster
|-damage|p2a: Cloyster|33\/304
|-unboost|p1a: Hydreigon|spa|2
|move|p2a: Cloyster|Icicle Spear|p1a: Hydreigon
|-supereffective|p1a: Hydreigon
|-damage|p1a: Hydreigon|59\/326
|-supereffective|p1a: Hydreigon
|-damage|p1a: Hydreigon|0 fnt
|-hitcount|p1a: Hydreigon|2
|faint|p1a: Hydreigon
|
|
|switch|p1a: Lucario|Lucario, F|105\/281
|turn|12
|
|move|p1a: Lucario|Extreme Speed|p2a: Cloyster
|-damage|p2a: Cloyster|0 fnt
|-damage|p1a: Lucario|77\/281|[from] item: Life Orb
|faint|p2a: Cloyster
|
|
|switch|p2a: Arcanine|Arcanine, F|384\/384
|-damage|p2a: Arcanine|288\/384|[from] Stealth Rock
|-ability|p2a: Arcanine|Intimidate|[of] p1a: Lucario
|-unboost|p1a: Lucario|atk|1
|-item|p2a: Arcanine|Air Balloon
|turn|13
|
|switch|p1a: Clergy|Florges, F|360\/360
|move|p2a: Arcanine|Flare Blitz|p1a: Clergy
|-damage|p1a: Clergy|60\/360
|-damage|p2a: Arcanine|189\/384|[from] recoil|[of] p1a: Clergy
|
|-heal|p1a: Clergy|82\/360|[from] item: Leftovers
|turn|14
|chat|13ad|y u no gras
|
|move|p2a: Arcanine|Extreme Speed|p1a: Clergy
|-damage|p1a: Clergy|0 fnt
|faint|p1a: Clergy
|
|
|switch|p1a: Tornadus-Therian|Tornadus-Therian, M|299\/299
|turn|15
|
|move|p1a: Tornadus-Therian|Air Slash|p2a: Arcanine
|-damage|p2a: Arcanine|1\/384
|-enditem|p2a: Arcanine|Air Balloon
|-damage|p1a: Tornadus-Therian|270\/299|[from] item: Life Orb
|move|p2a: Arcanine|Flare Blitz|p1a: Tornadus-Therian
|-damage|p1a: Tornadus-Therian|33\/299
|-damage|p2a: Arcanine|0 fnt|[from] recoil|[of] p1a: Tornadus-Therian
|faint|p2a: Arcanine
|
|
|switch|p2a: Absol|Absol, M|271\/271
|-damage|p2a: Absol|238\/271|[from] Stealth Rock
|-ability|p2a: Absol|Pressure
|turn|16
|
|move|p1a: Tornadus-Therian|Superpower|p2a: Absol
|-supereffective|p2a: Absol
|-damage|p2a: Absol|0 fnt
|-unboost|p1a: Tornadus-Therian|atk|1
|-unboost|p1a: Tornadus-Therian|def|1
|-damage|p1a: Tornadus-Therian|4\/299|[from] item: Life Orb
|faint|p2a: Absol
|
|
|switch|p2a: Roserade|Roserade, M|324\/324
|-damage|p2a: Roserade|284\/324|[from] Stealth Rock
|turn|17
|
|move|p1a: Tornadus-Therian|Air Slash|p2a: Roserade
|-supereffective|p2a: Roserade
|-damage|p2a: Roserade|0 fnt
|-damage|p1a: Tornadus-Therian|0 fnt|[from] item: Life Orb
|faint|p2a: Roserade
|faint|p1a: Tornadus-Therian
|
|win|Cheeseboy628
|chat|Cheeseboy628|gg
|chat|13ad|gg