|join|pelucas
|join|Shuraragisan
|player|p1|pelucas|2
|player|p2|Shuraragisan|101
|gametype|singles
|gen|6
|tier|UU
|rated
|rule|Sleep Clause Mod: Limit one foe put to sleep
|rule|Species Clause: Limit one of each PokÃ©mon
|rule|OHKO Clause: OHKO moves are banned
|rule|Moody Clause: Moody is banned
|rule|Evasion Moves Clause: Evasion moves are banned
|rule|Endless Battle Clause: Forcing endless battles is banned
|rule|HP Percentage Mod: HP is shown in percentages
|clearpoke
|poke|p1|Mienshao, M
|poke|p1|Entei, shiny
|poke|p1|Tentacruel, F
|poke|p1|Combusken, M
|poke|p1|Gligar, M
|poke|p1|Kingdra, F
|poke|p2|Slurpuff, F
|poke|p2|Rotom-Heat
|poke|p2|Nidoking, M
|poke|p2|Starmie
|poke|p2|Diancie
|poke|p2|Ampharos, F
|rule|Swagger Clause: Swagger is banned
|rule|Baton Pass Clause: Limit one PokÃ©mon knowing Baton Pass
|teampreview
|
|start
|switch|p1a: Tentacruel|Tentacruel, F|364\/364
|switch|p2a: Nidoking|Nidoking, M|304\/304
|turn|1
|
|move|p2a: Nidoking|Earth Power|p1a: Tentacruel
|-supereffective|p1a: Tentacruel
|-damage|p1a: Tentacruel|29\/364
|move|p1a: Tentacruel|Scald|p2a: Nidoking
|-supereffective|p2a: Nidoking
|-damage|p2a: Nidoking|110\/304
|
|-heal|p1a: Tentacruel|51\/364|[from] item: Black Sludge
|turn|2
|
|move|p2a: Nidoking|Earth Power|p1a: Tentacruel
|-supereffective|p1a: Tentacruel
|-damage|p1a: Tentacruel|0 fnt
|faint|p1a: Tentacruel
|
|
|switch|p1a: Combusken|Combusken, M|230\/230
|turn|3
|
|move|p2a: Nidoking|Earth Power|p1a: Combusken
|-supereffective|p1a: Combusken
|-enditem|p1a: Combusken|Focus Sash
|-damage|p1a: Combusken|1\/230
|move|p1a: Combusken|Swords Dance|p1a: Combusken
|-boost|p1a: Combusken|atk|2
|
|-boost|p1a: Combusken|spe|1|[from] ability: Speed Boost
|turn|4
|
|move|p1a: Combusken|Protect|p1a: Combusken
|-singleturn|p1a: Combusken|Protect
|move|p2a: Nidoking|Earth Power|p1a: Combusken
|-activate|p1a: Combusken|Protect
|
|-boost|p1a: Combusken|spe|1|[from] ability: Speed Boost
|turn|5
|
|move|p1a: Combusken|Reversal|p2a: Nidoking
|-resisted|p2a: Nidoking
|-damage|p2a: Nidoking|0 fnt
|faint|p2a: Nidoking
|
|-boost|p1a: Combusken|spe|1|[from] ability: Speed Boost
|
|switch|p2a: Starmie|Starmie|324\/324
|turn|6
|
|move|p1a: Combusken|Reversal|p2a: Starmie
|-crit|p2a: Starmie
|-resisted|p2a: Starmie
|-damage|p2a: Starmie|0 fnt
|faint|p2a: Starmie
|
|-boost|p1a: Combusken|spe|1|[from] ability: Speed Boost
|
|switch|p2a: Slurpuff|Slurpuff, F|306\/306
|turn|7
|
|move|p1a: Combusken|Reversal|p2a: Slurpuff
|-resisted|p2a: Slurpuff
|-damage|p2a: Slurpuff|0 fnt
|faint|p2a: Slurpuff
|
|-boost|p1a: Combusken|spe|1|[from] ability: Speed Boost
|c|âpelucas|gg
|
|switch|p2a: Ampharos|Ampharos, F|383\/383
|turn|8
|c|âpelucas|why no priority
|c|âShuraragisan|idk
|c|âShuraragisan|crit hax too good
|-message|Shuraragisan forfeited.
|
|win|pelucas
|raw|Ladder updating...
|leave|Shuraragisan
|player|p2
|raw|pelucas's rating: 1516 &rarr; <strong>1530<\/strong><br \/>(+14 for winning)
|raw|Shuraragisan's rating: 1407 &rarr; <strong>1393<\/strong><br \/>(-14 for losing)