|join|jacob
|join|pelucas
|player|p1|jacob|287
|player|p2|pelucas|265
|gametype|singles
|gen|6
|tier|UU
|rated
|rule|Sleep Clause Mod: Limit one foe put to sleep
|rule|Species Clause: Limit one of each PokÃ©mon
|rule|OHKO Clause: OHKO moves are banned
|rule|Moody Clause: Moody is banned
|rule|Evasion Moves Clause: Evasion moves are banned
|rule|Endless Battle Clause: Forcing endless battles is banned
|rule|HP Percentage Mod: HP is shown in percentages
|clearpoke
|poke|p1|Cobalion
|poke|p1|Dugtrio, F
|poke|p1|Celebi
|poke|p1|Blastoise, M
|poke|p1|Hydreigon, M
|poke|p1|Infernape, M
|poke|p2|Combusken, M
|poke|p2|Entei, shiny
|poke|p2|Gligar, F
|poke|p2|Vaporeon, M
|poke|p2|Tentacruel, M
|poke|p2|Mienshao, F
|rule|Swagger Clause: Swagger is banned
|rule|Baton Pass Clause: Limit one PokÃ©mon knowing Baton Pass
|teampreview
|c|âjacob|hf
|
|start
|switch|p1a: Blastoise|Blastoise, M|358\/358
|switch|p2a: Mienshao|Mienshao, F|271\/271
|turn|1
|
|detailschange|p1a: Blastoise|Blastoise-Mega, M
|message|Blastoise has Mega Evolved into Mega Blastoise!
|move|p2a: Mienshao|U-turn|p1a: Blastoise
|-damage|p1a: Blastoise|284\/358
|
|switch|p2a: Vaporeon|Vaporeon, M|464\/464
|move|p1a: Blastoise|Scald|p2a: Vaporeon
|-immune|p2a: Vaporeon|[msg]
|
|turn|2
|
|switch|p1a: Celebi|Celebi|341\/341
|switch|p2a: Gligar|Gligar, F|334\/334
|
|turn|3
|
|move|p1a: Celebi|U-turn|p2a: Gligar
|-resisted|p2a: Gligar
|-damage|p2a: Gligar|317\/334
|
|switch|p1a: Blastoise|Blastoise-Mega, M|284\/358
|move|p2a: Gligar|Stealth Rock|p1a: Blastoise
|-sidestart|p1: jacob|move: Stealth Rock
|
|turn|4
|
|move|p2a: Gligar|U-turn|p1a: Blastoise
|-damage|p1a: Blastoise|243\/358
|
|switch|p2a: Vaporeon|Vaporeon, M|464\/464
|move|p1a: Blastoise|Rapid Spin|p2a: Vaporeon
|-damage|p2a: Vaporeon|448\/464
|-sideend|p1: jacob|Stealth Rock|[from] move: Rapid Spin|[of] p1a: Blastoise
|
|-heal|p2a: Vaporeon|464\/464|[from] item: Leftovers
|turn|5
|
|switch|p1a: Celebi|Celebi|341\/341
|switch|p2a: Gligar|Gligar, F|317\/334
|
|turn|6
|
|move|p1a: Celebi|Psychic|p2a: Gligar
|-damage|p2a: Gligar|232\/334
|move|p2a: Gligar|Stealth Rock|p1a: Celebi
|-sidestart|p1: jacob|move: Stealth Rock
|
|turn|7
|c|âpelucas|defensive??
|c|âjacob|ur spdef
|c|âjacob|lol
|
|switch|p1a: Blastoise|Blastoise-Mega, M|243\/358
|-damage|p1a: Blastoise|199\/358|[from] Stealth Rock
|move|p2a: Gligar|U-turn|p1a: Blastoise
|-damage|p1a: Blastoise|161\/358
|
|switch|p2a: Mienshao|Mienshao, F|271\/271
|
|turn|8
|
|switch|p1a: Celebi|Celebi|341\/341
|-damage|p1a: Celebi|299\/341|[from] Stealth Rock
|move|p2a: Mienshao|High Jump Kick|p1a: Celebi
|-resisted|p1a: Celebi
|-damage|p1a: Celebi|158\/341
|
|turn|9
|
|switch|p2a: Gligar|Gligar, F|232\/334
|move|p1a: Celebi|U-turn|p2a: Gligar
|-resisted|p2a: Gligar
|-damage|p2a: Gligar|216\/334
|
|switch|p1a: Blastoise|Blastoise-Mega, M|161\/358
|-damage|p1a: Blastoise|117\/358|[from] Stealth Rock
|
|turn|10
|
|move|p2a: Gligar|U-turn|p1a: Blastoise
|-damage|p1a: Blastoise|81\/358
|
|switch|p2a: Vaporeon|Vaporeon, M|464\/464
|move|p1a: Blastoise|Rapid Spin|p2a: Vaporeon
|-damage|p2a: Vaporeon|449\/464
|-sideend|p1: jacob|Stealth Rock|[from] move: Rapid Spin|[of] p1a: Blastoise
|
|-heal|p2a: Vaporeon|464\/464|[from] item: Leftovers
|turn|11
|
|move|p1a: Blastoise|Dark Pulse|p2a: Vaporeon
|-damage|p2a: Vaporeon|310\/464
|move|p2a: Vaporeon|Wish|p2a: Vaporeon
|
|-heal|p2a: Vaporeon|339\/464|[from] item: Leftovers
|turn|12
|
|switch|p1a: Hydreigon|Hydreigon, M|325\/325
|switch|p2a: Gligar|Gligar, F|216\/334
|
|-heal|p2a: Gligar|334\/334|[from] move: Wish|[wisher] Vaporeon
|turn|13
|
|move|p1a: Hydreigon|U-turn|p2a: Gligar
|-resisted|p2a: Gligar
|-damage|p2a: Gligar|316\/334
|
|switch|p1a: Blastoise|Blastoise-Mega, M|81\/358
|move|p2a: Gligar|Stealth Rock|p1a: Blastoise
|-sidestart|p1: jacob|move: Stealth Rock
|
|turn|14
|
|move|p2a: Gligar|Earthquake|p1a: Blastoise
|-damage|p1a: Blastoise|0 fnt
|faint|p1a: Blastoise
|
|c|âpelucas|idk im finding this match fun :p
|-message|jacob forfeited.
|
|win|pelucas
|raw|Ladder updating...
|leave|jacob
|player|p1
|raw|jacob's rating: 1560 &rarr; <strong>1537<\/strong><br \/>(-23 for losing)
|raw|pelucas's rating: 1517 &rarr; <strong>1540<\/strong><br \/>(+23 for winning)
|join|jacob
|leave|jacob