|join|pelucas
|join|Pkmn Champ Lance
|player|p1|pelucas|266
|player|p2|Pkmn Champ Lance|153
|gametype|singles
|gen|6
|tier|UU
|rated
|rule|Sleep Clause Mod: Limit one foe put to sleep
|rule|Species Clause: Limit one of each PokÃ©mon
|rule|OHKO Clause: OHKO moves are banned
|rule|Moody Clause: Moody is banned
|rule|Evasion Moves Clause: Evasion moves are banned
|rule|Endless Battle Clause: Forcing endless battles is banned
|rule|HP Percentage Mod: HP is shown in percentages
|clearpoke
|poke|p1|Entei, shiny
|poke|p1|Mienshao, M
|poke|p1|Kingdra, M
|poke|p1|Tentacruel, F
|poke|p1|Combusken, M
|poke|p1|Gligar, F
|poke|p2|Zygarde
|poke|p2|Hippowdon, F
|poke|p2|Machamp, M
|poke|p2|Ampharos, M
|poke|p2|Mienshao, M
|poke|p2|Azelf
|rule|Swagger Clause: Swagger is banned
|rule|Baton Pass Clause: Limit one PokÃ©mon knowing Baton Pass
|teampreview
|
|start
|switch|p1a: Mienshao|Mienshao, M|271\/271
|switch|p2a: Azelf|Azelf|292\/292
|turn|1
|
|move|p1a: Mienshao|U-turn|p2a: Azelf
|-crit|p2a: Azelf
|-supereffective|p2a: Azelf
|-enditem|p2a: Azelf|Focus Sash
|-damage|p2a: Azelf|1\/292
|
|switch|p1a: Gligar|Gligar, F|334\/334
|move|p2a: Azelf|Explosion|p1a: Gligar
|-crit|p1a: Gligar
|-damage|p1a: Gligar|70\/334
|faint|p2a: Azelf
|
|c|âpelucas|nooool
|c|âpelucas|lol
|
|switch|p2a: Mienshao|Mienshao, M|271\/271
|turn|2
|
|switch|p1a: Tentacruel|Tentacruel, F|364\/364
|move|p2a: Mienshao|Knock Off|p1a: Tentacruel
|-damage|p1a: Tentacruel|252\/364
|-enditem|p1a: Tentacruel|Black Sludge|[from] move: Knock Off|[of] p2a: Mienshao
|
|turn|3
|
|switch|p2a: Machamp|Machamp, M|384\/384
|move|p1a: Tentacruel|Toxic Spikes|p2a: Machamp
|-sidestart|p2: Pkmn Champ Lance|move: Toxic Spikes
|
|turn|4
|
|move|p1a: Tentacruel|Scald|p2a: Machamp
|-damage|p2a: Machamp|321\/384
|-status|p2a: Machamp|brn
|move|p2a: Machamp|Stone Edge|p1a: Tentacruel
|-damage|p1a: Tentacruel|192\/364
|
|-damage|p2a: Machamp|273\/384 brn|[from] brn
|turn|5
|c|âPkmn Champ Lance|wow
|c|âpelucas|makes up for the crit i guess lol
|
|move|p1a: Tentacruel|Toxic Spikes|p2a: Machamp
|-sidestart|p2: Pkmn Champ Lance|move: Toxic Spikes
|move|p2a: Machamp|Dynamic Punch|p1a: Tentacruel
|-resisted|p1a: Tentacruel
|-damage|p1a: Tentacruel|147\/364
|-start|p1a: Tentacruel|confusion
|
|-damage|p2a: Machamp|225\/384 brn|[from] brn
|turn|6
|
|switch|p1a: Gligar|Gligar, F|70\/334
|move|p2a: Machamp|Ice Punch|p1a: Gligar
|-supereffective|p1a: Gligar
|-damage|p1a: Gligar|0 fnt
|faint|p1a: Gligar
|
|-damage|p2a: Machamp|177\/384 brn|[from] brn
|c|âPkmn Champ Lance|predicts
|
|switch|p1a: Mienshao|Mienshao, M|271\/271
|turn|7
|
|move|p1a: Mienshao|High Jump Kick|p2a: Machamp
|-damage|p2a: Machamp|0 fnt
|faint|p2a: Machamp
|
|
|switch|p2a: Hippowdon|Hippowdon, F|420\/420
|-status|p2a: Hippowdon|tox
|-weather|Sandstorm
|turn|8
|
|switch|p1a: Tentacruel|Tentacruel, F|147\/364
|move|p2a: Hippowdon|Earthquake|p1a: Tentacruel
|-supereffective|p1a: Tentacruel
|-damage|p1a: Tentacruel|0 fnt
|faint|p1a: Tentacruel
|
|-weather|Sandstorm|[upkeep]
|-damage|p2a: Hippowdon|394\/420 tox|[from] psn
|
|switch|p1a: Kingdra|Kingdra, M|306\/306
|turn|9
|
|move|p1a: Kingdra|Hydro Pump|p2a: Hippowdon
|-supereffective|p2a: Hippowdon
|-damage|p2a: Hippowdon|0 fnt
|faint|p2a: Hippowdon
|
|-weather|Sandstorm|[upkeep]
|-damage|p1a: Kingdra|287\/306|[from] sandstorm
|
|switch|p2a: Mienshao|Mienshao, M|271\/271
|-status|p2a: Mienshao|tox
|turn|10
|
|switch|p1a: Entei|Entei, shiny|431\/431
|-ability|p1a: Entei|Pressure
|move|p2a: Mienshao|High Jump Kick|p1a: Entei
|-damage|p1a: Entei|127\/431
|
|-weather|Sandstorm|[upkeep]
|-damage|p2a: Mienshao|255\/271 tox|[from] sandstorm
|-damage|p1a: Entei|101\/431|[from] sandstorm
|-damage|p2a: Mienshao|239\/271 tox|[from] psn
|turn|11
|
|move|p1a: Entei|Extreme Speed|p2a: Mienshao
|-damage|p2a: Mienshao|82\/271 tox
|move|p2a: Mienshao|High Jump Kick|p1a: Entei
|-damage|p1a: Entei|0 fnt
|faint|p1a: Entei
|
|-weather|Sandstorm|[upkeep]
|-damage|p2a: Mienshao|66\/271 tox|[from] sandstorm
|-damage|p2a: Mienshao|34\/271 tox|[from] psn
|
|switch|p1a: Combusken|Combusken, M|261\/261
|turn|12
|
|switch|p2a: Zygarde|Zygarde|378\/378
|-status|p2a: Zygarde|tox
|-ability|p2a: Zygarde|Aura Break
|-enditem|p2a: Zygarde|Lum Berry|[eat]
|-curestatus|p2a: Zygarde|tox
|move|p1a: Combusken|Swords Dance|p1a: Combusken
|-boost|p1a: Combusken|atk|2
|
|-weather|none
|-boost|p1a: Combusken|spe|1|[from] ability: Speed Boost
|turn|13
|
|move|p1a: Combusken|Baton Pass|p1a: Combusken
|
|switch|p1a: Mienshao|Mienshao, M|271\/271
|move|p2a: Zygarde|Outrage|p1a: Mienshao
|-damage|p1a: Mienshao|0 fnt
|faint|p1a: Mienshao
|
|
|switch|p1a: Combusken|Combusken, M|261\/261
|turn|14
|
|move|p2a: Zygarde|Outrage|p1a: Combusken
|-enditem|p1a: Combusken|Focus Sash
|-damage|p1a: Combusken|1\/261
|move|p1a: Combusken|Swords Dance|p1a: Combusken
|-boost|p1a: Combusken|atk|2
|
|-end|p2a: Zygarde|rampage
|-start|p2a: Zygarde|confusion
|-boost|p1a: Combusken|spe|1|[from] ability: Speed Boost
|turn|15
|
|move|p1a: Combusken|Protect|p1a: Combusken
|-singleturn|p1a: Combusken|Protect
|-activate|p2a: Zygarde|confusion
|-damage|p2a: Zygarde|342\/378|[from] confusion
|
|-boost|p1a: Combusken|spe|1|[from] ability: Speed Boost
|turn|16
|
|-activate|p2a: Zygarde|confusion
|move|p2a: Zygarde|Extreme Speed|p1a: Combusken
|-damage|p1a: Combusken|0 fnt
|faint|p1a: Combusken
|
|
|switch|p1a: Kingdra|Kingdra, M|287\/306
|turn|17
|
|-activate|p2a: Zygarde|confusion
|-damage|p2a: Zygarde|307\/378|[from] confusion
|move|p1a: Kingdra|Focus Energy|p1a: Kingdra
|-start|p1a: Kingdra|move: Focus Energy
|
|turn|18
|
|-activate|p2a: Zygarde|confusion
|-damage|p2a: Zygarde|271\/378|[from] confusion
|move|p1a: Kingdra|Agility|p1a: Kingdra
|-boost|p1a: Kingdra|spe|2
|
|turn|19
|c|âPkmn Champ Lance|o
|c|âPkmn Champ Lance|m
|c|âPkmn Champ Lance|g
|c|âpelucas|lol
|c|âPkmn Champ Lance|bull 
|c|âPkmn Champ Lance|shir
|c|âPkmn Champ Lance|shit
|
|-end|p2a: Zygarde|confusion
|move|p2a: Zygarde|Extreme Speed|p1a: Kingdra
|-damage|p1a: Kingdra|192\/306
|move|p1a: Kingdra|Draco Meteor|p2a: Zygarde
|-crit|p2a: Zygarde
|-supereffective|p2a: Zygarde
|-damage|p2a: Zygarde|0 fnt
|-unboost|p1a: Kingdra|spa|2
|faint|p2a: Zygarde
|
|c|âpelucas|i trained my kindra to distract other dragons
|
|switch|p2a: Mienshao|Mienshao, M|34\/271 tox
|turn|20
|c|âpelucas|with its sexyness
|c|âPkmn Champ Lance|3\/4 confuse
|c|âPkmn Champ Lance|never even seen it last 4 turns
|
|move|p1a: Kingdra|Draco Meteor|p2a: Mienshao|[miss]
|-miss|p1a: Kingdra|p2a: Mienshao
|move|p2a: Mienshao|High Jump Kick|p1a: Kingdra|[miss]
|-miss|p2a: Mienshao|p1a: Kingdra
|-damage|p2a: Mienshao|0 fnt|[from] highjumpkick
|faint|p2a: Mienshao
|
|c|âPkmn Champ Lance|omg
|c|âPkmn Champ Lance|omg
|c|âPkmn Champ Lance|omg
|c|âPkmn Champ Lance|omg
|c|âpelucas|lmao
|c|âPkmn Champ Lance|omg
|c|âPkmn Champ Lance|omg
|c|âpelucas|omg
|c|âPkmn Champ Lance|omg
|c|âPkmn Champ Lance|omg
|c|âPkmn Champ Lance|omg
|c|âPkmn Champ Lance|omg
|c|âPkmn Champ Lance|omg
|c|âPkmn Champ Lance|omg
|c|âPkmn Champ Lance|omg
|c|âPkmn Champ Lance|fuk
|c|âPkmn Champ Lance|fuck
|c|âPkmn Champ Lance|fuck
|c|âPkmn Champ Lance|I 
|c|âPkmn Champ Lance|hate
|c|âPkmn Champ Lance|this 
|c|âPkmn Champ Lance|game
|c|âpelucas|what i miss
|
|switch|p2a: Ampharos|Ampharos, M|322\/322
|-status|p2a: Ampharos|tox
|turn|21
|c|âPkmn Champ Lance|a sliver of hope
|
|move|p1a: Kingdra|Draco Meteor|p2a: Ampharos
|-crit|p2a: Ampharos
|-damage|p2a: Ampharos|0 fnt
|-unboost|p1a: Kingdra|spa|2
|faint|p2a: Ampharos
|
|win|pelucas
|raw|Ladder updating...
|raw|pelucas's rating: 1636 &rarr; <strong>1653<\/strong><br \/>(+17 for winning)
|raw|Pkmn Champ Lance's rating: 1595 &rarr; <strong>1577<\/strong><br \/>(-18 for losing)
|c|âpelucas|nope
|c|âpelucas|sry
|leave|Pkmn Champ Lance
|player|p2
|c|âpelucas|gg though man