|join|waiv
|join|pelucas
|player|p1|waiv|286
|player|p2|pelucas|2
|gametype|singles
|gen|6
|tier|UU
|rated
|rule|Sleep Clause Mod: Limit one foe put to sleep
|rule|Species Clause: Limit one of each PokÃ©mon
|rule|OHKO Clause: OHKO moves are banned
|rule|Moody Clause: Moody is banned
|rule|Evasion Moves Clause: Evasion moves are banned
|rule|Endless Battle Clause: Forcing endless battles is banned
|rule|HP Percentage Mod: HP is shown in percentages
|clearpoke
|poke|p1|Blissey, F, shiny
|poke|p1|Forretress, F
|poke|p1|Nidoqueen, F
|poke|p1|Suicune
|poke|p1|Whimsicott, M, shiny
|poke|p1|Krookodile, F
|poke|p2|Mienshao, M
|poke|p2|Entei, shiny
|poke|p2|Tentacruel, F
|poke|p2|Combusken, M
|poke|p2|Gligar, F
|poke|p2|Kingdra, M
|rule|Swagger Clause: Swagger is banned
|rule|Baton Pass Clause: Limit one PokÃ©mon knowing Baton Pass
|teampreview
|
|start
|switch|p1a: Forretress|Forretress, F|354\/354
|switch|p2a: Combusken|Combusken, M|230\/230
|turn|1
|
|switch|p1a: Suicune|Suicune|403\/403
|-ability|p1a: Suicune|Pressure
|move|p2a: Combusken|Baton Pass|p2a: Combusken
|
|switch|p2a: Kingdra|Kingdra, M|296\/296
|
|turn|2
|
|switch|p1a: Whimsicott|Whimsicott, M, shiny|261\/261
|move|p2a: Kingdra|Focus Energy|p2a: Kingdra
|-start|p2a: Kingdra|move: Focus Energy
|
|turn|3
|
|move|p1a: Whimsicott|Encore|p2a: Kingdra
|-start|p2a: Kingdra|Encore
|move|p2a: Kingdra|Focus Energy|p2a: Kingdra
|-fail|p2a: Kingdra
|
|turn|4
|
|switch|p1a: Krookodile|Krookodile, F|394\/394
|-ability|p1a: Krookodile|Intimidate|[of] p2a: Kingdra
|-unboost|p2a: Kingdra|atk|1
|switch|p2a: Entei|Entei, shiny|433\/433
|-ability|p2a: Entei|Pressure
|
|turn|5
|
|move|p2a: Entei|Sacred Fire|p1a: Krookodile
|-damage|p1a: Krookodile|187\/394
|-status|p1a: Krookodile|brn
|move|p1a: Krookodile|Earthquake|p2a: Entei
|-supereffective|p2a: Entei
|-damage|p2a: Entei|119\/433
|
|-damage|p1a: Krookodile|138\/394 brn|[from] brn
|turn|6
|
|switch|p1a: Suicune|Suicune|403\/403
|-ability|p1a: Suicune|Pressure
|move|p2a: Entei|Sacred Fire|p1a: Suicune
|-resisted|p1a: Suicune
|-damage|p1a: Suicune|337\/403
|-status|p1a: Suicune|brn
|
|-heal|p1a: Suicune|362\/403 brn|[from] item: Leftovers
|-damage|p1a: Suicune|312\/403 brn|[from] brn
|turn|7
|
|switch|p2a: Combusken|Combusken, M|230\/230
|switch|p1a: Whimsicott|Whimsicott, M, shiny|261\/261
|
|turn|8
|
|move|p1a: Whimsicott|U-turn|p2a: Combusken
|-crit|p2a: Combusken
|-resisted|p2a: Combusken
|-damage|p2a: Combusken|206\/230
|
|switch|p1a: Blissey|Blissey, F, shiny|714\/714
|move|p2a: Combusken|Baton Pass|p2a: Combusken
|
|switch|p2a: Entei|Entei, shiny|119\/433
|-ability|p2a: Entei|Pressure
|
|turn|9
|
|switch|p2a: Combusken|Combusken, M|206\/230
|switch|p1a: Suicune|Suicune|312\/403 brn
|-ability|p1a: Suicune|Pressure
|
|-heal|p1a: Suicune|337\/403 brn|[from] item: Leftovers
|-damage|p1a: Suicune|287\/403 brn|[from] brn
|turn|10
|
|move|p2a: Combusken|Swords Dance|p2a: Combusken
|-boost|p2a: Combusken|atk|2
|move|p1a: Suicune|Hydro Pump|p2a: Combusken
|-supereffective|p2a: Combusken
|-damage|p2a: Combusken|0 fnt
|faint|p2a: Combusken
|
|-heal|p1a: Suicune|312\/403 brn|[from] item: Leftovers
|-damage|p1a: Suicune|262\/403 brn|[from] brn
|
|switch|p2a: Mienshao|Mienshao, M|271\/271
|turn|11
|
|switch|p1a: Forretress|Forretress, F|354\/354
|move|p2a: Mienshao|High Jump Kick|p1a: Forretress
|-damage|p1a: Forretress|192\/354
|
|-heal|p1a: Forretress|214\/354|[from] item: Leftovers
|turn|12
|
|move|p2a: Mienshao|High Jump Kick|p1a: Forretress
|-damage|p1a: Forretress|55\/354
|move|p1a: Forretress|Spikes|p2a: Mienshao
|-sidestart|p2: pelucas|Spikes
|
|-heal|p1a: Forretress|77\/354|[from] item: Leftovers
|turn|13
|
|move|p2a: Mienshao|High Jump Kick|p1a: Forretress
|-crit|p1a: Forretress
|-damage|p1a: Forretress|0 fnt
|faint|p1a: Forretress
|
|
|switch|p1a: Blissey|Blissey, F, shiny|714\/714
|turn|14
|
|switch|p2a: Tentacruel|Tentacruel, F|364\/364
|-damage|p2a: Tentacruel|319\/364|[from] Spikes
|move|p1a: Blissey|Protect|p1a: Blissey
|-fail|p1a: Blissey
|
|-heal|p2a: Tentacruel|341\/364|[from] item: Black Sludge
|turn|15
|
|move|p2a: Tentacruel|Scald|p1a: Blissey
|-damage|p1a: Blissey|653\/714
|move|p1a: Blissey|Thunder Wave|p2a: Tentacruel
|-status|p2a: Tentacruel|par
|
|-heal|p1a: Blissey|697\/714|[from] item: Leftovers
|-heal|p2a: Tentacruel|363\/364 par|[from] item: Black Sludge
|turn|16
|
|move|p1a: Blissey|Wish|p1a: Blissey
|move|p2a: Tentacruel|Rapid Spin|p1a: Blissey
|-damage|p1a: Blissey|677\/714
|-sideend|p2: pelucas|Spikes|[from] move: Rapid Spin|[of] p2a: Tentacruel
|
|-heal|p1a: Blissey|714\/714|[from] item: Leftovers
|-heal|p2a: Tentacruel|364\/364 par|[from] item: Black Sludge
|turn|17
|
|switch|p1a: Krookodile|Krookodile, F|138\/394 brn
|-ability|p1a: Krookodile|Intimidate|[of] p2a: Tentacruel
|-fail|p2a: Tentacruel|unboost|[from] ability: Clear Body|[of] p2a: Tentacruel
|switch|p2a: Mienshao|Mienshao, M|271\/271
|
|-heal|p1a: Krookodile|394\/394 brn|[from] move: Wish|[wisher] Blissey
|-damage|p1a: Krookodile|345\/394 brn|[from] brn
|turn|18
|
|switch|p1a: Nidoqueen|Nidoqueen, F|382\/382
|move|p2a: Mienshao|High Jump Kick|p1a: Nidoqueen
|-resisted|p1a: Nidoqueen
|-damage|p1a: Nidoqueen|223\/382
|
|-heal|p1a: Nidoqueen|246\/382|[from] item: Black Sludge
|turn|19
|
|move|p2a: Mienshao|High Jump Kick|p1a: Nidoqueen
|-resisted|p1a: Nidoqueen
|-damage|p1a: Nidoqueen|105\/382
|move|p1a: Nidoqueen|Earth Power|p2a: Mienshao
|-damage|p2a: Mienshao|30\/271
|
|-heal|p1a: Nidoqueen|128\/382|[from] item: Black Sludge
|turn|20
|
|switch|p1a: Whimsicott|Whimsicott, M, shiny|261\/261
|move|p2a: Mienshao|High Jump Kick|p1a: Whimsicott
|-resisted|p1a: Whimsicott
|-damage|p1a: Whimsicott|104\/261
|
|turn|21
|
|move|p2a: Mienshao|High Jump Kick|p1a: Whimsicott
|-resisted|p1a: Whimsicott
|-damage|p1a: Whimsicott|0 fnt
|faint|p1a: Whimsicott
|
|
|switch|p1a: Krookodile|Krookodile, F|345\/394 brn
|-ability|p1a: Krookodile|Intimidate|[of] p2a: Mienshao
|-unboost|p2a: Mienshao|atk|1
|turn|22
|
|move|p2a: Mienshao|High Jump Kick|p1a: Krookodile
|-supereffective|p1a: Krookodile
|-damage|p1a: Krookodile|0 fnt
|faint|p1a: Krookodile
|
|
|switch|p1a: Nidoqueen|Nidoqueen, F|128\/382
|turn|23
|
|switch|p2a: Gligar|Gligar, F|334\/334
|move|p1a: Nidoqueen|Ice Beam|p2a: Gligar
|-supereffective|p2a: Gligar
|-damage|p2a: Gligar|70\/334
|
|-heal|p1a: Nidoqueen|151\/382|[from] item: Black Sludge
|turn|24
|
|move|p2a: Gligar|Earthquake|p1a: Nidoqueen
|-supereffective|p1a: Nidoqueen
|-damage|p1a: Nidoqueen|0 fnt
|faint|p1a: Nidoqueen
|
|
|switch|p1a: Blissey|Blissey, F, shiny|714\/714
|turn|25
|
|move|p2a: Gligar|U-turn|p1a: Blissey
|-damage|p1a: Blissey|633\/714
|
|switch|p2a: Tentacruel|Tentacruel, F|364\/364 par
|move|p1a: Blissey|Seismic Toss|p2a: Tentacruel
|-damage|p2a: Tentacruel|264\/364 par
|
|-heal|p1a: Blissey|677\/714|[from] item: Leftovers
|-heal|p2a: Tentacruel|286\/364 par|[from] item: Black Sludge
|turn|26
|
|move|p1a: Blissey|Wish|p1a: Blissey
|move|p2a: Tentacruel|Toxic Spikes|p1a: Blissey
|-sidestart|p1: waiv|move: Toxic Spikes
|
|-heal|p1a: Blissey|714\/714|[from] item: Leftovers
|-heal|p2a: Tentacruel|308\/364 par|[from] item: Black Sludge
|turn|27
|
|switch|p1a: Suicune|Suicune|262\/403 brn
|-ability|p1a: Suicune|Pressure
|move|p2a: Tentacruel|Giga Drain|p1a: Suicune
|-supereffective|p1a: Suicune
|-damage|p1a: Suicune|170\/403 brn
|-heal|p2a: Tentacruel|354\/364 par|[from] drain|[of] p1a: Suicune
|
|-heal|p1a: Suicune|403\/403 brn|[from] move: Wish|[wisher] Blissey
|-heal|p2a: Tentacruel|364\/364 par|[from] item: Black Sludge
|-damage|p1a: Suicune|353\/403 brn|[from] brn
|turn|28
|
|move|p1a: Suicune|Calm Mind|p1a: Suicune
|-boost|p1a: Suicune|spa|1
|-boost|p1a: Suicune|spd|1
|cant|p2a: Tentacruel|par
|
|-heal|p1a: Suicune|378\/403 brn|[from] item: Leftovers
|-damage|p1a: Suicune|328\/403 brn|[from] brn
|turn|29
|
|switch|p2a: Kingdra|Kingdra, M|296\/296
|move|p1a: Suicune|Calm Mind|p1a: Suicune
|-boost|p1a: Suicune|spa|1
|-boost|p1a: Suicune|spd|1
|
|-heal|p1a: Suicune|353\/403 brn|[from] item: Leftovers
|-damage|p1a: Suicune|303\/403 brn|[from] brn
|turn|30
|
|move|p2a: Kingdra|Focus Energy|p2a: Kingdra
|-start|p2a: Kingdra|move: Focus Energy
|move|p1a: Suicune|Ice Beam|p2a: Kingdra
|-damage|p2a: Kingdra|153\/296
|
|-heal|p1a: Suicune|328\/403 brn|[from] item: Leftovers
|-damage|p1a: Suicune|278\/403 brn|[from] brn
|turn|31
|
|switch|p1a: Blissey|Blissey, F, shiny|714\/714
|-status|p1a: Blissey|psn
|move|p2a: Kingdra|Draco Meteor|p1a: Blissey
|-crit|p1a: Blissey
|-damage|p1a: Blissey|344\/714 psn
|-unboost|p2a: Kingdra|spa|2
|
|-heal|p1a: Blissey|388\/714 psn|[from] item: Leftovers
|-damage|p1a: Blissey|299\/714 psn|[from] psn
|turn|32
|c|âpelucas|yup
|c|âpelucas|gg
|c|âwaiv|ye
|
|move|p2a: Kingdra|Draco Meteor|p1a: Blissey
|-crit|p1a: Blissey
|-damage|p1a: Blissey|0 fnt
|-unboost|p2a: Kingdra|spa|2
|faint|p1a: Blissey
|
|c|âwaiv|2 much misplay
|c|âwaiv|lawl
|-message|waiv forfeited.
|
|win|pelucas
|raw|Ladder updating...
|leave|waiv
|player|p1
|raw|waiv's rating: 1648 &rarr; <strong>1622<\/strong><br \/>(-26 for losing)
|raw|pelucas's rating: 1537 &rarr; <strong>1563<\/strong><br \/>(+26 for winning)