|join|pelucas
|join|RagnaTheButtedge
|player|p1|pelucas|266
|player|p2|RagnaTheButtedge|262
|gametype|singles
|gen|6
|tier|UU
|rated
|rule|Sleep Clause Mod: Limit one foe put to sleep
|rule|Species Clause: Limit one of each PokÃ©mon
|rule|OHKO Clause: OHKO moves are banned
|rule|Moody Clause: Moody is banned
|rule|Evasion Moves Clause: Evasion moves are banned
|rule|Endless Battle Clause: Forcing endless battles is banned
|rule|HP Percentage Mod: HP is shown in percentages
|clearpoke
|poke|p1|Porygon-Z
|poke|p1|Tentacruel, M
|poke|p1|Gligar, M
|poke|p1|Mienshao, M
|poke|p1|Entei, shiny
|poke|p1|Combusken, M
|poke|p2|Scrafty, F
|poke|p2|Hydreigon, M
|poke|p2|Chandelure, M
|poke|p2|Krookodile, M, shiny
|poke|p2|Espeon, M
|poke|p2|Suicune
|rule|Swagger Clause: Swagger is banned
|rule|Baton Pass Clause: Limit one PokÃ©mon knowing Baton Pass
|teampreview
|join|Monkay Dik Master
|
|start
|switch|p1a: Porygon-Z|Porygon-Z|311\/311
|switch|p2a: Candlelure|Chandelure, M|261\/261
|turn|1
|
|switch|p2a: Scrafty|Scrafty, F|272\/272
|move|p1a: Porygon-Z|Dark Pulse|p2a: Scrafty
|-resisted|p2a: Scrafty
|-damage|p2a: Scrafty|239\/272
|
|turn|2
|
|switch|p1a: Gligar|Gligar, M|334\/334
|move|p2a: Scrafty|Dragon Dance|p2a: Scrafty
|-boost|p2a: Scrafty|atk|1
|-boost|p2a: Scrafty|spe|1
|
|turn|3
|
|move|p2a: Scrafty|Ice Punch|p1a: Gligar
|-supereffective|p1a: Gligar
|-damage|p1a: Gligar|142\/334
|move|p1a: Gligar|Stealth Rock|p2a: Scrafty
|-sidestart|p2: RagnaTheButtedge|move: Stealth Rock
|
|turn|4
|
|move|p2a: Scrafty|Dragon Dance|p2a: Scrafty
|-boost|p2a: Scrafty|atk|1
|-boost|p2a: Scrafty|spe|1
|move|p1a: Gligar|Roost|p1a: Gligar
|-heal|p1a: Gligar|309\/334
|
|turn|5
|
|move|p2a: Scrafty|Ice Punch|p1a: Gligar
|-supereffective|p1a: Gligar
|-damage|p1a: Gligar|61\/334
|move|p1a: Gligar|U-turn|p2a: Scrafty
|-damage|p2a: Scrafty|199\/272
|
|switch|p1a: Combusken|Combusken, M|261\/261
|
|turn|6
|
|move|p2a: Scrafty|Drain Punch|p1a: Combusken
|-enditem|p1a: Combusken|Focus Sash
|-damage|p1a: Combusken|1\/261
|-heal|p2a: Scrafty|272\/272|[from] drain|[of] p1a: Combusken
|move|p1a: Combusken|Reversal|p2a: Scrafty
|-supereffective|p2a: Scrafty
|-damage|p2a: Scrafty|0 fnt
|faint|p2a: Scrafty
|
|-boost|p1a: Combusken|spe|1|[from] ability: Speed Boost
|
|switch|p2a: Candlelure|Chandelure, M|261\/261
|-damage|p2a: Candlelure|196\/261|[from] Stealth Rock
|turn|7
|
|move|p1a: Combusken|Protect|p1a: Combusken
|-singleturn|p1a: Combusken|Protect
|move|p2a: Candlelure|Flamethrower|p1a: Combusken
|-activate|p1a: Combusken|Protect
|
|-boost|p1a: Combusken|spe|1|[from] ability: Speed Boost
|turn|8
|
|move|p1a: Combusken|Baton Pass|p1a: Combusken
|
|switch|p1a: Entei|Entei, shiny|434\/434
|-ability|p1a: Entei|Pressure
|move|p2a: Candlelure|Flamethrower|p1a: Entei
|-resisted|p1a: Entei
|-damage|p1a: Entei|356\/434
|
|turn|9
|
|switch|p1a: Combusken|Combusken, M|1\/261
|switch|p2a: Oral coupon|Suicune|341\/341
|-damage|p2a: Oral coupon|299\/341|[from] Stealth Rock
|-ability|p2a: Oral coupon|Pressure
|
|-heal|p2a: Oral coupon|320\/341|[from] item: Leftovers
|turn|10
|
|move|p1a: Combusken|Reversal|p2a: Oral coupon
|-damage|p2a: Oral coupon|73\/341
|move|p2a: Oral coupon|Substitute|p2a: Oral coupon
|-fail|p2a: Oral coupon|move: Substitute|[weak]
|
|-heal|p2a: Oral coupon|94\/341|[from] item: Leftovers
|-boost|p1a: Combusken|spe|1|[from] ability: Speed Boost
|turn|11
|
|move|p1a: Combusken|Baton Pass|p1a: Combusken
|
|switch|p1a: Porygon-Z|Porygon-Z|311\/311
|move|p2a: Oral coupon|Scald|p1a: Porygon-Z
|-damage|p1a: Porygon-Z|206\/311
|
|-heal|p2a: Oral coupon|115\/341|[from] item: Leftovers
|turn|12
|
|switch|p2a: Golden Puffle|Krookodile, M, shiny|332\/332
|-damage|p2a: Golden Puffle|312\/332|[from] Stealth Rock
|move|p1a: Porygon-Z|Thunderbolt|p2a: Golden Puffle
|-immune|p2a: Golden Puffle|[msg]
|
|turn|13
|
|switch|p1a: Gligar|Gligar, M|61\/334
|move|p2a: Golden Puffle|Knock Off|p1a: Gligar
|-damage|p1a: Gligar|0 fnt
|-enditem|p1a: Gligar|Eviolite|[from] move: Knock Off|[of] p2a: Golden Puffle
|faint|p1a: Gligar
|-boost|p2a: Golden Puffle|atk|1|[from] ability: Moxie
|
|
|switch|p1a: Mienshao|Mienshao, M|271\/271
|turn|14
|
|switch|p2a: Candlelure|Chandelure, M|196\/261
|-damage|p2a: Candlelure|131\/261|[from] Stealth Rock
|move|p1a: Mienshao|U-turn|p2a: Candlelure
|-resisted|p2a: Candlelure
|-damage|p2a: Candlelure|110\/261
|
|switch|p1a: Tentacruel|Tentacruel, M|364\/364
|
|turn|15
|
|switch|p2a: Espeon|Espeon, M|272\/272
|-damage|p2a: Espeon|238\/272|[from] Stealth Rock
|move|p1a: Tentacruel|Giga Drain|p2a: Espeon
|-damage|p2a: Espeon|183\/272
|
|turn|16
|
|move|p2a: Espeon|Psyshock|p1a: Tentacruel
|-supereffective|p1a: Tentacruel
|-damage|p1a: Tentacruel|98\/364
|move|p1a: Tentacruel|Scald|p2a: Espeon
|-damage|p2a: Espeon|105\/272
|-status|p2a: Espeon|brn
|
|-heal|p1a: Tentacruel|120\/364|[from] item: Black Sludge
|-damage|p2a: Espeon|71\/272 brn|[from] brn
|turn|17
|
|move|p2a: Espeon|Psyshock|p1a: Tentacruel
|-supereffective|p1a: Tentacruel
|-damage|p1a: Tentacruel|0 fnt
|faint|p1a: Tentacruel
|
|-damage|p2a: Espeon|37\/272 brn|[from] brn
|
|switch|p1a: Mienshao|Mienshao, M|271\/271
|turn|18
|
|move|p1a: Mienshao|U-turn|p2a: Espeon
|-supereffective|p2a: Espeon
|-damage|p2a: Espeon|0 fnt
|faint|p2a: Espeon
|
|switch|p1a: Combusken|Combusken, M|1\/261
|
|
|switch|p2a: Golden Puffle|Krookodile, M, shiny|312\/332
|-damage|p2a: Golden Puffle|292\/332|[from] Stealth Rock
|turn|19
|
|move|p1a: Combusken|Protect|p1a: Combusken
|-singleturn|p1a: Combusken|Protect
|move|p2a: Golden Puffle|Earthquake|p1a: Combusken
|-activate|p1a: Combusken|Protect
|
|-boost|p1a: Combusken|spe|1|[from] ability: Speed Boost
|turn|20
|
|move|p1a: Combusken|Protect|p1a: Combusken
|-fail|p1a: Combusken
|move|p2a: Golden Puffle|Earthquake|p1a: Combusken
|-supereffective|p1a: Combusken
|-damage|p1a: Combusken|0 fnt
|faint|p1a: Combusken
|-boost|p2a: Golden Puffle|atk|1|[from] ability: Moxie
|
|
|switch|p1a: Mienshao|Mienshao, M|271\/271
|turn|21
|
|switch|p2a: Oral coupon|Suicune|115\/341
|-damage|p2a: Oral coupon|73\/341|[from] Stealth Rock
|-ability|p2a: Oral coupon|Pressure
|move|p1a: Mienshao|High Jump Kick|p2a: Oral coupon
|-damage|p2a: Oral coupon|0 fnt
|faint|p2a: Oral coupon
|
|c|âpelucas|this is a fun match bro
|
|switch|p2a: Candlelure|Chandelure, M|110\/261
|-damage|p2a: Candlelure|45\/261|[from] Stealth Rock
|turn|22
|
|switch|p1a: Entei|Entei, shiny|356\/434
|-ability|p1a: Entei|Pressure
|move|p2a: Candlelure|Flamethrower|p1a: Entei
|-resisted|p1a: Entei
|-damage|p1a: Entei|273\/434
|
|turn|23
|
|move|p2a: Candlelure|Flamethrower|p1a: Entei
|-resisted|p1a: Entei
|-damage|p1a: Entei|192\/434
|move|p1a: Entei|Stone Edge|p2a: Candlelure
|-supereffective|p2a: Candlelure
|-damage|p2a: Candlelure|0 fnt
|faint|p2a: Candlelure
|
|
|switch|p2a: Hydreigomen|Hydreigon, M|326\/326
|-damage|p2a: Hydreigomen|286\/326|[from] Stealth Rock
|turn|24
|
|move|p1a: Entei|Extreme Speed|p2a: Hydreigomen
|-damage|p2a: Hydreigomen|187\/326
|move|p2a: Hydreigomen|Earth Power|p1a: Entei
|-supereffective|p1a: Entei
|-damage|p1a: Entei|0 fnt
|faint|p1a: Entei
|
|
|switch|p1a: Mienshao|Mienshao, M|271\/271
|turn|25
|
|move|p1a: Mienshao|High Jump Kick|p2a: Hydreigomen
|-supereffective|p2a: Hydreigomen
|-damage|p2a: Hydreigomen|0 fnt
|faint|p2a: Hydreigomen
|
|
|switch|p2a: Golden Puffle|Krookodile, M, shiny|292\/332
|-damage|p2a: Golden Puffle|272\/332|[from] Stealth Rock
|turn|26
|
|move|p1a: Mienshao|High Jump Kick|p2a: Golden Puffle
|-supereffective|p2a: Golden Puffle
|-damage|p2a: Golden Puffle|0 fnt
|faint|p2a: Golden Puffle
|
|win|pelucas
|raw|Ladder updating...
|raw|pelucas's rating: 1574 &rarr; <strong>1581<\/strong><br \/>(+7 for winning)
|raw|RagnaTheButtedge's rating: 1307 &rarr; <strong>1300<\/strong><br \/>(-7 for losing)
|c|âpelucas|gg
|c|âpelucas|:p
|c| Monkay Dik Master|lucky
|leave|RagnaTheButtedge
|player|p2
|leave|Monkay Dik Master