|join|pelucas
|join|jamaely2
|player|p1|pelucas|266
|player|p2|jamaely2|101
|gametype|singles
|gen|6
|tier|UU
|rated
|rule|Sleep Clause Mod: Limit one foe put to sleep
|rule|Species Clause: Limit one of each PokÃ©mon
|rule|OHKO Clause: OHKO moves are banned
|rule|Moody Clause: Moody is banned
|rule|Evasion Moves Clause: Evasion moves are banned
|rule|Endless Battle Clause: Forcing endless battles is banned
|rule|HP Percentage Mod: HP is shown in percentages
|clearpoke
|poke|p1|Nidoking, M
|poke|p1|Tentacruel, F
|poke|p1|Gligar, M
|poke|p1|Mienshao, M
|poke|p1|Entei, shiny
|poke|p1|Combusken, F
|poke|p2|Florges, F
|poke|p2|Chesnaught, F
|poke|p2|Blastoise, F
|poke|p2|Metagross
|poke|p2|Chandelure, M
|poke|p2|Darmanitan, F
|rule|Swagger Clause: Swagger is banned
|rule|Baton Pass Clause: Limit one PokÃ©mon knowing Baton Pass
|teampreview
|
|start
|switch|p1a: Entei|Entei, shiny|434\/434
|switch|p2a: Blastoise|Blastoise, F|362\/362
|-ability|p1a: Entei|Pressure
|turn|1
|
|switch|p1a: Tentacruel|Tentacruel, F|362\/362
|detailschange|p2a: Blastoise|Blastoise-Mega, F
|message|Blastoise has Mega Evolved into Mega Blastoise!
|move|p2a: Blastoise|Water Pulse|p1a: Tentacruel
|-resisted|p1a: Tentacruel
|-damage|p1a: Tentacruel|299\/362
|
|-heal|p1a: Tentacruel|321\/362|[from] item: Black Sludge
|turn|2
|
|switch|p2a: Metagross|Metagross|364\/364
|move|p1a: Tentacruel|Toxic Spikes|p2a: Metagross
|-sidestart|p2: jamaely2|move: Toxic Spikes
|
|-heal|p1a: Tentacruel|343\/362|[from] item: Black Sludge
|turn|3
|
|switch|p1a: Gligar|Gligar, M|334\/334
|move|p2a: Metagross|Stealth Rock|p1a: Gligar
|-sidestart|p1: pelucas|move: Stealth Rock
|
|turn|4
|
|switch|p2a: Blastoise|Blastoise-Mega, F|362\/362
|-status|p2a: Blastoise|psn
|move|p1a: Gligar|Stealth Rock|p2a: Blastoise
|-sidestart|p2: jamaely2|move: Stealth Rock
|
|-damage|p2a: Blastoise|317\/362 psn|[from] psn
|turn|5
|
|move|p1a: Gligar|U-turn|p2a: Blastoise
|-damage|p2a: Blastoise|279\/362 psn
|
|switch|p1a: Tentacruel|Tentacruel, F|343\/362
|-damage|p1a: Tentacruel|298\/362|[from] Stealth Rock
|move|p2a: Blastoise|Rapid Spin|p1a: Tentacruel
|-damage|p1a: Tentacruel|282\/362
|-sideend|p2: jamaely2|Toxic Spikes|[from] move: Rapid Spin|[of] p2a: Blastoise
|-sideend|p2: jamaely2|Stealth Rock|[from] move: Rapid Spin|[of] p2a: Blastoise
|
|-heal|p1a: Tentacruel|304\/362|[from] item: Black Sludge
|-damage|p2a: Blastoise|234\/362 psn|[from] psn
|turn|6
|
|switch|p2a: Metagross|Metagross|364\/364
|move|p1a: Tentacruel|Toxic Spikes|p2a: Metagross
|-sidestart|p2: jamaely2|move: Toxic Spikes
|
|-heal|p1a: Tentacruel|326\/362|[from] item: Black Sludge
|turn|7
|-message|jamaely2 forfeited.
|
|win|pelucas
|raw|Ladder updating...
|leave|jamaely2
|player|p2
|raw|pelucas's rating: 1631 &rarr; <strong>1642<\/strong><br \/>(+11 for winning)
|raw|jamaely2's rating: 1463 &rarr; <strong>1452<\/strong><br \/>(-11 for losing)