|join|pelucas
|join|xShiba
|player|p1|pelucas|2
|player|p2|xShiba|170
|gametype|singles
|gen|6
|tier|UU
|rated
|rule|Sleep Clause Mod: Limit one foe put to sleep
|rule|Species Clause: Limit one of each PokÃ©mon
|rule|OHKO Clause: OHKO moves are banned
|rule|Moody Clause: Moody is banned
|rule|Evasion Moves Clause: Evasion moves are banned
|rule|Endless Battle Clause: Forcing endless battles is banned
|rule|HP Percentage Mod: HP is shown in percentages
|clearpoke
|poke|p1|Mienshao, M
|poke|p1|Entei, shiny
|poke|p1|Tentacruel, M
|poke|p1|Combusken, M
|poke|p1|Gligar, M
|poke|p1|Kingdra, F
|poke|p2|Jirachi, shiny
|poke|p2|Aerodactyl, M
|poke|p2|Forretress, M
|poke|p2|Hydreigon, F, shiny
|poke|p2|Porygon-Z, shiny
|poke|p2|Sableye, M, shiny
|rule|Swagger Clause: Swagger is banned
|rule|Baton Pass Clause: Limit one PokÃ©mon knowing Baton Pass
|teampreview
|
|start
|switch|p1a: Entei|Entei, shiny|433\/433
|switch|p2a: 100% Bullshit|Sableye, M, shiny|304\/304
|-ability|p1a: Entei|Pressure
|turn|1
|
|move|p2a: 100% Bullshit|Confuse Ray|p1a: Entei
|-start|p1a: Entei|confusion
|-activate|p1a: Entei|confusion
|-damage|p1a: Entei|375\/433|[from] confusion
|
|turn|2
|
|switch|p2a: Hail Hydra|Hydreigon, F, shiny|325\/325
|-activate|p1a: Entei|confusion
|-damage|p1a: Entei|322\/433|[from] confusion
|
|turn|3
|
|switch|p1a: Gligar|Gligar, M|334\/334
|move|p2a: Hail Hydra|Draco Meteor|p1a: Gligar
|-damage|p1a: Gligar|151\/334
|-unboost|p2a: Hail Hydra|spa|2
|-damage|p2a: Hail Hydra|293\/325|[from] item: Life Orb
|
|turn|4
|
|switch|p2a: Wrecking Face|Porygon-Z, shiny|312\/312
|move|p1a: Gligar|Roost|p1a: Gligar
|-heal|p1a: Gligar|318\/334
|
|turn|5
|
|switch|p1a: Entei|Entei, shiny|322\/433
|-ability|p1a: Entei|Pressure
|move|p2a: Wrecking Face|Tri Attack|p1a: Entei
|-damage|p1a: Entei|38\/433
|
|turn|6
|
|move|p1a: Entei|Extreme Speed|p2a: Wrecking Face
|-damage|p2a: Wrecking Face|176\/312
|move|p2a: Wrecking Face|Tri Attack|p1a: Entei
|-damage|p1a: Entei|0 fnt
|faint|p1a: Entei
|
|
|switch|p1a: Mienshao|Mienshao, M|271\/271
|turn|7
|
|switch|p2a: Paul|Forretress, M|354\/354
|move|p1a: Mienshao|U-turn|p2a: Paul
|-resisted|p2a: Paul
|-damage|p2a: Paul|331\/354
|-damage|p1a: Mienshao|226\/271|[from] item: Rocky Helmet|[of] p2a: Paul
|
|switch|p1a: Kingdra|Kingdra, F|296\/296
|
|turn|8
|
|move|p1a: Kingdra|Agility|p1a: Kingdra
|-boost|p1a: Kingdra|spe|2
|move|p2a: Paul|Stealth Rock|p1a: Kingdra
|-sidestart|p1: pelucas|move: Stealth Rock
|
|turn|9
|
|move|p1a: Kingdra|Focus Energy|p1a: Kingdra
|-start|p1a: Kingdra|move: Focus Energy
|move|p2a: Paul|Gyro Ball|p1a: Kingdra
|-resisted|p1a: Kingdra
|-damage|p1a: Kingdra|210\/296
|
|turn|10
|
|move|p1a: Kingdra|Hydro Pump|p2a: Paul
|-crit|p2a: Paul
|-damage|p2a: Paul|0 fnt
|faint|p2a: Paul
|
|
|switch|p2a: 100% Bullshit|Sableye, M, shiny|304\/304
|turn|11
|
|move|p2a: 100% Bullshit|Confuse Ray|p1a: Kingdra
|-start|p1a: Kingdra|confusion
|-activate|p1a: Kingdra|confusion
|move|p1a: Kingdra|Draco Meteor|p2a: 100% Bullshit
|-crit|p2a: 100% Bullshit
|-damage|p2a: 100% Bullshit|0 fnt
|-unboost|p1a: Kingdra|spa|2
|faint|p2a: 100% Bullshit
|
|c|âpelucas|i wouldofbeen pissed
|c|âpelucas|with that bull
|
|switch|p2a: Hail Hydra|Hydreigon, F, shiny|293\/325
|turn|12
|
|-activate|p1a: Kingdra|confusion
|move|p1a: Kingdra|Draco Meteor|p2a: Hail Hydra
|-crit|p2a: Hail Hydra
|-supereffective|p2a: Hail Hydra
|-damage|p2a: Hail Hydra|0 fnt
|-unboost|p1a: Kingdra|spa|2
|faint|p2a: Hail Hydra
|
|c|âxShiba|come on
|
|switch|p2a: Ultimate Terror|Aerodactyl, M|301\/301
|-ability|p2a: Ultimate Terror|Unnerve|p1: pelucas
|turn|13
|c|âpelucas|yup gotta hope on hax to win
|
|detailschange|p2a: Ultimate Terror|Aerodactyl-Mega, M
|message|Aerodactyl has Mega Evolved into Mega Aerodactyl!
|-activate|p1a: Kingdra|confusion
|move|p1a: Kingdra|Draco Meteor|p2a: Ultimate Terror
|-crit|p2a: Ultimate Terror
|-damage|p2a: Ultimate Terror|0 fnt
|-unboost|p1a: Kingdra|spa|2
|faint|p2a: Ultimate Terror
|
|c|âxShiba|Crits are hax
|c|âxShiba|jussayin
|
|switch|p2a: Wrecking Face|Porygon-Z, shiny|176\/312
|turn|14
|c|âpelucas|its not
|c|âpelucas|100 percent
|c|âpelucas|crit
|c|âxShiba|Doesnt matter
|c|âpelucas|with focus energy
|c|âxShiba|still crit
|c|âxShiba|kek
|c|âpelucas|nope
|
|-end|p1a: Kingdra|confusion
|move|p1a: Kingdra|Draco Meteor|p2a: Wrecking Face
|-crit|p2a: Wrecking Face
|-damage|p2a: Wrecking Face|0 fnt
|faint|p2a: Wrecking Face
|
|
|switch|p2a: Call me HaxGod|Jirachi, shiny|341\/341
|turn|15
|
|move|p1a: Kingdra|Hydro Pump|p2a: Call me HaxGod
|-crit|p2a: Call me HaxGod
|-damage|p2a: Call me HaxGod|0 fnt
|faint|p2a: Call me HaxGod
|
|win|pelucas
|raw|Ladder updating...
|raw|pelucas's rating: 1540 &rarr; <strong>1557<\/strong><br \/>(+17 for winning)
|raw|xShiba's rating: 1493 &rarr; <strong>1475<\/strong><br \/>(-18 for losing)
|c|âxShiba|If you use Critdra I instantly assume youre a fag
|c|âxShiba|lol
|c|âxShiba|gg
|c|âpelucas|says confuse ray sableeye
|leave|xShiba
|player|p2
|c|âpelucas|thats somehomo shit