|join|pelucas
|join|Starfols
|player|p1|pelucas|2
|player|p2|Starfols|39
|gametype|singles
|gen|6
|tier|UU
|rated
|rule|Sleep Clause Mod: Limit one foe put to sleep
|rule|Species Clause: Limit one of each PokÃ©mon
|rule|OHKO Clause: OHKO moves are banned
|rule|Moody Clause: Moody is banned
|rule|Evasion Moves Clause: Evasion moves are banned
|rule|Endless Battle Clause: Forcing endless battles is banned
|rule|HP Percentage Mod: HP is shown in percentages
|clearpoke
|poke|p1|Entei, shiny
|poke|p1|Mienshao, F
|poke|p1|Kingdra, F
|poke|p1|Tentacruel, M
|poke|p1|Combusken, M
|poke|p1|Gligar, M
|poke|p2|Lucario, M
|poke|p2|Gastrodon, M
|poke|p2|Scrafty, F
|poke|p2|Aerodactyl, F
|poke|p2|Haxorus, M
|poke|p2|Alakazam, F
|rule|Swagger Clause: Swagger is banned
|rule|Baton Pass Clause: Limit one PokÃ©mon knowing Baton Pass
|teampreview
|
|start
|switch|p1a: Mienshao|Mienshao, F|271\/271
|switch|p2a: Aerodactyl|Aerodactyl, F|302\/302
|-ability|p2a: Aerodactyl|Pressure
|turn|1
|
|detailschange|p2a: Aerodactyl|Aerodactyl-Mega, F
|message|Aerodactyl has Mega Evolved into Mega Aerodactyl!
|move|p1a: Mienshao|High Jump Kick|p2a: Aerodactyl
|-crit|p2a: Aerodactyl
|-damage|p2a: Aerodactyl|0 fnt
|faint|p2a: Aerodactyl
|
|
|switch|p2a: Alakazam|Alakazam, F|252\/252
|turn|2
|
|switch|p1a: Gligar|Gligar, M|334\/334
|move|p2a: Alakazam|Psyshock|p1a: Gligar
|-damage|p1a: Gligar|221\/334
|
|turn|3
|
|switch|p2a: Scrafty|Scrafty, F|334\/334
|move|p1a: Gligar|U-turn|p2a: Scrafty
|-damage|p2a: Scrafty|295\/334
|
|switch|p1a: Mienshao|Mienshao, F|271\/271
|
|-heal|p2a: Scrafty|315\/334|[from] item: Leftovers
|turn|4
|
|switch|p2a: Gastrodon|Gastrodon, M|426\/426
|move|p1a: Mienshao|High Jump Kick|p2a: Gastrodon
|-damage|p2a: Gastrodon|198\/426
|
|-heal|p2a: Gastrodon|224\/426|[from] item: Leftovers
|turn|5
|
|move|p1a: Mienshao|High Jump Kick|p2a: Gastrodon
|-damage|p2a: Gastrodon|0 fnt
|faint|p2a: Gastrodon
|
|
|switch|p2a: Alakazam|Alakazam, F|252\/252
|turn|6
|join|hdgfhd
|
|switch|p1a: Gligar|Gligar, M|221\/334
|move|p2a: Alakazam|Dazzling Gleam|p1a: Gligar
|-damage|p1a: Gligar|138\/334
|
|turn|7
|c|âpelucas|holy shit
|c|âpelucas|that animation
|
|switch|p2a: Lucario|Lucario, M|281\/281
|move|p1a: Gligar|Roost|p1a: Gligar
|-heal|p1a: Gligar|305\/334
|
|turn|8
|c|âStarfols|its new lol
|
|switch|p2a: Alakazam|Alakazam, F|252\/252
|move|p1a: Gligar|Earthquake|p2a: Alakazam
|-damage|p2a: Alakazam|75\/252
|
|turn|9
|
|move|p2a: Alakazam|Energy Ball|p1a: Gligar
|-damage|p1a: Gligar|208\/334
|move|p1a: Gligar|U-turn|p2a: Alakazam
|-supereffective|p2a: Alakazam
|-damage|p2a: Alakazam|0 fnt
|faint|p2a: Alakazam
|
|switch|p1a: Mienshao|Mienshao, F|271\/271
|
|
|switch|p2a: Lucario|Lucario, M|281\/281
|turn|10
|
|move|p2a: Lucario|Extreme Speed|p1a: Mienshao
|-damage|p1a: Mienshao|90\/271
|-damage|p2a: Lucario|253\/281|[from] item: Life Orb
|move|p1a: Mienshao|High Jump Kick|p2a: Lucario
|-supereffective|p2a: Lucario
|-damage|p2a: Lucario|0 fnt
|faint|p2a: Lucario
|
|
|switch|p2a: Haxorus|Haxorus, M|302\/302
|-ability|p2a: Haxorus|Mold Breaker
|turn|11
|c|âpelucas|gg
|
|move|p1a: Mienshao|High Jump Kick|p2a: Haxorus
|-damage|p2a: Haxorus|22\/302
|move|p2a: Haxorus|Outrage|p1a: Mienshao
|-damage|p1a: Mienshao|0 fnt
|faint|p1a: Mienshao
|
|
|switch|p1a: Combusken|Combusken, M|261\/261
|turn|12
|
|move|p2a: Haxorus|Outrage|p1a: Combusken
|-enditem|p1a: Combusken|Focus Sash
|-damage|p1a: Combusken|1\/261
|move|p1a: Combusken|Swords Dance|p1a: Combusken
|-boost|p1a: Combusken|atk|2
|
|-end|p2a: Haxorus|rampage
|-start|p2a: Haxorus|confusion
|-boost|p1a: Combusken|spe|1|[from] ability: Speed Boost
|turn|13
|
|move|p1a: Combusken|Endure|p1a: Combusken
|-singleturn|p1a: Combusken|move: Endure
|-activate|p2a: Haxorus|confusion
|move|p2a: Haxorus|Outrage|p1a: Combusken
|-damage|p1a: Combusken|1\/261
|
|-boost|p1a: Combusken|spe|1|[from] ability: Speed Boost
|turn|14
|
|move|p1a: Combusken|Reversal|p2a: Haxorus
|-damage|p2a: Haxorus|0 fnt
|faint|p2a: Haxorus
|
|-boost|p1a: Combusken|spe|1|[from] ability: Speed Boost
|
|switch|p2a: Scrafty|Scrafty, F|315\/334
|turn|15
|
|move|p1a: Combusken|Reversal|p2a: Scrafty
|-supereffective|p2a: Scrafty
|-damage|p2a: Scrafty|0 fnt
|faint|p2a: Scrafty
|
|win|pelucas
|raw|Ladder updating...
|raw|pelucas's rating: 1614 &rarr; <strong>1623<\/strong><br \/>(+9 for winning)
|raw|Starfols's rating: 1411 &rarr; <strong>1401<\/strong><br \/>(-10 for losing)
|leave|Starfols
|player|p2
|leave|pelucas
|player|p1