|join|pelucas
|join|mongospastic
|player|p1|pelucas|169
|player|p2|mongospastic|101
|gametype|singles
|gen|6
|tier|UU
|rated
|rule|Sleep Clause Mod: Limit one foe put to sleep
|rule|Species Clause: Limit one of each PokÃ©mon
|rule|OHKO Clause: OHKO moves are banned
|rule|Moody Clause: Moody is banned
|rule|Evasion Moves Clause: Evasion moves are banned
|rule|Endless Battle Clause: Forcing endless battles is banned
|rule|HP Percentage Mod: HP is shown in percentages
|clearpoke
|poke|p1|Entei, shiny
|poke|p1|Mienshao, M
|poke|p1|Kingdra, M
|poke|p1|Tentacruel, F
|poke|p1|Combusken, F
|poke|p1|Gligar, M
|poke|p2|Nidoking, M
|poke|p2|Roserade, M
|poke|p2|Aggron, M
|poke|p2|Florges, F
|poke|p2|Starmie
|poke|p2|Darmanitan, F
|rule|Swagger Clause: Swagger is banned
|rule|Baton Pass Clause: Limit one PokÃ©mon knowing Baton Pass
|teampreview
|
|start
|switch|p1a: Kingdra|Kingdra, M|306\/306
|switch|p2a: Darmanitan|Darmanitan, F|351\/351
|turn|1
|
|switch|p1a: Gligar|Gligar, M|334\/334
|move|p2a: Darmanitan|U-turn|p1a: Gligar
|-resisted|p1a: Gligar
|-damage|p1a: Gligar|308\/334
|
|switch|p2a: Starmie|Starmie|261\/261
|
|turn|2
|
|move|p2a: Starmie|Hydro Pump|p1a: Gligar
|-supereffective|p1a: Gligar
|-damage|p1a: Gligar|58\/334
|-damage|p2a: Starmie|235\/261|[from] item: Life Orb
|move|p1a: Gligar|U-turn|p2a: Starmie
|-supereffective|p2a: Starmie
|-damage|p2a: Starmie|139\/261
|
|switch|p1a: Combusken|Combusken, F|261\/261
|
|turn|3
|
|move|p2a: Starmie|Psyshock|p1a: Combusken
|-supereffective|p1a: Combusken
|-enditem|p1a: Combusken|Focus Sash
|-damage|p1a: Combusken|1\/261
|-damage|p2a: Starmie|113\/261|[from] item: Life Orb
|move|p1a: Combusken|Swords Dance|p1a: Combusken
|-boost|p1a: Combusken|atk|2
|
|-boost|p1a: Combusken|spe|1|[from] ability: Speed Boost
|turn|4
|
|move|p1a: Combusken|Protect|p1a: Combusken
|-singleturn|p1a: Combusken|Protect
|move|p2a: Starmie|Psyshock|p1a: Combusken
|-activate|p1a: Combusken|Protect
|
|-boost|p1a: Combusken|spe|1|[from] ability: Speed Boost
|turn|5
|
|move|p1a: Combusken|Reversal|p2a: Starmie
|-resisted|p2a: Starmie
|-damage|p2a: Starmie|0 fnt
|faint|p2a: Starmie
|
|-boost|p1a: Combusken|spe|1|[from] ability: Speed Boost
|
|switch|p2a: Darmanitan|Darmanitan, F|351\/351
|turn|6
|
|move|p1a: Combusken|Protect|p1a: Combusken
|-singleturn|p1a: Combusken|Protect
|move|p2a: Darmanitan|U-turn|p1a: Combusken
|-activate|p1a: Combusken|Protect
|
|-boost|p1a: Combusken|spe|1|[from] ability: Speed Boost
|turn|7
|
|move|p1a: Combusken|Reversal|p2a: Darmanitan
|-damage|p2a: Darmanitan|0 fnt
|faint|p2a: Darmanitan
|
|-boost|p1a: Combusken|spe|1|[from] ability: Speed Boost
|
|switch|p2a: Aggron|Aggron, M|343\/343
|turn|8
|
|detailschange|p2a: Aggron|Aggron-Mega, M
|message|Aggron has Mega Evolved into Mega Aggron!
|move|p1a: Combusken|Reversal|p2a: Aggron
|-supereffective|p2a: Aggron
|-damage|p2a: Aggron|0 fnt
|faint|p2a: Aggron
|
|-boost|p1a: Combusken|spe|1|[from] ability: Speed Boost
|
|switch|p2a: Florges|Florges, F|359\/359
|turn|9
|
|move|p1a: Combusken|Baton Pass|p1a: Combusken
|
|switch|p1a: Entei|Entei, shiny|431\/431
|-ability|p1a: Entei|Pressure
|move|p2a: Florges|Moonblast|p1a: Entei
|-resisted|p1a: Entei
|-damage|p1a: Entei|377\/431
|
|turn|10
|-message|mongospastic forfeited.
|
|win|pelucas
|raw|Ladder updating...
|leave|mongospastic
|player|p2
|raw|pelucas's rating: 1634 &rarr; <strong>1649<\/strong><br \/>(+15 for winning)
|raw|mongospastic's rating: 1546 &rarr; <strong>1531<\/strong><br \/>(-15 for losing)