|join|Ry1989
|join|pelucas
|player|p1|Ry1989|169
|player|p2|pelucas|2
|gametype|singles
|gen|6
|tier|UU
|rated
|rule|Sleep Clause Mod: Limit one foe put to sleep
|rule|Species Clause: Limit one of each PokÃ©mon
|rule|OHKO Clause: OHKO moves are banned
|rule|Moody Clause: Moody is banned
|rule|Evasion Moves Clause: Evasion moves are banned
|rule|Endless Battle Clause: Forcing endless battles is banned
|rule|HP Percentage Mod: HP is shown in percentages
|clearpoke
|poke|p1|Mienshao, M, shiny
|poke|p1|Raikou
|poke|p1|Forretress, F
|poke|p1|Vaporeon, F
|poke|p1|Entei, shiny
|poke|p1|Noivern, M
|poke|p2|Mienshao, F
|poke|p2|Entei, shiny
|poke|p2|Tentacruel, M
|poke|p2|Combusken, F
|poke|p2|Gligar, M
|poke|p2|Kingdra, M
|rule|Swagger Clause: Swagger is banned
|rule|Baton Pass Clause: Limit one PokÃ©mon knowing Baton Pass
|teampreview
|
|start
|switch|p1a: Forretress|Forretress, F|354\/354
|switch|p2a: Gligar|Gligar, M|334\/334
|turn|1
|
|move|p2a: Gligar|Stealth Rock|p1a: Forretress
|-sidestart|p1: Ry1989|move: Stealth Rock
|move|p1a: Forretress|Toxic|p2a: Gligar|[miss]
|-miss|p1a: Forretress|p2a: Gligar
|
|turn|2
|
|move|p2a: Gligar|U-turn|p1a: Forretress
|-resisted|p1a: Forretress
|-damage|p1a: Forretress|339\/354
|
|switch|p2a: Tentacruel|Tentacruel, M|364\/364
|move|p1a: Forretress|Stealth Rock|p2a: Tentacruel
|-sidestart|p2: pelucas|move: Stealth Rock
|
|-heal|p1a: Forretress|354\/354|[from] item: Leftovers
|turn|3
|
|move|p2a: Tentacruel|Scald|p1a: Forretress
|-damage|p1a: Forretress|276\/354
|move|p1a: Forretress|Rapid Spin|p2a: Tentacruel
|-damage|p2a: Tentacruel|352\/364
|-sideend|p1: Ry1989|Stealth Rock|[from] move: Rapid Spin|[of] p1a: Forretress
|
|-heal|p2a: Tentacruel|364\/364|[from] item: Black Sludge
|-heal|p1a: Forretress|298\/354|[from] item: Leftovers
|turn|4
|
|move|p2a: Tentacruel|Rapid Spin|p1a: Forretress
|-resisted|p1a: Forretress
|-damage|p1a: Forretress|294\/354
|-sideend|p2: pelucas|Stealth Rock|[from] move: Rapid Spin|[of] p2a: Tentacruel
|move|p1a: Forretress|Volt Switch|p2a: Tentacruel
|-supereffective|p2a: Tentacruel
|-damage|p2a: Tentacruel|306\/364
|
|switch|p1a: Raikou|Raikou|322\/322
|-ability|p1a: Raikou|Pressure
|
|-heal|p2a: Tentacruel|328\/364|[from] item: Black Sludge
|turn|5
|
|switch|p2a: Gligar|Gligar, M|334\/334
|move|p1a: Raikou|Hidden Power|p2a: Gligar
|-supereffective|p2a: Gligar
|-damage|p2a: Gligar|98\/334
|
|turn|6
|
|switch|p2a: Kingdra|Kingdra, M|296\/296
|move|p1a: Raikou|Hidden Power|p2a: Kingdra
|-damage|p2a: Kingdra|201\/296
|
|turn|7
|
|move|p1a: Raikou|Hidden Power|p2a: Kingdra
|-damage|p2a: Kingdra|103\/296
|move|p2a: Kingdra|Agility|p2a: Kingdra
|-boost|p2a: Kingdra|spe|2
|
|turn|8
|
|switch|p1a: Vaporeon|Vaporeon, F|464\/464
|move|p2a: Kingdra|Focus Energy|p2a: Kingdra
|-start|p2a: Kingdra|move: Focus Energy
|
|turn|9
|
|move|p2a: Kingdra|Draco Meteor|p1a: Vaporeon
|-crit|p1a: Vaporeon
|-damage|p1a: Vaporeon|0 fnt
|-unboost|p2a: Kingdra|spa|2
|faint|p1a: Vaporeon
|
|c|âpelucas|yes
|
|switch|p1a: Entei|Entei, shiny|372\/372
|-ability|p1a: Entei|Pressure
|turn|10
|
|move|p1a: Entei|Extreme Speed|p2a: Kingdra
|-damage|p2a: Kingdra|0 fnt
|faint|p2a: Kingdra
|
|
|switch|p2a: Entei|Entei, shiny|433\/433
|-ability|p2a: Entei|Pressure
|turn|11
|
|switch|p1a: Noivern|Noivern, M|311\/311
|move|p2a: Entei|Stone Edge|p1a: Noivern|[miss]
|-miss|p2a: Entei|p1a: Noivern
|
|turn|12
|
|move|p1a: Noivern|Draco Meteor|p2a: Entei
|-damage|p2a: Entei|208\/433
|-unboost|p1a: Noivern|spa|2
|move|p2a: Entei|Stone Edge|p1a: Noivern
|-supereffective|p1a: Noivern
|-damage|p1a: Noivern|15\/311
|
|turn|13
|
|move|p2a: Entei|Extreme Speed|p1a: Noivern
|-damage|p1a: Noivern|0 fnt
|faint|p1a: Noivern
|
|
|switch|p1a: Mienshao|Mienshao, M, shiny|272\/272
|turn|14
|
|switch|p2a: Gligar|Gligar, M|98\/334
|move|p1a: Mienshao|High Jump Kick|p2a: Gligar|[miss]
|-miss|p1a: Mienshao|p2a: Gligar
|-damage|p1a: Mienshao|136\/272|[from] highjumpkick
|
|turn|15
|
|move|p1a: Mienshao|High Jump Kick|p2a: Gligar
|-resisted|p2a: Gligar
|-damage|p2a: Gligar|8\/334
|move|p2a: Gligar|Roost|p2a: Gligar
|-heal|p2a: Gligar|175\/334
|
|turn|16
|
|switch|p1a: Raikou|Raikou|322\/322
|-ability|p1a: Raikou|Pressure
|move|p2a: Gligar|U-turn|p1a: Raikou
|-damage|p1a: Raikou|262\/322
|
|switch|p2a: Combusken|Combusken, F|230\/230
|
|turn|17
|
|move|p2a: Combusken|Protect|p2a: Combusken
|-singleturn|p2a: Combusken|Protect
|move|p1a: Raikou|Volt Switch|p2a: Combusken
|-activate|p2a: Combusken|Protect
|
|-boost|p2a: Combusken|spe|1|[from] ability: Speed Boost
|turn|18
|
|switch|p2a: Gligar|Gligar, M|175\/334
|move|p1a: Raikou|Volt Switch|p2a: Gligar
|-immune|p2a: Gligar|[msg]
|
|turn|19
|leave|Ry1989
|player|p1
|-message|ry1989 lost due to inactivity.
|
|win|pelucas
|raw|Ladder updating...
|raw|Ry1989's rating: 1504 &rarr; <strong>1486<\/strong><br \/>(-18 for losing)
|raw|pelucas's rating: 1546 &rarr; <strong>1564<\/strong><br \/>(+18 for winning)