|join|pelucas
|join|Z23Adster
|player|p1|pelucas|169
|player|p2|Z23Adster|2
|gametype|singles
|gen|6
|tier|UU
|rated
|rule|Sleep Clause Mod: Limit one foe put to sleep
|rule|Species Clause: Limit one of each PokÃ©mon
|rule|OHKO Clause: OHKO moves are banned
|rule|Moody Clause: Moody is banned
|rule|Evasion Moves Clause: Evasion moves are banned
|rule|Endless Battle Clause: Forcing endless battles is banned
|rule|HP Percentage Mod: HP is shown in percentages
|clearpoke
|poke|p1|Combusken, M
|poke|p1|Entei, shiny
|poke|p1|Gligar, F
|poke|p1|Suicune
|poke|p1|Tentacruel, F
|poke|p1|Mienshao, M
|poke|p2|Roserade, F
|poke|p2|Kingdra, M
|poke|p2|Houndoom, M
|poke|p2|Hydreigon, M
|poke|p2|Florges, F
|poke|p2|Metagross
|rule|Swagger Clause: Swagger is banned
|rule|Baton Pass Clause: Limit one PokÃ©mon knowing Baton Pass
|teampreview
|
|start
|switch|p1a: Gligar|Gligar, F|334\/334
|switch|p2a: Metagross|Metagross|302\/302
|turn|1
|
|move|p2a: Metagross|Meteor Mash|p1a: Gligar
|-damage|p1a: Gligar|210\/334
|move|p1a: Gligar|Stealth Rock|p2a: Metagross
|-sidestart|p2: Z23Adster|move: Stealth Rock
|
|turn|2
|
|switch|p1a: Suicune|Suicune|404\/404
|-ability|p1a: Suicune|Pressure
|move|p2a: Metagross|Meteor Mash|p1a: Suicune
|-crit|p1a: Suicune
|-resisted|p1a: Suicune
|-damage|p1a: Suicune|320\/404
|
|-heal|p1a: Suicune|345\/404|[from] item: Leftovers
|turn|3
|
|switch|p2a: Roserade|Roserade, F|262\/262
|-damage|p2a: Roserade|230\/262|[from] Stealth Rock
|switch|p1a: Entei|Entei, shiny|371\/371
|-ability|p1a: Entei|Pressure
|
|turn|4
|
|move|p2a: Roserade|Sludge Bomb|p1a: Entei
|-damage|p1a: Entei|214\/371
|-damage|p2a: Roserade|204\/262|[from] item: Life Orb
|move|p1a: Entei|Sacred Fire|p2a: Roserade
|-supereffective|p2a: Roserade
|-damage|p2a: Roserade|0 fnt
|faint|p2a: Roserade
|
|
|switch|p2a: Houndoom|Houndoom, M|291\/291
|-damage|p2a: Houndoom|219\/291|[from] Stealth Rock
|turn|5
|
|detailschange|p2a: Houndoom|Houndoom-Mega, M
|message|Houndoom has Mega Evolved into Mega Houndoom!
|move|p2a: Houndoom|Dark Pulse|p1a: Entei
|-damage|p1a: Entei|84\/371
|move|p1a: Entei|Stone Edge|p2a: Houndoom
|-supereffective|p2a: Houndoom
|-damage|p2a: Houndoom|0 fnt
|faint|p2a: Houndoom
|
|
|switch|p2a: Kingdra|Kingdra, M|291\/291
|-damage|p2a: Kingdra|255\/291|[from] Stealth Rock
|turn|6
|
|move|p1a: Entei|Sacred Fire|p2a: Kingdra
|-resisted|p2a: Kingdra
|-damage|p2a: Kingdra|208\/291
|-status|p2a: Kingdra|brn
|move|p2a: Kingdra|Agility|p2a: Kingdra
|-boost|p2a: Kingdra|spe|2
|
|-damage|p2a: Kingdra|172\/291 brn|[from] brn
|turn|7
|
|move|p1a: Entei|Extreme Speed|p2a: Kingdra
|-damage|p2a: Kingdra|68\/291 brn
|move|p2a: Kingdra|Focus Energy|p2a: Kingdra
|-start|p2a: Kingdra|move: Focus Energy
|
|-damage|p2a: Kingdra|32\/291 brn|[from] brn
|turn|8
|c|âZ23Adster|gg
|-message|Z23Adster forfeited.
|
|win|pelucas
|raw|Ladder updating...
|leave|Z23Adster
|player|p2
|raw|pelucas's rating: 1490 &rarr; <strong>1505<\/strong><br \/>(+15 for winning)
|raw|Z23Adster's rating: 1404 &rarr; <strong>1389<\/strong><br \/>(-15 for losing)