|join|pelucas
|join|Valaelael
|player|p1|pelucas|101
|player|p2|Valaelael|155
|gametype|singles
|gen|6
|tier|UU
|rated
|rule|Sleep Clause Mod: Limit one foe put to sleep
|rule|Species Clause: Limit one of each PokÃ©mon
|rule|OHKO Clause: OHKO moves are banned
|rule|Moody Clause: Moody is banned
|rule|Evasion Moves Clause: Evasion moves are banned
|rule|Endless Battle Clause: Forcing endless battles is banned
|rule|HP Percentage Mod: HP is shown in percentages
|clearpoke
|poke|p1|Mienshao, M
|poke|p1|Entei, shiny
|poke|p1|Tentacruel, F
|poke|p1|Combusken, M
|poke|p1|Gligar, F
|poke|p1|Kingdra, M
|poke|p2|Honchkrow, M, shiny
|poke|p2|Darmanitan, M
|poke|p2|Starmie
|poke|p2|Galvantula, F, shiny
|poke|p2|Donphan, M
|poke|p2|Shaymin, shiny
|rule|Swagger Clause: Swagger is banned
|rule|Baton Pass Clause: Limit one PokÃ©mon knowing Baton Pass
|teampreview
|
|start
|switch|p1a: Gligar|Gligar, F|334\/334
|switch|p2a: Aggmen|Donphan, M|384\/384
|turn|1
|
|move|p1a: Gligar|U-turn|p2a: Aggmen
|-damage|p2a: Aggmen|354\/384
|
|switch|p1a: Kingdra|Kingdra, M|296\/296
|move|p2a: Aggmen|Knock Off|p1a: Kingdra
|-damage|p1a: Kingdra|197\/296
|-enditem|p1a: Kingdra|Scope Lens|[from] move: Knock Off|[of] p2a: Aggmen
|
|-heal|p2a: Aggmen|378\/384|[from] item: Leftovers
|turn|2
|
|switch|p2a: Sanic|Shaymin, shiny|404\/404
|move|p1a: Kingdra|Draco Meteor|p2a: Sanic
|-damage|p2a: Sanic|244\/404
|-unboost|p1a: Kingdra|spa|2
|
|-heal|p2a: Sanic|269\/404|[from] item: Leftovers
|turn|3
|
|switch|p1a: Gligar|Gligar, F|334\/334
|move|p2a: Sanic|Leech Seed|p1a: Gligar
|-start|p1a: Gligar|move: Leech Seed
|
|-heal|p2a: Sanic|294\/404|[from] item: Leftovers
|-damage|p1a: Gligar|293\/334|[from] Leech Seed|[of] p2a: Sanic
|-heal|p2a: Sanic|335\/404|[silent]
|turn|4
|
|move|p2a: Sanic|Protect|p2a: Sanic
|-singleturn|p2a: Sanic|Protect
|move|p1a: Gligar|U-turn|p2a: Sanic
|-activate|p2a: Sanic|Protect
|
|-heal|p2a: Sanic|360\/404|[from] item: Leftovers
|-damage|p1a: Gligar|252\/334|[from] Leech Seed|[of] p2a: Sanic
|-heal|p2a: Sanic|401\/404|[silent]
|turn|5
|
|switch|p2a: Aggmen|Donphan, M|378\/384
|move|p1a: Gligar|U-turn|p2a: Aggmen
|-crit|p2a: Aggmen
|-damage|p2a: Aggmen|337\/384
|
|switch|p1a: Combusken|Combusken, M|230\/230
|
|-heal|p2a: Aggmen|361\/384|[from] item: Leftovers
|turn|6
|
|move|p1a: Combusken|Swords Dance|p1a: Combusken
|-boost|p1a: Combusken|atk|2
|move|p2a: Aggmen|Stealth Rock|p1a: Combusken
|-sidestart|p1: pelucas|move: Stealth Rock
|
|-heal|p2a: Aggmen|384\/384|[from] item: Leftovers
|-boost|p1a: Combusken|spe|1|[from] ability: Speed Boost
|turn|7
|
|move|p1a: Combusken|Swords Dance|p1a: Combusken
|-boost|p1a: Combusken|atk|2
|move|p2a: Aggmen|Earthquake|p1a: Combusken
|-supereffective|p1a: Combusken
|-enditem|p1a: Combusken|Focus Sash
|-damage|p1a: Combusken|1\/230
|
|-boost|p1a: Combusken|spe|1|[from] ability: Speed Boost
|turn|8
|
|move|p1a: Combusken|Reversal|p2a: Aggmen
|-activate|p2a: Aggmen|Sturdy
|-damage|p2a: Aggmen|1\/384
|move|p2a: Aggmen|Earthquake|p1a: Combusken
|-supereffective|p1a: Combusken
|-damage|p1a: Combusken|0 fnt
|faint|p1a: Combusken
|
|-heal|p2a: Aggmen|25\/384|[from] item: Leftovers
|
|switch|p1a: Mienshao|Mienshao, M|271\/271
|-damage|p1a: Mienshao|255\/271|[from] Stealth Rock
|turn|9
|
|move|p1a: Mienshao|High Jump Kick|p2a: Aggmen
|-damage|p2a: Aggmen|0 fnt
|faint|p2a: Aggmen
|
|
|switch|p2a: Chermy|Galvantula, F, shiny|281\/281
|turn|10
|
|move|p1a: Mienshao|High Jump Kick|p2a: Chermy
|-resisted|p2a: Chermy
|-damage|p2a: Chermy|62\/281
|move|p2a: Chermy|Sticky Web|p1a: Mienshao
|-sidestart|p1: pelucas|move: Sticky Web
|
|turn|11
|
|move|p1a: Mienshao|High Jump Kick|p2a: Chermy
|-resisted|p2a: Chermy
|-damage|p2a: Chermy|0 fnt
|faint|p2a: Chermy
|
|
|switch|p2a: Sanic|Shaymin, shiny|401\/404
|turn|12
|
|move|p1a: Mienshao|High Jump Kick|p2a: Sanic
|-damage|p2a: Sanic|146\/404
|move|p2a: Sanic|Leech Seed|p1a: Mienshao
|-start|p1a: Mienshao|move: Leech Seed
|
|-heal|p2a: Sanic|171\/404|[from] item: Leftovers
|-damage|p1a: Mienshao|222\/271|[from] Leech Seed|[of] p2a: Sanic
|-heal|p2a: Sanic|204\/404|[silent]
|turn|13
|
|switch|p1a: Gligar|Gligar, F|252\/334
|-damage|p1a: Gligar|211\/334|[from] Stealth Rock
|move|p2a: Sanic|Protect|p2a: Sanic
|-fail|p2a: Sanic
|
|-heal|p2a: Sanic|229\/404|[from] item: Leftovers
|turn|14
|
|switch|p2a: Knackles|Darmanitan, M|351\/351
|move|p1a: Gligar|U-turn|p2a: Knackles
|-resisted|p2a: Knackles
|-damage|p2a: Knackles|316\/351
|
|switch|p1a: Tentacruel|Tentacruel, F|364\/364
|-damage|p1a: Tentacruel|319\/364|[from] Stealth Rock
|-activate|p1a: Tentacruel|move: Sticky Web
|-fail|p1a: Tentacruel|unboost|[from] ability: Clear Body|[of] p1a: Tentacruel
|
|-heal|p1a: Tentacruel|341\/364|[from] item: Black Sludge
|turn|15
|
|move|p2a: Knackles|Earthquake|p1a: Tentacruel
|-supereffective|p1a: Tentacruel
|-damage|p1a: Tentacruel|9\/364
|move|p1a: Tentacruel|Rapid Spin|p2a: Knackles
|-damage|p2a: Knackles|299\/351
|-sideend|p1: pelucas|Stealth Rock|[from] move: Rapid Spin|[of] p1a: Tentacruel
|-sideend|p1: pelucas|Sticky Web|[from] move: Rapid Spin|[of] p1a: Tentacruel
|
|-heal|p1a: Tentacruel|31\/364|[from] item: Black Sludge
|turn|16
|
|switch|p2a: Jat|Honchkrow, M, shiny|341\/341
|switch|p1a: Gligar|Gligar, F|211\/334
|
|turn|17
|
|move|p2a: Jat|Brave Bird|p1a: Gligar
|-damage|p1a: Gligar|15\/334
|-damage|p2a: Jat|276\/341|[from] recoil|[of] p1a: Gligar
|-damage|p2a: Jat|242\/341|[from] item: Life Orb
|move|p1a: Gligar|Stealth Rock|p2a: Jat
|-sidestart|p2: Valaelael|move: Stealth Rock
|
|turn|18
|
|move|p2a: Jat|Pursuit|p1a: Gligar
|-damage|p1a: Gligar|0 fnt
|-damage|p2a: Jat|208\/341|[from] item: Life Orb
|faint|p1a: Gligar
|-boost|p2a: Jat|atk|1|[from] ability: Moxie
|
|
|switch|p1a: Mienshao|Mienshao, M|222\/271
|turn|19
|
|move|p2a: Jat|Sucker Punch|p1a: Mienshao
|-crit|p1a: Mienshao
|-resisted|p1a: Mienshao
|-damage|p1a: Mienshao|0 fnt
|-damage|p2a: Jat|174\/341|[from] item: Life Orb
|faint|p1a: Mienshao
|-boost|p2a: Jat|atk|1|[from] ability: Moxie
|
|c|âpelucas|wow
|
|switch|p1a: Tentacruel|Tentacruel, F|31\/364
|turn|20
|
|move|p2a: Jat|Pursuit|p1a: Tentacruel
|-damage|p1a: Tentacruel|0 fnt
|-damage|p2a: Jat|140\/341|[from] item: Life Orb
|faint|p1a: Tentacruel
|-boost|p2a: Jat|atk|1|[from] ability: Moxie
|
|
|switch|p1a: Entei|Entei, shiny|433\/433
|-ability|p1a: Entei|Pressure
|turn|21
|
|move|p1a: Entei|Extreme Speed|p2a: Jat
|-damage|p2a: Jat|0 fnt
|faint|p2a: Jat
|
|
|switch|p2a: Sanic|Shaymin, shiny|229\/404
|-damage|p2a: Sanic|179\/404|[from] Stealth Rock
|turn|22
|
|move|p1a: Entei|Sacred Fire|p2a: Sanic
|-supereffective|p2a: Sanic
|-damage|p2a: Sanic|0 fnt
|faint|p2a: Sanic
|
|
|switch|p2a: Knackles|Darmanitan, M|299\/351
|-damage|p2a: Knackles|212\/351|[from] Stealth Rock
|turn|23
|
|move|p1a: Entei|Extreme Speed|p2a: Knackles
|-damage|p2a: Knackles|48\/351
|move|p2a: Knackles|Earthquake|p1a: Entei
|-supereffective|p1a: Entei
|-damage|p1a: Entei|33\/433
|
|turn|24
|
|move|p1a: Entei|Extreme Speed|p2a: Knackles
|-damage|p2a: Knackles|0 fnt
|faint|p2a: Knackles
|
|
|switch|p2a: Patrick|Starmie|261\/261
|-damage|p2a: Patrick|229\/261|[from] Stealth Rock
|turn|25
|
|move|p1a: Entei|Extreme Speed|p2a: Patrick
|-damage|p2a: Patrick|114\/261
|move|p2a: Patrick|Psyshock|p1a: Entei
|-damage|p1a: Entei|0 fnt
|faint|p1a: Entei
|
|
|switch|p1a: Kingdra|Kingdra, M|197\/296
|turn|26
|
|move|p2a: Patrick|Psyshock|p1a: Kingdra
|-damage|p1a: Kingdra|20\/296
|move|p1a: Kingdra|Draco Meteor|p2a: Patrick
|-damage|p2a: Patrick|0 fnt
|-unboost|p1a: Kingdra|spa|2
|faint|p2a: Patrick
|
|win|pelucas
|raw|Ladder updating...
|raw|pelucas's rating: 1545 &rarr; <strong>1565<\/strong><br \/>(+20 for winning)
|raw|Valaelael's rating: 1538 &rarr; <strong>1518<\/strong><br \/>(-20 for losing)
|c|âpelucas|:p
|leave|Valaelael
|player|p2