|join|xShiba
|join|pelucas
|player|p1|xShiba|260
|player|p2|pelucas|102
|gametype|singles
|gen|6
|tier|UU
|rated
|rule|Sleep Clause Mod: Limit one foe put to sleep
|rule|Species Clause: Limit one of each PokÃ©mon
|rule|OHKO Clause: OHKO moves are banned
|rule|Moody Clause: Moody is banned
|rule|Evasion Moves Clause: Evasion moves are banned
|rule|Endless Battle Clause: Forcing endless battles is banned
|rule|HP Percentage Mod: HP is shown in percentages
|clearpoke
|poke|p1|Celebi
|poke|p1|Sharpedo, M, shiny
|poke|p1|Jirachi, shiny
|poke|p1|Yanmega, M, shiny
|poke|p1|Donphan, M
|poke|p1|Vaporeon, F
|poke|p2|Entei, shiny
|poke|p2|Combusken, F
|poke|p2|Tentacruel, M
|poke|p2|Kingdra, F
|poke|p2|Mienshao, M
|poke|p2|Gligar, M
|rule|Swagger Clause: Swagger is banned
|rule|Baton Pass Clause: Limit one PokÃ©mon knowing Baton Pass
|teampreview
|c|âpelucas|lag
|c|âxShiba|the chicken pass
|c|âxShiba|n_n
|
|start
|switch|p1a: Steve|Donphan, M|364\/364
|switch|p2a: Entei|Entei, shiny|433\/433
|-ability|p2a: Entei|Pressure
|turn|1
|join|Dad's Dad
|
|move|p2a: Entei|Sacred Fire|p1a: Steve
|-damage|p1a: Steve|204\/364
|move|p1a: Steve|Earthquake|p2a: Entei
|-supereffective|p2a: Entei
|-damage|p2a: Entei|0 fnt
|faint|p2a: Entei
|
|-heal|p1a: Steve|226\/364|[from] item: Leftovers
|c| Dad's Dad|shitba strikes again
|c|âxShiba|playz
|c|âxShiba|imo
|
|switch|p2a: Kingdra|Kingdra, F|291\/291
|turn|2
|
|switch|p1a: Ay Der Cune|Vaporeon, F|452\/452
|move|p2a: Kingdra|Hydro Pump|p1a: Ay Der Cune
|-immune|p1a: Ay Der Cune|[msg]
|
|turn|3
|join|elreins
|c| elreins|hello battlers.
|
|switch|p1a: Fuccboii 2.0|Jirachi, shiny|341\/341
|move|p2a: Kingdra|Focus Energy|p2a: Kingdra
|-start|p2a: Kingdra|move: Focus Energy
|
|turn|4
|
|move|p1a: Fuccboii 2.0|Iron Head|p2a: Kingdra
|-resisted|p2a: Kingdra
|-damage|p2a: Kingdra|229\/291
|move|p2a: Kingdra|Agility|p2a: Kingdra
|-boost|p2a: Kingdra|spe|2
|
|turn|5
|leave|elreins
|
|switch|p1a: Ay Der Cune|Vaporeon, F|452\/452
|move|p2a: Kingdra|Hydro Pump|p1a: Ay Der Cune
|-immune|p1a: Ay Der Cune|[msg]
|
|turn|6
|
|move|p2a: Kingdra|Draco Meteor|p1a: Ay Der Cune
|-crit|p1a: Ay Der Cune
|-damage|p1a: Ay Der Cune|16\/452
|-unboost|p2a: Kingdra|spa|2
|move|p1a: Ay Der Cune|Scald|p2a: Kingdra
|-resisted|p2a: Kingdra
|-damage|p2a: Kingdra|201\/291
|
|-heal|p1a: Ay Der Cune|44\/452|[from] item: Leftovers
|turn|7
|
|move|p1a: Ay Der Cune|Protect|p1a: Ay Der Cune
|-singleturn|p1a: Ay Der Cune|Protect
|move|p2a: Kingdra|Draco Meteor|p1a: Ay Der Cune
|-activate|p1a: Ay Der Cune|Protect
|
|-heal|p1a: Ay Der Cune|72\/452|[from] item: Leftovers
|turn|8
|
|move|p1a: Ay Der Cune|Protect|p1a: Ay Der Cune
|-fail|p1a: Ay Der Cune
|move|p2a: Kingdra|Draco Meteor|p1a: Ay Der Cune
|-crit|p1a: Ay Der Cune
|-damage|p1a: Ay Der Cune|0 fnt
|-unboost|p2a: Kingdra|spa|2
|faint|p1a: Ay Der Cune
|
|
|switch|p1a: Healthy Diet|Celebi|404\/404
|turn|9
|
|move|p2a: Kingdra|Draco Meteor|p1a: Healthy Diet
|-crit|p1a: Healthy Diet
|-damage|p1a: Healthy Diet|62\/404
|-unboost|p2a: Kingdra|spa|2
|move|p1a: Healthy Diet|Seed Bomb|p2a: Kingdra
|-damage|p2a: Kingdra|99\/291
|
|turn|10
|c|âpelucas|idk why i was worried at first
|
|move|p2a: Kingdra|Draco Meteor|p1a: Healthy Diet
|-crit|p1a: Healthy Diet
|-damage|p1a: Healthy Diet|0 fnt
|faint|p1a: Healthy Diet
|
|
|switch|p1a: Steve|Donphan, M|226\/364
|turn|11
|
|move|p1a: Steve|Ice Shard|p2a: Kingdra
|-damage|p2a: Kingdra|48\/291
|move|p2a: Kingdra|Hydro Pump|p1a: Steve
|-crit|p1a: Steve
|-supereffective|p1a: Steve
|-damage|p1a: Steve|0 fnt
|faint|p1a: Steve
|
|
|switch|p1a: Fuccboii 2.0|Jirachi, shiny|341\/341
|turn|12
|
|move|p2a: Kingdra|Hydro Pump|p1a: Fuccboii 2.0
|-crit|p1a: Fuccboii 2.0
|-damage|p1a: Fuccboii 2.0|0 fnt
|faint|p1a: Fuccboii 2.0
|
|
|switch|p1a: Fuccboii|Sharpedo, M, shiny|281\/281
|turn|13
|
|move|p1a: Fuccboii|Protect|p1a: Fuccboii
|-singleturn|p1a: Fuccboii|Protect
|move|p2a: Kingdra|Draco Meteor|p1a: Fuccboii
|-activate|p1a: Fuccboii|Protect
|
|-boost|p1a: Fuccboii|spe|1|[from] ability: Speed Boost
|turn|14
|
|move|p1a: Fuccboii|Protect|p1a: Fuccboii
|-fail|p1a: Fuccboii
|move|p2a: Kingdra|Draco Meteor|p1a: Fuccboii
|-crit|p1a: Fuccboii
|-damage|p1a: Fuccboii|0 fnt
|faint|p1a: Fuccboii
|
|-message|xShiba forfeited.
|-message|xShiba forfeited.
|leave|xShiba
|
|win|pelucas
|raw|Ladder updating...
|player|p1
|raw|xShiba's rating: 1542 &rarr; <strong>1519<\/strong><br \/>(-23 for losing)
|raw|pelucas's rating: 1503 &rarr; <strong>1525<\/strong><br \/>(+22 for winning)