|join|King UU
|join|pelucas
|player|p1|King UU|22
|player|p2|pelucas|102
|gametype|singles
|gen|6
|tier|UU
|rated
|rule|Sleep Clause Mod: Limit one foe put to sleep
|rule|Species Clause: Limit one of each PokÃ©mon
|rule|OHKO Clause: OHKO moves are banned
|rule|Moody Clause: Moody is banned
|rule|Evasion Moves Clause: Evasion moves are banned
|rule|Endless Battle Clause: Forcing endless battles is banned
|rule|HP Percentage Mod: HP is shown in percentages
|clearpoke
|poke|p1|Serperior, M
|poke|p1|Swampert, M
|poke|p1|Infernape, M
|poke|p1|Crobat, M
|poke|p1|Snorlax, M
|poke|p1|Jirachi
|poke|p2|Entei, shiny
|poke|p2|Combusken, F
|poke|p2|Tentacruel, F
|poke|p2|Kingdra, M
|poke|p2|Mienshao, F
|poke|p2|Gligar, M
|rule|Swagger Clause: Swagger is banned
|rule|Baton Pass Clause: Limit one PokÃ©mon knowing Baton Pass
|teampreview
|join|Bob the Bro
|
|start
|switch|p1a: Infernape|Infernape, M|293\/293
|switch|p2a: Entei|Entei, shiny|433\/433
|-ability|p2a: Entei|Pressure
|turn|1
|
|switch|p2a: Gligar|Gligar, M|334\/334
|move|p1a: Infernape|Stealth Rock|p2a: Gligar
|-sidestart|p2: pelucas|move: Stealth Rock
|
|turn|2
|
|move|p1a: Infernape|Taunt|p2a: Gligar
|-start|p2a: Gligar|move: Taunt
|move|p2a: Gligar|U-turn|p1a: Infernape
|-resisted|p1a: Infernape
|-damage|p1a: Infernape|278\/293
|
|switch|p2a: Mienshao|Mienshao, F|271\/271
|-damage|p2a: Mienshao|255\/271|[from] Stealth Rock
|
|turn|3
|
|move|p2a: Mienshao|Stone Edge|p1a: Infernape
|-damage|p1a: Infernape|126\/293
|move|p1a: Infernape|Fire Blast|p2a: Mienshao
|-damage|p2a: Mienshao|0 fnt
|faint|p2a: Mienshao
|
|
|switch|p2a: Tentacruel|Tentacruel, F|364\/364
|-damage|p2a: Tentacruel|319\/364|[from] Stealth Rock
|turn|4
|
|move|p1a: Infernape|Taunt|p2a: Tentacruel
|-start|p2a: Tentacruel|move: Taunt
|move|p2a: Tentacruel|Rapid Spin|p1a: Infernape
|-damage|p1a: Infernape|112\/293
|-sideend|p2: pelucas|Stealth Rock|[from] move: Rapid Spin|[of] p2a: Tentacruel
|
|-heal|p2a: Tentacruel|341\/364|[from] item: Black Sludge
|turn|5
|
|move|p1a: Infernape|Stealth Rock|p2a: Tentacruel
|-sidestart|p2: pelucas|move: Stealth Rock
|move|p2a: Tentacruel|Rapid Spin|p1a: Infernape
|-damage|p1a: Infernape|96\/293
|-sideend|p2: pelucas|Stealth Rock|[from] move: Rapid Spin|[of] p2a: Tentacruel
|
|-heal|p2a: Tentacruel|363\/364|[from] item: Black Sludge
|turn|6
|
|move|p1a: Infernape|Endeavor|p2a: Tentacruel
|-damage|p2a: Tentacruel|96\/364
|move|p2a: Tentacruel|Rapid Spin|p1a: Infernape
|-damage|p1a: Infernape|81\/293
|
|-heal|p2a: Tentacruel|118\/364|[from] item: Black Sludge
|-end|p2a: Tentacruel|move: Taunt
|turn|7
|
|move|p1a: Infernape|Fire Blast|p2a: Tentacruel
|-resisted|p2a: Tentacruel
|-damage|p2a: Tentacruel|9\/364
|move|p2a: Tentacruel|Rapid Spin|p1a: Infernape
|-damage|p1a: Infernape|66\/293
|
|-heal|p2a: Tentacruel|31\/364|[from] item: Black Sludge
|turn|8
|
|move|p1a: Infernape|Fire Blast|p2a: Tentacruel
|-resisted|p2a: Tentacruel
|-damage|p2a: Tentacruel|0 fnt
|faint|p2a: Tentacruel
|
|
|switch|p2a: Entei|Entei, shiny|433\/433
|-ability|p2a: Entei|Pressure
|turn|9
|
|switch|p1a: Jirachi|Jirachi|341\/341
|move|p2a: Entei|Extreme Speed|p1a: Jirachi
|-resisted|p1a: Jirachi
|-damage|p1a: Jirachi|294\/341
|
|turn|10
|
|move|p1a: Jirachi|U-turn|p2a: Entei
|-resisted|p2a: Entei
|-damage|p2a: Entei|393\/433
|
|switch|p1a: Infernape|Infernape, M|66\/293
|move|p2a: Entei|Sacred Fire|p1a: Infernape
|-resisted|p1a: Infernape
|-damage|p1a: Infernape|0 fnt
|faint|p1a: Infernape
|
|
|switch|p1a: Swampert|Swampert, M|341\/341
|turn|11
|
|detailschange|p1a: Swampert|Swampert-Mega, M
|-mega|p1a: Swampert|Swampert|Swampertite
|move|p2a: Entei|Hidden Power|p1a: Swampert
|-supereffective|p1a: Swampert
|-damage|p1a: Swampert|189\/341
|move|p1a: Swampert|Rain Dance|p1a: Swampert
|-weather|RainDance
|
|-weather|RainDance|[upkeep]
|turn|12
|c| Bob the Bro|lel
|
|switch|p2a: Gligar|Gligar, M|334\/334
|move|p1a: Swampert|Earthquake|p2a: Gligar
|-immune|p2a: Gligar|[msg]
|
|-weather|RainDance|[upkeep]
|turn|13
|join|Riktigtbra
|
|move|p1a: Swampert|Ice Punch|p2a: Gligar
|-supereffective|p2a: Gligar
|-damage|p2a: Gligar|58\/334
|move|p2a: Gligar|Stealth Rock|p1a: Swampert
|-sidestart|p1: King UU|move: Stealth Rock
|
|-weather|RainDance|[upkeep]
|turn|14
|
|move|p1a: Swampert|Waterfall|p2a: Gligar
|-supereffective|p2a: Gligar
|-damage|p2a: Gligar|0 fnt
|faint|p2a: Gligar
|
|-weather|RainDance|[upkeep]
|c| Riktigtbra|Combusken, I love it!
|
|switch|p2a: Combusken|Combusken, F|261\/261
|turn|15
|
|move|p1a: Swampert|Waterfall|p2a: Combusken
|-supereffective|p2a: Combusken
|-enditem|p2a: Combusken|Focus Sash
|-damage|p2a: Combusken|1\/261
|move|p2a: Combusken|Swords Dance|p2a: Combusken
|-boost|p2a: Combusken|atk|2
|
|-weather|none
|-boost|p2a: Combusken|spe|1|[from] ability: Speed Boost
|turn|16
|c| Bob the Bro|waterfall is stronger than ice punch
|
|move|p2a: Combusken|Reversal|p1a: Swampert
|-damage|p1a: Swampert|0 fnt
|faint|p1a: Swampert
|
|-boost|p2a: Combusken|spe|1|[from] ability: Speed Boost
|c| Bob the Bro|in rain
|
|switch|p1a: Jirachi|Jirachi|294\/341
|-damage|p1a: Jirachi|273\/341|[from] Stealth Rock
|turn|17
|
|move|p2a: Combusken|Protect|p2a: Combusken
|-singleturn|p2a: Combusken|Protect
|move|p1a: Jirachi|U-turn|p2a: Combusken
|-activate|p2a: Combusken|Protect
|
|-boost|p2a: Combusken|spe|1|[from] ability: Speed Boost
|turn|18
|
|move|p2a: Combusken|Reversal|p1a: Jirachi
|-damage|p1a: Jirachi|0 fnt
|faint|p1a: Jirachi
|
|-boost|p2a: Combusken|spe|1|[from] ability: Speed Boost
|c| Riktigtbra|It dont get blaze kick, huh?
|c|âKing UU|ugh
|
|switch|p1a: Crobat|Crobat, M|341\/341
|-damage|p1a: Crobat|256\/341|[from] Stealth Rock
|turn|19
|
|move|p2a: Combusken|Baton Pass|p2a: Combusken
|
|switch|p2a: Entei|Entei, shiny|393\/433
|-ability|p2a: Entei|Pressure
|move|p1a: Crobat|Brave Bird|p2a: Entei
|-damage|p2a: Entei|189\/433
|-damage|p1a: Crobat|189\/341|[from] recoil|[of] p2a: Entei
|
|turn|20
|
|move|p2a: Entei|Sacred Fire|p1a: Crobat
|-damage|p1a: Crobat|0 fnt
|faint|p1a: Crobat
|
|
|switch|p1a: Snorlax|Snorlax, M|461\/461
|-damage|p1a: Snorlax|404\/461|[from] Stealth Rock
|turn|21
|
|move|p2a: Entei|Sacred Fire|p1a: Snorlax
|-damage|p1a: Snorlax|212\/461
|-status|p1a: Snorlax|brn
|move|p1a: Snorlax|Earthquake|p2a: Entei
|-crit|p2a: Entei
|-supereffective|p2a: Entei
|-damage|p2a: Entei|1\/433
|
|-damage|p1a: Snorlax|155\/461 brn|[from] brn
|turn|22
|c|âKing UU|1
|c| Riktigtbra|xD
|
|move|p2a: Entei|Sacred Fire|p1a: Snorlax
|-damage|p1a: Snorlax|0 fnt
|faint|p1a: Snorlax
|
|
|switch|p1a: Serperior|Serperior, M|291\/291
|-damage|p1a: Serperior|255\/291|[from] Stealth Rock
|turn|23
|c|âpelucas|lol i beatyou again maybe
|c|âpelucas|with the same team
|c|âpelucas|as last time
|
|move|p2a: Entei|Sacred Fire|p1a: Serperior
|-supereffective|p1a: Serperior
|-damage|p1a: Serperior|0 fnt
|faint|p1a: Serperior
|
|win|pelucas
|raw|Ladder updating...
|raw|King UU's rating: 1523 &rarr; <strong>1492<\/strong><br \/>(-31 for losing)
|raw|pelucas's rating: 1320 &rarr; <strong>1350<\/strong><br \/>(+30 for winning)
|leave|King UU
|player|p1
|leave|Riktigtbra
|leave|Bob the Bro