|join|bange
|join|Senju
|player|p1|bange|102
|player|p2|Senju|101
|gametype|singles
|tier|OU
|rated
|rule|Evasion Abilities Clause: Evasion abilities are banned
|clearpoke
|poke|p1|Zoroark, M, shiny
|poke|p1|Reuniclus, M
|poke|p1|Mamoswine, M
|poke|p1|Ferrothorn, M
|poke|p1|Jellicent, M
|poke|p1|Xatu, F
|poke|p2|Scizor, F
|poke|p2|Reuniclus, F
|poke|p2|Lucario, F
|poke|p2|Thundurus-Therian, M
|poke|p2|Hydreigon, M
|poke|p2|Nidoking, M
|rule|Sleep Clause: Limit one foe put to sleep
|rule|Species Clause: Limit one of each Pokemon
|rule|OHKO Clause: OHKO moves are banned
|rule|Moody Clause: Moody is banned
|rule|Evasion Moves Clause: Evasion moves are banned
|teampreview
|callback|decision
|
|start
|switch|p1a: Mamoswine|Mamoswine, M|362\/362
|switch|p2a: Nick Fury|Hydreigon, M|325\/325
|turn|1
|callback|decision
|
|move|p1a: Mamoswine|Ice Shard|p2a: Nick Fury
|-supereffective|p2a: Nick Fury
|-damage|p2a: Nick Fury|163\/325
|move|p2a: Nick Fury|Superpower|p1a: Mamoswine
|-supereffective|p1a: Mamoswine
|-damage|p1a: Mamoswine|102\/362
|-unboost|p2a: Nick Fury|atk|1
|-unboost|p2a: Nick Fury|def|1
|
|turn|2
|callback|decision
|
|move|p1a: Mamoswine|Ice Shard|p2a: Nick Fury
|-supereffective|p2a: Nick Fury
|-damage|p2a: Nick Fury|0 fnt
|faint|p2a: Nick Fury
|
|callback|decision
|
|switch|p2a: Iron Man|Scizor, F|344\/344
|turn|3
|callback|decision
|
|switch|p1a: Xatu|Xatu, F|334\/334
|move|p2a: Iron Man|Swords Dance|p2a: Iron Man
|-boost|p2a: Iron Man|atk|2
|
|turn|4
|callback|decision
|
|move|p1a: Xatu|Heat Wave|p2a: Iron Man
|-supereffective|p2a: Iron Man
|-damage|p2a: Iron Man|44\/344
|move|p2a: Iron Man|Bug Bite|p1a: Xatu
|-damage|p1a: Xatu|51\/334
|-damage|p2a: Iron Man|0 fnt|[from] item: Rocky Helmet|[of] p1a: Xatu
|faint|p2a: Iron Man
|
|callback|decision
|
|switch|p2a: Thor|Thundurus-Therian, M|300\/300
|turn|5
|callback|decision
|
|switch|p1a: Ferrothorn|Ferrothorn, M|352\/352
|move|p2a: Thor|Hidden Power|p1a: Ferrothorn
|-damage|p1a: Ferrothorn|272\/352
|
|-heal|p1a: Ferrothorn|294\/352|[from] item: Leftovers
|turn|6
|callback|decision
|
|switch|p2a: Hawkeye|Nidoking, M|304\/304
|move|p1a: Ferrothorn|Stealth Rock|p2a: Hawkeye
|-sidestart|p2: Senju|move: Stealth Rock
|
|-heal|p1a: Ferrothorn|316\/352|[from] item: Leftovers
|turn|7
|callback|decision
|
|move|p1a: Ferrothorn|Protect|p1a: Ferrothorn
|-singleturn|p1a: Ferrothorn|Protect
|move|p2a: Hawkeye|Flamethrower|p1a: Ferrothorn
|-activate|p1a: Ferrothorn|Protect
|
|-heal|p1a: Ferrothorn|338\/352|[from] item: Leftovers
|turn|8
|callback|decision
|
|switch|p1a: Jellicent|Jellicent, M|404\/404
|move|p2a: Hawkeye|Sludge Wave|p1a: Jellicent
|-resisted|p1a: Jellicent
|-damage|p1a: Jellicent|317\/404
|
|turn|9
|callback|decision
|
|move|p2a: Hawkeye|Earth Power|p1a: Jellicent
|-damage|p1a: Jellicent|166\/404
|-enditem|p1a: Jellicent|Sitrus Berry|[eat]
|-heal|p1a: Jellicent|267\/404|[from] item: Sitrus Berry
|move|p1a: Jellicent|Ice Beam|p2a: Hawkeye
|-supereffective|p2a: Hawkeye
|-damage|p2a: Hawkeye|136\/304
|
|turn|10
|callback|decision
|
|move|p2a: Hawkeye|Earth Power|p1a: Jellicent
|-damage|p1a: Jellicent|114\/404
|move|p1a: Jellicent|Scald|p2a: Hawkeye
|-supereffective|p2a: Hawkeye
|-damage|p2a: Hawkeye|0 fnt
|faint|p2a: Hawkeye
|
|callback|decision
|
|switch|p2a: Hulk|Reuniclus, F|409\/409
|turn|11
|callback|decision
|
|switch|p1a: Mamoswine|Mamoswine, M|262\/262
|move|p2a: Hulk|Trick Room|p2a: Hulk
|-fieldstart|move: Trick Room|[of] p2a: Hulk
|
|turn|12
|callback|decision
|
|move|p1a: Mamoswine|Sucker Punch|p2a: Hulk
|-supereffective|p2a: Hulk
|-damage|p2a: Hulk|0 fnt
|faint|p2a: Hulk
|
|callback|decision
|
|switch|p2a: Thor|Thundurus-Therian, M|300\/300
|-damage|p2a: Thor|225\/300|[from] Stealth Rock
|turn|13
|callback|decision
|
|move|p1a: Mamoswine|Sucker Punch|p2a: Thor
|-damage|p2a: Thor|0 fnt
|faint|p2a: Thor
|
|callback|decision
|-message|Senju forfeited.
|
|win|bange
|raw|Ladder updating...
|leave|Senju
|player|p2
|raw|bange's rating: 1694 &rarr; <strong>1707<\/strong><br \/>(+13 for winning)
|raw|Senju's rating: 1701 &rarr; <strong>1698<\/strong><br \/>(-3 for losing)