|join|bange
|join|YEDDIEL
|player|p1|bange|170
|player|p2|YEDDIEL|170
|gametype|singles
|tier|OU
|rated
|rule|Evasion Abilities Clause: Evasion abilities are banned
|clearpoke
|poke|p1|Scizor, M
|poke|p1|Skarmory, M
|poke|p1|Espeon, F
|poke|p1|Seismitoad, M, shiny
|poke|p1|Azelf
|poke|p1|Heatran, M
|poke|p2|Landorus-Therian, M
|poke|p2|Rotom-Wash
|poke|p2|Hydreigon, M
|poke|p2|Ditto
|poke|p2|Volcarona, F
|poke|p2|Metagross
|rule|Sleep Clause: Limit one foe put to sleep
|rule|Species Clause: Limit one of each Pokemon
|rule|OHKO Clause: OHKO moves are banned
|rule|Moody Clause: Moody is banned
|rule|Evasion Moves Clause: Evasion moves are banned
|teampreview
|callback|decision
|
|start
|switch|p1a: Seismitoad|Seismitoad, M, shiny|414\/414
|switch|p2a: Landorus-Therian|Landorus-Therian, M|320\/320
|-ability|p2a: Landorus-Therian|Intimidate|[of] p1a: Seismitoad
|-unboost|p1a: Seismitoad|atk|1
|turn|1
|callback|decision
|
|move|p2a: Landorus-Therian|U-turn|p1a: Seismitoad
|-damage|p1a: Seismitoad|285\/414
|callback|decision
|
|switch|p2a: Ditto|Ditto|300\/300
|-transform|p2a: Ditto|p1a: Seismitoad
|move|p1a: Seismitoad|Stealth Rock|p2a: Ditto
|-sidestart|p2: YEDDIEL|move: Stealth Rock
|
|-heal|p1a: Seismitoad|310\/414|[from] item: Leftovers
|turn|2
|callback|decision
|
|switch|p1a: Espeon|Espeon, F|272\/272
|move|p2a: Ditto|Stealth Rock|p1a: Espeon
|move|p1a: Espeon|Stealth Rock|p2a: Ditto|[from]Magic Bounce
|
|turn|3
|callback|decision
|
|switch|p2a: Hydreigon|Hydreigon, M|325\/325
|-damage|p2a: Hydreigon|285\/325|[from] Stealth Rock
|move|p1a: Espeon|Psyshock|p2a: Hydreigon
|-immune|p2a: Hydreigon|[msg]
|
|turn|4
|callback|decision
|
|switch|p1a: Skarmory|Skarmory, M|334\/334
|move|p2a: Hydreigon|Dark Pulse|p1a: Skarmory
|-resisted|p1a: Skarmory
|-damage|p1a: Skarmory|223\/334
|
|turn|5
|callback|decision
|
|switch|p1a: Heatran|Heatran, M|323\/323
|-item|p1a: Heatran|Air Balloon
|move|p2a: Hydreigon|Fire Blast|p1a: Heatran
|-start|p1a: Heatran|ability: Flash Fire
|
|turn|6
|callback|decision
|chat|YEDDIEL|good job
|
|switch|p1a: Skarmory|Skarmory, M|223\/334
|move|p2a: Hydreigon|Surf|p1a: Skarmory
|-damage|p1a: Skarmory|48\/334
|
|turn|7
|callback|decision
|
|switch|p1a: Seismitoad|Seismitoad, M, shiny|310\/414
|move|p2a: Hydreigon|Dark Pulse|p1a: Seismitoad
|-damage|p1a: Seismitoad|129\/414
|
|-heal|p1a: Seismitoad|154\/414|[from] item: Leftovers
|turn|8
|callback|decision
|
|switch|p1a: Skarmory|Skarmory, M|48\/334
|move|p2a: Hydreigon|Dark Pulse|p1a: Skarmory
|-crit|p1a: Skarmory
|-resisted|p1a: Skarmory
|-damage|p1a: Skarmory|0 fnt
|faint|p1a: Skarmory
|
|callback|decision
|
|switch|p1a: Azelf|Azelf|291\/291
|turn|9
|callback|decision
|
|move|p1a: Azelf|U-turn|p2a: Hydreigon
|-supereffective|p2a: Hydreigon
|-damage|p2a: Hydreigon|139\/325
|callback|decision
|
|switch|p1a: Scizor|Scizor, M|303\/303
|move|p2a: Hydreigon|Dark Pulse|p1a: Scizor
|-resisted|p1a: Scizor
|-damage|p1a: Scizor|209\/303
|
|turn|10
|callback|decision
|
|switch|p1a: Azelf|Azelf|291\/291
|move|p2a: Hydreigon|Surf|p1a: Azelf
|-damage|p1a: Azelf|124\/291
|
|turn|11
|callback|decision
|
|move|p1a: Azelf|Ice Punch|p2a: Hydreigon
|-supereffective|p2a: Hydreigon
|-damage|p2a: Hydreigon|0 fnt
|faint|p2a: Hydreigon
|
|callback|decision
|
|switch|p2a: Landorus-Therian|Landorus-Therian, M|320\/320
|-damage|p2a: Landorus-Therian|280\/320|[from] Stealth Rock
|-ability|p2a: Landorus-Therian|Intimidate|[of] p1a: Azelf
|-unboost|p1a: Azelf|atk|1
|turn|12
|callback|decision
|
|switch|p1a: Scizor|Scizor, M|209\/303
|move|p2a: Landorus-Therian|U-turn|p1a: Scizor
|-resisted|p1a: Scizor
|-damage|p1a: Scizor|157\/303
|callback|decision
|
|switch|p2a: Volcarona|Volcarona, F|312\/312
|-damage|p2a: Volcarona|156\/312|[from] Stealth Rock
|
|turn|13
|callback|decision
|
|move|p2a: Volcarona|Quiver Dance|p2a: Volcarona
|-boost|p2a: Volcarona|spa|1
|-boost|p2a: Volcarona|spd|1
|-boost|p2a: Volcarona|spe|1
|move|p1a: Scizor|U-turn|p2a: Volcarona
|-resisted|p2a: Volcarona
|-damage|p2a: Volcarona|65\/312
|callback|decision
|
|switch|p1a: Azelf|Azelf|124\/291
|
|turn|14
|callback|decision
|
|move|p1a: Azelf|Psychic|p2a: Volcarona
|-damage|p2a: Volcarona|0 fnt
|faint|p2a: Volcarona
|
|callback|decision
|
|switch|p2a: Metagross|Metagross|364\/364
|-damage|p2a: Metagross|342\/364|[from] Stealth Rock
|turn|15
|callback|decision
|
|switch|p1a: Scizor|Scizor, M|157\/303
|move|p2a: Metagross|Earthquake|p1a: Scizor
|-damage|p1a: Scizor|20\/303
|
|turn|16
|callback|decision
|
|move|p2a: Metagross|Bullet Punch|p1a: Scizor
|-enditem|p2a: Metagross|Steel Gem|[from] gem|[move] Bullet Punch
|-resisted|p1a: Scizor
|-damage|p1a: Scizor|0 fnt
|faint|p1a: Scizor
|
|callback|decision
|
|switch|p1a: Heatran|Heatran, M|323\/323
|-item|p1a: Heatran|Air Balloon
|turn|17
|callback|decision
|
|switch|p2a: Ditto|Ditto|300\/300
|-damage|p2a: Ditto|263\/300|[from] Stealth Rock
|-transform|p2a: Ditto|p1a: Heatran
|move|p1a: Heatran|Hidden Power|p2a: Ditto
|-resisted|p2a: Ditto
|-damage|p2a: Ditto|243\/300
|
|turn|18
|callback|decision
|
|switch|p1a: Espeon|Espeon, F|272\/272
|move|p2a: Ditto|Hidden Power|p1a: Espeon
|-supereffective|p1a: Espeon
|-damage|p1a: Espeon|88\/272
|
|-heal|p1a: Espeon|105\/272|[from] item: Leftovers
|turn|19
|callback|decision
|
|switch|p1a: Heatran|Heatran, M|323\/323
|-item|p1a: Heatran|Air Balloon
|move|p2a: Ditto|Hidden Power|p1a: Heatran
|-resisted|p1a: Heatran
|-damage|p1a: Heatran|281\/323
|-enditem|p1a: Heatran|Air Balloon
|
|turn|20
|callback|decision
|
|switch|p2a: Landorus-Therian|Landorus-Therian, M|280\/320
|-damage|p2a: Landorus-Therian|240\/320|[from] Stealth Rock
|-ability|p2a: Landorus-Therian|Intimidate|[of] p1a: Heatran
|-unboost|p1a: Heatran|atk|1
|move|p1a: Heatran|Fire Blast|p2a: Landorus-Therian
|-damage|p2a: Landorus-Therian|0 fnt
|faint|p2a: Landorus-Therian
|
|callback|decision
|
|switch|p2a: Rotom-Wash|Rotom-Wash|241\/241
|-damage|p2a: Rotom-Wash|211\/241|[from] Stealth Rock
|turn|21
|callback|decision
|
|switch|p1a: Seismitoad|Seismitoad, M, shiny|154\/414
|move|p2a: Rotom-Wash|Trick|p1a: Seismitoad
|-activate|p2a: Rotom-Wash|move: Trick|[of] p1a: Seismitoad
|-item|p1a: Seismitoad|Choice Scarf|[from] move: Trick
|-item|p2a: Rotom-Wash|Leftovers|[from] move: Trick
|
|-heal|p2a: Rotom-Wash|226\/241|[from] item: Leftovers
|turn|22
|callback|decision
|
|switch|p2a: Ditto|Ditto|243\/300
|-damage|p2a: Ditto|206\/300|[from] Stealth Rock
|-transform|p2a: Ditto|p1a: Seismitoad
|move|p1a: Seismitoad|Scald|p2a: Ditto
|-heal|p2a: Ditto|281\/300|[from] ability: Water Absorb|[of] p1a: Seismitoad
|
|turn|23
|callback|decision
|
|switch|p1a: Azelf|Azelf|124\/291
|move|p2a: Ditto|Scald|p1a: Azelf
|-damage|p1a: Azelf|0 fnt
|faint|p1a: Azelf
|
|callback|decision
|
|switch|p1a: Espeon|Espeon, F|105\/272
|turn|24
|callback|decision
|
|move|p1a: Espeon|Grass Knot|p2a: Ditto
|-supereffective|p2a: Ditto
|-damage|p2a: Ditto|0 fnt
|faint|p2a: Ditto
|
|-heal|p1a: Espeon|122\/272|[from] item: Leftovers
|callback|decision
|
|switch|p2a: Metagross|Metagross|342\/364
|-damage|p2a: Metagross|320\/364|[from] Stealth Rock
|turn|25
|callback|decision
|
|move|p1a: Espeon|Hidden Power|p2a: Metagross
|-supereffective|p2a: Metagross
|-damage|p2a: Metagross|126\/364
|move|p2a: Metagross|Earthquake|p1a: Espeon
|-crit|p1a: Espeon
|-damage|p1a: Espeon|0 fnt
|faint|p1a: Espeon
|
|callback|decision
|chat|YEDDIEL|cool
|
|switch|p1a: Heatran|Heatran, M|281\/323
|turn|26
|callback|decision
|
|move|p1a: Heatran|Earth Power|p2a: Metagross
|-supereffective|p2a: Metagross
|-damage|p2a: Metagross|0 fnt
|faint|p2a: Metagross
|
|callback|decision
|
|switch|p2a: Rotom-Wash|Rotom-Wash|226\/241
|-damage|p2a: Rotom-Wash|196\/241|[from] Stealth Rock
|turn|27
|callback|decision
|
|move|p1a: Heatran|Hidden Power|p2a: Rotom-Wash
|-crit|p2a: Rotom-Wash
|-supereffective|p2a: Rotom-Wash
|-damage|p2a: Rotom-Wash|0 fnt
|faint|p2a: Rotom-Wash
|
|win|bange
|raw|Ladder updating...
|raw|bange's rating: 1680 &rarr; <strong>1686<\/strong><br \/>(+6 for winning)
|raw|YEDDIEL's rating: 1509 &rarr; <strong>1507<\/strong><br \/>(-2 for losing)