|join|bange
|join|J_ohnsworth
|player|p1|bange|142
|player|p2|J_ohnsworth|262
|gametype|singles
|gen|6
|tier|OU
|rated
|clearpoke
|poke|p1|Delphox, M
|poke|p1|Latias, F
|poke|p1|Skarmory, F
|poke|p1|Gyarados, M, shiny
|poke|p1|Sylveon, F, shiny
|poke|p1|Landorus, M
|poke|p2|Medicham, F
|poke|p2|Skarmory, F
|poke|p2|Landorus-Therian, M
|poke|p2|Vaporeon, M
|poke|p2|Conkeldurr, M
|poke|p2|Gardevoir, F, shiny
|rule|Swagger Clause: Swagger is banned
|rule|Baton Pass Clause: Limit one PokÃ©mon knowing Baton Pass
|rule|Sleep Clause Mod: Limit one foe put to sleep
|rule|Species Clause: Limit one of each PokÃ©mon
|rule|OHKO Clause: OHKO moves are banned
|rule|Moody Clause: Moody is banned
|rule|Evasion Moves Clause: Evasion moves are banned
|rule|Endless Battle Clause: Forcing endless battles is banned
|rule|HP Percentage Mod: HP is shown in percentages
|teampreview
|
|start
|switch|p1a: Landorus|Landorus, M|320\/320
|switch|p2a: Landorus-Therian|Landorus-Therian, M|382\/382
|-ability|p2a: Landorus-Therian|Intimidate|[of] p1a: Landorus
|-unboost|p1a: Landorus|atk|1
|turn|1
|
|move|p1a: Landorus|U-turn|p2a: Landorus-Therian
|-crit|p2a: Landorus-Therian
|-resisted|p2a: Landorus-Therian
|-damage|p2a: Landorus-Therian|334\/382
|
|switch|p1a: Skarmory|Skarmory, F|334\/334
|move|p2a: Landorus-Therian|U-turn|p1a: Skarmory
|-resisted|p1a: Skarmory
|-damage|p1a: Skarmory|324\/334
|-damage|p2a: Landorus-Therian|271\/382|[from] item: Rocky Helmet|[of] p1a: Skarmory
|
|switch|p2a: Gardevoir|Gardevoir, F, shiny|278\/278
|-ability|p2a: Gardevoir|Sturdy|[from] ability: Trace|[of] p1a: Skarmory
|
|turn|2
|
|switch|p1a: Sylveon|Sylveon, F, shiny|394\/394
|move|p2a: Gardevoir|Thunderbolt|p1a: Sylveon
|-damage|p1a: Sylveon|309\/394
|
|-heal|p1a: Sylveon|333\/394|[from] item: Leftovers
|turn|3
|
|switch|p2a: Skarmory|Skarmory, F|334\/334
|move|p1a: Sylveon|Hyper Voice|p2a: Skarmory
|-resisted|p2a: Skarmory
|-damage|p2a: Skarmory|236\/334
|
|-heal|p1a: Sylveon|357\/394|[from] item: Leftovers
|turn|4
|
|switch|p1a: Latias|Latias, F|364\/364
|move|p2a: Skarmory|Roost|p2a: Skarmory
|-heal|p2a: Skarmory|334\/334
|
|turn|5
|
|move|p1a: Latias|Psychic|p2a: Skarmory
|-resisted|p2a: Skarmory
|-damage|p2a: Skarmory|256\/334
|move|p2a: Skarmory|Whirlwind|p1a: Latias
|drag|p1a: Skarmory|Skarmory, F|324\/334
|
|turn|6
|
|switch|p2a: Vaporeon|Vaporeon, M|464\/464
|move|p1a: Skarmory|Taunt|p2a: Vaporeon
|-start|p2a: Vaporeon|move: Taunt
|
|turn|7
|
|move|p1a: Skarmory|Stealth Rock|p2a: Vaporeon
|-sidestart|p2: J_ohnsworth|move: Stealth Rock
|move|p2a: Vaporeon|Scald|p1a: Skarmory
|-damage|p1a: Skarmory|186\/334
|
|turn|8
|
|switch|p1a: Sylveon|Sylveon, F, shiny|357\/394
|move|p2a: Vaporeon|Scald|p1a: Sylveon
|-damage|p1a: Sylveon|285\/394
|-status|p1a: Sylveon|brn
|
|-heal|p1a: Sylveon|309\/394 brn|[from] item: Leftovers
|-damage|p1a: Sylveon|260\/394 brn|[from] brn
|turn|9
|
|switch|p2a: Skarmory|Skarmory, F|256\/334
|-damage|p2a: Skarmory|215\/334|[from] Stealth Rock
|switch|p1a: Gyarados|Gyarados, M, shiny|332\/332
|-ability|p1a: Gyarados|Intimidate|[of] p2a: Skarmory
|-unboost|p2a: Skarmory|atk|1
|
|turn|10
|
|move|p1a: Gyarados|Taunt|p2a: Skarmory
|-start|p2a: Skarmory|move: Taunt
|cant|p2a: Skarmory|move: Taunt|Defog
|
|turn|11
|
|move|p1a: Gyarados|Dragon Dance|p1a: Gyarados
|-boost|p1a: Gyarados|atk|1
|-boost|p1a: Gyarados|spe|1
|move|p2a: Skarmory|Counter|p1a: Gyarados
|-fail|p1a: Gyarados
|
|turn|12
|
|switch|p2a: Conkeldurr|Conkeldurr, M|414\/414
|-damage|p2a: Conkeldurr|389\/414|[from] Stealth Rock
|move|p1a: Gyarados|Dragon Dance|p1a: Gyarados
|-boost|p1a: Gyarados|atk|1
|-boost|p1a: Gyarados|spe|1
|
|turn|13
|
|move|p1a: Gyarados|Waterfall|p2a: Conkeldurr
|-damage|p2a: Conkeldurr|56\/414
|move|p2a: Conkeldurr|Knock Off|p1a: Gyarados
|-crit|p1a: Gyarados
|-damage|p1a: Gyarados|178\/332
|
|turn|14
|
|move|p2a: Conkeldurr|Mach Punch|p1a: Gyarados
|-resisted|p1a: Gyarados
|-damage|p1a: Gyarados|126\/332
|move|p1a: Gyarados|Waterfall|p2a: Conkeldurr
|-damage|p2a: Conkeldurr|0 fnt
|faint|p2a: Conkeldurr
|
|
|switch|p2a: Medicham|Medicham, F|261\/261
|-damage|p2a: Medicham|245\/261|[from] Stealth Rock
|turn|15
|
|detailschange|p1a: Gyarados|Gyarados-Mega, M, shiny
|message|Gyarados has Mega Evolved into Mega Gyarados!
|-ability|p1a: Gyarados|Mold Breaker
|detailschange|p2a: Medicham|Medicham-Mega, F
|message|Medicham has Mega Evolved into Mega Medicham!
|move|p2a: Medicham|Fake Out|p1a: Gyarados
|-damage|p1a: Gyarados|45\/332
|cant|p1a: Gyarados|flinch
|
|turn|16
|
|move|p2a: Medicham|Bullet Punch|p1a: Gyarados
|-resisted|p1a: Gyarados
|-damage|p1a: Gyarados|7\/332
|move|p1a: Gyarados|Waterfall|p2a: Medicham
|-damage|p2a: Medicham|0 fnt
|faint|p2a: Medicham
|
|
|switch|p2a: Skarmory|Skarmory, F|215\/334
|-damage|p2a: Skarmory|174\/334|[from] Stealth Rock
|turn|17
|
|move|p1a: Gyarados|Waterfall|p2a: Skarmory
|-damage|p2a: Skarmory|0 fnt
|-damage|p1a: Gyarados|0 fnt|[from] item: Rocky Helmet|[of] p2a: Skarmory
|faint|p1a: Gyarados
|faint|p2a: Skarmory
|
|
|switch|p1a: Landorus|Landorus, M|320\/320
|switch|p2a: Gardevoir|Gardevoir, F, shiny|278\/278
|-damage|p2a: Gardevoir|244\/278|[from] Stealth Rock
|-ability|p2a: Gardevoir|Sheer Force|[from] ability: Trace|[of] p1a: Landorus
|turn|18
|
|move|p1a: Landorus|Earthquake|p2a: Gardevoir
|-damage|p2a: Gardevoir|0 fnt
|faint|p2a: Gardevoir
|
|leave|J_ohnsworth
|player|p2
|-message|johnsworth lost due to inactivity.
|
|win|bange
|raw|Ladder updating...
|raw|bange's rating: 1527 &rarr; <strong>1548<\/strong><br \/>(+21 for winning)
|raw|J_ohnsworth's rating: 1543 &rarr; <strong>1522<\/strong><br \/>(-21 for losing)