|join|bange
|join|spinnercat
|player|p1|bange|102
|player|p2|spinnercat|250
|gametype|singles
|tier|OU
|rated
|rule|Evasion Abilities Clause: Evasion abilities are banned
|clearpoke
|poke|p1|Zoroark, M, shiny
|poke|p1|Reuniclus, M
|poke|p1|Mamoswine, M
|poke|p1|Ferrothorn, M
|poke|p1|Jellicent, M
|poke|p1|Xatu, F
|poke|p2|Heatran, F
|poke|p2|Ninetales, M
|poke|p2|Latias, F, shiny
|poke|p2|Kyurem-Black, shiny
|poke|p2|Donphan, M, shiny
|poke|p2|Zapdos
|rule|Sleep Clause: Limit one foe put to sleep
|rule|Species Clause: Limit one of each Pokemon
|rule|OHKO Clause: OHKO moves are banned
|rule|Moody Clause: Moody is banned
|rule|Evasion Moves Clause: Evasion moves are banned
|teampreview
|callback|decision
|
|start
|switch|p1a: Mamoswine|Mamoswine, M|362\/362
|switch|p2a: Mozilla|Ninetales, M|350\/350
|-weather|SunnyDay|[from] ability: Drought|[of] p2a: Mozilla
|turn|1
|callback|decision
|
|move|p2a: Mozilla|Will-O-Wisp|p1a: Mamoswine|[miss]
|-miss|p2a: Mozilla|p1a: Mamoswine
|move|p1a: Mamoswine|Earthquake|p2a: Mozilla
|-supereffective|p2a: Mozilla
|-damage|p2a: Mozilla|0 fnt
|faint|p2a: Mozilla
|
|-weather|SunnyDay|[upkeep]
|callback|decision
|chat|spinnercat|darn
|
|switch|p2a: Inigo Montoya|Heatran, F|323\/323
|turn|2
|callback|decision
|
|move|p2a: Inigo Montoya|Overheat|p1a: Mamoswine
|-supereffective|p1a: Mamoswine
|-enditem|p1a: Mamoswine|Focus Sash
|-damage|p1a: Mamoswine|1\/362
|-unboost|p2a: Inigo Montoya|spa|2
|move|p1a: Mamoswine|Earthquake|p2a: Inigo Montoya
|-supereffective|p2a: Inigo Montoya
|-damage|p2a: Inigo Montoya|0 fnt
|faint|p2a: Inigo Montoya
|
|-weather|SunnyDay|[upkeep]
|callback|decision
|chat|spinnercat|darn again
|
|switch|p2a: Serenity|Zapdos|383\/383
|-ability|p2a: Serenity|Pressure
|turn|3
|callback|decision
|
|switch|p1a: Ferrothorn|Ferrothorn, M|352\/352
|move|p2a: Serenity|Hidden Power|p1a: Ferrothorn
|-damage|p1a: Ferrothorn|295\/352
|
|-weather|SunnyDay|[upkeep]
|-heal|p1a: Ferrothorn|317\/352|[from] item: Leftovers
|turn|4
|callback|decision
|
|move|p1a: Ferrothorn|Protect|p1a: Ferrothorn
|-singleturn|p1a: Ferrothorn|Protect
|move|p2a: Serenity|Heat Wave|p1a: Ferrothorn
|-activate|p1a: Ferrothorn|Protect
|
|-weather|SunnyDay|[upkeep]
|-heal|p1a: Ferrothorn|339\/352|[from] item: Leftovers
|turn|5
|callback|decision
|
|switch|p1a: Jellicent|Jellicent, M|404\/404
|move|p2a: Serenity|Thunderbolt|p1a: Jellicent
|-supereffective|p1a: Jellicent
|-damage|p1a: Jellicent|204\/404
|
|-weather|SunnyDay|[upkeep]
|turn|6
|callback|decision
|
|move|p2a: Serenity|Thunderbolt|p1a: Jellicent
|-supereffective|p1a: Jellicent
|-damage|p1a: Jellicent|0 fnt
|faint|p1a: Jellicent
|
|-weather|SunnyDay|[upkeep]
|callback|decision
|
|switch|p1a: Reuniclus|Reuniclus, M|366\/366
|turn|7
|callback|decision
|
|switch|p2a: Smaug|Kyurem-Black, shiny|392\/392
|-ability|p2a: Smaug|Teravolt
|move|p1a: Reuniclus|Trick Room|p1a: Reuniclus
|-fieldstart|move: Trick Room|[of] p1a: Reuniclus
|
|-weather|SunnyDay|[upkeep]
|turn|8
|callback|decision
|
|switch|p2a: Oliphaunt|Donphan, M, shiny|384\/384
|move|p1a: Reuniclus|Focus Blast|p2a: Oliphaunt
|-crit|p2a: Oliphaunt
|-activate|p2a: Oliphaunt|Sturdy
|-damage|p2a: Oliphaunt|1\/384
|
|-weather|SunnyDay|[upkeep]
|-heal|p2a: Oliphaunt|25\/384|[from] item: Leftovers
|turn|9
|callback|decision
|
|move|p1a: Reuniclus|Psychic|p2a: Oliphaunt
|-damage|p2a: Oliphaunt|0 fnt
|faint|p2a: Oliphaunt
|
|-weather|SunnyDay|[upkeep]
|callback|decision
|
|switch|p2a: Glaedr|Latias, F, shiny|364\/364
|turn|10
|callback|decision
|
|move|p1a: Reuniclus|Shadow Ball|p2a: Glaedr
|-supereffective|p2a: Glaedr
|-damage|p2a: Glaedr|152\/364
|move|p2a: Glaedr|Calm Mind|p2a: Glaedr
|-boost|p2a: Glaedr|spa|1
|-boost|p2a: Glaedr|spd|1
|
|-weather|SunnyDay|[upkeep]
|-heal|p2a: Glaedr|174\/364|[from] item: Leftovers
|turn|11
|callback|decision
|
|move|p1a: Reuniclus|Shadow Ball|p2a: Glaedr
|-supereffective|p2a: Glaedr
|-damage|p2a: Glaedr|22\/364
|move|p2a: Glaedr|Recover|p2a: Glaedr
|-heal|p2a: Glaedr|204\/364
|
|-weather|SunnyDay|[upkeep]
|-heal|p2a: Glaedr|226\/364|[from] item: Leftovers
|-fieldend|move: Trick Room
|turn|12
|callback|decision
|
|switch|p1a: Xatu|Xatu, F|334\/334
|move|p2a: Glaedr|Calm Mind|p2a: Glaedr
|-boost|p2a: Glaedr|spa|1
|-boost|p2a: Glaedr|spd|1
|
|-weather|SunnyDay|[upkeep]
|-heal|p2a: Glaedr|248\/364|[from] item: Leftovers
|turn|13
|callback|decision
|
|move|p2a: Glaedr|Dragon Pulse|p1a: Xatu
|-damage|p1a: Xatu|28\/334
|move|p1a: Xatu|U-turn|p2a: Glaedr
|-supereffective|p2a: Glaedr
|-damage|p2a: Glaedr|156\/364
|callback|decision
|
|switch|p1a: Reuniclus|Reuniclus, M|262\/262
|
|-weather|SunnyDay|[upkeep]
|-heal|p2a: Glaedr|178\/364|[from] item: Leftovers
|turn|14
|callback|decision
|
|move|p2a: Glaedr|Calm Mind|p2a: Glaedr
|-boost|p2a: Glaedr|spa|1
|-boost|p2a: Glaedr|spd|1
|move|p1a: Reuniclus|Night Slash|p2a: Glaedr
|-supereffective|p2a: Glaedr
|-damage|p2a: Glaedr|0 fnt
|faint|p2a: Glaedr
|
|-weather|SunnyDay|[upkeep]
|callback|decision
|chat|spinnercat|....
|chat|spinnercat|what was i thinking
|
|switch|p2a: Smaug|Kyurem-Black, shiny|392\/392
|-ability|p2a: Smaug|Teravolt
|turn|15
|callback|decision
|chat|spinnercat|gg wp
|
|switch|p1a: Ferrothorn|Ferrothorn, M|339\/352
|move|p2a: Smaug|Dragon Claw|p1a: Ferrothorn
|-crit|p1a: Ferrothorn
|-resisted|p1a: Ferrothorn
|-damage|p1a: Ferrothorn|228\/352
|-damage|p2a: Smaug|343\/392|[from] ability: Iron Barbs|[of] p1a: Ferrothorn
|
|-weather|SunnyDay|[upkeep]
|-heal|p1a: Ferrothorn|250\/352|[from] item: Leftovers
|turn|16
|callback|decision
|-message|spinnercat forfeited.
|
|win|bange
|raw|Ladder updating...
|raw|bange's rating: 1670 &rarr; <strong>1685<\/strong><br \/>(+15 for winning)
|raw|spinnercat's rating: 1711 &rarr; <strong>1708<\/strong><br \/>(-3 for losing)