|join|bange
|join|Yong-Yong
|player|p1|bange|170
|player|p2|Yong-Yong|167
|gametype|singles
|tier|OU
|rated
|rule|Evasion Abilities Clause: Evasion abilities are banned
|clearpoke
|poke|p1|Landorus-Therian, M
|poke|p1|Gengar, F, shiny
|poke|p1|Bisharp, M
|poke|p1|Mienshao, F
|poke|p1|Heatran, M
|poke|p1|Ferrothorn, M, shiny
|poke|p2|Alakazam, M
|poke|p2|Scizor, M
|poke|p2|Togekiss, M
|poke|p2|Jellicent, F
|poke|p2|Volcarona, F
|poke|p2|Dragonite, M
|rule|Sleep Clause: Limit one foe put to sleep
|rule|Species Clause: Limit one of each Pokemon
|rule|OHKO Clause: OHKO moves are banned
|rule|Moody Clause: Moody is banned
|rule|Evasion Moves Clause: Evasion moves are banned
|teampreview
|callback|decision
|
|start
|switch|p1a: Landorus-Therian|Landorus-Therian, M|320\/320
|switch|p2a: Alakazam|Alakazam, M|251\/251
|-ability|p1a: Landorus-Therian|Intimidate|[of] p2a: Alakazam
|-unboost|p2a: Alakazam|atk|1
|turn|1
|callback|decision
|
|move|p1a: Landorus-Therian|Stealth Rock|p2a: Alakazam
|-sidestart|p2: Yong-Yong|move: Stealth Rock
|move|p2a: Alakazam|Focus Blast|p1a: Landorus-Therian|[miss]
|-miss|p2a: Alakazam|p1a: Landorus-Therian
|
|turn|2
|callback|decision
|
|switch|p1a: Bisharp|Bisharp, M|314\/314
|move|p2a: Alakazam|Psyshock|p1a: Bisharp
|-immune|p1a: Bisharp|[msg]
|
|turn|3
|callback|decision
|
|switch|p1a: Landorus-Therian|Landorus-Therian, M|320\/320
|-ability|p1a: Landorus-Therian|Intimidate|[of] p2a: Alakazam
|-unboost|p2a: Alakazam|atk|1
|move|p2a: Alakazam|Focus Blast|p1a: Landorus-Therian|[miss]
|-miss|p2a: Alakazam|p1a: Landorus-Therian
|
|turn|4
|callback|decision
|
|move|p1a: Landorus-Therian|U-turn|p2a: Alakazam
|-supereffective|p2a: Alakazam
|-enditem|p2a: Alakazam|Focus Sash
|-damage|p2a: Alakazam|1\/251
|callback|decision
|
|switch|p1a: Bisharp|Bisharp, M|314\/314
|move|p2a: Alakazam|Focus Blast|p1a: Bisharp
|-supereffective|p1a: Bisharp
|-damage|p1a: Bisharp|0 fnt
|faint|p1a: Bisharp
|
|callback|decision
|
|switch|p1a: Landorus-Therian|Landorus-Therian, M|320\/320
|-ability|p1a: Landorus-Therian|Intimidate|[of] p2a: Alakazam
|-unboost|p2a: Alakazam|atk|1
|turn|5
|callback|decision
|
|move|p1a: Landorus-Therian|U-turn|p2a: Alakazam
|-supereffective|p2a: Alakazam
|-damage|p2a: Alakazam|0 fnt
|faint|p2a: Alakazam
|callback|decision
|
|switch|p1a: Gengar|Gengar, F, shiny|262\/262
|
|callback|decision
|
|switch|p2a: Scizor|Scizor, M|344\/344
|-damage|p2a: Scizor|301\/344|[from] Stealth Rock
|turn|6
|callback|decision
|
|switch|p1a: Landorus-Therian|Landorus-Therian, M|320\/320
|-ability|p1a: Landorus-Therian|Intimidate|[of] p2a: Scizor
|-unboost|p2a: Scizor|atk|1
|move|p2a: Scizor|Superpower|p1a: Landorus-Therian
|-resisted|p1a: Landorus-Therian
|-damage|p1a: Landorus-Therian|261\/320
|-unboost|p2a: Scizor|atk|1
|-unboost|p2a: Scizor|def|1
|
|-heal|p2a: Scizor|322\/344|[from] item: Leftovers
|turn|7
|callback|decision
|
|switch|p2a: Dragonite|Dragonite, M|323\/323
|-damage|p2a: Dragonite|243\/323|[from] Stealth Rock
|move|p1a: Landorus-Therian|U-turn|p2a: Dragonite
|-resisted|p2a: Dragonite
|-damage|p2a: Dragonite|208\/323
|callback|decision
|
|switch|p1a: Mienshao|Mienshao, F|272\/272
|
|turn|8
|callback|decision
|
|move|p2a: Dragonite|ExtremeSpeed|p1a: Mienshao
|-damage|p1a: Mienshao|115\/272
|move|p1a: Mienshao|Substitute|p1a: Mienshao
|-start|p1a: Mienshao|Substitute
|-damage|p1a: Mienshao|47\/272
|
|turn|9
|callback|decision
|
|move|p2a: Dragonite|ExtremeSpeed|p1a: Mienshao
|-end|p1a: Mienshao|Substitute
|move|p1a: Mienshao|Stone Edge|p2a: Dragonite|[miss]
|-miss|p1a: Mienshao|p2a: Dragonite
|
|turn|10
|callback|decision
|
|switch|p1a: Landorus-Therian|Landorus-Therian, M|261\/320
|-ability|p1a: Landorus-Therian|Intimidate|[of] p2a: Dragonite
|-unboost|p2a: Dragonite|atk|1
|move|p2a: Dragonite|ExtremeSpeed|p1a: Landorus-Therian
|-damage|p1a: Landorus-Therian|187\/320
|
|turn|11
|callback|decision
|
|switch|p2a: Jellicent|Jellicent, F|341\/341
|-damage|p2a: Jellicent|299\/341|[from] Stealth Rock
|move|p1a: Landorus-Therian|Stone Edge|p2a: Jellicent|[miss]
|-miss|p1a: Landorus-Therian|p2a: Jellicent
|
|turn|12
|callback|decision
|
|switch|p1a: Ferrothorn|Ferrothorn, M, shiny|352\/352
|move|p2a: Jellicent|Scald|p1a: Ferrothorn
|-resisted|p1a: Ferrothorn
|-damage|p1a: Ferrothorn|314\/352
|-status|p1a: Ferrothorn|brn
|
|-heal|p1a: Ferrothorn|336\/352 brn|[from] item: Leftovers
|-damage|p1a: Ferrothorn|292\/352 brn|[from] brn
|turn|13
|callback|decision
|
|switch|p2a: Volcarona|Volcarona, F|311\/311
|-damage|p2a: Volcarona|156\/311|[from] Stealth Rock
|switch|p1a: Mienshao|Mienshao, F|137\/272
|
|turn|14
|callback|decision
|
|move|p1a: Mienshao|Stone Edge|p2a: Volcarona
|-supereffective|p2a: Volcarona
|-damage|p2a: Volcarona|0 fnt
|-damage|p1a: Mienshao|110\/272|[from] item: Life Orb
|faint|p2a: Volcarona
|
|callback|decision
|
|switch|p2a: Dragonite|Dragonite, M|208\/323
|-damage|p2a: Dragonite|128\/323|[from] Stealth Rock
|turn|15
|callback|decision
|
|switch|p1a: Gengar|Gengar, F, shiny|262\/262
|move|p2a: Dragonite|Ice Punch|p1a: Gengar
|-damage|p1a: Gengar|100\/262
|
|turn|16
|callback|decision
|
|move|p1a: Gengar|Shadow Ball|p2a: Dragonite
|-damage|p2a: Dragonite|0 fnt
|faint|p2a: Dragonite
|
|callback|decision
|
|switch|p2a: Togekiss|Togekiss, M|311\/311
|-damage|p2a: Togekiss|234\/311|[from] Stealth Rock
|turn|17
|callback|decision
|
|switch|p1a: Ferrothorn|Ferrothorn, M, shiny|292\/352 brn
|move|p2a: Togekiss|Air Slash|p1a: Ferrothorn
|-damage|p1a: Ferrothorn|183\/352 brn
|
|-heal|p2a: Togekiss|253\/311|[from] item: Leftovers
|-heal|p1a: Ferrothorn|205\/352 brn|[from] item: Leftovers
|-damage|p1a: Ferrothorn|161\/352 brn|[from] brn
|turn|18
|callback|decision
|
|switch|p1a: Heatran|Heatran, M|386\/386
|move|p2a: Togekiss|Flamethrower|p1a: Heatran
|-start|p1a: Heatran|ability: Flash Fire
|
|-heal|p2a: Togekiss|272\/311|[from] item: Leftovers
|turn|19
|callback|decision
|
|move|p2a: Togekiss|Aura Sphere|p1a: Heatran
|-supereffective|p1a: Heatran
|-damage|p1a: Heatran|240\/386
|move|p1a: Heatran|Lava Plume|p2a: Togekiss
|-damage|p2a: Togekiss|113\/311
|-status|p2a: Togekiss|brn
|
|-heal|p2a: Togekiss|132\/311 brn|[from] item: Leftovers
|-heal|p1a: Heatran|264\/386|[from] item: Leftovers
|-damage|p2a: Togekiss|94\/311 brn|[from] brn
|turn|20
|callback|decision
|
|switch|p1a: Gengar|Gengar, F, shiny|100\/262
|move|p2a: Togekiss|Air Slash|p1a: Gengar
|-damage|p1a: Gengar|0 fnt
|faint|p1a: Gengar
|
|-heal|p2a: Togekiss|113\/311 brn|[from] item: Leftovers
|-damage|p2a: Togekiss|75\/311 brn|[from] brn
|callback|decision
|
|switch|p1a: Mienshao|Mienshao, F|200\/272
|turn|21
|callback|decision
|
|move|p1a: Mienshao|Drain Punch|p2a: Togekiss
|-damage|p2a: Togekiss|0 fnt
|-heal|p1a: Mienshao|238\/272|[from] drain|[of] p2a: Togekiss
|-damage|p1a: Mienshao|211\/272|[from] item: Life Orb
|faint|p2a: Togekiss
|
|callback|decision
|
|switch|p2a: Jellicent|Jellicent, F|299\/341
|-damage|p2a: Jellicent|257\/341|[from] Stealth Rock
|turn|22
|callback|decision
|
|move|p1a: Mienshao|U-turn|p2a: Jellicent
|-crit|p2a: Jellicent
|-resisted|p2a: Jellicent
|-damage|p2a: Jellicent|150\/341
|-damage|p1a: Mienshao|184\/272|[from] item: Life Orb
|callback|decision
|
|switch|p1a: Ferrothorn|Ferrothorn, M, shiny|161\/352 brn
|move|p2a: Jellicent|Scald|p1a: Ferrothorn
|-resisted|p1a: Ferrothorn
|-damage|p1a: Ferrothorn|119\/352 brn
|
|-heal|p1a: Ferrothorn|141\/352 brn|[from] item: Leftovers
|-damage|p1a: Ferrothorn|97\/352 brn|[from] brn
|turn|23
|callback|decision
|
|move|p2a: Jellicent|Recover|p2a: Jellicent
|-heal|p2a: Jellicent|321\/341
|move|p1a: Ferrothorn|Leech Seed|p2a: Jellicent
|-start|p2a: Jellicent|move: Leech Seed
|
|-heal|p1a: Ferrothorn|119\/352 brn|[from] item: Leftovers
|-damage|p2a: Jellicent|279\/341|[from] Leech Seed|[of] p1a: Ferrothorn
|-heal|p1a: Ferrothorn|161\/352 brn|[silent]
|-damage|p1a: Ferrothorn|117\/352 brn|[from] brn
|turn|24
|callback|decision
|
|switch|p2a: Scizor|Scizor, M|322\/344
|-damage|p2a: Scizor|279\/344|[from] Stealth Rock
|move|p1a: Ferrothorn|Leech Seed|p2a: Scizor
|-start|p2a: Scizor|move: Leech Seed
|
|-heal|p2a: Scizor|300\/344|[from] item: Leftovers
|-heal|p1a: Ferrothorn|139\/352 brn|[from] item: Leftovers
|-damage|p2a: Scizor|257\/344|[from] Leech Seed|[of] p1a: Ferrothorn
|-heal|p1a: Ferrothorn|182\/352 brn|[silent]
|-damage|p1a: Ferrothorn|138\/352 brn|[from] brn
|turn|25
|callback|decision
|
|move|p1a: Ferrothorn|Protect|p1a: Ferrothorn
|-singleturn|p1a: Ferrothorn|Protect
|move|p2a: Scizor|Swords Dance|p2a: Scizor
|-boost|p2a: Scizor|atk|2
|
|-heal|p2a: Scizor|278\/344|[from] item: Leftovers
|-heal|p1a: Ferrothorn|160\/352 brn|[from] item: Leftovers
|-damage|p2a: Scizor|235\/344|[from] Leech Seed|[of] p1a: Ferrothorn
|-heal|p1a: Ferrothorn|203\/352 brn|[silent]
|-damage|p1a: Ferrothorn|159\/352 brn|[from] brn
|turn|26
|callback|decision
|
|switch|p1a: Landorus-Therian|Landorus-Therian, M|187\/320
|-ability|p1a: Landorus-Therian|Intimidate|[of] p2a: Scizor
|-unboost|p2a: Scizor|atk|1
|move|p2a: Scizor|Superpower|p1a: Landorus-Therian
|-resisted|p1a: Landorus-Therian
|-damage|p1a: Landorus-Therian|57\/320
|-unboost|p2a: Scizor|atk|1
|-unboost|p2a: Scizor|def|1
|
|-heal|p2a: Scizor|256\/344|[from] item: Leftovers
|-damage|p2a: Scizor|213\/344|[from] Leech Seed|[of] p1a: Landorus-Therian
|-heal|p1a: Landorus-Therian|100\/320|[silent]
|turn|27
|callback|decision
|
|move|p1a: Landorus-Therian|Earthquake|p2a: Scizor
|-damage|p2a: Scizor|0 fnt
|faint|p2a: Scizor
|
|callback|decision
|
|switch|p2a: Jellicent|Jellicent, F|279\/341
|-damage|p2a: Jellicent|237\/341|[from] Stealth Rock
|turn|28
|callback|decision
|
|move|p1a: Landorus-Therian|Earthquake|p2a: Jellicent
|-damage|p2a: Jellicent|51\/341
|move|p2a: Jellicent|Recover|p2a: Jellicent
|-heal|p2a: Jellicent|222\/341
|
|turn|29
|callback|decision
|
|move|p1a: Landorus-Therian|Earthquake|p2a: Jellicent
|-damage|p2a: Jellicent|23\/341
|move|p2a: Jellicent|Scald|p1a: Landorus-Therian
|-supereffective|p1a: Landorus-Therian
|-damage|p1a: Landorus-Therian|0 fnt
|faint|p1a: Landorus-Therian
|
|callback|decision
|
|switch|p1a: Mienshao|Mienshao, F|272\/272
|turn|30
|callback|decision
|
|move|p1a: Mienshao|Stone Edge|p2a: Jellicent
|-damage|p2a: Jellicent|0 fnt
|-damage|p1a: Mienshao|245\/272|[from] item: Life Orb
|faint|p2a: Jellicent
|
|win|bange
|raw|Ladder updating...
|raw|bange's rating: 1686 &rarr; <strong>1697<\/strong><br \/>(+11 for winning)
|raw|Yong-Yong's rating: 1592 &rarr; <strong>1542<\/strong><br \/>(-50 for losing)
|chat|Yong-Yong|gg
|leave|Yong-Yong
|player|p2