|join|bange
|join|nooblar
|player|p1|bange|266
|player|p2|nooblar|1
|gametype|singles
|tier|OU
|rated
|rule|Evasion Abilities Clause: Evasion abilities are banned
|clearpoke
|poke|p1|Zoroark, M, shiny
|poke|p1|Reuniclus, M
|poke|p1|Mamoswine, M
|poke|p1|Ferrothorn, M
|poke|p1|Jellicent, M
|poke|p1|Xatu, F
|poke|p2|Cloyster, F
|poke|p2|Ferrothorn, F
|poke|p2|Scizor, F
|poke|p2|Salamence, M
|poke|p2|Keldeo
|poke|p2|Latios, M
|rule|Sleep Clause: Limit one foe put to sleep
|rule|Species Clause: Limit one of each Pokemon
|rule|OHKO Clause: OHKO moves are banned
|rule|Moody Clause: Moody is banned
|rule|Evasion Moves Clause: Evasion moves are banned
|teampreview
|callback|decision
|
|start
|switch|p1a: Jellicent|Jellicent, M|262\/262
|switch|p2a: Cloyster|Cloyster, F|242\/242
|turn|1
|callback|decision
|
|move|p1a: Jellicent|Low Kick|p2a: Cloyster
|-supereffective|p2a: Cloyster
|-damage|p2a: Cloyster|46\/242
|move|p2a: Cloyster|Shell Smash|p2a: Cloyster
|-boost|p2a: Cloyster|atk|2
|-boost|p2a: Cloyster|spa|2
|-boost|p2a: Cloyster|spe|2
|-unboost|p2a: Cloyster|def|1
|-unboost|p2a: Cloyster|spd|1
|-enditem|p2a: Cloyster|White Herb
|-restoreboost|p2a: Cloyster|[silent]
|
|turn|2
|callback|decision
|
|switch|p1a: Ferrothorn|Ferrothorn, M|352\/352
|move|p2a: Cloyster|Icicle Spear|p1a: Ferrothorn
|-damage|p1a: Ferrothorn|304\/352
|-crit|p1a: Ferrothorn
|-damage|p1a: Ferrothorn|207\/352
|-damage|p1a: Ferrothorn|162\/352
|-damage|p1a: Ferrothorn|119\/352
|-damage|p1a: Ferrothorn|70\/352
|-hitcount|p1a: Ferrothorn|5
|
|-heal|p1a: Ferrothorn|92\/352|[from] item: Leftovers
|turn|3
|callback|decision
|
|move|p1a: Ferrothorn|Protect|p1a: Ferrothorn
|-singleturn|p1a: Ferrothorn|Protect
|move|p2a: Cloyster|Icicle Spear|p1a: Ferrothorn
|-activate|p1a: Ferrothorn|Protect
|
|-heal|p1a: Ferrothorn|114\/352|[from] item: Leftovers
|turn|4
|callback|decision
|
|switch|p1a: Mamoswine|Mamoswine, M|362\/362
|move|p2a: Cloyster|Icicle Spear|p1a: Mamoswine
|-damage|p1a: Mamoswine|323\/362
|-damage|p1a: Mamoswine|284\/362
|-damage|p1a: Mamoswine|239\/362
|-damage|p1a: Mamoswine|199\/362
|-damage|p1a: Mamoswine|160\/362
|-hitcount|p1a: Mamoswine|5
|
|turn|5
|callback|decision
|
|move|p1a: Mamoswine|Ice Shard|p2a: Cloyster
|-resisted|p2a: Cloyster
|-damage|p2a: Cloyster|35\/242
|move|p2a: Cloyster|Rock Blast|p1a: Mamoswine
|-damage|p1a: Mamoswine|100\/362
|-damage|p1a: Mamoswine|41\/362
|-damage|p1a: Mamoswine|0 fnt
|-hitcount|p1a: Mamoswine|3
|faint|p1a: Mamoswine
|
|callback|decision
|
|switch|p1a: Jellicent|Jellicent, M|262\/262
|turn|6
|callback|decision
|
|move|p1a: Jellicent|Sucker Punch|p2a: Cloyster
|-damage|p2a: Cloyster|0 fnt
|faint|p2a: Cloyster
|
|callback|decision
|
|switch|p2a: Keldeo|Keldeo|323\/323
|turn|7
|callback|decision
|
|switch|p1a: Jellicent|Jellicent, M|404\/404
|move|p2a: Keldeo|Secret Sword|p1a: Jellicent
|-immune|p1a: Jellicent|[msg]
|
|turn|8
|callback|decision
|
|switch|p2a: Ferrothorn|Ferrothorn, F|352\/352
|move|p1a: Jellicent|Scald|p2a: Ferrothorn
|-resisted|p2a: Ferrothorn
|-damage|p2a: Ferrothorn|313\/352
|-status|p2a: Ferrothorn|brn
|
|-heal|p2a: Ferrothorn|335\/352 brn|[from] item: Leftovers
|-damage|p2a: Ferrothorn|291\/352 brn|[from] brn
|turn|9
|callback|decision
|
|switch|p1a: Xatu|Xatu, F|334\/334
|move|p2a: Ferrothorn|Leech Seed|p1a: Xatu
|move|p1a: Xatu|Leech Seed|p2a: Ferrothorn|[from]Magic Bounce
|-immune|p2a: Ferrothorn|[msg]
|
|-heal|p2a: Ferrothorn|313\/352 brn|[from] item: Leftovers
|-damage|p2a: Ferrothorn|269\/352 brn|[from] brn
|turn|10
|callback|decision
|
|switch|p2a: Salamence|Salamence, M|331\/331
|move|p1a: Xatu|Heat Wave|p2a: Salamence
|-resisted|p2a: Salamence
|-damage|p2a: Salamence|288\/331
|
|turn|11
|callback|decision
|
|move|p2a: Salamence|Outrage|p1a: Xatu
|-damage|p1a: Xatu|132\/334
|-damage|p2a: Salamence|233\/331|[from] item: Rocky Helmet|[of] p1a: Xatu
|move|p1a: Xatu|U-turn|p2a: Salamence
|-resisted|p2a: Salamence
|-damage|p2a: Salamence|209\/331
|callback|decision
|
|switch|p1a: Jellicent|Jellicent, M|404\/404
|
|turn|12
|callback|decision
|
|move|p2a: Salamence|Outrage|p1a: Jellicent
|-damage|p1a: Jellicent|169\/404
|-enditem|p1a: Jellicent|Sitrus Berry|[eat]
|-heal|p1a: Jellicent|270\/404|[from] item: Sitrus Berry
|move|p1a: Jellicent|Ice Beam|p2a: Salamence
|-supereffective|p2a: Salamence
|-damage|p2a: Salamence|0 fnt
|faint|p2a: Salamence
|
|callback|decision
|
|switch|p2a: Latios|Latios, M|302\/302
|turn|13
|callback|decision
|
|switch|p1a: Zoroark|Zoroark, M, shiny|262\/262
|move|p2a: Latios|Draco Meteor|p1a: Zoroark
|-damage|p1a: Zoroark|0 fnt
|-unboost|p2a: Latios|spa|2
|faint|p1a: Zoroark
|
|callback|decision
|
|switch|p1a: Jellicent|Jellicent, M|270\/404
|turn|14
|callback|decision
|
|switch|p2a: Ferrothorn|Ferrothorn, F|269\/352 brn
|move|p1a: Jellicent|Recover|p1a: Jellicent
|-heal|p1a: Jellicent|404\/404
|
|-heal|p2a: Ferrothorn|291\/352 brn|[from] item: Leftovers
|-damage|p2a: Ferrothorn|247\/352 brn|[from] brn
|turn|15
|callback|decision
|
|switch|p1a: Xatu|Xatu, F|132\/334
|move|p2a: Ferrothorn|Power Whip|p1a: Xatu|[miss]
|-miss|p2a: Ferrothorn|p1a: Xatu
|
|-heal|p2a: Ferrothorn|269\/352 brn|[from] item: Leftovers
|-damage|p2a: Ferrothorn|225\/352 brn|[from] brn
|turn|16
|callback|decision
|
|move|p1a: Xatu|Roost|p1a: Xatu
|-heal|p1a: Xatu|299\/334
|move|p2a: Ferrothorn|Power Whip|p1a: Xatu
|-damage|p1a: Xatu|236\/334
|-damage|p2a: Ferrothorn|167\/352 brn|[from] item: Rocky Helmet|[of] p1a: Xatu
|
|-heal|p2a: Ferrothorn|189\/352 brn|[from] item: Leftovers
|-damage|p2a: Ferrothorn|145\/352 brn|[from] brn
|turn|17
|callback|decision
|
|switch|p2a: Scizor|Scizor, F|344\/344
|move|p1a: Xatu|Roost|p1a: Xatu
|-heal|p1a: Xatu|334\/334
|
|turn|18
|callback|decision
|
|move|p1a: Xatu|Heat Wave|p2a: Scizor
|-crit|p2a: Scizor
|-supereffective|p2a: Scizor
|-damage|p2a: Scizor|0 fnt
|faint|p2a: Scizor
|
|callback|decision
|
|switch|p2a: Keldeo|Keldeo|323\/323
|turn|19
|callback|decision
|
|move|p2a: Keldeo|Hydro Pump|p1a: Xatu
|-damage|p1a: Xatu|24\/334
|move|p1a: Xatu|Psychic|p2a: Keldeo
|-supereffective|p2a: Keldeo
|-damage|p2a: Keldeo|83\/323
|
|turn|20
|callback|decision
|
|switch|p1a: Jellicent|Jellicent, M|404\/404
|move|p2a: Keldeo|Hydro Pump|p1a: Jellicent
|
|turn|21
|callback|decision
|
|switch|p2a: Latios|Latios, M|302\/302
|move|p1a: Jellicent|Ice Beam|p2a: Latios
|-supereffective|p2a: Latios
|-damage|p2a: Latios|190\/302
|
|turn|22
|callback|decision
|
|move|p2a: Latios|Draco Meteor|p1a: Jellicent
|-damage|p1a: Jellicent|130\/404
|-unboost|p2a: Latios|spa|2
|move|p1a: Jellicent|Ice Beam|p2a: Latios
|-supereffective|p2a: Latios
|-damage|p2a: Latios|58\/302
|
|turn|23
|callback|decision
|
|switch|p1a: Ferrothorn|Ferrothorn, M|114\/352
|move|p2a: Latios|Draco Meteor|p1a: Ferrothorn|[miss]
|-miss|p2a: Latios|p1a: Ferrothorn
|
|-heal|p1a: Ferrothorn|136\/352|[from] item: Leftovers
|turn|24
|callback|decision
|
|move|p2a: Latios|Draco Meteor|p1a: Ferrothorn
|-resisted|p1a: Ferrothorn
|-damage|p1a: Ferrothorn|61\/352
|-unboost|p2a: Latios|spa|2
|move|p1a: Ferrothorn|Stealth Rock|p2a: Latios
|-sidestart|p2: nooblar|move: Stealth Rock
|
|-heal|p1a: Ferrothorn|83\/352|[from] item: Leftovers
|turn|25
|callback|decision
|
|move|p2a: Latios|Draco Meteor|p1a: Ferrothorn
|-resisted|p1a: Ferrothorn
|-damage|p1a: Ferrothorn|28\/352
|-unboost|p2a: Latios|spa|2
|move|p1a: Ferrothorn|Leech Seed|p2a: Latios
|-start|p2a: Latios|move: Leech Seed
|
|-heal|p1a: Ferrothorn|50\/352|[from] item: Leftovers
|-damage|p2a: Latios|21\/302|[from] Leech Seed|[of] p1a: Ferrothorn
|-heal|p1a: Ferrothorn|87\/352|[silent]
|turn|26
|callback|decision
|
|switch|p2a: Keldeo|Keldeo|83\/323
|-damage|p2a: Keldeo|63\/323|[from] Stealth Rock
|move|p1a: Ferrothorn|Leech Seed|p2a: Keldeo
|-start|p2a: Keldeo|move: Leech Seed
|
|-heal|p1a: Ferrothorn|109\/352|[from] item: Leftovers
|-damage|p2a: Keldeo|23\/323|[from] Leech Seed|[of] p1a: Ferrothorn
|-heal|p1a: Ferrothorn|149\/352|[silent]
|turn|27
|callback|decision
|
|move|p1a: Ferrothorn|Protect|p1a: Ferrothorn
|-singleturn|p1a: Ferrothorn|Protect
|move|p2a: Keldeo|Hidden Power|p1a: Ferrothorn
|-activate|p1a: Ferrothorn|Protect
|
|-heal|p1a: Ferrothorn|171\/352|[from] item: Leftovers
|-damage|p2a: Keldeo|0 fnt|[from] Leech Seed|[of] p1a: Ferrothorn
|-heal|p1a: Ferrothorn|194\/352|[silent]
|faint|p2a: Keldeo
|callback|decision
|chat|nooblar|gg
|-message|nooblar forfeited.
|
|win|bange
|raw|Ladder updating...
|raw|bange's rating: 1672 &rarr; <strong>1680<\/strong><br \/>(+8 for winning)
|raw|nooblar's rating: 1562 &rarr; <strong>1560<\/strong><br \/>(-2 for losing)
|leave|nooblar
|player|p2