|join|Bange
|join|joker103
|player|p1|Bange|101
|player|p2|joker103|102
|gametype|singles
|tier|OU
|rated
|rule|Evasion Abilities Clause: Evasion abilities are banned
|clearpoke
|poke|p1|Darmanitan, F, shiny
|poke|p1|Empoleon, M
|poke|p1|Blissey, F
|poke|p1|Cofagrigus, M
|poke|p1|Tangrowth, M
|poke|p1|Garchomp, F
|poke|p2|Hydreigon, M
|poke|p2|Alakazam, M
|poke|p2|Heatran, F
|poke|p2|Rhyperior, M
|poke|p2|Mew, shiny
|poke|p2|Gliscor, M, shiny
|rule|Sleep Clause Mod: Limit one foe put to sleep
|rule|Species Clause: Limit one of each Pokemon
|rule|OHKO Clause: OHKO moves are banned
|rule|Moody Clause: Moody is banned
|rule|Evasion Moves Clause: Evasion moves are banned
|rule|HP Percentage Mod: HP is reported as percentages
|teampreview
|callback|decision
|
|start
|switch|p1a: Darmanitan|Darmanitan, F, shiny|352\/352
|switch|p2a: Mew|Mew, shiny|390\/390
|turn|1
|callback|decision
|
|move|p2a: Mew|Nasty Plot|p2a: Mew
|-boost|p2a: Mew|spa|2
|move|p1a: Darmanitan|Flare Blitz|p2a: Mew
|-damage|p2a: Mew|3\/390
|-damage|p1a: Darmanitan|224\/352|[from] recoil|[of] p2a: Mew
|
|turn|2
|callback|decision
|
|switch|p1a: Blissey|Blissey, F|714\/714
|move|p2a: Mew|Psychic|p1a: Blissey
|-damage|p1a: Blissey|563\/714
|-enditem|p1a: Blissey|Eject Button
|callback|decision
|
|switch|p1a: Garchomp|Garchomp, F|357\/357
|
|turn|3
|callback|decision
|
|move|p1a: Garchomp|Earthquake|p2a: Mew
|-damage|p2a: Mew|0 fnt
|faint|p2a: Mew
|
|callback|decision
|
|switch|p2a: Hydreigon|Hydreigon, M|325\/325
|turn|4
|callback|decision
|
|switch|p1a: Blissey|Blissey, F|563\/714
|move|p2a: Hydreigon|Draco Meteor|p1a: Blissey
|-damage|p1a: Blissey|404\/714
|-unboost|p2a: Hydreigon|spa|2
|
|turn|5
|callback|decision
|
|move|p2a: Hydreigon|Focus Blast|p1a: Blissey
|-supereffective|p1a: Blissey
|-damage|p1a: Blissey|324\/714
|move|p1a: Blissey|Stealth Rock|p2a: Hydreigon
|-sidestart|p2: joker103|move: Stealth Rock
|
|turn|6
|callback|decision
|
|move|p2a: Hydreigon|Focus Blast|p1a: Blissey
|-crit|p1a: Blissey
|-supereffective|p1a: Blissey
|-damage|p1a: Blissey|0 fnt
|faint|p1a: Blissey
|
|callback|decision
|
|switch|p1a: Garchomp|Garchomp, F|357\/357
|turn|7
|callback|decision
|
|move|p1a: Garchomp|Dual Chop|p2a: Hydreigon
|-supereffective|p2a: Hydreigon
|-damage|p2a: Hydreigon|161\/325
|-supereffective|p2a: Hydreigon
|-damage|p2a: Hydreigon|3\/325
|-hitcount|p2a: Hydreigon|2
|move|p2a: Hydreigon|Draco Meteor|p1a: Garchomp
|-supereffective|p1a: Garchomp
|-damage|p1a: Garchomp|103\/357
|-unboost|p2a: Hydreigon|spa|2
|
|turn|8
|callback|decision
|
|move|p1a: Garchomp|Dual Chop|p2a: Hydreigon
|-supereffective|p2a: Hydreigon
|-message|Hydreigon held on using its Focus Band! (placeholder)
|-damage|p2a: Hydreigon|1\/325
|-supereffective|p2a: Hydreigon
|-damage|p2a: Hydreigon|0 fnt
|-hitcount|p2a: Hydreigon|2
|faint|p2a: Hydreigon
|
|callback|decision
|
|switch|p2a: Heatran|Heatran, F|386\/386
|-damage|p2a: Heatran|338\/386|[from] Stealth Rock
|turn|9
|callback|decision
|
|switch|p1a: Cofagrigus|Cofagrigus, M|320\/320
|move|p2a: Heatran|Dragon Pulse|p1a: Cofagrigus
|-damage|p1a: Cofagrigus|222\/320
|
|-heal|p1a: Cofagrigus|242\/320|[from] item: Leftovers
|turn|10
|callback|decision
|
|move|p2a: Heatran|Dark Pulse|p1a: Cofagrigus
|-supereffective|p1a: Cofagrigus
|-damage|p1a: Cofagrigus|70\/320
|move|p1a: Cofagrigus|Pain Split|p2a: Heatran
|-sethp|p2a: Heatran|204\/386|p1a: Cofagrigus|204\/320|[from] move: Pain Split
|
|-heal|p1a: Cofagrigus|224\/320|[from] item: Leftovers
|turn|11
|callback|decision
|
|move|p2a: Heatran|Dark Pulse|p1a: Cofagrigus
|-supereffective|p1a: Cofagrigus
|-damage|p1a: Cofagrigus|62\/320
|move|p1a: Cofagrigus|Pain Split|p2a: Heatran
|-sethp|p2a: Heatran|133\/386|p1a: Cofagrigus|133\/320|[from] move: Pain Split
|
|-heal|p1a: Cofagrigus|153\/320|[from] item: Leftovers
|turn|12
|callback|decision
|
|switch|p1a: Empoleon|Empoleon, M|317\/317
|-item|p1a: Empoleon|Air Balloon
|move|p2a: Heatran|Dark Pulse|p1a: Empoleon
|-crit|p1a: Empoleon
|-resisted|p1a: Empoleon
|-damage|p1a: Empoleon|213\/317
|-enditem|p1a: Empoleon|Air Balloon
|
|turn|13
|callback|decision
|
|move|p1a: Empoleon|Agility|p1a: Empoleon
|-boost|p1a: Empoleon|spe|2
|move|p2a: Heatran|Fire Blast|p1a: Empoleon
|-crit|p1a: Empoleon
|-damage|p1a: Empoleon|0 fnt
|faint|p1a: Empoleon
|
|callback|decision
|
|switch|p1a: Darmanitan|Darmanitan, F, shiny|224\/352
|turn|14
|callback|decision
|
|move|p1a: Darmanitan|Rock Slide|p2a: Heatran
|-damage|p2a: Heatran|0 fnt
|faint|p2a: Heatran
|
|callback|decision
|
|switch|p2a: Gliscor|Gliscor, M, shiny|325\/325
|-damage|p2a: Gliscor|285\/325|[from] Stealth Rock
|turn|15
|callback|decision
|
|move|p1a: Darmanitan|Flare Blitz|p2a: Gliscor
|-damage|p2a: Gliscor|0 fnt
|-damage|p1a: Darmanitan|130\/352|[from] recoil|[of] p2a: Gliscor
|faint|p2a: Gliscor
|
|callback|decision
|
|switch|p2a: Alakazam|Alakazam, M|285\/285
|-damage|p2a: Alakazam|250\/285|[from] Stealth Rock
|turn|16
|callback|decision
|
|move|p1a: Darmanitan|U-turn|p2a: Alakazam
|-supereffective|p2a: Alakazam
|-damage|p2a: Alakazam|0 fnt
|-damage|p1a: Darmanitan|95\/352|[from] item: Life Orb
|faint|p2a: Alakazam
|callback|decision
|
|switch|p1a: Tangrowth|Tangrowth, M|404\/404
|
|callback|decision
|
|switch|p2a: Rhyperior|Rhyperior, M|400\/400
|-damage|p2a: Rhyperior|375\/400|[from] Stealth Rock
|turn|17
|callback|decision
|
|move|p1a: Tangrowth|Giga Drain|p2a: Rhyperior
|-supereffective|p2a: Rhyperior
|-damage|p2a: Rhyperior|0 fnt
|faint|p2a: Rhyperior
|
|win|Bange
|raw|Ladder updating...
|raw|Bange's rating: 1007 &rarr; <strong>1266<\/strong><br \/>(+259 for winning)
|raw|joker103's rating: 1255 &rarr; <strong>1244<\/strong><br \/>(-11 for losing)