|join|bange
|join|SMOGON POLICE
|player|p1|bange|142
|player|p2|SMOGON POLICE|2
|gametype|singles
|tier|OU
|rated
|rule|Evasion Abilities Clause: Evasion abilities are banned
|clearpoke
|poke|p1|Mamoswine, M
|poke|p1|Scizor, F
|poke|p1|Latios, M
|poke|p1|Jellicent, F
|poke|p1|Conkeldurr, M
|poke|p1|Tyranitar, M
|poke|p2|Breloom, F
|poke|p2|Keldeo-Resolute
|poke|p2|Latios, M
|poke|p2|Gliscor, F
|poke|p2|Heatran, F
|poke|p2|Mamoswine, M
|rule|Sleep Clause Mod: Limit one foe put to sleep
|rule|Species Clause: Limit one of each Pokemon
|rule|OHKO Clause: OHKO moves are banned
|rule|Moody Clause: Moody is banned
|rule|Evasion Moves Clause: Evasion moves are banned
|rule|HP Percentage Mod: HP is reported as percentages
|teampreview
|callback|decision
|
|start
|switch|p1a: Mamoswine|Mamoswine, M|362\/362
|switch|p2a: Gliscor|Gliscor, F|353\/353
|turn|1
|callback|decision
|
|move|p2a: Gliscor|Stealth Rock|p1a: Mamoswine
|-sidestart|p1: bange|move: Stealth Rock
|move|p1a: Mamoswine|Stealth Rock|p2a: Gliscor
|-sidestart|p2: SMOGON POLICE|move: Stealth Rock
|
|-activate|p2a: Gliscor|item: Toxic Orb
|-status|p2a: Gliscor|tox
|turn|2
|callback|decision
|
|switch|p2a: Keldeo-Resolute|Keldeo-Resolute|324\/324
|-damage|p2a: Keldeo-Resolute|304\/324|[from] Stealth Rock
|move|p1a: Mamoswine|Icicle Spear|p2a: Keldeo-Resolute
|-resisted|p2a: Keldeo-Resolute
|-damage|p2a: Keldeo-Resolute|277\/324
|-resisted|p2a: Keldeo-Resolute
|-damage|p2a: Keldeo-Resolute|251\/324
|-resisted|p2a: Keldeo-Resolute
|-damage|p2a: Keldeo-Resolute|227\/324
|-resisted|p2a: Keldeo-Resolute
|-damage|p2a: Keldeo-Resolute|203\/324
|-hitcount|p2a: Keldeo-Resolute|4
|
|turn|3
|callback|decision
|
|switch|p1a: Jellicent|Jellicent, F|379\/379
|-damage|p1a: Jellicent|332\/379|[from] Stealth Rock
|move|p2a: Keldeo-Resolute|Surf|p1a: Jellicent
|-heal|p1a: Jellicent|379\/379|[from] ability: Water Absorb|[of] p2a: Keldeo-Resolute
|
|turn|4
|callback|decision
|
|switch|p2a: Gliscor|Gliscor, F|353\/353 tox
|-damage|p2a: Gliscor|309\/353 tox|[from] Stealth Rock
|move|p1a: Jellicent|Trick Room|p1a: Jellicent
|-fieldstart|move: Trick Room|[of] p1a: Jellicent
|
|-heal|p2a: Gliscor|353\/353 tox|[from] ability: Poison Heal
|turn|5
|callback|decision
|
|switch|p2a: Mamoswine|Mamoswine, M|361\/361
|-damage|p2a: Mamoswine|316\/361|[from] Stealth Rock
|move|p1a: Jellicent|Ice Beam|p2a: Mamoswine
|-damage|p2a: Mamoswine|222\/361
|-damage|p1a: Jellicent|342\/379|[from] item: Life Orb
|
|turn|6
|callback|decision
|
|move|p1a: Jellicent|Hydro Pump|p2a: Mamoswine
|-supereffective|p2a: Mamoswine
|-damage|p2a: Mamoswine|0 fnt
|-damage|p1a: Jellicent|305\/379|[from] item: Life Orb
|faint|p2a: Mamoswine
|
|callback|decision
|
|switch|p2a: Latios|Latios, M|301\/301
|-damage|p2a: Latios|264\/301|[from] Stealth Rock
|turn|7
|callback|decision
|
|move|p1a: Jellicent|Shadow Ball|p2a: Latios
|-supereffective|p2a: Latios
|-damage|p2a: Latios|0 fnt
|-damage|p1a: Jellicent|268\/379|[from] item: Life Orb
|faint|p2a: Latios
|
|callback|decision
|
|switch|p2a: Keldeo-Resolute|Keldeo-Resolute|203\/324
|-damage|p2a: Keldeo-Resolute|183\/324|[from] Stealth Rock
|turn|8
|callback|decision
|
|switch|p2a: Breloom|Breloom, F|323\/323
|-damage|p2a: Breloom|303\/323|[from] Stealth Rock
|move|p1a: Jellicent|Shadow Ball|p2a: Breloom
|-damage|p2a: Breloom|68\/323
|-damage|p1a: Jellicent|231\/379|[from] item: Life Orb
|
|-fieldend|move: Trick Room
|-activate|p2a: Breloom|item: Toxic Orb
|-status|p2a: Breloom|tox
|turn|9
|callback|decision
|
|move|p2a: Breloom|Spore|p1a: Jellicent
|-status|p1a: Jellicent|slp
|cant|p1a: Jellicent|slp
|
|-heal|p2a: Breloom|108\/323 tox|[from] ability: Poison Heal
|turn|10
|callback|decision
|
|switch|p1a: Latios|Latios, M|302\/302
|-damage|p1a: Latios|265\/302|[from] Stealth Rock
|move|p2a: Breloom|Substitute|p2a: Breloom
|-start|p2a: Breloom|Substitute
|-damage|p2a: Breloom|28\/323 tox
|
|-heal|p2a: Breloom|68\/323 tox|[from] ability: Poison Heal
|turn|11
|callback|decision
|
|-singleturn|p2a: Breloom|move: Focus Punch
|move|p1a: Latios|Trick|p2a: Breloom
|move|p2a: Breloom|Focus Punch|p1a: Latios
|-resisted|p1a: Latios
|-damage|p1a: Latios|76\/302
|
|-heal|p2a: Breloom|108\/323 tox|[from] ability: Poison Heal
|turn|12
|callback|decision
|
|-singleturn|p2a: Breloom|move: Focus Punch
|move|p1a: Latios|Trick|p2a: Breloom
|move|p2a: Breloom|Focus Punch|p1a: Latios
|-resisted|p1a: Latios
|-damage|p1a: Latios|0 fnt
|faint|p1a: Latios
|
|-heal|p2a: Breloom|148\/323 tox|[from] ability: Poison Heal
|callback|decision
|
|switch|p1a: Mamoswine|Mamoswine, M|362\/362
|-damage|p1a: Mamoswine|317\/362|[from] Stealth Rock
|turn|13
|callback|decision
|
|switch|p2a: Gliscor|Gliscor, F|353\/353 tox
|-damage|p2a: Gliscor|309\/353 tox|[from] Stealth Rock
|move|p1a: Mamoswine|Icicle Spear|p2a: Gliscor
|-crit|p2a: Gliscor
|-supereffective|p2a: Gliscor
|-damage|p2a: Gliscor|17\/353 tox
|-supereffective|p2a: Gliscor
|-damage|p2a: Gliscor|0 fnt
|-hitcount|p2a: Gliscor|2
|faint|p2a: Gliscor
|
|callback|decision
|
|switch|p2a: Heatran|Heatran, F|366\/366
|-damage|p2a: Heatran|321\/366|[from] Stealth Rock
|-item|p2a: Heatran|Air Balloon
|turn|14
|callback|decision
|
|move|p1a: Mamoswine|Icicle Spear|p2a: Heatran
|-resisted|p2a: Heatran
|-damage|p2a: Heatran|311\/366
|-enditem|p2a: Heatran|Air Balloon
|-resisted|p2a: Heatran
|-damage|p2a: Heatran|301\/366
|-resisted|p2a: Heatran
|-damage|p2a: Heatran|291\/366
|-resisted|p2a: Heatran
|-damage|p2a: Heatran|281\/366
|-hitcount|p2a: Heatran|4
|move|p2a: Heatran|Lava Plume|p1a: Mamoswine
|-supereffective|p1a: Mamoswine
|-damage|p1a: Mamoswine|93\/362
|-status|p1a: Mamoswine|brn
|
|-damage|p1a: Mamoswine|48\/362 brn|[from] brn
|turn|15
|callback|decision
|
|switch|p2a: Breloom|Breloom, F|148\/323 tox
|-damage|p2a: Breloom|128\/323 tox|[from] Stealth Rock
|move|p1a: Mamoswine|Earthquake|p2a: Breloom
|-resisted|p2a: Breloom
|-damage|p2a: Breloom|73\/323 tox
|
|-damage|p1a: Mamoswine|3\/362 brn|[from] brn
|-heal|p2a: Breloom|113\/323 tox|[from] ability: Poison Heal
|turn|16
|callback|decision
|
|switch|p2a: Heatran|Heatran, F|281\/366
|-damage|p2a: Heatran|236\/366|[from] Stealth Rock
|move|p1a: Mamoswine|Earthquake|p2a: Heatran
|-supereffective|p2a: Heatran
|-damage|p2a: Heatran|0 fnt
|faint|p2a: Heatran
|
|-damage|p1a: Mamoswine|0 fnt|[from] brn
|faint|p1a: Mamoswine
|callback|decision
|
|switch|p1a: Scizor|Scizor, F|302\/302
|-damage|p1a: Scizor|265\/302|[from] Stealth Rock
|switch|p2a: Breloom|Breloom, F|113\/323 tox
|-damage|p2a: Breloom|93\/323 tox|[from] Stealth Rock
|turn|17
|callback|decision
|
|move|p1a: Scizor|Quick Attack|p2a: Breloom
|-damage|p2a: Breloom|0 fnt
|faint|p2a: Breloom
|
|callback|decision
|-message|SMOGON POLICE forfeited.
|
|win|bange
|raw|Ladder updating...
|raw|bange's rating: 1809 &rarr; <strong>1818<\/strong><br \/>(+9 for winning)
|raw|SMOGON POLICE's rating: 1711 &rarr; <strong>1696<\/strong><br \/>(-15 for losing)
|leave|SMOGON POLICE
|player|p2