|join|bange
|join|NeildeSaganNyeson
|player|p1|bange|142
|player|p2|NeildeSaganNyeson|160
|gametype|singles
|tier|OU
|rated
|rule|Evasion Abilities Clause: Evasion abilities are banned
|clearpoke
|poke|p1|Togekiss, F
|poke|p1|Cloyster, M
|poke|p1|Mienshao, M
|poke|p1|Claydol
|poke|p1|Blissey, F
|poke|p1|Slowbro, M
|poke|p2|Ninetales, F
|poke|p2|Forretress, F
|poke|p2|Victini
|poke|p2|Terrakion
|poke|p2|Shiftry, F
|poke|p2|Azelf
|rule|Sleep Clause Mod: Limit one foe put to sleep
|rule|Species Clause: Limit one of each Pokemon
|rule|OHKO Clause: OHKO moves are banned
|rule|Moody Clause: Moody is banned
|rule|Evasion Moves Clause: Evasion moves are banned
|rule|HP Percentage Mod: HP is reported as percentages
|teampreview
|callback|decision
|
|start
|switch|p1a: Mienshao|Mienshao, M|271\/271
|switch|p2a: Ninetales|Ninetales, F|288\/288
|-weather|SunnyDay|[from] ability: Drought|[of] p2a: Ninetales
|turn|1
|callback|decision
|
|move|p1a: Mienshao|U-turn|p2a: Ninetales
|-resisted|p2a: Ninetales
|-damage|p2a: Ninetales|238\/288
|callback|decision
|
|switch|p1a: Blissey|Blissey, F|672\/672
|move|p2a: Ninetales|Fire Blast|p1a: Blissey
|-damage|p1a: Blissey|521\/672
|
|-weather|SunnyDay|[upkeep]
|-heal|p2a: Ninetales|256\/288|[from] item: Leftovers
|turn|2
|callback|decision
|
|switch|p2a: Forretress|Forretress, F|354\/354
|move|p1a: Blissey|Thunder|p2a: Forretress|[miss]
|-miss|p1a: Blissey|p2a: Forretress
|
|-weather|SunnyDay|[upkeep]
|turn|3
|callback|decision
|
|move|p1a: Blissey|Fire Blast|p2a: Forretress
|-supereffective|p2a: Forretress
|-activate|p2a: Forretress|Sturdy
|-damage|p2a: Forretress|1\/354
|move|p2a: Forretress|Stealth Rock|p1a: Blissey
|-sidestart|p1: bange|move: Stealth Rock
|
|-weather|SunnyDay|[upkeep]
|-heal|p2a: Forretress|23\/354|[from] item: Leftovers
|turn|4
|callback|decision
|
|move|p1a: Blissey|Thunder|p2a: Forretress|[miss]
|-miss|p1a: Blissey|p2a: Forretress
|move|p2a: Forretress|Gyro Ball|p1a: Blissey
|-damage|p1a: Blissey|394\/672
|
|-weather|SunnyDay|[upkeep]
|-heal|p2a: Forretress|45\/354|[from] item: Leftovers
|turn|5
|callback|decision
|
|switch|p2a: Victini|Victini|342\/342
|move|p1a: Blissey|Wish|p1a: Blissey
|
|-weather|SunnyDay|[upkeep]
|turn|6
|callback|decision
|
|switch|p1a: Slowbro|Slowbro, M|394\/394
|-damage|p1a: Slowbro|345\/394|[from] Stealth Rock
|move|p2a: Victini|Focus Blast|p1a: Slowbro
|-crit|p1a: Slowbro
|-resisted|p1a: Slowbro
|-damage|p1a: Slowbro|187\/394
|
|-weather|SunnyDay|[upkeep]
|-heal|p1a: Slowbro|394\/394|[from] move: Wish|[wisher] Blissey
|turn|7
|callback|decision
|
|switch|p2a: Shiftry|Shiftry, F|321\/321
|move|p1a: Slowbro|Calm Mind|p1a: Slowbro
|-boost|p1a: Slowbro|spa|1
|-boost|p1a: Slowbro|spd|1
|
|-weather|SunnyDay|[upkeep]
|turn|8
|callback|decision
|
|move|p2a: Shiftry|Swords Dance|p2a: Shiftry
|-boost|p2a: Shiftry|atk|2
|move|p1a: Slowbro|Fire Blast|p2a: Shiftry
|-supereffective|p2a: Shiftry
|-damage|p2a: Shiftry|0 fnt
|faint|p2a: Shiftry
|
|-weather|SunnyDay|[upkeep]
|callback|decision
|
|switch|p2a: Ninetales|Ninetales, F|256\/288
|turn|9
|callback|decision
|
|move|p2a: Ninetales|SolarBeam|p1a: Slowbro|[still]
|-prepare|p2a: Ninetales|SolarBeam|p1a: Slowbro
|-anim|p2a: Ninetales|SolarBeam|p1a: Slowbro
|-supereffective|p1a: Slowbro
|-damage|p1a: Slowbro|228\/394
|move|p1a: Slowbro|Psyshock|p2a: Ninetales
|-crit|p2a: Ninetales
|-damage|p2a: Ninetales|0 fnt
|faint|p2a: Ninetales
|
|-weather|SunnyDay|[upkeep]
|callback|decision
|
|switch|p2a: Victini|Victini|342\/342
|turn|10
|callback|decision
|
|switch|p1a: Claydol|Claydol|324\/324
|-damage|p1a: Claydol|304\/324|[from] Stealth Rock
|move|p2a: Victini|Thunderbolt|p1a: Claydol
|-immune|p1a: Claydol|[msg]
|
|-weather|SunnyDay|[upkeep]
|turn|11
|callback|decision
|
|move|p2a: Victini|Blue Flare|p1a: Claydol|[miss]
|-miss|p2a: Victini|p1a: Claydol
|move|p1a: Claydol|Rapid Spin|p2a: Victini
|-damage|p2a: Victini|333\/342
|-sideend|p1: bange|Stealth Rock|[from] move: Rapid Spin|[of] p1a: Claydol
|
|-weather|SunnyDay|[upkeep]
|turn|12
|callback|decision
|
|switch|p2a: Forretress|Forretress, F|45\/354
|move|p1a: Claydol|Stealth Rock|p2a: Forretress
|-sidestart|p2: NeildeSaganNyeson|move: Stealth Rock
|
|-weather|SunnyDay|[upkeep]
|-heal|p2a: Forretress|67\/354|[from] item: Leftovers
|turn|13
|callback|decision
|
|move|p1a: Claydol|Earth Power|p2a: Forretress
|-damage|p2a: Forretress|0 fnt
|faint|p2a: Forretress
|
|-weather|SunnyDay|[upkeep]
|callback|decision
|
|switch|p2a: Victini|Victini|333\/342
|-damage|p2a: Victini|248\/342|[from] Stealth Rock
|turn|14
|callback|decision
|
|move|p2a: Victini|Blue Flare|p1a: Claydol
|-damage|p1a: Claydol|69\/324
|-enditem|p1a: Claydol|Sitrus Berry|[eat]
|-heal|p1a: Claydol|150\/324|[from] item: Sitrus Berry
|move|p1a: Claydol|Earth Power|p2a: Victini
|-supereffective|p2a: Victini
|-damage|p2a: Victini|86\/342
|
|-weather|SunnyDay|[upkeep]
|turn|15
|callback|decision
|
|move|p2a: Victini|Blue Flare|p1a: Claydol
|-damage|p1a: Claydol|0 fnt
|faint|p1a: Claydol
|
|-weather|SunnyDay|[upkeep]
|callback|decision
|
|switch|p1a: Mienshao|Mienshao, M|271\/271
|turn|16
|callback|decision
|
|switch|p2a: Azelf|Azelf|291\/291
|-damage|p2a: Azelf|255\/291|[from] Stealth Rock
|move|p1a: Mienshao|Stone Edge|p2a: Azelf
|-damage|p2a: Azelf|104\/291
|
|-weather|SunnyDay|[upkeep]
|turn|17
|callback|decision
|
|move|p2a: Azelf|Psychic|p1a: Mienshao
|-supereffective|p1a: Mienshao
|-damage|p1a: Mienshao|0 fnt
|faint|p1a: Mienshao
|
|-weather|SunnyDay|[upkeep]
|callback|decision
|
|switch|p1a: Cloyster|Cloyster, M|242\/242
|turn|18
|callback|decision
|
|move|p2a: Azelf|Psychic|p1a: Cloyster
|-enditem|p1a: Cloyster|Focus Sash
|-damage|p1a: Cloyster|1\/242
|move|p1a: Cloyster|Shell Smash|p1a: Cloyster
|-boost|p1a: Cloyster|atk|2
|-boost|p1a: Cloyster|spa|2
|-boost|p1a: Cloyster|spe|2
|-unboost|p1a: Cloyster|def|1
|-unboost|p1a: Cloyster|spd|1
|
|-weather|SunnyDay|[upkeep]
|turn|19
|callback|decision
|
|move|p1a: Cloyster|Ice Shard|p2a: Azelf
|-damage|p2a: Azelf|0 fnt
|faint|p2a: Azelf
|
|-weather|SunnyDay|[upkeep]
|callback|decision
|
|switch|p2a: Terrakion|Terrakion|324\/324
|-damage|p2a: Terrakion|304\/324|[from] Stealth Rock
|turn|20
|callback|decision
|
|move|p2a: Terrakion|Quick Attack|p1a: Cloyster
|-damage|p1a: Cloyster|0 fnt
|faint|p1a: Cloyster
|
|-weather|SunnyDay|[upkeep]
|callback|decision
|
|switch|p1a: Slowbro|Slowbro, M|359\/394
|turn|21
|callback|decision
|
|switch|p2a: Victini|Victini|86\/342
|-damage|p2a: Victini|1\/342|[from] Stealth Rock
|move|p1a: Slowbro|Calm Mind|p1a: Slowbro
|-boost|p1a: Slowbro|spa|1
|-boost|p1a: Slowbro|spd|1
|
|-weather|SunnyDay|[upkeep]
|turn|22
|callback|decision
|
|move|p2a: Victini|Thunderbolt|p1a: Slowbro
|-supereffective|p1a: Slowbro
|-damage|p1a: Slowbro|155\/394
|move|p1a: Slowbro|Psyshock|p2a: Victini
|-resisted|p2a: Victini
|-damage|p2a: Victini|0 fnt
|faint|p2a: Victini
|
|-weather|SunnyDay|[upkeep]
|callback|decision
|
|switch|p2a: Terrakion|Terrakion|304\/324
|-damage|p2a: Terrakion|284\/324|[from] Stealth Rock
|turn|23
|callback|decision
|
|move|p2a: Terrakion|Stone Edge|p1a: Slowbro
|-damage|p1a: Slowbro|0 fnt
|faint|p1a: Slowbro
|
|-weather|SunnyDay|[upkeep]
|callback|decision
|
|switch|p1a: Togekiss|Togekiss, F|321\/321
|turn|24
|callback|decision
|
|move|p2a: Terrakion|Stone Edge|p1a: Togekiss
|-supereffective|p1a: Togekiss
|-damage|p1a: Togekiss|0 fnt
|faint|p1a: Togekiss
|
|-weather|SunnyDay|[upkeep]
|callback|decision
|
|switch|p1a: Blissey|Blissey, F|394\/672
|turn|25
|callback|decision
|
|move|p2a: Terrakion|Stone Edge|p1a: Blissey
|-damage|p1a: Blissey|0 fnt
|faint|p1a: Blissey
|
|win|NeildeSaganNyeson
|raw|Ladder updating...
|raw|bange's rating: 1849 &rarr; <strong>1822<\/strong><br \/>(-27 for losing)
|raw|NeildeSaganNyeson's rating: 1832 &rarr; <strong>1850<\/strong><br \/>(+18 for winning)