|join|HailHydreigon
|join|bange
|player|p1|HailHydreigon|168
|player|p2|bange|142
|gametype|singles
|tier|OU
|rated
|rule|Evasion Abilities Clause: Evasion abilities are banned
|clearpoke
|poke|p1|Abomasnow, F
|poke|p1|Landorus-Therian, M
|poke|p1|Forretress, F
|poke|p1|Kyurem-Black
|poke|p1|Heatran, M
|poke|p1|Rotom-Wash
|poke|p2|Scizor, M
|poke|p2|Skarmory, M
|poke|p2|Espeon, F
|poke|p2|Seismitoad, M, shiny
|poke|p2|Azelf
|poke|p2|Heatran, M
|rule|Sleep Clause Mod: Limit one foe put to sleep
|rule|Species Clause: Limit one of each Pokemon
|rule|OHKO Clause: OHKO moves are banned
|rule|Moody Clause: Moody is banned
|rule|Evasion Moves Clause: Evasion moves are banned
|rule|HP Percentage Mod: HP is reported as percentages
|teampreview
|callback|decision
|join|Cogwheeler
|
|start
|switch|p1a: Landorus-Therian|Landorus-Therian, M|381\/381
|switch|p2a: Heatran|Heatran, M|323\/323
|-item|p2a: Heatran|Air Balloon
|-ability|p1a: Landorus-Therian|Intimidate|[of] p2a: Heatran
|-unboost|p2a: Heatran|atk|1
|turn|1
|callback|decision
|
|move|p2a: Heatran|Hidden Power|p1a: Landorus-Therian
|-supereffective|p1a: Landorus-Therian
|-damage|p1a: Landorus-Therian|0 fnt
|faint|p1a: Landorus-Therian
|
|callback|decision
|leave|Cogwheeler
|
|switch|p1a: Rotom-Wash|Rotom-Wash|241\/241
|turn|2
|callback|decision
|
|switch|p1a: Abomasnow|Abomasnow, F|321\/321
|-weather|Hail|[from] ability: Snow Warning|[of] p1a: Abomasnow
|switch|p2a: Seismitoad|Seismitoad, M, shiny|414\/414
|
|-weather|Hail|[upkeep]
|-damage|p2a: Seismitoad|389\/414|[from] hail
|-heal|p2a: Seismitoad|414\/414|[from] item: Leftovers
|turn|3
|callback|decision
|
|switch|p2a: Heatran|Heatran, M|323\/323
|-item|p2a: Heatran|Air Balloon
|move|p1a: Abomasnow|Wood Hammer|p2a: Heatran
|-resisted|p2a: Heatran
|-damage|p2a: Heatran|281\/323
|-damage|p1a: Abomasnow|307\/321|[from] recoil|[of] p2a: Heatran
|-enditem|p2a: Heatran|Air Balloon
|
|-weather|Hail|[upkeep]
|-damage|p2a: Heatran|261\/323|[from] hail
|turn|4
|callback|decision
|
|switch|p1a: Rotom-Wash|Rotom-Wash|241\/241
|move|p2a: Heatran|Substitute|p2a: Heatran
|-start|p2a: Heatran|Substitute
|-damage|p2a: Heatran|181\/323
|
|-weather|Hail|[upkeep]
|-damage|p1a: Rotom-Wash|226\/241|[from] hail
|-damage|p2a: Heatran|161\/323|[from] hail
|turn|5
|callback|decision
|
|move|p1a: Rotom-Wash|Hydro Pump|p2a: Heatran
|-supereffective|p2a: Heatran
|-end|p2a: Heatran|Substitute
|move|p2a: Heatran|Fire Blast|p1a: Rotom-Wash
|-resisted|p1a: Rotom-Wash
|-damage|p1a: Rotom-Wash|131\/241
|
|-weather|Hail|[upkeep]
|-damage|p1a: Rotom-Wash|116\/241|[from] hail
|-damage|p2a: Heatran|141\/323|[from] hail
|turn|6
|callback|decision
|
|switch|p1a: Abomasnow|Abomasnow, F|307\/321
|move|p2a: Heatran|Fire Blast|p1a: Abomasnow
|-supereffective|p1a: Abomasnow
|-damage|p1a: Abomasnow|0 fnt
|faint|p1a: Abomasnow
|
|-weather|Hail|[upkeep]
|-damage|p2a: Heatran|121\/323|[from] hail
|callback|decision
|
|switch|p1a: Rotom-Wash|Rotom-Wash|116\/241
|turn|7
|callback|decision
|
|switch|p2a: Seismitoad|Seismitoad, M, shiny|414\/414
|move|p1a: Rotom-Wash|Hydro Pump|p2a: Seismitoad
|-immune|p2a: Seismitoad|[msg]
|
|-weather|Hail|[upkeep]
|-damage|p1a: Rotom-Wash|101\/241|[from] hail
|-damage|p2a: Seismitoad|389\/414|[from] hail
|-heal|p2a: Seismitoad|414\/414|[from] item: Leftovers
|turn|8
|callback|decision
|
|switch|p1a: Kyurem-Black|Kyurem-Black|405\/405
|-ability|p1a: Kyurem-Black|Teravolt
|move|p2a: Seismitoad|Stealth Rock|p1a: Kyurem-Black
|-sidestart|p1: HailHydreigon|move: Stealth Rock
|
|-weather|Hail|[upkeep]
|-damage|p2a: Seismitoad|389\/414|[from] hail
|-heal|p2a: Seismitoad|414\/414|[from] item: Leftovers
|turn|9
|callback|decision
|
|move|p1a: Kyurem-Black|Substitute|p1a: Kyurem-Black
|-start|p1a: Kyurem-Black|Substitute
|-damage|p1a: Kyurem-Black|304\/405
|move|p2a: Seismitoad|Earth Power|p1a: Kyurem-Black
|-crit|p1a: Kyurem-Black
|-end|p1a: Kyurem-Black|Substitute
|
|-weather|Hail|[upkeep]
|-damage|p2a: Seismitoad|389\/414|[from] hail
|-heal|p1a: Kyurem-Black|329\/405|[from] item: Leftovers
|-heal|p2a: Seismitoad|414\/414|[from] item: Leftovers
|turn|10
|callback|decision
|
|move|p1a: Kyurem-Black|Dragon Claw|p2a: Seismitoad
|-damage|p2a: Seismitoad|194\/414
|move|p2a: Seismitoad|Earth Power|p1a: Kyurem-Black
|-damage|p1a: Kyurem-Black|190\/405
|
|-weather|Hail|[upkeep]
|-damage|p2a: Seismitoad|169\/414|[from] hail
|-heal|p1a: Kyurem-Black|215\/405|[from] item: Leftovers
|-heal|p2a: Seismitoad|194\/414|[from] item: Leftovers
|turn|11
|callback|decision
|
|move|p1a: Kyurem-Black|Dragon Claw|p2a: Seismitoad
|-damage|p2a: Seismitoad|0 fnt
|faint|p2a: Seismitoad
|
|-weather|Hail|[upkeep]
|-heal|p1a: Kyurem-Black|240\/405|[from] item: Leftovers
|callback|decision
|
|switch|p2a: Scizor|Scizor, M|303\/303
|turn|12
|callback|decision
|
|switch|p1a: Forretress|Forretress, F|354\/354
|-damage|p1a: Forretress|310\/354|[from] Stealth Rock
|move|p2a: Scizor|U-turn|p1a: Forretress
|-resisted|p1a: Forretress
|-damage|p1a: Forretress|271\/354
|callback|decision
|
|switch|p2a: Heatran|Heatran, M|121\/323
|
|-weather|Hail|[upkeep]
|-damage|p2a: Heatran|101\/323|[from] hail
|-damage|p1a: Forretress|249\/354|[from] hail
|-heal|p1a: Forretress|271\/354|[from] item: Leftovers
|turn|13
|callback|decision
|
|move|p2a: Heatran|Fire Blast|p1a: Forretress
|-supereffective|p1a: Forretress
|-damage|p1a: Forretress|0 fnt
|faint|p1a: Forretress
|
|-weather|Hail|[upkeep]
|-damage|p2a: Heatran|81\/323|[from] hail
|callback|decision
|chat|HailHydreigon|wow
|chat|HailHydreigon|i am either doing stupid predictions
|chat|HailHydreigon|or you are just totally outplaying me
|
|switch|p1a: Rotom-Wash|Rotom-Wash|101\/241
|-damage|p1a: Rotom-Wash|71\/241|[from] Stealth Rock
|turn|14
|callback|decision
|
|switch|p2a: Azelf|Azelf|291\/291
|move|p1a: Rotom-Wash|Volt Switch|p2a: Azelf
|-damage|p2a: Azelf|141\/291
|callback|decision
|
|switch|p1a: Heatran|Heatran, M|323\/323
|-damage|p1a: Heatran|283\/323|[from] Stealth Rock
|-item|p1a: Heatran|Air Balloon
|
|-weather|Hail|[upkeep]
|-damage|p2a: Azelf|123\/291|[from] hail
|-damage|p1a: Heatran|263\/323|[from] hail
|turn|15
|callback|decision
|
|move|p2a: Azelf|U-turn|p1a: Heatran
|-resisted|p1a: Heatran
|-damage|p1a: Heatran|248\/323
|-enditem|p1a: Heatran|Air Balloon
|callback|decision
|
|switch|p2a: Espeon|Espeon, F|272\/272
|move|p1a: Heatran|Fire Blast|p2a: Espeon
|-damage|p2a: Espeon|47\/272
|-status|p2a: Espeon|brn
|
|-weather|Hail|[upkeep]
|-damage|p2a: Espeon|30\/272 brn|[from] hail
|-damage|p1a: Heatran|228\/323|[from] hail
|-heal|p2a: Espeon|47\/272 brn|[from] item: Leftovers
|-damage|p2a: Espeon|13\/272 brn|[from] brn
|turn|16
|callback|decision
|
|move|p2a: Espeon|Psyshock|p1a: Heatran
|-crit|p1a: Heatran
|-resisted|p1a: Heatran
|-damage|p1a: Heatran|75\/323
|move|p1a: Heatran|Hidden Power|p2a: Espeon
|-damage|p2a: Espeon|0 fnt
|faint|p2a: Espeon
|
|-weather|Hail|[upkeep]
|-damage|p1a: Heatran|55\/323|[from] hail
|callback|decision
|
|switch|p2a: Scizor|Scizor, M|303\/303
|turn|17
|callback|decision
|
|move|p1a: Heatran|Fire Blast|p2a: Scizor
|-supereffective|p2a: Scizor
|-enditem|p2a: Scizor|Focus Sash
|-damage|p2a: Scizor|1\/303
|move|p2a: Scizor|Superpower|p1a: Heatran
|-supereffective|p1a: Heatran
|-damage|p1a: Heatran|0 fnt
|-unboost|p2a: Scizor|atk|1
|-unboost|p2a: Scizor|def|1
|faint|p1a: Heatran
|
|-weather|Hail|[upkeep]
|-damage|p2a: Scizor|0 fnt|[from] hail
|faint|p2a: Scizor
|callback|decision
|
|switch|p2a: Azelf|Azelf|123\/291
|switch|p1a: Kyurem-Black|Kyurem-Black|240\/405
|-damage|p1a: Kyurem-Black|139\/405|[from] Stealth Rock
|-ability|p1a: Kyurem-Black|Teravolt
|turn|18
|callback|decision
|
|move|p2a: Azelf|U-turn|p1a: Kyurem-Black
|-damage|p1a: Kyurem-Black|62\/405
|callback|decision
|
|switch|p2a: Skarmory|Skarmory, M|334\/334
|move|p1a: Kyurem-Black|Dragon Claw|p2a: Skarmory
|-resisted|p2a: Skarmory
|-damage|p2a: Skarmory|277\/334
|-damage|p1a: Kyurem-Black|0 fnt|[from] item: Rocky Helmet|[of] p2a: Skarmory
|faint|p1a: Kyurem-Black
|
|-weather|Hail|[upkeep]
|-damage|p2a: Skarmory|257\/334|[from] hail
|callback|decision
|
|switch|p1a: Rotom-Wash|Rotom-Wash|71\/241
|-damage|p1a: Rotom-Wash|41\/241|[from] Stealth Rock
|turn|19
|callback|decision
|
|move|p1a: Rotom-Wash|Thunderbolt|p2a: Skarmory
|-crit|p2a: Skarmory
|-supereffective|p2a: Skarmory
|-damage|p2a: Skarmory|0 fnt
|faint|p2a: Skarmory
|
|-weather|Hail|[upkeep]
|-damage|p1a: Rotom-Wash|26\/241|[from] hail
|callback|decision
|
|switch|p2a: Azelf|Azelf|123\/291
|turn|20
|callback|decision
|
|move|p2a: Azelf|Psychic|p1a: Rotom-Wash
|-damage|p1a: Rotom-Wash|0 fnt
|faint|p1a: Rotom-Wash
|
|win|bange
|raw|Ladder updating...
|raw|HailHydreigon's rating: 1800 &rarr; <strong>1788<\/strong><br \/>(-12 for losing)
|raw|bange's rating: 1830 &rarr; <strong>1846<\/strong><br \/>(+16 for winning)
|leave|HailHydreigon
|player|p1