|join|Sceptile13
|join|bange
|player|p1|Sceptile13|2
|player|p2|bange|142
|gametype|singles
|tier|OU
|rated
|rule|Evasion Abilities Clause: Evasion abilities are banned
|clearpoke
|poke|p1|Ninetales, M
|poke|p1|Venusaur, M
|poke|p1|Aerodactyl, M
|poke|p1|Volcarona, F
|poke|p1|Starmie
|poke|p1|Gothitelle, M
|poke|p2|Hitmonchan, M
|poke|p2|Kingdra, M
|poke|p2|Porygon2
|poke|p2|Uxie
|poke|p2|Forretress, F, shiny
|poke|p2|Rotom-Heat
|rule|Sleep Clause Mod: Limit one foe put to sleep
|rule|Species Clause: Limit one of each Pokemon
|rule|OHKO Clause: OHKO moves are banned
|rule|Moody Clause: Moody is banned
|rule|Evasion Moves Clause: Evasion moves are banned
|rule|HP Percentage Mod: HP is reported as percentages
|teampreview
|callback|decision
|
|start
|switch|p1a: Gothitelle|Gothitelle, M|281\/281
|switch|p2a: Porygon2|Porygon2|374\/374
|-ability|p2a: Porygon2|Shadow Tag|[from] ability: Trace|[of] p1a: Gothitelle
|turn|1
|callback|decision
|
|move|p1a: Gothitelle|Trick|p2a: Porygon2
|-activate|p1a: Gothitelle|move: Trick|[of] p2a: Porygon2
|-item|p2a: Porygon2|Choice Specs|[from] move: Trick
|-item|p1a: Gothitelle|Eviolite|[from] move: Trick
|move|p2a: Porygon2|Discharge|p1a: Gothitelle
|-damage|p1a: Gothitelle|194\/281
|
|turn|2
|callback|decision
|
|move|p1a: Gothitelle|Psychic|p2a: Porygon2
|-damage|p2a: Porygon2|278\/374
|move|p2a: Porygon2|Discharge|p1a: Gothitelle
|-damage|p1a: Gothitelle|97\/281
|-status|p1a: Gothitelle|par
|
|turn|3
|callback|decision
|
|move|p2a: Porygon2|Discharge|p1a: Gothitelle
|-damage|p1a: Gothitelle|4\/281 par
|cant|p1a: Gothitelle|par
|
|turn|4
|callback|decision
|
|move|p2a: Porygon2|Discharge|p1a: Gothitelle
|-damage|p1a: Gothitelle|0 fnt
|faint|p1a: Gothitelle
|
|callback|decision
|
|switch|p1a: Ninetales|Ninetales, M|287\/287
|-weather|SunnyDay|[from] ability: Drought|[of] p1a: Ninetales
|-item|p1a: Ninetales|Air Balloon
|turn|5
|callback|decision
|
|move|p1a: Ninetales|Fire Blast|p2a: Porygon2
|-damage|p2a: Porygon2|103\/374
|move|p2a: Porygon2|Discharge|p1a: Ninetales
|-damage|p1a: Ninetales|187\/287
|-enditem|p1a: Ninetales|Air Balloon
|
|-weather|SunnyDay|[upkeep]
|turn|6
|callback|decision
|
|move|p1a: Ninetales|Fire Blast|p2a: Porygon2
|-damage|p2a: Porygon2|0 fnt
|faint|p2a: Porygon2
|
|-weather|SunnyDay|[upkeep]
|callback|decision
|
|switch|p2a: Uxie|Uxie|354\/354
|turn|7
|callback|decision
|
|move|p1a: Ninetales|Will-O-Wisp|p2a: Uxie
|-status|p2a: Uxie|brn
|move|p2a: Uxie|Stealth Rock|p1a: Ninetales
|-sidestart|p1: Sceptile13|move: Stealth Rock
|
|-weather|SunnyDay|[upkeep]
|-damage|p2a: Uxie|310\/354 brn|[from] brn
|turn|8
|callback|decision
|
|move|p1a: Ninetales|Fire Blast|p2a: Uxie
|-damage|p2a: Uxie|169\/354 brn
|move|p2a: Uxie|U-turn|p1a: Ninetales
|-resisted|p1a: Ninetales
|-damage|p1a: Ninetales|173\/287
|callback|decision
|
|switch|p2a: Kingdra|Kingdra, M|291\/291
|
|-weather|SunnyDay|[upkeep]
|turn|9
|callback|decision
|
|move|p1a: Ninetales|Will-O-Wisp|p2a: Kingdra|[miss]
|-miss|p1a: Ninetales|p2a: Kingdra
|move|p2a: Kingdra|Dragon Dance|p2a: Kingdra
|-boost|p2a: Kingdra|atk|1
|-boost|p2a: Kingdra|spe|1
|
|-weather|SunnyDay|[upkeep]
|turn|10
|callback|decision
|
|switch|p1a: Venusaur|Venusaur, M|319\/319
|-damage|p1a: Venusaur|280\/319|[from] Stealth Rock
|move|p2a: Kingdra|Outrage|p1a: Venusaur
|-damage|p1a: Venusaur|34\/319
|
|-weather|SunnyDay|[upkeep]
|turn|11
|callback|decision
|
|move|p1a: Venusaur|Sludge Bomb|p2a: Kingdra
|-damage|p2a: Kingdra|83\/291
|-status|p2a: Kingdra|psn
|-damage|p1a: Venusaur|3\/319|[from] item: Life Orb
|-enditem|p2a: Kingdra|Lum Berry|[eat]
|-curestatus|p2a: Kingdra|psn
|move|p2a: Kingdra|Outrage|p1a: Venusaur
|-damage|p1a: Venusaur|0 fnt
|faint|p1a: Venusaur
|
|-weather|SunnyDay|[upkeep]
|callback|decision
|
|switch|p1a: Aerodactyl|Aerodactyl, M|301\/301
|-damage|p1a: Aerodactyl|226\/301|[from] Stealth Rock
|-ability|p1a: Aerodactyl|Pressure
|turn|12
|callback|decision
|
|move|p2a: Kingdra|Outrage|p1a: Aerodactyl
|-damage|p1a: Aerodactyl|0 fnt
|faint|p1a: Aerodactyl
|
|-end|p2a: Kingdra|rampage
|-start|p2a: Kingdra|confusion
|-weather|SunnyDay|[upkeep]
|callback|decision
|
|switch|p1a: Starmie|Starmie|262\/262
|-damage|p1a: Starmie|230\/262|[from] Stealth Rock
|turn|13
|callback|decision
|
|-activate|p2a: Kingdra|confusion
|move|p2a: Kingdra|Outrage|p1a: Starmie
|-damage|p1a: Starmie|0 fnt
|faint|p1a: Starmie
|
|-weather|SunnyDay|[upkeep]
|callback|decision
|
|switch|p1a: Volcarona|Volcarona, F|311\/311
|-damage|p1a: Volcarona|156\/311|[from] Stealth Rock
|turn|14
|callback|decision
|
|-activate|p2a: Kingdra|confusion
|-damage|p2a: Kingdra|38\/291|[from] confusion
|move|p1a: Volcarona|Quiver Dance|p1a: Volcarona
|-boost|p1a: Volcarona|spa|1
|-boost|p1a: Volcarona|spd|1
|-boost|p1a: Volcarona|spe|1
|
|-end|p2a: Kingdra|rampage
|-weather|SunnyDay|[upkeep]
|turn|15
|callback|decision
|
|move|p1a: Volcarona|Giga Drain|p2a: Kingdra
|-damage|p2a: Kingdra|0 fnt
|-heal|p1a: Volcarona|175\/311|[from] drain|[of] p2a: Kingdra
|faint|p2a: Kingdra
|
|-weather|SunnyDay|[upkeep]
|callback|decision
|
|switch|p2a: Forretress|Forretress, F, shiny|354\/354
|turn|16
|callback|decision
|
|move|p1a: Volcarona|Giga Drain|p2a: Forretress
|-resisted|p2a: Forretress
|-damage|p2a: Forretress|303\/354
|-heal|p1a: Volcarona|201\/311|[from] drain|[of] p2a: Forretress
|move|p2a: Forretress|Pain Split|p1a: Volcarona
|-sethp|p1a: Volcarona|252\/311|p2a: Forretress|252\/354|[from] move: Pain Split
|
|-weather|SunnyDay|[upkeep]
|turn|17
|callback|decision
|
|move|p1a: Volcarona|Fiery Dance|p2a: Forretress
|-supereffective|p2a: Forretress
|-damage|p2a: Forretress|0 fnt
|faint|p2a: Forretress
|
|-weather|SunnyDay|[upkeep]
|callback|decision
|
|switch|p2a: Rotom-Heat|Rotom-Heat|241\/241
|turn|18
|callback|decision
|
|move|p1a: Volcarona|Quiver Dance|p1a: Volcarona
|-boost|p1a: Volcarona|spa|1
|-boost|p1a: Volcarona|spd|1
|-boost|p1a: Volcarona|spe|1
|move|p2a: Rotom-Heat|Overheat|p1a: Volcarona|[miss]
|-miss|p2a: Rotom-Heat|p1a: Volcarona
|
|-weather|SunnyDay|[upkeep]
|turn|19
|callback|decision
|
|move|p1a: Volcarona|Quiver Dance|p1a: Volcarona
|-boost|p1a: Volcarona|spa|1
|-boost|p1a: Volcarona|spd|1
|-boost|p1a: Volcarona|spe|1
|move|p2a: Rotom-Heat|Overheat|p1a: Volcarona
|-damage|p1a: Volcarona|128\/311
|-unboost|p2a: Rotom-Heat|spa|2
|
|-weather|SunnyDay|[upkeep]
|turn|20
|callback|decision
|
|switch|p2a: Uxie|Uxie|169\/354 brn
|move|p1a: Volcarona|Fiery Dance|p2a: Uxie
|-crit|p2a: Uxie
|-damage|p2a: Uxie|0 fnt
|faint|p2a: Uxie
|
|-weather|SunnyDay|[upkeep]
|callback|decision
|
|switch|p2a: Rotom-Heat|Rotom-Heat|241\/241
|turn|21
|callback|decision
|
|move|p1a: Volcarona|Fiery Dance|p2a: Rotom-Heat
|-resisted|p2a: Rotom-Heat
|-damage|p2a: Rotom-Heat|0 fnt
|-boost|p1a: Volcarona|spa|1
|faint|p2a: Rotom-Heat
|
|-weather|SunnyDay|[upkeep]
|callback|decision
|
|switch|p2a: Hitmonchan|Hitmonchan, M|295\/295
|turn|22
|callback|decision
|
|move|p2a: Hitmonchan|Mach Punch|p1a: Volcarona
|-resisted|p1a: Volcarona
|-damage|p1a: Volcarona|54\/311
|-status|p2a: Hitmonchan|brn
|-damage|p2a: Hitmonchan|266\/295 brn|[from] item: Life Orb
|move|p1a: Volcarona|Fiery Dance|p2a: Hitmonchan
|-damage|p2a: Hitmonchan|0 fnt
|-boost|p1a: Volcarona|spa|1
|faint|p2a: Hitmonchan
|
|win|Sceptile13
|raw|Ladder updating...
|raw|Sceptile13's rating: 1842 &rarr; <strong>1846<\/strong><br \/>(+4 for winning)
|raw|bange's rating: 1859 &rarr; <strong>1845<\/strong><br \/>(-14 for losing)
|chat|Sceptile13|gg
|leave|Sceptile13
|player|p1