|join|bange
|join|woofmeaaoww
|player|p1|bange|142
|player|p2|woofmeaaoww|266
|gametype|singles
|tier|OU (current)
|rated
|rule|Evasion Abilities Clause: Evasion abilities are banned
|clearpoke
|poke|p1|Steelix, M
|poke|p1|Heracross, M
|poke|p1|Latias, F
|poke|p1|Rotom-Mow
|poke|p1|Mantine, F, shiny
|poke|p1|Claydol
|poke|p2|Heatran, F
|poke|p2|Alakazam, M
|poke|p2|Volcarona, M
|poke|p2|Gastrodon, M
|poke|p2|Togekiss, F
|poke|p2|Heracross, F
|rule|Sleep Clause Mod: Limit one foe put to sleep
|rule|Species Clause: Limit one of each Pokemon
|rule|OHKO Clause: OHKO moves are banned
|rule|Moody Clause: Moody is banned
|rule|Evasion Moves Clause: Evasion moves are banned
|rule|HP Percentage Mod: HP is reported as percentages
|teampreview
|callback|decision
|
|start
|switch|p1a: Steelix|Steelix, M|354\/354
|switch|p2a: Volcarona|Volcarona, M|374\/374
|turn|1
|callback|decision
|
|move|p2a: Volcarona|Fiery Dance|p1a: Steelix
|-supereffective|p1a: Steelix
|-damage|p1a: Steelix|36\/354
|move|p1a: Steelix|Dragon Tail|p2a: Volcarona|[miss]
|-miss|p1a: Steelix|p2a: Volcarona
|
|turn|2
|callback|decision
|
|switch|p1a: Mantine|Mantine, F, shiny|334\/334
|move|p2a: Volcarona|Fiery Dance|p1a: Mantine
|-resisted|p1a: Mantine
|-damage|p1a: Mantine|301\/334
|-boost|p2a: Volcarona|spa|1
|
|turn|3
|callback|decision
|
|switch|p2a: Togekiss|Togekiss, F|374\/374
|move|p1a: Mantine|Toxic|p2a: Togekiss
|-status|p2a: Togekiss|tox
|
|-damage|p2a: Togekiss|351\/374 tox|[from] psn
|turn|4
|callback|decision
|
|move|p1a: Mantine|Protect|p1a: Mantine
|-singleturn|p1a: Mantine|Protect
|move|p2a: Togekiss|Air Slash|p1a: Mantine
|-activate|p1a: Mantine|Protect
|
|-heal|p2a: Togekiss|374\/374 tox|[from] item: Leftovers
|-damage|p2a: Togekiss|328\/374 tox|[from] psn
|turn|5
|callback|decision
|
|move|p2a: Togekiss|Air Slash|p1a: Mantine
|-damage|p1a: Mantine|243\/334
|move|p1a: Mantine|Scald|p2a: Togekiss
|-damage|p2a: Togekiss|280\/374 tox
|
|-heal|p2a: Togekiss|303\/374 tox|[from] item: Leftovers
|-damage|p2a: Togekiss|234\/374 tox|[from] psn
|turn|6
|callback|decision
|
|move|p2a: Togekiss|Thunder Wave|p1a: Mantine
|-status|p1a: Mantine|par
|-enditem|p1a: Mantine|Lum Berry|[eat]
|-curestatus|p1a: Mantine|par
|move|p1a: Mantine|Aqua Ring|p1a: Mantine
|-start|p1a: Mantine|Aqua Ring
|
|-heal|p2a: Togekiss|257\/374 tox|[from] item: Leftovers
|-heal|p1a: Mantine|263\/334|[from] Aqua Ring
|-damage|p2a: Togekiss|165\/374 tox|[from] psn
|turn|7
|callback|decision
|
|move|p1a: Mantine|Protect|p1a: Mantine
|-singleturn|p1a: Mantine|Protect
|move|p2a: Togekiss|Thunder Wave|p1a: Mantine
|-activate|p1a: Mantine|Protect
|
|-heal|p2a: Togekiss|188\/374 tox|[from] item: Leftovers
|-heal|p1a: Mantine|283\/334|[from] Aqua Ring
|-damage|p2a: Togekiss|73\/374 tox|[from] psn
|turn|8
|callback|decision
|
|move|p1a: Mantine|Protect|p1a: Mantine
|-singleturn|p1a: Mantine|Protect
|move|p2a: Togekiss|Roost|p2a: Togekiss
|-heal|p2a: Togekiss|260\/374 tox
|
|-heal|p2a: Togekiss|283\/374 tox|[from] item: Leftovers
|-heal|p1a: Mantine|303\/334|[from] Aqua Ring
|-damage|p2a: Togekiss|145\/374 tox|[from] psn
|turn|9
|callback|decision
|
|switch|p2a: Heracross|Heracross, F|364\/364
|switch|p1a: Steelix|Steelix, M|36\/354
|
|turn|10
|callback|decision
|
|switch|p1a: Claydol|Claydol|324\/324
|move|p2a: Heracross|Stone Edge|p1a: Claydol
|-resisted|p1a: Claydol
|-damage|p1a: Claydol|272\/324
|
|turn|11
|callback|decision
|
|switch|p1a: Steelix|Steelix, M|36\/354
|move|p2a: Heracross|Megahorn|p1a: Steelix
|-resisted|p1a: Steelix
|-damage|p1a: Steelix|0 fnt
|-damage|p2a: Heracross|304\/364|[from] item: Rocky Helmet|[of] p1a: Steelix
|faint|p1a: Steelix
|
|-heal|p2a: Heracross|326\/364|[from] item: Leftovers
|callback|decision
|
|switch|p1a: Latias|Latias, F|321\/321
|turn|12
|callback|decision
|
|move|p1a: Latias|Substitute|p1a: Latias
|-start|p1a: Latias|Substitute
|-damage|p1a: Latias|241\/321
|move|p2a: Heracross|Stone Edge|p1a: Latias|[miss]
|-miss|p2a: Heracross|p1a: Latias
|
|-heal|p1a: Latias|261\/321|[from] item: Leftovers
|-heal|p2a: Heracross|348\/364|[from] item: Leftovers
|turn|13
|callback|decision
|
|move|p1a: Latias|Psyshock|p2a: Heracross
|-supereffective|p2a: Heracross
|-damage|p2a: Heracross|46\/364
|move|p2a: Heracross|Megahorn|p1a: Latias
|-supereffective|p1a: Latias
|-end|p1a: Latias|Substitute
|
|-heal|p1a: Latias|281\/321|[from] item: Leftovers
|-heal|p2a: Heracross|68\/364|[from] item: Leftovers
|turn|14
|callback|decision
|
|switch|p2a: Alakazam|Alakazam, M|252\/252
|move|p1a: Latias|Dragon Pulse|p2a: Alakazam
|-damage|p2a: Alakazam|117\/252
|
|-heal|p1a: Latias|301\/321|[from] item: Leftovers
|turn|15
|callback|decision
|
|move|p2a: Alakazam|Shadow Ball|p1a: Latias
|-supereffective|p1a: Latias
|-damage|p1a: Latias|157\/321
|move|p1a: Latias|Calm Mind|p1a: Latias
|-boost|p1a: Latias|spa|1
|-boost|p1a: Latias|spd|1
|
|-heal|p1a: Latias|177\/321|[from] item: Leftovers
|turn|16
|callback|decision
|
|move|p2a: Alakazam|Shadow Ball|p1a: Latias
|-supereffective|p1a: Latias
|-damage|p1a: Latias|67\/321
|move|p1a: Latias|Dragon Pulse|p2a: Alakazam
|-damage|p2a: Alakazam|0 fnt
|faint|p2a: Alakazam
|
|-heal|p1a: Latias|87\/321|[from] item: Leftovers
|callback|decision
|
|switch|p2a: Gastrodon|Gastrodon, M|426\/426
|turn|17
|callback|decision
|
|move|p1a: Latias|Substitute|p1a: Latias
|-start|p1a: Latias|Substitute
|-damage|p1a: Latias|7\/321
|move|p2a: Gastrodon|Ice Beam|p1a: Latias
|-supereffective|p1a: Latias
|-activate|p1a: Latias|Substitute|[damage]
|
|-heal|p1a: Latias|27\/321|[from] item: Leftovers
|turn|18
|callback|decision
|
|move|p1a: Latias|Psyshock|p2a: Gastrodon
|-damage|p2a: Gastrodon|288\/426
|move|p2a: Gastrodon|Ice Beam|p1a: Latias
|-supereffective|p1a: Latias
|-end|p1a: Latias|Substitute
|
|-heal|p1a: Latias|47\/321|[from] item: Leftovers
|-heal|p2a: Gastrodon|314\/426|[from] item: Leftovers
|turn|19
|callback|decision
|
|switch|p1a: Mantine|Mantine, F, shiny|303\/334
|move|p2a: Gastrodon|Ice Beam|p1a: Mantine
|-damage|p1a: Mantine|265\/334
|
|-heal|p2a: Gastrodon|340\/426|[from] item: Leftovers
|turn|20
|callback|decision
|
|move|p1a: Mantine|Toxic|p2a: Gastrodon
|-status|p2a: Gastrodon|tox
|move|p2a: Gastrodon|Hidden Power|p1a: Mantine
|-damage|p1a: Mantine|237\/334
|
|-heal|p2a: Gastrodon|366\/426 tox|[from] item: Leftovers
|-damage|p2a: Gastrodon|340\/426 tox|[from] psn
|turn|21
|callback|decision
|
|switch|p2a: Volcarona|Volcarona, M|374\/374
|move|p1a: Mantine|Aqua Ring|p1a: Mantine
|-start|p1a: Mantine|Aqua Ring
|
|-heal|p1a: Mantine|257\/334|[from] Aqua Ring
|turn|22
|callback|decision
|
|move|p2a: Volcarona|Quiver Dance|p2a: Volcarona
|-boost|p2a: Volcarona|spa|1
|-boost|p2a: Volcarona|spd|1
|-boost|p2a: Volcarona|spe|1
|move|p1a: Mantine|Toxic|p2a: Volcarona
|-status|p2a: Volcarona|tox
|
|-heal|p1a: Mantine|277\/334|[from] Aqua Ring
|-damage|p2a: Volcarona|351\/374 tox|[from] psn
|turn|23
|callback|decision
|
|move|p2a: Volcarona|Quiver Dance|p2a: Volcarona
|-boost|p2a: Volcarona|spa|1
|-boost|p2a: Volcarona|spd|1
|-boost|p2a: Volcarona|spe|1
|move|p1a: Mantine|Scald|p2a: Volcarona
|-supereffective|p2a: Volcarona
|-damage|p2a: Volcarona|277\/374 tox
|
|-heal|p2a: Volcarona|300\/374 tox|[from] item: Leftovers
|-heal|p1a: Mantine|297\/334|[from] Aqua Ring
|-damage|p2a: Volcarona|254\/374 tox|[from] psn
|turn|24
|callback|decision
|
|move|p2a: Volcarona|Quiver Dance|p2a: Volcarona
|-boost|p2a: Volcarona|spa|1
|-boost|p2a: Volcarona|spd|1
|-boost|p2a: Volcarona|spe|1
|move|p1a: Mantine|Scald|p2a: Volcarona
|-supereffective|p2a: Volcarona
|-damage|p2a: Volcarona|194\/374 tox
|
|-heal|p2a: Volcarona|217\/374 tox|[from] item: Leftovers
|-heal|p1a: Mantine|317\/334|[from] Aqua Ring
|-damage|p2a: Volcarona|148\/374 tox|[from] psn
|turn|25
|callback|decision
|
|move|p2a: Volcarona|Roost|p2a: Volcarona
|-heal|p2a: Volcarona|335\/374 tox
|move|p1a: Mantine|Scald|p2a: Volcarona
|-supereffective|p2a: Volcarona
|-damage|p2a: Volcarona|275\/374 tox
|
|-heal|p2a: Volcarona|298\/374 tox|[from] item: Leftovers
|-heal|p1a: Mantine|334\/334|[from] Aqua Ring
|-damage|p2a: Volcarona|206\/374 tox|[from] psn
|turn|26
|callback|decision
|
|move|p2a: Volcarona|Fiery Dance|p1a: Mantine
|-resisted|p1a: Mantine
|-damage|p1a: Mantine|247\/334
|move|p1a: Mantine|Scald|p2a: Volcarona
|-supereffective|p2a: Volcarona
|-damage|p2a: Volcarona|144\/374 tox
|
|-heal|p2a: Volcarona|167\/374 tox|[from] item: Leftovers
|-heal|p1a: Mantine|267\/334|[from] Aqua Ring
|-damage|p2a: Volcarona|52\/374 tox|[from] psn
|turn|27
|callback|decision
|
|move|p2a: Volcarona|Roost|p2a: Volcarona
|-heal|p2a: Volcarona|239\/374 tox
|move|p1a: Mantine|Scald|p2a: Volcarona
|-supereffective|p2a: Volcarona
|-damage|p2a: Volcarona|173\/374 tox
|
|-heal|p2a: Volcarona|196\/374 tox|[from] item: Leftovers
|-heal|p1a: Mantine|287\/334|[from] Aqua Ring
|-damage|p2a: Volcarona|58\/374 tox|[from] psn
|turn|28
|callback|decision
|
|move|p1a: Mantine|Protect|p1a: Mantine
|-singleturn|p1a: Mantine|Protect
|move|p2a: Volcarona|Roost|p2a: Volcarona
|-heal|p2a: Volcarona|245\/374 tox
|
|-heal|p2a: Volcarona|268\/374 tox|[from] item: Leftovers
|-heal|p1a: Mantine|307\/334|[from] Aqua Ring
|-damage|p2a: Volcarona|107\/374 tox|[from] psn
|turn|29
|callback|decision
|
|move|p2a: Volcarona|Roost|p2a: Volcarona
|-heal|p2a: Volcarona|294\/374 tox
|move|p1a: Mantine|Scald|p2a: Volcarona
|-supereffective|p2a: Volcarona
|-damage|p2a: Volcarona|228\/374 tox
|
|-heal|p2a: Volcarona|251\/374 tox|[from] item: Leftovers
|-heal|p1a: Mantine|327\/334|[from] Aqua Ring
|-damage|p2a: Volcarona|67\/374 tox|[from] psn
|turn|30
|callback|decision
|
|switch|p2a: Heatran|Heatran, F|386\/386
|-item|p2a: Heatran|Air Balloon
|move|p1a: Mantine|Protect|p1a: Mantine
|-fail|p1a: Mantine
|
|-heal|p1a: Mantine|334\/334|[from] Aqua Ring
|turn|31
|callback|decision
|
|move|p2a: Heatran|Crunch|p1a: Mantine
|-damage|p1a: Mantine|261\/334
|-unboost|p1a: Mantine|def|1
|move|p1a: Mantine|Scald|p2a: Heatran
|-supereffective|p2a: Heatran
|-damage|p2a: Heatran|228\/386
|-enditem|p2a: Heatran|Air Balloon
|
|-heal|p1a: Mantine|281\/334|[from] Aqua Ring
|turn|32
|callback|decision
|-message|woofmeaaoww forfeited.
|
|win|bange
|raw|Ladder updating...
|leave|woofmeaaoww
|player|p2
|raw|bange's rating: 1701 &rarr; <strong>1706<\/strong><br \/>(+5 for winning)
|raw|woofmeaaoww's rating: 1007 &rarr; <strong>1006<\/strong><br \/>(-1 for losing)