|join|lxlTorgue
|join|bange
|player|p1|lxlTorgue|238
|player|p2|bange|142
|gametype|singles
|tier|Pokebank OU (beta)
|rated
|clearpoke
|poke|p1|Quagsire, F
|poke|p1|Florges, F
|poke|p1|Landorus-Therian, M
|poke|p1|Tornadus, M
|poke|p1|Medicham, M
|poke|p1|Mandibuzz, F
|poke|p2|Malamar, M
|poke|p2|Noivern, F
|poke|p2|Venusaur, M
|poke|p2|Chansey, F
|poke|p2|Bastiodon, M
|poke|p2|Azumarill, F
|rule|Sleep Clause Mod: Limit one foe put to sleep
|rule|Species Clause: Limit one of each Pokemon
|rule|Moody Clause: Moody is banned
|rule|OHKO Clause: OHKO moves are banned
|rule|Evasion Moves Clause: Evasion moves are banned
|rule|HP Percentage Mod: HP is reported as percentages
|teampreview
|callback|decision
|
|start
|switch|p1a: Landorus-Therian|Landorus-Therian, M|382\/382
|switch|p2a: Noivern|Noivern, F|311\/311
|-item|p1a: Landorus-Therian|Leftovers|[from] ability: Frisk|[of] p2a: Noivern|[identify]
|-ability|p1a: Landorus-Therian|Intimidate|[of] p2a: Noivern
|-unboost|p2a: Noivern|atk|1
|turn|1
|callback|decision
|
|move|p2a: Noivern|U-turn|p1a: Landorus-Therian
|-resisted|p1a: Landorus-Therian
|-damage|p1a: Landorus-Therian|371\/382
|callback|decision
|
|switch|p2a: Bastiodon|Bastiodon, M|324\/324
|move|p1a: Landorus-Therian|Stealth Rock|p2a: Bastiodon
|-sidestart|p2: bange|move: Stealth Rock
|
|-heal|p1a: Landorus-Therian|382\/382|[from] item: Leftovers
|turn|2
|callback|decision
|
|move|p1a: Landorus-Therian|Superpower|p2a: Bastiodon
|-supereffective|p2a: Bastiodon
|-damage|p2a: Bastiodon|28\/324
|-damage|p1a: Landorus-Therian|319\/382|[from] item: Rocky Helmet|[of] p2a: Bastiodon
|-unboost|p1a: Landorus-Therian|atk|1
|-unboost|p1a: Landorus-Therian|def|1
|move|p2a: Bastiodon|Metal Burst|p1a: Landorus-Therian
|-damage|p1a: Landorus-Therian|0 fnt
|faint|p1a: Landorus-Therian
|
|callback|decision
|
|switch|p1a: Tornadus|Tornadus, M|299\/299
|turn|3
|callback|decision
|
|switch|p2a: Chansey|Chansey, F|704\/704
|-damage|p2a: Chansey|616\/704|[from] Stealth Rock
|move|p1a: Tornadus|Heat Wave|p2a: Chansey
|-miss|p1a: Tornadus|p2a: Chansey
|
|turn|4
|callback|decision
|
|move|p1a: Tornadus|Taunt|p2a: Chansey
|-start|p2a: Chansey|move: Taunt
|cant|p2a: Chansey|move: Taunt|Wish
|
|turn|5
|callback|decision
|
|move|p1a: Tornadus|U-turn|p2a: Chansey
|-damage|p2a: Chansey|509\/704
|-damage|p1a: Tornadus|270\/299|[from] item: Life Orb
|callback|decision
|
|switch|p1a: Medicham|Medicham, M|261\/261
|move|p2a: Chansey|Seismic Toss|p1a: Medicham
|-damage|p1a: Medicham|161\/261
|
|turn|6
|callback|decision
|
|switch|p2a: Noivern|Noivern, F|311\/311
|-damage|p2a: Noivern|234\/311|[from] Stealth Rock
|-item|p1a: Medicham|Medichamite|[from] ability: Frisk|[of] p2a: Noivern|[identify]
|-formechange|p1a: Medicham|Medicham-Mega
|message|Medicham has Mega Evolved into Mega Medicham!
|move|p1a: Medicham|Drain Punch|p2a: Noivern
|-resisted|p2a: Noivern
|-damage|p2a: Noivern|93\/311
|-heal|p1a: Medicham|232\/261|[from] drain|[of] p2a: Noivern
|
|turn|7
|callback|decision
|
|move|p1a: Medicham|Bullet Punch|p2a: Noivern
|-damage|p2a: Noivern|0 fnt
|faint|p2a: Noivern
|
|callback|decision
|
|switch|p2a: Azumarill|Azumarill, F|373\/373
|-damage|p2a: Azumarill|327\/373|[from] Stealth Rock
|turn|8
|callback|decision
|
|move|p1a: Medicham|Bullet Punch|p2a: Azumarill
|-damage|p2a: Azumarill|234\/373
|move|p2a: Azumarill|Play Rough|p1a: Medicham
|-supereffective|p1a: Medicham
|-damage|p1a: Medicham|0 fnt
|faint|p1a: Medicham
|
|callback|decision
|
|switch|p1a: Tornadus|Tornadus, M|270\/299
|turn|9
|callback|decision
|
|move|p1a: Tornadus|Hurricane|p2a: Azumarill
|-damage|p2a: Azumarill|0 fnt
|-damage|p1a: Tornadus|241\/299|[from] item: Life Orb
|faint|p2a: Azumarill
|
|callback|decision
|
|switch|p2a: Chansey|Chansey, F|509\/704
|-damage|p2a: Chansey|421\/704|[from] Stealth Rock
|turn|10
|callback|decision
|
|move|p1a: Tornadus|Taunt|p2a: Chansey
|-start|p2a: Chansey|move: Taunt
|move|p2a: Chansey|Seismic Toss|p1a: Tornadus
|-damage|p1a: Tornadus|141\/299
|
|turn|11
|callback|decision
|
|switch|p2a: Bastiodon|Bastiodon, M|28\/324
|-damage|p2a: Bastiodon|8\/324|[from] Stealth Rock
|move|p1a: Tornadus|Hurricane|p2a: Bastiodon|[miss]
|-miss|p1a: Tornadus|p2a: Bastiodon
|
|turn|12
|callback|decision
|
|move|p1a: Tornadus|U-turn|p2a: Bastiodon
|-resisted|p2a: Bastiodon
|-damage|p2a: Bastiodon|0 fnt
|-damage|p1a: Tornadus|92\/299|[from] item: Rocky Helmet|[of] p2a: Bastiodon
|-damage|p1a: Tornadus|63\/299|[from] item: Life Orb
|faint|p2a: Bastiodon
|callback|decision
|
|switch|p1a: Florges|Florges, F|360\/360
|
|callback|decision
|
|switch|p2a: Venusaur|Venusaur, M|324\/324
|-damage|p2a: Venusaur|284\/324|[from] Stealth Rock
|turn|13
|callback|decision
|
|-formechange|p2a: Venusaur|Venusaur-Mega
|message|Venusaur has Mega Evolved into Mega Venusaur!
|move|p2a: Venusaur|Sludge Bomb|p1a: Florges
|-supereffective|p1a: Florges
|-damage|p1a: Florges|196\/360
|move|p1a: Florges|Wish|p1a: Florges
|
|-heal|p1a: Florges|218\/360|[from] item: Leftovers
|turn|14
|callback|decision
|
|switch|p1a: Quagsire|Quagsire, F|394\/394
|move|p2a: Venusaur|Sludge Bomb|p1a: Quagsire
|-crit|p1a: Quagsire
|-resisted|p1a: Quagsire
|-damage|p1a: Quagsire|229\/394
|-status|p1a: Quagsire|psn
|
|-heal|p1a: Quagsire|394\/394 psn|[from] move: Wish|[wisher] Florges
|-damage|p1a: Quagsire|345\/394 psn|[from] psn
|turn|15
|callback|decision
|
|move|p2a: Venusaur|Giga Drain|p1a: Quagsire
|-supereffective|p1a: Quagsire
|-damage|p1a: Quagsire|0 fnt
|-heal|p2a: Venusaur|324\/324|[from] drain|[of] p1a: Quagsire
|faint|p1a: Quagsire
|
|callback|decision
|
|switch|p1a: Tornadus|Tornadus, M|63\/299
|turn|16
|callback|decision
|
|move|p1a: Tornadus|Hurricane|p2a: Venusaur
|-supereffective|p2a: Venusaur
|-damage|p2a: Venusaur|0 fnt
|-damage|p1a: Tornadus|34\/299|[from] item: Life Orb
|faint|p2a: Venusaur
|
|callback|decision
|
|switch|p2a: Chansey|Chansey, F|421\/704
|-damage|p2a: Chansey|333\/704|[from] Stealth Rock
|turn|17
|callback|decision
|
|switch|p1a: Florges|Florges, F|218\/360
|move|p2a: Chansey|Seismic Toss|p1a: Florges
|-damage|p1a: Florges|118\/360
|
|-heal|p1a: Florges|140\/360|[from] item: Leftovers
|turn|18
|callback|decision
|
|move|p1a: Florges|Toxic|p2a: Chansey
|-status|p2a: Chansey|tox
|move|p2a: Chansey|Wish|p2a: Chansey
|
|-heal|p1a: Florges|162\/360|[from] item: Leftovers
|-damage|p2a: Chansey|289\/704 tox|[from] psn
|turn|19
|callback|decision
|
|move|p1a: Florges|Toxic|p2a: Chansey
|-fail|p2a: Chansey|tox
|move|p2a: Chansey|Seismic Toss|p1a: Florges
|-damage|p1a: Florges|62\/360
|
|-heal|p2a: Chansey|641\/704 tox|[from] move: Wish|[wisher] Chansey
|-heal|p1a: Florges|84\/360|[from] item: Leftovers
|-damage|p2a: Chansey|553\/704 tox|[from] psn
|turn|20
|callback|decision
|
|switch|p1a: Mandibuzz|Mandibuzz, F|424\/424
|move|p2a: Chansey|Seismic Toss|p1a: Mandibuzz
|-damage|p1a: Mandibuzz|324\/424
|
|-heal|p1a: Mandibuzz|350\/424|[from] item: Leftovers
|-damage|p2a: Chansey|421\/704 tox|[from] psn
|turn|21
|callback|decision
|
|move|p1a: Mandibuzz|Knock Off|p2a: Chansey
|-damage|p2a: Chansey|316\/704 tox
|-enditem|p2a: Chansey|Eviolite|[from] move: Knock Off|[of] p1a: Mandibuzz
|move|p2a: Chansey|Toxic|p1a: Mandibuzz
|-status|p1a: Mandibuzz|tox
|
|-heal|p1a: Mandibuzz|376\/424 tox|[from] item: Leftovers
|-damage|p1a: Mandibuzz|350\/424 tox|[from] psn
|-damage|p2a: Chansey|140\/704 tox|[from] psn
|turn|22
|callback|decision
|
|move|p1a: Mandibuzz|Knock Off|p2a: Chansey
|-damage|p2a: Chansey|46\/704 tox
|move|p2a: Chansey|Wish|p2a: Chansey
|
|-heal|p1a: Mandibuzz|376\/424 tox|[from] item: Leftovers
|-damage|p1a: Mandibuzz|324\/424 tox|[from] psn
|-damage|p2a: Chansey|0 fnt|[from] psn
|faint|p2a: Chansey
|callback|decision
|
|switch|p2a: Malamar|Malamar, M|337\/337
|-damage|p2a: Malamar|295\/337|[from] Stealth Rock
|turn|23
|callback|decision
|
|move|p2a: Malamar|Substitute|p2a: Malamar
|-start|p2a: Malamar|Substitute
|-damage|p2a: Malamar|211\/337
|move|p1a: Mandibuzz|Knock Off|p2a: Malamar
|-end|p2a: Malamar|Substitute
|
|-heal|p2a: Malamar|337\/337|[from] move: Wish|[wisher] Chansey
|-heal|p1a: Mandibuzz|350\/424 tox|[from] item: Leftovers
|-damage|p1a: Mandibuzz|272\/424 tox|[from] psn
|turn|24
|callback|decision
|
|move|p2a: Malamar|Substitute|p2a: Malamar
|-start|p2a: Malamar|Substitute
|-damage|p2a: Malamar|253\/337
|move|p1a: Mandibuzz|Knock Off|p2a: Malamar
|-activate|p2a: Malamar|Substitute|[damage]
|
|-heal|p2a: Malamar|274\/337|[from] item: Leftovers
|-heal|p1a: Mandibuzz|298\/424 tox|[from] item: Leftovers
|-damage|p1a: Mandibuzz|194\/424 tox|[from] psn
|turn|25
|callback|decision
|
|switch|p1a: Florges|Florges, F|84\/360
|move|p2a: Malamar|Superpower|p1a: Florges
|-resisted|p1a: Florges
|-damage|p1a: Florges|13\/360
|-boost|p2a: Malamar|atk|1
|-boost|p2a: Malamar|def|1
|
|-heal|p2a: Malamar|295\/337|[from] item: Leftovers
|-heal|p1a: Florges|35\/360|[from] item: Leftovers
|turn|26
|callback|decision
|
|move|p2a: Malamar|Superpower|p1a: Florges
|-resisted|p1a: Florges
|-damage|p1a: Florges|0 fnt
|-boost|p2a: Malamar|atk|1
|-boost|p2a: Malamar|def|1
|faint|p1a: Florges
|
|-heal|p2a: Malamar|316\/337|[from] item: Leftovers
|callback|decision
|
|switch|p1a: Tornadus|Tornadus, M|34\/299
|turn|27
|callback|decision
|
|move|p1a: Tornadus|Hurricane|p2a: Malamar
|-end|p2a: Malamar|Substitute
|-damage|p1a: Tornadus|5\/299|[from] item: Life Orb
|move|p2a: Malamar|Substitute|p2a: Malamar
|-start|p2a: Malamar|Substitute
|-damage|p2a: Malamar|232\/337
|
|-heal|p2a: Malamar|253\/337|[from] item: Leftovers
|turn|28
|callback|decision
|
|move|p1a: Tornadus|Taunt|p2a: Malamar
|-start|p2a: Malamar|move: Taunt
|move|p2a: Malamar|Superpower|p1a: Tornadus
|-resisted|p1a: Tornadus
|-damage|p1a: Tornadus|0 fnt
|-boost|p2a: Malamar|atk|1
|-boost|p2a: Malamar|def|1
|faint|p1a: Tornadus
|
|-heal|p2a: Malamar|274\/337|[from] item: Leftovers
|callback|decision
|-message|lxlTorgue forfeited.
|
|win|bange
|raw|Ladder updating...
|leave|lxlTorgue
|player|p1
|raw|lxlTorgue's rating: 1517 &rarr; <strong>1516<\/strong><br \/>(-1 for losing)
|raw|bange's rating: 1679 &rarr; <strong>1689<\/strong><br \/>(+10 for winning)