|join|jk753
|join|Vanilla Vanish
|player|p1|jk753|169
|player|p2|Vanilla Vanish|101
|gametype|singles
|gen|6
|tier|OU
|rated
|clearpoke
|poke|p1|Smeargle, M, shiny
|poke|p1|Vaporeon, F
|poke|p1|Scolipede, M, shiny
|poke|p1|Sylveon, F
|poke|p1|Mr. Mime, M, shiny
|poke|p1|Espeon, M, shiny
|poke|p2|Manectric, F
|poke|p2|Landorus-Therian, M
|poke|p2|Rotom-Wash
|poke|p2|Excadrill, M
|poke|p2|Zygarde
|poke|p2|Zapdos
|rule|Sleep Clause Mod: Limit one foe put to sleep
|rule|Species Clause: Limit one of each Pokemon
|rule|OHKO Clause: OHKO moves are banned
|rule|Moody Clause: Moody is banned
|rule|Evasion Moves Clause: Evasion moves are banned
|rule|Endless Battle Clause: Forcing endless battles is banned.
|rule|HP Percentage Mod: HP is reported as percentages
|teampreview
|
|start
|switch|p1a: Scolipede|Scolipede, M, shiny|321\/321
|switch|p2a: Manectric|Manectric, F|281\/281
|turn|1
|
|detailschange|p2a: Manectric|Manectric-Mega, F
|message|Manectric has Mega Evolved into Mega Manectric!
|-ability|p2a: Manectric|Intimidate|[of] p1a: Scolipede
|-unboost|p1a: Scolipede|atk|1
|move|p2a: Manectric|Flamethrower|p1a: Scolipede
|-supereffective|p1a: Scolipede
|-damage|p1a: Scolipede|5\/321
|move|p1a: Scolipede|Substitute|p1a: Scolipede
|-fail|p1a: Scolipede|move: Substitute|[weak]
|
|-boost|p1a: Scolipede|spe|1|[from] ability: Speed Boost
|turn|2
|chat|jk753|dayumm, boy
|chat|jk753|yyy
|
|move|p1a: Scolipede|Protect|p1a: Scolipede
|-singleturn|p1a: Scolipede|Protect
|move|p2a: Manectric|Volt Switch|p1a: Scolipede
|-activate|p1a: Scolipede|Protect
|
|-boost|p1a: Scolipede|spe|1|[from] ability: Speed Boost
|turn|3
|
|move|p1a: Scolipede|Baton Pass|p1a: Scolipede
|
|switch|p1a: Mr. Mime|Mr. Mime, M, shiny|284\/284
|move|p2a: Manectric|Volt Switch|p1a: Mr. Mime
|-damage|p1a: Mr. Mime|208\/284
|
|switch|p2a: Excadrill|Excadrill, M|362\/362
|-ability|p2a: Excadrill|Mold Breaker
|
|-heal|p1a: Mr. Mime|225\/284|[from] item: Leftovers
|turn|4
|
|move|p2a: Excadrill|Iron Head|p1a: Mr. Mime
|-supereffective|p1a: Mr. Mime
|-damage|p1a: Mr. Mime|0 fnt
|faint|p1a: Mr. Mime
|
|chat|jk753|OH, OF COURSE YOU'RE SCARFED
|
|switch|p1a: Scolipede|Scolipede, M, shiny|5\/321
|turn|5
|chat|Vanilla Vanish|Well yeah, I went into my Scarf pokemon for a reason there
|
|move|p2a: Excadrill|Iron Head|p1a: Scolipede
|-damage|p1a: Scolipede|0 fnt
|faint|p1a: Scolipede
|
|
|switch|p1a: Smeargle|Smeargle, M, shiny|273\/273
|turn|6
|
|move|p2a: Excadrill|Iron Head|p1a: Smeargle
|-damage|p1a: Smeargle|62\/273
|move|p1a: Smeargle|Quiver Dance|p1a: Smeargle
|-boost|p1a: Smeargle|spa|1
|-boost|p1a: Smeargle|spd|1
|-boost|p1a: Smeargle|spe|1
|
|turn|7
|chat|jk753|oh, you're faster
|chat|jk753|i have to start checking the speeds
|chat|jk753|or stop using this team, i have no idea how to use it
|
|move|p2a: Excadrill|Iron Head|p1a: Smeargle
|-crit|p1a: Smeargle
|-damage|p1a: Smeargle|0 fnt
|faint|p1a: Smeargle
|
|chat|jk753|you can have the points
|-message|jk753 forfeited.
|
|win|Vanilla Vanish
|raw|Ladder updating...
|raw|jk753's rating: 1752 &rarr; <strong>1721<\/strong><br \/>(-31 for losing)
|raw|Vanilla Vanish's rating: 1534 &rarr; <strong>1565<\/strong><br \/>(+31 for winning)
|leave|jk753
|player|p1