|join|Guess That Gimmick
|join|Vanilla Vanish
|player|p1|Guess That Gimmick|160
|player|p2|Vanilla Vanish|2
|gametype|singles
|gen|6
|tier|OU
|rated
|clearpoke
|poke|p1|Vespiquen, F, shiny
|poke|p1|Goodra, F, shiny
|poke|p1|Quagsire, M, shiny
|poke|p1|Tangrowth, M, shiny
|poke|p1|Gliscor, M, shiny
|poke|p1|Wobbuffet, F, shiny
|poke|p2|Manectric, M
|poke|p2|Landorus-Therian, M
|poke|p2|Rotom-Wash
|poke|p2|Excadrill, F
|poke|p2|Zygarde
|poke|p2|Zapdos
|rule|Sleep Clause Mod: Limit one foe put to sleep
|rule|Species Clause: Limit one of each Pokemon
|rule|OHKO Clause: OHKO moves are banned
|rule|Moody Clause: Moody is banned
|rule|Evasion Moves Clause: Evasion moves are banned
|rule|Endless Battle Clause: Forcing endless battles is banned.
|rule|HP Percentage Mod: HP is reported as percentages
|teampreview
|
|start
|switch|p1a: PepperYourAngus|Gliscor, M, shiny|354\/354
|switch|p2a: Manectric|Manectric, M|281\/281
|turn|1
|
|detailschange|p2a: Manectric|Manectric-Mega, M
|message|Manectric has Mega Evolved into Mega Manectric!
|-ability|p2a: Manectric|Intimidate|[of] p1a: PepperYourAngus
|-unboost|p1a: PepperYourAngus|atk|1
|move|p1a: PepperYourAngus|Protect|p1a: PepperYourAngus
|-singleturn|p1a: PepperYourAngus|Protect
|move|p2a: Manectric|Hidden Power|p1a: PepperYourAngus
|-activate|p1a: PepperYourAngus|Protect
|
|-status|p1a: PepperYourAngus|tox|[from] item: Toxic Orb
|turn|2
|
|switch|p1a: Blow-Up Doll|Wobbuffet, F, shiny|584\/584
|move|p2a: Manectric|Hidden Power|p1a: Blow-Up Doll
|-damage|p1a: Blow-Up Doll|489\/584
|
|-heal|p1a: Blow-Up Doll|525\/584|[from] item: Leftovers
|turn|3
|
|move|p2a: Manectric|Volt Switch|p1a: Blow-Up Doll
|-damage|p1a: Blow-Up Doll|369\/584
|
|switch|p2a: Rotom-Wash|Rotom-Wash|304\/304
|move|p1a: Blow-Up Doll|Mirror Coat|p2a: Rotom-Wash
|-damage|p2a: Rotom-Wash|0 fnt
|faint|p2a: Rotom-Wash
|
|-heal|p1a: Blow-Up Doll|405\/584|[from] item: Leftovers
|
|switch|p2a: Zygarde|Zygarde|358\/358
|-ability|p2a: Zygarde|Aura Break
|turn|4
|
|move|p2a: Zygarde|Dragon Dance|p2a: Zygarde
|-boost|p2a: Zygarde|atk|1
|-boost|p2a: Zygarde|spe|1
|move|p1a: Blow-Up Doll|Encore|p2a: Zygarde
|-start|p2a: Zygarde|Encore
|
|-heal|p1a: Blow-Up Doll|441\/584|[from] item: Leftovers
|turn|5
|
|move|p2a: Zygarde|Dragon Dance|p2a: Zygarde
|-boost|p2a: Zygarde|atk|1
|-boost|p2a: Zygarde|spe|1
|move|p1a: Blow-Up Doll|Destiny Bond|p1a: Blow-Up Doll
|-singlemove|p1a: Blow-Up Doll|Destiny Bond
|
|-heal|p1a: Blow-Up Doll|477\/584|[from] item: Leftovers
|turn|6
|
|move|p2a: Zygarde|Dragon Dance|p2a: Zygarde
|-boost|p2a: Zygarde|atk|1
|-boost|p2a: Zygarde|spe|1
|move|p1a: Blow-Up Doll|Counter|p2a: Zygarde
|-fail|p2a: Zygarde
|
|-heal|p1a: Blow-Up Doll|513\/584|[from] item: Leftovers
|turn|7
|
|switch|p1a: SWAGsire|Quagsire, M, shiny|394\/394
|move|p2a: Zygarde|Dragon Dance|p2a: Zygarde
|-boost|p2a: Zygarde|atk|1
|-boost|p2a: Zygarde|spe|1
|
|-end|p2a: Zygarde|Encore
|turn|8
|
|move|p2a: Zygarde|Earthquake|p1a: SWAGsire
|-damage|p1a: SWAGsire|268\/394
|move|p1a: SWAGsire|Stockpile|p1a: SWAGsire
|-start|p1a: SWAGsire|stockpile1
|-boost|p1a: SWAGsire|def|1
|-boost|p1a: SWAGsire|spd|1
|
|-heal|p1a: SWAGsire|292\/394|[from] item: Leftovers
|turn|9
|
|move|p2a: Zygarde|Outrage|p1a: SWAGsire
|-damage|p1a: SWAGsire|184\/394
|move|p1a: SWAGsire|Stockpile|p1a: SWAGsire
|-start|p1a: SWAGsire|stockpile2
|-boost|p1a: SWAGsire|def|1
|-boost|p1a: SWAGsire|spd|1
|
|-heal|p1a: SWAGsire|208\/394|[from] item: Leftovers
|turn|10
|
|move|p2a: Zygarde|Outrage|p1a: SWAGsire
|-damage|p1a: SWAGsire|135\/394
|move|p1a: SWAGsire|Recover|p1a: SWAGsire
|-heal|p1a: SWAGsire|332\/394
|
|-end|p2a: Zygarde|rampage
|-start|p2a: Zygarde|confusion
|-heal|p1a: SWAGsire|356\/394|[from] item: Leftovers
|-enditem|p2a: Zygarde|Lum Berry|[eat]
|-end|p2a: Zygarde|confusion
|turn|11
|
|switch|p2a: Landorus-Therian|Landorus-Therian, M|382\/382
|-ability|p2a: Landorus-Therian|Intimidate|[of] p1a: SWAGsire
|-unboost|p1a: SWAGsire|atk|1
|move|p1a: SWAGsire|Stockpile|p1a: SWAGsire
|-start|p1a: SWAGsire|stockpile3
|-boost|p1a: SWAGsire|def|1
|-boost|p1a: SWAGsire|spd|1
|
|-heal|p1a: SWAGsire|380\/394|[from] item: Leftovers
|turn|12
|
|move|p2a: Landorus-Therian|Knock Off|p1a: SWAGsire
|-damage|p1a: SWAGsire|347\/394
|-enditem|p1a: SWAGsire|Leftovers|[from] move: Knock Off|[of] p2a: Landorus-Therian
|move|p1a: SWAGsire|Infestation|p2a: Landorus-Therian
|-resisted|p2a: Landorus-Therian
|-damage|p2a: Landorus-Therian|377\/382
|-activate|p2a: Landorus-Therian|move: Infestation|[of] p1a: SWAGsire
|
|-heal|p2a: Landorus-Therian|382\/382|[from] item: Leftovers
|-damage|p2a: Landorus-Therian|335\/382|[from] move: Infestation|[partiallytrapped]
|turn|13
|
|move|p2a: Landorus-Therian|Stealth Rock|p1a: SWAGsire
|-sidestart|p1: Guess That Gimmick|move: Stealth Rock
|move|p1a: SWAGsire|Toxic|p2a: Landorus-Therian
|-status|p2a: Landorus-Therian|tox
|
|-heal|p2a: Landorus-Therian|358\/382 tox|[from] item: Leftovers
|-damage|p2a: Landorus-Therian|335\/382 tox|[from] psn
|-damage|p2a: Landorus-Therian|288\/382 tox|[from] move: Infestation|[partiallytrapped]
|turn|14
|
|move|p2a: Landorus-Therian|U-turn|p1a: SWAGsire
|-damage|p1a: SWAGsire|322\/394
|
|switch|p2a: Zapdos|Zapdos|384\/384
|-ability|p2a: Zapdos|Pressure
|move|p1a: SWAGsire|Recover|p1a: SWAGsire
|-heal|p1a: SWAGsire|394\/394
|
|turn|15
|
|switch|p1a: PepperYourAngus|Gliscor, M, shiny|354\/354 tox
|-damage|p1a: PepperYourAngus|310\/354 tox|[from] Stealth Rock
|move|p2a: Zapdos|Toxic|p1a: PepperYourAngus
|-fail|p1a: PepperYourAngus|tox
|
|-heal|p1a: PepperYourAngus|354\/354 tox|[from] ability: Poison Heal
|turn|16
|
|switch|p2a: Landorus-Therian|Landorus-Therian, M|288\/382 tox
|-ability|p2a: Landorus-Therian|Intimidate|[of] p1a: PepperYourAngus
|-unboost|p1a: PepperYourAngus|atk|1
|move|p1a: PepperYourAngus|Substitute|p1a: PepperYourAngus
|-start|p1a: PepperYourAngus|Substitute
|-damage|p1a: PepperYourAngus|266\/354 tox
|
|-heal|p2a: Landorus-Therian|311\/382 tox|[from] item: Leftovers
|-heal|p1a: PepperYourAngus|310\/354 tox|[from] ability: Poison Heal
|-damage|p2a: Landorus-Therian|288\/382 tox|[from] psn
|turn|17
|
|move|p1a: PepperYourAngus|Protect|p1a: PepperYourAngus
|-singleturn|p1a: PepperYourAngus|Protect
|move|p2a: Landorus-Therian|Knock Off|p1a: PepperYourAngus
|-activate|p1a: PepperYourAngus|Protect
|
|-heal|p2a: Landorus-Therian|311\/382 tox|[from] item: Leftovers
|-heal|p1a: PepperYourAngus|354\/354 tox|[from] ability: Poison Heal
|-damage|p2a: Landorus-Therian|265\/382 tox|[from] psn
|turn|18
|
|move|p1a: PepperYourAngus|Fire Fang|p2a: Landorus-Therian
|-damage|p2a: Landorus-Therian|231\/382 tox
|move|p2a: Landorus-Therian|Knock Off|p1a: PepperYourAngus
|-activate|p1a: PepperYourAngus|Substitute|[damage]
|
|-heal|p2a: Landorus-Therian|254\/382 tox|[from] item: Leftovers
|-damage|p2a: Landorus-Therian|185\/382 tox|[from] psn
|turn|19
|
|move|p1a: PepperYourAngus|Fire Fang|p2a: Landorus-Therian
|-damage|p2a: Landorus-Therian|149\/382 tox
|move|p2a: Landorus-Therian|Knock Off|p1a: PepperYourAngus
|-end|p1a: PepperYourAngus|Substitute
|
|-heal|p2a: Landorus-Therian|172\/382 tox|[from] item: Leftovers
|-damage|p2a: Landorus-Therian|80\/382 tox|[from] psn
|turn|20
|
|move|p1a: PepperYourAngus|Substitute|p1a: PepperYourAngus
|-start|p1a: PepperYourAngus|Substitute
|-damage|p1a: PepperYourAngus|266\/354 tox
|move|p2a: Landorus-Therian|Knock Off|p1a: PepperYourAngus
|-end|p1a: PepperYourAngus|Substitute
|
|-heal|p2a: Landorus-Therian|103\/382 tox|[from] item: Leftovers
|-heal|p1a: PepperYourAngus|310\/354 tox|[from] ability: Poison Heal
|-damage|p2a: Landorus-Therian|0 fnt|[from] psn
|faint|p2a: Landorus-Therian
|
|switch|p2a: Manectric|Manectric-Mega, M|281\/281
|-ability|p2a: Manectric|Intimidate|[of] p1a: PepperYourAngus
|-unboost|p1a: PepperYourAngus|atk|1
|turn|21
|
|move|p1a: PepperYourAngus|Protect|p1a: PepperYourAngus
|-singleturn|p1a: PepperYourAngus|Protect
|move|p2a: Manectric|Volt Switch|p1a: PepperYourAngus
|-immune|p1a: PepperYourAngus|[msg]
|
|-heal|p1a: PepperYourAngus|354\/354 tox|[from] ability: Poison Heal
|turn|22
|
|move|p2a: Manectric|Volt Switch|p1a: PepperYourAngus
|-immune|p1a: PepperYourAngus|[msg]
|move|p1a: PepperYourAngus|Toxic|p2a: Manectric
|-status|p2a: Manectric|tox
|
|-damage|p2a: Manectric|264\/281 tox|[from] psn
|turn|23
|
|move|p1a: PepperYourAngus|Protect|p1a: PepperYourAngus
|-singleturn|p1a: PepperYourAngus|Protect
|move|p2a: Manectric|Hidden Power|p1a: PepperYourAngus
|-activate|p1a: PepperYourAngus|Protect
|
|-damage|p2a: Manectric|230\/281 tox|[from] psn
|turn|24
|
|switch|p1a: SWAGsire|Quagsire, M, shiny|394\/394
|-damage|p1a: SWAGsire|370\/394|[from] Stealth Rock
|move|p2a: Manectric|Volt Switch|p1a: SWAGsire
|-immune|p1a: SWAGsire|[msg]
|
|-damage|p2a: Manectric|179\/281 tox|[from] psn
|turn|25
|
|switch|p2a: Zapdos|Zapdos|384\/384
|-ability|p2a: Zapdos|Pressure
|move|p1a: SWAGsire|Stockpile|p1a: SWAGsire
|-start|p1a: SWAGsire|stockpile1
|-boost|p1a: SWAGsire|def|1
|-boost|p1a: SWAGsire|spd|1
|
|turn|26
|
|switch|p1a: PepperYourAngus|Gliscor, M, shiny|354\/354 tox
|-damage|p1a: PepperYourAngus|310\/354 tox|[from] Stealth Rock
|move|p2a: Zapdos|Toxic|p1a: PepperYourAngus
|-fail|p1a: PepperYourAngus|tox
|
|-heal|p1a: PepperYourAngus|354\/354 tox|[from] ability: Poison Heal
|turn|27
|
|switch|p2a: Manectric|Manectric-Mega, M|179\/281 tox
|-ability|p2a: Manectric|Intimidate|[of] p1a: PepperYourAngus
|-unboost|p1a: PepperYourAngus|atk|1
|move|p1a: PepperYourAngus|Toxic|p2a: Manectric
|-fail|p2a: Manectric|tox
|
|-damage|p2a: Manectric|162\/281 tox|[from] psn
|turn|28
|
|move|p1a: PepperYourAngus|Protect|p1a: PepperYourAngus
|-singleturn|p1a: PepperYourAngus|Protect
|move|p2a: Manectric|Hidden Power|p1a: PepperYourAngus
|-activate|p1a: PepperYourAngus|Protect
|
|-damage|p2a: Manectric|128\/281 tox|[from] psn
|turn|29
|
|switch|p1a: Blow-Up Doll|Wobbuffet, F, shiny|513\/584
|-damage|p1a: Blow-Up Doll|440\/584|[from] Stealth Rock
|move|p2a: Manectric|Hidden Power|p1a: Blow-Up Doll
|-damage|p1a: Blow-Up Doll|350\/584
|
|-heal|p1a: Blow-Up Doll|386\/584|[from] item: Leftovers
|-damage|p2a: Manectric|77\/281 tox|[from] psn
|turn|30
|
|move|p2a: Manectric|Thunderbolt|p1a: Blow-Up Doll
|-damage|p1a: Blow-Up Doll|167\/584
|move|p1a: Blow-Up Doll|Mirror Coat|p2a: Manectric
|-damage|p2a: Manectric|0 fnt
|faint|p2a: Manectric
|
|-heal|p1a: Blow-Up Doll|203\/584|[from] item: Leftovers
|
|switch|p2a: Excadrill|Excadrill, F|362\/362
|-ability|p2a: Excadrill|Mold Breaker
|turn|31
|
|move|p2a: Excadrill|Iron Head|p1a: Blow-Up Doll
|-damage|p1a: Blow-Up Doll|28\/584
|move|p1a: Blow-Up Doll|Counter|p2a: Excadrill
|-damage|p2a: Excadrill|12\/362
|
|-heal|p1a: Blow-Up Doll|64\/584|[from] item: Leftovers
|turn|32
|
|switch|p1a: PepperYourAngus|Gliscor, M, shiny|354\/354 tox
|-damage|p1a: PepperYourAngus|310\/354 tox|[from] Stealth Rock
|move|p2a: Excadrill|Iron Head|p1a: PepperYourAngus
|-damage|p1a: PepperYourAngus|190\/354 tox
|
|-heal|p1a: PepperYourAngus|234\/354 tox|[from] ability: Poison Heal
|turn|33
|
|move|p2a: Excadrill|Iron Head|p1a: PepperYourAngus
|-damage|p1a: PepperYourAngus|114\/354 tox
|cant|p1a: PepperYourAngus|flinch
|
|-heal|p1a: PepperYourAngus|158\/354 tox|[from] ability: Poison Heal
|turn|34
|
|move|p1a: PepperYourAngus|Protect|p1a: PepperYourAngus
|-singleturn|p1a: PepperYourAngus|Protect
|move|p2a: Excadrill|Iron Head|p1a: PepperYourAngus
|-activate|p1a: PepperYourAngus|Protect
|
|-heal|p1a: PepperYourAngus|202\/354 tox|[from] ability: Poison Heal
|turn|35
|
|move|p2a: Excadrill|Iron Head|p1a: PepperYourAngus
|-damage|p1a: PepperYourAngus|82\/354 tox
|move|p1a: PepperYourAngus|Fire Fang|p2a: Excadrill
|-supereffective|p2a: Excadrill
|-damage|p2a: Excadrill|0 fnt
|faint|p2a: Excadrill
|
|-heal|p1a: PepperYourAngus|126\/354 tox|[from] ability: Poison Heal
|
|switch|p2a: Zygarde|Zygarde|358\/358
|-ability|p2a: Zygarde|Aura Break
|turn|36
|
|move|p1a: PepperYourAngus|Substitute|p1a: PepperYourAngus
|-start|p1a: PepperYourAngus|Substitute
|-damage|p1a: PepperYourAngus|38\/354 tox
|move|p2a: Zygarde|Outrage|p1a: PepperYourAngus
|-end|p1a: PepperYourAngus|Substitute
|
|-heal|p1a: PepperYourAngus|82\/354 tox|[from] ability: Poison Heal
|turn|37
|
|move|p1a: PepperYourAngus|Protect|p1a: PepperYourAngus
|-singleturn|p1a: PepperYourAngus|Protect
|move|p2a: Zygarde|Outrage|p1a: PepperYourAngus
|-activate|p1a: PepperYourAngus|Protect
|
|-end|p2a: Zygarde|rampage
|-start|p2a: Zygarde|confusion
|-heal|p1a: PepperYourAngus|126\/354 tox|[from] ability: Poison Heal
|turn|38
|
|move|p1a: PepperYourAngus|Substitute|p1a: PepperYourAngus
|-start|p1a: PepperYourAngus|Substitute
|-damage|p1a: PepperYourAngus|38\/354 tox
|-activate|p2a: Zygarde|confusion
|-damage|p2a: Zygarde|318\/358|[from] confusion
|
|-heal|p1a: PepperYourAngus|82\/354 tox|[from] ability: Poison Heal
|turn|39
|
|move|p1a: PepperYourAngus|Toxic|p2a: Zygarde
|-status|p2a: Zygarde|tox
|-end|p2a: Zygarde|confusion
|move|p2a: Zygarde|Dragon Dance|p2a: Zygarde
|-boost|p2a: Zygarde|atk|1
|-boost|p2a: Zygarde|spe|1
|
|-damage|p2a: Zygarde|296\/358 tox|[from] psn
|-heal|p1a: PepperYourAngus|126\/354 tox|[from] ability: Poison Heal
|turn|40
|
|move|p1a: PepperYourAngus|Protect|p1a: PepperYourAngus
|-singleturn|p1a: PepperYourAngus|Protect
|move|p2a: Zygarde|Outrage|p1a: PepperYourAngus
|-activate|p1a: PepperYourAngus|Protect
|
|-damage|p2a: Zygarde|252\/358 tox|[from] psn
|-heal|p1a: PepperYourAngus|170\/354 tox|[from] ability: Poison Heal
|turn|41
|
|move|p2a: Zygarde|Outrage|p1a: PepperYourAngus
|-end|p1a: PepperYourAngus|Substitute
|move|p1a: PepperYourAngus|Substitute|p1a: PepperYourAngus
|-start|p1a: PepperYourAngus|Substitute
|-damage|p1a: PepperYourAngus|82\/354 tox
|
|-damage|p2a: Zygarde|186\/358 tox|[from] psn
|-heal|p1a: PepperYourAngus|126\/354 tox|[from] ability: Poison Heal
|turn|42
|-message|Vanilla Vanish forfeited.
|
|win|Guess That Gimmick
|raw|Ladder updating...
|raw|Guess That Gimmick's rating: 1391 &rarr; <strong>1415<\/strong><br \/>(+24 for winning)
|raw|Vanilla Vanish's rating: 1468 &rarr; <strong>1444<\/strong><br \/>(-24 for losing)
|leave|Vanilla Vanish
|player|p2