|join|Vanilla Vanish
|join|buckmuligan
|player|p1|Vanilla Vanish|1
|player|p2|buckmuligan|247
|gametype|singles
|gen|6
|tier|OU
|rated
|clearpoke
|poke|p1|Manectric, M
|poke|p1|Landorus-Therian, M
|poke|p1|Excadrill, F
|poke|p1|Rotom-Wash
|poke|p1|Zapdos
|poke|p1|Thundurus, M
|poke|p2|Charizard, F
|poke|p2|Landorus-Therian, M
|poke|p2|Mandibuzz, F
|poke|p2|Azumarill, M
|poke|p2|Latios, M
|poke|p2|Aegislash, F
|rule|Sleep Clause Mod: Limit one foe put to sleep
|rule|Species Clause: Limit one of each Pokemon
|rule|OHKO Clause: OHKO moves are banned
|rule|Moody Clause: Moody is banned
|rule|Evasion Moves Clause: Evasion moves are banned
|rule|Endless Battle Clause: Forcing endless battles is banned.
|rule|HP Percentage Mod: HP is reported as percentages
|teampreview
|
|start
|switch|p1a: Manectric|Manectric, M|281\/281
|switch|p2a: Aegislash|Aegislash, F|324\/324
|turn|1
|
|-ability|p1a: Manectric|Intimidate|[of] p2a: Aegislash
|-unboost|p2a: Aegislash|atk|1
|detailschange|p1a: Manectric|Manectric-Mega, M
|message|Manectric has Mega Evolved into Mega Manectric!
|move|p1a: Manectric|Volt Switch|p2a: Aegislash
|-damage|p2a: Aegislash|231\/324
|
|switch|p1a: Rotom-Wash|Rotom-Wash|304\/304
|-formechange|p2a: Aegislash|Aegislash-Blade
|move|p2a: Aegislash|Shadow Ball|p1a: Rotom-Wash
|-damage|p1a: Rotom-Wash|181\/304
|
|-heal|p1a: Rotom-Wash|200\/304|[from] item: Leftovers
|-heal|p2a: Aegislash|251\/324|[from] item: Leftovers
|turn|2
|
|switch|p2a: Charizard|Charizard, F|360\/360
|move|p1a: Rotom-Wash|Will-O-Wisp|p2a: Charizard
|-fail|p2a: Charizard
|
|-heal|p1a: Rotom-Wash|219\/304|[from] item: Leftovers
|turn|3
|
|switch|p2a: Latios|Latios, M|302\/302
|move|p1a: Rotom-Wash|Hydro Pump|p2a: Latios
|-resisted|p2a: Latios
|-damage|p2a: Latios|239\/302
|
|-heal|p1a: Rotom-Wash|238\/304|[from] item: Leftovers
|turn|4
|
|move|p1a: Rotom-Wash|Protect|p1a: Rotom-Wash
|-singleturn|p1a: Rotom-Wash|Protect
|move|p2a: Latios|Draco Meteor|p1a: Rotom-Wash
|-activate|p1a: Rotom-Wash|Protect
|
|-heal|p1a: Rotom-Wash|257\/304|[from] item: Leftovers
|turn|5
|
|move|p2a: Latios|Draco Meteor|p1a: Rotom-Wash
|-damage|p1a: Rotom-Wash|41\/304
|-unboost|p2a: Latios|spa|2
|-damage|p2a: Latios|209\/302|[from] item: Life Orb
|move|p1a: Rotom-Wash|Volt Switch|p2a: Latios
|-resisted|p2a: Latios
|-damage|p2a: Latios|171\/302
|chat|buckmuligan|that was unexpected
|
|switch|p1a: Landorus-Therian|Landorus-Therian, M|382\/382
|-ability|p1a: Landorus-Therian|Intimidate|[of] p2a: Latios
|-unboost|p2a: Latios|atk|1
|
|turn|6
|
|switch|p2a: Mandibuzz|Mandibuzz, F|424\/424
|move|p1a: Landorus-Therian|Stealth Rock|p2a: Mandibuzz
|-sidestart|p2: buckmuligan|move: Stealth Rock
|
|turn|7
|
|move|p1a: Landorus-Therian|U-turn|p2a: Mandibuzz
|-damage|p2a: Mandibuzz|353\/424
|
|switch|p1a: Manectric|Manectric-Mega, M|281\/281
|-ability|p1a: Manectric|Intimidate|[of] p2a: Mandibuzz
|-unboost|p2a: Mandibuzz|atk|1
|move|p2a: Mandibuzz|Foul Play|p1a: Manectric
|-damage|p1a: Manectric|194\/281
|
|-heal|p2a: Mandibuzz|379\/424|[from] item: Leftovers
|turn|8
|
|move|p1a: Manectric|Volt Switch|p2a: Mandibuzz
|-supereffective|p2a: Mandibuzz
|-damage|p2a: Mandibuzz|115\/424
|
|switch|p1a: Thundurus|Thundurus, M|300\/300
|move|p2a: Mandibuzz|Defog|p1a: Thundurus
|-unboost|p1a: Thundurus|evasion|1
|-sideend|p2: buckmuligan|Stealth Rock|[from] move: Defog|[of] p2a: Mandibuzz
|
|-heal|p2a: Mandibuzz|141\/424|[from] item: Leftovers
|turn|9
|
|switch|p2a: Aegislash|Aegislash, F|251\/324
|move|p1a: Thundurus|Nasty Plot|p1a: Thundurus
|-boost|p1a: Thundurus|spa|2
|
|-heal|p2a: Aegislash|271\/324|[from] item: Leftovers
|turn|10
|
|move|p1a: Thundurus|Thunderbolt|p2a: Aegislash
|-damage|p2a: Aegislash|0 fnt
|-damage|p1a: Thundurus|270\/300|[from] item: Life Orb
|faint|p2a: Aegislash
|
|
|switch|p2a: Latios|Latios, M|171\/302
|turn|11
|
|switch|p1a: Rotom-Wash|Rotom-Wash|41\/304
|move|p2a: Latios|Draco Meteor|p1a: Rotom-Wash
|-damage|p1a: Rotom-Wash|0 fnt
|-unboost|p2a: Latios|spa|2
|-damage|p2a: Latios|141\/302|[from] item: Life Orb
|faint|p1a: Rotom-Wash
|
|
|switch|p1a: Landorus-Therian|Landorus-Therian, M|382\/382
|-ability|p1a: Landorus-Therian|Intimidate|[of] p2a: Latios
|-unboost|p2a: Latios|atk|1
|turn|12
|
|switch|p2a: Charizard|Charizard, F|360\/360
|move|p1a: Landorus-Therian|Knock Off|p2a: Charizard
|-damage|p2a: Charizard|251\/360
|
|turn|13
|
|detailschange|p2a: Charizard|Charizard-Mega-X, F
|message|Charizard has Mega Evolved into Mega Charizard!
|move|p2a: Charizard|Dragon Dance|p2a: Charizard
|-boost|p2a: Charizard|atk|1
|-boost|p2a: Charizard|spe|1
|move|p1a: Landorus-Therian|Earthquake|p2a: Charizard
|-supereffective|p2a: Charizard
|-damage|p2a: Charizard|0 fnt
|faint|p2a: Charizard
|
|chat|buckmuligan|well predicted
|
|switch|p2a: Azumarill|Azumarill, M|380\/380
|turn|14
|
|switch|p1a: Zapdos|Zapdos|384\/384
|-ability|p1a: Zapdos|Pressure
|move|p2a: Azumarill|Waterfall|p1a: Zapdos
|-crit|p1a: Zapdos
|-damage|p1a: Zapdos|60\/384
|
|-heal|p1a: Zapdos|84\/384|[from] item: Leftovers
|turn|15
|
|switch|p2a: Landorus-Therian|Landorus-Therian, M|382\/382
|-ability|p2a: Landorus-Therian|Intimidate|[of] p1a: Zapdos
|-unboost|p1a: Zapdos|atk|1
|move|p1a: Zapdos|Toxic|p2a: Landorus-Therian
|-status|p2a: Landorus-Therian|tox
|
|-heal|p1a: Zapdos|108\/384|[from] item: Leftovers
|-damage|p2a: Landorus-Therian|359\/382 tox|[from] psn
|turn|16
|
|move|p2a: Landorus-Therian|Earthquake|p1a: Zapdos
|-immune|p1a: Zapdos|[msg]
|move|p1a: Zapdos|Roost|p1a: Zapdos
|-heal|p1a: Zapdos|300\/384
|
|-heal|p2a: Landorus-Therian|382\/382 tox|[from] item: Leftovers
|-heal|p1a: Zapdos|324\/384|[from] item: Leftovers
|-damage|p2a: Landorus-Therian|336\/382 tox|[from] psn
|turn|17
|
|move|p2a: Landorus-Therian|Stone Edge|p1a: Zapdos
|-supereffective|p1a: Zapdos
|-damage|p1a: Zapdos|150\/384
|move|p1a: Zapdos|Volt Switch|p2a: Landorus-Therian
|-immune|p2a: Landorus-Therian|[msg]
|
|-heal|p2a: Landorus-Therian|359\/382 tox|[from] item: Leftovers
|-heal|p1a: Zapdos|174\/384|[from] item: Leftovers
|-damage|p2a: Landorus-Therian|290\/382 tox|[from] psn
|turn|18
|
|switch|p1a: Landorus-Therian|Landorus-Therian, M|382\/382
|-ability|p1a: Landorus-Therian|Intimidate|[of] p2a: Landorus-Therian
|-unboost|p2a: Landorus-Therian|atk|1
|move|p2a: Landorus-Therian|Stone Edge|p1a: Landorus-Therian|[miss]
|-miss|p2a: Landorus-Therian|p1a: Landorus-Therian
|
|-heal|p2a: Landorus-Therian|313\/382 tox|[from] item: Leftovers
|-damage|p2a: Landorus-Therian|221\/382 tox|[from] psn
|turn|19
|
|move|p2a: Landorus-Therian|Stealth Rock|p1a: Landorus-Therian
|-sidestart|p1: Vanilla Vanish|move: Stealth Rock
|move|p1a: Landorus-Therian|Stealth Rock|p2a: Landorus-Therian
|-sidestart|p2: buckmuligan|move: Stealth Rock
|
|-heal|p2a: Landorus-Therian|244\/382 tox|[from] item: Leftovers
|-damage|p2a: Landorus-Therian|129\/382 tox|[from] psn
|turn|20
|
|switch|p2a: Azumarill|Azumarill, M|380\/380
|-damage|p2a: Azumarill|333\/380|[from] Stealth Rock
|move|p1a: Landorus-Therian|U-turn|p2a: Azumarill
|-resisted|p2a: Azumarill
|-damage|p2a: Azumarill|268\/380
|
|switch|p1a: Manectric|Manectric-Mega, M|194\/281
|-damage|p1a: Manectric|159\/281|[from] Stealth Rock
|-ability|p1a: Manectric|Intimidate|[of] p2a: Azumarill
|-unboost|p2a: Azumarill|atk|1
|
|turn|21
|
|move|p1a: Manectric|Thunderbolt|p2a: Azumarill
|-supereffective|p2a: Azumarill
|-damage|p2a: Azumarill|0 fnt
|faint|p2a: Azumarill
|
|
|switch|p2a: Latios|Latios, M|141\/302
|-damage|p2a: Latios|104\/302|[from] Stealth Rock
|turn|22
|
|move|p1a: Manectric|Hidden Power|p2a: Latios
|-supereffective|p2a: Latios
|-damage|p2a: Latios|0 fnt
|faint|p2a: Latios
|
|chat|buckmuligan|gg
|-message|buckmuligan forfeited.
|
|win|Vanilla Vanish
|raw|Ladder updating...
|leave|buckmuligan
|player|p2
|raw|Vanilla Vanish's rating: 1535 &rarr; <strong>1559<\/strong><br \/>(+24 for winning)
|raw|buckmuligan's rating: 1591 &rarr; <strong>1568<\/strong><br \/>(-23 for losing)
|chat|Vanilla Vanish|gg