|join|BonezDAce
|join|Vanilla Vanish
|player|p1|BonezDAce|269
|player|p2|Vanilla Vanish|1
|gametype|singles
|gen|6
|tier|OU
|rated
|clearpoke
|poke|p1|Latios, M
|poke|p1|Landorus-Therian, M, shiny
|poke|p1|Heatran, F, shiny
|poke|p1|Rotom-Wash
|poke|p1|Gengar, M, shiny
|poke|p1|Pinsir, M, shiny
|poke|p2|Pinsir, F
|poke|p2|Tyranitar, M
|poke|p2|Clefable, M
|poke|p2|Rotom-Wash
|poke|p2|Garchomp, M
|poke|p2|Excadrill, M
|rule|Swagger Clause: Swagger is banned
|rule|Baton Pass Clause: Limit one PokÃ©mon knowing Baton Pass
|rule|Sleep Clause Mod: Limit one foe put to sleep
|rule|Species Clause: Limit one of each PokÃ©mon
|rule|OHKO Clause: OHKO moves are banned
|rule|Moody Clause: Moody is banned
|rule|Evasion Moves Clause: Evasion moves are banned
|rule|Endless Battle Clause: Forcing endless battles is banned
|rule|HP Percentage Mod: HP is shown in percentages
|teampreview
|c|âBonezDAce|nice looking team
|join|ChampionRico
|
|start
|switch|p1a: Prof. Nope|Landorus-Therian, M, shiny|319\/319
|switch|p2a: Garchomp|Garchomp, M|357\/357
|-ability|p1a: Prof. Nope|Intimidate|[of] p2a: Garchomp
|-unboost|p2a: Garchomp|atk|1
|turn|1
|
|move|p1a: Prof. Nope|Knock Off|p2a: Garchomp
|-damage|p2a: Garchomp|227\/357
|-damage|p1a: Prof. Nope|280\/319|[from] ability: Rough Skin|[of] p2a: Garchomp
|-enditem|p2a: Garchomp|Focus Sash|[from] move: Knock Off|[of] p1a: Prof. Nope
|move|p2a: Garchomp|Stealth Rock|p1a: Prof. Nope
|-sidestart|p1: BonezDAce|move: Stealth Rock
|
|turn|2
|
|switch|p1a: Tank|Heatran, F, shiny|385\/385
|-damage|p1a: Tank|337\/385|[from] Stealth Rock
|move|p2a: Garchomp|Earthquake|p1a: Tank
|-supereffective|p1a: Tank
|-damage|p1a: Tank|0 fnt
|faint|p1a: Tank
|
|
|switch|p1a: Cleanup#|Latios, M|301\/301
|-damage|p1a: Cleanup#|264\/301|[from] Stealth Rock
|turn|3
|
|switch|p1a: Spin-Cycle|Rotom-Wash|303\/303
|-damage|p1a: Spin-Cycle|266\/303|[from] Stealth Rock
|switch|p2a: Tyranitar|Tyranitar, M|391\/391
|-weather|Sandstorm
|
|-weather|Sandstorm|[upkeep]
|-damage|p1a: Spin-Cycle|248\/303|[from] sandstorm
|turn|4
|
|switch|p2a: Clefable|Clefable, M|394\/394
|move|p1a: Spin-Cycle|Will-O-Wisp|p2a: Clefable
|-status|p2a: Clefable|brn
|
|-weather|Sandstorm|[upkeep]
|-damage|p1a: Spin-Cycle|230\/303|[from] sandstorm
|turn|5
|
|move|p1a: Spin-Cycle|Volt Switch|p2a: Clefable
|-crit|p2a: Clefable
|-damage|p2a: Clefable|253\/394 brn
|
|switch|p1a: Cleanup#|Latios, M|264\/301
|-damage|p1a: Cleanup#|227\/301|[from] Stealth Rock
|move|p2a: Clefable|Soft-Boiled|p2a: Clefable
|-heal|p2a: Clefable|394\/394 brn
|
|-weather|Sandstorm|[upkeep]
|-damage|p1a: Cleanup#|209\/301|[from] sandstorm
|turn|6
|
|switch|p2a: Tyranitar|Tyranitar, M|391\/391
|move|p1a: Cleanup#|Defog|p2a: Tyranitar
|-unboost|p2a: Tyranitar|evasion|1
|-sideend|p1: BonezDAce|Stealth Rock|[from] move: Defog|[of] p1a: Cleanup#
|
|-weather|Sandstorm|[upkeep]
|-damage|p1a: Cleanup#|191\/301|[from] sandstorm
|turn|7
|
|move|p2a: Tyranitar|Pursuit|p1a: Cleanup#|[from]Pursuit
|-supereffective|p1a: Cleanup#
|-damage|p1a: Cleanup#|0 fnt
|faint|p1a: Cleanup#
|
|-weather|none
|
|switch|p1a: FuckWithMe#|Pinsir, M, shiny|271\/271
|turn|8
|
|switch|p2a: Garchomp|Garchomp, M|227\/357
|move|p1a: FuckWithMe#|Swords Dance|p1a: FuckWithMe#
|-boost|p1a: FuckWithMe#|atk|2
|
|turn|9
|
|move|p2a: Garchomp|Outrage|p1a: FuckWithMe#
|-damage|p1a: FuckWithMe#|46\/271
|move|p1a: FuckWithMe#|Frustration|p2a: Garchomp
|-damage|p2a: Garchomp|0 fnt
|-damage|p1a: FuckWithMe#|13\/271|[from] ability: Rough Skin|[of] p2a: Garchomp
|faint|p2a: Garchomp
|
|c|âVanilla Vanish|wrong item?
|c|âBonezDAce|yes 
|c|âVanilla Vanish|sorry
|c|âBonezDAce|like a fool
|
|switch|p2a: Rotom-Wash|Rotom-Wash|304\/304
|turn|10
|
|detailschange|p1a: FuckWithMe#|Pinsir-Mega, M, shiny
|message|Pinsir has Mega Evolved into Mega Pinsir!
|move|p1a: FuckWithMe#|Close Combat|p2a: Rotom-Wash
|-crit|p2a: Rotom-Wash
|-damage|p2a: Rotom-Wash|0 fnt
|-unboost|p1a: FuckWithMe#|def|1
|-unboost|p1a: FuckWithMe#|spd|1
|faint|p2a: Rotom-Wash
|
|
|switch|p2a: Tyranitar|Tyranitar, M|391\/391
|-weather|Sandstorm
|turn|11
|
|switch|p2a: Clefable|Clefable, M|394\/394 brn
|move|p1a: FuckWithMe#|Quick Attack|p2a: Clefable
|-damage|p2a: Clefable|198\/394 brn
|
|-weather|Sandstorm|[upkeep]
|-damage|p1a: FuckWithMe#|0 fnt|[from] sandstorm
|-heal|p2a: Clefable|222\/394 brn|[from] item: Leftovers
|faint|p1a: FuckWithMe#
|
|switch|p1a: Dat-ASS#|Gengar, M, shiny|261\/261
|turn|12
|
|move|p1a: Dat-ASS#|Substitute|p1a: Dat-ASS#
|-start|p1a: Dat-ASS#|Substitute
|-damage|p1a: Dat-ASS#|196\/261
|move|p2a: Clefable|Moonblast|p1a: Dat-ASS#
|-resisted|p1a: Dat-ASS#
|-end|p1a: Dat-ASS#|Substitute
|
|-weather|Sandstorm|[upkeep]
|-damage|p1a: Dat-ASS#|180\/261|[from] sandstorm
|-heal|p1a: Dat-ASS#|196\/261|[from] item: Leftovers
|-heal|p2a: Clefable|246\/394 brn|[from] item: Leftovers
|turn|13
|
|move|p1a: Dat-ASS#|Sludge Bomb|p2a: Clefable
|-supereffective|p2a: Clefable
|-damage|p2a: Clefable|0 fnt
|faint|p2a: Clefable
|
|-weather|Sandstorm|[upkeep]
|-damage|p1a: Dat-ASS#|180\/261|[from] sandstorm
|-heal|p1a: Dat-ASS#|196\/261|[from] item: Leftovers
|
|switch|p2a: Excadrill|Excadrill, M|361\/361
|turn|14
|
|switch|p1a: Prof. Nope|Landorus-Therian, M, shiny|280\/319
|-ability|p1a: Prof. Nope|Intimidate|[of] p2a: Excadrill
|-unboost|p2a: Excadrill|atk|1
|move|p2a: Excadrill|Iron Head|p1a: Prof. Nope
|-damage|p1a: Prof. Nope|123\/319
|-damage|p2a: Excadrill|325\/361|[from] item: Life Orb
|
|-weather|Sandstorm|[upkeep]
|turn|15
|
|switch|p1a: Spin-Cycle|Rotom-Wash|230\/303
|move|p2a: Excadrill|Iron Head|p1a: Spin-Cycle
|-resisted|p1a: Spin-Cycle
|-damage|p1a: Spin-Cycle|205\/303
|-damage|p2a: Excadrill|289\/361|[from] item: Life Orb
|
|-weather|none
|turn|16
|
|switch|p2a: Tyranitar|Tyranitar, M|391\/391
|-weather|Sandstorm
|move|p1a: Spin-Cycle|Will-O-Wisp|p2a: Tyranitar
|-status|p2a: Tyranitar|brn
|
|-weather|Sandstorm|[upkeep]
|-damage|p1a: Spin-Cycle|187\/303|[from] sandstorm
|-damage|p2a: Tyranitar|343\/391 brn|[from] brn
|turn|17
|
|move|p1a: Spin-Cycle|Hydro Pump|p2a: Tyranitar
|-supereffective|p2a: Tyranitar
|-damage|p2a: Tyranitar|163\/391 brn
|move|p2a: Tyranitar|Crunch|p1a: Spin-Cycle
|-damage|p1a: Spin-Cycle|108\/303
|-unboost|p1a: Spin-Cycle|def|1
|
|-weather|Sandstorm|[upkeep]
|-damage|p1a: Spin-Cycle|90\/303|[from] sandstorm
|-damage|p2a: Tyranitar|115\/391 brn|[from] brn
|turn|18
|
|move|p1a: Spin-Cycle|Rest|p1a: Spin-Cycle
|-status|p1a: Spin-Cycle|slp
|-heal|p1a: Spin-Cycle|303\/303 slp|[silent]
|-status|p1a: Spin-Cycle|slp|[from] move: Rest
|-enditem|p1a: Spin-Cycle|Chesto Berry|[eat]
|-curestatus|p1a: Spin-Cycle|slp
|move|p2a: Tyranitar|Crunch|p1a: Spin-Cycle
|-damage|p1a: Spin-Cycle|186\/303
|
|-weather|Sandstorm|[upkeep]
|-damage|p1a: Spin-Cycle|168\/303|[from] sandstorm
|-damage|p2a: Tyranitar|67\/391 brn|[from] brn
|turn|19
|
|switch|p1a: Prof. Nope|Landorus-Therian, M, shiny|123\/319
|-ability|p1a: Prof. Nope|Intimidate|[of] p2a: Tyranitar
|-unboost|p2a: Tyranitar|atk|1
|move|p2a: Tyranitar|Crunch|p1a: Prof. Nope
|-crit|p1a: Prof. Nope
|-damage|p1a: Prof. Nope|0 fnt
|faint|p1a: Prof. Nope
|
|-weather|Sandstorm|[upkeep]
|-damage|p2a: Tyranitar|19\/391 brn|[from] brn
|
|switch|p1a: Dat-ASS#|Gengar, M, shiny|196\/261
|turn|20
|
|move|p1a: Dat-ASS#|Shadow Ball|p2a: Tyranitar
|-resisted|p2a: Tyranitar
|-damage|p2a: Tyranitar|0 fnt
|faint|p2a: Tyranitar
|
|-weather|none
|-heal|p1a: Dat-ASS#|212\/261|[from] item: Leftovers
|
|switch|p2a: Pinsir|Pinsir, F|271\/271
|turn|21
|
|detailschange|p2a: Pinsir|Pinsir-Mega, F
|message|Pinsir has Mega Evolved into Mega Pinsir!
|move|p1a: Dat-ASS#|Destiny Bond|p1a: Dat-ASS#
|-singlemove|p1a: Dat-ASS#|Destiny Bond
|move|p2a: Pinsir|Swords Dance|p2a: Pinsir
|-boost|p2a: Pinsir|atk|2
|
|-heal|p1a: Dat-ASS#|228\/261|[from] item: Leftovers
|turn|22
|
|switch|p2a: Excadrill|Excadrill, M|289\/361
|move|p1a: Dat-ASS#|Destiny Bond|p1a: Dat-ASS#
|-singlemove|p1a: Dat-ASS#|Destiny Bond
|
|-heal|p1a: Dat-ASS#|244\/261|[from] item: Leftovers
|turn|23
|
|switch|p1a: Spin-Cycle|Rotom-Wash|168\/303
|move|p2a: Excadrill|Iron Head|p1a: Spin-Cycle
|-resisted|p1a: Spin-Cycle
|-damage|p1a: Spin-Cycle|129\/303
|-damage|p2a: Excadrill|253\/361|[from] item: Life Orb
|
|turn|24
|
|move|p2a: Excadrill|Iron Head|p1a: Spin-Cycle
|-resisted|p1a: Spin-Cycle
|-damage|p1a: Spin-Cycle|93\/303
|-damage|p2a: Excadrill|217\/361|[from] item: Life Orb
|cant|p1a: Spin-Cycle|flinch
|
|turn|25
|
|move|p2a: Excadrill|Rock Slide|p1a: Spin-Cycle
|-damage|p1a: Spin-Cycle|3\/303
|-damage|p2a: Excadrill|181\/361|[from] item: Life Orb
|move|p1a: Spin-Cycle|Hydro Pump|p2a: Excadrill
|-supereffective|p2a: Excadrill
|-damage|p2a: Excadrill|0 fnt
|faint|p2a: Excadrill
|
|
|switch|p2a: Pinsir|Pinsir-Mega, F|271\/271
|turn|26
|
|move|p2a: Pinsir|Return|p1a: Spin-Cycle
|-resisted|p1a: Spin-Cycle
|-damage|p1a: Spin-Cycle|0 fnt
|faint|p1a: Spin-Cycle
|
|
|switch|p1a: Dat-ASS#|Gengar, M, shiny|244\/261
|turn|27
|
|move|p1a: Dat-ASS#|Substitute|p1a: Dat-ASS#
|-start|p1a: Dat-ASS#|Substitute
|-damage|p1a: Dat-ASS#|179\/261
|move|p2a: Pinsir|Return|p1a: Dat-ASS#
|-end|p1a: Dat-ASS#|Substitute
|
|-heal|p1a: Dat-ASS#|195\/261|[from] item: Leftovers
|turn|28
|
|move|p1a: Dat-ASS#|Destiny Bond|p1a: Dat-ASS#
|-singlemove|p1a: Dat-ASS#|Destiny Bond
|move|p2a: Pinsir|Return|p1a: Dat-ASS#
|-damage|p1a: Dat-ASS#|0 fnt
|faint|p1a: Dat-ASS#
|-activate|p1a: Dat-ASS#|Destiny Bond
|faint|p2a: Pinsir
|
|win|Vanilla Vanish
|raw|Ladder updating...
|raw|BonezDAce's rating: 1438 &rarr; <strong>1417<\/strong><br \/>(-21 for losing)
|raw|Vanilla Vanish's rating: 1424 &rarr; <strong>1445<\/strong><br \/>(+21 for winning)
|leave|Vanilla Vanish
|player|p2