|join|Vanilla Vanish
|join|GreenTeaBagger
|player|p1|Vanilla Vanish|101
|player|p2|GreenTeaBagger|264
|gametype|singles
|gen|6
|tier|OU
|rated
|clearpoke
|poke|p1|Manectric, F
|poke|p1|Landorus-Therian, M
|poke|p1|Rotom-Wash
|poke|p1|Excadrill, M
|poke|p1|Zygarde
|poke|p1|Zapdos
|poke|p2|Gliscor, M
|poke|p2|Scizor, F
|poke|p2|Rotom-Wash
|poke|p2|Latios, M
|poke|p2|Ditto
|poke|p2|Chansey, F
|rule|Sleep Clause Mod: Limit one foe put to sleep
|rule|Species Clause: Limit one of each Pokemon
|rule|OHKO Clause: OHKO moves are banned
|rule|Moody Clause: Moody is banned
|rule|Evasion Moves Clause: Evasion moves are banned
|rule|Endless Battle Clause: Forcing endless battles is banned.
|rule|HP Percentage Mod: HP is reported as percentages
|teampreview
|
|start
|switch|p1a: Manectric|Manectric, F|281\/281
|switch|p2a: Ditto|Ditto|257\/257
|-transform|p2a: Ditto|p1a: Manectric
|turn|1
|
|move|p2a: Ditto|Volt Switch|p1a: Manectric
|-boost|p1a: Manectric|spa|1|[from] ability: Lightningrod
|move|p1a: Manectric|Flamethrower|p2a: Ditto
|-damage|p2a: Ditto|45\/257
|
|turn|2
|
|switch|p2a: Chansey|Chansey, F|641\/641
|move|p1a: Manectric|Thunderbolt|p2a: Chansey
|-damage|p2a: Chansey|544\/641
|
|turn|3
|
|detailschange|p1a: Manectric|Manectric-Mega, F
|message|Manectric has Mega Evolved into Mega Manectric!
|-ability|p1a: Manectric|Intimidate|[of] p2a: Chansey
|-unboost|p2a: Chansey|atk|1
|move|p1a: Manectric|Volt Switch|p2a: Chansey
|-damage|p2a: Chansey|439\/641
|
|switch|p1a: Landorus-Therian|Landorus-Therian, M|382\/382
|-ability|p1a: Landorus-Therian|Intimidate|[of] p2a: Chansey
|-unboost|p2a: Chansey|atk|1
|move|p2a: Chansey|Seismic Toss|p1a: Landorus-Therian
|-damage|p1a: Landorus-Therian|282\/382
|
|-heal|p1a: Landorus-Therian|305\/382|[from] item: Leftovers
|turn|4
|
|switch|p2a: Rotom-Wash|Rotom-Wash|304\/304
|move|p1a: Landorus-Therian|Stealth Rock|p2a: Rotom-Wash
|-sidestart|p2: GreenTeaBagger|move: Stealth Rock
|
|-heal|p1a: Landorus-Therian|328\/382|[from] item: Leftovers
|turn|5
|
|switch|p1a: Rotom-Wash|Rotom-Wash|304\/304
|move|p2a: Rotom-Wash|Will-O-Wisp|p1a: Rotom-Wash
|-status|p1a: Rotom-Wash|brn
|
|-damage|p1a: Rotom-Wash|266\/304 brn|[from] brn
|turn|6
|
|move|p2a: Rotom-Wash|Volt Switch|p1a: Rotom-Wash
|-damage|p1a: Rotom-Wash|208\/304 brn
|
|switch|p2a: Chansey|Chansey, F|439\/641
|-damage|p2a: Chansey|359\/641|[from] Stealth Rock
|move|p1a: Rotom-Wash|Will-O-Wisp|p2a: Chansey
|-status|p2a: Chansey|brn
|
|-heal|p1a: Rotom-Wash|227\/304 brn|[from] item: Leftovers
|-damage|p1a: Rotom-Wash|189\/304 brn|[from] brn
|-damage|p2a: Chansey|279\/641 brn|[from] brn
|turn|7
|
|move|p1a: Rotom-Wash|Volt Switch|p2a: Chansey
|-crit|p2a: Chansey
|-damage|p2a: Chansey|215\/641 brn
|
|switch|p1a: Landorus-Therian|Landorus-Therian, M|328\/382
|-ability|p1a: Landorus-Therian|Intimidate|[of] p2a: Chansey
|-unboost|p2a: Chansey|atk|1
|move|p2a: Chansey|Stealth Rock|p1a: Landorus-Therian
|-sidestart|p1: Vanilla Vanish|move: Stealth Rock
|
|-heal|p1a: Landorus-Therian|351\/382|[from] item: Leftovers
|-damage|p2a: Chansey|135\/641 brn|[from] brn
|turn|8
|
|switch|p2a: Gliscor|Gliscor, M|352\/352
|-damage|p2a: Gliscor|308\/352|[from] Stealth Rock
|move|p1a: Landorus-Therian|Knock Off|p2a: Gliscor
|-damage|p2a: Gliscor|226\/352
|-enditem|p2a: Gliscor|Toxic Orb|[from] move: Knock Off|[of] p1a: Landorus-Therian
|
|-heal|p1a: Landorus-Therian|374\/382|[from] item: Leftovers
|turn|9
|
|move|p2a: Gliscor|Toxic|p1a: Landorus-Therian
|-status|p1a: Landorus-Therian|tox
|move|p1a: Landorus-Therian|U-turn|p2a: Gliscor
|-resisted|p2a: Gliscor
|-damage|p2a: Gliscor|199\/352
|
|switch|p1a: Manectric|Manectric-Mega, F|281\/281
|-damage|p1a: Manectric|246\/281|[from] Stealth Rock
|-ability|p1a: Manectric|Intimidate|[of] p2a: Gliscor
|-unboost|p2a: Gliscor|atk|1
|
|turn|10
|
|switch|p2a: Chansey|Chansey, F|135\/641
|-damage|p2a: Chansey|55\/641|[from] Stealth Rock
|move|p1a: Manectric|Hidden Power|p2a: Chansey
|-damage|p2a: Chansey|15\/641
|
|turn|11
|
|move|p1a: Manectric|Hidden Power|p2a: Chansey
|-damage|p2a: Chansey|0 fnt
|faint|p2a: Chansey
|
|
|switch|p2a: Ditto|Ditto|45\/257
|-damage|p2a: Ditto|13\/257|[from] Stealth Rock
|-transform|p2a: Ditto|p1a: Manectric
|-ability|p2a: Ditto|Intimidate|[of] p1a: Manectric
|-unboost|p1a: Manectric|atk|1
|turn|12
|
|move|p2a: Ditto|Flamethrower|p1a: Manectric
|-damage|p1a: Manectric|125\/281
|move|p1a: Manectric|Flamethrower|p2a: Ditto
|-damage|p2a: Ditto|0 fnt
|faint|p2a: Ditto
|
|
|switch|p2a: Rotom-Wash|Rotom-Wash|304\/304
|-damage|p2a: Rotom-Wash|266\/304|[from] Stealth Rock
|turn|13
|
|move|p1a: Manectric|Volt Switch|p2a: Rotom-Wash
|-crit|p2a: Rotom-Wash
|-damage|p2a: Rotom-Wash|103\/304
|
|switch|p1a: Landorus-Therian|Landorus-Therian, M|374\/382 tox
|-damage|p1a: Landorus-Therian|327\/382 tox|[from] Stealth Rock
|-ability|p1a: Landorus-Therian|Intimidate|[of] p2a: Rotom-Wash
|-unboost|p2a: Rotom-Wash|atk|1
|move|p2a: Rotom-Wash|Hydro Pump|p1a: Landorus-Therian|[miss]
|-miss|p2a: Rotom-Wash|p1a: Landorus-Therian
|
|-heal|p1a: Landorus-Therian|350\/382 tox|[from] item: Leftovers
|-heal|p2a: Rotom-Wash|122\/304|[from] item: Leftovers
|-damage|p1a: Landorus-Therian|327\/382 tox|[from] psn
|turn|14
|
|move|p1a: Landorus-Therian|Knock Off|p2a: Rotom-Wash
|-damage|p2a: Rotom-Wash|24\/304
|-enditem|p2a: Rotom-Wash|Leftovers|[from] move: Knock Off|[of] p1a: Landorus-Therian
|move|p2a: Rotom-Wash|Hydro Pump|p1a: Landorus-Therian|[miss]
|-miss|p2a: Rotom-Wash|p1a: Landorus-Therian
|
|-heal|p1a: Landorus-Therian|350\/382 tox|[from] item: Leftovers
|-damage|p1a: Landorus-Therian|304\/382 tox|[from] psn
|turn|15
|chat|Vanilla Vanish|sorry
|
|move|p2a: Rotom-Wash|Hydro Pump|p1a: Landorus-Therian
|-supereffective|p1a: Landorus-Therian
|-damage|p1a: Landorus-Therian|62\/382 tox
|move|p1a: Landorus-Therian|U-turn|p2a: Rotom-Wash
|-damage|p2a: Rotom-Wash|0 fnt
|faint|p2a: Rotom-Wash
|
|switch|p1a: Excadrill|Excadrill, M|362\/362
|-damage|p1a: Excadrill|351\/362|[from] Stealth Rock
|-ability|p1a: Excadrill|Mold Breaker
|
|chat|GreenTeaBagger|no worries it happens
|
|switch|p2a: Gliscor|Gliscor, M|199\/352
|-damage|p2a: Gliscor|155\/352|[from] Stealth Rock
|turn|16
|
|move|p1a: Excadrill|Rapid Spin|p2a: Gliscor
|-damage|p2a: Gliscor|136\/352
|-sideend|p1: Vanilla Vanish|Stealth Rock|[from] move: Rapid Spin|[of] p1a: Excadrill
|move|p2a: Gliscor|Earthquake|p1a: Excadrill
|-supereffective|p1a: Excadrill
|-damage|p1a: Excadrill|31\/362
|
|turn|17
|
|switch|p1a: Landorus-Therian|Landorus-Therian, M|62\/382 tox
|-ability|p1a: Landorus-Therian|Intimidate|[of] p2a: Gliscor
|-unboost|p2a: Gliscor|atk|1
|move|p2a: Gliscor|Toxic|p1a: Landorus-Therian
|-fail|p1a: Landorus-Therian|tox
|
|-heal|p1a: Landorus-Therian|85\/382 tox|[from] item: Leftovers
|-damage|p1a: Landorus-Therian|62\/382 tox|[from] psn
|turn|18
|
|move|p2a: Gliscor|Substitute|p2a: Gliscor
|-start|p2a: Gliscor|Substitute
|-damage|p2a: Gliscor|48\/352
|move|p1a: Landorus-Therian|U-turn|p2a: Gliscor
|-resisted|p2a: Gliscor
|-activate|p2a: Gliscor|Substitute|[damage]
|
|switch|p1a: Excadrill|Excadrill, M|31\/362
|-ability|p1a: Excadrill|Mold Breaker
|
|turn|19
|
|move|p1a: Excadrill|Iron Head|p2a: Gliscor
|-end|p2a: Gliscor|Substitute
|move|p2a: Gliscor|Earthquake|p1a: Excadrill
|-supereffective|p1a: Excadrill
|-damage|p1a: Excadrill|0 fnt
|faint|p1a: Excadrill
|
|
|switch|p1a: Manectric|Manectric-Mega, F|125\/281
|-ability|p1a: Manectric|Intimidate|[of] p2a: Gliscor
|-unboost|p2a: Gliscor|atk|1
|turn|20
|
|move|p1a: Manectric|Hidden Power|p2a: Gliscor
|-supereffective|p2a: Gliscor
|-damage|p2a: Gliscor|0 fnt
|faint|p2a: Gliscor
|
|
|switch|p2a: Latios|Latios, M|302\/302
|-damage|p2a: Latios|265\/302|[from] Stealth Rock
|turn|21
|
|switch|p1a: Rotom-Wash|Rotom-Wash|189\/304 brn
|move|p2a: Latios|Psyshock|p1a: Rotom-Wash
|-damage|p1a: Rotom-Wash|2\/304 brn
|
|-heal|p1a: Rotom-Wash|21\/304 brn|[from] item: Leftovers
|-damage|p1a: Rotom-Wash|0 fnt|[from] brn
|faint|p1a: Rotom-Wash
|
|switch|p1a: Zygarde|Zygarde|358\/358
|-ability|p1a: Zygarde|Aura Break
|turn|22
|
|switch|p2a: Scizor|Scizor, F|344\/344
|-damage|p2a: Scizor|301\/344|[from] Stealth Rock
|move|p1a: Zygarde|Dragon Dance|p1a: Zygarde
|-boost|p1a: Zygarde|atk|1
|-boost|p1a: Zygarde|spe|1
|
|turn|23
|
|detailschange|p2a: Scizor|Scizor-Mega, F
|message|Scizor has Mega Evolved into Mega Scizor!
|move|p1a: Zygarde|Earthquake|p2a: Scizor
|-damage|p2a: Scizor|141\/344
|move|p2a: Scizor|Swords Dance|p2a: Scizor
|-boost|p2a: Scizor|atk|2
|
|turn|24
|
|move|p2a: Scizor|Bullet Punch|p1a: Zygarde
|-damage|p1a: Zygarde|166\/358
|move|p1a: Zygarde|Earthquake|p2a: Scizor
|-damage|p2a: Scizor|0 fnt
|faint|p2a: Scizor
|
|
|switch|p2a: Latios|Latios, M|265\/302
|-damage|p2a: Latios|228\/302|[from] Stealth Rock
|turn|25
|
|move|p1a: Zygarde|Outrage|p2a: Latios
|-supereffective|p2a: Latios
|-damage|p2a: Latios|0 fnt
|faint|p2a: Latios
|
|win|Vanilla Vanish
|raw|Ladder updating...
|raw|Vanilla Vanish's rating: 1548 &rarr; <strong>1569<\/strong><br \/>(+21 for winning)
|raw|GreenTeaBagger's rating: 1564 &rarr; <strong>1543<\/strong><br \/>(-21 for losing)
|chat|Vanilla Vanish|gg
|chat|GreenTeaBagger|gg
|leave|GreenTeaBagger
|player|p2