|join|AngelicEevee
|join|Vanilla Vanish
|player|p1|AngelicEevee|158
|player|p2|Vanilla Vanish|170
|gametype|singles
|gen|6
|tier|OU
|rated
|clearpoke
|poke|p1|Talonflame, F, shiny
|poke|p1|Clefable, F, shiny
|poke|p1|Venusaur, M
|poke|p1|Rotom-Wash
|poke|p1|Excadrill, M, shiny
|poke|p1|Machamp, M
|poke|p2|Archeops, M
|poke|p2|Landorus-Therian, M
|poke|p2|Rotom-Wash
|poke|p2|Ferrothorn, F
|poke|p2|Mawile, F
|poke|p2|Latios, M
|rule|Sleep Clause Mod: Limit one foe put to sleep
|rule|Species Clause: Limit one of each Pokemon
|rule|OHKO Clause: OHKO moves are banned
|rule|Moody Clause: Moody is banned
|rule|Evasion Moves Clause: Evasion moves are banned
|rule|Endless Battle Clause: Forcing endless battles is banned.
|rule|HP Percentage Mod: HP is reported as percentages
|teampreview
|join|gleam
|
|start
|switch|p1a: Rose|Talonflame, F, shiny|317\/317
|switch|p2a: Archeops|Archeops, M|291\/291
|turn|1
|
|move|p2a: Archeops|Stone Edge|p1a: Rose
|-supereffective|p1a: Rose
|-damage|p1a: Rose|0 fnt
|faint|p1a: Rose
|
|
|switch|p1a: Hydro Wut?|Rotom-Wash|304\/304
|turn|2
|
|switch|p2a: Rotom-Wash|Rotom-Wash|304\/304
|move|p1a: Hydro Wut?|Will-O-Wisp|p2a: Rotom-Wash
|-status|p2a: Rotom-Wash|brn
|
|-damage|p2a: Rotom-Wash|266\/304 brn|[from] brn
|turn|3
|
|switch|p1a: Kiwi Lime|Clefable, F, shiny|393\/393
|move|p2a: Rotom-Wash|Volt Switch|p1a: Kiwi Lime
|-damage|p1a: Kiwi Lime|305\/393
|
|switch|p2a: Mawile|Mawile, F|304\/304
|-ability|p2a: Mawile|Intimidate|[of] p1a: Kiwi Lime
|-unboost|p1a: Kiwi Lime|atk|1
|
|turn|4
|
|switch|p1a: Hydro Wut?|Rotom-Wash|304\/304
|detailschange|p2a: Mawile|Mawile-Mega, F
|message|Mawile has Mega Evolved into Mega Mawile!
|move|p2a: Mawile|Iron Head|p1a: Hydro Wut?
|-resisted|p1a: Hydro Wut?
|-damage|p1a: Hydro Wut?|254\/304
|
|-heal|p1a: Hydro Wut?|273\/304|[from] item: Leftovers
|turn|5
|
|switch|p2a: Rotom-Wash|Rotom-Wash|266\/304 brn
|move|p1a: Hydro Wut?|Volt Switch|p2a: Rotom-Wash
|-crit|p2a: Rotom-Wash
|-damage|p2a: Rotom-Wash|170\/304 brn
|
|switch|p1a: Wilbur|Excadrill, M, shiny|424\/424
|-ability|p1a: Wilbur|Mold Breaker
|
|-heal|p2a: Rotom-Wash|189\/304 brn|[from] item: Leftovers
|-damage|p2a: Rotom-Wash|151\/304 brn|[from] brn
|turn|6
|
|switch|p2a: Landorus-Therian|Landorus-Therian, M|382\/382
|-ability|p2a: Landorus-Therian|Intimidate|[of] p1a: Wilbur
|-unboost|p1a: Wilbur|atk|1
|move|p1a: Wilbur|Earthquake|p2a: Landorus-Therian
|-immune|p2a: Landorus-Therian|[msg]
|
|turn|7
|
|switch|p1a: Rafflesia|Venusaur, M|364\/364
|move|p2a: Landorus-Therian|Knock Off|p1a: Rafflesia
|-damage|p1a: Rafflesia|300\/364
|
|turn|8
|
|detailschange|p1a: Rafflesia|Venusaur-Mega, M
|message|Venusaur has Mega Evolved into Mega Venusaur!
|move|p2a: Landorus-Therian|U-turn|p1a: Rafflesia
|-damage|p1a: Rafflesia|246\/364
|
|switch|p2a: Ferrothorn|Ferrothorn, F|352\/352
|move|p1a: Rafflesia|Giga Drain|p2a: Ferrothorn
|-resisted|p2a: Ferrothorn
|-damage|p2a: Ferrothorn|328\/352
|-heal|p1a: Rafflesia|258\/364|[from] drain|[of] p2a: Ferrothorn
|
|turn|9
|
|move|p1a: Rafflesia|Synthesis|p1a: Rafflesia
|-heal|p1a: Rafflesia|364\/364
|move|p2a: Ferrothorn|Stealth Rock|p1a: Rafflesia
|-sidestart|p1: AngelicEevee|move: Stealth Rock
|
|turn|10
|
|switch|p1a: SMASH|Machamp, M|384\/384
|-damage|p1a: SMASH|360\/384|[from] Stealth Rock
|move|p2a: Ferrothorn|Thunder Wave|p1a: SMASH
|-status|p1a: SMASH|par
|
|-heal|p1a: SMASH|384\/384 par|[from] item: Leftovers
|turn|11
|
|move|p1a: SMASH|Dynamic Punch|p2a: Ferrothorn
|-supereffective|p2a: Ferrothorn
|-damage|p2a: Ferrothorn|148\/352
|-damage|p1a: SMASH|336\/384 par|[from] ability: Iron Barbs|[of] p2a: Ferrothorn
|-damage|p1a: SMASH|272\/384 par|[from] item: Rocky Helmet|[of] p2a: Ferrothorn
|-start|p2a: Ferrothorn|confusion
|-activate|p2a: Ferrothorn|confusion
|-damage|p2a: Ferrothorn|130\/352|[from] confusion
|
|-heal|p1a: SMASH|296\/384 par|[from] item: Leftovers
|turn|12
|
|move|p1a: SMASH|Dynamic Punch|p2a: Ferrothorn
|-supereffective|p2a: Ferrothorn
|-damage|p2a: Ferrothorn|0 fnt
|-damage|p1a: SMASH|248\/384 par|[from] ability: Iron Barbs|[of] p2a: Ferrothorn
|-damage|p1a: SMASH|184\/384 par|[from] item: Rocky Helmet|[of] p2a: Ferrothorn
|faint|p2a: Ferrothorn
|
|-heal|p1a: SMASH|208\/384 par|[from] item: Leftovers
|
|switch|p2a: Archeops|Archeops, M|291\/291
|turn|13
|
|switch|p1a: Hydro Wut?|Rotom-Wash|273\/304
|-damage|p1a: Hydro Wut?|235\/304|[from] Stealth Rock
|move|p2a: Archeops|Stone Edge|p1a: Hydro Wut?
|-damage|p1a: Hydro Wut?|51\/304
|
|-heal|p1a: Hydro Wut?|70\/304|[from] item: Leftovers
|turn|14
|
|move|p2a: Archeops|Stone Edge|p1a: Hydro Wut?
|-damage|p1a: Hydro Wut?|0 fnt
|faint|p1a: Hydro Wut?
|
|
|switch|p1a: Wilbur|Excadrill, M, shiny|424\/424
|-damage|p1a: Wilbur|411\/424|[from] Stealth Rock
|-ability|p1a: Wilbur|Mold Breaker
|turn|15
|
|switch|p2a: Landorus-Therian|Landorus-Therian, M|382\/382
|-ability|p2a: Landorus-Therian|Intimidate|[of] p1a: Wilbur
|-unboost|p1a: Wilbur|atk|1
|move|p1a: Wilbur|Rapid Spin|p2a: Landorus-Therian
|-damage|p2a: Landorus-Therian|364\/382
|-sideend|p1: AngelicEevee|Stealth Rock|[from] move: Rapid Spin|[of] p1a: Wilbur
|
|turn|16
|
|switch|p1a: Rafflesia|Venusaur-Mega, M|364\/364
|move|p2a: Landorus-Therian|U-turn|p1a: Rafflesia
|-damage|p1a: Rafflesia|311\/364
|
|switch|p2a: Latios|Latios, M|302\/302
|
|turn|17
|
|switch|p1a: Wilbur|Excadrill, M, shiny|411\/424
|-ability|p1a: Wilbur|Mold Breaker
|move|p2a: Latios|Psyshock|p1a: Wilbur
|-resisted|p1a: Wilbur
|-damage|p1a: Wilbur|312\/424
|
|turn|18
|
|switch|p1a: Rafflesia|Venusaur-Mega, M|311\/364
|move|p2a: Latios|Psyshock|p1a: Rafflesia
|-supereffective|p1a: Rafflesia
|-damage|p1a: Rafflesia|113\/364
|
|turn|19
|
|switch|p1a: Kiwi Lime|Clefable, F, shiny|305\/393
|move|p2a: Latios|Psyshock|p1a: Kiwi Lime
|-damage|p1a: Kiwi Lime|109\/393
|
|turn|20
|
|move|p2a: Latios|Psyshock|p1a: Kiwi Lime
|-damage|p1a: Kiwi Lime|0 fnt
|faint|p1a: Kiwi Lime
|
|
|switch|p1a: Wilbur|Excadrill, M, shiny|312\/424
|-ability|p1a: Wilbur|Mold Breaker
|turn|21
|
|switch|p2a: Landorus-Therian|Landorus-Therian, M|364\/382
|-ability|p2a: Landorus-Therian|Intimidate|[of] p1a: Wilbur
|-unboost|p1a: Wilbur|atk|1
|move|p1a: Wilbur|Earthquake|p2a: Landorus-Therian
|-immune|p2a: Landorus-Therian|[msg]
|
|turn|22
|
|switch|p1a: SMASH|Machamp, M|208\/384 par
|move|p2a: Landorus-Therian|U-turn|p1a: SMASH
|-resisted|p1a: SMASH
|-damage|p1a: SMASH|161\/384 par
|
|switch|p2a: Archeops|Archeops, M|291\/291
|
|-heal|p1a: SMASH|185\/384 par|[from] item: Leftovers
|turn|23
|
|move|p2a: Archeops|Earthquake|p1a: SMASH
|-damage|p1a: SMASH|0 fnt
|faint|p1a: SMASH
|
|
|switch|p1a: Rafflesia|Venusaur-Mega, M|113\/364
|turn|24
|
|move|p2a: Archeops|Earthquake|p1a: Rafflesia
|-damage|p1a: Rafflesia|0 fnt
|faint|p1a: Rafflesia
|
|
|switch|p1a: Wilbur|Excadrill, M, shiny|312\/424
|-ability|p1a: Wilbur|Mold Breaker
|turn|25
|
|move|p2a: Archeops|Earthquake|p1a: Wilbur
|-supereffective|p1a: Wilbur
|-damage|p1a: Wilbur|0 fnt
|faint|p1a: Wilbur
|
|win|Vanilla Vanish
|raw|Ladder updating...
|raw|AngelicEevee's rating: 1520 &rarr; <strong>1502<\/strong><br \/>(-18 for losing)
|raw|Vanilla Vanish's rating: 1542 &rarr; <strong>1560<\/strong><br \/>(+18 for winning)
|leave|AngelicEevee
|player|p1
|chat|Vanilla Vanish|gg
|leave|gleam