|join|Vanilla Vanish
|join|optimist33
|player|p1|Vanilla Vanish|1
|player|p2|optimist33|87
|gametype|singles
|gen|6
|tier|OU
|rated
|clearpoke
|poke|p1|Manectric, M
|poke|p1|Landorus-Therian, M
|poke|p1|Excadrill, F
|poke|p1|Rotom-Wash
|poke|p1|Zapdos
|poke|p1|Thundurus, M
|poke|p2|Tyranitar, M
|poke|p2|Garchomp, M
|poke|p2|Gengar, M
|poke|p2|Aggron, M
|poke|p2|Salamence, M
|poke|p2|Chansey, F
|rule|Sleep Clause Mod: Limit one foe put to sleep
|rule|Species Clause: Limit one of each Pokemon
|rule|OHKO Clause: OHKO moves are banned
|rule|Moody Clause: Moody is banned
|rule|Evasion Moves Clause: Evasion moves are banned
|rule|Endless Battle Clause: Forcing endless battles is banned.
|rule|HP Percentage Mod: HP is reported as percentages
|teampreview
|
|start
|switch|p1a: Manectric|Manectric, M|281\/281
|switch|p2a: Tyranitar|Tyranitar, M|341\/341
|-weather|Sandstorm
|turn|1
|
|-ability|p1a: Manectric|Intimidate|[of] p2a: Tyranitar
|-unboost|p2a: Tyranitar|atk|1
|detailschange|p1a: Manectric|Manectric-Mega, M
|message|Manectric has Mega Evolved into Mega Manectric!
|move|p1a: Manectric|Volt Switch|p2a: Tyranitar
|-damage|p2a: Tyranitar|271\/341
|
|switch|p1a: Landorus-Therian|Landorus-Therian, M|382\/382
|-ability|p1a: Landorus-Therian|Intimidate|[of] p2a: Tyranitar
|-unboost|p2a: Tyranitar|atk|1
|move|p2a: Tyranitar|Stealth Rock|p1a: Landorus-Therian
|-sidestart|p1: Vanilla Vanish|move: Stealth Rock
|
|-weather|Sandstorm|[upkeep]
|turn|2
|
|move|p1a: Landorus-Therian|Stealth Rock|p2a: Tyranitar
|-sidestart|p2: optimist33|move: Stealth Rock
|move|p2a: Tyranitar|Ice Punch|p1a: Landorus-Therian
|-supereffective|p1a: Landorus-Therian
|-damage|p1a: Landorus-Therian|162\/382
|
|-weather|Sandstorm|[upkeep]
|-heal|p1a: Landorus-Therian|185\/382|[from] item: Leftovers
|turn|3
|
|move|p1a: Landorus-Therian|U-turn|p2a: Tyranitar
|-supereffective|p2a: Tyranitar
|-damage|p2a: Tyranitar|139\/341
|
|switch|p1a: Rotom-Wash|Rotom-Wash|304\/304
|-damage|p1a: Rotom-Wash|266\/304|[from] Stealth Rock
|move|p2a: Tyranitar|Ice Punch|p1a: Rotom-Wash
|-resisted|p1a: Rotom-Wash
|-damage|p1a: Rotom-Wash|242\/304
|
|-weather|Sandstorm|[upkeep]
|-damage|p1a: Rotom-Wash|223\/304|[from] sandstorm
|-heal|p1a: Rotom-Wash|242\/304|[from] item: Leftovers
|turn|4
|
|move|p1a: Rotom-Wash|Hydro Pump|p2a: Tyranitar|[miss]
|-miss|p1a: Rotom-Wash|p2a: Tyranitar
|move|p2a: Tyranitar|Stone Edge|p1a: Rotom-Wash
|-damage|p1a: Rotom-Wash|143\/304
|
|-weather|Sandstorm|[upkeep]
|-damage|p1a: Rotom-Wash|124\/304|[from] sandstorm
|-heal|p1a: Rotom-Wash|143\/304|[from] item: Leftovers
|turn|5
|
|move|p1a: Rotom-Wash|Hydro Pump|p2a: Tyranitar
|-supereffective|p2a: Tyranitar
|-damage|p2a: Tyranitar|1\/341
|move|p2a: Tyranitar|Stone Edge|p1a: Rotom-Wash
|-damage|p1a: Rotom-Wash|53\/304
|
|-weather|none
|-heal|p1a: Rotom-Wash|72\/304|[from] item: Leftovers
|turn|6
|
|move|p1a: Rotom-Wash|Volt Switch|p2a: Tyranitar
|-crit|p2a: Tyranitar
|-damage|p2a: Tyranitar|0 fnt
|faint|p2a: Tyranitar
|
|switch|p1a: Zapdos|Zapdos|384\/384
|-damage|p1a: Zapdos|288\/384|[from] Stealth Rock
|-ability|p1a: Zapdos|Pressure
|
|-heal|p1a: Zapdos|312\/384|[from] item: Leftovers
|
|switch|p2a: Chansey|Chansey, F|704\/704
|-damage|p2a: Chansey|616\/704|[from] Stealth Rock
|turn|7
|
|move|p1a: Zapdos|Defog|p2a: Chansey
|-unboost|p2a: Chansey|evasion|1
|-sideend|p2: optimist33|Stealth Rock|[from] move: Defog|[of] p2a: Chansey
|-sideend|p1: Vanilla Vanish|Stealth Rock|[from] move: Defog|[of] p1a: Zapdos
|move|p2a: Chansey|Toxic|p1a: Zapdos
|-status|p1a: Zapdos|tox
|
|-heal|p1a: Zapdos|336\/384 tox|[from] item: Leftovers
|-damage|p1a: Zapdos|312\/384 tox|[from] psn
|turn|8
|
|move|p1a: Zapdos|Toxic|p2a: Chansey
|-status|p2a: Chansey|tox
|move|p2a: Chansey|Seismic Toss|p1a: Zapdos
|-damage|p1a: Zapdos|212\/384 tox
|
|-heal|p1a: Zapdos|236\/384 tox|[from] item: Leftovers
|-damage|p1a: Zapdos|188\/384 tox|[from] psn
|-damage|p2a: Chansey|572\/704 tox|[from] psn
|turn|9
|
|switch|p2a: Gengar|Gengar, M|262\/262
|move|p1a: Zapdos|Volt Switch|p2a: Gengar
|-damage|p2a: Gengar|127\/262
|
|switch|p1a: Excadrill|Excadrill, F|362\/362
|-ability|p1a: Excadrill|Mold Breaker
|
|-heal|p2a: Gengar|143\/262|[from] item: Black Sludge
|turn|10
|
|move|p1a: Excadrill|Iron Head|p2a: Gengar
|-damage|p2a: Gengar|0 fnt
|faint|p2a: Gengar
|
|
|switch|p2a: Garchomp|Garchomp, M|358\/358
|turn|11
|
|switch|p1a: Rotom-Wash|Rotom-Wash|72\/304
|move|p2a: Garchomp|Outrage|p1a: Rotom-Wash
|-damage|p1a: Rotom-Wash|0 fnt
|faint|p1a: Rotom-Wash
|
|
|switch|p1a: Landorus-Therian|Landorus-Therian, M|185\/382
|-ability|p1a: Landorus-Therian|Intimidate|[of] p2a: Garchomp
|-unboost|p2a: Garchomp|atk|1
|turn|12
|
|switch|p1a: Excadrill|Excadrill, F|362\/362
|-ability|p1a: Excadrill|Mold Breaker
|move|p2a: Garchomp|Outrage|p1a: Excadrill
|-resisted|p1a: Excadrill
|-damage|p1a: Excadrill|254\/362
|
|-end|p2a: Garchomp|rampage
|-start|p2a: Garchomp|confusion
|turn|13
|
|move|p1a: Excadrill|Earthquake|p2a: Garchomp
|-damage|p2a: Garchomp|178\/358
|-activate|p2a: Garchomp|confusion
|-damage|p2a: Garchomp|144\/358|[from] confusion
|
|turn|14
|
|switch|p2a: Salamence|Salamence, M|331\/331
|move|p1a: Excadrill|Earthquake|p2a: Salamence
|-immune|p2a: Salamence|[msg]
|
|turn|15
|
|switch|p1a: Landorus-Therian|Landorus-Therian, M|185\/382
|-ability|p1a: Landorus-Therian|Intimidate|[of] p2a: Salamence
|-unboost|p2a: Salamence|atk|1
|move|p2a: Salamence|Dragon Dance|p2a: Salamence
|-boost|p2a: Salamence|atk|1
|-boost|p2a: Salamence|spe|1
|
|-heal|p1a: Landorus-Therian|208\/382|[from] item: Leftovers
|turn|16
|
|move|p2a: Salamence|Dragon Dance|p2a: Salamence
|-boost|p2a: Salamence|atk|1
|-boost|p2a: Salamence|spe|1
|move|p1a: Landorus-Therian|U-turn|p2a: Salamence
|-crit|p2a: Salamence
|-resisted|p2a: Salamence
|-damage|p2a: Salamence|268\/331
|
|switch|p1a: Manectric|Manectric-Mega, M|281\/281
|-ability|p1a: Manectric|Intimidate|[of] p2a: Salamence
|-unboost|p2a: Salamence|atk|1
|
|turn|17
|
|switch|p1a: Landorus-Therian|Landorus-Therian, M|208\/382
|-ability|p1a: Landorus-Therian|Intimidate|[of] p2a: Salamence
|-unboost|p2a: Salamence|atk|1
|move|p2a: Salamence|Fire Blast|p1a: Landorus-Therian
|-damage|p1a: Landorus-Therian|118\/382
|-damage|p2a: Salamence|235\/331|[from] item: Life Orb
|
|-heal|p1a: Landorus-Therian|141\/382|[from] item: Leftovers
|turn|18
|
|move|p2a: Salamence|Outrage|p1a: Landorus-Therian
|-damage|p1a: Landorus-Therian|0 fnt
|-damage|p2a: Salamence|202\/331|[from] item: Life Orb
|faint|p1a: Landorus-Therian
|-boost|p2a: Salamence|atk|1|[from] ability: Moxie
|
|
|switch|p1a: Excadrill|Excadrill, F|254\/362
|-ability|p1a: Excadrill|Mold Breaker
|turn|19
|
|move|p2a: Salamence|Outrage|p1a: Excadrill
|-resisted|p1a: Excadrill
|-damage|p1a: Excadrill|34\/362
|-damage|p2a: Salamence|169\/331|[from] item: Life Orb
|move|p1a: Excadrill|Rock Slide|p2a: Salamence
|-supereffective|p2a: Salamence
|-damage|p2a: Salamence|0 fnt
|faint|p2a: Salamence
|
|
|switch|p2a: Aggron|Aggron, M|282\/282
|turn|20
|
|switch|p1a: Zapdos|Zapdos|188\/384 tox
|-ability|p1a: Zapdos|Pressure
|detailschange|p2a: Aggron|Aggron-Mega, M
|message|Aggron has Mega Evolved into Mega Aggron!
|move|p2a: Aggron|Ice Punch|p1a: Zapdos
|-supereffective|p1a: Zapdos
|-damage|p1a: Zapdos|12\/384 tox
|
|-heal|p1a: Zapdos|36\/384 tox|[from] item: Leftovers
|-damage|p1a: Zapdos|12\/384 tox|[from] psn
|turn|21
|
|switch|p2a: Chansey|Chansey, F|572\/704
|move|p1a: Zapdos|Volt Switch|p2a: Chansey
|-damage|p2a: Chansey|506\/704
|
|switch|p1a: Thundurus|Thundurus, M|300\/300
|
|turn|22
|
|move|p1a: Thundurus|Focus Blast|p2a: Chansey
|-supereffective|p2a: Chansey
|-damage|p2a: Chansey|272\/704
|-unboost|p2a: Chansey|spd|1
|-damage|p1a: Thundurus|270\/300|[from] item: Life Orb
|move|p2a: Chansey|Toxic|p1a: Thundurus
|-status|p1a: Thundurus|tox
|
|-damage|p1a: Thundurus|252\/300 tox|[from] psn
|turn|23
|
|move|p1a: Thundurus|Focus Blast|p2a: Chansey
|-supereffective|p2a: Chansey
|-damage|p2a: Chansey|0 fnt
|-damage|p1a: Thundurus|222\/300 tox|[from] item: Life Orb
|faint|p2a: Chansey
|
|-damage|p1a: Thundurus|186\/300 tox|[from] psn
|
|switch|p2a: Garchomp|Garchomp, M|144\/358
|turn|24
|
|switch|p1a: Excadrill|Excadrill, F|34\/362
|-ability|p1a: Excadrill|Mold Breaker
|move|p2a: Garchomp|Outrage|p1a: Excadrill
|-resisted|p1a: Excadrill
|-damage|p1a: Excadrill|0 fnt
|faint|p1a: Excadrill
|
|
|switch|p1a: Manectric|Manectric-Mega, M|281\/281
|-ability|p1a: Manectric|Intimidate|[of] p2a: Garchomp
|-unboost|p2a: Garchomp|atk|1
|turn|25
|
|move|p1a: Manectric|Hidden Power|p2a: Garchomp
|-supereffective|p2a: Garchomp
|-damage|p2a: Garchomp|0 fnt
|faint|p2a: Garchomp
|
|
|switch|p2a: Aggron|Aggron-Mega, M|282\/282
|turn|26
|
|move|p1a: Manectric|Flamethrower|p2a: Aggron
|-supereffective|p2a: Aggron
|-damage|p2a: Aggron|75\/282
|move|p2a: Aggron|Earthquake|p1a: Manectric
|-supereffective|p1a: Manectric
|-damage|p1a: Manectric|0 fnt
|faint|p1a: Manectric
|
|
|switch|p1a: Zapdos|Zapdos|12\/384 tox
|-ability|p1a: Zapdos|Pressure
|turn|27
|
|move|p1a: Zapdos|Volt Switch|p2a: Aggron
|-damage|p2a: Aggron|0 fnt
|faint|p2a: Aggron
|
|win|Vanilla Vanish
|raw|Ladder updating...
|raw|Vanilla Vanish's rating: 1518 &rarr; <strong>1537<\/strong><br \/>(+19 for winning)
|raw|optimist33's rating: 1500 &rarr; <strong>1481<\/strong><br \/>(-19 for losing)
|chat|Vanilla Vanish|gg
|leave|optimist33
|player|p2