|join|cadeskjl2
|join|Vanilla Vanish
|player|p1|cadeskjl2|269
|player|p2|Vanilla Vanish|208
|gametype|singles
|gen|6
|tier|OU
|rated
|clearpoke
|poke|p1|Scizor, M
|poke|p1|Rotom-Wash
|poke|p1|Landorus-Therian, M
|poke|p1|Latias, F
|poke|p1|Gengar, F
|poke|p1|Medicham, F
|poke|p2|Pinsir, F
|poke|p2|Tyranitar, F
|poke|p2|Rotom-Wash
|poke|p2|Clefable, M
|poke|p2|Excadrill, F
|poke|p2|Mamoswine, F
|rule|Swagger Clause: Swagger is banned
|rule|Baton Pass Clause: Limit one PokÃ©mon knowing Baton Pass
|rule|Sleep Clause Mod: Limit one foe put to sleep
|rule|Species Clause: Limit one of each PokÃ©mon
|rule|OHKO Clause: OHKO moves are banned
|rule|Moody Clause: Moody is banned
|rule|Evasion Moves Clause: Evasion moves are banned
|rule|Endless Battle Clause: Forcing endless battles is banned
|rule|HP Percentage Mod: HP is shown in percentages
|teampreview
|
|start
|switch|p1a: Medicham|Medicham, F|261\/261
|switch|p2a: Rotom-Wash|Rotom-Wash|304\/304
|turn|1
|
|detailschange|p1a: Medicham|Medicham-Mega, F
|message|Medicham has Mega Evolved into Mega Medicham!
|move|p2a: Rotom-Wash|Protect|p2a: Rotom-Wash
|-singleturn|p2a: Rotom-Wash|Protect
|move|p1a: Medicham|Fake Out|p2a: Rotom-Wash
|-activate|p2a: Rotom-Wash|Protect
|
|turn|2
|
|switch|p1a: Rotom-Wash|Rotom-Wash|241\/241
|move|p2a: Rotom-Wash|Will-O-Wisp|p1a: Rotom-Wash
|-status|p1a: Rotom-Wash|brn
|
|-damage|p1a: Rotom-Wash|211\/241 brn|[from] brn
|turn|3
|
|move|p2a: Rotom-Wash|Protect|p2a: Rotom-Wash
|-singleturn|p2a: Rotom-Wash|Protect
|move|p1a: Rotom-Wash|Trick|p2a: Rotom-Wash
|-activate|p2a: Rotom-Wash|Protect
|
|-damage|p1a: Rotom-Wash|181\/241 brn|[from] brn
|turn|4
|
|switch|p1a: Gengar|Gengar, F|262\/262
|switch|p2a: Tyranitar|Tyranitar, F|341\/341
|-weather|Sandstorm
|
|-weather|Sandstorm|[upkeep]
|-damage|p1a: Gengar|246\/262|[from] sandstorm
|turn|5
|
|move|p1a: Gengar|Destiny Bond|p1a: Gengar
|-singlemove|p1a: Gengar|Destiny Bond
|move|p2a: Tyranitar|Pursuit|p1a: Gengar
|-supereffective|p1a: Gengar
|-damage|p1a: Gengar|0 fnt
|faint|p1a: Gengar
|-activate|p1a: Gengar|Destiny Bond
|faint|p2a: Tyranitar
|
|-weather|Sandstorm|[upkeep]
|
|switch|p2a: Rotom-Wash|Rotom-Wash|304\/304
|switch|p1a: Landorus-Therian|Landorus-Therian, M|382\/382
|-ability|p1a: Landorus-Therian|Intimidate|[of] p2a: Rotom-Wash
|-unboost|p2a: Rotom-Wash|atk|1
|turn|6
|
|switch|p1a: Rotom-Wash|Rotom-Wash|181\/241 brn
|move|p2a: Rotom-Wash|Hydro Pump|p1a: Rotom-Wash|[miss]
|-miss|p2a: Rotom-Wash|p1a: Rotom-Wash
|
|-weather|Sandstorm|[upkeep]
|-damage|p1a: Rotom-Wash|166\/241 brn|[from] sandstorm
|-damage|p2a: Rotom-Wash|285\/304|[from] sandstorm
|-heal|p2a: Rotom-Wash|304\/304|[from] item: Leftovers
|-damage|p1a: Rotom-Wash|136\/241 brn|[from] brn
|turn|7
|
|switch|p1a: Latias|Latias, F|302\/302
|move|p2a: Rotom-Wash|Protect|p2a: Rotom-Wash
|-fail|p2a: Rotom-Wash
|
|-weather|Sandstorm|[upkeep]
|-damage|p1a: Latias|284\/302|[from] sandstorm
|-damage|p2a: Rotom-Wash|285\/304|[from] sandstorm
|-heal|p2a: Rotom-Wash|304\/304|[from] item: Leftovers
|turn|8
|
|move|p1a: Latias|Calm Mind|p1a: Latias
|-boost|p1a: Latias|spa|1
|-boost|p1a: Latias|spd|1
|move|p2a: Rotom-Wash|Volt Switch|p1a: Latias
|-resisted|p1a: Latias
|-damage|p1a: Latias|262\/302
|
|switch|p2a: Mamoswine|Mamoswine, F|361\/361
|
|-weather|none
|turn|9
|
|switch|p1a: Scizor|Scizor, M|344\/344
|move|p2a: Mamoswine|Icicle Spear|p1a: Scizor
|-resisted|p1a: Scizor
|-damage|p1a: Scizor|323\/344
|-resisted|p1a: Scizor
|-damage|p1a: Scizor|302\/344
|-resisted|p1a: Scizor
|-damage|p1a: Scizor|280\/344
|-hitcount|p1a: Scizor|3
|
|turn|10
|
|switch|p2a: Rotom-Wash|Rotom-Wash|304\/304
|move|p1a: Scizor|U-turn|p2a: Rotom-Wash
|-damage|p2a: Rotom-Wash|156\/304
|
|switch|p1a: Medicham|Medicham-Mega, F|261\/261
|
|-heal|p2a: Rotom-Wash|175\/304|[from] item: Leftovers
|turn|11
|
|move|p2a: Rotom-Wash|Protect|p2a: Rotom-Wash
|-singleturn|p2a: Rotom-Wash|Protect
|move|p1a: Medicham|Fake Out|p2a: Rotom-Wash
|-activate|p2a: Rotom-Wash|Protect
|
|-heal|p2a: Rotom-Wash|194\/304|[from] item: Leftovers
|turn|12
|
|move|p1a: Medicham|High Jump Kick|p2a: Rotom-Wash
|-damage|p2a: Rotom-Wash|0 fnt
|faint|p2a: Rotom-Wash
|
|
|switch|p2a: Clefable|Clefable, M|394\/394
|turn|13
|
|switch|p1a: Scizor|Scizor, M|280\/344
|move|p2a: Clefable|Moonblast|p1a: Scizor
|-resisted|p1a: Scizor
|-damage|p1a: Scizor|213\/344
|
|turn|14
|
|move|p1a: Scizor|Bullet Punch|p2a: Clefable
|-supereffective|p2a: Clefable
|-damage|p2a: Clefable|80\/394
|move|p2a: Clefable|Flamethrower|p1a: Scizor
|-supereffective|p1a: Scizor
|-damage|p1a: Scizor|0 fnt
|faint|p1a: Scizor
|
|-heal|p2a: Clefable|104\/394|[from] item: Leftovers
|
|switch|p1a: Landorus-Therian|Landorus-Therian, M|382\/382
|-ability|p1a: Landorus-Therian|Intimidate|[of] p2a: Clefable
|-unboost|p2a: Clefable|atk|1
|turn|15
|
|move|p1a: Landorus-Therian|Earthquake|p2a: Clefable
|-damage|p2a: Clefable|0 fnt
|faint|p2a: Clefable
|
|
|switch|p2a: Pinsir|Pinsir, F|271\/271
|turn|16
|
|detailschange|p2a: Pinsir|Pinsir-Mega, F
|message|Pinsir has Mega Evolved into Mega Pinsir!
|move|p2a: Pinsir|Return|p1a: Landorus-Therian
|-damage|p1a: Landorus-Therian|67\/382
|move|p1a: Landorus-Therian|U-turn|p2a: Pinsir
|-crit|p2a: Pinsir
|-resisted|p2a: Pinsir
|-damage|p2a: Pinsir|205\/271
|
|switch|p1a: Latias|Latias, F|262\/302
|
|turn|17
|
|switch|p2a: Excadrill|Excadrill, F|362\/362
|move|p1a: Latias|Dragon Pulse|p2a: Excadrill
|-resisted|p2a: Excadrill
|-damage|p2a: Excadrill|245\/362
|-damage|p1a: Latias|232\/302|[from] item: Life Orb
|
|turn|18
|
|switch|p1a: Landorus-Therian|Landorus-Therian, M|67\/382
|-ability|p1a: Landorus-Therian|Intimidate|[of] p2a: Excadrill
|-unboost|p2a: Excadrill|atk|1
|move|p2a: Excadrill|Iron Head|p1a: Landorus-Therian
|-damage|p1a: Landorus-Therian|0 fnt
|-damage|p2a: Excadrill|209\/362|[from] item: Life Orb
|faint|p1a: Landorus-Therian
|
|
|switch|p1a: Rotom-Wash|Rotom-Wash|136\/241 brn
|turn|19
|
|move|p1a: Rotom-Wash|Hydro Pump|p2a: Excadrill
|-supereffective|p2a: Excadrill
|-damage|p2a: Excadrill|0 fnt
|faint|p2a: Excadrill
|
|-damage|p1a: Rotom-Wash|106\/241 brn|[from] brn
|
|switch|p2a: Pinsir|Pinsir-Mega, F|205\/271
|turn|20
|
|move|p1a: Rotom-Wash|Hydro Pump|p2a: Pinsir
|-damage|p2a: Pinsir|22\/271
|move|p2a: Pinsir|Return|p1a: Rotom-Wash
|-resisted|p1a: Rotom-Wash
|-damage|p1a: Rotom-Wash|0 fnt
|faint|p1a: Rotom-Wash
|
|
|switch|p1a: Medicham|Medicham-Mega, F|261\/261
|turn|21
|
|switch|p2a: Mamoswine|Mamoswine, F|361\/361
|move|p1a: Medicham|Fake Out|p2a: Mamoswine
|-damage|p2a: Mamoswine|262\/361
|
|turn|22
|
|switch|p2a: Pinsir|Pinsir-Mega, F|22\/271
|move|p1a: Medicham|High Jump Kick|p2a: Pinsir
|-resisted|p2a: Pinsir
|-damage|p2a: Pinsir|0 fnt
|faint|p2a: Pinsir
|
|c|âVanilla Vanish|gg
|
|switch|p2a: Mamoswine|Mamoswine, F|262\/361
|turn|23
|
|move|p1a: Medicham|High Jump Kick|p2a: Mamoswine
|-supereffective|p2a: Mamoswine
|-damage|p2a: Mamoswine|0 fnt
|faint|p2a: Mamoswine
|
|win|cadeskjl2
|raw|Ladder updating...
|raw|cadeskjl2's rating: 1594 &rarr; <strong>1611<\/strong><br \/>(+17 for winning)
|raw|Vanilla Vanish's rating: 1548 &rarr; <strong>1531<\/strong><br \/>(-17 for losing)
|c|âcadeskjl2|gg