|join|ninjatang999
|join|Vanilla Vanish
|player|p1|ninjatang999|140
|player|p2|Vanilla Vanish|1
|gametype|singles
|gen|6
|tier|OU
|rated
|clearpoke
|poke|p1|Sableye, M
|poke|p1|Sigilyph, M, shiny
|poke|p1|Gliscor, M
|poke|p1|Whimsicott, F
|poke|p1|Togekiss, M
|poke|p1|Suicune
|poke|p2|Charizard, F
|poke|p2|Zapdos
|poke|p2|Vaporeon, F
|poke|p2|Excadrill, M
|poke|p2|Forretress, M
|poke|p2|Infernape, M
|rule|Sleep Clause Mod: Limit one foe put to sleep
|rule|Species Clause: Limit one of each Pokemon
|rule|OHKO Clause: OHKO moves are banned
|rule|Moody Clause: Moody is banned
|rule|Evasion Moves Clause: Evasion moves are banned
|rule|Endless Battle Clause: Forcing endless battles is banned.
|rule|HP Percentage Mod: HP is reported as percentages
|teampreview
|chat|ninjatang999|hi ;) xxx
|
|start
|switch|p1a: Sableye|Sableye, M|304\/304
|switch|p2a: Charizard|Charizard, F|298\/298
|turn|1
|
|switch|p1a: Gliscor|Gliscor, M|354\/354
|-formechange|p2a: Charizard|Charizard-Mega-Y
|message|Charizard has Mega Evolved into Mega Charizard!
|-weather|SunnyDay
|move|p2a: Charizard|Flamethrower|p1a: Gliscor
|-damage|p1a: Gliscor|6\/354
|
|-weather|SunnyDay|[upkeep]
|-status|p1a: Gliscor|tox|[from] item: Toxic Orb
|turn|2
|
|move|p1a: Gliscor|Protect|p1a: Gliscor
|-singleturn|p1a: Gliscor|Protect
|move|p2a: Charizard|Flamethrower|p1a: Gliscor
|-activate|p1a: Gliscor|Protect
|
|-weather|SunnyDay|[upkeep]
|-heal|p1a: Gliscor|50\/354 tox|[from] ability: Poison Heal
|turn|3
|
|move|p1a: Gliscor|Protect|p1a: Gliscor
|-singleturn|p1a: Gliscor|Protect
|move|p2a: Charizard|Flamethrower|p1a: Gliscor
|-activate|p1a: Gliscor|Protect
|
|-weather|SunnyDay|[upkeep]
|-heal|p1a: Gliscor|94\/354 tox|[from] ability: Poison Heal
|turn|4
|
|move|p2a: Charizard|Solar Beam|p1a: Gliscor|[still]
|-prepare|p2a: Charizard|Solar Beam|p1a: Gliscor
|-anim|p2a: Charizard|Solar Beam|p1a: Gliscor
|-damage|p1a: Gliscor|0 fnt
|faint|p1a: Gliscor
|
|-weather|SunnyDay|[upkeep]
|
|switch|p1a: Whimsicott|Whimsicott, F|324\/324
|turn|5
|
|move|p1a: Whimsicott|Encore|p2a: Charizard
|-start|p2a: Charizard|Encore
|move|p2a: Charizard|Solar Beam|p1a: Whimsicott|[still]
|-prepare|p2a: Charizard|Solar Beam|p1a: Whimsicott
|-anim|p2a: Charizard|Solar Beam|p1a: Whimsicott
|-resisted|p1a: Whimsicott
|-damage|p1a: Whimsicott|230\/324
|
|-weather|none
|-heal|p1a: Whimsicott|250\/324|[from] item: Leftovers
|turn|6
|
|switch|p2a: Infernape|Infernape, M|293\/293
|move|p1a: Whimsicott|Leech Seed|p2a: Infernape
|-start|p2a: Infernape|move: Leech Seed
|
|-heal|p1a: Whimsicott|270\/324|[from] item: Leftovers
|-damage|p2a: Infernape|257\/293|[from] Leech Seed|[of] p1a: Whimsicott
|-heal|p1a: Whimsicott|306\/324|[silent]
|turn|7
|
|switch|p2a: Charizard|Charizard, F|298\/298
|-formechange|p2a: Charizard|Charizard-Mega-Y
|-weather|SunnyDay
|move|p1a: Whimsicott|Substitute|p1a: Whimsicott
|-start|p1a: Whimsicott|Substitute
|-damage|p1a: Whimsicott|225\/324
|
|-weather|SunnyDay|[upkeep]
|-heal|p1a: Whimsicott|245\/324|[from] item: Leftovers
|turn|8
|
|move|p1a: Whimsicott|Leech Seed|p2a: Charizard
|-start|p2a: Charizard|move: Leech Seed
|move|p2a: Charizard|Flamethrower|p1a: Whimsicott
|-supereffective|p1a: Whimsicott
|-end|p1a: Whimsicott|Substitute
|
|-weather|SunnyDay|[upkeep]
|-heal|p1a: Whimsicott|265\/324|[from] item: Leftovers
|-damage|p2a: Charizard|261\/298|[from] Leech Seed|[of] p1a: Whimsicott
|-heal|p1a: Whimsicott|302\/324|[silent]
|turn|9
|
|move|p1a: Whimsicott|Substitute|p1a: Whimsicott
|-start|p1a: Whimsicott|Substitute
|-damage|p1a: Whimsicott|221\/324
|move|p2a: Charizard|Flamethrower|p1a: Whimsicott
|-supereffective|p1a: Whimsicott
|-end|p1a: Whimsicott|Substitute
|
|-weather|SunnyDay|[upkeep]
|-heal|p1a: Whimsicott|241\/324|[from] item: Leftovers
|-damage|p2a: Charizard|224\/298|[from] Leech Seed|[of] p1a: Whimsicott
|-heal|p1a: Whimsicott|278\/324|[silent]
|turn|10
|
|switch|p2a: Zapdos|Zapdos|383\/383
|-ability|p2a: Zapdos|Pressure
|move|p1a: Whimsicott|Substitute|p1a: Whimsicott
|-start|p1a: Whimsicott|Substitute
|-damage|p1a: Whimsicott|197\/324
|
|-weather|SunnyDay|[upkeep]
|-heal|p1a: Whimsicott|217\/324|[from] item: Leftovers
|turn|11
|
|move|p1a: Whimsicott|Leech Seed|p2a: Zapdos
|-start|p2a: Zapdos|move: Leech Seed
|move|p2a: Zapdos|Heat Wave|p1a: Whimsicott
|-supereffective|p1a: Whimsicott
|-end|p1a: Whimsicott|Substitute
|
|-weather|none
|-heal|p1a: Whimsicott|237\/324|[from] item: Leftovers
|-damage|p2a: Zapdos|336\/383|[from] Leech Seed|[of] p1a: Whimsicott
|-heal|p1a: Whimsicott|284\/324|[silent]
|turn|12
|
|switch|p2a: Charizard|Charizard, F|224\/298
|-formechange|p2a: Charizard|Charizard-Mega-Y
|-weather|SunnyDay
|move|p1a: Whimsicott|Substitute|p1a: Whimsicott
|-start|p1a: Whimsicott|Substitute
|-damage|p1a: Whimsicott|203\/324
|
|-weather|SunnyDay|[upkeep]
|-heal|p1a: Whimsicott|223\/324|[from] item: Leftovers
|turn|13
|
|move|p1a: Whimsicott|Leech Seed|p2a: Charizard
|-start|p2a: Charizard|move: Leech Seed
|move|p2a: Charizard|Flamethrower|p1a: Whimsicott
|-supereffective|p1a: Whimsicott
|-end|p1a: Whimsicott|Substitute
|
|-weather|SunnyDay|[upkeep]
|-heal|p1a: Whimsicott|243\/324|[from] item: Leftovers
|-damage|p2a: Charizard|187\/298|[from] Leech Seed|[of] p1a: Whimsicott
|-heal|p1a: Whimsicott|280\/324|[silent]
|turn|14
|
|switch|p2a: Forretress|Forretress, M|354\/354
|move|p1a: Whimsicott|Substitute|p1a: Whimsicott
|-start|p1a: Whimsicott|Substitute
|-damage|p1a: Whimsicott|199\/324
|
|-weather|SunnyDay|[upkeep]
|-heal|p1a: Whimsicott|219\/324|[from] item: Leftovers
|turn|15
|chat|ninjatang999|aww
|
|move|p1a: Whimsicott|Leech Seed|p2a: Forretress|[miss]
|-miss|p1a: Whimsicott|p2a: Forretress
|move|p2a: Forretress|Stealth Rock|p1a: Whimsicott
|-sidestart|p1: ninjatang999|move: Stealth Rock
|
|-weather|SunnyDay|[upkeep]
|-heal|p1a: Whimsicott|239\/324|[from] item: Leftovers
|turn|16
|
|move|p1a: Whimsicott|Leech Seed|p2a: Forretress
|-start|p2a: Forretress|move: Leech Seed
|move|p2a: Forretress|Toxic Spikes|p1a: Whimsicott
|-sidestart|p1: ninjatang999|move: Toxic Spikes
|
|-weather|none
|-heal|p1a: Whimsicott|259\/324|[from] item: Leftovers
|-damage|p2a: Forretress|310\/354|[from] Leech Seed|[of] p1a: Whimsicott
|-heal|p1a: Whimsicott|303\/324|[silent]
|turn|17
|
|move|p1a: Whimsicott|Stun Spore|p2a: Forretress
|-status|p2a: Forretress|par
|cant|p2a: Forretress|par
|
|-heal|p1a: Whimsicott|323\/324|[from] item: Leftovers
|-heal|p2a: Forretress|332\/354 par|[from] item: Leftovers
|-damage|p2a: Forretress|288\/354 par|[from] Leech Seed|[of] p1a: Whimsicott
|-heal|p1a: Whimsicott|324\/324|[silent]
|turn|18
|
|move|p1a: Whimsicott|Stun Spore|p2a: Forretress
|-fail|p2a: Forretress|par
|cant|p2a: Forretress|par
|
|-heal|p2a: Forretress|310\/354 par|[from] item: Leftovers
|-damage|p2a: Forretress|266\/354 par|[from] Leech Seed|[of] p1a: Whimsicott
|turn|19
|
|move|p1a: Whimsicott|Stun Spore|p2a: Forretress
|-fail|p2a: Forretress|par
|move|p2a: Forretress|Toxic Spikes|p1a: Whimsicott
|-sidestart|p1: ninjatang999|move: Toxic Spikes
|
|-heal|p2a: Forretress|288\/354 par|[from] item: Leftovers
|-damage|p2a: Forretress|244\/354 par|[from] Leech Seed|[of] p1a: Whimsicott
|turn|20
|
|move|p1a: Whimsicott|Stun Spore|p2a: Forretress
|-fail|p2a: Forretress|par
|cant|p2a: Forretress|par
|
|-heal|p2a: Forretress|266\/354 par|[from] item: Leftovers
|-damage|p2a: Forretress|222\/354 par|[from] Leech Seed|[of] p1a: Whimsicott
|turn|21
|
|switch|p2a: Excadrill|Excadrill, M|361\/361
|-ability|p2a: Excadrill|Mold Breaker
|move|p1a: Whimsicott|Stun Spore|p2a: Excadrill|[miss]
|-miss|p1a: Whimsicott|p2a: Excadrill
|
|turn|22
|
|move|p1a: Whimsicott|Leech Seed|p2a: Excadrill|[miss]
|-miss|p1a: Whimsicott|p2a: Excadrill
|move|p2a: Excadrill|Iron Head|p1a: Whimsicott
|-supereffective|p1a: Whimsicott
|-end|p1a: Whimsicott|Substitute
|
|turn|23
|
|move|p1a: Whimsicott|Leech Seed|p2a: Excadrill
|-start|p2a: Excadrill|move: Leech Seed
|move|p2a: Excadrill|Iron Head|p1a: Whimsicott
|-supereffective|p1a: Whimsicott
|-damage|p1a: Whimsicott|28\/324
|
|-heal|p1a: Whimsicott|48\/324|[from] item: Leftovers
|-damage|p2a: Excadrill|316\/361|[from] Leech Seed|[of] p1a: Whimsicott
|-heal|p1a: Whimsicott|93\/324|[silent]
|turn|24
|
|move|p1a: Whimsicott|Substitute|p1a: Whimsicott
|-start|p1a: Whimsicott|Substitute
|-damage|p1a: Whimsicott|12\/324
|move|p2a: Excadrill|Iron Head|p1a: Whimsicott
|-supereffective|p1a: Whimsicott
|-end|p1a: Whimsicott|Substitute
|
|-heal|p1a: Whimsicott|32\/324|[from] item: Leftovers
|-damage|p2a: Excadrill|271\/361|[from] Leech Seed|[of] p1a: Whimsicott
|-heal|p1a: Whimsicott|77\/324|[silent]
|turn|25
|
|move|p1a: Whimsicott|Stun Spore|p2a: Excadrill
|-status|p2a: Excadrill|par
|cant|p2a: Excadrill|par
|
|-heal|p1a: Whimsicott|97\/324|[from] item: Leftovers
|-damage|p2a: Excadrill|226\/361 par|[from] Leech Seed|[of] p1a: Whimsicott
|-heal|p1a: Whimsicott|142\/324|[silent]
|turn|26
|
|switch|p2a: Zapdos|Zapdos|336\/383
|-ability|p2a: Zapdos|Pressure
|move|p1a: Whimsicott|Substitute|p1a: Whimsicott
|-start|p1a: Whimsicott|Substitute
|-damage|p1a: Whimsicott|61\/324
|
|-heal|p1a: Whimsicott|81\/324|[from] item: Leftovers
|-heal|p2a: Zapdos|359\/383|[from] item: Leftovers
|turn|27
|
|move|p1a: Whimsicott|Leech Seed|p2a: Zapdos
|-start|p2a: Zapdos|move: Leech Seed
|move|p2a: Zapdos|Heat Wave|p1a: Whimsicott
|-crit|p1a: Whimsicott
|-supereffective|p1a: Whimsicott
|-end|p1a: Whimsicott|Substitute
|
|-heal|p1a: Whimsicott|101\/324|[from] item: Leftovers
|-heal|p2a: Zapdos|382\/383|[from] item: Leftovers
|-damage|p2a: Zapdos|335\/383|[from] Leech Seed|[of] p1a: Whimsicott
|-heal|p1a: Whimsicott|148\/324|[silent]
|turn|28
|
|move|p1a: Whimsicott|Substitute|p1a: Whimsicott
|-start|p1a: Whimsicott|Substitute
|-damage|p1a: Whimsicott|67\/324
|move|p2a: Zapdos|Heat Wave|p1a: Whimsicott
|-supereffective|p1a: Whimsicott
|-end|p1a: Whimsicott|Substitute
|
|-heal|p1a: Whimsicott|87\/324|[from] item: Leftovers
|-heal|p2a: Zapdos|358\/383|[from] item: Leftovers
|-damage|p2a: Zapdos|311\/383|[from] Leech Seed|[of] p1a: Whimsicott
|-heal|p1a: Whimsicott|134\/324|[silent]
|turn|29
|
|move|p1a: Whimsicott|Substitute|p1a: Whimsicott
|-start|p1a: Whimsicott|Substitute
|-damage|p1a: Whimsicott|53\/324
|move|p2a: Zapdos|Heat Wave|p1a: Whimsicott
|-supereffective|p1a: Whimsicott
|-end|p1a: Whimsicott|Substitute
|
|-heal|p1a: Whimsicott|73\/324|[from] item: Leftovers
|-heal|p2a: Zapdos|334\/383|[from] item: Leftovers
|-damage|p2a: Zapdos|287\/383|[from] Leech Seed|[of] p1a: Whimsicott
|-heal|p1a: Whimsicott|120\/324|[silent]
|turn|30
|chat|ninjatang999|do u like my team? ;)
|
|move|p1a: Whimsicott|Substitute|p1a: Whimsicott
|-start|p1a: Whimsicott|Substitute
|-damage|p1a: Whimsicott|39\/324
|move|p2a: Zapdos|Heat Wave|p1a: Whimsicott
|-supereffective|p1a: Whimsicott
|-end|p1a: Whimsicott|Substitute
|
|-heal|p1a: Whimsicott|59\/324|[from] item: Leftovers
|-heal|p2a: Zapdos|310\/383|[from] item: Leftovers
|-damage|p2a: Zapdos|263\/383|[from] Leech Seed|[of] p1a: Whimsicott
|-heal|p1a: Whimsicott|106\/324|[silent]
|turn|31
|
|move|p1a: Whimsicott|Substitute|p1a: Whimsicott
|-start|p1a: Whimsicott|Substitute
|-damage|p1a: Whimsicott|25\/324
|move|p2a: Zapdos|Heat Wave|p1a: Whimsicott
|-miss|p2a: Zapdos|p1a: Whimsicott
|
|-heal|p1a: Whimsicott|45\/324|[from] item: Leftovers
|-heal|p2a: Zapdos|286\/383|[from] item: Leftovers
|-damage|p2a: Zapdos|239\/383|[from] Leech Seed|[of] p1a: Whimsicott
|-heal|p1a: Whimsicott|92\/324|[silent]
|turn|32
|chat|Vanilla Vanish|dat para hax on excadrill :(
|
|move|p1a: Whimsicott|Stun Spore|p2a: Zapdos|[miss]
|-miss|p1a: Whimsicott|p2a: Zapdos
|move|p2a: Zapdos|Heat Wave|p1a: Whimsicott
|-supereffective|p1a: Whimsicott
|-end|p1a: Whimsicott|Substitute
|
|-heal|p1a: Whimsicott|112\/324|[from] item: Leftovers
|-heal|p2a: Zapdos|262\/383|[from] item: Leftovers
|-damage|p2a: Zapdos|215\/383|[from] Leech Seed|[of] p1a: Whimsicott
|-heal|p1a: Whimsicott|159\/324|[silent]
|turn|33
|chat|ninjatang999|i would have beat it if i hasnt miss leech seed
|chat|ninjatang999|so its even for us ;)
|
|switch|p2a: Charizard|Charizard, F|187\/298
|-formechange|p2a: Charizard|Charizard-Mega-Y
|-weather|SunnyDay
|move|p1a: Whimsicott|Substitute|p1a: Whimsicott
|-start|p1a: Whimsicott|Substitute
|-damage|p1a: Whimsicott|78\/324
|
|-weather|SunnyDay|[upkeep]
|-heal|p1a: Whimsicott|98\/324|[from] item: Leftovers
|turn|34
|
|move|p1a: Whimsicott|Leech Seed|p2a: Charizard
|-start|p2a: Charizard|move: Leech Seed
|move|p2a: Charizard|Flamethrower|p1a: Whimsicott
|-supereffective|p1a: Whimsicott
|-end|p1a: Whimsicott|Substitute
|
|-weather|SunnyDay|[upkeep]
|-heal|p1a: Whimsicott|118\/324|[from] item: Leftovers
|-damage|p2a: Charizard|150\/298|[from] Leech Seed|[of] p1a: Whimsicott
|-heal|p1a: Whimsicott|155\/324|[silent]
|turn|35
|
|switch|p2a: Zapdos|Zapdos|215\/383
|-ability|p2a: Zapdos|Pressure
|move|p1a: Whimsicott|Substitute|p1a: Whimsicott
|-start|p1a: Whimsicott|Substitute
|-damage|p1a: Whimsicott|74\/324
|
|-weather|SunnyDay|[upkeep]
|-heal|p1a: Whimsicott|94\/324|[from] item: Leftovers
|-heal|p2a: Zapdos|238\/383|[from] item: Leftovers
|turn|36
|
|move|p1a: Whimsicott|Leech Seed|p2a: Zapdos
|-start|p2a: Zapdos|move: Leech Seed
|move|p2a: Zapdos|Heat Wave|p1a: Whimsicott
|-supereffective|p1a: Whimsicott
|-end|p1a: Whimsicott|Substitute
|
|-weather|SunnyDay|[upkeep]
|-heal|p1a: Whimsicott|114\/324|[from] item: Leftovers
|-heal|p2a: Zapdos|261\/383|[from] item: Leftovers
|-damage|p2a: Zapdos|214\/383|[from] Leech Seed|[of] p1a: Whimsicott
|-heal|p1a: Whimsicott|161\/324|[silent]
|turn|37
|
|move|p1a: Whimsicott|Substitute|p1a: Whimsicott
|-start|p1a: Whimsicott|Substitute
|-damage|p1a: Whimsicott|80\/324
|move|p2a: Zapdos|Roost|p2a: Zapdos
|-heal|p2a: Zapdos|383\/383
|
|-weather|none
|-heal|p1a: Whimsicott|100\/324|[from] item: Leftovers
|-damage|p2a: Zapdos|336\/383|[from] Leech Seed|[of] p1a: Whimsicott
|-heal|p1a: Whimsicott|147\/324|[silent]
|turn|38
|
|move|p1a: Whimsicott|Encore|p2a: Zapdos
|-start|p2a: Zapdos|Encore
|move|p2a: Zapdos|Roost|p2a: Zapdos
|-heal|p2a: Zapdos|383\/383
|
|-heal|p1a: Whimsicott|167\/324|[from] item: Leftovers
|-damage|p2a: Zapdos|336\/383|[from] Leech Seed|[of] p1a: Whimsicott
|-heal|p1a: Whimsicott|214\/324|[silent]
|turn|39
|
|switch|p2a: Forretress|Forretress, M|222\/354 par
|move|p1a: Whimsicott|Stun Spore|p2a: Forretress
|-fail|p2a: Forretress|par
|
|-heal|p1a: Whimsicott|234\/324|[from] item: Leftovers
|-heal|p2a: Forretress|244\/354 par|[from] item: Leftovers
|turn|40
|
|move|p1a: Whimsicott|Leech Seed|p2a: Forretress|[miss]
|-miss|p1a: Whimsicott|p2a: Forretress
|move|p2a: Forretress|Volt Switch|p1a: Whimsicott
|-resisted|p1a: Whimsicott
|-activate|p1a: Whimsicott|Substitute|[damage]
|
|switch|p2a: Zapdos|Zapdos|336\/383
|-ability|p2a: Zapdos|Pressure
|
|-heal|p1a: Whimsicott|254\/324|[from] item: Leftovers
|-heal|p2a: Zapdos|359\/383|[from] item: Leftovers
|turn|41
|
|move|p1a: Whimsicott|Leech Seed|p2a: Zapdos
|-start|p2a: Zapdos|move: Leech Seed
|move|p2a: Zapdos|Heat Wave|p1a: Whimsicott
|-supereffective|p1a: Whimsicott
|-end|p1a: Whimsicott|Substitute
|
|-heal|p1a: Whimsicott|274\/324|[from] item: Leftovers
|-heal|p2a: Zapdos|382\/383|[from] item: Leftovers
|-damage|p2a: Zapdos|335\/383|[from] Leech Seed|[of] p1a: Whimsicott
|-heal|p1a: Whimsicott|321\/324|[silent]
|turn|42
|
|switch|p2a: Forretress|Forretress, M|244\/354 par
|move|p1a: Whimsicott|Substitute|p1a: Whimsicott
|-start|p1a: Whimsicott|Substitute
|-damage|p1a: Whimsicott|240\/324
|
|-heal|p1a: Whimsicott|260\/324|[from] item: Leftovers
|-heal|p2a: Forretress|266\/354 par|[from] item: Leftovers
|turn|43
|
|move|p1a: Whimsicott|Stun Spore|p2a: Forretress
|-fail|p2a: Forretress|par
|move|p2a: Forretress|Volt Switch|p1a: Whimsicott
|-resisted|p1a: Whimsicott
|-activate|p1a: Whimsicott|Substitute|[damage]
|
|switch|p2a: Zapdos|Zapdos|335\/383
|-ability|p2a: Zapdos|Pressure
|
|-heal|p1a: Whimsicott|280\/324|[from] item: Leftovers
|-heal|p2a: Zapdos|358\/383|[from] item: Leftovers
|turn|44
|
|switch|p2a: Forretress|Forretress, M|266\/354 par
|move|p1a: Whimsicott|Stun Spore|p2a: Forretress
|-fail|p2a: Forretress|par
|
|-heal|p1a: Whimsicott|300\/324|[from] item: Leftovers
|-heal|p2a: Forretress|288\/354 par|[from] item: Leftovers
|turn|45
|
|move|p1a: Whimsicott|Stun Spore|p2a: Forretress
|-fail|p2a: Forretress|par
|cant|p2a: Forretress|par
|
|-heal|p1a: Whimsicott|320\/324|[from] item: Leftovers
|-heal|p2a: Forretress|310\/354 par|[from] item: Leftovers
|turn|46
|
|move|p1a: Whimsicott|Stun Spore|p2a: Forretress
|-fail|p2a: Forretress|par
|move|p2a: Forretress|Volt Switch|p1a: Whimsicott
|-resisted|p1a: Whimsicott
|-activate|p1a: Whimsicott|Substitute|[damage]
|
|switch|p2a: Excadrill|Excadrill, M|226\/361 par
|-ability|p2a: Excadrill|Mold Breaker
|
|-heal|p1a: Whimsicott|324\/324|[from] item: Leftovers
|turn|47
|
|switch|p2a: Forretress|Forretress, M|310\/354 par
|move|p1a: Whimsicott|Stun Spore|p2a: Forretress
|-fail|p2a: Forretress|par
|
|-heal|p2a: Forretress|332\/354 par|[from] item: Leftovers
|turn|48
|
|move|p1a: Whimsicott|Stun Spore|p2a: Forretress
|-fail|p2a: Forretress|par
|move|p2a: Forretress|Volt Switch|p1a: Whimsicott
|-resisted|p1a: Whimsicott
|-activate|p1a: Whimsicott|Substitute|[damage]
|
|switch|p2a: Zapdos|Zapdos|358\/383
|-ability|p2a: Zapdos|Pressure
|
|-heal|p2a: Zapdos|381\/383|[from] item: Leftovers
|turn|49
|
|switch|p2a: Excadrill|Excadrill, M|226\/361 par
|-ability|p2a: Excadrill|Mold Breaker
|move|p1a: Whimsicott|Stun Spore|p2a: Excadrill
|-fail|p2a: Excadrill|par
|
|turn|50
|
|switch|p2a: Forretress|Forretress, M|332\/354 par
|move|p1a: Whimsicott|Stun Spore|p2a: Forretress
|-fail|p2a: Forretress|par
|
|-heal|p2a: Forretress|354\/354 par|[from] item: Leftovers
|turn|51
|
|switch|p2a: Excadrill|Excadrill, M|226\/361 par
|-ability|p2a: Excadrill|Mold Breaker
|move|p1a: Whimsicott|Stun Spore|p2a: Excadrill|[miss]
|-miss|p1a: Whimsicott|p2a: Excadrill
|
|turn|52
|
|switch|p2a: Forretress|Forretress, M|354\/354 par
|move|p1a: Whimsicott|Stun Spore|p2a: Forretress|[miss]
|-miss|p1a: Whimsicott|p2a: Forretress
|
|turn|53
|
|move|p1a: Whimsicott|Stun Spore|p2a: Forretress
|-fail|p2a: Forretress|par
|cant|p2a: Forretress|par
|
|turn|54
|
|move|p1a: Whimsicott|Stun Spore|p2a: Forretress
|-fail|p2a: Forretress|par
|move|p2a: Forretress|Volt Switch|p1a: Whimsicott
|-resisted|p1a: Whimsicott
|-activate|p1a: Whimsicott|Substitute|[damage]
|
|switch|p2a: Excadrill|Excadrill, M|226\/361 par
|-ability|p2a: Excadrill|Mold Breaker
|
|turn|55
|chat|ninjatang999|what r u trying to do??
|
|switch|p2a: Forretress|Forretress, M|354\/354 par
|move|p1a: Whimsicott|Stun Spore|p2a: Forretress
|-fail|p2a: Forretress|par
|
|turn|56
|
|move|p1a: Whimsicott|Stun Spore|p2a: Forretress
|-fail|p2a: Forretress|par
|move|p2a: Forretress|Volt Switch|p1a: Whimsicott
|-resisted|p1a: Whimsicott
|-end|p1a: Whimsicott|Substitute
|
|switch|p2a: Zapdos|Zapdos|381\/383
|-ability|p2a: Zapdos|Pressure
|
|-heal|p2a: Zapdos|383\/383|[from] item: Leftovers
|turn|57
|
|move|p1a: Whimsicott|Substitute|p1a: Whimsicott
|-start|p1a: Whimsicott|Substitute
|-damage|p1a: Whimsicott|243\/324
|move|p2a: Zapdos|Heat Wave|p1a: Whimsicott
|-supereffective|p1a: Whimsicott
|-end|p1a: Whimsicott|Substitute
|
|-heal|p1a: Whimsicott|263\/324|[from] item: Leftovers
|turn|58
|
|move|p1a: Whimsicott|Encore|p2a: Zapdos
|-start|p2a: Zapdos|Encore
|move|p2a: Zapdos|Heat Wave|p1a: Whimsicott
|-supereffective|p1a: Whimsicott
|-damage|p1a: Whimsicott|79\/324
|
|-heal|p1a: Whimsicott|99\/324|[from] item: Leftovers
|turn|59
|
|move|p1a: Whimsicott|Stun Spore|p2a: Zapdos
|-fail|p2a: Zapdos
|move|p2a: Zapdos|Heat Wave|p1a: Whimsicott
|-supereffective|p1a: Whimsicott
|-damage|p1a: Whimsicott|0 fnt
|faint|p1a: Whimsicott
|
|chat|Vanilla Vanish|:D
|
|switch|p1a: Suicune|Suicune|404\/404
|-status|p1a: Suicune|tox
|-damage|p1a: Suicune|354\/404 tox|[from] Stealth Rock
|-ability|p1a: Suicune|Pressure
|turn|60
|
|switch|p2a: Vaporeon|Vaporeon, F|464\/464
|move|p1a: Suicune|Calm Mind|p1a: Suicune
|-boost|p1a: Suicune|spa|1
|-boost|p1a: Suicune|spd|1
|
|-heal|p1a: Suicune|379\/404 tox|[from] item: Leftovers
|-damage|p1a: Suicune|354\/404 tox|[from] psn
|turn|61
|
|move|p1a: Suicune|Calm Mind|p1a: Suicune
|-boost|p1a: Suicune|spa|1
|-boost|p1a: Suicune|spd|1
|move|p2a: Vaporeon|Wish|p2a: Vaporeon
|
|-heal|p1a: Suicune|379\/404 tox|[from] item: Leftovers
|-damage|p1a: Suicune|329\/404 tox|[from] psn
|turn|62
|
|move|p1a: Suicune|Calm Mind|p1a: Suicune
|-boost|p1a: Suicune|spa|1
|-boost|p1a: Suicune|spd|1
|move|p2a: Vaporeon|Scald|p1a: Suicune
|-resisted|p1a: Suicune
|-damage|p1a: Suicune|310\/404 tox
|
|-heal|p1a: Suicune|335\/404 tox|[from] item: Leftovers
|-damage|p1a: Suicune|260\/404 tox|[from] psn
|turn|63
|
|switch|p2a: Infernape|Infernape, M|257\/293
|move|p1a: Suicune|Rest|p1a: Suicune
|-status|p1a: Suicune|slp
|-heal|p1a: Suicune|404\/404 slp|[silent]
|-status|p1a: Suicune|slp|[from] move: Rest
|
|turn|64
|
|move|p2a: Infernape|Close Combat|p1a: Suicune
|-damage|p1a: Suicune|247\/404 slp
|-unboost|p2a: Infernape|def|1
|-unboost|p2a: Infernape|spd|1
|-damage|p2a: Infernape|228\/293|[from] item: Life Orb
|cant|p1a: Suicune|slp
|move|p1a: Suicune|Sleep Talk|p1a: Suicune
|move|p1a: Suicune|Scald|p2a: Infernape|[from]Sleep Talk
|-supereffective|p2a: Infernape
|-damage|p2a: Infernape|0 fnt
|faint|p2a: Infernape
|
|-heal|p1a: Suicune|272\/404 slp|[from] item: Leftovers
|
|switch|p2a: Excadrill|Excadrill, M|226\/361 par
|-ability|p2a: Excadrill|Mold Breaker
|turn|65
|
|cant|p1a: Suicune|slp
|move|p1a: Suicune|Sleep Talk|p1a: Suicune
|move|p1a: Suicune|Rest|p1a: Suicune|[from]Sleep Talk
|-fail|p1a: Suicune
|move|p2a: Excadrill|Earthquake|p1a: Suicune
|-crit|p1a: Suicune
|-damage|p1a: Suicune|95\/404 slp
|
|-heal|p1a: Suicune|120\/404 slp|[from] item: Leftovers
|turn|66
|
|-curestatus|p1a: Suicune|slp
|move|p1a: Suicune|Rest|p1a: Suicune
|-status|p1a: Suicune|slp
|-heal|p1a: Suicune|404\/404 slp|[silent]
|-status|p1a: Suicune|slp|[from] move: Rest
|move|p2a: Excadrill|Earthquake|p1a: Suicune
|-damage|p1a: Suicune|280\/404 slp
|
|-heal|p1a: Suicune|305\/404 slp|[from] item: Leftovers
|turn|67
|
|cant|p1a: Suicune|slp
|move|p1a: Suicune|Sleep Talk|p1a: Suicune
|move|p1a: Suicune|Calm Mind|p1a: Suicune|[from]Sleep Talk
|-boost|p1a: Suicune|spa|1
|-boost|p1a: Suicune|spd|1
|cant|p2a: Excadrill|par
|
|-heal|p1a: Suicune|330\/404 slp|[from] item: Leftovers
|turn|68
|
|cant|p1a: Suicune|slp
|move|p1a: Suicune|Sleep Talk|p1a: Suicune
|move|p1a: Suicune|Scald|p2a: Excadrill|[from]Sleep Talk
|-supereffective|p2a: Excadrill
|-damage|p2a: Excadrill|0 fnt
|faint|p2a: Excadrill
|
|-heal|p1a: Suicune|355\/404 slp|[from] item: Leftovers
|
|switch|p2a: Zapdos|Zapdos|383\/383
|-ability|p2a: Zapdos|Pressure
|turn|69
|chat|ninjatang999|yeah baby ;)
|
|move|p2a: Zapdos|Discharge|p1a: Suicune
|-supereffective|p1a: Suicune
|-damage|p1a: Suicune|293\/404 slp
|-curestatus|p1a: Suicune|slp
|move|p1a: Suicune|Scald|p2a: Zapdos
|-damage|p2a: Zapdos|83\/383
|
|-heal|p2a: Zapdos|106\/383|[from] item: Leftovers
|-heal|p1a: Suicune|318\/404|[from] item: Leftovers
|turn|70
|
|switch|p2a: Vaporeon|Vaporeon, F|464\/464
|move|p1a: Suicune|Scald|p2a: Vaporeon
|-immune|p2a: Vaporeon|[msg]
|
|-heal|p1a: Suicune|343\/404|[from] item: Leftovers
|turn|71
|
|move|p1a: Suicune|Calm Mind|p1a: Suicune
|-boost|p1a: Suicune|spa|1
|-boost|p1a: Suicune|spd|1
|move|p2a: Vaporeon|Toxic|p1a: Suicune
|-status|p1a: Suicune|tox
|
|-heal|p1a: Suicune|368\/404 tox|[from] item: Leftovers
|-damage|p1a: Suicune|343\/404 tox|[from] psn
|turn|72
|
|move|p1a: Suicune|Calm Mind|p1a: Suicune
|-boost|p1a: Suicune|spa|1
|-boost|p1a: Suicune|spd|1
|move|p2a: Vaporeon|Scald|p1a: Suicune
|-resisted|p1a: Suicune
|-damage|p1a: Suicune|331\/404 tox
|
|-heal|p1a: Suicune|356\/404 tox|[from] item: Leftovers
|-damage|p1a: Suicune|306\/404 tox|[from] psn
|turn|73
|
|move|p1a: Suicune|Calm Mind|p1a: Suicune
|-fail|p1a: Suicune
|move|p2a: Vaporeon|Scald|p1a: Suicune
|-resisted|p1a: Suicune
|-damage|p1a: Suicune|294\/404 tox
|
|-heal|p1a: Suicune|319\/404 tox|[from] item: Leftovers
|-damage|p1a: Suicune|244\/404 tox|[from] psn
|turn|74
|
|move|p1a: Suicune|Rest|p1a: Suicune
|-status|p1a: Suicune|slp
|-heal|p1a: Suicune|404\/404 slp|[silent]
|-status|p1a: Suicune|slp|[from] move: Rest
|move|p2a: Vaporeon|Toxic|p1a: Suicune
|-fail|p1a: Suicune
|
|turn|75
|
|cant|p1a: Suicune|slp
|move|p2a: Vaporeon|Scald|p1a: Suicune
|-resisted|p1a: Suicune
|-damage|p1a: Suicune|392\/404 slp
|
|-heal|p1a: Suicune|404\/404 slp|[from] item: Leftovers
|turn|76
|chat|ninjatang999|aww poor u ;)
|
|move|p2a: Vaporeon|Protect|p2a: Vaporeon
|-singleturn|p2a: Vaporeon|Protect
|cant|p1a: Suicune|slp
|
|turn|77
|
|-curestatus|p1a: Suicune|slp
|move|p1a: Suicune|Sleep Talk|p1a: Suicune
|-fail|p1a: Suicune
|move|p2a: Vaporeon|Wish|p2a: Vaporeon
|
|turn|78
|
|move|p1a: Suicune|Calm Mind|p1a: Suicune
|-fail|p1a: Suicune
|move|p2a: Vaporeon|Toxic|p1a: Suicune
|-status|p1a: Suicune|tox
|
|-damage|p1a: Suicune|379\/404 tox|[from] psn
|turn|79
|
|move|p1a: Suicune|Calm Mind|p1a: Suicune
|-fail|p1a: Suicune
|move|p2a: Vaporeon|Scald|p1a: Suicune
|-resisted|p1a: Suicune
|-damage|p1a: Suicune|367\/404 tox
|
|-heal|p1a: Suicune|392\/404 tox|[from] item: Leftovers
|-damage|p1a: Suicune|342\/404 tox|[from] psn
|turn|80
|
|move|p1a: Suicune|Calm Mind|p1a: Suicune
|-fail|p1a: Suicune
|move|p2a: Vaporeon|Wish|p2a: Vaporeon
|
|-heal|p1a: Suicune|367\/404 tox|[from] item: Leftovers
|-damage|p1a: Suicune|292\/404 tox|[from] psn
|turn|81
|
|switch|p2a: Charizard|Charizard, F|150\/298
|-formechange|p2a: Charizard|Charizard-Mega-Y
|-weather|SunnyDay
|move|p1a: Suicune|Calm Mind|p1a: Suicune
|-fail|p1a: Suicune
|
|-weather|SunnyDay|[upkeep]
|-heal|p2a: Charizard|298\/298|[from] move: Wish|[wisher] Vaporeon
|-heal|p1a: Suicune|317\/404 tox|[from] item: Leftovers
|-damage|p1a: Suicune|217\/404 tox|[from] psn
|turn|82
|
|switch|p2a: Vaporeon|Vaporeon, F|464\/464
|move|p1a: Suicune|Rest|p1a: Suicune
|-status|p1a: Suicune|slp
|-heal|p1a: Suicune|404\/404 slp|[silent]
|-status|p1a: Suicune|slp|[from] move: Rest
|
|-weather|SunnyDay|[upkeep]
|turn|83
|
|move|p2a: Vaporeon|Protect|p2a: Vaporeon
|-singleturn|p2a: Vaporeon|Protect
|cant|p1a: Suicune|slp
|
|-weather|SunnyDay|[upkeep]
|turn|84
|
|cant|p1a: Suicune|slp
|move|p2a: Vaporeon|Scald|p1a: Suicune
|-resisted|p1a: Suicune
|-damage|p1a: Suicune|398\/404 slp
|
|-weather|SunnyDay|[upkeep]
|-heal|p1a: Suicune|404\/404 slp|[from] item: Leftovers
|turn|85
|
|move|p2a: Vaporeon|Protect|p2a: Vaporeon
|-singleturn|p2a: Vaporeon|Protect
|-curestatus|p1a: Suicune|slp
|move|p1a: Suicune|Calm Mind|p1a: Suicune
|-fail|p1a: Suicune
|
|-weather|none
|turn|86
|
|move|p1a: Suicune|Calm Mind|p1a: Suicune
|-fail|p1a: Suicune
|move|p2a: Vaporeon|Toxic|p1a: Suicune
|-status|p1a: Suicune|tox
|
|-damage|p1a: Suicune|379\/404 tox|[from] psn
|turn|87
|
|move|p2a: Vaporeon|Protect|p2a: Vaporeon
|-singleturn|p2a: Vaporeon|Protect
|move|p1a: Suicune|Calm Mind|p1a: Suicune
|-fail|p1a: Suicune
|
|-heal|p1a: Suicune|404\/404 tox|[from] item: Leftovers
|-damage|p1a: Suicune|354\/404 tox|[from] psn
|turn|88
|
|move|p1a: Suicune|Calm Mind|p1a: Suicune
|-fail|p1a: Suicune
|move|p2a: Vaporeon|Wish|p2a: Vaporeon
|
|-heal|p1a: Suicune|379\/404 tox|[from] item: Leftovers
|-damage|p1a: Suicune|304\/404 tox|[from] psn
|turn|89
|
|move|p1a: Suicune|Scald|p2a: Vaporeon
|-immune|p2a: Vaporeon|[msg]
|move|p2a: Vaporeon|Scald|p1a: Suicune
|-resisted|p1a: Suicune
|-damage|p1a: Suicune|292\/404 tox
|
|-heal|p1a: Suicune|317\/404 tox|[from] item: Leftovers
|-damage|p1a: Suicune|217\/404 tox|[from] psn
|turn|90
|
|move|p1a: Suicune|Rest|p1a: Suicune
|-status|p1a: Suicune|slp
|-heal|p1a: Suicune|404\/404 slp|[silent]
|-status|p1a: Suicune|slp|[from] move: Rest
|move|p2a: Vaporeon|Wish|p2a: Vaporeon
|
|turn|91
|
|switch|p2a: Zapdos|Zapdos|106\/383
|-ability|p2a: Zapdos|Pressure
|cant|p1a: Suicune|slp
|
|-heal|p2a: Zapdos|338\/383|[from] move: Wish|[wisher] Vaporeon
|-heal|p2a: Zapdos|361\/383|[from] item: Leftovers
|turn|92
|
|switch|p2a: Vaporeon|Vaporeon, F|464\/464
|cant|p1a: Suicune|slp
|move|p1a: Suicune|Sleep Talk|p1a: Suicune
|move|p1a: Suicune|Rest|p1a: Suicune|[from]Sleep Talk
|-fail|p1a: Suicune
|
|turn|93
|
|move|p2a: Vaporeon|Protect|p2a: Vaporeon
|-singleturn|p2a: Vaporeon|Protect
|-curestatus|p1a: Suicune|slp
|move|p1a: Suicune|Calm Mind|p1a: Suicune
|-fail|p1a: Suicune
|
|turn|94
|
|move|p1a: Suicune|Calm Mind|p1a: Suicune
|-fail|p1a: Suicune
|move|p2a: Vaporeon|Scald|p1a: Suicune
|-resisted|p1a: Suicune
|-damage|p1a: Suicune|393\/404
|
|-heal|p1a: Suicune|404\/404|[from] item: Leftovers
|turn|95
|
|move|p1a: Suicune|Calm Mind|p1a: Suicune
|-fail|p1a: Suicune
|move|p2a: Vaporeon|Toxic|p1a: Suicune
|-status|p1a: Suicune|tox
|
|-damage|p1a: Suicune|379\/404 tox|[from] psn
|turn|96
|
|move|p1a: Suicune|Calm Mind|p1a: Suicune
|-fail|p1a: Suicune
|move|p2a: Vaporeon|Scald|p1a: Suicune
|-resisted|p1a: Suicune
|-damage|p1a: Suicune|368\/404 tox
|
|-heal|p1a: Suicune|393\/404 tox|[from] item: Leftovers
|-damage|p1a: Suicune|343\/404 tox|[from] psn
|turn|97
|
|move|p1a: Suicune|Calm Mind|p1a: Suicune
|-fail|p1a: Suicune
|move|p2a: Vaporeon|Wish|p2a: Vaporeon
|
|-heal|p1a: Suicune|368\/404 tox|[from] item: Leftovers
|-damage|p1a: Suicune|293\/404 tox|[from] psn
|turn|98
|
|move|p2a: Vaporeon|Protect|p2a: Vaporeon
|-singleturn|p2a: Vaporeon|Protect
|move|p1a: Suicune|Scald|p2a: Vaporeon
|-activate|p2a: Vaporeon|Protect
|
|-heal|p1a: Suicune|318\/404 tox|[from] item: Leftovers
|-damage|p1a: Suicune|218\/404 tox|[from] psn
|turn|99
|
|move|p1a: Suicune|Rest|p1a: Suicune
|-status|p1a: Suicune|slp
|-heal|p1a: Suicune|404\/404 slp|[silent]
|-status|p1a: Suicune|slp|[from] move: Rest
|move|p2a: Vaporeon|Wish|p2a: Vaporeon
|
|turn|100
|
|switch|p2a: Charizard|Charizard, F|298\/298
|-formechange|p2a: Charizard|Charizard-Mega-Y
|-weather|SunnyDay
|cant|p1a: Suicune|slp
|
|-weather|SunnyDay|[upkeep]
|turn|101
|
|move|p2a: Charizard|Solar Beam|p1a: Suicune|[still]
|-prepare|p2a: Charizard|Solar Beam|p1a: Suicune
|-anim|p2a: Charizard|Solar Beam|p1a: Suicune
|-supereffective|p1a: Suicune
|-damage|p1a: Suicune|334\/404 slp
|cant|p1a: Suicune|slp
|move|p1a: Suicune|Sleep Talk|p1a: Suicune
|move|p1a: Suicune|Rest|p1a: Suicune|[from]Sleep Talk
|-fail|p1a: Suicune
|
|-weather|SunnyDay|[upkeep]
|-heal|p1a: Suicune|359\/404 slp|[from] item: Leftovers
|turn|102
|
|switch|p2a: Vaporeon|Vaporeon, F|464\/464
|-curestatus|p1a: Suicune|slp
|move|p1a: Suicune|Scald|p2a: Vaporeon
|-immune|p2a: Vaporeon|[msg]
|
|-weather|SunnyDay|[upkeep]
|-heal|p1a: Suicune|384\/404|[from] item: Leftovers
|turn|103
|
|move|p1a: Suicune|Calm Mind|p1a: Suicune
|-fail|p1a: Suicune
|move|p2a: Vaporeon|Toxic|p1a: Suicune
|-status|p1a: Suicune|tox
|
|-weather|SunnyDay|[upkeep]
|-heal|p1a: Suicune|404\/404 tox|[from] item: Leftovers
|-damage|p1a: Suicune|379\/404 tox|[from] psn
|turn|104
|
|move|p2a: Vaporeon|Protect|p2a: Vaporeon
|-singleturn|p2a: Vaporeon|Protect
|move|p1a: Suicune|Calm Mind|p1a: Suicune
|-fail|p1a: Suicune
|
|-weather|none
|-heal|p1a: Suicune|404\/404 tox|[from] item: Leftovers
|-damage|p1a: Suicune|354\/404 tox|[from] psn
|turn|105
|
|move|p2a: Vaporeon|Protect|p2a: Vaporeon
|-singleturn|p2a: Vaporeon|Protect
|move|p1a: Suicune|Calm Mind|p1a: Suicune
|-fail|p1a: Suicune
|
|-heal|p1a: Suicune|379\/404 tox|[from] item: Leftovers
|-damage|p1a: Suicune|304\/404 tox|[from] psn
|turn|106
|
|move|p1a: Suicune|Calm Mind|p1a: Suicune
|-fail|p1a: Suicune
|move|p2a: Vaporeon|Wish|p2a: Vaporeon
|
|-heal|p1a: Suicune|329\/404 tox|[from] item: Leftovers
|-damage|p1a: Suicune|229\/404 tox|[from] psn
|turn|107
|
|move|p1a: Suicune|Calm Mind|p1a: Suicune
|-fail|p1a: Suicune
|move|p2a: Vaporeon|Wish|p2a: Vaporeon
|-fail|p2a: Vaporeon
|
|-heal|p1a: Suicune|254\/404 tox|[from] item: Leftovers
|-damage|p1a: Suicune|129\/404 tox|[from] psn
|turn|108
|
|switch|p2a: Zapdos|Zapdos|361\/383
|-ability|p2a: Zapdos|Pressure
|move|p1a: Suicune|Rest|p1a: Suicune
|-status|p1a: Suicune|slp
|-heal|p1a: Suicune|404\/404 slp|[silent]
|-status|p1a: Suicune|slp|[from] move: Rest
|
|-heal|p2a: Zapdos|383\/383|[from] item: Leftovers
|turn|109
|
|move|p2a: Zapdos|Discharge|p1a: Suicune
|-supereffective|p1a: Suicune
|-damage|p1a: Suicune|350\/404 slp
|cant|p1a: Suicune|slp
|move|p1a: Suicune|Sleep Talk|p1a: Suicune
|move|p1a: Suicune|Scald|p2a: Zapdos|[from]Sleep Talk
|-damage|p2a: Zapdos|7\/383
|-status|p2a: Zapdos|brn
|
|-heal|p2a: Zapdos|30\/383 brn|[from] item: Leftovers
|-heal|p1a: Suicune|375\/404 slp|[from] item: Leftovers
|-damage|p2a: Zapdos|0 fnt|[from] brn
|faint|p2a: Zapdos
|
|switch|p2a: Charizard|Charizard, F|298\/298
|-formechange|p2a: Charizard|Charizard-Mega-Y
|-weather|SunnyDay
|turn|110
|chat|ninjatang999|zapdos is gone babe ;)
|
|switch|p2a: Vaporeon|Vaporeon, F|464\/464
|cant|p1a: Suicune|slp
|move|p1a: Suicune|Sleep Talk|p1a: Suicune
|move|p1a: Suicune|Scald|p2a: Vaporeon|[from]Sleep Talk
|-immune|p2a: Vaporeon|[msg]
|
|-weather|SunnyDay|[upkeep]
|-heal|p1a: Suicune|400\/404 slp|[from] item: Leftovers
|turn|111
|
|-curestatus|p1a: Suicune|slp
|move|p1a: Suicune|Calm Mind|p1a: Suicune
|-fail|p1a: Suicune
|move|p2a: Vaporeon|Toxic|p1a: Suicune
|-status|p1a: Suicune|tox
|
|-weather|SunnyDay|[upkeep]
|-heal|p1a: Suicune|404\/404 tox|[from] item: Leftovers
|-damage|p1a: Suicune|379\/404 tox|[from] psn
|turn|112
|
|move|p2a: Vaporeon|Protect|p2a: Vaporeon
|-singleturn|p2a: Vaporeon|Protect
|move|p1a: Suicune|Calm Mind|p1a: Suicune
|-fail|p1a: Suicune
|
|-weather|SunnyDay|[upkeep]
|-heal|p1a: Suicune|404\/404 tox|[from] item: Leftovers
|-damage|p1a: Suicune|354\/404 tox|[from] psn
|turn|113
|
|move|p1a: Suicune|Calm Mind|p1a: Suicune
|-fail|p1a: Suicune
|move|p2a: Vaporeon|Wish|p2a: Vaporeon
|
|-weather|SunnyDay|[upkeep]
|-heal|p1a: Suicune|379\/404 tox|[from] item: Leftovers
|-damage|p1a: Suicune|304\/404 tox|[from] psn
|turn|114
|
|move|p2a: Vaporeon|Protect|p2a: Vaporeon
|-singleturn|p2a: Vaporeon|Protect
|move|p1a: Suicune|Calm Mind|p1a: Suicune
|-fail|p1a: Suicune
|
|-weather|none
|-heal|p1a: Suicune|329\/404 tox|[from] item: Leftovers
|-damage|p1a: Suicune|229\/404 tox|[from] psn
|turn|115
|
|move|p1a: Suicune|Rest|p1a: Suicune
|-status|p1a: Suicune|slp
|-heal|p1a: Suicune|404\/404 slp|[silent]
|-status|p1a: Suicune|slp|[from] move: Rest
|move|p2a: Vaporeon|Wish|p2a: Vaporeon
|
|turn|116
|
|switch|p2a: Forretress|Forretress, M|354\/354 par
|cant|p1a: Suicune|slp
|
|turn|117
|
|switch|p2a: Vaporeon|Vaporeon, F|464\/464
|cant|p1a: Suicune|slp
|move|p1a: Suicune|Sleep Talk|p1a: Suicune
|move|p1a: Suicune|Scald|p2a: Vaporeon|[from]Sleep Talk
|-immune|p2a: Vaporeon|[msg]
|
|turn|118
|
|switch|p2a: Forretress|Forretress, M|354\/354 par
|-curestatus|p1a: Suicune|slp
|move|p1a: Suicune|Calm Mind|p1a: Suicune
|-fail|p1a: Suicune
|
|turn|119
|
|switch|p2a: Vaporeon|Vaporeon, F|464\/464
|move|p1a: Suicune|Calm Mind|p1a: Suicune
|-fail|p1a: Suicune
|
|turn|120
|
|move|p1a: Suicune|Calm Mind|p1a: Suicune
|-fail|p1a: Suicune
|move|p2a: Vaporeon|Toxic|p1a: Suicune
|-status|p1a: Suicune|tox
|
|-damage|p1a: Suicune|379\/404 tox|[from] psn
|turn|121
|
|move|p1a: Suicune|Calm Mind|p1a: Suicune
|-fail|p1a: Suicune
|move|p2a: Vaporeon|Wish|p2a: Vaporeon
|
|-heal|p1a: Suicune|404\/404 tox|[from] item: Leftovers
|-damage|p1a: Suicune|354\/404 tox|[from] psn
|turn|122
|
|move|p1a: Suicune|Rest|p1a: Suicune
|-status|p1a: Suicune|slp
|-heal|p1a: Suicune|404\/404 slp|[silent]
|-status|p1a: Suicune|slp|[from] move: Rest
|move|p2a: Vaporeon|Scald|p1a: Suicune
|-resisted|p1a: Suicune
|-damage|p1a: Suicune|393\/404 slp
|
|-heal|p1a: Suicune|404\/404 slp|[from] item: Leftovers
|turn|123
|
|switch|p2a: Forretress|Forretress, M|354\/354 par
|cant|p1a: Suicune|slp
|
|turn|124
|
|cant|p1a: Suicune|slp
|cant|p2a: Forretress|par
|
|turn|125
|
|-curestatus|p1a: Suicune|slp
|move|p1a: Suicune|Scald|p2a: Forretress
|-damage|p2a: Forretress|27\/354 par
|move|p2a: Forretress|Volt Switch|p1a: Suicune
|-supereffective|p1a: Suicune
|-damage|p1a: Suicune|386\/404
|
|switch|p2a: Vaporeon|Vaporeon, F|464\/464
|
|-heal|p1a: Suicune|404\/404|[from] item: Leftovers
|turn|126
|chat|Vanilla Vanish|gg
|chat|Vanilla Vanish|i out of toxic
|
|move|p1a: Suicune|Rest|p1a: Suicune
|-fail|p1a: Suicune
|move|p2a: Vaporeon|Wish|p2a: Vaporeon
|
|turn|127
|chat|ninjatang999|u were never going to win anyway ;)
|
|switch|p2a: Charizard|Charizard, F|298\/298
|-formechange|p2a: Charizard|Charizard-Mega-Y
|-weather|SunnyDay
|move|p1a: Suicune|Rest|p1a: Suicune
|-fail|p1a: Suicune
|
|-weather|SunnyDay|[upkeep]
|turn|128
|
|move|p2a: Charizard|Solar Beam|p1a: Suicune|[still]
|-prepare|p2a: Charizard|Solar Beam|p1a: Suicune
|-anim|p2a: Charizard|Solar Beam|p1a: Suicune
|-supereffective|p1a: Suicune
|-damage|p1a: Suicune|334\/404
|move|p1a: Suicune|Scald|p2a: Charizard
|-supereffective|p2a: Charizard
|-damage|p2a: Charizard|10\/298
|
|-weather|SunnyDay|[upkeep]
|-heal|p1a: Suicune|359\/404|[from] item: Leftovers
|turn|129
|
|move|p2a: Charizard|Solar Beam|p1a: Suicune|[still]
|-prepare|p2a: Charizard|Solar Beam|p1a: Suicune
|-anim|p2a: Charizard|Solar Beam|p1a: Suicune
|-supereffective|p1a: Suicune
|-damage|p1a: Suicune|289\/404
|move|p1a: Suicune|Scald|p2a: Charizard
|-supereffective|p2a: Charizard
|-damage|p2a: Charizard|0 fnt
|faint|p2a: Charizard
|
|-weather|SunnyDay|[upkeep]
|-heal|p1a: Suicune|314\/404|[from] item: Leftovers
|-message|Vanilla Vanish forfeited.
|
|win|ninjatang999
|raw|Ladder updating...
|leave|Vanilla Vanish
|player|p2
|raw|ninjatang999's rating: 1515 &rarr; <strong>1537<\/strong><br \/>(+22 for winning)
|raw|Vanilla Vanish's rating: 1554 &rarr; <strong>1532<\/strong><br \/>(-22 for losing)