|join|Vanilla Vanish
|join|webby2120
|player|p1|Vanilla Vanish|266
|player|p2|webby2120|102
|gametype|singles
|gen|6
|tier|OU
|clearpoke
|poke|p1|Greninja, F, shiny
|poke|p1|Jolteon, M
|poke|p1|Jellicent, M
|poke|p1|Mandibuzz, F
|poke|p1|Espeon, F
|poke|p1|Charizard, F
|poke|p2|Flareon, F
|poke|p2|Vaporeon, F
|poke|p2|Jolteon, M
|poke|p2|Glaceon, F
|poke|p2|Espeon, M
|poke|p2|Sylveon, F
|rule|Sleep Clause Mod: Limit one foe put to sleep
|rule|Species Clause: Limit one of each Pokemon
|rule|OHKO Clause: OHKO moves are banned
|rule|Moody Clause: Moody is banned
|rule|Evasion Moves Clause: Evasion moves are banned
|rule|Endless Battle Clause: Forcing endless battles is banned.
|rule|HP Percentage Mod: HP is reported as percentages
|teampreview
|join|tvgbbyg
|
|start
|switch|p1a: Greninja|Greninja, F, shiny|286\/286
|switch|p2a: WOW|Sylveon, F|332\/332
|turn|1
|
|-start|p1a: Greninja|typechange|Dark|[from] Protean
|move|p1a: Greninja|Taunt|p2a: WOW
|-start|p2a: WOW|move: Taunt
|cant|p2a: WOW|move: Taunt|Calm Mind
|
|turn|2
|
|-start|p1a: Greninja|typechange|Bug|[from] Protean
|move|p1a: Greninja|U-turn|p2a: WOW
|-resisted|p2a: WOW
|-damage|p2a: WOW|270\/332
|-damage|p1a: Greninja|258\/286|[from] item: Life Orb
|
|switch|p1a: Jolteon|Jolteon, M|272\/272
|move|p2a: WOW|Hyper Voice|p1a: Jolteon
|-damage|p1a: Jolteon|94\/272
|
|-heal|p2a: WOW|290\/332|[from] item: Leftovers
|turn|3
|
|move|p2a: WOW|Quick Attack|p1a: Jolteon
|-damage|p1a: Jolteon|33\/272
|move|p1a: Jolteon|Volt Switch|p2a: WOW
|-damage|p2a: WOW|160\/332
|
|switch|p1a: Greninja|Greninja, F, shiny|258\/286
|
|-heal|p2a: WOW|180\/332|[from] item: Leftovers
|-end|p2a: WOW|move: Taunt
|turn|4
|
|move|p2a: WOW|Quick Attack|p1a: Greninja
|-supereffective|p1a: Greninja
|-damage|p1a: Greninja|130\/286
|-start|p1a: Greninja|typechange|Water|[from] Protean
|move|p1a: Greninja|Waterfall|p2a: WOW
|-damage|p2a: WOW|28\/332
|-damage|p1a: Greninja|102\/286|[from] item: Life Orb
|
|-heal|p2a: WOW|48\/332|[from] item: Leftovers
|turn|5
|
|move|p2a: WOW|Quick Attack|p1a: Greninja
|-damage|p1a: Greninja|32\/286
|move|p1a: Greninja|Waterfall|p2a: WOW
|-damage|p2a: WOW|0 fnt
|-damage|p1a: Greninja|4\/286|[from] item: Life Orb
|faint|p2a: WOW
|
|
|switch|p2a: So Fire|Flareon, F|271\/271
|turn|6
|
|move|p2a: So Fire|Quick Attack|p1a: Greninja
|-damage|p1a: Greninja|0 fnt
|faint|p1a: Greninja
|
|-activate|p2a: So Fire|item: Toxic Orb
|-status|p2a: So Fire|tox
|
|switch|p1a: Mandibuzz|Mandibuzz, F|424\/424
|turn|7
|
|move|p2a: So Fire|Flare Blitz|p1a: Mandibuzz
|-damage|p1a: Mandibuzz|186\/424
|-damage|p2a: So Fire|192\/271 tox|[from] recoil|[of] p1a: Mandibuzz
|move|p1a: Mandibuzz|Foul Play|p2a: So Fire
|-damage|p2a: So Fire|0 fnt
|faint|p2a: So Fire
|
|-heal|p1a: Mandibuzz|212\/424|[from] item: Leftovers
|
|switch|p2a: Very Thunder|Jolteon, M|311\/311
|turn|8
|
|switch|p1a: Jolteon|Jolteon, M|33\/272
|move|p2a: Very Thunder|Thunderbolt|p1a: Jolteon
|-heal|p1a: Jolteon|101\/272|[from] ability: Volt Absorb|[of] p2a: Very Thunder
|
|turn|9
|
|switch|p1a: Espeon|Espeon, F|334\/334
|move|p2a: Very Thunder|Shadow Ball|p1a: Espeon
|-supereffective|p1a: Espeon
|-damage|p1a: Espeon|155\/334
|-damage|p2a: Very Thunder|280\/311|[from] item: Life Orb
|
|-heal|p1a: Espeon|175\/334|[from] item: Leftovers
|turn|10
|chat|Vanilla Vanish|OW
|
|switch|p1a: Mandibuzz|Mandibuzz, F|212\/424
|move|p2a: Very Thunder|Signal Beam|p1a: Mandibuzz
|-damage|p1a: Mandibuzz|96\/424
|-damage|p2a: Very Thunder|249\/311|[from] item: Life Orb
|
|-heal|p1a: Mandibuzz|122\/424|[from] item: Leftovers
|turn|11
|
|move|p2a: Very Thunder|Shadow Ball|p1a: Mandibuzz
|-resisted|p1a: Mandibuzz
|-damage|p1a: Mandibuzz|62\/424
|-damage|p2a: Very Thunder|218\/311|[from] item: Life Orb
|move|p1a: Mandibuzz|Roost|p1a: Mandibuzz
|-heal|p1a: Mandibuzz|274\/424
|
|-heal|p1a: Mandibuzz|300\/424|[from] item: Leftovers
|turn|12
|
|move|p2a: Very Thunder|Thunderbolt|p1a: Mandibuzz
|-supereffective|p1a: Mandibuzz
|-damage|p1a: Mandibuzz|0 fnt
|-damage|p2a: Very Thunder|187\/311|[from] item: Life Orb
|faint|p1a: Mandibuzz
|
|
|switch|p1a: Jolteon|Jolteon, M|101\/272
|turn|13
|
|move|p1a: Jolteon|Signal Beam|p2a: Very Thunder
|-damage|p2a: Very Thunder|63\/311
|move|p2a: Very Thunder|Shadow Ball|p1a: Jolteon
|-damage|p1a: Jolteon|0 fnt
|-damage|p2a: Very Thunder|32\/311|[from] item: Life Orb
|faint|p1a: Jolteon
|
|
|switch|p1a: Espeon|Espeon, F|175\/334
|turn|14
|
|move|p2a: Very Thunder|Shadow Ball|p1a: Espeon
|-supereffective|p1a: Espeon
|-damage|p1a: Espeon|0 fnt
|-damage|p2a: Very Thunder|1\/311|[from] item: Life Orb
|faint|p1a: Espeon
|
|
|switch|p1a: Jellicent|Jellicent, M|404\/404
|turn|15
|
|move|p2a: Very Thunder|Thunderbolt|p1a: Jellicent
|-supereffective|p1a: Jellicent
|-damage|p1a: Jellicent|0 fnt
|-damage|p2a: Very Thunder|0 fnt|[from] item: Life Orb
|faint|p1a: Jellicent
|faint|p2a: Very Thunder
|
|
|switch|p1a: Charizard|Charizard, F|298\/298
|switch|p2a: Many Cold|Glaceon, F|334\/334
|turn|16
|
|-formechange|p1a: Charizard|Charizard-Mega-X
|message|Charizard has Mega Evolved into Mega Charizard!
|move|p1a: Charizard|Dragon Dance|p1a: Charizard
|-boost|p1a: Charizard|atk|1
|-boost|p1a: Charizard|spe|1
|move|p2a: Many Cold|Toxic|p1a: Charizard
|-status|p1a: Charizard|tox
|
|-damage|p1a: Charizard|280\/298 tox|[from] psn
|turn|17
|
|move|p1a: Charizard|Flare Blitz|p2a: Many Cold
|-supereffective|p2a: Many Cold
|-damage|p2a: Many Cold|0 fnt
|-damage|p1a: Charizard|170\/298 tox|[from] recoil|[of] p2a: Many Cold
|faint|p2a: Many Cold
|
|-damage|p1a: Charizard|134\/298 tox|[from] psn
|
|switch|p2a: Much Water|Vaporeon, F|464\/464
|turn|18
|
|move|p1a: Charizard|Dragon Claw|p2a: Much Water
|-damage|p2a: Much Water|0 fnt
|faint|p2a: Much Water
|
|-damage|p1a: Charizard|80\/298 tox|[from] psn
|
|switch|p2a: Such Psychic|Espeon, M|271\/271
|turn|19
|
|move|p1a: Charizard|Dragon Claw|p2a: Such Psychic
|-damage|p2a: Such Psychic|0 fnt
|faint|p2a: Such Psychic
|
|win|Vanilla Vanish
|chat|webby2120|gg
|leave|tvgbbyg
|leave|webby2120
|player|p2
|join|webby2120