|join|GeathDrips
|join|RowDog
|player|p1|GeathDrips|49
|player|p2|RowDog|80
|gametype|singles
|gen|6
|tier|UU
|rated
|rule|Sleep Clause Mod: Limit one foe put to sleep
|rule|Species Clause: Limit one of each PokÃ©mon
|rule|OHKO Clause: OHKO moves are banned
|rule|Moody Clause: Moody is banned
|rule|Evasion Moves Clause: Evasion moves are banned
|rule|Endless Battle Clause: Forcing endless battles is banned
|rule|HP Percentage Mod: HP is shown in percentages
|clearpoke
|poke|p1|Porygon-Z
|poke|p1|Crobat, M
|poke|p1|Chandelure, M
|poke|p1|Florges, F
|poke|p1|Krookodile, F
|poke|p1|Ampharos, F
|poke|p2|Aromatisse, F
|poke|p2|Jirachi, shiny
|poke|p2|Blissey, F
|poke|p2|Arcanine, F
|poke|p2|Crobat, F
|poke|p2|Gastrodon, F
|rule|Swagger Clause: Swagger is banned
|rule|Baton Pass Clause: Limit one PokÃ©mon knowing Baton Pass
|teampreview
|join|ANGER MANAGEMENT
|c|âGeathDrips|this team is disgusting
|
|start
|switch|p1a: Ampharos|Ampharos, F|384\/384
|switch|p2a: Crobat|Crobat, F|374\/374
|turn|1
|
|detailschange|p1a: Ampharos|Ampharos-Mega, F
|message|Ampharos has Mega Evolved into Mega Ampharos!
|-ability|p1a: Ampharos|Mold Breaker
|move|p2a: Crobat|U-turn|p1a: Ampharos
|-damage|p1a: Ampharos|335\/384
|
|switch|p2a: Gastrodon|Gastrodon, F|426\/426
|move|p1a: Ampharos|Dragon Pulse|p2a: Gastrodon
|-damage|p2a: Gastrodon|236\/426
|
|-heal|p2a: Gastrodon|262\/426|[from] item: Leftovers
|turn|2
|
|switch|p1a: Crobat|Crobat, M|325\/325
|move|p2a: Gastrodon|Recover|p2a: Gastrodon
|-heal|p2a: Gastrodon|426\/426
|
|turn|3
|
|move|p1a: Crobat|U-turn|p2a: Gastrodon
|-damage|p2a: Gastrodon|354\/426
|join|Bob the Bro
|
|switch|p1a: Porygon-Z|Porygon-Z|311\/311
|move|p2a: Gastrodon|Scald|p1a: Porygon-Z
|-damage|p1a: Porygon-Z|197\/311
|
|-heal|p2a: Gastrodon|380\/426|[from] item: Leftovers
|turn|4
|
|switch|p2a: Blissey|Blissey, F|714\/714
|move|p1a: Porygon-Z|Return|p2a: Blissey
|-damage|p2a: Blissey|174\/714
|
|-heal|p2a: Blissey|218\/714|[from] item: Leftovers
|turn|5
|
|switch|p1a: Krookodile|Krookodile, F|331\/331
|-ability|p1a: Krookodile|Intimidate|[of] p2a: Blissey
|-unboost|p2a: Blissey|atk|1
|switch|p2a: Jirachi|Jirachi, shiny|404\/404
|
|turn|6
|
|move|p2a: Jirachi|Substitute|p2a: Jirachi
|-start|p2a: Jirachi|Substitute
|-damage|p2a: Jirachi|303\/404
|move|p1a: Krookodile|Pursuit|p2a: Jirachi
|-supereffective|p2a: Jirachi
|-end|p2a: Jirachi|Substitute
|
|-heal|p2a: Jirachi|328\/404|[from] item: Leftovers
|turn|7
|c| Bob the Bro|cm sableye y\/y?
|
|move|p2a: Jirachi|Iron Head|p1a: Krookodile
|-crit|p1a: Krookodile
|-damage|p1a: Krookodile|148\/331
|move|p1a: Krookodile|Knock Off|p2a: Jirachi
|-supereffective|p2a: Jirachi
|-damage|p2a: Jirachi|0 fnt
|-enditem|p2a: Jirachi|Leftovers|[from] move: Knock Off|[of] p1a: Krookodile
|faint|p2a: Jirachi
|
|c| Bob the Bro|rekt
|
|switch|p2a: Aromatisse|Aromatisse, F|406\/406
|turn|8
|
|switch|p1a: Crobat|Crobat, M|325\/325
|move|p2a: Aromatisse|Wish|p2a: Aromatisse
|
|turn|9
|
|switch|p2a: Blissey|Blissey, F|218\/714
|move|p1a: Crobat|U-turn|p2a: Blissey
|-damage|p2a: Blissey|97\/714
|
|switch|p1a: Porygon-Z|Porygon-Z|197\/311
|
|-heal|p2a: Blissey|300\/714|[from] move: Wish|[wisher] Aromatisse
|-heal|p2a: Blissey|344\/714|[from] item: Leftovers
|turn|10
|
|switch|p2a: Arcanine|Arcanine, F|383\/383
|-ability|p2a: Arcanine|Intimidate|[of] p1a: Porygon-Z
|-unboost|p1a: Porygon-Z|atk|1
|move|p1a: Porygon-Z|Return|p2a: Arcanine
|-damage|p2a: Arcanine|231\/383
|-damage|p1a: Porygon-Z|146\/311|[from] item: Rocky Helmet|[of] p2a: Arcanine
|
|turn|11
|
|switch|p1a: Chandelure|Chandelure, M|261\/261
|switch|p2a: Crobat|Crobat, F|374\/374
|
|turn|12
|
|move|p1a: Chandelure|Trick|p2a: Crobat
|-activate|p1a: Chandelure|move: Trick|[of] p2a: Crobat
|-item|p2a: Crobat|Choice Scarf|[from] move: Trick
|-item|p1a: Chandelure|Black Sludge|[from] move: Trick
|move|p2a: Crobat|Brave Bird|p1a: Chandelure
|-damage|p1a: Chandelure|96\/261
|-damage|p2a: Crobat|320\/374|[from] recoil|[of] p1a: Chandelure
|
|-damage|p1a: Chandelure|64\/261|[from] item: Black Sludge
|turn|13
|c|âGeathDrips|o
|c| Bob the Bro|nb lol
|
|switch|p1a: Ampharos|Ampharos-Mega, F|335\/384
|-ability|p1a: Ampharos|Mold Breaker
|move|p2a: Crobat|Brave Bird|p1a: Ampharos
|-resisted|p1a: Ampharos
|-damage|p1a: Ampharos|263\/384
|-damage|p2a: Crobat|296\/374|[from] recoil|[of] p1a: Ampharos
|
|turn|14
|
|switch|p2a: Aromatisse|Aromatisse, F|406\/406
|move|p1a: Ampharos|Dragon Pulse|p2a: Aromatisse
|-immune|p2a: Aromatisse|[msg]
|
|turn|15
|
|move|p1a: Ampharos|Volt Switch|p2a: Aromatisse
|-damage|p2a: Aromatisse|219\/406
|
|switch|p1a: Crobat|Crobat, M|325\/325
|move|p2a: Aromatisse|Wish|p2a: Aromatisse
|
|-heal|p2a: Aromatisse|244\/406|[from] item: Leftovers
|turn|16
|
|switch|p2a: Arcanine|Arcanine, F|231\/383
|-ability|p2a: Arcanine|Intimidate|[of] p1a: Crobat
|-unboost|p1a: Crobat|atk|1
|move|p1a: Crobat|U-turn|p2a: Arcanine
|-resisted|p2a: Arcanine
|-damage|p2a: Arcanine|214\/383
|-damage|p1a: Crobat|271\/325|[from] item: Rocky Helmet|[of] p2a: Arcanine
|
|switch|p1a: Krookodile|Krookodile, F|148\/331
|-ability|p1a: Krookodile|Intimidate|[of] p2a: Arcanine
|-unboost|p2a: Arcanine|atk|1
|
|-heal|p2a: Arcanine|383\/383|[from] move: Wish|[wisher] Aromatisse
|turn|17
|
|move|p1a: Krookodile|Stealth Rock|p2a: Arcanine
|-sidestart|p2: RowDog|move: Stealth Rock
|move|p2a: Arcanine|Will-O-Wisp|p1a: Krookodile
|-status|p1a: Krookodile|brn
|
|-damage|p1a: Krookodile|107\/331 brn|[from] brn
|turn|18
|
|switch|p1a: Ampharos|Ampharos-Mega, F|263\/384
|-ability|p1a: Ampharos|Mold Breaker
|switch|p2a: Aromatisse|Aromatisse, F|244\/406
|-damage|p2a: Aromatisse|194\/406|[from] Stealth Rock
|
|-heal|p2a: Aromatisse|219\/406|[from] item: Leftovers
|turn|19
|
|move|p2a: Aromatisse|Protect|p2a: Aromatisse
|-singleturn|p2a: Aromatisse|Protect
|move|p1a: Ampharos|Thunderbolt|p2a: Aromatisse
|-activate|p2a: Aromatisse|Protect
|
|-heal|p2a: Aromatisse|244\/406|[from] item: Leftovers
|turn|20
|
|move|p1a: Ampharos|Volt Switch|p2a: Aromatisse
|-damage|p2a: Aromatisse|57\/406
|
|switch|p1a: Florges|Florges, F|360\/360
|move|p2a: Aromatisse|Wish|p2a: Aromatisse
|
|-heal|p2a: Aromatisse|82\/406|[from] item: Leftovers
|turn|21
|
|move|p2a: Aromatisse|Protect|p2a: Aromatisse
|-singleturn|p2a: Aromatisse|Protect
|move|p1a: Florges|Aromatherapy|p1a: Florges
|-cureteam|p1a: Florges|[from] move: Aromatherapy
|
|-heal|p2a: Aromatisse|285\/406|[from] move: Wish|[wisher] Aromatisse
|-heal|p2a: Aromatisse|310\/406|[from] item: Leftovers
|turn|22
|
|move|p1a: Florges|Wish|p1a: Florges
|move|p2a: Aromatisse|Wish|p2a: Aromatisse
|
|-heal|p2a: Aromatisse|335\/406|[from] item: Leftovers
|turn|23
|
|switch|p1a: Chandelure|Chandelure, M|64\/261
|move|p2a: Aromatisse|Moonblast|p1a: Chandelure
|-resisted|p1a: Chandelure
|-damage|p1a: Chandelure|7\/261
|-unboost|p1a: Chandelure|spa|1
|
|-heal|p2a: Aromatisse|406\/406|[from] move: Wish|[wisher] Aromatisse
|-heal|p1a: Chandelure|187\/261|[from] move: Wish|[wisher] Florges
|-damage|p1a: Chandelure|155\/261|[from] item: Black Sludge
|turn|24
|
|switch|p2a: Crobat|Crobat, F|296\/374
|-damage|p2a: Crobat|203\/374|[from] Stealth Rock
|move|p1a: Chandelure|Trick|p2a: Crobat
|-activate|p1a: Chandelure|move: Trick|[of] p2a: Crobat
|-item|p2a: Crobat|Black Sludge|[from] move: Trick
|-item|p1a: Chandelure|Choice Scarf|[from] move: Trick
|
|-heal|p2a: Crobat|226\/374|[from] item: Black Sludge
|turn|25
|
|move|p1a: Chandelure|Trick|p2a: Crobat
|-activate|p1a: Chandelure|move: Trick|[of] p2a: Crobat
|-item|p2a: Crobat|Choice Scarf|[from] move: Trick
|-item|p1a: Chandelure|Black Sludge|[from] move: Trick
|move|p2a: Crobat|Defog|p1a: Chandelure
|-unboost|p1a: Chandelure|evasion|1
|-sideend|p2: RowDog|Stealth Rock|[from] move: Defog|[of] p2a: Crobat
|
|-damage|p1a: Chandelure|123\/261|[from] item: Black Sludge
|turn|26
|
|switch|p1a: Ampharos|Ampharos-Mega, F|263\/384
|-ability|p1a: Ampharos|Mold Breaker
|move|p2a: Crobat|Defog|p1a: Ampharos
|-unboost|p1a: Ampharos|evasion|1
|
|turn|27
|
|switch|p2a: Gastrodon|Gastrodon, F|380\/426
|move|p1a: Ampharos|Dragon Pulse|p2a: Gastrodon
|-damage|p2a: Gastrodon|200\/426
|
|-heal|p2a: Gastrodon|226\/426|[from] item: Leftovers
|turn|28
|
|move|p1a: Ampharos|Dragon Pulse|p2a: Gastrodon
|-damage|p2a: Gastrodon|36\/426
|move|p2a: Gastrodon|Recover|p2a: Gastrodon
|-heal|p2a: Gastrodon|249\/426
|
|-heal|p2a: Gastrodon|275\/426|[from] item: Leftovers
|turn|29
|
|switch|p1a: Florges|Florges, F|360\/360
|move|p2a: Gastrodon|Recover|p2a: Gastrodon
|-heal|p2a: Gastrodon|426\/426
|
|turn|30
|
|move|p1a: Florges|Wish|p1a: Florges
|move|p2a: Gastrodon|Curse|p2a: Gastrodon
|-boost|p2a: Gastrodon|atk|1
|-boost|p2a: Gastrodon|def|1
|-unboost|p2a: Gastrodon|spe|1
|
|turn|31
|
|switch|p1a: Krookodile|Krookodile, F|107\/331
|-ability|p1a: Krookodile|Intimidate|[of] p2a: Gastrodon
|-unboost|p2a: Gastrodon|atk|1
|move|p2a: Gastrodon|Scald|p1a: Krookodile
|-supereffective|p1a: Krookodile
|-damage|p1a: Krookodile|0 fnt
|faint|p1a: Krookodile
|
|
|switch|p1a: Chandelure|Chandelure, M|123\/261
|turn|32
|
|switch|p2a: Crobat|Crobat, F|226\/374
|move|p1a: Chandelure|Fire Blast|p2a: Crobat
|-damage|p2a: Crobat|0 fnt
|faint|p2a: Crobat
|
|-damage|p1a: Chandelure|91\/261|[from] item: Black Sludge
|
|switch|p2a: Aromatisse|Aromatisse, F|406\/406
|turn|33
|
|move|p2a: Aromatisse|Protect|p2a: Aromatisse
|-singleturn|p2a: Aromatisse|Protect
|move|p1a: Chandelure|Trick|p2a: Aromatisse
|-activate|p2a: Aromatisse|Protect
|
|-damage|p1a: Chandelure|59\/261|[from] item: Black Sludge
|turn|34
|
|move|p1a: Chandelure|Trick|p2a: Aromatisse
|-activate|p1a: Chandelure|move: Trick|[of] p2a: Aromatisse
|-item|p2a: Aromatisse|Black Sludge|[from] move: Trick
|-item|p1a: Chandelure|Leftovers|[from] move: Trick
|move|p2a: Aromatisse|Moonblast|p1a: Chandelure
|-resisted|p1a: Chandelure
|-damage|p1a: Chandelure|2\/261
|
|-heal|p1a: Chandelure|18\/261|[from] item: Leftovers
|-damage|p2a: Aromatisse|356\/406|[from] item: Black Sludge
|turn|35
|c| Bob the Bro|oof
|c|âRowDog|cmon
|
|switch|p1a: Crobat|Crobat, M|271\/325
|move|p2a: Aromatisse|Wish|p2a: Aromatisse
|
|-heal|p1a: Crobat|291\/325|[from] item: Black Sludge
|-damage|p2a: Aromatisse|306\/406|[from] item: Black Sludge
|turn|36
|c|+ANGER MANAGEMENT|florges
|c|+ANGER MANAGEMENT|would have killed
|c|+ANGER MANAGEMENT|!!!
|
|switch|p2a: Blissey|Blissey, F|344\/714
|move|p1a: Crobat|U-turn|p2a: Blissey
|-damage|p2a: Blissey|231\/714
|c| Bob the Bro|florges isnt a pink bird
|
|switch|p1a: Florges|Florges, F|360\/360
|
|-heal|p2a: Blissey|434\/714|[from] move: Wish|[wisher] Aromatisse
|-heal|p2a: Blissey|478\/714|[from] item: Leftovers
|turn|37
|c| Bob the Bro|therefore its inferior
|c|âRowDog|Florges is more Physically squishy
|
|move|p1a: Florges|Wish|p1a: Florges
|move|p2a: Blissey|Stealth Rock|p1a: Florges
|-sidestart|p1: GeathDrips|move: Stealth Rock
|
|-heal|p2a: Blissey|522\/714|[from] item: Leftovers
|turn|38
|
|switch|p1a: Porygon-Z|Porygon-Z|146\/311
|-damage|p1a: Porygon-Z|108\/311|[from] Stealth Rock
|move|p2a: Blissey|Seismic Toss|p1a: Porygon-Z
|-damage|p1a: Porygon-Z|8\/311
|
|-heal|p1a: Porygon-Z|188\/311|[from] move: Wish|[wisher] Florges
|-heal|p2a: Blissey|566\/714|[from] item: Leftovers
|turn|39
|
|switch|p2a: Arcanine|Arcanine, F|383\/383
|-ability|p2a: Arcanine|Intimidate|[of] p1a: Porygon-Z
|-unboost|p1a: Porygon-Z|atk|1
|move|p1a: Porygon-Z|Trick|p2a: Arcanine
|-activate|p1a: Porygon-Z|move: Trick|[of] p2a: Arcanine
|-item|p2a: Arcanine|Choice Band|[from] move: Trick
|-item|p1a: Porygon-Z|Rocky Helmet|[from] move: Trick
|
|turn|40
|c|+ANGER MANAGEMENT|hmm
|c|+ANGER MANAGEMENT|that might actually be helpful
|c|âRowDog|hmm indead
|c|âRowDog|ik
|c|âGeathDrips|yeah i regret that
|
|switch|p1a: Ampharos|Ampharos-Mega, F|263\/384
|-damage|p1a: Ampharos|215\/384|[from] Stealth Rock
|-ability|p1a: Ampharos|Mold Breaker
|move|p2a: Arcanine|Flare Blitz|p1a: Ampharos
|-resisted|p1a: Ampharos
|-damage|p1a: Ampharos|112\/384
|-damage|p2a: Arcanine|349\/383|[from] recoil|[of] p1a: Ampharos
|
|turn|41
|
|switch|p2a: Gastrodon|Gastrodon, F|426\/426
|move|p1a: Ampharos|Volt Switch|p2a: Gastrodon
|-immune|p2a: Gastrodon|[msg]
|
|turn|42
|
|switch|p1a: Crobat|Crobat, M|291\/325
|-damage|p1a: Crobat|210\/325|[from] Stealth Rock
|move|p2a: Gastrodon|Earthquake|p1a: Crobat
|-immune|p1a: Crobat|[msg]
|
|-heal|p1a: Crobat|230\/325|[from] item: Black Sludge
|turn|43
|
|move|p1a: Crobat|Defog|p2a: Gastrodon
|-unboost|p2a: Gastrodon|evasion|1
|-sideend|p1: GeathDrips|Stealth Rock|[from] move: Defog|[of] p1a: Crobat
|move|p2a: Gastrodon|Scald|p1a: Crobat
|-damage|p1a: Crobat|121\/325
|-status|p1a: Crobat|brn
|
|-heal|p1a: Crobat|141\/325 brn|[from] item: Black Sludge
|-damage|p1a: Crobat|101\/325 brn|[from] brn
|turn|44
|
|move|p1a: Crobat|Roost|p1a: Crobat
|-heal|p1a: Crobat|264\/325 brn
|move|p2a: Gastrodon|Earthquake|p1a: Crobat
|-supereffective|p1a: Crobat
|-damage|p1a: Crobat|6\/325 brn
|
|-heal|p1a: Crobat|26\/325 brn|[from] item: Black Sludge
|-damage|p1a: Crobat|0 fnt|[from] brn
|faint|p1a: Crobat
|
|switch|p1a: Chandelure|Chandelure, M|18\/261
|turn|45
|c| Bob the Bro|nb
|
|switch|p2a: Blissey|Blissey, F|566\/714
|move|p1a: Chandelure|Energy Ball|p2a: Blissey
|-damage|p2a: Blissey|468\/714
|
|-heal|p1a: Chandelure|34\/261|[from] item: Leftovers
|-heal|p2a: Blissey|512\/714|[from] item: Leftovers
|turn|46
|
|move|p1a: Chandelure|Energy Ball|p2a: Blissey
|-damage|p2a: Blissey|417\/714
|move|p2a: Blissey|Stealth Rock|p1a: Chandelure
|-sidestart|p1: GeathDrips|move: Stealth Rock
|
|-heal|p1a: Chandelure|50\/261|[from] item: Leftovers
|-heal|p2a: Blissey|461\/714|[from] item: Leftovers
|turn|47
|
|move|p1a: Chandelure|Energy Ball|p2a: Blissey
|-damage|p2a: Blissey|378\/714
|move|p2a: Blissey|Wish|p2a: Blissey
|
|-heal|p1a: Chandelure|66\/261|[from] item: Leftovers
|-heal|p2a: Blissey|422\/714|[from] item: Leftovers
|turn|48
|
|switch|p2a: Aromatisse|Aromatisse, F|306\/406
|move|p1a: Chandelure|Fire Blast|p2a: Aromatisse
|-crit|p2a: Aromatisse
|-damage|p2a: Aromatisse|0 fnt
|faint|p2a: Aromatisse
|
|-heal|p1a: Chandelure|82\/261|[from] item: Leftovers
|
|switch|p2a: Blissey|Blissey, F|422\/714
|turn|49
|c|âRowDog|crit matter then?
|
|move|p1a: Chandelure|Energy Ball|p2a: Blissey
|-damage|p2a: Blissey|331\/714
|move|p2a: Blissey|Soft-Boiled|p2a: Blissey
|-heal|p2a: Blissey|688\/714
|
|-heal|p1a: Chandelure|98\/261|[from] item: Leftovers
|-heal|p2a: Blissey|714\/714|[from] item: Leftovers
|turn|50
|c|+ANGER MANAGEMENT|yes
|c| Bob the Bro|y
|c|âRowDog|grr
|
|move|p1a: Chandelure|Energy Ball|p2a: Blissey
|-damage|p2a: Blissey|616\/714
|move|p2a: Blissey|Wish|p2a: Blissey
|
|-heal|p1a: Chandelure|114\/261|[from] item: Leftovers
|-heal|p2a: Blissey|660\/714|[from] item: Leftovers
|turn|51
|c|âGeathDrips|:l
|
|move|p1a: Chandelure|Shadow Ball|p2a: Blissey
|-immune|p2a: Blissey|[msg]
|move|p2a: Blissey|Seismic Toss|p1a: Chandelure
|-immune|p1a: Chandelure|[msg]
|
|-heal|p2a: Blissey|714\/714|[from] move: Wish|[wisher] Blissey
|-heal|p1a: Chandelure|130\/261|[from] item: Leftovers
|turn|52
|
|move|p1a: Chandelure|Shadow Ball|p2a: Blissey
|-immune|p2a: Blissey|[msg]
|move|p2a: Blissey|Stealth Rock|p1a: Chandelure
|-fail|p1a: Chandelure
|
|-heal|p1a: Chandelure|146\/261|[from] item: Leftovers
|turn|53
|
|move|p1a: Chandelure|Shadow Ball|p2a: Blissey
|-immune|p2a: Blissey|[msg]
|move|p2a: Blissey|Stealth Rock|p1a: Chandelure
|-fail|p1a: Chandelure
|
|-heal|p1a: Chandelure|162\/261|[from] item: Leftovers
|turn|54
|
|move|p1a: Chandelure|Shadow Ball|p2a: Blissey
|-immune|p2a: Blissey|[msg]
|move|p2a: Blissey|Seismic Toss|p1a: Chandelure
|-immune|p1a: Chandelure|[msg]
|
|-heal|p1a: Chandelure|178\/261|[from] item: Leftovers
|turn|55
|c| Bob the Bro|can gastro live?
|
|move|p1a: Chandelure|Shadow Ball|p2a: Blissey
|-immune|p2a: Blissey|[msg]
|move|p2a: Blissey|Stealth Rock|p1a: Chandelure
|-fail|p1a: Chandelure
|
|-heal|p1a: Chandelure|194\/261|[from] item: Leftovers
|turn|56
|c|âRowDog|maybe one
|c|âRowDog|but I need it
|
|move|p1a: Chandelure|Fire Blast|p2a: Blissey
|-damage|p2a: Blissey|548\/714
|move|p2a: Blissey|Stealth Rock|p1a: Chandelure
|-fail|p1a: Chandelure
|
|-heal|p1a: Chandelure|210\/261|[from] item: Leftovers
|-heal|p2a: Blissey|592\/714|[from] item: Leftovers
|turn|57
|
|move|p1a: Chandelure|Fire Blast|p2a: Blissey
|-damage|p2a: Blissey|441\/714
|move|p2a: Blissey|Stealth Rock|p1a: Chandelure
|-fail|p1a: Chandelure
|
|-heal|p1a: Chandelure|226\/261|[from] item: Leftovers
|-heal|p2a: Blissey|485\/714|[from] item: Leftovers
|turn|58
|
|move|p1a: Chandelure|Shadow Ball|p2a: Blissey
|-immune|p2a: Blissey|[msg]
|move|p2a: Blissey|Wish|p2a: Blissey
|
|-heal|p1a: Chandelure|242\/261|[from] item: Leftovers
|-heal|p2a: Blissey|529\/714|[from] item: Leftovers
|turn|59
|c| Bob the Bro|chandy dont have much pp tbh
|c| Bob the Bro|8+24+16
|
|move|p1a: Chandelure|Trick|p2a: Blissey
|-activate|p1a: Chandelure|move: Trick|[of] p2a: Blissey
|-item|p2a: Blissey|Leftovers|[from] move: Trick
|-item|p1a: Chandelure|Leftovers|[from] move: Trick
|move|p2a: Blissey|Seismic Toss|p1a: Chandelure
|-immune|p1a: Chandelure|[msg]
|
|-heal|p2a: Blissey|714\/714|[from] move: Wish|[wisher] Blissey
|-heal|p1a: Chandelure|258\/261|[from] item: Leftovers
|turn|60
|c|âRowDog|ik
|
|move|p1a: Chandelure|Trick|p2a: Blissey
|-activate|p1a: Chandelure|move: Trick|[of] p2a: Blissey
|-item|p2a: Blissey|Leftovers|[from] move: Trick
|-item|p1a: Chandelure|Leftovers|[from] move: Trick
|move|p2a: Blissey|Stealth Rock|p1a: Chandelure
|-fail|p1a: Chandelure
|
|-heal|p1a: Chandelure|261\/261|[from] item: Leftovers
|turn|61
|c|+ANGER MANAGEMENT|blissey outstalls easy
|c|âRowDog|that is the plan stan
|c| Bob the Bro|dt trick
|c|+ANGER MANAGEMENT|!dt trick
|c|~|\/data-move Trick
|raw|<font size="1"><font color=#585858>Priority:<\/font> 0&nbsp;|&ThickSpace;<font color=#585858>Target:<\/font> Adjacent Pokemon<\/font>
|c|âGeathDrips|i just wanted hp
|
|switch|p1a: Florges|Florges, F|360\/360
|-damage|p1a: Florges|315\/360|[from] Stealth Rock
|move|p2a: Blissey|Wish|p2a: Blissey
|
|-heal|p1a: Florges|337\/360|[from] item: Leftovers
|turn|62
|
|switch|p2a: Gastrodon|Gastrodon, F|426\/426
|move|p1a: Florges|Wish|p1a: Florges
|
|-heal|p1a: Florges|359\/360|[from] item: Leftovers
|turn|63
|
|switch|p1a: Porygon-Z|Porygon-Z|188\/311
|-damage|p1a: Porygon-Z|150\/311|[from] Stealth Rock
|move|p2a: Gastrodon|Earthquake|p1a: Porygon-Z
|-damage|p1a: Porygon-Z|24\/311
|
|-heal|p1a: Porygon-Z|204\/311|[from] move: Wish|[wisher] Florges
|turn|64
|join|icicle pl8 donphan
|
|switch|p2a: Arcanine|Arcanine, F|349\/383
|-ability|p2a: Arcanine|Intimidate|[of] p1a: Porygon-Z
|-unboost|p1a: Porygon-Z|atk|1
|move|p1a: Porygon-Z|Return|p2a: Arcanine
|-damage|p2a: Arcanine|239\/383
|
|turn|65
|c|+ANGER MANAGEMENT|pert would have killed
|c|+ANGER MANAGEMENT|!!!
|
|switch|p1a: Chandelure|Chandelure, M|261\/261
|-damage|p1a: Chandelure|196\/261|[from] Stealth Rock
|move|p2a: Arcanine|Morning Sun|p2a: Arcanine
|-heal|p2a: Arcanine|383\/383
|
|-heal|p1a: Chandelure|212\/261|[from] item: Leftovers
|turn|66
|
|switch|p2a: Blissey|Blissey, F|714\/714
|move|p1a: Chandelure|Shadow Ball|p2a: Blissey
|-immune|p2a: Blissey|[msg]
|
|-heal|p1a: Chandelure|228\/261|[from] item: Leftovers
|turn|67
|
|move|p1a: Chandelure|Trick|p2a: Blissey
|-activate|p1a: Chandelure|move: Trick|[of] p2a: Blissey
|-item|p2a: Blissey|Leftovers|[from] move: Trick
|-item|p1a: Chandelure|Leftovers|[from] move: Trick
|move|p2a: Blissey|Seismic Toss|p1a: Chandelure
|-immune|p1a: Chandelure|[msg]
|
|-heal|p1a: Chandelure|244\/261|[from] item: Leftovers
|turn|68
|c|âRowDog|!data trick
|c|~|\/data-move Trick

|c|âRowDog|k
|
|move|p1a: Chandelure|Trick|p2a: Blissey
|-activate|p1a: Chandelure|move: Trick|[of] p2a: Blissey
|-item|p2a: Blissey|Leftovers|[from] move: Trick
|-item|p1a: Chandelure|Leftovers|[from] move: Trick
|move|p2a: Blissey|Stealth Rock|p1a: Chandelure
|-fail|p1a: Chandelure
|
|-heal|p1a: Chandelure|260\/261|[from] item: Leftovers
|turn|69
|c|âRowDog|only 16
|c| icicle pl8 donphan|y no toxic
|c|âRowDog|because maybe i donât have toxic punk
|
|move|p1a: Chandelure|Shadow Ball|p2a: Blissey
|-immune|p2a: Blissey|[msg]
|move|p2a: Blissey|Stealth Rock|p1a: Chandelure
|-fail|p1a: Chandelure
|
|-heal|p1a: Chandelure|261\/261|[from] item: Leftovers
|turn|70
|
|move|p1a: Chandelure|Fire Blast|p2a: Blissey
|-damage|p2a: Blissey|557\/714
|move|p2a: Blissey|Seismic Toss|p1a: Chandelure
|-immune|p1a: Chandelure|[msg]
|
|-heal|p2a: Blissey|601\/714|[from] item: Leftovers
|turn|71
|
|switch|p1a: Florges|Florges, F|359\/360
|-damage|p1a: Florges|314\/360|[from] Stealth Rock
|move|p2a: Blissey|Seismic Toss|p1a: Florges
|-damage|p1a: Florges|214\/360
|
|-heal|p1a: Florges|236\/360|[from] item: Leftovers
|-heal|p2a: Blissey|645\/714|[from] item: Leftovers
|turn|72
|c| icicle pl8 donphan|just go into gastro
|join|Lixx
|c| icicle pl8 donphan|set up
|c| icicle pl8 donphan|win
|c|âRowDog|herp derp Energy Ball
|
|switch|p2a: Gastrodon|Gastrodon, F|426\/426
|move|p1a: Florges|Wish|p1a: Florges
|
|-heal|p1a: Florges|258\/360|[from] item: Leftovers
|turn|73
|c| icicle pl8 donphan|o
|
|switch|p1a: Ampharos|Ampharos-Mega, F|112\/384
|-damage|p1a: Ampharos|64\/384|[from] Stealth Rock
|-ability|p1a: Ampharos|Mold Breaker
|move|p2a: Gastrodon|Earthquake|p1a: Ampharos
|-supereffective|p1a: Ampharos
|-damage|p1a: Ampharos|0 fnt
|faint|p1a: Ampharos
|
|c| icicle pl8 donphan|i didnt see that from before
|
|switch|p1a: Florges|Florges, F|258\/360
|-damage|p1a: Florges|213\/360|[from] Stealth Rock
|turn|74
|
|move|p1a: Florges|Wish|p1a: Florges
|move|p2a: Gastrodon|Curse|p2a: Gastrodon
|-boost|p2a: Gastrodon|atk|1
|-boost|p2a: Gastrodon|def|1
|-unboost|p2a: Gastrodon|spe|1
|
|-heal|p1a: Florges|235\/360|[from] item: Leftovers
|turn|75
|
|move|p1a: Florges|Moonblast|p2a: Gastrodon
|-damage|p2a: Gastrodon|303\/426
|move|p2a: Gastrodon|Earthquake|p1a: Florges
|-damage|p1a: Florges|90\/360
|
|-heal|p1a: Florges|270\/360|[from] move: Wish|[wisher] Florges
|-heal|p1a: Florges|292\/360|[from] item: Leftovers
|-heal|p2a: Gastrodon|329\/426|[from] item: Leftovers
|turn|76
|
|switch|p1a: Chandelure|Chandelure, M|261\/261
|-damage|p1a: Chandelure|196\/261|[from] Stealth Rock
|move|p2a: Gastrodon|Earthquake|p1a: Chandelure
|-supereffective|p1a: Chandelure
|-damage|p1a: Chandelure|0 fnt
|faint|p1a: Chandelure
|
|-heal|p2a: Gastrodon|355\/426|[from] item: Leftovers
|
|switch|p1a: Porygon-Z|Porygon-Z|204\/311
|-damage|p1a: Porygon-Z|166\/311|[from] Stealth Rock
|turn|77
|c|âRowDog|kek
|c| icicle pl8 donphan|gg
|c| Bob the Bro|kek
|c|âRowDog|gg
|c|âGeathDrips|gg
|
|move|p1a: Porygon-Z|Double-Edge|p2a: Gastrodon
|-crit|p2a: Gastrodon
|-damage|p2a: Gastrodon|0 fnt
|-damage|p1a: Porygon-Z|49\/311|[from] recoil|[of] p2a: Gastrodon
|faint|p2a: Gastrodon
|
|join|Bleve
|c|+ANGER MANAGEMENT|lol
|c|âGeathDrips|or'
|c| Bob the Bro|lol
|c|âRowDog|lol
|c|âGeathDrips|lol
|c| icicle pl8 donphan|ez
|
|switch|p2a: Arcanine|Arcanine, F|383\/383
|-ability|p2a: Arcanine|Intimidate|[of] p1a: Porygon-Z
|-unboost|p1a: Porygon-Z|atk|1
|turn|78
|c|âRowDog|no
|c| icicle pl8 donphan|crit
|c|+ANGER MANAGEMENT|the plot twist
|join|Dad's Dad
|join|lt4c praj.pran
|
|switch|p1a: Florges|Florges, F|292\/360
|-damage|p1a: Florges|247\/360|[from] Stealth Rock
|move|p2a: Arcanine|Flare Blitz|p1a: Florges
|-damage|p1a: Florges|52\/360
|-damage|p2a: Arcanine|319\/383|[from] recoil|[of] p1a: Florges
|
|-heal|p1a: Florges|74\/360|[from] item: Leftovers
|turn|79
|c| Bob the Bro|reveal the giga impact 
|c|+ANGER MANAGEMENT|this is where
|
|move|p2a: Arcanine|Flare Blitz|p1a: Florges
|-damage|p1a: Florges|0 fnt
|-damage|p2a: Arcanine|295\/383|[from] recoil|[of] p1a: Florges
|faint|p1a: Florges
|
|c|+ANGER MANAGEMENT|the cb
|
|switch|p1a: Porygon-Z|Porygon-Z|49\/311
|-damage|p1a: Porygon-Z|11\/311|[from] Stealth Rock
|turn|80
|c|+ANGER MANAGEMENT|comes in handy
|
|switch|p2a: Blissey|Blissey, F|645\/714
|move|p1a: Porygon-Z|Return|p2a: Blissey
|-damage|p2a: Blissey|271\/714
|
|-heal|p2a: Blissey|315\/714|[from] item: Leftovers
|turn|81
|
|move|p1a: Porygon-Z|Return|p2a: Blissey
|-damage|p2a: Blissey|0 fnt
|faint|p2a: Blissey
|
|
|switch|p2a: Arcanine|Arcanine, F|295\/383
|-ability|p2a: Arcanine|Intimidate|[of] p1a: Porygon-Z
|-unboost|p1a: Porygon-Z|atk|1
|turn|82
|c|âRowDog|gg
|
|move|p2a: Arcanine|Extreme Speed|p1a: Porygon-Z
|-damage|p1a: Porygon-Z|0 fnt
|-damage|p2a: Arcanine|232\/383|[from] item: Rocky Helmet|[of] p1a: Porygon-Z
|faint|p1a: Porygon-Z
|
|win|RowDog
|raw|Ladder updating...
|raw|GeathDrips's rating: 1555 &rarr; <strong>1535<\/strong><br \/>(-20 for losing)
|raw|RowDog's rating: 1559 &rarr; <strong>1579<\/strong><br \/>(+20 for winning)
|c|âGeathDrips|gg
|leave|bleve
|leave|ANGER MANAGEMENT
|leave|GeathDrips
|player|p1