|join|RowDog
|join|Xarniax
|player|p1|RowDog|265
|player|p2|Xarniax|267
|gametype|singles
|gen|6
|tier|UU
|rated
|rule|Sleep Clause Mod: Limit one foe put to sleep
|rule|Species Clause: Limit one of each PokÃ©mon
|rule|OHKO Clause: OHKO moves are banned
|rule|Moody Clause: Moody is banned
|rule|Evasion Moves Clause: Evasion moves are banned
|rule|Endless Battle Clause: Forcing endless battles is banned
|rule|HP Percentage Mod: HP is shown in percentages
|clearpoke
|poke|p1|Audino, M
|poke|p1|Suicune
|poke|p1|Weezing, F
|poke|p1|Forretress, M
|poke|p1|Vaporeon, M
|poke|p1|Dugtrio, F
|poke|p2|Raikou
|poke|p2|Flygon, F
|poke|p2|Escavalier, F, shiny
|poke|p2|Sharpedo, M
|poke|p2|Delphox, M, shiny
|poke|p2|Musharna, F, shiny
|rule|Swagger Clause: Swagger is banned
|rule|Baton Pass Clause: Limit one PokÃ©mon knowing Baton Pass
|teampreview
|
|start
|switch|p1a: Weezing|Weezing, F|334\/334
|switch|p2a: Manny|Raikou|321\/321
|-ability|p2a: Manny|Pressure
|turn|1
|
|move|p2a: Manny|Volt Switch|p1a: Weezing
|-damage|p1a: Weezing|105\/334
|
|switch|p2a: Soul Eater|Musharna, F, shiny|436\/436
|move|p1a: Weezing|Toxic Spikes|p2a: Soul Eater
|-sidestart|p2: Xarniax|move: Toxic Spikes
|
|-heal|p1a: Weezing|125\/334|[from] item: Black Sludge
|turn|2
|
|switch|p1a: Forretress|Forretress, M|354\/354
|move|p2a: Soul Eater|Barrier|p2a: Soul Eater
|-boost|p2a: Soul Eater|def|2
|
|turn|3
|
|switch|p2a: Derp|Flygon, F|301\/301
|move|p1a: Forretress|Volt Switch|p2a: Derp
|-immune|p2a: Derp|[msg]
|
|turn|4
|
|move|p2a: Derp|Defog|p1a: Forretress
|-unboost|p1a: Forretress|evasion|1
|-sideend|p2: Xarniax|Toxic Spikes|[from] move: Defog|[of] p2a: Derp
|move|p1a: Forretress|Stealth Rock|p2a: Derp
|-sidestart|p2: Xarniax|move: Stealth Rock
|
|turn|5
|
|move|p2a: Derp|Defog|p1a: Forretress
|-unboost|p1a: Forretress|evasion|1
|-sideend|p2: Xarniax|Stealth Rock|[from] move: Defog|[of] p2a: Derp
|move|p1a: Forretress|Spikes|p2a: Derp
|-sidestart|p2: Xarniax|Spikes
|
|turn|6
|
|switch|p2a: Foxxxy|Delphox, M, shiny|302\/302
|-damage|p2a: Foxxxy|265\/302|[from] Spikes
|move|p1a: Forretress|Stealth Rock|p2a: Foxxxy
|-sidestart|p2: Xarniax|move: Stealth Rock
|
|turn|7
|
|switch|p1a: Vaporeon|Vaporeon, M|464\/464
|move|p2a: Foxxxy|Solar Beam|p1a: Vaporeon|[still]
|-prepare|p2a: Foxxxy|Solar Beam|p1a: Vaporeon
|-enditem|p2a: Foxxxy|Power Herb
|-anim|p2a: Foxxxy|Solar Beam|p1a: Vaporeon
|-supereffective|p1a: Vaporeon
|-damage|p1a: Vaporeon|290\/464
|-item|p2a: Foxxxy|Leftovers|[from] ability: Magician|[of] p1a: Vaporeon
|
|-heal|p2a: Foxxxy|283\/302|[from] item: Leftovers
|turn|8
|
|switch|p2a: Soul Eater|Musharna, F, shiny|436\/436
|-damage|p2a: Soul Eater|382\/436|[from] Stealth Rock
|-damage|p2a: Soul Eater|328\/436|[from] Spikes
|move|p1a: Vaporeon|Baton Pass|p1a: Vaporeon
|
|switch|p1a: Suicune|Suicune|402\/402
|-ability|p1a: Suicune|Pressure
|
|-heal|p2a: Soul Eater|355\/436|[from] item: Leftovers
|turn|9
|
|switch|p2a: Manny|Raikou|321\/321
|-damage|p2a: Manny|281\/321|[from] Spikes
|-damage|p2a: Manny|241\/321|[from] Stealth Rock
|-ability|p2a: Manny|Pressure
|move|p1a: Suicune|Scald|p2a: Manny
|-damage|p2a: Manny|159\/321
|
|turn|10
|
|switch|p1a: Audino|Audino, M|409\/409
|move|p2a: Manny|Hidden Power|p1a: Audino
|-damage|p1a: Audino|302\/409
|
|turn|11
|
|switch|p2a: Drill Da Pussy|Escavalier, F, shiny|343\/343
|-damage|p2a: Drill Da Pussy|301\/343|[from] Stealth Rock
|-damage|p2a: Drill Da Pussy|259\/343|[from] Spikes
|switch|p1a: Vaporeon|Vaporeon, M|290\/464
|
|turn|12
|
|switch|p2a: Derp|Flygon, F|301\/301
|-damage|p2a: Derp|283\/301|[from] Stealth Rock
|move|p1a: Vaporeon|Baton Pass|p1a: Vaporeon
|
|switch|p1a: Suicune|Suicune|402\/402
|-ability|p1a: Suicune|Pressure
|
|turn|13
|
|move|p2a: Derp|Defog|p1a: Suicune
|-unboost|p1a: Suicune|evasion|1
|-sideend|p2: Xarniax|Spikes|[from] move: Defog|[of] p2a: Derp
|-sideend|p2: Xarniax|Stealth Rock|[from] move: Defog|[of] p2a: Derp
|move|p1a: Suicune|Scald|p2a: Derp
|-damage|p2a: Derp|181\/301
|
|turn|14
|
|switch|p2a: Soul Eater|Musharna, F, shiny|355\/436
|move|p1a: Suicune|Scald|p2a: Soul Eater
|-damage|p2a: Soul Eater|283\/436
|-status|p2a: Soul Eater|brn
|-status|p1a: Suicune|brn
|
|-heal|p2a: Soul Eater|310\/436 brn|[from] item: Leftovers
|-damage|p1a: Suicune|352\/402 brn|[from] brn
|-damage|p2a: Soul Eater|256\/436 brn|[from] brn
|turn|15
|
|move|p1a: Suicune|Calm Mind|p1a: Suicune
|-boost|p1a: Suicune|spa|1
|-boost|p1a: Suicune|spd|1
|move|p2a: Soul Eater|Heal Bell|p2a: Soul Eater
|-cureteam|p2a: Soul Eater|[from] move: HealBell
|
|-heal|p1a: Suicune|377\/402 brn|[from] item: Leftovers
|-heal|p2a: Soul Eater|283\/436|[from] item: Leftovers
|-damage|p1a: Suicune|327\/402 brn|[from] brn
|turn|16
|
|switch|p2a: Manny|Raikou|159\/321
|-ability|p2a: Manny|Pressure
|move|p1a: Suicune|Scald|p2a: Manny
|-damage|p2a: Manny|41\/321
|-status|p2a: Manny|brn
|
|-heal|p1a: Suicune|352\/402 brn|[from] item: Leftovers
|-damage|p2a: Manny|1\/321 brn|[from] brn
|-damage|p1a: Suicune|302\/402 brn|[from] brn
|turn|17
|
|switch|p1a: Audino|Audino, M|409\/409
|move|p2a: Manny|Thunderbolt|p1a: Audino
|-damage|p1a: Audino|150\/409
|
|-damage|p2a: Manny|0 fnt|[from] brn
|faint|p2a: Manny
|
|switch|p2a: Sharpedo|Sharpedo, M|281\/281
|turn|18
|
|detailschange|p1a: Audino|Audino-Mega, M
|-mega|p1a: Audino|Audino|Audinite
|move|p2a: Sharpedo|Waterfall|p1a: Audino
|-damage|p1a: Audino|66\/409
|move|p1a: Audino|Rest|p1a: Audino
|-status|p1a: Audino|slp
|-heal|p1a: Audino|409\/409 slp|[silent]
|-status|p1a: Audino|slp|[from] move: Rest
|
|-boost|p2a: Sharpedo|spe|1|[from] ability: Speed Boost
|turn|19
|
|switch|p2a: Drill Da Pussy|Escavalier, F, shiny|259\/343
|cant|p1a: Audino|slp
|move|p1a: Audino|Sleep Talk|p1a: Audino
|move|p1a: Audino|Rest|p1a: Audino|[from]Sleep Talk
|-fail|p1a: Audino
|
|turn|20
|
|switch|p1a: Forretress|Forretress, M|354\/354
|move|p2a: Drill Da Pussy|Knock Off|p1a: Forretress
|-crit|p1a: Forretress
|-damage|p1a: Forretress|238\/354
|-enditem|p1a: Forretress|Leftovers|[from] move: Knock Off|[of] p2a: Drill Da Pussy
|
|turn|21
|
|switch|p2a: Foxxxy|Delphox, M, shiny|283\/302
|move|p1a: Forretress|Volt Switch|p2a: Foxxxy
|-damage|p2a: Foxxxy|249\/302
|
|switch|p1a: Dugtrio|Dugtrio, F|211\/211
|
|-heal|p2a: Foxxxy|267\/302|[from] item: Leftovers
|turn|22
|
|move|p1a: Dugtrio|Earthquake|p2a: Foxxxy
|-supereffective|p2a: Foxxxy
|-damage|p2a: Foxxxy|0 fnt
|faint|p2a: Foxxxy
|
|
|switch|p2a: Sharpedo|Sharpedo, M|281\/281
|turn|23
|
|move|p1a: Dugtrio|Earthquake|p2a: Sharpedo
|-damage|p2a: Sharpedo|0 fnt
|faint|p2a: Sharpedo
|
|-message|Xarniax forfeited.
|leave|Xarniax
|
|win|RowDog
|raw|Ladder updating...
|player|p2
|raw|RowDog's rating: 1428 &rarr; <strong>1435<\/strong><br \/>(+7 for winning)
|raw|Xarniax's rating: 1152 &rarr; <strong>1143<\/strong><br \/>(-9 for losing)