|join|RowDog
|join|pokemonisfun
|player|p1|RowDog|80
|player|p2|pokemonisfun|184
|gametype|singles
|gen|6
|tier|UU
|rated
|rule|Sleep Clause Mod: Limit one foe put to sleep
|rule|Species Clause: Limit one of each PokÃ©mon
|rule|OHKO Clause: OHKO moves are banned
|rule|Moody Clause: Moody is banned
|rule|Evasion Moves Clause: Evasion moves are banned
|rule|Endless Battle Clause: Forcing endless battles is banned
|rule|HP Percentage Mod: HP is shown in percentages
|clearpoke
|poke|p1|Tentacruel, F
|poke|p1|Chesnaught, F
|poke|p1|Aggron, M
|poke|p1|Florges, F
|poke|p1|Goodra, M
|poke|p1|Gastrodon, M
|poke|p2|Darmanitan, M
|poke|p2|Hydreigon, M
|poke|p2|Espeon, M
|poke|p2|Jirachi
|poke|p2|Zygarde
|poke|p2|Aerodactyl, F
|rule|Swagger Clause: Swagger is banned
|rule|Baton Pass Clause: Limit one PokÃ©mon knowing Baton Pass
|teampreview
|c|âRowDog|oh
|
|start
|switch|p1a: Goodra|Goodra, M|373\/373
|switch|p2a: Darmanitan|Darmanitan, M|351\/351
|turn|1
|
|move|p2a: Darmanitan|U-turn|p1a: Goodra
|-damage|p1a: Goodra|207\/373
|
|switch|p2a: Jirachi|Jirachi|404\/404
|move|p1a: Goodra|Earthquake|p2a: Jirachi
|-supereffective|p2a: Jirachi
|-damage|p2a: Jirachi|82\/404
|
|-heal|p2a: Jirachi|107\/404|[from] item: Leftovers
|turn|2
|
|switch|p2a: Hydreigon|Hydreigon, M|325\/325
|switch|p1a: Tentacruel|Tentacruel, F|363\/363
|
|turn|3
|
|switch|p1a: Florges|Florges, F|360\/360
|move|p2a: Hydreigon|U-turn|p1a: Florges
|-resisted|p1a: Florges
|-damage|p1a: Florges|332\/360
|
|switch|p2a: Jirachi|Jirachi|107\/404
|
|-heal|p2a: Jirachi|132\/404|[from] item: Leftovers
|-heal|p1a: Florges|354\/360|[from] item: Leftovers
|turn|4
|
|move|p2a: Jirachi|Stealth Rock|p1a: Florges
|-sidestart|p1: RowDog|move: Stealth Rock
|move|p1a: Florges|Wish|p1a: Florges
|
|-heal|p2a: Jirachi|157\/404|[from] item: Leftovers
|-heal|p1a: Florges|360\/360|[from] item: Leftovers
|turn|5
|
|switch|p1a: Tentacruel|Tentacruel, F|363\/363
|-damage|p1a: Tentacruel|318\/363|[from] Stealth Rock
|move|p2a: Jirachi|U-turn|p1a: Tentacruel
|-resisted|p1a: Tentacruel
|-damage|p1a: Tentacruel|290\/363
|
|switch|p2a: Espeon|Espeon, M|272\/272
|
|-heal|p1a: Tentacruel|363\/363|[from] move: Wish|[wisher] Florges
|turn|6
|
|switch|p1a: Aggron|Aggron, M|344\/344
|-damage|p1a: Aggron|323\/344|[from] Stealth Rock
|move|p2a: Espeon|Psyshock|p1a: Aggron
|-resisted|p1a: Aggron
|-damage|p1a: Aggron|271\/344
|-damage|p2a: Espeon|245\/272|[from] item: Life Orb
|
|turn|7
|
|detailschange|p1a: Aggron|Aggron-Mega, M
|message|Aggron has Mega Evolved into Mega Aggron!
|move|p2a: Espeon|Shadow Ball|p1a: Aggron
|-damage|p1a: Aggron|159\/344
|-damage|p2a: Espeon|218\/272|[from] item: Life Orb
|move|p1a: Aggron|Heavy Slam|p2a: Espeon
|-damage|p2a: Espeon|0 fnt
|faint|p2a: Espeon
|
|
|switch|p2a: Darmanitan|Darmanitan, M|351\/351
|turn|8
|
|move|p2a: Darmanitan|Flare Blitz|p1a: Aggron
|-supereffective|p1a: Aggron
|-damage|p1a: Aggron|0 fnt
|-damage|p2a: Darmanitan|299\/351|[from] recoil|[of] p1a: Aggron
|faint|p1a: Aggron
|
|
|switch|p1a: Tentacruel|Tentacruel, F|363\/363
|-damage|p1a: Tentacruel|318\/363|[from] Stealth Rock
|turn|9
|
|move|p2a: Darmanitan|Flare Blitz|p1a: Tentacruel
|-resisted|p1a: Tentacruel
|-damage|p1a: Tentacruel|111\/363
|-damage|p2a: Darmanitan|231\/351|[from] recoil|[of] p1a: Tentacruel
|move|p1a: Tentacruel|Toxic Spikes|p2a: Darmanitan
|-sidestart|p2: pokemonisfun|move: Toxic Spikes
|
|-heal|p1a: Tentacruel|133\/363|[from] item: Black Sludge
|turn|10
|
|move|p2a: Darmanitan|Flare Blitz|p1a: Tentacruel
|-resisted|p1a: Tentacruel
|-damage|p1a: Tentacruel|0 fnt
|-damage|p2a: Darmanitan|187\/351|[from] recoil|[of] p1a: Tentacruel
|faint|p1a: Tentacruel
|
|
|switch|p1a: Gastrodon|Gastrodon, M|426\/426
|-damage|p1a: Gastrodon|400\/426|[from] Stealth Rock
|turn|11
|
|switch|p2a: Hydreigon|Hydreigon, M|325\/325
|move|p1a: Gastrodon|Scald|p2a: Hydreigon
|-resisted|p2a: Hydreigon
|-damage|p2a: Hydreigon|274\/325
|
|-heal|p1a: Gastrodon|426\/426|[from] item: Leftovers
|turn|12
|
|move|p2a: Hydreigon|Dark Pulse|p1a: Gastrodon
|-crit|p1a: Gastrodon
|-damage|p1a: Gastrodon|122\/426
|move|p1a: Gastrodon|Recover|p1a: Gastrodon
|-heal|p1a: Gastrodon|335\/426
|
|-heal|p1a: Gastrodon|361\/426|[from] item: Leftovers
|turn|13
|
|switch|p2a: Jirachi|Jirachi|157\/404
|move|p1a: Gastrodon|Recover|p1a: Gastrodon
|-heal|p1a: Gastrodon|426\/426
|
|-heal|p2a: Jirachi|182\/404|[from] item: Leftovers
|turn|14
|
|move|p2a: Jirachi|U-turn|p1a: Gastrodon
|-damage|p1a: Gastrodon|363\/426
|
|switch|p2a: Hydreigon|Hydreigon, M|274\/325
|move|p1a: Gastrodon|Earthquake|p2a: Hydreigon
|-immune|p2a: Hydreigon|[msg]
|
|-heal|p1a: Gastrodon|389\/426|[from] item: Leftovers
|turn|15
|
|move|p2a: Hydreigon|Dark Pulse|p1a: Gastrodon
|-damage|p1a: Gastrodon|175\/426
|move|p1a: Gastrodon|Recover|p1a: Gastrodon
|-heal|p1a: Gastrodon|388\/426
|
|-heal|p1a: Gastrodon|414\/426|[from] item: Leftovers
|turn|16
|
|switch|p1a: Chesnaught|Chesnaught, F|380\/380
|-damage|p1a: Chesnaught|357\/380|[from] Stealth Rock
|move|p2a: Hydreigon|Dark Pulse|p1a: Chesnaught
|-resisted|p1a: Chesnaught
|-damage|p1a: Chesnaught|215\/380
|
|-heal|p1a: Chesnaught|238\/380|[from] item: Leftovers
|turn|17
|
|move|p2a: Hydreigon|Dark Pulse|p1a: Chesnaught
|-resisted|p1a: Chesnaught
|-damage|p1a: Chesnaught|99\/380
|move|p1a: Chesnaught|Leech Seed|p2a: Hydreigon
|-start|p2a: Hydreigon|move: Leech Seed
|
|-heal|p1a: Chesnaught|122\/380|[from] item: Leftovers
|-damage|p2a: Hydreigon|234\/325|[from] Leech Seed|[of] p1a: Chesnaught
|-heal|p1a: Chesnaught|162\/380|[silent]
|turn|18
|
|switch|p2a: Aerodactyl|Aerodactyl, F|302\/302
|move|p1a: Chesnaught|Spikes|p2a: Aerodactyl
|-sidestart|p2: pokemonisfun|Spikes
|
|-heal|p1a: Chesnaught|185\/380|[from] item: Leftovers
|turn|19
|
|detailschange|p2a: Aerodactyl|Aerodactyl-Mega, F
|message|Aerodactyl has Mega Evolved into Mega Aerodactyl!
|move|p1a: Chesnaught|Spiky Shield|p1a: Chesnaught
|-singleturn|p1a: Chesnaught|move: Protect
|move|p2a: Aerodactyl|Aerial Ace|p1a: Chesnaught
|-activate|p1a: Chesnaught|move: Protect
|-damage|p2a: Aerodactyl|265\/302|[from] Spiky Shield|[of] p1a: Chesnaught
|
|-heal|p1a: Chesnaught|208\/380|[from] item: Leftovers
|turn|20
|
|switch|p1a: Gastrodon|Gastrodon, M|414\/426
|-damage|p1a: Gastrodon|388\/426|[from] Stealth Rock
|move|p2a: Aerodactyl|Aerial Ace|p1a: Gastrodon
|-damage|p1a: Gastrodon|214\/426
|
|-heal|p1a: Gastrodon|240\/426|[from] item: Leftovers
|turn|21
|
|move|p2a: Aerodactyl|Double-Edge|p1a: Gastrodon
|-damage|p1a: Gastrodon|23\/426
|-damage|p2a: Aerodactyl|193\/302|[from] recoil|[of] p1a: Gastrodon
|move|p1a: Gastrodon|Scald|p2a: Aerodactyl
|-supereffective|p2a: Aerodactyl
|-damage|p2a: Aerodactyl|11\/302
|
|-heal|p1a: Gastrodon|49\/426|[from] item: Leftovers
|turn|22
|
|move|p2a: Aerodactyl|Aerial Ace|p1a: Gastrodon
|-damage|p1a: Gastrodon|0 fnt
|faint|p1a: Gastrodon
|
|
|switch|p1a: Florges|Florges, F|360\/360
|-damage|p1a: Florges|315\/360|[from] Stealth Rock
|turn|23
|
|move|p2a: Aerodactyl|Roost|p2a: Aerodactyl
|-heal|p2a: Aerodactyl|162\/302
|move|p1a: Florges|Wish|p1a: Florges
|
|-heal|p1a: Florges|337\/360|[from] item: Leftovers
|turn|24
|
|move|p2a: Aerodactyl|Aerial Ace|p1a: Florges
|-crit|p1a: Florges
|-damage|p1a: Florges|126\/360
|move|p1a: Florges|Moonblast|p2a: Aerodactyl
|-damage|p2a: Aerodactyl|35\/302
|
|-heal|p1a: Florges|306\/360|[from] move: Wish|[wisher] Florges
|-heal|p1a: Florges|328\/360|[from] item: Leftovers
|turn|25
|
|move|p2a: Aerodactyl|Roost|p2a: Aerodactyl
|-heal|p2a: Aerodactyl|186\/302
|move|p1a: Florges|Wish|p1a: Florges
|
|-heal|p1a: Florges|350\/360|[from] item: Leftovers
|turn|26
|
|move|p2a: Aerodactyl|Roost|p2a: Aerodactyl
|-heal|p2a: Aerodactyl|302\/302
|move|p1a: Florges|Moonblast|p2a: Aerodactyl
|-damage|p2a: Aerodactyl|163\/302
|
|-heal|p1a: Florges|360\/360|[from] move: Wish|[wisher] Florges
|turn|27
|
|move|p2a: Aerodactyl|Aerial Ace|p1a: Florges
|-damage|p1a: Florges|216\/360
|move|p1a: Florges|Wish|p1a: Florges
|
|-heal|p1a: Florges|238\/360|[from] item: Leftovers
|turn|28
|
|switch|p2a: Jirachi|Jirachi|182\/404
|-damage|p2a: Jirachi|132\/404|[from] Spikes
|move|p1a: Florges|Moonblast|p2a: Jirachi
|-resisted|p2a: Jirachi
|-damage|p2a: Jirachi|90\/404
|
|-heal|p1a: Florges|360\/360|[from] move: Wish|[wisher] Florges
|-heal|p2a: Jirachi|115\/404|[from] item: Leftovers
|turn|29
|
|switch|p1a: Chesnaught|Chesnaught, F|208\/380
|-damage|p1a: Chesnaught|185\/380|[from] Stealth Rock
|move|p2a: Jirachi|Thunder Wave|p1a: Chesnaught
|-status|p1a: Chesnaught|par
|
|-heal|p2a: Jirachi|140\/404|[from] item: Leftovers
|-heal|p1a: Chesnaught|208\/380 par|[from] item: Leftovers
|turn|30
|
|move|p2a: Jirachi|U-turn|p1a: Chesnaught
|-damage|p1a: Chesnaught|173\/380 par
|
|switch|p2a: Aerodactyl|Aerodactyl-Mega, F|163\/302
|move|p1a: Chesnaught|Leech Seed|p2a: Aerodactyl
|-start|p2a: Aerodactyl|move: Leech Seed
|
|-heal|p1a: Chesnaught|196\/380 par|[from] item: Leftovers
|-damage|p2a: Aerodactyl|126\/302|[from] Leech Seed|[of] p1a: Chesnaught
|-heal|p1a: Chesnaught|233\/380 par|[silent]
|turn|31
|
|switch|p1a: Florges|Florges, F|360\/360
|-damage|p1a: Florges|315\/360|[from] Stealth Rock
|move|p2a: Aerodactyl|Aerial Ace|p1a: Florges
|-crit|p1a: Florges
|-damage|p1a: Florges|98\/360
|
|-heal|p1a: Florges|120\/360|[from] item: Leftovers
|-damage|p2a: Aerodactyl|89\/302|[from] Leech Seed|[of] p1a: Florges
|-heal|p1a: Florges|157\/360|[silent]
|turn|32
|c|âRowDog|please do crit me more
|
|switch|p2a: Darmanitan|Darmanitan, M|187\/351
|-status|p2a: Darmanitan|psn
|-damage|p2a: Darmanitan|144\/351 psn|[from] Spikes
|move|p1a: Florges|Wish|p1a: Florges
|
|-heal|p1a: Florges|179\/360|[from] item: Leftovers
|-damage|p2a: Darmanitan|101\/351 psn|[from] psn
|turn|33
|
|move|p1a: Florges|Protect|p1a: Florges
|-singleturn|p1a: Florges|Protect
|move|p2a: Darmanitan|Flare Blitz|p1a: Florges
|-activate|p1a: Florges|Protect
|
|-heal|p1a: Florges|359\/360|[from] move: Wish|[wisher] Florges
|-heal|p1a: Florges|360\/360|[from] item: Leftovers
|-damage|p2a: Darmanitan|58\/351 psn|[from] psn
|turn|34
|c|âpokemonisfun|im sorry for my dirty ways
|
|switch|p1a: Goodra|Goodra, M|207\/373
|-damage|p1a: Goodra|161\/373|[from] Stealth Rock
|move|p2a: Darmanitan|Flare Blitz|p1a: Goodra
|-resisted|p1a: Goodra
|-damage|p1a: Goodra|0 fnt
|-damage|p2a: Darmanitan|5\/351 psn|[from] recoil|[of] p1a: Goodra
|faint|p1a: Goodra
|
|-damage|p2a: Darmanitan|0 fnt|[from] psn
|faint|p2a: Darmanitan
|
|switch|p2a: Zygarde|Zygarde|404\/404
|-damage|p2a: Zygarde|354\/404|[from] Spikes
|-status|p2a: Zygarde|psn
|switch|p1a: Chesnaught|Chesnaught, F|233\/380 par
|-damage|p1a: Chesnaught|210\/380 par|[from] Stealth Rock
|-ability|p2a: Zygarde|Aura Break
|turn|35
|
|move|p2a: Zygarde|Substitute|p2a: Zygarde
|-start|p2a: Zygarde|Substitute
|-damage|p2a: Zygarde|253\/404 psn
|move|p1a: Chesnaught|Leech Seed|p2a: Zygarde
|
|-heal|p2a: Zygarde|278\/404 psn|[from] item: Leftovers
|-heal|p1a: Chesnaught|233\/380 par|[from] item: Leftovers
|-damage|p2a: Zygarde|228\/404 psn|[from] psn
|turn|36
|
|switch|p1a: Florges|Florges, F|360\/360
|-damage|p1a: Florges|315\/360|[from] Stealth Rock
|move|p2a: Zygarde|Coil|p2a: Zygarde
|-boost|p2a: Zygarde|atk|1
|-boost|p2a: Zygarde|def|1
|-boost|p2a: Zygarde|accuracy|1
|
|-heal|p2a: Zygarde|253\/404 psn|[from] item: Leftovers
|-heal|p1a: Florges|337\/360|[from] item: Leftovers
|-damage|p2a: Zygarde|203\/404 psn|[from] psn
|turn|37
|
|move|p2a: Zygarde|Earthquake|p1a: Florges
|-damage|p1a: Florges|145\/360
|move|p1a: Florges|Moonblast|p2a: Zygarde
|-supereffective|p2a: Zygarde
|-end|p2a: Zygarde|Substitute
|
|-heal|p2a: Zygarde|228\/404 psn|[from] item: Leftovers
|-heal|p1a: Florges|167\/360|[from] item: Leftovers
|-damage|p2a: Zygarde|178\/404 psn|[from] psn
|turn|38
|
|move|p1a: Florges|Protect|p1a: Florges
|-singleturn|p1a: Florges|Protect
|move|p2a: Zygarde|Earthquake|p1a: Florges
|-activate|p1a: Florges|Protect
|
|-heal|p2a: Zygarde|203\/404 psn|[from] item: Leftovers
|-heal|p1a: Florges|189\/360|[from] item: Leftovers
|-damage|p2a: Zygarde|153\/404 psn|[from] psn
|turn|39
|
|switch|p1a: Chesnaught|Chesnaught, F|233\/380 par
|-damage|p1a: Chesnaught|210\/380 par|[from] Stealth Rock
|move|p2a: Zygarde|Earthquake|p1a: Chesnaught
|-resisted|p1a: Chesnaught
|-damage|p1a: Chesnaught|152\/380 par
|
|-heal|p2a: Zygarde|178\/404 psn|[from] item: Leftovers
|-heal|p1a: Chesnaught|175\/380 par|[from] item: Leftovers
|-damage|p2a: Zygarde|128\/404 psn|[from] psn
|turn|40
|
|move|p2a: Zygarde|Coil|p2a: Zygarde
|-boost|p2a: Zygarde|atk|1
|-boost|p2a: Zygarde|def|1
|-boost|p2a: Zygarde|accuracy|1
|move|p1a: Chesnaught|Spikes|p2a: Zygarde
|-sidestart|p2: pokemonisfun|Spikes
|
|-heal|p2a: Zygarde|153\/404 psn|[from] item: Leftovers
|-heal|p1a: Chesnaught|198\/380 par|[from] item: Leftovers
|-damage|p2a: Zygarde|103\/404 psn|[from] psn
|turn|41
|
|move|p2a: Zygarde|Earthquake|p1a: Chesnaught
|-resisted|p1a: Chesnaught
|-damage|p1a: Chesnaught|109\/380 par
|move|p1a: Chesnaught|Leech Seed|p2a: Zygarde|[miss]
|-miss|p1a: Chesnaught|p2a: Zygarde
|
|-heal|p2a: Zygarde|128\/404 psn|[from] item: Leftovers
|-heal|p1a: Chesnaught|132\/380 par|[from] item: Leftovers
|-damage|p2a: Zygarde|78\/404 psn|[from] psn
|turn|42
|
|move|p2a: Zygarde|Earthquake|p1a: Chesnaught
|-resisted|p1a: Chesnaught
|-damage|p1a: Chesnaught|52\/380 par
|move|p1a: Chesnaught|Leech Seed|p2a: Zygarde
|-start|p2a: Zygarde|move: Leech Seed
|
|-heal|p2a: Zygarde|103\/404 psn|[from] item: Leftovers
|-heal|p1a: Chesnaught|75\/380 par|[from] item: Leftovers
|-damage|p2a: Zygarde|53\/404 psn|[from] Leech Seed|[of] p1a: Chesnaught
|-heal|p1a: Chesnaught|125\/380 par|[silent]
|-damage|p2a: Zygarde|3\/404 psn|[from] psn
|turn|43
|
|move|p1a: Chesnaught|Spiky Shield|p1a: Chesnaught
|-singleturn|p1a: Chesnaught|move: Protect
|move|p2a: Zygarde|Earthquake|p1a: Chesnaught
|-activate|p1a: Chesnaught|move: Protect
|
|-heal|p2a: Zygarde|28\/404 psn|[from] item: Leftovers
|-heal|p1a: Chesnaught|148\/380 par|[from] item: Leftovers
|-damage|p2a: Zygarde|0 fnt|[from] Leech Seed|[of] p1a: Chesnaught
|-heal|p1a: Chesnaught|176\/380 par|[silent]
|faint|p2a: Zygarde
|
|switch|p2a: Aerodactyl|Aerodactyl-Mega, F|89\/302
|turn|44
|
|move|p1a: Chesnaught|Spiky Shield|p1a: Chesnaught
|-fail|p1a: Chesnaught
|move|p2a: Aerodactyl|Aerial Ace|p1a: Chesnaught
|-supereffective|p1a: Chesnaught
|-damage|p1a: Chesnaught|0 fnt
|faint|p1a: Chesnaught
|
|
|switch|p1a: Florges|Florges, F|189\/360
|-damage|p1a: Florges|144\/360|[from] Stealth Rock
|turn|45
|
|move|p1a: Florges|Protect|p1a: Florges
|-singleturn|p1a: Florges|Protect
|move|p2a: Aerodactyl|Double-Edge|p1a: Florges
|-activate|p1a: Florges|Protect
|
|-heal|p1a: Florges|166\/360|[from] item: Leftovers
|turn|46
|
|move|p2a: Aerodactyl|Double-Edge|p1a: Florges
|-damage|p1a: Florges|0 fnt
|-damage|p2a: Aerodactyl|34\/302|[from] recoil|[of] p1a: Florges
|faint|p1a: Florges
|
|win|pokemonisfun
|raw|Ladder updating...
|raw|RowDog's rating: 1673 &rarr; <strong>1654<\/strong><br \/>(-19 for losing)
|raw|pokemonisfun's rating: 1689 &rarr; <strong>1708<\/strong><br \/>(+19 for winning)
|leave|RowDog
|player|p1