|join|RowDog
|join|MidnightSwami
|player|p1|RowDog|80
|player|p2|MidnightSwami|170
|gametype|singles
|gen|6
|tier|UU
|rated
|rule|Sleep Clause Mod: Limit one foe put to sleep
|rule|Species Clause: Limit one of each PokÃ©mon
|rule|OHKO Clause: OHKO moves are banned
|rule|Moody Clause: Moody is banned
|rule|Evasion Moves Clause: Evasion moves are banned
|rule|Endless Battle Clause: Forcing endless battles is banned
|rule|HP Percentage Mod: HP is shown in percentages
|clearpoke
|poke|p1|Aromatisse, F
|poke|p1|Jirachi, shiny
|poke|p1|Blissey, F
|poke|p1|Arcanine, F
|poke|p1|Crobat, F
|poke|p1|Gastrodon, F
|poke|p2|Milotic, F, shiny
|poke|p2|Scrafty, M
|poke|p2|Aerodactyl, F
|poke|p2|Entei, shiny
|poke|p2|Goodra, F
|poke|p2|Avalugg, M
|rule|Swagger Clause: Swagger is banned
|rule|Baton Pass Clause: Limit one PokÃ©mon knowing Baton Pass
|teampreview
|join|Bob the Bro
|
|start
|switch|p1a: Arcanine|Arcanine, F|383\/383
|switch|p2a: Sarah Palin|Milotic, F, shiny|394\/394
|-ability|p1a: Arcanine|Intimidate|[of] p2a: Sarah Palin
|-unboost|p2a: Sarah Palin|atk|1
|turn|1
|c| Bob the Bro|row wanna try a new team?
|c|âRowDog|Why?
|
|switch|p1a: Gastrodon|Gastrodon, F|426\/426
|move|p2a: Sarah Palin|Scald|p1a: Gastrodon
|-boost|p1a: Gastrodon|spa|1|[from] ability: Storm Drain
|
|turn|2
|c| Bob the Bro|its a fun team
|
|switch|p1a: Jirachi|Jirachi, shiny|404\/404
|move|p2a: Sarah Palin|Light Screen|p2a: Sarah Palin
|-sidestart|p2: MidnightSwami|move: Light Screen
|
|turn|3
|
|move|p1a: Jirachi|Toxic|p2a: Sarah Palin
|-status|p2a: Sarah Palin|tox
|move|p2a: Sarah Palin|Scald|p1a: Jirachi
|-damage|p1a: Jirachi|281\/404
|
|-heal|p1a: Jirachi|306\/404|[from] item: Leftovers
|-damage|p2a: Sarah Palin|370\/394 tox|[from] psn
|turn|4
|c| Bob the Bro|and pretty good
|
|switch|p1a: Blissey|Blissey, F|714\/714
|move|p2a: Sarah Palin|Scald|p1a: Blissey
|-damage|p1a: Blissey|614\/714
|
|-heal|p2a: Sarah Palin|394\/394 tox|[from] item: Leftovers
|-heal|p1a: Blissey|658\/714|[from] item: Leftovers
|-damage|p2a: Sarah Palin|346\/394 tox|[from] psn
|turn|5
|c|âRowDog|what if I like this team?
|
|switch|p2a: MC Hammer|Scrafty, M|271\/271
|move|p1a: Blissey|Stealth Rock|p2a: MC Hammer
|-sidestart|p2: MidnightSwami|move: Stealth Rock
|
|-heal|p1a: Blissey|702\/714|[from] item: Leftovers
|turn|6
|
|switch|p1a: Crobat|Crobat, F|374\/374
|move|p2a: MC Hammer|Dragon Dance|p2a: MC Hammer
|-boost|p2a: MC Hammer|atk|1
|-boost|p2a: MC Hammer|spe|1
|
|-sideend|p2: MidnightSwami|move: Light Screen
|turn|7
|
|move|p1a: Crobat|Brave Bird|p2a: MC Hammer
|-supereffective|p2a: MC Hammer
|-damage|p2a: MC Hammer|0 fnt
|-damage|p1a: Crobat|285\/374|[from] recoil|[of] p2a: MC Hammer
|faint|p2a: MC Hammer
|
|-heal|p1a: Crobat|308\/374|[from] item: Black Sludge
|c| Bob the Bro|yolo
|c|âMidnightSwami|band?
|c| Bob the Bro|yes
|c|âRowDog|no
|c|âMidnightSwami|wtf that was strong
|c|âRowDog|not even max attack lol
|
|switch|p2a: Eylee is Gay|Aerodactyl, F|302\/302
|-damage|p2a: Eylee is Gay|227\/302|[from] Stealth Rock
|-ability|p2a: Eylee is Gay|Pressure
|turn|8
|
|switch|p1a: Gastrodon|Gastrodon, F|426\/426
|detailschange|p2a: Eylee is Gay|Aerodactyl-Mega, F
|message|Aerodactyl has Mega Evolved into Mega Aerodactyl!
|move|p2a: Eylee is Gay|Hone Claws|p2a: Eylee is Gay
|-boost|p2a: Eylee is Gay|atk|1
|-boost|p2a: Eylee is Gay|accuracy|1
|
|turn|9
|
|move|p2a: Eylee is Gay|Aerial Ace|p1a: Gastrodon
|-damage|p1a: Gastrodon|179\/426
|move|p1a: Gastrodon|Scald|p2a: Eylee is Gay
|-supereffective|p2a: Eylee is Gay
|-damage|p2a: Eylee is Gay|27\/302
|
|-heal|p1a: Gastrodon|205\/426|[from] item: Leftovers
|turn|10
|
|switch|p1a: Arcanine|Arcanine, F|383\/383
|-ability|p1a: Arcanine|Intimidate|[of] p2a: Eylee is Gay
|-unboost|p2a: Eylee is Gay|atk|1
|move|p2a: Eylee is Gay|Aerial Ace|p1a: Arcanine
|-damage|p1a: Arcanine|256\/383
|-damage|p2a: Eylee is Gay|0 fnt|[from] item: Rocky Helmet|[of] p1a: Arcanine
|faint|p2a: Eylee is Gay
|
|join|Lixx
|c|âMidnightSwami|you have a good team
|
|switch|p2a: GG Titanic|Avalugg, M|394\/394
|-damage|p2a: GG Titanic|296\/394|[from] Stealth Rock
|turn|11
|c| Bob the Bro|nice n fat
|c|âRowDog|cheers
|
|move|p1a: Arcanine|Will-O-Wisp|p2a: GG Titanic
|-status|p2a: GG Titanic|brn
|move|p2a: GG Titanic|Rapid Spin|p1a: Arcanine
|-crit|p1a: Arcanine
|-damage|p1a: Arcanine|243\/383
|-damage|p2a: GG Titanic|231\/394 brn|[from] item: Rocky Helmet|[of] p1a: Arcanine
|-sideend|p2: MidnightSwami|Stealth Rock|[from] move: Rapid Spin|[of] p2a: GG Titanic
|
|-heal|p2a: GG Titanic|255\/394 brn|[from] item: Leftovers
|-damage|p2a: GG Titanic|206\/394 brn|[from] brn
|turn|12
|
|switch|p2a: Not So Jolly|Entei, shiny|372\/372
|-ability|p2a: Not So Jolly|Pressure
|move|p1a: Arcanine|Flare Blitz|p2a: Not So Jolly
|-resisted|p2a: Not So Jolly
|-damage|p2a: Not So Jolly|279\/372
|-damage|p1a: Arcanine|212\/383|[from] recoil|[of] p2a: Not So Jolly
|
|turn|13
|
|switch|p1a: Blissey|Blissey, F|702\/714
|move|p2a: Not So Jolly|Sacred Fire|p1a: Blissey
|-crit|p1a: Blissey
|-damage|p1a: Blissey|32\/714
|
|-heal|p1a: Blissey|76\/714|[from] item: Leftovers
|turn|14
|c|âRowDog|ouch
|
|switch|p1a: Arcanine|Arcanine, F|212\/383
|-ability|p1a: Arcanine|Intimidate|[of] p2a: Not So Jolly
|-unboost|p2a: Not So Jolly|atk|1
|move|p2a: Not So Jolly|Sacred Fire|p1a: Arcanine
|-resisted|p1a: Arcanine
|-damage|p1a: Arcanine|144\/383
|
|turn|15
|
|switch|p2a: Sarah Palin|Milotic, F, shiny|346\/394 tox
|move|p1a: Arcanine|Morning Sun|p1a: Arcanine
|-heal|p1a: Arcanine|335\/383
|
|-heal|p2a: Sarah Palin|370\/394 tox|[from] item: Leftovers
|-damage|p2a: Sarah Palin|346\/394 tox|[from] psn
|turn|16
|
|switch|p1a: Gastrodon|Gastrodon, F|205\/426
|switch|p2a: Twerkoal|Goodra, F|384\/384
|
|-heal|p1a: Gastrodon|231\/426|[from] item: Leftovers
|turn|17
|c|âRowDog|Does this thing learn a grass move?
|
|switch|p1a: Aromatisse|Aromatisse, F|406\/406
|move|p2a: Twerkoal|Ice Beam|p1a: Aromatisse
|-damage|p1a: Aromatisse|286\/406
|
|-heal|p1a: Aromatisse|311\/406|[from] item: Leftovers
|turn|18
|c| Bob the Bro|power whip
|c|âRowDog|thatâs right
|c|âRowDog|i knew it had something
|
|switch|p2a: Not So Jolly|Entei, shiny|279\/372
|-ability|p2a: Not So Jolly|Pressure
|move|p1a: Aromatisse|Wish|p1a: Aromatisse
|
|-heal|p1a: Aromatisse|336\/406|[from] item: Leftovers
|turn|19
|c|âRowDog|Something plant like and yucky
|
|switch|p1a: Gastrodon|Gastrodon, F|231\/426
|move|p2a: Not So Jolly|Stone Edge|p1a: Gastrodon
|-resisted|p1a: Gastrodon
|-damage|p1a: Gastrodon|137\/426
|
|-heal|p1a: Gastrodon|340\/426|[from] move: Wish|[wisher] Aromatisse
|-heal|p1a: Gastrodon|366\/426|[from] item: Leftovers
|turn|20
|
|switch|p2a: GG Titanic|Avalugg, M|206\/394 brn
|move|p1a: Gastrodon|Curse|p1a: Gastrodon
|-boost|p1a: Gastrodon|atk|1
|-boost|p1a: Gastrodon|def|1
|-unboost|p1a: Gastrodon|spe|1
|
|-heal|p1a: Gastrodon|392\/426|[from] item: Leftovers
|-heal|p2a: GG Titanic|230\/394 brn|[from] item: Leftovers
|-damage|p2a: GG Titanic|181\/394 brn|[from] brn
|turn|21
|
|move|p1a: Gastrodon|Scald|p2a: GG Titanic
|-damage|p2a: GG Titanic|9\/394 brn
|move|p2a: GG Titanic|Recover|p2a: GG Titanic
|-heal|p2a: GG Titanic|206\/394 brn
|
|-heal|p1a: Gastrodon|418\/426|[from] item: Leftovers
|-heal|p2a: GG Titanic|230\/394 brn|[from] item: Leftovers
|-damage|p2a: GG Titanic|181\/394 brn|[from] brn
|turn|22
|
|move|p1a: Gastrodon|Scald|p2a: GG Titanic
|-damage|p2a: GG Titanic|12\/394 brn
|move|p2a: GG Titanic|Recover|p2a: GG Titanic
|-heal|p2a: GG Titanic|209\/394 brn
|
|-heal|p1a: Gastrodon|426\/426|[from] item: Leftovers
|-heal|p2a: GG Titanic|233\/394 brn|[from] item: Leftovers
|-damage|p2a: GG Titanic|184\/394 brn|[from] brn
|turn|23
|
|move|p1a: Gastrodon|Curse|p1a: Gastrodon
|-boost|p1a: Gastrodon|atk|1
|-boost|p1a: Gastrodon|def|1
|-unboost|p1a: Gastrodon|spe|1
|move|p2a: GG Titanic|Mirror Coat|p1a: Gastrodon
|-fail|p1a: Gastrodon
|
|-heal|p2a: GG Titanic|208\/394 brn|[from] item: Leftovers
|-damage|p2a: GG Titanic|159\/394 brn|[from] brn
|turn|24
|
|move|p2a: GG Titanic|Recover|p2a: GG Titanic
|-heal|p2a: GG Titanic|356\/394 brn
|move|p1a: Gastrodon|Earthquake|p2a: GG Titanic
|-damage|p2a: GG Titanic|254\/394 brn
|
|-heal|p2a: GG Titanic|278\/394 brn|[from] item: Leftovers
|-damage|p2a: GG Titanic|229\/394 brn|[from] brn
|turn|25
|c|âRowDog|lol, bulk
|c| Bob the Bro|wtf that thing gets recover?
|
|move|p2a: GG Titanic|Recover|p2a: GG Titanic
|-heal|p2a: GG Titanic|394\/394 brn
|move|p1a: Gastrodon|Scald|p2a: GG Titanic
|-damage|p2a: GG Titanic|231\/394 brn
|
|-heal|p2a: GG Titanic|255\/394 brn|[from] item: Leftovers
|-damage|p2a: GG Titanic|206\/394 brn|[from] brn
|turn|26
|c|âRowDog|yep
|c| Bob the Bro|i dont even
|
|move|p1a: Gastrodon|Curse|p1a: Gastrodon
|-boost|p1a: Gastrodon|atk|1
|-boost|p1a: Gastrodon|def|1
|-unboost|p1a: Gastrodon|spe|1
|move|p2a: GG Titanic|Mirror Coat|p1a: Gastrodon
|-fail|p1a: Gastrodon
|
|-heal|p2a: GG Titanic|230\/394 brn|[from] item: Leftovers
|-damage|p2a: GG Titanic|181\/394 brn|[from] brn
|turn|27
|join|RW2 Lights
|
|move|p2a: GG Titanic|Recover|p2a: GG Titanic
|-heal|p2a: GG Titanic|378\/394 brn
|move|p1a: Gastrodon|Curse|p1a: Gastrodon
|-boost|p1a: Gastrodon|atk|1
|-boost|p1a: Gastrodon|def|1
|-unboost|p1a: Gastrodon|spe|1
|
|-heal|p2a: GG Titanic|394\/394 brn|[from] item: Leftovers
|-damage|p2a: GG Titanic|345\/394 brn|[from] brn
|turn|28
|c|âRowDog|Curse to victory
|c|âMidnightSwami|id rather not forfeit 
|
|move|p1a: Gastrodon|Earthquake|p2a: GG Titanic
|-damage|p2a: GG Titanic|198\/394 brn
|move|p2a: GG Titanic|Avalanche|p1a: Gastrodon
|-damage|p1a: Gastrodon|395\/426
|
|-heal|p2a: GG Titanic|222\/394 brn|[from] item: Leftovers
|-heal|p1a: Gastrodon|421\/426|[from] item: Leftovers
|-damage|p2a: GG Titanic|173\/394 brn|[from] brn
|turn|29
|c|âMidnightSwami|lol
|
|move|p2a: GG Titanic|Recover|p2a: GG Titanic
|-heal|p2a: GG Titanic|370\/394 brn
|move|p1a: Gastrodon|Scald|p2a: GG Titanic
|-damage|p2a: GG Titanic|213\/394 brn
|
|-heal|p2a: GG Titanic|237\/394 brn|[from] item: Leftovers
|-heal|p1a: Gastrodon|426\/426|[from] item: Leftovers
|-damage|p2a: GG Titanic|188\/394 brn|[from] brn
|turn|30
|c| Bob the Bro|to the moon
|
|move|p1a: Gastrodon|Curse|p1a: Gastrodon
|-boost|p1a: Gastrodon|atk|1
|-boost|p1a: Gastrodon|def|1
|-unboost|p1a: Gastrodon|spe|1
|move|p2a: GG Titanic|Mirror Coat|p1a: Gastrodon
|-fail|p1a: Gastrodon
|
|-heal|p2a: GG Titanic|212\/394 brn|[from] item: Leftovers
|-damage|p2a: GG Titanic|163\/394 brn|[from] brn
|turn|31
|c|âRowDog|to JUPITER!
|
|move|p2a: GG Titanic|Recover|p2a: GG Titanic
|-heal|p2a: GG Titanic|360\/394 brn
|move|p1a: Gastrodon|Scald|p2a: GG Titanic
|-damage|p2a: GG Titanic|200\/394 brn
|
|-heal|p2a: GG Titanic|224\/394 brn|[from] item: Leftovers
|-damage|p2a: GG Titanic|175\/394 brn|[from] brn
|turn|32
|c| Bob the Bro|to pluto imo
|
|move|p2a: GG Titanic|Recover|p2a: GG Titanic
|-heal|p2a: GG Titanic|372\/394 brn
|move|p1a: Gastrodon|Curse|p1a: Gastrodon
|-boost|p1a: Gastrodon|atk|1
|-boost|p1a: Gastrodon|def|1
|-unboost|p1a: Gastrodon|spe|1
|
|-heal|p2a: GG Titanic|394\/394 brn|[from] item: Leftovers
|-damage|p2a: GG Titanic|345\/394 brn|[from] brn
|turn|33
|
|move|p2a: GG Titanic|Recover|p2a: GG Titanic
|-heal|p2a: GG Titanic|394\/394 brn
|move|p1a: Gastrodon|Earthquake|p2a: GG Titanic
|-damage|p2a: GG Titanic|193\/394 brn
|
|-heal|p2a: GG Titanic|217\/394 brn|[from] item: Leftovers
|-damage|p2a: GG Titanic|168\/394 brn|[from] brn
|turn|34
|c|âRowDog|k
|
|move|p1a: Gastrodon|Earthquake|p2a: GG Titanic
|-damage|p2a: GG Titanic|0 fnt
|faint|p2a: GG Titanic
|
|c|âRowDog|here we go
|
|switch|p2a: Twerkoal|Goodra, F|384\/384
|turn|35
|
|move|p2a: Twerkoal|Draco Meteor|p1a: Gastrodon
|-damage|p1a: Gastrodon|215\/426
|-unboost|p2a: Twerkoal|spa|2
|move|p1a: Gastrodon|Earthquake|p2a: Twerkoal
|-damage|p2a: Twerkoal|0 fnt
|faint|p2a: Twerkoal
|
|-heal|p1a: Gastrodon|241\/426|[from] item: Leftovers
|
|switch|p2a: Sarah Palin|Milotic, F, shiny|346\/394 tox
|turn|36
|
|move|p1a: Gastrodon|Earthquake|p2a: Sarah Palin
|-damage|p2a: Sarah Palin|6\/394 tox
|move|p2a: Sarah Palin|Mirror Coat|p1a: Gastrodon
|-fail|p1a: Gastrodon
|
|-heal|p2a: Sarah Palin|30\/394 tox|[from] item: Leftovers
|-heal|p1a: Gastrodon|267\/426|[from] item: Leftovers
|-damage|p2a: Sarah Palin|6\/394 tox|[from] psn
|turn|37
|
|move|p2a: Sarah Palin|Recover|p2a: Sarah Palin
|-heal|p2a: Sarah Palin|203\/394 tox
|move|p1a: Gastrodon|Earthquake|p2a: Sarah Palin
|-damage|p2a: Sarah Palin|0 fnt
|faint|p2a: Sarah Palin
|
|-heal|p1a: Gastrodon|293\/426|[from] item: Leftovers
|
|switch|p2a: Not So Jolly|Entei, shiny|279\/372
|-ability|p2a: Not So Jolly|Pressure
|turn|38
|c|âRowDog|gg
|c|âMidnightSwami|gg
|c|âMidnightSwami|ive never been 6:0 before
|c|âRowDog|See if you survive a burned EQ
|
|move|p2a: Not So Jolly|Sacred Fire|p1a: Gastrodon
|-resisted|p1a: Gastrodon
|-damage|p1a: Gastrodon|257\/426
|move|p1a: Gastrodon|Earthquake|p2a: Not So Jolly
|-supereffective|p2a: Not So Jolly
|-damage|p2a: Not So Jolly|0 fnt
|faint|p2a: Not So Jolly
|
|win|RowDog
|raw|Ladder updating...
|raw|RowDog's rating: 1548 &rarr; <strong>1562<\/strong><br \/>(+14 for winning)
|raw|MidnightSwami's rating: 1429 &rarr; <strong>1416<\/strong><br \/>(-13 for losing)