|join|SDKronos
|join|RowDog
|player|p1|SDKronos|290
|player|p2|RowDog|80
|gametype|singles
|gen|6
|tier|UU
|rule|Sleep Clause Mod: Limit one foe put to sleep
|rule|Species Clause: Limit one of each PokÃ©mon
|rule|OHKO Clause: OHKO moves are banned
|rule|Moody Clause: Moody is banned
|rule|Evasion Moves Clause: Evasion moves are banned
|rule|Endless Battle Clause: Forcing endless battles is banned
|rule|HP Percentage Mod: HP is shown in percentages
|clearpoke
|poke|p1|Roserade, F
|poke|p1|Swampert, M
|poke|p1|Blastoise, M
|poke|p1|Rotom-Heat
|poke|p1|Victini
|poke|p1|Florges, F
|poke|p2|Aromatisse, M
|poke|p2|Jirachi, shiny
|poke|p2|Blissey, F
|poke|p2|Arcanine, F
|poke|p2|Crobat, M
|poke|p2|Gastrodon, M
|rule|Swagger Clause: Swagger is banned
|rule|Baton Pass Clause: Limit one PokÃ©mon knowing Baton Pass
|teampreview
|
|start
|switch|p1a: Swampert|Swampert, M|401\/401
|switch|p2a: Crobat|Crobat, M|373\/373
|turn|1
|join|watfor Â¯\_(ã)_\/Â¯
|
|move|p2a: Crobat|Acrobatics|p1a: Swampert
|-damage|p1a: Swampert|304\/401
|move|p1a: Swampert|Stealth Rock|p2a: Crobat
|-sidestart|p2: RowDog|move: Stealth Rock
|
|-heal|p1a: Swampert|329\/401|[from] item: Leftovers
|turn|2
|c| watfor Â¯\_(ã)_\/Â¯|hi rowdog's fren
|
|move|p2a: Crobat|U-turn|p1a: Swampert
|-damage|p1a: Swampert|286\/401
|c| watfor Â¯\_(ã)_\/Â¯|n_n
|
|switch|p2a: Gastrodon|Gastrodon, M|426\/426
|-damage|p2a: Gastrodon|400\/426|[from] Stealth Rock
|move|p1a: Swampert|Scald|p2a: Gastrodon
|-boost|p2a: Gastrodon|spa|1|[from] ability: Storm Drain
|
|-heal|p1a: Swampert|311\/401|[from] item: Leftovers
|-heal|p2a: Gastrodon|426\/426|[from] item: Leftovers
|turn|3
|
|move|p2a: Gastrodon|Earthquake|p1a: Swampert
|-damage|p1a: Swampert|232\/401
|move|p1a: Swampert|Roar|p2a: Gastrodon
|drag|p2a: Arcanine|Arcanine, F|383\/383
|-damage|p2a: Arcanine|288\/383|[from] Stealth Rock
|-ability|p2a: Arcanine|Intimidate|[of] p1a: Swampert
|-unboost|p1a: Swampert|atk|1
|
|-heal|p1a: Swampert|257\/401|[from] item: Leftovers
|turn|4
|
|switch|p2a: Gastrodon|Gastrodon, M|426\/426
|-damage|p2a: Gastrodon|400\/426|[from] Stealth Rock
|move|p1a: Swampert|Earthquake|p2a: Gastrodon
|-damage|p2a: Gastrodon|297\/426
|
|-heal|p1a: Swampert|282\/401|[from] item: Leftovers
|-heal|p2a: Gastrodon|323\/426|[from] item: Leftovers
|turn|5
|join|Bob the Bro
|
|move|p2a: Gastrodon|Earthquake|p1a: Swampert
|-damage|p1a: Swampert|204\/401
|move|p1a: Swampert|Roar|p2a: Gastrodon
|drag|p2a: Crobat|Crobat, M|373\/373
|-damage|p2a: Crobat|280\/373|[from] Stealth Rock
|
|-heal|p1a: Swampert|229\/401|[from] item: Leftovers
|turn|6
|c|âRowDog|Any tips we wanna give Kronos? He is new to the tier
|
|move|p2a: Crobat|Defog|p1a: Swampert
|-unboost|p1a: Swampert|evasion|1
|-sideend|p2: RowDog|Stealth Rock|[from] move: Defog|[of] p2a: Crobat
|move|p1a: Swampert|Roar|p2a: Crobat
|drag|p2a: Blissey|Blissey, F|714\/714
|
|-heal|p1a: Swampert|254\/401|[from] item: Leftovers
|turn|7
|
|move|p2a: Blissey|Stealth Rock|p1a: Swampert
|-sidestart|p1: SDKronos|move: Stealth Rock
|move|p1a: Swampert|Stealth Rock|p2a: Blissey
|-sidestart|p2: RowDog|move: Stealth Rock
|
|-heal|p1a: Swampert|279\/401|[from] item: Leftovers
|turn|8
|
|move|p2a: Blissey|Seismic Toss|p1a: Swampert
|-damage|p1a: Swampert|179\/401
|move|p1a: Swampert|Scald|p2a: Blissey
|-damage|p2a: Blissey|651\/714
|-status|p2a: Blissey|brn
|
|-heal|p2a: Blissey|695\/714 brn|[from] item: Leftovers
|-heal|p1a: Swampert|204\/401|[from] item: Leftovers
|-damage|p2a: Blissey|606\/714 brn|[from] brn
|turn|9
|c| watfor Â¯\_(ã)_\/Â¯|Hmm he is playing well thus far
|c| watfor Â¯\_(ã)_\/Â¯|although he can be a lil more aggressive
|c| watfor Â¯\_(ã)_\/Â¯|n_n
|
|switch|p1a: Victini|Victini|341\/341
|-damage|p1a: Victini|256\/341|[from] Stealth Rock
|move|p2a: Blissey|Wish|p2a: Blissey
|
|-heal|p2a: Blissey|650\/714 brn|[from] item: Leftovers
|-damage|p2a: Blissey|561\/714 brn|[from] brn
|turn|10
|c| Bob the Bro|wat5
|c| Bob the Bro|do you have a gf
|c| watfor Â¯\_(ã)_\/Â¯|n
|c| Bob the Bro|do you have a bf
|c|âRowDog|Any team building tips? Or looks solid?
|
|switch|p2a: Arcanine|Arcanine, F|288\/383
|-damage|p2a: Arcanine|193\/383|[from] Stealth Rock
|-ability|p2a: Arcanine|Intimidate|[of] p1a: Victini
|-unboost|p1a: Victini|atk|1
|move|p1a: Victini|V-create|p2a: Arcanine
|-resisted|p2a: Arcanine
|-damage|p2a: Arcanine|76\/383
|-damage|p1a: Victini|200\/341|[from] item: Rocky Helmet|[of] p2a: Arcanine
|-unboost|p1a: Victini|def|1
|-unboost|p1a: Victini|spd|1
|-unboost|p1a: Victini|spe|1
|
|-heal|p2a: Arcanine|383\/383|[from] move: Wish|[wisher] Blissey
|turn|11
|c| watfor Â¯\_(ã)_\/Â¯|n
|c| watfor Â¯\_(ã)_\/Â¯|I don't like how he only has 1 way to beat blissey
|c| watfor Â¯\_(ã)_\/Â¯|that is easily trapped
|
|switch|p1a: Blastoise|Blastoise, M|358\/358
|-damage|p1a: Blastoise|314\/358|[from] Stealth Rock
|move|p2a: Arcanine|Will-O-Wisp|p1a: Blastoise
|-status|p1a: Blastoise|brn
|
|-damage|p1a: Blastoise|270\/358 brn|[from] brn
|turn|12
|c| watfor Â¯\_(ã)_\/Â¯|well I guess tricktom
|
|switch|p2a: Gastrodon|Gastrodon, M|323\/426
|-damage|p2a: Gastrodon|297\/426|[from] Stealth Rock
|move|p1a: Blastoise|Rapid Spin|p2a: Gastrodon
|-damage|p2a: Gastrodon|289\/426
|-sideend|p1: SDKronos|Stealth Rock|[from] move: Rapid Spin|[of] p1a: Blastoise
|
|-heal|p2a: Gastrodon|315\/426|[from] item: Leftovers
|-damage|p1a: Blastoise|226\/358 brn|[from] brn
|turn|13
|
|switch|p1a: Roserade|Roserade, F|261\/261
|move|p2a: Gastrodon|Recover|p2a: Gastrodon
|-heal|p2a: Gastrodon|426\/426
|
|turn|14
|c| Bob the Bro|wat5 master team builder
|c| Bob the Bro|teach us
|
|switch|p2a: Crobat|Crobat, M|280\/373
|-damage|p2a: Crobat|187\/373|[from] Stealth Rock
|move|p1a: Roserade|Toxic Spikes|p2a: Crobat
|-sidestart|p2: RowDog|move: Toxic Spikes
|
|turn|15
|c| Bob the Bro|row do you have a gf
|c|âRowDog|Not atm, single bby ;)
|c| Bob the Bro|wanna be my gf
|
|switch|p1a: Rotom-Heat|Rotom-Heat|241\/241
|move|p2a: Crobat|Defog|p1a: Rotom-Heat
|-unboost|p1a: Rotom-Heat|evasion|1
|-sideend|p2: RowDog|Toxic Spikes|[from] move: Defog|[of] p2a: Crobat
|-sideend|p2: RowDog|Stealth Rock|[from] move: Defog|[of] p2a: Crobat
|
|turn|16
|c|âRowDog|Iâm fine
|c| watfor Â¯\_(ã)_\/Â¯|kek
|c| Bob the Bro|wow harsh
|c| watfor Â¯\_(ã)_\/Â¯|bob pls
|
|switch|p2a: Gastrodon|Gastrodon, M|426\/426
|move|p1a: Rotom-Heat|Hidden Power|p2a: Gastrodon
|-damage|p2a: Gastrodon|368\/426
|
|-heal|p2a: Gastrodon|394\/426|[from] item: Leftovers
|turn|17
|c| watfor Â¯\_(ã)_\/Â¯|ok we don't run Hidden power on rotoms here
|c| watfor Â¯\_(ã)_\/Â¯|at least not ice
|
|switch|p1a: Roserade|Roserade, F|261\/261
|move|p2a: Gastrodon|Earthquake|p1a: Roserade
|-damage|p1a: Roserade|125\/261
|
|-heal|p2a: Gastrodon|420\/426|[from] item: Leftovers
|turn|18
|c| Bob the Bro|hp grass imo
|c| watfor Â¯\_(ã)_\/Â¯|ye
|
|switch|p2a: Jirachi|Jirachi, shiny|404\/404
|move|p1a: Roserade|Sleep Powder|p2a: Jirachi
|-status|p2a: Jirachi|slp
|
|turn|19
|
|switch|p2a: Crobat|Crobat, M|187\/373
|move|p1a: Roserade|Toxic Spikes|p2a: Crobat
|-sidestart|p2: RowDog|move: Toxic Spikes
|
|turn|20
|
|switch|p1a: Swampert|Swampert, M|204\/401
|move|p2a: Crobat|U-turn|p1a: Swampert
|-damage|p1a: Swampert|159\/401
|
|switch|p2a: Blissey|Blissey, F|561\/714
|-status|p2a: Blissey|psn
|
|-heal|p2a: Blissey|605\/714 psn|[from] item: Leftovers
|-heal|p1a: Swampert|184\/401|[from] item: Leftovers
|-damage|p2a: Blissey|516\/714 psn|[from] psn
|turn|21
|c| Bob the Bro|mfw u turn
|c| Bob the Bro|taunt imo
|c| Bob the Bro|beats blis and most hippos
|c|âRowDog|But I have like 0 momentum or decent leads
|c| Bob the Bro|lol yolo
|c|âRowDog|lol
|
|move|p2a: Blissey|Wish|p2a: Blissey
|move|p1a: Swampert|Stealth Rock|p2a: Blissey
|-sidestart|p2: RowDog|move: Stealth Rock
|
|-heal|p2a: Blissey|560\/714 psn|[from] item: Leftovers
|-heal|p1a: Swampert|209\/401|[from] item: Leftovers
|-damage|p2a: Blissey|471\/714 psn|[from] psn
|turn|22
|c| Bob the Bro|wat5
|c| Bob the Bro|do you have king's og team
|
|move|p2a: Blissey|Stealth Rock|p1a: Swampert
|-sidestart|p1: SDKronos|move: Stealth Rock
|move|p1a: Swampert|Earthquake|p2a: Blissey
|-damage|p2a: Blissey|219\/714 psn
|
|-heal|p2a: Blissey|576\/714 psn|[from] move: Wish|[wisher] Blissey
|-heal|p2a: Blissey|620\/714 psn|[from] item: Leftovers
|-heal|p1a: Swampert|234\/401|[from] item: Leftovers
|-damage|p2a: Blissey|531\/714 psn|[from] psn
|turn|23
|c| watfor Â¯\_(ã)_\/Â¯|what og team
|c| watfor Â¯\_(ã)_\/Â¯|delphox?
|c| Bob the Bro|his voltturn
|c| watfor Â¯\_(ã)_\/Â¯|o
|
|move|p2a: Blissey|Seismic Toss|p1a: Swampert
|-damage|p1a: Swampert|134\/401
|move|p1a: Swampert|Roar|p2a: Blissey
|drag|p2a: Crobat|Crobat, M|187\/373
|-damage|p2a: Crobat|94\/373|[from] Stealth Rock
|
|-heal|p1a: Swampert|159\/401|[from] item: Leftovers
|turn|24
|c| watfor Â¯\_(ã)_\/Â¯|ye
|c| Bob the Bro|pass me
|c| Bob the Bro|i wanna try it
|c| watfor Â¯\_(ã)_\/Â¯|why
|c| watfor Â¯\_(ã)_\/Â¯|ok
|
|move|p2a: Crobat|Roost|p2a: Crobat
|-heal|p2a: Crobat|281\/373
|move|p1a: Swampert|Scald|p2a: Crobat
|-damage|p2a: Crobat|184\/373
|-status|p2a: Crobat|brn
|
|-heal|p1a: Swampert|184\/401|[from] item: Leftovers
|-damage|p2a: Crobat|138\/373 brn|[from] brn
|turn|25
|
|move|p2a: Crobat|Defog|p1a: Swampert
|-unboost|p1a: Swampert|evasion|1
|-sideend|p1: SDKronos|Stealth Rock|[from] move: Defog|[of] p1a: Swampert
|-sideend|p2: RowDog|Toxic Spikes|[from] move: Defog|[of] p2a: Crobat
|-sideend|p2: RowDog|Stealth Rock|[from] move: Defog|[of] p2a: Crobat
|move|p1a: Swampert|Scald|p2a: Crobat
|-damage|p2a: Crobat|47\/373 brn
|
|-heal|p1a: Swampert|209\/401|[from] item: Leftovers
|-damage|p2a: Crobat|1\/373 brn|[from] brn
|turn|26
|c| Bob the Bro|eq here
|c| Bob the Bro|or rocks
|c|âRowDog|T_T
|
|move|p2a: Crobat|Roost|p2a: Crobat
|-heal|p2a: Crobat|188\/373 brn
|move|p1a: Swampert|Stealth Rock|p2a: Crobat
|-sidestart|p2: RowDog|move: Stealth Rock
|
|-heal|p1a: Swampert|234\/401|[from] item: Leftovers
|-damage|p2a: Crobat|142\/373 brn|[from] brn
|turn|27
|
|move|p2a: Crobat|U-turn|p1a: Swampert
|-damage|p1a: Swampert|213\/401
|
|switch|p2a: Gastrodon|Gastrodon, M|420\/426
|-damage|p2a: Gastrodon|394\/426|[from] Stealth Rock
|move|p1a: Swampert|Scald|p2a: Gastrodon
|-boost|p2a: Gastrodon|spa|1|[from] ability: Storm Drain
|
|-heal|p1a: Swampert|238\/401|[from] item: Leftovers
|-heal|p2a: Gastrodon|420\/426|[from] item: Leftovers
|turn|28
|
|move|p2a: Gastrodon|Earthquake|p1a: Swampert
|-damage|p1a: Swampert|159\/401
|move|p1a: Swampert|Roar|p2a: Gastrodon
|drag|p2a: Aromatisse|Aromatisse, M|406\/406
|-damage|p2a: Aromatisse|356\/406|[from] Stealth Rock
|
|-heal|p1a: Swampert|184\/401|[from] item: Leftovers
|-heal|p2a: Aromatisse|381\/406|[from] item: Leftovers
|turn|29
|c| Bob the Bro|is aromatisse suppose to be like a chicken?
|
|move|p1a: Swampert|Scald|p2a: Aromatisse
|-damage|p2a: Aromatisse|285\/406
|move|p2a: Aromatisse|Aromatherapy|p2a: Aromatisse
|-cureteam|p2a: Aromatisse|[from] move: Aromatherapy
|
|-heal|p1a: Swampert|209\/401|[from] item: Leftovers
|-heal|p2a: Aromatisse|310\/406|[from] item: Leftovers
|turn|30
|c|âRowDog|Its supposed to be like a perfume owl or something imo
|
|switch|p1a: Victini|Victini|200\/341
|move|p2a: Aromatisse|Wish|p2a: Aromatisse
|
|-heal|p2a: Aromatisse|335\/406|[from] item: Leftovers
|turn|31
|c| Bob the Bro|i dont even
|
|switch|p2a: Arcanine|Arcanine, F|383\/383
|-damage|p2a: Arcanine|288\/383|[from] Stealth Rock
|-ability|p2a: Arcanine|Intimidate|[of] p1a: Victini
|-unboost|p1a: Victini|atk|1
|move|p1a: Victini|U-turn|p2a: Arcanine
|-resisted|p2a: Arcanine
|-damage|p2a: Arcanine|260\/383
|-damage|p1a: Victini|144\/341|[from] item: Rocky Helmet|[of] p2a: Arcanine
|
|switch|p1a: Blastoise|Blastoise, M|226\/358 brn
|
|-heal|p2a: Arcanine|383\/383|[from] move: Wish|[wisher] Aromatisse
|-damage|p1a: Blastoise|182\/358 brn|[from] brn
|turn|32
|c| Bob the Bro|ty wot6
|
|switch|p2a: Gastrodon|Gastrodon, M|420\/426
|-damage|p2a: Gastrodon|394\/426|[from] Stealth Rock
|move|p1a: Blastoise|Scald|p2a: Gastrodon
|-boost|p2a: Gastrodon|spa|1|[from] ability: Storm Drain
|
|-heal|p2a: Gastrodon|420\/426|[from] item: Leftovers
|-damage|p1a: Blastoise|138\/358 brn|[from] brn
|turn|33
|join|DatGuyChuck
|
|switch|p1a: Florges|Florges, F|360\/360
|move|p2a: Gastrodon|Scald|p1a: Florges
|-damage|p1a: Florges|278\/360
|-status|p1a: Florges|brn
|
|-heal|p1a: Florges|300\/360 brn|[from] item: Leftovers
|-heal|p2a: Gastrodon|426\/426|[from] item: Leftovers
|-damage|p1a: Florges|255\/360 brn|[from] brn
|turn|34
|
|move|p1a: Florges|Aromatherapy|p1a: Florges
|-cureteam|p1a: Florges|[from] move: Aromatherapy
|move|p2a: Gastrodon|Curse|p2a: Gastrodon
|-boost|p2a: Gastrodon|atk|1
|-boost|p2a: Gastrodon|def|1
|-unboost|p2a: Gastrodon|spe|1
|
|-heal|p1a: Florges|277\/360|[from] item: Leftovers
|turn|35
|
|move|p1a: Florges|Moonblast|p2a: Gastrodon
|-damage|p2a: Gastrodon|303\/426
|move|p2a: Gastrodon|Earthquake|p1a: Florges
|-damage|p1a: Florges|111\/360
|
|-heal|p1a: Florges|133\/360|[from] item: Leftovers
|-heal|p2a: Gastrodon|329\/426|[from] item: Leftovers
|turn|36
|
|move|p1a: Florges|Wish|p1a: Florges
|move|p2a: Gastrodon|Scald|p1a: Florges
|-damage|p1a: Florges|57\/360
|
|-heal|p1a: Florges|79\/360|[from] item: Leftovers
|-heal|p2a: Gastrodon|355\/426|[from] item: Leftovers
|turn|37
|
|move|p1a: Florges|Protect|p1a: Florges
|-singleturn|p1a: Florges|Protect
|move|p2a: Gastrodon|Curse|p2a: Gastrodon
|-boost|p2a: Gastrodon|atk|1
|-boost|p2a: Gastrodon|def|1
|-unboost|p2a: Gastrodon|spe|1
|
|-heal|p1a: Florges|259\/360|[from] move: Wish|[wisher] Florges
|-heal|p1a: Florges|281\/360|[from] item: Leftovers
|-heal|p2a: Gastrodon|381\/426|[from] item: Leftovers
|turn|38
|
|move|p1a: Florges|Wish|p1a: Florges
|move|p2a: Gastrodon|Earthquake|p1a: Florges
|-damage|p1a: Florges|68\/360
|
|-heal|p1a: Florges|90\/360|[from] item: Leftovers
|-heal|p2a: Gastrodon|407\/426|[from] item: Leftovers
|turn|39
|
|switch|p1a: Roserade|Roserade, F|125\/261
|move|p2a: Gastrodon|Scald|p1a: Roserade
|-resisted|p1a: Roserade
|-damage|p1a: Roserade|59\/261
|
|-heal|p1a: Roserade|239\/261|[from] move: Wish|[wisher] Florges
|-heal|p2a: Gastrodon|426\/426|[from] item: Leftovers
|turn|40
|
|switch|p2a: Blissey|Blissey, F|531\/714
|-damage|p2a: Blissey|442\/714|[from] Stealth Rock
|move|p1a: Roserade|Leaf Storm|p2a: Blissey
|-damage|p2a: Blissey|204\/714
|-unboost|p1a: Roserade|spa|2
|-damage|p1a: Roserade|213\/261|[from] item: Life Orb
|
|-heal|p2a: Blissey|248\/714|[from] item: Leftovers
|turn|41
|
|move|p1a: Roserade|Toxic Spikes|p2a: Blissey
|-sidestart|p2: RowDog|move: Toxic Spikes
|move|p2a: Blissey|Soft-Boiled|p2a: Blissey
|-heal|p2a: Blissey|605\/714
|
|-heal|p2a: Blissey|649\/714|[from] item: Leftovers
|turn|42
|
|move|p1a: Roserade|Toxic Spikes|p2a: Blissey
|-sidestart|p2: RowDog|move: Toxic Spikes
|move|p2a: Blissey|Stealth Rock|p1a: Roserade
|-sidestart|p1: SDKronos|move: Stealth Rock
|
|-heal|p2a: Blissey|693\/714|[from] item: Leftovers
|turn|43
|
|switch|p1a: Florges|Florges, F|90\/360
|-damage|p1a: Florges|45\/360|[from] Stealth Rock
|move|p2a: Blissey|Wish|p2a: Blissey
|
|-heal|p1a: Florges|67\/360|[from] item: Leftovers
|-heal|p2a: Blissey|714\/714|[from] item: Leftovers
|turn|44
|
|move|p1a: Florges|Wish|p1a: Florges
|move|p2a: Blissey|Seismic Toss|p1a: Florges
|-damage|p1a: Florges|0 fnt
|faint|p1a: Florges
|
|
|switch|p1a: Victini|Victini|144\/341
|-damage|p1a: Victini|59\/341|[from] Stealth Rock
|turn|45
|
|switch|p2a: Arcanine|Arcanine, F|383\/383
|-status|p2a: Arcanine|tox
|-damage|p2a: Arcanine|288\/383 tox|[from] Stealth Rock
|-ability|p2a: Arcanine|Intimidate|[of] p1a: Victini
|-unboost|p1a: Victini|atk|1
|move|p1a: Victini|V-create|p2a: Arcanine
|-resisted|p2a: Arcanine
|-damage|p2a: Arcanine|182\/383 tox
|-damage|p1a: Victini|3\/341|[from] item: Rocky Helmet|[of] p2a: Arcanine
|-unboost|p1a: Victini|def|1
|-unboost|p1a: Victini|spd|1
|-unboost|p1a: Victini|spe|1
|
|-heal|p1a: Victini|183\/341|[from] move: Wish|[wisher] Florges
|-damage|p2a: Arcanine|159\/383 tox|[from] psn
|turn|46
|
|switch|p1a: Blastoise|Blastoise, M|138\/358
|-damage|p1a: Blastoise|94\/358|[from] Stealth Rock
|move|p2a: Arcanine|Will-O-Wisp|p1a: Blastoise
|-status|p1a: Blastoise|brn
|
|-damage|p2a: Arcanine|113\/383 tox|[from] psn
|-damage|p1a: Blastoise|50\/358 brn|[from] brn
|turn|47
|
|move|p2a: Arcanine|Morning Sun|p2a: Arcanine
|-heal|p2a: Arcanine|304\/383 tox
|move|p1a: Blastoise|Rapid Spin|p2a: Arcanine
|-damage|p2a: Arcanine|298\/383 tox
|-damage|p1a: Blastoise|0 fnt|[from] item: Rocky Helmet|[of] p2a: Arcanine
|faint|p1a: Blastoise
|
|-damage|p2a: Arcanine|229\/383 tox|[from] psn
|c| watfor Â¯\_(ã)_\/Â¯|rocky hel
|c| watfor Â¯\_(ã)_\/Â¯|spin blocking
|c| watfor Â¯\_(ã)_\/Â¯|kek
|
|switch|p1a: Swampert|Swampert, M|209\/401
|-damage|p1a: Swampert|184\/401|[from] Stealth Rock
|turn|48
|c| Bob the Bro|new meta
|
|move|p2a: Arcanine|Will-O-Wisp|p1a: Swampert
|-status|p1a: Swampert|brn
|move|p1a: Swampert|Earthquake|p2a: Arcanine
|-supereffective|p2a: Arcanine
|-damage|p2a: Arcanine|119\/383 tox
|
|-heal|p1a: Swampert|209\/401 brn|[from] item: Leftovers
|-damage|p2a: Arcanine|27\/383 tox|[from] psn
|-damage|p1a: Swampert|159\/401 brn|[from] brn
|turn|49
|c|âRowDog|eating EQs
|
|move|p2a: Arcanine|Extreme Speed|p1a: Swampert
|-damage|p1a: Swampert|108\/401 brn
|move|p1a: Swampert|Earthquake|p2a: Arcanine
|-supereffective|p2a: Arcanine
|-damage|p2a: Arcanine|0 fnt
|faint|p2a: Arcanine
|
|-heal|p1a: Swampert|133\/401 brn|[from] item: Leftovers
|-damage|p1a: Swampert|83\/401 brn|[from] brn
|
|switch|p2a: Jirachi|Jirachi, shiny|404\/404
|-damage|p2a: Jirachi|379\/404|[from] Stealth Rock
|turn|50
|join|Kekpert
|
|move|p2a: Jirachi|Substitute|p2a: Jirachi
|-start|p2a: Jirachi|Substitute
|-damage|p2a: Jirachi|278\/404
|move|p1a: Swampert|Roar|p2a: Jirachi
|drag|p2a: Crobat|Crobat, M|142\/373
|-damage|p2a: Crobat|49\/373|[from] Stealth Rock
|
|-heal|p1a: Swampert|108\/401 brn|[from] item: Leftovers
|-damage|p1a: Swampert|58\/401 brn|[from] brn
|turn|51
|
|move|p2a: Crobat|Roost|p2a: Crobat
|-heal|p2a: Crobat|236\/373
|move|p1a: Swampert|Scald|p2a: Crobat
|-damage|p2a: Crobat|89\/373
|-status|p2a: Crobat|brn
|
|-heal|p1a: Swampert|83\/401 brn|[from] item: Leftovers
|-damage|p2a: Crobat|43\/373 brn|[from] brn
|-damage|p1a: Swampert|33\/401 brn|[from] brn
|turn|52
|c|âRowDog|was that like a max roll too?
|
|move|p2a: Crobat|Defog|p1a: Swampert
|-unboost|p1a: Swampert|evasion|1
|-sideend|p1: SDKronos|Stealth Rock|[from] move: Defog|[of] p1a: Swampert
|-sideend|p2: RowDog|Toxic Spikes|[from] move: Defog|[of] p2a: Crobat
|-sideend|p2: RowDog|Stealth Rock|[from] move: Defog|[of] p2a: Crobat
|move|p1a: Swampert|Scald|p2a: Crobat
|-damage|p2a: Crobat|0 fnt
|faint|p2a: Crobat
|
|-heal|p1a: Swampert|58\/401 brn|[from] item: Leftovers
|-damage|p1a: Swampert|8\/401 brn|[from] brn
|c|âRowDog|feck
|
|switch|p2a: Jirachi|Jirachi, shiny|278\/404
|turn|53
|
|move|p2a: Jirachi|Psyshock|p1a: Swampert
|-damage|p1a: Swampert|0 fnt
|faint|p1a: Swampert
|
|-heal|p2a: Jirachi|303\/404|[from] item: Leftovers
|
|switch|p1a: Victini|Victini|183\/341
|turn|54
|
|move|p2a: Jirachi|Substitute|p2a: Jirachi
|-start|p2a: Jirachi|Substitute
|-damage|p2a: Jirachi|202\/404
|move|p1a: Victini|V-create|p2a: Jirachi
|-supereffective|p2a: Jirachi
|-end|p2a: Jirachi|Substitute
|-unboost|p1a: Victini|def|1
|-unboost|p1a: Victini|spd|1
|-unboost|p1a: Victini|spe|1
|
|-heal|p2a: Jirachi|227\/404|[from] item: Leftovers
|turn|55
|
|move|p2a: Jirachi|Substitute|p2a: Jirachi
|-start|p2a: Jirachi|Substitute
|-damage|p2a: Jirachi|126\/404
|move|p1a: Victini|V-create|p2a: Jirachi
|-supereffective|p2a: Jirachi
|-end|p2a: Jirachi|Substitute
|-unboost|p1a: Victini|def|1
|-unboost|p1a: Victini|spd|1
|-unboost|p1a: Victini|spe|1
|
|-heal|p2a: Jirachi|151\/404|[from] item: Leftovers
|turn|56
|
|move|p2a: Jirachi|Substitute|p2a: Jirachi
|-start|p2a: Jirachi|Substitute
|-damage|p2a: Jirachi|50\/404
|move|p1a: Victini|V-create|p2a: Jirachi
|-supereffective|p2a: Jirachi
|-end|p2a: Jirachi|Substitute
|-unboost|p1a: Victini|def|1
|-unboost|p1a: Victini|spd|1
|-unboost|p1a: Victini|spe|1
|
|-heal|p2a: Jirachi|75\/404|[from] item: Leftovers
|turn|57
|
|move|p2a: Jirachi|Psyshock|p1a: Victini
|-resisted|p1a: Victini
|-damage|p1a: Victini|64\/341
|move|p1a: Victini|V-create|p2a: Jirachi
|-supereffective|p2a: Jirachi
|-damage|p2a: Jirachi|0 fnt
|-unboost|p1a: Victini|def|1
|-unboost|p1a: Victini|spd|1
|-unboost|p1a: Victini|spe|1
|faint|p2a: Jirachi
|
|c|âRowDog|Can Blissey outspeed it now?
|c|âRowDog|someone check
|c| DatGuyChuck|yy
|
|switch|p2a: Blissey|Blissey, F|714\/714
|turn|58
|c|âRowDog|Iâm trusting you
|c| DatGuyChuck|i think...
|c|âRowDog|T_T
|c| DatGuyChuck|go to gastro
|
|move|p2a: Blissey|Seismic Toss|p1a: Victini
|-damage|p1a: Victini|0 fnt
|faint|p1a: Victini
|
|c|âRowDog|phew
|
|switch|p1a: Rotom-Heat|Rotom-Heat|241\/241
|turn|59
|c| Kekpert|trick?
|
|move|p1a: Rotom-Heat|Trick|p2a: Blissey
|-activate|p1a: Rotom-Heat|move: Trick|[of] p2a: Blissey
|-item|p2a: Blissey|Choice Scarf|[from] move: Trick
|-item|p1a: Rotom-Heat|Leftovers|[from] move: Trick
|move|p2a: Blissey|Seismic Toss|p1a: Rotom-Heat
|-damage|p1a: Rotom-Heat|141\/241
|
|-heal|p1a: Rotom-Heat|156\/241|[from] item: Leftovers
|turn|60
|c|âRowDog|yep
|c| Kekpert|why no flame orb?
|c| watfor Â¯\_(ã)_\/Â¯|cuz he has no scarfer
|c| watfor Â¯\_(ã)_\/Â¯|:^]
|c| Kekpert|O.o
|
|move|p1a: Rotom-Heat|Volt Switch|p2a: Blissey
|-damage|p2a: Blissey|636\/714
|
|switch|p1a: Roserade|Roserade, F|213\/261
|move|p2a: Blissey|Seismic Toss|p1a: Roserade
|-damage|p1a: Roserade|113\/261
|
|turn|61
|c|âRowDog|still not fast enough with scarf you fat fck Blissey
|
|switch|p2a: Aromatisse|Aromatisse, M|335\/406
|move|p1a: Roserade|Toxic Spikes|p2a: Aromatisse
|-sidestart|p2: RowDog|move: Toxic Spikes
|
|-heal|p2a: Aromatisse|360\/406|[from] item: Leftovers
|turn|62
|
|switch|p2a: Gastrodon|Gastrodon, M|426\/426
|-status|p2a: Gastrodon|psn
|move|p1a: Roserade|Sludge Bomb|p2a: Gastrodon
|-resisted|p2a: Gastrodon
|-damage|p2a: Gastrodon|331\/426 psn
|-damage|p1a: Roserade|87\/261|[from] item: Life Orb
|
|-heal|p2a: Gastrodon|357\/426 psn|[from] item: Leftovers
|-damage|p2a: Gastrodon|304\/426 psn|[from] psn
|turn|63
|c| Kekpert|Blissey is a fine lady
|
|switch|p2a: Aromatisse|Aromatisse, M|360\/406
|-status|p2a: Aromatisse|psn
|move|p1a: Roserade|Leaf Storm|p2a: Aromatisse
|-damage|p2a: Aromatisse|44\/406 psn
|-unboost|p1a: Roserade|spa|2
|-damage|p1a: Roserade|61\/261|[from] item: Life Orb
|
|-heal|p2a: Aromatisse|69\/406 psn|[from] item: Leftovers
|-damage|p2a: Aromatisse|19\/406 psn|[from] psn
|turn|64
|c| Bob the Bro|blissey reminds me of honey booboob's mum
|
|move|p1a: Roserade|Sludge Bomb|p2a: Aromatisse
|-crit|p2a: Aromatisse
|-supereffective|p2a: Aromatisse
|-damage|p2a: Aromatisse|0 fnt
|-damage|p1a: Roserade|35\/261|[from] item: Life Orb
|faint|p2a: Aromatisse
|
|c|âRowDog|ahahaha
|
|switch|p2a: Blissey|Blissey, F|636\/714
|-status|p2a: Blissey|psn
|turn|65
|
|move|p1a: Roserade|Leaf Storm|p2a: Blissey
|-damage|p2a: Blissey|511\/714 psn
|-unboost|p1a: Roserade|spa|2
|-damage|p1a: Roserade|9\/261|[from] item: Life Orb
|move|p2a: Blissey|Seismic Toss|p1a: Roserade
|-damage|p1a: Roserade|0 fnt
|faint|p1a: Roserade
|
|-damage|p2a: Blissey|422\/714 psn|[from] psn
|c| Kekpert|Well they look almost the same...
|
|switch|p1a: Rotom-Heat|Rotom-Heat|156\/241
|turn|66
|
|move|p1a: Rotom-Heat|Overheat|p2a: Blissey
|-damage|p2a: Blissey|260\/714 psn
|-unboost|p1a: Rotom-Heat|spa|2
|move|p2a: Blissey|Seismic Toss|p1a: Rotom-Heat
|-damage|p1a: Rotom-Heat|56\/241
|
|-heal|p1a: Rotom-Heat|71\/241|[from] item: Leftovers
|-damage|p2a: Blissey|171\/714 psn|[from] psn
|turn|67
|c| Bob the Bro|ez blissey sweep
|c| watfor Â¯\_(ã)_\/Â¯|that is what i mean
|c| Kekpert|Pain split to victory?
|c| watfor Â¯\_(ã)_\/Â¯|by lack of
|
|switch|p2a: Gastrodon|Gastrodon, M|304\/426 psn
|move|p1a: Rotom-Heat|Overheat|p2a: Gastrodon
|-resisted|p2a: Gastrodon
|-damage|p2a: Gastrodon|253\/426 psn
|-unboost|p1a: Rotom-Heat|spa|2
|
|-heal|p1a: Rotom-Heat|86\/241|[from] item: Leftovers
|-heal|p2a: Gastrodon|279\/426 psn|[from] item: Leftovers
|-damage|p2a: Gastrodon|226\/426 psn|[from] psn
|turn|68
|c| watfor Â¯\_(ã)_\/Â¯|blissey answers
|c|âRowDog|I must defeat
|c|âRowDog|with Gastro
|c|âRowDog|tis a painful way to die
|
|move|p1a: Rotom-Heat|Hidden Power|p2a: Gastrodon
|-damage|p2a: Gastrodon|206\/426 psn
|move|p2a: Gastrodon|Scald|p1a: Rotom-Heat
|-supereffective|p1a: Rotom-Heat
|-damage|p1a: Rotom-Heat|0 fnt
|faint|p1a: Rotom-Heat
|
|win|RowDog
|leave|DatGuyChuck
|c|âSDKronos|gg
|c|âRowDog|gg
|leave|Kekpert
|c| Bob the Bro|come in my battle row