|join|RowDog
|join|Pop Dog
|player|p1|RowDog|80
|player|p2|Pop Dog|211
|gametype|singles
|gen|6
|tier|UU
|rule|Sleep Clause Mod: Limit one foe put to sleep
|rule|Species Clause: Limit one of each PokÃ©mon
|rule|OHKO Clause: OHKO moves are banned
|rule|Moody Clause: Moody is banned
|rule|Evasion Moves Clause: Evasion moves are banned
|rule|Endless Battle Clause: Forcing endless battles is banned
|rule|HP Percentage Mod: HP is shown in percentages
|clearpoke
|poke|p1|Aromatisse, F
|poke|p1|Rotom-Heat
|poke|p1|Blissey, F
|poke|p1|Milotic, F
|poke|p1|Crobat, M
|poke|p1|Gastrodon, F
|poke|p2|Espeon, M
|poke|p2|Vaporeon, F, shiny
|poke|p2|Jolteon, M
|poke|p2|Leafeon, F
|poke|p2|Umbreon, M, shiny
|poke|p2|Flareon, F, shiny
|rule|Swagger Clause: Swagger is banned
|rule|Baton Pass Clause: Limit one PokÃ©mon knowing Baton Pass
|teampreview
|c|âRowDog|Eevees
|c|âPop Dog|Yep.
|c|âPop Dog|I think I just lost tho. XD
|
|start
|switch|p1a: Crobat|Crobat, M|373\/373
|switch|p2a: MoonSpell|Espeon, M|272\/272
|turn|1
|
|switch|p1a: Rotom-Heat|Rotom-Heat|271\/271
|move|p2a: MoonSpell|Psyshock|p1a: Rotom-Heat
|-damage|p1a: Rotom-Heat|120\/271
|
|turn|2
|c|âRowDog|ouch
|
|switch|p1a: Milotic|Milotic, F|394\/394
|move|p2a: MoonSpell|Psyshock|p1a: Milotic
|-damage|p1a: Milotic|172\/394
|
|-heal|p1a: Milotic|196\/394|[from] item: Leftovers
|turn|3
|join|namehtmas
|
|switch|p1a: Rotom-Heat|Rotom-Heat|120\/271
|move|p2a: MoonSpell|Psyshock|p1a: Rotom-Heat
|-damage|p1a: Rotom-Heat|0 fnt
|faint|p1a: Rotom-Heat
|
|c|âRowDog|that hurts
|
|switch|p1a: Aromatisse|Aromatisse, F|406\/406
|turn|4
|
|move|p2a: MoonSpell|Psyshock|p1a: Aromatisse
|-damage|p1a: Aromatisse|201\/406
|move|p1a: Aromatisse|Moonblast|p2a: MoonSpell
|-damage|p2a: MoonSpell|146\/272
|-unboost|p2a: MoonSpell|spa|1
|
|-heal|p1a: Aromatisse|226\/406|[from] item: Leftovers
|turn|5
|c| namehtmas|hax
|c|âPop Dog|Noooooo
|
|move|p2a: MoonSpell|Psyshock|p1a: Aromatisse
|-damage|p1a: Aromatisse|93\/406
|move|p1a: Aromatisse|Wish|p1a: Aromatisse
|
|-heal|p1a: Aromatisse|118\/406|[from] item: Leftovers
|turn|6
|c|âRowDog|nah, calced
|
|move|p1a: Aromatisse|Protect|p1a: Aromatisse
|-singleturn|p1a: Aromatisse|Protect
|move|p2a: MoonSpell|Psyshock|p1a: Aromatisse
|-activate|p1a: Aromatisse|Protect
|
|-heal|p1a: Aromatisse|321\/406|[from] move: Wish|[wisher] Aromatisse
|-heal|p1a: Aromatisse|346\/406|[from] item: Leftovers
|turn|7
|
|move|p2a: MoonSpell|Psyshock|p1a: Aromatisse
|-damage|p1a: Aromatisse|222\/406
|move|p1a: Aromatisse|Moonblast|p2a: MoonSpell
|-damage|p2a: MoonSpell|26\/272
|-unboost|p2a: MoonSpell|spa|1
|
|-heal|p1a: Aromatisse|247\/406|[from] item: Leftovers
|turn|8
|c|âRowDog|lol
|
|move|p2a: MoonSpell|Psyshock|p1a: Aromatisse
|-damage|p1a: Aromatisse|150\/406
|move|p1a: Aromatisse|Wish|p1a: Aromatisse
|
|-heal|p1a: Aromatisse|175\/406|[from] item: Leftovers
|turn|9
|c|âPop Dog|Both times. XD
|
|move|p1a: Aromatisse|Protect|p1a: Aromatisse
|-singleturn|p1a: Aromatisse|Protect
|move|p2a: MoonSpell|Psyshock|p1a: Aromatisse
|-activate|p1a: Aromatisse|Protect
|
|-heal|p1a: Aromatisse|378\/406|[from] move: Wish|[wisher] Aromatisse
|-heal|p1a: Aromatisse|403\/406|[from] item: Leftovers
|turn|10
|c|âRowDog|nb
|
|move|p2a: MoonSpell|Psyshock|p1a: Aromatisse
|-damage|p1a: Aromatisse|310\/406
|move|p1a: Aromatisse|Moonblast|p2a: MoonSpell
|-damage|p2a: MoonSpell|0 fnt
|faint|p2a: MoonSpell
|
|-heal|p1a: Aromatisse|335\/406|[from] item: Leftovers
|join|Dudeman130498
|
|switch|p2a: Sea Goddess|Vaporeon, F, shiny|434\/434
|turn|11
|join|Bob the Bro
|c|âRowDog|Specs Psyshock
|
|switch|p1a: Gastrodon|Gastrodon, F|426\/426
|move|p2a: Sea Goddess|Yawn|p1a: Gastrodon
|-start|p1a: Gastrodon|move: Yawn|[of] p2a: Sea Goddess
|
|turn|12
|c|âRowDog|is scary
|c| Bob the Bro|wtf is this
|
|switch|p1a: Crobat|Crobat, M|373\/373
|move|p2a: Sea Goddess|Rain Dance|p2a: Sea Goddess
|-weather|RainDance
|
|-weather|RainDance|[upkeep]
|turn|13
|
|move|p1a: Crobat|Taunt|p2a: Sea Goddess
|-start|p2a: Sea Goddess|move: Taunt
|move|p2a: Sea Goddess|Scald|p1a: Crobat
|-damage|p1a: Crobat|174\/373
|-status|p1a: Crobat|brn
|
|-weather|RainDance|[upkeep]
|-heal|p1a: Crobat|197\/373 brn|[from] item: Black Sludge
|-damage|p1a: Crobat|151\/373 brn|[from] brn
|turn|14
|c| Bob the Bro|btw im gonna ladder
|c| namehtmas|oh phuck
|c|âRowDog|idk but it looks pretty real
|
|switch|p1a: Gastrodon|Gastrodon, F|426\/426
|move|p2a: Sea Goddess|Scald|p1a: Gastrodon
|-boost|p1a: Gastrodon|spa|1|[from] ability: Storm Drain
|
|-weather|RainDance|[upkeep]
|turn|15
|
|switch|p2a: Maple|Leafeon, F|272\/272
|move|p1a: Gastrodon|Curse|p1a: Gastrodon
|-boost|p1a: Gastrodon|atk|1
|-boost|p1a: Gastrodon|def|1
|-unboost|p1a: Gastrodon|spe|1
|
|-weather|RainDance|[upkeep]
|turn|16
|c|âRowDog|Iâm the best at prediction
|
|switch|p1a: Aromatisse|Aromatisse, F|335\/406
|move|p2a: Maple|Leaf Blade|p1a: Aromatisse
|-damage|p1a: Aromatisse|173\/406
|
|-weather|none
|-heal|p1a: Aromatisse|198\/406|[from] item: Leftovers
|turn|17
|c| Bob the Bro|is this ladder
|c|âRowDog|no
|
|move|p2a: Maple|Swords Dance|p2a: Maple
|-boost|p2a: Maple|atk|2
|move|p1a: Aromatisse|Wish|p1a: Aromatisse
|
|-heal|p1a: Aromatisse|223\/406|[from] item: Leftovers
|turn|18
|
|switch|p1a: Crobat|Crobat, M|151\/373 brn
|move|p2a: Maple|Swords Dance|p2a: Maple
|-boost|p2a: Maple|atk|2
|
|-heal|p1a: Crobat|354\/373 brn|[from] move: Wish|[wisher] Aromatisse
|-heal|p1a: Crobat|373\/373 brn|[from] item: Black Sludge
|-damage|p1a: Crobat|327\/373 brn|[from] brn
|turn|19
|
|move|p1a: Crobat|Brave Bird|p2a: Maple
|-supereffective|p2a: Maple
|-damage|p2a: Maple|164\/272
|-damage|p1a: Crobat|291\/373 brn|[from] recoil|[of] p2a: Maple
|move|p2a: Maple|Knock Off|p1a: Crobat
|-damage|p1a: Crobat|0 fnt
|-enditem|p1a: Crobat|Black Sludge|[from] move: Knock Off|[of] p2a: Maple
|faint|p1a: Crobat
|
|c| namehtmas|this thing is gonna sweep you
|c| Bob the Bro|domage
|c|âRowDog|ik
|join|viaw
|c|âRowDog|Burn rekt me
|
|switch|p1a: Milotic|Milotic, F|196\/394
|turn|20
|
|move|p2a: Maple|Leaf Blade|p1a: Milotic
|-supereffective|p1a: Milotic
|-damage|p1a: Milotic|0 fnt
|faint|p1a: Milotic
|
|c| Bob the Bro|gud counter
|c| Bob the Bro|kek
|c| viaw|lolwut
|
|switch|p1a: Blissey|Blissey, F|714\/714
|turn|21
|
|move|p2a: Maple|Return|p1a: Blissey
|-damage|p1a: Blissey|14\/714
|move|p1a: Blissey|Seismic Toss|p2a: Maple
|-damage|p2a: Maple|64\/272
|
|-heal|p1a: Blissey|58\/714|[from] item: Leftovers
|turn|22
|c| namehtmas|even without brun
|c| Dudeman130498|(ï»¿ Í¡Â° ÍÊ Í¡Â°)â¼ â â² âº â¼ â â² âº â¼ â â² âº â¼ â â² âº â¼ â â² â¼ â â² âº(ï»¿ Í¡Â° ÍÊ Í¡Â°)â¼ â â² âº â¼ ââ¼ â â² âº â¼ â â² âº â¼Oops, dropped my doritosâ² âº â¼ â â² âº â¼ â â² â¼ â â² âº â¼ â â² âº â¼ â â² âº â¼ â â² âº â¼ âº â¼ â â â²â² âº(ï»¿ Í¡Â° ÍÊ Í¡Â°)â¼ ââ¼ â â â¼ â â² âº â¼ â â² âº â¼ â â² âº â¼ â â² âº(ï»¿ Í¡Â° ÍÊ Í¡Â°)
|c| namehtmas|if he would have been smart and leaf bladed here
|c|âRowDog|Nah, with Burn I could have gone to Bat straight away
|c| viaw|LOL
|
|move|p2a: Maple|Knock Off|p1a: Blissey
|-damage|p1a: Blissey|0 fnt
|-enditem|p1a: Blissey|Leftovers|[from] move: Knock Off|[of] p2a: Maple
|faint|p1a: Blissey
|
|c| viaw|dudeman get your shit together
|
|switch|p1a: Aromatisse|Aromatisse, F|223\/406
|turn|23
|c| viaw|you droppd da whole pak
|
|move|p2a: Maple|Leaf Blade|p1a: Aromatisse
|-damage|p1a: Aromatisse|0 fnt
|faint|p1a: Aromatisse
|
|
|switch|p1a: Gastrodon|Gastrodon, F|426\/426
|turn|24
|
|move|p2a: Maple|Leaf Blade|p1a: Gastrodon
|-supereffective|p1a: Gastrodon
|-damage|p1a: Gastrodon|0 fnt
|faint|p1a: Gastrodon
|
|win|Pop Dog
|c|âRowDog|G_G
|c| viaw|wow
|c|âPop Dog|gg
|c| viaw|wtf just happnd
|c|âRowDog|lol
|c| viaw|time to run 
|c| viaw|leafeon
|c|âRowDog|I get swept by shit Iâm not prepared for lol
|c| viaw|leafeonhype
|leave|RowDog
|player|p1
|leave|namehtmas
|leave|Dudeman130498
|leave|viaw