|join|dix pix
|join|RowDog
|player|p1|dix pix|165
|player|p2|RowDog|80
|gametype|singles
|gen|6
|tier|UU
|rated
|rule|Sleep Clause Mod: Limit one foe put to sleep
|rule|Species Clause: Limit one of each PokÃ©mon
|rule|OHKO Clause: OHKO moves are banned
|rule|Moody Clause: Moody is banned
|rule|Evasion Moves Clause: Evasion moves are banned
|rule|Endless Battle Clause: Forcing endless battles is banned
|rule|HP Percentage Mod: HP is shown in percentages
|clearpoke
|poke|p1|Krookodile, F
|poke|p1|Lucario, F
|poke|p1|Suicune
|poke|p1|Forretress, F
|poke|p1|Entei, shiny
|poke|p1|Raikou
|poke|p2|Tentacruel, F
|poke|p2|Chesnaught, F
|poke|p2|Aggron, M
|poke|p2|Florges, F
|poke|p2|Goodra, F
|poke|p2|Gastrodon, M
|rule|Swagger Clause: Swagger is banned
|rule|Baton Pass Clause: Limit one PokÃ©mon knowing Baton Pass
|teampreview
|c|âRowDog|sniped
|c|âdix pix|welp
|c|âRowDog|not really
|
|start
|switch|p1a: Raikou|Raikou|322\/322
|switch|p2a: Chesnaught|Chesnaught, F|380\/380
|-ability|p1a: Raikou|Pressure
|turn|1
|c|âRowDog|I knew I was going to verse you but had no idea what to prepare for
|
|move|p2a: Chesnaught|Spiky Shield|p2a: Chesnaught
|-singleturn|p2a: Chesnaught|move: Protect
|move|p1a: Raikou|Extrasensory|p2a: Chesnaught
|-activate|p2a: Chesnaught|move: Protect
|
|turn|2
|
|switch|p2a: Aggron|Aggron, M|344\/344
|move|p1a: Raikou|Volt Switch|p2a: Aggron
|-damage|p2a: Aggron|226\/344
|join|Benwat
|
|switch|p1a: Forretress|Forretress, F|354\/354
|
|turn|3
|
|detailschange|p2a: Aggron|Aggron-Mega, M
|message|Aggron has Mega Evolved into Mega Aggron!
|move|p2a: Aggron|Stealth Rock|p1a: Forretress
|-sidestart|p1: dix pix|move: Stealth Rock
|move|p1a: Forretress|Stealth Rock|p2a: Aggron
|-sidestart|p2: RowDog|move: Stealth Rock
|
|turn|4
|
|switch|p2a: Tentacruel|Tentacruel, F|363\/363
|-damage|p2a: Tentacruel|318\/363|[from] Stealth Rock
|move|p1a: Forretress|Rapid Spin|p2a: Tentacruel
|-damage|p2a: Tentacruel|303\/363
|-sideend|p1: dix pix|Stealth Rock|[from] move: Rapid Spin|[of] p1a: Forretress
|
|-heal|p2a: Tentacruel|325\/363|[from] item: Black Sludge
|turn|5
|
|move|p2a: Tentacruel|Toxic Spikes|p1a: Forretress
|-sidestart|p1: dix pix|move: Toxic Spikes
|move|p1a: Forretress|Volt Switch|p2a: Tentacruel
|-supereffective|p2a: Tentacruel
|-damage|p2a: Tentacruel|263\/363
|
|switch|p1a: Krookodile|Krookodile, F|331\/331
|-status|p1a: Krookodile|psn
|-ability|p1a: Krookodile|Intimidate|[of] p2a: Tentacruel
|-unboost|p2a: Tentacruel|atk|1
|
|-heal|p2a: Tentacruel|285\/363|[from] item: Black Sludge
|-damage|p1a: Krookodile|290\/331 psn|[from] psn
|turn|6
|
|move|p1a: Krookodile|Pursuit|p2a: Tentacruel|[from]Pursuit
|-damage|p2a: Tentacruel|83\/363
|switch|p2a: Chesnaught|Chesnaught, F|380\/380
|-damage|p2a: Chesnaught|357\/380|[from] Stealth Rock
|
|-heal|p2a: Chesnaught|380\/380|[from] item: Leftovers
|-damage|p1a: Krookodile|249\/331 psn|[from] psn
|turn|7
|
|switch|p1a: Forretress|Forretress, F|354\/354
|move|p2a: Chesnaught|Leech Seed|p1a: Forretress
|-start|p1a: Forretress|move: Leech Seed
|
|-damage|p1a: Forretress|310\/354|[from] Leech Seed|[of] p2a: Chesnaught
|turn|8
|
|move|p2a: Chesnaught|Spiky Shield|p2a: Chesnaught
|-singleturn|p2a: Chesnaught|move: Protect
|move|p1a: Forretress|Rapid Spin|p2a: Chesnaught
|-activate|p2a: Chesnaught|move: Protect
|-damage|p1a: Forretress|266\/354|[from] Spiky Shield|[of] p2a: Chesnaught
|
|-heal|p1a: Forretress|288\/354|[from] item: Leftovers
|-damage|p1a: Forretress|244\/354|[from] Leech Seed|[of] p2a: Chesnaught
|turn|9
|join|Bob the Bro
|
|move|p2a: Chesnaught|Seed Bomb|p1a: Forretress
|-resisted|p1a: Forretress
|-damage|p1a: Forretress|231\/354
|move|p1a: Forretress|Rapid Spin|p2a: Chesnaught
|-damage|p2a: Chesnaught|371\/380
|-end|p1a: Forretress|Leech Seed|[from] move: Rapid Spin|[of] p1a: Forretress
|-sideend|p1: dix pix|Toxic Spikes|[from] move: Rapid Spin|[of] p1a: Forretress
|
|-heal|p2a: Chesnaught|380\/380|[from] item: Leftovers
|-heal|p1a: Forretress|253\/354|[from] item: Leftovers
|turn|10
|
|move|p2a: Chesnaught|Spikes|p1a: Forretress
|-sidestart|p1: dix pix|Spikes
|move|p1a: Forretress|Volt Switch|p2a: Chesnaught
|-resisted|p2a: Chesnaught
|-damage|p2a: Chesnaught|355\/380
|
|switch|p1a: Lucario|Lucario, F|281\/281
|-damage|p1a: Lucario|246\/281|[from] Spikes
|
|-heal|p2a: Chesnaught|378\/380|[from] item: Leftovers
|turn|11
|
|switch|p2a: Goodra|Goodra, F|373\/373
|-damage|p2a: Goodra|327\/373|[from] Stealth Rock
|move|p1a: Lucario|Nasty Plot|p1a: Lucario
|-boost|p1a: Lucario|spa|2
|
|turn|12
|
|switch|p1a: Entei|Entei, shiny|371\/371
|-damage|p1a: Entei|325\/371|[from] Spikes
|-ability|p1a: Entei|Pressure
|move|p2a: Goodra|Earthquake|p1a: Entei
|-supereffective|p1a: Entei
|-damage|p1a: Entei|0 fnt
|faint|p1a: Entei
|
|c|âdix pix|WELP
|c|âdix pix|IT IS PHYSICAL
|
|switch|p1a: Forretress|Forretress, F|253\/354
|-damage|p1a: Forretress|209\/354|[from] Spikes
|turn|13
|c|âRowDog|kek
|
|move|p2a: Goodra|Earthquake|p1a: Forretress
|-damage|p1a: Forretress|110\/354
|move|p1a: Forretress|Volt Switch|p2a: Goodra
|-resisted|p2a: Goodra
|-damage|p2a: Goodra|315\/373
|
|switch|p1a: Krookodile|Krookodile, F|249\/331 psn
|-damage|p1a: Krookodile|208\/331 psn|[from] Spikes
|-ability|p1a: Krookodile|Intimidate|[of] p2a: Goodra
|-unboost|p2a: Goodra|atk|1
|
|-damage|p1a: Krookodile|167\/331 psn|[from] psn
|turn|14
|
|switch|p2a: Chesnaught|Chesnaught, F|378\/380
|-damage|p2a: Chesnaught|355\/380|[from] Stealth Rock
|move|p1a: Krookodile|Knock Off|p2a: Chesnaught
|-resisted|p2a: Chesnaught
|-damage|p2a: Chesnaught|280\/380
|-enditem|p2a: Chesnaught|Leftovers|[from] move: Knock Off|[of] p1a: Krookodile
|
|-damage|p1a: Krookodile|126\/331 psn|[from] psn
|turn|15
|
|switch|p1a: Forretress|Forretress, F|110\/354
|-damage|p1a: Forretress|66\/354|[from] Spikes
|move|p2a: Chesnaught|Leech Seed|p1a: Forretress
|-start|p1a: Forretress|move: Leech Seed
|
|-heal|p1a: Forretress|88\/354|[from] item: Leftovers
|-damage|p1a: Forretress|44\/354|[from] Leech Seed|[of] p2a: Chesnaught
|-heal|p2a: Chesnaught|324\/380|[silent]
|turn|16
|
|move|p2a: Chesnaught|Spikes|p1a: Forretress
|-sidestart|p1: dix pix|Spikes
|move|p1a: Forretress|Volt Switch|p2a: Chesnaught
|-resisted|p2a: Chesnaught
|-damage|p2a: Chesnaught|303\/380
|
|switch|p1a: Lucario|Lucario, F|246\/281
|-damage|p1a: Lucario|200\/281|[from] Spikes
|
|turn|17
|
|switch|p2a: Gastrodon|Gastrodon, M|426\/426
|-damage|p2a: Gastrodon|400\/426|[from] Stealth Rock
|move|p1a: Lucario|Flash Cannon|p2a: Gastrodon
|-resisted|p2a: Gastrodon
|-damage|p2a: Gastrodon|314\/426
|-damage|p1a: Lucario|172\/281|[from] item: Life Orb
|
|-heal|p2a: Gastrodon|340\/426|[from] item: Leftovers
|turn|18
|
|switch|p1a: Forretress|Forretress, F|44\/354
|-damage|p1a: Forretress|0 fnt|[from] Spikes
|faint|p1a: Forretress
|move|p2a: Gastrodon|Earthquake|p1: Forretress|[notarget]
|-notarget
|
|-heal|p2a: Gastrodon|366\/426|[from] item: Leftovers
|
|switch|p1a: Krookodile|Krookodile, F|126\/331 psn
|-damage|p1a: Krookodile|71\/331 psn|[from] Spikes
|-ability|p1a: Krookodile|Intimidate|[of] p2a: Gastrodon
|-unboost|p2a: Gastrodon|atk|1
|turn|19
|
|move|p1a: Krookodile|Pursuit|p2a: Gastrodon|[from]Pursuit
|-crit|p2a: Gastrodon
|-damage|p2a: Gastrodon|35\/426
|switch|p2a: Chesnaught|Chesnaught, F|303\/380
|-damage|p2a: Chesnaught|280\/380|[from] Stealth Rock
|
|-damage|p1a: Krookodile|30\/331 psn|[from] psn
|turn|20
|c|âRowDog|:(
|
|switch|p1a: Lucario|Lucario, F|172\/281
|-damage|p1a: Lucario|126\/281|[from] Spikes
|move|p2a: Chesnaught|Seed Bomb|p1a: Lucario
|-resisted|p1a: Lucario
|-damage|p1a: Lucario|55\/281
|
|turn|21
|
|move|p1a: Lucario|Flash Cannon|p2a: Chesnaught
|-damage|p2a: Chesnaught|58\/380
|-damage|p1a: Lucario|27\/281|[from] item: Life Orb
|move|p2a: Chesnaught|Seed Bomb|p1a: Lucario
|-resisted|p1a: Lucario
|-damage|p1a: Lucario|0 fnt
|faint|p1a: Lucario
|
|
|switch|p1a: Suicune|Suicune|404\/404
|-damage|p1a: Suicune|337\/404|[from] Spikes
|-ability|p1a: Suicune|Pressure
|turn|22
|join|viaw
|
|move|p1a: Suicune|Scald|p2a: Chesnaught
|-resisted|p2a: Chesnaught
|-damage|p2a: Chesnaught|0 fnt
|faint|p2a: Chesnaught
|
|-heal|p1a: Suicune|362\/404|[from] item: Leftovers
|
|switch|p2a: Tentacruel|Tentacruel, F|83\/363
|-damage|p2a: Tentacruel|38\/363|[from] Stealth Rock
|turn|23
|
|move|p2a: Tentacruel|Rapid Spin|p1a: Suicune
|-damage|p1a: Suicune|355\/404
|-sideend|p2: RowDog|Stealth Rock|[from] move: Rapid Spin|[of] p2a: Tentacruel
|move|p1a: Suicune|Scald|p2a: Tentacruel
|-resisted|p2a: Tentacruel
|-damage|p2a: Tentacruel|0 fnt
|faint|p2a: Tentacruel
|
|-heal|p1a: Suicune|380\/404|[from] item: Leftovers
|
|switch|p2a: Gastrodon|Gastrodon, M|35\/426
|turn|24
|
|move|p1a: Suicune|Calm Mind|p1a: Suicune
|-boost|p1a: Suicune|spa|1
|-boost|p1a: Suicune|spd|1
|move|p2a: Gastrodon|Recover|p2a: Gastrodon
|-heal|p2a: Gastrodon|248\/426
|
|-heal|p1a: Suicune|404\/404|[from] item: Leftovers
|-heal|p2a: Gastrodon|274\/426|[from] item: Leftovers
|turn|25
|
|move|p1a: Suicune|Calm Mind|p1a: Suicune
|-boost|p1a: Suicune|spa|1
|-boost|p1a: Suicune|spd|1
|move|p2a: Gastrodon|Curse|p2a: Gastrodon
|-boost|p2a: Gastrodon|atk|1
|-boost|p2a: Gastrodon|def|1
|-unboost|p2a: Gastrodon|spe|1
|
|-heal|p2a: Gastrodon|300\/426|[from] item: Leftovers
|turn|26
|
|switch|p1a: Krookodile|Krookodile, F|30\/331 psn
|-damage|p1a: Krookodile|0 fnt|[from] Spikes
|faint|p1a: Krookodile
|move|p2a: Gastrodon|Curse|p2a: Gastrodon
|-boost|p2a: Gastrodon|atk|1
|-boost|p2a: Gastrodon|def|1
|-unboost|p2a: Gastrodon|spe|1
|
|-heal|p2a: Gastrodon|326\/426|[from] item: Leftovers
|
|switch|p1a: Raikou|Raikou|322\/322
|-damage|p1a: Raikou|269\/322|[from] Spikes
|-ability|p1a: Raikou|Pressure
|turn|27
|
|switch|p2a: Goodra|Goodra, F|315\/373
|move|p1a: Raikou|Hidden Power|p2a: Goodra
|-boost|p2a: Goodra|atk|1|[from] ability: Sap Sipper
|
|turn|28
|
|move|p1a: Raikou|Volt Switch|p2a: Goodra
|-crit|p2a: Goodra
|-resisted|p2a: Goodra
|-damage|p2a: Goodra|253\/373
|c| Bob the Bro|fkn
|c| Bob the Bro|rip
|
|switch|p1a: Suicune|Suicune|404\/404
|-damage|p1a: Suicune|337\/404|[from] Spikes
|-ability|p1a: Suicune|Pressure
|move|p2a: Goodra|Outrage|p1a: Suicune
|-damage|p1a: Suicune|70\/404
|
|-heal|p1a: Suicune|95\/404|[from] item: Leftovers
|turn|29
|c| viaw|g 2 da g
|c|âdix pix|riporoni pepperoni
|c|âRowDog|rip
|
|move|p2a: Goodra|Outrage|p1a: Suicune
|-damage|p1a: Suicune|0 fnt
|faint|p1a: Suicune
|
|-end|p2a: Goodra|rampage
|-start|p2a: Goodra|confusion
|
|switch|p1a: Raikou|Raikou|269\/322
|-damage|p1a: Raikou|216\/322|[from] Spikes
|-ability|p1a: Raikou|Pressure
|turn|30
|c|âRowDog|gay, confused
|
|move|p1a: Raikou|Extrasensory|p2a: Goodra
|-damage|p2a: Goodra|193\/373
|-activate|p2a: Goodra|confusion
|move|p2a: Goodra|Outrage|p1a: Raikou
|-crit|p1a: Raikou
|-damage|p1a: Raikou|0 fnt
|faint|p1a: Raikou
|
|win|RowDog
|raw|Ladder updating...
|raw|dix pix's rating: 1709 &rarr; <strong>1687<\/strong><br \/>(-22 for losing)
|raw|RowDog's rating: 1661 &rarr; <strong>1684<\/strong><br \/>(+23 for winning)
|c|âRowDog|gg
|leave|Benwat
|c|âdix pix|gg
|leave|dix pix
|player|p1