|join|RowDog
|join|jest a test
|player|p1|RowDog|80
|player|p2|jest a test|190
|gametype|singles
|gen|6
|tier|UU
|rated
|rule|Sleep Clause Mod: Limit one foe put to sleep
|rule|Species Clause: Limit one of each PokÃ©mon
|rule|OHKO Clause: OHKO moves are banned
|rule|Moody Clause: Moody is banned
|rule|Evasion Moves Clause: Evasion moves are banned
|rule|Endless Battle Clause: Forcing endless battles is banned
|rule|HP Percentage Mod: HP is shown in percentages
|clearpoke
|poke|p1|Whimsicott, M
|poke|p1|Hydreigon, F, shiny
|poke|p1|Nidoqueen, F
|poke|p1|Cloyster, F, shiny
|poke|p1|Forretress, F
|poke|p1|Fletchinder, M, shiny
|poke|p2|Arcanine, F
|poke|p2|Absol, M
|poke|p2|Azelf
|poke|p2|Crobat, F
|poke|p2|Mienshao, F
|poke|p2|Dragalge, M
|rule|Swagger Clause: Swagger is banned
|rule|Baton Pass Clause: Limit one PokÃ©mon knowing Baton Pass
|teampreview
|
|start
|switch|p1a: Whimsicott|Whimsicott, M|261\/261
|switch|p2a: Mienshao|Mienshao, F|271\/271
|turn|1
|
|move|p2a: Mienshao|Poison Jab|p1a: Whimsicott
|-supereffective|p1a: Whimsicott
|-damage|p1a: Whimsicott|0 fnt
|faint|p1a: Whimsicott
|
|
|switch|p1a: Cloyster|Cloyster, F, shiny|241\/241
|turn|2
|
|switch|p2a: Arcanine|Arcanine, F|384\/384
|-ability|p2a: Arcanine|Intimidate|[of] p1a: Cloyster
|-unboost|p1a: Cloyster|atk|1
|move|p1a: Cloyster|Shell Smash|p1a: Cloyster
|-boost|p1a: Cloyster|atk|2
|-boost|p1a: Cloyster|spa|2
|-boost|p1a: Cloyster|spe|2
|-unboost|p1a: Cloyster|def|1
|-unboost|p1a: Cloyster|spd|1
|
|turn|3
|
|move|p1a: Cloyster|Hydro Pump|p2a: Arcanine
|-supereffective|p2a: Arcanine
|-damage|p2a: Arcanine|0 fnt
|-damage|p1a: Cloyster|217\/241|[from] item: Life Orb
|faint|p2a: Arcanine
|
|
|switch|p2a: Mienshao|Mienshao, F|271\/271
|turn|4
|
|switch|p1a: Nidoqueen|Nidoqueen, F|363\/363
|move|p2a: Mienshao|High Jump Kick|p1a: Nidoqueen
|-resisted|p1a: Nidoqueen
|-damage|p1a: Nidoqueen|224\/363
|
|turn|5
|
|switch|p2a: Azelf|Azelf|354\/354
|move|p1a: Nidoqueen|Sludge Wave|p2a: Azelf
|-damage|p2a: Azelf|65\/354
|
|turn|6
|
|move|p2a: Azelf|Light Screen|p2a: Azelf
|-sidestart|p2: jest a test|move: Light Screen
|move|p1a: Nidoqueen|Stealth Rock|p2a: Azelf
|-sidestart|p2: jest a test|move: Stealth Rock
|
|turn|7
|
|move|p2a: Azelf|Reflect|p2a: Azelf
|-sidestart|p2: jest a test|Reflect
|move|p1a: Nidoqueen|Sludge Wave|p2a: Azelf
|-damage|p2a: Azelf|0 fnt
|faint|p2a: Azelf
|
|
|switch|p2a: Absol|Absol, M|271\/271
|-damage|p2a: Absol|238\/271|[from] Stealth Rock
|-ability|p2a: Absol|Pressure
|turn|8
|
|detailschange|p2a: Absol|Absol-Mega, M
|message|Absol has Mega Evolved into Mega Absol!
|move|p2a: Absol|Swords Dance|p2a: Absol
|-boost|p2a: Absol|atk|2
|move|p1a: Nidoqueen|Sludge Wave|p2a: Absol
|-damage|p2a: Absol|70\/271
|
|turn|9
|
|move|p2a: Absol|Sucker Punch|p1a: Nidoqueen
|-crit|p1a: Nidoqueen
|-damage|p1a: Nidoqueen|0 fnt
|faint|p1a: Nidoqueen
|
|
|switch|p1a: Hydreigon|Hydreigon, F, shiny|325\/325
|turn|10
|
|move|p2a: Absol|Sucker Punch|p1a: Hydreigon
|-crit|p1a: Hydreigon
|-resisted|p1a: Hydreigon
|-damage|p1a: Hydreigon|70\/325
|move|p1a: Hydreigon|Dragon Pulse|p2a: Absol
|-damage|p2a: Absol|0 fnt
|faint|p2a: Absol
|
|
|switch|p2a: Mienshao|Mienshao, F|271\/271
|-damage|p2a: Mienshao|255\/271|[from] Stealth Rock
|turn|11
|
|move|p2a: Mienshao|U-turn|p1a: Hydreigon
|-supereffective|p1a: Hydreigon
|-damage|p1a: Hydreigon|0 fnt
|faint|p1a: Hydreigon
|
|switch|p2a: Crobat|Crobat, F|374\/374
|-damage|p2a: Crobat|281\/374|[from] Stealth Rock
|
|-heal|p2a: Crobat|304\/374|[from] item: Black Sludge
|
|switch|p1a: Cloyster|Cloyster, F, shiny|217\/241
|turn|12
|
|move|p2a: Crobat|Brave Bird|p1a: Cloyster
|-damage|p1a: Cloyster|142\/241
|-damage|p2a: Crobat|279\/374|[from] recoil|[of] p1a: Cloyster
|move|p1a: Cloyster|Icicle Spear|p2a: Crobat
|-supereffective|p2a: Crobat
|-damage|p2a: Crobat|219\/374
|-supereffective|p2a: Crobat
|-damage|p2a: Crobat|161\/374
|-supereffective|p2a: Crobat
|-damage|p2a: Crobat|105\/374
|-supereffective|p2a: Crobat
|-damage|p2a: Crobat|45\/374
|-supereffective|p2a: Crobat
|-damage|p2a: Crobat|0 fnt
|-hitcount|p2a: Crobat|5
|-damage|p1a: Cloyster|118\/241|[from] item: Life Orb
|faint|p2a: Crobat
|
|
|switch|p2a: Mienshao|Mienshao, F|255\/271
|-damage|p2a: Mienshao|239\/271|[from] Stealth Rock
|turn|13
|
|switch|p1a: Forretress|Forretress, F|353\/353
|move|p2a: Mienshao|Knock Off|p1a: Forretress
|-damage|p1a: Forretress|281\/353
|-enditem|p1a: Forretress|Leftovers|[from] move: Knock Off|[of] p2a: Mienshao
|
|-sideend|p2: jest a test|move: Light Screen
|turn|14
|
|switch|p2a: Dragalge|Dragalge, M|334\/334
|-damage|p2a: Dragalge|293\/334|[from] Stealth Rock
|move|p1a: Forretress|Gyro Ball|p2a: Dragalge
|-damage|p2a: Dragalge|269\/334
|
|-sideend|p2: jest a test|Reflect
|turn|15
|
|move|p2a: Dragalge|Draco Meteor|p1a: Forretress
|-resisted|p1a: Forretress
|-damage|p1a: Forretress|49\/353
|-unboost|p2a: Dragalge|spa|2
|move|p1a: Forretress|Spikes|p2a: Dragalge
|-sidestart|p2: jest a test|Spikes
|
|turn|16
|
|move|p2a: Dragalge|Draco Meteor|p1a: Forretress
|-crit|p1a: Forretress
|-resisted|p1a: Forretress
|-damage|p1a: Forretress|0 fnt
|-unboost|p2a: Dragalge|spa|2
|faint|p1a: Forretress
|
|
|switch|p1a: Cloyster|Cloyster, F, shiny|118\/241
|turn|17
|
|move|p1a: Cloyster|Icicle Spear|p2a: Dragalge
|-crit|p2a: Dragalge
|-supereffective|p2a: Dragalge
|-damage|p2a: Dragalge|118\/334
|-supereffective|p2a: Dragalge
|-damage|p2a: Dragalge|17\/334
|-supereffective|p2a: Dragalge
|-damage|p2a: Dragalge|0 fnt
|-hitcount|p2a: Dragalge|3
|-damage|p1a: Cloyster|94\/241|[from] item: Life Orb
|faint|p2a: Dragalge
|
|
|switch|p2a: Mienshao|Mienshao, F|239\/271
|-damage|p2a: Mienshao|206\/271|[from] Spikes
|-damage|p2a: Mienshao|190\/271|[from] Stealth Rock
|turn|18
|
|move|p2a: Mienshao|High Jump Kick|p1a: Cloyster
|-supereffective|p1a: Cloyster
|-damage|p1a: Cloyster|0 fnt
|faint|p1a: Cloyster
|
|c|âRowDog|gg
|
|switch|p1a: Fletchinder|Fletchinder, M, shiny|327\/327
|turn|19
|c|âjest a test|gg
|-message|jest a test forfeited.
|leave|jest a test
|
|win|RowDog
|raw|Ladder updating...
|player|p2
|raw|RowDog's rating: 1412 &rarr; <strong>1427<\/strong><br \/>(+15 for winning)
|raw|jest a test's rating: 1309 &rarr; <strong>1295<\/strong><br \/>(-14 for losing)